3808 6316
378 314 488 378 303

1546 316 1744 375 ΡΗΟΤ
1755 316 1809 374 ΙΙ
1839 317 2351 377 ΡΑἸῊΙΑΙὶΟΗίΕ
2386 320 2493 378 CP.

3540 316 3656 380 304

302 424 317 435 "
378 419 679 492 proferant,
702 420 904 489 quibus
932 421 1311 478 controversia
1362 423 1615 488 solvitur,
1653 426 1747 481 sed
1779 441 1840 479 ea
1869 440 1964 493 po—-

2163 467 2177 488 .
2207 427 2343 481 ἀλλὰ
2369 429 2438 481 δι’
2462 423 2537 483 ὧν
2561 426 2862 498 συγγνώμη
2888 428 2999 490 τοῖς
3034 424 3105 494 μὴ
3128 423 3446 494 δυναμένοις
3476 426 3657 493 φυλά-

372 515 484 571 tins
513 512 718 583 quibus
741 512 957 570 veniam
1008 513 1298 585 impetrent
1345 515 1412 569 iis
1444 515 1538 585 qui
1580 517 1839 571 mandato
1862 517 1961 571 ob-

377 616 687 676 temperare
716 622 823 661 non
867 616 1186 677 potuerunt,
1235 608 1570 680 eosdemque
1603 610 1838 665 crimine
1864 610 1962 663 ab-

375 700 613 757 solvant.
645 700 856 771 Quippe
898 700 1135 756 falentur
1165 701 1466 771 discipulos
1513 718 1620 756 non
1669 702 1763 758 illo
1796 702 1967 757 modo

372 807 485 861 quo
506 791 706 846 eruditi
745 792 963 847 fuerant
988 793 1370 863 baptizavisse,
1402 795 1495 849 sed
1524 794 1578 849 in
1608 796 1829 849 nomine
1853 794 1963 848 Do-

376 881 513 935 mini
562 882 736 935 nostri
777 880 906 935 Iesu
942 881 1146 938 Christi
1172 883 1526 953 baptismum
1569 884 1959 955 impertivisse,

376 972 678 1027 secundum
716 974 1082 1029 oeconomiam
1128 976 1420 1045 quamdam
1452 992 1518 1030 ac
1560 976 1961 1045 providentiam

380 1068 480 1121 hac
514 1066 745 1122 formula
781 1076 998 1123 utentes
1031 1086 1043 1121 :
1092 1069 1437 1139 temporique
1466 1080 1517 1123 et
1554 1071 1605 1123 in
1645 1069 1838 1137 primis
1878 1069 1958 1126 ἰη-

377 1160 541 1214 stanti
579 1160 893 1215 necessitati
927 1161 1252 1215 sententiam
1278 1161 1801 1226 accommodavisse,
1831 1161 1961 1215 dum

378 1270 444 1307 ex
470 1253 700 1307 utilitate
723 1262 777 1308 et
816 1254 1017 1322 placito
1056 1255 1454 1325 neophytorum
1483 1256 1777 1325 mysticum
1814 1254 1965 1307 hunc

379 1359 705 1417 sacrumque
756 1346 920 1401 ritum
961 1346 1439 1401 administrabant.
1486 1346 1622 1401 Nam
1664 1346 1810 1416 quod
1856 1361 1964 1415 pne

382 1436 596 1491 cmteris
650 1436 948 1491 cernebant
991 1437 1045 1491 in
1088 1437 1237 1506 vulgi
1283 1438 1481 1491 animis
1525 1446 1820 1502 antestare,
1868 1452 1964 1491 eo-

384 1542 616 1597 rumque
639 1528 1058 1598 eogitatlonibus
1077 1530 1543 1599 perturbationem
1572 1530 1818 1599 injicere,
1862 1529 1967 1584 hoc

383 1621 631 1690 apprime
686 1621 1092 1691 procurandum
1169 1622 1273 1676 sibi
1326 1623 1681 1692 studioseque
1732 1638 1965 1692 praemu-

384 1711 643 1765 niendum
674 1713 958 1783 putabant.
1008 1712 1262 1768 Jamvero
1302 1713 1611 1769 antestabat
1654 1722 1819 1783 atque
1851 1730 1969 1767 om—

388 1804 541 1858 nium
565 1803 887 1859 difﬁcillima
906 1804 1204 1859 .videbatur
1228 1805 1669 1870 baecallirmatio,
1708 1808 1969 1861 Servato-
1995 1790 2045 1848 Β

389 1912 502 1953 rem
534 1896 741 1952 scilicet
760 1912 883 1952 esse
906 1896 1208 1961 Christum,
1241 1900 1621 1969 praecipueque
1652 1898 1745 1953 Dei
1770 1898 1971 1953 Filiunt

392 1997 447 2042 et
489 1986 656 2042 Deum
683 1988 912 2058 ejusque
944 1990 1216 2044 mandatis
1246 2004 1368 2045 esse
1394 1990 1784 2046 obediendum.
1815 1988 1971 2056 Quod

389 2080 575 2150 itaque
594 2081 765 2149 magis
788 2082 1030 2148 indigum
1050 2082 1348 2152 magisterii
1371 2084 1649 2145 videbant.
1679 2084 1733 2137 id
1759 2085 1971 2139 eteteris

390 2171 806 2239 pra-vertebant,
832 2179 998 2239 atque
1023 2185 1089 2224 ex
1115 2170 1280 2239 hujus
1310 2185 1500 2226 norma
1529 2171 1851 2226 initiandam
1882 2188 1972 2227 sa-

390 2263 502 2317 cris
520 2261 923 2317 multitudinem
942 2263 1344 2333 proselytorum
1362 2263 1775 2318 existimabant.
1791 2262 1973 2331 Quare

392 2353 721 2424 baptismum
748 2353 891 2408 haud
921 2354 974 2407 in
1007 2353 1186 2410 Patris
1211 2363 1265 2408 et
1285 2353 1405 2407 Filii
1437 2363 1491 2407 et
1528 2352 1769 2423 Spiritus
1792 2355 1972 2409 sancti

390 2444 613 2500 nomine
634 2444 1036 2513 impertiebant,
1073 2460 1260 2497 verum
1294 2443 1528 2498 Domino
1544 2442 1671 2498 Jesu
1695 2445 1967 2508 invocato,

390 2537 823 2608 regenerationis
857 2539 1075 2593 lavacro
1121 2539 1258 2592 lotos
1285 2537 1462 2605 culpis
1486 2537 1794 2607 purgabant
1825 2555 1839 2591 :
1874 2538 1971 2591 ad-

393 2629 771 2687 ministrantcs
790 2630 1011 2699 quidem
1038 2645 1161 2684 eum
1195 2629 1410 2684 Domini
1434 2630 1782 2687 invocatione
1803 2639 1857 2684 et
1877 2645 1972 2699 ap-

393 2722 685 2790 pellatione
719 2738 940 2777 sacrum
986 2738 1211 2785 munus,
1254 2722 1531 2793 simulque
1573 2723 1833 2779 docentes
1878 2723 1972 2789 qui

391 2813 543 2884 digni
578 2815 681 2871 bac
718 2815 1040 2884 purgatione
1081 2813 1336 2879 fuissent,
1374 2830 1471 2870 eos
1504 2830 1600 2885 per
1642 2816 1796 2868 illum
1842 2817 1972 2869 ado-

394 2904 634 2974 ptionem
653 2906 914 2975 consequi
936 2922 950 2958 :
973 2905 1172 2974 quippe
1188 2905 1331 2959 filios
1361 2904 1457 2959 Dei
1478 2921 1574 2974 per
1595 2905 1822 2973 gratiam
1846 2920 1971 2960 eum

396 2993 781 3051 tantummodo
805 3009 968 3062 posse
996 3008 1278 3064 arrogare,
1316 2995 1406 3049 cui
1440 2995 1765 3049 naturaliter
1810 3004 1975 3065 atque

394 3088 463 3145 ab
497 3096 702 3144 aeterno
729 3086 851 3141 Filii
878 3098 1042 3155 atque
1065 3086 1159 3143 Dei
1180 3088 1417 3156 dignitas
1440 3087 1585 3141 inest
1622 3106 1637 3140 :
1668 3102 1775 3157 qua
1818 3104 1885 3142 ex
1916 3104 1974 3141 re

2071 518 2161 584 ξαι
2184 519 2250 572 τὰ
2276 518 2731 589 προστεταγμένα
2756 518 2870 572 λύει
2907 519 2966 571 τὸ
2998 516 3255 586 ἔγκλημα
3282 534 3295 549 ’
3329 516 3655 587 ὁμολογοῦσι

2074 611 2172 683 μὲν
2194 610 2304 681 γὰρ
2334 613 2459 703 τοὺς
2494 610 2762 683 μαθητὰς,
2799 609 2874 681 μὴ
2903 609 3026 663 καθ’
3054 609 3117 662 ὃν
3140 608 3496 679 ἐδιδάχθησαν
3528 613 3660 681 τρό-

2068 724 2172 761 πον
2193 706 2495 776 βαπτίζεινο
2520 706 2803 776 βαπτίζειν
2822 704 2879 759 δὲ
2912 706 2970 758 ὲν
2984 704 3064 775 τῷ
3079 704 3307 773 ὀνόματι
3333 704 3425 757 τοῦ
3448 704 3657 774 Κυρίου

2072 799 2230 869 ἡμῶν
2273 797 2447 866 Ἰησοῦ
2466 797 2725 868 Χριστοῦ,
2758 797 3075 867 οἰκονομίας
3104 796 3251 860 τινὸς
3285 798 3381 849 καὶ
3402 798 3661 867 προνοίας

2071 892 2218 963 λόγῳ
2246 892 2564 962 χρωμένους
2588 909 2601 921 ·
2638 892 2729 944 καὶ
2756 890 2833 961 τῷ
2853 889 3034 960 καιρῷ
3052 890 3145 943 καὶ
3170 889 3249 960 τῷ
3275 890 3660 957 κατεπείγοντι

2073 985 2153 1037 ἔτι
2185 984 2383 1054 μᾶλλον
2407 984 2503 1055 τὴν
2535 983 2760 1054 γνώμην
2788 981 3073 1054 ἁρμόζειν,
3109 980 3248 1051 πρὸς
3273 980 3337 1033 τὸ
3379 981 3662 1050 συμφέρον

2071 1078 2165 1131 καὶ
2197 1076 2605 1147 εὐπαραδεκτον
2634 1079 2748 1140 τοῖς
2789 1074 2868 1145 τῷ
2898 1073 3215 1145 κηρύγματι
3245 1073 3526 1144 προσιοῦσι
3556 1072 3664 1140 τὴν

2074 1170 2344 1243 μυστικὴν
2371 1169 2576 1237 ταύτην
2621 1171 2713 1222 καὶ
2762 1167 2913 1239 ἱερὰν
2949 1167 3148 1236 πρᾶξιν
3179 1166 3565 1236 μεθοδεύοντας
3594 1182 3610 1197 ο
3632 1165 3664 1217 ὅ

2070 1265 2178 1333 γὰρ
2207 1263 2317 1315 τῶν
2346 1262 2521 1317 ἄλλων
2550 1261 2751 1331 μᾶλλον
2780 1260 2967 1331 ἐώρων
2997 1262 3111 1323 τοῖς
3145 1258 3378 1330 πλήθεσι
3402 1258 3667 1325 προΐστα-

2077 1367 2235 1423 μενον
2266 1351 2362 1404 κού⁹
2388 1348 2614 1419 θόρυϐον
2646 1352 2759 1411 τοῖς
2804 1349 3088 1416 λογισμοῖς
3119 1346 3302 1400 αὐτῶν
3341 1345 3664 1415 παρεχόμε-

2072 1461 2182 1508 νον,
2211 1443 2369 1497 τοῦτο
2397 1444 2483 1512 δὴ,
2506 1442 2665 1495 τούτο
2682 1440 3120 1512 προθεραπεύειν
3145 1456 3205 1492 τε
3235 1439 3330 1492 καὶ
3350 1454 3669 1511 προκαταρ-

2071 1537 2244 1602 τίζειν
2273 1526 2548 1591 ποιεῖσθαι
2595 1534 2917 1604 σπούδασμα
2941 1549 2955 1564 ο
2980 1535 3281 1603 προῖστατο
3310 1532 3367 1584 δὲ
3416 1531 3505 1583 καὶ
3530 1530 3662 1582 δυσ-

2073 1631 2413 1701 παράδεκτον
2437 1628 2718 1699 ἐνομιζετο
2738 1628 3022 1697 ὁμολογεῖν
3049 1643 3107 1678 τε
3130 1626 3361 1694 Σωτῆρα
3394 1623 3484 1676 τὸν
3526 1624 3669 1689 Χρι-

2076 1725 2197 1778 στὸν
2225 1725 2317 1778 καὶ
2354 1723 2587 1793 μάλιστα
2616 1721 2743 1775 Υίὸν
2776 1720 2913 1773 Θεοῦ
2940 1721 3034 1772 καὶ
3056 1718 3211 1780 Θεὸν,
3247 1718 3341 1771 καὶ
3368 1720 3483 1779 τοῖς
3515 1715 3668 1768 ὲκείο

2071 1834 2163 1870 νου
2192 1814 2507 1885 πειθαρχεῖν
2542 1810 2999 1883 παραγγέλμασιν
3026 1826 3041 1840 ⁸
3069 1810 3098 1863 ὃ
3135 1808 3316 1862 τοίνυν
3340 1810 3527 1877 ἑώρων
3558 1809 3667 1876 μάο

2072 1908 2229 1959 λιστα
2256 1904 2602 1965 διδασκαλίας
2631 1902 2908 1970 δεόμενον,
2937 1902 3114 1953 ὲκείνο
3138 1900 3249 1953 τῶν
3280 1898 3457 1953 ἄλλων
3488 1898 3665 1969 πρού-

2070 2000 2302 2063 τίθεντο,
2336 1997 2432 2049 καὶ
2477 1996 2610 2048 κατ’
2644 1996 2820 2047 ἐκεῖνο
2853 1993 3238 2064 μυπαγωγείν
3268 1990 3379 2042 τῶν
3408 1988 3666 2057 προσιόν-

2071 2108 2181 2144 των
2201 2090 2263 2142 τὸ
2293 2088 2499 2159 πλῆθος
2524 2084 2871 2154 ἐδοκίμαζον.
2917 2084 3011 2136 Διὸ
3041 2084 3137 2136 καὶ
3172 2080 3533 2151 βαπτίζοντες
3564 2079 3667 2130 οὐκ

2072 2184 2152 2244 εἰς
2177 2182 2420 2252 Πατέρα,
2458 2179 2552 2233 καὶ
2583 2179 2733 2241 Υίον,
2766 2178 2863 2231 κα)⁸
2896 2175 3123 2245 Πνεῦμα
3155 2175 3314 2243 ἅγιον
3346 2170 3667 2235 ἐϐάπτιζον,

2072 2275 2208 2329 ἀλλὰ
2232 2275 2324 2326 τὸν
2351 2271 2554 2343 Κύριον
2594 2270 2801 2341 Ἰησοῦν
2840 2267 3291 2338 ἐπικαλούμενοι,
3320 2265 3398 2336 τῷ
3448 2262 3668 2334 λουτρῷ

2072 2367 2168 2438 τὴς
2192 2363 2611 2433 παλιγγενεσίας
2639 2362 2747 2414 τῶν
2769 2360 3134 2431 μολυσμὰτων
3159 2359 3284 2421 τοὺς
3307 2357 3669 2427 λελουμένους

2073 2460 2408 2529 ἐκάθαιρον·
2459 2455 2873 2529 ἱερουργοῦντες
2918 2438 3018 2524 μέν
3074 2457 3139 2525 τῇ
3182 2453 3277 2506 τοῦ
3329 2452 3669 2506 Διδασκάλου

2074 2550 2266 2620 κλήσει
2308 2549 2401 2601 καὶ
2424 2547 2694 2617 ὀνομασία
2726 2547 2787 2599 τὸ
2818 2545 2991 2617 δῶρον
3016 2562 3030 2577 ·
3057 2544 3125 2597 δι’
3154 2544 3318 2597 αὐτοῦ
3351 2544 3409 2596 δὲ
3444 2543 3524 2604 εἰς
3556 2544 3669 2594 υἱο-

2074 2641 2262 2695 θεσίαν
2301 2641 2429 2703 τοὺς
2474 2639 2831 2708 ἀξιουμένους
2858 2639 2959 2707 τῆς
3008 2637 3330 2707 καθάρσεως
3379 2635 3671 2688 διδάσκον-

2073 2751 2164 2798 τες
2198 2730 2630 2800 καταλέγεσθαι’
2663 2731 2813 2799 υἱοὺς
2839 2730 2894 2783 δὲ
2916 2729 3052 2783 Θεοῦ
3096 2729 3238 2783 κατὰ
3260 2728 3421 2800 χάριν
3454 2730 3671 2781 ἐκεῖνον

2078 2827 2237 2897 μόνον
2270 2823 2532 2879 δύνασθαι
2569 2825 2766 2888 ποιεῖν,
2877 2822 3020 2875 κατὰ
3048 2821 3212 2891 φύσιν
3263 2838 3322 2873 τε
3360 2822 3455 2874 καί
3486 2820 3545 2884 ἐξ
3583 2821 3669 2871 ἀει

2074 2917 2184 2970 δίου
2210 2916 2269 2969 τὸ
2303 2916 2400 2986 τῆς
2429 2913 2679 2984 υίὸτητος
2717 2914 2813 2966 καὶ
2856 2912 3111 2981 θεότητος
3170 2912 3478 2980 ὲνυπῆρχεν
3498 2909 3671 2975 ἀξίως

2080 3026 2156 3077 μα
2175 3025 2188 3038 ·
2221 3006 2286 3060 δι’
2311 2999 2371 3059 οὗ
2414 3007 2511 3059 καὶ
2532 3005 2594 3058 τὸ
2625 3004 2885 3074 ὁμογενὲς
2924 3004 3099 3074 Παειτρλ⁵
3129 3005 3224 3055 καὶ
3248 3000 3364 3071 Υἱῴ
3396 3002 3491 3054 καὶ
3521 3001 3667 3069 ἁγίῳ

2078 3101 2357 3169 Πνεύματι
2401 3098 2789 3169 συνθεωρείται
2829 3097 2923 3149 καὶ
2955 3096 3429 3166 συναναφαίνεται.
3462 3096 3524 3147 ΟΞ
3558 3095 3671 3147 τοί-

395 3188 604 3234 naturaa
647 3194 866 3247 quoque
908 3147 1089 3233 unitas
1140 3147 1319 3233 Patris
1374 3186 1428 3231 et
1462 3176 1583 3230 Filii
1628 3147 1700 3231 ac.
1739 3176 1972 3246 Spiritus

2161 3147 2356 3169 "t"""
2406 3147 2786 3169 ““”””Τ“⁷“’⁷“
2833 3147 2896 3149 7‘"
2961 3147 3232 3166 '7'V"l'"
3337 3147 3368 3148 ⁷⁷

2158 3214 2176 3249 ν
2200 3196 2304 3266 τὴν
2335 3194 2610 3249 υἱοθεσίαν
2646 3191 2874 3259 διττοῦ
2925 3190 3481 3262 Υίοῦοπιστεύσαντες
3516 3189 3676 3254 δέξα-

397 3270 572 3329 sancti
605 3270 946 3339 conSpicitur
982 3279 1145 3338 atque
1165 3270 1415 3338 patescit.
1447 3269 1567 3324 Jam
1599 3270 1690 3338 qui
1731 3268 1979 3339 adoptio-

398 3375 525 3416 nent
547 3375 606 3415 se
651 3375 747 3430 per
782 3359 978 3414 Filium
1011 3368 1334 3415 consecutos
1386 3360 1698 3426 credebant,
1743 3375 1841 3415 eos
1882 3376 1981 3429 par

398 3462 516 3510 erat
545 3453 612 3508 de
631 3452 750 3523 ejus
779 3466 1001 3523 quoque
1049 3452 1357 3517 divinitate,
1386 3454 1480 3521 qui
1520 3454 1575 3509 id
1610 3455 1814 3510 donum
1848 3469 1981 3508 con-

401 3546 620 3611 tulerat,
643 3544 785 3599 haud
816 3551 1035 3615 gravate
1056 3544 1335 3601 assentiri.
1358 3541 1452 3599 Sic
1480 3545 1666 3613 itaque
1696 3545 1978 3601 nonnullis

400 3637 576 3692 visunt
612 3644 695 3692 est
715 3635 1144 3692 controversiam
1173 3636 1314 3691 hanc
1340 3637 1618 3693 dirimere.

470 3729 527 3785 2.
552 3729 667 3800 Ego
688 3744 816 3784 vero
834 3728 979 3785 haud
1010 3728 1154 3798 petis
1183 3744 1306 3784 sum
1335 3720 1659 3801 intelligere,
1679 3732 1981 3801 quidquam

2084 3288 2229 3353 σθαι,
2254 3287 2364 3340 οὐδ’
2382 3288 2463 3340 ὅτι
2489 3286 2621 3347 Θεός
2649 3287 2796 3338 ἐστιν
2817 3286 2843 3337 ὁ
2861 3283 3064 3354 ταύτην
3083 3283 3425 3354 δωρούμενος
3451 3281 3675 3353 βραδεῖς

2084 3381 2150 3434 ἂν
2202 3380 2417 3447 ὀφθεῖεν
2436 3375 2951 3448 συγκατατίθεσθαι.
3000 3375 3160 3431 Οὕτω
3211 3377 3307 3447 μὲν
3337 3370 3430 3429 οὖν
3461 3372 3671 3443 ἐπῆλθὲ

2082 3486 2191 3523 τισι
2216 3469 2313 3539 τὴν
2344 3468 2582 3540 ἀπορίαν
2615 3465 2957 3520 ἐπιλύεσθαι.

2158 3742 2209 3811 β.
2250 3740 2392 3807 Ἐγὼ
2419 3740 2476 3794 δὲ
2501 3740 2601 3792 ούκ
2640 3740 2759 3809 είμὶ
2802 3739 3028 3804 δυνατὸς
3056 3740 3289 3811 συνορᾷν
3332 3738 3447 3802 πῶς
3492 3737 3558 3791 ἄν
3588 3756 3678 3801 τις

404 3824 586 3893 aptius
618 3837 740 3877 esse
780 3822 952 3887 aliud,
981 3822 1128 3891 quod
1159 3823 1359 3877 nedum
1406 3824 1605 3879 nodum
1641 3825 1785 3879 haud
1820 3840 1972 3893 expe-

2158 3832 2291 3885 ίλλον
2328 3831 2396 3885 δι’
2430 3832 2636 3901 ἑτέρων
2662 3831 2695 3902 ἣ
2725 3832 2815 3885 διὰ
2850 3830 3058 3885 τούτων
3086 3832 3208 3886 ἀντὶ
3262 3829 3357 3883 τοῦ
3389 3830 3560 3894 λύειν,
3595 3830 3678 3883 δε-

405 3916 543 3981 diat,
595 3915 689 3969 sed
734 3916 918 3984 potius
953 3915 1209 3984 laqueum
1260 3916 1492 3987 injiciat,
1534 3926 1587 3972 et
1616 3918 1834 3987 quidem
1876 3935 1972 3973 non

2158 3923 2224 3976 ,ὸν
2248 3920 2564 3975 ἐπιϐάλλειν
2582 3922 2892 3992 πειραθείη,
2907 3924 3005 3975 ούκ
3019 3921 3411 3990 ἀσθενέστερον
3425 3920 3519 3973 τοῦ
3539 3939 3653 3989 προ
3665 3952 3680 3960 -

407 4009 784 4070 infirmiorem,
818 4022 884 4061 eo
913 4008 1007 4077 qui
1039 4024 1201 4077 supra
1236 4018 1573 4065 memoratus
1603 4021 1704 4071 est.
1753 4013 1817 4064 ael
1851 4027 1972 4064 con-

2158 4032 2249 4085 ρου
2295 4013 2631 4084 συμπλέκειν
2656 4014 2715 4068 τὸ
2763 4014 2967 4083 ἄπορον
3003 4015 3139 4083 (59).
3182 4012 3521 4085 Κατασκευὴ
3563 4013 3676 4083 γὰρ

410 4099 779 4169 stringendam
814 4099 1203 4169 controversia:
1245 4096 1643 4153 difﬁcultatem.
1692 4099 1808 4152 lino
1858 4116 1972 4153 vert‘

2158 4108 2294 4160 ἱλλον
2322 4106 2388 4160 ἂν
2414 4106 2500 4177 εἴη
2527 4106 2687 4159 τοῦτο
2710 4108 2805 4160 καὶ
2830 4107 2979 4161 αἰτία
3004 4108 3106 4175 τῆς
3126 4108 3236 4160 τῶν
3270 4106 3531 4177 μαθητῶν
3561 4106 3679 4160 δια-

406 4190 804 4246 demonstratio
838 4190 955 4245 haec
984 4190 1086 4244 erit
1108 4200 1272 4259 atque
1298 4192 1572 4245 accusatio
1601 4191 1972 4245 dissidentium

2158 4198 2296 4261 ›νίας
2326 4198 2461 4267 πρὸς
2488 4197 2578 4250 τὸν
2604 4197 2941 4252 διδάσκαλον.
2990 4199 3051 4251 Ἥ
3090 4198 3200 4269 γὰρ
3239 4199 3389 4251 αἰτία
3428 4197 3523 4251 τοῦ
3557 4199 3679 4252 δια-

406 4298 470 4337 ae
514 4283 774 4353 magistro
812 4281 1228 4351 discipulorum.
1272 4280 1408 4335 Nam
1460 4298 1628 4337 causa
1677 4282 1972 4337 dissidendl

2158 4292 2310 4354 iveiv,
2334 4290 2393 4342 ού
2435 4290 2534 4357 μὲν
2562 4287 2655 4342 οὖν
2705 4291 2804 4343 ούκ
2837 4290 2951 4344 ἔστι
2982 4290 3085 4361 τῆς
3115 4290 3414 4359 διαφωνίας
3443 4291 3676 4362 ἀναίρε-

411 4374 555 4430 haud
589 4384 673 4430 est
702 4373 955 4444 equidem
984 4372 1341 4441 dissonantiae
1371 4373 1676 4444 abrogatio,
1720 4374 1811 4428 sed
1839 4374 1972 4443 judi-

2158 4402 2195 4448 ;,
2222 4382 2357 4437 ἀλλὰ
2384 4382 2479 4435 καὶ
2510 4382 2691 4451 κρίσιν
2718 4382 2894 4454 ταύτῃ
2928 4383 3246 4442 συνάπτειν,
3282 4384 3375 4436 καὶ
3415 4382 3512 4435 τοῦ
3576 4387 3680 4435 Δε-

407 4466 553 4524 cium
578 4467 645 4521 de
662 4481 720 4521 re
742 4466 1144 4534 interpositum,
1162 4466 1433 4536 etproprii
1456 4467 1667 4521 arbitrii
1691 4466 1972 4523 Dominica

2158 4474 2352 4528 ςοτικοῦ
2381 4475 2727 4544 φρονήματος
2756 4474 2844 4526 διὰ
2891 4474 3121 4545 μελέτης
3150 4476 3211 4527 τὸ
3254 4477 3452 4528 οἰκεῖον
3485 4476 3680 4529 ἀνθαι-

405 4556 679 4614 voluntati
732 4557 1104 4627 prtemeditala
1158 4557 1423 4627 praelatio.
1489 4558 1749 4625 Quaenam
1799 4568 1972 4614 autem

2158 4566 2323 4619 ἵσθαι.
2358 4566 2424 4619 Τί
2444 4565 2488 4617 δ’
2521 4564 2587 4617 ἂν
2606 4564 2703 4618 καὶ
2730 4564 2918 4636 ἓτερον
2940 4565 3047 4619 τῶν
3066 4568 3506 4634 κατεπειγόντων
3537 4571 3676 4638 μᾶλ-

405 4651 627 4724 gravior
648 4651 948 4705 necessitas
968 4659 1074 4715 est,
1115 4665 1281 4719 quam
1308 4660 1549 4705 utsacra
1585 4654 1812 4707 scientia
1866 4669 1972 4707 mat

2158 4673 2181 4708 ν
2209 4656 2295 4725 εἵη
2334 4655 2436 4725 τῆς
2482 4657 2839 4729 θεολογούσης
2889 4660 3254 4730 ὲκφαντορίας
3313 4661 3408 4713 καὶ
3464 4662 3526 4714 τὸ
3575 4664 3678 4732 τῆς

408 4740 721 4805 nifestetur,
763 4749 929 4809 atque
978 4748 1038 4793 ut
1087 4738 1380 4802 Trinitatis
1424 4750 1620 4794 natura
1664 4756 1771 4794 una
1798 4741 1972 4811 visqut

2158 4750 2322 4812 πιάδος
2370 4750 2609 4819 ὁμοφυὲς
2656 4753 2751 4803 καὶ
2805 4751 3147 4821 ὁμοδύναμον
3205 4756 3677 4825 συνεπτυγμένοις

412 4849 517 4887 una
567 4831 880 4901 conjunctis
925 4830 1243 4885 nominibus
1286 4830 1600 4884 reveletur?
1658 4829 1724 4885 Et
1766 4832 1972 4900 quidcn

2158 4839 2582 4912 κακαλυπτούσης
2606 4841 2863 4911 ὀνόμασι;
2898 4842 3010 4896 Καὶ
3036 4825 3156 4895 τότε
3196 4847 3676 4914 μυσταγωγουμέ-

409 4923 661 4991 discipuli
686 4921 829 4976 haud
865 4934 1114 4976 recenter
1157 4921 1356 4975 initiati
1391 4920 1633 4986 fuerant,
1669 4937 1845 4993 neque
1888 4923 1972 4978 im!

2158 4950 2198 4996 ις
2220 4932 2320 4985 οὐκ
2348 4933 2404 4984 ὲν
2436 4933 2603 5003 ἀρχῇ,
2626 4935 2687 4984 οὐ
2718 4933 2825 4986 τῶν
2859 4934 3120 5003 μαθητῶν
3147 4937 3207 4988 ὲν
3236 4935 3312 5006 τῷ
3343 4936 3527 4989 ἀτελεῖ
3554 4936 3673 4990 διαο

415 5011 652 5079 perfecta
686 5012 867 5067 adhuc
901 5012 1214 5067 conditione
1243 5020 1420 5075 erant,
1471 5028 1647 5082 neque.
1678 5015 1972 5069 voluntari:

2159 5024 2360 5095 ιμένων
2386 5024 2489 5089 ἔτι,
2520 5025 2642 5079 οὐδὲ
2678 5025 2788 5078 τῶν
2830 5026 3094 5080 ἑκουσίων
3126 5029 3221 5081 καὶ
3254 5029 3541 5099 σωτηρίων
3568 5046 3675 5081 πα-

314 5110 317 5113 ·
414 5101 721 5156 Servatoris
747 5104 930 5173 passio
987 5118 1095 5157 non
1155 5102 1329 5157 fuerat
1383 5115 1625 5173 peracta,
1674 5121 1848 5176 neque
1885 5116 1970 5176 leg

2158 5130 2196 5166 ιν
2244 5115 2612 5169 ἐπιτελεῖσθαι
2657 5115 2983 5184 μελλόντων,
3035 5118 3132 5169 καὶ
3162 5118 3559 5181 συσκιάζεσθαι
3594 5118 3675 5190 τῷ

418 5211 592 5263 usque
626 5195 695 5249 ad
728 5205 939 5266 tempus
962 5196 1217 5250 idoneum
1244 5213 1457 5253 summa
1488 5208 1857 5255 controversa:
1895 5201 1966 5255 do

2158 5206 2274 5276 ιιρῷ
2299 5207 2398 5276 τῆς
2424 5206 2712 5276 ἀκριϐείας
2733 5208 2829 5278 τῆς
2854 5210 2914 5261 ὲν
2934 5209 3113 5277 κρίσει
3139 5209 3492 5273 διδασκαλίας
3511 5213 3674 5264 ἀπαι-

417 5285 607 5342 ctrinae
650 5288 843 5342 notitia
894 5287 1005 5357 jam
1046 5290 1362 5358 postulabat
1395 5308 1408 5345 :
1447 5292 1539 5346 sed
1574 5305 1700 5361 post
1744 5309 1972 5349 crucem

2159 5298 2320 5370 ύσης·
2374 5298 2511 5352 ἀλλὰ
2566 5300 2703 5370 μετὰ
2731 5301 2821 5356 τὸν
2856 5302 3108 5372 σταυρὸν,
3150 5302 3289 5372 μετᾶ
3334 5304 3434 5372 τὴν
3469 5305 3669 5376 ταφὴν,

416 5383 537 5444 post
576 5392 788 5443 necem,
829 5387 952 5448 post
980 5379 1343 5451 sepulturam,
1374 5394 1499 5451 post
1528 5380 1831 5439 inferorum
1866 5402 1972 5457 reg-

2158 5388 2242 5444 ετὸι
2272 5391 2333 5443 τὸ
2366 5389 2727 5462 σκυλευθῆναι
2770 5392 2839 5449 τὰ
2864 5392 2958 5448 τοῦ
2997 5393 3125 5466 ᾅδου
3158 5393 3429 5465 βασίλεια,
3466 5396 3565 5451 καὶ
3590 5395 3671 5449 δε-

1918 5563 2149 5619 ΝΟΤᾹΞ.

492 5738 601 5810 (59)
635 5736 743 5797 Nos
766 5739 883 5796 itali
912 5738 1148 5794 dicimus
1178 5755 1330 5793 sensu
1366 5742 1603 5810 pcggiore
1634 5741 1773 5795 delia
1809 5744 1978 5814 colpa.
