3888 6186
218 267 333 331 365

1201 273 1300 332 AD
1328 274 1916 337 AMPHILOCHIUM
1947 275 2294 346 QUIESTIO
2335 277 2550 338 XLIII.

3391 280 3498 343 306

228 382 392 450 σμοῖς
420 378 637 443 ἀλύτοις
691 379 1065 452 παραδοθῆναι
1092 381 1184 435 τὸν
1212 384 1472 455 πολέμιον
1489 385 1585 439 τοῦ
1618 386 1803 455 γένους

1911 401 2079 456 gnum
2099 387 2392 455 direptum,
2419 397 2540 456 post
2563 390 2776 457 generis
2797 387 2972 443 nostri
2999 388 3208 443 hostem
3232 390 3496 445 insolubi-

222 470 405 542 ήμῶν,
465 470 627 542 ήνίκα
661 469 755 523 τοῦ
825 472 997 541 τάφου
1045 472 1246 544 ἀνέστη
1298 475 1393 528 καὶ
1444 476 1542 546 τήν
1607 477 1812 548 κοινὴν

225 560 525 616 ἀνάστασιν
571 561 895 625 ἐνεκαίνισε,
947 560 1070 615 τότε
1120 563 1184 635 δή
1239 565 1364 618 τότε
1401 567 1500 637 τὴν
1561 567 1812 633 ἐξουσίαν

227 651 487 707 ἁπάντων
515 653 623 705 τῶν
668 653 930 722 ἐπιγείων
981 655 1078 707 καὶ
1104 655 1214 710 τῶν
1268 658 1536 728 οὐρανίων
1580 661 1609 711 ό
1650 662 1811 731 φύσει

227 739 433 810 ταύτην
463 739 599 808 ἔχων
630 742 695 809 τῇ
729 740 881 811 θεῖκῇ
923 742 1018 794 καὶ
1053 744 1195 796 κατὰ
1217 744 1279 798 τὸ
1307 746 1648 818 ἀνθρώπινον
1676 751 1810 803 ἀνα-

223 829 516 901 δεξάμενος
539 873 553 896 ,
580 832 702 885 τότε
736 833 827 886 τὸν
867 833 1147 901 βασιλικὸν
1179 837 1366 893 τοῦτον
1407 842 1502 895 καὶ
1544 845 1809 914 σωτήριον

228 923 418 992 νόμον,
450 925 552 977 οὐκ
583 926 640 976 ἐν
665 924 826 989 πλαξὶ
849 927 1099 994 λιθίναις,
1137 930 1250 982 ἀλλ’
1285 935 1344 985 ἐν
1370 933 1533 997 πλαξὶ
1559 936 1808 1005 κρείττο-

227 1029 315 1066 σιν
347 1013 377 1084 ἢ
413 1013 664 1084 μετέχειν
711 1015 844 1086 ὖλης
883 1018 1148 1086 ἐπιγείου,
1171 1023 1292 1083 ταῖς
1339 1021 1447 1076 τῶν
1492 1024 1808 1079 ἀποστόλων

222 1104 487 1168 διανοίαις
517 1108 845 1178 ἐνεχάραξεν
873 1125 886 1141 ·
921 1111 1085 1164 οἱονεὶ
1118 1112 1440 1183 προθέματά
1463 1133 1585 1170 τινα
1604 1117 1672 1170 δι’
1706 1121 1807 1172 αύ-

221 1195 334 1248 τῶν
365 1198 457 1249 καὶ
487 1200 898 1270 προγράμματα
928 1202 1032 1256 ἀνὰ
1076 1205 1258 1257 πᾶσαν
1286 1205 1549 1282 ἀπλὼσας
1576 1209 1675 1280 τὴν
1731 1212 1804 1263 οἱ·

223 1289 518 1360 κουμένην,
545 1291 667 1343 καθ’
688 1291 724 1344 ἃ
752 1294 846 1346 καὶ
880 1295 1134 1364 μυεῖσθαι
1166 1299 1259 1349 καὶ
1299 1299 1645 1354 τελειοῦσθαι
1677 1305 1804 1365 τοὺς

223 1381 551 1449 προσιόντας
577 1381 685 1436 ἔδει
712 1383 808 1455 τὴν
843 1385 1147 1440 εὐσέϐειαν·
1196 1406 1214 1439 ι
1262 1389 1634 1459 Πορευθέντες
1671 1395 1802 1463 γάρ,

222 1473 377 1542 φησὶ,
418 1473 796 1556 μαθητεύσατε
831 1477 1007 1531 πάντα
1029 1477 1097 1530 τὰ
1127 1477 1276 1546 ἔθνη,
1312 1478 1678 1547 βαπτίσαντες
1699 1486 1801 1536 αύ-

222 1564 351 1627 τοὺς
372 1566 452 1627 είς
475 1564 535 1617 τὸ
558 1565 728 1635 ὄνομα
757 1567 851 1620 τοῦ
898 1569 1110 1639 Πατρός
1151 1569 1364 1622 καὶτοῦ
1402 1571 1532 1624 Υίοῦ
1574 1576 1669 1627 καὶ
1708 1577 1801 1627 τοῦ

219 1653 382 1722 ἁγίου
417 1654 764 1724 Πνεύματος⁹
783 1657 1128 1719 διδάσκοντες
1156 1657 1353 1721 αὐτοὺς
1375 1662 1562 1730 τηρεῖν
1591 1658 1798 1730 (δηλον-

1914 476 2059 532 libus
2086 477 2321 533 vinculis
2346 478 2628 542 traditum,
2659 487 2947 547 postquam
2972 479 3226 534 Christus
3244 482 3498 550 sepulcro

1911 579 2196 630 evaserat,
2252 570 2674 639 communisque
2719 570 3137 625 resurrectionis
3189 573 3495 639 auspicium

1910 659 2161 725 dederat;
2218 667 2333 712 tum
2375 659 2593 712 demum
2648 659 2988 712 terrestrium
3040 662 3286 714 omnimn
3334 671 3494 730 atque

1910 750 2214 804 emlestium
2256 759 2616 819 potestatem,
2676 751 2721 804 is
2769 751 2862 819 qui
2910 750 3096 805 divina
3149 762 3341 806 natura
3375 753 3491 820 jam

1909 852 2032 891 eam
2080 837 2322 903 tenebat,
2380 838 2615 891 humana
2665 853 2883 906 quoque
2923 847 3122 892 natura
3179 840 3490 909 recipiens:

1911 936 2062 992 tunc,
2094 927 2347 996 inquam,
2394 927 2633 996 regalem
2687 927 2828 980 hanc
2879 927 3288 996 salutaremque
3320 930 3491 999 legem

1909 1020 2053 1074 haud
2089 1020 2144 1073 in
2178 1019 2380 1073 tabulis
2410 1016 2660 1087 lapideis,
2710 1021 2803 1074 sed
2841 1019 2893 1073 in
2915 1019 3042 1073 aliis
3094 1030 3325 1074 terrenae
3379 1037 3495 1073 ma-

1909 1109 2059 1164 teriae
2111 1109 2371 1162 vilitatem
2422 1108 2836 1172 excedentibus,
2885 1123 3080 1177 nempe
3125 1108 3177 1161 in
3219 1111 3493 1178 apostolo-

1909 1216 2028 1252 rum
2061 1200 2338 1254 mentibus
2373 1199 2632 1268 scripsit:
2665 1199 2843 1252 edicto
2877 1199 3044 1252 veluti
3068 1199 3302 1267 quodam
3328 1211 3491 1268 atque

1905 1303 2314 1361 programmate
2356 1291 2614 1345 universo
2637 1291 2755 1343 orbi
2788 1291 3090 1360 proposito,
3123 1292 3281 1360 cujus
3308 1291 3490 1344 verbis

1905 1383 2109 1437 initiari
2141 1392 2197 1437 et
2223 1381 2538 1438 consecrari
2565 1382 2850 1450 oportebat
2883 1382 3203 1451 quicunque
3249 1381 3318 1434 ad
3353 1381 3489 1433 reli-

1903 1475 2120 1544 gionem
2155 1476 2524 1540 accederent;
2597 1490 2758 1537 nam;
2810 1493 2828 1525 ι
2877 1474 3103 1536 Euntes,
3152 1475 3352 1542 inquit,
3390 1475 3491 1527 do-

1905 1576 2025 1618 cete
2076 1580 2268 1619 omnes
2328 1574 2540 1634 gentes,
2605 1564 2942 1632 baptizantes
2997 1578 3091 1617 eas
3149 1564 3204 1616 in
3266 1563 3491 1615 nomine

1905 1654 2084 1710 Patris
2114 1668 2166 1711 et
2194 1655 2318 1710 Filii
2345 1665 2400 1709 ct
2432 1656 2606 1710 sancti
2641 1655 2880 1722 Spiritus
2905 1673 2917 1707 :
2941 1654 3253 1708 erudientes
3283 1641 3344 1706 ut
3373 1667 3492 1706 om-

217 1742 304 1796 ότι
363 1744 458 1796 καὶ
485 1744 590 1814 πρὸ
615 1744 722 1797 τῶν
755 1745 932 1799 ἄλλων
958 1746 1019 1800 τὸ
1050 1745 1144 1800 νῦν
1167 1729 1802 1819 εἰσφερόμενονγπάντα

1909 1749 1998 1801 nia
2023 1748 2241 1819 (nempe
2271 1747 2324 1800 in
2354 1747 2546 1816 primis
2573 1747 2718 1815 quod
2751 1745 2803 1798 in
2830 1745 3084 1815 praesenti
3114 1742 3488 1813 mandaverat)

217 1836 701 1906 ὃσα”ἐνετειλάμην
737 1837 891 1906 ὑμῖν.
929 1857 946 1889 ι

287 1923 357 1995 γ’.
391 1926 595 1981 Τούτου
622 1929 687 2000 δὴ
713 1927 806 1981 τοῦ
838 1927 984 1999 ίεροῦ
1009 1929 1104 1982 καὶ
1129 1931 1402 2002 σωτηρίου
1433 1933 1794 2001 προστάγμει.⁴

213 2034 330 2082 τος,
363 2018 415 2070 τί
466 2018 533 2072 ἂν
580 2017 664 2089 εἴη
724 2021 1053 2086 κατεπεῖγον
1119 2001 1444 2089 μᾶλλονξτί
1471 2023 1530 2076 δὲ
1564 2023 1802 2094 κρίσεως

215 2107 570 2180 ἀνθρωπίνης
600 2109 875 2180 δεόμενον,
919 2111 1021 2182 τῆς
1065 2113 1403 2182 Δεσποτικῆς
1447 2114 1631 2182 φωνῆς
1663 2114 1802 2185 ίερο-

214 2201 486 2274 λογούσης
529 2202 590 2256 τὸ
629 2202 826 2272 δόγμα,
863 2203 958 2256 καὶ
989 2205 1291 2273 σφραγῖδος
1338 2205 1521 2275 πάσης
1557 2208 1800 2277 ἀσφαλέ-

218 2309 415 2365 στερον
457 2297 556 2365 τὴν
595 2293 777 2365 ψῆφον
821 2294 971 2365 αὐτῷ
999 2296 1458 2368 περιτιθεμένης;
1489 2298 1597 2352 Καί
1630 2316 1712 2352 τοι
1736 2316 1800 2368 γε

217 2385 270 2438 εί
295 2385 392 2438 καὶ
422 2385 589 2453 ἄμφω
616 2383 675 2436 τὺ
706 2386 1035 2453 κατεπεῖγον
1063 2385 1156 2437 ἐπὶ
1187 2388 1252 2457 τῇ
1286 2387 1377 2457 ἴσῃ
1410 2386 1508 2439 καὶ
1539 2387 1703 2460 ὁμοίᾳ
1725 2389 1800 2440 διο

217 2475 476 2546 ενέμοντο
502 2475 682 2546 χρεία,
707 2478 735 2529 ὅ
763 2493 822 2529 τε
874 2480 1141 2547 σωτήριος
1172 2478 1317 2547 φημὶ
1352 2477 1537 2548 νόμος,
1569 2481 1662 2532 καὶ⁸
1691 2479 1800 2532 τῶν

220 2569 483 2640 μαθητῶν
500 2571 534 2640 ή
561 2567 780 2638 γνώμη,
806 2568 916 2620 οὐδ’
941 2567 1026 2621 ἓτε
1036 2585 1126 2636 ρον
1148 2568 1428 2638 διεφέρετο
1451 2569 1654 2639 νόημα,
1687 2570 1797 2622 οὐδ’

217 2661 396 2725 οὕτως
426 2657 495 2733 ἦν
517 2661 744 2716 ἀνεκτὸν
769 2662 870 2728 τῆς
906 2660 1238 2730 δεσποτικῆς
1283 2661 1676 2730 μυσταγωγίας
1704 2662 1800 2730 τὴν

219 2753 602 2824 ὑπηρετοῦσαν
647 2753 904 2822 γλῶσσαν
961 2752 1278 2824 ἔμπροσθεν
1321 2755 1518 2806 ποιεῖν.
1551 2755 1614 2806 Εἰ
1644 2752 1699 2806 δὲ
1734 2756 1798 2824 τῇ

220 2844 372 2898 θέσει
430 2843 544 2897 τῶν
600 2843 859 2914 μαθητῶν
904 2846 937 2914 ἡ
990 2843 1094 2899 τοῦ,
1139 2843 1461 2896 διδασκάλου
1521 2844 1803 2914 ἀναίρεσις

218 2936 430 2999 ἕπεται,
459 2936 576 3000 πῶς
606 2940 707 2991 οὐκ
730 2938 810 3001 είς
840 2936 1195 3005 τόλμαν’ἦκει
1216 2935 1283 2989 δι’
1308 2931 1374 3008 ἧς
1399 2937 1682 3008 ὑϐρίζεται
1703 2938 1802 3005 τῆς

222 3027 564 3098 συγγνώμης
594 3031 628 3098 ή
656 3030 853 3099 χάριςς
891 3027 990 3098 τὴν
1027 3027 1128 3098 μὲν
1145 3029 1484 3098 Δεσποτικὴν
1519 3029 1699 3098 κρίσιν
1727 3029 1802 3098 μὴ

218 3121 331 3174 τῶν
358 3120 792 3187 κατεπειγόντων
836 3115 976 3174 εἶναι
1024 3120 1289 3191 νομίζειν,
1329 3122 1430 3192 τὴν
1463 3121 1521 3174 δὲ
1546 3120 1653 3173 τῶν
1682 3120 1805 3174 δού-

220 3215 331 3266 λων
356 3211 600 3264 ἐπίνοιαν
636 3209 745 3263 τῶν
786 3211 1226 3279 κατεπειγόντων
1253 3225 1265 3239 ·
1300 3211 1394 3264 καὶ⁵
1428 3211 1674 3280 παρορᾷν
1707 3211 1806 3279 μὲν

218 3295 286 3356 οὗ
319 3301 396 3372 μὴ
416 3300 530 3354 ἔστι
556 3299 727 3371 χωρὶς
757 3301 1016 3364 ἀπονοίας
1045 3300 1331 3371 ὁμολογεῖν
1351 3301 1450 3370 τὴν
1475 3301 1804 3374 παρόρασιν,

223 3395 477 3465 στέργειν
498 3392 668 3446 δὲκαὶ
696 3391 1036 3464 προτιθέναι,
1054 3387 1167 3464 ἦςή
1199 3395 1379 3460 κρίσις
1409 3394 1532 3465 δίκη
1563 3378 1800 3463 τοῦκρί-

222 3505 438 3552 ναντος.
481 3487 645 3540 Ἀλλὰ
666 3486 776 3557 γὰρ
804 3486 958 3540 αὐτοί
987 3503 1052 3554 γε
1086 3488 1406 3556 περιφανῶς
1436 3486 1579 3540 οὕτω
1606 3490 1805 3540 τοσαύ-

222 3595 326 3650 της
359 3580 452 3630 καὶ
479 3578 816 3650 τηλικαύτης
860 3578 1081 3649 ἐντολῆς
1118 3579 1272 3648 ίσχὺν
1317 3579 1666 3649 παρορῶντες
1711 3578 1806 3631 καὶ

227 3668 679 3740 παραϐαίνοντες,
714 3670 763 3721 εί
788 3671 864 3732 ὠς
884 3668 1102 3742 ἀληθῶς
1128 3665 1268 3739 ἦσαν
1286 3668 1388 3736 τῆς
1412 3668 1804 3738 παραϐάσεως,

226 3761 347 3824 πῶς
380 3759 446 3815 ἂν
475 3760 738 3831 ἠδύναντο
765 3762 891 3824 τοὺς
916 3760 1023 3813 τῶν
1052 3760 1215 3831 ίερῶν
1244 3759 1586 3830 μαθημάτων
1608 3761 1808 3831 ἀκροα-

224 3851 328 3914 τάς
363 3855 651 3922 παραινεῖν
681 3855 798 3915 ταῖς
837 3855 1197 3916 Δεσποτικαῖς
1220 3853 1462 3915 ἐντολαῖς
1493 3852 1806 3923 πειθαρχεῖν

224 3944 324 3997 καὶ
371 3943 939 4014 καθαρρυθμίζεσθαι,
1002 3945 1098 3997 καὶ
1139 3944 1240 4014 τῆς
1289 3944 1496 4007 οἰκείας
1531 3944 1807 4008 πολιτείας

221 4030 587 4100 κατάταύτας
611 4033 885 4086 ποιεῖσθαι
910 4033 1009 4104 τὴν
1033 4034 1354 4103 ἐπιμέλειαν
1376 4051 1390 4101 ;
1419 4036 1532 4088 ἴσον
1559 4036 1668 4107 γάρ
1692 4037 1807 4088 ἐστι

219 4125 314 4179 διὰ
337 4126 437 4196 τῆς
467 4127 578 4180 τῶν
621 4128 853 4181 ἐντολῶν
882 4128 1194 4200 άθετήσεως
1233 4130 1530 4201 πειρᾶσθαι
1561 4130 1807 4199 φύλακας

215 4217 334 4271 τῶν
359 4220 802 4289 προσταγμάτων
833 4222 1031 4286 ποιεῖν,
1061 4221 1154 4274 καί⁸
1183 4221 1399 4276 ἀθετεῖν
1426 4223 1625 4287 αὐτοὺς
1652 4224 1808 4297 άπαιτ

217 4310 334 4360 τεῖν
356 4309 416 4361 τὸ
437 4312 497 4363 ἐν
527 4311 838 4382 παραϐάσει
873 4312 1253 4382 ἀπαράϐατον.
1289 4307 1364 4368 Οὖ
1394 4313 1446 4367 τί
1469 4313 1534 4368 ἂν
1565 4313 1806 4385 ὁέχθρὸς

1901 1856 2242 1912 (ιυιρουηιμιο
2275 1841 2503 1910 praecepi
2543 1841 2699 1893 vobis
2728 1840 3023 1894 observent
3050 1838 3150 1890 "*.
3187 1856 3204 1890 ι

1971 1934 2028 1987 5.
2068 1931 2212 1986 Sane
2239 1932 2345 1986 hoc
2376 1926 2536 1986 sacro
2572 1932 2880 1985 Servatoris
2921 1937 3196 1999 przerepto
3226 1927 3489 1997 quidnam

1901 2024 2188 2095 urgentius
2221 2037 2346 2079 esse
2397 2023 2616 2091 potest?
2650 2037 2890 2091 quonam
2922 2031 3103 2074 autem
3153 2019 3364 2089 judicio
3391 2019 3490 2072 ho.

1903 2117 2111 2167 minum
2136 2129 2276 2182 opus
2300 2123 2405 2178 est,
2440 2112 2883 2180 quandoquidem
2917 2127 3019 2164 vox
3053 2109 3339 2166 Dominica
3389 2107 3488 2162 do-

1907 2206 2143 2260 ctrinam
2175 2207 2315 2260 hanc
2348 2205 2532 2267 tradit,
2561 2203 2822 2272 omnique
2859 2204 3040 2272 sigillo
3063 2203 3320 2255 tutiorem
3357 2215 3488 2256 sen-

1903 2285 2130 2348 tentiam
2182 2278 2338 2348 suam
2369 2295 2442 2348 illi
2482 2294 3081 2364 circumpmtit?Atqui
3133 2294 3180 2349 si
3227 2292 3368 2346 forte
3398 2291 3488 2344 lex

1903 2383 2213 2439 Servatoris
2247 2392 2300 2439 et
2337 2385 2732 2455 discipulorum
2785 2385 2970 2455 Opinio
3019 2385 3252 2438 form-nia
3304 2383 3486 2452 aliqua

1903 2477 2217 2532 necessaria
2257 2476 2324 2531 ad
2357 2492 2455 2546 par
2482 2493 2547 2532 ac.
2594 2478 2770 2532 simile
2799 2479 3036 2532 otticium
3089 2487 3354 2540 uteretur,
3389 2489 3488 2528 ne-

1902 2582 2010 2637 que
2050 2567 2153 2622 illae
2199 2566 2318 2621 duae
2364 2568 2648 2621 sententiae
2680 2568 2822 2621 inter
2861 2583 2919 2621 se
2949 2566 3303 2627 dissiderent,
3350 2571 3489 2616 atta.-

1903 2673 2026 2712 men
2054 2673 2124 2711 ne
2157 2667 2270 2710 tum
2308 2657 2526 2726 quidem
2575 2657 2856 2712 ferendum
2891 2655 3192 2716 videretur,
3233 2653 3485 2722 servilem

1900 2751 2144 2819 linguam
2175 2749 2331 2803 herili
2364 2751 2431 2803 de
2456 2765 2514 2804 re
2537 2765 2694 2804 sacra
2730 2748 2991 2802 doctrinae
3022 2745 3301 2813 anteponi.
3328 2742 3488 2810 Quod

1905 2842 1953 2896 si
1995 2856 2187 2909 reapse
2227 2841 2622 2909 discipulorum
2669 2841 2890 2894 decreto
2935 2838 3248 2908 magistrate
3304 2836 3487 2904 ipsum

1905 2929 2456 2998 antiquatur,.nmme
2485 2930 2598 2983 haec
2630 2928 2811 2995 gravis
2849 2927 3080 2981 audacia
3111 2934 3213 2988 est,
3245 2939 3368 2994 quae
3389 2938 3486 2976 ve-

1909 3023 2012 3078 niae
2053 3023 2277 3092 gratiam
2309 3023 2639 3078 contumelia
2682 3021 2894 3075 allicit?
2927 3034 3122 3088 nempe
3149 3017 3196 3072 ui
3221 3017 3485 3098 judicium

1907 3114 2251 3170 Dominicum
2280 3117 2334 3169 in
2366 3130 2548 3169 rerum
2575 3113 3012 3183 necessariarum
3034 3124 3268 3165 numero
3286 3121 3488 3176 nequa-

1907 3225 2072 3282 quam
2123 3209 2422 3273 habeatur;
2483 3222 2771 3262 servorum
2818 3214 3000 3260 autem
3055 3201 3493 3271 excogitationes

1908 3303 1963 3357 in
2012 3300 2341 3354 necessariis
2389 3307 2764 3366 reputentur:
2814 3299 2970 3365 sique
3022 3294 3333 3364 negligatur
3387 3291 3440 3344 id
3469 3328 3486 3354 ,

1907 3393 2069 3462 cujus
2104 3391 2408 3460 neglectum
2440 3391 2559 3446 sine
2585 3389 2804 3443 vesania
2842 3387 2996 3442 fateri
3032 3404 3139 3442 non
3169 3397 3488 3455 possumus,

1908 3494 2122 3540 ametur
2152 3493 2335 3537 autem
2371 3492 2534 3550 atque
2562 3489 2926 3550 anteponatur
2970 3479 3044 3542 id,
3092 3478 3251 3546 cujus
3292 3475 3498 3529 electio

1909 3576 2190 3631 damnatio
2223 3574 2476 3641 eligentis
2512 3577 2615 3626 est.
2661 3570 2781 3626 Jam
2827 3587 2956 3625 vero
3005 3570 3254 3638 discipuli
3289 3567 3332 3620 si
3365 3566 3494 3619 talis.

1909 3670 2159 3737 tantique
2189 3666 2442 3738 praecepti
2480 3666 2588 3717 vim
2628 3665 2993 3734 neglexissent
3022 3677 3086 3716 ac
3117 3661 3489 3724 violavissent,

1907 3775 2032 3814 cum
2062 3774 2121 3812 se
2154 3771 2344 3824 reapse
2373 3754 2734 3808 contumaciae
2781 3754 2900 3815 ejus
2932 3768 3050 3804 reos
3084 3749 3484 3820 praestitissent,

1909 3867 2038 3905 num
2072 3864 2240 3902 sacra:
2268 3847 2533 3900 doctrinae
2586 3845 2834 3912 asseclas
2873 3841 3083 3898 hortari
3135 3851 3382 3910 poterant
3431 3848 3490 3891 ut

1907 3940 2184 3997 mandatis
2216 3937 2517 4015 Dominicis
2547 3936 2854 3998 obedircnt,
2886 3935 2950 3988 ad
2980 3949 3154 4004 eaque
3180 3948 3239 3987 se
3272 3930 3489 3986 confor-

1910 4044 2142 4095 marent,
2175 4046 2441 4101 suamque
2471 4032 2636 4084 vitam
2660 4047 2724 4084 ex
2754 4031 2947 4083 horum
2978 4027 3296 4098 praescripto
3333 4041 3490 4094 rege—

1908 4126 2084 4180 rent?
2142 4124 2274 4179 Nam
2335 4124 2430 4193 qui
2484 4138 2580 4191 per
2631 4123 2805 4190 ipsam
2867 4129 3262 4189 praeceptorum
3317 4117 3486 4170 viola-

1910 4219 2133 4281 tionem,
2159 4217 2476 4270 obcdientes
2501 4214 2777 4268 mandatis
2803 4207 3050 4266 homines
3073 4210 3251 4265 facere
3275 4209 3487 4273 nititur,

1910 4311 2052 4364 idem
2093 4309 2197 4364 sibi
2253 4307 2526 4363 licentiam
2569 4305 2750 4361 aufert
2797 4304 3108 4375 postulandi
3161 4303 3229 4356 ab
3259 4301 3382 4355 aliis
3421 4317 3488 4354 nc

217 4401 448 4472 εὑρήσει
483 4402 707 4472 μᾶλλον,
739 4403 806 4458 δι’
830 4397 892 4457 οὗ
923 4405 1020 4458 καὶ
1047 4405 1146 4476 τὴν
1174 4404 1528 4459 διδασκαλίαν
1557 4407 1803 4479 ἐπαρθή-

1909 4401 2052 4472 quod
2098 4400 2212 4471 jam
2257 4409 2543 4471 peccatum
2589 4397 2755 4453 fuerit
2797 4408 3041 4466 peccent.
3078 4395 3195 4460 Quo
3225 4393 3486 4463 quidnam

217 4507 376 4544 σεται
408 4492 673 4560 νοθεύειν,
703 4496 796 4548 καὶ
827 4495 927 4566 τὴν
950 4495 1191 4567 ἐσχάτην
1228 4494 1386 4568 ὓϐριν
1415 4496 1804 4569 προσάψασθαι

214 4601 300 4653 τῳ
327 4600 689 4655 κηρυγματι;

291 4759 354 4813 δ’.
386 4759 572 4814 Ταῦτα
605 4761 785 4815 τοίνυν
813 4762 1107 4818 καὶπολλὰ
1145 4763 1352 4818 τοιαῦθ⁹
1378 4764 1542 4835 ἔτερα
1585 4765 1672 4819 διὰ
1693 4765 1804 4819 τῶν

215 4851 460 4906 εὐσεϐῶν
484 4855 582 4907 καὶ
615 4853 927 4909 ἀδεκάστων
953 4856 1213 4925 προϊόντα
1257 4855 1552 4927 λογισμῶν,
1583 4859 1679 4912 καὶ
1704 4858 1802 4929 τὴν

211 4945 568 5015 νομισθεῖσαν
620 4945 773 5000 λύσιν
831 4949 1137 5019 αίτιώμενα
1180 4946 1346 5019 ἀλλην
1391 4950 1513 5004 τινὰ
1570 4950 1804 5020 θεωρίαν

213 5037 314 5090 τοῦ
348 5037 662 5107 ζητήματος
707 5039 1014 5110 ἀνιχνεύειν
1064 5040 1400 5108 ὑποτίθεται,
1426 5040 1496 5094 δι’
1526 5037 1594 5113 ἦς
1623 5042 1804 5094 καὶτὸ

151 5171 158 5176 .
213 5129 317 5198 τῆς
366 5131 601 5200 ἀπορίας
653 5131 1014 5202 δυσπρόσοδον
1057 5133 1152 5186 ἐπὶ
1200 5133 1259 5186 τὸ
1294 5132 1434 5186 λεῖον
1472 5135 1567 5186 καὶ
1601 5133 1803 5202 ὁμαλὸν

217 5219 322 5290 τῆς
349 5221 706 5294 καταλήψεως
749 5225 1128 5295 ἀνευρύνεται,
1159 5225 1254 5279 καὶ
1284 5227 1312 5280 ὁ
1341 5225 1448 5279 τῶν
1479 5225 1803 5278 διαϐουλίων

216 5308 375 5380 ὅχλος
431 5311 973 5386 διασκεδασθήσεται.
1019 5316 1143 5369 Ὅτι
1181 5317 1279 5386 μὲν
1321 5316 1430 5388 γάρ
1483 5316 1593 5369 τῶν
1625 5315 1803 5384 ,ἱερῶν

217 5401 540 5457 ἀποστόλων
563 5405 618 5457 αἱ
642 5409 909 5474 παναγεῖς
932 5408 1024 5460 καὶ
1049 5407 1359 5462 τελεστικαὶ
1380 5408 1481 5477 τῆς
1515 5406 1800 5470 εὐσεϐείας

218 5492 455 5565 ιῐράξεις
499 5497 881 5568 ίερουργοῦσαι
925 5505 986 5552 τὸ
1025 5499 1308 5571 βάπτισμα
1348 5501 1572 5573 ὀνόματι
1626 5499 1799 5571 Ἰησοῦ

216 5585 458 5656 Χριστοῦ
502 5587 754 5654 λέγονται
805 5591 962 5644 τοῦτο
1006 5593 1424 5663 τελεσιουργεῖν,
1468 5593 1642 5656 οὐδεὶς
1690 5591 1800 5646 τῶν

295 5699 377 5734 ⁵⁸³⁸
402 5700 592 5758 Matth.
624 5721 817 5774 xxvnt,
852 5706 936 5776 l9,
966 5708 1057 5762 ΞΟ.

1910 4491 2272 4563 opportunius
2306 4491 2545 4544 inveniet
2589 4489 2786 4548 hostis,
2827 4488 2972 4542 unde
3019 4496 3072 4540 et
3116 4483 3484 4552 magisterimu

1909 4587 2219 4641 adulterare
2259 4584 2423 4650 ausit,
2459 4591 2513 4637 et
2560 4570 2860 4636 extremam
2907 4579 3262 4650 ignominiam
3310 4575 3499 4628 Evan-

1909 4679 2049 4751 gelio
2079 4676 2412 4746 aspergere?

1983 4771 2038 4825 4.
2085 4768 2174 4822 ll;e
2231 4777 2396 4837 atque
2454 4765 2577 4821 alia:
2625 4761 2942 4834 hujusmodi
2990 4777 3020 4814 a
3073 4759 3177 4830 piis
3231 4757 3496 4829 profecta)-

1873 4847 1876 4850 .
1911 4860 2353 4930 incorruptisque
2409 4857 2640 4927 ingeniis
2676 4853 3178 4918 contradictiones,
3225 4866 3347 4918 quae
3395 4848 3491 4917 ju-

1909 4962 2049 5007 stam
2101 4949 2380 5020 postulant
2421 4944 2778 5008 solutionem,
2830 4940 3116 5010 impellunt
3159 4952 3259 4991 nos
3298 4935 3365 4989 ad
3398 4934 3488 4989 in-

1906 5043 2209 5112 dagandum
2275 5041 2438 5093 aliam
2494 5036 2814 5105 quaestionis
2869 5031 3331 5100 eXplanationem,
3381 5041 3488 5096 qua

1906 5135 2057 5192 dubii
2085 5133 2356 5202 asperitas
2377 5131 2442 5184 ad
2469 5126 2839 5195 intelligentia:
2865 5124 3155 5178 ltevitatem
3179 5129 3342 5190 atque
3372 5119 3489 5188 pla-

1906 5227 2091 5280 nitiem
2118 5224 2396 5286 dilatetur,
2445 5228 2500 5275 et
2528 5215 2944 5287 ambiguitatum
2994 5212 3244 5267 molestia
3291 5208 3488 5278 dispela-

1904 5319 2064 5375 lalur.
2111 5317 2362 5371 Prolecto
2393 5312 2536 5382 quod
2575 5310 2751 5365 sancti
2788 5304 3178 5376 religionisque
3231 5313 3488 5356 suasores

1907 5395 2159 5466 divorum
2182 5407 2556 5478 apostolorum
2597 5403 2767 5456 Actus
2814 5398 3144 5468 baptismum
3199 5393 3251 5447 in
3281 5391 3508 5446 Christi'

1909 5500 2128 5555 nomine
2160 5497 2598 5553 administratum
2629 5492 2813 5546 dicant
2866 5502 3028 5543 nemo
3062 5500 3192 5540 sana
3229 5479 3485 5536 audiendi

1908 5592 1957 5646 vi
2008 5590 2264 5662 praeditus
2285 5628 2300 5654 ,
2328 5602 2526 5658 negare
2560 5581 2814 5639 audebit'
2847 5587 3218 5636 verumtamen
3261 5573 3483 5643 quinam
