3888 6186
396 259 499 321 307

1552 263 1815 323 PHOTII
1844 264 2347 325 PATRIARCIUE
2386 266 2494 325 CP.

3561 257 3676 321 318

372 371 591 443 ‘horum
633 370 926 423 verborum
959 385 1023 425 ac
1065 370 1345 424 nominum
1397 385 1592 425 sensus
1642 372 1980 441 signiﬁcatus

2106 373 2250 441 ικοὴν
2281 372 2631 438 ὑγιαίνουσαν
2674 370 2905 441 ἐχόντων
2934 370 3237 437 ἀντιλέγειν
3268 369 3674 437 ὕποστήσεταιο

399 463 493 525 sit,
519 461 661 514 haud
686 476 842 529 teque
864 476 1053 515 omnes
1088 462 1413 529 intelligunt.
1442 464 1527 517 Ait
1548 464 1711 533 igitur
1730 466 1979 533 princeps

403 552 777 623 apes-telorum
810 550 1025 614 Petrus,
1061 552 1190 605 dum
1231 551 1449 606 Judaeos
1507 554 1571 604 ad
1603 554 1978 622 paenitentiam

409 648 739 706 hortaretur,
787 644 1111 711 veniamque
1144 646 1208 698 iis
1245 653 1468 712 patratae
1514 646 1676 699 caedis
1717 646 1977 700 offerret:

411 756 429 787 ι
462 735 774 804 Baptizetur
804 736 1181 804 unusquisque
1212 747 1447 789 vestrum
1494 736 1547 789 iu
1597 739 1817 790 nomine
1850 735 1980 791 Jesu

406 829 607 881 Christi
626 829 677 880 in
699 828 1068 882 remissionem
1090 839 1429 896 peccatorum
1448 830 1616 883 “'"J
1639 828 1984 900 Rursumque

409 915 596 969 divino
629 916 806 968 alIlatu
849 917 913 969 ad
958 918 1338 985 baptizandum
1385 923 1759 974 centurionem
1786 922 1983 975 instin-

412 1016 555 1067 ctus,
573 1006 884 1060 Cornelium
907 1008 1082 1075 ipsum
1104 1018 1155 1061 et
1180 1009 1271 1077 qui
1295 1026 1417 1063 cum
1438 1026 1503 1063 eo
1527 1021 1684 1064 erant
1702 1028 1987 1081 regenera—

416 1095 560 1147 tione
594 1095 846 1162 dignatus
866 1106 967 1157 est,
994 1097 1194 1150 donum
1218 1099 1295 1151 eis
1319 1101 1655 1155 remissionis
1685 1101 1737 1154 in
1766 1104 1985 1156 nomine

413 1183 624 1236 Domini
668 1185 1009 1253 impertiens.
1042 1186 1305 1241 Praeterea
1335 1188 1527 1258 Ephesi
1559 1192 1781 1258 quidam
1831 1202 1987 1247 erant

410 1275 681 1342 discipuli,
716 1278 807 1344 qui
830 1276 1054 1332 Joannis
1079 1289 1286 1332 tantum
1312 1281 1582 1349 baptismo
1608 1284 1700 1335 loti
1736 1285 1983 1339 fuerant:

410 1374 571 1433 atque
613 1367 667 1419 hi
722 1378 839 1435 post
869 1369 1107 1423 auditam
1160 1370 1309 1425 Pauli
1345 1374 1805 1440 przedicationem,
1861 1392 1985 1430 cum

413 1458 479 1510 iis
511 1458 812 1525 piaculares
842 1462 909 1513 ab
934 1463 1193 1529 Apostolo
1215 1478 1406 1517 manus
1434 1464 1486 1516 in
1520 1468 1739 1519 nomine
1772 1466 1987 1522 Domini

409 1547 536 1603 Jesu
568 1550 769 1603 Christi
804 1551 1035 1605 fuissent
1069 1554 1337 1621 impositae
1360 1596 1373 1617 ,
1419 1557 1642 1609 caeleste
1680 1558 1988 1625 adoptionis

410 1636 610 1694 donum
636 1654 962 1711 exceperunt
983 1686 997 1709 ,
1030 1654 1083 1697 et
1106 1647 1438 1699 sanctissimi
1480 1646 1715 1715 Spiritus
1748 1649 1986 1703 alllatum

2087 462 2220 513 Τίνα
2264 462 2321 515 δὲ
2367 462 2605 515 διάνοιαν
2649 463 2716 515 τὰ
2757 462 2983 516 τοιαῦτα
3024 464 3243 533 ῥήματα
3292 462 3387 513 καὶ
3427 462 3679 529 ὀνόματα

2088 554 2420 607 ἀναπτύσσει
2447 555 2542 607 καὶ
2570 554 2932 624 διερμηνεύει,
2962 554 3145 606 οὐκέτι
3167 553 3373 615 παντός
3394 557 3514 605 ἐστι
3552 569 3682 604 συν·

2092 644 2247 696 ιέναι.
2286 644 2447 711 Λέγει
2490 644 2587 714 μὲν
2625 644 2717 697 οῦν
2748 646 2797 712 ιὸ
2836 647 3132 713 κορυφαῖος
3169 645 3373 711 Πέτρος
3398 647 3477 706 είς
3508 648 3647 712 μετά

2089 751 2237 787 νοιαν
2286 735 2412 797 τοὺς
2483 734 2763 798 Ἰουδαίους
2819 734 3130 801 ὲπαλείφων
3191 736 3285 787 καὶ
3337 735 3665 802 συγγνώμη.

2089 825 2574 896 εὐαγγελιζόμενος
2604 827 2699 896 τῆς
2730 826 3065 895 μιαιφονίας’
3100 845 3119 877 ι
3151 828 3524 895 Βαπτισθήτω
3548 828 3673 878 Em.

2092 936 2217 983 στος
2241 920 2393 988 ὑμῶν
2424 922 2482 973 ὲν
2518 918 2596 989 τῷ
2620 919 2844 989 ὀνόματι
2891 920 3068 989 Ἰησοῦ
3100 918 3337 989 Χριστοῦ
3358 921 3441 981 είς
3479 920 3668 984 ἀφεσιι

2091 1008 2397 1077 ἁμαρτιῶν.
2438 1028 2455 1060 ι
2489 1009 2597 1060 Καὶ
2618 1009 2780 1061 πάλιν
2814 1011 2878 1060 ὲκ
2912 1007 3063 1071 Θείας
3101 1007 3392 1070 ἐπιπνοίας
3422 1006 3516 1059 τὸν
3545 1009 3674 1058 ἐκα-

2090 1104 2385 1173 τόνταρχον
2411 1104 2772 1173 βαπτίσασθαι
2803 1104 3159 1174 προτραπεὶς,
3182 1102 3344 1155 αὐτόν
3367 1118 3430 1154 τε
3464 1103 3679 1170 Κορνή-

2093 1192 2205 1245 λιον
2236 1194 2328 1247 καὶ
2378 1196 2501 1256 τοὺς
2541 1194 2657 1263 μετ’
2693 1194 2858 1247 αὑτοῦ
2894 1195 2991 1262 τῆς
3039 1192 3463 1260 παλιγγενεσίας
3508 1191 3676 1256 ἀξιοῖ,

2094 1286 2154 1337 τὸ
2174 1286 2343 1353 δῶρον
2375 1288 2556 1348 αὐτοῖς
2582 1286 2681 1355 τῆς
2718 1286 2964 1353 ἀφέσεως
2997 1287 3052 1336 ὲν
3079 1284 3154 1354 τῷ
3183 1285 3407 1353 ὀνόματι
3432 1283 3526 1334 τοῦ
3560 1284 3679 1334 Κυ-

2095 1378 2211 1446 ρίου
2244 1375 2564 1445 ἱερουργῶν.
2596 1379 2704 1429 Καὶ
2730 1376 2872 1429 κατὰ
2892 1375 2991 1445 τὴν
3034 1377 3267 1443 Ἔφεσον
3294 1375 3352 1426 δὲ
3388 1370 3530 1444 ἦσαν
3574 1390 3682 1441 μα-

2096 1467 2255 1535 θηταὶ
2278 1466 2327 1519 οἳ
2361 1468 2520 1537 μόνον
2553 1469 2630 1537 τῷ
2655 1467 2750 1519 τοῦ
2786 1469 3031 1521 Ἰωάννου
3068 1467 3405 1537 βαπτίσματι
3445 1466 3681 1519 £6131!-

2097 1578 2285 1613 σαντο·
2305 1560 2396 1624 οὓς
2430 1563 2524 1614 καὶ
2553 1561 2848 1624 ἀκούοντας
2878 1561 2972 1613 τοῦ
3002 1561 3215 1613 Παύλου
3230 1560 3607 1623 διδάσκοντος,

2104 1655 2313 1725 ἱστορία
2342 1656 2646 1725 ἀναγράφει
2680 1656 2959 1719 ἐπιθέντος
2985 1656 3169 1718 αὐτοῖς
3204 1655 3297 1707 τοῦ
3346 1653 3680 1706 Ἀποστόλου

410 1732 615 1797 experti
659 1742 785 1786 sunt
811 1734 876 1788 ³⁵.
917 1732 1304 1802 Szepenumero
1344 1736 1481 1791 alias
1513 1740 1813 1792 secundum
1855 1740 1995 1794 hanc

2106 1746 2190 1809 τὰς
2229 1747 2569 1817 ίλαστηρίους
2601 1750 2787 1817 χεῖρας
2813 1749 2891 1809 εἰς
2920 1747 2981 1799 τὸ
3014 1748 3182 1816 δνομα
3203 1746 3296 1799 τοῦ
3329 1745 3528 1815 Κυρίου
3573 1744 3683 1813 Ἰη-

415 1822 699 1877 formulam
732 1825 1061 1893 baptismum
1093 1816 1533 1881 administratum
1572 1829 1715 1883 haud
1744 1846 1885 1901 aegre
1908 1832 1990 1885 in-

411 1915 618 1969 venies.
669 1912 1051 1971 Verumtamen
1085 1961 1099 1985 ,
1162 1920 1238 1972 uti
1263 1918 1375 1987 jam
1424 1920 1631 1974 dictum
1676 1932 1779 1985 est,
1850 1940 1991 1991 saepe

414 2006 589 2061 facilis
625 2007 994 2077 interpretatio
1016 2009 1069 2062 in
1094 2024 1259 2065 sacrae
1285 2011 1481 2063 tuentis
1514 2011 1725 2065 sinibus
1755 2014 1989 2079 condita,

416 2098 520 2151 nisi
550 2101 822 2154 eruditum
855 2103 1123 2170 judicium
1158 2118 1221 2157 ac
1270 2103 1681 2157 meditationem
1711 2106 1994 2159 nancisca-

416 2198 526 2255 tur,
552 2207 729 2260 neque
753 2194 1091 2250 obscuritate
1118 2211 1291 2265 neque
1310 2205 1606 2265 apparente
1636 2199 1995 2266 repugnantia

416 2282 758 2339 liberabitur.
790 2282 1036 2353 Namque
1089 2287 1430 2341 inconsultus
1480 2287 1707 2341 vocibus
1740 2288 1874 2357 ipsis
1905 2292 1995 2343 as-

414 2386 629 2438 sensus,
658 2388 723 2427 ae
748 2374 1037 2429 verborum
1062 2385 1221 2444 prout
1251 2384 1447 2430 sonant
1475 2377 1756 2440 admissio,
1780 2387 1834 2431 et
1862 2379 1997 2432 alias

415 2462 613 2517 multas
639 2462 918 2518 multoties
938 2465 1304 2520 absurditates
1336 2468 1559 2536 peperit,
1584 2478 1636 2521 et
1666 2484 1810 2522 nunc
1835 2469 1997 2523 etiam

418 2567 526 2606 non
563 2553 616 2606 in
672 2557 810 2609 duos
854 2556 1003 2611 solos
1046 2558 1185 2611 ritus
1221 2559 1514 2612 verendum
1570 2561 1998 2628 regenerationis

417 2643 734 2710 mysterium
766 2644 1055 2710 divideret,
1104 2649 1197 2702 sed
1226 2650 1365 2703 alios
1410 2650 1612 2705 multos
1653 2666 1683 2703 e
1730 2652 2001 2708 divisione

418 2734 743 2801 pullulantes
773 2738 1055 2793 exhiberet
1081 2763 1092 2796 ;
1135 2742 1402 2809 siquidem
1430 2758 1497 2796 ex
1527 2744 1864 2798 incremento
1888 2746 2001 2813 pri-

422 2839 509 2876 mo
531 2826 801 2893 originem
829 2830 934 2882 alia
972 2833 1279 2896 traherent;
1314 2834 1386 2887 ita
1422 2845 1480 2887 ut
1512 2835 1565 2887 in
1596 2836 1999 2890 multitudinem

2091 1839 2185 1893 σοῦ
2213 1839 2471 1910 Χριστοῦ,
2506 1840 2568 1891 τὸ
2601 1839 2852 1910 οὐράνιον
2876 1839 2976 1906 τῆς
3021 1838 3293 1900 υἱοθεσίας
3322 1838 3494 1907 δῶρον
3520 1836 3684 1899 δέξα-

2092 1933 2234 1997 σθαι,
2260 1933 2354 1985 καὶ
2381 1931 2481 2001 τῆς
2501 1934 2899 2002 ἐπιφοιτήσεως
2930 1930 3236 1983 ἀπολαῦσαι
3275 1930 3369 1982 τοῦ
3410 1931 3684 1997 παναγίον

2093 2023 2432 2094 Πνεῦματος.
2488 2023 2597 2076 Καὶ
2640 2023 2809 2093 μυρία
2846 2023 2903 2075 δὲ
2954 2022 3086 2075 ἄλλα
3135 2019 3364 2074 τοιαῦτα
3408 2022 3547 2072 κατά
3592 2020 3687 2071 τὸν

2092 2117 2276 2186 ὅμοιον
2299 2116 2408 2168 τῶν
2445 2114 2705 2185 ῥημάτων
2744 2112 2911 2165 τύπον
2955 2114 3047 2165 τοῦ
3082 2112 3458 2182 βαπτίσματος
3494 2110 3685 2179 ἐξενη-

2093 2207 2329 2275 νεγμένα
2361 2204 2757 2275 ἀταλαιπώρως
2816 2206 2930 2256 ἐστὶ
2985 2203 3443 2273 καταλαμὸανειν.
3505 2202 3679 2269 Πλὴν,

2094 2298 2170 2361 ὡς
2196 2298 2432 2368 εἴρηται,
2463 2297 2722 2361 πολλάκις
2750 2297 2810 2350 τὸ
2833 2297 3123 2368 πρόχειρον
3146 2296 3247 2365 τῆς
3272 2295 3574 2366 ἑρμηνείας

2099 2389 2251 2457 βάθει
2279 2389 2677 2459 καταδυόμενον
2706 2392 2804 2460 τῆς
2825 2391 2978 2460 ἱερᾶς
3006 2388 3266 2453 διανοίας,
3300 2387 3365 2440 ἂν
3406 2386 3481 2456 μὴ
3512 2402 3687 2455 τερος-

2097 2480 2235 2551 λάὸῃ
2271 2479 2369 2549 τὴν
2416 2479 2803 2548 φιλολογοῦσαν
2862 2480 3102 2551 βάσανον
3146 2480 3241 2532 καὶ
3290 2478 3543 2548 μελέτην,
3584 2478 3689 2544 τῆς

2100 2570 2370 2639 ἀσαφείας
2413 2570 2508 2623 καὶ
2541 2569 2642 2640 τῆς
2672 2572 2813 2623 κατά
2853 2572 2954 2642 τὴν
2998 2570 3265 2639 ὑπόληψιν
3304 2571 3548 2630 στάσεως
3585 2566 3692 2618 οὐκ

2101 2660 2275 2714 ἐθέλει
2318 2661 2775 2715 ἀπαλλάττεσθαι.
2827 2662 2939 2715 Καὶ
2992 2662 3101 2731 γάρ
3132 2664 3165 2731 ἡ
3200 2660 3343 2713 κατὰ
3371 2660 3472 2720 τὰς
3505 2657 3691 2725 φωνάς

2101 2752 2413 2822 ἀδιάκριτος
2442 2754 2862 2822 συγκατάθεσις,
2892 2755 2984 2807 καὶ
3026 2754 3058 2823 ἡ
3088 2754 3228 2805 κατά
3273 2752 3374 2822 τὴν
3404 2752 3691 2819 ἀπὴχησιν

2101 2842 2211 2896 τῶν
2242 2843 2503 2915 ῥημάτων
2540 2843 2844 2915 παραδοχὴ,
2878 2843 3013 2896 ἄλλα
3044 2860 3102 2895 τε
3138 2842 3306 2895 πολλὰ
3330 2843 3437 2894 τῶν
3470 2841 3694 2893 ἀτόπων

418 2915 765 2971 diduceretur
797 2920 957 2975 unica
995 2931 1156 2991 atque
1193 2924 1469 2979 individua
1506 2926 1733 2995 religio,
1778 2937 1833 2980 et
1872 2929 1998 2980 uni-

2106 2934 2159 2986 ὲν
2194 2934 2408 2998 πολλοῖς
2433 2936 2689 2998 πολλάκις
2712 2935 2945 2988 ἀπέτεκε
2973 2952 2986 2965 ⁶
3024 2938 3119 2988 καὶ
3144 2934 3237 2988 νῦν
3261 2933 3327 2987 ἂν
3360 2932 3459 2985 οὐκ
3483 2932 3563 2993 είς
3589 2932 3688 2982 δύο

420 3007 615 3062 formis
660 3019 821 3080 atque
878 3014 1137 3069 nnimoda
1186 3031 1469 3071 sacrorum
1522 3017 1790 3071 institutio
1832 3034 2000 3087 :quae

421 3101 625 3154 rituum
653 3107 889 3159 varietas
931 3108 1156 3161 minime
1194 3108 1400 3162 auferri
1432 3118 1643 3179 potest,
1681 3111 1787 3165 nisi
1826 3112 1999 3180 prima

421 3190 631 3245 invecta
668 3194 996 3262 diversitas,
1048 3214 1170 3267 quae
1216 3199 1383 3252 divini
1431 3200 1682 3269 praecepti
1729 3216 2001 3273 praeroga-

421 3280 585 3335 tivam
618 3286 1004 3353 pessumdetlit,
1043 3290 1205 3343 simul
1248 3289 1549 3345 auferatur.

2105 3024 2327 3089 τελετὰς
2355 3026 2522 3096 μόνας
2544 3026 2606 3079 τὸ
2645 3025 2869 3096 φρικτὸν
2896 3025 2995 3095 τῆς
3047 3022 3467 3092 παλιγγενεσίας
3509 3020 3699 3072 διακόο

2106 3117 2279 3187 ψειεν,
2324 3117 2461 3171 ἀλλὰ
2487 3119 2582 3171 καὶ
2617 3118 2815 3189 μυρίας
2846 3117 3009 3180 ἄλλας
3034 3120 3100 3187 τῇ
3131 3117 3413 3185 κατατομῇ
3459 3112 3697 3184 προϐαι-

2107 3210 2303 3273 νούσας
2332 3210 2611 3275 ἐπιδείξει,
2657 3211 2757 3281 τὴν
2811 3210 3034 3281 πρώτην
3078 3208 3394 3280 προσθήκην
3438 3209 3699 3273 damma}:

2108 3300 2345 3371 εὑροῦσα
2387 3303 2495 3354 τῶν
2527 3303 2664 3373 μετά
2703 3302 2939 3374 ταύτηνο
2994 3303 3088 3354 καὶ
3122 3303 3202 3364 είς
3253 3298 3462 3368 πλῆθος
3498 3297 3699 3349 ἀπολε-

421 3371 694 3466 πτύνουσα
722 3377 783 3429 τὸ
817 3379 1014 3433 ἑνιαίον
1045 3382 1138 3433 καὶ
1168 3380 1411 3451 ἄτμητον
1440 3382 1538 3451 τῆς
1566 3382 1867 3448 εὐσεϐείας,
1935 3387 2030 3440 καὶ
2066 3389 2126 3441 τὸ
2193 3393 2292 3462 τῆς
2338 3371 2730 3463 μυσταγωγίας
2772 3371 3042 3466 μονοειδὲς
3073 3396 3165 3446 καὶ
3211 3393 3547 3463 μονότροπον
3577 3406 3590 3419 '
3629 3388 3697 3449 ἃς

418 3464 600 3559 οὐκέτι
650 3471 1173 3543 παραγραψάμενον,
1208 3473 1330 3526 οὐδὲ
1365 3474 1466 3544 τὴν
1505 3474 1731 3547 πρώτην
1757 3477 2202 3551 ἐπεισελθοῦσαν,
2236 3486 2330 3539 καὶ
2362 3487 2423 3539 τὸ
2481 3464 2783 3559 προνόμιον
2832 3488 2929 3558 τῆς
2967 3484 3304 3553 Δεσποτικῆς
3365 3481 3587 3550 ἐντολῆς
3612 3498 3704 3532 νθτ

419 3558 709 3627 θεύσασαν,
742 3564 817 3635 μὴ
850 3564 972 3635 οὐχὶ
1008 3560 1603 3639 συμπαραγράφεσθαι.

492 3692 544 3745 5.
569 3691 743 3746 Cerne
768 3706 972 3761 autem,
992 3694 1172 3761 sodes,
1189 3706 1321 3765 quot
1346 3696 1397 3750 in
1422 3704 1605 3767 partes
1622 3698 1827 3755 dividat
1849 3709 2013 3771 atque

421 3785 711 3853 dispertiat
736 3786 978 3840 divinam
1011 3790 1397 3860 ccelestemque
1436 3792 1742 3862 adoptionis
1779 3795 2011 3863 gratiam

427 3875 835 3929 inconsiderata
864 3917 879 3941 ,
919 3884 978 3931 ut
1014 3878 1276 3941 diximus,
1309 3880 1599 3933 verborum
1640 3879 2009 3947 observantia,

423 3967 566 4034 apud
590 3982 686 4021 eos
706 3968 799 4037 qui
822 3969 1011 4023 nolunt
1038 3970 1103 4022 ad
1124 3971 1401 4039 penetrale
1429 3970 1674 4025 veritatis
1706 3987 2007 4040 permeare.

424 4060 635 4129 Quippe
660 4061 961 4115 secundum
988 4078 1177 4116 eorum
1209 4062 1543 4128 institutum,
1569 4064 1663 4133 qui
1694 4065 1856 4118 verba
1882 4064 2005 4133 plus

425 4170 584 4219 aequo
609 4154 933 4222 suspiciunt,
968 4154 1107 4208 alter.
1131 4155 1348 4224 quidem
1378 4157 1514 4210 ritus
1546 4156 1599 4209 in
1626 4156 1846 4211 nomine
1875 4154 2005 4210 Jesu

426 4245 627 4299 Christi
666 4246 923 4314 baptizat,
961 4247 1096 4299 alter
1141 4248 1522 4301 tantummodo
1563 4248 1617 4300 in
1650 4247 1870 4301 nomine
1899 4247 2005 4300 Do-

430 4339 582 4392 mini.
618 4339 922 4405 Quamnam
957 4340 1124 4411 igitur
1153 4358 1217 4394 ex
1248 4341 1333 4396 his
1362 4340 1610 4394 formulis
1636 4340 1688 4393 in
1719 4341 1864 4395 sacri
1890 4355 2009 4393 mu-

428 4431 575 4487 neris
614 4434 1015 4488 ministratione
1060 4432 1486 4503 usurpahimus?
1516 4431 1703 4501 Neque
1748 4432 1891 4485 enim
1924 4431 2006 4485 al-

431 4526 598 4580 ternis
638 4535 692 4580 et
722 4542 818 4595 pro
850 4528 1004 4581 lihito
1039 4529 1123 4581 his
1150 4527 1485 4581 dictionibus
1515 4526 1591 4579 uti
1624 4526 1792 4579 licet:
1830 4533 1883 4579 et
1914 4524 2007 4594 qui

428 4617 743 4669 alterutram
776 4617 1155 4685 prwdictaruin
1186 4618 1388 4675 abolet.
1436 4616 1483 4670 is
1528 4616 1672 4669 viam
1724 4613 1895 4668 munit
1941 4614 2011 4669 ad

429 4707 563 4761 alias
596 4722 812 4776 quoque
846 4708 1168 4763 abolitiones
1204 4706 1689 4762 constabiliendas.
1728 4708 1904 4775 Atque
1935 4705 2011 4760 ita

429 4801 567 4854 ritus
595 4809 822 4854 cunctos
848 4800 988 4853 inter
1006 4815 1065 4853 se
1093 4801 1247 4870 quasi
1268 4800 1458 4870 praalio
1486 4798 1831 4853 committent
1854 4797 1888 4849 ii
1912 4798 2007 4866 qui

432 4893 759 4958 baptismum
782 4908 847 4946 ex
871 4891 1148 4948 Dominica
1167 4893 1511 4947 institutione
1534 4891 1832 4946 celebrant.
1855 4889 2010 4955 Quod

432 4982 478 5036 si
501 4982 555 5034 in
587 4982 827 5051 mysticze
852 4983 1158 5052 adoptionis
1192 4982 1438 5037 formulis
1467 4982 1638 5037 libera
1678 4982 1748 5036 sit
1780 4982 2013 5035 facultas

435 5075 539 5129 hoc
566 5074 869 5137 auferendi,
907 5074 1035 5128 illud
1071 5075 1392 5143 adjiciendi;
1426 5074 1551 5144 quis
1580 5074 1692 5144 jam
1730 5074 2011 5143 impediat,

436 5170 731 5237 quominus
776 5169 866 5220 alii
903 5169 1056 5231 alias,
1094 5178 1287 5238 praeter
1314 5169 1510 5232 dictas,
1554 5169 1865 5231 exe0gitent
1915 5168 2017 5220 ini—

437 5258 727 5313 tiationes?
758 5261 973 5325 Quanto
1006 5261 1170 5331 igitur
1194 5262 1400 5330 justius
1431 5272 1593 5328 atque
1614 5270 1766 5314 extra
1798 5274 2015 5312 omnem

358 5368 361 5371 ’
441 5352 871 5405 controversiam
921 5364 1025 5417 est,
1065 5367 1183 5405 eam
1215 5352 1483 5405 stabiliter
1534 5366 1646 5419 pra:
1708 5350 2020 5404 arhitrariis

439 5444 729 5499 formulam
763 5446 1014 5510 retinere,
1039 5460 1201 5514 quam
1227 5444 1401 5513 ipsius
1424 5443 1667 5498 veritatis
1690 5443 1869 5513 lingua
1897 5459 2021 5514 pro-

509 5688 631 5723 ‘M‘
669 5688 790 5743 Act.
828 5703 888 5749 tt.
918 5688 1022 5750 ’58;
1064 5702 1091 5741 ιι
1122 5686 1206 5741 48.
1286 5687 1328 5717 ’⁵
1364 5687 1483 5740 Act.
1518 5701 1631 5751 nx,
1671 5685 1721 5739 5.

2191 3720 2216 3756 ε
2238 3741 2252 3757 .
2285 3702 2429 3772 Ὅρα
2457 3700 2512 3755 δὲ
2555 3700 2634 3763 είς
2667 3700 2809 3753 πόσα
2846 3699 3182 3767 κατατέμνει,
3207 3697 3302 3750 καὶ
3339 3696 3701 3767 καταμερίζει

2117 3794 2180 3848 τὸ
2210 3793 2351 3846 θεῖον
2375 3792 2468 3847 καὶ
2515 3792 2761 3861 οὐράνιον
2790 3792 3036 3861 χάρισμα
3076 3790 3176 3859 τῆς
3216 3789 3491 3854 υἱοθεσίας
3528 3792 3562 3859 ἡ
3592 3790 3701 3841 τῶν

2120 3885 2381 3955 ῥημάτων
2399 3882 2474 3946 ὡς
2504 3882 2761 3945 πολλάκις
2787 3883 2998 3953 ἔφημεν
3023 3881 3386 3944 ἀϐασάνιστος
3418 3880 3664 3951 προσοχὴ
3683 3922 3700 3946 ,

2119 3974 2211 4027 καὶ
2262 3974 2323 4025 τὸ
2382 3972 2456 4045 μὴ
2513 3972 2800 4042 βούλεσθαι
2846 3972 2984 4041 πρὸς
3019 3971 3081 4024 τὸ
3110 3972 3273 4041 βάθος
3314 3972 3413 4039 τῆς
3443 3970 3703 4040 ἀληθείας

2114 4064 2497 4119 καταδύεσθαι.
2544 4063 2610 4117 Ἦ
2664 4066 2761 4134 μὲν
2801 4064 2910 4134 γὰρ
2961 4065 3102 4117 κατά
3144 4064 3243 4130 τὴν
3290 4064 3550 4117 ὑπόθεσιν
3592 4062 3702 4114 τῶν

2114 4157 2251 4229 πρὸς
2300 4157 2397 4220 τὰς
2438 4155 2611 4221 λέξεις
2662 4158 2991 4227 κεχηνότων,
3026 4159 3084 4210 ἐν
3132 4157 3209 4225 τῷ
3251 4157 3475 4225 ὀνόματι
3525 4155 3700 4225 Ἰησοῦ

2113 4249 2351 4319 Χριστοῦ
2386 4247 2661 4319 βαπτίζει,
2708 4247 2842 4317 άλλη
2885 4248 2941 4301 δὲ
2981 4250 3039 4301 ὲν
3073 4247 3152 4316 τῷ
3197 4247 3423 4315 ὀνόματι
3460 4246 3556 4299 τοῦ
3590 4248 3701 4297 Ku-

2117 4342 2235 4411 ρίου
2270 4341 2451 4411 μόνον.
2485 4340 2604 4392 Τίνι
2648 4338 2740 4393 οῦν
2770 4339 2877 4392 τῶν
2923 4338 3230 4411 εἰρημένων
3266 4340 3322 4390 ἐν
3368 4342 3434 4408 τῇ
3469 4339 3563 4391 τοῦ
3602 4337 3701 4390 δώ·

2118 4450 2211 4504 ρου
2263 4432 2641 4503 τελεσιουργίᾳ
2695 4430 3046 4504 χρησόμεθα;
3105 4431 3217 4484 Οὐκ
3263 4430 3445 4499 ἔχουσι
3494 4432 3603 4501 γὰρ
3644 4431 3702 4483 τὸ

2118 4526 2495 4597 παραλλάττον
2523 4525 2643 4578 οὐδὲ
2669 4524 2729 4577 τὸ
2774 4523 3208 4593 προκεκριμένον
3239 4524 3539 4592 κεχρῆσθαι
3590 4524 3700 4585 τοῖς

2121 4616 2467 4687 βουλομένοις
2510 4616 2567 4667 αἱ
2616 4616 2790 4683 φωναί
2829 4630 2843 4645 ·
2872 4615 2967 4666 καὶ
3016 4616 3043 4666 ὁ
3082 4613 3211 4682 μίαν
3244 4616 3351 4665 τῶν
3396 4615 3699 4683 εἰρημένων

2121 4710 2641 4781 παραγραφόμενος,
2675 4706 2877 4761 ἔδωκεν
2908 4706 3026 4760 ὁδὸν
3064 4706 3128 4758 δι’
3155 4700 3223 4777 ἦς
3263 4706 3447 4769 ἕξουσι
3477 4706 3541 4757 τὸ
3571 4707 3699 4775 κρά-

2106 4792 2207 4864 ςιος
2230 4802 2323 4853 καὶ
2345 4800 2451 4853 τῶν
2478 4799 2654 4854 ἄλλων
2693 4801 2747 4852 αί
2797 4796 3181 4869 παραγραφαί.
3215 4798 3324 4849 Καὶ
3351 4795 3497 4850 οῦτω
3524 4797 3701 4855 πάσας

2121 4892 2263 4945 κατά
2290 4891 2477 4945 πασῶν
2509 4888 2948 4961 παρατάττεσθαι
2975 4888 3355 4941 συνελάσουσιν
3388 4882 3542 4955 οἶμαι
3570 4887 3703 4939 κατά

2112 4982 2210 5053 τὴν
2240 4981 2570 5050 δεσποτικὴν
2596 4980 2989 5051 μυσταγωγίαν
3008 4976 3291 5039 τελοῦντες
3314 4976 3376 5028 τὸ
3400 4976 3697 5046 βάπτισμα.

2116 5076 2224 5128 Καὶ
2255 5077 2303 5127 εί
2351 5074 2558 5127 δέδοται
2603 5072 2747 5126 κατά
2777 5072 2874 5135 τὰς
2916 5070 3258 5140 ἐκφωνήσεις
3299 5071 3398 5139 τῆς
3439 5069 3700 5138 μυστικῆς

2116 5166 2392 5229 υἱοθεσίας
2427 5166 2488 5217 τὸ
2522 5165 2619 5235 μὲν
2659 5163 2876 5233 ἀφελεῖν
2901 5203 2916 5228 ,
2944 5163 3004 5216 τὸ
3034 5162 3089 5215 δὲ
3126 5161 3467 5231 προσθεῖναι,
3502 5161 3555 5213 τί
3602 5178 3702 5212 κω·

2116 5258 2231 5311 λύει
2280 5258 2443 5311 πάλιν
2476 5257 2601 5319 τοὺς
2652 5255 3014 5325 βουλομένους
3050 5254 3143 5306 καὶ
3180 5252 3331 5323 παρὰ
3356 5252 3454 5314 τὰς
3482 5251 3700 5320 εἰρημέο

2127 5368 2223 5414 νοις
2255 5350 2448 5421 ἐτέρας
2497 5350 2733 5401 ἐπινοεῖν
2762 5347 3021 5412 τελετάς;
3071 5345 3231 5414 Πόσῳ
3261 5344 3316 5397 δὲ
3357 5343 3560 5414 μᾶλλον
3587 5344 3699 5395 ἀντὶ

2126 5444 2233 5497 τῶν
2260 5444 2360 5497 οὐκ
2380 5442 2685 5511 εἰρημένων
2726 5441 2791 5510 ἢν
2819 5440 2853 5509 ὴ
2884 5438 2984 5510 τῆς
3014 5436 3272 5507 ἀληθείας
3300 5435 3473 5507 αὐτῆς
3508 5433 3699 5491 ἀπεθέ-
