3888 6186
403 287 507 359 3ἷ1
1559 294 1785 354 ΡΗΟΤΙ
1794 295 1821 354 Ι
1860 295 2362 356 ΡΑΤΒΙΑΒΟΗᾹΞ
2395 298 2505 359 CP.
2709 302 2714 306 ’
3581 301 3616 360 3
3630 298 3690 359 1‘2

407 421 506 457 πεν
593 401 788 464 αὖτξςο
827 419 845 453 ι
895 402 1050 454 Ὀσοι
1097 403 1176 464 εἰς
1233 400 1468 471 Χριστὸν
1545 403 1973 472 ἐϐαπτίσθημεν.
2033 425 2050 457 ι
2097 409 2304 462 Οὐκοῦν
2361 411 2478 479 ἅμα
2521 410 2612 464 δύο
2677 412 3058 482 μυσταγωγίαι
3099 413 3240 466 κατὰ
3286 412 3387 485 τὴν
3428 415 3688 468 ὑπόθεσιν

403 498 513 552 τῶν
546 495 872 567 ἀδιακρίτως
917 494 1221 567 κεχρῆσθαι
1248 495 1688 564 δογματιζὸντων
1723 502 1834 561 τοῖς
1866 500 2118 567 ὀνόμασι.

476 617 531 672 7.
573 614 713 681 Quid
765 627 895 681 ergo
949 613 1236 668 dicendum
1299 613 1424 667 est?
1471 611 1721 668 Profecto
1784 615 1977 669 harum

2157 621 2221 686 ζ’.
2250 621 2314 673 Τί
2339 616 2431 674 οὖν
2451 621 2530 674 δεῖ
2549 589 2731 688 λέγειν
2751 639 2764 688 ;
2782 622 2846 676 Ἦ
2871 624 2976 691 γὰρ
2995 623 3100 677 τῶν
3132 623 3370 696 ἐλέγχων
3387 625 3686 688 ἀδέκαστος

409 706 815 761 convictionum
850 720 1005 774 aequa
1038 704 1408 758 consideratio
1448 720 1554 757 non
1609 707 1787 760 solum
1826 722 1986 761 coar-

405 800 526 866 guit
574 810 764 849 eorum
815 795 1098 848 hominum
1145 793 1480 846 indetiuitam
1535 794 1834 860 rationem,
1892 797 1986 863 qui

407 888 586 942 varias
610 897 803 956 praeter
827 886 1167 940 Dominicam
1197 884 1449 937 initiandi
1475 883 1740 941 formulas
1768 903 1797 940 a
1824 888 1988 941 disci-

410 981 554 1050 pulis
611 979 846 1033 traditas
898 976 1297 1032 incredibiliter
1351 975 1600 1044 fingunt;
1651 979 1745 1032 sed
1796 979 1984 1034 eadem

408 1087 627 1141 quoque
694 1070 911 1124 videtur
971 1070 1213 1122 inserere
1268 1066 1556 1122 Dominico
1613 1068 1776 1123 eﬂ‘ato
1848 1071 1987 1126 alias

408 1178 594 1228 voces,
640 1177 779 1232 quas
829 1158 1244 1213 iudiﬂ'erentiatn
1296 1173 1422 1226 erga
1473 1159 1602 1211 illud
1654 1160 1798 1214 haud
1849 1164 1988 1218 satis

411 1256 583 1316 tueri,
643 1268 749 1307 non
805 1252 1042 1307 absurde
1098 1250 1314 1304 causari
1367 1251 1513 1304 licet.
1569 1250 1732 1320 Atqui
1795 1270 1986 1308 revera

411 1347 690 1414 negotium
739 1359 843 1398 non
896 1343 968 1396 ita
1013 1357 1071 1396 se
1111 1341 1269 1394 habet
1301 1359 1314 1393 :
1347 1356 1455 1395 non
1509 1343 1654 1396 cnim
1689 1359 1850 1398 voces
1884 1347 1989 1401 illa:

410 1438 705 1506 quidquam
751 1435 865 1489 fieri
898 1443 1162 1496 statuunt,
1201 1442 1398 1500 przeter
1429 1431 1725 1488 Dominicae
1757 1435 1990 1490 locutio-

409 1529 497 1583 nis
536 1528 800 1582 terminos
831 1538 998 1595 atque
1031 1525 1360 1590 oraculum;
1402 1541 1580 1594 neque
1631 1528 1733 1581 sibi
1785 1529 2014 1598 prtem-9

412 1621 647 1691 gativam
710 1620 874 1688 hujus
930 1617 1251 1684 vindicant;
1318 1619 1412 1673 sed
1481 1620 1610 1686 ipsze
1678 1622 1862 1688 potius
1922 1622 1988 1676 ad

408 1714 717 1783 praedictam
750 1711 894 1764 illam
940 1710 1370 1774 regenerationis
1406 1709 1704 1764 formulam
1742 1712 1992 1765 referun-

411 1814 516 1869 tur,
543 1815 706 1872 atque
723 1785 972 1857 eamdem
1005 1811 1116 1854 tota
1150 1817 1376 1855 suorum
1405 1802 1666 1855 varietate
1695 1804 1989 1857 verborum

406 1896 722 1966 signiﬁcant
749 1909 814 1948 ac
840 1894 1148 1961 designant.
1175 1892 1316 1958 Quid
1356 1893 1523 1961 igitur
1548 1895 1838 1949 dicendum
1866 1896 1988 1952 est?

381 1965 559 2059 quid,
615 1986 861 2054 inquam.
909 1983 1055 2038 aliud
1099 1993 1297 2053 praeter
1350 1983 1405 2038 id
1445 1985 1590 2054 quod
1625 1983 1739 2053 jam
1774 1986 1984 2062 dictum
2017 1965 2060 2020 Β

406 2076 534 2133 est?
597 2076 856 2130 nimirum
920 2074 1160 2145 generali
1224 2075 1451 2129 notione
1505 2075 1797 2132 dicendum
1861 2088 1985 2143 est,

407 2169 592 2224 omnia
648 2184 772 2239 qum
830 2169 1299 2236 regenerationem
1359 2166 1669 2238 significant
1725 2170 1982 2234 nomina,

408 2264 525 2318 vice
551 2261 702 2330 fungi
743 2260 1047 2314 facularum
1091 2259 1452 2328 quarumdam
1503 2260 1823 2325 lucentium,
1868 2277 1988 2330 qua:

408 2358 465 2410 in
491 2355 734 2410 divinum
769 2353 922 2406 illum
963 2361 1018 2406 et
1055 2351 1378 2419 originalem
1415 2360 1470 2405 et
1515 2351 1880 2407 immortalem
1922 2368 1986 2408 ac

409 2460 705 2516 perennem
756 2445 935 2512 ignem
988 2441 1374 2498 refundantur.
1430 2442 1618 2512 Neque
1666 2460 1799 2498 sane
1856 2445 1987 2515 ipsa:

410 2537 552 2608 ignis
595 2537 683 2590 ille
718 2535 1067 2605 purgatorius
1106 2543 1254 2600 sunt,
1308 2550 1484 2604 neque
1519 2549 1614 2604 per
1646 2534 1793 2606 ipsas
1836 2552 1988 2606 rege-

412 2631 623 2685 ueratio
646 2628 703 2682 fit
730 2646 744 2682 :
769 2643 892 2681 nam
920 2641 1062 2682 unus
1085 2626 1281 2697 estqui
1307 2626 1725 2681 inenarrabilcm
1755 2627 1984 2697 gratiam

408 2730 572 2791 atque
607 2719 952 2788 adoptionem
985 2718 1203 2773 confert
1230 2719 1394 2790 ignis,
1436 2717 1543 2772 illae
1575 2727 1757 2771 autem
1796 2716 1986 2772 facul:e

409 2813 554 2866 hunc
605 2812 922 2876 ostendunt,
958 2811 1079 2865 aliae
1117 2811 1336 2880 quidem
1386 2811 1609 2874 clarius,
1663 2810 1784 2865 aliae
1824 2811 1985 2878 paulo

404 2908 694 2962 obscurius
769 2907 840 2960 ita
876 2915 1054 2961 tamen
1107 2916 1166 2960 ut
1203 2923 1362 2961 unam
1396 2907 1754 2976 eamdemque
1803 2906 1986 2960 initia-

407 3003 604 3054 tinucm
657 3001 885 3070 mystice
943 3011 1108 3069 atque
1170 3014 1369 3053 arcane
1429 2999 1585 3052 nobis
1653 2997 1981 3068 signiﬁcent.

406 3091 659 3148 Profecto
703 3093 1086 3148 considerandi
1139 3090 1423 3153 studiosis,
1466 3099 1631 3158 atque
1675 3091 1742 3144 iis
1771 3091 1865 3160 qui
1917 3090 1984 3143 ad

406 3183 848 3253 cognoscendum
920 3182 1205 3259 nominum
1269 3181 1673 3249 verborumque
1758 3197 1982 3236 sensum

409 3277 584 3344 gratia
617 3275 845 3344 spiritus
880 3274 1232 3342 adjuvantur,
1282 3283 1479 3326 cuncta
1515 3288 1638 3340 (ιιιιιι
1671 3287 1838 3341 supra
1872 3272 1985 3325 sin-
2013 3298 2056 3360 ρ

409 3368 636 3437 Sidatim
670 3366 813 3420 dicta
845 3364 1016 3428 fuere,
1049 3364 1380 3433 baptismum
1413 3362 1464 3416 in
1500 3364 1662 3416 Patre
1702 3371 1755 3416 et
1798 3363 1908 3418 filio
1937 3373 1992 3419 et

414 3459 618 3530 Spiritu
651 3464 843 3512 sancto
873 3455 1190 3526 praedicant.
1229 3453 1431 3508 Verum
1487 3455 1518 3508 ii
1555 3453 1647 3523 qui
1681 3453 1734 3507 in
1778 3455 1992 3508 aurium

2093 711 2436 776 συνεξέτασις
2463 755 2478 778 ,
2512 713 2612 766 οὐκ
2658 715 2904 777 ἐκείνους
2937 716 3141 784 μόνους
3164 716 3413 786 ἐλέγχειν
3447 717 3569 785 ἔσχε
3622 719 3687 768 τὸ

2090 803 2524 872 ἁπαράγραπτον
2547 843 2561 864 ,
2585 804 2634 856 οἳ
2657 803 2949 874 διαφόρους
2985 808 3377 874 μυσταγωγίας
3404 809 3558 876 παρὰ
3584 809 3683 877 τὴν

2089 896 2411 967 δεσποτικὴν
2428 899 2844 968 τερατολογοῦσι
2860 901 2986 962 τοὺς
3009 901 3259 971 μαθητάς
3285 903 3680 968 ἐπιδείξασθαι,

2089 988 2225 1042 ἀλλά
2246 1006 2309 1058 γε
2338 991 2486 1043 δοκεῖ
2517 995 2857 1063 παρενείρειν
2886 995 3020 1058 ὅλως
3046 997 3145 1065 τῆς
3169 996 3513 1066 Δεσποτικῆς
3539 999 3679 1068 ἱερο-

2088 1082 2274 1149 λογίας
2298 1085 2659 1155 προκειμένης
2699 1085 2888 1155 ἐτέρας
2930 1086 3132 1155 φωνὰς,
3158 1087 3213 1140 αἶ
3235 1087 3308 1158 μὴ
3338 1092 3480 1140 κατὰ
3506 1091 3681 1143 πάντα

2091 1174 2225 1244 πρὸς
2256 1175 2426 1244 αὐτὴν
2458 1175 2518 1226 τὸ
2547 1175 2962 1244 ἀπαράλλακτον
2996 1177 3353 1241 διασώζουσιν
3386 1187 3414 1215 η
3443 1181 3680 1245 ἀποφαί-

2089 1283 2200 1319 νειν
2236 1265 2335 1318 οὐκ
2371 1265 2634 1320 ἀναίτιον.
2669 1267 2741 1320 Τὸ
2779 1267 2833 1319 δὲ
2856 1307 2869 1328 ,
2907 1267 3059 1320 οὐδὲν
3089 1269 3333 1322 τοιοῦτόν
3379 1272 3530 1323 ἐστιν
3565 1287 3578 1299 ο
3610 1272 3674 1323 οὐ

2091 1357 2199 1428 γὰρ
2271 1357 2746 1427 ἁντινομοθετοῦσι
2808 1359 3069 1428 πράττειν
3123 1361 3273 1431 παρὰ
3323 1362 3417 1413 τὸν
3464 1364 3680 1431 ἐκείνης

2089 1451 2212 1520 ὅρον
2244 1449 2337 1503 καὶ
2392 1449 2452 1502 τὸ
2493 1449 2790 1520 θέσπισμα,
2825 1451 2932 1503 οὐδ’
2977 1452 3056 1515 είς
3104 1453 3306 1514 ἑαυτὰς
3346 1455 3677 1522 περιϊστῶσι

2090 1539 2149 1590 τὸ
2178 1539 2382 1609 ταύτης
2414 1539 2724 1609 προνόμιον,
2755 1542 2833 1603 είς
2864 1537 3031 1611 αὐτὴν
3061 1541 3115 1593 δὲ
3149 1543 3316 1610 μόνην
3341 1545 3677 1613 ἀναφέρουσι

2090 1629 2182 1682 τὸν
2213 1629 2309 1698 τῆς
2337 1629 2754 1697 παλιγγενεσίας
2791 1631 2968 1699 λόγον,
3005 1633 3099 1684 καὶ
3129 1633 3336 1703 ταύτην
3363 1637 3422 1687 ἐν
3458 1640 3523 1704 τῇ
3562 1655 3682 1690 ποι-

2093 1720 2239 1792 κιλίᾳ
2277 1721 2384 1773 τῶν
2427 1721 2706 1791 ὀνομάτων
2731 1723 3149 1792 διασημαίνουσί
3175 1743 3232 1778 τε
3263 1732 3357 1779 καὶ
3393 1728 3681 1795 ἀπαγγέλ-

2093 1811 2265 1864 λουσι.
2307 1811 2370 1864 Τί
2401 1810 2492 1864 οὖν
2518 1812 2599 1864 δεῖ
2626 1812 2841 1880 λέγεινς
2869 1814 2920 1866 τί
2953 1814 3007 1866 δὲ
3040 1814 3168 1868 ἄλλο
3205 1817 3336 1888 παρ’
3360 1818 3387 1869 ὃ
3421 1819 3637 1889 εἴρηται
3666 1840 3679 1885 ;

2095 1904 2188 1957 καὶ
2216 1903 2733 1974 παραδειγματικῶς
2779 1906 2952 1957 εἰπεῖν
2985 1906 3067 1958 ὅτι
3104 1909 3283 1961 πάντα
3307 1911 3406 1962 ὅσα
3441 1911 3541 1978 τὴν
3573 1928 3682 1964 πα-

2087 1992 2426 2062 λιγγενεσίαν
2443 1995 2916 2065 ἐπισημαίνονται,
2943 1990 3054 2050 οἷον
3077 1996 3370 2067 λαμπάδες
3401 2002 3511 2056 είσί
3540 2020 3684 2066 τινες

2087 2087 2490 2157 φωταυγοῦσαι,
2545 2088 2641 2141 καὶ
2668 2089 2803 2160 πρὸς
2847 2089 2908 2142 τὸ
2935 2090 3078 2144 Θεῖον
3101 2092 3196 2144 καὶ
3237 2097 3476 2160 πηγαῖον
3502 2097 3685 2148 ἐκεῖνο

2086 2181 2181 2234 καὶ
2207 2182 2484 2252 ἀκήρατον
2509 2180 2601 2233 καὶ
2634 2180 2860 2234 ἀένναον
2906 2183 3291 2252 ἀναχεόμεναι.
3329 2186 3402 2236 Οὐ
3448 2185 3556 2255 μὴν
3589 2187 3685 2238 αὐ-

2085 2269 2175 2322 ταί
2232 2287 2295 2338 γε
2347 2270 2454 2322 εἰσὶ
2505 2269 2566 2322 τὺ
2607 2267 2903 2339 καθάρσιον
2963 2269 3094 2340 πῦρ,
3120 2273 3242 2326 οὐδὲ
3286 2274 3430 2326 κατὰ
3477 2275 3684 2338 ταύτας

2085 2361 2542 2431 τελεσιουργεῖται
2589 2361 2622 2430 ή
2675 2362 3064 2433 ἀναγέννησις·
3111 2364 3226 2417 ἀλλ’
3273 2365 3331 2418 ἓν
3396 2367 3497 2436 μέν
3533 2369 3685 2421 ἐστιν

2088 2457 2262 2507 ἐκεῖνο
2290 2455 2350 2508 τὸ
2385 2455 2483 2526 τὴν
2509 2455 2650 2526 ὑπὲρ
2683 2455 2841 2524 λόγον
2891 2457 3050 2528 χάριν
3076 2459 3170 2511 καί⁹
3203 2459 3481 2514 υἱοθεσίαν
3524 2479 3686 2532 χαριο

2088 2543 2333 2613 ξάμενον,
2370 2545 2550 2598 ἐκεῖνα
2595 2544 2651 2597 δὲ
2674 2542 2832 2597 τοῦτο
2866 2545 3239 2616 παραδηλοῦσι
3275 2564 3291 2579 ο
3330 2550 3399 2600 τά
3453 2549 3554 2619 μὲν
3582 2567 3686 2602 σα-

2088 2635 2367 2704 φέστερον,
2424 2636 2492 2687 τά
2535 2635 2592 2688 δὲ
2636 2637 3168 2707 αίνιγματικώτερον
3212 2639 3306 2690 καὶ
3354 2639 3451 2708 τὴν
3510 2640 3684 2710 αὐτὴν

2088 2721 2119 2788 ἡ
2129 2723 2216 2788 μίν
2242 2720 2335 2772 καὶ
2358 2720 2486 2789 μίαν
2505 2722 2891 2790 μυσταγωγίαν
2921 2724 3196 2792 μυστικῶς
3223 2740 3283 2776 τε
3306 2727 3398 2778 καὶ
3418 2743 3684 2780 συνεπτυ-

2087 2813 2302 2882 γμένως
2319 2813 2490 2883 ὑποση
2500 2815 2798 2882 μαίνονται.
2821 2815 2928 2868 Καὶ
2949 2815 3056 2885 γὰρ
3077 2819 3189 2878 τοῖς
3213 2818 3310 2887 μὲν
3326 2817 3684 2885 φιλοθεάμοσι

2088 2906 2183 2959 καὶ
2200 2905 2324 2958 νοῦν
2339 2906 2619 2975 ὀνομάτων
2647 2907 2739 2959 καὶ
2774 2903 3037 2977 ῥημάτων
3054 2912 3335 2962 κατανοεῖν
3353 2912 3512 2980 χάριν
3533 2929 3606 2962 πα
3616 2911 3683 2978 ρὰ

2085 2996 2180 3050 τοῦ
2226 2999 2537 3067 πνεύματος
2577 2997 2879 3066 εἰληφόσιν,
2927 2999 3159 3052 ἕκαστον
3211 3002 3321 3052 τῶν
3365 3002 3468 3053 ἀνά
3513 3003 3680 3071 μέρος

2087 3089 2390 3158 εἰρημένων
2418 3087 2478 3140 τὸ
2505 3091 2584 3150 είς
2622 3089 2839 3160 Πατέρα
2860 3090 2952 3142 καὶ
2983 3089 3111 3142 Υίὸν
3145 3092 3238 3144 καὶ
3270 3090 3496 3160 Πνεῦμα
3528 3093 3682 3157 άγιον

2087 3179 2492 3246 ἀπαγγέλλουσι
2535 3178 2838 3248 βάπτισμα.
2889 3181 3014 3244 Τοῖς
3057 3180 3112 3234 δὲ
3158 3185 3320 3252 μέχρι
3366 3183 3466 3252 τῆς
3509 3183 3682 3248 πύλης

2088 3270 2195 3321 τῶν
2221 3268 2396 3323 ἀκοῶν
2428 3270 2519 3322 τὸν
2544 3266 2674 3340 ἦχον
2701 3270 3164 3341 παραδεχομένοις
3191 3275 3285 3326 τοῦ
3318 3276 3590 3344 ῥήματος,
3620 3277 3682 3328 τ’»

2097 3363 2142 3416 δ’
2176 3363 2321 3415 ἔνδον
2348 3363 2529 3430 κωφὸν
2555 3363 2901 3432 προϊεμένοις
2930 3366 3232 3436 κριτήριον,
3263 3369 3479 3439 μυρίοις
3509 3369 3577 3422 ἂν
3596 3369 3683 3437 εἴη

2101 3454 2446 3523 περιπταίειν
2483 3455 2594 3516 τοῖς
2631 3454 3097 3523 παραπτώμασιν.

413 3550 790 3608 tantummodo
844 3549 1033 3602 limine
1090 3546 1345 3602 vocabuli
1404 3562 1603 3602 sonum
1666 3546 1981 3617 excipiunt,
2052 3561 2197 3602 οωεο
2265 3559 2446 3602 autem
2508 3547 2770 3602 interior-0
2809 3549 3016 3617 judicio
3061 3560 3329 3617 utuntur,
3377 3551 3685 3610 innumeris

408 3640 757 3702 circumferri
781 3640 1062 3696 erroribus
1103 3640 1299 3695 solent.

480 3758 535 3812 8.
571 3755 759 3826 Neque
808 3757 862 3810 iu
907 3756 1014 3809 hoc
1061 3753 1262 3818 solum,
1305 3753 1450 3832 quod
1497 3768 1642 3808 nunc
1679 3769 1985 3817 versamus,

411 3855 690 3924 proposito
723 3852 877 3906 multi
911 3867 968 3905 re
1017 3851 1222 3906 omissa
1260 3850 1420 3905 nudis
1458 3850 1686 3905 vocibus
1735 3851 1985 3904 haerent:

411 3961 597 4000 verum
628 3943 790 3999 etiam
840 3943 977 3996 alias
1020 3941 1321 4010 saepissime
1350 3957 1364 3995 :
1393 3955 1507 4010 quo
1539 3939 1598 3994 fit
1627 3949 1684 3994 ut
1734 3939 1988 3994 lueretica

409 4036 729 4092 exoriautur
784 4031 1013 4096 zizania,
1065 4046 1184 4101 qua:
1237 4031 1447 4085 nullum
1505 4030 1692 4084 utilem
1741 4028 1984 4083 fructum

413 4130 672 4194 afferunt,
702 4127 812 4181 imo
837 4141 964 4180 vero
985 4125 1224 4178 exitialia
1260 4139 1466 4177 venena
1497 4132 1782 4194 generant.
1815 4123 1989 4176 Aliter

412 4236 470 4275 se
510 4219 650 4290 gerit
683 4219 875 4287 pietas,
918 4232 1040 4286 qua:
1088 4230 1223 4270 sane
1260 4214 1467 4282 ubique
1516 4214 1767 4281 spiritum
1799 4213 1986 4284 potius

411 4328 574 4380 quam
632 4311 868 4364 litteram
920 4316 1290 4372 consectatur,
1339 4314 1394 4360 et
1441 4305 1722 4369 religionis
1753 4305 1986 4359 fructum

413 4401 662 4474 percipit,
703 4400 930 4470 ejusque
979 4399 1238 4454 alimonia
1289 4397 1508 4462 fruitur,
1549 4397 1669 4452 sine
1714 4397 1824 4451 ulla
1874 4413 1991 4452 ser-

417 4494 624 4565 pentiui
672 4493 900 4548 seminis
927 4491 1208 4556 insitione,
1247 4491 1356 4544 imo
1383 4489 1637 4544 draconis
1679 4489 1878 4544 veteris
1921 4504 1990 4544 ne

415 4583 642 4654 vestigio
687 4582 908 4652 quidem
957 4595 1188 4649 usquam
1243 4579 1427 4632 obvio.
1483 4577 1621 4632 Nam
1668 4594 1766 4633 cur
1807 4579 1991 4634 dicere

414 4678 615 4741 liceat,
680 4675 960 4743 baptizare
1014 4672 1068 4726 in
1122 4670 1385 4735 Christo,
1436 4670 1599 4725 aliam
1651 4685 1775 4725 esse
1819 4671 1989 4742 legem

412 4771 708 4840 baptismi?
763 4770 892 4822 item
953 4781 1054 4821 cur
1111 4766 1218 4820 alia
1277 4765 1363 4820 lex
1426 4765 1542 4829 sit,
1599 4765 1881 4832 baptizare
1932 4765 1988 4818 in

409 4863 612 4917 Christi
645 4860 861 4914 morte?
883 4857 1020 4912 Nam
1051 4856 1099 4912 si
1123 4867 1355 4926 utraque
1386 4855 1592 4912 locutio
1624 4857 1710 4911 lex
1737 4855 1986 4912 iuitiandi

409 4963 514 5018 est,
553 4950 798 5022 profecto
845 4951 994 5022 leges
1033 4949 1267 5004 invicem
1301 4957 1622 5018 repugnant.
1652 4947 1823 5002 Porro
1867 4949 1991 5020 qui-

2160 3744 2231 3815 η’.
2285 3745 2398 3798 Οὐκ
2436 3745 2528 3799 ἐπὶ
2574 3746 2742 3817 μόνης
2787 3747 2844 3802 δὲ
2887 3749 2984 3818 τῆς
3040 3749 3326 3822 παρούσης
3368 3750 3684 3816 ὑποθέσεως

2088 3835 2269 3905 ψιλαῖς
2295 3838 2415 3898 ταῖς
2444 3835 2623 3901 λέξεσι
2666 3837 2856 3892 πολλοὶ
2887 3839 2995 3892 τῶν
3027 3842 3369 3912 πραγμάτων
3407 3845 3686 3896 ἀποστάν-

2087 3946 2179 3992 τες
2207 3929 2612 3999 περικάθηνται
2649 3946 2662 3960 ⁸
2705 3930 2841 3984 ἀλλὰ
2873 3932 2966 3984 καὶ
2997 3933 3088 3985 ἐπὶ
3128 3934 3342 4003 μυρίων
3370 3934 3568 4000 ἄλλων,
3610 3938 3682 3990 δι’

2089 4014 2164 4075 ὧν
2190 4021 2258 4074 τὰ
2286 4023 2534 4091 αἱρετικὰ
2552 4023 2650 4094 τῆς
2680 4022 3007 4092 Ἐκκλησίας
3041 4025 3402 4094 παραφυέντα
3436 4025 3681 4090 ζιζάνια,

2091 4114 2301 4185 καρπὸν
2332 4115 2430 4185 μὲν
2461 4114 2652 4167 οὐδένα
2677 4115 2945 4185 τρόφιμον
2990 4119 3264 4188 γεωργεῖ,
3294 4119 3681 4190 δηλητηριῶόη

2088 4205 2142 4258 δὲ
2170 4204 2458 4275 βλαστάνει
2498 4205 2783 4274 φάρμακα.
2822 4205 2963 4258 Ἀλλ’
2997 4207 3094 4276 οὐχ
3126 4206 3297 4271 οὕτως
3341 4210 3374 4280 ἡ
3402 4209 3681 4276 εὐσέϐεια,

2095 4295 2372 4366 πανταχοῦ
2397 4295 2453 4349 δὲ
2482 4295 2682 4367 μᾶλλον
2709 4295 2804 4348 τοῦ
2829 4297 3141 4368 πνεύματος
3170 4299 3202 4369 ἢ
3229 4298 3322 4351 τοῦ
3349 4302 3684 4371 γράμματος

2090 4387 2372 4458 γινομένη,
2406 4387 2502 4442 καὶ
2532 4385 2624 4440 τὸν
2659 4387 2871 4458 καρπὸν
2900 4390 2997 4459 τῆς
3023 4388 3304 4453 εὐσεϐείας
3334 4392 3514 4462 τρυγᾷ
3541 4435 3556 4456 ,
3592 4396 3685 4447 καὶ

2098 4477 2304 4548 τροφῆς
2337 4475 2893 4546 ἀπολαύει,οὐδεμιᾶς
2917 4478 3352 4549 ἐπιμιγνυμένης
3383 4482 3523 4551 αὐτῇ
3554 4482 3685 4552 δρα-

2094 4569 2340 4633 κοντείας
2367 4569 2696 4640 ὲπισπορᾶς,
2721 4568 2835 4623 ἀλλ’
2853 4570 2974 4623 οὐδὲ
2998 4571 3140 4640 ἴχνος
3168 4573 3319 4626 οὐδὲν
3342 4575 3646 4641 ὑποφαινού
3663 4604 3682 4614 -

2095 4678 2195 4732 σης
2223 4659 2318 4715 τοῦ
2352 4660 2581 4714 παλαιοῦ
2613 4662 2809 4730 ὄφεως.
2853 4662 3006 4716 Ἐπεὶ
3039 4663 3154 4726 πῶς
3187 4663 3253 4716 ἂν
3283 4666 3368 4733 εἴη
3399 4666 3580 4734 λέγειν
3605 4667 3678 4729 ὡς

2092 4753 2154 4806 τὸ
2172 4753 2249 4816 εἰς
2275 4753 2509 4824 Χριστὸν
2535 4752 2840 4822 βαπτίζειν,
2864 4752 3050 4824 ’ἑτερος
3074 4754 3235 4822 νόμος
3262 4753 3643 4825 βαπτίσματος
3664 4772 3679 4819 ;

2093 4841 2284 4907 πῶςνδ’
2325 4841 2482 4906 ἄλλος
2506 4842 2566 4894 τὸ
2597 4844 2674 4904 είς
2708 4842 2798 4893 τὸν
2831 4840 2925 4893 τοῦ
2964 4840 3202 4911 Χριστοῦ
3245 4840 3532 4910 βαπτίζειν
3579 4843 3682 4895 θά-

2092 4953 2283 5002 νατον;
2329 4935 2390 4988 El
2433 4935 2541 5007 γὰρ
2587 4935 2686 5005 τῆς
2725 4933 3114 5005 μυσταγωγίας
3153 4933 3316 5003 νόμος
3349 4930 3429 5005 ’ἦν
3470 4935 3677 4988 τούτων

416 5046 518 5099 bus
554 5020 1255 5114 argumentis—alterutram
1295 5040 1604 5094 convellere
1641 5039 1987 5095 machinabe—

2097 5030 2377 5101 ἑκάτερον,
2402 5027 2650 5098 ἀλλήλοις
2676 5026 3131 5096 ἁντενομοθέτουν
3160 5027 3225 5081 ἄν
3246 5043 3263 5096 _'
3291 5028 3386 5080 καὶ
3404 5027 3473 5081 δι’
3497 5020 3573 5080 ὧν
3594 5043 3680 5090 τις

409 5134 508 5195 ris,
563 5131 762 5188 iisdem
817 5131 1084 5201 reliquam
1135 5129 1297 5184 simul
1355 5139 1588 5186 evertes.
1639 5127 1904 5184 Similiter
1948 5130 1996 5186 si

417 5228 500 5281 Ine
552 5226 873 5280 locutiones
917 5225 1027 5278 vim
1063 5223 1184 5277 latae
1224 5222 1358 5293 legis
1415 5223 1695 5288 haberent,
1747 5224 1835 5276 illa
1885 5223 1992 5290 iam

419 5317 708 5372 Dominico
759 5333 854 5371 ore
905 5315 1256 5386 pronuntiata
1311 5314 1559 5369 iuitiaudi
1606 5313 1838 5370 formula
1879 5332 1986 5370 non

418 5410 696 5467 immerito
733 5407 1009 5464 videretur
1045 5406 1254 5463 inutilis
1302 5420 1367 5460 ac
1416 5421 1821 5475 supervacanea
1855 5423 1870 5463 :
1905 5407 1986 5460 vel

2100 5122 2430 5193 ἀνατρέπειν
2459 5121 2733 5191 ἐπεχείρει
2763 5121 3009 5190 θάτερον,
3039 5117 3099 5172 τὸ
3136 5119 3322 5172 λοιπδν
3358 5119 3681 5188 συνανέτρε-

2101 5233 2224 5271 πεν.
2274 5216 2547 5277 Ὡσαύτως
2573 5213 2629 5266 δὲ
2663 5213 2755 5266 καὶ
2788 5215 2836 5266 εί
2870 5213 3050 5284 νόμων
3096 5214 3356 5284 εἰσφορᾶς
3386 5213 3681 5283 προνόμιον

2096 5303 2240 5380 εἶχον
2280 5307 2349 5360 τά
2385 5305 2631 5368 τοιαῦτα,
2669 5305 2769 5357 οὐκ
2803 5305 3013 5372 ἀλόγως
3059 5305 3124 5358 ἂν
3169 5309 3264 5358 καὶ
3311 5306 3345 5374 ἡ
3390 5302 3681 5371 δεσποτικὴ

2104 5399 2458 5470 μυσταγωγία
2509 5399 2589 5462 εἰς
2621 5397 2680 5450 τὸ
2731 5400 2986 5469 περιττόν
3017 5416 3077 5452 τι.
3101 5399 3198 5452 καὶ
3243 5397 3516 5469 ἄχρηστον
3547 5413 3675 5465 παρ-

1705 5579 1940 5635 VARUS
1985 5576 2394 5644 LECTIONES,

541 5724 572 5754 ιι
608 5712 750 5770 Num
783 5713 1127 5771 scribendum
1154 5712 1220 5775 ἃς
1253 5740 1318 5751 —-
1353 5707 1672 5773 διασώζεινῖ
