3888 6186
179 192 294 257 3U

1138 204 1240 262 AD
1273 205 1869 300 AMPHiLOCHIUM
1899 212 2244 284 QUIESTIO
2291 222 2515 282 XLIII.

3359 231 3467 302 3i!

177 305 408 359 εδύετο⁶
458 305 686 377 κάκείνη
738 307 901 363 πάλιν
951 310 1156 366 τούτων
1199 315 1456 370 ἁπάντων
1509 319 1750 390 εἰσηγεῖτ

1884 325 2065 389 potius
2124 328 2236 382 haec
2289 331 2404 400 ipsa
2455 334 2837 403 praedictarum
2901 339 3146 396 omnium
3204 359 3304 414 pro
3359 366 3458 405 sua

181 397 326 466 μετὰ
347 397 732 471 λαμπροτέρας
759 402 857 473 τῆς
883 403 1068 472 ἰσχύος
1099 407 1304 460 καὶτοῦ
1333 407 1648 479 ἀξιώματος
1672 413 1770 481 τὴν

175 491 478 562 ἀναίρεσιν.
507 492 717 546 Οὐκοῦν
743 495 838 547 καὶ
863 495 971 548 ἀπὸ
1007 497 1109 567 τῆς
1146 499 1352 571 ἄλληλα
1377 501 1484 554 τῶν
1512 502 1774 566 πολλάκις

178 584 487 653 εἰρημένων
532 587 792 656 ῥημάτων
820 589 1328 648 ἀποσκευάσασθαι.
1358 593 1524 646 Ἀλλὰ
1547 594 1602 647 τί
1639 612 1771 648 ποτε

177 672 246 749 ἦν
267 679 296 732 ὃ
318 680 488 749 λέγει,
521 683 553 753 ἦ
596 685 678 738 ὅτι
719 685 807 738 διὰ
855 683 1012 738 τοῦτο
1058 688 1133 759 μὴ
1168 690 1581 761 προηγούμενον
1609 691 1772 763 ἔργον

177 772 387 843 ἐθέμην
429 775 490 828 τὸ
526 776 844 849 βάπτισμα;
878 799 898 833 ι
950 781 1068 834 Ἵνα
1097 781 1173 850 μὴ
1200 781 1278 852 τῷ
1309 781 1505 853 πλήθει
1533 783 1643 837 τῶν
1673 785 1771 854 βα-

176 865 524 935 πτιζομένων
553 870 712 936 δόξαν
735 873 958 943 ἐμαυτῷ
980 875 1311 944 περιάπτειν
1338 879 1448 940 τοῖς
1477 876 1772 947 βασκάνοις

177 959 398 1026 λέγειν,
447 963 542 1015 καὶ
586 963 656 1014 τὰ
716 965 979 1019 κάλλιστα
1026 967 1106 1038 τῷ
1167 967 1348 1038 φθόνῳ
1395 967 1612 1038 βάλλειν
1654 970 1770 1039 βίον

177 1051 544 1121 ποιουμένοις,
586 1052 860 1122 πρόφασιν
887 1057 981 1110 ἐπὶ
1025 1057 1244 1129 διαϐολῇ
1273 1058 1520 1130 παρέξω,
1546 1060 1640 1112 καὶ
1671 1060 1770 1131 τὴν

177 1143 456 1212 σωτηρίαν
493 1142 603 1196 τῶν
636 1144 1099 1217 ἀναγεννωμένων
1134 1148 1488 1218 καπηλεύειν,
1524 1150 1768 1212 ἐπαίνοις

178 1231 332 1296 ἰδίοις
368 1234 430 1287 τὸ
457 1233 626 1305 δῶρον
657 1236 752 1289 τοῦ
786 1237 1104 1309 Πνεύματος
1139 1240 1458 1311 ἐνυϐρίζων.
1498 1259 1516 1292 ι
1552 1241 1661 1296 Καὶ
1698 1241 1768 1295 δι’

173 1327 352 1382 ἄλλων
405 1329 460 1382 δὲ
521 1330 730 1400 μυρίων
785 1331 902 1386 ἔστι
954 1333 1213 1404 συνιδεῖν,
1271 1335 1348 1398 ὡς
1400 1337 1434 1406 ή
1491 1333 1618 1401 δόξα
1671 1333 1766 1390 καὶ

170 1423 198 1471 ὸ
226 1418 451 1483 ἔπαινος
479 1420 576 1474 καὶ
607 1422 640 1490 ἡ
673 1421 810 1493 τιμὴ
839 1423 1166 1493 σημαίνεται
1197 1425 1278 1497 τῷ
1300 1425 1550 1497 ὀνόματι.

1877 413 2240 474 luculentiore
2267 421 2314 474 vi
2338 437 2402 477 ac
2431 422 2694 494 dignitate
2724 427 3133 499 abrogationem
3159 413 3459 496 inveheret.

1875 502 2057 569 Quare
2087 505 2340 564 formula:
2373 511 2484 578 jam
2530 529 2676 584 saepe
2723 531 3034 576 memoratae
3078 523 3309 580 invicem
3356 544 3459 584 ex-

1874 609 2198 666 pungerent.
2251 601 2392 668 Quid
2453 615 2634 660 autem
2693 606 2845 664 Pauli
2895 613 3027 666 illud
3089 616 3346 672 dictum?
3398 636 3460 676 se

1877 687 2137 743 nimirum
2174 692 2317 747 haud
2348 697 2676 767 praecipuam
2723 701 2938 758 dedisse
2969 721 3192 773 operam
3247 717 3305 763 ut
3353 711 3458 767 ba-

1872 779 2100 848 ptizaret
2161 786 2214 850 εζι
2249 782 2346 850 Ne,
2396 787 2609 856 inquit,
2646 794 2994 851 multitudine
3050 798 3448 868 haptizatorum

1870 871 2098 941 gloriam
2135 877 2388 933 mihimet
2421 897 2508 936 me
2540 898 2785 951 quaerere
2811 887 3054 944 dicerent
3079 891 3248 947 invidi
3279 915 3291 949 :
3322 912 3458 951 neve

1871 963 1938 1019 iis
2000 967 2372 1024 calumniandi
2442 991 2632 1029 ansam
2693 980 3032 1047 praeberem,
3093 986 3186 1054 qui
3245 989 3452 1056 optima

1869 1071 2100 1126 quaeque
2153 1059 2323 1114 livore
2375 1077 2478 1118 suo
2549 1065 2807 1122 insectari
2873 1072 3091 1141 solent;
3157 1085 3322 1147 atque
3381 1081 3454 1134 ita

1869 1148 2104 1204 Salutem
2149 1162 2466 1208 renatorum
2503 1157 2658 1213 lucro
2703 1161 2984 1229 haberem,
3027 1167 3155 1220 dum
3195 1169 3452 1228 laudibus

1871 1241 2110 1309 propriis
2177 1245 2442 1302 adversus
2504 1247 2742 1319 Spiritus
2797 1254 3002 1310 donum
3057 1259 3302 1328 injurias
3361 1263 3457 1317 tie—

1867 1346 1982 1384 rem
1997 1333 2064 1386 ’9.
2094 1353 2112 1386 ι
2144 1335 2366 1390 Detnum
2389 1341 2791 1399 earinuumeris
2814 1346 2937 1401 aliis
2961 1349 3097 1404 locis
3119 1366 3453 1422 cognoscere

1866 1439 2162 1493 possumus
2211 1430 2442 1496 gloriam
2481 1443 2536 1488 et
2559 1435 2776 1491 laudem
2808 1448 2864 1494 et
2892 1439 3156 1497 honorem
3188 1445 3451 1500 vocabulo

1868 1502 2058 1573 nomen
2093 1522 2338 1591 signiﬁca
2351 1525 2391 1578 ri
2405 1566 2419 1579 .

242 1599 310 1653 θ’.
338 1600 448 1655 Καὶ
466 1600 528 1672 δὴ
545 1602 630 1656 διὰ
649 1601 854 1659 τούτων
872 1606 906 1676 ἡ
931 1605 1154 1678 τοιαύτη
1182 1607 1504 1680 θεωρία,καὶ
1527 1608 1613 1662 ἐπ’
1637 1608 1756 1663 αύτὲ

1948 1608 2002 1664 θ.
2045 1609 2185 1676 Quin
2241 1615 2379 1670 adeo
2423 1617 2674 1674 doctrina
2727 1621 3041 1694 bujusmodi
3092 1642 3187 1697 per
3236 1628 3453 1700 singula

171 1684 239 1744 τά
265 1693 580 1746 καθέκαστα
601 1693 710 1746 τῶν
729 1695 1007 1766 ὀνομάτων
1023 1697 1307 1754 διαϐαίνει.
1321 1700 1388 1753 Ἀ
1409 1699 1472 1772 δὴ
1483 1699 1575 1753 τὸν
1590 1700 1770 1770 διαφο-

175 1783 375 1853 ρισμὸν
403 1785 498 1838 καὶ
535 1786 632 1858 τὴν
661 1787 948 1860 διαστολὴν
980 1793 1216 1844 ποιεῖται
1262 1791 1372 1845 τῶν
1408 1791 1717 1862 προσώπων
1748 1809 1762 1824 ·

172 1875 266 1926 καὶ
297 1873 394 1928 νῦν
442 1878 542 1946 μὲν
579 1879 810 1949 μίμησιν
838 1896 962 1934 τινα
1005 1886 1100 1937 καὶ
1145 1884 1406 1954 ὁμοίωσιν
1436 1885 1530 1939 τοῦ
1561 1885 1767 1956 κατάρ-

171 1962 362 2028 ξαντος
423 1968 718 2039 προσώπου
790 1972 1044 2042 πράξεώς
1100 1992 1246 2038 τινος
1306 1977 1764 2048 μεγαλοπρεποῦς

169 2058 509 2125 ἀπαγγέλλει
541 2075 555 2090 ο
601 2061 697 2114 νῦν
738 2062 796 2116 δὲ
847 2064 1094 2136 φυλακὴν
1142 2067 1235 2120 καὶ
1279 2068 1608 2139 συντήρησιν
1658 2068 1764 2123 τῶν

171 2152 652 2223 παραγγελμάτων
695 2155 1023 2226 ὑπογράφει.
1056 2159 1238 2232 Ταύτῃ
1271 2160 1382 2230 γὰρ
1428 2164 1523 2215 καὶ
1552 2165 1632 2226 είς
1672 2162 1763 2216 τὸν

170 2240 382 2311 Μωσῆν
413 2244 462 2296 οί
519 2244 852 2315 Ἰσραηλῖται
900 2247 1268 2318 βαπτίσασθαι
1309 2253 1418 2322 (Η)
1467 2252 1717 2322 λέγονται
1744 2271 1760 2286 ο

169 2324 282 2384 οἷον
330 2334 539 2387 ἐκεῖνον
589 2336 922 2407 μιμούμενοι
968 2338 1066 2410 τὴν
1110 2341 1284 2410 ὑγρὰν
1314 2343 1478 2411 φύσιν
1521 2344 1761 2409 πεζοπο-

172 2423 400 2493 ροῦντες
431 2428 591 2481 ποσὶν
634 2430 891 2501 ἀϐρόχοις
919 2431 1179 2505 διέϐησαν
1202 2450 1216 2464 °
1250 2436 1346 2489 καὶ
1373 2437 1476 2507 τῆς
1506 2439 1762 2510 πράξεως

171 2518 420 2586 ἡγεμόνα
451 2520 834 2592 ποιησάμενοι,
880 2525 972 2577 καὶ
999 2523 1138 2594 πρὸς
1165 2527 1331 2582 αὐτὸν
1353 2531 1486 2601 ὁρᾷν
1509 2530 1636 2601 ὃλην
1661 2531 1760 2604 τὴν

171 2608 366 2663 ἐλπίδα
407 2611 772 2682 ἀναθέμενοι,
801 2613 908 2668 τῶν
952 2619 1267 2685 Αἰγυπτίων
1309 2621 1408 2690 τῆς
1468 2621 1761 2693 ἐπιϐουλῆς

170 2704 438 2774 ὤφθησαν
476 2707 758 2777 κρείττους
790 2724 806 2740 ·
860 2710 953 2763 καὶ
995 2704 1077 2775 οἷς
1120 2714 1274 2766 αὐτοὶ
1338 2714 1576 2786 ῥείθροις
1637 2717 1758 2770 οὐδὲ

166 2797 296 2860 τοὺς
327 2798 496 2863 πόδας
537 2801 859 2869 ἐνοτίζοντο,
891 2802 1102 2868 τούτοις
1130 2805 1495 2877 ὑποϐρυχίους
1535 2809 1758 2878 γινομέ-

168 2907 293 2953 νους
332 2891 460 2955 τοὺς
505 2892 740 2957 διώκτας
783 2895 1010 2950 ἔϐλεπον
1048 2913 1062 2928 ο
1105 2899 1200 2951 καὶ
1229 2897 1448 2962 διπλαῖς
1488 2899 1756 2970 εὐφροσύ-

169 2997 290 3046 ναις
317 2982 649 3060 ἐνετρύφων,
681 2987 780 3057 τῆς
810 3005 868 3040 τε
903 2989 1013 3042 τῶν
1043 2990 1256 3061 ἐχθρῶν
1279 2993 1583 3064 παραδόξου
1619 3011 1756 3047 πανο

169 3074 509 3146 ωλεθρίας,.
541 3079 634 3134 καὶ
695 3082 796 3150 τῆς
854 3082 990 3145 ἰδίας
1041 3084 1182 3153 ὑπὲρ
1242 3085 1398 3154 λόγον
1461 3087 1754 3158 σωτηρίας.

168 3165 441 3240 Τοιαύτης
471 3169 618 3232 τινὸς
643 3172 965 3237 ἀκολουθίας
1004 3173 1217 3244 ἔχεται,
1249 3176 1344 3228 καὶ
1381 3159 1526 3246 άπερ
1551 3178 1650 3248 τῆς
1677 3180 1757 3232 0i-

169 3260 448 3331 κουμένης
497 3263 526 3315 ό
554 3262 890 3327 Διδάσκαλος
940 3264 1105 3336 φησίν
1132 3281 1148 3296 ·
1198 3267 1385 3320 «Ὅσοι
1412 3271 1491 3332 εἰς
1521 3267 1756 3338 Χριστὸν

168 3350 606 3423 ἐϐαπτίσθημεν,
634 3357 714 3418 είς
743 3355 834 3408 τὸν
858 3355 1087 3411 θάνατον
1114 3358 1279 3411 αὐτοῦ
1313 3360 1754 3432 ἐϐαπτίσθημενξο

168 3445 257 3497 διὰ
294 3446 397 3515 μὲν
429 3447 538 3517 γὰρ
578 3448 672 3501 106
720 3468 738 3501 ι
775 3449 867 3512 Ei;
905 3450 1139 3521 Χριστὸν
1169 3453 1599 3524 ἐϐαπτίσθημεν,
1638 3472 1657 3504 ι
1695 3453 1756 3506 τὸ

168 3538 308 3593 κατὰ
335 3540 437 3610 τὴν
464 3540 673 3594 ἐκείνου
711 3544 1098 3613 μυσταγωγίαν
1135 3544 1229 3597 καὶ
1253 3545 1351 3616 τὴν
1390 3546 1757 3616 παραδεδομέ-

169 3648 270 3703 νην
295 3632 524 3702 τελετὴν
569 3635 904 3704 ἀπαγγέλλει
942 3636 1040 3689 καὶ
1084 3637 1233 3707 ἡμᾶς
1258 3637 1356 3706 τὴν
1399 3639 1754 3708 ἀναγέννησιν

167 3725 462 3779 ἐπιτελεῖν·
487 3727 576 3781 διὰ
603 3727 661 3781 δὲ
685 3728 780 3782 τοῦ
804 3749 822 3780 ι
849 3731 927 3793 είς
948 3732 1038 3785 τὸν
1055 3730 1286 3784 θάνατον
1305 3732 1523 3797 αὑτοῦ,‹
1546 3733 1644 3802 οὐχ
1673 3733 1754 3785 ὅτι

166 3817 226 3870 τὸ
245 3817 477 3890 λουτρὸν
511 3821 610 3891 τῆς
631 3821 1054 3892 παλιγγενεσίας
1081 3826 1147 3895 τῇ
1180 3823 1273 3876 τοῦ
1301 3823 1632 3878 Δεσποτικοῦ
1661 3825 1756 3878 θα-

165 3904 328 3961 νάτου
364 3910 653 3980 ἐπικλήσει
689 3911 1176 3986 τελεοιουργοῦμεν
1201 3925 1217 3942 ⁸
1258 3913 1331 3985 μὴ
1364 3916 1574 3983 γένοιτο
1603 3931 1618 3945 ·
1643 3916 1752 3969 Εὑ-

170 4001 346 4072 νομίῳ
368 4003 477 4074 γὰρ
508 4004 570 4057 τὸ
591 4005 833 4076 ἀνομοίῳ
863 4007 923 4059 τὸ
941 4006 1182 4060 τοιοῦτον
1210 4007 1484 4079 ἐτολμήθη
1523 4008 1754 4079 παρανό-

169 4109 330 4164 μημα
362 4093 498 4165 (42)
540 4111 552 4127 ·
595 4095 710 4150 ἀλλ’
746 4098 828 4151 ὃτι
868 4099 918 4151 οί
963 4097 1351 4170 βαπτιζόμενοι
1381 4101 1462 4162 είς
1491 4099 1552 4152 τδ
1583 4101 1751 4170 ὄνομα

1875 1701 2098 1756 nomina
2133 1702 2237 1759 hoc
2272 1719 2434 1775 pacto
2483 1711 2788 1766 deducitur.
2855 1715 3066 1770 Etenim
3103 1719 3324 1774 nomina
3355 1736 3450 1792 ap-

1873 1793 2046 1860 prime
2073 1796 2290 1864 quidem
2322 1813 2680 1865 personarum
2702 1804 2996 1860 discrimen
3015 1807 3456 1866 distinctionem-

1870 1896 1978 1949 que
2005 1881 2245 1938 cilicium
2273 1901 2288 1938 :
2321 1898 2370 1940 et
2401 1889 2563 1943 modo
2592 1891 2810 1959 quidem
2857 1895 3214 1951 imitationem
3255 1915 3451 1969 quatu-

1870 1973 1994 2024 (iam
2033 1974 2558 2047 similitudinemque
2593 1982 2857 2036 denotant
2903 2000 3150 2054 persona
3191 1989 3449 2059 alicujus.

1868 2079 1990 2134 quae
2025 2063 2238 2122 facinus
2272 2067 2482 2124 illustre
2509 2073 2852 2142 aggreditur;
2890 2077 3050 2131 modo
3079 2089 3260 2134 autem
3295 2097 3448 2135 man-

1867 2157 2121 2210 datorum
2147 2172 2335 2213 curam
2371 2171 2536 2230 atque
2559 2165 2966 2221 observantiam
2995 2170 3326 2239 significant.
3359 2173 3453 2230 Sic

1865 2249 2015 2302 enim
2063 2259 2118 2304 et
2153 2249 2412 2307 Israelita:
2468 2254 2520 2307 in
2572 2253 2724 2310 Mose
2772 2256 3036 2327 baptizati
3081 2261 3335 2316 dicuntur
3355 2264 3447 2318 ‘°:

1866 2342 2067 2412 quippe
2111 2344 2206 2413 qui
2262 2343 2428 2414 hujus
2481 2347 2736 2416 exemplo
2787 2349 3072 2404 humidum
3120 2352 3448 2410 elementum

1863 2433 2025 2488 siccis
2055 2435 2284 2504 pedibus
2318 2438 2684 2506 'permearunt
2716 2456 2730 2493 :
2764 2455 2928 2510 quem
2963 2442 3092 2496 dum
3144 2452 3451 2514 sequuntur

1863 2525 2091 2592 ducem,
2146 2528 2388 2598 dumque
2444 2531 2502 2583 in
2549 2529 2669 2600 ejus
2722 2541 2972 2602 respectu
3028 2550 3179 2605 spem
3227 2553 3447 2593 omnem

1863 2619 2154 2682 collocant,
2198 2620 2579 2693 [Egyptiorum
2615 2624 2825 2694 laqueis
2854 2639 3150 2682 evaserunt
3184 2645 3198 2682 :
3233 2639 3288 2685 et
3308 2633 3450 2701 .qui-

1862 2709 1965 2764 bus
2011 2711 2112 2781 ipsi
2156 2712 2411 2770 ﬂuctibus
2461 2731 2527 2770 ne
2562 2717 2758 2786 pedum
2799 2719 3020 2788 quidem
3052 2730 3214 2776 tenus
3257 2723 3454 2777 hume-

1862 2804 1994 2858 ctati
2059 2815 2226 2873 sunt,
2308 2807 2500 2861 iisdem
2578 2809 2807 2864 obrutos
2865 2819 3245 2878 persecutores
3315 2827 3450 2868 suos

1864 2896 2118 2951 viderunt
2151 2915 2164 2950 :
2199 2898 2514 2968 duplicique
2559 2900 2761 2969 gaudio
2797 2901 2926 2956 elati
2963 2915 3114 2970 sunt,
3151 2919 3347 2975 nempe
3390 2914 3447 2960 et

1785 2959 1834 3024 ο
1865 2981 2105 3045 hostium
2135 2990 2416 3060 insperato
2464 2993 2655 3058 exitio,
2701 3003 2756 3048 et
2782 3009 2896 3048 suae
2928 2995 3125 3051 salutis
3156 2996 3441 3052 miraculo.

1861 3080 1920 3135 In
1966 3079 2108 3135 hanc
2143 3079 2312 3134 ferme
2359 3083 2690 3137 sententiam
2747 3085 3072 3154 conspirant
3115 3088 3282 3141 etiam
3321 3103 3444 3158 qua;

1859 3174 2048 3228 mundi
2089 3175 2279 3229 doctor
2304 3174 2381 3229 ait
2413 3193 2426 3229 :
2460 3193 2479 3228 ι
2506 3176 2790 3247 Quotquot
2825 3179 2880 3233 in
2914 3178 3136 3235 Christo
3188 3183 3448 3251 baptizati

1860 3267 2086 3330 fuimus,
2117 3267 2170 3320 in
2198 3267 2318 3335 ejus
2341 3277 2513 3322 morte
2544 3284 2740 3322 sumus
2759 3271 3073 3339 baptizati.»
3100 3270 3232 3326 Nam
3259 3272 3442 3328 verbis

1863 3375 1882 3409 ι
1917 3358 1970 3411 in
2035 3357 2256 3413 Christo
2314 3359 2576 3428 baptizati
2647 3376 2869 3429 sumus,
2908 3380 2928 3414 ι
2993 3363 3183 3432 utique
3241 3361 3439 3430 docet,

1853 3451 2008 3521 juxta
2055 3451 2202 3504 illius
2238 3450 2407 3506 ritum
2461 3451 2895 3522 mandatamque
2939 3452 3194 3507 initiaudi
3228 3453 3412 3508 formu

1858 3544 1988 3609 lam,
2033 3558 2062 3597 a
2109 3543 2271 3598 nobis
2314 3541 2434 3597 ﬁeri
2474 3544 2981 3612 regenerationem;
3015 3545 3201 3600 verbis
3252 3555 3440 3599 autem

1863 3655 1882 3689 ι
1915 3637 1968 3689 in
2017 3638 2136 3706 ejus
2191 3646 2388 3701 morte,
2421 3655 2442 3688 ι
2506 3635 2654 3690 haud
2708 3651 2840 3692 sane
2893 3637 2973 3690 ait
3028 3652 3130 3691 nos
3180 3635 3436 3690 lotionem

1858 3725 2286 3797 regenerationis
2329 3741 2453 3780 cum
2493 3725 2793 3780 Dominicae
2846 3725 3040 3780 mortis
3093 3723 3446 3778 invocatione

1856 3833 2148 3890 peragere;
2175 3818 2320 3889 quod
2353 3819 2530 3884 absit;
2557 3833 2796 3888 namque
2821 3831 3112 3872 anomteus
3133 3815 3439 3871 Eunomius

1857 3913 1962 3968 hoc
2009 3913 2217 3967 crimen
2259 3926 2425 3966 ausus
2459 3910 2564 3966 fuit
2594 3929 2607 3964 :
2637 3913 2732 3967 sed
2765 3911 2846 3966 ait
2883 3911 3189 3981 baptizatos
3239 3909 3295 3964 in
3336 3923 3440 3966 no-

1859 4005 2008 4060 mine
2033 4003 2216 4058 Patris
2246 4013 2301 4058 et
2321 4002 2446 4075 Filii
2478 4013 2532 4060 et
2560 4003 2803 4073 Spiritus
2834 4005 3033 4068 sant-ti,
3073 4001 3233 4074 quasi
3262 4003 3438 4057 sacris

1857 4099 2119 4170 symbolis
2151 4100 2480 4170 arcanisque
2521 4097 2802 4169 mysteriis
2838 4096 3182 4152 Dominicum
3223 4096 3439 4151 obitum

172 4187 263 4240 106
292 4188 530 4260 Πατρὸς,
555 4193 652 4245 καὶ
671 4191 766 4245 106
796 4191 951 4260 Υίοῦ,
970 4191 1065 4246 καὶ
1096 4193 1189 4247 106
1215 4193 1372 4262 άγίου
1396 4193 1711 4263 Πνεύματος
1732 4233 1747 4256 ,

1862 4193 2099 4260 imitari;
2144 4204 2309 4261 atque
2359 4191 2537 4245 oculis
2583 4189 2862 4258 subjicere
2904 4197 2959 4243 et
2985 4187 3291 4242 deformare
3314 4197 3442 4255 qua:

172 4281 248 4344 th;
272 4283 332 4334 ἐν
362 4283 528 4354 ἱεροῖς
556 4283 850 4353 συμϐόλοις
877 4288 971 4338 καὶ
1005 4285 1433 4356 κρυφιομύστοις
1466 4284 1750 4354 αἰνίγμασι

163 4377 254 4428 τὸν
281 4375 382 4429 τοῦ
417 4377 672 4448 Σωτῆρος
701 4377 1359 4449 ἐκμιμοῦνταιηθάνατον,
1389 4380 1482 4432 καὶ
1504 4379 1749 4449 ὑπογρά-

169 4485 326 4535 φουσι
357 4469 454 4522 καὶ
481 4469 834 4524 διατυποῦσιν
864 4469 1006 4541 ἅπερ
1045 4470 1185 4524 ἐκὼν
1218 4473 1425 4535 ἐκεῖνος
1452 4472 1710 4542 ὑπέμεινε
1731 4486 1747 4501 ⁶

83 4609 86 4613 .
167 4569 260 4638 τὴν
290 4567 395 4635 μὲν
415 4566 717 4635 τριήμερον
748 4565 805 4618 ἐν
831 4563 908 4634 τῷ
941 4563 1041 4635 ᾄδῃ
1072 4562 1354 4635 διατριϐὴν
1393 4562 1748 4629 ἐξεικονίζον-

164 4676 252 4722 τες
277 4662 346 4728 τῇ
377 4657 580 4729 τριπλῇ
611 4655 905 4712 καταδύσει
932 4671 945 4686 ⁸
973 4658 1040 4727 τῇ
1078 4655 1136 4709 δὲ
1164 4655 1254 4728 ἴσῃ
1285 4654 1746 4721 πάλινάναδύσει,

163 4755 257 4824 τὴν
286 4753 590 4827 τριήμερον
615 4752 934 4816 ἀνάστασιν,
960 4750 1028 4804 δι’
1047 4751 1113 4820 ἣν
1137 4751 1229 4802 καὶ
1253 4751 1285 4820 ή
1308 4751 1750 4814 ἀποκατάστασις

166 4843 293 4911 ἡμῖν
330 4840 428 4895 τοῦ
465 4839 867 4902 παλαιωθέντος
927 4836 1098 4908 Ἀδὰμ
1138 4838 1233 4892 καὶ
1283 4839 1312 4891 ὁ
1357 4838 1750 4910 άνακαινισμδς

168 4932 674 5000 συνεξεικονίζεται.
721 4930 876 4983 Ἐπεὶ
906 4931 1000 4984 καὶ
1028 4930 1158 4983 αὐτὸ
1184 4928 1244 4984 τὸ
1273 4932 1353 4995 είς
1375 4931 1609 5000 Χριστὸν
1646 4930 1745 5001 βα-

167 5024 478 5091 ιιιτίςεσθαι,
518 5024 616 5078 καὶ
639 5024 701 5077 τὸ
735 5025 814 5086 είς
839 5023 930 5078 τὸν
967 5021 1195 5077 θάνατον
1219 5022 1384 5090 αὑτοῦ
1407 5063 1422 5087 ,
1465 5023 1663 5086 misi;
1691 5021 1749 5076 ἓν

254 5211 344 5265 "I
377 5209 504 5265 Cor.
544 5223 581 5272 ι,
621 5208 709 5262 14.
785 5205 868 5262 ³⁸1
899 5208 1026 5263 Cor.
1066 5223 1123 5270 ιι,
1160 5207 1216 5260 2.

1857 4283 1945 4337 ille
1990 4294 2181 4353 sponte
2214 4295 2508 4351 perpessus
2553 4287 2639 4334 est
2671 4279 2921 4334 :scilicct
2956 4277 3261 4333 triduanam
3290 4275 3438 4344 apud“-

1854 4371 2061 4428 inferos
2123 4385 2335 4426 moram
2387 4368 2590 4438 triplici
2654 4367 2926 4422 mersione
2979 4372 3370 4436 reprasentare
3413 4379 3435 4416 ι

1853 4475 2156 4531 rursusque
2216 4458 2440 4514 totidem
2511 4455 2917 4511 emersionibus
2975 4452 3438 4509 resurrectionem

1851 4554 2010 4610 tertia
2048 4553 2136 4608 die
2176 4561 2489 4621 peractam;
2531 4548 2690 4618 cujus
2729 4547 2997 4602 beneﬂcio
3041 4542 3439 4613 redintegratio

1849 4645 2006 4702 nobis
2051 4642 2251 4700 veteris
2293 4641 2491 4696 Adami
2528 4639 2921 4708 renovatioque
2979 4635 3288 4691 comici-tur.
3344 4632 3431 4687 Si-

1849 4741 2066 4808 quidem
2123 4746 2180 4794 et
2218 4737 2521 4791 locutiones
2572 4733 2626 4786 in
2671 4731 2892 4787 Christo
2941 4728 3226 4800 baptizari,
3277 4734 3330 4781 et
3375 4730 3430 4781 in

1849 4843 2027 4889 morte
2055 4831 2196 4900 ejus,
2231 4839 2282 4884 et
2316 4829 2368 4882 in
2407 4842 2517 4880 uno
2547 4839 2802 4894 corpore,
2831 4833 2886 4879 et
2927 4822 2980 4876 in
3024 4821 3243 4875 nomine
3269 4818 3430 4873 Chri-

1854 4923 1947 4987 sti,
1996 4934 2050 4977 et
2105 4921 2223 4974 alia:
2272 4916 2608 4986 lmjusmodi,
2662 4915 2808 4983 quod
2857 4911 3073 4984 quidem
3121 4911 3312 4965 attinet
3361 4907 3429 4962 ad

1856 5014 2140 5072 nominum
2168 5012 2572 5078 verborumque
2624 5005 2877 5078 ﬁguram,
2910 5004 3055 5060 haud
3099 5014 3431 5071 magnopere

1689 5293 1919 5351 ΝΟΤᾸΞ.

240 5412 353 5483 (Η)
396 5412 450 5465 In
484 5411 719 5465 concilio
746 5407 983 5483 generali
1031 5408 1222 5483 quinto
1251 5408 1337 5463 ed.
1376 5407 1549 5483 (Solet.
1583 5415 1622 5460 t.
1652 5405 1743 5472 1X,

171 5500 226 5553 p.
249 5477 380 5544 .209,
409 5483 632 5551 quidam
660 5477 1008 5553 reprehendit
1028 5477 1376 5553 Theodorum
1411 5478 1748 5553 Mopsuestia:

177 5547 301 5608 itum
330 5547 454 5624 quia
519 5547 847 5624 locutionem
893 5549 1183 5624 baptismi
1212 5550 1266 5624 in
1295 5547 1514 5624 nomine
1546 5547 1746 5603 Christi

183 5619 594 5699 comparaverat
621 5638 743 5677 cum
771 5622 892 5682 hac,
922 5620 1183 5699 baptizari
1209 5622 1262 5673 in
1296 5619 1459 5699 diose.
1507 5689 1518 5699 θ
1583 5688 1593 5699 _
1661 5688 1672 5699 .

252 5688 359 5764 (ἃ)
405 5693 656 5748 Veterum
711 5701 995 5746 auctorum
1049 5691 1380 5754 testimonia,
1430 5689 1521 5759 qui
1582 5688 1746 5759 hujus

1855 5402 2102 5460 criminis
2158 5397 3206 5476 Eu_nomiumpostulaverunt,‘profert
3256 5391 3430 5473 Ursus

1854 5475 2064 5528 cardiu.
2115 5474 2169 5525 in
2225 5470 2454 5535 Dissert,
2480 5469 2564 5542 de_
2579 5469 2852 5537 baptismo
2885 5470 2935 5542 in
2973 5467 3178 5542 Christi
3209 5467 3432 5542 nomine

1852 5554 1992 5615 part.
2025 5559 2084 5609 ιι,
2118 5559 2169 5615 p.
2212 5542 2282 5615 64
2336 5555 2518 5615 seqq._
2544 5535 2810 5615 Legatur_
2838 5539 2999 5615 etiam
3038 5535 3348 5615 Hard’uinus
3377 5535 3431 5582 in

1857 5603 2238 5670 dissertaaione
2265 5611 2390 5663 item
2415 5603 2484 5662 de
2507 5603 2776 5677 baptismo
2799 5609 2850 5660 iu
2875 5610 2972 5661 Cit.
3006 5621 3156 5660 nom.
3176 5603 3427 5657 TImaur.

1855 5684 2076 5754 theolog.
2115 5693 2244 5737 tom.
2273 5679 2342 5746 Χ,
2370 5689 2507 5749 part.
2540 5695 2575 5744 ι,
2611 5695 2663 5748 p.
2697 5677 2820 5733 iO-i.
