3888 6186
412 240 511 303 315

1567 231 1833 294 ΡΗΟΤΙΙ
1870 230 2374 295 ΡΑΤΒῙΑΒΟΗΕ
2397 230 2504 293 CP.

3565 228 3675 295 316

412 356 723 419 discrepare
760 346 902 401 inter
934 361 993 400 se
1026 345 1319 411 videntur;
1356 356 1734 400 verumtamen
1765 355 1984 400 senten-

2097 345 2264 414 ςῶμα,
2295 347 2390 398 καὶ
2421 348 2501 407 είς
2530 344 2591 397 τὸ
2624 344 2792 413 ὄνομα
2814 342 2906 395 τοῦ
2927 338 3187 413 Χριστοῦ,
3220 340 3314 396 καὶ
3333 342 3671 398 τὰτοιαῦτα.

412 443 499 497 tite
555 440 631 505 vi,
698 447 752 493 et
812 438 984 507 ipsius
1043 437 1121 491 rei
1188 437 1500 491 delinitione
1556 453 1621 492 ac
1683 438 1983 501 notatione,

414 533 611 587 mirum
649 540 911 597 quantum
942 529 1081 581 inter
1110 544 1168 583 se
1201 528 1477 582 differunt.

2091 438 2169 507 τῷ
2216 438 2314 507 μὲν
2347 440 2586 508 σχήματι
2622 436 2728 489 τῶν
2780 436 3058 503 ὀνομάτων
3098 436 3191 489 καὶ
3229 437 3491 507 ῥημάτων
3520 436 3677 488 οὐδὲν

2093 528 2461 581 ἐπιδείκνυται
2488 528 2630 598 μέγα
2661 528 3107 598 παραλλάττοντα
3126 544 3141 558 ·
3164 529 3221 579 ὲν
3248 526 3305 579 δὲ
3321 529 3386 596 τῇ
3421 543 3487 593 σῇ
3499 524 3676 595 paci;

419 624 503 675 τοῦ
564 622 855 690 νοήματος,
898 620 989 671 καὶ
1039 620 1313 690 διακρίσει
1356 621 1449 672 καὶ
1492 620 1804 690 ἀπαγγελίᾳ
1830 620 1926 672 τοῦ
1962 619 2311 692 πράγματος,
2359 624 2623 693 μεγίστην
2648 624 2779 692 ὅσην
2809 621 2905 692 τὴν
2957 620 3222 688 διαφορὰν
3254 618 3673 687 ὲμφανίζουςινο

486 712 571 766 l0.
611 712 764 775 Quod
800 722 976 763 autem
1007 711 1113 763 alio
1141 713 1301 764 etiam
1354 728 1517 766 sensu
1571 728 1765 765 nomen
1813 714 1984 781 signi-

416 804 536 858 ticet
586 803 985 871 pracdicationis
1036 806 1183 865 vim,
1242 803 1394 856 Pauli
1446 805 1689 857 initiator
1742 806 1982 858 Ananias

416 896 700 951 manifeste
732 896 937 958 docuit,
961 912 1082 949 cum
1112 911 1173 947 ea
1203 911 1258 949 se
1293 910 1579 963 passurum
1618 898 1830 949 timeret
1864 910 1985 964 quae

415 1006 522 1045 non
578 1000 778 1044 temere
826 1006 888 1043 ex
945 989 1109 1041 Saulo
1172 978 1530 1055 exspectanda
1577 998 1748 1045 erant.
1787 989 1988 1043 .Divino

415 1083 558 1135 enim
594 1091 811 1151 recepto
858 1082 1077 1135 oraculo
1130 1091 1191 1135 ut
1237 1092 1636 1151 persecutorem
1686 1082 1988 1136 sacrisim-

418 1172 604 1226 bueret
636 1192 649 1226 :
692 1190 710 1222 ‹
752 1173 969 1234 Audivi,
999 1173 1194 1241 inquit,
1233 1172 1475 1237 Domine,
1509 1189 1536 1225 a
1569 1173 1755 1226 multis
1778 1172 1843 1226 de
1868 1172 1987 1225 viro

420 1266 540 1329 hoc,
576 1273 777 1333 quanta
820 1266 865 1317 is
898 1266 1033 1317 mala
1072 1265 1274 1318 sanctis
1322 1266 1428 1319 tnis
1475 1264 1717 1318 intulerit
1764 1265 1817 1318 in
1853 1266 1988 1318 urbe

420 1355 814 1427 Hierosolymis
856 1357 921 1411 “.
965 1376 982 1407 ι
1017 1355 1152 1407 Tum
1183 1356 1388 1409 addidit
1420 1373 1434 1413 :
1472 1373 1489 1404 ι
1527 1354 1593 1408 Et
1624 1356 1842 1425 quidem
1877 1356 1985 1408 huc

417 1448 577 1499 etiam
612 1455 826 1515 accepta
876 1462 905 1499 a
953 1447 1326 1500 sacerdotibus
1372 1454 1638 1516 potestate
1672 1448 1819 1500 venit
1867 1448 2019 1513 vin-5

416 1536 592 1589 cicndi
625 1552 814 1590 omnes
847 1536 936 1605 qui
972 1537 1074 1589 hoc
1126 1553 1321 1590 nomen
1375 1538 1625 1591 invocant
1655 1537 1718 1589 ²¹.
1752 1556 1770 1588 ι
1824 1536 1987 1604 Atqui

419 1628 655 1680 lidelium
690 1629 893 1681 nemini
926 1630 1199 1694 negotium
1236 1629 1580 1699 studiumque
1623 1640 1760 1697 erat,
1794 1638 1851 1682 ttt
1882 1646 1987 1684 nu-

417 1722 542 1772 dum
571 1720 769 1773 Christi
817 1736 1009 1775 nomen
1062 1723 1399 1785 inclamaret,
1459 1739 1632 1791 neque
1679 1733 1736 1776 ut
1782 1725 1987 1793 absque

416 1812 730 1882 dogmatum
768 1812 1093 1867 rectitudine
1121 1813 1429 1881 traditaque
1457 1814 1525 1866 ab
1562 1814 1653 1866 illo
1687 1814 1811 1879 ﬁde,
1845 1816 1987 1869 hanc
2020 1834 2060 1888 Β

420 1903 688 1956 lahiorum
715 1912 873 1956 tenus
906 1903 1325 1967 invocationem,
1363 1904 1626 1957 salutiferi
1659 1906 1832 1958 nuntii
1866 1906 1986 1959 loco

422 1992 669 2045 haberet.
708 1990 811 2045 Sed
852 2008 1036 2060 reapse
1062 2008 1255 2046 nomen
1283 1992 1484 2047 Christi
1523 1994 1834 2049 invocantes
1859 1996 1989 2048 dicit

421 2085 570 2145 illos,
596 2099 734 2152 quos
764 2083 897 2137 lides
928 2084 979 2136 in
1013 2099 1135 2137 eum
1166 2087 1416 2147 ornabat,
1447 2093 1499 2137 et
1530 2086 1620 2153 qui
1647 2085 1989 2154 evangelica-

422 2189 541 2227 rum
578 2190 858 2228 sacrorum
889 2176 1125 2229 studium
1156 2192 1265 2246 prae
1297 2193 1355 2231 se
1393 2177 1655 2239 ferebant,
1685 2179 1886 2249 quique
1921 2179 1985 2233 ad

423 2264 674 2332 pietatem
713 2279 929 2319 summo
975 2276 1175 2319 conatu
1228 2268 1596 2322 enitebantur.
1651 2268 1762 2323 Hoc
1808 2282 1989 2324 autem

423 2353 549 2419 quid
578 2351 722 2404 aliud
754 2360 872 2404 erat
902 2361 1094 2420 praeter
1128 2369 1288 2422 quam
1317 2356 1537 2409 credere
1584 2368 1647 2409 ac
1687 2355 1988 2424 praedicare

423 2438 765 2495 Servatorem
818 2452 1067 2496 nostrum
1118 2442 1209 2496 Dei
1260 2458 1380 2498 esse
1438 2443 1668 2511 Filium,
1733 2445 1991 2514 Patrique

421 2535 990 2595 consubstantialem;
1047 2554 1065 2584 ι
1121 2535 1233 2605 Ego
1284 2537 1450 2600 enim,
1497 2538 1691 2606 inquit,
1738 2546 1793 2591 et
1839 2546 1991 2606 pater

419 2642 587 2680 unum
638 2642 828 2681 sumus
863 2628 948 2679 "‘i
982 2645 999 2677 ι
1039 2642 1138 2681 nec
1187 2643 1293 2681 non
1346 2639 1593 2683 sanctum
1636 2628 1898 2698 Spiritum
1956 2644 1987 2683 a

421 2717 581 2772 Patre
606 2719 1012 2786 procedentem,
1041 2729 1204 2787 atque
1239 2721 1305 2773 ab
1335 2721 1454 2789 ejus
1484 2722 1651 2790 gloria
1684 2737 1747 2775 ac
1787 2722 1990 2775 divini-

422 2818 530 2861 tate
578 2809 801 2862 minime
845 2809 1128 2863 alienum?
1190 2808 1322 2864 Nam
1359 2812 1449 2880 qui
1498 2813 1834 2877 naturaliter,
1881 2812 1992 2866 imo

424 2914 551 2951 vero
585 2900 986 2968 supernaturali
1020 2899 1254 2955 maxime
1292 2910 1345 2954 et
1389 2901 1738 2955 inenarrabili
1782 2901 1993 2956 ratione

420 3006 448 3041 a
488 3000 713 3059 paterna
738 2991 1045 3045 substantia
1082 2992 1348 3060 procedit.
1383 2992 1527 3046 hunc
1553 3001 1764 3062 oportet
1790 2988 1992 3062 pro'dn-

420 3082 595 3135 centis
625 3081 854 3150 gloriam
876 3092 930 3135 et
962 3092 1285 3153 potestatem
1317 3093 1368 3138 et
1401 3085 1505 3136 vim
1533 3099 1722 3137 secum
1755 3083 1986 3147 deferre,

2165 722 2215 769 t'.
2250 717 2369 768 Ὅτι
2404 717 2583 785 μέντοι
2632 715 2691 766 τὸ
2716 715 2887 780 ὄνομα
2920 713 3014 766 καὶ
3044 714 3239 780 τρόπον
3262 711 3420 764 ἄλλον
3446 710 3549 778 τῆν
3577 707 3675 761 τοῦ

2091 806 2449 876 κηρύγματος
2494 806 2723 873 δύναμιν
2777 803 3108 872 ἀπαγγέλλει
3146 804 3256 873 (45)
3284 843 3297 866 ,
3330 804 3360 855 ό
3386 802 3486 854 τοῦ
3523 800 3672 853 Παύ-

2090 900 2180 952 λου
2234 899 2591 969 μυσταγωγὸς
2648 898 2914 961 Ἁνανίας,
2952 897 3113 966 ἡνίκα
3155 896 3304 965 φόϐῳ
3333 893 3429 948 τοῦ
3478 893 3676 945 παθεῖν

2091 991 2235 1060 ειπερ
2285 988 2353 1063 ἦν
2395 992 2539 1055 εἰκὸς
2588 992 2834 1044 ὑπονοεῖν
2867 990 2960 1041 τὸν
3003 988 3205 1042 Σαῦλον
3243 989 3435 1049 ποιεῖν,
3484 984 3677 1052 σαφῶς

2090 1084 2353 1152 παριστᾷ.
2389 1082 2532 1152 Πρὸς
2569 1084 2678 1152 γὰρ
2709 1082 2802 1134 τὸν
2849 1079 3259 1150 χρηματίζοντα
3286 1077 3437 1148 αὐτῷ
3495 1093 3672 1145 μυστ-

2093 1172 2381 1241 αγωγῆσαι
2413 1172 2504 1225 τὸν
2526 1172 2807 1225 διώκοντα’
2825 1171 3047 1241 «Κύριε,⁹
3076 1170 3311 1238 ἀκήκοα,
3342 1170 3533 1237 φησὶν,
3566 1165 3672 1219 ἀπὶ

2090 1263 2300 1315 πολλῶν
2339 1263 2469 1332 περὶ
2506 1262 2600 1315 τοῦ
2648 1262 2839 1333 ἀνδρὸς
2876 1261 3067 1314 τούτου
3106 1262 3206 1314 ὅσα
3253 1260 3402 1313 κακά
3446 1257 3675 1327 ἐποίησε

2088 1355 2199 1415 τοῖς
2228 1352 2403 1418 ἁγίοις
2435 1370 2526 1405 σου
2555 1352 2997 1423 ὲνἹερουσαλὴμ.
3032 1372 3050 1404 ι
3082 1348 3267 1405 Εἶταί
3288 1351 3396 1403 Καὶ
3427 1343 3531 1403 ὦδε
3561 1350 3675 1420 εχει

2090 1444 2336 1507 ἐξουσίαν
2392 1444 2545 1515 παρά
2593 1444 2701 1496 τῶν
2742 1444 3044 1515 ἀρχιερέων
3086 1442 3247 1513 δῆσαι
3295 1443 3507 1502 πάντας
3546 1442 3676 1503 τοὺς

2090 1535 2550 1604 ἐπικαλουμένους
2578 1535 2638 1587 τὸ
2667 1534 2837 1603 ὄνομά
2876 1551 2968 1586 σου
3009 1550 3023 1565 ο
3066 1554 3082 1586 ι
3118 1533 3297 1586 καίτοι
3326 1533 3433 1584 τῶν
3462 1531 3677 1585 πιστῶν

2088 1625 2188 1678 οὐκ
2231 1620 2299 1694 ἦν
2341 1624 2499 1694 ἔργον
2542 1624 2660 1678 οὐδὲ
2703 1615 3024 1693 σπούδασμα
3068 1623 3241 1677 οὐδενὶ
3282 1622 3438 1690 ψιλὸν
3478 1620 3544 1674 τδ
3575 1620 3674 1673 τοῦ

2090 1717 2327 1787 Χριστοῦ
2352 1717 2523 1786 ὄνομα
2545 1716 2780 1786 ἀναϐοᾷν
2811 1734 2825 1747 ο
2849 1716 2968 1769 οὐδὲ
2996 1715 3168 1786 χωρὶς
3193 1715 3294 1783 τῆς
3326 1714 3671 1783 δογματικῆς

2091 1809 2380 1878 ὀρθότητος
2403 1809 2611 1876 καὶτῆς
2634 1808 2868 1871 πίστεως
2895 1809 2958 1877 ἢν
2983 1810 3185 1869 ἐκεῖνος
3206 1805 3671 1875 ἐμυσταγῶγησε.

2088 1899 2186 1965 τὴν
2247 1897 2440 1966 κλῆσιν
2492 1896 2833 1963 ἀπαγγελίαν
2882 1896 2971 1949 διὰ
3012 1896 3120 1949 τῶν
3172 1895 3392 1964 χειλέων
3450 1896 3671 1946 ποιεῖν’

2091 1987 2227 2040 ἀλλά
2258 2004 2321 2055 γε
2345 1988 2439 2039 νῦν
2466 1987 2929 2056 ἐπικαλουμένους
2964 1987 3210 2048 ἐκείνους
3230 1986 3291 2038 τὸ
3320 1986 3493 2054 ὄνομα
3520 1985 3673 2053 λέγει

2089 2078 2185 2131 τοῦ
2225 2079 2485 2147 Χριστοῦ,
2517 2079 2672 2141 ὅσους
2700 2080 2733 2148 ἡ
2764 2081 2843 2140 εἰς
2871 2079 3033 2132 αὐτὴν
3067 2079 3292 2147 ἐκόσμει
3328 2079 3533 2141 πίστις,
3578 2079 3675 2130 καὶ

2089 2170 2186 2239 τῆς
2218 2171 2341 2223 κατ’
2374 2171 2535 2223 αὐτὸν
2562 2171 2944 2239 μυσταγωγίας
2959 2167 3085 2239 ἐνῆν
3120 2171 3253 2241 ὁρᾷν
3283 2170 3544 2241 ἐραστὰς,
3579 2172 3676 2223 καὶ

2090 2258 2189 2327 τῆς
2220 2258 2499 2320 εὐσεϐείας
2537 2256 2686 2325 ἀγὼν
2729 2259 2911 2322 αὐτοῖς
2957 2260 2991 2328 ἡ
3021 2258 3292 2328 ἀκρίϐεια.
3329 2259 3393 2311 Τί
3428 2260 3485 2313 δὲ
3513 2258 3677 2312 τοῦτο

2090 2349 2219 2404 ἄλλο
2261 2345 2411 2421 ἧν,ἣ
2457 2350 2518 2402 τὸ
2561 2352 2778 2420 φρονεῖν
2810 2351 2905 2403 καὶ
2959 2351 3250 2421 κηρύττειν
3288 2349 3410 2403 Υἱδν
3445 2350 3545 2419 μὲν
3576 2340 3673 2403 τοῦ

2092 2441 2228 2494 Θεοῦ
2280 2442 2372 2494 τὸν
2419 2443 2646 2513 Σωτῆρα
2692 2439 2853 2507 εἶναι,
2887 2445 2979 2497 καὶ
3006 2444 3085 2515 τῷ
3120 2446 3293 2511 ﬂat-pi
3340 2446 3672 2514 ὁμοούσιονς

2099 2552 2117 2583 ι
2140 2532 2279 2601 Ἐγὼ
2304 2533 2431 2604 γὰρ,
2455 2528 2610 2603 φησὶ,
2633 2537 2726 2589 καὶ
2762 2536 2790 2588 ὁ
2821 2536 3007 2607 Πατὴρ
3036 2536 3094 2589 ’ἐν
3128 2538 3326 2605 ἐσμενς
3367 2554 3386 2586 ι
3428 2537 3537 2588 Καὶ
3567 2534 3675 2605 μὴν

2092 2625 2153 2677 τὸ
2179 2627 2450 2693 πανάγιον
2487 2627 2713 2697 Πνεῦμα
2744 2628 2819 2692 ὡς
2849 2630 2914 2681 ἐκ
2946 2628 3039 2681 τοῦ
3058 2628 3268 2698 Πατρός
3298 2626 3675 2699 ἐκπορευόμεο

2094 2733 2181 2769 νον
2219 2717 2355 2787 (44),
2397 2721 2493 2771 καὶ
2540 2720 2637 2788 τῆς
2681 2718 2846 2773 αὐτοῦ
2875 2718 3033 2789 δόξης
3067 2737 3127 2773 τε
3174 2721 3268 2774 καὶ
3296 2720 3552 2789 θεότητος
3574 2720 3674 2771 οὐκ

2092 2806 2536 2877 ἀλλοτριούμενον
2561 2825 2575 2839 ’
2607 2810 2669 2861 τὸ
2694 2809 2803 2880 γὰρ
2831 2809 2974 2862 κατά
3000 2809 3162 2879 φύσιν
3186 2810 3386 2881 μᾶλλον
3410 2809 3468 2862 δὲ
3500 2810 3673 2877 ὐπερο

2093 2898 2377 2968 φυεστάτῳ
2412 2899 2504 2952 καὶ
2555 2899 2818 2968 ἁφράστῳ
2850 2899 2992 2970 λόγῳ
3030 2902 3131 2967 τῆς
3162 2900 3436 2969 πατρικῆς
3484 2899 3675 2959 οὐσίας

2093 2987 2300 3057 προϊὸν,
2320 2986 2414 3040 τοῦ
2439 2988 2874 3059 προϐαλλομένου
2899 2989 2997 3060 τὴν
3016 2990 3172 3055 δόξαν
3194 2993 3287 3045 καὶ
3309 2990 3406 3060 τὴν
3423 2990 3673 3054 ἐξουσίαν

2094 3076 2188 3129 καὶ
2212 3076 2439 3147 δύναμιν
2464 3078 2522 3130 ὲν
2545 3079 2721 3150 ἑαυτῷ
2744 3080 2933 3151 φέρειν
2958 3078 3085 3147 οἶδε,
3111 3082 3206 3135 καὶ
3230 3081 3324 3134 τὸν
3346 3082 3674 3151 χαρακτῆρα

420 3182 584 3241 atque
630 3173 895 3226 illibatum
943 3175 1320 3229 inenarrabilis
1368 3176 1687 3229 substantiae
1720 3177 1991 3232 characte-

2097 3167 2195 3234 τῆς
2243 3167 2383 3239 ὑπὲρ
2421 3168 2581 3237 λόγου
2623 3171 2811 3235 οὐσίας
2856 3172 3326 3243 ἀπαραχάρακτον
3362 3175 3671 3241 συντηρεῖν.

421 3279 535 3317 rem
590 3265 844 3318 retinere.
878 3265 1103 3319 Consmt
1146 3266 1369 3334 insuper
1418 3264 1637 3331 Filium,
1668 3269 1760 3336 qui
1812 3267 1991 3322 Patris

420 3356 677 3425 splendor
717 3365 821 3421 est,
880 3356 1061 3410 omnia
1109 3374 1292 3412 secum
1350 3359 1490 3414 ferre
1522 3361 1721 3429 quibus
1764 3361 1992 3432 gignens

420 3446 580 3501 Pater
623 3463 717 3517 per
750 3447 933 3502 radios
967 3448 1267 3503 divinitatis
1311 3447 1540 3504 formam
1581 3451 1758 3506 Geniti
1796 3468 1994 3506 conve-

422 3538 701 3602 nustavit,
746 3539 1212 3609 conjunctamque
1259 3551 1509 3596 naturam
1559 3543 1829 3612 patefecit.
1884 3543 1997 3599 Hac

423 3626 591 3696 igitur
634 3628 937 3696 theologica
986 3630 1291 3686 initiatione
1326 3632 1614 3687 multitudo
1655 3634 1991 3689 credentium

422 3720 789 3774 imbuebatur.
817 3719 943 3774 Jure
971 3730 1149 3775 autem
1179 3721 1485 3778 Servatoris
1510 3740 1707 3778 nomen
1738 3725 1996 3779 dicuntur

423 3810 781 3874 invocavisse,
823 3812 949 3879 quia
1000 3804 1281 3875 doctrinae,
1318 3814 1476 3881 cujus
1524 3816 1637 3884 ipse
1676 3826 1992 3873 antecessor

421 3905 559 3961 erat,
591 3900 856 3952 rationem
890 3913 1073 3951 veram
1098 3899 1153 3952 bi
1183 3900 1504 3955 retinebant.

495 4073 583 4127 ll.
635 4072 739 4128 Sed
788 4079 934 4129 enim
975 4078 1323 4147 progrediens
1375 4094 1558 4134 sermo
1610 4080 1731 4134 aliis
1773 4096 1995 4151 quoque

423 4166 759 4233 argumentis
790 4169 1074 4221 sententiae
1109 4170 1271 4238 hujus
1300 4171 1729 4239 probabilitatem
1764 4180 1992 4227 astruet.

427 4255 638 4325 Quippe
667 4256 869 4311 Christi
900 4261 1202 4321 oraculum,
1228 4270 1342 4313 uta
1378 4270 1521 4316 metu
1559 4272 1719 4332 atque
1748 4274 1994 4318 conster-

429 4347 647 4400 natione
676 4348 1004 4403 initiatorem
1038 4351 1188 4405 Pauli
1223 4362 1468 4419 revocet;
1502 4370 1663 4422 quem
1710 4355 1993 4421 exltorres,

2098 3259 2265 3326 Δῆλον
2296 3259 2352 3313 δὲ
2387 3261 2469 3312 ὃτι
2499 3261 2594 3313 καὶ
2620 3263 2648 3315 ό
2676 3262 2802 3325 Υἱὸς
2830 3262 3174 3333 ἀπαύγασμα
3205 3265 3283 3316 ῶν
3309 3263 3405 3316 τοῦ
3433 3263 3671 3334 Πατρδς.

2099 3348 2314 3401 ἅπαντα
2345 3351 2532 3421 φέρειν
2570 3353 2627 3405 ὲν
2681 3353 2858 3423 ἑαυτῷ
2894 3354 2995 3408 ὅσα
3025 3354 3231 3422 γεννῶν
3258 3357 3287 3407 ό
3316 3355 3506 3424 Πατὴρ
3551 3356 3676 3416 ταῖς

2097 3441 2277 3493 ἀκτῖσι
2298 3440 2397 3509 τῆς
2438 3441 2691 3512 θεότητος
2733 3446 2834 3515 τὴν
2869 3447 3083 3517 μορφὴν
3125 3446 3331 3516 ὼράἰζε
3360 3446 3453 3500 τοῦ
3487 3449 3677 3515 γεννή-

2096 3546 2288 3597 ματος,
2349 3531 2443 3583 καὶ
2492 3531 2553 3583 τὸ
2599 3533 2861 3601 συγγενὲς
2919 3536 3277 3605 ἀνεκήρυττε.
3322 3528 3415 3606 Τῇ
3444 3537 3677 3607 τοιαύτῃ

2092 3620 2269 3674 τοίνυν
2316 3620 2549 3693 θεολόγῳ
2594 3625 2950 3696 μυσταγωγίᾳ
2998 3626 3107 3679 τῶν
3146 3629 3510 3682 πιστευόντων
3558 3632 3683 3681 ἑτε-

2092 3708 2237 3763 λεῖτο
2276 3710 2344 3763 τὰ
2389 3712 2591 3783 πλήθη.
2628 3715 2737 3767 Καὶ
2776 3715 3001 3778 δικαίως
3033 3717 3097 3769 ἆν
3142 3716 3384 3785 λέγοιντο
3411 3718 3473 3770 τὸ
3505 3718 3680 3787 ὄνομα

2095 3805 2188 3856 τοῦ
2224 3805 2474 3875 Σωτῆρος
2508 3806 2909 3870 ἐπικαλεῖσθαι,
2937 3807 3071 3860 διότι
3098 3808 3192 3860 τοῦ
3222 3809 3491 3878 δόγματος
3511 3805 3573 3862 οὐ
3597 3809 3681 3861 διο

2096 3894 2364 3959 δάσκαλος
2420 3896 2809 3967 ἐχρημάτιζεν,
2866 3898 3021 3951 αὐτοὶ
3071 3899 3324 3963 διέσωζον
3366 3899 3465 3969 τὴν
3520 3900 3678 3966 ὀρθό-

2095 4002 2254 4056 τητα.

2173 4085 2261 4131 ια’.
2293 4079 2458 4133 Οὐδὲν
2490 4080 2546 4133 δὲ
2577 4073 2738 4152 ἧττον
2765 4082 2969 4151 προῖὼν
3004 4084 3032 4136 ὁ
3061 4083 3218 4151 λόγος
3250 4082 3347 4135 καὶ
3370 4082 3436 4135 δι’
3467 4082 3676 4151 ἑτέρων

2100 4171 2445 4240 παραστήσει
2478 4172 2575 4239 τῆς
2602 4172 2857 4240 τοιαύτης
2887 4172 3045 4242 δόξης
3074 4174 3132 4225 τὸ
3163 4173 3472 4227 ἀκόλουθον.
3507 4175 3677 4238 Λέγει

2104 4262 2215 4330 γὰρ
2245 4263 2273 4313 ὁ
2313 4262 2668 4330 χρηματίζων
2697 4264 2795 4333 τῆς
2828 4264 3028 4332 πολλῆς
3054 4266 3293 4332 ἀγωνίας
3341 4268 3437 4319 καὶ
3468 4265 3561 4317 τοῦ
3590 4265 3679 4317 δέ-

2100 4370 2192 4415 ους
2239 4354 2675 4424 ἀνακαλούμενος
2733 4356 2824 4407 τὸν
2872 4358 3236 4424 μυσταγωγὸν
3296 4357 3389 4410 τοῦ
3434 4358 3673 4418 Παύλου.

429 4437 526 4502 ait,
552 4452 615 4489 ac
645 4439 809 4492 veluti
834 4439 1115 4494 inimicum
1148 4442 1404 4496 salutaris
1434 4443 1834 4512 praedicationis
1852 4445 1991 4497 exti-

2111 4445 2371 4517 ι”Οτιπερ
2399 4447 2457 4499 ὃν
2485 4448 2724 4517 τέθηπας
2767 4449 2859 4502 καὶ
2891 4449 3136 4529 δέδοικας
3177 4450 3254 4508 ὡς
3295 4450 3553 4520 πολέμιον
3580 4448 3675 4502 τοῦ

426 4532 628 4586 mcscis
660 4550 673 4585 :
712 4552 730 4583 ‹
765 4536 815 4587 Is
845 4543 927 4588 est
967 4536 1101 4588 mihi
1138 4549 1230 4588 vas
1263 4535 1561 4590 electionis.
1600 4555 1619 4587 ι
1646 4537 1808 4607 Δίιόῇ
1833 4536 1890 4591 ;⁷‹
1929 4534 1996 4589 Ut

425 4631 605 4691 portet
656 4639 853 4678 nomen
900 4640 1080 4678 meum
1139 4640 1324 4679 coram
1376 4626 1630 4696 gentibus
1679 4638 1733 4681 et
1768 4628 1994 4696 regibus

423 4723 589 4781 atque
626 4715 838 4768 lsraelis
864 4716 987 4769 ﬁliis
1015 4717 1079 4771 ³⁵.
1123 4735 1141 4767 ι
1175 4716 1374 4786 Nempe
1407 4718 1538 4773 dicit
1566 4734 1693 4785 non,
1715 4719 1891 4772 solum
1925 4720 1994 4773 ab

428 4805 613 4858 hostili
647 4808 885 4861 exercitu
915 4824 1037 4862 eum
1082 4809 1466 4879 transfugisse,
1506 4824 1697 4864 verum
1737 4811 1900 4865 etiam
1936 4810 1991 4865 in

423 4896 599 4966 prima
648 4900 763 4954 acie
804 4910 1009 4955 vexatae
1060 4902 1184 4957 ﬁdei
1251 4910 1711 4972 propugnatorem
1759 4903 1988 4958 versari.

2106 4539 2375 4608 σωτηρίου
2406 4542 2779 4610 κηρύγματος,
2807 4534 2962 4604 οὗτός
2995 4559 3083 4611 μοι
3119 4540 3311 4605 σκεῦός
3341 4542 3492 4594 ἐστιν
3527 4542 3678 4594 ἐκλο-

2103 4629 2206 4697 γῆς
2231 4647 2244 4660 ⁸
2292 4631 2373 4693 εἰς
2407 4632 2467 4693 τὸ
2503 4630 2769 4701 βαστάσαι
2817 4634 2878 4685 τὸ
2903 4633 3073 4701 ὄνομα
3103 4650 3203 4702 μου
3238 4634 3472 4686 ἐνώπιον
3508 4632 3675 4685 ἐθνῶν

2102 4739 2161 4773 τε
2212 4722 2303 4774 καὶ
2355 4722 2619 4792 βασιλέων
2660 4724 2789 4777 υἱῶν
2840 4742 2899 4777 τε
2930 4725 3201 4796 Ἰσραήλί
3241 4726 3362 4778 ἀντὶ
3416 4724 3553 4788 τοῦ,
3599 4725 3674 4777 Οὐ

2104 4813 2265 4881 μόνον
2298 4814 2459 4877 αὐτὸς
2493 4814 2600 4867 τῶν
2624 4814 2832 4887 ἐχθρῶν
2861 4814 2962 4884 τῆς
2993 4816 3268 4884 φάλαγγος
3297 4816 3669 4884 ἀπεπήδησεν,

2100 4902 2238 4959 ἀλλά
2268 4906 2363 4959 καὶ
2393 4906 2772 4977 προασπιστὴς
2812 4906 2911 4976 τῆς
2940 4908 3350 4979 πολεμουμένης
3391 4906 3673 4975 εὐσεϐείας

503 5032 547 5064 ³¹
579 5035 700 5089 Act.
731 5050 808 5099 Ix,
840 5035 926 5091 l3.
1004 5036 1049 5067 ³¹
1089 5035 1220 5091 ibid.
1256 5036 1341 5090 14.
1421 5036 1465 5069 ³³
1490 5034 1645 5091 Joan.
1677 5053 1732 5102 κ,
1778 5036 1866 5091 30.
1947 5037 1991 5070 “

2097 5049 2150 5093 :t.
2186 5054 2260 5104 ιχ,
2297 5040 2377 5094 15.

1934 5198 2171 5255 NOTAE.

495 5305 606 5389 (f5)
650 5307 742 5362 Sic
760 5325 811 5363 v.
845 5326 927 5379 gr.
957 5311 1104 5389 apud
1134 5311 1349 5368 Livium
1387 5331 1571 5370 nomen
1600 5316 1853 5372 Latinum
1898 5331 1998 5389 pro

340 5374 345 5378 ’
423 5374 616 5448 Latina
644 5394 750 5443 rep.
781 5374 877 5433 seu
908 5374 1162 5448 potentia.

642 5446 1074 5529 DumrSpiritum
1103 5469 1133 5504 (ι
1176 5452 1333 5529 Patre
1361 5458 1653 5529 procedere
1686 5459 1779 5521 ait,
1825 5475 2000 5529 neque

422 5532 455 5567 α
484 5515 641 5598 ιη’ίιίο·
663 5519 829 5598 addit,
856 5515 1089 5598 oblique
1120 5524 1308 5577 saltem
1345 5515 1431 5581 hic
1478 5544 1698 5598 quoque
1753 5515 1995 5584 error‘etn

421 5600 583 5668 suum
610 5586 677 5640 de
707 5586 889 5668 Filii_a
911 5586 1039 5668 solo
1054 5590 1212 5668 Patre
1242 5586 1589 5668 processioue
1611 5586 1844 5653 Pbotius
1877 5614 2000 5668 pro-

423 5653 523 5723 dit,
577 5670 738 5725 quem
802 5658 928 5712 alibi
992 5653 1255 5737 plurimis'
1277 5665 1454 5722 verbis
1509 5668 1765 5734 inculcat,
1806 5653 2000 5739 nempe

2097 5319 2255 5388 epist.
2282 5320 2341 5395 ᾖ,
2378 5336 2473 5375 seu
2529 5320 2710 5395 libello
2742 5323 3039 5395 encyclico.
3092 5322 3340 5394 Legenda
3386 5338 3521 5378 vero
3551 5334 3673 5379 sunt

2097 5407 2219 5462 quae
2282 5392 2649 5447 Montacutins
2704 5392 2925 5462 copiose
2984 5392 3225 5461 disputat
3286 5404 3476 5449 contra
3528 5395 3667 5449 illam

2098 5460 2724 5533 Photiiepistolam,nec
2751 5460 2857 5517 non
2878 5465 2947 5517 cl.
2976 5465 3044 5517 Δ.
3074 5460 3331 5519 Scbottus
3355 5465 3423 5518 ad
3449 5464 3664 5533 Amphi-

2099 5531 2445 5603 loc.__quazst.
2479 5532 2571 5585 28.
2603 5532 2666 5585 Et
2699 5534 2916 5603 quidem
2951 5549 3038 5587 res
3092 5533 3225 5588 satis
3281 5535 3542 5588 ventilata
3557 5531 3665 5586 Tui:

2100 5601 2154 5672 in
2186 5598 2501 5672 Florentino
2524 5598 2777 5665 concilio,
2810 5612 2863 5657 et
2899 5617 2929 5656 a
2957 5604 3241 5657 catholicis
3279 5606 3485 5672 passim
3520 5605 3655 5657 Ilico.

2101 5671 2238 5737 l0gis
2262 5687 2275 5736 ;
2300 5686 2439 5738 quos
2478 5671 2617 5725 inter
2646 5673 2766 5727 vide
2796 5682 2943 5728 certe
2967 5673 3243 5728 Allatium.
