3888 6186
152 173 265 241 317

1099 189 1197 250 ΑΙ)
1234 191 1833 257 AMPHILOCHIUM
1867 196 2213 269 QUESTIO
2250 200 2470 263 XLIII.

3324 210 3431 277 318

149 289 627 360 ἀναδειχθησεται·
657 292 752 345 καὶ
784 292 891 365 γὰρ
924 295 1029 348 ὑπὸ
1049 298 1155 350 τῶν
1184 300 1594 356 δυσσεϐούντων
1625 322 1723 358 πο‹

1840 308 2099 375 Divinam,
2121 310 2319 380 inquit,
2346 310 2793 381 prmdicationcm
2822 315 2891 370 ab
2921 315 3102 387 impiis
3136 335 3425 394 oppugna-

148 380 545 451 λιορκούμενόν
591 400 649 436 τε
710 387 805 438 καὶ⁸
835 391 1286 461 κατασειόμενον,
1335 396 1498 459 αὐτὸς
1532 398 1769 450 ἀναδω-⁹

153 474 346 525 στάσει
374 473 467 526 καὶ
504 476 855 547 ύποστηρίξει
894 481 987 531 καὶ
1020 482 1353 552 ἁκράδαντον
1390 490 1739 557 παραστήσει

150 564 215 616 τὸ
266 564 513 627 θεοσεϐὲς
572 571 855 637 κήρυγμα.
915 572 1085 626 Τοῦτο
1135 576 1243 646 γὰρ
1288 578 1521 631 ἐνταῦθα
1565 582 1597 649 ἠ
1644 581 1736 633 τοῦ

152 656 449 724 ὅνόματος
498 661 831 727 ἀπαγγέλλει
875 664 1125 733 δύναμις,
1175 669 1274 735 τὴν
1317 671 1488 739 ἀληθῆ
1534 673 1735 738 πίστιν,

149 747 217 799 τὸ
248 752 346 817 τῆς
380 750 661 814 εὐσεϐείας
690 755 965 823 φρόνημα,
998 758 1097 825 τῆς
1124 760 1396 829 θεολογίας
1440 764 1499 815 τὸ
1531 765 1738 834 κήρυγ-

154 855 257 906 μα,
303 840 400 906 τῆς
429 840 521 891 τοῦ
551 843 727 910 Λόγου
760 847 1087 917 σαρκῶσεως
1126 851 1185 902 τὸ
1238 855 1534 924 μυστήριον
1562 871 1574 884 ·
1617 856 1738 908 ἐπεὶ

148 928 204 979 τί
260 930 519 997 χαλεπὸν
552 930 619 1003 ἦν
647 973 662 996 ,
716 937 879 991 τίνων
913 939 967 991 δὲ
1023 945 1415 1012 στηριγμάτων
1457 947 1730 1016 δεόμενον,

148 1021 341 1085 ἁπλῶς
371 1023 544 1085 οὕτως
577 1027 669 1078 καὶ
703 1030 805 1099 μιᾷ
833 1034 982 1100 φωνῇ
1024 1036 1454 1105 προσαγορεύειν
1482 1040 1574 1090 τὸν
1620 1041 1735 1094 Κύ-

151 1130 314 1180 ριον;
372 1116 481 1168 Καὶ
522 1118 701 1170 αὐτῶν
744 1122 915 1174 ἐνίοτε
962 1123 1068 1176 ’τῶν
1093 1126 1385 1194 δαιμονίων
1416 1130 1737 1202 ἀναϐοωμέ-

148 1222 259 1255 νων
290 1207 383 1258 καὶ
423 1208 559 1276 μετὰ
585 1211 907 1283 προσθήκης
935 1215 1081 1278 τινὸς
1112 1217 1172 1269 τὸ
1192 1220 1519 1273 Δεσποτικδν
1544 1223 1733 1293 ὄνομα.

149 1296 318 1348 ’Λλλὰ
348 1298 506 1366 δῆλον
540 1300 615 1362 ὡς
643 1300 737 1353 νῦν
763 1303 971 1371 ὄνομα,
1006 1306 1065 1358 τὸ
1090 1307 1175 1359 διὰ
1197 1310 1410 1363 Παύλου
1435 1314 1739 1380 καταγγελ-

148 1387 382 1457 ὶόμενον
414 1392 677 1461 κήρυγμα
708 1393 875 1460 λέγει,
919 1397 1013 1448 καὶ
1043 1398 1102 1449 τὸ
1133 1400 1268 1469 πρὸς
1298 1400 1430 1453 Θεὸν
1466 1404 1734 1474 ἀναφερό-

153 1496 319 1546 μενον
356 1481 553 1545 σέϐας,
592 1482 734 1553 ὑπὲρ
768 1478 828 1537 οὗ
866 1488 1095 1557 μυρίους
1124 1490 1258 1543 καθ’
1290 1493 1527 1563 ἑκάστην
1576 1496 1738 1549 θανά-

148 1585 277 1633 τους
329 1572 358 1624 6
386 1574 515 1641 πρὶν
556 1573 790 1644 διώκτης
819 1578 987 1647 ἡδέως
1022 1580 1205 1651 ἔφερε,
1250 1584 1537 1648 διδάσκων,
1590 1606 1733 1656 παρ-

150 1659 344 1726 αινῶν,
399 1663 774 1731 μυσταγωγῶν
800 1703 816 1727 ,
848 1667 1139 1737 κηρύσσων
1190 1673 1289 1742 τὴν
1334 1674 1554 1740 πίστιν,
1611 1679 1735 1731 καθ’
1770 1652 1811 1708 Β

149 1752 217 1818 ἣν
247 1744 399 1822 αύτῷ
433 1756 824 1823 μυσταγωγίαν
856 1760 883 1810 6
916 1759 1105 1832 Σωτὴρ
1152 1764 1521 1835 ἀπεκάλυψεν·
1564 1769 1734 1837 «Ἐγὼ

151 1844 285 1913 γάρ,
337 1846 523 1914 φησὶν,
558 1847 822 1913 ὑποδείξω
852 1851 999 1922 αύτῷ
1028 1854 1127 1907 ὅσα
1157 1855 1239 1908 δεῖ
1267 1859 1430 1911 αὐτὸν
1462 1860 1602 1931 ὑπὲρ
1637 1863 1733 1917 τοῦ

150 1936 418 2005 ὀνόματός
453 1956 554 2007 μου
598 1940 810 1995 παθεῖν.
826 1962 844 1995 ι

228 2028 317 2097 ιβ’.
352 2029 465 2081 Καὶ
490 2031 593 2101 ὅρα
622 2037 850 2103 συνεχὴς
883 2036 915 2105 ἡ
943 2036 1138 2106 χρῆσις
1164 2038 1259 2091 τοῦ
1292 2040 1604 2108 ὀνόματος.
1635 2042 1735 2095 Διὰ

149 2118 240 2185 si;
295 2120 413 2174 ’Ἱνα
459 2124 491 2193 η
542 2124 776 2197 ἐπιμονὴ
832 2128 930 2197 τῆς
978 2129 1164 2199 φωνῆς
1206 2131 1265 2183 τὸ
1320 2132 1454 2185 αὐτὸ
1500 2136 1732 2204 πρᾶγμα

152 2211 417 2277 πολλάκις
458 2216 799 2285 σημαίνουσά
840 2237 899 2271 τε
936 2222 1029 2274 καὶ
1063 2224 1365 2293 κατάδηλον
1410 2228 1730 2298 ποιουμένη,

151 2301 345 2375 ὥσπερ
363 2305 449 2359 διὰ
464 2305 563 2375 τῆς
577 2308 749 2377 ἀκοῆς
773 2309 1103 2365 ἐντυπώσειε
1127 2318 1234 2377 τοῖς
1255 2315 1536 2386 λογισμοῖς
1554 2319 1612 2371 τὸ
1635 2319 1734 2389 τῆς

153 2397 440 2461 εὐσεϐείας
474 2404 772 2470 μυστήριον
794 2404 887 2455 καὶ
915 2400 1001 2456 οἷα
1026 2396 1310 2474 βασιλικὸν
1342 2410 1734 2481 ὲκσφράγισμα

149 2490 267 2549 ταῖς
280 2488 536 2551 διανοίαις
554 2490 711 2543 τοῦτο
728 2494 982 2562 φέροντες
998 2498 1091 2548 καὶ
1111 2497 1243 2567 πρὸς
1256 2498 1385 2551 αὐτὸ
1397 2502 1730 2570 ἀφορῶντες,

155 2577 227 2646 μὴ
242 2577 380 2647 πρὸς
411 2579 609 2642 πολλὰς
628 2582 821 2652 εἴημεν
839 2584 991 2647 ὀδοὺς
1004 2586 1282 2658 διαφόροις
1304 2594 1507 2657 φωναῖς
1526 2610 1735 2664 σχημα⁸

150 2674 469 2741 τιζομένους
483 2678 897 2748 ἐκτρεπόμενοι.
916 2680 1087 2753 ’Υπὲρ
1104 2682 1198 2735 τοῦ
1221 2701 1397 2755 μυστη
1409 2688 1527 2755 ρίου
1541 2689 1731 2741 τούτου

154 2771 364 2837 καὶτῆς
390 2771 516 2839 περὶ
537 2772 635 2839 τὴν
658 2772 1139 2846 πίστινάκριϐείας
1160 2778 1188 2829 6
1205 2779 1414 2845 Παῦλος
1437 2780 1642 2853 ἔπασχε
1666 2784 1732 2837 τὰ

153 2861 450 2926 ἀνήκεστα·
468 2859 527 2912 ού
550 2861 657 2933 γὰρ
682 2865 809 2929 περὶ
832 2864 1094 2935 ὀνόματος
1116 2866 1295 2936 ψιλοῦ,
1317 2870 1435 2922 οὐδὲ
1454 2871 1733 2925 συλλαϐῶν

1843 408 1953 453 tam
1978 410 2142 470 atque
2176 418 2499 458 concussam
2529 407 2822 460 sustinebit
2845 408 2959 477 ipse
2992 421 3151 480 atque
3189 415 3425 473 lirmabit

1844 494 2242 562 immotamque
2272 505 2491 550 statuet.
2545 496 2623 550 Ita
2659 497 2911 553 videlicet
2958 501 3063 557 hoc
3101 504 3222 558 loco
3262 523 3426 561 voca-

1839 585 2028 638 bulum
2057 603 2241 639 nomen
2276 598 2435 641 sonat
2466 604 2647 642 veram
2683 590 2861 656 fidem,
2896 594 3038 660 piam
3071 600 3420 662 sententiam,

1840 675 2040 730 divinae
2085 677 2348 732 dOctrime
2417 680 2852 746 praedicatiooem
2881 723 2896 747 ,
2941 684 3104 739 Verbi
3154 688 3423 743 ineatuali

1840 768 2182 835 mysterium.
2211 768 2384 824 Secns
2410 771 2555 824 enim
2590 787 2689 825 cur
2719 775 2891 827 ardua
2938 776 3151 843 fuisset,
3189 781 3270 833 vel
3302 783 3425 846 qui-

1840 857 1943 911 bus
1973 860 2323 915 adminiculis
2357 862 2682 932 indiguisset
2714 866 2943 935 simplex
2988 884 3089 922 nec
3128 874 3289 927 unius
3322 888 3423 927 vo-

1841 949 2019 1004 cabuli
2052 954 2188 1006 lines
2214 955 2486 1007 excedens
2517 955 2729 1010 Domini
2755 960 3044 1027 appellatio
3068 961 3152 1014 ³⁸⁸2
3182 962 3341 1017 Certe
3368 974 3424 1017 et

1844 1041 1947 1109 ipsi
1978 1043 2276 1111 aliquando
2304 1047 2579 1100 daunones
2610 1059 2733 1101 cum
2770 1050 2952 1119 aliquo
2987 1053 3149 1123 ctiam
3181 1056 3421 1122 epitheto

1841 1130 2185 1186 Dominicum
2223 1149 2420 1187 nomen
2470 1139 2981 1204 pronuntiaverunt.
3040 1140 3142 1194 Sed
3194 1158 3419 1211 prorsus

1838 1224 2177 1291 exploratum
2204 1235 2307 1288 est,
2333 1243 2477 1279 nunc
2505 1227 2770 1281 vocabulo
2792 1246 2997 1292 nomen,
3018 1232 3417 1299 praedicandam

1840 1328 1869 1365 a
1906 1312 2070 1367 Paulo
2098 1314 2403 1370 doctrinam
2438 1319 2568 1382 dici,
2612 1321 2977 1389 devotumque
3026 1322 3134 1374 Deo
3181 1324 3413 1387 cultum,

1840 1404 1995 1471 cujus
2051 1407 2220 1474 gratia
2272 1408 2595 1463 innumeras
2649 1412 2892 1478 quotidie
2939 1423 3142 1465 tnortes
3198 1415 3264 1480 is,
3324 1416 3417 1485 qui

1839 1507 1996 1550 antea
2039 1511 2358 1567 persecutor
2401 1503 2605 1566 fuerat,
2661 1504 2893 1558 libenter
2946 1506 3266 1575 perferebat,
3319 1510 3419 1579 do-

1840 1586 2035 1647 cendo,
2068 1586 2359 1650 hortando,
2398 1590 2687 1651 initiaudo,
2737 1592 3086 1660 praedicando
3121 1596 3302 1662 fidem,
3336 1613 3420 1650 sc-

1840 1677 2076 1729 cnndum
2106 1694 2270 1745 quam
2314 1678 2571 1734 Servator
2605 1697 2761 1736 sacra
2818 1700 2942 1737 eum
3001 1687 3259 1755 religione
3310 1690 3417 1742 im-

1842 1767 2054 1822 buerat.
2099 1788 2116 1820 ι
2150 1768 2262 1838 Ego
2294 1772 2462 1836 enim,
2499 1773 2697 1843 inquit,
2734 1777 3016 1831 ostendam
3068 1779 3164 1844 illi,
3212 1793 3415 1849 quanta

1838 1858 2013 1930 ipsum
2043 1871 2292 1929 oporteat
2332 1864 2436 1918 mei
2466 1868 2702 1920 nominis
2736 1882 2900 1921 causa
2931 1870 3042 1937 pati
3075 1870 3136 1923 ³³.
3178 1890 3196 1921 ι

1908 2036 1995 2089 1‘2.
2077 2039 2255 2107 Atque
2315 2039 2450 2094 adeo
2509 2042 2708 2096 vidcsis
2769 2054 3087 2113 perpetuum
3168 2047 3413 2101 vocabuli

1836 2146 2023 2183 nomen
2083 2148 2265 2186 usum.
2312 2133 2424 2185 Cur
2472 2137 2694 2187 autem?
2737 2136 2941 2204 Nempe
2995 2148 3052 2190 ut
3105 2139 3415 2192 constantia

1836 2222 2111 2289 vocabuli,
2129 2227 2270 2291 quod
2294 2226 2538 2280 eamdem
2568 2243 2678 2279 rem
2703 2228 2979 2282 multoties
3010 2229 3231 2283 denotat
3251 2240 3414 2299 atque

1836 2312 2093 2378 ostendit,
2130 2318 2211 2369 vel
2244 2319 2359 2385 ipso
2399 2319 2589 2373 auditu
2629 2321 2798 2372 menti
2832 2320 3105 2389 insculpat
3137 2322 3415 2391 religionis

1836 2410 2190 2478 mysterium;
2234 2423 2398 2479 atque
2452 2421 2511 2465 ut
2561 2411 2611 2465 id
2657 2427 2754 2466 ceu
2810 2414 3017 2482 regium
3068 2414 3411 2482 signaculum

1836 2509 2057 2567 pectore
2091 2502 2415 2570 impressum
2454 2502 2709 2565 ferentes,
2743 2513 2797 2557 et
2823 2506 2887 2556 ad
2912 2504 3016 2558 hoc
3038 2507 3412 2574 respicientes,

1836 2590 2260 2661 haudquaquam
2294 2594 2346 2647 in
2380 2594 2495 2647 vias
2530 2596 2862 2665 multiplices
2894 2597 3152 2651 varietate
3180 2600 3415 2653 voeabu-

1837 2681 2013 2735 lorum
2046 2684 2345 2753 patelaclas
2377 2685 2734 2739 divertamus.
2772 2687 2944 2755 llujns
2977 2703 3140 2740 causa
3169 2689 3413 2756 mysterii

1837 2781 2001 2840 atque
2025 2783 2297 2828 accurata:
2334 2774 2458 2829 fidei
2488 2772 2690 2829 Paulus
2719 2776 3105 2830 acerbissimas
3134 2777 3414 2834 molestias

1837 2863 2076 2931 pertulit.
2126 2861 2243 2917 Non
2279 2865 2421 2918 enim
2472 2866 2619 2919 nudo
2654 2869 2875 2919 nomine
2911 2876 3085 2931 tenus,
3122 2864 3295 2937 neque
3327 2870 3414 2922 in-

156 2950 386 3021 βραχείᾳ
420 2952 688 3019 συνθέσει,
723 2954 782 3007 τὸ
806 2955 1034 3025 φρικτὸν
1067 2958 1159 3009 καὶ
1195 2959 1337 3029 μέγα
1362 2960 1460 3029 τῆς
1494 2962 1727 3026 πίστεως

1842 2958 1922 3004 tra
1949 2951 2165 3005 brevem
2190 2953 2522 3023 syllabarum
2547 2954 3018 3022 compositionem,
3045 2960 3413 3011 vrneraudum

158 3046 609 3113 περιγράφοντος.
649 3046 739 3099 Διὸ
772 3047 865 3101 καὶ
895 3047 1116 3103 ἀκούειν
1148 3052 1263 3103 ἐστὶ
1292 3051 1398 3105 τῶν
1435 3054 1595 3124 ἱερῶν
1626 3056 1732 3109 πά-

154 3136 235 3189 λιν
270 3128 696 3192 ὲκδιδῖισκόντων
728 3143 1007 3213 ῥημάτωνο
1036 3144 1133 3214 οὐχ
1165 3138 1319 3208 οὗτος
1349 3146 1498 3199 ἐστὶν
1528 3150 1555 3200 6
1596 3166 1731 3219 πορ-

156 3230 326 3299 θήσας
380 3231 437 3283 έν
484 3230 843 3303 Ἰερουσαλὴμ
888 3234 949 3287 τὸ
996 3235 1167 3306 ὄνομα
1212 3237 1402 3302 τοῦτο;
1451 3239 1575 3301 Πῶς
1626 3243 1735 3311 γὰρ

160 3321 446 3388 ἐπορθεῖτο
494 3320 640 3387 λέξις
686 3322 869 3393 πληγῇ
905 3324 1067 3394 ἀέρος
1122 3326 1351 3398 βραχείᾳ
1400 3345 1735 3399 περιγραφο-

162 3412 317 3481 ζλένη,
366 3414 625 3483 καὶπρὸς
658 3416 863 3485 μηδένα
894 3416 1017 3469 νοῦν
1046 3417 1109 3470 τό
1153 3435 1216 3486 γε
1264 3420 1350 3472 ἐπ’
1401 3422 1559 3491 αὐτῇ,
1600 3421 1734 3491 μηδὲ

157 3503 312 3567 δόξαν
351 3504 613 3572 θεολόγων
680 3507 1087 3578 ἀναπλουμένη,
1129 3510 1252 3581 μηδ’
1282 3510 1587 3582 ἀνθρώπων
1635 3512 1736 3581 ψυ-

169 3597 285 3661 χαῖς
313 3594 515 3645 ἐνιέναι
540 3595 824 3664 δογμάτων
854 3597 1139 3667 ἀκρίϐειαν
1174 3598 1473 3668 δυναμένη,
1512 3600 1606 3651 καὶ
1634 3600 1735 3669 τὴν

160 3685 392 3756 ὓπαρξιν
448 3688 848 3757 χρονικωτέραν
893 3687 990 3740 οὑκ
1042 3690 1241 3759 ἔχουσα
1287 3691 1386 3761 τῆς
1427 3692 1731 3758 γενέσεως;

171 3781 330 3833 Ἀλλά
360 3780 467 3851 γὰρ
503 3781 663 3850 δῆλον
695 3782 769 3844 ὼς
803 3782 897 3834 νῦν
929 3783 1134 3851 ὄνομα,
1180 3784 1240 3836 ού
1282 3784 1343 3836 τὸ
1373 3780 1600 3855 σύνηθες
1644 3786 1736 3838 καὶ

161 3875 288 3926 πᾶσι
314 3874 748 3944 περιφερόμενον
785 3877 985 3928 ἐννοεῖν
1014 3875 1133 3938 δεῖ,
1185 3875 1321 3928 ἀλλὰ
1352 3877 1409 3928 τὸ
1439 3878 1536 3946 τῆς
1578 3878 1732 3929 εύσε⁶

162 3966 307 4028 ῢείας
344 3968 473 4036 ὅλης
522 3965 870 4034 ἁπαγγέλλον
909 3984 969 4017 τε
997 3966 1089 4019 καὶ
1122 3967 1479 4037 διασημαῖνον
1523 3969 1732 4039 μυστή-

162 4074 289 4125 ριον,
333 4058 427 4110 καὶ
464 4057 562 4129 τὴν
591 4057 682 4109 τοῦ
712 4057 1066 4127 κηρύγματος
1094 4057 1180 4110 διὰ
1210 4059 1389 4129 πάσης
1425 4059 1579 4128 ἡμῶν
1624 4060 1722 4128 τῆς

160 4149 434 4216 θεολογίας
465 4148 760 4215 προϊοῦσαν
793 4149 1098 4217 ἀκρίϐειαν.
1130 4150 1241 4203 Καὶ
1269 4151 1378 4220 γὰρ
1408 4151 1468 4203 τὸ
1494 4150 1734 4205 τοιοῦτον

158 4240 344 4309 ὄνομα,
375 4240 494 4309 ἦτοι
522 4239 622 4307 τῆς
653 4239 886 4301 πίστεως
917 4243 949 4309 ἡ
982 4240 1257 4303 τελείωσις
1284 4280 1297 4304 ,
1332 4242 1424 4294 καὶ
1472 4244 1590 4304 ταῖς
1621 4242 1734 4295 δια-

1840 3059 2209 3112 magnumque
2277 3046 2594 3115 mysterium
2664 3047 3167 3101 circumscribebat.
3234 3050 3416 3114 Quare

1838 3152 2029 3190 rursus
2068 3138 2259 3191 audire
2292 3139 2510 3208 expedit
2556 3155 2837 3193 sacrorum
2886 3141 3255 3209 magisterium
3289 3159 3414 3196 ver.

1838 3228 2073 3282 borum:
2113 3229 2302 3283 Nonne
2349 3232 2394 3284 is
2448 3241 2553 3295 est,
2601 3232 2694 3299 qui
2737 3232 2986 3285 vastabat
3026 3230 3418 3303 Hierosolymis

1837 3335 2035 3374 nomen
2068 3321 2169 3375 hoc
2191 3321 2213 3375 ?
2234 3320 2484 3387 Quonam
2529 3334 2708 3377 autem
2741 3332 2900 3392 pacto
2917 3323 3082 3377 dictio
3107 3340 3229 3392 qua:
3265 3325 3414 3378 brevi

1836 3410 1960 3463 reris
1990 3412 2342 3479 percussione
2367 3414 2575 3476 ﬁnitur,
2601 3415 2909 3468 vastitatem
2936 3414 3200 3469 fecisset?
3226 3416 3415 3483 dictio,

1838 3497 2081 3565 inquam,
2115 3516 2237 3569 quze
2268 3503 2477 3556 nullum
2520 3519 2614 3572 per
2646 3519 2703 3557 se
2743 3519 2966 3557 sensum
3011 3506 3275 3571 continet,
3314 3523 3413 3561 ne-

1836 3606 1944 3659 que
1984 3592 2343 3664 theologicam
2376 3596 2617 3664 aliquam
2652 3597 2979 3650 sententiam
3006 3599 3284 3666 exprimit,
3318 3615 3415 3654 ne-

1837 3699 1943 3752 que
1978 3685 2032 3737 in
2068 3686 2353 3740 hominum
2391 3688 2591 3742 animis
2621 3689 2899 3742 definitum
2949 3690 3169 3759 aliquod
3219 3692 3414 3761 dogma

1837 3775 2159 3845 imprimere
2199 3788 2411 3848 potest;
2443 3795 2563 3848 quae
2593 3780 2829 3849 denique
2858 3781 3231 3835 exsistentiam
3268 3784 3414 3837 baud

1836 3867 2222 3937 longaeviorem
2277 3872 2560 3926 nativitate
2598 3873 2780 3926 habet.
2820 3871 3171 3941 Perspicuum
3201 3883 3283 3929 est
3312 3876 3415 3928 ita-

1835 3975 1959 4028 que,
1999 3976 2144 4015 nunc
2164 3961 2222 4013 in
2248 3963 2515 4016 vocabulo
2538 3980 2723 4023 nomen
2749 3964 2889 4017 baud
2913 3974 3229 4017 consuetam
3265 3964 3409 4018 illam

1836 4053 2320 4123 pervulgatamquc
2357 4055 2782 4123 signiﬁcantiam
2824 4072 2946 4110 esse
2984 4056 3408 4126 intelligendam,

1834 4144 1928 4197 sed
1960 4146 2276 4215 mysterium
2314 4148 2496 4214 potius
2524 4162 2632 4214 quo
2661 4147 2849 4216 religio
2880 4148 3129 4202 universa
3165 4149 3410 4201 .tinuitur

1836 4248 1899 4288 ac
1937 4235 2243 4300 denotatur,
2288 4252 2483 4305 nempe
2527 4238 2851 4306 exquisitam
2908 4238 3182 4308 Evangelii
3231 4240 3408 4293 scien-

160 4331 300 4395 νοίας
327 4333 483 4402 ἡμῶν
508 4331 894 4401 ἐμϐαθύνεται,
917 4334 1009 4385 καὶ
1031 4332 1277 4401 θεμέλιον
1291 4334 1558 4403 λαμϐάνει
1578 4334 1733 4403 ἐδρα-

1840 4326 1969 4379 tiam
2029 4342 2151 4395 qua:
2200 4342 2265 4381 ex
2318 4328 2469 4381 omni
2524 4339 2708 4381 nostra
2768 4329 3068 4397 theologica
3120 4330 3406 4398 disciplina

162 4424 385 4493 ζόμενον
407 4426 473 4494 τῇ
498 4425 610 4476 τῶν
644 4425 1008 4477 πιστευόντων
1033 4424 1266 4495 φιλοθέῳ
1299 4425 1493 4498 γνώμῃ
1532 4427 1625 4480 καὶ
1666 4430 1732 4497 τῇ

164 4519 483 4587 στερρότητι
516 4515 612 4567 τοῦ
641 4517 1011 4585 φρονήματος.
1057 4515 1229 4568 Τοῦτο
1254 4517 1316 4568 τὸ
1340 4518 1512 4585 ὄνομα
1549 4518 1577 4568 6
1606 4519 1734 4587 πρὶν

168 4609 257 4677 μὲν
300 4607 506 4667 Σαῦλος
552 4607 883 4677 ἐπολιόρκει,
934 4609 963 4659 6
1011 4607 1068 4660 δὲ
1117 4608 1252 4677 μετὰ
1300 4608 1477 4661 ταῦτα
1526 4609 1736 4672 Παῦλος

166 4699 387 4751 ἐνώπιον
416 4698 584 4750 ἐθνῶν
618 4701 710 4751 καὶ
761 4698 1027 4768 βασιλέων
1070 4698 1403 4763 ἐϐάσταζεν,
1442 4701 1735 4771 ἀπερίτρε-

166 4808 287 4843 πτον
310 4790 470 4843 τοῦτο
498 4791 593 4843 καὶ
618 4789 1065 4858 ἀκαταγώνιστον
1108 4789 1257 4853 ἰδίοις
1292 4790 1733 4861 ἐπιδεικνύμενος

167 4883 500 4952 ἁγνίσμασι,
549 4882 644 4935 καὶ
696 4883 866 4935 πολλὰ
915 4883 1025 4934 τῶν
1054 4882 1225 4935 ἐθνῶν
1253 4882 1361 4934 ἀπὸ
1404 4884 1503 4952 τῆς
1540 4883 1734 4936 δυσσε-

169 4974 312 5039 ϐείας
346 4976 425 5037 είς
472 4973 678 5044 ταύτην
735 4974 1088 5044 μεθαρμόσας
1144 4974 1237 5026 καὶ
1289 4976 1732 5044 μυσταγωγήσας

170 5067 258 5135 τὴν
287 5067 592 5120 εὐσέϐειαν.
615 5069 705 5119 Δεῖ
738 5067 937 5131 τοίνυν,
964 5067 1186 5121 ἐπειδὰν
1209 5066 1275 5119 τὰ
1308 5066 1479 5131 Λόγια
1502 5066 1633 5137 λέγῃ
1661 5066 1735 5129 ὼς

173 5158 455 5222 ἐϐάπτιζον
487 5162 535 5211 οἱ
568 5159 808 5230 μαθηταὶ
840 5162 898 5213 ἐν
920 5159 998 5228 τῷ
1029 5159 1255 5229 ὀνόματι
1278 5156 1452 5229 Ἰησοῦ
1476 5158 1736 5229 Χριστοῦ,

172 5247 202 5317 ἢ
233 5249 347 5301 κατ’
374 5248 539 5317 ἄλλην
568 5250 693 5303 τινὰ
712 5249 985 5320 συνθήκην
1013 5249 1395 5321 παραπλησίου
1421 5248 1577 5316 λόγου
1603 5265 1739 5318 συμ-

180 5342 503 5412 φερομένην,
546 5342 624 5411 τῷ
665 5342 1013 5411 προκειμένῳ
1056 5341 1156 5411 τῆς
1196 5342 1559 5412 ἐκφωνήσεως
1585 5341 1739 5412 τύπῳ

176 5428 470 5492 ἀκολούθως
500 5446 557 5482 τε
597 5428 691 5483 καὶ
721 5429 1039 5499 θεοπρεπῶς
1087 5430 1308 5482 ἐννοεῖνο
1345 5430 1440 5481 καὶ
1473 5428 1581 5481 τῶν
1632 5446 1739 5498 μα-

244 5606 284 5640 ³³
318 5606 507 5663 Matth.
544 5622 662 5671 vm,
691 5606 781 5660 9.9.
864 5606 907 5636 “
938 5608 1058 5659 Act.
1102 5621 1180 5667 ix,
1232 5606 1316 5657 16.

1833 4428 2041 4472 manat.
2082 4419 2193 4474 lloc
2238 4435 2462 4483 nomen,
2517 4438 2609 4475 seu
2661 4422 2842 4490 potius
2900 4422 3021 4474 fidei
3067 4438 3302 4484 summa,
3354 4430 3407 4474 et

1836 4510 2111 4563 mentibus
2146 4512 2350 4564 nostris
2383 4511 2728 4579 insculpitur,
2762 4520 2814 4564 et
2842 4510 3210 4563 fundamentis
3240 4512 3407 4563 utitur

1835 4601 1921 4670 pia
1958 4602 2294 4657 credentium
2342 4611 2525 4656 mente
2560 4603 2975 4670 constantiaque
3007 4604 3287 4656 sentcntiae
3315 4604 3406 4656 lir-

1837 4696 2019 4748 matis.
2059 4694 2173 4747 Hoc
2224 4691 2426 4747 Saulus
2484 4709 2678 4748 nomen
2715 4696 2992 4758 vastabat;
3046 4702 3209 4761 atquc
3266 4692 3405 4746 idem

1838 4797 2024 4855 postea
2056 4785 2260 4840 Paulus
2286 4802 2472 4840 coram
2501 4786 2751 4855 gentibus
2780 4786 3105 4856 regibusque
3126 4786 3407 4853 portabat;

1839 4878 2211 4945 insuperabile
2236 4878 2289 4930 id
2315 4886 2477 4946 atque
2508 4877 2766 4930 invictum
2801 4877 2917 4931 suis
2969 4877 3101 4946 ipsis
3148 4875 3409 4929 facinori-

1842 4970 1944 5024 bus
1981 4969 2271 5031 exbibens,
2324 4968 2631 5036 multasque
2660 4976 2849 5036 gentes
2902 4967 2974 5020 ab
3020 4966 3293 5035 impietate
3341 4966 3408 5019 ad

1841 5077 2026 5115 veram
2063 5061 2380 5129 religionem
2413 5061 2758 5128 pertraliens,
2806 5059 3085 5126 sacrisque
3140 5058 3409 5110 imbuens.

1842 5153 2016 5222 Igitur
2045 5154 2479 5222 quotiescunque
2526 5151 2666 5220 apud
2693 5165 2878 5204 sacras
2902 5148 3133 5202 Litteras
3158 5148 3414 5201 dicuntur

1847 5244 2097 5313 discipuli
2129 5243 2494 5312 baptizavisse
2524 5243 2576 5295 in
2599 5242 2798 5297 Christi
2842 5239 3059 5292 nomine
3088 5248 3182 5291 aut
3216 5254 3413 5293 secun-

1846 5337 1974 5390 dum
2009 5335 2171 5388 aliam
2198 5333 2491 5391 locutionis
2523 5333 2718 5387 similis
2756 5331 3068 5393 formulam,
3125 5330 3175 5383 id
3217 5328 3417 5382 intelli-

1849 5427 2083 5498 gendum
2116 5434 2199 5481 est
2237 5425 2401 5497 digne
2433 5442 2496 5481 ac
2531 5425 2917 5481 convenienter
2948 5432 3109 5492 prout
3143 5421 3246 5476 fert
3289 5432 3415 5487 pm-
