3808 6296
444 287 548 354 319

1591 270 1854 331 Pl-IOTII
1891 265 2394 329 PATR‘ARCHIE
2425 265 2533 326 CP.

443 404 657 475 positus
708 406 929 452 tessera:
986 397 1168 460 typus,
1229 398 1408 455 neque
1468 380 1752 449 indignum
1816 377 2019 447 aliquid

2137 378 2304 449 im:th
2322 377 2500 461 ,μηδὲν
2524 373 2742 439 ἀνάξιον
2773 374 3048 438 ὑπονοεῖν,
3077 374 3210 428 ἀλλά
3235 375 3378 430 κατά
3405 375 3465 430 τὸ
3491 381 3621 450 κήρυ
3639 400 3690 446 ς-

451 471 642 550 contra
670 483 968 554 discipulos
996 477 1387 549 suspicandum
1410 491 1442 540 ;_
1469 473 1561 528 sed
1612 471 1888 525 fatendum
1922 484 2022 538 po-

447 591 577 648 tius,
622 582 776 651 juxta
815 573 1122 631 doctrinam
1173 567 1482 623 Serratoris
1515 581 1580 620 ac
1623 565 2019 633 magisterium,

446 677 722 748 apostolos
752 686 961 726 sacram
1001 665 1466 734 regenerationem
1509 662 1771 730 perlicere
1805 657 2020 718 solitos,

447 747 694 834 aliosque
727 763 930 834 pariter
965 757 1034 813 ad
1067 759 1115 810 id
1155 754 1459 809 faciendum
1490 749 1827 813 erudivisse;
1869 747 1942 799 ita
1965 755 2025 798 ut

445 871 641 930 praeter
677 853 1014 910 Dominicum
1043 855 1373 919 praeceptum
1405 843 1732 914 cogitarent,
1758 839 2022 901 dicerent,

446 953 757 1008 facerentve
783 946 940 1001 nihil.

519 1063 604 1116 15.
648 1061 752 1114 Sed
803 1059 1033 1112 fortasse
1078 1049 1280 1120 aliquis
1317 1043 1630 1102 ratiocinari
1667 1058 1916 1114 pergens,
1959 1056 2025 1094 ne

446 1157 623 1212 dicam
660 1150 930 1211 altercari,
950 1147 1000 1203 si
1030 1147 1084 1200 in
1118 1125 1360 1206 nomine,
1389 1139 1587 1208 inquit,
1614 1135 1792 1190 Patris
1818 1143 1868 1189 et
1901 1132 2021 1187 Filii

447 1257 500 1302 et
543 1246 714 1302 sancti
775 1241 1014 1312 Spiritus
1061 1227 1702 1305 baptiZabant-discipuli
1730 1269 1745 1292 ,
1798 1239 2021 1281 cornam

448 1339 504 1392 in
535 1336 754 1390 nomine
783 1330 988 1387 Christi
1031 1338 1123 1382 aut
1171 1327 1292 1381 aliis
1327 1321 1592 1393 ejusmodi
1635 1317 1887 1373 formulis
1920 1316 2022 1371 ba-

448 1424 968 1499 ptizaredit-untur?
994 1420 1151 1490 Atqui
1179 1417 1342 1484 hujus
1371 1415 1446 1468 rei
1475 1413 1625 1466 notio
1661 1413 1713 1464 in
1744 1424 1909 1478 supra
1946 1407 2019 1461 di-

448 1520 552 1574 etis
571 1519 681 1586 jam
706 1517 838 1570 satis
859 1513 1102 1582 exposita
1120 1520 1223 1565 est.
1245 1506 1451 1562 Sullicit
1472 1505 1638 1569 enim,
1662 1501 2024 1571 complurium

451 1611 648 1672 instar,
680 1607 724 1661 si
764 1607 877 1659 hinc
907 1601 1279 1658 controversia
1327 1597 1464 1651 mori
1523 1609 1805 1649 sacrarum
1860 1591 2028 1645 Litte-

446 1715 634 1754 rarum
673 1699 1004 1766 imputetur;
1035 1703 1086 1747 ct
1104 1692 1150 1746 si
1184 1692 1230 1746 is
1252 1689 1342 1760 qui
1373 1689 1518 1743 hanc
1551 1686 1651 1741 sibi
1687 1682 2024 1738 tractandam

450 1793 639 1855 sumit,
680 1806 787 1844 non
824 1799 932 1842 tam
974 1788 1192 1841 curiose
1225 1797 1406 1852 agere,
1455 1794 1616 1848 quam
1648 1777 1862 1832 veritati
1913 1785 2024 1830 stu-
2051 1780 2097 1838 Β

451 1884 602 1950 dere,
634 1881 782 1936 velit.
818 1880 951 1932 Nam
997 1887 1049 1932 et
1084 1877 1188 1930 alia
1239 1872 1502 1942 singulari
1537 1869 1796 1924 orationis
1829 1882 2024 1937 genera

449 1990 549 2044 pro
580 1989 678 2028 sua
708 1973 966 2041 quodque
1002 1969 1175 2024 forma
1207 1965 1512 2020 idiotismos
1544 1962 1746 2015 habere
1779 1974 2026 2026 COIIIpcr-

451 2075 568 2120 tum
596 2074 677 2118 est
707 2080 720 2117 :
757 2076 1028 2131 nemoque
1067 2057 1328 2114 idiotismi
1357 2069 1582 2124 gnarus,
1611 2053 1664 2106 in
1699 2052 1832 2104 alias
1863 2049 2027 2103 vesti-

452 2157 697 2228 gationes
747 2152 1026 2224 pervagari
1069 2158 1304 2204 mentem
1338 2145 1510 2201 sinit:
1547 2159 1669 2214 quae
1699 2158 1788 2197 res
1823 2157 1931 2195 non
1970 2140 2022 2192 in

451 2248 651 2302 divinis
706 2247 880 2300 solum
932 2241 1279 2297 sermonibus
1325 2237 1598 2300 usuvenit,
1638 2251 1822 2290 verum
1873 2233 1926 2286 in
1961 2231 2027 2285 iis

452 2343 615 2394 etiam
662 2353 803 2408 quos
858 2335 1034 2390 Attica
1091 2334 1270 2403 lingua
1318 2331 1562 2386 studiose
1593 2336 1840 2382 exornat.
1882 2323 2029 2378 Nihil

453 2441 635 2488 tamen
670 2438 814 2484 vetat
848 2427 1140 2496 quominus
1188 2425 1337 2479 hunc
1371 2422 1707 2477 idiotismum
1739 2419 1899 2488 paulo
1945 2415 2031 2468 l'u-

454 2524 570 2578 sius
618 2536 978 2591 exponamus.
1034 2517 1356 2586 Quanquam
1411 2514 1549 2568 hanc
1590 2519 1794 2582 partem
1851 2524 1918 2562 ne
1973 2507 2026 2560 iu

455 2615 739 2686 superiore
771 2611 992 2681 quidem
1028 2610 1276 2663 oratione
1310 2604 1672 2675 negleximus,
1705 2603 1758 2656 in
1791 2615 1896 2668 qua
1943 2613 2028 2652 re-

457 2724 577 2761 rum
617 2721 813 2760 causas
857 2702 1108 2757 evolvere
1158 2714 1266 2752 non
1315 2695 1623 2750 omisimus.
1658 2690 1925 2745 Nimirum
1975 2687 2027 2740 in

454 2799 729 2854 locutione
767 2816 784 2847 ι
822 2793 878 2847 lu
910 2792 1127 2846 nomine
1156 2788 1372 2843 Domini
1406 2785 1533 2840 Jesu
1575 2783 1778 2840 Christi
1812 2801 1829 2832 ι
1868 2789 2031 2850 atque

457 2893 511 2946 in
545 2891 668 2944 aliis
705 2885 1016 2956 hujusmodi
1067 2885 1349 2953 (quarum,
1376 2878 1478 2934 etsi
1528 2875 1808 2932 dissimilis
1840 2888 2028 2933 sonus,

457 2997 564 3036 non
596 2979 861 3034 absimilis
890 2987 1069 3029 tamen
1105 2987 1284 3042 neque
1310 2970 1590 3038 multiplex
1627 2965 1893 3020 sententia
1927 2965 2029 3030 est)

451 3073 578 3142 jure
609 3070 909 3136 meritoque
938 3063 1166 3133 intelligi
1221 3062 1352 3116 lides
1405 3068 1581 3130 potest
1621 3073 1728 3126 qua
1782 3054 2031 3109 Christus

455 3163 779 3231 discipulos,
814 3168 976 3224 atque
1005 3157 1056 3210 hi
1089 3153 1330 3209 vicissim
1365 3151 1628 3206 mundum
1667 3149 1981 3202 imbuerunt
2015 3163 2027 3198 :
2061 3147 2101 3169 υ

461 3269 585 3319 nam
619 3252 733 3304 lucc
762 3267 790 3303 a
821 3248 1036 3302 "Omitte
1081 3244 1326 3298 deuotari
1377 3251 1574 3312 potest,
1616 3241 1744 3308 quia
1779 3237 2045 3292 Christus

461 3344 579 3412 ipse
614 3340 832 3406 pietatis
856 3351 983 3403 erga
1012 3333 1180 3386 Deum
1210 3341 1401 3384 auctor
1425 3337 1544 3393 est;
1575 3337 1628 3383 et
1652 3327 1780 3397 quia
1813 3328 1864 3380 in
1901 3323 2030 3379 Jesu

463 3427 790 3496 Dominique
820 3423 1095 3478 mentione
1125 3421 1386 3475 docemur
1413 3415 1683 3472 contineri
1715 3416 2028 3470 summatim

461 3517 814 3588 conspiciquc
843 3513 1000 3569 Verbi
1035 3527 1130 3582 pro
1184 3510 1341 3564 nobis
1394 3507 1660 3562 incarnati
1695 3504 2029 3576 mysterium.

462 3609 634 3667 Porro
661 3611 783 3679 pius
815 3608 1047 3676 quisque
1079 3604 1181 3656 hoc
1207 3601 1340 3656 duce
1375 3599 1634 3670 mysterio
1662 3597 1878 3651 tendere
1899 3595 2033 3648 diri-
2058 3596 2059 3599 “

464 3705 625 3774 gique
674 3707 848 3770 potest
892 3697 958 3750 ad
996 3693 1285 3764 perfectam
1332 3690 1423 3744 Dei
1459 3690 1854 3758 cognitionem;
1889 3683 2032 3739 haud

462 3793 717 3863 equidem
767 3787 1140 3844 contrahendo
1173 3784 1704 3850 constringendoque
1734 3780 1875 3833 intra
1909 3779 2034 3831 bre-

465 3900 588 3940 vem
613 3884 754 3935 hanc
787 3894 977 3932 vocem
1009 3877 1323 3946 dogmatum
1353 3889 1518 3927 sensu
1565 3873 1641 3942 (id
1670 3871 1814 3925 enim
1862 3870 2032 3929 ﬁeret,

459 3974 514 4031 si
562 3975 706 4027 nuda
748 3988 850 4026 vox
885 3967 1263 4040 pr’olerretur),
1302 3968 1412 4019 imo
1458 3965 1638 4034 potius
1669 3962 1947 4017 dilatando
1975 3977 2040 4018 ac

460 4065 795 4138 perﬁciendo
826 4077 922 4130 per
947 4061 1104 4113 [idem
1138 4074 1201 4112 ac
1236 4057 1454 4127 pictatis
1483 4054 2031 4109 consummationem.

459 4156 620 4224 Quod
646 4155 692 4208 si
713 4153 946 4219 denique
971 4158 1022 4204 et
1055 4149 1156 4202 hoc
1181 4148 1370 4200 audire
1417 4146 1565 4208 libet,
1598 4145 1845 4198 indivisis
1871 4155 1923 4198 et
1959 4145 2040 4196 in-

463 4244 787 4317 separabilis
816 4241 985 4296 Filius
1010 4258 1038 4293 a
1068 4238 1224 4293 Patre
1269 4238 1582 4307 Spirituque
1625 4244 1728 4302 est,
1759 4236 1885 4304 quia
1928 4235 2038 4288 sci-

465 4338 594 4394 licet
616 4336 856 4404 ejusdem
891 4331 1459 4402 incomprehensibilis
1489 4329 1812 4385 substantiae
1849 4337 1900 4381 et
1927 4329 2036 4380 vir-

469 4430 602 4484 tutis
634 4446 696 4482 ac
733 4427 1017 4496 potestatis
1074 4426 1345 4494 particeps
1389 4432 1494 4477 est.
1543 4420 1649 4476 Sed
1683 4430 1860 4475 tamen
1891 4420 2040 4472 visus
2075 4464 2117 4517 υ

470 4523 579 4578 fuit
610 4532 772 4590 atque
805 4520 1054 4590 palpatus
1081 4527 1369 4588 postquam
1411 4530 1628 4571 carnem
1674 4523 1916 4568 nostram
1950 4529 2038 4566 as-

469 4613 707 4680 sumpsit
742 4612 936 4675 Filius,
971 4611 1147 4664 factus
1179 4609 1434 4662 nimirum
1463 4605 1636 4661 oculis
1684 4606 1886 4659 nostris
1911 4620 2042 4658 eon-

466 4704 744 4776 spicabilis
799 4711 1055 4770 tactuque
1091 4699 1372 4768 palpabilis
1411 4718 1424 4752 :
1465 4716 1484 4748 ‹
1525 4696 1680 4763 Quod
1712 4695 1856 4749 enim
1911 4696 2042 4749 vidi-

469 4812 609 4860 mus,
626 4798 700 4848 ait
725 4791 1033 4865 [Joannes],
1053 4800 1106 4844 ct
1127 4806 1322 4843 manus
1345 4797 1544 4842 nostra:
1566 4795 2040 4841 contrectaVcrunt

467 4889 534 4939 de
587 4885 750 4938 verbo
799 4885 952 4948 vitm;
1006 4892 1061 4935 et
1121 4882 1225 4934 vita
1267 4882 1537 4950 apparuit.
1573 4877 1707 4932 Cum
1766 4880 1928 4949 igitur
1978 4881 2045 4934 ab

468 4990 601 5037 uno,
634 4974 724 5042 qui
765 4973 1082 5026 nominatim
1113 4972 1267 5025 nobis
1298 4973 1366 5025 ob
1393 4987 1503 5024 sure
1547 4969 1828 5024 charitatis
1861 4971 2043 5024 inlini-

474 5073 588 5118 tum
645 5065 868 5133 pelagus
920 5066 1357 5132 cognoscendum
1426 5078 1482 5116 se
1533 5062 1779 5126 ohstulit,
1843 5065 2046 5131 quique

474 5153 766 5206 incllabilia
808 5154 966 5206 nobis
1005 5155 1258 5222 mysteria
1293 5156 1505 5223 aperuit
1536 5156 1603 5220 ³⁷,
1647 5175 1665 5206 ι
1719 5172 1749 5210 a
1803 5159 2044 5212 consub-

474 5245 738 5309 stantiali,
775 5244 1018 5313 inquam,
1055 5243 1212 5310 Filio,
1250 5249 1644 5316 omnipotentis
1665 5265 1882 5320 quoque
1920 5250 2043 5305 Tri-

475 5337 660 5392 nitatis
676 5333 1377 5406 incompreliensibilitatcm
1401 5349 1563 5408 atque
1580 5343 1839 5397 unitatem
1870 5345 2045 5400 edocti

477 5430 765 5495 fuerimus,
796 5438 958 5497 atque
992 5429 1058 5482 ad
1095 5430 1358 5498 reliquam
1397 5434 1639 5502 mysterii
1675 5436 1920 5490 notitiam
1951 5438 2048 5491 de-

473 5523 641 5585 ducti,
694 5523 887 5574 merito
938 5536 1036 5575 nos
1086 5537 1215 5577 sane
1259 5524 1692 5593 quotiescunque
1735 5529 1935 5599 aliquid
1967 5548 2050 5585 sc-

2129 490 2204 541 μα
2235 469 2328 524 τοῦ
2359 471 2610 538 Σωτῆρος
2632 466 2729 520 καί⁸
2752 465 2852 536 τὴν
2871 466 3239 533 διδασκαλίαν,
3267 468 3536 538 ὁμολογεῖν
3553 474 3696 534 τοὺς

2125 562 2459 624 ἀποστόλους
2485 561 2883 630 τελεσιουργεῖν
2919 559 3019 630 τὴν
3045 561 3429 630 ἀναγέννησιν,
3454 563 3693 624 καὶτοὺς

2124 650 2313 706 ἄλλους
2337 649 2595 720 πράττειν
2617 647 2817 717 ὁμοίως
2841 649 3337 718 μυσταγωγοῦντας
3358 692 3373 714 ,
3418 651 3566 721 μηδὲν
3591 653 3696 718 ἔξ-

2123 741 2261 794 ωθεν
2285 741 2382 809 τῆς
2403 742 2468 795 Δε
2479 737 2739 808 σποτικῆς
2767 739 2986 807 ἐντολῆς
3012 741 3146 812 μήτε
3180 740 3509 806 ἐννοοῦντας,
3542 743 3690 812 μήτε

2124 827 2384 896 λέγοντας
2417 828 2556 898 μήτε
2585 827 2946 898 πράττοντας.

2197 1010 2285 1072 ιγ’.
2319 1003 2482 1057 Ἀλλά
2514 1003 2623 1072 γὰρ
2653 1003 2784 1067 ἴσως
2818 1002 2884 1057 ἄν
2922 1019 3066 1057 τισιν
3105 1001 3323 1057 ἐπέλθοι
3359 1002 3692 1070 -λογοθετεῖν,

2127 1092 2212 1146 ἵνα
2251 1092 2325 1162 μὴ
2350 1091 2496 1159 λέγω
2541 1089 2890 1159 φιλονεικεῖν,
2918 1090 2994 1153 ὡς
3026 1090 3080 1143 εί
3107 1107 3169 1157 γε
3204 1092 3285 1154 εἰς
3309 1090 3372 1143 τὸ
3403 1091 3559 1160 ὄνομα
3588 1093 3693 1145 τοῦ

2127 1183 2336 1252 [ἰατρὸς
2365 1181 2574 1236 καὶτοῦ
2607 1181 2738 1236 Υίοῦ
2771 1182 2867 1236 καὶ
2899 1183 2992 1237 τοῦ
3023 1184 3179 1252 ἁγίου
3207 1182 3516 1252 Πνεύματος
3558 1184 3695 1237 ἐδά-

2128 1272 2316 1334 πτιζον
2344 1273 2393 1325 οἱ
2423 1271 2685 1341 μαθηταὶ,
2714 1271 2765 1324 τί
2795 1272 2859 1341 δή
2891 1288 3022 1326 ποτε
3039 1273 3125 1334 ἐἰς
3148 1271 3208 1326 τὸ
3239 1271 3412 1343 ὄνομα
3442 1271 3534 1324 τοῦ
3557 1273 3698 1342 Χρι-

2128 1358 2254 1411 στοῦ
2303 1357 2551 1426 λέγονται
2600 1357 2881 1426 βαπτίζειν
2913 1358 2946 1429 ἢ
2983 1359 3062 1419 είς
3092 1359 3161 1412 τά
3195 1358 3392 1428 Exacta;
3449 1360 3536 1410 καὶ
3581 1359 3698 1428 γὰρ

2125 1447 2284 1501 τοῦτο
2315 1449 2417 1518 μὲν
2447 1447 2534 1502 διὰ
2561 1447 2669 1500 τῶν
2704 1448 3011 1517 εἰρημένων
3042 1448 3141 1519 ἤδη
3179 1447 3543 1518 ἀποχρώντως
3566 1449 3698 1501 ἐτει-

2127 1541 2420 1594 δείκνυται.
2447 1541 2644 1609 Ἤρκει
2673 1539 2782 1609 γὰρ
2806 1539 2926 1593 ἀντί
2955 1538 3164 1592 πολλῶν
3189 1537 3368 1591 ἄλλων
3395 1538 3490 1605 τὴν
3515 1539 3700 1592 αἰτίαν

2129 1633 2334 1704 ταύτην
2365 1634 2443 1696 εἰς
2474 1633 2534 1686 τὸ
2560 1632 2661 1702 τῆς
2691 1634 2843 1702 ίερᾶς
2870 1630 3028 1701 ἡμῶν
3059 1631 3280 1703 Γραφῆς
3315 1630 3435 1693 ἔθος
3455 1631 3700 1699 ἀνάγειν,

2131 1721 2223 1774 καὶ
2257 1721 2605 1791 παραστῆσαι
2638 1717 2843 1789 ταύτην
2873 1718 3263 1788 οἰκειούμενον,
3309 1719 3446 1788 μηδὲ
3500 1719 3702 1788 μᾶλλον

2123 1810 2217 1864 τοῦ
2253 1811 2563 1880 φιλοσοφεῖν
2605 1810 2666 1864 τὸ
2691 1809 3171 1880 πολυπραγμονεῖν
3219 1807 3700 1863 ἀπαλλάττεσθαι.

2113 1904 2237 1956 Καὶ
2287 1903 2396 1971 γὰρ
2437 1903 2572 1957 ἄλλα
2617 1919 2678 1954 τε
2722 1901 2892 1954 πολλὰ
2937 1901 3059 1955 καθ’
3088 1901 3320 1955 ἕκαστον
3354 1895 3495 1966 εἰδος
3538 1901 3702 1969 λόγου

2131 1991 2199 2044 δι’
2224 1983 2298 2044 ὧν
2333 1989 2795 2062 χαρακτηρίζεται
2825 1988 3123 2057 καθορᾶται
3164 1988 3450 2056 ἱδιώματα’
3489 1990 3577 2042 καὶ
3607 1989 3703 2042 of»-

2129 2084 2238 2146 δείς
2273 2083 2527 2150 ἐπιγνοὺς
2553 2083 2613 2134 τὺ
2645 2081 2860 2149 ἰδίωμα,
2890 2080 3025 2151 πρὸς
3061 2081 3254 2151 ἑτέραν
3285 2080 3702 2134 ἀποπλανᾶσθαι

2137 2176 2229 2228 τὸν
2277 2174 2401 2227 νοῦν
2447 2174 2640 2244 ἀφίησι
2684 2174 2945 2242 ζήτησιν
2981 2173 3074 2226 καὶ
3111 2175 3270 2228 τοῦτο
3315 2175 3376 2228 οὐ
3419 2175 3574 2242 μόνον
3609 2174 3705 2226 ἐπὶ

2129 2266 2235 2317 τῶν
2265 2265 2541 2332 θεοσόφων
2583 2264 2758 2330 λόγων
2801 2264 2950 2317 ἐστὶν
2993 2267 3347 2332 ἀναθεωρεῖν,
3377 2264 3515 2318 ἀλλά
3547 2267 3642 2320 καὶ
3667 2267 3703 2319 ἃ.

2131 2356 2354 2422 κοσμεῖν
2395 2353 2757 2423 φιλοτιμεῖται
2809 2352 3031 2420 γλῶσσα
3075 2355 3512 2422 ὴάττικίζουσα.
3556 2357 3704 2422 Πλὴν

2129 2444 2281 2497 οἰδὲν
2319 2443 2516 2497 κωλύει
2551 2446 2645 2497 καὶ
2681 2445 2740 2497 τὸ
2791 2444 2985 2514 ἰδίωμα
3022 2445 3357 2516 πλατύτερον
3394 2445 3706 2499 συνεκδιδὰ-

2134 2553 2286 2589 σκειν
2309 2550 2324 2565 '
2363 2534 2538 2588 καίτοι
2590 2552 2654 2600 γε
2683 2535 2804 2588 οὐδὲ
2828 2535 2984 2588 τοῦτο
3028 2536 3284 2606 παρεῖδεν
3332 2536 3643 2605 ἔμπροσθεν
3679 2539 3707 2588 ὁ

2131 2625 2307 2690 λόγος,
2338 2624 2420 2677 ὃτι
2461 2623 2536 2694 μὴ
2564 2624 2854 2696 ἐστέρηται
2879 2624 2973 2677 τοῦ
3004 2625 3448 2694 αἰτιολογεῖσθαι·
3480 2629 3577 2681 καὶ
3598 2630 3709 2695 γὰρ

2141 2712 2262 2774 (Εἰς
2286 2710 2346 2763 τὸ
2373 2710 2545 2779 ὄνομα
2573 2710 2666 2762 τοῦ
2702 2711 2906 2780 Κυρίου
2936 2712 3110 2782 Ἰησοῦ
3138 2712 3398 2784 Χριστοῦ,
3433 2732 3452 2764 υ
3503 2715 3597 2766 καὶ
3630 2716 3707 2776 εἰς

2133 2802 2200 2855 τὰ
2234 2803 2589 2874 παραπλήσια
2619 2795 2712 2872 (ὧν
2742 2805 2798 2855 ὲν
2834 2803 2909 2873 τῷ
2930 2804 3174 2876 διαφόρῳ
3202 2803 3311 2857 τῶν
3343 2805 3534 2872 φωνῶν
3557 2805 3710 2858 ἀδιά-

2135 2909 2298 2962 φορος
2328 2894 2361 2961 ἡ
2392 2891 2598 2946 διάνοια
2635 2892 2729 2945 καὶ
2758 2891 2900 2962 μία),
2935 2891 3162 2956 δικαίως
3209 2892 3274 2948 ἂν
3319 2893 3648 2964 ἀναφέροιτο
3674 2894 3705 2962 ἡ

2137 2983 2267 3053 παρ’
2302 2982 2467 3037 αὐτοῦ
2501 2983 2996 3054 μυσταγωγηθεῖσα
3026 2985 3142 3048 τοῖς
3174 2983 3468 3054 μαθηταῖς,
3499 2986 3599 3039 καὶ
3621 2984 3708 3037 διὸ.

2137 3071 2242 3122 τῶν
2277 3070 2534 3140 μαθητῶν
2565 3070 2643 3139 τῷ
2675 3071 2884 3140 κόσμῳ,
2916 3066 3121 3132 πίστις.
3147 3070 3240 3123 τοῦ
3264 3071 3529 3140 ὀνόματος
3553 3073 3706 3124 τοῦτο

2134 3161 2597 3233 παραδηλοῦντος,
2625 3162 2759 3215 διότι
2783 3162 2947 3226 αὐτὸς
2970 3162 3213 3234 ἀρχηγὸς
3235 3162 3477 3236 κατέστη
3505 3165 3603 3233 τῆς
3635 3164 3712 3226 εἰς

2133 3255 2191 3307 τὸ
2230 3255 2370 3308 θεῖον
2415 3254 2699 3318 εὐσεϐείας
2722 3271 2735 3285 ·
2781 3254 2877 3308 καὶ
2908 3255 3040 3308 διότι
3073 3256 3132 3310 ὲν
3166 3257 3233 3326 τῇ
3281 3254 3372 3308 τοῦ
3399 3256 3579 3326 Ἰησοῦ
3624 3260 3713 3312 καὶ

2135 3347 2340 3418 Κυρίου
2402 3348 2589 3418 μνήμῃ
2625 3345 2987 3417 διδασκόμεθα
3049 3347 3586 3416 συγκεφαλαιοῦσθαι
3617 3350 3713 3402 καὶ

2139 3437 2628 3507 συνεμφανίζεσοαι
2648 3440 2708 3490 τὸ
2732 3442 3028 3509 μυστήριον
3057 3439 3177 3492 ὅλον
3201 3441 3297 3508 τῆς
3323 3439 3418 3492 τοῦ
3445 3441 3626 3509 Λόγου
3651 3441 3715 3494 δι’

2137 3525 2285 3594 ἡμᾶς
2315 3525 2649 3595 οἰκονομίας.
2677 3525 3076 3579 Ἀναπλοῦσθαί
3099 3543 3154 3578 τε
3179 3526 3402 3581 δύναται
3427 3528 3540 3581 τῶν
3567 3531 3716 3581 εὐσε-

2137 3615 2374 3670 6ούντων
2411 3617 2640 3680 ἕκαστος
2663 3656 2678 3680 ,
2711 3617 2807 3670 καὶ
2853 3616 3256 3671 ἁπευθύνεσθαι
3287 3617 3356 3672 δι’
3379 3618 3548 3673 αὐτοῦ
3584 3618 3715 3690 πρὸς

2139 3703 2199 3754 τὸ
2230 3703 2434 3756 τέλειον
2477 3703 2576 3772 τῆς
2620 3703 2948 3771 θεογνωσίας
2975 3721 2988 3734 ·
3041 3705 3103 3758 οὐ
3165 3707 3232 3776 τῇ
3281 3706 3586 3777 βραχύτητι
3623 3708 3711 3771 τῆς

2139 3796 2335 3862 λέξεως
2379 3795 2787 3851 συναποθλίϐων
2832 3796 2926 3849 καὶ
2971 3796 3392 3867 συστενοχωρῶν
3449 3797 3546 3848 τὸν
3596 3797 3716 3850 νοῦν

2139 3886 2248 3939 τῶν
2277 3884 2562 3954 δογμάτων
2596 3883 2784 3952 (τοῦτο
2831 3884 2942 3955 γὰρ
2996 3884 3062 3938 ἀν
3097 3883 3183 3955 εἴη
3209 3884 3369 3956 ψιλὴν
3404 3884 3500 3956 τὴν
3535 3886 3714 3956 φωνὴν

2141 3977 2482 4048 προφέρειν),
2512 3977 2628 4030 ἀλλ’
2659 3977 3142 4047 ὲμπλατυνόμενος
3183 3979 3277 4031 καὶ
3315 3978 3716 4050 καταρτιζόμε-

2139 4085 2228 4132 νος
2265 4071 2330 4138 τῇ
2380 4068 2559 4121 πίστει
2584 4069 2680 4121 καὶ
2721 4071 2784 4138 τῇ
2815 4068 3112 4140 τελειότητι
3146 4072 3244 4140 τῆς
3271 4069 3573 4132 εὐσεϐείας.
3615 4093 3631 4121 ι
3657 4070 3711 4123 ΕΞ

2145 4158 2322 4229 βούλει
2345 4159 2418 4220 δὲ,
2457 4158 2759 4229 ἀχώριστός
2784 4159 2900 4211 ὲστι
2934 4158 3029 4212 καὶ
3064 4158 3388 4222 ἀδιάστατος
3434 4161 3460 4211 ὁ
3491 4160 3624 4224 Υἱὸς
3645 4159 3714 4229 τῷ

2141 4247 2319 4318 ῐιατρὶ
2352 4250 2445 4300 καὶ
2493 4249 2569 4318 τῷ
2599 4248 2907 4318 Πνεύματι,
2940 4249 3016 4313 ὡς
3059 4249 3159 4317 τῆς
3185 4250 3356 4319 αὐτῆς
3388 4250 3710 4322 ύπερουσεου

2141 4335 2329 4396 οὐσίας
2356 4335 2754 4403 καὶδυνάμεως
2787 4336 2882 4388 καὶ
2916 4336 3162 4400 ἐξουσίας
3195 4336 3473 4407 ὑπάρχων.
3518 4338 3710 4406 Ὠραθη

2142 4425 2198 4477 δὲ
2245 4427 2340 4478 καὶ
2382 4425 2706 4496 ἐψηλαφήθη
2762 4428 2942 4496 σάρκα
2990 4426 3086 4497 τὴν
3129 4428 3401 4498 ἡμετέραν
3434 4429 3711 4483 ἁναλαόὼν

2145 4518 2173 4570 ὁ
2216 4517 2356 4584 Υἱὸς,
2396 4519 2486 4571 καὶ
2516 4519 2741 4587 γέγονεν
2775 4522 2906 4589 ἡμῖν
2937 4518 3150 4589 δμμασί
3177 4537 3235 4572 τε
3262 4520 3486 4591 ληπτὸς,
3520 4522 3632 4592 ἀφῇ
3661 4537 3711 4575 τε

2145 4603 2482 4674 ψηλαφητός.
2515 4623 2532 4657 ι
2551 4607 2614 4657 ’Ὁ
2635 4606 2744 4677 γὰρ
2774 4606 3117 4676 ἐθεασάμεθα
3144 4647 3160 4672 ,
3197 4611 3330 4676 φησὶ
3355 4650 3369 4673 ,
3402 4610 3495 4662 καὶ
3526 4611 3586 4662 ai
3611 4612 3711 4680 χεῖρε

2149 4717 2238 4771 ρες
2271 4701 2428 4771 ἡμῶν
2473 4701 2834 4775 ἐψηλάφησαν
2877 4701 3007 4778 περὶ
3055 4705 3152 4760 τοῦ
3200 4705 3362 4773 λόγου
3411 4708 3512 4777 τῆς
3553 4709 3711 4775 ζωῆς

2146 4802 2241 4855 καὶ
2273 4803 2304 4870 ἡ
2335 4802 2445 4872 ζωὴ
2476 4803 2818 4874 ἐφανερώθη.
2856 4805 2945 4869 Ἐξ
2975 4806 3088 4869 ἐνδς
3115 4802 3208 4859 οῦν
3238 4805 3332 4858 τοῦ
3367 4807 3570 4878 μᾶλλον
3593 4809 3714 4879 ἡμῖν

2147 4892 2235 4946 διὰ
2271 4894 2680 4966 φιλανθρωπίας
2730 4890 2935 4965 ἄφατον
2974 4900 3209 4964 πέλαγος
3257 4901 3314 4952 ὲν
3349 4902 3547 4967 γνώσει
3589 4900 3685 4954 καθ

2149 4987 2381 5050 εστῶτος
2407 5027 2420 5048 ,
2460 4991 2554 5042 καὶ
2594 4989 2660 5042 τὰ
2696 4990 2834 5062 ὑπὲρ
2863 4990 3029 5060 ,λόγον
3063 4993 3598 5063 μυσταγωγήσαντος
3626 4988 3710 5044 τοῦ

2146 5079 2456 5147 όμοουσίου,
2488 5082 2582 5134 καὶ
2606 5085 3112 5154 παντοκρατορικῆς
3141 5084 3374 5154 Τριὰδος
3403 5087 3463 5137 τὸ
3493 5082 3688 5153 ύπερού

2150 5171 2263 5223 σιόν
2290 5189 2347 5224 τε
2386 5173 2480 5226 καὶ
2503 5175 2702 5228 ένιαῖον
2745 5175 3170 5246 ὲλλαμφθὲντες,
3207 5178 3343 5248 πρός
3394 5194 3452 5230 τε
3492 5176 3592 5248 τὴν
3627 5177 3707 5230 ἄ).-

2154 5261 2250 5332 λην
2297 5262 2391 5316 τοῦ
2445 5266 2744 5337 μυστηρίου
2790 5267 3022 5337 θεωρίαν
3055 5269 3136 5322 δι’
3183 5269 3348 5322 αὐτοῦ
3380 5283 3710 5339 χειραγωγηο

2155 5353 2373 5418 θέντες,
2415 5357 2639 5421 εἰκότως
2688 5359 2798 5431 ἄρα
2842 5360 2935 5414 καὶ
2979 5359 3197 5414 ἐπειδάν
3236 5379 3355 5415 τινα
3396 5362 3712 5431 πράττωμεν

2156 5447 2295 5500 κατά
2333 5448 2391 5500 τὸ
2446 5451 2884 5522 παραδεδομένον
2928 5451 3106 5520 δόγμα
3151 5450 3465 5515 τελοῦντες,
3516 5453 3597 5514 εἰς
3632 5449 3708 5501 τὸν

2158 5534 2770 5608 παραδεδωκότασταῦτα
2811 5544 3128 5614 δικαιοῦμεν
3157 5543 3548 5612 ἀναφέρεσθαι.

479 5613 717 5668 cundum
777 5613 1032 5668 traditum
1091 5617 1285 5685 degma
1347 5615 1617 5684 facimus,
1676 5623 1908 5688 merito,
1973 5625 2212 5693 inquam,
2270 5633 2334 5684 ad
2392 5644 2670 5689 auctorem
2759 5613 3038 5706 dogmatis
3091 5651 3205 5692 rem
3283 5633 3480 5690 factam
3533 5632 3700 5690 referi-

484 5720 628 5760 ntus.

545 5799 587 5829 ιτ
631 5795 842 5853 lJoan.
869 5817 906 5864 ι,
937 5802 984 5866 ι,
1016 5802 1068 5854 a.
