3888 6186
221 285 316 354 321

1143 286 1244 344 AD
1283 281 1885 344 AMPHIIDCI‘IIUM
1925 281 2273 355 QU/ESTIO
2327 284 2551 344 XLIII.

3371 280 3480 343 322

288 399 365 455 ιδ’.
396 399 584 462 Ὅπως
615 398 715 468 μέν
745 415 829 451 τοι
855 414 918 466 γε
955 399 1050 451 καὶ
1076 398 1105 450 6
1132 398 1344 461 Παῦλος
1376 397 1715 469 κατήγγελλε
1736 395 1798 449 τδ

1971 397 2060 451 14.
2100 397 2349 464 Quanam
2406 398 2571 469 igitur
2616 397 2829 451 ratione
2859 394 3063 451 Paulus
3104 394 3230 471 Jcsu
3280 412 3481 453 nomen

222 496 379 564 ὄνομα
404 493 500 545 τοῦ
536 489 734 561 Ἰησοῦ,
775 490 870 544 καὶ
905 491 1049 543 κατά
1087 493 1240 544 ποῖον
1272 490 1674 560 σημαινόμενον
1694 488 1792 541 τοῦ

1900 489 2200 554 nuntiaret,
2244 501 2302 543 ct
2356 502 2596 559 quanam
2634 487 2876 543 nominis
2913 487 3302 558 signiﬁcantia,
3353 490 3487 546 bac-

220 588 495 655 ὀνόματος,
541 581 837 636 κάντεῦθεν
880 581 1040 652 δῆλον
1061 597 1074 613 ο
1105 581 1306 651 μᾶλλον
1337 581 1394 635 δὲ
1441 579 1551 634 τῶν
1581 580 1795 634 ἐκείνου

1913 591 2059 634 tenus
2089 579 2426 650 patefactum
2458 589 2541 635 cst
2576 596 2590 634 :
2621 580 2924 650 praesertim
2951 595 3080 634 vero
3122 579 3175 634 id
3207 582 3485 638 neminem

220 677 381 745 λόγων
410 677 444 746 ή
474 675 634 745 χάρις
658 666 735 729 ὧν
763 673 943 745 ἥψατο
969 674 1068 745 τῆς
1086 674 1334 745 καρδίας,
1355 672 1550 744 ἄδηλον
1595 671 1794 729 οὐδενί.

221 769 328 824 Νῦν
357 767 457 837 μὲν
490 766 599 838 γὰρ
629 767 690 820 τὸ
724 765 955 837 φρικτὸν
987 766 1077 819 καὶ
1113 764 1497 836 φιλάνθρωπον
1526 764 1625 834 τῆς
1663 780 1798 834 σαρ-

218 860 454 923 κώσεως,
485 858 580 912 καὶ
624 857 1004 927 μυσταγωγῶν
1033 858 1126 910 καὶ
1161 856 1450 928 κηρύττων
1481 855 1791 909 ἐδείκνυτο·

220 952 306 1008 νῦν
333 951 388 1004 δὲ
420 950 688 1018 θεολογῶν
711 948 809 1020 τὴν
840 948 1046 1019 Τριάδα
1079 946 1545 1021 ἐπαρρησιάζετο,
1566 964 1798 1001 συνανα-

220 1044 499 1117 κηρύττων
539 1043 635 1095 καὶ
681 1042 781 1114 τὴν
821 1042 988 1112 ἄλλην
1038 1041 1131 1095 τοῦ
1195 1042 1499 1113 μυστηρίου
1558 1041 1797 1111 δύναμιν

218 1137 464 1209 θειότητα
486 1151 499 1167 ⁸
529 1135 665 1190 ἀλλά
712 1135 820 1206 γὰρ
864 1135 1020 1189 οὐδέν
1055 1137 1172 1188 ἑστι
1200 1128 1313 1188 οἷον
1351 1134 1515 1189 αὐτοῦ
1549 1134 1794 1201 ἀκούειν,

222 1251 242 1284 ι
268 1233 358 1294 Ὃς
382 1230 457 1283 ῶν
475 1231 820 1299 ἀπαύγασμα
843 1230 943 1299 τῆς
957 1230 1114 1299 δόξης
1132 1230 1225 1283 καὶ
1248 1230 1537 1301 χαρακτὴρ
1549 1228 1649 1299 τῆς
1668 1230 1794 1281 ὑπο-

220 1324 455 1389 στάσεως
484 1323 671 1397 αὐτοῦ,
703 1323 948 1395 δηλονότι
976 1322 1071 1376 τοῦ
1102 1324 1312 1396 Πατρὸς
1343 1326 1371 1378 6
1393 1324 1542 1388 Υἱὸς,
1565 1324 1666 1394 οὐχ
1698 1324 1798 1392 ἁρ-

219 1418 428 1487 παγμὸν
444 1418 690 1488 ἡγήσατο
703 1416 763 1469 τὸ
780 1412 918 1469 εἶναι
942 1416 1030 1469 ἴσα
1052 1415 1191 1485 Θεῷ.
1220 1435 1238 1468 ι
1268 1417 1403 1469 Οὐδὲ
1428 1416 1537 1486 γὰρ
1559 1414 1682 1485 ἔσχε
1704 1414 1796 1467 τὸν

218 1510 411 1580 κλῆρον
439 1510 537 1579 τῆς
568 1507 824 1579 θεότητος
870 1511 935 1561 ἐκ
976 1508 1249 1579 διαδοχῇ,
1293 1508 1415 1562 οὐδὲ
1474 1506 1796 1577 ἐπιθέμενος

218 1604 305 1656 καὶ
330 1602 588 1673 ἀρπάσας
616 1601 676 1668 ἐξ
700 1601 912 1670 ἐτέρου,
946 1602 1228 1672 περιέθετο
1264 1601 1326 1654 τὸ
1360 1600 1561 1671 κράτος
1585 1597 1793 1669 teut-(Ir

217 1694 325 1748 ἀλλ’
349 1696 446 1751 ἀπ’
467 1693 669 1765 ἀρχῆς,
690 1695 765 1758 ὡς
794 1696 895 1766 τῆς
930 1696 1099 1766 αὐτῆς
1120 1694 1196 1747 ὣν
1224 1693 1413 1756 οὐσίας
1432 1693 1525 1747 καὶ
1555 1691 1793 1761 φύσεως,

217 1788 307 1841 καὶ
353 1787 629 1858 μηδεμίαν
682 1786 889 1858 ταύτης
926 1788 1220 1859 ἀφαίρεσιν
1264 1786 1529 1858 μηδαμῶς
1560 1786 1798 1857 ὑποστῆ-

217 1898 299 1934 ναι
335 1879 628 1948 πεφυκὼς.
664 1880 763 1933 Διά
817 1880 983 1935 τοῦτο
1024 1880 1192 1952 μηδὲν
1223 1881 1360 1944 ὅλως
1409 1878 1667 1950 δυσχερὲς
1688 1878 1794 1945 ὑφ-

216 1972 507 2045 ορώμενος,
532 1992 551 2022 σ
578 1970 878 2025 Ἐκένωσεν
898 1972 1092 2026 ἑαυτὸν
1116 1970 1530 2043 μορφὴν-δούλου
1547 1967 1747 2023 λαὸών·
1772 1988 1791 2020 ι

217 2068 307 2121 καὶ
328 2066 517 2132 πάλιν,
545 2084 565 2117 ι
595 2060 689 2131 Εἷς
714 2066 846 2130 Θεὸς
876 2066 970 2120 καὶ
997 2064 1187 2135 Πατὴρ
1207 2064 1267 2129 ἐξ
1291 2060 1350 2119 οῦ
1383 2063 1452 2118 τὰ
1476 2064 1675 2120 πάντα’
1704 2063 1799 2118 καὶ

216 2152 293 2223 εἷς
319 2146 525 2228 Κύριος
559 2157 767 2228 Ἰησοῦς
797 2158 1033 2229 Χριστὸς
1060 2156 1130 2210 δι’
1157 2152 1221 2211 οὖ
1262 2158 1330 2211 τὰ
1365 2157 1570 2210 πάνταο
1604 2156 1700 2209 καὶ
1741 2154 1801 2207 ἒν

219 2252 440 2322 Πνεῦμα
467 2253 623 2320 ἅγιον
648 2255 704 2306 ἐν
725 2245 852 2320 ᾦτά
878 2252 1081 2306 πάντα.
1106 2270 1124 2302 ι
1145 2249 1302 2304 Οῦτω
1325 2250 1390 2321 δὴ
1412 2250 1556 2304 οὕτω
1585 2250 1681 2303 καὶ
1701 2249 1801 2320 τὴν

215 2346 305 2401 τοῦ
331 2348 507 2415 Λόγου
551 2346 865 2416 οἰκονομίαν
904 2345 1264 2416 ἀνεκήρυττε,
1305 2345 1402 2398 καὶ
1441 2343 1541 2413 τῆς
1573 2341 1800 2413 Τριάδος

216 2439 492 2508 θεολογίαν
568 2439 902 2511 ὲκράτυνεν·
945 2438 1009 2492 ἔκ
1060 2455 1123 2491 τε
1173 2435 1268 2490 τοῦ
1325 2435 1400 2507 μὴ
1467 2434 1688 2504 ἀφελεῖν
1740 2434 1803 2487 τὸ

217 2535 411 2589 ἑνιαῐον
464 2532 573 2586 ἀπὸ
605 2532 881 2604 μηδεμιᾶς
928 2532 1039 2586 τῶν
1060 2531 1232 2602 τριῶν
1271 2530 1648 2593 ὑποστάσεων,
1685 2528 1800 2581 ἀλλ’

213 2626 489 2697 όμοτίμως
519 2627 599 2690 εἰς
627 2624 761 2679 αὐτὸ
802 2625 1007 2688 ταύτας
1043 2621 1416 2692 ἀναφέρεσθαι
1443 2636 1456 2650 ·
1483 2621 1579 2675 καὶ
1614 2623 1677 2673 ὲκ
1704 2618 1800 2672 τοῦ

219 2719 293 2790 μὴ
339 2719 442 2788 τὴν
491 2718 591 2789 μὲν
644 2718 893 2781 πάντων,
920 2716 1017 2789 τὴν
1043 2717 1100 2770 δὲ
1140 2716 1302 2770 τινῶν
1334 2716 1522 2787 ἄρχειν
1553 2715 1648 2769 καὶ
1671 2731 1806 2784 προσ

217 2813 373 2874 νοεῖν,
406 2810 547 2863 ἀλλὰ
575 2810 675 2873 τὰς
700 2813 849 2881 τρεῖς
874 2811 1094 2865 πάντων
1123 2810 1233 2863 τῶν
1258 2810 1429 2863 ὄντων
1471 2810 1566 2862 καὶ
1595 2809 1695 2879 τὴν
1717 2809 1804 2877 δη-

223 2904 515 2975 μιουργίαν
543 2904 689 2974 ἔχειν
726 2904 1002 2975 ὁμοεθνῶς
1058 2904 1156 2958 καὶ
1191 2904 1497 2976 ὁμοτίμως,
1561 2904 1657 2956 καὶ
1701 2901 1801 2973 τὴν

218 2997 514 3067 κυφότητα
542 2999 638 3049 καὶ
669 2996 767 3067 τὴν
796 2998 1075 3067 πρόνοιαν.

1824 1751 1872 1810 Β

1895 688 2088 727 eorum
2121 674 2303 739 latuit,
2350 688 2587 743 quorum
2637 688 2732 729 cor
2765 688 3083 728 sermonum
3139 674 3284 729 illius
3309 675 3486 745 gratia

1899 766 2096 837 tetigit.
2129 765 2291 821 Modo
2321 767 2464 822 enim
2496 768 2863 821 venerandam
2900 776 2955 821 et
2992 767 3484 822 clementissimam

1899 858 2333 915 incarnationem
2363 858 2595 914 docebat
2622 859 3076 931 prrcdicandoque
3102 861 3480 917 monstrabat:

1900 955 2063 1008 modo
2120 953 2423 1025 theologica
2479 953 2728 1010 oratione
2783 952 3107 1009 Trinitatem
3175 954 3483 1010 animosius

1899 1048 2200 1112 asserebat,
2244 1057 2494 1103 caeteram
2528 1063 2748 1120 quoque
2799 1048 3047 1118 mysterii
3084 1048 3191 1102 vim
3237 1063 3303 1102 ac
3340 1047 3484 1103 divi-

1900 1139 2123 1192 nitatem
2174 1139 2340 1193 simul
2385 1139 2783 1209 depraadicans.
2839 1139 2946 1194 Sed
2986 1139 3124 1193 nihil
3168 1138 3365 1195 melius
3418 1139 3489 1194 de

1898 1246 1966 1285 eo
2008 1233 2185 1288 audiri
2220 1243 2424 1304 potest,
2466 1249 2631 1304 quam
2678 1253 2696 1285 ι
2737 1232 2840 1300 Qui
2870 1248 2994 1289 cum
3044 1243 3190 1289 esset
3229 1234 3489 1304 splendor

1899 1324 2087 1394 glorim
2116 1335 2172 1379 et
2202 1324 2375 1395 ﬁgura
2406 1324 2728 1380 substantias
2756 1324 2878 1393 ejus
2905 1324 3022 1356 ’8'”
3067 1323 3283 1394 (nempe
3316 1323 3487 1383 Filius

1901 1417 2162 1485 splendor
2215 1427 2270 1472 et
2305 1418 2476 1487 tigura
2515 1419 2718 1486 Patris)
2754 1435 2863 1473 non
2901 1417 3148 1489 rapinam
3184 1419 3486 1475 arbitratus

1900 1519 1982 1564 est
2011 1525 2069 1565 se
2086 1526 2207 1565 esse
2232 1511 2497 1580 aequalem
2530 1509 2640 1566 Deo
2661 1512 2728 1565 ⁸ο.
2767 1530 2785 1563 ›
2814 1510 2932 1566 Νοιι
2963 1512 3108 1566 enim
3138 1512 3489 1567 successione

1902 1603 2129 1658 sortitus
2151 1602 2488 1658 divinitatem
2513 1612 2651 1668 erat,
2683 1613 2861 1674 neque
2893 1604 2942 1659 vi
2977 1602 3280 1659 detractam
3321 1604 3485 1660 alicui

1902 1696 2206 1766 potentiam
2242 1696 2345 1752 sibi
2376 1697 2855 1777 circumposuerat
2883 1716 2897 1753 :
2931 1698 3023 1753 sed
3054 1698 3124 1752 ab
3163 1698 3321 1753 initio
3354 1698 3488 1754 sub-

1903 1789 2118 1845 stantia:
2161 1788 2405 1860 ejusdem
2440 1800 2758 1861 naturaeque
2798 1790 2924 1857 fuit,
2957 1792 3278 1862 nullumque
3324 1791 3489 1861 hujus

1902 1882 2290 1937 detrimentum
2340 1882 2451 1952 pati
2497 1890 2729 1953 poterat.
2766 1881 2982 1938 Idcirco
3012 1883 3150 1938 nihil
3195 1882 3487 1940 molestum

1903 1972 2238 2041 detrectans,
2269 1994 2287 2027 ι
2319 1974 2633 2030 Exinanivit
2672 1976 3055 2045 semetipsum,
3089 1974 3322 2031 formam
3343 1978 3489 2033 servi

1904 2067 2178 2138 accipiens
2224 2069 2291 2122 “.
2345 2087 2365 2121 ι
2420 2067 2485 2123 Et
2519 2085 2712 2124 rursus
2746 2088 2758 2123 :
2797 2088 2815 2122 ι
2857 2068 3011 2125 Unus
3049 2067 3193 2126 Deus
3230 2081 3283 2125 et
3329 2069 3492 2125 Pater

1903 2175 1969 2215 ex
2017 2176 2129 2228 quo
2166 2162 2351 2216 omnia
2383 2174 2399 2215 :
2435 2172 2491 2217 ct
2518 2178 2662 2219 unus
2703 2160 2863 2218 Jesns
2891 2162 3165 2227 Christus,
3201 2178 3297 2231 per
3325 2178 3489 2233 quem

1905 2251 2125 2306 omnia:
2153 2263 2205 2307 et
2233 2269 2375 2307 unus
2403 2252 2640 2322 Spiritus
2672 2262 2916 2320 sanctus,
2948 2254 3132 2324 inquo
3158 2256 3345 2310 omnia
3368 2256 3434 2309 ⁸³.
3462 2274 3484 2307 ο

1907 2344 2001 2400 Sic
2028 2346 2255 2400 omnino
2289 2345 2946 2402 Paulusincarnationem
2976 2348 3334 2419 praedicabat,
3366 2347 3492 2403 ΤΙ-ἰ-

1906 2438 2207 2510 nitatisque
2261 2440 2502 2495 divinam
2562 2440 2813 2495 notitiam
2874 2442 3237 2496 conﬁrmabat
3287 2459 3301 2495 :
3358 2444 3490 2497 dum

1907 2529 2120 2585 scilicet
2152 2530 2419 2585 unitatem
2454 2530 2586 2585 nulli
2636 2531 2804 2585 trium
2839 2547 3200 2602 personarum
3236 2532 3491 2587 detrahe-

1907 2629 2008 2687 ret,
2035 2623 2365 2694 easdemque
2389 2624 2457 2679 ad
2482 2640 2650 2678 unum
2678 2624 2963 2694 aequaliter
2994 2626 3254 2691 referret;
3286 2634 3340 2680 et
3359 2625 3491 2680 dum

1908 2713 2055 2769 haud
2102 2715 2265 2769 aliam
2313 2731 2604 2786 personam
2654 2718 2878 2773 ‘cunctis
2914 2718 3120 2793 'rebus,
3164 2718 3328 2774 aliam
3360 2734 3494 2774 vero

1908 2805 2183 2860 nonnullis
2198 2806 2468 2861 dominari
2494 2817 2550 2863 et
2568 2807 2860 2863 consulere
2880 2807 3108 2873 diceret;
3126 2808 3219 2864 sed
3240 2818 3350 2865 tres
3366 2825 3494 2880 per-

1907 2915 2074 2956 sonas
2096 2901 2344 2955 omnium
2381 2916 2562 2956 rerum
2585 2902 2919 2957 creationem
2939 2901 3279 2973 conjunctim
3306 2918 3493 2973 aequa-

1906 2994 2140 3064 literque
2154 2995 2452 3058 curavisse,
2479 2994 2785 3064 iisdemque
2798 2995 3072 3050 moderari
3097 3010 3163 3050 ac
3180 2996 3495 3067 providere.

284 3086 370 3143 ιε’.
411 3089 579 3159 Ὁρᾷς
608 3089 756 3151 ὅπως
791 3090 820 3142 6
840 3089 938 3159 τῆς
970 3087 1303 3157 Ἐκκλησίας
1322 3087 1644 3151 διδάσκαλος
1673 3087 1803 3143 ἐϐά-

1982 3085 2070 3139 15.
2097 3085 2286 3140 Viden’
2319 3096 2377 3140 ut
2410 3085 2665 3142 Ecclesia:
2692 3086 2885 3141 doctor
2915 3086 3120 3142 Christi
3148 3102 3348 3143 nomen
3371 3102 3499 3157 por-

219 3182 381 3245 σταςε
400 3181 465 3234 τὸ
476 3182 646 3251 ὄνομα
670 3180 763 3235 τοῦ
785 3179 1052 3253 Χριστοῦς
1074 3181 1155 3236 ἔτι
1179 3184 1401 3255 συνόρα·
1423 3203 1441 3235 ι
1462 3182 1673 3247 Παῦλος
1695 3181 1809 3235 δοῦ-

216 3278 306 3339 λος
348 3275 533 3346 Ἰησοῦ
581 3274 820 3346 Χριστοῦ
857 3275 1056 3345 κλητὸς
1086 3275 1381 3340 ἀπόστολος
1412 3276 1801 3347 ἀφωρισμένος

219 3369 295 3430 εἰς
316 3368 653 3436 Βύαγγέλιον
664 3369 822 3435 Θεοῦ,
840 3368 870 3419 ὃ
889 3368 1360 3439 προεπηγγείλατο
1379 3368 1465 3421 διὰ
1476 3367 1586 3422 τῶν
1599 3385 1811 3439 προφη-

221 3461 328 3515 τῶν
368 3463 543 3515 αὐτοῦ
570 3464 628 3515 ὲν
660 3463 906 3535 Γραφαῖς
933 3464 1141 3531 ἁγίαις,
1175 3464 1305 3533 περὶ
1329 3464 1427 3516 τοῦ
1465 3463 1597 3517 Υίοῦ
1629 3463 1796 3517 αὐτοῦ

222 3552 316 3608 τοῦ
332 3557 633 3626 γενομένου
656 3558 722 3609 ὲκ
747 3556 1065 3627 σπέρματος
1086 3556 1268 3609 Δαϐίδ’
1286 3574 1304 3607 ι
1338 3555 1501 3610 πάλιν
1528 3555 1811 3611 κάνταῦθα

220 3651 558 3720 κηρύττεται
592 3649 626 3719 ἡ
656 3648 827 3720 Τριάς
852 3666 866 3680 ο
896 3648 1032 3711 Θεὸς
1071 3649 1166 3701 καὶ
1201 3648 1329 3711 Υἱὸς
1367 3646 1463 3701 τοῦ
1518 3647 1654 3702 Θεοῦ
1704 3650 1801 3702 καὶ

222 3741 452 3811 Πνεῦμα
478 3739 656 3809 ἆγιον,
695 3744 791 3795 καὶ
830 3745 864 3812 ἡ
909 3743 1188 3812 σάρκωσις
1225 3744 1810 3817 συνανακηρυττομένη

219 3836 312 3891 τοῦ
346 3838 552 3907 Λόγου.
594 3837 747 3890 Ἐπεὶ
776 3838 832 3891 δὲ
856 3838 983 3891 res»
1021 3836 1157 3891 Θεοῦ
1196 3833 1371 3903 εἶπεν,
1409 3840 1605 3906 ἐπάγει
1644 3838 1713 3893 δι’
1738 3831 1814 3893 ὧν

223 3932 549 4003 ἀφορίζεται
575 3932 604 3983 6
627 3929 890 3995 Υίόςστοῦ
919 3931 1029 4003 γὰρ
1053 3931 1507 4000 ὲπιγνωσθέντος,
1537 3933 1692 4001 φησὶ,
1720 3931 1816 3986 καὶ

226 4024 620 4095 ἀφορισθέντος
646 4022 706 4091 ἐξ
732 4024 907 4078 ἄλλων
936 4040 997 4075 τε
1046 4022 1257 4076 πολλῶν
1304 4023 1610 4094 ἰδιωμάτων
1635 4022 1671 4080 δι
1707 4043 1816 4096 μη-

221 4115 332 4169 Gavi.
354 4115 645 4187 πρόσεστι,
686 4116 779 4169 καὶ
811 4115 941 4168 ὅτιὸ
983 4115 1253 4186 μηδέποτε
1304 4117 1549 4185 γέγονεν,
1586 4118 1819 4189 αὐτουρ-

220 4207 317 4277 γὸς
361 4208 468 4278 τῆς
506 4207 645 4272 ίδίας
700 4208 1054 4271 ἀναστάσεως
1095 4208 1341 4277 γέγονεν.
1379 4209 1493 4279 Οὐχ
1528 4210 1731 4280 ἥκιστα
1761 4209 1820 4262 δὲ

222 4302 316 4354 καὶ
347 4299 408 4365 ἐξ
436 4293 516 4353 ὧν
547 4299 607 4353 τὸ
642 4299 911 4369 πανάγιον
937 4299 1164 4369 Πνεῦμα
1186 4300 1483 4355 ἐπεσκίασέ
1499 4317 1560 4353 τε
1580 4300 1659 4372 τῷ
1677 4301 1820 4371 τόκῳ

223 4393 312 4448 τὸν
350 4393 649 4465 όμοούσιον
676 4394 850 4461 Λόγον
886 4396 952 4447 ὲκ
992 4394 1309 4465 σπέρματος
1347 4393 1513 4447 Δαὸὶδ
1555 4395 1815 4466 συνεργὸν

1912 3179 2145 3235 laverit?
2190 3180 2296 3235 Sed
2360 3195 2525 3251 perge
2581 3195 2746 3250 porro
2792 3180 3185 3237 considerare:
3224 3199 3243 3232 ι
3293 3179 3500 3237 Paulus

1913 3289 2105 3330 servus
2127 3272 2257 3331 Jesu
2285 3274 2493 3331 Christi
2516 3284 2746 3330 vocatus
2771 3275 3059 3345 apostolus
3087 3284 3407 3347 segregatus
3440 3276 3498 3332 in

1913 3364 2268 3436 Evangelium
2322 3365 2440 3432 Dei,
2471 3367 2620 3438 quod
2670 3368 3002 3437 promiserat
3053 3384 3151 3438 per
3203 3369 3505 3439 prophetas

1914 3472 2046 3512 suos
2089 3456 2143 3511 in
2178 3456 2482 3528 Scripturis
2516 3458 2743 3525 sanctis,
2777 3458 2846 3513 de
2897 3457 3037 3513 Filiu
3063 3474 3166 3515 suo
3198 3460 3292 3531 qui
3324 3459 3504 3515 factus

1914 3560 1998 3607 est
2031 3550 2081 3605 ei
2121 3566 2187 3605 ex
2234 3566 2435 3621 genere
2464 3550 2635 3606 David
2666 3550 2736 3605 ".
2780 3571 2797 3603 υ
2832 3551 3034 3608 Iterum
3064 3553 3151 3608 hic
3173 3554 3506 3623 praedicatur

1914 3641 2175 3708 Trinitas,
2206 3641 2351 3697 Deus
2400 3652 2454 3696 et
2502 3641 2673 3696 Filius
2723 3640 2818 3698 Dei
2868 3653 2924 3697 et
2974 3641 3210 3713 Spiritus
3238 3654 3503 3708 sanctus.

1916 3750 2131 3790 necnon
2182 3744 2237 3788 et
2269 3732 2425 3788 Verbi
2457 3734 2763 3789 incarnatio
2797 3735 2963 3790 simul
2997 3735 3346 3805 praedicatur.
3379 3736 3504 3793 Jam

1919 3828 2013 3884 ubi
2042 3826 2140 3883 Dei
2174 3824 2373 3881 Filium
2413 3826 2574 3893 dixit,
2603 3826 2795 3896 adjicit
2827 3828 2993 3883 etiam
3025 3843 3263 3898 quanam
3290 3830 3505 3887 ratione

1917 3919 2289 3990 distinguatur
2310 3918 2504 3974 Filius.
2525 3918 2662 3974 Nam
2684 3935 2810 3974 cum
2832 3919 3088 3992 cognitus
3105 3919 3508 3992 distinctusque

1915 4010 2029 4084 jam
2051 4020 2198 4067 esset
2224 4012 2347 4068 aliis
2370 4011 2559 4067 multis
2579 4011 3031 4083 proprietatibus,
3050 4028 3173 4083 quae
3200 4024 3394 4083 praeter
3423 4014 3507 4083 ip-

1921 4121 2043 4160 sum
2078 4105 2281 4160 nemini
2310 4107 2531 4173 insunt;
2566 4114 2681 4161 tum
2708 4122 2840 4162 vero
2862 4106 3005 4177 quod
3031 4122 3311 4177 nunquam
3345 4115 3507 4161 antea

1923 4198 2248 4269 contigerat,
2277 4198 2391 4268 ipse
2412 4208 2603 4253 auctor
2622 4199 3046 4255 resurrectionis
3072 4214 3185 4254 sua:
3214 4197 3338 4253 fuit.
3372 4198 3505 4254 Item

1927 4287 2166 4357 Spiritus
2198 4300 2423 4344 sanctus
2469 4287 2639 4343 fetum
2666 4288 3072 4356 obumbrando,
3110 4290 3259 4344 dedit
3281 4305 3502 4358 operam

1926 4392 1988 4437 ut
2037 4381 2272 4437 Verbum
2311 4381 2787 4436 consubstantiale
2815 4397 2882 4436 ex
2921 4380 3136 4435 Davidis
3174 4396 3372 4453 genere
3409 4396 3508 4436 na-

223 4453 538 4561 προελθεῖν,
574 4491 669 4544 καὶ⁸
702 4453 912 4561 μάρτυς
944 4491 1002 4542 ὲν
1030 4453 1113 4560 τῶ
1140 4453 1489 4560 ,βαπτίσματι
1518 4491 1621 4560 τῆς
1651 4453 1808 4559 ἀζιὲυ-

1923 4482 2196 4538 sceretur;
2222 4482 2387 4544 atque
2418 4473 2470 4527 in
2501 4472 2827 4542 baptismate
2857 4472 3111 4528 ﬁliaticni
3133 4488 3274 4529 verte
3300 4481 3356 4528 et
3377 4488 3509 4529 con-

222 4579 347 4644 δοῦς
371 4581 628 4653 υἱότητος
677 4579 773 4635 καὶ
822 4581 921 4649 τῆς
950 4580 1240 4652 όμοουσίου
1272 4579 1527 4651 θεότητος
1552 4579 1825 4649 γεγονώς.

226 4674 320 4736 Εἲς
340 4673 511 4744 κόρον
535 4671 623 4733 ἂν,
659 4667 836 4741 οἶμαι,
869 4669 1180 4743 λογισθείην
1201 4674 1312 4736 τοῖς
1334 4675 1634 4744 ἀκροαταῖς
1658 4690 1827 4744 προσ-

227 4766 497 4837 φέρεσθαι
533 4764 628 4817 καὶ
670 4763 738 4817 τά
781 4763 1015 4832 περιττά
1069 4764 1373 4833 φιλότιμος,
1418 4767 1468 4817 εί
1516 4764 1697 4828 πάσας
1723 4764 1823 4829 τὰς

227 4859 458 4929 χρήσεις
490 4859 587 4909 τοῦ
614 4855 906 4910 θεσπεσίου
943 4855 1166 4909 Παῦλου
1211 4858 1611 4928 ἀναγράφοιμι,
1658 4857 1726 4911 δι’
1752 4852 1826 4911 ὧν

228 4949 507 5017 ὲθεολόγει
528 4965 587 5000 τε
605 4946 706 5017 τὴν
729 4947 958 5019 Τριάδα,
990 4947 1086 5000 καὶ
1108 4947 1205 5016 τῆς
1236 4945 1564 5017 σαρκώσεως
1587 4948 1823 5019 ἐκήρυτ-

226 5043 372 5096 τετὺ
421 5041 749 5112 μυστήριον,
799 5038 1085 5111 βαστάζων
1118 5038 1350 5092 ἐνώπιον
1392 5038 1563 5093 ἐθνῶν
1620 5057 1678 5093 τε
1724 5039 1820 5092 καὶ

231 5135 505 5206 βασιλέων
534 5134 595 5187 τὺ
612 5134 784 5205 ὄνομα
814 5133 909 5187 τοῦ
942 5134 1175 5204 Κυρίου.
1219 5132 1418 5204 Διόπερ
1448 5133 1561 5197 τοῖς
1592 5133 1821 5205 εἰρημέ-

232 5244 344 5290 νοις
375 5224 865 5296 ἀρκεσθησόμεθα,
891 5222 1044 5277 οὑδὲν
1075 5222 1235 5293 ἔργον
1266 5221 1674 5289 ὑπολείποντες,
1705 5223 1826 5276 οὐδὲ

231 5319 346 5379 τοῖς
372 5300 628 5371 ἐθέλουσι
661 5315 959 5379 κάκείνοις,
997 5314 1357 5385 ἀναλέγεσθαι
1383 5330 1397 5343 ·
1416 5315 1559 5369 κατὰ
1580 5316 1649 5369 τὰ
1683 5315 1823 5369 αὑτὰ

232 5410 289 5464 δὲ
316 5409 569 5481 δηλονότι
587 5410 681 5463 καὶ
700 5410 810 5463 τῶν
846 5407 1022 5463 ἄλλων
1048 5406 1308 5477 μαθητῶν
1331 5409 1360 5461 6
1390 5407 1532 5471 θεῖος
1558 5408 1825 5479 ἐκήρυττε

236 5502 329 5556 καὶ
359 5501 610 5556 ἐδίδασκε
644 5501 826 5572 χορός.
879 5500 968 5563 Ὠς
1014 5501 1071 5554 δὲ
1117 5500 1441 5572 ἐκήρυττον,
1483 5500 1657 5563 οὕτως
1699 5500 1829 5554 ἐϐά-

235 5596 431 5662 πτιζον
457 5613 471 5626 ·
513 5599 812 5668 ἐκήρυττον
845 5595 902 5650 δὲ
926 5594 1003 5658 ὡς
1038 5597 1073 5665 ἡ
1103 5596 1467 5660 ἐνυπόστατος
1505 5595 1706 5659 αὐτοὺς
1740 5612 1832 5649 σο-

238 5688 339 5759 φία
377 5686 653 5757 θεολογεῐν
678 5688 775 5741 καὶ
822 5686 1117 5759 κηρύττειν
1155 5686 1535 5753 ὲξεπαίδευεν·
1573 5681 1650 5743 ὧν
1682 5688 1740 5742 ἓν
1767 5684 1836 5761 ἦν

331 5805 454 5839 ³⁸·³⁹
501 5804 659 5860 ilebr.
694 5820 733 5872 ι,
762 5803 815 5858 5.

532 5903 803 5964 ΡΑτ-ιιοι.
841 5901 957 5965 Gn.
1024 5904 1123 5967 Cl.

1923 4565 2275 4623 substantiali
2315 4564 2595 4619 Divinitati
2643 4565 3022 4619 testimonium
3062 4564 3235 4621 dedit.
3272 4564 3510 4621 Satieta-

1926 4668 2032 4714 tem
2050 4658 2397 4714 audientibus
2423 4674 2623 4723 creem,
2645 4657 2957 4727 nimiusque
2974 4657 3181 4722 videar,
3208 4657 3256 4712 si
3280 4665 3510 4712 cunctas

1925 4754 2113 4826 inclyti
2140 4752 2386 4823 Apostoli
2419 4751 2725 4807 locutiones
2771 4751 3048 4805 ascribere
3077 4750 3262 4812 velim,
3306 4750 3510 4820 quibus

1929 4846 2235 4916 theologica
2282 4843 2529 4899 oratione
2576 4840 2905 4896 Trinitatem
2949 4856 3051 4897 nos
3085 4841 3293 4906 docuit,
3345 4849 3401 4896 et
3444 4840 3514 4896 de

1929 4937 2325 4993 incarnationis
2361 4933 2623 5004 mysterio
2670 4932 2934 4988 certiores
2977 4931 3124 4997 fecit,
3172 4947 3372 4986 nomen
3406 4930 3515 4986 Do-

1933 5030 2071 5085 mini
2102 5044 2285 5084 coram
2332 5026 2587 5098 gentibus
2638 5024 2972 5094 regibusque
3021 5033 3266 5094 portans.
3312 5023 3518 5089 Quam—

1936 5123 2126 5177 obrem
2154 5120 2320 5175 dictis
2348 5116 2589 5173 contenti
2623 5116 2869 5181 erimus;
2918 5117 3219 5187 praesertim
3244 5116 3376 5185 quia
3413 5130 3521 5170 cae-

1933 5226 2069 5282 tera,
2102 5215 2147 5269 si
2169 5213 2294 5285 quis
2321 5212 2486 5278 volet,
2505 5211 2656 5265 nullo
2681 5210 2901 5281 negotio
2931 5225 3260 5265 coacervare
3294 5208 3515 5279 poterit.

1931 5312 2111 5379 Atque
2137 5311 2240 5365 hoc
2270 5308 2433 5362 modo
2464 5306 2706 5376 reliquus
2733 5306 2903 5360 etiam
2926 5304 3325 5375 discipulorum
3354 5318 3520 5358 vene-

1935 5408 2142 5462 randus
2165 5406 2370 5461 chorus
2394 5404 2724 5475 praedicabat
2746 5412 2911 5473 atque
2934 5401 3186 5457 docebat.
3214 5399 3335 5455 Jam
3358 5397 3522 5455 sicuti

1937 5502 1991 5556 hi
2048 5499 2438 5571 praedicabant,
2491 5498 2563 5553 ita
2611 5497 2776 5552 etiam
2834 5496 3201 5566 baptizabant.
3250 5493 3523 5569 Predica-

1938 5599 2074 5652 bant
2123 5604 2303 5651 autem
2356 5594 2520 5649 sicuti
2573 5592 2725 5662 ipsos
2774 5589 3119 5662 hypostatica
3160 5588 3430 5659 sapientia
3457 5588 3528 5641 ad

1944 5689 2249 5760 theologice
2281 5686 2615 5759 loquendum
2644 5682 3167 5755 praedicandumque
3189 5680 3522 5738 erudiverat.

901 5804 950 5836 “
992 5802 1190 5876 Philip.
1222 5823 1282 5875 ιι,
1322 5807 1375 5865 6.
1448 5804 1491 5839 “
1530 5805 1662 5863 ibid.
1700 5805 1753 5861 7.
1814 5807 1857 5840 δ’
1892 5805 1913 5862 l
1943 5805 2071 5861 Cor.
2100 5819 2221 5874 vnl,
2253 5805 2308 5860 6.
2382 5805 2439 5879 ‘3-
2465 5802 2622 5859 liam.
2662 5817 2698 5867 I,
2738 5800 2788 5869 1,
2822 5800 2877 5854 2.

3128 5895 3198 5956 11
