3808 6292
411 305 515 368 323

1500 258 1507 264 ι
1571 308 1835 368 ΡΗΟΤΙΙ
1870 307 2374 369 ΡΑΤΒΙΑΒΟΗᾸΞ
2410 305 2535 378 (ΣΡᾹ

3560 305 3668 369 εει

410 419 531 473 Jam
587 418 640 471 in
700 416 784 470 his
834 430 1027 475 unum.
1083 426 1135 468 et
1191 415 1408 485 quidem
1472 417 1606 470 nulli
1663 417 1986 477 secundum.

2105 418 2189 470 καὶ
2217 419 2430 483 ούδενδς
2459 419 2568 473 τῶν
2606 419 2781 474 ἄλλων
2828 419 3112 488 δογμάτων
3167 415 3407 480 ἔλαττον,
3457 419 3549 469 καὶ
3604 418 3668 468 τὸ

412 512 607 580 dogma
640 517 777 574 erat,
805 519 864 561 ut
892 507 1168 562 lavacrum
1206 509 1633 578 regenerationis
1656 509 1708 562 in
1746 509 1906 562 Patre
1941 517 1998 562 et

413 601 553 656 Filio
587 611 638 656 ct
671 599 878 669 Spiritu
912 606 1103 652 sancto
1129 610 1493 669 perageretur,
1537 610 1701 670 atque
1733 609 1797 654 ut
1818 598 1999 668 δεδι)ιὶ-

413 691 520 746 zati
546 691 798 745 homines
828 705 950 744 cum
988 689 1183 744 harum
1241 706 1603 763 personarum
1653 690 1999 746 invocatione

414 783 482 838 ad
514 782 976 852 regenerationem
1011 782 1464 850 perducerentur.
1503 783 1596 837 Sic
1621 782 1995 852 apostolorum

413 875 678 930 divinitus
729 874 972 928 delectus
1022 875 1224 928 chorus
1280 874 1451 928 veniae
1505 875 1710 930 donum
1769 873 1999 930 initiatis

417 967 780 1038 impertiebat.
826 965 916 1020 Sic
962 965 1164 1020 Paulus
1215 965 1549 1035 baptizabat,
1587 981 1730 1035 quos
1776 965 1997 1035 quidem

415 1059 690 1130 baptismo
735 1057 995 1128 tingebat.
1029 1056 1119 1109 Sic
1155 1071 1339 1110 coram
1374 1055 1630 1124 gentibus
1668 1055 2001 1124 regibusque

417 1149 726 1205 Servatoris
761 1163 960 1203 nomen
985 1162 1109 1201 cum
1139 1146 1336 1200 liducia
1359 1145 1638 1201 deferebat
1672 1163 1686 1199 :
1711 1155 1876 1213 atque
1899 1145 2002 1198 hac

415 1252 597 1296 mente
628 1240 920 1295 instinctus
940 1238 1211 1293 clamabat
1246 1255 1260 1291 :
1297 1257 1315 1289 ι
1347 1237 1496 1307 Rogo
1519 1252 1634 1301 vos,
1663 1235 1880 1298 fratres,
1907 1252 2003 1306 per

415 1334 706 1388 Dominum
725 1331 910 1386 Jcsum
933 1331 1237 1395 Christum,
1271 1341 1333 1384 ut
1357 1328 1630 1384 sermonis
1647 1328 1999 1383 concordiam

415 1429 701 1485 sectemini
734 1427 802 1482 ⁸⁵.
849 1446 868 1480 ι

486 1518 572 1571 16.
604 1517 719 1570 Vin’
753 1517 848 1572 tibi
882 1515 1142 1585 principis
1173 1529 1390 1585 quoque
1422 1513 1712 1584 apostolici
1747 1515 1997 1570 testimo-

415 1613 565 1665 nium
607 1609 935 1663 exbibeam?
980 1609 1073 1678 qui
1114 1608 1330 1678 quidem
1389 1606 1493 1662 etsi
1534 1607 1831 1661 verborum
1865 1619 2002 1661 sono

415 1702 557 1756 haud
577 1702 789 1755 videtur
817 1715 938 1754 cum
958 1696 1214 1754 Ecclesiae
1244 1713 1398 1754 more
1413 1709 1648 1770 actuque
1675 1715 1997 1771 congruere,

2100 513 2178 575 είς
2220 513 2437 584 Πατέρα
2473 514 2567 568 καὶ
2617 514 2744 567 Υἱὸν
2778 514 2872 566 καὶ
2921 511 3148 581 Πνεῦμα
3181 511 3339 578 ἅγιον
3363 508 3420 562 τὸ
3449 507 3671 580 λουτρὸν

2099 604 2197 673 τῆς
2256 605 2677 675 παλιγγενεσίας
2715 605 3158 674 τελεσιουργεῖν,
3193 604 3289 654 καὶ
3332 603 3445 664 ταῖς
3489 600 3674 655 αὐτῶν

2100 697 2419 767 ἐπικλήσεσι
2445 698 2570 761 τοὺς
2601 696 3036 767 βαπτιζομένους
3081 694 3238 764 ἄγειν
3268 696 3350 758 εἰς
3375 694 3672 765 ἁναγέννη-
3737 724 3742 731 ι

2110 807 2227 844 σιν.
2262 790 2417 845 Οὕτω
2467 791 2577 844 τῶν
2622 791 2932 844 ἀποστόλων
2962 793 2990 844 ὁ
3021 790 3301 858 Θεόκριτος
3336 787 3587 854 σύλλογος
3617 788 3676 839 τὸ

2100 881 2268 950 δῶρον
2320 882 2705 952 ἐμυσταγώγει
2776 882 2878 952 τῆς
2952 882 3235 951 ἀφέσεως·
3269 881 3412 933 οὕτω
3466 879 3678 942 Παῦλος

2102 976 2395 1029 ἐϐάπτισεν
2422 975 2517 1039 οὒς
2559 977 2888 1030 ἐϐάπτισεν
2923 973 3066 1028 οὓτω
3122 973 3407 1043 βαστάζων
3447 972 3676 1025 ἐνώπιον

2101 1066 2273 1120 ἐθνῶν
2304 1067 2398 1120 καὶ
2425 1065 2689 1137 βασιλέων
2723 1066 2786 1119 τὸ
2816 1065 2987 1135 ὄνομα
3015 1063 3109 1117 τοῦ
3148 1065 3400 1134 Σωτῆρος
3428 1065 3676 1134 tangar,-

2104 1159 2338 1222 σιάζετο·
2362 1158 2502 1212 κατὰ
2534 1159 2736 1228 ταύτην
2762 1157 2892 1210 ἐϐόα
2924 1157 3023 1228 τὴν
3064 1156 3295 1218 ἔννοιαν,
3321 1174 3340 1206 ι
3369 1157 3677 1225 Παρακαλῶ

2101 1245 2195 1301 οὖν
2232 1248 2396 1318 ὑμᾶς,
2421 1247 2660 1316 ἀδελφοὶ,
2684 1247 2772 1301 διὰ
2795 1245 2891 1299 τοῦ
2919 1246 3126 1317 Κυρίου
3158 1245 3315 1316 ἡμῶν
3344 1245 3513 1316 Ἰησοῦ
3528 1246 3672 1314 Χρι-

2104 1337 2254 1404 στοῦ,
2288 1338 2375 1391 ἵνα
2412 1337 2472 1392 τὸ
2496 1337 2633 1392 αὐτὸ
2664 1336 2888 1408 λέγητε.
2940 1357 2959 1389 ι

2175 1521 2273 1578 ις’.
2315 1513 2506 1569 Βούλει
2531 1515 2588 1569 δέ
2621 1533 2705 1570 σοι
2741 1517 2836 1570 καὶ
2863 1516 2955 1570 τὸν
3004 1516 3304 1586 κορυφαῖον
3344 1513 3681 1585 παρέσεσθαι

2105 1605 2390 1678 μάρτυρα;
2431 1610 2479 1661 εἰ
2502 1607 2611 1680 γάρ
2637 1610 2731 1662 καὶ
2759 1610 2834 1680 μὴ
2861 1609 3010 1662 δοκεῖ
3037 1607 3180 1660 κατά
3207 1624 3270 1675 γε
3297 1607 3396 1678 τὴν
3429 1607 3533 1660 τῶν
3579 1609 3681 1677 ρηο

2106 1697 2292 1768 μάτων
2315 1698 2599 1769 προφορὰν
2620 1698 2699 1770 τῷ
2711 1700 2810 1768 τῆς
2829 1697 3160 1768 Ἐκκλησίας
3183 1696 3298 1749 ἑθει
3328 1698 3422 1750 καὶ
3449 1699 3514 1767 τῇ
3545 1698 3682 1766 πρά-

413 1793 459 1850 si
489 1805 668 1847 tamen
709 1806 932 1860 scopum
968 1790 1086 1860 ejus
1117 1805 1242 1843 cum
1276 1790 1520 1846 veritatis
1561 1790 1744 1845 studio
1772 1791 1991 1859 diligen-

2105 1787 2183 1854 ξει
2233 1790 2706 1859 συμφθέγγεσθαι,
2745 1791 2882 1845 ἀλλά
2911 1807 2975 1859 γε
3027 1789 3338 1860 φιλαλήθως
3388 1788 3551 1842 αὐτοῦ
3592 1789 3685 1840 καὶ

411 1892 604 1954 terque
645 1881 1036 1942 scrutabimur,
1063 1880 1232 1933 nihilo
1262 1879 1308 1935 is
1339 1879 1542 1948 secius,
1572 1880 1684 1935 imo
1702 1881 1998 1935 vehemen-

411 1977 546 2037 tius,
596 1988 806 2030 sacram
855 1973 999 2028 hanc
1043 1973 1497 2028 consuetudinem
1553 1973 1884 2029 conﬁrmare
1935 1987 2000 2027 ac

415 2068 658 2124 stabilire
689 2066 981 2120 videbitur.
1013 2065 1062 2120 ls
1083 2066 1227 2120 enim
1259 2063 1502 2120 Iudaeam
1532 2082 1638 2120 non
1665 2067 1850 2121 minus
1876 2081 2002 2136 pro-

414 2161 577 2232 digiis
629 2175 794 2230 quam
850 2173 1006 2213 sacra
1060 2159 1310 2212 doctrina
1364 2174 1680 2229 peragrans,
1722 2159 2000 2213 hominem

414 2252 566 2305 illum
598 2250 664 2304 ad
695 2247 1005 2319 Speciosam
1047 2257 1257 2317 portam
1285 2247 1582 2313 sedentem,
1615 2247 1773 2317 cujus
1803 2250 1998 2317 pedum

412 2341 574 2396 bases
610 2349 775 2409 atque
798 2338 1033 2392 malleoli
1064 2337 1313 2393 dissoluti
1344 2348 1524 2402 erant,
1555 2339 1723 2403 hunc,
1752 2339 1997 2408 inquam,

412 2433 580 2488 verbo
625 2431 969 2494 instaurans',
1023 2445 1327 2499 sanumque
1390 2429 1710 2484 mirabiliter
1749 2429 1949 2484 sistens
1984 2447 1998 2484 :
2037 2453 2045 2466 ι

423 2543 444 2577 ς
485 2524 540 2578 In
594 2523 836 2590 nomine,
888 2522 1086 2592 inquit,
1145 2521 1273 2576 Jesu
1305 2522 1528 2586 Christi,
1564 2537 1726 2592 surge
1777 2530 1831 2577 et
1882 2536 2002 2576 am-

412 2617 541 2670 bula
583 2616 654 2670 ⁸⁵.
694 2634 712 2667 ι
745 2614 811 2668 Εῑ
856 2614 1113 2669 dictionis
1168 2614 1389 2684 quidem
1439 2614 1684 2670 (formula
1744 2613 2001 2669 ineffabili

409 2709 614 2763 virtute
667 2708 745 2763 sic
790 2706 891 2761 fuit
948 2708 1202 2777 prolata:
1259 2707 1374 2777 ipse
1422 2722 1552 2760 vero
1594 2707 1845 2776 princeps
1891 2705 2001 2758 vim

411 2801 661 2856 vocabuli
685 2801 982 2869 explicans,
1017 2800 1410 2868 notionemque
1444 2798 1650 2853 nomini
1691 2798 1996 2865 subjectam

413 2893 821 2960 interpretans,
857 2889 1105 2959 prodigio
1152 2890 1413 2945 attonitos
1467 2889 1798 2943 admonebat
1839 2903 2001 2958 quem

413 2983 811 3054 ipsiaspernati
836 2982 1076 3049 fuerant,
1105 2983 1396 3052 crucisque
1421 2983 1689 3052 supplicio
1736 2981 2003 3036 multave-

413 3087 556 3141 rant,
600 3077 746 3130 hunc
797 3074 978 3145 ipsum
1017 3090 1160 3139 esse,
1205 3075 1363 3144 cujus
1411 3075 1614 3128 virtute
1671 3073 2002 3128 insanabilis

414 3169 640 3222 morbus
653 3176 876 3221 curatus
897 3167 1091 3221 fuerat.
1115 3165 1380 3220 Prmterea
1411 3167 1618 3230 docuit,
1650 3181 1708 3220 se
1734 3165 1994 3220 vocabulo

412 3275 598 3312 nomen
629 3258 750 3312 ﬁdei
796 3272 1068 3314 summam
1126 3257 1641 3328 confessionemque
1681 3258 1989 3327 designare.

415 3348 554 3401 Audi
594 3347 739 3402 enim
779 3361 898 3414 quae
945 3345 1136 3400 dicat:
1191 3366 1207 3397 ι
1243 3346 1380 3400 Deus
1438 3347 1712 3401 Abraham
1753 3356 1808 3401 et
1852 3346 1995 3402 Deus

411 3440 564 3494 ISaac
595 3437 917 3508 glorifica-vit
941 3436 1136 3491 Filium
1175 3453 1330 3492 suum
1363 3436 1547 3492 Jesum
1575 3438 1637 3492 ¹⁶.
1677 3459 1695 3490 ι
1730 3439 1906 3508 Atque
1937 3447 1997 3493 ut

412 3533 587 3604 magis
640 3531 808 3586 animi
849 3530 1178 3585 sententiam
1240 3529 1496 3592 declaret,
1541 3529 1735 3584 addit:
1776 3551 1792 3579 ι
1829 3529 1892 3584 Ει
1940 3530 1991 3583 in

412 3622 518 3676 ﬁde
550 3620 788 3676 nominis
823 3620 940 3690 ejus
971 3619 1117 3673 hunc
1142 3635 1302 3688 quem
1338 3619 1532 3672 videtis
1560 3630 1614 3673 et
1645 3619 1812 3689 probe
1842 3619 1994 3676 scitis

412 3713 753 3770 confirmavit
793 3728 987 3766 nomen
1028 3712 1146 3780 ejus
1182 3714 1248 3766 ιτ.
1286 3732 1304 3764 ι
1357 3712 1495 3766 Audi
1541 3713 1717 3767 adhuc
1752 3732 1764 3768 :
1808 3732 1829 3765 ί
1877 3714 1994 3768 lmo

413 3807 571 3868 ﬁdes,
617 3821 736 3873 qua:
767 3821 861 3874 per
900 3821 1025 3858 eum
1069 3815 1172 3871 est,
1217 3806 1481 3876 integram
1526 3807 1656 3861 huic
1703 3809 1991 3862 sanitatem

409 3895 603 3950 tribuit
627 3894 692 3947 "3.
738 3913 756 3944 ι
796 3891 1119 3947 Miraculum
1164 3894 1376 3948 scilicet
1412 3902 1748 3963 patraturus,
1795 3912 1825 3950 a
1863 3895 1991 3952 .lesu

412 3986 614 4040 Christi
670 3985 894 4039 nomine
945 4001 1170 4040 causam
1233 3986 1351 4055 ejus
1406 3987 1689 4042 medicina:
1761 3990 1989 4058 repetit;

413 4079 607 4132 deinde
637 4092 835 4131 nomen
864 4077 929 4130 ad
957 4075 1114 4130 fidem
1141 4076 1421 4142 transfert,
1447 4079 1589 4148 quod
1614 4090 1694 4133 est
1718 4079 1992 4150 religionis

412 4169 754 4239 mysterium.
793 4168 932 4221 Tum
987 4183 1178 4222 rursus
1211 4183 1410 4222 nomen
1462 4170 1593 4225 dicit
1643 4185 1741 4240 pro
1779 4172 1881 4226 ﬁde
1935 4173 1990 4227 in

412 4260 618 4324 Jesum,
651 4260 808 4329 quasi
840 4268 1068 4325 metuat,
1116 4277 1182 4315 ne
1224 4260 1362 4315 forte
1405 4261 1684 4318 auditores
1713 4263 1870 4317 obliti
1900 4280 1990 4319 es-

411 4364 552 4416 sent,
590 4369 784 4407 nomen
815 4353 882 4406 ab
910 4367 968 4406 se
995 4351 1115 4406 tidei
1146 4352 1264 4406 loco
1296 4353 1462 4408 fuisse
1493 4362 1837 4424 usurpatum.
1867 4355 1993 4411 Mox

411 4448 588 4517 pergit
617 4446 840 4501 dicere:
883 4463 900 4496 ι
954 4445 1020 4499 Ει
1050 4444 1182 4500 fides
1206 4461 1308 4515 per
1350 4447 1526 4515 ipsum
1567 4447 1632 4508 δ’,
1674 4468 1690 4500 ι
1729 4449 1780 4502 id
1807 4460 1888 4504 est
1924 4451 1993 4504 ab

410 4556 477 4594 eo
500 4539 817 4610 praedicata.
850 4537 1034 4592 Viden’
1061 4546 1118 4592 ut
1153 4553 1351 4593 nomen
1384 4556 1530 4594 nunc
1552 4539 1711 4595 fidem
1745 4541 1802 4595 in
1837 4542 1993 4597 Chri-

411 4639 554 4686 stum
597 4629 859 4701 signiﬁcel
884 4630 907 4684 ?
929 4629 1058 4685 ﬁdes
1086 4641 1290 4692 autem,
1336 4631 1679 4700 praedicatam
1709 4635 1778 4688 ab
1810 4650 1874 4689 eo
1906 4650 1992 4691 re-

409 4722 714 4794 ligionem?
756 4739 878 4794 quae
927 4723 1146 4793 quidem
1215 4725 1530 4793 prazdicatio
1578 4727 1737 4782 bases
1784 4728 1992 4782 claudi-

412 4818 588 4872 eantis
636 4816 854 4872 solidat.
915 4816 1099 4882 Quare
1150 4817 1363 4871 etiamsi
1413 4817 1556 4871 aliud
1615 4820 1988 4874 testimonium

412 4919 651 4964 exstaret
683 4910 914 4973 nullum,
945 4910 1028 4963 vel
1056 4910 1160 4964 hoc
1192 4926 1220 4964 a
1265 4911 1507 4981 principe
1537 4912 1806 4980 prolatum
1839 4913 1988 4968 sum-

410 5009 578 5063 ccret,
611 5001 790 5070 palam
828 5010 886 5053 ut
929 5001 1080 5056 ﬁeret
1123 5002 1383 5071 quidnam
1433 5018 1602 5058 sacra:
1662 5003 1880 5059 Littera:
1914 5006 1995 5059 in-

411 5099 598 5153 nuant,
627 5106 751 5144 cum
781 5093 935 5145 aiunt
970 5093 1277 5161 proselytos
1308 5094 1360 5146 in
1392 5091 1518 5148 Jesu
1553 5094 1754 5150 Christi
1778 5096 1996 5150 nomine

411 5181 644 5251 aliisque
696 5182 1006 5251 hnjusmodi
1066 5183 1318 5239 formulis
1369 5184 1657 5254 baptizari.
1723 5187 1815 5240 Sic
1862 5202 1995 5258 ergo

413 5271 609 5325 Petrus
635 5271 816 5325 aiebat
847 5287 972 5326 cum
1007 5272 1248 5325 divinam
1294 5273 1587 5329 eﬂicaciam
1624 5287 1995 5344 ntonstraret;

409 5363 643 5419 dilectus
677 5373 860 5418 autem
897 5364 1034 5420 inter
1067 5365 1365 5434 discipulos
1385 5365 1464 5421 sic
1496 5367 1620 5421 item
1646 5369 1992 5437 decernebat;

408 5452 586 5508 Lucas
615 5453 1027 5518 subscribebat;
1073 5453 1275 5508 Paulus
1302 5454 1563 5522 docebat;
1597 5458 1798 5526 quibus
1829 5461 1981 5528 paria

407 5545 743 5614 reliquorum
775 5545 1149 5616 apostolorum
1189 5555 1364 5603 cretus
1404 5549 1771 5618 praedicabat;
1809 5567 1985 5622 neque

2101 1882 2379 1954 ἐπιμελῶς
2410 1885 2437 1936 ὁ
2471 1883 2676 1948 σκοπὸς
2702 1883 3166 1956 ἀνερευνώμενος,
3198 1882 3351 1936 οὐδὲν
3383 1881 3611 1934 ἔλαττον
3638 1880 3686 1932 εί

2105 1977 2182 2050 μὴ
2209 1979 2303 2032 καὶ
2338 1977 2537 2049 μᾶλλον
2570 1980 2775 2049 ταύτην
2801 1981 3083 2051 ἐπικροτεῖ
3114 1981 3208 2032 καὶ
3238 1978 3544 2047 συνίστησι.
3577 1978 3688 2030 Καὶ

2102 2071 2211 2141 γὰρ
2238 2073 2358 2136 ταῖς
2391 2071 2862 2143 θαυματουργίαις
2892 2073 2994 2126 οὐκ
3027 2072 3249 2125 ἔλαττον
3275 2075 3372 2141 τῆς
3400 2067 3688 2132 θεοσεϐοῦς

2101 2163 2450 2227 διδασκαλίας
2483 2165 2583 2234 τὴν
2633 2165 2896 2220 Ἰουδαίαν
2940 2164 3386 2235 περιερχόμενος.
3421 2162 3514 2215 τὸν
3551 2161 3690 2232 πρὸς

2101 2258 2166 2326 τῇ
2192 2256 2374 2328 ὡραία
2416 2257 2557 2329 πύλῃ
2610 2256 3011 2328 καθεζόμενον,
3042 2252 3102 2312 οὗ
3141 2259 3197 2311 αἱ
3234 2256 3424 2327 βάσεις
3459 2255 3573 2308 τῶν
3596 2271 3692 2306 πο-

2102 2348 2207 2403 δῶν
2231 2350 2328 2403 καὶ
2361 2350 2428 2403 τὰ
2455 2351 2640 2419 σφυρὰ
2684 2351 2966 2404 διαλέλυτο
2988 2367 3002 2380 ο
3035 2350 3224 2404 τοῦτον
3253 2347 3584 2421 ἁρμολογῶν
3610 2345 3689 2416 τῷ

2107 2439 2312 2511 ῥήματι
2333 2441 2430 2510 καὶ
2462 2441 2594 2508 ὑγιᾶ
2623 2440 2940 2509 παραδόξως
2953 2440 3291 2506 άναδεικνὺς,
3315 2458 3333 2491 ‹
3354 2440 3448 2492 Ἐν
3471 2437 3551 2508 τῷ
3570 2437 3689 2490 δνό-

2107 2549 2256 2602 ματι,
2291 2533 2478 2602 φησὶν,
2523 2533 2697 2604 Ἰησοῦ
2725 2533 2962 2604 Χριστοῦ
2989 2533 3166 2605 ἔγειρε
3197 2535 3292 2586 καὶ
3319 2534 3640 2604 περιπάτει.
3660 2549 3679 2582 ι

2117 2623 2256 2676 Ἀλλ’
2275 2626 2302 2677 ὁ
2333 2625 2431 2695 μὲν
2460 2624 2630 2690 τύπος
2663 2625 2847 2694 φωνῆς
2875 2628 2940 2697 τῇ
2970 2626 3109 2698 ὺπέρ
3137 2625 3292 2693 λόγον
3315 2624 3571 2695 ἐνεργείᾳ
3590 2624 3689 2692 τῆς

2103 2715 2343 2784 χάριτος,
2376 2715 2520 2770 οὕτω
2566 2716 2932 2788 συμπροήχθη
2959 2734 2973 2747 ·
3006 2717 3168 2780 αὐτὸς
3197 2716 3253 2769 δὲ
3289 2715 3382 2769 τοῦ
3441 2717 3689 2787 ῥήματος

2104 2807 2202 2876 τὴν
2237 2806 2468 2877 δύναμιν
2509 2807 2897 2871 ἀναπτύσσων,
2937 2809 3032 2861 καὶ
3070 2808 3120 2860 τί
3159 2807 3411 2877 βούλεται
3441 2804 3595 2875 αὐτῷ
3630 2804 3690 2856 τὸ

2105 2895 2294 2965 ὄνομα
2337 2895 2530 2967 δηλοῦν
2561 2897 2976 2968 ἐφερμηνεύων,
3007 2898 3136 2959 τοὺς
3166 2898 3264 2966 μὲν
3305 2895 3688 2964 καταπληττο-

2109 2988 2304 3058 μένους
2336 2989 2412 3055 τῷ
2437 2989 2674 3058 θαύματι
2715 2989 2991 3042 ἐδίδασκεν
3031 2989 3106 3051 ὼς
3147 2987 3526 3057 ἐξουθενηθεὶς
3557 2982 3690 3053 παρ’

2105 3081 2306 3147 αὐτῶν,
2336 3083 2431 3135 καὶ
2463 3082 2682 3154 σταυρῷ
2727 3083 2824 3136 καὶ
2853 3081 3070 3152 θανάτῳ
3112 3081 3556 3144 καταδικασθεὶς,
3589 3079 3686 3132 αύ-

2108 3175 2198 3237 τός
2253 3176 2401 3227 ἐστιν
2459 3166 2520 3228 οὗ
2551 3176 2584 3246 ἠ
2620 3175 2849 3245 δύναμις
2882 3175 2981 3246 τὴν
3025 3175 3239 3228 ἀνίατον
3277 3174 3465 3225 ἰάσατο
3508 3172 3684 3223 νόσον.

2117 3266 2393 3320 Ἐδίδασκε
2429 3268 2484 3321 δὲ
2517 3269 2598 3322 ὅτι
2629 3269 2723 3322 καλ.
2749 3269 2808 3322 τὸ
2833 3269 3005 3340 ὄνομα
3022 3268 3115 3320 νῦν
3143 3265 3289 3336 αὐτῷ
3317 3266 3414 3336 τῆς
3451 3264 3688 3324 πίστεως

2101 3361 2202 3428 τὴν
2223 3361 2700 3430 συγκεφαλαίωσιν
2735 3362 2828 3415 καὶ
2859 3364 2958 3433 τὴν
2986 3361 3278 3430 ὁμολογίαν
3319 3357 3683 3427 ἀπαγγέλλει.

2105 3453 2248 3523 Ὅρα
2264 3453 2372 3526 γάρ
2397 3450 2486 3507 οἷά
2502 3470 2685 3526 φησιν’
2712 3473 2730 3506 ι
2756 3454 2812 3506 '0
2834 3455 2964 3517 Θεὸς
2991 3454 3241 3524 Ἀϐραᾶμ
3261 3454 3351 3505 καὶ
3367 3452 3558 3505 Ἰσαάκ
3579 3449 3688 3503 £66-

2105 3545 2232 3610 ξασε
2257 3547 2348 3599 τὸν
2364 3546 2528 3599 παῖδα
2553 3546 2718 3600 αὑτοῦ
2754 3546 2992 3618 Ἰησοῦν·
3025 3568 3043 3598 ι
3077 3546 3184 3599 Καὶ
3207 3543 3592 3614 ὲπιδηλὸτερον
3622 3543 3682 3594 τὸ

2104 3637 2351 3708 βούλημα
2383 3637 2574 3706 ποιῶν,
2599 3640 2799 3708 ἐπάγει
2825 3657 2838 3671 ·
2881 3658 2900 3690 ι
2940 3640 3035 3693 καὶ
3090 3641 3184 3692 ἐπὶ
3237 3642 3301 3709 τῇ
3347 3639 3535 3690 πίστει
3594 3633 3686 3688 τοῦ

2101 3731 2364 3802 ὀνόματος
2393 3733 2582 3801 αὐτοῦ,
2620 3733 2813 3789 τοῦτον
2836 3734 2893 3787 δν
2916 3733 3172 3804 θεωρεῖτε
3198 3734 3293 3785 καὶ
3324 3733 3504 3785 οἴδατε
3536 3733 3689 3784 ἐστε-

2103 3823 2274 3894 ρέωσε
2318 3826 2380 3878 τὸ
2419 3825 2589 3898 ὄνομα
2632 3827 2819 3881 αὑτοῦ.
2859 3847 2876 3878 ι
2927 3827 3207 3896 Πρόσχες·
3247 3845 3265 3875 ι
3319 3825 3481 3878 Ἀλλὰ
3526 3824 3684 3892 καὶή

2101 3915 2329 3988 πίστιςὴ
2348 3917 2414 3971 δι’
2445 3918 2610 3972 αὑτοῦ
2637 3958 2651 3983 ,
2679 3919 2880 3972 ἔδωκεν
2909 3917 3056 3988 αύτῷ
3079 3919 3177 3987 τὴν
3207 3917 3538 3986 ὁλοκληρίαν
3559 3915 3686 3969 ταύ-

2099 4022 2219 4077 την.
2252 4027 2270 4059 ι
2300 4009 2630 4080 Ἀρχόμενος
2667 4007 2762 4063 τοῦ
2812 4008 3088 4080 θαύματος
3141 4010 3200 4061 τὸ
3245 4009 3414 4076 ὄνομα
3441 4007 3543 4060 τοῦ
3586 4009 3686 4077 Ἰη-

2103 4099 2197 4152 σοῦ
2221 4101 2461 4171 Χριστοῦ
2494 4102 2818 4174 αὐτουργεῖν
2844 4104 2944 4173 τὴν
2972 4102 3116 4154 ἴασιν
3143 4100 3510 4172 ἁνακηρύττει
3537 4119 3551 4132 ·
3571 4095 3685 4153 εἶτα

2104 4191 2515 4264 μεταλαμϐάνει
2552 4194 2612 4247 τὸ
2634 4194 2807 4264 ὄνομα
2833 4193 2969 4265 πρὸς
2995 4193 3094 4265 τὴν
3144 4194 3350 4258 πίστιν,
3387 4194 3530 4264 ὅπερ
3572 4193 3686 4246 ἐστὶ

2098 4287 2160 4340 τὺ
2196 4288 2497 4358 μυστήριον
2521 4287 2622 4357 τῆς
2647 4289 2952 4351 εὐσεϐείας.
2987 4288 3143 4342 Μετὰ
3166 4288 3326 4342 τοῦτο
3366 4287 3529 4342 πάλιν
3568 4288 3684 4341 δνο-

2102 4397 2179 4450 μα
2210 4379 2308 4450 τὴν
2335 4381 2414 4443 εἰς
2444 4379 2609 4432 αὑτὸν
2639 4380 2799 4433 καλεῖ
2819 4381 3024 4446 πίστιν,
3050 4380 3240 4450 ὥσπερ
3272 4380 3456 4442 δεδιὼς
3483 4381 3564 4451 μὴ
3595 4380 3685 4448 λή-

2025 4492 2072 4548 D
2100 4467 2200 4538 θην
2235 4468 2472 4523 λάϐωσιν
2507 4471 2558 4522 oi
2608 4471 2879 4541 ἀκροαταὶ
2924 4471 3006 4524 ὅτι
3054 4471 3115 4524 τὸ
3149 4469 3321 4541 ὄνομα
3370 4470 3526 4540 αὐτῷ
3569 4469 3684 4524 ἀντὶ

2098 4562 2200 4631 τῆς
2229 4565 2465 4627 πίστεως
2508 4564 2856 4635 παρελήφθη.
2900 4563 3032 4617 Εἶτα
3061 4564 3290 4632 ἐπάγειο
3327 4584 3345 4616 ι
3384 4564 3495 4617 Καὶ
3524 4566 3560 4636 ἡ
3599 4565 3682 4617 πί-

2103 4670 2218 4717 στις
2247 4656 2281 4724 ἡ
2314 4654 2381 4707 δι’
2410 4654 2601 4720 αὐτοῦ,
2642 4675 2661 4706 ι
2697 4657 3028 4727 τουτέστινὴ
3070 4657 3407 4728 κηρυχθείσα
3436 4657 3570 4729 παρ’
3597 4658 3682 4711 ati-

2098 4745 2215 4798 τοῦ.
2264 4744 2426 4816 Ὁρᾷς
2461 4747 2609 4804 ὅπως
2638 4746 2698 4799 τὸ
2751 4748 2850 4817 μὲν
2876 4747 3048 4819 δνομα
3088 4749 3186 4819 τὴν
3233 4749 3416 4802 πίστιν
3457 4748 3557 4803 νῦν
3586 4749 3680 4821 τὴν

2100 4837 2180 4899 εἰς
2236 4837 2396 4890 αὑτὸν
2453 4839 2786 4906 ἀπαγγέλλει
2818 4857 2832 4905 ;
2869 4839 2982 4911 ἡδὲ
3037 4840 3223 4904 πίστις
3243 4841 3357 4913 -τῆν
3389 4842 3480 4894 ὑπ’
3513 4840 3676 4896 αὑτοῦ

2103 4929 2473 5000 κηρυχθεῖσαν
2506 4930 2820 4986 θεοσέϐειαν
2847 4950 2860 4998 ;
2887 4934 2947 4987 τὸ
2977 4933 3034 4987 δὲ
3057 4937 3323 5008 κήρυγμα
3360 4936 3456 4990 τοῦ
3503 4936 3676 5009 χωλοῦ

2095 5021 2195 5083 τὰς
2223 5020 2410 5091 βάσεις
2446 5026 2660 5092 στερεοῖ
2685 5042 2700 5089 ς
2737 5025 2902 5078 Ὥστε
2931 5027 2979 5078 εἰ
3017 5028 3090 5097 μή
3114 5044 3196 5090 τις
3223 5027 3356 5098 ἄλλη
3384 5029 3491 5081 τῶν
3532 5047 3672 5100 μαρ-

2093 5113 2294 5185 τυριῶν
2328 5117 2558 5186 προσῆν,
2600 5117 2835 5188 ῆρκεσεν
2885 5118 2950 5172 ἂν
2984 5122 3016 5189 ἡ
3052 5121 3150 5174 τοῦ
3195 5123 3494 5193 κορυφαίου
3543 5123 3674 5193 μόνη

2094 5208 2547 5280 προκομιζομένη
2574 5209 2844 5282 λαμπρῶς
2870 5213 3224 5284 παραστῆναι
3253 5214 3304 5267 τί
3329 5215 3588 5286 σημαίνει
3612 5215 3674 5268 τά

2096 5299 2221 5370 ἱερὰ
2244 5300 2417 5368 Λόγια
2450 5303 2508 5354 ἐν
2539 5302 2617 5373 τῷ
2647 5302 2827 5372 λέγειν
2869 5304 3232 5374 βαπτίζεσθαι
3269 5310 3399 5372 τοὺς
3429 5301 3676 5380 προσιόν-

2094 5410 2194 5456 τας
2226 5393 2282 5446 ὲν
2327 5394 2406 5465 τῷ
2451 5396 2678 5464 ὀνόματι
2723 5396 2897 5467 Ἰησοῦ
2939 5399 3204 5470 Χριστοῦ,
3241 5401 3337 5454 καὶ
3379 5403 3447 5455 τά
3491 5403 3669 5473 ὅμοια.

2096 5483 2282 5538 Ταῦτα
2313 5486 2412 5556 μὲν
2447 5489 2649 5559 Πέτρος
2668 5491 2768 5561 τὴν
2790 5491 3079 5561 θεουργίαν
3101 5493 3420 5564 ἐμφανίζων
3447 5495 3632 5564 ἔλεγεν
3655 5513 3668 5526 '
3723 5531 3729 5544 θ

2090 5580 2118 5631 ὁ
2147 5577 2202 5631 δὲ
2231 5577 2341 5632 τῶν
2375 5580 2634 5652 μαθητῶν
2675 5583 3034 5654 ἠγαπημένος
3059 5587 3506 5660 συνεδογμάτιζε,
3542 5590 3645 5644 Λου

473 5747 522 5778 ⁸⁸
553 5746 722 5807 lCor.
759 5766 868 5816 xw,
901 5754 948 5808 Ι.
1020 5752 1065 5784 ⁸⁸
1091 5753 1212 5810 Act.
1250 5770 1328 5822 ut,
1350 5755 1385 5808 2
1416 5771 1568 5827 seqq.
1649 5755 1693 5789 "
1724 5757 1858 5815 ibid.
1891 5759 1977 5814 15.

2130 5761 2263 5820 ibid.
2299 5763 2386 5822 16.
2461 5763 2510 5796 ⁸⁸
2553 5765 2684 5822 ibid.
2758 5767 2803 5801 "
2827 5768 2958 5825 ibid.
