3888 6186
219 274 329 340 325
1146 280 1245 340 AD
1274 278 1870 341 AMPHILOCHIUM
1895 276 2245 351 QU/ESTIO
2270 252 2491 338 XLIII.
3374 278 3478 341 326

219 393 327 455 κᾶς
358 390 691 461 συνέγραφε.
726 393 935 457 Παῦλος
965 393 1246 449 ἐδίδασκεν
1267 412 1281 425 ·
1318 392 1399 455 οἷς
1432 394 1663 449 καὶτῶν
1692 394 1801 449 λοι-

1907 393 2051 449 enim
2093 390 2366 461 suspicari
2404 390 2550 451 licet,
2584 385 2880 443 mortiferis
2917 387 3063 457 ipsos
3102 388 3259 443 noxis
3296 404 3357 445 se
3381 392 3483 445 ob-

215 482 341 537 πῶν
392 483 702 537 ἀποστόλων
740 486 769 538 ὁ
822 486 980 556 χορὸς
1020 485 1101 556 (ού
1155 486 1267 558 γὰρ
1315 481 1382 557 ἦν
1408 486 1659 556 οὐδαμῶς
1690 485 1799 540 οὐδ’

1908 484 2175 554 stringere
2203 481 2417 536 solitos.
2458 477 2682 533 Constat
2712 477 2875 547 igitur
2904 476 3107 532 Christi
3154 494 3350 533 nomen
3384 494 3487 548 pro

216 573 313 627 ἐπὶ
342 574 469 628 νοῦν
512 574 697 629 λαϐεῖν
736 577 930 642 αὐτοὺς
975 578 1106 650 ’περὶ⁵
1155 579 1225 633 τὰ
1278 579 1470 648 καίρια
1514 577 1798 650 φέρεσθαι)

1908 575 2016 631 fide
2055 574 2108 627 in
2140 571 2420 626 Christum
2449 569 2555 623 dici
2594 585 2606 621 :
2638 569 2771 623 fides
2800 583 2930 623 vero
2965 568 3017 621 in
3044 567 3325 624 Christum
3351 569 3491 624 nihil

216 667 704 735 συνανεκήρνττεν.
756 666 945 732 Οὕτως
992 668 1163 740 ὄνομα
1208 668 1446 740 Χριστοῦ
1487 671 1521 740 η
1550 669 1731 733 πίστις
1766 670 1800 739 η

1909 674 1994 721 est
2043 665 2147 721 nisi
2195 663 2395 719 tradita
2456 661 2856 731 spectatoribus
2906 660 3057 715 verbi
3102 670 3265 731 atque
3316 660 3489 714 adrni-

216 759 298 820 είς
348 758 626 828 Χριστόνθ
677 759 864 825 πίστις
912 760 969 815 δέ
1011 763 1091 825 είς
1124 761 1362 833 Χριστὸν
1411 762 1447 831 ἡ
1503 760 1575 815 δι’
1633 759 1800 814 αὐτοῦ

1911 758 2103 814 nistris
2142 771 2300 812 sacra
2338 755 2589 810 doctrina
2626 761 2682 808 et
2709 752 3105 809 incarnationis
3139 755 3482 827 mysterium,

217 852 636 923 παραδεδομένη
678 854 792 916 τοῖς
847 852 1145 917 αύτόπταις
1182 854 1279 907 τοῦ
1340 853 1501 923 λόγου
1551 852 1645 905 καὶ
1689 851 1991 923 ὑπηρέταις
2046 848 2314 918 θεολογία,
2374 849 2470 902 καὶ
2528 847 2631 917 τῆς
2677 846 2991 917 οἰκονομίας
3041 846 3104 900 rb
3159 849 3481 921 μυστήριονο

287 987 377 1053 ιζ’.
420 988 490 1041 Σὺ
517 987 574 1041 δέ
603 989 655 1041 εἰ
686 1005 770 1052 τις
798 987 939 1059 ἔρως
959 987 1163 1060 ἐπῆλθε
1186 989 1323 1061 πρὸς
1348 988 1449 1062 τὴν
1469 989 1641 1059 αὐτὴν
1666 987 1798 1042 ύπό-

1974 987 2062 1043 17.
2102 985 2222 1041 Jam
2256 1000 2386 1041 vero
2410 985 2457 1043 si
2488 1001 2596 1057 qua
2628 994 2679 1042 te
2726 986 3000 1056 cupiditas
3036 995 3184 1041 tenet
3216 986 3269 1041 in
3295 989 3485 1043 eodem

217 1081 368 1134 θεσιν
403 1080 655 1150 εὐπορεῖν
690 1078 951 1134 πλειόνων
978 1080 1452 1151 ἐπιχειρημάτων,
1502 1078 1797 1134 κάντεῦθεν

1907 1082 2182 1152 proposito
2210 1081 2550 1151 argumentis
2580 1079 2831 1151 pluribus
2859 1080 3194 1146 abundandi,
3229 1081 3316 1137 hic
3347 1096 3487 1152 quo-

214 1174 314 1241 τῆς
342 1173 655 1241 προθέσεως
693 1171 793 1224 ούκ
836 1170 1133 1242 ἁποτεύξῃ.
1178 1170 1403 1241 Πρῶτον
1436 1172 1533 1242 μὲν
1560 1171 1671 1242 γὰρ
1699 1170 1799 1241 τῆς

1907 1188 2009 1241 que
2042 1187 2267 1240 scopum
2309 1182 2461 1226 tuum
2498 1170 2831 1242 assequeris.
2871 1170 3007 1226 Nam
3057 1173 3235 1241 primo
3263 1173 3485 1228 dubita-

216 1261 308 1315 ἀπ’
340 1263 517 1333 ἀρχῆς
549 1262 781 1333 ἀπορίας
824 1262 1163 1331 εύλογωτέρα
1197 1261 1351 1325 λύσις
1383 1264 1483 1316 οὐκ
1506 1261 1573 1316 ἂν
1605 1264 1691 1333 είη
1716 1279 1801 1326 τις

1907 1261 2069 1316 tionis
2094 1262 2234 1331 ejus,
2264 1276 2427 1332 quam
2454 1260 2611 1316 initio
2632 1261 2975 1331 scripsimus,
3007 1262 3154 1318 nulla
3185 1273 3268 1318 est
3292 1274 3489 1333 pra-ter

216 1353 381 1424 ἐτέρα
414 1353 567 1423 παρὰ
590 1354 691 1422 τὴν
723 1353 1027 1424 εἰρημένην
1063 1353 1273 1422 σαφῶς,
1298 1354 1673 1424 ἐμφανίζουσα
1702 1353 1802 1425 τὴν

1907 1354 2214 1424 praedictam
2277 1355 2612 1424 probabilior
2691 1354 2933 1418 solutio,
2997 1370 3118 1424 quae
3198 1354 3489 1410 manifeste

215 1444 311 1497 τοῦ
358 1443 685 1515 ζητήματος
738 1444 962 1513 γνῶσιν.
999 1443 1264 1514 Δεύτερον
1304 1445 1361 1498 δέ
1408 1446 1504 1499 καὶ
1544 1446 1611 1517 ἦν
1656 1462 1800 1508 τινες

1907 1447 2226 1516 quaestionis
2272 1446 2708 1515 explanationem
2771 1448 2953 1502 tradit.
3008 1446 3216 1503 Deinde
3253 1463 3375 1517 qua:
3418 1450 3488 1501 ab

216 1536 520 1605 ἐπενόησαν
549 1534 726 1600 λύσιν,
754 1536 815 1590 rb
841 1536 1234 1607 ἀνεπιτίμητον
1261 1538 1361 1591 οὐκ
1382 1536 1507 1607 ἔσχε
1531 1551 1547 1565 ⁶
1569 1515 1663 1590 καὶ
1690 1535 1797 1608 γὰρ

1907 1515 2027 1590 aliis
2055 1536 2377 1606 jexcogitata
2412 1535 2518 1591 fuit
2557 1536 2784 1602 solutio,
2838 1553 2947 1592 non
2991 1545 3144 1593 caret
3191 1515 3454 1608 reprehen

216 1628 316 1699 ἤδη
352 1630 451 1699 μὲν
482 1630 584 1683 οὐκ
608 1630 797 1697 ὀλίγας
828 1629 995 1684 ἔδωκε
1020 1631 1190 1694 λαϐάς
1209 1648 1222 1662 ·
1253 1631 1372 1702 δοίη
1402 1630 1448 1683 δ’
1470 1632 1536 1686 ἄν
1566 1648 1650 1683 σοι
1675 1629 1802 1701 βου-

1907 1627 2079 1693 sione,
2112 1642 2284 1695 caque
2315 1642 2425 1681 non
2458 1643 2661 1697 paucas
2702 1643 2893 1697 reapse
2925 1628 3274 1698 vituperandi
3323 1644 3487 1684 ansas

214 1720 429 1790 λομένῳ
463 1723 558 1775 καὶ
590 1721 832 1787 πλείους.
872 1723 934 1775 Εί
978 1722 1088 1793 γὰρ
1137 1723 1470 1794 προσίστατο
1511 1725 1625 1786 τοῖς
1676 1721 1801 1776 κατ’

217 1812 393 1884 ἀρχὰς
415 1814 702 1885 προσιοῦσι
734 1816 832 1868 καὶ⁸
866 1815 1028 1884 μόνον
1071 1814 1482 1886 προφερόμενον
1515 1814 1578 1867 rb
1627 1813 1801 1885 ὄνομα

215 1905 308 1959 τοῦ
326 1906 588 1978 Χριστοῦ,
611 1906 728 1971 πῶς
749 1903 817 1979 ἦν
837 1908 946 1961 τῶν
968 1908 1410 1976 κατεπειγόντων
1441 1906 1801 1977 βαπτίζοντας

217 1998 347 2051 αὐτὸ
380 1999 740 2071 προκομίζειν
764 2017 778 2066 ;
810 1998 945 2052 Ούδέ
970 2000 1081 2070 γὰρ
1106 1998 1405 2070 θεραπείαν
1433 1997 1559 2051 τινὰ
1582 1997 1677 2051 τοῦ
1709 1997 1801 2051 θο-

220 2089 513 2162 ρυϐοῦντος
531 2094 793 2161 παρεῖχεν
810 2090 875 2145 ἂν
887 2090 949 2145 rb
962 2109 1036 2145 πα
1044 2091 1318 2162 ραλυποῦν
1343 2092 1762 2163 προτεινόμενον
1783 2104 1797 2119 ⁸

220 2180 335 2235 ἀλλ’
366 2182 461 2234 ἐπὶ⁹
498 2182 661 2236 πλέον
701 2182 1061 2253 ἐξετράχυνεν
1114 2182 1181 2235 ἂν
1221 2184 1317 2236 καὶ
1367 2183 1803 2253 ἀνεφλέγμαινεν

219 2274 351 2328 αὐτὸ
376 2274 478 2345 τὴν
511 2274 760 2347 γνώμην.
792 2276 1104 2346 Σιγώμενον
1151 2275 1261 2345 γὰρ
1305 2275 1507 2347 μᾶλλον
1537 2274 1598 2329 rb
1645 2274 1803 2329 ἀνια-

222 2371 336 2441 ρὸν,
367 2372 400 2443 ἢ
434 2371 829 2442 φθεγγόμενον,
872 2373 1001 2434 τοὺς
1037 2370 1494 2441 δυσχεραίνοντας
1528 2370 1660 2423 αὐτὸ
1683 2369 1803 2424 δια-

224 2462 483 2533 πραΰνει.
516 2461 628 2516 Καὶ
658 2460 720 2515 rb
749 2461 833 2514 ἔτι
884 2460 1086 2532 μᾶλλον
1125 2461 1432 2529 ἀναφλέγον
1474 2460 1555 2523 είς
1605 2458 1802 2530 ὀργὴν,

226 2554 503 2623 σιωπῆσαι
533 2554 630 2624 μὲν
656 2554 749 2606 καὶ
776 2552 1050 2624 ὑπεριδεῖν
1076 2551 1112 2606 ἃ
1133 2555 1246 2615 τοῖς
1268 2551 1486 2613 πολλοῖς
1511 2550 1620 2603 τῶν
1664 2549 1801 2603 Ἰου-

222 2646 385 2699 δαίων
420 2646 771 2720 ὲγνωρίζετο,
804 2643 1024 2717 Πατέρα
1062 2644 1205 2713 λέγω
1246 2644 1342 2698 καὶ
1400 2643 1647 2714 Πνεῦμα,
1673 2643 1803 2697 ἀντ-

230 2739 548 2807 επεισὰγειν
573 2738 631 2791 δέ
657 2739 755 2810 τὴν
783 2738 979 2808 κλῆσιν
1000 2738 1096 2792 τοῦ
1114 2737 1268 2801 Υίοῦ,
1302 2732 1383 2801 οἷς
1413 2736 1535 2790 οὐδὲ
1564 2734 1662 2807 τὴν
1689 2753 1802 2805 φω·

225 2828 318 2899 νὴν
351 2830 558 2883 ἄλυπον
582 2826 652 2901 ἦν
689 2832 809 2893 ταῖς
852 2832 1048 2893 ἀκοαῖς
1087 2828 1492 2902 παραδέχεσθαι
1523 2828 1635 2900 (45)
1663 2845 1677 2861 ³
1710 2828 1804 2919 κοιλ⁵
1833 2861 1875 2919 C

224 2923 330 2995 γὰρ
361 2922 563 2993 μᾶλλον
581 2923 648 2976 ἂν
671 2921 1071 2992 προαγόμενον,
1093 2920 1236 2974 οὕτω
1257 2919 1607 2992 προσίστατο.
1647 2917 1802 2973 Μετὰ

229 3015 326 3084 μὲν
355 3016 464 3086 γὰρ
500 3015 606 3068 τῶν
645 3015 978 3085 τιμωμένων
1011 3012 1472 3083 συνταττομένου,
1505 3010 1643 3083 πρὸς
1671 3011 1803 3063 ἐκα-

225 3106 388 3176 τέραν
420 3106 616 3176 μοῖραν
640 3106 740 3176 τήν
769 3121 825 3157 τε
862 3102 1293 3176 παραλυποῦσαν
1324 3103 1418 3155 καὶ
1446 3100 1545 3172 τὴν
1578 3100 1806 3172 εὐφραί-

226 3214 421 3251 νουσαν
449 3199 479 3249 ὁ
508 3195 786 3265 ἀκροατὴς
815 3195 1102 3265 ἐμερίζετο
1126 3211 1141 3226 ’
1176 3194 1270 3248 xa‘t
1302 3193 1440 3266 πρὸς
1466 3193 1592 3263 μίαν
1617 3208 1804 3245 καινο-

225 3286 418 3356 τομίαν
474 3286 574 3356 τῆς
632 3286 951 3356 προσθήκης
987 3294 1012 3320 ο
1042 3276 1395 3356 ἐταράσσετο.
1429 3283 1551 3338 Τῶν
1583 3284 1639 3337 δὲ
1661 3302 1806 3352 γνω-

231 3378 402 3448 ρίμων
430 3378 528 3431 καὶ
552 3377 881 3448 τιμωμένων
914 3380 1040 3448 σιγῇ
1066 3377 1609 3449 παραπεμπομένων,
1641 3376 1803 3445 μόνου

228 3470 284 3525 δέ
308 3469 407 3524 τοῦ
434 3470 769 3541 πλήττοντος
810 3470 926 3524 ἀντ’
958 3469 1182 3523 ἐκείνων
1221 3468 1656 3540 κηρυσσομένου,
1687 3468 1805 3529 πῶς

227 3563 322 3617 ούκ
348 3559 416 3635 ἦν
451 3562 820 3632 εὐλογώτερον
867 3562 1154 3633 ἀποπηδᾷν
1201 3561 1420 3626 αὐτίκα,
1470 3560 1660 3613 καὶτὰ
1691 3552 1806 3612 ὦτα

230 3658 510 3728 φράττειν,
545 3656 756 3721 διπλαῖς
785 3654 984 3725 μᾶλλον
1006 3655 1063 3708 δὲ
1086 3653 1419 3717 πολλαπλαῖς
1439 3652 1807 3723 βαλλομένους

227 3751 340 3813 ταῖς
370 3750 768 3821 καινοτομίαις,
801 3751 896 3802 καὶ
920 3750 982 3801 τὸ
1015 3747 1170 3818 βέλος
1207 3747 1307 3817 τῆς
1344 3745 1500 3809 ἀνίας
1554 3744 1808 3815 πικρότε-

231 3858 321 3913 ρον
345 3843 442 3896 καὶ
472 3839 801 3912 δριμύτερον
831 3838 1295 3910 ύποδεχομένους;
1334 3836 1395 3901 ἐξ
1424 3830 1499 3890 ὧν
1528 3835 1728 3907 μᾶλλον
1748 3833 1807 3887 rb

230 3934 510 3996 παντελῶς
544 3934 742 3994 αὐτοὺς
771 3931 1226 4003 ἐκτραχύνεσθαι,
1253 3931 1349 3984 καὶ
1388 3928 1484 3983 τοῦ
1523 3927 1808 3998 προσιέναι

230 4026 363 4089 ὅλως
408 4024 489 4096 τῷ
537 4024 877 4096 κηρύγματι,
925 4024 1006 4088 εἰς
1048 4023 1111 4078 τὸ
1162 4022 1427 4078 ἀδύνατον
1477 4019 1809 4074 κατεσκευά·

231 4116 371 4181 ζετο.

1902 1718 2080 1779 dedit;
2105 1728 2161 1773 et
2193 1718 2413 1788 quidem
2439 1719 2535 1774 tibi
2569 1720 2770 1775 volenti
2800 1721 2984 1790 plures
3018 1720 3301 1791 praebebit.
3348 1719 3485 1775 Nam

1902 1810 1948 1866 si
1980 1809 2286 1865 attendebat
2313 1811 2521 1882 primos
2563 1811 2683 1867 illos
2715 1813 3024 1883 proselytos
3070 1814 3154 1867 vel
3191 1829 3288 1869 ore
3331 1825 3490 1869 tenus

1902 1904 2172 1974 prolatum
2201 1902 2404 1959 Christi
2434 1920 2654 1970 nomen,
2680 1921 2778 1959 cur
2793 1905 2907 1974 jam
2941 1920 3163 1962 necesse
3194 1918 3315 1963 erat
3344 1907 3488 1961 inter

1900 1994 2292 2066 baptizandnm
2339 1996 2392 2051 id
2458 1997 2765 2067 oggerere?
2815 1996 2976 2052 Certe
3041 1998 3173 2053 illud
3225 1999 3488 2053 medelam

1903 2087 2332 2157 perturbationis
2374 2090 2581 2144 nullam
2641 2089 2877 2157 fecisset,
2905 2090 3051 2161 quod
3101 2106 3207 2145 non
3255 2094 3372 2147 sine
3408 2094 3491 2147 in-

1904 2189 2057 2251 grato
2101 2196 2262 2239 sensu
2298 2183 2540 2238 exhiberi
2592 2192 2856 2253 poterat:
2911 2185 3045 2255 quin
3092 2186 3229 2241 adeo
3277 2195 3489 2243 mentes

1903 2271 2241 2327 en‘eravisset
2273 2272 2452 2343 potius
2502 2284 2669 2344 atque
2703 2275 3057 2330 incendisset.
3104 2274 3241 2330 Nam
3290 2277 3336 2332 si
3375 2293 3494 2331 mo-
3574 2338 3577 2339 ν

1904 2363 2038 2421 lesta
2068 2380 2154 2421 res
2188 2377 2293 2427 est,
2324 2365 2533 2421 silendo
2565 2366 2742 2436 magis
2789 2381 2953 2437 quam
2987 2367 3354 2436 praedicando,
3394 2384 3491 2424 eos

1904 2460 1999 2528 qui
2033 2458 2326 2515 abhorrent
2356 2460 2603 2531 mitigare
2655 2460 2914 2517 solemus.
2964 2461 3102 2517 Tum
3155 2465 3232 2517 ira
3266 2464 3489 2541 gravius

1905 2559 2176 2605 commota
2226 2551 2439 2616 fuisset,
2497 2552 2544 2607 si
2594 2553 2631 2607 ii
2688 2553 2907 2610 silentio
2952 2555 3125 2625 pressi
3164 2553 3397 2611 fuissent
3423 2571 3491 2612 ac

1906 2642 2160 2712 neglecti,
2199 2644 2289 2712 qui
2329 2645 2518 2699 multis
2566 2644 2771 2700 Judaeis
2821 2647 3084 2716 comperti
3127 2657 3302 2714 erant,
3330 2649 3492 2704 Pater

1906 2733 2164 2787 nimirum
2194 2746 2248 2789 et
2269 2734 2506 2804 Spiritus
2532 2751 2546 2800 ;
2573 2736 2797 2793 obtrusa
2825 2745 3007 2792 autem
3040 2736 3161 2792 Filii
3192 2738 3486 2805 invocatio,

1906 2827 2065 2896 Cujus
2090 2843 2158 2881 ne
2188 2844 2386 2884 nomen
2419 2829 2640 2899 quidem
2670 2830 2789 2885 sine
2821 2832 3069 2887 molestia
3095 2833 3285 2888 auditu
3311 2834 3489 2904 excipi

1906 2935 2170 2996 poterat:
2221 2928 2365 2996 quod
2427 2943 2560 2983 sane
2625 2929 2697 2983 ita
2773 2930 3044 2998 prolatum
3116 2931 3491 2987 vehementius

1906 3016 2231 3072 offendebat.
2264 3019 2463 3073 Contra
2505 3023 2550 3075 si
2582 3037 2777 3076 nomen
2810 3021 2913 3077 hoc
2957 3038 3080 3077 cum
3127 3023 3249 3076 aliis
3279 3022 3391 3093 jam
3433 3025 3487 3079 in

1907 3110 2117 3165 honore
2154 3112 2355 3166 habitis
2383 3113 2777 3181 collocabatur,
2809 3115 3061 3169 bifariam
3092 3116 3308 3171 auditor
3343 3118 3491 3172 scin.

1906 3200 2155 3267 dehatur,
2205 3203 2401 3271 partim
2466 3205 2673 3260 scilicet
2716 3220 2857 3274 aegre
2902 3204 3103 3271 ferens,
3140 3208 3336 3276 partim
3393 3224 3490 3278 ge-

1907 3295 2117 3351 stiens:
2154 3298 2266 3351 sola
2303 3307 2486 3353 autem
2521 3300 2876 3356 additamenti
2909 3304 3151 3358 novitate
3195 3306 3494 3360 conturba-

1906 3389 2088 3444 batur.
2139 3390 2209 3445 At
2238 3406 2366 3445 vero
2406 3391 2452 3447 si
2486 3392 2692 3462 cogniti
2736 3393 2850 3463 jam
2897 3405 2949 3450 et
2986 3395 3041 3449 in
3081 3396 3290 3453 honore
3321 3398 3487 3453 habiti

1907 3482 2122 3538 silentio
2150 3486 2727 3553 prmtermitterentur;
2772 3503 2916 3540 unus
2949 3499 3156 3551 autem,
3188 3491 3279 3559 qui
3316 3490 3488 3545 oﬂ'en-

1907 3574 2091 3637 debat,
2116 3575 2498 3644 praedicaretur
2533 3594 2547 3630 :
2575 3575 2763 3646 quidni
2798 3578 3220 3647 exspectandum
3251 3588 3391 3646 erat,
3431 3590 3492 3635 ut

1907 3667 2161 3736 protinus
2184 3665 2354 3721 Judaei
2392 3668 2735 3740 aufugerent,
2768 3686 2929 3725 aures
2960 3671 3334 3737 occludercnt,
3368 3688 3491 3740 per-

1907 3758 2045 3814 culsi
2070 3759 2283 3815 scilicet
2307 3760 2509 3829 duplici
2539 3762 2650 3817 imo
2679 3763 2965 3834 multiplici
2989 3766 3246 3829 novitate,
3274 3767 3493 3838 teloque

1910 3852 2143 3907 tristitiae
2167 3853 2420 3909 acerbius
2450 3854 2811 3924 asperiusque
2851 3864 3070 3926 recepto
3104 3873 3117 3909 :
3160 3873 3270 3927 quo
3302 3858 3489 3921 fiebat,

1911 3954 1970 3998 ut
1994 3944 2099 4014 ipsi
2128 3944 2301 4015 magis
2328 3945 2700 4009 irritarentur,
2729 3955 2784 4002 et
2811 3946 2881 4001 ab
2908 3962 3130 4003 accessu
3157 3948 3225 4004 ad
3244 3950 3491 4020 Evange~

1910 4033 2044 4089 lium
2079 4034 2306 4089 omnino
2337 4036 2777 4106 prohiberentur.

301 4215 390 4281 ιη’.
422 4210 540 4264 Ούκ
567 4208 867 4280 ἠνείχοντο,
910 4209 1065 4278 φησὶ,
1098 4208 1160 4261 rb
1196 4206 1466 4261 Ἰουδαίων
1491 4204 1804 4269 ἐθνοςθεὺν

1981 4206 2068 4261 18.
2109 4206 2591 4264 Aiuntadversarii
2616 4227 2630 4264 :
2661 4207 2779 4265 Non
2808 4208 3013 4266 ferebat
3040 4210 3298 4268 Judaicus
3321 4226 3496 4283 popu-

232 4301 320 4357 rbv
347 4302 586 4372 Xptcrbv
612 4301 919 4371 ὁμολογεῖν·
953 4300 1043 4354 διὰ
1066 4299 1225 4353 τοῦτο
1252 4300 1359 4368 ἄρα
1390 4300 1447 4353 ἐν
1476 4297 1555 4368 τῷ
1580 4298 1805 4368 ὀνόματι

1907 4300 1993 4355 lus
2038 4299 2314 4355 Christum
2346 4301 2515 4355 Deum
2561 4304 2861 4358 confiteri:
2911 4313 3315 4374 proptereaque
3359 4320 3496 4375 apo-

234 4392 396 4445 αὐτοῦ
411 4392 523 4445 τῶν
541 4390 854 4445 ἀποστόλων
870 4391 898 4443 ὁ
912 4389 1070 4461 χορὸς
1096 4388 1373 4453 ἐδάπτιζε.
1399 4388 1509 4441 Καὶ
1527 4387 1631 4440 ποῦ
1652 4385 1811 4440 τοῦτο

234 4484 389 4553 λόγον
412 4483 529 4554 ἐχοι
548 4482 811 4554 πραΰνειν
827 4482 916 4536 διὰ
935 4481 1030 4534 τοῦ
1049 4479 1496 4550 φλεγμαίνοντος,
1524 4478 1622 4532 καὶ
1643 4478 1809 4549 θερα-

236 4574 421 4629 πεύειν
448 4575 540 4630 διὰ
568 4574 663 4627 τοῦ
704 4572 1058 4644 τραύματος;
1095 4572 1221 4635 Πῶς
1260 4572 1305 4624 δ’
1344 4571 1441 4640 ούχ
1486 4572 1514 4623 ὁ
1570 4570 1812 4633 ἐναντίος

237 4667 390 4736 λόγος
436 4669 520 4730 είς
560 4666 622 4719 rb
669 4664 1034 4737 εὐλογώτερον
1077 4664 1143 4719 ἂν
1190 4666 1275 4733 είη
1314 4663 1408 4718 καὶ
1446 4664 1813 4735 συνετώτερον

1909 4392 2178 4449 stolorum
2222 4400 2399 4448 cmtus
2452 4394 2507 4448 in
2542 4396 2765 4449 nomine
2819 4395 2940 4464 ejus
2969 4396 3302 4467 baptizabat.
3329 4399 3493 4468 Atqui

1912 4498 2022 4536 non
2070 4492 2155 4538 est
2206 4483 2407 4537 rationi
2450 4495 2910 4550 consentaneum,
2945 4496 3005 4541 ut
3036 4503 3096 4543 re
3122 4490 3321 4544 acerba
3350 4492 3497 4545 miti-

1910 4587 2125 4641 gemus,
2176 4584 2340 4644 atque
2392 4584 2453 4629 ut
2514 4576 2735 4632 vulnere
2808 4579 3134 4634 medicinam
3206 4581 3495 4639 faciamus.

1914 4662 2117 4730 Quidni
2154 4666 2334 4735 potius
2366 4668 2679 4723 contrarius
2701 4670 2884 4724 sermo
2914 4670 3338 4740 probabiliorem
3368 4690 3498 4743 pru-

239 4760 687 4831 προτεινόμενοςς
735 4759 852 4813 Οὐκ
880 4757 1176 4822 ἐϐάπτιζον
1214 4758 1264 4810 οἱ
1313 4756 1601 4811 ἀπόστολοι
1638 4757 1719 4820 είς
1752 4754 1805 4809 τὲ

1914 4756 2330 4827 dentioremque
2368 4760 2692 4814 sententiam
2752 4760 3026 4830 praebeat?
3088 4760 3208 4816 Non
3253 4762 3498 4833 baptiza-

239 4850 405 4920 ὄνομα
454 4848 550 4903 τοῦ
591 4849 866 4921 Χριστοῦ’
912 4848 1122 4920 βαρέως
1159 4848 1267 4919 γὰρ
1314 4847 1364 4900 οί
1421 4845 1815 4917 μυσταγωγοῦ-

1918 4846 2051 4900 bant
2083 4849 2316 4912 apostoli
2367 4850 2420 4903 in
2454 4849 2656 4904 Christi
2706 4850 2928 4906 nomine
2956 4868 2970 4917 ;
3007 4866 3151 4922 aegre
3181 4851 3325 4906 enim
3357 4853 3499 4910 fere-

1543 5072 1782 5130 VARI/E
1816 5072 2220 5135 LEC'I‘IUNES,

318 5232 445 5307 (45⁸)
474 5234 609 5291 Cod.
638 5235 737 5304 τὴν
766 5233 1104 5304 προσθήκην.

1718 5413 1950 5471 ΝΟΤᾸΞ.

326 5571 433 5639 (45)
455 5572 529 5629 De
557 5572 750 5628 notitia
787 5572 909 5627 Filii
935 5571 1076 5639 apud
1110 5570 1367 5626 llebmos
1397 5569 1685 5626 dicendum
1718 5587 1818 5627 no-

1930 5584 2062 5630 tom.
2087 5572 2298 5637 LXVI).
2340 5574 2553 5631 Videsis
2603 5575 2821 5632 interim
2866 5574 3165 5631 Eusebium
3205 5572 3507 5629 Caesarien-

256 5637 606 5721 b5§§ril_cu!n
638 5642 909 5721 ΤΙιθοάρνὶ
942 5637 1311 5721 Μορεξιιρειθηὶ
1343 5639 1817 5721 {Smper-larium
1927 5665 2042 5708 sem
2079 5652 2131 5705 in
2177 5654 2351 5721 Opere
2378 5648 2679 5717 theologica
2711 5645 3237 5712 contraMarcellum,
3273 5661 3311 5711 ι,
3349 5646 3435 5699 19.

259 5710 323 5764 ad
348 5710 662 5769 Zachariam
690 5714 1009 5784 prophetam
1033 5709 1255 5767 edemus
1293 5709 1439 5781 (ride
1470 5709 1814 5784 I’atrologim,
