3888 6186
430 276 532 340 327

1587 274 1851 335 ΡΗΟἹῚΙ
1891 274 2324 334 PA'I'RIARCH
2337 274 2397 333 .‘E
2426 276 2537 335 ΟΡ.

3612 284 3734 346 323

428 395 563 447 bant
632 390 1040 446 initiati-hanc
1105 390 1544 460 appellationem.
1626 389 1819 445 Nonne
1874 390 1993 443 enin

2131 408 2282 459 μενοι
2314 393 2407 444 καὶ
2442 394 2577 461 πρὸς
2610 392 2778 462 αὐτὴν
2798 389 2896 464 τὴν
2920 393 3112 463 κλῆσιν
3142 396 3421 466 ἐφέροντο.
3450 391 3577 468 Ἆρ’
3614 400 3731 450 οὐκ

425 489 611 557 fugam
650 486 835 555 potius
866 485 1121 554 baptismi
1173 487 1500 549 suasissent,
1544 486 1591 541 si
1628 486 1700 539 ita
1738 485 2017 555 baptizare

416 576 812 637 instituissent,
884 575 997 629 ritu
1052 575 1314 630 nimirum
1368 575 2012 645 pratdicationiproprite

422 669 747 724 adversante
767 669 790 722 Ἰ
813 670 881 723 At
898 669 1069 733 enim,
1100 669 1376 738 inquiunt,
1403 669 1759 739 baptizabant
1776 672 2014 740 apostoli

418 775 521 833 pro
553 777 654 817 suo
683 762 857 827 libito,
893 778 1000 817 non
1037 763 1113 816 uti
1150 762 1416 817 docuerat
1446 761 1710 819 Dominus
1744 780 1757 817 τ
1809 779 2016 834 prteva-

424 857 640 925 luitque
674 857 947 911 sententia
978 871 1197 919 eorum,
1232 856 1304 911 ita
1340 865 1399 910 ut
1423 864 1667 927 tempore
1701 867 1750 912 et
1779 873 2011 913 consue-

420 948 611 1003 tudine
631 947 825 1017 dogma
872 947 1110 1017 Magistri
1162 949 1562 1019 antiquaretur.
1608 949 1806 1004 Verum
1835 950 2012 1004 ειιὶιιι-

417 1056 550 1096 vero
602 1042 726 1111 quis
761 1041 981 1095 demum
1037 1049 1188 1095 tanto
1238 1057 1434 1097 rursus
1482 1042 1854 1097 inflammatus
1894 1044 2010 1098 zelo

416 1132 522 1187 fuit
548 1142 806 1202 tantaque
834 1133 883 1187 vi
912 1133 1195 1203 praeditus,
1231 1144 1288 1189 ut
1328 1134 1642 1189 Servatoris
1671 1143 2007 1206 prmecptum

414 1225 676 1279 oblivioni
704 1225 817 1296 jam
866 1226 1130 1282 traditum
1165 1228 1538 1283 instauraret?
1575 1227 1883 1282 Mehercule
1912 1243 2008 1283 ne-

415 1318 616 1374 minem
674 1319 988 1389 hujusmodi
1053 1334 1230 1391 neque
1260 1336 1407 1375 nunc
1460 1319 1733 1390 appellare
1777 1329 2005 1390 queunt,

415 1426 592 1480 neque
620 1426 859 1480 unquam
892 1411 1267 1481 appellabunt.
1300 1410 1434 1478 Quis
1450 1412 1597 1466 enim
1638 1410 1765 1467 huic
1796 1410 2003 1465 homini

414 1503 800 1567 auscultasset,
833 1509 1141 1574 'pnstquam
1178 1505 1521 1559 Dominicum
1552 1503 1869 1559 mandatum
1890 1503 2002 1575 jam

408 1595 611 1650 fuisset
636 1596 939 1650 abolitum?
970 1596 1134 1666 idque
1165 1596 1300 1651 adeo
1333 1611 1441 1650 non
1474 1612 1505 1652 a
1534 1596 1875 1667 vulgaribus,
1906 1595 2001 1651 sed

413 1687 483 1741 ab
542 1686 609 1741 iis
669 1685 762 1756 qui
795 1686 1049 1741 credendi
1085 1686 1137 1740 in
1175 1685 1458 1741 Christum
1506 1686 1753 1757 magistri
1791 1685 2002 1741 caeteris

410 1793 802 1849 praeconesque
832 1778 1067 1833 fuerant.
1095 1777 1254 1846 Quis.
1284 1778 1533 1847 inquam,
1565 1778 1705 1834 alius
1756 1778 1810 1832 in
1842 1794 2002 1834 suum

408 1871 661 1925 ordinem
704 1870 1034 1926 restituisset
1068 1877 1395 1941 pmceptum
1442 1869 1832 1925 Dominicum?
1865 1886 2005 1941 prato

411 1963 601 2017 sertim
643 1978 765 2018 cum
818 1963 909 2017 ille
948 1962 1347 2033 discipulorum
1386 1963 1680 2032 cogitatus,
1724 1962 2006 2017 ntadver-

410 2051 686 2107 sariorum
721 2068 903 2107 sermo
933 2053 1191 2119 aﬂirmat,
1211 2054 1325 2125 jam
1360 2062 1477 2109 toto
1506 2055 1642 2109 orbe
1671 2061 1817 2109 esset
1842 2052 2003 2108 tliﬂ‘u-

408 2160 528 2211 sus,
568 2156 733 2214 atque
781 2146 923 2214 apud
983 2160 1175 2200 omnes
1209 2146 1457 2200 initiatos
1489 2145 1545 2199 in
1577 2161 1732 2201 more
1770 2145 2001 2215 positus.

410 2236 554 2292 Sane
579 2245 874 2307 antequam
912 2237 1002 2292 illa
1049 2240 1196 2293 circa
1245 2238 1578 2308 baptismum
1644 2238 1858 2292 novitas
1886 2237 2007 2291 vnl-

406 2339 530 2400 gata
579 2339 749 2392 esset,
794 2330 1137 2385 Donninicam
1181 2329 1349 2401 legem
1404 2330 1549 2384 haud
1595 2345 1737 2400 aegre
1783 2328 2005 2385 firmare

406 2422 695 2486 licuisset;
749 2437 939 2476 verum
988 2422 1079 2477 illa
1132 2423 1372 2477 novitate
1427 2421 1493 2476 ad
1543 2421 1695 2477 orbis
1730 2430 2000 2476 terrarum

404 2517 672 2571 terminos
698 2525 1014 2587 propagata,
1041 2517 1295 2586 quisnam
1329 2516 1599 2586 potuisset
1623 2516 1999 2570 dominantem

402 2608 515 2679 jam
539 2607 704 2662 ritum
733 2608 1035 2677 expellere:
1058 2608 1208 2661 illum
1232 2614 1437 2673 autem,
1472 2606 1565 2676 qui
1592 2605 1750 2660 initio
1780 2605 1997 2675 quidem

403 2701 642 2757 traditus
668 2699 869 2765 fuerat,
897 2700 993 2756 sed
1020 2699 1218 2755 deinde
1257 2700 1487 2755 omnino
1521 2713 1875 2769 suppressus,
1912 2713 2000 2752 re-

404 2790 635 2847 vocare?
664 2789 801 2845 Nam
827 2790 873 2846 si
915 2797 1135 2861 propter
1161 2790 1473 2845 auditorum
1498 2804 1752 2845 morosos
1783 2789 1999 2846 animos

404 2885 691 2941 Dominico
716 2886 975 2941 mandato
997 2900 1103 2939 non
1128 2895 1211 2941 est
1233 2885 1387 2940 locus
1406 2884 1684 2948 inventus,
1704 2898 1831 2939 cum
1853 2899 1995 2938 non-

401 2976 533 3031 dum
553 2975 658 3030 alia
691 2974 945 3031 initiandi
982 2974 1214 3030 formula
1246 2975 1466 3030 illorum
1489 2990 1651 3030 aures
1673 2975 1997 3045 occupavis-

402 3080 506 3136 set,
540 3085 644 3125 nec
675 3068 948 3124 mentibus
985 3068 1244 3137 inscripta
1266 3068 1460 3123 fuisset
1492 3077 1656 3139 atque
1691 3069 1994 3137 impressa;
2025 3098 2067 3157 ο

400 3178 534 3217 num
550 3161 748 3216 deinde
769 3160 913 3230 apud
935 3160 1049 3230 jam
1074 3160 1318 3215 imbutos
1349 3160 1652 3230 apostolico
1696 3160 1804 3215 ritu
1833 3169 1998 3231 atque

403 3253 671 3317 initiatos,
705 3252 883 3305 aditus
912 3250 1079 3320 priori
1125 3250 1254 3304 ritui
1297 3252 1600 3321 sperandus
1630 3263 1768 3315 erat,
1810 3255 2001 3307 adver-

401 3352 560 3399 sante
587 3344 762 3397 altero
781 3349 945 3410 atque
968 3340 1289 3405 obsistente,
1310 3343 1403 3411 qui
1450 3342 1561 3413 jam
1598 3343 1998 3414 insuperabiles

404 3437 551 3492 vires
576 3434 928 3491 obtinuerat?
950 3434 1021 3491 Ut
1039 3435 1191 3491 vides
1226 3436 1391 3508 igitur
1407 3437 1841 3494 demonstratum
1862 3454 1998 3509 qua-

401 3544 708 3600 quaversus
729 3538 837 3594 est,
862 3529 954 3599 qui
975 3540 1311 3599 spectatores
1330 3527 1489 3583 Verbi
1508 3528 1740 3585 fuissent
1772 3531 1997 3601 verique

396 3620 729 3685 administri,
760 3629 815 3675 et
846 3636 1082 3690 quorum
1113 3622 1235 3675 vita:
1263 3621 1595 3676 curriculum
1626 3637 1691 3677 eo
1721 3622 1992 3690 tendebat,

401 3724 459 3768 nt
492 3716 576 3768 vel
623 3714 739 3782 ipsa
778 3729 909 3768 nece
959 3729 1115 3769 suam
1169 3729 1297 3785 erga
1328 3714 1616 3769 Dominum
1668 3713 1992 3771 charitatem

394 3815 753 3871 testarentur,
777 3807 916 3868 fieri,
934 3806 1180 3876 inquam,
1196 3820 1307 3861 non
1331 3820 1491 3877 posse
1513 3808 1644 3877 quin
1668 3806 1724 3861 hi
1746 3807 1990 3877 ejusdem

396 3897 654 3951 mandata
705 3896 911 3965 integra
951 3904 1115 3965 atque
1163 3895 1422 3951 inviolata
1479 3912 1602 3952 esse
1658 3899 1988 3953 curaverint.

466 3988 555 4043 19.
596 3987 931 4058 Quid-porro
972 3987 1145 4053 dices,
1195 3988 1283 4042 vel
1327 3989 1449 4057 quis
1476 4001 1529 4045 te
1566 3991 1767 4045 horror
1814 3992 1990 4045 corri-

395 4082 514 4152 piet
550 4091 715 4150 atque
747 4087 949 4143 metus,
1003 4094 1127 4134 cum
1160 4079 1507 4135 decretorum
1559 4083 1989 4153 apostolicorum

392 4171 696 4227 districtam
748 4170 1074 4227 sententiam
1137 4171 1366 4227 audies?
1410 4188 1577 4242 qttam
1629 4188 1739 4229 non
1769 4190 1911 4231 unus
1936 4184 1991 4231 et

392 4264 553 4327 alter,
581 4276 759 4332 neque
784 4260 939 4315 multi
972 4260 1277 4332 sigillatim,
1305 4263 1400 4318 sed
1430 4262 1723 4321 universus
1748 4266 1989 4336 discipn,

389 4356 571 4412 lorum
627 4367 804 4413 enatus
849 4357 1091 4428 scripsit,
1164 4355 1451 4415 Dominico
1512 4371 1785 4429 praecepto
1840 4360 1986 4416 haud

2123 481 2203 543 εἰς
2238 481 2555 552 ἀποτροπὴν
2607 481 2808 551 μᾶλλον
2862 483 3072 553 ὲπῆγον
3098 484 3192 538 τοῦ
3225 486 3634 557 βαπτίσματος.
3668 491 3729 541 εί

2120 570 2264 625 οὓτω
2302 570 2587 641 βαπτίζειν
2654 572 2975 643 ἐπεχείρουν
3020 575 3111 627 καὶ
3152 575 3292 645 πρὸς
3334 577 3655 631 τούναντίον
3686 578 3726 647 ἢ

2123 663 2423 734 ἐκήρυττον
2451 680 2466 730 ;
2513 663 2653 717 Ἀλλ’
2680 665 2975 730 ἐϐάπτιζον
3008 667 3084 729 ὡς
3114 667 3423 732 ἐϐούλοντο,
3464 669 3581 722 ἀλλ’
3613 670 3726 738 οὐχ
3792 722 3795 723 ,

2118 754 2193 818 ὡς
2227 756 2255 808 6
2279 754 2558 826 Δεσπότης
2590 756 2869 822 ἐδιῗάξατο
2894 774 2907 786 ·
2940 757 3035 811 καὶ
3058 758 3259 827 κράτος
3280 759 3475 813 ἔλαϐεν
3500 761 3534 830 ὴ
3566 760 3726 829 γνὼ-

2119 863 2217 916 μη,
2249 847 2343 899 καὶ
2378 846 2488 900 ἔθει
2536 847 2630 901 καὶ
2676 848 2855 920 χρόνῳ
2882 850 2945 903 τὸ
2999 849 3094 903 τοῦ
3137 850 3476 905 Διδασκάλου
3532 853 3723 922 δόγμα

2116 940 2599 1012 παραγράφεσθαι.
2625 943 2721 1005 Τίς
2754 937 2849 996 οῦν
2893 943 3053 997 πάλιν
3094 944 3128 1015 ἢ
3164 944 3330 998 πόθεν
3371 945 3581 1016 ἐπέστη
3612 947 3722 1017 ζῆ-

2113 1032 2203 1087 λον
2231 1035 2325 1087 καὶ⁵
2350 1032 2565 1107 ῥώμην,
2590 1034 2650 1099 ὃς
2674 1035 2943 1106 τοσαύτην
2962 1035 3120 1107 ἔσχεν
3144 1038 3436 1092 ἀναλαϐεῖν
3458 1040 3527 1092 δι’
3557 1032 3635 1092 ὢν
3651 1039 3720 1093 τὸ

2112 1126 2483 1198 παράγγελμα
2500 1126 2593 1180 τοῦ
2613 1127 2867 1200 Σωτῆρος
2890 1128 3032 1202 λήθῃ
3050 1130 3338 1201 δεδομένον
3356 1131 3682 1185 ἀνεσώσατο
3698 1149 3715 1197 ;

2125 1219 2267 1273 Ἀλλ’
2293 1221 2471 1274 εἰπεῖν
2498 1220 2598 1275 οὐκ
2618 1220 2834 1292 ἔχουσιν
2854 1222 2968 1275 οὐδ’
3010 1223 3075 1276 ἂν
3098 1223 3317 1277 εἴπωσι.
3347 1225 3444 1289 Τίς
3476 1224 3589 1295 γάρ
3621 1227 3717 1277 αὐ-

2107 1311 2183 1382 τῷ
2201 1312 2293 1365 καὶ
2311 1313 2576 1384 προσέσχε
2594 1313 2694 1383 τῆς
2711 1314 3049 1385 Δεσποτικῆς
3068 1315 3167 1384 μὲν
3196 1315 3297 1387 ἤδη
3330 1316 3713 1388 παρεωραμέ-

2107 1422 2202 1475 νης
2242 1405 2492 1476 ὲντολῆς;
2528 1406 2620 1459 καὶ
2650 1406 2771 1459 τότε
2802 1406 2901 1478 οὐχ
2928 1406 3032 1459 ὐπὸ
3050 1407 3159 1459 τῶν
3181 1408 3479 1479 τυχόντων,
3508 1407 3629 1461 ἀλλ’
3655 1409 3712 1461 οἶ

2105 1494 2212 1546 τῶν
2232 1494 2409 1549 ἄλλων
2437 1491 2577 1566 ἦσαν
2606 1494 2706 1566 τῆς
2723 1496 2803 1557 είς
2821 1495 3057 1566 Χριστὸν
3074 1494 3312 1559 πίστεως
3333 1496 3581 1567 κήρυκες
3603 1496 3703 1547 καὶ

2104 1585 2432 1643 διδάσκαλοι.
2464 1587 2560 1652 Τίς
2594 1584 2687 1643 οῦν
2715 1588 2905 1658 ἕτερος
2959 1590 3039 1653 είς
3065 1590 3166 1660 τὴν
3195 1589 3408 1642 οἰκείαν
3440 1588 3601 1652 τάξιν
3631 1589 3697 1641 τὸ

2105 1678 2433 1732 Δεσποτικὸν
2459 1681 2777 1750 ἐπανήγαγε
2802 1681 3170 1751 πρόσταγμα;
3204 1680 3299 1735 καὶ
3324 1681 3570 1751 μάλιστα
3598 1680 3701 1749 τῆς

2106 1772 2214 1824 τῶν
2238 1772 2500 1845 μαθητῶν
2518 1774 2784 1839 ἐπινοίας,
2807 1775 2882 1837 ὡς
2899 1775 2928 1825 6
2948 1773 3363 1844 διαφιλονεικῶν
3382 1774 3543 1841 λόγος
3571 1772 3703 1843 βού-

2107 1865 2283 1931 λεται,
2314 1868 2393 1929 είς
2415 1866 2515 1937 τὴν
2536 1866 2866 1937 οίκουμένην
2883 1866 3293 1938 ὲξαπλωθείσης
3316 1868 3414 1939 ήδη
3448 1868 3547 1919 καὶ
3574 1884 3707 1919 συνο

2106 1958 2268 2030 ήθους
2298 1958 2470 2011 ἅπασι
2516 1960 2629 2022 τοῖς
2667 1958 3223 2030 μυσταγωγουμένοις
3260 1957 3700 2027 καθισταμένης.

2107 2051 2215 2106 Καί
2246 2069 2327 2106 τοι
2354 2052 2429 2122 μή
2472 2069 2560 2104 πω
2589 2052 2688 2122 μὲν
2716 2050 3121 2121 πλατυνθείσης
3153 2051 3255 2121 τῆς
3282 2050 3411 2121 περὶ
3441 2050 3538 2102 τοῦ
3595 2048 3701 2119 βα-

2106 2146 2413 2216 πτίσματος
2440 2144 2813 2215 καινοτομίας,
2838 2144 2937 2197 οὐκ
2961 2138 3029 2215 ἦν
3052 2143 3288 2214 ἐργῶδες
3320 2143 3491 2206 οὐτως
3506 2143 3571 2196 τὸ
3595 2146 3700 2195 Δε-

2107 2236 2361 2290 σποτικὸν
2415 2236 2780 2308 κρατύνεσθαι
2848 2236 3223 2307 νομοθέτημα.
3260 2234 3479 2304 Ταύτης
3519 2235 3582 2288 δὲ
3630 2232 3706 2286 τὰ

2105 2330 2321 2401 πέρατα
2343 2330 2444 2401 τῆς
2476 2330 2803 2401 οἰκουμένης
2854 2327 3294 2400 καταλαϐούσης,
3345 2328 3427 2390 τίς
3488 2328 3554 2381 ἂν
3609 2328 3701 2397 εἴη

2103 2426 2130 2478 6
2162 2422 2261 2494 τὴν
2310 2420 2690 2493 κατασχοῦσαν
2740 2424 2839 2491 μὲν
2889 2422 3285 2493 μυσταγωγίαν
3333 2419 3584 2474 ἐκϐαλεῖν
3610 2436 3703 2487 γεο

2103 2515 2403 2586 γενημένος
2448 2514 2673 2577 δυνατός
2698 2531 2713 2581 ;
2742 2513 2838 2585 τὴν
2874 2514 2921 2568 δ’
2950 2513 3011 2579 ὲξ
3049 2515 3228 2584 ἀρχῆς
3270 2513 3515 2566 δοθεῖσαν
3564 2512 3701 2582 μὲν,

2105 2606 2476 2677 σεσιγημένην
2526 2606 2584 2659 δὲ
2637 2606 2938 2671 παντελῶς,
2975 2604 3454 2671 άνακαλέσασθαις
3482 2604 3541 2657 Ei
3579 2603 3702 2675 γὰρ

2102 2704 2201 2772 οὐχ
2230 2693 2357 2770 εὗρε
2382 2697 2564 2769 χώραν
2588 2697 2678 2751 διὰ
2708 2699 2770 2752 τὸ
2793 2698 3234 2769 δυσπαράδεκτον
3259 2696 3368 2751 τῶν
3398 2696 3699 2768 ἀκροατῶν

2102 2792 2136 2862 ὴ
2163 2792 2426 2863 σωτήριος
2459 2790 2668 2863 ἐντολὴ,
2715 2790 2879 2845 ὁπότε
2944 2790 3185 2862 μηδεμία
3234 2808 3319 2853 τις
3349 2788 3512 2859 ἑτέρα
3541 2788 3702 2860 μύη-

2104 2901 2189 2949 σις
2236 2882 2610 2955 προκατέλαϐε
2646 2883 2745 2947 τὰς
2788 2884 2958 2947 ἀκοὰς
2998 2882 3203 2945 αὐτῶν,
3242 2882 3378 2952 μηδὲ
3412 2884 3528 2943 ταῖς
3588 2882 3703 2949 eo-

2102 2978 2223 3047 χαῖς
2254 2976 2526 3048 ἐνεγράφη
2544 2976 2639 3030 καὶ
2658 2974 2996 3046 ὲνετυπώθη,
3024 2976 3247 3029 ἐπειδάν
3274 2973 3703 3046 κατεσχέθησαν

2102 3070 2195 3123 καὶ
2218 3067 2578 3139 ὲτελέσθησαν
2601 3071 2668 3140 τῇ
2710 3070 2817 3123 τῶν
2864 3069 3179 3123 ἀποστόλων
3222 3067 3436 3138 τελετῇ,
3470 3067 3590 3130 πῶς
3626 3068 3701 3122 ἂν

2106 3160 2255 3232 εὖροι
2282 3159 2656 3230 παρείσδυσιν,
2699 3161 3134 3231 ἀντιπιπτούσης
3183 3160 3321 3231 αὐτῇ
3357 3159 3454 3213 καὶ
3491 3162 3700 3213 ἀνταν-

2106 3254 2399 3323 ισταμένης
2420 3253 2519 3323 τῆς
2543 3253 2643 3324 ἤδη
2671 3253 2731 3306 τὸ
2762 3254 2961 3325 κράτος
2981 3255 3194 3326 ἄμαχον
3225 3256 3487 3328 ὲχούσηςς
3521 3256 3698 3326 Ὁρᾷς

2098 3344 2174 3409 ὡς
2205 3344 2465 3398 ἀδύνατον
2495 3345 2835 3416 πανταχόθεν
2852 3346 3223 3401 ἐπιδείκνυται
3243 3349 3372 3413 τοὺς
3406 3348 3698 3411 αὐτόπτας

2098 3435 2193 3490 τοῦ
2243 3436 2404 3505 λόγου
2454 3437 2551 3491 καὶ¹
2598 3436 2674 3501 ὡς
2707 3436 2923 3507 άληθῶς
2974 3438 3278 3509 ὑπηρέτας,
3304 3436 3379 3493 ῶν
3411 3443 3439 3493 6
3467 3438 3578 3509 βίος
3617 3435 3694 3510 ἦν

2100 3530 2192 3583 καὶ
2223 3531 2251 3582 6
2280 3529 2478 3601 δρόμος
2518 3529 2733 3599 θανάτῳ
2765 3528 2828 3582 τὸ
2850 3530 3183 3583 Δεσποτικὸν
3235 3530 3530 3601 βεϐαιῶσαι
3560 3531 3696 3599 φίλε

2095 3639 2245 3693 τρον,
2273 3623 2367 3675 καὶ
2395 3621 2502 3675 τῶν
2543 3620 2710 3675 αὐτοῦ
2751 3621 3144 3692 θεσπισμάτων
3180 3624 3305 3695 (μὴ)
3339 3624 3691 3695 συπηρῆσαι

2096 3717 2156 3770 τὸ
2180 3714 2532 3786 ἁπαράϐατόν
2560 3731 2620 3767 τε
2654 3713 2749 3768 καὶ
2774 3715 3199 3788 ἀπερίτρεπτον.

2162 4011 2250 4067 ιθ’.
2288 4012 2354 4065 Τί
2381 4013 2429 4066 δ’
2451 4012 2516 4066 ἂν
2550 4013 2728 4075 εἴποις
2752 4030 2767 4077 ;
2792 4012 2877 4078 τίς
2897 4014 2942 4067 δ’
2967 4014 3033 4068 ἄν
3083 4031 3145 4067 σε
3191 4024 3267 4087 μη
3310 4017 3475 4089 λάϐῃ»
3502 4020 3683 4093 φρίκη

2093 4106 2185 4157 καὶ
2209 4104 2330 4168 δέος
2358 4105 2579 4159 ἐπειδὰν
2606 4107 2718 4160 τῶν
2744 4106 3119 4161 ἀποστολικῶν
3151 4107 3374 4178 θεσμῶν
3399 4110 3499 4175 τὰς
3517 4114 3683 4167 ἀπει-

2091 4192 2361 4264 λουμένας
2414 4194 2630 4265 ψήφους
2670 4196 2943 4268 ἀκούσῃς;
2974 4197 3041 4262 ἃς
3082 4198 3180 4269 οὐχ
3230 4196 3311 4264 εἷς
3359 4201 3521 4271 μόνον
3554 4204 3681 4258 οὐδὲ

2090 4286 2362 4358 δεύτερος,
2388 4286 2512 4341 οὐδὲ
2542 4287 2667 4342 καθ’
2693 4288 2790 4342 ἕνα
2842 4289 3080 4355 πλείους,
3122 4291 3347 4359 σύμπας
3379 4293 3427 4345 δ’
3453 4294 3485 4345 6
3512 4296 3680 4365 χορὸς

2089 4376 2199 4429 τῶν
2234 4378 2490 4449 μαθητῶν
2528 4378 2626 4449 τὴν
2672 4382 3007 4451 Δεσποτικὴν
3053 4382 3274 4453 ἐντολὴν
3318 4384 3581 4454 βεϐαιῶν,
3607 4388 3677 4442 οὐ

389 4450 749 4521 antiquando,
804 4448 953 4520 quod
984 4448 1149 4514 absit,
1193 4450 1288 4506 sed
1336 4451 1668 4507 stabilienda
1712 4452 1981 4509 intentus.

2100 4468 2251 4534 κύων,
2283 4448 2487 4538 ἄπαγε,
2518 4469 2862 4540 ἀπεφήνατο.
2890 4448 2999 4527 Kal
3027 4472 3132 4527 ποῦ
3164 4448 3355 4530 λαϐεῖν
3390 4477 3540 4531 ἔστιν
3566 4448 3675 4533 ἀὐ-

388 4542 625 4599 Ubinam
662 4555 843 4597 autem
886 4552 996 4598 tam
1020 4544 1307 4599 horrendae
1335 4544 1497 4599 mina:
1540 4546 1713 4600 sunt?
1739 4546 1980 4616 Aposto-

387 4634 570 4689 lorum
602 4634 813 4689 scilicet
838 4635 1122 4690 audienda:
1148 4644 1277 4692 sunt
1308 4637 1514 4692 caalesti
1559 4635 1824 4708 suffragio
1861 4638 1983 4694 latae

386 4725 553 4795 leges,
600 4740 725 4794 qua:
781 4725 1090 4779 clarissima
1140 4740 1273 4780 voce
1319 4726 1598 4781 clamant:
1663 4745 1682 4778 ι
1736 4725 1793 4781 Si
1854 4727 1979 4798 quis

385 4818 679 4886 episcopus
735 4826 829 4871 aut
883 4816 1165 4887 presbyter
1196 4817 1367 4886 (andi,
1405 4818 1609 4879 homo;
1664 4834 1978 4890 quanquam

382 4908 655 4977 singulari
710 4908 1016 4963 attentione
1065 4923 1176 4963 non
1229 4918 1315 4963 est
1339 4923 1499 4978 opus,
1543 4910 1802 4980 quoniam
1840 4910 1979 4965 nihil

385 5000 535 5055 aliud
570 5015 735 5070 quam
791 5001 1130 5057 Dominicum
1179 5001 1529 5057 traditionem
1554 5003 1759 5059 sanciri
1799 5003 1978 5060 abhis

384 5090 588 5161 patet);
668 5091 715 5146 si
768 5092 893 5161 quis
950 5102 1139 5148 contra
1202 5093 1413 5148 Domini
1475 5095 1819 5162 mandatum,
1866 5111 1975 5149 non

382 5181 738 5250 baptizaverit
774 5183 828 5237 iu
862 5181 1023 5239 Patre
1050 5193 1103 5239 et
1138 5183 1278 5239 Filio
1300 5198 1354 5239 et
1386 5183 1595 5255 Spiritu
1630 5197 1847 5254 sancto,
1881 5188 1977 5244 de-

382 5282 636 5340 ponatur.
674 5290 693 5323 ι
754 5270 943 5343 Neque
998 5273 1263 5329 hactenus
1294 5290 1515 5345 poenam
1546 5284 1795 5331 statuunt
1828 5297 1841 5332 :
1873 5282 1967 5335 sed

2085 4559 2195 4613 τῶν
2236 4561 2297 4614 τὸ
2350 4561 2578 4633 φρικτὸν
2629 4563 2731 4635 τῆς
2782 4566 2961 4635 άρᾶς;
2994 4568 3188 4621 Αὐτῶν
3232 4570 3412 4640 χρεὼν
3446 4572 3675 4628 ἀκούειν

2082 4652 2192 4706 τῶν
2223 4652 2462 4724 οὐρανίῳ
2491 4654 2658 4726 ψήφῳ
2693 4659 3093 4728 κεκυρωμένων
3130 4662 3329 4728 φωνῶν
3364 4662 3479 4733 (46)
3504 4681 3520 4695 ·
3553 4665 3672 4718 δια-

2082 4741 2313 4812 πρύσιον
2374 4736 2534 4799 αὗται
2586 4746 2810 4816 βοῶσιν·
2836 4768 2856 4800 ι
2886 4748 2956 4802 Ei
2985 4767 3071 4814 τις
3125 4752 3426 4823 ἐπίσκοπος
3467 4756 3500 4826 ἢ
3540 4773 3669 4827 πρεο

2084 4834 2348 4906 σϐύτερος
2379 4836 2719 4909 (ἐπίστησον,
2762 4838 3039 4909 ἄνθρωπε,
3077 4842 3279 4913 μᾶλλον
3312 4845 3370 4897 δὲ
3394 4846 3517 4899 οὐδὲ
3550 4848 3671 4900 imo

2084 4927 2331 4991 στάσεως
2371 4928 2606 4983 ἐνταῦθα
2638 4929 2720 4982 δεῖ
2744 4946 2756 4958 °
2783 4934 3103 5003 περιφανῶς
3151 4934 3261 5006 γὰρ
3288 4937 3323 5007 ἡ
3354 4940 3664 5011 Δεσποτικὴ

2077 5016 2341 5088 κυροῦται
2368 5018 2714 5089 παράδοσις),
2741 5020 2796 5072 εῐ
2810 5039 2893 5085 τις
2917 5019 3012 5077 οὖν
3034 5024 3175 5078 κατὰ
3206 5030 3307 5097 τὴν
3334 5026 3429 5081 τοῦ
3456 5030 3661 5100 Κυρίου

2074 5108 2317 5177 διάταξιν
2352 5111 2425 5182 μὴ
2451 5111 2705 5180 βαπτίσοι
2740 5114 2820 5174 εἰς
2859 5116 3079 5186 Πατέρα
3099 5120 3195 5171 καὶ
3220 5120 3350 5173 Υἱὸν
3377 5124 3475 5175 καὶ
3501 5124 3659 5189 ἅγιον

2077 5201 2323 5273 Πνεῦμα,
2366 5203 2761 5275 καθαιρείσθω.
2794 5226 2813 5259 ι
2855 5209 2964 5263 Καὶ
2998 5210 3117 5264 οὐδὲ
3150 5214 3315 5284 μέχρι
3339 5214 3533 5268 τούτου
3566 5219 3661 5287 τὴν

2074 5294 2376 5365 καταδίκην
2428 5296 2685 5351 ίστῶσιν·
2726 5298 2863 5355 ἀλλά
2912 5302 3009 5355 καὶ
3048 5305 3144 5356 ἐὰν
3168 5304 3451 5375 ὀνομάτων
3476 5324 3657 5379 παρα-

295 5390 298 5393 η
379 5363 425 5416 si
452 5364 616 5419 etiam
651 5366 876 5421 nomina
903 5367 1222 5423 nominibus
1253 5377 1595 5424 commutare
1624 5368 1965 5439 baptizantes

2102 5385 2255 5438 αϐεἰν
2290 5363 2338 5439 οί
2362 5386 2713 5457 βαπτίζοντες
2740 5393 3162 5469 ἐπιχειρήσωσι,
3192 5363 3365 5470 μηδὲν
3399 5401 3539 5466 ὅλως
3558 5363 3658 5455 ,τὸν

1887 5493 2118 5556 NOTAE.

404 5598 562 5682 “(‘9’
598 5600 741 5682 Tum
794 5600 1045 5682 canones
1088 5603 1249 5677 vulgo
1294 5610 1622 5678 apostolicos
1670 5623 1781 5667 tum
1812 5614 1955 5671 Con-

380 5673 667 5757 titutioncs
706 5673 847 5755 .(etsi
906 5673 1529 5757 scripttttn'_utruntque
1565 5694 1941 5752 pervetustnm

378 5750 473 5811 att)
500 5750 720 5799 mentiri
770 5760 967 5801 nomen
1010 5750 1405 5817 apostolorum,
1442 5750 1625 5809 nemo
1648 5754 1760 5824 jam
1786 5757 1945 5813 dubi-

2063 5626 2170 5704 tat;
2206 5617 2389 5687 Quare
2420 5622 2601 5680 Photii
2624 5640 3035 5704 _argnmcntum
3088 5632 3216 5691 hinc
3256 5634 3513 5704 petitum,
3544 5634 3649 5688 etsi

2060 5690 2267 5814 gallum
2302 5709 2411 5749 non
2451 5704 2555 5763 est,
2585 5690 2745 5755 vires'
2777 5710 2956 5758 tamen
3015 5690 3345 5771 apostOlicas
3389 5690 3512 5762 non.
3550 5705 3651 5759 ha-
