3888 6186
164 310 269 372 3.20

1094 310 1195 369 AD
1238 309 1837 370 AMPHILOCHIUM
1874 308 2225 381 QUXESTIO
2262 310 2484 370 XLIII.

3338 311 3455 372 330-

162 419 391 493 ἀριθμὸν
423 420 521 491 τῆς
553 418 783 490 Τριάδος
824 418 1278 490 ύποτεμνόμενοι,
1325 422 1435 474 οὐδ’
1457 420 1632 485 οὕτως
1661 422 1743 474 εύ-

1870 421 1965 475 ιυεί
2000 420 2221 484 fuerint,
2272 422 2399 475 licet
2428 418 2718 474 Trinitatis
2770 435 3068 476 numerum
3126 436 3234 477 non
3262 424 3445 482 innui-

165 514 445 585 ρίσκουσιν
468 512 760 582 ἀποφυγὴν
786 510 880 564 τοῦ
923 511 998 582 μὴ
1036 512 1157 582 οὐχ)⁸
1179 512 1279 583 τὴν
1306 514 1430 584 ί¹σην
1460 513 1646 568 δοῦναι
1672 512 1749 567 δί-

164 624 267 676 κην
287 624 303 639 ο
326 608 480 661 οὐδὲν
503 606 610 678 γάρ
635 601 798 677 ἦττον
848 605 957 657 οὐδ’
985 599 1131 671 οὗτοι
1162 607 1222 660 τὸ
1250 609 1580 662 Δεσποτικὸν
1611 626 1749 679 προ-

1851 512 2091 577 nuerint,
2123 513 2488 568 nihilominus
2526 512 2661 586 quin
2690 527 2877 582 parem
2928 528 3147 583 poenam
3191 514 3444 586 subeant,

1851 607 1967 661 lieri
1997 622 2107 662 non
2135 615 2346 678 potest;
2372 622 2527 677 aeque
2578 607 2725 663 enim
2772 606 3059 664 Dominico
3092 609 3334 679 dogmati
3364 613 3448 667 iu-

165 698 530 769 πηλακίςουσι
556 699 756 767 δόγμα.
790 698 914 751 Οὐδ’
939 699 1006 752 ἂν
1039 699 1137 765 τάς
1166 699 1265 771 μὲν
1292 701 1513 772 κλήσεις
1538 701 1747 771 φυλάτ-

1876 699 1977 752 uri-i
2002 707 2152 753 sunt.
2184 697 2251 752 Et
2279 698 2323 752 si
2363 697 2503 753 forte
2545 697 2947 768 appellationes
2988 700 3289 754 secundum
3338 709 3452 757 tra-

164 810 327 846 τωσιν
355 792 430 856 ὡς
461 793 792 864 παρέλαϐον,
822 793 884 847 τὸ
919 793 1106 863 σχῆμα
1131 792 1189 845 δὲ
1222 794 1321 865 τῆς
1364 796 1421 846 ὲν
1446 792 1523 863 τῷ
1553 793 1752 863 βαπτίο

168 902 332 954 σματι
361 884 711 949 καταδύσεως
757 885 833 957 μὴ
871 886 1267 949 συνδυάσωσιν,
1304 885 1440 940 ἀλλά
1490 886 1579 939 διὰ
1619 888 1752 957 μιᾶς

166 976 286 1030 ἀντὶ
309 975 418 1028 τῶν
448 974 617 1048 τριῶν
638 977 728 1030 τὸν
768 976 1170 1049 βαπτιζόμενον
1224 976 1577 1041 τελειώσωσι,
1615 979 1754 1049 μᾶλ-

168 1069 257 1123 λον
284 1070 340 1123 δὲ
385 1071 563 1123 εἰπεῖν
621 1070 952 1140 οίκειότερον
1000 1070 1412 1135 συντελέσωσιν,
1456 1072 1564 1125 οὐδ’
1602 1071 1667 1125 ἂν
1687 1072 1756 1127 τὰ

171 1163 268 1234 μὲν
301 1162 437 1218 ἀλλα
461 1164 561 1226 τῆς
582 1163 805 1234 ἐντολῆς
840 1162 1223 1228 ἐκτελέσωσιν,
1260 1167 1340 1227 είς
1385 1163 1443 1216 δὲ
1475 1164 1568 1217 τὸν
1592 1165 1755 1219 θάνα-

168 1271 258 1308 τον
285 1253 384 1308 τοῦ
412 1254 618 1325 Κυρίου
644 1254 984 1325 βαπτίσωσιν
1003 1294 1019 1319 ,
1049 1253 1110 1306 ού
1147 1254 1245 1324 μὲν
1291 1253 1385 1308 οὖν
1430 1254 1533 1324 τῆς
1578 1256 1757 1319 αἰτίας

169 1347 266 1399 ούκ
294 1343 645 1400 ἀπολύονται.
681 1344 772 1416 Τῷ
818 1345 863 1398 δ’
915 1345 1066 1416 αύτῷ
1092 1345 1484 1416 περιπίπτουσι
1517 1348 1611 1401 καὶ
1635 1349 1757 1419 κρί⁴

174 1454 303 1508 ματι
359 1436 455 1491 καὶ
511 1437 825 1508 ἐγκλήματι
847 1454 861 1468 ·
892 1440 926 1509 ἡ
960 1440 1069 1511 γὰρ
1108 1441 1165 1493 ἐν
1194 1442 1308 1504 τοῖς
1343 1440 1550 1511 ὁμοίοις
1578 1443 1758 1513 παρά-

170 1534 327 1596 δασις
358 1532 459 1602 τὴν
492 1530 685 1602 ὁμοίαν
727 1533 1000 1605 τιμωρίαν
1053 1532 1467 1604 εἰσπράττεται.
1500 1534 1610 1587 Kal.
1648 1537 1760 1607 γὰρ

1851 789 2111 845 ditionem
2170 790 2464 854 retineant,
2523 788 2793 843 rationem
2841 799 3022 843 tamen
3068 787 3125 843 in
3174 789 3451 860 baptismo

1852 882 2151 953 legitimam
2211 896 2320 937 non
2372 880 2537 936 simul
2592 890 2882 950 usurpent,
2936 896 3125 935 verum
3161 882 3321 937 unica
3353 896 3451 953 pro

1855 978 2028 1033 tribus
2086 974 2439 1030 immersione
2492 972 2879 1041 baptizandum
2937 972 3177 1039 initient,
3233 986 3329 1026 seu
3396 982 3453 1027 ut

1854 1066 2036 1136 aptius
2065 1066 2262 1136 loquar
2292 1065 2576 1135 perﬁciant
2609 1081 2623 1130 ;
2678 1063 2806 1117 item
2836 1062 2881 1119 si
2912 1064 3156 1133 reliquas
3196 1063 3456 1133 praecepti

1854 1166 2039 1227 partes
2068 1166 2280 1220 curent,
2341 1155 2393 1210 in
2439 1154 2647 1210 Christi
2681 1162 2863 1210 autem
2924 1164 3099 1209 morte
3150 1154 3453 1224 baptizent,

1856 1252 2088 1308 crimine
2149 1268 2257 1307 non
2310 1253 2625 1319 vacabunt;
2682 1253 2795 1306 imo
2861 1253 3005 1307 haud
3053 1253 3252 1306 minori
3296 1253 3455 1323 culpa

1858 1359 2112 1414 noxaque
2145 1353 2321 1399 semet
2352 1346 2622 1400 irretient.
2680 1344 2815 1399 Nam
2868 1360 3024 1415 reque
3061 1344 3128 1399 ad
3162 1346 3467 1400 venerandi.

1859 1440 2099 1494 mandati
2130 1441 2484 1495 violatiouem
2527 1440 2859 1495 incumbunt
2902 1449 3016 1494 tum
3056 1439 3147 1509 qui
3191 1439 3300 1493 alio
3350 1438 3459 1493 ritu

1858 1534 2106 1603 quolibet
2136 1542 2337 1604 praeter
2362 1534 2671 1603 legitimum
2710 1532 3027 1602 baptizant,
3064 1540 3178 1585 tum
3211 1530 3304 1600 qui
3335 1545 3461 1584 cum

170 1625 365 1695 ἐπίσης
422 1624 561 1695 πρὸς
614 1624 715 1691 τὴν
771 1624 1032 1696 ἀθέτησιν
1073 1624 1431 1680 ἀποκλίνουσι
1461 1626 1564 1698 τῆς
1600 1628 1763 1682 σεϐα-

1870 1629 2069 1686 Christi
2100 1642 2195 1688 aut
2227 1632 2423 1688 mortis
2451 1632 2700 1703 ejusdem
2737 1632 3107 1703 appellatione
3121 1632 3459 1699 baptismum

173 1721 330 1789 σμίου
386 1718 607 1788 ἐντολῆς
669 1718 765 1772 καὶ
803 1720 920 1772 ὅσοι
976 1716 1101 1772 καθ’
1149 1718 1339 1789 ἔτερόν
1385 1735 1511 1774 τινα
1556 1721 1761 1791 τρόπον

1867 1724 2189 1780 conﬁciunt.

174 1810 460 1880 βαπτίζειν
486 1810 797 1882 ἐτόλμησαν
823 1851 837 1876 ,
871 1810 968 1865 καὶ
1005 1811 1152 1876 ὅσοις
1178 1811 1325 1878 ἔδοξε
1359 1813 1427 1884 τῇ
1467 1813 1758 1883 ἐπικλήσει
1797 1816 1891 1870 τοῦ
1950 1818 2211 1887 Χριστοῦ,
2246 1820 2279 1890 ἢ
2349 1820 2444 1873 τοῦ
2506 1814 2741 1873 θανάτού
2793 1820 2985 1885 αὐτοῦ,
3054 1815 3461 1887 ῑερουργεϊσθαι

172 1910 231 1962 τὸ
258 1909 569 1979 βάπτισμα.

244 2011 312 2059 κ’.
360 2002 634 2065 Ἀκούεις,
670 1994 715 2055 ὧ
745 2002 962 2069 Παῦλε;
1005 2001 1148 2055 Ἀλλ’
1196 2004 1434 2075 ἀνάσχου
1484 2005 1579 2060 καὶ
1624 2006 1762 2077 μετά

1940 2004 2031 2058 20.
2074 2003 2297 2069 Audin‘,
2337 2004 2546 2059 Paule?
2574 2001 2747 2074 Igitur
2774 2011 2826 2058 te
2867 2017 3123 2072 compara
3153 2012 3275 2072 post
3308 2018 3467 2058 coro-

178 2096 642 2167 atscpavoucﬁrpbc
676 2095 895 2163 ἀγῶνας
928 2094 1260 2149 ἀποδύεσθαι
1289 2111 1305 2129 ο
1336 2096 1503 2151 πάλιν
1538 2098 1761 2169 πορθεῖς

1870 2114 1963 2154 nas
2021 2098 2088 2154 ad
2151 2098 2465 2154 subeundos
2528 2098 2803 2168 fagones:
2895 2112 3093 2151 rursus
3154 2094 3461 2151 Ecclesiam

175 2192 271 2261 τὴν
314 2190 667 2259 Ἐκκλησίαν,
702 2188 864 2242 πάλιν
896 2189 1187 2255 ἐπιστολὰς
1209 2190 1359 2261 παρά
1381 2191 1491 2245 τῶν
1533 2192 1761 2245 Ἰουδαῖ-

1870 2201 2079 2256 vastas,
2141 2206 2338 2246 rursus
2394 2190 2655 2260 epistolas
2710 2205 2740 2245 a
2784 2188 3033 2244 Judaieis
3103 2189 3464 2259 pontiﬁcibus

178 2281 284 2336 κῶν
331 2279 639 2351 ἀρχιερέων
678 2279 999 2350 λαμϐάνεις,
1047 2282 1185 2351 μετά
1218 2281 1275 2335 δὲ
1313 2281 1403 2334 τὸν
1442 2281 1655 2346 Παῦλον
1682 2285 1763 2347 είς

1870 2284 2038 2341 refers
2075 2303 2089 2339 :
2145 2300 2269 2340 cum
2297 2284 2411 2355 jam
2438 2282 2644 2339 Paulus
2675 2282 2867 2343 fueris.
2904 2284 3102 2337 iterum
3150 2282 3203 2335 in
3235 2280 3465 2335 Saulunt

178 2374 376 2429 Σαῦλον
404 2375 650 2445 ἐξέστης.
686 2375 799 2428 Καὶ
830 2375 949 2439 πῶς
988 2375 1160 2429 ταῦτα
1205 2375 1446 2460 διδάξας,
1480 2379 1644 2432 πάλιν
1675 2378 1763 2431 λέ-

177 2484 291 2537 γεις
319 2468 404 2531 είς
428 2468 520 2519 τὸν
546 2467 782 2521 θάνατον
815 2466 909 2520 τοῦ
959 2467 1200 2540 Χριστοῦ
1248 2470 1459 2533 πάντας
1507 2470 1765 2540 βαπτίζε-

1867 2378 2083 2434 reeidis.
2129 2376 2263 2432 Nam
2292 2393 2390 2433 cur
2418 2376 2511 2448 qui
2554 2375 2681 2431 talia
2734 2376 3012 2441 docueris,
3074 2390 3219 2430 nunc
3272 2390 3467 2430 omnes

1859 2472 2022 2542 jubes
2076 2473 2129 2526 in
2184 2472 2385 2527 Christi
2438 2481 2613 2525 morte
2670 2470 2987 2540 baptizari?
3049 2468 3114 2523 Et
3143 2469 3306 2524 modo
3337 2485 3466 2524 cum

180 2560 331 2625 σθαι;
369 2559 480 2612 Καὶ
505 2557 602 2613 νῦν
633 2558 733 2629 μὲν
765 2559 905 2630 μετὰ
931 2559 1039 2613 τῶν
1072 2562 1485 2615 συναποστόλων
1521 2564 1614 2616 καὶ
1644 2581 1765 2617 ουν-

1870 2565 2131 2635 apostolis
2172 2565 2531 2633 laborumque
2559 2564 2729 2618 sociis
2777 2578 2969 2633 poenas
2999 2562 3067 2616 ab
3100 2562 3168 2617 iis
3198 2563 3469 2632 reposcis,

178 2652 497 2723 αγωνιστῶν
529 2653 724 2716 ποινὰς
758 2652 887 2715 τοὺς
917 2652 1040 2705 καθ’
1065 2652 1124 2707 ἓν
1152 2669 1207 2705 τι
1233 2653 1443 2706 τούτων
1477 2653 1764 2723 βαπτίζειν

176 2746 491 2816 τολμῶντας
537 2746 814 2810 ἀπαιτεῖς,
849 2743 943 2798 νῦν
976 2744 1034 2798 δὲ
1064 2743 1187 2798 καθ’
1214 2745 1407 2800 ἑαυτὸν
1449 2746 1763 2815 γενόμειος,

176 2840 235 2893 ού
267 2841 432 2910 μόνον
464 2839 647 2908 λέγεις
677 2838 785 2891 οὐδ’
818 2839 874 2890 ἐν
899 2837 1095 2907 γωνία,
1140 2836 1280 2891 ἀλλά
1308 2838 1404 2892 καὶ
1437 2839 1728 2911 κηρύττεις
1748 2856 1765 2871 ·

178 2933 270 2985 καὶ
335 2932 462 3002 οὐχὶ
520 2929 814 3002 κηρύττεις
873 2929 1016 3001 μὲν,
1062 2930 1126 2985 ού
1187 2931 1426 3004 γράφεις
1469 2933 1526 2986 δὲ
1556 2973 1571 2997 ,
1630 2933 1766 2988 ἀλλά

178 3028 268 3081 καὶ
289 3026 582 3098 γράμματι
607 3026 669 3079 τὸ
696 3026 960 3096 κήρυγμα
994 3025 1293 3097 Ῥωμαίοις
1344 3025 1586 3096 μάλιστα
1628 3027 1767 3098 γρά-

180 3136 311 3186 φων,
336 3120 422 3181 εἰς
454 3118 668 3188 ἄμαχον
699 3116 950 3187 ἐπαίρεις
975 3115 1131 3187 ἰσχὺν
1178 3117 1258 3178 είς
1283 3115 1376 3170 τὸν
1411 3116 1642 3171 θάνατον
1671 3116 1764 3171 τοῦ

180 3208 417 3281 Χριστοῦ
432 3210 557 3273 τοὺς
580 3207 1011 3279 βαπτιζομένους
1037 3207 1419 3278 βαπτίζεσθαι.
1448 3207 1589 3261 Ἀλλ’
1615 3206 1644 3260 ὁ
1668 3208 1767 3280 μὲν

180 3302 273 3372 τῆς
298 3301 561 3373 ἀληθείας
611 3299 788 3373 κῆρυξ
823 3300 930 3353 τῶν
961 3300 1294 3366 εἰσαγόντων
1322 3300 1417 3354 τοῦ
1455 3300 1768 3371 βαπτίσμα-

179 3410 265 3457 τος
287 3394 383 3464 τὴν
415 3394 790 3463 καινοτομίαν,
827 3394 1084 3446 κάκεῖνον
1134 3392 1299 3446 αὐτὸν
1329 3392 1765 3463 ἐπιψηφίζεσθαι
1792 3368 1836 3427 c

181 3488 242 3555 τῇ
268 3486 389 3557 δόξῃ
425 3488 900 3559 κατηγορούντων,
923 3482 1023 3543 ὧδε
1059 3489 1126 3542 ἂν
1148 3488 1345 3553 αὖτοὺς
1368 3490 1766 3562 ἐπιστομίσειε.

249 3589 352 3636 κα’.
381 3582 519 3649 Ναί,
553 3584 751 3654 φησιν,
779 3581 1027 3654 ὁμολογῶ
1060 3580 1158 3653 μὲν
1180 3584 1307 3646 τοὺς
1343 3582 1768 3652 βαπτισθέντας,

184 3676 259 3739 είς
286 3676 375 3730 τὸν
412 3676 647 3731 θάνατον
674 3675 769 3730 τοῦ
798 3675 1040 3747 Χριστοῦ
1081 3675 1476 3745 βαπτίσασθαι,
1507 3677 1606 3747 οὐχ
1639 3679 1769 3748 ὁμο-

184 3768 320 3838 λογῶ
351 3770 409 3823 δὲ
445 3771 507 3824 τὺ
542 3770 827 3841 βάπτισμα
851 3772 914 3841 τῇ
938 3770 1032 3823 τοῦ
1060 3770 1292 3823 θανάτου
1326 3770 1491 3823 αὑτοῦ
1532 3772 1769 3844 ἐπικλή-

187 3878 266 3914 σει
296 3862 707 3933 ίερουργεῖσθαι
735 3877 749 3891 ’
782 3860 857 3933 μὴ
902 3862 1114 3931 γένοιτο
1146 3878 1160 3892 ·
1195 3862 1333 3917 ἀλλά
1360 3864 1637 3918 τελεῖσθαι
1667 3866 1771 3937 μὲν

185 3955 338 4010 τοῦτο
384 3957 449 4011 τὸ
494 3954 668 4028 δῶρον
713 3955 815 4025 τῆς
857 3954 1135 4024 ἀφέσεως,
1170 3952 1247 4018 ὡς
1294 3955 1457 4020 αὐτὸς
1502 3957 1531 4009 ὁ
1577 3958 1771 4030 Σωτὴρ

188 4049 566 4121 παραδέδωκεν
597 4051 677 4113 είς
706 4049 767 4102 τὸ
798 4047 971 4118 ὄνομα
1009 4047 1105 4101 τοῦ
1148 4048 1362 4121 Πατρὸς
1394 4051 1489 4103 καὶ
1514 4052 1606 4104 τοῦ
1637 4052 1769 4106 Υἰοῦ

188 4141 396 4195 καὶτοῦ
436 4141 594 4209 ἀγίου
636 4140 990 4212 Πνεύματοςσ
1030 4140 1301 4213 σύμϐολον
1336 4141 1384 4195 δ’
1415 4137 1557 4197 εἶναι
1611 4145 1773 4199 τοῦτο

184 4232 276 4287 τοῦ
300 4233 537 4287 θανάτου
565 4231 753 4297 αὐτοῦ,
784 4233 871 4286 διὰ
900 4234 999 4303 τῆς
1050 4234 1277 4304 τριττῆς
1322 4236 1673 4300 καταδύσεώς
1713 4254 1771 4291 τε

188 4326 277 4379 καὶ
314 4324 628 4389 ἀναδύσεως
653 4325 753 4395 τὴν
779 4327 1080 4397 τριήμερον
1110 4326 1276 4379 αὑτοῦ
1306 4328 1487 4400 ταφὴν
1516 4330 1613 4383 καὶ
1639 4330 1771 4384 ἀνά-

190 4436 374 4473 στασιν
409 4417 677 4481 είκονίζον
712 4435 772 4471 τε
818 4419 912 4472 καὶ
936 4418 1392 4490 διατυπούμενον.
1424 4421 1516 4475 Διὸ
1542 4422 1639 4475 καὶ
1672 4424 1772 4494 ούχ

188 4512 370 4575 ἁπλῶς
400 4507 577 4577 εἷπον,
622 4529 641 4563 ς
678 4512 770 4574 Εἰς
810 4510 902 4565 τὸν
944 4510 1172 4564 θάνατον
1208 4511 1376 4566 αὐτοῦ
1434 4512 1773 4585 ἐϐαπτίσθη-

194 4623 309 4676 μεν,
343 4624 362 4657 ι
397 4603 537 4658 ἀλλά
578 4601 855 4675 προτάξας
878 4603 960 4670 τὸ,
1000 4621 1019 4655 ι
1061 4604 1220 4657 Ὅσοι
1255 4605 1337 4669 είς
1381 4604 1618 4675 Χριστὸν
1644 4604 1775 4659 ἐϐαο

1864 2658 1958 2727 qui
1995 2674 2121 2712 cum
2157 2656 2400 2726 qualibet
2429 2672 2493 2709 ex
2528 2654 2612 2709 his
2649 2654 2841 2709 formis
2885 2654 3168 2723 baptizare
3199 2654 3318 2709 ausi
3348 2654 3466 2708 l‘ue-

1868 2751 2018 2815 rint;
2071 2749 2238 2803 modo
2291 2748 2409 2818 ipse
2469 2748 2752 2819 sigillatim
2787 2762 2898 2800 non
2936 2746 3115 2800 solum
3174 2747 3227 2801 in
3262 2748 3465 2817 angulo

1867 2840 2029 2908 dicis,
2064 2840 2159 2896 sed
2184 2852 2239 2896 et
2268 2840 2574 2910 praedicas:
2618 2854 2717 2894 nec
2769 2838 2947 2893 solum
2999 2837 3286 2907 prredieas,
3325 2839 3465 2893 scri-

1868 2935 2045 2989 bendo
2090 2942 2269 2988 tamen
2301 2932 2609 2996 abstinens,
2670 2931 2764 2986 sed
2816 2930 3017 2985 litteris
3053 2938 3107 2984 et
3146 2931 3365 3000 quidem
3398 2929 3465 2984 ad

1871 3027 2148 3081 Romanos
2196 3026 2419 3096 scriptis
2469 3024 2803 3096 praeconium
2859 3022 3277 3088 commendans,
3309 3037 3467 3076 sum-

1872 3136 2014 3174 mam
2072 3119 2270 3175 tribuis
2341 3119 2727 3173 auctoritatem
2795 3116 3068 3187 baptismo
3127 3116 3181 3171 in
3260 3116 3467 3171 Christi

1871 3224 2048 3270 morte
2098 3214 2321 3268 collato.
2378 3212 2486 3268 Sed
2545 3213 2694 3267 enim
2731 3212 2982 3267 veritatis
3030 3226 3208 3282 praeco
3246 3226 3344 3266 eos
3373 3212 3472 3281 qui

1872 3306 2129 3378 baptismi
2160 3306 2457 3361 novitatem
2488 3304 2773 3368 invehunt,
2820 3319 2990 3374 seque
3041 3304 3217 3372 ipsum
3252 3312 3470 3357 senten-

1871 3402 1957 3456 tiae
1990 3416 2179 3457 eorum
2212 3399 2498 3471 astipulari
2524 3399 2953 3463 calumniantur,
3008 3398 3085 3453 sic
3120 3396 3231 3451 l'ere
3268 3395 3481 3450 refuta-r

1870 3492 1967 3548 bit.

1939 3585 2033 3639 2i.
2072 3583 2336 3656 Equidem
2413 3598 2513 3653 ego
2575 3582 2664 3637 aio
2693 3581 2995 3651 baptizatos
3023 3581 3358 3650 baptismum
3414 3581 3468 3634 in

1871 3679 2075 3753 Christi
2110 3689 2283 3733 morte
2314 3677 2625 3742 recepisse;
2659 3689 2766 3729 non
2804 3681 2983 3728 tamen
3017 3673 3103 3726 aio
3135 3672 3493 3742 baptismum-

1873 3771 1927 3826 in
1963 3770 2211 3841 ejusdem
2240 3768 2433 3822 mortis
2463 3767 2815 3821 invocatione
2851 3763 3137 3831 conferri;
3176 3766 3323 3833 quod
3373 3763 3471 3818 ab-

1874 3865 1986 3931 sit;
2039 3863 2131 3919 sed
2194 3863 2319 3918 dico
2361 3860 2707 3916 remissionis
2756 3860 2861 3913 hoc
2896 3860 3105 3912 donum
3142 3857 3279 3924 lieri,
3308 3865 3471 3927 prout

1875 3960 1991 4030 ipse
2051 3957 2308 4013 Servator
2352 3954 2601 4017 tradidit,
2663 3954 2717 4009 in
2777 3952 2999 4008 nomine
3046 3951 3225 4007 Patris
3267 3961 3322 4007 et
3345 3949 3469 4005 FtItI

1873 4063 1927 4108 et
1967 4052 2206 4119 Spiritus
2260 4051 2435 4105 sancti
2471 4067 2485 4105 :
2530 4048 2583 4103 id
2642 4063 2771 4102 vero
2803 4063 2925 4103 esse
2973 4046 3284 4119 symbolum
3318 4061 3471 4101 mor-

1875 4145 1948 4198 tis
2002 4142 2143 4211 ejus,
2189 4141 2318 4211 quia
2380 4140 2554 4194 tribus
2615 4136 3067 4192 immersionibus
3134 4136 3470 4209 totidemque

1874 4233 2281 4291 emcrsiouibus
2311 4232 2632 4286 triduanam
2687 4230 2864 4300 ipsius
2898 4230 3232 4300 sepulturam
3284 4243 3467 4283 resur-

1875 4328 2282 4395 rectionemquc
2305 4323 2575 4380 deformat
2597 4332 2761 4393 atque
2781 4323 3059 4391 exprimit.
3098 4322 3309 4376 Idcirco
3325 4322 3467 4373 haud

1876 4418 2200 4489 simpliciter
2220 4416 2335 4470 dixi
2363 4435 2376 4470 :
2403 4435 2420 4467 ι
2444 4415 2501 4468 In
2527 4423 2700 4469 morte
2722 4414 2842 4483 ejus
2865 4413 3121 4482 baptizati
3143 4430 3337 4467 sumus
3354 4413 3421 4475 ⁸⁸,
3446 4432 3462 4462 ι

1876 4511 1970 4569 sed
1990 4526 2113 4566 cum
2138 4518 2301 4564 antea
2316 4508 2577 4563 dixissem
2603 4524 2615 4561 :
2642 4526 2657 4558 ι
2680 4504 2957 4575 Quotquot
2982 4506 3034 4559 in
3056 4503 3277 4559 Clu-isto
3296 4504 3483 4572 bapti‘

1878 4603 1984 4656 zati
2007 4615 2225 4666 sumus,
2247 4617 2265 4650 ι
2292 4598 2489 4653 deinde
2508 4596 2714 4662 addidi,
2748 4614 2765 4646 ι
2798 4595 2853 4649 In
2876 4608 3049 4653 morte
3071 4596 3188 4665 ejus
3210 4595 3470 4664 baptizari

195 4698 524 4770 πτίσθημεν,
564 4716 582 4750 ι
609 4698 783 4761 οὕτως
827 4698 1111 4769 ἐπήγαγον
1144 4698 1205 4750 τὸ
1241 4716 1261 4749 ι
1294 4699 1392 4762 Εἰς
1419 4699 1512 4753 τὸν
1539 4700 1765 4755 θάνατον

1881 4697 2085 4753 fuimus
2112 4696 2156 4727 ⁸¹
2192 4712 2207 4749 :
2247 4713 2266 4748 ι
2301 4694 2510 4749 scilicet
2534 4693 2636 4746 hac
2661 4690 2911 4761 proxima
2936 4690 3305 4745 dilferentium
3340 4705 3467 4745 sen-

192 4791 351 4845 αὑτοῦ
381 4790 848 4860 ἐϐαπτίστθημεν·
876 4809 893 4842 ι
922 4792 988 4861 τῇ
1010 4790 1152 4844 κατά
1171 4790 1453 4862 συνέχειαν
1473 4793 1773 4865 παραθέσει

190 4882 295 4937 τῶν
319 4883 594 4954 διαφόρων
618 4881 835 4935 ἐννοιῶν
864 4900 923 4935 τε
963 4882 1059 4936 καὶ
1090 4883 1393 4953 ὀνομάτων,
1426 4886 1567 4939 κατά
1604 4888 1772 4957 μηδε-

198 4968 323 5039 μίαν
352 4970 453 5042 μὲν
494 4970 901 5040 ίερουργεῖσθαι
944 4971 1007 5023 τὸ
1058 4970 1346 5043 βάπτισμα
1393 4973 1770 5046 διδαξάμενος,

194 5057 224 5123 ἦ
259 5059 366 5129 γὰρ
400 5058 466 5112 ἂν
496 5058 755 5111 τάναντία
779 5060 874 5111 καὶ
909 5058 1148 5129 μάλιστα
1186 5062 1303 5131 ἅμα
1353 5063 1567 5134 φρονῶν
1593 5082 1651 5117 τε
1680 5067 1775 5120 καὶ

195 5149 361 5219 λέγων
402 5150 664 5213 ἑαλωκὼς
704 5150 844 5222 εἵην.
927 5151 1092 5206 Ἀλλά
1130 5152 1220 5206 διὰ
1276 5154 1377 5224 μὲν
1424 5155 1521 5209 τοῦ
1575 5160 1772 5224 εἰπεῖν,

202 5260 219 5293 ι
260 5243 348 5306 Et;
379 5243 617 5314 Χριστὸν
656 5242 1090 5315 ἐϐαπτίσθημεν,
1122 5264 1142 5298 ι
1176 5246 1258 5299 ὅτι
1298 5246 1439 5301 κατά
1483 5247 1582 5320 τὴν
1613 5250 1776 5305 αὐτοῦ

202 5338 581 5408 μυσταγωγίαν
612 5337 975 5411 βαπτισθῆναι
1019 5342 1380 5411 παρεδήλωσα
1404 5358 1417 5371 ⁸
1449 5342 1534 5397 διὰ
1577 5343 1633 5398 δὲ
1681 5346 1775 5399 τοῦ

268 5539 311 5573 ⁸⁸
343 5540 498 5597 Rom.
540 5559 613 5608 vr,
644 5545 696 5598 5.
770 5544 810 5574 δ’
853 5542 983 5596 ibid.
1061 5546 1104 5577 δ’
1141 5542 1305 5599 llebr.
1343 5562 1411 5610 ιν,
1460 5546 1539 5600 lii.

1883 4790 2180 4846 tentiarum
2230 4804 2295 4843 ac
2347 4790 2633 4841 nominum
2691 4783 2997 4853 adjectione
3048 4783 3184 4838 satis
3243 4783 3466 4846 docens,

1884 4886 2187 4942 secundum
2221 4883 2423 4937 nullam
2452 4898 2517 4936 ex
2547 4881 2631 4935 his
2664 4879 2855 4934 formis
2886 4878 3217 4948 baptismum
3246 4878 3463 4932 confici.

1884 4979 2139 5049 Alioquin
2173 4976 2446 5032 contraria
2484 4974 2720 5029 maxime
2755 4982 2809 5028 et
2844 4973 3045 5028 sentire
3077 4982 3128 5026 et
3160 4973 3343 5027 dicere
3372 4987 3466 5027 eo-

1885 5085 2163 5141 argucrer.
2194 5067 2299 5123 Sed
2338 5082 2521 5122 revera
2556 5082 2679 5119 eum
2708 5065 2818 5119 dixi
2846 5082 2858 5117 :
2899 5084 2916 5117 ι
2952 5065 3009 5119 In
3038 5064 3257 5119 Christo
3291 5063 3463 5133 bapti-

1887 5163 1993 5216 zati
2029 5176 2243 5226 sumus,
2280 5179 2299 5212 ι
2333 5158 2636 5214 secundum
2664 5157 2784 5228 ejus
2813 5156 3065 5211 initiandi
3095 5156 3258 5212 ritum
3294 5156 3467 5226 bapti-

1889 5264 2041 5310 zatos
2074 5268 2174 5308 nos
2210 5251 2524 5319 declaravi;
2558 5267 2683 5306 eum
2718 5260 2898 5306 autem
2927 5250 3079 5305 dixi:
3125 5269 3143 5302 ι
3184 5251 3239 5304 ln
3294 5259 3473 5304 morte

1888 5348 2010 5417 ejus
2079 5345 2335 5416 baptizati
2408 5346 2632 5411 luimus,
2677 5363 2694 5397 ι
2748 5343 2884 5398 nihil
2940 5343 3083 5399 aliud
3140 5341 3495 5414 signiﬁcavi”

1711 5666 1945 5722 NOTA‘J.

270 5781 379 5851 (ιτ)
419 5780 620 5837 Canon.
663 5792 834 5851 aposl.
866 5782 954 5849 48,
993 5783 1080 5839 49.
1116 5781 1246 5839 Item
1272 5784 1453 5840 (lauat.
1486 5796 1659 5854 (ipost.
1695 5786 1765 5841 lib

1870 5802 1928 5857 ιι,
