3888 6186
409 273 510 339 331

1567 278 1831 341 PHOTII
1869 282 2378 345 PATRIARCILE
2403 287 2511 346 CP.
3562 290 3668 353 332

409 392 514 447 nisi
552 390 700 462 quod
733 389 1035 461 baptismus
1093 406 1123 448 a
1157 390 1449 448 Servatore
1482 392 1769 449 institutus
1794 404 1979 465 typqu

2094 400 2280 458 εἰπεῖν,
2321 420 2338 450 ι
2376 399 2469 461 Et;
2500 400 2591 452 τὸν
2619 399 2847 454 θάνατον
2884 398 3049 453 αὐτοῦ
3068 397 3500 472 ἐϐαπτίσθημεν,
3541 423 3560 455 ι
3583 406 3667 458 ὅτι

404 501 518 556 pra:
546 501 605 538 se
635 484 738 537 fert
769 495 931 552 atque
968 483 1222 554 imaginis
1274 494 1504 540 mortem
1547 487 1688 556 ejus,
1722 503 1844 558 qua:
1882 489 1985 542 im-

405 577 758 634 mortalitatis
809 576 1011 631 fontem
1064 576 1222 632 nobis
1269 578 1547 632 reseravit.
1592 578 1751 633 Aliud
1800 589 1981 634 autem

407 670 635 724 omnino
683 680 766 724 est
800 670 880 724 sic
926 668 1071 738 loqui
1109 678 1165 722 ut
1217 685 1319 725 nos
1363 671 1669 737 ediximus,
1714 671 1860 725 aliud
1901 682 1986 727 est

407 764 676 819 allirmare
706 764 849 832 (qua:
878 762 1131 816 damnata
1167 777 1195 815 a
1228 762 1383 815 nobis
1408 763 1673 817 sententia
1702 762 1805 832 est)
1834 779 1985 834 rege-

408 854 710 909 nerationis
784 853 1105 921 mysterium
1180 867 1303 905 cum
1386 853 1729 907 invocatione
1794 854 1985 909 mortis

408 947 611 1001 Christi
645 945 866 998 conﬁeri
900 943 1143 997 solitum.
1187 941 1341 995 llaud
1382 958 1483 999 nos
1531 942 1696 1013 igitur
1748 954 1982 997 mentem

408 1040 841 1104 innnutavimus,
895 1053 1076 1107 neque
1107 1036 1172 1090 ad
1226 1035 1485 1091 Judaicas
1515 1020 1776 1105 epistolas
1800 1035 1913 1105 jam
1953 1052 1982 1089 a

408 1136 568 1191 nobis
602 1132 938 1203 improbatas
978 1130 1178 1185 reversi
1209 1146 1401 1185 sumus
1443 1148 1455 1184 :
1486 1130 1577 1201 qui
1602 1130 1849 1184 videlicet
1876 1145 1987 1185 cte-

405 1225 563 1281 lestia
591 1225 841 1294 dogmata
877 1239 982 1275 non
1013 1222 1067 1275 in
1114 1222 1360 1291 lapideis.
1411 1222 1502 1276 sed
1550 1221 1881 1277 tirmissimis
1931 1228 1987 1276 et

407 1334 687 1389 nunquam
720 1316 1031 1387 frangendis
1047 1316 1214 1369 animi
1246 1314 1444 1370 tabulis
1475 1315 1874 1386 inscripsimus.
1909 1315 1984 1368 Illi

409 1412 589 1483 potius
624 1411 852 1465 Paulum
897 1410 1288 1465 trausl‘urmare
1332 1410 1384 1463 in
1437 1409 1662 1463 Saulum
1712 1410 1982 1473 nituntur,

410 1521 570 1578 atque
616 1508 668 1561 in
724 1507 847 1562 aliis
900 1506 1166 1576 ejusmodi
1224 1507 1550 1571 obtrectant,
1583 1520 1895 1576 quanquam
1934 1505 1987 1559 id

407 1606 585 1673 ipsum
626 1602 782 1656 fateri
813 1618 909 1655 eos
940 1600 1122 1669 pudet,
1171 1616 1310 1668 quos
1356 1615 1638 1669 perperam
1687 1598 1988 1669 intelligere

406 1706 461 1749 et
490 1694 811 1750 calumniari
850 1707 1129 1746 sermones
1153 1706 1299 1745 meos
1330 1690 1502 1760 juvat.
1537 1690 1644 1758 Ego
1670 1705 1807 1744 sane
1836 1706 1986 1744 COIII-

2086 490 2257 543 τύπον
2296 492 2454 561 φέρει
2480 492 2574 544 καὶ
2600 491 2785 544 είκόνα
2813 492 2905 546 τοῦ
2941 492 3041 564 τὴν
3062 493 3361 546 ἀθανασίαν
3390 497 3526 563 ἡμῖν
3556 514 3665 565 πη-

2086 580 2355 648 γάσαντος
2410 581 2641 636 θανάτου
2690 581 2854 635 αὑτοῦ
2907 582 2971 635 τὸ
3035 584 3305 654 σωτήριον
3360 584 3667 657 βάπτισμα.

2089 672 2316 744 Ἕτερον
2361 673 2417 727 δὲ
2459 673 2740 737 παντελῶς
2783 675 2900 728 ἐστι
2946 674 3127 743 λέγειν
3167 674 3344 729 ταῦτα
3387 678 3525 748 ὅπερ
3574 680 3670 731 καὶ

2086 765 2249 833 ἡμεῖς
2275 765 2564 835 τιθέμεθα,
2601 766 2695 818 καὶ
2727 766 2913 837 ἕτερον
2937 766 2998 818 τὸ
3020 766 3203 833 λέγειν
3226 767 3309 819 ὃτι
3335 770 3400 837 τῇ
3432 769 3670 839 ἐπικλή-

2090 872 2172 908 σει
2202 855 2295 909 τοῦ
2323 855 2556 911 Θανάτου
2580 856 2769 920 αὐτοῦ,
2808 857 2837 911 ὃ
2866 858 3324 929 καταδικάζομεν,
3345 861 3407 912 τὸ
3428 860 3532 928 τῆς
3562 878 3671 913 παι

2087 947 2427 1016 λιγγενεσίας
2476 949 2840 1017 ἱερουργεῖται
2889 951 3210 1021 μυστήριον.
3269 950 3477 1005 Οὔκουν
3508 955 3674 1020 ἡμεῖς

2092 1042 2452 1112 μετέστημεν,
2484 1043 2606 1096 οὐδὲ
2638 1044 2777 1113 πρὸς
2804 1044 2904 1107 τὰς
2953 1043 3254 1107 Ίουδαῖκάς
3284 1044 3577 1108 ἐπιστολάς
3593 1036 3671 1097 ὧν

2090 1134 2440 1204 κατέγνωμεν
2478 1136 2905 1207 ἐπεστράφημεν
2930 1153 2945 1166 ·
2987 1136 3136 1201 ἅπαξ
3195 1138 3263 1190 τὰ
3317 1138 3547 1208 οὐράνια
3586 1137 3671 1190 δό-

2089 1244 2274 1296 γματα
2304 1228 2403 1281 οὐκ
2444 1229 2502 1281 ἐν
2533 1227 2759 1292 λιθίναις
2786 1228 3001 1296 πλαξὶν,
3028 1229 3145 1284 ἀλλ’
3179 1231 3239 1283 ἐν
3278 1230 3673 1303 στεῤῥοτάταις

2090 1320 2185 1372 καὶ
2226 1319 2556 1390 ἁθραύοτοις
2592 1322 2961 1392 ἐγγραφέντες
3020 1322 3122 1393 τῆς
3186 1323 3367 1395 ψυχῆς
3432 1324 3669 1388 πίναξιν.

2101 1409 2330 1462 Ἐκεῖνοι
2354 1410 2409 1462 δὲ
2437 1411 2697 1481 μεθιστᾷν
2718 1412 3056 1481 ἐπιχειροῦσι
3080 1414 3173 1467 τὸν
3194 1414 3406 1467 Παῦλον
3434 1416 3513 1477 είς
3531 1414 3673 1467 Σαῦ-

2090 1498 2197 1563 λον,
2227 1502 2321 1552 καὶ
2354 1500 2423 1553 τὰ
2467 1500 2603 1554 ἄλλα
2633 1501 3005 1572 διασύρουσιν,
3052 1502 3157 1557 κᾶν
3196 1505 3487 1573 ὁμολογεῖν
3517 1506 3675 1557 ἐπαι-

2091 1592 2414 1661 σχύνωνται.
2444 1587 2523 1657 οἷς
2549 1597 2839 1663 παρανοεῖν
2862 1596 2955 1649 καὶ
2976 1600 3332 1664 συκοφαντεῖν
3357 1598 3486 1660 τοὺς
3508 1597 3675 1667 ἐμοὺς

2090 1684 2292 1754 ἐπῆλθε
2318 1685 2510 1753 λόγους
2534 1704 2549 1718 ο
2586 1688 2709 1740 ἐπεὶ
2748 1688 2845 1751 τάς
2874 1706 2936 1756 γε
2983 1689 3170 1753 κοινάς
3194 1689 3305 1742 τῶν
3330 1693 3674 1744 συναποστόο

408 1806 601 1846 munes
635 1804 880 1843 meorum
924 1788 975 1840 in
1014 1786 1318 1855 apustolatu
1366 1785 1639 1840 sociorum
1688 1785 1986 1840 sententias

2094 1776 2196 1829 λων
2225 1778 2439 1847 ψήφους
2471 1780 2564 1831 καὶ
2599 1779 2761 1843 αὐτὸς
2807 1782 3009 1850 ὁμοίως
3062 1782 3307 1854 στέργων
3340 1784 3437 1836 καὶ
3466 1782 3672 1853 κυρῶν.

405 1886 521 1952 ipse
551 1896 772 1951 quoque
795 1880 1128 1948 amplectens
1154 1894 1218 1931 ac
1260 1878 1531 1938 sanciens,
1578 1877 1825 1931 homines
1864 1877 1986 1932 illos

405 1978 499 2046 qui
534 1976 641 2029 alio
670 1974 866 2044 quovis
902 1973 1061 2026 modo
1091 1971 1368 2040 baptizare
1403 1970 1622 2033 audent,
1647 1986 1811 2040 quam
1845 1970 1902 2023 lit
1932 1971 1984 2024 in

405 2064 690 2118 liotttinica
726 2062 971 2115 initiandi
1004 2059 1277 2125 formula;
1310 2060 1525 2114 etiamsi
1570 2059 1853 2114 Trinitatis
1885 2060 1987 2114 tria

408 2154 629 2208 nomina
660 2152 973 2213 adhibeant,
1008 2148 1221 2203 etiamsi
1278 2148 1412 2201 nihil
1455 2148 1793 2216 reliquorum
1822 2147 1988 2201 omit-

408 2254 563 2307 tant;
597 2244 641 2297 si
671 2252 848 2296 tamen
880 2241 931 2293 hi
965 2256 1069 2293 una
1104 2238 1457 2293 itnmcrsione
1498 2237 1827 2306 baptismum
1860 2252 1989 2291 con-

405 2336 626 2400 ﬁciant;
651 2343 707 2389 et
745 2334 790 2388 si
841 2348 908 2386 ne
937 2333 987 2386 id
1043 2331 1263 2400 quidem
1297 2331 1662 2394 committant,
1688 2329 1781 2386 sed
1817 2330 1900 2385 vel
1933 2330 1985 2384 in

408 2427 615 2483 Christi
660 2426 1007 2480 invocatione
1055 2424 1361 2493 baptizcut,
1403 2423 1486 2477 vel
1532 2423 1585 2476 in
1624 2423 1745 2490 eius
1790 2431 1985 2490 morte,

408 2522 491 2577 vel
520 2521 681 2576 aliam
718 2519 1019 2589 quamlibet
1068 2517 1390 2583 novitatem,
1446 2525 1641 2586 prmter
1682 2514 1989 2570 Servatoris

406 2612 778 2677 traditionem,
810 2613 1153 2682 excogitent;
1181 2626 1281 2681 ego
1306 2610 1406 2665 hos
1437 2609 1582 2663 nulla
1616 2610 1771 2664 venia
1795 2609 1990 2679 digna-

406 2709 544 2773 bor;
586 2708 680 2763 sed
714 2722 837 2761 eum
874 2704 967 2775 qui
1005 2708 1085 2758 vel
1121 2704 1172 2757 in
1225 2720 1334 2757 uno
1358 2703 1742 2772 esupradictis
1789 2718 1989 2772 pecca-

406 2800 545 2855 verit
577 2800 660 2854 vel
688 2799 739 2851 in
769 2798 877 2852 alio
906 2795 1096 2861 simili,
1131 2796 1251 2850 sine
1277 2795 1446 2849 dubio
1467 2810 1621 2850 reum
1658 2808 1836 2864 agam.
1868 2792 1987 2848 Non

406 2895 553 2952 enim
604 2894 730 2964 quia
776 2892 1058 2946 nominum
1106 2890 1342 2959 qualitas
1382 2888 1646 2953 variatur,
1701 2888 1829 2947 ideo
1875 2887 1991 2941 leve

407 2989 614 3042 crimen
641 2986 1026 3049 contrahitur;
1064 2983 1157 3038 sed
1193 2983 1321 3051 quia
1370 2981 1690 3036 mandatum
1729 2979 1989 3041 violatur,

408 3080 616 3135 idcirco
651 3093 775 3133 reus
809 3075 1160 3130 damnatione
1192 3072 1404 3127 feritur.
1433 3073 1561 3127 llzcc
1589 3072 1795 3126 Paulus
1819 3071 1992 3125 eccle-

408 3174 503 3226 sia:
529 3178 739 3232 orator,
774 3166 912 3221 mori
945 3166 1109 3236 hujus
1143 3165 1407 3233 praxique
1451 3163 1826 3233 patrocinaus,
1869 3162 1993 3216 Ser-

407 3262 615 3316 vatoris
662 3268 991 3331 praeceptum
1032 3255 1390 3318 confirmans,
1426 3268 1489 3309 os
1540 3253 1761 3307 illorum
1809 3252 1994 3307 occlu-

408 3354 546 3409 dens
575 3351 668 3423 qui
697 3348 1033 3405 contrarium
1072 3346 1319 3401 factitare
1363 3344 1481 3399 ausi
1524 3354 1731 3410 essent,
1760 3360 1990 3399 suorum

409 3450 590 3497 autem
622 3442 675 3495 in
708 3438 975 3493 electione
1017 3446 1074 3491 et
1117 3435 1424 3505 apostolatu
1464 3450 1858 3504 praacessorum
1894 3434 1994 3488 de-

408 3546 557 3591 creta
590 3531 770 3603 sigillo
794 3531 1066 3584 muniens.
1097 3526 1179 3580 Tu
1212 3542 1339 3582 vero
1365 3525 1496 3597 quid
1520 3525 1632 3596 jam
1662 3525 1784 3579 ais?
1808 3524 1995 3579 ﬁerine

407 3627 583 3698 potuit
622 3634 681 3679 ut
726 3622 954 3695 apostoli
1005 3619 1495 3691 transgressionem
1539 3618 1663 3672 aliis
1695 3617 1995 3687 exprobra-

408 3726 551 3781 rent,
586 3715 687 3785 ipsi
728 3712 973 3785 magistri
1006 3710 1470 3780 transgressionis
1492 3709 1705 3765 essent?
1736 3721 1899 3778 atque
1926 3708 1995 3763 ab

408 3810 533 3866 aliis
557 3823 714 3865 noxa:
742 3821 931 3876 pinnas
968 3814 1359 3874 reposcerent;
1394 3803 1497 3872 ipsi
1534 3802 1757 3872 impune
1797 3818 1995 3872 pecca-

410 3916 565 3960 turos
595 3917 655 3958 se
682 3899 999 3957 crederent?
1028 3896 1160 3970 quid
1188 3898 1360 3968 quod,
1403 3896 1448 3951 si
1484 3897 1613 3967 quid
1659 3897 1751 3952 alii
1800 3912 1997 3968 pecca-

410 3999 564 4061 bant,
599 3995 645 4050 si
700 4004 881 4048 tamen
936 3991 1255 4062 peccabant,
1310 3989 1414 4059 ipsi
1479 3990 1549 4043 ob
1608 3989 1660 4043 id
1719 3989 1989 4059 plectendi

408 4099 586 4155 erant,
614 4089 741 4159 quia
768 4103 937 4142 causa
968 4084 1221 4141 criminis
1244 4084 1349 4138 illis
1384 4081 1643 4138 fuerant?
1668 4084 1773 4148 Sed
1806 4083 1993 4138 hacte-

409 4201 515 4241 nus
546 4183 685 4239 dicta
710 4180 1002 4238 sulIiciaut.

2088 1871 2215 1934 τοὺς
2256 1870 2380 1923 καθ’
2410 1871 2600 1942 ἕτερόν
2626 1889 2751 1925 τινα
2776 1872 2976 1944 τρόπον
3007 1874 3291 1945 βαπτίζειν
3326 1876 3677 1944 ἀποτολμιίνσ

2087 1980 2186 2027 τας
2216 1964 2309 2017 καὶ
2337 1965 2411 2035 μὴ
2448 1964 2592 2017 κατὰ
2620 1964 2721 2035 τὴν
2746 1966 3085 2037 Δεσποτικὴν
3130 1970 3544 2036 μυσταγωγίαν,
3572 1967 3677 2019 κᾶν

2090 2056 2188 2123 τῆς
2216 2055 2443 2125 Τριάδος
2488 2055 2751 2126 ἰσάριθμα
2795 2057 2864 2110 τά
2888 2058 3129 2127 όνόματα
3163 2058 3675 2131 παραλαμϐάνωσι,

2084 2146 2192 2201 κᾶν
2227 2148 2383 2202 οὐδὲν
2417 2150 2515 2219 μὲν
2547 2148 2657 2202 τῶν
2688 2149 2865 2205 ἄλλων
2897 2151 3390 2222 παραχαράττωσι,
3425 2152 3514 2205 διὰ
3546 2153 3679 2221 μιᾶς

2089 2242 2145 2295 δὲ
2177 2241 2529 2305 καταδύσεως
2550 2242 2611 2295 τὸ
2639 2242 2922 2312 βάπτισμα
2954 2244 3323 2315 άπαρτίζωσι,
3373 2244 3476 2297 κᾶν
3542 2244 3679 2314 μηδὲ

2088 2337 2299 2399 τούτοις
2348 2336 2680 2406 ἐνέχωνται,
2711 2337 2791 2400 είς
2842 2337 2899 2389 δὲ
2937 2337 3034 2407 τὴν
3081 2337 3175 2391 τοῦ
3204 2338 3445 2409 Χριστοῦ
3485 2338 3679 2407 κλῆσιν

2093 2426 2510 2497 βαπτίζωσιν,ῆ
2550 2428 2630 2490 είς
2677 2426 2775 2497 τὴν
2818 2425 2912 2480 τού
2952 2427 3185 2480 θανάτου
3229 2428 3418 2493 αὑτοῦ,
3452 2426 3554 2480 κᾶν
3584 2427 3679 2481 ἄλ·

2090 2520 2189 2590 λην
2203 2523 2325 2574 τινα
2345 2520 2588 2573 ἐπίνοιαν
2608 2520 2937 2590 ἐπινοησωσι
2953 2520 3273 2591 καινοτομοῦ
3283 2537 3382 2574 σαν
3404 2519 3503 2591 τὴν
3528 2519 3680 2573 θείαν

2091 2614 2255 2667 αὐτοῦ
2283 2615 2375 2668 καλ⁹
2405 2616 2671 2685 σωτήριον
2707 2613 3028 2685 παράδοσιν,
3071 2614 3328 2684 οὐδεμιᾶς
3355 2614 3533 2682 ἔγωγε
3563 2629 3684 2681 ipsi.-

2090 2705 2214 2769 δούς
2238 2708 2365 2769 τοὺς
2402 2707 2680 2770 τοιούτους
2712 2705 3009 2777 ἀξιώσαιμι
3034 2723 3047 2737 ·
3071 2706 3208 2761 ἀλλὰ
3237 2706 3327 2759 τὸν
3353 2704 3439 2775 ἐφ’
3463 2705 3545 2758 ἐν).
3574 2706 3684 2757 τινὶ

2091 2796 2201 2849 τῶν
2235 2797 2544 2868 εἰρημένων
2576 2798 2793 2862 ἁλόντα,
2825 2797 2857 2868 ἢ
2887 2796 2995 2850 τινὶ
3010 2797 3119 2850 τῶν
3146 2796 3358 2859 τούτοις
3387 2796 3687 2867 παραπλη-

2095 2889 2247 2953 σίων,
2278 2890 2381 2960 τῆς
2408 2890 2579 2960 αὐτῆς
2611 2890 2912 2962 καταδίκης
2931 2890 3029 2960 ούχ
3060 2890 3252 2959 ἁλοίην
3285 2888 3360 2961 μὴ
3394 2890 3686 2959 γραφόμε-

2094 2998 2184 3043 νος
2214 2979 2418 3052 ἐνοχον.
2446 2980 2520 3034 Ού
2553 2981 2661 3052 γάρ
2687 2982 2720 3052 ἡ
2761 2983 2860 3051 τῆς
2909 2983 3019 3035 τῶν
3051 2982 3336 3052 ὀνομάτων
3392 2982 3685 3050 ποιότητος

2097 3072 2368 3143 ἐναλλαγὴ
2394 3074 2528 3144 πρὸς
2551 3074 2611 3127 τὸ
2638 3073 2863 3144 μέτριον
2887 3074 3087 3144 ἄγειτδ
3114 3073 3390 3144 ἔγκλημα,
3423 3071 3561 3126 ἀλλὰ
3585 3072 3686 3142 τῆς

2097 3164 2312 3235 ἐντολῆς
2342 3167 2374 3235 ἡ
2403 3165 2716 3236 παράϐασις
2736 3168 2833 3237 τῆς
2869 3168 3037 3237 αὐτῆς
3086 3168 3389 3239 καταδίκης
3439 3168 3553 3229 τοῖς
3591 3168 3689 3224 ἐν,⁵

2095 3254 2243 3325 ὀχοις
2265 3256 2588 3310 καθίσταται
2618 3257 2895 3329 πρόξενος.
2926 3258 3115 3312 Ταῦτα
3161 3258 3376 3321 Παῦλος
3408 3258 3509 3327 τῆς
3559 3258 3684 3311 Ἐκο

2096 3346 2328 3418 κλησίας
2355 3350 2383 3401 ό
2418 3349 2624 3420 ῥήτωρ,
2660 3349 2976 3421 συνηγορῶν
3014 3351 3115 3421 μὲν
3139 3350 3313 3420 αὐτῆς
3346 3350 3423 3420 τῷ
3456 3350 3688 3403 ἐθεικαὶ

2095 3443 2212 3504 ταῖς
2252 3440 2508 3512 πράξεσι,
2546 3444 2834 3512 κρατύνων
2882 3443 2939 3497 δὲ
2984 3443 3083 3515 την
3132 3445 3399 3513 σωτήριον
3436 3442 3685 3515 ἐντολὴ-ε,

2096 3533 2467 3602 ἐπιστομίζων
2522 3534 2579 3588 δὲ
2625 3535 2909 3600 τοὺςοὸσοι
2948 3538 3085 3608 πρὸς
3133 3537 3447 3591 τούναντίον
3492 3538 3690 3608 ῥέπειν

2096 3625 2481 3696 ἐπεχείρησαν,
2527 3625 2637 3681 τῶν
2682 3628 3064 3700 προλαϐόντων
3104 3628 3269 3684 αὐτὸν
3294 3630 3376 3693 εἰς
3403 3629 3505 3701 τὴν
3529 3629 3687 3683 ἐκλοο

2096 3714 2199 3786 γῆν
2219 3717 2314 3769 καὶ
2340 3717 2644 3789 ἀποστολὴν
2677 3720 3213 3792 ἐπισφραγιζόμενος
3239 3720 3310 3774 τὰ
3329 3720 3683 3793 ψηφίσματα,

2098 3808 2171 3862 Σὺ
2208 3807 2265 3861 δέ
2294 3810 2345 3863 τί
2370 3809 2549 3879 λέγεις
2580 3810 2701 3877 En;
2745 3808 2854 3882 ἆρα
2896 3813 3120 3867 δυνατόν
3170 3817 3322 3869 ἐστιν
3364 3814 3548 3878 ἄλλοις
3584 3813 3689 3883 μὲν

2099 3897 2415 3969 παράϐασιν
2468 3901 2743 3969 ἐγκαλεῖν,
2783 3904 2983 3967 αὐτοὺς
3033 3904 3091 3958 δὲ
3143 3904 3505 3959 καθίστασθαι
3546 3903 3689 3957 διδαο

2100 3991 2332 4055 σκάλους
2375 3992 2475 4063 τῆς
2509 3994 2913 4062 παραϐάσεως;
2956 3997 3050 4051 καὶ
3071 3996 3369 4068 λαμϐάνειν
3402 3996 3503 4067 μὲν
3548 3997 3685 4067 παρ’

2100 4083 2303 4155 ἐτέρων
2327 4088 2425 4156 τῆς
2453 4086 2821 4157 παραϐάσεως
2847 4088 3060 4152 ποινὰς.
3090 4090 3318 4153 ἑαυτοὺς
3350 4090 3408 4141 δὲ
3436 4090 3685 4159 νομίζειν

2100 4176 2425 4240 ἀνευθύνους
2451 4174 2590 4232 εἶναι
2628 4178 2725 4232 τοῦ
2776 4181 3163 4253 τολμήματοςς
3196 4184 3289 4236 καί
3332 4200 3417 4237 τοι
3463 4184 3558 4234 καὶ
3608 4175 3685 4234 ὦν

409 4281 727 4354 ἡμάρτανον
756 4276 955 4345 ἕτεροι,
998 4272 1157 4342 εἴπερ
1190 4270 1527 4342 ἡμάρτανον,
1558 4270 1800 4333 ἐκείνους
1825 4270 1993 4340 ἐχρῆν
2036 4269 2258 4341 ὑπέχειν
2289 4271 2389 4342 τὴν
2419 4271 2598 4344 δίκην,
2656 4273 2732 4338 ὼς
2790 4275 2890 4346 τῆς
2915 4277 3093 4340 αίτίας
3117 4276 3212 4330 ἀπ’
3233 4277 3412 4330 αὐτῶν
3433 4278 3515 4339 εἰς
3540 4272 3685 4330 ἐκεί-

408 4395 535 4441 γους
592 4372 862 4442 δοθείσης.

940 4366 1100 4420 Ἀλλὰ
1162 4364 1270 4437 γάρ
1329 4366 1491 4420 ἱκανὰ
1542 4366 1635 4419 καὶ
1681 4362 1855 4419 ταῦτα
1905 4360 2079 4435 οἶμαι.

478 4468 571 4523 2'2.
600 4467 754 4521 Nune
779 4479 889 4518 uno
919 4463 1117 4517 intuitu
1149 4462 1437 4516 videndum
1463 4469 1734 4531 superest,
1767 4460 1990 4531 quibus-

2171 4461 2274 4531 κβν.
2305 4463 2510 4533 Καιρδς
2533 4463 2578 4516 δ’
2602 4464 2670 4518 ἂν
2696 4466 2780 4535 εἴη
2811 4465 3045 4535 συνορᾷν
3070 4463 3137 4518 δι’
3165 4463 3307 4517 ὅσων
3346 4463 3444 4517 τοῦ
3502 4463 3562 4529 ἐξ
3590 4463 3684 4533 ἁρ-

411 4578 538 4618 nam
570 4576 634 4615 ex
670 4557 1011 4627 argumentis
1043 4554 1336 4624 propositae
1368 4554 1437 4608 ab
1474 4554 1632 4607 initio
1673 4552 1999 4623 quaestionis

413 4655 615 4711 solutio
649 4652 910 4707 dimauet.
945 4647 1069 4703 [hec
1112 4650 1288 4718 pritno
1320 4663 1349 4700 a
1375 4646 1715 4717 singulorum
1746 4645 1997 4701 vocabuli

413 4766 599 4803 nomen
642 4745 1048 4817 signiticatuum
1099 4742 1471 4804 distinctione,
1512 4751 1677 4810 atque
1724 4754 1754 4792 a
1803 4738 1996 4794 confuo

414 4842 589 4898 sionis
618 4837 1089 4894 discriminatioue
1123 4834 1409 4889 deducitur
1440 4853 1452 4887 :
1504 4833 1573 4887 ita
1626 4840 1682 4885 ut
1712 4833 1999 4900 perspicue

412 4936 655 4989 sciamus
687 4932 1032 5001 quandonam
1081 4945 1266 4982 nomen
1307 4927 1671 4995 significatum
1719 4925 1997 4995 proprium

412 5024 611 5078 habeat
631 5039 649 5087 ;
672 5022 892 5092 quando
920 5021 1046 5074 item
1073 5018 1299 5090 gloriam
1333 5018 1704 5086 honoremque
1732 5016 1996 5069 nominati

410 5119 662 5184 denotet;
718 5130 912 5170 rursus
968 5114 1189 5182 quando
1256 5111 1502 5180 ejusdem
1574 5110 1881 5164 doctrinam
1936 5123 1999 5162 ac

412 5210 877 5281 praedicationem.
912 5205 1079 5261 Favet
1122 5214 1382 5275 pra‘tcrca
1439 5202 1697 5257 solutioni
1740 5201 1784 5255 si
1832 5200 2000 5269 probe

412 5319 730 5368 noscamus,
769 5301 912 5356 haud
958 5298 1298 5354 adamussim
1345 5311 1648 5364 congruere
1677 5311 1799 5349 cum
1848 5294 1999 5348 vocis

412 5409 540 5470 typo
570 5397 965 5453 sententiarum
996 5390 1435 5447 sitnilitmlinetu.
1477 5387 1611 5442 Nam
1651 5404 1825 5457 neque
1851 5389 2000 5443 locu-

412 5494 588 5547 tiones
621 5490 674 5543 in
709 5488 911 5544 Christi
958 5496 1154 5550 morte,
1201 5493 1254 5539 et
1286 5484 1339 5537 in
1373 5482 1593 5535 Christo
1626 5482 1910 5551 baptizari.
1944 5491 1998 5536 et

413 5585 465 5638 in
496 5598 605 5637 uno
626 5596 874 5650 corpore,
906 5579 1008 5633 sub
1039 5579 1230 5632 eodem
1261 5578 1410 5631 vocis
1437 5576 1715 5631 schemate
1746 5576 1993 5630 eamdem

412 5673 737 5727 sententiam
774 5670 1033 5723 exhibent
1070 5683 1081 5722 :
1132 5668 1226 5722 sed
1270 5676 1535 5737 quantum
1582 5668 1665 5721 lia:
1705 5670 1993 5722 verborum

422 5779 485 5817 ac
520 5763 801 5817 noniinum
843 5760 1284 5830 pronuntiatione
1320 5763 1581 5831 proximae
1614 5762 1845 5819 invicem
1871 5770 1999 5818 sunt

2098 4553 2200 4625 χῆς
2228 4556 2585 4627 ἀπορήματος
2634 4557 3081 4628 ἐπιχειρημάτων
3127 4556 3504 4629 προελήλυθεν
3530 4560 3563 4627 ἡ
3592 4557 3687 4609 λύ-

2101 4663 2205 4708 σις.
2238 4648 2457 4717 Πρόεισι
2488 4650 2585 4719 μὲν
2614 4651 2722 4722 γάρ
2751 4649 2874 4703 καθ’
2907 4650 3004 4704 ἕνα
3036 4648 3194 4718 λόγον
3216 4648 3685 4718 διαστελλομένων

2098 4738 2208 4791 τῶν
2242 4741 2660 4811 σημαινομένων
2681 4742 2779 4795 τοῦ
2816 4742 3086 4812 ὀνόματος
3116 4740 3213 4795 καὶ
3238 4742 3338 4810 τῆς
3364 4739 3682 4809 συγχύσεως

2098 4831 2521 4903 διακρινομένης
2544 4849 2556 4862 ·
2583 4833 2658 4897 ὡς
2682 4850 2740 4886 τε
2773 4834 2960 4902 σαφῶς
2986 4834 3182 4887 εἰδέναι
3207 4832 3339 4886 πότε
3366 4832 3470 4903 μὲν
3493 4832 3553 4884 τὸ
3588 4831 3685 4885 χύ-

2101 4943 2216 4997 ριον
2245 4926 2517 4981 αὐτὸκαθ’
2550 4927 2716 4981 ἐαυτὸ
2739 4927 2798 4981 τὸ
2828 4927 3018 4996 ὄνομα
3044 4926 3329 4997 σημαίνει,
3358 4925 3491 4979 πότε
3522 4925 3580 4979 δὲ
3598 4924 3685 4978 δό-

2101 5018 2199 5085 ξαν
2226 5020 2319 5073 καὶ
2342 5020 2510 5090 τιμὴν
2535 5020 2630 5074 τοῦ
2679 5019 3108 5091 ὀνομαζομένου,
3140 5019 3234 5071 καὶ
3273 5018 3408 5071 πότε
3453 5019 3555 5088 τὴν
3589 5018 3674 5071 δι-

2098 5110 2395 5165 δασκαλίαν
2433 5111 2597 5166 αὐτοῦ
2625 5112 2718 5167 καὶ
2761 5112 2823 5165 τὸ
2868 5114 3150 5184 κήρυγμα.
3182 5112 3584 5180 Συνεπικροτεῖ
3627 5110 3685 5163 δὲ

2096 5201 2198 5272 τὴν
2221 5202 2375 5257 λύσιν
2404 5205 2498 5258 κα)⁸
2550 5205 2611 5258 τὸ
2653 5204 2841 5258 λαϐεῖν
2894 5204 3206 5273 ἐπιστήμην
3266 5201 3344 5272 μὴ
3392 5200 3687 5265 διαπαντὸς

2098 5294 2329 5349 ⁹εἰπεσθαι
2368 5296 2462 5371 τῷ
2522 5295 2678 5367 τύπῳ
2727 5297 2826 5368 τῆς
2879 5296 3062 5366 φωνῆς
3116 5294 3215 5365 τὴν
3248 5294 3357 5346 τῶν
3392 5295 3684 5365 νοημάτων

2096 5390 2411 5460 ὁμοιότητα.
2445 5390 2581 5443 Οὐδὲ
2611 5390 2720 5458 γάρ
2744 5390 2803 5443 τὸ
2826 5392 2905 5454 είς
2932 5391 3021 5443 τὸν
3046 5390 3271 5443 θάνατον
3288 5389 3382 5443 τοῦ
3416 5388 3682 5459 Χριστοῦ,

2099 5483 2218 5538 οὐδὲ
2270 5483 2334 5536 τὸ
2382 5485 2463 5547 είς
2509 5484 2745 5555 Χριστὸν
2781 5484 3142 5555 βαπτισθῆναι
3183 5483 3460 5552 λέγεσθαι.
3493 5484 3555 5536 ού
3584 5482 3683 5553 μὲν

2099 5572 2193 5629 οὖν
2229 5576 2345 5629 ἀλλ’
2374 5576 2495 5630 οὐδὲ
2524 5576 2586 5628 τὸ
2610 5578 2689 5641 είς
2726 5576 2784 5629 ἐν
2811 5577 2994 5647 σῶμα,
3020 5577 3109 5629 διὰ
3143 5576 3203 5628 τὸ
3235 5576 3421 5647 σχῆμα
3446 5576 3548 5644 τῆς
3578 5593 3681 5644 φω-

2104 5668 2201 5737 νῆς
2258 5668 2358 5739 τὴν
2414 5670 2585 5741 αὐτὴν
2636 5673 3055 5742 παραστησουσι
3097 5669 3377 5723 διάνοιαν·
3409 5670 3526 5723 ἀλλ’
3561 5670 3679 5720 ὅσον

2104 5759 2276 5814 ταῦτα
2308 5762 2375 5833 τῇ
2410 5763 2659 5832 προερορᾷ
2694 5761 2803 5815 τῶν
2830 5761 3089 5833 ῥημάτων
3122 5759 3215 5813 καὶ
3246 5760 3354 5815 τῶν
3400 5759 3677 5831 ὀνομάτων
