3888 6186
216 277 330 339 333

1175 283 1273 341 AD
1309 283 1896 344 AMPHILOCHIUM
1939 283 2284 353 QUiESTIO
2315 287 2515 347 XLIV.

3379 277 3482 340 334

228 393 541 463 συνεγγίζει
570 412 627 450 τε
660 396 754 453 καὶ
785 394 1269 468 συσχηματίζεται,
1295 397 1548 450 τοσοῦτον
1575 397 1671 450 ἀπ’
1699 396 1797 449 ἀλ-

1917 405 1952 450 :t
1983 397 2358 467 conﬁguratae,
2386 398 2723 453 tantumdem
2744 395 3227 452 intersediﬂ'erunt
3255 403 3482 448 senten-

222 482 410 554 λὴλων
439 486 579 540 κατὰ
600 489 699 558 τὴν
722 488 831 542 τῶν
856 487 1142 558 νοημάτων
1163 487 1446 556 διέστηκεν
1463 488 1548 541 ὲτε
1558 488 1762 557 ρότητσς
1781 528 1794 542 .

219 573 337 627 Καὶ
381 576 517 647 πρὸς
546 577 756 642 τούτοις
801 579 836 632 ἃ
879 582 1001 643 ταῖς
1044 579 1231 640 ἄλλαις
1279 577 1643 631 ἐπιδέδεικται
1691 577 1799 630 τῶν

217 663 444 718 ἀτόπων
471 667 857 738 συνεπομένων
873 666 1205 720 ὲπιλύσεσιν.
1237 667 1356 719 Ἔτι
1395 665 1450 718 δὲ
1474 666 1553 718 ὅτι
1582 667 1657 735 μὴ
1689 658 1798 716 οἷον

217 751 296 825 ἧν
343 756 453 808 τῶν
516 758 773 827 μαθητῶν
817 759 916 829 τὴν
964 758 1057 811 τοῦ
1105 757 1431 810 διδασκάλου
1479 755 1800 825 νομοθεσίαν

220 850 696 919 καινοτομούντων
737 852 1000 924 ἑτέρωθεν
1044 849 1476 921 ἀνακτήσασθαι,
1514 846 1652 900 ἀλλὰ
1705 847 1800 899 καὶ

217 941 364 1012 αὑτὴ
400 942 561 1014 μέχρι
600 941 694 996 νῦν
729 942 948 1013 ἐκράτει
991 944 1089 1013 τῆς
1118 943 1337 1012 ἐντολῆς
1382 941 1658 1011 ἀθέτησις,
1702 939 1802 992 οὐκ

219 1032 459 1102 ἐχούσης
487 1033 718 1104 πάροδον
744 1035 844 1104 τῆς
873 1035 968 1088 νῦν
1013 1033 1368 1106 θειαζομένης
1397 1036 1464 1104 τῇ
1500 1031 1799 1104 Ἐκκλησία

220 1123 619 1186 καταστάσεως
645 1139 663 1158 ο
686 1125 778 1178 καὶ
811 1125 893 1178 ὅτι
948 1125 1225 1196 μάρτυρες
1256 1129 1353 1195 τῆς
1384 1125 1642 1195 τοιαύτης
1674 1125 1796 1176 ἐπιο

218 1209 434 1275 λύσεως
461 1211 570 1266 τῶν
595 1213 852 1284 μαθητῶν
884 1215 933 1268 οἱ
966 1218 1254 1285 κορυφαῖοι
1283 1215 1660 1285 καθεστήκασι
1695 1213 1802 1266 Πέ-

217 1318 354 1372 τρος
421 1304 514 1356 καὶ
565 1304 813 1368 Παῦλοςσ
853 1307 947 1360 καὶ
993 1307 1054 1359 τὸ
1109 1305 1334 1378 φρικτὸν
1397 1305 1492 1358 καὶ
1545 1304 1798 1376 φοϐερὸν,

215 1392 305 1446 ὅτι
347 1394 598 1466 συνοδικὴ
637 1395 746 1449 τῶν
795 1397 1128 1460 ἀποστόλων,
1164 1397 1257 1450 καὶ
1292 1397 1645 1466 ἀδυσώπητος
1705 1413 1802 1448 κα-

212 1484 559 1554 ταλαμϐάνει
607 1486 787 1556 ψῆφος
845 1491 973 1552 τοὺς
1017 1488 1139 1541 καθ’
1175 1487 1361 1558 ἔτερόν
1419 1505 1541 1541 τινα
1599 1487 1804 1558 τρόπον

214 1577 505 1649 βάπτισμα
563 1580 715 1651 παρά
783 1581 875 1635 τὸν
934 1582 1028 1634 τοῦ
1086 1581 1362 1634 Δεσπότου
1431 1583 1594 1646 νόμον
1681 1583 1803 1636 τολ-

218 1669 442 1738 μῶντας
507 1672 812 1737 ἐπιτελεῖν,
865 1675 960 1727 καὶ
1024 1673 1463 1744 ἀντινομοθετεῖν
1517 1677 1582 1746 τῇ
1654 1675 1801 1729 ὲκεί-

213 1780 315 1816 νου
377 1765 703 1836 κυριότητι·
761 1766 849 1820 διὰ
897 1768 1055 1820 τοῦτο
1098 1768 1189 1819 καὶ
1237 1769 1270 1838 ἡ
1324 1767 1428 1821 ἀνὰ
1471 1769 1652 1821 πᾶσαν
1704 1768 1804 1838 τὴν

212 1854 549 1926 οἰκουμένην
563 1855 861 1925 Ἐκκλησία
884 1858 1024 1910 κατὰ
1039 1857 1289 1929 διαδοχὴν
1309 1857 1418 1911 τῶν
1431 1857 1804 1912 ἀποστολικῶν

221 1941 486 2017 πράξεὼἲθ
514 1966 571 2002 τε
600 1951 692 2002 καὶ
719 1950 1094 2020 κηρυγμάτων
1133 1951 1212 2013 είς
1239 1949 1414 2021 ὄνομα
1445 1951 1662 2022 Πατρδς
1713 1952 1805 2004 καὶ

214 2039 358 2092 Υίοῦ
389 2041 482 2094 καὶ
511 2041 668 2110 ἁγίου
701 2043 1014 2112 Πνεύματος
1042 2042 1399 2112 βαπτίζουσα,
1425 2041 1562 2113 μετά
1582 2042 1642 2095 τὸ
1671 2043 1806 2095 καθ-

211 2132 457 2204 αρθῆναι
488 2135 616 2196 τοὺς
646 2134 1088 2206 βαπτισαμένους
1114 2137 1179 2206 τῇ
1224 2134 1603 2204 ἀναγεννήσει,
1637 2135 1804 2200 εὐμε-

208 2223 298 2278 λεί
313 2241 374 2278 τε
390 2225 794 2296 καὶδιαπρυσίῳ
810 2226 996 2280 εἴωθεν
1009 2225 1336 2295 ὑποψάλλειν
1355 2229 1418 2296 τῇ
1439 2229 1608 2296 φωνῇ,
1622 2245 1640 2278 ι
1653 2226 1806 2279 Ὅσοι

210 2317 295 2378 είς
325 2318 558 2388 Χριστὸν
590 2317 974 2389 ἐϐαπτίσθητε,
1004 2318 1242 2389 Χριστὸν
1290 2315 1608 2370 ἐνεδύσασθε
1637 2317 1799 2388 (48)’»

210 2408 372 2460 οὐδὲν
402 2403 563 2478 ἦττον
610 2407 1083 2480 ἀνακηρύττουσα,
1112 2409 1194 2462 ὅτι
1243 2408 1498 2482 καθάπερ
1548 2408 1645 2462 νῦν
1679 2411 1807 2472 τοὺς

213 2500 300 2563 εἰς
317 2499 538 2570 Πατέρα
564 2501 658 2554 καὶ
686 2501 816 2554 Υίὸν
846 2502 940 2554 καὶ
964 2500 1187 2570 Πνεῦμα
1207 2500 1362 2569 ἅγιον
1386 2500 1804 2570 βαπτισθέντας,

214 2594 299 2654 είς
331 2593 563 2663 Χριστὸν
592 2592 823 2661 λέγομεν
877 2593 1235 2663 βαπτισθῆναι
1267 2594 1364 2646 καὶ
1385 2593 1625 2664 Χριστὸν
1655 2592 1807 2646 ἐνδύ-

216 2682 442 2734 σασθαι·
491 2679 634 2734 οὕτω
669 2682 765 2734 καὶ
801 2682 910 2734 τῶν
961 2683 1274 2736 ἀποστόλων
1322 2685 1349 2736 ὁ
1385 2682 1545 2752 χορὸς
1601 2683 1664 2734 τὸ
1709 2681 1809 2750 τῆς

212 2773 633 2842 ἀναγεννήσεως
666 2771 891 2844 λουτρὸν
919 2773 1352 2843 ἱερουργοῦντες,
1369 2775 1436 2844 τῇ
1472 2771 1566 2826 τοῦ
1594 2771 1809 2842 Πατρὸς

215 2865 316 2917 καὶ
347 2863 442 2918 τοῦ
490 2864 621 2917 Υίοῦ
664 2865 759 2919 καὶ
799 2864 892 2918 τοῦ
934 2865 1090 2933 ἁγίου
1140 2863 1460 2934 Πνεύματος
1501 2863 1807 2932 ἐπικλήσει,

218 2955 511 3027 βαπτίζειν
537 2957 786 3025 ἐλέγοντο
834 2959 913 3021 είς
946 2956 1207 3030 Χριστὸν,
1249 2955 1342 3009 καὶ
1375 2956 1433 3007 ὲν
1467 2954 1543 3026 τῷ
1583 2954 1809 3026 ὀνόματι

229 3044 415 3116 Ἰησοῦ
445 3045 702 3117 Χριστοῦ,
737 3047 832 3099 καὶ
861 3045 926 3100 τὰ
957 3046 1315 3119 παραπλήσια
1345 3045 1480 3115 (49).

765 3157 1097 3212 ΕΡΩΤΗΣΙΣ
1129 3159 1237 3212 ΜΔ⁹

224 3254 287 3308 Τί
311 3252 494 3321 δηλοῖ
520 3252 586 3307 τὸ
610 3253 972 3321 εὶρημένον,‹
999 3255 1096 3306 Ἐν
1119 3252 1297 3306 παντί
1321 3251 1504 3322 καιρῷ
1525 3253 1808 3307 ἔστωσαν

293 3325 370 3393 τὰ
397 3324 595 3393 Ιμάτιὰ
619 3339 736 3378 σου
756 3324 968 3387 λευκὰ,
989 3324 1085 3376 καὶ
1118 3323 1328 3376 ἔλαιον
1356 3325 1455 3378 ἐπὶ
1486 3323 1598 3392 τῆς
1625 3340 1807 3391 κεφα-

291 3392 425 3459 λῆς
462 3410 576 3448 σου
615 3393 701 3464 μὴ
750 3393 1162 3464 ὑστερησάτω,
1224 3393 1322 3448 καὶ
1365 3393 1472 3448 τοῦ
1516 3395 1715 3464 σοφοῦ
1756 3396 1812 3448 οἱ

297 3464 595 3535 ὀφθαλμοί
620 3462 699 3518 ’ἐν
722 3462 798 3532 τῇ
823 3463 1060 3532 κεφαλῇ
1091 3464 1301 3520 αὑτοῦ.

1833 3098 1880 3158 C

1901 487 2102 542 tiarum
2169 491 2502 544 diversitate.
2583 488 2676 543 IIis
2754 487 2894 542 adde
2967 484 3480 546 demonstrationes,

1901 593 2023 646 qua:
2060 594 2123 633 ex
2171 580 2622 649 consequentium
2685 579 3048 635 absurdorum
3120 574 3488 630 solutionibus

1903 677 2142 721 manant.
2175 668 2465 734 Praeterea,
2514 670 2658 740 quod
2704 669 2750 723 si
2787 667 3040 735 discipuli
3100 664 3202 733 legi
3239 659 3485 732 magistri

1903 756 2195 812 novitatem
2231 773 2386 812 suam
2430 759 2868 830 supposuissent,
2907 759 2992 810 lex
3044 763 3227 825 postea
3273 753 3361 806 illa
3408 753 3496 805 in-

1903 850 2136 904 staurari
2163 849 2382 906 aliunde
2413 866 2521 905 non
2573 851 2860 920 potuisset,
2908 863 3097 902 verum
3159 846 3268 900 huc
3312 857 3494 912 usque

1903 940 2180 1011 abrogatio
2207 941 2328 1011 ejus
2374 945 2682 1008 mansisset,
2728 956 2903 1010 neque
2941 937 3334 1010 postliminium
3389 951 3485 988 ex-

1903 1031 2128 1086 stitisset
2174 1034 2586 1088 consuetudinis
2617 1033 2757 1103 ejus,
2795 1045 2919 1102 qua)
2959 1028 3191 1084 nuncin
3242 1025 3486 1081 Ecclesia

1903 1122 2162 1179 divinitus
2188 1125 2351 1194 viget.
2385 1123 2608 1194 Insuper
2630 1125 2774 1194 quod
2796 1123 2960 1192 hujus
2977 1121 3266 1176 solutionis
3294 1118 3490 1173 sum-ao

1903 1223 2121 1284 gatores
2192 1223 2321 1270 sunt
2373 1202 2770 1285 discipulorum
2833 1214 3105 1285 principes
3172 1211 3368 1265 Petrus
3435 1220 3490 1262 et

1904 1304 2102 1360 Paulus
2135 1324 2147 1360 :
2188 1306 2444 1375 quodque
2483 1306 2641 1376 longe
2695 1305 3083 1376 gravissimum
3113 1301 3488 1357 tremendum~

1903 1412 2010 1466 que
2047 1407 2150 1461 est,
2183 1397 2442 1468 synodica
2478 1398 2853 1467 apostolorum
2884 1407 2938 1452 et
2975 1394 3327 1451 inexorabilis
3361 1408 3492 1446 sen-

1907 1489 2070 1543 tentia
2104 1490 2334 1558 percutit
2377 1505 2474 1544 cos
2522 1491 2614 1560 qui
2647 1489 2754 1544 alio
2794 1490 2988 1558 quovis
3036 1487 3220 1549 modo,
3263 1495 3489 1555 praetcr-

1904 1595 2065 1648 quam
2108 1595 2137 1633 a
2180 1579 2410 1634 Domino
2458 1581 2776 1634 mandatum
2832 1580 2956 1644 fuit,
3003 1577 3274 1647 baptisma
3321 1576 3490 1628 conli-

1905 1670 2075 1734 ciunt,
2109 1680 2164 1724 et
2193 1679 2384 1726 contra
2429 1671 2548 1740 ejus
2581 1688 2893 1740 supremam
2937 1678 3257 1738 potestatem
3303 1667 3491 1720 decer-

1907 1763 2258 1829 nunt.Quare
2289 1773 2400 1819 toto
2431 1765 2562 1819 orbe
2591 1775 2857 1818 terrarum
2895 1771 3188 1832 propagata
3223 1759 3488 1821 Ecclesia,

1906 1871 2028 1926 qua:
2061 1856 2632 1910 secundum.Actuum
2678 1857 3183 1925 praeconiorumque
3229 1852 3490 1921 apostoli-

1906 1962 2098 2001 corum
2133 1947 2478 2001 traditionem
2532 1947 2770 2017 baptizat
2831 1947 2884 2000 itt
2945 1945 3166 2000 nomine
3219 1943 3396 1997 Patris
3436 1953 3489 1996 et

1907 2037 2030 2090 Filii
2065 2045 2119 2090 et
2153 2034 2388 2106 Spiritus
2419 2036 2616 2100 sancti,
2664 2045 2954 2105 postquam
3007 2033 3306 2102 baptizatos
3337 2047 3490 2101 rego-

1907 2128 2190 2182 neratioue
2240 2128 2510 2197 purgavit,
2567 2128 2841 2182 modulata
2881 2127 3136 2195 claraque
3179 2139 3311 2178 voce
3353 2125 3492 2178 solet

1909 2235 2107 2275 canere
2133 2239 2145 2272 :
2181 2239 2198 2271 ι
2239 2219 2518 2289 Quotquot
2547 2219 2598 2273 in
2629 2219 2849 2274 Christo
2871 2217 3125 2288 baptizati
3149 2215 3304 2280 estis,
3333 2214 3492 2268 Chri-

1908 2319 2052 2364 stum
2094 2311 2371 2365 induistis.
2407 2330 2425 2362 ι
2451 2310 2627 2380 Atque
2672 2310 2744 2364 ita
2795 2310 3088 2379 pradicare
3118 2323 3222 2361 non
3253 2306 3486 2365 dubitat.

1907 2399 2068 2455 sicuti
2096 2415 2240 2453 nunc
2272 2401 2324 2452 in
2348 2400 2506 2454 Patre
2525 2408 2578 2454 et
2607 2397 2745 2453 Filio
2772 2409 2826 2454 et
2848 2399 3052 2468 Spiritu
3087 2409 3280 2451 sancto
3313 2396 3489 2464 bapti-

1909 2500 2060 2546 zatos
2094 2492 2403 2562 suscepisse
2460 2492 2792 2562 baptismum
2841 2493 3076 2547 dicimus
3125 2499 3179 2543 cl
3213 2488 3489 2544 Christum

1909 2583 2196 2650 induisse;
2246 2585 2320 2639 ita
2368 2595 2571 2640 emtum
2613 2586 2988 2655 apostolorum
3062 2580 3490 2650 regenerationis

1909 2676 2186 2731 lavacrum
2218 2677 2691 2733 administrantem
2719 2693 2843 2732 cum
2866 2675 3043 2730 Patris
3060 2686 3111 2728 et
3140 2673 3256 2728 Filii
3285 2684 3337 2726 et
3367 2672 3493 2740 Spi-

1911 2767 2050 2821 ritus
2083 2769 2259 2823 sancti
2305 2768 2672 2834 invocatione,
2704 2769 2910 2823 dictmn
2939 2767 3067 2821 olim
3120 2765 3290 2820 fuisse
3326 2763 3496 2832 bapti-

1913 2875 2040 2915 zare
2070 2862 2122 2914 in
2155 2861 2398 2924 Christo,
2423 2861 2552 2918 et.in
2583 2861 2802 2916 nomine
2826 2858 2953 2915 Jesu
2984 2859 3210 2923 Christi,
3246 2866 3300 2912 et
3338 2857 3492 2912 simi-

1915 2950 2060 3006 libus
2092 2951 2368 3008 formulis.

2243 3149 2580 3219 QUIESTIO
2608 3149 2771 3205 XLIV
2813 3151 2911 3223 [αι.
2951 3148 3160 3221 XLIII].

1914 3241 2058 3309 Quid
2083 3243 2348 3313 signiﬁcat
2372 3243 2508 3296 illud
2551 3243 2693 3314 quod
2725 3244 2924 3297 dictum
2961 3251 3076 3314 est;
3118 3260 3137 3293 ι
3179 3239 3336 3314 omni
3369 3249 3503 3314 tein-

1983 3330 2109 3382 pore
2134 3310 2242 3368 sint
2281 3310 2598 3368 uestimenta
2628 3323 2720 3367 tua
2757 3315 2902 3373 alba,
2943 3323 2992 3365 et
3027 3311 3197 3366 oleum
3233 3311 3287 3363 in
3325 3310 3498 3382 capit:

1990 3380 2079 3438 tuo
2111 3400 2172 3438 ne
2194 3385 2424 3454 deficiat,
2456 3393 2505 3438 et
2535 3385 2787 3452 sapientis
2815 3383 2954 3438 oculi
2980 3383 3033 3436 in
3093 3383 3260 3452 capite
3292 3380 3429 3449 ejus.
3471 3397 3490 3430 ι

875 3553 1015 3603 Edita
1044 3569 1071 3603 a
1092 3552 1234 3615 Maio,
1261 3556 1386 3605 Nov.
1422 3553 1566 3616 Coll.,
1601 3561 1634 3606 t.
1664 3556 1742 3617 IX,
1764 3571 1811 3620 p.
1836 3558 1967 3611 27-5.-
1999 3561 2288 3624 Explanatio
2317 3561 2366 3611 in
2387 3561 2576 3612 Eccles.
2601 3563 2718 3624 tx,_8
2741 3561 2812 3621 ιι,
2843 3561 2913 3610 Η.

297 3639 375 3693 To
395 3640 761 3708 λευχειμονεῖν
792 3631 870 3700 οἷς
898 3639 931 3708 ἡ
961 3639 1103 3692 κατὰ
1127 3638 1195 3690 τὰ
1221 3639 1427 3692 παλαιά
1455 3637 1663 3709 νόμιμα
1711 3657 1809 3694 ’πο⁴

223 3734 402 3788 λιτεία
426 3731 886 3802 περισπούδαστον
907 3731 1244 3802 εὐφροσύνης
1276 3733 1425 3803 ἱερᾶς
1447 3733 1538 3786 καὶ
1556 3735 1812 3806 ἀγιοπρεο

226 3827 367 3889 πούς
396 3823 778 3885 καταστάσεως
805 3822 1258 3893 παρελαμϐάνετο
1288 3823 1580 3894 σύμϐολον,
1616 3827 1711 3878 καὶ
1744 3826 1810 3896 δὴ

226 3919 327 3971 xa‘t
366 3917 426 3970 τὸ
483 3916 582 3987 τὴν
637 3916 878 3984 κεφαλὴν
929 3915 1090 3986 ἐλαίῳ
1139 3915 1457 3985 ἀλείφεσθαι
1500 3917 1600 3987 τῆς
1647 3918 1814 3988 αὐτῆς

224 4010 526 4079 τεκμήριον
543 4007 820 4060 ἐποιοῦντο
837 4005 1146 4068 διαθέσεως.
1167 4007 1258 4060 Διὸ
1274 4007 1369 4061 καὶ
1382 4010 1410 4061 ὁ
1427 4008 1630 4080 Κύριος
1651 4009 1808 4080 ἡμῶν

224 4101 330 4170 τῆς
363 4101 472 4152 τῶν
498 4099 805 4170 Φαρισαίων
835 4099 1065 4168 ἀπάγων
1094 4101 1246 4170 ἡμᾶς
1288 4101 1576 4170 μιμήσεως
1609 4099 1763 4169 ἔλεγε

231 4211 251 4243 ί
285 4191 362 4244 Σὺ
390 4190 445 4242 δὲ
481 4190 755 4260 νηστεύων
782 4189 998 4258 ἄλειψαί
1033 4206 1126 4241 σου
1161 4189 1255 4260 τὴν
1294 4190 1538 4260 κεφαλὴν
1575 4191 1758 4261 ὲλαίῳε
1788 4209 1806 4242 ι

225 4277 363 4346 οἷον,
401 4283 454 4336 Μ
469 4281 582 4352 Ἰδὲν
615 4281 958 4352 σκυθρωπὸν,
989 4281 1125 4352 μηδὲ
1183 4282 1425 4352 κατηφὲς
1462 4282 1540 4352 τῷ
1571 4283 1672 4352 τῆς
1717 4303 1812 4353 νη-

1987 3645 2152 3700 Veste
2179 3647 2301 3700 alba
2345 3646 2518 3710 indui,
2578 3646 2646 3701 iis
2698 3646 2895 3716 quibus
2955 3644 3078 3698 vitae
3156 3642 3312 3713 juxta
3393 3657 3500 3696 au-

1917 3737 2101 3808 tiquos
2131 3739 2268 3793 ritus
2291 3737 2604 3794 institutum
2631 3738 2812 3793 studio
2839 3735 3138 3806 appetitum
3169 3745 3306 3799 erat,
3325 3749 3498 3788 sacra:

1918 3832 2123 3887 laetitiae
2146 3840 2200 3886 et
2231 3831 2407 3887 saneti
2433 3840 2610 3886 status
2636 3829 2946 3900 symbolum
2993 3826 3410 3888 assumebatur;
3446 3833 3502 3878 ct

1921 3937 2055 3979 sane
2090 3923 2272 3976 adhuc
2325 3929 2489 3992 caput
2541 3920 2669 3991 ungi
2714 3921 2836 3974 oleo
2873 3919 2975 3973 sibi
3006 3917 3280 3972 faciebant
3335 3915 3500 3983 Imjus

1922 4014 2300 4084 dispositionis
2341 4014 2712 4068 testimonium
2741 4029 2755 4077 ;
2790 4016 3124 4081 quapropter
3154 4017 3205 4064 et
3239 4007 3502 4061 Dominus

1920 4117 2108 4162 noster
2141 4121 2242 4161 nos
2271 4122 2300 4161 a
2335 4105 2736 4161 Pharisaeorum
2780 4114 3030 4158 avertens
3080 4099 3384 4155 imitatione
3419 4097 3502 4151 di-

1919 4198 2112 4253 cebat:
2156 4217 2174 4250 ι
2210 4197 2290 4253 Tu
2324 4208 2507 4252 autem
2539 4213 2662 4252 cum
2692 4195 2934 4265 jejunas,
2967 4209 3108 4261 unge
3147 4200 3311 4260 caput
3343 4200 3498 4244 tuum

1917 4290 2072 4356 oleo;
2138 4309 2156 4340 ι
2185 4289 2344 4359 quasi
2384 4287 2656 4342 dixisset:
2707 4285 2850 4339 Nihil
2903 4284 3078 4347 triste,
3134 4282 3270 4336 nihil
3318 4280 3497 4335 tnmsti

229 4374 419 4437 στείας
471 4372 854 4445 κατορθώματι
910 4373 1320 4446 συνδιαπὶέξῃς.
1387 4373 1542 4427 Ἐπεὶ
1585 4372 1680 4429 οὖν
1736 4377 1807 4428 τὰ

1917 4380 2101 4450 iejunii
2131 4380 2276 4434 bono
2298 4379 2630 4434 inunisceas.
2657 4374 2931 4444 Quoniam
2983 4375 3150 4445 igitur
3177 4373 3300 4427 alba
3327 4381 3496 4428 vcsti-

1751 4490 1984 4548 NOTAE.

304 4581 418 4652 (48)
439 4581 572 4638 Vide
596 4583 908 4639 Grmcorum
929 4581 1360 4655 Eucliologium,
1381 4599 1499 4654 cap.
1538 4585 1605 4640 de
1636 4585 1813 4654 bapti-

230 4665 428 4708 smate.

300 4723 416 4794 (497)
451 4721 642 4776 Photio
665 4733 721 4778 ut
745 4723 1008 4778 scriberet
1031 4723 1355 4778 luculentam
1384 4725 1524 4780 hanc
1551 4724 1617 4778 de
1640 4724 1816 4794 bapti-

231 4793 339 4850 smi
381 4793 1115 4865 formulaidissertationem,
1152 4796 1241 4846 vix
1276 4795 1469 4865 dubito
1517 4796 1649 4865 quin
1683 4793 1816 4849 cau-

232 4879 352 4921 sam
406 4864 664 4918 obtulerit
716 4866 1113 4936 controversia
1131 4879 1238 4936 per“
1274 4863 1328 4936 id,
1375 4863 1588 4936 tempus
1635 4865 1814 4919 denuo

230 4947 536 4995 commota,
569 4951 732 5004 quam
781 4949 812 4990 e
841 4933 1043 4989 celebri
1084 4933 1141 4988 S.
1180 4933 1385 4988 Nicolai
1442 4933 1502 4989 l.'
1545 4936 1700 5003 Papa:
1725 4951 1814 4990 re-

234 5019 445 5074 sponso
470 5005 536 5058 ad
569 5003 829 5072 Bulgaros
855 5005 989 5060 satis
1019 5005 1420 5074 cognoscimus,
1453 5005 1520 5060 de
1544 5006 1814 5074 baptismo

236 5073 499 5131 nimirum
537 5075 590 5127 in
623 5077 681 5129 S.
718 5074 1006 5129 Trinitatis
1028 5078 1114 5129 vel
1143 5075 1194 5128 in
1226 5073 1430 5128 Christi
1472 5073 1687 5129 nomine
1716 5078 1814 5129 ad-

240 5147 572 5200 ministrato.
601 5144 759 5210 Quod
788 5155 967 5198 autem
992 5144 1216 5200 I’hotius
1255 5160 1429 5212 neque
1465 5145 1569 5200 hoc
1605 5146 1812 5214 scripto

238 5232 420 5285 neque
452 5215 542 5268 illa
575 5216 802 5283 epistola
830 5215 1126 5286 encyclica,
1152 5230 1271 5284 qua!
1293 5225 1377 5268 est
1404 5215 1640 5286 secunda
1675 5215 1821 5268 inter

239 5283 434 5348 editas,
454 5286 907 5339 contumeliarum
927 5283 980 5340 et
997 5283 1437 5338 eriminationum
1462 5285 1514 5338 in
1541 5283 1820 5339 Romanos

240 5356 601 5427 Bulgarorum
655 5359 904 5409 doctores
940 5357 1120 5424 plena,
1171 5355 1464 5425 quidquam
1505 5355 1816 5427 huiusmodi

240 5425 466 5480 Niedlao
501 5427 698 5480 viventi
737 5427 1016 5493 objecerit,
1051 5427 1101 5478 id
1145 5441 1332 5479 rursus
1376 5426 1694 5493 comprobat
1733 5425 1818 5476 in—

244 5496 556 5551 humaniter
587 5507 638 5548 et
675 5497 856 5564 inique
888 5495 1066 5549 facere
1088 5512 1186 5550 eos
1221 5497 1311 5563 qui
1342 5495 1566 5549 Nieolao
1594 5495 1816 5548 maledi-

244 5575 395 5631 cunt,
425 5569 513 5619 cui
541 5567 621 5619 vel
656 5565 1042 5620 acerbissimos
1088 5566 1264 5620 hostis
1294 5569 1345 5618 in
1397 5568 1495 5619 hac
1522 5573 1692 5635 parte
1722 5564 1819 5618 oh-

247 5648 482 5692 trectarc
511 5654 616 5690 nou
642 5647 725 5690 est
747 5651 934 5689 ausus.
967 5636 1046 5690 Ad
1083 5652 1193 5690 rem
1237 5637 1406 5705 ipsam
1433 5634 1576 5705 quod
1604 5634 1815 5691 attinet.

252 5708 481 5778 quaestio
517 5722 649 5762 sane
716 5706 971 5763 historica
1020 5708 1196 5776 potius
1253 5719 1354 5768 est,
1397 5718 1578 5762 utrum
1624 5719 1817 5775 nempe

1921 4585 2150 4651 apostoli
2181 4583 2442 4654 peculiari
2481 4582 2664 4654 aliquo
2696 4582 2819 4653 jure.
2848 4577 3265 4654 ab_evatigelica
3325 4575 3498 4654 forma

1923 4649 2215 4725 aliquando
2238 4649 2602 4728 discesserint
2629 4693 2645 4718 ,
2687 4649 2888 4728 necne.
2919 4649 3052 4728 Nam
3086 4649 3228 4718 quod
3251 4657 3402 4728 certe
3447 4649 3502 4702 in

1924 4721 2174 4796 pnesenti
2201 4725 2524 4796 aliisvcrbis
2556 4724 2830 4796 baptizare
2855 4738 2967 4796 non
2999 4721 3177 4796 liceat,
3211 4721 3313 4772 nisi
3341 4734 3506 4796 evan-

1924 4788 2111 4866 gelicis
2145 4805 2197 4866 et
2226 4798 2276 4848 in
2306 4795 2543 4850 Ecclesia
2589 4788 2844 4866 universa
2887 4791 3124 4866 usitatis,
3184 4803 3345 4842 nemo
3388 4788 3500 4866 jam

1925 4859 2101 4935 negat.
2143 4865 2285 4920 inter
2321 4866 2518 4919 multos
2551 4864 2910 4935 recentiores,
2951 4859 3507 4935 quicontroversiam

1921 4927 2136 4991 curiose
2161 4937 2513 4999 ventilarunt,
2545 4933 2848 5003 theologos,
2874 4927 3185 5003 llarduinus
3209 4937 3264 4982 et
3292 4927 3508 5003 Calme-

1923 5016 2010 5062 tus
2040 5008 2285 5061 eminent
2333 5015 2492 5074 atque
2542 4999 2760 5057 Ursus.’
2781 5003 2844 5056 Et
2887 5003 2996 5056 duo
3035 4999 3254 5069 quidem
3295 4999 3504 5074 priores

1920 5091 2047 5131 cum
2076 5077 2276 5131 inedita
2313 5070 2490 5130 Photii
2520 5074 2786 5127 sententia
2832 5074 3019 5142 (quam
3059 5070 3351 5139 ceteroqui
3391 5085 3504 5142 non

1922 5148 2183 5217 legerant)
2208 5147 2342 5200 satis
2363 5141 2849 5217 conspiraverunt:
2876 5141 3018 5217 Urse
3049 5151 3256 5203 autem,
3280 5141 3510 5217 copioso

1928 5211 2052 5270 licet
2077 5227 2130 5272 et
2160 5211 2344 5277 docto,
2392 5211 2592 5287 qui—ab
2635 5214 3002 5287 hisdissidet,
3051 5222 3105 5266 et
3153 5220 3282 5287 tunc
3320 5211 3504 5287 statim

1929 5303 2028 5356 pro
2064 5289 2320 5356 opinione
2353 5281 2449 5340 sua
2491 5295 2683 5340 contra
2717 5286 3027 5354 theologum
3054 5281 3345 5356 quemdam
3377 5281 3506 5356 Spr-

1930 5353 2184 5412 bonicum
2208 5358 2590 5412 decertandum
2622 5356 2739 5419 fuit,
2773 5365 2825 5408 et
2855 5353 2998 5408 nunc
3031 5356 3248 5422 gravior
3278 5353 3504 5406 Photius

1932 5437 2054 5496 post
2116 5429 2225 5482 I'ata
2292 5429 2635 5481 adversarius
2685 5427 2949 5479 exoritur.
3021 5425 3211 5478 l'hotio
3267 5422 3503 5496 denique

1931 5492 2231 5568 consonant
2278 5499 2554 5568 Didymus,
2606 5497 2668 5549 de
2717 5497 2906 5565 Spirit.
2959 5506 3164 5558 sancto,
3204 5509 3346 5568 __cap_.
3399 5492 3502 5568 ει,

1931 5580 1984 5622 ct
2025 5561 2463 5640 Theophylactus
2506 5568 2606 5623 sub
2647 5561 2806 5623 linem
2860 5565 3237 5622 commentarii
3279 5561 3342 5618 ad
3395 5561 3508 5614 Lu~

1931 5656 2072 5696 Cillll.
