3888 6186
404 259 512 326 335

1558 272 1826 335 PHOTII
1862 273 2372 339 PATRIARCHE
2402 277 2511 340 CP.

3562 277 3672 341 336

395 381 579 429 menta
606 383 660 428 et
693 372 876 428 oleum
916 375 986 431 iis
1033 376 1124 446 qui
1159 377 1212 432 in
1254 378 1372 451 lege
1418 380 1673 438 vivebant
1712 385 1973 440 ornabant

2081 388 2252 452 λευκὰ
2283 388 2476 457 ἱμάτια
2500 389 2612 452 τοῖς
2641 387 2698 441 ἐν
2723 386 2799 457 τῷ
2837 386 2988 458 νόμῳ
3015 385 3113 440 καὶ
3141 386 3201 441 τὸ
3226 385 3405 440 ἔλαιον
3440 388 3673 460 suosua

395 478 620 534 corpus,
661 465 1046 536 signiﬁcabant
1076 479 1258 524 autem
1317 472 1484 526 vitam
1532 475 1584 527 in
1613 475 1798 530 lmtitia
1850 492 1982 531 con-

396 557 643 613 stitutam
671 576 685 613 :
717 559 792 615 ita
826 575 922 630 per
949 573 1154 617 aeterna
1179 565 1430 633 exempla
1462 565 1698 623 Verbum
1726 585 1828 624 nos
1851 571 1982 624 hor-
2026 571 2043 576 ”

395 657 547 706 tatur
571 658 629 703 ut
651 650 899 706 eamdem
922 663 1158 708 mentem
1191 654 1418 710 nitidam
1440 665 1491 712 et
1505 668 1754 714 ornatam
1782 661 1983 715 hahea-

395 755 539 796 mus.
576 740 777 798 Nitebit
807 753 988 800 autem
1020 755 1073 800 et
1097 747 1404 813 ornabitur,
1433 749 1477 804 si
1510 750 1664 805 stola:
1695 752 1813 820 ejus
1844 753 1982 807 albae

395 833 527 890 sint.
558 834 710 890 Alba:
754 852 922 906 porro
953 848 1138 902 erunt,
1180 841 1405 910 quando
1431 843 1671 912 puritate
1709 855 1764 900 et
1799 846 1983 912 splen-

395 925 530 981 dor-e
577 926 841 982 virtutum
873 929 1081 1000 absque
1127 933 1236 987 ulla
1281 949 1375 988 eas
1414 934 1737 1004 iuquiuante
1769 939 1978 994 malitia

395 1017 833 1087 splendebuntet
866 1025 1213 1080 translucida:
1240 1037 1438 1094 erunt;
1469 1044 1706 1098 quorum
1735 1032 1980 1088 exterior

396 1124 503 1163 non
533 1119 618 1165 est
639 1127 762 1183 erga
789 1113 1183 1186 Deuin‘pietas.
1222 1118 1294 1172 Ea
1324 1129 1409 1175 est
1427 1120 1572 1175 enim
1597 1137 1720 1192 quae
1751 1122 1979 1181 virtutes

395 1206 649 1276 producit
682 1217 736 1264 et
769 1213 1000 1266 scaturit
1045 1222 1100 1267 et
1129 1213 1182 1266 in
1226 1213 1332 1269 illis
1370 1215 1603 1270 chorum
1666 1231 1976 1273 consonum

394 1308 450 1353 ct
475 1301 806 1358 concinnum
860 1307 1124 1372 ostendit,
1193 1317 1248 1362 et
1302 1318 1509 1364 vestem
1558 1310 1876 1379 nuptialem,
1922 1320 1980 1367 et

394 1393 603 1447 caelesti
631 1411 785 1450 caena
817 1397 1033 1469 dignam
1075 1400 1204 1454 texit
1235 1410 1370 1455 etea
1395 1402 1634 1457 animam
1669 1404 1978 1459 circumdat

391 1489 447 1535 et
499 1482 696 1540 sahitis
747 1498 833 1542 est
864 1489 1251 1557 conciliatrix;
1291 1491 1493 1561 quibus
1521 1503 1575 1547 et
1631 1493 1736 1548 olei
1787 1495 1976 1550 unctio

392 1571 668 1643 imprimis
714 1577 962 1648 injicitur
999 1591 1053 1636 et
1100 1583 1412 1650 adaptatur.
1481 1584 1547 1640 Et
1596 1586 1825 1642 verbum
1851 1587 1927 1641 ait
1957 1605 1976 1642 :

397 1682 416 1713 ι
453 1665 646 1722 Oleum
674 1669 936 1741 in'capite
968 1684 1062 1728 tuo
1079 1691 1150 1731 ne
1166 1677 1406 1742 deﬁciat,
1441 1697 1462 1731 ι
1491 1679 1895 1750 eleemosynain
1919 1680 1972 1734 in

2087 479 2185 548 μὲν
2207 478 2270 532 τὸ
2299 478 2481 550 σῶμα,
2516 478 2706 552 ἐδήλου
2755 479 2814 535 δὲ
2837 478 2936 548 τὴν
2963 479 3022 530 ἐν
3046 480 3117 550 τῇ
3155 477 3466 551 εὐφροσύνῃ
3494 481 3669 535 κατά-

2085 585 2274 623 στασιν
2304 571 2402 640 τῆς
2431 569 2598 639 ζωῆς,
2627 569 2796 634 οὑτως
2832 569 2938 622 ἀπὸ
2957 569 3066 622 τῶν
3096 571 3254 634 ἐκτὸς
3277 571 3670 642 παραδειγμά-

2081 678 2190 714 των
2215 663 2245 714 ό
2273 663 2445 728 Λόγος
2467 663 2638 732 αὐτὴν
2669 662 3103 734 παρακελεύεται
3140 662 3373 733 φαιδρὰν
3402 662 3550 732 ἔχειν
3579 663 3673 716 καὶ

2087 751 2494 824 ἐξωραῖσμένην
2549 754 2652 825 τὴν
2706 752 2907 824 ψυχήν.
2967 751 3328 824 Φαιδρύνοιτο
3371 753 3419 805 δ’
3466 753 3536 805 ἆν
3575 754 3674 806 καὶ

2081 843 2372 915 ὡραῖζοιτο
2391 844 2608 898 καὶτῶν
2639 845 2845 914 ταύτης
2866 843 3230 915 περιϐολαίων
3254 844 3468 898 λευκῶν
3495 845 3674 914 ὑπαρ-

2080 938 2304 1008 χόντων.
2352 938 2537 992 Λευκὰ
2565 938 2610 992 δ’
2638 937 2704 992 ἂν
2728 937 3002 1007 γίγνοιντο
3039 937 3263 990 ἐπειδὰν
3289 938 3389 1008 τὴν
3433 937 3672 1008 καθαρό-

2079 1048 2218 1096 τητα
2250 1031 2345 1086 καὶ
2378 1031 2746 1102 λαμπρότητα,
2777 1029 2887 1084 τῶν
2917 1029 3130 1101 ἀρετῶν
3151 1030 3280 1084 ἄνευ
3305 1028 3453 1093 τινὸς
3472 1030 3674 1098 ἐπιμε-

2078 1121 2366 1191 λαινούσης
2388 1122 2529 1176 αὑτὰ
2559 1122 2757 1185 κακίας
2795 1121 3199 1176 ἀποστίλϐοντα
3226 1119 3314 1192 εἴη
3347 1120 3443 1175 καὶ
3471 1120 3673 1189 διαφα-

2079 1216 2144 1283 νῆ
2169 1228 2182 1243 ⁶
2234 1207 2310 1268 ὧν
2338 1215 2439 1268 οὑκ
2485 1215 2790 1286 ἔστιχωρὶς
2831 1214 2941 1268 οὐδ’
2970 1215 3005 1284 ἠ
3039 1214 3179 1284 πρὸς
3205 1216 3268 1268 τὸ
3304 1213 3463 1268 Θεῖον
3511 1213 3672 1266 εὐσέ-

2085 1307 2232 1360 ϐεια.
2273 1305 2423 1376 Αὐτὴ
2450 1306 2558 1378 γάρ
2611 1307 2758 1359 ἐστιν
2797 1308 2831 1378 ἡ
2863 1307 2953 1361 καὶ
2985 1307 3085 1370 τὰς
3124 1307 3327 1376 ἀρετὰς
3361 1305 3669 1377 προδαλλο-

2081 1397 2216 1467 μόνη
2265 1397 2362 1451 καί⁸
2420 1398 2767 1467 πηγάζουσα,
2817 1400 2912 1452 καὶ
2961 1399 3056 1454 τὸν
3108 1400 3168 1451 ὲν
3220 1398 3456 1460 ἐκείνοις
3508 1398 3671 1468 χορὸν

2077 1489 2396 1560 ὲναρμόνιόν
2421 1507 2481 1543 τε
2520 1491 2614 1543 καὶ⁹
2646 1489 2940 1561 σύμφωνον
2988 1491 3402 1561 ἀποφαίνουσα,
3441 1491 3540 1544 καὶ
3579 1491 3673 1544 τὸν

2076 1579 2349 1650 νυμφικόν
2405 1580 2605 1650 χιτῶνα
2630 1579 2725 1634 καὶ
2755 1581 2853 1651 τῆς
2905 1583 3228 1654 ἐπουρανίου
3263 1582 3540 1646 παστάδος
3571 1584 3666 1636 ιπ-

2077 1671 2231 1738 άξιον
2254 1671 2620 1743 ὲξυφαίνουσά
2642 1691 2703 1728 τε
2732 1675 2826 1728 καὶ
2848 1674 3274 1745 περιϐάλλεσθαι
3305 1663 3671 1746 παρασκευᾶῖ

389 1761 673 1828 proximos
689 1763 848 1820 olivae
885 1765 1152 1837 liquorem
1184 1771 1565 1836 subscribens,
1591 1786 1705 1841 quo
1737 1781 1798 1825 ut
1827 1787 1972 1825 nun-

2079 1765 2246 1828 ζουσα
2277 1765 2376 1836 τὴν
2403 1764 2580 1836 ψυχὴν
2610 1766 2705 1819 καὶ
2732 1766 2832 1836 τῆς
2873 1766 3144 1838 σωτηρίας
3174 1766 3500 1836 ὑπάρχουσα
3534 1764 3676 1836 πρό-

390 1866 553 1920 quam
580 1865 739 1922 egeat
768 1867 934 1928 caput
958 1869 1208 1916 nostrum
1242 1863 1530 1918 hortatur.
1570 1861 1690 1918 Non
1747 1863 1893 1918 enim
1924 1863 1972 1919 si

2083 1856 2233 1924 ξενος
2260 1872 2275 1889 ·
2303 1851 2384 1920 οἷς
2413 1858 2508 1911 καὶ
2533 1856 2628 1910 τοῦ
2673 1857 2854 1912 ἐλαίου
2887 1857 3068 1930 χρίσις
3104 1857 3340 1928 μάλιστά
3365 1875 3427 1910 τε
3457 1873 3674 1928 προκα-

390 1943 517 2011 quis
548 1943 843 2014 aliquando
870 1950 1129 2007 misertus
1163 1961 1270 2018 est,
1305 1953 1746 2009 misericordiam
1795 1953 1973 2007 adim-

2080 1949 2409 2003 ταϐάλλεταί
2455 1967 2517 2003 τε
2567 1950 2661 2003 καὶ
2710 1948 3214 2021 προκαταρτίζεται
3247 1966 3263 1982 °
3308 1949 3403 2004 καὶ
3440 1952 3471 2004 ό
3509 1949 3674 2018 λόγος

390 2032 590 2102 plevit;
632 2037 727 2092 sed
757 2039 803 2093 si
846 2042 1048 2110 saepius
1081 2053 1327 2113 egentem
1362 2044 1710 2114 coiitempsit,
1754 2053 1973 2099 antece-

2083 2040 2247 2111 φησί’
2281 2059 2298 2091 ι
2328 2041 2438 2094 Καὶ
2481 2040 2660 2096 ἔλαιον
2681 2043 2776 2096 ἐπὶ
2801 2045 2898 2112 τῆς
2929 2043 3170 2114 κεφαλῆς
3201 2059 3294 2096 σου
3337 2043 3412 2114 μὴ
3435 2041 3675 2112 ὑστερηο

392 2122 584 2180 dentes
607 2127 725 2183 dies
747 2129 984 2185 reddidit
1009 2148 1126 2188 suae
1148 2133 1307 2188 bona:
1327 2134 1562 2189 actionis
1592 2143 1971 2198 accusatores,

2086 2136 2255 2189 σὰτω·
2279 2155 2298 2188 ι
2318 2137 2420 2209 τὴν
2450 2137 2530 2200 είς
2558 2136 2687 2201 τοὺς
2718 2135 2948 2207 πλησίον
2970 2135 3342 2207 ἐλεημοσύνην
3368 2135 3465 2189 καὶ
3489 2134 3553 2187 ut
3572 2135 3674 2202 τῆς

391 2214 612 2272 virtutis
626 2227 682 2273 et
700 2220 1060 2294 eleemosynaa
1070 2234 1282 2280 contem
1291 2235 1498 2295 ptorem
1515 2240 1622 2280 non
1643 2227 1973 2281 erubescens

2087 2226 2354 2299 γηγενοῦς
2391 2228 2572 2282 ἐλαίου
2604 2228 2821 2293 λιϐάδος
2860 2228 3316 2300 ὑπογραφόμενος
3350 2244 3368 2263 ο
3401 2223 3471 2300 ἧς
3507 2224 3677 2297 μηδέ.

393 2310 575 2382 ipsum
593 2317 878 2386 convinci;
909 2327 964 2374 et
992 2321 1140 2391 quod
1167 2320 1316 2386 fecit,
1348 2339 1457 2378 non
1482 2323 1722 2387 virtutis,
1755 2322 1851 2380 sed
1872 2336 1973 2377 cu-

2083 2335 2216 2372 ποτε
2246 2317 2589 2389 ὑστερεῖσθαι
2624 2319 2782 2389 ἡμῶν
2812 2319 2912 2390 τὴν
2937 2318 3183 2390 κεφαλὴν
3207 2314 3672 2390 παρακελεύεται.

388 2402 610 2474 jusdam
637 2410 880 2466 ostendit
913 2427 1035 2468 esse
1059 2413 1508 2471 circumstantiae.

2080 2413 2156 2466 Οὑ
2187 2411 2295 2482 γὰρ
2317 2411 2370 2464 εῐ
2397 2428 2483 2474 τις
2518 2411 2651 2466 ποτὲ
2681 2411 2902 2482 ἠλέησε,
2926 2411 3018 2466 τὸν
3050 2411 3198 2464 ἔλεον
3212 2408 3622 2481 κατωρθώσατο
3651 2419 3668 2437 ⁶

392 2497 511 2552 ἀλλ’
533 2501 588 2554 εί
606 2518 690 2566 τις
722 2505 983 2571 πολλάκις
1002 2508 1094 2561 τὸν
1111 2509 1362 2578 δεόμενον
1381 2508 1652 2580 ὑπερεῖδε,
1684 2507 1747 2561 τὺ
1775 2505 2046 2575 προλασὸν
2109 2507 2207 2577 τῆς
2274 2505 2644 2578 άγαθουργίας
2711 2505 3022 2575 κατήγορον
3094 2502 3511 2575 ἀπειργάσατο.
3564 2497 3670 2568 τῆς

392 2591 595 2665 ἀρετῆς
620 2596 714 2648 καὶ
752 2599 854 2668 τῆς
881 2601 1252 2673 ἐλεημοσύνης
1299 2603 1616 2674 ὑπερόπτην
1656 2601 1850 2656 ἑαυτὸν
1881 2599 1981 2655 οὑκ
2013 2597 2151 2669 ἔχων
2178 2599 2338 2671 ὓϐριν
2359 2596 2766 2669 διελέγχεσθαιο
2795 2597 2890 2650 καὶ
2929 2595 2991 2650 τὸ
3029 2594 3275 2666 πραχθὲν
3301 2593 3406 2646 οὑκ
3433 2591 3670 2665 ἀρετῆς,

392 2684 532 2739 ἀλλά
558 2704 703 2753 τινος
728 2690 994 2765 διελέγχει
1030 2698 1426 2768 περιστάσεως.

465 2777 530 2834 Et
554 2781 681 2837 vide
705 2783 870 2856 hujus
922 2789 1076 2844 vocis
1119 2791 1460 2847 altitudinem
1521 2799 1576 2847 et
1622 2789 1973 2862 sapientiam.

2147 2783 2260 2838 Καὶ
2281 2783 2384 2855 ὅρα
2407 2781 2469 2835 τὸ
2501 2779 2637 2852 βαθὺ
2664 2779 2760 2833 καὶ
2803 2776 3264 2849 περινενοημένον
3290 2773 3620 2875 τῆς-λέξεως
3649 2785 3669 2803 ο

397 2889 418 2925 ο
451 2871 528 2959 Ne
580 2876 817 2948 deﬁciat,
873 2882 1073 2952 inquit,
1113 2885 1294 2940 oleum
1335 2887 1387 2940 in
1417 2887 1594 2956 capite
1641 2894 1756 2942 tuo.
1799 2906 1818 2939 ι
1863 2883 1973 2940 Etsi

2081 2895 2100 2931 ι
2112 2872 2580 2948 Μὴὺστερησάτω,
2595 2870 2748 2941 φησὶ,
2760 2869 2820 2923 τὸ
2832 2868 3007 2922 ἔλαιον
3031 2868 3121 2976 ἐπὶ.
3135 2867 3233 2938 τῆς
3248 2864 3490 2934 κεφαλῆς
3511 2878 3668 2976 cum!)

395 2956 535 3020 enim
566 2967 766 3035 saepius
822 2974 1001 3036 unxit,
1042 2983 1332 3044 quantum,
1365 2955 1566 3046 inquit,
1595 2990 1624 3029 a
1645 2975 1973 3046 pinguedine

2075 2970 2138 3022 Ei
2165 2968 2274 3039 γὰρ
2304 2965 2398 3020 καὶ
2417 2963 2674 3025 πολλάκις
2700 2961 2980 3032 ἠλείψατο,
3007 2961 3064 3013 ὲν
3085 2955 3153 3026 ᾧ,
3173 2958 3329 3030 φησὶ,
3347 2956 3444 3009 τοῦ
3476 2955 3672 3046 λιπαί-

387 3051 576 3118 distat,
619 3063 831 3110 tantum
876 3058 930 3112 in
987 3074 1086 3114 sua
1145 3063 1325 3130 priore
1377 3063 1594 3118 actione
1648 3045 1858 3119 deﬁcit.
1909 3061 1973 3116 Et

2075 3060 2264 3112 νεσθαι
2291 3057 2496 3123 διέστη,
2527 3053 2814 3125 ὑστέρημα
2852 3052 3011 3104 τοῦτο
3035 3051 3138 3120 τῆς
3180 3047 3494 3120 ἔμπροσθεν
3528 3045 3673 3101 καθ-

387 3139 612 3198 :liunde
640 3146 722 3198 vis
753 3144 918 3214 hujus
947 3149 1094 3203 verbi
1129 3149 1486 3206 meditatione
1525 3151 1848 3215 invenitur;
1896 3151 1969 3204 ita

2077 3151 2289 3204 ίσταται
2323 3146 2595 3219 πράξεως·
2629 3146 2724 3198 καὶ
2751 3145 2925 3208 ἄλλως
2946 3143 3002 3196 δὲ
3032 3143 3091 3196 τὸ
3119 3142 3217 3214 τῆς
3236 3139 3434 3205 λέξεως
3454 3140 3674 3247 ἐμφαγ-

389 3239 453 3286 ut
476 3232 564 3287 ille
597 3233 689 3304 qui
719 3234 843 3292 oleo
873 3239 1045 3293 utitur
1077 3255 1183 3295 non
1215 3249 1422 3296 tantam
1464 3240 1838 3310 indigentibus
1880 3241 1973 3296 be-

2078 3242 2230 3296 τικὸν
2260 3240 2617 3312 θεωρήματος
2661 3237 2880 3309 εὕρεσις
2908 3235 3121 3305 γίνεται
3156 3249 3172 3264 ·
3208 3234 3284 3298 ὡς
3314 3234 3343 3286 ό
3373 3233 3451 3303 τῷ
3498 3230 3672 3301 ἐλαίῳ

391 3321 736 3379 neﬁcentiatn
768 3327 1010 3393 adducit,
1031 3338 1300 3400 quantum
1332 3329 1439 3385 sibi
1464 3330 1679 3384 lucrum
1721 3330 1898 3400 injicit
1922 3339 1973 3386 ct

2078 3333 2360 3406 χρώμενος
2387 3332 2450 3384 οὑ
2479 3329 2752 3401 τοσαύτην
2797 3329 2908 3392 τοῖς
2937 3327 3281 3397 ὲλεουμὲνοις
3304 3325 3406 3396 τὴν
3436 3324 3671 3396 εὐεργε-

388 3412 614 3480 praebet.
655 3413 866 3471 Idcirco
900 3419 952 3471 in
980 3432 1317 3490 congeneres
1367 3419 1804 3474 misericordiam
1841 3435 1975 3474 con-

389 3508 633 3557 temnere
661 3507 893 3573 propriae
932 3506 1284 3576 pinguedinis
1321 3517 1376 3562 et
1407 3507 1660 3561 utilitatis
1700 3508 1971 3577 privatio--

387 3603 513 3642 nem
539 3601 853 3658 nuncupat;
885 3603 938 3647 et
975 3608 1082 3649 non
1117 3594 1442 3664 simpliciter
1486 3595 1849 3664 privationem
1877 3610 1972 3651 cu-

383 3679 604 3750 jusdam
646 3683 817 3752 partis
864 3699 1053 3740 eorum
1108 3701 1231 3756 qua:
1280 3697 1406 3742 sunt
1463 3687 1517 3740 in
1565 3701 1826 3759 corpore,
1879 3688 1971 3742 sed

387 3772 648 3844 prmcipui
695 3783 748 3828 et
800 3776 1168 3844 capacissimi,
1213 3792 1408 3848 nempe
1435 3777 1650 3849 capitis.
1688 3777 1793 3833 Sed
1825 3778 1971 3833 enim

389 3864 536 3932 quod
557 3864 761 3920 dietum
785 3875 888 3934 est,
917 3867 1152 3938 idipsum
1173 3879 1256 3924 est
1274 3869 1344 3925 iis
1365 3885 1556 3925 carere
1577 3870 1780 3942 quibus
1805 3877 1972 3940 caput

389 3954 635 4024 ungitur.
669 3957 818 4013 Multi
843 3960 988 4014 enim
1015 3977 1192 4032 neque
1222 3963 1326 4018 olei
1347 3963 1754 4033 possessionem
1789 3978 1968 4034 neque

389 4062 549 4102 usum
579 4049 936 4116 admirantes,
969 4053 1090 4124 ejus
1114 4056 1275 4109 fama:
1306 4071 1426 4125 qua
1454 4071 1549 4125 per
1578 4056 1628 4111 id
1669 4056 1972 4126 acquiritur

388 4149 444 4194 et
475 4143 712 4200 nominis
738 4161 980 4202 amorem
1017 4148 1252 4204 induunt
1279 4166 1296 4215 ;
1328 4159 1382 4205 et
1411 4151 1502 4204 alii
1534 4151 1753 4220 quidem
1776 4152 1976 4206 nonni-

388 4231 465 4286 hil
504 4233 840 4291 distribuunt
865 4253 1054 4294 eorum
1091 4256 1213 4311 quae
1265 4240 1402 4309 ipsis
1461 4242 1660 4306 adsint,
1700 4258 1879 4312 neque
1907 4259 1970 4297 ea

387 4339 512 4394 quae
538 4325 642 4380 sibi
672 4337 802 4382 sunt
839 4329 1188 4399 charissima,
1218 4347 1284 4388 eo
1319 4333 1445 4387 oleo
1473 4350 1669 4389 nomen
1703 4335 1809 4390 sibi
1840 4352 1972 4390 con-

2081 3427 2201 3479 σίαν
2228 3425 2460 3493 εἰσάγει,
2492 3423 2616 3477 ὅσον
2647 3421 2826 3493 ἑαυτῷ
2855 3420 3260 3474 καταϐάλλεται
3289 3421 3384 3472 καὶ
3414 3417 3673 3490 προξενεί

2075 3519 2136 3572 τὸ
2164 3519 2378 3589 κέρδος.
2419 3517 2526 3569 Διὰ
2550 3514 2711 3570 τοῦτο
2768 3514 2830 3568 τὸ
2863 3515 3128 3585 περιορᾷν
3155 3513 3248 3565 τὸν
3275 3512 3355 3574 είς
3384 3511 3510 3572 τοὺς
3529 3511 3669 3578 ὀμο-

2079 3614 2234 3684 φυείς
2259 3610 2429 3676 ἔλεον,
2461 3609 2756 3680 ὑστέρησιν
2785 3607 2883 3678 τῆς
2931 3606 3066 3668 ἰδίας
3093 3605 3404 3666 λιπάνσεως
3441 3603 3536 3657 καὶ
3562 3602 3670 3673 τῆς

2076 3704 2343 3775 ὠφελείας
2369 3701 2634 3757 ἀποκαλεί
2661 3719 2675 3732 ο
2699 3701 2794 3754 καὶ
2828 3701 2926 3771 οὑχ
2953 3699 3138 3762 ἁπλῶς
3168 3699 3426 3768 στέρησιν
3466 3697 3672 3766 μέρους

2075 3798 2220 3861 τινὸς
2245 3796 2354 3850 τῶν
2382 3795 2652 3866 τυχόντων
2690 3793 2748 3847 ἐν
2780 3793 2857 3863 τῷ
2894 3793 3130 3864 σώματι,
3162 3789 3299 3846 ἀλλὰ
3329 3789 3425 3842 τοῦ
3460 3807 3667 3861 κυριω-

2075 3890 2238 3943 τάτου
2266 3889 2361 3942 καὶ
2409 3885 2877 3940 συνεκτικωτάτου
2906 3886 3008 3956 τῆς
3035 3883 3304 3955 κεφαλῆς.
3361 3881 3524 3935 Ἀλλά
3554 3881 3670 3952 γὰρ

2075 3977 2186 4038 οἷον
2242 3980 2459 4053 εἴρηται
2505 3979 2746 4034 τοιοῦτόν
2786 3982 2904 4034 ἐστι
2940 3980 3001 4032 τὸ
3031 3979 3377 4050 ὑστερεῖσθαι
3418 3979 3483 4032 δι’
3511 3971 3585 4031 ὧν
3629 3976 3667 4048 ἠ

2076 4076 2287 4146 κεφαλὴ
2336 4073 2726 4141 ὲπαλείφεται·
2786 4071 2970 4125 πολλοὶ
3018 4072 3127 4141 γὰρ
3175 4070 3301 4124 οὔτε
3341 4069 3437 4124 τοῦ
3479 4067 3667 4124 ἐλαίου

2074 4170 2174 4238 τὴν
2230 4168 2422 4237 κτῆσιν
2451 4164 2573 4220 οὑδὲ
2613 4164 2710 4236 τὴν
2760 4165 2957 4236 χρῆσιν
3008 4162 3382 4234 θαυμάζοντες
3426 4161 3525 4232 τῆς
3566 4159 3666 4215 ἀπ’

2075 4258 2241 4314 αὑτοῦ
2271 4257 2430 4328 δόξης
2459 4255 2555 4308 καὶ
2595 4255 2894 4325 ὀνομασίας
2923 4254 3014 4308 τὸν
3072 4253 3254 4327 ἔρωτα
3281 4254 3608 4307 ὑποδύονται
3645 4269 3663 4286 ·

2075 4351 2170 4405 καὶ
2195 4350 2246 4402 oi.
2270 4351 2370 4421 μὲν
2399 4347 2717 4417 διανέμουσι
2750 4364 2872 4400 τινα
2902 4347 3009 4399 τῶν
3040 4346 3378 4417 προσόντων,
3406 4347 3505 4398 καὶ
3530 4345 3666 4398 ταῦθ

385 4415 575 4472 ciliare
601 4419 866 4484 volentes,
913 4420 1004 4474 alii
1030 4437 1158 4477 vero
1203 4433 1264 4478 ut
1292 4425 1629 4480 multitudini
1673 4425 1967 4482 videantur

2076 4461 2143 4497 τα
2177 4443 2298 4496 οὐδὲ
2332 4443 2516 4506 αὐτοῖς
2544 4439 3011 4512 περισπούδαστα,
3045 4440 3146 4510 τὴν
3174 4438 3267 4491 τοῦ
3298 4437 3483 4490 ἐλαίου
3519 4454 3664 4507 παρ-

384 4506 594 4565 divitiis
620 4511 908 4575 nollentes.
939 4522 995 4568 et
1023 4529 1211 4570 eorum
1234 4517 1320 4586 qui
1355 4519 1522 4573 multa
1551 4520 1803 4576 ambiunt
1831 4537 1970 4575 con-

384 4608 720 4670 temptores;
748 4603 839 4657 alii
871 4613 1055 4660 autem
1087 4615 1310 4676 propter
1331 4609 1494 4663 aliam
1527 4610 1595 4665 ad
1631 4611 1764 4666 nihil
1793 4612 1972 4666 virtu-

384 4687 458 4742 tis
487 4701 804 4762 vergentem
837 4695 1106 4750 rationem
1133 4713 1150 4764 ;
1183 4711 1420 4767 quorum
1442 4701 1693 4770 quamvis
1719 4699 1972 4755 videatur

382 4782 631 4842 dilIluere
688 4787 1090 4856 misericordia,
1130 4806 1241 4844 non
1281 4800 1464 4848 tamen
1499 4809 1531 4849 a
1562 4793 1740 4864 capite
1787 4809 1972 4864 neque

383 4889 552 4944 supra
581 4890 744 4947 caput
773 4879 899 4934 talis
938 4881 1314 4937 misericordia
1349 4883 1548 4941 fertur.
1579 4884 1699 4942 Non
1729 4889 1874 4942 enim
1914 4890 1968 4945 in

377 4968 592 5040 judicio
637 4983 691 5027 et
733 4973 1058 5031 intentionis
1102 4979 1451 5046 rectitudine,
1509 4981 1605 5037 sed
1661 4981 1713 5037 in
1767 4984 1969 5055 agitata

383 5069 567 5115 monte
611 5071 668 5117 et
700 5065 1058 5134 cupiditatum
1101 5085 1257 5124 cura.
1309 5069 1468 5136 Quod
1498 5072 1636 5140 ,ideo
1664 5074 1875 5130 utiliter
1916 5085 1972 5131 et

383 5151 677 5209 salubriter
703 5172 811 5212 non
844 5159 1076 5214 multum
1127 5163 1279 5218 danti
1313 5164 1545 5220 diﬁ‘undi
1591 5175 1645 5220 et
1684 5167 1970 5224 abundare

382 5254 617 5314 poterat,
649 5248 702 5302 in
749 5250 973 5306 modum
1010 5270 1184 5324 pinum
1222 5266 1276 5312 et
1305 5257 1598 5316 infeliciter
1629 5262 1703 5315 illi
1748 5263 1970 5317 subtra—

309 5401 313 5405 ,
381 5335 552 5401 hitur,
597 5357 698 5397 nec
735 5357 801 5397 eo
849 5343 1013 5400 modo
1075 5363 1135 5402 se
1179 5349 1522 5419 privantibus
1567 5351 1654 5406 vel
1697 5353 1966 5423 guttulam

381 5434 655 5487 commodi
695 5436 892 5492 reddit.
953 5438 1056 5505 Qui
1085 5457 1214 5496 vero
1266 5443 1382 5498 sola
1421 5445 1701 5514 egentium
1735 5461 1869 5500 cura
1913 5456 1970 5501 et

382 5525 618 5594 propriae
647 5527 844 5583 anima:
872 5537 927 5584 et
964 5530 1186 5586 virtutis
1213 5533 1614 5603 misericordia,
1646 5535 1777 5592 facit
1799 5539 1963 5594 mise-

378 5613 698 5681 ricordiam,
733 5619 822 5674 illc
847 5635 974 5676 vere
997 5621 1064 5677 de
1097 5624 1276 5694 capite
1342 5625 1544 5681 donum
1591 5627 1766 5682 {trudit
1813 5639 1867 5684 ct
1897 5631 1967 5686 de

383 5715 533 5761 recta
587 5706 912 5781 intentione,
945 5729 1046 5771 nec
1079 5725 1242 5788 caput
1287 5735 1445 5775 suum
1498 5723 1588 5778 illa
1633 5724 1965 5796 pinguedine

2075 4535 2318 4605 ωνυμίαν
2349 4535 2603 4602 συνάγειν
2635 4532 2952 4604 βουλόμενοι
2986 4547 3002 4562 ·
3033 4532 3082 4584 oi
3107 4531 3164 4583 δὲ
3191 4531 3277 4584 ἵνα
3305 4532 3420 4593 τοῖς
3449 4528 3664 4591 πολλῶς

2073 4626 2262 4691 δόξωσι
2289 4627 2588 4698 χρημάτων
2636 4625 2943 4696 κρείττους,
2981 4624 3074 4676 καὶ
3097 4623 3206 4675 τῶν
3237 4621 3374 4674 πολὺ
3421 4621 3660 4674 σπουδα-

2073 4718 2315 4790 ζομένων
2363 4720 2702 4791 ὑπερόπται·
2753 4719 2804 4772 οἱ
2829 4717 2885 4770 δὲ
2932 4716 3000 4770 δι’
3040 4715 3224 4788 ἕτερόν
3263 4733 3316 4768 τι
3344 4715 3457 4768 τῶν
3497 4715 3661 4786 μηδὲν

2072 4814 2151 4876 εἰς
2200 4812 2301 4882 τῆς
2329 4811 2532 4883 ἀρετῆς
2565 4809 2991 4882 ἀναφερομένων
3020 4809 3180 4877 λόγον
3212 4825 3226 4838 ·
3263 4826 3340 4862 ων
3383 4808 3490 4861 κᾶν
3528 4808 3659 4878 δοκῇ

2071 4905 2342 4975 διαρρἐιν
2389 4903 2418 4955 ό
2467 4903 2635 4970 ἔλεος,
2673 4903 2788 4957 ἀλλ’
2848 4903 2949 4955 οὑκ
2996 4902 3104 4955 ἀπὸ
3139 4901 3239 4972 τῆς
3277 4901 3523 4971 κεφαλῆς
3552 4901 3660 4954 οὐδ’

2073 4996 2164 5050 ἐπὶ
2193 4997 2291 5066 τὴν
2325 4996 2564 5066 κεφαλὴν
2603 4997 2632 5048 ὁ
2659 4994 2901 5058 τοιοῦτος
2928 4995 3156 5064 φέρεται
3182 5011 3196 5024 ·
3225 4994 3286 5047 οὑ
3314 4993 3423 5065 γάρ
3448 4997 3508 5048 ὲν
3535 4993 3658 5065 κρί-

2072 5108 2153 5144 σει
2177 5089 2414 5154 διανοίας
2431 5089 2524 5142 καλ⁹
2544 5087 2822 5160 ὀρθότητι,
2839 5087 2975 5141 ἀλλὰ
2993 5085 3330 5158 σαλευομένη
3345 5087 3541 5159 γνώμῃ
3564 5087 3659 5140 καὶ

2071 5181 2339 5254 θεραπείᾳ
2358 5182 2546 5235 παθῶν
2565 5198 2578 5212 °
2610 5182 2639 5234 ὃ
2659 5181 3051 5251 συμφερόντως
3069 5177 3145 5232 ’ἂν
3168 5182 3261 5234 καὶ⁴
3296 5181 3656 5252 σωτηριωδῶς

2073 5274 2308 5344 μάλιστα
2322 5273 2398 5344 τῷ
2417 5273 2662 5327 κενοῦντι
2678 5271 2980 5344 διακεῖσθαί
2997 5289 3055 5325 τε
3071 5273 3166 5326 καὶ
3195 5273 3378 5344 δαψιλε
3390 5273 3582 5327 ύεσθαι
3599 5271 3653 5328 εὖ

2071 5363 2221 5434 μάλα
2232 5362 2484 5434 ἠδύνατο,
2501 5361 2811 5433 ἐπιζημίως
2827 5378 2885 5415 τε
2907 5362 3002 5414 καὶ
3024 5362 3340 5429 ἐπισφαλῶς
3366 5364 3657 5416 ἀποκενοῦ·

2067 5457 2276 5520 ταιριαί
2295 5454 2431 5526 μηδὲ
2451 5454 2767 5525 σταλαγμὸν
2783 5453 3051 5522 ὠφελείας
3069 5457 3177 5517 τοῖς
3196 5453 3446 5508 κενοῦσιν
3459 5455 3651 5508 ἀνταλ-

2066 5549 2411 5617 λαττόμενον.
2425 5545 2484 5600 Ὀ
2499 5547 2552 5600 δὲ
2565 5547 2592 5600 ι
2601 5548 2656 5600 πὶ
2669 5545 2935 5618 θεραπείᾳ
2949 5547 3087 5618 μόνῃ
3094 5546 3202 5600 τῶν
3213 5548 3460 5618 πενήτων
3473 5549 3567 5602 καὶ
3581 5549 3656 5617 τῷ

2069 5641 2282 5711 ἱλασμῷ
2311 5641 2410 5711 τῆς
2443 5640 2575 5705 ἰδίας
2592 5640 2772 5712 ψυχῆς
2793 5641 2982 5712 καὶτῷ
3004 5639 3105 5709 τῆς
3130 5641 3334 5712 ἀρετῆς
3363 5642 3546 5709 νέμων
3565 5642 3651 5692 τὸν

2067 5727 2392 5798 ἓλεον,οὑτος
2410 5733 2485 5798 ὠς
2496 5734 2711 5807 ἀληθῶς
2728 5734 2834 5789 ἀπὸ
2845 5733 3086 5805 κεφαλῆς
3098 5750 3154 5786 τε
3171 5733 3232 5786 τὸ
3243 5733 3420 5806 δῶρον
3433 5737 3650 5806 προχέει
