3888 6186
181 257 286 318 337

1033 251 1132 310 AD
1160 247 1756 311 AMPIIILOCHIUM
1794 247 2139 329 QUESTIO
2178 249 2381 310 XLIV.

3320 249 3426 312 338

182 368 281 420 καὶ
305 364 403 433 τῆς
441 359 607 432 ὀρθῆς
632 359 890 431 κρίσεως,
921 361 1019 413 καλ¹
1040 360 1137 430 τὴν
1168 360 1360 413 ἑαυτοῦ
1390 359 1627 430 κεφαλὴν
1660 360 1756 412 οὐκ

1870 361 2037 428 privat
2067 376 2175 430 qua
2221 361 2369 415 illam
2399 362 2729 431 praecipuam
2760 373 2965 435 partem
3000 362 3221 416 roborat
3249 371 3302 415 et
3340 363 3425 415 bi-

183 455 478 526 ἁποστερεῖ
496 453 592 522 τῆς
613 450 1071 522 άναρῤωνυούσης
1092 451 1151 503 τὸ
1175 451 1499 521 ἡγεμονικὸν
1524 452 1613 503 καὶ
1641 451 1754 504 ἱλα-

180 547 452 618 ρυνούσης
493 543 820 607 λιπάνσεως.
849 543 1016 611 Δῆλον
1047 544 1090 595 δ’
1121 543 1201 595 ὅτι
1229 541 1308 611 τῷ
1334 542 1432 611 τῆς
1460 541 1757 611 ὲλεημοσύυ

182 657 281 710 νης
310 636 694 708 κατορθώματι
727 636 821 688 καὶ
851 635 1006 689 ἄλλαι
1034 635 1455 704 συναναφύουσι
1480 636 1574 685 καὶ⁸
1626 650 1753 686 συν-

147 797 156 806 ,
182 729 500 797 εξανθοῦσιν
520 727 738 799 ἀρεταί.
769 727 866 790 Τίς
886 727 995 797 γάρ
1035 727 1109 792 ὡς
1135 726 1349 795 άληθῶς
1382 726 1758 794 ἁκαπήλευτον

184 823 369 894 φέρων
399 823 456 874 ὲν
487 821 667 889 ἑαυτῴ
711 820 808 874 τοῦ
834 819 1014 882 ἐλέους
1049 819 1107 873 τὸ
1135 818 1427 889 πολύτιμον
1451 820 1638 890 χρῆμα
1666 818 1758 887 βά-

185 930 385 967 σκανον
419 912 683 983 ὀφθαλμῷ
726 911 976 965 ἐπιϐαλεῖ
1016 910 1093 980 τῷ
1139 910 1387 979 πλησίον,
1426 911 1458 980 ἢ
1495 910 1761 981 τύραννον

184 1004 459 1073 ἐπαφήσει
506 1005 662 1073 χεῖρα
690 1003 780 1055 καὶ
810 1001 1013 1070 ταύτην
1053 1002 1119 1071 ἢν
1169 999 1319 1054 οὔπω
1347 999 1503 1071 ἔληξε
1539 999 1759 1070 προτεί-

184 1112 295 1148 νειν
347 1096 439 1149 τὸν
486 1095 632 1148 ἔλεον
682 1093 1116 1158 άναϐλύζουσαν;
1156 1093 1240 1155 τίς
1273 1093 1331 1145 δὲ
1366 1091 1567 1164 λῃστὴς
1609 1091 1761 1145 ἁλλο-

182 1187 351 1257 τρίων
375 1187 554 1242 ἔσεται
586 1187 782 1257 γάμων
810 1185 889 1257 τῷ
925 1185 1090 1254 ὲλαίῳ
1116 1184 1542 1255 περιρρεόμενός
1572 1200 1631 1236 τε
1666 1184 1763 1235 καὶ

184 1279 283 1349 τὴν
340 1280 569 1349 γνῶμην
621 1278 1067 1349 μαλασσόμενοςς
1099 1276 1265 1330 Ἀλλά
1300 1292 1367 1344 γε
1406 1276 1596 1339 τόκους
1644 1274 1762 1337 πῶς

185 1371 540 1441 εἰσπράξεται
595 1371 721 1434 τοὺς
769 1369 1050 1438 ὀφειλέτας
1107 1363 1261 1435 οὗτος
1309 1370 1337 1421 6
1380 1367 1762 1439 καταμερίζων

183 1464 294 1525 τοῖς
326 1460 687 1530 ἐνδεεστέρως
716 1462 810 1513 καὶ
838 1460 935 1513 ὅσα
959 1460 1155 1529 κλῆρος
1177 1462 1205 1512 6
1230 1459 1480 1529 πατρῷος
1502 1461 1580 1521 είς
1601 1458 1762 1511 αὑτὸν

184 1552 512 1619 διεϐίϐασενς
536 1551 729 1605 οὐκοῦν
749 1552 838 1605 διὰ
864 1553 991 1621 μιᾶς
1017 1550 1213 1621 ἀρετῆς
1234 1551 1332 1620 τῆς
1353 1549 1762 1619 άναϐλυζούσης

185 1644 274 1697 τὸν
295 1644 447 1698 ἔλεον
470 1644 674 1709 καὶτὰς
698 1643 864 1706 ἄλλας
891 1643 965 1706 ὼς
989 1644 1269 1711 συγγενεῖς
1288 1643 1384 1696 καὶ
1435 1641 1765 1695 συνακολού-

188 1734 311 1798 θους
326 1737 354 1788 ό
368 1734 465 1805 τὴν
480 1735 773 1805 ἡγεμονίαν
795 1734 1009 1806 ἐκείνης
1024 1731 1453 1805 προκαταλαϐὼν
1469 1734 1549 1799 εἰς
1564 1734 1767 1803 φάλαγ.
1797 1724 1837 1780 Β

188 1844 288 1895 τας
310 1826 490 1897 ἐαυτῷ
513 1826 609 1879 καὶ
634 1826 953 1896 συμμάχους
977 1825 1222 1893 διατάξει
1246 1826 1764 1894 καὶὲξοικειὼσεται.

257 1918 364 1972 Τοῦ
412 1919 470 1973 δὲ
514 1919 939 1992 κατωρθωκότος
978 1920 1036 1972 ὲν
1086 1920 1286 1989 σπουδῇ
1334 1920 1429 1979 καὶ
1472 1918 1634 1991 σοφίᾳ
1676 1920 1771 1973 τὸν

190 2007 359 2073 ἔλεον,
392 2007 582 2061 τούτου
610 2007 655 2061 δ’
694 2007 760 2061 ἂν
790 2002 899 2061 εἷεν
932 2007 1027 2061 καὶ
1054 2007 1102 2061 οἱ
1131 2007 1401 2078 ὀφθαλμοὶ
1430 2008 1522 2062 ἐπὶ
1549 2008 1648 2077 τῆς
1671 2025 1767 2062 κε·

192 2102 385 2173 φαλῆς,
434 2101 711 2154 τουτέστιν
771 2102 804 2172 ἡ
850 2102 1120 2173 ἑποπτική
1164 2118 1224 2155 τε
1276 2102 1371 2155 καὶ
1419 2101 1769 2171 διακρίνουσα

189 2194 246 2247 τὸ
274 2194 458 2264 χεῖρον
484 2192 590 2245 ἀπὸ
621 2190 713 2247 τοῦ
738 2192 1046 2261 κρείττονος
1070 2192 1182 2259 ἕεις
1211 2193 1308 2246 καὶ
1337 2191 1589 2262 δύναμις.
1639 2194 1765 2257 Τοῖς

193 2286 300 2357 γὰρ
343 2284 825 2355 άποδιῖσταμένοις
858 2285 959 2355 τῆς
998 2284 1138 2338 κατὰ
1182 2284 1274 2338 τὸν
1319 2284 1472 2338 ἔλεον
1515 2285 1766 2355 πράξεως

192 2378 281 2431 καὶ
306 2377 655 2448 συμπαθείας
673 2418 688 2442 ,
715 2378 764 2430 οἱ
798 2376 1067 2449 ὀφθαλμοὶ
1098 2376 1192 2430 καὶ
1219 2378 1252 2447 ἡ
1276 2376 1551 2447 διάκρισις
1581 2377 1766 2431 οὐκέτι

194 2473 282 2525 ἐπὶ
312 2472 416 2541 τῆς
440 2470 701 2541 κεφαλῆς,
744 2470 855 2524 οὐδ’
881 2468 1021 2523 ὥστε
1059 2469 1270 2538 φαίνειν
1299 2469 1395 2522 καὶ
1425 2469 1642 2541 ὁδηγεῖν
1673 2469 1766 2523 τὸν

193 2566 376 2629 αὺτοῖς
428 2563 728 2635 χρώμενον,
774 2562 888 2616 ἀλλ’
916 2560 1011 2615 ἐπὶ
1062 2562 1161 2632 τῆς
1193 2561 1395 2630 ὀσφύος
1437 2561 1469 2632 ἢ
1510 2562 1610 2631 τῆς
1661 2580 1763 2631 γα-

196 2656 372 2727 στρδς,
427 2654 625 2726 μᾶλλον
671 2654 729 2708 δὲ
773 2653 880 2707 τῶν
924 2652 1101 2707 ποδῶν
1146 2653 1434 2723 γεγόνασιν
1472 2654 1762 2706 ὑποπόδιον

196 2745 676 2818 καταπατούμενοι
724 2763 786 2798 τε
844 2746 939 2799 καὶ
972 2744 1375 2816 άχρειούμενοι,
1425 2746 1520 2798 καὶ
1567 2746 1765 2814 τυφλὸν

198 2842 283 2892 καὶ
315 2839 671 2911 πλανώμενον
715 2838 772 2890 ὲν
823 2836 979 2908 βαθεῖ
1009 2837 1185 2907 σκότῳ
1228 2836 1625 2902 καταλιπόντες
1672 2839 1764 2891 τὸν

197 2932 498 3003 ἄνθρωπον,
530 2932 594 2985 Εἰ
618 2930 675 2984 δὲ
709 2929 919 3001 κεφαλὴ
948 2928 1141 2995 ἀνδρὸς
1162 2929 1190 2980 6
1223 2928 1477 2998 Χριστὸς,
1509 2932 1769 2999 παραινεῖ

198 3025 254 3077 τὸ
283 3025 466 3093 λόγιον
493 3024 638 3095 ἡμᾶς
672 3022 761 3075 ἀεὶ
794 3020 890 3074 καὶ
923 3019 1011 3072 διὰ.
1036 3020 1237 3083 παντὸς
1263 3021 1475 3090 ἀφορᾷν
1504 3019 1641 3090 πρὸς
1664 3021 1763 3072 αὐ-

196 3114 302 3181 τὸν,
334 3116 433 3170 καὶ
452 3116 508 3167 ὲν
540 3112 690 3184 αύτῷ
716 3114 898 3165 πᾶσαν
923 3110 1080 3182 ἡμῶν
1120 3111 1399 3180 στηρίζειν
1427 3111 1523 3164 καὶ
1556 3110 1766 3164 ἀνατείο

198 3226 304 3262 νειν
331 3208 437 3279 τὴν
463 3208 767 3276 ἐποπτικην
794 3222 853 3257 τε
884 3205 976 3257 καὶ
1005 3202 1346 3273 θεωρητικὴν
1383 3203 1542 3273 ἡμῶν
1572 3202 1767 3272 ὲπιμέ-

202 3301 341 3355 λειαν
363 3316 379 3331 ⁸
420 3318 439 3352 ε
471 3298 828 3371 Προωρώμην
849 3296 957 3365 γὰρ
973 3295 1063 3348 τὸν
1084 3294 1287 3367 Κύριον
1305 3294 1534 3349 ἐνώπιόν
1554 3312 1655 3364 μου
1679 3294 1768 3349 διά

202 3391 419 3455 παντὸς,
439 3391 520 3444 ὅτι
547 3391 612 3442 ὲκ
654 3388 842 3453 δεξιῶν
872 3404 972 3457 μου
1003 3385 1171 3449 ἐστὶν,
1204 3384 1291 3437 ἵνα
1324 3383 1398 3455 μὴ
1438 3383 1705 3439 σαλευθῶ.
1742 3402 1761 3435 ι

212 3482 365 3537 Ἀλλὰ
389 3482 499 3552 γὰρ
537 3499 555 3531 r
583 3480 671 3543 Ὠς
707 3477 977 3547 ὀφθαλμοὶ
1001 3476 1313 3544 παιδίσκης.
1336 3474 1522 3542 φησὶν,
1554 3474 1635 3537 είς
1657 3476 1769 3543 χεῖ-

206 3593 296 3645 ρας
318 3576 422 3638 τῆς
447 3573 641 3645 κυρίας
667 3572 858 3642 αὐτῆς,
882 3569 1054 3632 οὕτως
1078 3568 1126 3621 οἱ
1148 3567 1420 3636 ὀφθαλμοὶ
1442 3566 1596 3638 ἡμῶν
1629 3566 1768 3637 πρὸς

202 3663 400 3734 Κύριον
449 3660 541 3716 τὸν
582 3659 714 3713 Θεὸν
745 3658 931 3729 ἡμῶν·
962 3676 981 3708 ι
1019 3659 1115 3710 καὶ
1142 3657 1205 3709 τὸ
1236 3655 1426 3726 κέρδος
1456 3649 1565 3709 οἷον
1598 3672 1769 3710 κατα-

199 3756 568 3827 λαμϐάνουσιν
594 3753 741 3823 ἡμᾶς
769 3752 817 3805 οί
845 3750 1118 3821 φιλότιμοι
1147 3748 1242 3802 καὶ
1266 3746 1511 3800 πλούσιοι
1535 3747 1764 3817 δωρεάν·

202 3852 289 3904 καὶ
323 3849 434 3920 μὴν
460 3847 555 3902 καὶ
592 3846 680 3900 διὰ
709 3844 909 3907 παντὸς
935 3844 1105 3896 ὄντων
1134 3842 1241 3896 τῶν
1260 3842 1547 3912 ἡμετέρων
1573 3841 1769 3911 ὀφθαλ-

205 3941 314 4009 μῶν
340 3941 481 4012 πρὸς
509 3939 603 3993 τὸν
635 3937 861 4008 Κύριον,
896 3936 952 3989 αἱ
990 3934 1217 4004 παγίδες
1242 3934 1308 3996 ἃς
1339 3935 1368 3987 6
1396 3932 1590 4004 ἐχθρὸς
1614 3932 1767 4004 παρὰ

202 4035 263 4088 τὰ
296 4034 609 4104 διαδήματα
656 4030 814 4102 ἡμῶν
864 4028 1114 4089 ἐκτείνει,
1163 4026 1330 4098 ἀργαὶ
1374 4026 1465 4078 καὶ
1494 4025 1768 4095 ἄπρακτοι

204 4129 291 4182 καὶ
318 4128 448 4189 τοὺς
475 4124 641 4188 πόδας
673 4121 830 4194 ἡμῶν
857 4120 1109 4189 κατέχειν
1141 4116 1399 4185 οὐδεμίαν
1438 4116 1589 4187 ἰσχὺν
1617 4114 1767 4184 ἐχου-

205 4238 311 4274 σαι.
344 4218 521 4281 Αὐτὸς
545 4217 653 4285 γὰρ
677 4215 705 4267 ὁ
737 4211 984 4280 πλάστης
1016 4210 1112 4263 καὶ
1140 4207 1465 4277 προνοητὴς,
1496 4206 1593 4260 καὶ
1617 4204 1685 4258 δι’
1707 4198 1767 4259 οὗ

204 4311 259 4362 τὸ
290 4310 424 4380 όρᾷν
458 4302 793 4373 πεποίθαμεν
826 4318 884 4353 τε
927 4299 1023 4352 καὶ
1067 4296 1538 4366 πεπιστεύκαμεν,
1567 4294 1767 4365 ἀμάχῳ

1857 453 2017 507 larat.
2054 452 2207 508 Patet
2242 461 2423 507 autem
2454 454 2815 526 eleemosynze
2838 457 2981 511 bono
3011 462 3134 509 actu
3166 455 3425 523 [praestita

1855 547 1908 593 et
1935 539 2068 593 alias
2096 540 2245 596 nasci
2267 549 2320 594 et
2342 539 2629 596 ﬂorescere
2653 542 2897 597 virtutes.
2923 540 3056 607 Quis
3085 556 3190 595 non
3217 541 3429 595 adulte-

1859 641 2005 685 ratas
2048 630 2105 685 in
2140 646 2199 686 se
2228 632 2409 687 l'erens
2444 633 2832 688 misericordiae
2851 634 3179 688 excellentes
3209 632 3428 689 divitias

1859 728 2181 781 malevolum
2207 730 2423 784 oculum
2456 729 2510 784 in
2554 730 2859 799 proximum
2894 730 3123 799 injiciet,
3159 739 3214 786 et
3246 740 3429 801 tyran-

1860 820 2038 874 nicam
2074 823 2281 875 emittet
2313 836 2532 875 manum
2558 833 2613 874 et
2642 822 2785 876 illam
2828 837 2989 891 quam
3025 819 3264 874 nondum
3311 835 3430 873 ces-

1859 913 1998 967 savit
2030 914 2353 981 protendere
2381 913 2809 970 miscricordiam
2843 913 3228 969 scaturientem
3249 912 3272 964 ?
3296 911 3427 976 Quis

1860 1005 1966 1060 erit
1995 1006 2297 1059 alienarum
2329 1005 2641 1072 nuptiarum
2680 1004 2790 1069 fur,
2820 1005 2941 1059 uleo
2961 1014 3194 1059 mentem
3220 1003 3429 1057 habens

1863 1096 2144 1151 inunctatn
2181 1108 2235 1150 et
2276 1097 2579 1151 mollitam?
2611 1096 2714 1152 Sed
2760 1098 2919 1152 etiam
2955 1095 3232 1166 quomodo
3264 1110 3432 1164 pecu-

1862 1189 2009 1243 niam
2040 1204 2067 1241 a
2108 1189 2432 1244 debentibus
2468 1190 2785 1259 parentibus
2827 1190 3027 1259 exiget,
3054 1190 3147 1258 qui
3181 1187 3428 1255 indigen-

1862 1282 2009 1335 tibus
2037 1289 2091 1335 et
2118 1297 2180 1334 ca
2211 1296 2332 1349 quae
2375 1292 2597 1350 paterna
2639 1281 2925 1335 lmreditas
2965 1281 3067 1348 ipsi
3106 1278 3431 1340 transmisit,

1863 1373 2245 1426 distribuerit?
2271 1373 2438 1443 Igitur
2464 1390 2570 1428 una
2600 1374 2800 1428 virtute
2829 1372 3261 1427 misericordiam
3311 1386 3433 1424 scae

1866 1465 2120 1529 turiente,
2158 1472 2213 1517 et
2253 1464 2390 1518 alias
2438 1473 2494 1517 ut
2542 1478 2874 1534 congeneres
2917 1473 2971 1518 et
3017 1470 3432 1531 consequentes,

1866 1555 1957 1610 ille
1979 1554 2071 1627 qui
2106 1554 2222 1624 ejus
2255 1555 2477 1610 ductum
2513 1566 2637 1609 ante
2669 1556 2931 1625 suscepit,
2974 1555 3079 1610 sibi
3120 1554 3172 1609 in
3207 1552 3430 1623 phalan-

1867 1661 1962 1717 ges
1985 1656 2036 1703 et
2059 1646 2236 1704 socias
2264 1647 2516 1717 disponet
2543 1655 2596 1701 et
2625 1645 2921 1701 familiares
2945 1646 3155 1701 reddet.

1939 1911 2040 1979 Qui
2101 1927 2230 1967 vero
2274 1926 2396 1965 cum
2444 1910 2561 1966 zelo
2605 1919 2661 1967 ct
2704 1909 2968 1981 sapientia
2990 1908 3432 1980 imisericordiam

1868 2004 2196 2073 impleverit,
2231 2003 2355 2073 ejus
2387 2002 2550 2057 etiam
2579 2010 2739 2056 erunt
2791 2000 2934 2056 oculi
2969 2000 3023 2055 in
3054 2001 3248 2070 capite,
3270 2000 3320 2054 id
3353 2008 3437 2055 est

1866 2095 2188 2166 inspiciendi
2222 2105 2279 2149 et
2308 2094 2653 2150 discernendi
2690 2093 2840 2163 pejus
2866 2108 2896 2147 a
2931 2092 3180 2158 meliore,
3226 2091 3301 2145 illi
3329 2094 3435 2144 erit

1864 2198 2039 2244 status
2069 2199 2122 2245 et
2144 2189 2247 2244 vis.
2266 2187 2367 2255 Qui
2393 2188 2537 2243 enim
2560 2188 2629 2242 ab
2653 2188 2963 2243 actionibus
2983 2196 3037 2243 et
3055 2187 3436 2257 compassione

1862 2292 1985 2348 quae
2013 2277 2313 2332 secundum
2364 2276 2797 2331 misericordiam
2840 2284 2969 2330 sunt
3015 2275 3170 2345 longe
3209 2275 3433 2339 distant,

1863 2381 2054 2422 eorum
2105 2364 2248 2420 oculi
2279 2372 2334 2418 et
2370 2364 2454 2419 vis
2475 2363 2828 2418 discernendi
2875 2378 2983 2417 non
3019 2362 3074 2415 in
3114 2363 3310 2431 capite,
3341 2378 3434 2417 ne-

1863 2472 1969 2528 que
1996 2457 2069 2511 ita
2104 2466 2305 2511 uteum
2346 2456 2440 2525 qui
2494 2455 2601 2510 illis
2633 2454 2801 2508 utitur
2855 2454 3163 2509 illuminent
3202 2462 3255 2508 ct
3296 2453 3433 2507 diri-

1862 2560 2013 2624 gant,
2048 2551 2140 2605 sed
2169 2551 2220 2603 in
2258 2550 2457 2604 lumbis
2495 2557 2549 2604 et
2598 2556 2812 2610 ventre,
2855 2546 2948 2603 sed
3006 2548 3194 2617 potius
3238 2547 3431 2617 pedmn

1863 2641 2180 2701 scabellum,
2229 2638 2527 2710 proculcati
2580 2646 2633 2693 et
2684 2639 2907 2692 inutiles
2926 2636 3051 2692 facti
3087 2645 3140 2692 et
3161 2637 3431 2690 hominem

1864 2731 1915 2783 in
1938 2729 2123 2785 densis
2151 2728 2388 2784 tenebris
2419 2743 2623 2784 caecum
2655 2736 2707 2795 et
2739 2736 3011 2782 errantem
3041 2726 3431 2795 relinquentes.

1862 2821 1916 2876 Si
1941 2834 2125 2877 autem
2156 2830 2317 2891 caput
2348 2821 2589 2875 hominis
2618 2820 2897 2883 Christus,
2940 2834 3041 2873 nos
3071 2818 3211 2872 ratio
3247 2817 3433 2871 horta-

1864 2924 1952 2970 tur
1982 2924 2040 2969 ut
2068 2914 2221 2968 illum
2261 2929 2476 2984 semper
2509 2921 2564 2968 et
2584 2912 2733 2967 omni
2765 2911 2929 2967 modo
2972 2910 3349 2980 inspiciamus,
3379 2918 3437 2964 et

1863 3017 1922 3061 ut
1961 3007 2016 3062 in
2042 3023 2166 3062 eum
2227 3014 2475 3061 nostram
2518 3007 2820 3060 intuentem
2856 3012 2909 3059 ct
2957 3002 3433 3073 contemplativam

1865 3113 2053 3154 curam
2081 3100 2354 3167 erigamus
2377 3108 2431 3151 et
2460 3096 2852 3150 extendamus:
2892 3114 2911 3145 ‹
2940 3093 3299 3149 Providebam
3331 3092 3438 3145 Do-

1866 3190 2073 3244 minum
2106 3190 2158 3243 in
2188 3196 2483 3258 conspectu
2509 3202 2630 3241 meo
2663 3201 2896 3254 semper,
2938 3185 3193 3254 quoniam
3229 3198 3260 3236 a
3301 3184 3435 3237 dex-

1866 3282 1965 3337 tris
1984 3292 2069 3336 est
2089 3282 2244 3348 mihi,
2270 3298 2334 3336 ne
2349 3294 2731 3345 commovear;
2759 3298 2777 3331 ι
2807 3277 2901 3333 sed
2932 3277 3077 3332 enim
3104 3295 3117 3330 :
3146 3295 3163 3328 ‹
3196 3275 3261 3332 Ut
3292 3276 3435 3331 oculi

1866 3372 2077 3428 ancillae
2109 3372 2162 3426 in
2216 3387 2409 3427 manus
2445 3371 2688 3426 dominae
2719 3384 2855 3435 suae,
2891 3369 2964 3423 ita
2991 3369 3135 3422 oeuli
3166 3367 3339 3422 nostri
3367 3366 3436 3420 ad

1866 3461 2154 3516 Dominum
2186 3460 2355 3516 Deum
2385 3470 2658 3515 nostrum.
2698 3478 2716 3510 ›
2753 3459 2816 3513 Ει
2843 3459 3054 3513 lucrum
3087 3457 3193 3510 tale
3237 3454 3343 3509 erit
3382 3464 3440 3506 ut

1867 3559 2136 3622 occupent
2171 3566 2269 3605 nos
2301 3550 2579 3605 ambitiosi
2613 3560 2668 3603 et
2709 3548 2907 3602 divites
2944 3549 3171 3602 frustra.
3208 3546 3277 3600 Et
3308 3560 3445 3598 vero

1866 3655 2126 3717 perpetuo
2159 3645 2340 3700 oculis
2413 3644 2619 3699 nostris
2660 3642 2726 3696 ad
2758 3641 3044 3696 Dominum
3064 3639 3282 3704 erectis,
3328 3647 3443 3691 ten-

1868 3733 2063 3789 dicula:
2110 3749 2249 3803 quas
2289 3733 2543 3788 inimicus
2573 3733 2728 3803 juxta
2758 3740 3005 3786 nostrum
3042 3730 3145 3784 iter
3177 3730 3441 3799 disponit,

1870 3827 2058 3881 otiosa:
2096 3835 2150 3880 et
2198 3827 2399 3882 inertes
2449 3834 2597 3891 sunt,
2654 3833 2709 3879 et
2750 3823 2915 3894 pedes
2959 3830 3178 3877 nostros
3217 3822 3441 3878 minimc

1866 3917 2050 3971 valent
2076 3917 2351 3973 cohibere.
2386 3916 2505 3987 Ipse
2543 3917 2686 3972 enim
2719 3915 2972 3969 conditor
3003 3922 3191 3967 noster
3216 3920 3270 3965 et
3309 3926 3442 3965 nos-

1869 4020 1952 4066 tra
1982 4009 2332 4065 Providentia
2364 4018 2418 4063 et
2446 4010 2532 4063 ille
2553 4025 2647 4080 per
2669 4024 2830 4079 quem
2851 4009 3082 4063 videndo
3112 4007 3446 4061 conﬁdimus

1870 4112 1924 4159 et
1976 4103 2328 4166 credidimus,
2375 4102 2575 4156 invicta
2629 4101 2953 4156 fortitudine
2997 4100 3164 4170 pedes
3222 4108 3448 4154 nostros

1871 4195 1940 4249 ab
1964 4193 2168 4247 inimici
2210 4192 2419 4247 retibus
2460 4192 2741 4246 abstrahet
2782 4199 2836 4246 et
2877 4190 3095 4245 facilem
3136 4197 3190 4243 et
3230 4201 3443 4258 mquam

1872 4292 2072 4337 nostrze
2105 4283 2301 4338 salutis
2324 4284 2467 4337 viam
2504 4281 2685 4337 faciet.
2732 4282 3020 4348 Quomodo
3054 4281 3220 4351 igitur
3255 4279 3388 4333 illud
3423 4298 3439 4333 :

208 4373 508 4473 ῥώμητοὺς
536 4396 699 4458 πόδας
749 4393 904 4464 ἡμῶν
932 4392 995 4443 ὲκ
1022 4390 1131 4442 τῶν
1159 4387 1255 4441 τοῦ
1286 4386 1482 4459 ἐχθροῦ
1520 4386 1765 4451 παγίδων

1878 4398 1895 4431 ι
1915 4378 1991 4433 Ne
2010 4377 2225 4433 deﬁciat
2252 4378 2429 4432 oleum
2449 4376 2515 4432 de
2534 4377 2707 4444 capite
2729 4382 2846 4440 tuo,
2870 4393 2888 4426 ι
2915 4375 2987 4430 sit
3007 4373 3440 4445 intelligendum,

204 4492 530 4553 ἀποσπάσει,
558 4487 652 4542 καὶ
684 4485 834 4539 λείαν
860 4483 956 4537 καὶ
987 4480 1197 4551 ὁμαλὴν
1218 4481 1317 4551 τὴν
1349 4479 1466 4532 ὁδὸν
1491 4480 1523 4548 ἡ
1534 4476 1649 4548 μῶν
1668 4477 1768 4544 τῆς

1876 4472 2185 4541 expositum
2217 4476 2321 4524 est.

208 4585 471 4656 σωτηρίας
506 4579 901 4650 ἀπεργάσεται.
933 4574 1006 4628 Τὸ
1038 4573 1138 4644 μὲν
1165 4571 1258 4626 οὖν
1293 4589 1312 4624 ε
1349 4570 1569 4624 ’Ἑλαιον
1610 4569 1710 4640 τῆς
1738 4566 1979 4637 κεφαλῆς
2011 4581 2104 4617 σου
2144 4563 2220 4634 μὴ
2267 4559 2654 4632 ὑστερησάτω,
2690 4576 2708 4611 ι
2737 4557 2858 4610 τίνα
2892 4558 3137 4629 προσῆκε
3205 4554 3444 4609 νοεῖσθαι

204 4677 415 4747 τρόπον,
439 4673 811 4744 διηγόρευται.

271 4776 329 4827 El
358 4774 401 4827 δ’
431 4772 551 4825 ἀντὶ
580 4769 673 4823 τοῦ
698 4786 715 4819 ι
738 4766 829 4836 Μὴ
851 4761 1228 4835 ὑστερησάτω,
1258 4780 1276 4814 ι
1303 4760 1363 4814 τὸ
1392 4758 1575 4827 λόγιον
1602 4757 1662 4810 ού
1698 4755 1772 4826 μὴ

205 4867 471 4937 ύστερήσῃ
512 4862 590 4932 τῷ
638 4860 928 4931 γράμματι
985 4853 1389 4924 ἁπαγγέλλοιτο
1433 4849 1771 4921 (εὑρίσκεται

207 4962 306 5031 γὰρ
346 4960 441 5013 καὶ
483 4956 708 5025 τοιαύτη
743 4954 849 5006 τῶν
901 4951 1162 5025 ῥημάτων
1196 4950 1229 5019 ἡ
1265 4946 1562 5018 προφορὰ),
1620 4944 1771 4998 οὐδὲν

209 5050 424 5106 κωλύειο
457 5050 551 5104 καί
579 5047 722 5101 οὕτω
750 5045 811 5099 τὸ
840 5045 937 5115 μὲν
977 5063 996 5098 ι
1029 5044 1312 5095 Ἔστωσαν
1340 5039 1405 5092 τά
1443 5036 1637 5106 ἱμάτιά
1676 5051 1766 5088 σου

210 5144 388 5206 λευκὰ,
419 5162 437 5195 ι
470 5144 543 5206 ὡς
574 5140 669 5195 καὶ
717 5138 1063 5211 προείρηται,
1093 5134 1360 5205 σύμϐολον
1389 5131 1500 5187 τῶν
1558 5129 1769 5199 ἀρετῶν

214 5238 594 5306 ἐκλαμϐάνειν·
638 5232 698 5286 τὸ
743 5232 800 5285 δὲ
830 5230 921 5301 Μὴ
955 5228 1229 5300 ὑστερήσῃ
1259 5226 1353 5278 ἐπὶ
1395 5224 1498 5291 τῆς
1527 5221 1770 5291 κεφαλῆς

217 5330 403 5397 ἔλαιον,
432 5333 513 5383 ὃτι
544 5326 653 5380 τῶν
687 5322 1131 5393 κατορθωμάτων
1165 5314 1643 5388 περιαυγαζόντων
1674 5311 1769 5382 τὴν

216 5422 404 5493 ψυχὴν,
422 5424 517 5476 καὶ
546 5416 1017 5493 περιϐαλλομένης
1041 5414 1210 5482 αὐτῆς
1227 5410 1320 5464 τὸν
1347 5407 1536 5477 νοητὸν
1560 5405 1771 5475 κόσμον

220 5516 306 5567 καὶ
330 5515 426 5586 τὴν
442 5514 500 5579 ἐξ
518 5514 696 5567 αὐτῶν
717 5513 785 5564 λα
794 5510 1099 5581 μπρότητα.
1117 5504 1177 5557 τὸ
1204 5502 1573 5572 πολυτίμητον
1594 5498 1772 5550 ἔλαιον

227 5604 314 5657 καὶ
346 5603 512 5677 μύρον
536 5604 564 5656 δ
592 5602 688 5673 τὴν
714 5600 807 5655 τοῦ
838 5599 995 5667 ἁγίου
1024 5593 1342 5663 Πνεῦματος
1367 5591 1527 5661 χάριν
1550 5586 1644 5640 καὶ
1674 5586 1778 5677 δωέ

232 5694 351 5764 ped»
379 5676 776 5767 ὑπογράφεται,
797 5690 858 5743 οὐ
898 5688 973 5760 μὴ
1002 5686 1279 5758 ὑστερήσῃ
1322 5679 1655 5752 καταρδεῦον
1685 5676 1780 5731 καὶ

1947 4750 2001 4806 Si
2025 4757 2205 4805 autem
2234 4758 2335 4817 pro
2375 4761 2394 4795 ‹
2430 4739 2509 4796 Ne
2532 4738 2751 4796 deﬁciat
2792 4756 2809 4788 ι
2851 4735 3115 4805 scriptum
3165 4733 3237 4787 sit
3263 4740 3334 4798 rt,
3364 4728 3445 4787 Ne

1872 4842 2092 4898 deﬁcias
2130 4837 2424 4910 (invenitur
2467 4832 2613 4888 enim
2663 4838 2717 4884 et
2745 4828 2870 4883 talis
2926 4826 3218 4881 verborum
3271 4838 3445 4876 enun-

1873 4933 2082 5003 ciatio),
2111 4930 2245 4985 nihil
2275 4928 2474 4982 obstat.
2505 4923 2570 4978 Et
2608 4924 2689 4978 sic
2718 4919 2848 4974 illud
2884 4938 2896 4973 :
2926 4937 2945 4970 ι
2969 4917 3090 4971 Sint
3120 4914 3444 4969 vestimenta

1875 5035 1965 5079 tua
2003 4999 2145 5083 alba,
2178 5038 2196 5069 ι
2222 5026 2280 5071 ιιι
2318 5025 2372 5069 et
2409 5014 2614 5067 dictum
2646 5019 2748 5072 est,
2792 5006 2965 5076 accipi
2994 5004 3154 5058 debet
3180 5009 3237 5055 ut
3277 4999 3447 5053 virtu-

1874 5125 1988 5169 tum
2041 5111 2387 5183 symbolum;
2418 5105 2546 5159 illud
2577 5118 2706 5157 vero
2745 5118 2759 5153 :
2796 5117 2815 5151 ι
2863 5096 2937 5151 Ne
2976 5094 3199 5151 deﬁcias
3233 5091 3352 5145 oleo
3387 5089 3441 5142 in

1877 5206 2053 5275 capite
2084 5215 2195 5265 tuo,
2236 5221 2253 5253 ι
2285 5197 2520 5253 ostendit
2555 5204 2626 5258 te,
2656 5192 2820 5248 rectis
2864 5186 3261 5243 intentionibus
3293 5196 3446 5235 men-

1881 5310 1984 5354 tem
2018 5306 2162 5351 tuam
2210 5294 2389 5348 nitore
2449 5286 2794 5349 ornantibus,
2835 5291 2890 5336 et
2930 5275 3201 5351 spirituali
3249 5279 3449 5327 ornatu

1878 5393 2025 5446 illam
2057 5387 2311 5443 induente
2330 5390 2382 5439 et
2414 5384 2526 5445 illo,
2546 5382 2715 5451 quiex
2740 5377 2823 5433 his
2843 5374 3111 5443 sequitur,
3136 5365 3444 5438 splendore.

1883 5486 1986 5539 boc
2029 5483 2328 5552 pretiosum
2373 5477 2552 5532 oleum
2599 5484 2653 5527 et
2709 5476 3043 5539 unguentum
3085 5459 3230 5532 quod
3273 5455 3451 5512 sancti

1885 5548 2119 5647 Spiritus
2169 5571 2399 5643 gratiam
2431 5575 2485 5622 et
2513 5569 2716 5620 donum
2770 5558 3032 5615 describit
3076 5568 3187 5609 non
3231 5548 3452 5605 differre

1885 5671 2083 5726 debere
2126 5664 2271 5738 quod
2315 5673 2466 5721 tuum
2524 5664 2686 5729 caput
2732 5652 2944 5711 imbuat
2980 5658 3034 5707 et
3072 5648 3321 5716 inungat,
3394 5650 3450 5697 ct
