3888 6186
230 203 344 276 341

1093 216 1194 277 AD
1226 218 1829 282 AMPHILOCHIUM
1864 220 2216 289 OUJSSTIO
2241 226 2412 287 XLV.

3398 202 3503 294 349.

230 317 570 390 ⁶προσκόπτει
598 318 685 387 ἐφ’
713 315 794 384 οἷς
818 321 850 392 ἡ
880 323 1125 395 σωτηρία
1160 327 1375 392 πολλοῖς
1402 330 1701 401 διαλάμπει
1726 330 1821 385 καὶ

1930 330 1994 384 iis
2031 333 2234 403 quibus
2280 334 2431 389 salus
2485 342 2539 389 et
2592 324 2799 392 utilitas
2846 336 3035 391 multis
3085 338 3371 407 splendet;
3407 344 3501 397 sed

230 411 517 474 ὠφέλειαο
571 411 690 465 ἀλλ’
723 415 900 467 ἐκεῖνο
935 415 1247 487 θαυμαστὸν
1296 422 1344 474 εἰ
1374 421 1621 487 καὶτοὺς
1662 423 1823 477 ἑκου-

231 507 381 567 σίως
409 502 841 574 τυφλώττοντας,
876 506 936 561 τὸ
966 510 1202 579 φορητὸν
1236 511 1353 579 φῶς
1383 512 1635 583 ἀνέχεται
1664 531 1823 585 περι-

231 596 511 665 αυγάζειν
540 598 639 669 τὴν
668 598 871 666 γνῶσιν
894 600 992 653 καὶ
1021 605 1399 672 χειραγωγεῖν,
1429 606 1527 659 οὐκ
1553 605 1826 672 ἐξουθενεϊ

230 690 489 762 καθορᾷν
515 691 612 762 τὴν
636 690 915 763 ἀλήθειαν.
959 692 1114 747 Ἐπεὶ
1142 697 1236 749 καὶ
1280 698 1308 750 ό
1354 696 1556 766 Κύριος
1590 698 1682 751 καὶ
1708 698 1823 751 Σω-

230 784 353 854 τὴρ
380 787 412 857 ἡ
422 784 539 855 μῶν
572 789 684 849 τοῖς
717 786 1118 856 ἀπολλυμένοις
1145 790 1479 862 πρόσκομμα
1503 793 1696 859 γέγονε
1727 792 1823 845 καὶ

232 876 426 946 πέτρα
460 876 753 931 σκανδάλου
804 878 899 931 καὶ⁵
942 878 1090 943 λίθος
1119 881 1688 952 άποδεδοκιμασμένος
1742 884 1823 945 είς

232 967 493 1039 κεφαλὴν
542 969 745 1037 γωνίας
776 970 1241 1041 ὑποϐεϐλημένος,
1293 975 1396 1027 οὐκ
1439 975 1601 1037 αὐτὸς
1647 973 1824 1028 ταῦτα

227 1060 509 1128 γεγονὼς,
539 1061 675 1115 ἀλλὰ
714 1065 825 1126 τοῖς
854 1062 1289 1132 πεπλανημένοις
1318 1063 1474 1129 δόξας
1516 1064 1818 1133 γεγονέναι.

226 1150 540 1205 Κάνταῦθα
565 1152 744 1205 τοίνυν
770 1153 871 1207 οὐκ
902 1154 1415 1224 ἀποσκευαζόμενος
1450 1154 1551 1225 τὴν
1586 1156 1817 1225 μητέρα,

223 1240 322 1306 ὡς
365 1243 428 1297 τδ
470 1242 630 1298 ἄθεον
661 1245 918 1316 φρόνημα
962 1244 1209 1313 βούλεται
1240 1244 1349 1299 τῶν
1396 1246 1819 1311 δυσσεϐούντων,

222 1335 327 1389 τόο
382 1354 400 1387 t
431 1335 529 1399 Τίς
570 1337 736 1401 ἐστιν,
770 1332 947 1403 εἶπεν,
978 1340 1010 1408 ἡ
1044 1338 1229 1409 μητήρ
1268 1355 1393 1409 μου,
1434 1358 1453 1390 ι
1488 1339 1549 1392 οὐ
1580 1339 1636 1392 δὲ
1671 1338 1823 1409 παρὰ

224 1425 449 1495 φαῦλον
491 1427 591 1498 τὴν
640 1427 906 1481 τεκοῦσαν
957 1428 1257 1498 τιθέμενος,
1304 1429 1509 1499 ταύτην
1557 1431 1586 1482 ό
1630 1430 1822 1500 Σωτὴρ

220 1516 427 1587 ἀφῆκε
451 1516 550 1587 τὴν
577 1519 784 1588 φωνήν.
814 1518 938 1583 Πῶς
967 1520 1076 1590 γὰρ
1100 1520 1159 1583 ὃς
1186 1537 1248 1587 γε
1281 1522 1423 1574 κατὰ
1444 1521 1504 1573 τὸ
1533 1522 1822 1575 ἀτελέστε-

225 1627 339 1681 ρον
370 1612 469 1681 τῆς
498 1610 714 1681 ἡλικίας
744 1612 893 1681 νόμῳ
919 1613 1135 1680 φύσεως
1169 1612 1247 1665 ἔτι
1272 1613 1678 1684 γινωσκόμενος
1718 1615 1822 1666 ὑπ-

221 1703 502 1757 ετάσσετό
548 1720 606 1757 τε
636 1706 701 1775 τῇ
730 1706 915 1776 Μητρὶ
949 1705 1041 1760 καὶ
1083 1705 1153 1759 τὰ
1200 1706 1475 1777 προνόμια
1531 1704 1813 1776 πανταχοῦ

219 1798 305 1866 τῇ
339 1795 573 1868 τεκούσῃ
604 1797 926 1861 συνδιέσωζε
945 1837 959 1862 ,
994 1797 1110 1861 πῶς
1139 1791 1293 1862 οὗτος
1327 1798 1462 1869 πρὸς
1493 1798 1593 1868 τὴν
1617 1799 1821 1851 τελειό·

218 1905 381 1959 τητα
412 1888 512 1958 τῆς
538 1888 753 1957 ἡλικίας
793 1889 1009 1957 φθάσας
1036 1889 1389 1960 ἀτελέστερον
1434 1891 1528 1943 κα)⁸
1568 1891 1822 1961 ἀγνωμο-

220 1980 498 2051 νέστερον
524 1980 660 2050 πρὸς
682 1980 783 2049 τὴν
808 1981 1039 2051 Μητέρα
1063 1980 1128 2034 ἂν
1157 1980 1452 2046 διετίθετο;
1484 1979 1693 2035 Οὔκουν
1718 1983 1819 2035 οὐκ

219 2071 754 2141 ἀποσκευαζομένου
802 2072 902 2141 τὴν
944 2072 1172 2142 Μητέρα
1204 2072 1272 2125 τὰ
1317 2073 1560 2143 ῥήματα,
1609 2071 1816 2141 ἄπαγε,

221 2160 355 2216 ἀλλ’
398 2163 590 2234 ἑτέραν
640 2164 761 2217 τινὰ
800 2163 1039 2217 διάνοιαν
1090 2165 1519 2234 ἐρμηνεύοντοςο
1557 2164 1661 2218 ποῦ
1706 2167 1816 2236 γὰρ

221 2254 560 2318 ἀκόλουθον,
596 2253 698 2308 ποῦ
725 2254 770 2307 δ’
799 2255 1180 2321 ἀστασίαστον,
1214 2257 1271 2321 ἐξ
1296 2252 1363 2326 ἦς
1388 2256 1478 2310 διὰ
1506 2256 1817 2328 φιλανθρω-

224 2347 375 2401 πίαν
407 2348 607 2417 ἠξίωσε
641 2350 806 2419 σαρκὶ
841 2348 1126 2419 προελθεῖν
1157 2350 1251 2403 καί
1280 2350 1389 2402 τῶν
1424 2350 1708 2420 ἁχράντων
1742 2352 1821 2403 ai-

231 2437 433 2507 μάτων
461 2440 489 2491 ό
519 2439 817 2510 εὐδοκήσας
843 2441 1023 2511 ἐαυτῷ
1054 2440 1313 2512 βροτείαν
1342 2443 1557 2513 μορφὴν
1595 2445 1818 2513 συμπή-

228 2530 435 2595 ξασθαί
468 2548 528 2585 τε
560 2534 653 2585 καὶ⁵
682 2534 1063 2604 περιέψεσθαι,
1113 2534 1322 2605 ταύτην
1357 2534 1669 2600 ἀπαξιῶσαι
1700 2534 1819 2606 Μη-

223 2624 380 2695 τέρα
419 2625 801 2695 συνομολογεῖν
829 2627 923 2679 καὶ
965 2626 1066 2695 τῆς
1109 2627 1167 2679 ἐν
1224 2626 1464 2697 ῥήμασιν
1498 2629 1819 2699 ἀποστερεῖν

224 2716 574 2787 οἰκειότητος
591 2733 605 2745 ·
634 2718 982 2788 προῦποστὰς
1005 2719 1099 2772 καὶ
1123 2718 1558 2788 προκαταλαϐὼν
1572 2719 1665 2773 καὶ
1687 2736 1821 2789 προ-

226 2810 630 2881 δωρησάμενος
664 2812 764 2881 τὴν
793 2813 852 2864 ὲν
894 2810 974 2882 τῷ
1003 2812 1289 2882 πράγματι
1339 2813 1526 2881 σχέσιν
1558 2812 1653 2865 καὶ
1684 2811 1819 2883 ἀλή-

228 2905 421 2963 θειαν.
453 2905 564 2957 Καὶ
587 2906 637 2956 εί
661 2904 908 2974 ἔμελλεν,
935 2903 980 2956 ὦ
1001 2904 1101 2973 τῆς
1126 2904 1536 2973 γλωσσαλγίαςί
1569 2905 1819 2975 ἀπαρνή-

1926 422 2234 478 mirandum
2269 425 2413 495 quod
2446 427 2757 482 voluntarie
2795 442 3065 483 caecorum
3095 430 3361 499 adiuvans
3416 433 3502 488 lu-

1926 527 2049 565 men
2089 513 2423 568 iutellectttm
2460 514 2775 570 illuminare
2807 517 3076 572 sustineat
3118 528 3173 571 et
3206 534 3369 572 manu
3400 524 3503 574 du—

1924 620 2083 671 cere;
2124 621 2225 661 nec
2261 607 2375 675 jam
2401 621 2497 661 eos
2526 606 2779 678 indignos
2813 597 3022 676 judicet
3073 610 3166 678 qui
3215 610 3501 665 veritatem

1924 698 2169 753 videant.
2194 698 2391 754 Noster
2423 701 2568 753 enim
2605 700 2869 755 Dominus
2899 708 2953 755 et
2990 701 3241 756 Salvator
3272 719 3505 772 pereun-

1927 790 2071 845 tibus
2102 791 2447 846 obstacttlum
2482 792 2710 848 effectus
2749 803 2833 848 est
2874 802 2927 848 et
2971 806 3123 863 petra
3165 795 3408 850 scandali
3448 806 3505 851 et

1926 883 2064 953 lapis
2092 884 2411 953 reprobatus
2436 885 2491 937 in
2521 893 2683 953 caput
2710 874 2895 954 anguli
2932 884 3233 953 subjectus.
3262 885 3385 940 Non
3413 886 3504 941 ille

1924 990 2059 1030 sane
2086 975 2137 1029 id
2168 974 2397 1031 ell'ectus
2432 984 2534 1041 est,
2570 976 2665 1031 sed
2698 976 3013 1031 errantibus
3051 976 3203 1031 visus
3235 986 3319 1032 est
3343 976 3503 1032 ellici.

1924 1065 1993 1121 Et
2020 1068 2073 1121 in
2107 1067 2211 1122 hoc
2247 1068 2366 1123 loco
2396 1078 2543 1122 certe
2572 1083 2681 1123 non
2731 1068 2986 1137 rejicieus
3017 1078 3269 1132 matrem,
3302 1078 3361 1123 ut
3388 1070 3508 1124 vult

1924 1158 2246 1228 blasphema
2302 1158 2597 1229 impiorum
2656 1158 2952 1228 cogitatio,
2998 1175 3178 1229 neque
3232 1175 3352 1214 eam
3407 1160 3504 1231 qui

1925 1248 2105 1319 ipsum
2154 1249 2343 1320 genuit
2388 1259 2775 1313 contemnens,
2830 1250 2971 1306 hanc
3012 1267 3197 1305 vocem
3250 1251 3505 1307 Salvator

1923 1341 2105 1396 emisit
2134 1358 2148 1395 :
2186 1360 2203 1393 t
2233 1343 2365 1405 Quae
2382 1353 2485 1405 est,
2522 1343 2719 1412 inquit,
2745 1350 2918 1396 mater
2945 1344 3105 1397 mea?
3154 1363 3172 1394 ι
3216 1342 3503 1409 Quomodo

1922 1435 2067 1490 enim
2097 1434 2191 1503 qui
2217 1449 2314 1504 pro
2335 1438 2510 1489 aetatis
2530 1434 2943 1503 imperfectione
2966 1447 3172 1490 natura:
3194 1437 3308 1506 lege
3326 1434 3504 1490 adhuc

1924 1526 2173 1597 cognitus
2196 1526 2353 1580 matri
2405 1526 2658 1581 subditus
2710 1534 2850 1590 erat,
2900 1538 2955 1582 et
2975 1527 3179 1599 primas
3210 1540 3393 1597 partes
3428 1527 3500 1580 illi

1923 1616 2018 1686 qui
2071 1616 2247 1684 ipsum
2299 1623 2603 1684 pepererat,
2657 1618 2933 1679 servabat,
2994 1618 3272 1687 quomodo
3333 1617 3499 1680 idem,

1925 1719 2214 1780 postquam
2252 1707 2316 1761 ad
2347 1708 2522 1763 aetatis
2579 1707 2972 1777 perfectionem
3008 1708 3256 1779 pervenit
3300 1710 3502 1777 imper-

1925 1802 2122 1857 fectius
2174 1813 2229 1855 et
2282 1801 2550 1871 ingratius
2591 1817 2723 1872 erga
2780 1810 3010 1855 matrem
3060 1801 3333 1855 sentiret?
3382 1798 3501 1853 Non

1925 1892 2093 1964 igitur
2127 1902 2356 1946 matrem
2416 1892 2712 1961 rejicietttis
2752 1894 2917 1946 verba
2955 1900 3102 1954 sunt.
3147 1892 3241 1945 sed
3275 1890 3499 1945 alteram

1925 1986 2166 2054 aliquam
2215 1984 2600 2053 cngitatiunem
2648 1984 2919 2038 docentis.
2980 1983 3267 2046 Quomodo
3308 1997 3503 2037 conse-

1924 2093 2099 2148 quens
2130 2078 2213 2131 est
2240 2086 2295 2130 et
2328 2093 2435 2131 non
2474 2076 2797 2137 absurdum,
2818 2090 2938 2129 eam
2986 2090 3050 2129 ex
3081 2090 3188 2144 qua
3221 2089 3317 2144 per
3344 2073 3502 2128 beni-

1926 2168 2188 2238 guitatetn
2242 2182 2407 2222 carne
2460 2168 2694 2221 amictus
2752 2167 2971 2236 prodire
3017 2167 3275 2235 dignatus
3321 2174 3406 2221 est
3449 2175 3505 2218 et

1926 2263 2146 2317 sincero
2201 2261 2466 2330 sanguine
2512 2260 2616 2314 sibi
2666 2259 2951 2313 mortalem
3002 2258 3234 2314 formam
3280 2258 3505 2313 confor-

1926 2367 2078 2406 mare
2114 2360 2170 2405 et
2202 2351 2355 2405 obire
2395 2349 2586 2415 voluit,
2630 2366 2774 2413 eam,
2817 2349 3063 2417 inquam,
3107 2348 3347 2402 abnuere
3386 2363 3504 2401 ma-

1924 2453 2061 2499 trem
2129 2440 2380 2497 confiteri
2452 2449 2506 2495 et
2573 2441 2752 2495 verbis
2824 2454 2945 2494 eam
3029 2437 3504 2506 consanguinitate

1925 2535 2183 2607 privare?
2230 2542 2519 2603 postquam
2545 2543 2671 2587 ante
2696 2532 2747 2585 in
2784 2548 2841 2586 re
2869 2532 3114 2585 habitum
3145 2540 3199 2585 et
3221 2532 3503 2584 veritatem

1925 2627 2168 2697 suscepit
2212 2634 2267 2680 et
2310 2626 2532 2680 admisit
2576 2634 2631 2679 et
2683 2624 2913 2693 largitus
2948 2624 3070 2677 est?
3100 2623 3169 2676 Et
3209 2623 3255 2678 si
3290 2623 3501 2685 debuit,

1928 2721 2085 2791 (proh
2111 2718 2504 2788 blaSpltemiam
2531 2717 2586 2785 ί)
2620 2718 2766 2770 illam
2798 2718 3087 2784 denegare,
3119 2714 3250 2785 quid
3284 2729 3401 2767 eam
3435 2716 3505 2767 ab

1927 2813 2085 2868 initio
2134 2811 2583 2881 approbaverat?
2629 2810 2770 2875 Quid
2817 2820 2873 2863 et
2927 2810 3171 2863 habitum
3225 2808 3503 2872 induebat,

1926 2906 2083 2974 cujus
2120 2903 2350 2959 formam
2400 2902 2757 2973 opprobrium
2802 2902 3095 2957 credebat?
3154 2899 3361 2956 Etenim
3408 2914 3503 2953 us—

233 2994 448 3049 σασθαι
476 2996 699 3067 ταύτην,
734 2998 787 3050 τί
834 2998 928 3051 καὶ
959 2996 1058 3068 τὴν
1085 2996 1260 3069 ἀρχὴν
1302 2997 1439 3059 ὅλως
1468 2998 1818 3067 προσήκατο;

1930 3015 2033 3068 que
2082 3000 2148 3053 ad
2205 2999 2257 3053 id
2312 3007 2468 3067 urget
2520 2997 2719 3067 lingua:
2774 2995 3022 3050 audacia.
3072 2994 3176 3049 Sed
3211 3004 3265 3048 et
3312 3009 3502 3048 eorum

228 3089 293 3141 τί
322 3088 423 3141 καὶ
443 3090 633 3159 σχῆμα
664 3089 907 3161 περιέδυ,
936 3084 998 3144 οὗ
1021 3089 1118 3160 τὴν
1148 3090 1362 3161 μορφὴν
1388 3089 1547 3159 ὓϐριν
1574 3090 1814 3160 ἐνόμιζε;

233 3182 339 3235 καὶ
367 3180 477 3250 γὰρ
508 3182 604 3235 καὶ
649 3182 811 3252 μέχρι
853 3181 1043 3235 τούτου
1086 3182 1184 3251 τῆς
1234 3181 1489 3251 γλώσσης
1536 3183 1704 3254 ἤλασε
1752 3182 1823 3236 τὰ

231 3273 603 3343 τολμήματα·
636 3273 753 3326 ἀλλ’
798 3276 831 3344 ἡ
870 3274 970 3345 μὲν
1014 3274 1238 3327 ἐκείνων
1268 3274 1520 3339 ἀπόνοια,
1549 3273 1726 3347 ταύτῃ
1761 3292 1821 3329 τε

235 3368 343 3421 καὶ
371 3367 431 3431 ἐξ
459 3367 634 3421 ἄλλων
655 3366 917 3420 πλειόνων
942 3366 1035 3419 τὸν
1060 3366 1277 3435 ἔλεγχον
1304 3365 1540 3419 δίδωσιν.

317 3460 481 3523 Ἴσως
518 3460 563 3512 δ’
596 3459 662 3513 ἄν
690 3476 775 3523 τις
823 3458 884 3511 οὐ
926 3458 1112 3530 πόρρω
1143 3458 1254 3511 τῶν
1280 3457 1654 3526 εὐαγγελικῶν
1686 3474 1824 3527 γνω-

238 3552 532 3625 ρισμάτων
583 3550 1041 3621 διαπλαττόμενος
1098 3551 1267 3619 φάναι
1330 3549 1423 3603 τὸν
1482 3550 1710 3620 Σωτῆρα
1762 3547 1824 3602 τὺ

236 3642 403 3713 ῥῆμα
446 3643 579 3712 ἐρεῖ,
609 3641 707 3711 οὐχ
753 3640 1193 3710 ὑποτεμνόμενον
1238 3640 1338 3710 μὲν
1384 3642 1450 3709 τῇ
1504 3640 1689 3710 Μητρὶ
1726 3638 1824 3709 τὴν

236 3736 433 3805 τιμὴν,
463 3734 585 3787 οὐδὲ
618 3732 799 3802 πολλῷ
836 3732 1036 3802 μᾶλλον
1065 3730 1484 3802 ἀπαρνούμενον
1514 3731 1614 3802 τὴν
1647 3730 1825 3801 ἐμφυ-

236 3842 338 3880 τον
369 3824 553 3896 σχέσιν
581 3824 679 3878 καὶ
709 3822 963 3893 στοργήν,
996 3821 1116 3876 οὐδὲ
1132 3820 1328 3874 πολλοῦ
1357 3820 1437 3873 δεῖ
1464 3820 1702 3890 γέμοντα
1729 3819 1826 3874 καὶ

238 3920 532 3988 πρέποντα
558 3918 625 3987 τῇ
653 3915 1036 3987 γεννησαμένη
1068 3914 1229 3984 γέρα,
1266 3914 1414 3984 ὅμως
1437 3912 1536 3983 τῆς
1560 3913 1691 3983 περὶ
1721 3914 1823 3966 αὺ-

237 4011 350 4082 τὴν
376 4009 674 4081 θεραπείας
722 4008 819 4079 τὴν
861 4006 973 4061 τῶν
1020 4006 1322 4075 ἀνθρώπων
1347 4006 1622 4076 προτιμᾷν
1652 4022 1829 4075 σωτηο

247 4102 400 4173 ρίαν,
428 4102 525 4155 καὶ
555 4101 655 4172 τὴν
688 4102 769 4162 εἰς
794 4098 952 4152 τοῦτο
982 4098 1041 4152 τὸ
1065 4097 1221 4161 τέλος
1252 4098 1527 4168 φέρουσαν
1570 4096 1828 4150 διδασκα-

240 4195 393 4261 λίαν,
418 4196 487 4249 δι’
514 4194 610 4258 οὓς
641 4194 734 4247 καὶ
759 4194 962 4263 Μήτηρ
992 4193 1086 4245 καὶ
1104 4192 1262 4254 τόκος
1293 4191 1390 4244 καὶ
1409 4189 1517 4242 τῶν
1551 4188 1826 4260 πατρῴων

244 4287 473 4341 κόλπων
505 4286 777 4348 ἁκένωτος
811 4284 1042 4347 κένωσις
1088 4283 1182 4336 καὶ
1229 4283 1288 4335 ἐν
1337 4280 1648 4351 ἀνθρώποις
1694 4284 1826 4336 ἁνα-

1926 3093 2127 3163 linguaa
2175 3090 2405 3145 audacia
2453 3099 2509 3143 et
2552 3089 2676 3144 inde
2703 3097 2757 3144 et
2789 3104 2855 3142 ex
2902 3088 3089 3143 multis
3132 3086 3254 3141 aliis
3283 3087 3366 3141 sui
3413 3101 3503 3139 ar-

1925 3191 2246 3253 gumentum
2287 3179 2509 3250 praebet.

1996 3449 2250 3505 Forsitan
2278 3455 2335 3502 et
2376 3444 2579 3515 aliquis
2612 3459 2723 3498 non
2762 3442 2923 3512 longe
2958 3441 3028 3495 ab
3063 3440 3393 3511 evangelieis
3424 3440 3510 3494 in-

1926 3544 2082 3600 diciis
2137 3542 2372 3612 opinans
2428 3540 2552 3603 ,hoc
2601 3537 2826 3591 verbum
2874 3534 3126 3589 emisisse
3169 3534 3504 3587 Salvatorem

1925 3636 2093 3697 dicet,
2149 3650 2257 3687 non
2312 3632 2500 3685 matris
2548 3630 2810 3683 honorem
2858 3625 3196 3682 auferentem
3251 3639 3430 3695 neque
3475 3639 3507 3678 a

1926 3725 2141 3780 fortiori
2178 3724 2482 3794 ingenitum
2516 3721 2762 3775 habitum
2782 3729 2835 3774 et
2856 3734 3098 3772 amorem
3121 3719 3506 3787 abnegantem,

1926 3833 2106 3887 neque
2137 3818 2367 3870 multum
2405 3829 2557 3887 .sane
2596 3813 2779 3875 abest,
2816 3814 2975 3882 plena
3026 3822 3077 3866 et
3127 3811 3505 3865 convenientia

1928 3911 2089 3966 matri
2125 3910 2373 3981 praemia,
2406 3917 2584 3962 tamen
2612 3907 2756 3961 illius
2786 3922 2933 3959 cura:
2958 3905 3186 3959 salutem
3222 3903 3508 3957 hominum

1927 4012 2348 4074 anteponentem
2384 4010 2437 4055 et
2477 4002 2543 4054 ad
2573 4016 2699 4055 eum
2755 4002 2917 4053 linem
2964 4000 3251 4052 ducentem
3303 3998 3506 4051 doctri-

1930 4104 2341 4164 nam;propter
2370 4108 2511 4162 quos
2553 4100 2607 4146 et
2652 4100 2830 4146 mater
2880 4099 2934 4145 et
2971 4100 3161 4159 partus
3198 4097 3253 4144 et
3297 4089 3509 4158 paterni

1931 4188 2087 4241 siuus
2129 4200 2239 4238 non
2288 4188 2553 4238 evacuata
2601 4180 2912 4245 evacuatio,
2973 4190 3026 4234 et
3081 4181 3134 4233 iu
3192 4181 3511 4235 hominibus

1930 4276 2293 4333 commoratio
2323 4284 2377 4329 et
2415 4276 2537 4327 vitae
2576 4274 2887 4328 institutum
2924 4284 2977 4327 et
3010 4288 3144 4327 crux
3180 4274 3505 4335 voluntaria,

247 4378 464 4449 στροφὴ
498 4378 592 4432 καὶ⁷
616 4376 864 4430 πολιτεία
891 4377 984 4430 καὶ
1024 4374 1255 4444 σταυρὸς
1285 4374 1534 4436 ἑκούσιος
1567 4374 1662 4426 καὶ
1686 4390 1824 4427 κακ-

1930 4380 1985 4426 et
2009 4370 2254 4425 maleﬁca
2279 4383 2463 4433 mors;
2491 4367 2687 4422 deinde
2717 4376 2771 4421 et
2799 4368 3076 4436 sepultura
3105 4377 3159 4420 et
3180 4369 3513 4421 resurrectio

245 4467 467 4539 οὑργων
515 4466 779 4531 θάνατος,
828 4462 947 4519 εἶτα
992 4466 1087 4518 καὶ
1144 4464 1291 4535 ταφὴ
1358 4465 1455 4517 καὶ
1502 4465 1827 4529 ἀνάστασις,

247 4558 553 4629 ἐπισχύσαι
586 4559 630 4610 δ’
653 4559 718 4612 ἂν
750 4557 1034 4629 πειραθείη
1068 4556 1166 4627 τὴν
1192 4557 1461 4621 ἐπίνοιαν,
1483 4558 1581 4609 καὶ
1610 4560 1692 4612 ότι
1724 4573 1831 4628 περ

247 4647 365 4702 οὐδ’
396 4644 466 4721 ἦν
508 4648 682 4710 ἄλλως
738 4649 998 4719 πράττειν
1045 4649 1137 4703 τὸν
1188 4650 1418 4719 Ἰησοῦν,
1462 4652 1509 4703 εί
1557 4652 1635 4722 μὴ
1685 4652 1830 4706 κατὰ

250 4739 462 4811 ταύτην
490 4741 588 4808 τὴν
611 4740 934 4794 ἀκολουθίαν
961 4740 1053 4794 καὶ
1078 4742 1169 4793 τὸν
1202 4741 1394 4810 εἱρμὸν
1436 4743 1535 4812 τῆς
1574 4744 1832 4813 προνοίας

249 4833 539 4890 διετίθετο.
577 4832 856 4887 Ἐδίδασκε
888 4834 996 4904 γάρ
1036 4835 1065 4887 ό
1111 4833 1303 4903 Σωτὴρ
1346 4834 1484 4901 μετὰ
1512 4835 1621 4888 τῶν
1653 4835 1833 4889 ἄλλων

252 4924 543 4996 σωτηρίων
581 4925 920 4996 μαθημάτων
956 4926 1053 4979 καὶ
1093 4926 1154 4979 τὸ
1199 4928 1273 4997 μὴ
1305 4928 1580 4997 προτιμᾷν
1620 4929 1834 5000 πατέρα

255 5015 288 5084 ἢ
323 5015 538 5086 μητέρα
580 5016 613 5086 ἢ
657 5018 916 5083 γυναῖκα,
943 5016 1041 5085 τῆς
1073 5014 1240 5069 αὑτοῦ
1287 5015 1643 5085 ψυχωφελοῦς
1688 5017 1834 5072 διδα-

259 5106 485 5169 σκαλίας
518 5108 613 5159 καὶ
654 5106 753 5177 τῆς
798 5109 937 5176 πρὸς
974 5108 1136 5161 αὑτὸν
1178 5107 1557 5169 ἀπονεύσεως·
1591 5126 1609 5159 ι
1643 5108 1834 5173 Ὅστις

259 5198 387 5269 γὰρ,
420 5200 605 5269 φησὶν,
632 5200 734 5253 οὒκ
766 5201 1150 5272 ἐγκαταλείψει
1182 5204 1393 5275 πατέρα
1437 5207 1469 5277 ἢ
1502 5207 1741 5277 μητέρα,
1773 5225 1828 5262 κ.

258 5302 309 5340 τ.
334 5287 409 5350 λ.,
445 5288 542 5341 οὐκ
571 5288 685 5341 ἔστι
716 5306 818 5359 μου
856 5289 1027 5357 ἄξιος,
1063 5311 1082 5342 ι
1138 5296 1435 5360 τουτέστιν,
1467 5296 1525 5359 ὃς
1549 5297 1608 5349 οὐ
1642 5314 1835 5368 προτι-

262 5378 424 5447 μήσει
455 5380 552 5450 τὴν
584 5379 722 5451 ἐμὴν
759 5381 854 5434 καὶ
882 5381 1164 5446 σώζουσαν
1211 5387 1534 5457 παραίνεσιν
1578 5390 1674 5442 καὶ
1719 5407 1834 5442 νου-

262 5466 463 5533 θεσίαν,
500 5470 592 5522 καὶ
624 5470 719 5541 τὴν
746 5472 826 5534 εἰς
857 5473 955 5541 ἐμὲ
976 5475 1232 5545 στοργήν,
1271 5471 1425 5541 οὗτος
1463 5477 1686 5542 ἐξέπεσε
1736 5478 1834 5548 μὲν

264 5559 367 5613 τῶν
395 5561 768 5633 άτελευτήτων
796 5565 1039 5633 ἀγαθῶν,
1071 5566 1297 5631 ἐξέπεσε
1331 5570 1387 5621 δὲ
1433 5569 1532 5639 τῆς
1566 5569 1833 5641 μακαριό-

264 5662 418 5720 τητος
448 5645 515 5725 ἧς
544 5654 594 5706 οἱ
629 5656 1069 5727 προτιμήσαντες
1097 5657 1203 5712 τῶν
1247 5660 1584 5737 συγγενικῶν
1610 5660 1829 5738 θεσμῶν

1932 4462 2169 4518 validam
2200 4471 2435 4516 mentem
2475 4460 2699 4514 reddere
2729 4465 3106 4527 ;couarentur;
3156 4467 3211 4513 et
3240 4459 3367 4528 quia
3400 4475 3506 4512 nun

1932 4563 2145 4627 poterat
2165 4569 2225 4609 se
2250 4568 2441 4623 gerere
2463 4549 2798 4614 Jesum,nisi
2834 4551 2973 4604 hanc
3003 4550 3148 4603 viam
3180 4560 3233 4604 et
3255 4549 3510 4604 semitam

1934 4659 2277 4720 sequeretur.
2309 4647 2550 4701 Docebat
2578 4645 2724 4699 enim
2760 4644 3013 4698 Salvator
3047 4643 3213 4697 simul
3251 4658 3374 4697 cum
3408 4658 3513 4696 ca:-

1934 4742 2067 4798 teris
2104 4740 2439 4797 salutaribus
2472 4736 2740 4792 doctrinis
2772 4735 2947 4805 ipsius
2996 4735 3195 4789 auimis
3233 4743 3343 4787 tam
3390 4732 3510 4788 utili

1934 4834 2204 4889 doctrina:
2227 4841 2282 4887 et
2318 4831 2383 4885 ad
2418 4831 2593 4899 ipsum
2643 4827 2985 4881 inclinationi
3029 4842 3138 4880 non
3180 4836 3390 4897 patrem
3418 4835 3513 4881 aut

1933 4934 2163 4979 matrem
2210 4933 2305 4976 aut
2354 4937 2576 4976 uxorem
2626 4920 3034 4975 anteferendam
3085 4938 3098 4973 :
3139 4938 3157 4970 t
3188 4919 3513 4989 Quicunque

1934 5017 2081 5071 enim
2107 5031 2215 5070 uon
2248 5014 2522 5083 relinquet
2564 5019 2776 5081 patrem
2817 5021 2870 5066 et
2913 5020 3169 5077 matrem,
3216 5021 3347 5075 etc.,
3398 5027 3514 5064 non

1934 5119 2021 5166 est
2046 5123 2133 5163 me
2162 5108 2382 5179 dignus,
2430 5125 2448 5156 ι
2493 5106 2546 5159 id
2584 5114 2687 5167 est,
2724 5104 2815 5175 qui
2854 5120 2961 5159 non
3005 5113 3295 5174 anteponet
3334 5118 3513 5157 meam

1935 5203 2232 5259 salutarem
2282 5200 2650 5255 hortationem
2699 5207 2753 5251 et
2800 5196 3090 5252 consilium
3131 5205 3187 5251 ct
3222 5196 3326 5249 mei
3364 5212 3515 5250 amo-

1936 5310 2075 5358 rem,
2128 5293 2216 5347 ille
2260 5293 2328 5345 ab
2356 5292 2575 5345 teter-uis
2614 5291 2771 5345 bonis
2820 5291 3053 5355 decidit;
3089 5289 3158 5343 ab
3204 5290 3293 5343 illa
3327 5299 3511 5343 autem

1937 5385 2275 5441 beatitudine
2311 5385 2531 5449 decidit,
2573 5399 2679 5452 qua
2724 5384 2776 5437 in
2820 5393 3081 5437 aeternum
3132 5380 3389 5435 fruuntur
3420 5381 3513 5449 qui

1937 5476 2338 5547 eougeueribus
2363 5476 2630 5531 institutis
2654 5489 2807 5529 meas
2830 5475 2976 5544 leges
3000 5484 3053 5528 et
3083 5473 3327 5528 divinum
3359 5487 3514 5526 amo-

1937 5585 2051 5625 rem
2088 5568 2457 5637 praetulerunt.

2020 5659 2190 5731 llujus
2215 5674 2345 5716 vero
2379 5658 2620 5715 mandati
2661 5657 2977 5713 facilitatem
3015 5664 3069 5713 et
3110 5651 3512 5724 adimpletiouis
