3888 6186
360 223 468 288 34'}

1520 223 1786 283 I’HOTII
1817 223 2322 284 PATRIARCILE
2364 224 2473 285 CP.

3541 205 3663 271 344

362 341 845 417 promptitudinem
865 339 1271 411 statuens,ipse
1293 340 1424 395 illud
1457 342 1670 411 primus
1704 344 1946 410 insequi-

2061 363 2175 426 τοὺς
2203 362 2374 432 ἐμοὺς
2403 361 2607 429 νόμους
2654 357 2748 411 καὶ
2775 356 2871 411 τὸν
2899 355 3045 409 θεῖον
3092 352 3271 425 ἔρωτα
3314 349 3405 403 διά
3432 349 3662 410 παντὸς

358 450 467 505 tur,
481 445 804 492 etmaternm
824 434 1139 491 necessitati
1157 442 1204 489 el
1227 434 1413 501 gratia:
1435 433 1944 490 auditorumTinsti-

359 534 623 588 tutionem
640 528 880 599 praefert,
892 527 1001 582 fere
1014 528 1202 584 dicens
1225 547 1237 582 :
1258 526 1723 594 Quemadmodum
1736 543 1836 598 ego
1852 541 1947 581 vos

359 626 561 679 decens
574 633 876 679 etvestram
893 623 1124 678 salutem
1142 635 1467 691 procurans.
1481 629 1784 675 maternam
1806 618 1951 675 solli.

362 719 687 782 citudinem,
718 716 1022 773 secundum
1056 714 1183 778 feci,
1203 715 1434 770 salutem
1456 721 1693 768 vestram
1723 723 1947 782 antepo-

361 826 517 874 nens,
543 810 615 865 ita
645 818 861 879 oportet
892 823 988 863 vos
1025 822 1245 863 omnem
1296 822 1393 877 per
1425 806 1644 861 vincula
1682 819 1949 875 corporea

361 902 741 971 procedentem
803 901 1050 956 habitum
1106 907 1163 954 et
1226 908 1439 953 natura:
1505 896 1947 952 convenientiam

363 1012 464 1066 pro
481 1007 660 1051 vestra
684 996 859 1051 salute
877 1004 932 1051 et
948 1002 1263 1049 nostrarum
1283 992 1657 1047 doctrinarum
1686 999 1742 1045 et
1767 989 1948 1058 legum

363 1087 608 1143 custodia
629 1096 684 1141 et
702 1087 1085 1143 observatione
1112 1095 1478 1140 commutare.
1498 1082 1695 1137 Eadem
1730 1081 1947 1136 ratione

364 1189 420 1235 ct
445 1178 494 1234 ei
525 1180 617 1249 qui
644 1180 821 1249 ipsum
853 1179 1081 1249 rogabat
1125 1187 1184 1232 ut
1225 1179 1294 1233 ad
1330 1176 1702 1248 sepeliendum
1737 1182 1948 1244 patrem

364 1271 577 1337 abiret,
634 1289 743 1328 non
778 1273 1083 1340 concessit;
1115 1287 1222 1326 non
1257 1268 1649 1326 contemnendi
1676 1278 1905 1323 matrem
1930 1308 1947 1332 ,

366 1363 529 1427 absit,
560 1372 614 1417 et
649 1365 950 1434 praesertim
986 1364 1153 1434 piam,
1194 1377 1373 1432 neque
1413 1362 1588 1431 patris
1626 1358 1948 1429 dignitatem

366 1458 669 1528 negligendi
702 1466 755 1512 et
794 1458 913 1525 ejus
950 1457 1286 1512 desiderium
1328 1454 1531 1525 injuria
1575 1448 1949 1522 prosequendi

365 1552 710 1606 occasionem
755 1551 1033 1620 praebens;
1077 1550 1173 1605 sed
1216 1548 1535 1603 omnimodo
1580 1560 1683 1601 nos
1718 1545 1951 1599 hortans

366 1651 424 1697 ut
451 1644 793 1713 spiritualem
827 1644 1060 1700 salutem
1085 1657 1365 1713 corporeae
1390 1641 1540 1697 omni
1570 1634 1949 1709 conjunctioni

363 1748 418 1792 et
446 1738 797 1808 dispositioni
840 1736 1234 1793 anteferamus.
1276 1734 1402 1791 Haec
1443 1735 1671 1790 forsitan
1726 1728 1953 1799 aliquis,

365 1839 427 1885 ut
456 1830 662 1884 dictum
692 1842 798 1895 est,
830 1839 1057 1884 matrem
1092 1841 1292 1899 putans
1329 1844 1388 1883 se
1431 1828 1808 1898 prazrogativis
1846 1826 1946 1881 h0-

366 1920 521 1975 noris
556 1935 667 1974 non
700 1923 938 1991 privare,
972 1921 1065 1975 sed
1098 1921 1147 1975 ei
1184 1922 1237 1975 in
1271 1921 1463 1975 eodem
1495 1921 1668 1989 gradu
1704 1934 1946 1983 servare,

367 2012 640 2067 disserere
660 2021 951 2066 conaretur
982 2014 1177 2067 matris
1222 2021 1277 2066 et
1322 2013 1739 2067 convenientem
1784 2026 1952 2066 vene-

369 2104 637 2158 rationem
678 2114 733 2158 et
763 2104 1128 2159 reverentiam
1153 2113 1339 2159 tuens.
1374 2104 1631 2158 Attamen
1679 2094 1793 2157 haec
1834 2101 1953 2158 col-

368 2197 501 2253 latio
554 2198 778 2253 modum
828 2198 1047 2267 quidem
1107 2199 1333 2267 exponit
1376 2214 1487 2268 quo
1527 2198 1592 2251 ad
1634 2195 1951 2252 inferiorem

368 2290 617 2344 ordinem
648 2289 954 2354 descendit,
993 2304 1098 2344 non
1132 2302 1316 2344 autem
1344 2306 1465 2345 eam
1514 2291 1582 2346 ab
1617 2291 1841 2346 honoris
1870 2290 1958 2345 di-

370 2383 676 2438 minutione
702 2382 919 2439 liberat.

2048 454 2404 509 ἀπολαύουσι.
2437 454 2654 522 Ταύτης
2683 451 2740 505 δέ
2769 452 2867 520 τῆς
2895 449 3117 519 ἐντολῆς
3147 448 3208 501 τὸ
3252 449 3380 520 ῥᾷον
3416 446 3510 499 καὶ
3547 443 3658 498 εύ-

2049 545 2397 617 κατόρθωτον
2443 542 2719 597 καθιστῶν
2762 544 2790 595 ὁ
2831 540 3043 612 Σωτὴρ,
3079 538 3243 603 αὐτὸς
3269 537 3480 607 ταύτην
3519 552 3662 607 ριετ⁸

2049 640 2271 710 έρχεται
2297 638 2514 710 πρῶτος
2557 637 2653 691 καὶ
2696 637 2777 697 εἰς
2807 637 2931 699 τοὺς
2962 633 3239 705 ἀκροατάς
3281 631 3658 684 διδασκαλίαν

2048 731 2146 800 τῆς
2177 729 2455 801 μητρικῆς
2489 728 2773 800 προκρίνει
2817 728 3007 798 χρείας
3051 726 3145 779 καὶ¹
3171 725 3415 797 χάριτος,
3454 740 3660 793 μονον-

2052 824 2173 894 ουχὶ
2235 822 2411 891 λέγων
2456 822 2539 875 ὅτι
2584 820 2838 889 καθάπερ
2882 817 2992 888 ἐγὼ
3037 818 3304 871 διδάσκων
3347 817 3516 886 ὑμᾶς,
3551 815 3658 868 καὶ

2051 915 2178 983 περὶ
2205 912 2305 986 τὴν
2332 912 2485 984 ὑμῶν
2515 910 2789 983 σωτηρίαν
2817 908 3215 980 ἀσχολούμενος
3244 907 3341 979 τὴν
3367 906 3659 977 μητρικὴν

2051 1005 2256 1077 ἐθέμην
2278 1004 2536 1075 δευτέραν
2566 1002 2883 1075 θεραπείαν,
2926 1002 3029 1072 τὴν
3054 999 3331 1071 ὑμετέραν
3362 996 3659 1068 σωτηρίαν

2053 1099 2439 1172 προελόμενος,
2471 1096 2615 1151 οὕτω
2653 1095 2763 1168 χρὴ
2795 1094 2941 1166 ὑμᾶς
2973 1094 3193 1161 ἀπάσης
3239 1093 3342 1163 τῆς
3392 1092 3484 1145 διά
3533 1089 3658 1143 τῶν

2054 1187 2388 1258 σωματικῶν
2425 1185 2640 1256 δεσμῶν
2671 1183 2969 1257 προϊούσης
3000 1181 3239 1255 σχέσεώς
3262 1200 3321 1236 τε
3371 1183 3471 1235 καὶ
3515 1200 3660 1252 συμ-

2054 1279 2287 1341 παθείας
2316 1278 2417 1348 τὴν
2441 1277 2596 1349 ὑμῶν
2620 1276 2801 1330 αὐτῶν
2834 1275 3115 1345 σωτηρίαν
3155 1274 3653 1336 ἀπαλλάττεσθαι,

2053 1371 2151 1426 καὶ
2176 1370 2287 1423 τῶν
2313 1368 2464 1440 ἐμῶν
2504 1367 2856 1439 διδαγμάτων
2885 1367 2982 1443 καὶ
3036 1366 3219 1437 νόμων
3246 1365 3346 1436 τὴν
3390 1364 3658 1433 φυλακὴν

2054 1462 2149 1517 καὶ⁸
2174 1461 2532 1532 συντήρησιν.
2560 1459 2752 1531 Ταύτῃ
2784 1477 2869 1513 τοι
2900 1458 2995 1512 καὶ
3019 1456 3113 1512 τὸν
3140 1458 3514 1528 αἰτησάμενον
3540 1458 3658 1508 ἀπ-

2054 1553 2231 1607 ελθεῖν
2262 1553 2355 1605 ἐπὶ⁸
2385 1553 2447 1605 τὸ
2473 1551 2644 1621 θάψαι
2678 1552 2770 1605 τὸν
2798 1548 3043 1620 Πατέρα,
3082 1549 3183 1602 οὐκ
3214 1546 3519 1618 ἐπέτρεψεν
3539 1563 3551 1575 ·
3585 1544 3657 1597 ού

2056 1647 2425 1718 καταφρονεῖν
2455 1644 2686 1716 μητρὸς,
2723 1643 2798 1715 μή
2825 1659 2877 1696 τι
2906 1642 3120 1710 γένοιτο
3149 1640 3244 1694 καὶ
3268 1638 3510 1708 μάλιστα
3549 1639 3658 1706 τῆς

2056 1741 2229 1806 ὁσίας,
2265 1739 2389 1793 οὐδὲ
2415 1737 2511 1791 τοῦ
2556 1736 2762 1809 πατρὸς
2806 1732 3161 1807 ἐξαργεῖσθαι
3188 1731 3291 1804 τὴν
3321 1732 3515 1802 σχέσιν
3552 1729 3659 1782 καὶ

2057 1833 2153 1889 τὸν
2180 1832 2348 1887 πόθον
2380 1831 2687 1902 ἐνυϐρίζειν
2714 1830 2970 1901 ἀφορμὰς
2999 1827 3180 1890 διδοὺς
3199 1865 3217 1891 ,
3257 1825 3399 1879 ἀλλά
3434 1840 3657 1877 παντα-

2058 1928 2156 2001 χοῦ
2188 1927 2469 2000 παραινῶν
2498 1925 2596 1998 τὴν
2618 1924 2856 1995 ψυχικὴν
2890 1920 3211 1994 προκρίνειν
3246 1918 3527 1989 σωτηρίαν
3550 1915 3660 1985 τῆς

2061 2000 2385 2091 σωματικῆς
2436 2018 2654 2089 ἁπάσης
2704 2018 2799 2071 καὶ
2828 2014 3125 2083 συναφείας
3176 2012 3271 2065 καὶ
3325 2010 3657 2071 διαθέσεως.

2046 2113 2234 2167 Ταῦτα
2264 2114 2364 2183 μὲν
2389 2109 2482 2165 οὖν
2514 2113 2645 2175 ἴσως
2676 2111 2743 2164 άν
2767 2127 2871 2173 τις,
2897 2108 3047 2162 ῶσπε
3057 2124 3087 2177 ρ
3112 2106 3351 2178 εἴρηται,
3377 2101 3557 2156 δοκῶν
3582 2102 3656 2170 τῇ

2054 2206 2225 2279 μητρὶ
2281 2205 2390 2259 τῶν
2440 2204 2750 2275 προνομίων
2795 2203 2895 2272 τῆς
2948 2199 3115 2270 τιμῆς
3157 2198 3257 2251 οὐκ
3288 2194 3652 2264 ἀποστερεῖν,

2046 2299 2161 2354 ἀλλ’
2191 2300 2250 2353 ἐν
2274 2297 2353 2369 τῷ
2384 2298 2485 2367 ἴσῳ
2518 2297 2829 2368 συντηρεῖν,
2860 2292 3062 2347 διέλθοι
3110 2288 3657 2362 πραγματευόμενος

2066 2392 2163 2445 καὶ
2202 2394 2301 2461 τήν
2348 2390 2738 2462 προσήκουσαν
2784 2386 2918 2440 αἰδῶ
2959 2381 3340 2445 συνδιασώζων
3367 2381 3463 2434 καὶ
3492 2376 3659 2431 σεϐα-

370 2477 671 2546 σμιότηταο
726 2476 819 2531 καί
846 2494 933 2531 τοι
966 2478 1030 2532 τδ
1063 2476 1167 2548 τῆς
1220 2477 1565 2549 συγκρίσεως
1614 2480 1706 2534 τὸν
1750 2483 1954 2555 τρόπον
1995 2487 2096 2558 μὲν
2126 2508 2133 2513 ·
2163 2485 2461 2558 ἐρμηνεύει
2521 2483 2643 2538 καθ’
2678 2482 2738 2536 ὃν
2778 2480 2916 2553 πρὸς
2948 2478 3047 2549 τὴν
3083 2477 3294 2530 ἐλάττω
3324 2474 3481 2539 τάξιν
3516 2488 3659 2525 κατ·

369 2568 467 2641 έϐη
491 2569 555 2622 τὸ
580 2570 1029 2641 συγκρινόμενον,
1059 2573 1160 2625 οὐκ
1208 2570 1543 2625 ἀπαλλάττει
1573 2572 1632 2625 δὲ
1657 2573 1756 2644 τῆς
1787 2575 2169 2640 ἐλαττώσεως.

441 2714 571 2770 Scio
594 2714 863 2785 quosdam
893 2714 1178 2770 beatorum
1215 2714 1437 2769 Patrum
1483 2729 1623 2785 quos
1670 2716 1722 2769 in
1768 2716 1957 2773 multis

370 2823 514 2879 saepe
560 2808 773 2864 mirans
818 2818 873 2862 et
919 2807 1236 2874 admittens,
1279 2824 1388 2862 non
1429 2808 1520 2864 hic
1557 2810 1673 2877 pari
1719 2809 1956 2865 benevo-

371 2900 537 2955 lentia
580 2900 833 2963 mirarer,
875 2901 970 2972 qui
1022 2901 1205 2969 impiae
1244 2900 1520 2971 opinionis
1555 2902 1957 2971 improhatione

372 2993 426 3046 in
466 2993 625 3047 talem
660 3008 885 3049 sensum
924 2993 1350 3048 descenderunt.
1398 2993 1535 3046 Cum
1585 3002 1761 3048 mater
1800 2994 1954 3062 Jesu,

2134 2714 2263 2772 Οἶδα
2292 2716 2349 2771 δέ
2377 2732 2530 2780 τινας
2558 2715 2667 2768 τῶν
2700 2715 2987 2786 μακαρίων
3029 2710 3187 2781 ἡμῶν
3233 2706 3520 2778 Πατέρων,
3559 2706 3660 2770 οὓς

2062 2810 2122 2863 ἐν
2171 2808 2386 2873 πολλοῖς
2433 2806 2697 2872 πολλάκις
2742 2803 3033 2874 θαυμάσας
3081 2801 3176 2856 καὶ
3222 2800 3656 2868 ἀποδεχόμενος,

2062 2904 2161 2959 οὐκ
2191 2902 2260 2958 ἂν
2292 2904 2351 2956 ἐν
2382 2900 2557 2974 ταύτῃ
2583 2904 2647 2972 τῇ
2674 2898 2871 2970 γνώμῃ
2898 2897 3247 2967 θαυμάσαιμι
3276 2893 3365 2948 ἐπ’
3393 2893 3659 2963 ἀθετήσει

2060 2997 2163 3066 τῆς
2209 2994 2505 3058 δυσσεϐοῦς
2555 2993 2716 3063 δόξης
2757 2993 2838 3055 είς
2886 2988 3147 3059 τοιαύτην
3193 2985 3658 3055 καταϐεϐηκότας

373 3084 579 3155 aliquid
605 3084 905 3139 humamnn
950 3096 1174 3152 experta
1206 3085 1274 3140 de
1304 3101 1406 3140 suo
1437 3086 1551 3139 lilio
1599 3101 1659 3140 se
1695 3085 1953 3155 jactaret,

2061 3089 2329 3143 διάνοιαν·
2368 3088 2444 3151 ὡς
2475 3086 2709 3158 ἐπείπερ
2740 3086 2772 3155 ή
2806 3084 3009 3155 Μήτηρ
3034 3081 3127 3137 τοῦ
3168 3079 3343 3151 Ἰησοῦ
3374 3079 3653 3150 ἀνθρώπι-

374 3176 543 3230 libere
575 3185 757 3231 autem
796 3176 943 3245 loqui
976 3186 1266 3245 quaereret,
1297 3188 1353 3233 et
1391 3178 1575 3249 lmtitia
1618 3178 1957 3234 diffundere-

378 3278 489 3329 tur,
513 3284 579 3323 eo
612 3270 758 3339 quod
784 3270 908 3324 talis
942 3270 1037 3324 lilii
1077 3281 1254 3325 mater
1282 3280 1451 3337 esset,
1484 3281 1539 3327 et
1577 3280 1801 3343 propter
1833 3274 1955 3339 hoc,

376 3358 611 3413 docente
662 3361 792 3418 lilio,
841 3358 1158 3425 accederet;
1210 3367 1265 3414 et
1311 3369 1371 3415 ut
1422 3360 1671 3423 decebat,
1711 3361 1959 3417 doctrina

378 3454 609 3525 gloriam
656 3454 759 3510 sibi
807 3454 919 3509 [ilio
967 3456 1283 3525 acquirente
1336 3454 1740 3525 cengloriﬁrari
1784 3456 1958 3524 ipsam

376 3560 430 3602 et
454 3550 578 3618 ejus
610 3548 787 3604 laudis
818 3549 1136 3618 participem
1170 3549 1285 3604 lieri
1316 3561 1565 3619 cuperet.
1598 3549 1720 3605 ideo
1762 3549 1959 3606 Salva-

379 3641 583 3710 torqui
620 3648 677 3697 et
725 3640 863 3695 alios
908 3639 977 3694 ab
1006 3639 1175 3695 animi
1221 3640 1615 3709 cupiditatibus
1651 3641 1879 3697 mundat
1907 3652 1962 3698 et

380 3734 580 3789 talibus
602 3740 829 3787 matrem
860 3730 1271 3789 inﬁrmitatibus
1294 3733 1508 3802 eripere
1538 3733 1774 3799 volebat,
1801 3736 1959 3806 quasi

378 3825 782 3894 vituperatione
816 3824 1028 3890 plenam
1062 3825 1247 3880 emisit
1274 3839 1489 3890 vocem,
1515 3826 1742 3883 dicens:
1785 3846 1801 3878 ι
1829 3827 1963 3894 Quae

379 3922 463 3969 est
501 3922 675 3967 mater
716 3927 858 3978 mea,
906 3922 960 3967 et
1000 3913 1091 3982 qui
1124 3921 1254 3968 sunt
1284 3910 1487 3969 fratres
1526 3915 1676 3969 mei?
1714 3935 1732 3967 ι
1776 3914 1883 3971 Sed
1914 3916 1961 3972 si

381 4007 458 4062 illi
484 4007 684 4077 quibus
726 4022 789 4063 ea
838 4007 1023 4061 dicere
1068 4007 1121 4060 in
1155 4014 1392 4061 mentem
1429 4007 1579 4061 venit
1609 4015 1665 4063 et
1697 4023 1727 4061 a
1763 4008 1963 4077 quibus

382 4102 562 4170 reipsa
597 4103 683 4153 dic
713 4115 741 4153 a
769 4109 918 4161 sunt,
948 4108 1264 4155 contextum
1292 4100 1533 4155 examini
1574 4101 1958 4171 subjecissent,

384 4194 909 4251 animadvertissent
958 4204 1189 4249 matrem
1235 4194 1369 4248 nihil
1406 4194 1511 4249 tale
1537 4195 1829 4249 ostendere
1862 4210 1965 4251 nec

383 4289 680 4357 superbum
712 4302 821 4356 prae
852 4300 911 4339 se
940 4285 1184 4339 animum
1225 4300 1437 4353 gerere.
1464 4284 1581 4340 Non
1618 4286 1787 4351 enim,
1824 4285 1962 4341 Filio

2062 3182 2153 3237 νόν
2181 3199 2235 3236 τι
2266 3180 2515 3234 παθοῦσα
2540 3178 2942 3249 ἐπεσεμνύνετο
2976 3175 3076 3247 μὲν
3125 3174 3205 3245 τῷ
3231 3173 3393 3228 Παιδὶ
3416 3215 3431 3238 ,
3468 3173 3658 3243 ἐζήτει

2060 3274 2118 3330 δὲ
2144 3272 2626 3345 παρῤησιασθῆναι
2655 3270 2752 3325 καὶ
2778 3268 3101 3341 διαχυθῆναι
3129 3266 3209 3337 τῷ
3253 3264 3657 3334 ἀγαλλιάματι,

2060 3367 2141 3420 ὃτι
2170 3363 2490 3437 τηλικούτου
2522 3362 2721 3425 Παιδὸς
2754 3360 3097 3433 ἐχρημάτισε
3146 3358 3350 3429 Μήτηρ
3374 3396 3390 3422 ,
3439 3356 3537 3410 καὶ
3570 3355 3661 3408 διὰ

2060 3459 2223 3513 τοῦτο
2253 3455 2484 3528 προσῄει
2528 3456 2876 3517 διδάσκοντος
2922 3453 3017 3507 τοῦ
3049 3451 3216 3506 Υίοῦ·
3273 3451 3369 3505 καὶ
3398 3450 3475 3513 ὡς
3507 3449 3661 3511 εἰκὸς

2060 3551 2127 3621 τῇ
2174 3547 2496 3617 διδασκαλία
2537 3544 2901 3616 δοξαζομένου
2936 3541 3368 3612 συνδοξασθῆναι
3421 3542 3520 3594 καὶ
3563 3540 3659 3592 τὸν

2062 3641 2285 3694 ἔπαινον
2318 3636 2767 3710 συμμερίσασθαι
2788 3652 2802 3666 °
2833 3634 2917 3689 διδ
2951 3636 3044 3688 καὶ
3078 3634 3271 3704 Σωτὴρ
3327 3632 3424 3685 καὶ
3461 3634 3492 3685 ὁ
3529 3630 3661 3693 τοὺς

2062 3732 2259 3795 ἀλλους
2307 3730 2701 3801 ἀποκαθαίρων
2735 3730 2845 3782 τῶν
2892 3727 3142 3798 ψυχικῶν
3195 3726 3387 3780 παθῶν
3427 3727 3525 3778 καὶ
3557 3724 3661 3791 τὴν

2062 3827 2296 3897 Μητέρα
2345 3826 2456 3879 τῶν
2501 3822 2761 3878 τοιούτων
2795 3821 3159 3877 ἀπαλλάττειν
3216 3819 3386 3872 θέλων
3414 3819 3659 3871 ἐλαττωε

2067 3920 2276 3990 μάτων,
2303 3918 2459 3985 τάξιν
2493 3916 2866 3987 ἐπιτιμήσεως
2892 3914 3198 3984 ἐπέχουσαν
3228 3913 3411 3983 ἀφῆκε
3438 3911 3540 3983 τὴν
3567 3910 3659 3964 λέ-

2063 4029 2267 4082 γουσαν
2301 4013 2511 4083 φωνήν*
2546 4030 2564 4063 ι
2602 4010 2698 4074 Τίς
2728 4012 2875 4063 ἐστιν
2904 4011 2938 4080 ή
2966 4010 3167 4080 Μήτηρ
3205 4024 3331 4078 μου,
3368 4006 3467 4060 καὶ
3511 4006 3660 4068 τίνες

2063 4108 2113 4161 οἱ
2164 4105 2386 4176 ἀδελφοί
2420 4121 2559 4175 μους
2595 4122 2615 4157 ι
2659 4103 2803 4158 Ἀλλ’
2828 4097 2911 4167 οἷς
2946 4102 3045 4172 μὲν
3088 4100 3326 4170 ἐπῆλθεν
3374 4098 3554 4153 ταῦτα
3580 4100 3659 4152 εἰ-

2066 4202 2210 4264 πεῖν,
2264 4198 2359 4252 καί
2388 4214 2451 4266 γε
2480 4197 2697 4268 εἴρηται
2735 4198 2768 4267 ή
2795 4196 2852 4249 δὲ
2876 4198 2976 4266 τῆς
3014 4193 3340 4256 ἀκολουθίας
3371 4192 3661 4257 συνεξεταο

2066 4309 2177 4355 σις,
2196 4289 2415 4362 πρῶτον
2452 4288 2552 4361 μὲν
2577 4290 2675 4359 οὐχ
2703 4290 2805 4359 ὁρᾷ
2830 4286 2929 4359 τὴν
2962 4287 3196 4357 Μητέρα
3225 4284 3378 4338 οὐδὲν
3412 4285 3661 4339 τοιοῦτον

383 4381 632 4444 docente,
658 4378 773 4448 ipsa
805 4378 993 4434 nuntia
1014 4378 1257 4445 advenit,
1282 4394 1381 4433 nec
1404 4380 1457 4434 in
1484 4379 1723 4437 medimn
1755 4390 1956 4436 castum

2068 4378 2518 4449 ἐπιδεικνυμένην
2598 4377 2717 4432 οὐδέ
2768 4376 3004 4448 σοϐαρὸν
3050 4377 3326 4448 φέρουσαν
3374 4377 3657 4447 φρόνημα.

384 4472 728 4543 supervenit;
778 4486 955 4541 neque
996 4470 1245 4526 docentis
1290 4485 1599 4525 sermonem
1647 4471 1960 4541 interrupit,

384 4581 561 4635 neque
612 4565 912 4635 quidquam
960 4563 1131 4617 altum
1171 4572 1265 4617 aut
1304 4562 1603 4631 superbum
1644 4562 1823 4628 dixit;
1866 4563 1962 4618 sed

385 4659 519 4715 loris
547 4657 792 4715 modeste
841 4665 1016 4721 stans,
1050 4671 1203 4710 suam
1245 4656 1593 4724 prtesentiam
1639 4664 1852 4710 tantum
1887 4657 1965 4711 si-

385 4752 687 4822 gniﬁcavit,
718 4767 894 4827 neque
922 4751 1088 4806 etiam
1123 4749 1312 4815 verbo,
1354 4748 1449 4804 sed
1489 4764 1593 4804 suo
1622 4758 1874 4819 aspectu,
1908 4760 1967 4806 ut

384 4848 542 4917 signo
570 4858 628 4900 ut
659 4845 707 4899 id
745 4843 1103 4899 annuntiaret
1131 4858 1229 4897 usa
1274 4851 1377 4897 est.
1411 4842 1696 4909 Quomodo
1740 4844 1794 4899 id
1846 4844 1964 4909 glo-

383 4941 521 4995 riam
552 4938 843 4993 ambientis
883 4948 1052 5004 esset,
1092 4939 1174 4993 vel
1202 4941 1606 4994 venerationem
1639 4941 1958 5011 quaerentis,

381 5042 437 5087 et
476 5048 543 5086 ex
594 5031 691 5086 ﬁlii
745 5033 1121 5102 magnitudine
1179 5033 1534 5103 superbiam?
1582 5035 1723 5100 Quid
1782 5046 1962 5090 autem

383 5125 528 5180 aliud
557 5126 759 5195 egisset
792 5142 1004 5192 servus,
1035 5142 1192 5196 quem
1222 5142 1320 5182 sua
1351 5128 1651 5184 necessitas
1679 5129 1968 5185 invitasset

384 5218 437 5273 id
463 5219 531 5274 ad
570 5219 861 5274 Dominum
893 5219 1215 5274 clamitare?
1248 5217 1391 5289 Ergo
1418 5234 1526 5273 non
1553 5228 1672 5275 erat
1700 5220 1964 5289 objurga-

371 5310 461 5367 tio
492 5311 624 5365 illud
657 5309 787 5366 Jesu
822 5309 1026 5367 Christi
1062 5310 1129 5364 ad
1162 5321 1390 5365 matrem
1436 5311 1687 5375 verbum,
1725 5328 1828 5368 nec
1863 5312 1966 5367 ali-
2004 5347 2021 5381 ε

380 5406 508 5476 quis
524 5405 720 5460 modus
738 5403 1008 5460 deiectum
1027 5421 1124 5475 per
1140 5405 1596 5474 vituperationem
1612 5406 1964 5469 inclamandi;

383 5513 491 5551 non
520 5497 665 5551 enim
688 5504 808 5552 erat
830 5496 939 5550 ullo
968 5495 1129 5550 modo
1153 5494 1431 5551 delictum.
1461 5496 1564 5551 Sed
1589 5496 1733 5565 quod
1759 5496 1963 5552 dictum

382 5600 490 5655 cst,
517 5588 799 5645 Iudaicam
831 5589 1090 5659 repressit
1121 5588 1457 5644 irrisionem.
1503 5587 1640 5642 Male
1683 5588 1966 5658 dispositis

386 5682 530 5739 enim
585 5690 641 5739 ct
671 5682 898 5754 ingratis
932 5680 1134 5738 Judazis
1171 5696 1317 5737 nunc
1348 5697 1444 5752 per
1481 5680 1810 5739 calumniam
1846 5682 1966 5740 Sal-

2069 4473 2203 4528 Ούδὲ
2231 4472 2339 4544 γὰρ
2365 4472 2487 4527 οὐδὲ
2516 4472 2865 4535 διδάσκοντος
2897 4471 3311 4541 αὑτεπάγγελος
3352 4471 3661 4541 ἐπεχωρία-

2069 4584 2182 4631 σεν,
2218 4567 2328 4619 οὐδ’
2358 4567 2437 4630 εἰς
2467 4566 2530 4619 τὸ
2566 4567 2731 4637 μέσον
2777 4567 3015 4636 ἐπῆλθεν
3064 4565 3160 4619 τοῦ
3208 4564 3494 4633 συλλόγου,
3537 4564 3661 4617 οὐδὲ

2067 4660 2158 4713 τὸν
2186 4658 2566 4712 διδασκαλικὸν
2614 4658 2773 4727 λόγον
2797 4657 3149 4730 περιέκοψεν,
3177 4657 3287 4711 οὐδ’
3318 4652 3473 4710 εἶπεν
3503 4656 3659 4709 οὐδὲν

2068 4753 2272 4824 ὑψηλὸν
2317 4752 2352 4822 ἢ
2404 4751 2782 4823 μεγάλαυχον,
2819 4751 2935 4805 ἀλλ’
2975 4750 3081 4815 ἔξω
3111 4748 3473 4813 πανευλαϐὦς
3504 4750 3659 4803 ἱστα-

2072 4844 2209 4915 μένη
2245 4844 2346 4916 τὴν
2382 4842 2693 4915 παρουσίαν
2733 4841 2897 4912 μόνον
2926 4842 3219 4912 ἐμήνυσεν,
3263 4840 3296 4911 ἦ
3335 4840 3457 4893 οὐδὲ
3497 4841 3660 4894 τοῦτο

2068 4937 2212 5007 λόγῳ
2257 4935 2552 5007 ἐμήνυσεν,
2599 4934 2716 4987 ἀλλ’
2766 4934 3138 5003 ἀπαγγέλλειν
3187 4932 3502 5003 ἐφιλοσόφει
3559 4933 3658 5003 τὴν

2070 5029 2199 5083 θέαν
2220 5029 2281 5082 τὸ
2313 5030 2537 5100 μήνυμα
2558 5045 2571 5058 ο
2611 5028 2640 5082 ὃ
2672 5027 2788 5091 πῶς
2818 5025 2885 5081 ἂν
2946 5025 3447 5096 φιλουτιμουμένης
3482 5026 3546 5079 τὸ
3577 5026 3657 5080 δο-

2070 5120 2351 5188 ξάζεσθαι,
2382 5122 2497 5186 πῶς
2536 5122 2593 5175 δέ
2618 5119 2891 5190 ζητούσης
2922 5119 3290 5190 σεμνύνεσθαι
3323 5120 3419 5172 καὶ
3451 5121 3518 5190 τῇ
3561 5116 3655 5171 τοῦ

2069 5213 2188 5271 υἱοῦ
2220 5214 2656 5286 ἐπιγαυροῦσθαι
2689 5212 3073 5284 μεγαλείοτητι
3092 5231 3104 5276 ;
3124 5213 3177 5266 τί
3195 5213 3240 5266 δ’
3266 5213 3332 5267 ἂν
3354 5212 3544 5285 ἕτερον
3562 5211 3656 5266 καὶ

2069 5310 2324 5383 θεράπων
2355 5308 2563 5382 ἔπραξε
2589 5310 2781 5382 χρείας
2809 5309 2973 5362 αὐτὸν
3002 5308 3097 5360 ἐπὶ
3122 5309 3215 5361 τὸν
3242 5306 3447 5378 Κύριον
3476 5324 3658 5377 παρα-

2067 5405 2325 5474 γενέσθαι
2350 5404 2621 5474 καλούσης
2649 5422 2665 5471 ;
2699 5402 2896 5457 οὔκουν
2922 5401 3023 5455 οὐκ
3052 5398 3123 5473 ἦν
3154 5401 3477 5471 ἐπιτίμησις
3509 5401 3537 5453 ὁ
3566 5400 3652 5451 λόο

2067 5517 2164 5569 γος
2192 5498 2287 5553 τοῦ
2324 5498 2500 5569 Ἰησοῦ
2525 5500 2593 5569 τῇ
2624 5497 2826 5569 Μητρὶ,
2853 5497 2971 5550 ούδὲ
3001 5513 3086 5560 τις
3118 5496 3322 5566 τρόπος
3341 5494 3648 5549 ἀνακαλούο

2073 5612 2232 5664 μενος
2269 5594 2357 5648 διὰ
2404 5592 2666 5663 μέμψεως
2702 5592 2763 5644 τὸ
2800 5590 3112 5659 ἐλάττωμα.
3151 5589 3227 5641 lit)
3253 5587 3363 5658 γὰρ
3389 5582 3460 5657 ἦν
3490 5587 3647 5640 ἐλάτο

2070 5700 2229 5757 τωμα
2291 5682 2565 5754 οὐδαμοῦ,
2628 5681 2761 5736 ἀλλὰ
2831 5679 3123 5735 Ἰουδαϊκὸν
3194 5677 3524 5750 ἐπεστόμιζε
3592 5678 3655 5729 τὸ
