3888 6186
224 260 337 328 345
1186 270 1284 329 AD
1323 266 1917 329 AM-PHILOCIIIUM
1958 269 2305 334 OU/ESTIO
2326 272 2500 333 XLV.
3399 281 3507 343 346

223 382 520 455 εἰρημένον
572 382 894 455 χλεύασμα·
930 384 1040 437 τῶν
1084 386 1193 457 γὰρ
1248 388 1571 458 κακοχύλων
1619 402 1678 439 τε
1725 403 1756 439 κ

1970 387 2123 442 rtoris
2150 396 2205 442 et
2252 388 2601 443 insolentiam
2637 388 2994 446 dicentibus:
3034 408 3052 441 ι
3090 389 3283 448 Nonne
3305 392 3395 447 hic
3419 404 3505 449 est

222 476 561 546 ἀγνωμόνων
594 475 863 530 Ἰουδαίων
891 477 988 532 νῦν
1016 478 1284 547 λεγόντων
1313 481 1408 533 ἐπὶ
1453 480 1673 551 διαϐολῇ
1714 497 1757 533 κέ

1978 480 2060 534 hri
2096 480 2238 535 filius
2269 480 2361 534 ‘°?
2396 500 2415 533 ι
2458 480 2614 537 Nunc
2666 496 2819 547 vero,
2869 497 3051 539 nonne
3095 494 3269 540 mater
3300 486 3423 555 ejus
3449 498 3506 543 et

219 566 379 638 ὕϐρει
410 568 684 640 Σωτῆρος,
712 570 825 640 Οὐχ
854 564 1010 634 οὗτός
1047 573 1198 625 ἐστιν
1245 572 1342 625 τοῦ
1374 574 1624 642 τέκτονος
1656 575 1754 637 υἱός

1963 582 2114 629 ἰιιιόε
2163 576 2305 643 apud
2362 576 2507 629 nos?
2554 574 2621 629 Et
2668 567 2931 631 rursum:
2968 594 2989 627 ι
3048 577 3206 631 Hunc
3256 578 3498 643 scimus,

217 657 319 711 νῦν
349 658 404 711 δὲ
435 659 534 730 οὐχ
564 662 595 729 ἡ
625 661 813 732 μήτηρ
844 660 1012 714 αὐτοῦ
1042 663 1137 716 καὶ
1163 665 1209 715 οἱ
1233 662 1452 731 ἀδελφοὶ
1476 666 1607 735 παρ’
1634 665 1752 734 ήμῖι

1964 668 2060 721 nde
2088 677 2171 722 est
2194 667 2272 720 I“.
2306 686 2323 717 ι
2360 666 2568 723 Deinde
2598 678 2651 723 et
2678 677 2807 723 tunc
2828 669 3056 724 docente
3082 679 3135 723 et
3159 669 3499 738 spiritualem

216 750 332 803 Kal.
358 750 539 804 πάλιν
567 768 584 801 ι
608 749 810 803 Τοῦτον
838 751 894 804 δὲ
913 752 1135 822 οἴδαμεν
1169 752 1336 806 πόθεν
1356 754 1751 809 ἐστίν.»Ἒπειι

1965 761 2143 815 ιιιιιεηι
2164 759 2445 824 ιιίΥετειιιθ,
2463 762 2800 816 multitmlini
2834 761 3153 817 invidebant
3169 774 3222 818 et
3248 761 3500 819 malevoli

216 845 313 897 καὶ
341 844 462 896 τότε
488 843 835 909 διδάσκοντος
863 847 959 899 καὶ
985 847 1084 918 τὴν
1115 848 1355 920 ψυχικὴν
1380 852 1658 920 σωτηρίαν
1688 853 1751 904 sic

1964 860 2089 916 'ant,
2124 860 2180 906 et
2198 852 2266 906 ad
2293 852 2630 907 calumniam
2663 853 2954 908 ardebant.
2984 854 3042 908 Si
3074 861 3257 908 autem
3281 857 3499 911 abesset

209 936 545 1007 ηγουμένου,
576 937 654 1006 τῷ
680 938 881 1009 πλήθει
909 939 1230 1010 διεφθόνουν
1263 960 1321 995 τε
1362 943 1457 996 καὶ
1479 944 1744 998 διεϐάσκα

1959 944 2199 1000 ιὶυιηηὶαι
2238 944 2417 1010 locus,
2476 946 2544 1000 ad
2579 947 2767 1001 solitas
2806 945 3201 1016 confugiebant
3241 947 3494 1017 injurias,

210 1046 301 1083 νον
334 1028 429 1082 καὶ
457 1029 594 1100 πρὸς
618 1030 874 1095 διαϐολὰς
908 1032 1421 1103 ἀνεφλέγοντοοούκ
1444 1033 1511 1108 ἦν
1540 1037 1597 1090 δὲ
1630 1037 1745 1110 πόρε

1960 1049 2216 1094 ηηιαιιδθιη
2258 1055 2479 1093 rursum
2524 1039 2578 1092 in
2633 1039 2966 1109 vituperinm
3019 1050 3074 1094 et
3119 1050 3495 1109 contemptum

207 1118 344 1182 ὅλως
380 1118 638 1190 διαϐολῆς
683 1121 778 1173 ἐπὶ
815 1120 918 1192 τὴν
963 1123 1168 1194 συνήθη
1208 1123 1479 1195 λοιδορίαν
1525 1142 1742 1195 καταφε

1961 1132 2272 1198 lducebant,
2330 1132 2573 1187 dicentes
2620 1132 2771 1191 fere:
2806 1151 2825 1186 ι
2861 1132 3003 1200 Quid
3059 1134 3261 1189 doces?
3321 1132 3495 1199 Quem

204 1230 389 1283 γουσι,
422 1215 515 1267 καὶ
548 1213 647 1286 τὴν
685 1216 902 1287 μητέρα
936 1216 1103 1270 πάλιν
1129 1218 1378 1281 καὶτοὺς
1413 1218 1679 1287 ἀδελφοὺς
1715 1237 1739 1272 ε

1960 1224 2137 1293 ipsum
2199 1223 2403 1280 facis?
2462 1243 2481 1276 ι
2544 1222 2735 1279 Nonne
2798 1239 2858 1279 es
2939 1224 3185 1280 mulieris
3261 1241 3494 1295 pauper-

201 1307 374 1377 ψόγον
401 1310 497 1362 καὶ
525 1309 869 1380 ἐξουθένημα
916 1310 1340 1381 προκομίζουσι,
1376 1312 1661 1382 μονονουχὶ
1703 1311 1731 1365 λ

1955 1322 2040 1374 the
2070 1319 2257 1374 filius?
2299 1318 2364 1373 Et
2399 1318 2597 1373 fratres
2649 1318 2725 1371 tui
2778 1318 2915 1371 nihil
2945 1318 3223 1381 differunt,
3257 1333 3490 1386 quorum

202 1416 430 1469 γοντες·
473 1402 610 1455 Τίνα
640 1401 949 1467 διδάσκεις;
998 1400 1121 1456 τίνα
1176 1403 1233 1456 δὲ
1272 1404 1469 1457 σαυτὸν
1511 1402 1737 1474 κομίζειι

1958 1421 2010 1467 ιιι
2041 1427 2140 1482 per
2196 1426 2392 1467 nranus
2433 1427 2563 1467 suas
2606 1420 2973 1468 sustentatur.
3017 1410 3157 1465 Ecce
3206 1410 3294 1464 isti
3345 1420 3493 1465 stant

203 1494 339 1565 Οὐχὶ
364 1497 624 1563 γυναικὸς
652 1496 883 1568 πένητος
914 1498 1180 1568 ὑπάρχεις
1207 1495 1357 1565 uide;
1384 1498 1480 1554 καὶ
1505 1501 1554 1553 οἱ
1572 1499 1738 1568 ἀδελφ

1959 1500 2034 1556 ris
2064 1511 2378 1570 quaerentes
2433 1508 2503 1554 te.
2541 1496 2743 1554 Omitte
2767 1500 2965 1554 docere
2994 1509 3049 1553 et
3073 1503 3139 1552 ad
3163 1500 3492 1568 consangui-

206 1602 301 1639 σου
336 1587 494 1640 οὐδὲν
513 1588 887 1658 διαφέρουσιν,
915 1584 993 1644 ὧν
1033 1592 1061 1644 ό
1104 1589 1219 1660 βίος
1267 1590 1357 1645 διὰ
1392 1592 1624 1663 χειρῶν;
1653 1593 1741 1646 Ἰδι

1948 1607 2035 1648 eos
2068 1592 2228 1656 vade,
2264 1590 2512 1647 eamdem
2560 1606 2625 1645 ac
2666 1590 2743 1644 illi
2780 1592 2903 1645 vitae
2948 1590 3218 1644 rationem
3256 1588 3483 1653 habens,

203 1673 356 1734 οὗτοι
404 1682 700 1751 ἑστήκασιν
749 1683 854 1749 ἔξω
882 1683 1174 1754 ζητοῦντές
1202 1699 1261 1737 σε
1282 1700 1296 1715 ·
1326 1683 1390 1739 έα
1426 1684 1488 1737 τὸ
1512 1684 1729 1738 διδάσκε

1669 1702 1789 1738 κειν
1897 1684 1992 1739 sed
2030 1698 2139 1737 non
2168 1683 2234 1737 ad
2267 1681 2500 1735 docendi
2533 1695 2829 1749 assurgens
2861 1679 3204 1749 dignitatem.

200 1780 467 1851 καὶπρὸς
493 1780 621 1844 τοὺς
650 1783 937 1850 συγγενεῖς
964 1781 1257 1853 ἀπότρεχε,
1313 1782 1414 1852 τὴν
1441 1782 1675 1845 ἐκείνοις
1737 1780 1864 1853 ῐσην
1902 1778 2103 1853 μετιὼν
2139 1777 2445 1845 πολιτείαν,
2499 1776 2641 1831 ἀλλὰ
2686 1775 2763 1847 μὴ
2819 1774 2952 1846 πρὸς
2994 1773 3055 1826 τὸ
3102 1770 3482 1825 διδασκαλικὸν

198 1872 511 1926 ἀναϐαίνων
550 1871 791 1942 ἀξίωμα.

268 1967 420 2022 Ταῦτ
438 1968 451 1989 ’
477 1965 569 2021 οὖν
596 1967 843 2035 ἐκείνων,
867 1967 942 2033 ὼς
974 1966 1596 2039 έθος,ζπονηρευομένων
1622 1965 1651 2018 ὁ
1678 1965 1792 2019 Σω-

1965 1960 2061 2016 illa
2112 1960 2281 2031 igitur
2328 1959 2432 2024 eis,
2483 1969 2544 2014 ut
2603 1959 2837 2024 solebat,
2901 1958 3149 2029 improbe
3198 1958 3487 2029 agentibus

197 2059 300 2129 τηρ
325 2059 617 2124 ἀντιτιθεὶς
660 2061 753 2113 καὶ
794 2060 1178 2127 ἀντεπεξάγων
1204 2060 1271 2131 τῇ
1311 2056 1662 2130 μακροθυμίᾳ
1696 2075 1729 2111 κ

1951 2055 2152 2109 ilvator
2176 2068 2487 2124 opponens,
2524 2068 2587 2107 ac
2614 2068 2709 2108 eos
2744 2053 3016 2122 patienter
3045 2053 3212 2106 simul
3238 2064 3294 2107 et
3328 2069 3486 2107 man-

199 2148 491 2220 πραότητι,
511 2148 800 2215 Τοσοῦτον,
831 2152 1015 2221 φησιν,
1041 2150 1231 2221 ἀπέχω
1250 2150 1347 2203 τοῦ
1369 2150 1728 2222 ἐπαισχύνεσθ

1951 2157 2050 2202 tete
2075 2147 2347 2201 reducens
2371 2162 2385 2203 :
2424 2144 2684 2210 Tantum,
2723 2145 2928 2215 inquit,
2952 2145 3108 2199 abest
3138 2154 3198 2199 ut
3220 2146 3286 2199 de
3312 2157 3486 2201 matre

202 2242 373 2313 μητρὶ
424 2244 518 2295 καὶ
569 2244 679 2307 τοῖς
728 2240 1002 2313 ἀδελφοῖς,
1035 2243 1118 2296 ὄτι
1167 2242 1430 2313 οὑμόνον
1466 2244 1532 2314 ἢν
1559 2245 1592 2311 ἡ
1627 2243 1736 2312 φύσ

1993 2239 2259 2294 fratribus
2311 2238 2656 2302 erubescam,
2710 2246 2770 2290 ut
2808 2252 2915 2292 non
2964 2238 3127 2290 modo
3165 2252 3285 2291 eam
3319 2252 3484 2307 quam

200 2335 404 2389 ἔδωκεν
444 2336 537 2389 καὶ
569 2335 663 2399 οὒς
688 2334 769 2399 εἰς
792 2337 948 2403 γένος
974 2337 1006 2407 ἡ
1035 2334 1304 2407 ὑπόληψις
1333 2335 1487 2388 ἔθετο
1526 2336 1626 2389 οὐκ
1651 2337 1735 2389 ἀπε

1950 2331 2044 2385 :dit
2074 2341 2288 2395 natura,
2318 2339 2371 2384 et
2408 2344 2503 2384 eos
2537 2342 2678 2399 quos
2715 2329 2769 2382 in
2810 2342 3010 2398 genere
3050 2342 3170 2382 mea
3200 2327 3485 2397 conceptio

201 2428 525 2499 στρέφομαι,
550 2429 670 2482 οὐδὲ
701 2428 965 2501 αἰσχύνην
996 2428 1239 2500 ἠγοῦμαι
1266 2428 1386 2482 οὐδὲ
1410 2428 1632 2494 ὄνειδος,
1653 2427 1736 2481 ἀλ]

1950 2423 2077 2476 tsuit
2112 2438 2219 2476 non
2260 2421 2508 2491 rejiciam
2548 2436 2725 2490 neque
2750 2420 3109 2489 opprobrium
3148 2429 3243 2473 aut
3268 2420 3485 2489 vitupe-

199 2521 291 2574 καὶ
323 2520 547 2584 τούτους
576 2520 823 2586 ἅπαντας
852 2519 944 2585 οὓς
977 2523 1138 2595 ὁρότε
1172 2520 1281 2574 τῶν
1312 2522 1475 2593 ἱερῶν
1504 2520 1677 2590 λόγων
1702 2522 1730 2575 ὅ

1949 2530 2039 2569 um
2067 2515 2291 2579 ducam,
2326 2517 2420 2570 sed
2453 2524 2507 2569 et
2542 2530 2638 2569 eos
2665 2528 2807 2583 quos
2832 2513 3025 2568 videtis
3052 2528 3334 2569 sacrorum
3366 2529 3484 2569 ser-

198 2629 293 2675 τας
326 2612 614 2683 σωτηρίων
665 2612 961 2684 ἀκροατὰς,
994 2615 1089 2668 καὶ
1124 2616 1371 2687 πατέρας
1398 2618 1494 2669 καὶ
1524 2615 1733 2683 ἀδελφοὶ

1947 2623 2115 2662 onum
2144 2607 2428 2663 auditores
2460 2616 2514 2661 et
2537 2616 2718 2677 patres
2754 2612 2808 2660 et
2847 2604 3045 2661 fratres
3079 2623 3184 2661 non
3221 2606 3482 2677 dedigner

200 2704 299 2757 οὐκ
361 2702 585 2769 ἀπαξιῶ
639 2705 1057 2775 κατονομάζειν,
1101 2708 1162 2761 τὸ
1188 2708 1456 2779 πατρικὸν
1508 2707 1669 2777 μόνον
1699 2708 1735 2760 θλ

1943 2700 2201 2761 )minare,
2235 2708 2516 2770 paternam
2547 2700 2883 2755 voluntatem
2916 2700 3217 2755 dummodo
3242 2699 3478 2764 faciant,

200 2794 348 2866 λημα
371 2797 684 2862 ποιοῦντας,
714 2800 816 2852 κᾶν
837 2801 975 2871 μήτε
1004 2801 1071 2871 τῇ
1098 2800 1282 2869 φύσει,
1314 2801 1450 2871 μήτε
1481 2804 1547 2873 τῇ
1580 2799 1735 2854 ύπολί

1950 2790 2145 2844 Iamvis
2176 2806 2352 2860 neque
2375 2800 2571 2844 natura
2604 2807 2779 2860 neque
2805 2791 3165 2859 conceptione
3191 2790 3485 2860 praedictos

198 2886 287 2957 ψει
322 2890 427 2953 τὰς
460 2889 753 2961 είρημένας
783 2891 1174 2963 φιλοστόργους
1206 2891 1417 2961 σχέσεις
1449 2892 1615 2963 ἔχωσι
1657 2892 1733 2964 βοι

1947 2883 2093 2938 noris
2133 2882 2355 2937 habitus
2400 2883 2620 2953 adjutus
2672 2884 2933 2938 habeant.
2966 2902 2984 2933 ι
3027 2883 3161 2949 Quae
3204 2884 3482 2952 estigitur

201 2979 491 3052 θουμένας.
531 2983 627 3046 Τίς
672 2982 765 3037 οὖν
800 2985 1006 3056 ἐστινὴ
1038 2985 1221 3056 μήτηρ
1255 3002 1357 3055 μου
1392 2986 1485 3038 καὶ
1516 2986 1549 3056 ή
1580 2985 1736 3056 ἀδελφ

1946 2983 2061 3028 ater
2094 2990 2215 3029 mea
2245 2982 2295 3027 et
2328 2990 2488 3029 soror
2519 2990 2635 3028 mea
2661 2975 2683 3027 ?
2714 2995 2731 3025 ι
2767 2972 2911 3040 Quid
2949 2975 3081 3028 mihi
3113 2975 3212 3028 has
3241 2975 3480 3043 appella-

202 3091 341 3142 μου;
386 3074 437 3126 τί
467 3091 557 3143 μοι
592 3073 688 3137 τὰς
716 3075 936 3145 κλήσεις
965 3075 1168 3141 ταύτας
1200 3078 1279 3141 είς
1312 3074 1469 3148 ὓϐριν
1520 3076 1615 3131 καὶ
1645 3077 1733 3131 δνε

1940 3084 2065 3123 ones
2091 3070 2145 3123 in
2185 3066 2541 3137 opprobrium
2589 3078 2642 3121 et
2691 3066 2949 3137 injuriam
2998 3065 3198 3137 lingis?
3241 3065 3475 3120 Tantum

198 3164 283 3227 δος
313 3165 755 3236 μεταπλάττεις;
786 3166 899 3237 ἐγὼ
929 3166 1183 3221 τοσοῦτον
1209 3170 1634 3241 ἐπαισχύνεσθαι
1654 3188 1733 3224 τοι

1944 3171 2043 3216 rest
2091 3170 2149 3216 ut
2201 3162 2310 3215 illis
2361 3158 2703 3225 erubescam,
2740 3169 2800 3213 ut
2829 3174 2986 3213 veros
3013 3159 3316 3228 discipulos
3359 3159 3479 3214 istis

197 3272 306 3320 τοις
321 3256 607 3329 διέστηκα,
630 3257 770 3312 ὥστε
801 3260 894 3312 καὶ
916 3260 1041 3323 τοὺς
1071 3260 1361 3331 ἀληθινοὺς
1384 3261 1635 3333 μαθητὰς
1661 3266 1732 3316 τα

1944 3255 2349 3325 tpellationibus
2390 3265 2446 3309 ct
2494 3254 2770 3307 habilibus
2824 3252 2956 3307 mihi
3002 3254 3337 3322 conjungere
3366 3264 3479 3307 sta-

199 3346 424 3417 κλήσεσι
484 3312 709 3411 ταύταις
770 3348 866 3401 καὶ
924 3312 1174 3417 σχέσεσιν
1230 3312 1456 3420 ἐμαυτῷ
1487 3312 1726 3403 συνάπτε

1950 3350 2108 3403 eritn.
2143 3348 2209 3401 Et
2250 3348 2380 3403 inde
2415 3349 2598 3401 videre
2636 3356 2721 3400 est
2767 3346 2899 3400 nihil
2943 3345 3140 3415 ingrati
3176 3347 3343 3399 animi
3383 3357 3479 3401 aut.

199 3439 551 3511 προειλόμην.
585 3440 696 3494 Καὶ
728 3440 874 3493 ἐστιν
897 3440 1147 3494 ἐντεῦθεν
1174 3441 1404 3513 συνορᾷν
1437 3442 1511 3504 ὼς
1532 3442 1593 3494 ού
1626 3441 1734 3512 μόνι

1940 3450 2236 3510 intemptus
2276 3456 2403 3509 erga
2454 3449 2683 3494 matrem
2730 3439 3008 3508 praecitata
3049 3437 3210 3492 verba
3254 3454 3475 3509 expres-

198 3534 343 3587 οὐδὲν
399 3534 813 3604 ἀγνωμοσύνης,
842 3534 963 3588 οὐδὲ
1013 3536 1374 3606 παροράσεως
1409 3537 1683 3607 μητρικῆς
1714 3553 1733 3587 σι

1937 3550 2048 3598 sse,
2077 3534 2171 3588 sed
2218 3542 2271 3587 et
2317 3533 2619 3585 maximum
2651 3531 2726 3583 illi
2774 3540 2829 3584 et
2877 3530 3158 3583 decentem
3210 3532 3472 3585 honorem

200 3626 644 3697 προενήνεγμένα
694 3627 918 3697 ῥήματα
960 3621 1051 3697 ἦν,
1081 3625 1219 3682 ἀλλά
1263 3628 1356 3680 καὶ
1384 3627 1483 3699 τὴν
1517 3628 1735 3699 μεγίσττ

1937 3640 2246 3696 reparasse.
2291 3625 2447 3679 Adeo
2469 3624 2614 3677 enim
2656 3623 2733 3677 illi
2772 3624 3182 3676 venerationem
3231 3634 3284 3676 et
3327 3640 3472 3676 nter-

197 3718 330 3789 αὑτῇ
362 3719 460 3771 καὶ
487 3718 806 3788 πρέπουσαν
826 3718 1333 3788 συγκατασκευάζει
1363 3720 1551 3790 τιμήν.
1584 3720 1732 3771 Τοσοὶ

1939 3717 2072 3773 :dem
2118 3716 2332 3785 tribuit,
2375 3725 2430 3771 et
2471 3717 2617 3786 quod
2663 3715 2867 3769 amoris
2913 3716 3126 3784 justum
3166 3724 3269 3779 est,
3319 3723 3381 3767 ut
3420 3724 3474 3769 et

196 3826 282 3862 τον
312 3811 425 3880 γὰρ
457 3811 596 3881 αὐτῇ
638 3811 735 3880 τὴν
766 3810 1177 3881 σεϐασμιὸτητα
1206 3812 1301 3863 καὶ
1344 3809 1405 3863 τὸ
1442 3812 1611 3881 γέρας
1645 3811 1731 3863 ἀπε

1935 3814 2222 3867 )luntatem
2284 3823 2565 3883 paternam
2614 3809 2978 3879 adimplentes
3013 3821 3065 3862 et
3106 3809 3173 3861 ad
3222 3816 3470 3863 sanctam

195 3902 341 3974 νέμει
356 3904 457 3958 καὶ
483 3903 545 3957 τὸ
569 3903 778 3958 δίκαιον
799 3903 899 3973 τῆς
922 3903 1181 3975 στοργῆς,
1200 3903 1339 3957 ὥστε
1360 3903 1452 3957 καὶ
1475 3904 1602 3967 τοὺς
1625 3904 1730 3957 ὲκτι

1944 3911 2106 3963 rtutis
2128 3908 2525 3962 sublimitatem
2568 3914 2925 3975 assurgentes
2969 3912 3231 3971 tanquam
3272 3904 3325 3956 in
3362 3917 3472 3956 ma-

195 3994 419 4061 λοῦντας
472 3998 534 4050 τὸ
589 3998 860 4069 πατρικὸν
905 3997 1138 4068 θέλημα,
1194 3997 1287 4050 καὶ
1336 3997 1473 4068 πρὸς
1523 3997 1730 4050 τοσοῦτι

1932 4018 2044 4055 ηοω
2075 4001 2313 4072 aliquam
2342 4009 2396 4054 et
2420 4000 2677 4055 eximiam
2719 3999 2971 4069 gloriam,
3000 3999 3055 4054 in
3095 3998 3287 4053 matris
3312 3996 3467 4051 habi-

194 4088 533 4161 ἐπαρθέντας
590 4087 723 4159 ὖψος
772 4091 995 4162 ἀρετῆς,
1026 4088 1101 4151 ὡς
1130 4092 1211 4154 είς
1246 4091 1391 4161 μέγα
1418 4108 1471 4143 τι
1496 4088 1657 4161 δόξης
1683 4107 1729 4143 κι

1936 4109 2000 4147 un
2032 4102 2086 4148 et
2118 4094 2539 4163 appellationem
2570 4092 2830 4157 inducat;
2865 4090 3025 4160 cujus
3053 4107 3221 4147 causa
3250 4098 3304 4145 et
3338 4101 3471 4144 tunc

194 4182 487 4255 ἐξαίρετον,
522 4184 602 4247 είς
630 4184 726 4254 τὴν
763 4183 1037 4255 μητρικὴν
1069 4182 1255 4254 σχέσιν
1311 4184 1406 4237 καὶ
1434 4184 1627 4252 κλῆσιν
1656 4202 1729 4238 τοι

1938 4187 2145 4256 mporis
2182 4187 2417 4242 fratrum
2464 4185 2755 4255 appellatio
2802 4185 3010 4239 honore
3055 4183 3272 4238 fruitur.
3316 4182 3469 4237 Patet

192 4293 314 4341 τους
346 4276 596 4346 ἀνάγειν,
649 4277 727 4330 δι’
752 4277 819 4348 ἢν
867 4277 964 4330 καὶ
998 4280 1031 4347 ἡ
1057 4278 1167 4330 τῶν
1200 4277 1447 4347 ἀδελφῶν
1480 4276 1575 4330 νῦν
1608 4277 1727 4348 τιμὶ

1929 4280 2071 4345 ;itur,
2128 4288 2190 4334 ut
2230 4280 2435 4334 dictum
2492 4287 2597 4342 est,
2633 4293 2742 4332 non
2787 4277 2950 4333 modo
2990 4292 3096 4330 non
3143 4276 3196 4330 in
3231 4276 3464 4330 materni

193 4366 456 4421 ἀπολαύει
483 4369 862 4441 προσηγορία*
900 4368 1003 4422 ποῦ
1042 4370 1152 4441 γάρ
1201 4370 1269 4441 ἦν
1320 4370 1559 4440 ἔκρινεν,
1613 4369 1728 4423 εἷπε

1924 4372 2087 4428 moris
2106 4382 2161 4428 et
2192 4372 2562 4427 venerationis
2579 4371 2966 4426 detrimentum
2997 4370 3112 4423 [nec
3141 4370 3287 4423 dicta
3317 4382 3459 4430 esse.

192 4461 425 4534 ἔκρινεν,
474 4462 955 4528 ἀποσκευάζεσθαι
1006 4463 1216 4532 σχέσιν,
1256 4463 1357 4517 ποῦ
1388 4464 1432 4516 δ’
1458 4461 1525 4517 ἀν
1566 4465 1633 4537 ἣν
1666 4466 1725 4519 έδ

1934 4467 2067 4534 Quae
2085 4475 2168 4521 est
2193 4477 2367 4521 mater
2396 4466 2549 4520 mea?
2574 4484 2591 4517 ι
2610 4476 2734 4528 ete.,
2764 4466 2927 4519 sedet
2945 4463 3357 4519 convenientem
3388 4461 3462 4514 illi

192 4555 367 4621 καίου,
395 4556 555 4627 εἴπερ
604 4556 865 4622 ἐδικαίου,
893 4556 1358 4627 παραγράφεσθαι
1388 4558 1599 4629 κλῆσιν,
1635 4557 1727 4611 ταί

1923 4562 2196 4618 mnimode
2262 4561 2492 4632 gloriam
2560 4569 2615 4615 et
2680 4559 3113 4615 benedictionem
3184 4557 3458 4612 conciliat.

191 4666 289 4719 την
316 4649 392 4713 ὡς
420 4648 689 4720 κορωνίδα
716 4649 808 4702 καὶ
839 4651 1138 4719 κεφάλαιον
1156 4649 1264 4702 τῶν
1286 4650 1505 4718 ἀγαθῶν
1529 4653 1643 4715 τοῖς
1663 4651 1726 4705 τιῖ

1929 4653 2165 4708 uomodo
2202 4653 2348 4708 enim
2394 4667 2558 4722 quam
2602 4652 2904 4718 statuisset,
2953 4651 2999 4706 si
3024 4652 3328 4712 statuisset,
3365 4648 3463 4703 ha-

191 4740 429 4814 οὐρανῶν
460 4740 739 4812 βασιλείας
774 4740 1132 4813 κληρονόμοις
1164 4743 1445 4813 ἐπιφέρειν
1471 4760 1530 4797 τε
1557 4744 1651 4797 καὶ
1674 4762 1726 4815 χι

1924 4747 2184 4804 itudinem
2232 4747 2519 4813 abiecisse,
2554 4761 2719 4817 quam
2757 4745 3043 4810 voluisset,
3094 4743 3141 4799 si
3176 4742 3459 4799 voluisset.

196 4831 438 4902 ρίζεσθαι
499 4833 685 4905 χώραν
736 4827 918 4904 είχεν;
966 4833 1412 4904 Ἐμφανέστατον
1464 4835 1557 4889 οὖν
1613 4831 1731 4907 οἶμα

1926 4841 2302 4912 ppellationem
2333 4840 2681 4900 submovere,
2709 4852 2833 4893 eam
2884 4845 2941 4890 ut
2988 4837 3262 4906 tastigtum
3289 4843 3343 4887 et
3369 4848 3461 4889 ca-

194 4926 329 4981 καθά
362 4927 456 4981 καὶ
486 4927 811 4999 προείρηται
838 4928 1085 4996 γέγονεν,
1114 4928 1189 4994 ὡς
1221 4928 1280 4981 οὐ
1308 4928 1470 4999 μόνον
1501 4930 1602 4984 οὐκ
1624 4929 1729 4983 ἔστι

1927 4934 2295 5000 utbouorum,
2324 4931 2478 5002 regni
2522 4931 2792 4986 caelorum
2839 4928 3150 4985 heredibus
3192 4926 3462 4983 inferendi

196 5018 311 5072 οὐδὲ
333 5022 410 5080 είς
431 5020 588 5091 ὓϐριν
604 5019 702 5090 τῆς
727 5020 1004 5091 μητρικῆς
1022 5022 1278 5092 στοργῆς,
1302 5021 1394 5076 καὶ
1409 5022 1594 5087 αἰδοῦς
1608 5023 1669 5077 τὸ
1688 5025 1731 5077 τε

1326 5021 1394 5076 ιαί
1409 5022 1594 5087 αἰδοῦς
1608 5023 1669 5077 τὸ
1688 5024 1772 5087 τίς
1880 5034 1934 5083 et
1957 5023 2301 5096 gratificandi
2325 5023 2610 5078 habuisset
2640 5023 2861 5077 locum?

197 5118 338 5175 ἐστιν
372 5119 406 5191 ή
431 5120 615 5191 μήτηρ
651 5135 775 5189 μου,
798 5136 853 5172 κ.
873 5137 924 5173 τ.
942 5117 994 5174 λ.
1019 5119 1309 5190 εἰρημένα,
1328 5119 1464 5173 ἀλλά
1494 5122 1590 5175 καὶ
1611 5124 1711 5192 τὴν
1738 5124 2060 5198 πρέπουσαν
2085 5123 2219 5193 αὐτῇ
2249 5120 2583 5192 πανταχόθεν
2616 5121 2838 5189 συνάγει
2869 5118 3025 5186 δόξαν
3049 5118 3141 5172 καὶ
3162 5119 3454 5190 εὐφημίαν.

270 5210 419 5266 Οὕτω
460 5211 505 5265 δ’
535 5211 601 5266 ἂν
633 5216 1003 5286 περιτραπείη
1030 5217 1143 5279 τοῖς
1167 5214 1417 5286 ἀνοήτοις
1446 5214 1583 5287 πρὸς
1612 5216 1768 5269 τούν-

1949 5215 2027 5272 lta
2052 5226 2231 5270 autem
2260 5215 2470 5271 insanis
2491 5215 2648 5284 longe
2675 5213 2832 5267 aliter
2846 5228 3011 5282 quam
3062 5212 3458 5282 gloriabantur,

200 5301 370 5359 αντίον
400 5306 432 5378 ἢ
457 5308 843 5379 ὲφρυάττοντο,
896 5310 1033 5380 πρὸς
1079 5310 1137 5363 δὲ
1178 5311 1279 5378 τὴν
1315 5310 1517 5382 εὐσεϐῆ
1564 5314 1658 5366 καὶ
1696 5315 1735 5365 oi

1924 5311 1944 5366 1
1982 5311 2126 5381 piam
2172 5317 2227 5365 et
2258 5308 2533 5379 propriam
2574 5308 2813 5361 divinam
2847 5308 3170 5377 sapientiam
3232 5322 3459 5361 conver-

201 5396 350 5451 κείαν
373 5399 729 5455 ἀπευθύνοιτο
748 5400 1035 5471 θεοσοφίαν
1058 5401 1152 5456 καὶ
1166 5402 1248 5456 τόο
1274 5423 1292 5455 ι
1321 5404 1385 5455 Τί
1400 5404 1522 5471 ἐμοὶ
1543 5405 1637 5457 καὶ
1662 5405 1736 5457 σοὶ

1924 5410 2083 5458 :retur
2123 5410 2177 5457 et
2211 5401 2377 5456 illud:
2424 5420 2443 5455 ι
2475 5399 2613 5468 Quid
2660 5400 2794 5455 mihi
2825 5400 3031 5463 ettibi,
3057 5399 3295 5456 mulier?
3321 5416 3459 5453 non-

201 5486 381 5558 γύναι;
412 5492 565 5548 οῦπω
593 5495 719 5566 ἥκει
751 5496 783 5565 ή
809 5494 927 5565 ὥρα
956 5512 1080 5566 μου.
1113 5515 1131 5548 ι
1159 5496 1226 5551 Et
1252 5514 1334 5561 τις
1372 5498 1477 5569 γάρ
1498 5497 1736 5567 ἐπιμελῶ

1921 5511 2011 5550 um
2043 5496 2186 5551 \enit
2229 5495 2361 5551 hora
2390 5510 2507 5560 mea
2530 5496 2597 5550 ".
2643 5514 2661 5547 ι
2708 5494 2763 5550 Si
2794 5496 2917 5566 quis
2969 5495 3115 5552 enim
3154 5503 3407 5550 accurate
3439 5531 3456 5559 ,

270 5669 313 5701 ⁸⁸
340 5673 526 5727 Matth.
570 5687 689 5737 xm,
718 5673 806 5730 55.
884 5676 923 5705 ⁸¹
955 5672 1113 5729 Joan.
1158 5674 1345 5740 “,29.
1424 5675 1467 5705 ⁶²
1498 5673 1655 5729 Joau.
1724 5690 1784 5741 ιι,
1850 5675 1902 5729 4.
