3884 6202
423 280 527 345 347
1581 270 1843 333 PHOTII
1885 268 2022 329 PAT

2126 267 2390 328 ARCH/E
2419 266 2529 328 CP.
3592 254 3705 320 348

424 414 490 454 ex
538 394 649 451 illis
696 408 818 463 quae
866 392 1012 448 dicta
1053 398 1183 447 sunt
1224 389 1341 444 haec
1407 384 1783 445 meditaretur,
1818 382 2002 436 divina

2126 376 2191 447 φ’
2216 373 2299 439 οἷς
2334 376 2546 447 ἐρρήθη
2585 344 2756 427 ταῦτα
2798 370 3162 441 διαμελετῴη,
3193 369 3294 440 τῆς
3339 368 3494 433 θείας
3531 369 3705 440 χάριο

426 489 601 559 gratia
646 462 977 554 cooperante
1064 492 1121 537 et
1174 480 1353 536 labori
1401 478 1728 548 opitulante,
1761 474 2007 529 inveniet

2126 487 2196 533 ξος
2230 467 2595 550 συνεργούσης
2636 483 2697 519 τε
2725 464 2820 517 καὶ
2842 466 2908 535 τῇ
2943 463 3139 533 μελέτῃ
3174 462 3700 533 συναντιΜμόανοο

426 594 552 634 eum
576 578 803 649 gloriam
828 584 884 630 et
916 565 1183 629 honorem
1216 573 1599 628 decernentem
1625 569 1809 638 potius
1840 582 2004 637 quam

2126 562 2300 631 tévng,
2334 561 2558 632 εὑρήσει
2584 560 2651 627 τῇ
2685 556 2855 628 μητρὶ
2891 555 3089 624 μᾶλλον
3131 553 3289 619 δόξαν
3319 554 3709 625 περιάπτοντα

430 679 802 740 contemptum
833 667 1059 723 omnino
1087 667 1229 720 hanc
1250 678 1439 719 vocem
1495 662 1771 717 emisisse.
1793 648 2007 715 Etenim

2126 652 2204 705 ιαὶ
2241 651 2427 721 τιμὴν,
2454 649 2487 718 ἢ
2512 648 2816 719 παρόρασιν
2853 647 2989 710 ὅλως
3033 648 3280 715 ἀφιέντα.
3311 646 3423 699 Καὶ
3459 645 3577 715 γὰρ
3613 643 3708 696 ἐπὶ

2107 743 2221 804 τοῖς
2245 739 2515 811 θαύμασιν
2534 738 2686 792 οὐδὲν
2706 733 2775 808 ἦν
2797 737 2977 790 κοινὸν
3012 736 3219 806 τῇ“Μητ
3229 737 3282 806 pi.
3310 736 3407 789 καὶ
3438 734 3517 805 τῷ
3543 733 3671 802 Υἰῴ
3686 749 3703 764 ⁸

2113 832 2234 884 ἐπεὶ
2274 833 2370 885 καὶ
2426 830 2680 898 θεότητος
2728 827 2830 896 μὲν
2871 823 2939 899 ἦν
2983 826 3043 880 τὸ
3082 827 3526 897 θαυματουργεῖν
3578 823 3705 876 καθ’

2113 924 2346 993 ἑαυτήν·
2378 921 2725 992 ἀνθρωπίνης
2758 919 2815 973 δὲ
2845 920 3061 988 φύσεως
3088 918 3276 972 οὐκέτι
3319 916 3449 969 καθῖ
3469 915 3705 982 ἑαυτὴν,

2115 1015 2250 1070 ἀλλὰ
2276 1014 2365 1067 διὰ
2391 1014 2481 1067 τὸν
2513 1010 2918 1085 προσειληφότα
2951 1009 3144 1077 Λόγον.
3183 1008 3329 1077 Πλὴν
3362 1006 3457 1060 καὶ
3490 1005 3585 1075 ἐφ’
3623 998 3708 1065 οἷς

2116 1108 2295 1162 κοινὸν
2344 1106 2499 1159 οὐδὲν
2543 1100 2611 1175 ἦν
2645 1103 2815 1175 μητρὶ
2837 1101 2932 1155 κα)⁸
2965 1099 3085 1170 υἰῷ,
3115 1100 3217 1166 ὅρα
3248 1098 3367 1161 πῶς
3396 1097 3494 1167 τὴν
3519 1098 3673 1167 ὑπερ
3692 1124 3706 1133 -

2122 1199 2283 1270 ὅολὴν
2316 1198 2415 1268 τῆς
2438 1196 2606 1267 τιμῆς
2632 1198 2727 1250 καὶ
2754 1197 2812 1248 ὲν
2839 1198 2906 1265 τῇ
2928 1194 3156 1264 διαφορᾷ
3177 1193 3419 1261 συνιστᾴ.
3439 1190 3710 1259 Θαυματ-

430 763 487 818 in
530 761 811 817 miraculis
852 760 990 814 nihil
1038 766 1155 812 erat
1206 756 1367 811 matri
1402 762 1459 810 et
1504 754 1616 808 ﬁlio
1679 766 2005 817 commune;

429 853 690 923 quoniam
708 851 940 906 Deitatis
974 858 1093 905 erat
1120 863 1216 918 per
1240 847 1476 916 scipsam
1513 843 1776 899 miracula
1812 842 2007 907 facere;

432 948 684 1001 humana:
722 954 904 999 autem
934 952 1146 997 natura:
1163 955 1273 994 non
1306 938 1419 1008 jam
1447 952 1544 1007 per
1566 952 1646 1001 se,
1681 936 1773 990 sed
1801 950 1896 1005 per
1921 948 2012 989 as-

432 1052 652 1093 sumens
711 1036 964 1091 Verbum.
1012 1036 1260 1088 Attamen
1334 1030 1390 1085 in
1424 1029 1491 1084 iis
1555 1028 1609 1082 in
1648 1028 1845 1098 quibus
1876 1026 2012 1081 nihil

434 1130 594 1184 matri
632 1140 684 1184 et
720 1129 831 1182 filio
860 1141 1150 1182 commune
1179 1132 1318 1189 erat,
1360 1123 1484 1177 vide
1512 1120 1787 1191 quomodo
1819 1116 2011 1174 exces-

436 1236 556 1275 sum
587 1219 813 1275 honoris
844 1220 927 1273 vel
957 1219 1012 1273 in
1042 1216 1362 1271 discrimine
1411 1214 1619 1269 statuit.
1658 1212 1827 1266 Matre
1860 1212 2008 1266 enim

434 1312 554 1380 ejus
586 1322 811 1381 rogante
845 1321 905 1365 ut
958 1310 1281 1363 miraculum
1317 1308 1543 1371 faceret,
1584 1314 1867 1374 postquam
1935 1304 2012 1358 si-

434 1402 709 1472 gniﬁcavit
739 1418 847 1455 non
879 1417 999 1456 esse
1028 1401 1079 1454 id
1111 1414 1403 1455 commune
1442 1399 1518 1451 illi
1556 1406 1608 1450 et
1632 1396 1755 1459 sibi,
1787 1404 1841 1448 et
1874 1404 2013 1455 tent-

434 1506 538 1560 pus
572 1489 815 1544 nondum
850 1491 1040 1543 adesse
1074 1503 1185 1556 quo
1220 1488 1505 1556 oportebat
1564 1485 1716 1554 signa
1759 1480 2014 1552 operari,

404 1582 561 1650 ‘erga
598 1588 827 1634 matrem
888 1577 1248 1632 reverentiam
1283 1584 1337 1630 et
1390 1575 1651 1629 honorem
1694 1572 1932 1627 ostendit
1961 1579 2017 1625 et

436 1679 682 1742 tempore
732 1680 787 1724 et
813 1676 1157 1740 permutante
1209 1668 1452 1737 potentia
1487 1664 1770 1719 fortiorem
1803 1680 1817 1718 :
1850 1671 1902 1716 et
1940 1662 2015 1716 ita

2115 1291 2334 1362 ουργεῖν
2378 1288 2489 1358 γὰρ
2520 1288 2616 1352 τῆς
2664 1288 2869 1358 μητρὸς
2915 1284 3195 1353 ἀξιούσης,
3237 1282 3593 1352 ὲπισημῂνας
3631 1279 3709 1350 μὴ

2115 1379 2258 1436 εἶναι
2288 1381 2447 1436 τοῦτο
2477 1380 2655 1433 κοινὸν
2683 1379 2852 1449 αὐτῆς
2878 1395 2937 1430 τε
2971 1378 3064 1429 καὶ
3085 1375 3305 1439 ἑαυτοῦ,
3337 1375 3427 1428 καὶ
3454 1375 3553 1427 τὸν
3576 1390 3707 1426 και-

2122 1474 2213 1545 ρὸν
2250 1475 2325 1545 μὴ
2361 1477 2618 1546 παρεῖναι
2667 1471 2924 1542 προσθεὶς
2984 1468 3106 1522 καθ’
3136 1468 3196 1521 ὃν
3236 1467 3342 1519 ἔδει
3370 1466 3466 1530 τὰς
3495 1466 3709 1535 θεοσηο

2122 1567 2277 1638 μείας
2300 1568 2568 1639 ἐνεργεῖν,
2597 1566 2697 1637 τὴν
2728 1565 2863 1635 πρὸς
2881 1563 2980 1634 τὴν
3022 1563 3235 1632 μητέρα
3257 1560 3389 1615 αἰδῶ
3411 1561 3501 1613 καὶ
3526 1557 3711 1629 τιμὴν

2117 1658 2288 1721 ἔδειξε
2335 1654 2548 1709 καὶτοῦ
2591 1652 2784 1723 καιροῦ
2820 1651 3039 1720 καὶτῆς
3086 1648 3504 1719 διαλλαττούσης
3532 1649 3708 1701 δυνά-

436 1740 647 1818 tantum
681 1762 835 1816 abest
884 1759 1083 1827 utejus
1113 1758 1255 1813 dicta
1293 1766 1592 1811 maternam
1651 1753 1875 1824 gloriam
1916 1753 2019 1805 mi-

2126 1766 2269 1819 μεως
2311 1746 2811 1817 ὲπικρατεστέραν·
2842 1745 2980 1797 ὥστε
3025 1741 3277 1794 τοσοῦτον
3318 1742 3386 1793 τὰ
3428 1740 3711 1810 εἰρημένα

437 1866 628 1921 nuant,
681 1863 742 1909 ut
783 1862 970 1908 contra
989 1863 1043 1907 et
1071 1851 1242 1904 multo
1278 1850 1541 1918 majorem
1591 1862 1710 1901 eam
1761 1846 2015 1899 eliieiant.

436 1947 572 2000 Eam
604 1946 749 1999 enim
776 1952 829 1999 et
878 1952 1122 2011 tempore
1148 1939 1466 1993 validiorem
1500 1936 1722 1993 credere
1762 1942 1816 1988 et
1848 1933 2018 1987 mira-

439 2040 687 2095 culorum
723 2034 1090 2106 congruentize
1112 2032 1255 2103 leges
1289 2028 1597 2100 transgredi
1624 2026 1842 2089 deinde,
1872 2025 2019 2096 quod

440 2128 824 2201 praetendebat,
856 2126 1055 2189 facere,
1081 2131 1287 2194 quanto
1323 2122 1588 2192 majorem
1653 2120 1916 2173 honorem
1963 2123 2020 2171 et

441 2200 797 2269 reverentiam
837 2217 1011 2280 parat,
1039 2224 1203 2278 quam
1250 2208 1293 2260 si
1321 2207 1435 2259 haec
1478 2220 1584 2258 non
1637 2204 1784 2258 dicta
1815 2210 1869 2256 et
1928 2200 2019 2255 deo

442 2308 743 2353 monstrata
781 2303 990 2349 essent.
1018 2291 1153 2346 Fere
1187 2290 1330 2344 enim
1357 2304 1452 2359 per
1475 2303 1540 2341 ea
1569 2303 1691 2357 quae
1715 2286 1928 2341 dicebat
1968 2292 2023 2339 et

442 2386 701 2449 faciebat,
758 2382 997 2439 ostendit
1068 2381 1252 2435 dicens
1308 2397 1321 2433 :
1376 2378 1749 2433 Communitas
1813 2386 2021 2431 naturae

441 2478 887 2534 communitatem
954 2488 1062 2529 non
1105 2472 1315 2527 inducit
1370 2470 1633 2525 miracula
1692 2467 1938 2537 patrandi
2004 2484 2017 2520 :

447 2585 464 2617 ι
478 2566 615 2632 Quid
632 2565 762 2618 mihi
779 2574 831 2618 et
849 2561 965 2627 tibi,
984 2561 1177 2615 mulier
1190 2559 1253 2613 ἶν’)
1280 2557 1466 2629 Neque
1482 2557 1573 2611 Dei
1591 2557 1870 2626 signorum
1890 2570 2023 2607 con-

442 2674 640 2731 gruens
668 2668 880 2725 tempus
905 2665 1007 2709 est.
1041 2654 1290 2707 Attamen
1319 2662 1376 2705 ut
1404 2650 1566 2715 scias,
1593 2658 1649 2702 tu
1684 2658 1737 2702 et
1757 2654 2024 2715 quotquot

444 2752 511 2805 ad
552 2750 842 2803 videndum
861 2756 913 2801 et
940 2745 1267 2801 audiendum
1318 2742 1615 2814 indigentia
1659 2739 1903 2802 adduxit,
1937 2752 2023 2791 me

444 2840 543 2896 tibi
574 2852 818 2893 materna
844 2839 969 2908 jura
1015 2838 1333 2892 intemerata
1369 2851 1609 2901 servare,
1659 2843 1712 2888 et
1746 2846 1867 2887 esse
1895 2844 2021 2883 eum

445 2933 539 3003 qui
576 2933 745 2991 legem
778 2930 941 2985 statui
999 2938 1058 2984 ut
1084 2928 1243 2982 matri
1265 2931 1666 2981 venerationem
1718 2922 1815 2976 ﬁlii
1880 2929 2026 2991 pra:-

447 3029 612 3086 stent,
659 3020 772 3073 imo
818 3034 946 3073 vero
974 3032 1060 3071 me
1091 3018 1158 3071 iis
1186 3031 1306 3083 qua:
1340 3016 1392 3069 in
1423 3025 1615 3068 natura
1650 3013 1818 3068 series
1842 3008 2026 3064 consi-

2118 1840 2218 1910 τῆς
2267 1839 2541 1911 μητρικῆς
2585 1836 2741 1907 δόξης
2776 1835 2982 1888 ἔνδειαν
3024 1834 3222 1896 ποιείν,
3261 1830 3335 1893 ὡς
3373 1830 3463 1884 καὶ
3496 1829 3711 1882 πολλα-

2121 1931 2382 1985 πλασίονα
2416 1929 2624 2000 ταύτην
2654 1927 2960 1983 ἀποτελεῖν.
2996 1924 3071 1978 Τὸ
3099 1924 3205 1994 γὰρ
3238 1924 3331 1977 καὶ
3363 1924 3555 1993 καιροῦ
3607 1939 3711 1975 κυ-

2123 2023 2388 2094 ριωτέραν
2416 2019 2691 2092 ἡγεῖσθαι,
2722 2018 2817 2073 καί
2846 2019 2951 2088 τῆς
2989 2018 3048 2071 ἐν
3083 2015 3356 2086 θαύμασιν
3373 2013 3709 2075 ἀκολουθίας

2121 2113 2556 2186 ύπερϐαίνουσαν
2587 2112 2713 2175 τοὺς
2738 2111 2958 2181 νόμους,
2995 2107 3115 2163 εἶτα
3157 2106 3416 2179 πράττειν
3462 2105 3522 2158 τὺ
3566 2105 3708 2175 παρ’

2121 2207 2290 2276 αὐτῆς
2346 2203 2781 2277 προτεινόμενον,
2813 2202 2964 2269 πόσῳ
2998 2199 3432 2254 πολλαπλασίονα
3486 2197 3588 2269 τὴν
3616 2214 3707 2250 τι-

2125 2297 2231 2369 μὴν
2263 2298 2355 2350 καὶ
2380 2297 2479 2367 τὴν
2516 2294 2651 2348 αἰδῶ
2682 2292 3120 2360 κατασκευάζει;
3148 2292 3182 2363 ἢ
3212 2294 3261 2344 εἰ
3304 2290 3379 2361 μὴ
3400 2289 3570 2343 ταῦτα,
3624 2290 3707 2342 ετ-

2124 2389 2254 2460 ρητό
2281 2405 2341 2441 τε
2370 2388 2464 2441 καὶ
2493 2386 2834 2440 ἐπεδείκνυτο
2849 2400 2864 2416 ⁸
2896 2385 3177 2455 μονονουχὶ
3199 2382 3307 2453 γάρ
3326 2382 3392 2436 δι’
3412 2377 3485 2435 ὦν
3502 2380 3708 2449 ἐφθέγ-

2122 2479 2249 2550 γετό
2276 2496 2333 2531 τε
2366 2479 2457 2533 καί
2486 2478 2773 2551 ἔπραττεν,
2803 2480 3168 2532 ἐπιδείκνυται
3194 2478 3389 2546 λέγων·
3419 2478 3483 2529 Ἡ
3508 2494 3709 2529 κοινωο

2123 2572 2211 2627 νία
2243 2572 2339 2643 μὲν
2371 2571 2470 2641 τῆς
2504 2570 2739 2639 φύσεως,
2770 2571 3057 2624 κοινωνίαν
3098 2571 3160 2624 ού
3192 2570 3415 2638 συνάγει
3441 2568 3537 2622 τοῦ
3566 2568 3711 2620 θαυ-

2127 2664 2474 2734 ματουργεῖν.
2505 2663 2570 2715 Τί
2609 2664 2732 2733 ἐμοὶ
2760 2662 2857 2717 καὶ
2902 2662 3007 2727 σοὶ,
3059 2662 3253 2731 γύναι;
3283 2661 3418 2715 Οὐδὲ
3451 2662 3479 2713 δ
3512 2659 3712 2729 καιρὸς

2125 2754 2389 2825 πάρεστιν
2434 2754 2822 2838 ὁῇπιτήδειος
2873 2753 2980 2806 τῶν
3030 2752 3354 2825 θεουργιῶν.
3424 2753 3569 2821 Πλὴν
3620 2752 3711 2805 Et:

2124 2845 2290 2914 γνῷς,
2320 2845 2384 2897 σύ
2406 2862 2468 2897 τε
2505 2845 2602 2899 καὶ
2624 2846 2782 2909 ὅσους
2802 2847 2935 2916 όρᾷν
2960 2845 3053 2899 καί
3080 2845 3299 2899 ἀκούειν
3330 2846 3363 2916 ἡ
3386 2844 3545 2916 χρεία
3579 2861 3711 2897 συνο

2126 2937 2352 3006 ήγαγεν,
2380 2938 2461 2991 ὃτι
2493 2938 2585 2990 καὶ
2610 2935 2678 2991 τὰ
2713 2937 2961 3007 μητρικά
2984 2955 3066 2990 σοι
3087 2937 3273 2990 δίκαια
3302 2938 3709 3006 ἀκαινοτόμητα

2126 3026 2399 3092 διασώζω,
2430 3028 2525 3080 καί
2546 3028 2708 3090 αὐτὸς
2735 3030 2763 3081 ὁ
2789 3028 2955 3096 νόμον
2988 3027 3212 3099 θέμενός
3240 3029 3353 3099 εἰμι
3385 3030 3554 3098 μητρί
3577 3029 3709 3090 τοὺς

447 3114 707 3167 derantur
740 3119 795 3165 et
829 3108 1087 3178 temporis
1111 3107 1499 3178 Opportunitati
1532 3118 1677 3159 tuam
1714 3102 2017 3157 veneratio-

2126 3118 2313 3183 παῖδας
2360 3120 2458 3188 τὴν
2503 3119 2911 3190 σεϐασμιότητα
2950 3120 3157 3190 νέμειν,
3191 3120 3389 3191 μᾶλλον
3424 3120 3481 3172 δὲ
3505 3120 3587 3173 ὃτι
3612 3120 3711 3172 καὶ

450 3214 572 3253 nem
608 3208 663 3252 et
702 3197 1064 3251 obedientiam
1113 3204 1170 3249 et
1222 3195 1447 3265 gloriam
1498 3204 1846 3261 anteponere,
1897 3203 2023 3243 ecce

449 3296 602 3341 muto
653 3302 850 3355 aquam
916 3286 969 3339 in
1029 3286 1242 3350 vinum,
1300 3286 1409 3339 tuis
1453 3284 1705 3352 precibus
1762 3280 1852 3334 illa
1903 3294 2025 3350 quae

449 3378 560 3432 dixi
580 3379 818 3433 secunda
851 3376 1190 3431 facientibus.
1227 3375 1340 3429 Non
1368 3375 1510 3429 enim
1541 3374 1729 3428 eodem
1756 3372 1917 3426 modo
1949 3370 2020 3424 ibi

450 3470 655 3524 dictum
686 3482 767 3524 est
798 3469 927 3523 illud
954 3487 967 3522 :
1001 3468 1167 3535 (Quid
1197 3469 1291 3521 tibi
1319 3477 1371 3523 et
1401 3468 1586 3530 milii,i
1633 3481 1743 3536 quo
1771 3465 1837 3520 ad
1871 3465 2023 3519 illum

450 3562 653 3616 dictum
700 3563 899 3631 estqui
940 3562 1215 3632 quaerebat
1244 3572 1297 3615 ut
1328 3561 1430 3630 ipsi
1464 3568 1704 3631 paternae
1738 3557 2025 3611 haeredita-

451 3652 522 3706 tis
552 3652 752 3706 arbiter
776 3650 931 3705 foret.
961 3651 1036 3705 lbi
1059 3653 1204 3705 enim
1235 3650 1372 3704 dixit
1398 3667 1411 3702 :
1447 3648 1615 3715 «Quid
1656 3647 1789 3701 mihi
1814 3656 1868 3701 et
1888 3645 2027 3700 tibi?

449 3755 504 3798 et
521 3745 644 3813 quis
662 3759 748 3797 me
766 3743 1041 3796 constituit
1058 3741 1352 3811 principem
1374 3741 1673 3809 etjudicem
1686 3754 1850 3809 super
1864 3738 2031 3791 νοεῖν».

452 3834 604 3888 Hanc
632 3836 793 3889 verbo
827 3836 1233 3889 excusationem
1282 3841 1403 3887 actu
1438 3833 1737 3897 roboravit,
1770 3846 1871 3885 nec
1898 3845 2027 3885 con-

454 3927 761 3981 testationis
792 3926 1009 3979 humilis
1040 3935 1093 3978 et
1116 3925 1311 3981 terreni
1373 3923 1510 3979 lucri
1549 3922 1715 3993 judex
1766 3922 1883 3977 ﬁeri
1927 3936 2025 3975 vo-

454 4017 557 4071 luit
585 4034 599 4083 ;
630 4018 721 4072 sed
739 4032 859 4087 qua:
893 4032 986 4087 per
1009 4018 1169 4072 verba
1195 4015 1501 4087 abnegavit,
1529 4030 1625 4085 per
1649 4030 1815 4085 opera
1832 4014 2028 4069 deinde

354 4124 355 4127 ‘
456 4108 720 4164 ﬁrmavit.

528 4474 603 4530 lbi
627 4475 775 4531 vocis
800 4474 974 4531 forma
1008 4493 1165 4542 usus,
1201 4486 1501 4534 maternam
1532 4481 1678 4537 circa
1702 4483 2023 4538 miraculum
2062 4454 2106 4509 θ

457 4568 783 4622 sententiam
813 4582 920 4622 non
950 4570 1279 4637 repudiavit,
1329 4586 1509 4640 neque
1553 4574 1883 4642 precationis
1922 4575 2027 4628 im-

456 4662 831 4729 probationem
863 4661 1129 4730 adjunxit.
1194 4662 1298 4717 Sed
1327 4674 1617 4734 postquam
1652 4666 2030 4720 incommuni-

460 4760 567 4806 tate
596 4763 804 4807 natura:
832 4752 1137 4807 divinorum
1156 4770 1381 4823 operum
1410 4757 1787 4811 excellentiam
1806 4758 2030 4813 docuis-

456 4852 560 4908 set,
590 4859 729 4913 opus
760 4859 1096 4900 concurrens
1126 4848 1766 4915 postulationiconcessit
1797 4869 1813 4916 ;
1861 4852 2027 4918 clare,

457 4936 738 4990 titdictum
767 4946 870 5000 est,
896 4938 1099 5006 plnries
1116 4948 1361 4995 statuens
1379 4950 1433 4996 et
1452 4944 1857 5012 opportunitate
1890 4954 2029 5000 tem-

458 5028 606 5099 poris
648 5038 702 5082 et
732 5029 1115 5085 miraculorum
1150 5034 1478 5103 proprietate
1521 5048 1820 5092 maternam
1861 5038 2029 5095 dilec-

460 5121 660 5174 tionem
700 5130 753 5175 et
781 5120 947 5177 decus
980 5122 1100 5193 plus
1127 5126 1266 5196 apud
1294 5126 1469 5197 ipsum
1512 5129 1712 5185 valere.

2123 3209 2230 3262 τῶν
2255 3211 2313 3262 ὲν
2342 3212 2408 3281 τῇ
2440 3211 2600 3278 φύσει
2632 3209 3020 3282 θεωρουμένων
3048 3212 3257 3281 εἱρμῶν
3278 3210 3371 3264 καὶ
3393 3210 3492 3279 τῆς
3518 3210 3711 3276 ἐπιτηο

2123 3300 2392 3373 δειότητος
2418 3300 2514 3354 τοῦ
2557 3302 2750 3372 καιροῦ
2786 3304 2885 3375 τὴν
2925 3303 3022 3373 σὴν
3052 3302 3184 3355 αἰδῶ
3212 3304 3305 3356 καὶ
3332 3301 3579 3371 ὑπακοὴν
3610 3303 3710 3355 καί

2123 3392 2279 3459 δόξαν
2309 3394 2618 3466 ἔμπροσθεν
2646 3396 2927 3466 ποιοῦμαι,
2959 3397 3067 3449 ἰδοὺ
3114 3396 3440 3467 μεταϐάλλω
3464 3396 3526 3448 τὸ
3563 3395 3711 3466 ὕδωρ

2130 3487 2212 3551 εἰς
2235 3481 2398 3551 οἰνον,
2428 3488 2527 3556 τῆς
2554 3488 2652 3558 σῆς
2686 3487 2963 3552 ἀξιώσεως
2996 3491 3178 3541 ἐκεῖνα
3203 3488 3431 3560 δεύτερα
3478 3505 3709 3559 ποιησαι.⁸

2129 3577 2321 3648 μένης.
2361 3579 2497 3632 Οὐδὲ
2523 3579 2631 3647 γὰρ
2658 3580 2797 3633 κατά
2819 3580 2910 3633 τὸν
2932 3580 3043 3633 ἴσον
3062 3581 3261 3651 τρόπον
3284 3578 3521 3633 ἐνταῦθα
3548 3580 3703 3649 εἴρη-

2125 3686 2213 3722 ται
2247 3670 2306 3722 τὺ
2341 3687 2359 3721 ι
2393 3670 2457 3723 Τί
2487 3672 2631 3741 ἐμοὶ,
2656 3672 2749 3724 καὶ
2783 3672 2885 3737 σοί,
2914 3692 2931 3723 ι
2970 3674 3089 3726 καθ’
3118 3674 3175 3726 ὃν
3205 3673 3420 3744 εἴρηται
3450 3672 3588 3743 πρὸς
3613 3672 3706 3723 τὸν

2126 3761 2484 3832 ἐπιζητοῦντα
2551 3762 2831 3834 διαιτητὴν
2885 3764 3032 3835 αὐτῷ
3079 3765 3170 3818 τοῦ
3202 3765 3469 3835 πατρικοῦ
3499 3764 3702 3836 κλήρου

2126 3853 2482 3924 χρηματίσαι.
2523 3856 2671 3908 Ἐκεῖ
2687 3856 2795 3928 γάρ
2820 3852 2997 3922 εἶπεν,
3035 3876 3052 3909 ι
3078 3857 3145 3912 Τί
3178 3858 3300 3927 ἐμοὶ
3330 3858 3423 3912 καὶ
3469 3858 3589 3925 σοί;
3617 3858 3711 3910 καὶ

2126 3946 2209 4009 τίς
2238 3963 2304 4017 με
2327 3947 2663 4018 κατέστησεν
2697 3950 2933 4021 ἄρχοντα
2958 3952 3053 4004 καὶ
3080 3950 3343 4021 δικαστὴν
3373 3949 3459 4020 ἐφ’
3492 3952 3707 4021 ύμᾶςςι

2127 4037 2206 4107 Τῇ
2241 4038 2438 4108 πράξει
2484 4040 2584 4109 τὴν
2616 4041 2675 4093 ὲν
2706 4040 2783 4111 τῷ
2822 4042 2964 4111 λόγῳ
3011 4042 3340 4113 παραίτησιν
3390 4042 3710 4108 ὲὸεόαίωσε,

2129 4130 2223 4181 καὶ
2252 4128 2510 4201 δικαστὴς
2560 4131 3021 4204 ἀμφισϐητήσεως
3049 4134 3388 4205 χαμαιζήλου
3409 4134 3509 4188 καὶ
3546 4153 3715 4207 προσ-

2131 4218 2255 4271 ύλου
2291 4220 2518 4293 κέρδους
2545 4223 2644 4293 οὐχ
2689 4225 2868 4277 εἵλετο
2900 4226 3175 4294 γενέσθαι,
3206 4224 3348 4280 ἀλλά
3378 4227 3479 4297 τὴν
3513 4228 3573 4279 ἐν
3603 4231 3715 4292 τοῖς

2129 4311 2373 4470 gnaram»;
2414 4313 2809 4385 ἀπαγόρευσιν,
2842 4318 2875 4387 ὴ
2903 4316 2991 4371 διὰ
3020 4317 3125 4370 τῶν
3151 4317 3330 4388 ἔργων
3366 4320 3709 4392 παραγραφὴ

2164 4420 2207 4456 ιε
2302 4421 2417 4457 ατο.

2164 4420 2417 4457 ιεοεεατο.

2216 4495 2484 4550 Ἐνταῦθα
2532 4497 2590 4550 δὲ
2653 4499 2731 4569 τῷ
2797 4501 3039 4571 σχήματι
3088 4502 3434 4573 χρησάμενος
3471 4503 3573 4574 τῆς
3608 4521 3715 4574 φω-

2135 4591 2252 4660 νῆς,
2298 4590 2398 4659 τὴν
2438 4592 2713 4662 μητρικὴν
2763 4594 2863 4647 οὐκ
2899 4595 3263 4665 ἀπεπέμψατο
3292 4597 3421 4667 περὶ
3461 4596 3546 4668 τῷ
3594 4596 3717 4651 θαύ-

2140 4696 2270 4750 ματι
2327 4680 2586 4752 γνώμην·
2640 4684 2760 4738 οὐδὲ
2800 4685 2902 4755 τῆς
2934 4687 3205 4757 αἰτήσεως
3248 4687 3585 4757 εἰσηγήσατο
3620 4687 3716 4758 τὴν

2136 4773 2414 4845 ἀθέτησιν,
2443 4776 2557 4829 ἀλλ’
2588 4779 2648 4830 ὲν
2676 4780 2741 4849 τῇ
2792 4777 3049 4850 κοινωνίᾳ
3080 4780 3178 4849 τῆς
3224 4779 3439 4849 φύσεως
3464 4779 3567 4849 τὴν
3606 4780 3717 4835 δια-

2139 4866 2313 4938 φορὰν
2342 4866 2691 4939 διδαξάμενος
2720 4869 2830 4922 τῶν
2858 4869 3305 4941 θεουργημάτων,
3330 4873 3390 4925 τὸ
3416 4873 3577 4944 ἔργον
3597 4872 3717 4927 σύν-

2136 4958 2335 5030 δρομον
2368 4959 2534 5025 ἔδειξε
2565 4963 2630 5031 τῇ
2660 4961 2903 5028 ἀξιώσει·
2923 4962 3131 5033 σαφῶς,
3150 4963 3225 5027 ὡς
3246 4962 3482 5035 εἴρηται,
3515 4962 3714 5017 πολλάἑ

2138 5066 2224 5112 κις
2252 5053 2533 5123 παριστῶν
2562 5055 2656 5108 καί¹
2686 5054 2787 5125 τῆς
2808 5056 3247 5129 ἐπιτηδειότητος
3269 5056 3362 5111 τοῦ
3390 5056 3588 5129 καιροῦ
3623 5057 3714 5112 καὶ

2136 5140 2233 5210 τῆς
2268 5143 2326 5195 ὲν
2352 5141 2626 5214 θαύμασιν
2656 5145 2916 5217 ἰδιότητος
2939 5148 3038 5218 τὴν
3062 5149 3334 5222 μητρικὴν
3367 5151 3605 5223 στοργήν
3624 5150 3714 5204 καὶ

2136 5229 2198 5284 τὸ
2228 5230 2384 5296 κλέος
2416 5234 2600 5304 μεῖζον
2630 5235 2835 5306 ἰσχύειν
2865 5238 2995 5311 παρ’
3030 5239 3196 5311 αὐτῷ.
