3884 6202
231 240 354 305 349

770 361 1105 416 Epnrnziz
1142 361 1289 427 Mer.

1206 246 1307 305 AD
1336 241 1933 305 AMPHILOCHIUM
1973 242 2321 314 QUIESTIO
2380 240 2585 307 XLVI.
3398 253 3505 316 350

2299 360 2629 427 ΩυΑΞδΤΙΟ
2674 361 2837 417 XLVI
2879 363 2980 435 [aL
3010 363 3197 437 XLV].

230 448 380 516 Πῶς
396 452 468 505 οὐ
479 450 734 521 μάχεται
756 453 824 505 τὸ
846 471 866 504 ι
919 452 1173 520 Ἐρῤήθη
1211 450 1338 522 τοῖς
1371 452 1667 519 ἀρχαίοις·
1686 453 1818 522 Ὀφ-

2001 452 2276 516 Quomodo
2304 469 2405 505 non
2434 452 2672 521 implicat
2731 434 2915 508 illudi:
2957 434 3199 508 «Dictum
3254 465 3330 510 est
3367 457 3504 512 miti.

315 524 547 592 6a.1p6r
565 522 699 575 ἀντὶ
720 523 1032 592 ὀφθαλμοῦ
1051 522 1150 576 καί
1167 521 1383 592 ὀδόγτα
1398 522 1530 575 ἀντὶ
1550 521 1817 589 ὀδόντος-ο

312 590 447 663 ἐγὼ,
467 591 534 663 δὲ
559 592 714 661 λέγω
746 590 891 661 ὑμῖν
917 590 1008 663 μὴ
1036 590 1502 663 ἀντιστῆναι-τῷ
1536 592 1779 660 πονηρῷ
1803 607 1818 622 °

311 661 451 714 ἀλλ’
492 662 661 732 ὅστις
701 660 1056 731 decantaret
1085 662 1185 718 ἐπὶ
1232 660 1348 729 τὴν
1385 661 1613 729 δεξιὰν,
1645 663 1821 732 στρέο

310 732 434 798 ψογ
474 730 634 797 αὑτῷ
659 733 756 786 καὶ
784 730 900 802 τὴν
929 734 1150 802 ἄλλην.
1192 754 1210 788 ι

1926 526 2044 592 quis
2075 540 2093 577 :
2123 523 2343 577 Oculum
2370 540 2463 591 pro
2491 525 2641 575 oculo
2665 533 2711 575 et
2748 525 2948 577 dentem
2976 526 3253 592 prodente,
3285 543 3376 594 ego
3405 544 3505 579 au-

1932 603 2034 647 tem
2068 594 2197 665 dico
2231 594 2375 647 vobis
2422 610 2527 645 non
2571 595 2814 647 resistere
2866 605 3028 665 muto,
3088 596 3179 648 sed
3217 597 3507 665 quicunque

1932 674 1980 718 te
2004 664 2075 717 ad
2115 666 2387 717 dexteram
2416 665 2691 731 percutiet,
2730 675 2867 718 verte
2883 664 2963 718 illi
2989 668 3040 719 et
3067 664 3362 719 sinistram.
3411 664 3431 716 ἡ

1234 848 1379 900 Edita
1402 865 1429 900 a
1457 850 1605 911 Maio,
1638 852 1672 901 1.
1700 862 1764 910 c.,
1786 863 1837 911 p.
1869 846 2034 898 55-56.
2059 847 2123 895 In
2157 843 2330 895 Matth.
2364 858 2412 906 γ,
2443 843 2522 893 39.

313 946 539 1017 Πρῶτον
567 950 668 1020 μὲν
692 952 829 1005 διότι
858 952 887 1006 6
922 954 1112 1008 εἰπών·
1151 975 1170 1008 ι
1197 957 1310 1010 Οὐκ
1338 952 1502 1027 ἦλθον
1530 956 1830 1011 καταλῦσαι

225 1037 332 1091 τὸν
354 1039 543 1108 νόμον,
562 1042 700 1095 ἀλλὰ
718 1043 823 1115 πλη
834 1044 1027 1113 ρῶσαι,
1051 1065 1069 1098 ι
1101 1048 1263 1111 αὑτός
1290 1049 1438 1101 ἐστιν
1455 1050 1483 1101 6
1502 1048 1679 1119 ψῆφον
1701 1052 1832 1103 ἑκα-

224 1132 408 1202 τέραν
439 1133 743 1203 ἐξενεγκὼν
766 1153 780 1169 ο
815 1139 992 1202 οὐδεὶς
1018 1140 1074 1193 δὲ
1106 1141 1215 1210 ἄρα
1244 1142 1366 1195 οὐδὲ
1396 1142 1503 1197 τῶν
1534 1146 1829 1214 τυχόντων,

228 1225 377 1295 μήτι
403 1242 466 1293 γε
493 1229 819 1299 νομοθέτης,
863 1229 979 1301 ἅμα
1016 1234 1280 1287 τάναντία
1312 1234 1460 1303 λέγει
1493 1235 1694 1306 ἐαυτῷ,
1719 1234 1830 1288 οὐδ’

223 1317 257 1369 6
284 1318 467 1387 λέγων
492 1321 788 1376 καταλύειν
803 1324 894 1376 τὸν
908 1326 1093 1396 νόμον,
1114 1327 1214 1380 οὐκ
1243 1327 1310 1381 ἂν
1339 1328 1437 1390 τὰς
1455 1327 1832 1390 καταλυούσας

226 1416 406 1469 αὐτὸν
434 1420 763 1490 προεκόμιζε
784 1422 989 1490 φωνὰς,
1010 1424 1104 1478 καὶ
1128 1423 1365 1494 μάλιστα
1380 1426 1482 1479 οὐκ
1500 1428 1558 1480 ἐν
1577 1425 1721 1496 ἄλλῳ
1737 1426 1832 1478 καὶ

226 1510 295 1563 ἐν
330 1511 473 1581 ἄλλῳ
500 1512 695 1582 χρόνῳ,
722 1514 831 1567 οὐδ’
858 1518 914 1568 ἐν
949 1516 1113 1587 ἑτέρᾳ
1147 1518 1347 1587 φράσει
1369 1519 1463 1571 καὶ
1491 1519 1677 1589 ἑτέρᾳ,
1714 1519 1830 1571 ἀλλ’

226 1599 337 1652 ἐπὶ
367 1600 474 1654 τῶν
498 1603 677 1656 αὐτῶν
713 1606 975 1675 ῥημάτων
1010 1608 1107 1660 καὶ
1133 1607 1260 1677 ἑξῆς
1279 1620 1293 1634 ⁵
1330 1609 1526 1663 οὐκοῦν
1555 1609 1656 1663 οὐκ
1679 1608 1829 1662 ἀντίο

229 1708 423 1747 κειται
440 1695 634 1761 ταῦτα,
654 1697 790 1750 ἀλλὰ
812 1699 1009 1753 πολλοῦ
1032 1701 1129 1754 δεῖ.
1150 1703 1203 1755 Ἀ
1213 1700 1337 1773 λλ’ή
1354 1703 1453 1772 μὲν
1474 1703 1582 1756 τῶν
1599 1703 1828 1757 ἐντολῶν

228 1787 399 1858 λόγον
416 1791 614 1861 ἔχουσα
630 1795 951 1865 νομοθεσίας
966 1798 1287 1869 ρυθμίζειτε
1300 1800 1391 1853 καὶ
1408 1801 1723 1869 καταρτίζει
1736 1801 1827 1854 τὸν

231 1883 439 1955 κριτὴν
467 1886 761 1941 ἀδέκαστον
791 1890 890 1960 μὲν
911 1890 1055 1960 ἔχειν
1075 1892 1173 1962 τὴν
1198 1892 1443 1963 γνώμην,
1478 1893 1830 1964 ἀδυσώπητον

229 1975 295 2029 δὲ
332 1979 432 2046 τὴν
462 1977 666 2047 ψῆφον,
698 1981 985 2053 ἰσόρροπον
1006 1983 1064 2036 δὲ
1101 1986 1367 2056 παρέχειν
1399 1989 1509 2049 τοῖς
1534 1986 1830 2056 δικαζομέ-

229 2086 355 2132 νοις
378 2068 468 2121 τὸν
494 2071 595 2140 τῆς
622 2071 778 2142 δίκης
810 2074 1109 2145 ὀφθαλμόν.
1155 2077 1217 2128 Ἥ
1232 2077 1287 2130 δὲ
1317 2077 1551 2146 λέγουσα
1586 2077 1660 2148 μὴ
1681 2078 1830 2131 ἀντι·

232 2162 436 2231 στῆναι
474 2162 551 2233 τῷ
598 2165 842 2237 πονηρῷ,
874 2169 932 2221 ἐν
966 2168 1065 2240 ῐσιρ
1112 2171 1230 2223 ἐστὶ
1263 2171 1358 2223 τοῦ
1411 2171 1486 2241 μὴ
1517 2170 1827 2234 ἐπεξελθεῖν

233 2251 371 2320 μηδ’
436 2254 748 2323 ἀμύνασθαι
793 2259 938 2311 κατά
978 2262 1043 2312 τά
1094 2260 1487 2331 πονηρεύματα
1532 2260 1698 2314 αὑτοῦ
1739 2261 1830 2315 τὸν

231 2343 486 2414 ἄρξαντα
516 2349 717 2420 χειρῶν
741 2351 943 2405 ἀδίκων
963 2368 977 2382 ⁸
1011 2354 1105 2406 καὶ
1145 2355 1245 2407 οὐκ
1285 2355 1366 2408 ἔτι
1394 2356 1534 2427 αὐτὴ
1576 2358 1715 2427 πρὸς
1737 2357 1829 2412 τὸν

233 2439 444 2508 κριτὴν
493 2441 704 2513 ἀφορᾷ,
754 2444 891 2498 ἀλλὰ
936 2446 996 2499 τὸ
1046 2448 1376 2519 ἠδικημένον
1419 2451 1711 2520 πρόσωπον
1749 2452 1831 2515 είς

234 2531 547 2587 ἐπιείκειαν
589 2539 682 2589 καὶ
715 2538 1007 2593 εὐλάϐειαν
1045 2543 1378 2615 παρακαλεῖ.
1414 2543 1583 2598 Τοῦτό
1625 2562 1689 2613 γε
1736 2545 1831 2599 καὶ

234 2623 338 2677 τὸν
368 2627 664 2696 ἠδικηκότα
698 2630 943 2700 αἰσχύνει
977 2638 1069 2687 καὶ
1108 2637 1335 2705 μετάγει
1363 2637 1461 2707 τῆς
1492 2637 1831 2707 θρασύτητος

235 2717 345 2770 καὶ
374 2719 633 2784 ἀπονοίας
662 2723 753 2775 ἐπὶ
776 2723 834 2776 τὸ
865 2726 1346 2796 μεταμελούμενον
1377 2729 1471 2781 καὶ
1494 2728 1757 2798 κατηφὲς,
1782 2729 1831 2781 εί

241 2811 436 2881 μήπου
474 2811 665 2885 θηρίον
778 2818 989 2890 μορφὴν
1018 2819 1307 2889 ἀνθρώπου
1344 2820 1828 2892 περιϐαλλόμενον,

238 2905 346 2957 καὶ
381 2906 473 2959 τὸν
517 2907 844 2980 ἠδικημένον
877 2912 953 2981 τῷ
983 2913 1085 2983 τῆς
1128 2914 1434 2984 πραότητος
1479 2914 1571 2968 καὶ
1615 2915 1831 2984 φιλοσο-

239 2996 381 3066 φίας
430 3003 681 3072 στεφάνῳ
714 3007 926 3074 κοσμεῖ.
966 3006 1077 3058 Καὶ
1130 3006 1239 3078 γάρ
1285 3006 1532 3071 ἐξουσίαν
1570 3006 1720 3078 αὐτῷ
1754 3006 1833 3060 δίο

2002 952 2185 1006 Primo
2220 951 2462 1021 quidem,
2489 951 2618 1022 quia
2651 949 2744 1021 qui
2772 949 2909 1005 dixit
2938 948 3123 1006 :iNon
3153 951 3274 1005 veni
3296 950 3509 1006 solvere

1929 1046 2127 1114 legem,
2171 1043 2264 1099 sed
2320 1044 2622 1113 adimplere
2655 1044 2720 1107 ⁸³,
2761 1062 2779 1095 ι
2818 1044 2933 1112 ipse
2980 1051 3064 1097 est
3092 1042 3185 1110 qui
3218 1051 3508 1112 utrumque

1927 1138 2207 1191 deet-etum
2253 1137 2378 1190 tulit
2405 1153 2420 1201 ;
2451 1150 2612 1190 nemo
2647 1135 2832 1205 igitur,
2864 1136 3181 1204 quicunque
3218 1135 3380 1187 etiam
3413 1134 3504 1199 sit,

1929 1231 2033 1286 sibi
2075 1231 2176 1300 ipsi
2204 1230 2551 1293 contradicit,
2590 1238 2641 1283 et
2694 1229 2788 1298 qui
2842 1242 2901 1283 se
2949 1242 3058 1282 non
3094 1227 3306 1281 solvere
3336 1227 3506 1295 legem

1928 1323 2081 1386 dicit,
2115 1338 2223 1376 non
2258 1338 2379 1392 quae
2416 1322 2594 1390 ipsum
2636 1321 2931 1383 solverent,
2984 1334 3146 1374 voces
3207 1319 3503 1384 emisisset,

1929 1425 1983 1469 et
2009 1416 2307 1485 praesertim
2353 1430 2461 1469 non
2498 1414 2605 1468 alio
2634 1422 2688 1467 et
2715 1413 2822 1466 alio
2858 1422 3120 1479 tempore,
3159 1426 3267 1466 non
3306 1411 3359 1465 in
3403 1412 3509 1465 alia

1928 1517 1982 1562 et
2013 1508 2118 1561 alia
2145 1507 2349 1576 phrasi,
2370 1506 2462 1561 sed
2500 1506 2692 1560 iisdem
2723 1505 2902 1558 verbis
2929 1513 2981 1559 et
3010 1520 3075 1558 ex
3095 1504 3305 1557 ordine.
3338 1503 3509 1572 Igitur

1930 1599 2045 1653 lucc
2074 1615 2183 1652 non
2214 1598 2318 1652 sibi
2342 1597 2745 1660 contradicunt,
2767 1594 2994 1648 multum
3030 1608 3161 1648 sane
3201 1593 3375 1646 abest.
3404 1589 3510 1644 Sed

1934 1705 2105 1744 unum
2143 1690 2361 1758 quidem
2427 1687 2785 1756 legislationis
2825 1688 3093 1741 rationem
3121 1685 3328 1739 habens
3360 1682 3512 1753 judi-

1934 1800 2051 1839 cem
2102 1784 2167 1838 ad
2200 1782 2475 1837 ferendam
2506 1781 2877 1850 incorruptam
2933 1777 3254 1832 sententiam
3294 1784 3348 1830 et
3377 1777 3513 1830 irre-

1930 1875 2175 1930 vocabile
2198 1875 2477 1928 decretum
2551 1871 2771 1926 ordinat
2825 1880 2879 1925 et
2928 1876 3077 1938 aptat
3110 1876 3165 1923 et
3198 1867 3263 1922 ad
3294 1880 3512 1937 aequum

1928 1968 2155 2038 iustitiae
2184 1966 2404 2021 oculum
2464 1964 2517 2018 in
2567 1963 2834 2035 judicium
2892 1962 3098 2016 vocatis
3142 1960 3510 2031 pra‘bendum.

1932 2060 2088 2127 Quod
2130 2069 2311 2114 autem
2341 2058 2493 2128 jubet
2535 2056 2786 2127 improbo
2813 2069 2920 2109 non
2966 2054 3241 2121 resistere,
3288 2051 3515 2122 perinde

1931 2159 2017 2206 est
2053 2167 2118 2206 ac
2149 2150 2194 2204 si
2230 2149 2448 2220 juberet
2472 2163 2580 2201 non
2600 2148 2884 2216 insurgere
2915 2159 3094 2215 neque
3131 2159 3190 2199 se
3227 2142 3516 2198 defendere

1932 2244 2191 2297 adversus
2242 2257 2366 2296 eum
2423 2242 2515 2310 qui
2570 2255 2681 2307 sua
2727 2238 2935 2294 scelera
2992 2237 3246 2291 manibus
3298 2234 3517 2306 injustis

1933 2336 2214 2406 coepit;et
2245 2334 2375 2389 illud
2408 2349 2516 2388 non
2544 2333 2658 2403 jam
2708 2332 2775 2386 ad
2809 2331 3049 2401 judicem
3092 2330 3347 2399 respicit,
3420 2328 3518 2384 sed

1934 2430 2166 2485 multum
2197 2426 2399 2498 injuria
2437 2426 2691 2480 alfectum
2746 2425 2811 2479 ad
2838 2423 3309 2479 mansuetudinem
3349 2430 3406 2478 et
3426 2422 3519 2477 be-

1933 2522 2303 2579 nevolentiam
2358 2519 2575 2574 invitat.
2604 2517 2677 2573 Ex
2707 2533 2813 2571 una
2844 2525 2996 2587 parte
3039 2516 3260 2585 quidem
3296 2522 3351 2570 et
3374 2514 3521 2585 injuv

1932 2618 2071 2671 riam
2140 2615 2430 2669 facientem
2494 2613 2694 2667 rubore
2744 2611 3029 2676 sull‘undit,
3067 2618 3121 2664 et
3180 2624 3244 2663 ea
3291 2609 3518 2663 audacia

1934 2719 1989 2764 et
2017 2708 2290 2764 dementia
2318 2707 2383 2761 ad
2407 2705 2783 2776 paenitentiam
2813 2714 2868 2759 et
2894 2705 3253 2758 humilitatem
3282 2702 3517 2770 reducit,

1934 2802 1979 2858 si
2043 2803 2285 2854 nondum
2338 2801 2452 2855 fera
2496 2800 2565 2855 sit
2633 2798 2875 2854 hominis
2930 2796 3107 2852 forma
3181 2796 3418 2861 induta;
3464 2803 3520 2850 et

1934 2892 2134 2963 injuria
2213 2891 2466 2945 affectum
2529 2888 2970 2944 mansuetudinis
3044 2898 3098 2942 et
3164 2887 3520 2957 philosophia:

1934 3003 2137 3042 corona
2166 2986 2417 3040 adornat.
2452 2983 2664 3038 Etenim
2698 2983 2975 3037 licentiam
3004 2982 3052 3036 ei
3090 2982 3183 3036 dat
3243 2981 3325 3035 lex
3360 2996 3388 3034 a
3421 2980 3513 3034 lte-

238 3090 415 3143 δωσιν
441 3094 468 3145 ὁ
494 3094 659 3163 νόμος
691 3096 783 3149 τὸν
805 3072 1151 3165 λελυπηκότα
1180 3072 1337 3171 δίκην
1367 3072 1829 3172 εἰσπράττεσθαι·

1941 3081 2108 3135 dente
2142 3093 2361 3148 pmnam
2392 3075 2718 3146 reposcendi
2753 3093 2768 3142 ;
2829 3075 2873 3130 si
2908 3086 3090 3128 autem
3134 3073 3221 3127 ille
3254 3074 3395 3128 hanc
3453 3072 3521 3128 li-

238 3183 268 3233 6
299 3183 362 3235 ὃὲ
392 3184 490 3256 τὴν
542 3186 788 3250 ἐξουσίαν
824 3188 889 3242 ἂν
933 3192 1015 3253 εἰς
1060 3190 1471 3262 φιλανθρωπίαν
1512 3193 1688 3265 τρέψῃ
1737 3193 1832 3247 καὶ

239 3274 344 3327 τοῦ
372 3277 644 3345 ὁμοφύλου
672 3278 811 3351 λάϐῃ
840 3280 1008 3346 ἔλεον,
1037 3284 1116 3345 εἰς
1149 3282 1308 3351 μόνον
1331 3283 1421 3336 τὸν
1445 3282 1692 3354 ἀρχηγὸν
1721 3283 1830 3338 τῶν

241 3366 438 3419 κακῶν
476 3370 569 3421 καὶ
617 3371 709 3423 τὸν
741 3370 969 3442 ἀρχαῖον
1005 3372 1263 3443 πολέμιον
1298 3373 1391 3426 τοῦ
1440 3375 1632 3442 γένους
1672 3374 1831 3446 ἡμῶν

239 3462 550 3516 ἀποτείνων
577 3464 668 3517 τὸν
696 3465 905 3520 δίκαιον
936 3467 1127 3536 θυμὸν,
1155 3463 1308 3530 οὗτός
1337 3469 1483 3520 ἐστιν
1514 3468 1588 3532 ὡς
1617 3467 1831 3537 ἀληθῶς

240 3555 271 3604 ὁ
305 3556 402 3605 καὶ
434 3556 531 3625 τῆς
569 3557 919 3630 ἀνθρωπίνης
964 3560 1181 3629 φύσεως
1224 3558 1579 3628 ἐξευγενίζων
1613 3561 1673 3614 τὸ
1700 3560 1832 3613 αὺτ-

244 3646 517 3714 εξούσιον,
548 3652 644 3704 καὶ
675 3652 767 3704 τὸν
800 3653 978 3707 κοινὸν
1023 3654 1300 3724 Δεσπότην
1334 3654 1430 3716 τὰς
1483 3652 1832 3725 ἀνθρωπίνας

242 3740 472 3810 ὀφειλάς
504 3744 644 3814 ἔχων
667 3746 972 3802 διαλύοντα.
1005 3750 1079 3802 Οὐ
1109 3748 1217 3817 γὰρ
1246 3746 1382 3818 πρὸς
1409 3745 1537 3801 ἄλλο
1563 3746 1658 3799 τοῦ
1684 3747 1833 3800 ἐναν-

242 3836 371 3888 τίον
411 3836 576 3905 φύσις
619 3840 1068 3910 συμπλέκεσθαι·
1120 3841 1258 3895 ἁλλά
1285 3841 1375 3894 διὰ
1406 3840 1515 3893 τῶν
1542 3840 1720 3893 αὐτῶν
1750 3837 1831 3903 οἷς

242 3931 316 3985 ἂν
353 3933 620 4002 πρόειτιν,
668 3937 701 4006 ἡ
737 3935 885 4006 μάχη
931 3936 1197 4007 πρόεισιν.
1232 3935 1462 3998 Ἔλαϐες
1507 3934 1708 4005 κράτος
1741 3933 1831 3986 τὸν

242 4025 553 4095 ἠδικηκότα
584 4029 734 4099 νόμῳ
771 4028 1019 4093 κολάζειν
1039 4046 1051 4059 ·
1086 4031 1134 4081 εί
1184 4027 1283 4099 μὲν
1307 4027 1577 4091 κολάσεις,
1610 4025 1828 4095 ἄδηλον,

242 4117 296 4168 εί
335 4118 430 4170 καὶ
466 4118 539 4187 μὴ
568 4118 747 4173 λαϐὼν
777 4123 841 4191 τῇ
873 4121 1115 4192 τιμωρίᾳ
1153 4120 1248 4174 τοῦ
1288 4121 1519 4189 πλησίον
1551 4120 1831 4191 ἐπεπήδη-

247 4224 373 4271 σας,
409 4210 501 4261 καὶ
529 4210 588 4262 τὸ
620 4209 822 4287 φθάσαι
855 4210 1048 4264 παθεῖν
1077 4210 1169 4264 τοῦ
1204 4212 1279 4281 μὴ
1313 4213 1557 4281 ποιῆσαι,
1592 4209 1724 4262 ἀλλά
1756 4208 1832 4281 μὴ

245 4300 624 4373 φιλανθρώπῳ
670 4302 863 4374 γνώμῃ
900 4302 994 4356 καὶ
1044 4303 1353 4373 φιλαδέλφῳ
1380 4304 1480 4373 τὴν
1519 4302 1716 4371 πρᾶξιν
1744 4301 1833 4366 ἐξ·

243 4395 512 4465 ήνεγκας.
550 4396 614 4448 Εἰ
651 4396 707 4450 δὲ
741 4396 815 4466 μὴ
858 4396 1131 4461 κολάσεις,
1167 4396 1365 4468 στήλην
1400 4395 1637 4465 ἐστησας
1678 4394 1834 4459 ἀνεξ-

1939 3174 2172 3230 centiam
2215 3174 2267 3226 in
2321 3172 2719 3225 humanitatem
2749 3177 2921 3222 vertat
2946 3176 3001 3222 et
3044 3167 3366 3237 congeneris
3418 3167 3522 3220 mi-

1940 3267 2293 3324 sericordiam
2332 3265 2627 3334 concipiat,
2658 3263 2708 3315 in
2745 3277 2912 3315 unum
2943 3260 3209 3315 malorum
3246 3261 3440 3314 ducem
3468 3272 3523 3315 et

1939 3361 2223 3429 antiquum
2273 3357 2489 3427 generis
2520 3356 2690 3411 nostri
2757 3355 2969 3409 hostem
3033 3354 3236 3423 justum
3275 3352 3521 3407 animum

1940 3453 2289 3522 protendens,
2322 3450 2409 3502 ille
2442 3456 2526 3504 est
2554 3464 2682 3502 vere
2708 3448 2964 3501 humanae
3029 3455 3234 3499 natura:
3290 3446 3520 3500 liberum

1939 3546 2224 3601 arbitrium
2269 3544 2429 3613 plane
2482 3555 2808 3610 generosum
2845 3538 3053 3594 faciens
3080 3546 3134 3593 et
3172 3553 3518 3592 communem

1940 3639 2229 3692 Dominum
2269 3638 2508 3690 humana
2578 3634 2757 3689 debita
2822 3633 3032 3687 habens
3109 3631 3518 3687 dissolventem.

1938 3729 2055 3785 Non
2090 3730 2233 3782 enim
2284 3729 2349 3782 ad
2374 3728 2520 3781 aliud
2565 3724 2828 3781 contrarii
2872 3734 3066 3779 natura
3115 3736 3199 3780 est
3233 3726 3517 3792 connecti;

1940 3824 2033 3879 sed
2086 3823 2276 3877 iisdem
2303 3822 2503 3891 quibus
2567 3819 2834 3889 procedit,
2894 3833 3072 3888 pugna
3109 3820 3372 3888 procedit.
3418 3819 3521 3872 Pn-

1940 3922 2189 3970 testatem
2225 3911 2486 3982 accepisti
2532 3926 2657 3965 eum
2695 3910 2789 3980 qui
2830 3910 3089 3979 injuriam
3134 3910 3327 3965 fecerit
3402 3911 3520 3980 lege

1939 4005 2239 4075 castigandi
2282 4021 2297 4071 ;
2333 4005 2377 4059 si
2415 4003 2634 4073 quidem
2681 4002 3063 4074 castigaveris,
3118 4003 3386 4057 incertum
3434 4013 3522 4058 est

1940 4099 2249 4155 voluerisne
2305 4097 2543 4152 vindicta
2582 4097 2867 4167 praemium
2928 4097 3272 4163 conculcare,
3312 4112 3383 4151 an
3422 4111 3522 4152 vo-

1940 4195 2111 4250 lueris
2143 4193 2252 4264 pati
2295 4207 2404 4246 non
2435 4205 2619 4260 agere,
2658 4190 3009 4259 humanaque
3042 4200 3097 4244 et
3141 4189 3379 4245 fraterna
3426 4207 3522 4246 vo-

1940 4288 2152 4342 luntate
2202 4286 2473 4340 actionem
2528 4282 2798 4353 posueris.
2830 4281 2886 4336 Si
2922 4293 3231 4337 autemnon
3288 4284 3521 4354 castiga-

1942 4380 2107 4445 veris,
2132 4377 2474 4433 indelebilem
2505 4376 2815 4430 columnam
2851 4375 3205 4430 humanitatis
3222 4376 3522 4431 etclemen-

244 4459 510 4541 ἀλειπτον
540 4488 634 4542 καὶ
658 4459 1071 4559 φιλανθρωπίας
1097 4459 1200 4543 καὶ
1240 4459 1568 4560 πραότητος,
1616 4487 1709 4540 καὶ⁹
1755 4485 1829 4556 τῷ

1939 4474 2027 4528 tiae
2071 4470 2315 4535 crexisti,
2347 4478 2400 4523 et
2428 4469 2495 4522 ad
2528 4468 2651 4522 vita:
2681 4468 2988 4522 institutum
3022 4468 3327 4536 exemplum
3384 4484 3517 4537 prte-

246 4585 356 4655 βίῳ
386 4584 737 4655 παράδειγμα
768 4584 1183 4647 καταλέλοιπας,
1219 4559 1620 4654 φιλανθρώπως
1650 4599 1706 4634 τε
1739 4580 1829 4635 καὶ

1937 4565 2102 4621 buisti
2133 4578 2192 4617 se
2225 4562 2536 4616 humaniter
2568 4568 2623 4614 et
2659 4560 3083 4615 misericorditer
3129 4559 3183 4613 in
3242 4560 3519 4628 proximos

246 4650 446 4748 πράως
470 4650 604 4741 ’τοῖς
635 4650 941 4746 όμογενέσι
986 4650 1548 4746 συναναστρέφεσθαι,
1601 4671 1829 4743 μάλιστα

1938 4654 2310 4712 convertendi.
2373 4650 2479 4706 Sed
2540 4652 2684 4721 quod
2722 4651 3175 4705 amabilissimum
3221 4651 3518 4721 praesertim

244 4742 309 4823 at
355 4771 417 4823 τὸ
465 4742 880 4839 ἐρασμιώτατον
930 4769 1023 4821 καὶ
1076 4742 1497 4839 μακαριώτατον
1553 4742 1689 4836 πρὸς
1737 4763 1829 4835 τὴν

1938 4758 2021 4806 est
2058 4758 2111 4805 et
2164 4746 2564 4808 beatissimum,
2613 4758 2709 4813 per
2744 4743 2891 4797 hunc
2940 4752 3121 4796 actum
3155 4744 3220 4795 ad
3279 4742 3517 4797 divinam

246 4860 404 4915 θείαν
456 4835 620 4914 ἐστὶν,
658 4860 962 4929 ἀναχθῆναι
1008 4835 1096 4912 διά
1136 4835 1243 4927 τῆς
1284 4857 1539 4927 τοιαύτης
1584 4835 1829 4927 πράξεως

1937 4842 2163 4914 erigeris
2188 4840 2543 4893 imitationem
2578 4848 2631 4890 et
2662 4837 2981 4900 bonitatem,
3013 4846 3066 4889 et
3115 4835 3258 4890 filius
3300 4835 3392 4890 Dei
3437 4852 3521 4892 se-

251 4954 491 5023 μίμησίν
520 4970 581 5006 τε
617 4953 711 5006 καὶ
744 4952 1081 5021 ἀγαθότητα,
1111 4951 1206 5005 καὶ
1236 4949 1365 5003 Υἱὸν
1402 4947 1538 5002 Θεοῦ
1570 4946 1711 5001 κατὰ
1736 4946 1829 5017 χά-

1935 4940 2169 4995 cundum
2203 4934 2431 5003 gratiam
2489 4944 2542 4987 ct
2561 4941 2688 4986 eset
2722 4930 2983 4993 nosceris,
3033 4939 3093 4985 ut
3145 4931 3520 4987 substantialis

252 5021 341 5117 ριν
372 5021 467 5099 καὶ
499 5046 840 5117 χρηματίσαι
881 5046 977 5099 καὶ
1008 5044 1342 5114 γνωσθῆναι,
1367 5042 1443 5105 ὡς
1480 5044 1513 5113 ἡ
1540 5041 1829 5096 ἐνυπόστα-

1935 5029 2218 5087 allirmavit
2260 5025 2525 5097 sapientia
2564 5032 2618 5079 et
2647 5023 2891 5078 veritas:
2929 5021 3146 5077 «Estote
3190 5022 3334 5076 enim
3355 5025 3519 5077 mise-

248 5116 347 5201 τος
403 5116 703 5191 ἐϐεϐαίωσε
770 5138 932 5206 σοφία
980 5136 1077 5190 καὶ¹
1135 5134 1400 5204 ἀλήθειαο
1450 5132 1667 5201 γίνεσθε
1727 5132 1829 5203 γὰρ

1935 5124 2193 5186 ricordes,
2217 5122 2359 5177 sicut
2406 5127 2462 5174 et
2516 5117 2675 5173 Pater
2726 5128 2903 5173 vester
2929 5116 3239 5172 misericors
3268 5125 3352 5171 est
3392 5116 3437 5148 “
3467 5134 3513 5169 ,ι

250 5231 599 5300 οἰκτίρμονες
654 5229 837 5294 καθὼς
871 5230 969 5285 καὶ
1002 5228 1194 5300 Πατὴρ
1231 5227 1391 5299 ἡμῶν
1435 5224 1548 5298 [Ita
1578 5220 1726 5296 cod.]
1754 5223 1829 5274 ol-

1937 5216 1993 5271 Si
2025 5227 2205 5270 antem
2239 5216 2322 5270 vis
2371 5221 2426 5268 et
2469 5212 2652 5266 adhuc
2712 5208 2858 5279 leges
2905 5207 3274 5272 considerare,
3329 5221 3518 5261 earnm

251 5298 504 5395 mipptuv
537 5325 673 5378 ὲστί.
723 5326 796 5378 Σὺ
844 5326 958 5379 δἐι
1012 5298 1193 5390 βούλει
1235 5323 1331 5376 και
1360 5321 1441 5374 ἑτι
1485 5322 1598 5382 τοῖς
1652 5317 1829 5386 νόμοις

1936 5307 2282 5365 concordiam
2324 5314 2379 5362 et
2404 5321 2471 5362 ex
2509 5304 2611 5360 hac
2656 5311 2807 5375 parte
2846 5298 3253 5371 investiga.Qui
3299 5298 3519 5354 oculum

325 5462 370 5492 ⁸³
400 5461 589 5518 Matth.
619 5480 676 5529 v,
712 5463 797 5518 l7.
861 5464 907 5496 “
927 5462 1091 5533 _il)id.
1116 5462 1166 5517 7.

1767 5548 1996 5605 ΝΟΤᾹἾ.

326 5702 437 5773 (38)
462 5699 714 5771 Ejusdem
747 5702 856 5759 fere
876 5702 1184 5772 argumenti
1208 5709 1334 5757 sunt
1357 5708 1547 5770 quaast.
1583 5692 1824 5749 XXXVII
1864 5701 1917 5746 et
1958 5685 2089 5743 CLI.
