3884 6202
402 291 503 350 351

1568 274 1836 341 PHOTII
1878 271 2392 336 PATRIABCHE
2412 272 2521 334 (ΣΡ.

3592 267 3701 333 352

402 419 502 474 pro
536 402 695 457 oculo
723 399 960 472 judiccm
994 411 1241 452 resecare
1270 395 1441 468 jubet.
1478 395 1696 457 timore,
1755 402 1815 448 ut
1839 400 2005 463 patet,

2126 389 2491 459 ἐφιλοσοφεῖν,
2539 387 2637 459 τὴν
2700 384 3025 455 συμφωνίαν
3074 381 3257 437 αὐτῶν
3305 379 3559 434 ἐντεῦθεν
3605 381 3699 433 ἐπ-

403 512 471 550 ne
498 512 621 566 qua:
652 510 761 550 non
791 494 914 548 licet
946 492 1131 562 fugere
1164 492 1442 545 incurrant
1455 505 1540 554 ur,
1575 488 1865 544 scelestam
1905 501 1999 540 au-

403 587 621 651 daciam
660 595 828 642 arcet.
882 585 1069 639 Virtus
1100 592 1280 638 autem
1311 599 1434 651 qua:
1468 583 1677 637 nullam
1732 580 2001 651 permittit

404 680 801 743 defensionem,
835 678 1036 748 injuria
1081 678 1335 731 allectum
1378 675 1575 744 cupida
1610 683 1792 729 mente
1812 682 1869 729 et
1896 674 2001 729 liu-

407 787 570 825 mana
612 771 857 824 molestia
900 768 1363 838 praestantiorem,
1402 774 1456 819 et
1499 764 1864 818 admiratione
1918 764 2001 817 di-

406 879 572 933 gnum
637 862 913 932 pradicat.
1002 857 1247 928 Utroque
1341 856 1507 911 modo
1567 855 2000 911 benevolentiam

407 957 788 1027 procedentem
809 956 989 1009 videre
1028 954 1172 1016 licet,
1202 962 1257 1006 et
1275 951 1547 1006 sinceram
1566 949 2001 1006 misericordiam

407 1052 463 1105 in
506 1064 840 1119 congeneres
865 1046 1144 1103 diffusam.
1186 1044 1242 1099 Si
1271 1052 1453 1098 autem
1492 1053 1725 1113 utroque
1753 1051 1878 1097 actu
1910 1043 2002 1097 be.

406 1143 716 1199 nevolentia
766 1150 822 1196 et
867 1140 1229 1195 mansuetudo
1276 1138 1603 1199 osmnditur,
1656 1145 1801 1205 patet
1858 1136 2002 1205 leges

404 1237 549 1291 inter
608 1252 668 1289 se
728 1251 832 1289 non
865 1250 1129 1303 pugnare,
1178 1246 1355 1297 neque
1388 1246 1488 1299 per
1523 1231 1747 1284 alteram
1778 1230 2006 1283 alterius

405 1325 819 1393 abrogationem
876 1324 1019 1379 ﬁeri.
1067 1322 1353 1389 Quomodo
1387 1324 1531 1376 enim
1561 1323 1726 1376 ambo
1761 1321 2009 1391 proxime

408 1416 696 1471 hominum
729 1417 961 1470 salutem
987 1425 1381 1486 prtrparassent
1404 1432 1417 1466 :
1440 1431 1547 1469 una
1568 1415 1787 1483 quidem
1815 1429 2006 1468 eorum

405 1501 500 1570 qui
526 1500 758 1570 injustas
783 1516 976 1553 manus
1010 1501 1319 1562 intendunt,
1350 1509 1534 1553 motus
1575 1514 1871 1563 coercens;
1926 1499 2009 1553 al-

414 1605 533 1649 tera
573 1593 774 1662 injuria
805 1592 1029 1647 affectos
1054 1608 1219 1661 supra
1262 1606 1479 1645 onmem
1514 1592 1683 1646 animi
1724 1592 2012 1647 infirmita-

407 1691 515 1737 tem
559 1698 769 1752 ponens
801 1695 855 1737 et
879 1699 974 1737 eos
1000 1684 1350 1737 contumelia:
1385 1684 1624 1738 motibus
1655 1686 1859 1739 servire
1900 1700 2008 1739 non

2104 484 2250 556 όψει.
2282 485 2344 538 Ὀ
2380 485 2487 555 μὴν
2506 480 2790 553 ὀφθαλμὸν
2824 481 2948 535 ἀντὶ
2980 476 3263 548 ὀφθαλμοῦ
3284 476 3377 529 τὸν
3393 474 3592 545 κριτὴν
3611 476 3706 527 ἐκ-

2100 580 2328 633 κόπτειν
2361 576 2547 643 ἀξιῶν,
2580 576 2731 646 φόϐῳ
2772 572 3014 646 δηλονότι
3045 571 3139 625 τοῦ
3172 569 3371 625 παθεῖν
3401 568 3437 623 ἃ
3475 570 3548 639 μή
3585 571 3704 621 ἐστι

2101 674 2318 740 φυγεῖν,
2347 668 2446 741 τὴν
2476 669 2564 721 ἐπ’
2594 668 2805 731 ἀδίκοις
2830 667 3039 737 τόλμαν
3066 662 3391 737 ἀναστέλλει
3410 679 3426 694 ο
3458 662 3493 732 ἡ
3522 661 3580 713 δὲ
3608 661 3704 713 τοῦ

2108 762 2182 834 μὴ
2209 761 2521 833 ἀμύνασθαι
2564 761 2736 833 ἀρετὴ
2764 760 2856 813 τὸν
2886 758 3220 829 ἠδικημένον
3264 754 3505 827 κρείττω
3533 770 3697 824 περι-

2106 857 2314 918 παθοῦς
2340 855 2637 918 διαθέσεως
2664 854 2758 908 καὶ
2790 850 3143 923 ἀνθρωπίνης
3167 849 3586 917 ἀντιλυπήσεως
3611 845 3707 898 καὶ

2107 947 2410 1019 θαυμάζειν
2461 944 2917 1019 ἀνακηρύττουσα
2964 943 3149 1010 ἄξιον·
3214 940 3285 994 δι’
3329 940 3598 1009 ἐκατέρου
3649 938 3708 989 δέ

2107 1042 2314 1114 τρόπου
2365 1041 2485 1094 ἐστὶ
2529 1040 2628 1111 τὴν
2659 1037 3077 1109 φιλανθρωπίαν
3110 1036 3244 1106 ὁρᾷν
3281 1031 3581 1105 προϊοῦσαν
3614 1031 3711 1083 καὶ

2112 1135 2352 1203 καθαρὸν
2382 1135 2474 1188 τὸν
2505 1134 2652 1188 ἔλεον
2691 1135 2782 1187 ἐπὶ
2806 1135 2921 1192 τοῖς
2977 1130 3275 1200 ὁμοφύλοις
3314 1127 3706 1199 προχεόμενον.

2114 1226 2178 1278 Et
2218 1225 2274 1279 δὲ
2294 1225 2360 1278 δι’
2384 1224 2651 1295 ἑκατέρας
2684 1223 2937 1295 πράξεως
2969 1222 3002 1291 ή
3029 1219 3411 1291 φιλανθρωπία
3442 1219 3538 1271 καὶ
3569 1219 3712 1287 ήμε·

2112 1320 2277 1393 ρὸτης
2325 1318 2665 1379 συνίσταται,
2702 1316 2859 1386 δῆλον
2909 1316 2991 1368 ὃτι
3042 1314 3272 1383 οὐδεμία
3322 1312 3557 1383 μάχεται
3587 1312 3710 1372 ταῖς

2113 1412 2382 1476 ἐντολαῖς,
2425 1411 2546 1463 οὐδὲ
2591 1410 2742 1479 παρὰ
2779 1407 3014 1477 θατέρας
3048 1409 3081 1478 ή
3118 1408 3217 1476 τῆς
3259 1407 3459 1477 ἐτέρας
3488 1406 3712 1475 ἀναίρει

2116 1520 2221 1565 σις.
2276 1502 2400 1566 Πῶς
2434 1501 2542 1571 γὰρ
2582 1498 2649 1553 ἀν
2692 1496 3092 1570 παραπλησίως
3138 1494 3308 1567 ἄμφω
3339 1495 3435 1566 τὴν
3464 1496 3570 1547 τῶν
3611 1495 3711 1545 ἀν-

2116 1592 2351 1665 θρώπων
2383 1595 2658 1665 σωτηρίαν
2686 1595 3120 1658 κατεσκεύαζον⁹
3154 1593 3187 1663 ή
3232 1590 3332 1659 μὲν
3360 1589 3467 1641 τῶν
3491 1587 3712 1649 ἀδίκους

2117 1686 2307 1757 χεῖρας
2354 1684 2823 1739 ἐπανατεινόντων
2856 1683 2953 1755 τὴν
2997 1684 3176 1753 ὁρμὴν
3225 1681 3639 1735 ἀνακόπτουσα·
3675 1683 3711 1746 ή

406 1773 628 1830 sinens?
667 1774 732 1828 Et
758 1775 928 1829 altera
984 1778 1163 1845 qualis
1188 1776 1240 1830 in
1277 1776 1494 1846 qualem
1531 1777 1672 1831 ictus
1721 1777 2005 1847 injecerit,

2114 1748 2172 1829 δὲ
2200 1748 2327 1839 τοὺς
2364 1776 2730 1846 ἠδικημένους
2759 1748 3092 1845 ὑψηλότερον
3120 1748 3494 1845 μικροψυχίας
3530 1771 3713 1840 πάσης

406 1876 463 1921 et
496 1868 773 1936 quomodo
804 1883 912 1936 qua
951 1868 1151 1938 dignus
1177 1878 1295 1921 erat
1336 1868 1546 1923 fortiori
1579 1884 1794 1938 pmnam
1863 1870 2007 1923 inﬂi-

409 1956 567 2023 xerit,
602 1966 655 2011 et
704 1958 872 2011 multa
892 1958 995 2012 alia
1023 1974 1117 2027 per
1157 1959 1256 2013 has
1317 1959 1455 2013 duas
1482 1958 1747 2013 salutares
1769 1968 1824 2013 et
1845 1960 2006 2016 utiles

409 2048 558 2117 leges
593 2049 645 2101 in
689 2065 859 2103 unum
888 2060 1227 2125 concurrunt
1273 2059 1327 2105 et
1347 2051 1699 2120 adaptantur.

2105 1868 2323 1922 τιθεῖσα
2353 1868 2451 1921 καὶ
2482 1867 2585 1920 οὐκ
2627 1866 2856 1931 ἀξιοῦσα
2893 1865 3170 1919 δουλεύειν
3205 1864 3441 1917 πάθεσιν
3474 1860 3711 1931 ὕϐρεως.

2108 1959 2266 2029 Καὶή
2287 1959 2387 2029 μὲν
2407 1957 2727 2012 δεικνύουσα
2749 1953 2861 2021 οἷος
2879 1957 2998 2010 καθ’
3018 1957 3128 2010 οἴου
3146 1955 3244 2027 τὴν
3263 1954 3480 2025 πληγὴν
3502 1952 3681 2021 ἀφῆκε
3694 1996 3707 2015 ,

2107 2055 2206 2106 καὶ
2235 2052 2309 2117 ὡς
2330 2052 2359 2105 6
2387 2053 2582 2106 παθεῖν
2609 2053 2761 2119 ἄξιος
2787 2052 2878 2106 τὸν
2908 2051 3144 2123 κρείττω
3171 2050 3559 2121 ἐτιμωρήσατο
3576 2064 3591 2077 ο
3615 2047 3716 2099 καὶ

409 2142 582 2196 πολλὰ
618 2142 753 2197 ἄλλα
787 2143 856 2197 δι’
880 2144 1084 2213 ἀμφοῖν
1107 2144 1217 2197 τῶν
1240 2145 1471 2198 ἐντολῶν
1499 2145 1607 2198 τῶν
1637 2147 2001 2217 σωτηριωδῶν
2035 2149 2132 2204 καὶ
2167 2146 2464 2221 ὠφελίμων
2509 2150 2588 2212 είς
2616 2148 2673 2202 ἓν
2729 2149 3019 2220 συντρέχει
3054 2149 3149 2201 καὶ
3219 2144 3714 2217 συναπαρτίξεται.

729 2233 1030 2299 QUESTIO
1061 2234 1273 2289 XLVII.
1303 2235 1416 2307 [AL
1448 2234 1660 2306 xum]

410 2325 637 2379 Domino
696 2327 900 2379 dicente
941 2341 961 2380 :
1002 2348 1020 2380 ι
1079 2327 1164 2381 Ex
1214 2339 1363 2394 patre
1407 2329 1611 2383 diaboli
1646 2331 1794 2394 estis,
1833 2349 1851 2382 δ
1878 2349 2017 2396 qum.

482 2398 645 2451 rimus
674 2413 825 2468 quem
848 2400 991 2452 dicat
1032 2398 1306 2453 diabolum
1330 2412 1376 2452 et
1405 2417 1555 2471 quem
1588 2411 1796 2469 putrem
1826 2404 1971 2472 ejus?

2658 2240 2997 2295 ΕΡΩΤΠΣΙΣ
3033 2241 3166 2295 MZ'.

2125 2338 2236 2392 Τοῦ
2268 2337 2493 2404 Κυρίου
2524 2333 2838 2404 λέγοντος·
2874 2354 2892 2386 ‹
2914 2333 3103 2403 Ὑμεῖς
3124 2333 3192 2386 ἐκ
3219 2332 3327 2404 τοῦ
3347 2332 3574 2404 πατρὸς
3603 2329 3715 2385 τοῦ

2190 2357 2236 2392 iv
2268 2355 2356 2391 δυ
2398 2355 2493 2390 ιου
2524 2355 2838 2404 Λετοντος·
2874 2355 2892 2386 ί
2932 2355 3103 2403 ιμεις
3124 2355 3192 2386 εκ
3219 2355 3327 2386 του
3347 2355 3574 2398 πιιτρος
3603 2355 3712 2385 του

2190 2355 2477 2462 διαϐοῧου
2520 2404 2683 2467 ἐστὲ,
2718 2403 3006 2474 ζητοῦμεν
3048 2406 3181 2475 τινα
3208 2403 3372 2475 λέγει
3401 2402 3712 2465 διάϐολον,

2097 2522 2102 2527 .
2204 2480 2304 2534 καί
2336 2480 2472 2532 τίνα
2504 2479 2611 2530 τόν
2640 2476 2867 2545 πατέρα
2891 2474 3119 2539 αὐτοῦ;

921 2575 1066 2625 Edita
1088 2574 1148 2624 ab
1174 2578 1299 2639 Aug.
1329 2574 1470 2637 Maio,
1498 2580 1530 2626 l.
1556 2592 1621 2639 c.,
1647 2592 1698 2642 p.
1722 2580 1887 2629 3640.
1921 2579 1992 2629 De
2028 2587 2169 2643 patre
2194 2572 2400 2632 diaboli,
2426 2585 2518 2622 seu
2552 2573 2616 2622 de
2643 2573 2753 2622 loco
2776 2573 2955 2622 Joaun.
2988 2583 3089 2632 vnt,
3117 2570 3193 2620 ιι.

480 2658 598 2715 Non
635 2660 822 2713 eodem
857 2660 1039 2725 modo,
1067 2661 1158 2730 qui
1208 2676 1308 2716 nos
1340 2674 1755 2732 praecesserunt,
1779 2664 1847 2720 de
1898 2667 2000 2720 bac

409 2755 717 2825 quastione
756 2752 968 2823 Opinati
1020 2764 1170 2807 sunt.
1202 2752 1309 2808 Alii
1353 2755 1496 2809 enim
1552 2756 1744 2811 dicunt
1787 2767 1997 2828 patrem

411 2845 755 2901 diabolienm
782 2859 903 2899 esse
927 2843 1021 2915 qui
1048 2844 1100 2899 in
1130 2860 1403 2901 summam
1433 2848 1698 2903 malitiam
1729 2850 1999 2913 ascendit,

410 2947 467 2993 et
503 2938 596 3009 qui
631 2937 835 2991 diaboli
870 2938 925 2991 in
958 2954 1017 2993 se
1065 2939 1448 3009 multiplicavit
1502 2938 1669 3005 fetus,
1701 2950 1756 2995 et
1805 2943 2003 2998 multo-

410 3028 516 3085 ties
566 3027 707 3083 tales
757 3035 915 3083 actus
973 3031 1163 3098 genuit
1209 3029 1402 3101 quales
1449 3045 1628 3101 neque
1667 3032 1784 3102 ipse
1829 3035 2005 3090 malus

413 3126 565 3196 prius
608 3140 777 3181 ausus
806 3132 969 3181 esset.
1027 3124 1087 3180 Si
1112 3127 1185 3181 ita
1241 3128 1332 3193 sit,
1363 3127 1496 3181 nihil
1519 3128 1894 3199 impeditquin
1920 3142 2009 3200 pa-

415 3218 498 3265 ter
529 3218 688 3279 partu
720 3225 911 3263 eorum
947 3225 1072 3279 quae
1117 3226 1147 3263 a
1181 3225 1239 3265 se
1270 3211 1544 3281 prodeunt
1575 3211 1807 3267 inferior
1832 3213 2009 3270 factus

412 3301 661 3355 ordinem
692 3300 788 3354 ﬁlii
845 3300 1113 3371 suscipiat
1144 3319 1158 3367 ;
1196 3301 1285 3354 ille
1319 3314 1449 3357 vero
1488 3304 2009 3373 quiquodammodn

414 3390 711 3460 genitorem
756 3390 946 3460 genuit
977 3389 1030 3443 in
1062 3400 1347 3459 paternum
1403 3390 1652 3445 habitum
1682 3398 2011 3445 transmuta-

415 3493 507 3537 tus
538 3483 629 3537 sit.
662 3483 735 3537 Ut
778 3482 935 3548 Cain,
978 3483 1024 3537 si
1055 3483 1211 3537 velis.
1236 3482 1433 3536 Multos
1458 3482 1602 3537 enim
1648 3483 1736 3537 ille
1761 3482 2011 3537 diabolus

411 3577 603 3645 genuit
632 3596 646 3632 :
687 3576 739 3630 id
767 3585 872 3642 est,
903 3586 1195 3647 postquam
1223 3576 1424 3631 diaboli
1471 3576 1720 3631 actiones
1736 3579 2007 3645 concepit,

411 3672 507 3715 eas
557 3660 767 3730 peperit
836 3661 1079 3714 nondum
1140 3661 1357 3715 dolores
1435 3661 1709 3730 puerperii
1762 3658 2009 3714 solvendi

416 3749 567 3818 prius
601 3749 883 3803 audaciam
927 3749 1213 3816 habentes,
1257 3750 1545 3803 mendacio
1592 3748 1773 3802 nitens
1824 3746 2011 3801 fallere

416 3861 522 3898 non
554 3845 721 3899 alium
753 3845 1075 3914 quemdam,
1118 3845 1211 3900 sed
1261 3860 1385 3899 eum
1437 3844 1533 3914 qui
1562 3845 1749 3898 omnia
1790 3852 1845 3897 et
1884 3852 2012 3897 ante

416 3942 598 3985 ortum
629 3932 824 3995 noscit,
854 3931 981 3986 dolo
1006 3931 1228 3987 fratrem
1259 3931 1563 4002 alloquens,
1588 3938 1642 3985 et
1668 3929 1852 3984 dolum
1882 3944 2014 3984 con-

416 4022 501 4067 tra
530 4014 856 4069 charissima
889 4016 1100 4071 viscera
1143 4016 1438 4070 intendens
1491 4016 1697 4069 amoris
1748 4024 2008 4084 prastextu

416 4105 717 4171 occultum,
773 4106 976 4161 caedem
1040 4106 1279 4162 fraterna
1311 4109 1533 4161 dextera
1588 4123 1914 4177 exsequens,
1960 4114 2013 4159 et

417 4202 617 4243 terram
668 4192 884 4259 primus
920 4192 1164 4244 humano
1201 4192 1810 4262 sanguineinqninans,
1842 4192 2010 4245 ictum

416 4271 755 4343 genitoribus
796 4274 1157 4328 insanabilem
1188 4275 1449 4330 inferens.
1496 4275 1560 4329 Et
1603 4274 1750 4345 quod
1804 4275 2009 4338 dicant,

416 4372 542 4411 cum
580 4365 639 4410 ut
672 4367 860 4426 partus
909 4359 1215 4413 ntercctlem
1247 4362 1496 4428 exegisse
1520 4369 1577 4413 ut
1602 4375 1709 4413 non
1752 4357 2007 4414 secundis

419 4452 683 4520 partubus
722 4452 1042 4513 exsultarct,
1076 4452 1305 4506 stultitia
1344 4461 1399 4507 et
1424 4451 1857 4507 contradictione
1888 4469 2007 4507 ma-

416 4532 614 4589 nifesta
648 4550 759 4605 pra.-
776 4536 1028 4589 ccdentia
1063 4535 1310 4590 laborare
1336 4536 1711 4602 convincunt;
1758 4544 1811 4590 et
1857 4552 2008 4604 qure-

415 4634 634 4689 cunque
707 4618 813 4673 alia
891 4619 1220 4675 istiusmodi.
1278 4618 1393 4675 Etsi
1449 4635 1578 4675 vero
1612 4635 1680 4673 es
1744 4622 2008 4690 oppositis

416 4717 616 4770 similia
653 4716 1009 4787 probabiliter
1032 4716 1496 4787 intelligerelicet.
1534 4715 2007 4783 Quemadmodum

416 4814 506 4869 ille
548 4815 641 4885 qui
672 4815 724 4868 in
765 4825 1066 4870 extremam
1100 4814 1355 4870 virtutem
1404 4815 1565 4885 lmjus
1590 4815 1735 4885 quod
1768 4815 2007 4870 sanctis-

415 4906 614 4961 simum
664 4917 750 4962 est
802 4907 1253 4979 frequentatione
1299 4918 1355 4963 et
1383 4908 1702 4963 elﬁcacitate
1736 4909 2006 4979 pervenit,

414 5007 466 5052 et
509 4998 562 5052 in
611 5015 671 5054 se
704 5003 935 5070 gratiam
971 5001 1364 5071 multiplicatct
1388 5000 1575 5056 multis
1606 5001 1829 5055 salutari
1849 5012 2007 5072 partu

416 5088 566 5143 utilis
610 5088 690 5154 lit,
742 5105 1019 5159 generans
1090 5092 1260 5145 Deum
1308 5091 1535 5161 spiritus
1593 5093 1794 5147 dicitur
1826 5111 1839 5146 :
1875 5093 2010 5148 «Per

417 5171 670 5227 timorem
704 5175 852 5228 enim
900 5184 973 5240 te,
1002 5174 1256 5241 Domine,
1285 5176 1339 5228 in
1372 5177 1496 5229 sinu
1524 5184 1725 5231 nostro
1752 5179 2010 5247 concepi-

416 5274 544 5314 mus
573 5268 627 5314 et
660 5260 974 5330 peperimus
1009 5270 1064 5316 et
1094 5260 1419 5331 genuimus;
1449 5262 1702 5331 spiritum
1749 5263 2008 5319 salutaris

416 5347 494 5400 tui
529 5345 586 5401 in
615 5355 756 5401 terra
789 5348 1175 5417 generavimus
1193 5350 1260 5415 ⁶⁸;
1305 5368 1323 5401 ι
1350 5349 1422 5402 ita
1450 5365 1581 5403 sane
1613 5351 1707 5420 qui
1746 5350 1801 5405 in
1829 5361 2005 5405 extre.

416 5451 563 5493 mam
608 5439 877 5494 malitiam
907 5440 1154 5510 pervenit
1198 5441 1384 5506 homo,
1430 5441 1663 5511 improbi
1696 5441 1906 5497 semina
1952 5441 2005 5495 in

417 5539 477 5581 se
507 5527 850 5598 concipiens,
880 5538 1209 5600 partumque
1240 5538 1291 5583 et
1321 5528 1595 5601 genimina
1617 5530 2003 5599 multiplicans,

416 5618 637 5688 gignere
691 5620 974 5676 diabolum
1030 5624 1226 5678 merito
1279 5622 1555 5678 diceretur
1606 5634 1661 5677 et
1696 5632 1850 5695 pater
1885 5623 2005 5693 ejus

412 5725 555 5767 0588.

494 5826 540 5860 “
572 5826 721 5884 Psal.
751 5844 899 5896 xxrt,
936 5828 1024 5884 l8.

2173 2663 2443 2733 Διάφορος
2485 2652 2613 2724 δόξα
2635 2661 2750 2722 τοῖς
2776 2659 2882 2729 πρὸ
2907 2658 3065 2728 ήμῶν
3096 2657 3227 2726 περὶ
3248 2655 3443 2710 τούτου
3475 2654 3717 2726 προελή-

2108 2757 2236 2811 λυθε
2280 2754 2376 2808 τοῦ
2435 2753 2776 2825 ζητήματος.
2831 2754 2897 2806 Οἱ
2948 2751 3046 2821 μὲν
3076 2752 3184 2822 γὰρ
3236 2750 3459 2819 λέγουσι
3497 2749 3718 2821 πατέρα

2104 2851 2198 2905 τοῦ
2262 2848 2551 2907 διαϐόλου.
2616 2847 2709 2899 τὸν
2778 2848 2860 2909 εἰς
2913 2845 3083 2915 ἄκρον
3142 2845 3339 2906 κακίας
3402 2844 3716 2898 ἐλάσαντα·

2105 2942 2204 2997 καὶ
2230 2941 2323 2995 τοῦ
2374 2937 2615 3010 πονηροῦ
2651 2939 2710 2993 ἐν
2739 2936 2919 3007 ἐαυτῷ
2967 2936 3525 2990 πολλαπλασιάσαντα
3577 2951 3709 3002 γεν-

2111 3037 2355 3106 νήματα,
2388 3033 2484 3086 ml.
2529 3030 2795 3094 πολλάκις
2845 3028 3020 3083 πολλὰ
3064 3029 3407 3083 ἀποτεκόντα
3451 3027 3717 3091 τοιαύτας

2113 3127 2365 3200 πράξεις,
2418 3127 2531 3189 οἵας
2600 3126 2668 3179 ἂν
2702 3126 2733 3178 6
2789 3123 3027 3195 πονηρὸς
3090 3125 3190 3177 οὐκ
3236 3122 3509 3193 ἐτόλμησε
3571 3123 3715 3193 πρό-

2110 3236 2289 3291 τερον.
2322 3218 2386 3271 Et
2406 3219 2462 3272 δὲ
2489 3217 2668 3271 ταῦτα
2702 3216 2857 3271 οὐδὲν
2891 3216 3095 3270 κωλύει
3126 3217 3220 3270 καὶ
3249 3216 3343 3270 τὸν
3384 3217 3603 3287 πατέρα
3635 3216 3717 3286 τῷ

2108 3313 2256 3383 τόκῳ
2284 3312 2392 3365 τῶν
2419 3312 2477 3378 ἐξ
2501 3309 2668 3364 αὑτοῦ
2702 3309 3079 3381 προελθόντων
3119 3308 3520 3372 ἐλαττωθέντα,
3547 3311 3716 3365 αὑτὸν

2116 3404 2217 3474 μὲν
2240 3403 2340 3474 τὴν
2363 3402 2456 3455 τοῦ
2478 3403 2595 3455 υίοῦ
2624 3402 2949 3473 μεταλαϐεῖν
2968 3402 3142 3467 τάξιν,
3169 3402 3259 3455 τὸν
3286 3402 3343 3455 δὲ
3374 3403 3717 3475 πλεονεκτή-

2114 3515 2286 3552 σαντα
2314 3500 2376 3551 ἐν
2402 3500 2469 3569 τῇ
2502 3498 2671 3569 κακίᾳ
2702 3498 2797 3550 καὶ
2837 3498 3039 3568 τρόπον
3069 3497 3193 3551 τινὰ
3235 3498 3328 3551 τὸν
3363 3500 3718 3570 γεννήσαντα

2113 3592 2484 3661 γεγεννηκότα
2516 3592 2597 3654 είς
2622 3590 2722 3661 τὴν
2750 3590 3026 3662 πατρικήν
3053 3591 3458 3654 ἀντιμετελθεῖν
3500 3592 3711 3663 σχέσιν.

2113 3682 2240 3740 Οίον
2261 3687 2290 3739 6
2318 3684 2481 3751 Καῒν,
2525 3686 2573 3738 εί
2607 3683 2786 3756 βούλει
2806 3700 2821 3716 ο
2853 3685 3081 3749 πολλοὺς
3125 3686 3237 3755 γὰρ
3263 3680 3420 3749 οὗτος
3454 3686 3574 3757 ἅμα
3595 3686 3716 3739 δια-

2113 3777 2307 3842 ϐόλους
2359 3776 2549 3831 τέτοκε
2576 3791 2591 3805 ·
2624 3775 2873 3829 τουτέστι
2913 3776 3011 3839 τὰς
3053 3774 3148 3829 τοῦ
3191 3775 3444 3830 διαϐόλου
3478 3775 3714 3848 πράξεις

2064 3914 2071 3919 .
2115 3868 2398 3923 συλλαϐὼν
2419 3867 2754 3939 ἀπεκύησεν,
2783 3866 2939 3921 οὔπω
2962 3867 3230 3941 πρότερον
3254 3869 3457 3940 θάρσος
3472 3869 3711 3939 ἐχούσας

2114 3961 2262 4015 λύειν
2286 3963 2385 4025 τὰς
2430 3961 2646 4023 ὠδῖνας,
2683 3960 2874 4030 ψεύδει
2922 3961 3237 4029 φενακίζειν
3279 3961 3581 4032 ἐπιχειρῶν
3609 3963 3711 4031 οὐχ

2113 4052 2304 4123 ἕτερόν
2330 4069 2472 4115 τινα,
2496 4050 2639 4104 ἀλλὰ
2668 4050 2762 4104 τὸν
2806 4052 2986 4104 πάντα
3014 4053 3110 4105 καὶ
3137 4053 3265 4120 πρὶν
3307 4053 3580 4121 γενέσεως
3607 4055 3709 4107 ἐπ-

2118 4144 2427 4214 ιστάμενον,
2455 4143 2639 4215 ἀπάτῃ
2685 4142 3085 4213 μετερχόμενος
3130 4143 3359 4213 ἀδελφόν
3381 4161 3395 4177 ·
3434 4147 3530 4200 καὶ
3556 4147 3709 4201 δόλον

2117 4237 2258 4289 κατὰ
2281 4235 2388 4289 τῶν
2421 4234 2694 4305 φιλτάτων
2721 4235 3046 4305 σπλάγχνων
3069 4236 3320 4290 ἐντείνων
3345 4238 3447 4308 τῆς
3468 4244 3707 4312 στοργῆς

2040 4332 2083 4389 υ
2115 4326 2192 4397 τῷ
2249 4328 2490 4398 σχήματι
2538 4327 2972 4397 καλυπτόμενον,
3022 4328 3183 4395 φόνον
3233 4328 3496 4401 ἀδελφικῇ
3556 4330 3708 4402 δεξιᾷ

2112 4417 2539 4488 παλαμώμενος,
2572 4420 2665 4472 καί
2684 4418 2782 4490 τὴν
2812 4419 2917 4490 γῆν
2942 4420 3158 4489 πρῶτος
3192 4421 3526 4494 ἀνθρωπίνῳ
3570 4426 3708 4477 καί.-

2112 4510 2349 4579 υϐρίζων
2382 4512 2596 4581 αἵματι,
2624 4511 2838 4583 πληγὴν
2866 4512 3092 4579 ἐπάγων
3122 4516 3235 4578 τοῖς
3279 4518 3706 4587 γεννησαμένοις

2111 4604 2481 4676 ἀθεράπευτον
2500 4622 2515 4637 ’
2558 4608 2652 4660 καὶ
2684 4607 2777 4661 τοῦ
2804 4606 2968 4661 τόκου
3000 4608 3195 4679 μισθὸν
3223 4610 3497 4675 ἀπαιτεῖν,
3531 4611 3593 4665 τὸ
3624 4615 3704 4683 μὴ

2109 4695 2384 4767 δευτέροις
2412 4698 2589 4761 τόκοις
2602 4699 3027 4767 ἐπαγάλλεσθαι,
3055 4700 3285 4772 ἀπονοίᾳ
3298 4702 3393 4754 καὶ
3417 4702 3705 4776 ἀντιλογία

2108 4790 2471 4862 χαλεπωτέρᾳ
2498 4791 2569 4843 τά
2592 4791 2878 4860 φθάσαντα
2897 4792 3235 4864 διελέγχουσι
3255 4810 3269 4825 ο
3297 4795 3391 4847 καὶ
3429 4796 3531 4849 ὅσα
3566 4797 3704 4852 ἄλλα

2110 4882 2357 4937 τοιαῦτα.
2406 4882 2467 4937 Et
2493 4883 2550 4936 δὲ
2586 4883 2682 4937 καὶ
2714 4886 2778 4937 ἐκ
2808 4885 2918 4939 τῶν
2945 4886 3207 4940 ἐναντίων
3242 4888 3392 4940 ἐστὶν
3418 4889 3701 4958 ἀναλόγως

2110 4976 2181 5030 τὰ
2209 4968 2637 5049 ὅμοιασυνορᾷν
2661 4994 2674 5007 ·
2712 4977 2901 5051 ὥσπερ
2923 4981 2952 5030 6
2979 4981 3063 5043 είς
3082 4981 3250 5051 ἄκρον
3274 4982 3477 5051 ἀρετῆς
3501 4986 3568 5054 τῇ
3601 4983 3699 5036 τοῦ

2111 5070 2377 5137 παναγίου
2422 5072 2642 5134 πάντως
2680 5071 3020 5143 ἐπιφοιτήσει
3064 5073 3157 5125 καὶ
3222 5075 3479 5147 ἐνεργείᾳ,
3523 5076 3699 5147 ἦκων,

2111 5162 2205 5216 καὶ
2242 5163 2696 5230 πολυπλασιάζων
2719 5167 2776 5217 ἐν
2810 5165 2989 5237 ἑαυτῷ
3019 5167 3119 5237 τὴν
3143 5166 3324 5238 χάριν,
3356 5167 3451 5220 καὶ
3480 5168 3702 5232 πολλοῖς

2110 5254 2386 5325 ὠφέλιμος
2414 5258 2510 5309 καὶ
2532 5257 2820 5328 σωτηρίοις
2849 5257 2927 5327 τῷ
2952 5259 3100 5329 τόκῳ
3139 5259 3443 5329 γινόμενος,
3475 5261 3699 5331 πνεῦμα

2110 5347 2331 5417 λέγεται
2355 5349 2539 5401 τικτδν
2562 5349 2720 5404 Θεοῦ.
2742 5350 2840 5403 Διὰ
2860 5351 2970 5423 γὰρ
2994 5350 3084 5404 τὸν
3106 5352 3270 5419 φόϐον
3285 5368 3400 5417 σου,
3425 5353 3624 5425 Κύριε,
3641 5356 3699 5406 ἐν

2110 5441 2310 5511 γαστρί⁸
2362 5439 2627 5511 ἐλάϐομεν
2688 5443 2783 5495 καὶ
2850 5442 3196 5514 ώδινήσαμεν
3243 5446 3339 5497 καὶ
3389 5445 3657 5515 ἐτέκομεν
3683 5487 3697 5510 ,

2110 5532 2328 5602 πνεῦμα
2361 5532 2630 5604 σωτηρίου
2654 5551 2746 5587 σου
2774 5536 3088 5605 ἐκυήσαμεν
3120 5536 3215 5587 ἐπὶ
3237 5536 3339 5606 τῆς
3373 5537 3495 5607 γῆς.
3543 5537 3699 5591 Οὕτω

2109 5622 2195 5692 δὴ,
2221 5623 2363 5676 οὕτω
2390 5626 2483 5677 καὶ
2511 5628 2538 5678 6
2560 5628 2637 5685 εἰς
2656 5627 2835 5695 ἀκρον
2864 5628 3061 5691 κακίας
3083 5628 3281 5692 ἐλάσας
3314 5629 3603 5700 ἄνθρωπος
3632 5630 3700 5682 τὰ

2116 5714 2209 5767 τοῦ
2244 5719 2479 5788 πονηροῦ
2522 5717 2813 5787 σπέρματα
2850 5720 2906 5772 ὲν
2939 5719 3116 5791 ἐαυτῷ
3154 5720 3435 5775 συλλαϐὼν
3480 5726 3576 5776 καὶ
3602 5739 3700 5775 πο-
