3884 6202
192 5838 199 5867 Ι

190 170 311 246 353

1163 172 1263 247 Ab
1292 174 1889 253 AMPHILOCHIUM
1928 183 2278 262 QU/ESTIO
2304 190 2538 257 XLVII.

3375 199 3483 269 356

184 289 575 395 λυπλασιάρας
708 289 869 393 τόκον
889 288 1072 346 καὶτὰ
1095 292 1197 365 τῆς
1249 297 1514 368 πονηρίας
1568 299 1850 371 κυήματα,
1892 300 2100 355 τίκτειν
2140 302 2207 357 ἂν
2238 305 2465 369 εἰκότως
2505 306 2715 377 λέγοιτο
2746 310 2838 364 τὸν
2882 311 3128 368 διάϐολον
3160 316 3263 371 καὶ
3297 323 3483 395 πατὴρ

186 382 569 456 χρηματίζειν
597 378 795 437 ἀύτοῦ.

268 466 447 530 Οί-δὲ
499 468 780 547 οὐδέτερον
862 474 961 547 μὲν
1038 474 1154 561 τῶν.
1222 477 1548 549 είρημένωνν
1582 480 1773 552 ἐγκρί-

1952 481 2059 541 Alii
2121 502 2252 543 vero
2304 483 2555 548 nihilex
2616 492 2704 551 his
2780 494 3113 568 admittunt;
3172 516 3480 574 serpentem

188 583 372 631 νουσι,
437 565 530 619 τὸν
571 562 695 635 ὅφιν
757 562 816 618 δὲ
857 563 953 618 τοῦ
1007 552 1258 621 διαϐόλου
1308 568 1524 641 πατέρα
1572 569 1781 641 κληθῆ-

189 674 289 712 ναι
334 656 614 728 νομίζουσι
633 667 647 685 ⁵
680 655 859 723 διατίι
887 657 1011 710 Ὅτι
1037 659 1256 730 πρῶτον
1278 662 1308 715 6
1346 662 1469 733 διρις
1494 663 1596 736 τὴν
1624 661 1783 718 ἐκεί-

189 766 292 804 νου
339 748 593 820 διαϐολὴν
644 749 949 816 συλλαϐὼν,
998 753 1065 824 τῇ
1113 751 1331 826 γλώττῃ
1373 754 1648 809 ἀπέτεκεο
1676 757 1784 825 πρὸ

189 844 311 916 γὰρ
339 842 437 914 τῆς
465 842 756 913 ἀνθρώπου
788 843 1041 911 πλάσεως
1074 843 1170 899 καὶ
1198 848 1298 918 τῆς
1325 845 1418 900 τοῦ
1449 846 1627 918 ὄφεως
1651 846 1785 901 ὐποο

192 937 467 1002 στάσεως,
497 934 598 991 οὐκ
620 932 690 1007 ἦν
720 934 751 989 6
776 936 1079 1010 ἀπορρυεὶς
1118 940 1217 1009 τῆς
1242 940 1544 1010 ἀγγελικῆς
1572 940 1785 1008 εὐγνω-

196 1024 445 1101 μοσύνης
469 1027 564 1082 καὶ
593 1028 816 1095 τάξεως,
840 1027 911 1083 τὰ
932 1028 1029 1083 τοῦ
1063 1030 1313 1086 διαϐόλου
1348 1033 1625 1103 πράττων,
1658 1033 1784 1087 καῖέ

190 1136 282 1172 τοι
316 1118 496 1191 ζητῶν
522 1119 692 1182 κακὸς
721 1115 860 1173 εἷναι
898 1118 995 1175 καὶ
1024 1119 1211 1193 χώραν
1242 1123 1343 1176 οὐκ
1383 1122 1527 1195 ἔχων
1553 1138 1787 1195 παρεισ-

189 1210 441 1276 δύσεωςο
478 1209 674 1266 οὐκοῦν
702 1212 764 1266 τδ
811 1211 1041 1287 ἑρπετὸν
1085 1216 1114 1269 6
1165 1214 1287 1284 ὄφις
1337 1216 1464 1280 τοὺς
1508 1215 1790 1281 διαϐόλους

190 1302 584 1373 ιγκυμονήσας
630 1300 927 1373 λογισμοὺς
978 1305 1073 1359 καὶ
1102 1307 1168 1376 τῇ
1204 1304 1424 1377 γλώσσῃ
1458 1307 1682 1369 εἰκότως
1724 1306 1790 1361 ἂν

191 1391 295 1446 τοῦ
328 1391 576 1447 διαϐόλου
610 1390 793 1466 πατὴρ
817 1394 1049 1463 λέγοιτο.
1091 1394 1251 1449 Ἀλλά
1294 1396 1467 1450 ταῦτα
1495 1396 1595 1467 μὲν
1625 1396 1790 1468 ἔτερα

190 1483 427 1539 τοιαῦτα
454 1485 536 1547 εἰς
562 1484 864 1550 ἀνάπτυξιν
887 1485 985 1540 τοῦ
1015 1486 1206 1559 ῥητοῦ,
1241 1485 1326 1549 τίς
1349 1504 1409 1539 τε
1431 1486 1651 1541 καλοῖτο
1675 1487 1791 1542 διά-

190 1575 378 1643 ϐολος,
408 1575 504 1630 καὶ
529 1574 614 1641 τίς
651 1577 680 1629 δ
712 1576 901 1630 τούτου
934 1578 1140 1651 πατὴρ,
1183 1576 1393 1650 ἑτέροις
1422 1580 1793 1651 πεφιλοσόφη-

189 1685 289 1724 ται
317 1685 331 1698 ⁶
378 1668 504 1740 ἐμοὶ
550 1669 610 1723 δὲ
659 1669 762 1733 τὰς
806 1669 1107 1743 εἰρημένας
1168 1670 1453 1736 ὲπιλύσεις
1503 1670 1628 1726 οὐτε
1672 1671 1793 1726 λίαν

193 1760 380 1815 ἔπεισι
416 1761 745 1833 θαυμάζειν,
772 1760 896 1817 οὔτε
930 1762 1032 1835 μὲν
1078 1763 1379 1834 φιλολόγων
1424 1760 1567 1818 εἶναι
1596 1766 1794 1832 πόνους

1887 587 2069 634 autem
2131 580 2332 638 diaboli
2396 595 2604 654 patrem
2688 589 2873 644 vocari
2953 601 3165 661 putant.
3242 596 3484 665 Quare?

1886 667 2024 735 Quia
2039 670 2238 740 primo,
2257 683 2543 745 postquam
2562 689 2785 748 serpens
2802 679 2922 750 ejus
2941 681 3273 744 calumniam
3286 703 3486 751 conce-

1886 764 1987 833 pit,
2024 764 2208 835 lingua
2235 770 2467 838 peperit.
2524 772 2831 843 Antequam
2856 776 2999 831 enim
3028 778 3195 836 homo
3221 782 3481 842 eii'orma-

1886 864 2039 912 retur
2060 867 2120 953 et
2176 874 2403 931 serpens
2438 863 2783 931 subsisteret.
2823 870 2891 926 ab
2938 873 3182 945 angelica
3213 880 3482 953 sapientia

1889 958 1944 1003 et
1975 948 2169 1005 ordine
2203 952 2300 1022 qui
2324 962 2445 1008 erat
2504 954 2785 1027 delapsus,
2835 976 2941 1017 non
2975 978 3139 1034 opera
3166 948 3369 1033 diaboli
3401 970 3482 1027 la-
3524 978 3540 991 '

1889 1039 2089 1107 ciebat,
2150 1042 2562 1102 malustamen
2619 1063 2741 1105 esse
2802 1052 3099 1123 nitebatur,
3142 1074 3244 1117 nec
3299 1062 3483 1119 locum

1890 1130 2282 1225 transfusionis
2317 1137 2567 1196 habebat.
2620 1143 2789 1214 Igitur
2853 1150 3041 1219 reptile
3093 1153 3239 1225 quod
3262 1167 3485 1216 cstser-

1892 1238 2028 1321 pcns
2048 1224 2350 1321 diabolicos
2365 1233 2613 1303 concepit
2625 1248 2905 1302 sensus,et
2922 1240 3104 1314 lingua
3118 1245 3318 1305 diaboli
3328 1260 3485 1321 pater

1893 1315 2091 1370 merito
2120 1317 2415 1377 diceretur.
2468 1321 2579 1380 Sed
2608 1325 2722 1385 haec
2747 1328 2967 1399 quidem
3003 1335 3107 1391 alia
3138 1338 3267 1395 talia
3287 1315 3347 1397 ut
3379 1344 3485 1400 hoc

1893 1405 2101 1462 dictum
2127 1410 2442 1511 explanent,
2476 1415 2600 1511 quis
2625 1431 2848 1479 vocetur
2862 1423 3115 1487 diabolus
3142 1442 3196 1486 et
3214 1435 3341 1507 quis
3363 1438 3486 1511 ejus

1894 1506 2069 1568 pater,
2102 1499 2171 1554 ab
2199 1500 2324 1558 aliis
2353 1502 2613 1576 inquisita
2654 1520 2800 1567 sunt.
2837 1512 2968 1572 Mihi
3027 1535 3160 1577 vero
3193 1499 3484 1594 praedictas

1896 1591 2197 1650 solutiones
2247 1610 2353 1690 non
2386 1599 2533 1654 venit
2574 1600 2630 1656 in
2687 1614 2925 1663 mentem
2977 1591 3262 1684 admirari,
3304 1633 3487 1690 neque

1897 1686 2029 1747 puto
2050 1692 2144 1734 eas
2168 1693 2293 1735 esse
2317 1678 2603 1741 doctorum
2626 1688 2868 1745 virorum
2894 1706 3053 1762 opus.
3078 1695 3181 1764 Qui
3208 1678 3337 1756 vero
3368 1678 3486 1761 hinc

1899 1769 2076 1842 magis
2122 1784 2348 1842 possent
2384 1774 2707 1849 intelligere,
2738 1781 2775 1837 ii
2819 1799 2955 1842 sane
2984 1788 3265 1849 meliorem
3288 1793 3355 1850 de
3400 1796 3486 1853 his

192 1858 446 1930 ἀνδρῶν·
496 1860 642 1924 ὅσοις
683 1858 741 1913 δὲ
787 1859 988 1932 μᾶλλον
1038 1861 1107 1914 τὰ
1159 1859 1385 1915 τοιαῦτα
1436 1861 1791 1933 εὐτρέπισται

1904 1862 2224 1919 sententiam
2267 1865 2408 1922 ferre
2447 1869 2707 1927 valerent.
2746 1872 2877 1941 Quae
2897 1888 3081 1939 autem
3110 1883 3245 1938 mihi
3300 1885 3486 1942 obsta-

194 1957 453 2028 συνορᾷν,
472 1956 801 2029 δικαιότεροι
825 1956 891 2010 ἂν
912 1953 1022 2011 εἷεν
1036 1950 1181 2011 οῦτοι
1204 1958 1300 2011 κα)⁸
1315 1958 1414 2030 τὴν
1434 1958 1644 2030 ἀμείνω
1660 1961 1794 2033 περὶ

193 2047 381 2103 αὐτῶν
425 2047 611 2119 ψῆφον
657 2047 997 2118 ἐξενεγκεῖν·
1036 2049 1073 2102 δι
1111 2048 1157 2101 δ’
1204 2048 1271 2102 ἂν
1325 2050 1597 2123 προσταίη
1651 2052 1778 2123 ἐμοί

1904 1963 2027 2010 rent
2048 1965 2103 2011 et
2119 1956 2260 2014 forte
2275 1960 2432 2017 alteri
2451 1964 2665 2021 cuidam
2693 1981 2762 2024 ne
2790 1970 2910 2040 ejus
2933 1974 3325 2041 perfectionem
3355 1994 3485 2038 eon-

1891 2050 2183 2120 cipiamus.
2226 2052 2343 2109 haec
2384 2056 2599 2113 ratione
2628 2074 2951 2133 persequor.

193 2150 256 2197 τε
300 2147 396 2198 καὶ
429 2144 561 2208 ἴσως
594 2144 764 2215 ἑτέρῳ
812 2141 919 2197 τινὶ
960 2141 1059 2214 τὴν
1083 2142 1395 2214 τελειότητα
1434 2145 1639 2216 ταύτης
1683 2149 1762 2219 μὴ
1803 2147 2156 2214 καταλαϐεῖν,
2184 2148 2370 2203 ἐκεῖνα
2401 2150 2496 2203 καὶ
2528 2151 2594 2223 δὴ
2621 2152 2700 2226 τῷ
2726 2155 2869 2231 λόγῳ
2907 2160 3164 2237 διέξειμι.

266 2239 496 2314 Πρῶτον
521 2238 624 2311 μὲν
646 2237 887 2321 οὐδαμοῦ
926 2237 1027 2307 τῆς
1058 2239 1213 2310 ἱερᾶς
1249 2238 1405 2311 ἡμῶν
1434 2240 1663 2313 Γραφῆς
1697 2242 1793 2313 γέ.

194 2351 338 2406 γονα
378 2332 603 2396 δυνατὸς
647 2332 852 2404 εὑρεῖν,
876 2329 1001 2387 οὐτε
1033 2334 1175 2385 κατὰ
1221 2333 1290 2388 τὰ
1330 2332 1668 2407 παλαιότερα
1693 2337 1798 2407 τῆς

196 2424 547 2498 νομοθεσίας,
583 2422 712 2485 οὔτε
760 2423 823 2476 ἐν
866 2416 949 2486 οἷς
997 2425 1030 2495 ἠ
1073 2424 1235 2494 χάρις
1268 2423 1332 2478 τὸ
1369 2425 1470 2497 τῆς
1516 2425 1801 2491 εὐσεϐείας

198 2518 320 2589 φῶς
348 2515 734 2591 λαμπρότερον
776 2514 1077 2587 ήστραψεν,
1110 2517 1375 2587 οὐμενοῦν
1419 2518 1659 2591 οὐδαμοῦ
1692 2537 1802 2573 πα-

197 2612 339 2683 τέρα
357 2610 480 2665 τινὰ
502 2609 597 2665 τοῦ
629 2608 877 2665 διαϐόλου
917 2608 1212 2680 λεγόμενον
1232 2624 1247 2640 ⁵
1302 2610 1547 2680 καίτοιγε
1612 2611 1806 2666 πολλαὶ

198 2707 465 2771 πολλάκις
507 2706 723 2778 χωρίων
754 2704 993 2776 περίοδοι
1034 2705 1135 2777 τῆς
1177 2707 1423 2779 πονηρᾶς
1453 2707 1673 2779 ἐκείνης
1711 2708 1807 2762 καὶ

197 2798 483 2872 ἀλιτηρίου
529 2800 753 2870 μνήμην
778 2796 1212 2852 καταϐάλλονται
1235 2801 1610 2870 προαιρέσεως
1629 2817 1643 2830 ·
1669 2800 1807 2855 ἀλλὰ

200 2890 451 2946 Σατανᾶν
489 2889 591 2962 μὲν
634 2891 734 2945 καὶ
769 2890 1020 2945 διάϐολον
1057 2892 1154 2947 καὶ
1202 2892 1522 2964 ἀποστάτην
1557 2894 1652 2949 καὶ
1681 2893 1806 2950 νοῦν

213 2983 500 3055 ⁹Ασσύριον
527 2982 747 3038 καὶτῶν
765 2981 954 3037 παθῶν
984 2982 1224 3054 ἄρχοντα
1249 2984 1344 3039 καὶ
1369 2983 1478 3039 τῶν
1500 2987 1600 3055 τῆς
1631 3002 1803 3056 πονη-

202 3075 330 3147 ρίας
368 3074 697 3146 πνευμάτων
745 3072 1103 3145 ὲξουσιαστὴν
1152 3074 1249 3128 καὶ
1280 3072 1507 3129 τοιαῦτά
1536 3092 1664 3130 τινα
1704 3076 1797 3130 τὸν

199 3163 514 3236 ἀρχέκακον
531 3162 727 3235 ἐχθρὸν
747 3162 844 3216 τοῦ
882 3161 1073 3231 γένους
1098 3161 1259 3233 ἡμῶν
1276 3161 1681 3234 ὀνομαζόμενον
1705 3166 1799 3219 ὲκ-

1964 2242 2149 2301 Primo
2169 2244 2354 2337 uullibi
2374 2257 2577 2305 sanctae
2594 2252 3125 2327 nostrzeScripturze,
3144 2277 3324 2334 neque
3344 2270 3488 2337 apud

1896 2337 2210 2406 antiquiora
2253 2335 2410 2411 legis.
2469 2356 2645 2413 neque
2687 2346 2827 2416 apud
2875 2363 2941 2404 ea
2984 2350 3039 2406 in
3081 2353 3280 2422 quibus
3301 2335 3488 2428 gratia

1900 2431 2120 2501 pietatis
2137 2431 2315 2489 lucem
2334 2432 2763 2503 splendidiorem
2782 2439 2993 2508 etfudit,
3017 2455 3225 2514 patrem
3242 2449 3484 2520 aliquem

1903 2521 2105 2577 diaboli
2164 2522 2371 2582 dictum
2427 2526 2674 2584 invenire
2738 2533 2921 2600 potui;
2982 2544 3037 2591 et
3089 2554 3225 2597 sane
3260 2544 3485 2612 quidem

1905 2613 2091 2669 multae
2140 2613 2195 2669 in
2228 2615 2415 2671 multis
2446 2618 2583 2675 locis
2608 2621 2960 2693 periphrases
3005 2627 3268 2699 improba:
3320 2633 3488 2693 istius

1906 2712 1958 2757 et
2002 2705 2241 2761 errantis
2294 2706 2591 2765 voluntatis
2651 2717 2973 2772 memoriam
3041 2729 3325 2795 statuunt;
3392 2729 3489 2785 sed

1906 2795 2163 2851 Satanam
2236 2797 2456 2867 quidem
2515 2810 2569 2856 et
2638 2803 2916 2864 diabolum
2959 2818 3013 2865 et
3071 2823 3381 2883 apostatatn
3435 2830 3492 2876 et

1904 2884 2188 2955 Assyrium
2240 2884 2493 2957 spiritum
2566 2901 2621 2948 et
2650 2892 3012 2965 cupiditatum
3058 2902 3253 2961 ducem
3288 2918 3341 2963 et
3386 2909 3491 2965 im.

1906 2977 2207 3047 proborum
2279 2981 2573 3051 spirituum
2652 2986 2981 3059 dominum,
3041 3003 3096 3050 et
3155 2998 3264 3054 alia
3298 2998 3493 3071 hujus.

1908 3070 2075 3135 modi,
2119 3069 2387 3127 malorum
2440 3085 2723 3134 auctorem
2759 3089 2814 3136 et
2849 3085 3024 3142 nostri
3058 3090 3280 3159 generis
3308 3069 3490 3147 inimia

1906 3176 2029 3217 cum
2048 3165 2391 3221 nominatum
2417 3168 2649 3240 docent;
2684 3188 3080 3249 nonnunquam
3102 3181 3266 3239 etiam
3311 3182 3484 3242 ﬁlium

199 3256 535 3311 διδάσκουσιο
554 3254 648 3309 καὶ
678 3254 792 3309 υἱὸν
823 3253 936 3307 ἔσθ’
957 3255 1049 3307 ὅτε
1070 3251 1322 3308 διαϐόλου
1358 3254 1561 3324 μᾶλλον
1581 3254 1674 3309 τὸν
1703 3255 1798 3319 τὰς

1906 3255 2107 3313 diaboli
2135 3259 2321 3328 potius
2368 3278 2494 3318 eum
2524 3264 2620 3337 qui
2660 3267 2719 3322 in
2763 3283 2825 3326 se
2868 3268 3085 3330 funesta
3117 3275 3237 3346 ejus
3279 3279 3491 3336 semina

202 3346 489 3420 μοχθηρὰς
519 3346 686 3403 αὐτοῦ
716 3345 881 3417 γονὰς
919 3347 978 3400 ὲν
1008 3345 1190 3418 ἑαυτῷ
1225 3344 1562 3401 συλλαϐόντα
1600 3347 1697 3401 καὶ
1719 3349 1800 3419 τῷ

200 3440 303 3510 τῆς
331 3439 542 3511 πλάνης
570 3440 715 3510 τόκῳ
746 3437 1156 3510 υἱοθετούμενον
1177 3454 1191 3469 ’
1225 3437 1285 3503 ἐξ
1330 3432 1390 3493 οῦ
1424 3438 1518 3493 καὶ
1551 3441 1580 3493 ό
1607 3440 1802 3494 Θεσπέ-

205 3549 322 3598 σιος
353 3531 567 3596 Παῦλος
600 3532 718 3587 υἱὸν
751 3531 1002 3586 διαϐόλου
1035 3532 1128 3587 τὸν
1165 3531 1403 3600 Ἐλύμαν
1436 3531 1763 3602 ἐπωνόμασε
1783 3548 1799 3565 ο

209 3625 429 3698 πατέρα
454 3624 551 3679 τοῦ
572 3624 822 3679 διαϐόλου
860 3624 1024 3699 μέχρι
1054 3614 1149 3678 νῦν
1181 3623 1371 3697 ἕτερόν
1410 3641 1535 3679 τινα
1566 3625 1670 3679 οὐκ
1694 3626 1804 3697 έχω

206 3716 350 3781 τέως
379 3714 847 3787 ἀπισχυρίσασοαι
881 3714 981 3785 τὴν
1031 3715 1183 3786 ἱερὰν
1230 3716 1387 3787 ἡμῶν
1432 3717 1733 3788 ἑπιστάνην
1768 3717 1800 3786 ἢ

203 3809 651 3882 ὲπονομάζουσαν
689 3809 914 3881 Γραφήν
934 3823 948 3838 ’
972 3807 1089 3863 ἀλλ’
1116 3807 1173 3862 ἓν
1204 3807 1308 3880 μὲν
1341 3807 1499 3863 τοῦτο
1533 3809 1592 3862 τὸ
1627 3810 1805 3881 μηδα-

207 3901 318 3973 μοῦ
348 3901 565 3974 πατέρα
589 3900 684 3955 τοῦ
723 3900 974 3956 διαϐόλου
999 3899 1107 3955 τῶν
1127 3900 1223 3955 τοῦ
1257 3899 1577 3971 Πνεύματος
1605 3901 1811 3969 λογίων¹

205 3997 284 4069 τῷ
330 3994 583 4068 ἰδιώματι
635 3996 777 4068 μήτε
817 3993 1185 4065 γινώσκεσθαι
1236 3995 1374 4065 μήτε
1419 3993 1803 4065 ὀνομάζεσθαι.

205 4088 473 4162 Δεύτερον
519 4088 577 4141 δὲ
619 4087 728 4141 οὐδ’
759 4087 891 4142 ἔνθα
919 4085 1136 4141 δοκοῦσι
1175 4087 1402 4159 μνήμην
1444 4087 1609 4142 αὐτοῦ
1644 4105 1805 4158 γεγε-

206 4182 428 4252 νῆσθαι,
450 4179 561 4234 οὐδ’
580 4179 818 4235 ἐνταῦθα
847 4181 1152 4254 παρασχεῖν
1178 4178 1277 4250 τὴν
1297 4180 1567 4252 ὑπόληψιν
1587 4180 1803 4252 ἀσφαλῆ

206 4274 501 4330 δύνανται·
540 4274 637 4328 κιιλ⁴
674 4271 785 4347 γὰρ
830 4275 859 4327 6
907 4273 1018 4326 τῶν
1065 4272 1336 4328 Ἰουδαίων
1369 4273 1540 4344 δῆμος
1582 4274 1684 4327 οὐκ
1726 4274 1808 4336 είς

209 4367 432 4439 πατέρα
462 4366 559 4420 τοῦ
595 4365 730 4421 Θεοῦ
759 4365 1058 4438 ἀναφέρειν
1088 4363 1326 4436 οὐδαμοῦ
1361 4364 1650 4421 διετείνετο
1682 4366 1808 4418 ἑαυ-

207 4460 323 4527 τὸν,
352 4458 494 4515 ἀλλὰ
541 4460 633 4513 τὸν
661 4459 795 4513 Θεὸν
831 4458 933 4530 μὲν
974 4456 1307 4522 ἐσπούδαζον
1328 4458 1406 4530 τῷ
1451 4460 1654 4531 ῥήματι
1684 4460 1807 4512 ἐπι-

209 4550 524 4624 γράφεσθαι
556 4552 792 4623 πατέρα,
836 4551 1032 4614 παῖδας
1061 4550 1118 4603 δὲ
1148 4551 1275 4613 τοὺς
1323 4551 1385 4617 ἐξ
1425 4553 1673 4625 Ἰσραήλ·
1714 4555 1807 4607 καί

1905 3350 2157 3421 concepit
2187 3360 2243 3407 et
2273 3354 2477 3412 erroris
2506 3368 2668 3428 partu
2708 3360 2855 3418 ﬁlius
2890 3364 3179 3437 adoptatus
3199 3379 3305 3427 est.
3337 3369 3493 3427 Unde

1904 3441 2063 3499 divus
2085 3442 2290 3501 Paulus
2325 3447 2496 3503 tilium
2526 3450 2726 3509 diaboli
2761 3454 3009 3526 Elymam
3049 3461 3489 3531 coquominavit;

1909 3541 2122 3603 patrem
2182 3534 2388 3590 diaboli
2442 3536 2611 3593 alium
2642 3555 2970 3613 quemquam
3004 3562 3112 3602 non
3145 3551 3359 3620 reperio
3389 3565 3492 3607 no.

1905 3631 2077 3676 stram
2096 3637 2307 3679 sacram
2326 3626 2695 3699 disciplinam,
2724 3646 2844 3697 seu,
2873 3643 2929 3688 ut
2946 3634 3123 3699 aiunt.
3149 3636 3491 3709 Scripturant

1905 3726 2349 3785 asseverantem;
2412 3720 2509 3775 sed
2560 3737 2729 3778 unum
2775 3724 2995 3794 quidem
3048 3730 3155 3786 hoc
3213 3746 3491 3805 nusquam

1906 3817 2117 3877 patrem
2140 3809 2342 3865 diaboli
2367 3812 2544 3869 sancti
2559 3812 2798 3884 Spiritus
2836 3816 3094 3874 idiomate
3121 3837 3298 3894 neque
3334 3826 3493 3882 nosci

1907 3913 2087 3970 neque
2114 3900 2406 3957 nominari.
2443 3900 2698 3961 Secundo
2723 3918 2905 3964 autem
2938 3926 3113 3985 neque
3143 3915 3235 3971 ubi
3263 3917 3493 3974 credunt

1906 3993 2237 4049 mentionem
2269 3994 2336 4050 de
2357 4009 2422 4052 eo
2450 3996 2590 4063 ﬁeri,
2644 4000 2720 4055 ibi
2761 4000 2972 4059 ﬁrmam
3004 4004 3321 4075 opinionem
3355 4026 3496 4081 praea-

1907 4095 2056 4143 stare
2084 4097 2338 4160 possunt.
2391 4089 2606 4146 Etenim
2651 4091 2965 4149 Iudaeorum
3028 4100 3260 4169 pepulus
3288 4117 3396 4157 non
3437 4106 3491 4159 in

1912 4189 2125 4249 patrem
2156 4181 2252 4237 Dei
2291 4182 2536 4253 seipsuni
2562 4186 2774 4256 erigere
2799 4190 3140 4259 conabatur;
3198 4194 3292 4250 sed
3317 4193 3491 4253 Deum

1909 4270 2129 4339 quidem
2164 4280 2373 4341 patrem
2413 4274 2518 4330 sibi
2562 4276 2841 4332 ascribere
2885 4279 3313 4347 minulahantur,
3352 4286 3494 4340 titius

1911 4376 2042 4419 vero
2098 4365 2242 4432 ejus,
2283 4367 2376 4437 qui
2421 4383 2487 4423 ex
2554 4369 2720 4427 Israel
2775 4383 2955 4428 erant.
2985 4371 3095 4431 Nec
3129 4374 3375 4434 Creatori
3396 4392 3496 4434 nec

1912 4455 2181 4511 Salvatori
2229 4468 2421 4513 nostro
2461 4475 2663 4530 scopns
2705 4473 2821 4518 erat
2845 4462 3062 4522 Iudaeos
3088 4468 3260 4537 patris
3291 4456 3494 4527 diaboli

1910 4547 2054 4603 lilios
2112 4548 2417 4607 ostendere.
2481 4552 2599 4605 Alia
2638 4553 2784 4608 enim
2836 4555 2916 4609 eis
2955 4554 3151 4611 luisset
3218 4557 3497 4628 jactantia:

209 4644 286 4717 τῷ
310 4644 640 4716 Δημιουργῷ
672 4645 769 4697 καὶ
797 4645 1013 4715 Σωτῆρι
1055 4643 1212 4715 ἡμῶν
1238 4644 1339 4698 οὐκ
1365 4642 1433 4715 ἦν
1475 4651 1674 4710 σκοπῦς
1696 4649 1798 4702 δεῖ-

1910 4659 2073 4700 causa
2098 4661 2112 4710 ;
2142 4654 2197 4701 et
2226 4645 2291 4700 ad
2324 4645 2491 4701 alium
2542 4646 2702 4717 cujus
2731 4650 2977 4704 nondum
3045 4654 3402 4721 Opprohriutn
3441 4664 3497 4710 et

211 4737 299 4803 ξαι
348 4738 473 4800 τοὺς
510 4736 802 4800 Ἰουδαίους
839 4737 934 4789 τοῦ
982 4740 1187 4809 πατρὸς
1220 4737 1313 4792 τοῦ
1365 4738 1613 4793 διαϐόλου
1637 4740 1803 4795 τέκνα

212 4827 596 4901 χρηματίζειν
619 4829 805 4901 ἕτερον
825 4830 936 4902 γὰρ
956 4830 1021 4885 ἂν
1044 4831 1275 4894 ἐκείνοις
1305 4831 1687 4903 ήλαζονεύετο’
1706 4835 1801 4887 καὶ

214 4924 350 4995 πρὸς
378 4924 561 4992 ἕτερον
582 4916 642 4976 οὗ
668 4925 836 4995 μήπω
868 4922 968 4993 μὲν
1007 4922 1227 4989 ὄνειδος,
1261 4925 1427 4995 μήπω
1460 4923 1519 4976 δὲ
1560 4941 1798 4997 κατηγοι

212 5017 342 5087 ρίαν
364 5011 530 5087 εἶχον,
564 5016 816 5086 μεθεῖλεν
846 5016 915 5071 ἂν
942 5017 1038 5072 καὶ
1081 5018 1403 5089 μετέφερεν,
1440 5017 1578 5091 ὅπερ
1602 5018 1703 5072 οὐκ
1731 5014 1800 5090 ἢν

216 5111 608 5182 συντηροῦντος
635 5111 698 5164 τὸ
740 5111 1058 5176 ἀκόλουθον,
1090 5112 1207 5166 ἀλλ’
1253 5111 1418 5166 αὐτοῦ
1465 5129 1529 5182 γε
1558 5113 1801 5183 δηλονότι

215 5204 307 5258 τοῦ
358 5204 605 5260 διαϐόλου
634 5204 830 5267 παῖδας
882 5203 1187 5275 ὠνόμαζεν.
1234 5196 1293 5257 οῦ
1344 5204 1437 5258 καὶ
1486 5204 1582 5276 τὴν
1632 5206 1688 5258 ἐν
1732 5208 1797 5277 τῇ

218 5298 405 5371 κλήσει
454 5300 638 5369 σχέσιν
697 5297 800 5352 κᾶν
854 5298 951 5351 καὶ
1021 5301 1084 5368 τῇ
1132 5298 1325 5369 γνώμῃ
1386 5302 1479 5351 καὶ
1534 5300 1598 5369 τῇ
1626 5299 1801 5370 μιμή-

218 5408 299 5447 σει
353 5391 465 5445 τῶν
524 5390 781 5463 πράξεων
834 5390 1216 5463 συνεφέροντο,
1281 5387 1424 5462 βαρύ
1462 5406 1521 5443 τε
1579 5387 1648 5460 ἦν
1700 5390 1799 5442 αὐ-

219 5487 330 5548 τοῖς
371 5485 594 5541 ἀκούειν
630 5486 726 5538 καὶ
761 5485 1167 5555 ἀποτρόπαιονο
1203 5483 1328 5537 ἐπεὶ
1357 5478 1450 5538 οὖν
1480 5486 1507 5537 6
1556 5482 1812 5546 Ἰουδαῖος

220 5582 431 5651 πατέρα
461 5582 554 5634 τὸν
601 5580 733 5633 Θεὸν
784 5579 1100 5650 ἐπέγραφεν
1155 5578 1373 5643 ἑαυτοῦ,
1410 5580 1503 5632 καὶ
1548 5581 1575 5633 6
1619 5577 1809 5649 Σωτὴρ

226 5671 521 5737 ἐσπούδαζε
551 5671 819 5727 δεικνύειν
851 5672 940 5725 διὰ
979 5671 1088 5724 τῶν
1123 5671 1300 5744 ἔργων
1335 5671 1494 5727 τοῦτο
1543 5671 1642 5742 μὲν
1674 5669 1808 5741 ψευ-

557 5791 829 5853 PATROL.
881 5793 997 5855 Gn.
1038 5793 1140 5853 Cl.

1909 4751 2109 4793 nomen
2141 4736 2416 4792 habebant
2463 4752 2560 4793 eos
2588 4741 2973 4805 convertisset,
2998 4752 3053 4797 et
3084 4742 3493 4812 transtulisset;

1907 4828 2053 4899 quod
2092 4844 2201 4885 non
2242 4841 2359 4886 erat
2404 4833 2794 4902 consequentia
2876 4836 3169 4898 servantis.
3218 4836 3314 4890 sed
3349 4845 3495 4906 patet

1908 4934 2032 4973 eum
2073 4919 2195 4975 illos
2221 4920 2426 4979 diaboli
2462 4922 2601 4976 lilios
2630 4922 2976 4988 nominasse,
3016 4925 3173 4995 cujus
3222 4924 3407 4979 habitu
3438 4934 3495 4980 et

1908 5014 1961 5068 in
1995 5015 2216 5069 nomine
2259 5025 2313 5069 et
2368 5015 2421 5069 in
2480 5024 2661 5071 mente
2696 5026 2750 5071 ct
2807 5017 2861 5071 in
2922 5018 3225 5074 imitatione
3271 5028 3493 5074 actuum

1912 5115 2158 5173 utuntur,
2213 5108 2467 5179 quodque
2503 5116 2623 5162 erat
2648 5110 2728 5164 eis
2786 5109 2979 5164 audire
3014 5110 3214 5165 durum
3259 5121 3315 5166 et
3360 5113 3494 5167 alio.

1912 5199 2253 5254 minandum.
2316 5198 2453 5254 Cum
2502 5200 2648 5254 enim
2679 5198 2902 5255 Iudaeus
2939 5211 3148 5270 patrem
3183 5201 3355 5256 Deum
3384 5202 3492 5258 sibi

1912 5293 2248 5358 ascriberet,
2315 5302 2369 5347 et
2419 5291 2668 5347 Salvator
2709 5293 2871 5348 vellet
2926 5308 3021 5347 eos
3076 5294 3362 5349 ostendere
3396 5307 3495 5364 per

1912 5402 2078 5457 opera
2114 5385 2245 5441 illud
2282 5386 2502 5456 quidem
2537 5386 2884 5449 mentientes,
2916 5385 3193 5441 diabolum
3226 5401 3355 5440 vero
3397 5401 3494 5456 per

1910 5494 1973 5533 ca
2003 5494 2125 5548 qum
2158 5477 2394 5548 agebant
2414 5477 2517 5533 sibi
2558 5487 2766 5546 patrem
2814 5476 3099 5540 facientes,
3135 5474 3267 5546 quid
3293 5474 3494 5546 egissm

1911 5586 2094 5624 sermo
2134 5578 2341 5640 patrem
2377 5569 2575 5624 diaboli
2604 5581 2811 5638 patrem
2839 5567 3154 5635 Iudaeorum
3184 5581 3280 5639 per
3311 5565 3492 5647 divina

1909 5662 2130 5719 oracula
2165 5663 2439 5721 nominari
2467 5664 2710 5722 docens?

3091 5762 3156 5829 12
