3792 6316
399 266 504 329 35.5
1560 250 1823 315 PIIO'I‘II
1854 226 2365 312 PATRIARCH/E
2397 249 2505 312 CP.
3568 261 3682 325 356

397 383 677 455 δομένους,
722 378 814 433 τὸν
854 374 1106 431 διάϐολον
1134 374 1187 427 δὲ
1220 373 1287 426 δι’
1338 364 1412 424 ὧν
1467 370 1735 441 ἔπραττον
1777 364 1993 437 πατέρα
2029 363 2407 436 ποιουμένους,
2439 364 2526 428 τίς
2560 363 2626 418 ἂν
2668 366 2755 437 εἴη
2794 365 2951 436 λόγος
2996 367 3025 420 ό
3082 366 3361 439 περαίνων
3412 369 3501 425 τὸν
3578 392 3692 427 πα.

396 481 532 551 τέρα
562 478 656 533 τοῦ
690 476 939 530 διαϐόλου
976 474 1191 545 πατέρα
1213 470 1324 523 τῶν
1360 468 1635 522 Ἰουδαίων
1666 465 1754 519 διὰ
1781 465 1892 518 τῶν
1927 462 2141 529 Λογίων
2172 462 2575 533 όνομάζεσθαι;

468 570 587 625 Vox
618 568 766 623 enim
792 566 1097 621 Salvatoris
1129 562 1198 617 ad
1228 560 1445 616 Iudaeos
1476 575 1573 630 per
1608 556 1961 628 exprobratio

2190 553 2245 604 Ἠ
2273 555 2380 625 γάρ
2410 572 2492 608 τοι
2515 554 2583 608 δι’
2610 555 2894 631 ύποφοροῖς
2925 555 3061 625 πρὸς
3081 557 3205 621 τοὺς
3226 558 3513 624 Ἰουδαίους
3540 563 3687 616 ἀπο-

396 678 520 720 nem
560 661 766 717 directa
810 657 943 712 nihil
995 670 1185 709 eormn
1248 652 1354 707 sibi
1403 651 1680 722 proponit.
1747 645 1893 702 Obvii

2191 644 2370 715 νομένη
2386 643 2479 697 τοῦ
2508 644 2758 715 Σωτῆρος
2787 644 3129 715 φωνὴ,ούδὲν
3151 647 3334 700 αὐτῶν
3365 652 3688 721 συναντιλή-

396 757 543 812 enim
602 762 656 809 et
700 749 950 806 lectionis
987 746 1409 817 explicationem
1452 742 1731 805 nesciens,
1806 754 1893 793 net

2188 754 2244 790 αι
2278 741 2346 808 τῇ
2397 736 2695 809 προθέσει·
2722 738 2782 791 τὸ
2815 738 2916 808 μὲν
2964 738 3074 809 γὰρ
3112 741 3410 812 πρόχειρον
3457 745 3550 797 καὶ
3583 745 3685 815 τὴν

396 847 683 904 attendens
713 843 780 899 ad
815 857 975 914 quam
1020 838 1325 911 praesertim
1363 837 1661 891 multorum
1712 835 1893 902 lingua

2189 827 2364 900 ττολὴν
2389 829 2488 881 οὐκ
2518 825 2673 893 είδὼς
2714 829 2815 898 τῆς
2860 829 3244 898 ἀναγνώσεως,
3292 834 3389 885 καὶ
3438 837 3581 905 πρὸς
3619 839 3686 905 ἣν

394 941 653 1011 loquatur
683 946 904 1001 temere,
936 931 1268 997 ‘abducatur,
1298 937 1495 999 sponte
1525 927 1736 983 invenit
1767 934 1889 995 patr

2189 935 2323 972 λιστα
2353 918 2463 972 τῶν
2494 916 2708 973 πολλῶν
2757 920 2791 990 ἡ
2828 918 3047 989 γλῶττα
3093 924 3483 993 παρασύρεται
3515 927 3686 979 αύτο-

345 1006 360 1019 .
394 1004 598 1089 diaboli
638 1044 799 1100 quem
840 1027 1027 1083 nullus
1064 1037 1199 1081 usus
1241 1037 1419 1094 neque
1466 1022 1584 1092 ipsa
1617 1019 1842 1091 appellat

2191 1009 2411 1073 διάξειν,
2468 1004 2626 1080 εὗρεν
2651 1010 2871 1081 ἕτοιμον
2922 1012 3142 1083 πατέρα
3170 1013 3269 1067 τοῦ
3306 1015 3585 1084 διαϐόλου,
3628 1019 3688 1071 ζν

393 1094 669 1178 exsistere
690 1126 880 1174 notum
908 1115 1059 1171 facit.
1113 1114 1169 1170 Si
1195 1124 1375 1169 autem
1412 1110 1797 1183 explicationis
1818 1124 1890 1164 ιη(

2188 1102 2312 1173 εμία
2358 1101 2557 1173 χρῆσις
2606 1102 2724 1157 αύδ’
2755 1104 2814 1157 ὲν
2849 1106 2917 1175 τῇ
2955 1104 3147 1175 κλήσει
3188 1106 3289 1179 τὴν
3323 1109 3488 1177 φύσιν
3528 1111 3685 1181 ἔχειν

393 1212 818 1275 consideretur,
872 1218 927 1265 et
974 1210 1128 1279 juxta
1186 1205 1560 1278 praecedentes
1616 1200 1890 1271 cogitatio:

2184 1191 2371 1263 ώρισεο
2402 1192 2462 1246 τὸ
2486 1192 2543 1246 δὲ
2587 1194 3062 1267 περιεσκεμμένον
3090 1197 3169 1267 τῷ
3206 1199 3395 1271 τρόπῳ
3417 1201 3521 1269 τῆς
3557 1204 3681 1257 διαο

396 1317 614 1378 aptetur
640 1316 694 1362 ct
730 1304 1077 1374 explanetur,
1140 1300 1257 1369 ipse
1308 1296 1561 1355 diabolus
1615 1303 1772 1365 pater
1797 1294 1889 1364 ing

2189 1284 2302 1378 λῆς,
2330 1283 2732 1378 ῥυθμιζόμενον
2754 1287 2850 1339 καὶ
2869 1289 2989 1350 ταῖς
3013 1288 3417 1359 προλαϐούσαις
3448 1294 3686 1357 ἐννοίαις

397 1375 581 1455 torum
606 1396 920 1453 Judazorum
957 1391 1335 1449 annuntiatur.
1384 1388 1450 1442 Et
1494 1401 1658 1459 quem
1698 1400 1807 1441 non
1839 1385 1892 1441 in

2188 1375 2591 1448 διαιρούμενον,
2623 1376 2787 1432 αὐτόν
2816 1395 2875 1431 τε
2906 1378 3000 1433 τὸν
3040 1380 3291 1435 διάϐολον
3324 1384 3539 1455 πατέρα
3572 1386 3685 1437 τῶν

396 1491 547 1547 bitus
590 1492 791 1561 linguae
814 1503 1010 1544 cursus
1044 1484 1458 1557 explicationem
1488 1481 1747 1537 omittens
1769 1488 1891 1551 patr

2189 1468 2416 1561 ωμόνων
2442 1469 2717 1523 Ἰουδαίων
2742 1472 3103 1541 ἀπαγγέλλει·
3128 1475 3223 1529 καὶ
3240 1474 3300 1528 ὃν
3326 1477 3355 1529 ό
3382 1478 3683 1551 ἀνεπίσχε-

396 1582 595 1639 diaboli
616 1560 769 1651 tingit
795 1588 851 1634 et
880 1576 1189 1641 annuntiat,
1224 1574 1375 1629 nullo
1402 1571 1564 1627 modo
1596 1568 1893 1626 exsistenti

2194 1560 2293 1631 τῆς
2317 1560 2565 1631 γλώττης
2601 1561 2801 1633 δρόμος
2849 1563 2949 1635 τὴν
2997 1565 3287 1638 διαστολὴν
3327 1568 3684 1640 ὑπερϐαίνων

396 1675 582 1731 habet.
625 1671 878 1726 Salvator
904 1678 1087 1723 autem
1120 1681 1215 1736 per
1234 1661 1719 1735 exprobrationem
1750 1658 1893 1714 verbi

2185 1654 2473 1724 ιιαγγέλλει
2510 1655 2723 1724 πατέρα
2754 1655 2847 1709 τοῦ
2873 1656 3123 1711 διαϐόλου
3152 1659 3430 1725 πλάττων,
3467 1663 3682 1732 ούμεν-

395 1763 702 1837 proferens,
730 1775 854 1815 cum
895 1757 1206 1813 Judteorum
1240 1755 1468 1825 populus
1483 1754 1709 1817 diceret,
1747 1770 1768 1804 ι
1799 1751 1892 1807 Utn

2230 1744 2483 1814 οὐδαμῶς
2524 1747 2915 1802 συνεπίσταται
2937 1762 2951 1777 ⁸
2985 1750 3359 1821 ἐπιτιμήσεως
3392 1752 3451 1805 δὲ
3492 1754 3683 1823 τρόπῳ

394 1866 603 1929 patrem
624 1854 888 1908 habemus
906 1849 1101 1915 Deum,
1125 1867 1145 1902 ι
1180 1847 1391 1902 audetis
1416 1846 1604 1917 igitur,
1638 1844 1839 1915 inquit,
1875 1860 1891 1897 ι

2204 1837 2362 1905 λόγον
2394 1839 2423 1893 ὁ
2459 1839 2650 1911 Σωτὴρ
2687 1841 2969 1910 προάγων,
2992 1842 3223 1913 ἐπείπερ
3257 1844 3449 1914 ἔλεγεν
3490 1849 3520 1899 ό
3549 1845 3686 1900 ἰου-

396 1902 603 1929 ,-.---ν---
624 1902 885 1908 -ς-ηπ---η
910 1902 931 1903 κ
1437 1902 1466 1917 υ
1590 1902 1601 1911 ,
1715 1902 1732 1915 ,
1826 1902 1835 1906 -

394 1964 496 2004 vos
521 1947 919 2018 pudetpatrem
955 1941 1124 1997 Deum
1154 1954 1386 2005 vocare;
1433 1946 1528 1991 aut
1561 1949 1743 1991 nonne
1772 1949 1873 1990 vos

2186 1947 2244 1984 ον
2259 1902 2322 2000 δῆ
2332 1947 2454 2001 μος,
2486 1949 2506 1981 ί
2519 1902 2657 1984 Ἕνα
2679 1902 2891 2004 πατέρα
2910 1902 3105 2003 ἔγομεν
3124 1902 3380 1989 τὸνθεόνῖ
3395 1956 3415 1989 ι
3441 1936 3683 2009 τολμᾶτε

396 2040 615 2096 diabolo
646 2038 801 2101 estis,
853 2051 919 2091 eo
945 2034 1089 2106 quod
1120 2033 1375 2088 mandata
1405 2030 1525 2101 ejus
1572 2027 1738 2083 vultis
1774 2025 1890 2081 face

2185 2039 2228 2089 re
2252 2018 2381 2093 ἆρα,
2411 2022 2571 2094 φησὶ,
2596 2022 2691 2076 καὶ
2714 2023 2813 2076 οὐκ
2852 2024 3511 2103 ὲγκαλύπτεσθεγπατέρα
3543 2046 3682 2081 κατ-

395 2146 495 2185 vos
526 2130 665 2185 filios
700 2128 820 2198 ejus
853 2126 1199 2181 exhibentes.
1246 2123 1420 2193 Cujus
1470 2120 1617 2175 enim
1646 2120 1769 2189 quis
1819 2118 1892 2189 ju:

2183 2110 2367 2182 μάζειν
2409 2112 2500 2165 τὸν
2524 2110 2694 2177 Θεόν;
2726 2112 2758 2183 ἢ
2787 2113 2908 2184 οὐχὶ
2942 2114 3101 2185 ὑμεῖς
3124 2116 3219 2168 τοῦ
3248 2100 3503 2171 διαϐόλου
3534 2120 3680 2183 ἐστὲ,

397 2221 652 2276 mandata
688 2219 956 2273 formatur
984 2225 1039 2271 et
1071 2214 1317 2286 ﬁngitur,
1348 2212 1550 2282 dignus
1580 2217 1665 2266 est
1696 2208 1894 2264 etiame

2185 2198 2256 2259 ὧν
2279 2204 2375 2268 τὰς
2404 2205 2623 2269 ἐντολάς
2664 2206 2831 2260 αὐτοῦ
2865 2206 3047 2261 Θέλετε
3080 2210 3277 2275 ποιεῖν,
3311 2210 3465 2273 υἱοὺς
3511 2212 3682 2264 αὑτοῦ

396 2306 519 2383 ejus
548 2310 691 2364 filius
713 2307 1154 2380 cognominetur.
1208 2304 1356 2370 Quas
1393 2302 1541 2356 enim
1573 2300 1720 2371 leges
1749 2312 1893 2352 azmu

2185 2296 2390 2361 ινύντες
2436 2296 2698 2363 ἑαυτούς;
2732 2294 2793 2353 οὗ
2826 2299 2935 2371 γάρ
2977 2316 3063 2363 τις
3114 2300 3259 2353 κατὰ
3307 2302 3411 2367 τὰς
3456 2303 3682 2365 ἐντολάς

398 2406 600 2459 bantur
650 2400 845 2466 Judaei,
906 2398 1013 2454 nisi
1075 2411 1169 2451 cas
1214 2396 1416 2466 quibus
1458 2392 1687 2464 gloriam
1730 2389 1835 2444 sibi
1888 2405 1895 2442 :

2185 2388 2389 2459 νφοῦται
2414 2390 2509 2443 καὶ
2548 2390 2959 2458 διαπλάττεται,
3024 2392 3215 2446 τούτου
3256 2395 3350 2447 καὶ
3386 2394 3506 2458 υίὸς
3551 2412 3682 2449 κατ-

395 2496 652 2567 quirebat
678 2493 965 2549 diabolus?
998 2491 1236 2547 Gloriam
1261 2489 1329 2543 ab
1364 2488 1595 2542 invicem
1631 2484 1892 2553 recipient

2183 2480 2448 2553 μάζεσθαι
2494 2483 2705 2546 δίκαιος
2736 2483 2820 2555 εἴη
2856 2484 2956 2537 ἄν’
2991 2485 3143 2548 τίνας
3173 2484 3219 2538 δ’
3259 2486 3326 2539 ἂν
3370 2485 3603 2549 ἐντολὰς
3632 2489 3680 2539 οξ

399 2590 677 2661 proximos
725 2585 1017 2643 calumniis
1069 2583 1315 2646 edentes,
1373 2579 1578 2634 invidia
1610 2574 1887 2648 pulcherri

2181 2575 2332 2628 »δαῖοι
2357 2574 2714 2640 ἐσπούδαζον,
2742 2576 2775 2648 ἢ
2810 2577 2878 2629 δι’
2907 2570 2981 2630 ὧν
3011 2579 3040 2630 ὁ
3072 2576 3318 2641 διάϐολος
3351 2578 3678 2646 ὲδοξὰζετος

395 2685 765 2757 inquinantes,
783 2684 995 2739 caedem
1032 2679 1088 2734 in
1125 2678 1461 2732 Salvatorem
1482 2673 1881 2735 machinantes,

2182 2686 2240 2722 αν
2280 2668 2411 2741 παρ’
2454 2668 2632 2722 ἄλλων
2674 2669 3070 2740 λαμϐάνοντες,
3110 2674 3231 2735 ταῖς
3281 2672 3679 2741 συκοφαντίαις

398 2779 579 2850 lingua
647 2776 1031 2844 sententiaque
1112 2778 1346 2826 mortem
1411 2767 1532 2837 ejus
1583 2770 1891 2836 praeparant

2184 2776 2211 2823 ς
2240 2760 2469 2831 πλησίον
2510 2761 2911 2827 κατεσθίοντες,
2948 2763 3130 2834 φθόνῳ
3173 2763 3242 2817 τὰ
3283 2764 3560 2819 κάλλιστα
3587 2764 3680 2817 λυ-

390 2871 609 2927 vcritati
676 2868 1017 2924 mendacium
1102 2862 1498 2935 praeferentes,
1561 2868 1616 2914 et
1686 2856 1872 2912 dolum

2180 2850 2427 2921 ;v6psv0t,
2469 2852 2631 2923 φόνον
2672 2854 2814 2908 κατὰ
2843 2853 2941 2907 τοῦ
2974 2855 3225 2926 Σωτῆρος
3263 2855 3677 2930 μηχανώμενοι,

393 2962 721 3018 calumniam
773 2968 829 3014 et
858 2956 1147 3013 avaritiam
1176 2955 1343 3010 vitam
1378 2966 1536 3007 suam
1588 2948 1874 3009 facientes,

2215 2944 2433 3017 γλώσσῃ
2461 2946 2554 2999 καὶ
2586 2947 2779 3018 γνώμῃ
2813 2948 2904 3001 τὸν
2946 2947 3179 3002 θάνατον
3220 2949 3678 3015 συσκευάζοντες,

393 3056 502 3111 alia
563 3055 747 3109 omnia
798 3052 889 3105 his
940 3049 1143 3105 similia
1167 3055 1332 3111 sunt;
1380 3059 1477 3115 per
1530 3056 1652 3113 quze
1688 3049 1742 3095 et
1781 3040 1887 3094 dial

2182 3040 2373 3110 ψεῦδος
2399 3041 2498 3111 τῆς
2531 3039 2791 3111 ἀληθείας
2831 3039 3146 3111 ἔμπροσθεν
3182 3040 3432 3109 ἄγοντες,
3463 3042 3566 3096 καὶ
3597 3043 3679 3097 δό-

392 3145 911 3217 eongenerationem
948 3149 1009 3195 ut
1039 3137 1281 3194 auctoris
1304 3146 1357 3191 et
1417 3134 1618 3188 satoris
1663 3132 1771 3199 sui,
1802 3146 1888 3184 ma

2203 3132 2297 3184 καὶ
2323 3131 2574 3202 διαϐολὴν
2598 3132 2692 3185 καὶ
2721 3130 3089 3204 φιλαργυρίαν
3134 3132 3227 3185 τὸν
3260 3132 3373 3202 βίον
3404 3134 3678 3205 ποιούμε-

394 3239 534 3293 feste
583 3236 689 3291 sibi
746 3232 1118 3287 vindicabant.
1188 3228 1473 3282 'l‘rteterea
1528 3234 1583 3280 et
1634 3224 1863 3277 allatum

2181 3268 2188 3287 ,
2227 3224 2321 3277 καὶ
2344 3224 2443 3277 ὅσα
2467 3222 2680 3287 τούτοις
2712 3223 3097 3292 παραπλήσια,
3132 3223 3199 3276 δι’
3231 3217 3305 3278 ὦν
3331 3226 3427 3277 καὶ
3450 3225 3553 3296 τὴν
3583 3226 3678 3279 τοῦ

394 3343 705 3385 connexum
739 3323 1021 3379 oraculum
1074 3334 1183 3375 non
1214 3320 1419 3373 indicat
1448 3315 1669 3387 quidem
1702 3314 1887 3368 nomin

2178 3316 2329 3369 ϐόλον
2348 3316 2690 3385 συγγένειαν,
2711 3316 2786 3380 ὡς
2803 3315 3051 3387 ἀρχηγοῦ
3068 3316 3163 3370 καὶ
3179 3317 3423 3388 σπορέως
3439 3319 3675 3385 τούτων,

384 3430 631 3491 patrem,
682 3416 932 3487 inquam,
979 3412 1500 3483 diaboli,'aliquem.
1566 3407 1805 3464 Rursum
1848 3424 1876 3461 v

2179 3410 2398 3480 »ιφανῶς
2432 3409 2783 3481 ᾠκειώσαντο
2807 3428 2820 3440 ο
2854 3410 2948 3463 ἐπὶ
2988 3410 3198 3475 τούτοις
3229 3412 3325 3465 καὶ
3356 3411 3415 3465 τὸ
3460 3414 3676 3481 ὲπαγό·

394 3516 659 3587 supponit
692 3512 1011 3568 annuntiari
1061 3517 1273 3581 patrem
1328 3506 1640 3562 Judmorum
1693 3505 1891 3560 diaboli

2177 3520 2245 3555 ιον
2263 3503 2357 3556 καὶ
2382 3503 2793 3574 συνηρτημένον
2809 3502 3010 3572 λόγιον,
3028 3502 3090 3556 τὸ
3107 3505 3207 3574 μὲν
3228 3505 3327 3557 ούκ
3345 3499 3490 3558 οἶδεν
3510 3504 3674 3571 δλως,

376 3621 453 3666 ⁴(ξι
508 3624 629 3665 esse
663 3617 718 3663 et
752 3603 1047 3661 nominari.
1122 3601 1263 3657 Dicit
1292 3601 1481 3656 enim:
1528 3597 1660 3653 tllle
1712 3599 1780 3653 ab
1820 3598 1873 3653 in

2175 3594 2295 3665 τέρα
2345 3592 2490 3662 λέγω
2527 3593 2650 3646 τινὰ
2703 3596 2800 3647 τοῦ
2844 3593 3117 3660 διαϐόλου,
3168 3595 3672 3665 κατονομάζεσθαι·

394 3698 671 3753 homicida
706 3704 825 3751 erat
850 3694 922 3759 “,
950 3712 969 3746 ι
1045 3692 1324 3747 diabolum
1358 3688 1669 3754 manifeste,
1706 3703 1817 3743 non
1876 3702 1891 3741 ε

2178 3687 2232 3740 δὲ
2259 3688 2421 3741 πάλιν
2466 3686 2760 3740 ὑποϐάλλει
2820 3687 3295 3756 καταγγέλλεσθαι
3329 3689 3549 3760 πατέρα
3566 3690 3675 3743 τῶν

392 3798 805 3861 quem'patrem
838 3784 1066 3840 diaboli.
1089 3783 1191 3838 Cui
1231 3782 1377 3838 enim
1402 3783 1558 3837 alteri
1598 3781 1753 3846 illud,
1793 3781 1889 3834 hon

2175 3780 2349 3833 ,δαίων
2392 3779 2481 3832 τὸν
2503 3778 2752 3833 διάϐολον
2787 3780 2881 3833 καὶ
2939 3777 3079 3832 εἷναι
3124 3782 3221 3833 καί
3272 3780 3672 3850 ὀνομάζεσθαι’

390 3882 539 3946 tida,
576 3878 807 3943 etillud,
867 3877 978 3930 «ab
1013 3876 1199 3935 initio,
1229 3892 1248 3924 ι
1329 3874 1655 3927 conveniet?
1718 3881 1772 3927 et
1819 3873 1887 3926 illi

2178 3870 2215 3922 τὶ
2233 3870 2361 3940 γάρ,
2386 3868 2653 3933 «Ἐκεῖνος
2664 3870 2759 3924 ἀπ’
2779 3872 2951 3942 ἀρχῆς
2962 3870 3407 3941 ἀνθρωποκτόνος
3424 3866 3517 3942 ἦν,
3532 3891 3553 3926 ι
3584 3875 3675 3927 τὸν

388 3993 422 4025 1
462 3973 687 4027 minime
720 3971 774 4023 in
810 3970 1036 4022 veritate
1080 3967 1257 4021 stare?
1288 3985 1305 4018 ι
1344 3966 1445 4019 nisi
1482 3965 1584 4034 ipsi
1615 3964 1885 4029 diabolo“

2177 3964 2325 4017 ϐολον
2357 3963 2620 4032 δηλονότι,
2661 3964 2775 4018 ἀλλ’
2812 3966 2908 4035 οὐχ
2956 3964 3146 4035 ἕτερόν
3177 3982 3301 4019 τινα
3331 3966 3551 4037 πατέρα
3577 3966 3674 4021 τοῦ

391 4064 636 4133 linguam
685 4068 876 4115 contra
917 4056 1233 4112 Creatorem
1282 4057 1566 4111 mendacio
1619 4057 1789 4119 acuit,
1850 4059 1882 4109 d

2177 4055 2352 4109 ϐόλουο
2382 4055 2490 4109 τίνι
2535 4053 2663 4108 δ’ἃν
2694 4057 2865 4128 ἑτέρῳ
2881 4056 2962 4122 τὸ,
2991 4057 3490 4127 (ἀνθρωποκτόνος,
3519 4076 3540 4109 ι
3578 4060 3674 4112 καὶ

392 4166 579 4209 autem
626 4168 752 4207 eam
802 4150 1099 4204 dulcorans
1153 4149 1362 4237 primm.
1385 4156 1649 4203 creatura:
1678 4157 1889 4217 protent

2189 4170 2206 4202 ι
2240 4150 2335 4203 ἀπ’
2358 4150 2554 4221 ἀρχῆς,
2581 4170 2600 4201 ι
2626 4153 3072 4223 ὲιραρμόσειςκαὶ
3113 4153 3192 4217 τὸ,
3219 4154 3589 4224 «μηδαμῶςέν
3608 4159 3672 4227 τῇ

395 4256 450 4301 ct
472 4255 762 4316 postquam
803 4243 984 4298 verbis
1028 4240 1402 4296 fraudulenter
1440 4254 1558 4294 eam
1603 4239 1892 4294 incantavit

2176 4238 2308 4311 γθεία
2336 4240 2559 4292 ἑστάναι
2582 4279 2597 4303 ,
2620 4259 2637 4290 ι
2663 4242 2710 4292 εί
2742 4240 2817 4311 μὴ
2836 4240 2989 4310 αὐτῷ
3017 4256 3080 4307 γε
3102 4239 3178 4310 τῷ
3198 4239 3451 4310 διαϐόλῳ,
3483 4241 3545 4297 ὃς
3575 4242 3673 4311 τὴν

392 4340 518 4392 vita:
540 4338 594 4393 in
612 4337 870 4408 paradiso
905 4343 1040 4391 actm
1064 4343 1119 4389 et
1134 4334 1455 4389 deliciarum
1485 4340 1813 4387 aeternarum
1851 4332 1883 4385 fi

2177 4333 2329 4386 ὄσσαν
2361 4334 2461 4403 μὲν
2510 4335 2652 4387 κατὰ
2691 4332 2784 4386 τοῦ
2818 4335 3161 4405 Δημιουργοῦ
3200 4334 3278 4403 τῷ
3308 4333 3495 4403 ψεύδει
3529 4351 3674 4405 παρ-

394 4431 738 4500 busexpulit,
780 4427 1210 4484 immortalitatis
1243 4426 1422 4481 locum
1464 4440 1737 4481 carcerem
1779 4440 1891 4480 mor

2176 4441 2271 4490 ινε,
2288 4425 2370 4496 τῷ
2387 4425 2525 4496 δόλῳ
2547 4425 2603 4478 δὲ
2627 4425 2832 4495 ταύτην
2858 4426 3133 4495 γλυκάνας
3158 4426 3234 4498 τῷ
3261 4425 3673 4497 πρωτοπλάστῳ

391 4524 671 4580 eliiciens?
724 4523 951 4579 Mortem
983 4522 1128 4577 enim
1154 4519 1296 4574 Deus
1330 4534 1437 4573 non
1467 4517 1631 4585 fecit;
1672 4519 1765 4574 sed
1803 4518 1884 4588 pri

2173 4516 2404 4571 abtetve'
2458 4519 2553 4571 καὶ
2605 4517 2785 4586 λόγοις
2832 4518 3146 4582 ἐπικλόπως
3198 4519 3670 4587 καταγοητεύσας,

390 4617 635 4687 parentis
662 4614 1046 4687 transgressio,
1100 4612 1334 4668 consilio
1363 4626 1392 4664 a
1438 4619 1694 4679 serpente
1724 4624 1887 4680 accep

2177 4627 2179 4635 ν
2207 4611 2263 4662 ὲν
2294 4608 2609 4679 παραδείσῳ
2646 4608 2792 4679 ζωῆς
2821 4611 2912 4663 καὶ
2944 4610 3158 4681 τρυφῆς
3189 4610 3360 4663 ἀϊδίου
3390 4609 3674 4682 ὑπερώρι-

390 4724 623 4769 mortem
650 4713 855 4784 genuit.
888 4711 1056 4782 Igitur
1077 4718 1131 4764 et
1153 4707 1425 4763 homicida
1448 4708 1516 4760 ah
1546 4707 1701 4761 initio
1726 4706 1887 4760 diabo

2183 4742 2198 4768 ,
2226 4702 2592 4773 ἐργαστήριον
2639 4702 2893 4770 θανάαου,
2914 4701 3013 4773 τῆς
3037 4702 3341 4766 ἀθανασίας
3361 4703 3423 4755 τὸ
3471 4705 3674 4776 χωρίον

390 4814 447 4859 et
475 4806 527 4859 in
555 4807 782 4860 veritate
804 4819 912 4857 non
946 4802 1132 4867 stetit;
1170 4811 1223 4854 et
1251 4799 1326 4852 illi
1355 4797 1643 4853 Dominum
1667 4812 1887 4867 qumren

2177 4795 2492 4865 ἀσάμενος;
2531 4793 2762 4846 θάνατον
2780 4792 2890 4863 γὰρ
2924 4795 2952 4846 ό
2972 4793 3102 4856 θεὸς
3123 4796 3222 4846 οὐκ
3254 4795 3533 4864 ἐποίησεν
3558 4795 3674 4851 ἀλλ’

392 4893 719 4960 interficere,
750 4904 803 4949 ct
827 4892 1041 4947 velitati
1065 4890 1412 4945 mendacium
1442 4902 1659 4957 semper
1681 4886 1889 4957 profert

2177 4885 2216 4938 μῦ
2238 4885 2665 4957 πρωτοπλάστου
2688 4885 2999 4956 παράϐασις
3027 4884 3126 4956 τὴν
3152 4885 3461 4958 συμϐουλὴν
3480 4886 3674 4940 συλλα-

393 4995 493 5049 tes,
529 4984 757 5039 formam
793 4984 1036 5055 parentis
1064 4980 1409 5036 indelebilem
1440 4988 1789 5035 conservant.

2177 4996 2243 5032 σα
2299 4978 2395 5032 τοῦ
2426 4980 2624 5048 ϐφεως,
2654 4977 2746 5031 τὸν
2798 4979 3029 5032 θάνατον
3072 4978 3427 5051 ἀπεκύησεν·
3478 4980 3674 5033 οὐκοίν

392 5080 490 5135 καλ⁵
506 5080 956 5150 ἀνθρωποκτόνος
974 5076 1069 5131 ἀπ’
1084 5078 1258 5147 ἀρχῆς
1280 5076 1307 5127 ὁ
1327 5074 1590 5141 διάϐολος,
1607 5074 1699 5128 καὶ
1723 5076 1778 5128 ὲν
1796 5079 1862 5146 τῇ
1886 5074 2053 5144 άληθε
2066 5074 2121 5145 ία
2138 5075 2236 5145 ούχ
2250 5074 2482 5144 ἕστηκεν
2499 5090 2514 5106 ⁸
2529 5075 2623 5129 καὶ
2640 5074 2795 5128 αὐτοὶ
2818 5074 3106 5145 ζητοῦντες
3118 5077 3434 5131 ἀποκτεῖναι
3454 5070 3548 5131 τὸν
3568 5080 3675 5131 Κύ-

394 5187 530 5241 ριον,
562 5171 656 5222 καὶ
688 5169 749 5221 τὸ
783 5166 974 5237 ψεῦδος
993 5167 1078 5221 ἀεὶ
1116 5166 1222 5237 πρὸ
1250 5170 1347 5239 τῆς
1384 5166 1640 5238 ἀληθείας
1666 5165 1933 5236 ἑλόμενοι,
1954 5167 2053 5238 τὴν
2078 5166 2292 5238 μορφὴν
2313 5166 2408 5220 τοῦ
2432 5167 2826 5237 γεγεννηκότος
2843 5168 3312 5239 ἁπαραχάρακτον
3324 5170 3670 5237 διασώζουσι.

461 5265 619 5320 Patet
671 5282 737 5321 ex
808 5266 971 5320 dictis
1034 5263 1350 5319 Judzeorum
1398 5274 1625 5335 patrem
1695 5265 1955 5321 diabolun

2176 5266 2267 5318 {at
2294 5265 2529 5335 φανερὸν
2559 5267 2623 5317 ὲκ
2651 5265 2761 5318 τῶν
2781 5265 3089 5335 εἰρημένων
3120 5267 3201 5319 ὅτι
3229 5266 3413 5337 πατὴρ
3446 5268 3547 5338 μὲν
3568 5270 3673 5322 τῶν

390 5357 695 5422 nominari;
750 5354 919 5425 patris
965 5364 1147 5409 autem
1188 5354 1396 5413 diaboli
1436 5362 1689 5408 naturam
1733 5368 1887 5422 reper

2174 5357 2369 5411 υδαίων
2393 5360 2421 5411 ὁ
2448 5356 2697 5421 διάϐολος
2728 5358 3078 5428 ὀνομάζεταν
3106 5360 3312 5431 πατρὸς
3344 5360 3401 5413 δὲ
3432 5360 3528 5413 τοῦ
3555 5361 3671 5414 δια-

391 5464 502 5504 non
521 5438 625 5511 est,
660 5462 839 5517 neque
884 5445 1302 5517 appellationem
1346 5461 1465 5500 eam
1500 5446 1885 5500 manlfestante

2171 5465 2239 5502 ,ου
2282 5447 2407 5501 οὕτε
2442 5447 2628 5501 λαϐεῖν
2662 5448 2778 5501 ἐστι
2819 5447 3001 5517 φύσιν,
3046 5449 3171 5504 οὕτε
3199 5450 3390 5521 κλῆσιν
3418 5452 3668 5523 ούδαμῦς

393 5557 568 5614 neque
612 5542 727 5611 ipsa
766 5540 1119 5612 cogitatione.
1190 5539 1287 5594 llla
1331 5538 1627 5610 proposita:
1677 5539 1745 5594 ab
1808 5539 1881 5593 ini

2171 5541 2591 5612 οαδηλουμένην,
2622 5539 2745 5595 οὔτε
2770 5540 2849 5613 τῷ
2873 5542 3106 5613 νοήματι
3135 5557 3149 5572 ·
3184 5547 3216 5613 ἡ
3250 5544 3436 5615 μέντοι
3486 5561 3549 5614 γε
3574 5546 3668 5617 τῆς

463 5709 507 5741 ⁶⁶
532 5706 692 5763 Joan.
731 5722 851 5775 \‘lll,
877 5705 962 5760 44.
