3884 6202
213 260 334 324 ΒΞ]

1161 210 1261 318 At)
1291 239 1888 318 AMPIIILOCIIIUM
1917 249 2266 322 QU/ES'I‘IO
2289 247 2555 312 XLVIII.

3395 251 3503 315 358

209 368 593 443 προκειμένης
627 359 688 434 ἐξ
711 370 884 441 ἀρχῆς
911 368 1220 433 ὑποθέσεως
1249 369 1538 422 τελευταία
1566 365 1812 438 περίοδος

1917 381 2239 453 quaestionis
2291 380 2481 436 ultima
2515 379 2779 451 periodus
2813 379 3000 436 forsan
3042 381 3111 439 iis
3145 383 3240 452 qui
3265 384 3330 438 ad
3362 383 3501 437 nihil

208 461 365 529 δόξει
403 461 502 533 μὲν
536 462 667 526 ἴσως
692 458 806 526 τοῖς
833 463 971 534 πρὸς
1009 458 1177 533 μηδὲν
1210 463 1322 516 τῶν
1362 460 1676 533 βαθυτέρων
1714 460 1811 529 ἐμ-

211 557 551 627 φιλοχωρεῖν
585 555 776 626 κέρδος
803 559 1172 626 ποιουμένοις,
1202 557 1278 620 ὡς
1304 557 1388 626 εἴη
1421 553 1516 609 τοῦ
1556 552 1808 607 διαϐόλου

211 654 440 720 πατέρα
491 648 980 721 ὑποσημαίνουσα’
1028 641 1340 704 τούναντίον
1363 648 1422 702 δέ
1461 649 1604 701 ἅπαν
1635 659 1810 699 κατα-

212 742 481 808 σκευάζει
521 741 618 798 καὶ
646 747 762 809 τοῖς
807 745 914 817 πρὸ
944 745 1114 816 αὑτῆς
1141 734 1355 817 συνᾴδει
1405 742 1809 814 ἐνθυμήμασιν,

213 837 439 908 πατέρα
478 838 572 890 καὶ
619 836 758 909 αὑτὴ
808 837 918 892 τῶν
961 836 1232 891 Ἰουδαίων
1266 829 1686 906 ἐπιδεικνυμένη
1720 833 1813 887 τὸν

211 927 470 982 διάϐολον
492 946 507 961 ·
533 919 725 1000 διπλῆς
753 929 862 1001 γὰρ
889 928 1199 1000 προσϐολῆς
1233 928 1432 992 παντὸς
1455 926 1550 981 τοῦ
1585 931 1812 997 προκει-

215 1021 390 1090 μένου
409 1019 570 1090 λόγου
614 1021 1020 1094 ἐνθυμημάτων
1066 1020 1387 1091 γενομένης,
1434 1015 1528 1072 καὶ
1571 1017 1665 1072 νῦν
1713 1018 1811 1088 μὲν

211 1113 287 1167 ἐκ
316 1117 420 1185 τῆς
450 1115 557 1168 τῶν
590 1113 1006 1187 γεγεννημένων
1035 1105 1233 1179 κακίας
1281 1107 1375 1168 τοῦ
1419 1107 1811 1182 γεγεννηκότος

211 1205 324 1278 τὴν
357 1207 590 1279 μίμησιν
630 1203 1102 1278 ἐπιδεικνυμένης,
1127 1207 1220 1260 νῦν
1259 1199 1314 1259 δέ
1355 1205 1443 1260 διὰ
1480 1204 1577 1258 τοῦ
1621 1219 1813 1274 γεννη-

214 1299 462 1371 σαμένου
486 1298 595 1354 τῶν
626 1302 1040 1372 γεγεννημένων
1071 1297 1169 1372 τὴν
1200 1300 1493 1372 ὁμοιότητα
1532 1294 1811 1370 παριστώο

214 1403 348 1464 σης,
378 1391 458 1447 ἔτι
488 1394 648 1449 πάλιν
668 1394 775 1449 ἀπὸ
799 1397 907 1450 τῶν
930 1393 1347 1465 γεγεννημένων
1377 1387 1470 1446 ἐπὶ
1496 1391 1588 1445 τὸν
1614 1407 1810 1460 γεγεν-

213 1485 430 1554 νηκότα
478 1484 852 1551 διαϐαίνουσα,
905 1484 1326 1557 ἀπαράλλακτον
1369 1481 1468 1554 τὴν
1514 1477 1811 1552 ὁμοιότητα

215 1577 556 1649 στηλιτεύει,
588 1577 683 1630 καὶ
728 1577 828 1649 τήν
860 1579 1182 1647 συγγένειαν
1221 1574 1402 1630 αὑτῶν
1427 1571 1581 1629 οὐδὲν
1615 1573 1808 1641 ἐπιφε-

215 1669 464 1740 ρομένην
505 1670 838 1724 ἐπιδείκνυσι
867 1670 1019 1724 νόθον
1043 1686 1058 1703 ·
1089 1669 1254 1741 φησὶν
1283 1663 1399 1722 οὖν.
1424 1667 1594 1721 Ὀταν
1623 1660 1805 1720 ὁἸου-

1915 473 2341 545 profundiorum
2421 472 2657 526 libenter
2725 471 3063 528 commorari
3125 473 3228 529 sibi
3284 473 3500 529 lucrum

1915 563 2152 628 faciunt,
2186 563 2389 617 diaboli
2431 571 2639 632 patrem
2673 562 2945 618 videbitur
2984 563 3329 633 significare;
3372 581 3500 622 con-

1915 656 2145 710 trarium
2199 672 2328 710 vero
2401 656 2781 711 demonstrant
2849 650 3032 710 omnia
3099 663 3155 711 et
3209 661 3506 713 concordat

1912 748 2336 816 cogitationibus
2389 764 2512 818 qua:
2580 755 2708 802 ante
2762 747 2938 819 ipsam
3011 756 3160 812 sunt,
3210 760 3418 818 patrem
3451 761 3507 805 et

1915 839 2038 912 ipsa
2103 838 2418 896 Judteorum
2485 840 2734 895 iudicans
2799 835 3112 906 diabolum;
3185 851 3241 896 et
3300 842 3506 912 duplici

1915 931 2227 1000 adjectione
2292 931 2460 987 totius
2545 932 2818 988 sermonis
2887 933 3282 1004 cogitationum
3338 934 3503 1002 facta,

1913 1038 2058 1078 nunc
2091 1024 2310 1093 quidem
2347 1041 2411 1080 ex
2440 1026 2749 1096 genitor-um
2787 1025 2992 1079 malitia
3019 1027 3336 1096 generantis
3379 1028 3506 1082 imi-

1912 1105 2499 1184 tationemindicante,
2549 1133 2698 1172 nunc
2749 1128 2931 1172 autem
2978 1134 3075 1188 per
3140 1128 3496 1190 generantem

1913 1205 2221 1274 genitorum
2256 1207 2672 1277 similitudinem
2701 1218 2996 1274 statuente,
3029 1210 3211 1266 adhuc
3232 1214 3396 1266 etiam
3438 1213 3507 1266 ab

1913 1298 2111 1368 genitis
2141 1300 2209 1355 ad
2261 1310 2612 1372 generantem
2669 1310 3009 1368 transeunte,
3057 1316 3262 1358 certam
3305 1304 3506 1359 simili-

1912 1389 2158 1448 tudinem
2193 1386 2479 1460 describit,
2513 1403 2567 1449 et
2596 1408 2786 1448 eorum
2817 1397 3334 1465 congenerationem
3370 1396 3508 1452 nihil

1916 1479 2092 1553 spurii
2148 1485 2410 1542 inducere
2471 1496 2765 1543 monstrat.
2829 1487 2971 1542 Dicit
3028 1489 3175 1543 enim
3226 1507 3239 1543 :
3286 1487 3508 1560 quando

1915 1571 2142 1633 Judazus
2203 1578 2553 1634 mendacium
2609 1579 2874 1650 loquitur,
2915 1589 2973 1634 ut
3002 1589 3054 1634 et
3099 1597 3264 1647 nunc,
3296 1593 3504 1651 patrem

1919 1681 2082 1722 suum
2114 1668 2283 1724 Deum
2317 1669 2527 1736 dicens,
2576 1687 2641 1726 ex
2683 1671 2921 1742 propriis
2967 1671 3229 1742 loquitur.
3283 1671 3508 1743 PrOpria

210 1763 373 1826 δαῖος
405 1759 466 1816 τὸ
495 1757 693 1833 ψεῦδος
717 1763 890 1829 λαλεῖ,
919 1760 1069 1816 ὥσπε
1080 1779 1109 1834 ρ
1137 1761 1230 1814 καὶ
1257 1759 1354 1815 νῦν
1391 1759 1605 1831 πατέρα
1635 1757 1812 1827 λέγων

1917 1761 2064 1815 enim
2095 1761 2233 1832 patri
2266 1735 2577 1827 luereditas,
2613 1735 2941 1834 patris'sunt
2970 1735 3194 1820 divitiae.
3248 1766 3328 1820 Ex
3383 1735 3510 1836 pro—

213 1853 423 1909 ἑαυτοῦ
453 1856 546 1910 τδν
584 1853 739 1922 Θεὸν,
762 1858 826 1910 ἐκ
854 1855 963 1909 τῶν
997 1855 1144 1909 ἰδίων
1175 1853 1358 1908 λαλεῖο
1393 1851 1524 1916 ἴδιος
1549 1852 1658 1921 γάρ
1682 1851 1814 1920 κλῆ-

217 1966 320 2020 ρος
358 1949 436 2019 τῷ
466 1950 656 2019 πατρὶ,
691 1947 785 2002 τοῦ
831 1950 1036 2020 πατρὸς
1063 1951 1091 2002 ὁ
1122 1947 1351 2009 πλοῦτος
1376 1961 1390 1976 ⁸
1423 1947 1488 1999 ἐκ
1512 1943 1620 1997 τῶν
1666 1940 1812 1996 ἰδίων

217 2037 320 2093 οὖν
347 2042 373 2092 ὁ
397 2041 652 2104 Ἰουδαῖος
680 2039 833 2094 λαλεῖ
861 2040 952 2093 τὸν
990 2038 1247 2109 πατρῷον
1281 2031 1530 2090 ὑπελθὼν
1574 2033 1776 2104 κλῆρον
1794 2050 1809 2066 ο

215 2130 322 2183 καὶ
351 2129 518 2193 αὑτὸς
548 2129 660 2201 γάρ
685 2129 926 2200 ψεύστης
957 2120 1105 2182 ἐστὶν
1133 2125 1321 2199 ὥσπερ
1349 2127 1377 2180 ὁ
1397 2125 1584 2198 πατὴρ
1613 2122 1780 2177 αὑτοῦ
1799 2141 1813 2154 ·

214 2219 388 2290 δῆλον
416 2219 509 2274 οὖν
541 2218 615 2285 ὼς
653 2224 684 2293 ή
721 2222 815 2275 τοῦ
841 2220 1000 2290 λόγου
1042 2219 1182 2292 αὑτη
1227 2217 1523 2290 περικοπή,
1562 2217 1624 2271 οὑ
1659 2217 1818 2288 μόνον

212 2311 646 2383 ’συμφθέγγεται
674 2318 787 2377 τοῖς
833 2315 1050 2386 πατέρα
1088 2314 1384 2367 πλάττουσι
1413 2311 1509 2364 τοῦ
1543 2310 1815 2376 διαϐόλου,

216 2401 365 2455 ἀλλὰ
403 2406 498 2458 καὶ
533 2406 644 2458 τῶν
669 2406 940 2460 Ἰουδαίων
976 2405 1191 2476 πατέρα
1232 2403 1323 2457 τὸν
1366 2401 1612 2457 διάϐολον
1659 2401 1819 2472 μόνον

217 2496 500 2566 ἀςρορίξει.
549 2497 712 2557 Ἀλλὰ
751 2499 924 2552 ταῦτα
957 2498 1056 2570 μὲν
1100 2497 1516 2568 συγγυμνασίας
1559 2491 1701 2558 εἶδος
1721 2495 1817 2549 καὶ

213 2583 388 2653 λόγον
415 2587 587 2658 ἐχέτω
616 2591 714 2661 τὴν
740 2589 835 2643 τοῦ
862 2589 1133 2661 δόγματος
1157 2589 1298 2652 τέως
1331 2585 1706 2659 προσηγορίαν
1730 2586 1819 2638 εὑ-

219 2677 560 2750 λαὸούμενον
585 2697 598 2711 ’
631 2681 736 2746 ἕως
763 2682 830 2735 ἂν
868 2677 897 2736 ὁ
931 2675 1262 2753 ὑψηλότερος
1294 2678 1457 2748 ,λόγος
1499 2677 1816 2748 ἀναφανεὶς,

222 2769 328 2822 καὶ
353 2769 530 2842 δόγμα
557 2767 697 2827 εἶναι
719 2776 785 2845 τῇ
813 2775 1044 2846 διανοίᾳ,
1077 2772 1269 2844 καὶτῷ
1295 2772 1487 2842 κράτει
1513 2771 1613 2841 τὴν
1641 2769 1823 2840 κρίσιν

222 2863 434 2927 λαϐὼν,
466 2867 562 2920 καὶ
607 2867 715 2921 τῶν
759 2868 848 2922 διὰ
881 2868 998 2939 βίου
1048 2865 1488 2937 φιλοσοφούντων
1527 2863 1627 2935 τὴν
1673 2863 1824 2934 ἱερὰν

1917 1856 2054 1926 priis
2089 1858 2255 1928 igitur
2279 1849 2504 1914 Judzeus
2534 1858 2772 1930 loquitur
2816 1870 3099 1931 paternam
3135 1863 3507 1917 litercditatetn

1918 1948 2168 2005 subiens.
2231 1949 2389 2006 Patet
2436 1951 2603 2021 igitur
2629 1951 2810 2023 ipsum
2836 1953 2985 2008 verbi
3017 1963 3366 2024 apparatum,
3398 1971 3508 2009 non

1918 2041 2084 2095 modo
2101 2057 2208 2096 non
2231 2041 2297 2097 iis
2321 2058 2629 2099 consonare
2659 2045 2755 2115 qui
2777 2053 2983 2115 patrem
3015 2046 3254 2118 aliquem
3304 2047 3507 2102 diaboli

1919 2133 2151 2204 fingunt,
2184 2135 2276 2189 sed
2309 2144 2363 2189 et
2402 2134 2716 2192 Judaeorum
2747 2147 2958 2208 patrem
3008 2140 3286 2195 diabolum
3332 2141 3507 2197 solum

1917 2225 2206 2282 definiunt.
2242 2219 2348 2284 Sed
2383 2228 2500 2284 haec
2523 2229 2744 2299 quidem
2771 2232 3081 2288 communis
3098 2233 3508 2289 exercitationis

1919 2317 2156 2373 formam
2182 2328 2236 2374 et
2257 2320 2528 2377 rationem
2554 2321 2813 2389 habeant,
2863 2324 3136 2394 dogmatis
3187 2341 3361 2395 usque
3408 2341 3506 2397 ap-

1917 2409 2264 2480 pellationem
2349 2412 2717 2482 refugientes,
2803 2402 3163 2488 (quoadusque
3235 2419 3506 2476 excelsius

1920 2503 2146 2558 verbum
2210 2505 2515 2576 revelatum
2577 2517 2632 2563 et
2692 2510 2890 2581 dogma
2941 2527 3063 2568 esse
3125 2514 3398 2570 sententia
3451 2524 3506 2573 et

1922 2597 2164 2678 potentia
2213 2596 2519 2678 decernens
2584 2615 2775 2656 eorum
2827 2602 2922 2672 qui
2979 2619 3073 2673 per
3122 2606 3289 2659 vitam
3323 2607 3504 2677 philo-

1925 2677 2140 2753 sophati
2197 2694 2361 2741 erunt
2406 2677 2592 2742 votum
2636 2691 2938 2760 complens,
2967 2692 3099 2747 illud
3119 2695 3370 2750 ostendat
3397 2711 3504 2752 non

1926 2771 2136 2832 frustra
2195 2793 2317 2834 esse
2375 2789 2696 2850 protensum
2729 2783 2796 2838 ad
2847 2799 3047 2840 sensus
3071 2786 3504 2858 inquisitionem,

1931 2867 2025 2936 qui
2061 2877 2145 2923 est
2180 2869 2323 2924 ultra
2352 2871 2721 2928 multitudinis
2746 2875 3180 2946 intelligentiam.

218 2954 516 3029 ἐμπλήσας
554 2956 872 3031 ἐπιθυμίαν,
905 2959 1055 3033 δείξῃ
1095 2958 1172 3031 μὴ
1239 2957 1417 3030 μάτην
1459 2954 1548 3009 ἀεὶ
1618 2954 1754 3026 πρὸς
1817 2955 2046 3030 ζήτησιν
2087 2961 2516 3038 ἀνατεινομένην
2554 2964 2650 3020 τοῦ
2688 2965 3029 3038 ἐξῃρημένου
3069 2971 3342 3043 νοήματος
3407 2973 3507 3044 τῆς

217 3051 338 3105 τῶν
367 3050 576 3107 πολλῶν
611 3054 992 3127 καταλήψεως.

760 3174 1118 3244 ΕΡΩἸἪΣΙΣ⁵
1133 3172 1276 3231 MII'.

294 3268 488 3322 Πόσαι
522 3266 683 3322 εἰσιν
718 3270 778 3322 αἱ
802 3268 911 3322 τὸν
943 3269 1164 3337 Κύριον
1195 3267 1529 3339 ἀλείψασαι
1551 3269 1744 3339 μύρῳς

2223 3171 2554 3238 ρυλεδτιο
2579 3171 2788 3230 XLVIII
2834 3173 2934 3247 [αι.
2962 3174 3196 3250 XLVII].

2039 3266 2179 3332 Quot
2203 3279 2324 3320 sunt
2355 3284 2472 3338 qua?
2499 3266 2782 3322 Dominum
2809 3281 3072 3340 unguento
3093 3275 3393 3332 unxerunt?

1481 3403 1618 3454 Edita
1641 3417 1668 3452 a
1708 3402 1853 3464 Maio,
1877 3404 1912 3452 l.
1934 3415 1998 3464 tu,
2035 3419 2084 3467 p.
2111 3403 2275 3454 4'0-15.

293 3516 432 3588 οὑχὶ
455 3516 554 3589 τήν
581 3515 752 3590 αὑτὴν
780 3517 1019 3588 εὑρίσκω
1063 3518 1361 3589 προϊοῦσαν
1385 3518 1544 3585 δόξαν
1574 3518 1706 3592 παρ’
1735 3511 1812 3584 οἷς

1991 3517 2108 3572 Non
2163 3517 2414 3572 eamdem
2482 3518 2696 3587 reperio
2748 3519 3132 3588 procedentem
3190 3522 3506 3592 opinionem

217 3610 401 3664 ταῦτα
450 3611 828 3683 διερευνᾶσθαι
876 3613 1098 3682 γέγονεν
1125 3617 1157 3683 ὴ
1203 3611 1430 3683 σπουδή.
1468 3613 1532 3668 Ol.
1577 3612 1676 3682 μὲν
1709 3613 1815 3684 γὰρ

220 3704 603 3777 ἁπλούστερον
628 3706 725 3760 καὶ
771 3704 1241 3800 ἐπιπολαιότερέν,
1272 3706 1360 3760 ἴνα
1389 3705 1465 3776 μὴ
1511 3705 1816 3776 ἀμαθέστε-

221 3818 320 3875 ρον
358 3799 522 3865 εῖπώ,
552 3803 618 3872 τῇ
669 3799 913 3871 διαφόρῳ
945 3799 1136 3872 κλήσει
1167 3798 1292 3854 ’τῶν
1335 3798 1814 3870 ἀναγραψαμένων

216 3892 323 3964 τήν
356 3893 598 3964 ἱστορίαν
644 3892 850 3963 ταύτην
895 3894 990 3946 καὶ
1020 3893 1090 3946 τὰ
1126 3891 1232 3946 τῶν
1261 3890 1542 3962 γυναικῶν
1574 3891 1813 3946 συνδιαι-

221 3984 384 4055 ροῦσι
427 3984 717 4054 πρόσωπα.
767 3985 878 4038 Καὶ
916 3985 1188 4055 τέσσαρας
1232 3983 1436 4047 ταύτας
1476 3977 1617 4037 εἷναί
1657 4000 1811 4054 φασι,

218 4081 366 4152 πρὸς
393 4081 564 4147 οὐδὲν,
582 4074 759 4150 οἶμαι,
793 4079 1090 4152 βαθύτερον
1115 4079 1374 4150 λογισμὸν
1392 4081 1809 4151 ἐπιστήσαντες,

215 4174 250 4244 ἢ
283 4171 426 4243 πρὸς
469 4171 638 4242 μόνην
682 4170 781 4242 τὴν
812 4171 919 4224 τῶν
955 4170 1469 4241 εὐαγγελισαμένων
1514 4171 1807 4241 ποσότητα.

215 4265 352 4328 Τοῖς
397 4263 451 4315 δὲ
480 4265 558 4326 είς
583 4261 676 4315 δύο
727 4262 1062 4333 περιεστάλη
1113 4263 1179 4315 τά
1229 4262 1533 4333 πρόσωπα’
1583 4263 1678 4314 καὶ
1714 4261 1811 4332 τὴν

220 4357 328 4426 μέν
362 4371 501 4424 φασι
533 4352 738 4424 σεμνὴν
767 4348 1027 4406 εἶναικαὶ
1055 4351 1306 4422 σώφρονα
1334 4350 1430 4404 καί
1458 4349 1696 4422 ἀδελφὴν
1715 4350 1809 4402 τοῦ

218 4445 480 4516 Λαζάρου
509 4446 601 4497 καὶ
630 4443 732 4514 τῆς
762 4443 996 4515 Μάρθας
1017 4458 1030 4472 ’
1059 4442 1158 4514 τήν
1186 4441 1242 4495 δὲ
1270 4441 1528 4512 διαφόρου
1557 4440 1657 4512 μὲν
1687 4441 1812 4494 άνα-

218 4535 446 4606 γραφῆς
474 4537 680 4604 τυχεῖν,
711 4533 841 4602 μίαν
876 4533 932 4586 δὲ
963 4529 1103 4586 εἶναι
1137 4531 1232 4586 καὶ
1251 4531 1459 4602 ταύτην
1487 4529 1547 4596 ἐξ
1570 4529 1806 4599 ἁσέμνου

219 4628 320 4682 καὶ
351 4625 635 4696 πανδήμου
667 4623 785 4694 βίου
820 4623 1186 4695 παρθενικοὺς
1216 4622 1438 4692 ἀγῶνας
1474 4622 1532 4689 ἐξ
1571 4621 1809 4694 ἀκαθαρ-

222 4723 349 4782 σίας
385 4717 783 4789 μετελθοῦσαν·
815 4717 947 4786 περὶ
987 4715 1191 4787 ταύτης
1225 4716 1282 4768 δέ
1322 4716 1415 4768 τόν
1439 4732 1500 4768 τε
1528 4716 1808 4769 Ματθαῖον

218 4813 318 4867 καὶ
349 4811 594 4881 Μάρκον,
620 4810 755 4863 ἀλλὰ
781 4809 876 4862 καὶ
909 4808 1001 4862 τὸν
1029 4795 1244 4862 Λουκᾶν
1273 4805 1564 4862 διαλαὸεῑνο
1591 4809 1684 4862 καὶ
1707 4808 1807 4879 τὴν

1923 3611 2066 3680 apud
2087 3625 2182 3665 eos
2201 3612 2293 3681 qui
2329 3611 2444 3664 haec
2468 3610 2745 3681 inquirere
2776 3612 3129 3668 studuerunt.
3157 3614 3262 3670 Alii
3285 3617 3506 3686 quidem

1923 3703 2259 3774 iudigentius
2305 3711 2358 3757 et
2399 3702 2702 3773 vulgarius,
2734 3718 2804 3758 ne
2825 3704 3005 3759 dicam
3047 3705 3348 3772 indoctius,
3398 3723 3506 3764 non

1921 3795 2110 3850 eadem
2143 3804 2358 3850 utentes
2389 3794 2755 3864 appellatione
2784 3810 2851 3851 ac
2899 3796 2994 3866 qui
3042 3796 3185 3853 hanc
3218 3798 3507 3854 historiam

1921 3887 2268 3958 scripserunt
2323 3896 2379 3942 et
2432 3887 2726 3942 mulierum
2777 3903 3045 3958 personas
3092 3890 3361 3948 dividunt.
3440 3891 3509 3948 Et

1921 3977 2113 4032 dicunt
2161 3993 2256 4033 eas
2305 3993 2428 4034 esse
2484 3995 2714 4034 numero
2759 3989 3033 4050 quatuor,
3086 3983 3257 4048 nullo,
3313 3984 3504 4048 credo,

1921 4066 2114 4122 altiore
2138 4079 2466 4145 argumento
2497 4069 2730 4124 nitentes
2757 4070 2864 4127 nisi
2901 4074 3017 4127 sola
3046 4074 3505 4144 evangelistarum

1919 4160 2242 4228 quantitate.
2290 4161 2397 4216 Alii
2430 4161 2498 4216 ad
2528 4163 2666 4218 duas
2693 4178 2956 4233 personas
2993 4175 3308 4236 coarctant;
3340 4177 3397 4224 et
3425 4168 3507 4223 al-

1920 4260 2093 4306 teram
2158 4255 2515 4309 veneratioue
2577 4256 2794 4326 dignam
2845 4273 2967 4312 esse
3015 4267 3070 4313 et
3129 4259 3429 4328 sapientem
3451 4272 3507 4316 et

1906 4344 2110 4411 Lazari
2149 4355 2204 4400 et
2229 4345 2455 4400 Martha:
2487 4362 2766 4414 sororem;
2822 4349 3048 4403 alteram
3100 4363 3284 4406 autem
3342 4353 3504 4407 dissi-

1920 4436 2100 4490 milem
2154 4435 2582 4506 descriptionem
2641 4439 2849 4506 sortiri,
2899 4457 3064 4494 unam
3089 4453 3270 4498 tamen
3293 4459 3414 4498 esse
3449 4455 3506 4499 et

1915 4541 2035 4582 eam
2069 4541 2134 4581 ex
2160 4528 2430 4596 probrosa
2455 4535 2509 4581 et
2526 4527 2736 4598 plebeia
2763 4531 2872 4584 vita
2905 4531 3147 4600 virginea
3205 4533 3502 4587 certamina

1916 4631 2038 4691 post
2064 4622 2334 4676 luxuriam
2367 4621 2621 4688 inivisse;
2681 4623 2748 4684 de
2787 4639 2851 4678 ea
2893 4634 3072 4678 autem
3107 4634 3160 4679 et
3190 4623 3501 4680 Matthauun

1909 4721 1970 4780 et
2006 4711 2271 4780 Marcum,
2326 4713 2420 4768 sed
2455 4722 2509 4768 et
2537 4711 2742 4768 Lucam
2783 4714 3089 4783 disserere;
3147 4723 3202 4770 et
3253 4718 3499 4770 eamdem

1916 4807 2203 4863 historiam
2258 4808 2638 4865 diﬂerentibus
2706 4810 2889 4865 verbis
2942 4818 3231 4866 narrantes
3293 4810 3502 4866 descri-

221 4903 396 4976 αὑτὴν
457 4903 697 4975 ἱστορίαν
756 4901 1036 4972 διαφόροις
1101 4903 1342 4974 ῥήμασιν
1382 4900 1807 4972 ἀπηγγελκότας

1917 4900 2112 4970 psisse.
2132 4901 2237 4955 Alii
2263 4917 2394 4956 vero
2412 4911 2464 4956 et
2493 4901 2563 4956 ad
2586 4917 2748 4957 unam
2767 4917 2958 4958 omnes
2987 4903 3274 4969 reducunt,
3294 4904 3502 4958 nullam

221 4990 678 5062 ἀναγράψασθαι.
721 4990 786 5043 Οἱ
837 4989 895 5042 δὲ
939 4990 1206 5061 καὶπρὸς
1254 4989 1383 5057 μίαν
1437 4991 1622 5052 πάσας
1687 5007 1812 5042 συν-

222 5085 473 5150 άγουσιν,
486 5083 744 5154 οὐδεμίαν
759 5086 825 5153 τῇ
844 5081 972 5155 δόξῃ
994 5081 1292 5151 ἀσφάλειαν
1311 5080 1679 5152 περιθέμενοι⁸
1699 5082 1815 5136 ἀλλ’

223 5177 335 5232 οὐδ’
357 5177 467 5230 ἀπὸ
491 5176 589 5248 τῆς
613 5176 721 5230 τῶν
763 5175 1075 5246 προσώπων
1109 5173 1393 5244 ποιότητος
1425 5174 1526 5245 τῆς
1558 5174 1815 5246 τοιαύτης

225 5269 573 5340 ὑπολήψεως,
595 5269 999 5341 ἐπιφερομένης
1019 5269 1079 5321 τὸ
1094 5267 1396 5338 αἰδέσιμον.
1428 5266 1809 5340 Ἀπολινὰριος

226 5365 334 5435 γὰρ
374 5364 473 5416 καὶ
518 5364 546 5416 ὁ
591 5362 969 5432 Μοψουεστίας
1014 5363 1286 5432 Θεόδωρος
1321 5359 1525 5423 ταύτης
1571 5361 1710 5414 εἰσὶν
1760 5363 1809 5414 οἱ

227 5459 580 5529 γεννήτορες’
615 5456 716 5526 ἐμὲ
748 5455 804 5508 δέ
832 5455 953 5508 οὑδέ
980 5454 1072 5509 δύο
1105 5455 1308 5516 ταύτας
1335 5454 1689 5525 ἐπιτρέπουσι
1720 5455 1813 5506 λέ-

229 5565 370 5616 γειν,
407 5548 533 5602 οὔτε
565 5549 658 5602 τοῦ
681 5548 935 5620 Σωτῆρος
974 5550 1020 5601 οἱ
1047 5548 1219 5616 λόγοι,
1249 5546 1371 5600 οὔτε
1401 5547 1507 5600 τῶν
1547 5546 1812 5618 φιλοθέων
1851 5587 1860 5592 ν

233 5642 511 5708 γυναικῶν
541 5642 597 5696 αἱ
640 5639 890 5712 πράξεις,
921 5641 1044 5694 οὑτε
1073 5642 1134 5694 τὸ
1171 5641 1426 5712 διάφορον
1469 5641 1561 5694 τοῦ
1593 5640 1812 5710 καιροῦ,

231 5737 345 5791 ἀλλ’
373 5737 492 5792 οὑδὲ
515 5738 636 5790 ’τῶν
668 5735 875 5790 θεατῶν
913 5736 1004 5789 καὶ
1048 5735 1335 5805 ἀκροατῶν
1373 5737 1406 5804 ἡ
1446 5735 1535 5787 ἐπὶ
1568 5733 1646 5805 τῷ
1676 5751 1816 5804 πρα-

1916 4993 2161 5062 opinioui
2195 4993 2508 5049 firmitatem
2536 4995 2932 5062 coneiliautes;
2985 4996 3080 5049 sed
3111 5010 3288 5065 neque
3317 5011 3346 5049 a
3375 5013 3502 5066 per-

1917 5099 2178 5140 sonarum
2216 5085 2485 5154 dignitate
2541 5086 2665 5143 talis
2712 5086 2899 5157 opinio
2943 5088 3048 5143 sibi
3089 5088 3501 5144 venerationem

1904 5178 2198 5240 ,couciliat.
2229 5178 2600 5247 Apollinarius
2625 5179 2772 5234 enim
2802 5188 2855 5234 et
2889 5179 3210 5234 Theodorus
3246 5178 3502 5250 Mopsue-

1920 5271 2059 5325 stius
2104 5285 2224 5324 eam
2279 5270 2442 5339 primi
2483 5270 2537 5324 in
2572 5271 2749 5324 lucem
2781 5273 3143 5340 protulerunt.
3188 5270 3272 5326 Me
3315 5283 3500 5327 autem

1916 5380 2011 5419 eas
2034 5379 2154 5419 esse
2200 5365 2337 5419 duas
2388 5380 2564 5436 neque
2600 5364 2900 5420 Salvatoris
2953 5369 3114 5419 vt-rba
3145 5366 3498 5432 convincunt,

1920 5472 2097 5527 neque
2124 5456 2446 5512 dileCIarum
2477 5473 2506 5511 a
2537 5458 2648 5512 Deo
2687 5458 3002 5521 mulierum,
3042 5473 3214 5527 neque
3252 5461 3502 5514 occasio-

1920 5549 2006 5602 nis
2033 5547 2361 5615 diﬂ'erenlia,
2387 5550 2480 5603 sed
2514 5564 2693 5620 neque
2713 5551 3076 5618 spectantium
3095 5549 3501 5603 etaudieutium

1920 5640 1988 5695 de
2042 5639 2188 5696 facto
2248 5641 2540 5696 sententia.
2603 5641 2725 5694 Alia
2746 5655 2876 5695 vero
2901 5642 2968 5695 iis
3002 5656 3112 5694 non
3148 5641 3359 5694 minora
3396 5653 3504 5694 ιτυε

1923 5748 2017 5807 eas
2048 5747 2170 5790 esse
2201 5733 2558 5816 convincunt,
2590 5732 2684 5790 sed
2717 5747 2894 5804 neque
2919 5731 3095 5786 tribus
3128 5732 3312 5801 plures
3329 5745 3506 5804 neque
