3884 6202
411 315 517 377 359

1572 318 1836 380 PIIO'l‘II
1857 318 2367 381 PATRIARCHIE
2398 318 2506 378 CP.

3556 319 3671 380 360

412 426 701 501 pauciores
731 441 858 483 esse
883 428 1134 484 edocent.
1173 429 1357 483 Primo
1411 429 1575 500 igitur
1610 440 1695 487 est
1722 447 1785 487 ea
1816 446 1978 501 quam

2106 432 2263 502 εθέντι
2309 433 2525 503 γνώμη,
2574 430 2667 485 καὶ
2704 430 2841 486 ἄλλα
2881 430 2939 486 δὲ
2986 431 3193 486 τούτων
3236 430 3339 485 ούκ
3384 428 3671 495 ἐλάττονα,

407 521 584 575 Lucas
631 520 939 589 descripsit,
1011 536 1135 590 qua:
1190 530 1318 575 ante
1375 523 1578 578 multos
1613 521 1743 578 Jesu
1771 522 1977 579 Christi

2106 526 2231 595 ερείς
2282 519 2681 588 εἷναιταύτας⁹
2731 522 2847 578 ἀλλ’
2895 522 3019 578 οὔτε
3059 523 3283 589 πλείους
3336 523 3450 578 τῶν
3500 523 3675 595 τριιῖιν

404 624 559 669 actus
586 620 641 668 et
663 613 945 669 doctrinas
970 612 1026 668 in
1053 612 1337 670 historiam
1361 616 1683 672 assumitur.
1707 614 1838 672 Post
1865 617 1982 672 haec

2106 616 2203 669 ιῡτε
2244 614 2502 681 ἐλάττους
2552 615 2881 670 ἐκδιδάσκει.
2928 617 3128 689 Πρώτη
3176 616 3276 687 μέν
3319 610 3414 672 οῦν
3458 617 3607 670 ἐστιν
3634 616 3676 688 ἠ

406 707 553 764 enim
613 716 668 762 et
717 706 785 762 ad
838 707 1284 777 praedicationem
1342 708 1639 778 discipulos
1691 710 1879 776 mittit,
1931 719 1985 765 et

408 799 813 873 multitudinem
857 800 1189 856 miraeulose
1239 800 1485 871 quinque
1522 800 1758 871 panibus
1786 802 1980 866 nutrit,

408 901 464 948 et
512 892 581 946 ab
607 891 874 962 apostolis
896 892 1083 963 opinio
1136 892 1203 948 de
1237 892 1467 948 Domino
1487 894 1775 963 quzeritur,
1818 904 1872 950 et
1900 894 1986 950 di-

408 983 571 1039 vinus
613 980 1111 1051 transﬁgurationis
1129 993 1290 1042 actus
1314 1000 1480 1057 supra
1494 994 1728 1041 mentem
1746 996 1801 1042 et
1819 986 1985 1043 ratio-

412 1089 534 1129 nem
590 1074 842 1130 ellicitur.
908 1073 1107 1130 «Facti
1148 1084 1296 1142 sunt,
1370 1077 1551 1148 inquit
1617 1077 1797 1145 enim,
1863 1088 1989 1150 post

410 1176 697 1219 sermones
744 1166 876 1220 istos
908 1166 1027 1222 dies
1057 1176 1203 1234 octo,
1258 1176 1313 1223 et
1359 1184 1649 1226 assumens
1689 1169 1905 1226 Petrum
1936 1178 1990 1227 et

415 1255 677 1311 Joannem
705 1266 759 1311 et
780 1255 1066 1323 Jacobum,
1097 1260 1411 1315 ascenditin
1439 1270 1675 1316 montem
1716 1276 1897 1326 orare,
1937 1270 1991 1318 et

413 1344 544 1401 dum
585 1358 788 1416 oraret,
842 1348 984 1405 facta
1037 1359 1120 1405 est
1170 1350 1341 1407 facies
1392 1354 1576 1408 vultus
1624 1354 1744 1424 ejus
1796 1353 1900 1408 alia
1936 1363 1992 1409 et

415 1441 739 1494 vestimenta
773 1441 892 1511 ejus
940 1441 1062 1497 alba
1100 1450 1155 1497 et
1187 1442 1523 1515 splendentia
1552 1448 1616 1513 “7,
1648 1466 1667 1499 ι
1717 1455 1823 1503 etc.
1885 1446 1992 1504 Sed

415 1531 560 1586 enim
583 1540 633 1585 et
660 1532 996 1603 septuaginta
1024 1533 1273 1605 discipuli
1305 1545 1429 1606 post
1462 1538 1575 1593 hare
1607 1538 1991 1611 designantur,

414 1629 469 1677 et
495 1623 767 1692 parabolre
797 1624 1199 1682 hortationibus
1213 1637 1603 1685 contexuntur.
1636 1629 1789 1687 Patet
1814 1644 1992 1687 autem

415 1714 723 1782 passionem
808 1716 1050 1770 nondum
1106 1717 1343 1786 instare;
1441 1736 1615 1787 neque
1675 1723 1993 1780 carnificum

2084 708 2237 782 παρὰ
2262 709 2342 781 τῷ
2375 710 2563 781 Λουκᾷ
2599 709 3092 781 ἁναγεγραμμένη,
3122 708 3246 781 ἥτις
3272 707 3367 762 καὶ
3395 706 3506 779 πρὸ
3538 707 3677 761 πολ-

2084 803 2191 857 λῶν
2231 801 2484 875 πράξεων
2515 802 2611 856 καὶ
2651 800 3013 856 διδασκαλιῶν
3049 801 3143 855 τοῦ
3179 800 3361 872 Ἰησοῦ
3408 803 3494 864 είς
3528 800 3674 853 ἱστο-

2088 898 2210 971 ρίαν
2260 898 2487 969 μνήμης
2530 894 2888 969 παρελήφθηο
2935 893 3075 967 μετὰ
3121 893 3299 949 ταῦτα
3345 894 3456 965 γὰρ
3492 896 3570 957 είς
3610 892 3680 948 τὸ

2087 992 2350 1062 κήρυγμα
2381 989 2632 1053 καὶτοὺς
2667 987 2915 1060 μαθητὰς
2963 986 3306 1054 ἀποστέλλει,
3339 987 3440 1040 καὶ
3474 986 3536 1039 τὸ
3568 984 3680 1038 τῶν

2089 1082 2248 1136 πέντε
2278 1083 2462 1154 ἄρτων
2492 1080 2989 1153 θαυματουργείται
3025 1079 3263 1149 πλῆθος,
3311 1077 3407 1132 καὶ
3455 1075 3493 1147 ἡ
3546 1077 3681 1145 περὶ

2087 1172 2183 1227 τοῦ
2210 1173 2535 1228 διδασκάλου
2562 1173 2670 1228 τῶν
2700 1171 2961 1244 μαθητῶν
2984 1171 3257 1243 ὑπόληψις
3282 1170 3679 1240 λογοθετεῖται,

2089 1268 2186 1322 καὶ
2220 1269 2253 1339 ὴ
2281 1267 2380 1338 τῆς
2407 1264 2888 1337 μεταμορφώσεως
2910 1265 3050 1337 ὑπὲρ
3073 1263 3199 1318 νοῦν
3228 1265 3321 1318 καὶ
3349 1264 3510 1331 λόγον
3539 1262 3686 1333 πρᾶ-

2092 1359 2173 1425 ξις
2186 1357 2545 1431 θεουργεῖται.
2567 1376 2585 1410 ι
2610 1356 2855 1427 Ἐγένετο
2875 1356 3007 1428 γὰρ,
3022 1356 3177 1427 φησὶ,
3197 1355 3335 1427 μετὰ
3347 1358 3474 1419 τοὺς
3486 1355 3686 1424 λόγους

2091 1447 2317 1511 τούτους
2355 1446 2486 1501 ὡσεὶ
2522 1447 2728 1519 ήμέραι
2756 1446 2923 1514 ὀκτὼ,
2970 1448 3063 1500 καὶ
3094 1445 3430 1517 παραλαϐὼν
3472 1446 3684 1517 Πέτρον

2094 1541 2189 1596 καὶ
2228 1540 2484 1612 Ἰωάννην
2528 1540 2624 1595 καὶ
2666 1539 2921 1593 Ἰάκωϐον
2949 1538 3117 1609 ἀνέϐη
3151 1538 3232 1602 είς
3258 1538 3321 1591 τὸ
3344 1538 3473 1610 ὅρος
3497 1554 3685 1609 προσ-

2096 1633 2358 1702 εύξασθαι
2382 1650 2397 1667 ο
2444 1633 2540 1688 καὶ
2598 1632 2816 1701 ἐγένετο
2841 1633 2900 1685 ἐν
2938 1631 3014 1703 τῷ
3060 1631 3462 1703 προσεύχεσθαι
3494 1630 3684 1695 αὑτὸν,

2095 1726 2158 1782 τὸ
2185 1724 2324 1792 εἶδος
2368 1724 2462 1781 τοῦ
2514 1724 2809 1798 προσώπου
2849 1723 3012 1778 αὐτοῦ
3054 1724 3263 1796 ἕτερον,
3304 1723 3400 1777 καὶ
3432 1724 3461 1777 ό
3508 1722 3690 1793 ίματι·

413 1805 725 1860 θυιιωοιιιηι
757 1806 983 1862 consilia
1019 1821 1116 1878 per
1145 1809 1476 1867 voluntatem
1502 1820 1557 1867 et
1579 1814 1991 1871 meditationem

2106 1820 2237 1891 σμὸς
2262 1816 2427 1873 αὐτοῦ
2466 1794 2659 1882 λευκὸς
2687 1815 3110 1887 ἐξαστράπτων,
3200 1816 3297 1868 καὶ
3328 1814 3478 1885 ἑξῆς.
3523 1813 3691 1867 Ἀλλὰ

412 1896 524 1953 vim
571 1908 910 1967 acceperant.

2100 1906 2208 1978 γὰρ
2235 1906 2328 1959 καὶ
2354 1905 2403 1958 oi
2435 1904 2806 1975 ἐϐδομήκοντα
2839 1904 3079 1975 μαθηταὶ
3106 1905 3247 1975 μετὰ
3277 1902 3452 1957 ταῦτα
3472 1901 3691 1956 ἀναδεί-

404 2006 638 2044 ηκνυνται
678 1991 772 2044 καὶ
802 1990 1113 2064 παραϐολαὶ
1157 1995 1278 2057 ταῖς
1315 1992 1624 2060 νουθεσίαις
1672 2000 2091 2067 συνυφαίνονται
2111 2016 2126 2033 ο
2165 1997 2321 2068 δῆλον
2344 1996 2401 2050 δέ
2429 1997 2505 2061 ὡς
2544 1996 2665 2049 οὐδὲ
2690 1996 2752 2049 τὸ
2784 1995 2956 2060 πάθος
2986 1995 3139 2050 οὔπω
3163 1997 3485 2067 ἐνεστήκει·
3513 1994 3627 2049 οὐδ’
3650 1994 3687 2066 ἡ

415 2085 525 2140 τῶν
567 2086 867 2157 μιαιφόνων
907 2087 1175 2142 Ἰουδαίων
1217 2090 1478 2163 ἐπιϐουλὴ
1529 2092 1617 2147 διὰ
1656 2092 1854 2165 βουλῆς
1899 2094 1995 2149 καὶ
2034 2094 2265 2167 μελέτης
2288 2092 2350 2147 τὸ
2383 2090 2549 2164 κῦρος
2582 2089 2907 2163 ἐλάμϐανεν.

490 2181 566 2236 Ex
611 2170 1034 2238 circumstantia
1074 2184 1294 2254 quidem
1345 2188 1654 2245 dill‘erentia
1701 2191 1846 2246 inter
1876 2207 1993 2247 eam

402 2290 541 2345 qua:
581 2276 724 2345 apud
767 2273 973 2328 Lucam
1026 2285 1111 2331 est
1155 2278 1436 2334 mulierem
1488 2290 1542 2336 et
1582 2283 1721 2337 inter
1750 2283 1886 2338 alias
1917 2283 1998 2339 sic

417 2367 697 2422 evidenter
716 2377 768 2422 et
801 2366 1176 2424 indubitanter
1201 2370 1514 2427 volentibus
1534 2373 1661 2429 licet
1689 2375 1995 2445 concipere.

418 2458 635 2514 Etenim
685 2458 914 2513 aliarum
969 2461 1419 2534 uniuscujusque,
1486 2464 1829 2521 Dominicam
1866 2481 1997 2537 pas-

420 2550 630 2606 sionem
687 2548 889 2604 Judreis
953 2552 1308 2610 meditatione
1366 2555 1476 2625 jam
1532 2556 1995 2623 machinantibus,

422 2641 665 2697 historia‘.
711 2640 1033 2695 memoriam
1092 2643 1357 2699 inducunt
1401 2646 1675 2702 :alterius
1736 2648 1882 2702 enim
1942 2649 2000 2702 iit

422 2734 630 2790 mentio
656 2743 782 2789 ante
808 2750 903 2791 sex
937 2736 1052 2792 dies
1094 2737 1352 2803 Paschze;
1413 2738 1638 2795 alterius
1688 2755 1818 2795 vero
1872 2749 1999 2796 ante

351 2901 359 2908 η
420 2827 561 2883 duos
613 2827 910 2899 passionis.
972 2829 1036 2883 Et
1083 2830 1308 2885 alterius
1355 2832 1624 2888 actionem
1671 2833 1903 2889 dilectus
1948 2843 2002 2888 et

420 2920 574 2990 virgo
622 2921 921 2991 discipulus
974 2921 1254 2987 describit,
1303 2938 1421 2993 quae
1457 2923 1651 2979 Lazari
1697 2934 1751 2979 et
1780 2923 2001 2979 Martha:

424 3028 582 3067 soror
597 3021 734 3077 erat,
765 3022 821 3067 et
849 3027 971 3082 quae
998 3027 1061 3066 ex
1082 3012 1295 3069 dilectis
1324 3029 1355 3069 a
1379 3015 1603 3087 Domino
1632 3014 1759 3071 Jesu
1786 3015 2003 3071 Christo

425 3106 933 3181 csse_noscebatur,
961 3113 1014 3158 et
1035 3120 1157 3159 cum
1187 3104 1295 3160 illis
1311 3106 1725 3161 admirationem
1750 3108 2005 3162 movebat

416 3200 483 3254 in
517 3200 585 3255 iis
609 3215 731 3270 quae
750 3200 816 3253 ad
848 3199 969 3254 vita:
986 3200 1385 3255 venerationem
1429 3208 1576 3253 sunt.
1633 3199 1765 3265 Quae
1795 3209 1850 3254 et
1876 3210 2003 3254 ante

424 3306 525 3347 sex
594 3291 713 3347 dies
768 3290 1001 3346 Pascha:
1038 3284 1214 3347 'sacra
1276 3291 1366 3345 illa
1423 3291 1706 3347 celebrans
1748 3294 2001 3361 mysteria

428 3383 648 3437 domum
683 3398 839 3438 suam
899 3398 1111 3437 sacram
1166 3392 1220 3438 et
1268 3383 1524 3437 mundam
1594 3382 1741 3442 fecit.
1805 3384 2005 3440 Praeter

2179 2190 2314 2243 Ἀπὸ
2348 2190 2446 2259 μὲν
2505 2187 2601 2242 τοῦ
2657 2187 2850 2260 καιροῦ
2881 2188 2949 2241 τὸ
2976 2188 3233 2261 διάφορον
3266 2188 3366 2259 τῆς
3392 2189 3547 2263 παρὰ
3607 2189 3694 2263 τῷ

2098 2283 2283 2355 Λουκᾷ
2308 2280 2572 2350 γυναικὸς
2599 2281 2739 2353 πρὸς
2775 2283 2872 2345 τὰς
2897 2281 3065 2347 ἄλλας
3094 2281 3237 2335 οὕτω
3286 2284 3540 2354 φανερῶς
3590 2284 3695 2338 καὶ

2099 2374 2487 2447 ἀναμφιϐόλως
2524 2374 2735 2440 ἔξεστιν
2759 2376 2959 2429 ἐννοεῖν
2980 2377 3090 2439 τοῖς
3119 2375 3468 2447 βουλομένοις
3505 2392 3521 2429 τ
3588 2379 3693 2431 καὶ

2099 2466 2207 2537 γὰρ
2236 2466 2345 2519 τῶν
2370 2465 2544 2519 ἄλλων
2568 2467 2835 2538 ἑκατέρας
2865 2466 2965 2538 ήδη
2997 2466 3090 2519 τοῦ
3118 2468 3451 2522 Δεσποτικοῦ
3477 2468 3694 2533 πάθους

2100 2559 2220 2620 ταῖς
2248 2557 2358 2610 τῶν
2396 2557 2667 2611 Ἰουδαίων
2696 2559 2951 2628 μελέταις
2982 2559 3377 2630 ἐνεργουμένου
3424 2561 3481 2613 αἱ
3538 2561 3694 2612 lato-

2104 2647 2218 2719 ρίαι
2244 2647 2341 2719 τὴν
2375 2648 2598 2719 μνήμην
2628 2647 2908 2715 εἰσάγουσι
2936 2664 2952 2678 ·
3004 2646 3103 2716 τὴν
3155 2646 3251 2716 μὲν
3312 2648 3420 2717 πρὸ
3454 2646 3512 2714 ἒξ
3547 2650 3695 2719 ἠμε-

2105 2740 2213 2810 ρῶν
2235 2739 2328 2795 τοῦ
2364 2740 2575 2811 Πάσχα,
2608 2738 2705 2809 τὴν
2731 2738 2787 2791 δὲ
2812 2738 2919 2809 πρὸ
2948 2721 3041 2791 δύο
3068 2738 3163 2790 τοῦ
3188 2738 3394 2802 πάθους
3422 2755 3439 2771 ο
3470 2739 3697 2810 καὶτῆς

2104 2830 2204 2899 μὲν
2232 2829 2331 2902 τὴν
2367 2829 2565 2900 πρᾶξιν
2593 2830 2621 2881 ὁ
2651 2828 3011 2899 ἠγαπημένος
3054 2828 3149 2881 καὶ
3190 2828 3459 2899 παρθένος
3508 2831 3697 2899 μαθη-

2101 2920 2203 2991 τὴς
2239 2921 2568 2991 ἀναγράφει,
2612 2920 2734 2992 ἥτις
2786 2922 2881 2973 καὶ
2933 2920 3135 2991 ἀδελφή
3189 2920 3285 2974 τοῦ
3323 2938 3385 2974 τε
3430 2922 3694 2991 Λαζάρου

2103 3011 2317 3081 καὶτῆς
2352 3010 2584 3083 Μάρθας
2616 3010 2977 3082 ἐχρημάτιζε,
3022 3013 3115 3065 καί
3145 3011 3253 3066 τῶν
3299 3014 3695 3084 ἀγαπωμένων

2105 3104 2433 3174 ἐγνωρίζετο
2492 3104 2587 3158 τοῦ
2640 3105 2849 3173 Κυρίου
2897 3104 3071 3177 Ἰησοῦ
3125 3104 3385 3176 Χριστοῦ,
3437 3106 3533 3159 καὶ
3578 3105 3699 3159 τῶν

2107 3193 2560 3265 θαυμαζομένων,
2593 3196 2693 3248 ὅσα
2716 3213 2779 3263 γε
2805 3198 2897 3250 ἐπὶ
2926 3200 2993 3267 τῇ
3043 3197 3139 3251 τοῦ
3180 3198 3295 3268 βίου
3329 3198 3640 3269 σεμνότητι
3676 3216 3691 3229 ·

2103 3284 2226 3355 ἥτις
2274 3284 2369 3338 καὶ
2397 3285 2505 3355 πρὸ
2536 3284 2596 3349 ἐξ
2626 3286 2852 3357 ἡμερῶν
2872 3286 2965 3341 τοῦ
2994 3289 3186 3357 Πάσχα
3214 3288 3313 3359 τὴν
3355 3290 3507 3360 ἱεράν
3541 3290 3696 3342 ἐκεί-

2105 3392 2203 3446 νην
2247 3376 2654 3447 ίερουργήσασα
2708 3378 2955 3449 τελετὴν,
3006 3379 3098 3432 τὸν
3157 3376 3306 3433 οἷκον
3344 3381 3513 3451 αὐτῆς
3546 3381 3697 3452 ἱερὸν

433 3475 532 3529 has
576 3475 733 3529 tertia
780 3483 832 3529 et
879 3474 1069 3529 ultima
1111 3490 1233 3543 quae
1264 3484 1389 3529 ante
1421 3475 1560 3530 duos
1587 3476 1703 3531 dies
1732 3476 2000 3547 passionis

2111 3468 2417 3539 ἀνάκτορον
2439 3470 2815 3541 ἀπειργάσατο
2843 3486 2859 3501 ·
2885 3471 2977 3525 ἐπὶ
3007 3471 3233 3536 ταύταις
3260 3474 3293 3543 ἡ
3330 3473 3490 3544 τρίτη
3526 3474 3627 3526 καὶ
3660 3476 3694 3544 ή

431 3564 722 3620 Dominum
777 3566 954 3629 unxit,
1015 3567 1082 3620 de
1147 3581 1255 3636 qua
1306 3564 1591 3621 Mattlueus
1654 3578 1708 3622 et
1782 3567 1999 3625 Marcus

426 3658 803 3713 narrationem
852 3656 1247 3713 ordinaverunt
1284 3674 1306 3714 γι
1335 3658 1499 3729 igitur
1544 3675 1726 3716 sermo
1748 3661 1869 3717 illas
1896 3670 2007 3719 tres

430 3750 627 3805 merito
650 3749 974 3819 proclamat.

502 3918 572 3976 Et
608 3934 672 3973 ex
700 3919 804 3973 hac
832 3927 987 3989 parte
1012 3919 1237 3989 insuper
1273 3920 1584 3975 considera.
1647 3919 1762 3977 Una
1784 3920 2007 3991 quidem

431 4012 753 4082 simpliciter
795 4012 1014 4066 malitiae
1055 4014 1276 4067 nomine
1325 4016 1597 4083 peccatrix
1655 4021 1903 4077 vocatur,
1954 4020 2009 4068 et

434 4103 488 4157 in
543 4103 705 4157 domo
752 4102 1046 4167 Pbariszei,
1105 4118 1213 4157 non
1262 4112 1441 4158 autem
1488 4103 1730 4159 Simonis
1785 4104 2007 4175 leprosi,

433 4192 622 4250 Iesum
650 4194 817 4260 videt,
866 4194 961 4264 qui
988 4193 1301 4249 convivium
1331 4196 1657 4251 celebrantis
1689 4196 2010 4251 invitatione

434 4289 578 4338 arcte
609 4293 663 4337 et
707 4296 908 4337 utensa:
944 4283 1217 4352 particeps
1270 4283 1644 4338 accumbebat.
1706 4281 1828 4354 Ipsa
1879 4294 2007 4340 ante

435 4382 771 4444 unguentum
850 4372 1079 4429 eﬁ‘unclit
1155 4374 1454 4445 lacrymas;
1544 4383 1599 4430 et
1644 4377 1809 4446 pedes
1876 4376 2008 4433 Jesu

437 4469 628 4537 irrigat
681 4476 736 4521 et
782 4467 997 4537 capillis
1044 4467 1236 4537 capitis
1295 4468 1477 4538 tergit,
1516 4475 1572 4523 et
1619 4470 1835 4523 amandi
1869 4470 2011 4539 capit

439 4558 695 4612 liduciam
741 4565 795 4611 et
839 4558 963 4611 dein
1033 4558 1199 4612 libere
1252 4559 1360 4628 agit
1425 4566 1479 4612 et
1531 4570 1808 4629 unguento
1849 4560 2011 4630 pedes

437 4652 627 4722 ungit;
690 4664 801 4719 quo
845 4651 1012 4714 iacto,
1079 4659 1257 4705 tacent
1321 4651 1541 4719 quidem
1600 4653 1693 4721 qui
1725 4653 1925 4708 adsunt
1957 4663 2012 4707 et

437 4756 598 4797 nemo
656 4742 824 4795 ullam
887 4743 1361 4811 exprobrationem
1415 4743 1753 4798 mulierculae
1812 4744 2003 4813 injicit.

436 4834 747 4891 Pbarisaeus
778 4843 959 4888 autem
988 4833 1139 4888 solus
1157 4842 1212 4887 et
1233 4843 1364 4889 tunc
1383 4832 1437 4887 in
1466 4849 1523 4889 se
1548 4850 1614 4889 eo
1640 4844 1760 4889 actu
1784 4847 2011 4890 vexatus

2108 3560 2413 3626 τελευταία,
2448 3562 2482 3631 ἠ
2514 3560 2621 3629 πρὸ
2649 3559 2743 3614 δύο
2770 3560 2994 3633 ήμερῶν
3041 3562 3315 3633 άλείψαοα
3346 3562 3439 3615 τοῦ
3483 3563 3696 3627 πάθους

2107 3653 2198 3706 τὸν
2230 3652 2483 3723 Σωτῆρα,
2521 3651 2653 3723 περὶ
2676 3648 2746 3726 ἧς
2770 3654 3052 3717 Ματθαῖός
3101 3671 3161 3708 τε
3194 3656 3287 3709 καὶ
3319 3655 3550 3727 Μάρκος
3594 3656 3697 3727 τὴν

2106 3743 2359 3813 διήγησιν
2404 3744 2783 3813 άνετάξοντιδο
2813 3744 3013 3800 οὐκοῦν
3054 3748 3082 3800 ό
3108 3746 3268 3817 λόγος
3309 3746 3553 3817 εὐλόγως
3598 3748 3692 3802 αὗ-

2106 3834 2205 3898 τάς
2232 3836 2380 3905 τρεῖς
2406 3834 2787 3906 άνακηρύττει.

2183 3926 2290 3979 Καὶ
2309 3927 2411 3989 ὅρα
2440 3928 2774 3982 κάντεῦθεν
2822 3931 2921 3985 καὶ
2966 3930 3001 4003 ή
3060 3931 3161 4003 μὲν
3214 3931 3404 3999 ἁπλῶς
3462 3934 3543 4006 τῷ
3594 3933 3696 4005 τῆς

2111 4017 2309 4081 κακίας
2368 4018 2591 4089 ὀνόματι
2625 4058 2641 4085 ,
2702 4020 3025 4092 ἁμαρτωλὸς
3094 4024 3453 4094 ὀνομάζεται,
3490 4030 3585 4079 καὶ
3614 4029 3696 4089 είς

2107 4110 2208 4186 τὴν
2275 4110 2454 4163 οἰκίαν
2498 4111 2591 4163 τοῦ
2642 4112 2977 4184 Φαρισαίου,
3025 4114 3149 4185 ούχὶ
3198 4115 3255 4170 δέ
3300 4118 3394 4171 τοῦ
3447 4118 3697 4191 Σίμωνος

2110 4202 2206 4256 τοῦ
2278 4204 2520 4273 λεπροῦ,
2594 4206 2686 4258 τὸν
2753 4206 2959 4278 Ἰησοῦν
3011 4209 3154 4280 ὁρᾷ,
3210 4213 3276 4280 τῇ
3346 4214 3696 4285 παρακλήσει

2109 4294 2203 4347 τοῦ
2287 4294 2575 4359 ἐστιῶντος
2638 4296 2783 4349 ἁλῶν
2860 4299 2956 4351 καὶ
3022 4300 3324 4371 τραπέζης’
3359 4304 3694 4372 κοινωνῆσαι

2110 4386 2574 4457 κατακεκλιμένον
2618 4402 2635 4417 ⁸
2708 4387 2846 4460 αὓτη
2901 4390 2997 4443 καὶ
3064 4390 3157 4443 τοῦ
3224 4391 3395 4464 μύρου
3471 4398 3692 4467 προχέει

2110 4479 2178 4532 τὰ
2240 4478 2473 4549 δάκρυα,
2542 4481 2637 4534 καὶ
2694 4482 2821 4545 τοὺς
2879 4483 3047 4547 πόδας
3101 4483 3289 4555 βρέχει
3338 4484 3431 4538 τοῦ
3494 4488 3689 4557 Ἰησοῦ,

2111 4570 2204 4623 καὶ
2238 4574 2353 4634 ταῖς
2376 4571 2523 4643 Opta
2543 4571 2643 4642 τῆς
2682 4574 2923 4645 κεφαλῆς
2978 4577 3266 4646 ἐκμάσσει,
3328 4578 3422 4629 καὶ
3457 4595 3695 4646 καταφι-

2110 4661 2220 4714 λεῖν
2248 4661 2516 4733 λαμϐάνει
2540 4664 2761 4735 θάρσος,
2803 4667 3056 4721 κάκεῖθεν
3086 4669 3547 4741 παρρησιάζεται,
3600 4673 3693 4726 καὶ

2110 4757 2190 4827 τῷ
2224 4756 2381 4828 μύρῳ
2418 4757 2545 4821 τοὺς
2603 4760 2771 4822 πόδας
2844 4760 3054 4829 ἀλείφει
3084 4778 3098 4791 ο
3150 4764 3244 4814 καὶ
3297 4762 3545 4815 σιωπῶσι
3592 4763 3693 4831 μὲν

2111 4848 2203 4902 ἐπὶ
2224 4851 2289 4920 τῇ
2322 4850 2519 4919 πράξει
2553 4852 2753 4915 πάντες
2784 4852 2832 4904 oi
2864 4853 3149 4923 παρόντες,
3201 4857 3293 4908 καὶ
3317 4855 3492 4918 οὐδεὶς
3545 4857 3693 4909 οὐδε-

437 4924 656 4993 agnitus
685 4930 793 4979 est.
825 4922 1008 4992 inquit
1031 4925 1176 4977 enim
1215 4941 1227 4976 :
1276 4940 1297 4973 ι
1320 4922 1421 4977 llic
1450 4923 1496 4978 si
1540 4923 1801 4993 propheta
1843 4934 2000 4989 esset1

2119 4941 2247 5011 μίαν
2278 4941 2595 5013 ἐπιτίμησιν
2624 4943 2819 5011 ἐπάγει
2874 4922 2951 5013 τῷ
2981 4947 3206 5017 γυναίῳο
3230 4949 3257 5000 ό
3294 4947 3349 4999 δὲ
3400 4948 3693 5019 Φαρισαῖος

436 5018 600 5072 sciret
654 5017 843 5086 utique
906 5030 1157 5085 quaenam
1216 5024 1271 5070 et
1323 5016 1499 5087 qualis
1536 5016 1607 5069 sit
1648 5017 1843 5069 mulier
1888 5032 2009 5086 qua:

434 5125 560 5165 eum
591 5112 784 5178 tangit,
830 5117 883 5161 et
922 5124 1041 5163 eam
1102 5110 1458 5178 peccatricem
1494 5124 1615 5163 esse
1636 5109 1701 5163 ⁸⁸.
1726 5127 1745 5161 ι
1811 5110 2010 5163 Deinde

434 5201 596 5257 Jesus
616 5200 766 5254 illum
790 5201 1026 5270 propriis
1054 5201 1233 5255 verbis
1257 5211 1472 5255 coercet
1504 5216 1675 5268 osque
1696 5201 1745 5255 ei
1784 5200 2007 5267 claudit,

436 5287 683 5342 mulieris
718 5298 899 5343 autem
958 5297 1139 5343 actum
1189 5290 1404 5343 extollit
1460 5297 1514 5343 et
1564 5290 2011 5347 convenientibus

420 5378 627 5449 elogiis
664 5390 979 5443 veneratur,
1032 5387 1086 5432 et
1138 5378 1443 5432 mercedem
1485 5384 1639 5431 actus
1674 5376 1723 5431 ei
1751 5392 2008 5448 maguum

436 5487 640 5527 munus
663 5472 863 5536 reddit,
897 5479 1244 5542 peccatorum
1285 5469 1699 5536 remissionem;
1745 5479 1799 5524 et
1836 5486 2013 5541 neque

438 5565 541 5621 hoc
571 5564 648 5619 illi
677 5564 907 5629 sullicit,
949 5563 1043 5619 sed
1072 5573 1126 5618 ct
1166 5562 1395 5619 salutem
1440 5563 1493 5616 in
1519 5561 1640 5631 ejus
1688 5565 2011 5619 sententiam
2042 5600 2065 5607 ε

479 5750 521 5781 ⁸⁷
548 5747 739 5804 Matth.
771 5762 907 5813 xvu,
939 5746 962 5800 l
1000 5764 1152 5820 seqq.
1191 5748 1235 5780 ⁸⁸
1261 5747 1395 5806 Luc.
1417 5764 1517 5814 vn,
1552 5747 1644 5801 59.

2120 5034 2280 5102 μόνος
2296 5033 2390 5084 καὶ
2417 5033 2540 5086 τότε
2558 5035 2615 5086 ἐν
2633 5034 2810 5105 ἐαυτῷ
2830 5039 2893 5107 τῇ
2918 5037 3112 5108 πράξει
3135 5038 3499 5109 δυσχεραίνων
3524 5040 3691 5108 ἐγνώ-

2118 5126 2216 5195 σθη
2253 5141 2266 5156 ·
2304 5127 2439 5196 φησὶ
2470 5126 2579 5197 γάρ
2610 5144 2623 5157 ·
2661 5144 2679 5179 ι
2722 5125 2887 5192 Οὗτος
2911 5132 2958 5181 εί
2987 5126 3055 5199 ἦν
3081 5132 3364 5202 προφήτης
3394 5132 3692 5199 ἐγίνωσκεν

2120 5217 2185 5270 ἂν
2217 5217 2299 5279 τίς
2319 5219 2415 5270 καὶ
2458 5220 2677 5289 ποταπὴ
2706 5220 2739 5291 ή
2766 5220 2901 5292 γυνὴ
2934 5221 3059 5291 ἥτις
3109 5223 3343 5275 ἅπτεται
3391 5223 3579 5288 αὑτοῦ,
3612 5224 3692 5276 ὅτι

2119 5312 2446 5382 ἁμαρτωλός
2498 5314 2647 5365 ἐστιν
2672 5330 2683 5341 ·
2724 5333 2743 5366 ι
2779 5310 2895 5367 εἶτα
2938 5318 2965 5366 ὁ
2998 5315 3202 5386 Ἰησοῦς
3232 5318 3438 5369 ἐκεῖνον
3468 5318 3568 5386 μὲν
3629 5317 3691 5369 ἐκ

2118 5402 2227 5454 τῶν
2249 5402 2469 5457 οἰκείων
2526 5402 2699 5472 λόγων
2749 5408 3067 5477 συμποδίζει
3095 5425 3151 5460 τε
3206 5410 3299 5461 καὶ
3326 5409 3688 5479 ἐπιστομίζει.

2119 5497 2217 5566 τῆς
2270 5497 2327 5550 δὲ
2387 5499 2649 5564 γυναικὸς
2673 5500 2771 5571 τὴν
2820 5500 3018 5571 πρᾶξιν
3069 5503 3286 5573 ἐπαίρει
3322 5518 3400 5565 τε,
3450 5504 3546 5554 καὶ
3584 5506 3689 5564 τῶς

2122 5589 2427 5659 πρέπουσιν
2456 5590 2755 5661 ἐγκωμίοις
2785 5593 3169 5664 ἀποσεμνύνει,
3199 5593 3290 5649 καὶ
3326 5594 3519 5665 μισθὸν
3555 5595 3687 5663 αὐτῇ

2960 5866 2991 5891 θ
