3884 6202
224 209 337 275 861»
1145 223 1247 284 AD
1273 224 1870 291 AMPHILOCHIUM
1903 229 2250 303 QUIESTIO
2279 227 2549 293 XLVIII}.
3399 229 3506 297 362

223 323 326 393 τῆς
353 322 607 395 πράξεως
638 327 979 384 ἀντιδίδωσιν
1005 331 1066 385 τὸ
1090 332 1235 403 μέγα
1266 337 1462 408 δῶρον,
1485 340 1594 393 τῶν
1625 341 1809 412 ἁμαρ-

1923 342 2179 398 adducit:
2250 341 2456 397 «Fides
2505 350 2622 409 tua,
2674 340 2876 413 inquit,
2924 352 2975 399 te
3005 342 3213 399 salvam
3257 343 3499 401 fecit°’.i

223 414 488 484 τημάτων
501 418 620 492 ,τὴν
652 420 849 490 ἄφεσιν
878 437 893 453 ο
940 423 1036 477 καὶ
1060 425 1183 480 οὐδὲ
1219 428 1383 500 μέχρι
1436 432 1630 485 τούτου
1664 432 1818 487 ἵστα-

1927 435 2004 490 Ea
2072 436 2241 507 igitur
2306 450 2432 504 quae
2492 435 2635 504 apud
2702 434 2906 491 Lucam
2975 436 3253 494 invenitur
3305 438 3507 494 talibus

224 520 340 572 ται,
375 508 510 565 ἀλλά
568 512 667 565 καὶ
729 513 831 584 τὴν
907 514 1011 587 τῆς
1071 520 1334 586 γυναικὸς
1391 524 1673 594 σωτηρίαν
1736 527 1818 590 εἰς

1923 525 2248 583 ditferentiis
2271 526 2342 581 ab
2374 526 2499 580 aliis
2529 525 2882 582 discernitur.

224 598 327 670 τὴν
356 601 526 672 αὐτῆς
555 602 749 675 ἀνάγει
776 605 1029 679 γνώμην,
1066 627 1092 661 ι
1112 610 1180 664 Ἥ
1207 611 1389 677 πίστις
1418 632 1511 669 σου
1538 618 1668 688 γάρ,
1700 618 1856 689 φησὶ,
1899 614 2120 673 σέσωκέ
2149 636 2231 675 σε.
2264 637 2283 670 ι
2327 617 2478 688 Αὕτη
2508 618 2608 690 μὲν
2648 614 2744 673 οῦν
2781 619 2991 691 ήπαρὰ
3038 620 3117 692 τῷ
3167 621 3354 693 Aoum?
3412 621 3507 676 καὶ

222 694 517 760 τοσαύταις
589 698 722 768 πρὸς
804 704 924 767 ταῖς
998 703 1186 770 ἄλλαις
1240 707 1565 780 ἀφορίζεται
1625 711 1931 784 διαφοραῖς.

313 789 388 895 ’Ἥ
440 791 499 845 δὲ
527 882 541 895 “
570 794 725 895 παρὰ.
785 797 871 895 τῷ.
918 799 1264 895 ἠγαπημένῳ
1313 804 1527 895 μαθητῇ
1574 808 1813 879 ἐμφανε-

1986 808 2123 879 Quae
2149 824 2283 864 vero
2301 819 2383 864 est
2408 808 2553 879 apud
2585 808 2846 864 dilectum
2864 807 3192 879 discipulum
3214 806 3506 863 manifesta

228 882 434 984 fndth
454 882 585 984 ’μὲν
648 885 762 955 ἔχει
822 888 921 960 τὴν
975 890 1264 962 διαφορὰν,
1315 894 1398 949 ὅτι
1466 896 1563 951 καὶ
1626 897 1814 966 γένους

1923 900 2135 971 quidem
2168 908 2391 955 notatur
2421 899 2749 967 differentia,
2800 900 2947 971 quod
2980 914 3177 971 nempe
3211 908 3267 956 ct
3306 914 3507 970 genere

224 968 487 1076 λαμπροῦ
539 976 636 1076 καὶ
692 978 871 1044 οίκίας
916 979 1191 1053 ἐπισήμου
1250 984 1347 1039 καὶ
1396 984 1817 1060 θαυμαζομένου

1923 968 2116 1049 illustri
2144 1001 2199 1048 et
2227 992 2428 1050 celebri
2454 993 2619 1049 domo
2647 1002 2703 1049 et
2733 968 2969 1048 mirabili
3002 968 3127 1048 vitai
3147 1001 3265 1060 est;
3299 968 3355 1049 et
3395 992 3509 1047 fra-

226 1060 370 1155 βξου,
403 1064 498 1155 καὶ
548 1064 641 1121 τὸν
696 1068 931 1138 ἀδελφὸν
994 1071 1272 1128 ἀπέλαϐεν
1310 1076 1449 1147 ἄρτι,
1491 1077 1603 1131 τῶν
1631 1080 1818 1135 πυλῶν

1923 1093 2052 1140 trem
2083 1085 2289 1155 recepit
2312 1100 2506 1141 recens
2537 1101 2566 1140 a
2616 1086 2787 1155 portis
2820 1084 2980 1140 inferi
3035 1093 3371 1148 retractum;
3411 1085 3504 1154 qui

178 1183 190 1193 -
223 1151 590 1211 ἀναδεδυκότα
642 1158 735 1213 τοῦ
768 1160 896 1233 ᾆδον
922 1178 936 1191 °
982 1161 1057 1227 ὡς
1102 1166 1197 1219 καὶ
1235 1168 1583 1225 συνανέκειτο
1624 1171 1682 1224 ὲν
1738 1170 1817 1244 τῷ

1923 1174 2174 1230 recubuit
2200 1175 2255 1230 in
2274 1190 2431 1231 caena
2462 1191 2587 1231 cum
2609 1174 2759 1243 Jesu,
2790 1175 2961 1231 Maria
2986 1177 3106 1247 ipsa
3138 1176 3506 1239 ministrante,

221 1243 428 1318 δείπνῳ
471 1248 567 1303 τοῦ
630 1250 830 1322 Ἰησοῦ,
883 1254 985 1325 τῆς
1038 1258 1260 1326 Μαρίας
1311 1260 1482 1331 αὐτῆς
1532 1243 1815 1318 διακονούὲ

1923 1263 2142 1334 quando
2173 1270 2228 1318 ct
2278 1273 2555 1335 unguenta
2602 1263 2834 1319 effundit
2884 1274 2939 1318 et
2977 1243 3141 1333 tergit
3182 1273 3237 1319 et
3271 1264 3385 1335 ipsa
3415 1279 3508 1320 ca-

224 1352 353 1403 σης,
397 1338 560 1407 ἡνίκα
590 1341 685 1396 καὶ
720 1344 989 1416 προσάγει
1041 1347 1103 1401 τὸ
1157 1349 1353 1421 μῦρον,
1410 1352 1506 1409 καὶ
1543 1354 1813 1426 έκμάσσει

1923 1354 2105 1424 pillis,
2134 1370 2244 1411 non
2281 1357 2347 1411 ad
2399 1357 2897 1413 remunerationem
2947 1357 3187 1427 aliquam
3256 1356 3511 1412 divinum

223 1429 324 1520 atat
354 1430 494 1503 αὐτὴ
533 1436 653 1498 ταῖς
690 1434 889 1507 θριξὶν,
923 1440 986 1493 οὐ
1017 1439 1155 1512 πρὸς
1204 1442 1540 1514 ἀντάμειψίν
1578 1463 1706 1502 τινα
1753 1448 1816 1504 τὸ

1923 1447 2026 1503 hoc
2065 1463 2204 1518 opus
2226 1463 2464 1518 ponens,
2502 1450 2596 1505 sed
2629 1451 2808 1520 potius
2843 1449 3191 1520 gratitudinis
3229 1449 3503 1519 piaculum

228 1517 539 1622 θεοπρεπὲς
580 1523 742 1596 ἔργον
803 1530 1285 1605 καταϐαλλομένη,
1319 1534 1437 1589 ἀλλ’
1465 1536 1818 1609 εὐχαριστίας

1923 1517 2141 1611 propter
2167 1517 2372 1596 factum
2411 1543 2466 1597 in
2502 1517 2725 1597 fratrem
2764 1517 3089 1597 miraculum
3138 1517 3406 1614 cogitans.
3441 1540 3507 1596 Et

224 1607 436 1703 μᾶλλον
468 1609 569 1703 τῆς
595 1618 973 1689 γεγενημένης
994 1622 1124 1693 περὶ
1158 1622 1252 1676 τὸν
1275 1624 1502 1695 ἀδελφὸν
1532 1607 1818 1701 θεουργίας

1923 1639 2052 1685 tunc
2090 1631 2349 1701 discipuli
2409 1648 2604 1689 omnes
2657 1633 2879 1688 silentio
2919 1633 3189 1689 actionem
3238 1633 3505 1703 probave-

220 1698 522 1768 ἀφοσίωσίν
570 1722 690 1759 τινα
718 1708 1029 1765 ὲπινοοῦσα.
1065 1714 1368 1771 Κάνταῦθα
1414 1717 1515 1788 μὲν
1542 1719 1594 1772 οἱ
1643 1698 1829 1789 μάθῃ-μ

219 1789 319 1882 ταὶ
353 1792 574 1859 πάντες,
605 1800 733 1869 σιγῇ
753 1799 851 1870 τὴν
876 1801 1076 1870 πρᾶξιν
1092 1804 1421 1874 ἠσπάζοντο·
1451 1810 1549 1863 καὶ
1571 1809 1663 1864 τοῦ
1688 1828 1754 1864 πε
1762 1810 1820 1882 pl

218 1879 321 1935 τὸν
348 1882 601 1956 Λάζαρον
633 1887 912 1960 θαύματος
942 1893 1075 1958 ἴσως
1106 1895 1206 1967 τὴν
1255 1898 1562 1972 ὑπερϐολὴν
1604 1879 1818 1956 ἐννοοῦ-

223 1984 384 2039 μενοι
412 1972 504 2025 καὶ
554 1974 654 2046 τῆς
688 1978 953 2041 γυναικὸς
1008 1981 1109 2052 τὴν
1162 1984 1452 2041 εὐλάϐειαν
1508 1988 1575 2042 δι’
1636 1988 1819 2054 αἰδοῦς

225 2059 493 2133 φέροντες
519 2080 534 2096 ο
597 2066 760 2137 μόνος
792 2069 849 2123 δὲ
881 2073 979 2145 τῆς
1006 2074 1373 2148 φιλαργυρίας
1428 2078 1490 2134 τὸ
1546 2080 1817 2152 ἀνδράπο-

218 2152 468 2245 δον,γτῆς
530 2158 821 2231 προδοσίας
872 2163 900 2216 ὀ
958 2164 1203 2238 κάπηλος
1255 2170 1658 2240 καταγογγύζει
1716 2176 1816 2245 τῆς

220 2244 480 2317 πράξεως
507 2264 522 2281 ο
551 2249 645 2304 καὶ
671 2253 699 2305 ὁ
731 2252 941 2323 Ἰησοῦς
965 2258 1065 2329 τὴν
1096 2260 1255 2314 νόσον
1284 2261 1374 2331 ὑφ’
1416 2256 1485 2336 ης
1539 2244 1815 2337 κεκρατη-

223 2337 392 2407 μένος
427 2339 601 2395 ταῦτα
632 2342 904 2414 ἔπραττεν
960 2349 1042 2412 είς
1101 2351 1268 2421 μέσον
1312 2354 1484 2423 ἄγων,
1533 2352 1689 2411 εἶπεν
1718 2360 1815 2414 αὑ-

1920 1733 2087 1790 runt;
2133 1731 2188 1779 et
2228 1724 2481 1780 miraculi
2519 1724 2575 1779 in
2606 1723 2874 1779 Lazarum
2922 1724 3061 1781 forte
3097 1739 3386 1780 excessum
3420 1725 3505 1778 in-

1921 1815 2248 1887 telligcntes,
2296 1824 2352 1871 et
2418 1816 2637 1871 feminae
2690 1816 3116 1872 sollicitudinem
3162 1814 3505 1872 venerationi

1918 1908 2203 1964 habentes.
2253 1908 2418 1965 Solus
2449 1909 2691 1964 avaritia:
2729 1925 2923 1966 servus
2960 1908 3290 1981 proditionis
3324 1920 3506 1978 caupo

1919 2009 2105 2055 actum
2137 2000 2433 2071 vituperat.
2489 2011 2545 2056 et
2568 2000 2729 2057 Iesus
2787 2002 3037 2057 morbum
3094 2014 3205 2071 quo
3249 1999 3508 2055 laborans

1920 2092 2023 2147 hoc
2046 2093 2261 2164 agebat,
2290 2093 2345 2148 in
2386 2093 2627 2149 medium
2651 2092 2958 2165 proferens,
2980 2094 3160 2164 inquit
3185 2092 3296 2147 illi:
3330 2111 3349 2144 ι
3376 2091 3508 2147 Sine

1918 2183 2100 2252 illam;
2134 2185 2187 2240 in
2214 2185 2358 2241 diem
2393 2185 2539 2242 enim
2581 2186 2874 2256 sepulturae
2928 2200 3063 2241 mea:
3116 2184 3222 2240 hoc
3251 2184 3509 2239 observa-

1915 2275 1992 2332 vit
2014 2276 2097 2340 '°;
2136 2296 2154 2328 ι
2184 2274 2239 2330 id
2259 2285 2344 2332 est
2371 2293 2386 2331 :
2415 2285 2471 2333 tu
2491 2276 2714 2347 quidem
2737 2291 2873 2332 mea:
2892 2275 3054 2330 morti
3083 2275 3355 2341 studes,et
3383 2274 3507 2330 ideo

1916 2368 2012 2423 tibi
2042 2368 2212 2438 hujus
2247 2369 2513 2440 unguenti
2548 2369 2786 2439 pretium
2831 2367 3253 2425 dilectissimum
3279 2377 3382 2423 est.
3409 2367 3503 2422 illa

218 2429 327 2502 τῷ’
366 2449 385 2486 t
418 2433 592 2531 ᾌφες
619 2435 825 2531 αὐτὴν,
851 2439 1063 2531 είςτην
1087 2443 1301 2514 ἡμέραν
1323 2446 1417 2500 τοῦ
1441 2450 1812 2521 ἐνταφιασμοῦ

1923 2469 2095 2517 autem
2127 2473 2276 2516 tuam
2308 2463 2551 2531 exlegem
2604 2461 2876 2516 actionem
2906 2476 3001 2530 per
3025 2475 3086 2514 ea
3122 2474 3244 2530 qua:
3283 2466 3503 2529 operata

224 2540 338 2595 μου
367 2525 673 2597 τετήρηκεν
695 2527 848 2583 αὐτό.
880 2548 899 2582 ι
941 2530 1087 2603 Ἀοντὶ
1112 2534 1229 2598 τοῦ,
1263 2536 1335 2591 Σὺ
1388 2537 1489 2609 μὲν
1544 2540 1634 2594 τὸν
1678 2541 1811 2612 ἐμὸν

1923 2561 1997 2605 est
2024 2551 2304 2619 inscribit;
2342 2562 2396 2606 et
2423 2525 2603 2613 docet,
2636 2549 2737 2606 etsi
2762 2525 2972 2603 disce-re
2998 2562 3107 2616 prze
3128 2525 3504 2612 divitia-nolis,

222 2615 549 2681 σπουδάζεις
575 2616 828 2687 θάνατον,
848 2620 938 2674 διὰ
956 2622 1112 2677 τοῦτό
1137 2642 1218 2680 σοι
1245 2627 1337 2681 καὶ
1361 2629 1395 2702 ἡ
1422 2627 1515 2682 τοῦ
1548 2630 1811 2702 μύρουτι-

1913 2656 1974 2698 se
1999 2644 2046 2696 ei
2075 2657 2236 2712 quem
2264 2642 2423 2712 cupis
2444 2641 2678 2711 prodere
2704 2650 2765 2695 ut
2785 2639 2896 2696 Deo
2923 2638 3253 2695 sacriﬁcium
3282 2637 3503 2711 oﬂ'erre,

223 2706 304 2778 μὴ
339 2709 830 2795 περισπούδαστον
864 2712 1005 2783 αὕτη
1017 2714 1074 2768 δέ
1098 2734 1193 2771 σου
1205 2718 1583 2793 τὴνέκθεσμον
1609 2722 1807 2795 πρᾶξιν

1923 2741 2115 2790 etcum
2144 2742 2203 2788 ut
2230 2731 2399 2788 Deum
2426 2733 2698 2788 venerari.
2730 2730 2836 2786 Sed
2865 2746 2927 2785 ea
2963 2737 3082 2785 erat
3104 2728 3295 2785 Lazari
3325 2743 3503 2786 soror.

221 2799 322 2852 καὶ
343 2798 409 2853 δι’
434 2793 509 2854 ὧν
542 2802 841 2874 εἰργάσατο
870 2806 1193 2877 στηλιτεύει·
1229 2810 1324 2863 καὶ
1341 2810 1581 2867 διδάσκει
1607 2786 1709 2866 κάν
1737 2814 1813 2886 μὴ
1843 2786 1887 2845 c

224 2891 426 2961 μαθεῖν
458 2895 781 2968 ὲπωρὼθης,
814 2898 897 2951 ὅτι
930 2899 1101 2971 ὅνπερ
1130 2901 1195 2954 σὺ
1237 2902 1531 2973 προδοῦναι
1578 2906 1815 2960 σπουδά-

220 2979 366 3047 ζεις,
397 2983 535 3056 αῦτη
560 2984 679 3058 Θεῷ
705 2987 795 3041 ι’σα
824 2986 1072 3055 θυσιάζει
1108 2991 1203 3044 καὶ
1228 2991 1442 3048 σέϐεται
1469 3008 1485 3025 ’
1534 2995 1669 3050 ἀλλὰ
1702 3014 1814 3050 τοι-

221 3075 372 3147 αύτη
405 3076 505 3148 μὲν
544 3079 639 3133 καὶ
670 3081 705 3151 ἡ
745 3080 840 3134 τοῦ
886 3082 1143 3154 Λαζάρου
1173 3084 1403 3156 ἀδελφή.
1447 3085 1512 3139 Ἦ
1565 3086 1621 3140 δὲ
1649 3087 1811 3159 λοιπὴ

218 3168 386 3253 τρίτη
414 3170 523 3225 τῶν
550 3172 931 3244 ὲπιχεαμένων
959 3176 1039 3248 τῷ
1082 3178 1329 3248 Δεσπότῃ
1356 3177 1417 3230 τὸ
1449 3178 1641 3251 μύρον,
1685 3170 1817 3253 περι

220 3252 293 3330 ἦς
325 3260 552 3333 Μάρκος
580 3262 678 3317 καὶ
716 3265 996 3331 Ματθαῖος
1049 3269 1426 3339 ἱστορήκασιν,
1468 3270 1577 3325 ἀπὸ
1605 3273 1662 3326 δὲ
1717 3273 1814 3327 τοῦ

221 3351 332 3424 τῆς
361 3354 620 3425 πορνείας
654 3354 819 3424 ἄγους
852 3358 1279 3428 ἐπονομάζεται,
1310 3362 1368 3413 ἐν
1421 3364 1487 3433 τῇ
1521 3362 1670 3435 οἰκίᾳ
1717 3364 1816 3433 μὲν

223 3448 593 3519 παραγίνεται
622 3450 869 3521 Σίμωνος
898 3453 994 3507 τοῦ
1027 3453 1255 3526 λεπροῦ,
1290 3456 1350 3510 οὐ
1403 3455 1527 3509 τότε
1573 3455 1817 3528 λεπρῶν-

221 3558 341 3607 τος,
367 3541 501 3596 ἀλλὰ
537 3542 703 3597 πάλαι
734 3544 833 3614 μὲν
864 3545 943 3616 τῷ
976 3545 1145 3600 πάθει
1175 3546 1565 3618 κατεχομένου,
1607 3548 1727 3602 τότε
1760 3548 1818 3603 δὲ

222 3634 292 3705 τῇ
326 3631 423 3686 τοῦ
498 3633 674 3703 Ἰησοῦ
699 3636 1081 3708 φιλανθρωπία
1114 3637 1556 3710 κεκαθαρμένου,
1616 3639 1675 3695 ὃν
1721 3641 1817 3695 καὶ

221 3720 257 3791 ἠ
311 3721 490 3795 πόρνη
532 3727 971 3796 συνεπισταμένη
1045 3727 1141 3781 καὶ
1188 3727 1247 3793 ἐξ
1292 3728 1405 3781 οἴου
1446 3728 1817 3801 βδελυγματος

222 3814 310 3878 είς
341 3815 460 3868 οἵαν
508 3815 632 3886 ὄψιν
681 3818 1031 3889 ἀποκατέστη
1067 3820 1160 3872 τὸν
1200 3819 1405 3890 χρῶτα,
1468 3821 1688 3884 ἐλπίδας
1756 3840 1814 3876 τε

223 3907 573 3978 ἀνελάμϐανε
605 3910 846 3981 χρηστὰς
878 3911 1262 3982 ἀπαλλαγῆναι
1294 3912 1389 3966 τοῦ
1434 3912 1670 3985 ψυχικοῦ
1706 3915 1812 3985 μύ-

226 4019 383 4066 σους,
414 4004 508 4057 καὶ
528 4006 843 4076 παρρησίας
890 4005 1099 4075 ἐγίνετο
1158 4007 1477 4074 προσελθεῖν
1501 4006 1580 4076 τῷ
1612 4006 1812 4080 Ἰησοῦ,

223 4094 324 4147 καὶ
358 4093 423 4164 δὴ
450 4095 823 4165 προσελθοῦσα
848 4094 947 4167 οὐχ
969 4096 1198 4152 ἅπτεται
1236 4097 1336 4167 μὲν
1384 4100 1451 4169 τῇ
1488 4099 1654 4172 χειρὶ.
1686 4098 1810 4155 οὐδὲ

223 4187 353 4250 ταῖς
382 4184 553 4256 θριᾷν
602 4187 871 4257 ὲκμάσσει
926 4204 941 4218 ο
968 4186 1088 4241 οὐδὲ
1122 4186 1230 4257 γάρ
1267 4187 1449 4241 οὐδενὶ
1502 4188 1653 4258 μέλει
1718 4186 1817 4243 τοῦ

226 4278 488 4348 σώματος
533 4277 737 4349 ψαῦσαι
773 4277 866 4333 τοῦ
916 4279 1167 4348 Σωτῆρος
1218 4277 1524 4348 ἀτόλμητον
1561 4279 1819 4345 ἐποιεῖτο,

223 4372 352 4427 ἀλλ’
383 4371 659 4442 ἄψαυστον
709 4371 841 4426 αὐτὸ
891 4369 987 4425 τοῦ
1015 4370 1407 4443 ὲρῤυπωμένου
1452 4371 1661 4442 χρωτὸς
1691 4388 1819 4424 συν-

223 4465 503 4538 τηροῦσα,
537 4465 761 4519 κλέπτει
789 4465 890 4534 τὴν
918 4464 1008 4519 διὰ
1032 4463 1125 4518 τοῦ
1163 4464 1338 4536 μύρου
1375 4463 1541 4535 τιμὴν
1589 4464 1682 4519 καὶ
1729 4462 1821 4518 θυ-

228 4561 361 4615 σίαν
382 4575 397 4591 ⁸
431 4560 526 4613 καὶ
550 4559 612 4612 τὸ
635 4558 977 4630 ἀλάϐαστρον
1009 4557 1369 4630 συντρίψασα,
1400 4557 1597 4627 ἁθρόον
1623 4557 1687 4612 τὸ
1714 4557 1819 4629 μύ-

230 4668 328 4722 ρον
350 4650 450 4720 τῆς
471 4650 716 4720 κεφαλῆς
739 4650 947 4721 ὲπιχέει
969 4666 983 4682 ’
1014 4650 1106 4703 καὶ
1126 4650 1492 4719 ἀγανακτοῦσι
1518 4650 1823 4720 τηνικαῦτα

225 4741 330 4812 οὐχ
365 4740 395 4793 ὁ
437 4741 755 4812 Φαρισαῖος,
785 4741 906 4794 οὐδὲ
952 4740 1115 4811 μόνος
1159 4743 1187 4795 ὁ
1216 4740 1501 4814 προδότης,
1543 4742 1680 4796 ἀλλὰ
1714 4742 1822 4797 τῶν

231 4831 497 4904 μαθητῶν
555 4832 654 4887 οὐκ
703 4831 897 4901 ὀλίγοι.
937 4830 1003 4887 Ἦ
1051 4832 1108 4886 δὲ
1163 4832 1503 4904 γεγενημένη
1551 4833 1824 4904 διαφόρως

228 4924 611 5001 ἀγανάκτησις
645 4926 747 4981 οὐκ
777 4926 886 4979 ἀπὸ
909 4926 1010 4997 τῆς
1039 4925 1211 4996 αὐτῆς
1254 4926 1641 4998 ἀνερριπίζετο
1683 4927 1823 4996 γνὼ-

234 5036 371 5089 μης,
400 5017 538 5071 ἀλλὰ
584 5018 680 5072 τοῦ
722 5019 821 5089 μὲν
855 5019 1099 5090 Σίμωνος
1148 5020 1223 5084 ὼς
1266 5019 1420 5074 οὐδὲν
1457 5019 1659 5091 ὑψηλὸν
1694 5021 1823 5091 περὶ

229 5107 328 5161 τὶν
359 5106 701 5180 θεραπευτὴν
742 5109 839 5166 καὶ
885 5111 1119 5181 Σωτῆρα
1153 5110 1590 5181 φανταζομένου,
1630 5110 1725 5164 τοῦ
1767 5110 1823 5164 δὲ

232 5200 412 5255 Ἰούδα
440 5200 516 5267 ὡς
543 5200 623 5272 τῷ
655 5201 755 5272 τῆς
793 5202 1160 5273 φιλαργυρίας
1189 5202 1352 5257 πάθει
1385 5202 1820 5274 κεκρατημένον,

233 5293 349 5347 τῶν
384 5291 441 5348 δὲ
483 5292 740 5364 μαθητῶν
772 5293 849 5356 ὡς
877 5294 1013 5363 ἐλέῳ
1043 5293 1151 5348 τῶν
1183 5294 1497 5364 πενομένων
1541 5293 1824 5363 ἐκνενικη-

241 5384 457 5456 μένων·
493 5386 590 5457 οὐχ
620 5385 763 5440 ὥστε
804 5384 867 5440 τδ
897 5386 1226 5441 Δεσποτικὸν
1262 5385 1482 5459 φίλτρον
1529 5385 1624 5440 καὶ
1660 5385 1824 5450 σέϐας

239 5478 721 5550 ινδευτερωθῆναι,
765 5477 883 5535 ἀλλ’
913 5478 995 5533 ὅτι
1030 5480 1282 5535 κάκεῖνον
1306 5478 1527 5551 ᾔδεισαν
1553 5480 1648 5533 τὸν
1676 5479 1824 5533 ἔλεον

241 5570 340 5625 καὶ
365 5570 538 5643 αὐτῆς
563 5572 924 5644 προκρίνοντα
940 5571 1041 5645 τῆς
1064 5572 1272 5637 θυσίας’
1305 5572 1492 5629 Ἔλεον
1512 5572 1642 5647 γὰρ,
1668 5572 1823 5644 φησι,

283 5688 327 5722 ⁶⁹
353 5685 487 5745 Luc.
519 5704 616 5753 vu,
655 5688 743 5745 50.
820 5690 864 5720 ⁷ο
906 5686 1062 5743 Joan.
1092 5701 1181 5750 xu,
1213 5688 1264 5742 7.

1923 2822 2151 2893 Reliqua
2183 2839 2313 2879 vero
2357 2824 2516 2879 tertia
2543 2839 2730 2878 earum
2759 2839 2883 2894 qua:
2910 2821 3141 2876 Domino
3168 2830 3504 2892 unguentum
3538 2878 3546 2885 ,

1921 2916 2264 2981 effutierunt,
2303 2916 2463 2986 cujus
2506 2915 2722 2971 Marcus
2751 2925 2805 2971 et
2860 2913 3148 2969 Mattheus
3202 2911 3497 2967 historiam

1921 3008 2195 3072 scribunt,
2232 3023 2296 3062 ex
2349 3006 2732 3063 fornicationis
2786 3007 2992 3062 scelere
3044 3004 3504 3075 cognominatur;

1922 3099 1975 3154 in
2008 3099 2175 3153 domo
2207 3099 2429 3168 quidem
2482 3097 2728 3153 Simonis
2775 3096 2974 3167 leprosi
3023 3094 3201 3159 adest,
3254 3109 3364 3148 non
3392 3092 3505 3164 jam

1921 3191 2072 3261 lepra
2101 3191 2428 3258 laborantis,
2467 3192 2563 3247 sed
2599 3190 2728 3244 olim
2766 3189 2871 3244 hoc
2903 3188 3097 3244 morbo
3140 3188 3339 3257 operti,
3377 3197 3507 3243 tunc

1921 3299 2052 3339 vero
2083 3282 2213 3339 Jesu
2266 3282 2642 3339 misericordia
2697 3282 2981 3348 mandati;
3033 3295 3195 3350 quem
3229 3280 3505 3351 peccatrix

1920 3390 2260 3445 cognoscens
2288 3384 2345 3430 et
2367 3376 2548 3432 sciens
2572 3390 2636 3430 ex
2694 3391 2799 3445 qua
2825 3374 2979 3445 pellis
3004 3372 3410 3429 abominatione
3439 3373 3507 3428 ad

1920 3482 2084 3538 quem
2115 3477 2397 3535 aspectum
2426 3483 2726 3524 conversus
2763 3468 2871 3532 sit,
2925 3481 3186 3536 spemque
3250 3465 3507 3535 concepit

1921 3558 2123 3614 bonam
2149 3558 2266 3614 fore
2296 3568 2356 3613 ut
2380 3570 2435 3613 et
2476 3559 2590 3628 ipsa
2624 3573 2651 3610 a
2688 3557 2963 3627 spirituali
3002 3556 3208 3612 scelere
3241 3555 3509 3611 liberare.

1920 3657 2032 3713 tur,
2049 3648 2394 3705 etlicentiam
2418 3646 2609 3703 habuit
2630 3645 2817 3702 Jesum
2847 3645 3106 3710 adeundi,
3139 3654 3193 3701 et
3214 3654 3507 3716 postquam

1921 3743 2177 3805 accessit,
2211 3757 2321 3797 non
2355 3741 2530 3811 tangit
2554 3755 2680 3795 eum
2714 3755 2901 3802 manu,
2930 3753 3112 3809 neque
3153 3737 3368 3809 capillis
3398 3746 3509 3792 ter-

1920 3832 2032 3904 git;
2066 3846 2175 3886 non
2197 3830 2342 3885 enim
2388 3829 2500 3884 ullo
2526 3828 2775 3884 membro
2815 3826 3115 3883 Salvatoris
3158 3840 3364 3896 corpus
3387 3835 3510 3881 tan~

1918 3935 2044 3994 gere
2064 3934 2198 3974 ausa
2221 3926 2387 3979 esset.
2420 3916 2515 3973 sed
2543 3916 2807 3973 intactum
2834 3914 3015 3985 ipsum
3040 3928 3072 3969 a
3103 3913 3310 3984 polluta
3339 3928 3509 3968 carne

1919 4012 2245 4077 observans,
2284 4009 2553 4065 honorem
2585 4023 2683 4078 per
2708 4014 3046 4078 unguentum
3077 4013 3132 4062 et
3174 4004 3506 4062 sacriﬁcium

1920 4103 2094 4168 celat;
2156 4110 2213 4156 et
2264 4100 2600 4157 alabastrum
2629 4107 2924 4169 postquam
2968 4096 3238 4168 fregisset,
3275 4096 3511 4152 multum

1930 4202 2271 4265 unguentum
2305 4193 2361 4248 in
2387 4199 2550 4263 caput
2584 4191 2703 4259 ejus
2748 4190 3000 4245 eﬂ‘undit.
3041 4188 3107 4244 Et
3159 4187 3513 4259 indignantur

1929 4295 2061 4341 tunc
2097 4285 2427 4350 Pharisaeus,
2458 4297 2635 4353 neque
2667 4281 2819 4337 solus
2846 4279 3112 4350 proditor.
3138 4279 3232 4335 sed
3262 4279 3513 4349 discipu-

1929 4376 2107 4431 lorum
2136 4390 2249 4430 non
2274 4374 2456 4445 pauci.
2489 4372 2752 4428 Dissimili
2780 4381 2963 4427 autem
3002 4370 3162 4427 modo
3197 4369 3335 4425 facta
3369 4371 3511 4425 indi-

1928 4466 2113 4540 gnatio
2147 4481 2257 4522 non
2306 4466 2375 4520 ab
2408 4463 2596 4520 eadem
2646 4462 2871 4517 emicuit
2918 4472 3133 4527 mente;
3174 4460 3269 4516 sed
3321 4458 3511 4515 Simon

1929 4561 2149 4629 quidem
2187 4558 2323 4613 nihil
2368 4557 2464 4611 alti
2522 4569 2703 4625 neque
2745 4554 2812 4609 de
2858 4552 3193 4617 famulante,
3227 4566 3407 4620 neque
3447 4554 3513 4607 de

1931 4650 2165 4706 Domino
2195 4648 2634 4720 imaginabatur;
2669 4645 2840 4700 Judas
2864 4653 3046 4699 autem
3086 4644 3327 4698 avaritiae
3359 4643 3487 4713 cupi

1929 4744 2099 4800 ditate
2128 4743 2449 4807 tenebatur;
2478 4738 2713 4809 apostoli
2733 4751 2862 4792 vero
2895 4734 3272 4790 misericordia
3299 4734 3351 4789 in
3378 4749 3512 4803 pau-

1929 4851 2088 4909 peres
2111 4833 2495 4901 vincebantur,
2523 4846 2630 4886 non
2674 4840 2734 4884 ut
2755 4827 2965 4883 Domini
2994 4841 3234 4881 amorem
3268 4826 3512 4882 secundo

1929 4928 2053 4987 loco
2094 4934 2380 4998 ponerent,
2413 4923 2509 4979 sed
2533 4932 2588 4978 et
2615 4921 2857 4979 sciebant
2879 4919 3031 4975 illum
3078 4918 3510 4975 misericordiam

1929 5028 1985 5076 ct
2014 5020 2113 5090 ipsi
2154 5015 2412 5088 praeferre
2437 5014 2731 5071 sacrificio.
2789 5011 3027 5067 Aliunde
3078 5021 3132 5066 et
3162 5009 3376 5065 Domini
3426 5009 3512 5064 sui

1931 5108 2298 5172 veneratione,
2350 5104 2682 5160 horrendum
2712 5103 3012 5159 censebant
3047 5101 3193 5172 quod
3228 5099 3511 5155 mulierin

1929 5210 2096 5273 caput
2123 5201 2242 5271 ejus
2265 5208 2600 5270 unguentum
2633 5197 2932 5253 effudisset.
2982 5195 3136 5253 Unde
3159 5204 3213 5250 et
3245 5192 3405 5250 Jesus
3444 5208 3511 5247 ex

1930 5293 2034 5348 hac
2058 5292 2111 5347 in
2140 5306 2260 5346 cam
2290 5291 2664 5361 indignatione
2685 5288 2985 5359 discipulos
3004 5287 3293 5349 reducens,
3318 5304 3337 5336 ‹
3366 5284 3513 5339 Nihil

1931 5383 2081 5449 mali,
2111 5381 2309 5452 inquit,
2359 5382 2485 5437 iecit
2520 5381 2641 5443 illa;
2693 5381 2786 5435 sed
2834 5380 3040 5435 bonum
3093 5391 3231 5446 opus
3291 5381 3531 5444 operata.

1929 5485 2033 5532 est.
2059 5495 2077 5528 ι
2123 5474 2189 5529 Et
2227 5475 2328 5530 hoc
2350 5474 2567 5544 quidem
2602 5473 2669 5527 ad
2699 5487 2793 5528 eos
2823 5472 2914 5542 qui
2943 5486 3007 5526 cx
3037 5467 3323 5539 discipulis
3370 5465 3512 5520 bona

1933 5568 2290 5626 movebantur
2308 5568 2605 5625 voluntate.
2625 5564 2778 5623 Judze
2798 5582 2947 5628 vero,
2973 5564 3025 5619 in
3057 5562 3294 5619 medium
3321 5572 3513 5614 rursus
