3884 6202
365 225 476 292 363

1526 201 1790 289 P'nom
1821 226 2328 289 PATRIAncnas
2365 229 2474 288 er.

3528 215 3631 280 σει

367 340 732 414 proditionem
765 340 1054 413 aenigmate
1108 341 1316 399 ducens
1367 357 1533 414 quam
1567 345 1950 408 meditabatur,

2076 343 2198 398 ιέλω
2237 342 2333 397 καὶ
2377 341 2439 396 οὐ
2471 337 2662 394 θυσίαν
2688 354 2701 368 ·
2749 336 2923 401 ἄλλως
2952 353 3010 389 τε
3047 333 3105 389 δὲ
3137 333 3234 390 καὶ
3265 332 3344 405 τῷ
3376 334 3507 406 περὶ
3543 335 3634 388 τδν

363 436 542 506 inquit
571 451 586 491 :
621 454 640 488 ι
664 433 882 492 Mittens
927 444 1265 508 unguentum
1319 435 1423 493 hoc
1456 437 1511 492 in
1543 452 1747 508 corpus
1769 452 1950 491 meum

363 528 430 584 ad
461 527 834 598 sepeliendum
859 543 946 583 me
975 526 1134 596 fecit;
1169 547 1187 580 ›
1215 527 1535 599 indignaris,
1555 528 1828 598 inquit,de
1854 545 1956 584 un-

370 629 572 697 guento
601 625 655 680 in
687 642 889 680 vanum
917 625 1126 692 eﬂ‘uso;
1173 635 1378 696 quanta
1433 626 1804 698 indignatione
1871 627 1955 682 di—

372 733 540 788 gnum
555 717 812 773 convenit
833 717 1080 787 judicare
1100 733 1225 773 eum
1251 718 1340 784 qui
1366 717 1420 772 in
1451 717 1738 773 Dominum
1757 727 1811 774 et
1831 735 1918 774 ma
1937 750 1953 762 -

364 806 595 877 gistrum
627 806 989 877 proditionem
1019 816 1074 862 et
1101 815 1331 863 mortem
1368 816 1422 862 et
1466 807 1777 877 sepulcrum
1832 823 1950 877 me-

367 899 620 955 ditatur?
685 899 760 955 De
827 900 1162 970 pauperibus
1213 899 1308 954 tibi
1353 908 1436 955 est
1483 900 1834 956 sollicitudo?
1886 900 1952 954 Et

367 993 648 1063 quomodo
676 993 797 1061 ejus
827 993 922 1064 qui
965 1007 1063 1046 nec
1098 991 1262 1047 habet
1299 1001 1502 1048 tectum
1537 1009 1639 1048 nec
1673 993 1761 1047 ubi
1786 1000 1952 1062 caput

369 1084 616 1149 reclinet,
645 1085 845 1140 ctedem
881 1083 1072 1153 cupis?
1113 1083 1243 1153 Ejus
1291 1084 1342 1138 in
1373 1100 1537 1154 quem
1591 1084 1726 1138 nihil
1757 1099 1947 1138 eorum

368 1190 493 1244 quze
525 1183 618 1230 tua
664 1185 792 1230 sunt
820 1173 1134 1244 profundis,
1171 1190 1392 1245 gravem
1444 1184 1498 1230 et
1544 1175 1948 1230 intolerabilem

295 1264 330 1283 ·’
369 1267 684 1323 societatem
719 1267 922 1337 putas?
948 1267 1006 1322 In
1040 1267 1244 1337 quibus
1281 1277 1492 1337 oportet
1522 1277 1572 1322 te
1618 1279 1673 1323 et
1699 1269 1951 1339 proprio-

333 1341 340 1355 λ
370 1340 493 1414 rum
522 1360 692 1414 multa
720 1359 1016 1430 deponere,
1041 1371 1101 1414 ut
1135 1360 1509 1415 misericordia
1543 1377 1842 1431 pauperum
1869 1362 1953 1415 in-

370 1451 669 1521 digentiam
710 1453 990 1522 suppleas,
1031 1453 1308 1522 quomodo
1341 1468 1447 1506 non
1501 1452 1730 1509 moleste
1759 1463 1813 1509 et
1851 1455 1952 1508 hu-

318 1587 322 1590 .
373 1544 606 1598 maniter
633 1559 824 1599 eorum
857 1545 1200 1600 consortium
1236 1542 1418 1601 feres?

2052 437 2370 491 διδάσκαλον
2397 433 2726 502 σεϐάσματι,
2761 428 2989 502 φρικτὸν
3012 427 3244 498 ἡγοῦντο
3268 427 3370 499 τὴν
3397 429 3638 495 γυναῖκα

2052 530 2194 584 κατὰ
2223 529 2327 599 τῆς
2362 526 2607 598 κεφαλῆς
2660 523 2721 578 τδ
2764 523 2935 595 μύρον
2977 521 3233 592 ὲπιχέαι·
3280 520 3434 574 ἔνθεν
3478 521 3574 574 καὶ
3608 521 3638 573 δ

2064 621 2272 693 Ἰησοῦς
2301 622 2390 676 διὰ
2430 621 2531 690 τῆς
2566 618 2687 673 κατ’
2717 617 2888 689 αὐτὴν
2929 615 3362 684 ἀγανακτήσεως
3408 614 3640 682 ἀπάγων

2047 716 2176 778 τοὺς
2207 712 2507 785 μαθητὰς,‹
2535 711 2700 766 Οὐδὲν
2713 708 3009 781 τολμηρὸν,
3033 707 3221 780 φησὶν,
3240 706 3499 778 ἔπραξεν,
3526 704 3640 760 ἀλλ’

2050 807 2211 878 ἔργον
2243 805 2448 874 ἀγαθὸν
2476 803 2792 876 εἰργάσατο.
2817 821 2835 854 ι
2880 801 2991 854 Καὶ
3019 801 3156 871 πρὸς
3194 799 3294 871 μὲν
3321 799 3430 854 τῶν
3465 798 3642 868 μαθη,

2049 900 2156 953 τῶν
2190 899 2320 960 τοὺς
2363 894 2717 965 εὐγνώμονας
2763 891 2940 946 ταῦτα
2964 908 2978 921 ·
3027 890 3164 961 πρὸς
3204 891 3262 944 δὲ
3303 890 3396 943 τὸν
3435 889 3643 944 Ἰούδαν

2048 989 2211 1044 πάλιν
2241 991 2320 1050 είς
2355 988 2518 1058 μέσον
2537 987 2688 1054 ἄγων
2715 985 2794 1055 τῷ
2826 983 3110 1054 αἰνίγματι
3143 984 3245 1053 τὴν
3280 981 3644 1056 [με]μελετηο

2053 1081 2220 1153 μένην
2242 1077 2532 1150 προδοσίαν
2562 1075 2694 1147 φησί
2725 1092 2738 1106 ·
2772 1072 3013 1127 Βαλοῦσσ
3047 1073 3106 1127 τὸ
3152 1073 3329 1144 μύρον
3360 1072 3520 1124 τοῦτο
3554 1072 3646 1124 ἐπὶ

2056 1171 2152 1226 τοῦ
2182 1170 2433 1242 σώματός
2468 1187 2593 1240 μου,
2636 1171 2773 1240 πρὸς
2810 1168 2872 1222 τὸ
2920 1166 3241 1236 ἐνταφιάσαι
3301 1183 3370 1236 με
3415 1164 3649 1233 πεποίη-
3686 1163 3698 1174 ’

2060 1280 2210 1318 κεν.»
2241 1263 2618 1329 Ἀγανακτεϊς,
2652 1261 2806 1330 φησὶ,
2828 1259 2922 1314 τοῦ
2943 1259 3112 1330 μύρου
3146 1260 3500 1327 κενουμένου·
3553 1255 3649 1309 πός

2061 1374 2160 1429 σης
2193 1356 2618 1426 ἀγανακτήσεως
2646 1353 2796 1420 ἄξιον
2831 1371 2845 1416 ;
2873 1345 3072 1406 ταυτὸν
3116 1351 3398 1424 προσῆκεν
3427 1351 3648 1420 meum

2059 1457 2202 1503 κατά
2247 1447 2344 1502 τοῦ
2400 1447 2672 1502 Δεσπότου
2722 1445 2818 1498 καὶ⁹
2867 1443 3185 1498 διδασκάλου
3230 1442 3528 1514 προδοσίαν
3557 1445 3652 1495 καὶ

2059 1542 2290 1596 θάνατον
2345 1539 2442 1593 καὶ
2481 1539 2652 1606 τάφον
2706 1537 2928 1608 ὃιαμελε
2947 1536 3168 1591 τῶντα·
3238 1536 3474 1607 πτωχῶν
3534 1536 3650 1588 ἔστι

313 1665 318 1672 τ
372 1652 455 1690 σοι
487 1638 748 1710 φροντίς;
823 1638 916 1691 καὶ
997 1637 1116 1700 πῶς
1170 1637 1265 1691 τοῦ
1337 1639 1596 1707 ἀστέγου,
1649 1639 1786 1710 μηδὲ
1826 1639 1927 1709 τὴν
1971 1638 2216 1708 κεφαλὴν
2265 1634 2480 1705 ἔχοντος
2532 1631 2659 1684 ἔνθα
2720 1630 2912 1694 κλινεῖ,
2963 1630 3064 1700 τὴν
3117 1627 3334 1700 σφαγὴν
3414 1628 3653 1682 σπουδάς

370 1730 520 1796 ζεις;
581 1730 668 1799 ἐφ’
712 1724 756 1799 ᾧ
813 1732 982 1803 μηδὲν
1033 1730 1143 1785 τῶν
1200 1729 1348 1784 ἰδίων
1407 1732 1717 1796 ἀπεικευοῖς,
1769 1732 1960 1786 τούτου
1998 1730 2138 1803 βαρὺ
2203 1730 2300 1784 καὶ
2358 1728 2634 1799 ἀφόρητον
2660 1723 2760 1793 τὴν
2797 1722 3082 1777 συνουσίαν
3111 1723 3395 1792 νομίζεις;
3445 1722 3535 1774 Ἐν
3571 1716 3654 1784 οἷς

381 1832 442 1869 σε
475 1818 558 1872 δεῖ
585 1819 680 1873 καὶ
705 1820 816 1874 τῶν
848 1821 1066 1875 οἰκείων
1096 1820 1268 1874 πολλὰ
1299 1823 1680 1886 καταϐάλλειν,
1708 1823 1843 1894 ὲλέῳ
1901 1823 2001 1895 τὴν
2036 1823 2246 1876 ἔνδειαν
2293 1821 2403 1875 τῶν
2425 1811 2431 1816 ”
2453 1816 2768 1897 πενομένων
2830 1815 3247 1885 ἀναπληροῦντα
3269 1854 3284 1878 ,
3344 1813 3466 1876 πῶς
3537 1813 3634 1866 ὰνο

373 1909 629 1979 επαχθῶς
658 1911 754 1964 καὶ
775 1911 1174 1984 φιλανθρώπως
1207 1915 1415 1968 τούτων
1445 1913 1544 1984 τὴν
1576 1914 1960 1985 συνδιατριϐὴν
1995 1912 2202 1978 οἴσεις;

447 2003 615 2076 Igitur
653 2007 862 2078 absque
897 2009 1005 2063 ulla
1043 2010 1467 2080 prazsumptione
1489 2019 1544 2064 et
1575 2010 1772 2065 ali‘eetu
1809 2026 1962 2065 resu-
1994 2017 2037 2072 Β

376 2097 656 2154 mentibus
693 2099 816 2154 licet
846 2100 1146 2171 intelligere
1193 2111 1247 2156 et
1273 2102 1538 2157 veraciter
1572 2102 1756 2158 dicere
1794 2117 1962 2157 unam

377 2190 595 2260 quidem
621 2207 810 2248 earum
850 2210 972 2264 qua:
1007 2193 1296 2249 Dominum
1339 2204 1618 2266 unguento
1665 2204 1963 2259 unxerunt,

379 2283 553 2336 multo
583 2283 876 2339 intervallo
902 2285 1040 2340 alias
1090 2288 1443 2356 prmvenisse.
1494 2287 1582 2342 Ea:
1612 2298 1791 2343 autem
1823 2289 1966 2344 circa

377 2372 652 2442 passionis
693 2382 908 2444 tempus
938 2391 1156 2430 sacrum
1198 2377 1300 2432 hoc
1351 2378 1718 2433 ministerium
1765 2376 1819 2431 in
1850 2381 1970 2432 ani-

381 2478 529 2518 mum
564 2463 830 2519 inducunt
852 2481 867 2531 ;
891 2473 945 2519 et
972 2480 1160 2520 earum
1192 2467 1412 2536 quidem
1445 2484 1550 2522 una
1578 2480 1702 2524 ante
1730 2486 1824 2524 sex
1852 2470 1967 2525 dies

380 2554 627 2620 Pascha,
657 2556 830 2611 altera
858 2573 988 2614 vero
1013 2569 1140 2614 ante
1162 2560 1301 2616 duos
1325 2559 1443 2616 dies
1462 2561 1755 2630 passionis.
1779 2562 1840 2616 Et
1859 2577 1966 2617 una

380 2645 599 2714 quidem
633 2650 926 2716 peccatrix,
957 2649 1064 2704 alia
1087 2667 1216 2705 vero
1246 2651 1512 2716 adultera,
1551 2653 1665 2707 suis
1704 2653 1970 2720 cupidita-

381 2734 526 2792 tibus
562 2736 738 2808 magis
762 2753 924 2808 quam
967 2739 1181 2794 Domini
1224 2741 1589 2811 appellatione
1643 2750 1807 2795 notzr.
1843 2741 1966 2796 Alia

381 2826 601 2882 demum
632 2843 662 2886 a
695 2827 860 2884 fratre
889 2845 1193 2902 cognomen
1219 2832 1401 2899 ducit;
1430 2841 1486 2887 et
1513 2833 1682 2888 altera
1711 2833 1764 2886 in
1803 2833 1968 2888 domo

382 2917 645 2976 Pharisaei
676 2920 991 2978 Dominicos
1042 2924 1206 2994 pedes
1255 2933 1530 2996 unguento
1585 2926 1757 2997 ungit,
1787 2935 1842 2981 et
1887 2925 1968 2980 Ia‘

384 3011 592 3083 crymis
629 3012 798 3082 rigat;
823 3015 994 3069 altera
1028 3014 1234 3070 veroin
1267 3017 1484 3086 propria
1513 3015 1676 3072 domo
1709 3027 1762 3073 et
1794 3018 1970 3087 lacry-

386 3119 602 3168 marum
662 3116 878 3176 tempus
927 3122 1032 3162 non
1095 3107 1274 3175 novit;
1347 3107 1540 3164 invitat
1598 3125 1730 3164 vero
1799 3111 1971 3181 magis

387 3209 580 3250 mensa
610 3203 663 3251 et
691 3195 878 3251 laetitia
911 3197 1200 3268 ipsumque
1229 3195 1415 3253 Jesum
1462 3206 1516 3253 et
1543 3213 1669 3252 eum
1698 3197 1858 3266 cujus
1893 3212 1974 3252 se-

386 3285 642 3356 pulcrum
673 3288 931 3344 salutaris
953 3305 1056 3344 vox
1085 3288 1358 3344 ollicinam
1391 3290 1694 3345 nativitatis
1729 3290 1972 3345 ostendit

388 3385 445 3430 ct
492 3378 913 3434 resurrectionis
965 3379 1166 3434 locum.
1200 3377 1410 3435 Vacuat
1450 3389 1632 3434 autem
1689 3387 1745 3434 et
1801 3395 1863 3435 ca
1915 3350 2040 3433 inC

390 3483 562 3538 puros
587 3468 752 3538 pedes
793 3480 1129 3539 unguentum
1169 3479 1223 3525 et
1250 3471 1464 3541 capillis
1500 3473 1677 3542 tergit.
1747 3471 1973 3540 lleliqua

388 3575 523 3614 vero
549 3562 706 3615 tertia
748 3561 803 3616 in
843 3562 1006 3616 domo
1035 3579 1158 3618 cum
1210 3564 1426 3632 leproso
1475 3563 1723 3630 advenit;
1767 3563 1974 3634 pretio-

393 3665 516 3706 sum
562 3661 617 3708 et
648 3652 737 3707 illa
770 3663 1108 3724 unguentum
1160 3654 1380 3720 ferens,
1434 3655 1662 3710 minime
1716 3655 1978 3711 membris

393 3743 686 3800 Dominum
731 3749 925 3818 tangit,
952 3747 1048 3803 sed
1095 3749 1279 3804 statim
1331 3749 1668 3804 alabastrum
1719 3749 1979 3819 frangens

393 3839 451 3892 in
486 3850 650 3909 caput
683 3851 1024 3911 unguentum
1065 3841 1313 3906 elfundit,
1347 3852 1463 3896 arte
1490 3852 1543 3896 et
1567 3843 1684 3897 zelo
1709 3857 1805 3897 eos
1841 3858 1978 3912 pran-

392 3929 621 3986 veniens
641 3932 733 4001 qui
777 3948 844 3986 ne
872 3947 1011 4001 opus
1041 3940 1321 4002 perageret
1378 3931 1640 4002 impedire
1663 3931 1880 3986 vellent.
1916 3931 1981 3986 Et

395 4036 505 4076 una
537 4023 758 4091 quidem
790 4023 982 4077 urbem
1012 4023 1173 4077 habet
1197 4022 1631 4094 intemperantim
1657 4033 1891 4089 testem;
1925 4025 1978 4078 in

395 4114 534 4167 urbe
561 4115 703 4168 ouim
729 4117 999 4184 peccatrix
1025 4117 1354 4182 vocabatur;
1380 4117 1468 4170 illa
1495 4131 1624 4171 vero
1647 4133 1869 4187 pagum,
1890 4117 1979 4170 illa

395 4207 616 4260 demum
651 4209 934 4278 sapientia:
977 4218 1030 4262 et
1069 4209 1324 4277 puritatis
1369 4210 1568 4279 palatia
1617 4211 1890 4264 servabat.
1919 4208 1981 4262 Et

396 4305 588 4350 contra
616 4297 848 4367 primam
878 4299 1099 4368 quidem
1131 4297 1442 4356 Pltariswus
1475 4301 1816 4371 indignatur;
1852 4317 1983 4356 con-

399 4397 482 4443 tra
514 4405 757 4444 sororem
788 4390 980 4444 Lazari
1010 4393 1164 4446 solus
1190 4390 1394 4459 Judas;
1429 4403 1622 4449 contra
1649 4396 1897 4450 ultimam
1931 4406 1984 4450 et

397 4480 490 4536 alii
519 4481 794 4553 discipuli,
828 4493 878 4536 et
908 4484 1152 4538 avaritia:
1185 4486 1386 4553 praeda,
1422 4486 1515 4555 qui
1548 4501 1740 4542 rursus
1774 4496 1828 4543 et
1854 4504 1981 4558 pro-

396 4572 545 4628 ditor
573 4571 692 4628 fuit.
747 4573 811 4628 Et
843 4573 1034 4629 Lazari
1068 4577 1288 4646 quidem
1342 4579 1520 4631 sorori
1571 4578 1718 4633 nulla
1768 4595 1982 4636 merces

2149 2007 2534 2071 ’Λναλαϐόντες
2591 2000 2685 2060 οὖν
2739 2003 2912 2075 χωρίς
2963 2018 3107 2064 τινος
3163 1999 3488 2071 προλήψεως
3559 1999 3658 2052 καὶ

2070 2101 2446 2172 προσπαθείας
2499 2100 2673 2153 ἔνεστι
2722 2096 2949 2151 συνιδεῖν
2973 2094 3066 2148 καί⁴
3107 2091 3422 2164 φιλαλήθως
3453 2091 3656 2148 εἰπεῖν.

2069 2197 2142 2260 ώς
2173 2198 2206 2268 ἡ
2237 2195 2335 2266 μὲν
2363 2194 2474 2248 τῶν
2505 2190 2884 2261 ἀλειψαμένων
2911 2188 3069 2258 μύρῳ
3097 2187 3186 2241 τὸν
3215 2185 3440 2259 Κύριον,
3471 2182 3658 2254 πολλῷ

2067 2287 2178 2340 τῶν
2210 2285 2386 2339 ἄλλων
2411 2284 2490 2354 τῷ
2518 2282 2668 2353 μέσῳ
2697 2278 3022 2350 προέλαϐεν·
3057 2278 3112 2330 αί
3146 2277 3202 2329 δὲ
3240 2277 3370 2346 περὶ
3392 2274 3452 2326 τὸ
3481 2272 3657 2335 πάθος

2069 2380 2168 2451 τὴν
2197 2377 2507 2449 ἱερουργίαν
2537 2374 2741 2444 ταύτην
2761 2371 2856 2425 ἐπὶ
2881 2369 3005 2424 νοῦν
3034 2369 3319 2438 βάλλονται
3347 2382 3358 2396 ·
3399 2369 3494 2422 καὶ
3527 2366 3660 2419 τού-

2069 2489 2176 2525 των
2205 2472 2237 2542 ἡ
2272 2469 2371 2539 μὲν
2404 2468 2509 2538 πρὸ
2533 2466 2592 2531 ἒξ
2622 2464 2844 2536 ἡμερῶν
2892 2461 2986 2516 τοῦ
3032 2463 3246 2530 Πάσχα.
3279 2462 3313 2531 ἡ
3337 2459 3396 2513 δὲ
3428 2458 3535 2529 πρὸ
3559 2457 3660 2517 δύο

2070 2562 2164 2616 τοῦ
2181 2560 2408 2624 πάθους·
2435 2560 2528 2614 καὶ
2549 2559 2583 2628 ἡ
2607 2557 2704 2625 μὲν
2728 2555 3072 2626 ἀμαρτωλδς,
3093 2555 3125 2618 ἡ
3147 2553 3201 2606 δὲ
3217 2553 3391 2622 πόρνη
3421 2550 3529 2604 ἀπὸ
3543 2550 3662 2602 τῶν

2071 2652 2260 2708 παθῶν
2317 2651 2516 2722 μᾶλλον
2545 2650 2578 2721 ἣ
2616 2649 2723 2702 ἀπὸ
2748 2647 2857 2701 τῶν
2914 2646 3122 2717 κυρίων
3157 2645 3256 2716 τῆς
3291 2644 3538 2715 κλήσεως
3568 2659 3662 2710 για

2071 2745 2432 2813 νωσκόμεναι,
2461 2744 2495 2812 ἠ
2527 2741 2585 2794 δὲ
2611 2741 2718 2794 ἀπὸ
2771 2738 2867 2792 τοῦ
2923 2737 3156 2807 ἀδελφοῦ
3181 2735 3423 2807 φέρει-τὺ
3443 2731 3662 2787 ἐπώνυ-

2074 2851 2205 2905 μον·
2241 2837 2335 2889 καὶ
2367 2836 2401 2904 ἠ
2444 2834 2544 2906 μὲν
2592 2834 2650 2886 ὲν
2710 2835 2776 2903 τῇ
2827 2832 2975 2902 οἰκίᾳ
3024 2828 3118 2884 τοῦ
3175 2826 3474 2900 Φαρισαίου
3531 2823 3663 2888 τοὺς

2071 2928 2432 2990 Δεσποτικοὺς
2459 2925 2626 2989 πόδας
2650 2923 2858 2994 ἀλείφει
2886 2923 2964 2995 τῷ
2979 2922 3135 2996 μύρῳ
3153 2922 3247 2975 καὶ
3274 2921 3388 2981 τοῖς
3403 2917 3665 2988 δακρύοις

2072 3020 2507 3092 προαποπλύνει,
2545 3021 2577 3090 ἡ
2607 3018 2662 3072 δὲ
2697 3020 2756 3072 ὲν
2784 3020 2850 3087 τῇ
2879 3016 3028 3090 οἰκία
3061 3018 3126 3087 τῇ
3157 3013 3264 3084 ἰδίᾳ
3291 3013 3386 3067 καὶ
3407 3006 3670 3086 δακρύω-ξ

2072 3110 2263 3182 καιρὸν
2307 3112 2369 3164 οὑ
2411 3109 2702 3178 γινώσκει·
2751 3109 3018 3174 δεξιοῦται
3051 3106 3345 3176 δὲμᾶλλον
3405 3102 3662 3175 τραπέζῃ

2073 3207 2168 3258 καὶ
2203 3203 2511 3277 εὐφροσύνῃ
2559 3202 2724 3256 αὐτόν
2751 3219 2810 3256 τε
2842 3202 2933 3254 τὸν
2967 3199 3196 3272 Ἰησοῦν,
3228 3198 3322 3252 καὶ
3349 3193 3410 3262 οὗ
3446 3198 3539 3250 τὸν
3562 3197 3666 3249 τά-

2074 3300 2229 3369 φνινή
2262 3298 2530 3368 σωτήριος
2556 3295 2708 3366 φωνὴ
2737 3294 3003 3364 γενέσεως
3039 3292 3239 3358 ἔδειξεν
3271 3292 3665 3362 ἐργαστήριον.

2076 3392 2171 3443 καὶ
2231 3389 2426 3460 χωρίον
2486 3388 2872 3452 ἀναϐιώσεως·
2927 3389 3076 3440 κενοῖ
3119 3386 3176 3439 δὲ
3215 3386 3311 3440 καὶ
3343 3383 3485 3454 α’ύτη
3519 3383 3665 3447 κατα

2077 3483 2184 3538 τῶν
2237 3481 2521 3554 ἀκράντων
2575 3481 2754 3534 ποδῶν
2816 3479 2877 3532 τὸ
2935 3477 3106 3550 μύρον
3157 3479 3253 3530 καὶ
3318 3480 3441 3537 ταῖς
3486 3475 3667 3547 θριξὶν

2078 3576 2388 3644 ἀπομάσσει
2414 3591 2426 3602 ·
2459 3575 2491 3643 ἡ
2520 3573 2576 3625 δὲ
2614 3571 2776 3644 λοιπὴ
2829 3572 2986 3641 τρίτη
3017 3571 3074 3622 ἐν
3099 3572 3163 3641 τῇ
3195 3569 3344 3649 οἰκία
3394 3567 3536 3638 μετὰ
3566 3565 3666 3618 τοῦ

2078 3666 2282 3740 λεπροῦ
2339 3667 2703 3736 παραγίνεται
2762 3664 3096 3734 πολύτιμον·
3150 3663 3245 3715 καὶ
3301 3660 3440 3732 αὑτὴ
3493 3658 3671 3730 μύρον

2082 3759 2343 3828 φέρουσα,
2370 3755 2620 3825 οὐδαμῶς
2647 3755 2702 3807 δὲ
2731 3756 2843 3817 τοῖς
2869 3753 3056 3823 μέλεσι
3079 3749 3173 3803 τοῦ
3203 3749 3454 3818 Σωτῆρος
3479 3744 3668 3814 ψαύει,

2082 3849 2196 3903 ἀλλ’
2259 3849 2412 3918 ἄφνω
2438 3847 2498 3899 τὸ
2533 3845 2879 3914 ἀλάϐαστρον
2947 3839 3308 3912 συντρίψασα,
3381 3836 3524 3889 κατὰ
3566 3835 3670 3902 τῆς

2083 3940 2324 4010 κεφαλῆς
2344 3940 2404 3992 τὸ
2434 3938 2605 4010 μῦρον
2667 3937 2895 4007 ἐπιχέει,
2949 3933 3111 4005 τέχνῃ
3156 3931 3546 4003 προφθάνουσα
3576 3928 3672 3980 καὶ

2085 4033 2287 4104 σπουδῇ
2345 4032 2470 4095 τοὺς
2509 4031 2562 4083 εί
2588 4047 2733 4092 τινες
2784 4029 3086 4098 ἐπιχειρεῖν
3149 4024 3508 4095 μελετήσειαν
3568 4019 3668 4091 τὴν

2084 4123 2283 4196 πρᾶξιν
2309 4121 2561 4176 κωλύειν·
2591 4121 2739 4190 καὶὴ
2780 4120 2878 4189 μὲν
2898 4120 2998 4187 τὴν
3031 4115 3186 4170 πόλιν
3217 4114 3373 4184 φέρει
3405 4113 3668 4183 μάρτυρα

2081 4221 2181 4288 τῆς
2205 4214 2518 4277 ἀκολασίας·
2543 4215 2600 4266 ὲν
2622 4215 2690 4284 τῇ
2723 4212 2872 4265 πόλει
2904 4211 3012 4281 γὰρ
3039 4208 3362 4281 ἁμαρτωλὸς
3381 4206 3667 4275 ὠνομάζετο

2082 4325 2144 4361 το
2165 4325 2178 4339 ·
2209 4309 2240 4378 ἡ
2270 4307 2326 4360 δὲ
2356 4307 2456 4377 τὴν
2483 4304 2700 4376 κώμην·
2739 4305 2773 4374 ἡ
2815 4303 2872 4356 δὲ
2906 4305 3017 4365 τοῖς
3048 4303 3149 4367 τῆς
3183 4299 3543 4371 σωφροσύνης
3579 4299 3674 4350 καὶ

2085 4399 2456 4472 καθαρότητος
2513 4396 2833 4466 ἀνακτόροις
2871 4393 3260 4465 ὲθαλαμεύετο·
3314 4393 3412 4445 καὶ
3442 4391 3538 4443 ὲπὶ
3573 4391 3674 4459 μὲν

2083 4495 2183 4563 τῆς
2232 4490 2827 4560 πρώτηςόΦαρισαῖος
2891 4487 3049 4558 μόνος
3096 4488 3422 4554 ἀγανακτεῖ,
3479 4485 3575 4536 ἐπὶ
3617 4483 3673 4536 δὲ

2086 4581 2178 4634 τῑῦ
2207 4581 2461 4653 Λαζάρου
2496 4580 2656 4652 μόνος
2684 4579 2926 4642 ὁἸούδας
2946 4596 2960 4610 ·
2996 4579 3088 4630 ἐπὶ
3119 4578 3176 4631 δὲ
3214 4578 3311 4646 τῆς
3345 4575 3675 4637 τελευταίας

398 4685 497 4739 pro
533 4677 814 4740 unguento
846 4671 1047 4724 donata
1084 4674 1474 4737 aununtiatur;
1526 4673 1619 4727 sed
1655 4674 1794 4742 quod
1824 4673 1893 4728 ab
1919 4689 1973 4728 ea

2089 4673 2238 4728 ἄλλοι
2291 4690 2348 4726 τε
2398 4673 2508 4725 τῶν
2560 4671 2858 4744 μαθητῶν,
2907 4671 3001 4724 καὶ
3052 4670 3113 4722 τὸ
3163 4669 3262 4738 τῆς
3306 4667 3678 4739 φιλαργυρίας

401 4761 700 4832 perfectum
734 4772 837 4830 est,
867 4780 966 4834 pro
997 4775 1123 4820 ante
1158 4766 1356 4820 collato
1390 4783 1551 4836 supra
1591 4769 1857 4823 rationem
1888 4771 1985 4824 be-

400 4851 596 4906 neﬁcio
628 4864 681 4906 et
712 4870 940 4909 munere
969 4856 1265 4924 gratiarum
1315 4859 1457 4912 actio
1499 4867 1633 4913 erat.
1674 4858 1804 4914 Sola
1851 4876 1982 4916 vero

398 4947 454 4990 et.
488 4944 619 4992 tunc
657 4937 810 4993 Iudae
844 4944 1078 5010 proditio
1116 4952 1171 4998 et
1202 4947 1500 5013 petulantia
1536 4949 1780 5004 noscitur
1809 4959 1863 5002 et
1895 4965 1982 5005 re-

400 5027 720 5098 darguitur.-
765 5032 829 5085 Et
867 5049 971 5086 una
1003 5035 1223 5104 quidem
1257 5039 1400 5107 apud
1454 5039 1654 5094 Lucam
1707 5041 1984 5098 remissio-

403 5135 526 5174 nem
555 5134 903 5189 peccatorum
943 5127 1183 5196 invenit,
1214 5141 1268 5184 et
1312 5147 1410 5199 pro
1443 5140 1724 5202 unguento
1783 5143 1837 5187 et
1893 5149 1989 5203 pro

405 5213 508 5269 ﬁde
543 5218 872 5272 mercedem.
904 5219 984 5274 illi
1021 5237 1149 5276 vero
1177 5240 1298 5292 quae
1349 5227 1492 5295 apud
1540 5227 1851 5282 Mattha‘um
1907 5237 1991 5282 est

401 5317 457 5390 et
502 5306 745 5390 Marcum
779 5315 1045 5369 memoria
1080 5331 1174 5386 per
1209 5319 1407 5371 smeula
1451 5319 1503 5371 in
1537 5335 1754 5374 munem
1787 5330 1987 5376 terram

404 5383 790 5472 prorlamanda
815 5407 1192 5462 auuuntiatur.
1219 5409 1509 5465 Dissimilis
1538 5411 1757 5480 quidem
1778 5427 1992 5469 merces

405 5497 625 5567 utrique
658 5495 985 5555 [eminurqu
1011 5503 1402 5569 aununtiatur;
1437 5520 1546 5558 non
1571 5517 1748 5560 tamen
1784 5522 1993 5563 merces

407 5589 572 5645 unius
597 5590 825 5646 alteram
867 5595 986 5649 sine
1023 5599 1273 5652 mercede
1317 5597 1593 5668 relinquit.
1635 5599 1811 5653 Ambo
1843 5600 1988 5656 enim

408 5689 759 5761 peccatorum
798 5685 1177 5741 remissionem
1219 5687 1569 5753 invenerunt,
1603 5689 1766 5744 ambo
1809 5698 1986 5746 autem

2091 4768 2354 4839 λάφυρον,
2393 4765 2554 4820 πάλιν
2583 4766 2611 4817 ὁ
2635 4765 2919 4835 προδότης·
2953 4765 3048 4827 καὶ
3076 4766 3140 4834 τῇ
3169 4762 3268 4833 μὲν
3291 4761 3387 4814 τοῦ
3418 4762 3675 4830 Λαζάρου

2091 4861 2314 4931 ἀδελφῇ,
2369 4859 2544 4923 οὐδεὶς
2593 4857 2782 4929 μισθὸς
2841 4856 2942 4926 τῆς
2999 4855 3094 4909 τοῦ
3159 4856 3334 4926 μύρου
3393 4851 3679 4914 κενώσεως

2091 4952 2529 5022 ἐπαγγέλλεται·
2594 4948 3144 5022 προκαταῆληθείσης
3184 4947 3292 5017 γὰρ
3348 4946 3491 5015 ὑπὲρ
3520 4945 3678 5012 λόγον

2090 5041 2413 5112 εὐεργεσίας
2470 5041 2562 5094 καὶ
2615 5041 2846 5111 δωρεᾶς,
2875 5038 2938 5090 τὺ
2970 5038 3102 5108 παρ’
3137 5036 3308 5106 αὐτῆς
3349 5033 3677 5102 τελούμενον

2093 5136 2305 5206 ὑπῆρχε
2339 5134 2713 5205 χαριστήριον·
2743 5131 2878 5202 μόνη
2912 5128 2969 5181 δὲ
3002 5127 3282 5181 κάνταῦθα
3371 5124 3468 5190 τοῦ
3510 5123 3678 5176 Ἰούδα

2092 5228 2352 5301 προδοσία
2370 5228 2463 5280 καὶ
2477 5225 2772 5298 προπέτεια
2788 5222 3118 5295 γνωρίζεταί
3137 5239 3194 5273 τε
3213 5222 3301 5273 καὶ
3315 5219 3676 5289 διελέγχεται.

2094 5318 2265 5394 Καΐή
2291 5322 2390 5392 μὲν
2412 5321 2562 5391 παρὰ
2582 5319 2660 5389 τῷ
2681 5318 2864 5388 Λουκᾷ
2886 5303 3078 5386 ἄφεσιν
3097 5313 3382 5385 ἁμαρτιῶν
3408 5310 3676 5381 εὑρίσκει,

2095 5415 2195 5484 τὴν
2225 5411 2648 5483 μισθαποδοσίαν
2675 5409 2768 5463 καὶ
2794 5406 2888 5460 τοῦ
2920 5408 3094 5477 μύρου
3130 5406 3222 5459 καὶ
3264 5405 3364 5467 τῆς
3418 5401 3676 5462 πίστεως·

2101 5509 2166 5576 τῇ
2210 5506 2265 5558 δὲ
2302 5504 2454 5575 παρά
2497 5501 2757 5574 Ματοαίῳ
2816 5501 2911 5553 καὶ¹
2961 5499 3208 5569 Μάρκῳ,
3239 5496 3298 5550 τὸ
3333 5494 3677 5566 μνημόσυνον

2097 5599 2497 5668 ἐπαγγέλλεται
2525 5597 2592 5650 δι’
2622 5596 2816 5659 αἰῶνος
2865 5595 2945 5656 είς
2984 5594 3082 5663 τὴν
3110 5588 3439 5660 οἰκουμένην
3466 5585 3672 5659 κηρύτ-

2096 5689 2304 5744 τεσθαι·
2340 5688 2596 5758 διάφορος
2644 5685 2795 5758 μὲνὴ
2845 5680 3245 5755 μισθαποδοσία
3298 5680 3544 5752 ἑκατέρα.
3569 5675 3675 5730 τῶν
