3884 6202
167 252 275 315 365

1060 257 1161 317 AD
1200 258 1801 323 AMPIIILOCHFUM
1849 262 2202 334 QUAESTIO
2242 264 2518 327 XLVIII.

3352 266 3459 329 366

169 362 410 432 γυναίων
442 361 863 433 ἐπαγγέλλεται*
898 364 960 417 ού
990 364 1177 435 μέντοι
1208 367 1446 439 θατέρας
1477 368 1507 421 6
1544 368 1759 439 μισθὸς,

1886 384 1965 423 ter
1996 386 2212 427 sacram
2257 373 2406 427 illam
2463 373 2782 428 unctionem
2836 373 2889 426 in
2940 371 3200 429 universo
3256 374 3460 428 mundo

168 458 268 527 τὴν
307 457 503 528 ἑτέραν
556 455 863 526 ἀγέραστον
912 457 1256 514 καταλείπει.
1298 460 1412 514 Καὶ
1445 459 1555 531 γάρ
1589 460 1759 530 ἄμφω

172 548 272 617 μὲν
300 547 408 602 τῶν
432 549 849 620 ἁμαρτημάτων
866 547 965 619 τὴν
992 547 1188 618 ἄφεσιν
1210 549 1472 622 εὕραντο,
1501 552 1677 622 ἄμφω
1702 550 1759 605 δὲ

1865 462 2299 531 proclamantur,
2335 474 2389 519 et
2438 464 2645 519 meritae
2676 473 2804 519 sunt
2835 473 2893 519 ut
2937 481 3031 535 per
3076 467 3274 521 saecula
3310 468 3456 538 ipsa-

1870 570 1991 609 rum
2024 557 2290 611 memoria
2323 556 2579 613 laudibus
2609 569 2879 613 coronata‘
2909 557 3137 616 feratur.

169 638 260 692 διά
284 639 383 709 τῆς
407 640 559 711 ίερᾶς
584 638 792 711 ταύτης
824 640 1078 713 πράξεως
1125 642 1182 696 ὲν
1215 642 1323 715 ὅλῳ
1352 643 1435 715 τῷ
1464 644 1657 717 κόσμῳ
1677 643 2066 716 κηρύσσονται,
2123 650 2220 704 καὶ
2257 650 2324 704 δι’
2356 651 2555 717 αἰῶνος
2597 650 2989 724 ἐκληρώσαντο
3029 652 3091 705 τὸ
3113 652 3465 725 μνημόσυνον

170 733 361 802 φέρειν
387 734 499 796 τοῖς
526 733 772 798 ἐπαίνοις
805 735 1265 808 στεφανούμενον.

254 824 398 877 Ἀλλ’
428 823 459 877 6
489 823 588 895 μὲν
639 825 884 896 ἥρμοζεν
933 827 1177 900 ἑκατέρᾳ
1212 828 1350 901 πρὸς
1397 830 1761 904 παραμυθίαν

172 916 271 970 καὶ
320 917 593 987 ἀποδοχὴν
649 921 753 990 τῆς
805 919 1069 989 ἐργασίας
1103 921 1565 991 ἐπαγγέλλεσθαι,
1605 925 1765 978 τοῦτο

172 1010 413 1081 εἴρηταιο
468 1010 566 1063 καὶ
618 1010 729 1082 γάρ
773 1012 875 1082 τὴν
928 1013 1030 1083 μὲν
1074 1014 1351 1085 ἐπετίμων
1381 1017 1430 1070 oi
1474 1016 1769 1071 ἀπόστολοι

171 1099 251 1165 ὡς
281 1102 728 1175 παραχρωμένην
756 1103 835 1175 τῷ
868 1105 1028 1176 μύρῳ
1048 1106 1144 1159 καὶ
1170 1107 1351 1179 μάτην
1376 1108 1772 1163 ὲκδαπανῶσαν

173 1193 312 1247 αὐτὸ
333 1194 428 1246 κα)⁵
451 1194 967 1249 καταναλίσκουσαν
986 1196 1162 1269 ’ζπερὶ
1183 1198 1242 1252 δὲ
1260 1198 1362 1269 τῆς
1388 1200 1582 1272 λοιπῆς
1606 1200 1636 1252 6
1660 1202 1769 1253 Φα-

175 1289 393 1357 ρισαῖος
424 1287 797 1358 διεγόγγυζεν,
855 1289 938 1343 ὅτι
983 1290 1309 1362 ἁμαρτωλὸς
1341 1286 1480 1347 οὖσα
1504 1293 1599 1346 καὶ
1643 1310 1771 1346 κατ-

174 1380 499 1452 εγνωσμένη
530 1381 759 1436 τοιαῦτα
785 1383 1047 1455 πράττειν
1064 1385 1157 1438 ἐπὶ
1186 1384 1313 1440 νοῦν
1339 1387 1492 1457 ὅμως
1532 1387 1768 1442 ἐπεϐάλ-

173 1472 322 1527 λετο·
351 1475 457 1527 καὶ·
491 1473 774 1528 λανθάνειν
834 1476 1047 1548 ἐνόμιζε
1074 1476 1167 1531 τὸν
1216 1476 1537 1532 διδάσκαλον
1564 1477 1623 1545 ἐξ
1654 1479 1767 1533 οἴου

176 1564 302 1637 βίου
346 1566 444 1619 καὶ
472 1566 749 1631 πολιτείας
772 1568 833 1621 τὸ
856 1568 1079 1637 γύναιον
1109 1571 1457 1642 ὲγνωρίζετο.
1486 1570 1577 1625 Διὸ
1596 1572 1767 1645 ταύτῃ

1940 826 2046 884 Sed
2076 827 2221 897 quod
2258 843 2707 900 unamquamque
2734 830 2921 887 decuit
2960 839 3021 886 ut
3067 831 3374 888 consolatio
3403 836 3459 887 et

1867 919 2119 976 beneﬁcii
2149 922 2456 990 acceptatio
2501 924 2892 989 annuntietur,
2952 924 3057 978 hoc
3104 923 3308 978 dictum
3349 934 3455 980 est.

1877 1010 2093 1069 Etenim
2132 1026 2297 1066 unam
2343 1011 2565 1082 quidem
2629 1013 2871 1083 apostoli
2919 1013 3372 1082 vituperaverunt
3408 1022 3464 1068 et

1876 1110 2162 1173 unguento
2200 1102 2520 1158 abutentem
2544 1113 2600 1159 et
2626 1104 2757 1159 illud
2787 1104 2994 1160 frustra
3053 1105 3461 1175 impendentem

1876 1203 1932 1250 et
1951 1194 2364 1265 dispensantem
2389 1212 2405 1261 ;
2438 1196 2671 1251 alteram
2723 1212 2858 1251 vero
2887 1195 3204 1253 Pharisaaus
3228 1197 3462 1251 cavilla-

1879 1298 1969 1345 tus
1993 1300 2103 1355 est,
2142 1288 2313 1359 quod,
2348 1304 2471 1344 cum
2494 1299 2642 1345 esset
2682 1290 2961 1361 peccatrix
2998 1298 3053 1345 et
3086 1300 3147 1345 ut
3186 1290 3313 1346 talis
3362 1307 3462 1343 tto-

1880 1390 2150 1444 sceretur,
2188 1395 2251 1436 ea
2285 1390 2465 1437 tamen
2500 1382 2692 1453 agendi
2733 1392 2972 1438 mentem
3002 1382 3229 1453 ceperit,
3274 1393 3327 1436 et
3347 1382 3464 1436 Ma-

1876 1474 2111 1546 gistrum
2165 1474 2337 1530 latere
2398 1475 2655 1530 credebat
2684 1490 2792 1545 qua
2819 1475 2930 1530 vita
2975 1485 3030 1530 et
3061 1474 3317 1530 instituto
3349 1490 3465 1529 mtt-

1874 1563 1979 1619 lier
2041 1576 2383 1622 nosceretur.
2420 1566 2767 1638 Quaprnpter
2816 1568 2947 1624 huic
2989 1570 3203 1624 merces
3245 1584 3461 1622 annun-

177 1658 284 1725 μὲν
313 1659 341 1711 ό
377 1657 567 1729 μισθὸς
598 1660 879 1733 ἀνερρήθη
906 1661 1017 1715 τῶν
1043 1663 1458 1735 ἁμαρτημάτων
1488 1667 1521 1736 ἡ
1550 1665 1765 1734 ἄφεσις·

1886 1655 2005 1713 .iata
2038 1667 2121 1714 est
2145 1667 2498 1728 peccatorum
2535 1661 2825 1730 remissio;
2872 1662 2955 1718 illi
2990 1678 3121 1719 vero
3158 1664 3224 1717 ad
3266 1676 3462 1717 omnes

174 1751 369 1825 ἐκείνῃ
400 1751 458 1805 δὲ
485 1752 547 1806 τὸ
594 1755 675 1818 εἱς
715 1755 927 1820 πάντας
958 1756 1366 1827 περιηχηθῆναι
1409 1756 1510 1829 τὴν
1570 1757 1771 1829 πρᾶξιν

173 1843 551 1915 ἀνεκηρύχθη,
575 1845 667 1898 καὶ
688 1847 841 1916 παρά
867 1846 1087 1901 πάντων
1120 1847 1541 1921 μακαρίζεσθαιο
1560 1852 1625 1919 τῇ
1648 1848 1772 1919 μέν·

172 1953 301 1991 ατοι
332 1952 396 2003 γε
425 1937 629 2009 ἀδελφῇ
660 1936 752 1990 τοῦ
792 1938 1048 2011 Λαζάρου
1081 1939 1365 2013 οὐδέτερον
1395 1942 1602 1996 τούτων
1640 1942 1769 1997 ἀντ-

176 2030 513 2085 αποδίδοταν
539 2031 731 2102 ἐπειδὴ
753 2030 876 2085 οὐδὲ
907 2032 1093 2105 ἐκείνη
1125 2034 1589 2106 προσδοκωμένης
1614 2034 1772 2106 εὐερ-

175 2124 375 2193 γεσίας
422 2126 517 2197 καὶ
566 2126 789 2196 χάριτος
844 2126 1148 2198 ἀρραϐῶνα
1212 2126 1618 2180 κατεὸάλλετο·
1651 2125 1770 2181 ἀλλ’

178 2216 327 2288 ὑπὲρ
355 2210 432 2271 ὧν
462 2217 781 2288 ἀπήλαυσεν
837 2218 978 2289 ὑπὲρ
1030 2219 1189 2289 λόγον
1244 2218 1336 2272 τὸν
1384 2218 1616 2288 ἀδελφὸν
1650 2219 1771 2273 ἀντὶ

176 2311 381 2384 νεκροῦ
434 2313 727 2384 καινοτέρᾳ
780 2311 893 2384 ζωῇ
949 2313 1050 2383 τὴν
1086 2311 1183 2366 τοῦ
1240 2312 1474 2367 θανάτου
1501 2312 1772 2385 νέκρωσιν

178 2402 687 2473 προοιμιασάμενον
762 2402 1150 2469 ἀπολαὸοῦσα,
1206 2403 1297 2456 τὸν
1354 2404 1653 2475 εὐεργέτην
1701 2402 1773 2455 δι’

177 2496 537 2566 εὐχαριστίας
577 2491 681 2566 ἦγε
707 2512 719 2524 ·
754 2497 849 2549 καὶ
877 2496 1021 2551 κατά
1043 2514 1106 2566 γε
1128 2497 1361 2567 γνώμην
1390 2496 1487 2551 καὶ
1517 2496 1769 2567 δύναμιν,

176 2587 241 2640 τὸ
266 2588 441 2659 γέρας
494 2587 791 2657 ἀπένεμεν.
854 2585 1063 2650 Ἄλλως
1103 2603 1162 2639 τε
1189 2586 1245 2638 δὲ
1303 2587 1359 2638 αἱ
1406 2584 1507 2656 μὲν
1560 2584 1773 2647 ἀτελεῖς

177 2673 350 2751 ἦσαν,
413 2679 511 2733 καὶ
538 2678 606 2750 δὴ
637 2680 734 2733 καὶ⁸
792 2678 870 2750 τῷ
922 2678 1129 2751 φορτίῳ
1180 2675 1294 2732 τῶν
1351 2676 1774 2749 ἁμαρτημάτων

179 2772 513 2844 ἆσαρύνοψτο
536 2789 549 2802 °
579 2772 794 2827 ἐδέοντο
846 2773 1027 2825 τοίνυν
1058 2768 1461 2843 παρακλήσεώς
1508 2787 1653 2833 τινος
1680 2769 1775 2822 καὶ

180 2860 565 2934 πληροφορίας
599 2861 675 2924 ὡς
696 2864 731 2933 ὴ
765 2862 964 2933 πρᾶξις
990 2859 1170 2914 αὐτῶν
1199 2860 1500 2931 ἀπεδέχθη,
1532 2861 1627 2913 καὶ
1666 2859 1773 2913 τῶν

1870 1750 2267 1807 annbntiatum
2330 1752 2397 1808 iri
2442 1753 2619 1824 ipsius
2679 1754 2957 1809 actionem
3008 1755 3333 1826 praedictum
3380 1762 3464 1807 est

1871 1849 1925 1895 et
1956 1840 2027 1895 ab
2047 1842 2309 1897 omnibus
2330 1841 2547 1897 beatam
2580 1842 2787 1897 dictum
2815 1843 2903 1898 iri.
2942 1844 3130 1899 Sorori
3178 1859 3311 1899 sane
3355 1842 3463 1898 La-

1872 1935 1988 1988 zat'i
2025 1935 2236 1989 nullum
2269 1950 2336 1990 ex
2390 1936 2476 1989 his
2526 1936 2801 1992 mercedis
2836 1936 2995 1992 titulo
3028 1938 3295 1992 redditur.
3340 1936 3463 1992 Non

1871 2026 2021 2079 enim
2044 2026 2134 2080 illa
2169 2027 2373 2096 sperati
2405 2028 2657 2084 beneﬁcii
2680 2038 2736 2084 et
2763 2029 2953 2101 gratiae
2980 2030 3173 2084 arrhas
3199 2028 3461 2101 jaciebat,

1872 2118 1968 2175 sed
1993 2129 2278 2190 propterea
2313 2122 2461 2192 quod
2491 2122 2679 2193 gavisa
2708 2133 2813 2190 est,
2834 2124 3112 2194 accipiens
3134 2124 3462 2179 mirabiliter

1871 2214 2101 2271 fratrem
2132 2232 2200 2271 ex
2226 2226 2445 2272 mortuo
2478 2232 2621 2273 nova
2668 2218 2782 2273 vita
2814 2218 3011 2273 mortis
3046 2217 3460 2273 mortiﬁcationi

1872 2309 2292 2380 pmludentem,
2324 2318 2483 2381 grato
2512 2311 2701 2367 animo
2757 2311 3168 2368 benefactorcm
3223 2312 3413 2367 habuit
3445 2329 3459 2376 ;

1871 2413 1927 2460 et
1960 2418 2061 2473 pro
2097 2404 2384 2460 voluntate
2433 2413 2489 2459 et
2536 2405 2780 2475 potentia
2854 2405 3160 2461 mercedem
3204 2405 3253 2460 ei
3304 2404 3463 2459 exhi-

1872 2498 2011 2554 buit.
2048 2498 2287 2553 Aliunde
2340 2508 2394 2553 et
2440 2499 2565 2554 alite
2600 2498 2932 2570 imperfecta:
2978 2508 3157 2565 erant,
3213 2510 3267 2554 et
3330 2513 3464 2552 sane

1873 2591 2098 2662 quidem
2125 2600 2477 2662 peccatorum
2498 2593 2741 2662 pondere
2760 2592 3153 2663 premebantur
3183 2608 3197 2657 ;
3229 2591 3467 2662 egebant

1873 2697 2005 2753 ergo
2054 2682 2440 2739 consolatione
2484 2684 2721 2754 quadam
2775 2694 2830 2739 et
2886 2681 3256 2754 persuasione
3315 2680 3463 2750 quod

1873 2774 2116 2844 ipsarum
2158 2774 2305 2829 actio
2338 2782 2564 2844 accepta
2593 2784 2759 2840 esset,
2794 2782 2848 2830 et
2880 2790 2975 2844 spe
3013 2789 3113 2830 sua
3144 2787 3254 2827 non
3298 2770 3464 2825 deei-

1876 2863 2116 2935 pientur.
2169 2863 2383 2920 Idcirco
2443 2865 2662 2935 generis
2719 2863 2895 2919 nostri
2927 2862 3182 2918 Salvator
3232 2858 3465 2931 singulis

182 2952 422 3007 ὲλπίδων
447 2952 509 3006 ού
534 2952 952 3023 ψευσθήσονταισ
1007 2952 1087 3006 διὸ
1116 2952 1209 3006 καὶ
1273 2951 1366 3005 τοῦ
1400 2952 1590 3020 γένους
1617 2950 1774 3022 ἡμῶν

1886 2968 1932 3015 et
1956 2958 2174 3028 proprie
2205 2958 2933 3029 promissionesdistribuit.
2963 2956 3095 3025 Qua:
3134 2964 3317 3011 autem
3346 2962 3466 3009 erat

182 3046 214 3098 6
247 3045 445 3116 Σωτὴρ
463 3044 812 3116 καταλλήλως
833 3044 1024 3108 αὐταῖς
1048 3043 1144 3097 καλ.
1162 3042 1380 3106 οἰκείως
1409 3041 1508 3105 τὰς
1531 3044 1774 3111 ἐπαγγε-

184 3136 313 3201 λίας
375 3135 873 3208 διενείματο-ἡδὲ
921 3136 1235 3206 τελειοτέρα
1284 3152 1344 3188 τε
1397 3134 1635 3206 ὑπῆρχε,
1684 3136 1781 3187 καί⁹

184 3229 285 3283 τοῦ
352 3228 659 3300 παραδόξου
719 3229 996 3300 θεάματος
1055 3227 1136 3282 ἔτι
1199 3228 1289 3281 διὰ
1351 3228 1458 3282 τῶν
1511 3226 1781 3298 ὀμμάτων

185 3322 470 3393 ἀπήλαυε,
492 3322 584 3375 καὶ
609 3323 711 3376 οὐκ
738 3323 909 3377 ἐδεῖτο
931 3322 1067 3386 τέως
1104 3322 1455 3393 ὑποσχέσεων
1488 3321 1777 3391 μειζόνων·

188 3416 422 3485 ἠρκεῖτο
454 3413 512 3468 δὲ
549 3415 628 3485 τῷ
661 3432 724 3468 τε
772 3415 1062 3486 παραδόξῳ
1122 3414 1357 3486 θεάματι
1409 3414 1505 3468 καὶ
1528 3416 1597 3485 τῇ
1624 3416 1779 3485 κοινῇ

190 3509 339 3580 πρὸς
393 3510 603 3574 πάντας
659 3510 787 3575 τοὺς
837 3510 1278 3573 πεπιστευκότας
1327 3509 1633 3581 ἐπαγγελίᾳ
1685 3509 1782 3563 τοῦ

191 3602 493 3667 Δεσπότου,
550 3602 633 3656 ὅτι
662 3604 693 3655 6
721 3602 994 3656 πιστεύων
1046 3603 1126 3667 εἰς
1190 3601 1375 3667 αὑτὸν,
1415 3602 1517 3672 τῆς
1558 3602 1783 3655 αίωνίου

192 3694 349 3765 ζωῆς
395 3694 489 3750 τὸν
527 3695 731 3766 κλῆρον
762 3696 1127 3768 ἀναφαίρετον
1152 3694 1284 3761 ἔξει.

262 3786 369 3840 Διά
395 3785 451 3839 τί
480 3786 538 3840 δὲ
567 3788 661 3841 ἐπὶ
697 3788 796 3857 μὲν
820 3787 921 3857 τῆς
974 3788 1130 3859 παρὰ
1177 3786 1257 3859 τῷ
1286 3787 1473 3858 Λουκᾷ
1522 3787 1787 3855 γυναικὸς

189 3878 374 3943 οὐδεὶς
415 3880 525 3934 τῶν
577 3879 835 3951 μαθητῶν
886 3880 1059 3935 ούδὲό
1102 3879 1307 3945 Ἰούδας
1340 3882 1661 3951 ἀγανακτεῖ,
1695 3882 1786 3935 ἐπὶ

190 3971 298 4039 τῆς
352 3969 446 4024 τοῦ
502 3970 761 4043 Λαζάρου
802 3972 965 4042 μόνος
1008 3974 1037 4026 6
1078 3972 1381 4044 προδότης;
1438 3973 1531 4026 ἐπὶ
1574 3972 1631 4027 δὲ
1683 3973 1786 4042 τῆς

192 4061 427 4133 πόρνης,
459 4061 570 4114 τῶν
602 4061 862 4133 μαθητῶν
902 4062 1003 4115 οὐκ
1036 4061 1246 4129 ὀλίγοις
1283 4062 1316 4135 ἢ
1344 4063 1431 4117 διὰ
1488 4062 1647 4116 τοῦτο
1676 4063 1787 4115 τῶν

195 4152 464 4224 μαθητῶν
504 4152 680 4216 οὐδεὶς
729 4154 821 4206 ἐπὶ
861 4156 925 4225 τῇ
991 4150 1222 4224 πρώτῃ,
1277 4153 1400 4207 οὐδὲ
1449 4155 1478 4207 6
1521 4155 1788 4226 προδότης

192 4244 521 4314 ἀγανακτεῖ,
576 4243 712 4297 διότι
744 4245 774 4297 6
807 4245 904 4315 μὲν
950 4244 1155 4308 Ἰούδας
1183 4243 1338 4299 οὔπω
1358 4241 1427 4317 ἦν
1460 4244 1602 4300 κατά
1641 4246 1783 4317 κρά-

1882 3049 2182 3122 perfectior
2215 3049 2527 3105 ctmirabili
2566 3049 2882 3118 spectaculo
2908 3049 3087 3103 adhuc
3108 3046 3283 3102 oculis
3301 3045 3477 3101 fruita.

1882 3146 2022 3205 erat,
2059 3155 2159 3195 nec
2215 3139 2519 3209 majoribus
2566 3139 3028 3209 promissionibus
3082 3137 3321 3209 egebat;
3364 3134 3468 3189 mi-

1885 3234 2044 3288 rabili
2075 3240 2260 3287 autem
2298 3232 2406 3287 hoc
2432 3231 2745 3302 spectaculo
2786 3240 2841 3286 et
2871 3230 3153 3286 communi
3174 3228 3239 3282 ad
3271 3242 3469 3283 omnes

1885 3324 2075 3379 ﬁdeles
2116 3322 2337 3378 Domini
2366 3322 2738 3391 promissione
2778 3330 3035 3377 contenta
3090 3327 3230 3385 erat,
3276 3333 3471 3388 nempe

1884 3432 2008 3472 eum
2037 3416 2130 3487 qui
2169 3415 2349 3471 credit
2372 3415 2429 3470 in
2457 3416 2660 3485 ipsum,
2690 3414 2816 3469 vita:
2844 3424 3066 3469 aeterna:
3085 3412 3469 3468 htereditatem

1886 3524 1995 3565 non
2015 3509 2365 3566 auleribilem
2406 3509 2729 3563 habiturum
2754 3522 2897 3563 esse.

1958 3777 2143 3845 Quare
2173 3783 2357 3832 autem
2384 3784 2579 3830 contra
2602 3788 2721 3830 eam
2744 3788 2865 3843 quae
2887 3772 3029 3844 apud
3058 3771 3257 3828 Lucam
3279 3781 3365 3828 est
3394 3772 3481 3828 fe.

1888 3872 2095 3927 minam
2132 3870 2323 3925 nullus
2354 3868 2755 3939 discipulorum
2800 3881 2975 3937 neque
3028 3866 3145 3937 ipse
3178 3850 3471 3920 Judas‘in-

1890 3965 2169 4037 dignatur,
2206 3972 2395 4019 contra
2428 3977 2679 4019 sororem
2726 3960 2926 4015 Lazari
2961 3959 3113 4014 solus
3181 3958 3475 4030 proditor?

1890 4057 2094 4112 Contra
2121 4056 2432 4111 adulteram
2468 4054 2869 4125 discipulorum
2914 4067 3021 4107 non
3048 4052 3216 4122 pauci
3247 4052 3261 4105 !
3298 4050 3475 4105 Disci-

1890 4150 2144 4222 pulorum
2170 4149 2354 4205 nullus
2377 4157 2571 4204 contra
2603 4148 2859 4218 primam,
2887 4157 3067 4215 neque
3092 4145 3208 4215 ipse
3228 4142 3477 4227 proditor

1892 4242 2232 4314 indignatur,
2274 4242 2404 4313 quia
2443 4239 2616 4297 Iudas
2660 4238 2882 4310 quidem
2914 4252 3023 4292 non
3058 4236 3330 4292 violenter
3357 4242 3477 4290 erat

191 4352 286 4400 τος
335 4334 498 4399 ἁλοὺς
534 4334 614 4406 τῷ
635 4336 734 4407 τῆς
795 4335 1167 4408 φιλαργυρίας
1211 4338 1506 4409 νοσήματι,
1539 4337 1660 4391 οὐδὲ
1687 4339 1785 4409 τῆς

1891 4338 2137 4393 avaritia:
2167 4336 2364 4393 morbo
2394 4343 2610 4406 captus,
2643 4347 2820 4403 neque
2846 4330 3079 4386 Satanas
3125 4329 3309 4384 adhuc
3354 4326 3477 4397 ejus

194 4426 815 4498 προδοσίαςόΣατανᾶς
858 4428 1013 4482 οὓπω
1059 4425 1128 4500 ἦν
1181 4430 1348 4484 αὐτοῦ
1406 4432 1507 4502 τὴν
1559 4431 1789 4503 καρδίαν

196 4522 761 4593 κατασκευασάμενος
811 4523 1119 4594 ἐπιτήδειον
1164 4522 1394 4595 ὄργανον
1417 4540 1431 4555 °
1462 4526 1511 4579 οί
1537 4525 1594 4578 δὲ
1639 4524 1790 4580 ἄλλοι

200 4615 452 4686 μαθηταὶ
502 4616 593 4669 διὰ
650 4615 810 4669 τοῦτο
885 4616 1024 4687 πρὸς
1083 4615 1181 4685 τὴν
1257 4617 1635 4689 ἀγανάκτησιν
1692 4618 1791 4689 οὐχ

199 4708 501 4779 ὑπήγοντο,
530 4706 667 4760 διότι
713 4708 841 4771 τοὺς
870 4707 968 4777 τῆς
998 4706 1372 4778 ἐλεημοσύνης
1400 4707 1493 4763 τοῦ
1524 4708 1789 4762 Διδασκά-

199 4797 296 4851 λου
330 4797 524 4865 λόγους
552 4797 707 4850 οὔπω
721 4792 861 4873 ἦσαν
880 4798 1091 4869 σφόδρα
1112 4799 1504 4871 ἐμπετπγγότας
1531 4801 1791 4872 φέροντες

200 4893 269 4961 τῇ
291 4890 443 4965 ψυχῇ
471 4903 483 4917 ·
519 4890 630 4943 οὐδ’
666 4890 838 4954 οὕτως
879 4892 1077 4954 αὐτοὺς
1106 4892 1139 4962 ἡ
1169 4892 1277 4944 τῶν
1310 4893 1561 4965 πενήτων
1588 4895 1791 4966 ᾑρήκει

201 4984 455 5056 φροντίς,
490 4983 613 5036 Ἔτι
651 4983 707 5036 δὲ
740 4984 838 5037 καὶ
855 4985 957 5056 τὴν
996 4986 1230 5053 γυναῖκα
1260 4984 1554 5042 κλαίουσαν
1578 4985 1790 5062 ἐώρων,

200 5075 302 5134 καὶ
349 5074 472 5129 οὐδὲ
501 5075 601 5147 τῆς
653 5074 899 5146 κεφαλῆς
930 5074 1311 5146 καταχέουσαν
1347 5075 1406 5129 τὸ
1434 5076 1629 5148 μύρον,
1657 5077 1793 5132 ἀλλὰ

201 5168 331 5230 τοὺς
384 5165 554 5229 πόδας
602 5165 973 5236 ἀλείφουσαν’
1028 5168 1123 5221 καὶ
1165 5166 1225 5221 τὺ
1259 5165 1432 5230 πάθας
1489 5168 1793 5236 ἀφεστάναι

202 5259 363 5329 παρά
386 5259 481 5313 τοῦ
510 5260 763 5330 Σωτῆρος
790 5258 943 5314 οὔπω
972 5258 1333 5315 ἐδιδάσκοντο*
1362 5258 1399 5313 ἂ
1429 5260 1608 5316 πάντα
1636 5262 1797 5317 ἱκανά

203 5334 274 5422 ’ἦν
300 5350 400 5423 τῆς
427 5352 859 5422 ἀγανακτήσεως
888 5352 1132 5422 ἀπάγειν
1155 5352 1373 5417 αὐτούς.
1411 5354 1620 5419 ’Λλλως
1646 5372 1705 5408 τε
1735 5356 1796 5409 δὲ

206 5444 304 5496 καὶ
350 5443 579 5513 μηδενὸς
639 5446 772 5498 τῶν·
802 5446 1110 5518 είρημὲνων
1146 5446 1435 5515 παρόντος,
1476 5448 1527 5500 εἰ
1552 5466 1658 5502 τινι
1687 5449 1796 5502 τῶν

211 5534 473 5608 μαθητῶν
514 5536 891 5609 ἀγανάκτησις
929 5538 1222 5609 ύπεφύετο,
1260 5543 1339 5605 είς
1370 5540 1431 5593 τὸ
1461 5543 1701 5612 φανερὸν
1729 5541 1797 5595 ἂν

210 5628 484 5698 ἐπεσχέθη
506 5628 810 5700 προελθεῖν.
844 5629 1140 5701 Προλαϐὼν
1162 5632 1269 5703 γὰρ
1290 5635 1319 5686 ὁ
1336 5634 1657 5705 Φαρισαῖος,
1691 5632 1792 5702 τῆς

213 5719 586 5789 ἐπιτιμήσεως
642 5720 844 5790 ύπέσχε
901 5721 992 5775 τὸν
1048 5722 1288 5793 ἔλεγχον
1328 5722 1545 5794 καὶτῆς
1582 5725 1790 5796 σιωπῆς

1894 4439 2086 4503 pectus
2126 4429 2235 4486 sibi
2273 4435 2565 4499 paraverat
2606 4424 2940 4496 proditionis
2979 4420 3331 4478 commodum
3384 4433 3478 4472 or-

1893 4537 2121 4593 ganum.
2154 4520 2262 4576 Alii
2289 4528 2472 4574 autem
2508 4516 2777 4588 discipuli
2795 4515 2860 4569 ad
2899 4512 3334 4583 indignationem
3365 4526 3477 4566 non

1893 4612 2119 4670 adducti
2165 4622 2315 4679 sunt,
2360 4610 2487 4683 quia
2526 4609 2776 4681 Magistri
2832 4608 2900 4665 de
2953 4607 3300 4677 eleemosyna
3365 4619 3479 4659 ser-

1894 4720 2087 4762 mones
2114 4704 2359 4760 nondum
2413 4704 2466 4757 in
2502 4711 2685 4757 mente
2718 4684 2910 4755 vivide
2970 4698 3273 4768 impressos
3334 4695 3478 4751 fere-

1893 4796 2050 4861 bant,
2084 4808 2264 4860 nequc
2290 4793 2426 4848 adeo
2476 4806 2573 4848 eos
2613 4790 2980 4861 indigentium
3016 4798 3238 4859 ceperat
3280 4787 3480 4843 sollici-

1894 4887 2051 4944 tudo.
2078 4888 2273 4942 Adhuc
2302 4898 2483 4941 autent
2528 4886 2815 4940 mulierem
2852 4884 3074 4939 ﬂentem
3124 4882 3385 4938 videbant
3424 4890 3479 4936 et

1896 4996 2005 5037 non
2035 4987 2373 5055 unguentum
2417 4979 2470 5032 in
2514 4988 2681 5053 caput
2721 4978 3119 5040 eﬂ‘undentcm,
3163 4975 3258 5031 sed
3311 4974 3480 5045 pedes

1896 5080 2228 5143 ungentent;
2258 5080 2312 5126 et
2344 5069 2661 5141 passionem
2684 5070 2936 5129 instarca
2974 5069 3206 5125 Domino
3238 5069 3480 5126 nondum

1896 5164 2247 5231 didicerant;
2279 5178 2401 5234 quae
2432 5163 2619 5218 omnia
2654 5178 2759 5218 eos.
2787 5163 2854 5217 ab
2891 5161 3268 5232 indignatione
3308 5172 3483 5217 retrav

1898 5259 2031 5315 here
2071 5258 2348 5313 valebant.
2392 5257 2626 5312 Aliunde
2660 5257 2706 5313 si
2740 5256 2950 5310 nullum
2983 5271 3049 5309 ex
3096 5255 3186 5311 his
3231 5256 3477 5318 adesset,

1898 5353 1943 5408 si
1977 5349 2565 5421 alicuidiscipulorum
2601 5362 2729 5405 nata
2763 5358 2906 5405 esset
2940 5348 3264 5419 indignatio,
3295 5346 3363 5402 ad
3398 5350 3483 5400 lu-

1898 5460 2018 5501 cem
2053 5444 2271 5515 prodire
2302 5444 2529 5500 inhibita
2568 5454 2733 5499 esset.
2773 5442 3125 5498 Praevenicns
3166 5440 3313 5498 enim
3345 5439 3485 5494 Pha-

1901 5537 2117 5600 risaeus,
2153 5535 2593 5606 reprehensionis
2624 5534 3035 5591 accusationem
3071 5534 3271 5593 subiit;
3308 5539 3363 5587 et
3400 5531 3481 5586 sic

1900 5630 2133 5683 aliorum
2160 5628 2366 5684 silentii
2421 5628 2586 5683 visus.
2625 5638 2773 5684 esset
2832 5628 3136 5684 admonitio
3186 5636 3240 5679 et
3290 5637 3481 5678 causa.

1903 5724 2105 5778 Contra
2137 5738 2265 5779 vero
2313 5721 2503 5778 Lazari
2566 5736 2816 5777 sororem
2870 5738 2977 5778 non
3029 5722 3388 5788 indignantur
3416 5732 3479 5772 ex
