3884 6202
318 234 427 298 369

1282 241 1383 301 AD
1404 234 2008 302 AMPHILOCHIUM
2033 234 2385 308 QUIESTIO
2410 238 2621 301 XLIX.

3481 237 3586 302 370

316 346 551 419 οὐδεμία
604 347 765 421 κηλὶς
826 351 1212 423 αίρετιζούσης
1255 352 1415 423 δόξης
1445 393 1462 419 ,
1504 354 1574 408 τά
1632 351 1903 424 εἰρημένα

2013 352 2219 409 macula
2249 353 2520 408 haeretica:
2548 351 2828 423 opinionis
2855 367 3046 409 eorum
3073 354 3216 408 dicta
3244 355 3461 425 polluit,
3487 371 3588 410 nec

315 440 639 505 καταστίζει
708 442 973 513 οὐδεμίαν
1024 444 1302 517 πρόφασιν
1350 447 1586 501 ἔλαϐενο
1622 446 1903 517 εἰρήσεται

312 531 373 585 δὲ
422 530 517 587 νῦν
552 531 589 587 ἃ
630 535 731 605 τῆς
781 536 878 606 μὲν
932 536 1209 608 προτέρας
1251 538 1434 600 αίτίας
1482 536 1586 591 οῦκ
1636 536 1902 590 ἐλάττονα

315 624 681 696 προϐάλλεται
734 626 836 699 τὴν
889 628 1064 700 ἰσχὺν,
1116 630 1219 700 τὴν
1264 629 1326 684 δὲ
1376 630 1642 700 δευτέραν
1699 629 1903 700 μᾶλλον

315 718 441 773 ἐστὶ
485 719 821 789 πεφευγότα.
854 721 968 775 Οὐκ
997 720 1215 792 ἀφίεται
1247 721 1543 791 τοιγαροῦν
1571 724 1686 785 τοῖς
1714 723 1793 786 είς
1841 720 1904 775 τὸ

313 809 543 883 Πνεῦμα
580 811 644 865 τὸ
698 812 859 881 ἀγιον
902 812 1364 886 βλασφημήσασιν
1397 815 1431 887 η
1466 813 1735 885 ἁμαρτία,
1766 813 1903 868 διότι

316 903 443 975 μηδ’
486 903 843 961 ὑπελείποντο
887 905 1128 973 ἑαυτοῖς,
1151 905 1219 959 δι’
1237 898 1302 961 οὗ
1320 906 1421 977 τῆς
1447 906 1700 976 ἀφέσεως
1741 902 1905 970 ἀξιω-

313 994 611 1066 θήσονται·
634 996 732 1051 καὶ
768 997 878 1067 γὰρ
914 998 948 1071 ἡ
979 996 1091 1051 τῶν
1123 998 1541 1071 ἁμαρτημάτων
1572 996 1791 1067 ἄφεσις,
1815 997 1905 1051 διὰ

313 1086 413 1142 τοῦ
469 1087 785 1159 Πνεύματος
818 1087 1051 1145 δίδοται·
1077 1089 1154 1153 ὥς
1187 1105 1289 1144 που
1333 1090 1429 1144 καὶ
1455 1092 1483 1143 6
1510 1090 1701 1161 Σωτὴρ
1734 1092 1906 1161 ἐμαρ-

313 1179 554 1251 τύρησεν
587 1179 789 1237 είπὼν’
842 1198 861 1233 ι
897 1181 1107 1236 Λάϐετε
1158 1181 1381 1252 Πνεῦμα
1436 1181 1625 1251 ἅγιονο
1661 1174 1903 1236 ὧντινων

313 1268 507 1337 ἀφίετε
555 1268 655 1333 τὰς
688 1268 988 1340 ἁμαρτίας,
1018 1269 1301 1340 ἀφίενται·
1332 1263 1407 1325 ὧν
1429 1271 1474 1325 δ’
1507 1270 1575 1325 ἂν
1637 1271 1901 1343 κρατῆτε,

314 1362 710 1432 κεκράτηνται·
743 1381 763 1415 ι
800 1361 901 1434 τὴν
931 1363 1128 1431 ἄφεσιν
1155 1363 1263 1418 τῶν
1294 1364 1582 1436 ἁμαρτιῶν
1612 1366 1707 1420 καὶ
1729 1364 1904 1419 κατά-

311 1470 501 1525 κρισιν
536 1454 781 1524 δηλονότι
831 1456 935 1523 τῆς
980 1455 1077 1511 τοῦ
1127 1455 1453 1527 ’Πνεύματος
1496 1456 1749 1525 ἐξουσίας
1807 1456 1905 1509 καὶ

310 1544 600 1615 δυνάμεως
638 1540 779 1600 εἶναι
830 1546 1105 1601 δ.δάσκει⁶
1146 1547 1237 1602 διὰ
1289 1546 1383 1602 τοῦ
1438 1548 1763 1619 Πνεῦματος
1809 1542 1905 1601 οὖν

313 1635 682 1706 ίερουργεῐται
726 1635 835 1689 τῶν
885 1637 1307 1708 ἁμαρτημάτων
1359 1639 1393 1707 ή
1448 1638 1746 1708 κάθαρσις,
1806 1637 1905 1691 καὶ

2009 446 2179 501 ullum
2246 444 2440 501 haeresi
2509 446 2643 500 (lant
2696 454 3039 515 praetextum.
3100 445 3362 501 Dicentur
3406 458 3587 503 autem

2006 551 2156 592 nunc
2182 551 2304 607 qua:
2332 545 2387 592 et
2409 545 2602 591 contra
2657 537 2810 606 prius
2858 536 3064 593 crimen
3113 553 3226 593 non
3275 539 3461 597 minus
3499 556 3591 596 ro-

2006 627 2160 684 boris
2190 638 2490 699 opponunt,
2545 638 2603 685 et
2653 644 2776 700 qua:
2835 630 3136 687 secundum
3188 633 3364 702 magis
3411 634 3592 691 adhuc

2006 719 2241 790 fugiunt.
2276 717 2395 774 Non
2426 718 2725 775 remittitur
2773 735 2943 790 porro
2981 730 3270 792 peccatum
3303 722 3373 778 iis
3410 723 3505 794 qui
3533 724 3589 780 in

2008 812 2273 881 Spiritum
2297 820 2543 868 sanctum
2572 811 2974 884 blasphemant,
3003 814 3130 883 quia
3188 814 3293 870 sibi
3322 829 3436 869 non
3464 816 3594 871 reli—

2006 913 2246 975 querunt
2293 906 2440 961 unde
2495 905 2826 961 remissione
2885 906 3038 977 digni
3089 907 3437 977 iudicentur.
3478 908 3589 965 Re-

2008 994 2197 1051 missio
2255 995 2401 1051 enim
2436 1006 2788 1066 peccatorum
2826 1011 2924 1068 per
2978 996 3249 1068 Spiritum
3300 997 3494 1067 datur;
3531 1008 3594 1055 ut

2009 1088 2065 1144 in
2101 1087 2339 1159 quodam
2371 1087 2494 1143 loco
2546 1087 2799 1144 Salvator
2836 1090 3173 1146 testificatus
3218 1098 3305 1146 est
3350 1090 3543 1147 dicens
3576 1109 3589 1147 :

2012 1198 2034 1235 ι
2064 1180 2305 1251 Accipite
2348 1178 2616 1252 Spiritum
2672 1191 2951 1245 sanctum,
2977 1197 3212 1252 quorum
3268 1180 3595 1238 remiseritis

2006 1280 2267 1342 peccata,
2294 1271 2678 1338 remittemur;
2708 1286 2947 1342 quorum
2982 1280 3165 1326 autem
3232 1270 3593 1337 retinueritis,

2006 1370 2214 1417 retenta
2254 1369 2385 1417 sunt
2409 1362 2525 1415 τ’.»
2580 1358 2984 1415 Remissionem
3032 1368 3128 1415 aut
3185 1358 3593 1414 damnationem

2007 1453 2297 1510 manifeste
2343 1467 2413 1509 ex
2469 1452 2672 1508 virtute
2713 1460 2771 1508 et
2806 1451 3047 1523 potentia
3106 1449 3347 1521 Spiritus
3406 1449 3585 1507 sancti

2006 1561 2127 1602 esse
2152 1546 2351 1611 docet;
2378 1559 2475 1615 per
2494 1544 2758 1615 Spiritum
2788 1544 2955 1615 igitur
2983 1544 3041 1598 fit
3066 1551 3418 1613 peccatorum
3442 1541 3597 1610 puri-

2008 1640 2189 1697 ficatio
2218 1648 2273 1695 et
2310 1638 2607 1695 absolutio.
2648 1635 2754 1704 Qui
2783 1646 2966 1691 autent
2993 1636 3148 1691 illum
3174 1634 3597 1705 blasphematet

308 1726 648 1792 ἀθώωσιςοὸ
707 1728 766 1783 δὲ
816 1727 1158 1801 βλασφημῶν
1204 1730 1382 1784 ἐκεῖνο
1429 1730 1525 1783 καὶ
1588 1729 1690 1799 τῆς
1732 1727 1901 1784 αὑτοῦ

2013 1747 2066 1789 se
2095 1732 2241 1787 illius
2267 1730 2492 1787 salutari
2547 1730 2737 1800 gratias
2775 1727 3074 1792 subtrahit,
3125 1726 3346 1798 quando
3382 1726 3453 1781 ab
3502 1724 3596 1779 illo

313 1820 594 1893 σωτηρίας
651 1820 1192 1893 ἀποσκευαζόμενος,
1242 1824 1361 1887 πῶς
1413 1822 1482 1879 ἂν
1517 1822 1603 1893 εἴη
1632 1821 1700 1875 δι’
1730 1820 1898 1875 αὑτοῦ

2006 1823 2385 1887 mundarctnr,
2427 1821 2511 1877 vel
2557 1821 2738 1879 debita
2765 1820 2870 1877 sibi
2906 1834 3068 1891 pmua
3102 1828 3156 1873 et
3195 1815 3593 1874 offensionibus

312 1912 737 1983 καθαιρόμενος,
763 1913 796 1985 ἦ
832 1913 935 1984 τῆς
966 1914 1421 1986 χρεωστουμένης
1454 1914 1605 1985 αύτῷ
1630 1913 1904 1985 τιμωρίας

2013 1915 2401 1972 absolveretur.
2436 1912 2500 1968 Et
2528 1914 2622 1983 qui
2682 1911 2733 1966 id
2786 1920 3042 1968 accurate
3080 1909 3450 1972 considerant,
3484 1922 3595 1962 non

311 2005 416 2061 καὶ
469 2006 585 2059 τῶν
634 2006 976 2079 είσπράξεων
1028 2006 1415 2078 ἁθωούμενοςς
1479 2007 1592 2062 Καὶ
1644 2006 1904 2077 οὐδεμίαν

2013 2007 2116 2077 iam
2175 2005 2341 2070 ultra,
2394 2004 2611 2074 opinor,
2668 2004 2950 2073 inquirere
3039 2000 3260 2067 debent,
3317 1998 3598 2070 quomodo

311 2092 469 2166 οἶμαι
499 2096 726 2169 ζήτησιν
755 2098 836 2153 ἔτι
860 2099 1124 2170 παρέχειν
1152 2100 1265 2164 τοῖς
1292 2098 1538 2171 ἀκριϐῶς
1575 2097 1907 2152 ἐπισκοποῦ-

314 2206 407 2257 σιν
430 2189 578 2253 ὅπως
616 2189 727 2245 τῶν
779 2192 1198 2265 ἁμαρτημάτων
1225 2194 1254 2246 6
1279 2192 1422 2247 κατά
1445 2191 1540 2245 τοῦ
1583 2191 1905 2260 Πνεύματος

316 2280 661 2354 βλασφημῶν
714 2282 815 2354 οὐχ
871 2284 1094 2358 εὑρήσει
1146 2284 1246 2356 τὴν
1288 2284 1504 2355 ἄφεσιν.
1555 2285 1623 2338 Εἰ
1646 2284 1706 2338 δὲ
1732 2284 1823 2338 καὶ
1844 2282 1907 2337 τὸ

312 2370 547 2444 λουτρὸν
590 2372 691 2444 τῆς
743 2374 1165 2443 παλιγγενεσίας
1192 2374 1279 2429 διὰ
1303 2375 1399 2428 τοῦ
1439 2374 1762 2445 Πνεῦματος
1786 2374 1906 2448 ίερ-

316 2466 624 2535 ονργεϊται,
671 2466 772 2519 καὶ
833 2466 896 2521 τὸ
933 2466 1107 2538 δῶρον
1156 2467 1366 2523 ἐκεῖθεν
1425 2467 1601 2539 βρύει,
1664 2469 1759 2523 καὶ
1807 2470 1909 2538 τῆς

318 2555 537 2610 ἐκεῖθεν
566 2558 806 2626 maritet
845 2558 1096 2631 χάριτος,
1124 2561 1174 2614 οἱ
1196 2561 1251 2615 δὲ
1281 2561 1441 2616 τοῦτο
1465 2560 1784 2632 διασύρουσι
1812 2560 1911 2615 καὶ

322 2646 738 2720 βλασφημοῦσιν
754 2650 829 2717 ὡς
855 2652 1007 2707 οὐδὲν
1026 2656 1334 2726 παρασχεῖν
1359 2654 1551 2725 δφελος
1575 2655 1696 2710 οὐδὲ
1717 2654 1910 2726 κέρδος

320 2739 647 2811 δυνάμενον·
680 2743 733 2798 τί
765 2744 874 2815 γὰρ
907 2743 1052 2816 ὕδωρ
1103 2747 1201 2821 καὶ
1251 2746 1431 2801 ἔλαιον
1485 2746 1758 2818 ἐπιψαῦον
1811 2747 1908 2802 τοῦ

323 2834 554 2904 σαρκίον
588 2835 701 2890 τῶν
732 2837 819 2891 διὰ
842 2836 1040 2909 βάθους
1072 2840 1409 2895 ὲντακέντων
1470 2841 1573 2911 τῆς
1630 2841 1913 2913 ἀμαρτίας

322 2925 645 2995 στιγμάτων
664 2928 759 2982 καὶ
786 2929 897 2984 τῶν
939 2930 1193 3001 ψυχικῶν
1208 2933 1552 3005 παθημάτων
1586 2934 1913 3008 ἀπαλλαγὴν

322 3016 665 3085 ἐργάσασθαι
696 3020 956 3077 δύνανται
976 3040 990 3089 ;
1010 3023 1069 3078 '0
1088 3023 1181 3079 οὖν
1198 3024 1404 3096 ταύτην
1429 3025 1530 3095 τὴν
1556 3025 1910 3097 βλασφημίαν

1939 3068 1986 3131 C

2007 2108 2355 2168 peccatorum
2431 2096 2814 2152 remissionum
2893 2094 2991 2165 qui
3048 2103 3241 2149 contra
3320 2091 3594 2162 Spiritum

2009 2191 2373 2262 blasphemat,
2416 2204 2524 2246 non
2579 2190 2906 2244 inventurus
2957 2186 3050 2242 sit.
3107 2185 3165 2240 Si
3211 2193 3394 2241 autem
3450 2185 3599 2240 lava-

2009 2301 2168 2343 erum
2219 2283 2655 2356 regenerationis
2690 2298 2789 2352 per
2820 2280 3088 2352 Spiritum
3136 2287 3391 2336 sanctum
3429 2277 3601 2333 εί]ὶυὶ-

2010 2388 2121 2443 tur,
2150 2388 2204 2433 et
2230 2378 2436 2433 donum
2467 2376 2593 2432 inde
2629 2374 2833 2445 prodit,
2867 2381 2922 2429 et
2961 2388 3029 2428 ex
3064 2372 3171 2428 hoc
3202 2371 3393 2441 gratia:
3446 2369 3598 2425 fonte

2010 2468 2263 2531 scaturit,
2312 2467 2404 2523 isti
2440 2481 2571 2523 vero
2618 2467 2749 2521 illud
2778 2464 3045 2521 irrideant
3097 2472 3155 2519 et
3197 2462 3597 2532 blasphement,

2014 2572 2274 2632 tanquam
2354 2560 2569 2616 nullum
2623 2558 2800 2629 possit
2859 2555 3210 2614 commodum
3279 2563 3336 2610 et
3382 2553 3601 2609 lucrum

2013 2663 2307 2725 praestare;
2340 2653 2615 2724 quomodo
2645 2653 2791 2707 enim
2842 2665 2987 2720 aqua
3031 2656 3088 2703 et
3136 2650 3320 2703 oleum
3374 2660 3597 2701 carnem

2016 2747 2292 2819 tangentia
2331 2747 2440 2802 alte
2470 2746 2869 2815 impressarum
2927 2742 3137 2813 peccati
3173 2740 3518 2796 macularum
3546 2745 3604 2792 et

2015 2839 2381 2910 spiritualium
2416 2838 2776 2907 cupiditatum
2810 2846 2866 2891 et
2936 2834 3263 2890 solutionem
3327 2830 3602 2900 produce-

2016 2936 2179 2992 rentl
2212 2932 2314 3001 Qui
2349 2933 2516 3004 igitur
2560 2931 2710 2987 illam
2752 2929 3157 3002 blasphemiam
3191 2936 3385 2983 contra
3438 2923 3605 2995 spiri-

2020 3030 2224 3086 tualem
2256 3026 2729 3098 regenerationem
2757 3033 2812 3081 et
2859 3024 3063 3079 donum
3110 3020 3256 3077 haud
3296 3017 3603 3089 pulcherri-

324 3108 472 3171 κατά
528 3114 909 3183 πνευματικῆς
962 3116 1397 3190 ἀναγεννήσεως,
1422 3118 1518 3174 καὶ
1552 3119 1650 3173 τοῦ
1681 3120 1910 3191 μηδενὸς

2018 3122 2123 3177 mis
2146 3122 2321 3191 impar
2351 3121 2405 3175 in
2440 3117 2723 3174 emittendi
2774 3114 3110 3171 dementiam
3137 3110 3414 3182 impulsus
3477 3109 3604 3175 erit,

323 3199 436 3254 τῶν
492 3202 793 3260 καλλίστων
848 3205 1038 3279 δώρων
1081 3209 1911 3283 ὲνδεεστέρου,κατασκεδάξειν

324 3292 588 3365 ἐπαρθεὶς
639 3298 720 3362 είς
773 3298 1055 3367 ἀπόνοιαν,
1104 3302 1200 3357 καὶ
1249 3303 1337 3358 διὰ
1357 3303 1518 3358 τοῦτο
1568 3304 1911 3359 τελειοῦσθαι

324 3384 408 3455 τῷ
454 3390 812 3461 πνευματικῷ
865 3392 1165 3463 χαρίσματι
1227 3394 1303 3466 μὴ
1354 3394 1680 3466 ἀνεχόμενος
1710 3434 1726 3459 ,
1775 3394 1914 3450 ἀλλὰ

323 3475 600 3548 διασύρων
626 3481 758 3535 αὐτὸ
795 3483 889 3536 καὶ
919 3482 1119 3554 χλεύην
1144 3483 1488 3555 ποιούμενος,
1521 3479 1678 3550 οὗτος
1699 3485 1785 3556 δὴ,
1818 3478 1912 3539 οὗ·

324 3586 421 3634 τος
452 3572 545 3625 καὶ
569 3572 637 3626 δι’
662 3575 801 3629 ὅσων
834 3575 1013 3630 ἀλλων
1052 3576 1210 3647 ἕρπει
1230 3575 1292 3629 τὸ
1320 3576 1663 3647 βλάσφημον,
1708 3576 1834 3632 οὔτε
1854 3578 1914 3633 ὲν

324 3660 409 3732 τῷ
434 3662 529 3717 νῦν
549 3664 707 3719 αίῶνι
745 3666 871 3721 οὔτε
892 3671 949 3723 ἐν
966 3668 1044 3738 τῷ
1077 3669 1349 3739 μέλλοντι,
1372 3669 1472 3740 τὴν
1514 3669 1613 3738 τῆς
1673 3670 1919 3743 βλασφηο

329 3753 465 3824 μίας
516 3757 743 3829 εὑρήσει
784 3759 1001 3831 ἄφεσιν·
1056 3762 1152 3815 καὶ
1179 3762 1289 3833 γὰρ
1306 3762 1447 3816 καὶὸ
1496 3762 1687 3833 Σωτὴρ
1730 3763 1915 3818 διαϐε⁹

330 3847 657 3921 δαιούμενος
680 3852 892 3920 ἐλεγενσ
919 3874 937 3905 ι
960 3853 1157 3925 Ἀμὴν,
1183 3854 1329 3924 ἀμὴν
1362 3853 1505 3923 λέγω
1532 3855 1680 3926 ὑμῖν·
1711 3856 1811 3911 ἐὰν
1837 3858 1917 3930 μή

328 3957 417 4004 τις
476 3942 816 4017 ἀναγεννηθῇ
846 3945 914 4000 δι’
952 3945 1146 4011 ὕδατος
1173 3948 1270 4001 καὶ
1300 3949 1639 4020 Πνεύματος,
1665 3948 1767 4003 οὐκ
1794 3950 1914 4003 sic.

328 4033 612 4090 ελεύσεται
639 4039 718 4102 είς
732 4038 832 4109 τὴν
862 4038 1143 4108 βασιλείαν
1168 4039 1278 4092 τῶν
1300 4039 1569 4111 οὐρανῶν.
1597 4060 1615 4093 ι
1650 4041 1711 4093 Ei
1738 4041 1796 4094 δὲ
1822 4040 1918 4094 καὶ

331 4126 559 4199 Πνεῦμα
603 4131 664 4183 ού
726 4130 886 4202 μόνον
920 4131 1210 4203 ἱδιαίτερον
1269 4131 1329 4186 τὸ
1368 4132 1638 4201 πανάγιον
1692 4132 1921 4205 Πνεῦμα

330 4219 574 4288 λέγεται,
612 4222 749 4276 ἀλλά
768 4224 861 4277 καὶ
881 4224 1187 4295 κοινότερον
1214 4226 1248 4295 ἡ
1270 4225 1405 4294 ἁγία
1427 4226 1597 4297 Τριὰς
1617 4228 1661 4297 (ι
1694 4226 1923 4297 Πνεῦμα

330 4307 445 4381 ’γὰρ
467 4310 666 4376 ὁΘεὸς,
690 4312 784 4367 καὶ
812 4313 942 4378 τοὺς
970 4314 1411 4385 προσκυνοῦντας
1441 4315 1602 4369 αὐτὸν
1634 4318 1692 4370 ἐν
1756 4315 1922 4370 πνεύ-

2014 3226 2069 3271 et
2093 3215 2213 3270 ideo
2251 3212 2521 3284 spirituali
2553 3212 2727 3283 gratia
2750 3208 2935 3280 perlici
2968 3222 3078 3263 non
3112 3204 3459 3267 sustinuerit,
3492 3200 3588 3256 sed

2017 3307 2151 3361 illud
2183 3305 2417 3361 irriserit
2471 3313 2525 3359 et
2546 3302 2846 3359 ludibrium
2875 3299 3087 3361 fecerit,
3132 3298 3224 3352 ille
3257 3310 3391 3352 sane
3447 3302 3503 3348 et
3527 3290 3605 3346 illi

2016 3414 2208 3457 omnes
2236 3414 2331 3468 per
2365 3411 2505 3468 quos
2536 3397 2708 3467 serpit
2737 3393 3098 3464 blasphemia,
3136 3404 3314 3460 neque
3354 3389 3409 3441 in
3462 3401 3605 3456 pra:-

2017 3492 2159 3549 scnti
2212 3493 2437 3558 sarculo,
2468 3505 2643 3561 neque
2676 3490 2728 3543 in
2787 3488 2993 3552 futuro,
3024 3485 3269 3541 inveniet
3318 3480 3606 3537 remissio-

2019 3604 2162 3645 nem.
2199 3587 2410 3643 Etenim
2426 3586 2677 3641 Salvator
2692 3584 2742 3639 id
2760 3582 3093 3639 conﬁrmans
3108 3577 3357 3634 dicebat:
3383 3576 3607 3640 tAmen,

2020 3696 2175 3737 amen
2211 3681 2338 3735 dico
2394 3679 2554 3735 vobis
2581 3697 2596 3734 :
2627 3677 2732 3733 nisi
2759 3676 2883 3747 quis
2912 3682 3139 3729 renatus
3166 3670 3333 3726 fuerit
3368 3681 3437 3723 ex
3463 3681 3606 3737 aqua

2021 3784 2077 3829 et
2122 3774 2329 3844 Spiritu
2365 3780 2580 3836 sancto,
2613 3786 2725 3825 non
2787 3767 3013 3824 intrabit
3059 3767 3114 3820 in
3157 3777 3391 3833 regnum
3432 3760 3606 3815 coalu-

2023 3883 2144 3922 rum
2183 3866 2247 3919 ⁷³.
2278 3884 2297 3920 ι
2330 3866 2447 3922 Etsi
2476 3874 2657 3919 autem
2704 3861 2990 3932 propriore
3020 3858 3187 3915 modo
3215 3855 3457 3928 Spiritus
3507 3867 3608 3909 vo-

2023 3968 2198 4024 catur,
2227 3958 2611 4014 sanctissimus
2682 3954 2943 4023 Spiritus,
2991 3952 3088 4007 sed
3132 3950 3295 4006 etiam
3355 3962 3608 4003 commn-

2024 4051 2166 4107 niori
2196 4059 2388 4106 sancta
2416 4049 2697 4116 Trinitas;
2752 4067 2769 4099 ι
2803 4046 3043 4116 Spiritus
3091 4043 3239 4100 enim
3289 4040 3437 4096 Dens
3472 4046 3529 4094 et
3558 4038 3605 4092 si

2023 4150 2235 4213 oportet
2258 4157 2353 4197 eos
2381 4141 2474 4213 qui
2521 4141 2673 4197 illum
2710 4139 2965 4203 adorant,
3019 4135 3076 4190 in
3114 4134 3311 4205 spiritu
3365 4140 3422 4186 et
3463 4128 3608 4185 veri-

2024 4240 2136 4289 tate
2163 4231 2314 4287 illum
2363 4230 2592 4286 adorare
2613 4230 2682 4297 ⁷⁵,
2719 4248 2737 4280 ι
2784 4226 3075 4282 manifeste
3109 4224 3206 4295 qui
3251 4224 3305 4279 in
3341 4220 3609 4292 Spiritum

2027 4324 2391 4394 blasphemat,
2446 4322 2499 4377 id
2524 4330 2611 4377 est
2656 4321 2755 4391 qui
2786 4328 2979 4376 contra
3013 4333 3179 4375 unam
3232 4324 3447 4372 tantum
3490 4312 3609 4369 exi-

336 4418 469 4470 ματι
507 4402 601 4456 καὶ
650 4403 881 4476 ἀληθεία
920 4405 1004 4460 δεῖ
1038 4408 1451 4477 προσκννεῖνι),
1479 4406 1725 4478 δηλονότι
1751 4410 1779 4461 6
1828 4410 1909 4472 εἰς

2030 4418 2264 4474 miarum
2292 4426 2349 4473 et
2396 4414 2949 4473 consubstantialium
2994 4425 3379 4483 personarum.
3427 4407 3611 4477 reipsa

335 4495 564 4566 Πνεῦμα
616 4497 975 4568 βλασφημῶν,
1024 4497 1307 4552 τουτέστιν
1335 4498 1363 4552 6
1390 4499 1532 4553 κατά
1596 4501 1725 4571 μιᾶς
1769 4517 1910 4564 τινος

2026 4511 2080 4565 in
2106 4510 2533 4580 omnipotentem
2572 4518 2629 4563 et
2664 4505 3191 4565 consubstantialem
3222 4501 3592 4561 divinitatem,

334 4589 446 4642 τῶν
486 4588 782 4660 ὑπερφυῶν
804 4588 899 4642 καὶ
934 4590 1238 4660 όμοουσίων
1265 4591 1625 4645 ὑποστάσεων
1655 4592 1756 4662 τῆς
1782 4610 1910 4647 παν-

2028 4597 2408 4667 blaspliemam
2441 4596 2687 4665 linguam
2724 4594 2948 4662 emittit,
2991 4592 3250 4664 quamvis
3302 4588 3611 4646 insolentia:

333 4683 738 4755 τοκρατορικῆς
791 4683 888 4737 καὶ
936 4683 1264 4756 ύπερουσίου
1317 4684 1571 4756 θεότητος
1594 4684 1910 4757 βλάσφημον

2027 4696 2081 4742 et
2111 4685 2327 4756 injuriae
2364 4693 2556 4741 contra
2617 4686 2847 4741 virtutes
2890 4694 2946 4740 et
3004 4684 3171 4739 vitam
3206 4680 3467 4737 immunis
3490 4692 3613 4733 esse

336 4774 591 4843 γλῶσσαν
619 4775 825 4844 ἀφιεὶς,
868 4776 974 4829 κᾶν
1002 4776 1133 4847 δοκῇ
1160 4775 1263 4847 τῆς
1298 4776 1428 4848 περὶ
1455 4777 1554 4840 τὰς
1589 4776 1795 4848 ἀρετὰς
1825 4777 1910 4831 καλ

2028 4778 2300 4845 videatur,
2330 4777 2427 4834 sed
2460 4786 2642 4833 tamen
2689 4776 2862 4832 multo
2892 4775 3101 4846 majore
3144 4773 3389 4829 irretitus
3418 4780 3472 4826 et
3512 4770 3615 4824 im-

334 4867 432 4920 τὸν
490 4865 603 4936 βίον
659 4866 869 4938 ὕϐρεως
927 4868 1025 4921 καὶ
1075 4867 1390 4938 δυσφημίας
1439 4866 1729 4931 ἀνεύθυνος
1757 4861 1910 4930 ε’ίναι1

2032 4869 2265 4939 plicatus
2293 4877 2539 4940 peccato,
2568 4868 2719 4923 nullo
2769 4867 2935 4922 modo
2963 4864 3345 4924 remissionem
3376 4858 3615 4917 inueniet

335 4959 457 5029 ἀλλ’
505 4955 599 5015 οὖν
660 4959 738 5031 τῷ
796 4958 976 5030 πολλῷ
1034 4959 1241 5029 μείζονι
1294 4958 1655 5029 συνεχόμενός
1712 4976 1773 5011 τε
1831 4958 1910 5017 κα¹

2032 4980 2213 5037 neque
2238 4965 2292 5020 in
2314 4963 2565 5036 praesenli
2589 4962 2810 5028 smculo,
2839 4976 3016 5033 neque
3044 4960 3099 5015 iu
3125 4958 3332 5015 futuro.

334 5055 664 5125 ὲταζόμενος
707 5055 1090 5126 ἁμαρτήματι,
1140 5052 1394 5125 οὐδαμῶς
1443 5052 1665 5123 εὑρήσει
1687 5052 1785 5121 τὴν
1820 5051 1926 5119 ἄφ-

334 5161 478 5213 εσιν,
531 5145 655 5200 οὕτε
682 5146 741 5199 ὲν
769 5145 847 5216 τῷ
904 5143 999 5199 νῦν
1024 5144 1208 5210 αίῶνι,
1252 5141 1378 5197 οὔτε
1430 5144 1489 5197 ὲν
1538 5142 1617 5213 τῷ
1654 5142 1924 5213 μέλλοντι.

412 5237 632 5308 Ὅραδὲ
672 5236 1003 5293 κάντεῦθεν*
1030 5236 1160 5302 Υἱὸς
1190 5234 1480 5308 ἀνθρώπου
1514 5236 1733 5305 λέγεται
1767 5237 1795 5289 6
1819 5236 1910 5289 Σω

2102 5233 2402 5291 Considera
2425 5242 2481 5289 et
2506 5233 2627 5290 inde
2642 5250 2657 5290 ι
2671 5232 2841 5289 Filius
2859 5230 3098 5289 hominis
3126 5228 3374 5286 Salvator
3390 5226 3613 5295 dicitur,

333 5329 467 5400 τηρ,
506 5327 739 5399 ἐπείπερ
791 5327 1009 5399 ἀληθῶς
1044 5326 1439 5400 ’ἐχρημάτισεν
1491 5325 1781 5397 ἄνθρωπος
1833 5326 1910 5380 κα¹

2032 5328 2291 5399 quoniam
2331 5343 2457 5384 vere
2477 5326 2579 5383 fuit
2606 5328 2768 5384 homo
2788 5336 2844 5382 et
2870 5324 3131 5382 humanis
3147 5321 3457 5379 voluntarie
3485 5319 3615 5377 sui»

336 5420 705 5494 ἀνθρωπίνοις
730 5419 873 5474 ἑκὼν
900 5419 1178 5491 ύποκύψαι
1201 5418 1421 5491 λέγεται
1439 5418 1669 5473 πάθεσιν
1698 5434 1715 5450 ο
1752 5418 1812 5470 ὲν
1845 5413 1910 5480 οἷς

2026 5421 2209 5493 jectus
2244 5435 2369 5476 esse
2430 5419 2839 5478 infirmitatibus
2869 5419 3094 5485 dicitur,
3154 5418 3210 5474 in
3260 5415 3459 5488 quibus
3512 5412 3616 5467 hu,

337 5514 373 5598 ᾗ
434 5512 752 5585 ἀνθρωπίνη
798 5510 962 5583 φύσις
1012 5511 1289 5584 ὁρωμένη,
1346 5512 1408 5566 τὸ
1462 5511 1789 5581 ἀδιάϐλητον
1832 5512 1910 5567 καἼ

2037 5528 2199 5569 mana
2255 5522 2449 5570 natura
2521 5513 2639 5573 visa
2693 5514 2840 5587 quod
2877 5508 3365 5587 irreprehcnsibilc
3409 5516 3464 5565 et
3512 5504 3619 5568 intr

418 5716 461 5747 "
492 5714 650 5772 Joan.
679 5734 769 5789 xx,
798 5716 889 5787 2‘2,
916 5718 1004 5774 2‘5.

1118 5720 1161 5750 ⁷³
1194 5717 1348 5781 Joan.
1396 5735 1476 5785 ιιι,
1510 5721 1562 5776 5.
1670 5722 1713 5751 7"
1752 5717 1909 5777 Joan.
1950 5734 2019 5790 ιν,
2054 5718 2142 5783 Ἡ.
