3884 6202
342 223 445 289 371

1508 227 1769 290 PHOTII
1805 227 2317 298 PATRIARCHB
2355 236 2466 297 (ΖΡ.

3523 222 3631 287 37‘2

342 339 623 412 peccabile
644 348 732 398 est
771 340 962 397 sortita
997 351 1102 399 est.
1137 341 1280 398 Dicit
1302 344 1450 400 enim
1497 344 1937 415 praecedentibus

2041 350 2432 422 ἀνεπιτίμητον
2461 346 2815 419 ἐκληρώσατο
2832 362 2848 379 ο
2875 342 3024 415 λέγει
3044 344 3229 398 τοίνυν
3250 343 3337 396 διὰ
3363 342 3471 396 τῶν
3492 360 3631 413 προς-

343 433 527 489 verbis
579 432 833 488 Salvator
874 449 1000 489 eum
1058 436 1153 506 qui
1204 436 1386 506 ipsum
1422 452 1486 492 ex
1524 437 1931 507 irreprehensi-

346 525 551 582 biiibus
584 525 1000 583 inﬁrmitatibus
1025 528 1369 599 hlasphemat
1400 539 1454 584 et
1481 529 1675 584 irridet
1703 547 1717 595 ;
1764 546 1815 583 ν.
1848 546 1930 602 gr.

346 618 489 690 quod
521 619 739 682 esuriit,
793 619 985 686 sitivit,
1042 622 1359 691 passionem
1392 622 1791 687 rcformidavit,
1844 640 1937 679 su-

347 709 512 764 dores
542 707 695 766 illum
747 707 1149 778 irroraverunt,
1204 712 1363 767 valde
1416 713 1628 768 tristem
1674 728 1732 770 se
1773 712 1933 779 dixit,

350 802 543 857 mortis
578 803 774 858 timore
828 804 1097 860 exhibens
1154 806 1490 867 molestiam.
1540 806 1686 877 quod
1735 807 1935 871 oravit,

350 894 496 965 quod
543 894 916 964 deprecatuus
949 908 1033 952 est
1079 897 1327 963 calicem,
1372 898 1460 953 his
1508 900 1762 955 humanis
1813 915 1939 969 pro-

353 987 677 1057 prietatibus
709 988 801 1057 qui
838 988 1270 1043 scandalizatum
1302 989 1467 1043 fuerit
1503 999 1557 1043 et
1596 1006 1699 1043 una
1738 990 1806 1045 iis
1843 1006 1940 1059 per

352 1095 475 1150 qua:
512 1078 763 1133 Salvator
798 1094 857 1134 se
890 1094 1013 1135 vere
1054 1078 1254 1134 Filiqu
1286 1080 1525 1136 hominis
1544 1096 1663 1137 esse
1683 1080 1939 1152 cognosci

351 1171 605 1240 praebuit,
638 1170 686 1223 is
724 1169 883 1226 facile
946 1170 1271 1227 scandalum
1315 1180 1495 1242 potest
1545 1173 1834 1244 projicere,
1885 1180 1941 1228 et

353 1262 751 1332 blasphemiam
798 1262 1004 1333 fugere,
1036 1273 1090 1318 et
1140 1265 1346 1334 peccati
1387 1264 1767 1321 remissionem
1795 1266 1942 1321 acci-

355 1368 509 1422 pere,
545 1367 819 1407 caecorum
845 1354 1036 1409 videns
1061 1356 1252 1410 oculos
1279 1357 1444 1411 verbo
1469 1365 1763 1423 recreatos,
1798 1358 1943 1412 clau-

356 1445 457 1500 dos
485 1459 651 1499 cursu
725 1443 971 1501 dolorem
1029 1447 1448 1518 redarguentes,
1509 1449 1940 1520 quatriduanum

357 1544 630 1590 mortuum
667 1536 860 1591 mortis
882 1538 1180 1607 potentiam
1211 1537 1501 1605 ridentem,
1528 1523 1533 1529 ’
1563 1550 1619 1596 et
1677 1556 1941 1612 quaecun-

355 1643 461 1697 que
486 1629 590 1683 alia
623 1628 806 1683 divina
847 1630 1049 1685 virtute
1104 1632 1344 1687 etiicieus
1376 1641 1632 1689 ostensus
1683 1644 1769 1689 cst
1818 1634 1941 1689 Sal-

353 1731 526 1774 valor.
569 1719 775 1775 Eorum
805 1722 949 1775 enim
986 1725 1419 1795 unumquodque
1476 1725 1588 1779 vim
1638 1725 1802 1781 habet
1851 1727 1937 1781 in-

352 1810 574 1874 victam,
630 1814 1062 1867 scandalizatum
1115 1816 1159 1868 si
1212 1815 1407 1870 saltem
1461 1833 1567 1870 non
1629 1819 1809 1873 malus
1862 1820 1934 1875 sit

352 1901 528 1956 libens
567 1912 621 1957 et
671 1904 883 1971 volens,
912 1906 980 1959 ab
1007 1921 1195 1961 errore
1259 1916 1314 1962 et
1336 1923 1365 1959 a
1396 1908 1715 1978 blasphema
1747 1910 1938 1981 dispo-

352 1992 551 2047 sitione
577 1992 867 2048 liberandi.
910 1993 977 2048 Et
1015 1996 1059 2049 si
1094 1996 1283 2051 omnia
1318 2000 1650 2069 cogitatione
1681 2011 1939 2058 accurate

352 2086 646 2141 meditatus
671 2097 776 2150 est,
803 2089 1080 2157 quomodo
1117 2105 1223 2143 non
1257 2093 1565 2162 promptius
1607 2094 1760 2150 illum
1807 2112 1941 2152 con-

352 2184 563 2232 vertent
589 2179 682 2248 qui
718 2180 1021 2236 humilibus
1042 2190 1095 2234 et
1137 2181 1396 2240 humanis
1445 2185 1499 2239 in
1542 2187 1939 2259 blasphemiam

351 2273 668 2329 subtractus
704 2272 921 2328 fuerit?
978 2274 1083 2341 Qui
1113 2284 1299 2331 autem
1346 2295 1414 2333 ex
1441 2279 1550 2336 illis
1581 2296 1701 2352 quae
1752 2283 1939 2339 divina

349 2372 405 2415 ct
440 2362 642 2417 eximia
674 2374 804 2418 sunt
831 2367 1092 2435 operibus
1114 2368 1453 2440 blasphemia
1476 2373 1615 2427 male
1663 2376 1852 2445 egerit,
1888 2358 1941 2432 ct

349 2469 602 2524 quaerens
626 2456 904 2526 quomodo
933 2474 1028 2529 per
1043 2461 1246 2517 bonum
1276 2474 1602 2533 cperatnrus
1619 2467 1691 2521 sit
1714 2470 1939 2534 bonum,

348 2556 403 2599 et
442 2562 590 2602 nunc
611 2548 829 2618 quidem
855 2549 1043 2606 dicens
1076 2569 1203 2608 cum
1240 2554 1429 2612 Jesum
1456 2558 1608 2613 .videt
1660 2561 1940 2618 d:emones

348 2639 656 2708 ejicientem
686 2659 700 2695 :
735 2660 754 2694 ι
784 2641 1121 2700 Βιθωοιιίυηι
1161 2649 1317 2704 habet
1347 2652 1395 2683 ⁷⁸
1423 2670 1436 2718 ;
1466 2654 1656 2720 [nunc
1706 2664 1886 2710 autem
1923 2670 1936 2711 :

356 2748 375 2782 ι
406 2731 465 2785 ln
503 2732 1153 2804 principcdazmoniorum
1180 2740 1328 2810 cjieit
1354 2746 1619 2800 dmmonia
1645 2745 1689 2777 ⁷⁶
1721 2763 1770 2814 ;ι
1796 2764 1941 2803 nunc

350 2833 557 2890 autem,
581 2840 707 2881 cum
731 2826 780 2882 ei
811 2843 976 2898 quem
1001 2831 1120 2887 visu
1143 2835 1401 2891 nativitas
1428 2838 1717 2894 orhaverat
1748 2840 1939 2895 oculos

349 2915 727 2983 reformasset,
758 2936 884 2975 eutn
913 2924 1212 2992 cpprobrio
1240 2942 1580 3000 persequens
1606 2941 1660 2987 et
1701 2934 1940 2990 miracu-

2039 447 2307 515 κειμένων
2339 442 2599 515 ῥημάτων
2631 441 2660 493 6
2680 438 3107 511 Σωτὴρ,ὃτιάπδ
3134 437 3240 489 τῶν
3271 434 3629 504 ἀνθρωπίνων

2038 536 2291 608 πράξεων
2323 535 2418 588 τοῦ
2460 532 2592 588 Υίοῦ
2615 533 2708 588 τοῦ
2725 532 3036 604 ἀνθρώπου,
3068 529 3355 582 τουτέστιν
3376 528 3485 581 ἀπὸ
3515 527 3631 580 τῶν

2036 628 2377 699 ἀδιαϐλήτων
2405 626 2595 681 παθῶν
2618 624 2956 695 βλασφημῶν
3000 623 3165 677 αὐτὸν
3195 622 3290 675 καὶ
3328 621 3628 691 διασῠρων,

2040 717 2154 775 οἷον
2188 722 2270 774 ὅτι
2293 720 2605 785 ἐπείνασεν,
2633 717 2909 786 ὲδίψησεν,
2928 716 3010 769 ὅτι
3032 714 3092 768 τί»
3109 713 3280 777 πάθος
3295 714 3629 784 ἠγωνίασεν,

2040 814 2122 867 ὅτι
2150 812 2376 886 ἱδρῶτες
2410 811 2575 867 αὑτὸν
2603 808 2984 881 περιέσταζον,
3011 808 3093 861 ὅτι
3124 806 3423 878 περίλυπον
3440 805 3632 858 ἑαυτὸν

2040 902 2195 972 ἔλεγε
2219 902 2295 973 τῷ
2326 902 2421 956 τοῦ
2457 901 2690 956 Θανάτου
2719 900 2870 971 φόϐῳ
2908 897 3312 969 διοχλούμενος,
3332 898 3416 949 ὅτι
3462 911 3632 965 προσ-

2042 995 2260 1065 ηύχετο,
2289 995 2371 1047 ὃτι
2401 995 2702 1065 παρῃτεῖτο
2729 992 2791 1045 τὸ
2820 991 3083 1064 ποτήριον
3104 1004 3116 1017 ·
3144 990 3209 1042 ἐκ
3238 985 3447 1040 τούτων
3473 982 3569 1039 οὖν
3604 988 3633 1039 6

2042 1084 2528 1155 σκανδαλιζόμενος
2559 1084 2668 1138 τῶν
2692 1082 3075 1155 ἀνθρωπίνων,
3127 1080 3222 1134 xui.
3251 1080 3320 1133 δι’
3352 1072 3428 1131 ὧν
3460 1080 3487 1130 6
3514 1077 3631 1129 Σω-

2040 1176 2146 1246 τὴρ
2182 1176 2306 1239 Υἱὸς
2335 1174 2551 1246 ἀληθῶς
2602 1174 2893 1246 ἀνθρώπου
2959 1175 3227 1244 παρεῖχεν
3271 1168 3633 1235 ἐπιγινώσκε-

2044 1268 2189 1333 σθαι,
2220 1262 2373 1332 οὗτος
2409 1269 2537 1339 ῥᾷον
2567 1265 2791 1320 δύναται
2816 1266 2970 1338 ῥίψαι
2997 1266 3057 1318 τὸ
3089 1264 3387 1318 σκάνδαλον
3418 1262 3514 1314 xui.
3536 1260 3632 1331 τήν

2045 1338 2747 1433 βλασφημίανδίαφυγεῖν,
2808 1360 2903 1414 xui
2949 1360 3049 1429 τῆς
3111 1358 3389 1429 ἁμαρτίας
3447 1355 3634 1410 λαϐεῖν

2044 1453 2268 1524 ἄφεσιν·
2328 1452 2565 1523 τυφλοὺς
2603 1451 2745 1523 ὀρῶν
2786 1450 2929 1521 λόγῳ
2975 1448 3523 1521 δημιουργουμένους
3565 1445 3637 1498 τὰ

2044 1543 2287 1614 ὄμματα,
2309 1543 2515 1613 χωλοὺς
2537 1542 2593 1596 δὲ
2610 1543 2687 1614 τῷ
2707 1542 2893 1614 δρόμῳ
2911 1542 2969 1594 τὺ
2985 1540 3155 1604 πάθος
3178 1540 3525 1608 ἐλέγχοντας,
3545 1537 3636 1589 τὸν

2046 1638 2105 1690 ἐν
2151 1638 2366 1706 νεκροῖς
2415 1639 2731 1708 τεταρταῖον
2794 1634 2890 1688 τοῦ
2944 1634 3177 1688 θανάτου
3241 1629 3638 1698 καταγελῶντα

2045 1728 2143 1800 τὴν
2171 1729 2424 1798 δύναμιν,
2454 1729 2549 1782 xui.
2577 1726 2677 1781 ὅσα
2704 1727 2841 1783 ἄλλα
2892 1724 3179 1796 θεουργῶν»
3209 1725 3237 1775 6
3274 1721 3468 1791 Σωτὴρ
3503 1720 3636 1772 ἐδεξ-

2041 1839 2235 1875 κνυτο·
2266 1821 2597 1876 καὶτούτων
2619 1821 2717 1892 μὲν
2748 1818 3106 1891 γάρέκαστον
3146 1816 3359 1887 ἄμαχον
3385 1814 3501 1883 ἔχει
3538 1810 3637 1883 τήν

2043 1914 2217 1984 ἰσχὺν,
2264 1913 2354 1966 τὸν
2395 1913 2899 1983 σκανδαλιζόμενον,
2953 1910 3019 1964 ἂν
3071 1909 3179 1979 ἄρα
3222 1908 3295 1979 μή
3322 1905 3465 1959 ἑκὼν
3499 1920 3637 1956 κακ-

2040 2008 2233 2076 ουργῇ,
2291 2004 2603 2069 ἀπαλλάξαι
2632 2005 2731 2076 τῆς
2760 2003 2965 2074 πλάνης
2981 2000 3186 2070 καὶτῆς
3205 1996 3638 2070 βλασφημούσης

2040 2098 2339 2161 διαθέσεως
2360 2113 2373 2126 ·
2422 2095 2560 2166 ὁμοῦ
2601 2096 2657 2149 δὲ
2708 2094 2887 2148 πάντα
2917 2098 3034 2155 ταῖς
3065 2091 3327 2153 διανοίαις
3358 2088 3639 2159 ἐπιμελῶς

2044 2188 2418 2262 μελετώμενα,
2448 2188 2565 2253 πῶς
2591 2189 2653 2242 οὺ
2689 2188 2885 2242 θᾶττον
2915 2186 3247 2258 μεταστήσει
3285 2183 3426 2254 πρὸς
3458 2182 3640 2235 θεολο-

2040 2282 2167 2352 γίαν
2213 2283 2304 2335 τὸν
2364 2281 2472 2335 ἀπὸ
2521 2280 2631 2333 τῶν
2681 2278 2957 2332 ταπεινῶν
3002 2279 3098 2330 καὶ
3155 2273 3517 2345 ἀνθρωπίνων
3557 2272 3642 2332 είς

2044 2374 2398 2447 βλασφημίαν
2457 2371 2900 2443 ὑποσυρόμενον;
2944 2370 3003 2423 '0
3044 2369 3102 2422 δὲ
3148 2368 3257 2422 ἀπὸ
3294 2365 3505 2419 τούτων
3527 2362 3641 2415 τῶν

2043 2464 2365 2536 θεοπρεπῶν
2396 2479 2456 2517 τε
2486 2462 2583 2516 xui.
2614 2461 2912 2532 ὑπερφυῶν
2951 2458 3130 2531 ἔργων
3163 2460 3244 2521 είς
3280 2453 3640 2527 βλασφημίαν

2042 2557 2390 2630 κακουργῶν,
2415 2556 2510 2610 καὶ
2544 2554 2862 2619 σπουδάζων
2912 2552 3062 2615 ὅπως
3085 2550 3174 2604 διὰ
3200 2549 3293 2603 τοῦ
3323 2546 3537 2617 ἀγαθοῦ
3577 2546 3638 2600 τὸ

2042 2650 2246 2721 φαῦλον
2274 2648 2703 2720 δημιουργήσειε
2723 2662 2736 2677 ’
2770 2644 2867 2699 xui.
2888 2643 2983 2698 νῦν
3010 2643 3108 2712 μὲν
3137 2641 3337 2710 λέγων,
3370 2638 3637 2706 δαίμονας

2039 2746 2182 2819 ὁρῶν
2202 2742 2819 2815 διώκοντα,‹Δαιμόνιον
2844 2739 2975 2810 ἔχει·
3003 2760 3021 2792 ι
3052 2737 3147 2793 νῦν
3170 2738 3254 2799 δὲ,
3289 2738 3373 2790 ότι
3401 2734 3527 2787 (Ἐν
3559 2732 3635 2803 τῷ

2040 2837 2264 2910 ἄρχοντι
2294 2836 2401 2891 τῶν
2427 2834 2719 2907 δαιμονίων
2743 2831 2997 2886 ἐκϐάλλει
3026 2830 3095 2884 τὰ
3144 2830 3402 2901 δαιμόνια
3430 2842 3444 2857 ⁸
3485 2846 3504 2879 ι
3540 2826 3636 2880 νῦν

2040 2930 2097 2984 δὲ
2122 2926 2184 2984 οὗ
2211 2931 2310 2994 τὰς
2342 2929 2495 2999 ὄψεις
2519 2930 2551 2999 ή
2582 2926 2800 2994 γένεσις
2843 2923 3214 2994 ἀπεστέρησε,
3242 2923 3437 2974 τούτου
3479 2918 3639 2990 πηλῷ

350 3009 462 3063 lum
493 3011 547 3065 in
588 3012 826 3082 injurias
870 3018 1098 3074 trahens
1151 3030 1208 3075 et
1246 3021 1473 3078 dicens:
1535 3043 1553 3076 ‹
1581 3024 1696 3080 Non
1733 3037 1818 3084 est
1851 3029 1937 3086 hic

2041 3025 2134 3080 xui.
2162 3023 2310 3095 λόγῳ
2362 3022 2490 3086 τοὺς
2533 3020 2857 3092 ὀφθαλμοὺς
2907 3016 3464 3087 πλαστουργήσαντα,
3500 3030 3639 3083 προ-

351 3115 383 3154 a
408 3100 517 3156 Deo
538 3104 605 3158 ".
626 3105 769 3174 »Ωιιί
801 3107 967 3177 igitur
994 3110 1198 3165 divinis
1225 3112 1332 3169 illis
1358 3125 1412 3169 et
1432 3117 1649 3174 eximiis
1677 3121 1935 3190 operibus

352 3208 460 3247 non
489 3196 684 3250 melior
721 3198 975 3268 efﬁcitur,
1004 3201 1099 3257 sed
1128 3205 1311 3273 potius
1336 3208 1401 3261 ad
1433 3209 1588 3278 pejus
1623 3210 1866 3267 defertur
1882 3223 1936 3269 et

350 3284 417 3338 ad
444 3286 776 3343 dementiam
812 3293 1120 3360 excitatur;
1160 3304 1215 3350 et
1249 3312 1316 3352 ex
1344 3298 1549 3367 quibus
1591 3302 1851 3360 admirari
1880 3317 1935 3362 ct

350 3376 632 3433 celebrare
665 3380 1069 3440 benefactorem
1094 3389 1399 3456 oportebat,
1431 3392 1583 3450 illum
1626 3394 1851 3465 injuriis
1881 3408 1935 3455 et

349 3466 706 3538 blasphemiis
734 3488 1087 3546 persequens,
1122 3481 1325 3549 quibus
1343 3482 1466 3539 aliis
1499 3498 1929 3561 converteretur,

348 3569 404 3614 et
446 3563 778 3632 palinodiam
833 3579 1056 3625 caneret
1099 3582 1155 3627 et
1186 3574 1254 3629 ad
1298 3578 1675 3645 paenitentiam
1737 3585 1935 3640 confu-

2040 3116 2359 3188 πηλακίζων
2409 3131 2469 3167 τε
2505 3115 2600 3168 καὶ
2654 3114 2715 3167 τὸ
2767 3112 2955 3183 θαῦμα
2993 3113 3073 3175 είς
3104 3109 3264 3180 ὓϐριν
3302 3108 3503 3172 ἕλκων,
3542 3107 3642 3158 xui.

2038 3210 2236 3277 λέγων,
2269 3208 2345 3271 ώς
2374 3225 2393 3260 t
2419 3208 2533 3261 Οὐκ
2549 3207 2693 3260 ἐστιν
2718 3197 2873 3269 οὗτος
2899 3204 3049 3275 παρὰ
3068 3202 3164 3255 τοῦ
3194 3200 3350 3255 Θεοῦ·
3368 3219 3386 3252 ι
3407 3202 3436 3252 6
3455 3198 3641 3251 τοίνυν

2035 3304 2125 3359 διὰ
2146 3304 2255 3357 τῶν
2285 3302 2571 3373 θειοτέρων
2592 3318 2651 3355 τε
2676 3301 2770 3354 xui
2797 3298 3095 3371 ὑπερφυῶν
3118 3296 3295 3368 ἔργων
3335 3292 3495 3347 οὐδὲν
3517 3289 3641 3362 βελ-

2033 3397 2340 3469 τιούμενος,
2365 3395 2504 3449 ἀλλὰ
2539 3394 2739 3467 μᾶλλον
2785 3394 2877 3446 ἐπὶ
2905 3393 2966 3446 τὸ
2988 3393 3170 3463 χεῖρον
3200 3390 3524 3459 φερόμενος,
3542 3385 3641 3437 xui.

2038 3492 2177 3564 πρὸς
2202 3491 2462 3546 ἀπόνοιαν
2487 3486 2771 3558 ἀνοιστρού
2782 3503 2939 3558 μενος
2959 3502 2973 3515 ·
2993 3483 3168 3538 καὶδι’
3197 3476 3275 3538 ὧν
3291 3481 3398 3534 ἔδει
3421 3478 3639 3549 θαυμά-

2038 3587 2155 3651 ζειν
2180 3584 2272 3639 xui.
2292 3584 2549 3654 ἀνυμνεῖν
2565 3581 2654 3635 τὸν
2674 3579 2973 3649 εὐεργέτην
2997 3578 3065 3630 δι’
3089 3576 3317 3629 ἐκείνων
3333 3572 3639 3639 ἐνυϐρίζων

348 3664 501 3723 geret
531 3664 700 3728 atque
738 3659 1037 3730 impietatis
1074 3679 1140 3720 ac
1195 3665 1252 3719 in
1294 3667 1467 3723 Deum
1504 3687 1701 3742 pugna:
1742 3680 1933 3735 remis—

2041 3696 2095 3732 τε
2129 3679 2223 3731 xui.
2282 3673 2646 3748 βλασφημῶν,
2677 3672 2766 3725 διά
2817 3669 2980 3725 τίνων
3009 3667 3185 3722 ἄλλων
3219 3665 3287 3720 ἂν
3316 3662 3635 3731 ἐπιστραφῇ

347 3748 557 3805 sionem
588 3752 909 3822 acciperet?
934 3754 1224 3814 Manifeste
1248 3762 1395 3816 nulla
1424 3764 1532 3821 alia
1564 3782 1643 3823 re.

2041 3777 2128 3831 καὶ
2164 3769 2493 3839 παλινῳδίαν
2525 3765 2656 3837 ᾄσῃ.
2697 3767 2793 3819 xui.
2813 3765 2951 3833 πρδς
2990 3761 3091 3829 τὴν
3136 3756 3428 3829 μετάνοιαν
3462 3768 3637 3806 κατα-

346 3841 630 3910 φεύξεται,
671 3845 769 3900 xui.
806 3846 911 3917 τῆς
965 3848 1289 3916 δυσσεϐείας
1340 3873 1403 3909 τε
1470 3859 1563 3913 xui.
1624 3860 1926 3938 θεομαχίας
1996 3874 2096 3945 τὴν
2142 3870 2334 3936 ἄφεσιν
2378 3859 2629 3933 λήψεται,
2681 3857 2714 3929 ἢ
2752 3855 2996 3928 δηλονότι
3025 3852 3091 3905 δι’
3142 3852 3333 3923 ἑτέρου
3376 3846 3634 3913 οὐδενόςς

417 3938 521 4005 Qui
556 3939 724 4010 igitur
762 3943 815 3997 in
844 3943 1113 4014 Spiritum
1149 3959 1423 4018 sanctum,
1471 3954 1525 4009 id
1587 3968 1670 4014 est
1738 3962 1793 4017 in
1847 3966 1937 4024 Dei

2053 3938 2064 3945 ⁷
2112 3966 2155 4018 Τ
2158 3965 2217 4017 ὸν
2236 3957 2715 4033 βλασφημήσαντα
2740 3952 2919 4006 τοίνυν
2936 3952 3013 4014 είς
3036 3949 3096 4003 τὸ
3114 3946 3342 4018 Πνεῦμα
3370 3947 3433 4000 τὸ
3454 3947 3637 4015 am,

346 4032 503 4102 signa
535 4032 1013 4104 blasphemaverit,
1048 4054 1149 4095 nec
1178 4057 1276 4111 per
1303 4058 1365 4099 ea
1410 4047 1644 4116 priorem
1677 4054 1937 4128 blasphe-

2041 4032 2323 4113 τουτέστιν
2363 4054 2442 4114 εἰς
2492 4050 2588 4112 τὰς
2644 4044 2994 4116 θεοσημείας,
3038 4042 3130 4097 xui.
3171 4041 3309 4112 μηδὲ
3339 4039 3406 4093 δι’
3456 4040 3639 4093 αὐτῶν

346 4125 513 4178 miam
549 4125 830 4196 abjecerit,
868 4130 1003 4185 nihil
1027 4131 1176 4187 aliud
1206 4133 1360 4190 illum
1391 4140 1597 4209 eriget;
1655 4161 1765 4201 nou
1800 4125 1937 4205 εον.

2041 4152 2139 4219 τὴν
2168 4145 2443 4221 προτέραν
2497 4138 2812 4211 δυσφημίαν
2850 4134 3407 4204 ἀποσκευασάμενον,
3442 4130 3637 4184 τοῦτον

347 4226 557 4273 rectum
588 4229 769 4276 autem
799 4223 940 4279 unde
968 4226 1220 4282 remissio
1253 4231 1463 4298 peccati
1488 4241 1792 4305 sequetur?
1819 4240 1937 4298 ldec

2041 4242 2194 4297 οὐδὲν
2249 4240 2441 4311 ἕτερον
2502 4232 2895 4305 διορθώσεται’
2956 4228 3031 4301 μὴ
3088 4224 3475 4298 διορθούμενον
3530 4224 3633 4290 δὲ,

346 4311 743 4369 rationabiliter
766 4324 819 4370 et
849 4324 909 4371 ut
952 4318 1118 4373 Deum
1169 4321 1347 4388 decet,
1404 4325 1645 4384 salutare
1703 4332 1937 4390 Verbum

343 4419 473 4457 cum
502 4407 597 4476 qui
639 4405 730 4462 Dei
767 4424 932 4478 opera
968 4410 1019 4465 in
1050 4412 1448 4483 blasphemiam
1474 4430 1684 4478 vertere
1710 4435 1939 4482 conten-

343 4495 505 4562 derit,
536 4499 684 4553 omni
718 4500 871 4555 venia
906 4501 1193 4575 indignum
1240 4506 1365 4563 fons
1411 4511 1755 4571 remissionis
1805 4533 1941 4589 pro-

346 4588 636 4644 nuntiavit.
670 4589 891 4648 Nullum
944 4595 1092 4651 enim
1138 4608 1461 4667 praetextqu
1510 4603 1614 4659 sibi
1662 4588 1921 4677 reliquit;

347 4690 447 4730 nec
476 4675 801 4746 injuriarum
835 4689 892 4737 et
930 4682 1397 4754 blasphemiarum
1450 4675 1796 4751 correctione
1847 4675 1943 4755 nc-

345 4783 472 4836 que,
507 4777 717 4825 tantum
753 4772 930 4840 abest,
970 4777 1298 4835 remissione
1345 4782 1546 4852 dignus
1571 4786 1933 4856 judicabitur.

344 4858 731 4917 Comcdcntem
759 4873 814 4918 et
840 4865 1113 4923 bibentem
1145 4869 1347 4938 vidisti,
1378 4885 1425 4928 et
1457 4876 1579 4932 ideo
1600 4894 1723 4933 eum
1760 4898 1941 4937 come-

345 4948 547 5018 donem
575 4961 629 5008 et
660 4953 773 5010 vini
798 4963 1047 5025 potorem
1080 4975 1277 5028 vocas;
1312 4977 1629 5033 peccatores
1668 4979 1725 5025 et
1754 4973 1939 5043 publi-

346 5056 518 5097 canos
548 5044 929 5116 accipientem,
956 5057 1010 5105 et
1033 5050 1084 5107 id
1117 5062 1168 5107 te
1196 5054 1412 5125 impulit
1455 5070 1512 5114 ut
1537 5061 1589 5116 ei
1623 5063 1940 5132 publicano-

346 5149 471 5188 rum
531 5145 587 5191 et
638 5148 987 5207 peccatorum
1034 5146 1333 5202 amicitiam
1385 5153 1783 5221 exprobrares?
1835 5154 1940 5213 Sed

348 5225 451 5280 tibi
480 5228 697 5285 excelsa
727 5231 1116 5303 relinquuntur
1148 5252 1244 5307 per
1268 5255 1391 5309 quae
1436 5252 1489 5296 et
1516 5244 1584 5298 ab
1612 5245 1680 5301 iis
1714 5245 1934 5315 injuriis

348 5317 611 5376 recedens
640 5330 698 5377 et
730 5323 797 5378 ad
834 5325 1212 5394 paenitentiam
1255 5331 1598 5403 confugiens,
1653 5338 1937 5392 remissio-

355 5424 479 5465 nem
518 5410 787 5482 invenies,
825 5417 953 5487 quia
977 5434 1102 5474 cum
1135 5421 1365 5479 muliere
1393 5436 1446 5480 et
1468 5425 1559 5480 illa
1583 5424 1931 5485 Samaritana

350 5500 568 5561 locutus
596 5516 756 5563 estet
788 5509 937 5566 abea
979 5527 1178 5585 aquam
1228 5516 1415 5574 bibere
1458 5520 1773 5590 postulavit,
1809 5523 1923 5577 lut-

427 5692 472 5723 ⁷⁸
504 5688 695 5746 Maath.
750 5709 824 5759 XI,
868 5696 948 5751 l8.
1028 5699 1072 5728 τε
1108 5697 1299 5756 Matth.
1337 5716 1414 5768 tx,
1451 5702 1539 5760 34.

2046 4334 2212 4389 πόθεν
2241 4335 2274 4402 ή
2303 4333 2498 4401 ἄφεσις
2525 4322 2886 4394 ἀκολουθήσει
2920 4318 3016 4373 τοῦ
3057 4319 3496 4389 ἀμαρτήματος;
3522 4315 3636 4367 διό-

2043 4444 2150 4500 περ
2178 4424 2415 4492 εὐλόγως
2459 4437 2519 4474 τε
2573 4418 2669 4471 xui.
2727 4413 3049 4485 θεοπρεπῶς
3098 4412 3127 4463 6
3176 4410 3445 4479 σωτήριος
3479 4407 3638 4474 λόγος

2040 4520 2131 4574 τὸν
2178 4518 2279 4580 τὰς
2353 4512 2644 4584 θεουργίας
2694 4511 2775 4573 είς
2847 4504 3199 4578 βλασφημίαν
3258 4500 3637 4572 μεταστρέψαι

2044 4609 2527 4682 φιλονεικήσαντα,
2557 4604 2739 4672 πάσης
2788 4598 3125 4697 συγγνώμης
3170 4594 3390 4697 ἀνάξιον
3418 4596 3453 4697 ή

2041 4704 2143 4773 τῆς
2167 4700 2414 4770 ἀφέσεως
2437 4697 2760 4766 ἀπεφήνατο
2784 4709 2799 4725 ε
2849 4689 3111 4761 οὐδεμίαν
3140 4687 3247 4758 γὰρ
3268 4686 3464 4785 ’ἐαυτῷ
3485 4686 3634 4785 ’πρόῑ

2044 4808 2213 4861 φασιν
2243 4787 2617 4851 ὑπελελοιπὼς
2668 4784 2795 4839 οὕτε
2850 4782 3191 4855 διορθώσεως
3224 4780 3335 4832 τῶν
3364 4776 3509 4832 κατὰ
3536 4776 3630 4829 τοῦ

2044 4884 2360 4956 Πνεῦματος
2387 4881 2603 4954 ὕϐρεων
2627 4880 2721 4933 καὶ
2747 4874 3131 4947 βλασφημιῶν,
3167 4872 3291 4926 οὐδὲ
3323 4868 3521 4925 πολλοῦ
3554 4868 3636 4920 δεῖ

2041 4979 2141 5048 τῆς
2203 4976 2450 5045 ἀφέσεως
2512 4971 2911 5043 ἀξιωθήσεται·
2970 4966 3221 5021 ἐσθίοντα
3279 4965 3375 5018 καὶ
3407 4961 3633 5015 πίνοντα

2043 5064 2205 5133 εἶδες,
2260 5068 2352 5121 xui.
2384 5066 2475 5121 διὰ
2536 5065 2695 5119 τοῦτο
2746 5063 2919 5133 φάγον
2947 5061 3135 5124 καλεῖς
3163 5060 3258 5113 xui.
3301 5056 3628 5126 οὶνοπότηνς

2046 5160 2406 5233 ἁμαρτωλοὺς
2457 5159 2554 5212 xui.
2596 5154 2837 5219 τελώνας
2876 5152 3329 5227 προσδεχόμενον,
3357 5149 3456 5202 xui.
3472 5145 3630 5200 τοῦτό

2044 5267 2102 5303 σε
2126 5249 2373 5304 τελωνῶν
2399 5248 2678 5302 ἐπικαλεῖν
2699 5247 2883 5316 φιλίαν
2900 5245 2995 5299 καὶ
3010 5240 3358 5314 ἁμαρτωλῶν
3384 5238 3626 5310 ἐπῆρεν,

2044 5341 2159 5395 ἀλλ’
2188 5340 2543 5395 ὑπολείπεταί
2575 5340 2743 5395 σοιτά
2762 5338 2963 5410 ὑψηλὰ,
2983 5338 3051 5393 δι’
3081 5332 3155 5391 ὧν
3176 5336 3271 5389 καὶ
3297 5333 3505 5387 τούτων
3520 5330 3628 5384 τῶν

2044 5434 2256 5507 ὕϐρεων
2293 5436 2537 5499 ἀποστὰς
2553 5434 2649 5489 xui.
2664 5435 2803 5506 πρὸς
2830 5432 3121 5504 μετάνοιαν
3141 5426 3499 5497 καταφυγὼν,
3528 5424 3627 5495 τήν

2032 5527 2226 5597 ἄφεσιν
2249 5528 2525 5599 εὑρήσειςο
2552 5527 2634 5582 ὃτι
2653 5526 2793 5598 μετὰ
2808 5524 3069 5596 γυναικδς
3095 5524 3190 5578 xui
3208 5521 3325 5575 τότε
3354 5515 3625 5589 Σαμαρεί-

1622 5704 1846 5771 "1912:,
1884 5722 1959 5769 ix.
2008 5708 2090 5762 l6.
