3884 6202
254 187 367 253 373

1218 203 1320 264 AD
1346 205 1952 272 AMPIIILOCHIUM
1977 212 2328 287 QUESTIO
2361 223 2576 288 XLIX.

3441 240 3551 305 374

254 299 404 364 τιδος
431 298 613 356 ἐλάλει
650 303 743 358 καὶ
769 306 915 361 πιεῖν
949 307 1080 381 παρ’
1109 309 1282 382 αὐτῆς
1318 313 1465 386 ὕδωρ
1492 314 1770 390 ἐπεζήτει,
1789 335 1830 371 τά

254 393 486 418 -..---.-,Ι.
510 395 662 418 -..μμὲ
682 396 772 418 ΑΛ--
803 416 811 418 ξ
837 397 854 418 \
874 417 883 418 κ
900 417 908 418 κ
924 399 989 418 κρυ
1058 401 1084 418 Α
1269 404 1283 418 ι
1359 405 1374 418 ο
1450 405 1477 418 η
1576 409 1600 418 -
1669 409 1692 418 η

1962 321 2112 377 milia
2142 324 2411 396 impulsus
2436 341 2522 387 est
2551 339 2613 388 ut
2637 333 2705 389 de
2761 333 2854 389 illo
2905 338 3214 408 cogitares?
3245 341 3548 418 Quomodo,

251 393 487 448 ταπεινά
507 395 813 470 συνηλάθης
835 397 1144 468 λογίζεσθαι
1161 404 1292 476 περὶ
1311 405 1501 468 αύτούς
1526 409 1642 472 πῶς
1659 409 1849 482 ὥσπερ

251 486 453 551 ἔλαϐες
472 488 570 558 τὴν
589 489 942 561 Σαμαρεῖτιν,
957 496 1229 565 πρόφασιν
1244 501 1638 570 ταπεινοτέρας
1650 503 1851 574 ὑπολή-

233 579 406 649 ψεως
426 583 520 633 καὶ
539 579 720 652 δόξης,
740 582 914 649 οὕτως
933 587 994 640 ού
1013 587 1320 658 παρέλαϐες
1341 591 1512 662 αὐτὴν
1529 591 1849 648 διδάσκαλον

251 673 466 744 καὶτῆς
488 673 827 745 ὑψηλοτέρας
849 694 864 743 ;
892 696 909 729 ι
935 679 1100 732 Δεῦτε
1118 679 1246 753 γὰρ,
1275 683 1459 753 φησιν,
1479 684 1615 737 ἴδετε
1633 684 1730 739 ἀνθ
1741 702 1846 755 ρω-

251 781 412 829 πον,ι
455 767 608 820 πόλιν
641 767 768 841 ὃλην
799 772 1205 842 ἐπιστρέφουσα
1225 775 1433 842 ἐκάλει,
1470 795 1488 828 ι
1515 776 1576 842 ὃς
1599 771 1723 832 εἶπέ
1757 796 1848 849 μοι

251 861 435 915 πάντα
472 863 572 916 ὃσα
595 863 848 936 ἐποίησαε
863 884 882 918 ι
909 866 1030 920 οὐδὲ
1051 867 1226 922 ταῦτά
1246 887 1305 923 σε
1324 871 1527 942 θεωρὸν
1552 873 1848 944 ἐργάζεται

250 956 364 1010 τῶν
391 956 683 1030 θειοτέρων
711 977 771 1013 τε
807 961 903 1015 καὶ
927 961 1315 1034 ύψηλοτέρων;
1367 966 1488 1021 ἀλλ’
1517 967 1598 1020 ὃτι
1633 969 1844 1024 πυνθά-

247 1066 405 1102 νεται
433 1051 542 1104 τῶν
573 1052 855 1123 μαθητῶν,
894 1071 914 1106 ι
943 1056 1078 1110 Τίνα
1115 1073 1182 1127 με
1202 1057 1457 1127 λέγουσιν
1491 1061 1539 1113 oi
1566 1059 1845 1133 ἄνθρωποι

247 1134 426 1206 sim;
463 1159 482 1193 ι
512 1141 697 1206 ἀνοίας
722 1142 992 1215 ἅρπαγμα
1013 1145 1112 1218 τὴν
1128 1147 1398 1218 ἐρώτησιν
1441 1153 1841 1223 ποιησάμενος,

249 1229 351 1286 ἕνα
375 1232 484 1286 τῶν
517 1233 730 1288 πολλῶν
757 1237 1000 1306 νομίζεις
1020 1257 1035 1304 ;
1059 1241 1155 1293 καὶ
1183 1240 1298 1304 πῶς
1311 1243 1370 1296 οὐ
1387 1242 1524 1314 πρὸς
1555 1243 1844 1316 θεοπρεπῆ

248 1322 415 1390 δόξαν
442 1324 778 1392 ἀναϐαίνεις,
831 1330 1048 1384 ἀκούων
1073 1331 1327 1402 λέγοντος
1371 1335 1452 1407 τῷ
1482 1336 1582 1406 τὴν
1611 1337 1848 1409 ἀπόκρι⁶

219 1442 228 1448 -
250 1432 338 1468 σιν
354 1418 772 1490 παρεσχημένῳ,
799 1439 817 1472 ι
839 1421 911 1474 Σὺ
933 1419 985 1477 εἴ
998 1424 1026 1476 6
1048 1425 1175 1489 Υἱὸς
1191 1427 1285 1480 τοῦ
1301 1427 1438 1482 Θεοῦ
1457 1429 1552 1484 τοῦ
1571 1429 1796 1497 (GN-cog;
1820 1450 1838 1483 ι

255 1525 275 1558 ι
301 1509 427 1563 Ὅτι
456 1511 699 1582 σὰρξκαλ
720 1509 860 1581 αἷμα
883 1517 984 1570 οὐκ
1006 1517 1328 1586 ἀπεκάλυψέ
1346 1538 1452 1584 σοι,
1477 1522 1590 1576 ἀλλ’
1607 1525 1635 1577 6
1654 1525 1844 1598 Πατήρ

249 1617 356 1670 μου
375 1602 405 1654 6
427 1605 484 1656 ἐν
503 1607 617 1667 τοῖς
643 1606 922 1678 ούρανοῖς;
954 1629 971 1662 ι
995 1612 1126 1676 Καὶ,
1157 1631 1176 1664 ι
1213 1614 1285 1666 Σὺ
1311 1610 1363 1667 εί
1387 1615 1610 1688 Πέτρος,
1638 1619 1733 1672 καὶ⁸
1749 1619 1844 1673 ἐπὶ

243 1695 422 1770 ταύτῃ
435 1701 500 1766 τῇ
518 1699 691 1772 πέτρᾳ
702 1703 1040 1777 οἰκοδομήσω
1057 1724 1158 1776 μου
1173 1707 1269 1778 τὴν
1282 1709 1735 1782 Ἐκκλησίαν,καὶ
1750 1713 1845 1768 πύι

243 1789 336 1844 λαι
350 1791 479 1862 ᾆδον
496 1793 556 1848 οὐ
575 1797 996 1867 κατισχύσουσιν
1010 1801 1180 1870 αὐτῆς
1201 1818 1215 1865 ;
1244 1819 1261 1851 ι
1283 1803 1626 1875 Ἀνθρώπινα
1643 1807 1838 1873 ταῦτα,

241 1885 278 1954 ἦ
307 1885 479 1958 μόνης
515 1887 617 1958 τῆς
669 1891 1082 1960 παντοδυνάμου
1109 1897 1378 1969 Θεότητος
1417 1899 1513 1952 καὶ
1539 1899 1842 1972 φιλανθρώ-

244 1993 385 2042 πους
443 1977 582 2032 ἀλλά
634 1982 857 2052 ῥήματα
895 1983 1071 2038 ταῦτά
1110 1987 1249 2054 ἐστι,
1285 1990 1377 2042 καὶ
1405 1990 1506 2062 τὴν
1535 1990 1659 2062 ὄψιν
1684 1991 1840 2046 οὔπω

243 2068 555 2138 προσέλαϐε
614 2072 912 2143 μάρτυρα;
963 2075 1084 2129 οὐδὲ
1135 2079 1245 2132 τῶν
1295 2083 1639 2152 πραγμάτων
1675 2083 1839 2148 εὐθὺς

242 2160 540 2232 ἐνέστηκεν
567 2164 600 2234 ή
626 2165 916 2236 ὲνέργεια;
945 2169 1183 2236 τυφλοὺς
1230 2171 1372 2242 ὀρῶν
1397 2175 1534 2241 μετά
1581 2176 1836 2247 γέννησιν

241 2245 344 2320 τὴν
376 2250 486 2304 τῶν
516 2250 785 2322 ὀμμάτων
829 2255 1189 2326 ἑορτάζοντας
1227 2261 1609 2333 ἀναγέννησιν,
1641 2267 1736 2318 καὶ
1765 2269 1832 2338 τῇ

241 2340 507 2416 ἐναργείᾳ
560 2345 666 2398 τῶν
713 2346 892 2416 ὄψεων
935 2349 996 2401 τὸ
1030 2351 1092 2403 ὲκ
1127 2351 1396 2419 γενέσεως
1426 2356 1596 2418 πάθος
1632 2358 1842 2421 ἀπελάπ

243 2449 471 2498 σαντας.
521 2439 739 2506 κωφοὺς
795 2438 1114 2507 ἀκούοντας,
1166 2447 1258 2499 καὶ
1286 2448 1476 2518 χωλῶν
1519 2451 1619 2515 τὰς
1645 2451 1833 2522 βάσεις

238 2527 577 2600 όρθουμένας
590 2533 816 2602 ῥήματι,
831 2535 925 2586 καὶ
943 2538 1170 2606 νεκροὺς
1190 2540 1606 2612 ἀνισταμένους,
1627 2547 1720 2598 καὶ
1739 2548 1834 2600 πέ-

239 2635 383 2693 τρας
412 2620 492 2692 τῷ
521 2622 682 2677 πάθει
709 2624 785 2694 τῷ
809 2627 1128 2701 Δεσποτικῷ
1160 2633 1526 2704 ῥηγνυμένας,
1554 2639 1646 2690 καὶ
1678 2638 1830 2710 ἥλιον

240 2709 734 2782 σκυθρωπάζοντα,
756 2715 850 2768 καὶ
869 2717 1060 2782 σκότος
1090 2719 1212 2773 ἀντὶ
1223 2721 1332 2774 τῶν
1361 2724 1598 2778 ἀκτίνων
1611 2727 1706 2780 καὶ
1727 2729 1830 2797 τῆς

237 2799 446 2872 πολλῆς
487 2803 870 2877 λαμπρότητος
924 2809 1417 2882 περισαλλόμενον,
1461 2819 1558 2872 καὶ
1621 2819 1830 2889 τάφους

236 2894 626 2964 κενουμένους,
648 2899 742 2952 καὶ
753 2900 980 2970 νεκροὺς
999 2903 1139 2971 μετά
1153 2903 1264 2957 τῶν
1285 2904 1504 2968 ζώντων
1521 2909 1618 2982 τὴν
1641 2913 1828 2984 κοινὴν

236 2985 542 3042 ἀνάστασιν
580 2990 1088 3061 προδιατυποῦντας
1115 2996 1210 3050 καὶ
1239 3002 1717 3071 συνεορτάζοντας.

309 3077 497 3133 Ταῦτα
542 3081 707 3152 δρῶν,
775 3085 893 3149 πῶς
946 3086 1006 3140 ού
1076 3087 1297 3143 πάντων
1340 3083 1593 3164 ἀπέστηξ
1623 3096 1692 3148 δι’
1753 3090 1829 3150 ὧν

235 3169 459 3241 σεαυτῷ
517 3177 752 3245 συνῆγες
810 3176 879 3230 τὰ
911 3214 913 3216 -
940 3177 1234 3245 σκάνδαλα,
1290 3184 1384 3237 καὶ
1429 3184 1522 3238 τὸν
1571 3188 1828 3260 γνώμονα

235 3263 662 3334 ὲτραυμάτιζες,
706 3272 803 3324 καὶ
861 3271 1028 3343 πολλῇ
1086 3276 1290 3346 σπουδῇ
1326 3278 1424 3331 καὶ
1445 3278 1628 3352 δρόμῳ
1659 3299 1829 3337 κατα-

235 3355 432 3422 φυγὼν
465 3358 602 3428 πρὸς
635 3361 926 3431 μετάνοιαν
959 3365 1219 3430 ἐπεδείξω
1242 3371 1340 3438 τὴν
1371 3369 1658 3441 διόρθωσιν
1687 3414 1700 3439 ,
1738 3374 1825 3428 ἵνα

234 3446 307 3498 δι’
330 3447 503 3519 αὐτῆς
527 3451 623 3504 καὶ
651 3453 846 3522 ἄφεσιν
866 3457 974 3510 τῶν
993 3441 1300 3527 ’ἁμαρτιῶν
1339 3463 1638 3534 ἐκέρδησας
1661 3483 1676 3534 ;
1707 3467 1824 3522 ἀλλ’

236 3537 361 3592 οὐδὲ
411 3540 628 3606 τούτοις
691 3549 1212 3617 καταμαλάττεσθαι
1281 3552 1382 3623 τὴν
1449 3554 1551 3625 τῆς
1599 3557 1824 3627 καρδίας

236 3629 490 3700 πύρωσιν
521 3633 690 3704 ἀνέχῃ
711 3650 724 3664 ⁸
753 3636 837 3689 ἔτι
863 3636 920 3690 δὲ
946 3638 1147 3708 μᾶλλον
1194 3641 1521 3709 φιλοεθεικεῖς
1554 3645 1654 3718 τὴν
1687 3649 1824 3703 ἀπό-

233 3740 390 3777 νοιαν
424 3725 518 3779 καὶ
541 3726 602 3780 τὸ
627 3727 896 3800 θεόμαχον
919 3733 1208 3803 κρατύνειν
1232 3753 1247 3769 ο
1278 3737 1373 3789 καὶ
1409 3738 1506 3790 νῦν
1536 3740 1636 3809 μὲν
1663 3743 1721 3794 ὲν
1755 3746 1818 3815 τῇ

231 3816 332 3870 τοῦ
381 3818 661 3874 Σαϐϐάτου
713 3827 1112 3898 περιεργοτέρα
1144 3830 1240 3882 καὶ
1266 3831 1457 3902 καιρὸν
1487 3834 1586 3886 οὐκ
1619 3835 1823 3912 ἐχούσῃ

233 3909 541 3984 φιλοτιμίᾳ.
573 3915 672 3978 τας
697 3917 838 3988 ὑπὲρ
859 3919 917 3971 τὸ
953 3920 1233 3976 Σάϐϐατον
1261 3925 1590 3998 θεοσημείας
1625 3909 1821 3998 φαυλίί

233 4002 386 4066 ζειςο
412 4004 506 4058 νῦν
530 4005 586 4059 δὲ
611 4007 671 4060 τὸ
701 4008 981 4065 Σάϐϐατον
1021 4014 1122 4067 οὐκ
1157 4014 1298 4084 ἔχων
1337 4017 1686 4091 ἀναχώρησιν
1721 4021 1822 4092 τῆς

234 4094 607 4168 βλασφημίας,
639 4101 781 4172 ὁρῶν
805 4104 1088 4174 δαιμονίας
1107 4107 1325 4179 πληγῆς
1340 4111 1820 4183 ἀπαλλαττόμενον

229 4189 296 4240 τὸ
323 4188 498 4256 γένος,
537 4193 627 4245 ἐπὶ
680 4194 772 4248 τὸν
817 4196 1146 4262 Βεελζεϐοὺλ
1196 4201 1594 4272 καταφεύγεις·
1639 4207 1735 4261 νῦν
1761 4208 1818 4260 δὲ
1869 4269 1872 4273 ,

232 4281 334 4333 καὶ
365 4280 570 4351 ταύτην
626 4285 725 4356 τὴν
789 4287 1065 4358 πρόφασιν
1120 4293 1486 4348 ἀναπλάττειν
1537 4297 1819 4362 παντελῶς

1953 417 2416 481 quemadmodum
2470 420 2874 480 Samaritanam
2908 427 3219 488 humilioris
3267 417 3552 506 opinionis

1949 514 2006 560 et
2043 504 2202 564 fama:
2228 511 2572 569 occasionem
2599 515 2906 586 ahripuisti,
2939 521 3023 575 sic
3055 537 3162 577 non
3200 504 3348 580 illam
3370 529 3552 585 excel-

1953 597 2117 655 sioris
2162 602 2482 672 magistram
2528 605 2809 664 habuisti?
2847 629 2867 662 ι
2904 609 3117 680 Venite,
3163 616 3340 686 inquit
3375 622 3545 688 eiiim,

1931 689 2130 746 videte
2163 692 2442 750 hominem
2481 697 2818 768 (universam
2849 703 3039 758 urbem
3072 718 3408 765 convertens
3451 728 3545 768 vo-

1951 783 2154 856 cabat),
2181 786 2276 855 qui
2317 787 2455 842 dixit
2477 790 2609 844 mihi
2631 794 2815 848 omnia
2862 811 3207 870 quaecunque
3269 801 3370 857 feci
3417 805 3484 858 ⁷⁸.
3520 824 3541 860 ι

1954 875 2153 932 Nonne
2192 878 2308 934 haec
2339 889 2391 935 te
2413 879 2728 939 divinorum
2761 897 2815 941 et
2843 889 3210 947 excelsiorum
3268 904 3544 965 spectato-

1948 985 2064 1026 rem
2124 970 2390 1028 faciunt?
2457 973 2561 1029 Sed
2618 979 2746 1047 quia
2809 980 3110 1051 discipulos
3173 987 3475 1059 interrogat
3527 1008 3542 1046 :

1956 1081 1974 1114 ι
2018 1063 2192 1129 Quem
2227 1080 2315 1120 me
2354 1066 2608 1124 homines
2657 1084 2777 1126 esse
2810 1073 3000 1129 dicunt
3026 1077 3108 1130 7’?
3142 1096 3160 1130 ι
3199 1083 3546 1148 οωοηιίωείο

1950 1171 2114 1225 gnum
2134 1156 2378 1212 oblatum
2409 1158 2616 1217 faciens
2656 1161 2798 1218 hanc
2830 1164 3341 1240 interrogationem,
3371 1190 3540 1229 unum

1948 1263 2014 1302 ex
2047 1249 2234 1306 multis
2269 1250 2423 1306 illum
2448 1263 2630 1322 putas.
2656 1254 2722 1310 Et
2759 1260 3036 1326 quomodo
3069 1277 3177 1317 non
3203 1265 3268 1319 ad
3300 1266 3538 1322 divinam

1949 1339 2203 1395 ascendis
2229 1340 2542 1409 Opinionem
2576 1342 2804 1400 audiens
2865 1347 3134 1402 dicentem
3196 1352 3245 1405 ei
3297 1352 3388 1421 qui
3456 1369 3539 1407 re.

1947 1446 2208 1501 sponsum
2237 1433 2330 1487 dat
2363 1452 2377 1488 :
2416 1452 2435 1486 ι
2478 1433 2558 1488 Tu
2598 1451 2658 1492 es
2698 1435 2868 1493 Filius
2895 1440 2986 1494 Dei
3015 1441 3144 1507 vivi,
3183 1461 3201 1496 ι
3237 1473 3309 1483 --
3342 1463 3360 1496 ‹
3400 1444 3539 1511 Quia

1948 1535 2080 1576 caro
2105 1532 2160 1576 et
2193 1523 2419 1592 sanguis
2450 1538 2556 1578 non
2585 1527 2846 1580 revelavit
2879 1528 3011 1593 tibi,
3046 1531 3142 1586 sed
3191 1530 3350 1588 Pater
3384 1547 3538 1589 meus

1947 1614 2041 1683 qui
2077 1614 2132 1670 in
2162 1616 2319 1671 caelis
2345 1619 2468 1672 est?
2497 1615 2582 1682 Et,
2612 1617 2692 1674 Tu
2731 1636 2790 1674 es
2836 1619 3053 1690 Petrus,
3095 1633 3148 1678 ct
3201 1640 3365 1695 super
3401 1626 3540 1681 hanc

1948 1715 2156 1774 petram
2183 1706 2470 1763 mdiﬁcabo
2495 1708 2798 1766 Ecclesiam
2836 1728 3034 1778 meam,
3077 1723 3130 1768 et
3171 1726 3344 1786 porta:
3376 1717 3536 1772 inferi

1948 1812 2055 1852 non
2091 1798 2464 1868 praevalebunt
2521 1801 2784 1857 adversus
2845 1818 2965 1858 eam
2995 1806 3076 1860 δοῖ
3133 1826 3152 1858 ι
3214 1807 3536 1864 llumanane

1945 1891 2061 1946 haec
2091 1900 2240 1954 sunt,
2273 1907 2344 1947 an
2387 1893 2559 1948 solius
2596 1896 2992 1966 omnipotentis
3046 1907 3100 1953 et
3157 1900 3532 1956 misericordis

1944 1982 2288 2039 Diviuitatis?
2322 1983 2426 2039 Sed
2450 1987 2567 2041 haec
2592 1987 2756 2043 verba
2799 1999 2952 2054 sunt,
2985 1999 3039 2045 et
3074 1992 3320 2046 nondum
3354 1993 3531 2047 visum

1942 2085 2134 2132 testem
2163 2093 2444 2146 accepere,
2491 2077 2685 2134 Nonne
2741 2081 2926 2136 statim
2987 2098 3169 2137 rerum
3216 2085 3296 2140 vis
3341 2100 3532 2141 assur-

1940 2167 2113 2222 rexit?
2143 2166 2329 2223 Caecos
2359 2183 2387 2222 a
2421 2169 2707 2224 nativitate
2731 2171 3018 2226 oculorum
3059 2173 3400 2228 celebrantes
3447 2190 3532 2230 re-

1939 2258 2348 2330 generationem
2379 2260 2568 2317 videns
2599 2271 2655 2316 et
2685 2263 2835 2320 visus
2889 2263 3142 2318 claritate
3194 2281 3261 2319 ex
3303 2281 3532 2335 genera.

1937 2350 2084 2406 tione
2109 2351 2354 2406 dolorem
2378 2354 2725 2424 repellentes,
2753 2355 2954 2410 surdos
2993 2356 3283 2411 audientes
3305 2365 3359 2412 et
3376 2358 3531 2412 elau-

1933 2445 2129 2502 dorum
2158 2447 2320 2504 bases
2348 2457 2528 2504 rectas
2556 2450 2724 2503 verbo
2754 2449 2950 2511 factas,
2985 2459 3040 2504 et
3072 2461 3320 2506 mortuos
3351 2451 3531 2507 susci-

1935 2547 2102 2604 talos,
2129 2550 2184 2594 ct
2210 2554 2376 2609 rupes
2417 2540 2700 2595 Dominica
2768 2543 3027 2610 passione
3092 2542 3417 2612 perfractas,
3474 2552 3532 2597 et

1931 2631 2104 2686 solem
2135 2633 2574 2696 eontristantem,
2607 2643 2660 2687 et
2685 2634 2942 2689 tenebras
2969 2649 3065 2703 pro
3099 2635 3272 2690 radiis
3297 2643 3349 2688 et
3376 2643 3530 2690 tanto

1932 2713 2220 2792 splendore
2269 2724 2722 2794 circumsparsas,
2756 2733 2812 2779 et
2827 2727 3074 2795 sepulcra
3107 2726 3441 2792 vacuefacta,
3474 2737 3530 2781 et

1933 2825 2181 2871 mortuos
2221 2830 2345 2870 eum
2383 2817 2695 2872 viventibus
2752 2831 3100 2872 communem
3170 2817 3530 2873 resurrectio-

1931 2918 2055 2959 nem
2087 2904 2481 2974 praeveuientes
2507 2920 2744 2977 eamque
2769 2907 3239 2964 concelebrantcs.

2009 3091 2134 3149 Haec
2164 3109 2395 3149 cernens
2413 3093 2694 3165 quomodo
2727 3109 2835 3150 non
2863 3095 2934 3150 ah
2959 3095 3217 3152 omnibus
3246 3095 3524 3152 recessisti

1936 3201 2034 3256 per
2071 3201 2194 3256 quae
2224 3185 2324 3241 tibi
2350 3185 2453 3257 ipsi
2481 3187 2740 3242 scandala
2813 3175 3130 3244 conduxisti
3181 3199 3237 3244 et
3284 3190 3523 3259 iudicem

1936 3277 2261 3341 vulnerasti,
2303 3286 2357 3332 et
2388 3277 2560 3333 multa
2597 3293 2736 3333 cura
2768 3279 3069 3350 rapidoque
3098 3297 3264 3337 cursu
3300 3281 3366 3336 ad
3402 3297 3522 3352 ptes

1936 3369 2220 3424 nitentiam
2250 3369 2524 3441 refugiens
2549 3371 2946 3428 correctionem
3007 3389 3114 3428 non
3181 3374 3468 3430 ostendisti
3503 3377 3526 3429 ?

1937 3461 2008 3518 Ut
2044 3479 2142 3534 per
2165 3479 2286 3519 eam
2322 3472 2378 3519 et
2413 3465 2795 3520 remissionem
2857 3475 3207 3535 peccatorum
3267 3467 3520 3521 luereris.

1935 3557 2043 3613 Sed
2080 3572 2256 3628 neque
2305 3557 2416 3614 illis
2449 3558 2635 3614 cordis
2687 3559 2766 3614 tui
2813 3559 2993 3629 ignem
3035 3559 3234 3613 molliri
3274 3561 3520 3630 pateris;

1933 3649 2115 3705 adhuc
2145 3659 2324 3704 autem
2358 3649 2533 3721 magis
2585 3651 2870 3706 contendis
2914 3652 3313 3706 contumaciam
3366 3662 3419 3706 et
3466 3652 3520 3706 in

1934 3741 2103 3797 Deum
2133 3757 2370 3812 pugnam
2406 3744 2699 3815 roborare,
2752 3753 2808 3798 et
2860 3760 3006 3798 nunc
3054 3745 3272 3815 quidem
3323 3745 3523 3800 curio-

1932 3833 2080 3889 siore
2109 3811 2703 3904 neciopportunitatem
2761 3836 2996 3891 habente
3028 3834 3251 3891 Sabhati
3310 3838 3516 3902 studio,

1931 3925 2109 3980 divina
2137 3941 2301 3996 supra
2326 3926 2621 3982 Sabbatum
2652 3929 2806 4000 signa
2823 3929 3138 3999 vilipendis;
3162 3945 3309 3984 nunc
3330 3938 3514 3984 autem

1931 4033 2038 4072 non
2057 4017 2264 4072 habens
2281 4019 2624 4074 occasionem
2645 4020 2996 4090 blasphemiae
3019 4019 3320 4076 Sabbatnm
3345 4035 3521 4091 genus

1929 4110 2312 4166 adagmoniaco
2327 4111 2621 4168 liberatum
2648 4114 2872 4169 vulnere
2897 4113 3107 4180 videns,
3130 4113 3196 4167 ad
3215 4112 3518 4168 Beelzebub

1929 4203 2214 4274 confugis;
2255 4221 2403 4260 nunc
2433 4215 2614 4260 autem
2651 4221 2778 4261 eum
2809 4207 2956 4261 hunc
3000 4215 3325 4276 praetextum
3369 4205 3521 4259 effin-

1927 4312 2053 4369 gere
2086 4313 2350 4369 nequeas,
2382 4299 2874 4356 statuistimortem
2902 4300 2998 4354 tibi
3032 4310 3089 4354 et
3127 4300 3331 4354 caedem
3363 4299 3519 4352 auxi-

229 4372 611 4445 ἀφῃρημένος,
637 4377 727 4430 τὸν
762 4378 990 4434 θάνατον
1021 4380 1192 4450 ἔγνως
1239 4385 1334 4438 καὶ
1369 4385 1469 4458 τὴν
1502 4389 1818 4458 μιαιφονίαν

1939 4390 2190 4446 iatricem
2226 4402 2279 4446 et
2310 4392 2519 4447 sociam
2556 4391 2775 4461 facere;
2829 4401 2886 4447 et
2936 4407 3096 4462 quem
3155 4391 3260 4455 illa
3308 4390 3520 4461 quatri-

232 4464 431 4537 βοηθὸν
453 4468 547 4521 καὶ
584 4469 873 4542 σύμμαχον
913 4475 1222 4528 ποιεῖσθαι·
1267 4477 1361 4532 καὶ
1394 4478 1453 4532 ὃν
1493 4482 1701 4543 ἐκεῖνος
1734 4499 1822 4535 τε·

225 4561 492 4630 ταρταῖον
521 4561 620 4615 οὐκ
673 4563 890 4634 ἴσχυσεν
941 4565 1020 4619 ἔτι
1078 4567 1332 4639 κατέχειν
1385 4571 1600 4642 νεκρὸν,
1632 4572 1823 4626 τοῦτον

229 4650 404 4704 πάλιν
421 4652 783 4725 ὑποστρέφειν
799 4659 937 4728 πρὸς
960 4660 1146 4723 αὐτὸν,
1186 4662 1285 4725 τὰς
1303 4663 1652 4735 παλαμναίας
1685 4665 1827 4730 γνώ-

229 4761 344 4814 μας
360 4745 452 4800 καίΙ
469 4748 656 4819 χεῖρας
672 4751 954 4816 ὲκτείνεις·
978 4771 998 4805 ι
1020 4755 1276 4826 Ἐζήτουν
1286 4757 1414 4828 γὰρ,
1429 4757 1614 4827 φησὶν,
1629 4761 1677 4812 οἱ
1695 4760 1829 4812 ’1ου-

224 4838 372 4890 δαίοι
397 4838 484 4892 ἵνα
507 4840 602 4892 καὶ
623 4841 716 4894 τὸν
763 4843 1012 4915 Λάζαρον
1031 4847 1418 4902 ἀποκτείνωσι·
1454 4869 1473 4903 ι
1523 4852 1618 4904 καὶ
1643 4853 1702 4904 τὸ
1729 4869 1822 4904 τε·

224 4927 500 4995 λευταῖον,
530 4931 622 4984 τὸν
645 4933 820 4988 ταῦτα
850 4935 1444 5010 θαυματουργήσαντα,
1481 4943 1701 5014 σταυρῷ
1727 4944 1824 4999 καὶ

225 5017 450 5089 θανάτῳ
478 5022 862 5088 καταδικάζεις
885 5040 901 5056 ο
937 5027 1031 5079 καὶ⁵
1086 5029 1422 5082 κουστωδίαν
1463 5030 1647 5104 ζητεῖς
1673 5050 1688 5064 ·
1728 5034 1823 5087 καὶ

228 5113 543 5179 σφραγῖδας
585 5099 902 5182 amoena;
929 5118 1008 5187 τῷ
1064 5120 1246 5192 νεκρῷ
1271 5122 1366 5175 καὶ
1389 5122 1468 5193 τῷ
1504 5099 1690 5196 τάφῳο
1726 5125 1821 5179 καὶ

225 5203 291 5255 τὸ
317 5204 804 5276 ἀναισχυντότατον
829 5213 926 5266 καὶ
961 5213 1148 5268 πᾶσαν
1179 5215 1522 5285 ὑπερϐάλλον
1552 5217 1824 5290 ἀθεότητα

230 5301 330 5352 καὶ
383 5302 716 5375 συγγνώμην
782 5306 1038 5378 οὐδεμίαν
1095 5309 1351 5380 οὐδαμῶς
1397 5311 1824 5383 ὑπολειπόμενον

229 5390 334 5458 τῆς
361 5389 569 5463 κλοπῆς
593 5394 673 5465 τῷ
697 5396 980 5468 πλάσματι
1024 5399 1122 5471 τὴν
1171 5401 1471 5456 ἀνάστασιν
1524 5404 1783 5470 κλέπτεις
1806 5424 1822 5440 ι

234 5481 376 5554 μηδὲ
397 5483 474 5553 τῷ
499 5485 610 5540 τῶν
637 5487 697 5554 ἐξ
719 5490 914 5556 αἰῶνος
941 5492 1198 5548 ἁπάντων
1230 5495 1615 5570 ὑπερκειμένη)
1656 5517 1829 5571 παρα⁹

1893 4485 2164 4541 ἰιιιςιηιιιη
2194 4503 2306 4542 non
2339 4488 2510 4542 valuit
2542 4488 2722 4543 adhuc
2759 4496 3034 4543 mortuum
3068 4486 3321 4552 retinere,
3353 4485 3517 4540 morti

1927 4589 1985 4635 ιιι
2031 4594 2158 4634 eum
2220 4595 2414 4636 l'lll‘SUS
2463 4580 2656 4636 credas
2711 4579 3029 4636 sceleratam
3080 4579 3412 4634 voluntatem
3463 4587 3518 4633 οι

1927 4688 2148 4727 manum
2207 4674 2456 4729 extendis
2489 4692 2503 4728 :
2549 4691 2568 4724 ι
2606 4672 2956 4738 Qumrebant,
2996 4673 3172 4742 inquit
3206 4671 3375 4734 eitiin,
3415 4671 3516 4726 Ju-

1929 4765 2030 4819 daei
2061 4774 2122 4818 ut
2142 4773 2198 4820 et
2229 4764 2495 4820 Lazarum
2529 4763 2982 4820 interficerent“.
3015 4782 3034 4816 ι
3067 4763 3132 4818 Ει
3153 4761 3374 4819 demum
3390 4777 3514 4816 eum

1927 4857 2019 4926 qui
2049 4858 2100 4912 id
2131 4858 2464 4913 miraculose
2512 4857 2718 4923 effecit,
2769 4857 2836 4912 ad
2887 4872 3107 4912 crucem
3161 4865 3217 4910 et
3277 4862 3511 4909 mortem

1925 4951 2193 5018 damnas;
2226 4960 2279 5005 et
2305 4951 2612 5005 custodiam
2643 4951 2877 5021 quaaris;
2910 4959 2964 5006 et
3015 4949 3231 5018 vigilem
3278 4947 3514 5024 imponis

1925 5043 2175 5098 cadaveri
2225 5050 2280 5099 et
2327 5047 2614 5114 sepulcro;
2675 5055 2730 5100 et
2784 5044 2933 5116 quod
2986 5042 3365 5113 turpissimum
3431 5049 3515 5096 est

1925 5152 2256 5208 omnemque
2325 5138 2658 5208 impietatem
2727 5137 3126 5207 transgreditur
3187 5145 3241 5189 et
3305 5134 3509 5188 nullam

1925 5225 2151 5281 omnino
2179 5225 2393 5288 veniam
2421 5225 2700 5296 relinquit,
2731 5225 2936 5280 furtum
2975 5223 3187 5279 invenis
3239 5231 3297 5276 ut
3331 5237 3514 5276 resur-

1925 5317 2220 5372 rectionem
2255 5316 2486 5374 furerisl
2531 5317 2720 5389 Neque
2758 5319 3002 5374 omnium
3051 5319 3120 5371 al)
3157 5323 3363 5369 aeterno
3407 5312 3512 5366 mi-

1925 5409 2232 5463 raculorum
2266 5409 2506 5465 maximo
2530 5411 2775 5468 suffusus
2823 5409 3029 5481 pudore
3080 5417 3136 5464 et
3185 5408 3508 5467 conversus.

1934 5513 2128 5558 contra
2162 5503 2292 5559 illud
2317 5518 2383 5560 eo
2415 5505 2592 5576 magis
2632 5505 2930 5563 meditatus
2963 5520 3023 5562 es
3051 5504 3142 5575 qui
3178 5500 3351 5572 magis
3375 5513 3513 5571 ωδε*

305 5669 508 5732 18Joan
545 5687 616 5738 ιν,
650 5673 740 5730 59.
818 5678 863 5710 ⁷³
897 5674 1088 5738 Matth.
1121 5694 1228 5744 χιιι,
1276 5678 1358 5742 15.
1438 5678 1482 5712 ⁸⁰
1526 5680 1656 5745 ἱὶιίάο
1714 5683 1830 5738 Ηνί

1972 5685 2015 5715 ⁸³
2048 5683 2206 5741 Joau.
2233 5700 2285 5742 Si
