3884 6202
413 230 521 297 375

1576 231 1840 294 ΡΗΟΤΙΙ
1874 230 2388 291 PATRIARCH/E
2424 230 2536 292 (ΞΡ.

3597 226 3703 291 3'16

410 340 616 397 stantia
637 354 737 397 sua
767 348 962 399 caetera
988 340 1264 398 vincebat.
1295 340 1399 409 Qui
1424 339 1592 412 igitur
1614 357 1684 399 ex
1714 344 1865 398 nulla
1888 354 2001 398 tam

2118 342 2272 407 ibiiwv
2296 343 2395 397 καὶ
2423 340 2722 412 ὑπερφυῶν
2754 338 2934 412 ἔργων
2955 336 3302 409 δυσωπηθείς
3324 353 3385 391 τε
3412 336 3507 390 καὶ
3530 353 3700 407 μετα-

411 432 696 502 splendide
720 432 1040 504 dignitatem
1072 431 1386 490 Divinitatis
1440 442 1495 489 et
1553 433 1679 504 eius
1742 434 2002 492 invictam

411 524 524 580 vim
551 525 868 582 testantittm
899 525 1279 597 operationem
1324 534 1491 596 atque
1539 526 1819 583 actionum
1866 542 2003 582 con-

413 617 724 674 versionem
751 626 805 674 et
839 619 1216 689 ptenitentiam
1249 619 1518 685 cohibuit,
1545 634 1668 675 cum
1690 636 1750 676 se
1777 635 1875 690 per
1902 619 2005 674 hu-

414 724 579 767 mana
618 709 775 766 malis
793 718 847 765 et
871 710 1113 765 animam
1141 712 1626 782 corrumpentibus
1649 711 2004 782 Opinionibus

415 800 675 857 imbuerit
706 810 762 857 et
808 801 1155 868 distraxerit;
1187 803 1280 859 sed
1320 812 1377 859 et
1415 804 1598 859 divina
1638 804 1929 860 dementiae
1950 813 2008 858 et

416 891 598 961 impiae
627 907 822 963 pugnae
849 902 1203 964 augmentum
1241 894 1392 962 fecit,
1441 895 1665 951 evidens
1705 904 1791 951 est
1841 902 2008 965 atque

418 985 930 1043 manifestissimum
980 987 1125 1043 hunc
1190 986 1328 1042 nihil
1388 987 1493 1043 sibi
1547 987 1860 1055 relinquere
1894 1000 2007 1057 quo

419 1077 618 1135 melius
647 1079 793 1134 malo
824 1079 1079 1149 praeferat
1112 1095 1177 1135 ac
1195 1080 1375 1135 vivida
1408 1089 1463 1136 et
1519 1080 1633 1136 acri
1682 1078 2006 1151 ptenitentia

420 1170 849 1240 praecedentium
873 1170 1055 1227 debita
1098 1171 1335 1241 expellat
1352 1179 1408 1226 et
1432 1171 1757 1227 remissione
1778 1169 2006 1225 omnino

421 1260 623 1331 dignus
641 1261 919 1332 iudicetur
940 1276 1119 1334 neque
1140 1262 1194 1317 in
1228 1262 1486 1333 praesenti
1524 1261 1729 1318 aesculo
1755 1259 2003 1331 nequein

422 1351 631 1410 futuro.

2111 438 2332 509 ϐληθεὶς
2364 438 2627 509 θαύματι,
2659 437 2799 492 ἀλλὰ
2828 435 2949 491 κατ’
2977 434 3184 489 ἐκείνου
3232 432 3435 503 μᾶλλον
3468 430 3534 484 rb
3562 447 3704 484 κακ-

2110 526 2311 597 οῦργον
2382 526 2712 598 μελετήσας,
2742 526 2854 597 ὅσῳ
2876 525 2971 579 καὶ
3004 527 3070 597 τῇ
3102 524 3347 595 ὑπεροχῇ
3381 522 3496 575 τῶν
3526 520 3705 575 ἄλλων

2109 617 2385 690 διέφερεν.
2431 619 2493 675 'O
2528 617 2664 689 γοῦν
2722 620 2789 673 ὲκ
2821 618 3047 691 μηδενὸς
3093 633 3206 671 των
3245 615 3521 687 λαμπρῶς
3556 616 3707 669 άπαι-

2113 711 2502 780 στραπτόντων
2553 712 2616 766 rb
2665 711 2885 781 ἀξίωμά
2933 728 2995 765 τε
3044 710 3141 765 καὶ
3170 708 3270 782 τὴν
3292 710 3510 781 ἄμαχον
3550 710 3705 779 ισχύν

2109 802 2211 872 τῆς
2237 804 2493 876 θεότητος
2523 805 2643 877 ήτοι
2703 804 2814 858 τῶν
2880 803 3272 874 πνευματικῶν
3307 819 3366 856 τε
3411 802 3709 873 ἐνεργειῶν

2112 894 2494 966 καὶπράξεων
2556 896 2832 969 μηδεμίαν
2867 896 3189 967 μεταϐολὴν,
3226 896 3365 966 μηδὲ
3413 896 3708 966 μετάνοιαν

2109 985 2544 1059 ἐπιδειξάμενος,
2575 984 2658 1053 οἷς
2686 988 2882 1043 ἑαυτὸν
2910 987 3001 1042 διὰ
3039 988 3153 1042 τῶν
3180 986 3543 1059 ἀνθρωπίνων
3564 986 3707 1057 φαύ-

2109 1078 2225 1142 λοις
2252 1081 2346 1133 καὶ
2370 1080 2747 1154 ψυχοφθόροις
2796 1080 3132 1154 κατῃκίσατό
3169 1097 3232 1133 τε
3260 1080 3356 1134 καὶ
3382 1079 3707 1143 κατέστιξεν

2110 1170 2443 1243 ὐπολήψεσιν
2458 1191 2474 1207 ·
2496 1174 2633 1229 ἀλλὰ
2654 1174 2753 1229 καὶ
2769 1173 2838 1227 τὰ
2850 1173 2969 1227 θεῖα
2992 1172 3318 1244 προσθήκην
3334 1172 3595 1233 ἀπονοίας
3612 1170 3707 1223 καὶ

2112 1262 2413 1335 θεομαχίας
2448 1266 2697 1337 μείζονος
2725 1267 2842 1330 τοῖς
2861 1264 3290 1336 τετολμημένοις
3313 1262 3708 1334 ποιησάμενος,

2117 1355 2422 1427 κατάδηλόν
2451 1375 2513 1412 τε
2536 1360 2634 1412 καὶ
2691 1357 3125 1428 ἑμφανέστατον,
3158 1356 3233 1419 ὡς
3259 1357 3289 1410 ό
3318 1353 3563 1415 τοιοῦτος
3601 1369 3710 1421 μη-

420 1446 511 1502 δὲν
534 1448 713 1520 ἑαυτῷ
737 1445 1356 1523 ὐτωλειπόμενος,δι⁹οῦ
1388 1449 1449 1503 rb
1476 1449 1729 1520 κρεῖττον
1793 1444 1891 1498 τοῦ
1941 1439 2151 1512 φαύλου
2220 1451 2531 1519 προέλοιτο,
2573 1451 2672 1506 καὶ
2735 1451 2916 1523 θερμῇ
2954 1449 3051 1504 καὶ
3096 1447 3249 1518 ὀξείᾳ
3294 1445 3560 1519 μετανοίᾳ
3589 1444 3715 1497 δισ-

420 1540 573 1595 λύσει
603 1542 713 1596 τῶν
739 1544 1062 1614 φθασάντων
1083 1544 1151 1599 τά
1177 1544 1495 1616 ὀφλήματα,
1523 1542 1644 1596 οὐδὲ
1664 1540 1766 1611 τῆς
1832 1536 2075 1599 ἀνέσεως
2111 1539 2249 1607 ὅλως
2288 1544 2657 1617 ἀξιωθήσεται
2703 1543 2830 1598 οὐτε
2881 1545 2940 1598 ὲν
2966 1542 3044 1615 τῷ
3087 1542 3182 1597 νῦν
3207 1542 3366 1597 αίῶνι
3391 1538 3518 1595 οὐτε
3551 1541 3611 1592 ἐν
3632 1537 3712 1609 τῷ

424 1633 696 1704 μέλλοντι.

495 1728 638 1784 Sunt
660 1737 842 1785 autem
881 1731 1086 1800 quibus
1114 1730 1246 1786 illud
1277 1747 1297 1782 ι
1335 1745 1515 1801 neque
1542 1729 1597 1785 in
1626 1728 1883 1801 prmsenti
1917 1739 2015 1781 sae-

2193 1719 2317 1773 Eiai.
2348 1720 2429 1787 δὲ,
2459 1715 2541 1785 οἷς
2578 1721 2640 1775 rb
2671 1740 2691 1774 t
2720 1720 2846 1776 οὐτε
2888 1721 2949 1775 ἐν
2980 1719 3061 1792 τῷ
3092 1718 3188 1773 νῦν
3218 1718 3373 1773 αίῶνι
3399 1718 3527 1772 οὐτε
3552 1717 3613 1771 ἓν
3630 1718 3713 1788 τῷ

425 1820 555 1876 οιιΙο
584 1836 761 1893 neque
786 1821 841 1877 in
874 1820 1062 1879 futuro
1088 1842 1107 1875 ι
1142 1823 1252 1878 alio
1278 1822 1443 1879 modo
1460 1821 1764 1893 accipitur;
1788 1829 1842 1876 et
1868 1819 2009 1874 dim-

426 1914 650 1973 cultatis
680 1916 883 1973 solutio
933 1917 1243 1989 simplicius
1287 1927 1342 1974 et
1400 1918 1651 1989 paratius
1691 1916 2007 1971 adducitur.

425 2005 658 2063 Mosaica
695 2008 1098 2080 lex,inquiuut,
1124 2021 1299 2065 morte
1330 2011 1490 2081 punit
1545 2024 1668 2065 eum
1707 2009 1803 2080 qui
1845 2008 1899 2061 in
1929 2006 2013 2061 di-

425 2098 614 2154 vinum
646 2100 1065 2171 blasphemavit,
1098 2117 1277 2172 neque
1310 2102 1525 2157 veniam
1574 2116 1757 2171 neque
1806 2100 2009 2155 remis-

424 2192 636 2248 sionem
670 2193 720 2248 ei
745 2195 1071 2250 concedens.
1112 2194 1177 2249 Et
1211 2196 1315 2250 hoc
1367 2194 1612 2249 ostendit
1666 2193 1826 2253 illud.
1878 2193 2009 2247 bla-

425 2284 733 2353 sphemanti
764 2300 872 2339 non
899 2285 953 2340 in
993 2286 1248 2356 praesenti
1276 2285 1477 2341 saeculo
1510 2284 1738 2340 remitti.
1773 2283 1900 2339 ideo
1928 2284 2015 2338 di-

426 2384 559 2430 cunt
595 2377 922 2432 rationabile
969 2392 1093 2434 esse
1135 2378 1378 2449 cogitare
1432 2377 1899 2447 blasphemantem
1955 2376 2011 2431 in
2082 2428 2092 2441 ,

428 2466 689 2539 Spiritum
721 2478 998 2536 sanctum,
1038 2484 1067 2525 a
1113 2471 1227 2527 Deo
1285 2479 1341 2527 et
1406 2470 1709 2526 secundum
1767 2470 2012 2525 futurum

426 2562 684 2617 saeculum
715 2561 1017 2630 iudicatum
1047 2562 1113 2617 iri
1142 2572 1199 2617 et
1218 2562 1572 2630 blasphemiae
1599 2577 1790 2633 poenas
1818 2562 1886 2618 ab
1918 2562 2013 2617 illo

426 2662 677 2708 exactum
728 2652 831 2720 iri;
864 2654 959 2710 sed
1021 2655 1078 2709 in
1127 2657 1381 2725 praesenti
1432 2655 1695 2711 vindictis
1750 2654 2013 2711 extremis

426 2745 830 2815 subjiciendum
863 2760 1008 2811 esse,
1032 2744 1271 2803 Mosaica
1301 2748 1420 2819 lege
1449 2747 1504 2802 in
1527 2762 1653 2803 eum
1680 2746 2014 2817 imprecante

426 2837 517 2908 qui
549 2837 791 2910 linguam
824 2838 877 2893 in
908 2838 1077 2893 Deum
1111 2840 1379 2904 emiserit,
1422 2840 1475 2895 id
1535 2849 1620 2895 est
1658 2838 2013 2909 blasphemiis

428 2929 597 2984 Deum
631 2930 948 3000 impetierit,
988 2930 1148 2998 cujus
1183 2931 1506 2986 substantias
1533 2939 1587 2985 et
1622 2930 2014 2986 dominationis

422 3029 530 3088 est,
562 3029 617 3076 et
647 3021 855 3093 Spiritu
885 3024 1185 3088 sanciente,
1217 3024 1330 3078 imo
1366 3039 1491 3077 eum
1521 3023 1794 3094 lapidibus
1827 3023 2011 3092 oppri-

431 3111 685 3166 mendum
707 3128 829 3168 esse
857 3121 912 3168 et
942 3113 1053 3168 vita
1076 3113 1429 3184 privandum;
1480 3113 1554 3168 ita
1601 3123 1661 3168 ut
1711 3113 1855 3169 Deus
1890 3112 2016 3184 Spi-

431 3202 590 3267 ritus,
620 3203 722 3259 etsi
754 3203 936 3273 impiis
967 3188 1076 3259 non
1115 3204 1393 3267 videatur,
1440 3204 1640 3259 illustri
1684 3206 1846 3258 modo
1886 3220 2017 3273 pro-

431 3296 718 3361 clametur,
750 3297 804 3350 in
844 3312 955 3366 quo
980 3305 1035 3351 et
1063 3311 1227 3366 supra
1258 3306 1512 3351 naturam
1576 3311 1745 3366 opera
1789 3296 2019 3351 Creator

433 3396 646 3443 natura:
670 3386 853 3441 divine
885 3386 1148 3442 eﬂiciebat
1178 3400 1196 3440 :
1239 3405 1258 3439 ι
1299 3388 1359 3441 In
1390 3386 1561 3458 digito
1584 3385 1704 3451 Dei,
1741 3405 1762 3439 ι
1802 3386 2016 3451 dicens,

436 3496 461 3530 ι
504 3492 606 3548 ego
636 3477 902 3533 daemonia
928 3476 1091 3547 ejicio
1124 3476 1208 3543 “;
1265 3496 1284 3531 ι
1334 3477 1564 3549 digitum
1610 3476 1703 3533 Dei
1756 3493 1853 3547 per
1890 3478 2019 3532 sub-

433 3571 648 3629 stantia
672 3571 934 3626 unitatem
956 3578 1009 3625 et
1039 3570 1378 3639 operationis
1418 3571 1729 3626 absolutam
1776 3577 2019 3639 potesta-

432 3672 541 3720 tem
603 3662 868 3733 Spiritum
902 3662 1218 3719 nominans.
1256 3682 1275 3715 ι
1306 3663 1365 3717 In
1425 3662 1631 3733 Spiritu
1678 3672 1890 3727 sancto,
1938 3662 2022 3716 iu-

432 3754 573 3823 quit,
610 3753 762 3823 ejicit
796 3751 1101 3818 daemonia;
1149 3770 1168 3805 ι
1204 3766 1312 3807 non
1346 3750 1474 3821 quia
1498 3751 1613 3822 ipse
1643 3767 1740 3822 per
1775 3751 2019 3821 seipsum

433 3859 545 3896 non
576 3852 822 3912 poterat;
862 3843 959 3898 sed
984 3842 1038 3897 in
1058 3842 1317 3898 omnibus
1348 3828 1715 3900 suis‘divinis
1756 3844 2023 3915 operibus

432 3930 613 3987 Patris
640 3941 693 3987 et
716 3931 958 4002 Spiritus
992 3942 1049 3988 ut
1080 3932 1346 3989 similium
1375 3934 1815 3989 sttbstautiarum
1847 3943 1903 3990 et
1920 3950 2023 3989 na-

434 4034 681 4081 turarum
721 4034 777 4081 et
800 4025 868 4081 ad
900 4042 1066 4081 unum
1094 4036 1147 4081 et
1172 4026 1314 4081 idem
1342 4026 1481 4081 velle
1504 4026 1889 4082 inclinantium
1913 4042 2023 4081 una

435 4117 627 4175 adesse
646 4117 873 4174 docens.
905 4116 1030 4173 Ideo
1056 4118 1203 4175 enim
1228 4118 1483 4176 dicebat:
1518 4137 1536 4171 ι
1559 4120 1723 4175 Pater
1752 4135 1910 4176 meus
1933 4136 2025 4175 us-

436 4226 542 4281 que
606 4210 769 4265 modo
814 4225 1072 4281 operatur
1124 4220 1181 4268 et
1233 4226 1334 4283 ego
1389 4226 1585 4281 Operor
1610 4212 1678 4279 ⁸³,
1723 4230 1741 4263 ι
1776 4220 1881 4267 et:
1917 4228 1937 4263 ι
1978 4212 2027 4267 Α

438 4302 647 4373 meipso
676 4317 787 4357 non
820 4302 1014 4373 loquor
1048 4304 1120 4359 “.
1160 4323 1180 4358 ι
1214 4303 1278 4359 Ει
1304 4304 1439 4359 illud
1475 4322 1491 4359 :
1537 4321 1556 4356 ι
1614 4304 1673 4359 in
1714 4304 1887 4375 digito
1928 4304 2023 4359 Dei

2117 1812 2363 1883 μέλλοντι
2386 1832 2405 1865 ι
2438 1814 2647 1886 τρόπον
2671 1814 2860 1885 ἕτερον
2879 1811 3303 1883 ἐκλαμϐάνεται,
3328 1812 3423 1866 καὶ
3448 1813 3549 1881 τῆς
3570 1811 3713 1864 ἁπο-

2116 1903 2238 1974 ρίας
2261 1905 2293 1957 ἡ
2318 1902 2471 1967 λύσις
2518 1902 2895 1976 άπλούστερόν
2938 1920 2999 1957 τε
3036 1903 3131 1957 καὶ
3183 1902 3535 1973 ἑτοιμότερον
3568 1917 3709 1972 προρ

2114 1994 2308 2062 ἄγεται
2330 2012 2344 2027 ο
2369 1995 2397 2048 ό
2433 1994 2745 2057 Μωσαῖκὸς,
2775 1994 2931 2064 φασὶ,
2978 1992 3143 2064 νόμος
3192 1992 3283 2046 rbv
3321 1992 3404 2055 είς
3438 1991 3502 2044 rb
3551 1990 3716 2044 Θεϊον

2116 2086 2612 2159 βλασφημήσαντα,
2672 2087 2890 2156 θανάτῳ
2954 2086 3162 2158 ζημιοῖ,
3256 2085 3317 2138 οὐ
3389 2081 3715 2154 μεταδιδοκ

2114 2178 2263 2247 αὐτῷ
2312 2178 2649 2250 συγγνώμης
2668 2179 2928 2247 οὐδεμιᾶς
2956 2176 3068 2230 οὐδ’
3104 2176 3388 2246 ἀφέσεως·
3429 2174 3528 2229 καὶ
3551 2172 3718 2228 τοῦτο

2113 2270 2266 2339 δηλοῖ
2288 2270 2351 2325 rb
2378 2272 2454 2343 μὴ
2484 2272 2737 2340 ἀφίεσθαι
2766 2272 2858 2325 τδν
2876 2271 3349 2342 βλασφημήσαντα
3378 2268 3531 2340 ὲντῷ
3568 2286 3718 2340 παρ-

2115 2365 2226 2419 όντι
2256 2364 2413 2419 αἰῶνι
2440 2366 2551 2420 ’διό
2580 2383 2746 2436 φασιν
2772 2363 2992 2433 εὔλογον
3022 2362 3353 2417 διανοεῖσθαι
3385 2362 3464 2425 ὡς
3486 2363 3517 2415 ὁ
3554 2360 3718 2430 βλασ-

2116 2458 2317 2530 φημῶν
2351 2460 2431 2522 είς
2470 2458 2533 2513 rb
2560 2458 2788 2529 Πνεῦμα
2839 2456 2901 2510 rb
2929 2455 3087 2526 ἅγιον
3120 2455 3307 2510 θεόθεν
3331 2454 3427 2509 καὶ
3451 2454 3598 2508 κατὰ
3618 2452 3719 2506 rbv

2118 2558 2379 2629 μέλλοντα
2397 2559 2571 2613 αἰῶνα
2594 2557 2759 2613 δώσει
2781 2556 2879 2628 τὴν
2902 2555 3062 2627 δίκην
3094 2554 3192 2608 καὶ
3219 2552 3319 2617 τὰς
3340 2551 3442 2622 τῆς
3468 2551 3645 2622 βλασς·
3658 2566 3721 2619 q-

2118 2652 2245 2724 μίας
2267 2652 2457 2715 ποινάς
2475 2650 2966 2722 είσπραχθήσεται,
2996 2646 3133 2703 ἀλλὰ
3160 2645 3254 2702 καὶ
3282 2644 3426 2700 κατὰ
3460 2644 3555 2697 τὸν
3572 2660 3721 2709 uap-

2112 2746 2240 2800 όντα
2253 2744 2550 2816 τιμωρίαις
2571 2743 2832 2814 ἐσχάταις
2849 2740 3243 2803 ὑποϐάλλεται,
3272 2737 3367 2792 τοῦ
3406 2734 3718 2792 Μωσαίκοῦ

2115 2839 2283 2908 νόμου
2301 2840 2404 2910 τὴν
2422 2836 2829 2908 καταρωμένην
2843 2835 3099 2905 γλῶσσαν
3114 2832 3425 2902 ὲπαφιέντα
3463 2829 3608 2883 κατὰ
3617 2827 3717 2881 τοῦ

2114 2926 2528 2993 Θεοῦ,τουτέστι
2541 2925 2634 2980 τὸν
2647 2925 3021 2997 βλασφημίαις
3062 2923 3418 2994 ἐνυϐρίζοντα
3448 2920 3510 2973 τὸ
3535 2921 3715 2982 Θείαν,

2116 3015 2176 3078 οὗ
2206 3024 2306 3095 τῆς
2318 3023 2507 3088 οὐσίας
2526 3023 2623 3077 καὶ
2642 3022 2745 3093 τῆς
2762 3023 3082 3093 κυριότητος
3099 3019 3337 3089 ὑπάρχει
3354 3018 3450 3071 καὶ
3470 3016 3532 3070 τὸ
3547 3013 3721 3069 Πνεῦ-

2122 3135 2215 3187 μα,
2232 3109 2403 3180 λίθοις
2423 3115 2886 3187 νομοθετήσαντος
2908 3112 3299 3167 λιθοϐολεῖσθαι
3315 3110 3411 3165 καὶ
3432 3108 3537 3177 τῆς
3565 3106 3718 3175 ζωῆς

2117 3208 2543 3264 άπελαύνεσθαι’
2594 3207 2735 3261 ὥστε
2764 3206 2897 3272 Θεὸς
2948 3205 3009 3259 rb
3038 3204 3287 3274 Πνεῦμα,
3316 3203 3423 3258 κᾶν
3452 3203 3567 3264 τοῖς
3593 3200 3721 3253 θεο-

2121 3302 2390 3373 μαχοῦσιν
2444 3300 2506 3355 οὐ
2535 3301 2689 3371 δοκῇ.
2716 3299 3038 3371 περιφανῶς
3080 3295 3551 3368 άνακηρύττεται·
3591 3285 3719 3361 ὲνῷ

2118 3394 2212 3446 καὶ
2251 3392 2318 3446 τά
2350 3392 2492 3462 ὐπὲρ
2529 3391 2689 3459 λόγον
2738 3390 2876 3462 ἔργα
2935 3392 2963 3444 ό
2997 3386 3339 3460 Δημιουργδς
3362 3385 3464 3455 τῆς
3496 3383 3719 3453 φύσεως

2119 3484 2417 3556 ὲθεούργει,
2442 3502 2461 3535 ι
2486 3484 2574 3537 Ἑν
2608 3482 2857 3554 δακτύλῳ
2881 3479 3040 3547 Θεοῦ,
3088 3482 3283 3550 λέγων,
3315 3478 3428 3548 ὲγὼ
3457 3478 3718 3548 δαιμόνια

2123 3577 2372 3632 ἐκϐάλλω
2389 3596 2403 3611 ·
2417 3597 2436 3631 ι
2465 3578 2730 3632 δάκτυλον
2746 3576 2882 3630 Θεοῦ
2899 3575 2989 3630 διὰ
3003 3575 3061 3628 rb
3088 3575 3189 3643 τῆς
3211 3574 3270 3627 οὐ
3279 3572 3401 3636 σίας
3418 3571 3717 3640 ἀδιάφορον

2122 3671 2216 3725 καλ⁵
2238 3671 2339 3741 τῆς
2384 3670 2666 3741 ἐνεργείας
2687 3669 2748 3723 rb
2775 3668 3170 3722 αὐτοδὲσποτον
3230 3660 3599 3734 ἐπονομάζων
3652 3661 3719 3715 rb

2122 3759 2368 3831 Πνεῦμα·
2391 3761 2509 3814 «Ἐν
2534 3758 2719 3830 μέντοι
2756 3758 2834 3829 τῷ
2852 3758 2992 3829 άγίῳ
3006 3759 3307 3828 Πνεύματι,
3328 3755 3491 3826 φησὶ,
3516 3752 3719 3808 ἐκϐάλ-

2122 3852 2205 3906 λει
2224 3851 2293 3905 τά
2320 3852 2625 3921 δαιμόνια,»
2648 3851 2745 3921 οὐχ
2763 3851 2846 3904 ὅτι
2862 3850 3024 3911 αὐτὸς
3048 3849 3105 3912 ἐξ
3135 3846 3327 3901 ἑαυτοῦ
3353 3846 3430 3916 μὴ
3455 3844 3716 3914 ἠδύνατο,

2123 3944 2237 3998 ἀλλ’
2262 3944 2319 3997 ἐν
2347 3944 2512 3999 πᾶσιν
2537 3941 2703 3998 αὐτοῦ
2763 3943 2877 4005 τοῖς
2914 3940 3281 4011 θεοπρεπέσιν
3336 3939 3543 4008 ἔργοις,
3615 3938 3718 4007 τήν

2122 4036 2218 4091 τοῦ
2242 4035 2455 4107 Πατρὸς
2476 4036 2574 4089 καὶ
2622 4034 2943 4104 Πνεύματος
2992 4033 3279 4104 ἐνέργειαν
3308 4030 3383 4093 ὡς
3409 4029 3716 4100 ὁμοουσίων

2125 4130 2221 4185 καὶ
2256 4129 2512 4199 ὁμοφυῶν
2535 4129 2633 4183 καὶ
2687 4127 2825 4199 πρὸς
2842 4125 2901 4180 ἓν
2935 4124 3112 4181 καὶτὸ
3138 4123 3273 4178 αὐτδ
3300 4122 3516 4192 θέλημα
3532 4122 3719 4175 νευόν-

2124 4241 2233 4278 των
2283 4224 2649 4294 συμπαρεῖναι
2701 4220 2975 4276 διδάσκων
2996 4235 3010 4250 °
3037 4217 3125 4272 διὰ
3148 4216 3310 4271 τοῦτο
3338 4216 3444 4286 γὰρ
3477 4215 3573 4267 καί⁵
3601 4213 3719 4267 ελε-

2130 4335 2248 4386 γεν,
2278 4335 2296 4369 ι
2322 4316 2379 4369 Ὀ
2399 4316 2595 4385 Πατήρ
2620 4331 2723 4385 μου
2749 4312 2854 4375 ἓως
2879 4310 3007 4383 ἄρτι
3035 4308 3351 4381 ἐργάζεται,
3370 4303 3530 4373 κάγὼ
3543 4305 3717 4375 ἐργά-

433 4410 536 4469 ego
560 4395 827 4452 demonia
853 4395 1052 4467 ejicio;
1097 4416 1116 4450 ι
1144 4406 1200 4453 et
1231 4413 1580 4468 quaecunque
1612 4398 1720 4454 alia
1763 4414 2015 4455 commu-

2121 4411 2305 4481 ζομαι·
2331 4428 2349 4460 ι
2371 4410 2488 4477 καὶ,
2515 4427 2534 4461 t
2551 4407 2670 4476 Ἀφ’
2694 4403 2888 4460 ἑαυτοῦ
2909 4403 2970 4457 οὐ
2997 4401 3161 4456 λαλῶσ
3183 4418 3203 4452 ι
3222 4402 3317 4455 καὶ
3338 4401 3419 4464 rb,
3453 4419 3473 4450 ι
3501 4399 3592 4452 Ἐν
3624 4399 3719 4454 δα.

431 4503 558 4545 nem
598 4498 849 4545 naturam
874 4497 927 4545 et
952 4499 1276 4560 potestatem
1318 4501 1370 4547 et
1413 4490 1667 4547 emcacim
1690 4504 1744 4549 et
1769 4492 2021 4549 volunta-

432 4581 505 4637 tis
529 4582 793 4639 unitatem
824 4597 983 4639 sacre
1008 4582 1314 4653 loquuntur
1339 4594 1393 4640 et
1416 4584 1706 4642 addocent.
1744 4585 1873 4642 Scio
1912 4604 2019 4642 au-

432 4683 539 4730 tem
568 4675 836 4746 quosdam
865 4674 1047 4731 dicere
1076 4686 1192 4731 tum
1236 4693 1361 4733 cum
1392 4676 1678 4734 Dominica
1726 4680 2020 4750 responsio

432 4765 796 4836 proferretur,
828 4776 884 4823 et
912 4767 1023 4824 vim
1069 4783 1189 4824 eam
1222 4769 1482 4827 habuisse
1520 4771 2019 4844 circumscriptam.

435 4854 652 4912 Etenim
676 4865 808 4913 tunc
852 4859 1264 4916 resurrectione
1297 4860 1538 4917 nondum
1570 4861 1714 4919 facta
1748 4878 1929 4931 neque
1959 4864 2015 4919 in

431 4948 601 5006 cmlos
626 4951 951 5007 ascensione
976 4961 1276 5009 monstrata
1308 4969 1486 5023 neque
1537 4953 1748 5024 Spiritu
1796 4966 2021 5026 sponta-

433 5055 569 5097 neos
590 5050 649 5098 et
677 5057 1002 5101 communes
1032 5044 1181 5102 orbis
1200 5054 1471 5102 terrarum
1503 5058 1752 5104 oratores
1780 5048 2021 5118 discipu-

433 5132 521 5188 los
543 5132 827 5198 eﬂiciente.
860 5137 1103 5192 nondum
1127 5139 1384 5196 omnibus
1410 5140 1496 5196 his
1518 5141 1739 5197 eximiis
1754 5141 2023 5198 exsisten-

434 5221 605 5291 tibus,
643 5224 737 5294 qui
766 5226 820 5280 in
855 5225 1059 5283 Filium
1098 5228 1339 5286 hominis
1379 5231 1725 5303 blasphemat
1757 5243 1811 5288 et
1843 5231 2023 5287 bomi-

428 5312 598 5381 nibus
635 5313 911 5387 impingit,
965 5321 1348 5379 remissionem
1386 5325 1648 5381 inveniet.
1703 5323 2015 5380 Adumbra-

434 5405 597 5461 batur
623 5406 771 5464 enim
802 5409 871 5466 iis
920 5425 1085 5470 carne
1131 5414 1393 5486 dignitas.
1449 5418 1509 5473 Ei
1570 5427 1755 5475 autem
1807 5420 1902 5491 qui
1966 5421 2020 5477 in

436 5496 701 5571 Spiritum
740 5513 991 5562 sanctum
1019 5506 1388 5581 blasphemat,
1433 5526 1611 5572 neque
1660 5515 1715 5568 iu
1767 5514 2024 5584 praesenti

508 5680 552 5712 ⁶²
582 5680 773 5739 Matth.
814 5700 909 5749 ιιι,
942 5686 1030 5741 28.
1108 5689 1151 5717 ’³³
1185 5687 1337 5749 Joan.
1374 5706 1426 5752 ν.
1472 5690 1557 5747 l7.

2124 4496 2461 4569 κτύλῳΘεοῦ
2482 4496 2593 4566 ἐγὼ
2626 4494 2878 4549 ἐκϐάλλω
2898 4491 2968 4546 τά
2993 4490 3297 4563 δαιμόνια·-›
3328 4490 3426 4544 καὶ
3452 4490 3554 4544 ὅσα
3576 4489 3717 4543 ἄλλα

2122 4592 2185 4647 rb
2202 4591 2440 4663 όμοφυὲς
2458 4590 2555 4644 καὶ
2580 4588 2923 4659 ὁμοδύναμον
2944 4586 3040 4640 καὶ
3060 4586 3157 4656 τῆς
3175 4584 3459 4654 ἐνεργείας
3488 4584 3583 4635 καὶ
3614 4581 3711 4635 τοῦ

2125 4683 2427 4753 θελήματος
2450 4680 2514 4734 τὸ
2532 4680 2733 4734 ὲνιαῖον
2760 4676 3098 4750 ίερολογοῦσι
3132 4673 3226 4728 καὶ
3264 4673 3711 4727 ὲκδιδὰσκουσιψ

2124 4769 2241 4830 οἶδα
2261 4774 2319 4828 δέ
2342 4789 2497 4836 τινας
2552 4772 2837 4835 εἰπόντας,
2894 4770 2977 4823 ὅτι
3024 4766 3145 4821 κατ’
3169 4768 3346 4819 ἐκεῖνο
3367 4765 3560 4837 καιροῦ
3586 4764 3715 4819 καθ’

2124 4871 2236 4943 ὃνή
2262 4866 2566 4938 Δεσποτικὴ
2589 4865 2863 4936 ἀπόφασις
2890 4860 3160 4933 προήχθη,
3184 4861 3277 4913 καὶ
3300 4859 3361 4913 rb
3382 4859 3582 4931 κράτος
3595 4854 3715 4930 εἶχε

2128 4959 2623 5033 περιγραφόμενον·
2655 4957 2751 5011 καὶ
2789 4953 2897 5024 γάρ
2920 4949 3225 5022 τηνικαῦτα
3249 4948 3407 5003 οὔπω
3436 4950 3537 5019 τῆς
3573 4951 3717 5005 ἀνα-

2129 5055 2372 5116 στάσεως
2401 5049 2723 5120 ἐπιστάσης,
2741 5047 2861 5101 οὐδὲ
2883 5046 2980 5116 τῆς
2997 5045 3077 5107 είς
3101 5043 3365 5114 οὐρανοὺς
3392 5040 3716 5112 ἀναλήψεως

2126 5145 2595 5219 ἐπιδεδειγμένης,
2653 5142 2776 5198 οὐδὲ
2825 5138 2919 5194 τοῦ
2968 5136 3290 5209 Πνεύματος
3335 5134 3717 5206 αὐτοσχεδίως

2121 5242 2218 5296 καὶ
2246 5241 2463 5304 κοινοὺς
2494 5239 2596 5309 τῆς
2630 5232 2960 5304 οἰκουμένης
3014 5232 3255 5303 ῥήτορας
3281 5229 3410 5292 τούς
3464 5227 3718 5299 μαθητὰς

2121 5332 2506 5405 τελεσαμένου.
2544 5327 2698 5383 οὐπω
2725 5325 2932 5380 τούτων
2956 5323 3065 5378 τῶν
3094 5319 3561 5394 ὐπερφυεστάτων
3590 5320 3712 5371 ἑπι-

2125 5423 2387 5487 στάντων,
2432 5420 2460 5475 ὁ
2479 5417 2574 5474 τὸν
2606 5417 2736 5473 Υἱὸν
2761 5414 2858 5469 τοῦ
2887 5411 3180 5487 ἀνθρώπου
3211 5408 3578 5480 βλασφημῶν,
3618 5407 3714 5461 καὶ

2125 5516 2235 5579 τοῖς
2266 5510 2574 5585 ἀνθρώποις
2617 5504 2994 5582 προσπταίων,
3066 5502 3293 5574 εὑρήσει
3358 5499 3581 5570 ἄφεσινο
3610 5497 3713 5553 ιπο

1638 5692 1679 5721 αἰ
1723 5690 1877 5747 .louu.
1915 5711 2025 5752 xiv.
2062 5694 2144 5749 l0.
