3884 6202
145 306 256 373 3’.7
1179 307 1277 366 AD
1310 302 1910 367 AMPHILOCHIUM
1959 301 2306 372 OUJ‘ESTIO
2347 302 2413 369 L.
3330 300 3438 368 378

144 419 434 484 εσκιάζετο
462 417 571 491 γὰρ
602 417 788 484 αὐτοῖς
808 417 889 473 ἔτι
911 418 1031 474 τότε
1064 419 1144 491 τῷ
1174 421 1385 491 σαρκὶῳ
1400 419 1462 474 τὸ
1494 419 1708 492 ἀξίωμα
1730 437 1742 451 ο

1856 427 2094 489 tempore
2125 434 2303 490 neque
2337 418 2392 472 in
2420 416 2606 473 futuro
2635 416 2838 472 saeculo
2863 414 3217 489 blasphemia:
3238 418 3440 475 remis-

143 509 226 582 τῷ
256 509 318 563 δέ
341 509 420 575 είς
447 508 508 562 τὸ
560 510 786 579 Πνεῦμα
843 508 1280 581 βλασφημοῦντι,
1313 510 1437 564 οὔτε
1489 510 1632 564 κατὰ
1652 511 1744 563 τὸν

1856 517 1926 572 sio
1957 516 2197 571 dabitur.
2231 515 2377 570 Nihil
2402 515 2548 571 enim
2573 515 2830 570 obstabat
2859 515 2992 585 quin
3027 513 3285 570 viderent
3325 513 3440 569 vim

145 604 341 675 καιρὸν
368 604 595 668 ἐκεῖνον,
643 601 766 657 οὔτε
819 603 878 658 ἐν
925 602 1000 673 τῷ
1049 601 1298 675 μέλλοντι
1355 603 1511 657 αἱῶνι
1560 605 1595 675 ἡ
1643 602 1744 672 τῆς

1856 627 2006 682 supra
2041 621 2292 666 naturam
2322 618 2375 665 et
2406 625 2501 680 per
2553 625 2674 664 eam
2730 608 3084 679 Splendentes
3134 607 3441 664 divinitatis

151 694 501 766 βλασφημίας
514 694 799 766 δοθήσεται
824 694 1020 765 ἄφεσις
1035 712 1049 726 ·
1068 695 1222 748 οὐδὲν
1253 695 1362 766 γὰρ
1379 693 1743 767 ἐπιπροσθοῦν

1856 705 2050 760 'adios.
2091 703 2195 758 Alii
2230 713 2415 758 autem
2447 701 2514 756 ad
2539 702 2685 756 hunc
2713 715 2935 756 sensum
2965 715 3063 770 per
3108 699 3272 754 verba
3299 715 3441 770 prte-

147 783 295 857 εἱχον
339 781 489 842 οὗτοι
553 787 693 858 πρὸς
737 787 798 840 τὸ
840 787 916 857 μὴ
943 787 1181 858 καθορᾷν
1208 787 1433 873 ,αὐτοὺς
1461 787 1560 858 τὴν
1594 786 1737 857 ὑπὲρ

1856 797 2089 853 :edentia
2127 798 2446 852 trahuntur.
2493 795 2575 850 Ad
2625 809 2786 863 quem
2845 791 3057 863 igitur?
3110 790 3437 859 Lavacrum,

148 878 312 947 λόγον
345 879 630 949 ἐνέργειαν
667 877 880 942 καὶτὰς
917 877 984 932 δι’
1036 878 1206 949 αὐτῆς
1236 879 1740 949 ἀπαστραπτούσας

1856 893 2028 957 aiunt,
2062 890 2448 946 remissionem
2485 889 2630 943 ineo
2656 887 2749 958 qui
2781 893 2929 941 totus
2975 895 3200 942 sanctus
3248 893 3334 941 est
3385 896 3442 939 et

147 971 245 1042 τῆς
274 970 523 1041 θεότητος
542 969 985 1034 ἀκτῖνας.Ἀλλοι
1006 970 1062 1024 δὲ
1083 970 1218 1042 πρὸς
1231 971 1486 1042 τοιαύτην
1503 972 1743 1026 διάνοιαν

1856 985 1972 1052 igne
1999 981 2313 1053 perticiens,
2365 981 2493 1035 dum
2543 979 2809 1049 nondumx
2844 978 3014 1032 libere
3063 977 3279 1047 agebat,
3328 991 3438 1029 non

147 1062 234 1117 διὰ
261 1061 372 1116 τῶν
406 1061 784 1134 προκειμένων
813 1063 1080 1126 ἕλκοντας
1111 1062 1395 1134 ῥημάτωνο
1421 1063 1581 1118 ποίαν
1607 1065 1742 1118 ταύ-

1856 1082 1965 1126 erat
1992 1073 2247 1142 possibile
2271 1073 2320 1127 ei
2344 1071 2437 1142 qui
2469 1070 2522 1124 in
2563 1070 2809 1124 divinum
2863 1067 3130 1139 Spiritum
3192 1067 3442 1137 blasphe-

147 1168 283 1224 τηνς
313 1153 407 1207 τοῦ
448 1153 707 1226 λουτροῦ,
744 1154 898 1224 φασὶ,
926 1153 1025 1222 τῆς
1058 1154 1304 1223 ἀφέσεως
1355 1154 1449 1208 τοῦ
1471 1157 1529 1208 ἐν
1581 1157 1746 1209 παντὶ

1856 1174 1984 1231 mat,
2011 1165 2386 1220 remissionem
2440 1164 2707 1226 invenire,
2768 1161 2862 1233 qui
2916 1162 3044 1216 inde
3091 1160 3439 1231 procedentis

152 1245 296 1317 ἁγίῳ
327 1247 424 1301 καὶ
445 1247 584 1318 πυρὶ
634 1247 1190 1318 τελεσιουργουμένου
1234 1247 1403 1319 μήπω
1433 1248 1746 1320 παρρησια-

1856 1257 2280 1326 regenerationis
2302 1265 2356 1310 ct
2394 1254 2795 1326 purilicationis
2820 1255 3138 1325 participem
3165 1253 3287 1338 tieri.
3330 1252 3436 1307 im-

149 1340 384 1410 ζομένου
410 1339 511 1393 οὐκ
538 1335 608 1411 ἦν
634 1341 814 1411 εὑρεῖν
844 1339 922 1410 τῷ
947 1340 1028 1402 εἱς
1053 1340 1113 1392 τὸ
1135 1338 1275 1393 θεῖον
1305 1338 1532 1409 Πνεῦμα
1566 1338 1744 1409 βλασ-

149 1433 471 1502 φημήσαντι
574 1431 675 1504 τὴν
725 1435 958 1502 ἄφεσινο
1027 1433 1108 1485 ὅτι
1167 1432 1305 1503 μηδὲ
1345 1433 1408 1486 τὺ
1453 1437 1748 1504 μετασχεῖν

151 1524 278 1596 ἐνῆν
299 1525 406 1595 τῆς
449 1525 890 1595 παλιγγενεσίας
919 1527 1014 1579 καὶ
1037 1524 1358 1595 τῆεέκεῖθεν
1390 1525 1711 1597 καθάρσεως
1730 1543 1745 1558 ·

1846 1349 2106 1418 possibile
2132 1358 2270 1404 erat.
2305 1350 2497 1419 Itaque
2522 1348 2718 1403 merito
2759 1347 2854 1417 qui
2900 1347 2956 1400 in
3015 1344 3281 1415 Spiritum
3309 1359 3432 1400 san-

1846 1452 1996 1498 ctum
2019 1444 2436 1516 blasphemavit,
2456 1458 2632 1512 neque
2660 1441 2714 1496 in
2740 1440 2995 1512 presenti
3021 1439 3226 1494 saaculo
3247 1445 3302 1492 et
3319 1437 3440 1498 ideo

1848 1533 2101 1603 nequein
2134 1534 2321 1588 futuro
2352 1533 2503 1588 nullo
2525 1531 2689 1586 modo
2727 1531 3109 1587 remissionem
3133 1530 3366 1585 obtinet.

149 1618 228 1673 διδ
266 1619 499 1684 εἰκότως
523 1621 552 1674 δ
582 1623 663 1685 εἱς
686 1621 748 1674 τὸ
776 1620 1000 1690 Πνεῦμα
1029 1621 1090 1674 τὸ
1119 1620 1275 1689 ἀγιον
1323 1621 1744 1696 βλασφημήσας,
1780 1627 1904 1683 οὔτε
1929 1630 1989 1686 ἐν
2031 1630 2108 1702 τῷ
2139 1631 2234 1685 νῦν
2258 1631 2438 1702 αῖῶνι,
2473 1630 2568 1684 καὶ
2604 1629 2695 1682 διά
2757 1627 2917 1683 τοῦτο
2945 1628 3076 1682 οὐδὲ
3129 1628 3188 1682 ἐν
3211 1625 3290 1698 τῷ
3312 1625 3440 1697 μέλ-

150 1709 315 1777 λοντι,
347 1711 600 1782 οὐδαμῶς
623 1714 878 1784 τυγχάνει
902 1713 998 1783 τῆς
1025 1713 1296 1781 ἀφέσεως.

729 1805 1071 1858 ΕΡΩΤΠΣΙΣ
1115 1806 1196 1860 Ν.

158 1896 265 1952 τοῦ
284 1896 589 1968 μακαρίου
608 1894 852 1965 Μάρκου
871 1896 1424 1968 καὶίεύαγγελισταῦ
1451 1898 1750 1968 γεγραφό-

224 1984 324 2032 τος
345 1984 360 1996 ·
400 1985 419 2018 ι
447 1965 816 2034 Ἐξῆλθονοί
851 1967 986 2034 παρ’
1003 1965 1190 2020 αὑτοῦ
1205 1965 1504 2035 κρατῆσαι
1531 1965 1747 2022 αὐτόν’

219 2037 437 2107 ἔλεγον
454 2037 566 2106 γὰρ
629 2036 722 2089 ὅτι
779 2035 998 2103 ἐξέστη
1015 2055 1071 2107 οῖ»
1101 2038 1242 2102 ποίῃ
1253 2037 1484 2104 διανοίῃ
1501 2039 1614 2104 τὴν
1631 2038 1750 2092 τῶν

216 2106 504 2176 ῥημάτων
532 2107 854 2175 συνθήκην
871 2106 1249 2176 ἁρμόζοντες,
1281 2109 1392 2161 οὐκ
1424 2107 1500 2161 ἂν
1521 2109 1746 2177 εἴημεν

221 2178 442 2248 uappa
477 2177 583 2231 τοῦ
634 2177 1028 2247 saburratae?)
1085 2175 1454 2247 διηγήματος
1521 2194 1745 2248 παρεν-

220 2247 539 2318 ηνεγμένοι
551 2262 574 2312 ;

2261 1807 2590 1875 ρυλεετιυ
2630 1806 2672 1862 L
2711 1806 2820 1880 [αι.
2863 1805 3085 1878 XLIX].

1855 1899 2008 1954 Beati
2037 1899 2212 1971 Marci
2243 1911 2293 1956 et
2323 1900 2674 1971 Erangelirtw
2705 1902 2798 1968 qui
2826 1901 3041 1970 scripsit
3067 1915 3086 1953 :
3115 1919 3138 1971 γ(
3180 1898 3438 1953 Exierunt

1921 1973 2013 2040 qui
2033 1970 2194 2038 juxta
2217 1987 2333 2024 eum
2366 1981 2422 2024 ut
2449 1970 2675 2025 tenerent
2709 1971 2862 2024 illum
2899 1987 2916 2032 ;
2987 1970 3227 2023 dicebant
3252 1972 3388 2023 enim
3416 1984 3436 2023 :

1921 2042 2173 2110 quoniam
2240 2042 2294 2094 in
2353 2042 2588 2111 furorem
2633 2057 2809 2095 versus
2832 2049 2984 2101 estw
3015 2055 3244 2109 quonam
3281 2056 3436 2111 sensu

1920 2107 2199 2164 uerborum
2221 2107 2524 2165 contextum
2548 2122 2814 2180 aptantes,
2850 2127 2952 2164 non
2985 2107 3214 2165 essemus
3251 2107 3436 2180 procul

1918 2183 1984 2235 ab
2017 2181 2321 2252 euangelica
2348 2183 2659 2237 narratione
2685 2182 2942 2236 abducti?

1140 2363 1283 2416 Edita
1304 2379 1332 2414 a
1358 2365 1503 2425 Maio,
1529 2365 1566 2416 l.
1608 2379 1675 2427 c.,
1702 2379 1754 2426 p.
1787 2362 1954 2414 51-65.
1981 2361 2041 2413 In
2065 2361 2212 2414 Marc.
2241 2374 2313 2424 tu,
2333 2361 2414 2413 21.

222 2475 516 2547 Διαφόροις
547 2475 928 2548 κατελάόομεν
961 2475 1023 2530 τὸ
1073 2477 1240 2548 ῥητὸν
1293 2477 1739 2549 ὑποϐαλλόμενον

1917 2475 2159 2529 Diversis
2201 2473 2662 2544 deprehendimus
2695 2470 2825 2526 illud
2864 2471 3073 2526 dictum
3124 2468 3433 2538 subjectum

159 2567 476 2638 ἑρμηνείαις
500 2581 515 2596 ·
551 2566 779 2637 καὶγὰρ
819 2565 996 2618 ἔνεστι
1026 2564 1210 2620 λαϐεῖν
1241 2566 1324 2632 τὸ,
1369 2565 1626 2634 «Ἔλεγον
1661 2565 1744 2618 ὅτι

1856 2567 2391 2636 interpretationibus
2444 2583 2459 2620 :
2514 2567 2712 2621 etenim
2767 2565 2894 2619 licet
2943 2564 3194 2630 accipere
3253 2561 3430 2614 illud:

159 2657 371 2730 ἐξέστη,
413 2676 434 2710 ι
470 2658 561 2712 τὸν
593 2657 988 2728 εὖαγγελιστὴν
1013 2658 1188 2711 εἰπεῖν
1204 2655 1454 2719 ἀντλτοῦ,
1519 2655 1746 2723 Ἔλεγον

1856 2677 1872 2711 ι
1901 2658 2180 2724 Dicebant,
2209 2658 2470 2728 quoniam
2492 2659 2544 2711 in
2567 2656 2805 2711 furorem
2825 2670 3016 2710 versus
3032 2660 3118 2708 est
3135 2671 3154 2704 ι
3173 2651 3242 2706 ab
3267 2663 3438 2706 evan-

157 2751 233 2804 ὃτι
259 2751 565 2821 ἀποστῆναι
590 2751 768 2803 αὐτῶν
788 2748 1060 2820 βούλεται,
1078 2749 1400 2804 καταλιπεῖν
1419 2749 1616 2810 αὐτοὺς
1633 2746 1746 2799 δια-

1856 2753 2041 2825 gelista
2072 2754 2279 2808 dictum
2330 2767 2430 2822 pro
2467 2770 2483 2808 :
2523 2751 2786 2807 Dicebant
2818 2768 2838 2803 ι
2869 2749 3128 2821 quoniam
3151 2747 3438 2804 discedere

159 2845 378 2910 νοεῖται,
422 2842 559 2913 πρὸς
588 2842 809 2914 ἐτέρους
835 2841 1248 2913 μεταχωρῆσαιο
1267 2842 1362 2895 καλ⁹
1383 2841 1587 2911 ταύτης
1621 2855 1746 2891 συν-

1856 2845 1922 2899 ab
1951 2845 2057 2899 illis
2103 2844 2241 2910 vult,
2275 2845 2586 2914 relinquere
2615 2857 2710 2898 eos
2755 2842 3053 2898 meditatur
3089 2847 3150 2894 ιιι
3194 2838 3264 2894 ad
3299 2837 3436 2892 alios

159 2937 352 3008 ήγορον
399 2935 500 3005 τῆς
549 2935 757 2999 ἐννοίας
806 2934 858 2987 oi
931 2933 1141 3004 ταύτης
1191 2933 1597 3003 προεστηκότες
1659 2931 1746 2984 τὸν

1856 2936 2232 3007 transmigret;
2286 2947 2340 2991 et
2370 2935 2534 3005 hujus
2583 2944 2876 3005 patronum
2923 2948 3119 2990 sensus
3167 2931 3260 3002 qui
3308 2945 3433 2986 eum

163 3029 302 3098 ἱερὸν
354 3028 667 3099 παράγουσι
718 3028 972 3082 Λουκᾶνο
1032 3026 1132 3098 τὴν
1186 3026 1296 3097 γὰρ
1351 3025 1524 3097 αὑτήν
1575 3039 1745 3094 φασιν

1856 3027 1970 3084 tuiti
2023 3036 2154 3082 sunt
2209 3035 2458 3082 sanctum
2518 3027 2803 3084 adducunt
2864 3025 3067 3081 Lucam
3116 3043 3129 3079 :
3187 3025 3433 3079 eamdem

165 3120 404 3190 ἱστορίαν
424 3119 787 3190 παραδιδόντα
803 3119 1014 3188 λέγειν·
1042 3137 1062 3172 ι
1090 3118 1260 3172 Καλοὶ
1279 3117 1424 3190 δχλοι
1453 3116 1746 3190 ἐπεζήτουν

1856 3117 1988 3172 enim
2017 3118 2208 3174 dicunt
2237 3119 2522 3174 historiam
2564 3119 2870 3174 tradentem
2906 3116 3009 3172 fari
3048 3133 3061 3170 :
3104 3134 3123 3167 ι
3166 3116 3230 3170 Ει
3259 3115 3434 3171 turba:

165 3207 345 3274 αὑτὸν,
376 3208 476 3261 καὶ
492 3204 657 3279 ἦλθον
677 3209 781 3272 ἓως
814 3208 1004 3276 αὑτοῦ,
1037 3209 1134 3262 καὶ
1167 3210 1419 3278 κατεῖχον
1456 3207 1620 3262 αὑτὸν
1650 3206 1746 3260 τοῦ

1856 3209 2198 3279 requirebant
2225 3227 2375 3274 eum,
2409 3218 2465 3266 et
2497 3218 2766 3266 venerunt
2807 3199 3024 3264 adeum
3054 3216 3109 3264 et
3139 3214 3434 3264 tenuerunt

163 3299 235 3372 μὴ
255 3299 585 3372 πορεύεσθαι
610 3301 705 3354 ἀπ’
725 3301 925 3356 αὒτῶνο
957 3319 976 3353 ι
1015 3300 1141 3354 οἱδέ
1173 3301 1266 3354 καὶ
1325 3300 1579 3371 διάφορον
1612 3300 1742 3353 ἀπο-

1856 3318 1974 3358 eum
1992 3319 2084 3362 .ne
2111 3303 2417 3359 discederet
2445 3303 2515 3357 ab
2543 3279 2627 3358 eis
2655 3303 2736 3370 ⁸³;
2777 3321 2795 3354 ι
2833 3302 2924 3372 qui
2958 3309 3138 3356 autem
3167 3313 3221 3356 et
3251 3300 3432 3355 diver-

163 3391 444 3460 φαίνοντες
493 3393 594 3464 τὴν
642 3392 886 3464 ἱστορίαν
923 3393 990 3463 ἦν
1015 3395 1043 3446 δ
1077 3391 1370 3456 Θεσπέσιος
1435 3393 1746 3464 ἀναγράφει

1856 3411 1964 3450 sam
1993 3395 2351 3466 pronuntiant
2395 3396 2680 3450 historiam
2715 3409 2876 3466 quam
2903 3393 3166 3448 divinitus
3196 3393 3429 3462 loquens

165 3484 373 3548 Λωκᾱς
439 3485 574 3557 πρὸς
629 3486 698 3555 ἣν
759 3488 788 3539 δ
823 3485 968 3549 θεῖος
1019 3484 1354 3555 ἀπαγγέλλει
1393 3485 1639 3556 Μάρκος,
1666 3487 1748 3548 εἱς

165 3566 346 3644 ἐτέρας
369 3575 673 3644 σαφηνείας
685 3574 916 3647 ζήτησιν
945 3575 1227 3647 μετῆλθονο
1258 3580 1352 3628 καὶ
1381 3577 1491 3648 γάρ
1547 3591 1743 3646 φασιν·

167 3663 430 3720 Ἐνταῦθα
466 3666 568 3738 μὲν
614 3668 672 3721 ἐν
699 3667 848 3738 οἰκίᾳ
869 3684 929 3720 τε
972 3662 1041 3738 ἦν
1067 3667 1096 3720 ό
1145 3665 1374 3737 Ἰησοῦς,
1406 3666 1502 3720 καὶ
1531 3667 1692 3730 αὐτὸς
1719 3668 1749 3720 ό

168 3757 451 3827 μανθάνων
517 3759 590 3812 τά
652 3758 772 3812 θεῖα
811 3759 906 3812 καὶ
937 3759 1373 3831 θεραπευόμενος
1429 3757 1604 3829 ὀχλος,
1653 3760 1748 3811 καὶ

165 3849 280 3904 οὐδὲ
304 3853 504 3920 φαγεῖν
533 3852 701 3923 ἄρτον
734 3853 801 3922 τῇ
830 3851 1084 3922 συνεχείᾳ
1118 3851 1222 3920 τῆς
1252 3850 1524 3922 ὀχλήσεως
1553 3851 1748 3923 παρεὶ-

166 3957 314 4012 χσντο
337 3942 567 4013 καιρόν·
605 3942 700 3996 καὶ
744 3943 797 3994 οἱ
857 3942 990 4014 παρ’
1021 3938 1188 3995 αὐτοῦ
1233 3940 1458 4011 ἐξῆλθον
1477 3943 1747 4012 κρατῆσαι

167 4033 343 4097 αὐτὸν,
369 4033 468 4088 καὶ
492 4033 738 4098 ἐλθόντες
753 4033 857 4099 ἕως
877 4031 1069 4098 αὐτοῦ,
1087 4033 1341 4104 κατεῖχον
1369 4033 1533 4086 αὑτὸν
1547 4031 1641 4085 τοῦ
1671 4032 1746 4103 μὴ

169 4125 493 4196 πορεύεσθαι
512 4127 606 4181 ἀπ’
629 4125 808 4179 αὐτῶν
832 4142 846 4156 ο
876 4125 976 4196 τῆς
989 4121 1084 4180 οῦν
1120 4125 1362 4195 ἱστορίας
1394 4126 1528 4194 φασὶ
1549 4125 1608 4178 τὸ
1627 4124 1746 4178 διά·

169 4233 329 4288 φορον
344 4217 545 4289 ἐχοῦση
558 4217 719 4281 ς,πῶς
729 4217 796 4271 ἂν
812 4217 896 4288 είη
911 4217 1090 4286 λέγειν
1107 4217 1347 4288 περὶτῆς
1359 4218 1531 4286 αὐτῆς
1549 4216 1746 4270 61:005.-

172 4324 301 4373 σεως
315 4307 998 4379 ἑκάτερονδιαλαμῦάνειη
1017 4308 1133 4362 ἀλλῖ
1146 4308 1293 4362 ἔστιν
1307 4310 1481 4362 εἰπεῖν
1501 4309 1636 4380 πρὸς
1652 4309 1748 4362 αὑ-

171 4401 312 4466 τοὺς,
331 4401 407 4466 ὡς
430 4401 588 4454 είκάἳ
600 4383 855 4472 διάφορος
877 4402 910 4472 ἡ
935 4401 1168 4472 ἱστορία,
1199 4400 1316 4456 ἀλλ’
1343 4400 1746 4454 ἐκκαλύπτεται

175 4495 261 4545 καὶ
274 4492 611 4566 ἀνακαθαὶρε
619 4511 706 4548 ται
721 4495 854 4566 πρὸς
867 4495 1081 4566 εὐκρίνε
1092 4513 1174 4549 ιαν
1185 4495 1274 4550 διὰ
1286 4496 1747 4567 τῆςόμολογουμέ-

174 4600 263 4653 νης
283 4587 316 4654 ἡ
339 4585 639 4656 ἀμφίϐολος
662 4602 678 4617 ·
701 4586 968 4657 δηλούσης
989 4588 1206 4657 ἐκείνης
1219 4587 1283 4640 τὸ
1303 4588 1628 4658 κατέχεσθαι
1651 4589 1742 4643 καὶ

1845 3487 2106 3543 describit
2158 3487 2340 3544 Lucas
2393 3486 2463 3542 ab
2519 3501 2582 3542 ea
2634 3501 2796 3557 quam
2857 3485 3078 3540 divinus
3142 3483 3432 3538 annuntiat

1846 3579 2100 3645 Marcus,
2158 3581 2215 3636 in
2272 3580 2499 3636 alterius
2565 3578 2949 3634 elucidationis
3015 3578 3426 3650 inquisitionem

1850 3673 2205 3727 transierunt.
2242 3672 2458 3727 Etenim
2510 3671 2701 3727 dicunt
2735 3691 2748 3728 :
2780 3671 2882 3727 ilic
2915 3668 3136 3740 quidem
3171 3670 3224 3724 in
3263 3669 3430 3725 domo
3530 3686 3534 3692 '

1846 3773 1965 3820 erat
1988 3763 2173 3830 Jesus,
2205 3773 2260 3820 et
2312 3765 2426 3836 ipse
2457 3765 2676 3820 discens
2703 3762 2887 3818 divina
2925 3772 2980 3818 et
3015 3773 3204 3818 curata
3247 3763 3426 3829 turba,

1849 3864 1900 3912 et
1931 3872 2112 3927 neque
2141 3856 2504 3912 manducandi
2540 3871 2738 3927 panem
2768 3871 2878 3926 prae
2905 3855 3268 3910 continuitate
3310 3871 3429 3910 meo

1850 3945 2020 4002 testia:
2077 3947 2392 4018 praebebant
2433 3945 2899 4016 opportunitatem
2960 3959 2975 3998 :
3027 3953 3082 3998 et
3131 3945 3224 4014 qui
3271 3943 3429 4014 juxta

1850 4039 2000 4093 illum
2031 4039 2286 4093 exierunt
2320 4048 2379 4094 ut
2424 4046 2672 4094 tenerent
2699 4052 2848 4102 eum,
2890 4047 2945 4091 et
2994 4051 3118 4091 eum
3151 4037 3430 4090 venissent

1849 4146 2026 4201 usque
2077 4132 2143 4185 ad
2190 4145 2338 4197 eum,
2372 4130 2690 4187 detinebant
2720 4129 2870 4184 illum
2902 4145 2972 4185 ne
3019 4129 3325 4184 discederet
3361 4132 3429 4184 ab

1850 4221 1985 4291 ipsis
2019 4237 2033 4276 :
2071 4222 2390 4277 narratione
2423 4221 2610 4292 igitur,
2639 4221 2815 4284 aiunt,
2850 4219 3143 4277 discrimen
3174 4219 3428 4284 habente,

1849 4314 2127 4385 quomodo
2183 4313 2382 4384 poterit
2410 4313 2516 4368 dici
2559 4313 2626 4367 de
2654 4313 2843 4366 eadem
2879 4310 3106 4366 materia
3139 4320 3431 4380 utrumque

1847 4406 2038 4478 agere?
2059 4403 2165 4460 Sed
2186 4413 2363 4476 potest
2380 4403 2485 4459 dici
2517 4403 2582 4458 ad
2606 4405 2774 4473 ipsos,
2802 4403 2906 4458 etsi
2935 4403 3149 4457 diversa
3172 4402 3426 4465 historia,

1849 4507 2031 4553 tamen
2083 4497 2314 4551 revelari
2353 4505 2408 4550 et
2448 4495 2714 4550 declarari
2754 4494 2822 4550 ad
2862 4493 3074 4549 facilem
3126 4495 3431 4564 intelligen-

1851 4592 1978 4645 tiam
2017 4602 2114 4659 per
2135 4587 2480 4643 manifesmm
2512 4602 2634 4642 eam
2666 4602 2786 4657 qua:
2813 4587 3070 4656 ambigua
3102 4585 3210 4639 sit:
3245 4596 3430 4640 osten-

174 4678 482 4745 κρατεῖσθαι
527 4677 613 4746 ἐφ’
648 4671 691 4746 ᾧ
729 4697 787 4732 τε
823 4680 1048 4748 ἐγίνετο,
1083 4681 1173 4733 καὶ
1202 4681 1283 4733 ὅτι
1306 4681 1381 4752 μὴ
1411 4681 1745 4750 ἀφίστασθαι

1856 4680 2012 4735 dente
2049 4679 2140 4733 illa
2192 4678 2423 4734 detineri
2453 4685 2509 4732 et
2553 4675 2722 4731 teneri
2762 4676 2815 4730 in
2855 4689 2964 4746 quo
2996 4683 3114 4729 erat
3148 4672 3342 4746 [loco],
3375 4683 3430 4729 et

175 4766 345 4820 αὐτῶν
391 4768 488 4821 καλ⁵
531 4768 864 4840 ἀποχωρεῖν,
908 4770 1000 4822 καὶ
1029 4769 1112 4822 ὅτι
1138 4769 1429 4833 ποθοῦντες
1460 4771 1626 4823 αὑτοῦ
1645 4772 1743 4844 τὴν

174 4854 480 4913 διδάσκαλον
519 4859 757 4931 ὁμιλίαν,
782 4862 876 4914 καὶ
909 4863 977 4933 τῇ
1022 4861 1131 4914 τῶν
1183 4861 1501 4932 θαυμασίων
1566 4861 1743 4932 ἔργων

179 4940 540 5020 ἐντρυφῶντες
594 4950 914 5014 ἀπολαύσει,
966 4953 1222 5006 ἐπενόουν
1247 4951 1345 5024 τὴν
1368 4953 1698 5024 κατάσχεσιν
1723 4971 1738 4987 ο

179 5041 265 5093 καὶ
299 5042 409 5114 γὰρ
438 5042 702 5106 πολλάκις
756 5043 1133 5113 κατελίμπανε
1177 5042 1329 5095 τόνδε
1379 5041 1472 5095 τὸν
1522 5043 1746 5114 χῶρονὸ

179 5131 548 5205 φιλάνθρωπος
586 5134 818 5205 Ἰησοῦς,
853 5135 944 5188 καὶ
976 5136 1102 5199 τοὺς
1129 5133 1474 5205 διοχλοῦντας
1497 5137 1555 5188 ἐν
1601 5137 1750 5208 αὐτῷ

180 5223 279 5276 τῶν
291 5224 463 5297 δχλων
488 5227 566 5291 εἱς
591 5227 814 5296 ἐτέρους
829 5226 926 5299 τὴν
938 5227 1046 5280 ἀπὺ
1067 5226 1414 5292 διδασκαλίας
1443 5233 1536 5282 καὶ
1558 5229 1751 5302 θεουρ-

183 5314 296 5382 γίας
315 5318 563 5387 μετάγων
596 5319 872 5390 σωτηρίαν
894 5333 907 5348 ·
937 5314 1238 5392 πλῂνοῦτοι
1257 5321 1320 5372 τὺ
1350 5321 1446 5391 μὲν
1473 5321 1750 5391 κρατῆσαι

183 5410 353 5476 αὑτὸν,
374 5413 453 5474 εἱς
477 5412 538 5464 τὸ
574 5431 592 5464 ι
627 5413 875 5483 ἐπισχεῖν
917 5413 1079 5466 αὑτὸν
1119 5412 1212 5465 τοῦ
1236 5412 1415 5482 λέγειν
1449 5413 1544 5466 καὶ
1606 5412 1753 5466 διδά-

186 5509 354 5551 σκεινι
373 5501 898 5571 μεταλαμϐάνουσιν
915 5500 973 5553 τὸ
987 5500 1061 5565 δέ,
1085 5499 1327 5570 «ἐξέστη,
1341 5520 1358 5550 ι
1383 5501 1518 5572 πρὸς
1535 5500 1631 5572 τὴν
1645 5501 1750 5554 τῶν

186 5590 418 5656 φυσικῶν
472 5593 754 5665 δυνάμεων
812 5595 905 5648 καὶ
932 5593 1035 5665 τῆς
1058 5591 1411 5664 καθεστώσης
1431 5592 1747 5659 διαθέσεως,

257 5745 300 5780 ⁸⁸
340 5747 471 5807 Luc.
528 5767 600 5819 tv,
634 5751 722 5806 42.

1853 4786 1919 4824 ne
1947 4769 2235 4826 desisteret
2273 4768 2341 4823 ab
2369 4768 2448 4823 eis
2481 4779 2534 4822 et
2560 4765 2862 4830 recederet,
2901 4775 2956 4820 et
2979 4765 3429 4834 concupiscentes

1851 4860 2028 4929 ipsius
2077 4859 2398 4928 magistram
2445 4857 2942 4921 conversationem,
2991 4865 3047 4909 et
3097 4855 3427 4909 mirabilinm

1850 4968 2073 5024 operum
2126 4953 2456 5006 delectantes
2503 4949 2762 5004 fruitione
2798 4948 2941 5021 [eos]
2979 4947 3270 5002 meditatos
3306 4961 3431 5002 esse

1849 5043 2016 5116 [ejus]
2063 5043 2431 5099 detentionem
2459 5060 2470 5095 :
2499 5041 2701 5096 etenim
2732 5055 2874 5111 saepe
2906 5040 3248 5110 relinquebat
3284 5041 3428 5094 hunc

1849 5136 2025 5190 locum
2080 5143 2290 5188 amator
2337 5133 2619 5187 hominum
2661 5131 2822 5188 Jesus
2869 5139 2924 5187 et
2955 5131 3184 5186 moleste
3214 5130 3428 5184 incum-

1850 5227 2040 5280 bentes
2101 5227 2154 5279 in
2189 5241 2253 5280 eo
2285 5225 2352 5280 de
2393 5225 2594 5290 turbis,
2631 5224 2682 5279 in
2714 5225 2850 5280 alios
2879 5238 3000 5279 eam
3034 5221 3202 5296 [qum]
3244 5237 3274 5276 a
3324 5222 3428 5277 do-

1849 5319 2024 5374 ctrina
2079 5327 2132 5374 et
2169 5318 2349 5374 divina
2401 5320 2715 5388 operatione
2759 5316 2918 5390 [erat]
2968 5316 3306 5396 transierens
3337 5330 3428 5371 sa-

1851 5412 2017 5466 lutem
2054 5429 2069 5466 :
2102 5421 2337 5466 attamen
2391 5411 2444 5466 hi
2500 5411 2628 5466 illud
2665 5431 2683 5461 ‹
2723 5421 2781 5464 ιιι
2816 5419 3064 5464 tenerent
3107 5424 3232 5464 eum
3271 5426 3290 5458 ι
3329 5423 3426 5477 pro

1856 5523 1874 5556 ι
1913 5504 2164 5558 cohibere
2191 5520 2314 5559 eum
2349 5521 2376 5558 a
2401 5505 2632 5558 dicendo
2687 5513 2741 5558 ct
2792 5503 3038 5558 docendo
3089 5521 3106 5554 ι
3155 5509 3372 5556 vertunt
3409 5514 3422 5551 :

1850 5593 1984 5648 illud
2034 5603 2214 5676 autem
2252 5614 2269 5646 ι
2314 5595 2369 5650 in
2419 5591 2657 5650 furorem
2688 5607 2880 5648 versus
2921 5601 3007 5648 est
3049 5611 3067 5642 ›
3107 5591 3172 5645 ad
3203 5599 3426 5645 natura-
