3884 6202
404 268 510 330 379
1558 259 1820 322 PlIOTlI
1850 259 1990 318 PAT

2102 257 2355 317 lRCHE
2393 257 2502 318 ΟΡ.
3553 255 3662 318 380

407 379 538 432 lium
589 379 784 432 virium
817 375 1230 431 ctdemitteutis
1262 391 1322 432 se
1367 375 1760 447 dispositionis,
1808 389 1970 445 quam

2102 372 2151 443 ἦν
2169 375 2218 426 οἱ
2250 371 2408 426 κόποι
2443 369 2724 442 προξενεῖν
2774 367 3026 422 εἰώθασιν
3082 363 3360 431 ἔκστασιν,
3397 368 3663 437 τοιαύτην

410 471 622 524 labores
647 464 842 523 all‘erre
869 467 1048 524 solent
1081 469 1369 534 exstasiut,
1402 468 1541 522 hanc
1579 467 1984 539 interpretatio-

411 576 534 615 nem
588 559 869 614 adducunt
915 578 928 613 :
971 559 1328 613 diuturnitate
1365 562 1514 612 aiunt
1547 565 1600 612 et
1629 558 1984 614 conlinuitate

409 651 672 706 doctrinae
722 650 983 718 putabant
1013 650 1106 720 qui
1130 649 1285 718 juxta
1318 649 1494 718 ipsum
1545 647 1744 722 [erant]
1795 649 1847 704 in
1883 649 1984 703 im-

412 756 662 796 mensum
715 741 1008 795 offendisse
1057 741 1320 804 laborem,
1377 739 1476 812 [et]
1536 741 1714 794 vitalis
1765 739 1877 795 toni
1931 749 1986 795 et

417 833 670 903 ingenita:
702 833 920 888 virtutis
968 833 1019 886 id
1051 824 1308 888 exstasim
1348 843 1402 887 et
1445 833 1814 887 inﬁrmitatem
1850 833 1985 887 inci-

410 924 558 978 disse
594 941 608 977 :
638 921 781 992 quod
805 922 952 976 enim
985 920 1060 974 illi
1113 920 1321 991 experti
1358 920 1499 974 forte
1528 929 1683 974 erant
1730 933 1985 990 perseve-

411 1015 585 1068 rantia
637 1025 690 1067 et
719 1011 940 1081 perenni
972 1010 1267 1064 auditionis
1313 1025 1377 1064 ac
1421 1008 1790 1063 multitudinis
1837 1022 1986 1061 eom-

411 1103 693 1172 prcssione
709 1111 760 1156 et
778 1100 1033 1164 tumultu,
1064 1099 1118 1153 id
1137 1109 1415 1176 expertum
1447 1114 1567 1154 esse
1585 1106 1638 1152 et
1667 1097 1982 1162 magistrum

413 1194 831 1264 suspicabantur
881 1207 896 1245 :
953 1192 1074 1247 ideo
1121 1201 1175 1246 et
1221 1192 1314 1261 qui
1359 1191 1513 1261 juxta
1562 1190 1710 1244 illum
1759 1186 1982 1260 [erant].

414 1289 586 1351 aiunt,
628 1288 679 1342 id
729 1295 832 1354 est,
871 1287 960 1356 qui
1011 1286 1075 1340 ad
1131 1285 1308 1355 ipsum
1367 1284 1688 1338 familiarius
1731 1281 1981 1352 dispositi

415 1380 636 1453 [erant],
665 1382 916 1438 exierunt
944 1389 1004 1435 ut
1047 1379 1352 1434 detinerent
1397 1379 1708 1448 cumquasi
1757 1377 1979 1431 multum

414 1474 533 1542 ejus
588 1489 774 1528 curam
823 1481 1042 1544 agentes
1091 1482 1149 1527 ut
1204 1471 1595 1541 providentiam
1645 1469 1984 1524 remissionis

413 1563 534 1631 ejus
563 1572 616 1616 et
655 1562 899 1615 laborum
951 1559 1390 1624 intermissionis,
1451 1567 1512 1613 ut
1563 1573 1593 1611 a
1645 1555 1985 1609 multitudine

416 1653 676 1723 magistro
705 1653 901 1718 diviso,
954 1653 1134 1708 cibum
1193 1662 1246 1706 et
1291 1653 1392 1705 alia
1449 1649 1757 1706 necessaria
1787 1647 1984 1717 quibus

414 1721 614 1813 corpus
653 1758 683 1797 a
731 1743 1008 1798 laboribus
1051 1742 1299 1808 solvitur,
1350 1741 1698 1812 praeberent:
1739 1737 1988 1792 exierunt
2021 1721 2057 1771 ιῖ

419 1848 601 1890 autem
641 1835 776 1890 forte
803 1850 834 1890 e
866 1834 1099 1904 quodam
1130 1843 1254 1902 apto
1276 1834 1342 1887 ad
1369 1833 1603 1903 quietem
1633 1839 1688 1884 et
1716 1827 1988 1898 tranquil-

421 1928 622 1981 litatem
649 1926 790 1992 loco,
825 1928 890 1979 ad
926 1940 1085 1994 quem
1139 1924 1348 1978 ivi-rant
1381 1924 1592 1990 scipsos
1637 1918 1933 1975 recreaturi
1969 1932 1983 1968 :

419 2019 557 2073 alter
597 2019 759 2087 igitur
790 2033 969 2072 sermo
1003 2032 1032 2070 a
1066 2017 1244 2086 priore
1282 2032 1390 2070 non
1425 2015 1634 2086 positus
1667 2012 1745 2066 sic
1780 2012 1986 2066 discer-

421 2111 500 2164 nit
537 2109 908 2180 evangelicum
941 2108 1244 2163 oraculum.

494 2286 635 2341 Sunt
680 2299 812 2359 vero
845 2283 936 2354 qui
988 2282 1053 2338 ad
1087 2281 1394 2338 ludat-orum
1431 2281 1751 2351 pravitatem
1790 2287 1840 2334 et
1872 2278 1989 2334 bla-

420 2377 708 2447 spltemum
733 2386 786 2430 et
810 2374 1265 2444 indisciplinatum
1302 2373 1592 2445 [habitum]
1618 2373 1987 2443 respicientes,

422 2465 580 2528 illud,
613 2484 631 2516 ι
659 2466 709 2518 in
741 2463 976 2518 lurorem
1001 2478 1190 2518 versus
1211 2474 1347 2526 est,»
1369 2463 1521 2530 juxta
1535 2463 1868 2532 propositum
1889 2477 1956 2515 an
1974 2491 1989 2500 -

420 2555 610 2618 diunt.
663 2556 712 2610 id
770 2563 888 2616 est.
963 2555 1163 2608 mentis
1221 2569 1504 2607 excessum
1567 2552 1752 2605 habuit
1795 2560 1849 2606 et
1897 2550 1991 2604 de-

421 2643 544 2699 vius
588 2658 618 2696 a
651 2641 947 2697 constituto
993 2640 1165 2694 factus
1203 2651 1281 2695 εει
1321 2658 1334 2693 :
1371 2640 1570 2693 ctenim
1632 2640 1736 2692 tale
1774 2638 1990 2694 Iudaeo-

423 2751 543 2790 rum
599 2733 780 2790 odium
833 2733 886 2787 in
943 2731 1261 2798 Christum,
1316 2740 1376 2784 ttt
1429 2745 1620 2785 omnes
1669 2729 1898 2800 injurias
1939 2739 1988 2783 et

423 2823 726 2880 calumnias
765 2824 970 2894 tingere
1014 2829 1204 2877 contra
1260 2821 1596 2875 Salvatorem
1642 2835 1749 2874 non
1804 2821 1988 2876 horre-

423 2924 544 2970 rent
574 2934 588 2969 :
621 2914 820 2968 etenim
852 2913 1054 2967 invidia
1088 2915 1309 2968 omnino
1342 2923 1392 2967 et
1425 2913 1540 2966 zelo
1569 2911 1812 2966 furentes
1845 2912 1992 2966 etab

427 3005 824 3061 insanientibus
856 3005 992 3058 nihil
1017 3005 1412 3073 discrepantes,
1441 3011 1495 3056 et
1519 3017 1577 3056 re
1605 3017 1726 3055 vera
1769 3001 1993 3071 ingeniti

2083 458 2378 531 ἑρμηνείαν
2401 459 2754 529 προσάγουσι.
2777 449 2868 524 Tt?)
2892 453 3091 524 χρόνῳ,
3113 446 3270 522 φασὶ,
3305 452 3400 506 καὶ
3425 455 3494 524 τῇ
3528 467 3662 505 συνο

2085 550 2236 621 εχείᾳ.
2269 551 2366 619 τῆς
2441 547 2792 612 διδασκαλίας
2859 544 3110 616 ἐνόμιζον
3170 545 3219 598 οἱ
3287 546 3418 617 παρ’
3489 541 3662 599 αὑτοῦ

2084 644 2164 706 εἰς
2230 641 2470 713 ἄμετρον
2550 640 2962 709 καταντήσαντα
3031 631 3199 689 κόπον
3225 675 3240 700 ,
3331 634 3426 688 τοῦ
3477 635 3611 698 Cum
3637 667 3666 678 ο

2084 731 2182 786 κοῦ
2237 731 2394 784 τόνου
2454 731 2550 784 καὶ
2609 729 2710 799 τῆς
2759 729 3005 798 ἐμφύτου
3083 728 3367 798 δυνάμεως
3423 729 3503 790 είς
3573 727 3666 780 ἐκ-

2087 822 2273 876 στασίν
2327 839 2386 874 τε
2469 821 2563 875 καὶ
2641 820 2926 874 ἀσθένειαν
2975 821 3271 889 ἐμπεσεῖν’
3354 820 3494 891 ὅπερ
3554 821 3665 890 γὰρ

2085 915 2283 966 ἐκεῖνοι
2349 912 2676 975 πεπονθότες
2737 912 2868 974 ἴσως
2942 910 3240 979 ἐτύγχανον
3299 914 3366 982 τῇ
3421 913 3660 980 ἐπιμονῇ

2086 1005 2180 1058 καὶ
2233 1003 2312 1074 τῷ
2358 1004 2569 1074 ἀεννάῳ
2611 1004 2712 1072 τῆς
2765 1002 3081 1074 ἀκροάσεως
3135 1003 3228 1056 καὶ
3276 1005 3344 1072 τῇ
3386 1001 3480 1053 τοῦ
3529 1002 3668 1069 πλή-

2088 1095 2212 1157 θους
2282 1095 2581 1164 συνωθήσει
2632 1095 2727 1146 καὶ
2772 1093 2851 1164 τῷ
2901 1093 3134 1162 θορύϐῳ,
3170 1091 3328 1145 τοῦτο
3355 1092 3546 1144 παθεῖν
3573 1090 3671 1144 καὶ

2085 1186 2175 1239 τὸν
2203 1185 2519 1239 διδάσκαλον
2566 1183 2940 1246 ύπετόπαζονο
2980 1185 3175 1236 διὸκαὶ
3221 1184 3269 1235 οἱ
3330 1182 3460 1252 παρ’
3499 1180 3668 1234 αὑτοῦ

2087 1295 2271 1346 φασιν,
2313 1276 2590 1330 τουτέστιν
2640 1276 2690 1329 οί
2732 1275 2868 1346 πρὸς
2892 1275 3054 1327 αὑτὸν
3079 1273 3408 1342 οἰκειότερον
3459 1272 3671 1324 διακεί-

2090 1381 2272 1434 μενοι⁶
2311 1364 2564 1434 Ἐξῆλθον
2609 1366 2902 1433 κατασχεῖν
2930 1363 3090 1416 αὑτὸν
3128 1363 3203 1425 ὡς
3265 1361 3464 1431 πολλὴν
3503 1359 3672 1413 αὑτοῦ

2084 1455 2183 1526 τὴν
2224 1455 2548 1526 κηδεμονίαν
2601 1454 2813 1523 ἔχοντες
2843 1457 2936 1508 καὶ
2962 1455 3217 1524 πρόνοιαν
3275 1455 3372 1522 τῆς
3432 1451 3674 1514 ἀνέσεως

2086 1545 2248 1600 αὑτοῦ
2289 1545 2382 1598 καὶ
2430 1545 2529 1613 τῆς
2593 1545 2699 1597 τῶν
2755 1545 2940 1597 κιῐπων
2974 1544 3293 1608 διαλύσεως,
3331 1544 3404 1606 ὠς
3452 1543 3520 1595 ἂν
3573 1538 3671 1593 τοῦ

2089 1633 2324 1705 πλήθους
2353 1634 2444 1688 τὸν
2471 1634 2789 1688 διδάσκαλον
2820 1634 3230 1704 διαστήσαντες,
3257 1635 3464 1706 τροφῆς
3480 1650 3543 1685 τε
3578 1631 3675 1683 καὶ

2090 1726 2185 1796 τῆς
2237 1725 2402 1796 ἄλλης
2463 1727 2806 1796 ἐπιμελείας,
2838 1727 2905 1780 δι’
2953 1721 3028 1781 ὧν
3075 1727 3136 1780 τὸ
3191 1726 3348 1797 σῶμα
3407 1725 3676 1795 καμάτων

2095 1817 2532 1879 ἀπαλλάττεται,
2583 1816 2985 1887 μεταδώσουσιν
3006 1834 3020 1848 ο
3054 1817 3278 1886 ἐξῆλθον
3323 1815 3378 1869 δὲ
3409 1815 3543 1878 ἴσως
3569 1812 3678 1866 ἀπό

2092 1925 2208 1959 τινο
2219 1926 2235 1969 ;
2252 1907 2555 1976 ἐπιτηδείου
2574 1909 2710 1977 πρὸς
2727 1909 3143 1961 ἀνάπαυσινκαὶ
3160 1907 3388 1979 ἡσυχίαν
3406 1907 3596 1967 τόπου,
3618 1909 3679 1958 ἐν

2094 1993 2138 2067 ᾧ
2184 2000 2426 2070 ἀπῆλθον
2472 2001 2699 2065 ἑαυτοὺς
2722 2002 3161 2073 ἀνακτήσασθαι·
3195 2004 3222 2054 ό
3247 2002 3346 2070 μὲν
3374 1997 3468 2053 οὖν
3492 1998 3680 2054 δεύτε-

2097 2111 2186 2164 ρος
2219 2093 2374 2162 λόγος
2401 2093 2479 2164 τῷ
2503 2096 2759 2166 προτέρῳ
2805 2095 2882 2166 μὴ
2911 2094 3212 2165 τιθέμενος,
3259 2092 3403 2147 οῦτω
3424 2089 3680 2164 βούλεται

2094 2186 2416 2259 διευκρινεῖν
2435 2187 2496 2240 τὸ
2524 2187 2877 2258 εύαγγελικὸν
2909 2188 3108 2256 λόγιον.

2167 2279 2287 2331 Ela‘t
2312 2279 2369 2332 δέ
2393 2280 2444 2332 οἳ
2467 2279 2602 2348 πρὸς
2616 2281 2714 2349 τὴν
2743 2279 2851 2334 τῶν
2867 2279 3132 2332 Ἰουδαίων
3159 2277 3463 2350 μοχθηρίαν
3487 2279 3584 2332 καὶ
3615 2278 3684 2331 τὸ

2101 2371 2420 2441 βλάσφημόν
2470 2388 2528 2423 τε
2589 2371 2684 2424 καὶ
2741 2371 3071 2442 κακόσχολον
3129 2372 3537 2441 ἀποϐλέψαντες
3592 2370 3681 2435 τὸ,

2107 2483 2125 2515 ι
2154 2463 2367 2535 ἐξέστη,
2399 2482 2416 2514 ›
2443 2464 2582 2517 κατά
2608 2463 2666 2516 τὸ
2693 2465 2980 2535 πρόχειρον
3027 2463 3364 2528 ἐξακούουσι,
3406 2461 3681 2526 τουτέστι,

2098 2557 2208 2610 τῶν
2241 2556 2449 2626 φρενῶν
2473 2557 2726 2609 ἔκστασιν
2752 2555 2877 2626 ἔσχε
2909 2557 3004 2609 καὶ
3033 2556 3348 2627 παράφορος
3401 2553 3499 2607 τοῦ
3552 2553 3688 2606 καθ-

2100 2647 2332 2711 εστῶτος
2360 2646 2572 2715 ἐγένετο
2591 2659 2605 2677 ⁵
2635 2647 2722 2702 καὶ
2755 2647 2864 2716 γάρ
2884 2645 3121 2699 τοιοῦτον
3169 2647 3275 2700 τῶν
3319 2646 3592 2699 Ἰουδαίων
3617 2645 3686 2697 τὸ

2103 2738 2471 2808 μισόχριστον,
2524 2737 2700 2800 πάσας
2721 2736 2905 2809 ὕϐρεις
2928 2739 3021 2790 καὶ
3041 2736 3294 2799 διαϐολὰς
3312 2735 3688 2790 ἀναπλάττειν

2100 2828 2242 2882 κατά
2273 2828 2366 2880 τοῦ
2393 2828 2642 2900 Σωτῆρος
2671 2829 2730 2882 ού
2761 2830 3072 2900 φρίττοντες
3090 2843 3105 2856 °
3144 2829 3222 2898 τῷ
3248 2829 3358 2897 γὶιρ
3387 2825 3570 2896 φθόνῳ
3594 2825 3689 2877 διὰ

2101 2920 2302 2983 παντὸς
2323 2921 2416 2974 καὶ
2436 2923 2501 2990 τῇ
2534 2920 2803 2992 βασκανίᾳ
2833 2920 3298 2990 ἀνοιστρούμενοι,
3349 2918 3445 2971 καὶ
3503 2932 3707 2986 μεμη-ξ

2103 3012 2272 3066 νότων
2316 3012 2469 3066 ούδέν
2521 3012 2890 3082 διαφέροντες,
2938 3012 3034 3066 καὶ
3075 3012 3150 3075 ὡς
3206 3009 3420 3081 άληθῶς
3465 3007 3559 3060 τοῦ
3586 3008 3694 3078 ἐμ-

421 3098 614 3169 judicii
648 3112 918 3152 summam
968 3095 1115 3166 passi
1147 3097 1428 3156 exstasim.
1480 3095 1755 3164 propriam
1787 3094 1996 3163 passio--

2104 3103 2272 3174 φύτου
2304 3105 2587 3175 κριτηρίου
2618 3104 2713 3174 τὴν
2736 3105 2975 3173 ἐσχάτην
3021 3103 3355 3163 ὑποστάντες
3399 3100 3688 3161 ἔκστασιν,

426 3204 550 3244 nem
595 3185 987 3259 [affectionem]
1037 3187 1092 3240 in
1145 3200 1271 3240 eum
1320 3187 1413 3256 qui
1476 3187 1679 3242 multos
1725 3201 1756 3240 a
1804 3185 2000 3242 talibus

427 3279 636 3334 morbis
695 3278 1039 3342 liberaverat,
1073 3276 1389 3346 rejiciebant
1422 3292 1434 3328 :
1471 3277 1570 3344 ipsi
1616 3277 1786 3340 enim,
1818 3277 2000 3331 divina

429 3370 699 3442 operanti,
736 3385 856 3438 quae
889 3384 1052 3438 super
1087 3383 1395 3424 sermonem
1425 3378 1480 3423 ct
1509 3370 1916 3436 cogitationem,
1948 3369 2002 3424 id

429 3463 577 3533 quod
614 3476 808 3517 contra
839 3460 1002 3516 Deum
1037 3470 1117 3516 est
1147 3460 1499 3532 ituputantes,
1530 3461 1672 3529 quod
1703 3459 2000 3515 Sabbatum

429 3557 574 3612 diem
628 3557 824 3611 salutis
872 3565 925 3610 et
960 3555 1352 3610 miraculorum
1409 3556 1606 3612 festum
1655 3554 2005 3612 demonstra-

430 3657 535 3712 ret,
575 3659 629 3704 et
675 3649 978 3702 dzemonum
1017 3648 1185 3702 verbo
1221 3648 1534 3718 figmentum
1569 3648 1814 3703 videntes
1849 3647 2004 3702 aufe-

430 3753 664 3805 rentem,
719 3743 772 3796 in
814 3741 1056 3812 principe
1109 3741 1503 3796 daemoniorum
1564 3742 2005 3811 blasphemantes

433 3832 612 3904 ipsum
646 3833 844 3900 ejicere
888 3831 1176 3897 dannonia,
1219 3848 1327 3887 non
1367 3833 1758 3888 continentiam
1812 3839 1866 3886 et
1909 3847 2006 3901 pa-

437 3923 680 3977 tientiam
710 3923 955 3978 docentis
982 3932 1035 3978 et
1068 3924 1312 3978 curantis
1342 3925 1531 3979 turbas
1566 3940 1672 3978 non
1699 3923 1865 3978 modo
1898 3938 2004 3976 non

436 4013 704 4069 ducebant
731 4013 907 4068 audax
933 4015 1129 4068 mentis
1159 4016 1417 4071 exstasim
1460 4014 1772 4068 insimulare
1811 4023 1864 4068 et
1892 4013 2008 4066 bla-

437 4108 785 4177 Sphcmorum
840 4105 1130 4160 verbmum
1181 4115 1342 4162 testes
1369 4107 1584 4172 facere,
1633 4106 1898 4160 violentas
1949 4107 2005 4160 in

437 4214 559 4251 emn
590 4207 644 4251 et
676 4199 912 4250 audaces
937 4196 1278 4251 intendentes
1316 4213 1511 4252 tnanus
1545 4216 1559 4251 :
1593 4206 1648 4249 at
1675 4197 1747 4249 ita
1786 4197 2003 4266 quidem

437 4289 525 4342 isti
550 4287 736 4341 dicunt
758 4286 891 4339 nihil
917 4285 1197 4351 sententiae
1220 4285 1456 4354 ipsorum
1481 4300 1804 4354 repugnare,
1833 4299 2008 4354 neque

435 4380 588 4442 illud,
639 4379 890 4432 exierunt
915 4379 1008 4447 qui
1037 4378 1193 4448 juxta
1242 4378 1390 4432 illum
1423 4377 1624 4450 [erant]
1653 4385 1709 4432 ut
1763 4385 2006 4432 tenerent
2038 4409 2082 4464 υ

431 4484 558 4524 eum
593 4486 608 4523 :
641 4471 840 4523 ctenim
898 4485 1073 4540 neque
1114 4470 1348 4539 putatitii
1392 4471 1587 4525 fratres
1625 4470 1840 4539 ipsimet
1877 4483 2004 4539 erga

432 4575 559 4617 eum
607 4559 946 4615 familiariter
976 4571 1031 4614 et
1057 4563 1146 4630 pio
1175 4576 1338 4615 sensu
1385 4559 1631 4629 dispositi
1666 4569 1823 4614 erant
1862 4578 1876 4614 :
1914 4560 2006 4614 sed

433 4661 489 4708 et
539 4653 614 4706 illi
680 4651 1217 4717 seandalizabantur,
1268 4651 1551 4706 Judaicatn
1611 4651 1885 4705 vesaniam
1941 4665 2005 4704 ex

435 4745 651 4799 illorum
679 4746 1094 4800 conversatione
1116 4755 1168 4800 et
1199 4745 1449 4799 convictu
1485 4759 1591 4797 non
1623 4755 2006 4814 expurgantes,

436 4838 639 4892 multas
685 4838 886 4907 sacpius
936 4838 990 4892 in
1019 4837 1288 4908 principio
1328 4837 1628 4906 praebentes
1676 4851 1838 4890 ausas
1882 4851 2009 4902 erga

437 4945 564 4985 eum
613 4930 921 4986 difﬁdentiae
952 4949 967 4987 :
1000 4939 1056 4985 et
1085 4930 1257 4984 nihilo
1297 4945 1404 5000 pra:
1439 4930 1559 4983 aliis
1589 4929 1790 4982 inducis
1818 4929 2013 4982 melio-

439 5035 554 5074 rem
582 5021 996 5091 dispositionem
1026 5023 1422 5086 demoustrarc,
1450 5019 1552 5074 etsi
1576 5027 1698 5088 post
1721 5020 1835 5074 haec
1870 5034 2014 5072 mar-

441 5112 567 5183 tyrii
624 5115 1016 5168 certaminibus
1066 5115 1278 5182 seipsos
1319 5112 1688 5180 recuperariut
1735 5130 1750 5165 :
1787 5120 1841 5165 et
1883 5109 2012 5164 Jesu

442 5202 781 5256 divinitatem
811 5217 976 5271 quam
1019 5203 1169 5271 prius
1215 5217 1389 5271 neque
1422 5202 1600 5270 lingua
1634 5200 2011 5264 admittebant,

391 5347 396 5350 .
443 5293 709 5361 Sanguine
736 5302 790 5348 et
828 5292 1291 5348 itumolationihus
1324 5293 1654 5352 omnimodis
1683 5292 2015 5362 pra-dicave-

443 5385 573 5438 rint.
622 5384 733 5452 Εκο
761 5401 887 5439 vero
920 5385 1279 5440 scandalizari
1310 5385 1525 5454 quidem
1575 5385 1858 5454 putatitios
1906 5385 2011 5440 fra-

446 5485 556 5531 tres
581 5477 635 5531 iu
669 5476 952 5532 Salvatore
995 5486 1184 5531 etnon
1217 5475 1327 5530 Deo
1346 5476 1562 5544 dignam
1599 5475 1910 5544 opinionem
1963 5477 2013 5528 in

447 5568 719 5639 principio
755 5569 952 5624 habere
987 5572 1052 5623 de
1087 5567 1199 5633 illo,
1234 5577 1454 5638 propter
1487 5567 1863 5622 indumentum
1892 5583 2014 5620 car-

447 5663 531 5718 uis
562 5673 616 5720 et
649 5680 813 5737 supra
843 5678 1064 5722 scusutn
1117 5661 1662 5720 condesccndcntiam
1687 5660 1855 5734 ~Verbi
1888 5677 2012 5717 cum

2101 3196 2162 3249 τὸ
2186 3198 2383 3248 οἰκεῖον
2405 3195 2576 3256 πάθος
2612 3195 2692 3258 εἰς
2715 3194 2806 3248 τὸν
2847 3193 3074 3255 πολλοὺς
3103 3192 3212 3246 τῶν
3235 3189 3492 3244 τοιούτων
3519 3204 3691 3256 νοση-

2105 3285 2290 3356 μάτων
2339 3283 2746 3346 ἀπαλλάξαντα,
2778 3283 3180 3354 ὲναπέρῤιπτον
3203 3297 3216 3312 ·
3251 3281 3301 3333 οἱ
3348 3280 3459 3350 γὰρ
3491 3278 3692 3348 θεουρο

2103 3371 2287 3442 γοῦντι
2311 3372 2380 3425 τὰ
2427 3373 2567 3443 ὑπὲρ
2599 3372 2756 3441 λόγον
2788 3371 2884 3424 καὶ
2936 3371 3142 3424 ἔννοιαν
3181 3369 3244 3423 τὸ
3271 3367 3517 3422 ἀντίθεον
3556 3368 3694 3420 ἐπι-

2103 3465 2456 3537 φημίζοντες,
2482 3465 2615 3519 διότι
2644 3465 2704 3518 τὸ
2724 3463 3004 3518 Σάϐϐατον
3033 3463 3253 3533 ἡμέραν
3283 3459 3559 3531 σωτηρίας
3587 3458 3696 3512 καὶ

2106 3557 2399 3630 θαυμάτων
2456 3555 2646 3628 ἑορτὴν
2677 3556 3042 3620 ἐπεδείκνυτο,
3082 3553 3173 3608 κα)⁵
3213 3551 3483 3622 δαιμόνων
3531 3549 3695 3620 λόγῳ

2105 3653 2165 3706 τὸ
2194 3651 2418 3723 πλάσμα
2468 3649 2752 3721 βλέποντες
2794 3646 3227 3710 ἀπαλλάττοντα,
3258 3645 3318 3696 ἐν
3349 3642 3425 3712 τῷ
3456 3641 3695 3712 ἄρχοντι

2105 3744 2215 3798 τῶν
2267 3743 2560 3813 δαιμονίων
2602 3741 3045 3814 βλασφημοῦντες
3092 3738 3255 3793 αὑτὸν
3293 3734 3576 3789 ἐκϐάλλειν
3618 3735 3699 3785 τὰ

2104 3837 2373 3907 δαιμόνια,
2411 3835 2532 3889 οῦδέ
2569 3835 2668 3906 τὴν
2697 3833 2993 3904 καρτερίαν
3031 3831 3127 3884 καὶ¹
3162 3830 3259 3901 τὴν
3304 3825 3582 3898 ὑπομονὴν
3618 3824 3698 3878 δι-

2105 3928 2392 3990 δάσκοντος
2425 3928 2520 3980 καὶ
2576 3925 2967 3996 θεραπεύοντος
3007 3924 3132 3987 τοὺς
3180 3921 3392 3992 ὄχλους,
3417 3917 3698 3988 οὐμενοῦν

2106 4019 2204 4090 οὐχ
2253 4017 2480 4090 ἡγοῦντο
2509 4017 2779 4087 τολμηρὸν
2810 4015 3022 4088 φρενῶν
3053 4017 3311 4068 ἔκστασιν
3328 4012 3694 4082 κατηγορεῖν,

2107 4111 2200 4164 καὶ
2225 4109 2334 4162 τῶν
2366 4109 2703 4180 βλασφήμων
2752 4109 3016 4178 ῥημάτων
3047 4108 3328 4177 μάρτυρας
3363 4104 3556 4166 ποιεῖν,
3584 4101 3698 4164 τὰς

2108 4200 2430 4271 ὑϐριστικάς
2458 4199 2606 4268 αὐτῷ
2636 4202 2731 4252 καὶ
2769 4197 3030 4268 θρασείας
3060 4194 3530 4263 ἐπανατεινόμενοι
3559 4195 3695 4260 χεῖ-

2113 4308 2238 4362 ρας’
2276 4272 2389 4344 ἀλλ’
2422 4289 2565 4342 οῦτω
2598 4289 2694 4358 μὲν
2724 4283 2869 4341 οὗτοί
2896 4304 3030 4354 φασι
3060 4285 3222 4356 μηδὲν
3246 4286 3312 4353 τῇ
3342 4280 3465 4352 δόξῃ
3498 4280 3696 4333 αὐτῶν

2108 4380 2492 4453 διαμάχεσθαι,
2539 4380 2671 4450 μηδὲ
2698 4381 2778 4444 τ’),
2816 4377 3065 4448 Ἐξῆλθον
3119 4377 3168 4430 οἱ
3207 4374 3337 4446 παρ’
3355 4371 3517 4427 αὐτοῦ
3544 4389 3695 4440 κρα-

2109 4474 2270 4541 τῆσαι
2303 4472 2463 4524 αὐτόν
2487 4488 2501 4501 ·
2557 4472 2652 4523 καὶ
2705 4471 2814 4540 γὰρ
2842 4469 2949 4521 οὐδ’
2995 4469 3043 4520 οἱ
3084 4466 3426 4536 νομιζόμενοι
3463 4462 3695 4530 ἀδελφοὶ

2109 4566 2217 4618 οὐδ’
2242 4565 2394 4618 αὐτοὶ
2427 4561 2562 4635 πρὸς
2592 4563 2754 4616 αὑτὸν
2775 4561 2990 4624 οἰκείως
3027 4561 3120 4613 καὶ
3147 4556 3548 4628 εύσεὸοφρόνως
3604 4555 3694 4607 δι-

2113 4658 2319 4709 έκειντο
2342 4671 2356 4684 ·
2411 4655 2545 4708 ἀλλά
2583 4655 2828 4706 κάκεῖνοι
2862 4651 3327 4715 ἐσκανδαλίζοντο,
3379 4645 3694 4714 Ἰουδαϊκῆς

2111 4746 2502 4818 ἀγνωμοσύνης
2552 4749 2616 4799 ἐκ
2661 4746 2756 4815 τῆς
2805 4743 2940 4813 πρὸς
2973 4744 3169 4806 αὐτοὺς
3210 4738 3548 4810 ἀναστροφῆς
3585 4738 3693 4789 καὶ

2112 4840 2322 4911 διαίτης
2387 4839 2448 4890 ού
2513 4835 2934 4907 καθαρεύοντες,
2996 4831 3196 4895 πολλὰς
3253 4830 3510 4889 πολλάκις
3559 4825 3692 4878 κατ’

2111 4932 2286 5002 ἀρχὰς
2317 4930 2692 5000 παρασχόντες
2753 4926 2926 4988 λαϐὰς
2952 4925 3054 4993 τῆς
3084 4927 3164 4988 εἰς
3196 4922 3358 4978 αὑτὸν
3385 4918 3688 4981 ἀπιστίας)

2113 5021 2208 5074 καλ⁵
2239 5021 2406 5089 μηδὲν
2438 5020 2548 5072 τῶν
2574 5019 2745 5073 ἄλλων
2789 5017 3054 5070 Ἰουδαίων
3083 5016 3300 5089 ἄμεινον
3331 5013 3430 5081 τὴν
3448 5008 3694 5063 διάθεσιν

2114 5109 2538 5175 ἐπιδείκνυσθαι,
2559 5111 2608 5162 εἰ
2638 5112 2732 5162 καὶ
2763 5107 2903 5174 μετά
2926 5105 3096 5159 ταῦτα
3117 5085 3475 5175 μαρτυρικοῖς
3503 5098 3694 5160 ἄθλοις

2114 5201 2337 5264 ἑαυτοὺς
2362 5199 2758 5254 ἀνεκαλέσαντο
2783 5209 2796 5228 ³
2829 5200 2926 5253 καὶ
2953 5199 3054 5270 τὴν
3108 5193 3284 5265 Ἰησοῦ
3338 5193 3568 5261 θεότητα
3619 5191 3694 5260 ἢν

2114 5292 2377 5362 πρότερον
2405 5291 2526 5344 οὐδὲ
2552 5291 2772 5362 γλώσσῃ
2799 5289 3178 5359 παρεδέχοντο,
3220 5285 3414 5354 αἵματι
3430 5281 3526 5337 καὶ
3554 5297 3698 5348 σφα-

2115 5388 2238 5452 γαῖς
2266 5386 2430 5438 πᾶσιν
2450 5369 2838 5452 ἀνεκήρυξαν.’
2859 5381 3001 5450 Ἐγὼ
3023 5381 3079 5434 δὲ
3114 5374 3558 5440 σκανδαλίξεσθαι
3585 5372 3694 5441 μὲν

2115 5478 2244 5540 τοὺς
2271 5475 2625 5547 νομισθέντας
2668 5475 2925 5543 ἀδελφοὺς
2986 5473 3135 5545 παρά
3162 5471 3256 5524 τοῦ
3275 5469 3549 5540 Σωτῆρος,
3593 5465 3690 5516 καὶ

2119 5569 2194 5641 μὴ
2249 5567 2529 5638 θεοπρεπῆ
2588 5567 2686 5638 τὴν
2720 5565 2986 5636 ὑπόληψιν
3021 5563 3140 5616 κατ’
3173 5563 3346 5633 ἀρχὰς
3383 5560 3529 5629 ἔχεν
3559 5555 3690 5622 περὶ

2117 5658 2305 5724 αὑτοῦ,
2362 5659 2448 5715 διά
2491 5675 2547 5711 τε
2609 5658 2668 5711 τὺ
2707 5655 2997 5726 πρόϐλημα
3057 5656 3156 5725 τῆς
3209 5652 3410 5724 σαρκὸς
3459 5647 3687 5716 καὶτῆς
