  <div class='ocr_page' id='page_1' title='image "/cluster/home/n/w/nwhite01/storage/ocr_20150623/101/hvd.32044018872879/214.png"; bbox 0 0 3884 6202; ppageno 0'>
   <div class='ocr_carea' id='block_1_1' title="bbox 156 184 257 252">
    <p class='ocr_par' dir='ltr' id='par_1_1' title="bbox 156 184 257 252">
     <span class='ocr_line' id='line_1_1' title="bbox 156 184 257 252; baseline -0.03 0"><span class='ocrx_word' id='word_1_1' title='bbox 156 184 257 252; x_wconf 82' lang='lat'><strong>381</strong></span> 
     </span>
    </p>
   </div>
   <div class='ocr_carea' id='block_1_2' title="bbox 1154 192 2467 267">
    <p class='ocr_par' dir='ltr' id='par_1_2' title="bbox 1154 192 2467 267">
     <span class='ocr_line' id='line_1_2' title="bbox 1154 192 2467 267; baseline 0.001 -14"><span class='ocrx_word' id='word_1_2' title='bbox 1154 194 1254 254; x_wconf 87' lang='lat' dir='ltr'><strong>AD</strong></span> <span class='ocrx_word' id='word_1_3' title='bbox 1317 192 1921 257; x_wconf 76' lang='lat' dir='ltr'><strong>AMPIULOCIIIUM</strong></span> <span class='ocrx_word' id='word_1_4' title='bbox 1973 192 2324 267; x_wconf 75' lang='lat' dir='ltr'><strong>QUIESTIO</strong></span> <span class='ocrx_word' id='word_1_5' title='bbox 2368 193 2467 254; x_wconf 92' lang='lat' dir='ltr'><strong>LI.</strong></span> 
     </span>
    </p>
   </div>
   <div class='ocr_carea' id='block_1_3' title="bbox 3346 184 3457 253">
    <p class='ocr_par' dir='ltr' id='par_1_3' title="bbox 3346 184 3457 253">
     <span class='ocr_line' id='line_1_3' title="bbox 3346 184 3457 253; baseline -0.054 0"><span class='ocrx_word' id='word_1_6' title='bbox 3346 184 3457 253; x_wconf 77' lang='lat'><strong>382</strong></span> 
     </span>
    </p>
   </div>
   <div class='ocr_carea' id='block_1_4' title="bbox 158 304 1759 385">
    <p class='ocr_par' dir='ltr' id='par_1_4' title="bbox 158 306 1759 385">
     <span class='ocr_line' id='line_1_4' title="bbox 158 306 1759 385; baseline 0.004 -24"><span class='ocrx_word' id='word_1_7' title='bbox 158 306 300 380; x_wconf 73' lang='grc' dir='ltr'>ὑπὲρ</span> <span class='ocrx_word' id='word_1_8' title='bbox 369 306 498 361; x_wconf 81' lang='grc' dir='ltr'>νοῦν</span> <span class='ocrx_word' id='word_1_9' title='bbox 552 308 1012 377; x_wconf 74' lang='grc' dir='ltr'>συγκαταϐἀσεως</span> <span class='ocrx_word' id='word_1_10' title='bbox 1071 309 1166 365; x_wconf 82' lang='grc' dir='ltr'><strong>τοῦ</strong></span> <span class='ocrx_word' id='word_1_11' title='bbox 1231 312 1414 381; x_wconf 89' lang='grc' dir='ltr'>λόγου,</span> <span class='ocrx_word' id='word_1_12' title='bbox 1471 313 1553 384; x_wconf 83' lang='grc' dir='ltr'>τῷ</span> <span class='ocrx_word' id='word_1_13' title='bbox 1583 307 1759 385; x_wconf 71' lang='grc' dir='ltr'>παρα-</span> 
     </span>
    </p>
   </div>
   <div class='ocr_carea' id='block_1_5' title="bbox 1868 304 3456 385">
    <p class='ocr_par' dir='ltr' id='par_1_5' title="bbox 1869 304 3456 380">
     <span class='ocr_line' id='line_1_5' title="bbox 1869 304 3456 380; baseline -0.006 -12"><span class='ocrx_word' id='word_1_14' title='bbox 1869 311 2309 368; x_wconf 80' lang='lat' dir='ltr'><strong>extraordinario</strong></span> <span class='ocrx_word' id='word_1_15' title='bbox 2335 319 2389 365; x_wconf 87' lang='lat' dir='ltr'><strong>et</strong></span> <span class='ocrx_word' id='word_1_16' title='bbox 2416 307 2793 380; x_wconf 89' lang='lat' dir='ltr'><strong>magnitudine</strong></span> <span class='ocrx_word' id='word_1_17' title='bbox 2818 319 2929 361; x_wconf 90' lang='lat' dir='ltr'><strong>non</strong></span> <span class='ocrx_word' id='word_1_18' title='bbox 2957 319 3123 376; x_wconf 84' lang='lat' dir='ltr'><strong>posse</strong></span> <span class='ocrx_word' id='word_1_19' title='bbox 3166 304 3328 361; x_wconf 89' lang='lat' dir='ltr'><strong>simul</strong></span> <span class='ocrx_word' id='word_1_20' title='bbox 3366 317 3456 360; x_wconf 83' lang='lat' dir='ltr'><strong>at-</strong></span> 
     </span>
    </p>
   </div>
   <div class='ocr_carea' id='block_1_6' title="bbox 154 398 1761 474">
    <p class='ocr_par' dir='ltr' id='par_1_6' title="bbox 154 398 1761 474">
     <span class='ocr_line' id='line_1_6' title="bbox 154 398 1761 474; baseline 0.002 -22"><span class='ocrx_word' id='word_1_21' title='bbox 154 398 293 470; x_wconf 78' lang='grc' dir='ltr'><strong>δόξῳ</strong></span> <span class='ocrx_word' id='word_1_22' title='bbox 339 399 433 452; x_wconf 76' lang='grc' dir='ltr'>καὶ</span> <span class='ocrx_word' id='word_1_23' title='bbox 502 400 725 471; x_wconf 77' lang='grc' dir='ltr'><strong>μεγέθει</strong></span> <span class='ocrx_word' id='word_1_24' title='bbox 792 401 869 473; x_wconf 84' lang='grc' dir='ltr'>μὴ</span> <span class='ocrx_word' id='word_1_25' title='bbox 932 400 1194 455; x_wconf 84' lang='grc' dir='ltr'>δύνασθαι</span> <span class='ocrx_word' id='word_1_26' title='bbox 1253 405 1605 474; x_wconf 83' lang='grc' dir='ltr'>συνεπαίρειν</span> <span class='ocrx_word' id='word_1_27' title='bbox 1666 406 1761 457; x_wconf 68' lang='grc' dir='ltr'>καὶ</span> 
     </span>
    </p>
   </div>
   <div class='ocr_carea' id='block_1_7' title="bbox 157 488 1755 563">
    <p class='ocr_par' dir='ltr' id='par_1_7' title="bbox 157 488 1755 563">
     <span class='ocr_line' id='line_1_7' title="bbox 157 488 1755 563; baseline 0.001 -21"><span class='ocrx_word' id='word_1_28' title='bbox 157 488 496 558; x_wconf 78' lang='grc' dir='ltr'>συνανυψοῦν</span> <span class='ocrx_word' id='word_1_29' title='bbox 568 490 671 562; x_wconf 81' lang='grc' dir='ltr'>τὴν</span> <span class='ocrx_word' id='word_1_30' title='bbox 741 490 1025 554; x_wconf 86' lang='grc' dir='ltr'>διάνοιαν,</span> <span class='ocrx_word' id='word_1_31' title='bbox 1085 490 1194 544; x_wconf 85' lang='grc' dir='ltr'><strong>τῶν</strong></span> <span class='ocrx_word' id='word_1_32' title='bbox 1275 492 1593 563; x_wconf 89' lang='grc' dir='ltr'>σεϐασμίων</span> <span class='ocrx_word' id='word_1_33' title='bbox 1686 509 1755 562; x_wconf 89' lang='grc' dir='ltr'><strong>με</strong></span> 
     </span>
    </p>
   </div>
   <div class='ocr_carea' id='block_1_8' title="bbox 155 581 1741 656">
    <p class='ocr_par' dir='ltr' id='par_1_8' title="bbox 155 581 1741 656">
     <span class='ocr_line' id='line_1_8' title="bbox 155 581 1741 656; baseline 0.001 -20"><span class='ocrx_word' id='word_1_34' title='bbox 155 581 317 636; x_wconf 72' lang='grc' dir='ltr'>τοῦτο</span> <span class='ocrx_word' id='word_1_35' title='bbox 348 583 562 651; x_wconf 88' lang='grc' dir='ltr'>Λογίων</span> <span class='ocrx_word' id='word_1_36' title='bbox 593 583 973 646; x_wconf 82' lang='grc' dir='ltr'>διδασκόντων,</span> <span class='ocrx_word' id='word_1_37' title='bbox 1013 584 1113 638; x_wconf 76' lang='grc' dir='ltr'>οὐκ</span> <span class='ocrx_word' id='word_1_38' title='bbox 1146 584 1366 655; x_wconf 83' lang='grc' dir='ltr'>ἀμαθής</span> <span class='ocrx_word' id='word_1_39' title='bbox 1389 586 1505 656; x_wconf 81' lang='grc' dir='ltr'>είμι</span> <span class='ocrx_word' id='word_1_40' title='bbox 1529 601 1543 617; x_wconf 86' lang='grc'><strong>·</strong></span> <span class='ocrx_word' id='word_1_41' title='bbox 1574 586 1657 639; x_wconf 84' lang='grc' dir='ltr'>ὄτι</span> <span class='ocrx_word' id='word_1_42' title='bbox 1684 585 1741 637; x_wconf 79' lang='grc' dir='ltr'>δὲ</span> 
     </span>
    </p>
   </div>
   <div class='ocr_carea' id='block_1_9' title="bbox 159 675 1755 749">
    <p class='ocr_par' dir='ltr' id='par_1_9' title="bbox 159 675 1755 749">
     <span class='ocr_line' id='line_1_9' title="bbox 159 675 1755 749; baseline -0.001 -20"><span class='ocrx_word' id='word_1_43' title='bbox 159 676 323 748; x_wconf 84' lang='grc' dir='ltr'>μέχρι</span> <span class='ocrx_word' id='word_1_44' title='bbox 356 676 549 730; x_wconf 85' lang='grc' dir='ltr'>τούτου</span> <span class='ocrx_word' id='word_1_45' title='bbox 577 675 847 747; x_wconf 79' lang='grc' dir='ltr'><strong>προῆλθον</strong></span> <span class='ocrx_word' id='word_1_46' title='bbox 910 677 1235 749; x_wconf 77' lang='grc' dir='ltr'><strong>μοχθηρίας,</strong></span> <span class='ocrx_word' id='word_1_47' title='bbox 1267 677 1343 742; x_wconf 85' lang='grc' dir='ltr'>ὡς</span> <span class='ocrx_word' id='word_1_48' title='bbox 1367 677 1464 730; x_wconf 73' lang='grc' dir='ltr'><strong>καὶ</strong></span> <span class='ocrx_word' id='word_1_49' title='bbox 1493 677 1755 746; x_wconf 82' lang='grc' dir='ltr'>δαιμονᾷν</span> 
     </span>
    </p>
   </div>
   <div class='ocr_carea' id='block_1_10' title="bbox 156 767 1753 840">
    <p class='ocr_par' dir='ltr' id='par_1_10' title="bbox 156 767 1753 840">
     <span class='ocr_line' id='line_1_10' title="bbox 156 767 1753 840; baseline -0.001 -19"><span class='ocrx_word' id='word_1_50' title='bbox 156 768 249 822; x_wconf 72' lang='grc' dir='ltr'>καὶ</span> <span class='ocrx_word' id='word_1_51' title='bbox 269 768 556 833; x_wconf 77' lang='grc' dir='ltr'>ἐξεστάναι</span> <span class='ocrx_word' id='word_1_52' title='bbox 587 768 683 821; x_wconf 75' lang='grc' dir='ltr'>καὶ</span> <span class='ocrx_word' id='word_1_53' title='bbox 719 767 933 839; x_wconf 85' lang='grc' dir='ltr'>φρενῶν</span> <span class='ocrx_word' id='word_1_54' title='bbox 958 768 1270 840; x_wconf 75' lang='grc' dir='ltr'>ἀρρωστίαν</span> <span class='ocrx_word' id='word_1_55' title='bbox 1313 767 1482 824; x_wconf 83' lang='grc' dir='ltr'>αὑτοῦ</span> <span class='ocrx_word' id='word_1_56' title='bbox 1517 784 1753 838; x_wconf 86' lang='grc' dir='ltr'>κατηγο-</span> 
     </span>
    </p>
   </div>
   <div class='ocr_carea' id='block_1_11' title="bbox 160 857 1749 933">
    <p class='ocr_par' dir='ltr' id='par_1_11' title="bbox 160 857 1749 933">
     <span class='ocr_line' id='line_1_11' title="bbox 160 857 1749 933; baseline -0.001 -20"><span class='ocrx_word' id='word_1_57' title='bbox 160 863 293 931; x_wconf 87' lang='grc' dir='ltr'>ρεῖν,</span> <span class='ocrx_word' id='word_1_58' title='bbox 333 861 433 931; x_wconf 75' lang='grc' dir='ltr'>οὐχ</span> <span class='ocrx_word' id='word_1_59' title='bbox 498 860 700 932; x_wconf 86' lang='grc' dir='ltr'>ὁμοίως</span> <span class='ocrx_word' id='word_1_60' title='bbox 740 860 989 915; x_wconf 85' lang='grc' dir='ltr'>τίθεσθαι</span> <span class='ocrx_word' id='word_1_61' title='bbox 1048 860 1173 914; x_wconf 83' lang='grc' dir='ltr'>οὐδὲ</span> <span class='ocrx_word' id='word_1_62' title='bbox 1198 864 1502 933; x_wconf 86' lang='grc' dir='ltr'>συγχωρεῖν</span> <span class='ocrx_word' id='word_1_63' title='bbox 1540 857 1652 924; x_wconf 81' lang='grc' dir='ltr'>οἷός</span> <span class='ocrx_word' id='word_1_64' title='bbox 1689 859 1749 912; x_wconf 80' lang='grc' dir='ltr'>τέ</span> 
     </span>
    </p>
   </div>
   <div class='ocr_carea' id='block_1_12' title="bbox 159 955 294 1019">
    <p class='ocr_par' dir='ltr' id='par_1_12' title="bbox 159 955 294 1019">
     <span class='ocr_line' id='line_1_12' title="bbox 159 955 294 1019; baseline 0.015 -13"><span class='ocrx_word' id='word_1_65' title='bbox 159 955 294 1019; x_wconf 78' lang='grc' dir='ltr'>εἰμι.</span> 
     </span>
    </p>
   </div>
   <div class='ocr_carea' id='block_1_13' title="bbox 732 1045 1222 1100">
    <p class='ocr_par' dir='ltr' id='par_1_13' title="bbox 732 1045 1222 1100">
     <span class='ocr_line' id='line_1_13' title="bbox 732 1045 1222 1100; baseline 0.002 -1"><span class='ocrx_word' id='word_1_66' title='bbox 732 1048 1066 1100; x_wconf 79' lang='grc' dir='ltr'><strong>ΕΡΩΤΗΣΙΣ</strong></span> <span class='ocrx_word' id='word_1_67' title='bbox 1096 1045 1222 1100; x_wconf 85' lang='lat' dir='ltr'><strong>NA&#39;.</strong></span> 
     </span>
    </p>
   </div>
   <div class='ocr_carea' id='block_1_14' title="bbox 158 1139 1745 1209">
    <p class='ocr_par' dir='ltr' id='par_1_14' title="bbox 158 1139 1745 1209">
     <span class='ocr_line' id='line_1_14' title="bbox 158 1139 1745 1209; baseline 0 -17"><span class='ocrx_word' id='word_1_68' title='bbox 158 1140 315 1192; x_wconf 79' lang='grc' dir='ltr'>Διατὶ</span> <span class='ocrx_word' id='word_1_69' title='bbox 345 1139 450 1193; x_wconf 78' lang='grc' dir='ltr'><strong>τὸν</strong></span> <span class='ocrx_word' id='word_1_70' title='bbox 472 1140 842 1208; x_wconf 73' lang='grc' dir='ltr'><strong>παράδεισον</strong></span> <span class='ocrx_word' id='word_1_71' title='bbox 878 1140 1217 1209; x_wconf 54' lang='grc' dir='ltr'>ἐφύτευσεν·</span> <span class='ocrx_word' id='word_1_72' title='bbox 1240 1141 1272 1193; x_wconf 82' lang='grc' dir='ltr'><strong>ό</strong></span> <span class='ocrx_word' id='word_1_73' title='bbox 1301 1140 1466 1205; x_wconf 79' lang='grc' dir='ltr'>Θεὸς,</span> <span class='ocrx_word' id='word_1_74' title='bbox 1497 1139 1745 1208; x_wconf 65' lang='grc' dir='ltr'><strong>μέλλων</strong></span> 
     </span>
    </p>
   </div>
   <div class='ocr_carea' id='block_1_15' title="bbox 330 1210 1581 1281">
    <p class='ocr_par' dir='ltr' id='par_1_15' title="bbox 330 1210 1581 1281">
     <span class='ocr_line' id='line_1_15' title="bbox 330 1210 1581 1281; baseline 0 -17"><span class='ocrx_word' id='word_1_75' title='bbox 330 1212 511 1278; x_wconf 82' lang='grc' dir='ltr'>εὐθὺς</span> <span class='ocrx_word' id='word_1_76' title='bbox 542 1211 864 1265; x_wconf 71' lang='grc' dir='ltr'>ἐκϐάλλειν</span> <span class='ocrx_word' id='word_1_77' title='bbox 887 1212 994 1265; x_wconf 75' lang='grc' dir='ltr'><strong>τὸν</strong></span> <span class='ocrx_word' id='word_1_78' title='bbox 1047 1212 1227 1281; x_wconf 81' lang='grc' dir='ltr'>Ἀδὰμ</span> <span class='ocrx_word' id='word_1_79' title='bbox 1254 1210 1324 1275; x_wconf 77' lang='grc' dir='ltr'><strong>ἐξ</strong></span> <span class='ocrx_word' id='word_1_80' title='bbox 1354 1210 1581 1275; x_wconf 76' lang='grc' dir='ltr'>αὐτοὺς</span> 
     </span>
    </p>
   </div>
   <div class='ocr_carea' id='block_1_16' title="bbox 1860 399 3456 474">
    <p class='ocr_par' dir='ltr' id='par_1_16' title="bbox 1860 399 3456 474">
     <span class='ocr_line' id='line_1_16' title="bbox 1860 399 3456 474; baseline -0.003 -15"><span class='ocrx_word' id='word_1_81' title='bbox 1860 406 2051 461; x_wconf 87' lang='lat' dir='ltr'><strong>tollere</strong></span> <span class='ocrx_word' id='word_1_82' title='bbox 2083 412 2139 459; x_wconf 91' lang='lat' dir='ltr'><strong>et</strong></span> <span class='ocrx_word' id='word_1_83' title='bbox 2183 403 2471 459; x_wconf 89' lang='lat' dir='ltr'><strong>sublevare</strong></span> <span class='ocrx_word' id='word_1_84' title='bbox 2522 402 2932 474; x_wconf 74' lang='lat' dir='ltr'><strong>cogitationem,</strong></span> <span class='ocrx_word' id='word_1_85' title='bbox 2989 399 3314 455; x_wconf 85' lang='lat' dir='ltr'><strong>venerandis</strong></span> <span class='ocrx_word' id='word_1_86' title='bbox 3366 414 3456 455; x_wconf 91' lang='lat' dir='ltr'><strong>me</strong></span> 
     </span>
    </p>
   </div>
   <div class='ocr_carea' id='block_1_17' title="bbox 1862 491 3455 562">
    <p class='ocr_par' dir='ltr' id='par_1_17' title="bbox 1862 491 3455 562">
     <span class='ocr_line' id='line_1_17' title="bbox 1862 491 3455 562; baseline -0.003 -11"><span class='ocrx_word' id='word_1_87' title='bbox 1862 498 1968 552; x_wconf 88' lang='lat' dir='ltr'><strong>hoc</strong></span> <span class='ocrx_word' id='word_1_88' title='bbox 2003 496 2241 551; x_wconf 80' lang='lat' dir='ltr'><strong>oraculis</strong></span> <span class='ocrx_word' id='word_1_89' title='bbox 2275 493 2619 560; x_wconf 77' lang='lat' dir='ltr'><strong>docentibus,</strong></span> <span class='ocrx_word' id='word_1_90' title='bbox 2669 508 2778 546; x_wconf 89' lang='lat' dir='ltr'><strong>non</strong></span> <span class='ocrx_word' id='word_1_91' title='bbox 2833 492 3060 562; x_wconf 88' lang='lat' dir='ltr'><strong>ignarus</strong></span> <span class='ocrx_word' id='word_1_92' title='bbox 3089 506 3217 545; x_wconf 88' lang='lat' dir='ltr'><strong>sum</strong></span> <span class='ocrx_word' id='word_1_93' title='bbox 3255 507 3269 543; x_wconf 77' lang='grc' dir='ltr'><strong>ι</strong></span> <span class='ocrx_word' id='word_1_94' title='bbox 3306 491 3455 561; x_wconf 73' lang='grc' dir='ltr'>«ιιιυὰ</span> 
     </span>
    </p>
   </div>
   <div class='ocr_carea' id='block_1_18' title="bbox 1858 579 3455 655">
    <p class='ocr_par' dir='ltr' id='par_1_18' title="bbox 1858 579 3455 655">
     <span class='ocr_line' id='line_1_18' title="bbox 1858 579 3455 655; baseline -0.006 -12"><span class='ocrx_word' id='word_1_95' title='bbox 1858 597 2040 643; x_wconf 91' lang='lat' dir='ltr'><strong>autem</strong></span> <span class='ocrx_word' id='word_1_96' title='bbox 2069 601 2241 654; x_wconf 88' lang='lat' dir='ltr'><strong>usque</strong></span> <span class='ocrx_word' id='word_1_97' title='bbox 2268 600 2332 639; x_wconf 90' lang='lat' dir='ltr'><strong>eo</strong></span> <span class='ocrx_word' id='word_1_98' title='bbox 2360 582 2635 655; x_wconf 72' lang='lat' dir='ltr'><strong>progressi</strong></span> <span class='ocrx_word' id='word_1_99' title='bbox 2670 583 2781 638; x_wconf 93' lang='lat' dir='ltr'><strong>sint</strong></span> <span class='ocrx_word' id='word_1_100' title='bbox 2811 581 3088 650; x_wconf 69' lang='lat' dir='ltr'><strong>nequitiae,</strong></span> <span class='ocrx_word' id='word_1_101' title='bbox 3117 590 3175 633; x_wconf 92' lang='lat' dir='ltr'><strong>ut</strong></span> <span class='ocrx_word' id='word_1_102' title='bbox 3209 589 3263 633; x_wconf 92' lang='lat' dir='ltr'><strong>et</strong></span> <span class='ocrx_word' id='word_1_103' title='bbox 3282 594 3313 632; x_wconf 92' lang='lat' dir='ltr'><strong>a</strong></span> <span class='ocrx_word' id='word_1_104' title='bbox 3342 579 3455 633; x_wconf 71' lang='lat' dir='ltr'><strong>da:-</strong></span> 
     </span>
    </p>
   </div>
   <div class='ocr_carea' id='block_1_19' title="bbox 1859 676 3453 748">
    <p class='ocr_par' dir='ltr' id='par_1_19' title="bbox 1859 676 3453 748">
     <span class='ocr_line' id='line_1_19' title="bbox 1859 676 3453 748; baseline -0.008 -15"><span class='ocrx_word' id='word_1_105' title='bbox 1859 692 2021 733; x_wconf 90' lang='lat' dir='ltr'><strong>mone</strong></span> <span class='ocrx_word' id='word_1_106' title='bbox 2071 679 2159 748; x_wconf 85' lang='lat' dir='ltr'><strong>agi</strong></span> <span class='ocrx_word' id='word_1_107' title='bbox 2214 686 2270 734; x_wconf 89' lang='lat' dir='ltr'><strong>et</strong></span> <span class='ocrx_word' id='word_1_108' title='bbox 2320 677 2375 731; x_wconf 92' lang='lat' dir='ltr'><strong>in</strong></span> <span class='ocrx_word' id='word_1_109' title='bbox 2424 677 2663 729; x_wconf 86' lang='lat' dir='ltr'><strong>furorem</strong></span> <span class='ocrx_word' id='word_1_110' title='bbox 2716 688 2938 726; x_wconf 89' lang='lat' dir='ltr'><strong>versum</strong></span> <span class='ocrx_word' id='word_1_111' title='bbox 2982 684 3107 725; x_wconf 88' lang='lat' dir='ltr'><strong>esse</strong></span> <span class='ocrx_word' id='word_1_112' title='bbox 3136 678 3190 724; x_wconf 90' lang='lat' dir='ltr'><strong>et</strong></span> <span class='ocrx_word' id='word_1_113' title='bbox 3240 676 3453 722; x_wconf 86' lang='lat' dir='ltr'><strong>mentes</strong></span> 
     </span>
    </p>
   </div>
   <div class='ocr_carea' id='block_1_20' title="bbox 1862 760 3453 831">
    <p class='ocr_par' dir='ltr' id='par_1_20' title="bbox 1862 760 3453 831">
     <span class='ocr_line' id='line_1_20' title="bbox 1862 760 3453 831; baseline -0.007 -7"><span class='ocrx_word' id='word_1_114' title='bbox 1862 770 2142 825; x_wconf 86' lang='lat' dir='ltr'><strong>infirmum</strong></span> <span class='ocrx_word' id='word_1_115' title='bbox 2188 784 2315 824; x_wconf 89' lang='lat' dir='ltr'><strong>eum</strong></span> <span class='ocrx_word' id='word_1_116' title='bbox 2346 783 2470 823; x_wconf 90' lang='lat' dir='ltr'><strong>esse</strong></span> <span class='ocrx_word' id='word_1_117' title='bbox 2514 764 2905 829; x_wconf 90' lang='lat' dir='ltr'><strong>insimularint,</strong></span> <span class='ocrx_word' id='word_1_118' title='bbox 2957 776 3067 817; x_wconf 89' lang='lat' dir='ltr'><strong>non</strong></span> <span class='ocrx_word' id='word_1_119' title='bbox 3112 760 3315 831; x_wconf 89' lang='lat' dir='ltr'><strong>pariter</strong></span> <span class='ocrx_word' id='word_1_120' title='bbox 3351 774 3453 831; x_wconf 78' lang='lat' dir='ltr'><strong>po-</strong></span> 
     </span>
    </p>
   </div>
   <div class='ocr_carea' id='block_1_21' title="bbox 1864 862 2753 931">
    <p class='ocr_par' dir='ltr' id='par_1_21' title="bbox 1864 862 2753 931">
     <span class='ocr_line' id='line_1_21' title="bbox 1864 862 2753 931; baseline -0.007 -13"><span class='ocrx_word' id='word_1_121' title='bbox 1864 876 1999 919; x_wconf 88' lang='lat' dir='ltr'><strong>nere</strong></span> <span class='ocrx_word' id='word_1_122' title='bbox 2026 877 2130 919; x_wconf 91' lang='lat' dir='ltr'><strong>nec</strong></span> <span class='ocrx_word' id='word_1_123' title='bbox 2161 862 2461 919; x_wconf 87' lang='lat' dir='ltr'><strong>concedere</strong></span> <span class='ocrx_word' id='word_1_124' title='bbox 2482 875 2582 931; x_wconf 90' lang='lat' dir='ltr'><strong>par</strong></span> <span class='ocrx_word' id='word_1_125' title='bbox 2609 874 2753 914; x_wconf 90' lang='lat' dir='ltr'><strong>sum.</strong></span> 
     </span>
    </p>
   </div>
   <div class='ocr_carea' id='block_1_22' title="bbox 2310 1032 3008 1107">
    <p class='ocr_par' dir='ltr' id='par_1_22' title="bbox 2310 1032 3008 1107">
     <span class='ocr_line' id='line_1_22' title="bbox 2310 1032 3008 1107; baseline -0.009 -13"><span class='ocrx_word' id='word_1_126' title='bbox 2310 1035 2643 1106; x_wconf 65' lang='lat' dir='ltr'><strong>QUIESTIO</strong></span> <span class='ocrx_word' id='word_1_127' title='bbox 2670 1036 2737 1091; x_wconf 69' lang='grc' dir='ltr'><strong>ιι</strong></span> <span class='ocrx_word' id='word_1_128' title='bbox 2779 1035 2877 1107; x_wconf 81' lang='grc' dir='ltr'>[αι.</span> <span class='ocrx_word' id='word_1_129' title='bbox 2922 1032 3008 1105; x_wconf 78' lang='lat'><strong>1.].</strong></span> 
     </span>
    </p>
   </div>
   <div class='ocr_carea' id='block_1_23' title="bbox 1899 1121 3417 1202">
    <p class='ocr_par' dir='ltr' id='par_1_23' title="bbox 1899 1121 3417 1202">
     <span class='ocr_line' id='line_1_23' title="bbox 1899 1121 3417 1202; baseline -0.012 -13"><span class='ocrx_word' id='word_1_130' title='bbox 1899 1133 2077 1199; x_wconf 83' lang='lat' dir='ltr'><strong>Quare</strong></span> <span class='ocrx_word' id='word_1_131' title='bbox 2110 1132 2427 1202; x_wconf 78' lang='lat' dir='ltr'><strong>paradisum</strong></span> <span class='ocrx_word' id='word_1_132' title='bbox 2455 1128 2723 1202; x_wconf 78' lang='lat' dir='ltr'><strong>plantavit</strong></span> <span class='ocrx_word' id='word_1_133' title='bbox 2752 1124 3205 1202; x_wconf 78' lang='lat' dir='ltr'><strong>Deus._Adamum</strong></span> <span class='ocrx_word' id='word_1_134' title='bbox 3236 1121 3417 1175; x_wconf 76' lang='lat' dir='ltr'><strong>statim</strong></span> 
     </span>
    </p>
   </div>
   <div class='ocr_carea' id='block_1_24' title="bbox 2409 1199 2928 1269">
    <p class='ocr_par' dir='ltr' id='par_1_24' title="bbox 2409 1199 2928 1269">
     <span class='ocr_line' id='line_1_24' title="bbox 2409 1199 2928 1269; baseline -0.01 -14"><span class='ocrx_word' id='word_1_135' title='bbox 2409 1202 2531 1255; x_wconf 84' lang='lat' dir='ltr'><strong>inde</strong></span> <span class='ocrx_word' id='word_1_136' title='bbox 2567 1199 2884 1269; x_wconf 75' lang='lat' dir='ltr'><strong>expulsurus</strong></span> <span class='ocrx_word' id='word_1_137' title='bbox 2904 1199 2928 1251; x_wconf 68' lang='grc' dir='ltr'><strong>ι</strong></span> 
     </span>
    </p>
   </div>
   <div class='ocr_carea' id='block_1_25' title="bbox 1391 1342 2198 1408">
    <p class='ocr_par' dir='ltr' id='par_1_25' title="bbox 1391 1342 2198 1408">
     <span class='ocr_line' id='line_1_25' title="bbox 1391 1342 2198 1408; baseline -0.01 -10"><span class='ocrx_word' id='word_1_138' title='bbox 1391 1348 1537 1398; x_wconf 79' lang='lat' dir='ltr'><strong>Edita</strong></span> <span class='ocrx_word' id='word_1_139' title='bbox 1577 1362 1603 1396; x_wconf 90' lang='lat' dir='ltr'><strong>a</strong></span> <span class='ocrx_word' id='word_1_140' title='bbox 1627 1345 1771 1408; x_wconf 80' lang='lat' dir='ltr'><strong>Maio,</strong></span> <span class='ocrx_word' id='word_1_141' title='bbox 1808 1345 1842 1393; x_wconf 91' lang='lat' dir='ltr'><strong>l.</strong></span> <span class='ocrx_word' id='word_1_142' title='bbox 1868 1356 1934 1403; x_wconf 86' lang='lat' dir='ltr'><strong>e.,</strong></span> <span class='ocrx_word' id='word_1_143' title='bbox 1962 1356 2008 1404; x_wconf 90' lang='lat' dir='ltr'><strong>p.</strong></span> <span class='ocrx_word' id='word_1_144' title='bbox 2034 1342 2198 1391; x_wconf 72' lang='lat'><strong>3-3-55.</strong></span> 
     </span>
    </p>
   </div>
   <div class='ocr_carea' id='block_1_26' title="bbox 226 1448 1759 1532">
    <p class='ocr_par' dir='ltr' id='par_1_26' title="bbox 226 1456 1748 1532">
     <span class='ocr_line' id='line_1_26' title="bbox 226 1456 1748 1532; baseline 0.003 -23"><span class='ocrx_word' id='word_1_145' title='bbox 226 1456 353 1510; x_wconf 85' lang='grc' dir='ltr'>Τῶν</span> <span class='ocrx_word' id='word_1_146' title='bbox 404 1459 501 1529; x_wconf 84' lang='grc' dir='ltr'>μὲν</span> <span class='ocrx_word' id='word_1_147' title='bbox 546 1458 876 1531; x_wconf 77' lang='grc' dir='ltr'>ἀπορρήτων</span> <span class='ocrx_word' id='word_1_148' title='bbox 899 1460 993 1513; x_wconf 75' lang='grc' dir='ltr'>καὶ</span> <span class='ocrx_word' id='word_1_149' title='bbox 1048 1459 1375 1531; x_wconf 69' lang='grc' dir='ltr'>κρειττόνων</span> <span class='ocrx_word' id='word_1_150' title='bbox 1406 1460 1440 1532; x_wconf 84' lang='grc' dir='ltr'>ἢ</span> <span class='ocrx_word' id='word_1_151' title='bbox 1468 1460 1748 1532; x_wconf 77' lang='grc' dir='ltr'><strong>ζητεῖσθαι</strong></span> 
     </span>
    </p>
   </div>
   <div class='ocr_carea' id='block_1_27' title="bbox 1868 1448 3453 1532">
    <p class='ocr_par' dir='ltr' id='par_1_27' title="bbox 1920 1448 3453 1524">
     <span class='ocr_line' id='line_1_27' title="bbox 1920 1448 3453 1524; baseline -0.007 -16"><span class='ocrx_word' id='word_1_152' title='bbox 1920 1453 2281 1511; x_wconf 81' lang='lat' dir='ltr'><strong>lneﬂ&#39;abilium</strong></span> <span class='ocrx_word' id='word_1_153' title='bbox 2327 1452 2549 1524; x_wconf 86' lang='lat' dir='ltr'><strong>quidem</strong></span> <span class='ocrx_word' id='word_1_154' title='bbox 2598 1459 2653 1507; x_wconf 90' lang='lat' dir='ltr'><strong>et</strong></span> <span class='ocrx_word' id='word_1_155' title='bbox 2693 1448 3143 1507; x_wconf 84' lang='lat' dir='ltr'><strong>excellentiorum</strong></span> <span class='ocrx_word' id='word_1_156' title='bbox 3188 1460 3355 1515; x_wconf 90' lang='lat' dir='ltr'><strong>quam</strong></span> <span class='ocrx_word' id='word_1_157' title='bbox 3392 1452 3453 1500; x_wconf 93' lang='lat' dir='ltr'><strong>ut</strong></span> 
     </span>
    </p>
   </div>
   <div class='ocr_carea' id='block_1_28' title="bbox 160 1549 1749 1623">
    <p class='ocr_par' dir='ltr' id='par_1_28' title="bbox 160 1549 1749 1623">
     <span class='ocr_line' id='line_1_28' title="bbox 160 1549 1749 1623; baseline 0.001 -19"><span class='ocrx_word' id='word_1_158' title='bbox 160 1551 255 1604; x_wconf 74' lang='grc' dir='ltr'>καὶ</span> <span class='ocrx_word' id='word_1_159' title='bbox 310 1549 848 1622; x_wconf 75' lang='grc' dir='ltr'>καταλαμϐάνεσθαι,</span> <span class='ocrx_word' id='word_1_160' title='bbox 908 1550 1107 1622; x_wconf 82' lang='grc' dir='ltr'>Παύλῳ</span> <span class='ocrx_word' id='word_1_161' title='bbox 1151 1554 1248 1623; x_wconf 80' lang='grc' dir='ltr'>μὲν</span> <span class='ocrx_word' id='word_1_162' title='bbox 1297 1554 1393 1607; x_wconf 79' lang='grc' dir='ltr'>καὶ</span> <span class='ocrx_word' id='word_1_163' title='bbox 1446 1557 1557 1617; x_wconf 85' lang='grc' dir='ltr'>τοῖς</span> <span class='ocrx_word' id='word_1_164' title='bbox 1607 1552 1749 1607; x_wconf 83' lang='grc' dir='ltr'>κατά</span> 
     </span>
    </p>
   </div>
   <div class='ocr_carea' id='block_1_29' title="bbox 159 1641 1748 1715">
    <p class='ocr_par' dir='ltr' id='par_1_29' title="bbox 159 1641 1748 1715">
     <span class='ocr_line' id='line_1_29' title="bbox 159 1641 1748 1715; baseline 0.003 -21"><span class='ocrx_word' id='word_1_165' title='bbox 159 1641 374 1695; x_wconf 78' lang='grc' dir='ltr'>Παῦλον</span> <span class='ocrx_word' id='word_1_166' title='bbox 402 1642 535 1712; x_wconf 71' lang='grc' dir='ltr'>πρὸς</span> <span class='ocrx_word' id='word_1_167' title='bbox 560 1643 660 1714; x_wconf 82' lang='grc' dir='ltr'>τὴν</span> <span class='ocrx_word' id='word_1_168' title='bbox 684 1643 920 1715; x_wconf 81' lang='grc' dir='ltr'>θεωρίαν</span> <span class='ocrx_word' id='word_1_169' title='bbox 948 1644 1355 1699; x_wconf 79' lang='grc' dir='ltr'>ἀνατείνεσθαι·</span> <span class='ocrx_word' id='word_1_170' title='bbox 1395 1642 1518 1697; x_wconf 71' lang='grc' dir='ltr'>οὔτε</span> <span class='ocrx_word' id='word_1_171' title='bbox 1547 1645 1748 1698; x_wconf 72' lang='grc' dir='ltr'>ἀδύνα-</span> 
     </span>
    </p>
   </div>
   <div class='ocr_carea' id='block_1_30' title="bbox 157 1733 1753 1809">
    <p class='ocr_par' dir='ltr' id='par_1_30' title="bbox 157 1733 1753 1809">
     <span class='ocr_line' id='line_1_30' title="bbox 157 1733 1753 1809; baseline 0.003 -22"><span class='ocrx_word' id='word_1_172' title='bbox 157 1751 248 1787; x_wconf 90' lang='grc' dir='ltr'><strong>τον</strong></span> <span class='ocrx_word' id='word_1_173' title='bbox 275 1734 497 1802; x_wconf 82' lang='grc' dir='ltr'>γέγονεν</span> <span class='ocrx_word' id='word_1_174' title='bbox 527 1733 650 1788; x_wconf 71' lang='grc' dir='ltr'>οὔτε</span> <span class='ocrx_word' id='word_1_175' title='bbox 697 1735 964 1808; x_wconf 88' lang='grc' dir='ltr'>σφαλερόν</span> <span class='ocrx_word' id='word_1_176' title='bbox 986 1754 1000 1770; x_wconf 89' lang='grc'><strong>·</strong></span> <span class='ocrx_word' id='word_1_177' title='bbox 1028 1737 1141 1792; x_wconf 85' lang='grc' dir='ltr'>ὅσοι</span> <span class='ocrx_word' id='word_1_178' title='bbox 1175 1738 1232 1791; x_wconf 76' lang='grc' dir='ltr'>δὲ</span> <span class='ocrx_word' id='word_1_179' title='bbox 1298 1736 1377 1807; x_wconf 81' lang='grc' dir='ltr'>τῷ</span> <span class='ocrx_word' id='word_1_180' title='bbox 1424 1738 1634 1809; x_wconf 80' lang='grc' dir='ltr'>σαρκὶῳ</span> <span class='ocrx_word' id='word_1_181' title='bbox 1658 1737 1753 1791; x_wconf 74' lang='grc' dir='ltr'>καὶ</span> 
     </span>
    </p>
   </div>
   <div class='ocr_carea' id='block_1_31' title="bbox 158 1824 1751 1899">
    <p class='ocr_par' dir='ltr' id='par_1_31' title="bbox 158 1824 1751 1899">
     <span class='ocr_line' id='line_1_31' title="bbox 158 1824 1751 1899; baseline 0.003 -23"><span class='ocrx_word' id='word_1_182' title='bbox 158 1824 268 1876; x_wconf 85' lang='grc' dir='ltr'><strong>τῶν</strong></span> <span class='ocrx_word' id='word_1_183' title='bbox 314 1825 479 1879; x_wconf 76' lang='grc' dir='ltr'>αὑτοῦ</span> <span class='ocrx_word' id='word_1_184' title='bbox 527 1826 847 1897; x_wconf 85' lang='grc' dir='ltr'>θελημάτων</span> <span class='ocrx_word' id='word_1_185' title='bbox 888 1825 965 1897; x_wconf 80' lang='grc' dir='ltr'><strong>τῷ</strong></span> <span class='ocrx_word' id='word_1_186' title='bbox 1007 1827 1164 1899; x_wconf 76' lang='grc' dir='ltr'>βάρει</span> <span class='ocrx_word' id='word_1_187' title='bbox 1225 1828 1751 1899; x_wconf 81' lang='grc' dir='ltr'>συγκαθελκόμεθα,</span> 
     </span>
    </p>
   </div>
   <div class='ocr_carea' id='block_1_32' title="bbox 159 1918 1747 1993">
    <p class='ocr_par' dir='ltr' id='par_1_32' title="bbox 159 1918 1747 1993">
     <span class='ocr_line' id='line_1_32' title="bbox 159 1918 1747 1993; baseline 0.001 -24"><span class='ocrx_word' id='word_1_188' title='bbox 159 1918 268 1970; x_wconf 73' lang='grc' dir='ltr'>οὐδ’</span> <span class='ocrx_word' id='word_1_189' title='bbox 294 1919 468 1973; x_wconf 79' lang='grc' dir='ltr'>ἄλλων</span> <span class='ocrx_word' id='word_1_190' title='bbox 502 1921 636 1989; x_wconf 81' lang='grc' dir='ltr'>ἡμῖν</span> <span class='ocrx_word' id='word_1_191' title='bbox 667 1922 826 1991; x_wconf 87' lang='grc' dir='ltr'>χεῖρα</span> <span class='ocrx_word' id='word_1_192' title='bbox 856 1920 1243 1993; x_wconf 83' lang='grc' dir='ltr'>φιλάνθρωπον</span> <span class='ocrx_word' id='word_1_193' title='bbox 1274 1921 1366 1974; x_wconf 75' lang='grc' dir='ltr'>καὶ</span> <span class='ocrx_word' id='word_1_194' title='bbox 1404 1920 1747 1992; x_wconf 77' lang='grc' dir='ltr'>χειραγωγὸν</span> 
     </span>
    </p>
   </div>
   <div class='ocr_carea' id='block_1_33' title="bbox 162 2012 1751 2085">
    <p class='ocr_par' dir='ltr' id='par_1_33' title="bbox 162 2012 1751 2085">
     <span class='ocr_line' id='line_1_33' title="bbox 162 2012 1751 2085; baseline 0.002 -23"><span class='ocrx_word' id='word_1_195' title='bbox 162 2012 580 2081; x_wconf 75' lang='grc' dir='ltr'>προτεινόντων,</span> <span class='ocrx_word' id='word_1_196' title='bbox 603 2013 824 2084; x_wconf 77' lang='grc' dir='ltr'>ἀσφαλῆ</span> <span class='ocrx_word' id='word_1_197' title='bbox 853 2012 1133 2084; x_wconf 85' lang='grc' dir='ltr'>δυνάμεθα</span> <span class='ocrx_word' id='word_1_198' title='bbox 1163 2014 1261 2085; x_wconf 77' lang='grc' dir='ltr'>τὴν</span> <span class='ocrx_word' id='word_1_199' title='bbox 1289 2014 1528 2081; x_wconf 71' lang='grc' dir='ltr'>ἄγουσαν</span> <span class='ocrx_word' id='word_1_200' title='bbox 1565 2013 1751 2084; x_wconf 88' lang='grc' dir='ltr'>τρίϐον</span> 
     </span>
    </p>
   </div>
   <div class='ocr_carea' id='block_1_34' title="bbox 162 2100 1748 2173">
    <p class='ocr_par' dir='ltr' id='par_1_34' title="bbox 162 2100 1748 2173">
     <span class='ocr_line' id='line_1_34' title="bbox 162 2100 1748 2173; baseline -0.001 -19"><span class='ocrx_word' id='word_1_201' title='bbox 162 2101 298 2173; x_wconf 74' lang='grc' dir='ltr'>πρός</span> <span class='ocrx_word' id='word_1_202' title='bbox 314 2120 363 2155; x_wconf 89' lang='grc' dir='ltr'><strong>τι</strong></span> <span class='ocrx_word' id='word_1_203' title='bbox 382 2100 709 2173; x_wconf 61' lang='grc' dir='ltr'>ὑψηλότερον</span> <span class='ocrx_word' id='word_1_204' title='bbox 730 2105 821 2154; x_wconf 76' lang='grc' dir='ltr'>καὶ</span> <span class='ocrx_word' id='word_1_205' title='bbox 845 2102 985 2173; x_wconf 84' lang='grc' dir='ltr'>ὑπὲρ</span> <span class='ocrx_word' id='word_1_206' title='bbox 1010 2103 1157 2173; x_wconf 78' lang='grc' dir='ltr'>ἡμᾶς</span> <span class='ocrx_word' id='word_1_207' title='bbox 1180 2100 1533 2170; x_wconf 81' lang='grc' dir='ltr'>ποιήσασθαι.</span> <span class='ocrx_word' id='word_1_208' title='bbox 1564 2100 1748 2172; x_wconf 82' lang='grc' dir='ltr'>Ταύτῃ</span> 
     </span>
    </p>
   </div>
   <div class='ocr_carea' id='block_1_35' title="bbox 160 2192 1747 2265">
    <p class='ocr_par' dir='ltr' id='par_1_35' title="bbox 160 2192 1747 2265">
     <span class='ocr_line' id='line_1_35' title="bbox 160 2192 1747 2265; baseline 0 -20"><span class='ocrx_word' id='word_1_209' title='bbox 160 2211 238 2246; x_wconf 84' lang='grc' dir='ltr'><strong>τοι</strong></span> <span class='ocrx_word' id='word_1_210' title='bbox 265 2196 364 2248; x_wconf 66' lang='grc' dir='ltr'><strong>καὶ</strong></span> <span class='ocrx_word' id='word_1_211' title='bbox 398 2196 431 2265; x_wconf 84' lang='grc' dir='ltr'><strong>ή</strong></span> <span class='ocrx_word' id='word_1_212' title='bbox 474 2195 816 2265; x_wconf 81' lang='grc' dir='ltr'>παραίνεσις,</span> <span class='ocrx_word' id='word_1_213' title='bbox 848 2215 865 2247; x_wconf 89' lang='grc'><strong>‹</strong></span> <span class='ocrx_word' id='word_1_214' title='bbox 910 2192 1283 2260; x_wconf 77' lang='grc' dir='ltr'>Χαλεπὼτερά</span> <span class='ocrx_word' id='word_1_215' title='bbox 1315 2210 1409 2246; x_wconf 89' lang='grc' dir='ltr'><strong>σου</strong></span> <span class='ocrx_word' id='word_1_216' title='bbox 1460 2193 1535 2264; x_wconf 84' lang='grc' dir='ltr'>μὴ</span> <span class='ocrx_word' id='word_1_217' title='bbox 1568 2192 1747 2263; x_wconf 77' lang='grc' dir='ltr'>ζήτει,</span> 
     </span>
    </p>
   </div>
   <div class='ocr_carea' id='block_1_36' title="bbox 162 2282 1751 2360">
    <p class='ocr_par' dir='ltr' id='par_1_36' title="bbox 162 2282 1751 2360">
     <span class='ocr_line' id='line_1_36' title="bbox 162 2282 1751 2360; baseline -0.003 -19"><span class='ocrx_word' id='word_1_218' title='bbox 162 2282 319 2359; x_wconf 74' lang='grc' dir='ltr'>φησὶ,</span> <span class='ocrx_word' id='word_1_219' title='bbox 356 2289 450 2343; x_wconf 68' lang='grc' dir='ltr'>καὶ</span> <span class='ocrx_word' id='word_1_220' title='bbox 479 2287 820 2360; x_wconf 81' lang='grc' dir='ltr'>ἱσχυρὼτερά</span> <span class='ocrx_word' id='word_1_221' title='bbox 845 2306 937 2340; x_wconf 91' lang='grc' dir='ltr'><strong>σου</strong></span> <span class='ocrx_word' id='word_1_222' title='bbox 972 2288 1045 2358; x_wconf 79' lang='grc' dir='ltr'>μὴ</span> <span class='ocrx_word' id='word_1_223' title='bbox 1077 2285 1295 2354; x_wconf 75' lang='grc' dir='ltr'>ἐξέταζε</span> <span class='ocrx_word' id='word_1_224' title='bbox 1318 2303 1332 2317; x_wconf 78' lang='grc' dir='ltr'><strong>ο</strong></span> <span class='ocrx_word' id='word_1_225' title='bbox 1381 2306 1398 2338; x_wconf 77' lang='grc' dir='ltr'><strong>ι</strong></span> <span class='ocrx_word' id='word_1_226' title='bbox 1434 2286 1574 2355; x_wconf 86' lang='grc' dir='ltr'>πλὴν</span> <span class='ocrx_word' id='word_1_227' title='bbox 1604 2285 1751 2339; x_wconf 80' lang='grc' dir='ltr'>ἐπεί-</span> 
     </span>
    </p>
   </div>
   <div class='ocr_carea' id='block_1_37' title="bbox 164 2377 1750 2450">
    <p class='ocr_par' dir='ltr' id='par_1_37' title="bbox 164 2377 1750 2450">
     <span class='ocr_line' id='line_1_37' title="bbox 164 2377 1750 2450; baseline 0 -21"><span class='ocrx_word' id='word_1_228' title='bbox 164 2395 268 2448; x_wconf 92' lang='grc' dir='ltr'><strong>περ</strong></span> <span class='ocrx_word' id='word_1_229' title='bbox 306 2381 338 2450; x_wconf 87' lang='grc' dir='ltr'><strong>ή</strong></span> <span class='ocrx_word' id='word_1_230' title='bbox 375 2379 522 2450; x_wconf 79' lang='grc' dir='ltr'>πηγὴ</span> <span class='ocrx_word' id='word_1_231' title='bbox 555 2378 657 2448; x_wconf 75' lang='grc' dir='ltr'>τῆς</span> <span class='ocrx_word' id='word_1_232' title='bbox 680 2380 871 2448; x_wconf 85' lang='grc' dir='ltr'>σοφίας</span> <span class='ocrx_word' id='word_1_233' title='bbox 910 2380 1128 2448; x_wconf 79' lang='grc' dir='ltr'>καὶτῆς</span> <span class='ocrx_word' id='word_1_234' title='bbox 1168 2377 1524 2448; x_wconf 70' lang='grc' dir='ltr'>ἀγαθότητος,</span> <span class='ocrx_word' id='word_1_235' title='bbox 1562 2378 1750 2446; x_wconf 79' lang='grc' dir='ltr'>φιλαν-</span> 
     </span>
    </p>
   </div>
   <div class='ocr_carea' id='block_1_38' title="bbox 164 2469 1749 2543">
    <p class='ocr_par' dir='ltr' id='par_1_38' title="bbox 164 2469 1749 2543">
     <span class='ocr_line' id='line_1_38' title="bbox 164 2469 1749 2543; baseline -0.001 -20"><span class='ocrx_word' id='word_1_236' title='bbox 164 2470 408 2543; x_wconf 78' lang='grc' dir='ltr'>θρώποις</span> <span class='ocrx_word' id='word_1_237' title='bbox 456 2469 607 2541; x_wconf 75' lang='grc' dir='ltr'>ἦμᾶς</span> <span class='ocrx_word' id='word_1_238' title='bbox 656 2470 988 2540; x_wconf 79' lang='grc' dir='ltr'>ὑποσχέσεσι</span> <span class='ocrx_word' id='word_1_239' title='bbox 1040 2469 1358 2541; x_wconf 72' lang='grc' dir='ltr'>δεξιουμένη</span> <span class='ocrx_word' id='word_1_240' title='bbox 1394 2510 1409 2531; x_wconf 92' lang='grc'><strong>,</strong></span> <span class='ocrx_word' id='word_1_241' title='bbox 1446 2489 1463 2521; x_wconf 83' lang='grc' dir='ltr'><strong>ι</strong></span> <span class='ocrx_word' id='word_1_242' title='bbox 1514 2471 1749 2530; x_wconf 80' lang='grc' dir='ltr'>Αἰτεῖτε.</span> 
     </span>
    </p>
   </div>
   <div class='ocr_carea' id='block_1_39' title="bbox 168 2561 1752 2647">
    <p class='ocr_par' dir='ltr' id='par_1_39' title="bbox 168 2561 1752 2647">
     <span class='ocr_line' id='line_1_39' title="bbox 168 2561 1752 2647; baseline -0.001 -31"><span class='ocrx_word' id='word_1_243' title='bbox 168 2563 631 2633; x_wconf 73' lang='grc' dir='ltr'>παρεκελεύσατο,</span> <span class='ocrx_word' id='word_1_244' title='bbox 686 2562 781 2615; x_wconf 70' lang='grc' dir='ltr'><strong>καὶ</strong></span> <span class='ocrx_word' id='word_1_245' title='bbox 810 2561 1092 2633; x_wconf 76' lang='grc' dir='ltr'>δοθήσεται</span> <span class='ocrx_word' id='word_1_246' title='bbox 1154 2563 1316 2647; x_wconf 50' lang='grc' dir='ltr'>ὑμῖν·</span> <span class='ocrx_word' id='word_1_247' title='bbox 1357 2562 1584 2631; x_wconf 76' lang='grc' dir='ltr'>κρούετε</span> <span class='ocrx_word' id='word_1_248' title='bbox 1606 2604 1621 2627; x_wconf 92' lang='grc'><strong>,</strong></span> <span class='ocrx_word' id='word_1_249' title='bbox 1657 2562 1752 2615; x_wconf 72' lang='grc' dir='ltr'><strong>καὶ</strong></span> 
     </span>
    </p>
   </div>
   <div class='ocr_carea' id='block_1_40' title="bbox 168 2654 1749 2726">
    <p class='ocr_par' dir='ltr' id='par_1_40' title="bbox 168 2654 1749 2726">
     <span class='ocr_line' id='line_1_40' title="bbox 168 2654 1749 2726; baseline -0.001 -19"><span class='ocrx_word' id='word_1_250' title='bbox 168 2655 536 2723; x_wconf 79' lang='grc' dir='ltr'>ἀνοιγήσεται,</span> <span class='ocrx_word' id='word_1_251' title='bbox 559 2675 577 2705; x_wconf 75' lang='grc' dir='ltr'><strong>ι</strong></span> <span class='ocrx_word' id='word_1_252' title='bbox 608 2655 781 2726; x_wconf 78' lang='grc' dir='ltr'>ταύτῃ</span> <span class='ocrx_word' id='word_1_253' title='bbox 809 2657 879 2725; x_wconf 82' lang='grc' dir='ltr'>τῇ</span> <span class='ocrx_word' id='word_1_254' title='bbox 912 2654 1215 2725; x_wconf 70' lang='grc' dir='ltr'>ἐπαγγελία</span> <span class='ocrx_word' id='word_1_255' title='bbox 1249 2656 1345 2725; x_wconf 68' lang='grc' dir='ltr'>τῆς</span> <span class='ocrx_word' id='word_1_256' title='bbox 1380 2654 1749 2708; x_wconf 84' lang='grc' dir='ltr'>ἐνυποστάτου</span> 
     </span>
    </p>
   </div>
   <div class='ocr_carea' id='block_1_41' title="bbox 170 2742 1749 2816">
    <p class='ocr_par' dir='ltr' id='par_1_41' title="bbox 170 2742 1749 2816">
     <span class='ocr_line' id='line_1_41' title="bbox 170 2742 1749 2816; baseline -0.001 -18"><span class='ocrx_word' id='word_1_257' title='bbox 170 2745 426 2816; x_wconf 80' lang='grc' dir='ltr'>ἀληθείας</span> <span class='ocrx_word' id='word_1_258' title='bbox 458 2745 774 2807; x_wconf 80' lang='grc' dir='ltr'>πεποιθότες</span> <span class='ocrx_word' id='word_1_259' title='bbox 803 2744 896 2797; x_wconf 73' lang='grc' dir='ltr'>καὶ</span> <span class='ocrx_word' id='word_1_260' title='bbox 923 2742 1256 2815; x_wconf 78' lang='grc' dir='ltr'>κρούσαντες</span> <span class='ocrx_word' id='word_1_261' title='bbox 1282 2744 1378 2797; x_wconf 71' lang='grc' dir='ltr'>καὶ</span> <span class='ocrx_word' id='word_1_262' title='bbox 1403 2743 1749 2814; x_wconf 77' lang='grc' dir='ltr'>αἰτήσαντες,</span> 
     </span>
    </p>
   </div>
   <div class='ocr_carea' id='block_1_42' title="bbox 172 2814 1826 2908">
    <p class='ocr_par' dir='ltr' id='par_1_42' title="bbox 172 2814 1826 2908">
     <span class='ocr_line' id='line_1_42' title="bbox 172 2814 1826 2908; baseline 0.001 -19"><span class='ocrx_word' id='word_1_263' title='bbox 172 2838 215 2889; x_wconf 85' lang='grc' dir='ltr'><strong>εί</strong></span> <span class='ocrx_word' id='word_1_264' title='bbox 241 2814 296 2889; x_wconf 82' lang='grc' dir='ltr'>δὲ</span> <span class='ocrx_word' id='word_1_265' title='bbox 325 2836 534 2889; x_wconf 79' lang='grc' dir='ltr'>δέδοται</span> <span class='ocrx_word' id='word_1_266' title='bbox 576 2838 669 2889; x_wconf 70' lang='grc' dir='ltr'>καὶ</span> <span class='ocrx_word' id='word_1_267' title='bbox 702 2814 999 2906; x_wconf 75' lang='grc' dir='ltr'>ήνέῳκται,</span> <span class='ocrx_word' id='word_1_268' title='bbox 1033 2835 1266 2908; x_wconf 83' lang='grc' dir='ltr'>δηλώσει</span> <span class='ocrx_word' id='word_1_269' title='bbox 1298 2839 1324 2889; x_wconf 97' lang='lat'><strong>6</strong></span> <span class='ocrx_word' id='word_1_270' title='bbox 1358 2836 1535 2905; x_wconf 84' lang='grc' dir='ltr'>λόγος.</span> <span class='ocrx_word' id='word_1_271' title='bbox 1571 2839 1755 2907; x_wconf 76' lang='grc' dir='ltr'>Φαμὲν</span> <span class='ocrx_word' id='word_1_272' title='bbox 1783 2814 1826 2872; x_wconf 75' lang='lat' dir='ltr'>c</span> 
     </span>
    </p>
   </div>
   <div class='ocr_carea' id='block_1_43' title="bbox 169 2928 1761 3002">
    <p class='ocr_par' dir='ltr' id='par_1_43' title="bbox 169 2928 1761 3002">
     <span class='ocr_line' id='line_1_43' title="bbox 169 2928 1761 3002; baseline 0.003 -23"><span class='ocrx_word' id='word_1_273' title='bbox 169 2930 295 2992; x_wconf 82' lang='grc' dir='ltr'>ὼςδ</span> <span class='ocrx_word' id='word_1_274' title='bbox 323 2928 459 2993; x_wconf 74' lang='grc' dir='ltr'>Θεὸς</span> <span class='ocrx_word' id='word_1_275' title='bbox 509 2929 773 2997; x_wconf 76' lang='grc' dir='ltr'>ἐφύτευσε</span> <span class='ocrx_word' id='word_1_276' title='bbox 824 2931 916 2981; x_wconf 72' lang='grc' dir='ltr'><strong>τὸν</strong></span> <span class='ocrx_word' id='word_1_277' title='bbox 958 2930 1304 2999; x_wconf 79' lang='grc' dir='ltr'>παράδεισον,</span> <span class='ocrx_word' id='word_1_278' title='bbox 1348 2931 1409 2982; x_wconf 80' lang='grc' dir='ltr'><strong>οὑ</strong></span> <span class='ocrx_word' id='word_1_279' title='bbox 1457 2930 1548 2983; x_wconf 63' lang='grc' dir='ltr'><strong>τὸν</strong></span> <span class='ocrx_word' id='word_1_280' title='bbox 1589 2931 1761 3002; x_wconf 66' lang='grc' dir='ltr'>Ἀδάμ</span> 
     </span>
    </p>
   </div>
   <div class='ocr_carea' id='block_1_44' title="bbox 174 3021 1757 3095">
    <p class='ocr_par' dir='ltr' id='par_1_44' title="bbox 174 3021 1757 3095">
     <span class='ocr_line' id='line_1_44' title="bbox 174 3021 1757 3095; baseline 0.003 -22"><span class='ocrx_word' id='word_1_281' title='bbox 174 3022 380 3075; x_wconf 78' lang='grc' dir='ltr'>ἐκεῖθεν</span> <span class='ocrx_word' id='word_1_282' title='bbox 409 3022 572 3085; x_wconf 75' lang='grc' dir='ltr'>εὐθὺς</span> <span class='ocrx_word' id='word_1_283' title='bbox 603 3022 811 3093; x_wconf 83' lang='grc' dir='ltr'>μέλλων</span> <span class='ocrx_word' id='word_1_284' title='bbox 839 3021 1085 3075; x_wconf 80' lang='grc' dir='ltr'>ἐλαύνειν</span> <span class='ocrx_word' id='word_1_285' title='bbox 1133 3038 1147 3052; x_wconf 82' lang='grc'><em>’</em></span> <span class='ocrx_word' id='word_1_286' title='bbox 1179 3022 1300 3076; x_wconf 74' lang='grc' dir='ltr'><strong>οὐδὲ</strong></span> <span class='ocrx_word' id='word_1_287' title='bbox 1331 3023 1438 3095; x_wconf 87' lang='grc' dir='ltr'><strong>γάρ</strong></span> <span class='ocrx_word' id='word_1_288' title='bbox 1467 3023 1574 3076; x_wconf 75' lang='grc' dir='ltr'><strong>οὐδ’</strong></span> <span class='ocrx_word' id='word_1_289' title='bbox 1599 3023 1757 3094; x_wconf 78' lang='grc' dir='ltr'>ἔμελ-</span> 
     </span>
    </p>
   </div>
   <div class='ocr_carea' id='block_1_45' title="bbox 174 3113 1759 3187">
    <p class='ocr_par' dir='ltr' id='par_1_45' title="bbox 174 3113 1759 3187">
     <span class='ocr_line' id='line_1_45' title="bbox 174 3113 1759 3187; baseline 0.003 -21"><span class='ocrx_word' id='word_1_290' title='bbox 174 3114 260 3168; x_wconf 90' lang='grc' dir='ltr'><strong>λεν</strong></span> <span class='ocrx_word' id='word_1_291' title='bbox 298 3115 408 3168; x_wconf 76' lang='grc' dir='ltr'>οὐδ’</span> <span class='ocrx_word' id='word_1_292' title='bbox 444 3114 595 3168; x_wconf 77' lang='grc' dir='ltr'>ἔθετο</span> <span class='ocrx_word' id='word_1_293' title='bbox 651 3113 854 3168; x_wconf 78' lang='grc' dir='ltr'>σκοπὸν</span> <span class='ocrx_word' id='word_1_294' title='bbox 886 3115 1042 3186; x_wconf 75' lang='grc' dir='ltr'>χερσὶ</span> <span class='ocrx_word' id='word_1_295' title='bbox 1071 3114 1412 3170; x_wconf 89' lang='grc' dir='ltr'>διαπλάττων</span> <span class='ocrx_word' id='word_1_296' title='bbox 1440 3116 1533 3169; x_wconf 74' lang='grc' dir='ltr'><strong>τὸν</strong></span> <span class='ocrx_word' id='word_1_297' title='bbox 1563 3116 1759 3187; x_wconf 77' lang='grc' dir='ltr'>Ἀδὰμ,</span> 
     </span>
    </p>
   </div>
   <div class='ocr_carea' id='block_1_46' title="bbox 179 3203 1762 3283">
    <p class='ocr_par' dir='ltr' id='par_1_46' title="bbox 179 3203 1762 3283">
     <span class='ocr_line' id='line_1_46' title="bbox 179 3203 1762 3283; baseline 0.004 -29"><span class='ocrx_word' id='word_1_298' title='bbox 179 3204 269 3283; x_wconf 78' lang='grc' dir='ltr'>καὶ</span> <span class='ocrx_word' id='word_1_299' title='bbox 300 3203 631 3272; x_wconf 73' lang='grc' dir='ltr'>παράδεισον</span> <span class='ocrx_word' id='word_1_300' title='bbox 670 3204 1016 3276; x_wconf 71' lang='grc' dir='ltr'>φυτουργιῶν</span> <span class='ocrx_word' id='word_1_301' title='bbox 1046 3204 1336 3276; x_wconf 76' lang='grc' dir='ltr'>ὑπερόριον</span> <span class='ocrx_word' id='word_1_302' title='bbox 1360 3206 1522 3271; x_wconf 76' lang='grc' dir='ltr'>εὐθὺς</span> <span class='ocrx_word' id='word_1_303' title='bbox 1553 3207 1762 3261; x_wconf 78' lang='grc' dir='ltr'>ἐκεῖθεν</span> 
     </span>
    </p>
   </div>
   <div class='ocr_carea' id='block_1_47' title="bbox 178 3296 1765 3370">
    <p class='ocr_par' dir='ltr' id='par_1_47' title="bbox 178 3296 1765 3370">
     <span class='ocr_line' id='line_1_47' title="bbox 178 3296 1765 3370; baseline 0.004 -23"><span class='ocrx_word' id='word_1_304' title='bbox 178 3298 368 3357; x_wconf 85' lang='grc' dir='ltr'>ποιεῖν,</span> <span class='ocrx_word' id='word_1_305' title='bbox 398 3296 493 3348; x_wconf 74' lang='grc' dir='ltr'>καὶ</span> <span class='ocrx_word' id='word_1_306' title='bbox 520 3296 619 3365; x_wconf 80' lang='grc' dir='ltr'>τῆς</span> <span class='ocrx_word' id='word_1_307' title='bbox 651 3296 1043 3368; x_wconf 84' lang='grc' dir='ltr'>ἁφορισθείσης</span> <span class='ocrx_word' id='word_1_308' title='bbox 1065 3297 1214 3368; x_wconf 81' lang='grc' dir='ltr'>αὑτῷ</span> <span class='ocrx_word' id='word_1_309' title='bbox 1249 3298 1529 3370; x_wconf 79' lang='grc' dir='ltr'>μακαρίας</span> <span class='ocrx_word' id='word_1_310' title='bbox 1561 3301 1765 3368; x_wconf 88' lang='grc' dir='ltr'>διαγω-</span> 
     </span>
    </p>
   </div>
   <div class='ocr_carea' id='block_1_48' title="bbox 178 3387 1763 3462">
    <p class='ocr_par' dir='ltr' id='par_1_48' title="bbox 178 3387 1763 3462">
     <span class='ocr_line' id='line_1_48' title="bbox 178 3387 1763 3462; baseline 0.002 -22"><span class='ocrx_word' id='word_1_311' title='bbox 178 3389 297 3458; x_wconf 76' lang='grc' dir='ltr'>γῆςο</span> <span class='ocrx_word' id='word_1_312' title='bbox 326 3387 447 3439; x_wconf 84' lang='grc' dir='ltr'>ἀλλ’</span> <span class='ocrx_word' id='word_1_313' title='bbox 487 3388 691 3451; x_wconf 66' lang='grc' dir='ltr'>ἐκεῖνος</span> <span class='ocrx_word' id='word_1_314' title='bbox 714 3387 805 3441; x_wconf 80' lang='grc' dir='ltr'>τὸν</span> <span class='ocrx_word' id='word_1_315' title='bbox 833 3388 997 3457; x_wconf 86' lang='grc' dir='ltr'>νόμον</span> <span class='ocrx_word' id='word_1_316' title='bbox 1024 3388 1123 3459; x_wconf 77' lang='grc' dir='ltr'>τῆς</span> <span class='ocrx_word' id='word_1_317' title='bbox 1147 3388 1366 3461; x_wconf 80' lang='grc' dir='ltr'>ἐντολῆς</span> <span class='ocrx_word' id='word_1_318' title='bbox 1384 3391 1465 3454; x_wconf 89' lang='grc' dir='ltr'><strong>είς</strong></span> <span class='ocrx_word' id='word_1_319' title='bbox 1506 3389 1763 3462; x_wconf 81' lang='grc' dir='ltr'>ἀθέτησιν</span> 
     </span>
    </p>
   </div>
   <div class='ocr_carea' id='block_1_49' title="bbox 178 3477 1764 3554">
    <p class='ocr_par' dir='ltr' id='par_1_49' title="bbox 178 3477 1764 3554">
     <span class='ocr_line' id='line_1_49' title="bbox 178 3477 1764 3554; baseline 0.004 -26"><span class='ocrx_word' id='word_1_320' title='bbox 178 3477 367 3541; x_wconf 68' lang='grc' dir='ltr'>λύσας,</span> <span class='ocrx_word' id='word_1_321' title='bbox 405 3480 499 3532; x_wconf 73' lang='grc' dir='ltr'>καὶ</span> <span class='ocrx_word' id='word_1_322' title='bbox 541 3480 641 3549; x_wconf 73' lang='grc' dir='ltr'>τὴν</span> <span class='ocrx_word' id='word_1_323' title='bbox 709 3480 877 3550; x_wconf 80' lang='grc' dir='ltr'>ἄλλην</span> <span class='ocrx_word' id='word_1_324' title='bbox 931 3480 1270 3552; x_wconf 75' lang='grc' dir='ltr'>εὐφροσύνην</span> <span class='ocrx_word' id='word_1_325' title='bbox 1310 3482 1391 3546; x_wconf 84' lang='grc' dir='ltr'><strong>είς</strong></span> <span class='ocrx_word' id='word_1_326' title='bbox 1420 3481 1599 3554; x_wconf 84' lang='grc' dir='ltr'>λύπην</span> <span class='ocrx_word' id='word_1_327' title='bbox 1636 3499 1764 3553; x_wconf 84' lang='grc' dir='ltr'>μετ-</span> 
     </span>
    </p>
   </div>
   <div class='ocr_carea' id='block_1_50' title="bbox 179 3570 1763 3646">
    <p class='ocr_par' dir='ltr' id='par_1_50' title="bbox 179 3570 1763 3646">
     <span class='ocr_line' id='line_1_50' title="bbox 179 3570 1763 3646; baseline 0.002 -23"><span class='ocrx_word' id='word_1_328' title='bbox 179 3570 427 3641; x_wconf 79' lang='grc' dir='ltr'>ήνεγκεν,</span> <span class='ocrx_word' id='word_1_329' title='bbox 454 3572 546 3625; x_wconf 75' lang='grc' dir='ltr'>καὶ</span> <span class='ocrx_word' id='word_1_330' title='bbox 566 3571 660 3624; x_wconf 73' lang='grc' dir='ltr'>τοῦ</span> <span class='ocrx_word' id='word_1_331' title='bbox 680 3571 1010 3643; x_wconf 82' lang='grc' dir='ltr'>παραδείσου</span> <span class='ocrx_word' id='word_1_332' title='bbox 1031 3571 1131 3643; x_wconf 81' lang='grc' dir='ltr'>τὴν</span> <span class='ocrx_word' id='word_1_333' title='bbox 1154 3572 1381 3645; x_wconf 75' lang='grc' dir='ltr'>ἐκϐολὴν</span> <span class='ocrx_word' id='word_1_334' title='bbox 1410 3574 1763 3646; x_wconf 89' lang='grc' dir='ltr'>συνεισήνεγ-</span> 
     </span>
    </p>
   </div>
   <div class='ocr_carea' id='block_1_51' title="bbox 179 3659 1763 3731">
    <p class='ocr_par' dir='ltr' id='par_1_51' title="bbox 179 3659 1763 3731">
     <span class='ocr_line' id='line_1_51' title="bbox 179 3659 1763 3731; baseline 0.002 -19"><span class='ocrx_word' id='word_1_335' title='bbox 179 3678 293 3713; x_wconf 78' lang='grc' dir='ltr'>κενο</span> <span class='ocrx_word' id='word_1_336' title='bbox 332 3660 459 3713; x_wconf 72' lang='grc' dir='ltr'>ἐπεὶ</span> <span class='ocrx_word' id='word_1_337' title='bbox 505 3659 699 3731; x_wconf 80' lang='grc' dir='ltr'>ὥσπερ</span> <span class='ocrx_word' id='word_1_338' title='bbox 731 3661 961 3714; x_wconf 76' lang='grc' dir='ltr'>θάνατον</span> <span class='ocrx_word' id='word_1_339' title='bbox 991 3661 1019 3713; x_wconf 93' lang='lat'><strong>6</strong></span> <span class='ocrx_word' id='word_1_340' title='bbox 1052 3660 1185 3724; x_wconf 73' lang='grc' dir='ltr'>Θεὸς</span> <span class='ocrx_word' id='word_1_341' title='bbox 1211 3661 1309 3713; x_wconf 83' lang='grc' dir='ltr'><strong>οὑκ</strong></span> <span class='ocrx_word' id='word_1_342' title='bbox 1344 3662 1619 3731; x_wconf 74' lang='grc' dir='ltr'>ἐποίησεν,</span> <span class='ocrx_word' id='word_1_343' title='bbox 1646 3660 1763 3716; x_wconf 79' lang='grc' dir='ltr'>ἀλλ’</span> 
     </span>
    </p>
   </div>
   <div class='ocr_carea' id='block_1_52' title="bbox 182 3752 1761 3825">
    <p class='ocr_par' dir='ltr' id='par_1_52' title="bbox 182 3752 1761 3825">
     <span class='ocr_line' id='line_1_52' title="bbox 182 3752 1761 3825; baseline 0.002 -21"><span class='ocrx_word' id='word_1_344' title='bbox 182 3753 235 3804; x_wconf 79' lang='grc' dir='ltr'>ὲν</span> <span class='ocrx_word' id='word_1_345' title='bbox 256 3752 537 3825; x_wconf 69' lang='grc' dir='ltr'>ἀρῤαϐὦνι</span> <span class='ocrx_word' id='word_1_346' title='bbox 562 3752 660 3823; x_wconf 81' lang='grc' dir='ltr'>τῆς</span> <span class='ocrx_word' id='word_1_347' title='bbox 680 3752 978 3816; x_wconf 80' lang='grc' dir='ltr'>ἀθανασίας</span> <span class='ocrx_word' id='word_1_348' title='bbox 998 3753 1087 3805; x_wconf 62' lang='grc' dir='ltr'>τὶν</span> <span class='ocrx_word' id='word_1_349' title='bbox 1116 3752 1402 3822; x_wconf 80' lang='grc' dir='ltr'>ἄνθρωπον</span> <span class='ocrx_word' id='word_1_350' title='bbox 1420 3754 1761 3825; x_wconf 77' lang='grc' dir='ltr'>ἑπλαστούρ-</span> 
     </span>
    </p>
   </div>
   <div class='ocr_carea' id='block_1_53' title="bbox 181 3842 1760 3915">
    <p class='ocr_par' dir='ltr' id='par_1_53' title="bbox 181 3842 1760 3915">
     <span class='ocr_line' id='line_1_53' title="bbox 181 3842 1760 3915; baseline -0.003 -18"><span class='ocrx_word' id='word_1_351' title='bbox 181 3860 364 3914; x_wconf 75' lang='grc' dir='ltr'>γησεν,</span> <span class='ocrx_word' id='word_1_352' title='bbox 395 3842 568 3906; x_wconf 77' lang='grc' dir='ltr'>οὕτως</span> <span class='ocrx_word' id='word_1_353' title='bbox 606 3844 727 3896; x_wconf 73' lang='grc' dir='ltr'>οὑδὲ</span> <span class='ocrx_word' id='word_1_354' title='bbox 763 3842 857 3896; x_wconf 75' lang='grc' dir='ltr'><strong>τοῦ</strong></span> <span class='ocrx_word' id='word_1_355' title='bbox 910 3842 1056 3912; x_wconf 74' lang='grc' dir='ltr'>ίεροῦ</span> <span class='ocrx_word' id='word_1_356' title='bbox 1111 3842 1333 3914; x_wconf 86' lang='grc' dir='ltr'>χωρίου,</span> <span class='ocrx_word' id='word_1_357' title='bbox 1359 3843 1477 3896; x_wconf 79' lang='grc' dir='ltr'>οὑδὲ</span> <span class='ocrx_word' id='word_1_358' title='bbox 1515 3845 1613 3915; x_wconf 76' lang='grc' dir='ltr'>τῆς</span> <span class='ocrx_word' id='word_1_359' title='bbox 1654 3861 1760 3915; x_wconf 83' lang='grc' dir='ltr'>μα-</span> 
     </span>
    </p>
   </div>
   <div class='ocr_carea' id='block_1_54' title="bbox 182 3932 1760 4006">
    <p class='ocr_par' dir='ltr' id='par_1_54' title="bbox 182 3932 1760 4006">
     <span class='ocr_line' id='line_1_54' title="bbox 182 3932 1760 4006; baseline 0.001 -20"><span class='ocrx_word' id='word_1_360' title='bbox 182 3935 375 4006; x_wconf 81' lang='grc' dir='ltr'>καρίας</span> <span class='ocrx_word' id='word_1_361' title='bbox 409 3934 571 3988; x_wconf 73' lang='grc' dir='ltr'>αὑτὸν</span> <span class='ocrx_word' id='word_1_362' title='bbox 604 3936 815 4006; x_wconf 77' lang='grc' dir='ltr'>τρυφῆς</span> <span class='ocrx_word' id='word_1_363' title='bbox 872 3932 1233 4004; x_wconf 84' lang='grc' dir='ltr'>ὑπερώρισεν·</span> <span class='ocrx_word' id='word_1_364' title='bbox 1272 3933 1386 3988; x_wconf 79' lang='grc' dir='ltr'>ἀλλ’</span> <span class='ocrx_word' id='word_1_365' title='bbox 1416 3935 1583 3999; x_wconf 74' lang='grc' dir='ltr'>αὑτὸς</span> <span class='ocrx_word' id='word_1_366' title='bbox 1620 3938 1647 3990; x_wconf 88' lang='lat'><strong>6</strong></span> <span class='ocrx_word' id='word_1_367' title='bbox 1668 3935 1760 3988; x_wconf 72' lang='grc' dir='ltr'><strong>τοῦ</strong></span> 
     </span>
    </p>
   </div>
   <div class='ocr_carea' id='block_1_55' title="bbox 184 4024 1762 4097">
    <p class='ocr_par' dir='ltr' id='par_1_55' title="bbox 184 4024 1762 4097">
     <span class='ocr_line' id='line_1_55' title="bbox 184 4024 1762 4097; baseline 0.002 -21"><span class='ocrx_word' id='word_1_368' title='bbox 184 4026 520 4093; x_wconf 82' lang='grc' dir='ltr'>παραδείσου</span> <span class='ocrx_word' id='word_1_369' title='bbox 591 4026 808 4096; x_wconf 82' lang='grc' dir='ltr'>πρῶτος</span> <span class='ocrx_word' id='word_1_370' title='bbox 874 4025 1135 4095; x_wconf 85' lang='grc' dir='ltr'>πολίτης,</span> <span class='ocrx_word' id='word_1_371' title='bbox 1203 4029 1270 4097; x_wconf 82' lang='grc' dir='ltr'><strong>τῇ</strong></span> <span class='ocrx_word' id='word_1_372' title='bbox 1336 4024 1613 4097; x_wconf 80' lang='grc' dir='ltr'>συμϐουλῇ</span> <span class='ocrx_word' id='word_1_373' title='bbox 1671 4026 1762 4079; x_wconf 76' lang='grc' dir='ltr'>τοῦ</span> 
     </span>
    </p>
   </div>
   <div class='ocr_carea' id='block_1_56' title="bbox 1859 1540 3453 1619">
    <p class='ocr_par' dir='ltr' id='par_1_56' title="bbox 1859 1540 3453 1619">
     <span class='ocr_line' id='line_1_56' title="bbox 1859 1540 3453 1619; baseline -0.004 -18"><span class='ocrx_word' id='word_1_374' title='bbox 1859 1547 2212 1619; x_wconf 86' lang='lat' dir='ltr'><strong>inquirantur</strong></span> <span class='ocrx_word' id='word_1_375' title='bbox 2242 1559 2295 1603; x_wconf 89' lang='lat' dir='ltr'><strong>et</strong></span> <span class='ocrx_word' id='word_1_376' title='bbox 2319 1545 2882 1617; x_wconf 88' lang='lat' dir='ltr'><strong>comprehendantur,</strong></span> <span class='ocrx_word' id='word_1_377' title='bbox 2906 1542 3076 1599; x_wconf 89' lang='lat' dir='ltr'><strong>Paulo</strong></span> <span class='ocrx_word' id='word_1_378' title='bbox 3109 1550 3164 1598; x_wconf 85' lang='lat' dir='ltr'><strong>et</strong></span> <span class='ocrx_word' id='word_1_379' title='bbox 3183 1540 3453 1597; x_wconf 85' lang='lat' dir='ltr'><strong>similibus</strong></span> 
     </span>
    </p>
   </div>
   <div class='ocr_carea' id='block_1_57' title="bbox 1868 1632 3451 1709">
    <p class='ocr_par' dir='ltr' id='par_1_57' title="bbox 1868 1632 3451 1709">
     <span class='ocr_line' id='line_1_57' title="bbox 1868 1632 3451 1709; baseline -0.005 -16"><span class='ocrx_word' id='word_1_380' title='bbox 1868 1638 2023 1695; x_wconf 85' lang='lat' dir='ltr'><strong>Pauli</strong></span> <span class='ocrx_word' id='word_1_381' title='bbox 2060 1641 2127 1694; x_wconf 89' lang='lat' dir='ltr'><strong>ad</strong></span> <span class='ocrx_word' id='word_1_382' title='bbox 2157 1638 2674 1709; x_wconf 79' lang='lat' dir='ltr'><strong>contemplationem</strong></span> <span class='ocrx_word' id='word_1_383' title='bbox 2710 1636 2908 1700; x_wconf 92' lang='lat' dir='ltr'><strong>attolli,</strong></span> <span class='ocrx_word' id='word_1_384' title='bbox 2947 1649 3056 1690; x_wconf 91' lang='lat' dir='ltr'><strong>non</strong></span> <span class='ocrx_word' id='word_1_385' title='bbox 3110 1632 3451 1703; x_wconf 89' lang='lat' dir='ltr'><strong>impossibile</strong></span> 
     </span>
    </p>
   </div>
   <div class='ocr_carea' id='block_1_58' title="bbox 1864 1731 3453 1803">
    <p class='ocr_par' dir='ltr' id='par_1_58' title="bbox 1864 1731 3453 1803">
     <span class='ocr_line' id='line_1_58' title="bbox 1864 1731 3453 1803; baseline -0.004 -16"><span class='ocrx_word' id='word_1_386' title='bbox 1864 1733 1968 1789; x_wconf 91' lang='lat' dir='ltr'><strong>fuit</strong></span> <span class='ocrx_word' id='word_1_387' title='bbox 2007 1748 2184 1803; x_wconf 88' lang='lat' dir='ltr'><strong>neque</strong></span> <span class='ocrx_word' id='word_1_388' title='bbox 2226 1732 2498 1788; x_wconf 90' lang='lat' dir='ltr'><strong>lubricum</strong></span> <span class='ocrx_word' id='word_1_389' title='bbox 2546 1749 2561 1784; x_wconf 87' lang='lat'><strong>:</strong></span> <span class='ocrx_word' id='word_1_390' title='bbox 2604 1731 2918 1799; x_wconf 88' lang='lat' dir='ltr'><strong>quicunque</strong></span> <span class='ocrx_word' id='word_1_391' title='bbox 2958 1736 3141 1783; x_wconf 90' lang='lat' dir='ltr'><strong>autem</strong></span> <span class='ocrx_word' id='word_1_392' title='bbox 3188 1742 3356 1782; x_wconf 87' lang='lat' dir='ltr'><strong>carne</strong></span> <span class='ocrx_word' id='word_1_393' title='bbox 3397 1734 3453 1781; x_wconf 88' lang='lat' dir='ltr'><strong>et</strong></span> 
     </span>
    </p>
   </div>
   <div class='ocr_carea' id='block_1_59' title="bbox 1863 1810 3448 1897">
    <p class='ocr_par' dir='ltr' id='par_1_59' title="bbox 1863 1810 3448 1897">
     <span class='ocr_line' id='line_1_59' title="bbox 1863 1810 3448 1897; baseline -0.005 -17"><span class='ocrx_word' id='word_1_394' title='bbox 1863 1826 1985 1897; x_wconf 77' lang='lat' dir='ltr'><strong>ejus</strong></span> <span class='ocrx_word' id='word_1_395' title='bbox 2018 1826 2362 1881; x_wconf 81' lang='lat' dir='ltr'><strong>voluntatum</strong></span> <span class='ocrx_word' id='word_1_396' title='bbox 2398 1824 2638 1895; x_wconf 89' lang='lat' dir='ltr'><strong>pondere</strong></span> <span class='ocrx_word' id='word_1_397' title='bbox 2676 1824 2840 1878; x_wconf 87' lang='lat' dir='ltr'><strong>simul</strong></span> <span class='ocrx_word' id='word_1_398' title='bbox 2866 1823 3124 1878; x_wconf 87' lang='lat' dir='ltr'><strong>deorsum</strong></span> <span class='ocrx_word' id='word_1_399' title='bbox 3156 1810 3448 1885; x_wconf 85' lang='lat' dir='ltr'><strong>trahimur,</strong></span> 
     </span>
    </p>
   </div>
   <div class='ocr_carea' id='block_1_60' title="bbox 1873 1913 3449 1990">
    <p class='ocr_par' dir='ltr' id='par_1_60' title="bbox 1873 1913 3449 1990">
     <span class='ocr_line' id='line_1_60' title="bbox 1873 1913 3449 1990; baseline -0.006 -16"><span class='ocrx_word' id='word_1_400' title='bbox 1873 1936 1942 1975; x_wconf 90' lang='lat' dir='ltr'><strong>ne</strong></span> <span class='ocrx_word' id='word_1_401' title='bbox 1988 1920 2111 1975; x_wconf 87' lang='lat' dir='ltr'><strong>aliis</strong></span> <span class='ocrx_word' id='word_1_402' title='bbox 2140 1919 2359 1990; x_wconf 89' lang='lat' dir='ltr'><strong>quidem</strong></span> <span class='ocrx_word' id='word_1_403' title='bbox 2404 1917 2563 1973; x_wconf 85' lang='lat' dir='ltr'><strong>nobis</strong></span> <span class='ocrx_word' id='word_1_404' title='bbox 2594 1932 2816 1971; x_wconf 90' lang='lat' dir='ltr'><strong>manum</strong></span> <span class='ocrx_word' id='word_1_405' title='bbox 2868 1914 3185 1971; x_wconf 83' lang='lat' dir='ltr'><strong>benevolam</strong></span> <span class='ocrx_word' id='word_1_406' title='bbox 3242 1923 3297 1967; x_wconf 90' lang='lat' dir='ltr'><strong>et</strong></span> <span class='ocrx_word' id='word_1_407' title='bbox 3347 1913 3449 1966; x_wconf 90' lang='lat' dir='ltr'><strong>du-</strong></span> 
     </span>
    </p>
   </div>
   <div class='ocr_carea' id='block_1_61' title="bbox 1858 2007 3452 2084">
    <p class='ocr_par' dir='ltr' id='par_1_61' title="bbox 1858 2007 3452 2084">
     <span class='ocr_line' id='line_1_61' title="bbox 1858 2007 3452 2084; baseline -0.006 -15"><span class='ocrx_word' id='word_1_408' title='bbox 1858 2014 2081 2069; x_wconf 86' lang='lat' dir='ltr'><strong>ctricem</strong></span> <span class='ocrx_word' id='word_1_409' title='bbox 2112 2012 2588 2084; x_wconf 88' lang='lat' dir='ltr'><strong>protendentibus,</strong></span> <span class='ocrx_word' id='word_1_410' title='bbox 2639 2025 2889 2067; x_wconf 87' lang='lat' dir='ltr'><strong>securam</strong></span> <span class='ocrx_word' id='word_1_411' title='bbox 2923 2024 3219 2080; x_wconf 91' lang='lat' dir='ltr'><strong>possumus</strong></span> <span class='ocrx_word' id='word_1_412' title='bbox 3250 2007 3452 2062; x_wconf 86' lang='lat' dir='ltr'><strong>ducen-</strong></span> 
     </span>
    </p>
   </div>
   <div class='ocr_carea' id='block_1_62' title="bbox 1852 2101 3444 2174">
    <p class='ocr_par' dir='ltr' id='par_1_62' title="bbox 1852 2101 3444 2174">
     <span class='ocr_line' id='line_1_62' title="bbox 1852 2101 3444 2174; baseline -0.006 -12"><span class='ocrx_word' id='word_1_413' title='bbox 1852 2116 1960 2161; x_wconf 87' lang='lat' dir='ltr'><strong>tem</strong></span> <span class='ocrx_word' id='word_1_414' title='bbox 1997 2106 2247 2161; x_wconf 81' lang='lat' dir='ltr'><strong>semitam</strong></span> <span class='ocrx_word' id='word_1_415' title='bbox 2282 2105 2347 2158; x_wconf 86' lang='lat' dir='ltr'><strong>ad</strong></span> <span class='ocrx_word' id='word_1_416' title='bbox 2378 2103 2582 2174; x_wconf 90' lang='lat' dir='ltr'><strong>aliquid</strong></span> <span class='ocrx_word' id='word_1_417' title='bbox 2628 2103 2925 2158; x_wconf 90' lang='lat' dir='ltr'><strong>sublimius</strong></span> <span class='ocrx_word' id='word_1_418' title='bbox 2980 2111 3034 2157; x_wconf 88' lang='lat' dir='ltr'><strong>et</strong></span> <span class='ocrx_word' id='word_1_419' title='bbox 3087 2101 3232 2171; x_wconf 87' lang='lat' dir='ltr'><strong>quod</strong></span> <span class='ocrx_word' id='word_1_420' title='bbox 3277 2114 3444 2168; x_wconf 82' lang='lat' dir='ltr'><strong>supra</strong></span> 
     </span>
    </p>
   </div>
   <div class='ocr_carea' id='block_1_63' title="bbox 1853 2192 3449 2263">
    <p class='ocr_par' dir='ltr' id='par_1_63' title="bbox 1853 2192 3449 2263">
     <span class='ocr_line' id='line_1_63' title="bbox 1853 2192 3449 2263; baseline -0.006 -8"><span class='ocrx_word' id='word_1_421' title='bbox 1853 2214 1957 2256; x_wconf 88' lang='lat' dir='ltr'><strong>nos</strong></span> <span class='ocrx_word' id='word_1_422' title='bbox 1993 2200 2065 2255; x_wconf 89' lang='lat' dir='ltr'><strong>sit</strong></span> <span class='ocrx_word' id='word_1_423' title='bbox 2088 2197 2286 2253; x_wconf 87' lang='lat' dir='ltr'><strong>facere.</strong></span> <span class='ocrx_word' id='word_1_424' title='bbox 2310 2197 2491 2263; x_wconf 84' lang='lat' dir='ltr'><strong>Quare</strong></span> <span class='ocrx_word' id='word_1_425' title='bbox 2511 2205 2659 2252; x_wconf 90' lang='lat' dir='ltr'><strong>certe</strong></span> <span class='ocrx_word' id='word_1_426' title='bbox 2678 2206 2733 2252; x_wconf 90' lang='lat' dir='ltr'><strong>et</strong></span> <span class='ocrx_word' id='word_1_427' title='bbox 2755 2195 3080 2259; x_wconf 88' lang='lat' dir='ltr'><strong>admonitio,</strong></span> <span class='ocrx_word' id='word_1_428' title='bbox 3106 2212 3124 2245; x_wconf 78' lang='grc' dir='ltr'><strong>ι</strong></span> <span class='ocrx_word' id='word_1_429' title='bbox 3150 2192 3449 2248; x_wconf 84' lang='lat' dir='ltr'><strong>diﬂiciliora</strong></span> 
     </span>
    </p>
   </div>
   <div class='ocr_carea' id='block_1_64' title="bbox 1854 2285 3452 2361">
    <p class='ocr_par' dir='ltr' id='par_1_64' title="bbox 1854 2285 3452 2361">
     <span class='ocr_line' id='line_1_64' title="bbox 1854 2285 3452 2361; baseline -0.005 -15"><span class='ocrx_word' id='word_1_430' title='bbox 1854 2300 1906 2346; x_wconf 88' lang='lat' dir='ltr'><strong>te</strong></span> <span class='ocrx_word' id='word_1_431' title='bbox 1957 2307 2024 2345; x_wconf 91' lang='lat' dir='ltr'><strong>ne</strong></span> <span class='ocrx_word' id='word_1_432' title='bbox 2070 2290 2371 2360; x_wconf 66' lang='lat' dir='ltr'><strong>quaesieris,</strong></span> <span class='ocrx_word' id='word_1_433' title='bbox 2409 2289 2487 2344; x_wconf 90' lang='lat' dir='ltr'><strong>ait</strong></span> <span class='ocrx_word' id='word_1_434' title='bbox 2534 2285 2891 2361; x_wconf 85' lang='lat' dir='ltr'><strong>[Scriptura],</strong></span> <span class='ocrx_word' id='word_1_435' title='bbox 2925 2294 2979 2341; x_wconf 87' lang='lat' dir='ltr'><strong>et</strong></span> <span class='ocrx_word' id='word_1_436' title='bbox 3018 2285 3244 2341; x_wconf 79' lang='lat' dir='ltr'><strong>fortiora</strong></span> <span class='ocrx_word' id='word_1_437' title='bbox 3299 2292 3351 2339; x_wconf 89' lang='lat' dir='ltr'><strong>te</strong></span> <span class='ocrx_word' id='word_1_438' title='bbox 3382 2299 3452 2338; x_wconf 88' lang='lat' dir='ltr'><strong>ne</strong></span> 
     </span>
    </p>
   </div>
   <div class='ocr_carea' id='block_1_65' title="bbox 1855 2375 3450 2453">
    <p class='ocr_par' dir='ltr' id='par_1_65' title="bbox 1855 2375 3450 2453">
     <span class='ocr_line' id='line_1_65' title="bbox 1855 2375 3450 2453; baseline -0.004 -17"><span class='ocrx_word' id='word_1_439' title='bbox 1855 2384 2057 2453; x_wconf 91' lang='lat' dir='ltr'><strong>vestiga</strong></span> <span class='ocrx_word' id='word_1_440' title='bbox 2075 2384 2155 2438; x_wconf 79' lang='lat' dir='ltr'><strong>“z</strong></span> <span class='ocrx_word' id='word_1_441' title='bbox 2188 2402 2208 2437; x_wconf 74' lang='grc' dir='ltr'><strong>ι</strong></span> <span class='ocrx_word' id='word_1_442' title='bbox 2236 2382 2327 2438; x_wconf 87' lang='lat' dir='ltr'><strong>sed</strong></span> <span class='ocrx_word' id='word_1_443' title='bbox 2351 2382 2612 2453; x_wconf 88' lang='lat' dir='ltr'><strong>quoniam</strong></span> <span class='ocrx_word' id='word_1_444' title='bbox 2639 2378 2763 2435; x_wconf 88' lang='lat' dir='ltr'><strong>fons</strong></span> <span class='ocrx_word' id='word_1_445' title='bbox 2794 2378 3073 2449; x_wconf 60' lang='lat' dir='ltr'><strong>sapientia!</strong></span> <span class='ocrx_word' id='word_1_446' title='bbox 3095 2386 3148 2434; x_wconf 87' lang='lat' dir='ltr'><strong>et</strong></span> <span class='ocrx_word' id='word_1_447' title='bbox 3166 2375 3450 2439; x_wconf 87' lang='lat' dir='ltr'><strong>bonitatis,</strong></span> 
     </span>
    </p>
   </div>
   <div class='ocr_carea' id='block_1_66' title="bbox 1853 2468 3452 2547">
    <p class='ocr_par' dir='ltr' id='par_1_66' title="bbox 1853 2468 3452 2547">
     <span class='ocr_line' id='line_1_66' title="bbox 1853 2468 3452 2547; baseline -0.004 -18"><span class='ocrx_word' id='word_1_448' title='bbox 1853 2476 2106 2547; x_wconf 74' lang='lat' dir='ltr'><strong>benignis</strong></span> <span class='ocrx_word' id='word_1_449' title='bbox 2136 2490 2236 2529; x_wconf 91' lang='lat' dir='ltr'><strong>nos</strong></span> <span class='ocrx_word' id='word_1_450' title='bbox 2294 2472 2757 2545; x_wconf 90' lang='lat' dir='ltr'><strong>promissionibus</strong></span> <span class='ocrx_word' id='word_1_451' title='bbox 2806 2470 3013 2544; x_wconf 66' lang='lat' dir='ltr'><strong>[quasi]</strong></span> <span class='ocrx_word' id='word_1_452' title='bbox 3066 2470 3257 2525; x_wconf 82' lang='lat' dir='ltr'><strong>dextra</strong></span> <span class='ocrx_word' id='word_1_453' title='bbox 3302 2468 3452 2525; x_wconf 80' lang='lat' dir='ltr'><strong>exci-</strong></span> 
     </span>
    </p>
   </div>
   <div class='ocr_carea' id='block_1_67' title="bbox 1855 2562 3453 2637">
    <p class='ocr_par' dir='ltr' id='par_1_67' title="bbox 1855 2562 3453 2637">
     <span class='ocr_line' id='line_1_67' title="bbox 1855 2562 3453 2637; baseline -0.004 -15"><span class='ocrx_word' id='word_1_454' title='bbox 1855 2568 2029 2637; x_wconf 85' lang='lat' dir='ltr'><strong>piens,</strong></span> <span class='ocrx_word' id='word_1_455' title='bbox 2060 2587 2079 2619; x_wconf 82' lang='grc'><em>‹</em></span> <span class='ocrx_word' id='word_1_456' title='bbox 2107 2567 2289 2633; x_wconf 87' lang='lat' dir='ltr'><strong>petite,</strong></span> <span class='ocrx_word' id='word_1_457' title='bbox 2318 2586 2337 2619; x_wconf 73' lang='grc' dir='ltr'><strong>ι</strong></span> <span class='ocrx_word' id='word_1_458' title='bbox 2361 2566 2611 2621; x_wconf 80' lang='lat' dir='ltr'><strong>hortatus</strong></span> <span class='ocrx_word' id='word_1_459' title='bbox 2635 2574 2740 2630; x_wconf 87' lang='lat' dir='ltr'><strong>est,</strong></span> <span class='ocrx_word' id='word_1_460' title='bbox 2770 2582 2790 2617; x_wconf 79' lang='grc' dir='ltr'><strong>ι</strong></span> <span class='ocrx_word' id='word_1_461' title='bbox 2816 2573 2871 2620; x_wconf 89' lang='lat' dir='ltr'><strong>et</strong></span> <span class='ocrx_word' id='word_1_462' title='bbox 2894 2562 3113 2618; x_wconf 86' lang='lat' dir='ltr'><strong>dabitur</strong></span> <span class='ocrx_word' id='word_1_463' title='bbox 3130 2563 3308 2625; x_wconf 90' lang='lat' dir='ltr'><strong>vobis,</strong></span> <span class='ocrx_word' id='word_1_464' title='bbox 3328 2562 3453 2632; x_wconf 80' lang='lat' dir='ltr'><strong>pul-</strong></span> 
     </span>
    </p>
   </div>
   <div class='ocr_carea' id='block_1_68' title="bbox 1856 2653 3444 2728">
    <p class='ocr_par' dir='ltr' id='par_1_68' title="bbox 1856 2653 3444 2728">
     <span class='ocr_line' id='line_1_68' title="bbox 1856 2653 3444 2728; baseline -0.003 -15"><span class='ocrx_word' id='word_1_465' title='bbox 1856 2668 1994 2723; x_wconf 85' lang='lat' dir='ltr'><strong>sate,</strong></span> <span class='ocrx_word' id='word_1_466' title='bbox 2045 2667 2099 2713; x_wconf 88' lang='lat' dir='ltr'><strong>et</strong></span> <span class='ocrx_word' id='word_1_467' title='bbox 2143 2658 2415 2728; x_wconf 88' lang='lat' dir='ltr'><strong>aperietur</strong></span> <span class='ocrx_word' id='word_1_468' title='bbox 2441 2658 2521 2721; x_wconf 81' lang='grc'><strong>⁸⁷,</strong></span> <span class='ocrx_word' id='word_1_469' title='bbox 2560 2678 2579 2709; x_wconf 88' lang='grc'><strong>›</strong></span> <span class='ocrx_word' id='word_1_470' title='bbox 2615 2657 2718 2713; x_wconf 90' lang='lat' dir='ltr'><strong>hac</strong></span> <span class='ocrx_word' id='word_1_471' title='bbox 2766 2654 3187 2711; x_wconf 84' lang='lat' dir='ltr'><strong>annuntiatione</strong></span> <span class='ocrx_word' id='word_1_472' title='bbox 3244 2653 3444 2709; x_wconf 83' lang='lat' dir='ltr'><strong>insub-</strong></span> 
     </span>
    </p>
   </div>
   <div class='ocr_carea' id='block_1_69' title="bbox 1859 2745 3443 2820">
    <p class='ocr_par' dir='ltr' id='par_1_69' title="bbox 1859 2745 3443 2820">
     <span class='ocr_line' id='line_1_69' title="bbox 1859 2745 3443 2820; baseline -0.003 -15"><span class='ocrx_word' id='word_1_473' title='bbox 1859 2751 2131 2806; x_wconf 75' lang='lat' dir='ltr'><strong>stantiatze</strong></span> <span class='ocrx_word' id='word_1_474' title='bbox 2175 2750 2422 2805; x_wconf 88' lang='lat' dir='ltr'><strong>veritatis</strong></span> <span class='ocrx_word' id='word_1_475' title='bbox 2468 2749 2665 2805; x_wconf 88' lang='lat' dir='ltr'><strong>contisi</strong></span> <span class='ocrx_word' id='word_1_476' title='bbox 2710 2759 2763 2805; x_wconf 87' lang='lat' dir='ltr'><strong>et</strong></span> <span class='ocrx_word' id='word_1_477' title='bbox 2803 2748 3151 2820; x_wconf 86' lang='lat' dir='ltr'><strong>pulsavimus</strong></span> <span class='ocrx_word' id='word_1_478' title='bbox 3203 2754 3257 2801; x_wconf 88' lang='lat' dir='ltr'><strong>et</strong></span> <span class='ocrx_word' id='word_1_479' title='bbox 3286 2745 3443 2817; x_wconf 90' lang='lat' dir='ltr'><strong>petii-</strong></span> 
     </span>
    </p>
   </div>
   <div class='ocr_carea' id='block_1_70' title="bbox 1865 2837 3454 2911">
    <p class='ocr_par' dir='ltr' id='par_1_70' title="bbox 1865 2837 3454 2911">
     <span class='ocr_line' id='line_1_70' title="bbox 1865 2837 3454 2911; baseline -0.003 -15"><span class='ocrx_word' id='word_1_480' title='bbox 1865 2858 2008 2907; x_wconf 88' lang='lat' dir='ltr'><strong>mus,</strong></span> <span class='ocrx_word' id='word_1_481' title='bbox 2047 2858 2176 2897; x_wconf 90' lang='lat' dir='ltr'><strong>num</strong></span> <span class='ocrx_word' id='word_1_482' title='bbox 2204 2856 2333 2897; x_wconf 91' lang='lat' dir='ltr'><strong>vero</strong></span> <span class='ocrx_word' id='word_1_483' title='bbox 2355 2841 2541 2896; x_wconf 91' lang='lat' dir='ltr'><strong>datum</strong></span> <span class='ocrx_word' id='word_1_484' title='bbox 2571 2850 2624 2896; x_wconf 92' lang='lat' dir='ltr'><strong>et</strong></span> <span class='ocrx_word' id='word_1_485' title='bbox 2654 2850 2901 2911; x_wconf 90' lang='lat' dir='ltr'><strong>apertum</strong></span> <span class='ocrx_word' id='word_1_486' title='bbox 2935 2840 3026 2907; x_wconf 88' lang='lat' dir='ltr'><strong>sit,</strong></span> <span class='ocrx_word' id='word_1_487' title='bbox 3055 2837 3454 2894; x_wconf 87' lang='lat' dir='ltr'><strong>demonstrabit</strong></span> 
     </span>
    </p>
   </div>
   <div class='ocr_carea' id='block_1_71' title="bbox 1863 2932 3451 3003">
    <p class='ocr_par' dir='ltr' id='par_1_71' title="bbox 1863 2932 3451 3003">
     <span class='ocr_line' id='line_1_71' title="bbox 1863 2932 3451 3003; baseline -0.003 -14"><span class='ocrx_word' id='word_1_488' title='bbox 1863 2949 2066 2989; x_wconf 88' lang='lat' dir='ltr'><strong>sermo.</strong></span> <span class='ocrx_word' id='word_1_489' title='bbox 2100 2933 2343 2987; x_wconf 91' lang='lat' dir='ltr'><strong>Dicimus</strong></span> <span class='ocrx_word' id='word_1_490' title='bbox 2378 2948 2409 2986; x_wconf 90' lang='lat' dir='ltr'><strong>a</strong></span> <span class='ocrx_word' id='word_1_491' title='bbox 2450 2932 2560 2987; x_wconf 84' lang='lat' dir='ltr'><strong>Deo</strong></span> <span class='ocrx_word' id='word_1_492' title='bbox 2598 2934 2899 3003; x_wconf 86' lang='lat' dir='ltr'><strong>plantatum</strong></span> <span class='ocrx_word' id='word_1_493' title='bbox 2950 2946 3071 2987; x_wconf 87' lang='lat' dir='ltr'><strong>esse</strong></span> <span class='ocrx_word' id='word_1_494' title='bbox 3112 2932 3451 3002; x_wconf 88' lang='lat' dir='ltr'><strong>paradisum.</strong></span> 
     </span>
    </p>
   </div>
   <div class='ocr_carea' id='block_1_72' title="bbox 1863 3022 3455 3093">
    <p class='ocr_par' dir='ltr' id='par_1_72' title="bbox 1863 3022 3455 3093">
     <span class='ocr_line' id='line_1_72' title="bbox 1863 3022 3455 3093; baseline -0.001 -14"><span class='ocrx_word' id='word_1_495' title='bbox 1863 3041 1970 3080; x_wconf 92' lang='lat' dir='ltr'><strong>non</strong></span> <span class='ocrx_word' id='word_1_496' title='bbox 2013 3025 2184 3081; x_wconf 83' lang='lat' dir='ltr'><strong>Adam</strong></span> <span class='ocrx_word' id='word_1_497' title='bbox 2238 3025 2364 3080; x_wconf 90' lang='lat' dir='ltr'><strong>inde</strong></span> <span class='ocrx_word' id='word_1_498' title='bbox 2410 3026 2595 3081; x_wconf 90' lang='lat' dir='ltr'><strong>statim</strong></span> <span class='ocrx_word' id='word_1_499' title='bbox 2628 3024 2915 3093; x_wconf 81' lang='lat' dir='ltr'><strong>ejecturo;</strong></span> <span class='ocrx_word' id='word_1_500' title='bbox 2956 3040 3064 3079; x_wconf 91' lang='lat' dir='ltr'><strong>non</strong></span> <span class='ocrx_word' id='word_1_501' title='bbox 3092 3025 3238 3079; x_wconf 89' lang='lat' dir='ltr'><strong>enim</strong></span> <span class='ocrx_word' id='word_1_502' title='bbox 3265 3022 3455 3078; x_wconf 89' lang='lat' dir='ltr'><strong>debuit</strong></span> 
     </span>
    </p>
   </div>
   <div class='ocr_carea' id='block_1_73' title="bbox 1864 3114 3456 3188">
    <p class='ocr_par' dir='ltr' id='par_1_73' title="bbox 1864 3114 3456 3188">
     <span class='ocr_line' id='line_1_73' title="bbox 1864 3114 3456 3188; baseline -0.002 -17"><span class='ocrx_word' id='word_1_503' title='bbox 1864 3134 1965 3173; x_wconf 90' lang='lat' dir='ltr'><strong>nec</strong></span> <span class='ocrx_word' id='word_1_504' title='bbox 2020 3119 2197 3188; x_wconf 88' lang='lat' dir='ltr'><strong>potuit</strong></span> <span class='ocrx_word' id='word_1_505' title='bbox 2245 3124 2476 3188; x_wconf 80' lang='lat' dir='ltr'><strong>scepum</strong></span> <span class='ocrx_word' id='word_1_506' title='bbox 2534 3117 2786 3171; x_wconf 90' lang='lat' dir='ltr'><strong>manibus</strong></span> <span class='ocrx_word' id='word_1_507' title='bbox 2842 3116 3102 3184; x_wconf 77' lang='lat' dir='ltr'><strong>efﬁngens</strong></span> <span class='ocrx_word' id='word_1_508' title='bbox 3159 3114 3335 3169; x_wconf 83' lang='lat' dir='ltr'><strong>Adam</strong></span> <span class='ocrx_word' id='word_1_509' title='bbox 3399 3122 3456 3170; x_wconf 88' lang='lat' dir='ltr'><strong>et</strong></span> 
     </span>
    </p>
   </div>
   <div class='ocr_carea' id='block_1_74' title="bbox 1866 3204 3454 3280">
    <p class='ocr_par' dir='ltr' id='par_1_74' title="bbox 1866 3204 3454 3280">
     <span class='ocr_line' id='line_1_74' title="bbox 1866 3204 3454 3280; baseline -0.003 -16"><span class='ocrx_word' id='word_1_510' title='bbox 1866 3211 2177 3280; x_wconf 88' lang='lat' dir='ltr'><strong>paradisum</strong></span> <span class='ocrx_word' id='word_1_511' title='bbox 2215 3210 2469 3280; x_wconf 84' lang='lat' dir='ltr'><strong>plantans</strong></span> <span class='ocrx_word' id='word_1_512' title='bbox 2519 3218 2794 3264; x_wconf 79' lang='lat' dir='ltr'><strong>extorrem</strong></span> <span class='ocrx_word' id='word_1_513' title='bbox 2842 3208 3025 3263; x_wconf 88' lang='lat' dir='ltr'><strong>statim</strong></span> <span class='ocrx_word' id='word_1_514' title='bbox 3082 3206 3208 3261; x_wconf 91' lang='lat' dir='ltr'><strong>inde</strong></span> <span class='ocrx_word' id='word_1_515' title='bbox 3251 3204 3454 3271; x_wconf 80' lang='lat' dir='ltr'><strong>facere,</strong></span> 
     </span>
    </p>
   </div>
   <div class='ocr_carea' id='block_1_75' title="bbox 1863 3298 3455 3368">
    <p class='ocr_par' dir='ltr' id='par_1_75' title="bbox 1863 3298 3455 3368">
     <span class='ocr_line' id='line_1_75' title="bbox 1863 3298 3455 3368; baseline -0.003 -12"><span class='ocrx_word' id='word_1_516' title='bbox 1863 3310 1917 3356; x_wconf 91' lang='lat' dir='ltr'><strong>et</strong></span> <span class='ocrx_word' id='word_1_517' title='bbox 1958 3318 1987 3357; x_wconf 93' lang='lat' dir='ltr'><strong>a</strong></span> <span class='ocrx_word' id='word_1_518' title='bbox 2031 3301 2301 3357; x_wconf 85' lang='lat' dir='ltr'><strong>destinata</strong></span> <span class='ocrx_word' id='word_1_519' title='bbox 2330 3302 2405 3356; x_wconf 91' lang='lat' dir='ltr'><strong>illi</strong></span> <span class='ocrx_word' id='word_1_520' title='bbox 2436 3302 2593 3357; x_wconf 90' lang='lat' dir='ltr'><strong>beata</strong></span> <span class='ocrx_word' id='word_1_521' title='bbox 2636 3301 3054 3357; x_wconf 83' lang='lat' dir='ltr'><strong>conversatione</strong></span> <span class='ocrx_word' id='word_1_522' title='bbox 3088 3317 3100 3353; x_wconf 92' lang='lat'>:</span> <span class='ocrx_word' id='word_1_523' title='bbox 3132 3309 3189 3354; x_wconf 89' lang='lat' dir='ltr'><strong>at</strong></span> <span class='ocrx_word' id='word_1_524' title='bbox 3216 3298 3306 3354; x_wconf 83' lang='lat' dir='ltr'><strong>ille</strong></span> <span class='ocrx_word' id='word_1_525' title='bbox 3336 3298 3455 3368; x_wconf 89' lang='lat' dir='ltr'><strong>lege</strong></span> 
     </span>
    </p>
   </div>
   <div class='ocr_carea' id='block_1_76' title="bbox 1864 3392 3453 3465">
    <p class='ocr_par' dir='ltr' id='par_1_76' title="bbox 1864 3392 3453 3465">
     <span class='ocr_line' id='line_1_76' title="bbox 1864 3392 3453 3465; baseline -0.002 -18"><span class='ocrx_word' id='word_1_526' title='bbox 1864 3394 2115 3465; x_wconf 78' lang='lat' dir='ltr'><strong>praecepti</strong></span> <span class='ocrx_word' id='word_1_527' title='bbox 2149 3395 2203 3448; x_wconf 91' lang='lat' dir='ltr'><strong>in</strong></span> <span class='ocrx_word' id='word_1_528' title='bbox 2226 3394 2642 3450; x_wconf 86' lang='lat' dir='ltr'><strong>destitutionem</strong></span> <span class='ocrx_word' id='word_1_529' title='bbox 2668 3394 2869 3459; x_wconf 80' lang='lat' dir='ltr'><strong>soluta,</strong></span> <span class='ocrx_word' id='word_1_530' title='bbox 2893 3402 2946 3448; x_wconf 84' lang='lat' dir='ltr'><strong>et</strong></span> <span class='ocrx_word' id='word_1_531' title='bbox 2984 3392 3248 3462; x_wconf 86' lang='lat' dir='ltr'><strong>reliquam</strong></span> <span class='ocrx_word' id='word_1_532' title='bbox 3294 3392 3453 3445; x_wconf 76' lang='lat' dir='ltr'><strong>volu—</strong></span> 
     </span>
    </p>
   </div>
   <div class='ocr_carea' id='block_1_77' title="bbox 1865 3482 3454 3556">
    <p class='ocr_par' dir='ltr' id='par_1_77' title="bbox 1865 3482 3454 3556">
     <span class='ocr_line' id='line_1_77' title="bbox 1865 3482 3454 3556; baseline -0.003 -16"><span class='ocrx_word' id='word_1_533' title='bbox 1865 3496 2066 3556; x_wconf 89' lang='lat' dir='ltr'><strong>ptatem</strong></span> <span class='ocrx_word' id='word_1_534' title='bbox 2099 3486 2152 3541; x_wconf 91' lang='lat' dir='ltr'><strong>in</strong></span> <span class='ocrx_word' id='word_1_535' title='bbox 2203 3486 2482 3540; x_wconf 90' lang='lat' dir='ltr'><strong>tristitiam</strong></span> <span class='ocrx_word' id='word_1_536' title='bbox 2509 3484 2856 3539; x_wconf 89' lang='lat' dir='ltr'><strong>transtulitet</strong></span> <span class='ocrx_word' id='word_1_537' title='bbox 2882 3499 2912 3537; x_wconf 89' lang='lat' dir='ltr'><strong>e</strong></span> <span class='ocrx_word' id='word_1_538' title='bbox 2943 3484 3197 3555; x_wconf 88' lang='lat' dir='ltr'><strong>paradiso</strong></span> <span class='ocrx_word' id='word_1_539' title='bbox 3231 3482 3454 3551; x_wconf 85' lang='lat' dir='ltr'><strong>ejectio-</strong></span> 
     </span>
    </p>
   </div>
   <div class='ocr_carea' id='block_1_78' title="bbox 1866 3574 3452 3647">
    <p class='ocr_par' dir='ltr' id='par_1_78' title="bbox 1866 3574 3452 3647">
     <span class='ocr_line' id='line_1_78' title="bbox 1866 3574 3452 3647; baseline -0.003 -15"><span class='ocrx_word' id='word_1_540' title='bbox 1866 3594 1989 3633; x_wconf 90' lang='lat' dir='ltr'><strong>nem</strong></span> <span class='ocrx_word' id='word_1_541' title='bbox 2025 3577 2188 3632; x_wconf 90' lang='lat' dir='ltr'><strong>simul</strong></span> <span class='ocrx_word' id='word_1_542' title='bbox 2214 3578 2540 3641; x_wconf 73' lang='lat' dir='ltr'><strong>introduxit,</strong></span> <span class='ocrx_word' id='word_1_543' title='bbox 2568 3576 2697 3647; x_wconf 86' lang='lat' dir='ltr'><strong>quia</strong></span> <span class='ocrx_word' id='word_1_544' title='bbox 2728 3574 2871 3630; x_wconf 90' lang='lat' dir='ltr'><strong>sicut</strong></span> <span class='ocrx_word' id='word_1_545' title='bbox 2898 3583 3130 3629; x_wconf 88' lang='lat' dir='ltr'><strong>mortem</strong></span> <span class='ocrx_word' id='word_1_546' title='bbox 3169 3574 3313 3627; x_wconf 89' lang='lat' dir='ltr'><strong>Deus</strong></span> <span class='ocrx_word' id='word_1_547' title='bbox 3344 3589 3452 3629; x_wconf 91' lang='lat' dir='ltr'><strong>non</strong></span> 
     </span>
    </p>
   </div>
   <div class='ocr_carea' id='block_1_79' title="bbox 1865 3663 3449 3733">
    <p class='ocr_par' dir='ltr' id='par_1_79' title="bbox 1865 3663 3449 3733">
     <span class='ocr_line' id='line_1_79' title="bbox 1865 3663 3449 3733; baseline -0.005 -9"><span class='ocrx_word' id='word_1_548' title='bbox 1865 3668 2011 3733; x_wconf 87' lang='lat' dir='ltr'><strong>fecit,</strong></span> <span class='ocrx_word' id='word_1_549' title='bbox 2048 3668 2141 3725; x_wconf 82' lang='lat' dir='ltr'><strong>sed</strong></span> <span class='ocrx_word' id='word_1_550' title='bbox 2194 3668 2249 3723; x_wconf 91' lang='lat' dir='ltr'><strong>in</strong></span> <span class='ocrx_word' id='word_1_551' title='bbox 2284 3668 2447 3722; x_wconf 87' lang='lat' dir='ltr'><strong>arrba</strong></span> <span class='ocrx_word' id='word_1_552' title='bbox 2480 3665 2914 3721; x_wconf 84' lang='lat' dir='ltr'><strong>immortalitatis</strong></span> <span class='ocrx_word' id='word_1_553' title='bbox 2952 3664 3229 3717; x_wconf 84' lang='lat' dir='ltr'><strong>hominem</strong></span> <span class='ocrx_word' id='word_1_554' title='bbox 3265 3663 3449 3727; x_wconf 79' lang='lat' dir='ltr'><strong>tinxit,</strong></span> 
     </span>
    </p>
   </div>
   <div class='ocr_carea' id='block_1_80' title="bbox 1866 3751 3453 3824">
    <p class='ocr_par' dir='ltr' id='par_1_80' title="bbox 1866 3751 3453 3824">
     <span class='ocr_line' id='line_1_80' title="bbox 1866 3751 3453 3824; baseline -0.007 -7"><span class='ocrx_word' id='word_1_555' title='bbox 1866 3761 1947 3817; x_wconf 92' lang='lat' dir='ltr'><strong>sic</strong></span> <span class='ocrx_word' id='word_1_556' title='bbox 1998 3775 2099 3816; x_wconf 90' lang='lat' dir='ltr'><strong>nec</strong></span> <span class='ocrx_word' id='word_1_557' title='bbox 2131 3777 2160 3814; x_wconf 88' lang='lat' dir='ltr'><strong>e</strong></span> <span class='ocrx_word' id='word_1_558' title='bbox 2194 3773 2354 3815; x_wconf 90' lang='lat' dir='ltr'><strong>sacro</strong></span> <span class='ocrx_word' id='word_1_559' title='bbox 2404 3758 2548 3823; x_wconf 90' lang='lat' dir='ltr'><strong>loco,</strong></span> <span class='ocrx_word' id='word_1_560' title='bbox 2586 3771 2684 3811; x_wconf 91' lang='lat' dir='ltr'><strong>nec</strong></span> <span class='ocrx_word' id='word_1_561' title='bbox 2718 3770 2784 3810; x_wconf 86' lang='lat' dir='ltr'><strong>ex</strong></span> <span class='ocrx_word' id='word_1_562' title='bbox 2810 3755 2983 3809; x_wconf 90' lang='lat' dir='ltr'><strong>beatis</strong></span> <span class='ocrx_word' id='word_1_563' title='bbox 3032 3753 3209 3824; x_wconf 92' lang='lat' dir='ltr'><strong>ipsum</strong></span> <span class='ocrx_word' id='word_1_564' title='bbox 3241 3751 3453 3806; x_wconf 86' lang='lat' dir='ltr'><strong>deliciis</strong></span> 
     </span>
    </p>
   </div>
   <div class='ocr_carea' id='block_1_81' title="bbox 1866 3842 3453 3917">
    <p class='ocr_par' dir='ltr' id='par_1_81' title="bbox 1866 3842 3453 3917">
     <span class='ocr_line' id='line_1_81' title="bbox 1866 3842 3453 3917; baseline -0.007 -12"><span class='ocrx_word' id='word_1_565' title='bbox 1866 3849 2251 3906; x_wconf 82' lang='lat' dir='ltr'><strong>exterminavit</strong></span> <span class='ocrx_word' id='word_1_566' title='bbox 2287 3865 2300 3901; x_wconf 95' lang='lat'>:</span> <span class='ocrx_word' id='word_1_567' title='bbox 2337 3846 2431 3905; x_wconf 91' lang='lat' dir='ltr'><strong>sed</strong></span> <span class='ocrx_word' id='word_1_568' title='bbox 2464 3847 2578 3917; x_wconf 91' lang='lat' dir='ltr'><strong>ipse</strong></span> <span class='ocrx_word' id='word_1_569' title='bbox 2609 3845 2844 3917; x_wconf 86' lang='lat' dir='ltr'><strong>paradisi</strong></span> <span class='ocrx_word' id='word_1_570' title='bbox 2878 3843 3088 3915; x_wconf 89' lang='lat' dir='ltr'><strong>primus</strong></span> <span class='ocrx_word' id='word_1_571' title='bbox 3128 3842 3286 3903; x_wconf 76' lang='lat' dir='ltr'><strong>ciris.</strong></span> <span class='ocrx_word' id='word_1_572' title='bbox 3319 3856 3453 3895; x_wconf 81' lang='lat' dir='ltr'><strong>con-</strong></span> 
     </span>
    </p>
   </div>
   <div class='ocr_carea' id='block_1_82' title="bbox 1867 3933 3454 4011">
    <p class='ocr_par' dir='ltr' id='par_1_82' title="bbox 1867 3933 3454 4011">
     <span class='ocr_line' id='line_1_82' title="bbox 1867 3933 3454 4011; baseline -0.007 -13"><span class='ocrx_word' id='word_1_573' title='bbox 1867 3942 1989 3998; x_wconf 87' lang='lat' dir='ltr'><strong>silio</strong></span> <span class='ocrx_word' id='word_1_574' title='bbox 2020 3941 2314 4011; x_wconf 85' lang='lat' dir='ltr'><strong>serpentis,</strong></span> <span class='ocrx_word' id='word_1_575' title='bbox 2361 3947 2633 4011; x_wconf 66' lang='lat' dir='ltr'><strong>prmcepto</strong></span> <span class='ocrx_word' id='word_1_576' title='bbox 2684 3936 2989 4006; x_wconf 86' lang='lat' dir='ltr'><strong>anteposita</strong></span> <span class='ocrx_word' id='word_1_577' title='bbox 3021 3933 3454 4003; x_wconf 78' lang='lat' dir='ltr'><strong>transgressione</strong></span> 
     </span>
    </p>
   </div>
   <div class='ocr_carea' id='block_1_83' title="bbox 1868 4027 3455 4101">
    <p class='ocr_par' dir='ltr' id='par_1_83' title="bbox 1868 4027 3455 4101">
     <span class='ocr_line' id='line_1_83' title="bbox 1868 4027 3455 4101; baseline -0.006 -12"><span class='ocrx_word' id='word_1_578' title='bbox 1868 4034 1971 4089; x_wconf 86' lang='lat' dir='ltr'><strong>sibi</strong></span> <span class='ocrx_word' id='word_1_579' title='bbox 2018 4044 2074 4089; x_wconf 90' lang='lat' dir='ltr'><strong>et</strong></span> <span class='ocrx_word' id='word_1_580' title='bbox 2120 4034 2352 4089; x_wconf 87' lang='lat' dir='ltr'><strong>mortem</strong></span> <span class='ocrx_word' id='word_1_581' title='bbox 2400 4040 2454 4086; x_wconf 88' lang='lat' dir='ltr'><strong>et</strong></span> <span class='ocrx_word' id='word_1_582' title='bbox 2502 4029 2826 4101; x_wconf 85' lang='lat' dir='ltr'><strong>ejectionem</strong></span> <span class='ocrx_word' id='word_1_583' title='bbox 2877 4044 2907 4083; x_wconf 89' lang='lat' dir='ltr'><strong>e</strong></span> <span class='ocrx_word' id='word_1_584' title='bbox 2960 4027 3212 4100; x_wconf 87' lang='lat' dir='ltr'><strong>paradiso</strong></span> <span class='ocrx_word' id='word_1_585' title='bbox 3260 4040 3455 4096; x_wconf 81' lang='lat' dir='ltr'><strong>opera-</strong></span> 
     </span>
    </p>
   </div>
   <div class='ocr_carea' id='block_1_84' title="bbox 184 4117 2096 4211">
    <p class='ocr_par' dir='ltr' id='par_1_84' title="bbox 184 4117 2096 4211">
     <span class='ocr_line' id='line_1_84' title="bbox 184 4117 2096 4211; baseline 0.002 -42"><span class='ocrx_word' id='word_1_586' title='bbox 184 4117 376 4186; x_wconf 71' lang='grc' dir='ltr'>ὖφεως,</span> <span class='ocrx_word' id='word_1_587' title='bbox 432 4118 531 4189; x_wconf 81' lang='grc' dir='ltr'>τῆς</span> <span class='ocrx_word' id='word_1_588' title='bbox 585 4118 804 4188; x_wconf 74' lang='grc' dir='ltr'>ἐντολῆς</span> <span class='ocrx_word' id='word_1_589' title='bbox 867 4119 1211 4189; x_wconf 80' lang='grc' dir='ltr'>προτιμήσας</span> <span class='ocrx_word' id='word_1_590' title='bbox 1261 4119 1361 4189; x_wconf 72' lang='grc' dir='ltr'>τὴν</span> <span class='ocrx_word' id='word_1_591' title='bbox 1419 4118 1761 4190; x_wconf 80' lang='grc' dir='ltr'>παράϐασιν,</span> <span class='ocrx_word' id='word_1_592' title='bbox 1802 4156 1841 4211; x_wconf 79' lang='lat' dir='ltr'>D</span> <span class='ocrx_word' id='word_1_593' title='bbox 1872 4136 1961 4184; x_wconf 68' lang='lat' dir='ltr'><strong>[us</strong></span> <span class='ocrx_word' id='word_1_594' title='bbox 1990 4135 2096 4183; x_wconf 59' lang='lat' dir='ltr'><strong>est.</strong></span> 
     </span>
    </p>
   </div>
   <div class='ocr_carea' id='block_1_85' title="bbox 186 4209 1763 4284">
    <p class='ocr_par' dir='ltr' id='par_1_85' title="bbox 186 4209 1763 4284">
     <span class='ocr_line' id='line_1_85' title="bbox 186 4209 1763 4284; baseline 0.003 -25"><span class='ocrx_word' id='word_1_595' title='bbox 186 4209 362 4280; x_wconf 80' lang='grc' dir='ltr'>ἐαυτῷ</span> <span class='ocrx_word' id='word_1_596' title='bbox 392 4210 490 4263; x_wconf 71' lang='grc' dir='ltr'>καὶ</span> <span class='ocrx_word' id='word_1_597' title='bbox 522 4210 613 4263; x_wconf 69' lang='grc' dir='ltr'>τὸν</span> <span class='ocrx_word' id='word_1_598' title='bbox 648 4210 879 4263; x_wconf 84' lang='grc' dir='ltr'>θάνατον</span> <span class='ocrx_word' id='word_1_599' title='bbox 918 4210 1012 4262; x_wconf 73' lang='grc' dir='ltr'>καὶ</span> <span class='ocrx_word' id='word_1_600' title='bbox 1063 4210 1162 4281; x_wconf 79' lang='grc' dir='ltr'>τὴν</span> <span class='ocrx_word' id='word_1_601' title='bbox 1196 4209 1425 4282; x_wconf 82' lang='grc' dir='ltr'>ἐκϐολὴν</span> <span class='ocrx_word' id='word_1_602' title='bbox 1454 4210 1546 4263; x_wconf 75' lang='grc' dir='ltr'><strong>τοῦ</strong></span> <span class='ocrx_word' id='word_1_603' title='bbox 1584 4228 1763 4284; x_wconf 78' lang='grc' dir='ltr'>παρα-</span> 
     </span>
    </p>
   </div>
   <div class='ocr_carea' id='block_1_86' title="bbox 185 4302 812 4376">
    <p class='ocr_par' dir='ltr' id='par_1_86' title="bbox 185 4302 812 4376">
     <span class='ocr_line' id='line_1_86' title="bbox 185 4302 812 4376; baseline 0.005 -22"><span class='ocrx_word' id='word_1_604' title='bbox 185 4302 359 4356; x_wconf 82' lang='grc' dir='ltr'>δείσου</span> <span class='ocrx_word' id='word_1_605' title='bbox 388 4304 812 4376; x_wconf 82' lang='grc' dir='ltr'>κατειργάσατο.</span> 
     </span>
    </p>
   </div>
   <div class='ocr_carea' id='block_1_87' title="bbox 259 4395 1769 4468">
    <p class='ocr_par' dir='ltr' id='par_1_87' title="bbox 259 4395 1769 4468">
     <span class='ocr_line' id='line_1_87' title="bbox 259 4395 1769 4468; baseline 0.001 -20"><span class='ocrx_word' id='word_1_606' title='bbox 259 4395 519 4468; x_wconf 82' lang='grc' dir='ltr'>Δεύτερον</span> <span class='ocrx_word' id='word_1_607' title='bbox 557 4396 613 4449; x_wconf 80' lang='grc' dir='ltr'>δὲ</span> <span class='ocrx_word' id='word_1_608' title='bbox 646 4396 752 4448; x_wconf 72' lang='grc' dir='ltr'>οὐδ’</span> <span class='ocrx_word' id='word_1_609' title='bbox 784 4395 941 4449; x_wconf 70' lang='grc' dir='ltr'>εἴωθε</span> <span class='ocrx_word' id='word_1_610' title='bbox 971 4396 1030 4449; x_wconf 75' lang='grc' dir='ltr'><strong>τὸ</strong></span> <span class='ocrx_word' id='word_1_611' title='bbox 1054 4396 1209 4450; x_wconf 83' lang='grc' dir='ltr'>Θεῖον</span> <span class='ocrx_word' id='word_1_612' title='bbox 1245 4396 1314 4449; x_wconf 87' lang='grc' dir='ltr'><strong>τά</strong></span> <span class='ocrx_word' id='word_1_613' title='bbox 1337 4396 1442 4450; x_wconf 79' lang='grc' dir='ltr'>τῶν</span> <span class='ocrx_word' id='word_1_614' title='bbox 1467 4396 1769 4468; x_wconf 75' lang='grc' dir='ltr'>ἀνθρώπων</span> 
     </span>
    </p>
   </div>
   <div class='ocr_carea' id='block_1_88' title="bbox 191 4485 1769 4559">
    <p class='ocr_par' dir='ltr' id='par_1_88' title="bbox 191 4485 1769 4559">
     <span class='ocr_line' id='line_1_88' title="bbox 191 4485 1769 4559; baseline 0.002 -22"><span class='ocrx_word' id='word_1_615' title='bbox 191 4487 433 4557; x_wconf 78' lang='grc' dir='ltr'>παρορᾷν</span> <span class='ocrx_word' id='word_1_616' title='bbox 461 4485 930 4557; x_wconf 79' lang='grc' dir='ltr'>πλημμελήματα,</span> <span class='ocrx_word' id='word_1_617' title='bbox 965 4487 1054 4541; x_wconf 76' lang='grc' dir='ltr'><strong>τὸν</strong></span> <span class='ocrx_word' id='word_1_618' title='bbox 1085 4490 1162 4551; x_wconf 84' lang='grc' dir='ltr'><strong>είς</strong></span> <span class='ocrx_word' id='word_1_619' title='bbox 1187 4488 1385 4551; x_wconf 76' lang='grc' dir='ltr'>αὑτοὺς</span> <span class='ocrx_word' id='word_1_620' title='bbox 1419 4491 1516 4559; x_wconf 78' lang='grc' dir='ltr'>τῆς</span> <span class='ocrx_word' id='word_1_621' title='bbox 1556 4490 1769 4559; x_wconf 78' lang='grc' dir='ltr'>εὐεργε-</span> 
     </span>
    </p>
   </div>
   <div class='ocr_carea' id='block_1_89' title="bbox 193 4576 1770 4647">
    <p class='ocr_par' dir='ltr' id='par_1_89' title="bbox 193 4576 1770 4647">
     <span class='ocr_line' id='line_1_89' title="bbox 193 4576 1770 4647; baseline 0.001 -19"><span class='ocrx_word' id='word_1_622' title='bbox 193 4578 306 4641; x_wconf 81' lang='grc' dir='ltr'>σίας</span> <span class='ocrx_word' id='word_1_623' title='bbox 341 4576 573 4630; x_wconf 68' lang='grc' dir='ltr'>πλοῦτον</span> <span class='ocrx_word' id='word_1_624' title='bbox 614 4578 708 4629; x_wconf 70' lang='grc' dir='ltr'>καὶ</span> <span class='ocrx_word' id='word_1_625' title='bbox 740 4578 839 4640; x_wconf 72' lang='grc' dir='ltr'><strong>τὰς</strong></span> <span class='ocrx_word' id='word_1_626' title='bbox 863 4577 1073 4647; x_wconf 76' lang='grc' dir='ltr'>δωρεὰς</span> <span class='ocrx_word' id='word_1_627' title='bbox 1106 4577 1472 4631; x_wconf 84' lang='grc' dir='ltr'>ἀναστέλλειν·</span> <span class='ocrx_word' id='word_1_628' title='bbox 1511 4578 1619 4631; x_wconf 71' lang='grc' dir='ltr'>οὐδ’</span> <span class='ocrx_word' id='word_1_629' title='bbox 1649 4578 1770 4631; x_wconf 79' lang='grc' dir='ltr'><strong>ἐθέ-</strong></span> 
     </span>
    </p>
   </div>
   <div class='ocr_carea' id='block_1_90' title="bbox 190 4668 1772 4741">
    <p class='ocr_par' dir='ltr' id='par_1_90' title="bbox 190 4668 1772 4741">
     <span class='ocr_line' id='line_1_90' title="bbox 190 4668 1772 4741; baseline 0.002 -22"><span class='ocrx_word' id='word_1_630' title='bbox 190 4668 265 4721; x_wconf 87' lang='grc' dir='ltr'><strong>λει</strong></span> <span class='ocrx_word' id='word_1_631' title='bbox 291 4670 398 4721; x_wconf 78' lang='grc' dir='ltr'><strong>τῶν</strong></span> <span class='ocrx_word' id='word_1_632' title='bbox 435 4668 927 4741; x_wconf 80' lang='grc' dir='ltr'>πλημμελημάτων</span> <span class='ocrx_word' id='word_1_633' title='bbox 959 4668 1261 4739; x_wconf 83' lang='grc' dir='ltr'>λαμϐάνειν</span> <span class='ocrx_word' id='word_1_634' title='bbox 1284 4668 1384 4740; x_wconf 79' lang='grc' dir='ltr'>τὴν</span> <span class='ocrx_word' id='word_1_635' title='bbox 1411 4670 1587 4740; x_wconf 86' lang='grc' dir='ltr'>δίκην,</span> <span class='ocrx_word' id='word_1_636' title='bbox 1606 4668 1772 4723; x_wconf 66' lang='grc' dir='ltr'>⁸ούπω</span> 
     </span>
    </p>
   </div>
   <div class='ocr_carea' id='block_1_91' title="bbox 190 4758 1771 4831">
    <p class='ocr_par' dir='ltr' id='par_1_91' title="bbox 190 4758 1771 4831">
     <span class='ocr_line' id='line_1_91' title="bbox 190 4758 1771 4831; baseline 0.003 -21"><span class='ocrx_word' id='word_1_637' title='bbox 190 4758 277 4811; x_wconf 76' lang='grc' dir='ltr'>τοῦ</span> <span class='ocrx_word' id='word_1_638' title='bbox 314 4760 667 4830; x_wconf 81' lang='grc' dir='ltr'>τολμήματος</span> <span class='ocrx_word' id='word_1_639' title='bbox 710 4762 789 4823; x_wconf 77' lang='grc' dir='ltr'><strong>εἰς</strong></span> <span class='ocrx_word' id='word_1_640' title='bbox 833 4759 992 4831; x_wconf 77' lang='grc' dir='ltr'>ἔργον</span> <span class='ocrx_word' id='word_1_641' title='bbox 1030 4760 1479 4831; x_wconf 71' lang='grc' dir='ltr'>προεληλυθότος*</span> <span class='ocrx_word' id='word_1_642' title='bbox 1510 4760 1652 4814; x_wconf 75' lang='grc' dir='ltr'>οὑτω</span> <span class='ocrx_word' id='word_1_643' title='bbox 1679 4761 1771 4814; x_wconf 71' lang='grc' dir='ltr'>καὶ</span> 
     </span>
    </p>
   </div>
   <div class='ocr_carea' id='block_1_92' title="bbox 191 4849 1771 4922">
    <p class='ocr_par' dir='ltr' id='par_1_92' title="bbox 191 4849 1771 4922">
     <span class='ocr_line' id='line_1_92' title="bbox 191 4849 1771 4922; baseline 0.002 -21"><span class='ocrx_word' id='word_1_644' title='bbox 191 4849 293 4903; x_wconf 82' lang='grc' dir='ltr'><strong>τῶν</strong></span> <span class='ocrx_word' id='word_1_645' title='bbox 322 4851 634 4920; x_wconf 79' lang='grc' dir='ltr'>ἀσωμάτων</span> <span class='ocrx_word' id='word_1_646' title='bbox 658 4852 945 4922; x_wconf 79' lang='grc' dir='ltr'>δυνάμεων</span> <span class='ocrx_word' id='word_1_647' title='bbox 979 4851 1071 4904; x_wconf 75' lang='grc' dir='ltr'><strong>τὸν</strong></span> <span class='ocrx_word' id='word_1_648' title='bbox 1098 4852 1410 4905; x_wconf 82' lang='grc' dir='ltr'>ἀποστάντα</span> <span class='ocrx_word' id='word_1_649' title='bbox 1452 4851 1553 4920; x_wconf 76' lang='grc' dir='ltr'>τῆς</span> <span class='ocrx_word' id='word_1_650' title='bbox 1609 4851 1771 4905; x_wconf 75' lang='grc' dir='ltr'>αὑτοῦ</span> 
     </span>
    </p>
   </div>
   <div class='ocr_carea' id='block_1_93' title="bbox 193 4942 1774 5014">
    <p class='ocr_par' dir='ltr' id='par_1_93' title="bbox 193 4942 1774 5014">
     <span class='ocr_line' id='line_1_93' title="bbox 193 4942 1774 5014; baseline 0.002 -20"><span class='ocrx_word' id='word_1_651' title='bbox 193 4943 445 5014; x_wconf 80' lang='grc' dir='ltr'>προνοίας</span> <span class='ocrx_word' id='word_1_652' title='bbox 475 4944 567 4996; x_wconf 78' lang='grc' dir='ltr'>καὶ</span> <span class='ocrx_word' id='word_1_653' title='bbox 595 4943 932 5014; x_wconf 87' lang='grc' dir='ltr'>ἀγαθότητος</span> <span class='ocrx_word' id='word_1_654' title='bbox 962 4942 1140 5008; x_wconf 87' lang='grc' dir='ltr'>εἰδὼς,</span> <span class='ocrx_word' id='word_1_655' title='bbox 1184 4942 1278 4996; x_wconf 75' lang='grc' dir='ltr'>καὶ</span> <span class='ocrx_word' id='word_1_656' title='bbox 1308 4943 1409 5013; x_wconf 80' lang='grc' dir='ltr'>τὴν</span> <span class='ocrx_word' id='word_1_657' title='bbox 1437 4945 1774 4997; x_wconf 77' lang='grc' dir='ltr'>συναποστᾶ-</span> 
     </span>
    </p>
   </div>
   <div class='ocr_carea' id='block_1_94' title="bbox 195 5034 1775 5108">
    <p class='ocr_par' dir='ltr' id='par_1_94' title="bbox 195 5034 1775 5108">
     <span class='ocr_line' id='line_1_94' title="bbox 195 5034 1775 5108; baseline 0 -21"><span class='ocrx_word' id='word_1_658' title='bbox 195 5051 286 5087; x_wconf 87' lang='grc' dir='ltr'><strong>σαν</strong></span> <span class='ocrx_word' id='word_1_659' title='bbox 321 5034 477 5107; x_wconf 84' lang='grc' dir='ltr'>αὑτῷ</span> <span class='ocrx_word' id='word_1_660' title='bbox 506 5035 699 5107; x_wconf 90' lang='grc' dir='ltr'>μερίδα</span> <span class='ocrx_word' id='word_1_661' title='bbox 725 5037 876 5107; x_wconf 82' lang='grc' dir='ltr'>ὅμως</span> <span class='ocrx_word' id='word_1_662' title='bbox 929 5036 1270 5108; x_wconf 75' lang='grc' dir='ltr'>προήνεγκεν</span> <span class='ocrx_word' id='word_1_663' title='bbox 1326 5034 1645 5106; x_wconf 86' lang='grc' dir='ltr'>ἀγαθότητι,</span> <span class='ocrx_word' id='word_1_664' title='bbox 1681 5035 1775 5089; x_wconf 75' lang='grc' dir='ltr'>καὶ</span> 
     </span>
    </p>
   </div>
   <div class='ocr_carea' id='block_1_95' title="bbox 191 5125 1774 5201">
    <p class='ocr_par' dir='ltr' id='par_1_95' title="bbox 191 5125 1774 5201">
     <span class='ocr_line' id='line_1_95' title="bbox 191 5125 1774 5201; baseline 0.002 -23"><span class='ocrx_word' id='word_1_665' title='bbox 191 5125 515 5200; x_wconf 88' lang='grc' dir='ltr'>δημιουργεῖ</span> <span class='ocrx_word' id='word_1_666' title='bbox 544 5128 645 5200; x_wconf 81' lang='grc' dir='ltr'>μὲν</span> <span class='ocrx_word' id='word_1_667' title='bbox 684 5128 757 5193; x_wconf 85' lang='grc' dir='ltr'>ὼς</span> <span class='ocrx_word' id='word_1_668' title='bbox 788 5130 1068 5201; x_wconf 76' lang='grc' dir='ltr'>ἑωσφόρον</span> <span class='ocrx_word' id='word_1_669' title='bbox 1099 5130 1190 5183; x_wconf 74' lang='grc' dir='ltr'>τὸν</span> <span class='ocrx_word' id='word_1_670' title='bbox 1227 5127 1568 5199; x_wconf 83' lang='grc' dir='ltr'>ἀποστάτην,</span> <span class='ocrx_word' id='word_1_671' title='bbox 1599 5127 1774 5199; x_wconf 90' lang='grc' dir='ltr'>μηδα-</span> 
     </span>
    </p>
   </div>
   <div class='ocr_carea' id='block_1_96' title="bbox 194 5214 1774 5292">
    <p class='ocr_par' dir='ltr' id='par_1_96' title="bbox 194 5214 1774 5292">
     <span class='ocr_line' id='line_1_96' title="bbox 194 5214 1774 5292; baseline 0 -20"><span class='ocrx_word' id='word_1_672' title='bbox 194 5219 307 5287; x_wconf 83' lang='grc' dir='ltr'><strong>μῶς</strong></span> <span class='ocrx_word' id='word_1_673' title='bbox 339 5222 439 5292; x_wconf 78' lang='grc' dir='ltr'>μὲν</span> <span class='ocrx_word' id='word_1_674' title='bbox 480 5220 540 5287; x_wconf 83' lang='grc' dir='ltr'><strong>ἐξ</strong></span> <span class='ocrx_word' id='word_1_675' title='bbox 569 5214 644 5275; x_wconf 81' lang='grc' dir='ltr'>ὧν</span> <span class='ocrx_word' id='word_1_676' title='bbox 672 5220 897 5292; x_wconf 78' lang='grc' dir='ltr'>ὓστερον</span> <span class='ocrx_word' id='word_1_677' title='bbox 943 5221 1036 5276; x_wconf 82' lang='grc' dir='ltr'>τὸν</span> <span class='ocrx_word' id='word_1_678' title='bbox 1062 5222 1160 5292; x_wconf 79' lang='grc' dir='ltr'>τῆς</span> <span class='ocrx_word' id='word_1_679' title='bbox 1183 5220 1575 5292; x_wconf 87' lang='grc' dir='ltr'>ἀγνωμοσύνης</span> <span class='ocrx_word' id='word_1_680' title='bbox 1606 5220 1774 5274; x_wconf 79' lang='grc' dir='ltr'>ὑπέδυ</span> 
     </span>
    </p>
   </div>
   <div class='ocr_carea' id='block_1_97' title="bbox 198 5308 1774 5385">
    <p class='ocr_par' dir='ltr' id='par_1_97' title="bbox 198 5308 1774 5385">
     <span class='ocr_line' id='line_1_97' title="bbox 198 5308 1774 5385; baseline 0.001 -21"><span class='ocrx_word' id='word_1_681' title='bbox 198 5308 372 5380; x_wconf 80' lang='grc' dir='ltr'>ζόφον,</span> <span class='ocrx_word' id='word_1_682' title='bbox 414 5313 554 5384; x_wconf 88' lang='grc' dir='ltr'>μήτε</span> <span class='ocrx_word' id='word_1_683' title='bbox 612 5314 711 5385; x_wconf 82' lang='grc' dir='ltr'>τῆς</span> <span class='ocrx_word' id='word_1_684' title='bbox 747 5314 1109 5385; x_wconf 83' lang='grc' dir='ltr'>δημιουργίας</span> <span class='ocrx_word' id='word_1_685' title='bbox 1168 5314 1579 5384; x_wconf 85' lang='grc' dir='ltr'>ἀποστερήσας,</span> <span class='ocrx_word' id='word_1_686' title='bbox 1637 5312 1774 5382; x_wconf 85' lang='grc' dir='ltr'>μήτε</span> 
     </span>
    </p>
   </div>
   <div class='ocr_carea' id='block_1_98' title="bbox 197 5402 1774 5480">
    <p class='ocr_par' dir='ltr' id='par_1_98' title="bbox 197 5402 1774 5480">
     <span class='ocr_line' id='line_1_98' title="bbox 197 5402 1774 5480; baseline -0.005 -13"><span class='ocrx_word' id='word_1_687' title='bbox 197 5402 288 5473; x_wconf 80' lang='grc' dir='ltr'><strong>τῆς</strong></span> <span class='ocrx_word' id='word_1_688' title='bbox 341 5405 748 5480; x_wconf 77' lang='grc' dir='ltr'>λαμπρότητοςο</span> <span class='ocrx_word' id='word_1_689' title='bbox 792 5408 1104 5463; x_wconf 81' lang='grc' dir='ltr'>ἀποστάντα</span> <span class='ocrx_word' id='word_1_690' title='bbox 1143 5406 1199 5461; x_wconf 80' lang='grc' dir='ltr'>δὲ</span> <span class='ocrx_word' id='word_1_691' title='bbox 1256 5408 1349 5460; x_wconf 71' lang='grc' dir='ltr'>καὶ</span> <span class='ocrx_word' id='word_1_692' title='bbox 1373 5407 1450 5470; x_wconf 86' lang='grc' dir='ltr'>ὡς</span> <span class='ocrx_word' id='word_1_693' title='bbox 1488 5404 1774 5477; x_wconf 80' lang='grc' dir='ltr'>ἀστραπήν</span> 
     </span>
    </p>
   </div>
   <div class='ocr_carea' id='block_1_99' title="bbox 200 5492 1769 5571">
    <p class='ocr_par' dir='ltr' id='par_1_99' title="bbox 200 5492 1769 5571">
     <span class='ocr_line' id='line_1_99' title="bbox 200 5492 1769 5571; baseline 0.005 -28"><span class='ocrx_word' id='word_1_694' title='bbox 200 5492 284 5545; x_wconf 76' lang='grc' dir='ltr'>τοῦ</span> <span class='ocrx_word' id='word_1_695' title='bbox 308 5496 539 5567; x_wconf 70' lang='grc' dir='ltr'>οὐρανοῦ</span> <span class='ocrx_word' id='word_1_696' title='bbox 570 5499 808 5555; x_wconf 83' lang='grc' dir='ltr'>πεσόντα</span> <span class='ocrx_word' id='word_1_697' title='bbox 838 5498 984 5565; x_wconf 72' lang='grc' dir='ltr'>ἰδὼν,</span> <span class='ocrx_word' id='word_1_698' title='bbox 1023 5499 1122 5569; x_wconf 83' lang='grc' dir='ltr'>τὴν</span> <span class='ocrx_word' id='word_1_699' title='bbox 1173 5498 1329 5569; x_wconf 82' lang='grc' dir='ltr'>δίκην</span> <span class='ocrx_word' id='word_1_700' title='bbox 1380 5498 1594 5571; x_wconf 82' lang='grc' dir='ltr'>ἀφῆκεν</span> <span class='ocrx_word' id='word_1_701' title='bbox 1656 5499 1769 5551; x_wconf 80' lang='grc' dir='ltr'>τίσ-</span> 
     </span>
    </p>
   </div>
   <div class='ocr_carea' id='block_1_100' title="bbox 265 5655 1336 5729">
    <p class='ocr_par' dir='ltr' id='par_1_100' title="bbox 265 5655 1336 5729">
     <span class='ocr_line' id='line_1_100' title="bbox 265 5655 1336 5729; baseline 0.008 -21"><span class='ocrx_word' id='word_1_702' title='bbox 265 5655 309 5687; x_wconf 82' lang='grc'>⁸⁶</span> <span class='ocrx_word' id='word_1_703' title='bbox 343 5656 532 5715; x_wconf 76' lang='lat' dir='ltr'><strong>Matth.</strong></span> <span class='ocrx_word' id='word_1_704' title='bbox 565 5674 661 5729; x_wconf 70' lang='lat' dir='ltr'><strong>\‘tl,</strong></span> <span class='ocrx_word' id='word_1_705' title='bbox 709 5665 762 5718; x_wconf 88' lang='lat'><strong>7.</strong></span> <span class='ocrx_word' id='word_1_706' title='bbox 842 5664 886 5696; x_wconf 80' lang='grc'>³⁷</span> <span class='ocrx_word' id='word_1_707' title='bbox 926 5661 1095 5718; x_wconf 84' lang='lat' dir='ltr'><strong>Eccli.</strong></span> <span class='ocrx_word' id='word_1_708' title='bbox 1135 5679 1215 5728; x_wconf 88' lang='grc' dir='ltr'>ιιι,</span> <span class='ocrx_word' id='word_1_709' title='bbox 1245 5661 1336 5717; x_wconf 68' lang='lat'><strong>‘22.</strong></span> 
     </span>
    </p>
   </div>
   <div class='ocr_carea' id='block_1_101' title="bbox 1949 4382 3455 4457">
    <p class='ocr_par' dir='ltr' id='par_1_101' title="bbox 1949 4382 3455 4457">
     <span class='ocr_line' id='line_1_101' title="bbox 1949 4382 3455 4457; baseline -0.004 -15"><span class='ocrx_word' id='word_1_710' title='bbox 1949 4389 2201 4444; x_wconf 84' lang='lat' dir='ltr'><strong>Secundo</strong></span> <span class='ocrx_word' id='word_1_711' title='bbox 2234 4401 2414 4444; x_wconf 91' lang='lat' dir='ltr'><strong>autem</strong></span> <span class='ocrx_word' id='word_1_712' title='bbox 2446 4404 2554 4443; x_wconf 90' lang='lat' dir='ltr'><strong>non</strong></span> <span class='ocrx_word' id='word_1_713' title='bbox 2586 4388 2723 4443; x_wconf 88' lang='lat' dir='ltr'><strong>solet</strong></span> <span class='ocrx_word' id='word_1_714' title='bbox 2769 4386 3013 4441; x_wconf 86' lang='lat' dir='ltr'><strong>divinum</strong></span> <span class='ocrx_word' id='word_1_715' title='bbox 3048 4383 3306 4457; x_wconf 81' lang='lat' dir='ltr'><strong>[Numen]</strong></span> <span class='ocrx_word' id='word_1_716' title='bbox 3356 4382 3455 4437; x_wconf 87' lang='lat' dir='ltr'><strong>bo-</strong></span> 
     </span>
    </p>
   </div>
   <div class='ocr_carea' id='block_1_102' title="bbox 1873 4474 3456 4549">
    <p class='ocr_par' dir='ltr' id='par_1_102' title="bbox 1873 4474 3456 4549">
     <span class='ocr_line' id='line_1_102' title="bbox 1873 4474 3456 4549; baseline -0.004 -15"><span class='ocrx_word' id='word_1_717' title='bbox 1873 4481 2083 4535; x_wconf 90' lang='lat' dir='ltr'><strong>minum</strong></span> <span class='ocrx_word' id='word_1_718' title='bbox 2138 4480 2419 4549; x_wconf 87' lang='lat' dir='ltr'><strong>despicere</strong></span> <span class='ocrx_word' id='word_1_719' title='bbox 2447 4478 2827 4549; x_wconf 85' lang='lat' dir='ltr'><strong>ncgligentias,</strong></span> <span class='ocrx_word' id='word_1_720' title='bbox 2878 4476 2931 4530; x_wconf 93' lang='lat' dir='ltr'><strong>in</strong></span> <span class='ocrx_word' id='word_1_721' title='bbox 2963 4490 3059 4530; x_wconf 89' lang='lat' dir='ltr'><strong>eos</strong></span> <span class='ocrx_word' id='word_1_722' title='bbox 3086 4474 3456 4530; x_wconf 60' lang='lat' dir='ltr'><strong>beneficentiae</strong></span> 
     </span>
    </p>
   </div>
   <div class='ocr_carea' id='block_1_103' title="bbox 1874 4568 3457 4641">
    <p class='ocr_par' dir='ltr' id='par_1_103' title="bbox 1874 4568 3457 4641">
     <span class='ocr_line' id='line_1_103' title="bbox 1874 4568 3457 4641; baseline -0.004 -11"><span class='ocrx_word' id='word_1_723' title='bbox 1874 4574 2093 4630; x_wconf 80' lang='lat' dir='ltr'><strong>divitias</strong></span> <span class='ocrx_word' id='word_1_724' title='bbox 2124 4586 2177 4630; x_wconf 92' lang='lat' dir='ltr'><strong>et</strong></span> <span class='ocrx_word' id='word_1_725' title='bbox 2224 4574 2366 4629; x_wconf 91' lang='lat' dir='ltr'><strong>dona</strong></span> <span class='ocrx_word' id='word_1_726' title='bbox 2398 4573 2686 4638; x_wconf 88' lang='lat' dir='ltr'><strong>inhibere;</strong></span> <span class='ocrx_word' id='word_1_727' title='bbox 2718 4587 2815 4626; x_wconf 88' lang='lat' dir='ltr'><strong>nec</strong></span> <span class='ocrx_word' id='word_1_728' title='bbox 2850 4571 3067 4625; x_wconf 90' lang='lat' dir='ltr'><strong>volebat</strong></span> <span class='ocrx_word' id='word_1_729' title='bbox 3100 4568 3457 4641; x_wconf 84' lang='lat' dir='ltr'><strong>negligentia-</strong></span> 
     </span>
    </p>
   </div>
   <div class='ocr_carea' id='block_1_104' title="bbox 1874 4663 3455 4737">
    <p class='ocr_par' dir='ltr' id='par_1_104' title="bbox 1874 4663 3455 4737">
     <span class='ocr_line' id='line_1_104' title="bbox 1874 4663 3455 4737; baseline -0.004 -14"><span class='ocrx_word' id='word_1_730' title='bbox 1874 4684 1995 4723; x_wconf 81' lang='lat' dir='ltr'><strong>rum</strong></span> <span class='ocrx_word' id='word_1_731' title='bbox 2033 4683 2250 4724; x_wconf 87' lang='lat' dir='ltr'><strong>sumere</strong></span> <span class='ocrx_word' id='word_1_732' title='bbox 2281 4683 2520 4737; x_wconf 62' lang='lat' dir='ltr'><strong>paruam,</strong></span> <span class='ocrx_word' id='word_1_733' title='bbox 2548 4666 2789 4722; x_wconf 90' lang='lat' dir='ltr'><strong>nondum</strong></span> <span class='ocrx_word' id='word_1_734' title='bbox 2821 4680 2958 4720; x_wconf 92' lang='lat' dir='ltr'><strong>ausu</strong></span> <span class='ocrx_word' id='word_1_735' title='bbox 3007 4663 3060 4717; x_wconf 92' lang='lat' dir='ltr'><strong>in</strong></span> <span class='ocrx_word' id='word_1_736' title='bbox 3103 4663 3303 4719; x_wconf 88' lang='lat' dir='ltr'><strong>factum</strong></span> <span class='ocrx_word' id='word_1_737' title='bbox 3325 4675 3455 4733; x_wconf 87' lang='lat' dir='ltr'><strong>pro-</strong></span> 
     </span>
    </p>
   </div>
   <div class='ocr_carea' id='block_1_105' title="bbox 1875 4757 3455 4833">
    <p class='ocr_par' dir='ltr' id='par_1_105' title="bbox 1875 4757 3455 4833">
     <span class='ocr_line' id='line_1_105' title="bbox 1875 4757 3455 4833; baseline -0.004 -18"><span class='ocrx_word' id='word_1_738' title='bbox 1875 4777 2063 4833; x_wconf 84' lang='lat' dir='ltr'><strong>gresso</strong></span> <span class='ocrx_word' id='word_1_739' title='bbox 2103 4781 2115 4816; x_wconf 91' lang='lat'>:</span> <span class='ocrx_word' id='word_1_740' title='bbox 2162 4763 2234 4817; x_wconf 90' lang='lat' dir='ltr'><strong>ita</strong></span> <span class='ocrx_word' id='word_1_741' title='bbox 2267 4761 2415 4816; x_wconf 88' lang='lat' dir='ltr'><strong>etab</strong></span> <span class='ocrx_word' id='word_1_742' title='bbox 2463 4760 2887 4830; x_wconf 85' lang='lat' dir='ltr'><strong>ineorporalium</strong></span> <span class='ocrx_word' id='word_1_743' title='bbox 2917 4757 3117 4812; x_wconf 81' lang='lat' dir='ltr'><strong>virtute</strong></span> <span class='ocrx_word' id='word_1_744' title='bbox 3152 4765 3455 4827; x_wconf 81' lang='lat' dir='ltr'><strong>apostatam</strong></span> 
     </span>
    </p>
   </div>
   <div class='ocr_carea' id='block_1_106' title="bbox 1878 4848 3455 4923">
    <p class='ocr_par' dir='ltr' id='par_1_106' title="bbox 1878 4848 3455 4923">
     <span class='ocr_line' id='line_1_106' title="bbox 1878 4848 3455 4923; baseline -0.003 -18"><span class='ocrx_word' id='word_1_745' title='bbox 1878 4852 2052 4923; x_wconf 87' lang='lat' dir='ltr'><strong>ipsius</strong></span> <span class='ocrx_word' id='word_1_746' title='bbox 2108 4851 2465 4923; x_wconf 73' lang='lat' dir='ltr'><strong>providentia:</strong></span> <span class='ocrx_word' id='word_1_747' title='bbox 2514 4862 2567 4907; x_wconf 90' lang='lat' dir='ltr'><strong>et</strong></span> <span class='ocrx_word' id='word_1_748' title='bbox 2604 4850 2868 4906; x_wconf 90' lang='lat' dir='ltr'><strong>bonitatis</strong></span> <span class='ocrx_word' id='word_1_749' title='bbox 2903 4850 3107 4914; x_wconf 87' lang='lat' dir='ltr'><strong>sciens,</strong></span> <span class='ocrx_word' id='word_1_750' title='bbox 3137 4848 3455 4918; x_wconf 85' lang='lat' dir='ltr'><strong>et.compli-</strong></span> 
     </span>
    </p>
   </div>
   <div class='ocr_carea' id='block_1_107' title="bbox 1877 4942 3459 5017">
    <p class='ocr_par' dir='ltr' id='par_1_107' title="bbox 1877 4942 3459 5017">
     <span class='ocr_line' id='line_1_107' title="bbox 1877 4942 3459 5017; baseline -0.002 -19"><span class='ocrx_word' id='word_1_751' title='bbox 1877 4961 1993 4999; x_wconf 87' lang='lat' dir='ltr'><strong>cem</strong></span> <span class='ocrx_word' id='word_1_752' title='bbox 2025 4945 2143 5015; x_wconf 85' lang='lat' dir='ltr'><strong>ejus</strong></span> <span class='ocrx_word' id='word_1_753' title='bbox 2171 4946 2461 5016; x_wconf 73' lang='lat' dir='ltr'><strong>apostasia:</strong></span> <span class='ocrx_word' id='word_1_754' title='bbox 2493 4954 2705 5017; x_wconf 80' lang='lat' dir='ltr'><strong>partem</strong></span> <span class='ocrx_word' id='word_1_755' title='bbox 2732 4953 2915 4998; x_wconf 87' lang='lat' dir='ltr'><strong>tamen</strong></span> <span class='ocrx_word' id='word_1_756' title='bbox 2950 4942 3175 5013; x_wconf 88' lang='lat' dir='ltr'><strong>protulit</strong></span> <span class='ocrx_word' id='word_1_757' title='bbox 3203 4957 3267 4995; x_wconf 77' lang='lat' dir='ltr'><strong>ex</strong></span> <span class='ocrx_word' id='word_1_758' title='bbox 3304 4942 3459 4996; x_wconf 89' lang='lat' dir='ltr'><strong>boni-</strong></span> 
     </span>
    </p>
   </div>
   <div class='ocr_carea' id='block_1_108' title="bbox 1878 5030 3459 5104">
    <p class='ocr_par' dir='ltr' id='par_1_108' title="bbox 1878 5030 3459 5104">
     <span class='ocr_line' id='line_1_108' title="bbox 1878 5030 3459 5104; baseline -0.003 -17"><span class='ocrx_word' id='word_1_759' title='bbox 1878 5043 2006 5097; x_wconf 90' lang='lat' dir='ltr'><strong>tate,</strong></span> <span class='ocrx_word' id='word_1_760' title='bbox 2037 5042 2092 5088; x_wconf 91' lang='lat' dir='ltr'><strong>et</strong></span> <span class='ocrx_word' id='word_1_761' title='bbox 2120 5042 2271 5088; x_wconf 91' lang='lat' dir='ltr'><strong>creat</strong></span> <span class='ocrx_word' id='word_1_762' title='bbox 2300 5033 2519 5104; x_wconf 86' lang='lat' dir='ltr'><strong>quidem</strong></span> <span class='ocrx_word' id='word_1_763' title='bbox 2546 5041 2607 5087; x_wconf 94' lang='lat' dir='ltr'><strong>ut</strong></span> <span class='ocrx_word' id='word_1_764' title='bbox 2634 5032 2924 5088; x_wconf 88' lang='lat' dir='ltr'><strong>luciferum</strong></span> <span class='ocrx_word' id='word_1_765' title='bbox 2951 5040 3276 5102; x_wconf 87' lang='lat' dir='ltr'><strong>apostatam,</strong></span> <span class='ocrx_word' id='word_1_766' title='bbox 3306 5030 3459 5084; x_wconf 91' lang='lat' dir='ltr'><strong>nullo</strong></span> 
     </span>
    </p>
   </div>
   <div class='ocr_carea' id='block_1_109' title="bbox 1878 5125 3457 5196">
    <p class='ocr_par' dir='ltr' id='par_1_109' title="bbox 1878 5125 3457 5196">
     <span class='ocr_line' id='line_1_109' title="bbox 1878 5125 3457 5196; baseline -0.001 -17"><span class='ocrx_word' id='word_1_767' title='bbox 1878 5125 2041 5179; x_wconf 89' lang='lat' dir='ltr'><strong>modo</strong></span> <span class='ocrx_word' id='word_1_768' title='bbox 2065 5140 2130 5180; x_wconf 91' lang='lat' dir='ltr'><strong>eo</strong></span> <span class='ocrx_word' id='word_1_769' title='bbox 2158 5125 2301 5195; x_wconf 81' lang='lat' dir='ltr'><strong>quod</strong></span> <span class='ocrx_word' id='word_1_770' title='bbox 2325 5125 2579 5196; x_wconf 78' lang='lat' dir='ltr'><strong>deinceps</strong></span> <span class='ocrx_word' id='word_1_771' title='bbox 2604 5127 2660 5181; x_wconf 91' lang='lat' dir='ltr'><strong>in</strong></span> <span class='ocrx_word' id='word_1_772' title='bbox 2692 5126 2888 5196; x_wconf 79' lang='lat' dir='ltr'><strong>ingrati</strong></span> <span class='ocrx_word' id='word_1_773' title='bbox 2919 5125 3087 5179; x_wconf 90' lang='lat' dir='ltr'><strong>animi</strong></span> <span class='ocrx_word' id='word_1_774' title='bbox 3124 5125 3283 5178; x_wconf 90' lang='lat' dir='ltr'><strong>irruit</strong></span> <span class='ocrx_word' id='word_1_775' title='bbox 3306 5133 3457 5178; x_wconf 89' lang='lat' dir='ltr'><strong>tene-</strong></span> 
     </span>
    </p>
   </div>
   <div class='ocr_carea' id='block_1_110' title="bbox 1880 5215 3454 5290">
    <p class='ocr_par' dir='ltr' id='par_1_110' title="bbox 1880 5215 3454 5290">
     <span class='ocr_line' id='line_1_110' title="bbox 1880 5215 3454 5290; baseline -0.003 -17"><span class='ocrx_word' id='word_1_776' title='bbox 1880 5219 2051 5281; x_wconf 89' lang='lat' dir='ltr'><strong>bras,</strong></span> <span class='ocrx_word' id='word_1_777' title='bbox 2105 5233 2283 5290; x_wconf 84' lang='lat' dir='ltr'><strong>neque</strong></span> <span class='ocrx_word' id='word_1_778' title='bbox 2333 5218 2609 5275; x_wconf 88' lang='lat' dir='ltr'><strong>creatione</strong></span> <span class='ocrx_word' id='word_1_779' title='bbox 2666 5220 2912 5289; x_wconf 83' lang='lat' dir='ltr'><strong>privans,</strong></span> <span class='ocrx_word' id='word_1_780' title='bbox 2968 5232 3143 5287; x_wconf 90' lang='lat' dir='ltr'><strong>neque</strong></span> <span class='ocrx_word' id='word_1_781' title='bbox 3198 5215 3454 5285; x_wconf 73' lang='lat' dir='ltr'><strong>fulgore:</strong></span> 
     </span>
    </p>
   </div>
   <div class='ocr_carea' id='block_1_111' title="bbox 1878 5308 3457 5382">
    <p class='ocr_par' dir='ltr' id='par_1_111' title="bbox 1878 5308 3457 5382">
     <span class='ocr_line' id='line_1_111' title="bbox 1878 5308 3457 5382; baseline -0.001 -18"><span class='ocrx_word' id='word_1_782' title='bbox 1878 5317 2182 5380; x_wconf 87' lang='lat' dir='ltr'><strong>apostatam</strong></span> <span class='ocrx_word' id='word_1_783' title='bbox 2230 5320 2411 5365; x_wconf 89' lang='lat' dir='ltr'><strong>autem</strong></span> <span class='ocrx_word' id='word_1_784' title='bbox 2459 5320 2514 5367; x_wconf 89' lang='lat' dir='ltr'><strong>et</strong></span> <span class='ocrx_word' id='word_1_785' title='bbox 2560 5312 2721 5382; x_wconf 85' lang='lat' dir='ltr'><strong>quasi</strong></span> <span class='ocrx_word' id='word_1_786' title='bbox 2776 5311 2956 5382; x_wconf 83' lang='lat' dir='ltr'><strong>fulgur</strong></span> <span class='ocrx_word' id='word_1_787' title='bbox 3005 5310 3125 5365; x_wconf 62' lang='grc' dir='ltr'>ειηιί</span> <span class='ocrx_word' id='word_1_788' title='bbox 3174 5308 3457 5364; x_wconf 86' lang='lat' dir='ltr'><strong>cadentem</strong></span> 
     </span>
    </p>
   </div>
   <div class='ocr_carea' id='block_1_112' title="bbox 1879 5402 3457 5476">
    <p class='ocr_par' dir='ltr' id='par_1_112' title="bbox 1879 5402 3457 5476">
     <span class='ocr_line' id='line_1_112' title="bbox 1879 5402 3457 5476; baseline -0.001 -19"><span class='ocrx_word' id='word_1_789' title='bbox 1879 5403 2090 5471; x_wconf 89' lang='lat' dir='ltr'><strong>videns,</strong></span> <span class='ocrx_word' id='word_1_790' title='bbox 2148 5418 2366 5475; x_wconf 75' lang='lat' dir='ltr'><strong>pmnam</strong></span> <span class='ocrx_word' id='word_1_791' title='bbox 2414 5404 2623 5461; x_wconf 87' lang='lat' dir='ltr'><strong>dimisit</strong></span> <span class='ocrx_word' id='word_1_792' title='bbox 2676 5405 2905 5476; x_wconf 83' lang='lat' dir='ltr'><strong>irrogari</strong></span> <span class='ocrx_word' id='word_1_793' title='bbox 2965 5402 3294 5458; x_wconf 74' lang='lat' dir='ltr'><strong>extollentia:</strong></span> <span class='ocrx_word' id='word_1_794' title='bbox 3342 5415 3457 5457; x_wconf 85' lang='lat' dir='ltr'><strong>:ea</strong></span> 
     </span>
    </p>
   </div>
   <div class='ocr_carea' id='block_1_113' title="bbox 1880 5492 3456 5556">
    <p class='ocr_par' dir='ltr' id='par_1_113' title="bbox 1880 5492 3456 5556">
     <span class='ocr_line' id='line_1_113' title="bbox 1880 5492 3456 5556; baseline -0.003 -5"><span class='ocrx_word' id='word_1_795' title='bbox 1880 5495 2154 5554; x_wconf 88' lang='lat' dir='ltr'><strong>Creatoris</strong></span> <span class='ocrx_word' id='word_1_796' title='bbox 2197 5497 2342 5555; x_wconf 87' lang='lat' dir='ltr'><strong>circa</strong></span> <span class='ocrx_word' id='word_1_797' title='bbox 2395 5506 2678 5556; x_wconf 87' lang='lat' dir='ltr'><strong>creaturas</strong></span> <span class='ocrx_word' id='word_1_798' title='bbox 2723 5497 3031 5556; x_wconf 76' lang='lat' dir='ltr'><strong>(economia</strong></span> <span class='ocrx_word' id='word_1_799' title='bbox 3074 5503 3128 5552; x_wconf 89' lang='lat' dir='ltr'><strong>et</strong></span> <span class='ocrx_word' id='word_1_800' title='bbox 3175 5492 3456 5551; x_wconf 87' lang='lat' dir='ltr'><strong>discretio.</strong></span> 
     </span>
    </p>
   </div>
  </div>
