3884 6202
412 248 518 314 383

1586 243 1855 308 PHOTII
1885 232 2395 308 ΡΑΤΠῙΑΗΟΗΙΕ
2421 234 2534 304 (ῘΡι

3587 217 3700 294 ast

411 355 539 410 Ideo
570 351 672 410 etsi
704 357 1035 425 peccaturus
1070 360 1192 407 erat
1237 350 1411 408 Adam
1441 361 1492 408 et
1519 353 1876 424 expellendus
1909 369 2006 426 pa-

2130 351 2446 426 τράττεσθαι
2483 349 2584 420 τῆς
2614 347 2924 420 ἐιιιάρσεωςὁ
2959 333 3190 413 τοιαύτη
3219 335 3318 396 τοῦ
3345 336 3700 412 Δημιουργώ

414 443 621 510 radiso,
655 443 1022 499 nihilominus
1049 443 1284 500 decebat
1305 444 1587 501 Creatoris
1615 445 1916 502 bonitatem
1949 456 2004 502 et

415 535 684 593 rationale
713 535 919 590 animal
969 536 1308 592 constituere
1343 536 1643 603 hominem,
1694 544 1751 592 et
1789 537 2007 606 paradi-

415 642 540 684 sum
575 627 632 685 in
657 640 770 697 quo
801 641 1136 682 conversans
1161 627 1354 683 beatus
1371 637 1512 694 erat,
1539 636 1594 682 at
1613 644 1722 682 non
1754 628 2010 698 pulcher-

416 720 618 774 rimum
644 729 988 774 terrenorum
1024 733 1251 788 cperum
1296 720 1546 775 inhibere
1573 730 1795 790 propter
1827 720 2002 776 Adam

420 807 940 878 transgressionem,
975 816 1030 862 ct
1091 797 1554 878 transgressionis
1593 809 1849 866 eﬂ'ectum
1879 831 1891 867 :
1928 819 2012 866 et-

417 900 562 956 enim
613 914 832 970 semper
857 897 1102 953 divinum
1141 897 1428 970 jNumenl,
1476 901 1625 972 quod
1656 903 1828 973 ipsius
1854 901 2007 976 [est],

418 991 551 1046 facit
608 991 921 1062 perenniter
971 991 1241 1046 scaturire
1292 991 1497 1048 ﬂuenta
1555 994 1907 1064 indulgentiae
1957 1003 2012 1050 et

421 1084 724 1151 bonitatis,
786 1087 995 1154 peccati
1059 1099 1189 1140 vero
1251 1086 1482 1141 audacis
1552 1087 1850 1142 vindictam
1917 1088 2014 1142 ad-

421 1176 571 1232 ducit
613 1194 633 1232 τ
686 1178 1049 1234 insanabilem
1090 1195 1121 1235 a
1165 1179 1370 1236 delicto
1424 1182 1640 1252 plagam
1688 1192 1743 1237 et
1785 1183 2010 1238 vulnera

424 1281 648 1321 manere
688 1277 743 1322 et
779 1268 1056 1323 hominem
1101 1283 1210 1323 non
1251 1270 1445 1326 sinens
1485 1271 1703 1326 absumi
1738 1288 1752 1325 :
1784 1281 1839 1327 et
1863 1288 2012 1328 nunc

423 1359 657 1429 praevisa
716 1370 800 1413 est
839 1359 1060 1430 quidem
1104 1361 1772 1432 transgressio,-pra:visa
1827 1371 1910 1418 est
1957 1372 2014 1419 et

424 1449 620 1519 ejectio
655 1465 669 1502 :
699 1450 1128 1518 pulcherrimum
1169 1467 1302 1506 vero
1346 1462 1689 1508 terrenorum
1718 1455 2011 1510 artiﬁcium

423 1553 648 1611 operum
714 1540 1000 1610 paradisus
1055 1541 1122 1596 ad
1173 1542 1646 1598 insubsistentiam
1700 1561 1798 1615 per
1841 1545 2010 1600 Adam

425 1645 537 1686 non
583 1631 992 1693 retnissnmest
1016 1650 1034 1686 :
1061 1632 1267 1688 idcirco
1303 1643 1357 1688 et
1393 1634 1650 1704 producit
1678 1636 1822 1692 hunc
1845 1635 2013 1702 Deus,

2108 447 2141 516 ή
2174 443 2398 514 περὶτὰ
2426 441 2889 513 δημιουργήματα
2932 436 3218 508 οἰκονομία
3267 435 3364 490 καὶ
3401 435 3698 505 διάκρισις.

2106 535 2200 589 Διὸ
2230 533 2332 588 κᾶν
2360 532 2594 604 ἔμελλεν
2626 533 2655 585 ό
2697 530 2870 601 Ἀδὰμ
2918 529 3257 601 ἁμαρτάνειν
3299 526 3399 582 καὶ
3445 526 3705 581 suam.

2111 631 2238 684 σθαι
2263 627 2362 683 τοῦ
2389 625 2746 696 παραδείσου,
2776 622 2933 677 οὐδὲν
2954 618 3120 696 ἦττον
3147 620 3436 691 ἔπρεπετῇ
3465 619 3564 673 τοῦ
3596 621 3706 689 Δη-

2112 719 2375 794 μιουργοῦ
2405 716 2706 788 άγαθότητι
2729 715 2825 770 καὶ
2845 713 3065 783 λογικὸν
3098 712 3240 778 ζῶον
3270 709 3588 781 ὑποστῆσαι
3607 709 3702 762 τὸν

2110 814 2418 886 ἄνθρωπον,
2450 811 2545 866 καὶ
2559 808 2652 862 τὸν
2669 807 2998 880 παράδεισον
3022 806 3084 860 ἐν
3105 799 3148 874 ᾧ
3163 803 3533 873 διαιτώμενος
3565 802 3706 871 ἐμα-

2110 903 2390 976 καρίςετο,
2421 900 2562 956 ἀλλὰ
2585 899 2660 972 μὴ
2688 899 2749 953 τὸ
2776 897 3063 954 κάλλιπον
3080 895 3197 952 τῶν
3227 895 3494 965 ἐπιγείων
3521 893 3706 966 ἔργων

2112 997 2355 1065 ἐπισχεῖν
2374 994 2465 1048 διὰ
2483 993 2582 1065 τὴν
2610 993 2704 1046 τοῦ
2741 991 2916 1062 Ἀδάμ
2936 987 3253 1062 παράϐασίν
3265 1005 3325 1042 τε
3351 987 3448 1041 καί⁹
3475 989 3580 1060 τῆς
3601 1002 3708 1039 πα-

2116 1090 2400 1162 ραϐάσεως
2430 1087 2737 1161 εἴσπραξιν·
2769 1087 2866 1141 καὶ
2889 1085 3000 1156 γάρ
3033 1084 3124 1139 ἀεὶ
3144 1082 3210 1136 ἰδ
3237 1081 3397 1136 Θείον
3417 1081 3481 1134 τὸ
3510 1079 3708 1133 ἐαυτοῦ

2115 1183 2262 1235 ποιεῖ
2285 1180 2530 1245 άεννάως
2557 1179 2657 1251 μὲν
2680 1178 2868 1251 βρύειν
2891 1177 2960 1233 τά
2981 1177 3193 1249 νάματα
3218 1175 3318 1246 τῆς
3342 1172 3710 1246 χρηστότητος

2115 1274 2212 1328 καὶ
2235 1273 2335 1345 τῆς
2351 1273 2710 1344 άγαθότητος,
2731 1274 2829 1343 τῆς
2850 1269 3127 1341 ἁμαρτιας
3139 1268 3210 1321 ’δὲ
3227 1266 3595 1338 τολμωμένης
3614 1263 3710 1334 τὴν

2113 1363 2385 1437 τιμωρίαν
2400 1363 2618 1432 ἐπάγει⁶
2640 1363 2858 1416 ἀνίατον
2868 1361 2966 1432 τὴν
2986 1359 3096 1414 άπὸ
3117 1358 3213 1412 τοῦ
3237 1358 3344 1429 πλη
3353 1357 3711 1429 μμελήματος

2116 1458 2331 1531 πληγήν
2363 1458 2460 1512 καὶ
2487 1456 2557 1510 τὰ
2581 1455 2876 1528 τραύματα
2925 1451 3200 1523 διαμένειν
3227 1450 3326 1504 καὶ⁸
3371 1448 3466 1502 τὸν
3495 1447 3711 1517 άνθρωο

2117 1562 2218 1602 πον
2249 1548 2351 1601 οὐκ
2383 1546 2713 1618 ἀνεχόμενον
2771 1541 3200 1613 κατανέμεσθαιο
3241 1539 3340 1594 καὶ
3370 1538 3467 1592 νῦν
3495 1554 3714 1609 «post».

2123 1640 2254 1711 ρᾶτο
2288 1639 2386 1710 μὲν
2415 1639 2448 1709 ἡ
2497 1635 2833 1708 παράϐασις,
2883 1634 3202 1704 προεωρᾶτο
3231 1630 3288 1685 δὲ
3313 1632 3347 1701 ἡ
3390 1628 3620 1700 ἐκϐολή·
3652 1629 3713 1680 τι

425 1733 480 1778 et
518 1719 690 1777 Adam
723 1724 778 1777 in
823 1723 1122 1793 jucundam
1155 1725 1396 1780 reSIituit
1436 1738 1666 1789 sortem,
1709 1737 2016 1800 transgres-

2130 1727 2174 1782 Ξὲ
2215 1727 2501 1782 κάλλιστον
2557 1727 2668 1781 τῶν
2726 1723 2986 1794 ἐπιγείων
3034 1721 3408 1793 φιλοτέχνημα
3453 1719 3640 1790 ἔργων
3689 1719 3717 1770 ὁ

425 1828 547 1869 sum
612 1830 744 1872 vero
796 1831 1021 1872 manere
1071 1817 1253 1874 adhuc
1303 1825 1357 1874 et
1406 1820 1617 1876 deliciis
1665 1821 1769 1876 frui
1816 1822 2016 1892 quibus

430 1907 628 1961 fruitus
676 1916 825 1964 esset
860 1908 1033 1980 legem
1081 1924 1330 1975 servans,
1368 1911 1600 1981 justitiaz
1627 1929 1735 1968 non
1769 1914 2018 1984 permisit

427 2000 789 2070 incorruptio.
844 2000 1030 2057 Tertio
1060 2017 1188 2056 vero
1231 2004 1333 2058 etsi
1369 2005 1702 2074 plasmatum
1754 2007 1927 2062 Adam
1961 2007 2016 2062 in

427 2091 684 2163 paradiso
705 2093 927 2160 locavit,
952 2109 1062 2149 non
1082 2104 1264 2152 tamen
1288 2097 1434 2152 hunc
1456 2098 1680 2169 quidem
1705 2098 1886 2154 solum
1911 2099 2019 2154 tale

428 2197 493 2239 ac
525 2193 733 2239 tantum
769 2186 962 2242 statuit
990 2187 1308 2252 artificium,
1352 2206 1450 2260 per
1498 2205 1693 2246 omnes
1721 2206 1853 2248 vero
1881 2192 2021 2248 nihil

429 2276 632 2342 minus.
673 2277 718 2333 si
755 2293 864 2331 non
898 2288 952 2334 et
998 2281 1175 2350 magis
1214 2282 1309 2350 qui
1354 2297 1420 2338 ex
1450 2283 1624 2337 Adam
1652 2323 1668 2350 ,
1705 2283 2021 2354 quicunque

429 2378 884 2442 supervenustum
918 2379 973 2425 et
1022 2372 1334 2442 speciosum
1383 2374 1701 2446 ﬁgmentum
1745 2375 1920 2430 Adam
1968 2385 2022 2431 et

429 2463 630 2516 divinat
657 2461 914 2532 imaginis
945 2463 1330 2519 intemeratum
1362 2479 1417 2522 et
1445 2465 1746 2522 indelelum
1777 2465 2016 2539 [typum]

431 2564 786 2610 servaverunt
821 2567 835 2608 ι
866 2556 1148 2626 quomodo
1169 2571 1300 2628 ergo
1331 2568 1453 2612 erat
1483 2558 1712 2625 bonum,
1742 2557 2021 2628 quomodo

431 2645 652 2716 sapiens
687 2655 911 2717 propter
939 2663 1110 2703 unum
1143 2658 1578 2721 transgressum,
1610 2661 1664 2706 et
1693 2660 1807 2705 tum
1842 2665 2022 2720 neque

433 2737 609 2806 ipsum
635 2739 869 2807 posteris
901 2740 1243 2811 temporibus
1271 2746 1550 2797 communi
1583 2743 1852 2814 privatum
1884 2741 2023 2796 frui-
2079 2731 2089 2742 “

433 2826 623 2895 tione,
688 2837 900 2885 tantam
971 2830 1381 2888 multitudinem
1445 2834 1661 2904 privare
1723 2833 2020 2904 paradiso.

431 2930 684 2976 sanctum
735 2922 886 2977 illum
938 2923 1122 2980 locum
1170 2940 1281 2980 nou
1333 2935 1608 2982 creantem
1665 2941 1846 2998 neque
1892 2923 2020 2997 [illi]

431 3009 848 3079 praesidentem?

2121 1820 2451 1892 παράδεισος
2498 1819 2634 1890 πρὸς
2683 1815 3028 1888 άνυπαρξίαν
3054 1813 3142 1869 διὰ
3169 1813 3264 1868 τὸν
3291 1811 3467 1883 Ἀδὰμ
3491 1810 3594 1865 ούκ
3622 1810 3717 1863 ἀνε-

2120 1909 2422 1965 ιστέλλετο·
2471 1909 2553 1963 διδ
2583 1908 2680 1963 καὶ
2733 1907 2966 1978 προάγει
2990 1904 3180 1958 τοῦτον
3224 1904 3256 1957 ό
3306 1903 3460 1969 Θεὸς,
3495 1903 3594 1956 καὶ
3628 1901 3720 1954 τὸν

2132 2002 2304 2075 Ἀδὰμ
2342 2005 2423 2067 είς
2461 2001 2703 2073 τερπνὴν
2732 1999 3140 2068 ἀποκαθίστησι
3192 1995 3428 2062 δίαιταν,
3464 1992 3717 2064 παραδε-

2121 2096 2330 2167 δηκότα
2354 2095 2410 2149 δέ
2447 2095 2631 2166 μένειν
2660 2093 2742 2147 ἔτι
2781 2094 2876 2148 καὶ
2924 2091 3135 2165 τρυφῆς
3165 2087 3464 2144 ἀπολαύειν
3501 2080 3571 2159 ἦς
3610 2087 3721 2140 άπ-

2122 2189 2322 2261 ήλαυεν
2363 2186 2428 2242 ἂν
2498 2183 2917 2257 νομοφυλακῶν,
2941 2181 3060 2278 ἑῆς
3089 2180 3437 2250 δικαιοσύνης
3476 2181 3578 2233 οὐκ
3618 2179 3723 2232 ἐπ-

2124 2282 2322 2354 έτρεπε
2347 2280 2408 2334 τδ
2426 2279 2742 2334 ἀδέκαστον.
2765 2272 2972 2348 Τρίτον
2988 2276 3046 2330 δέ
3069 2277 3118 2328 εί
3146 2275 3243 2328 καλ⁸
3263 2272 3725 2342 πλαστουργήσας

2122 2377 2212 2428 τὸν
2250 2373 2426 2446 Ἀδάμ
2453 2372 2532 2444 τῷ
2569 2371 2882 2443 παραδείσῳ
2909 2366 3240 2438 κατῴκισενς
3282 2365 3412 2420 ἀλλ’
3444 2363 3555 2418 οὐδ’
3575 2363 3726 2417 ἐκεῖι

2124 2483 2213 2519 νον
2277 2464 2376 2536 μὲν
2412 2463 2571 2536 μόνον
2601 2463 2662 2516 τδ
2705 2460 2947 2516 τοιοῦτον
2975 2461 3072 2514 καὶ
3114 2456 3442 2528 τηλικοῦτον
3478 2455 3724 2525 ὑπεστή-

2129 2574 2260 2612 σατο
2298 2555 2688 2628 φιλοτέχνημα,
2725 2555 2814 2609 διὰ
2846 2555 3054 2617 πάντας
3105 2553 3163 2607 δέ
3201 2551 3324 2606 οὐδὲ
3377 2549 3625 2614 ἔλαττον,
3673 2547 3724 2600 εί

2130 2649 2204 2721 μὴ
2248 2648 2344 2702 καὶ
2373 2646 2574 2719 μᾶλλον
2625 2647 2752 2710 τοὺς
2783 2646 2844 2711 ἐξ
2879 2645 3073 2716 ’Δδάμ,
3107 2645 3221 2698 ὅσοι
3251 2643 3352 2714 τὴν
3399 2638 3726 2713 ὑπερκαλλῆ

2125 2742 2222 2796 καὶ
2241 2739 2449 2810 ὡραίαν
2470 2739 2758 2794 διάπλασιν
2781 2737 2875 2792 τοῦ
2898 2736 3075 2809 Ἀδάμ
3095 2738 3190 2790 καὶ
3214 2737 3314 2808 τῆς
3342 2735 3492 2799 θείας
3512 2733 3727 2796 εἰκόνος

2125 2833 2188 2886 τὸ
2238 2831 2564 2905 ἁνύόριστόν
2593 2847 2652 2883 τε
2707 2830 2801 2885 καὶ
2844 2829 3315 2902 ἀπραχᾶρακτον
3339 2825 3694 2881 διεσώσαντοέ

2126 2922 2231 2978 ποῦ
2273 2923 2452 2977 τοίνυν
2475 2919 2545 2996 ἦν
2573 2923 2738 2979 καλόν
2768 2941 2784 2992 ;
2815 2923 2920 2977 ποῦ
2945 2922 3002 2976 δὲ
3049 2921 3212 2991 σοφὸν
3235 2919 3304 2976 δι’
3352 2919 3449 2972 ενα
3475 2917 3730 2990 παραδεο

2127 3016 2357 3088 σηκότα,
2394 3015 2492 3070 καὶ
2537 3017 2663 3070 τότε
2701 3017 2838 3088 μηδ’
2888 3015 3052 3071 αὐτὸν
3100 3014 3350 3086 ὑστέροις
3371 3010 3586 3084 χρόνοις
3618 3010 3724 3080 τῆς

430 3110 620 3182 κοινῆς
638 3111 1112 3185 ἀποστερούμενον
1137 3115 1516 3179 ἀπολαύσεως,
1536 3114 1792 3167 τοσοῦτον
1822 3111 2028 3184 πλῆθος
2092 3113 2419 3188 ἀποστερεῖν
2456 3111 2552 3167 τοῦ
2619 3111 2970 3186 παραδείσου,
3021 3113 3083 3166 τὸ
3121 3111 3268 3184 ἱερὸν
3292 3112 3470 3165 ἐκεῖνο
3519 3106 3725 3181 χωρίον

437 3206 516 3277 μὴ
541 3205 981 3278 δημιουργοῦντα
1007 3209 1142 3280 μηδέ
1171 3209 1484 3280 προάγοντα
1507 3227 1520 3276 ;

506 3302 586 3356 Ad
622 3305 736 3359 huic
767 3312 951 3357 autem
979 3319 1155 3374 neque
1185 3305 1329 3360 istud
1361 3305 1723 3362 omittendum
1763 3323 1778 3362 :
1809 3315 2023 3378 oporte—

2204 3301 2350 3378 Πρὸς
2381 3301 2591 3367 τούτοις
2619 3301 2676 3355 δὲ
2722 3299 2861 3374 μηδὲ
2913 3301 3071 3356 τοῦτο
3111 3301 3443 3374 παροπτέον·
3472 3300 3581 3354 ἔδει
3627 3300 3728 3354 τὸν

438 3395 532 3450 bat
564 3392 739 3448 Adam
771 3393 1009 3450 actionis
1033 3393 1326 3466 cujusdam
1359 3405 1412 3451 et
1442 3397 1776 3467 operationis
1831 3407 2023 3469 proto-

437 3489 652 3559 plasten
702 3501 812 3542 non
847 3487 1048 3558 injuria
1100 3488 1386 3547 allicientis
1435 3504 1626 3544 curam
1677 3490 1901 3555 habere,
1953 3506 2022 3546 ne

439 3581 654 3651 pigrum
674 3577 882 3634 foretet
913 3579 1285 3652 inintelligens
1307 3583 1578 3637 rationale.
1607 3583 1811 3638 animal
1836 3583 2024 3638 homo.

440 3671 595 3727 llanc
628 3681 809 3727 autem
852 3673 986 3727 bene
1032 3674 1358 3746 dirigentem
1399 3690 1637 3732 coronas
1680 3685 1735 3732 et
1770 3678 2027 3747 gloriam,

442 3765 802 3837 negligentem
833 3779 963 3820 vero
993 3781 1211 3836 poenam
1247 3775 1302 3822 et
1325 3767 1681 3839 ignominiam
1710 3771 1972 3841 consequi
2012 3787 2026 3824 :

445 3856 769 3913 inclinatum
805 3866 988 3913 autem
1031 3858 1098 3913 ad
1129 3858 1306 3915 levius
1331 3875 1491 3931 poena
1534 3871 1722 3918 secuta
1756 3872 1841 3918 est
1871 3878 1886 3914 :
1918 3878 2031 3917 non

445 3949 612 4021 igitur
662 3950 884 4005 eosdem
940 3949 1066 4021 quis
1113 3949 1387 4021 proferret
1432 3967 1737 4021 sermones,
1788 3969 1928 4024 quos
1979 3962 2034 4008 ct

445 4043 513 4098 de
555 4043 813 4114 paradiso
836 4053 891 4099 et
915 4046 980 4099 de
1010 4044 1279 4114 ejcclionc
1308 4066 1320 4100 :
1360 4056 1414 4101 et
1449 4048 1608 4118 cujus
1640 4048 1812 4118 gratia
1849 4048 2033 4118 inqui-

443 4145 531 4191 ret
557 4144 610 4190 et
635 4135 890 4206 litigabit,
932 4151 1149 4192 corona:
1181 4138 1559 4209 plectebantur
1584 4149 1638 4195 et
1670 4140 2032 4211 parabantur:

445 4226 490 4283 si
527 4241 657 4282 vero
697 4230 798 4283 hoc
841 4229 1084 4284 nondum
1120 4231 1432 4300 paradisus,
1478 4240 1533 4286 et
1576 4232 1749 4287 Adam
1777 4242 1831 4288 et
1859 4243 2039 4288 exter-

443 4319 675 4376 minium
722 4323 988 4378 rationem
1039 4324 1293 4395 exigitur.
1343 4323 1450 4380 Sed
1497 4325 1564 4380 de
1611 4328 1868 4383 omnibus
1900 4344 2039 4398 quo-

445 4424 570 4468 rum
608 4421 934 4482 proventum
983 4415 1220 4488 benigna
1251 4426 1308 4472 ct
1336 4419 1571 4474 creatrix
1603 4419 1818 4477 bonitas
1852 4422 2042 4490 elegis-

447 4515 532 4561 set
556 4507 900 4576 promittere,
922 4507 1138 4576 iisdem,
1156 4511 1260 4565 etsi
1285 4526 1394 4566 non
1423 4511 1804 4584 fateanturqui
1823 4513 2038 4570 illorum

446 4598 712 4653 rationem
743 4601 990 4671 exigunt,
1027 4602 1369 4674 subjicerent
1425 4605 1824 4675 quaestionibus
1868 4606 2040 4662 Crea-

2139 3401 2311 3473 Ἀδάμ
2341 3398 2600 3472 πράξεώς
2637 3416 2782 3464 τινος
2810 3400 2908 3454 καὶ⁹
2935 3399 3216 3471 ἐνεργείας
3269 3397 3361 3452 τδν
3388 3396 3727 3468 πρωτόπλα-

2128 3509 2252 3546 στον
2294 3491 2395 3562 οὐχ
2450 3489 2781 3563 ὑϐριζούσης
2832 3489 3152 3558 ἐπιμέλειαν
3195 3487 3475 3559 ἔχεινιίνα
3522 3486 3599 3560 μὴ
3627 3487 3735 3560 ἁρ-

2127 3583 2221 3654 γὸν
2272 3583 2356 3654 είη
2396 3583 2492 3637 καὶ
2519 3581 2836 3653 ἀδιανόητον
2865 3579 2926 3633 τὸ
2959 3580 3176 3650 λογικὸν
3195 3579 3333 3646 ζῶον
3359 3582 3387 3634 ὁ
3409 3578 3732 3650 ἄνθρωπος.

2130 3677 2346 3748 Ταύτην
2379 3676 2435 3731 δὲ
2461 3674 2812 3747 κατορθοῦντι
2849 3675 3145 3741 στεφάνους
3181 3674 3278 3728 καὶ⁸
3323 3672 3504 3740 δόξαν,
3555 3689 3733 3726 κατα-

2135 3767 2390 3839 μελοῦντι
2419 3765 2477 3820 δὲ
2507 3764 2780 3837 τιμωρίαν
2811 3763 2907 3819 καὶ
2938 3763 3155 3829 ἀδοξίαν
3194 3761 3451 3819 ἕπεσθαιο
3483 3763 3734 3835 ῥέψαντα

2134 3861 2192 3914 δὲ
2228 3859 2367 3932 πρὸς
2419 3857 2479 3913 τὸ
2514 3859 2711 3929 ῥᾷστον
2740 3858 2775 3928 ἡ
2821 3855 3044 3921 κόλασις
3081 3854 3474 3927 ἠκολούθησεν·
3527 3853 3732 3908 οὐκοῦν

2135 3957 2264 4020 τοὺς
2307 3955 2507 4018 αὐτοὺς
2561 3954 2631 4010 ἄν
2695 3964 2781 4016 τις
2811 3952 3172 4025 προϐάλλοιτο
3215 3953 3429 4023 λόγους,
3487 3951 3585 4016 οὓς
3635 3951 3735 4005 καὶ

2136 4048 2268 4120 περὶ
2292 4047 2385 4102 τοῦ
2418 4046 2747 4118 παραδείσου
2774 4047 2874 4101 καὶ
2908 4045 3040 4117 περὶ
3075 4045 3174 4118 τῆς
3203 4045 3457 4116 ἐκϐολῆς·
3497 4045 3597 4099 καὶ
3648 4045 3734 4098 τί·

2138 4159 2229 4206 νος
2257 4140 2416 4213 χάριν
2463 4138 2785 4210 ἐπιζητήσει
2827 4138 2924 4192 καὶ
2953 4137 3328 4210 ζυγομαχήσει
3346 4179 3363 4207 ,
3392 4138 3443 4191 οἱ
3470 4139 3735 4209 στέφανοι

2139 4235 2430 4289 ἐπλέκοντό
2463 4250 2523 4287 τε
2555 4234 2649 4288 καὶ
2677 4232 3092 4306 ἠὐτρεπίζοντο⁸
3123 4233 3172 4286 εἰ
3223 4231 3282 4285 δὲ
3312 4231 3471 4284 τοῦτο
3521 4231 3623 4284 οὐκ
3651 4232 3735 4286 ἔτι

2142 4327 2494 4400 παράδεισος,
2539 4327 2637 4380 καὶ
2677 4326 2851 4398 Ἀδάμ
2899 4326 2994 4379 καὶ
3038 4323 3306 4396 δπερορία
3342 4322 3732 4393 λογοθετείται.

2153 4419 2314 4474 ’Δλλά
2370 4421 2511 4472 κατὰ
2575 4417 2776 4482 παντὸς
2833 4410 3006 4489 οὗπερ
3028 4416 3095 4471 ἂν
3151 4415 3252 4487 τὴν
3305 4415 3644 4488 προαγωγὴν
3701 4418 3734 4485 ἠ

2144 4512 2528 4584 φιλάνθρωπος
2566 4511 2660 4564 καὶ
2709 4509 3085 4582 δημιουργικὴ
3123 4510 3400 4580 ἀγαθότης
3451 4509 3738 4580 προείλετο

2145 4605 2579 4676 ὑποστήσασθαι,
2635 4606 2756 4668 ταῖς
2811 4605 2999 4666 αὐταῖς
3030 4601 3136 4657 κᾶν
3171 4603 3248 4675 μὴ
3306 4601 3651 4674 ὁμολογῶσιν
3689 4603 3739 4655 οἱ

447 4692 588 4746 toris
621 4708 732 4748 nou
763 4695 1009 4749 contenti
1042 4695 1334 4767 sapientia.
1379 4697 1649 4768 Inspicere
1693 4708 1874 4753 autem
1910 4699 2023 4754 lica:

2144 4699 2324 4752 ἐκεῖνα
2343 4672 2354 4676 ﬁ
2375 4695 2787 4766 λογοθετοῦντες
2809 4737 2827 4763 ,
2885 4672 3186 4750 ὑπέϐαλλον
3235 4672 3316 4749 τᾶν
3343 4672 3742 4766 *πολυπραγμςι

443 4792 499 4840 et
522 4781 668 4840 istud
697 4803 710 4839 :
740 4784 992 4852 Quanam
1014 4797 1164 4844 certe
1183 4789 1354 4844 Adam
1388 4791 1740 4861 cognovisset
1771 4803 1892 4862 post
1914 4809 2035 4863 pecs

444 4887 634 4931 catum
684 4891 850 4969 sensu
900 4878 1138 4936 discreta
1182 4880 1446 4938 fruitione
1489 4899 1549 4939 se
1596 4885 1890 4955 privatum,
1924 4901 2033 4942 non

444 4969 686 5040 paradisi
716 4972 1134 5027 conversatione
1175 4976 1415 5032 extorris
1456 4975 1630 5033 factus
1647 4977 1676 5030 ξ’
1720 4977 1822 5034 hac
1849 4989 2032 5035 autem

445 5059 724 5130 agnitione
793 5063 1136 5129 destitutum,
1211 5067 1490 5137 quomodo
1546 5085 1670 5125 cum
1737 5071 2046 5127 tenuissent

448 5167 718 5208 maerores
748 5169 813 5210 ac
845 5155 1103 5212 dolores?
1140 5159 1287 5214 nulla
1343 5169 1521 5217 autem
1560 5172 1815 5233 tangente
1843 5173 1898 5218 et
1924 5180 2046 5235 pre-

448 5255 632 5302 mente
663 5263 851 5304 earum
879 5265 1064 5305 rerum
1095 5267 1218 5322 quae
1241 5255 1560 5311 mmstitiam
1589 5257 1843 5326 aﬂ‘ernnt,
1873 5259 2046 5314 unde-

415 5352 576 5392 nam
627 5341 974 5412 cognovisset
1021 5346 1453 5416 magnitudinem
1494 5349 1721 5404 delicti?
1765 5353 2042 5421 quomodo

375 5495 382 5502 _
451 5446 583 5488 vero
618 5434 891 5504 pmnitens
930 5435 1111 5492 factus
1149 5446 1294 5494 esset
1329 5449 1386 5494 et
1434 5441 1674 5497 divinam
1712 5443 2043 5500 benevolen-

449 5527 582 5582 tiam
640 5529 963 5599 deprecatus
1017 5541 1186 5598 esset,
1239 5544 1299 5588 ιιι
1333 5550 1401 5588 nc
1441 5537 1595 5593 venia
1630 5546 1682 5594 et
1718 5540 2044 5596 remissione

451 5617 680 5672 omnino
710 5628 764 5674 et
790 5619 843 5674 in
875 5635 1051 5678 aevum
1077 5623 1508 5683 destitueretur?

2149 4790 2336 4855 σύναις
2383 4789 2449 4862 τῇ
2481 4789 2575 4843 τοῦ
2622 4789 3132 4860 δημιουργήσαντος
3165 4788 3241 4860 μὴ
3279 4788 3740 4859 ωναρεσκόμενοι

2147 4887 2331 4956 σοφίᾳ.
2369 4883 2718 4936 Ἐπισκοπεῖν
2739 4879 2794 4934 δ’
2813 4882 2988 4949 ἔξεστι
3022 4883 3114 4936 καὶ
3150 4879 3327 4935 τοῦτο.
3353 4877 3512 4943 Τίνος
3537 4879 3650 4950 γάρ
3681 4881 3744 4932 ἂν

2143 4977 2172 5030 ὁ
2217 4973 2390 5047 Ἀδὰμ
2418 4973 2562 5044 ἔγνω
2589 4973 2728 5045 μετά
2757 4972 2855 5046 τὴν
2881 4974 3160 5045 ἁμαρτίαν
3187 4973 3443 5042 αἰσθήσει
3479 4970 3741 5042 κρινομέ·

2149 5087 2247 5141 νης
2283 5068 2656 5131 ἀπολαύσεως,
2689 5065 3077 5138 ἐστερημένος,
3108 5066 3184 5137 μὴ
3222 5067 3318 5133 τῆς
3354 5062 3449 5118 τοῦ
3484 5062 3743 5135 παραδεί-

2151 5181 2243 5216 σου
2302 5159 2580 5231 διαγωγῆς
2640 5160 2932 5233 ὑπερόριος
2981 5159 3346 5229 γεγενημένος
3377 5175 3393 5224 ;
3424 5155 3638 5228 ταύτην
3690 5154 3745 5208 δὲ

2151 5256 2250 5327 τήν
2287 5256 2586 5324 ἐπίγνωσιν
2619 5254 3008 5324 ἐστερημένος,
3037 5252 3154 5316 πῶς
3187 5253 3253 5306 ἂν
3289 5251 3454 5305 αὑτὸν
3480 5249 3743 5319 συνέσχον

2147 5345 2316 5398 λύπαι
2349 5345 2445 5399 καὶ
2475 5343 2699 5410 ὀδύναι;
2731 5344 2963 5415 μηδενὸς
3020 5343 3077 5396 δὲ
3109 5343 3435 5412 πλήττοντος
3483 5342 3584 5394 καὶ
3619 5356 3744 5392 συν·

2146 5437 2421 5502 θλίϐοντος
2449 5439 2558 5491 τῶν
2588 5435 3078 5510 παραλυπούντων,
3130 5433 3292 5489 πόθεν
3342 5435 3408 5488 ἂν
3437 5433 3662 5503 ἐπέγνω
3687 5429 3741 5483 τὸ

2150 5529 2382 5600 μέγεθος
2412 5529 2504 5582 τοῦ
2539 5529 2948 5600 ἁμαρτηθέντος
2973 5546 2987 5596 ;
3010 5528 3127 5591 πῶς
3157 5527 3202 5582 δ’
3230 5526 3297 5580 ἂν
3321 5526 3421 5598 τῆς
3453 5524 3742 5597 μετανοίας

2148 5623 2385 5691 ἐγένετο,
2425 5624 2519 5675 καὶ
2545 5623 2642 5692 τὴν
2696 5621 2846 5676 θείαν
2871 5622 3160 5692 εὐμένειαν
3203 5619 3581 5690 ἐδυσώπησεν,
3606 5619 3740 5670 ὥστε

2152 5715 2227 5785 μὴ
2248 5718 2346 5785 τῆς
2382 5714 2714 5784 συγγνώμης
2745 5714 2894 5784 αὐτῷ
2921 5715 3014 5767 καὶ
3043 5715 3142 5783 τῆς
3163 5713 3505 5783 άφέσεωςείς
3521 5712 3586 5768 τὸ
3611 5728 3742 5765 παν-

2149 5807 2300 5873 τελές
2335 5807 2428 5862 καὶ
2451 5805 2515 5864 δι’
2544 5806 2742 5871 αἰῶνος
2791 5805 3231 5878 ἀποστερηθῆναι
3257 5825 3273 5873 ;
3473 5796 3478 5798 ’
