  <div class='ocr_page' id='page_1' title='image "/cluster/home/n/w/nwhite01/storage/ocr_20150623/101/hvd.32044018872879/217.png"; bbox 0 0 3792 6292; ppageno 0'>
   <div class='ocr_carea' id='block_1_1' title="bbox 416 308 521 371">
    <p class='ocr_par' dir='ltr' id='par_1_1' title="bbox 416 308 521 371">
     <span class='ocr_line' id='line_1_1' title="bbox 416 308 521 371; baseline -0.029 0"><span class='ocrx_word' id='word_1_1' title='bbox 416 308 521 371; x_wconf 77' lang='lat'><strong>387</strong></span> 
     </span>
    </p>
   </div>
   <div class='ocr_carea' id='block_1_2' title="bbox 1585 307 2535 375">
    <p class='ocr_par' dir='ltr' id='par_1_2' title="bbox 1585 307 2535 375">
     <span class='ocr_line' id='line_1_2' title="bbox 1585 307 2535 375; baseline 0.005 -6"><span class='ocrx_word' id='word_1_2' title='bbox 1585 307 1849 370; x_wconf 78' lang='lat' dir='ltr'><strong>PIIOTII</strong></span> <span class='ocrx_word' id='word_1_3' title='bbox 1876 307 2384 375; x_wconf 64' lang='lat' dir='ltr'><strong>PATRIARCHJZ</strong></span> <span class='ocrx_word' id='word_1_4' title='bbox 2424 309 2535 374; x_wconf 88' lang='lat' dir='ltr'><strong>CP.</strong></span> 
     </span>
    </p>
   </div>
   <div class='ocr_carea' id='block_1_3' title="bbox 3586 278 3763 392">
    <p class='ocr_par' dir='ltr' id='par_1_3' title="bbox 3586 278 3763 392">
     <span class='ocr_line' id='line_1_3' title="bbox 3586 278 3763 392; baseline 0 -109"><span class='ocrx_word' id='word_1_5' title='bbox 3586 328 3675 392; x_wconf 46' lang='grc' dir='ltr'>ω</span> <span class='ocrx_word' id='word_1_6' title='bbox 3762 278 3763 283; x_wconf 66' lang='lat'><strong>,</strong></span> 
     </span>
    </p>
   </div>
   <div class='ocr_carea' id='block_1_4' title="bbox 414 421 1987 513">
    <p class='ocr_par' dir='ltr' id='par_1_4' title="bbox 414 421 1987 497">
     <span class='ocr_line' id='line_1_4' title="bbox 414 421 1987 497; baseline 0.004 -22"><span class='ocrx_word' id='word_1_7' title='bbox 414 421 761 478; x_wconf 68' lang='lat' dir='ltr'><strong>vastantibus</strong></span> <span class='ocrx_word' id='word_1_8' title='bbox 778 424 964 493; x_wconf 66' lang='lat' dir='ltr'><strong>penis</strong></span> <span class='ocrx_word' id='word_1_9' title='bbox 993 437 1117 493; x_wconf 75' lang='lat' dir='ltr'><strong>qute</strong></span> <span class='ocrx_word' id='word_1_10' title='bbox 1144 421 1462 478; x_wconf 73' lang='lat' dir='ltr'><strong>destruendi</strong></span> <span class='ocrx_word' id='word_1_11' title='bbox 1492 424 1798 494; x_wconf 90' lang='lat' dir='ltr'><strong>subjectum</strong></span> <span class='ocrx_word' id='word_1_12' title='bbox 1830 426 1987 497; x_wconf 84' lang='lat' dir='ltr'><strong>impo</strong></span> 
     </span>
    </p>
   </div>
   <div class='ocr_carea' id='block_1_5' title="bbox 2095 421 3679 513">
    <p class='ocr_par' dir='ltr' id='par_1_5' title="bbox 2108 432 3679 513">
     <span class='ocr_line' id='line_1_5' title="bbox 2108 432 3679 513; baseline 0.01 -30"><span class='ocrx_word' id='word_1_13' title='bbox 2108 433 2223 494; x_wconf 80' lang='grc' dir='ltr'><strong>τοῖς</strong></span> <span class='ocrx_word' id='word_1_14' title='bbox 2253 432 2481 502; x_wconf 75' lang='grc' dir='ltr'><strong>ἄνθραξι</strong></span> <span class='ocrx_word' id='word_1_15' title='bbox 2503 435 2617 497; x_wconf 83' lang='grc' dir='ltr'><strong>τοῖς</strong></span> <span class='ocrx_word' id='word_1_16' title='bbox 2638 434 2957 506; x_wconf 81' lang='grc' dir='ltr'><strong>ἐρημικοτς,</strong></span> <span class='ocrx_word' id='word_1_17' title='bbox 2993 455 3013 489; x_wconf 75' lang='grc' dir='ltr'><strong>ι</strong></span> <span class='ocrx_word' id='word_1_18' title='bbox 3056 436 3304 495; x_wconf 73' lang='grc' dir='ltr'><strong>τουτέστι</strong></span> <span class='ocrx_word' id='word_1_19' title='bbox 3340 443 3466 507; x_wconf 77' lang='grc' dir='ltr'><strong>ταῖς</strong></span> <span class='ocrx_word' id='word_1_20' title='bbox 3510 446 3679 513; x_wconf 79' lang='grc' dir='ltr'><strong>ἀφανι-</strong></span> 
     </span>
    </p>
   </div>
   <div class='ocr_carea' id='block_1_6' title="bbox 415 517 2004 590">
    <p class='ocr_par' dir='ltr' id='par_1_6' title="bbox 415 517 2004 590">
     <span class='ocr_line' id='line_1_6' title="bbox 415 517 2004 590; baseline 0.003 -18"><span class='ocrx_word' id='word_1_21' title='bbox 415 524 621 572; x_wconf 80' lang='lat' dir='ltr'><strong>tentem</strong></span> <span class='ocrx_word' id='word_1_22' title='bbox 652 517 855 574; x_wconf 81' lang='lat' dir='ltr'><strong>habent</strong></span> <span class='ocrx_word' id='word_1_23' title='bbox 888 518 996 570; x_wconf 85' lang='lat' dir='ltr'><strong>vim</strong></span> <span class='ocrx_word' id='word_1_24' title='bbox 1032 535 1047 571; x_wconf 90' lang='lat'>:</span> <span class='ocrx_word' id='word_1_25' title='bbox 1081 526 1136 572; x_wconf 91' lang='lat' dir='ltr'><strong>ct</strong></span> <span class='ocrx_word' id='word_1_26' title='bbox 1169 518 1222 571; x_wconf 91' lang='lat' dir='ltr'><strong>in</strong></span> <span class='ocrx_word' id='word_1_27' title='bbox 1254 518 1381 572; x_wconf 90' lang='lat' dir='ltr'><strong>aliis</strong></span> <span class='ocrx_word' id='word_1_28' title='bbox 1413 520 1604 573; x_wconf 76' lang='lat' dir='ltr'><strong>multis</strong></span> <span class='ocrx_word' id='word_1_29' title='bbox 1644 530 1731 574; x_wconf 78' lang='lat' dir='ltr'><strong>est</strong></span> <span class='ocrx_word' id='word_1_30' title='bbox 1759 522 2004 590; x_wconf 88' lang='lat' dir='ltr'><strong>reperire</strong></span> 
     </span>
    </p>
   </div>
   <div class='ocr_carea' id='block_1_7' title="bbox 414 610 1999 671">
    <p class='ocr_par' dir='ltr' id='par_1_7' title="bbox 414 610 1999 671">
     <span class='ocr_line' id='line_1_7' title="bbox 414 610 1999 671; baseline 0.002 -6"><span class='ocrx_word' id='word_1_31' title='bbox 414 610 642 671; x_wconf 83' lang='lat' dir='ltr'><strong>ultrices</strong></span> <span class='ocrx_word' id='word_1_32' title='bbox 669 610 899 666; x_wconf 74' lang='lat' dir='ltr'><strong>virtutes</strong></span> <span class='ocrx_word' id='word_1_33' title='bbox 928 620 1150 665; x_wconf 81' lang='lat' dir='ltr'><strong>vocatas</strong></span> <span class='ocrx_word' id='word_1_34' title='bbox 1181 626 1269 666; x_wconf 74' lang='lat' dir='ltr'><strong>cat</strong></span> <span class='ocrx_word' id='word_1_35' title='bbox 1282 612 1471 666; x_wconf 89' lang='lat' dir='ltr'><strong>bones.</strong></span> <span class='ocrx_word' id='word_1_36' title='bbox 1495 610 1659 666; x_wconf 76' lang='lat' dir='ltr'><strong>Juxta</strong></span> <span class='ocrx_word' id='word_1_37' title='bbox 1696 615 1999 668; x_wconf 87' lang='lat' dir='ltr'><strong>secundum</strong></span> 
     </span>
    </p>
   </div>
   <div class='ocr_carea' id='block_1_8' title="bbox 415 700 2003 772">
    <p class='ocr_par' dir='ltr' id='par_1_8' title="bbox 415 700 2003 772">
     <span class='ocr_line' id='line_1_8' title="bbox 415 700 2003 772; baseline 0.001 -17"><span class='ocrx_word' id='word_1_38' title='bbox 415 700 585 772; x_wconf 79' lang='lat' dir='ltr'><strong>igitur</strong></span> <span class='ocrx_word' id='word_1_39' title='bbox 635 701 1008 771; x_wconf 79' lang='lat' dir='ltr'><strong>significatum</strong></span> <span class='ocrx_word' id='word_1_40' title='bbox 1038 702 1308 755; x_wconf 84' lang='lat' dir='ltr'><strong>carbones</strong></span> <span class='ocrx_word' id='word_1_41' title='bbox 1338 703 1676 771; x_wconf 81' lang='lat' dir='ltr'><strong>castigantes</strong></span> <span class='ocrx_word' id='word_1_42' title='bbox 1714 703 1904 772; x_wconf 87' lang='lat' dir='ltr'><strong>plagas</strong></span> <span class='ocrx_word' id='word_1_43' title='bbox 1946 710 2003 757; x_wconf 87' lang='lat' dir='ltr'><strong>et</strong></span> 
     </span>
    </p>
   </div>
   <div class='ocr_carea' id='block_1_9' title="bbox 414 792 2003 862">
    <p class='ocr_par' dir='ltr' id='par_1_9' title="bbox 414 792 2003 862">
     <span class='ocr_line' id='line_1_9' title="bbox 414 792 2003 862; baseline -0.001 -13"><span class='ocrx_word' id='word_1_44' title='bbox 414 794 769 849; x_wconf 85' lang='lat' dir='ltr'><strong>immissuras</strong></span> <span class='ocrx_word' id='word_1_45' title='bbox 803 803 985 856; x_wconf 83' lang='lat' dir='ltr'><strong>vocat,</strong></span> <span class='ocrx_word' id='word_1_46' title='bbox 1016 808 1045 845; x_wconf 89' lang='lat' dir='ltr'><strong>a</strong></span> <span class='ocrx_word' id='word_1_47' title='bbox 1074 792 1411 847; x_wconf 79' lang='lat' dir='ltr'><strong>carbonibus</strong></span> <span class='ocrx_word' id='word_1_48' title='bbox 1436 794 1530 862; x_wconf 89' lang='lat' dir='ltr'><strong>qui</strong></span> <span class='ocrx_word' id='word_1_49' title='bbox 1561 793 1845 848; x_wconf 82' lang='lat' dir='ltr'><strong>sensibilis</strong></span> <span class='ocrx_word' id='word_1_50' title='bbox 1872 804 2003 847; x_wconf 87' lang='lat' dir='ltr'><strong>sunt</strong></span> 
     </span>
    </p>
   </div>
   <div class='ocr_carea' id='block_1_10' title="bbox 413 884 2000 940">
    <p class='ocr_par' dir='ltr' id='par_1_10' title="bbox 413 884 2000 940">
     <span class='ocr_line' id='line_1_10' title="bbox 413 884 2000 940; baseline -0.001 -1"><span class='ocrx_word' id='word_1_51' title='bbox 413 896 469 940; x_wconf 87' lang='lat' dir='ltr'><strong>et</strong></span> <span class='ocrx_word' id='word_1_52' title='bbox 506 885 882 940; x_wconf 80' lang='lat' dir='ltr'><strong>causutnentis</strong></span> <span class='ocrx_word' id='word_1_53' title='bbox 921 885 1415 939; x_wconf 86' lang='lat' dir='ltr'><strong>circumterrenam</strong></span> <span class='ocrx_word' id='word_1_54' title='bbox 1448 885 1734 939; x_wconf 82' lang='lat' dir='ltr'><strong>materiam</strong></span> <span class='ocrx_word' id='word_1_55' title='bbox 1768 884 2000 938; x_wconf 78' lang='lat' dir='ltr'><strong>ﬂamma:</strong></span> 
     </span>
    </p>
   </div>
   <div class='ocr_carea' id='block_1_11' title="bbox 412 976 2006 1047">
    <p class='ocr_par' dir='ltr' id='par_1_11' title="bbox 412 976 2006 1047">
     <span class='ocr_line' id='line_1_11' title="bbox 412 976 2006 1047; baseline -0.003 -14"><span class='ocrx_word' id='word_1_56' title='bbox 412 978 905 1040; x_wconf 60' lang='lat' dir='ltr'><strong>excandescentia},</strong></span> <span class='ocrx_word' id='word_1_57' title='bbox 937 976 1274 1032; x_wconf 68' lang='lat' dir='ltr'><strong>transferens</strong></span> <span class='ocrx_word' id='word_1_58' title='bbox 1296 986 1352 1032; x_wconf 90' lang='lat' dir='ltr'><strong>et</strong></span> <span class='ocrx_word' id='word_1_59' title='bbox 1378 978 1743 1032; x_wconf 81' lang='lat' dir='ltr'><strong>transveltens</strong></span> <span class='ocrx_word' id='word_1_60' title='bbox 1769 978 2006 1047; x_wconf 77' lang='lat' dir='ltr'><strong>appella-</strong></span> 
     </span>
    </p>
   </div>
   <div class='ocr_carea' id='block_1_12' title="bbox 415 1070 2003 1141">
    <p class='ocr_par' dir='ltr' id='par_1_12' title="bbox 415 1070 2003 1141">
     <span class='ocr_line' id='line_1_12' title="bbox 415 1070 2003 1141; baseline -0.004 -13"><span class='ocrx_word' id='word_1_61' title='bbox 415 1074 641 1128; x_wconf 85' lang='lat' dir='ltr'><strong>tionem.</strong></span> <span class='ocrx_word' id='word_1_62' title='bbox 692 1070 956 1126; x_wconf 80' lang='lat' dir='ltr'><strong>Hortatur</strong></span> <span class='ocrx_word' id='word_1_63' title='bbox 1001 1071 1164 1141; x_wconf 81' lang='lat' dir='ltr'><strong>igitur</strong></span> <span class='ocrx_word' id='word_1_64' title='bbox 1228 1072 1561 1126; x_wconf 89' lang='lat' dir='ltr'><strong>esurieutcm</strong></span> <span class='ocrx_word' id='word_1_65' title='bbox 1620 1070 1839 1140; x_wconf 79' lang='lat' dir='ltr'><strong>quidem</strong></span> <span class='ocrx_word' id='word_1_66' title='bbox 1899 1070 2003 1124; x_wconf 88' lang='lat' dir='ltr'><strong>ini-</strong></span> 
     </span>
    </p>
   </div>
   <div class='ocr_carea' id='block_1_13' title="bbox 412 1163 2000 1232">
    <p class='ocr_par' dir='ltr' id='par_1_13' title="bbox 412 1163 2000 1232">
     <span class='ocr_line' id='line_1_13' title="bbox 412 1163 2000 1232; baseline -0.003 -12"><span class='ocrx_word' id='word_1_67' title='bbox 412 1166 615 1220; x_wconf 89' lang='lat' dir='ltr'><strong>micum</strong></span> <span class='ocrx_word' id='word_1_68' title='bbox 646 1165 852 1229; x_wconf 88' lang='lat' dir='ltr'><strong>cibare,</strong></span> <span class='ocrx_word' id='word_1_69' title='bbox 886 1164 1167 1219; x_wconf 77' lang='lat' dir='ltr'><strong>sitientem</strong></span> <span class='ocrx_word' id='word_1_70' title='bbox 1201 1179 1332 1218; x_wconf 88' lang='lat' dir='ltr'><strong>vero</strong></span> <span class='ocrx_word' id='word_1_71' title='bbox 1380 1173 1568 1232; x_wconf 86' lang='lat' dir='ltr'><strong>potare</strong></span> <span class='ocrx_word' id='word_1_72' title='bbox 1604 1181 1619 1215; x_wconf 88' lang='lat'><strong>:</strong></span> <span class='ocrx_word' id='word_1_73' title='bbox 1650 1163 1701 1217; x_wconf 87' lang='lat' dir='ltr'><strong>id</strong></span> <span class='ocrx_word' id='word_1_74' title='bbox 1740 1174 1826 1217; x_wconf 88' lang='lat' dir='ltr'><strong>est</strong></span> <span class='ocrx_word' id='word_1_75' title='bbox 1854 1164 2000 1216; x_wconf 82' lang='lat' dir='ltr'><strong>mul-</strong></span> 
     </span>
    </p>
   </div>
   <div class='ocr_carea' id='block_1_14' title="bbox 411 1250 2003 1324">
    <p class='ocr_par' dir='ltr' id='par_1_14' title="bbox 411 1250 2003 1324">
     <span class='ocr_line' id='line_1_14' title="bbox 411 1250 2003 1324; baseline -0.004 -13"><span class='ocrx_word' id='word_1_76' title='bbox 411 1258 635 1312; x_wconf 91' lang='lat' dir='ltr'><strong>timodis</strong></span> <span class='ocrx_word' id='word_1_77' title='bbox 695 1256 1017 1311; x_wconf 75' lang='lat' dir='ltr'><strong>benefacere</strong></span> <span class='ocrx_word' id='word_1_78' title='bbox 1068 1265 1126 1310; x_wconf 91' lang='lat' dir='ltr'><strong>et</strong></span> <span class='ocrx_word' id='word_1_79' title='bbox 1190 1254 1484 1324; x_wconf 88' lang='lat' dir='ltr'><strong>benignum</strong></span> <span class='ocrx_word' id='word_1_80' title='bbox 1555 1268 1676 1308; x_wconf 86' lang='lat' dir='ltr'><strong>esse</strong></span> <span class='ocrx_word' id='word_1_81' title='bbox 1742 1271 1757 1307; x_wconf 89' lang='lat'>:</span> <span class='ocrx_word' id='word_1_82' title='bbox 1820 1250 2003 1306; x_wconf 87' lang='lat' dir='ltr'><strong>cibare</strong></span> 
     </span>
    </p>
   </div>
   <div class='ocr_carea' id='block_1_15' title="bbox 409 1345 1996 1420">
    <p class='ocr_par' dir='ltr' id='par_1_15' title="bbox 409 1345 1996 1420">
     <span class='ocr_line' id='line_1_15' title="bbox 409 1345 1996 1420; baseline -0.005 -15"><span class='ocrx_word' id='word_1_83' title='bbox 409 1365 649 1420; x_wconf 89' lang='lat' dir='ltr'><strong>namque</strong></span> <span class='ocrx_word' id='word_1_84' title='bbox 701 1360 756 1404; x_wconf 92' lang='lat' dir='ltr'><strong>et</strong></span> <span class='ocrx_word' id='word_1_85' title='bbox 812 1358 1033 1419; x_wconf 84' lang='lat' dir='ltr'><strong>potare,</strong></span> <span class='ocrx_word' id='word_1_86' title='bbox 1086 1347 1456 1402; x_wconf 80' lang='lat' dir='ltr'><strong>beneﬁcentia:</strong></span> <span class='ocrx_word' id='word_1_87' title='bbox 1509 1345 1918 1400; x_wconf 83' lang='lat' dir='ltr'><strong>universitatem</strong></span> <span class='ocrx_word' id='word_1_88' title='bbox 1965 1361 1996 1397; x_wconf 90' lang='lat' dir='ltr'><strong>a</strong></span> 
     </span>
    </p>
   </div>
   <div class='ocr_carea' id='block_1_16' title="bbox 407 1437 1997 1513">
    <p class='ocr_par' dir='ltr' id='par_1_16' title="bbox 407 1437 1997 1513">
     <span class='ocr_line' id='line_1_16' title="bbox 407 1437 1997 1513; baseline -0.004 -16"><span class='ocrx_word' id='word_1_89' title='bbox 407 1454 565 1513; x_wconf 83' lang='lat' dir='ltr'><strong>parte</strong></span> <span class='ocrx_word' id='word_1_90' title='bbox 606 1442 914 1497; x_wconf 81' lang='lat' dir='ltr'><strong>describit:</strong></span> <span class='ocrx_word' id='word_1_91' title='bbox 948 1439 1148 1495; x_wconf 89' lang='lat' dir='ltr'><strong>deinde</strong></span> <span class='ocrx_word' id='word_1_92' title='bbox 1179 1438 1533 1494; x_wconf 89' lang='lat' dir='ltr'><strong>benefaciens</strong></span> <span class='ocrx_word' id='word_1_93' title='bbox 1563 1439 1644 1493; x_wconf 87' lang='lat' dir='ltr'><strong>ait</strong></span> <span class='ocrx_word' id='word_1_94' title='bbox 1688 1437 1914 1492; x_wconf 83' lang='lat' dir='ltr'><strong>inimico</strong></span> <span class='ocrx_word' id='word_1_95' title='bbox 1944 1447 1997 1492; x_wconf 90' lang='lat' dir='ltr'><strong>et</strong></span> 
     </span>
    </p>
   </div>
   <div class='ocr_carea' id='block_1_17' title="bbox 408 1530 1998 1604">
    <p class='ocr_par' dir='ltr' id='par_1_17' title="bbox 408 1530 1998 1604">
     <span class='ocr_line' id='line_1_17' title="bbox 408 1530 1998 1604; baseline -0.003 -17"><span class='ocrx_word' id='word_1_96' title='bbox 408 1534 727 1588; x_wconf 87' lang='lat' dir='ltr'><strong>humaniter</strong></span> <span class='ocrx_word' id='word_1_97' title='bbox 751 1550 879 1604; x_wconf 87' lang='lat' dir='ltr'><strong>erga</strong></span> <span class='ocrx_word' id='word_1_98' title='bbox 925 1548 1050 1587; x_wconf 92' lang='lat' dir='ltr'><strong>eum</strong></span> <span class='ocrx_word' id='word_1_99' title='bbox 1081 1532 1405 1601; x_wconf 71' lang='lat' dir='ltr'><strong>dispositus,</strong></span> <span class='ocrx_word' id='word_1_100' title='bbox 1437 1530 1708 1587; x_wconf 69' lang='lat' dir='ltr'><strong>carbones</strong></span> <span class='ocrx_word' id='word_1_101' title='bbox 1736 1544 1998 1600; x_wconf 65' lang='lat' dir='ltr'><strong>congeri-5</strong></span> 
     </span>
    </p>
   </div>
   <div class='ocr_carea' id='block_1_18' title="bbox 332 1628 945 1696">
    <p class='ocr_par' dir='ltr' id='par_1_18' title="bbox 332 1628 945 1696">
     <span class='ocr_line' id='line_1_18' title="bbox 332 1628 945 1696; baseline -0.003 -15"><span class='ocrx_word' id='word_1_102' title='bbox 332 1662 335 1669; x_wconf 64' lang='grc' dir='ltr'><strong>ς</strong></span> <span class='ocrx_word' id='word_1_103' title='bbox 406 1642 576 1695; x_wconf 93' lang='lat' dir='ltr'><strong>super</strong></span> <span class='ocrx_word' id='word_1_104' title='bbox 601 1638 769 1696; x_wconf 84' lang='lat' dir='ltr'><strong>caput</strong></span> <span class='ocrx_word' id='word_1_105' title='bbox 800 1628 945 1694; x_wconf 87' lang='lat' dir='ltr'><strong>ejus.</strong></span> 
     </span>
    </p>
   </div>
   <div class='ocr_carea' id='block_1_19' title="bbox 2102 522 3676 599">
    <p class='ocr_par' dir='ltr' id='par_1_19' title="bbox 2102 522 3676 599">
     <span class='ocr_line' id='line_1_19' title="bbox 2102 522 3676 599; baseline 0.012 -29"><span class='ocrx_word' id='word_1_106' title='bbox 2102 524 2315 583; x_wconf 70' lang='lat' dir='ltr'><strong>anui;</strong></span> <span class='ocrx_word' id='word_1_107' title='bbox 2346 538 2405 573; x_wconf 88' lang='grc' dir='ltr'><strong>τε</strong></span> <span class='ocrx_word' id='word_1_108' title='bbox 2460 522 2559 574; x_wconf 71' lang='grc' dir='ltr'><strong>καὶ</strong></span> <span class='ocrx_word' id='word_1_109' title='bbox 2606 526 2965 593; x_wconf 58' lang='grc' dir='ltr'><strong>ἓρημοποιοξ</strong></span> <span class='ocrx_word' id='word_1_110' title='bbox 3010 530 3328 599; x_wconf 72' lang='grc' dir='ltr'><strong>τιμωρίαις,</strong></span> <span class='ocrx_word' id='word_1_111' title='bbox 3378 531 3439 583; x_wconf 79' lang='grc' dir='ltr'><strong>αἶ</strong></span> <span class='ocrx_word' id='word_1_112' title='bbox 3500 551 3676 589; x_wconf 84' lang='grc' dir='ltr'><strong>καταν-</strong></span> 
     </span>
    </p>
   </div>
   <div class='ocr_carea' id='block_1_20' title="bbox 2104 612 3677 696">
    <p class='ocr_par' dir='ltr' id='par_1_20' title="bbox 2104 612 3677 696">
     <span class='ocr_line' id='line_1_20' title="bbox 2104 612 3677 696; baseline 0.011 -35"><span class='ocrx_word' id='word_1_113' title='bbox 2104 612 2351 664; x_wconf 83' lang='grc' dir='ltr'><strong>αλίσκειν</strong></span> <span class='ocrx_word' id='word_1_114' title='bbox 2382 614 2476 667; x_wconf 70' lang='grc' dir='ltr'><strong>τὸν</strong></span> <span class='ocrx_word' id='word_1_115' title='bbox 2523 615 2826 670; x_wconf 66' lang='grc' dir='ltr'><strong>ὑπεύθυνον</strong></span> <span class='ocrx_word' id='word_1_116' title='bbox 2862 619 3147 690; x_wconf 76' lang='grc' dir='ltr'><strong>ἀμήχανον</strong></span> <span class='ocrx_word' id='word_1_117' title='bbox 3174 622 3364 692; x_wconf 78' lang='grc' dir='ltr'><strong>ἔχουσι</strong></span> <span class='ocrx_word' id='word_1_118' title='bbox 3394 623 3493 694; x_wconf 78' lang='grc' dir='ltr'><strong>τὴν</strong></span> <span class='ocrx_word' id='word_1_119' title='bbox 3516 626 3677 696; x_wconf 73' lang='grc' dir='ltr'><strong>ίτχύνο</strong></span> 
     </span>
    </p>
   </div>
   <div class='ocr_carea' id='block_1_21' title="bbox 2101 709 3679 793">
    <p class='ocr_par' dir='ltr' id='par_1_21' title="bbox 2101 709 3679 793">
     <span class='ocr_line' id='line_1_21' title="bbox 2101 709 3679 793; baseline 0.011 -35"><span class='ocrx_word' id='word_1_120' title='bbox 2101 709 2198 759; x_wconf 78' lang='grc' dir='ltr'><strong>καί</strong></span> <span class='ocrx_word' id='word_1_121' title='bbox 2229 711 2288 760; x_wconf 88' lang='grc' dir='ltr'><strong>ἐν</strong></span> <span class='ocrx_word' id='word_1_122' title='bbox 2318 709 2498 772; x_wconf 77' lang='grc' dir='ltr'><strong>ἄλλοις</strong></span> <span class='ocrx_word' id='word_1_123' title='bbox 2521 710 2580 763; x_wconf 82' lang='grc' dir='ltr'><strong>δὲ</strong></span> <span class='ocrx_word' id='word_1_124' title='bbox 2627 712 2840 776; x_wconf 54' lang='lat' dir='ltr'><strong>mihi;</strong></span> <span class='ocrx_word' id='word_1_125' title='bbox 2882 714 3033 768; x_wconf 76' lang='grc' dir='ltr'><strong>ἔστιν</strong></span> <span class='ocrx_word' id='word_1_126' title='bbox 3059 717 3241 788; x_wconf 79' lang='grc' dir='ltr'><strong>εὑρεῖν</strong></span> <span class='ocrx_word' id='word_1_127' title='bbox 3271 718 3376 782; x_wconf 79' lang='grc' dir='ltr'><strong>τὰς</strong></span> <span class='ocrx_word' id='word_1_128' title='bbox 3404 738 3679 793; x_wconf 81' lang='grc' dir='ltr'><strong>τιμωρητι-</strong></span> 
     </span>
    </p>
   </div>
   <div class='ocr_carea' id='block_1_22' title="bbox 2102 802 3683 878">
    <p class='ocr_par' dir='ltr' id='par_1_22' title="bbox 2102 802 3683 878">
     <span class='ocr_line' id='line_1_22' title="bbox 2102 802 3683 878; baseline -0.004 -5"><span class='ocrx_word' id='word_1_129' title='bbox 2102 802 2206 864; x_wconf 56' lang='lat' dir='ltr'><strong>xi;</strong></span> <span class='ocrx_word' id='word_1_130' title='bbox 2242 802 2503 872; x_wconf 73' lang='grc' dir='ltr'><strong>δυνάμεις</strong></span> <span class='ocrx_word' id='word_1_131' title='bbox 2527 804 2870 874; x_wconf 73' lang='grc' dir='ltr'><strong>καλουμένας</strong></span> <span class='ocrx_word' id='word_1_132' title='bbox 2893 807 3194 878; x_wconf 79' lang='grc' dir='ltr'><strong>ἄνθρακας.</strong></span> <span class='ocrx_word' id='word_1_133' title='bbox 3244 811 3411 865; x_wconf 81' lang='grc' dir='ltr'><strong>Κατά</strong></span> <span class='ocrx_word' id='word_1_134' title='bbox 3445 813 3506 865; x_wconf 79' lang='grc' dir='ltr'><strong>τὸ</strong></span> <span class='ocrx_word' id='word_1_135' title='bbox 3531 814 3683 867; x_wconf 69' lang='grc' dir='ltr'><strong>δεύτε-</strong></span> 
     </span>
    </p>
   </div>
   <div class='ocr_carea' id='block_1_23' title="bbox 2110 889 3683 975">
    <p class='ocr_par' dir='ltr' id='par_1_23' title="bbox 2110 889 3683 975">
     <span class='ocr_line' id='line_1_23' title="bbox 2110 889 3683 975; baseline 0.01 -30"><span class='ocrx_word' id='word_1_136' title='bbox 2110 889 2324 961; x_wconf 80' lang='grc' dir='ltr'><strong>ρονοῦν</strong></span> <span class='ocrx_word' id='word_1_137' title='bbox 2375 897 2777 964; x_wconf 70' lang='grc' dir='ltr'><strong>σημαινόμενον</strong></span> <span class='ocrx_word' id='word_1_138' title='bbox 2838 899 3119 968; x_wconf 78' lang='grc' dir='ltr'><strong>ἄνθρακας</strong></span> <span class='ocrx_word' id='word_1_139' title='bbox 3171 903 3270 965; x_wconf 74' lang='grc' dir='ltr'><strong>τὰς</strong></span> <span class='ocrx_word' id='word_1_140' title='bbox 3324 908 3683 975; x_wconf 70' lang='grc' dir='ltr'><strong>τιμωρητικὰς</strong></span> 
     </span>
    </p>
   </div>
   <div class='ocr_carea' id='block_1_24' title="bbox 2107 984 3681 1063">
    <p class='ocr_par' dir='ltr' id='par_1_24' title="bbox 2107 984 3681 1063">
     <span class='ocr_line' id='line_1_24' title="bbox 2107 984 3681 1063; baseline 0.011 -29"><span class='ocrx_word' id='word_1_141' title='bbox 2107 984 2323 1053; x_wconf 70' lang='grc' dir='ltr'><strong>πληγὰς</strong></span> <span class='ocrx_word' id='word_1_142' title='bbox 2351 988 2446 1038; x_wconf 79' lang='grc' dir='ltr'><strong>καὶ</strong></span> <span class='ocrx_word' id='word_1_143' title='bbox 2493 987 2811 1058; x_wconf 70' lang='grc' dir='ltr'><strong>εἰσπράξεις</strong></span> <span class='ocrx_word' id='word_1_144' title='bbox 2846 993 3274 1063; x_wconf 74' lang='grc' dir='ltr'><strong>προσαγορεύει,</strong></span> <span class='ocrx_word' id='word_1_145' title='bbox 3306 996 3424 1048; x_wconf 79' lang='grc' dir='ltr'><strong>ἀπὸ</strong></span> <span class='ocrx_word' id='word_1_146' title='bbox 3450 997 3557 1049; x_wconf 80' lang='grc' dir='ltr'><strong>τῶν</strong></span> <span class='ocrx_word' id='word_1_147' title='bbox 3600 1000 3681 1050; x_wconf 69' lang='grc' dir='ltr'><strong>ἀνι</strong></span> 
     </span>
    </p>
   </div>
   <div class='ocr_carea' id='block_1_25' title="bbox 2108 1071 3684 1157">
    <p class='ocr_par' dir='ltr' id='par_1_25' title="bbox 2108 1071 3684 1157">
     <span class='ocr_line' id='line_1_25' title="bbox 2108 1071 3684 1157; baseline 0.01 -33"><span class='ocrx_word' id='word_1_148' title='bbox 2108 1071 2328 1143; x_wconf 80' lang='grc' dir='ltr'><strong>θράκων</strong></span> <span class='ocrx_word' id='word_1_149' title='bbox 2346 1076 2396 1129; x_wconf 82' lang='grc' dir='ltr'><strong>οῖ</strong></span> <span class='ocrx_word' id='word_1_150' title='bbox 2427 1076 2528 1146; x_wconf 76' lang='grc' dir='ltr'><strong>τῆς</strong></span> <span class='ocrx_word' id='word_1_151' title='bbox 2548 1079 2809 1150; x_wconf 73' lang='grc' dir='ltr'><strong>αἰσθητῆς</strong></span> <span class='ocrx_word' id='word_1_152' title='bbox 2838 1083 2947 1135; x_wconf 83' lang='grc' dir='ltr'><strong>εἰσι</strong></span> <span class='ocrx_word' id='word_1_153' title='bbox 2980 1084 3073 1136; x_wconf 74' lang='grc' dir='ltr'><strong>καὶ</strong></span> <span class='ocrx_word' id='word_1_154' title='bbox 3110 1084 3451 1155; x_wconf 84' lang='grc' dir='ltr'><strong>δαπανώσης</strong></span> <span class='ocrx_word' id='word_1_155' title='bbox 3478 1088 3572 1157; x_wconf 80' lang='grc' dir='ltr'><strong>τὴν</strong></span> <span class='ocrx_word' id='word_1_156' title='bbox 3603 1103 3684 1140; x_wconf 84' lang='grc' dir='ltr'><strong>πε-</strong></span> 
     </span>
    </p>
   </div>
   <div class='ocr_carea' id='block_1_26' title="bbox 2107 1160 3682 1249">
    <p class='ocr_par' dir='ltr' id='par_1_26' title="bbox 2107 1160 3682 1249">
     <span class='ocr_line' id='line_1_26' title="bbox 2107 1160 3682 1249; baseline 0.011 -33"><span class='ocrx_word' id='word_1_157' title='bbox 2107 1165 2313 1236; x_wconf 87' lang='grc' dir='ltr'><strong>ρίγειον</strong></span> <span class='ocrx_word' id='word_1_158' title='bbox 2344 1160 2477 1238; x_wconf 74' lang='grc' dir='ltr'><strong>ὕλην</strong></span> <span class='ocrx_word' id='word_1_159' title='bbox 2530 1171 2727 1238; x_wconf 70' lang='grc' dir='ltr'><strong>φλογὸς</strong></span> <span class='ocrx_word' id='word_1_160' title='bbox 2782 1173 3204 1243; x_wconf 77' lang='grc' dir='ltr'><strong>ὑπεκκαύματα,</strong></span> <span class='ocrx_word' id='word_1_161' title='bbox 3253 1180 3584 1249; x_wconf 77' lang='grc' dir='ltr'><strong>μεταφέρων</strong></span> <span class='ocrx_word' id='word_1_162' title='bbox 3632 1197 3682 1234; x_wconf 86' lang='grc' dir='ltr'><strong>τε</strong></span> 
     </span>
    </p>
   </div>
   <div class='ocr_carea' id='block_1_27' title="bbox 2104 1258 3682 1336">
    <p class='ocr_par' dir='ltr' id='par_1_27' title="bbox 2104 1258 3682 1336">
     <span class='ocr_line' id='line_1_27' title="bbox 2104 1258 3682 1336; baseline 0.01 -29"><span class='ocrx_word' id='word_1_163' title='bbox 2104 1258 2201 1308; x_wconf 76' lang='grc' dir='ltr'><strong>καὶ</strong></span> <span class='ocrx_word' id='word_1_164' title='bbox 2232 1258 2614 1328; x_wconf 68' lang='grc' dir='ltr'><strong>μεταϐιϐάζων</strong></span> <span class='ocrx_word' id='word_1_165' title='bbox 2643 1263 2742 1331; x_wconf 79' lang='grc' dir='ltr'><strong>τὴν</strong></span> <span class='ocrx_word' id='word_1_166' title='bbox 2791 1263 3009 1331; x_wconf 75' lang='grc' dir='ltr'><strong>κλῆσιν.</strong></span> <span class='ocrx_word' id='word_1_167' title='bbox 3044 1265 3312 1336; x_wconf 78' lang='grc' dir='ltr'><strong>Παραινεί</strong></span> <span class='ocrx_word' id='word_1_168' title='bbox 3370 1268 3557 1321; x_wconf 88' lang='grc' dir='ltr'><strong>τοίνυν</strong></span> <span class='ocrx_word' id='word_1_169' title='bbox 3578 1287 3682 1322; x_wconf 80' lang='grc' dir='ltr'><strong>πει-</strong></span> 
     </span>
    </p>
   </div>
   <div class='ocr_carea' id='block_1_28' title="bbox 2105 1343 3681 1426">
    <p class='ocr_par' dir='ltr' id='par_1_28' title="bbox 2105 1343 3681 1426">
     <span class='ocr_line' id='line_1_28' title="bbox 2105 1343 3681 1426; baseline 0.011 -30"><span class='ocrx_word' id='word_1_170' title='bbox 2105 1343 2285 1399; x_wconf 83' lang='grc' dir='ltr'><strong>νῶντα</strong></span> <span class='ocrx_word' id='word_1_171' title='bbox 2315 1349 2415 1415; x_wconf 89' lang='grc' dir='ltr'><strong>μέν</strong></span> <span class='ocrx_word' id='word_1_172' title='bbox 2439 1349 2531 1402; x_wconf 69' lang='grc' dir='ltr'><strong>τὸν</strong></span> <span class='ocrx_word' id='word_1_173' title='bbox 2556 1351 2750 1421; x_wconf 75' lang='grc' dir='ltr'><strong>ἐχθρὸν</strong></span> <span class='ocrx_word' id='word_1_174' title='bbox 2776 1352 3320 1426; x_wconf 57' lang='grc' dir='ltr'><strong>ψωμίζεινβιψῶντα</strong></span> <span class='ocrx_word' id='word_1_175' title='bbox 3350 1360 3411 1412; x_wconf 81' lang='grc' dir='ltr'><strong>δὲ</strong></span> <span class='ocrx_word' id='word_1_176' title='bbox 3442 1363 3681 1425; x_wconf 80' lang='grc' dir='ltr'><strong>ποτίζειν’</strong></span> 
     </span>
    </p>
   </div>
   <div class='ocr_carea' id='block_1_29' title="bbox 2105 1438 3683 1519">
    <p class='ocr_par' dir='ltr' id='par_1_29' title="bbox 2105 1438 3683 1519">
     <span class='ocr_line' id='line_1_29' title="bbox 2105 1438 3683 1519; baseline 0.01 -29"><span class='ocrx_word' id='word_1_177' title='bbox 2105 1438 2355 1492; x_wconf 75' lang='grc' dir='ltr'><strong>τουτέστι</strong></span> <span class='ocrx_word' id='word_1_178' title='bbox 2386 1440 2742 1513; x_wconf 81' lang='grc' dir='ltr'><strong>πολυτρόπως</strong></span> <span class='ocrx_word' id='word_1_179' title='bbox 2768 1446 3081 1515; x_wconf 73' lang='grc' dir='ltr'><strong>εὐεργετεῖν</strong></span> <span class='ocrx_word' id='word_1_180' title='bbox 3122 1466 3183 1502; x_wconf 89' lang='grc' dir='ltr'><strong>τε</strong></span> <span class='ocrx_word' id='word_1_181' title='bbox 3228 1452 3326 1505; x_wconf 72' lang='grc' dir='ltr'><strong>καὶ</strong></span> <span class='ocrx_word' id='word_1_182' title='bbox 3373 1452 3683 1519; x_wconf 74' lang='grc' dir='ltr'><strong>ἀγαθύνειν·</strong></span> 
     </span>
    </p>
   </div>
   <div class='ocr_carea' id='block_1_30' title="bbox 2104 1528 3684 1615">
    <p class='ocr_par' dir='ltr' id='par_1_30' title="bbox 2104 1528 3684 1615">
     <span class='ocr_line' id='line_1_30' title="bbox 2104 1528 3684 1615; baseline 0.012 -35"><span class='ocrx_word' id='word_1_183' title='bbox 2104 1528 2168 1581; x_wconf 80' lang='grc' dir='ltr'><strong>τὸ</strong></span> <span class='ocrx_word' id='word_1_184' title='bbox 2220 1531 2329 1601; x_wconf 86' lang='grc' dir='ltr'><strong>γὰρ</strong></span> <span class='ocrx_word' id='word_1_185' title='bbox 2377 1531 2647 1603; x_wconf 74' lang='grc' dir='ltr'><strong>ψωμίζειν</strong></span> <span class='ocrx_word' id='word_1_186' title='bbox 2681 1538 2777 1589; x_wconf 77' lang='grc' dir='ltr'><strong>καὶ</strong></span> <span class='ocrx_word' id='word_1_187' title='bbox 2838 1537 3104 1603; x_wconf 77' lang='grc' dir='ltr'><strong>ποτίζειν,</strong></span> <span class='ocrx_word' id='word_1_188' title='bbox 3135 1541 3197 1594; x_wconf 81' lang='grc' dir='ltr'><strong>τὸ</strong></span> <span class='ocrx_word' id='word_1_189' title='bbox 3238 1543 3339 1612; x_wconf 84' lang='grc' dir='ltr'><strong>τῆς</strong></span> <span class='ocrx_word' id='word_1_190' title='bbox 3382 1545 3684 1615; x_wconf 77' lang='grc' dir='ltr'><strong>εὐεργεσίας</strong></span> 
     </span>
    </p>
   </div>
   <div class='ocr_carea' id='block_1_31' title="bbox 2106 1619 3683 1707">
    <p class='ocr_par' dir='ltr' id='par_1_31' title="bbox 2106 1619 3683 1707">
     <span class='ocr_line' id='line_1_31' title="bbox 2106 1619 3683 1707; baseline 0.009 -34"><span class='ocrx_word' id='word_1_191' title='bbox 2106 1619 2402 1693; x_wconf 71' lang='grc' dir='ltr'><strong>ὁλόκληρον</strong></span> <span class='ocrx_word' id='word_1_192' title='bbox 2432 1626 2540 1677; x_wconf 79' lang='grc' dir='ltr'><strong>ἀπὸ</strong></span> <span class='ocrx_word' id='word_1_193' title='bbox 2564 1626 2659 1680; x_wconf 81' lang='grc' dir='ltr'><strong>τοῦ</strong></span> <span class='ocrx_word' id='word_1_194' title='bbox 2696 1631 2895 1700; x_wconf 79' lang='grc' dir='ltr'><strong>μέρους</strong></span> <span class='ocrx_word' id='word_1_195' title='bbox 2914 1632 3257 1703; x_wconf 76' lang='grc' dir='ltr'><strong>ὑπογράφει·</strong></span> <span class='ocrx_word' id='word_1_196' title='bbox 3283 1632 3432 1700; x_wconf 79' lang='grc' dir='ltr'><strong>εἶτα,</strong></span> <span class='ocrx_word' id='word_1_197' title='bbox 3467 1637 3683 1707; x_wconf 83' lang='grc' dir='ltr'><strong>Εὐεργε-</strong></span> 
     </span>
    </p>
   </div>
   <div class='ocr_carea' id='block_1_32' title="bbox 348 1712 3681 1801">
    <p class='ocr_par' dir='ltr' id='par_1_32' title="bbox 348 1712 3681 1801">
     <span class='ocr_line' id='line_1_32' title="bbox 348 1712 3681 1801; baseline -0.005 -23"><span class='ocrx_word' id='word_1_198' title='bbox 348 1773 363 1801; x_wconf 32' lang='grc' dir='ltr'><strong>,Δ</strong></span> <span class='ocrx_word' id='word_1_199' title='bbox 403 1725 538 1788; x_wconf 80' lang='grc' dir='ltr'><strong>τῶν,</strong></span> <span class='ocrx_word' id='word_1_200' title='bbox 570 1725 726 1793; x_wconf 82' lang='grc' dir='ltr'><strong>φησὶ,</strong></span> <span class='ocrx_word' id='word_1_201' title='bbox 749 1721 1049 1792; x_wconf 66' lang='grc' dir='ltr'><strong>τονὲχθρδν</strong></span> <span class='ocrx_word' id='word_1_202' title='bbox 1074 1721 1169 1773; x_wconf 84' lang='grc' dir='ltr'><strong>καί</strong></span> <span class='ocrx_word' id='word_1_203' title='bbox 1192 1717 1588 1791; x_wconf 77' lang='grc' dir='ltr'><strong>φιλανθρώπως</strong></span> <span class='ocrx_word' id='word_1_204' title='bbox 1614 1717 1751 1788; x_wconf 68' lang='grc' dir='ltr'><strong>πρὸς</strong></span> <span class='ocrx_word' id='word_1_205' title='bbox 1780 1713 1943 1769; x_wconf 76' lang='grc' dir='ltr'><strong>αὐτὸν</strong></span> <span class='ocrx_word' id='word_1_206' title='bbox 1975 1712 2334 1785; x_wconf 73' lang='grc' dir='ltr'><strong>διακείμενος,</strong></span> <span class='ocrx_word' id='word_1_207' title='bbox 2364 1719 2639 1789; x_wconf 72' lang='grc' dir='ltr'><strong>ἄνθρακας</strong></span> <span class='ocrx_word' id='word_1_208' title='bbox 2668 1724 2965 1793; x_wconf 69' lang='grc' dir='ltr'><strong>σωρεύσεις</strong></span> <span class='ocrx_word' id='word_1_209' title='bbox 2993 1728 3088 1780; x_wconf 61' lang='grc' dir='ltr'><strong>ἐπὶ</strong></span> <span class='ocrx_word' id='word_1_210' title='bbox 3114 1730 3484 1801; x_wconf 69' lang='grc' dir='ltr'><strong>τῆςκεφαλῆς</strong></span> <span class='ocrx_word' id='word_1_211' title='bbox 3514 1732 3681 1786; x_wconf 55' lang='grc' dir='ltr'><strong>αὑτοῦ,</strong></span> 
     </span>
    </p>
   </div>
   <div class='ocr_carea' id='block_1_33' title="bbox 479 1810 1987 1899">
    <p class='ocr_par' dir='ltr' id='par_1_33' title="bbox 479 1810 1987 1889">
     <span class='ocr_line' id='line_1_33' title="bbox 479 1810 1987 1889; baseline -0.008 -17"><span class='ocrx_word' id='word_1_212' title='bbox 479 1819 536 1875; x_wconf 93' lang='lat' dir='ltr'><strong>ln</strong></span> <span class='ocrx_word' id='word_1_213' title='bbox 558 1820 834 1889; x_wconf 86' lang='lat' dir='ltr'><strong>duplicem</strong></span> <span class='ocrx_word' id='word_1_214' title='bbox 866 1820 1031 1888; x_wconf 81' lang='lat' dir='ltr'><strong>igitur</strong></span> <span class='ocrx_word' id='word_1_215' title='bbox 1064 1832 1288 1871; x_wconf 84' lang='lat' dir='ltr'><strong>sensum</strong></span> <span class='ocrx_word' id='word_1_216' title='bbox 1326 1815 1457 1869; x_wconf 90' lang='lat' dir='ltr'><strong>illud</strong></span> <span class='ocrx_word' id='word_1_217' title='bbox 1498 1832 1511 1867; x_wconf 93' lang='lat'><strong>:</strong></span> <span class='ocrx_word' id='word_1_218' title='bbox 1542 1813 1805 1884; x_wconf 81' lang='lat' dir='ltr'><strong>Cougeres</strong></span> <span class='ocrx_word' id='word_1_219' title='bbox 1836 1810 1987 1881; x_wconf 65' lang='lat' dir='ltr'><strong>parti</strong></span> 
     </span>
    </p>
   </div>
   <div class='ocr_carea' id='block_1_34' title="bbox 2095 1810 3684 1899">
    <p class='ocr_par' dir='ltr' id='par_1_34' title="bbox 2178 1811 3684 1899">
     <span class='ocr_line' id='line_1_34' title="bbox 2178 1811 3684 1899; baseline 0.013 -36"><span class='ocrx_word' id='word_1_220' title='bbox 2178 1811 2273 1874; x_wconf 83' lang='grc' dir='ltr'><strong>Είς</strong></span> <span class='ocrx_word' id='word_1_221' title='bbox 2298 1813 2491 1885; x_wconf 79' lang='grc' dir='ltr'><strong>διπλῆν</strong></span> <span class='ocrx_word' id='word_1_222' title='bbox 2523 1814 2617 1871; x_wconf 75' lang='grc' dir='ltr'><strong>οὖν</strong></span> <span class='ocrx_word' id='word_1_223' title='bbox 2642 1820 2918 1889; x_wconf 88' lang='grc' dir='ltr'><strong>σημασίαν</strong></span> <span class='ocrx_word' id='word_1_224' title='bbox 2945 1823 3007 1875; x_wconf 75' lang='grc' dir='ltr'><strong>τὸ</strong></span> <span class='ocrx_word' id='word_1_225' title='bbox 3029 1827 3363 1894; x_wconf 83' lang='grc' dir='ltr'><strong>Σωρεύσεις</strong></span> <span class='ocrx_word' id='word_1_226' title='bbox 3400 1829 3684 1899; x_wconf 78' lang='grc' dir='ltr'><strong>μεριζόμε-</strong></span> 
     </span>
    </p>
   </div>
   <div class='ocr_carea' id='block_1_35' title="bbox 410 1904 1994 1981">
    <p class='ocr_par' dir='ltr' id='par_1_35' title="bbox 410 1904 1994 1981">
     <span class='ocr_line' id='line_1_35' title="bbox 410 1904 1994 1981; baseline -0.006 -15"><span class='ocrx_word' id='word_1_227' title='bbox 410 1920 549 1975; x_wconf 88' lang='lat' dir='ltr'><strong>tum,</strong></span> <span class='ocrx_word' id='word_1_228' title='bbox 586 1912 863 1981; x_wconf 84' lang='lat' dir='ltr'><strong>duplicem</strong></span> <span class='ocrx_word' id='word_1_229' title='bbox 902 1908 1148 1979; x_wconf 89' lang='lat' dir='ltr'><strong>proferre</strong></span> <span class='ocrx_word' id='word_1_230' title='bbox 1186 1919 1239 1963; x_wconf 90' lang='lat' dir='ltr'><strong>et</strong></span> <span class='ocrx_word' id='word_1_231' title='bbox 1269 1907 1608 1962; x_wconf 87' lang='lat' dir='ltr'><strong>intellectum</strong></span> <span class='ocrx_word' id='word_1_232' title='bbox 1640 1904 1994 1974; x_wconf 89' lang='lat' dir='ltr'><strong>supponitur.</strong></span> 
     </span>
    </p>
   </div>
   <div class='ocr_carea' id='block_1_36' title="bbox 412 1993 1995 2071">
    <p class='ocr_par' dir='ltr' id='par_1_36' title="bbox 412 1993 1995 2071">
     <span class='ocr_line' id='line_1_36' title="bbox 412 1993 1995 2071; baseline -0.007 -12"><span class='ocrx_word' id='word_1_233' title='bbox 412 2003 595 2059; x_wconf 86' lang='lat' dir='ltr'><strong>Unum</strong></span> <span class='ocrx_word' id='word_1_234' title='bbox 622 2003 869 2071; x_wconf 82' lang='lat' dir='ltr'><strong>quidem,</strong></span> <span class='ocrx_word' id='word_1_235' title='bbox 900 2015 1186 2068; x_wconf 77' lang='lat' dir='ltr'><strong>congeres,</strong></span> <span class='ocrx_word' id='word_1_236' title='bbox 1226 1996 1607 2052; x_wconf 86' lang='lat' dir='ltr'><strong>manifestaret</strong></span> <span class='ocrx_word' id='word_1_237' title='bbox 1648 1994 1807 2059; x_wconf 90' lang='lat' dir='ltr'><strong>illud,</strong></span> <span class='ocrx_word' id='word_1_238' title='bbox 1832 1993 1995 2049; x_wconf 80' lang='lat' dir='ltr'><strong>desu—</strong></span> 
     </span>
    </p>
   </div>
   <div class='ocr_carea' id='block_1_37' title="bbox 408 2087 1999 2168">
    <p class='ocr_par' dir='ltr' id='par_1_37' title="bbox 408 2087 1999 2168">
     <span class='ocr_line' id='line_1_37' title="bbox 408 2087 1999 2168; baseline -0.007 -17"><span class='ocrx_word' id='word_1_239' title='bbox 408 2113 508 2168; x_wconf 86' lang='lat' dir='ltr'><strong>per</strong></span> <span class='ocrx_word' id='word_1_240' title='bbox 550 2111 733 2164; x_wconf 83' lang='lat' dir='ltr'><strong>coges,</strong></span> <span class='ocrx_word' id='word_1_241' title='bbox 769 2109 865 2163; x_wconf 88' lang='lat' dir='ltr'><strong>per</strong></span> <span class='ocrx_word' id='word_1_242' title='bbox 909 2093 1053 2163; x_wconf 90' lang='lat' dir='ltr'><strong>quod</strong></span> <span class='ocrx_word' id='word_1_243' title='bbox 1111 2102 1162 2145; x_wconf 90' lang='lat' dir='ltr'><strong>et</strong></span> <span class='ocrx_word' id='word_1_244' title='bbox 1204 2091 1491 2161; x_wconf 86' lang='lat' dir='ltr'><strong>sequentia</strong></span> <span class='ocrx_word' id='word_1_245' title='bbox 1534 2087 1999 2157; x_wconf 86' lang='lat' dir='ltr'><strong>interpretationis</strong></span> 
     </span>
    </p>
   </div>
   <div class='ocr_carea' id='block_1_38' title="bbox 407 2184 2001 2259">
    <p class='ocr_par' dir='ltr' id='par_1_38' title="bbox 407 2184 2001 2259">
     <span class='ocr_line' id='line_1_38' title="bbox 407 2184 2001 2259; baseline -0.007 -16"><span class='ocrx_word' id='word_1_246' title='bbox 407 2188 712 2259; x_wconf 78' lang='lat' dir='ltr'><strong>dirigetur;</strong></span> <span class='ocrx_word' id='word_1_247' title='bbox 761 2202 828 2240; x_wconf 80' lang='lat' dir='ltr'><strong>ex</strong></span> <span class='ocrx_word' id='word_1_248' title='bbox 860 2196 1014 2255; x_wconf 83' lang='lat' dir='ltr'><strong>parte</strong></span> <span class='ocrx_word' id='word_1_249' title='bbox 1039 2184 1206 2247; x_wconf 90' lang='lat' dir='ltr'><strong>enim,</strong></span> <span class='ocrx_word' id='word_1_250' title='bbox 1246 2185 1341 2249; x_wconf 78' lang='lat' dir='ltr'><strong>ait,</strong></span> <span class='ocrx_word' id='word_1_251' title='bbox 1368 2191 1423 2237; x_wconf 90' lang='lat' dir='ltr'><strong>et</strong></span> <span class='ocrx_word' id='word_1_252' title='bbox 1472 2192 1719 2251; x_wconf 89' lang='lat' dir='ltr'><strong>tempore</strong></span> <span class='ocrx_word' id='word_1_253' title='bbox 1748 2194 2001 2249; x_wconf 77' lang='lat' dir='ltr'><strong>compre-</strong></span> 
     </span>
    </p>
   </div>
   <div class='ocr_carea' id='block_1_39' title="bbox 409 2270 1999 2341">
    <p class='ocr_par' dir='ltr' id='par_1_39' title="bbox 409 2270 1999 2341">
     <span class='ocr_line' id='line_1_39' title="bbox 409 2270 1999 2341; baseline -0.006 -8"><span class='ocrx_word' id='word_1_254' title='bbox 409 2280 649 2333; x_wconf 85' lang='lat' dir='ltr'><strong>beusura</strong></span> <span class='ocrx_word' id='word_1_255' title='bbox 705 2276 1008 2331; x_wconf 67' lang='lat' dir='ltr'><strong>inimicitiae</strong></span> <span class='ocrx_word' id='word_1_256' title='bbox 1059 2275 1362 2330; x_wconf 87' lang='lat' dir='ltr'><strong>leutamiua</strong></span> <span class='ocrx_word' id='word_1_257' title='bbox 1390 2274 1677 2327; x_wconf 88' lang='lat' dir='ltr'><strong>inimicum</strong></span> <span class='ocrx_word' id='word_1_258' title='bbox 1715 2290 1729 2326; x_wconf 88' lang='lat'>:</span> <span class='ocrx_word' id='word_1_259' title='bbox 1764 2281 1822 2326; x_wconf 89' lang='lat' dir='ltr'><strong>tu</strong></span> <span class='ocrx_word' id='word_1_260' title='bbox 1852 2270 1999 2341; x_wconf 83' lang='lat' dir='ltr'><strong>quod</strong></span> 
     </span>
    </p>
   </div>
   <div class='ocr_carea' id='block_1_40' title="bbox 408 2362 2000 2438">
    <p class='ocr_par' dir='ltr' id='par_1_40' title="bbox 408 2362 2000 2438">
     <span class='ocr_line' id='line_1_40' title="bbox 408 2362 2000 2438; baseline -0.005 -15"><span class='ocrx_word' id='word_1_261' title='bbox 408 2369 614 2423; x_wconf 82' lang='lat' dir='ltr'><strong>malum</strong></span> <span class='ocrx_word' id='word_1_262' title='bbox 662 2382 762 2438; x_wconf 78' lang='lat' dir='ltr'><strong>pro</strong></span> <span class='ocrx_word' id='word_1_263' title='bbox 801 2368 946 2421; x_wconf 88' lang='lat' dir='ltr'><strong>malo</strong></span> <span class='ocrx_word' id='word_1_264' title='bbox 996 2382 1107 2421; x_wconf 92' lang='lat' dir='ltr'><strong>nou</strong></span> <span class='ocrx_word' id='word_1_265' title='bbox 1156 2365 1476 2420; x_wconf 80' lang='lat' dir='ltr'><strong>redditurus</strong></span> <span class='ocrx_word' id='word_1_266' title='bbox 1519 2378 1753 2434; x_wconf 82' lang='lat' dir='ltr'><strong>surgas,</strong></span> <span class='ocrx_word' id='word_1_267' title='bbox 1802 2362 1896 2417; x_wconf 90' lang='lat' dir='ltr'><strong>sed</strong></span> <span class='ocrx_word' id='word_1_268' title='bbox 1944 2369 2000 2414; x_wconf 89' lang='lat' dir='ltr'><strong>et</strong></span> 
     </span>
    </p>
   </div>
   <div class='ocr_carea' id='block_1_41' title="bbox 409 2450 1999 2531">
    <p class='ocr_par' dir='ltr' id='par_1_41' title="bbox 409 2450 1999 2531">
     <span class='ocr_line' id='line_1_41' title="bbox 409 2450 1999 2531; baseline -0.005 -15"><span class='ocrx_word' id='word_1_269' title='bbox 409 2460 730 2525; x_wconf 77' lang='lat' dir='ltr'><strong>beneﬂciis,</strong></span> <span class='ocrx_word' id='word_1_270' title='bbox 768 2450 903 2530; x_wconf 67' lang='lat' dir='ltr'><strong>quae</strong></span> <span class='ocrx_word' id='word_1_271' title='bbox 948 2459 1134 2513; x_wconf 83' lang='lat' dir='ltr'><strong>divino</strong></span> <span class='ocrx_word' id='word_1_272' title='bbox 1188 2457 1455 2531; x_wconf 70' lang='lat' dir='ltr'><strong>[Numini]</strong></span> <span class='ocrx_word' id='word_1_273' title='bbox 1500 2472 1597 2511; x_wconf 89' lang='lat' dir='ltr'><strong>nos</strong></span> <span class='ocrx_word' id='word_1_274' title='bbox 1631 2456 1843 2511; x_wconf 84' lang='lat' dir='ltr'><strong>similes</strong></span> <span class='ocrx_word' id='word_1_275' title='bbox 1884 2453 1999 2509; x_wconf 83' lang='lat' dir='ltr'><strong>elli-</strong></span> 
     </span>
    </p>
   </div>
   <div class='ocr_carea' id='block_1_42' title="bbox 407 2549 1996 2622">
    <p class='ocr_par' dir='ltr' id='par_1_42' title="bbox 407 2549 1996 2622">
     <span class='ocr_line' id='line_1_42' title="bbox 407 2549 1996 2622; baseline -0.004 -15"><span class='ocrx_word' id='word_1_276' title='bbox 407 2554 583 2619; x_wconf 87' lang='lat' dir='ltr'><strong>ciunt,</strong></span> <span class='ocrx_word' id='word_1_277' title='bbox 600 2552 878 2622; x_wconf 76' lang='lat' dir='ltr'><strong>excipiens</strong></span> <span class='ocrx_word' id='word_1_278' title='bbox 893 2552 1239 2622; x_wconf 81' lang='lat' dir='ltr'><strong>aliiigeutem,</strong></span> <span class='ocrx_word' id='word_1_279' title='bbox 1258 2552 1467 2621; x_wconf 87' lang='lat' dir='ltr'><strong>justum</strong></span> <span class='ocrx_word' id='word_1_280' title='bbox 1489 2549 1727 2620; x_wconf 77' lang='lat' dir='ltr'><strong>judicent</strong></span> <span class='ocrx_word' id='word_1_281' title='bbox 1759 2555 1813 2603; x_wconf 91' lang='lat' dir='ltr'><strong>et</strong></span> <span class='ocrx_word' id='word_1_282' title='bbox 1833 2561 1996 2619; x_wconf 87' lang='lat' dir='ltr'><strong>quem</strong></span> 
     </span>
    </p>
   </div>
   <div class='ocr_carea' id='block_1_43' title="bbox 410 2642 2002 2719">
    <p class='ocr_par' dir='ltr' id='par_1_43' title="bbox 410 2642 2002 2719">
     <span class='ocr_line' id='line_1_43' title="bbox 410 2642 2002 2719; baseline -0.004 -18"><span class='ocrx_word' id='word_1_283' title='bbox 410 2647 546 2701; x_wconf 89' lang='lat' dir='ltr'><strong>nihil</strong></span> <span class='ocrx_word' id='word_1_284' title='bbox 578 2649 707 2703; x_wconf 88' lang='lat' dir='ltr'><strong>latet</strong></span> <span class='ocrx_word' id='word_1_285' title='bbox 761 2662 1035 2719; x_wconf 69' lang='lat' dir='ltr'><strong>praeporas</strong></span> <span class='ocrx_word' id='word_1_286' title='bbox 1064 2646 1227 2702; x_wconf 82' lang='lat' dir='ltr'><strong>simul</strong></span> <span class='ocrx_word' id='word_1_287' title='bbox 1280 2659 1473 2700; x_wconf 89' lang='lat' dir='ltr'><strong>omnes</strong></span> <span class='ocrx_word' id='word_1_288' title='bbox 1522 2657 1854 2714; x_wconf 77' lang='lat' dir='ltr'><strong>congregare</strong></span> <span class='ocrx_word' id='word_1_289' title='bbox 1884 2642 2002 2695; x_wconf 86' lang='lat' dir='ltr'><strong>vin-</strong></span> 
     </span>
    </p>
   </div>
   <div class='ocr_carea' id='block_1_44' title="bbox 407 2735 1999 2809">
    <p class='ocr_par' dir='ltr' id='par_1_44' title="bbox 407 2735 1999 2809">
     <span class='ocr_line' id='line_1_44' title="bbox 407 2735 1999 2809; baseline -0.005 -12"><span class='ocrx_word' id='word_1_290' title='bbox 407 2741 582 2797; x_wconf 86' lang='lat' dir='ltr'><strong>dictas</strong></span> <span class='ocrx_word' id='word_1_291' title='bbox 610 2748 664 2794; x_wconf 89' lang='lat' dir='ltr'><strong>et</strong></span> <span class='ocrx_word' id='word_1_292' title='bbox 693 2754 885 2809; x_wconf 85' lang='lat' dir='ltr'><strong>poenas</strong></span> <span class='ocrx_word' id='word_1_293' title='bbox 915 2748 1103 2794; x_wconf 87' lang='lat' dir='ltr'><strong>contra</strong></span> <span class='ocrx_word' id='word_1_294' title='bbox 1134 2737 1424 2807; x_wconf 89' lang='lat' dir='ltr'><strong>impudens</strong></span> <span class='ocrx_word' id='word_1_295' title='bbox 1452 2736 1584 2790; x_wconf 91' lang='lat' dir='ltr'><strong>illud</strong></span> <span class='ocrx_word' id='word_1_296' title='bbox 1604 2744 1660 2791; x_wconf 82' lang='lat' dir='ltr'><strong>et</strong></span> <span class='ocrx_word' id='word_1_297' title='bbox 1679 2735 1999 2805; x_wconf 81' lang='lat' dir='ltr'><strong>imprudens</strong></span> 
     </span>
    </p>
   </div>
   <div class='ocr_carea' id='block_1_45' title="bbox 408 2826 2000 2903">
    <p class='ocr_par' dir='ltr' id='par_1_45' title="bbox 408 2826 2000 2903">
     <span class='ocr_line' id='line_1_45' title="bbox 408 2826 2000 2903; baseline -0.004 -16"><span class='ocrx_word' id='word_1_298' title='bbox 408 2841 575 2903; x_wconf 89' lang='lat' dir='ltr'><strong>caput</strong></span> <span class='ocrx_word' id='word_1_299' title='bbox 596 2852 607 2885; x_wconf 94' lang='lat'>:</span> <span class='ocrx_word' id='word_1_300' title='bbox 630 2852 648 2883; x_wconf 74' lang='grc' dir='ltr'><strong>ι</strong></span> <span class='ocrx_word' id='word_1_301' title='bbox 673 2831 800 2885; x_wconf 80' lang='lat' dir='ltr'><strong>Mihi</strong></span> <span class='ocrx_word' id='word_1_302' title='bbox 825 2831 970 2886; x_wconf 93' lang='lat' dir='ltr'><strong>enim</strong></span> <span class='ocrx_word' id='word_1_303' title='bbox 993 2830 1250 2895; x_wconf 89' lang='lat' dir='ltr'><strong>vindicta,</strong></span> <span class='ocrx_word' id='word_1_304' title='bbox 1267 2844 1367 2900; x_wconf 87' lang='lat' dir='ltr'><strong>ego</strong></span> <span class='ocrx_word' id='word_1_305' title='bbox 1384 2828 1705 2894; x_wconf 89' lang='lat' dir='ltr'><strong>retribuam,</strong></span> <span class='ocrx_word' id='word_1_306' title='bbox 1725 2829 1801 2882; x_wconf 88' lang='lat' dir='ltr'><strong>ait</strong></span> <span class='ocrx_word' id='word_1_307' title='bbox 1820 2826 2000 2881; x_wconf 83' lang='lat' dir='ltr'><strong>Domi-</strong></span> 
     </span>
    </p>
   </div>
   <div class='ocr_carea' id='block_1_46' title="bbox 409 2920 1997 2993">
    <p class='ocr_par' dir='ltr' id='par_1_46' title="bbox 409 2920 1997 2993">
     <span class='ocr_line' id='line_1_46' title="bbox 409 2920 1997 2993; baseline -0.004 -14"><span class='ocrx_word' id='word_1_308' title='bbox 409 2925 599 2979; x_wconf 71' lang='lat' dir='ltr'><strong>nus’“</strong></span> <span class='ocrx_word' id='word_1_309' title='bbox 623 2943 643 2975; x_wconf 76' lang='grc' dir='ltr'><strong>ι</strong></span> <span class='ocrx_word' id='word_1_310' title='bbox 670 2942 682 2977; x_wconf 89' lang='lat'><strong>:</strong></span> <span class='ocrx_word' id='word_1_311' title='bbox 704 2926 981 2993; x_wconf 91' lang='lat' dir='ltr'><strong>quomodo</strong></span> <span class='ocrx_word' id='word_1_312' title='bbox 998 2923 1160 2993; x_wconf 87' lang='lat' dir='ltr'><strong>igitur</strong></span> <span class='ocrx_word' id='word_1_313' title='bbox 1179 2926 1453 2978; x_wconf 87' lang='lat' dir='ltr'><strong>humanus</strong></span> <span class='ocrx_word' id='word_1_314' title='bbox 1472 2922 1495 2975; x_wconf 86' lang='lat'><strong>?</strong></span> <span class='ocrx_word' id='word_1_315' title='bbox 1515 2920 1791 2992; x_wconf 87' lang='lat' dir='ltr'><strong>quomodo</strong></span> <span class='ocrx_word' id='word_1_316' title='bbox 1814 2932 1997 2973; x_wconf 88' lang='lat' dir='ltr'><strong>autem</strong></span> 
     </span>
    </p>
   </div>
   <div class='ocr_carea' id='block_1_47' title="bbox 409 3009 1998 3085">
    <p class='ocr_par' dir='ltr' id='par_1_47' title="bbox 409 3009 1998 3085">
     <span class='ocr_line' id='line_1_47' title="bbox 409 3009 1998 3085; baseline -0.006 -14"><span class='ocrx_word' id='word_1_317' title='bbox 409 3014 788 3085; x_wconf 81' lang='lat' dir='ltr'><strong>compatiens?</strong></span> <span class='ocrx_word' id='word_1_318' title='bbox 815 3015 1091 3083; x_wconf 82' lang='lat' dir='ltr'><strong>quomodo</strong></span> <span class='ocrx_word' id='word_1_319' title='bbox 1139 3013 1415 3068; x_wconf 85' lang='lat' dir='ltr'><strong>beuelicus</strong></span> <span class='ocrx_word' id='word_1_320' title='bbox 1465 3013 1593 3066; x_wconf 90' lang='lat' dir='ltr'><strong>talia</strong></span> <span class='ocrx_word' id='word_1_321' title='bbox 1638 3011 1707 3066; x_wconf 88' lang='lat' dir='ltr'><strong>de</strong></span> <span class='ocrx_word' id='word_1_322' title='bbox 1749 3009 1998 3064; x_wconf 85' lang='lat' dir='ltr'><strong>hostibus</strong></span> 
     </span>
    </p>
   </div>
   <div class='ocr_carea' id='block_1_48' title="bbox 408 3102 1990 3173">
    <p class='ocr_par' dir='ltr' id='par_1_48' title="bbox 408 3102 1990 3173">
     <span class='ocr_line' id='line_1_48' title="bbox 408 3102 1990 3173; baseline -0.006 -12"><span class='ocrx_word' id='word_1_323' title='bbox 408 3105 672 3161; x_wconf 88' lang='lat' dir='ltr'><strong>ordinans</strong></span> <span class='ocrx_word' id='word_1_324' title='bbox 700 3115 755 3158; x_wconf 89' lang='lat' dir='ltr'><strong>et</strong></span> <span class='ocrx_word' id='word_1_325' title='bbox 776 3104 1045 3159; x_wconf 88' lang='lat' dir='ltr'><strong>meditans</strong></span> <span class='ocrx_word' id='word_1_326' title='bbox 1065 3114 1120 3159; x_wconf 88' lang='lat' dir='ltr'><strong>et</strong></span> <span class='ocrx_word' id='word_1_327' title='bbox 1149 3103 1297 3157; x_wconf 90' lang='lat' dir='ltr'><strong>illius</strong></span> <span class='ocrx_word' id='word_1_328' title='bbox 1326 3117 1668 3173; x_wconf 87' lang='lat' dir='ltr'><strong>prosequens</strong></span> <span class='ocrx_word' id='word_1_329' title='bbox 1696 3102 1990 3154; x_wconf 87' lang='lat' dir='ltr'><strong>vindictam</strong></span> 
     </span>
    </p>
   </div>
   <div class='ocr_carea' id='block_1_49' title="bbox 408 3193 1986 3267">
    <p class='ocr_par' dir='ltr' id='par_1_49' title="bbox 408 3193 1986 3267">
     <span class='ocr_line' id='line_1_49' title="bbox 408 3193 1986 3267; baseline -0.004 -15"><span class='ocrx_word' id='word_1_330' title='bbox 408 3206 468 3252; x_wconf 88' lang='lat' dir='ltr'><strong>et</strong></span> <span class='ocrx_word' id='word_1_331' title='bbox 495 3195 951 3267; x_wconf 69' lang='lat' dir='ltr'><strong>Castigationem?</strong></span> <span class='ocrx_word' id='word_1_332' title='bbox 978 3204 1125 3250; x_wconf 89' lang='lat' dir='ltr'><strong>certe</strong></span> <span class='ocrx_word' id='word_1_333' title='bbox 1162 3196 1287 3265; x_wconf 89' lang='lat' dir='ltr'><strong>quia</strong></span> <span class='ocrx_word' id='word_1_334' title='bbox 1327 3209 1433 3249; x_wconf 91' lang='lat' dir='ltr'><strong>non</strong></span> <span class='ocrx_word' id='word_1_335' title='bbox 1488 3194 1607 3265; x_wconf 81' lang='lat' dir='ltr'><strong>ipse</strong></span> <span class='ocrx_word' id='word_1_336' title='bbox 1656 3193 1771 3248; x_wconf 54' lang='lat' dir='ltr'><strong>hac</strong></span> <span class='ocrx_word' id='word_1_337' title='bbox 1825 3206 1986 3262; x_wconf 89' lang='lat' dir='ltr'><strong>popo-</strong></span> 
     </span>
    </p>
   </div>
   <div class='ocr_carea' id='block_1_50' title="bbox 411 3285 1991 3356">
    <p class='ocr_par' dir='ltr' id='par_1_50' title="bbox 411 3285 1991 3356">
     <span class='ocr_line' id='line_1_50' title="bbox 411 3285 1991 3356; baseline -0.003 -13"><span class='ocrx_word' id='word_1_338' title='bbox 411 3287 541 3350; x_wconf 82' lang='lat' dir='ltr'><strong>scit,</strong></span> <span class='ocrx_word' id='word_1_339' title='bbox 579 3288 676 3341; x_wconf 85' lang='lat' dir='ltr'><strong>sed</strong></span> <span class='ocrx_word' id='word_1_340' title='bbox 705 3287 822 3356; x_wconf 90' lang='lat' dir='ltr'><strong>ipse</strong></span> <span class='ocrx_word' id='word_1_341' title='bbox 856 3286 1080 3356; x_wconf 86' lang='lat' dir='ltr'><strong>quidem</strong></span> <span class='ocrx_word' id='word_1_342' title='bbox 1113 3286 1229 3341; x_wconf 83' lang='lat' dir='ltr'><strong>haec</strong></span> <span class='ocrx_word' id='word_1_343' title='bbox 1258 3285 1511 3353; x_wconf 84' lang='lat' dir='ltr'><strong>faciebat,</strong></span> <span class='ocrx_word' id='word_1_344' title='bbox 1542 3286 1609 3340; x_wconf 87' lang='lat' dir='ltr'><strong>ad</strong></span> <span class='ocrx_word' id='word_1_345' title='bbox 1660 3285 1991 3341; x_wconf 87' lang='lat' dir='ltr'><strong>servandum</strong></span> 
     </span>
    </p>
   </div>
   <div class='ocr_carea' id='block_1_51' title="bbox 410 3376 1994 3447">
    <p class='ocr_par' dir='ltr' id='par_1_51' title="bbox 410 3376 1994 3447">
     <span class='ocr_line' id='line_1_51' title="bbox 410 3376 1994 3447; baseline -0.002 -14"><span class='ocrx_word' id='word_1_346' title='bbox 410 3378 660 3433; x_wconf 89' lang='lat' dir='ltr'><strong>divinum</strong></span> <span class='ocrx_word' id='word_1_347' title='bbox 690 3378 1008 3432; x_wconf 84' lang='lat' dir='ltr'><strong>mandatum</strong></span> <span class='ocrx_word' id='word_1_348' title='bbox 1041 3387 1095 3432; x_wconf 88' lang='lat' dir='ltr'><strong>et</strong></span> <span class='ocrx_word' id='word_1_349' title='bbox 1122 3376 1345 3431; x_wconf 91' lang='lat' dir='ltr'><strong>inimico</strong></span> <span class='ocrx_word' id='word_1_350' title='bbox 1375 3378 1637 3432; x_wconf 86' lang='lat' dir='ltr'><strong>beneficia</strong></span> <span class='ocrx_word' id='word_1_351' title='bbox 1693 3376 1994 3447; x_wconf 80' lang='lat' dir='ltr'><strong>rependen-</strong></span> 
     </span>
    </p>
   </div>
   <div class='ocr_carea' id='block_1_52' title="bbox 408 3468 1991 3539">
    <p class='ocr_par' dir='ltr' id='par_1_52' title="bbox 408 3468 1991 3539">
     <span class='ocr_line' id='line_1_52' title="bbox 408 3468 1991 3539; baseline -0.004 -13"><span class='ocrx_word' id='word_1_352' title='bbox 408 3472 542 3527; x_wconf 84' lang='lat' dir='ltr'><strong>dum</strong></span> <span class='ocrx_word' id='word_1_353' title='bbox 578 3489 593 3525; x_wconf 88' lang='lat'><strong>:</strong></span> <span class='ocrx_word' id='word_1_354' title='bbox 625 3471 673 3525; x_wconf 88' lang='lat' dir='ltr'><strong>si</strong></span> <span class='ocrx_word' id='word_1_355' title='bbox 714 3484 842 3524; x_wconf 89' lang='lat' dir='ltr'><strong>vero</strong></span> <span class='ocrx_word' id='word_1_356' title='bbox 867 3469 996 3524; x_wconf 73' lang='lat' dir='ltr'><strong>lassa</strong></span> <span class='ocrx_word' id='word_1_357' title='bbox 1023 3468 1234 3539; x_wconf 82' lang='lat' dir='ltr'><strong>justitia</strong></span> <span class='ocrx_word' id='word_1_358' title='bbox 1258 3469 1607 3524; x_wconf 79' lang='lat' dir='ltr'><strong>exacerbavit</strong></span> <span class='ocrx_word' id='word_1_359' title='bbox 1647 3468 1701 3522; x_wconf 88' lang='lat' dir='ltr'><strong>in</strong></span> <span class='ocrx_word' id='word_1_360' title='bbox 1732 3469 1991 3522; x_wconf 89' lang='lat' dir='ltr'><strong>ultionem</strong></span> 
     </span>
    </p>
   </div>
   <div class='ocr_carea' id='block_1_53' title="bbox 405 3558 1995 3636">
    <p class='ocr_par' dir='ltr' id='par_1_53' title="bbox 405 3558 1995 3636">
     <span class='ocr_line' id='line_1_53' title="bbox 405 3558 1995 3636; baseline -0.004 -16"><span class='ocrx_word' id='word_1_361' title='bbox 405 3563 670 3636; x_wconf 83' lang='lat' dir='ltr'><strong>jullicem,</strong></span> <span class='ocrx_word' id='word_1_362' title='bbox 701 3562 814 3635; x_wconf 88' lang='lat' dir='ltr'><strong>jam</strong></span> <span class='ocrx_word' id='word_1_363' title='bbox 849 3577 957 3616; x_wconf 93' lang='lat' dir='ltr'><strong>nou</strong></span> <span class='ocrx_word' id='word_1_364' title='bbox 992 3570 1132 3616; x_wconf 88' lang='lat' dir='ltr'><strong>esset</strong></span> <span class='ocrx_word' id='word_1_365' title='bbox 1166 3560 1491 3631; x_wconf 78' lang='lat' dir='ltr'><strong>excipientis</strong></span> <span class='ocrx_word' id='word_1_366' title='bbox 1532 3558 1879 3630; x_wconf 69' lang='lat' dir='ltr'><strong>providentia:</strong></span> <span class='ocrx_word' id='word_1_367' title='bbox 1903 3562 1995 3629; x_wconf 88' lang='lat' dir='ltr'><strong>ju-</strong></span> 
     </span>
    </p>
   </div>
   <div class='ocr_carea' id='block_1_54' title="bbox 407 3651 1996 3727">
    <p class='ocr_par' dir='ltr' id='par_1_54' title="bbox 407 3651 1996 3727">
     <span class='ocr_line' id='line_1_54' title="bbox 407 3651 1996 3727; baseline -0.005 -13"><span class='ocrx_word' id='word_1_368' title='bbox 407 3657 552 3714; x_wconf 82' lang='lat' dir='ltr'><strong>dicia</strong></span> <span class='ocrx_word' id='word_1_369' title='bbox 598 3671 728 3727; x_wconf 87' lang='lat' dir='ltr'><strong>erga</strong></span> <span class='ocrx_word' id='word_1_370' title='bbox 776 3655 1038 3710; x_wconf 86' lang='lat' dir='ltr'><strong>ultionem</strong></span> <span class='ocrx_word' id='word_1_371' title='bbox 1080 3654 1490 3709; x_wconf 84' lang='lat' dir='ltr'><strong>dissimulanter</strong></span> <span class='ocrx_word' id='word_1_372' title='bbox 1531 3667 1591 3707; x_wconf 89' lang='lat' dir='ltr'><strong>se</strong></span> <span class='ocrx_word' id='word_1_373' title='bbox 1642 3651 1892 3706; x_wconf 84' lang='lat' dir='ltr'><strong>habentis</strong></span> <span class='ocrx_word' id='word_1_374' title='bbox 1941 3661 1996 3707; x_wconf 86' lang='lat' dir='ltr'><strong>et</strong></span> 
     </span>
    </p>
   </div>
   <div class='ocr_carea' id='block_1_55' title="bbox 407 3742 1991 3817">
    <p class='ocr_par' dir='ltr' id='par_1_55' title="bbox 407 3742 1991 3817">
     <span class='ocr_line' id='line_1_55' title="bbox 407 3742 1991 3817; baseline -0.003 -13"><span class='ocrx_word' id='word_1_375' title='bbox 407 3763 520 3805; x_wconf 83' lang='lat' dir='ltr'><strong>non</strong></span> <span class='ocrx_word' id='word_1_376' title='bbox 550 3747 823 3817; x_wconf 81' lang='lat' dir='ltr'><strong>stupentis</strong></span> <span class='ocrx_word' id='word_1_377' title='bbox 853 3761 917 3800; x_wconf 93' lang='lat' dir='ltr'><strong>ac</strong></span> <span class='ocrx_word' id='word_1_378' title='bbox 953 3744 1230 3799; x_wconf 88' lang='lat' dir='ltr'><strong>laudantis</strong></span> <span class='ocrx_word' id='word_1_379' title='bbox 1270 3743 1473 3813; x_wconf 87' lang='lat' dir='ltr'><strong>judicis</strong></span> <span class='ocrx_word' id='word_1_380' title='bbox 1504 3742 1991 3813; x_wconf 86' lang='lat' dir='ltr'><strong>incorruptionem.</strong></span> 
     </span>
    </p>
   </div>
   <div class='ocr_carea' id='block_1_56' title="bbox 407 3833 1995 3909">
    <p class='ocr_par' dir='ltr' id='par_1_56' title="bbox 407 3833 1995 3909">
     <span class='ocr_line' id='line_1_56' title="bbox 407 3833 1995 3909; baseline -0.004 -14"><span class='ocrx_word' id='word_1_381' title='bbox 407 3840 555 3896; x_wconf 83' lang='lat' dir='ltr'><strong>Bene</strong></span> <span class='ocrx_word' id='word_1_382' title='bbox 612 3840 790 3895; x_wconf 84' lang='lat' dir='ltr'><strong>facere</strong></span> <span class='ocrx_word' id='word_1_383' title='bbox 826 3838 1079 3909; x_wconf 87' lang='lat' dir='ltr'><strong>equidem</strong></span> <span class='ocrx_word' id='word_1_384' title='bbox 1140 3846 1194 3892; x_wconf 90' lang='lat' dir='ltr'><strong>et</strong></span> <span class='ocrx_word' id='word_1_385' title='bbox 1234 3850 1477 3906; x_wconf 66' lang='lat' dir='ltr'><strong>quaerere</strong></span> <span class='ocrx_word' id='word_1_386' title='bbox 1510 3836 1674 3890; x_wconf 80' lang='lat' dir='ltr'><strong>simul</strong></span> <span class='ocrx_word' id='word_1_387' title='bbox 1708 3835 1899 3891; x_wconf 90' lang='lat' dir='ltr'><strong>ulcisci</strong></span> <span class='ocrx_word' id='word_1_388' title='bbox 1928 3833 1995 3889; x_wconf 89' lang='lat' dir='ltr'><strong>de</strong></span> 
     </span>
    </p>
   </div>
   <div class='ocr_carea' id='block_1_57' title="bbox 407 3927 1993 4001">
    <p class='ocr_par' dir='ltr' id='par_1_57' title="bbox 407 3927 1993 4001">
     <span class='ocr_line' id='line_1_57' title="bbox 407 3927 1993 4001; baseline -0.006 -10"><span class='ocrx_word' id='word_1_389' title='bbox 407 3933 656 3998; x_wconf 88' lang='lat' dir='ltr'><strong>inimico,</strong></span> <span class='ocrx_word' id='word_1_390' title='bbox 711 3931 1119 4001; x_wconf 88' lang='lat' dir='ltr'><strong>incompatibile</strong></span> <span class='ocrx_word' id='word_1_391' title='bbox 1170 3940 1226 3985; x_wconf 91' lang='lat' dir='ltr'><strong>et</strong></span> <span class='ocrx_word' id='word_1_392' title='bbox 1282 3929 1480 3983; x_wconf 90' lang='lat' dir='ltr'><strong>mentis</strong></span> <span class='ocrx_word' id='word_1_393' title='bbox 1542 3928 1785 3984; x_wconf 67' lang='lat' dir='ltr'><strong>confusae</strong></span> <span class='ocrx_word' id='word_1_394' title='bbox 1832 3937 1886 3982; x_wconf 91' lang='lat' dir='ltr'><strong>et</strong></span> <span class='ocrx_word' id='word_1_395' title='bbox 1924 3927 1993 3982; x_wconf 90' lang='lat' dir='ltr'><strong>ad</strong></span> 
     </span>
    </p>
   </div>
   <div class='ocr_carea' id='block_1_58' title="bbox 408 4022 1994 4099">
    <p class='ocr_par' dir='ltr' id='par_1_58' title="bbox 408 4022 1994 4099">
     <span class='ocr_line' id='line_1_58' title="bbox 408 4022 1994 4099; baseline -0.006 -14"><span class='ocrx_word' id='word_1_396' title='bbox 408 4037 706 4099; x_wconf 64' lang='lat' dir='ltr'><strong>atrumque</strong></span> <span class='ocrx_word' id='word_1_397' title='bbox 761 4025 1173 4082; x_wconf 87' lang='lat' dir='ltr'><strong>contrariorum</strong></span> <span class='ocrx_word' id='word_1_398' title='bbox 1223 4023 1485 4077; x_wconf 88' lang='lat' dir='ltr'><strong>inclinate</strong></span> <span class='ocrx_word' id='word_1_399' title='bbox 1543 4037 1601 4076; x_wconf 90' lang='lat' dir='ltr'><strong>se</strong></span> <span class='ocrx_word' id='word_1_400' title='bbox 1642 4022 1892 4076; x_wconf 86' lang='lat' dir='ltr'><strong>habentis</strong></span> <span class='ocrx_word' id='word_1_401' title='bbox 1941 4031 1994 4076; x_wconf 91' lang='lat' dir='ltr'><strong>et</strong></span> 
     </span>
    </p>
   </div>
   <div class='ocr_carea' id='block_1_59' title="bbox 406 4112 1992 4179">
    <p class='ocr_par' dir='ltr' id='par_1_59' title="bbox 406 4112 1992 4179">
     <span class='ocr_line' id='line_1_59' title="bbox 406 4112 1992 4179; baseline -0.008 0"><span class='ocrx_word' id='word_1_402' title='bbox 406 4122 467 4179; x_wconf 81' lang='lat' dir='ltr'><strong>in</strong></span> <span class='ocrx_word' id='word_1_403' title='bbox 522 4122 823 4176; x_wconf 85' lang='lat' dir='ltr'><strong>vanitatem</strong></span> <span class='ocrx_word' id='word_1_404' title='bbox 858 4118 1122 4175; x_wconf 88' lang='lat' dir='ltr'><strong>solventis</strong></span> <span class='ocrx_word' id='word_1_405' title='bbox 1158 4117 1368 4171; x_wconf 91' lang='lat' dir='ltr'><strong>lucrum</strong></span> <span class='ocrx_word' id='word_1_406' title='bbox 1401 4124 1547 4171; x_wconf 79' lang='lat' dir='ltr'><strong>recte</strong></span> <span class='ocrx_word' id='word_1_407' title='bbox 1594 4113 1722 4169; x_wconf 79' lang='lat' dir='ltr'><strong>facti</strong></span> <span class='ocrx_word' id='word_1_408' title='bbox 1774 4131 1787 4166; x_wconf 89' lang='lat'><strong>:</strong></span> <span class='ocrx_word' id='word_1_409' title='bbox 1822 4112 1992 4167; x_wconf 83' lang='lat' dir='ltr'><strong>Bene-</strong></span> 
     </span>
    </p>
   </div>
   <div class='ocr_carea' id='block_1_60' title="bbox 407 4209 1994 4279">
    <p class='ocr_par' dir='ltr' id='par_1_60' title="bbox 407 4209 1994 4279">
     <span class='ocr_line' id='line_1_60' title="bbox 407 4209 1994 4279; baseline -0.008 -6"><span class='ocrx_word' id='word_1_410' title='bbox 407 4214 615 4273; x_wconf 82' lang='lat' dir='ltr'><strong>factum</strong></span> <span class='ocrx_word' id='word_1_411' title='bbox 642 4228 775 4268; x_wconf 89' lang='lat' dir='ltr'><strong>vero</strong></span> <span class='ocrx_word' id='word_1_412' title='bbox 808 4211 1123 4267; x_wconf 90' lang='lat' dir='ltr'><strong>immemori</strong></span> <span class='ocrx_word' id='word_1_413' title='bbox 1171 4209 1388 4279; x_wconf 71' lang='lat' dir='ltr'><strong>injuria:</strong></span> <span class='ocrx_word' id='word_1_414' title='bbox 1416 4222 1610 4263; x_wconf 89' lang='lat' dir='ltr'><strong>sensus</strong></span> <span class='ocrx_word' id='word_1_415' title='bbox 1649 4216 1703 4262; x_wconf 87' lang='lat' dir='ltr'><strong>et</strong></span> <span class='ocrx_word' id='word_1_416' title='bbox 1737 4220 1994 4276; x_wconf 83' lang='lat' dir='ltr'><strong>compas-</strong></span> 
     </span>
    </p>
   </div>
   <div class='ocr_carea' id='block_1_61' title="bbox 406 4297 1996 4377">
    <p class='ocr_par' dir='ltr' id='par_1_61' title="bbox 406 4297 1996 4377">
     <span class='ocr_line' id='line_1_61' title="bbox 406 4297 1996 4377; baseline -0.009 -12"><span class='ocrx_word' id='word_1_417' title='bbox 406 4308 566 4367; x_wconf 88' lang='lat' dir='ltr'><strong>sione</strong></span> <span class='ocrx_word' id='word_1_418' title='bbox 598 4321 724 4377; x_wconf 86' lang='lat' dir='ltr'><strong>erga</strong></span> <span class='ocrx_word' id='word_1_419' title='bbox 768 4304 1014 4375; x_wconf 85' lang='lat' dir='ltr'><strong>ejusdem</strong></span> <span class='ocrx_word' id='word_1_420' title='bbox 1047 4304 1264 4374; x_wconf 87' lang='lat' dir='ltr'><strong>generis</strong></span> <span class='ocrx_word' id='word_1_421' title='bbox 1314 4300 1629 4355; x_wconf 88' lang='lat' dir='ltr'><strong>hominem?</strong></span> <span class='ocrx_word' id='word_1_422' title='bbox 1675 4297 1739 4353; x_wconf 86' lang='lat' dir='ltr'><strong>Et</strong></span> <span class='ocrx_word' id='word_1_423' title='bbox 1775 4306 1996 4368; x_wconf 82' lang='lat' dir='ltr'><strong>prepter</strong></span> 
     </span>
    </p>
   </div>
   <div class='ocr_carea' id='block_1_62' title="bbox 404 4383 1996 4468">
    <p class='ocr_par' dir='ltr' id='par_1_62' title="bbox 404 4383 1996 4468">
     <span class='ocr_line' id='line_1_62' title="bbox 404 4383 1996 4468; baseline -0.008 -16"><span class='ocrx_word' id='word_1_424' title='bbox 404 4403 739 4468; x_wconf 74' lang='lat' dir='ltr'><strong>praeceptum</strong></span> <span class='ocrx_word' id='word_1_425' title='bbox 769 4403 821 4448; x_wconf 92' lang='lat' dir='ltr'><strong>et</strong></span> <span class='ocrx_word' id='word_1_426' title='bbox 849 4402 1066 4462; x_wconf 89' lang='lat' dir='ltr'><strong>propter</strong></span> <span class='ocrx_word' id='word_1_427' title='bbox 1087 4387 1463 4445; x_wconf 89' lang='lat' dir='ltr'><strong>similitudinis</strong></span> <span class='ocrx_word' id='word_1_428' title='bbox 1492 4387 1666 4442; x_wconf 86' lang='lat' dir='ltr'><strong>zelum</strong></span> <span class='ocrx_word' id='word_1_429' title='bbox 1688 4401 1812 4441; x_wconf 90' lang='lat' dir='ltr'><strong>cum</strong></span> <span class='ocrx_word' id='word_1_430' title='bbox 1835 4383 1996 4439; x_wconf 78' lang='lat' dir='ltr'><strong>Patre</strong></span> 
     </span>
    </p>
   </div>
   <div class='ocr_carea' id='block_1_63' title="bbox 2102 1904 3680 1985">
    <p class='ocr_par' dir='ltr' id='par_1_63' title="bbox 2102 1904 3680 1985">
     <span class='ocr_line' id='line_1_63' title="bbox 2102 1904 3680 1985; baseline 0.013 -31"><span class='ocrx_word' id='word_1_431' title='bbox 2102 1920 2211 1969; x_wconf 87' lang='grc' dir='ltr'><strong>νον,</strong></span> <span class='ocrx_word' id='word_1_432' title='bbox 2237 1904 2432 1977; x_wconf 80' lang='grc' dir='ltr'><strong>διπλῆν</strong></span> <span class='ocrx_word' id='word_1_433' title='bbox 2459 1910 2723 1980; x_wconf 71' lang='grc' dir='ltr'><strong>προάγειν</strong></span> <span class='ocrx_word' id='word_1_434' title='bbox 2788 1915 2881 1966; x_wconf 79' lang='grc' dir='ltr'><strong>καὶ</strong></span> <span class='ocrx_word' id='word_1_435' title='bbox 2909 1915 3009 1985; x_wconf 79' lang='grc' dir='ltr'><strong>τὴν</strong></span> <span class='ocrx_word' id='word_1_436' title='bbox 3067 1916 3311 1973; x_wconf 81' lang='grc' dir='ltr'><strong>διάνοιαν</strong></span> <span class='ocrx_word' id='word_1_437' title='bbox 3357 1918 3680 1975; x_wconf 80' lang='grc' dir='ltr'><strong>ὑποτίθεται.</strong></span> 
     </span>
    </p>
   </div>
   <div class='ocr_carea' id='block_1_64' title="bbox 2106 1997 3681 2077">
    <p class='ocr_par' dir='ltr' id='par_1_64' title="bbox 2106 1997 3681 2077">
     <span class='ocr_line' id='line_1_64' title="bbox 2106 1997 3681 2077; baseline 0.012 -30"><span class='ocrx_word' id='word_1_438' title='bbox 2106 1997 2202 2049; x_wconf 82' lang='grc' dir='ltr'><strong>Ἐν</strong></span> <span class='ocrx_word' id='word_1_439' title='bbox 2232 2000 2331 2068; x_wconf 79' lang='grc' dir='ltr'><strong>μὲν</strong></span> <span class='ocrx_word' id='word_1_440' title='bbox 2362 2002 2443 2063; x_wconf 61' lang='grc' dir='ltr'><strong>το,</strong></span> <span class='ocrx_word' id='word_1_441' title='bbox 2471 2003 2790 2072; x_wconf 79' lang='grc' dir='ltr'><strong>σωρεύσεις,</strong></span> <span class='ocrx_word' id='word_1_442' title='bbox 2814 2006 3105 2075; x_wconf 80' lang='grc' dir='ltr'><strong>δηλώσειεν</strong></span> <span class='ocrx_word' id='word_1_443' title='bbox 3124 2007 3190 2062; x_wconf 79' lang='grc' dir='ltr'><strong>ἂν</strong></span> <span class='ocrx_word' id='word_1_444' title='bbox 3206 2010 3289 2075; x_wconf 83' lang='grc' dir='ltr'><strong>τὸ,</strong></span> <span class='ocrx_word' id='word_1_445' title='bbox 3323 2012 3681 2077; x_wconf 81' lang='grc' dir='ltr'><strong>ἐπισυνάξεις,</strong></span> 
     </span>
    </p>
   </div>
   <div class='ocr_carea' id='block_1_65' title="bbox 2098 2085 3681 2171">
    <p class='ocr_par' dir='ltr' id='par_1_65' title="bbox 2098 2085 3681 2171">
     <span class='ocr_line' id='line_1_65' title="bbox 2098 2085 3681 2171; baseline 0.011 -29"><span class='ocrx_word' id='word_1_446' title='bbox 2098 2089 2165 2142; x_wconf 80' lang='grc' dir='ltr'><strong>δι’</strong></span> <span class='ocrx_word' id='word_1_447' title='bbox 2192 2085 2252 2143; x_wconf 74' lang='grc' dir='ltr'><strong>οὗ</strong></span> <span class='ocrx_word' id='word_1_448' title='bbox 2278 2095 2371 2146; x_wconf 73' lang='grc' dir='ltr'><strong>καὶ</strong></span> <span class='ocrx_word' id='word_1_449' title='bbox 2396 2095 2457 2147; x_wconf 85' lang='grc' dir='ltr'><strong>τὸ</strong></span> <span class='ocrx_word' id='word_1_450' title='bbox 2484 2095 2827 2167; x_wconf 78' lang='grc' dir='ltr'><strong>ἐπαγόμενον</strong></span> <span class='ocrx_word' id='word_1_451' title='bbox 2881 2098 2979 2169; x_wconf 84' lang='grc' dir='ltr'><strong>τῆς</strong></span> <span class='ocrx_word' id='word_1_452' title='bbox 3009 2101 3309 2171; x_wconf 80' lang='grc' dir='ltr'><strong>ἑρμηνείας</strong></span> <span class='ocrx_word' id='word_1_453' title='bbox 3358 2104 3681 2158; x_wconf 78' lang='grc' dir='ltr'><strong>κατευθύνεο</strong></span> 
     </span>
    </p>
   </div>
   <div class='ocr_carea' id='block_1_66' title="bbox 2098 2184 3683 2265">
    <p class='ocr_par' dir='ltr' id='par_1_66' title="bbox 2098 2184 3683 2265">
     <span class='ocr_line' id='line_1_66' title="bbox 2098 2184 3683 2265; baseline 0.009 -31"><span class='ocrx_word' id='word_1_454' title='bbox 2098 2198 2188 2235; x_wconf 87' lang='grc' dir='ltr'><strong>ται</strong></span> <span class='ocrx_word' id='word_1_455' title='bbox 2208 2198 2223 2212; x_wconf 74' lang='grc' dir='ltr'><strong>ο</strong></span> <span class='ocrx_word' id='word_1_456' title='bbox 2248 2184 2317 2237; x_wconf 88' lang='grc' dir='ltr'><strong>τά</strong></span> <span class='ocrx_word' id='word_1_457' title='bbox 2342 2186 2484 2239; x_wconf 87' lang='grc' dir='ltr'><strong>κατά</strong></span> <span class='ocrx_word' id='word_1_458' title='bbox 2520 2188 2689 2258; x_wconf 81' lang='grc' dir='ltr'><strong>μέρος</strong></span> <span class='ocrx_word' id='word_1_459' title='bbox 2742 2190 2852 2261; x_wconf 84' lang='grc' dir='ltr'><strong>γάρ</strong></span> <span class='ocrx_word' id='word_1_460' title='bbox 2882 2207 3014 2259; x_wconf 88' lang='grc' dir='ltr'><strong>φησι</strong></span> <span class='ocrx_word' id='word_1_461' title='bbox 3044 2195 3140 2246; x_wconf 74' lang='grc' dir='ltr'><strong>καὶ</strong></span> <span class='ocrx_word' id='word_1_462' title='bbox 3196 2195 3377 2265; x_wconf 75' lang='grc' dir='ltr'><strong>χρόνῳ</strong></span> <span class='ocrx_word' id='word_1_463' title='bbox 3434 2196 3683 2265; x_wconf 83' lang='grc' dir='ltr'><strong>μέλλοντα</strong></span> 
     </span>
    </p>
   </div>
   <div class='ocr_carea' id='block_1_67' title="bbox 2100 2276 3678 2357">
    <p class='ocr_par' dir='ltr' id='par_1_67' title="bbox 2100 2276 3678 2357">
     <span class='ocr_line' id='line_1_67' title="bbox 2100 2276 3678 2357; baseline 0.009 -31"><span class='ocrx_word' id='word_1_464' title='bbox 2100 2276 2540 2344; x_wconf 83' lang='grc' dir='ltr'><strong>καταλαμϐάνειν</strong></span> <span class='ocrx_word' id='word_1_465' title='bbox 2571 2279 2673 2349; x_wconf 84' lang='grc' dir='ltr'><strong>τῆς</strong></span> <span class='ocrx_word' id='word_1_466' title='bbox 2708 2281 3006 2352; x_wconf 79' lang='grc' dir='ltr'><strong>ἀπεχθείας</strong></span> <span class='ocrx_word' id='word_1_467' title='bbox 3038 2284 3295 2355; x_wconf 84' lang='grc' dir='ltr'><strong>ἐπίχειρα</strong></span> <span class='ocrx_word' id='word_1_468' title='bbox 3334 2288 3431 2339; x_wconf 80' lang='grc' dir='ltr'><strong>τὸν</strong></span> <span class='ocrx_word' id='word_1_469' title='bbox 3464 2286 3678 2357; x_wconf 76' lang='grc' dir='ltr'><strong>ἐχθρόν’</strong></span> 
     </span>
    </p>
   </div>
   <div class='ocr_carea' id='block_1_68' title="bbox 2099 2360 3680 2447">
    <p class='ocr_par' dir='ltr' id='par_1_68' title="bbox 2099 2360 3680 2447">
     <span class='ocr_line' id='line_1_68' title="bbox 2099 2360 3680 2447; baseline 0.006 -29"><span class='ocrx_word' id='word_1_470' title='bbox 2099 2366 2172 2418; x_wconf 76' lang='grc' dir='ltr'><strong>Συ</strong></span> <span class='ocrx_word' id='word_1_471' title='bbox 2194 2365 2263 2419; x_wconf 85' lang='grc' dir='ltr'><strong>δι’</strong></span> <span class='ocrx_word' id='word_1_472' title='bbox 2295 2360 2373 2421; x_wconf 80' lang='grc' dir='ltr'><strong>ὧν</strong></span> <span class='ocrx_word' id='word_1_473' title='bbox 2424 2369 2594 2422; x_wconf 76' lang='grc' dir='ltr'><strong>κακὸν</strong></span> <span class='ocrx_word' id='word_1_474' title='bbox 2624 2370 2749 2424; x_wconf 83' lang='grc' dir='ltr'><strong>ἀντὶ</strong></span> <span class='ocrx_word' id='word_1_475' title='bbox 2804 2372 2974 2425; x_wconf 78' lang='grc' dir='ltr'><strong>κακοῦ</strong></span> <span class='ocrx_word' id='word_1_476' title='bbox 3009 2375 3405 2429; x_wconf 80' lang='grc' dir='ltr'><strong>ἀνταποδοῦναι</strong></span> <span class='ocrx_word' id='word_1_477' title='bbox 3442 2375 3518 2447; x_wconf 77' lang='grc' dir='ltr'><strong>μὴ</strong></span> <span class='ocrx_word' id='word_1_478' title='bbox 3549 2375 3680 2429; x_wconf 87' lang='grc' dir='ltr'><strong>διαν-</strong></span> 
     </span>
    </p>
   </div>
   <div class='ocr_carea' id='block_1_69' title="bbox 2098 2452 3679 2539">
    <p class='ocr_par' dir='ltr' id='par_1_69' title="bbox 2098 2452 3679 2539">
     <span class='ocr_line' id='line_1_69' title="bbox 2098 2452 3679 2539; baseline 0.013 -30"><span class='ocrx_word' id='word_1_479' title='bbox 2098 2459 2280 2529; x_wconf 86' lang='grc' dir='ltr'><strong>έστης,</strong></span> <span class='ocrx_word' id='word_1_480' title='bbox 2305 2460 2439 2516; x_wconf 71' lang='grc' dir='ltr'><strong>ἀλλά</strong></span> <span class='ocrx_word' id='word_1_481' title='bbox 2469 2464 2561 2516; x_wconf 77' lang='grc' dir='ltr'><strong>καὶ</strong></span> <span class='ocrx_word' id='word_1_482' title='bbox 2586 2464 2922 2534; x_wconf 81' lang='grc' dir='ltr'><strong>εὐεργεσίας,</strong></span> <span class='ocrx_word' id='word_1_483' title='bbox 2960 2468 3016 2520; x_wconf 84' lang='grc' dir='ltr'><strong>αἶ</strong></span> <span class='ocrx_word' id='word_1_484' title='bbox 3053 2468 3189 2538; x_wconf 76' lang='grc' dir='ltr'><strong>πρὸς</strong></span> <span class='ocrx_word' id='word_1_485' title='bbox 3242 2469 3301 2522; x_wconf 80' lang='grc' dir='ltr'><strong>τὸ</strong></span> <span class='ocrx_word' id='word_1_486' title='bbox 3349 2452 3511 2522; x_wconf 81' lang='grc' dir='ltr'><strong>Θεῖον</strong></span> <span class='ocrx_word' id='word_1_487' title='bbox 3549 2470 3679 2539; x_wconf 71' lang='grc' dir='ltr'><strong>ἡμᾶς</strong></span> 
     </span>
    </p>
   </div>
   <div class='ocr_carea' id='block_1_70' title="bbox 2097 2548 3678 2628">
    <p class='ocr_par' dir='ltr' id='par_1_70' title="bbox 2097 2548 3678 2628">
     <span class='ocr_line' id='line_1_70' title="bbox 2097 2548 3678 2628; baseline 0.004 -27"><span class='ocrx_word' id='word_1_488' title='bbox 2097 2548 2443 2620; x_wconf 77' lang='grc' dir='ltr'><strong>ἀφομοιοῦσι,</strong></span> <span class='ocrx_word' id='word_1_489' title='bbox 2458 2552 2857 2624; x_wconf 79' lang='grc' dir='ltr'><strong>δεξιωσάμενος</strong></span> <span class='ocrx_word' id='word_1_490' title='bbox 2874 2556 2967 2608; x_wconf 85' lang='grc' dir='ltr'><strong>τὸν</strong></span> <span class='ocrx_word' id='word_1_491' title='bbox 2992 2556 3360 2628; x_wconf 79' lang='grc' dir='ltr'><strong>λελυπηκὸτα,</strong></span> <span class='ocrx_word' id='word_1_492' title='bbox 3380 2559 3471 2613; x_wconf 78' lang='grc' dir='ltr'><strong>τὸν</strong></span> <span class='ocrx_word' id='word_1_493' title='bbox 3489 2558 3678 2611; x_wconf 86' lang='grc' dir='ltr'><strong>δίκαιον</strong></span> 
     </span>
    </p>
   </div>
   <div class='ocr_carea' id='block_1_71' title="bbox 2097 2641 3681 2718">
    <p class='ocr_par' dir='ltr' id='par_1_71' title="bbox 2097 2641 3681 2718">
     <span class='ocr_line' id='line_1_71' title="bbox 2097 2641 3681 2718; baseline 0.004 -26"><span class='ocrx_word' id='word_1_494' title='bbox 2097 2641 2293 2713; x_wconf 82' lang='grc' dir='ltr'><strong>κριτὴν</strong></span> <span class='ocrx_word' id='word_1_495' title='bbox 2317 2646 2411 2696; x_wconf 75' lang='grc' dir='ltr'><strong>καὶ</strong></span> <span class='ocrx_word' id='word_1_496' title='bbox 2444 2644 2712 2716; x_wconf 87' lang='grc' dir='ltr'><strong>ἀλάθητον</strong></span> <span class='ocrx_word' id='word_1_497' title='bbox 2736 2648 3184 2717; x_wconf 77' lang='grc' dir='ltr'><strong>παρασκευάζεις</strong></span> <span class='ocrx_word' id='word_1_498' title='bbox 3217 2648 3335 2718; x_wconf 71' lang='grc' dir='ltr'><strong>ἅμα</strong></span> <span class='ocrx_word' id='word_1_499' title='bbox 3366 2650 3551 2712; x_wconf 83' lang='grc' dir='ltr'><strong>πάσας</strong></span> <span class='ocrx_word' id='word_1_500' title='bbox 3573 2648 3681 2700; x_wconf 61' lang='grc' dir='ltr'><strong>ἐπι-</strong></span> 
     </span>
    </p>
   </div>
   <div class='ocr_carea' id='block_1_72' title="bbox 2100 2733 3677 2811">
    <p class='ocr_par' dir='ltr' id='par_1_72' title="bbox 2100 2733 3677 2811">
     <span class='ocr_line' id='line_1_72' title="bbox 2100 2733 3677 2811; baseline 0.004 -26"><span class='ocrx_word' id='word_1_501' title='bbox 2100 2733 2371 2803; x_wconf 77' lang='grc' dir='ltr'><strong>σωρεῦσαι</strong></span> <span class='ocrx_word' id='word_1_502' title='bbox 2401 2736 2501 2799; x_wconf 79' lang='grc' dir='ltr'><strong>τὰς</strong></span> <span class='ocrx_word' id='word_1_503' title='bbox 2523 2737 2791 2807; x_wconf 82' lang='grc' dir='ltr'><strong>τιμωρίας</strong></span> <span class='ocrx_word' id='word_1_504' title='bbox 2824 2740 2913 2791; x_wconf 76' lang='grc' dir='ltr'><strong>καὶ</strong></span> <span class='ocrx_word' id='word_1_505' title='bbox 2935 2739 3127 2803; x_wconf 66' lang='grc' dir='ltr'><strong>ποινὰς</strong></span> <span class='ocrx_word' id='word_1_506' title='bbox 3152 2739 3294 2793; x_wconf 88' lang='grc' dir='ltr'><strong>κατά</strong></span> <span class='ocrx_word' id='word_1_507' title='bbox 3317 2741 3420 2811; x_wconf 79' lang='grc' dir='ltr'><strong>τῆς</strong></span> <span class='ocrx_word' id='word_1_508' title='bbox 3440 2738 3677 2803; x_wconf 76' lang='grc' dir='ltr'><strong>ἀλαζόνος</strong></span> 
     </span>
    </p>
   </div>
   <div class='ocr_carea' id='block_1_73' title="bbox 2100 2825 3679 2903">
    <p class='ocr_par' dir='ltr' id='par_1_73' title="bbox 2100 2825 3679 2903">
     <span class='ocr_line' id='line_1_73' title="bbox 2100 2825 3679 2903; baseline 0.004 -28"><span class='ocrx_word' id='word_1_509' title='bbox 2100 2825 2315 2895; x_wconf 77' lang='grc' dir='ltr'><strong>ἐκείνης</strong></span> <span class='ocrx_word' id='word_1_510' title='bbox 2345 2830 2439 2880; x_wconf 68' lang='grc' dir='ltr'><strong>καὶ</strong></span> <span class='ocrx_word' id='word_1_511' title='bbox 2492 2828 2807 2899; x_wconf 76' lang='grc' dir='ltr'><strong>ἀγνώμονος</strong></span> <span class='ocrx_word' id='word_1_512' title='bbox 2842 2831 3085 2899; x_wconf 77' lang='grc' dir='ltr'><strong>κεφαλῆς</strong></span> <span class='ocrx_word' id='word_1_513' title='bbox 3106 2848 3119 2860; x_wconf 90' lang='grc'><strong>·</strong></span> <span class='ocrx_word' id='word_1_514' title='bbox 3160 2851 3179 2883; x_wconf 80' lang='grc' dir='ltr'><strong>ι</strong></span> <span class='ocrx_word' id='word_1_515' title='bbox 3226 2833 3382 2901; x_wconf 65' lang='grc' dir='ltr'><strong>Ἐμοὶ</strong></span> <span class='ocrx_word' id='word_1_516' title='bbox 3413 2833 3524 2903; x_wconf 74' lang='grc' dir='ltr'><strong>γὰρ</strong></span> <span class='ocrx_word' id='word_1_517' title='bbox 3547 2830 3679 2885; x_wconf 81' lang='grc' dir='ltr'><strong>ἐκδί-</strong></span> 
     </span>
    </p>
   </div>
   <div class='ocr_carea' id='block_1_74' title="bbox 2098 2914 3676 2991">
    <p class='ocr_par' dir='ltr' id='par_1_74' title="bbox 2098 2914 3676 2991">
     <span class='ocr_line' id='line_1_74' title="bbox 2098 2914 3676 2991; baseline 0.004 -26"><span class='ocrx_word' id='word_1_518' title='bbox 2098 2931 2279 2984; x_wconf 83' lang='grc' dir='ltr'><strong>κησις,</strong></span> <span class='ocrx_word' id='word_1_519' title='bbox 2312 2914 2423 2984; x_wconf 83' lang='grc' dir='ltr'><strong>ἐγὼ</strong></span> <span class='ocrx_word' id='word_1_520' title='bbox 2450 2916 2840 2983; x_wconf 83' lang='grc' dir='ltr'><strong>ἀνταποδώσω,</strong></span> <span class='ocrx_word' id='word_1_521' title='bbox 2894 2919 3045 2989; x_wconf 85' lang='grc' dir='ltr'><strong>λέγει</strong></span> <span class='ocrx_word' id='word_1_522' title='bbox 3086 2920 3325 2991; x_wconf 80' lang='grc' dir='ltr'><strong>Κύριος·</strong></span> <span class='ocrx_word' id='word_1_523' title='bbox 3372 2942 3390 2973; x_wconf 76' lang='grc' dir='ltr'><strong>ι</strong></span> <span class='ocrx_word' id='word_1_524' title='bbox 3451 2922 3567 2985; x_wconf 83' lang='grc' dir='ltr'><strong>πῶς</strong></span> <span class='ocrx_word' id='word_1_525' title='bbox 3595 2918 3676 2973; x_wconf 75' lang='grc' dir='ltr'><strong>οὖν</strong></span> 
     </span>
    </p>
   </div>
   <div class='ocr_carea' id='block_1_75' title="bbox 2099 3004 3678 3083">
    <p class='ocr_par' dir='ltr' id='par_1_75' title="bbox 2099 3004 3678 3083">
     <span class='ocr_line' id='line_1_75' title="bbox 2099 3004 3678 3083; baseline 0.01 -28"><span class='ocrx_word' id='word_1_526' title='bbox 2099 3004 2511 3076; x_wconf 76' lang='grc' dir='ltr'><strong>φιλάνθρωποςς</strong></span> <span class='ocrx_word' id='word_1_527' title='bbox 2546 3006 2662 3071; x_wconf 86' lang='grc' dir='ltr'><strong>πῶς</strong></span> <span class='ocrx_word' id='word_1_528' title='bbox 2689 3008 2747 3061; x_wconf 83' lang='grc' dir='ltr'><strong>δὲ</strong></span> <span class='ocrx_word' id='word_1_529' title='bbox 2786 3011 3114 3081; x_wconf 84' lang='grc' dir='ltr'><strong>συμπαθής;</strong></span> <span class='ocrx_word' id='word_1_530' title='bbox 3148 3012 3267 3076; x_wconf 83' lang='grc' dir='ltr'><strong>πῶς</strong></span> <span class='ocrx_word' id='word_1_531' title='bbox 3302 3012 3363 3066; x_wconf 84' lang='grc' dir='ltr'><strong>δὲ</strong></span> <span class='ocrx_word' id='word_1_532' title='bbox 3395 3010 3678 3083; x_wconf 78' lang='grc' dir='ltr'><strong>εὐεργέτης</strong></span> 
     </span>
    </p>
   </div>
   <div class='ocr_carea' id='block_1_76' title="bbox 2098 3096 3675 3177">
    <p class='ocr_par' dir='ltr' id='par_1_76' title="bbox 2098 3096 3675 3177">
     <span class='ocr_line' id='line_1_76' title="bbox 2098 3096 3675 3177; baseline 0.006 -28"><span class='ocrx_word' id='word_1_533' title='bbox 2098 3097 2126 3148; x_wconf 86' lang='grc' dir='ltr'>ὁ</span> <span class='ocrx_word' id='word_1_534' title='bbox 2156 3096 2328 3151; x_wconf 84' lang='grc' dir='ltr'><strong>ταῦτα</strong></span> <span class='ocrx_word' id='word_1_535' title='bbox 2367 3100 2635 3170; x_wconf 77' lang='grc' dir='ltr'><strong>περὶτῶν</strong></span> <span class='ocrx_word' id='word_1_536' title='bbox 2680 3102 2890 3172; x_wconf 83' lang='grc' dir='ltr'><strong>ἐχθρῶν</strong></span> <span class='ocrx_word' id='word_1_537' title='bbox 2943 3104 3251 3174; x_wconf 77' lang='grc' dir='ltr'><strong>μεθοδεύων</strong></span> <span class='ocrx_word' id='word_1_538' title='bbox 3298 3108 3394 3160; x_wconf 79' lang='grc' dir='ltr'><strong>καὶ</strong></span> <span class='ocrx_word' id='word_1_539' title='bbox 3434 3120 3675 3177; x_wconf 79' lang='grc' dir='ltr'><strong>πραγμα·</strong></span> 
     </span>
    </p>
   </div>
   <div class='ocr_carea' id='block_1_77' title="bbox 2096 3191 3676 3268">
    <p class='ocr_par' dir='ltr' id='par_1_77' title="bbox 2096 3191 3676 3268">
     <span class='ocr_line' id='line_1_77' title="bbox 2096 3191 3676 3268; baseline 0.003 -26"><span class='ocrx_word' id='word_1_540' title='bbox 2096 3191 2385 3261; x_wconf 85' lang='grc' dir='ltr'><strong>τευόμενος</strong></span> <span class='ocrx_word' id='word_1_541' title='bbox 2425 3192 2519 3246; x_wconf 82' lang='grc' dir='ltr'><strong>καὶ</strong></span> <span class='ocrx_word' id='word_1_542' title='bbox 2571 3192 2669 3264; x_wconf 78' lang='grc' dir='ltr'><strong>τὴν</strong></span> <span class='ocrx_word' id='word_1_543' title='bbox 2708 3194 2919 3249; x_wconf 80' lang='grc' dir='ltr'><strong>ἐκείνου</strong></span> <span class='ocrx_word' id='word_1_544' title='bbox 2964 3197 3552 3268; x_wconf 76' lang='grc' dir='ltr'><strong>φιλανθρωπευόμενος</strong></span> <span class='ocrx_word' id='word_1_545' title='bbox 3604 3211 3676 3246; x_wconf 84' lang='grc' dir='ltr'><strong>τι·</strong></span> 
     </span>
    </p>
   </div>
   <div class='ocr_carea' id='block_1_78' title="bbox 2098 3283 3671 3361">
    <p class='ocr_par' dir='ltr' id='par_1_78' title="bbox 2098 3283 3671 3361">
     <span class='ocr_line' id='line_1_78' title="bbox 2098 3283 3671 3361; baseline 0.011 -29"><span class='ocrx_word' id='word_1_546' title='bbox 2098 3283 2313 3352; x_wconf 87' lang='grc' dir='ltr'><strong>μωρίαν</strong></span> <span class='ocrx_word' id='word_1_547' title='bbox 2337 3284 2429 3337; x_wconf 78' lang='grc' dir='ltr'><strong>καὶ</strong></span> <span class='ocrx_word' id='word_1_548' title='bbox 2453 3284 2709 3351; x_wconf 81' lang='grc' dir='ltr'><strong>κόλασιν;</strong></span> <span class='ocrx_word' id='word_1_549' title='bbox 2742 3286 2773 3356; x_wconf 77' lang='grc' dir='ltr'>ἢ</span> <span class='ocrx_word' id='word_1_550' title='bbox 2810 3289 2892 3341; x_wconf 85' lang='grc' dir='ltr'><strong>ὅτι</strong></span> <span class='ocrx_word' id='word_1_551' title='bbox 2918 3289 3017 3341; x_wconf 87' lang='grc' dir='ltr'><strong>οὐκ</strong></span> <span class='ocrx_word' id='word_1_552' title='bbox 3042 3290 3205 3350; x_wconf 84' lang='grc' dir='ltr'><strong>αὐτὸς</strong></span> <span class='ocrx_word' id='word_1_553' title='bbox 3232 3290 3407 3344; x_wconf 83' lang='grc' dir='ltr'><strong>ταῦτα</strong></span> <span class='ocrx_word' id='word_1_554' title='bbox 3428 3292 3671 3361; x_wconf 70' lang='grc' dir='ltr'><strong>ᾐτήσατο,</strong></span> 
     </span>
    </p>
   </div>
   <div class='ocr_carea' id='block_1_79' title="bbox 2094 3372 3672 3452">
    <p class='ocr_par' dir='ltr' id='par_1_79' title="bbox 2094 3372 3672 3452">
     <span class='ocr_line' id='line_1_79' title="bbox 2094 3372 3672 3452; baseline 0.005 -28"><span class='ocrx_word' id='word_1_555' title='bbox 2094 3372 2207 3425; x_wconf 78' lang='grc' dir='ltr'><strong>ἀλλ’</strong></span> <span class='ocrx_word' id='word_1_556' title='bbox 2243 3374 2407 3438; x_wconf 79' lang='grc' dir='ltr'><strong>αὐτὸς</strong></span> <span class='ocrx_word' id='word_1_557' title='bbox 2439 3376 2538 3446; x_wconf 85' lang='grc' dir='ltr'><strong>μὲν</strong></span> <span class='ocrx_word' id='word_1_558' title='bbox 2589 3377 2762 3432; x_wconf 79' lang='grc' dir='ltr'><strong>ταῦτα</strong></span> <span class='ocrx_word' id='word_1_559' title='bbox 2813 3380 3102 3452; x_wconf 80' lang='grc' dir='ltr'><strong>ἔπραττεν,</strong></span> <span class='ocrx_word' id='word_1_560' title='bbox 3155 3382 3300 3435; x_wconf 82' lang='grc' dir='ltr'><strong>ὥστε</strong></span> <span class='ocrx_word' id='word_1_561' title='bbox 3351 3380 3672 3451; x_wconf 80' lang='grc' dir='ltr'><strong>συντηρῆσαι</strong></span> 
     </span>
    </p>
   </div>
   <div class='ocr_carea' id='block_1_80' title="bbox 2093 3464 3669 3546">
    <p class='ocr_par' dir='ltr' id='par_1_80' title="bbox 2093 3464 3669 3546">
     <span class='ocr_line' id='line_1_80' title="bbox 2093 3464 3669 3546; baseline 0.008 -30"><span class='ocrx_word' id='word_1_562' title='bbox 2093 3464 2192 3537; x_wconf 78' lang='grc' dir='ltr'><strong>τὴν</strong></span> <span class='ocrx_word' id='word_1_563' title='bbox 2214 3466 2364 3519; x_wconf 86' lang='grc' dir='ltr'><strong>θείαν</strong></span> <span class='ocrx_word' id='word_1_564' title='bbox 2402 3468 2625 3538; x_wconf 75' lang='grc' dir='ltr'><strong>ἐντολὴν</strong></span> <span class='ocrx_word' id='word_1_565' title='bbox 2670 3471 2766 3523; x_wconf 67' lang='lat' dir='ltr'><strong>xui.</strong></span> <span class='ocrx_word' id='word_1_566' title='bbox 2809 3472 2899 3525; x_wconf 87' lang='grc' dir='ltr'><strong>τὸν</strong></span> <span class='ocrx_word' id='word_1_567' title='bbox 2926 3472 3123 3543; x_wconf 82' lang='grc' dir='ltr'><strong>ἐχθρὸν</strong></span> <span class='ocrx_word' id='word_1_568' title='bbox 3152 3473 3499 3546; x_wconf 79' lang='grc' dir='ltr'><strong>εὐεργεσίαις</strong></span> <span class='ocrx_word' id='word_1_569' title='bbox 3527 3470 3669 3544; x_wconf 78' lang='grc' dir='ltr'><strong>ἀμεί-</strong></span> 
     </span>
    </p>
   </div>
   <div class='ocr_carea' id='block_1_81' title="bbox 2093 3555 3674 3637">
    <p class='ocr_par' dir='ltr' id='par_1_81' title="bbox 2093 3555 3674 3637">
     <span class='ocr_line' id='line_1_81' title="bbox 2093 3555 3674 3637; baseline 0.006 -28"><span class='ocrx_word' id='word_1_570' title='bbox 2093 3555 2298 3626; x_wconf 79' lang='grc' dir='ltr'><strong>ψασθαι</strong></span> <span class='ocrx_word' id='word_1_571' title='bbox 2321 3575 2334 3588; x_wconf 85' lang='lat'><strong><em>°</em></strong></span> <span class='ocrx_word' id='word_1_572' title='bbox 2364 3559 2413 3611; x_wconf 85' lang='grc' dir='ltr'><strong>εί</strong></span> <span class='ocrx_word' id='word_1_573' title='bbox 2443 3560 2583 3613; x_wconf 80' lang='grc' dir='ltr'><strong>δὲτὸ</strong></span> <span class='ocrx_word' id='word_1_574' title='bbox 2615 3561 2967 3633; x_wconf 78' lang='grc' dir='ltr'><strong>ὑϐριζόμενον</strong></span> <span class='ocrx_word' id='word_1_575' title='bbox 3002 3565 3213 3621; x_wconf 89' lang='grc' dir='ltr'><strong>δίκαιον</strong></span> <span class='ocrx_word' id='word_1_576' title='bbox 3240 3568 3560 3637; x_wconf 80' lang='grc' dir='ltr'><strong>παρώξυνεν</strong></span> <span class='ocrx_word' id='word_1_577' title='bbox 3602 3566 3674 3627; x_wconf 88' lang='grc' dir='ltr'><strong>είς</strong></span> 
     </span>
    </p>
   </div>
   <div class='ocr_carea' id='block_1_82' title="bbox 2094 3647 3670 3730">
    <p class='ocr_par' dir='ltr' id='par_1_82' title="bbox 2094 3647 3670 3730">
     <span class='ocr_line' id='line_1_82' title="bbox 2094 3647 3670 3730; baseline 0.005 -29"><span class='ocrx_word' id='word_1_578' title='bbox 2094 3647 2376 3721; x_wconf 75' lang='grc' dir='ltr'><strong>ἐκδίκησιν</strong></span> <span class='ocrx_word' id='word_1_579' title='bbox 2408 3650 2501 3703; x_wconf 85' lang='grc' dir='ltr'><strong>τὸν</strong></span> <span class='ocrx_word' id='word_1_580' title='bbox 2529 3654 2748 3723; x_wconf 83' lang='grc' dir='ltr'><strong>κριτὴν,</strong></span> <span class='ocrx_word' id='word_1_581' title='bbox 2788 3655 2889 3708; x_wconf 88' lang='grc' dir='ltr'><strong>οὐκ</strong></span> <span class='ocrx_word' id='word_1_582' title='bbox 2937 3656 3016 3710; x_wconf 74' lang='grc' dir='ltr'><strong>ἔτι</strong></span> <span class='ocrx_word' id='word_1_583' title='bbox 3045 3656 3111 3711; x_wconf 81' lang='grc' dir='ltr'><strong>ἂν</strong></span> <span class='ocrx_word' id='word_1_584' title='bbox 3164 3658 3249 3730; x_wconf 85' lang='grc' dir='ltr'><strong>εἴη</strong></span> <span class='ocrx_word' id='word_1_585' title='bbox 3286 3657 3670 3729; x_wconf 82' lang='grc' dir='ltr'><strong>ἀποδεχομένου</strong></span> 
     </span>
    </p>
   </div>
   <div class='ocr_carea' id='block_1_83' title="bbox 2093 3745 3671 3823">
    <p class='ocr_par' dir='ltr' id='par_1_83' title="bbox 2093 3745 3671 3823">
     <span class='ocr_line' id='line_1_83' title="bbox 2093 3745 3671 3823; baseline 0.003 -26"><span class='ocrx_word' id='word_1_586' title='bbox 2093 3745 2194 3815; x_wconf 78' lang='grc' dir='ltr'><strong>τῆς</strong></span> <span class='ocrx_word' id='word_1_587' title='bbox 2228 3746 2485 3815; x_wconf 88' lang='grc' dir='ltr'><strong>προνοίας</strong></span> <span class='ocrx_word' id='word_1_588' title='bbox 2534 3747 2605 3801; x_wconf 80' lang='grc' dir='ltr'><strong>τὰ</strong></span> <span class='ocrx_word' id='word_1_589' title='bbox 2641 3747 2887 3818; x_wconf 88' lang='grc' dir='ltr'><strong>κρίματα</strong></span> <span class='ocrx_word' id='word_1_590' title='bbox 2942 3749 3037 3803; x_wconf 79' lang='grc' dir='ltr'><strong>τοῦ</strong></span> <span class='ocrx_word' id='word_1_591' title='bbox 3085 3751 3224 3823; x_wconf 76' lang='grc' dir='ltr'><strong>πρὸς</strong></span> <span class='ocrx_word' id='word_1_592' title='bbox 3257 3751 3356 3822; x_wconf 85' lang='grc' dir='ltr'><strong>τὴν</strong></span> <span class='ocrx_word' id='word_1_593' title='bbox 3406 3752 3671 3819; x_wconf 84' lang='grc' dir='ltr'><strong>ἐκδίκησιν</strong></span> 
     </span>
    </p>
   </div>
   <div class='ocr_carea' id='block_1_84' title="bbox 2097 3837 3670 3915">
    <p class='ocr_par' dir='ltr' id='par_1_84' title="bbox 2097 3837 3670 3915">
     <span class='ocr_line' id='line_1_84' title="bbox 2097 3837 3670 3915; baseline 0.008 -26"><span class='ocrx_word' id='word_1_594' title='bbox 2097 3837 2463 3908; x_wconf 81' lang='grc' dir='ltr'><strong>ἀκκιζομένου</strong></span> <span class='ocrx_word' id='word_1_595' title='bbox 2494 3839 2588 3893; x_wconf 79' lang='grc' dir='ltr'><strong>καὶ</strong></span> <span class='ocrx_word' id='word_1_596' title='bbox 2629 3840 2704 3910; x_wconf 79' lang='grc' dir='ltr'><strong>μὴ</strong></span> <span class='ocrx_word' id='word_1_597' title='bbox 2730 3840 3032 3911; x_wconf 76' lang='grc' dir='ltr'><strong>τεθηπότας</strong></span> <span class='ocrx_word' id='word_1_598' title='bbox 3065 3859 3125 3896; x_wconf 89' lang='grc' dir='ltr'><strong>τε</strong></span> <span class='ocrx_word' id='word_1_599' title='bbox 3182 3844 3278 3897; x_wconf 79' lang='grc' dir='ltr'><strong>καὶ</strong></span> <span class='ocrx_word' id='word_1_600' title='bbox 3320 3841 3670 3915; x_wconf 75' lang='grc' dir='ltr'><strong>ἀνυμνσῦντος</strong></span> 
     </span>
    </p>
   </div>
   <div class='ocr_carea' id='block_1_85' title="bbox 2098 3926 3668 4005">
    <p class='ocr_par' dir='ltr' id='par_1_85' title="bbox 2098 3926 3668 4005">
     <span class='ocr_line' id='line_1_85' title="bbox 2098 3926 3668 4005; baseline 0.003 -24"><span class='ocrx_word' id='word_1_601' title='bbox 2098 3926 2193 3981; x_wconf 81' lang='grc' dir='ltr'><strong>τοῦ</strong></span> <span class='ocrx_word' id='word_1_602' title='bbox 2217 3928 2405 3999; x_wconf 82' lang='grc' dir='ltr'><strong>κριτοῦ</strong></span> <span class='ocrx_word' id='word_1_603' title='bbox 2438 3930 2499 3983; x_wconf 87' lang='grc' dir='ltr'><strong>τὸ</strong></span> <span class='ocrx_word' id='word_1_604' title='bbox 2526 3929 2847 3986; x_wconf 84' lang='grc' dir='ltr'><strong>ἀδέκαστον.</strong></span> <span class='ocrx_word' id='word_1_605' title='bbox 2878 3932 2952 3986; x_wconf 81' lang='grc' dir='ltr'><strong>Τὸ</strong></span> <span class='ocrx_word' id='word_1_606' title='bbox 2992 3932 3092 4002; x_wconf 80' lang='grc' dir='ltr'><strong>μὲν</strong></span> <span class='ocrx_word' id='word_1_607' title='bbox 3118 3934 3431 4005; x_wconf 81' lang='grc' dir='ltr'><strong>εὐεργετεῖν</strong></span> <span class='ocrx_word' id='word_1_608' title='bbox 3465 3933 3559 3988; x_wconf 76' lang='grc' dir='ltr'><strong>καὶ</strong></span> <span class='ocrx_word' id='word_1_609' title='bbox 3582 3931 3668 3997; x_wconf 70' lang='lat' dir='ltr'><strong>Cr.-</strong></span> 
     </span>
    </p>
   </div>
   <div class='ocr_carea' id='block_1_86' title="bbox 2096 4022 3669 4097">
    <p class='ocr_par' dir='ltr' id='par_1_86' title="bbox 2096 4022 3669 4097">
     <span class='ocr_line' id='line_1_86' title="bbox 2096 4022 3669 4097; baseline 0.001 -24"><span class='ocrx_word' id='word_1_610' title='bbox 2096 4022 2211 4073; x_wconf 86' lang='grc' dir='ltr'><strong>τεῖν</strong></span> <span class='ocrx_word' id='word_1_611' title='bbox 2243 4022 2359 4092; x_wconf 86' lang='grc' dir='ltr'><strong>ἆμα</strong></span> <span class='ocrx_word' id='word_1_612' title='bbox 2384 4022 2655 4093; x_wconf 88' lang='grc' dir='ltr'><strong>τιμωρίαν</strong></span> <span class='ocrx_word' id='word_1_613' title='bbox 2678 4023 2866 4078; x_wconf 86' lang='grc' dir='ltr'><strong>λαϐεῖν</strong></span> <span class='ocrx_word' id='word_1_614' title='bbox 2896 4025 3048 4095; x_wconf 88' lang='grc' dir='ltr'><strong>παρά</strong></span> <span class='ocrx_word' id='word_1_615' title='bbox 3069 4025 3163 4078; x_wconf 83' lang='grc' dir='ltr'><strong>τοῦ</strong></span> <span class='ocrx_word' id='word_1_616' title='bbox 3193 4026 3414 4097; x_wconf 76' lang='grc' dir='ltr'><strong>ἐχθροῦ,</strong></span> <span class='ocrx_word' id='word_1_617' title='bbox 3441 4023 3669 4094; x_wconf 82' lang='grc' dir='ltr'><strong>ἀσύμϐα-</strong></span> 
     </span>
    </p>
   </div>
   <div class='ocr_carea' id='block_1_87' title="bbox 2094 4112 3668 4189">
    <p class='ocr_par' dir='ltr' id='par_1_87' title="bbox 2094 4112 3668 4189">
     <span class='ocr_line' id='line_1_87' title="bbox 2094 4112 3668 4189; baseline 0.002 -25"><span class='ocrx_word' id='word_1_618' title='bbox 2094 4112 2187 4165; x_wconf 77' lang='grc' dir='ltr'><strong>τόν</strong></span> <span class='ocrx_word' id='word_1_619' title='bbox 2213 4130 2272 4166; x_wconf 91' lang='grc' dir='ltr'><strong>τε</strong></span> <span class='ocrx_word' id='word_1_620' title='bbox 2309 4114 2400 4167; x_wconf 76' lang='grc' dir='ltr'><strong>καὶ</strong></span> <span class='ocrx_word' id='word_1_621' title='bbox 2430 4115 2624 4185; x_wconf 83' lang='grc' dir='ltr'><strong>φρενὸς</strong></span> <span class='ocrx_word' id='word_1_622' title='bbox 2659 4118 3074 4189; x_wconf 85' lang='grc' dir='ltr'><strong>συγκεχυμένης</strong></span> <span class='ocrx_word' id='word_1_623' title='bbox 3121 4120 3215 4171; x_wconf 71' lang='grc' dir='ltr'><strong>καὶ</strong></span> <span class='ocrx_word' id='word_1_624' title='bbox 3248 4118 3385 4188; x_wconf 82' lang='grc' dir='ltr'><strong>πρὸς</strong></span> <span class='ocrx_word' id='word_1_625' title='bbox 3426 4120 3668 4187; x_wconf 80' lang='grc' dir='ltr'><strong>ἑκάτερον</strong></span> 
     </span>
    </p>
   </div>
   <div class='ocr_carea' id='block_1_88' title="bbox 2094 4206 3667 4284">
    <p class='ocr_par' dir='ltr' id='par_1_88' title="bbox 2094 4206 3667 4284">
     <span class='ocr_line' id='line_1_88' title="bbox 2094 4206 3667 4284; baseline -0.001 -24"><span class='ocrx_word' id='word_1_626' title='bbox 2094 4206 2204 4260; x_wconf 87' lang='grc' dir='ltr'><strong>τῶν</strong></span> <span class='ocrx_word' id='word_1_627' title='bbox 2229 4207 2486 4261; x_wconf 76' lang='grc' dir='ltr'><strong>ἐναντίων</strong></span> <span class='ocrx_word' id='word_1_628' title='bbox 2511 4208 2826 4281; x_wconf 76' lang='grc' dir='ltr'><strong>ἐπιῤῥεπῶς</strong></span> <span class='ocrx_word' id='word_1_629' title='bbox 2855 4209 3104 4281; x_wconf 86' lang='grc' dir='ltr'><strong>ἐχούσης,</strong></span> <span class='ocrx_word' id='word_1_630' title='bbox 3140 4212 3235 4264; x_wconf 79' lang='grc' dir='ltr'><strong>καὶ</strong></span> <span class='ocrx_word' id='word_1_631' title='bbox 3286 4212 3426 4283; x_wconf 81' lang='grc' dir='ltr'><strong>πρὸς</strong></span> <span class='ocrx_word' id='word_1_632' title='bbox 3462 4207 3667 4284; x_wconf 83' lang='grc' dir='ltr'><strong>ματαιό-</strong></span> 
     </span>
    </p>
   </div>
   <div class='ocr_carea' id='block_1_89' title="bbox 2095 4297 3664 4373">
    <p class='ocr_par' dir='ltr' id='par_1_89' title="bbox 2095 4297 3664 4373">
     <span class='ocr_line' id='line_1_89' title="bbox 2095 4297 3664 4373; baseline -0.001 -22"><span class='ocrx_word' id='word_1_633' title='bbox 2095 4315 2235 4369; x_wconf 87' lang='grc' dir='ltr'><strong>τητα</strong></span> <span class='ocrx_word' id='word_1_634' title='bbox 2262 4298 2583 4370; x_wconf 85' lang='grc' dir='ltr'><strong>διαλυούσης</strong></span> <span class='ocrx_word' id='word_1_635' title='bbox 2604 4299 2664 4353; x_wconf 82' lang='grc' dir='ltr'><strong>τὸ</strong></span> <span class='ocrx_word' id='word_1_636' title='bbox 2700 4300 2890 4371; x_wconf 81' lang='grc' dir='ltr'><strong>κέρδος</strong></span> <span class='ocrx_word' id='word_1_637' title='bbox 2919 4300 3013 4353; x_wconf 82' lang='grc' dir='ltr'><strong>τοῦ</strong></span> <span class='ocrx_word' id='word_1_638' title='bbox 3046 4302 3477 4373; x_wconf 81' lang='grc' dir='ltr'><strong>κατορθώματος</strong></span> <span class='ocrx_word' id='word_1_639' title='bbox 3498 4317 3512 4331; x_wconf 89' lang='grc'><strong>·</strong></span> <span class='ocrx_word' id='word_1_640' title='bbox 3539 4301 3594 4353; x_wconf 81' lang='grc' dir='ltr'><strong>τὸ</strong></span> <span class='ocrx_word' id='word_1_641' title='bbox 3618 4297 3664 4349; x_wconf 66' lang='grc' dir='ltr'><strong>δὲ</strong></span> 
     </span>
    </p>
   </div>
   <div class='ocr_carea' id='block_1_90' title="bbox 2095 4388 3663 4465">
    <p class='ocr_par' dir='ltr' id='par_1_90' title="bbox 2095 4388 3663 4465">
     <span class='ocr_line' id='line_1_90' title="bbox 2095 4388 3663 4465; baseline 0.002 -26"><span class='ocrx_word' id='word_1_642' title='bbox 2095 4388 2195 4459; x_wconf 77' lang='grc' dir='ltr'><strong>τὴν</strong></span> <span class='ocrx_word' id='word_1_643' title='bbox 2219 4388 2536 4460; x_wconf 88' lang='grc' dir='ltr'><strong>εὐεργεσίαν</strong></span> <span class='ocrx_word' id='word_1_644' title='bbox 2566 4388 2646 4460; x_wconf 80' lang='grc' dir='ltr'><strong>τῷ</strong></span> <span class='ocrx_word' id='word_1_645' title='bbox 2669 4391 3033 4463; x_wconf 81' lang='grc' dir='ltr'><strong>ἀμνησικάκῳ</strong></span> <span class='ocrx_word' id='word_1_646' title='bbox 3060 4393 3157 4462; x_wconf 83' lang='grc' dir='ltr'><strong>τῆς</strong></span> <span class='ocrx_word' id='word_1_647' title='bbox 3208 4393 3437 4465; x_wconf 87' lang='grc' dir='ltr'><strong>γνώμης</strong></span> <span class='ocrx_word' id='word_1_648' title='bbox 3488 4393 3576 4448; x_wconf 78' lang='grc' dir='ltr'><strong>καὶ</strong></span> <span class='ocrx_word' id='word_1_649' title='bbox 3607 4390 3663 4459; x_wconf 72' lang='grc' dir='ltr'><strong>τῇ</strong></span> 
     </span>
    </p>
   </div>
   <div class='ocr_carea' id='block_1_91' title="bbox 406 4475 1987 4557">
    <p class='ocr_par' dir='ltr' id='par_1_91' title="bbox 406 4475 1987 4557">
     <span class='ocr_line' id='line_1_91' title="bbox 406 4475 1987 4557; baseline -0.009 -13"><span class='ocrx_word' id='word_1_650' title='bbox 406 4496 597 4543; x_wconf 87' lang='lat' dir='ltr'><strong>nostro</strong></span> <span class='ocrx_word' id='word_1_651' title='bbox 625 4486 719 4557; x_wconf 93' lang='lat' dir='ltr'><strong>qui</strong></span> <span class='ocrx_word' id='word_1_652' title='bbox 748 4484 803 4539; x_wconf 91' lang='lat' dir='ltr'><strong>in</strong></span> <span class='ocrx_word' id='word_1_653' title='bbox 838 4483 992 4539; x_wconf 63' lang='lat' dir='ltr'><strong>caelis</strong></span> <span class='ocrx_word' id='word_1_654' title='bbox 1015 4480 1166 4555; x_wconf 88' lang='lat' dir='ltr'><strong>[est],</strong></span> <span class='ocrx_word' id='word_1_655' title='bbox 1194 4479 1464 4536; x_wconf 89' lang='lat' dir='ltr'><strong>tendentis</strong></span> <span class='ocrx_word' id='word_1_656' title='bbox 1495 4490 1579 4536; x_wconf 89' lang='lat' dir='ltr'><strong>est</strong></span> <span class='ocrx_word' id='word_1_657' title='bbox 1610 4478 1677 4533; x_wconf 89' lang='lat' dir='ltr'><strong>ad</strong></span> <span class='ocrx_word' id='word_1_658' title='bbox 1697 4475 1987 4548; x_wconf 89' lang='lat' dir='ltr'><strong>perfectio-</strong></span> 
     </span>
    </p>
   </div>
   <div class='ocr_carea' id='block_1_92' title="bbox 2095 4475 3663 4557">
    <p class='ocr_par' dir='ltr' id='par_1_92' title="bbox 2098 4479 3663 4555">
     <span class='ocr_line' id='line_1_92' title="bbox 2098 4479 3663 4555; baseline 0.001 -22"><span class='ocrx_word' id='word_1_659' title='bbox 2098 4480 2414 4552; x_wconf 78' lang='grc' dir='ltr'><strong>συμπαθείᾳ</strong></span> <span class='ocrx_word' id='word_1_660' title='bbox 2452 4480 2547 4534; x_wconf 84' lang='grc' dir='ltr'><strong>τοῦ</strong></span> <span class='ocrx_word' id='word_1_661' title='bbox 2588 4481 2899 4552; x_wconf 82' lang='grc' dir='ltr'><strong>ὀμοφυοῠς,</strong></span> <span class='ocrx_word' id='word_1_662' title='bbox 2945 4488 3038 4536; x_wconf 72' lang='grc' dir='ltr'><strong>καὶ</strong></span> <span class='ocrx_word' id='word_1_663' title='bbox 3087 4483 3175 4537; x_wconf 85' lang='grc' dir='ltr'><strong>διὰ</strong></span> <span class='ocrx_word' id='word_1_664' title='bbox 3208 4484 3307 4555; x_wconf 75' lang='grc' dir='ltr'><strong>τὴν</strong></span> <span class='ocrx_word' id='word_1_665' title='bbox 3340 4485 3557 4554; x_wconf 76' lang='grc' dir='ltr'><strong>ἐντολὴν</strong></span> <span class='ocrx_word' id='word_1_666' title='bbox 3583 4479 3663 4533; x_wconf 69' lang='grc' dir='ltr'><strong>καὶ</strong></span> 
     </span>
    </p>
   </div>
   <div class='ocr_carea' id='block_1_93' title="bbox 405 4571 1985 4640">
    <p class='ocr_par' dir='ltr' id='par_1_93' title="bbox 405 4571 1985 4640">
     <span class='ocr_line' id='line_1_93' title="bbox 405 4571 1985 4640; baseline -0.011 -2"><span class='ocrx_word' id='word_1_667' title='bbox 405 4597 531 4638; x_wconf 90' lang='lat' dir='ltr'><strong>nem</strong></span> <span class='ocrx_word' id='word_1_668' title='bbox 556 4579 775 4636; x_wconf 86' lang='lat' dir='ltr'><strong>virtutis</strong></span> <span class='ocrx_word' id='word_1_669' title='bbox 797 4596 810 4633; x_wconf 89' lang='lat'>:</span> <span class='ocrx_word' id='word_1_670' title='bbox 829 4588 883 4632; x_wconf 91' lang='lat' dir='ltr'><strong>et</strong></span> <span class='ocrx_word' id='word_1_671' title='bbox 912 4592 1016 4632; x_wconf 89' lang='lat' dir='ltr'><strong>non</strong></span> <span class='ocrx_word' id='word_1_672' title='bbox 1042 4576 1143 4630; x_wconf 88' lang='lat' dir='ltr'><strong>iste</strong></span> <span class='ocrx_word' id='word_1_673' title='bbox 1169 4574 1401 4629; x_wconf 87' lang='lat' dir='ltr'><strong>libenter</strong></span> <span class='ocrx_word' id='word_1_674' title='bbox 1420 4571 1830 4640; x_wconf 84' lang='lat' dir='ltr'><strong>castigationem</strong></span> <span class='ocrx_word' id='word_1_675' title='bbox 1853 4583 1985 4625; x_wconf 90' lang='lat' dir='ltr'><strong>con-</strong></span> 
     </span>
    </p>
   </div>
   <div class='ocr_carea' id='block_1_94' title="bbox 404 4664 1982 4743">
    <p class='ocr_par' dir='ltr' id='par_1_94' title="bbox 404 4664 1982 4743">
     <span class='ocr_line' id='line_1_94' title="bbox 404 4664 1982 4743; baseline -0.01 -14"><span class='ocrx_word' id='word_1_676' title='bbox 404 4674 703 4743; x_wconf 87' lang='lat' dir='ltr'><strong>templatus</strong></span> <span class='ocrx_word' id='word_1_677' title='bbox 722 4678 869 4726; x_wconf 85' lang='lat' dir='ltr'><strong>esset</strong></span> <span class='ocrx_word' id='word_1_678' title='bbox 891 4666 1119 4733; x_wconf 90' lang='lat' dir='ltr'><strong>inimici,</strong></span> <span class='ocrx_word' id='word_1_679' title='bbox 1140 4666 1341 4722; x_wconf 90' lang='lat' dir='ltr'><strong>nedum</strong></span> <span class='ocrx_word' id='word_1_680' title='bbox 1364 4664 1495 4736; x_wconf 91' lang='lat' dir='ltr'><strong>quid</strong></span> <span class='ocrx_word' id='word_1_681' title='bbox 1520 4677 1739 4718; x_wconf 89' lang='lat' dir='ltr'><strong>sumere</strong></span> <span class='ocrx_word' id='word_1_682' title='bbox 1754 4669 1982 4733; x_wconf 70' lang='lat' dir='ltr'><strong>quaerat;</strong></span> 
     </span>
    </p>
   </div>
   <div class='ocr_carea' id='block_1_95' title="bbox 405 4751 1983 4831">
    <p class='ocr_par' dir='ltr' id='par_1_95' title="bbox 405 4751 1983 4831">
     <span class='ocr_line' id='line_1_95' title="bbox 405 4751 1983 4831; baseline -0.008 -14"><span class='ocrx_word' id='word_1_683' title='bbox 405 4763 519 4820; x_wconf 89' lang='lat' dir='ltr'><strong>Deo</strong></span> <span class='ocrx_word' id='word_1_684' title='bbox 543 4772 725 4819; x_wconf 86' lang='lat' dir='ltr'><strong>autem</strong></span> <span class='ocrx_word' id='word_1_685' title='bbox 748 4761 1032 4831; x_wconf 88' lang='lat' dir='ltr'><strong>judicante</strong></span> <span class='ocrx_word' id='word_1_686' title='bbox 1052 4768 1106 4815; x_wconf 89' lang='lat' dir='ltr'><strong>et</strong></span> <span class='ocrx_word' id='word_1_687' title='bbox 1147 4757 1390 4813; x_wconf 86' lang='lat' dir='ltr'><strong>rationes</strong></span> <span class='ocrx_word' id='word_1_688' title='bbox 1424 4756 1673 4826; x_wconf 79' lang='lat' dir='ltr'><strong>exigente</strong></span> <span class='ocrx_word' id='word_1_689' title='bbox 1706 4753 1775 4808; x_wconf 87' lang='lat' dir='ltr'><strong>ab</strong></span> <span class='ocrx_word' id='word_1_690' title='bbox 1794 4768 1861 4808; x_wconf 91' lang='lat' dir='ltr'><strong>eo</strong></span> <span class='ocrx_word' id='word_1_691' title='bbox 1890 4751 1983 4822; x_wconf 91' lang='lat' dir='ltr'><strong>qui</strong></span> 
     </span>
    </p>
   </div>
   <div class='ocr_carea' id='block_1_96' title="bbox 404 4844 1983 4931">
    <p class='ocr_par' dir='ltr' id='par_1_96' title="bbox 404 4844 1983 4931">
     <span class='ocr_line' id='line_1_96' title="bbox 404 4844 1983 4931; baseline -0.009 -18"><span class='ocrx_word' id='word_1_692' title='bbox 404 4858 662 4928; x_wconf 87' lang='lat' dir='ltr'><strong>iujuriam</strong></span> <span class='ocrx_word' id='word_1_693' title='bbox 686 4858 893 4922; x_wconf 89' lang='lat' dir='ltr'><strong>intulit,</strong></span> <span class='ocrx_word' id='word_1_694' title='bbox 914 4856 1160 4927; x_wconf 86' lang='lat' dir='ltr'><strong>ejusdem</strong></span> <span class='ocrx_word' id='word_1_695' title='bbox 1182 4861 1330 4910; x_wconf 87' lang='lat' dir='ltr'><strong>esset</strong></span> <span class='ocrx_word' id='word_1_696' title='bbox 1347 4861 1401 4909; x_wconf 89' lang='lat' dir='ltr'><strong>et</strong></span> <span class='ocrx_word' id='word_1_697' title='bbox 1417 4866 1544 4931; x_wconf 84' lang='lat' dir='ltr'><strong>erga</strong></span> <span class='ocrx_word' id='word_1_698' title='bbox 1566 4850 1728 4904; x_wconf 91' lang='lat' dir='ltr'><strong>Deum</strong></span> <span class='ocrx_word' id='word_1_699' title='bbox 1761 4844 1983 4917; x_wconf 87' lang='lat' dir='ltr'><strong>pietatis</strong></span> 
     </span>
    </p>
   </div>
   <div class='ocr_carea' id='block_1_97' title="bbox 405 4937 1979 5020">
    <p class='ocr_par' dir='ltr' id='par_1_97' title="bbox 405 4937 1979 5020">
     <span class='ocr_line' id='line_1_97' title="bbox 405 4937 1979 5020; baseline -0.01 -17"><span class='ocrx_word' id='word_1_700' title='bbox 405 4962 517 5005; x_wconf 91' lang='lat' dir='ltr'><strong>non</strong></span> <span class='ocrx_word' id='word_1_701' title='bbox 565 4949 804 5005; x_wconf 85' lang='lat' dir='ltr'><strong>rationes</strong></span> <span class='ocrx_word' id='word_1_702' title='bbox 844 4949 1061 5020; x_wconf 82' lang='lat' dir='ltr'><strong>exigere</strong></span> <span class='ocrx_word' id='word_1_703' title='bbox 1094 4963 1127 5003; x_wconf 77' lang='grc' dir='ltr'><strong>α</strong></span> <span class='ocrx_word' id='word_1_704' title='bbox 1170 4946 1375 5017; x_wconf 89' lang='lat' dir='ltr'><strong>judice,</strong></span> <span class='ocrx_word' id='word_1_705' title='bbox 1417 4959 1518 4999; x_wconf 89' lang='lat' dir='ltr'><strong>nec</strong></span> <span class='ocrx_word' id='word_1_706' title='bbox 1549 4956 1676 5011; x_wconf 88' lang='lat' dir='ltr'><strong>erga</strong></span> <span class='ocrx_word' id='word_1_707' title='bbox 1711 4937 1979 5011; x_wconf 86' lang='lat' dir='ltr'><strong>judicium</strong></span> 
     </span>
    </p>
   </div>
   <div class='ocr_carea' id='block_1_98' title="bbox 407 5041 761 5106">
    <p class='ocr_par' dir='ltr' id='par_1_98' title="bbox 407 5041 761 5106">
     <span class='ocr_line' id='line_1_98' title="bbox 407 5041 761 5106; baseline -0.006 -9"><span class='ocrx_word' id='word_1_708' title='bbox 407 5041 761 5106; x_wconf 75' lang='lat' dir='ltr'><strong>stomachari,</strong></span> 
     </span>
    </p>
   </div>
   <div class='ocr_carea' id='block_1_99' title="bbox 476 5188 1987 5287">
    <p class='ocr_par' dir='ltr' id='par_1_99' title="bbox 476 5188 1987 5287">
     <span class='ocr_line' id='line_1_99' title="bbox 476 5188 1987 5287; baseline -0.002 -18"><span class='ocrx_word' id='word_1_709' title='bbox 476 5215 723 5271; x_wconf 87' lang='lat' dir='ltr'><strong>Alterum</strong></span> <span class='ocrx_word' id='word_1_710' title='bbox 782 5216 949 5285; x_wconf 83' lang='lat' dir='ltr'><strong>igitur</strong></span> <span class='ocrx_word' id='word_1_711' title='bbox 997 5216 1165 5281; x_wconf 91' lang='lat' dir='ltr'><strong>illius,</strong></span> <span class='ocrx_word' id='word_1_712' title='bbox 1195 5188 1463 5287; x_wconf 72' lang='lat' dir='ltr'><strong>congeras,</strong></span> <span class='ocrx_word' id='word_1_713' title='bbox 1507 5188 1868 5284; x_wconf 83' lang='lat' dir='ltr'><strong>significatum</strong></span> <span class='ocrx_word' id='word_1_714' title='bbox 1922 5227 1987 5268; x_wconf 85' lang='lat' dir='ltr'><strong>ac</strong></span> 
     </span>
    </p>
   </div>
   <div class='ocr_carea' id='block_1_100' title="bbox 405 5305 1987 5377">
    <p class='ocr_par' dir='ltr' id='par_1_100' title="bbox 405 5305 1987 5377">
     <span class='ocr_line' id='line_1_100' title="bbox 405 5305 1987 5377; baseline -0.003 -14"><span class='ocrx_word' id='word_1_715' title='bbox 405 5308 570 5363; x_wconf 86' lang='lat' dir='ltr'><strong>talem</strong></span> <span class='ocrx_word' id='word_1_716' title='bbox 594 5322 694 5363; x_wconf 84' lang='lat' dir='ltr'><strong>nos</strong></span> <span class='ocrx_word' id='word_1_717' title='bbox 719 5307 987 5362; x_wconf 87' lang='lat' dir='ltr'><strong>theoriam</strong></span> <span class='ocrx_word' id='word_1_718' title='bbox 1019 5308 1371 5363; x_wconf 85' lang='lat' dir='ltr'><strong>transmittit:</strong></span> <span class='ocrx_word' id='word_1_719' title='bbox 1404 5306 1670 5377; x_wconf 87' lang='lat' dir='ltr'><strong>reliquum</strong></span> <span class='ocrx_word' id='word_1_720' title='bbox 1692 5320 1821 5360; x_wconf 89' lang='lat' dir='ltr'><strong>vero</strong></span> <span class='ocrx_word' id='word_1_721' title='bbox 1841 5305 1987 5375; x_wconf 89' lang='lat' dir='ltr'><strong>quod</strong></span> 
     </span>
    </p>
   </div>
   <div class='ocr_carea' id='block_1_101' title="bbox 405 5402 1984 5474">
    <p class='ocr_par' dir='ltr' id='par_1_101' title="bbox 405 5402 1984 5474">
     <span class='ocr_line' id='line_1_101' title="bbox 405 5402 1984 5474; baseline -0.004 -13"><span class='ocrx_word' id='word_1_722' title='bbox 405 5402 698 5473; x_wconf 71' lang='lat' dir='ltr'><strong>signiﬁcat,</strong></span> <span class='ocrx_word' id='word_1_723' title='bbox 731 5420 998 5474; x_wconf 68' lang='lat' dir='ltr'><strong>congeras,</strong></span> <span class='ocrx_word' id='word_1_724' title='bbox 1033 5413 1087 5458; x_wconf 91' lang='lat' dir='ltr'><strong>et</strong></span> <span class='ocrx_word' id='word_1_725' title='bbox 1136 5404 1404 5468; x_wconf 70' lang='lat' dir='ltr'><strong>detrahas,</strong></span> <span class='ocrx_word' id='word_1_726' title='bbox 1433 5412 1487 5458; x_wconf 89' lang='lat' dir='ltr'><strong>et</strong></span> <span class='ocrx_word' id='word_1_727' title='bbox 1517 5402 1762 5456; x_wconf 82' lang='lat' dir='ltr'><strong>liberabis</strong></span> <span class='ocrx_word' id='word_1_728' title='bbox 1801 5419 1834 5455; x_wconf 74' lang='grc' dir='ltr'><strong>τι</strong></span> <span class='ocrx_word' id='word_1_729' title='bbox 1860 5419 1984 5455; x_wconf 86' lang='lat' dir='ltr'><strong>car-</strong></span> 
     </span>
    </p>
   </div>
   <div class='ocr_carea' id='block_1_102' title="bbox 406 5492 1987 5563">
    <p class='ocr_par' dir='ltr' id='par_1_102' title="bbox 406 5492 1987 5563">
     <span class='ocr_line' id='line_1_102' title="bbox 406 5492 1987 5563; baseline -0.001 -16"><span class='ocrx_word' id='word_1_730' title='bbox 406 5492 628 5548; x_wconf 78' lang='lat' dir='ltr'><strong>bonibus</strong></span> <span class='ocrx_word' id='word_1_731' title='bbox 668 5494 894 5549; x_wconf 81' lang='lat' dir='ltr'><strong>odientis</strong></span> <span class='ocrx_word' id='word_1_732' title='bbox 936 5506 1118 5563; x_wconf 83' lang='lat' dir='ltr'><strong>caput,</strong></span> <span class='ocrx_word' id='word_1_733' title='bbox 1150 5494 1311 5547; x_wconf 87' lang='lat' dir='ltr'><strong>talem</strong></span> <span class='ocrx_word' id='word_1_734' title='bbox 1342 5493 1633 5548; x_wconf 85' lang='lat' dir='ltr'><strong>verborum</strong></span> <span class='ocrx_word' id='word_1_735' title='bbox 1667 5492 1775 5546; x_wconf 88' lang='lat' dir='ltr'><strong>vim</strong></span> <span class='ocrx_word' id='word_1_736' title='bbox 1801 5501 1987 5547; x_wconf 90' lang='lat' dir='ltr'><strong>osten-</strong></span> 
     </span>
    </p>
   </div>
   <div class='ocr_carea' id='block_1_103' title="bbox 404 5585 1988 5654">
    <p class='ocr_par' dir='ltr' id='par_1_103' title="bbox 404 5585 1988 5654">
     <span class='ocr_line' id='line_1_103' title="bbox 404 5585 1988 5654; baseline -0.002 -12"><span class='ocrx_word' id='word_1_737' title='bbox 404 5586 547 5643; x_wconf 85' lang='lat' dir='ltr'><strong>derit</strong></span> <span class='ocrx_word' id='word_1_738' title='bbox 602 5586 776 5652; x_wconf 85' lang='lat' dir='ltr'><strong>forte;</strong></span> <span class='ocrx_word' id='word_1_739' title='bbox 810 5586 1176 5654; x_wconf 86' lang='lat' dir='ltr'><strong>benefaciens,</strong></span> <span class='ocrx_word' id='word_1_740' title='bbox 1236 5585 1331 5651; x_wconf 84' lang='lat' dir='ltr'><strong>ait,</strong></span> <span class='ocrx_word' id='word_1_741' title='bbox 1375 5596 1429 5640; x_wconf 87' lang='lat' dir='ltr'><strong>et</strong></span> <span class='ocrx_word' id='word_1_742' title='bbox 1474 5586 1616 5640; x_wconf 87' lang='lat' dir='ltr'><strong>bona</strong></span> <span class='ocrx_word' id='word_1_743' title='bbox 1683 5585 1988 5641; x_wconf 86' lang='lat' dir='ltr'><strong>retribueus</strong></span> 
     </span>
    </p>
   </div>
   <div class='ocr_carea' id='block_1_104' title="bbox 406 5678 1989 5751">
    <p class='ocr_par' dir='ltr' id='par_1_104' title="bbox 406 5678 1989 5751">
     <span class='ocr_line' id='line_1_104' title="bbox 406 5678 1989 5751; baseline 0 -18"><span class='ocrx_word' id='word_1_744' title='bbox 406 5679 1019 5751; x_wconf 87' lang='lat' dir='ltr'><strong>iuimico,depasccntes</strong></span> <span class='ocrx_word' id='word_1_745' title='bbox 1044 5680 1310 5737; x_wconf 84' lang='lat' dir='ltr'><strong>carbones</strong></span> <span class='ocrx_word' id='word_1_746' title='bbox 1333 5688 1386 5735; x_wconf 89' lang='lat' dir='ltr'><strong>ct</strong></span> <span class='ocrx_word' id='word_1_747' title='bbox 1416 5678 1579 5735; x_wconf 88' lang='lat' dir='ltr'><strong>citius</strong></span> <span class='ocrx_word' id='word_1_748' title='bbox 1601 5678 1989 5747; x_wconf 85' lang='lat' dir='ltr'><strong>absumpturos</strong></span> 
     </span>
    </p>
   </div>
   <div class='ocr_carea' id='block_1_105' title="bbox 476 5774 1000 5863">
    <p class='ocr_par' dir='ltr' id='par_1_105' title="bbox 476 5774 1000 5863">
     <span class='ocr_line' id='line_1_105' title="bbox 476 5774 1000 5863; baseline 0.004 -16"><span class='ocrx_word' id='word_1_749' title='bbox 476 5793 545 5825; x_wconf 71' lang='grc' dir='ltr'><strong>θ’·</strong></span> <span class='ocrx_word' id='word_1_750' title='bbox 580 5792 741 5850; x_wconf 75' lang='lat' dir='ltr'><strong>item.</strong></span> <span class='ocrx_word' id='word_1_751' title='bbox 778 5774 885 5863; x_wconf 59' lang='grc' dir='ltr'><strong>ἆυ,</strong></span> <span class='ocrx_word' id='word_1_752' title='bbox 922 5794 1000 5849; x_wconf 82' lang='grc'><strong>19.</strong></span> 
     </span>
    </p>
   </div>
   <div class='ocr_carea' id='block_1_106' title="bbox 2093 4572 3662 4646">
    <p class='ocr_par' dir='ltr' id='par_1_106' title="bbox 2093 4572 3662 4646">
     <span class='ocr_line' id='line_1_106' title="bbox 2093 4572 3662 4646; baseline -0.002 -21"><span class='ocrx_word' id='word_1_753' title='bbox 2093 4572 2181 4627; x_wconf 82' lang='grc' dir='ltr'><strong>διὰ</strong></span> <span class='ocrx_word' id='word_1_754' title='bbox 2205 4572 2267 4626; x_wconf 79' lang='grc' dir='ltr'><strong>τὸ</strong></span> <span class='ocrx_word' id='word_1_755' title='bbox 2293 4572 2630 4643; x_wconf 78' lang='grc' dir='ltr'><strong>ὁμοιωθῆναι</strong></span> <span class='ocrx_word' id='word_1_756' title='bbox 2671 4573 2751 4642; x_wconf 81' lang='grc' dir='ltr'><strong>τῷ</strong></span> <span class='ocrx_word' id='word_1_757' title='bbox 2781 4575 2957 4646; x_wconf 72' lang='grc' dir='ltr'><strong>Πατρὶ</strong></span> <span class='ocrx_word' id='word_1_758' title='bbox 2986 4576 3144 4645; x_wconf 80' lang='grc' dir='ltr'><strong>ἠμῶν</strong></span> <span class='ocrx_word' id='word_1_759' title='bbox 3165 4575 3243 4646; x_wconf 83' lang='grc' dir='ltr'><strong>τῷ</strong></span> <span class='ocrx_word' id='word_1_760' title='bbox 3282 4578 3340 4628; x_wconf 86' lang='grc' dir='ltr'><strong>ἐν</strong></span> <span class='ocrx_word' id='word_1_761' title='bbox 3372 4578 3491 4640; x_wconf 86' lang='grc' dir='ltr'><strong>τοῖς</strong></span> <span class='ocrx_word' id='word_1_762' title='bbox 3513 4573 3662 4643; x_wconf 78' lang='grc' dir='ltr'><strong>οὐρα-</strong></span> 
     </span>
    </p>
   </div>
   <div class='ocr_carea' id='block_1_107' title="bbox 2093 4663 3658 4739">
    <p class='ocr_par' dir='ltr' id='par_1_107' title="bbox 2093 4663 3658 4739">
     <span class='ocr_line' id='line_1_107' title="bbox 2093 4663 3658 4739; baseline 0.003 -21"><span class='ocrx_word' id='word_1_763' title='bbox 2093 4667 2227 4731; x_wconf 83' lang='grc' dir='ltr'><strong>νοῖς,</strong></span> <span class='ocrx_word' id='word_1_764' title='bbox 2259 4663 2354 4719; x_wconf 81' lang='grc' dir='ltr'><strong>τοῦ</strong></span> <span class='ocrx_word' id='word_1_765' title='bbox 2379 4665 2681 4735; x_wconf 83' lang='grc' dir='ltr'><strong>φθάσαντός</strong></span> <span class='ocrx_word' id='word_1_766' title='bbox 2713 4666 2861 4719; x_wconf 82' lang='grc' dir='ltr'><strong>ἐστιν</strong></span> <span class='ocrx_word' id='word_1_767' title='bbox 2895 4669 2973 4731; x_wconf 77' lang='grc' dir='ltr'><strong>εἰς</strong></span> <span class='ocrx_word' id='word_1_768' title='bbox 2997 4667 3060 4720; x_wconf 84' lang='grc' dir='ltr'><strong>τὸ</strong></span> <span class='ocrx_word' id='word_1_769' title='bbox 3096 4667 3299 4721; x_wconf 83' lang='grc' dir='ltr'><strong>τέλειον</strong></span> <span class='ocrx_word' id='word_1_770' title='bbox 3332 4668 3437 4737; x_wconf 78' lang='grc' dir='ltr'><strong>τῆς</strong></span> <span class='ocrx_word' id='word_1_771' title='bbox 3457 4667 3658 4739; x_wconf 80' lang='grc' dir='ltr'><strong>ἀρετῆς’</strong></span> 
     </span>
    </p>
   </div>
   <div class='ocr_carea' id='block_1_108' title="bbox 2092 4751 3659 4829">
    <p class='ocr_par' dir='ltr' id='par_1_108' title="bbox 2092 4751 3659 4829">
     <span class='ocr_line' id='line_1_108' title="bbox 2092 4751 3659 4829; baseline 0.001 -18"><span class='ocrx_word' id='word_1_772' title='bbox 2092 4756 2190 4811; x_wconf 77' lang='grc' dir='ltr'><strong>καὶ</strong></span> <span class='ocrx_word' id='word_1_773' title='bbox 2251 4756 2352 4810; x_wconf 89' lang='grc' dir='ltr'><strong>οὐκ</strong></span> <span class='ocrx_word' id='word_1_774' title='bbox 2391 4757 2456 4811; x_wconf 84' lang='grc' dir='ltr'><strong>ἂν</strong></span> <span class='ocrx_word' id='word_1_775' title='bbox 2511 4751 2666 4819; x_wconf 72' lang='grc' dir='ltr'><strong>οὗτος</strong></span> <span class='ocrx_word' id='word_1_776' title='bbox 2722 4757 2891 4828; x_wconf 78' lang='grc' dir='ltr'><strong>ἡδέως</strong></span> <span class='ocrx_word' id='word_1_777' title='bbox 2946 4760 3217 4829; x_wconf 79' lang='grc' dir='ltr'><strong>τιμωρίαν</strong></span> <span class='ocrx_word' id='word_1_778' title='bbox 3277 4759 3529 4814; x_wconf 86' lang='grc' dir='ltr'><strong>θεάσαιτο</strong></span> <span class='ocrx_word' id='word_1_779' title='bbox 3578 4752 3659 4805; x_wconf 66' lang='grc' dir='ltr'><strong>τοῦ</strong></span> 
     </span>
    </p>
   </div>
   <div class='ocr_carea' id='block_1_109' title="bbox 2091 4846 3659 4920">
    <p class='ocr_par' dir='ltr' id='par_1_109' title="bbox 2091 4846 3659 4920">
     <span class='ocr_line' id='line_1_109' title="bbox 2091 4846 3659 4920; baseline -0.001 -21"><span class='ocrx_word' id='word_1_780' title='bbox 2091 4846 2311 4918; x_wconf 80' lang='grc' dir='ltr'><strong>ἐχθροῦ,</strong></span> <span class='ocrx_word' id='word_1_781' title='bbox 2347 4848 2494 4919; x_wconf 84' lang='grc' dir='ltr'><strong>μήτι</strong></span> <span class='ocrx_word' id='word_1_782' title='bbox 2523 4864 2588 4916; x_wconf 90' lang='grc' dir='ltr'><strong>γε</strong></span> <span class='ocrx_word' id='word_1_783' title='bbox 2616 4847 2801 4900; x_wconf 84' lang='grc' dir='ltr'><strong>λαϐεῖν</strong></span> <span class='ocrx_word' id='word_1_784' title='bbox 2833 4847 3155 4919; x_wconf 80' lang='grc' dir='ltr'><strong>ἐπιζητήσει</strong></span> <span class='ocrx_word' id='word_1_785' title='bbox 3175 4864 3189 4879; x_wconf 90' lang='grc'>·</span> <span class='ocrx_word' id='word_1_786' title='bbox 3216 4846 3354 4901; x_wconf 80' lang='grc' dir='ltr'><strong>Θεοῦ</strong></span> <span class='ocrx_word' id='word_1_787' title='bbox 3385 4848 3444 4901; x_wconf 78' lang='grc' dir='ltr'><strong>δὲ</strong></span> <span class='ocrx_word' id='word_1_788' title='bbox 3471 4846 3659 4920; x_wconf 82' lang='grc' dir='ltr'><strong>κρίνον-</strong></span> 
     </span>
    </p>
   </div>
   <div class='ocr_carea' id='block_1_110' title="bbox 2089 4933 3658 5009">
    <p class='ocr_par' dir='ltr' id='par_1_110' title="bbox 2089 4933 3658 5009">
     <span class='ocr_line' id='line_1_110' title="bbox 2089 4933 3658 5009; baseline 0.002 -18"><span class='ocrx_word' id='word_1_789' title='bbox 2089 4956 2181 5002; x_wconf 86' lang='grc' dir='ltr'><strong>τος</strong></span> <span class='ocrx_word' id='word_1_790' title='bbox 2204 4938 2301 4993; x_wconf 59' lang='lat' dir='ltr'><strong>xxi.</strong></span> <span class='ocrx_word' id='word_1_791' title='bbox 2328 4939 2429 5002; x_wconf 84' lang='grc' dir='ltr'><strong>τὰς</strong></span> <span class='ocrx_word' id='word_1_792' title='bbox 2462 4938 2697 5002; x_wconf 82' lang='grc' dir='ltr'><strong>εὐθύνας</strong></span> <span class='ocrx_word' id='word_1_793' title='bbox 2724 4938 3083 5003; x_wconf 77' lang='grc' dir='ltr'><strong>ἀπαιτοῦντος</strong></span> <span class='ocrx_word' id='word_1_794' title='bbox 3114 4939 3205 4993; x_wconf 80' lang='grc' dir='ltr'><strong>τὸν</strong></span> <span class='ocrx_word' id='word_1_795' title='bbox 3232 4939 3548 5009; x_wconf 78' lang='grc' dir='ltr'><strong>ἠδικηκότα,</strong></span> <span class='ocrx_word' id='word_1_796' title='bbox 3572 4933 3658 5003; x_wconf 82' lang='grc' dir='ltr'><strong>τῆς</strong></span> 
     </span>
    </p>
   </div>
   <div class='ocr_carea' id='block_1_111' title="bbox 2083 5026 3655 5103">
    <p class='ocr_par' dir='ltr' id='par_1_111' title="bbox 2083 5026 3655 5103">
     <span class='ocr_line' id='line_1_111' title="bbox 2083 5026 3655 5103; baseline -0.006 -18"><span class='ocrx_word' id='word_1_797' title='bbox 2083 5032 2254 5103; x_wconf 84' lang='grc' dir='ltr'><strong>αὐτῆς</strong></span> <span class='ocrx_word' id='word_1_798' title='bbox 2308 5031 2376 5086; x_wconf 85' lang='grc' dir='ltr'><strong>ἂν</strong></span> <span class='ocrx_word' id='word_1_799' title='bbox 2409 5032 2497 5103; x_wconf 71' lang='grc' dir='ltr'><strong>εἴη</strong></span> <span class='ocrx_word' id='word_1_800' title='bbox 2544 5032 2738 5103; x_wconf 81' lang='grc' dir='ltr'><strong>φρενὸς</strong></span> <span class='ocrx_word' id='word_1_801' title='bbox 2777 5033 2870 5085; x_wconf 74' lang='grc' dir='ltr'><strong>καὶ</strong></span> <span class='ocrx_word' id='word_1_802' title='bbox 2908 5031 3219 5096; x_wconf 85' lang='grc' dir='ltr'><strong>θεοσεϐείας</strong></span> <span class='ocrx_word' id='word_1_803' title='bbox 3261 5033 3336 5103; x_wconf 86' lang='grc' dir='ltr'><strong>μὴ</strong></span> <span class='ocrx_word' id='word_1_804' title='bbox 3378 5026 3655 5101; x_wconf 79' lang='grc' dir='ltr'><strong>λογοθιτεῖν</strong></span> 
     </span>
    </p>
   </div>
   <div class='ocr_carea' id='block_1_112' title="bbox 2084 5102 3712 5196">
    <p class='ocr_par' dir='ltr' id='par_1_112' title="bbox 2084 5102 3712 5196">
     <span class='ocr_line' id='line_1_112' title="bbox 2084 5102 3712 5196; baseline 0.001 -19"><span class='ocrx_word' id='word_1_805' title='bbox 2084 5126 2177 5177; x_wconf 73' lang='grc' dir='ltr'><strong>τὸν</strong></span> <span class='ocrx_word' id='word_1_806' title='bbox 2200 5102 2415 5196; x_wconf 79' lang='grc' dir='ltr'><strong>κριτὴν,</strong></span> <span class='ocrx_word' id='word_1_807' title='bbox 2448 5102 2744 5196; x_wconf 13' lang='grc' dir='ltr'><strong>μηδὲγπρὸς</strong></span> <span class='ocrx_word' id='word_1_808' title='bbox 2774 5124 2874 5194; x_wconf 79' lang='grc' dir='ltr'><strong>τὴν</strong></span> <span class='ocrx_word' id='word_1_809' title='bbox 2899 5122 3081 5194; x_wconf 74' lang='grc' dir='ltr'><strong>κρίσιν</strong></span> <span class='ocrx_word' id='word_1_810' title='bbox 3112 5102 3509 5194; x_wconf 83' lang='grc' dir='ltr'><strong>δυσχεραίνειν.</strong></span> <span class='ocrx_word' id='word_1_811' title='bbox 3703 5102 3712 5147; x_wconf 53' lang='grc'>³</span> 
     </span>
    </p>
   </div>
   <div class='ocr_carea' id='block_1_113' title="bbox 2158 5212 3654 5287">
    <p class='ocr_par' dir='ltr' id='par_1_113' title="bbox 2158 5212 3654 5287">
     <span class='ocr_line' id='line_1_113' title="bbox 2158 5212 3654 5287; baseline -0.005 -18"><span class='ocrx_word' id='word_1_812' title='bbox 2158 5216 2233 5270; x_wconf 83' lang='grc' dir='ltr'><strong>Τὸ</strong></span> <span class='ocrx_word' id='word_1_813' title='bbox 2261 5216 2359 5287; x_wconf 81' lang='grc' dir='ltr'><strong>μὲν</strong></span> <span class='ocrx_word' id='word_1_814' title='bbox 2390 5212 2482 5270; x_wconf 83' lang='grc' dir='ltr'><strong>οὖν</strong></span> <span class='ocrx_word' id='word_1_815' title='bbox 2510 5215 2699 5286; x_wconf 72' lang='grc' dir='ltr'><strong>ἕτερον</strong></span> <span class='ocrx_word' id='word_1_816' title='bbox 2730 5215 2847 5280; x_wconf 85' lang='grc' dir='ltr'><strong>τοῦ,</strong></span> <span class='ocrx_word' id='word_1_817' title='bbox 2889 5216 3241 5283; x_wconf 81' lang='grc' dir='ltr'><strong>Σωρεύσεις,</strong></span> <span class='ocrx_word' id='word_1_818' title='bbox 3276 5215 3654 5287; x_wconf 82' lang='grc' dir='ltr'><strong>σημαινόμενον</strong></span> 
     </span>
    </p>
   </div>
   <div class='ocr_carea' id='block_1_114' title="bbox 2088 5302 3652 5381">
    <p class='ocr_par' dir='ltr' id='par_1_114' title="bbox 2088 5302 3652 5381">
     <span class='ocr_line' id='line_1_114' title="bbox 2088 5302 3652 5381; baseline -0.006 -18"><span class='ocrx_word' id='word_1_819' title='bbox 2088 5310 2227 5381; x_wconf 84' lang='grc' dir='ltr'><strong>πρὸς</strong></span> <span class='ocrx_word' id='word_1_820' title='bbox 2256 5308 2513 5380; x_wconf 80' lang='grc' dir='ltr'><strong>τοιαύτην</strong></span> <span class='ocrx_word' id='word_1_821' title='bbox 2541 5309 2687 5378; x_wconf 80' lang='grc' dir='ltr'><strong>ἡμᾶς</strong></span> <span class='ocrx_word' id='word_1_822' title='bbox 2717 5306 2951 5378; x_wconf 87' lang='grc' dir='ltr'><strong>θεωρίαν</strong></span> <span class='ocrx_word' id='word_1_823' title='bbox 2973 5308 3338 5378; x_wconf 79' lang='grc' dir='ltr'><strong>παραπέμπει</strong></span> <span class='ocrx_word' id='word_1_824' title='bbox 3358 5321 3373 5336; x_wconf 88' lang='grc'><strong>·</strong></span> <span class='ocrx_word' id='word_1_825' title='bbox 3413 5307 3474 5361; x_wconf 72' lang='grc' dir='ltr'><strong>τὺ</strong></span> <span class='ocrx_word' id='word_1_826' title='bbox 3494 5302 3652 5360; x_wconf 84' lang='grc' dir='ltr'><strong>δέλοι-</strong></span> 
     </span>
    </p>
   </div>
   <div class='ocr_carea' id='block_1_115' title="bbox 2086 5390 3651 5474">
    <p class='ocr_par' dir='ltr' id='par_1_115' title="bbox 2086 5390 3651 5474">
     <span class='ocr_line' id='line_1_115' title="bbox 2086 5390 3651 5474; baseline -0.006 -19"><span class='ocrx_word' id='word_1_827' title='bbox 2086 5403 2188 5455; x_wconf 85' lang='grc' dir='ltr'><strong>πὸν</strong></span> <span class='ocrx_word' id='word_1_828' title='bbox 2211 5401 2241 5455; x_wconf 84' lang='grc' dir='ltr'><strong>δ</strong></span> <span class='ocrx_word' id='word_1_829' title='bbox 2267 5400 2542 5474; x_wconf 81' lang='grc' dir='ltr'><strong>σημαίνει,</strong></span> <span class='ocrx_word' id='word_1_830' title='bbox 2564 5400 2647 5467; x_wconf 81' lang='grc' dir='ltr'><strong>τὸ,</strong></span> <span class='ocrx_word' id='word_1_831' title='bbox 2675 5398 3085 5466; x_wconf 77' lang='grc' dir='ltr'><strong>ἐπισυνάξεις,</strong></span> <span class='ocrx_word' id='word_1_832' title='bbox 3116 5400 3210 5453; x_wconf 78' lang='grc' dir='ltr'><strong>καὶ</strong></span> <span class='ocrx_word' id='word_1_833' title='bbox 3234 5401 3547 5467; x_wconf 72' lang='grc' dir='ltr'><strong>περιέλοις,</strong></span> <span class='ocrx_word' id='word_1_834' title='bbox 3574 5390 3651 5446; x_wconf 80' lang='grc' dir='ltr'><strong>καὶ</strong></span> 
     </span>
    </p>
   </div>
   <div class='ocr_carea' id='block_1_116' title="bbox 2089 5490 3649 5561">
    <p class='ocr_par' dir='ltr' id='par_1_116' title="bbox 2089 5490 3649 5561">
     <span class='ocr_line' id='line_1_116' title="bbox 2089 5490 3649 5561; baseline -0.008 -10"><span class='ocrx_word' id='word_1_835' title='bbox 2089 5493 2463 5559; x_wconf 75' lang='grc' dir='ltr'><strong>ἀπαλλάξεις</strong></span> <span class='ocrx_word' id='word_1_836' title='bbox 2518 5491 2638 5546; x_wconf 73' lang='grc' dir='ltr'><strong>τῶν</strong></span> <span class='ocrx_word' id='word_1_837' title='bbox 2687 5492 3004 5561; x_wconf 74' lang='grc' dir='ltr'><strong>ἀνθράκων</strong></span> <span class='ocrx_word' id='word_1_838' title='bbox 3050 5490 3166 5560; x_wconf 79' lang='grc' dir='ltr'><strong>τὴν</strong></span> <span class='ocrx_word' id='word_1_839' title='bbox 3203 5491 3310 5546; x_wconf 84' lang='grc' dir='ltr'><strong>τοῦ</strong></span> <span class='ocrx_word' id='word_1_840' title='bbox 3338 5492 3649 5561; x_wconf 81' lang='grc' dir='ltr'><strong>μισοῦντος</strong></span> 
     </span>
    </p>
   </div>
   <div class='ocr_carea' id='block_1_117' title="bbox 2088 5583 3649 5656">
    <p class='ocr_par' dir='ltr' id='par_1_117' title="bbox 2088 5583 3649 5656">
     <span class='ocr_line' id='line_1_117' title="bbox 2088 5583 3649 5656; baseline -0.002 -17"><span class='ocrx_word' id='word_1_841' title='bbox 2088 5584 2387 5654; x_wconf 73' lang='grc' dir='ltr'><strong>κεφαλὴν,</strong></span> <span class='ocrx_word' id='word_1_842' title='bbox 2424 5584 2678 5656; x_wconf 83' lang='grc' dir='ltr'><strong>τοιαύτην</strong></span> <span class='ocrx_word' id='word_1_843' title='bbox 2722 5584 2788 5637; x_wconf 84' lang='grc' dir='ltr'><strong>ἂν</strong></span> <span class='ocrx_word' id='word_1_844' title='bbox 2833 5584 2933 5654; x_wconf 80' lang='grc' dir='ltr'><strong>τὴν</strong></span> <span class='ocrx_word' id='word_1_845' title='bbox 2963 5584 3072 5637; x_wconf 84' lang='grc' dir='ltr'><strong>τῶν</strong></span> <span class='ocrx_word' id='word_1_846' title='bbox 3130 5584 3395 5655; x_wconf 75' lang='grc' dir='ltr'><strong>ῥημάτων</strong></span> <span class='ocrx_word' id='word_1_847' title='bbox 3445 5583 3649 5649; x_wconf 82' lang='grc' dir='ltr'><strong>δύναμιν</strong></span> 
     </span>
    </p>
   </div>
   <div class='ocr_carea' id='block_1_118' title="bbox 2094 5670 3649 5750">
    <p class='ocr_par' dir='ltr' id='par_1_118' title="bbox 2094 5670 3649 5750">
     <span class='ocr_line' id='line_1_118' title="bbox 2094 5670 3649 5750; baseline -0.005 -18"><span class='ocrx_word' id='word_1_848' title='bbox 2094 5678 2453 5750; x_wconf 82' lang='grc' dir='ltr'><strong>ὑποδηλώσῃ·</strong></span> <span class='ocrx_word' id='word_1_849' title='bbox 2480 5679 2794 5746; x_wconf 83' lang='grc' dir='ltr'><strong>Εὐεογετῶν</strong></span> <span class='ocrx_word' id='word_1_850' title='bbox 2824 5716 2839 5743; x_wconf 85' lang='grc'><em>,</em></span> <span class='ocrx_word' id='word_1_851' title='bbox 2886 5678 3018 5748; x_wconf 75' lang='grc' dir='ltr'><strong>φησὶ</strong></span> <span class='ocrx_word' id='word_1_852' title='bbox 3099 5679 3193 5732; x_wconf 79' lang='grc' dir='ltr'><strong>καὶ</strong></span> <span class='ocrx_word' id='word_1_853' title='bbox 3248 5677 3533 5747; x_wconf 82' lang='grc' dir='ltr'><strong>ἀγαθύνων</strong></span> <span class='ocrx_word' id='word_1_854' title='bbox 3574 5670 3649 5725; x_wconf 76' lang='grc' dir='ltr'><strong>τὸν</strong></span> 
     </span>
    </p>
   </div>
  </div>
