3884 6202
251 281 372 350 389

1250 287 1350 354 AD
1379 289 1973 359 AMPHILOCIIIUM
2013 298 2361 371 QUESTIO
2395 302 2557 366 LIII.

3436 307 3542 373 390

254 403 479 476 ἐχθρὸν,
510 402 637 467 τοὺς
664 375 1146 476 κατανεμομένους
1172 407 1454 480 ἄνθρακας
1501 413 1598 466 καὶ
1654 413 1850 468 θᾶττον

1959 415 2095 507 εχξιιεί
2121 426 2306 487 caput,
2343 419 2450 474 nisi
2498 417 2626 489 quis
2646 418 2715 475 ab
2738 434 2805 476 eo
2845 420 3132 478 abstulerit
3179 429 3234 479 et
3265 423 3543 483 liberatio-

256 497 330 552 ἂν
355 495 782 566 διαφθεροῦντας
823 496 990 551 αὐτοῦ
1024 498 1122 570 τὴν
1145 500 1407 573 κεφαλὴν,
1436 502 1502 559 ἂν
1535 506 1607 576 μή
1645 523 1728 570 τις
1755 508 1853 560 αὺ-

255 587 358 642 τοῦ
391 588 767 659 ἀφαιρήσηται
785 590 881 644 καὶ
904 591 1002 663 τήν
1022 591 1346 666 ἀπαλλαγὴν
1368 596 1688 670 μεθοδεύσῃ,
1711 599 1854 668 μέγα

253 681 324 735 τὸ
351 682 549 753 κέρδος
586 683 680 735 καὶ
708 682 948 754 ψυχικῆς
997 687 1274 758 σωτηρίας
1308 689 1567 760 πρόξενον
1605 693 1847 763 εὑρήσει.

272 770 745 842 Ἀνακαλούμενος
788 774 899 844 γάρ
932 773 1022 828 τὸν
1083 776 1312 846 πλησίον
1376 782 1476 850 τῆς
1534 782 1853 851 σωματικῆς

258 866 361 919 καὶ
401 864 604 934 μᾶλλον
655 865 1036 936 διαϐαινούσης
1064 867 1144 930 είς
1172 867 1270 939 τὴν
1299 869 1476 940 ψυχὴν
1508 871 1714 942 βλάϐης
1761 872 1855 924 καὶ

257 955 544 1020 ἀπωλείας
583 957 718 1026 πρὸς
771 957 872 1027 τὴν
914 958 1010 1011 τοῦ
1040 961 1314 1014 Δεσπότου
1371 961 1606 1034 μίμησίν
1644 980 1705 1016 τε
1760 963 1854 1016 καὶ

257 1047 525 1119 ὁμοίωσιν
558 1048 874 1120 ἀνατρέχειο
913 1050 1093 1134 ψυχὴν
1119 1053 1230 1124 γὰρ
1250 1056 1278 1108 6
1313 1053 1524 1120 σώζων,
1556 1056 1741 1125 φησὶν,
1778 1055 1854 1118 ὡς

256 1141 291 1194 ὸ
321 1140 515 1204 κτίσας
556 1141 748 1212 αὐτήν.
778 1141 900 1206 Πῶς
942 1143 998 1196 δέ
1020 1143 1108 1197 διὰ
1133 1149 1232 1214 τῆς
1257 1147 1575 1218 εὐεργεσίας
1599 1148 1856 1216 συνάγον-

255 1248 354 1285 ται
391 1233 485 1285 καὶ
512 1232 879 1303 ἀποσύρονται
917 1236 1016 1306 τῆς
1052 1235 1532 1307 φιλαπεχθήμονος
1565 1238 1614 1290 οἱ
1651 1237 1854 1310 ἄνθρα-

258 1341 359 1389 κες
390 1326 667 1396 κεφαλής;
698 1326 841 1378 Διότι
871 1331 1044 1398 τροφῇ
1077 1328 1170 1380 καὶ
1196 1328 1344 1398 ποτῷ
1378 1327 1718 1399 δεξιούμενος
1757 1329 1855 1382 καὶ

257 1417 452 1482 ἁπλῶς
498 1419 954 1490 εὐεργετούμενος
997 1422 1025 1474 6
1053 1420 1268 1492 ἐχθρὸς,
1305 1422 1351 1473 εί
1382 1421 1479 1474 καὶ
1508 1419 1583 1491 μὴ
1616 1421 1682 1474 δι’
1721 1420 1855 1474 αὐτὸ

256 1509 324 1563 τὸ
385 1509 566 1575 καλὸν,
616 1510 753 1565 ἀλλά
815 1527 878 1578 γε
917 1511 1006 1565 διὰ
1042 1514 1142 1580 τήν
1177 1511 1383 1564 οἰκείαν
1417 1513 1716 1566 εὐπάθειαν
1762 1513 1854 1566 καὶ

257 1603 569 1657 ἀπόλαυσιν
627 1604 736 1655 τῶν
793 1605 1050 1673 ἀγαθῶν,
1102 1606 1336 1659 παύεται
1384 1606 1484 1676 μὲν
1537 1598 1694 1670 οὗτος
1756 1606 1856 1676 τῆς

258 1693 490 1764 ἔχθρας,
532 1694 810 1760 ἐξίσταται
847 1695 906 1748 δέ
935 1697 1034 1766 τῆς
1071 1697 1402 1769 ἐπιϐουλῆςο
1436 1699 1693 1752 καὶκατὰ
1761 1715 1853 1768 μι-

1963 524 2088 562 nem
2119 510 2411 579 paraverit,
2440 526 2699 582 magnum
2715 513 3141 569 emolumentum
3163 523 3216 570 et
3243 518 3440 573 anima:
3455 535 3543 574 sa-

1961 603 2130 660 lutem
2163 620 2468 676 procurans
2508 607 2771 667 inveniet.
2824 609 3111 666 Revoeans
3159 613 3306 667 enim
3359 616 3546 685 proxi-

1961 709 2113 750 mum
2144 710 2469 766 acorporeo
2516 706 2572 752 et
2615 699 2788 770 magis
2846 701 3290 772 transgrediente
3336 702 3389 756 in
3421 705 3545 758 ani-

1962 800 2109 840 mam
2146 784 2347 840 damno
2385 795 2441 840 et
2468 785 2792 857 perditione,
2823 789 2889 844 ad
2923 789 3140 846 Domini
3182 793 3543 852 imitationem

1959 887 2014 932 et
2042 876 2461 933 similitudinem
2498 880 2767 949 recurrit;
2798 883 3036 938 animam
3088 887 3233 940 enim
3291 888 3541 954 salvans,

1961 968 2056 1032 ait,
2081 968 2221 1024 sicut
2240 969 2337 1039 qui
2365 971 2575 1025 creavit
2595 970 2766 1026 illam.
2800 971 3089 1038 Quomodo
3113 985 3294 1030 autem
3323 992 3418 1047 per
3451 979 3545 1033 be«

1964 1057 2312 1114 nelicentiam
2331 1071 2731 1132 congregantur
2783 1073 2835 1118 et
2869 1064 3270 1122 abstrahuntur
3321 1069 3391 1123 ab
3437 1069 3544 1124 ini-

1964 1149 2110 1204 mico
2163 1155 2436 1207 carbones
2470 1153 2687 1222 capite?
2720 1152 2858 1220 Quia
2897 1156 3022 1210 cibo
3063 1167 3117 1212 et
3148 1168 3276 1228 potu
3308 1160 3545 1216 donatus

1961 1250 2016 1294 et
2047 1241 2370 1310 simpliciter
2407 1243 2670 1298 beneficio
2719 1245 2946 1301 alfectus
2981 1247 3255 1313 inimicus,
3289 1252 3408 1307 etsi
3434 1267 3542 1307 non

1961 1345 2059 1399 per
2082 1331 2261 1400 ipsum
2302 1334 2529 1400 bonum,
2560 1344 2617 1388 at
2649 1336 2844 1391 saltem
2886 1349 3106 1409 propter
3142 1343 3414 1411 propriam
3450 1343 3545 1398 be-

1964 1424 2140 1478 neficii
2169 1426 2560 1494 experientiam
2596 1438 2650 1484 et
2684 1427 2998 1486 fruitiouem
3052 1434 3346 1498 bonorum,
3399 1437 3545 1492 desi-

1962 1515 2046 1569 nit
2101 1516 2323 1586 quidem
2355 1517 2459 1572 iste
2501 1519 2570 1572 ab
2603 1519 2915 1587 inimicitia,
2943 1531 2998 1575 et
3053 1523 3268 1578 desistit
3307 1525 3376 1578 ab
3413 1524 3547 1580 insi-

1961 1606 2106 1674 diis;
2141 1615 2198 1663 et
2229 1609 2435 1663 sensim
2471 1610 2800 1679 resipiscens
2832 1612 2902 1667 ab
2924 1611 3140 1673 affectu.
3169 1625 3223 1669 et
3253 1631 3372 1670 eam
3423 1632 3545 1688 quae

1961 1708 2046 1754 est
2077 1699 2132 1753 in
2167 1700 2589 1770 cogitationibus
2643 1717 2739 1772 per
2782 1703 3123 1760 inimicitiam
3157 1707 3547 1764 inﬂammatio-

257 1785 397 1856 κρὸν
434 1785 724 1856 ἀνανήφων
758 1785 850 1840 τοῦ
888 1789 1098 1853 πάθους
1124 1827 1140 1853 ,
1176 1794 1274 1843 καὶ
1315 1789 1416 1862 τὴν
1456 1791 1514 1841 ἐν
1551 1793 1663 1854 τοίς
1710 1790 1856 1859 λογι-

1961 1805 2083 1844 nem
2123 1799 2177 1845 et
2207 1790 2715 1847 excandescentiam
2767 1794 3068 1865 deponens,
3099 1798 3165 1851 ad
3199 1814 3442 1855 amorem
3491 1810 3548 1855 et

261 1879 423 1947 σμοῖς
452 1877 540 1931 διὰ
571 1880 668 1948 τῆς
685 1877 883 1950 ἔχθρας
913 1879 1159 1952 πύρωσίν
1185 1899 1245 1934 τε
1274 1883 1365 1936 καὶ
1392 1881 1702 1955 φλεγμονὴν
1726 1883 1862 1936 ἀπο-

1967 1883 2318 1938 dileetionem
2349 1892 2406 1939 et
2451 1886 2786 1957 agnitionem
2848 1888 3218 1945 benefactoris
3254 1893 3463 1959 veniet;
3492 1903 3548 1948 et

257 1968 567 2040 τιθέμενος,
602 1971 695 2022 ἐπὶ
735 1970 795 2023 τὺ
827 1972 1002 2040 φιλεῖν
1032 1973 1127 2025 καὶ
1159 1974 1409 2047 στέργειν
1433 1976 1528 2030 καὶ
1546 1976 1744 2029 εἰδέναι
1767 1976 1858 2030 τὸν

261 2064 561 2134 εὐεργέτην
597 2063 910 2118 ἐλεύσεταιο
953 2068 1212 2120 κάκεῖθεν
1269 2067 1413 2121 κατὰ
1462 2068 1656 2140 μικρὸν
1686 2068 1860 2122 ἐνεθι-ι

264 2155 416 2218 σθεὶς
451 2155 705 2224 γλῶσσαν
759 2156 982 2227 φεύγειν
1013 2158 1282 2225 διάὸολον,
1324 2159 1414 2213 καὶ
1456 2155 1534 2224 οἷς
1564 2163 1592 2214 6
1631 2160 1858 2230 πλησίον

261 2249 449 2320 ἔργοις
491 2249 698 2321 βλάϐην
728 2252 1043 2321 ὑφίσταται,
1086 2253 1188 2323 τῆς
1219 2253 1423 2326 ἀρετῆς
1459 2253 1696 2325 ἐραστὴς
1724 2256 1858 2307 ἁπο-

261 2341 615 2396 καθίσταται.
649 2344 760 2396 Kal.
789 2346 873 2407 τίς
925 2346 992 2397 ἂν
1047 2345 1399 2417 ἐπιζητήσειε
1435 2345 1530 2399 τοῦ
1586 2345 1858 2417 ψωμίζειν

261 2437 359 2487 καὶ
395 2434 634 2499 ποτίζειν
671 2437 762 2490 τὸν
801 2437 1030 2510 ἐχθρὸν,
1083 2438 1434 2509 ἀντιμισθίαν
1471 2438 1677 2510 ταύτης
1738 2439 1858 2509 μεί-

259 2527 432 2594 ζονα;
471 2529 524 2580 τί
569 2529 627 2582 δέ
683 2530 889 2599 ταύτης
947 2530 1432 2602 ἐπικερδέστερον;
1476 2531 1538 2584 Ei
1604 2530 1661 2584 δὲ
1718 2531 1858 2602 μετὰ

260 2618 533 2690 τοσαύτην
571 2621 920 2692 εὐεργεσίαν,
961 2621 1060 2690 τῆς
1104 2621 1406 2693 μοχθηρίας
1454 2622 1550 2674 καὶ
1588 2623 1858 2694 φαυλότη-

259 2727 354 2774 τος
381 2712 409 2762 6
435 2713 894 2782 εὐεργετούμενος
917 2714 1018 2766 οὐκ
1055 2713 1231 2768 ἐθέλει
1255 2713 1640 2784 μεθίστασθαι,
1670 2714 1858 2785 θηρίον

263 2801 368 2873 μὲν
400 2803 466 2857 ἂν
496 2803 582 2874 εἴη
611 2806 640 2858 6
671 2807 934 2869 τοιοῦτος,
990 2807 1113 2860 ἀντὶ
1153 2806 1249 2860 τοῦ
1291 2807 1542 2877 μετέχειν
1577 2805 1858 2879 ἀνθρωπί-

259 2913 364 2965 νης
405 2897 638 2966 φύσεως.
680 2899 751 2950 Σὺ
799 2898 854 2951 δὲ
887 2899 1038 2951 οὐδὲν
1077 2898 1226 2968 ὅμως
1276 2891 1498 2953 ἔλαττον
1536 2901 1661 2963 τοὺς
1688 2917 1859 2954 κατα-

259 2986 627 3057 δοσκομένους
669 2988 838 3042 αὐτοῦ
863 2989 962 3061 τὴν
981 2990 1220 3061 κεφαλὴν
1240 2992 1518 3063 ἄνθρακας
1545 2994 1613 3063 τῇ
1633 3009 1694 3046 τε
1719 2989 1858 3061 γνώ-

265 3099 343 3152 μῃ
385 3082 479 3134 καὶ
528 3085 596 3153 τῇ
639 3081 842 3154 σπουδῇ
900 3083 1328 3154 ἀπεσώρευσας·
1371 3085 1468 3138 καὶ
1505 3084 1856 3156 ἀντιμισθίαν

260 3173 419 3225 οὐδὲν
449 3173 669 3227 ἔλαττον
720 3173 908 3244 ἔσχες·
951 3175 1072 3228 οὐδὲ
1104 3175 1196 3228 τὸν
1229 3175 1555 3246 χαρακτῆρα
1595 3175 1728 3247 παρ’
1760 3174 1855 3228 οὐ-

259 3265 352 3317 δὲν
379 3264 794 3336 παρεχάραξας,
824 3266 884 3328 ὃς
915 3266 1014 3337 τήν
1044 3265 1180 3337 πρὸς
1224 3267 1286 3318 τὸ
1311 3265 1462 3319 Θείόν
1485 3283 1544 3319 σε
1586 3266 1858 3337 συνῆπτεν

261 3355 562 3425 ὁμοίωσιν·
605 3357 812 3420 ἐκεῖνος
845 3357 903 3410 δὲ
955 3356 1137 3427 φέρων
1161 3357 1282 3411 ὅλον
1319 3357 1534 3424 ἑαυτὸν,
1587 3357 1664 3427 τῷ
1697 3357 1858 3409 κολα-

265 3448 476 3518 στηρίῳ
515 3449 608 3502 καὶ
647 3448 896 3518 ἀσϐέστῳ
945 3450 1078 3520 πυρὶ
1122 3449 1509 3521 ἐναπέρῤιψεν.
1554 3448 1858 3520 Ἀνθρακες

265 3539 371 3610 μέν
397 3556 480 3592 τοι
515 3556 581 3609 γε
634 3542 746 3594 τισὶ
796 3541 1231 3613 παρελήφθησαν
1280 3543 1336 3595 ai
1373 3539 1725 3612 ζωπυροῦσαι
1762 3539 1858 3593 καὶ

261 3632 674 3688 ἀναθάλπουσαι
703 3632 765 3687 τὸ
795 3635 1124 3704 ἡγεμονικὸν
1155 3635 1410 3707 ἐργασίαι
1432 3652 1490 3688 τε
1532 3634 1624 3688 καὶ
1655 3649 1854 3703 παραι-

263 3724 465 3787 νέσεις,
497 3722 708 3777 καὶτὸν
735 3728 901 3778 πολὺν
925 3727 1026 3795 τῆς
1061 3725 1262 3798 ἔχθρας
1292 3725 1535 3797 χειμῶνα
1580 3725 1664 3788 είς
1702 3726 1854 3792 εἰρη-

262 3815 424 3886 νικὴν
446 3816 688 3887 γαλήνην
723 3817 1237 3888 μεταὸάλλουσαίτε
1271 3819 1366 3873 καὶ
1385 3817 1718 3872 ὃιαλύουσαι³
1753 3816 1848 3881 οὓς

265 3922 436 3974 φασιν
473 3906 829 3978 ἐπισωρεύων
879 3911 908 3962 6
960 3909 1270 3981 εὐεργετῶν
1313 3911 1379 3980 τῇ
1414 3909 1506 3962 τοῦ
1546 3906 1849 3976 δυσμενοῦς

265 3999 503 4070 κεφαλῇ,
543 4003 641 4054 καὶ
691 4003 792 4073 τὴν
833 4003 1152 4075 νεκροποιὸν
1219 4002 1289 4056 δι’

1960 1974 2088 2029 inde
2149 1976 2352 2031 sensim
2409 1977 2753 2035 assuefactus
2814 1981 3054 2052 linguam
3108 1981 3297 2052 fugere
3355 1986 3548 2040 convi-

1958 2067 2194 2122 ciantem
2219 2079 2274 2123 et
2292 2069 2492 2139 quibus
2511 2073 2790 2139 proximus
2813 2075 2972 2130 factis
2995 2077 3258 2132 damnum
3287 2080 3544 2145 sustinet,

1958 2159 2176 2215 virtutis
2223 2170 2440 2216 amator
2493 2166 2867 2221 constituitur.
2919 2168 2986 2223 Et
3029 2170 3286 2240 quisnam
3331 2183 3545 2243 quaerat

1960 2252 2180 2308 eibaudi
2210 2262 2265 2308 et
2299 2257 2523 2324 potandi
2569 2257 2852 2312 inimicum
2901 2264 3396 2320 remunerationem
3440 2267 3542 2322 ista

1958 2344 2264 2413 majorem?
2283 2347 2394 2401 Aut
2416 2348 2546 2417 quid
2564 2365 2625 2402 ea
2651 2350 2876 2406 utilius?
2898 2352 2955 2407 Si
2975 2363 3156 2410 autem
3182 2367 3304 2427 post
3329 2367 3541 2414 tantum

1959 2435 2307 2503 beneﬁcium,
2333 2438 2400 2492 ab
2438 2439 2852 2508 importunitate
2869 2453 2921 2498 et
2946 2444 3148 2514 vilitate
3168 2447 3434 2505 beneficio
3462 2453 3545 2506 af—

1958 2524 2137 2581 fectus
2163 2543 2272 2582 non
2307 2529 2420 2584 vult
2437 2531 2725 2599 desistere,
2747 2534 2924 2591 bellua
2957 2553 3090 2594 sane
3112 2549 3257 2596 esset
3289 2543 3431 2606 talis,
3457 2559 3546 2599 ne-

1959 2618 2088 2673 dum
2113 2621 2382 2690 particeps
2415 2635 2558 2679 esset
2581 2626 2832 2685 humanaa
2851 2641 3095 2700 naturaa;
3131 2642 3187 2689 tu
3212 2651 3344 2692 vero
3374 2637 3544 2693 nihilo

1960 2717 2146 2766 tamen
2181 2713 2367 2769 minus
2399 2715 2753 2788 depasccntes
2774 2722 2894 2792 ejus
2916 2734 3078 2795 caput
3113 2728 3380 2786 carbones
3408 2747 3543 2800 pru-

1959 2800 2141 2856 dentia
2156 2810 2210 2856 et
2230 2803 2346 2858 zelo
2363 2811 2720 2876 exacervasti,
2735 2820 2790 2866 et
2818 2817 3315 2874 remunerationem
3343 2822 3546 2876 nihiloo

1957 2892 2143 2948 minus
2185 2893 2657 2970 haberes;neque
2683 2903 3052 2962 characterem
3092 2909 3199 2964 ullo
3246 2912 3408 2967 modo
3451 2913 3547 2968 den

1957 2985 2136 3042 leviin
2167 2987 2262 3057 qui
2295 2989 2361 3044 ad
2416 2987 2672 3048 Numinis
2697 3003 2750 3050 te
2781 2998 3055 3068 colligavit
3085 3001 3543 3074 similitudinem;

1962 3077 2254 3132 illeautem
2277 3078 2457 3136 ferens
2502 3092 2676 3140 totum
2719 3088 2958 3158 seipsutn
3012 3091 3065 3146 in
3114 3095 3446 3164 supplicium
3493 3107 3549 3153 et

1972 3171 2475 3242 inexstinguibilem
2503 3177 2681 3248 ignem
2705 3179 2912 3250 injecit.
2940 3182 3218 3242 Carbones
3235 3196 3416 3244 tamen
3442 3189 3546 3244 ali-

1961 3263 2163 3332 quibus
2206 3267 2411 3338 accepti
2447 3281 2576 3325 sunt
2609 3271 2970 3330 accendentes
3004 3284 3058 3331 et
3098 3280 3400 3337 excitantes
3428 3284 3551 3337 auio

1964 3371 2107 3410 mam
2132 3359 2476 3428 operationes
2497 3370 2551 3416 ct
2575 3363 3002 3432 admonitiones,
3027 3379 3081 3423 et
3106 3372 3330 3426 tnultam
3364 3375 3549 3430 inimi-

1959 3447 2102 3501 riliae
2125 3450 2416 3518 procellam
2443 3452 2495 3506 in
2538 3455 2818 3524 pacilicatn
2865 3460 3102 3529 quietem
3153 3463 3547 3523 transferentes

1960 3548 2016 3592 et
2046 3539 2438 3608 dissolventes;
2461 3560 2620 3614 quos,
2634 3548 2803 3613 aiunt,
2825 3565 3131 3622 eongerens
3150 3554 3465 3614 benefactor
3490 3561 3549 3615 in

1961 3632 2273 3688 exacerbati
2312 3646 2497 3704 caput,
2526 3646 2581 3692 et
2608 3641 2936 3696 mortilicam
2969 3644 3042 3698 ita
3069 3647 3346 3715 expellens
3366 3650 3550 3706 inimi-

1961 3722 2172 3788 citiam,
2208 3735 2259 3779 et
2287 3729 2653 3787 corroborans
2678 3732 2731 3787 in
2762 3735 3107 3793 dilectionem
3134 3755 3260 3795 eum
3289 3743 3382 3812 qui
3408 3747 3550 3816 pati-

1961 3826 2070 3880 tur,
2089 3817 2232 3872 hunc
2247 3821 2464 3889 quidem
2497 3839 2695 3895 magno
2721 3836 2776 3882 et
2798 3829 3007 3885 exitiali
3034 3832 3226 3889 morbo
3251 3836 3521 3903 liberavit,

1956 3911 2060 3966 sibi
2085 3928 2216 3967 vero
2245 3930 2364 3969 eam
2385 3933 2506 3986 qua:
2529 3920 2727 3976 exinde
2749 3931 2834 3977 est
2863 3921 3179 3981 felicitatem
3208 3933 3544 3997 procuravit.

1393 4003 1556 4057 αὐτὸν
1610 4003 1852 4058 ἐλαύνων
1900 4005 2130 4078 ἔχθραν,
2181 4011 2277 4063 καὶ
2322 4012 2677 4083 ἁναρῥωννὺς
2723 4019 2805 4081 είς
2845 4019 3068 4090 ἀγάπην
3121 4023 3214 4077 τὸν
3245 4025 3544 4098 πάσχοντα,

262 4090 477 4144 ἐκεῖνον
529 4106 590 4143 τε
631 4092 879 4164 μεγάλης
927 4095 1022 4147 καὶ
1071 4093 1323 4166 ὀλεθρίας
1353 4097 1508 4149 νόσου
1536 4095 1874 4166 ἀπήλλαξεν,
1909 4095 2088 4169 ἐαυτῷ
2121 4114 2182 4151 τε
2219 4099 2321 4170 τήν
2351 4101 2563 4156 ἐκεῖθεν
2594 4107 2979 4181 μακαριότητα
3019 4090 3406 4189 προεξένησεν.

803 4186 1140 4240 ΕΡΩἸῊΣΙΣ
1179 4187 1302 4242 ΝΓ’.

264 4270 401 4340 ιιῶς
448 4273 793 4347 ventem-rd
828 4276 1145 4347 εἰρημένον
1207 4278 1367 4344 παρὰ
1403 4281 1510 4335 τοῦ
1563 4280 1710 4336 Θεοῦ
1771 4279 1851 4347 τῷ

411 4345 634 4410 Μωσεῖ,
676 4362 695 4397 t
719 4344 874 4400 Ἰδοὺ
906 4346 1136 4400 δέδωκά
1160 4365 1233 4401 σε
1253 4349 1392 4404 θεὸν
1416 4352 1660 4420 Φαραώ;
1683 4369 1702 4401 ι

2347 4195 2675 4264 QUIESTIO
2709 4200 2822 4257 LIII
2858 4201 2973 4275 [αί.
3018 4207 3166 4282 Lll].

1959 4288 2234 4356 Quomodo
2258 4291 2658 4376 intelligendum
2686 4297 2890 4376 dici-tt!"
2921 4316 2953 4352 a
2988 4300 3092 4376 Deo
3123 4303 3334 4376 Moysi:
3358 4325 3377 4360 ι
3411 4308 3547 4365 Ecce

2333 4361 2458 4416 dedi
2498 4373 2547 4418 te
2592 4365 2747 4420 deum
2777 4365 3105 4429 Pharaoni?
3143 4395 3162 4426 ι

1163 4464 1305 4514 Edita
1337 4481 1364 4515 a
1385 4465 1528 4529 Maio,
1552 4469 1588 4518 ι.
1610 4482 1677 4530 c.,
1700 4483 1750 4533 p.
1778 4471 1856 4521 58.
1886 4471 1943 4521 In
1977 4474 2127 4526 verba
2148 4477 2305 4530 Exod.
2341 4482 2470 4541 γιι,1
2497 4495 2638 4547 seqq.

350 4543 448 4598 Ἐκ
477 4543 586 4597 τῶν
627 4545 768 4598 κατὰ
811 4545 977 4609 πόδας
1010 4547 1269 4617 ῥημάτων
1304 4551 1338 4620 ή
1371 4550 1465 4604 τοῦ
1519 4551 1852 4624 ζητουμένου

2032 4562 2106 4616 Ex
2128 4563 2392 4632 subjectis
2420 4543 2846 4640 verbis'qttresiti
2877 4570 3253 4644 interpretatio
3277 4577 3494 4651 [infert]
3526 4599 3544 4647 ;

263 4637 562 4709 ἑρμηνεία·
586 4637 784 4704 ἐπάγει
816 4637 925 4707 γάρ
946 4652 960 4666 ·
1007 4656 1026 4689 ι
1059 4640 1170 4694 Kal.
1217 4642 1428 4713 Ἀαρὼν
1450 4645 1479 4697 6
1511 4645 1739 4715 ἀδελφός
1757 4665 1851 4701 σου

262 4732 422 4784 ἔσται
461 4747 542 4783 σοι
576 4733 862 4802 προφήτης
883 4747 898 4762 °
931 4750 995 4786 συ
1021 4733 1078 4787 δέ
1119 4733 1376 4806 λαλήσεις
1407 4738 1586 4793 πάντα
1635 4743 1735 4794 ὅσα
1764 4743 1852 4794 ὲν-

261 4818 526 4889 τέλλομαί
558 4834 674 4872 σοι’
707 4821 735 4872 6
759 4819 815 4872 δὲ
860 4821 1069 4892 Ἀαρὼν
1090 4825 1318 4894 ἀδελφός
1351 4845 1445 4881 σου
1465 4828 1691 4901 λαλήσει
1715 4833 1853 4904 πρὸς

262 4909 488 4979 Φαραώ.
514 4927 532 4959 ι
580 4909 669 4971 Ὠς
695 4905 790 4963 οὖν
816 4912 1088 4983 ἐχρήσατο
1110 4915 1187 4988 τῷ
1215 4917 1406 4971 Μωσεῑ
1426 4919 1454 4971 6
1479 4919 1613 4985 Θεὸς
1643 4922 1852 4994 ὑπηρεο

261 5004 431 5072 τῆσαι
456 5006 578 5065 ταῖς
608 5003 750 5056 κατὰ
776 5005 978 5076 Φαραὼ
1003 5007 1099 5062 καὶ
1122 5010 1438 5078 Αἰγυπτίων
1474 5012 1729 5084 πληγαῖς,
1761 5016 1852 5068 οῦ-

261 5109 372 5155 τως
411 5093 680 5165 ἐχρήσατο
708 5097 914 5167 Μωσῆς
942 5099 1020 5171 τῷ
1063 5100 1275 5172 Ἀαρών
1301 5118 1314 5130 ·
1342 5102 1507 5165 αὐτὸς
1560 5105 1657 5175 μὲν
1689 5123 1860 5177 προσ-

263 5183 486 5238 τάσσων
543 5190 571 5239 6
606 5188 760 5260 παρὰ
793 5189 930 5244 Θεοῦ
973 5195 1482 5265 προστασσόμενος⁵
1525 5197 1775 5272 ὑπηρέτῃ
1803 5199 1859 5252 δὲ

265 5275 548 5346 χρώμενος
573 5280 712 5350 πρὸς
744 5282 837 5335 τὸν
870 5283 1072 5356 Φαραὼ
1100 5285 1179 5355 τῷ
1197 5285 1433 5358 ἀδελφῷ.
1465 5286 1575 5340 Καὶ
1600 5287 1859 5355 διέσωζεν

268 5371 302 5437 ή
328 5371 526 5439 πρᾶξις
551 5373 609 5424 ἐν
637 5373 715 5444 τῷ
753 5375 1003 5446 ἀναλόγῳ
1027 5377 1090 5430 τὸ
1131 5377 1558 5448 ἀπαράλλακτον
1578 5395 1592 5411 ’
1633 5381 1711 5445 ὡς
1748 5383 1858 5454 γὰρ

264 5461 399 5525 Θεὸς
433 5464 569 5535 πρὸς
603 5467 806 5537 Φαραὼ
844 5468 934 5522 διὰ
978 5470 1146 5539 μέσου
1171 5471 1414 5537 Μωσέως
1449 5471 1623 5539 οὕτως
1648 5474 1858 5546 Μωσῆς

265 5553 407 5622 πρὸς
436 5556 640 5628 Φαραὼ
665 5558 754 5613 διὰ
787 5559 955 5630 μέσου
999 5560 1211 5634 ’Δαρὼν
1265 5564 1363 5628 τὰς
1394 5563 1724 5637 θεοσημείας
1754 5567 1852 5622 ἐπ-

265 5645 457 5703 ετέλει.
507 5649 835 5706 Ἑπέτασσεν
878 5653 938 5707 ἐν
978 5656 1050 5724 τῇ
1082 5655 1276 5727 ἐρήμῳ
1310 5657 1517 5731 xu.qu
1555 5660 1634 5732 τῷ
1662 5661 1853 5717 Μωσεῖ

267 5740 422 5813 ῥίψαι
452 5743 553 5814 τὴν
587 5744 784 5816 ῥάϐδον
821 5748 850 5798 6
881 5745 1034 5814 Θεὸς,
1061 5749 1156 5803 καὶ
1198 5751 1557 5819 μετεϐάλλετο
1579 5755 1659 5820 τίς
1688 5755 1844 5824 δφιντ

1958 4653 2299 4712 atlditenim:
2327 4673 2345 4707 ι
2365 4655 2432 4711 Et
2459 4661 2639 4714 Aaron
2663 4660 2829 4717 frater
2848 4671 2975 4720 tuus
2989 4666 3094 4721 erit
3113 4667 3208 4722 tibi
3231 4670 3494 4741 preplteta
3525 4689 3542 4740 ;

1958 4754 2016 4800 tu
2051 4761 2180 4802 vero
2218 4748 2462 4819 loqueris
2500 4754 2681 4809 omnia
2731 4771 3076 4828 quaecunque
3111 4763 3370 4832 praecipio
3421 4765 3543 4821 tibi.

1955 4840 2138 4896 Aaron
2220 4852 2400 4898 autem
2452 4843 2620 4902 frater
2675 4857 2803 4903 tuus
2879 4851 3135 4921 loquetur
3181 4856 3248 4910 ad
3295 4857 3546 4915 Pharao-

1958 4945 2080 4985 nem
2121 4950 2133 4984 :
2177 4951 2193 4982 ι
2236 4933 2390 4988 Sicut
2421 4936 2588 5004 igitur
2629 4954 2760 4994 usus
2814 4950 2899 4995 est
2955 4942 3139 5015 Moyse
3176 4945 3318 5002 Deus
3346 4959 3408 5002 ut
3441 4951 3544 5004 mio

1957 5021 2216 5076 nistraret
2241 5032 2431 5079 contra
2465 5024 2805 5083 Pharaonem
2837 5039 2890 5085 et
2921 5030 3203 5104 rEgyptios
3230 5038 3438 5110 plagas,
3469 5042 3542 5095 ita

1961 5127 2092 5166 usus
2125 5121 2208 5166 est
2233 5111 2445 5184 Moyses
2474 5115 2693 5172 Aarone
2720 5137 2735 5182 ;
2765 5119 2880 5190 ipse
2906 5122 3102 5190 jubens
3125 5140 3154 5179 a
3178 5127 3497 5198 Deojussus
3523 5150 3538 5198 ;

1960 5203 2214 5258 ministro
2237 5213 2418 5260 autem
2449 5217 2608 5261 utens
2638 5209 2704 5261 ad
2735 5211 3079 5268 Pharaonem
3113 5215 3300 5273 fratre.
3338 5219 3403 5273 Et
3424 5201 3542 5278 sero

1955 5295 2102 5347 vavit
2132 5305 2287 5351 actus
2317 5296 2371 5350 in
2402 5297 2634 5370 analogo
2659 5300 3031 5360 omnimodam
3079 5307 3492 5369 similitudinem
3522 5329 3539 5385 ;

1957 5395 2016 5441 ut
2051 5388 2197 5442 enim
2232 5386 2375 5443 Deus
2413 5387 2688 5447 Pharaoni
2718 5408 2816 5464 per
2861 5395 3250 5457 intermedium
3290 5402 3535 5478 Moysen,

1955 5477 2030 5532 ita
2070 5477 2282 5550 Moyses
2309 5479 2578 5537 Pharaoni
2608 5499 2705 5554 per
2727 5485 3116 5546 intermedium
3144 5493 3326 5550 Aaron
3350 5477 3538 5553 divina

1958 5580 2208 5642 portenta
2271 5575 2574 5632 mandavit.
2631 5575 2898 5650 Praecepit
2964 5581 3019 5644 in
3082 5583 3301 5642 deserto
3356 5588 3539 5644 Horeb

1957 5664 2129 5740 Moysi
2161 5677 2221 5723 ut
2253 5670 2546 5740 projiceret
2579 5672 2786 5744 virgam
2847 5674 3032 5744 Deus?
3067 5689 3121 5734 et
3155 5680 3210 5735 in
3241 5681 3538 5738 draconem

1955 5755 2162 5832 lignum
2215 5761 2509 5820 formatum
2542 5775 2623 5821 est
2668 5828 2674 5834 I
2727 5775 2780 5821 et
2820 5767 3143 5840 simpliciter
3197 5791 3538 5852 quacunque
