  <div class='ocr_page' id='page_1' title='image "/cluster/home/n/w/nwhite01/storage/ocr_20150623/101/hvd.32044018872879/219.png"; bbox 0 0 3884 6202; ppageno 0'>
   <div class='ocr_carea' id='block_1_1' title="bbox 302 260 1930 339">
    <p class='ocr_par' dir='ltr' id='par_1_1' title="bbox 302 267 1930 339">
     <span class='ocr_line' id='line_1_1' title="bbox 302 267 1930 339; baseline -0.005 -2"><span class='ocrx_word' id='word_1_1' title='bbox 302 271 406 339; x_wconf 80' lang='grc'><strong>391</strong></span> <span class='ocrx_word' id='word_1_2' title='bbox 1458 267 1723 331; x_wconf 83' lang='grc' dir='ltr'><strong>ΡΗΟΤΙΙ</strong></span> <span class='ocrx_word' id='word_1_3' title='bbox 1762 269 1930 329; x_wconf 82' lang='grc' dir='ltr'><strong>ΡΑἸῚ</strong></span> 
     </span>
    </p>
   </div>
   <div class='ocr_carea' id='block_1_2' title="bbox 2041 260 3603 339">
    <p class='ocr_par' dir='ltr' id='par_1_2' title="bbox 2049 260 3603 329">
     <span class='ocr_line' id='line_1_2' title="bbox 2049 260 3603 329; baseline -0.005 0"><span class='ocrx_word' id='word_1_4' title='bbox 2049 267 2270 329; x_wconf 75' lang='grc' dir='ltr'><strong>ΗΟΗᾹΞ</strong></span> <span class='ocrx_word' id='word_1_5' title='bbox 2305 268 2413 328; x_wconf 89' lang='lat' dir='ltr'><strong>CP.</strong></span> <span class='ocrx_word' id='word_1_6' title='bbox 3493 260 3603 324; x_wconf 73' lang='lat'><strong>392</strong></span> 
     </span>
    </p>
   </div>
   <div class='ocr_carea' id='block_1_3' title="bbox 306 370 1930 459">
    <p class='ocr_par' dir='ltr' id='par_1_3' title="bbox 306 379 1930 459">
     <span class='ocr_line' id='line_1_3' title="bbox 306 379 1930 459; baseline -0.003 -17"><span class='ocrx_word' id='word_1_7' title='bbox 306 385 523 459; x_wconf 67' lang='grc' dir='ltr'>ηομες</span> <span class='ocrx_word' id='word_1_8' title='bbox 580 382 878 456; x_wconf 80' lang='lat' dir='ltr'><strong>iubebatur</strong></span> <span class='ocrx_word' id='word_1_9' title='bbox 925 382 1082 455; x_wconf 84' lang='lat' dir='ltr'><strong>signa</strong></span> <span class='ocrx_word' id='word_1_10' title='bbox 1141 380 1396 453; x_wconf 84' lang='lat' dir='ltr'><strong>operari,</strong></span> <span class='ocrx_word' id='word_1_11' title='bbox 1444 382 1628 437; x_wconf 98' lang='lat' dir='ltr'><strong>omnia</strong></span> <span class='ocrx_word' id='word_1_12' title='bbox 1670 379 1930 451; x_wconf 52' lang='lat' dir='ltr'><strong>Moyses;</strong></span> 
     </span>
    </p>
   </div>
   <div class='ocr_carea' id='block_1_4' title="bbox 2041 370 3606 459">
    <p class='ocr_par' dir='ltr' id='par_1_4' title="bbox 2041 370 3606 447">
     <span class='ocr_line' id='line_1_4' title="bbox 2041 370 3606 447; baseline -0.005 -15"><span class='ocrx_word' id='word_1_13' title='bbox 2041 380 2295 434; x_wconf 80' lang='grc' dir='ltr'>τέτασσεν</span> <span class='ocrx_word' id='word_1_14' title='bbox 2333 376 2502 433; x_wconf 78' lang='grc' dir='ltr'>πάλιν</span> <span class='ocrx_word' id='word_1_15' title='bbox 2544 376 2685 430; x_wconf 75' lang='grc' dir='ltr'>κατὰ</span> <span class='ocrx_word' id='word_1_16' title='bbox 2705 374 2997 447; x_wconf 81' lang='grc' dir='ltr'>πρόσωπον</span> <span class='ocrx_word' id='word_1_17' title='bbox 3033 371 3234 446; x_wconf 76' lang='grc' dir='ltr'>Φαραὼ</span> <span class='ocrx_word' id='word_1_18' title='bbox 3261 371 3342 443; x_wconf 82' lang='grc' dir='ltr'>τῷ</span> <span class='ocrx_word' id='word_1_19' title='bbox 3386 370 3606 442; x_wconf 77' lang='grc' dir='ltr'>Ἀαρὼν</span> 
     </span>
    </p>
   </div>
   <div class='ocr_carea' id='block_1_5' title="bbox 307 462 1930 549">
    <p class='ocr_par' dir='ltr' id='par_1_5' title="bbox 307 473 1895 549">
     <span class='ocr_line' id='line_1_5' title="bbox 307 473 1895 549; baseline -0.004 -15"><span class='ocrx_word' id='word_1_20' title='bbox 307 493 624 549; x_wconf 73' lang='lat' dir='ltr'><strong>proponens</strong></span> <span class='ocrx_word' id='word_1_21' title='bbox 663 486 718 533; x_wconf 92' lang='lat' dir='ltr'><strong>et</strong></span> <span class='ocrx_word' id='word_1_22' title='bbox 757 477 812 532; x_wconf 92' lang='lat' dir='ltr'><strong>in</strong></span> <span class='ocrx_word' id='word_1_23' title='bbox 860 490 1084 531; x_wconf 84' lang='lat' dir='ltr'><strong>manum</strong></span> <span class='ocrx_word' id='word_1_24' title='bbox 1130 475 1353 531; x_wconf 89' lang='lat' dir='ltr'><strong>mittens</strong></span> <span class='ocrx_word' id='word_1_25' title='bbox 1390 473 1569 541; x_wconf 90' lang='lat' dir='ltr'><strong>fratri,</strong></span> <span class='ocrx_word' id='word_1_26' title='bbox 1609 489 1709 544; x_wconf 87' lang='lat' dir='ltr'><strong>per</strong></span> <span class='ocrx_word' id='word_1_27' title='bbox 1747 474 1895 530; x_wconf 90' lang='lat' dir='ltr'><strong>hunc</strong></span> 
     </span>
    </p>
   </div>
   <div class='ocr_carea' id='block_1_6' title="bbox 2041 462 3595 549">
    <p class='ocr_par' dir='ltr' id='par_1_6' title="bbox 2066 462 3595 541">
     <span class='ocr_line' id='line_1_6' title="bbox 2066 462 3595 541; baseline -0.006 -17"><span class='ocrx_word' id='word_1_28' title='bbox 2066 469 2273 539; x_wconf 75' lang='grc' dir='ltr'>Μωσῆς</span> <span class='ocrx_word' id='word_1_29' title='bbox 2316 468 2469 541; x_wconf 77' lang='grc' dir='ltr'>ῥίψαι</span> <span class='ocrx_word' id='word_1_30' title='bbox 2493 466 2592 539; x_wconf 80' lang='grc' dir='ltr'><strong>τήν</strong></span> <span class='ocrx_word' id='word_1_31' title='bbox 2625 466 2844 539; x_wconf 76' lang='grc' dir='ltr'>ῥάϐδον,</span> <span class='ocrx_word' id='word_1_32' title='bbox 2867 466 2963 520; x_wconf 75' lang='grc' dir='ltr'>καὶ</span> <span class='ocrx_word' id='word_1_33' title='bbox 3007 468 3087 530; x_wconf 86' lang='grc' dir='ltr'><strong>είς</strong></span> <span class='ocrx_word' id='word_1_34' title='bbox 3115 465 3390 534; x_wconf 85' lang='grc' dir='ltr'>δράκοντα</span> <span class='ocrx_word' id='word_1_35' title='bbox 3417 464 3480 518; x_wconf 75' lang='grc' dir='ltr'>τὸ</span> <span class='ocrx_word' id='word_1_36' title='bbox 3510 462 3595 529; x_wconf 77' lang='grc' dir='ltr'><strong>ξύ-</strong></span> 
     </span>
    </p>
   </div>
   <div class='ocr_carea' id='block_1_7' title="bbox 308 557 1930 643">
    <p class='ocr_par' dir='ltr' id='par_1_7' title="bbox 308 564 1894 643">
     <span class='ocr_line' id='line_1_7' title="bbox 308 564 1894 643; baseline -0.003 -18"><span class='ocrx_word' id='word_1_37' title='bbox 308 572 463 643; x_wconf 83' lang='lat' dir='ltr'><strong>iussa</strong></span> <span class='ocrx_word' id='word_1_38' title='bbox 503 570 832 626; x_wconf 75' lang='lat' dir='ltr'><strong>mirabiliter</strong></span> <span class='ocrx_word' id='word_1_39' title='bbox 875 583 1112 640; x_wconf 84' lang='lat' dir='ltr'><strong>operans</strong></span> <span class='ocrx_word' id='word_1_40' title='bbox 1157 566 1499 639; x_wconf 81' lang='lat' dir='ltr'><strong>perficiebat.</strong></span> <span class='ocrx_word' id='word_1_41' title='bbox 1543 565 1622 620; x_wconf 88' lang='lat' dir='ltr'><strong>Ita</strong></span> <span class='ocrx_word' id='word_1_42' title='bbox 1657 564 1894 622; x_wconf 63' lang='lat' dir='ltr'><strong>manifev</strong></span> 
     </span>
    </p>
   </div>
   <div class='ocr_carea' id='block_1_8' title="bbox 2041 557 3608 643">
    <p class='ocr_par' dir='ltr' id='par_1_8' title="bbox 2041 557 3608 628">
     <span class='ocr_line' id='line_1_8' title="bbox 2041 557 3608 628; baseline -0.004 -13"><span class='ocrx_word' id='word_1_43' title='bbox 2041 579 2092 618; x_wconf 73' lang='grc' dir='ltr'><strong>ον</strong></span> <span class='ocrx_word' id='word_1_44' title='bbox 2144 561 2613 628; x_wconf 74' lang='grc' dir='ltr'>ὲζωοπλαστεῐτοσ</span> <span class='ocrx_word' id='word_1_45' title='bbox 2664 559 2761 613; x_wconf 71' lang='grc' dir='ltr'>καὶ</span> <span class='ocrx_word' id='word_1_46' title='bbox 2791 557 2981 622; x_wconf 86' lang='grc' dir='ltr'>ἀπλῶς</span> <span class='ocrx_word' id='word_1_47' title='bbox 3014 560 3111 613; x_wconf 82' lang='grc' dir='ltr'>ὅσα</span> <span class='ocrx_word' id='word_1_48' title='bbox 3141 558 3338 613; x_wconf 81' lang='grc' dir='ltr'>Μωσεϊ</span> <span class='ocrx_word' id='word_1_49' title='bbox 3373 574 3608 611; x_wconf 68' lang='lat' dir='ltr'><strong>mrem-</strong></span> 
     </span>
    </p>
   </div>
   <div class='ocr_carea' id='block_1_9' title="bbox 314 649 1930 735">
    <p class='ocr_par' dir='ltr' id='par_1_9' title="bbox 314 659 1892 735">
     <span class='ocr_line' id='line_1_9' title="bbox 314 659 1892 735; baseline -0.003 -16"><span class='ocrx_word' id='word_1_50' title='bbox 314 673 461 719; x_wconf 86' lang='lat' dir='ltr'><strong>stum</strong></span> <span class='ocrx_word' id='word_1_51' title='bbox 482 672 568 719; x_wconf 86' lang='lat' dir='ltr'><strong>est</strong></span> <span class='ocrx_word' id='word_1_52' title='bbox 589 664 721 733; x_wconf 90' lang='lat' dir='ltr'><strong>quid</strong></span> <span class='ocrx_word' id='word_1_53' title='bbox 751 662 1212 735; x_wconf 83' lang='lat' dir='ltr'><strong>signiﬁcetillud:</strong></span> <span class='ocrx_word' id='word_1_54' title='bbox 1243 678 1263 713; x_wconf 77' lang='grc' dir='ltr'><strong>ι</strong></span> <span class='ocrx_word' id='word_1_55' title='bbox 1297 660 1438 716; x_wconf 83' lang='lat' dir='ltr'><strong>Ecce</strong></span> <span class='ocrx_word' id='word_1_56' title='bbox 1459 659 1584 715; x_wconf 87' lang='lat' dir='ltr'><strong>dedi</strong></span> <span class='ocrx_word' id='word_1_57' title='bbox 1634 670 1686 715; x_wconf 87' lang='lat' dir='ltr'><strong>te</strong></span> <span class='ocrx_word' id='word_1_58' title='bbox 1730 659 1892 715; x_wconf 88' lang='lat' dir='ltr'><strong>deum</strong></span> 
     </span>
    </p>
   </div>
   <div class='ocr_carea' id='block_1_10' title="bbox 2041 649 3606 735">
    <p class='ocr_par' dir='ltr' id='par_1_10' title="bbox 2041 649 3606 726">
     <span class='ocr_line' id='line_1_10' title="bbox 2041 649 3606 726; baseline -0.005 -16"><span class='ocrx_word' id='word_1_59' title='bbox 2041 655 2226 710; x_wconf 90' lang='grc' dir='ltr'>τεύετο</span> <span class='ocrx_word' id='word_1_60' title='bbox 2279 655 2691 726; x_wconf 85' lang='grc' dir='ltr'>τερατουργεῖν,</span> <span class='ocrx_word' id='word_1_61' title='bbox 2729 651 2908 706; x_wconf 85' lang='grc' dir='ltr'>πάντα</span> <span class='ocrx_word' id='word_1_62' title='bbox 2956 652 3163 723; x_wconf 76' lang='grc' dir='ltr'>Μωσῆς</span> <span class='ocrx_word' id='word_1_63' title='bbox 3217 649 3606 722; x_wconf 81' lang='grc' dir='ltr'><strong>παραθέμενος</strong></span> 
     </span>
    </p>
   </div>
   <div class='ocr_carea' id='block_1_11' title="bbox 308 744 3594 818">
    <p class='ocr_par' dir='ltr' id='par_1_11' title="bbox 308 744 3594 818">
     <span class='ocr_line' id='line_1_11' title="bbox 308 744 3594 818; baseline -0.005 -10"><span class='ocrx_word' id='word_1_64' title='bbox 308 752 608 811; x_wconf 84' lang='lat' dir='ltr'><strong>Pharaoni.</strong></span> <span class='ocrx_word' id='word_1_65' title='bbox 652 774 671 806; x_wconf 76' lang='grc' dir='ltr'><strong>ι</strong></span> <span class='ocrx_word' id='word_1_66' title='bbox 2002 749 2097 802; x_wconf 70' lang='grc' dir='ltr'><strong>καὶ</strong></span> <span class='ocrx_word' id='word_1_67' title='bbox 2130 748 2444 818; x_wconf 74' lang='grc' dir='ltr'><strong>ἐγχειρίσας</strong></span> <span class='ocrx_word' id='word_1_68' title='bbox 2505 746 2582 817; x_wconf 82' lang='grc' dir='ltr'><strong>τῷ</strong></span> <span class='ocrx_word' id='word_1_69' title='bbox 2639 745 2891 817; x_wconf 81' lang='grc' dir='ltr'><strong>ἀδελφῷ,</strong></span> <span class='ocrx_word' id='word_1_70' title='bbox 2932 744 3000 797; x_wconf 82' lang='grc' dir='ltr'><strong>δι’</strong></span> <span class='ocrx_word' id='word_1_71' title='bbox 3039 744 3250 799; x_wconf 77' lang='grc' dir='ltr'>ἐκείνου</span> <span class='ocrx_word' id='word_1_72' title='bbox 3308 744 3379 797; x_wconf 81' lang='grc' dir='ltr'>τὰ</span> <span class='ocrx_word' id='word_1_73' title='bbox 3431 756 3594 809; x_wconf 84' lang='grc' dir='ltr'>προσ-</span> 
     </span>
    </p>
   </div>
   <div class='ocr_carea' id='block_1_12' title="bbox 308 836 3603 919">
    <p class='ocr_par' dir='ltr' id='par_1_12' title="bbox 308 836 3603 919">
     <span class='ocr_line' id='line_1_12' title="bbox 308 836 3603 919; baseline -0.003 -18"><span class='ocrx_word' id='word_1_74' title='bbox 308 847 622 919; x_wconf 72' lang='grc' dir='ltr'><strong>τεταγμένα</strong></span> <span class='ocrx_word' id='word_1_75' title='bbox 660 846 1097 919; x_wconf 80' lang='grc' dir='ltr'>θαυματουργῶν</span> <span class='ocrx_word' id='word_1_76' title='bbox 1134 845 1474 918; x_wconf 73' lang='grc' dir='ltr'>διεπέραινεν</span> <span class='ocrx_word' id='word_1_77' title='bbox 1496 862 1512 878; x_wconf 90' lang='grc'><strong>·</strong></span> <span class='ocrx_word' id='word_1_78' title='bbox 1549 844 1693 900; x_wconf 84' lang='grc' dir='ltr'>ὥστε</span> <span class='ocrx_word' id='word_1_79' title='bbox 1733 841 1966 914; x_wconf 76' lang='grc' dir='ltr'>φανερὸν</span> <span class='ocrx_word' id='word_1_80' title='bbox 1989 841 2181 912; x_wconf 83' lang='grc' dir='ltr'>γέγονε</span> <span class='ocrx_word' id='word_1_81' title='bbox 2202 841 2256 896; x_wconf 90' lang='grc' dir='ltr'><strong>τί</strong></span> <span class='ocrx_word' id='word_1_82' title='bbox 2294 857 2425 895; x_wconf 83' lang='grc' dir='ltr'>ποτε</span> <span class='ocrx_word' id='word_1_83' title='bbox 2454 840 2706 911; x_wconf 84' lang='grc' dir='ltr'>βούλεται</span> <span class='ocrx_word' id='word_1_84' title='bbox 2737 838 2932 912; x_wconf 80' lang='grc' dir='ltr'><strong>δηλοῦν</strong></span> <span class='ocrx_word' id='word_1_85' title='bbox 2964 839 3046 905; x_wconf 81' lang='grc' dir='ltr'>τὸ,</span> <span class='ocrx_word' id='word_1_86' title='bbox 3083 857 3102 891; x_wconf 78' lang='grc' dir='ltr'><strong>ι</strong></span> <span class='ocrx_word' id='word_1_87' title='bbox 3149 838 3283 893; x_wconf 82' lang='grc' dir='ltr'>Ἰδοὺ</span> <span class='ocrx_word' id='word_1_88' title='bbox 3309 836 3517 891; x_wconf 82' lang='grc' dir='ltr'>δέδωκά</span> <span class='ocrx_word' id='word_1_89' title='bbox 3544 852 3603 890; x_wconf 76' lang='grc' dir='ltr'><strong>σε</strong></span> 
     </span>
    </p>
   </div>
   <div class='ocr_carea' id='block_1_13' title="bbox 317 937 766 1011">
    <p class='ocr_par' dir='ltr' id='par_1_13' title="bbox 317 937 766 1011">
     <span class='ocr_line' id='line_1_13' title="bbox 317 937 766 1011; baseline -0.007 -16"><span class='ocrx_word' id='word_1_90' title='bbox 317 940 442 996; x_wconf 61' lang='grc' dir='ltr'>θεὸν</span> <span class='ocrx_word' id='word_1_91' title='bbox 477 937 700 1011; x_wconf 68' lang='grc' dir='ltr'>Φαραώ.</span> <span class='ocrx_word' id='word_1_92' title='bbox 746 957 766 992; x_wconf 74' lang='grc' dir='ltr'><strong>ι</strong></span> 
     </span>
    </p>
   </div>
   <div class='ocr_carea' id='block_1_14' title="bbox 709 1046 1519 1121">
    <p class='ocr_par' dir='ltr' id='par_1_14' title="bbox 709 1046 1519 1121">
     <span class='ocr_line' id='line_1_14' title="bbox 709 1046 1519 1121; baseline -0.002 -16"><span class='ocrx_word' id='word_1_93' title='bbox 709 1046 1042 1118; x_wconf 62' lang='lat' dir='ltr'><strong>QUIESTIO</strong></span> <span class='ocrx_word' id='word_1_94' title='bbox 1070 1046 1186 1102; x_wconf 79' lang='lat' dir='ltr'><strong>LW</strong></span> <span class='ocrx_word' id='word_1_95' title='bbox 1214 1047 1315 1121; x_wconf 79' lang='lat' dir='ltr'><strong>[aL</strong></span> <span class='ocrx_word' id='word_1_96' title='bbox 1355 1046 1519 1121; x_wconf 84' lang='lat' dir='ltr'><strong>LIII].</strong></span> 
     </span>
    </p>
   </div>
   <div class='ocr_carea' id='block_1_15' title="bbox 312 1137 1901 1211">
    <p class='ocr_par' dir='ltr' id='par_1_15' title="bbox 312 1137 1901 1211">
     <span class='ocr_line' id='line_1_15' title="bbox 312 1137 1901 1211; baseline -0.001 -16"><span class='ocrx_word' id='word_1_97' title='bbox 312 1139 587 1208; x_wconf 78' lang='lat' dir='ltr'><strong>Quomodo</strong></span> <span class='ocrx_word' id='word_1_98' title='bbox 640 1141 1043 1211; x_wconf 82' lang='lat' dir='ltr'><strong>intelligendum</strong></span> <span class='ocrx_word' id='word_1_99' title='bbox 1082 1139 1438 1205; x_wconf 76' lang='lat' dir='ltr'><strong>apostolicum</strong></span> <span class='ocrx_word' id='word_1_100' title='bbox 1491 1140 1696 1194; x_wconf 85' lang='lat' dir='ltr'><strong>dictum</strong></span> <span class='ocrx_word' id='word_1_101' title='bbox 1725 1155 1745 1193; x_wconf 90' lang='lat'><strong><em>:</em></strong></span> <span class='ocrx_word' id='word_1_102' title='bbox 1778 1158 1796 1191; x_wconf 83' lang='grc' dir='ltr'><strong>ι</strong></span> <span class='ocrx_word' id='word_1_103' title='bbox 1843 1137 1901 1194; x_wconf 88' lang='lat' dir='ltr'><strong>Si</strong></span> 
     </span>
    </p>
   </div>
   <div class='ocr_carea' id='block_1_16' title="bbox 381 1210 1897 1276">
    <p class='ocr_par' dir='ltr' id='par_1_16' title="bbox 381 1210 1897 1276">
     <span class='ocr_line' id='line_1_16' title="bbox 381 1210 1897 1276; baseline -0.003 -9"><span class='ocrx_word' id='word_1_104' title='bbox 381 1214 603 1267; x_wconf 77' lang='lat' dir='ltr'><strong>invicem</strong></span> <span class='ocrx_word' id='word_1_105' title='bbox 636 1210 887 1266; x_wconf 78' lang='lat' dir='ltr'><strong>mordetis</strong></span> <span class='ocrx_word' id='word_1_106' title='bbox 921 1219 969 1265; x_wconf 87' lang='lat' dir='ltr'><strong>et</strong></span> <span class='ocrx_word' id='word_1_107' title='bbox 1003 1211 1275 1264; x_wconf 76' lang='lat' dir='ltr'><strong>comeditis</strong></span> <span class='ocrx_word' id='word_1_108' title='bbox 1295 1251 1311 1276; x_wconf 91' lang='lat'><strong>,</strong></span> <span class='ocrx_word' id='word_1_109' title='bbox 1340 1210 1505 1264; x_wconf 82' lang='lat' dir='ltr'><strong>uidete</strong></span> <span class='ocrx_word' id='word_1_110' title='bbox 1534 1226 1598 1265; x_wconf 79' lang='lat' dir='ltr'><strong>nc</strong></span> <span class='ocrx_word' id='word_1_111' title='bbox 1644 1212 1710 1264; x_wconf 80' lang='lat' dir='ltr'><strong>ab</strong></span> <span class='ocrx_word' id='word_1_112' title='bbox 1760 1210 1897 1263; x_wconf 58' lang='lat' dir='ltr'><strong>invia</strong></span> 
     </span>
    </p>
   </div>
   <div class='ocr_carea' id='block_1_17' title="bbox 380 1280 1557 1348">
    <p class='ocr_par' dir='ltr' id='par_1_17' title="bbox 380 1280 1557 1348">
     <span class='ocr_line' id='line_1_17' title="bbox 380 1280 1557 1348; baseline -0.008 -7"><span class='ocrx_word' id='word_1_113' title='bbox 380 1298 491 1341; x_wconf 77' lang='lat' dir='ltr'><strong>cem</strong></span> <span class='ocrx_word' id='word_1_114' title='bbox 520 1283 934 1348; x_wconf 71' lang='lat' dir='ltr'><strong>consumamini,</strong></span> <span class='ocrx_word' id='word_1_115' title='bbox 977 1300 997 1334; x_wconf 77' lang='grc' dir='ltr'><strong>ι</strong></span> <span class='ocrx_word' id='word_1_116' title='bbox 1032 1290 1081 1337; x_wconf 83' lang='lat' dir='ltr'><strong>et</strong></span> <span class='ocrx_word' id='word_1_117' title='bbox 1116 1281 1240 1337; x_wconf 79' lang='lat' dir='ltr'><strong>huic</strong></span> <span class='ocrx_word' id='word_1_118' title='bbox 1269 1295 1508 1345; x_wconf 74' lang='lat' dir='ltr'><strong>connexa</strong></span> <span class='ocrx_word' id='word_1_119' title='bbox 1531 1280 1557 1333; x_wconf 72' lang='grc'><em>9</em></span> 
     </span>
    </p>
   </div>
   <div class='ocr_carea' id='block_1_18' title="bbox 2543 1035 3041 1093">
    <p class='ocr_par' dir='ltr' id='par_1_18' title="bbox 2543 1035 3041 1093">
     <span class='ocr_line' id='line_1_18' title="bbox 2543 1035 3041 1093; baseline -0.002 0"><span class='ocrx_word' id='word_1_120' title='bbox 2543 1036 2883 1093; x_wconf 74' lang='grc' dir='ltr'><strong>ΕΡΩἸἩΣΙΣ</strong></span> <span class='ocrx_word' id='word_1_121' title='bbox 2915 1035 3041 1092; x_wconf 78' lang='grc' dir='ltr'><strong>ΝΔ’.</strong></span> 
     </span>
    </p>
   </div>
   <div class='ocr_carea' id='block_1_19' title="bbox 2009 1121 3609 1202">
    <p class='ocr_par' dir='ltr' id='par_1_19' title="bbox 2009 1121 3609 1202">
     <span class='ocr_line' id='line_1_19' title="bbox 2009 1121 3609 1202; baseline -0.005 -13"><span class='ocrx_word' id='word_1_122' title='bbox 2009 1135 2139 1201; x_wconf 82' lang='grc' dir='ltr'><strong>Πῶς</strong></span> <span class='ocrx_word' id='word_1_123' title='bbox 2164 1131 2417 1202; x_wconf 77' lang='grc' dir='ltr'>νοητέον</span> <span class='ocrx_word' id='word_1_124' title='bbox 2441 1133 2509 1187; x_wconf 84' lang='grc' dir='ltr'>τὸ</span> <span class='ocrx_word' id='word_1_125' title='bbox 2540 1132 2955 1187; x_wconf 74' lang='grc' dir='ltr'>ἀποστολικὸν</span> <span class='ocrx_word' id='word_1_126' title='bbox 2973 1128 3194 1199; x_wconf 79' lang='grc' dir='ltr'>ῥητὸν,</span> <span class='ocrx_word' id='word_1_127' title='bbox 3240 1146 3260 1202; x_wconf 65' lang='grc' dir='ltr'>ς</span> <span class='ocrx_word' id='word_1_128' title='bbox 3292 1121 3358 1202; x_wconf 67' lang='grc' dir='ltr'><strong>ει</strong></span> <span class='ocrx_word' id='word_1_129' title='bbox 3408 1126 3477 1181; x_wconf 76' lang='grc' dir='ltr'>δὲ</span> <span class='ocrx_word' id='word_1_130' title='bbox 3499 1127 3609 1202; x_wconf 24' lang='grc' dir='ltr'><strong>ἀλέη</strong></span> 
     </span>
    </p>
   </div>
   <div class='ocr_carea' id='block_1_20' title="bbox 2076 1198 3608 1273">
    <p class='ocr_par' dir='ltr' id='par_1_20' title="bbox 2076 1198 3608 1273">
     <span class='ocr_line' id='line_1_20' title="bbox 2076 1198 3608 1273; baseline -0.005 -15"><span class='ocrx_word' id='word_1_131' title='bbox 2076 1198 2312 1273; x_wconf 58' lang='lat' dir='ltr'><strong>msz</strong></span> <span class='ocrx_word' id='word_1_132' title='bbox 2342 1204 2596 1257; x_wconf 78' lang='grc' dir='ltr'><strong>δάκνετε</strong></span> <span class='ocrx_word' id='word_1_133' title='bbox 2648 1202 2749 1256; x_wconf 79' lang='grc' dir='ltr'><strong>καί</strong></span> <span class='ocrx_word' id='word_1_134' title='bbox 2790 1198 3186 1273; x_wconf 25' lang='grc' dir='ltr'>κατεσθίετε,</span> <span class='ocrx_word' id='word_1_135' title='bbox 3214 1199 3485 1273; x_wconf 67' lang='grc' dir='ltr'>,ϐλέπετε</span> <span class='ocrx_word' id='word_1_136' title='bbox 3516 1198 3608 1267; x_wconf 76' lang='grc' dir='ltr'>μὴ</span> 
     </span>
    </p>
   </div>
   <div class='ocr_carea' id='block_1_21' title="bbox 2077 1270 3611 1415">
    <p class='ocr_par' dir='ltr' id='par_1_21' title="bbox 2077 1270 3611 1415">
     <span class='ocr_line' id='line_1_21' title="bbox 2081 1270 3611 1399; baseline -0.007 -66"><span class='ocrx_word' id='word_1_137' title='bbox 2081 1270 2502 1399; x_wconf 56' lang='grc' dir='ltr'>ὑπἰἑίλλήλων</span> <span class='ocrx_word' id='word_1_138' title='bbox 2528 1272 2933 1342; x_wconf 73' lang='grc' dir='ltr'>ἀναλωθῆτε,»</span> <span class='ocrx_word' id='word_1_139' title='bbox 2986 1271 3088 1327; x_wconf 74' lang='grc' dir='ltr'>καὶ</span> <span class='ocrx_word' id='word_1_140' title='bbox 3127 1270 3201 1328; x_wconf 84' lang='grc' dir='ltr'>τὰ</span> <span class='ocrx_word' id='word_1_141' title='bbox 3236 1271 3428 1338; x_wconf 84' lang='grc' dir='ltr'>τούτῳ</span> <span class='ocrx_word' id='word_1_142' title='bbox 3455 1283 3611 1323; x_wconf 76' lang='grc' dir='ltr'>συγ·</span> 
     </span>
     <span class='ocr_line' id='line_1_22' title="bbox 2077 1360 2332 1415; baseline 0.012 -3"><span class='ocrx_word' id='word_1_143' title='bbox 2077 1362 2183 1415; x_wconf 70' lang='grc' dir='ltr'><strong>ημι</strong></span> <span class='ocrx_word' id='word_1_144' title='bbox 2238 1360 2332 1403; x_wconf 72' lang='grc' dir='ltr'><strong>ναν</strong></span> 
     </span>
    </p>
   </div>
   <div class='ocr_carea' id='block_1_22' title="bbox 1333 1451 2586 1521">
    <p class='ocr_par' dir='ltr' id='par_1_22' title="bbox 1333 1451 2586 1521">
     <span class='ocr_line' id='line_1_23' title="bbox 1333 1451 2586 1521; baseline -0.006 -12"><span class='ocrx_word' id='word_1_145' title='bbox 1333 1454 1478 1509; x_wconf 82' lang='lat' dir='ltr'><strong>Edita</strong></span> <span class='ocrx_word' id='word_1_146' title='bbox 1499 1467 1530 1506; x_wconf 84' lang='lat' dir='ltr'><strong>a</strong></span> <span class='ocrx_word' id='word_1_147' title='bbox 1552 1455 1699 1518; x_wconf 76' lang='lat' dir='ltr'><strong>Maio,</strong></span> <span class='ocrx_word' id='word_1_148' title='bbox 1734 1456 1771 1505; x_wconf 88' lang='grc' dir='ltr'>ι.</span> <span class='ocrx_word' id='word_1_149' title='bbox 1812 1469 1876 1517; x_wconf 89' lang='lat' dir='ltr'><strong>c.,</strong></span> <span class='ocrx_word' id='word_1_150' title='bbox 1904 1469 1953 1521; x_wconf 89' lang='lat' dir='ltr'><strong>p.</strong></span> <span class='ocrx_word' id='word_1_151' title='bbox 1984 1455 2154 1507; x_wconf 79' lang='lat'><strong>58-60.</strong></span> <span class='ocrx_word' id='word_1_152' title='bbox 2189 1456 2245 1506; x_wconf 88' lang='lat' dir='ltr'><strong>ln</strong></span> <span class='ocrx_word' id='word_1_153' title='bbox 2295 1454 2400 1505; x_wconf 88' lang='lat' dir='ltr'><strong>Gal.</strong></span> <span class='ocrx_word' id='word_1_154' title='bbox 2429 1466 2476 1515; x_wconf 71' lang='grc' dir='ltr'><strong>γ,</strong></span> <span class='ocrx_word' id='word_1_155' title='bbox 2513 1451 2586 1503; x_wconf 77' lang='lat'><strong>15.</strong></span> 
     </span>
    </p>
   </div>
   <div class='ocr_carea' id='block_1_23' title="bbox 385 1555 1930 1633">
    <p class='ocr_par' dir='ltr' id='par_1_23' title="bbox 385 1560 1899 1633">
     <span class='ocr_line' id='line_1_24' title="bbox 385 1560 1899 1633; baseline -0.001 -14"><span class='ocrx_word' id='word_1_156' title='bbox 385 1561 530 1620; x_wconf 89' lang='lat' dir='ltr'><strong>Sunt</strong></span> <span class='ocrx_word' id='word_1_157' title='bbox 569 1561 674 1621; x_wconf 80' lang='lat' dir='ltr'><strong>viri</strong></span> <span class='ocrx_word' id='word_1_158' title='bbox 713 1564 860 1620; x_wconf 83' lang='lat' dir='ltr'><strong>sacri</strong></span> <span class='ocrx_word' id='word_1_159' title='bbox 903 1561 1331 1633; x_wconf 73' lang='lat' dir='ltr'><strong>apostolicorum</strong></span> <span class='ocrx_word' id='word_1_160' title='bbox 1361 1560 1634 1618; x_wconf 87' lang='lat' dir='ltr'><strong>dictorum</strong></span> <span class='ocrx_word' id='word_1_161' title='bbox 1670 1561 1727 1616; x_wconf 88' lang='lat' dir='ltr'><strong>in</strong></span> <span class='ocrx_word' id='word_1_162' title='bbox 1776 1575 1899 1632; x_wconf 88' lang='lat' dir='ltr'><strong>pro-</strong></span> 
     </span>
    </p>
   </div>
   <div class='ocr_carea' id='block_1_24' title="bbox 2041 1555 3616 1633">
    <p class='ocr_par' dir='ltr' id='par_1_24' title="bbox 2081 1555 3616 1630">
     <span class='ocr_line' id='line_1_25' title="bbox 2081 1555 3616 1630; baseline -0.004 -15"><span class='ocrx_word' id='word_1_163' title='bbox 2081 1561 2236 1615; x_wconf 78' lang='grc' dir='ltr'>Είσὶν</span> <span class='ocrx_word' id='word_1_164' title='bbox 2272 1559 2466 1629; x_wconf 79' lang='grc' dir='ltr'>ἄνδρες</span> <span class='ocrx_word' id='word_1_165' title='bbox 2505 1558 2643 1630; x_wconf 75' lang='grc' dir='ltr'>ἱεροὶ</span> <span class='ocrx_word' id='word_1_166' title='bbox 2680 1556 2789 1609; x_wconf 86' lang='grc' dir='ltr'>τῶν</span> <span class='ocrx_word' id='word_1_167' title='bbox 2816 1555 3191 1610; x_wconf 72' lang='grc' dir='ltr'>ἀποπολικῶν</span> <span class='ocrx_word' id='word_1_168' title='bbox 3216 1555 3484 1627; x_wconf 75' lang='grc' dir='ltr'><strong>ῥημάτων</strong></span> <span class='ocrx_word' id='word_1_169' title='bbox 3509 1556 3616 1629; x_wconf 74' lang='grc' dir='ltr'><strong>τήν</strong></span> 
     </span>
    </p>
   </div>
   <div class='ocr_carea' id='block_1_25' title="bbox 315 1646 1930 1725">
    <p class='ocr_par' dir='ltr' id='par_1_25' title="bbox 315 1653 1902 1725">
     <span class='ocr_line' id='line_1_26' title="bbox 315 1653 1902 1725; baseline -0.001 -14"><span class='ocrx_word' id='word_1_170' title='bbox 315 1653 491 1711; x_wconf 87' lang='lat' dir='ltr'><strong>fundo</strong></span> <span class='ocrx_word' id='word_1_171' title='bbox 522 1654 868 1712; x_wconf 89' lang='lat' dir='ltr'><strong>reconditum</strong></span> <span class='ocrx_word' id='word_1_172' title='bbox 921 1668 1148 1713; x_wconf 83' lang='lat' dir='ltr'><strong>sensum</strong></span> <span class='ocrx_word' id='word_1_173' title='bbox 1197 1653 1432 1725; x_wconf 88' lang='lat' dir='ltr'><strong>gratiam</strong></span> <span class='ocrx_word' id='word_1_174' title='bbox 1460 1653 1726 1710; x_wconf 82' lang='lat' dir='ltr'><strong>habentes</strong></span> <span class='ocrx_word' id='word_1_175' title='bbox 1746 1668 1902 1710; x_wconf 85' lang='lat' dir='ltr'><strong>reve-</strong></span> 
     </span>
    </p>
   </div>
   <div class='ocr_carea' id='block_1_26' title="bbox 2041 1646 3617 1725">
    <p class='ocr_par' dir='ltr' id='par_1_26' title="bbox 2041 1646 3617 1721">
     <span class='ocr_line' id='line_1_27' title="bbox 2041 1646 3617 1721; baseline -0.002 -16"><span class='ocrx_word' id='word_1_176' title='bbox 2041 1669 2062 1705; x_wconf 80' lang='grc' dir='ltr'><strong>ν</strong></span> <span class='ocrx_word' id='word_1_177' title='bbox 2098 1650 2178 1721; x_wconf 82' lang='grc' dir='ltr'>τῷ</span> <span class='ocrx_word' id='word_1_178' title='bbox 2215 1649 2374 1721; x_wconf 86' lang='grc' dir='ltr'>βάθει</span> <span class='ocrx_word' id='word_1_179' title='bbox 2404 1647 2921 1720; x_wconf 80' lang='grc' dir='ltr'>τεθησαυρισμένην</span> <span class='ocrx_word' id='word_1_180' title='bbox 2947 1646 3210 1712; x_wconf 82' lang='grc' dir='ltr'>διάνοιαν,</span> <span class='ocrx_word' id='word_1_181' title='bbox 3256 1648 3421 1719; x_wconf 76' lang='grc' dir='ltr'>χάριν</span> <span class='ocrx_word' id='word_1_182' title='bbox 3459 1647 3617 1718; x_wconf 73' lang='grc' dir='ltr'>ἕχον-</span> 
     </span>
    </p>
   </div>
   <div class='ocr_carea' id='block_1_27' title="bbox 276 1735 1930 1818">
    <p class='ocr_par' dir='ltr' id='par_1_27' title="bbox 276 1745 1903 1818">
     <span class='ocr_line' id='line_1_28' title="bbox 276 1745 1903 1818; baseline -0.002 -16"><span class='ocrx_word' id='word_1_183' title='bbox 276 1768 281 1795; x_wconf 70' lang='grc'><strong><em>;</em></strong></span> <span class='ocrx_word' id='word_1_184' title='bbox 317 1745 487 1811; x_wconf 89' lang='lat' dir='ltr'><strong>landi,</strong></span> <span class='ocrx_word' id='word_1_185' title='bbox 514 1746 715 1818; x_wconf 85' lang='lat' dir='ltr'><strong>quibus</strong></span> <span class='ocrx_word' id='word_1_186' title='bbox 732 1746 1078 1818; x_wconf 89' lang='lat' dir='ltr'><strong>propositum</strong></span> <span class='ocrx_word' id='word_1_187' title='bbox 1106 1746 1351 1817; x_wconf 80' lang='lat' dir='ltr'><strong>aperitur</strong></span> <span class='ocrx_word' id='word_1_188' title='bbox 1376 1746 1586 1802; x_wconf 90' lang='lat' dir='ltr'><strong>dictum</strong></span> <span class='ocrx_word' id='word_1_189' title='bbox 1615 1764 1629 1800; x_wconf 86' lang='lat'><strong>:</strong></span> <span class='ocrx_word' id='word_1_190' title='bbox 1664 1759 1903 1816; x_wconf 90' lang='lat' dir='ltr'><strong>quorum</strong></span> 
     </span>
    </p>
   </div>
   <div class='ocr_carea' id='block_1_28' title="bbox 2041 1735 3617 1818">
    <p class='ocr_par' dir='ltr' id='par_1_28' title="bbox 2041 1735 3617 1812">
     <span class='ocr_line' id='line_1_29' title="bbox 2041 1735 3617 1812; baseline -0.006 -13"><span class='ocrx_word' id='word_1_191' title='bbox 2041 1763 2105 1810; x_wconf 86' lang='grc' dir='ltr'><strong>ες</strong></span> <span class='ocrx_word' id='word_1_192' title='bbox 2142 1743 2573 1807; x_wconf 79' lang='grc' dir='ltr'><strong>ἀνακαλύπτειν,</strong></span> <span class='ocrx_word' id='word_1_193' title='bbox 2604 1735 2684 1804; x_wconf 77' lang='grc' dir='ltr'>οἷς</span> <span class='ocrx_word' id='word_1_194' title='bbox 2708 1740 2769 1793; x_wconf 83' lang='grc' dir='ltr'>τὸ</span> <span class='ocrx_word' id='word_1_195' title='bbox 2806 1740 3168 1812; x_wconf 73' lang='grc' dir='ltr'>προκείμενον</span> <span class='ocrx_word' id='word_1_196' title='bbox 3207 1739 3617 1794; x_wconf 79' lang='grc' dir='ltr'>ἀναπτύσσεται</span> 
     </span>
    </p>
   </div>
   <div class='ocr_carea' id='block_1_29' title="bbox 319 1829 1930 1908">
    <p class='ocr_par' dir='ltr' id='par_1_29' title="bbox 319 1837 1907 1908">
     <span class='ocr_line' id='line_1_30' title="bbox 319 1837 1907 1908; baseline -0.003 -14"><span class='ocrx_word' id='word_1_197' title='bbox 319 1838 591 1894; x_wconf 75' lang='lat' dir='ltr'><strong>tbe‘oriam</strong></span> <span class='ocrx_word' id='word_1_198' title='bbox 624 1837 959 1908; x_wconf 79' lang='lat' dir='ltr'><strong>accipientes</strong></span> <span class='ocrx_word' id='word_1_199' title='bbox 984 1847 1038 1897; x_wconf 86' lang='lat' dir='ltr'><strong>et</strong></span> <span class='ocrx_word' id='word_1_200' title='bbox 1069 1847 1129 1893; x_wconf 93' lang='lat' dir='ltr'><strong>ut</strong></span> <span class='ocrx_word' id='word_1_201' title='bbox 1157 1852 1214 1893; x_wconf 83' lang='lat' dir='ltr'><strong>tu</strong></span> <span class='ocrx_word' id='word_1_202' title='bbox 1245 1837 1513 1908; x_wconf 75' lang='lat' dir='ltr'><strong>intelligas</strong></span> <span class='ocrx_word' id='word_1_203' title='bbox 1573 1846 1727 1893; x_wconf 90' lang='lat' dir='ltr'><strong>tuum</strong></span> <span class='ocrx_word' id='word_1_204' title='bbox 1759 1837 1907 1893; x_wconf 87' lang='lat' dir='ltr'><strong>circa</strong></span> 
     </span>
    </p>
   </div>
   <div class='ocr_carea' id='block_1_30' title="bbox 2041 1829 3616 1908">
    <p class='ocr_par' dir='ltr' id='par_1_30' title="bbox 2045 1829 3616 1907">
     <span class='ocr_line' id='line_1_31' title="bbox 2045 1829 3616 1907; baseline -0.002 -17"><span class='ocrx_word' id='word_1_205' title='bbox 2045 1836 2173 1907; x_wconf 89' lang='grc' dir='ltr'>ητόν</span> <span class='ocrx_word' id='word_1_206' title='bbox 2195 1851 2210 1866; x_wconf 71' lang='grc' dir='ltr'><strong>ο</strong></span> <span class='ocrx_word' id='word_1_207' title='bbox 2240 1829 2315 1890; x_wconf 84' lang='grc' dir='ltr'>ὦν</span> <span class='ocrx_word' id='word_1_208' title='bbox 2353 1834 2455 1904; x_wconf 77' lang='grc' dir='ltr'>τὴν</span> <span class='ocrx_word' id='word_1_209' title='bbox 2475 1832 2709 1904; x_wconf 78' lang='grc' dir='ltr'><strong>θεωρίαν</strong></span> <span class='ocrx_word' id='word_1_210' title='bbox 2728 1832 3118 1901; x_wconf 77' lang='grc' dir='ltr'><strong>ἀποδεχόμενοι</strong></span> <span class='ocrx_word' id='word_1_211' title='bbox 3155 1832 3250 1886; x_wconf 78' lang='grc' dir='ltr'>καὶ</span> <span class='ocrx_word' id='word_1_212' title='bbox 3279 1832 3337 1885; x_wconf 79' lang='grc' dir='ltr'>σὲ</span> <span class='ocrx_word' id='word_1_213' title='bbox 3370 1834 3616 1887; x_wconf 79' lang='grc' dir='ltr'>συνεῖναι</span> 
     </span>
    </p>
   </div>
   <div class='ocr_carea' id='block_1_31' title="bbox 319 1922 1930 2000">
    <p class='ocr_par' dir='ltr' id='par_1_31' title="bbox 319 1928 1908 2000">
     <span class='ocr_line' id='line_1_32' title="bbox 319 1928 1908 2000; baseline -0.001 -14"><span class='ocrx_word' id='word_1_214' title='bbox 319 1930 435 1987; x_wconf 71' lang='lat' dir='ltr'><strong>haec</strong></span> <span class='ocrx_word' id='word_1_215' title='bbox 462 1928 705 1985; x_wconf 89' lang='lat' dir='ltr'><strong>studium</strong></span> <span class='ocrx_word' id='word_1_216' title='bbox 763 1929 1098 1985; x_wconf 86' lang='lat' dir='ltr'><strong>laboriosum</strong></span> <span class='ocrx_word' id='word_1_217' title='bbox 1156 1928 1315 1986; x_wconf 88' lang='lat' dir='ltr'><strong>nobis</strong></span> <span class='ocrx_word' id='word_1_218' title='bbox 1373 1929 1567 1986; x_wconf 80' lang='lat' dir='ltr'><strong>suadet</strong></span> <span class='ocrx_word' id='word_1_219' title='bbox 1594 1928 1908 2000; x_wconf 84' lang='lat' dir='ltr'><strong>(curare);</strong></span> 
     </span>
    </p>
   </div>
   <div class='ocr_carea' id='block_1_32' title="bbox 2041 1922 3616 2000">
    <p class='ocr_par' dir='ltr' id='par_1_32' title="bbox 2041 1922 3616 1999">
     <span class='ocr_line' id='line_1_33' title="bbox 2041 1922 3616 1999; baseline -0.003 -16"><span class='ocrx_word' id='word_1_220' title='bbox 2041 1929 2070 1983; x_wconf 83' lang='grc' dir='ltr'>ὸ</span> <span class='ocrx_word' id='word_1_221' title='bbox 2109 1928 2239 1999; x_wconf 71' lang='grc' dir='ltr'>περὶ</span> <span class='ocrx_word' id='word_1_222' title='bbox 2276 1926 2453 1981; x_wconf 75' lang='grc' dir='ltr'>ταῦτά</span> <span class='ocrx_word' id='word_1_223' title='bbox 2492 1943 2585 1979; x_wconf 89' lang='grc' dir='ltr'><strong>σου</strong></span> <span class='ocrx_word' id='word_1_224' title='bbox 2620 1925 2909 1995; x_wconf 85' lang='grc' dir='ltr'>φιλόπονον</span> <span class='ocrx_word' id='word_1_225' title='bbox 2953 1925 3102 1996; x_wconf 82' lang='grc' dir='ltr'>ήμᾶς</span> <span class='ocrx_word' id='word_1_226' title='bbox 3141 1922 3428 1978; x_wconf 71' lang='grc' dir='ltr'><strong>ἀναπείθει</strong></span> <span class='ocrx_word' id='word_1_227' title='bbox 3451 1940 3468 1957; x_wconf 87' lang='grc'><strong>·</strong></span> <span class='ocrx_word' id='word_1_228' title='bbox 3501 1924 3616 1979; x_wconf 79' lang='grc' dir='ltr'>οὐδ’</span> 
     </span>
    </p>
   </div>
   <div class='ocr_carea' id='block_1_33' title="bbox 321 2018 1930 2097">
    <p class='ocr_par' dir='ltr' id='par_1_33' title="bbox 321 2022 1911 2097">
     <span class='ocr_line' id='line_1_34' title="bbox 321 2022 1911 2097; baseline -0.004 -14"><span class='ocrx_word' id='word_1_229' title='bbox 321 2040 503 2097; x_wconf 86' lang='lat' dir='ltr'><strong>neque</strong></span> <span class='ocrx_word' id='word_1_230' title='bbox 531 2024 580 2087; x_wconf 84' lang='lat' dir='ltr'><strong>si</strong></span> <span class='ocrx_word' id='word_1_231' title='bbox 611 2024 743 2096; x_wconf 92' lang='lat' dir='ltr'><strong>quid</strong></span> <span class='ocrx_word' id='word_1_232' title='bbox 775 2023 925 2080; x_wconf 86' lang='lat' dir='ltr'><strong>aliud</strong></span> <span class='ocrx_word' id='word_1_233' title='bbox 955 2024 1184 2082; x_wconf 83' lang='lat' dir='ltr'><strong>scaturit</strong></span> <span class='ocrx_word' id='word_1_234' title='bbox 1235 2023 1387 2080; x_wconf 85' lang='lat' dir='ltr'><strong>Pauli</strong></span> <span class='ocrx_word' id='word_1_235' title='bbox 1417 2023 1688 2081; x_wconf 89' lang='lat' dir='ltr'><strong>dictorum</strong></span> <span class='ocrx_word' id='word_1_236' title='bbox 1741 2022 1911 2092; x_wconf 88' lang='lat' dir='ltr'><strong>negli-</strong></span> 
     </span>
    </p>
   </div>
   <div class='ocr_carea' id='block_1_34' title="bbox 2041 2018 3621 2097">
    <p class='ocr_par' dir='ltr' id='par_1_34' title="bbox 2043 2018 3621 2093">
     <span class='ocr_line' id='line_1_35' title="bbox 2043 2018 3621 2093; baseline -0.004 -15"><span class='ocrx_word' id='word_1_237' title='bbox 2043 2024 2065 2078; x_wconf 85' lang='grc' dir='ltr'><strong>ί</strong></span> <span class='ocrx_word' id='word_1_238' title='bbox 2098 2042 2149 2078; x_wconf 89' lang='grc' dir='ltr'><strong>τι</strong></span> <span class='ocrx_word' id='word_1_239' title='bbox 2176 2023 2304 2078; x_wconf 80' lang='grc' dir='ltr'>ἄλλο</span> <span class='ocrx_word' id='word_1_240' title='bbox 2334 2021 2575 2093; x_wconf 66' lang='grc' dir='ltr'><strong>⁵τιπιιγάζει</strong></span> <span class='ocrx_word' id='word_1_241' title='bbox 2610 2021 2720 2075; x_wconf 85' lang='grc' dir='ltr'><strong>τῶν</strong></span> <span class='ocrx_word' id='word_1_242' title='bbox 2748 2019 2843 2074; x_wconf 83' lang='grc' dir='ltr'>τοῦ</span> <span class='ocrx_word' id='word_1_243' title='bbox 2877 2018 3089 2073; x_wconf 77' lang='grc' dir='ltr'>Παύλου</span> <span class='ocrx_word' id='word_1_244' title='bbox 3140 2019 3405 2090; x_wconf 82' lang='grc' dir='ltr'><strong>ῥημάτων</strong></span> <span class='ocrx_word' id='word_1_245' title='bbox 3445 2020 3621 2092; x_wconf 81' lang='grc' dir='ltr'>ὑπερ-</span> 
     </span>
    </p>
   </div>
   <div class='ocr_carea' id='block_1_35' title="bbox 320 2108 1930 2189">
    <p class='ocr_par' dir='ltr' id='par_1_35' title="bbox 320 2112 1914 2188">
     <span class='ocr_line' id='line_1_36' title="bbox 320 2112 1914 2188; baseline -0.003 -16"><span class='ocrx_word' id='word_1_246' title='bbox 320 2131 511 2188; x_wconf 85' lang='lat' dir='ltr'><strong>gemus</strong></span> <span class='ocrx_word' id='word_1_247' title='bbox 564 2115 834 2173; x_wconf 81' lang='lat' dir='ltr'><strong>derivare.</strong></span> <span class='ocrx_word' id='word_1_248' title='bbox 861 2113 998 2170; x_wconf 90' lang='lat' dir='ltr'><strong>Cum</strong></span> <span class='ocrx_word' id='word_1_249' title='bbox 1062 2116 1207 2172; x_wconf 89' lang='lat' dir='ltr'><strong>enim</strong></span> <span class='ocrx_word' id='word_1_250' title='bbox 1250 2115 1483 2172; x_wconf 76' lang='lat' dir='ltr'><strong>dixisset</strong></span> <span class='ocrx_word' id='word_1_251' title='bbox 1533 2114 1688 2183; x_wconf 89' lang='lat' dir='ltr'><strong>cuius</strong></span> <span class='ocrx_word' id='word_1_252' title='bbox 1729 2112 1914 2185; x_wconf 79' lang='lat' dir='ltr'><strong>lingua</strong></span> 
     </span>
    </p>
   </div>
   <div class='ocr_carea' id='block_1_36' title="bbox 2041 2108 3618 2189">
    <p class='ocr_par' dir='ltr' id='par_1_36' title="bbox 2041 2108 3618 2189">
     <span class='ocr_line' id='line_1_37' title="bbox 2041 2108 3618 2189; baseline -0.002 -20"><span class='ocrx_word' id='word_1_253' title='bbox 2041 2116 2259 2187; x_wconf 75' lang='grc' dir='ltr'>ψόμεθα</span> <span class='ocrx_word' id='word_1_254' title='bbox 2286 2113 2724 2189; x_wconf 79' lang='grc' dir='ltr'>ἀπορῤύσασθαι.</span> <span class='ocrx_word' id='word_1_255' title='bbox 2748 2113 2931 2167; x_wconf 80' lang='grc' dir='ltr'>Εἰπὼν</span> <span class='ocrx_word' id='word_1_256' title='bbox 2956 2113 3085 2184; x_wconf 81' lang='grc' dir='ltr'>γὰρ,</span> <span class='ocrx_word' id='word_1_257' title='bbox 3107 2108 3169 2168; x_wconf 76' lang='grc' dir='ltr'><strong>οὗ</strong></span> <span class='ocrx_word' id='word_1_258' title='bbox 3207 2115 3241 2185; x_wconf 85' lang='grc' dir='ltr'><strong>ή</strong></span> <span class='ocrx_word' id='word_1_259' title='bbox 3273 2113 3496 2179; x_wconf 83' lang='grc' dir='ltr'>γλῶσσα</span> <span class='ocrx_word' id='word_1_260' title='bbox 3519 2113 3618 2167; x_wconf 78' lang='grc' dir='ltr'>τοῦ</span> 
     </span>
    </p>
   </div>
   <div class='ocr_carea' id='block_1_37' title="bbox 329 2202 1930 2278">
    <p class='ocr_par' dir='ltr' id='par_1_37' title="bbox 329 2204 1917 2278">
     <span class='ocr_line' id='line_1_38' title="bbox 329 2204 1917 2278; baseline -0.003 -14"><span class='ocrx_word' id='word_1_261' title='bbox 329 2206 671 2265; x_wconf 86' lang='lat' dir='ltr'><strong>sanctissimi</strong></span> <span class='ocrx_word' id='word_1_262' title='bbox 705 2206 944 2277; x_wconf 89' lang='lat' dir='ltr'><strong>Spiritus</strong></span> <span class='ocrx_word' id='word_1_263' title='bbox 982 2222 1247 2278; x_wconf 80' lang='lat' dir='ltr'><strong>organum</strong></span> <span class='ocrx_word' id='word_1_264' title='bbox 1280 2224 1294 2262; x_wconf 88' lang='lat'><strong>:</strong></span> <span class='ocrx_word' id='word_1_265' title='bbox 1330 2226 1349 2259; x_wconf 77' lang='grc' dir='ltr'><strong>ι</strong></span> <span class='ocrx_word' id='word_1_266' title='bbox 1386 2204 1498 2264; x_wconf 82' lang='lat' dir='ltr'><strong>Vos</strong></span> <span class='ocrx_word' id='word_1_267' title='bbox 1522 2204 1576 2260; x_wconf 89' lang='lat' dir='ltr'><strong>in</strong></span> <span class='ocrx_word' id='word_1_268' title='bbox 1610 2204 1917 2261; x_wconf 86' lang='lat' dir='ltr'><strong>libertatem</strong></span> 
     </span>
    </p>
   </div>
   <div class='ocr_carea' id='block_1_38' title="bbox 2041 2202 3620 2278">
    <p class='ocr_par' dir='ltr' id='par_1_38' title="bbox 2041 2202 3620 2275">
     <span class='ocr_line' id='line_1_39' title="bbox 2041 2202 3620 2275; baseline -0.004 -13"><span class='ocrx_word' id='word_1_269' title='bbox 2041 2206 2293 2275; x_wconf 75' lang='grc' dir='ltr'>ταναγίου</span> <span class='ocrx_word' id='word_1_270' title='bbox 2328 2204 2652 2275; x_wconf 88' lang='grc' dir='ltr'>Πνεύματος</span> <span class='ocrx_word' id='word_1_271' title='bbox 2678 2202 2929 2275; x_wconf 76' lang='grc' dir='ltr'>δργανον,</span> <span class='ocrx_word' id='word_1_272' title='bbox 2959 2222 2978 2255; x_wconf 83' lang='grc' dir='ltr'><strong>ι</strong></span> <span class='ocrx_word' id='word_1_273' title='bbox 3002 2202 3193 2274; x_wconf 82' lang='grc' dir='ltr'><strong>Ὑμεῖς</strong></span> <span class='ocrx_word' id='word_1_274' title='bbox 3219 2202 3305 2256; x_wconf 75' lang='grc' dir='ltr'><strong>ἐπ’</strong></span> <span class='ocrx_word' id='word_1_275' title='bbox 3329 2202 3620 2275; x_wconf 72' lang='grc' dir='ltr'>ἐλευθερίᾳ</span> 
     </span>
    </p>
   </div>
   <div class='ocr_carea' id='block_1_39' title="bbox 323 2294 1930 2370">
    <p class='ocr_par' dir='ltr' id='par_1_39' title="bbox 323 2296 1919 2368">
     <span class='ocr_line' id='line_1_40' title="bbox 323 2296 1919 2368; baseline -0.002 -14"><span class='ocrx_word' id='word_1_276' title='bbox 323 2297 510 2355; x_wconf 83' lang='lat' dir='ltr'><strong>vocati</strong></span> <span class='ocrx_word' id='word_1_277' title='bbox 565 2298 722 2365; x_wconf 82' lang='lat' dir='ltr'><strong>estis,</strong></span> <span class='ocrx_word' id='word_1_278' title='bbox 756 2296 978 2365; x_wconf 75' lang='lat' dir='ltr'><strong>fratres,</strong></span> <span class='ocrx_word' id='word_1_279' title='bbox 1016 2315 1037 2351; x_wconf 74' lang='grc' dir='ltr'><strong>ι</strong></span> <span class='ocrx_word' id='word_1_280' title='bbox 1068 2306 1121 2354; x_wconf 82' lang='grc' dir='ltr'><strong>ει</strong></span> <span class='ocrx_word' id='word_1_281' title='bbox 1180 2299 1457 2355; x_wconf 86' lang='lat' dir='ltr'><strong>docuisset</strong></span> <span class='ocrx_word' id='word_1_282' title='bbox 1488 2312 1598 2355; x_wconf 85' lang='lat' dir='ltr'><strong>non</strong></span> <span class='ocrx_word' id='word_1_283' title='bbox 1633 2296 1919 2368; x_wconf 86' lang='lat' dir='ltr'><strong>subiacere</strong></span> 
     </span>
    </p>
   </div>
   <div class='ocr_carea' id='block_1_40' title="bbox 2041 2294 3621 2370">
    <p class='ocr_par' dir='ltr' id='par_1_40' title="bbox 2041 2294 3621 2370">
     <span class='ocr_line' id='line_1_41' title="bbox 2041 2294 3621 2370; baseline -0.002 -19"><span class='ocrx_word' id='word_1_284' title='bbox 2041 2299 2309 2370; x_wconf 68' lang='grc' dir='ltr'>αλήθητε,</span> <span class='ocrx_word' id='word_1_285' title='bbox 2350 2297 2591 2367; x_wconf 74' lang='grc' dir='ltr'>ἀδελφοὶ,</span> <span class='ocrx_word' id='word_1_286' title='bbox 2631 2315 2651 2348; x_wconf 71' lang='grc' dir='ltr'><strong>ι</strong></span> <span class='ocrx_word' id='word_1_287' title='bbox 2689 2297 2787 2350; x_wconf 71' lang='grc' dir='ltr'><strong>κα)⁵</strong></span> <span class='ocrx_word' id='word_1_288' title='bbox 2823 2296 3040 2363; x_wconf 76' lang='grc' dir='ltr'>διδάξας</span> <span class='ocrx_word' id='word_1_289' title='bbox 3096 2294 3174 2359; x_wconf 84' lang='grc' dir='ltr'>ὼς</span> <span class='ocrx_word' id='word_1_290' title='bbox 3207 2295 3308 2366; x_wconf 85' lang='grc' dir='ltr'>οὐχ</span> <span class='ocrx_word' id='word_1_291' title='bbox 3329 2296 3621 2349; x_wconf 72' lang='grc' dir='ltr'>ὑπόκειται</span> 
     </span>
    </p>
   </div>
   <div class='ocr_carea' id='block_1_41' title="bbox 322 2385 1930 2461">
    <p class='ocr_par' dir='ltr' id='par_1_41' title="bbox 322 2388 1920 2460">
     <span class='ocr_line' id='line_1_42' title="bbox 322 2388 1920 2460; baseline -0.001 -15"><span class='ocrx_word' id='word_1_292' title='bbox 322 2388 574 2445; x_wconf 83' lang='lat' dir='ltr'><strong>servituti</strong></span> <span class='ocrx_word' id='word_1_293' title='bbox 636 2388 1075 2446; x_wconf 83' lang='lat' dir='ltr'><strong>circumcisionis</strong></span> <span class='ocrx_word' id='word_1_294' title='bbox 1127 2390 1313 2460; x_wconf 66' lang='lat' dir='ltr'><strong>gratiae</strong></span> <span class='ocrx_word' id='word_1_295' title='bbox 1364 2388 1527 2456; x_wconf 83' lang='lat' dir='ltr'><strong>ﬁlios,</strong></span> <span class='ocrx_word' id='word_1_296' title='bbox 1562 2403 1738 2457; x_wconf 88' lang='lat' dir='ltr'><strong>neque</strong></span> <span class='ocrx_word' id='word_1_297' title='bbox 1765 2389 1920 2444; x_wconf 80' lang='lat' dir='ltr'><strong>valde</strong></span> 
     </span>
    </p>
   </div>
   <div class='ocr_carea' id='block_1_42' title="bbox 2041 2385 3622 2461">
    <p class='ocr_par' dir='ltr' id='par_1_42' title="bbox 2041 2385 3622 2461">
     <span class='ocr_line' id='line_1_43' title="bbox 2041 2385 3622 2461; baseline -0.003 -17"><span class='ocrx_word' id='word_1_298' title='bbox 2041 2390 2231 2461; x_wconf 71' lang='grc' dir='ltr'>ἱουλείᾳ</span> <span class='ocrx_word' id='word_1_299' title='bbox 2254 2389 2561 2461; x_wconf 78' lang='grc' dir='ltr'>περιτομῆς</span> <span class='ocrx_word' id='word_1_300' title='bbox 2596 2385 2668 2443; x_wconf 80' lang='grc' dir='ltr'><strong>τὰ</strong></span> <span class='ocrx_word' id='word_1_301' title='bbox 2701 2387 2803 2459; x_wconf 79' lang='grc' dir='ltr'><strong>τῆς</strong></span> <span class='ocrx_word' id='word_1_302' title='bbox 2861 2387 3088 2458; x_wconf 84' lang='grc' dir='ltr'>χάριτος</span> <span class='ocrx_word' id='word_1_303' title='bbox 3137 2388 3325 2453; x_wconf 82' lang='grc' dir='ltr'>τέκνα,</span> <span class='ocrx_word' id='word_1_304' title='bbox 3366 2388 3489 2442; x_wconf 78' lang='grc' dir='ltr'>οὐδὲ</span> <span class='ocrx_word' id='word_1_305' title='bbox 3538 2387 3622 2458; x_wconf 83' lang='grc' dir='ltr'><strong>τῷ</strong></span> 
     </span>
    </p>
   </div>
   <div class='ocr_carea' id='block_1_43' title="bbox 337 2478 1930 2551">
    <p class='ocr_par' dir='ltr' id='par_1_43' title="bbox 337 2479 1924 2551">
     <span class='ocr_line' id='line_1_44' title="bbox 337 2479 1924 2551; baseline 0 -16"><span class='ocrx_word' id='word_1_306' title='bbox 337 2480 490 2550; x_wconf 83' lang='lat' dir='ltr'><strong>gravi</strong></span> <span class='ocrx_word' id='word_1_307' title='bbox 516 2490 571 2535; x_wconf 87' lang='lat' dir='ltr'><strong>et</strong></span> <span class='ocrx_word' id='word_1_308' title='bbox 598 2479 801 2535; x_wconf 73' lang='lat' dir='ltr'><strong>difﬁcili</strong></span> <span class='ocrx_word' id='word_1_309' title='bbox 832 2480 899 2535; x_wconf 88' lang='lat' dir='ltr'><strong>ad</strong></span> <span class='ocrx_word' id='word_1_310' title='bbox 927 2480 1396 2551; x_wconf 84' lang='lat' dir='ltr'><strong>portandumiugo</strong></span> <span class='ocrx_word' id='word_1_311' title='bbox 1413 2480 1546 2550; x_wconf 85' lang='lat' dir='ltr'><strong>legis</strong></span> <span class='ocrx_word' id='word_1_312' title='bbox 1559 2481 1838 2536; x_wconf 90' lang='lat' dir='ltr'><strong>continere</strong></span> <span class='ocrx_word' id='word_1_313' title='bbox 1867 2488 1924 2535; x_wconf 92' lang='lat' dir='ltr'><strong>et</strong></span> 
     </span>
    </p>
   </div>
   <div class='ocr_carea' id='block_1_44' title="bbox 2041 2478 3623 2551">
    <p class='ocr_par' dir='ltr' id='par_1_44' title="bbox 2041 2478 3623 2551">
     <span class='ocr_line' id='line_1_45' title="bbox 2041 2478 3623 2551; baseline -0.002 -17"><span class='ocrx_word' id='word_1_314' title='bbox 2041 2480 2356 2551; x_wconf 69' lang='grc' dir='ltr'>πολυμόχθῳ</span> <span class='ocrx_word' id='word_1_315' title='bbox 2388 2481 2483 2535; x_wconf 79' lang='grc' dir='ltr'>καὶ</span> <span class='ocrx_word' id='word_1_316' title='bbox 2521 2479 2902 2551; x_wconf 81' lang='grc' dir='ltr'>δυσεξανύστῳ</span> <span class='ocrx_word' id='word_1_317' title='bbox 2936 2478 3090 2551; x_wconf 79' lang='grc' dir='ltr'>ζυγῷ</span> <span class='ocrx_word' id='word_1_318' title='bbox 3138 2479 3233 2533; x_wconf 77' lang='grc' dir='ltr'><strong>τοῦ</strong></span> <span class='ocrx_word' id='word_1_319' title='bbox 3275 2479 3446 2551; x_wconf 84' lang='grc' dir='ltr'>νόμου</span> <span class='ocrx_word' id='word_1_320' title='bbox 3488 2497 3623 2533; x_wconf 87' lang='grc' dir='ltr'>συν-</span> 
     </span>
    </p>
   </div>
   <div class='ocr_carea' id='block_1_45' title="bbox 328 2569 1930 2645">
    <p class='ocr_par' dir='ltr' id='par_1_45' title="bbox 328 2569 1924 2645">
     <span class='ocr_line' id='line_1_46' title="bbox 328 2569 1924 2645; baseline 0.001 -21"><span class='ocrx_word' id='word_1_321' title='bbox 328 2569 493 2645; x_wconf 81' lang='lat' dir='ltr'><strong>aliligi</strong></span> <span class='ocrx_word' id='word_1_322' title='bbox 525 2569 746 2638; x_wconf 85' lang='lat' dir='ltr'><strong>debere,</strong></span> <span class='ocrx_word' id='word_1_323' title='bbox 787 2585 854 2625; x_wconf 86' lang='lat' dir='ltr'><strong>ne</strong></span> <span class='ocrx_word' id='word_1_324' title='bbox 883 2570 1189 2626; x_wconf 85' lang='lat' dir='ltr'><strong>libertatem</strong></span> <span class='ocrx_word' id='word_1_325' title='bbox 1235 2570 1340 2628; x_wconf 87' lang='lat' dir='ltr'><strong>sibi</strong></span> <span class='ocrx_word' id='word_1_326' title='bbox 1410 2585 1632 2643; x_wconf 81' lang='lat' dir='ltr'><strong>quoque</strong></span> <span class='ocrx_word' id='word_1_327' title='bbox 1690 2571 1924 2628; x_wconf 84' lang='lat' dir='ltr'><strong>aliorum</strong></span> 
     </span>
    </p>
   </div>
   <div class='ocr_carea' id='block_1_46' title="bbox 2041 2569 3621 2645">
    <p class='ocr_par' dir='ltr' id='par_1_46' title="bbox 2041 2569 3621 2644">
     <span class='ocr_line' id='line_1_47' title="bbox 2041 2569 3621 2644; baseline 0 -18"><span class='ocrx_word' id='word_1_328' title='bbox 2041 2572 2244 2644; x_wconf 69' lang='lat' dir='ltr'><strong>Excutiat</strong></span> <span class='ocrx_word' id='word_1_329' title='bbox 2293 2571 2389 2626; x_wconf 72' lang='grc' dir='ltr'>καὶ</span> <span class='ocrx_word' id='word_1_330' title='bbox 2426 2569 2895 2643; x_wconf 81' lang='grc' dir='ltr'>ταλαιπωρεῖσθαι</span> <span class='ocrx_word' id='word_1_331' title='bbox 2948 2571 3385 2644; x_wconf 85' lang='grc' dir='ltr'>κεχρεώστηκεν,</span> <span class='ocrx_word' id='word_1_332' title='bbox 3428 2571 3518 2626; x_wconf 82' lang='grc' dir='ltr'>ἵνα</span> <span class='ocrx_word' id='word_1_333' title='bbox 3542 2571 3621 2641; x_wconf 69' lang='grc' dir='ltr'>μὴ</span> 
     </span>
    </p>
   </div>
   <div class='ocr_carea' id='block_1_47' title="bbox 320 2656 1930 2735">
    <p class='ocr_par' dir='ltr' id='par_1_47' title="bbox 320 2662 1927 2734">
     <span class='ocr_line' id='line_1_48' title="bbox 320 2662 1927 2734; baseline 0 -15"><span class='ocrx_word' id='word_1_334' title='bbox 320 2676 455 2732; x_wconf 68' lang='grc' dir='ltr'>ψιεε</span> <span class='ocrx_word' id='word_1_335' title='bbox 484 2676 597 2719; x_wconf 83' lang='lat' dir='ltr'><strong>non</strong></span> <span class='ocrx_word' id='word_1_336' title='bbox 628 2672 842 2734; x_wconf 77' lang='lat' dir='ltr'><strong>Oportet</strong></span> <span class='ocrx_word' id='word_1_337' title='bbox 865 2677 1028 2733; x_wconf 83' lang='lat' dir='ltr'><strong>agere</strong></span> <span class='ocrx_word' id='word_1_338' title='bbox 1056 2662 1249 2719; x_wconf 88' lang='lat' dir='ltr'><strong>donari</strong></span> <span class='ocrx_word' id='word_1_339' title='bbox 1283 2670 1558 2733; x_wconf 86' lang='lat' dir='ltr'><strong>putarent,</strong></span> <span class='ocrx_word' id='word_1_340' title='bbox 1592 2672 1646 2720; x_wconf 91' lang='lat' dir='ltr'><strong>et</strong></span> <span class='ocrx_word' id='word_1_341' title='bbox 1676 2663 1927 2721; x_wconf 88' lang='lat' dir='ltr'><strong>occasio-</strong></span> 
     </span>
    </p>
   </div>
   <div class='ocr_carea' id='block_1_48' title="bbox 2041 2656 3625 2735">
    <p class='ocr_par' dir='ltr' id='par_1_48' title="bbox 2041 2656 3625 2735">
     <span class='ocr_line' id='line_1_49' title="bbox 2041 2656 3625 2735; baseline 0 -18"><span class='ocrx_word' id='word_1_342' title='bbox 2041 2663 2127 2735; x_wconf 77' lang='grc' dir='ltr'>τὴν</span> <span class='ocrx_word' id='word_1_343' title='bbox 2184 2662 2499 2733; x_wconf 74' lang='grc' dir='ltr'>ἐλευθερίαν</span> <span class='ocrx_word' id='word_1_344' title='bbox 2551 2664 2737 2726; x_wconf 83' lang='grc' dir='ltr'>αὐτοῖς</span> <span class='ocrx_word' id='word_1_345' title='bbox 2775 2664 2872 2718; x_wconf 80' lang='grc' dir='ltr'>καὶ</span> <span class='ocrx_word' id='word_1_346' title='bbox 2919 2663 3030 2718; x_wconf 78' lang='grc' dir='ltr'>τῶν</span> <span class='ocrx_word' id='word_1_347' title='bbox 3062 2656 3244 2716; x_wconf 54' lang='grc' dir='ltr'>’ἀλλων</span> <span class='ocrx_word' id='word_1_348' title='bbox 3281 2664 3378 2717; x_wconf 76' lang='grc' dir='ltr'>ὅσα</span> <span class='ocrx_word' id='word_1_349' title='bbox 3416 2663 3491 2733; x_wconf 80' lang='grc' dir='ltr'>μὴ</span> <span class='ocrx_word' id='word_1_350' title='bbox 3538 2663 3625 2717; x_wconf 77' lang='grc' dir='ltr'>δεῐ</span> 
     </span>
    </p>
   </div>
   <div class='ocr_carea' id='block_1_49' title="bbox 328 2753 1930 2826">
    <p class='ocr_par' dir='ltr' id='par_1_49' title="bbox 328 2753 1924 2824">
     <span class='ocr_line' id='line_1_50' title="bbox 328 2753 1924 2824; baseline 0.001 -14"><span class='ocrx_word' id='word_1_351' title='bbox 328 2770 454 2810; x_wconf 87' lang='lat' dir='ltr'><strong>nem</strong></span> <span class='ocrx_word' id='word_1_352' title='bbox 496 2753 781 2812; x_wconf 83' lang='lat' dir='ltr'><strong>--libertatis</strong></span> <span class='ocrx_word' id='word_1_353' title='bbox 811 2754 1070 2824; x_wconf 87' lang='lat' dir='ltr'><strong>iniuriam</strong></span> <span class='ocrx_word' id='word_1_354' title='bbox 1129 2753 1375 2811; x_wconf 87' lang='lat' dir='ltr'><strong>facerent</strong></span> <span class='ocrx_word' id='word_1_355' title='bbox 1430 2755 1700 2812; x_wconf 89' lang='lat' dir='ltr'><strong>libertatis</strong></span> <span class='ocrx_word' id='word_1_356' title='bbox 1729 2755 1924 2812; x_wconf 88' lang='lat' dir='ltr'><strong>subse-</strong></span> 
     </span>
    </p>
   </div>
   <div class='ocr_carea' id='block_1_50' title="bbox 2041 2753 3622 2826">
    <p class='ocr_par' dir='ltr' id='par_1_50' title="bbox 2041 2753 3622 2826">
     <span class='ocr_line' id='line_1_51' title="bbox 2041 2753 3622 2826; baseline -0.001 -18"><span class='ocrx_word' id='word_1_357' title='bbox 2041 2754 2291 2825; x_wconf 80' lang='grc' dir='ltr'>πράττειν</span> <span class='ocrx_word' id='word_1_358' title='bbox 2328 2753 2649 2825; x_wconf 78' lang='grc' dir='ltr'>χαρίζεσθαι</span> <span class='ocrx_word' id='word_1_359' title='bbox 2685 2754 2959 2826; x_wconf 81' lang='grc' dir='ltr'>νομιοῦσι,</span> <span class='ocrx_word' id='word_1_360' title='bbox 2984 2756 3080 2809; x_wconf 75' lang='grc' dir='ltr'>καὶ</span> <span class='ocrx_word' id='word_1_361' title='bbox 3118 2754 3217 2825; x_wconf 83' lang='grc' dir='ltr'>τὴν</span> <span class='ocrx_word' id='word_1_362' title='bbox 3247 2755 3503 2826; x_wconf 71' lang='grc' dir='ltr'>ἀφορμὴν</span> <span class='ocrx_word' id='word_1_363' title='bbox 3521 2755 3622 2823; x_wconf 70' lang='grc' dir='ltr'>τῆς</span> 
     </span>
    </p>
   </div>
   <div class='ocr_carea' id='block_1_51' title="bbox 326 2847 1930 2920">
    <p class='ocr_par' dir='ltr' id='par_1_51' title="bbox 326 2847 1930 2919">
     <span class='ocr_line' id='line_1_52' title="bbox 326 2847 1930 2919; baseline -0.001 -15"><span class='ocrx_word' id='word_1_364' title='bbox 326 2856 516 2904; x_wconf 87' lang='lat' dir='ltr'><strong>cantes</strong></span> <span class='ocrx_word' id='word_1_365' title='bbox 560 2848 713 2904; x_wconf 90' lang='lat' dir='ltr'><strong>carni</strong></span> <span class='ocrx_word' id='word_1_366' title='bbox 746 2847 1177 2919; x_wconf 73' lang='lat' dir='ltr'><strong>etpassionilius</strong></span> <span class='ocrx_word' id='word_1_367' title='bbox 1207 2862 1549 2919; x_wconf 64' lang='lat' dir='ltr'><strong>quaecunque</strong></span> <span class='ocrx_word' id='word_1_368' title='bbox 1594 2847 1777 2905; x_wconf 85' lang='lat' dir='ltr'><strong>carnis</strong></span> <span class='ocrx_word' id='word_1_369' title='bbox 1806 2864 1930 2918; x_wconf 83' lang='lat' dir='ltr'><strong>ger-</strong></span> 
     </span>
    </p>
   </div>
   <div class='ocr_carea' id='block_1_52' title="bbox 2041 2847 3621 2920">
    <p class='ocr_par' dir='ltr' id='par_1_52' title="bbox 2041 2847 3621 2920">
     <span class='ocr_line' id='line_1_53' title="bbox 2041 2847 3621 2920; baseline -0.001 -18"><span class='ocrx_word' id='word_1_370' title='bbox 2041 2847 2346 2919; x_wconf 66' lang='grc' dir='ltr'>ἐλευθερίας</span> <span class='ocrx_word' id='word_1_371' title='bbox 2383 2847 2543 2919; x_wconf 77' lang='grc' dir='ltr'>ὕϐριν</span> <span class='ocrx_word' id='word_1_372' title='bbox 2582 2848 2918 2920; x_wconf 81' lang='grc' dir='ltr'>ποιήσωνται</span> <span class='ocrx_word' id='word_1_373' title='bbox 2954 2849 3055 2919; x_wconf 82' lang='grc' dir='ltr'>τῆς</span> <span class='ocrx_word' id='word_1_374' title='bbox 3102 2848 3418 2919; x_wconf 82' lang='grc' dir='ltr'>ἐλευθερίας</span> <span class='ocrx_word' id='word_1_375' title='bbox 3484 2847 3621 2901; x_wconf 77' lang='grc' dir='ltr'>ὑπο-</span> 
     </span>
    </p>
   </div>
   <div class='ocr_carea' id='block_1_53' title="bbox 328 2912 1930 3012">
    <p class='ocr_par' dir='ltr' id='par_1_53' title="bbox 328 2912 1928 3009">
     <span class='ocr_line' id='line_1_54' title="bbox 328 2912 1928 3009; baseline 0 -16"><span class='ocrx_word' id='word_1_376' title='bbox 328 2938 545 2997; x_wconf 82' lang='lat' dir='ltr'><strong>minam</strong></span> <span class='ocrx_word' id='word_1_377' title='bbox 588 2946 644 2994; x_wconf 85' lang='lat' dir='ltr'><strong>et</strong></span> <span class='ocrx_word' id='word_1_378' title='bbox 694 2912 1019 2995; x_wconf 71' lang='lat' dir='ltr'><strong>nascuntur.</strong></span> <span class='ocrx_word' id='word_1_379' title='bbox 1076 2912 1370 3008; x_wconf 66' lang='lat' dir='ltr'><strong>Propierea</strong></span> <span class='ocrx_word' id='word_1_380' title='bbox 1418 2912 1669 3009; x_wconf 80' lang='lat' dir='ltr'><strong>adiunxit</strong></span> <span class='ocrx_word' id='word_1_381' title='bbox 1706 2955 1721 2993; x_wconf 90' lang='lat'><strong>:</strong></span> <span class='ocrx_word' id='word_1_382' title='bbox 1764 2912 1928 2994; x_wconf 42' lang='lat' dir='ltr'><strong>(Sed</strong></span> 
     </span>
    </p>
   </div>
   <div class='ocr_carea' id='block_1_54' title="bbox 2041 2912 3627 3012">
    <p class='ocr_par' dir='ltr' id='par_1_54' title="bbox 2041 2912 3627 3012">
     <span class='ocr_line' id='line_1_55' title="bbox 2041 2912 3627 3012; baseline 0.001 -20"><span class='ocrx_word' id='word_1_383' title='bbox 2041 2912 2324 3002; x_wconf 73' lang='grc' dir='ltr'>κόπτοντες</span> <span class='ocrx_word' id='word_1_384' title='bbox 2364 2912 2528 3009; x_wconf 77' lang='grc' dir='ltr'>σαρκὶ</span> <span class='ocrx_word' id='word_1_385' title='bbox 2567 2938 2660 2994; x_wconf 78' lang='grc' dir='ltr'>καὶ</span> <span class='ocrx_word' id='word_1_386' title='bbox 2690 2912 2944 3000; x_wconf 72' lang='grc' dir='ltr'>πάθεσιν,</span> <span class='ocrx_word' id='word_1_387' title='bbox 3001 2912 3103 2995; x_wconf 69' lang='grc' dir='ltr'><strong>δσα</strong></span> <span class='ocrx_word' id='word_1_388' title='bbox 3129 2943 3225 3011; x_wconf 84' lang='grc' dir='ltr'>τῆς</span> <span class='ocrx_word' id='word_1_389' title='bbox 3249 2912 3451 3012; x_wconf 63' lang='grc' dir='ltr'>σαρκὸς</span> <span class='ocrx_word' id='word_1_390' title='bbox 3484 2942 3627 2994; x_wconf 86' lang='grc' dir='ltr'>ἀπο-</span> 
     </span>
    </p>
   </div>
   <div class='ocr_carea' id='block_1_55' title="bbox 329 3029 1930 3105">
    <p class='ocr_par' dir='ltr' id='par_1_55' title="bbox 329 3029 1927 3101">
     <span class='ocr_line' id='line_1_56' title="bbox 329 3029 1927 3101; baseline -0.001 -14"><span class='ocrx_word' id='word_1_391' title='bbox 329 3045 429 3100; x_wconf 89' lang='lat' dir='ltr'><strong>per</strong></span> <span class='ocrx_word' id='word_1_392' title='bbox 454 3029 777 3087; x_wconf 87' lang='lat' dir='ltr'><strong>charitatem</strong></span> <span class='ocrx_word' id='word_1_393' title='bbox 812 3031 1012 3087; x_wconf 84' lang='lat' dir='ltr'><strong>servite</strong></span> <span class='ocrx_word' id='word_1_394' title='bbox 1057 3030 1312 3096; x_wconf 89' lang='lat' dir='ltr'><strong>invicem,</strong></span> <span class='ocrx_word' id='word_1_395' title='bbox 1350 3049 1379 3083; x_wconf 65' lang='grc' dir='ltr'><strong>τ</strong></span> <span class='ocrx_word' id='word_1_396' title='bbox 1408 3033 1565 3101; x_wconf 89' lang='lat' dir='ltr'><strong>quasi</strong></span> <span class='ocrx_word' id='word_1_397' title='bbox 1594 3030 1877 3101; x_wconf 88' lang='lat' dir='ltr'><strong>(diceret)</strong></span> <span class='ocrx_word' id='word_1_398' title='bbox 1910 3048 1927 3086; x_wconf 86' lang='lat'><strong>:</strong></span> 
     </span>
    </p>
   </div>
   <div class='ocr_carea' id='block_1_56' title="bbox 2041 3029 3627 3105">
    <p class='ocr_par' dir='ltr' id='par_1_56' title="bbox 2041 3030 3627 3105">
     <span class='ocr_line' id='line_1_57' title="bbox 2041 3030 3627 3105; baseline 0.003 -22"><span class='ocrx_word' id='word_1_399' title='bbox 2041 3030 2321 3085; x_wconf 78' lang='grc' dir='ltr'>Βλαστάνει</span> <span class='ocrx_word' id='word_1_400' title='bbox 2360 3032 2456 3085; x_wconf 62' lang='grc' dir='ltr'><strong>κα)⁸</strong></span> <span class='ocrx_word' id='word_1_401' title='bbox 2484 3030 2701 3100; x_wconf 86' lang='grc' dir='ltr'>φύεται.</span> <span class='ocrx_word' id='word_1_402' title='bbox 2725 3031 2827 3085; x_wconf 90' lang='grc' dir='ltr'>Διά</span> <span class='ocrx_word' id='word_1_403' title='bbox 2862 3032 3021 3087; x_wconf 76' lang='grc' dir='ltr'>τοῦτο</span> <span class='ocrx_word' id='word_1_404' title='bbox 3042 3034 3322 3105; x_wconf 76' lang='grc' dir='ltr'>ἐπήγαγεν</span> <span class='ocrx_word' id='word_1_405' title='bbox 3343 3049 3359 3063; x_wconf 78' lang='grc'><em>’</em></span> <span class='ocrx_word' id='word_1_406' title='bbox 3398 3052 3419 3085; x_wconf 81' lang='grc' dir='ltr'><strong>ι</strong></span> <span class='ocrx_word' id='word_1_407' title='bbox 3461 3032 3627 3087; x_wconf 79' lang='grc' dir='ltr'>Ἀλλά</span> 
     </span>
    </p>
   </div>
   <div class='ocr_carea' id='block_1_57' title="bbox 331 3118 1930 3196">
    <p class='ocr_par' dir='ltr' id='par_1_57' title="bbox 331 3118 1930 3193">
     <span class='ocr_line' id='line_1_58' title="bbox 331 3118 1930 3193; baseline 0.001 -17"><span class='ocrx_word' id='word_1_408' title='bbox 331 3118 592 3179; x_wconf 83' lang='lat' dir='ltr'><strong>Revocati</strong></span> <span class='ocrx_word' id='word_1_409' title='bbox 653 3121 790 3178; x_wconf 85' lang='lat' dir='ltr'><strong>estis</strong></span> <span class='ocrx_word' id='word_1_410' title='bbox 814 3135 846 3174; x_wconf 89' lang='lat' dir='ltr'><strong>a</strong></span> <span class='ocrx_word' id='word_1_411' title='bbox 879 3122 1142 3177; x_wconf 82' lang='lat' dir='ltr'><strong>servitute</strong></span> <span class='ocrx_word' id='word_1_412' title='bbox 1176 3120 1322 3177; x_wconf 89' lang='lat' dir='ltr'><strong>dura</strong></span> <span class='ocrx_word' id='word_1_413' title='bbox 1371 3122 1426 3177; x_wconf 89' lang='lat' dir='ltr'><strong>in</strong></span> <span class='ocrx_word' id='word_1_414' title='bbox 1455 3122 1853 3193; x_wconf 82' lang='lat' dir='ltr'><strong>inexpectatam</strong></span> <span class='ocrx_word' id='word_1_415' title='bbox 1877 3131 1930 3177; x_wconf 86' lang='lat' dir='ltr'><strong>et</strong></span> 
     </span>
    </p>
   </div>
   <div class='ocr_carea' id='block_1_58' title="bbox 2041 3118 3628 3196">
    <p class='ocr_par' dir='ltr' id='par_1_58' title="bbox 2041 3120 3628 3196">
     <span class='ocr_line' id='line_1_59' title="bbox 2041 3120 3628 3196; baseline 0.001 -19"><span class='ocrx_word' id='word_1_416' title='bbox 2041 3122 2117 3177; x_wconf 85' lang='grc' dir='ltr'><strong>5ιά</strong></span> <span class='ocrx_word' id='word_1_417' title='bbox 2155 3123 2257 3195; x_wconf 84' lang='grc' dir='ltr'>τῆς</span> <span class='ocrx_word' id='word_1_418' title='bbox 2291 3122 2513 3195; x_wconf 81' lang='grc' dir='ltr'><strong>ἀγάπης</strong></span> <span class='ocrx_word' id='word_1_419' title='bbox 2550 3122 2832 3178; x_wconf 83' lang='grc' dir='ltr'>δουλεύετε</span> <span class='ocrx_word' id='word_1_420' title='bbox 2891 3124 3143 3196; x_wconf 85' lang='grc' dir='ltr'>ἀλλήλοις</span> <span class='ocrx_word' id='word_1_421' title='bbox 3183 3139 3198 3155; x_wconf 78' lang='grc' dir='ltr'><strong>ο</strong></span> <span class='ocrx_word' id='word_1_422' title='bbox 3247 3144 3267 3177; x_wconf 72' lang='grc' dir='ltr'><strong>ι</strong></span> <span class='ocrx_word' id='word_1_423' title='bbox 3326 3120 3461 3190; x_wconf 79' lang='grc' dir='ltr'>οἷον,</span> <span class='ocrx_word' id='word_1_424' title='bbox 3500 3126 3628 3178; x_wconf 76' lang='grc' dir='ltr'><strong>Ἀν-</strong></span> 
     </span>
    </p>
   </div>
   <div class='ocr_carea' id='block_1_59' title="bbox 338 3213 1930 3287">
    <p class='ocr_par' dir='ltr' id='par_1_59' title="bbox 338 3213 1930 3286">
     <span class='ocr_line' id='line_1_60' title="bbox 338 3213 1930 3286; baseline 0 -15"><span class='ocrx_word' id='word_1_425' title='bbox 338 3215 559 3271; x_wconf 87' lang='lat' dir='ltr'><strong>beatam</strong></span> <span class='ocrx_word' id='word_1_426' title='bbox 590 3214 920 3281; x_wconf 83' lang='lat' dir='ltr'><strong>libertatem,</strong></span> <span class='ocrx_word' id='word_1_427' title='bbox 954 3213 1124 3286; x_wconf 80' lang='lat' dir='ltr'><strong>fugite</strong></span> <span class='ocrx_word' id='word_1_428' title='bbox 1156 3214 1338 3270; x_wconf 87' lang='lat' dir='ltr'><strong>carnis</strong></span> <span class='ocrx_word' id='word_1_429' title='bbox 1364 3214 1793 3273; x_wconf 83' lang='lat' dir='ltr'><strong>dominationem</strong></span> <span class='ocrx_word' id='word_1_430' title='bbox 1836 3230 1930 3285; x_wconf 84' lang='lat' dir='ltr'><strong>per</strong></span> 
     </span>
    </p>
   </div>
   <div class='ocr_carea' id='block_1_60' title="bbox 2041 3213 3630 3287">
    <p class='ocr_par' dir='ltr' id='par_1_60' title="bbox 2041 3214 3630 3287">
     <span class='ocr_line' id='line_1_61' title="bbox 2041 3214 3630 3287; baseline -0.003 -15"><span class='ocrx_word' id='word_1_431' title='bbox 2041 3215 2294 3287; x_wconf 73' lang='grc' dir='ltr'>ῑκλήθητε</span> <span class='ocrx_word' id='word_1_432' title='bbox 2310 3216 2559 3278; x_wconf 86' lang='grc' dir='ltr'>δουλείας</span> <span class='ocrx_word' id='word_1_433' title='bbox 2584 3214 2832 3286; x_wconf 82' lang='grc' dir='ltr'>χαλεπῆς</span> <span class='ocrx_word' id='word_1_434' title='bbox 2862 3216 2943 3278; x_wconf 80' lang='grc' dir='ltr'><strong>είς</strong></span> <span class='ocrx_word' id='word_1_435' title='bbox 2961 3214 3371 3286; x_wconf 77' lang='grc' dir='ltr'>ἀπροσδόκητον</span> <span class='ocrx_word' id='word_1_436' title='bbox 3393 3215 3489 3270; x_wconf 80' lang='grc' dir='ltr'>καὶ</span> <span class='ocrx_word' id='word_1_437' title='bbox 3518 3232 3630 3286; x_wconf 82' lang='grc' dir='ltr'>μα-</span> 
     </span>
    </p>
   </div>
   <div class='ocr_carea' id='block_1_61' title="bbox 332 3305 1932 3381">
    <p class='ocr_par' dir='ltr' id='par_1_61' title="bbox 332 3305 1932 3381">
     <span class='ocr_line' id='line_1_62' title="bbox 332 3305 1932 3381; baseline 0.001 -21"><span class='ocrx_word' id='word_1_438' title='bbox 332 3321 499 3377; x_wconf 89' lang='lat' dir='ltr'><strong>quam</strong></span> <span class='ocrx_word' id='word_1_439' title='bbox 521 3306 676 3363; x_wconf 90' lang='lat' dir='ltr'><strong>vobis</strong></span> <span class='ocrx_word' id='word_1_440' title='bbox 692 3314 1020 3381; x_wconf 70' lang='lat' dir='ltr'><strong>aggravetur</strong></span> <span class='ocrx_word' id='word_1_441' title='bbox 1047 3305 1309 3373; x_wconf 88' lang='lat' dir='ltr'><strong>servitus,</strong></span> <span class='ocrx_word' id='word_1_442' title='bbox 1335 3320 1513 3376; x_wconf 88' lang='lat' dir='ltr'><strong>neque</strong></span> <span class='ocrx_word' id='word_1_443' title='bbox 1537 3306 1656 3377; x_wconf 88' lang='lat' dir='ltr'><strong>eius</strong></span> <span class='ocrx_word' id='word_1_444' title='bbox 1685 3305 1932 3375; x_wconf 86' lang='lat' dir='ltr'><strong>subiacet</strong></span> 
     </span>
    </p>
   </div>
   <div class='ocr_carea' id='block_1_62' title="bbox 333 3394 1932 3466">
    <p class='ocr_par' dir='ltr' id='par_1_62' title="bbox 333 3394 1932 3466">
     <span class='ocr_line' id='line_1_63' title="bbox 333 3394 1932 3466; baseline 0.001 -16"><span class='ocrx_word' id='word_1_445' title='bbox 333 3394 564 3466; x_wconf 90' lang='lat' dir='ltr'><strong>legibus.</strong></span> <span class='ocrx_word' id='word_1_446' title='bbox 613 3394 812 3451; x_wconf 84' lang='lat' dir='ltr'><strong>Carnis</strong></span> <span class='ocrx_word' id='word_1_447' title='bbox 842 3412 973 3451; x_wconf 87' lang='lat' dir='ltr'><strong>vero</strong></span> <span class='ocrx_word' id='word_1_448' title='bbox 1032 3396 1351 3452; x_wconf 88' lang='lat' dir='ltr'><strong>servitutem</strong></span> <span class='ocrx_word' id='word_1_449' title='bbox 1400 3395 1754 3454; x_wconf 83' lang='lat' dir='ltr'><strong>manifestum</strong></span> <span class='ocrx_word' id='word_1_450' title='bbox 1790 3396 1932 3452; x_wconf 90' lang='lat' dir='ltr'><strong>mul-</strong></span> 
     </span>
    </p>
   </div>
   <div class='ocr_carea' id='block_1_63' title="bbox 337 3489 1932 3560">
    <p class='ocr_par' dir='ltr' id='par_1_63' title="bbox 337 3489 1932 3560">
     <span class='ocr_line' id='line_1_64' title="bbox 337 3489 1932 3560; baseline 0 -15"><span class='ocrx_word' id='word_1_451' title='bbox 337 3497 517 3545; x_wconf 90' lang='lat' dir='ltr'><strong>tarum</strong></span> <span class='ocrx_word' id='word_1_452' title='bbox 563 3503 785 3559; x_wconf 87' lang='lat' dir='ltr'><strong>quoque</strong></span> <span class='ocrx_word' id='word_1_453' title='bbox 809 3489 1044 3544; x_wconf 88' lang='lat' dir='ltr'><strong>aliarum</strong></span> <span class='ocrx_word' id='word_1_454' title='bbox 1081 3490 1402 3560; x_wconf 84' lang='lat' dir='ltr'><strong>passionum</strong></span> <span class='ocrx_word' id='word_1_455' title='bbox 1432 3497 1489 3545; x_wconf 88' lang='lat' dir='ltr'><strong>et</strong></span> <span class='ocrx_word' id='word_1_456' title='bbox 1520 3489 1740 3544; x_wconf 79' lang='lat' dir='ltr'><strong>malitiae</strong></span> <span class='ocrx_word' id='word_1_457' title='bbox 1777 3504 1932 3545; x_wconf 87' lang='lat' dir='ltr'><strong>crea-</strong></span> 
     </span>
    </p>
   </div>
   <div class='ocr_carea' id='block_1_64' title="bbox 338 3580 1931 3653">
    <p class='ocr_par' dir='ltr' id='par_1_64' title="bbox 338 3580 1931 3653">
     <span class='ocr_line' id='line_1_65' title="bbox 338 3580 1931 3653; baseline 0 -18"><span class='ocrx_word' id='word_1_458' title='bbox 338 3581 525 3637; x_wconf 87' lang='lat' dir='ltr'><strong>tricem</strong></span> <span class='ocrx_word' id='word_1_459' title='bbox 549 3587 602 3636; x_wconf 92' lang='lat' dir='ltr'><strong>et</strong></span> <span class='ocrx_word' id='word_1_460' title='bbox 639 3581 901 3636; x_wconf 80' lang='lat' dir='ltr'><strong>artificem</strong></span> <span class='ocrx_word' id='word_1_461' title='bbox 923 3580 1167 3653; x_wconf 74' lang='lat' dir='ltr'><strong>[essejet</strong></span> <span class='ocrx_word' id='word_1_462' title='bbox 1196 3581 1544 3637; x_wconf 88' lang='lat' dir='ltr'><strong>machinatur</strong></span> <span class='ocrx_word' id='word_1_463' title='bbox 1576 3592 1790 3638; x_wconf 84' lang='lat' dir='ltr'><strong>vastare</strong></span> <span class='ocrx_word' id='word_1_464' title='bbox 1822 3580 1931 3637; x_wconf 83' lang='lat' dir='ltr'><strong>vir-</strong></span> 
     </span>
    </p>
   </div>
   <div class='ocr_carea' id='block_1_65' title="bbox 338 3671 1930 3747">
    <p class='ocr_par' dir='ltr' id='par_1_65' title="bbox 338 3671 1930 3747">
     <span class='ocr_line' id='line_1_66' title="bbox 338 3671 1930 3747; baseline 0.001 -19"><span class='ocrx_word' id='word_1_465' title='bbox 338 3672 473 3729; x_wconf 88' lang='lat' dir='ltr'><strong>tutis</strong></span> <span class='ocrx_word' id='word_1_466' title='bbox 492 3683 546 3729; x_wconf 84' lang='lat' dir='ltr'><strong>et</strong></span> <span class='ocrx_word' id='word_1_467' title='bbox 565 3674 833 3730; x_wconf 87' lang='lat' dir='ltr'><strong>libertatis</strong></span> <span class='ocrx_word' id='word_1_468' title='bbox 859 3674 1139 3730; x_wconf 89' lang='lat' dir='ltr'><strong>decorem.</strong></span> <span class='ocrx_word' id='word_1_469' title='bbox 1164 3671 1298 3745; x_wconf 82' lang='lat' dir='ltr'><strong>[Sed</strong></span> <span class='ocrx_word' id='word_1_470' title='bbox 1326 3672 1404 3747; x_wconf 80' lang='lat' dir='ltr'><strong>et]</strong></span> <span class='ocrx_word' id='word_1_471' title='bbox 1423 3689 1671 3731; x_wconf 81' lang='lat' dir='ltr'><strong>amorem</strong></span> <span class='ocrx_word' id='word_1_472' title='bbox 1695 3684 1930 3730; x_wconf 88' lang='lat' dir='ltr'><strong>conatur</strong></span> 
     </span>
    </p>
   </div>
   <div class='ocr_carea' id='block_1_66' title="bbox 340 3764 1930 3837">
    <p class='ocr_par' dir='ltr' id='par_1_66' title="bbox 340 3764 1930 3837">
     <span class='ocr_line' id='line_1_67' title="bbox 340 3764 1930 3837; baseline 0.001 -17"><span class='ocrx_word' id='word_1_473' title='bbox 340 3764 598 3825; x_wconf 83' lang='lat' dir='ltr'><strong>humanis</strong></span> <span class='ocrx_word' id='word_1_474' title='bbox 642 3766 920 3821; x_wconf 89' lang='lat' dir='ltr'><strong>mentibus</strong></span> <span class='ocrx_word' id='word_1_475' title='bbox 954 3765 1244 3837; x_wconf 78' lang='lat' dir='ltr'><strong>expellere.</strong></span> <span class='ocrx_word' id='word_1_476' title='bbox 1274 3766 1341 3821; x_wconf 86' lang='lat' dir='ltr'><strong>Ut</strong></span> <span class='ocrx_word' id='word_1_477' title='bbox 1364 3767 1550 3836; x_wconf 88' lang='lat' dir='ltr'><strong>igitur,</strong></span> <span class='ocrx_word' id='word_1_478' title='bbox 1572 3767 1670 3832; x_wconf 88' lang='lat' dir='ltr'><strong>ait,</strong></span> <span class='ocrx_word' id='word_1_479' title='bbox 1690 3769 1930 3837; x_wconf 76' lang='lat' dir='ltr'><strong>reliquas</strong></span> 
     </span>
    </p>
   </div>
   <div class='ocr_carea' id='block_1_67' title="bbox 341 3857 1932 3928">
    <p class='ocr_par' dir='ltr' id='par_1_67' title="bbox 341 3857 1932 3928">
     <span class='ocr_line' id='line_1_68' title="bbox 341 3857 1932 3928; baseline 0.001 -17"><span class='ocrx_word' id='word_1_480' title='bbox 341 3870 519 3928; x_wconf 87' lang='lat' dir='ltr'><strong>usque</strong></span> <span class='ocrx_word' id='word_1_481' title='bbox 536 3858 798 3927; x_wconf 70' lang='lat' dir='ltr'><strong>nequitia:</strong></span> <span class='ocrx_word' id='word_1_482' title='bbox 821 3857 1246 3913; x_wconf 82' lang='lat' dir='ltr'><strong>insurrectiones</strong></span> <span class='ocrx_word' id='word_1_483' title='bbox 1267 3866 1610 3927; x_wconf 67' lang='lat' dir='ltr'><strong>praeteream,</strong></span> <span class='ocrx_word' id='word_1_484' title='bbox 1637 3873 1760 3928; x_wconf 66' lang='lat' dir='ltr'><strong>quae</strong></span> <span class='ocrx_word' id='word_1_485' title='bbox 1775 3858 1932 3928; x_wconf 89' lang='lat' dir='ltr'><strong>geni-</strong></span> 
     </span>
    </p>
   </div>
   <div class='ocr_carea' id='block_1_68' title="bbox 343 3948 1931 4014">
    <p class='ocr_par' dir='ltr' id='par_1_68' title="bbox 343 3948 1931 4014">
     <span class='ocr_line' id='line_1_69' title="bbox 343 3948 1931 4014; baseline 0.001 -11"><span class='ocrx_word' id='word_1_486' title='bbox 343 3948 492 4004; x_wconf 83' lang='lat' dir='ltr'><strong>mina</strong></span> <span class='ocrx_word' id='word_1_487' title='bbox 518 3949 703 4004; x_wconf 89' lang='lat' dir='ltr'><strong>carnis</strong></span> <span class='ocrx_word' id='word_1_488' title='bbox 728 3958 785 4005; x_wconf 91' lang='lat' dir='ltr'><strong>et</strong></span> <span class='ocrx_word' id='word_1_489' title='bbox 809 3949 1049 4005; x_wconf 85' lang='lat' dir='ltr'><strong>carnalis</strong></span> <span class='ocrx_word' id='word_1_490' title='bbox 1068 3958 1199 4004; x_wconf 85' lang='lat' dir='ltr'><strong>sunt</strong></span> <span class='ocrx_word' id='word_1_491' title='bbox 1221 3962 1440 4014; x_wconf 82' lang='lat' dir='ltr'><strong>sensus,</strong></span> <span class='ocrx_word' id='word_1_492' title='bbox 1460 3950 1546 4005; x_wconf 87' lang='lat' dir='ltr'><strong>his</strong></span> <span class='ocrx_word' id='word_1_493' title='bbox 1564 3950 1689 4006; x_wconf 89' lang='lat' dir='ltr'><strong>inde</strong></span> <span class='ocrx_word' id='word_1_494' title='bbox 1707 3950 1931 4005; x_wconf 82' lang='lat' dir='ltr'><strong>venien-</strong></span> 
     </span>
    </p>
   </div>
   <div class='ocr_carea' id='block_1_69' title="bbox 341 4040 1929 4112">
    <p class='ocr_par' dir='ltr' id='par_1_69' title="bbox 341 4040 1929 4112">
     <span class='ocr_line' id='line_1_70' title="bbox 341 4040 1929 4112; baseline 0.001 -15"><span class='ocrx_word' id='word_1_495' title='bbox 341 4042 491 4097; x_wconf 89' lang='lat' dir='ltr'><strong>tibus</strong></span> <span class='ocrx_word' id='word_1_496' title='bbox 512 4041 730 4097; x_wconf 89' lang='lat' dir='ltr'><strong>insidiis</strong></span> <span class='ocrx_word' id='word_1_497' title='bbox 757 4050 811 4097; x_wconf 89' lang='lat' dir='ltr'><strong>et</strong></span> <span class='ocrx_word' id='word_1_498' title='bbox 827 4041 999 4112; x_wconf 88' lang='lat' dir='ltr'><strong>plagis</strong></span> <span class='ocrx_word' id='word_1_499' title='bbox 1015 4050 1206 4098; x_wconf 86' lang='lat' dir='ltr'><strong>contra</strong></span> <span class='ocrx_word' id='word_1_500' title='bbox 1224 4057 1343 4108; x_wconf 89' lang='lat' dir='ltr'><strong>vos,</strong></span> <span class='ocrx_word' id='word_1_501' title='bbox 1376 4040 1664 4107; x_wconf 80' lang='lat' dir='ltr'><strong>mortifico,</strong></span> <span class='ocrx_word' id='word_1_502' title='bbox 1684 4042 1929 4111; x_wconf 81' lang='lat' dir='ltr'><strong>inquam,</strong></span> 
     </span>
    </p>
   </div>
   <div class='ocr_carea' id='block_1_70' title="bbox 345 4135 1931 4207">
    <p class='ocr_par' dir='ltr' id='par_1_70' title="bbox 345 4135 1931 4207">
     <span class='ocr_line' id='line_1_71' title="bbox 345 4135 1931 4207; baseline 0.001 -17"><span class='ocrx_word' id='word_1_503' title='bbox 345 4135 545 4202; x_wconf 90' lang='lat' dir='ltr'><strong>amori,</strong></span> <span class='ocrx_word' id='word_1_504' title='bbox 575 4135 788 4191; x_wconf 80' lang='lat' dir='ltr'><strong>fortiter</strong></span> <span class='ocrx_word' id='word_1_505' title='bbox 823 4145 1146 4207; x_wconf 88' lang='lat' dir='ltr'><strong>repugnate,</strong></span> <span class='ocrx_word' id='word_1_506' title='bbox 1175 4150 1354 4205; x_wconf 86' lang='lat' dir='ltr'><strong>neque</strong></span> <span class='ocrx_word' id='word_1_507' title='bbox 1393 4146 1451 4189; x_wconf 90' lang='lat' dir='ltr'><strong>ut</strong></span> <span class='ocrx_word' id='word_1_508' title='bbox 1472 4138 1759 4191; x_wconf 89' lang='lat' dir='ltr'><strong>transitum</strong></span> <span class='ocrx_word' id='word_1_509' title='bbox 1778 4150 1931 4205; x_wconf 87' lang='lat' dir='ltr'><strong>repe-</strong></span> 
     </span>
    </p>
   </div>
   <div class='ocr_carea' id='block_1_71' title="bbox 2032 3306 3630 3379">
    <p class='ocr_par' dir='ltr' id='par_1_71' title="bbox 2032 3306 3630 3379">
     <span class='ocr_line' id='line_1_72' title="bbox 2032 3306 3630 3379; baseline -0.002 -17"><span class='ocrx_word' id='word_1_510' title='bbox 2032 3307 2231 3379; x_wconf 86' lang='grc' dir='ltr'>καρίαν</span> <span class='ocrx_word' id='word_1_511' title='bbox 2259 3307 2594 3378; x_wconf 76' lang='grc' dir='ltr'>ἐλευθερίαν,</span> <span class='ocrx_word' id='word_1_512' title='bbox 2624 3307 2856 3377; x_wconf 83' lang='grc' dir='ltr'>φεύγετε</span> <span class='ocrx_word' id='word_1_513' title='bbox 2879 3306 2977 3375; x_wconf 74' lang='grc' dir='ltr'>τῆς</span> <span class='ocrx_word' id='word_1_514' title='bbox 3017 3306 3221 3376; x_wconf 78' lang='grc' dir='ltr'>σαρκὸς</span> <span class='ocrx_word' id='word_1_515' title='bbox 3252 3306 3354 3376; x_wconf 80' lang='grc' dir='ltr'>τὴν</span> <span class='ocrx_word' id='word_1_516' title='bbox 3392 3307 3630 3377; x_wconf 74' lang='grc' dir='ltr'>ἐπικρά-</span> 
     </span>
    </p>
   </div>
   <div class='ocr_carea' id='block_1_72' title="bbox 2030 3391 3631 3469">
    <p class='ocr_par' dir='ltr' id='par_1_72' title="bbox 2030 3391 3631 3469">
     <span class='ocr_line' id='line_1_73' title="bbox 2030 3391 3631 3469; baseline -0.001 -19"><span class='ocrx_word' id='word_1_517' title='bbox 2030 3413 2202 3463; x_wconf 90' lang='grc' dir='ltr'>τειαν,</span> <span class='ocrx_word' id='word_1_518' title='bbox 2237 3396 2305 3449; x_wconf 81' lang='grc' dir='ltr'><strong>δι’</strong></span> <span class='ocrx_word' id='word_1_519' title='bbox 2336 3391 2404 3467; x_wconf 78' lang='grc' dir='ltr'>ἧς</span> <span class='ocrx_word' id='word_1_520' title='bbox 2443 3397 2573 3466; x_wconf 79' lang='grc' dir='ltr'>ὑμῖν</span> <span class='ocrx_word' id='word_1_521' title='bbox 2629 3396 2980 3469; x_wconf 86' lang='grc' dir='ltr'>βαρύνεταιὴ</span> <span class='ocrx_word' id='word_1_522' title='bbox 3017 3396 3270 3450; x_wconf 71' lang='grc' dir='ltr'>δουλείαο</span> <span class='ocrx_word' id='word_1_523' title='bbox 3334 3396 3473 3468; x_wconf 81' lang='grc' dir='ltr'>μηδὲ</span> <span class='ocrx_word' id='word_1_524' title='bbox 3511 3400 3631 3459; x_wconf 67' lang='grc' dir='ltr'>τοῖς</span> 
     </span>
    </p>
   </div>
   <div class='ocr_carea' id='block_1_73' title="bbox 2030 3488 3633 3561">
    <p class='ocr_par' dir='ltr' id='par_1_73' title="bbox 2030 3488 3633 3561">
     <span class='ocr_line' id='line_1_74' title="bbox 2030 3488 3633 3561; baseline 0.001 -20"><span class='ocrx_word' id='word_1_525' title='bbox 2030 3488 2245 3559; x_wconf 71' lang='grc' dir='ltr'>ἐκείνης</span> <span class='ocrx_word' id='word_1_526' title='bbox 2283 3488 2677 3545; x_wconf 83' lang='grc' dir='ltr'>κατακλίνεσθε</span> <span class='ocrx_word' id='word_1_527' title='bbox 2711 3489 2915 3559; x_wconf 87' lang='grc' dir='ltr'>νόμοις.</span> <span class='ocrx_word' id='word_1_528' title='bbox 2960 3490 3025 3545; x_wconf 80' lang='grc' dir='ltr'><strong>Ἠ</strong></span> <span class='ocrx_word' id='word_1_529' title='bbox 3054 3489 3111 3542; x_wconf 80' lang='grc' dir='ltr'>δὲ</span> <span class='ocrx_word' id='word_1_530' title='bbox 3144 3489 3245 3558; x_wconf 81' lang='grc' dir='ltr'>τῆς</span> <span class='ocrx_word' id='word_1_531' title='bbox 3274 3490 3482 3561; x_wconf 70' lang='grc' dir='ltr'>σαρκὸς</span> <span class='ocrx_word' id='word_1_532' title='bbox 3506 3489 3633 3542; x_wconf 83' lang='grc' dir='ltr'>δου-</span> 
     </span>
    </p>
   </div>
   <div class='ocr_carea' id='block_1_74' title="bbox 2031 3581 3633 3652">
    <p class='ocr_par' dir='ltr' id='par_1_74' title="bbox 2031 3581 3633 3652">
     <span class='ocr_line' id='line_1_75' title="bbox 2031 3581 3633 3652; baseline 0.001 -18"><span class='ocrx_word' id='word_1_533' title='bbox 2031 3581 2152 3635; x_wconf 90' lang='grc' dir='ltr'>λεία</span> <span class='ocrx_word' id='word_1_534' title='bbox 2179 3582 2334 3652; x_wconf 78' lang='grc' dir='ltr'>δῆλον</span> <span class='ocrx_word' id='word_1_535' title='bbox 2367 3582 2443 3644; x_wconf 86' lang='grc' dir='ltr'>ὡς</span> <span class='ocrx_word' id='word_1_536' title='bbox 2460 3581 2673 3636; x_wconf 83' lang='grc' dir='ltr'>πολλῶν</span> <span class='ocrx_word' id='word_1_537' title='bbox 2701 3582 2799 3651; x_wconf 85' lang='grc' dir='ltr'>μὲν</span> <span class='ocrx_word' id='word_1_538' title='bbox 2837 3581 2933 3636; x_wconf 75' lang='grc' dir='ltr'>καὶ</span> <span class='ocrx_word' id='word_1_539' title='bbox 2956 3581 3132 3636; x_wconf 83' lang='grc' dir='ltr'>ἀλλων</span> <span class='ocrx_word' id='word_1_540' title='bbox 3170 3581 3290 3637; x_wconf 71' lang='grc' dir='ltr'>ἐστὶ</span> <span class='ocrx_word' id='word_1_541' title='bbox 3318 3581 3512 3636; x_wconf 82' lang='grc' dir='ltr'>παθῶν</span> <span class='ocrx_word' id='word_1_542' title='bbox 3530 3586 3633 3637; x_wconf 79' lang='grc' dir='ltr'>καὶ</span> 
     </span>
    </p>
   </div>
   <div class='ocr_carea' id='block_1_75' title="bbox 2030 3674 3630 3747">
    <p class='ocr_par' dir='ltr' id='par_1_75' title="bbox 2030 3674 3630 3747">
     <span class='ocr_line' id='line_1_76' title="bbox 2030 3674 3630 3747; baseline 0.001 -20"><span class='ocrx_word' id='word_1_543' title='bbox 2030 3674 2231 3738; x_wconf 82' lang='grc' dir='ltr'>κακίας</span> <span class='ocrx_word' id='word_1_544' title='bbox 2286 3674 2621 3747; x_wconf 76' lang='grc' dir='ltr'>δημιουργὸς</span> <span class='ocrx_word' id='word_1_545' title='bbox 2662 3676 2756 3728; x_wconf 73' lang='grc' dir='ltr'><strong>καὶ</strong></span> <span class='ocrx_word' id='word_1_546' title='bbox 2794 3677 3049 3745; x_wconf 83' lang='grc' dir='ltr'>τεχνῖτις,</span> <span class='ocrx_word' id='word_1_547' title='bbox 3087 3676 3183 3729; x_wconf 72' lang='grc' dir='ltr'>καὶ</span> <span class='ocrx_word' id='word_1_548' title='bbox 3218 3674 3630 3745; x_wconf 76' lang='grc' dir='ltr'>διαμηχανᾶται</span> 
     </span>
    </p>
   </div>
   <div class='ocr_carea' id='block_1_76' title="bbox 2029 3762 3634 3836">
    <p class='ocr_par' dir='ltr' id='par_1_76' title="bbox 2029 3762 3634 3836">
     <span class='ocr_line' id='line_1_77' title="bbox 2029 3762 3634 3836; baseline 0.004 -21"><span class='ocrx_word' id='word_1_549' title='bbox 2029 3762 2389 3833; x_wconf 86' lang='grc' dir='ltr'>λυμαίνεσθαι</span> <span class='ocrx_word' id='word_1_550' title='bbox 2414 3765 2515 3833; x_wconf 84' lang='grc' dir='ltr'>τῆς</span> <span class='ocrx_word' id='word_1_551' title='bbox 2555 3766 2757 3836; x_wconf 83' lang='grc' dir='ltr'>ἀρετῆς</span> <span class='ocrx_word' id='word_1_552' title='bbox 2785 3766 2880 3821; x_wconf 76' lang='grc' dir='ltr'>καὶ</span> <span class='ocrx_word' id='word_1_553' title='bbox 2934 3765 3033 3835; x_wconf 82' lang='grc' dir='ltr'>τῆς</span> <span class='ocrx_word' id='word_1_554' title='bbox 3061 3765 3379 3836; x_wconf 76' lang='grc' dir='ltr'>ἐλευθερίας</span> <span class='ocrx_word' id='word_1_555' title='bbox 3408 3768 3474 3821; x_wconf 79' lang='grc' dir='ltr'>τὸ</span> <span class='ocrx_word' id='word_1_556' title='bbox 3498 3768 3634 3821; x_wconf 76' lang='grc' dir='ltr'>κάλ-</span> 
     </span>
    </p>
   </div>
   <div class='ocr_carea' id='block_1_77' title="bbox 2030 3855 3635 3929">
    <p class='ocr_par' dir='ltr' id='par_1_77' title="bbox 2030 3855 3635 3929">
     <span class='ocr_line' id='line_1_78' title="bbox 2030 3855 3635 3929; baseline 0.002 -21"><span class='ocrx_word' id='word_1_557' title='bbox 2030 3855 2148 3919; x_wconf 84' lang='grc' dir='ltr'>λος·</span> <span class='ocrx_word' id='word_1_558' title='bbox 2178 3855 2318 3928; x_wconf 80' lang='grc' dir='ltr'>ἀτὰρ</span> <span class='ocrx_word' id='word_1_559' title='bbox 2355 3856 2419 3926; x_wconf 76' lang='grc' dir='ltr'>δὴ</span> <span class='ocrx_word' id='word_1_560' title='bbox 2459 3857 2556 3910; x_wconf 73' lang='grc' dir='ltr'>καὶ</span> <span class='ocrx_word' id='word_1_561' title='bbox 2576 3857 2675 3927; x_wconf 87' lang='grc' dir='ltr'>τὴν</span> <span class='ocrx_word' id='word_1_562' title='bbox 2714 3858 2934 3928; x_wconf 84' lang='grc' dir='ltr'>ἀγάπην</span> <span class='ocrx_word' id='word_1_563' title='bbox 2973 3859 3248 3929; x_wconf 73' lang='grc' dir='ltr'>ἐπιχειρεῖ</span> <span class='ocrx_word' id='word_1_564' title='bbox 3273 3858 3391 3912; x_wconf 82' lang='grc' dir='ltr'><strong>τῶν</strong></span> <span class='ocrx_word' id='word_1_565' title='bbox 3416 3858 3635 3928; x_wconf 87' lang='grc' dir='ltr'>ἀνθρω-</span> 
     </span>
    </p>
   </div>
   <div class='ocr_carea' id='block_1_78' title="bbox 1972 3948 3636 4022">
    <p class='ocr_par' dir='ltr' id='par_1_78' title="bbox 1972 3948 3636 4022">
     <span class='ocr_line' id='line_1_79' title="bbox 1972 3948 3636 4022; baseline 0.002 -20"><span class='ocrx_word' id='word_1_566' title='bbox 1972 4004 1980 4012; x_wconf 71' lang='grc'><strong>,</strong></span> <span class='ocrx_word' id='word_1_567' title='bbox 2032 3948 2204 4002; x_wconf 85' lang='grc' dir='ltr'>πίνων</span> <span class='ocrx_word' id='word_1_568' title='bbox 2240 3948 2429 4019; x_wconf 76' lang='grc' dir='ltr'>ψυχῶν</span> <span class='ocrx_word' id='word_1_569' title='bbox 2467 3948 2819 4005; x_wconf 76' lang='grc' dir='ltr'>ἀπελαύνειν.</span> <span class='ocrx_word' id='word_1_570' title='bbox 2865 3951 2979 4003; x_wconf 85' lang='grc' dir='ltr'>Ἵνα</span> <span class='ocrx_word' id='word_1_571' title='bbox 3000 3951 3203 4015; x_wconf 83' lang='grc' dir='ltr'>τοίνυν,</span> <span class='ocrx_word' id='word_1_572' title='bbox 3231 3953 3387 4022; x_wconf 82' lang='grc' dir='ltr'>φησί,</span> <span class='ocrx_word' id='word_1_573' title='bbox 3415 3953 3512 4015; x_wconf 78' lang='grc' dir='ltr'><strong>τὰς</strong></span> <span class='ocrx_word' id='word_1_574' title='bbox 3536 3953 3636 4007; x_wconf 84' lang='grc' dir='ltr'><strong>ἀ).-</strong></span> 
     </span>
    </p>
   </div>
   <div class='ocr_carea' id='block_1_79' title="bbox 2030 4040 3633 4114">
    <p class='ocr_par' dir='ltr' id='par_1_79' title="bbox 2030 4040 3633 4114">
     <span class='ocr_line' id='line_1_80' title="bbox 2030 4040 3633 4114; baseline 0.002 -21"><span class='ocrx_word' id='word_1_575' title='bbox 2030 4040 2127 4105; x_wconf 89' lang='grc' dir='ltr'><strong>λας</strong></span> <span class='ocrx_word' id='word_1_576' title='bbox 2158 4040 2298 4105; x_wconf 78' lang='grc' dir='ltr'>τέως</span> <span class='ocrx_word' id='word_1_577' title='bbox 2324 4041 2423 4110; x_wconf 80' lang='grc' dir='ltr'>τῆς</span> <span class='ocrx_word' id='word_1_578' title='bbox 2453 4041 2653 4106; x_wconf 81' lang='grc' dir='ltr'>κακίας</span> <span class='ocrx_word' id='word_1_579' title='bbox 2685 4040 3090 4107; x_wconf 79' lang='grc' dir='ltr'>ἐπαναστάσεις</span> <span class='ocrx_word' id='word_1_580' title='bbox 3127 4043 3294 4109; x_wconf 75' lang='grc' dir='ltr'>ἐάσω,</span> <span class='ocrx_word' id='word_1_581' title='bbox 3351 4044 3409 4097; x_wconf 83' lang='grc' dir='ltr'>αἲ</span> <span class='ocrx_word' id='word_1_582' title='bbox 3436 4047 3633 4114; x_wconf 74' lang='grc' dir='ltr'>γεννή-</span> 
     </span>
    </p>
   </div>
   <div class='ocr_carea' id='block_1_80' title="bbox 2036 4134 3631 4209">
    <p class='ocr_par' dir='ltr' id='par_1_80' title="bbox 2036 4134 3631 4209">
     <span class='ocr_line' id='line_1_81' title="bbox 2036 4134 3631 4209; baseline 0.003 -23"><span class='ocrx_word' id='word_1_583' title='bbox 2036 4151 2183 4204; x_wconf 85' lang='grc' dir='ltr'>ματα</span> <span class='ocrx_word' id='word_1_584' title='bbox 2210 4135 2308 4205; x_wconf 83' lang='grc' dir='ltr'>τῆς</span> <span class='ocrx_word' id='word_1_585' title='bbox 2346 4136 2547 4206; x_wconf 84' lang='grc' dir='ltr'>σαρκὸς</span> <span class='ocrx_word' id='word_1_586' title='bbox 2614 4135 2708 4189; x_wconf 74' lang='grc' dir='ltr'>καὶ</span> <span class='ocrx_word' id='word_1_587' title='bbox 2766 4134 2859 4190; x_wconf 78' lang='grc' dir='ltr'>τοῦ</span> <span class='ocrx_word' id='word_1_588' title='bbox 2919 4134 3187 4207; x_wconf 82' lang='grc' dir='ltr'>σαρκικοῦ</span> <span class='ocrx_word' id='word_1_589' title='bbox 3252 4134 3631 4209; x_wconf 80' lang='grc' dir='ltr'>καθεστήκασι</span> 
     </span>
    </p>
   </div>
   <div class='ocr_carea' id='block_1_81' title="bbox 345 4223 1930 4311">
    <p class='ocr_par' dir='ltr' id='par_1_81' title="bbox 345 4223 1928 4293">
     <span class='ocr_line' id='line_1_82' title="bbox 345 4223 1928 4293; baseline 0 -14"><span class='ocrx_word' id='word_1_590' title='bbox 345 4227 455 4280; x_wconf 92' lang='lat' dir='ltr'><strong>riat</strong></span> <span class='ocrx_word' id='word_1_591' title='bbox 496 4226 552 4279; x_wconf 90' lang='lat' dir='ltr'><strong>in</strong></span> <span class='ocrx_word' id='word_1_592' title='bbox 599 4225 756 4281; x_wconf 89' lang='lat' dir='ltr'><strong>vobis</strong></span> <span class='ocrx_word' id='word_1_593' title='bbox 814 4224 1057 4279; x_wconf 88' lang='lat' dir='ltr'><strong>animam</strong></span> <span class='ocrx_word' id='word_1_594' title='bbox 1095 4223 1364 4278; x_wconf 86' lang='lat' dir='ltr'><strong>occidenti</strong></span> <span class='ocrx_word' id='word_1_595' title='bbox 1398 4223 1525 4278; x_wconf 89' lang='lat' dir='ltr'><strong>huic</strong></span> <span class='ocrx_word' id='word_1_596' title='bbox 1556 4224 1763 4293; x_wconf 88' lang='lat' dir='ltr'><strong>peccati</strong></span> <span class='ocrx_word' id='word_1_597' title='bbox 1821 4224 1928 4279; x_wconf 88' lang='lat' dir='ltr'><strong>telo</strong></span> 
     </span>
    </p>
   </div>
   <div class='ocr_carea' id='block_1_82' title="bbox 2041 4223 3631 4311">
    <p class='ocr_par' dir='ltr' id='par_1_82' title="bbox 2041 4226 3631 4298">
     <span class='ocr_line' id='line_1_83' title="bbox 2041 4226 3631 4298; baseline 0.001 -19"><span class='ocrx_word' id='word_1_598' title='bbox 2041 4226 2403 4298; x_wconf 79' lang='grc' dir='ltr'>φρονήματος,</span> <span class='ocrx_word' id='word_1_599' title='bbox 2431 4226 2568 4297; x_wconf 80' lang='grc' dir='ltr'>πρὸς</span> <span class='ocrx_word' id='word_1_600' title='bbox 2589 4226 2792 4296; x_wconf 86' lang='grc' dir='ltr'>ταύτην</span> <span class='ocrx_word' id='word_1_601' title='bbox 2822 4227 2919 4298; x_wconf 79' lang='grc' dir='ltr'><strong>τήν</strong></span> <span class='ocrx_word' id='word_1_602' title='bbox 2945 4226 3156 4280; x_wconf 78' lang='grc' dir='ltr'>ἐκεῖθεν</span> <span class='ocrx_word' id='word_1_603' title='bbox 3178 4228 3481 4298; x_wconf 76' lang='grc' dir='ltr'>ἐρχομένην</span> <span class='ocrx_word' id='word_1_604' title='bbox 3508 4228 3631 4281; x_wconf 78' lang='grc' dir='ltr'>ἐπι-</span> 
     </span>
    </p>
   </div>
   <div class='ocr_carea' id='block_1_83' title="bbox 348 4313 1930 4390">
    <p class='ocr_par' dir='ltr' id='par_1_83' title="bbox 348 4313 1930 4387">
     <span class='ocr_line' id='line_1_84' title="bbox 348 4313 1930 4387; baseline 0.003 -17"><span class='ocrx_word' id='word_1_605' title='bbox 348 4324 673 4387; x_wconf 68' lang='grc' dir='ltr'>ρτιειεχιυω</span> <span class='ocrx_word' id='word_1_606' title='bbox 716 4315 953 4379; x_wconf 86' lang='lat' dir='ltr'><strong>aliquem</strong></span> <span class='ocrx_word' id='word_1_607' title='bbox 1011 4314 1274 4385; x_wconf 68' lang='lat' dir='ltr'><strong>praebete.</strong></span> <span class='ocrx_word' id='word_1_608' title='bbox 1305 4313 1420 4370; x_wconf 83' lang='lat' dir='ltr'><strong>Hoc</strong></span> <span class='ocrx_word' id='word_1_609' title='bbox 1455 4324 1635 4371; x_wconf 90' lang='lat' dir='ltr'><strong>autem</strong></span> <span class='ocrx_word' id='word_1_610' title='bbox 1658 4317 1762 4372; x_wconf 87' lang='lat' dir='ltr'><strong>erit</strong></span> <span class='ocrx_word' id='word_1_611' title='bbox 1791 4317 1930 4374; x_wconf 88' lang='lat' dir='ltr'><strong>forte</strong></span> 
     </span>
    </p>
   </div>
   <div class='ocr_carea' id='block_1_84' title="bbox 2041 4313 3633 4390">
    <p class='ocr_par' dir='ltr' id='par_1_84' title="bbox 2042 4317 3633 4390">
     <span class='ocr_line' id='line_1_85' title="bbox 2042 4317 3633 4390; baseline -0.001 -19"><span class='ocrx_word' id='word_1_612' title='bbox 2042 4319 2241 4390; x_wconf 74' lang='grc' dir='ltr'>ϐουλὴν</span> <span class='ocrx_word' id='word_1_613' title='bbox 2276 4320 2371 4374; x_wconf 60' lang='grc' dir='ltr'><strong>καλ⁵</strong></span> <span class='ocrx_word' id='word_1_614' title='bbox 2423 4317 2640 4390; x_wconf 86' lang='grc' dir='ltr'>πληγὴν</span> <span class='ocrx_word' id='word_1_615' title='bbox 2679 4318 2802 4372; x_wconf 85' lang='grc' dir='ltr'>καθ’</span> <span class='ocrx_word' id='word_1_616' title='bbox 2830 4318 3007 4390; x_wconf 81' lang='grc' dir='ltr'>ὑμῶν,</span> <span class='ocrx_word' id='word_1_617' title='bbox 3064 4318 3164 4390; x_wconf 84' lang='grc' dir='ltr'>τὴν</span> <span class='ocrx_word' id='word_1_618' title='bbox 3200 4318 3633 4389; x_wconf 56' lang='grc' dir='ltr'>νεκροποιοὼαν</span> 
     </span>
    </p>
   </div>
   <div class='ocr_carea' id='block_1_85' title="bbox 349 4404 1930 4481">
    <p class='ocr_par' dir='ltr' id='par_1_85' title="bbox 349 4404 1930 4477">
     <span class='ocr_line' id='line_1_86' title="bbox 349 4404 1930 4477; baseline 0.001 -17"><span class='ocrx_word' id='word_1_619' title='bbox 349 4422 457 4462; x_wconf 80' lang='lat' dir='ltr'><strong>non</strong></span> <span class='ocrx_word' id='word_1_620' title='bbox 480 4421 773 4477; x_wconf 88' lang='lat' dir='ltr'><strong>operosum</strong></span> <span class='ocrx_word' id='word_1_621' title='bbox 798 4421 973 4476; x_wconf 84' lang='lat' dir='ltr'><strong>neque</strong></span> <span class='ocrx_word' id='word_1_622' title='bbox 998 4404 1212 4459; x_wconf 83' lang='lat' dir='ltr'><strong>dillicilc</strong></span> <span class='ocrx_word' id='word_1_623' title='bbox 1235 4404 1502 4475; x_wconf 89' lang='lat' dir='ltr'><strong>perfectu,</strong></span> <span class='ocrx_word' id='word_1_624' title='bbox 1522 4407 1616 4463; x_wconf 89' lang='lat' dir='ltr'><strong>sed</strong></span> <span class='ocrx_word' id='word_1_625' title='bbox 1638 4416 1693 4463; x_wconf 89' lang='lat' dir='ltr'><strong>et</strong></span> <span class='ocrx_word' id='word_1_626' title='bbox 1716 4406 1871 4463; x_wconf 87' lang='lat' dir='ltr'><strong>facile</strong></span> <span class='ocrx_word' id='word_1_627' title='bbox 1885 4418 1930 4465; x_wconf 90' lang='lat' dir='ltr'><strong>cl</strong></span> 
     </span>
    </p>
   </div>
   <div class='ocr_carea' id='block_1_86' title="bbox 2041 4404 3633 4481">
    <p class='ocr_par' dir='ltr' id='par_1_86' title="bbox 2041 4410 3633 4481">
     <span class='ocr_line' id='line_1_87' title="bbox 2041 4410 3633 4481; baseline -0.001 -17"><span class='ocrx_word' id='word_1_628' title='bbox 2041 4412 2185 4480; x_wconf 84' lang='grc' dir='ltr'>λέγω</span> <span class='ocrx_word' id='word_1_629' title='bbox 2214 4410 2312 4481; x_wconf 86' lang='grc' dir='ltr'>τὴν</span> <span class='ocrx_word' id='word_1_630' title='bbox 2380 4412 2624 4481; x_wconf 81' lang='grc' dir='ltr'>ἀγάπην,</span> <span class='ocrx_word' id='word_1_631' title='bbox 2655 4412 2919 4479; x_wconf 86' lang='grc' dir='ltr'>γενναίως</span> <span class='ocrx_word' id='word_1_632' title='bbox 2973 4410 3439 4478; x_wconf 84' lang='grc' dir='ltr'>ἀνταγωνίσασθε,</span> <span class='ocrx_word' id='word_1_633' title='bbox 3497 4412 3633 4480; x_wconf 77' lang='grc' dir='ltr'>μηδὲ</span> 
     </span>
    </p>
   </div>
   <div class='ocr_carea' id='block_1_87' title="bbox 348 4484 1930 4575">
    <p class='ocr_par' dir='ltr' id='par_1_87' title="bbox 348 4484 1930 4566">
     <span class='ocr_line' id='line_1_88' title="bbox 348 4484 1930 4566; baseline -0.001 -12"><span class='ocrx_word' id='word_1_634' title='bbox 348 4498 690 4564; x_wconf 85' lang='lat' dir='ltr'><strong>salvificum;</strong></span> <span class='ocrx_word' id='word_1_635' title='bbox 722 4497 769 4552; x_wconf 88' lang='lat' dir='ltr'><strong>si</strong></span> <span class='ocrx_word' id='word_1_636' title='bbox 803 4497 949 4551; x_wconf 87' lang='lat' dir='ltr'><strong>enim</strong></span> <span class='ocrx_word' id='word_1_637' title='bbox 983 4512 1079 4566; x_wconf 89' lang='lat' dir='ltr'><strong>per</strong></span> <span class='ocrx_word' id='word_1_638' title='bbox 1112 4484 1435 4553; x_wconf 85' lang='lat' dir='ltr'><strong>cbaritatem</strong></span> <span class='ocrx_word' id='word_1_639' title='bbox 1456 4498 1930 4566; x_wconf 85' lang='lat' dir='ltr'><strong>servitisinvicem,</strong></span> 
     </span>
    </p>
   </div>
   <div class='ocr_carea' id='block_1_88' title="bbox 2041 4484 3633 4575">
    <p class='ocr_par' dir='ltr' id='par_1_88' title="bbox 2044 4502 3633 4575">
     <span class='ocr_line' id='line_1_89' title="bbox 2044 4502 3633 4575; baseline -0.003 -17"><span class='ocrx_word' id='word_1_640' title='bbox 2044 4503 2279 4575; x_wconf 81' lang='grc' dir='ltr'>πάροδον</span> <span class='ocrx_word' id='word_1_641' title='bbox 2316 4504 2496 4575; x_wconf 82' lang='grc' dir='ltr'>εὑρεῖν</span> <span class='ocrx_word' id='word_1_642' title='bbox 2532 4507 2589 4557; x_wconf 81' lang='grc' dir='ltr'>ὲν</span> <span class='ocrx_word' id='word_1_643' title='bbox 2648 4504 2777 4575; x_wconf 81' lang='grc' dir='ltr'>ὑμῖν</span> <span class='ocrx_word' id='word_1_644' title='bbox 2807 4503 2887 4574; x_wconf 80' lang='grc' dir='ltr'>τῷ</span> <span class='ocrx_word' id='word_1_645' title='bbox 2951 4502 3279 4574; x_wconf 69' lang='grc' dir='ltr'>ψυχοφθόρῳ</span> <span class='ocrx_word' id='word_1_646' title='bbox 3322 4502 3499 4573; x_wconf 83' lang='grc' dir='ltr'>τούτῳ</span> <span class='ocrx_word' id='word_1_647' title='bbox 3533 4503 3633 4573; x_wconf 77' lang='grc' dir='ltr'>τῆς</span> 
     </span>
    </p>
   </div>
   <div class='ocr_carea' id='block_1_89' title="bbox 346 4588 1930 4664">
    <p class='ocr_par' dir='ltr' id='par_1_89' title="bbox 346 4588 1930 4661">
     <span class='ocr_line' id='line_1_90' title="bbox 346 4588 1930 4661; baseline 0 -15"><span class='ocrx_word' id='word_1_648' title='bbox 346 4605 510 4646; x_wconf 89' lang='lat' dir='ltr'><strong>omne</strong></span> <span class='ocrx_word' id='word_1_649' title='bbox 566 4590 733 4656; x_wconf 60' lang='lat' dir='ltr'><strong>telum</strong></span> <span class='ocrx_word' id='word_1_650' title='bbox 792 4588 1049 4661; x_wconf 62' lang='lat' dir='ltr'><strong>nequitiae</strong></span> <span class='ocrx_word' id='word_1_651' title='bbox 1098 4596 1285 4644; x_wconf 87' lang='lat' dir='ltr'><strong>contra</strong></span> <span class='ocrx_word' id='word_1_652' title='bbox 1312 4606 1408 4644; x_wconf 91' lang='lat' dir='ltr'><strong>vos</strong></span> <span class='ocrx_word' id='word_1_653' title='bbox 1441 4589 1648 4659; x_wconf 89' lang='lat' dir='ltr'><strong>iactum</strong></span> <span class='ocrx_word' id='word_1_654' title='bbox 1698 4590 1930 4646; x_wconf 73' lang='lat' dir='ltr'><strong>inefﬁcax</strong></span> 
     </span>
    </p>
   </div>
   <div class='ocr_carea' id='block_1_90' title="bbox 2041 4588 3632 4664">
    <p class='ocr_par' dir='ltr' id='par_1_90' title="bbox 2045 4590 3632 4664">
     <span class='ocr_line' id='line_1_91' title="bbox 2045 4590 3632 4664; baseline -0.004 -17"><span class='ocrx_word' id='word_1_655' title='bbox 2045 4594 2320 4664; x_wconf 83' lang='grc' dir='ltr'>ἁμαρτίας</span> <span class='ocrx_word' id='word_1_656' title='bbox 2349 4593 2491 4663; x_wconf 68' lang='grc' dir='ltr'>βέλει</span> <span class='ocrx_word' id='word_1_657' title='bbox 2526 4591 2798 4663; x_wconf 77' lang='grc' dir='ltr'>πρόφασίν</span> <span class='ocrx_word' id='word_1_658' title='bbox 2828 4610 2950 4648; x_wconf 85' lang='grc' dir='ltr'>τινα</span> <span class='ocrx_word' id='word_1_659' title='bbox 2985 4591 3326 4662; x_wconf 84' lang='grc' dir='ltr'>παράσχητε.</span> <span class='ocrx_word' id='word_1_660' title='bbox 3380 4590 3553 4642; x_wconf 80' lang='grc' dir='ltr'>Τοῦτο</span> <span class='ocrx_word' id='word_1_661' title='bbox 3574 4592 3632 4641; x_wconf 76' lang='grc' dir='ltr'>δὲ</span> 
     </span>
    </p>
   </div>
   <div class='ocr_carea' id='block_1_91' title="bbox 347 4679 1930 4753">
    <p class='ocr_par' dir='ltr' id='par_1_91' title="bbox 347 4680 1930 4752">
     <span class='ocr_line' id='line_1_92' title="bbox 347 4680 1930 4752; baseline 0.001 -15"><span class='ocrx_word' id='word_1_662' title='bbox 347 4681 452 4738; x_wconf 89' lang='lat' dir='ltr'><strong>erit</strong></span> <span class='ocrx_word' id='word_1_663' title='bbox 473 4699 490 4750; x_wconf 87' lang='lat'><strong>;</strong></span> <span class='ocrx_word' id='word_1_664' title='bbox 510 4681 565 4736; x_wconf 90' lang='lat' dir='ltr'><strong>in</strong></span> <span class='ocrx_word' id='word_1_665' title='bbox 589 4691 806 4738; x_wconf 86' lang='lat' dir='ltr'><strong>scutum</strong></span> <span class='ocrx_word' id='word_1_666' title='bbox 826 4682 970 4736; x_wconf 89' lang='lat' dir='ltr'><strong>enim</strong></span> <span class='ocrx_word' id='word_1_667' title='bbox 990 4680 1278 4736; x_wconf 71' lang='lat' dir='ltr'><strong>offendens</strong></span> <span class='ocrx_word' id='word_1_668' title='bbox 1296 4682 1544 4752; x_wconf 89' lang='lat' dir='ltr'><strong>eiusdem</strong></span> <span class='ocrx_word' id='word_1_669' title='bbox 1560 4696 1687 4751; x_wconf 82' lang='lat' dir='ltr'><strong>erga</strong></span> <span class='ocrx_word' id='word_1_670' title='bbox 1707 4682 1930 4738; x_wconf 86' lang='lat' dir='ltr'><strong>invicem</strong></span> 
     </span>
    </p>
   </div>
   <div class='ocr_carea' id='block_1_92' title="bbox 2041 4679 3633 4753">
    <p class='ocr_par' dir='ltr' id='par_1_92' title="bbox 2048 4679 3633 4753">
     <span class='ocr_line' id='line_1_93' title="bbox 2048 4679 3633 4753; baseline -0.003 -17"><span class='ocrx_word' id='word_1_671' title='bbox 2048 4684 2202 4736; x_wconf 81' lang='grc' dir='ltr'>ἔσται</span> <span class='ocrx_word' id='word_1_672' title='bbox 2226 4698 2344 4751; x_wconf 86' lang='grc' dir='ltr'><strong>πως</strong></span> <span class='ocrx_word' id='word_1_673' title='bbox 2376 4684 2476 4736; x_wconf 80' lang='grc' dir='ltr'>οὐκ</span> <span class='ocrx_word' id='word_1_674' title='bbox 2497 4683 2736 4752; x_wconf 78' lang='grc' dir='ltr'>ἐργῶδες</span> <span class='ocrx_word' id='word_1_675' title='bbox 2775 4683 2895 4737; x_wconf 80' lang='grc' dir='ltr'>οὐδὲ</span> <span class='ocrx_word' id='word_1_676' title='bbox 2918 4680 3153 4753; x_wconf 81' lang='grc' dir='ltr'>χαλεπὸν</span> <span class='ocrx_word' id='word_1_677' title='bbox 3211 4679 3449 4744; x_wconf 83' lang='grc' dir='ltr'>ἀνύσαι,</span> <span class='ocrx_word' id='word_1_678' title='bbox 3497 4679 3633 4732; x_wconf 76' lang='grc' dir='ltr'>ἀλλά</span> 
     </span>
    </p>
   </div>
   <div class='ocr_carea' id='block_1_93' title="bbox 350 4774 1936 4847">
    <p class='ocr_par' dir='ltr' id='par_1_93' title="bbox 350 4774 1936 4847">
     <span class='ocr_line' id='line_1_94' title="bbox 350 4774 1936 4847; baseline 0 -16"><span class='ocrx_word' id='word_1_679' title='bbox 350 4791 548 4831; x_wconf 86' lang='lat' dir='ltr'><strong>sensus</strong></span> <span class='ocrx_word' id='word_1_680' title='bbox 572 4784 627 4831; x_wconf 89' lang='lat' dir='ltr'><strong>et</strong></span> <span class='ocrx_word' id='word_1_681' title='bbox 651 4775 930 4841; x_wconf 78' lang='lat' dir='ltr'><strong>amicitiae,</strong></span> <span class='ocrx_word' id='word_1_682' title='bbox 960 4783 1015 4829; x_wconf 91' lang='lat' dir='ltr'><strong>et</strong></span> <span class='ocrx_word' id='word_1_683' title='bbox 1039 4784 1240 4829; x_wconf 90' lang='lat' dir='ltr'><strong>tortum</strong></span> <span class='ocrx_word' id='word_1_684' title='bbox 1277 4774 1549 4847; x_wconf 87' lang='lat' dir='ltr'><strong>frangitur</strong></span> <span class='ocrx_word' id='word_1_685' title='bbox 1578 4784 1633 4831; x_wconf 87' lang='lat' dir='ltr'><strong>et</strong></span> <span class='ocrx_word' id='word_1_686' title='bbox 1658 4776 1936 4845; x_wconf 87' lang='lat' dir='ltr'><strong>repulsum</strong></span> 
     </span>
    </p>
   </div>
   <div class='ocr_carea' id='block_1_94' title="bbox 348 4865 1940 4935">
    <p class='ocr_par' dir='ltr' id='par_1_94' title="bbox 348 4865 1940 4935">
     <span class='ocr_line' id='line_1_95' title="bbox 348 4865 1940 4935; baseline 0.002 -15"><span class='ocrx_word' id='word_1_687' title='bbox 348 4867 404 4921; x_wconf 90' lang='lat' dir='ltr'><strong>in</strong></span> <span class='ocrx_word' id='word_1_688' title='bbox 434 4865 705 4923; x_wconf 88' lang='lat' dir='ltr'><strong>imbellem</strong></span> <span class='ocrx_word' id='word_1_689' title='bbox 756 4865 971 4921; x_wconf 87' lang='lat' dir='ltr'><strong>decidet</strong></span> <span class='ocrx_word' id='word_1_690' title='bbox 1002 4866 1196 4933; x_wconf 84' lang='lat' dir='ltr'><strong>ictum,</strong></span> <span class='ocrx_word' id='word_1_691' title='bbox 1225 4880 1288 4920; x_wconf 93' lang='lat' dir='ltr'><strong>ac</strong></span> <span class='ocrx_word' id='word_1_692' title='bbox 1321 4865 1484 4921; x_wconf 88' lang='lat' dir='ltr'><strong>simul</strong></span> <span class='ocrx_word' id='word_1_693' title='bbox 1531 4866 1823 4935; x_wconf 85' lang='lat' dir='ltr'><strong>iacientem</strong></span> <span class='ocrx_word' id='word_1_694' title='bbox 1874 4882 1940 4923; x_wconf 91' lang='lat' dir='ltr'><strong>eo</strong></span> 
     </span>
    </p>
   </div>
   <div class='ocr_carea' id='block_1_95' title="bbox 348 4956 1941 5029">
    <p class='ocr_par' dir='ltr' id='par_1_95' title="bbox 348 4956 1941 5029">
     <span class='ocr_line' id='line_1_96' title="bbox 348 4956 1941 5029; baseline -0.003 -18"><span class='ocrx_word' id='word_1_695' title='bbox 348 4972 459 5028; x_wconf 86' lang='lat' dir='ltr'><strong>quo</strong></span> <span class='ocrx_word' id='word_1_696' title='bbox 476 4972 573 5026; x_wconf 90' lang='lat' dir='ltr'><strong>par</strong></span> <span class='ocrx_word' id='word_1_697' title='bbox 590 4967 675 5012; x_wconf 74' lang='lat' dir='ltr'><strong>est</strong></span> <span class='ocrx_word' id='word_1_698' title='bbox 693 4957 902 5027; x_wconf 89' lang='lat' dir='ltr'><strong>pudore</strong></span> <span class='ocrx_word' id='word_1_699' title='bbox 921 4957 1107 5027; x_wconf 90' lang='lat' dir='ltr'><strong>implet</strong></span> <span class='ocrx_word' id='word_1_700' title='bbox 1125 4974 1141 5024; x_wconf 87' lang='lat'><strong>;</strong></span> <span class='ocrx_word' id='word_1_701' title='bbox 1159 4957 1288 5029; x_wconf 86' lang='lat' dir='ltr'><strong>quia</strong></span> <span class='ocrx_word' id='word_1_702' title='bbox 1305 4972 1432 5029; x_wconf 89' lang='lat' dir='ltr'><strong>erga</strong></span> <span class='ocrx_word' id='word_1_703' title='bbox 1452 4956 1683 5013; x_wconf 89' lang='lat' dir='ltr'><strong>invicem</strong></span> <span class='ocrx_word' id='word_1_704' title='bbox 1700 4972 1794 5026; x_wconf 86' lang='lat' dir='ltr'><strong>per</strong></span> <span class='ocrx_word' id='word_1_705' title='bbox 1811 4958 1941 5013; x_wconf 61' lang='lat' dir='ltr'><strong>clla.</strong></span> 
     </span>
    </p>
   </div>
   <div class='ocr_carea' id='block_1_96' title="bbox 351 5051 1939 5121">
    <p class='ocr_par' dir='ltr' id='par_1_96' title="bbox 351 5051 1939 5121">
     <span class='ocr_line' id='line_1_97' title="bbox 351 5051 1939 5121; baseline 0.001 -17"><span class='ocrx_word' id='word_1_706' title='bbox 351 5051 566 5105; x_wconf 89' lang='lat' dir='ltr'><strong>ritatem</strong></span> <span class='ocrx_word' id='word_1_707' title='bbox 589 5052 823 5105; x_wconf 82' lang='lat' dir='ltr'><strong>servitus</strong></span> <span class='ocrx_word' id='word_1_708' title='bbox 842 5052 975 5105; x_wconf 88' lang='lat' dir='ltr'><strong>illud</strong></span> <span class='ocrx_word' id='word_1_709' title='bbox 1000 5067 1124 5120; x_wconf 67' lang='lat' dir='ltr'><strong>qua:</strong></span> <span class='ocrx_word' id='word_1_710' title='bbox 1138 5053 1370 5121; x_wconf 90' lang='lat' dir='ltr'><strong>desuper</strong></span> <span class='ocrx_word' id='word_1_711' title='bbox 1389 5059 1770 5106; x_wconf 87' lang='lat' dir='ltr'><strong>estassecurat</strong></span> <span class='ocrx_word' id='word_1_712' title='bbox 1785 5053 1939 5108; x_wconf 79' lang='lat' dir='ltr'><strong>auxi-</strong></span> 
     </span>
    </p>
   </div>
   <div class='ocr_carea' id='block_1_97' title="bbox 353 5140 1937 5212">
    <p class='ocr_par' dir='ltr' id='par_1_97' title="bbox 353 5140 1937 5212">
     <span class='ocr_line' id='line_1_98' title="bbox 353 5140 1937 5212; baseline 0.002 -17"><span class='ocrx_word' id='word_1_713' title='bbox 353 5140 486 5195; x_wconf 91' lang='lat' dir='ltr'><strong>lium</strong></span> <span class='ocrx_word' id='word_1_714' title='bbox 515 5149 570 5195; x_wconf 91' lang='lat' dir='ltr'><strong>et</strong></span> <span class='ocrx_word' id='word_1_715' title='bbox 593 5157 783 5211; x_wconf 87' lang='lat' dir='ltr'><strong>puram</strong></span> <span class='ocrx_word' id='word_1_716' title='bbox 815 5152 870 5199; x_wconf 89' lang='lat' dir='ltr'><strong>et</strong></span> <span class='ocrx_word' id='word_1_717' title='bbox 908 5142 1123 5198; x_wconf 81' lang='lat' dir='ltr'><strong>beatam</strong></span> <span class='ocrx_word' id='word_1_718' title='bbox 1176 5152 1436 5212; x_wconf 89' lang='lat' dir='ltr'><strong>operatur</strong></span> <span class='ocrx_word' id='word_1_719' title='bbox 1481 5142 1791 5198; x_wconf 87' lang='lat' dir='ltr'><strong>libertatem</strong></span> <span class='ocrx_word' id='word_1_720' title='bbox 1840 5158 1937 5212; x_wconf 89' lang='lat' dir='ltr'><strong>per</strong></span> 
     </span>
    </p>
   </div>
   <div class='ocr_carea' id='block_1_98' title="bbox 353 5233 1939 5305">
    <p class='ocr_par' dir='ltr' id='par_1_98' title="bbox 353 5233 1939 5305">
     <span class='ocr_line' id='line_1_99' title="bbox 353 5233 1939 5305; baseline 0 -18"><span class='ocrx_word' id='word_1_721' title='bbox 353 5247 476 5287; x_wconf 88' lang='lat' dir='ltr'><strong>eam</strong></span> <span class='ocrx_word' id='word_1_722' title='bbox 515 5247 639 5305; x_wconf 56' lang='lat' dir='ltr'><strong>quae</strong></span> <span class='ocrx_word' id='word_1_723' title='bbox 693 5233 747 5287; x_wconf 91' lang='lat' dir='ltr'><strong>in</strong></span> <span class='ocrx_word' id='word_1_724' title='bbox 804 5233 1037 5293; x_wconf 86' lang='lat' dir='ltr'><strong>invicem</strong></span> <span class='ocrx_word' id='word_1_725' title='bbox 1069 5243 1155 5291; x_wconf 91' lang='lat' dir='ltr'><strong>est</strong></span> <span class='ocrx_word' id='word_1_726' title='bbox 1206 5248 1419 5305; x_wconf 87' lang='lat' dir='ltr'><strong>pacem,</strong></span> <span class='ocrx_word' id='word_1_727' title='bbox 1449 5244 1506 5289; x_wconf 90' lang='lat' dir='ltr'><strong>et</strong></span> <span class='ocrx_word' id='word_1_728' title='bbox 1548 5235 1939 5290; x_wconf 72' lang='lat' dir='ltr'><strong>insulistantia-</strong></span> 
     </span>
    </p>
   </div>
   <div class='ocr_carea' id='block_1_99' title="bbox 355 5318 1935 5394">
    <p class='ocr_par' dir='ltr' id='par_1_99' title="bbox 355 5318 1935 5394">
     <span class='ocr_line' id='line_1_100' title="bbox 355 5318 1935 5394; baseline 0 -15"><span class='ocrx_word' id='word_1_729' title='bbox 355 5318 467 5379; x_wconf 80' lang='lat' dir='ltr'><strong>tam</strong></span> <span class='ocrx_word' id='word_1_730' title='bbox 506 5338 698 5394; x_wconf 89' lang='lat' dir='ltr'><strong>pacem</strong></span> <span class='ocrx_word' id='word_1_731' title='bbox 753 5322 1044 5382; x_wconf 84' lang='lat' dir='ltr'><strong>Dominum</strong></span> <span class='ocrx_word' id='word_1_732' title='bbox 1095 5332 1349 5381; x_wconf 87' lang='lat' dir='ltr'><strong>nostrum</strong></span> <span class='ocrx_word' id='word_1_733' title='bbox 1408 5322 1595 5379; x_wconf 84' lang='lat' dir='ltr'><strong>Jesum</strong></span> <span class='ocrx_word' id='word_1_734' title='bbox 1654 5324 1935 5381; x_wconf 83' lang='lat' dir='ltr'><strong>Christum</strong></span> 
     </span>
    </p>
   </div>
   <div class='ocr_carea' id='block_1_100' title="bbox 352 5399 1473 5475">
    <p class='ocr_par' dir='ltr' id='par_1_100' title="bbox 352 5399 1473 5475">
     <span class='ocr_line' id='line_1_101' title="bbox 352 5399 1473 5475; baseline 0.004 -6"><span class='ocrx_word' id='word_1_735' title='bbox 352 5415 553 5471; x_wconf 81' lang='lat' dir='ltr'><strong>vestris</strong></span> <span class='ocrx_word' id='word_1_736' title='bbox 592 5399 916 5471; x_wconf 73' lang='lat' dir='ltr'><strong>inhabitare</strong></span> <span class='ocrx_word' id='word_1_737' title='bbox 949 5415 1157 5472; x_wconf 81' lang='lat' dir='ltr'><strong>faciens</strong></span> <span class='ocrx_word' id='word_1_738' title='bbox 1189 5415 1473 5475; x_wconf 72' lang='lat' dir='ltr'><strong>cordibus.</strong></span> 
     </span>
    </p>
   </div>
   <div class='ocr_carea' id='block_1_101' title="bbox 2038 4760 3633 4845">
    <p class='ocr_par' dir='ltr' id='par_1_101' title="bbox 2038 4760 3633 4845">
     <span class='ocr_line' id='line_1_102' title="bbox 2038 4760 3633 4845; baseline -0.004 -17"><span class='ocrx_word' id='word_1_739' title='bbox 2038 4774 2132 4828; x_wconf 80' lang='grc' dir='ltr'>καὶ</span> <span class='ocrx_word' id='word_1_740' title='bbox 2172 4772 2354 4845; x_wconf 77' lang='grc' dir='ltr'>ῥᾴδιον</span> <span class='ocrx_word' id='word_1_741' title='bbox 2414 4773 2511 4825; x_wconf 68' lang='grc' dir='ltr'>καὶ</span> <span class='ocrx_word' id='word_1_742' title='bbox 2551 4773 2850 4843; x_wconf 72' lang='grc' dir='ltr'><strong>σωτήριον⁸</strong></span> <span class='ocrx_word' id='word_1_743' title='bbox 2901 4760 2951 4826; x_wconf 80' lang='grc' dir='ltr'>εἰ</span> <span class='ocrx_word' id='word_1_744' title='bbox 2988 4772 3097 4841; x_wconf 77' lang='grc' dir='ltr'>γὰρ</span> <span class='ocrx_word' id='word_1_745' title='bbox 3142 4770 3231 4824; x_wconf 88' lang='grc' dir='ltr'><strong>διά</strong></span> <span class='ocrx_word' id='word_1_746' title='bbox 3280 4771 3380 4840; x_wconf 83' lang='grc' dir='ltr'>τῆς</span> <span class='ocrx_word' id='word_1_747' title='bbox 3410 4768 3633 4838; x_wconf 79' lang='grc' dir='ltr'>ἀγάπης</span> 
     </span>
    </p>
   </div>
   <div class='ocr_carea' id='block_1_102' title="bbox 2036 4863 3633 4939">
    <p class='ocr_par' dir='ltr' id='par_1_102' title="bbox 2036 4863 3633 4939">
     <span class='ocr_line' id='line_1_103' title="bbox 2036 4863 3633 4939; baseline -0.005 -17"><span class='ocrx_word' id='word_1_748' title='bbox 2036 4866 2318 4923; x_wconf 77' lang='grc' dir='ltr'>δουλεύετε</span> <span class='ocrx_word' id='word_1_749' title='bbox 2347 4865 2598 4939; x_wconf 77' lang='grc' dir='ltr'>ἀλλήλοις</span> <span class='ocrx_word' id='word_1_750' title='bbox 2638 4869 2784 4920; x_wconf 86' lang='grc' dir='ltr'>ἆπαν</span> <span class='ocrx_word' id='word_1_751' title='bbox 2812 4866 2975 4920; x_wconf 80' lang='grc' dir='ltr'>ὅπλον</span> <span class='ocrx_word' id='word_1_752' title='bbox 3020 4865 3288 4938; x_wconf 84' lang='grc' dir='ltr'>πονηρίας</span> <span class='ocrx_word' id='word_1_753' title='bbox 3321 4863 3445 4917; x_wconf 81' lang='grc' dir='ltr'>καθ’</span> <span class='ocrx_word' id='word_1_754' title='bbox 3477 4863 3633 4934; x_wconf 82' lang='grc' dir='ltr'>ὑμῶν</span> 
     </span>
    </p>
   </div>
   <div class='ocr_carea' id='block_1_103' title="bbox 2040 4955 3633 5032">
    <p class='ocr_par' dir='ltr' id='par_1_103' title="bbox 2040 4955 3633 5032">
     <span class='ocr_line' id='line_1_104' title="bbox 2040 4955 3633 5032; baseline 0.004 -20"><span class='ocrx_word' id='word_1_755' title='bbox 2040 4960 2368 5031; x_wconf 81' lang='grc' dir='ltr'>βαλλόμενον</span> <span class='ocrx_word' id='word_1_756' title='bbox 2394 4960 2741 5032; x_wconf 81' lang='grc' dir='ltr'>ἀπρακτήσει</span> <span class='ocrx_word' id='word_1_757' title='bbox 2757 4974 2774 4990; x_wconf 81' lang='lat'><strong>&#39;</strong></span> <span class='ocrx_word' id='word_1_758' title='bbox 2806 4959 2884 5029; x_wconf 86' lang='grc' dir='ltr'>τῷ</span> <span class='ocrx_word' id='word_1_759' title='bbox 2906 4957 3085 5029; x_wconf 83' lang='grc' dir='ltr'>θυρεῷ</span> <span class='ocrx_word' id='word_1_760' title='bbox 3107 4960 3215 5028; x_wconf 75' lang='grc' dir='ltr'><strong>γὰρ</strong></span> <span class='ocrx_word' id='word_1_761' title='bbox 3238 4957 3513 5027; x_wconf 74' lang='grc' dir='ltr'>ἐμπῖπτον</span> <span class='ocrx_word' id='word_1_762' title='bbox 3535 4955 3633 5023; x_wconf 77' lang='grc' dir='ltr'><strong>τῆς</strong></span> 
     </span>
    </p>
   </div>
   <div class='ocr_carea' id='block_1_104' title="bbox 2038 5049 3633 5125">
    <p class='ocr_par' dir='ltr' id='par_1_104' title="bbox 2038 5049 3633 5125">
     <span class='ocr_line' id='line_1_105' title="bbox 2038 5049 3633 5125; baseline -0.004 -19"><span class='ocrx_word' id='word_1_763' title='bbox 2038 5051 2143 5125; x_wconf 73' lang='grc' dir='ltr'><strong>[ἐν]</strong></span> <span class='ocrx_word' id='word_1_764' title='bbox 2165 5052 2412 5124; x_wconf 77' lang='grc' dir='ltr'>ἀλλήλοις</span> <span class='ocrx_word' id='word_1_765' title='bbox 2426 5053 2678 5123; x_wconf 80' lang='grc' dir='ltr'>ὁμονοίας</span> <span class='ocrx_word' id='word_1_766' title='bbox 2696 5070 2754 5105; x_wconf 87' lang='grc' dir='ltr'><strong>τε</strong></span> <span class='ocrx_word' id='word_1_767' title='bbox 2776 5051 2920 5124; x_wconf 72' lang='grc' dir='ltr'>[καὶ]</span> <span class='ocrx_word' id='word_1_768' title='bbox 2937 5053 3145 5122; x_wconf 87' lang='grc' dir='ltr'>φιλίας,</span> <span class='ocrx_word' id='word_1_769' title='bbox 3158 5052 3253 5104; x_wconf 77' lang='grc' dir='ltr'>καὶ</span> <span class='ocrx_word' id='word_1_770' title='bbox 3268 5049 3459 5103; x_wconf 82' lang='grc' dir='ltr'>θᾶττον</span> <span class='ocrx_word' id='word_1_771' title='bbox 3476 5064 3633 5117; x_wconf 80' lang='grc' dir='ltr'>περι-</span> 
     </span>
    </p>
   </div>
   <div class='ocr_carea' id='block_1_105' title="bbox 2040 5142 3631 5216">
    <p class='ocr_par' dir='ltr' id='par_1_105' title="bbox 2040 5142 3631 5216">
     <span class='ocr_line' id='line_1_106' title="bbox 2040 5142 3631 5216; baseline -0.002 -20"><span class='ocrx_word' id='word_1_772' title='bbox 2040 5144 2325 5213; x_wconf 81' lang='grc' dir='ltr'>θραύεται,</span> <span class='ocrx_word' id='word_1_773' title='bbox 2384 5145 2481 5197; x_wconf 59' lang='grc' dir='ltr'><strong>καὶ⁵</strong></span> <span class='ocrx_word' id='word_1_774' title='bbox 2512 5146 2954 5216; x_wconf 86' lang='grc' dir='ltr'>ἀποκρουόμενον</span> <span class='ocrx_word' id='word_1_775' title='bbox 2990 5146 3071 5207; x_wconf 86' lang='grc' dir='ltr'><strong>είς</strong></span> <span class='ocrx_word' id='word_1_776' title='bbox 3112 5144 3302 5216; x_wconf 82' lang='grc' dir='ltr'>κωφὴν</span> <span class='ocrx_word' id='word_1_777' title='bbox 3346 5142 3631 5196; x_wconf 81' lang='grc' dir='ltr'>διαπίπτει</span> 
     </span>
    </p>
   </div>
   <div class='ocr_carea' id='block_1_106' title="bbox 2041 5231 3641 5306">
    <p class='ocr_par' dir='ltr' id='par_1_106' title="bbox 2041 5231 3641 5306">
     <span class='ocr_line' id='line_1_107' title="bbox 2041 5231 3641 5306; baseline 0 -22"><span class='ocrx_word' id='word_1_778' title='bbox 2041 5231 2243 5302; x_wconf 88' lang='grc' dir='ltr'>βολίδα,</span> <span class='ocrx_word' id='word_1_779' title='bbox 2288 5235 2428 5303; x_wconf 84' lang='grc' dir='ltr'><strong>μετά</strong></span> <span class='ocrx_word' id='word_1_780' title='bbox 2464 5234 2557 5287; x_wconf 81' lang='grc' dir='ltr'>τοῦ</span> <span class='ocrx_word' id='word_1_781' title='bbox 2589 5238 2683 5289; x_wconf 78' lang='grc' dir='ltr'>καὶ</span> <span class='ocrx_word' id='word_1_782' title='bbox 2741 5236 2834 5288; x_wconf 75' lang='grc' dir='ltr'>τὸν</span> <span class='ocrx_word' id='word_1_783' title='bbox 2874 5235 3143 5306; x_wconf 78' lang='grc' dir='ltr'>βάλλοντα</span> <span class='ocrx_word' id='word_1_784' title='bbox 3188 5236 3287 5304; x_wconf 80' lang='grc' dir='ltr'>τῆς</span> <span class='ocrx_word' id='word_1_785' title='bbox 3322 5233 3641 5304; x_wconf 67' lang='grc' dir='ltr'>προσηκούι</span> 
     </span>
    </p>
   </div>
   <div class='ocr_carea' id='block_1_107' title="bbox 2044 5325 3635 5398">
    <p class='ocr_par' dir='ltr' id='par_1_107' title="bbox 2044 5325 3635 5398">
     <span class='ocr_line' id='line_1_108' title="bbox 2044 5325 3635 5398; baseline -0.009 -8"><span class='ocrx_word' id='word_1_786' title='bbox 2044 5342 2145 5396; x_wconf 84' lang='grc' dir='ltr'><strong>σης</strong></span> <span class='ocrx_word' id='word_1_787' title='bbox 2168 5326 2432 5397; x_wconf 68' lang='grc' dir='ltr'>αἰσχύνης</span> <span class='ocrx_word' id='word_1_788' title='bbox 2462 5327 2809 5398; x_wconf 79' lang='grc' dir='ltr'>ἀναπλῆσαι·</span> <span class='ocrx_word' id='word_1_789' title='bbox 2843 5328 3077 5397; x_wconf 75' lang='grc' dir='ltr'>ἐπείπερ</span> <span class='ocrx_word' id='word_1_790' title='bbox 3109 5329 3142 5398; x_wconf 81' lang='grc' dir='ltr'><strong>ή</strong></span> <span class='ocrx_word' id='word_1_791' title='bbox 3199 5327 3339 5397; x_wconf 83' lang='grc' dir='ltr'>πρὸς</span> <span class='ocrx_word' id='word_1_792' title='bbox 3370 5325 3635 5396; x_wconf 68' lang='grc' dir='ltr'>ἀλλήλους</span> 
     </span>
    </p>
   </div>
   <div class='ocr_carea' id='block_1_108' title="bbox 2042 5407 3634 5490">
    <p class='ocr_par' dir='ltr' id='par_1_108' title="bbox 2042 5407 3634 5490">
     <span class='ocr_line' id='line_1_109' title="bbox 2042 5407 3634 5490; baseline -0.003 -21"><span class='ocrx_word' id='word_1_793' title='bbox 2042 5415 2133 5469; x_wconf 83' lang='grc' dir='ltr'>διὰ</span> <span class='ocrx_word' id='word_1_794' title='bbox 2161 5416 2261 5486; x_wconf 76' lang='grc' dir='ltr'>τῆς</span> <span class='ocrx_word' id='word_1_795' title='bbox 2277 5417 2504 5489; x_wconf 78' lang='grc' dir='ltr'>ἀγάπης</span> <span class='ocrx_word' id='word_1_796' title='bbox 2533 5418 2769 5484; x_wconf 90' lang='grc' dir='ltr'>δουλεία,</span> <span class='ocrx_word' id='word_1_797' title='bbox 2793 5419 2893 5490; x_wconf 80' lang='grc' dir='ltr'>τὴν</span> <span class='ocrx_word' id='word_1_798' title='bbox 2939 5417 3148 5473; x_wconf 82' lang='grc' dir='ltr'>ἀνωθεν</span> <span class='ocrx_word' id='word_1_799' title='bbox 3199 5407 3634 5488; x_wconf 71' lang='grc' dir='ltr'>ἀρραδωνίζεται</span> 
     </span>
    </p>
   </div>
   <div class='ocr_carea' id='block_1_109' title="bbox 357 5507 3630 5589">
    <p class='ocr_par' dir='ltr' id='par_1_109' title="bbox 357 5507 3630 5589">
     <span class='ocr_line' id='line_1_110' title="bbox 357 5507 3630 5589; baseline -0.001 -27"><span class='ocrx_word' id='word_1_800' title='bbox 357 5507 699 5582; x_wconf 82' lang='grc' dir='ltr'>συμμαχίαν,</span> <span class='ocrx_word' id='word_1_801' title='bbox 727 5508 823 5561; x_wconf 72' lang='grc' dir='ltr'>καὶ</span> <span class='ocrx_word' id='word_1_802' title='bbox 870 5508 969 5579; x_wconf 74' lang='grc' dir='ltr'>τὴν</span> <span class='ocrx_word' id='word_1_803' title='bbox 1024 5509 1275 5583; x_wconf 80' lang='grc' dir='ltr'>καθαρὰν</span> <span class='ocrx_word' id='word_1_804' title='bbox 1336 5510 1433 5564; x_wconf 73' lang='grc' dir='ltr'>καὶ</span> <span class='ocrx_word' id='word_1_805' title='bbox 1501 5511 1779 5583; x_wconf 80' lang='grc' dir='ltr'>μακαρίαν</span> <span class='ocrx_word' id='word_1_806' title='bbox 1847 5512 2291 5583; x_wconf 83' lang='grc' dir='ltr'>καταπράττεται</span> <span class='ocrx_word' id='word_1_807' title='bbox 2348 5509 2791 5581; x_wconf 47' lang='grc' dir='ltr'>ἐλευθερίαννδιά</span> <span class='ocrx_word' id='word_1_808' title='bbox 2817 5514 2917 5583; x_wconf 87' lang='grc' dir='ltr'>τῆς</span> <span class='ocrx_word' id='word_1_809' title='bbox 2969 5511 3027 5565; x_wconf 70' lang='grc' dir='ltr'>ὲν</span> <span class='ocrx_word' id='word_1_810' title='bbox 3068 5510 3317 5580; x_wconf 84' lang='grc' dir='ltr'>ἀλλήλοις</span> <span class='ocrx_word' id='word_1_811' title='bbox 3384 5508 3630 5589; x_wconf 60' lang='grc' dir='ltr'>εἰρήνης,</span> 
     </span>
    </p>
   </div>
   <div class='ocr_carea' id='block_1_110' title="bbox 357 5601 3420 5688">
    <p class='ocr_par' dir='ltr' id='par_1_110' title="bbox 357 5601 3420 5688">
     <span class='ocr_line' id='line_1_111' title="bbox 357 5601 3420 5688; baseline 0.001 -35"><span class='ocrx_word' id='word_1_812' title='bbox 357 5603 452 5654; x_wconf 75' lang='grc' dir='ltr'>καὶ</span> <span class='ocrx_word' id='word_1_813' title='bbox 480 5602 579 5674; x_wconf 81' lang='grc' dir='ltr'>τὴν</span> <span class='ocrx_word' id='word_1_814' title='bbox 601 5601 964 5655; x_wconf 78' lang='grc' dir='ltr'>ὲνυπόστατον</span> <span class='ocrx_word' id='word_1_815' title='bbox 996 5603 1222 5688; x_wconf 73' lang='grc' dir='ltr'>εἰρήνην</span> <span class='ocrx_word' id='word_1_816' title='bbox 1264 5603 1358 5656; x_wconf 79' lang='grc' dir='ltr'>τὸν</span> <span class='ocrx_word' id='word_1_817' title='bbox 1380 5602 1587 5674; x_wconf 80' lang='grc' dir='ltr'>Κύριον</span> <span class='ocrx_word' id='word_1_818' title='bbox 1610 5603 1767 5674; x_wconf 78' lang='grc' dir='ltr'>ἡμῶν</span> <span class='ocrx_word' id='word_1_819' title='bbox 1827 5605 2035 5675; x_wconf 71' lang='grc' dir='ltr'>Ἰησοῦν</span> <span class='ocrx_word' id='word_1_820' title='bbox 2065 5603 2298 5675; x_wconf 82' lang='grc' dir='ltr'>Χριστὸν</span> <span class='ocrx_word' id='word_1_821' title='bbox 2326 5604 2445 5665; x_wconf 82' lang='grc' dir='ltr'>ταῖς</span> <span class='ocrx_word' id='word_1_822' title='bbox 2469 5602 2622 5672; x_wconf 85' lang='grc' dir='ltr'>ὑμῶν</span> <span class='ocrx_word' id='word_1_823' title='bbox 2660 5603 3119 5673; x_wconf 76' lang='grc' dir='ltr'>ὲγκατοικίζουσα</span> <span class='ocrx_word' id='word_1_824' title='bbox 3150 5603 3420 5674; x_wconf 76' lang='grc' dir='ltr'>καρδίαις.</span> 
     </span>
    </p>
   </div>
   <div class='ocr_carea' id='block_1_111' title="bbox 428 5697 1943 5771">
    <p class='ocr_par' dir='ltr' id='par_1_111' title="bbox 428 5697 1943 5771">
     <span class='ocr_line' id='line_1_112' title="bbox 428 5697 1943 5771; baseline 0.001 -16"><span class='ocrx_word' id='word_1_825' title='bbox 428 5697 635 5755; x_wconf 88' lang='lat' dir='ltr'><strong>Deinde</strong></span> <span class='ocrx_word' id='word_1_826' title='bbox 662 5698 850 5771; x_wconf 85' lang='lat' dir='ltr'><strong>adiicit</strong></span> <span class='ocrx_word' id='word_1_827' title='bbox 878 5710 931 5756; x_wconf 88' lang='lat' dir='ltr'><strong>et</strong></span> <span class='ocrx_word' id='word_1_828' title='bbox 954 5699 1087 5771; x_wconf 66' lang='lat' dir='ltr'><strong>legis</strong></span> <span class='ocrx_word' id='word_1_829' title='bbox 1108 5714 1383 5757; x_wconf 87' lang='lat' dir='ltr'><strong>summam</strong></span> <span class='ocrx_word' id='word_1_830' title='bbox 1406 5712 1529 5757; x_wconf 82' lang='lat' dir='ltr'><strong>esse</strong></span> <span class='ocrx_word' id='word_1_831' title='bbox 1549 5699 1773 5770; x_wconf 78' lang='lat' dir='ltr'><strong>diligere</strong></span> <span class='ocrx_word' id='word_1_832' title='bbox 1798 5698 1943 5756; x_wconf 90' lang='lat' dir='ltr'><strong>sicut</strong></span> 
     </span>
    </p>
   </div>
   <div class='ocr_carea' id='block_1_112' title="bbox 2122 5692 3634 5769">
    <p class='ocr_par' dir='ltr' id='par_1_112' title="bbox 2122 5692 3634 5769">
     <span class='ocr_line' id='line_1_113' title="bbox 2122 5692 3634 5769; baseline -0.004 -16"><span class='ocrx_word' id='word_1_833' title='bbox 2122 5694 2253 5753; x_wconf 78' lang='grc' dir='ltr'>Εἶτα</span> <span class='ocrx_word' id='word_1_834' title='bbox 2291 5697 2651 5769; x_wconf 82' lang='grc' dir='ltr'>προστίθησιν</span> <span class='ocrx_word' id='word_1_835' title='bbox 2688 5700 2770 5754; x_wconf 78' lang='grc' dir='ltr'>ὅτι</span> <span class='ocrx_word' id='word_1_836' title='bbox 2792 5699 2887 5754; x_wconf 74' lang='grc' dir='ltr'>καὶ</span> <span class='ocrx_word' id='word_1_837' title='bbox 2911 5699 3077 5769; x_wconf 86' lang='grc' dir='ltr'>νόμου</span> <span class='ocrx_word' id='word_1_838' title='bbox 3122 5698 3417 5766; x_wconf 76' lang='grc' dir='ltr'>κεφάλαιόν</span> <span class='ocrx_word' id='word_1_839' title='bbox 3442 5692 3634 5750; x_wconf 66' lang='grc' dir='ltr'>ἔστιτὸ</span> 
     </span>
    </p>
   </div>
  </div>
