3884 6202
150 268 265 332 397

1166 265 1265 326 AD
1295 264 1894 327 AMPHILOCHIUM
1923 262 2273 336 QUIESTIO
2310 260 2458 323 LVI.

3344 252 3453 317 398

156 378 259 432 σόν
283 395 375 448 με,
403 378 431 432 ὁ
458 376 615 443 Θεὸς,
646 373 787 431 κατὰ
833 373 975 448 μέγα
1006 374 1156 443 ἔλεός
1188 394 1306 443 σου,
1354 380 1450 433 καὶ
1493 378 1638 435 κατὰ
1690 379 1750 433 τὸ
1780 427 1789 439 ι

1896 378 1994 441 mei,
2022 376 2187 443 Deus,
2212 375 2515 433 secundum
2539 387 2794 445 magnam
2814 371 3252 430 misericordiam
3279 380 3452 435 tuam,

155 470 374 541 πλῆθος
389 468 497 524 τῶν
517 468 818 542 οἰκτιρμῶν
840 488 937 525 σου
956 469 1238 544 ἐξάλιειιιιον
1260 472 1322 526 τὸ
1341 474 1602 544 ἀνόμημά
1626 492 1753 544 μου,

156 560 320 625 ὅπως
339 560 405 615 ἂν
432 559 723 632 δικαιωθῇς
754 563 812 616 ὲν
837 563 946 623 τοῖς
975 561 1155 631 λόγοις
1182 580 1277 616 σου
1312 564 1406 617 καὶ
1436 565 1668 635 νικήσῃς
1706 567 1763 616 ὲν

158 650 246 723 τῷ
274 650 557 723 κρίνεσθαί
585 669 642 705 σε
667 670 679 683 ο
712 670 732 705 ι
757 651 826 705 τὰ
839 652 896 706 δὲ
910 652 1044 707 ἄλλα
1065 653 1461 723 μεταξυλογίας
1474 654 1685 727 ἔχοντα,
1706 656 1766 709 οὑ

162 745 463 817 περικόψει
477 745 569 799 τὸν
587 746 777 817 εἱρμὸν
794 745 918 801 οὔτε
940 744 1038 814 τῆς
1054 745 1292 811 διανοίας
1303 745 1426 800 οὑτε
1452 750 1550 819 τῆς
1570 748 1768 802 συντά-

76 838 83 843 ’
166 836 335 901 ξιως.
354 838 505 893 Ποῖοι
524 837 570 892 δ’
591 838 656 892 ἂν
672 833 782 893 εἷεν
806 838 953 907 λόγοι
977 838 1046 893 δι’
1068 832 1142 893 ὧν
1163 840 1191 893 ὁ
1208 838 1338 904 Θεὸς
1355 839 1522 895 ἐλεῶν
1536 840 1771 895 δικαιοὺ-

164 947 299 996 ταις
342 948 361 982 ι
395 932 463 984 Ἣ
486 931 611 1000 λέγε
642 932 707 986 σὺ
734 930 949 1003 πρῶτος
980 932 1082 996 τὰς
1113 933 1390 1005 ἁμαρτίας
1416 951 1508 988 σου
1527 933 1676 998 ὅπως
1694 933 1771 988 δι-

167 1020 424 1091 καιωθῇς
447 1038 469 1056 ι
490 1041 508 1072 ι
536 1023 652 1083 καὶ,
676 1023 759 1076 ὅτι
789 1041 809 1074 ι
839 1021 932 1095 Μὴ
956 1022 1174 1094 θελήσει
1198 1023 1410 1096 θελήσω
1430 1024 1521 1077 τὸν
1542 1023 1772 1079 θάνατον

167 1112 277 1165 τοῦ
322 1113 671 1182 ἁμαρτωλοῦ,
720 1114 796 1179 ὡς
839 1115 899 1169 τὸ
949 1116 1304 1186 ἐπιστρέφειν
1332 1117 1495 1171 αὑτὸν
1541 1117 1649 1171 ἀπὸ
1670 1118 1773 1187 τῆς

169 1201 301 1256 όδοῦ
332 1204 499 1258 αὑτοῦ
523 1206 622 1276 τῆς
655 1208 901 1279 πονηρᾶς
926 1208 1021 1261 καὶ
1052 1207 1153 1280 ζῇν
1178 1225 1194 1241 ·
1239 1228 1256 1261 ι
1291 1210 1389 1263 καὶ
1418 1210 1601 1265 πάλιν.
1642 1228 1661 1263 ι
1695 1212 1769 1265 Οὑ

172 1295 326 1349 θέλω
349 1297 441 1351 τὸν
470 1296 565 1351 τοῦ
588 1297 1029 1371 ἀποθνήσκοντος
1072 1299 1324 1365 θάνατον,
1361 1303 1478 1356 ἀλλ’
1511 1302 1772 1374 ἐπιστρέ-

171 1388 321 1457 ψατε
356 1391 451 1444 καὶ⁸
500 1389 756 1463 ζήσεσθε.
795 1411 814 1445 ι
852 1384 1013 1448 Οὗτοι
1054 1394 1163 1467 γὰρ
1211 1396 1261 1449 οἱ
1308 1395 1460 1466 λόγοι
1502 1396 1774 1453 δικαιιῖῦσι

173 1481 272 1533 τὸν
306 1481 466 1545 θεὸν,
490 1481 674 1554 ἔργοις
700 1483 1109 1556 φιλανθρώποις
1138 1485 1491 1557 βεϐαιοῦντος
1507 1490 1605 1542 καὶ
1631 1507 1772 1558 συμ-

176 1573 424 1639 παθείας
450 1577 758 1649 οἰκτιρμοῖς
782 1578 1191 1651 ὲκπληροῦντος
1208 1580 1428 1646 αὑτοὺς.
1462 1581 1525 1636 Ei
1548 1582 1658 1656 γὰρ
1677 1584 1776 1655 τῆς

175 1667 484 1739 Δαυῖδικῆς
550 1668 829 1740 ἁμαρτίας
885 1671 982 1725 καὶ
1054 1673 1420 1744 μεταμελείας
1472 1675 1551 1748 τῷ
1598 1677 1777 1749 χρόνῳ

174 1758 621 1830 δευτερεύουσιν,
653 1760 769 1814 ἀλλ’
797 1756 892 1816 οὖν
920 1763 1022 1835 τῆς
1053 1766 1112 1818 ἐν
1136 1763 1212 1833 τῷ
1240 1763 1404 1819 Δαυῖδ
1430 1768 1775 1839 προφητικῆς

176 1849 241 1905 οὑ
285 1848 703 1922 δευτερεύουσιν
741 1853 1017 1923 γνώσεως.
1066 1857 1221 1910 Ἐπεὶ
1267 1858 1364 1912 καὶ
1394 1858 1557 1923 αὑτὸς
1584 1861 1612 1913 ό
1640 1858 1777 1929 ψαλ-

182 1943 288 2015 μὸς
314 1944 420 1997 οὑκ
447 1943 669 2001 ἔλαττον
696 1946 797 2017 τὴν
839 1947 934 2001 τοῦ
976 1947 1143 2002 Δαυῒδ
1190 1950 1565 2021 στηλογραςρεῖ
1607 1951 1778 2021 μετά-

179 2053 344 2090 νοιαν
377 2038 475 2091 καὶ
501 2037 914 2110 ἐξομολόγησιν,
958 2041 1055 2095 καὶ
1083 2041 1174 2095 τὸν
1204 2043 1296 2096 ἐπὶ
1328 2045 1444 2108 τοῖς
1472 2045 1779 2114 παραπτώ-

184 2145 361 2197 μασιν
407 2130 557 2184 ἐλεον
601 2131 634 2203 ἢ
682 2132 785 2204 τὴν
820 2132 1072 2205 ὑστέροις
1130 2135 1345 2205 χρόνοις
1400 2136 1784 2207 αἰχμαλωσίαν

180 2220 281 2274 τοῦ
352 2222 570 2293 Ἰσραὴλ
632 2224 1035 2295 προαγγέλλει·
1086 2226 1183 2281 καὶ
1242 2228 1427 2293 ἐλέους
1482 2229 1784 2303 ἀξιωθῆναι

182 2314 418 2379 τούτους
447 2316 541 2369 καὶ
564 2316 979 2389 φιλανθρωπίας
1006 2320 1064 2374 ὲν
1090 2319 1427 2375 διατυπώσει
1451 2340 1510 2376 τε
1532 2323 1627 2377 xal
1653 2342 1787 2396 σχη-

188 2408 459 2479 ματισμῷ
496 2408 753 2481 δεομένου
784 2409 1168 2483 προθεσπίζει,
1193 2414 1689 2487 ἀκουτισθήσεσθαί
1724 2433 1785 2470 τε

185 2500 518 2568 ἀγαλλίασιν
544 2502 639 2556 καὶ
662 2502 1006 2575 εὐφροσύνην
1056 2508 1371 2576 προφητικῇ
1412 2506 1789 2577 χρησμολογεῖ

186 2591 513 2662 διαγνώσει,
554 2594 987 2664 άγαλλιάσεσθαί
1029 2613 1088 2650 τε
1130 2594 1296 2651 ὀστέα
1331 2598 1790 2668 ταταπεινωμένα

190 2688 290 2740 καὶ
316 2690 594 2758 πνεύματι
649 2688 965 2760 ἡγεμονικῷ
1012 2689 1398 2761 στηριχθῆναι,
1433 2690 1527 2745 καὶ
1553 2692 1791 2760 ἁγαθυν-

196 2778 364 2848 θῆναι
389 2777 514 2850 θείᾳ
538 2780 752 2851 εὑδοκίῃ
783 2780 883 2851 τὴν
904 2780 1066 2845 Σιὼν,
1101 2781 1594 2852 ἀνοικώομηθῆναί
1634 2801 1693 2837 τε
1721 2786 1791 2840 τὰ

196 2868 598 2941 πεπορθημένα
624 2870 780 2941 τείχη
827 2871 920 2925 καὶ
954 2870 1425 2941 κατηρειπωμένα
1450 2874 1550 2941 τῆς
1594 2871 1791 2942 Ἰερουι

198 2961 336 3033 σαλή
346 2980 406 3033 μ.
442 2961 563 3016 Τῶν
584 2962 890 3016 Δαυῖδικῶν
910 2962 1097 3016 τοίνυν
1110 2962 1375 3035 ῥημάτων
1401 2962 1524 3016 ἀντὶ
1542 2961 1637 3016 τοῦ
1656 2980 1791 3034 σχη-

1867 481 1922 528 et
1959 470 2262 528 secundum
2297 468 2705 525 multitudinem
2747 465 3182 522 miseratinnump
3211 472 3453 528 tuarum,

1869 566 1989 622 dele
2020 564 2364 635 iniquitatem
2397 577 2596 625 meam,
2638 571 2697 616 ut
2728 559 3139 630 justiﬁeerisin
3180 557 3457 613 sermoni-

1872 658 1973 713 bus
2002 656 2109 713 tuis
2137 663 2191 712 et
2216 655 2405 711 vincas
2451 669 2575 708 cum
2614 650 2882 722 iudicaris
2910 652 2980 704 9‘.
3020 669 3040 702 ι
3075 648 3283 705 Caetera
3327 662 3459 702 vero

1872 752 2108 808 medium
2144 749 2403 814 tenentia,
2430 763 2535 803 non
2569 748 2823 802 scindent
2855 760 3057 799 nexum
3109 757 3458 814 neque-sen—

1873 860 1970 901 sus
1998 857 2173 913 neque
2218 839 2450 896 ordinis.
2484 839 2721 907 Quinam
2758 846 2940 892 autem
2963 840 3151 892 essent
3177 846 3462 889 sermones

1873 936 2076 1007 quibus
2117 934 2262 991 Deus
2318 932 2588 988 miserans
2642 929 3014 1002 justilicatur?
3052 947 3071 981 ι
3105 928 3217 983 Aut
3262 925 3353 983 die
3406 934 3490 980 tu.

1874 1030 2087 1100 primus
2116 1035 2339 1099 peccata
2365 1035 2457 1081 tua
2496 1034 2555 1080 ut
2594 1022 2914 1096 justiliceris
2949 1022 3027 1085 ";
3065 1039 3083 1074 ι
3133 1030 3225 1077 et:
3262 1040 3281 1072 ι
3327 1018 3465 1075 Nolo

1875 1130 2111 1178 mortem
2152 1119 2478 1192 peccatoris,
2503 1117 2598 1174 sed
2631 1116 2873 1174 converti
2929 1116 3109 1187 ipsum
3144 1130 3176 1170 a
3232 1116 3319 1169 via
3365 1129 3469 1169 sua

1876 1214 2017 1270 mala
2048 1222 2103 1269 et
2146 1216 2330 1267 vivere
2361 1212 2431 1266 ".
2468 1230 2488 1264 ι
2516 1208 2581 1264 Et
2636 1224 2831 1265 rursus
2866 1227 2880 1263 :
2917 1225 2936 1259 ι
2978 1206 3118 1262 Nolo
3178 1205 3467 1262 morientis

1876 1316 2133 1373 mortem,
2196 1306 2293 1362 sed
2341 1302 2677 1361 revertimini
2725 1310 2781 1356 et
2848 1300 3016 1357 vivite
3042 1300 3113 1354 ".
3152 1318 3171 1352 ι
3208 1296 3273 1352 Hi
3321 1297 3467 1353 enim

1878 1413 2162 1455 sermones
2195 1397 2502 1470 justiticant
2534 1394 2729 1461 Deum,
2773 1393 2932 1450 factis
2958 1390 3216 1448 humanis
3243 1390 3470 1446 ﬁrman-

1880 1502 1988 1548 tcm
2045 1499 2099 1546 et
2157 1488 2561 1560 compassionis
2622 1486 3078 1543 miserationibus
3153 1484 3469 1554 implentem

1880 1586 2024 1642 illos.
2054 1583 2111 1639 Si
2148 1583 2293 1639 enim
2328 1582 2588 1638 Davidico
2618 1588 2845 1652 peccato
2880 1590 2933 1634 et
2959 1577 3275 1649 pcenitentia
3329 1586 3470 1631 tem-

1881 1695 2010 1750 pore
2038 1677 2373 1749 posteriores
2404 1684 2555 1742 sunt,
2590 1684 2646 1731 at
2674 1685 2855 1731 tamen
2882 1674 2937 1728 in
2964 1672 3135 1728 David
3157 1668 3490 1742 prophetica

1881 1788 1988 1829 non
2023 1781 2153 1827 sunt
2181 1770 2515 1841 posteriores
2540 1767 2791 1824 scientia.
2822 1764 2964 1832 Quia
2998 1772 3051 1819 et
3080 1765 3197 1834 ipse
3228 1760 3475 1832 psalmus

1882 1879 1991 1919 non
2042 1863 2226 1918 minus
2261 1860 2484 1916 Davidis
2525 1859 2785 1927 insculpit
2832 1856 3215 1929 paenitentiam
3255 1862 3311 1909 et
3339 1869 3476 1911 con-

1885 1954 2178 2010 fessionem
2237 1961 2292 2008 et
2325 1966 2492 2021 super
2525 1948 2771 2019 lapsibus
2825 1944 3262 2002 misericordiam
3302 1944 3475 2013 'quam

1885 2044 2281 2115 posterioribus
2314 2041 2655 2113 temporibus
2699 2038 3077 2110 captivitatem
3136 2033 3298 2091 Israel
3336 2049 3476 2105 pra:-

1888 2138 2122 2200 nuntiat,
2149 2146 2204 2192 et
2235 2133 2616 2192 misericordia
2659 2133 2911 2203 dignatas
2936 2145 3060 2185 esse
3085 2128 3184 2185 hos
3206 2136 3263 2183 et
3283 2127 3480 2181 huma-

1888 2228 2054 2283 nitate
2084 2228 2140 2282 in
2171 2226 2315 2298 typis
2347 2233 2401 2281 et
2432 2226 2606 2296 ﬁgura
2643 2223 2932 2294 implorata
2971 2220 3235 2275 divinitus
3281 2215 3480 2289 praedi-

1889 2320 1999 2385 cit,
2054 2318 2382 2374 audiendam
2435 2298 2559 2373 esse
2621 2315 3041 2371 exsultationem
3121 2320 3177 2367 et
3234 2307 3475 2365 laetitiam

1888 2409 2205 2482 prophetica
2260 2408 2585 2479 pronuntiat
2634 2404 2970 2477 cognitione,
3028 2402 3481 2474 exsultaturaque

1890 2517 2017 2558 ossa
2048 2501 2328 2557 humiliata
2361 2508 2415 2556 et
2446 2500 2642 2570 spiritu
2677 2495 2966 2568 principali
3008 2494 3385 2552 conﬁrmanda
3427 2502 3485 2549 et

1892 2594 2053 2651 bonis
2106 2592 2447 2648 adiciendam
2492 2592 2680 2645 divino
2711 2590 3057 2661 beneplacito
3088 2589 3245 2655 Sion,
3294 2588 3487 2643 reanli-

1894 2685 2218 2754 ﬁcandaque
2265 2684 2447 2739 diruta
2507 2684 2708 2738 moenia
2761 2693 2814 2738 et
2868 2697 3062 2737 eversa
3150 2678 3481 2734 Jerusalem.

1894 2776 2170 2833 Davidicis
2219 2777 2383 2849 igitur
2429 2777 2652 2842 verbis,
2712 2776 2913 2831 nedum
2964 2776 3243 2846 [iugantur
3303 2782 3486 2829 trans-

1896 2887 2116 2942 gresso,
2146 2870 2318 2941 tropis
2360 2879 2508 2926 recta
2565 2869 2798 2925 invicem
2856 2867 3286 2935 cohaerentibus,
3325 2865 3484 2932 nihil,

1897 2971 1956 3018 ut
1979 2962 2187 3019 dictum
2240 2970 2343 3027 est,
2395 2961 2686 3017 discedens
2743 2958 2797 3016 a‘
2833 2959 3162 3016 rectitudine
3203 2967 3257 3014 et
3321 2972 3489 3014 sensu

201 3054 530 3125 ματίζεσθαι
564 3054 642 3126 τῷ
693 3054 1119 3127 ὑπερϐεϐηκότι,
1162 3054 1273 3109 τῶν
1322 3054 1544 3127 τρόπων
1577 3055 1664 3109 ἐπ’
1695 3056 1788 3109 εὑ-

1902 3056 2347 3128 propheticorum
2388 3069 2709 3109 sermonum
2749 3052 3027 3119 occurrit;
3060 3050 3315 3107 invocant
3343 3048 3489 3105 enim

203 3146 355 3211 θείας
377 3146 626 3217 αλλήλοις
640 3146 1088 3218 συναπτομένων,
1106 3146 1280 3212 οὐδὲν,
1306 3146 1381 3211 ὼς
1404 3146 1761 3218 εἴρηται,στα
1776 3176 1789 3188 -

1904 3148 2250 3219 superiorem
2303 3147 2739 3204 misericordiam
2784 3156 2839 3202 et
2894 3145 3350 3209 benevolentiam,
3395 3159 3494 3215 per

202 3239 395 3305 σιάζον
426 3239 565 3311 πρὸς
594 3239 697 3312 τὴν
714 3237 985 3311 ὀρθότητα
1026 3238 1122 3294 καὶ
1170 3237 1405 3292 σύνεσιντ
1434 3239 1544 3293 τῶν
1578 3256 1789 3310 προφη-

1896 3258 2041 3313 quas
2076 3242 2251 3315 magis
2292 3243 2508 3315 justitia
2534 3243 2723 3299 elucet.
2770 3241 2865 3298 Dei
2905 3252 2959 3298 et
2998 3241 3221 3298 veritas.
3254 3238 3330 3295 Ita
3364 3252 3497 3309 ergo

200 3334 374 3387 τικῶν
428 3332 602 3402 λόγων
656 3332 875 3404 ἀπαντᾷ
903 3348 916 3361 ·
950 3329 1311 3386 ἐκκαλοῦνται
1348 3330 1459 3402 γὰρ
1487 3329 1547 3383 τὸ
1590 3329 1789 3386 ἄνωθεν

1896 3334 2055 3391 facile
2086 3345 2172 3391 est
2200 3344 2261 3391 et
2277 3335 2420 3390 haud
2457 3334 3110 3406 infaustumconspicere
3136 3331 3416 3405 quomodo
3442 3338 3500 3386 et

204 3424 351 3489 ἔλεος
410 3425 507 3478 καὶ
560 3422 660 3497 τὴν
707 3423 1021 3495 εὐμένειαν,
1073 3423 1143 3478 δι’
1172 3416 1247 3478 ὧν
1285 3422 1491 3493 μᾶλλον
1534 3423 1568 3493 ἡ
1594 3422 1789 3476 δικαιο-

1898 3431 2217 3501 ambiguum
2261 3445 2357 3500 per
2382 3426 2598 3485 atIinem
2638 3438 2847 3485 textum
2888 3444 3109 3484 sacrum
3169 3426 3497 3482 mundatum

207 3516 341 3588 σὺνη
373 3516 671 3588 διαλάμπει
708 3517 802 3570 τοῦ
849 3516 985 3570 Θεοῦ
1019 3516 1113 3570 καὶ
1139 3518 1173 3586 ή
1212 3514 1463 3586 ἀλήθεια.
1498 3514 1655 3569 Οὑτω
1701 3515 1799 3586 μὲν

204 3604 299 3663 οὖν
333 3609 466 3682 ῥᾷόν
502 3611 620 3664 ἐστι
651 3612 747 3664 καὶ
781 3609 1164 3681 ἀταλαίπωρον
1190 3609 1446 3679 συνορᾷν,
1474 3608 1621 3672 ὅπως
1647 3625 1706 3661 τε
1734 3607 1796 3662 τὸ

207 3700 732 3773 ἀμφισϐητούμενον
756 3701 845 3756 διὰ
886 3702 984 3772 τῆς
1014 3704 1310 3771 συγγενοῦς
1355 3701 1659 3772 ίερολογίας
1705 3703 1800 3756 ἁν-

208 3793 499 3866 εκαθάρθη
523 3795 620 3849 καὶ
647 3795 748 3866 τὴν
781 3796 1129 3868 προφητικὴν
1152 3794 1444 3865 θεοσοφίαν
1472 3795 1568 3849 καὶ
1598 3795 1800 3867 ἀρετὴν

1901 3524 1973 3580 sit
2025 3533 2080 3579 et
2128 3523 2407 3594 prophetae
2456 3522 2700 3577 divinam
2754 3521 3078 3593 sapientiam
3132 3527 3189 3575 et
3236 3519 3494 3574 virtutem

1905 3632 2013 3673 non
2064 3616 2411 3681 adulterarit,
2470 3630 2649 3685 neque
2689 3614 2927 3684 aliquem
2983 3611 3500 3668 ratiocinationibus

1908 3705 2122 3777 injiciat
2154 3706 2521 3762 turbationem
2552 3720 2675 3778 qua:
2722 3721 2754 3761 a
2774 3705 2947 3761 Deum
2989 3704 3202 3761 decenti
3228 3703 3407 3759 aliena
3430 3700 3505 3759 sit

1912 3800 2216 3871 proposito.

209 3887 310 3941 οὑκ
370 3888 676 3954 ὲνόθευσεν,
730 3889 853 3943 οὑδέ
910 3906 1033 3943 τινα
1086 3891 1367 3961 λογισμοῖς
1421 3888 1683 3960 ἐμϐάλλει
1739 3890 2042 3965 δισταγμὸν
2106 3896 2201 3950 καὶ
2252 3896 2356 3968 τῆς
2398 3894 2745 3967 θεοπρεποῦς
2801 3894 3083 3967 ἀλλότριον
3145 3891 3501 3963 ὑπολήψεως.

294 3986 453 4039 Ἐπεὶ
511 3985 570 4039 δὲ
615 3986 674 4038 τὸ
729 3984 828 4054 μὲν
885 3983 1167 4036 Δαυῖοικὸν
1214 3983 1379 4055 ῥητὸν
1412 3983 1683 4050 ἰδιάζοντα
1712 3982 1804 4037 τὸν

211 4077 592 4149 καταρτισμὸν
642 4077 887 4148 εὑρίσκει
934 4077 1029 4130 καὶ
1075 4076 1175 4150 τὴν
1213 4077 1541 4149 εὐμάρειαν,
1586 4078 1695 4131 εἰσί
1746 4075 1804 4130 δὲ

212 4171 309 4226 καὶ
338 4169 478 4222 ἄλλα
508 4167 684 4224 πολλὰ
714 4167 824 4223 τῶν
856 4168 1057 4237 λογίων
1090 4168 1189 4241 τὴν
1236 4169 1407 4238 αὑτὴν
1446 4170 1546 4239 μὲν
1578 4169 1805 4239 ζήτησιν

213 4264 607 4333 ἀναδεχόμενα,
644 4262 704 4316 οὑ
739 4262 832 4317 διὰ
874 4263 969 4333 τῆς
1010 4262 1194 4332 ἀὐτῆς
1226 4262 1283 4315 δὲ
1327 4261 1549 4332 μεθόδου
1583 4262 1799 4315 ἐπιλυό-

217 4372 379 4426 μενα,
407 4355 630 4427 ἄμεινον
660 4356 754 4409 ἐπὶ
795 4355 895 4427 τὴν
946 4354 1383 4427 καθολικώτερον
1407 4355 1581 4411 ταῦτα
1616 4355 1804 4428 θεουρο

1986 3988 2123 4044 Cum
2156 4004 2286 4044 vero
2335 3988 2653 4045 Davidicum
2703 3986 2924 4059 quidem
2976 3987 3183 4041 dictum
3218 3984 3501 4056 propriam

1915 4081 2313 4137 connexionem
2368 4081 2609 4136 inveniat
2651 4089 2706 4137 et
2732 4082 2930 4136 bonam
2993 4079 3365 4149 partitionem,
3396 4078 3507 4133 sint

1913 4183 1968 4228 et
1993 4172 2097 4227 alia
2131 4173 2304 4229 multa
2341 4173 2557 4243 eloquia
2598 4173 2847 4228 eamdem
2897 4171 3313 4243 inquisitionem
3350 4170 3501 4227 exci-

1914 4267 2139 4337 pientia,
2171 4282 2282 4323 non
2317 4276 2499 4322 autem
2540 4282 2637 4337 per
2664 4266 2913 4322 eamdem
2947 4264 3265 4320 methodum
3300 4263 3500 4327 soluta,

1916 4361 2114 4417 mel-ius
2156 4370 2242 4418 est
2275 4362 2342 4417 ad
2374 4361 2549 4433 magis
2594 4360 2865 4416 eatholice
2902 4360 3017 4414 haec
3059 4357 3325 4413 divinitus
3369 4370 3503 4426 ope-

214 4445 424 4516 γοῦσαν
474 4446 571 4501 καὶ
642 4444 1083 4509 διευθετίζουσαν
1145 4446 1480 4517 ἀναδραμεῖν
1542 4444 1789 4517 θεωρίαν,

1912 4461 2127 4509 rantem
2161 4460 2217 4509 et
2244 4452 2383 4508 bene
2413 4461 2743 4508 statuentem
2786 4466 3071 4507 recurrere
3127 4448 3418 4510 theoriam,
3451 4457 3507 4501 et

216 4536 478 4590 κάκεῖθεν
495 4536 601 4591 ἀπὸ
624 4537 723 4607 τῆς
749 4536 933 4608 κοινῆς
958 4536 1522 4607 πάντωνδιακρίσεως
1555 4539 1654 4610 τὴν
1677 4538 1810 4592 ἀκό-

224 4629 419 4683 λουθον
449 4629 545 4682 καὶ
581 4629 887 4701 ἱεροπρεπῆ
917 4628 1154 4682 διάνοιαν
1187 4629 1261 4694 ὡς
1285 4623 1396 4684 οἷόν
1428 4630 1488 4684 τέ
1532 4631 1681 4686 ἐστιν
1710 4634 1808 4703 ἐμ-

221 4724 365 4795 φανῆ
395 4722 763 4792 καταστῆσαι.
801 4723 958 4776 Ἐστι
987 4721 1031 4776 δ’
1063 4721 1157 4777 οὖν
1187 4720 1224 4777 ἃ.
1259 4722 1352 4776 τὸν
1402 4723 1565 4778 αὑτὸν
1590 4741 1807 4796 σχημα-

220 4815 417 4885 τισμὸν
449 4813 816 4869 ὑποϐάλλεται
840 4814 941 4885 τῆς
968 4812 1273 4877 συνθέσεως
1292 4814 1389 4867 καὶ
1418 4814 1554 4887 πρὸς
1590 4814 1690 4885 τὴν
1711 4815 1809 4868 αὑ·

223 4908 322 4979 τὴν
346 4907 443 4962 τοῦ
466 4908 627 4976 λόγου
654 4908 829 4962 δεῖται
849 4907 1087 4978 φυσικὴν
1107 4906 1501 4977 ἀναπλωθῆναι
1522 4908 1615 4961 καὶ
1640 4909 1809 4979 ἀσχη-

228 5002 489 5073 μάτιστον
522 5001 781 5072 ἰδιότητα,
819 5000 895 5065 ὡς
940 5001 1005 5054 ἐκ
1047 4998 1261 5054 πολλῶν
1289 5000 1446 5068 όλίγα
1478 5000 1805 5070 παραθεῖναι

226 5094 430 5150 ταῦτα’
470 5113 489 5147 ι
533 5092 843 5147 Ἀποστελῶ
892 5091 992 5163 τὴν
1014 5094 1177 5164 χεῖρά
1225 5111 1326 5164 μου
1361 5094 1600 5159 πατάξαι
1626 5110 1685 5146 σε
1715 5093 1809 5145 καὶ

223 5188 315 5242 τὸν
356 5187 487 5241 λαόν
536 5204 653 5252 σου,
702 5188 799 5241 καὶ
837 5185 1146 5258 ὲκτριὸήσῃ
1186 5186 1295 5239 ἀπὸ
1325 5186 1424 5257 τῆς
1455 5186 1581 5255 γῆς,
1621 5204 1640 5238 ι
1674 5186 1806 5255 πρὸς

222 5281 313 5335 τὸν
328 5280 531 5352 Φαραὼ
570 5282 719 5350 λέγει
750 5278 840 5334 διὰ
870 5279 1113 5343 Μωσέως
1152 5280 1354 5349 Κύριος
1373 5296 1396 5315 ἠ
1423 5279 1517 5333 καί
1538 5293 1551 5307 ·
1591 5298 1609 5329 ι
1651 5279 1810 5331 Ἕνε-

226 5390 320 5429 κεν
355 5374 543 5428 τούτου
588 5371 917 5444 διετηρὴθης
968 5372 1056 5425 ἵνα
1104 5372 1425 5442 ἐνῗείξωμαι
1473 5374 1532 5425 ἐν
1594 5372 1677 5425 σοὶ
1708 5372 1807 5441 τὴν

231 5466 382 5537 ισχὺν
416 5483 539 5535 μου,
572 5468 670 5521 καὶ
700 5466 851 5529 ὅπως
893 5463 1155 5534 διαγγελῇ
1190 5465 1251 5517 τὸ
1277 5465 1450 5534 ὄνομά
1479 5482 1582 5535 μου
1615 5466 1673 5518 ὲν
1701 5464 1808 5518 πά-

232 5574 298 5631 σῃ
326 5562 391 5632 τῇ
420 5562 492 5632 γῇ
518 5578 533 5593 ·
564 5577 583 5613 ι
620 5560 718 5614 καὶ
738 5558 902 5615 πάλιν
925 5575 938 5588 ·
971 5577 989 5609 ι
1034 5556 1176 5626 Ἐγὼ
1194 5557 1435 5630 ὲδάρυνα
1455 5560 1555 5629 τὴν
1579 5558 1805 5629 καρδίαν

233 5652 392 5706 αὑτοῦ
414 5654 509 5708 καὶ
536 5651 645 5707 τῶν
666 5652 1011 5725 θεραπόντων
1043 5650 1230 5715 αὑτοῦ,
1260 5651 1346 5705 ἵνα
1379 5651 1580 5724 ἐπέλθῃ
1605 5653 1671 5704 τὰ
1705 5669 1801 5719 ση-

1909 4545 2035 4600 inde
2063 4561 2096 4600 a
2128 4545 2411 4623 communi
2437 4544 2685 4600 omnium
2710 4543 3041 4598 discretione
3071 4548 3501 4610 consequentem

1908 4649 1965 4694 et
1991 4637 2165 4693 sacris
2196 4637 2362 4693 rebus
2397 4636 2624 4707 dignum
2663 4650 2885 4691 sensum
2918 4649 3014 4705 pro
3041 4632 3255 4688 viribus
3278 4630 3504 4685 eviden-

1909 4740 2017 4786 tem
2050 4738 2313 4787 statuere.
2344 4728 2484 4783 Sunt
2520 4743 2653 4799 ergo
2682 4743 2805 4799 quae
2845 4724 3092 4781 eamdem
3140 4722 3376 4778 formam
3422 4721 3505 4775 in-

1908 4823 2089 4879 duunt
2142 4832 2432 4880 contextus
2480 4831 2533 4878 et
2598 4822 2667 4877 ad
2716 4820 2963 4876 eamdem
3030 4816 3303 4873 sermonis
3363 4829 3503 4885 opus
3596 4892 3599 4897 ι

1920 4918 2124 4973 habent
2158 4916 2464 4973 naturalem
2498 4914 2820 4986 simpliciter
2847 4911 3021 4983 aptari
3068 4920 3122 4967 et
3152 4910 3501 4980 inﬁguratam

1915 5011 2341 5082 proprietatem,
2392 5018 2453 5064 ut
2506 5024 2573 5064 ex
2630 5006 2817 5062 multis
2902 5020 3075 5076 pauca
3149 5002 3505 5074 proponimus

1915 5105 2034 5161 haec
2081 5122 2095 5159 :
2155 5123 2174 5157 ι
2220 5101 2429 5157 Mittam
2487 5115 2706 5155 manum
2769 5115 2947 5155 meum
3000 5108 3054 5154 ut
3102 5096 3402 5167 percutiam
3453 5105 3505 5148 te

1914 5206 1972 5253 et
2020 5196 2281 5268 populum
2346 5205 2536 5257 tuum,
2580 5202 2636 5246 et
2684 5190 2920 5247 delearis
2958 5190 3027 5245 de
3083 5197 3227 5244 terra
3265 5185 3332 5251 ",
3384 5204 3404 5239 ι
3436 5187 3506 5239 ad

1916 5289 2260 5345 Pharaonem
2282 5286 2358 5341 ait
2388 5300 2482 5355 per
2506 5284 2727 5355 Moysen
2760 5283 3028 5337 Dominus
3063 5297 3079 5334 :
3116 5301 3135 5334 ι
3160 5279 3225 5335 Et
3252 5289 3504 5352 propter-

1916 5400 1979 5439 ea
2039 5389 2289 5440 servatus
2356 5394 2417 5435 es
2474 5387 2533 5433 ut
2597 5377 2883 5434 ostendam
2952 5376 3006 5431 in
3070 5383 3123 5430 te
3204 5373 3504 5444 potentiam

1916 5492 2127 5543 meam,
2183 5487 2240 5531 et
2290 5485 2347 5531 ut
2411 5473 2674 5545 praedices
2739 5485 2939 5527 nomen
3020 5483 3203 5524 meum
3273 5468 3328 5522 in
3392 5476 3503 5521 tota

1914 5580 2056 5625 terra
2084 5570 2151 5625 ”.
2209 5588 2229 5621 ι
2273 5569 2337 5622 Ει
2392 5568 2633 5622 iterum:
2684 5580 2703 5615 ι
2762 5561 2876 5635 Ego
2930 5560 3177 5617 induravi
3234 5574 3333 5614 cor
3382 5555 3506 5625 ejus

1910 5673 1964 5720 et
1989 5678 2271 5719 servorum
2316 5661 2459 5731 ejus.
2506 5669 2565 5714 ut
2608 5657 2831 5713 veniant
2883 5656 3040 5726 signa
3074 5667 3240 5721 super
3284 5664 3401 5713 eos,
3442 5660 3501 5702 ut

299 5766 343 5801 "
376 5765 588 5836 Psal.L,
620 5765 746 5831 1,2.
802 5765 846 5797 "
880 5762 1263 5830 lsa.xuu,2ti.
1341 5763 1387 5795 ’⁸
1420 5760 1787 5828 Ειι)ι;1ι.χιίιι,
1817 5759 1909 5817 52.
1966 5755 2225 5813 ⁹⁷ΕῑρεΙι.
2258 5767 2449 5820 xxxm,
2477 5751 2560 5805 ll.
2618 5751 2662 5783 ’⁸
2695 5746 2868 5803 Exod.
2906 5761 2978 5811 Ix,
3023 5744 3103 5799 l5.
3181 5744 3223 5776 “9
3260 5740 3391 5797 ibid.
3427 5740 3509 5794 lti.
