3884 6202
194 276 308 345 4οι

1197 278 1296 339 AD
1329 276 1923 339 AMPHILOCHIUM
1959 273 2308 349 QUIESTIO
2336 274 2483 336 LVI.

3359 262 3468 329 402

191 413 318 461 τον,
345 395 490 459 ὅπως
520 392 588 448 ἀν
618 392 935 464 δικαιωθῇς,
972 410 991 446 ι
1023 391 1380 465 ἐπιωνῆψεν,
1416 412 1436 446 ι
1472 398 1531 447 ἐν
1561 397 1672 458 τοῖς
1693 395 1781 448 λό-

1889 398 2039 449 cente
2066 390 2277 461 iustitia
2305 397 2360 444 et
2383 386 2564 442 omnis
2594 381 3095 441 commiserationia
3122 390 3177 437 et
3206 381 3469 438 bonitatis

192 505 322 557 γοις
354 504 479 541 σου·
517 504 536 539 t
570 485 668 558 τὴν
702 486 801 557 μὲν
841 486 1073 557 ἀνομίαν
1118 486 1220 556 τῆς
1266 486 1561 556 μετανοίας
1606 488 1782 541 διαδε-

197 578 266 643 ξὰ
276 581 446 649 μένης
464 596 478 611 ο
495 578 592 649 τὴν
621 578 915 647 μετάνοιαν
936 579 991 631 δὲ
1016 580 1117 649 τῆς
1137 579 1281 650 ὑπὲρ
1300 579 1459 647 λόγον
1480 580 1784 651 φιλανθρω-

194 670 339 732 πίας
358 685 372 699 ’
402 670 458 720 ἐν
485 670 538 720 δὲ
563 669 629 739 τῇ
678 667 1065 739 φιλανθρωπίᾳ
1096 667 1192 720 τοῦ
1227 671 1285 723 ἐν
1329 673 1443 733 τοῖς
1486 670 1667 739 λόγοις
1695 670 1783 734 ἐξ·

194 760 608 832 αστράπτοντος
661 760 870 813 δικαίου
929 762 1024 815 καὶ
1085 762 1270 833 πάσης
1312 763 1658 833 συμπαθείας
1690 761 1784 815 καὶ

195 853 542 922 ἀγαθότητος
576 852 828 919 ἀφιέντος
859 853 1103 916 ἀκτῖνας.
1131 854 1241 907 Καὶ
1276 855 1425 923 λόγοι
1461 855 1526 907 ἂν
1548 853 1785 908 ἐνταῦθα

196 942 450 1014 νοηθεῖεν
476 943 573 996 τοῦ
602 942 761 1006 Θεοῦ,
793 947 859 1015 τῇ
890 945 1210 1019 ἀνθρωπίνῃ
1257 946 1784 1016 συγκαταϐαίνοντος

197 1035 466 1105 ἀσθενείᾳ
490 1036 585 1088 καὶ
616 1037 698 1098 εἰς
740 1036 932 1104 λόγους
984 1038 1079 1091 καὶ
1124 1038 1309 1109 κρίσιν
1357 1039 1781 1109 καθισταμένου.

197 1127 316 1180 Καὶ
342 1127 451 1197 γάρ
486 1144 617 1196 φησι
641 1144 656 1159 ο
691 1146 709 1178 ι
755 1128 916 1181 Δεῦτε
942 1131 1035 1183 καὶ
1060 1130 1449 1200 διελεχθῶμεν,
1485 1130 1635 1199 λέγει
1670 1131 1785 1183 Κύ-

198 1235 346 1289 ριος.
377 1238 397 1271 ι
449 1219 879 1287 Ἀντεξετάσεως
914 1222 970 1275 δὲ
1015 1223 1415 1293 συνισταμένης
1448 1216 1526 1276 ὧν
1569 1223 1786 1293 δωρεῶν

197 1309 495 1380 ἁπήλαυσε
528 1311 623 1365 καὶ
641 1311 974 1381 εὐεργεσιῶν
1000 1316 1028 1368 ὁ
1056 1313 1222 1368 Δαυῖδ
1273 1315 1411 1386 πρὸς
1443 1314 1509 1379 ἀς
1547 1315 1785 1369 κατωλί-

199 1401 408 1473 σθησεν
432 1400 708 1473 ἀίέεμους
738 1404 969 1475 πράξεις
989 1422 1004 1437 ·
1038 1407 1146 1459 ἀπὸ
1170 1406 1416 1477 γλώττης
1455 1406 1783 1477 καλαμίνης,

198 1496 299 1547 καὶ
335 1495 522 1549 σᾷολεῖν
549 1496 761 1565 ἀλόγως
802 1499 998 1569 τέχνην
1046 1501 1407 1570 ποιουμένης,
1440 1500 1661 1568 γλῶσσα
1690 1499 1784 1567 τοῦ

198 1583 549 1653 Πνδύματος,
582 1587 676 1639 καὶ
702 1588 802 1658 τῆς
829 1589 971 1658 ὑπὲρ
992 1589 1150 1658 λόγον
1182 1591 1374 1658 σοφίας
1412 1592 1506 1644 κα)⁵
1531 1590 1787 1659 γνώσεως

198 1693 441 1746 οργανον
468 1695 483 1708 ο
516 1680 580 1731 ἐκ
612 1680 899 1751 μειρακίου
945 1680 1450 1753 μυκτηριξομένου,
1479 1684 1785 1753 στρατηγὸς

201 1768 554 1837 αὐτοσχέδιος
585 1770 681 1823 τοῦ
715 1772 955 1845 πολέμου
995 1775 1089 1828 καὶ
1118 1775 1219 1844 τῆς
1258 1775 1386 1845 ὅλης
1429 1777 1791 1848 παρατάξεως
1821 1755 1862 1809 Β

203 1863 300 1913 καὶ
336 1862 500 1931 μόνος
533 1864 627 1915 καὶ
655 1864 823 1934 χωρὶς
856 1864 1028 1934 βελῶν
1079 1867 1177 1920 καὶ
1210 1868 1391 1922 ὅπλων
1438 1869 1534 1922 καὶ
1567 1869 1662 1939 τῆς
1693 1870 1783 1923 ἄλ-

202 1953 305 2023 λης
332 1957 694 2035 παρασκευῆς
742 1958 835 2012 καὶ
884 1959 1177 2031 ἐμπειρίας
1228 1961 1323 2015 τοῦ
1377 1962 1787 2031 ἀγωνίσματος,

202 2045 625 2117 τροπαιοφορῶν
678 2048 777 2119 τὴν
823 2048 1004 2120 νίκην,
1048 2051 1143 2106 καὶ
1178 2051 1279 2121 τὴν
1318 2051 1528 2122 ἐχθρῶν
1561 2049 1789 2105 ἀναδού-

206 2153 376 2205 μενος
392 2139 780 2209 ἐπικράτειαν·
817 2140 877 2206 ὲξ
926 2144 1193 2213 ὑπαίθρου
1227 2145 1625 2215 ταλαιπωρίας,
1659 2144 1789 2198 διω-

206 2226 390 2296 ρόξων
419 2231 514 2283 καὶ
552 2233 873 2301 τριωρόφων
907 2233 1071 2287 οἴκων
1112 2235 1494 2308 λαμπρότητες
1521 2237 1617 2290 κα)⁸
1644 2238 1786 2306 λαμ-

204 2320 472 2390 πρότεραι
524 2313 827 2392 διαγωγαὶ,
876 2327 969 2380 καί¹
1011 2326 1324 2397 ὑπωρόφιος
1384 2330 1480 2381 καὶ
1523 2329 1787 2400 τρυφῶσα

203 2409 391 2463 δίαιτα
409 2427 424 2442 ·
458 2413 553 2466 καὶ
590 2415 799 2469 πολλῶν
829 2417 1037 2471 πόλεων
1057 2419 1084 2470 ὁ
1107 2423 1387 2490 κωμήτης,
1415 2419 1633 2492 κύριος·
1664 2422 1787 2475 ἀντὶ

208 2504 528 2573 ποιμενικοῦ
545 2508 802 2561 καδίσκου
820 2510 910 2562 καὶ
934 2512 1134 2581 πήρας,
1161 2514 1435 2583 σκῆπτρον
1451 2514 1508 2565 ἐν
1534 2515 1598 2583 τῇ
1622 2513 1785 2582 χειρὶ,

206 2596 299 2647 καὶ
328 2596 457 2667 περὶ
482 2597 579 2669 τὴν
603 2602 846 2674 κεφαλὴν
886 2604 1137 2674 στροφίον
1171 2603 1446 2674 βασιλείας
1465 2622 1477 2635 °
1504 2606 1563 2670 ἐξ
1584 2605 1789 2674 ἀγέλης

209 2684 575 2757 βοσκημάτων
604 2689 699 2742 καὶ
732 2691 991 2763 σύριγγος
1018 2696 1111 2748 καὶ
1160 2696 1232 2763 τῷ
1260 2696 1375 2765 ἤχῳ
1408 2695 1782 2766 κατακηλοῦν-

206 2795 295 2841 τος
325 2780 510 2834 αὐτῶν
539 2781 608 2836 τὰ
642 2778 781 2851 ῶτα,
816 2786 1195 2857 χρησμολόγος
1215 2788 1323 2841 τῶν
1351 2788 1489 2858 ὑπὲρ
1512 2787 1667 2855 λόγον
1696 2786 1787 2857 ἔρ-

205 2888 318 2940 γων
361 2876 459 2928 καὶ
511 2878 849 2949 προφητείας
900 2878 1079 2949 βρύων
1122 2879 1477 2948 χαρίσματα·
1508 2877 1568 2943 ἐξ
1607 2879 1787 2933 αὑλῶν

1882 487 2167 542 emittente
2198 482 2409 538 radios.
2433 480 2499 535 Et
2534 492 2817 534 sermones
2857 476 2949 531 hic
2971 473 3204 544 intelligi
3230 483 3472 543 possent

1883 581 1977 635 Dei
2012 580 2265 633 humanae
2299 569 2789 629 condescendcntis
2837 567 3143 622 inlirmitati
3192 575 3247 621 et
3293 567 3346 619 in
3383 582 3471 620 ra-

1892 675 2073 729 tiones
2104 681 2157 727 et
2181 669 2447 740 judicium
2474 681 2534 721 se
2557 665 2869 719 statuentis.
2902 660 3142 724 Etenim,
3169 660 3281 714 ait:
3309 678 3327 711 ι
3365 658 3472 715 Ve-

1892 768 2008 823 nite
2034 775 2089 821 et
2116 762 2515 820 contendamus
2543 756 2731 819 simul,
2757 756 2833 808 ait
2868 752 3204 808 Dominus-ﬁ
3235 772 3254 805 ι
3288 752 3473 824 Inqui-

1886 860 2087 915 sitione
2123 864 2305 911 autem
2351 854 2494 907 facta
2524 866 2591 907 ex
2641 849 2894 918 opposito
2932 847 3001 903 de
3046 846 3209 901 donis
3262 846 3470 916 quibus

1887 951 2091 1005 fruitus
2122 956 2207 1003 est
2253 953 2308 1002 et
2352 940 2633 1000 beneﬁciis
2685 940 2856 994 David
2902 948 2957 993 et
2998 938 3067 993 de
3103 937 3171 992 iis
3208 937 3274 992 ad
3329 953 3474 1007 quos

1886 1042 2075 1111 lapsus
2101 1048 2186 1094 est
2210 1037 2521 1108 illegitimos
2550 1045 2708 1089 actus
2745 1049 2760 1085 :
2810 1046 2840 1088 a
2876 1030 3060 1101 lingua
3088 1029 3287 1086 calami
3316 1038 3373 1085 et
3405 1030 3474 1085 ti-

1886 1138 2005 1193 bias
2035 1135 2229 1191 inﬁare
2265 1133 2462 1187 inscite
2488 1139 2660 1185 artem
2690 1128 2793 1183 sibi
2827 1127 3083 1198 ﬁngente.
3123 1128 3311 1197 lingua
3364 1126 3474 1197 spi-

1886 1232 2025 1287 ritus
2050 1240 2105 1285 et
2134 1226 2414 1298 sapientiae
2443 1238 2609 1294 supra
2638 1231 2857 1290 captum
2886 1220 3117 1276 rationis
3143 1230 3198 1274 et
3227 1219 3473 1275 scientiae

1887 1335 2199 1392 organum;
2238 1333 2306 1372 ex
2339 1313 2750 1371 adolescentulo
2803 1311 3027 1371 irrisore
3062 1310 3174 1364 dux
3216 1308 3473 1370 fortuitus

1887 1414 2014 1468 belli
2046 1420 2101 1467 et
2132 1412 2297 1465 totius
2318 1408 2480 1469 aciei.
2512 1414 2567 1461 et
2610 1406 2763 1460 solus
2792 1414 2849 1458 et
2886 1404 3095 1473 absque
3131 1404 3252 1457 telis
3280 1412 3335 1457 et
3379 1418 3471 1457 ar-

1887 1507 1992 1561 mis
2015 1516 2068 1559 et
2117 1504 2329 1572 reliquo
2364 1508 2629 1570 apparatu
2661 1506 2715 1552 et
2743 1495 3080 1566 experientia
3130 1494 3471 1559 certaminis,

1889 1605 2178 1666 reportans
2208 1591 2500 1649 victoriam
2546 1598 2599 1643 et
2632 1588 2874 1642 hostium
2914 1584 3173 1653 frangens
3221 1582 3473 1638 domina-

1890 1692 2113 1755 tionem,
2146 1703 2212 1741 cx
2236 1702 2300 1741 ea
2325 1699 2448 1755 qua:
2470 1690 2555 1737 est
2581 1682 2681 1735 sub
2735 1678 2826 1732 dio
2860 1676 3103 1740 miseria,
3160 1674 3475 1745 duplicibus

1888 1790 1942 1835 et
1972 1777 2281 1848 triplicibus
2313 1775 2471 1829 tectis
2507 1773 2800 1827 domorum
2840 1767 3160 1839 splendores
3200 1774 3255 1821 et
3285 1767 3471 1835 splen-

1888 1869 2103 1924 didiora
2138 1865 2467 1929 habitacula,
2495 1871 2549 1917 et
2578 1862 2680 1917 sub
2716 1867 2859 1915 tecto
2904 1867 2958 1914 et
2991 1859 3204 1914 deliciis
3242 1856 3475 1913 afﬂuens

1893 1961 2095 2025 victus,
2127 1968 2180 2012 et
2206 1958 2498 2011 multarum
2537 1954 2753 2008 urbium
2792 1968 2855 2007 ex
2902 1968 3037 2022 pago
3061 1951 3351 2017 oriundus,
3382 1950 3475 2005 do-

1890 2053 2110 2118 minus;
2143 2065 2243 2121 pro
2271 2047 2531 2119 pastorali
2565 2046 2771 2101 doliolo
2801 2058 2855 2100 et
2890 2060 3045 2115 pera,
3082 2052 3361 2115 sceptrum
3417 2044 3473 2099 in

1889 2159 2075 2207 manu,
2125 2151 2181 2198 et
2236 2141 2443 2197 circum
2501 2146 2666 2206 caput
2708 2139 2960 2194 diadema
3018 2136 3207 2209 regni;
3238 2151 3270 2192 e
3315 2152 3476 2206 grege

1894 2236 2060 2291 boum
2075 2242 2132 2290 et
2152 2233 2280 2289 tibia
2308 2244 2362 2287 et
2379 2232 2567 2288 sonitu
2592 2218 2862 2286 mulcente
2893 2244 3084 2284 eorum
3117 2243 3301 2293 aures,
3324 2238 3474 2282 vates

1893 2342 2085 2384 eorum
2113 2342 2236 2396 qua:
2274 2341 2441 2395 supra
2475 2338 2785 2379 sermonem
2811 2331 2941 2377 sunt
2972 2337 3199 2392 operum
3247 2331 3301 2375 ει
3351 2334 3475 2390 ρῐὬ·

1894 2415 2089 2485 phetize
2121 2413 2339 2468 eﬂluere
2376 2413 2585 2467 faciens
2614 2413 2986 2478 charismata;
3027 2426 3094 2466 ex
3124 2412 3350 2466 sedibus
3386 2410 3472 2464 in-

1894 2508 2060 2563 certis
2080 2516 2135 2563 et
2163 2522 2296 2564 cura
2319 2520 2585 2577 agnorum
2617 2513 2671 2560 et
2699 2506 2839 2576 pelle
2858 2503 3064 2559 ferente
3086 2504 3473 2575 corpusculum

1894 2601 2081 2655 labore
2138 2607 2442 2670 gravatum,
2499 2599 2727 2653 thronus
2783 2599 2966 2667 regius
3023 2607 3077 2651 et
3128 2612 3368 2667 purpura
3419 2603 3474 2650 et

1896 2691 2123 2748 hastarii
2158 2700 2212 2746 et
2246 2704 2482 2755 corona;
2523 2698 2584 2744 ut
2616 2690 2782 2744 verbo
2803 2689 3004 2753 dicam,
3034 2703 3100 2742 ex
3136 2687 3304 2743 idiota
3342 2702 3476 2756 pro-

1895 2785 2053 2855 pheta
2084 2792 2137 2838 et
2169 2800 2263 2838 rex
2288 2797 2352 2837 ex
2384 2781 2611 2853 fugitivo
2642 2788 2697 2836 et
2718 2789 2909 2836 contra
2957 2789 3145 2836 hostes
3186 2779 3475 2835 victoriam

1896 2888 2225 2934 consecutus
2247 2878 2455 2947 absque
2485 2892 2690 2947 pugna.

206 2968 457 3037 νομάῖων
482 2972 576 3021 καὶ
607 2970 903 3040 θεραπείας
930 2970 1263 3041 θρεμμάτων
1288 2973 1383 3024 καὶ
1418 2972 1690 3042 σκυτάλης
1738 2970 2040 3042 ἀνεχούσης
2079 2970 2139 3022 τὸ
2170 2969 2446 3039 σωμάτιον
2496 2968 2653 3038 κόπῳ
2711 2964 3099 3037 βαρυνόμενον,
3140 2963 3329 3030 θρόνος
3380 2962 3477 3032 βα-

208 3062 407 3127 σθιεεος
456 3064 550 3118 καὶ
596 3065 853 3137 πορφύρα
902 3070 995 3123 καὶ
1036 3068 1328 3143 δορυφόροι
1361 3069 1455 3122 καὶ
1491 3067 1752 3137 στέφανος
1779 3081 1794 3096 ο
1836 3065 2109 3119 συνελόντι
2175 3064 2363 3132 φάναι,
2390 3062 2450 3128 ἐξ
2512 3061 2726 3116 ἰδιώτου
2761 3060 3072 3131 προφήτης,
3098 3058 3191 3111 καὶ
3227 3047 3480 3127 βασιλεὺς

204 3157 268 3212 ἑκ
302 3158 564 3228 φυγάδος,
596 3160 693 3213 καὶ
721 3161 780 3214 τὸ
818 3162 938 3216 κατ’
968 3164 1179 3236 ἐχθρῶν
1214 3164 1414 3236 κράτος
1468 3159 1992 3231 συγκληρωσάμενος
2024 3157 2256 3227 ἄμαχον.

277 3339 357 3393 Τά
394 3340 495 3409 μὲν
522 3339 615 3394 οὖν
649 3341 768 3396 θεῖα
810 3344 938 3415 περὶ
976 3344 1067 3397 τὸν
1111 3344 1294 3409 Δαϐὶδ,
1319 3344 1514 3409 ταῦτα,
1546 3343 1641 3398 καὶ
1665 3341 1786 3396 πολ-

1968 3340 2138 3411 Igitur
2167 3338 2349 3393 divina
2383 3336 2528 3393 circa
2574 3336 2764 3401 David,
2801 3335 2949 3400 talia,
2972 3342 3027 3389 et
3064 3332 3237 3388 multo
3268 3330 3479 3401 majora

209 3434 284 3506 λῷ
311 3436 538 3488 πλείονα
567 3436 635 3490 τὰ
659 3436 981 3508 λειπόμενα.
1005 3438 1087 3491 Td:
1112 3438 1168 3491 δὲ
1201 3438 1300 3508 τῆς
1329 3438 1472 3510 ἐμῆς
1509 3435 1789 3498 ἀσθενείας

211 3526 305 3579 καὶ
331 3525 427 3579 τοῦ
468 3527 653 3592 Δασὶδ,
688 3530 944 3597 γυναικὸς
1004 3532 1225 3602 ἡττᾶτο,
1271 3529 1364 3584 τοῦ
1417 3528 1655 3598 πολέμου
1692 3528 1790 3581 λα-

210 3618 316 3673 ϐὼν
345 3622 640 3692 ἐπίκουρον
689 3624 899 3698 ἔρωταο
934 3626 1151 3697 μοιχεία
1196 3626 1292 3680 καὶ
1341 3626 1501 3696 φόνος
1525 3626 1665 3679 κατά
1693 3625 1788 3678 τοῦ

212 3719 483 3795 μεγέθους
512 3719 769 3793 ἐχόρευον
797 3719 907 3773 τῶν
943 3718 1253 3789 εὐεργετῶν
1275 3734 1290 3749 ο
1326 3717 1548 3790 ὕϐριζεν
1578 3718 1610 3788 ἡ
1652 3717 1789 3787 σὰρξ

209 3816 268 3869 τὶ)
300 3813 546 3885 πνεῦμα,
579 3813 675 3867 καὶ
705 3812 972 3883 ἐπιθυμία
1004 3813 1244 3882 ἄθεσμος
1284 3815 1396 3876 τοῖς
1430 3812 1539 3865 τῶν
1571 3810 1789 3882 δωρεῶν

208 3910 544 3979 χαρίσμασιν
602 3905 952 3975 ἐπεκώμαζε,
999 3910 1094 3960 καὶ
1136 3905 1281 3960 πόσα
1305 3904 1560 3959 τοιαῦται
1596 3906 1623 3957 ὁ
1658 3922 1790 3974 προ-

208 4001 384 4070 φήτης
419 3998 515 4052 καὶ
546 3998 819 4067 βασιλεὺς,
850 3996 1119 4067 κάπηλος,
1170 3997 1269 4052 οὑκ
1307 3992 1451 4050 οἶνον
1496 3996 1649 4051 ὕδατι
1692 4015 1786 4051 κε-

213 4089 429 4161 ραννὺς,
458 4086 595 4141 άλλά
616 4087 715 4150 τάς
738 4086 877 4158 ὑπὲρ
896 4087 1053 4155 λόγον
1073 4087 1280 4156 δωρεὰς
1303 4088 1668 4157 καταμιγνὺς,
1694 4087 1791 4141 καὶ

212 4178 543 4250 κιϐδηλεύων
574 4181 686 4242 τοῖς
713 4180 811 4249 τῆς
840 4181 1042 4250 σαρκὸς
1062 4179 1258 4233 πάθεσι
1281 4181 1373 4233 καὶ
1397 4181 1786 4251 σκιρτήμασιν.

224 4269 309 4320 Ἐν
332 4267 542 4332 τούτοις
576 4270 670 4327 καὶ
703 4271 817 4332 τοῖς
853 4270 1118 4334 τοιούτοις
1161 4270 1342 4338 λόγοις
1370 4272 1397 4324 ὁ
1423 4270 1561 4333 Θεὸς
1607 4270 1788 4339 κρινό-

215 4355 371 4424 μενός
392 4372 454 4408 τε
487 4355 582 4408 καὶ
609 4355 1111 4427 δικαιολογούμενος
1142 4359 1275 4429 πρὸς
1323 4359 1417 4411 τὸν
1460 4358 1624 4412 Δαδὶδ
1648 4402 1661 4425 ,
1699 4356 1788 4429 ἆρ’

212 4445 356 4498 ἔστιν
381 4448 559 4501 εἰπεῖν
582 4450 662 4512 εἰς
702 4449 825 4505 ὅσον
868 4450 945 4520 τῷ
968 4451 1158 4523 δικαίῳ
1203 4453 1530 4524 ὑπερέόαλε,
1573 4454 1788 4523 καὶτῆς

213 4537 373 4592 αὑτοῦ
405 4540 752 4611 παρέστησεν
782 4542 1117 4614 ἀγαθότητος
1140 4545 1201 4598 τὸ
1229 4545 1660 4616 ἀνυπέρϐλητον,
1691 4547 1787 4617 μά-

213 4628 366 4685 λιστα
393 4632 450 4685 δὲ
479 4633 616 4703 μηδὲ
645 4634 940 4705 τιμωρίαις
982 4637 1207 4705 ὑπάγων
1238 4638 1328 4691 τὸν
1357 4638 1482 4692 ἀντὶ
1516 4638 1786 4693 τοσούτων

214 4720 429 4787 ἀγαθῶν
492 4728 684 4788 κακοῖς
731 4726 1138 4798 ἀμειψάμενονς
1182 4729 1520 4801 ὑπετέμνετο
1561 4731 1669 4803 γὰρ
1719 4732 1787 4785 ἂν

214 4811 379 4877 οὕτως
407 4814 470 4868 et
498 4816 706 4884 ἄφατον
735 4817 882 4882 ἕλεος
904 4819 996 4873 τοῦ
1027 4820 1161 4874 Θεοῦ
1188 4820 1280 4874 καὶ
1311 4822 1371 4874 τὸ
1393 4823 1450 4875 ἐν
1475 4818 1623 4894 αὑτῷ
1651 4823 1787 4893 λαμ·

216 4903 347 4971 πρὸν
394 4905 491 4958 καὶ
535 4908 635 4961 οὑκ
677 4906 798 4979 ἔχον
838 4909 1208 4979 ἀπαγγέλλειν
1239 4912 1397 4980 λόγον
1423 4912 1485 4967 τὸ
1514 4913 1743 4984 μέγεθος
1765 4931 1781 4947 ·

213 4999 448 5070 τιμωρίᾳ,
477 5000 587 5071 γάρ
622 5001 716 5055 καὶ
739 5001 962 5056 κολάσει
991 5005 1019 5057 ό
1048 5005 1376 5076 ἠδικημένος
1414 5007 1783 5076 ζημιούμενος

215 5086 279 5139 τὶ
309 5090 477 5143 πολλὰ
508 5092 618 5147 τῶν
658 5093 994 5165 ὀφλημάτων
1044 5097 1168 5167 ἄγει
1214 5099 1351 5171 πρὸς
1396 5100 1658 5155 διάλυσιν.
1705 5101 1788 5154 Τά

215 5183 386 5237 τοίνυν
420 5185 681 5242 Δαυῖδικά
707 5186 809 5261 τῆς
864 5192 1152 5261 μετανοίας
1204 5194 1299 5246 καὶ
1348 5192 1787 5266 ἐξομολογήσεως

221 5277 433 5347 ῥήματα
467 5282 560 5336 καὶ
587 5283 696 5335 τῶν
736 5285 1133 5355 παραπλησίων
1163 5286 1392 5339 ἕκαστον
1420 5289 1451 5357 ή
1487 5286 1596 5340 τῶν
1625 5286 1787 5357 ἱερῶν

218 5369 418 5437 Δογίων
452 5374 707 5446 συνήθεια
758 5376 820 5430 τὸ
866 5379 1083 5442 πάντως
1112 5379 1526 5450 ἀποϐησόμενον
1571 5396 1786 5451 προμη-

220 5462 432 5530 νύουσα,
485 5469 864 5537 αίτιολογικῶς
912 5470 1270 5539 ἀπαγγέλλει,
1330 5471 1425 5525 καὶ
1453 5471 1785 5526 διατυποῦσα

219 5552 293 5623 τῷ
320 5557 554 5628 σχήματι
582 5561 643 5613 τὸ
676 5563 941 5632 συγγενὲς
970 5562 1066 5617 τοῦ
1089 5561 1387 5628 ἀκωλύτως
1412 5562 1784 5636 ὲκϐησομένου

282 5738 306 5775 ⁵
333 5734 433 5792 lea.
468 5753 506 5805 ι,
533 5738 618 5796 18.

1811 4683 1865 4743 Ι)

1889 3430 2275 3503 praetermissa.
2311 3429 2442 3496 Quae
2466 3437 2649 3483 autem
2676 3442 2811 3482 meae
2835 3425 3170 3480 inﬁrmitatis
3195 3431 3250 3478 et
3285 3422 3478 3490 David,

1890 3540 1921 3577 a
1947 3524 2174 3579 muliere
2203 3522 2380 3576 victus
2420 3528 2524 3584 est,
2554 3520 2679 3573 belli
2711 3525 2996 3586 assumpto
3049 3515 3198 3570 socio
3228 3528 3416 3569 amore
3455 3531 3471 3567 :

1890 3613 2217 3669 adulterium
2270 3620 2323 3667 et
2368 3610 2726 3666 homicidium
2785 3618 2976 3664 contra
3032 3604 3472 3675 magnitudinem

1891 3707 2229 3760 incesserunt
2262 3705 2398 3758 bene
2435 3702 2728 3758 factorum.
2761 3700 2968 3770 lnjuria
2992 3697 3173 3753 affecit
3206 3712 3336 3751 caro
3360 3696 3479 3766 spi-

1890 3796 2077 3860 ritum,
2113 3804 2166 3850 et
2191 3794 2634 3863 concupiscentia
2666 3791 2944 3863 iilegitima
2999 3790 3267 3845 donorum
3295 3788 3478 3844 chari-

1891 3890 2160 3945 smatibus
2189 3889 2382 3952 illusit,
2410 3897 2466 3944 et
2495 3903 2742 3958 quaenam
2793 3887 2926 3943 illa?
2967 3886 3234 3957 Propheta
3276 3892 3331 3938 et
3359 3899 3475 3945 rex,

1890 3997 2083 4052 caupo,
2111 3997 2218 4035 non
2241 3980 2428 4035 vinum
2460 3995 2615 4050 aqua:
2650 3980 2909 4045 miscens,
2938 3977 3033 4034 sed
3064 3993 3127 4031 ea
3160 3991 3281 4046 qua:
3303 3988 3473 4043 supra

1890 4088 2197 4153 sermonem
2230 4082 2360 4127 sunt
2399 4072 2540 4126 dona
2569 4072 2809 4126 miscens
2832 4078 2887 4125 et
2932 4069 3248 4123 adulterans
3285 4065 3475 4122 carnis

1888 4168 2240 4240 ρςιεείοηίιιιιε
2271 4174 2325 4221 et
2364 4166 2686 4222 assultibus.
2716 4164 2773 4218 In
2802 4163 2887 4218 his
2918 4170 2972 4218 et
3006 4163 3210 4218 talibus
3256 4175 3471 4216 sermo-

1892 4263 2054 4319 nibus
2080 4261 2225 4317 Deus
2256 4258 2531 4331 judicatus
2580 4267 2634 4313 et
2676 4257 3009 4328 justiﬁeatus
3052 4256 3231 4324 quoad
3276 4252 3466 4308 David.

1890 4355 2047 4409 Certe
2099 4360 2185 4407 est
2244 4350 2424 4405 dicere
2477 4350 2530 4403 in
2605 4354 2871 4418 quantum
2956 4346 3171 4416 justitia
3242 4359 3471 4411 supera-

1889 4447 2076 4513 verit,
2164 4453 2219 4500 et
2307 4459 2420 4499 suae
2509 4440 2812 4496 ostenderit
2928 4438 3189 4494 bonitatis
3294 4434 3474 4491 excel-

1889 4538 2111 4594 lentiam
2138 4578 2154 4604 ,
2207 4534 2505 4604 praesertim
2562 4548 2670 4586 non
2716 4531 2971 4585 vindictae
3010 4529 3309 4599 subiiciens
3343 4543 3471 4584 eum

1890 4633 1987 4703 qtti
2036 4644 2138 4701 pro
2188 4628 2356 4684 tantis
2418 4623 2575 4680 bonis
2642 4623 2782 4678 mala
2835 4622 3099 4692 rependit.
3166 4621 3259 4675 Sic
3325 4620 3471 4675 enim

1894 4723 2147 4779 subsecta
2186 4719 2377 4774 fuisset
2403 4715 2692 4771 incﬂabilis
2715 4714 3092 4769 misericordia
3125 4714 3218 4768 Dei
3245 4713 3471 4783 etquod

1894 4815 1947 4869 in
1982 4829 2044 4869 ea
2070 4812 2359 4882 splendens
2403 4823 2580 4879 neque
2597 4822 2905 4863 sermonem
2950 4806 3161 4861 habens
3206 4806 3272 4859 ad
3311 4821 3475 4860 enar-

1891 4907 2120 4963 randam
2163 4905 2283 4975 ejus
2338 4898 3075 4975 magnitudinem;vindicta
3107 4897 3249 4954 enim
3290 4906 3344 4953 et
3378 4913 3474 4955 ca-

1890 5001 2181 5073 stigatione
2210 4999 2260 5053 is
2282 4997 2375 5068 qui
2405 4997 2604 5066 injuste
2625 4995 2825 5051 damno
2851 4993 3078 5047 aﬁ'ectus
3106 4999 3192 5047 est
3213 4991 3474 5061 pleraque

1890 5094 2209 5148 delictorum
2238 5089 2505 5145 dissolvit.
2543 5086 2798 5141 Davidica
2843 5084 3011 5156 igitur
3053 5083 3388 5153 pmnitcntiae
3415 5091 3472 5138 et

1889 5182 2254 5240 confessionis
2305 5180 2470 5233 verba
2511 5186 2566 5233 et
2600 5177 2864 5232 similium
2909 5174 3143 5245 quodvis
3187 5187 3469 5230 sacrorum

1888 5276 2246 5347 Eloquiorum
2285 5287 2409 5328 mos
2459 5272 2687 5326 omnino
2716 5276 3041 5326 eventurum
3079 5267 3466 5339 praeiudicans,

1889 5369 2188 5441 tetiologice
2245 5367 2494 5423 enuntiat
2540 5376 2593 5421 et
2638 5363 2898 5435 eﬂ‘ntgens
2958 5361 3147 5417 habitu
3206 5359 3258 5414 id
3320 5356 3468 5427 quod

1891 5464 2148 5522 aﬁineest
2187 5462 2304 5535 eius
2359 5459 2506 5531 quod
2556 5456 2980 5514 ineluetabiliter
3017 5462 3339 5509 eventurum
3383 5462 3471 5502 co-

1892 5576 2009 5618 ram
2060 5560 2223 5617 sistit.
2283 5556 2389 5625 Qui
2457 5553 2626 5630 igitur
2690 5549 3043 5623 Eioquiorum
3092 5535 3469 5617 [sacrorum]
