3884 6202
173 297 292 366 405

987 302 1088 361 AD
1120 299 1716 365 AMPHILOCHIUM
1750 297 2097 375 QUESTIO
2136 301 2483 364 LVII'LIX.

3345 305 3452 372 406

170 420 293 472 τῶν
328 417 611 489 προϐάτων
643 416 1048 489 πολυπληθείας
1075 437 1132 472 τε
1159 422 1255 473 καὶ
1285 419 1562 490 εὐθηνίας,
1592 421 1760 475 πολὺν
1787 465 1797 482 ι

1878 419 2049 474 )vium
2098 433 2296 488 magno
2349 431 2578 472 numero
2625 424 2679 472 et
2711 419 3096 488 prosperitate,
3153 421 3333 491 magni
3375 420 3454 477 fa-

172 509 344 577 λόγον
369 505 514 579 εἶχον
540 509 647 563 τῶν
674 511 868 581 πηγῶν
890 512 982 564 καὶ
1003 512 1254 583 φρεάτων
1281 529 1293 542 ο
1323 511 1417 566 ire
1441 514 1502 583 δὴ
1528 516 1627 584 τῆς
1645 531 1767 584 τρο-

171 601 294 670 φῆς
328 602 387 654 ού
413 602 547 654 πολὺ
573 601 797 656 ἔλαττον
822 603 943 656 οὐδὲ
973 603 1067 656 τοῦ
1104 603 1350 674 πόματος
1379 605 1767 658 καταπιαίνον-

173 709 275 755 τος
311 695 405 746 καὶ
431 693 762 759 διατιθέντος
817 696 910 748 ἐπὶ
944 695 1004 747 τὸ
1050 695 1274 764 ἄμεινον
1312 694 1380 747 τά
1409 694 1755 765 βοσκήματα.

171 786 345 839 Οὕτω
367 786 432 858 δὴ
464 786 713 854 φαίνεται
745 787 840 840 καὶ
868 790 895 841 ό
936 787 1188 858 Ἀϐραάμ
1220 788 1316 840 καὶ
1332 786 1499 858 ἄλλης
1527 785 1768 839 ἀπολαύ-

172 895 280 943 σας
310 879 464 950 παρά
493 879 587 933 τοῦ
635 880 926 951 ’Δϐιμέλεχ
951 880 1269 952 θεραπείας,
1305 880 1405 933 οὐκ
1437 878 1764 948 ἀγνωμοσύ-

170 989 276 1042 νην
336 971 628 1043 ἡγούμενος
681 971 978 1041 διελέγχειν
1029 971 1189 1025 αὑτὸν
1229 974 1357 1043 περὶ
1400 970 1503 1040 τῆς
1534 969 1766 1041 ἀφαιρέ-

172 1077 324 1125 σεως
364 1055 440 1114 ὧν
482 1062 646 1126 αὐτὸς
695 1062 1010 1131 ἀνωρύξατο
1069 1062 1323 1132 φρεάτων
1349 1079 1365 1094 ·
1402 1061 1508 1116 οὐδ’
1555 1063 1766 1124 ἐκεῖνος

169 1153 268 1208 τὸν
302 1154 525 1224 ἔλεγχον
558 1153 886 1226 μυκτηρίζει
911 1169 925 1184 ⁸
949 1155 1164 1223 ἀγνοεῖν
1185 1153 1240 1207 δὲ
1267 1153 1367 1226 τὴν
1388 1151 1590 1224 πρᾶξιν
1616 1152 1766 1221 παρὰ

168 1246 284 1300 τῶν
316 1247 484 1301 αὐτοῦ
517 1247 868 1317 θεραπόντων
902 1247 1269 1318 τολμηθεῖσαν
1297 1246 1650 1315 ὑποκρίνεται
1673 1245 1767 1296 καὶ

171 1337 526 1400 σπουδάζειὸ
567 1338 821 1409 Ἀϐραάμ
873 1338 960 1391 διὰ
1008 1337 1118 1392 τῶν
1176 1335 1318 1391 ἑπτὰ
1367 1335 1625 1406 ἀμνάδων
1666 1334 1766 1405 τὴν

168 1428 270 1482 τοῦ
321 1429 616 1499 ’Λϐιμέλεχ
644 1429 935 1500 ὁμολογίαν
967 1429 1042 1492 ὼς
1073 1429 1159 1499 εἴη
1192 1429 1253 1482 τὸ
1284 1430 1461 1500 φρέαρ
1487 1427 1647 1499 ἔργον
1671 1429 1764 1479 καὶ

170 1521 340 1582 πόνος
356 1519 450 1573 τοῦ
481 1519 733 1590 Ἀϐραάμ
757 1519 1160 1590 βεϐαιώσασθαι
1188 1537 1201 1551 ο
1228 1521 1320 1573 καὶ
1343 1521 1503 1590 ὅρκος
1527 1523 1621 1572 καὶ
1642 1535 1767 1570 συν-

171 1611 348 1680 θῆκαι
401 1612 755 1682 προϐαίνουσι
779 1629 790 1640 ·
826 1612 920 1664 καὶ
947 1613 981 1682 ἡ
1015 1611 1166 1682 πηγὴ
1203 1610 1472 1680 λαμϐάνει
1527 1610 1626 1682 τὴν
1657 1611 1760 1661 ἐπ-

171 1705 428 1773 ωνυμίαν
458 1705 566 1756 ἀπὸ
594 1705 690 1774 τῆς
715 1704 967 1773 πράξεως
1019 1702 1194 1773 φρέαρ
1251 1701 1551 1773 Ὀρκισμοῦ
1579 1704 1766 1754 ἐπονο-

174 1796 488 1867 μασθεῖσα’
519 1797 610 1851 καὶ
643 1799 691 1850 οἱ
726 1797 1043 1867 Φυλιστιεὶμ
1081 1797 1139 1849 δὲ
1187 1795 1362 1867 χρόνῳ
1399 1794 1626 1866 ὕστερον
1664 1795 1764 1864 τῆς
1800 1783 1839 1836 Β

175 1889 322 1954 ιδίας
355 1889 539 1961 χώρας
575 1883 688 1964 ὲνῇ
717 1889 966 1960 παρῴκει
1003 1891 1032 1943 ὁ
1079 1890 1265 1942 Ἰσαὰκ
1317 1891 1536 1959 φεύγων
1584 1887 1677 1940 τὸν
1709 1888 1768 1939 ὲν

171 1983 242 2054 τῇ
297 1981 522 2051 πατρίδι
569 1982 748 2052 λιμὸν,
801 1982 1074 2035 ἀπελάσαι
1116 1982 1298 2053 φθόνῳ
1347 1981 1764 2051 μελετήσαντες,

174 2076 555 2147 ἐμφράττουσι
588 2077 654 2130 τά
680 2077 897 2148 φρέατα
931 2076 1025 2129 τοῦ
1050 2077 1256 2148 πατρὸς
1287 2074 1472 2138 αὐτοῦ,
1500 2074 1624 2136 τοὺς
1649 2091 1770 2127 ποι-

176 2168 352 2238 μένας
388 2169 587 2234 ειδότες
620 2169 694 2242 μὴ
723 2169 984 2224 δύνασθαι
1039 2169 1161 2240 ζῇν,
1200 2168 1300 2238 τῆς
1354 2167 1463 2220 τῶν
1517 2167 1769 2239 φρεάτων

173 2262 688 2333 ἀποστερουμένους
717 2265 994 2334 χρήσεως·
1027 2263 1119 2314 καὶ
1159 2259 1365 2328 Μωσῆς
1389 2261 1470 2313 ὅτι
1495 2263 1618 2324 τοὺς
1647 2276 1762 2329 χει-

175 2354 286 2426 ρῶν
328 2355 535 2410 ἀδίκων
567 2355 841 2427 ἄρξαντας
896 2355 1161 2425 ποιμένας
1205 2353 1572 2424 ἀπωσάμενος
1625 2369 1768 2423 παρ-

172 2451 300 2520 έσχε
331 2453 454 2513 ταῖς
479 2449 786 2521 θυγατράσι
835 2448 930 2502 τοῦ
979 2448 1148 2517 Ἱοθδρ
1178 2447 1375 2501 θάττον
1407 2447 1439 2518 ἢ
1471 2448 1616 2499 κατά
1667 2447 1767 2510 τάς

169 2540 338 2605 ἄλλας
392 2542 612 2613 ἡμέρας
661 2541 882 2595 ποτίσαι
907 2541 974 2594 τά
1018 2539 1316 2611 θρέμματα
1359 2537 1440 2608 τῷ
1466 2539 1634 2610 πατρὶ
1667 2555 1769 2608 κη-

169 2632 338 2699 δεύει,
373 2634 472 2687 κα)⁸
499 2633 686 2704 κύριος
728 2633 907 2696 οἰκίας
952 2633 1074 2686 ἀντὶ
1123 2630 1470 2702 προσηλύτου
1509 2631 1757 2700 γίνεται·

171 2728 268 2781 καὶ
319 2728 496 2800 μυρία
538 2726 673 2782 ἀλλα
721 2727 837 2781 ἔστι
867 2726 1054 2780 λαϐεῖν
1083 2727 1149 2780 δι’
1181 2719 1256 2779 ὧν
1290 2724 1762 2796 περισπούδαστον

170 2821 266 2874 καὶ
302 2821 447 2890 μέγα
482 2821 668 2890 κτῆμα
702 2823 814 2883 τοῖς
837 2820 895 2888 ἐξ
938 2819 1190 2890 Ἀϐραὰμ
1237 2817 1308 2870 τὰ
1339 2817 1549 2887 φρέατα
1582 2818 1764 2887 ἐνομί-

173 2913 322 2978 ζετο’
359 2912 388 2966 ὃ
420 2913 486 2984 δὴ
517 2914 611 2967 καὶ
641 2911 1042 2984 ἀταλαιπώρως
1075 2908 1252 2981 εὑρὼν
1283 2910 1311 2961 ό
1337 2910 1504 2963 Αίνᾶν
1546 2909 1578 2980 ἢ
1616 2911 1642 2961 ὁ
1682 2911 1765 2962 Ὠο

1871 513 2089 569 ciebant
2123 510 2300 568 fontes
2345 521 2397 566 et
2442 519 2660 581 puteos,
2695 510 2850 581 quasi
2885 513 3103 581 pascuis
3148 529 3254 566 non
3298 513 3454 569 valde

1872 605 2056 658 minus
2085 603 2158 657 ita
2184 611 2238 657 et
2261 613 2391 672 potu
2423 605 2708 673 saginante
2733 611 2787 657 et
2819 603 3147 672 disponente
3175 606 3228 659 in
3255 606 3455 662 melius

1869 703 2139 749 armenta".
2187 694 2277 748 Sic
2311 702 2459 748 certe
2501 693 2715 747 videtur
2755 702 2810 748 et
2841 692 3115 748 Abraham
3160 705 3212 750 et
3245 696 3454 766 reliqua

1867 787 2069 842 fruitus
2122 786 2267 856 apud
2319 785 2635 839 Abimelech
2695 799 2850 850 cura,
2913 801 3020 840 non
3080 787 3452 856 insipientiam

1869 879 2080 934 ducens
2128 879 2529 948 reprehendere
2585 879 2766 949 ipsum
2814 879 2881 933 de
2931 879 3208 934 ablatione
3258 895 3450 937 eorum

1865 985 2006 1041 quos
2036 971 2152 1042 ipse
2191 970 2406 1026 fuderat
2442 981 2767 1042 puteorum;
2807 987 2986 1042 neque
3029 973 3121 1027 ille
3157 975 3456 1042 reprehen-

1867 1067 2080 1121 sionem
2129 1065 2360 1131 irridet,
2417 1065 2672 1134 ignorare
2730 1079 2858 1119 vero
2917 1066 3191 1121 actionem
3254 1083 3284 1122 a
3340 1067 3456 1123 suis

1866 1159 2041 1216 servis
2091 1174 2284 1214 ansam
2325 1158 2619 1228 respondet
2669 1166 2724 1212 et
2761 1157 2989 1213 festinat
3035 1159 3319 1214 Abraham
3357 1175 3456 1230 per

1865 1260 2070 1321 septem
2096 1267 2270 1322 agnos
2294 1251 2609 1306 Abimelech
2633 1250 3057 1316 confessionem,
3080 1267 3202 1307 esse
3228 1262 3455 1322 puteum

1865 1358 2003 1414 Opus
2036 1353 2091 1399 et
2121 1344 2360 1398 laborem
2393 1344 2648 1411 Abrahae,
2682 1343 2955 1400 stabilire.
2989 1343 3451 1412 Etjuramentunt

1865 1449 1918 1493 et
1943 1438 2333 1494 conventiones
2363 1438 2685 1508 procedunt,
2719 1447 2771 1492 et
2793 1438 2916 1492 fons
2940 1438 3110 1494 sumit
3141 1453 3452 1505 c0gnomen

1865 1536 1932 1588 ab
1967 1543 2116 1596 actu,
2149 1540 2346 1602 puteus
2384 1531 2687 1600 juramenti
2719 1531 3168 1602 cognominatus.
3217 1530 3286 1584 Et
3320 1529 3456 1584 Phi-

1865 1619 2053 1675 listiim
2081 1629 2326 1688 tempore
2357 1617 2711 1687 subscquenti
2741 1617 2964 1687 propria
2999 1618 3222 1686 regione
3256 1616 3309 1670 in
3343 1633 3454 1688 qua

1869 1711 2321 1783 peregrinabatur
2382 1711 2538 1766 Isaae
2586 1709 2806 1780 fugiens
2867 1711 2921 1764 in
2975 1709 3151 1778 patria
3209 1707 3452 1776 famem,

1867 1804 2140 1875 erpellere
2179 1803 2384 1857 invidia
2432 1819 2557 1858 cum
2605 1803 2852 1857 meditati
2903 1811 3111 1866 essent,
3154 1801 3457 1857 obstruunt

1867 1906 2062 1967 puteos
2104 1894 2276 1966 patris
2325 1894 2468 1964 ejus,
2525 1902 2773 1964 pastores
2827 1894 3067 1950 scientes
3119 1909 3230 1948 non
3292 1909 3454 1963 posse

1866 1990 2082 2055 vivere,
2140 1997 2429 2058 puteorum
2488 1987 2782 2041 destitutos
2835 1986 3094 2040 utilitate.
3162 1984 3225 2038 Et
3276 1982 3459 2040 Moses

1867 2083 2013 2154 quod
2077 2077 2332 2135 manibus
2402 2077 2605 2148 iniquis
2661 2077 2872 2148 patrari
2927 2085 3108 2144 coepta
3168 2085 3453 2145 pastorum

1870 2175 2126 2230 amolitus
2151 2173 2478 2244 praabuisset
2497 2171 2712 2226 filiabus
2739 2169 2930 2226 .letbro
2951 2170 3110 2224 ocius
3134 2183 3299 2240 quam
3332 2169 3454 2223 aliis

1868 2269 2060 2324 diebus
2105 2262 2619 2339 [opportunitatem]
2670 2262 2982 2333 adaquandi
3021 2277 3214 2332 greges
3241 2301 3257 2326 .
3309 2261 3451 2330 patri

1867 2360 2081 2429 placet,
2143 2367 2196 2412 et
2249 2357 2506 2411 dominus
2569 2355 2766 2408 domus
2830 2369 2931 2424 pro
2987 2353 3196 2407 advena
3255 2351 3339 2406 fit.
3392 2349 3460 2406 Et

1868 2462 2128 2509 sexcenta
2161 2452 2268 2507 alia
2311 2467 2532 2506 sumere
2563 2457 2647 2504 cst
2683 2463 2777 2517 per
2812 2463 2934 2517 qua!
2969 2445 3355 2501 desiderabilis
3403 2453 3460 2500 et

1870 2561 2066 2614 magna
2091 2543 2365 2615 possessio
2394 2541 2626 2614 posteris
2648 2539 2884 2593 Abrahae
2913 2538 3059 2608 putei
3095 2538 3455 2608 putabantur.

1872 2635 2028 2700 Quod
2064 2650 2197 2688 sane
2242 2643 2296 2687 et
2343 2633 2575 2687 feliciter
2625 2646 2749 2684 cum
2789 2628 3090 2684 invenisset
3125 2629 3304 2683 Ainan
3358 2643 3458 2682 seu

1871 2725 2071 2792 Onan,
2125 2735 2361 2794 utraque
2412 2723 2558 2777 enim
2609 2735 2742 2776 voce
2791 2721 3154 2786 nominatur,
3217 2717 3463 2774 historiae

1874 2816 2107 2888 prabuit
2157 2815 2446 2871 materiam
2495 2813 2585 2869 Dei
2637 2815 2966 2886 speculatori
3022 2812 3193 2884 Moysi
3249 2812 3341 2881 qui
3396 2809 3464 2865 de

1874 2911 2227 2981 eosmogonia
2260 2919 2314 2964 et
2337 2908 2402 2963 de
2427 2908 2569 2964 Esau
2609 2908 2817 2963 familia
2854 2907 3232 2979 genealogiam
3264 2904 3462 2964 texuit.

173 3010 273 3064 νίν
317 3010 616 3082 (ἑκατέρας
645 3011 755 3083 γάρ
782 3011 884 3079 τῆς
911 3010 1096 3079 φωνῆς
1138 3009 1510 3082 ὀνομάζεται),
1554 3006 1796 3077 ἱστορίας
1861 3007 2136 3078 παρέσχεν
2179 3005 2435 3059 ὑπόθεσιν
2480 3004 2559 3076 τῷ
2603 3003 2807 3076 θεόπτῃ
2835 3005 3025 3058 Μωσεῖ
3069 3002 3212 3057 κατά
3260 3019 3324 3071 γε
3363 3000 3465 3072 τὴν

176 3103 576 3172 κοσμογένειαν
603 3104 697 3155 καὶ
725 3101 824 3172 τὴν
850 3101 946 3154 τοῦ
991 3099 1164 3154 Ἦσαῦ
1214 3100 1387 3171 φυλὴν
1437 3098 1917 3168 γενεαλογῆσαντι.

717 3192 1054 3246 ΕΡΩΤΗΣΙΣ
1103 3193 1229 3248 NG’.

183 3287 225 3340 τ
223 3285 244 3338 ί
263 3283 451 3352 δηλοῖ
468 3285 534 3339 τὸ
555 3285 624 3338 ἐν
645 3286 1082 3353 Δευτερονομίῳ
1102 3287 1511 3355 γεγραμμένον
1533 3301 1546 3314 ·
1575 3303 1592 3335 ι
1630 3283 1772 3355 Ἐὰν

247 3355 317 3409 δὲ
370 3355 782 3423 οίκοδομήσῃς
833 3358 1032 3408 οὶκίαν
1085 3353 1454 3422 καινὴνήκαὶ
1505 3353 1764 3420 ποιήσῃς

248 3424 566 3492 στεφάνην
624 3424 702 3495 τῷ
750 3425 1022 3495 δωματίῳ
1055 3442 1194 3491 σου,
1230 3426 1329 3480 καὶ
1372 3428 1445 3480 οὺ
1491 3424 1771 3489 ποιήσεις

248 3499 445 3570 φόνον
476 3498 547 3549 ἐν
578 3494 647 3564 τῇ
687 3494 841 3564 οικίςι
870 3510 988 3551 σου
1019 3513 1031 3525 ·
1074 3515 1092 3548 ι

2207 3185 2535 3254 ρωΕετιο
2573 3183 2687 3241 th
2746 3183 2842 3257 [αι.
2879 3181 3090 3254 Lvnn.

1882 3280 2026 3346 Quid
2052 3281 2317 3350 signiﬁcat
2349 3280 2486 3349 quod
2525 3282 2577 3332 in
2612 3278 3019 3335 Deuteronomio
3050 3277 3306 3346 scriptum
3331 3284 3421 3350 est
3445 3289 3466 3328 :

1963 3371 1981 3404 ι
2011 3351 2071 3406 Si
2102 3345 2591 3420 kdiﬁces'dommn
2629 3367 2836 3416 novam,
2876 3350 3039 3420 facies
3081 3357 3130 3420 et
3161 3345 3464 3420 coronidem

1951 3423 2132 3478 domui
2163 3418 2289 3489 tum,
2323 3438 2413 3475 nec
2445 3421 2608 3490 [acies
2633 3421 2976 3475 homicidium
3010 3419 3064 3472 in
3093 3418 3249 3472 domo
3275 3418 3408 3472 tua?
3437 3432 3457 3466 ι

1082 3632 1224 3683 Edita
1251 3647 1277 3682 a
1311 3630 1456 3691 Maio,
1491 3632 1524 3681 1.
1547 3645 1613 3689 c.,
1639 3643 1686 3693 p.
1712 3628 1877 3679 67-69.
1904 3627 1956 3676 ln
1979 3627 2337 3676 Deuteronom.
2369 3638 2492 3683 nu,
2511 3623 2560 3673 8.

256 3741 488 3810 Εἴρηται
523 3739 622 3810 μὲν
650 3741 762 3804 τοῖς
797 3739 902 3812 πρὸ
930 3738 1091 3810 ἡμῶν
1135 3741 1262 3807 περὶ
1306 3739 1512 3808 ταύτης
1537 3738 1634 3806 τῆς
1671 3737 1770 3808 ρή-

186 3849 320 3896 σεως
349 3831 476 3885 οὕτε
509 3833 608 3902 τῆς
655 3831 956 3902 σαφηνείας
984 3831 1135 3884 οὐδὲν
1186 3830 1311 3884 οὔτε
1353 3833 1452 3902 τῆς
1481 3829 1772 3900 ὀρθότητος

185 3925 546 3995 ἐνδεέστερον.
593 3923 738 3994 Πλὴν
772 3924 1004 3994 ἐπείπερ
1049 3939 1130 3975 σοι
1174 3922 1327 3992 φίλον
1377 3924 1470 3975 καὶ
1516 3921 1550 3976 ά
1590 3923 1770 3994 ρᾲδιόν

186 4018 299 4070 ἐστι
327 4017 459 4087 παρ’
489 4014 691 4085 ἑτέρων
730 4016 945 4087 μαθεῖν,
973 4015 1144 4069 ταῦτα
1172 4018 1304 4084 παρ’
1334 4014 1494 4087 ἡμῶν
1521 4016 1768 4080 ἀκούειν,

188 4112 500 4182 συνᾴδοντες
522 4111 615 4164 καὶ
638 4112 798 4180 ἡμεῖς
820 4111 1072 4176 ἐκείνοις,
1095 4112 1190 4164 καὶ
1217 4111 1453 4178 μάλιστα
1485 4105 1564 4174 οἷς
1586 4127 1638 4163 τι
1663 4109 1774 4162 τῶν

187 4202 358 4255 ἄλλων
410 4203 504 4256 ἐπὶ
535 4203 598 4256 τὸ
648 4203 872 4272 ἄμεινον
918 4202 1280 4274 τεθεώρηται,
1325 4205 1422 4257 καὶ
1481 4203 1774 4273 σύμφωνον

188 4296 500 4366 ποιούμενοι
542 4298 641 4367 τὴν
675 4296 997 4361 ἀνάπτυξιν,
1030 4298 1245 4367 πρῶτον
1297 4297 1398 4367 μὲν
1427 4297 1628 4349 εἰδέναι
1665 4313 1772 4364 φα-

196 4388 291 4457 μὲν
319 4388 452 4453 δεῖν,
493 4388 568 4452 ώς
608 4391 634 4441 ὁ
662 4389 756 4442 καὶ
799 4388 1060 4450 πολλάκις
1111 4389 1408 4458 σύνδεσμος
1442 4387 1630 4458 ὥσπερ
1676 4388 1770 4441 καὶ

1951 3732 2168 3786 Dictum
2209 3741 2292 3786 est
2336 3731 2558 3799 quidem
2609 3745 2638 3784 a
2678 3729 2981 3799 majoribus
3012 3726 3219 3782 nostris
3251 3724 3320 3780 de
3359 3723 3464 3781 hac

1877 3825 2155 3881 locutione
2208 3824 2354 3894 quod
2405 3837 2582 3892 neque
2637 3823 3008 3877 illustratioue
3056 3834 3234 3888 neque
3287 3830 3466 3870 corrc-

1876 3919 2060 3972 ctione
2101 3916 2321 3986 indiget.
2357 3918 2608 3970 Attamen
2645 3914 2774 3984 quia
2807 3915 2904 3967 tibi
2941 3912 3205 3985 placitum
3243 3919 3298 3965 et
3341 3923 3465 3977 quae

1878 4008 2038 4064 facile
2063 4017 2149 4064 est
2180 4007 2248 4060 ab
2273 4007 2395 4062 aliis
2419 4008 2654 4073 discere,
2688 4007 2804 4061 haec
2832 4021 2862 4058 a
2893 4005 3052 4059 nobis
3081 4003 3293 4066 audire,
3327 4015 3464 4055 con-

1878 4102 2126 4155 cinentes
2171 4107 2224 4152 et
2268 4114 2366 4153 nos
2410 4099 2537 4165 illis,
2575 4108 2628 4153 et
2662 4098 2966 4168 prazsertim
3001 4095 3200 4166 quibus
3255 4091 3461 4162 aliquid

1878 4195 2110 4248 aliorum
2157 4191 2210 4244 in
2249 4192 2445 4248 melius
2499 4191 2842 4263 speculatum
2893 4197 2998 4254 est,
3053 4197 3109 4241 et
3155 4199 3458 4241 consonam

1882 4283 2146 4337 facientes
2210 4283 2666 4351 replicationem,
2726 4280 2964 4351 primum
3015 4276 3238 4349 quidem
3300 4287 3464 4327 nosse

1875 4373 2111 4428 dicimus
2161 4384 2430 4446 oportere,
2486 4370 2632 4440 quod
2690 4386 2834 4439 satpe
2883 4369 3222 4437 conjuuctio,
3272 4376 3345 4428 et,
3385 4363 3464 4417 si-

189 4455 341 4534 άλλαι
377 4482 569 4535 πολλαὶ
595 4481 703 4534 τῶν
733 4481 930 4549 λέξεων
973 4482 1124 4552 παρά
1161 4484 1272 4546 τοῖς
1311 4455 1627 4544 Μωσαῖκοῖς
1660 4480 1774 4533 διαο

1881 4478 1976 4524 cut
2004 4479 2058 4524 et
2090 4469 2209 4523 aliae
2257 4466 2442 4521 multa:
2480 4479 2545 4518 ex
2609 4461 2944 4517 dictionibus
2986 4459 3037 4513 in
3083 4455 3336 4511 Mosaicis
3379 4469 3465 4507 or-

195 4577 442 4646 τάγμασι
486 4575 850 4647 παρέλκοντος
898 4576 1084 4644 ἐπέχει
1117 4573 1300 4644 χώραν
1327 4589 1341 4602 ·
1379 4574 1461 4626 διὸ
1507 4573 1600 4627 καὶ
1633 4573 1771 4644 πρὸς

193 4665 250 4718 τδ
279 4665 567 4738 εὐθύτερον
587 4665 964 4736 ἁναγνωσθείη
991 4666 1057 4718 ἂν
1079 4666 1137 4718 τὸ
1155 4665 1342 4736 ῥητὸν,
1378 4667 1472 4718 τοῦ
1507 4663 1650 4717 κατὰ
1673 4664 1772 4733 τὴν

197 4755 365 4828 ἀρχὴν
408 4756 711 4827 συνδέσμου
762 4754 1238 4827 περιαιρεθέντος·
1289 4753 1502 4817 διπλαῖς
1551 4753 1608 4806 δὲ
1652 4752 1772 4805 διαο

195 4847 360 4912 νοίαις
409 4849 442 4918 ή
484 4849 751 4919 ἑρμηνεία
784 4848 1091 4918 μερίζεται.
1134 4847 1196 4898 'll
1247 4846 1343 4915 μὲν
1393 4846 1500 4915 γάρ
1537 4843 1672 4914 πρὸς
1714 4842 1774 4895 τὸ

195 4939 426 5010 γράμμα
469 4941 735 4994 διαϐαίνει
766 4940 862 4994 καὶ⁵
890 4940 977 4993 διὰ
1013 4939 1120 4992 τῶν
1163 4937 1439 5010 αἰσθητῶν
1470 4936 1774 4991 ἀπευθύνε-

197 5047 300 5099 ται,
334 5035 368 5104 ἠ
390 5033 448 5087 δὲ
495 5033 631 5105 πρὸς
665 5033 901 5105 θεωρίαν
952 5032 1097 5087 θέλει
1148 5032 1347 5103 μᾶλλον
1382 5029 1714 5098 ἀνάγεσθαι·
1740 5031 1774 5100 ἡ

203 5121 296 5190 μὲν
322 5119 414 5177 οὖν
443 5123 542 5194 τὴν
577 5123 803 5194 πρόοδον
837 5123 904 5177 δι’
933 5117 1008 5176 ὧν
1038 5126 1071 5194 ἡ
1097 5122 1243 5187 λέξις
1270 5121 1473 5190 μᾶλλον
1507 5122 1600 5173 καὶ
1627 5122 1660 5189 ἡ
1695 5120 1777 5172 αῖ-

205 5215 387 5286 σθησις
419 5220 730 5289 ἐπικρατεῖ,
758 5218 1084 5289 ποιουμένη,
1112 5212 1216 5270 ὧδέ
1243 5234 1319 5286 πη
1350 5216 1411 5268 τὺ
1443 5213 1775 5284 δηλούμενον

202 5307 548 5364 ἀναπτύσσει.
582 5311 774 5364 Οἰκίαν
808 5311 916 5382 γάρ
952 5327 1057 5375 σοι,
1082 5310 1268 5380 φησὶν,
1305 5306 1624 5378 προθεμένῳ
1653 5321 1778 5358 σκο-

204 5399 296 5450 πὸν
325 5402 762 5474 ἀνοικοδομῆσαι,
788 5405 883 5457 καὶ⁵
905 5405 1097 5474 τάφον,
1127 5403 1203 5466 ώς
1230 5402 1397 5468 εἰκὸς,
1433 5399 1778 5472 κρηπιδῶσαι

205 5491 295 5542 καὶ
339 5493 666 5548 καταϐαλεῖν
718 5496 786 5549 τὰ
835 5495 1063 5564 θεμέλια
1111 5491 1522 5565 ἁνορυξαμένῳ,
1559 5491 1620 5543 οὐ
1671 5487 1776 5560 χρὴ

206 5583 630 5641 καταλιπεῖν·τά
665 5587 1015 5659 βοθρεύματα
1065 5587 1194 5659 πρὶν
1236 5588 1317 5648 είς
1363 5583 1514 5645 τέλος
1546 5581 1778 5650 ἀγαγεῖν

208 5673 264 5725 τὸ
289 5674 446 5746 ἔργον
475 5679 641 5750 χωρὶς
663 5679 763 5748 τῆς
795 5677 1144 5752 ἁρμοζούσης
1166 5675 1458 5748 περιϐολῆς
1484 5672 1577 5728 καὶ
1603 5673 1778 5742 ἀσφα’

208 5761 376 5834 λεῖπ’
411 5772 496 5830 ἶνα
528 5773 602 5846 μὴ
635 5773 710 5846 τῷ
741 5773 838 5847 τὴν
873 5772 972 5846 σὴν
994 5772 1324 5844 ἀγνοήσαντι
1357 5767 1574 5842 πρᾶξιν,
1604 5766 1777 5830 αῖτιος

1875 4561 2268 4624 dinationibus,
2341 4555 2706 4612 redundantis
2790 4553 2943 4609 vocis
3011 4551 3172 4605 habet
3255 4549 3458 4602 locum.

1875 4655 2000 4709 Ideo
2061 4663 2114 4709 et
2174 4651 2376 4706 rectius
2433 4650 2702 4720 legeretur
2772 4645 2997 4706 dictum,
3064 4657 3129 4697 ea
3210 4655 3330 4710 qua.-
3393 4637 3464 4692 ab

1876 4746 2034 4800 initio
2087 4754 2170 4800 est
2225 4741 2612 4812 conjunctione
2652 4738 2908 4802 sublata;
2971 4733 3281 4804 duplicibus
3331 4743 3464 4785 vero

1891 4836 2262 4893 intellectibus
2308 4831 2690 4903 interpretatio
2734 4828 3016 4883 dividitur.
3050 4824 3176 4880 Htec
3205 4822 3351 4878 enim
3393 4819 3462 4875 ad

1878 4935 2114 4989 litteram
2143 4931 2338 4986 transit
2373 4939 2428 4984 et
2450 4943 2545 4998 per
2575 4924 2855 4980 sensibilia
2889 4921 3166 4990 dirigitur,
3206 4918 3296 4972 illa
3329 4931 3461 4970 vero

1879 5027 1945 5081 ad
1999 5024 2265 5079 theoriam
2315 5021 2431 5075 vult
2480 5020 2653 5088 magis
2702 5030 2921 5071 sursum
2975 5015 3081 5082 agi.
3139 5011 3234 5066 llla
3287 5009 3454 5080 igitur

1880 5117 2138 5187 prtevium
2194 5114 2316 5178 iter,
2375 5125 2470 5180 per
2517 5123 2642 5179 qua:
2697 5106 2868 5161 dictio
2931 5103 3105 5173 magis
3155 5111 3210 5155 et
3264 5112 3464 5154 sensus

1880 5211 2109 5272 obtinet,
2143 5207 2246 5262 sibt
2280 5205 2512 5269 iaciens,
2553 5204 2636 5258 sic
2667 5203 2806 5254 forte
2841 5197 3208 5268 significatum
3241 5191 3458 5262 aperit:

1882 5303 2111 5356 Domum
2136 5298 2282 5354 enim
2319 5297 2436 5363 tibi,
2480 5296 2577 5360 ait,
2605 5309 2728 5349 cum
2757 5289 3006 5362 posueris
3037 5301 3263 5357 scapum
3295 5283 3460 5339 aditi-

1881 5407 2027 5458 care,
2069 5401 2124 5448 et
2147 5376 2360 5445 foveam
2410 5399 2470 5441 ut
2499 5387 2654 5441 decet
2687 5383 2918 5438 fundare
2961 5388 3016 5436 et
3048 5379 3232 5447 iacere
3259 5376 3461 5430 funda-

1883 5492 2066 5538 menta
2099 5498 2221 5536 cum
2259 5479 2486 5544 foderis,
2522 5492 2631 5532 non
2663 5484 2880 5548 oportet
2917 5472 3230 5542 relinquere
3260 5467 3459 5524 fossio-

1883 5593 1982 5631 nes
2022 5584 2312 5647 antequam
2358 5575 2425 5629 ad
2472 5573 2635 5628 finem
2664 5567 2991 5644 perduxeris
3037 5579 3200 5635 opus,
3253 5562 3461 5628 absque

1881 5667 2224 5725 convenienti
2277 5668 2527 5725 cinctura
2575 5673 2630 5721 et
2677 5661 3020 5724 munimine,
3073 5665 3134 5713 ut
3187 5668 3258 5711 ne
3307 5661 3456 5738 tuam

1885 5761 2155 5834 ignoranti
2209 5760 2503 5826 actionem,
2549 5771 2712 5814 causa
2746 5751 2982 5810 videaris
3015 5744 3319 5811 boniicidii,
3367 5740 3460 5798 illo
