3884 6202
352 229 457 292 407

1432 196 1467 209 ⁴
1519 222 1787 285 mem
1815 219 2323 284 PATRIARCHIE
2361 222 2471 283 cr.

3534 216 3639 282 408

354 340 577 412 quidem
612 336 767 410 lapso
792 338 847 393 in
885 336 1243 410 profundum,
1270 346 1459 406 utpote
1496 337 1634 391 nihil
1667 349 1936 391 novorum

2063 335 2367 407 ιναφανήσῃ
2401 333 2586 402 φόνου,
2632 328 2727 385 τοῦ
2762 330 2862 402 μιν
2913 329 3248 402 ἐμπεσόντος
3280 329 3361 400 τῷ
3403 328 3636 401 sue-svo,

356 449 584 505 operum
632 441 790 488 antea
835 432 1063 496 sciente,
1113 439 1167 486 te
1198 444 1333 486 vero
1372 429 1581 485 nullam
1631 443 1825 484 curam
1874 442 1944 484 ne

356 524 485 597 quid
522 524 735 581 accidat
772 524 899 589 tale,
947 523 1262 578 adhibente.
1302 523 1519 578 Etenim
1566 530 1623 576 et
1660 521 1833 576 multa
1875 536 1944 575 ex

360 617 776 674 irrationalibus
817 632 924 670 non
956 616 1069 671 veri
1106 616 1359 671 absimile
1395 625 1478 670 est
1500 631 1692 671 casura
1732 616 1787 670 in
1819 630 1945 684 pro-

363 710 589 765 fundum
638 718 692 764 et
739 708 1066 773 interitura;
1128 708 1222 761 sed
1284 718 1336 762 et
1394 707 1680 761 hominum
1728 706 1946 775 aliquos

360 818 501 874 quos
530 802 680 873 prior
715 801 960 856 locorum
990 800 1190 870 positio
1225 809 1278 853 et
1301 799 1643 854 consuetudo
1677 797 1946 852 transitus

361 907 416 949 et
458 894 621 949 breve
671 901 795 963 post
844 907 1043 947 novam
1092 900 1432 947 structuram
1477 902 1694 962 tempus
1748 891 1949 945 obum-

362 984 576 1040 brantia
608 998 670 1039 ea
696 998 819 1054 quae
857 984 1073 1037 noviter
1116 981 1263 1037 facta
1292 992 1440 1049 sunt,
1466 992 1521 1038 et
1555 981 1695 1036 nihil
1744 997 1946 1037 novum

363 1093 541 1147 neque
574 1077 781 1133 dictum
815 1076 1074 1130 damnum
1106 1091 1175 1131 ne
1218 1076 1640 1146 suspicarentur
1676 1074 1952 1145 decipien-

363 1168 466 1233 tia,
500 1167 868 1238 perditionem
911 1166 1162 1223 invenire
1205 1183 1303 1237 pro
1336 1168 1666 1237 princedenti
1716 1167 1950 1222 utilitate

364 1268 688 1332 coegerunt.
723 1259 955 1330 Oportet
980 1258 1149 1330 igitur
1178 1269 1404 1331 propter
1444 1262 1561 1315 haec
1599 1260 1786 1315 omnia
1822 1259 1951 1315 nul-

365 1355 472 1410 lam
499 1354 773 1417 omittere,
815 1353 872 1407 iu
906 1352 973 1408 iis
1001 1369 1126 1425 quae
1170 1355 1405 1423 agimus,
1449 1354 1824 1420 securitatem,
1853 1369 1953 1424 per

365 1462 528 1516 quam
574 1461 907 1518 congeneres
956 1453 1011 1501 et
1058 1447 1401 1503 contribules
1448 1448 1598 1503 omni
1633 1447 1846 1503 1ωείοηί
1899 1456 1953 1503 et

364 1539 569 1592 damno
612 1536 914 1608 impervios
956 1551 1372 1593 conservemus.
1414 1538 1765 1610 Illegitimum
1802 1540 1955 1598 enim

363 1638 420 1684 et
450 1629 671 1686 crudele
710 1646 741 1685 a
775 1632 977 1701 quibus
1024 1648 1127 1687 nos
1154 1632 1423 1686 militates
1468 1632 1769 1703 carpimus,
1802 1633 1953 1702 ejus-

364 1721 489 1777 dem
539 1724 759 1792 generis
796 1734 873 1780 *et
924 1726 1173 1795 ejusdem
1232 1724 1404 1780 tribus
1456 1726 1709 1781 homines
1769 1727 1953 1782 sinere

364 1818 789 1905 per-passionum
826 1828 883 1875 et
908 1820 1162 1875 dolorum
1192 1820 1468 1876 sustinere
1502 1820 1720 1876 ultima.
1756 1820 1953 1877 Debita

367 1914 550 1957 autem
590 1907 933 1973 providentia
973 1906 1242 1972 adhibita,
1290 1916 1344 1962 et
1394 1906 1523 1962 inde
1551 1923 1770 1979 quoque
1803 1909 1954 1964 nullo

369 1999 773 2053 transeuntium
809 2000 864 2055 in
890 2000 1165 2057 fossiones
1200 2002 1585 2071 abrupto,'non
1618 2002 1721 2057 erit
1746 2003 1954 2058 occisio

370 2090 479 2145 ulla
524 2091 582 2145 in
635 2092 849 2149 naviter
891 2095 1163 2150 aediﬁcata
1217 2096 1420 2163 domo;
1460 2104 1515 2151 et
1546 2097 1693 2151 circa
1723 2096 1950 2152 domum

368 2193 663 2252 conspecta
706 2185 955 2241 cinctura
984 2197 1038 2240 ct
1089 2186 1310 2242 coronis
1352 2195 1407 2242 et
1449 2187 1748 2242 homicidio
1796 2204 1956 2242 mun-

370 2271 495 2326 dam
543 2272 768 2327 domum
817 2274 1119 2330 declaravit
1169 2284 1225 2329 et
1263 2290 1390 2343 erga
1427 2274 1736 2344 proximum
1775 2275 1957 2344 provi-

368 2364 611 2420 dentiam
641 2365 790 2422 clare
829 2369 1085 2424 omnibus
1133 2369 1523 2433 manifestans,
1572 2368 1870 2423 multarum
1902 2376 1956 2423 et

371 2456 666 2527 insignium
712 2458 936 2515 laudum
988 2476 1155 2517 causa
1207 2462 1438 2532 provido
1499 2461 1710 2515 auctori
1761 2461 1854 2529 ﬁt;
1903 2470 1960 2518 et

371 2548 495 2605 talis
517 2566 664 2607 curae
690 2552 1009 2609 lruitionem
1040 2554 1095 2609 in
1125 2554 1401 2609 similibus
1440 2552 1702 2624 operibus
1734 2561 1789 2608 et
1814 2570 1955 2624 pra:-

370 2644 698 2715 scriptiones
728 2645 777 2701 ei
811 2647 907 2717 qui
938 2647 1089 2717 prior
1114 2647 1236 2703 illas
1262 2647 1576 2707 constituit,
1608 2647 1957 2703 thesauriza-

372 2733 470 2787 vit.
526 2733 593 2788 Et
652 2735 756 2791 hoc
810 2736 1036 2806 quidem
1099 2738 1247 2810 quod
1297 2736 1409 2792 Ileo
1457 2737 1837 2807 gratissimum
1874 2747 1960 2794 est

369 2823 732 2893 legislationis
780 2829 1069 2896 stabilivit,
1119 2840 1177 2886 et
1212 2839 1407 2902 potens
1453 2838 1509 2885 et
1552 2830 1859 2885 salviﬁcum
1904 2838 1958 2886 ct

369 2918 751 2975 reverendum.
799 2917 963 2975 Juxta
1012 2921 1235 2992 quidem
1294 2920 1443 2991 quod
1507 2920 1771 2977 sensibile
1839 2930 1958 2986 est,

373 3011 531 3064 talem
586 3019 672 3067 est
714 3013 962 3082 accipere
1004 3021 1059 3069 et
1107 3014 1699 3086 propositisermonis
1753 3014 1959 3070 intelli-

370 3104 631 3173 gentiam.

441 3200 581 3268 Quae
603 3216 735 3257 vero
781 3201 849 3257 ad
894 3202 1165 3257 theoriam
1204 3204 1380 3272 magis
1433 3203 1688 3274 spiritum
1733 3204 1957 3269 attollit,

369 3295 489 3349 haec
531 3303 586 3349 et
615 3295 773 3350 vellet
806 3296 1106 3350 hortationi
1150 3296 1424 3351 actionem
1468 3306 1817 3352 connectere.
1851 3296 1957 3364 Qui

368 3386 712 3457 philosophia
748 3388 1039 3443 recentiori
1072 3396 1123 3443 et
1169 3404 1331 3458 supra
1377 3398 1594 3459 captum
1646 3389 1958 3444 multitudi—

369 3478 457 3533 nis
504 3478 681 3548 posita
736 3488 992 3546 utuntur,
1048 3489 1105 3535 et
1143 3480 1310 3534 vitam
1370 3481 1595 3535 liberam
1663 3497 1693 3536 ιι
1748 3482 1958 3551 vulgari

369 3571 788 3627 conversatione
819 3581 1035 3639 curant,
1066 3589 1174 3629 non
1204 3574 1402 3628 debent
1431 3574 1470 3628 ii
1501 3589 1703 3630 novum
1735 3574 1958 3645 quidem

370 3660 787 3717 fundamentum
837 3662 1021 3733 ligere,
1067 3677 1266 3718 novam
1320 3679 1448 3719 vero
1497 3679 1692 3734 parare
1748 3674 1960 3723 tentare

370 3754 616 3820 domum,
656 3770 761 3811 nec
804 3756 860 3809 in
905 3756 1015 3810 ullo
1056 3756 1123 3810 ad
1166 3756 1573 3813 multitudinem
1617 3757 1959 3826 inclinatam,

371 3858 552 3913 neque
582 3857 613 3898 a
647 3856 917 3899 consueta
960 3847 1382 3902 conversatione
1426 3848 1492 3901 ad
1546 3848 1771 3919 vestigia
1808 3849 1961 3904 deci-

371 3932 628 3999 dentem;
676 3934 730 3989 in
786 3935 921 4004 ipsis
978 3945 1162 3991 autem
1214 3938 1411 3993 mediis
1475 3940 1737 4009 operibus
1791 3940 1958 4006 facti,

372 4022 739 4077 intensionem
806 4025 1169 4082 luctaminum
1227 4028 1547 4097 remittere,
1591 4039 1648 4085 et
1696 4029 1965 4087 facilitate

370 4114 635 4170 similium
670 4116 923 4172 laborum
977 4120 1259 4189 putridum
1305 4132 1360 4176 et
1407 4122 1677 4177 caducum
1719 4124 1772 4179 id
1814 4124 1963 4194 quod

371 4206 511 4261 bene
544 4216 785 4278 coeptum
831 4220 916 4265 est
945 4210 1219 4267 aediﬁcare
1253 4214 1486 4283 egregiae
1512 4215 1651 4271 artis
1700 4230 1874 4287 opus;
1907 4227 1963 4274 ct

371 4297 595 4354 domum
650 4315 747 4370 per
799 4316 962 4371 quam
1031 4304 1229 4358 licebat
1279 4315 1334 4361 et
1386 4306 1703 4362 decidentes
1756 4307 1961 4366 imbres

2044 426 2141 478 ἆτε
2176 425 2345 495 μηδὲν
2379 424 2490 477 τῶν
2526 421 3037 494 καινουργηθέντων
3081 421 3417 495 προειδότος,
3453 421 3549 475 σοῦ
3581 423 3642 477 at

2048 514 2319 586 μηδεμίαν
2343 514 2661 585 ἐπιμέλειαν
2688 512 2820 584 περὶ
2842 512 2935 567 τοῦ
2961 511 3128 583 μηδὲν
3150 512 3430 583 συμϐῆναι
3454 512 3636 566 τοιοῦ-

2044 625 2137 662 τον
2169 607 2640 680 εἰσηγησαμένου.
2676 608 2785 661 Καὶ
2815 605 2926 677 γάρ
2957 607 3055 660 καὶ
3090 606 3263 660 πολλὰ
3288 606 3397 659 τῶν
3424 605 3643 674 ἀλόγων

2047 701 2197 755 οὐδὲν
2232 700 2464 766 ἀπεικὸς
2515 700 2929 771 παρεμπίπτειν
2970 699 3047 771 τῷ
3077 698 3286 768 βοθύνῳ
3331 699 3429 753 καὶ
3472 699 3643 752 ἀπόλ-

2046 796 2242 850 λυσθαι
2267 814 2280 827 ⁸
2318 796 2459 851 ἀλλά
2488 813 2553 866 γε
2582 795 2692 849 τῶν
2738 792 3042 864 ἀνθρώπων
3084 792 3260 854 ἐνίους
3296 791 3392 854 οὒς
3420 794 3454 861 ἡ
3504 808 3642 863 προ-

2048 889 2183 959 τέρα
2211 888 2321 941 τῶν
2362 888 2575 959 χωρίων
2607 886 2757 950 θέσις
2786 886 2881 940 καὶ
2916 885 2977 939 τὸ
3000 885 3122 949 ἔθος
3150 885 3251 956 τῆς
3288 884 3461 939 διόδου
3492 884 3591 937 καὶ
3614 884 3645 937 ὁ

2053 982 2263 1054 βραχὺς
2303 980 2447 1051 μετὰ
2476 978 2577 1051 τὴν
2611 976 2965 1048 καινοτομίαν
3014 976 3204 1047 χρόνος
3246 975 3644 1039 ὲπισκιάζοντα

2049 1077 2118 1127 τά
2143 1071 2547 1143 νεοχμωθέντα,
2601 1070 2695 1125 καὶ
2731 1070 2898 1142 μηδὲν
2937 1068 3123 1123 καινὸν
3158 1066 3297 1139 μηδὲ
3323 1068 3646 1138 πρόσφατον

2054 1166 2262 1237 βλάϐην
2309 1163 2623 1236 ὑφορᾶσθαι
2670 1160 3132 1226 συνεξαπατῶντα
3183 1159 3409 1231 ὄλεθρον
3462 1159 3648 1230 εύρεῖν

2052 1261 2173 1315 ἀντὶ
2202 1258 2301 1329 τῆς
2335 1255 2714 1329 προκειμένης
2759 1254 2949 1326 χρείας
2995 1251 3331 1323 συνώθησεν.
3364 1253 3457 1304 Δεῖ
3479 1250 3523 1304 δ’
3555 1247 3649 1303 οὖν

2053 1351 2141 1406 διὰ
2180 1350 2353 1404 ταῦτα
2394 1350 2575 1402 πάντα
2622 1347 2897 1420 μηδεμίαν
2949 1345 3401 1415 παραλιμπάνειν
3446 1342 3533 1413 ἐφ’
3566 1335 3650 1406 οἷς

2053 1445 2388 1516 πράττομεν,
2433 1441 2764 1510 ἀσφάλειανο
2798 1440 2863 1495 δι’
2896 1435 2964 1513 ἧς
2993 1438 3056 1492 τὸ
3098 1437 3361 1511 ὁμογενὲς
3391 1437 3489 1489 καὶ
3516 1433 3651 1506 ὁμό-

2055 1538 2221 1606 φυλον
2246 1535 2429 1607 πάσης
2473 1534 2681 1605 βλάϐης
2721 1532 2815 1586 καὶ
2845 1531 3055 1603 ζημίας
3105 1529 3405 1600 ἀπείρατον
3449 1540 3649 1596 συντη-

2057 1632 2297 1701 ρήσομεν
2321 1645 2333 1658 ·
2371 1628 2641 1699 ἔκθεσμον
2676 1625 2795 1697 γάρ
2817 1624 2913 1678 καὶ
2944 1623 3235 1695 ὠμότητος
3258 1622 3343 1690 ἐφ’
3374 1614 3465 1684 οἷς
3487 1620 3653 1689 ἡμεῖς

1986 1702 2027 1757 Β
2056 1722 2151 1784 τὰς
2182 1720 2450 1789 ὠφελείας
2474 1717 2806 1792 δρεπόμεθα,
2835 1716 2964 1779 τοὺς
3002 1716 3293 1786 ὁμογενεῖς
3322 1714 3420 1767 καὶ
3438 1711 3653 1783 ὁμοφύ-

2056 1814 2180 1877 λους
2212 1814 2474 1885 περιορᾷν
2500 1811 2569 1865 τὰ
2589 1810 2697 1865 τῶν
2728 1807 3066 1880 παθημάτων
3095 1806 3191 1861 καὶ
3225 1803 3499 1874 ἀλγεινῶν
3550 1804 3655 1873 ὑφ-

2061 1907 2312 1961 ίστασθαι
2346 1888 2550 1976 ἔσχατα
2577 1921 2590 1937 ·
2642 1905 2741 1975 τῆς
2778 1904 2961 1974 μέντοι
3002 1898 3469 1974 χρεωστουμένης
3510 1914 3654 1967 προσ

2056 2001 2204 2064 νοίας
2249 1999 2533 2059 κάνταῦθα
2584 2004 2681 2053 καὶ
2739 1997 2906 2068 μηδὲν
2947 1996 3058 2049 τῶν
3103 1990 3656 2067 παραπορευομένων

2054 2096 2169 2157 τοῖς
2197 2092 2440 2164 βοθύνοις
2471 2090 2924 2163 ὑποφερομένων,
2956 2089 3058 2143 οὐκ
3091 2087 3246 2141 ἔσται
3279 2086 3443 2155 φόνος
3470 2085 3657 2146 οὐδεὶς

2058 2189 2117 2242 ὲν
2157 2190 2223 2258 τῇ
2273 2185 2891 2259 νεουργουμένῃθοίκίᾳο
2939 2183 3034 2237 καὶ
3065 2183 3100 2252 ἡ
3157 2180 3288 2250 περὶ
3334 2179 3428 2234 τὸν
3455 2178 3658 2250 βόθρον

2058 2279 2467 2351 περινοτβεῖσα.
2478 2277 2745 2350 περιϐολὴ
2770 2277 2867 2331 καὶ
2890 2275 3134 2345 στεφάνη
3163 2273 3262 2328 καὶ
3282 2273 3449 2343 φόνου
3478 2272 3660 2326 καθα-

2060 2373 2160 2445 ρὰν
2189 2373 2290 2444 τὴν
2322 2370 2499 2425 οἰκίαν
2526 2371 2809 2442 ἀπέφηνεν
2848 2370 2943 2423 καὶ
2979 2370 3080 2438 τὴν
3115 2366 3209 2420 τοῦ
3246 2365 3481 2437 πλησίον
3516 2364 3658 2436 πρό-

2058 2484 2210 2521 νοιαν
2263 2463 2534 2539 λαμπρῶς
2579 2465 2757 2523 πᾶσιν(
2802 2459 3220 2535 ἐμφανίζουσα,
3283 2457 3499 2512 πολλῶν
3556 2458 3665 2510 καὶ

2058 2561 2243 2615 καλῶν
2273 2559 2514 2613 ἐπαίνων
2544 2556 2803 2629 πρόξενος
2836 2554 2915 2628 τῷ
2942 2553 3377 2625 προνοησαμένῳ
3398 2552 3615 2623 γίνεται
3642 2567 3662 2582 ’

2059 2653 2156 2707 καὶ
2213 2652 2315 2723 τῆς
2358 2649 2616 2721 τοιαύτης
2671 2648 3007 2720 κηδεμονίας
3067 2646 3164 2718 τὴν
3231 2646 3535 2714 ἀπόλαυσιν
3595 2644 3675 2695 ἑνί

2059 2744 2264 2815 ὁμοίοις
2284 2743 2468 2814 ἔργοις
2502 2741 2599 2795 καὶ
2628 2740 3035 2811 συγκυρήματα
3064 2736 3143 2808 τῷ
3176 2733 3662 2807 προκαταϐαλόντι

2059 2837 2471 2908 ἀπεθησαύρισε
2495 2851 2509 2864 ·
2538 2835 2634 2889 καὶ
2664 2834 2792 2903 τόγε
2833 2832 3250 2902 θεοφιλέστατον
3284 2829 3383 2901 τῆς
3427 2827 3667 2899 νομοθε-

2064 2934 2183 2996 σίας
2210 2931 2536 2992 ἐϐεϐαίωσε,
2566 2927 2629 2982 τό
2660 2944 2719 2981 τε
2753 2925 2978 2980 δυνατὸν
3009 2925 3105 2978 καὶ
3133 2924 3403 2994 σωτήριον
3444 2920 3543 2976 καὶ
3566 2921 3679 2975 αῖ-.

2060 3020 2280 3090 δέσιμον
2305 3035 2318 3049 ·
2352 3018 2488 3072 ἀλλὰ
2514 3017 2656 3071 κατὰ
2699 3016 2799 3087 μὲν
2840 3015 2902 3069 τὸ
2934 3014 3215 3085 αἰσθητὸν,
3246 3012 3508 3083 τοιαύτην
3540 3010 3677 3065 ἐστιν

2066 3112 2252 3165 λαϐεῖν
2281 3110 2376 3164 καὶ⁸
2412 3110 2510 3180 τὴν
2560 3108 2654 3163 τοῦ
2698 3109 3064 3180 προκειμένου
3112 3106 3275 3175 λόγου
3321 3105 3663 3176 εύκρίνειαν.

2151 3203 2211 3257 Ἢ
2244 3202 2303 3257 δὲ
2329 3202 2465 3275 πρὸς
2498 3200 2731 3271 θεωρίαν
2756 3199 2958 3271 μᾶλλον
2988 3200 3080 3253 τὸν
3108 3198 3235 3252 νοῦν
3279 3198 3678 3269 ἀναφέρουσα,

2065 3296 2290 3350 τοιαῦτα
2320 3296 2385 3349 ἂν
2411 3296 2495 3360 εἴη
2528 3294 2622 3348 καὶ
2649 3293 2951 3364 βουλομένη
2982 3296 3073 3346 κα¹ι
3110 3296 3173 3363 τῇ
3201 3292 3532 3363 παραινέσει
3560 3289 3669 3361 τὴν

2067 3390 2267 3461 πρᾶξιν
2320 3386 2816 3457 συσφίγγουσα.οί
2871 3385 3162 3457 φιλοσοφίᾳ
3219 3384 3519 3456 καινοτέρᾳ
3566 3384 3671 3437 καὶ

2066 3479 2176 3534 τῶν
2211 3479 2421 3532 πολλῶν
2442 3478 2702 3548 ὑπεράνω
2730 3476 2960 3546 κειμένῃ
3003 3474 3278 3546 χρώμενοι
3305 3474 3402 3527 καὶ
3425 3472 3518 3526 τὸν
3548 3469 3669 3541 βίον

2068 3573 2407 3643 ἐξῃρημένον
2428 3572 2528 3642 τῆς
2568 3568 3174 3641 δημώδουςπολιτείας
3216 3565 3669 3636 ἐπιτηδεύοντες,

2066 3663 2167 3716 οὐκ
2195 3662 2505 3733 ὀφείλουσιν
2535 3652 2682 3713 οὗτοι
2709 3658 2893 3713 καινὸν
2922 3660 3022 3728 μὲν
3047 3658 3139 3710 τὸν
3162 3656 3417 3727 θεμέλιον
3448 3654 3671 3727 πηγνύρ

2067 3773 2178 3816 ναι,
2220 3755 2411 3827 καινὴν
2440 3754 2497 3808 δὲ
2531 3750 2973 3816 κατασκευάζειν
3006 3752 3308 3820 ἐπιχειρεῖν
3350 3749 3457 3819 τὴν
3484 3748 3670 3801 οίκίαν

2067 3850 2164 3903 καὶ
2202 3848 2367 3920 μηδὲν
2398 3848 2535 3917 πρὸς
2570 3848 2630 3901 τὸ
2662 3844 2867 3917 πλῆθος
2899 3842 3326 3914 συμφερομένην
3349 3858 3363 3873 ο
3398 3842 3543 3913 μήτε
3568 3841 3671 3910 τῆς

2068 3941 2259 4011 ἐθίμου
2307 3940 2587 4010 διαγωγῆς
2615 3939 2752 4009 πρὸς
2796 3938 2867 3992 τὰ
2909 3940 3032 4009 ῖχνη
3071 3936 3574 3991 καταπίπτουσαν·
3612 3936 3671 3988 ὲν
3718 3983 3732 3993 ,

2069 4035 2255 4097 αὐτοῖς
2301 4032 2359 4086 δὲ
2411 4032 2597 4103 μέσοις
2640 4034 2752 4095 τοῖς
2799 4031 2984 4104 ἔργοις
3037 4029 3346 4098 γενόμενοι,
3383 4028 3477 4082 τὸν
3510 4027 3677 4081 τόνον.

2069 4125 2177 4180 τῶν
2210 4124 2614 4195 ἀγωνισμάτων
2662 4123 2964 4195 ύποχαλᾷν,
3015 4120 3110 4175 καὶ
3152 4123 3219 4191 τῇ
3259 4118 3516 4191 ῥαστώνῃ
3557 4116 3669 4171 τῶν

2068 4219 2271 4290 ὁμοίων
2326 4217 2508 4272 πόνων
2558 4215 2758 4285 σαθρὸν
2810 4215 2906 4268 καὶ
2956 4212 3333 4268 εύδιάπτωτον
3368 4212 3429 4265 τὸ
3479 4210 3667 4275 καλῶς

2069 4312 2380 4385 ἀρξάμενον
2430 4309 2835 4379 οἰκοδομεῖσθαι
2868 4307 3273 4378 φιλοτέχνημαο
3323 4307 3420 4359 καὶ
3458 4306 3559 4375 τὴν
3584 4305 3666 4358 ol-

376 4390 740 4445 tentationum
776 4392 1048 4461 procellas
1081 4393 1295 4449 fortiter
1332 4397 1593 4466 repellere
1641 4408 1697 4454 et
1740 4400 1958 4456 intlam-

2069 4405 2194 4460 κίαν
2218 4405 2285 4458 δι’
2310 4400 2377 4476 ἧς
2407 4404 2533 4471 ἐνῆν
2562 4403 2656 4457 καὶ
2705 4399 3264 4474 καταρῤηγνυμένους
3293 4398 3537 4470 ὄμϐρους
3566 4398 3668 4461 τάς

372 4492 586 4538 matum
617 4484 832 4540 radium
864 4487 1183 4557 passionum
1215 4489 1397 4558 sopire
1420 4502 1477 4545 et
1508 4490 1770 4548 cohibere
1801 4493 1966 4549 ardo-

268 4658 273 4663 ἡ
374 4591 526 4643 rem;
565 4576 713 4632 hanc
755 4592 886 4633 vero
930 4578 1156 4634 domum
1192 4580 1482 4650 splendide
1511 4591 1753 4653 coeptam
1791 4584 1967 4641 aediﬁ-

374 4670 512 4732 cari.
566 4669 644 4726 ita
692 4685 826 4726 vero
881 4672 949 4726 ad
994 4672 1419 4729 admirationem
1464 4689 1692 4730 suavem
1743 4690 1970 4747 progre-

374 4763 614 4820 dientem
643 4778 754 4818 non
784 4773 1001 4832 oportet
1024 4765 1353 4822 remissione
1390 4767 1679 4823 sententiae
1701 4768 1966 4841 deinceps

376 4854 564 4912 sinere
613 4855 668 4910 in
699 4856 872 4912 risum
909 4858 1180 4925 decidere,
1204 4868 1261 4915 et
1289 4860 1342 4915 in
1374 4860 1562 4916 odium
1593 4871 1649 4917 et
1694 4864 1751 4918 in
1780 4872 1969 4919 contu-

376 4948 596 5004 meliam
645 4949 885 5019 priorem
946 4951 1145 5006 bonam
1186 4950 1388 5006 famam
1440 4954 1816 5021 commutari;
1872 4955 1969 5011 sed

376 5049 591 5109 oportet
615 5042 760 5098 hanc
788 5042 1003 5098 naviter
1028 5055 1263 5113 coeptam
1286 5044 1569 5113 aediﬁcari,
1602 5046 1658 5101 in
1695 5046 1970 5105 similibus

378 5146 602 5188 servare
636 5148 979 5201 successum,
1022 5144 1076 5191 et
1119 5137 1438 5193 coronidem
1460 5139 1721 5209 jucundae
1753 5139 1885 5197 huic
1916 5150 1972 5195 et

380 5224 611 5295 egregia:
662 5226 989 5283 habitationi
1042 5229 1412 5298 circumdare,
1459 5232 1512 5287 id
1558 5239 1644 5288 est
1692 5247 1871 5304 usque
1913 5233 1968 5287 in

380 5310 548 5373 tinem
578 5318 647 5373 ad
678 5334 913 5376 coronas
934 5321 1225 5378 ducentem
1258 5324 1667 5381 accurationem
1689 5334 1748 5382 et
1774 5341 1969 5381 curam

383 5424 611 5478 parare;
649 5411 895 5482 legitime
939 5413 1087 5469 enim
1127 5424 1185 5498 et
1221 5418 1288 5472 ad
1322 5418 1486 5473 linem
1514 5434 1694 5490 usque
1724 5435 1974 5493 pugnan-

385 5501 524 5561 tium
553 5518 792 5561 coronre.
832 5525 850 5558 ι
880 5505 1053 5563 Nemo
1086 5508 1257 5573 enim,
1296 5528 1319 5563 ι
1368 5510 1446 5566 ait
1474 5511 1736 5569 Ecclesiae
1765 5528 1971 5583 praeco,

394 5616 412 5647 ι
443 5606 765 5665 coronatur,
790 5599 897 5659 nisi
916 5600 1161 5674 legitime
1185 5602 1532 5661 certaverit“.
1559 5623 1579 5659 ι
1609 5602 1768 5663 Novit
1791 5616 1971 5663 autem

456 5712 477 5749 ⁸
500 5712 545 5768 ll
586 5714 730 5771 Tim.
763 5732 826 5781 ιι.
857 5717 910 5773 5.

2068 4498 2177 4554 τῶν
2210 4496 2535 4570 πειρασμῶν
2562 4495 2793 4565 νιφάδας
2832 4493 3077 4566 στερρῶς
3105 4492 3540 4565 ἀποκρούεσθαι,
3573 4494 3668 4546 καὶ

2070 4590 2434 4660 φλογίζουσαν
2479 4588 2681 4642 ἀκτῖνα
2708 4588 2830 4658 ἦτοι
2869 4588 2981 4640 τῶν
3009 4585 3203 4641 παθῶν
3239 4587 3567 4655 ἀποστέγειί
3606 4602 3668 4639 τι

2069 4682 2162 4739 καί
2191 4682 2542 4738 ἀναστέλλειν
2580 4680 2678 4752 τὴν
2705 4680 2955 4752 πύρωσιν
2975 4696 2989 4711 ο
3017 4678 3226 4751 ταύτην
3253 4680 3320 4752 δὴ
3357 4680 3458 4751 τὴν
3485 4679 3668 4734 οἰκίαν

2069 4776 2212 4831 οὔτω
2244 4778 2343 4847 μὲν
2378 4774 2649 4847 λαμπρῶς
2688 4773 3012 4846 ἀρξαμένην
3046 4773 3475 4844 οἰκοδομεῖσθαι,
3518 4772 3665 4827 οὔτω

2068 4868 2127 4921 δὲ
2155 4867 2291 4938 πρὸς
2314 4868 2498 4938 θαῦμα
2513 4867 2687 4935 γλυκὺ
2714 4865 3011 4937 προῖοῢσαν
3035 4867 3096 4919 οὐ
3123 4866 3229 4938 χρὴ
3259 4864 3507 4938 ῥᾳθυμία
3525 4868 3666 4935 γνὼ-

2076 4978 2183 5031 μης
2213 4959 2443 5030 ὕστερον
2480 4960 2579 5029 ὲᾷν
2633 4961 2713 5023 είς
2758 4958 2975 5027 γέλωτα
3023 4957 3411 5021 καταπίπτειν,
3458 4958 3554 5011 καὶ
3603 4956 3665 5011 τὸ

2076 5053 2405 5127 σκυθρωπὸν
2448 5054 2545 5108 καὶ
2581 5053 3044 5125 περιυϐρισμένον
3087 5054 3187 5123 τῆς
3233 5054 3368 5122 πρὶν
3408 5051 3665 5116 εὐκλείας

2075 5145 2537 5200 άνταλλάττεσθαι
2554 5162 2567 5177 ·
2593 5145 2730 5201 ἀλλὰ
2771 5146 2854 5199 δεῖ
2876 5145 3087 5215 ταύτην
3111 5146 3315 5208 καινῶς
3346 5145 3663 5215 ἀρξαμένην

2072 5238 2498 5310 οἰκοδομεῖσθαι,
2523 5238 2582 5291 ὲν
2608 5241 2721 5302 τοῖς
2745 5239 2953 5307 ὁμοίοις
2978 5240 3269 5308 συντηρεῖν
3288 5236 3623 5309 κατόρθωμα
3644 5250 3661 5271 ⁸

2076 5330 2169 5385 καὶ
2199 5330 2471 5402 στεφάνην
2504 5329 2585 5401 τῷ
2608 5329 2830 5401 τερπνῷ
2868 5331 3046 5401 τούτῳ
3086 5331 3174 5384 καὶ
3214 5330 3538 5399 περικαλλεῖ
3558 5330 3663 5384 δωι

2079 5426 2256 5497 ματίῳ
2295 5425 2623 5498 περιθεῖναι,
2671 5424 2921 5478 τουτέστι
2959 5424 3125 5496 μέχρι
3162 5424 3351 5486 τέλους
3379 5425 3481 5493 τὴν
3526 5422 3662 5494 πρὸς

2074 5521 2201 5585 τοὺς
2237 5518 2536 5589 στεφάνους
2567 5517 2807 5587 ἄγουσαν
2829 5517 3118 5589 ἁκρίϐειάν
3142 5534 3196 5573 τε
3223 5517 3318 5571 καὶ
3344 5515 3661 5588 ἐπιμέλειαν

2079 5612 2423 5687 ἐπιτηδεύειν
2441 5629 2455 5644 ο
2486 5612 2593 5668 τῶν
2623 5613 2731 5684 γὰρ
2758 5611 3008 5683 νομίμως
3030 5611 3126 5665 καὶ
3148 5610 3259 5665 τῶν
3290 5608 3455 5683 μέχρι
3479 5609 3661 5673 τέλους
