3884 6202
200 325 307 392 409

1179 327 1276 387 AD
1314 319 1909 388 AMPHILOCHIUM
1936 321 2282 396 QUESTIO
2329 319 2449 382 LX.

3356 322 3462 391 410

198 439 505 498 ἀθλούντων
536 441 583 495 oi
617 439 896 508 στέφανοι·
925 455 944 491 ι
972 439 1162 504 Οὐδεὶς
1189 438 1320 513 γὰρ,
1366 442 1501 512 φησὶ
1528 442 1628 512 τῆς
1651 440 1784 495 Ἐκ·-

1892 449 1940 497 et
1992 455 2190 497 novam
2235 447 2544 495 creaturam
2599 438 2901 495 secundum
2945 439 3225 497 Christum
3287 445 3464 514 profe-

199 535 435 607 κλησίας
478 535 507 588 ό
553 534 771 606 κῆρυξ,
814 533 1194 603 στεφανοῦται,
1241 534 1337 589 ἐὰν
1400 534 1476 607 μὴ
1533 535 1783 605 νομίμως

195 625 430 700 ἀθλήσῃ.
464 644 485 679 ι
515 623 636 680 Οίδε
673 627 730 680 δὲ
759 626 855 680 καὶ
893 627 1088 699 καινὴν
1131 628 1310 682 κτίσιν
1346 629 1446 698 τὴν
1474 627 1618 682 κατὰ
1649 629 1782 699 Χρι-

198 718 328 773 στδν
361 718 648 791 προκοπὴν
697 720 792 773 καὶ⁸
820 719 1099 775 τελείωσιν
1129 723 1157 775 ὁ
1203 724 1313 786 τοῖς
1343 722 1528 786 αὐτοῖς
1576 724 1785 784 καινοῖς

195 804 592 880 πολιτεύμασιν
626 809 726 882 τὴν
777 810 971 882 καινὴν
1012 812 1280 884 διαθήκην
1331 813 1653 884 καινοτέραν
1699 813 1786 866 ἀεὶ

197 902 570 973 συντηρήσας.
609 921 627 954 ι
666 901 732 955 Et
764 921 848 966 τις
901 905 1032 976 γὰρ,
1072 906 1271 976 φησὶν,
1303 907 1362 960 ὲν
1410 905 1589 977 χρόνῳ
1620 905 1785 977 καινὴ

195 992 399 1057 κτίσις,
425 1012 444 1045 ι
481 993 957 1060 ἀνακαινίζεσθαι·
994 998 1242 1053 τουτέστι
1263 999 1351 1054 διὰ
1379 1000 1598 1054 πάντων
1628 1000 1686 1052 ὲν
1716 1001 1783 1070 τῇ

198 1085 382 1155 σοφῶς
415 1103 475 1138 τε
513 1086 608 1140 καὶ
657 1087 796 1162 ὑπὲρ
840 1087 1001 1157 λόγον
1047 1089 1466 1163 οῖκονομηθείσῃ
1505 1090 1785 1162 καινότητι

194 1175 543 1247 διατηρεῖσθε
591 1178 984 1250 καινιζόμενοι,
1026 1181 1191 1252 μηδὲν
1239 1181 1469 1235 παλαιὸν
1523 1181 1658 1253 μηδὲ
1691 1199 1786 1236 σα-

197 1269 460 1340 θρότητος
492 1269 648 1325 νόσον
698 1272 1074 1344 ἐπιφέροντες.
1128 1274 1191 1327 Εἰ
1232 1274 1343 1346 γὰρ
1385 1274 1461 1346 μὴ
1505 1275 1784 1346 ὲπιτεθείη

196 1359 439 1430 στεφάνη
461 1358 540 1430 τῷ
561 1360 929 1432 καινιζομένῳ
947 1362 1206 1433 δωματίῳ
1231 1365 1346 1426 τοῖς
1366 1362 1783 1437 κατορθώμασι,

192 1450 477 1504 τουτέστιν
527 1453 576 1505 εἰ
617 1453 694 1524 μὴ
741 1453 904 1524 μέχρι
950 1455 1139 1517 τέλους
1183 1457 1312 1520 τοὺς
1352 1459 1637 1520 νεανικοὺς
1693 1457 1788 1510 καὶ

193 1542 419 1606 καινοὺς
444 1543 539 1596 καί
563 1545 764 1609 καλοὺς
797 1547 1016 1615 ἀγῶνας
1049 1547 1179 1611 τοὺς
1204 1548 1498 1619 προξένους
1524 1551 1656 1619 ἡμῖν
1678 1550 1788 1604 τῶν

195 1632 480 1701 στεφάνων
513 1651 677 1706 συντη
689 1637 949 1708 ρήσομεν,
980 1637 1138 1706 φόνος
1163 1639 1259 1694 καλ⁸
1283 1639 1459 1708 φόνων
1479 1641 1508 1692 ὁ
1537 1635 1806 1711 χαλεπῶς

191 1741 354 1786 τατος
373 1725 431 1779 ἐν
457 1729 524 1799 τῇ
575 1727 871 1801 σαθρότητι
906 1729 998 1783 τοῦ
1035 1730 1506 1803 οἰκοδομήματοςσ
1546 1750 1788 1800 συγκατ-

1887 544 2035 590 ctum
2089 542 2145 589 et
2185 531 2578 604 perfectionem
2619 533 2714 603 qui
2760 532 2954 588 iisdem
2998 536 3153 591 novis
3197 536 3464 594 institutis

1888 641 2091 682 novum
2125 634 2508 682 testamentum
2533 625 2816 680 noviorem
2848 641 3067 696 semper
3094 630 3463 686 conservavit.

1893 738 1912 772 ι
1947 717 2002 774 Si
2062 734 2171 789 qua
2220 720 2392 784 enim,
2424 736 2444 770 ι
2508 718 2604 784 ait,
2673 737 2691 769 ι
2722 719 2776 773 in
2834 725 3081 790 tempore
3125 724 3268 774 nova
3311 737 3468 776 erea-

1889 821 2010 867 tura
2030 813 2072 878 ⁸,
2105 830 2123 863 ι
2180 811 2433 866 renovari
2464 830 2477 866 :
2508 812 2560 867 id
2610 820 2714 878 est,
2748 827 2844 881 per
2870 813 3050 866 omnia
3103 812 3159 866 in
3196 813 3470 884 sapienter

1887 916 1941 960 et
1988 921 2154 975 supra
2201 921 2510 962 sermonem
2543 905 2810 961 :edificata
2853 907 3090 961 novitate
3127 917 3471 975 perseverate

1888 999 2155 1064 innovati,
2187 999 2318 1052 nihil
2357 999 2643 1069 antiquum
2667 1013 2843 1069 neque
2874 1001 3181 1070 putredinis
3215 1001 3467 1056 mei-bum

1887 1091 2206 1149 inferentes.
2251 1091 2308 1147 Si
2349 1093 2496 1148 enim
2545 1108 2656 1146 non
2696 1093 3011 1163 imponatur
3047 1094 3272 1149 coronis
3312 1095 3470 1151 inno-

1886 1193 2026 1240 vatae
2076 1184 2263 1240 domui
2297 1201 2394 1256 per
2423 1185 2677 1248 virtutes,
2717 1185 2772 1239 id
2817 1195 2920 1251 est,
2954 1186 3000 1240 si
3043 1201 3152 1240 non
3200 1202 3371 1258 usque
3401 1185 3470 1242 ad

1889 1275 2053 1330 flnem
2080 1274 2346 1346 juvenilia
2377 1284 2431 1331 et
2472 1291 2614 1331 nova
2647 1285 2702 1331 et
2737 1276 2964 1346 pulchra
3014 1280 3312 1333 certamina
3347 1293 3471 1351 quae

1889 1374 2192 1436 procurant
2234 1365 2396 1422 nobis
2434 1381 2672 1423 coronas
2718 1367 3142 1432 servaverimus,
3193 1370 3369 1425 czedes
3416 1377 3474 1426 et

1890 1456 2120 1512 caedium
2159 1458 2400 1528 pessima
2442 1458 2497 1513 in
2528 1459 2820 1531 putredine
2857 1459 3108 1526 aedilicii;
3158 1475 3282 1515 cum
3309 1461 3473 1516 deor-

1890 1563 2012 1605 sum
2067 1547 2208 1604 ferat
2260 1559 2315 1605 et
2348 1551 2606 1607 suffodiat
2649 1551 2731 1605 vel
2781 1550 2933 1606 illum
2979 1551 3072 1620 qui
3120 1567 3151 1607 a
3204 1552 3471 1624 principio

1891 1638 2154 1696 novitatis
2183 1640 2424 1706 aedilicii,
2459 1642 2671 1697 utinam
2701 1657 2808 1697 non
2840 1641 3133 1714 profecerit
3161 1643 3215 1696 in
3245 1659 3469 1710 vanum,

1892 1732 2122 1787 meliora
2169 1734 2460 1790 aemulatus
2497 1743 2599 1790 est.
2633 1735 2710 1790 lta
2747 1735 2946 1791 misere
2991 1735 3136 1790 enim
3165 1735 3383 1804 dejecto
3419 1745 3475 1792 et

190 1797 583 1886 ενεγκόντοςήδὲ
612 1797 707 1873 καῖ
732 1797 1242 1893 συλίκατορύξαντος
1266 1797 1471 1878 καὶτὸν
1496 1825 1590 1877 ἀπ’
1615 1797 1789 1895 ἀρχῆς

1892 1833 2016 1895 post
2071 1832 2151 1879 tot
2198 1825 2416 1882 labores
2456 1835 2510 1881 et
2572 1827 2804 1882 sudores
2845 1827 3006 1897 quasi
3047 1841 3114 1882 ex
3150 1797 3473 1897 poenitentia

188 1906 292 1978 τῆς
323 1909 648 1979 καινότητος
697 1910 796 1981 τῆς
843 1911 1153 1983 οἰκοδομῆς,
1188 1912 1264 1976 ὠς
1310 1913 1422 1967 εἴθε
1475 1915 1548 1984 μὴ
1580 1911 1789 1982 ὤφελεν

189 2002 272 2058 εἰς
306 2001 508 2073 μάτην,
539 2001 1068 2076 φιλοτιμησάμενον·
1100 2004 1178 2077 τῷ
1227 2005 1336 2076 γὰρ
1368 2003 1545 2068 οὕτως
1586 2004 1787 2068 ἀθλίως

192 2093 604 2164 περιενεχθέντι
635 2097 731 2148 καὶ
771 2096 913 2168 μετὰ
942 2097 1234 2162 τοσούτους
1267 2099 1460 2163 πόνους
1496 2097 1594 2152 καὶ
1623 2098 1787 2169 ἱδρῶ-

160 2201 290 2258 .τας
319 2183 513 2257 ὥσπερ
544 2187 608 2240 ἐκ
637 2188 1006 2259 μεταμελείας
1046 2189 1331 2262 ἐνυϐρίσαι
1364 2189 1432 2244 τὰ
1477 2189 1786 2259 φθάσαντα,

189 2275 287 2328 καὶ
325 2275 515 2330 παθῶν
549 2278 886 2350 ἀνδράποδον
915 2279 1169 2350 γενέσθαι
1209 2283 1306 2336 καὶ
1335 2280 1428 2335 τοῦ
1455 2281 1652 2353 ἐχθροῦ
1679 2282 1779 2353 θή-

192 2381 370 2434 ραμα,
399 2365 555 2421 οὐδέν
580 2367 647 2422 ἂν
671 2368 759 2440 είη
795 2373 1000 2442 χεῖρον,
1040 2371 1178 2442 μηδὲ
1215 2371 1313 2444 τὴν
1351 2372 1526 2444 ἀρχὴν
1561 2372 1778 2426 ἑλέσθαι

189 2459 292 2532 τὴν
319 2462 611 2533 καινότητα
633 2461 730 2517 τοῦ
758 2463 1171 2535 πολιτεύματος,
1209 2464 1242 2534 ἢ
1269 2463 1668 2537 προελομένους
1702 2463 1777 2535 μὴ

189 2549 493 2622 διενεγκεῖν
525 2554 689 2625 μέχρι
720 2553 930 2621 τέλους,
969 2554 1087 2609 ἀλλ’
1128 2555 1450 2610 ἀνθελέσθαι
1476 2555 1586 2609 τῶν
1617 2571 1785 2609 σπου-

1890 1915 2094 1985 injuria
2150 1915 2366 1973 allicere
2410 1935 2532 1989 qum
2577 1928 3002 1988 praecesserunt,
3051 1928 3104 1974 et
3153 1920 3470 1990 passionum

1888 2009 2227 2079 mancipium
2288 2009 2405 2065 fieri
2456 2020 2509 2067 et
2556 2011 2764 2066 inimici
2811 2013 3029 2082 praeda,
3090 2013 3266 2066 nihilo
3317 2013 3474 2084 pejus

1888 2108 2054 2162 esset,
2082 2115 2260 2171 neque
2298 2116 2327 2153 a
2358 2101 2626 2172 principio
2655 2102 2888 2172 elegisse
2919 2102 3217 2157 novitatem
3245 2118 3476 2158 conver-

1886 2191 2144 2256 sationis,
2171 2201 2266 2248 aut
2290 2202 2577 2265 postquam
2601 2194 2787 2264 elegit,
2818 2209 2924 2249 non
2951 2195 3273 2265 perduxisse
3295 2211 3474 2268 usque

1895 2283 1962 2339 ad
1998 2286 2187 2352 tinem,
2236 2289 2334 2345 sed
2381 2291 2761 2362 anteposuisse
2809 2291 3080 2346 mmulatis
3131 2306 3194 2347 ea
3233 2305 3357 2363 qum
3387 2293 3476 2349 de-

1893 2380 2195 2449 precabilia
2250 2394 2399 2440 sunt.
2463 2383 2531 2440 Et
2577 2401 2645 2442 ex
2699 2385 2905 2455 quibus
2962 2394 3222 2456 poterunt
3281 2399 3475 2442 osores

1894 2468 2155 2527 delectari
2207 2474 2561 2532 irrisionibus
2631 2486 2683 2532 et
2746 2476 3302 2547 exprobrationibus,
3363 2490 3474 2533 non

1895 2558 2082 2616 divina
2117 2563 2333 2621 locutus
2359 2567 2512 2622 siluit
2538 2566 2775 2638 Cyrillus
2808 2576 3052 2623 sanctus.

189 2646 506 2717 δαζομένων
531 2646 601 2701 τὰ
645 2648 996 2703 ἀπευκταῖα·
1039 2650 1134 2703 καὶ
1197 2647 1281 2712 οἷς
1317 2648 1386 2703 ἂν
1444 2650 1686 2716 ἕξουσιν·
1721 2650 1772 2702 οἱ
1835 2653 2118 2723 μισοῦντες
2171 2658 2443 2731 ἐντρυφᾷν
2487 2662 2551 2730 τῇ
2586 2658 2751 2731 χλεύῃ
2793 2659 2887 2712 καὶ
2933 2661 3045 2722 τοῖς
3083 2657 3475 2732 όνειδίσμασινν
3529 2653 3541 2688 ³

187 2737 317 2790 οὐδὲ
365 2740 459 2796 τὸν
507 2743 797 2797 θεσπέσιον
851 2740 910 2795 δὲ
973 2740 1453 2812 παρασιωπεῖσθαι
1513 2739 1784 2811 Κύριλλον
1821 2743 1986 2800 ὅσιον.

759 2858 1101 2914 ΕΡΩἸἩΣῙΣ
1137 2856 1212 2914 ε’.

196 2952 261 3005 Τί
281 2952 508 3018 δήποτε
524 2953 632 3009 τοῦ
649 2955 838 3022 νόμου
856 2953 1202 3022 κωλῷογτος
1213 2951 1507 3022 ἅπτεσθαι
1526 2951 1784 3022 λεπροῦ,

267 3027 321 3079 ει
351 3023 421 3078 δὲ
447 3024 557 3094 μὴ,
589 3020 930 3094 ἀκάθαρτον
957 3020 1112 3094 εἶναι
1151 3022 1265 3086 ἕως
1288 3021 1579 3094 ἑσπέρας,
1606 3023 1676 3076 ἐν
1699 3021 1782 3087 τῷ

264 3091 617 3162 θεραπεύειν
665 3091 1035 3162 τόγ’λεπρὸν
1063 3095 1096 3146 ό
1149 3091 1353 3160 Σωτὴρ
1394 3091 1642 3146 ἅπτεται
1675 3094 1783 3147 ιιὺα⁸

265 3165 397 3231 τοῦ,
429 3166 620 3220 καίτοι
650 3166 811 3234 λόγῳ
840 3163 1193 3232 θεραπεύειν
1222 3162 1482 3229 δυνατὸς
1512 3163 1598 3217 ὢν
1615 3178 1636 3228 ;

2239 2865 2570 2935 ΟΠᾸΕΒἸΊΟ
2626 2865 2718 2921 LX
2767 2865 2864 2939 [ιιι.
2910 2865 3074 2939 LIX].

1891 2957 2003 3013 Cur
2029 2955 2277 3012 Christus
2301 2957 2567 3026 leprosum
2598 2957 2848 3026 tetigerit,
2882 2973 2986 3010 non
3029 2956 3271 3011 obstante
3313 2955 3476 3026 legali

1961 3028 2330 3083 immunditia.
2356 3043 2474 3082 cum
2490 3027 2604 3082 solo
2623 3028 2774 3082 verba
2794 3043 2912 3082 eum
2932 3043 3123 3080 sonare
3135 3027 3404 3098 potuerit?

1497 3269 1639 3322 Edita
1663 3285 1691 3320 a
1724 3270 1868 3330 Malo,
1897 3270 1933 3320 l.
1954 3282 2017 3329 c.,
2040 3284 2088 3330 p.
2111 3267 2278 3317 69-72.

1498 3284 1639 3322 ιωιω
1663 3285 1691 3320 a
1726 3284 1789 3320 tua

264 3365 496 3438 Πρῶτον
528 3364 629 3436 μὲν
671 3365 850 3418 ἐκεῖνο
879 3363 1161 3435 προσῆκεν
1199 3361 1421 3426 ειδέναι,
1452 3360 1529 3426 ὡς
1569 3361 1627 3427 ἐξ
1653 3351 1728 3413 ὧν
1757 3362 1786 3414 ό

1900 3284 1933 3320 t.
1954 3284 2017 3329 c.,
2040 3284 2088 3332 p.
2111 3284 2278 3317 ονε-ιι.

1959 3358 2201 3414 Primum
2237 3358 2456 3429 quidem
2480 3357 2532 3412 id
2550 3354 2806 3413 convenit
2827 3353 2990 3419 scire,
3007 3367 3072 3407 ex
3096 3366 3205 3422 quo
3223 3348 3475 3405 Salvator

192 3458 388 3529 Σωτὴρ
417 3457 512 3511 νῦν
546 3458 643 3528 μὲν
669 3457 759 3510 τὸν
807 3456 974 3527 νόμον
1015 3455 1199 3528 ἔκρινε
1247 3455 1562 3525 φυλάττειν,
1605 3451 1701 3508 νῦν
1727 3452 1785 3505 δὲ

191 3551 309 3604 τῶν
338 3550 668 3622 κρειττόνων
695 3551 790 3604 καὶ
839 3548 982 3620 ὑπὲρ
1014 3549 1301 3620 ἄνθρωπον
1343 3546 1522 3617 ἔργων
1553 3546 1790 3614 ἀπέφαι-

191 3659 290 3697 νεν
325 3643 552 3714 ἥττονα,
582 3640 693 3694 οὐδ’
727 3641 816 3694 ὅτε
868 3639 1269 3712 νομοφυλακεῖν
1314 3637 1660 3709 ἐδοκίμαζεν,
1713 3635 1790 3700 ὡς

193 3732 562 3803 ὑποκείμενος
599 3735 710 3796 τοῖς
749 3732 939 3804 νόμοις
971 3733 1299 3802 ἐφύλαττενο
1338 3731 1476 3786 ἀλλὰ
1503 3730 1662 3786 τοῦτο
1691 3730 1792 3802 μὲν

193 3824 516 3896 οἰκονομίαν
551 3824 802 3897 πληρῶν,
849 3825 944 3880 καὶ
973 3825 1188 3889 δεικνὺς
1222 3820 1310 3878 οἷα
1339 3825 1404 3894 δὴ
1447 3823 1548 3896 τὴν
1577 3823 1790 3894 ἀνθρω-

196 3918 365 3990 πίνην
395 3921 559 3989 φύσιν
592 3920 667 3992 μὴ
698 3921 1024 3986 ἀπαξιώσας
1049 3919 1361 3983 ἀναλαϐεῖν,
1393 3918 1477 3972 ὅτι
1503 3918 1597 3971 καὶ
1628 3916 1791 3982 αὐτὸς

190 4012 302 4065 οὐκ
335 4014 594 4084 ἀτιμάζει
637 4013 708 4068 τὰ
743 4014 810 4070 δι’
839 4007 913 4068 ὧν
949 4015 1054 4085 ἤδη
1095 4013 1421 4085 ῥυθμίζεται
1455 4011 1524 4065 τὰ
1574 4008 1789 4081 ἀνθρὼ-

193 4120 356 4169 πιναο
399 4105 537 4162 ἀλλὰ
569 4108 663 4161 καὶ
694 4108 1018 4179 μετέρχεται
1043 4107 1220 4160 ταῦτα
1268 4105 1399 4158 ὅταν
1444 4102 1612 4175 μηδὲν
1663 4101 1793 4156 ἄλλο

193 4195 311 4249 τῶν
377 4199 707 4269 κρειττόνων
763 4201 844 4264 εἰς
919 4200 1111 4252 ἑαυτὸν
1174 4197 1413 4270 μεθέλκῃ
1470 4197 1566 4250 καὶ
1627 4212 1794 4266 μετα-

195 4289 405 4361 ϐιὸἀζῃ
434 4291 534 4361 τὴν
585 4292 878 4362 πρόνοιαν·
913 4291 1072 4345 τοῦτο
1116 4290 1174 4343 δὲ
1220 4290 1316 4343 καὶ
1370 4288 1480 4341 τῶν
1522 4285 1792 4340 Ἰουδαίων

195 4382 323 4452 ἅμα
349 4384 678 4454 ἑμφρὰττων
699 4385 767 4436 τὰ
789 4383 1000 4455 βλᾶισςρη
1011 4400 1086 4454 μα
1115 4383 1210 4435 καὶ
1235 4380 1499 4434 ἀπύλωτα
1522 4378 1789 4448 στόματα,

195 4473 296 4527 καὶ
322 4475 384 4526 τὸ
411 4473 660 4529 ἀντίθεον
686 4476 780 4530 καὶ
808 4476 1128 4546 παράνομον
1154 4472 1343 4543 ὥσπερ
1366 4475 1446 4537 είς
1473 4472 1564 4525 τὸν
1594 4470 1793 4523 Δεσπό-

193 4582 300 4638 την
343 4568 777 4640 ὲναπορρίπτειν
814 4569 915 4621 οὐκ
944 4568 1196 4639 ἔφριττεν
1230 4567 1264 4636 ἡ
1299 4565 1571 4636 θεομάχος
1609 4561 1792 4617 αὐτῶν

194 4659 454 4725 ἀπόνοια,
483 4663 561 4721 εἰς
589 4660 690 4722 τὰς
720 4659 945 4713 ἐκείνων
977 4657 1323 4727 περιτρέπων
1359 4655 1630 4725 κεφαλάςο
1669 4654 1791 4706 ἐπεὶ

196 4752 298 4804 καὶ
326 4750 454 4808 τοὺς
487 4749 736 4820 μαθητὰς
781 4749 1220 4820 ἐγκαλουμένους
1250 4748 1333 4801 ὅτι
1380 4747 1523 4801 κατὰ
1559 4747 1619 4799 τὸ
1651 4745 1790 4799 2&6-

194 4841 367 4895 δαῖον
409 4841 770 4912 πορευόμενοι
823 4844 951 4905 τοὺς
1007 4841 1227 4910 στάχειις
1279 4837 1509 4901 ἔτιλλον,
1549 4838 1646 4890 καὶ
1690 4837 1794 4906 ψύ-

195 4950 392 5003 χοντες
420 4932 584 5004 λιμοῦ
634 4934 737 5004 τὴν
791 4932 1140 5002 αὐτοσχέδιον
1187 4930 1469 5002 τράπεζαν
1517 4927 1799 4982 ἐποιοῦντο

195 5028 365 5096 ῐαμα,
405 5027 583 5095 ἱεραῖς
615 5041 678 5079 τε
729 5025 919 5088 ἄλλαις
969 5023 1184 5094 ἐφόδοις
1211 5023 1307 5076 καὶ
1353 5021 1419 5094 δὴ
1471 5021 1570 5076 καλ⁸
1616 5036 1800 5090 παρα-

194 5120 517 5190 δειγμάτων
547 5121 785 5192 ἐπιφορᾷ
817 5119 1015 5188 κράτει
1041 5118 1136 5172 καὶ
1166 5115 1440 5186 ἀξιώματι
1487 5115 1548 5168 τὸ
1578 5113 1800 5185 ἀπαρά-

195 5228 454 5285 γραπτον
489 5211 951 5286 προϐαλλομένων
976 5207 1305 5273 ἀνευθύνους
1333 5208 1545 5262 ἐδείκνυ
1574 5207 1669 5259 καὶ
1701 5204 1800 5258 πά-

198 5322 304 5377 σης
329 5304 643 5372 ἀνεπάφους
680 5303 940 5374 μέμψεως
959 5318 972 5332 ³
1020 5303 1110 5355 νσῖ
1148 5300 1255 5372 μὴν
1299 5300 1394 5353 καὶ
1423 5297 1516 5352 τὸν
1546 5295 1674 5349 Υίὸν
1697 5293 1794 5347 τοῦ

194 5394 498 5469 ἀνθρώπου
549 5397 758 5468 Κύριον
812 5391 954 5448 εἶναι
1002 5394 1097 5448 τοῦ
1131 5392 1437 5455 Σαόϐάτου,
1474 5390 1596 5460 οὐχ).
1642 5386 1699 5440 δὲ
1728 5387 1796 5457 τῇ

197 5486 419 5541 ἐκείνου
453 5487 838 5557 παρατηρήσει
880 5483 1205 5538 δουλεύοντα
1247 5478 1566 5551 περιφανῶς
1595 5475 1796 5547 ἀνεκή-

199 5596 388 5652 ρυττε.
441 5578 535 5632 Διὺ
563 5579 659 5632 καὶ
708 5578 978 5649 παρόντος
1027 5573 1194 5630 αὐτοῦ
1237 5574 1298 5628 τὸ
1348 5570 1642 5643 προνόμιον
1698 5564 1794 5622 τοῦ

197 5671 488 5726 Σαδσάτου
526 5671 927 5739 συνεστέλλετο,
960 5669 1150 5741 ὥσπερ
1184 5667 1507 5730 ἑπιστόιντος
1533 5662 1792 5718 δεσπότου

271 5788 294 5818 ⁸
319 5786 363 5842 ll
397 5786 526 5840 Cor.
561 5802 612 5852 v,
649 5787 733 5839 Π.

1893 3467 2039 3507 nunc
2061 3453 2232 3523 legem
2257 3450 2538 3520 judicabat
2563 3463 2804 3514 servare,
2835 3461 2982 3500 nunc
3008 3460 3140 3499 vero
3174 3441 3397 3512 optimis
3420 3449 3476 3496 et

1892 3553 2060 3614 supra
2108 3543 2387 3597 hominem
2438 3541 2696 3612 operibus
2736 3537 3149 3593 demonstrabat
3189 3533 3473 3598 inferiora,

1891 3651 1993 3691 nec
2021 3635 2244 3706 quando
2267 3636 2440 3705 legem
2473 3648 2692 3688 servare
2716 3632 2952 3686 ducebat
2982 3631 3208 3694 bonum,
3241 3636 3303 3682 ut
3342 3627 3476 3683 sub.

1887 3727 2096 3800 jectum
2116 3729 2327 3798 legibus
2347 3743 2470 3782 eum
2500 3741 2790 3793 servasse;
2823 3725 2916 3780 sed
2952 3725 3054 3779 hoc
3071 3722 3288 3793 quidem
3321 3735 3475 3777 (nco-

1893 3825 2133 3879 nomiam
2165 3823 2395 3893 implens
2440 3831 2494 3876 et
2523 3819 2816 3875 ostendens
2846 3819 2992 3873 sicut
3045 3818 3347 3871 humanam
3373 3831 3444 3869 na

1894 3927 2072 3974 turam
2106 3933 2214 3972 non
2249 3915 2576 3986 dedignatus
2607 3909 3001 3975 assumere,ila
3033 3924 3134 3965 nec
3163 3911 3343 3979 ipsum
3359 3907 3476 3978 jam

1893 4009 2175 4082 dediguari
2195 4024 2255 4063 ea
2280 4023 2376 4078 per
2396 4023 2517 4076 qua:
2534 4004 2861 4060 ordinantur
2893 4000 3268 4066 humana,sed
3299 4010 3354 4056 et
3401 4016 3479 4054 se-

1895 4105 2028 4160 ctari
2080 4117 2138 4157 se
2179 4101 2267 4155 illa
2306 4099 2524 4170 quando
2570 4097 2706 4152 nihil
2754 4095 2901 4151 aliud
2932 4095 3381 4151 excellentiorum
3423 4093 3478 4147 in

1895 4197 2139 4267 seipsum
2182 4194 2408 4247 attrahit
2453 4199 2508 4247 et
2561 4189 2822 4246 transfert
2884 4204 2981 4259 per
3038 4185 3477 4258 providentiam;

1894 4289 2024 4344 illud
2042 4297 2218 4343 autem
2241 4295 2295 4341 et
2321 4285 2636 4341 Iudaeorum
2657 4283 2821 4338 simul
2844 4282 3136 4336 obstruens
3161 4278 3480 4350 blaspheme

1894 4391 1948 4439 et
1976 4381 2186 4451 absque
2223 4378 2379 4433 ostiis
2423 4392 2543 4442 ora,
2576 4385 2631 4430 et
2666 4374 2813 4444 quod
2857 4382 3050 4428 contra
3085 4371 3255 4426 Deum
3285 4376 3374 4425 est
3423 4356 3482 4425 ἐι

1896 4488 2086 4535 contra
2116 4477 2288 4546 legem
2322 4485 2379 4530 ut
2413 4474 2467 4527 in
2518 4472 2809 4528 Dominum
2837 4468 3048 4538 jactare
3080 4483 3190 4523 non
3223 4465 3484 4522 horrebat

1896 4578 2090 4626 contra
2121 4568 2289 4622 Deum
2329 4554 2580 4637 pugnans
2621 4549 2838 4619 illorum
2867 4562 3103 4625 insania,
3149 4561 3202 4613 in
3235 4559 3478 4628 ipsormn

1897 4672 2226 4733 retorquens
2248 4661 2450 4730 capita.
2487 4657 2756 4724 Quoniam
2783 4664 2836 4709 et
2860 4652 3163 4722 discipulos
3195 4659 3481 4706 accusatos

1898 4755 2046 4826 quod
2091 4763 2282 4810 contra
2325 4752 2626 4807 Sabbatum
2668 4757 2863 4802 euntes
2889 4747 3068 4815 spicas
3109 4745 3394 4808 vellerent,
3427 4752 3483 4797 et

1895 4847 2201 4904 esurientes
2233 4845 2395 4900 famis
2420 4851 2614 4914 sponte
2654 4842 2892 4896 oblatam
2937 4852 3182 4893 mensam
3238 4834 3482 4890 facerent

1897 4941 2250 5002 medicinam,
2273 4938 2450 4994 sacris
2481 4946 2534 4990 et
2563 4935 2686 4990 aliis
2709 4934 2812 4989 viis
2842 4945 2896 4988 et
2925 4931 3305 5000 exemplorum
3341 4943 3483 4998 quoe

1895 5051 2002 5105 que
2032 5032 2359 5104 allegatione
2388 5030 2439 5085 vi
2471 5039 2522 5083 et
2554 5028 2816 5099 dignitate
2849 5026 3188 5095 Scripturam
3218 5039 3325 5078 non
3363 5025 3484 5076 vio-

1897 5124 2064 5179 latam
2097 5121 2518 5195 proponentium
2554 5121 2674 5175 sine
2721 5119 2882 5188 culpa
2919 5132 3040 5173 esse
3084 5114 3483 5170 demonstravit

1896 5229 1954 5274 et
1979 5218 2128 5273 omni
2153 5217 2390 5270 intactos
2416 5213 2820 5269 criminatione.
2851 5208 2966 5266 lmo
2993 5219 3045 5264 et
3067 5207 3264 5263 Filium
3301 5207 3481 5261 homi-

1898 5307 1985 5362 nis
2015 5305 2299 5360 dominum
2323 5318 2446 5359 esse
2478 5301 2727 5366 Sabbati,
2768 5315 2874 5355 non
2910 5308 3093 5354 autem
3123 5297 3274 5352 illius
3297 5297 3488 5351 obser-

1897 5400 2103 5455 vationi
2125 5397 2417 5456 servientia
2441 5397 2728 5468 insigniter
2751 5393 3084 5466 praedicavit.
3115 5391 3242 5446 Ideo
3271 5399 3323 5445 et
3347 5404 3484 5460 prae-

1897 5505 2054 5554 sentc
2092 5496 2209 5566 ipso
2243 5491 2580 5564 praescriptio
2629 5489 2853 5544 Sabbati
2905 5485 3340 5544 contrahebatur
3369 5524 3384 5548 ,
3428 5491 3482 5534 ut

1900 5599 2118 5645 astante
2150 5587 2374 5643 domino
2412 5585 2555 5641 servi
2591 5584 2814 5640 libertas
2852 5581 3155 5643 evanescit,
3207 5574 3485 5632 (laminis-0

1900 5691 2083 5740 autem
2139 5679 2532 5752 circumagitur
2561 5689 2717 5736 nutu.
2771 5675 3020 5747 Namque
3061 5669 3350 5742 inquibus
3381 5668 3484 5722 ho-
