3884 6202
443 285 543 353 ιιι

1605 284 1804 346 ΡΗοΤ
1822 286 1847 345 Ι
1858 284 1879 344 Ι
1917 283 2423 346 ΡΑΤΒΙΔΒΟΗᾸΞ
2447 281 2557 346 CP.

3608 278 3719 346 ll!

443 400 656 456 minum
706 395 968 452 divinitus
1018 392 1350 466 operabatur
1389 394 1647 458 salutem,
1690 394 1940 451 homines
1984 393 2035 449 in

2142 393 2303 465 ἡτοῦ
2344 395 2534 449 δούλου
2587 392 2871 467 παρρησία
2921 392 3143 466 ἠρεμεῖ.
3185 395 3265 467 τῷ
3312 393 3621 465 δεσποτικῷ
3664 395 3723 450 δὲ

446 491 515 548 iis
569 489 869 546 educantes
934 489 1080 559 leges
1120 486 1418 552 tacebant;
1470 485 1666 542 melius
1709 486 1855 541 enim
1908 500 2031 541 esse

446 584 621 641 multo
656 582 877 652 propria
906 580 1224 651 paedagogia
1249 580 1429 649 ipsum
1460 593 1601 649 opus
1639 578 1832 632 salutis
1868 576 2026 632 intel-

450 675 713 747 ligebant.
754 669 813 727 in
840 673 1043 742 quibus
1074 681 1255 727 autem
1289 688 1392 725 non
1425 677 1544 726 erat
1564 670 1745 737 legum
1779 669 2029 724 custodia

445 766 778 823 mirabilium
807 765 1179 835 operationem
1216 778 1613 834 superponeus.
1637 775 1809 831 neque
1848 760 2029 814 homi-

446 875 570 915 nem
599 858 830 913 salutem
858 852 1191 926 despiciens,
1219 864 1351 909 tunc
1379 863 1435 908 et
1466 853 1600 923 ipsa:
1631 851 1904 922 pr0priam
1937 849 2030 919 ju-

447 947 832 1005 stificationem
870 944 1255 1015 agnoscebant.
1291 941 1462 1013 Magis
1491 956 1621 995 vero
1653 940 1785 1009 ipsis
1814 952 2031 1008 semper

447 1050 721 1095 servatum
749 1038 1001 1093 exstabat
1038 1052 1103 1091 ex
1142 1036 1210 1091 iis
1241 1052 1363 1106 quae
1389 1034 1640 1089 Salvator
1681 1034 2028 1104 operabatur.

446 1132 658 1186 Etenim
692 1131 868 1201 legum
904 1129 1073 1183 illatio
1106 1144 1231 1183 cum
1263 1138 1317 1182 et
1351 1125 1523 1195 magis
1574 1126 1816 1195 vigentes
1882 1123 2033 1176 vide-

449 1231 659 1284 rentur.
688 1221 891 1291 lignum
918 1218 1126 1274 credere
1150 1225 1204 1273 et
1228 1219 1406 1290 ignem
1428 1216 1724 1272 accendere
1748 1220 1803 1269 et
1834 1225 2031 1269 carnes

446 1315 611 1371 dividi
637 1331 668 1367 a
701 1311 1079 1369 sacerdotibus
1113 1326 1222 1365 non
1268 1306 1521 1379 injuriain
1559 1307 1835 1362 ducebant
1864 1316 1918 1360 et
1948 1307 2031 1375 ip-

447 1425 633 1466 sarum
672 1406 892 1464 roboris
936 1404 1362 1462 destructionem
1400 1402 1495 1458 sed
1546 1410 1601 1456 et
1642 1402 1895 1456 decorem
1925 1397 2031 1455 sibi

445 1499 719 1556 faciebant
749 1509 805 1555 et
842 1499 1162 1569 dignitatem
1198 1495 1430 1550 tolerare
1476 1492 1582 1548 illis
1612 1492 1943 1562 posteriora;
1978 1496 2033 1544 et

442 1594 639 1650 bovem
668 1603 722 1648 et
748 1592 970 1647 asinum
999 1589 1215 1647 solvere
1245 1604 1274 1642 a
1310 1585 1559 1657 prasepi,
1598 1594 1651 1639 et
1678 1584 1946 1639 abducere
1975 1588 2034 1636 ut

447 1694 606 1757 potus
634 1682 932 1755 participes
962 1691 1146 1737 essent
1190 1678 1428 1750 propriae
1460 1673 1838 1747 temperantia:
1873 1673 2027 1728 inﬁr—

447 1750 743 1830 inationem
777 1750 885 1827 non
907 1773 1191 1841 putabant,
1235 1786 1334 1824 nec
1364 1768 1563 1823 solutio
1584 1766 1717 1837 ipsis
1748 1765 2030 1820 videbatur
2066 1750 2103 1807 Β

446 1867 588 1935 quod
623 1878 721 1917 nec
750 1863 842 1917 illa
870 1862 1137 1916 servirent
1160 1868 1450 1930 pranttpto.
1478 1857 1619 1923 Quid
1652 1866 1833 1910 autem
1868 1870 2031 1924 opor‘

448 1964 522 2009 tet
550 1951 696 2023 loqui
727 1965 881 2005 ovem
910 1964 939 2003 e
973 1948 1124 2002 fovea
1151 1956 1453 2003 extractam
1482 1957 1536 1999 et
1566 1943 1757 1998 bovem
1780 1950 1837 1997 et
1859 1942 2028 1995 lilium

450 2043 690 2100 hominis
723 2058 753 2096 e
795 2040 971 2113 puteis
1011 2038 1140 2093 laris
1184 2046 1487 2093 extractum
1516 2079 1529 2102 ,
1579 2046 1633 2090 et
1684 2048 2031 2104 quacunque

450 2137 576 2191 talia
605 2136 742 2201 alia;
768 2146 1005 2203 quorum
1035 2128 1253 2184 Sabbati
1281 2128 1426 2197 leges
1448 2128 1554 2181 vim
1586 2137 1916 2187 reverentes,
1938 2124 2032 2194 ju-

448 2231 719 2285 vabantur
746 2225 923 2294 magis
962 2232 1019 2277 et
1042 2222 1423 2276 exaltabantur
1446 2236 1461 2287 ;
1488 2219 1687 2289 quibus
1716 2215 2031 2287 aprincipio

450 2321 687 2386 illatum,
730 2317 1025 2372 multorum
1070 2313 1302 2367 aliorum
1358 2326 1587 2382 operum
1632 2311 1917 2381 complexu
1976 2316 2029 2362 et

450 2411 793 2468 exhibitione
826 2423 1015 2466 earum
1039 2421 1162 2478 qua!
1194 2404 1248 2461 in
1282 2403 1415 2475 ipsis
1437 2404 1830 2476 separabantur
1860 2402 2029 2459 actio.

526 2854 649 2910 Haec
679 2854 878 2925 quippe
898 2860 951 2907 et
986 2851 1135 2913 talia.
1160 2849 1655 2923 transgressionem
1676 2847 1898 2903 Sabbati
1930 2844 2031 2899 im-

453 2946 817 3017 prudentibus
853 2942 1056 2999 Judmis
1105 2941 1441 2997 mirabilium
1491 2939 1837 3010 Operationes
1861 2946 1915 2990 et
1944 2937 2030 2990 in-

454 3040 786 3096 sanabilium
821 3038 1141 3093 morborum
1188 3035 1531 3089 curationem
1579 3028 2029 3089 inclamantibus,

456 3132 711 3189 Salvator
736 3132 791 3185 in
828 3131 1063 3185 medium
1088 3127 1336 3199 protulit,
1365 3139 1651 3196 opponens
1693 3139 1757 3178 ea
1792 3137 1914 3192 quae
1938 3137 2031 3176 su-
2063 3100 2104 3156 ο

455 3238 553 3294 per
583 3236 892 3278 sermonem
919 3228 1049 3275 sunt
1071 3234 1237 3289 opera
1264 3216 1595 3272 manul'actis
1621 3214 1953 3277 actionibus,
1985 3220 2041 3267 et

455 3314 754 3371 ostendens
790 3323 1056 3383 quantum
1090 3318 1454 3378 utrorumque
1486 3307 1802 3363 discrimen.
1834 3303 1902 3359 Et
1930 3320 2038 3360 nol

454 3415 575 3463 erat
613 3420 716 3461 nec
754 3403 1162 3474 impudentibus
1211 3416 1409 3472 negare
1448 3398 1651 3455 Iudaeis
1701 3400 1871 3453 multo
1902 3404 2041 3452 ’ma-

452 3499 594 3572 joris
627 3498 786 3571 pretii
827 3511 951 3551 esse
979 3505 1035 3551 et
1090 3495 1453 3550 mirabiliores
1483 3492 1756 3549 salvilicas
1797 3492 2039 3546 actiones

455 3607 621 3662 quam
653 3590 927 3660 lignorum
959 3586 1122 3641 caesio
1145 3595 1199 3641 et
1241 3586 1488 3641 carnium
1521 3582 1719 3639 divisio
1748 3591 1804 3638 et
1829 3598 1859 3638 e
1882 3581 2038 3636 fovea

456 3690 511 3737 et
536 3692 699 3753 puteo
731 3679 852 3735 ovis
884 3687 940 3734 et
988 3678 1145 3733 bovis
1180 3677 1467 3740 extractio,
1500 3684 1555 3730 et
1582 3688 1926 3746 quascunque
1951 3674 2035 3729 his

457 3774 680 3838 similia,
705 3774 808 3829 etsi
852 3771 922 3828 ab
966 3770 1134 3831 impio
1176 3784 1342 3823 sensu
1375 3778 1429 3822 et
1476 3767 1643 3822 Deum
1684 3766 2038 3837 impugnante

459 3884 568 3924 non
585 3867 935 3923 desisterent.
964 3863 1101 3920 Vide
1139 3872 1321 3918 autem
1347 3872 1404 3917 tu
1430 3858 2035 3933 incomprehensibilem

460 3960 557 4016 Dei
593 3961 916 4031 sapientiam
948 3967 1003 4014 et
1038 3957 1371 4013 ineﬂ'abilem
1415 3955 1854 4025 providentiam,
1897 3968 2039 4023 quo-

456 4054 622 4111 modo
666 4053 815 4124 quod
844 4051 1074 4107 debebat
1106 4049 1504 4121 posterioribus
1541 4048 1878 4119 temporibus
1918 4062 2039 4101 om-

457 4148 591 4205 nino
618 4145 758 4203 solvi
790 4145 977 4218 gratiae
1007 4145 1296 4208 abolitum,
1340 4143 1510 4215 legem
1566 4142 1691 4198 dico
1715 4184 1730 4208 ,
1762 4144 1812 4197 vi
1845 4154 1897 4198 et
1938 4139 2039 4194 do-

457 4248 661 4311 gmate,
683 4240 734 4294 id
759 4255 789 4294 a
816 4238 1083 4308 principio
1111 4238 1390 4293 inductum
1408 4237 1675 4293 etvictnm
1706 4240 2040 4309 constringe-

458 4346 631 4401 retur,
684 4344 745 4389 ut
794 4334 1107 4389 omnimoda
1145 4335 1359 4388 instans
1406 4332 1608 4389 solutio
1651 4348 1771 4387 eam
1813 4349 1935 4402 quae
1969 4348 2035 4386 ex

460 4437 611 4498 parte
628 4436 683 4481 et
707 4442 831 4481 cum
857 4441 963 4496 qua
988 4440 1275 4495 progressa
1293 4433 1380 4479 est
1403 4424 1485 4479 lex
1508 4438 1838 4494 proponens.
1858 4439 2035 4493 neque

458 4533 662 4575 novum
701 4519 1223 4589 nequeparadoxum
1260 4516 1489 4572 allatum
1513 4517 1676 4573 simul
1698 4518 2031 4581 ostenderet,

458 4608 553 4665 sed
584 4616 639 4663 et
662 4605 977 4662 Iudaeorum
1010 4604 1371 4661 confunderet
1395 4612 1449 4659 et
1473 4604 1755 4659 obturaret
1785 4602 2037 4659 incredu-

458 4702 760 4765 litatem,et
774 4711 966 4756 contra
998 4699 1169 4770 legem
1196 4714 1305 4753 non
1337 4698 1651 4768 intempore
1678 4697 1795 4752 zelo
1820 4697 2036 4760 tuitam,

462 4796 620 4868 quasi
656 4809 764 4848 non
799 4809 944 4848 nunc
973 4791 1089 4861 lege
1110 4790 1177 4845 ad
1214 4789 1543 4846 solutionem
1576 4798 1853 4861 vergente,
1885 4790 1978 4846 sed
2006 4806 2038 4845 a

460 4884 728 4959 principio
752 4900 877 4940 cum
914 4883 1186 4939 solutione
1209 4896 1490 4952 progressa
1518 4891 1718 4936 etcum
1769 4881 2040 4936 solutione

461 4978 818 5041 consistente,
863 4974 1242 5031 insolubilitati
1272 4989 1401 5028 vero
1422 4988 1523 5028 nec
1550 4989 1580 5028 a
1614 4973 1883 5044 principio
1907 4974 2041 5027 sub-

457 5070 625 5141 jecta.
657 5066 722 5122 Et
748 5081 857 5121 non
891 5066 1072 5137 quoad
1111 5065 1226 5121 sola
1257 5065 1490 5120 Sabbata
1528 5066 1923 5136 legislationem
1953 5081 2044 5121 εο-

462 5155 599 5212 lutio
636 5156 691 5211 in
727 5158 847 5213 suis
898 5156 1070 5227 ipsius
1109 5156 1378 5211 limitibus
1416 5154 1678 5220 'servavit,
1715 5156 1810 5211 sed
1843 5164 1899 5211 et
1945 5171 2043 5225 pro

465 5248 848 5319 adimpletione
916 5248 1191 5318 paschalis
1237 5247 1521 5304 deﬁnitum
1577 5260 1792 5319 tempus
1852 5250 2042 5305 distri-

439 5342 664 5404 Abuens,
696 5349 750 5395 et
790 5340 843 5395 in
875 5355 938 5395 ea
977 5356 1100 5410 quae
1140 5355 1234 5411 per
1266 5352 1448 5410 partes
1473 5351 1559 5398 est
1607 5341 2044 5413 superpositionc

466 5432 701 5489 actionis
738 5432 1151 5487 universitatem
1193 5432 1475 5506 colligens.
1508 5431 1669 5488 Certe
1699 5444 1753 5488 et
1781 5436 2044 5504 templum

468 5540 639 5580 unum
671 5540 771 5594 pro
811 5524 1101 5581 sacriﬁciis
1161 5534 1473 5596 separatum
1519 5525 1722 5597 ubique
1764 5534 1923 5583 terra:
1963 5527 2049 5581 di-

468 5615 675 5687 spersis
694 5614 897 5673 ludatis
920 5617 1199 5672 victimam
1232 5616 1375 5671 haud
1398 5615 1736 5672 immolatam
1765 5629 1819 5674 et
1858 5621 2046 5691 ingra-

468 5716 582 5763 tam
618 5708 933 5766 omnimodo
953 5709 1337 5781 przrnuntiavit
1368 5708 1646 5782 futuram;
1682 5714 1785 5769 hoc
1826 5715 2047 5783 quidem

2134 488 2464 559 περιάγεται
2507 484 2759 558 νεύματι.
2808 484 2967 541 Ἀλλὰ
2994 484 3105 557 γὰρ
3130 486 3187 539 ἐν
3220 480 3301 549 οἷς
3344 485 3446 555 τὴν
3482 484 3593 539 τῶν
3623 487 3721 539 άν-

2134 578 2371 651 θρώπων
2423 579 2705 651 ἐθεούργει
2762 577 3072 648 σωτηρίαν,
3122 580 3172 631 οἱ
3219 579 3346 641 τοὺς
3396 574 3723 648 ἀνθρώπους

2132 673 2607 741 παιδαγωγοῦντες
2636 670 2791 742 νόμοι
2812 670 3086 743 ἡσύχαζον
3112 688 3126 701 °
3156 673 3414 739 κρεῖσσον
3448 671 3561 739 γάρ
3586 664 3723 724 εἶναι

2133 766 2317 837 πολλῷ
2346 769 2443 837 τῆς
2474 766 2611 829 ἰδίας
2632 762 3025 833 παιδαγωγίας,
3052 762 3184 815 αύτδ
3212 762 3270 814 τὸ
3303 758 3463 831 ἔργον
3488 761 3590 829 τῆς
3618 777 3726 813 σωο

2132 858 2327 930 τηρίας
2356 855 2632 911 συνίεσαν.
2674 856 2763 909 Ἐν
2788 850 2871 920 οἷς
2903 853 2950 907 δ’
2980 853 3079 906 ούκ
3108 843 3177 923 ἦν
3210 851 3319 904 τῶν
3352 849 3534 919 νόμων
3562 852 3597 919 ἡ
3626 867 3726 917 φυο

2132 948 2273 1020 λακὴ
2294 948 2394 1019 τὴν
2414 941 2860 1017 θαυματουργίαν
2883 940 3311 1015 ύπερτιθεμένη,
3338 936 3460 993 οὐδὲ
3485 940 3587 1010 τῆς
3617 939 3725 991 τῶν

2133 1037 2436 1114 ἀνθρώπων
2476 1038 2749 1111 σωτηρίας
2782 1032 3249 1107 κατολιγωροῦσα,
3287 1031 3591 1103 τηνικαῦτα
3629 1032 3725 1085 καὶ

2134 1136 2292 1189 αὐτοὶ
2319 1132 2605 1196 τὺοίκεῖον
2643 1130 2921 1198 δικαίωμα
2968 1131 3342 1199 ἐπεγίνωσκον
3364 1142 3378 1156 ·
3433 1124 3641 1197 μᾶλλον
3676 1124 3723 1177 δ’

2133 1229 2319 1291 αὐτοῖς
2352 1228 2439 1280 del.
2463 1225 2967 1295 συνδιασωζόμενον
2997 1220 3247 1293 ὑπῆρχεν
3280 1220 3340 1285 ἐξ
3361 1214 3436 1274 ὧν
3467 1222 3496 1273 ό
3526 1220 3724 1289 Σωτὴρ

2132 1319 2505 1391 διεπράττετο.
2551 1318 2661 1374 Καὶ
2689 1318 2799 1389 γάρ
2824 1318 2857 1389 ἡ
2886 1317 2992 1370 τῶν
3034 1316 3213 1386 νόμων
3245 1312 3473 1383 εἰσφορά
3500 1314 3595 1365 ὅτε
3630 1311 3726 1363 καὶ

2136 1412 2337 1485 μᾶλλον
2383 1410 2673 1473 ἀνθοῦντες
2698 1409 3001 1477 ἐφαίνοντο,
3033 1407 3096 1459 τὸ
3137 1405 3457 1470 ξυλοκοπεῖν
3485 1406 3582 1458 καὶ
3613 1402 3728 1473 πῦρ

2133 1505 2397 1559 ἀνάπτειν
2452 1502 2546 1558 καὶ
2598 1502 2925 1572 κρεανομεῖν
2978 1500 3106 1561 τοὺς
3170 1498 3334 1569 ίερείς
3406 1497 3503 1564 οὐχ
3557 1496 3728 1562 ὖόριν

2134 1596 2367 1667 ἡγοῦντο
2395 1593 2516 1648 οὐδὲ
2540 1592 2639 1662 τῆς
2661 1590 2843 1646 αὐτῶν
2869 1588 3051 1661 ἰσχύος
3075 1585 3393 1659 καθαίρεσιν
3414 1603 3428 1617 ·
3456 1585 3598 1641 ἀλλὰ
3627 1586 3728 1638 καὶ

2134 1687 2339 1759 κόσμον
2368 1684 2652 1740 ἐποιοῦντο
2701 1683 2797 1736 καὶ
2832 1679 3216 1751 σεμνολόγημα
3257 1676 3443 1747 φέρειν
3488 1674 3727 1728 ἐκείνων

2133 1779 2201 1834 τὰ
2230 1778 2461 1850 δεύτερα
2484 1793 2498 1807 ⁶
2528 1778 2623 1830 καὶ
2648 1774 2773 1845 βοῦν
2799 1771 2856 1827 δὲ
2888 1766 2984 1826 καὶ
3012 1771 3132 1825 δνον
3164 1770 3315 1823 λύειν
3336 1768 3434 1836 τῆς
3473 1768 3723 1837 φάτνηςο

2131 1873 2227 1927 καὶ
2261 1871 2500 1939 ἁπάγειν
2532 1867 2698 1921 ποτοῦ
2741 1868 3035 1936 μετασχεῖν
3056 1864 3153 1932 τῆς
3184 1863 3321 1926 ἰδίας
3355 1861 3728 1930 ἐπικρατείας

2131 1961 2414 2015 ἀσθένειαν
2446 1961 2546 2013 οὐκ
2582 1958 2843 2021 ἐτίθεντο,
2866 1957 2986 2010 ούδέ
3025 1955 3179 2017 λύσις
3215 1955 3401 2015 αὐτοῖς
3433 1952 3729 2023 ἐνομίζετο

2130 2054 2193 2108 τὸ
2229 2054 2303 2125 μὴ
2344 2052 2439 2107 καὶ
2466 2050 2637 2105 ταῦτα
2675 2048 2951 2104 δουλεύειν
2976 2047 3053 2118 τῷ
3084 2046 3528 2117 παραγγέλματι.
3560 2042 3639 2095 Τί
3667 2044 3729 2095 δὶ

2131 2146 2213 2199 δεῖ
2238 2145 2421 2214 λέγειν
2449 2130 2723 2216 πρόϐατον
2756 2140 2981 2214 βοθύνου
3025 2138 3423 2209 άνασπώμενον
3457 2138 3547 2191 καὶ
3585 2135 3727 2206 βοῦν

2131 2242 2228 2295 καὶ
2258 2240 2372 2295 υἱὸν
2411 2238 2703 2309 ἀνθρώπου
2743 2236 2853 2290 τῶν
2902 2236 3154 2306 φρεάτων
3195 2231 3577 2304 ἀνιμὼμενον·
3623 2231 3729 2285 καὶ

2132 2334 2275 2388 πόσα
2304 2331 2531 2387 τοιαῦτα
2583 2332 2782 2402 ἓτερα;
2812 2323 2886 2385 ὧν
2919 2330 2969 2382 οἱ
3001 2328 3096 2382 τοῦ
3137 2326 3418 2381 Σαϐϐάτου
3460 2325 3621 2395 νόμοι
3664 2328 3728 2377 τὸ

2130 2426 2333 2497 κράτος
2354 2423 2819 2493 διευλασούμενοι,
2846 2421 3115 2492 ἠρκοῦντο
3142 2420 3344 2492 μᾶλλον
3366 2418 3460 2472 καὶ
3483 2417 3729 2487 ἐσεμνύ-

2131 2531 2318 2570 νοντο·
2364 2511 2444 2579 οἷς
2480 2513 2573 2567 ἀπ’
2617 2512 2791 2583 ἀρχῆς
2838 2510 3249 2580 εἰσφερόμενον,
3282 2505 3494 2560 πολλῶν
3538 2503 3730 2559 ἄλλων

2132 2608 2309 2681 ἔργων
2334 2609 2561 2679 περιοχῇ
2584 2612 2678 2659 καὶ
2702 2609 2766 2677 τῇ
2793 2601 3129 2659 διατυπώσει
3154 2600 3262 2653 τῶν
3299 2600 3357 2653 ἐν
3386 2598 3570 2662 αὐτοῖς
3616 2596 3730 2666 ἀερο

2131 2698 2396 2772 ωρίζοντο
2428 2699 2702 2771 πράξεων.

2204 2852 2393 2906 Ταῦτα
2436 2850 2726 2924 τοιγαροῦν
2769 2850 2863 2904 καὶ
2896 2850 2965 2904 τὰ
3009 2846 3233 2905 τοιαῦτα
3273 2846 3587 2920 παράϐασιν
3624 2844 3729 2898 τοῦ

2133 2944 2414 2998 Σαδδάτου
2443 2944 2552 2997 τῶν
2581 2942 2915 3013 ἀγνωμόνων
2946 2942 3213 2998 Ἰουδαίων
3245 2940 3343 3003 τὰς
3369 2939 3732 3009 θαυματουρ-

2136 3036 2264 3105 γίας
2291 3054 2351 3090 τε
2379 3038 2473 3091 καὶ
2518 3034 2616 3107 τὴν
2645 3036 2752 3090 τῶν
2775 3036 3013 3090 ἀνιάτων
3059 3035 3231 3089 νόσων
3267 3031 3569 3105 θεραπείαν
3594 3031 3731 3084 ἐπι-

2137 3128 2449 3199 ϐοωμένων,
2475 3130 2504 3180 ό
2528 3126 2719 3200 Σωτὴρ
2741 3129 2822 3192 είς
2851 3127 3015 3198 μέσον
3046 3125 3388 3199 προήνεγκεν
3418 3128 3733 3195 ἀντιπαρα-

2138 3219 2308 3283 τιθεὶς
2322 3220 2389 3273 τὰ
2409 3220 2551 3292 ὑπὲρ
2567 3220 2725 3289 λόγον
2744 3221 2883 3292 ἔργα
2900 3223 3021 3284 ταῖς
3048 3220 3437 3295 χειροκμήτοις
3459 3216 3725 3289 πράξεσι,

2138 3314 2236 3369 καὶ
2280 3315 2491 3379 δεικνὺς
2522 3316 2646 3370 ὅσον
2690 3316 2970 3387 ἑκατέρων
3016 3314 3078 3368 τὸ
3112 3315 3313 3386 μέσον·
3363 3314 3459 3367 καὶ
3506 3313 3608 3366 ούκ
3662 3309 3731 3383 ἦν

2138 3405 2261 3458 οὐδὲ
2321 3408 2436 3464 τοῖς
2482 3405 2862 3476 ἀναισχύντοις
2917 3406 3265 3477 ἐξαρνεῖσθαι
3318 3404 3594 3469 Ἰουδαίοις
3654 3405 3731 3475 μὴ

2138 3499 2262 3569 οὐχὶ
2292 3498 2472 3569 πολλῷ
2493 3499 2830 3570 τιμιωτέρας
2855 3493 2993 3552 εἶναι
3023 3500 3116 3552 καὶ
3141 3498 3601 3569 θαυμασιωτέρας
3623 3497 3731 3561 τὰς

2141 3592 2443 3661 σωτηρίους
2490 3592 2717 3664 πράξεις
2768 3589 3091 3656 ξυλοκοπίας
3142 3608 3200 3644 τε
3243 3590 3339 3644 καὶ
3388 3591 3733 3661 κρεανομίας

2139 3684 2235 3737 καὶ
2263 3681 2461 3754 βόθρου
2492 3683 2584 3735 καὶ
2612 3684 2846 3753 φρέατος
2870 3684 3140 3754 πρόϐατον
3167 3682 3261 3735 καὶ
3292 3682 3421 3752 βοῦν
3448 3685 3729 3754 άνασπᾷν,

2138 3774 2234 3826 καὶ
2274 3774 2377 3827 ὅσα
2406 3770 2618 3835 τούτοις
2660 3771 2945 3844 ἐνάμιλλα,
2974 3772 3077 3826 κᾶν
3107 3774 3207 3843 τῆς
3245 3773 3551 3843 ἀσεϐούσης
3580 3774 3729 3842 γνὼο

2142 3883 2253 3936 μης
2293 3867 2387 3918 καὶ
2433 3866 2810 3937 θεομαχούσης
2864 3866 2925 3919 ού
2981 3866 3323 3936 μεθίσταντο.
3370 3867 3514 3937 Ὅρα
3546 3867 3609 3920 δὲ
3663 3869 3727 3921 σὺ

2140 3959 2240 4029 τὴν
2283 3959 2666 4028 ἀκατάληπτον
2702 3958 2795 4013 τοῦ
2844 3959 2980 4013 Θεοῦ
3023 3960 3217 4029 σοφίαν
3271 3961 3363 4015 καὶ
3408 3962 3729 4033 ἀπόρρητον

2141 4054 2397 4126 πρόνοιαν
2418 4071 2431 4085 ⁸
2465 4056 2614 4117 ὅπως
2662 4054 2801 4127 ὅπερ
2848 4055 3083 4129 ἤμελλεν
3116 4054 3363 4126 ὑστέροις
3400 4056 3617 4125 χρόνοις
3649 4058 3728 4117 εἰς

2137 4145 2198 4199 τὸ
2229 4145 2508 4209 παντελῶς
2535 4144 2791 4201 λελύσθαι
2818 4148 2897 4220 τῷ
2926 4147 3024 4217 τῆς
3052 4149 3271 4219 χάριτος
3293 4146 3728 4216 ύπεξιστάμενον

2138 4239 2188 4309 (ὁ
2217 4239 2379 4309 νόμος
2403 4239 2568 4310 λέγω)
2599 4240 2791 4311 κράτει
2811 4241 2906 4305 καὶ
2937 4241 3191 4312 δόγματι⁹
3216 4239 3376 4295 τοῦτο
3398 4241 3519 4293 κατ’
3546 4240 3728 4311 ἀρχάς

2139 4333 2496 4403 εἰσαγόμενον
2536 4333 2630 4387 καὶ
2655 4334 3056 4405 κρατυνόμενον
3097 4333 3512 4403 συνεσφίγγετο,
3552 4332 3633 4397 ὡς
3660 4332 3727 4387 ἂν

2066 4460 2110 4515 9
2140 4426 2173 4515 ii
2201 4424 2472 4493 παντελὴς
2510 4426 2783 4479 ἐπιστᾶσα
2811 4424 2967 4489 λύσις
2999 4424 3094 4496 τὴν
3122 4425 3216 4477 ἐπὶ
3250 4424 3451 4495 μέρους
3477 4423 3575 4477 καὶ
3605 4422 3725 4493 μεθ’

2136 4509 2207 4588 ἦς
2236 4515 2507 4586 προῆλθεν
2551 4518 2579 4569 ό
2623 4518 2788 4587 νόμος
2838 4516 3276 4587 προϐαλλομένη.
3324 4514 3479 4568 ούδέν
3535 4515 3727 4567 καινὸν

2136 4606 2259 4661 οὐδὲ
2289 4606 2592 4679 παράδοξον
2614 4608 2676 4661 τδ
2704 4608 3023 4677 συνενεχθὲν
3079 4607 3396 4673 ἐπιδείξειεν
3422 4624 3436 4637 ·
3463 4607 3607 4662 ἀλλὰ
3631 4606 3727 4661 καὶ

2136 4699 2245 4754 τῶν
2286 4700 2553 4755 Ἰουδαίων
2595 4698 2931 4770 καταισχύνῃ
2978 4702 3071 4753 καὶ
3112 4699 3442 4771 ἐπιστομίσῃ
3469 4700 3533 4753 τὸ
3566 4702 3728 4753 άπει-

2140 4792 2253 4856 θὲς,
2285 4792 2381 4847 καὶ
2412 4794 2560 4862 παρὰ
2585 4792 2676 4846 τὸν
2717 4796 2879 4875 νόμον
2903 4793 3003 4846 ούκ
3040 4796 3098 4846 ἐν
3148 4792 3323 4862 καιρῷ
3352 4792 3724 4862 περισπούδαο

2141 4902 2287 4949 στον,
2333 4885 2409 4949 ὡς
2446 4886 2507 4938 ού
2550 4886 2644 4938 νῦν
2670 4885 2763 4939 τοῦ
2808 4887 2975 4956 νόμου
3027 4886 3165 4955 πρὸς
3208 4885 3358 4938 λύσιν
3393 4884 3722 4956 χωροῦντος.

2140 4976 2255 5031 ἀλλ’
2282 4976 2377 5031 ἀπ’
2402 4978 2577 5047 ἀρχῆς
2614 4978 2753 5048 μετὰ
2783 4978 2991 5041 λύσεως
3023 4977 3474 5048 προεληλυθότος,
3503 4978 3600 5030 καὶ
3627 4976 3723 5029 λύο

2142 5085 2225 5123 σει
2268 5070 2366 5139 μὶν
2395 5070 2810 5141 συνισταμένου,
2838 5070 2914 5140 τῷ
2943 5070 3126 5141 ἀλύτῳ
3150 5069 3207 5123 δὲ
3245 5070 3378 5141 μηδὲ
3415 5070 3519 5139 τὴν
3546 5069 3723 5139 ἀρχὴν

2143 5161 2514 5231 ὑφισταμένου
2537 5178 2551 5194 ·
2586 5162 2677 5215 καὶ
2705 5163 2805 5216 ούκ
2836 5162 2929 5215 ἐπὶ
2960 5162 3140 5233 μόνων
3164 5161 3274 5216 τῶν
3303 5159 3600 5214 Σαϐϐάτων
3626 5163 3723 5229 τὴν

2144 5242 2465 5324 νομοθεσίαν
2496 5257 2528 5325 ἡ
2554 5253 2706 5317 λύσις
2741 5256 2800 5308 ἐν
2826 5259 2937 5318 τοῖς
2968 5255 3167 5325 ἑαυτῆς
3188 5256 3333 5325 ὅροις
3366 5253 3724 5326 περιέσωζεν,

2143 5346 2280 5400 ἀλλὰ
2316 5346 2410 5400 καὶ
2437 5347 2529 5400 ἐπί
2559 5347 2657 5417 τῆς
2682 5348 2903 5418 τελετῆς
2931 5346 3026 5400 τοῦ
3058 5347 3244 5417 πάσχα
3279 5346 3371 5400 τὸν
3416 5345 3726 5417 ὡρισμένον

2145 5440 2336 5512 καιρὸν
2390 5439 2807 5512 ἐπιμερίζουσα,
2842 5441 2937 5495 καὶ
2970 5444 3029 5495 ἐν
3079 5446 3146 5511 τῇ
3178 5441 3321 5495 κατά
3356 5440 3521 5513 μέρος
3556 5440 3725 5511 ὕπερ-

2147 5531 2291 5585 θέσει
2321 5529 2419 5601 τὴν
2455 5534 2553 5602 τῆς
2603 5532 2855 5605 πράξεως
2883 5533 3205 5607 ὁλοκληρίαν
3250 5534 3581 5599 συνάγουσα.
3617 5530 3726 5587 Ναὶ

2145 5622 2211 5696 δὴ
2238 5624 2336 5677 καὶ
2364 5626 2489 5689 ναὸς
2527 5620 2607 5689 εἷς
2658 5627 2751 5680 ἐπὶ
2787 5629 2905 5691 ταῖς
2939 5626 3152 5692 θυσίαις
3188 5626 3582 5699 ἀφοριζόμενος
3615 5628 3727 5685 τοῖς

2149 5716 2457 5788 πανταχόσε
2490 5718 2595 5789 γῆς
2627 5718 3050 5791 διεσπαρμένοις
3090 5720 3364 5785 Ἰουδαίοις
3407 5719 3506 5793 τῂν
3538 5717 3727 5775 θυσίαν
