3884 6202
232 270 344 335 413

1227 286 1323 346 AD
1349 284 1945 349 AMPHILOCHIUM
1976 287 2321 363 QU/ESTIO
2360 295 2481 358 LX.

3385 306 3490 375 £11

225 385 428 440 ἄθυτον
456 387 550 441 καὶ
575 386 964 464 άκαλλιέρητον
999 393 1164 447 παντί¹
1200 396 1390 469 τρόπῳ
1417 399 1769 469 προεθέσπιζε

1876 433 1886 469 ι
1915 413 2041 455 cum
2089 417 2198 457 non
2234 416 2456 475 possent
2496 407 2740 480 undique
2764 425 2955 470 omnes
2985 412 3040 470 in
3062 411 3202 472 idem
3225 420 3486 492 templum

227 478 478 533 ἔσεσθαι⁸
514 479 671 534 τοῦτο
704 483 802 553 μὲν
841 483 917 555 μὴ
953 484 1265 557 δυναμένων
1305 489 1644 559 πανταχόθεν
1677 491 1809 542 πάν-

225 587 340 624 των
384 573 466 634 εἰς
508 573 599 624 τὸν
635 574 798 626 αὑτὸν
849 574 986 628 νεὼν
1014 575 1082 629 δι’
1135 576 1287 642 ἔτους
1337 581 1805 652 συναθροίζεσθαι,

221 665 388 718 τοῦτο
410 665 466 718 δὲ
506 666 600 718 καὶ
632 666 726 719 τοῦ
759 665 890 721 ναοῦ
925 667 984 720 οὑ
1018 669 1158 738 μετά
1197 671 1364 724 πολὺν
1407 674 1598 744 χρόνον
1648 675 1808 726 πολε-

225 763 384 829 μίαις
422 760 607 829 χερσὶν
641 761 1041 832 ἀνατρέπεσθαι
1088 763 1374 833 μέλλοντος
1397 783 1410 797 ο
1456 768 1549 818 καὶ
1581 767 1674 819 ἐπὶ
1702 785 1806 837 μυ-

222 854 361 923 ρίων
388 853 563 907 ἄλλων
601 853 678 916 ὼς
708 855 1046 926 πανταχόθεν
1087 857 1188 927 τὴν
1220 858 1457 911 παλαιάν
1487 857 1805 930 νομοθεσίαν

219 946 364 1007 εἰναι
393 952 622 1005 συνιδεῖν
665 953 742 1013 εἰς
767 953 918 1017 τέλος
950 953 1453 1024 παλαιωθήσεσθαι,
1477 955 1571 1009 ἆτε
1606 955 1670 1028 δὴ
1697 955 1803 1008 τῶν

219 1041 599 1096 συνιστώντων
642 1042 811 1111 αὑτὴν
861 1042 1145 1111 συμϐόλων
1181 1041 1340 1095 τοῦτο
1383 1059 1802 1114 προανακηρυτ-

214 1134 421 1186 τόντων
471 1133 564 1185 καὶ
609 1132 1219 1201 προκαταγγελλόντων,
1267 1134 1326 1187 οὑ
1375 1133 1554 1201 λόγοις
1600 1134 1800 1204 μᾶλλον

212 1227 334 1280 ἀλλ’
359 1227 550 1288 αὑταῖς
594 1224 878 1294 ἐργασίαις
915 1225 1011 1277 καὶ
1043 1223 1302 1295 πράξεσι·
1337 1228 1431 1277 καί
1457 1225 1519 1297 δὴ
1561 1225 1655 1279 καί
1683 1227 1798 1279 έτέο

213 1337 319 1389 ρας
362 1317 640 1380 πολιτείας
670 1316 1011 1387 ὑψηλοτέρας
1049 1333 1108 1369 τε
1151 1316 1246 1370 καὶ
1282 1317 1560 1388 θειοτέρας
1585 1319 1680 1371 καὶ
1708 1318 1799 1371 λύ-

213 1427 305 1466 σιν
337 1412 438 1464 οὑκ
463 1410 854 1480 ἐπιδεχομένης
887 1407 1171 1478 προοίμιον
1200 1407 1295 1462 ἀπ’
1332 1409 1509 1481 ἀρχῆς
1540 1410 1635 1463 καὶ
1660 1428 1795 1481 προ-

207 1505 514 1575 γύμνασμα
558 1501 891 1572 γεγενῆσθαι
921 1501 1144 1572 ταύτην,
1182 1501 1247 1554 δι’
1273 1501 1339 1553 ἣν
1381 1501 1517 1565 ὅλως
1559 1504 1654 1556 καί¹
1694 1503 1795 1574 τῆς

206 1597 501 1666 ιπικαίρου
542 1597 769 1666 μετέσχε
803 1596 1091 1664 γενέσεως.

290 1693 350 1744 ’0
379 1691 437 1744 δὲ
467 1689 658 1759 Σωτὴρ
678 1687 833 1758 ἡμῶν
854 1686 942 1740 διά
972 1704 1028 1739 τε
1051 1686 1223 1739 ταῦτα
1248 1687 1358 1756 ἀφῇ
1385 1685 1674 1756 θεραπεύει
1701 1685 1792 1740 τὸν

1912 507 2010 562 per
2054 510 2258 551 annum
2287 501 2664 572 ,congregari;
2713 503 2806 558 illo
2861 521 2993 562 vero
3033 511 3180 578 quod
3228 516 3485 583 templum

1911 597 2016 635 non
2043 594 2167 653 post
2197 587 2428 641 multum
2457 599 2672 661 tempus
2717 593 3008 650 hostilibus
3051 601 3302 656 manibus
3336 619 3490 656 ever-

1911 671 2133 725 tendum
2190 683 2356 728 esset.
2411 674 2477 730 Et
2520 677 2574 732 in
2620 682 2892 737 sexcentis
2940 685 3063 739 aliis
3125 687 3486 760 nudequaque

1907 771 2144 816 veterem
2179 765 2578 834 legislationem
2611 786 2732 827 esse
2760 777 3082 845 conspicere
3114 777 3169 831 in
3207 779 3313 834 line
3351 781 3485 835 anti-

1905 855 2203 924 quandam,
2231 866 2414 928 utpote
2448 864 2903 932 componentibus
2933 869 3106 935 ipsam
3139 871 3403 940 symbolis
3429 871 3482 926 id

1903 949 2326 1018 praedicantibus
2342 964 2392 1007 et
2409 957 2923 1024 pratiuutiantibus,
2946 977 3052 1015 non
3079 965 3258 1018 verbis
3278 965 3478 1034 potius,

1904 1039 1996 1092 sed
2027 1039 2159 1108 ipsis
2212 1045 2471 1110 operibus
2507 1053 2563 1099 et
2605 1049 2935 1115 actionibus,
2971 1062 3024 1105 et
3067 1062 3216 1106 certe
3255 1054 3482 1108 alterius

1902 1124 2139 1182 instituti
2165 1131 2502 1188 sublimioris
2538 1145 2592 1189 et
2623 1137 2913 1193 divinioris
2941 1150 2994 1194 et
3014 1143 3343 1198 solutionem
3371 1161 3478 1199 non

1901 1217 2236 1277 admittentis
2266 1230 2590 1292 procemium
2617 1244 2648 1282 a
2678 1230 2949 1300 principio
2978 1241 3033 1287 et
3053 1249 3478 1305 progymnasma

1901 1308 2073 1366 fuisse
2107 1313 2285 1379 istam,
2324 1327 2548 1385 propter
2597 1334 2762 1388 quem
2806 1323 3032 1380 omnino
3069 1333 3124 1379 ct
3165 1328 3478 1398 temporalis

1897 1403 2169 1475 particeps
2186 1405 2288 1460 fuit
2311 1409 2631 1465 nativitatis.
3172 1413 3193 1434 '

1969 1672 2223 1728 Salvator
2251 1691 2381 1731 vero
2422 1686 2608 1733 noster
2635 1688 2690 1734 et
2736 1693 2957 1753 propter
2987 1686 3104 1742 haec
3141 1697 3285 1743 tactu
3318 1701 3474 1746 sanat

200 1782 408 1853 λεπρὸν
459 1779 556 1834 καί
587 1779 674 1832 ἵνα
718 1777 862 1847 δείξῃ
912 1778 993 1830 ὅτι
1030 1776 1235 1848 Κύριος
1277 1778 1437 1840 αὑτὸς
1474 1773 1562 1848 ἦν,
1604 1777 1769 1848 ὥσπε]

1896 1760 2170 1832 leprosqu
2205 1776 2260 1820 et
2292 1775 2350 1820 ut
2380 1770 2630 1822 ostendat
2652 1785 2712 1825 se
2737 1770 3028 1829 Dominum
3051 1791 3191 1843 esse,
3224 1788 3283 1833 ut
3305 1779 3474 1835 intrw

202 1877 299 1931 τοῦ
325 1875 657 1942 εἰσενεγκεῖν
697 1871 789 1924 τὸν
822 1871 1007 1940 νόμον,
1040 1869 1182 1922 οὑτω
1219 1871 1313 1924 καὶ
1331 1872 1406 1940 μὴ
1431 1871 1785 1939 εἰσενεγκεῖν·

201 1971 395 2040 ὥσπερ
425 1968 479 2020 δὲ
519 1965 592 2037 μὴ
623 1965 976 2032 εἰσενεγκεῖν,
1012 1961 1154 2016 οὑτω
1187 1965 1279 2016 καὶ
1306 1965 1638 2032 εἰσενεγκεῖν
1667 1965 1786 2018 έτέ-

204 2078 341 2134 ροις,
373 2059 490 2112 ἀλλ’
537 2058 637 2127 οὑχ
680 2055 857 2124 ἑαυτῷ
904 2057 1266 2122 εἰσενεγκείνο
1320 2055 1454 2124 μηδὲ
1499 2055 1606 2127 γάρ
1662 2057 1784 2128 μηδ’

199 2154 525 2209 ὑποκεῖσθαι
563 2152 654 2204 τὸν
693 2149 992 2220 νομοθέτην
1027 2150 1445 2219 νομοφυλακεῖν.
1485 2144 1560 2202 ὧν
1602 2150 1634 2221 ἡ
1680 2168 1783 2220 φυ-

197 2247 339 2316 λακὴ
368 2247 480 2307 τοῖς
523 2241 1002 2312 νομοθετουμένοις
1055 2241 1281 2312 ἁρμόζει
1333 2242 1536 2312 μόνοις.
1570 2244 1781 2312 Ὠσπερ

196 2337 306 2410 γάρ
330 2335 640 2406 νομοθετῶν
665 2333 916 2404 βασιλεὺς
941 2332 1094 2386 πόλει
1118 2334 1210 2386 καὶ
1238 2334 1555 2398 πολιτείαις,
1579 2335 1676 2406 οὐχ
1699 2330 1778 2399 οἷς

195 2429 501 2500 ἁρμόζεται
531 2427 628 2480 καλ⁸
667 2425 900 2492 meme
935 2424 1034 2494 τὴν
1075 2423 1374 2488 πολιτείαν,
1402 2424 1611 2489 τούτοις
1650 2427 1779 2479 ἑαυ-

193 2522 288 2575 τὸν
321 2521 548 2589 ὑπάγει,
582 2518 678 2572 καὶ
705 2517 816 2570 τῶν
859 2515 1177 2587 ἀρχομένων
1221 2517 1382 2568 ἕνεκα
1415 2517 1777 2587 καταγγέλλει

193 2615 289 2668 καὶ
336 2609 738 2683 παραπλησίως
784 2608 1013 2671 ἐκείνοις
1052 2606 1345 2677 τεθηπέναι
1389 2607 1479 2659 τὸν
1519 2609 1642 2679 ὅρον
1681 2609 1773 2663 τοῦ

189 2704 544 2776 ψηφίσματος
565 2697 1010 2769 παρασκευάζει·
1041 2698 1157 2752 ἀλλ’
1188 2698 1349 2760 αὑτὸς
1378 2698 1476 2768 μὲν
1496 2700 1607 2753 άνω
1635 2701 1772 2754 κάθ-

189 2814 316 2868 ηται
362 2795 462 2866 τῆς
505 2793 788 2861 πολιτικῆς
841 2791 1050 2858 τάξεως
1095 2791 1188 2843 καὶ
1234 2789 1578 2859 ὑπηρεσίας’
1624 2791 1685 2844 τὸ
1715 2793 1772 2846 δὲ

190 2888 497 2958 πολίτευμα
528 2887 643 2948 τοῖς
665 2883 830 2939 αὑτοῦ
861 2882 1072 2954 συνέχει
1108 2881 1201 2936 καὶ
1238 2880 1590 2946 συνδιασώζει
1626 2901 1769 2955 παρ-

189 2981 562 3051 αγγέλμασιν·
610 2976 784 3042 οὑτως
820 2977 916 3032 καὶ
959 2979 988 3031 ό
1034 2975 1129 3030 τοῦ
1173 2977 1378 3045 κόσμου
1427 2977 1769 3050 Δημιουργός

187 3093 244 3130 τε
275 3077 370 3128 καὶ
424 3071 812 3142 Παμόασιλεὺς
845 3070 1044 3140 νόμους
1090 3075 1330 3143 παρέσχε
1374 3069 1518 3122 κατά
1542 3088 1766 3140 καιρούς

1895 1851 2175 1910 ductionis
2200 1854 2356 1926 legis,
2401 1859 2473 1910 ita
2496 1869 2546 1913 et
2578 1876 2685 1915 non
2713 1863 3172 1935 introductionis;
3217 1884 3472 1942 quemad-

1896 1947 2117 2001 modum
2141 1957 2320 2004 autem
2347 1965 2469 2004 eam
2508 1964 2721 2023 poterat
2754 1972 2862 2011 non
2902 1960 3275 2028 introducere,
3313 1965 3386 2018 ita
3417 1975 3473 2020 et

1893 2036 2266 2095 introduxisse
2309 2040 2451 2106 aliis,
2504 2056 2561 2098 at
2601 2059 2709 2100 non
2754 2047 2856 2101 sibi
2912 2048 3315 2120 introduxisse;
3360 2069 3468 2108 non

1890 2123 2034 2177 enim
2065 2126 2350 2194 subjacere
2373 2128 2740 2197 legislatorem
2774 2133 2907 2203 legis
2938 2138 3330 2206 observationi,
3371 2156 3470 2195 cu-

1883 2216 1976 2287 jus
2006 2219 2252 2274 custodia
2276 2220 2344 2276 iis
2374 2236 2474 2292 pro
2501 2225 2702 2293 quibus
2735 2227 2878 2297 leges
2909 2228 3160 2284 feruntur
3214 2234 3469 2288 convenit

1888 2310 2042 2364 solis.
2077 2308 2145 2365 Ut
2172 2312 2321 2366 enim
2376 2314 2523 2386 leges
2553 2325 2804 2372 statuens
2835 2335 2932 2374 rex
2980 2322 3186 2376 civitati
3212 2333 3267 2379 et
3297 2327 3468 2380 admi-

1886 2404 2323 2472 nistrationibus,
2357 2424 2465 2464 non
2497 2412 2699 2480 quibus
2724 2423 2873 2483 aptat
2901 2425 2956 2470 et
2987 2420 3274 2474 constituit
3323 2421 3466 2493 regi-

1885 2510 2032 2561 men,
2067 2498 2151 2553 his
2178 2500 2419 2569 seipsum
2457 2503 2663 2568 subdit,
2695 2514 2748 2558 et
2776 2507 3150 2576 subjectorum
3180 2527 3311 2582 ergo
3336 2529 3467 2583 pro-

1883 2588 2085 2644 clamat
2127 2599 2182 2645 et
2226 2595 2474 2661 proxime
2516 2595 2648 2665 ipsis
2703 2600 2952 2665 posuisse
3003 2601 3228 2658 limitem
3263 2606 3463 2660 decreti

1881 2681 2081 2736 astruit
2110 2700 2124 2736 ι
2153 2694 2208 2738 at
2241 2684 2356 2754 ipse
2387 2685 2600 2754 quidem
2631 2689 2686 2743 in
2712 2691 2823 2745 alto
2846 2693 2998 2747 sedet
3025 2695 3230 2764 politici
3253 2698 3464 2754 ordinis

1879 2785 1933 2829 et
1967 2776 2287 2844 ministerii;
2327 2780 2570 2850 regimen
2607 2792 2792 2838 autem
2824 2787 2939 2841 suis
2967 2789 3213 2844 continet
3243 2800 3299 2846 et
3328 2807 3461 2846 con-

1878 2877 2062 2921 servat
2088 2872 2404 2941 prmceptis;
2441 2874 2521 2928 sic
2541 2883 2595 2928 et
2625 2879 2814 2930 mundi
2846 2878 3071 2934 Creator
3102 2891 3155 2936 et
3181 2883 3464 2938 universo-

1877 2975 1998 3016 rum
2039 2977 2135 3018 rex
2181 2963 2330 3035 leges
2390 2968 2613 3022 tradidit
2657 2970 2811 3038 juxta
2849 2979 3098 3041 tempora
3147 2974 3215 3028 iis
3252 2978 3344 3046 qui
3403 2977 3459 3032 in

1876 3054 2083 3109 mundo
2139 3065 2290 3124 sunt,
2347 3073 2446 3127 per
2497 3074 2635 3129 quas
2682 3059 2882 3114 licebat
2932 3063 3175 3132 ipsorum
3235 3066 3458 3136 quidem

184 3170 295 3230 τοῖς
322 3168 380 3219 ὲν
410 3164 490 3236 τῷ
517 3136 729 3234 κόσμῳ,
756 3163 822 3216 δι’
857 3136 933 3217 ὧν
964 3161 1030 3234 ἦν
1055 3136 1234 3217 αὑτῶν
1272 3136 1376 3228 μὲν
1408 3165 1508 3234 τὴν
1539 3136 1767 3234 γνῶμην

1876 3154 2107 3201 mentem
2141 3149 2208 3202 ad
2246 3149 2440 3204 melius
2470 3153 2722 3207 ordinare
2756 3163 2810 3207 ct
2837 3154 3143 3222 instituere,
3181 3157 3300 3227 ipse
3327 3174 3456 3214 vero

185 3259 276 3312 ἐπὶ
298 3258 360 3311 τὸ
385 3259 610 3326 ἄμεινον
655 3257 1020 3326 μετακοσμεῖν
1072 3273 1120 3307 τε
1153 3257 1246 3310 καὶ
1275 3255 1763 3328 μεταρῤυθμίζειν,

183 3349 343 3414 αὑτὸς
389 3349 448 3402 δὲ
479 3349 577 3418 τῆς
615 3347 873 3418 τοιαύτης
906 3346 1165 3417 προνοίας
1218 3347 1523 3419 ἀπροσδεὴς
1555 3342 1624 3418 ἦν
1672 3347 1769 3400 καὶ

184 3442 471 3513 κρείττων.
506 3435 587 3504 οἷς
618 3438 1071 3511 φιλοτιμούμενος
1101 3439 1386 3504 ὲπλούτιξε
1432 3440 1492 3492 τὸ
1526 3441 1767 3509 ὑπήκοον

180 3532 382 3586 τούτων
403 3531 759 3600 ἀναδέχεσθαι
783 3530 880 3599 τὴν
905 3530 1117 3602 χρείαν.
1147 3530 1283 3584 Οὐδὲ
1306 3533 1414 3602 γάρ
1444 3531 1554 3584 οὐδ’
1578 3531 1767 3601 ὥσπερ

181 3627 405 3680 ἐπὶτῶν
438 3626 616 3680 ἀλλων
647 3624 953 3694 νομοθετῶν
983 3626 1031 3679 οἳ
1063 3625 1273 3678 πολλῶν
1297 3625 1504 3697 ἐτέρων
1537 3643 1759 3679 συνεπι-

179 3724 474 3794 κρινόντων
503 3741 563 3776 τε
592 3723 687 3776 καὶ
729 3722 1036 3793 συμψήφων
1077 3723 1142 3792 τῇ
1173 3722 1368 3792 γνώμη
1413 3721 1747 3791 καθισταμέ-

176 3831 279 3867 νων
309 3816 435 3877 τοὺς
460 3814 658 3886 νόμους
704 3813 964 3878 τιθέασιν,
997 3813 1140 3868 οὑτω
1170 3816 1264 3867 καὶ
1299 3817 1327 3866 ό
1361 3812 1552 3884 Σωτὴρ
1601 3812 1756 3882 ἡμῶν

174 3903 269 3974 τὴν
295 3901 620 3973 νομοθεσίαν
664 3902 969 3972 εἰσέφερεν,
1000 3900 1117 3955 ἀλλ’
1140 3901 1216 3965 ὡς
1255 3900 1386 3964 Θεὸς
1429 3903 1523 3954 καὶ
1548 3899 1754 3970 Κύριος

174 3995 390 4049 πάντων
422 3993 516 4047 καὶ
544 3993 644 4064 τῆς
679 3993 807 4064 ὅλης
849 3992 1174 4062 νομοθεσίας
1203 3992 1368 4055 αὑτὸς
1401 3992 1753 4063 ἐπανῃρημέ-

175 4103 260 4148 νος
295 4086 355 4139 τὸ
378 4085 605 4156 κράτος.
646 4085 845 4155 Διόπερ
895 4085 1108 4155 ἀνάγκη
1147 4084 1277 4144 τοὺς
1327 4083 1425 4152 μὲν
1452 4085 1565 4145 τοῖς
1597 4099 1760 4152 νομο-

1871 3234 1993 3290 talis
2045 3239 2404 3306 providentiae
2455 3256 2565 3295 non
2599 3242 2849 3314 indigens
2885 3254 3006 3299 erat
3064 3255 3119 3300 et
3148 3248 3341 3301 melior
3390 3249 3455 3303 iis

1868 3341 1954 3384 est
1987 3331 2189 3400 quibus
2223 3332 2456 3403 benigne
2494 3335 2790 3404 providens
2827 3339 3024 3393 ditavit
3055 3340 3450 3411 subjectiouem

1872 3431 1928 3474 ut
1955 3422 2169 3477 illarum
2196 3426 2517 3495 exciperent
2548 3429 2842 3484 utilitatem
2880 3450 2894 3486 :
2950 3447 3057 3485 non
3089 3434 3235 3488 enim
3267 3443 3324 3489 ut
3360 3436 3450 3490 alii

1870 3512 2211 3584 legislatores
2265 3517 2361 3586 qui
2400 3520 2587 3574 multis
2645 3519 2771 3575 aliis
2822 3537 2928 3576 una
2983 3521 3360 3592 judicantihus
3395 3537 3454 3582 ct

1863 3610 2338 3666 consentientibus
2369 3612 2706 3668 stabilientes
2740 3615 2886 3684 leges
2911 3614 3114 3683 ferunt,
3145 3621 3226 3674 sic
3250 3632 3304 3674 et
3331 3622 3453 3676 Sal-

1863 3709 2018 3754 vator
2065 3711 2249 3755 uoster
2286 3702 2684 3772 legislationem
2725 3707 2952 3772 invexit,
2992 3710 3085 3764 sed
3115 3720 3173 3764 ut
3215 3710 3356 3767 Deus
3394 3726 3448 3770 et

1859 3791 2125 3848 Dominus
2148 3794 2396 3848 omnium
2426 3804 2481 3850 et
2503 3805 2613 3851 tota
2658 3799 2999 3869 legislatione
3030 3803 3147 3872 ipse
3178 3807 3447 3864 exCelsior

1855 3900 2144 3964 potestate.
2163 3890 2286 3948 Ideo
2310 3908 2533 3949 necesse
2560 3904 2642 3948 est
2676 3894 2780 3950 hoc
2804 3897 3024 3965 quidem
3049 3899 3165 3969 lege
3187 3902 3444 3958 stabilitis

1863 3985 2175 4055 suhjacere,
2208 3985 2354 4040 hunc
2389 3997 2568 4041 autem
2601 3987 2742 4042 ratio
2763 3990 2942 4044 omnis
2966 3991 3157 4047 eximit
3183 3995 3328 4064 quod
3360 4012 3444 4052 re-

1865 4075 2036 4146 liquis
2071 4075 2328 4130 omnibus
2353 4075 2406 4128 in
2437 4078 2768 4132 immensum
2797 4082 3219 4148 superemineat.

174 4178 475 4249 θετηθεῖσιν
487 4180 867 4251 ὑποτετάχθαι,
881 4180 972 4232 τὸν
983 4180 1036 4232 δὲ
1053 4179 1210 4248 λόγος
1229 4179 1375 4242 am;
1395 4179 1602 4250 ἐξαίρει
1629 4181 1703 4249 μὴ
1717 4174 1838 4246 οὑχ)⁸
1853 4173 1961 4228 τῶν
1979 4171 2153 4226 ἄλλων
2169 4172 2425 4225 ἁπάντων
2447 4171 2568 4227 καθ’
2591 4173 2895 4246 ὑπερϐολὴν
2914 4176 3439 4249 ὑπερανεστηκέναι.

255 4273 419 4328 Ἀλλά
448 4293 536 4342 μοι
568 4275 729 4348 δεῦρο
760 4275 854 4328 καὶ
893 4275 1010 4327 τόδε
1053 4275 1443 4328 συνεπισκόπει
1467 4292 1481 4306 ο
1518 4276 1546 4327 ὁ
1592 4274 1757 4343 νόμος

1936 4268 2041 4324 Sed
2073 4285 2287 4325 mecum
2327 4271 2414 4326 hic
2447 4281 2500 4326 et
2533 4272 2661 4326 illttd
2696 4273 2983 4328 considera
3013 4291 3026 4328 :
3073 4275 3157 4330 lex
3188 4293 3309 4332 eum
3343 4283 3435 4350 qui

171 4363 259 4418 τὸν
284 4364 590 4434 ἀπτόμενον
617 4365 840 4436 λεπροῦ,
863 4365 1172 4436 ἀκάθαρτον
1191 4365 1467 4436 ὀνομάζει,
1491 4366 1552 4418 οὑ
1559 4385 1590 4436 χ
1611 4365 1670 4418 ὃν
1693 4367 1755 4418 ἐκ

170 4459 264 4529 τῆς
291 4458 436 4528 ἀφῆς
462 4457 575 4528 ᾔδει
590 4457 688 4527 τῆς
705 4456 909 4529 λέπρας
941 4457 1380 4530 ἁποκαθαίροντα
1407 4457 1500 4510 τὸν
1524 4455 1746 4526 συνεχό-

173 4563 328 4617 μενον
362 4547 438 4617 τῷ
466 4546 630 4600 πάθει
662 4547 742 4618 (οὑ
769 4548 878 4617 γάρ
917 4544 1058 4618 ἦσαν
1090 4548 1304 4610 ἐλπίδες
1333 4547 1487 4599 οὑπω
1515 4550 1617 4617 τῆς
1641 4546 1745 4616 χάο

171 4655 311 4708 ριτος
359 4638 681 4709 ἐπιστάσης,
723 4637 839 4691 ἀλλ’
890 4639 1010 4690 οὑδὲ
1040 4637 1145 4691 τῶν
1180 4638 1386 4709 ταύτης
1417 4639 1739 4708 προοιμίων,

169 4729 224 4782 αῖ
239 4730 326 4782 τὸν
346 4730 632 4802 ἄνθρωπον
653 4729 948 4799 ὑπέφαινον
978 4729 1363 4800 θεουργοῢντα,
1388 4729 1484 4783 καὶ
1510 4730 1746 4801 κρείττω

169 4821 390 4887 πάθους,
455 4822 688 4894 μάλιστά
714 4838 778 4890 γε
838 4819 934 4873 τοῦ
980 4821 1078 4891 τὴν
1113 4819 1412 4890 θεραπείαν
1455 4819 1744 4890 ζητοῦντος

169 4913 379 4984 ἐμφανῆ
419 4912 798 4982 καθιστῶσαι),
841 4912 953 4964 ἀλλ’
988 4911 1045 4973 ὃς
1087 4911 1242 4965 οὐδὲν
1283 4910 1361 4980 τῷ
1408 4910 1744 4981 λεπρωθέντι

170 5003 298 5074 πρὸς
329 5003 597 5075 κάθαρσιν
625 5003 954 5070 συνεισάγει,
987 5002 1082 5054 καὶ
1110 5000 1170 5054 δν
1215 5003 1507 5071 μετασχεῖν
1540 5001 1741 5072 μᾶλλον

167 5094 255 5147 τοῦ
286 5095 490 5158 πάθους
523 5095 558 5164 ἢ
607 5096 705 5165 τῆς
743 5092 1087 5164 ἀκαθαρσίας
1132 5091 1441 5158 ἀπαλλάξαι
1487 5091 1581 5145 τὸν
1636 5109 1740 5146 πα-

172 5185 434 5256 ρασχόντα
487 5185 755 5256 συνεώρα.
798 5186 857 5239 '0
894 5185 949 5239 δὲ
997 5184 1106 5237 τῶν
1135 5183 1322 5254 ψυχῶν
1356 5183 1452 5236 καὶ
1490 5182 1596 5236 τῶν
1632 5201 1739 5236 σω·

172 5277 346 5344 μάτων
400 5275 583 5346 ἰατρὸς
616 5275 849 5344 Χριστὸς
891 5279 917 5328 ό
954 5274 1145 5345 Σωτὴρ
1184 5273 1344 5343 ἡμῶν
1389 5273 1588 5326 αὐτίκα
1632 5275 1730 5344 μὲν

165 5367 256 5438 τῆς
286 5367 487 5437 λέπρας
513 5368 602 5422 διά
631 5371 729 5439 τῆς
757 5369 898 5437 ἁφῆς
923 5367 1307 5436 ἀποκαθαίρει,
1330 5365 1526 5418 αὐτίκα
1559 5366 1614 5418 δὲ
1638 5365 1734 5437 τὴν

167 5459 311 5513 νόσον
339 5459 500 5528 λόγου
524 5462 768 5532 κρεῖττον
799 5456 1116 5527 φυγαδεύει.
1142 5455 1266 5519 Πῶς
1296 5452 1388 5509 οὖν
1413 5457 1513 5509 οὑκ
1534 5456 1732 5510 ἄτοπον

164 5549 551 5604 διευλαϐεῖσθαι
601 5551 698 5622 τὴν
749 5552 894 5622 ἁφὴν
944 5549 1017 5611 ὡς
1058 5547 1401 5617 ἀκαθαρσίας
1447 5547 1730 5618 πρόξενον,

1866 4361 2034 4431 tangit
2061 4362 2361 4430 leprosum,
2394 4362 2668 4432 impurum
2734 4365 3000 4431 nominat,
3035 4382 3141 4420 non
3169 4384 3329 4438 quem
3368 4386 3436 4426 ex

1861 4461 2006 4508 tactu
2035 4454 2245 4508 sciebat
2272 4470 2300 4508 a
2330 4454 2474 4524 lepra
2507 4456 2858 4510 mundantem
2890 4472 3013 4510 eum
3041 4460 3133 4527 qui
3164 4460 3436 4516 detinetur

1853 4545 2028 4609 malo;
2062 4559 2168 4598 non
2201 4545 2346 4598 enim
2384 4554 2502 4599 erat
2533 4559 2656 4615 spes
2685 4547 2924 4602 nondum
2965 4550 3139 4618 gratia
3172 4551 3430 4618 instante,

1849 4634 1944 4688 sed
1974 4649 2153 4705 neque
2192 4635 2356 4705 hujus
2388 4637 2698 4706 prooemiis,
2727 4653 2849 4708 quae
2898 4639 3172 4695 hominem
3209 4642 3434 4697 demon—

1847 4723 2287 4779 strarentdivina
2329 4735 2670 4795 operantem,
2695 4737 2749 4783 et
2778 4728 3059 4784 fortiorem
3093 4732 3258 4798 malo,
3291 4749 3428 4803 pra--

1845 4816 2034 4870 sertim
2067 4831 2195 4872 vero
2214 4832 2279 4872 eo
2300 4819 2445 4888 quod
2472 4820 2815 4876 curationem
2853 4822 3131 4890 quaerebat
3167 4825 3428 4880 manifes-

1845 4914 1956 4960 tam
1989 4909 2206 4964 sistere.
2236 4907 2342 4963 Sed
2360 4913 2454 4979 qui
2486 4911 2621 4965 niltil
2651 4911 2868 4982 leproso
2893 4913 2958 4967 ad
2982 4915 3422 4972 emundationem

1843 4995 2121 5062 conducit,
2156 5007 2210 5053 et
2237 5014 2395 5069 quem
2421 5001 2740 5071 participem
2764 5017 2886 5057 esse
2904 5005 3076 5073 magis
3101 5005 3229 5059 mali
3257 5022 3422 5076 quant

1843 5087 2188 5144 immunditia
2209 5090 2439 5146 liberare
2453 5091 2748 5161 patientem
2786 5095 3094 5165 conspexit.
3115 5097 3184 5149 At
3206 5100 3419 5152 anima-

1840 5193 1961 5232 rum
1986 5187 2040 5234 et
2065 5193 2357 5249 corporum
2387 5181 2630 5237 medicus
2665 5182 2916 5240 Christus
2960 5183 3208 5240 Salvator
3237 5197 3420 5243 uoster

1840 5267 2026 5320 statim
2057 5266 2278 5335 quidem
2314 5282 2344 5321 a
2368 5267 2518 5338 lepra
2544 5285 2639 5340 per
2671 5280 2876 5327 tactum
2913 5273 3166 5340 mundat,
3197 5277 3418 5330 statim-

1839 5374 1945 5429 que.
1971 5360 2222 5414 morbum
2262 5361 2456 5417 melius
2498 5378 2662 5432 quam
2694 5364 2802 5420 dici
2836 5367 3010 5436 possit
3062 5367 3236 5438 fugat.
3266 5371 3413 5435 Quo-

1836 5453 2000 5507 modo
2020 5453 2184 5522 igitur
2205 5468 2312 5509 non
2337 5455 2603 5512 insulsum
2626 5459 2798 5514 vereri
2821 5467 3023 5515 tactum
3044 5470 3102 5515 ut
3125 5461 3416 5518 immundi-

1841 5544 1932 5601 tia
1960 5559 2206 5614 causam,
2236 5562 2361 5602 eum
2387 5548 2481 5619 qui
2511 5550 2659 5604 norit
2686 5565 2778 5619 per
2802 5551 2948 5605 hunc
2970 5551 3290 5606 mundatth
3313 5552 3411 5608 de-

164 5641 247 5694 τίιν
278 5643 451 5696 εἰδότα
485 5644 572 5697 διὰ
600 5642 804 5713 ταύτης
851 5639 1266 5710 κεκαθαρμένον
1316 5639 1589 5705 ἀναδεῖξαι
1639 5641 1729 5694 τὸν

1876 5647 2140 5695 mnstrare
2190 5639 2341 5711 lepra
2379 5642 2690 5698 amictum?
2733 5643 3022 5708 Quomodo
3067 5653 3249 5700 autem
3297 5660 3406 5699 non

163 5733 224 5798 τῆ
248 5733 419 5806 λέπρα
452 5735 805 5806 πιεζόμενον;
840 5731 954 5796 πῶς
991 5731 1034 5784 δ’
1069 5731 1130 5784 οὑ
1163 5730 1471 5801 παράλογον
1503 5733 1594 5787 τὸν
1624 5733 1726 5805 μὲν

1876 5731 2100 5788 bsouum
2140 5731 2414 5804 leprosum
2441 5735 2555 5805 jam
2592 5750 2701 5791 non
2733 5735 3002 5806 leprosum
3034 5752 3135 5795 nec
3171 5736 3412 5794 immun-
