3884 6202
412 299 521 368 415

1579 294 1845 357 PHOTII
1883 292 2390 358 PATRIARCH/B
2427 293 2515 360 cr
2574 276 2577 279 λ

3584 300 3697 372 616

407 410 540 468 dum
573 423 713 476 esse,
736 405 1054 463 mundatum
1086 419 1214 462 vero
1230 414 1283 462 et
1313 421 1509 461 sanum
1536 421 1632 478 per
1655 405 1997 459 Dominicum

2121 407 2303 478 ’.επρδν
2324 410 2509 464 οὑκέτι
2538 410 2739 484 λεπρὸν
2758 413 2867 467 οὐδ’
2883 413 3195 485 ἀκάθαρτον
3219 407 3383 472 εἶναι.
3409 417 3693 487 κεκαθαρ-

411 510 619 558 tactum
638 510 692 556 et
712 499 953 571 reputari
980 499 1049 555 ab
1085 496 1340 555 omnibus
1374 507 1431 554 et
1465 497 1704 563 ostendi,
1723 512 1848 553 eum
1872 510 2001 550 vero

411 592 507 662 qui
534 592 979 647 emundationem
1036 591 1141 661 ipsi
1176 590 1411 661 benigne
1454 601 1506 645 et
1536 589 1880 646 abundanter
1901 590 2001 645 do-

411 684 584 747 navit,
614 680 975 735 immunditia‘.
1018 680 1337 750 participem
1384 691 1658 749 reputare,
1692 695 1854 749 quam
1899 696 2002 736 nec

412 775 470 829 in
500 775 609 829 alio
647 789 877 845 corpore
904 774 1183 829 concessit
1229 775 1487 829 manere?
1514 774 1687 845 Igitur
1725 790 1834 831 non
1873 791 1998 831 eum

412 868 505 938 qui
537 883 633 939 per
673 878 875 923 tactum
902 867 1107 922 malum
1147 867 1394 937 corporis
1425 868 1649 934 abrasit,
1692 869 1838 925 hunc
1865 870 1999 940 quin

414 966 662 1031 tangeret
700 958 785 1013 lex
818 958 1123 1029 prohibuit.
1162 957 1584 1030 Misanthropia:
1611 960 1756 1015 cnim
1787 976 1896 1014 non
1927 960 2001 1015 el-

414 1054 643 1124 fugisset
672 1054 906 1117 crimen,
948 1052 1042 1107 sed
1074 1067 1171 1108 eos
1198 1052 1291 1123 qui
1321 1055 1373 1107 in
1410 1054 1681 1124 tangendo
1712 1053 1847 1108 nihil
1878 1055 2001 1125 qui-

413 1149 533 1201 dem
565 1147 922 1202 immunditize
972 1144 1317 1211 adferebant,
1356 1155 1639 1216 tangentes
1669 1155 1852 1201 tamen
1903 1162 2000 1202 eos

412 1241 503 1311 qui
526 1240 705 1294 adhuc
736 1240 890 1309 plaga
916 1239 1298 1295 detinebantur
1335 1248 1390 1295 et
1434 1240 1673 1311 amigere
1714 1239 2003 1295 transmis-

414 1330 572 1410 sione
599 1330 783 1402 potius
812 1338 1085 1399 poterant,
1109 1346 1272 1401 quam
1292 1331 1637 1387 curationem
1667 1348 1760 1401 per
1782 1331 1998 1386 illorum

414 1437 636 1474 manum
670 1422 903 1487 lucrari;
951 1422 1094 1476 unde
1124 1420 1253 1493 quia
1311 1430 1365 1476 et
1399 1422 1657 1477 dominus
1685 1435 1805 1478 erat
1830 1422 2002 1478 Filius

414 1512 654 1567 hominis
677 1522 731 1566 et
760 1514 993 1583 ponendi
1026 1524 1078 1569 et
1104 1531 1212 1569 non
1239 1514 1472 1585 ponendi
1504 1515 1700 1586 legem,
1725 1532 1834 1571 non
1853 1518 1998 1571 enim

414 1601 599 1656 carnis
628 1604 931 1671 assumptio
954 1605 1254 1673 potentiam
1284 1606 1509 1661 abstulit
1538 1606 1863 1673 divinitatis,
1898 1609 1993 1663 sed

413 1703 732 1764 assumptus
764 1695 931 1750 homo
984 1698 1280 1766 potentiam
1312 1699 1432 1769 ejus
1462 1700 1552 1771 qui
1580 1701 1875 1772 assumpsit
1898 1702 1998 1757 sibi

414 1788 693 1859 propriam
725 1788 887 1856 fecit;
935 1799 990 1843 et
1023 1792 1151 1859 quia
1183 1792 1278 1861 qui
1313 1793 1693 1863 principaliter
1721 1804 1777 1848 et
1827 1796 2002 1865 origi-

416 1880 615 1936 nalitcr
638 1890 720 1936 est
750 1881 1033 1952 legislator
1049 1898 1144 1939 eos
1179 1885 1271 1954 qui
1312 1885 1414 1939 sub
1441 1901 1604 1940 manu
1633 1896 1761 1941 sunt
1783 1888 2005 1957 subjicit

414 1973 769 2043 legislationi,
808 1990 917 2029 non
946 1975 1109 2029 simul
1132 1976 1422 2046 subjicitur
1450 1992 1551 2033 nec
1581 1978 1742 2032 simul
1772 1979 2008 2034 circum-

418 2067 601 2135 agitur
631 2082 757 2120 cum
797 2066 907 2143 legi
932 2066 1220 2137 subjectis.
1263 2067 1330 2124 Et
1352 2070 1481 2140 quia
1532 2085 1628 2139 per
1674 2072 2005 2127 solutionem

418 2166 576 2214 vetus
617 2159 701 2213 lex
752 2159 1020 2229 originem
1072 2161 1264 2215 habuit
1321 2172 1373 2217 et
1408 2173 1825 2217 concurrentem
1879 2180 2003 2220 cum

419 2250 695 2305 solutione
722 2252 1075 2307 securitatem
1114 2251 1389 2324 promisit,
1424 2268 1535 2308 non
1582 2255 1755 2309 altero
1777 2255 2008 2310 alterum

422 2340 726 2407 auferente,
760 2358 854 2413 per
882 2352 1180 2414 utrumque
1226 2359 1356 2399 vero
1387 2344 1805 2400 subsistentiam
1847 2346 2012 2417 legis-

421 2433 627 2489 latione
643 2434 982 2505 accipiente;
1015 2445 1067 2490 et
1093 2435 1224 2506 quia
1249 2451 1356 2489 non
1381 2450 1477 2507 per
1511 2444 1718 2490 tactum
1741 2438 1827 2492 lex
1849 2452 2012 2492 mun-

421 2525 616 2581 dantes
648 2527 717 2581 ab
767 2524 1117 2583 immunditia
1149 2528 1429 2584 hominem
1467 2536 1688 2600 tangere
1737 2530 2010 2601 prohibet,

422 2618 518 2671 sed
540 2632 636 2673 eos
666 2619 761 2689 qui
797 2633 973 2688 neque
1001 2634 1166 2690 quam
1200 2620 1394 2675 melius
1440 2619 1735 2691 disponere
1784 2630 2015 2692 possunt

423 2711 629 2783 injuria
657 2712 912 2767 allectum
950 2728 1046 2782 per
1077 2713 1515 2781 immunditiam;
1567 2722 1623 2770 et
1658 2714 1790 2786 quia
1817 2730 1915 2786 per
1948 2729 2013 2770 ea

425 2819 549 2873 qua:
578 2803 831 2860 Salvator
861 2804 1012 2867 fecit,
1045 2804 1446 2876 legislationem
1478 2806 1652 2877 magis
1703 2806 2013 2862 honorabat

426 2910 537 2950 non
568 2896 790 2951 obstare
819 2912 938 2951 eam
961 2896 1165 2952 divinis
1195 2898 1368 2967 signis
1396 2898 1751 2963 convincens,
1784 2899 1841 2954 in
1882 2914 2016 2954 con-

427 3001 654 3043 cursum
686 3003 815 3043 vero
849 2988 1026 3059 magis
1044 2988 1435 3045 demonstrans
1463 2997 1823 3060 assumptam.
1845 2988 2017 3060 Prop.

2110 499 2273 568 μένον
2304 500 2360 553 δὲ
2392 503 2488 555 καὶ⁵
2528 502 2657 572 ὑγιᾶ
2685 503 2774 557 διὰ
2801 504 2900 573 τῆς
2927 504 3268 575 Δεσποτικῆς
3294 504 3444 575 ἁφῆς
3478 506 3574 559 καὶ
3600 522 3696 559 va-

2110 592 2367 663 μίξεσθαι
2393 596 2527 649 πᾶσι
2551 595 2647 648 καὶ
2675 595 3108 661 ἐπιδείκνυσθαι,
3144 598 3235 649 τὸν
3270 597 3327 651 δὲ
3353 597 3455 668 τὴν
3486 596 3700 667 κάθαρ-

2109 703 2194 739 σιν
2219 687 2368 756 αὑτῷ
2416 688 2817 761 φιλανθρώπως
2858 690 2953 743 καὶ
2983 690 3281 761 ὑπερφυῶς
3324 690 3696 762 δωρούμενον,

2106 778 2451 851 ἀκαθαρσίας
2483 785 2775 852 μετασχεῖν
2794 782 3059 854 νομίζειν,
3079 786 3146 855 ἢν
3169 783 3279 837 οὐδ’
3303 785 3363 836 ὲν
3386 782 3563 852 ἑτέρῳ
3593 781 3701 833 σώ-

2112 890 2241 943 ματι
2271 873 2653 946 συνεχώρησεν
2705 875 2918 945 μένειν;
2954 874 3168 929 Οὑκοῦν
3209 874 3331 944 οὑχὶ
3358 873 3451 926 τὸν
3480 872 3572 926 διά
3596 872 3701 941 τῆς

2107 964 2255 1033 ἁφῆς
2286 965 2346 1017 τὸ
2393 966 2563 1031 πάθος
2610 965 2705 1019 τοῦ
2754 965 2960 1036 χρωτὸς
3011 964 3340 1031 ἀποξύοντα,
3391 961 3585 1016 τοῦτον
3620 961 3701 1032 μὴ

2108 1057 2377 1111 ἅπτεσθαι
2405 1057 2434 1110 6
2459 1057 2619 1127 νόμος
2654 1058 2859 1113 ἐκώλυε
2886 1057 3326 1128 (μισανθρωπίας
3356 1055 3466 1127 γάρ
3495 1055 3598 1108 οὑκ
3625 1053 3695 1107 ἀν

2109 1148 2281 1218 ἔφυγε
2323 1148 2525 1221 δίκην),
2557 1149 2694 1202 ἀλλά
2717 1150 2842 1212 τοὺς
2877 1150 2934 1202 ὲν
2971 1147 3049 1219 τῷ
3080 1147 3351 1202 ἅπτεσθαι
3391 1145 3561 1216 μηδὲν
3597 1144 3701 1215 μὶν

2108 1240 2207 1309 τῆς
2234 1240 2582 1310 ἀκαθαρσίας
2606 1239 3064 1310 ἀφαιρουμένους,
3096 1240 3440 1308 ἁπτομένους
3470 1238 3516 1291 δ’
3546 1238 3701 1308 ὅμως

2108 1331 2219 1384 τῶν
2246 1332 2330 1386 ἔτι
2372 1336 2438 1403 τῇ
2471 1333 2739 1404 διαφθορᾷ
2768 1333 3145 1402 συνεχομένων
3185 1332 3282 1385 καὶ
3328 1330 3697 1399 λυμαίνεσθαι

2108 1427 2176 1495 τῇ
2228 1426 2513 1496 μεταδόσει
2559 1426 2759 1496 μᾶλλον
2800 1425 3205 1497 δυναμένων,ἢ
3252 1424 3351 1495 τὴν
3396 1423 3701 1495 θεραπείαν

2109 1515 2198 1570 διά
2226 1516 2325 1587 τῆς
2360 1517 2585 1570 ἐκείνων
2609 1518 2792 1589 χειρὸς
2815 1516 3319 1588 ἀποκερδαινόντων
3340 1533 3353 1545 ·
3391 1514 3535 1568 ὥστε
3560 1513 3700 1567 διότι

2109 1624 2169 1661 τε
2213 1610 2416 1680 Κύριος
2448 1605 2516 1679 ἦν
2547 1612 2575 1663 6
2619 1609 2751 1673 Υἱὸς
2796 1608 2891 1663 τοῦ
2924 1608 3214 1679 ἀνθρώπου
3246 1608 3341 1661 καὶ
3382 1606 3559 1659 θεῖναι
3604 1607 3703 1667 καὶ

2040 1751 2081 1807 Β
2115 1700 2189 1771 μὴ
2229 1700 2399 1753 θεῖναι
2435 1702 2524 1753 τὸν
2574 1701 2733 1768 ιρόμον
2773 1699 2855 1771 (οὑ
2886 1701 2992 1770 γὰρ
3020 1702 3052 1769 ή
3099 1698 3199 1768 τῆς
3229 1697 3429 1767 σαρκὸς
3459 1697 3706 1767 πρόσλη-

2106 1792 2198 1862 ψις
2228 1792 2327 1862 τὴν
2354 1790 2605 1855 ἐξουσίαν
2634 1792 2875 1863 περιεῖλε
2897 1791 2996 1861 τῆς
3020 1790 3290 1862 θεότητος,
3318 1790 3455 1843 ἀ).λά
3476 1789 3505 1840 6
3528 1805 3706 1859 προσ-

2108 1882 2340 1953 ληφθείς
2413 1883 2700 1954 ἄνθρωπος
2758 1883 2821 1938 τὸ
2879 1884 3082 1952 κράτος
3148 1881 3244 1935 τοῦ
3301 1880 3708 1950 προσλαϐόντος

2110 1974 2475 2048 ᾠκειώσατο),
2506 1975 2600 2029 καὶ
2639 1975 2775 2029 διότι
2807 1976 2836 2027 6
2869 1974 3072 2045 κυρίως
3114 1975 3207 2027 καὶ
3239 1973 3453 2027 οἴκοθεν
3475 1972 3707 2042 vagabi-

2110 2087 2208 2140 της
2254 2069 2381 2133 τοὺς
2409 2069 2513 2123 ὑπὸ
2538 2070 2694 2140 χεῖρα
2726 2068 2825 2139 μὲν
2868 2066 3156 2121 ὑποτάττει
3189 2069 3253 2136 τῇ
3290 2063 3607 2135 νομοθεσίᾳ,
3645 2064 3706 2116 εὑ

2112 2164 2485 2231 ωνυπάγεται
2517 2162 2575 2215 δὲ
2604 2161 2723 2215 οὐδὲ
2753 2161 3192 2231 συμπεριάγεται
3218 2161 3331 2222 τοῖς
3374 2157 3702 2228 νομοθετου-

2114 2257 2327 2329 μένοις’
2364 2257 2458 2309 καὶ
2489 2255 2571 2308 ὅτι
2604 2254 2692 2307 διὰ
2736 2253 2941 2315 λύσεως
2971 2254 2999 2306 6
3027 2251 3259 2315 παλαιὸς
3293 2250 3457 2320 νόμος
3488 2250 3589 2321 τὴν
3616 2250 3712 2318 γέ-

2112 2367 2260 2402 νεσιν
2285 2348 2442 2419 ἔσχεν
2478 2348 2577 2402 καὶ
2623 2346 2924 2417 σύνδρομον
2952 2346 3018 2414 τῇ
3071 2342 3222 2397 λύσει
3269 2343 3367 2413 τὴν
3397 2342 3711 2411 ἀσφάλειαν

2115 2442 2346 2513 ὑπέστη,
2376 2440 2438 2494 οὺ
2473 2439 2705 2510 θατέρου
2748 2438 2810 2491 τὸ
2847 2437 3035 2508 ἕτερον
3083 2433 3457 2507 ἀναιροῦντος,
3498 2435 3563 2487 δι’
3597 2435 3714 2503 ἀμ-

2116 2537 2237 2603 φοῖν
2263 2534 2320 2588 δὲ
2347 2532 2447 2604 τὴν
2482 2532 2742 2585 σύστασιν
2779 2530 2883 2599 τῆς
2917 2528 3241 2600 νομοθεσίας
3280 2525 3672 2597 λαμϐανούσης
3694 2536 3711 2553 ⁵

2116 2627 2211 2681 καὶ
2237 2627 2320 2679 ὅτι
2355 2626 2476 2694 οὑχὶ
2512 2625 2636 2687 τοὺς
2666 2622 2733 2676 δι’
2765 2622 2913 2692 ἁφῆς
2948 2623 2977 2675 6
3005 2620 3168 2691 νόμος
3214 2617 3575 2689 καθαίροντας
3604 2616 3714 2684 τῆς

2116 2716 2457 2787 ἀκαθαρσίας
2511 2715 2600 2769 τὸν
2648 2714 2936 2786 ἄνθρωπον
2975 2709 3242 2767 amcam
3298 2709 3532 2763 κωλύει’
3566 2708 3717 2761 ἀλλά

2117 2812 2245 2875 τοὺς
2278 2810 2445 2881 μηδὲν
2473 2809 2697 2878 ἄμεινον
2722 2804 2986 2860 διαθεῖναι
3012 2803 3345 2874 δυναμένους
3368 2802 3460 2855 τὸν
3489 2802 3717 2872 ἐξυϐρι-

2121 2903 2317 2974 σμένον
2348 2904 2412 2972 τῇ
2440 2899 2753 2971 ἀκαθαρσίᾳ
2773 2914 2786 2929 ·
2810 2898 2905 2952 καὶ
2929 2898 3011 2951 ὅτι
3037 2896 3105 2949 δι’
3134 2890 3255 2951 ὧνὸ
3279 2896 3470 2967 Σωτὴρ
3502 2895 3717 2964 ἕτερατ-

2118 3013 2233 3058 τεν,
2268 2997 2366 3066 τὴν
2400 2992 2725 3063 νομοθεσίαν
2765 2990 2965 3062 μᾶλλον
2987 2989 3153 3060 ὲτίμα
3174 2989 3277 3042 οὑκ
3297 2986 3715 3057 ἀνθισταμένην

426 3088 512 3134 ter
538 3080 655 3134 hac
689 3079 857 3150 igitur
917 3080 1126 3145 omnia,
1185 3090 1451 3152 quantum
1505 3081 1559 3137 in
1591 3096 1678 3136 me
1710 3082 1857 3137 scire
1910 3090 2010 3146 est,

2121 3088 2243 3149 ταῖς
2290 3083 2642 3154 θεοσημείαις
2686 3081 2999 3151 διελέγχων,
3044 3079 3347 3150 σύνδρομον
3392 3076 3451 3130 δὲ
3506 3074 3715 3146 μᾶλλον

430 3168 687 3225 Salvator
716 3180 903 3227 noster
941 3183 991 3228 et
1026 3168 1169 3228 Deus
1210 3173 1489 3243 leprosum
1524 3187 1727 3228 curans
1766 3181 1822 3228 et
1853 3172 2010 3228 verbo

2121 3177 2429 3239 ἐπιδεικνὺς
2483 3172 3079 3247 παραλαμϐανομένην.
3137 3172 3239 3225 Διά
3288 3169 3473 3225 τοίνυν
3530 3166 3715 3221 ταῦτα

434 3271 635 3316 tactum
661 3263 1002 3334 coniungens
1028 3278 1195 3336 supra
1227 3279 1538 3321 sermonem
1583 3264 1826 3320 ostendit
1856 3280 2010 3320 munu

2121 3270 2315 3332 πάντα,
2346 3268 2445 3321 ὅσα
2474 3284 2539 3336 γε
2591 3266 2691 3337 ἐμὲ
2721 3264 2941 3325 εἰδέναι,
2975 3263 3006 3314 6
3034 3263 3228 3333 Σωτὴρ
3256 3262 3418 3332 ἡμῶν
3452 3257 3549 3313 καὶ
3576 3258 3717 3321 Θεὸς

432 3358 644 3411 datum.

830 3561 1154 3630 omsrto
1202 3561 1317 3619 LXI
1354 3562 1449 3637 [aL
1506 3561 1644 3637 LX].

433 3652 575 3718 Quid
630 3655 904 3726 signiﬁcat
954 3655 1089 3709 illud
1125 3670 1145 3709 :
1195 3674 1215 3707 ι
1268 3655 1364 3708 Est
1385 3672 1501 3725 spes
1552 3673 1734 3711 canem
1770 3661 2019 3715 viventem

805 3726 1070 3780 meliorem
1108 3741 1220 3781 esse
1243 3726 1387 3780 leone
1416 3738 1624 3781 mortuo
1643 3728 1671 3781 ?

2114 3361 2207 3415 τὸν
2231 3361 2431 3432 λεπρὸν
2459 3358 2777 3430 θεραπεύων
2805 3358 2903 3410 καὶ
2934 3356 3079 3427 λόγῳ
3106 3354 3204 3425 τὴν
3237 3353 3382 3424 ἁφὴν
3414 3352 3713 3406 συνάπτων

2116 3454 2257 3527 ὑπὲρ
2283 3453 2443 3521 λόγον
2474 3451 2641 3515 ἔδειξε
2672 3447 3108 3520 κεκαθαρμένον.

2668 3560 3005 3613 ΕΡΩΤΗΣΙΣ
3041 3557 3163 3612 ΞΑ’.

2134 3658 2195 3713 Τί
2224 3656 2408 3724 δηλοῖ
2432 3657 2521 3717 τὸ,
2546 3673 2564 3705 ι
2599 3654 2816 3706 Ἔστιν
2841 3650 3021 3724 ἐτὶπίς
3047 3650 3133 3704 ὅτι
3214 3650 3426 3724 κύωΥρ
3455 3649 3715 3724 ζῶν.γαύ-

2198 3720 2300 3851 τιέῤ
2324 3728 2546 3797 ἀγαθός
2578 3725 2751 3777 ἐστιν
2783 3720 2935 3792 ὑπὲρ
2967 3720 3075 3773 τὸν
3102 3720 3321 3774 λέοντα
3360 3721 3470 3774 τὸν
3502 3723 3712 3787 τεθνη-

2197 3817 2233 3853 κ
2274 3813 2384 3861 τα;
2420 3816 2439 3848 ι

1460 3927 1603 3980 Edita
1629 3943 1653 3977 a
1681 3928 1823 3991 Maio,
1850 3932 1884 3981 l.
1908 3946 1974 3993 c.,
2000 3948 2047 3997 p.
2072 3934 2233 3986 ’ΖΞ-75.
2256 3935 2307 3983 in
2330 3932 2499 3983 Eccle.
2532 3945 2603 3991 tx,
2627 3931 2676 3980 4.

506 4012 817 4069 Secundum
854 4012 1092 4067 litteram
1127 4013 1370 4081 quidem,
1396 4014 1450 4068 in
1495 4018 1783 4086 propatulo
1815 4035 2013 4077 sensus

432 4115 545 4169 est;
583 4106 650 4157 ad
687 4104 822 4157 nihil
851 4112 1036 4158 autem
1060 4102 1279 4158 videtur
1311 4104 1527 4162 utilium
1555 4122 1738 4177 neque
1768 4122 2020 4165 necessa-

436 4197 643 4250 riorum
692 4196 966 4263 tendere;
1023 4198 1226 4253 etenim
1279 4200 1534 4257 omnibus
1608 4210 1663 4256 et
1712 4202 2017 4273 cognitum,

436 4302 546 4342 non
572 4286 751 4343 solum
786 4301 977 4343 canem
1027 4288 1212 4343 vivum
1259 4300 1476 4346 mortuo
1520 4292 1680 4347 leone
1716 4291 2015 4358 meliorem,

433 4378 531 4434 sed
560 4387 615 4433 et
642 4394 807 4433 omne
839 4380 927 4435 cui
956 4380 1111 4436 adest
1132 4381 1256 4436 vitae
1284 4382 1575 4454 vestigium
1608 4398 1674 4437 eo
1698 4383 1844 4453 quod
1876 4383 2019 4438 hanc

437 4470 660 4540 abiecit,
689 4479 743 4525 et
770 4472 817 4526 si
844 4471 931 4527 leo
964 4472 1055 4537 sit,
1085 4472 1193 4527 etsi
1230 4471 1447 4528 leonum
1476 4483 1688 4528 natura:
1726 4482 1781 4527 et
1804 4473 2021 4528 roboris
2052 4458 2097 4514 ο

436 4562 492 4616 in
534 4563 864 4619 immensum
919 4564 1176 4620 sortitum
1214 4565 1284 4620 sit
1335 4567 1800 4637 superioritatem,
1846 4566 2017 4622 multo

436 4654 682 4712 melioris
712 4656 921 4712 ordinis
949 4657 1126 4712 vivum
1170 4668 1387 4714 mortuo
1413 4658 1673 4729 iudicari.
1706 4659 1878 4729 Igitur
1910 4674 2021 4715 me-

436 4748 544 4803 lius
568 4759 653 4805 est
682 4764 717 4803 a
743 4750 921 4805 littera
954 4750 1020 4804 ad
1074 4750 1328 4821 spiritum
1362 4751 1618 4816 transire,
1659 4760 1714 4806 et
1752 4751 1819 4803 ad
1858 4748 2020 4804 intel-

434 4842 750 4898 lectualium
772 4859 990 4897 sursum
1008 4842 1139 4898 ferri
1159 4842 1696 4913 contemplationem.
1717 4841 2019 4895 Didicimus

436 4935 605 5006 igitur
636 4951 700 4990 ex
725 4936 900 4991 sacris
936 4934 1187 5005 Eloquiis
1221 4951 1392 4991 canes
1433 4934 1654 5005 quidem
1688 4947 1785 4989 eos
1812 4932 1906 5001 qui
1950 4947 2017 4985 ex

435 5027 692 5097 gentibus
736 5029 1057 5097 appellatos,
1114 5030 1327 5101 regium
1393 5044 1521 5083 vero
1569 5038 1625 5083 et
1662 5027 2016 5083 excellentem

433 5135 601 5191 quem
648 5130 1064 5187 repraesentaret
1101 5121 1204 5182 leo,
1243 5121 1519 5193 judaicum
1571 5120 2017 5190 cognominatum

436 5210 720 5281 populum.
773 5210 913 5265 Dicit
970 5213 1156 5283 itaque
1203 5213 1561 5269 Ecclesiastes
1608 5230 1678 5267 ιι
1715 5213 1931 5267 Etenim
1967 5212 2017 5265 id

438 5302 727 5380 sapientia:
757 5310 812 5357 et
842 5303 909 5357 ad
948 5305 1227 5372 prmterita
1249 5316 1303 5358 et
1333 5304 1400 5359 ad
1438 5303 1625 5359 futura
1672 5303 2018 5373 explananda

439 5404 496 5450 et
512 5396 843 5451 conferenda
860 5395 1123 5452 divinitus
1145 5399 1329 5451 datum
1352 5406 1458 5461 est;
1490 5416 1511 5450 ι
1534 5398 1667 5452 dicit
1705 5398 1891 5466 itaque
1923 5410 2017 5450 ea-

438 5504 589 5555 nem,
622 5490 675 5545 id
709 5500 795 5546 est
821 5505 889 5545 ex
924 5491 1177 5561 gentibus
1229 5491 1532 5555 hominem,
1571 5489 1650 5544 sic
1698 5490 1846 5544 eiiim
1893 5503 2020 5542 eum

437 5584 627 5639 vocari
644 5598 741 5655 per
760 5583 1128 5638 Chananteam
1154 5585 1437 5647 docemur,
1457 5583 1502 5638 si
1530 5582 1686 5637 illum
1718 5581 2020 5637 secundum

439 5679 672 5734 Virtutes
701 5678 813 5733 vita
845 5693 957 5733 non
988 5679 1217 5734 omnino
1245 5676 1618 5749 dereliquerit,
1651 5692 1802 5746 spem
1830 5674 2025 5746 prahi-

441 5779 627 5824 turum
652 5784 777 5827 esse
804 5770 980 5842 magis
1008 5784 1067 5827 se
1097 5785 1163 5827 ex
1196 5770 1441 5830 bonitate
1470 5786 1579 5829 non
1610 5783 1870 5826 casurum
1898 5780 2021 5824 esse

2199 4022 2352 4074 Κατὰ
2386 4020 2485 4091 μὲν
2510 4019 2572 4071 τδ
2596 4018 2852 4089 γράμμα,
2873 4016 2936 4069 τὸ
2957 4014 3246 4087 πρόχειρον
3272 4014 3306 4083 ἡ
3336 4012 3549 4067 διάνοια
3572 4013 3708 4083 ἔχει’

2123 4113 2260 4185 πρὸς
2312 4112 2465 4166 οὐδὲν
2521 4112 2577 4164 δὲ
2630 4109 2777 4163 δοκεῖ
2825 4107 2935 4161 τῶν
2990 4106 3412 4159 λυσιτελούντων
3444 4105 3565 4158 οὐδὲ
3599 4104 3712 4156 τῶν

2124 4202 2440 4272 ἀναγκαίων
2491 4200 2823 4254 συντείνειν·
2864 4198 2961 4251 καὶ
3004 4198 3115 4269 γὰρ
3146 4195 3317 4249 πᾶσίν
3344 4197 3493 4252 ἐστιν
3533 4196 3709 4257 ἔγνω·

2126 4298 2343 4370 σμένον,
2369 4296 2445 4360 ὡς
2481 4296 2542 4349 οὑ
2590 4294 2750 4364 μόνον
2792 4294 2821 4346 6
2856 4290 3002 4345 κύων
3031 4291 3059 4343 6
3092 4288 3201 4354 ζῶν
3248 4286 3339 4341 τοῦ
3384 4284 3708 4349 τεθνηκότος

2124 4391 2338 4452 λέοντος
2363 4388 2624 4459 ἀμείνων,
2660 4385 2795 4440 ἀλλά
2816 4384 2909 4438 καὶ
2937 4384 3045 4436 πᾶν
3072 4371 3118 4449 ᾧ
3142 4382 3361 4449 μέτεστι
3390 4377 3532 4446 ζωῆς
3563 4378 3709 4445 ῐχνος

2124 4482 2218 4537 τοῦ
2253 4481 2460 4552 ταύτην
2491 4477 2935 4548 ἀποϐεϐληκότος
2960 4472 3063 4527 κάν
3087 4471 3224 4525 λέων
3254 4465 3311 4542 ᾖ,
3344 4468 3446 4522 κάν
3467 4467 3571 4537 τῆς
3599 4467 3709 4519 τῶν

2125 4572 2353 4626 λεόντων
2402 4569 2618 4635 φύσεως
2661 4569 2758 4621 καὶ
2804 4565 2995 4635 ῥώμης
3028 4561 3152 4616 καθ’
3198 4558 3502 4629 ὑπερϐολὴν
3542 4557 3711 4626 ἐκληο

2127 4664 2342 4735 ρώσατο
2371 4662 2437 4716 τὸ
2479 4654 2765 4732 ὑπερέχον,
2812 4656 2994 4725 πολλῷ
3041 4653 3351 4724 κρείττονος
3396 4649 3606 4720 λήξεως
3648 4650 3713 4701 τὸ

2126 4754 2235 4819 ζῶν
2279 4754 2373 4806 τοῦ
2405 4752 2727 4822 τεθνηκότος
2758 4747 3035 4815 ἀξιοῦται·
3086 4743 3281 4799 οὐκοῦν
3325 4742 3551 4811 ἄμεινον
3602 4740 3713 4794 ἀπὸ

2124 4846 2220 4900 τοῦ
2245 4845 2574 4915 γράμματος
2610 4843 2704 4895 ἐπὶ
2732 4841 2791 4894 τὸ
2819 4838 3037 4909 πνεῦμα
3061 4839 3283 4909 χωρεῖν,
3318 4836 3415 4889 καὶ
3449 4834 3588 4905 πρὸς
3610 4835 3719 4903 τὴν

2124 4938 2232 4991 τῶν
2264 4936 2471 5006 νοητῶν
2522 4931 2891 5004 ἀναφέρεσθαι
2938 4929 3194 5001 θεωρίαν.
3244 4926 3556 4997 Ἐμάθομεν
3597 4924 3711 4977 τοί·

2128 5052 2221 5087 νυν
2252 5030 2359 5085 ἀπὸ
2384 5029 2492 5083 τῶν
2521 5027 2682 5099 ἱερῶν
2714 5024 2927 5093 Λογίων
2951 5021 3118 5083 κύνας
3156 5020 3259 5090 μὲν
3290 5020 3416 5081 τοὺς
3444 5018 3507 5081 ἐξ
3537 5014 3708 5068 ἐθνῶν

2128 5123 2515 5194 καλουμένους.
2552 5117 2827 5191 βασιλικὸν
2873 5116 2929 5169 δὲ
2965 5114 3059 5167 καὶ
3089 5110 3400 5181 περιούσιον
3424 5109 3483 5159 ὃν
3522 5107 3591 5161 ἀν
3630 5106 3709 5160 sl-

2128 5218 2394 5273 κονίσειεν
2416 5217 2445 5268 ὁ
2467 5196 2622 5273 λέων,
2640 5211 2732 5263 τὸν
2762 5206 3052 5261 Ἰουδαῖκὶν
3071 5200 3543 5270 ἐπονομαζόμενον
3557 5197 3707 5253 λαόν.

2128 5312 2290 5380 Λέγει
2319 5308 2450 5379 γοῦν
2474 5307 2502 5358 6
2531 5301 2967 5373 Ἐκκλησιαστής
2989 5315 3003 5328 ⁸
3028 5316 3047 5349 ι
3070 5296 3181 5349 Καὶ
3202 5294 3314 5363 γὰρ
3344 5292 3495 5363 αὑτῷ
3523 5291 3587 5344 τὸ
3613 5294 3709 5361 τῆς

2131 5396 2321 5470 σοφίας
2368 5400 2614 5469 χάρισμα
2655 5394 2790 5465 πρὸς
2845 5392 2915 5444 τὰ
2946 5389 3189 5461 παρόντα
3231 5388 3324 5440 καὶ
3367 5384 3532 5456 δὴτά
3573 5383 3712 5453 φθά-

2130 5508 2302 5545 σαντα
2346 5491 2441 5544 καὶ
2476 5489 2613 5562 πρός
2655 5504 2719 5557 γε
2771 5484 2841 5537 τὰ
2891 5482 3155 5554 μέλλοντα
3213 5477 3579 5533 πλατύνεσθαι
3615 5478 3708 5532 καὶ

2131 5582 2667 5654 συμπαρατείνεσθαι
2692 5578 2876 5633 θεόθεν
2904 5573 3174 5646 ἐδωρήθη.
3202 5592 3221 5624 ι
3246 5572 3411 5640 Λέγει
3436 5571 3616 5623 τοίνυν
3633 5570 3708 5631 ὡς

2129 5676 2157 5727 6
2184 5672 2350 5737 κύων,
2391 5670 2667 5724 τουτέστιν
2704 5670 2734 5722 6
2767 5669 2825 5734 ἐξ
2864 5666 3032 5720 ἐθνῶν
3063 5663 3348 5734 ἄνθρωπος
3392 5659 3574 5727 (τοῦτο
3600 5661 3709 5727 γὰρ

2132 5762 2296 5817 αὑτὸν
2323 5761 2602 5816 καλεῖσθαι
2625 5760 2711 5815 διὰ
2728 5761 2823 5831 τῆς
2849 5755 3161 5818 Χαναναίας
3184 5751 3596 5823 διδασκόμεθα),
3618 5753 3711 5804 ιάν
