3884 6202
268 236 371 301 417

1154 241 1253 301 AD
1283 240 1879 303 AMPHILOCHIUM
1916 243 2266 316 QU/ESTIO
2302 250 2459 326 LXI,
2499 254 2687 322 LXII.

3430 258 3536 323 413

266 352 425 408 αὐτὸν
453 353 488 425 ἡ
519 350 661 407 κατά
687 351 785 417 τὰς
832 352 1035 424 ἀρετὰς
1063 353 1177 427 ζωὴ
1208 357 1283 427 μὴ
1311 356 1593 420 παντελῶς
1618 357 1843 411 καταλί-

1946 376 2111 430 quam
2154 378 2282 418 eum
2314 366 2407 434 qui
2427 354 2505 422 ex
2532 371 2682 441 regio
2707 368 2921 441 quidem
2945 378 3000 425 et
3018 365 3184 426 nobili
3205 384 3405 442 genere
3436 371 3534 428 Ju-

267 465 377 509 ποι,
406 441 562 511 οὗτος
594 446 660 500 ἂν
707 446 926 510 ἐλπίδας
962 448 1049 519 εἴη
1099 450 1352 520 παρέχων
1401 449 1600 520 μᾶλλον
1627 451 1704 513 ὼς
1746 451 1847 521 τῆς

264 539 597 610 ἀγαθότητος
619 539 720 593 οὐκ
746 542 1084 605 ἐκπεσεῖται,
1118 541 1151 611 ἦ
1172 544 1200 595 6
1223 544 1287 595 ἐκ
1309 542 1405 597 τοῦ
1438 542 1721 612 βασιλικοῦ
1749 544 1847 615 μὲν

264 634 359 686 καὶ
390 632 599 700 γαύρου
644 631 839 700 γένους
891 633 999 686 τῶν
1044 634 1340 701 Ἰουδαίων,
1387 636 1582 706 νεκρὸς
1627 636 1684 689 δέ
1732 639 1848 700 τοῖς

262 723 648 794 κατορθώμασι
692 724 967 795 κείμενος.
1014 725 1073 778 Ὁ
1121 726 1220 796 μὲν
1264 726 1373 798 γάρ
1410 726 1512 797 τῆς
1544 727 1847 799 ’ἀμείνονος

265 815 503 887 μετέχων
539 816 686 887 ζωῆς
737 817 959 881 ἐλπίδας
991 818 1265 872 ὑποτείνει
1301 819 1396 873 καὶ
1437 819 1574 891 πρὸς
1622 818 1723 890 τὴν
1753 836 1845 873 τε·

260 908 509 980 λειότητα
533 911 641 964 τῶν
662 910 1107 983 κατορθωμάτων
1125 913 1460 985 ἀναδραμεῖν
1476 928 1490 943 '
1513 915 1543 967 6
1564 913 1620 966 δέ
1643 912 1847 985 νεκρὰν

261 997 443 1067 φέρων
471 999 530 1051 ἐν
562 998 739 1068 ἐαυτῷ
782 999 891 1052 τῶν
923 1000 1138 1071 ἀρετῶν
1161 1002 1260 1074 τὴν
1297 1003 1604 1075 ἐνέργειαν,
1636 1005 1733 1059 καὶ
1753 1005 1845 1061 διά

258 1089 417 1143 τοῦτο
444 1094 660 1162 νεκροῖς
694 1090 769 1144 ὢν
817 1093 1136 1165 ἐναρίθμιος
1167 1096 1342 1167 μάτην
1381 1098 1474 1150 τόν
1518 1097 1709 1151 λέοντα
1744 1114 1843 1168 με·

257 1180 539 1250 γαλαυχεῖ,
587 1181 685 1252 τῆς
718 1180 985 1251 ἀληθινῆς
1014 1184 1161 1254 ζωῆς
1208 1186 1353 1255 ίχνος
1392 1186 1545 1240 οὐδὲν
1582 1188 1844 1259 ἐπιφερό-

258 1291 438 1346 μενος.
473 1275 580 1328 Nai
608 1275 715 1346 μὴν
741 1277 834 1329 καὶ
854 1276 884 1328 6
915 1277 1271 1347 νομιζόμενος
1296 1277 1604 1349 ἀκάθαρτος
1634 1279 1843 1351 ἀνθρω-

256 1385 376 1431 πος,
404 1367 499 1422 an
526 1366 592 1439 δὴ
625 1370 744 1431 ταῖς
779 1368 1079 1440 ἁμαρτίαις
1124 1368 1332 1439 ρύπιῖιν,
1369 1370 1462 1424 καὶ
1489 1372 1587 1440 τῆς
1611 1372 1699 1425 διὰ
1732 1374 1841 1425 τῶν

254 1462 467 1533 ἀρετῶν
520 1463 968 1533 ἀπεστερημένος
1014 1462 1415 1535 καθαρότητος,
1469 1460 1624 1529 οὗτος
1649 1465 1713 1538 δὴ
1744 1465 1839 1520 δά-

253 1571 418 1627 κρυσι
448 1556 545 1611 καὶ
577 1557 915 1630 μεταμελείᾳ
944 1557 1052 1612 τῶν
1080 1558 1270 1611 παθῶν
1294 1559 1388 1612 τὸν
1418 1559 1681 1632 βόρϐορον
1705 1564 1840 1616 ἀπο-

256 1649 618 1718 πλυνάμενος,
648 1648 743 1702 τοῦ
778 1651 1101 1723 φαινομένου
1148 1654 1386 1724 μεγάλου
1417 1656 1513 1709 καὶ
1550 1658 1672 1719 ταῖς
1702 1658 1837 1729 ἀρε-

251 1741 368 1802 ταῖς
417 1740 730 1812 ἐπηρμένου
792 1746 1009 1813 φρονεῖν
1054 1745 1365 1816 ὑπέρογκον
1413 1748 1509 1802 καὶ
1559 1749 1839 1819 βασιλικὸν

252 1832 515 1897 πολλάκις
570 1834 769 1905 εὑρέθη
832 1836 1121 1907 κρείττων,
1157 1842 1253 1893 καὶ
1304 1840 1469 1904 αὐτὸς
1529 1841 1628 1906 τάς
1676 1832 1853 1906 οὐλὰς

251 1925 359 1978 τῶν
398 1926 814 1998 ἁμαρτημάτων
837 1930 902 2011 τῇ
941 1931 1197 2001 συνεχείᾳ
1225 1930 1327 2001 τῆς
1358 1931 1658 2004 θεραπείας
1692 1934 1840 1987 ἀπα-

250 2022 598 2094 λειψάμενος.
642 2022 700 2077 '0
731 2024 789 2078 δέ
832 2041 895 2094 γε
931 2025 1009 2097 τῷ
1060 2024 1314 2096 χρώματι
1359 2026 1469 2081 τῶν
1515 2028 1727 2099 ἀρετῶν
1758 2029 1840 2094 είς

246 2117 441 2170 λέοντα
474 2117 956 2191 ζωγραφούμενος,
1003 2118 1265 2183 πολλάκις
1300 2119 1603 2190 χαυνωθεὶς
1632 2120 1711 2191 τῷ
1739 2139 1840 2191 φυ-

252 2208 568 2280 σήματιτοῦ
596 2212 964 2281 φρονήματος,
991 2212 1310 2285 κατερράγη
1337 2229 1397 2265 τε
1420 2211 1515 2265 τοῦ
1538 2214 1833 2284 φρυάγμα-

248 2319 337 2367 τος
372 2301 473 2357 καὶ
497 2303 689 2377 νεκρὸς
725 2303 963 2372 ἐγένετο,
995 2306 1092 2375 τῆς
1123 2304 1403 2376 ἁμαρτίας
1433 2305 1598 2360 αὑτὸν
1638 2306 1832 2361 ὑποδε-

248 2395 494 2467 ξαμένης
540 2394 654 2461 τοῖς
702 2399 1044 2467 νεκροποιοῖς
1103 2397 1276 2468 αὐτῆς
1328 2398 1422 2452 καὶ
1481 2398 1835 2471 νεκροφόροις

250 2487 628 2559 σκηνῶμασιν.
660 2488 723 2541 Ei
751 2488 931 2558 βούλει
963 2486 1021 2542 δέ
1050 2492 1143 2543 καὶ
1168 2492 1196 2543 6
1222 2490 1309 2545 διὰ
1337 2490 1430 2545 τοῦ
1460 2492 1838 2563 βαπτίσματος

250 2582 329 2643 είς
356 2580 459 2652 τὴν
498 2580 642 2633 κατά
692 2582 928 2652 Χριστὸν
962 2580 1109 2653 ζωὴν
1157 2585 1685 2655 ἀναγεγεννημένος,
1730 2586 1833 2639 κᾶν

249 2673 408 2736 κυνὸς
442 2672 736 2744 διεμόρφου
768 2674 1034 2745 πρότερον
1067 2674 1228 2728 αὐτὸν
1262 2676 1526 2740 ἀναίδεια,
1558 2677 1664 2730 κᾶν
1697 2677 1835 2747 πρὸς

250 2767 373 2820 ἄλλο
400 2784 458 2819 τι
491 2767 602 2819 τῶν
635 2766 843 2836 ἀλόγων
874 2767 1191 2821 διετυποῦτο
1238 2767 1457 2839 ἰδίωμα,
1489 2769 1711 2833 ἐλπίδας
1741 2765 1834 2823 οὗ·

250 2876 337 2923 τος
367 2860 522 2931 ὅμως
553 2860 853 2931 παρέχεται
887 2859 1024 2931 πρὸς
1052 2861 1364 2930 ἁγαθότητα
1394 2862 1835 2934 μεταμορφωθῆα

249 2968 356 3011 ναι,
392 2954 489 3005 καὶ
518 2951 720 3021 ἀγαθὸς
759 2951 1126 3022 χρηματίσαι·
1168 2952 1195 3004 6
1219 2953 1275 3005 δὲ
1315 2952 1520 3023 ταύτης
1553 2954 1653 3023 τῆς
1698 2957 1827 3008 ἀνα-

1947 453 2214 519 da20rnm,
2268 469 2524 516 mortuus
2584 473 2770 518 autem
2823 463 3124 519 virtutibus
3159 465 3375 534 jacens.
3438 467 3535 522 Ille

1944 550 2089 605 enim
2124 553 2367 607 melioris
2401 556 2676 627 particeps
2708 559 2832 612 vitae
2868 573 3023 626 spera
3056 559 3336 627 protendit
3378 574 3442 615 se
3482 571 3537 615 et

1946 644 2012 698 ad
2048 646 2440 715 perfectionem
2470 650 2732 705 virtutum
2762 666 3092 717 cursurum;
3122 652 3212 707 hic
3228 667 3359 708 vero
3384 668 3537 708 mor-

1946 745 2095 794 tuam
2131 740 2316 796 ferens
2346 741 2400 796 in
2442 742 2746 813 semetipoo
2804 746 3070 798 virtutum
3112 743 3247 809 vim,
3288 728 3344 799 ei
3406 760 3538 815 pro-

1945 836 2069 898 pter
2112 829 2217 884 hoc
2249 840 2497 887 mortuos
2524 832 2668 887 inter
2705 842 3061 904 computatus
3088 831 3293 890 frustra
3321 836 3536 891 leonem

1945 922 2181 991 superbe
2218 924 2352 990 agit,
2387 939 2531 979 vera!
2556 924 2679 980 vita:
2699 925 2993 997 vestigium
3030 926 3242 981 nullum
3274 926 3534 985 aﬂ'erens.

1945 1013 2091 1068 Sane
2141 1016 2397 1085 equidem
2438 1027 2493 1071 et
2534 1028 2883 1089 respectatus
2931 1019 3181 1090 impurus
3209 1020 3397 1087 homo,
3446 1032 3537 1077 ut-

1942 1115 2068 1176 pote
2098 1107 2338 1175 peccatis
2374 1098 2720 1177 inquinatus,
2750 1121 2805 1163 et
2835 1126 2897 1166 ea
2927 1128 3049 1183 quae
3072 1127 3170 1182 per
3195 1113 3429 1169 virtutes
3451 1123 3535 1171 est

1941 1200 2241 1257 destitutus
2297 1203 2591 1267 munditie,
2650 1204 2740 1259 hic
2795 1204 3057 1277 lacrymis
3113 1213 3170 1260 et
3214 1207 3533 1276 paenitentia

1941 1294 2264 1364 passionum
2312 1295 2488 1351 lutum
2543 1312 2674 1353 cum
2729 1298 2987 1362 abluerit,
3032 1314 3099 1355 eo
3166 1300 3259 1369 qui
3308 1300 3526 1355 videtur

1942 1402 2176 1456 magnus
2206 1396 2260 1441 et
2289 1398 2509 1458 propter
2537 1391 2767 1446 virtutes
2790 1391 3064 1461 gloriosus
3100 1394 3306 1449 sentire
3336 1393 3522 1465 gravia

1942 1484 1997 1528 rt
2050 1476 2196 1545 regia
2228 1491 2371 1545 saepe
2422 1478 2678 1534 inventus
2713 1487 2797 1534 est
2839 1478 3053 1547 melior,
3096 1488 3151 1534 et
3182 1479 3299 1551 ipse
3332 1481 3525 1537 sordes

1941 1578 2290 1638 peccatorum
2330 1571 2697 1626 eontinuitate
2726 1573 3035 1628 curationis
3070 1573 3374 1630 abstersus.
3427 1573 3531 1642 Qui

1942 1670 2125 1714 autem
2165 1660 2291 1715 fuco
2339 1662 2603 1717 virtutum
2664 1663 2716 1718 in
2750 1664 2963 1719 leonem
3014 1664 3194 1736 pictus
3235 1674 3340 1732 est,
3388 1680 3532 1737 saepe

1944 1752 2175 1807 insanus
2209 1752 2388 1809 factus
2419 1754 2698 1810 inﬂatione
2753 1756 3003 1825 spiritus,
3054 1757 3296 1826 deiectus
3329 1766 3415 1814 est
3459 1759 3529 1813 ab

1939 1845 2050 1899 alto
2072 1853 2126 1900 et
2153 1854 2405 1900 mortuus
2430 1846 2607 1902 factus
2623 1854 2727 1908 est.
2751 1858 2977 1918 peccato
3004 1848 3184 1919 ipsum
3218 1850 3530 1918 excipiente

1939 1938 1995 1992 in
2037 1939 2309 1993 mortitira
2340 1956 2439 1994 sua
2472 1947 2527 1994 et
2565 1938 2849 1995 mortifera
2880 1941 3218 1998 habitacula.
3249 1941 3307 1997 Si
3342 1953 3526 1998 autem

1938 2033 2043 2095 vis,
2075 2042 2130 2086 et
2159 2032 2251 2102 qui
2280 2048 2374 2101 per
2396 2032 2728 2103 baptismum
2763 2035 2816 2087 in
2844 2035 3007 2088 vitam
3034 2034 3338 2090 secundum
3364 2034 3526 2090 Chri-

1938 2132 2083 2178 stum
2111 2134 2197 2178 est
2223 2135 2610 2195 regeneratus;
2635 2124 2737 2180 etsi
2763 2126 2919 2181 canis
2950 2126 3347 2182 deformaverit
3374 2127 3525 2198 prius

1934 2216 2112 2286 ipsum
2148 2217 2510 2286 impudentia,
2554 2218 2657 2273 etsi
2690 2216 2756 2271 ad
2805 2220 2952 2273 aliud
2983 2220 3260 2289 quoddam
3310 2221 3528 2276 irratio-

1934 2309 2202 2364 nabilium
2240 2309 2538 2380 ﬁngeretur
2582 2313 2865 2382 proprium
2898 2314 3202 2384 exemplar,
3240 2330 3390 2384 spem
3424 2315 3528 2371 isto

1935 2412 2119 2456 tamen
2160 2404 2364 2471 prabet
2399 2403 2463 2458 ad
2498 2403 2802 2461 bonitatem
2857 2408 3310 2462 transformatum
3356 2424 3415 2464 se
3457 2408 3522 2462 iri

1936 2504 1990 2550 et
2020 2494 2223 2549 bonum
2270 2499 2556 2563 futurum;
2590 2496 2686 2567 qui
2727 2509 2911 2552 autem
2961 2498 3064 2554 hac
3108 2500 3524 2571 regeneratione

1940 2586 2146 2640 excidit
2177 2594 2232 2641 et
2262 2587 2388 2642 inde
2419 2590 2775 2658 proveniente
2805 2590 3105 2647 destitutus
3147 2601 3231 2647 est
3255 2593 3386 2656 vita,
3419 2593 3521 2647 etsi

1941 2676 2274 2747 quibusdam
2302 2680 2603 2736 virtutibus
2628 2681 2885 2738 decorari
2930 2683 3183 2738 videatur
3212 2692 3269 2739 et
3299 2685 3523 2756 gloriari

1942 2770 2282 2826 sublimitate
2360 2776 2835 2841 conversationis,
2894 2776 3254 2832 nihilominus
3342 2789 3526 2833 manet

1944 2874 2217 2931 mortuus,
2247 2876 2300 2919 et
2339 2868 2512 2921 multo
2554 2870 2711 2938 pejus
2756 2887 2892 2925 cane
2922 2870 3148 2941 quidem
3171 2872 3305 2926 olim
3354 2871 3522 2936 facto,

1935 2958 2027 3027 qui
2056 2969 2238 3013 autem
2262 2960 2427 3014 vitam
2472 2960 2734 3016 furentem
2767 2979 2872 3016 non
2904 2963 3088 3018 amisit
3116 2962 3370 3034 gratiam.

249 3045 561 3114 γεννήσεως
602 3044 854 3097 ἐκπεσὼν
892 3046 984 3098 καὶ
1012 3045 1111 3116 τῆς
1148 3045 1358 3098 ἐκεῖθεν
1389 3046 1839 3118 ἀπεστερημένος
1874 3048 2041 3121 ζωῆς,
2071 3054 2119 3104 εἰ
2151 3052 2245 3105 καί
2312 3070 2425 3106 τισι
2488 3054 2595 3107 τῶν
2637 3054 2849 3125 ἀρετῶν
2893 3056 3353 3127 ἐπισεμνύνεσθαι
3379 3054 3521 3121 δόξει

249 3139 344 3190 καὶ
372 3139 705 3208 ἐπιγαυριᾷν
749 3139 1046 3209 ἐπηρμένῳ
1087 3137 1181 3192 τοῦ
1226 3138 1643 3210 πολιτεύματος,
1686 3141 1841 3195 οὐδὲν
1877 3139 2040 3215 ἦττον
2091 3144 2335 3214 διαμένει
2405 3146 2618 3218 νεκρὸς,
2658 3149 2752 3200 καὶ
2785 3147 2965 3220 πολλῷ
2994 3151 3176 3222 χεῖρον
3206 3146 3300 3202 τοῦ
3362 3147 3524 3213 κυνὸς

259 3232 356 3303 μέν
383 3233 556 3286 πάλαι
587 3232 890 3302 γεγονότος,
934 3233 1032 3303 τῆς
1066 3233 1355 3304 ςωηφόρου
1385 3234 1443 3287 δέ
1494 3233 1571 3305 μὴ
1610 3235 2016 3308 ἀμοιρήσαντος
2047 3239 2291 3310 χάριτος.

814 3348 1147 3400 ΕΡΩΤΗΣΙΣ
1172 3347 1291 3401 ΞΒἍ

250 3462 313 3517 Τί
362 3462 658 3528 βούλεται
715 3459 947 3528 δηλοῦν
1003 3461 1069 3514 τὸ
1125 3462 1287 3527 παρὰ
1342 3460 1423 3526 τῷ
1481 3462 1833 3530 Ἐκκλησια-

314 3533 438 3601 στῇ
485 3532 675 3600 ῥηθέν
720 3548 732 3560 ·
788 3550 807 3583 ι
854 3533 1249 3585 Ἀπόστειλον
1314 3532 1425 3584 τὸν
1472 3532 1658 3598 ἄρτον
1711 3551 1830 3588 σου

314 3604 410 3657 ἐπί
435 3605 764 3671 πρόσωπον
798 3602 901 3655 τοῦ
936 3602 1175 3667 ὕδατος,
1207 3601 1298 3654 ὅτι
1334 3602 1404 3655 ἐν
1442 3603 1659 3670 πλήθει
1712 3602 1833 3657 τῶν

314 3672 555 3744 ἡμερῶν
575 3673 859 3739 εὑρήσεις
893 3674 1103 3728 αὐτόν.
1130 3691 1147 3723 ι

1858 3335 1906 3396 C

2312 3352 2644 3421 ρυΑῖετιο
2683 3354 2817 3409 an
2847 3354 2946 3428 [αι.
2985 3354 3146 3429 LXI].

1939 3466 2079 3532 Quid
2106 3472 2213 3521 uult
2246 3470 2546 3540 signiﬁcare
2567 3469 2708 3539 quod
2738 3470 2879 3537 apud
2914 3468 3270 3524 Ecclesiasten
3313 3470 3514 3523 dictum

2006 3548 2083 3611 est
2109 3555 2128 3593 :
2164 3540 2371 3611 rMitle
2397 3557 2584 3611 panem
2618 3552 2763 3593 tuum
2788 3557 2943 3605 super
2971 3541 3162 3611 facient
3191 3556 3364 3611 aquw,
3385 3542 3516 3611 quia

2008 3610 2062 3662 in
2098 3609 2434 3663 multitudine
2464 3610 2666 3662 dierum
2694 3612 2919 3664 invenies
2956 3609 3132 3663 illum.
3170 3628 3189 3661 ι

1267 3788 1405 3838 Edita
1439 3803 1467 3838 a
1498 3786 1639 3846 Maio,
1662 3788 1697 3837 1.
1726 3801 1769 3837 c.
1796 3801 1845 3851 p.
1871 3789 2036 3838 75-73.
2076 3789 2126 3838 In
2151 3789 2295 3839 iiccle
2341 3804 2409 3850 χι,
2436 3788 2477 3837 ι.

311 3897 386 3948 Τὸ
428 3895 533 3965 τῆς
597 3894 968 3966 ἐλεημοσύνης
1018 3894 1211 3966 χρῆμα
1251 3895 1341 3949 διὰ
1398 3894 1609 3949 πολλῶν
1668 3894 1827 3949 εἴωθε

245 3987 646 4061 παραδηλοῦνη
674 3988 888 4059 Γραφὴ,
936 3987 1286 4057 μάλιστα,δέ
1323 3990 1389 4059 τῇ
1441 3987 1677 4059 χορηγίᾳ
1735 3988 1830 4042 καὶ

244 4082 538 4153 μεταδόσει
566 4082 659 4137 τοῦ
691 4081 857 4152 ἄρτου
877 4102 889 4112 ο
922 4081 1019 4134 καλ⁸
1067 4080 1176 4151 γὰρ
1236 4082 1332 4135 καὶ
1363 4082 1394 4150 ἡ
1421 4080 1613 4133 τούτου
1658 4080 1823 4151 χρεία

240 4175 337 4246 τὴν
398 4175 753 4247 ἀνθρωπίνην
794 4175 938 4246 ζωὴν
974 4175 1175 4244 μᾶλλον
1214 4175 1450 4244 συνέχει.
1485 4176 1689 4242 Διόπερ
1720 4173 1829 4226 ἀπὸ

238 4266 332 4321 τοῦ
371 4268 848 4338 συνεκτικωτέρου
913 4266 1117 4339 μέρους
1145 4266 1238 4319 τοῦ
1259 4266 1452 4337 ἄρτου,
1480 4265 1600 4320 ὅλον
1637 4267 1699 4319 τὸ
1724 4264 1826 4336 τῆς

240 4356 619 4428 ἐλεημοσύνης
668 4356 1003 4429 κατόρθωμα
1069 4357 1451 4426 διαλαμὸἀνει.

317 4450 639 4520 Γέγραπται
666 4447 760 4504 οὖν
793 4466 807 4479 ·
844 4468 863 4502 ι
911 4448 1224 4522 Διάθρυπτε
1274 4449 1503 4503 πεινῶσι
1543 4449 1636 4503 τὸν
1660 4449 1826 4520 ἄρτον

240 4557 333 4593 σου
348 4557 395 4593 ἰ
416 4543 516 4595 καὶ
545 4540 639 4593 νῦν
653 4539 710 4592 δέ
739 4541 767 4592 6
786 4538 1060 4611 Σολομὼν,
1087 4560 1107 4593 ι
1130 4539 1497 4605 Ἀπόστειλον,
1519 4539 1716 4609 λέγων,
1734 4539 1826 4593 τὸν

239 4632 402 4700 ἄρτον
433 4650 529 4687 σου
549 4633 643 4685 ἐπὶ
683 4632 976 4703 πρόσωπον
1003 4632 1097 4686 τοῦ
1124 4632 1369 4697 ὖδατος,»
1395 4632 1494 4703 τὴν
1525 4632 1827 4703 ἐλεημοσύ-

1999 3896 2367 3969 Eleemosynae
2396 3897 2597 3952 bonum
2639 3894 2825 3949 multis
2859 3894 2998 3947 solet
3032 3892 3322 3949 ostendere
3364 3891 3519 3948 Scri-

1928 3998 2110 4059 ptura,
2134 3988 2437 4059 przesertim
2469 4003 2596 4042 vero
2623 3987 2910 4056 largitione
2936 3998 2988 4041 et
3014 3986 3510 4041 communicatione

1928 4078 2120 4149 panis;
2148 4077 2347 4132 etenim
2376 4088 2428 4132 et
2452 4078 2615 4146 hujus
2647 4093 2779 4132 usus
2818 4077 3113 4130 humanam
3144 4077 3308 4130 vitam
3342 4074 3516 4146 magis

1927 4172 2190 4225 continet.
2221 4167 2348 4224 Ideo
2381 4186 2411 4224 a
2448 4170 2621 4240 Inagis
2646 4156 2909 4224 consueta
2955 4177 3110 4241 parte
3149 4170 3305 4240 panis
3336 4178 3513 4248 totum

1927 4264 2288 4334 eleemosynaa
2329 4263 2531 4317 bonum
2569 4262 2835 4317 desumit.

1948 4499 1951 4502 ,
2001 4442 2282 4513 Scriptum
2313 4450 2400 4496 est
2432 4440 2600 4512 igitur
2630 4458 2644 4493 :
2686 4460 2705 4493 ι
2756 4440 2973 4513 Frange
3011 4440 3387 4498 esurientibus
3415 4455 3513 4511 pa-

1928 4552 2053 4592 nem
2093 4548 2247 4591 tuum
2283 4538 2337 4603 ';
2387 4556 2405 4589 ι
2449 4545 2505 4590 et
2540 4551 2687 4592 nunc
2724 4535 2947 4593 Salomo
2978 4554 2993 4592 :
3033 4555 3051 4588 ι
3087 4535 3263 4600 Mitte,
3299 4536 3511 4601 dicens,

1928 4647 2125 4703 panem
2153 4640 2306 4687 tuum
2338 4647 2503 4701 super
2529 4630 2722 4686 faciem
2753 4646 2964 4701 aquae,»
2998 4632 3398 4702 eleemosynam
3432 4630 3513 4684 si-

237 4741 333 4795 νην
348 4725 642 4796 ἐδήλωσεν,
658 4721 722 4798 ἦς
749 4727 831 4779 δεῖ
844 4725 1078 4796 χορηγὸν
1096 4720 1237 4779 εἶναι
1267 4727 1380 4787 τοῖς
1398 4728 1455 4779 ἐν
1477 4726 1655 4797 ἐνδείᾳ
1687 4725 1821 4779 καθ-

1939 4724 2225 4796 gnificavit,
2256 4725 2416 4795 cujus
2471 4733 2689 4794 oportet
2737 4725 3123 4780 administrum
3157 4739 3279 4779 esse
3320 4722 3387 4776 iis
3417 4724 3510 4793 qui

237 4816 458 4879 ιστῶσι,
489 4821 587 4870 καὶ
613 4818 751 4887 πρὸς
807 4820 969 4887 χεῖρα
1002 4816 1164 4886 μόνον
1194 4816 1579 4886 φιλάνθρωπον
1608 4818 1821 4886 ἀφορᾷν

237 4909 335 4978 τὴν
356 4910 553 4963 ἐλπίδα
578 4909 671 4963 τοῦ
693 4909 809 4977 βίου
839 4927 1010 4981 κεκτη
1021 4910 1213 4979 μένην.
1240 4910 1460 4978 Ταύτην
1476 4910 1534 4963 δέ
1567 4927 1701 4980 φησι
1724 4909 1823 4981 τὴν

236 4999 615 5072 ἐλεημοσύνην
642 5004 707 5054 ἐκ
732 5001 1027 5064 διαθέσεως
1076 5004 1322 5072 προσῆκε
1377 5002 1564 5073 φέρειν
1598 5020 1820 5072 συμπα-

238 5089 360 5153 θοῦς
391 5092 489 5143 καὶ
524 5091 611 5144 διὰ
645 5091 895 5162 δακρύων
922 5090 1239 5161 προϊούσης⁸
1278 5092 1353 5161 μή
1396 5092 1580 5162 μέντοι
1633 5107 1694 5159 γε
1724 5092 1823 5162 τὴν

237 5183 330 5236 τοῦ
356 5184 588 5255 πλησίον
619 5184 908 5255 συμφορὰν
927 5224 940 5247 ,
975 5182 1289 5247 ἐπιδείξεως
1323 5183 1418 5236 καὶ
1447 5182 1823 5252 μεγαλαυχίας

237 5276 506 5347 ἀρπάζειν
535 5277 813 5331 ὑπόθεσιν.
851 5277 912 5329 '0
939 5276 1048 5347 γὰρ
1076 5276 1316 5339 τοιοῦτος
1341 5275 1441 5328 οὐκ
1502 5276 1595 5328 ἐπὶ
1651 5275 1823 5346 πρόσι-

235 5383 384 5420 ωπον
404 5367 502 5420 τοῦ
538 5366 731 5431 ὓδατος
758 5369 850 5421 τὸν
881 5368 1047 5439 ἄρτον
1075 5368 1309 5439 ἀφῆκεν,
1342 5367 1457 5420 ἀλλ’
1489 5367 1820 5439 ἐξυϐρισμέ-

244 5476 325 5512 θον
352 5464 420 5532 τῇ
454 5462 798 5531 μεγαλαυχίᾳ
853 5463 948 5514 καὶ
1006 5461 1413 5531 λελυμασμένον
1436 5464 1502 5531 τῇ
1530 5459 1821 5532 δοξοκοπίᾳ

243 5554 624 5623 προσέρριψεν.
691 5557 881 5617 Ἔλεος
930 5556 1038 5625 γὰρ
1069 5555 1136 5607 δι’
1162 5555 1332 5624 ὄγκου
1383 5554 1480 5609 καὶ
1528 5554 1820 5625 φιλαυτίας

307 5689 328 5720 ⁷
362 5688 472 5743 Isa.
504 5704 657 5755 Lvtu,
692 5690 758 5756 7;
798 5691 989 5746 Matth.
1024 5709 1154 5756 xxv,
1182 5693 1235 5747 5.

520 5782 789 5843 Parnon.
828 5786 942 5845 Gn.
979 5785 1047 5845 CI
1061 5833 1075 5846 .

1932 4817 1985 4870 in
2018 4824 2257 4887 egestate
2286 4816 2575 4870 constituti
2610 4825 2762 4880 sunt,
2794 4823 2850 4871 et
2882 4815 2937 4869 in
2976 4830 3140 4869 manu
3175 4823 3386 4868 tantum
3417 4813 3516 4867 be-

1928 4911 2091 4981 nigna
2119 4909 2367 4979 aspicere
2391 4925 2541 4979 spem
2573 4909 2698 4963 vita:
2728 4908 2889 4964 sitam
2914 4926 2928 4974 ;
2958 4909 3101 4964 hanc
3120 4917 3327 4973 autem,
3350 4906 3506 4973 dicit,

1926 5003 2328 5074 eleemosynam
2366 5019 2431 5056 ex
2473 5001 2839 5072 dispositione
2883 5001 3138 5057 convenit
3178 5000 3320 5055 ferre
3351 5015 3510 5055 com-

1927 5094 2170 5165 patiente
2219 5102 2272 5147 et
2325 5108 2421 5161 per
2472 5093 2746 5164 lacrymas
2797 5093 3100 5163 prodiente,
3158 5106 3266 5145 non
3325 5099 3507 5144 tamen

1928 5182 2161 5253 proximi
2213 5180 2580 5258 calamitatem
2647 5182 3035 5238 ostentationis
3065 5188 3119 5235 et
3164 5178 3510 5252 gloriationis

1924 5275 2169 5343 arripere
2200 5281 2542 5343 praetextum.
2572 5271 2721 5328 Talis
2763 5274 2909 5328 enim
2958 5289 3066 5330 non
3101 5287 3288 5342 super.
3310 5270 3508 5328 faciem

1925 5384 2080 5436 aqua:
2116 5383 2310 5438 panem
2349 5369 2518 5432 misit,
2550 5368 2645 5422 sed
2680 5367 2883 5437 injuria
2917 5366 3169 5422 affectum
3194 5367 3267 5422 ob
3290 5365 3507 5436 jactan-

1925 5462 2053 5514 tiam
2094 5470 2148 5515 et
2176 5460 2592 5530 pessumdatum
2637 5461 2826 5530 gloria:
2876 5462 3207 5532 appetitione
3254 5459 3503 5530 projecit.

1925 5551 2303 5607 Misericordia
2330 5553 2477 5609 enim
2514 5568 2611 5623 per
2637 5553 2842 5609 fastum
2872 5563 2927 5609 et
2951 5568 3197 5609 amorem
3222 5550 3504 5622 proprium

3073 5779 3147 5839 L’r
