3884 6202
373 256 476 322 419

1542 249 1801 312 ΡΗΟΤΠ
1843 243 2347 308 ΡΑΤΒΙΑΠΟΗᾹΞ
2370 242 2479 303 CP.

3535 233 3641 295 420

375 382 428 426 et
451 369 868 428 ostentationem
910 367 1079 424 elfusa
1106 409 1121 434 ,
1171 367 1224 421 in
1269 365 1524 436 injuriam
1574 355 1747 435 magis
1793 375 1957 432 quam

2072 355 2157 410 καὶ
2214 354 2529 420 ἐπιδείξεως
2579 351 2969 422 προχεόμενον,
3028 350 3108 413 είς
3164 348 3323 419 ὑδριν
3381 347 3641 419 μᾶλλονῆ

375 465 430 518 in
461 461 800 533 refrigerium
825 459 1088 530 indigenti
1119 459 1564 515 circumsistitur.
1596 456 1808 512 Etenim
1839 471 1945 510 non

375 557 654 625 deSpicere
682 555 908 609 fratrem
949 561 1189 626 egestate
1216 561 1629 620 consumptum,
1673 562 1726 606 et
1768 547 1948 618 inopia

378 629 714 717 pereuntem,
745 645 991 700 debitum
1017 645 1237 715 quidem
1262 655 1316 700 et
1349 645 1588 697 debitum
1628 643 1949 711 indepreca-

379 737 484 793 bile
517 749 768 793 sensatus
794 737 1087 807 judicabit,
1139 747 1194 792 et
1224 737 1500 791 festinabit
1523 736 1803 791 exsolvere
1851 749 1948 789 nec

380 830 492 884 fieri
521 830 630 884 ullo
658 831 820 886 modo
869 832 1316 901 procrastinator,
1365 828 1594 900 gloriam
1641 836 1821 882 autem
1854 843 1948 881 ve-

381 921 496 976 nari
530 932 581 976 et
615 922 838 977 beneﬁci
869 937 965 993 per
1002 922 1164 976 talem
1202 925 1471 977 actionem
1522 919 1623 976 sibi
1667 932 1948 974 assumere

379 1013 618 1074 titulum.
658 1014 1064 1068 insensatorum
1095 1026 1262 1079 esset,
1289 1025 1340 1068 et
1373 1017 1576 1068 bonum
1611 1013 1753 1066 male
1781 1011 1953 1065 scien-

380 1105 514 1158 tittm
563 1107 842 1176 prosequi.
893 1105 1018 1162 Ideo
1070 1108 1158 1161 ille
1213 1106 1433 1176 quidem
1487 1106 1542 1159 in
1602 1105 1952 1158 multitudine

376 1196 610 1258 dierum,
660 1197 712 1250 itl
755 1199 916 1252 estin
971 1199 1157 1252 futuro
1197 1198 1396 1251 saeculo
1421 1237 1436 1261 ,
1465 1213 1658 1266 panetn
1713 1195 1952 1249 inveniet

377 1287 756 1356 eleemosynaa,
789 1287 906 1340 vice
932 1287 1198 1354 recipiens
1227 1285 1678 1347 misericordiam,
1714 1285 1800 1340 hic
1825 1299 1952 1339 vero

380 1395 485 1432 non
517 1378 775 1444 inveniet,
807 1379 989 1449 gloriae
1019 1380 1162 1433 enim
1189 1379 1473 1432 venatione
1492 1392 1544 1432 et
1564 1378 1952 1432 ostentationis

381 1479 685 1523 mercatura
717 1469 769 1522 in
805 1478 1151 1524 anteCessum
1185 1469 1502 1523 destructus
1536 1478 1643 1522 est.

450 1560 644 1616 Posses
697 1570 876 1615 autem
929 1577 1023 1631 per
1076 1561 1331 1630 praedicta
1393 1561 1554 1614 verba
1608 1568 1664 1614 et
1693 1559 1759 1614 ad
1785 1559 1952 1614 alium

379 1653 613 1707 transire
642 1669 860 1707 sensum
897 1671 910 1707 :
949 1653 1164 1722 qualem
1209 1654 1394 1709 hunc?
1423 1651 1718 1708 Hominum
1765 1653 1949 1708 multi-

380 1745 646 1808 tudinem,
672 1760 834 1813 quam
871 1753 1019 1798 amat
1053 1744 1333 1813 Scriptura
1366 1745 1725 1800 denominare
1751 1759 1944 1815 aquas.

385 1855 402 1888 ι
447 1837 605 1905 Eripe
651 1838 796 1888 enim
832 1850 934 1896 me,
975 1853 994 1886 ι
1045 1835 1122 1887 ait
1163 1835 1214 1887 in
1262 1834 1471 1904 Spiritu
1524 1834 1786 1904 psallens,
1834 1853 1852 1886 ι
1892 1835 1958 1890 de

380 1929 538 1998 aquis
592 1927 817 1989 multis,
872 1927 938 1980 de
990 1942 1152 1980 manu
1205 1927 1440 1980 filiorum
1490 1927 1796 1982 alienorum
1836 1927 1880 1982 ⁸.
1932 1947 1950 1980 ι

381 2021 547 2089 Igitur
578 2033 856 2073 sacrarum
889 2019 1243 2074 scientiarum
1274 2019 1529 2090 magister
1567 2034 1692 2074 eum
1733 2020 1828 2090 qui
1857 2036 1960 2075 nu-

382 2108 474 2162 trit
498 2107 736 2162 animam
770 2123 964 2177 panem
994 2124 1206 2179 querna
1241 2108 1349 2164 Deo
1378 2109 1737 2164 commissum
1773 2110 1956 2171 habet,

380 2201 540 2255 debet
569 2200 878 2255 auditorum
918 2201 1251 2256 multitudini
1287 2202 1492 2272 absque
1543 2216 1692 2255 mora
1729 2201 1878 2256 omni
1907 2211 1960 2256 et

381 2295 733 2348 cunctatione
765 2293 1063 2362 diSpertiri,
1086 2305 1139 2349 et
1163 2310 1439 2364 nunquam
1474 2294 1762 2364 largitione
1796 2298 1962 2350 desti-

384 2393 534 2438 tuere
583 2385 634 2438 in
684 2384 978 2454 indigentia
1031 2385 1149 2455 ejus
1193 2386 1542 2441 constitutos.
1595 2384 1663 2441 Et
1710 2402 1957 2456 (patrnam

384 2491 593 2529 merces
642 2476 856 2543 benigni
913 2476 1079 2546 hujus
1138 2476 1365 2546 operis?
1419 2476 1706 2532 Mauifeste
1756 2478 1850 2549 qui
1905 2479 1959 2532 in

385 2567 734 2622 multitudine
770 2569 987 2623 dierum
1020 2570 1292 2627 retribuit.
1331 2569 1600 2636 Quoniam
1651 2587 1781 2625 vero
1818 2586 1959 2640 aqua

384 2661 632 2716 diversas
680 2677 858 2715 rerum
909 2663 1166 2718 materias
1224 2664 1536 2734 siguilieare
1588 2672 1786 2733 potest,
1851 2678 1956 2716 non

382 2764 527 2808 esset
571 2750 713 2808 forte
757 2753 1199 2810 irrationabiliter
1265 2757 1605 2826 prepositum
1650 2770 1958 2811 sermonem

384 2845 672 2915 speculans
735 2845 828 2914 qui
891 2847 1290 2918 eleemosynam
1353 2849 1484 2902 dicit
1533 2849 1725 2904 decere
1782 2847 1962 2904 facere

385 2953 621 3006 semper,
647 2938 711 2991 ad
739 2953 1003 3007 perennes
1027 2954 1291 3009 aquarum
1321 2940 1652 2996 attendendo
1701 2941 1881 2996 fontes
1909 2949 1960 2996 et

389 3031 582 3084 horum
625 3030 857 3085 activam
904 3033 1012 3085 vim
1060 3033 1128 3086 ad
1175 3032 1609 3087 misericordiam
1657 3035 2033 3126 imitationec

388 3119 705 3187 transferre,
731 3132 784 3174 et
803 3137 910 3174 non
931 3122 1225 3193 aliquando
1260 3124 1477 3193 quidem
1509 3124 1841 3194 profundere
1864 3126 1967 3179 mi-

389 3212 738 3273 serationem,
769 3211 1063 3280 aliquando
1093 3230 1222 3269 vero
1271 3218 1619 3281 contrahere,
1650 3217 1743 3272 sed
1784 3217 1966 3272 conti-

391 3316 497 3354 nua
536 3302 749 3356 lluenda
787 3313 841 3356 et
872 3319 979 3358 non
1008 3304 1304 3377 intercepta
1328 3310 1516 3378 egenis
1557 3309 1788 3380 aperire.
1830 3308 1966 3365 Tota

388 3393 534 3444 enim
566 3392 654 3446 die
690 3394 978 3449 miseretur
1013 3405 1067 3451 et
1112 3399 1426 3453 commodat
1477 3398 1759 3464 Iloniinus,
1798 3399 1967 3454 David

387 3489 471 3536 est
525 3483 718 3536 audire
767 3483 1126 3551 psallentem;
1155 3494 1209 3540 et
1251 3487 1297 3541 si
1347 3490 1637 3542 miseretur
1683 3489 1966 3558 pauperis,

391 3577 667 3630 l'eneratur
742 3575 882 3640 Deo,
937 3580 1213 3648 quomodo
1259 3581 1383 3650 quis
1450 3583 1613 3636 Deum
1666 3597 1860 3637 amans
1915 3590 1970 3636 et

389 3668 510 3739 ejus
540 3669 606 3723 ad
642 3669 1056 3725 similitudinem
1092 3689 1320 3728 servans
1353 3674 1714 3739 nobilitatem,
1765 3677 1970 3730 tolera-

393 3763 498 3816 lule
525 3762 688 3816 ducat
715 3779 822 3817 non
861 3779 1075 3833 semper
1099 3765 1202 3819 sibi
1226 3783 1415 3836 parare
1452 3767 1749 3822 debitorem
1777 3767 1969 3834 Deum,

393 3855 488 3909 sed
552 3856 846 3924 praecidere
901 3867 953 3910 et
1005 3857 1201 3911 orbare
1256 3860 1497 3928 seipsum
1560 3861 1682 3915 talis
1728 3875 1793 3915 ac
1835 3860 1970 3915 tanti

395 3945 530 4000 lucri
562 3947 920 4001 collectione?
950 3947 1298 4004 Manifestum
1331 3960 1513 4005 autem
1555 3952 1722 4006 talem
1754 3950 1972 4023 semper

394 4039 637 4108 quidem,
671 4041 972 4110 praesertim
1003 4057 1130 4096 vero
1182 4041 1234 4095 iu
1269 4044 1614 4099 multitudine
1645 4045 1857 4100 dierum
1892 4047 1973 4101 in-

395 4141 714 4195 venturum,
767 4149 930 4203 quam
982 4136 1140 4203 panis
1184 4135 1611 4191 connuunicatio
1655 4138 1970 4196 continuam

395 4225 805 4280 retributionem
835 4229 1223 4284 thesaurizarit
1253 4229 1378 4300 ipsi.

469 4432 627 4487 Mittit
651 4441 797 4488 certe
822 4448 1012 4503 panem
1053 4437 1635 4505 supersubstautialem
1677 4449 1730 4495 et
1780 4442 1965 4514 mysti-
2004 4425 2049 4479 Ῑ)

395 4541 521 4581 cum
550 4535 602 4579 et
635 4530 1024 4597 mysteriorum
1064 4527 1309 4582 initiator
1336 4545 1501 4599 super
1531 4529 1727 4586 faciem
1760 4549 1978 4604 regene-

398 4618 628 4674 rationis
675 4633 832 4690 aqua:
872 4620 939 4673 iis
973 4620 1065 4689 qui
1115 4622 1392 4691 mysteriis
1441 4623 1728 4680 initiantur
1774 4635 1826 4680 et
1879 4627 1975 4696 qui

399 4710 767 4782 indigentibus
814 4712 1022 4767 ccelesti
1061 4722 1116 4766 et
1165 4715 1406 4768 animam
1461 4717 1818 4772 conflrmante
1855 4719 1978 4774 cibo

396 4803 602 4874 prabet
631 4804 833 4873 ipsum.
855 4807 1070 4861 Etenim
1101 4816 1223 4877 post
1245 4823 1399 4876 aqua:
1422 4808 1661 4862 divinam
1691 4825 1979 4880 regenera-

399 4896 604 4952 tionem
632 4899 874 4954 cuelestis
900 4911 952 4954 et
978 4901 1225 4955 vivilicus
1262 4901 1414 4970 panis
1463 4904 1797 4972 regent-ratis
1839 4919 1977 4973 pra:-

400 4994 579 5056 bctur,
612 5000 667 5045 et
699 4991 792 5062 qui
828 4992 974 5046 hunc
1009 4992 1062 5045 in
1097 4993 1364 5062 sapientia
1397 4993 1696 5057 distribuit,
1727 5005 1782 5050 et
1821 4995 1977 5066 juxta

398 5081 717 5153 dignitatem
750 5084 1054 5155 dispensat,
1103 5086 1310 5140 invenit
1347 5101 1540 5156 panem
1589 5103 1718 5142 vere
1769 5091 1862 5158 qui
1911 5089 1978 5144 de

399 5175 544 5230 coelo
573 5175 874 5241 descendit,
906 5188 960 5232 et
997 5177 1168 5232 vitam
1213 5180 1417 5233 mundo
1444 5180 1556 5245 dat,
1610 5195 1826 5251 semper
1855 5183 1980 5252 qui-

398 5266 522 5342 dem
571 5266 850 5324 viviticans
900 5269 1078 5340 ipsum
1133 5279 1186 5324 et
1230 5264 1562 5326 confirmans
1607 5285 1660 5327 et
1705 5276 1978 5340 nutriens,

401 5359 699 5429 praesertim
729 5375 858 5416 vero
893 5363 945 5417 iu
979 5371 1222 5434 tempore
1249 5365 1358 5418 vita
1396 5365 1710 5422 functorum
1753 5369 1981 5424 retribu-

402 5448 586 5506 tionis.
637 5449 776 5505 Sunt
827 5460 1009 5508 tamen
1040 5455 1264 5523 quidam
1296 5456 1389 5523 qui
1437 5465 1492 5510 et
1544 5458 1704 5512 lalem
1755 5476 1977 5515 sensum

401 5542 548 5598 dicto
578 5545 862 5613 subiacere
909 5557 1103 5616 putant
1134 5567 1147 5604 :
1185 5565 1291 5603 non
1339 5559 1554 5620 oportet
1591 5552 1740 5606 curis
1785 5553 1978 5623 agitari

475 5680 498 5709 ³
529 5677 673 5733 Psal.
703 5694 893 5742 exuli,
930 5681 980 5735 7.

1983 1718 2022 1772 Β
2050 1719 2158 1771 τῶν
2177 1719 2480 1790 ἀνθρώπων
2521 1718 2746 1790 πλῆθος.

2057 443 2388 516 παραψυχὴν
2430 441 2510 511 τῷ
2558 441 2800 511 δεομένῳ
2862 439 3236 511 περιΐσταται.
3278 439 3352 492 Τὸ
3400 438 3512 510 γὰρ
3567 440 3644 509 μὴ

2058 535 2308 607 παριδεῖν
2337 533 2429 588 τὸν
2464 531 2694 601 ἀδελφὸν
2729 530 2907 602 ἐνδείᾳ
2937 530 3262 599 τηκόμενον,
3309 531 3405 582 καὶ
3437 529 3646 600 ἀπορία

2060 626 2527 695 συνδιολλύμενον,
2565 625 2726 695 χρέος
2758 622 2858 693 μὲν
2885 623 2977 675 καὶ
3016 621 3194 693 χρεῶν
3228 621 3291 674 τὸ
3327 621 3645 693 ἀπαραίτη-

2056 735 2146 770 τον
2166 716 2509 787 ὀεὺγνὼμων
2547 716 2839 787 ἡγήσεται,
2867 719 2960 768 καὶ
2985 714 3282 768 σπουδάσει
3311 714 3645 768 καταλαϐεῖν

2057 810 2152 864 καὶ
2213 809 2287 881 μὴ
2320 810 2575 878 γενέσθαι
2636 807 2902 879 μηδαμῶς
2959 807 3339 877 ὑπερήμερος·
3396 805 3561 871 δόξαν
3589 805 3647 858 δὲ

2061 899 2304 971 θηρᾶσαι
2347 901 2443 954 καὶ¹
2510 900 2801 972 εὐεργέτου
2832 898 2922 953 διὰ
2962 899 3061 968 τῆς
3087 898 3348 968 τοιαύτης
3385 897 3644 969 πράξεως

2060 991 2450 1063 περιϐαλέσθαι
2513 990 2755 1060 ἀξίωμα,
2791 991 2901 1044 τῶν
2945 990 3283 1058 ἀγνωμόνων
3319 990 3386 1043 ἂν
3413 990 3524 1059 εῖη,
3548 989 3644 1043 καὶ⁵

2059 1084 2120 1137 τὸ
2159 1083 2324 1138 καλὸν
2361 1083 2550 1147 κακῶς
2581 1083 2802 1136 εἰδότων
2832 1081 3218 1154 μετέρχεσθαι.
3261 1081 3463 1152 Διόπερ
3484 1083 3515 1134 6
3543 1083 3644 1150 μὲν

2061 1178 2119 1230 ἐν
2151 1175 2227 1246 τῷ
2256 1174 2453 1246 πλήθει
2479 1174 2586 1228 τῶν
2608 1175 2856 1247 ἡμερῶν,
2885 1176 3170 1227 τουτέστιν
3194 1176 3250 1226 ἐν
3276 1173 3360 1244 τῷ
3391 1173 3644 1244 μέλλοντι

2061 1265 2236 1329 αἰῶνι,
2265 1265 2354 1318 τὸν
2379 1264 2541 1334 ἄρτον
2567 1264 2790 1334 εὑρήσει
2811 1265 2914 1333 τῆς
2940 1263 3341 1335 ἐλεημοσύνης,
3378 1264 3648 1334 ἀντιλαμ-

2063 1355 2240 1408 6άνων
2295 1354 2385 1406 τὸν
2431 1354 2579 1406 ἔλεον
2599 1371 2612 1386 ⁸
2645 1357 2672 1407 ὁ
2698 1355 2754 1408 δὲ
2785 1356 2881 1424 οὑχ
2911 1355 3171 1426 εὑρήσει*
3203 1352 3496 1424 δοξοκοπία
3539 1355 3652 1425 γάρ

2062 1445 2158 1497 καὶ
2179 1447 2247 1516 τῇ
2273 1444 2373 1515 τῆς
2397 1443 2710 1509 ἐπιδείξεως
2738 1444 2984 1515 ἐμπορία
3011 1442 3536 1515 προκατηνάλωται.

2134 1537 2330 1590 Δύναιο
2353 1536 2398 1590 δ’
2429 1537 2496 1591 ἂν
2515 1536 2605 1590 διὰ
2656 1536 2762 1589 τῶν
2805 1535 3222 1606 προειρημένων
3263 1535 3527 1606 ῥημάτων
3555 1534 3652 1588 καὶ

2063 1628 2200 1700 πρὸς
2267 1629 2462 1701 ἐτέραν
2519 1628 2796 1700 μετελθεῖν
2825 1628 3086 1680 διάνοιαν.
3115 1625 3286 1680 Ποίαν
3308 1624 3551 1695 ταύτηνς
3579 1626 3653 1678 Τὸ

2803 1716 2954 1786 φίλον
3000 1720 3067 1787 τῇ
3100 1717 3292 1788 Γραφῇ
3343 1717 3654 1786 κατονομά-

2062 1810 2175 1875 ζειν
2229 1810 2434 1864 ὑδαταο
2483 1829 2501 1862 ι
2538 1811 2730 1866 Ῥὖσαι
2778 1811 2889 1880 γάρ
2951 1826 3086 1880 με.»
3143 1809 3316 1880 φησὶν
3367 1810 3398 1862 ὁ
3455 1810 3517 1863 ἐν
3571 1810 3653 1879 τῷ

2062 1901 2339 1972 Πνεύματι
2398 1903 2619 1972 ψάλλων
2643 1944 2657 1968 ,
2696 1923 2714 1954 ι
2741 1903 2798 1970 ἐξ
2833 1903 3043 1956 ὑδάτων
3100 1902 3337 1968 πολλῶν,
3367 1903 3433 1956 ἐκ
3468 1903 3654 1975 151.96;

2060 1993 2192 2048 υἱῶν
2228 1995 2546 2067 ἀλλοτρίων,
2573 2014 2592 2046 ι
2632 1995 2692 2048 '0
2719 1995 2902 2048 τοίνυν
2951 1995 3057 2048 τῶν
3085 1994 3248 2066 ἱερῶν
3305 1994 3655 2066 μαθημάτων

2059 2083 2374 2148 διδάσκαλος
2399 2086 2489 2138 τὸν
2521 2085 2793 2157 τρέφοντα
2819 2086 2920 2157 τὴν
2951 2086 3130 2159 ψυχὴν
3173 2086 3339 2158 ἄρτον
3361 2088 3422 2140 ὃν
3457 2087 3650 2141 θεόθεν

2061 2176 2504 2248 κατεπιστεύθη,
2563 2178 2753 2230 τοῦτον
2810 2179 3015 2248 ὀφείλει
3071 2179 3147 2250 τῷ
3195 2178 3305 2234 τῶν
3356 2180 3652 2252 ἀκροατῶν

2061 2263 2258 2335 πλήθει
2315 2269 2486 2337 χωρὶς
2545 2268 2818 2338 ἀναϐολῆς
2886 2269 3066 2343 πάσης
3128 2272 3223 2324 καὶ
3298 2273 3657 2344 ὑπερθέσεως

2061 2356 2360 2427 διανέμειν,
2402 2358 2497 2412 καὶ
2553 2360 2824 2430 μηδέποτε
2855 2363 2958 2432 τῆς
3007 2362 3271 2434 χορηγίας
3322 2366 3660 2436 ἀποστερεῖν

2062 2449 2188 2511 τοὺς
2232 2449 2289 2501 ὲν
2329 2450 2490 2520 χρεία
2553 2451 2758 2520 ταύτης
2805 2453 3257 2524 καθισταμένους.
3329 2456 3441 2509 Καὶ
3501 2458 3586 2520 τίς
3627 2458 3658 2510 ό

2064 2536 2256 2606 μισθὸς
2285 2537 2382 2606 τῆς
2414 2539 2796 2609 φιλανθρώπου
2827 2541 3032 2611 ταύτης
3081 2545 3345 2612 ἐργασίας
3371 2563 3385 2614 ;
3425 2546 3458 2616 ἥ
3493 2547 3660 2616 δῆλον

2062 2629 2090 2680 ὁ
2120 2629 2176 2680 ἐν
2208 2628 2285 2698 τῷ
2315 2629 2511 2700 πλήθει
2551 2632 2660 2684 τῶν
2688 2633 2916 2704 ἡμερῶν
2947 2635 3459 2707 ἁνταποδιδόμενος.
3495 2639 3658 2692 Ἐπεί

2061 2717 2120 2771 δὲ
2155 2720 2216 2772 τὸ
2272 2719 2416 2792 ὕδωρ
2464 2722 2756 2795 διαφόρους
2809 2725 3151 2796 πραγμάτων
3205 2728 3491 2792 ὑποθέσεις
3564 2731 3662 2784 αῖ-

2064 2813 2406 2883 νιγματίζειν
2441 2814 2687 2881 δύναται,
2733 2818 2819 2888 εἴη
2852 2819 2918 2871 ἂν
2941 2819 3042 2871 οὑκ
3069 2819 3280 2888 ἀλόγως
3305 2819 3399 2874 τὸν
3426 2822 3662 2892 προκείο

2066 2918 2228 2972 μενον
2294 2902 2450 2970 λόγον
2519 2903 2742 2976 θεωρῶν
2795 2907 2824 2959 6
2871 2907 2970 2978 τὴν
3030 2908 3405 2982 ἐλεημοσύνην
3465 2909 3652 2979 λέγων

2066 2997 2367 3066 προσήκειν
2397 2997 2730 3068 ἐργάζεσθαι
2751 2999 2842 3052 διά
2872 2997 3072 3064 παντὸς
3096 3001 3232 3072 πρὸς
3253 3003 3352 3066 τὰς
3390 3004 3663 3069 ἀεννάους

2071 3085 2178 3138 τῶν
2223 3087 2429 3140 ὑδάτων
2489 3089 2812 3154 ἐνατενίζων
2866 3093 3071 3162 πηγάς,
3130 3094 3226 3146 καὶ
3277 3094 3377 3165 τὴν
3424 3095 3662 3148 ἐκείνων

2073 3179 2355 3251 ἐνέργειαν
2377 3181 2472 3233 ἐπὶ
2499 3181 2591 3235 τὸν
2627 3181 2774 3235 ἔλεον
2793 3182 2860 3254 τῇ
2893 3190 3125 3256 μιμήσει
3158 3185 3490 3257 μεταφέρειν
3511 3201 3528 3217 ο
3565 3187 3667 3240 καὶ

2076 3268 2152 3339 μὴ
2187 3269 2320 3323 ποτὲ
2349 3270 2449 3340 μὲν
2481 3271 2734 3342 προχέειν
2749 3271 2840 3326 τὸν
2867 3272 3041 3340 ἐλεον,
3061 3275 3193 3328 ποτὲ
3211 3276 3266 3328 δὲ
3281 3277 3664 3343 ἀναστέλλειν,

2073 3359 2212 3414 ἀλλὰ
2241 3359 2464 3432 διηνεκῆ
2499 3363 2568 3415 τὰ
2595 3363 2790 3436 ῥεῖθρα
2819 3366 2911 3418 καὶ
2932 3355 3190 3438 ἀδιάδοχα
3211 3369 3326 3432 τοῖς
3351 3368 3660 3440 χρῄζουσιν

2074 3452 2420 3518 άναϐλύζειν.
2450 3454 2618 3526 Ὅλην
2648 3456 2759 3528 γὰρ
2816 3457 2916 3529 τὴν
2939 3459 3160 3530 ἡμέραν
3197 3459 3340 3514 ἐλεεῖ
3365 3461 3458 3514 καὶ
3479 3460 3667 3515 δανεί-

2076 3543 2202 3608 ζειό
2227 3544 2452 3617 Κύριος,
2483 3546 2579 3600 τοῦ
2633 3547 2797 3602 Δαυῒδ
2851 3549 2999 3602 ἐστιν
3033 3549 3255 3604 ἀκούειν
3313 3552 3617 3623 ψάλλοντος
3648 3569 3664 3584 ⁶

2075 3635 2170 3688 καὶ
2195 3637 2298 3690 είό
2329 3636 2497 3690 ἐλεῶν
2557 3638 2797 3710 πτωχὸν,
2845 3640 3078 3704 δανείζει
3128 3640 3268 3712 Θεῷ,
3332 3643 3450 3707 πῶς
3473 3643 3544 3698 ἄν
3582 3662 3670 3706 τις

2078 3727 2322 3796 φιλόθεος
2342 3727 2416 3782 ὢν
2443 3730 2542 3783 καὶ
2589 3731 2682 3784 τού
2722 3732 2843 3785 κατ’
2876 3732 3064 3785 είκὸνα
3099 3732 3288 3799 σώζων
3318 3735 3379 3788 τὸ
3409 3735 3668 3804 εὐγενὲς,

2077 3820 2305 3874 ἀνεκτὸν
2330 3821 2596 3892 ἡγήσαιτο
2629 3824 2704 3892 μὴ
2733 3823 2822 3875 διὰ
2858 3823 3060 3888 παντὸς
3087 3824 3265 3895 ἐαυτῷ
3299 3830 3668 3898 παρασκευά-

2078 3910 2193 3974 ζειν
2238 3911 2521 3982 χρεώστην
2579 3914 2669 3966 τὸν
2719 3913 2855 3967 Θεὸν
2889 3955 2904 3977 ,
2959 3914 3098 3969 ἀλλὰ
3156 3917 3517 3987 περικόπτειν
3570 3922 3668 3973 καὶ

2078 4003 2404 4074 ἀποστερεῖν
2458 4005 2653 4058 ἐαυτὸν
2701 4005 2796 4058 τοῦ
2864 4006 3188 4076 τηλικούτου
3237 4008 3333 4062 καὶ
3402 4010 3669 4065 τοσούτου

2079 4092 2306 4164 κέρδους
2327 4093 2426 4165 τὴν
2459 4096 2822 4167 συνεισφοράν
2843 4115 2856 4162 ;
2893 4098 3062 4168 Δῆλον
3085 4097 3142 4152 δὲ
3161 4099 3238 4164 ῶς
3258 4102 3288 4154 ό
3308 4102 3558 4166 τοιοῦτος
3579 4105 3670 4158 ἀεὶ

2083 4185 2202 4254 μὲν,
2229 4185 2464 4254 μάλιστα
2483 4187 2541 4240 δέ
2569 4189 2626 4240 ἐν
2657 4188 2854 4260 πλήθει
2903 4190 3014 4243 τῶν
3049 4190 3274 4262 ἡμερῶν
3306 4193 3555 4265 εὑρήσει,
3598 4196 3669 4267 ῆν

2080 4278 2116 4347 ἡ
2140 4275 2237 4330 τού
2257 4277 2422 4346 ἄρτου
2451 4278 2739 4348 μετάδοσις
2765 4280 2992 4352 διηνεκῆ
3015 4281 3443 4352 μισθαποδοσίαν
3459 4285 3670 4358 ἀπεθη-

2083 4366 2344 4438 σαύρισεν
2363 4367 2533 4440 αὑτῷ.

2163 4458 2505 4513 ’Λποστέλλει
2553 4461 2736 4532 μέντοι
2789 4477 2849 4530 γε
2893 4460 2987 4515 τὸν
3029 4459 3197 4534 ἄρτον
3249 4461 3343 4518 τὸν
3386 4464 3671 4520 ἐπιούσιον

2079 4549 2173 4602 καὶ
2231 4549 2494 4618 μυστικὸν
2527 4552 2621 4604 καὶ
2646 4552 2674 4604 6
2711 4551 3074 4621 μυσταγωγὸς
3106 4553 3202 4605 ἐπὶ
3247 4553 3545 4624 πρόσωπον
3571 4556 3669 4610 τοῦ

2078 4640 2181 4710 τῆς
2235 4641 2656 4711 παλιγγενεσίας
2705 4641 2898 4707 ὕδατος
2943 4645 3059 4706 τοῖς
3109 4647 3671 4716 μυσταγωγουμένοις

2081 4734 2177 4788 καὶ
2203 4734 2480 4804 δεομένοις
2513 4735 2769 4805 ούρανίου
2804 4735 2899 4788 καὶ
2921 4736 3097 4806 ψυχὴν
3132 4738 3501 4808 στηριςούσης
3527 4756 3662 4808 τρο⁹

2082 4826 2189 4895 φῆς
2219 4825 2476 4898 παρέχων
2526 4828 2707 4881 αὐτόν.
2758 4827 2868 4881 Καὶ
2906 4827 3014 4900 γὰρ
3043 4829 3184 4898 μετά
3207 4829 3308 4898 τὴν
3343 4829 3438 4882 τοῦ
3474 4829 3672 4895 ὕδατος

2084 4917 2236 4970 θείαν
2297 4918 2657 4990 ἀναγέννησιν
2682 4919 2710 4970 ό
2743 4919 2996 4990 οὐράνιος
3056 4919 3154 4973 καὶ
3211 4919 3474 4985 ζωοποιὺς
3503 4922 3672 4992 ἄρτος

2082 5011 2196 5071 τοῖς
2255 5008 2666 5081 ἁναγεννηθείσι
2715 5011 3125 5082 προσφέρεταιο
3186 5013 3280 5065 καὶ
3307 5014 3334 5066 ὅ
3369 5030 3432 5081 γε
3478 5013 3674 5067 τοῦτον

2083 5101 2141 5152 ἐν
2161 5099 2322 5173 σοφίᾳ
2371 5101 2640 5172 διανέμων
2668 5103 2763 5157 καὶ
2805 5103 2926 5156 κατ’
2961 5103 3124 5170 ἀξίαν
3150 5105 3474 5174 οἰκονομῶν,
3537 5100 3671 5176 εὗρε

2081 5193 2174 5245 τὸν
2218 5193 2382 5265 ἄρτον
2410 5195 2485 5258 ὼς
2511 5195 2731 5266 άληθῶς
2762 5197 2852 5248 τὸν
2875 5198 2938 5250 ἐκ
2970 5196 3060 5250 τοῦ
3090 5198 3322 5269 ούρανοῦ
3353 5199 3670 5268 καταϐεϐη-

2085 5285 2242 5352 κότα,
2278 5287 2374 5340 καὶ
2421 5286 2564 5358 ζωὴν
2597 5287 2675 5358 τῷ
2697 5289 2886 5359 κόσμῳ
2919 5288 3153 5356 διδόντα,
3181 5290 3267 5342 ἀεὶ
3303 5289 3403 5358 μὲν
3433 5291 3674 5354 ζωοποι-

2084 5375 2250 5429 οῢντα
2279 5375 2442 5430 αὑτὸν
2490 5377 2586 5430 καὶ
2635 5375 2963 5446 στηρίζοντα
2985 5380 3081 5431 καὶ⁵
3105 5379 3398 5450 τρέφοντας
3427 5380 3670 5448 μάλιστα

2084 5469 2141 5522 δὲ
2187 5471 2244 5522 ἐν
2285 5467 2462 5539 καιρῷ
2508 5472 2611 5540 τῆς
2667 5471 2775 5523 τῶν
2838 5471 3188 5541 βεϐιωμένων
3236 5471 3666 5529 άνταποδόσεωε.

2088 5560 2206 5614 Εἰσὶ
2267 5560 2453 5632 μέντοι
2520 5577 2582 5628 γε
2617 5561 2760 5626 τινὲς
2818 5562 2866 5615 οἳ
2909 5564 3002 5616 καὶ
3054 5561 3311 5632 τοιαύτην
3366 5561 3578 5614 ἔννοιαν
3607 5558 3670 5611 τὸ
