3884 6202
392 263 496 327 423

726 372 1055 442 ρυΑῐετιο
1089 371 1250 427 LXIV
1284 372 1381 445 [uL
1416 370 1622 443 LXIII].

398 468 668 535 Quomodo
699 467 1097 537 intelligendum
1122 466 1263 537 quod
1289 466 1543 537 scriptum
1583 476 1657 518 est
1685 465 1761 537 ab,
1781 464 1962 537 Eccle-

461 542 626 595 siaste
662 553 681 592 :
725 557 743 589 ι
792 536 1046 591 δεὸιιάεηιι
1093 536 1241 607 ligna
1280 536 1616 607 periclitatur
1644 537 1710 607 in,
1745 536 1877 599 illis,
1918 538 1966 589 si

462 609 716 666 exciderit
743 607 979 677 ferrum;
1013 618 1060 662 et
1093 604 1204 677 ipse
1240 607 1468 677 ﬁguram
1506 604 1741 677 turbavit
1772 615 1820 659 et
1855 607 1966 659 vir-

464 692 598 735 tutes
650 675 919 733 roborabit
965 688 1012 731 et
1062 675 1552 749 superob‘uudantia
1618 675 1825 729 cordati
1880 694 1969 731 sa-

458 752 677 821 pientia.
712 770 731 802 ι

1541 254 1803 315 ΡΗΟΤῙΙ
1842 249 2347 314 ΡΑΤΒΙΛΒΟΗιΕ
2394 251 2500 313 CP.

3549 242 3658 305 ιει

2642 363 2977 418 ΕΡΩΤΙῘΣΙΣ
3006 363 3118 415 ΞΔθ.

2071 460 2205 527 Πῶς
2250 460 2504 527 νοητέον
2540 458 2572 511 ὃ
2623 459 2946 528 τέτραπται
3007 454 3086 517 τῷ
3157 449 3609 518 Ἐκκλησιαστῇ
3642 467 3659 477 ο

2148 550 2166 579 ι
2196 530 2420 579 Σγίῖων
2464 530 2620 579 ἔύλα
2677 527 3012 579 κινδυνεύει
3045 525 3114 575 ἐν
3142 522 3367 579 αὐτοῖς.
3416 522 3526 574 ἐὰν
3552 521 3657 573 ex-

2148 550 2166 583 ι
2194 530 2420 600 Σχίζων
2464 530 2620 594 ξύλα
2677 530 3012 580 κινδυνεύει
3045 530 3114 575 ἐν
3142 530 3367 586 αὐτοις,
3416 530 3526 574 ἐὰν
3552 530 3657 600 ἐκ-

2144 601 2301 667 πέσῃ
2326 600 2391 653 τὸ
2449 599 2729 665 σιδήριον
2759 613 2773 627 ο
2804 597 2902 649 καὶ
2931 594 3113 667 αὺζὸς
3162 593 3493 667 πρόσωπον
3518 591 3657 667 sng—

2146 662 2298 739 ράξὲ
2332 669 2428 723 καί
2455 662 2742 739 δυνᾶμεις
2798 663 3154 733 δυναμώσειο
3192 663 3291 717 καί
3336 662 3659 730 περισσεία

2143 738 2251 796 τοῦ
2283 741 2562 808 ἀνδρείου
2589 738 2830 807 σοφία.»

1370 862 1509 915 Edita
1533 879 1557 913 a
1583 864 1725 923 Maio,
1746 865 1782 914 ι.
1805 879 1873 925 c.,
1896 879 1946 926 p.
1968 864 2130 915 76-77.
2159 863 2214 913 In
2241 863 2409 914 Eccle.
2442 876 2493 921 ι,
2524 858 2673 921 9,10.

465 970 820 1030 Ecclesiastes
848 983 1087 1041 prazsens
1118 968 1254 1023 liber
1284 978 1340 1022 ut
1366 967 1591 1023 Cantica
1632 969 1971 1023 canticorum

395 1062 727 1135 praecipuum
757 1060 955 1112 habent
986 1072 1213 1128 scopum
1249 1056 1672 1127 intelligibilium
1702 1066 1756 1112 et
1781 1071 1972 1111 eorum

392 1170 516 1226 quae
542 1168 706 1224 super
744 1166 963 1206 sensum
999 1160 1129 1207 sunt
1176 1149 1711 1219 contemplationem,
1748 1158 1802 1204 et
1835 1148 1973 1204 Pro-

395 1246 577 1301 verbia
607 1243 889 1299 hominum
923 1257 1099 1297 mores
1121 1242 1397 1306 ordinare,
1446 1242 1519 1295 ita
1563 1250 1617 1296 et
1652 1240 1753 1295 iste
1778 1241 1845 1295 de
1877 1258 1973 1295 na-

395 1338 662 1394 turalibus
698 1336 847 1405 addit
888 1334 1176 1400 disserere,
1218 1331 1553 1403 propositum
1590 1331 1689 1385 sibi
1723 1340 1972 1387 statuens

393 1432 672 1485 auditores
721 1430 789 1483 ad
841 1435 1051 1481 natura:
1113 1425 1481 1479 manuducere
1527 1423 1971 1491 comprehensio-

398 1535 542 1573 nem.
596 1517 816 1573 Nullum
867 1518 1086 1587 quidem
1140 1517 1303 1571 trium
1354 1531 1581 1587 operum
1619 1516 1688 1571 ab
1730 1516 1965 1570 aliorum

396 1606 738 1679 philosophia
769 1607 985 1676 penitus
1016 1605 1253 1659 alienuut
1294 1613 1410 1671 est,
1446 1606 1539 1660 sed
1586 1614 1672 1659 est
1718 1604 1966 1660 invenire

392 1709 447 1755 et
478 1699 533 1753 in
566 1697 867 1753 moralibus
900 1713 995 1767 pro
1030 1697 1235 1751 minori
1276 1697 1494 1766 quidem
1528 1706 1681 1766 parte
1710 1700 1893 1751 tamen
1922 1705 1978 1751 et

396 1789 727 1845 naturalium
760 1800 815 1843 et
859 1788 1191 1843 diviniorum
1240 1790 1767 1857 contemplatiouum
1802 1790 1975 1843 tradi-

394 1882 621 1936 tionem.
675 1879 863 1934 ltidem
914 1888 970 1933 ct
1026 1879 1079 1933 in
1125 1879 1471 1950 philosophia
1515 1880 1582 1934 de
1610 1880 1976 1936 divinioribus

396 1988 612 2026 morum
660 1970 1100 2026 inim-litationem
1154 1968 1397 2023 invenire
1439 1978 1525 2023 est.
1582 1970 1887 2039 inspersam
1923 1978 1977 2025 ct

397 2064 562 2118 etiam
595 2074 807 2117 natura:
836 2059 1281 2132 intelligentiam;
1318 2060 1411 2115 sed
1447 2072 1502 2115 et
1535 2062 1589 2115 in
1631 2078 1738 2131 quo
1767 2072 1977 2117 natura:

398 2167 485 2213 est
543 2154 816 2225 speculari
877 2154 1271 2209 connexionem
1324 2164 1377 2207 et
1426 2153 1801 2218 harmoniam,
1870 2172 1975 2209 non

400 2265 572 2320 pauca
603 2248 1011 2317 deprehendere
1043 2255 1127 2300 est
1172 2260 1363 2299 eorum
1410 2262 1531 2315 quae
1582 2262 1677 2316 per
1724 2248 1980 2301 exhorta-

400 2343 603 2397 tionem
654 2339 973 2408 auagogiam
1022 2350 1236 2389 tuorum
1284 2335 1543 2406 dirigunt.
1586 2335 1709 2389 ldco
1739 2344 1793 2390 et
1832 2350 1979 2389 nunc

402 2433 751 2504 proclamans
801 2429 1133 2483 naturalium
1166 2426 1521 2483 Ecclesiastes
1550 2444 1645 2498 per
1671 2428 1977 2499 exemplum

403 2528 458 2580 in
496 2524 864 2579 hortationem
908 2537 1005 2591 per
1044 2536 1210 2590 quam
1246 2530 1328 2576 est
1373 2521 1622 2591 progredi
1658 2530 1977 2590 praesentem

402 2617 568 2671 vitam
603 2625 750 2685 peste
806 2614 1031 2668 liberam
1063 2622 1117 2668 et
1138 2613 1204 2668 ad
1238 2623 1442 2667 rectum
1498 2628 1719 2668 cursum
1758 2628 1981 2667 conscr-

401 2707 516 2763 vari
539 2708 836 2761 auditorem
861 2703 1125 2768 immittit,
1145 2712 1199 2759 et
1225 2705 1299 2758 ait
1328 2720 1340 2758 :
1373 2723 1391 2755 ι
1418 2703 1521 2769 Qui
1552 2703 1752 2756 διοίηάἱι
1789 2703 1928 2771 ligna
1956 2722 1973 2751 ι

404 2809 459 2854 et
481 2798 647 2852 vitam
676 2798 864 2851 talium
891 2796 992 2851 sibi
1032 2795 1159 2851 facit
1202 2806 1400 2859 artem.
1425 2796 1470 2850 si
1492 2796 1754 2850 exciderit
1775 2794 1980 2849 ferrum

403 2904 514 2960 quo
556 2889 888 2944 scinduntur
928 2888 1095 2957 ligna,
1139 2897 1232 2941 aut
1271 2904 1380 2941 non
1426 2897 1546 2957 post
1575 2887 1807 2956 primani
1841 2888 1981 2942 seis-

2162 966 2218 1022 '0
2257 964 2691 1038 Ἐκκλησιαστὴς
2745 962 2807 1016 τὸ
2852 960 3026 1031 παρὸν
3083 958 3286 1029 βιϐλίον
3337 957 3529 1025 ῶσπερ
3588 955 3661 1008 τὰ

2076 1059 2331 1131 ’ᾼσματα
2380 1058 2489 1110 τῶν
2548 1054 2809 1127 ᾀσμάτων
2863 1050 3277 1125 προηγούμενον
3307 1050 3423 1120 ἔχει
3451 1047 3664 1101 σκοπὸν

2070 1153 2170 1223 τὴν
2222 1151 2333 1203 τῶν
2386 1149 2591 1221 νοητῶν
2632 1150 2730 1202 καὶ
2786 1147 2926 1217 ὑπὲρ
2966 1145 3064 1216 τὴν
3096 1144 3354 1213 αἴσθησιν
3396 1140 3661 1211 θεωρίαν,

2071 1246 2164 1299 καὶ
2185 1246 2239 1297 αἱ
2276 1243 2572 1315 Παροιμίαι
2596 1241 2665 1294 τὰ
2685 1240 2793 1293 τῶν
2846 1236 3151 1310 ἀνθρώπων
3210 1236 3316 1306 ἤθη
3350 1230 3661 1305 ῥυθμίζειν

2074 1337 2217 1392 οὕτω
2254 1338 2347 1391 καὶ
2375 1330 2530 1398 οὗτος
2552 1352 2618 1387 πε
2630 1334 2682 1404 pi.
2710 1333 2819 1386 τῶν
2844 1332 3093 1402 φυσικῶν
3120 1328 3402 1382 ἐπιϐάλλει
3429 1325 3664 1394 διαλαμ-

2076 1430 2259 1484 ϐάνειν
2296 1470 2311 1495 ,
2363 1428 2619 1483 ὑπόθεσιν
2675 1425 3125 1498 προστησάμενος
3184 1422 3313 1485 τούς
3376 1418 3662 1490 ἀκροατὰς

2076 1524 2213 1595 πρὸς
2241 1522 2339 1591 τὴν
2371 1521 2473 1590 τῆς
2519 1520 2734 1590 φύσεως
2771 1517 3135 1589 χειραγωγεῖν
3184 1512 3538 1582 κατανόησιν.
3575 1511 3657 1560 υύ

1999 1617 2041 1674 Β
2074 1617 2171 1688 μὲν
2200 1615 2424 1685 οὐδεμία
2461 1613 2570 1667 τῶν
2592 1611 2760 1683 τριῶν
2782 1606 3176 1681 πραγματειῶν
3206 1605 3307 1674 τῆς
3342 1602 3451 1656 τῶν
3480 1600 3664 1655 ἄλλων

2078 1707 2391 1778 φιλοσοφίας
2445 1706 2618 1759 διόλου
2683 1702 3058 1773 ἀπήλλακται·
3110 1696 3224 1750 ἀλλ’
3265 1696 3416 1749 ἔστιν
3472 1694 3662 1763 εὑρεῖν

2078 1799 2180 1852 κάν
2218 1800 2330 1857 τοῖς
2387 1796 2595 1865 ἠθικοῖς
2618 1793 2703 1847 ἐπ’
2735 1792 2956 1846 ἔλαττον
2997 1791 3094 1858 μὲν
3120 1790 3269 1857 ὅμως
3291 1788 3385 1839 καὶ
3413 1784 3666 1855 φυσικῶν

2079 1890 2171 1944 καὶ
2228 1888 2514 1961 θειοτέρων
2562 1884 2935 1956 θεωρημάτων
2988 1880 3287 1952 παράδοσιν
3326 1894 3338 1906 ·
3393 1874 3665 1932 ὡσαύτως

2076 1981 2132 2035 δὲ
2156 1981 2256 2034 κάν
2290 1982 2356 2051 τῇ
2396 1979 2524 2050 περὶ
2567 1977 2678 2029 τῶν
2730 1974 3017 2045 θειοτέρων
3068 1968 3362 2040 φιλοσοφίᾳ.
3411 1965 3565 2034 ἠθῶν
3601 1981 3664 2016 τε

2076 2070 2434 2141 διακόσμησιν
2483 2068 2662 2139 εὑρεῖν
2714 2065 2891 2118 ἐνεστι
2951 2057 3563 2131 κατεσπαρμένην,καὶ
3594 2055 3664 2125 δη

2078 2164 2173 2217 καὶ
2222 2162 2435 2231 φύσεως
2486 2159 2813 2230 κατανόησιν
2855 2172 2869 2186 ⁸
2928 2154 3065 2209 ἀλλά
3112 2171 3176 2222 γε
3220 2154 3283 2224 δὴ
3334 2152 3426 2204 καὶ
3463 2143 3511 2217 ᾧ
3561 2147 3666 2217 τῆς

2082 2253 2294 2321 φύσεως
2354 2252 2500 2302 ἐστὶν
2543 2249 2875 2319 ἀναθεωρεῖν
2926 2247 3025 2316 τὴν
3082 2240 3405 2297 ἀκολουθίαν
3457 2239 3556 2292 καὶ
3601 2238 3667 2289 τὸ

2079 2341 2436 2413 ἐναρμόνιον,
2493 2341 2594 2392 οὐκ
2641 2338 2797 2406 ὀλίγα
2846 2336 3031 2389 λαϐεῖν
3097 2334 3211 2386 ἐστι
3264 2332 3370 2384 τῶν
3417 2331 3509 2383 διά
3560 2329 3665 2398 τῆς

2079 2432 2450 2504 παραινέσεως
2466 2432 2562 2501 τὴν
2584 2430 2897 2498 ἀναγωγίαν
2916 2428 3007 2480 τοῦ
3026 2427 3189 2498 ἧθους
3214 2424 3375 2496 άνορθ
3394 2444 3443 2475 λυ
3453 2424 3663 2493 μένων.

2081 2524 2170 2577 Διὸ
2230 2526 2323 2577 καὶ
2372 2523 2466 2576 νῦν
2498 2522 2856 2591 ἀπαγγέλλων
2899 2519 3010 2572 τῶν
3066 2517 3310 2587 φυσικῶν
3354 2518 3383 2569 ὁ
3422 2515 3667 2584 Ἐκκλη-

2082 2618 2305 2687 σιαστὴς
2359 2616 2445 2668 διὰ
2471 2615 2564 2667 τοῦ
2598 2613 3040 2684 παραδείγματος
3076 2613 3156 2673 εἰς
3185 2612 3284 2682 τὴν
3329 2609 3667 2679 παραίνεσιν

2080 2709 2147 2761 δι’
2200 2704 2268 2780 ἧς
2322 2709 2438 2760 ἐστι
2505 2706 2830 2777 πορεύεσθαι
2878 2706 2967 2760 τὸν
3020 2706 3267 2776 παρόντα
3315 2703 3430 2772 βίον
3477 2702 3668 2771 λύμης

2083 2801 2367 2873 ἐλεύθερον
2444 2802 2538 2853 καὶ
2602 2800 2737 2870 πρὸς
2803 2798 3021 2870 εὔροιαν
3095 2797 3482 2868 συιιτηρεῖσθαι
3567 2795 3664 2847 τὸν

2082 2892 2357 2963 ἀκροατὴν
2385 2892 2767 2963 παραπέμπει,
2800 2893 2894 2943 καὶ
2912 2891 3093 2962 φησίν·
3124 2910 3143 2941 ι
3165 2890 3224 2942 '0
3250 2888 3448 2957 σχίζων
3467 2886 3608 2952 ξύλα
3643 2904 3661 2935 ι

400 2980 613 3034 sionem
652 2978 826 3047 magis
870 2990 1089 3046 separat
1135 2978 1202 3031 ab
1238 2980 1493 3042 invicem,
1544 2986 1599 3030 et
1642 2977 1697 3030 iu
1744 2976 1974 3031 circum-

2087 2986 2173 3036 καὶ
2194 2983 2305 3053 βίον
2322 2984 2418 3054 τὴν
2458 2983 2663 3034 τούτων
2689 2982 3009 3050 ποιούμενος
3022 2982 3237 3050 τέχνην,
3262 2975 3671 3047 ἐάνδέκπέσηξτδ

405 3066 757 3138 scriptionem
805 3068 969 3120 struit
1009 3066 1306 3135 propriam,
1330 3086 1347 3115 ι
1377 3066 1713 3136 periclitatur
1743 3067 1970 3131 inillis,»

404 3158 529 3213 inde
577 3158 829 3212 videlicet
872 3157 1168 3213 destitutus
1218 3159 1491 3225 utilitate;
1536 3168 1591 3213 et
1633 3159 1981 3214 conturbabit

405 3250 636 3309 vultum.
663 3263 763 3317 pro
792 3248 1095 3319 splendenti
1144 3250 1197 3302 in
1228 3250 1519 3317 hilaritate,
1554 3261 1809 3305 maestum
1835 3253 1978 3307 acci-

404 3344 558 3413 piens
582 3359 598 3408 ;
627 3350 679 3397 et
712 3344 943 3398 virtutes
970 3343 1251 3397 roborabit
1277 3358 1398 3412 qua:
1426 3341 1771 3397 fascinabant
1801 3344 1976 3407 illum,

402 3439 522 3509 ejus
550 3437 928 3508 impotentiam
953 3449 1007 3493 et
1036 3438 1298 3508 inOpiam,
1330 3440 1438 3492 vim
1472 3439 1746 3508 propriam
1778 3438 1981 3493 inhibi-

406 3540 537 3597 tam,
562 3531 695 3586 nihil
722 3546 785 3586 ca
816 3546 939 3602 qua:
970 3529 1025 3584 in
1056 3530 1317 3584 virilitate
1355 3531 1475 3600 ejus
1511 3531 1761 3601 juvante,
1793 3530 1886 3586 sed
1923 3531 1975 3584 in

407 3637 607 3676 vanum
639 3632 692 3677 et
720 3621 911 3677 inutile
937 3631 1159 3692 promer
1185 3622 1431 3692 elapsqu
1461 3622 1662 3676 ferrum
1689 3622 1977 3677 dissoluta.

411 3712 655 3784 Utigitur
673 3713 1011 3767 scindentem
1028 3713 1195 3783 ligna,
1215 3713 1260 3767 si
1280 3713 1538 3769 exciderit
1569 3714 1795 3781 ferrum,
1817 3724 1977 3770 tantae

405 3816 712 3878 sequuntur
730 3809 1067 3863 calamitates
1095 3817 1149 3861 et
1165 3808 1631 3877 comprehendunt
1650 3825 1773 3864 eum
1800 3809 1891 3878 qui
1912 3825 1979 3863 ex

406 3898 534 3969 ligni
570 3898 837 3953 divisione
864 3907 917 3953 et
946 3898 1176 3953 artiﬁcio
1207 3898 1259 3952 in
1312 3899 1630 3954 sutlicieutia
1662 3909 1842 3969 potest
1896 3901 1975 3952 vi-

408 4007 532 4044 vere
566 4007 580 4044 :
607 3992 687 4046 sic
712 4000 760 4045 et
788 3991 877 4061 qui
907 4005 1157 4045 sermone
1204 3990 1371 4045 utitur
1400 3990 1689 4046 doctrinali
1719 4002 1979 4062 tanquam

405 4082 639 4151 quodam
656 4081 800 4136 ferro
824 4092 877 4136 et
902 4083 1268 4137 instrumento
1282 4082 1544 4137 divisorio
1564 4100 1658 4153 per
1676 4084 1823 4154 quod
1843 4085 1981 4139 divi-

409 4188 600 4227 narum
638 4172 1045 4242 Scripturarum
1088 4188 1154 4226 ex
1192 4172 1527 4227 obscuritate
1580 4184 1893 4229 contextum
1928 4186 1981 4231 ct

406 4260 802 4315 connexiouetn
849 4262 916 4315 ad
942 4262 1171 4316 invicem
1214 4271 1267 4315 et
1289 4272 1413 4333 apte
1433 4272 1567 4317 etut
1596 4263 1833 4333 Spiritus
1863 4265 1979 4319 vult

404 4352 576 4422 gratia
596 4351 827 4421 explicat
847 4362 898 4407 et
915 4369 1007 4421 per
1027 4366 1210 4423 partes
1242 4356 1539 4410 subdividit
1564 4371 1661 4425 pcr
1686 4356 1979 4414 animabus

406 4445 589 4499 utilem
622 4445 1261 4514 interpretationem‘sibi
1288 4448 1323 4516 ἱ,
1346 4448 1390 4502 si
1444 4448 1783 4519 spiritualetn
1814 4450 1979 4504 vitam

403 4544 708 4599 conservat,
736 4535 1016 4591 auditores
1046 4537 1112 4591 ad
1140 4536 1281 4591 hanc
1317 4539 1526 4593 ducens
1547 4549 1601 4594 et
1624 4540 1872 4595 hortans.

2081 3074 2319 3145 σιδήριον
2340 3067 2490 3141 ᾧτινι
2513 3071 2753 3143 σχίζεται
2781 3078 2848 3126 τὰ
2871 3073 3023 3137 ξύλα,
3045 3072 3077 3143 ἢ
3104 3072 3148 3125 δ’
3165 3072 3224 3123 οὐ
3241 3071 3378 3141 μετά
3395 3068 3495 3140 τὴν
3522 3066 3673 3137 πρώ-

2077 3181 2178 3233 την
2212 3166 2388 3234 σχίσιν
2418 3166 2509 3217 ἐπ“ι
2555 3164 2718 3216 πλέον
2752 3163 3021 3217 διῖσταται
3049 3164 3143 3215 ἀπ’
3168 3162 3434 3232 ἀλλήλωι,
3468 3164 3565 3215 καὶ
3589 3162 3671 3221 είς

2080 3255 2424 3326 περιγραφὴν
2476 3254 2842 3324 ἀπαρτίζεται
2904 3254 3062 3319 ἰδίαν,
3101 3272 3120 3305 ι
3148 3252 3452 3306 κινδυνεύει
3481 3252 3545 3305 ἐν
3572 3252 3672 3304 αὐ-

2079 3350 2209 3409 τοῖς,
2236 3366 2254 3398 ι
2283 3346 2379 3416 τῆς
2406 3347 2614 3399 ἐκεῖθεν
2640 3345 2885 3414 δηλονότι
2927 3344 3333 3415 ἀφαιρούμενος
3366 3342 3666 3411 ὡφελείας*

2080 3439 2175 3492 καὶ
2207 3437 2525 3509 συνταράξει
2556 3438 2615 3491 τὸ
2646 3438 2958 3509 πρόσωπον,
3012 3437 3132 3490 ἀντὶ
3166 3436 3261 3491 τοῦ
3294 3436 3671 3507 φαιδρυνομέ-

2080 3548 2171 3584 νου
2223 3534 2279 3583 ἐν
2317 3530 2613 3599 ἱλαρότητι,
2688 3528 3013 3600 σκυθρωπὸν
3054 3529 3481 3599 ἀναδεδεγμένος
3508 3544 3525 3558 ’
3574 3528 3673 3582 καὶ

2079 3617 2335 3687 δυνάμεις
2385 3618 2695 3687 δυναμώσει
2746 3620 2868 3672 ὅσαι
2920 3619 3301 3674 διεϐἀσκαινον
3347 3621 3536 3681 αὐτὸν,
3568 3620 3671 3687 τὴν

2082 3710 2245 3763 αὐτοῦ
2298 3709 2586 3764 ἀσθένειαν
2619 3711 2714 3763 καὶ
2743 3711 3002 3780 ἀπορίαν,
3024 3713 3181 3782 ίσχὺν
3225 3713 3363 3766 ίδίαν
3395 3715 3667 3783 περιϐαλ-

2082 3802 2335 3872 λομένην,
2393 3802 2549 3855 οὐδὲν
2583 3802 2683 3872 τῆς
2707 3804 2764 3856 ἐν
2793 3807 2858 3874 τῇ
2898 3805 3120 3875 ἀνδρείᾳ
3148 3805 3314 3858 αὐτοῦ
3338 3824 3668 3877 συνεπαμυ-

2082 3895 2302 3964 νούσης,
2353 3894 2469 3947 ἀλλ’
2502 3897 2581 3958 εὶς
2620 3897 2680 3947 τὸ
2712 3895 2966 3963 περιττὸν
3009 3899 3103 3950 καὶ
3158 3899 3431 3968 ἄχρηστον
3454 3900 3543 3953 διὰ
3568 3901 3669 3969 τὴν

2082 3988 2354 4040 ἔκπτωσιν
2406 3987 2497 4039 τοῦ
2524 3988 2745 4058 σιδήρου
2781 3988 3168 4059 διαλυομένης.
3204 3991 3418 4061 Ὠσπερ
3453 3991 3550 4045 οὖν
3576 3994 3670 4045 ἐπὶ

2081 4077 2177 4132 τοῦ
2224 4079 2500 4149 σχίζοντος
2549 4080 2618 4133 τὰ
2664 4079 2814 4145 ξύλα,
2868 4081 2963 4134 ἐὰν
3024 4082 3231 4153 ἐκπέσῃ
3288 4083 3350 4137 τὸ
3397 4084 3666 4156 σιδήριον,

2083 4169 2342 4223 τοσαῦται
2384 4171 2853 4242 παρακολουθοῦσι
2880 4176 3162 4244 συμφοραὶ
3189 4176 3281 4227 καὶ
3305 4176 3671 4247 καταλαμϐά-

2085 4281 2236 4317 νουσι
2264 4264 2364 4334 τὴν
2390 4266 2455 4317 ὲκ
2489 4265 2588 4334 τῆς
2618 4264 2715 4317 τοῦ
2741 4266 2900 4331 ξύλου
2932 4266 3253 4337 διαιρέσεως
3283 4271 3380 4323 κα)⁸
3412 4274 3671 4343 καλλιερο

2086 4358 2211 4426 γίας
2232 4360 2291 4409 ἐν
2318 4357 2623 4428 αὐταρκείᾳ
2668 4358 2967 4428 δυνάμενον
3008 4358 3158 4429 βιοῦν
3184 4376 3197 4389 ·
3248 4358 3393 4413 οὕτω
3417 4361 3512 4413 καὶ
3544 4364 3574 4414 ὁ
3595 4360 3672 4430 τῷ

2086 4448 2230 4520 λόγῳ
2264 4447 2544 4520 χρώμενος
2574 4449 2652 4520 τῷ
2668 4449 3035 4522 διδασκαλικῷ
3059 4450 3314 4523 καθάπερ
3334 4454 3436 4505 τινὶ
3467 4453 3672 4523 σιδήρῳ

2088 4545 2181 4597 καὶ
2212 4544 2449 4613 ’ὀργάνῳ
2498 4543 2818 4613 διαιρετικῷ
2848 4543 2915 4596 δι’
2959 4539 3020 4599 οὗ
3060 4545 3161 4615 τὴν
3216 4548 3374 4598 θείων
3434 4545 3672 4617 Γραφῶν

401 4628 490 4685 διὰ
545 4630 643 4702 τῆς
696 4628 965 4715 ἀσαφείας
1028 4627 1306 4698 σύμφυσίν
1343 4647 1401 4683 τε
1455 4630 1551 4684 καὶ
1585 4632 1895 4702 συναίρεσιν
1963 4636 2313 4704 καταλλήλως
2354 4654 2414 4689 τε
2445 4638 2540 4690 καὶ
2591 4637 2888 4707 προσφυῶς
2923 4639 3017 4691 καὶ
3044 4638 3117 4701 ὡς
3150 4640 3183 4709 ἡ
3218 4638 3312 4693 τοῦ
3354 4641 3672 4702 Πνεύοιατος

405 4726 649 4796 βούλεται
698 4723 860 4795 χάρις
924 4722 1263 4776 ἀναπτύσσει
1323 4741 1385 4779 τε
1449 4727 1545 4779 καὶ
1610 4728 1715 4782 ἁνά
1759 4728 1924 4798 μέρος
1991 4731 2289 4801 συνδιαιρεῖ
2343 4730 2433 4783 διὰ
2473 4732 2571 4801 τῆς
2611 4730 2968 4799 ψυχωφελοῦς
3027 4731 3325 4802 ἑρμηνείας
3349 4732 3530 4802 ἐαυτῷ
3577 4732 3673 4802 τὴν

406 4816 783 4892 πνευματικὴν
830 4818 977 4888 ζωὴν
1033 4820 1324 4889 συντηρεῖ,
1382 4818 1509 4882 τοὺς
1564 4819 1837 4889 ἀκροατὰς
1879 4820 1972 4873 ἐπὶ
2009 4820 2214 4890 ταύτην
2237 4821 2446 4889 ὁδηγῶν
2472 4839 2530 4873 τε
2563 4822 2655 4873 καὶ
2679 4820 3032 4891 παρακαλῶν.

477 4913 535 4966 Si
566 4926 694 4965 vero
727 4912 991 4966 doctrinae
1020 4913 1375 4966 accuratione
1404 4922 1458 4966 et
1485 4912 1551 4966 ad
1580 4914 1834 4982 pietatem
1868 4912 1984 4968 sin-

405 5004 635 5061 ceritate
692 5015 748 5059 et
798 5005 1054 5059 acumine
1106 5005 1315 5060 latente
1368 5004 1547 5076 ipsum
1596 5007 1981 5063 discretionem

406 5096 740 5167 scriptorum
774 5104 829 5151 et
858 5096 1279 5166 explicationem
1319 5097 1646 5167 protulerit,
1684 5114 1863 5169 neque
1890 5114 1983 5154 or-

408 5186 660 5242 thodoxis
695 5186 1124 5242 theorematibus
1154 5202 1379 5242 sensum
1424 5188 1849 5258 interpretetur,
1891 5192 1984 5245 sed

407 5278 473 5346 ad
507 5277 739 5331 haeresin
774 5278 1071 5347 quamdam
1103 5286 1157 5331 et
1188 5279 1467 5347 opiniOnis
1493 5279 1757 5335 vilitatem
1787 5280 1986 5336 salvili-

407 5383 529 5420 cum
555 5368 779 5421 verbum
802 5367 1052 5423 decidere
1079 5369 1243 5433 sinat,
1273 5370 1326 5424 is
1357 5385 1485 5424 vere
1512 5378 1567 5426 et
1590 5372 1800 5426 vultum
1819 5388 1981 5442 quem

408 5474 438 5512 a
473 5459 742 5529 principio
785 5461 1041 5515 induebat
1084 5462 1376 5517 orthodoxi
1411 5465 1712 5533 magisterii
1742 5464 1983 5519 confun-

408 5552 487 5604 dit
534 5563 588 5605 et
641 5551 863 5615 turbat,
917 5562 969 5607 ct
1025 5553 1343 5609 auditorum
1396 5556 1609 5611 animas
1660 5572 1759 5627 pro
1810 5557 1984 5612 salute

410 5641 611 5696 damno
642 5640 861 5711 implet:
902 5655 953 5696 et
988 5644 1213 5700 virtutes
1254 5645 1475 5715 quidem
1509 5646 1829 5714 roboravit,
1863 5665 1985 5719 quae

2168 4916 2293 4967 Ἐὰν
2322 4916 2378 4967 δὲ
2405 4916 2465 4966 τὸ
2498 4916 2596 4984 τῆς
2625 4914 2974 4977 διδασκαλίας
3003 4914 3231 4983 ἀκριϐὲς
3282 4916 3375 4966 καὶ
3405 4916 3546 4984 πρὸς
3569 4917 3671 4985 τὴν

2086 5006 2367 5058 εὐσέϐειαν
2391 5006 2678 5075 εἰλικρινὲς
2706 5006 2799 5058 καὶ
2823 5006 3162 5076 ἠκονημένον
3192 5004 3352 5060 λαθὸν
3380 5006 3544 5060 αὐτὸν
3574 5010 3669 5076 τὴν

2085 5096 2348 5165 διαίρεσιν
2371 5096 2480 5149 τῶν
2522 5098 2927 5169 γεγραμμένων
2960 5098 3053 5150 καὶ
3085 5100 3381 5167 σαφήνειαν
3410 5099 3670 5169 προενέγ-

2089 5204 2181 5260 κῃ,
2217 5189 2341 5260 μηδ’
2380 5189 2681 5259 ὀρθοδόξοις
2700 5189 3018 5259 θεωρήμασι
3055 5190 3154 5258 τὴν
3177 5188 3417 5242 διάνοιαν
3445 5189 3670 5261 διερμηο

2089 5281 2240 5355 νεύῃ,
2272 5281 2409 5335 ἀλλά
2441 5282 2577 5352 πρὸς
2605 5281 2817 5351 αἵρεσίν
2862 5298 2986 5334 τινα
3024 5283 3117 5334 καλ⁵
3152 5281 3311 5351 δόξης
3363 5282 3673 5351 φαυλότητα

2088 5374 2178 5426 τὸν
2205 5376 2474 5445 σωτήριον
2504 5374 2662 5442 λόγον
2690 5374 2969 5428 διαπεσεῖν
2988 5375 3143 5446 ἐάσῃ,
3172 5370 3327 5436 οὗτος
3352 5374 3430 5436 ῶς
3460 5373 3674 5443 ἀληθῶς

2092 5466 2186 5516 καὶ
2208 5464 2268 5516 τὸ
2298 5476 2592 5534 προσωπον
2621 5465 2758 5534 ὅπερ
2792 5464 2850 5530 ἐξ
2880 5464 3058 5534 ἀρχῆς
3089 5464 3374 5536 περιέθετο
3401 5465 3496 5532 τῆς
3524 5464 3672 5533 ὀρθο-

2092 5552 2351 5623 εοξούσης
2384 5553 2736 5618 διδασκαλίας
2771 5557 2962 5624 συγχεῖ
2994 5555 3089 5608 καὶ
3119 5554 3407 5626 ταράσσει,
3449 5552 3546 5606 καὶ
3577 5552 3671 5613 τὲς

2093 5648 2203 5702 τῶν
2228 5647 2511 5716 ἀκροατῶν
2553 5646 2730 5716 ψυχὰς
2783 5647 2903 5701 ἀντὶ
2966 5647 3238 5717 σωτηρίας
3288 5644 3498 5716 βλάὸης
3546 5645 3669 5697 ἀνσ-
