3884 6202
287 313 395 375 425

1128 328 1228 387 ΑΙ)
1265 328 1858 393 AMPHILOCHIUM
1910 331 2256 405 QUIESTIO
2310 330 2516 408 LXIV,
2555 335 2726 397 LXV.

3454 344 3562 413 426

283 425 515 519 πλήσσει
543 443 556 457 ·
589 430 683 483 καὶ
723 430 977 504 δυνάμεις
1016 436 1116 506 μὲν
1138 439 1545 513 ὲνεδυνάμωσεν
1576 487 1592 511 ,
1628 444 1685 499 αἶ
1758 444 1873 498 δια-

1974 444 2281 501 invideutes
2308 446 2359 501 ei
2389 454 2534 502 recte
2558 445 2861 501 ambulanti
2887 446 3040 517 prius
3062 450 3379 519 quaerebant
3428 455 3560 513 insi-

281 516 645 591 φθονούμεναι
668 524 830 579 αὐτὸν
844 528 1194 599 εὐοδούμενον
1218 534 1482 605 πρότερον
1502 537 1728 607 ἐζήτουν
1748 539 1870 592 ὲπι-

1972 536 2112 590 diari
2153 545 2208 591 et
2238 547 2427 590 contra
2462 551 2586 590 eum
2613 550 2775 607 agere
2796 536 3151 607 nitebantur;
3186 542 3427 613 seipsum
3460 559 3560 600 au-

278 609 569 667 ϐουλεῦσαι
605 614 702 669 καὶ
723 617 1107 689 ἀντιπράττειν
1138 625 1507 691 ἐφιλονείκουν
1528 643 1541 657 ·
1580 629 1780 693 ὲαυτδνξ
1810 629 1867 682 δὲ

1972 636 2078 682 tem
2114 628 2392 683 inﬁrmum
2427 637 2484 683 et
2514 628 2789 698 dejectum
2814 630 3079 690 ostendit.
3114 640 3169 688 et
3197 609 3357 689 antea
3389 637 3562 692 admi-

275 701 480 793 άσθενῆ
511 706 604 758 καὶ
626 710 932 782 καταϐεϐλη
943 714 1101 783 μένον
1147 716 1338 784 ἔδειξε,
1374 720 1471 773 καλ⁹
1494 720 1592 792 τὴν
1615 720 1862 793 ἔμπροσ-

276 790 372 845 θεν
405 793 829 871 θαυμαζομένην
863 803 1030 857 αὑτοῦ
1055 807 1251 876 σοφίαν
1294 811 1375 873 εὶς
1397 810 1456 863 τὸ
1484 790 1743 883 περιττὸν
1765 815 1861 867 ml.

276 885 509 976 μάταιον
560 895 1035 969 κατενηνεγμένην
1083 899 1391 971 διήλεγξεν.
1435 903 1492 958 '0
1544 904 1726 976 μέντοι
1775 907 1863 960 τὸν

270 973 398 1064 νοῦν
427 977 684 1049 ἀνδρεῖος,
720 983 817 1037 καὶ
855 986 981 1050 τοὺς
1020 988 1367 1061 ἐπηρμένους
1413 991 1523 1046 τῶν
1547 973 1864 1064 -αίρετικὼν

269 1063 565 1137 λογισμοὺς
583 1072 896 1145 πολιορκεῖν
919 1078 1081 1133 αὐτοῦ
1121 1079 1219 1152 τὴν
1247 1082 1414 1154 ὀρθὴν
1440 1083 1599 1148 δόξαν
1630 1063 1859 1138 διωθού-

269 1174 454 1226 μενος,
482 1162 575 1215 καὶ
602 1162 679 1233 τῷ
712 1167 968 1239 τμητικῷ
1003 1170 1099 1224 τοῦ
1133 1172 1451 1243 Πνεύματος
1497 1175 1662 1247 λόγῳ,
1713 1178 1856 1231 ὲκεί-

270 1268 380 1302 νων
409 1251 508 1321 μὲν
527 1256 651 1318 τοὺς
669 1259 1222 1331 παρεμϐαλλομένους
1264 1264 1451 1329 λοξοὺς
1508 1267 1724 1332 καὶτὰς
1763 1287 1856 1323 συ-

266 1343 510 1433 στροφὰς
538 1346 646 1399 τῶν
664 1352 1018 1420 σοφισμάτων
1058 1355 1358 1426 ἐκτέμνων,
1383 1357 1482 1428 τὴν
1508 1359 1554 1413 δ’
1598 1359 1856 1433 ἀληθινὴν

262 1430 427 1498 δόξαν
481 1436 576 1489 καὶ
607 1439 741 1493 θεὸν
793 1444 1043 1513 τιμῶσαν
1085 1447 1181 1501 καὶ
1234 1449 1441 1521 ἀρετῆς
1488 1430 1858 1524 ἀντεχομένην

262 1528 677 1601 περικαθαίρων
706 1549 764 1586 τε
781 1534 890 1588 τῶν
920 1539 1354 1603 ἔπισκιαζόντων
1379 1542 1475 1596 καὶ
1501 1545 1856 1617 άποδιαιρούο

260 1632 450 1684 μενος,
496 1618 551 1671 ετ
581 1640 633 1675 τι
662 1623 875 1691 τούτοις
903 1628 1101 1696 ἔξωθεν
1145 1633 1241 1686 καὶ
1290 1634 1443 1706 παρά
1491 1637 1599 1691 τῶν
1645 1639 1856 1709 ἱχθρῶν

257 1710 651 1780 προστρίϐεται
696 1717 870 1783 νόθον,
906 1722 1097 1776 τοῦτον
1142 1724 1405 1779 οὐδέποτε
1462 1728 1526 1780 τὸ
1586 1730 1850 1802 σιδήριον,

254 1797 386 1851 οὔτε
423 1801 584 1857 λαθὸν
613 1806 845 1883 διαπέσῃ
897 1813 1018 1866 οὐδὲ
1058 1815 1123 1869 ἐκ
1165 1817 1457 1887 προδοσίας
1512 1797 1856 1885 οὐδεὶς-ἀπο-

252 1888 494 1946 λὲσαντα
522 1895 783 1966 διελέγξει
816 1918 831 1933 ο
868 1903 1004 1958 ἀλλὰ
1040 1906 1216 1959 καὶτὸ
1244 1908 1303 1973 ὲξ
1334 1910 1511 1979 ἀρχῆς
1564 1912 1855 1982 πρόσωπον

251 1982 619 2042 ἀναλλοίωτον
648 1992 742 2045 καὶ
773 1998 1022 2067 ταραχῆς
1053 2000 1274 2071 ἁπάσης
1334 2002 1852 2076 ἀνακεκαθαρμένον

252 2080 590 2151 συντηρήσει
619 2098 633 2113 ·
667 2086 761 2139 καὶ
789 2090 885 2154 τὰς
921 2092 980 2144 ἐν
1010 2092 1160 2164 αὑτῷ
1219 2096 1456 2162 φυσικὰς
1489 2095 1748 2168 δυνάμεις
1779 2101 1844 2170 τῇ

248 2167 542 2242 προσθήκῃ
563 2173 671 2228 τῶν
697 2177 804 2232 ἀπὸ
832 2180 933 2250 τῆς
952 2182 1175 2254 χάριτος
1198 2186 1533 2256 δυναμώσει,
1560 2187 1742 2253 δείξας
1769 2167 1845 2253 ὡς

246 2256 469 2351 ἀληθῶς
516 2262 639 2318 ὅσον
681 2272 996 2338 περισσεύει
1039 2273 1133 2328 τοῦ
1191 2276 1439 2348 ἀνδρείου
1470 2279 1504 2350 ή
1535 2279 1699 2348 σοφία
1745 2281 1845 2351 τῆς

244 2347 348 2441 τοῖν
375 2350 550 2406 δειλοῦ
583 2358 852 2430 ῥᾳθυμίας
901 2366 995 2418 καὶ
1024 2367 1210 2437 ῥᾳδίου
1245 2347 1362 2433 τοῖς
1391 2347 1576 2441 ἔργοις
1614 2347 1839 2426 γάλῶναι

248 2439 460 2512 πολλὴν
490 2445 550 2516 ἐχ
584 2467 705 2513 ντος
737 2452 835 2522 τὴν
866 2456 1227 2527 ἀναλγησίαν.

796 2569 1132 2624 ΕΡΩΤΠΣΙΣ
1163 2575 1283 2629 EE'.

243 2650 406 2717 ﬂpr‘e
461 2654 594 2709 τίνα
629 2661 866 2713 σκοπὸν
913 2662 1243 2719 ἀποᾶλὲπει
1304 2668 1373 2719 τό
1406 2682 1419 2696 ο
1460 2687 1478 2719 ι
1520 2669 1710 2722 Γενεὰ
1735 2684 1841 2722 πο-

305 2722 558 2808 ραξῖῥεται
579 2728 675 2782 καὶ
724 2733 897 2798 γενεὰ
952 2733 1210 2804 ἔρχεται,
1257 2737 1295 2805 ἡ
1340 2737 1407 2790 δὲ
1453 2737 1533 2808 γῆ
1579 2740 1669 2805 εἱς
1728 2739 1840 2792 τὸν

311 2793 499 2847 αἰῶνα
526 2793 808 2867 ἕστηκεν.
840 2820 859 2853 ι

1968 720 2174 775 rationi
2218 720 2460 775 habitam
2504 736 2664 776 suam
2704 721 3033 792 sapientiam
3070 724 3125 778 in
3158 740 3557 796 supervacuum

1967 824 2023 869 et
2050 828 2251 867 vanum
2280 813 2516 868 delatam
2542 814 2815 886 coarguit.
2838 814 2942 881 Qui
2970 824 3152 872 tamen
3174 827 3359 873 mente
3381 819 3559 876 virilis

1964 914 2021 960 et
2070 906 2243 960 elatas
2305 904 2694 962 haereticorum
2750 907 2997 963 rationes
3052 908 3121 964 ad
3179 909 3555 966 debellandam

1964 996 2137 1066 ipsius
2170 1003 2378 1051 rectam
2414 995 2577 1053 ﬁdem
2617 998 2888 1068 repellens
2910 1040 2926 1065 ,
2967 1008 3023 1054 et
3053 999 3284 1055 incisivo
3318 1000 3557 1071 Spiritus

1961 1090 2171 1155 verbo,
2231 1090 2451 1145 illorum
2504 1089 2725 1159 quidem
2776 1090 3156 1149 immissiones
3205 1093 3458 1164 obliquas
3502 1103 3559 1150 et

1959 1195 2218 1250 perversa
2269 1181 2612 1251 sophismata
2655 1183 3027 1248 exscindens,
3063 1199 3255 1239 veram
3300 1185 3459 1241 ﬁdem
3502 1194 3557 1241 et

1960 1271 2131 1328 Deum
2181 1272 2544 1328 honorantem
2587 1283 2642 1330 et
2684 1274 2878 1330 virtuti
2916 1273 3285 1333 adhaerentem
3325 1277 3557 1334 mundat.

1957 1373 2012 1418 et
2037 1364 2106 1419 ab
2133 1364 2599 1420 obumbrantibus
2628 1374 2683 1420 et
2706 1375 2959 1436 separat,
2994 1368 3041 1422 si
3072 1367 3207 1437 quid
3238 1367 3324 1424 his
3354 1369 3425 1423 ab
3451 1384 3551 1424 ex-

1961 1455 2204 1510 trinseco
2245 1465 2300 1510 et
2326 1456 2395 1511 ab
2417 1455 2661 1512 inimicis
2693 1455 2978 1513 aﬂrieatur
3007 1458 3352 1529 illegitimum
3373 1500 3390 1525 ,
3426 1460 3555 1515 huic

1959 1561 2244 1617 nunquam
2299 1546 2506 1601 ferrum
2564 1562 2634 1603 ne
2688 1548 2926 1603 latenter
2975 1549 3195 1620 quidem
3242 1549 3551 1615 exciderit,

1960 1655 2138 1711 neque
2163 1656 2227 1694 ex
2258 1640 2566 1710 proditione
2589 1641 2738 1697 ullus
2765 1644 3208 1712 pessumdantem
3230 1642 3548 1709 convincet;

1962 1733 2057 1788 sed
2086 1742 2139 1787 et
2181 1749 2211 1787 a
2254 1732 2524 1802 principio
2569 1734 2779 1788 vultum
2821 1733 3225 1790 immutabilem
3268 1740 3324 1789 et
3361 1734 3550 1790 turba-

1966 1827 2112 1882 tione
2144 1828 2294 1882 omni
2335 1828 2662 1883 mundatum
2700 1829 3085 1894 conservabit;
3133 1836 3188 1884 et
3214 1844 3309 1911 eas
3336 1844 3459 1899 quae.
3491 1829 3546 1884 in

1962 1935 2022 1975 se
2066 1931 2197 1975 sunt
2244 1922 2526 1977 naturales
2578 1922 2725 1977 vires
2773 1921 3054 1977 additione
3104 1937 3295 1977 earum
3349 1937 3473 1992 qua:
3515 1938 3545 1977 a

1960 2012 2134 2082 gratia
2186 2021 2313 2068 sunt
2370 2015 2683 2080 roborabit,
2714 2015 3011 2071 ostendens
3061 2030 3248 2069 revera
3278 2024 3543 2085 quantum

1950 2112 2172 2173 superet
2200 2103 2301 2158 viri
2336 2105 2546 2161 eordati
2580 2106 2850 2176 sapientia
2881 2106 3057 2160 timidi
3086 2107 3360 2176 ignaviam
3388 2117 3442 2161 et
3467 2105 3546 2161 fa-

1949 2192 2072 2247 cilis
2121 2194 2382 2263 operibus
2430 2196 2548 2265 capi
2586 2197 2812 2251 multam
2848 2197 3102 2252 habentis
3150 2195 3544 2252 insensibilita-

1951 2292 2079 2339 tem.

2274 2573 2601 2641 QUASSTIO
2637 2576 2772 2632 va
2823 2577 2932 2652 [αι.
2972 2578 3192 2652 LXIV].

1951 2666 2031 2719 Ad
2074 2683 2225 2737 quem
2266 2668 2423 2741 ﬁnem
2457 2678 2660 2739 spectat
2700 2670 2837 2725 illud
2875 2687 2894 2725 :
2933 2690 2952 2722 ι
2984 2672 3268 2727 Generatia
3305 2675 3540 2741 prwterit

2018 2746 2067 2790 et
2122 2740 2389 2806 generatio
2448 2741 2697 2802 advenit,
2749 2752 2891 2797 terra
2945 2753 3124 2799 autem
3180 2745 3236 2799 in
3286 2740 3540 2801 (sternunt

2018 2816 2142 2861 stat.
2182 2827 2200 2859 ι

2013 2817 2142 2862 stat.
2182 2827 2200 2859 ι

1293 2968 1435 3018 Edita
1455 2983 1483 3017 a
1505 2968 1646 3032 Maio,
1681 2971 1714 3021 l.
1740 2981 1783 3020 c.
1813 2983 1862 3032 p.
1900 2969 2066 3020 78-80.
2092 2970 2146 3020 In
2180 2970 2345 3021 Ecele.
2373 2983 2406 3034 ι,
2444 2973 2493 3024 4.

269 3151 273 3153 .
305 3105 494 3162 Εἰπὼν
522 3108 631 3162 τῶν
663 3111 966 3185 ἀνθρώπων
999 3118 1027 3170 ό
1057 3118 1310 3188 Σολομὼν
1340 3122 1405 3176 τὰ
1440 3123 1835 3195 σπουδάσματα
1860 3123 1883 3181 (

2007 3121 2143 3176 Cum
2188 3123 2419 3179 dixisset
2448 3123 2732 3181 hominum
2776 3124 3001 3183 Salomo
3043 3129 3221 3185 studia
3263 3137 3319 3185 et
3359 3133 3539 3189 conti-

231 3198 332 3251 καὶ
377 3201 504 3263 τοὺς
557 3201 825 3273 διηνεκεῖς
880 3207 1079 3273 πόνους
1112 3210 1206 3274 οὒς
1257 3215 1388 3284 περὶ
1427 3216 1529 3286 τὴν
1594 3216 1690 3270 τοῦ
1725 3216 1842 3286 βίου

1961 3230 2095 3268 nuos
2120 3214 2335 3271 labores
2364 3232 2505 3286 quos
2537 3218 2605 3273 ad
2640 3220 2762 3273 vitae
2806 3218 3122 3277 l‘ruitionem
3175 3222 3532 3293 impendunt,

229 3289 538 3346 ἀπόλαυσιν
588 3295 1041 3365 καταϐάλλονται,
1091 3300 1406 3374 διαθαρῤεῖν
1472 3308 1554 3370 είς
1618 3310 1839 3378 ματαιόο

1961 3305 2146 3360 cedere
2181 3306 2233 3360 in
2271 3308 2564 3363 vanitatem
2591 3348 2606 3375 ,
2638 3319 2693 3364 et
2718 3310 2931 3366 nullum
2964 3312 3143 3381 majus
3175 3313 3422 3371 invenire
3451 3316 3538 3371 lu-

228 3398 394 3452 τητα,
441 3384 536 3437 καὶ
583 3385 748 3455 μηδὲν
802 3389 966 3443 πλέον
1018 3392 1295 3464 εὑρίσκειν
1346 3397 1539 3470 κέρδος
1574 3400 1665 3454 τὸν
1743 3419 1841 3471 μο-

1961 3412 2101 3451 crum
2141 3414 2372 3470 operose
2414 3410 2663 3471 agentem
2715 3410 2772 3457 et
2817 3401 3153 3458 laborantem
3203 3418 3270 3460 eo
3317 3405 3411 3475 qui
3463 3405 3533 3462 ad

227 3474 465 3544 χθοῦντα
496 3477 593 3531 καὶ
617 3481 893 3536 κοπιῶντα
930 3483 1024 3538 τοῦ
1059 3486 1195 3556 πρὸς
1229 3489 1398 3559 μηδὲν
1464 3493 1669 3547 τούτων
1720 3497 1841 3558 ταῖς

1961 3489 2158 3545 nullum
2202 3490 2399 3547 horum
2445 3493 2594 3549 curis
2641 3494 2895 3564 respicit,
2923 3495 3017 3550 sed
3051 3496 3305 3552 similiter
3333 3511 3533 3569 corpo—

228 3568 531 3637 μερίμναις
560 3571 983 3641 ἀποϐλέποντος,
1015 3577 1131 3631 ἀλλ’
1159 3581 1364 3648 ὁμοίως
1414 3583 1514 3653 μὲν
1571 3587 1684 3650 τοῖς
1729 3605 1838 3640 σω-

1961 3581 2156 3637 ralibus
2184 3582 2469 3639 affectibus
2496 3583 2831 3655 subjectum,
2853 3601 3009 3656 aeque
3034 3596 3215 3641 autem
3245 3587 3313 3643 ad
3336 3568 3533 3643 immu-

227 3661 491 3728 ματικοῖς
538 3662 764 3718 πάθεσιν
825 3666 1205 3740 ὑποκείμενον,
1249 3674 1309 3727 ὲν
1351 3672 1449 3745 ῐσῳ
1487 3675 1542 3729 δὲ
1571 3678 1707 3749 προς
1740 3680 1838 3734 ἀλ-

1961 3673 2210 3728 .ationem
2241 3683 2297 3729 et
2333 3675 2742 3746 corruptionem
2791 3676 3078 3734 habentem
3105 3692 3307 3749 corpus
3335 3678 3529 3749 dispo-

224 3752 448 3806 λοίωσιν
506 3755 603 3809 καὶ
651 3758 860 3828 φθορὰν
911 3762 1104 3831 ἔχοντα
1151 3763 1211 3817 τὸ
1254 3766 1415 3837 σῶμα
1456 3768 1830 3842 διακείμενον,

1961 3764 2108 3819 iitum
2130 3806 2146 3833 ,
2170 3773 2224 3820 et
2254 3766 2321 3821 ad
2357 3767 2614 3824 eumdem
2648 3768 2813 3824 tinem
2842 3779 3155 3841 pergentem
3189 3778 3245 3826 et
3271 3769 3529 3826 occiden-

224 3845 369 3909 πρὸς
409 3847 597 3915 ὅμοιον
640 3849 697 3904 δὲ
750 3851 902 3917 τέλος
947 3854 1199 3909 ὁδεύοντα
1244 3858 1337 3909 καὶ
1386 3860 1823 3931 καταδυόμενον.

1964 3870 2090 3922 em;
2125 3857 2237 3913 haec
2267 3872 2392 3912 cum
2427 3858 2657 3915 dixisset
2695 3867 2749 3915 et
2773 3861 3107 3917 ostendisset
3141 3876 3238 3932 per
3265 3862 3384 3917 haec
3407 3876 3530 3917 ver-

222 3934 416 3988 Ταῦτα
449 3936 618 3992 εἰπὼν
648 3941 739 3993 καί
764 3942 1171 4014 ἐπιδειξάμενος
1204 3946 1292 3998 διὰ
1318 3947 1412 4000 τοῦ
1439 3949 1616 4003 εἰπεῖν
1642 3967 1655 3981 ·
1684 3970 1703 4003 ι
1735 3952 1831 4015 Τίς

1961 3963 2006 4001 ia
2047 3965 2062 4003 :
2118 3969 2137 4000 ι
2169 3949 2311 4016 Quid
2363 3961 2616 4020 superest
2665 3953 2872 4008 homini
2920 3954 2973 4007 in
3012 3957 3161 4008 omni
3206 3954 3392 4010 labore
3414 3971 3526 4024 quo

223 4028 516 4096 περισσεία
543 4029 621 4101 τῷ
644 4030 917 4103 ἀνθρώπῳ
943 4034 1001 4088 ὲν
1030 4037 1193 4089 παντὶ
1230 4037 1413 4109 μόχθῳ
1439 4040 1603 4094 αὐτοῦ
1649 4034 1693 4109 ᾧ
1726 4060 1826 4112 μο-

1961 4040 2150 4097 aborat
2195 4043 2298 4097 sub
2342 4044 2495 4098 sole?
2533 4062 2552 4096 ι
2592 4043 2825 4115 (Etenim
2848 4087 2865 4112 ,
2911 4046 3059 4116 quid,
3085 4047 3195 4100 illic
3227 4061 3327 4117 pro
3358 4046 3524 4114 nihil,

234 4116 362 4185 χθεί
401 4118 507 4171 ὑπὸ
534 4120 626 4173 τὸν
651 4121 804 4192 ἥλιον
832 4124 945 4194 εῖη;
979 4144 997 4179 ι
1038 4125 1155 4193 (καὶ
1182 4127 1293 4198 γὰρ
1324 4128 1406 4192 τὸ,
1443 4130 1555 4196 τίς,
1588 4131 1825 4186 ἐνταῦθα

1961 4133 2174 4187 .umitur
2199 4151 2214 4199 ;
2250 4135 2413 4204 quale
2441 4143 2525 4190 est
2553 4154 2566 4190 :
2606 4136 2754 4190 nulla
2783 4137 3153 4192 abundantior
3188 4116 3398 4194 utilitas
3426 4140 3525 4194 ho-

221 4210 345 4261 ἀντὶ
374 4211 493 4275 τοῦ,
524 4212 794 4283 οὐδεμία,
825 4215 1170 4285 λαμόάνεται
1191 4236 1203 4247 ·
1231 4215 1343 4274 οἷον
1368 4222 1599 4293 οὐδεμία
1629 4242 1821 4295 περισ-

1961 4223 2066 4277 nini
2098 4225 2284 4293 prodit
2314 4225 2368 4278 in
2403 4226 2554 4280 omni
2588 4227 2775 4282 labore
2811 4244 2915 4282 suo
2954 4228 3058 4283 sub
3096 4229 3245 4297 sole,
3278 4245 3444 4298 quam
3474 4231 3521 4284 si

225 4299 431 4371 σοτέρα
465 4301 700 4371 ὠφέλεια
745 4304 826 4375 τῷ
870 4306 1146 4379 ἀνθρώπῳ
1194 4312 1538 4382 περιγίνεται
1569 4315 1627 4367 ὲν
1656 4314 1820 4369 παντὶ

1968 4315 2001 4370 d
2048 4316 2184 4370 nihil
2239 4317 2439 4371 horum
2493 4320 2840 4375 atterebatur
2881 4330 2939 4375 et
2987 4321 3262 4377 tendebat.
3305 4320 3521 4376 Etenim

227 4391 416 4462 μόχθῳ
449 4394 618 4449 αὑτοῦ
642 4396 748 4450 ὑπὸ
768 4398 860 4451 τὸν
885 4399 1057 4470 ἥλιον,
1095 4401 1127 4472 ἢ
1163 4402 1212 4455 εί
1246 4404 1384 4473 πρὸς
1415 4407 1584 4476 μηδὲν
1608 4406 1817 4462 τούτων
1850 4481 1863 4482 7

1961 4422 2041 4461 non
2077 4407 2253 4463 libero
2282 4424 2314 4463 a
2351 4409 2446 4464 tali
2471 4409 2713 4464 vanitate
2747 4411 2948 4467 melius
2978 4412 3033 4466 in
3067 4410 3255 4481 aliquo
3283 4412 3521 4482 disposi-

221 4486 580 4557 κατετρίϐετό
627 4507 685 4543 τε
719 4492 815 4545 καὶ
861 4494 1241 4549 κατετείνετο·
1268 4497 1329 4550 οὐ
1362 4498 1469 4570 μὴν
1503 4500 1626 4554 οὐδὲ
1672 4503 1811 4574 πρὸς
1846 4481 1883 4536 Π

1961 4519 2014 4559 us
2037 4503 2388 4571 ostenditur),
2411 4504 2677 4561 absistere
2696 4505 2862 4576 igitur
2885 4523 2916 4563 a
2946 4507 3131 4564 studio
3152 4509 3300 4565 circa
3322 4508 3441 4577 haec
3462 4516 3520 4563 et

218 4575 313 4629 τὸν
344 4577 769 4650 ἀπηλλαγμένον
799 4584 1058 4658 τοιαύτης
1094 4590 1456 4659 ματαιότητος
1487 4592 1711 4662 ἄμεινόν
1756 4612 1810 4649 τι

1961 4594 2164 4649 anitate
2218 4594 2431 4650 inducit
2473 4575 2941 4653 exhortationem.
2996 4597 3113 4653 Sub
3168 4597 3286 4655 sole
3333 4575 3513 4654 autem

219 4665 568 4738 διακείμενος
611 4672 957 4743 δείκνυται·)
1004 4679 1305 4747 άφεστᾶναι
1346 4681 1437 4735 διὰ
1488 4684 1650 4738 τοῦτο
1711 4687 1811 4757 τῆς

1961 4684 2196 4755 ppellare
2219 4685 2360 4741 solet
2409 4702 2754 4758 quascunque
2785 4689 2963 4761 magis
2990 4690 3360 4761 generationis
3386 4687 3517 4746 sum

221 4758 351 4828 περὶ
382 4759 560 4815 ταῦτα
594 4764 831 4834 σπουδῆς
866 4765 962 4818 καὶ
1006 4768 1370 4841 ματαιότητος
1415 4772 1629 4842 εἰσάγει
1676 4790 1814 4845 παρα
1850 4760 1857 4771 ’

1961 4776 2226 4834 tinisteria
2273 4789 2328 4833 et
2358 4781 2766 4850 corruptionis;
2823 4758 3015 4851 utpote
3052 4781 3197 4836 illius
3238 4781 3512 4837 discrimi-

217 4850 453 4905 αἰνεσιν.
490 4852 628 4906 Ὑπὸ
653 4854 746 4909 τὸν
775 4856 926 4924 ἥλιον
948 4858 1007 4912 δὲ
1042 4860 1228 4916 καλεῖν
1257 4862 1448 4917 εἴωθεν
1478 4864 1579 4918 ὅσα
1609 4868 1812 4937 μᾶλλον

1961 4869 2038 4923 ari
2066 4871 2421 4941 corruptione
2444 4871 2721 4928 Creatoris
2749 4850 2917 4929 verbo
2944 4872 3238 4929 ordinante
3262 4882 3510 4930 aestatem

219 4941 492 5034 γενέσεώς
519 4942 670 4999 ἐστιν
701 4947 1104 5022 ὑπηρετήματα
1120 4955 1228 5034 ,καὶ
1257 4954 1463 5027 φθορᾶς
1484 4974 1499 4987 ο
1534 4958 1627 5012 ἅτε
1653 4959 1718 5031 δὴ
1741 4963 1808 5033 τῇ

1961 5005 1967 5017 .
1998 4962 2255 5029 hiemem,
2274 4973 2329 5018 et
2357 4979 2480 5034 qua:
2506 4967 2646 5019 inter
2670 4966 2786 5021 htec
2802 4972 2930 5020 sunt
2958 4980 3052 5021 ver
3080 4974 3135 5021 et
3160 4974 3508 5022 autumnum.
3584 4988 3587 4991 π

218 5032 434 5125 ἐκείνου
495 5036 949 5111 συνδιαφέρεσθαι
1024 5032 1204 5117 φθορᾷ
1259 5047 1355 5101 τοῦ
1411 5032 1807 5123 δημιουργικοῧ

1961 5053 2054 5118 ,υἰο
2081 5055 2249 5125 igitur
2271 5032 2524 5124 magnam
2556 5066 2767 5125 partem
2794 5055 3050 5112 conducit
3080 5056 3215 5111 solis
3243 5056 3311 5111 ad
3353 5055 3511 5111 hora-

218 5124 382 5192 λόγου
412 5126 677 5194 τάξαντος
710 5130 867 5202 θέρος
901 5135 997 5188 καὶ
1021 5137 1292 5207 χειμῶνα,
1338 5141 1437 5194 καὶ
1479 5142 1548 5195 τὰ
1596 5146 1803 5214 μεταξὺ

1961 5162 2039 5200 im
2089 5124 2472 5217 generationes
2511 5124 2711 5203 cursus
2735 5185 2751 5212 ,
2790 5149 2873 5203 hae
2911 5155 3095 5203 autem
3129 5145 3509 5218 corporalibus

214 5217 424 5310 τούτων
485 5219 587 5292 ἔαρ
643 5239 706 5275 τε
762 5226 857 5277 καὶ
913 5227 1254 5301 μετόπωρον.
1321 5232 1476 5287 Ἐπεὶ
1522 5229 1615 5288 οὖν
1659 5237 1803 5307 μέγα

1961 5280 1964 5292 ,
2005 5241 2262 5294 humanis
2314 5238 2372 5293 in
2424 5239 2579 5310 pejus
2627 5248 2724 5295 aut
2773 5240 2975 5297 melius
3014 5217 3413 5296 mutationibus
3443 5247 3503 5294 et.

219 5306 383 5377 μέρος
412 5312 726 5382 συνεισάγει
759 5316 789 5370 ὁ
815 5315 913 5369 τοῦ
959 5318 1116 5389 ἡλίου
1164 5321 1303 5393 πρὸς
1345 5324 1448 5388 τὰς
1499 5325 1608 5379 τῶν
1637 5306 1798 5399 ὡρῶν

1965 5330 2369 5387 anslationibus
2417 5306 2614 5387 multas
2656 5332 2985 5390 occasiones
3022 5333 3325 5399 inducunt,
3362 5332 3505 5387 bene

214 5404 458 5498 γενέσεις
491 5409 714 5481 δρόμος,
744 5414 799 5467 αἱ
826 5413 883 5467 δὲ
911 5418 1031 5481 ταῖς
1077 5423 1423 5489 σωματικαῖς
1459 5424 1556 5477 καὶ
1584 5425 1799 5498 ἀνθρω-

215 5496 401 5562 πίναις
438 5501 533 5555 ἐπὶ
561 5504 623 5556 τὸ
650 5507 831 5577 χεῖρον
873 5506 905 5578 ἦ
955 5509 1018 5561 τὸ
1055 5512 1306 5569 κρεῖττον
1354 5496 1804 5574 ἀλλοιώσεσιήκαὶ

1961 5518 2218 5574 ιοΙοειὶοιη
2275 5518 2378 5573 sub
2428 5518 2579 5585 sole,
2630 5518 2685 5573 in
2722 5533 2939 5575 vanum
2999 5520 3279 5577 studiosos
3310 5533 3498 5575 eorum

218 5587 544 5655 μεταϐολαῖς
569 5592 774 5658 πολλὰς
799 5597 1058 5670 ἀφορμάς
1084 5603 1526 5672 συνεισάγουσιν,
1571 5610 1799 5676 εἰκότως

1964 5614 2209 5670 stitlcans
2236 5614 2413 5671 atteri.

213 5677 308 5748 τὴν
325 5681 455 5781 περὶ
478 5682 548 5781 τὰ
567 5682 793 5781 τοιαῦτα
818 5689 1055 5761 σπουδὴν
1079 5693 1172 5746 καὶ
1197 5696 1453 5765 φροντίδα
1478 5704 1845 5774 κατονομάξει
1905 5707 2077 5763 κόπον
2117 5710 2211 5763 καὶ
2243 5706 2448 5780 μόχθον
2473 5706 2579 5762 ὑπὸ
2611 5707 2704 5763 τὸν
2728 5708 2905 5780 ἥλιον,
2961 5710 3043 5774 είς
3109 5709 3291 5781 μάνην
3358 5713 3488 5777 τοὺς

215 5772 551 5839 σπουδαστάς
613 5776 796 5833 αὐτῶν
857 5784 1271 5854 μαρτυρόμενος
1321 5772 1767 5861 κατατρίϐεσθαι.

1916 5424 2062 5479 circa
2091 5424 2205 5479 haec
2230 5423 2472 5478 studium
2504 5433 2559 5479 et
2582 5439 2773 5480 curam
2809 5425 3130 5481 denomiuat
3164 5427 3406 5482 laborem
3446 5436 3502 5483 et
