3884 6202
358 324 463 391 427

361 554 508 594 nunc
528 537 662 593 dicit
692 553 802 592 non
833 538 1012 593 solum
1041 551 1494 608 unumquemque
1520 553 1710 592 eorum
1739 539 1942 594 nullum

357 627 712 687 commodum
749 627 1036 699 percipere
1080 642 1146 682 ex
1195 627 1472 683 continuis
1511 627 1944 686 distensionibus

360 733 416 778 et
440 721 723 778 laboribus
749 761 764 786 ,
797 727 984 790 utpote
1013 735 1108 790 per
1138 721 1544 790 generationem
1573 731 1628 772 ct
1663 721 1941 775 interitum

361 813 679 881 ﬂuentibus,
711 813 953 870 studium
987 812 1313 868 incessabile
1340 820 1394 866 et
1419 826 1608 865 curam
1641 813 1940 884 exciperet,

362 907 458 965 sed
496 916 551 963 et
583 921 751 977 super
779 904 1186 977 generationem
1223 913 1392 960 totam
1423 903 1602 958 simile
1639 904 1802 960 inane
1830 914 1946 960 stu-

360 1001 513 1056 dium
546 999 682 1054 nihil
717 999 900 1053 minus
928 998 1112 1054 videre
1150 1012 1276 1054 esse
1307 999 1802 1066 supervenientem.
1835 999 1944 1054 Ge-

365 1091 712 1149 nerationum
757 1091 906 1145 enim
952 1107 1060 1146 una
1089 1089 1310 1160 quidem
1361 1090 1567 1159 optimo
1601 1090 1840 1146 adhaeret
1890 1100 1945 1146 et

365 1184 474 1238 alia
505 1183 724 1254 quidem
747 1183 815 1238 ad
841 1183 972 1238 vilia
994 1195 1217 1253 quoque
1249 1180 1477 1235 inclinat
1505 1198 1520 1248 ;
1574 1183 1661 1235 illa
1698 1183 1800 1237 sub
1831 1183 1945 1238 sole

368 1275 966 1331 laborantibus-abiens
1004 1274 1216 1330 tristem
1250 1273 1457 1326 invenit
1486 1284 1539 1326 et
1569 1274 1803 1328 miseriae
1830 1275 1944 1344 ple—

369 1383 497 1422 num
523 1381 801 1424 recessum
826 1408 842 1433 ,
867 1376 923 1422 ct
952 1365 1178 1422 veniens
1214 1366 1282 1419 ad
1318 1363 1453 1418 nihil
1481 1364 1614 1418 utile
1642 1364 1782 1417 vium
1816 1379 1945 1434 per.

367 1460 500 1515 ticit.
529 1457 634 1514 Sed
669 1474 700 1514 e
731 1457 1007 1513 contrario
1037 1457 1303 1513 molestiae
1333 1466 1388 1511 et
1411 1456 1623 1510 labores
1655 1455 1797 1510 hanc
1831 1472 1947 1525 pre-

367 1559 596 1616 mentes,
629 1565 732 1621 pro
753 1566 818 1605 eo
843 1560 901 1604 nt
922 1548 1199 1618 praebeant
1227 1547 1543 1608 utilitatem,
1570 1548 1798 1602 irrident
1823 1563 1942 1603 eam

362 1645 431 1699 de
460 1643 731 1709 vanitate;
765 1643 880 1699 haec
912 1657 1042 1697 vero
1075 1658 1138 1698 ea
1171 1657 1297 1712 quae
1335 1642 1386 1694 in
1417 1640 1773 1712 generatione
1801 1650 1856 1694 et
1890 1641 1943 1693 in

363 1734 749 1806 corruptione,
778 1734 832 1789 id
861 1744 946 1788 est
981 1732 1086 1788 sub
1111 1732 1229 1788 sole
1260 1740 1432 1797 sunt,
1481 1731 1739 1802 prudenti
1778 1747 1940 1786 sensu

1517 328 1782 390 PHOTII
1807 329 2314 393 PATRIARCIIi/E
2353 333 2464 394 CP.

432 444 540 503 Sed
566 444 685 502 lucc
705 443 774 502 de
793 444 1025 518 singulis
1044 444 1358 501 hominibus
1385 458 1509 500 cum
1547 447 1903 515 pramisisset
1922 485 1943 510 ,
1978 452 2020 507 Α

3539 329 3648 393 428

2137 449 2296 503 Ἀλλά
2327 450 2436 520 γὰρ
2477 447 2651 502 ταῦτα
2687 447 2818 517 περὶ
2852 447 2961 501 τῶν
2990 447 3310 503 καθέκαστα
3343 450 3644 519 προδιαλαο

2055 541 2166 596 ϐὼν
2193 541 2518 614 ἀνθρώπων,
2543 541 2637 595 νῦν
2671 558 2837 612 φησιν
2864 540 2939 605 ὡς
2969 541 3031 594 οὐ
3074 541 3238 612 μόνον
3265 541 3500 606 ἕκαστος
3540 547 3606 597 αὐ

2051 633 2163 687 τῶν
2191 634 2344 687 οὐδὲν
2396 634 2589 705 κέρδος
2629 633 3042 704 προσλαμϐάνει
3088 633 3179 688 διὰ
3236 634 3349 687 τῶν
3396 637 3598 706 συνεχό
3612 653 3644 700 ς

2055 725 2457 798 περισπασμῶν
2478 725 2574 779 καὶ
2604 725 2712 778 τῶν
2743 724 2942 784 πόνων,
2972 717 3084 777 οἷον
3115 725 3225 777 τῶν
3248 725 3337 778 διά
3369 727 3641 793 γενέσεως

2053 820 2147 873 καὶ
2170 819 2380 890 φθορᾶς
2411 819 2663 883 ῥεόντων,
2689 818 2790 890 τὴν
2817 821 3056 889 σπουδὴν
3081 818 3364 873 ἄπαυστον
3391 819 3487 871 καὶ
3516 819 3643 870 ἐπι-

2057 909 2279 981 μέλειαν
2307 909 2680 980 ἀναδέχονται,
2733 909 2870 964 ἀλλὰ
2904 911 2998 964 καὶ
3043 911 3136 964 ἐπὶ
3171 911 3365 979 γενεᾶς
3385 910 3517 981 ὅλης
3543 908 3644 978 τὴν

2053 998 2248 1070 ὁμοίαν
2271 1001 2661 1054 κενοσπουδίαν
2697 1001 2852 1054 οὐδὲν
2885 1001 3111 1054 ἔλαττον
3166 1002 3298 1072 όρᾷν
3333 1001 3450 1054 ἔστι
3504 1017 3646 1070 συμ-

2057 1091 2372 1146 ϐαίνουσαν.
2405 1091 2529 1144 Τῶν
2551 1092 2662 1163 γὰρ
2694 1092 2898 1160 γενεῶν
2931 1093 2964 1162 ἦ
2993 1109 3052 1145 τε
3077 1091 3172 1146 τοῦ
3197 1091 3512 1164 κρείττονος
3545 1091 3646 1143 ἀν-

2053 1182 2322 1254 τεχομένη
2359 1183 2454 1236 καὶ
2479 1184 2543 1254 δὴ
2569 1184 2665 1237 καὶ
2689 1187 2722 1255 ἡ
2752 1184 2888 1255 πρὸς
2923 1184 2984 1238 τὸ
3019 1184 3224 1255 φαῦλον
3245 1184 3642 1247 ἀποκλίνουσα,

2052 1276 2088 1346 ἡ
2114 1275 2212 1343 μὲν
2244 1274 2350 1328 ὑπὸ
2374 1276 2468 1329 τὸν
2489 1276 2642 1346 ἥλιον
2675 1275 2982 1348 μοχθήσασι
3013 1278 3368 1349 ἀπερχομένη
3394 1276 3645 1348 σκυθρω-

2054 1364 2155 1416 πὸν
2183 1364 2428 1435 εὑρίσκει
2463 1368 2560 1420 καὶ
2591 1365 2910 1437 ἀθλιότητος
2939 1366 3120 1438 πλήρη
3149 1366 3248 1439 τὴν
3265 1366 3644 1439 ἀναχώρησιν,

2051 1457 2146 1510 καὶ
2194 1457 2466 1529 ἐρχομένη
2511 1459 2647 1528 πρὸς
2672 1459 2824 1513 οὐδὲν
2867 1459 2977 1512 τῶν
3028 1458 3316 1531 χρησίμων
3373 1461 3474 1531 τήν
3524 1458 3648 1513 ὁδὸν

2051 1547 2245 1602 ἀνύει·
2281 1549 2419 1602 ἀλλά
2473 1550 2786 1605 τούναντίον
2843 1551 3032 1622 μόχθοι
3081 1551 3178 1604 καὶ
3232 1551 3396 1604 κόποι
3434 1549 3649 1620 ταύτην

2053 1639 2447 1706 συνθλίδοντες,
2479 1642 2602 1697 ἀντὶ
2619 1642 2715 1696 τοῦ
2750 1643 3008 1714 παρέχειν
3052 1642 3273 1711 ὄφελος,
3318 1641 3650 1710 ἐπιγελῶσιν

2055 1730 2224 1801 αὐτὴν
2253 1732 2351 1802 τῆς
2378 1733 2742 1803 ματαιότητος
2766 1749 2780 1763 ⁸
2808 1734 2841 1802 ἡ
2865 1733 2922 1786 δὲ
2942 1733 3013 1786 τὰ
3045 1734 3107 1785 ἐν
3140 1733 3356 1801 γενέσει
3381 1733 3478 1785 καὶ
3511 1731 3648 1800 φθο-

363 1827 667 1908 abjieieus,
711 1835 767 1882 et
823 1826 1091 1881 rationem
1133 1840 1324 1880 eorum
1359 1839 1701 1895 quaecunque
1741 1834 1945 1879 natura:

2061 1824 2422 1894 οᾷ,τουτέστιν
2447 1825 2514 1877 τὰ
2547 1824 2652 1877 ὑπὸ
2675 1823 2766 1876 τὸν
2793 1824 3209 1896 ήλιον,σώφρονι
3232 1824 3483 1894 λογισμῷ
3505 1841 3653 1894 παρ-

363 1918 643 1973 viuculum
701 1914 1185 1986 indeprecabiliter
1236 1931 1343 1970 non
1396 1914 1693 1984 exigebat,
1745 1915 1949 1969 nullam

367 2011 600 2079 habens,
623 2009 722 2064 sed
770 2023 894 2080 quae
939 2024 1103 2078 supra
1143 2007 1317 2064 solem
1344 2047 1359 2071 ,
1402 2007 1453 2061 id
1490 2015 1575 2061 est
1613 2023 1955 2078 quaecunque

367 2102 590 2158 meliora
621 2108 868 2157 sunt.....
895 2101 964 2155 iis
997 2116 1119 2170 quae
1149 2099 1202 2154 itt
1239 2103 1590 2171 generatione
1617 2109 1673 2154 et
1706 2101 1950 2168 interitu,

362 2195 661 2266 exquirens
687 2201 743 2248 et
773 2191 1172 2264 philosopharis
1198 2232 1213 2256 ,
1247 2194 1446 2247 animae,
1478 2194 1770 2262 puritatem
1797 2234 1812 2259 ,
1855 2195 1952 2248 nti-

363 2285 732 2342 sericordiam
766 2284 998 2355 proximi
1035 2285 1261 2338 hilarem
1290 2283 1581 2339 facientem
1613 2291 1667 2338 et
1696 2285 1948 2357 mitigan—

365 2393 472 2436 tcm
508 2396 604 2435 t-as
633 2395 756 2450 qua:
790 2388 919 2434 sunt
964 2393 994 2432 a
1037 2387 1357 2447 paupertate
1392 2377 1614 2447 plagas;
1653 2378 1697 2432 si
1725 2392 1856 2432 vero
1900 2389 1954 2432 et

361 2472 588 2529 omnino
617 2487 648 2526 a
679 2471 999 2526 vulneribus
1044 2469 1332 2526 liberantia
1363 2479 1416 2525 et
1449 2471 1593 2538 quod
1629 2471 1796 2525 totius
1835 2470 1938 2526 dis-

366 2564 656 2634 positionis
683 2561 1062 2618 felicissimum
1092 2571 1146 2615 et
1175 2560 1284 2615 Deo
1317 2561 1660 2616 simillimum
1692 2570 1796 2622 est,
1824 2577 1950 2630 pru-

361 2658 563 2714 tientia:
586 2669 774 2711 amore
792 2653 1270 2724 intemperantiam
1294 2653 1718 2708 exterminanda
1743 2660 1796 2706 et
1821 2654 1951 2706 cho-

365 2767 428 2806 ro
469 2750 704 2805 aliarum
736 2749 996 2804 virtutum
1028 2747 1411 2802 consonantia.
1479 2745 1628 2801 lianc
1664 2746 1830 2816 igitur
1860 2761 1952 2816 go-

365 2844 702 2900 nerationem
743 2851 797 2898 et
839 2841 1230 2911 complentium
1281 2857 1401 2896 eam
1435 2842 1742 2910 catalogttt‘n
1768 2880 1783 2903 ,
1833 2850 1953 2895 tan-

365 2952 528 3007 quam
557 2951 679 3008 quae
722 2934 854 2990 nihil
901 2949 1093 2990 eorum
1135 2949 1255 3003 qua:
1293 2934 1398 2989 sub
1441 2934 1558 2989 sole
1609 2942 1739 2987 sunt.
1772 2948 1954 3003 prose-

364 3038 577 3096 cutum,
601 3043 780 3099 neque
799 3043 921 3084 cum
957 3027 1021 3080 iis
1047 3042 1171 3096 quae
1194 3027 1247 3080 in
1279 3027 1631 3098 generatione
1654 3037 1706 3082 et
1729 3027 1950 3081 interitu

367 3121 535 3177 simul
575 3124 861 3191 abreptam
890 3129 944 3174 et
976 3118 1365 3189 absumptam,
1397 3119 1748 3175 manifestum
1780 3119 1954 3173 multo

369 3213 542 3283 magis
614 3211 739 3268 aliis
800 3211 867 3266 ad
939 3213 1167 3268 meliora
1238 3212 1580 3282 respexisse,
1647 3221 1953 3266 manentem

367 3316 424 3362 et
469 3304 676 3361 erroris
734 3314 1014 3376 expertem
1070 3304 1542 3360 conversationem
1595 3305 1956 3375 amplexatam

369 3413 471 3468 pro
502 3403 724 3452 errante
767 3405 823 3452 et
861 3395 1135 3452 diﬂluente
1171 3395 1241 3450 ad
1273 3395 1562 3450 vanitatem
1594 3411 1608 3446 :
1666 3398 1779 3450 haec
1827 3397 1960 3450 aeui-

368 3488 606 3558 gmatico
647 3496 706 3543 et
747 3489 970 3544 conriso
1003 3501 1258 3543 sermone
1295 3486 1688 3556 perstringens,
1728 3486 1955 3542 inducit.

447 3597 467 3632 ι
495 3577 666 3635 Terra
683 3589 865 3636 autem
883 3580 938 3634 in
957 3589 1222 3634 retentum
1242 3587 1352 3634 stat
1375 3595 1420 3644 ;i
1439 3587 1706 3633 aeternum
1737 3579 1956 3646 quidem

374 3687 580 3730 vorans
615 3682 829 3744 tempus
865 3673 919 3727 itt
949 3687 1062 3739 quo
1092 3671 1176 3726 soi
1205 3679 1261 3725 et
1298 3671 1427 3724 luna
1468 3679 1524 3725 et
1554 3669 1796 3726 siderum
1828 3672 1960 3727 cho-

371 3781 468 3820 rns
499 3774 555 3820 et
596 3764 776 3834 ipsum
803 3763 1028 3819 cteleste
1051 3763 1237 3833 polum
1263 3765 1316 3817 in
1349 3762 1601 3832 opposito
1627 3777 1794 3818 cursu
1823 3763 1960 3819 bene

371 3857 689 3912 ordinatum
719 3865 776 3912 et
807 3858 1234 3912 coneordantem
1269 3856 1530 3926 impetum
1561 3855 1629 3910 ad
1659 3856 1869 3911 dierum
1903 3867 1958 3913 et

372 3946 623 4002 noctium
677 3955 732 4002 et
777 3956 1084 4017 temporum
1129 3947 1516 4003 discretionem
1562 3958 1616 4003 et
1650 3951 1959 4004 renovatio-

374 4051 496 4091 uem
548 4035 602 4090 in
647 4053 783 4109 gyro
829 4048 1032 4109 agunt;
1089 4047 1291 4094 terram
1338 4050 1517 4094 autem
1572 4041 1768 4095 iterum
1797 4057 1959 4096 assu-

373 4141 532 4182 mens
589 4141 689 4197 pro
743 4129 1130 4199 redargutione
1181 4131 1346 4185 studii
1403 4147 1593 4185 eorum
1632 4133 1722 4200 qui
1777 4142 1960 4187 terunt

373 4234 505 4276 suas
548 4219 911 4292 cogitationes
965 4232 1020 4278 et
1059 4222 1375 4293 deprimunt
1430 4225 1767 4295 propositum
1811 4226 1956 4280 circa

371 4328 538 4379 vana,
593 4329 694 4384 pro
735 4329 804 4370 eo
849 4325 908 4369 ut
949 4314 1210 4371 deberent
1244 4317 1476 4372 libenter
1512 4317 1763 4373 insistere
1789 4320 1958 4373 salvi-

371 4406 494 4460 licis
523 4413 578 4459 et
598 4405 797 4461 animae
841 4405 1147 4462 allaborare
1178 4408 1345 4464 lucris
1373 4424 1386 4461 :
1418 4419 1626 4463 tantum
1656 4425 1789 4476 non,
1825 4413 1957 4482 quid

2054 1916 2334 1988 ωσαμένη,
2358 1917 2456 1970 καὶ
2477 1916 2634 1986 λόγον
2671 1919 2851 1971 αὐτῶν
2878 1918 2977 1972 ὅσα
3021 1917 3096 1989 μὴ
3128 1917 3273 1990 ὁτῆς
3305 1917 3522 1988 φύσεως
3561 1918 3653 1970 δεο

2058 2010 2195 2079 σμὸς
2222 2012 2610 2082 ἀπαραιτήτως
2633 2011 2855 2082 ἀπῄτει,
2891 2011 3096 2082 μηδένα
3123 2011 3324 2083 θεμένη
3350 2028 3366 2042 ·
3413 2009 3548 2063 ἀλλὰ
3579 2009 3652 2061 τὰ

2059 2101 2200 2173 ὑπὲρ
2225 2102 2318 2155 τὸν
2355 2102 2529 2173 ἥλιον,
2559 2103 2840 2156 τουτέστιν
2870 2104 2972 2158 ὅσα
3011 2103 3248 2172 κρείττω
3295 2103 3509 2171 πέφυκε
3535 2103 3649 2155 τῶν

2057 2195 2116 2246 ἐν
2147 2193 2361 2262 γενέσει
2383 2195 2479 2248 καὶ
2508 2196 2687 2267 φθορᾷ
2724 2194 3010 2265 ζητήσασά
3028 2211 3084 2247 τε
3109 2194 3202 2247 καὶ
3227 2193 3648 2263 φλοσοψήσασα,

2053 2286 2234 2357 ψυχῆς
2267 2286 2640 2360 καθαρότητα,
2669 2288 2818 2341 ἔλεον
2852 2286 2946 2340 τοῦ
2977 2286 3204 2357 πλησίον
3235 2284 3559 2356 ἱλαρύνοντά
3584 2301 3651 2336 τε

2057 2379 2154 2432 καὶ
2179 2377 2585 2449 διαπραΰνοντα
2612 2380 2709 2443 τὰς
2732 2380 2844 2433 ἀπὸ
2872 2379 2971 2449 τῆς
3003 2378 3194 2440 πενίας
3225 2377 3441 2447 πληγάς
3461 2393 3477 2406 ·
3505 2377 3553 2428 εἰ
3588 2375 3651 2428 δὲ

2058 2475 2150 2528 καὶ
2183 2474 2461 2538 παντελῶς
2482 2474 2592 2527 τῶν
2619 2474 2952 2545 τραυμάτων
2983 2471 3395 2525 ἀπαλλάττοντα
3425 2471 3519 2524 καὶ
3544 2469 3652 2540 τῆς

2057 2568 2184 2638 ὅλης
2213 2566 2508 2631 διαθέσεως
2553 2564 2976 2637 μακαριώτατόν
3003 2581 3064 2616 τε
3093 2565 3189 2616 καὶ
3218 2562 3649 2632 θεοειδέστερον,

2059 2658 2420 2732 σωφροσύνης
2449 2659 2612 2730 ἔρωτι
2638 2658 2739 2728 τὴν
2768 2656 3066 2712 ἀκολασίαν
3117 2652 3526 2726 ύπερορίζουσα
3549 2653 3654 2705 καὶ

2055 2753 2134 2823 τῷ
2184 2751 2329 2823 χορῷ
2360 2750 2468 2804 τῶν
2519 2748 2696 2803 ἀλλων
2756 2747 2970 2819 ἀρετῶν
3029 2744 3458 2816 συγχορεύουσα.
3495 2741 3655 2814 Αὕτη

2056 2845 2237 2898 τοίνυν
2259 2845 2292 2914 ὴ
2320 2842 2484 2912 γενεά
2501 2842 2595 2895 καὶ
2613 2841 2722 2894 τῶν
2751 2859 2815 2894 συ
2824 2840 2973 2911 μπλη
2982 2839 3221 2911 ρούντων
3238 2837 3407 2909 αὐτὴν
3427 2839 3457 2890 ὁ
3483 2837 3658 2891 κατά-

2056 2937 2236 3006 λογος,
2269 2934 2345 2999 ὡς
2389 2935 2559 3006 μηδὲν
2608 2933 2716 2987 τῶν
2762 2933 2868 2987 ὑπὸ
2924 2933 3017 2986 τὸν
3060 2933 3210 3004 ἥλιον
3267 2930 3652 2994 σπουδάσασα,

2063 3029 2197 3100 μηδὲ
2222 3029 2336 3092 τοῖς
2398 3030 2457 3080 ἐν
2489 3026 2702 3096 γενέσει
2753 3029 2845 3079 καὶ
2881 3024 3060 3096 φθορᾷ
3113 3022 3653 3094 συμπεριενεχθεῖσα

2063 3122 2158 3174 καὶ
2189 3119 2668 3189 συγκαταδύσασα,
2701 3118 2860 3190 δῆλον
2892 3119 2974 3171 ὅτι
3008 3119 3144 3170 πολὺ
3170 3117 3278 3169 τῶν
3304 3116 3484 3170 ἄλλων
3511 3114 3654 3186 πρὶς

2060 3215 2122 3266 τὸ
2155 3214 2404 3284 κρεῖττον
2454 3210 2757 3281 ἀπέϐλεψε,
2798 3211 2898 3281 τὴν
2961 3210 3226 3280 μένουσαν
3283 3208 3374 3262 καί
3429 3207 3656 3278 ἀπλανῆ

2063 3306 2343 3360 πολιτείαν
2373 3305 2802 3374 ἀπαλλαξαμένη
2832 3303 2932 3374 τῆς
2961 3303 3322 3372 πλανωμένης
3352 3303 3450 3354 καὶ
3497 3301 3661 3371 διαῤ-

2063 3399 2293 3472 ῥεούσης
2323 3399 2461 3471 πρὸς
2503 3398 2841 3470 ματαιότητα
2860 3414 2874 3428 ⁸
2907 3396 3080 3450 ταῦτα
3108 3396 3181 3466 τῷ
3211 3395 3659 3466 αἱνιγματίζοντε

2063 3493 2158 3544 καὶ
2187 3491 2616 3562 συντετμημένῳ
2647 3490 2790 3560 λόγῳ
2824 3488 3060 3555 διεξιὼν,
3092 3488 3367 3558 ἐπιφέρει.

2139 3603 2157 3635 ι
2199 3583 2262 3636 ’11
2284 3583 2342 3636 δὲ
2379 3583 2451 3654 γῆ
2499 3585 2578 3646 είς
2625 3582 2716 3634 τὸν
2739 3581 2912 3635 αἰῶνα
2942 3580 3204 3652 ἐστηκενσ
3253 3600 3270 3631 ι
3327 3579 3502 3632 αἰῶνα
3552 3579 3662 3650 μὲν

2061 3675 2242 3730 καλῶν
2276 3674 2368 3728 τὸν
2406 3675 2596 3745 χρόνον
2629 3675 2686 3726 ἐν
2722 3666 2876 3744 ᾧπερ
2897 3673 3047 3743 ἥλιος
3085 3671 3233 3743 καὶὴ
3268 3671 3464 3742 σελήνη
3500 3671 3660 3740 καὶή

2060 3769 2169 3823 τῶν
2199 3768 2415 3839 ἄστρων
2455 3767 2642 3838 χορεία
2699 3767 2793 3820 καὶ
2841 3764 3002 3819 αὐτὸς
3038 3767 3066 3818 ὁ
3108 3764 3361 3834 οὐράνιος
3396 3763 3560 3825 πόλος
3593 3764 3659 3815 ὲν

2062 3862 2328 3932 ἀντιθέτῳ
2354 3860 2550 3932 πορείᾳ
2575 3859 2675 3930 τὴν
2710 3857 2972 3912 εὔτακτόν
3002 3874 3061 3910 τε
3088 3860 3181 3910 καὶ
3199 3857 3518 3928 ἐναρμόνιον
3555 3872 3659 3925 φο-

2065 3958 2163 4025 ρὰν
2205 3955 2340 4026 πρὸς
2365 3953 2587 4025 ἡμερῶν
2620 3955 2714 4007 καὶ
2746 3953 2958 4008 νυκτῶν
2987 3954 3081 4005 καὶ
3128 3951 3337 4020 καιρῶν
3375 3950 3658 4020 διάκρισίν

2060 4065 2120 4101 τε
2153 4048 2246 4101 καὶ
2269 4047 2713 4100 ἀποκατάστασιν
2759 4043 3100 4097 ἀνελίσσουσι
3126 4059 3139 4072 ·
3185 4042 3283 4114 τὴν
3316 4041 3421 4112 γῆν
3451 4042 3509 4095 δὲ
3542 4042 3654 4094 πάο

2060 4141 2143 4193 λιν
2178 4139 2508 4210 παραλαϐὼν
2543 4140 2629 4192 ἐπ’
2660 4137 2868 4208 ἐλέγχῳ
2893 4137 2991 4206 τῆς
3048 4135 3282 4206 σπουδῆς
3315 4134 3424 4187 τῶν
3475 4151 3655 4189 κατα-

2060 4229 2366 4301 τριψάντων
2397 4227 2576 4281 αὐτῶν
2596 4229 2721 4290 τοὺς
2751 4226 3046 4294 λογισμοὺς
3083 4225 3177 4278 καὶ
3222 4225 3652 4278 καταναλωσάν-

2059 4340 2168 4376 των
2196 4321 2295 4394 τὴν
2334 4318 2655 4391 προαίρεσιν
2687 4319 2816 4387 περὶ
2848 4317 2918 4370 τὰ
2960 4317 3185 4388 μάταια,
3232 4315 3350 4369 ἀνθ’
3370 4309 3446 4370 ὧν
3481 4316 3656 4387 ὤφει-

2059 4413 2149 4468 λον
2209 4411 2606 4484 ἐμφιλοχωρείν
2673 4413 2784 4474 τοῖς
2835 4409 3205 4480 σωτηριιὶιδεσι
3266 4410 3359 4461 καὶ
3399 4410 3530 4480 περὶ
3586 4409 3655 4462 τὰ

373 4495 560 4562 enim,
589 4511 624 4552 ο
656 4496 856 4560 homo,
887 4498 1110 4564 dicens,
1155 4513 1222 4551 ex
1265 4508 1412 4553 tanta
1446 4499 1856 4569 importunitate
1897 4512 1952 4556 et

2061 4508 2263 4579 ψυχικά
2294 4503 2699 4576 φιλοπονεῖσθαι
2729 4502 2916 4574 κέρδη.
2959 4503 3278 4573 Μονονουχὶ,
3308 4501 3374 4554 Τί
3406 4502 3537 4574 γάρ,
3559 4503 3658 4555 ἄν-

375 4587 561 4643 stttdio
593 4587 836 4643 lucratus
885 4589 990 4643 es?
1042 4586 1238 4643 Nonne
1285 4589 1542 4643 similiter
1577 4591 1809 4644 aliorum
1863 4593 1958 4661 qui

375 4683 580 4738 nullam
612 4683 774 4738 talem
803 4683 1173 4737 turbationetn
1201 4686 1599 4746 sustinuerunt,
1633 4699 1810 4754 neque
1840 4687 1961 4740 talio

377 4775 482 4832 bus
512 4774 782 4830 ﬂuctuum
823 4775 1077 4845 procellis
1103 4774 1292 4843 iactati
1333 4774 1505 4829 sunt?
1547 4772 1740 4829 Nonne
1768 4791 1962 4845 quem-

377 4867 675 4924 admodqu
728 4868 839 4921 illis
887 4875 944 4923 et
983 4869 1213 4922 veniens
1261 4866 1416 4921 venis
1468 4876 1523 4920 et
1563 4867 1684 4922 abis
1729 4868 1962 4922 abiens?

379 4960 612 5029 teipsum
652 4976 784 5017 vero
822 4961 1054 5015 omnino
1102 4959 1302 5015 misere
1359 4959 1603 5029 privabis
1658 4961 1963 5016 felicitate?

375 5052 578 5124 quibus
605 5068 667 5108 ea
699 5068 823 5124 quae
851 5069 1017 5123 super
1036 5040 1220 5108 solem
1251 5064 1380 5108 sunt
1409 5063 1719 5123 quaerentes
1748 5062 1804 5108 et
1841 5055 1964 5122 phi-

380 5144 732 5216 losophantes
787 5144 1063 5200 fruuntur.
1127 5143 1196 5199 Et
1247 5145 1393 5212 quod
1451 5145 1816 5200 miserrimum
1879 5154 1964 5199 est

377 5237 558 5306 quoad
598 5239 896 5293 multorum
943 5237 1194 5293 laborum
1239 5247 1297 5292 et
1344 5237 1721 5293 molestiarum
1768 5237 1963 5293 discri-

380 5345 503 5384 men
530 5370 544 5397 ,
595 5330 700 5385 heu
739 5331 1084 5387 intolerabile
1109 5341 1164 5386 et
1189 5330 1399 5401 absque
1427 5329 1625 5386 solatio
1657 5327 1918 5384 damnum
1946 5331 1960 5384 ι

381 5422 437 5476 in
461 5419 621 5493 pejus
651 5422 910 5478 invenisti
942 5431 992 5477 te
1019 5434 1074 5477 et
1107 5433 1198 5478 tua
1227 5421 1628 5487 detrahentem,
1660 5421 1727 5474 ad
1759 5422 1961 5476 nullam
2022 5422 2027 5427 ’

377 5524 560 5570 autem
613 5513 903 5570 meliorum
952 5529 1137 5570 rerum
1187 5513 1591 5569 sustollentem.
1639 5510 1772 5568 Vide
1816 5514 1963 5568 enim

381 5619 556 5676 neque
584 5607 651 5662 ad
688 5608 994 5662 inattimum
1027 5607 1172 5663 istud
1209 5615 1264 5662 et
1303 5606 1593 5661 immotqu
1624 5613 1680 5661 et
1715 5621 1967 5661 commu-

381 5700 523 5755 niter
549 5703 806 5758 omnibus
837 5703 1148 5775 subjectum
1184 5712 1344 5760 terra:
1373 5700 1790 5759 fundamentum
1819 5745 1834 5768 ,
1871 5718 1966 5758 ne-

379 5804 486 5860 que
515 5791 581 5847 ad
617 5793 758 5850 istud
820 5811 913 5866 per
979 5796 1208 5853 multum
1254 5794 1388 5852 illud
1452 5793 1614 5852 inane
1685 5794 1960 5861 studium,

2065 4607 2270 4677 θρωπε,
2299 4602 2495 4668 λέγων,
2519 4597 2627 4652 ἀπὸ
2641 4598 2739 4668 τῆς
2757 4597 3027 4666 τοσαύτης
3056 4596 3330 4668 ὀχλήσεως
3363 4597 3462 4649 καὶ
3489 4607 3656 4648 σπου·

2064 4697 2161 4766 δῆς
2199 4692 2497 4762 ἐκέρδησας
2520 4705 2535 4754 ;
2561 4689 2658 4758 οὐχ
2680 4687 2879 4758 ὁμοίως
2894 4688 2992 4756 μὲν
3022 4687 3133 4738 τῶν
3161 4685 3336 4739 ἀλλων
3361 4686 3412 4739 οἳ
3445 4685 3654 4755 μηδένα

2061 4785 2305 4841 τοιοῦτον
2336 4784 2576 4854 τάραχον
2615 4780 2953 4847 ὑπέστησαν,
2993 4778 3127 4849 μηδὲ
3154 4777 3434 4841 τοιαύταις
3456 4794 3653 4847 τρικυ-

2064 4877 2216 4948 μίαις
2242 4874 2689 4946 ἐχειμάσθησαν;
2719 4872 2841 4940 ούχὶ
2867 4868 3263 4940 παραπλησίως
3315 4867 3527 4930 τούτοις
3560 4869 3654 4920 καὶ

2061 4968 2352 5038 ἐρχόμενος
2379 4964 2540 5037 ἔρχῃ,
2570 4963 2665 5018 καὶ
2681 4962 2896 5034 ἀπέρχῃ
2923 4961 3333 5032 ἁπερχόμενοςς
3371 4961 3568 5014 σαυτὸν
3595 4960 3652 5011 δέ

2061 5058 2279 5120 πάντως
2307 5055 2505 5119 ἀθλίως
2531 5055 2852 5124 ἀποστερεῖς
2873 5055 2970 5123 τῆς
3008 5053 3444 5125 μακαριότητος;
3475 5047 3558 5115 οἷς
3585 5052 3652 5104 τὰ

2063 5149 2204 5220 ὑπὲρ
2234 5150 2326 5202 τὸν
2347 5148 2498 5219 ἥλιον
2526 5149 2578 5200 oi
2597 5146 2885 5218 ζητοῦντες
2912 5148 3005 5200 καὶ
3026 5147 3490 5218 φιλοσοφήσαντες
3517 5150 3654 5200 ἀπο-

2062 5241 2317 5296 λαύουσι·
2348 5242 2442 5294 καὶ
2470 5241 2531 5293 τό
2561 5258 2624 5306 γε
2683 5239 3066 5310 χαλεπώτατον
3098 5241 3198 5311 τὴν
3230 5241 3338 5294 ἀπὸ
3373 5241 3482 5293 τῶν
3519 5241 3652 5294 πολ-

2063 5333 2170 5386 λῶν
2201 5333 2380 5386 πόνων
2427 5331 2527 5385 καὶ
2550 5332 2735 5387 κόπων
2761 5332 3048 5403 διαφορὰν,
3099 5333 3199 5401 φεῦ
3240 5337 3337 5400 τῆς
3368 5333 3651 5401 ἀφορήτου

2066 5429 2160 5480 καὶ
2196 5425 2589 5496 ἀπαρακλήτου
2607 5425 2832 5497 ζημίας,
2864 5427 2955 5478 ἐπὶ
2995 5424 3055 5478 τὸ
3095 5427 3276 5496 χεῖρον
3306 5420 3460 5494 εὗρες
3491 5425 3551 5476 σέ
3593 5441 3653 5476 τε

2067 5517 2248 5572 καὶτὰ
2282 5517 2350 5570 σά
2375 5517 2817 5586 κατασύρουσαν,
2875 5516 3009 5587 πρὸς
3035 5517 3189 5569 οὐδὲν
3237 5516 3294 5569 δὲ
3322 5515 3431 5568 τῶν
3467 5532 3650 5586 xput-

2067 5609 2237 5663 τόνων
2273 5610 2671 5680 ἀναφέρουσαν.
2726 5611 2868 5682 Ὅρα
2921 5610 3030 5680 γὰρ
3082 5610 3165 5662 ὄτι
3223 5607 3357 5678 μηδέ
3415 5608 3553 5678 πρὸς
3590 5606 3652 5659 τὸ

2069 5703 2274 5773 ἄψυχον
2291 5701 2449 5756 τοῦτο
2470 5705 2562 5756 καὶ
2588 5704 2842 5774 ἀκίνητον
2870 5706 2964 5758 καὶ
2995 5705 3145 5774 κοινῇ
3181 5705 3344 5756 πᾶσιν
3359 5701 3653 5770 ὑποκείμε-

2069 5811 2158 5848 νον
2196 5798 2299 5865 γῆς
2338 5795 2567 5865 ἔδαφος,
2623 5797 2741 5850 οὐδὲ
2803 5797 2938 5868 πρὸς
2993 5795 3153 5850 τοῦτο
3197 5795 3283 5874 διά
3312 5795 3412 5865 τῆς
3451 5793 3652 5862 πολλῆς
