3884 6202
254 318 365 388 429

1241 329 1341 390 AD
1378 331 1970 394 AMPHILOCHIUM
2008 335 2354 406 QUEESTIO
2393 337 2593 399 LXVI.

3425 337 3533 403 430

255 437 472 505 ὲκεινης
503 438 911 503 κενοσπουδίας,
942 439 1064 495 οὐδὲ
1102 443 1245 497 κατά
1269 460 1332 510 γε
1368 445 1460 498 τὸν
1489 445 1680 517 χρόνον
1731 465 1836 500 πα-

1959 465 2117 520 ieque
2145 450 2444 506 secundum
2480 460 2693 520 tempus
2732 451 2946 506 extendi
2984 461 3035 508 te
3065 453 3159 508 tibi
3193 453 3485 524 perfecisse
3506 495 3524 522 ,

261 528 599 597 ρατείνεσθαι
649 530 834 602 σαυτῷ
883 533 1180 604 διεπράξω,
1237 536 1361 589 οὐδέ
1411 554 1533 591 τινα
1568 538 1842 610 πρόφασιν

258 621 432 674 πολλὰ
457 621 885 695 διανοησάμενος
940 620 1117 696 εὗρες.
1177 627 1340 682 Ἀλλὰ
1365 629 1474 700 γὰρ
1519 631 1584 684 σὺ
1617 631 1714 702 μὲν
1745 650 1849 702 μαι

255 717 558 771 ταιοπονῶν
587 720 767 774 καὶτὰ
789 721 901 774 ἄνω
925 721 1077 775 κάτω
1122 723 1294 776 ποιῶν
1345 724 1541 779 θᾶττον
1596 726 1848 800 παρέρχῃ

257 811 352 863 καὶ
383 810 519 882 πρὸς
545 811 581 866 ἃ
617 813 740 883 μηδ’
763 816 899 884 ἀκοῇ
925 814 1111 886 φέρειν
1156 815 1384 870 ἀνεκτὸν
1413 817 1680 887 νομίζειν,
1719 819 1845 888 τρέ-

261 917 380 969 μων
413 900 510 954 καὶ
540 901 840 972 ἀμηχανῶν
893 905 1210 969 καταδύεις⁸
1261 906 1414 960 οὐδὲν
1436 908 1481 961 δ’
1520 909 1614 961 ἐπὶ
1649 908 1850 980 βραχύ-

258 1009 424 1046 τατον
458 992 641 1066 σαυτῷ
668 997 978 1067 προστιθεὶς
1013 996 1107 1051 τοῦ
1139 999 1354 1069 χρόνου,
1399 999 1474 1072 μὴ
1531 1001 1612 1054 ὅτι
1660 1019 1723 1070 γε
1779 1004 1845 1074 τῇ

259 1083 565 1154 παρατάξει
598 1090 1174 1161 συμπαρατεινόμενος
1211 1091 1310 1146 τοῦ
1339 1077 1546 1164 ἀψύχου
1601 1095 1694 1148 καὶ
1725 1096 1851 1149 ἀκι-

259 1176 452 1246 νήτου·
513 1178 646 1234 αὐτὸ
693 1179 752 1232 δὲ
804 1182 866 1234 τὸ
927 1182 1268 1254 πατούμενον
1321 1185 1576 1258 έδαφοςή
1615 1185 1848 1259 φύσιςὴ

250 1269 590 1341 ’ἀναίσθητος
615 1272 712 1326 καὶ
743 1273 818 1345 μὴ
851 1277 1145 1348 κινουμένη
1196 1277 1430 1348 ἕστηκεν
1467 1281 1564 1334 καὶ
1583 1280 1848 1351 διαμένει,

257 1359 320 1412 ού
348 1359 576 1424 πολλοὺς
611 1361 772 1430 μόνον
786 1363 1216 1455 ξξαλλάττουσα,
1239 1367 1547 1440 κατηγόρου
1582 1370 1679 1439 μὲν
1698 1369 1852 1437 τάξιν

257 1450 450 1504 λαϐεῖν
477 1454 630 1523 παρὰ
657 1451 750 1506 σοῦ
774 1450 1188 1521 ἆυνελασθεῖσα,
1220 1458 1605 1530 κατηγοροῦσα
1643 1460 1700 1514 δὲ
1749 1461 1851 1531 τῆς

260 1543 366 1612 σῆς
395 1543 781 1609 κενοσπουδίας
833 1547 927 1600 καὶ
950 1547 1060 1604 τῶν
1113 1550 1360 1624 σοϐαρῶν
1388 1552 1739 1623 ἐνθυμήσεως
1763 1555 1852 1609 διά

259 1650 320 1685 τε
339 1633 443 1704 τῆς
473 1636 531 1688 ἐν
553 1635 793 1706 τοσούτῳ
824 1638 1002 1709 χρόνῳ
1025 1639 1284 1712 διαμονῆς
1307 1642 1398 1695 καὶ
1417 1645 1810 1715 παραστάσεως
1832 1661 1847 1675 ο

257 1726 356 1780 καὶ
373 1726 507 1780 διότι
533 1727 698 1800 μηδὲν
731 1728 1126 1794 ἑξαλλάττουσα
1148 1733 1303 1804 ὤφθη
1323 1736 1429 1788 τῶν
1456 1735 1562 1788 ὑπὸ
1588 1736 1684 1806 τῆς
1712 1737 1850 1806 Προ-

1949 557 2126 612 neque
2157 544 2394 613 aliquem
2444 554 2760 614 prmtextum
2811 547 2981 602 multa
3025 547 3344 603 meditatum
3382 550 3531 606 inve-

1951 635 2123 688 nisse.
2158 635 2265 690 Sed
2299 646 2354 691 tu
2386 637 2606 707 quidem
2649 638 2855 694 frustra
2883 638 3140 694 laborans
3166 648 3220 694 et
3245 642 3529 710 superiora

1950 725 2207 781 deorsum
2239 726 2450 783 faciens
2479 728 2643 785 citius
2671 731 2871 785 transis
2892 770 2907 796 ,
2939 739 2992 785 et
3015 730 3080 785 ad
3112 746 3174 785 ea
3205 747 3327 801 quae
3355 748 3532 802 neque

1950 816 2136 870 auditu
2191 817 2338 874 ferre
2389 819 2670 875 tolerabile
2715 821 2937 890 putari,
3018 832 3257 876 tremens
3291 829 3344 875 et
3374 821 3532 890 inops

1950 910 2171 966 consilii
2198 911 2515 979 descendis;
2550 911 2686 966 nihil
2716 919 2896 966 autem
2928 910 2994 966 ad
3017 911 3398 968 brevissimum
3434 912 3529 968 tibi

1954 1005 2217 1075 adjicieus
2259 1003 2544 1074 temporis,
2578 1003 2749 1058 multo
2779 1003 2961 1058 minus
2989 1004 3334 1074 dispositioni
3369 1019 3532 1059 coex-

1951 1107 2148 1153 tensus
2195 1095 2564 1150 inanimarum
2615 1104 2669 1150 et
2717 1095 3070 1150 immotarum
3111 1110 3316 1150 rerum.
3351 1093 3530 1165 Ipsum

1954 1199 2136 1245 autem
2175 1186 2444 1240 calcatum
2467 1185 2644 1240 solum
2671 1225 2688 1252 ,
2743 1195 2938 1240 natura
2970 1186 3303 1242 insensibilis
3340 1196 3396 1241 et
3431 1187 3534 1241 im-

1955 1290 2104 1337 mota
2135 1286 2246 1334 stat
2274 1285 2328 1333 et
2368 1277 2666 1348 perdurat,
2707 1291 2818 1332 non
2856 1279 3056 1332 multos
3087 1287 3294 1332 tantum
3336 1278 3536 1333 immu-

1955 1379 2099 1436 tans,
2141 1367 2481 1423 accusatoris
2523 1366 2744 1435 quidem
2795 1365 3042 1422 ordinem
3085 1382 3304 1423 sumere
3341 1378 3534 1422 contra

1955 1472 2007 1517 te
2052 1461 2324 1517 concitata
2352 1501 2367 1526 ,
2426 1474 2696 1515 accusans
2733 1475 2862 1516 vero
2903 1470 3056 1515 tuum
3097 1461 3256 1516 inane
3294 1460 3532 1516 studium

1951 1568 2007 1610 et
2032 1553 2306 1609 violentiae
2335 1551 2795 1622 concupiscentia:
2833 1567 2929 1622 per
2977 1553 3436 1622 perseverantiam
3481 1552 3533 1606 in

1953 1653 2106 1699 tanto
2147 1654 2388 1714 tempore
2424 1653 2476 1698 et
2519 1643 2961 1714 persistentiam;
3021 1652 3076 1699 et
3103 1644 3230 1714 quia
3259 1643 3394 1698 nihil
3431 1643 3536 1698 im-

1953 1747 2174 1792 mutans
2214 1737 2393 1791 visum
2438 1743 2523 1790 est
2554 1750 2743 1790 eorum
2786 1751 2908 1806 qua:
2953 1751 2984 1790 a
3031 1734 3378 1790 Providentia
3430 1736 3535 1806 ipsi

258 1820 410 1882 νοίας
435 1818 572 1891 αὐτῇ
614 1821 1026 1893 κεχαρισμένων
1052 1839 1066 1853 ·
1103 1825 1196 1878 σοῦ
1221 1825 1313 1879 τοῦ
1344 1826 1490 1898 λόγῳ
1523 1829 1847 1898 τιμηθέντος

1959 1832 2152 1886 donata
2184 1836 2311 1885 sunt
2341 1844 2356 1882 :
2391 1837 2443 1883 te
2475 1842 2570 1898 per
2603 1828 2871 1884 rationem
2902 1829 3170 1883 honorato
3198 1829 3268 1883 ob
3293 1829 3534 1883 studium

255 1909 348 1964 διὰ
372 1913 473 1980 τῆς
509 1913 638 1984 περὶ
681 1913 753 1967 τὰ
813 1916 1020 1985 μάταια
1060 1918 1296 1988 σπουδῆς
1345 1921 1440 1972 καὶ
1495 1920 1848 1988 φιλονεικίας,

257 2001 442 2056 πάντα
498 2005 758 2058 τάναντία
809 2005 910 2075 τῆς
960 2007 1360 2078 δημιουργικῆς
1407 2011 1848 2082 διαπραξαμένου

257 2095 589 2164 κηδεμονίας
619 2099 714 2150 καὶ
758 2099 1102 2172 ἀνεπισχέτῳ
1142 2100 1289 2173 ῥύμῃ
1319 2104 1624 2174 φερομένου
1659 2104 1792 2176 πρὸς
1816 2105 1852 2158 ἆ

253 2202 314 2238 τε
349 2187 508 2257 νόμοι
536 2189 669 2242 θεῖοι
694 2187 1006 2255 διεκώλυον,
1036 2191 1131 2244 καὶ
1159 2191 1353 2262 θεσμοὶ
1393 2192 1610 2263 φύσεως
1644 2194 1850 2250 ἄνωθεν

255 2279 698 2350 καταϐληθέντες
739 2281 1142 2353 ἐδυσχέραινον,
1212 2282 1370 2354 ὓϐριν
1424 2285 1700 2357 ἀφόρητον
1749 2286 1850 2358 τὴν

258 2374 360 2443 σὴν
395 2375 782 2427 κενοσπουδίαν
827 2377 920 2429 καὶ
949 2375 1012 2429 τὸ
1044 2375 1347 2448 ὀξύρροπον
1380 2379 1512 2449 περὶ
1542 2378 1612 2432 τά
1646 2379 1850 2449 μάταια

254 2466 550 2536 φέροντες⁹
589 2467 663 2530 ὡς
707 2468 774 2521 δι’
820 2467 1000 2521 αὐτῶν
1033 2469 1134 2538 τῆς
1177 2469 1433 2538 διαϐολῆς
1474 2488 1849 2542 παραπεμπο-

258 2559 431 2628 μένης
460 2561 542 2622 εἰς
567 2560 659 2612 τὸν
686 2561 978 2628 πανσόφως
1007 2579 1065 2614 τε
1093 2563 1187 2615 καὶ
1218 2563 1638 2633 φιλανθρώπως,
1674 2564 1766 2616 καὶ
1789 2558 1849 2616 οὗ

257 2649 334 2718 μή
367 2650 488 2702 ἐστι
514 2651 650 2720 μήτε
683 2650 1197 2722 φιλανθρωπότερον
1243 2654 1380 2723 μήτε
1403 2653 1646 2722 ἄμεινον,
1712 2653 1850 2724 μήτε

253 2742 402 2813 λόγῳ
426 2743 656 2812 φράσαι,
691 2744 830 2814 μήτε
864 2743 1147 2813 λογισμοῖς
1178 2743 1489 2796 ἀναπλάσαι
1518 2743 1852 2813 δημιουργή-

255 2833 428 2887 σαντά
458 2850 518 2886 τε
549 2833 644 2886 καί⁵
675 2833 1117 2905 προνοησάμενον
1158 2831 1503 2901 τάὴμέτερα.
1553 2831 1718 2884 Ἀλλὰ
1743 2833 1851 2901 γάρ

256 2924 344 2978 σοὶ
369 2923 470 2995 μὲν
503 2924 632 2988 ἴσως
669 2924 830 2978 ἱκανά
867 2923 1175 2977 καὶταῦτα.
1205 2924 1399 2994 Εὑρεῖν
1419 2923 1462 2975 δ’
1494 2922 1643 2975 ἔστιν
1675 2922 1851 2986 ἐνίους

255 3016 455 3086 γενεὰν
529 3018 628 3087 μὲν
687 3017 1135 3088 ὲκπορευομένην
1186 3017 1282 3069 καὶ⁴
1338 3015 1743 3086 ὲκϐαλλομένην
1789 3014 1850 3066 τὸ

268 3109 543 3164 Ἰουδαίων
569 3109 726 3178 γένος
753 3109 1218 3180 ὲκλαμϐάνοντας,
1245 3107 1440 3178 γενεὰν
1472 3109 1529 3161 δὲ
1547 3107 1849 3177 ἐρχομένην

255 3203 355 3256 καὶ
385 3203 747 3274 διαμένουσαν
769 3203 842 3256 τὰ
877 3203 1042 3256 τέκνα
1089 3204 1186 3270 τῆς
1237 3203 1462 3274 χάριτος
1497 3204 1592 3254 ᾶτε
1640 3201 1704 3270 δὴ
1760 3201 1852 3253 τοῦ

257 3295 406 3349 θείου
438 3297 640 3366 σπόρου
674 3297 894 3367 καὶτῆς
939 3297 1081 3349 κατὰ
1115 3296 1350 3365 Χριστὸν
1403 3293 1680 3363 γεωργίας
1727 3294 1860 3346 ἀνα-

275 3389 700 3460 ϐλαστῆσαντα·
738 3390 841 3459 γῆν
871 3389 927 3442 δὲ
962 3390 1041 3452 εἰς
1079 3389 1170 3441 τῖεν
1210 3387 1382 3441 αἰῶνα
1420 3389 1641 3440 ἑστάναι
1673 3388 1773 3457 τήν
1805 3403 1865 3438 τε

260 3480 512 3534 Παλαιὰν
535 3482 631 3534 καλ⁸
656 3481 801 3534 Νέαν
827 3481 1071 3552 Γραφήν·
1099 3481 1183 3533 ὃτι
1207 3497 1265 3533 τε
1291 3480 1352 3532 τὸ
1381 3479 1730 3550 καρποφόρον
1753 3477 1863 3530 τῶν

260 3573 478 3644 ἀρετῶν
501 3574 636 3644 ὁρᾷν
665 3573 816 3626 ἔστιν
839 3575 1030 3636 αύταίς
1081 3573 1368 3644 ὲνευθηνού
1380 3590 1562 3642 μενον,
1596 3572 1691 3626 καὶ
1745 3570 1858 3623 τῶν

262 3665 448 3734 νόμων
479 3664 701 3718 καὶτῶν
743 3665 1090 3732 ἐπαγγελιῶν
1118 3665 1180 3717 τὸ
1227 3665 1294 3717 δι’
1339 3664 1535 3726 αἰῶνος
1563 3664 1816 3734 ἀκίνητον
1840 3679 1854 3693 '

261 3747 340 3806 ῶν
372 3756 473 3816 τὰς
511 3755 608 3825 μὲν
640 3757 754 3818 τοῖς
782 3755 1012 3819 δικαίοις
1044 3756 1433 3826 ἀπενεί-μαντο,
1466 3757 1585 3818 ταῖς
1625 3754 1682 3808 δὲ
1732 3755 1859 3818 τοὺς

264 3845 628 3915 ἁμαρτωλοὺς
655 3847 751 3899 καὶ
777 3847 1121 3917 ἀμετανόητα
1146 3847 1646 3919 πλημμελήσαντας
1683 3863 1859 3917 παρα-

262 3936 333 3989 πέ
341 3953 601 4006 μπουσιν.

803 4046 1135 4100 Ε-ΡΩΤΗΣΙΣ
1179 4045 1312 4114 squ
1395 3995 1414 4014 χ

267 4136 416 4192 Τίνα
439 4137 589 4191 νοῦν
614 4139 988 4192 ἀναπτύσσει
1009 4139 1074 4191 τό
1095 4157 1107 4169 ·
1151 4157 1170 4188 ι
1204 4139 1370 4190 Ἔστι
1405 4137 1632 4204 δίκαιος
1661 4138 1851 4192 ἀπολ-

341 4209 700 4276 .1ὐμενοςὲν
744 4207 950 4272 δικαίῳ
997 4208 1204 4271 αὐτοῦ,
1252 4208 1351 4261 καὶ
1390 4207 1564 4261 ἐστιν
1618 4209 1849 4274 ἀσεϐὴς

342 4279 547 4346 μένων
573 4281 643 4331 ἐν
674 4280 852 4346 κακίᾳ
874 4277 1059 4332 αὐτοῦ
1079 4295 1097 4342 ;
1120 4298 1138 4331 ι

1955 1924 2100 1978 circa
2144 1939 2281 1976 vana
2318 1931 2370 1978 et
2408 1923 2758 1993 cupiditatem
2783 1964 2798 1989 ,
2840 1921 3023 1976 omnia
3061 1922 3336 1976 contraria
3383 1938 3538 1977 creao

1954 2015 2108 2070 tricis
2146 2024 2370 2084 operate
2394 2031 2538 2070 curae
2559 2057 2578 2079 ,
2625 2024 2679 2070 et
2709 2013 3041 2069 incoercibili
3073 2013 3278 2083 impetu
3319 2013 3430 2069 lato
3467 2013 3535 2070 ad

1952 2123 2015 2163 ca
2042 2124 2163 2180 quae
2194 2109 2340 2179 leges
2361 2108 2558 2163 divina:
2588 2108 2972 2178 prohibebant,
3004 2115 3057 2162 et
3085 2107 3300 2161 vincula
3328 2116 3536 2162 natura:

1954 2199 2191 2270 desuper
2232 2201 2470 2256 demissa
2500 2199 2926 2270 improbabant,
2973 2199 3228 2269 iniuriam
3275 2202 3535 2254 intolera-

1955 2291 2121 2346 bilem
2165 2300 2312 2346 tuam
2355 2306 2624 2346 Vanorum
2660 2291 3046 2361 appetitionem
3096 2299 3152 2344 et
3201 2291 3533 2362 prabeipitem

1957 2382 2218 2449 impetum
2248 2383 2314 2436 ad
2351 2382 2538 2437 inania
2584 2380 2858 2448 ferentes;
2897 2381 3056 2451 quasi
3085 2397 3182 2452 per
3209 2398 3273 2438 ea
3307 2399 3535 2439 accusa-

1955 2473 2104 2528 tione
2143 2473 2348 2540 perlata
2391 2474 2460 2528 ad
2500 2474 2725 2528 omnino
2768 2473 3044 2544 sapienter
3081 2481 3138 2529 et
3180 2475 3536 2546 benigne,-et

1955 2579 2062 2618 non
2106 2575 2191 2619 est
2227 2579 2408 2634 neque
2431 2565 2562 2634 quid
2599 2565 2892 2634 benignius
2926 2579 3102 2634 neque
3134 2565 3334 2619 melius
3359 2579 3537 2635 neque

1956 2656 2122 2710 verbo
2151 2657 2298 2711 dictu
2336 2672 2513 2727 neque
2539 2657 2962 2727 cogitationibus
2991 2656 3142 2724 ﬁetu,
3175 2667 3452 2713 creantem
3482 2666 3536 2712 et

1955 2748 2328 2816 providentem
2363 2749 2572 2803 nostra.
2600 2747 2702 2801 Sed
2733 2748 2878 2801 enim
2910 2746 3054 2802 forte
3084 2747 3180 2802 tibi
3211 2747 3535 2802 suﬂicicutia

1953 2849 2007 2892 et
2035 2839 2180 2893 ista:
2235 2838 2475 2908 reperire
2518 2853 2648 2893 vero
2690 2849 2774 2894 est
2811 2837 3077 2909 quosdam
3126 2839 3534 2911 generationem

1953 2945 2238 2986 exeuntem
2273 2941 2326 2985 et
2363 2931 2614 3000 ejectum,
2637 2929 2954 2986 Judaaorum
2989 2948 3160 3003 genus
3187 2934 3536 3002 accipientes,

1953 3023 2360 3093 generationem
2392 3037 2520 3076 vero
2549 3022 2926 3077 advenientem
2953 3033 3006 3077 et
3039 3035 3444 3094 permanentem
3475 3026 3543 3079 li-

1965 3115 2065 3168 lios
2093 3113 2299 3182 gratim,
2333 3120 2519 3179 utpote
2548 3111 2641 3182 qui
2679 3111 2912 3166 adivin
2942 3111 3153 3167 semine
3193 3123 3246 3168 et
3288 3115 3356 3168 ab
3393 3115 3542 3185 agri-

1965 3207 2174 3262 cultura
2223 3204 2524 3260 secundum
2561 3203 2840 3258 Christum
2877 3219 3094 3259 sursum
3128 3205 3540 3276 germinarunt;

1961 3308 2160 3351 terram
2200 3305 2379 3349 autem
2411 3294 2464 3348 in
2495 3294 2753 3349 smculum
2789 3303 2935 3348 stare
2970 3292 3223 3348 Veterem
3257 3304 3309 3349 cl.
3333 3294 3539 3349 Novam

1963 3391 2345 3459 Scriptorum;
2382 3389 2527 3458 quod
2568 3398 2749 3441 autem
2795 3385 3117 3457 frugiferum
3160 3396 3243 3443 est
3283 3388 3540 3442 virtutum

1962 3484 2146 3538 videre
2173 3497 2294 3537 esse
2315 3482 2369 3536 in
2402 3481 2535 3551 ipsis
2561 3489 2907 3551 congestum,
2935 3490 2988 3533 et
3016 3480 3195 3551 legum
3227 3489 3281 3535 ct
3309 3482 3546 3551 promis-

1966 3574 2179 3627 sionum
2215 3589 2311 3642 per
2339 3573 2600 3627 saeculum
2637 3570 2987 3635 ﬁrmitatem;
3023 3585 3257 3639 quarum
3289 3571 3388 3624 has
3420 3571 3543 3639 qui-

1965 3667 2090 3721 dem
2117 3665 2283 3735 justis
2323 3663 2763 3730 distribuebant,
2804 3662 2870 3717 ad
2913 3663 3034 3717 illas
3068 3670 3250 3716 autem
3291 3671 3545 3731 peccato-

1967 3771 2054 3811 res
2097 3765 2151 3810 et
2183 3756 2332 3810 nulla
2371 3755 2690 3825 pteuitentia
2731 3753 2952 3810 functos
2991 3753 3296 3807 remittunt.

2298 4042 2627 4112 onmem
2671 4040 2835 4096 wa
2868 4040 2974 4114 [αι.
3010 4039 3204 4113 m1.

1962 4136 2256 4202 Quemnam
2311 4151 2522 4188 sensum
2569 4134 2740 4202 aperit
2787 4131 2973 4185 illud:
3024 4151 3042 4182 ι
3099 4130 3190 4184 Est
3229 4131 3412 4200 justus
3452 4132 3546 4202 qui

2025 4207 2157 4275 perit
2213 4207 2266 4258 iu
2309 4205 2528 4273 justitia
2578 4220 2714 4270 sua,
2767 4212 2815 4256 et
2872 4211 2948 4255 est
2997 4203 3202 4270 impius
3233 4217 3446 4254 manens
3489 4202 3545 4254 iu

2018 4276 2350 4343 improbitate
2385 4291 2505 4328 sua.
2542 4293 2562 4326 ι
3500 4293 3506 4298 ·

1283 4410 1425 4461 Edita
1446 4426 1472 4461 a
1493 4411 1637 4472 Maio,
1660 4412 1696 4460 l.
1719 4425 1766 4461 c.
1792 4425 1840 4474 p.
1864 4409 2031 4460 80-81.
2059 4410 2113 4459 In
2141 4408 2307 4460 Eccle.
2329 4422 2412 4467 vn,
2435 4408 2511 4458 16.

343 4535 362 4568 ι
401 4516 620 4580 Δίκαιος
647 4516 744 4588 μὲν
767 4516 842 4579 ὡς
867 4517 1040 4586 φοῖνιξ
1061 4518 1413 4590 ἀνθήσει,κα“ι
1440 4518 1514 4583 ὡς
1541 4521 1574 4589 ἡ
1605 4519 1795 4588 κέδρος
1819 4521 1848 4589 ἡ

2039 4535 2058 4568 ι
2090 4515 2283 4571 Justus
2307 4515 2527 4585 quidem
2555 4525 2612 4569 ut
2632 4514 2810 4585 palma
2836 4513 3141 4576 ﬂorebit,et
3169 4513 3312 4568 sicut
3347 4511 3545 4568 cedrus

265 4610 326 4662 ὲν
363 4607 443 4679 τῷ
477 4608 694 4678 Λιϐάνῳ
719 4607 1181 4679 πληθυνθήσεται.
1221 4628 1239 4660 ι
1269 4609 1346 4660 Δι’
1371 4609 1637 4679 ἑκατέρας
1662 4607 1860 4673 λέξεως

265 4703 368 4766 τῆς
397 4699 748 4768 δικαιοσύνης
769 4699 827 4752 τὸ
869 4699 1083 4771 κέρδος,
1118 4699 1213 4752 κα)⁸
1244 4698 1352 4752 τῶν
1379 4699 1561 4752 καλῶν
1595 4700 1628 4770 ἡ
1661 4698 1858 4768 εὐφθο-

266 4791 359 4845 νία
388 4809 451 4844 τε
478 4792 572 4845 καὶ
595 4791 820 4862 εύθηνία
842 4790 1243 4859 διαγγέλλεται,
1270 4790 1360 4843 διά
1381 4808 1442 4843 τε
1480 4789 1576 4843 τοῦ
1602 4790 1859 4858 ἀνθήσει

265 4883 515 4953 δηλονότι
536 4883 629 4936 καὶ
651 4882 743 4936 τοῦ
793 4883 1304 4951 πληθυνθήσεται.
1337 4875 1505 4944 Οὗτος
1548 4883 1576 4934 ὁ
1628 4881 1856 4946 δίκαιος,

267 4975 375 5028 κᾶν
409 4975 762 5045 μαστίζηται,
784 4973 885 5028 κᾶν
910 4973 1285 5044 στρεϐλοῦται,
1311 4973 1415 5026 κᾶν
1442 4973 1638 5044 πάσχῃ,
1656 4973 1724 5026 τά
1758 4973 1854 5026 ἁλ-

266 5067 578 5138 γεινότερα,
599 5066 703 5121 κᾶν
721 5066 856 5137 πρὸς
879 5065 1113 5137 σφαγὴν,
1145 5065 1250 5118 κᾶν
1288 5064 1424 5136 πρὸς
1471 5064 1722 5131 θάνατον,
1750 5065 1856 5118 κᾶν

267 5159 412 5226 πρὸς
436 5157 671 5229 σταυρὸν
706 5157 1180 5228 ἀπάγηται,ούδὲν
1208 5150 1370 5228 ἦττον
1400 5154 1474 5216 ὠς
1499 5154 1675 5224 φοῖνιξ
1705 5155 1859 5208 ἀνθεῖ

270 5249 368 5305 καὶ⁵
410 5247 542 5302 ὡσεὶ
572 5247 762 5318 κέδρος
791 5247 1252 5319 πληθυνθήσεται,
1312 5244 1697 5300 πολλαπλασίω
1750 5245 1857 5298 τῶν

271 5342 451 5398 πόνων
477 5342 570 5395 καὶ
598 5340 939 5411 παθημάτων
991 5341 1090 5412 τὴν
1115 5341 1414 5394 ἀπόλαυσιν
1440 5339 1731 5408 εὑρίσκων,
1764 5338 1860 5392 καὶ

270 5436 384 5497 τοῖς
409 5434 722 5504 άδιηγήτοις
753 5432 980 5502 ἀγαθοῖς
1022 5432 1304 5505 ἐντρυφῶν
1329 5451 1388 5486 τε
1409 5435 1505 5485 καῖ⁸
1531 5431 1853 5502 ὲνευθηνού-

274 5540 460 5593 μενος.
509 5522 606 5586 Τίς
626 5517 718 5576 οὖν
745 5524 894 5578 ἐστιν
935 5526 962 5578 ὁ
993 5524 1201 5588 δίκαιος
1241 5526 1269 5578 ὁ
1295 5527 1352 5577 ἐν
1375 5522 1452 5594 τῷ
1475 5523 1666 5592 δικαίῳ
1692 5520 1857 5576 αὑτοῦ

271 5609 674 5678 ἀπολλύμενος,
705 5611 802 5666 καὶ
825 5613 948 5668 τίνα
978 5613 1180 5685 τρόπον
1208 5613 1505 5668 ἀπόλλυται
1525 5630 1541 5680 ;
1561 5611 1596 5682 ἢ
1617 5611 1858 5684 δηλονότι

347 5746 390 5779 ⁸³
432 5744 572 5800 l‘sal.
610 5760 694 5799 xei
725 5786 740 5812 ,
780 5750 868 5806 {3.

1962 4606 2156 4662 Libani
2179 4605 2629 4675 multiplicabitur
2655 4604 2699 4634 “
2731 4623 2777 4670 ι,
2816 4619 2910 4672 per
2937 4612 3225 4672 utramque
3250 4603 3540 4658 dictionem

1958 4699 2188 4770 iustitia:
2235 4701 2491 4761 lucrum,
2539 4707 2593 4751 et
2634 4696 2906 4751 bonorum
2948 4693 3233 4749 beatitudo
3265 4702 3319 4748 et
3343 4693 3544 4747 divitia:

1963 4799 2316 4858 enarrantur,
2350 4806 2448 4860 per
2477 4789 2612 4844 illud
2642 4787 2850 4858 ﬂorebit
2881 4787 3128 4842 videlicet
3162 4795 3216 4841 et
3242 4787 3374 4841 illud
3405 4789 3545 4839 mul-

1961 4881 2424 4952 tiplicabitur.Hic
2439 4881 2646 4951 justus,
2676 4881 2778 4935 etsi
2802 4878 3124 4949 ﬂagelletur,
3153 4879 3256 4934 etsi
3287 4888 3546 4948 torquea-

1962 4985 2081 5038 tur,
2107 4975 2236 5030 licet
2263 4974 2502 5044 patiatur
2539 4972 2762 5028 duriora
2789 5013 2804 5039 ,
2848 4972 2950 5028 etsi
2994 4971 3060 5025 ad
3095 4971 3406 5035 victimam,
3439 4968 3541 5024 etsi

1960 5066 2030 5120 ad
2063 5077 2319 5129 mortem,
2349 5065 2450 5120 etsi
2485 5066 2551 5119 ad
2580 5079 2798 5119 crucem
2825 5063 3148 5131 abducatur,
3183 5062 3541 5116 nihilominus

1963 5165 2024 5210 ut
2047 5156 2225 5226 palma
2252 5155 2468 5209 ﬂorebit
2507 5164 2562 5210 et
2583 5162 2640 5210 ut
2668 5155 2866 5211 cedrus
2885 5153 3350 5224 multiplicabitur,
3369 5153 3566 5207 multo.

1963 5247 2229 5316 majorem
2262 5246 2542 5303 laboribus
2571 5256 2624 5302 et
2654 5247 3005 5317 passionibus
3041 5244 3356 5300 fruitiouem
3390 5243 3540 5298 inve-

1962 5337 2144 5400 niens,
2177 5347 2230 5392 et
2255 5337 2719 5395 inenarrabilibus
2743 5339 2904 5394 bonis
2928 5337 3174 5409 gaudens
3201 5346 3256 5392 et
3289 5336 3536 5390 afﬂuens.

1958 5429 2096 5496 Quis
2131 5431 2299 5501 igitur
2334 5439 2418 5487 est
2447 5431 2630 5501 justus
2666 5433 2760 5502 qui
2793 5433 2850 5486 in
2888 5431 3098 5502 iustitia
3135 5446 3230 5484 sua
3262 5429 3441 5499 perit,
3481 5435 3539 5482 et

1955 5517 2233 5590 quomodo
2265 5521 2441 5592 perit?
2477 5520 2743 5600 Videlicet
2769 5523 2862 5593 qui
2888 5523 3022 5592 justi
3057 5521 3276 5593 quidem
3315 5518 3458 5588 rapit
3481 5527 3536 5572 et

1958 5611 2140 5669 induit
2183 5627 2386 5670 nomen
2439 5621 2494 5670 et
2543 5615 2788 5682 vultum,
2843 5613 2939 5670 sed
2983 5614 3036 5670 in
3073 5628 3170 5670 sua
3199 5610 3412 5682 iustitia
3442 5608 3533 5663 ille
