3884 6202
233 334 342 397 433

1158 333 1262 393 AD
1295 327 1884 391 AMPHILOCIIIUM
1916 326 2261 399 QUJESTIO
2297 332 2526 392 LXVII.

3388 332 3494 398 434

235 445 631 515 παρείληπται,
672 446 837 498 πᾶσιν
878 441 1333 510 ὲπιγινὼσκεσθαι
1360 445 1525 497 ποιεῖ.
1557 442 1690 496 Οὐδὲ
1715 440 1816 509 γὰρ

1928 438 2090 506 facit;
2146 456 2254 493 non
2311 441 2452 495 enim
2505 442 2557 494 iit
2610 441 3020 497 subsistentiam
3078 445 3490 512 productionem

234 541 357 594 οὐδὲ
385 540 484 609 τὴν
517 539 597 593 είς
629 537 862 609 ὓπαρξιν
888 537 1219 607 προαγωγὴν
1248 538 1366 590 νυνὶ
1397 536 1459 589 τὸ
1490 538 1587 605 τῆς
1624 535 1821 602 λέξεως

236 630 527 699 σημαίνει’
594 629 713 682 οὐδὲ
745 632 844 698 τῆς
880 629 1095 692 ἀδικίας
1150 629 1306 699 ἡμῶν
1358 630 1569 699 καρπός
1608 630 1754 680 ἐστιν
1787 629 1820 698 ἡ

232 721 330 774 τοῦ
357 720 492 773 Θεοῦ
525 720 835 792 δικαιοσύνη
854 735 868 749 °
904 721 963 774 ού
1009 720 1106 791 μὲν
1134 721 1254 775 οὐδὲ
1279 723 1335 776 ἐν
1360 722 1614 793 ἀπορίας,
1653 721 1724 784 ὡς
1756 719 1821 774 ἄν

232 828 347 865 τισι
378 811 569 875 δόξειε,
606 812 946 880 προάγεσθαι
1010 813 1251 883 σχήματι
1290 812 1481 884 καιρὸν
1539 812 1819 882 εὑρίσκεν

235 904 377 975 πρὸς
399 902 597 973 χλεύην
626 903 734 973 γάρ
784 904 879 956 καὶ
908 903 1051 955 οὕτω
1096 904 1441 974 τυπούμενον
1487 903 1817 975 καταλήγει⁶

234 994 491 1061 καὶπρὸς
520 994 582 1047 τδ
621 994 849 1064 μάταιον
894 995 1253 1067 ἀποφέρεται.
1314 996 1424 1048 Καί⁵
1465 995 1571 1066 γὰρ
1609 996 1703 1048 καὶ
1761 994 1820 1047 τὸ

236 1087 429 1156 σχῆμα
456 1086 563 1140 τῶν
603 1087 871 1156 ἀποριῶν,
911 1087 980 1140 δι’
1039 1086 1265 1158 ἐρεύνης
1316 1086 1474 1140 εἴωθε
1519 1086 1820 1158 βαθυτέρας

233 1174 335 1227 καὶ
361 1174 421 1227 τὸ
452 1176 815 1247 ἐπιπροσθοῦν
856 1176 1210 1229 ἀποτίθεσθαι
1247 1176 1341 1228 καὶ
1379 1176 1439 1228 τὸ
1485 1178 1654 1246 σαφὲς
1696 1176 1817 1229 δια-

233 1265 482 1320 λύεσθαι’
503 1268 602 1320 ὅσα
632 1267 687 1320 δὲ
722 1267 813 1320 τοῦ
848 1267 1051 1320 ἀτόπου
1083 1267 1174 1320 τὸν
1196 1268 1419 1338 ἔλεγχον
1447 1267 1559 1337 εχει
1586 1284 1820 1337 προφαι-

231 1358 483 1428 νόμενον,
521 1359 810 1430 πρόχειρόν
839 1376 899 1412 τε
930 1359 1026 1413 καὶ⁸
1073 1361 1482 1431 ὲμφανεστάτην
1512 1358 1610 1432 τὴν
1651 1359 1827 1414 κατά-

232 1468 439 1518 γνωσιν
489 1454 887 1520 συνεπάγεται·
919 1452 1089 1505 ταῦτα
1128 1452 1182 1505 δὲ
1213 1455 1319 1524 ἄρα
1354 1453 1465 1506 οὐδ’
1486 1454 1565 1516 είς
1588 1452 1822 1523 ἀπορίας

229 1540 403 1594 τύπον
435 1540 870 1612 σχηματίζεσθαι
931 1542 1398 1614 παρρησιάζεται,
1454 1542 1721 1613 φλυαρίας
1764 1542 1821 1595 δὲ

232 1632 353 1701 ἅμα
417 1632 513 1685 καὶ
574 1633 957 1703 ματαιολογίας
1013 1634 1407 1703 σπουδάσματα
1464 1634 1818 1705 διελέγχεται.

232 1724 359 1778 Ὅτι
386 1724 445 1779 δὲ
474 1725 535 1779 τὸ
560 1727 935 1793 συνίστησιν
964 1727 1087 1780 ἀντὶ⁵
1105 1726 1200 1779 τοῦ
1230 1726 1575 1794 κατάδηλον
1600 1726 1821 1795 ἐργάζει

1924 545 2069 584 nunc
2101 530 2214 585 haec
2244 531 2413 586 dictio
2460 532 2764 602 signiticat;
2816 548 2915 588 nec
2966 534 3245 603 injustitiae
3296 547 3494 592 nostra:

1923 623 2132 678 fruetus
2161 623 2243 679 est
2274 625 2362 679 Dei
2395 622 2628 694 justitia.
2672 625 2859 695 Neque
2913 628 2968 680 in
3022 627 3380 683 dubitationis
3436 640 3495 684 ut

1922 715 2250 786 quibusdam
2288 717 2454 771 videri
2490 726 2671 785 posset
2697 718 2928 787 proferri
2974 718 3147 772 forma
3187 720 3367 773 ιοιιιιιιι
3407 721 3492 775 in-

1922 808 2104 874 venit;
2151 808 2216 861 ad
2259 810 2564 864 irrisionem
2606 812 2749 865 enim
2778 821 2830 864 rt
2859 811 2936 865 sic
2965 811 3248 881 ﬁguratum
3290 813 3494 867 desinit

1921 912 1971 953 et
2001 901 2054 955 in
2082 918 2279 956 vanum
2315 904 2621 957 abducitur.
2663 904 2874 957 Etenim
2908 912 2960 957 et
2994 904 3164 958 forma
3201 904 3493 960 dubitatior

1923 1003 2071 1047 ttttttt.
2108 1004 2203 1057 per
2235 992 2625 1045 scrutationem
2660 992 2798 1046 solet
2827 992 3229 1062 profundiorem
3256 1005 3311 1050 et
3349 1006 3497 1051 autc-

1923 1079 2065 1133 riora
2100 1082 2368 1151 depOncre
2397 1092 2447 1137 et
2483 1086 2627 1137 clara
2670 1084 2909 1147 diluere;
2938 1099 3276 1155 quaecunque
3310 1097 3490 1142 autem

1922 1171 2114 1225 insulsi
2146 1173 2580 1243 redargutionem
2630 1175 2827 1229 habent
2855 1186 3205 1245 apparentem
3232 1219 3248 1244 ,
3294 1178 3380 1232 bis
3413 1178 3493 1233 fe-

1922 1264 2122 1318 stinam
2158 1275 2212 1319 et
2247 1266 2713 1321 evidentissimam
2756 1270 3268 1325 condemnationem
3294 1287 3490 1338 super-

1922 1354 2070 1409 dneit
2099 1377 2114 1421 ;
2141 1356 2255 1410 baic
2286 1372 2415 1410 vero
2448 1368 2594 1412 certe
2617 1374 2725 1412 non
2765 1360 2816 1413 itt
2855 1360 3213 1418 dubitationis
3262 1362 3491 1418 formam

1923 1446 2049 1514 tingi
2080 1445 2415 1500 confidenter
2447 1447 2663 1511 asserit,
2694 1448 3069 1504 blaterationis
3102 1467 3230 1505 vero
3254 1452 3412 1508 simul
3439 1462 3492 1508 et

1922 1550 2074 1589 vana:
2100 1538 2387 1605 loquentiae
2412 1538 2588 1591 studia
2623 1540 2917 1610 redarguit.
2951 1542 3105 1607 Quod
3147 1553 3327 1597 autem
3360 1545 3491 1599 illud

1921 1630 2109 1680 statuit
2145 1644 2241 1698 pro
2266 1630 2471 1682 evidens
2508 1630 2635 1698 facit
2654 1644 2993 1702 assumptum
3018 1646 3119 1699 est,
3143 1635 3489 1689 manifestum

1900 1720 2126 1788 'prazbet
2151 1721 2408 1775 omnibus
2446 1723 2663 1790 cognitu
2714 1726 2829 1789 ipse
2886 1727 2971 1779 sui
3035 1727 3189 1783 testis
3247 1730 3491 1783 veritatis

229 1833 328 1869 ται
362 1817 755 1888 παρείληπται,
795 1790 1013 1889 έμιρανῆ
1051 1790 1461 1890 παρασκευάζει
1512 1790 1816 1873 πᾶσίν-ἑπι-

1923 1825 2101 1879 ιιναιοο
2117 1811 2393 1865 etstabilit
2416 1822 2470 1866 et
2498 1814 2803 1868 doctrinam
2836 1818 2992 1871 nobis
3024 1819 3487 1875 evidentissituam

226 1906 620 1975 γινώσκεσθαι,
651 1910 811 1973 αὐτὸς
841 1910 1033 1964 ἑαυτοῦ
1079 1911 1290 1981 μάρτυς
1327 1914 1356 1964 ὁ
1404 1912 1505 1981 τῆς
1557 1912 1819 1983 ἀληθείας

226 1997 411 2068 κῆρυξ
443 2001 537 2052 καὶ
568 2000 904 2070 παρίσταται
936 2003 1028 2056 καὶ
1055 2003 1155 2073 τὴν
1182 2004 1530 2058 διδασκαλίαν
1557 2007 1688 2075 ἡμῖν
1715 2008 1819 2075 ὲμ-

227 2090 574 2160 φανεστάτην
601 2091 690 2144 διὰ
717 2092 815 2162 τῆς
853 2095 1164 2163 μαρτυρίας
1210 2095 1533 2164 παρέχεται.
1566 2096 1675 2148 Καὶ
1708 2096 1817 2166 γὰρ

239 2177 531 2249 Ῥωμαίοις
586 2184 811 2252 γράφων
873 2184 1045 2254 φησί’
1133 2204 1152 2236 ι
1191 2185 1488 2256 Συνίστημι
1574 2186 1632 2239 δὲ
1688 2187 1817 2256 ύμῖν

225 2273 430 2344 Φοίϐην
459 2273 558 2345 τὴν
597 2274 834 2346 ἀδελφὴν
878 2275 1035 2345 ἡμῶν
1060 2275 1226 2329 οὖσαν
1266 2276 1512 2330 διάκονον
1558 2278 1657 2347 τῆς
1692 2279 1816 2331 Ἐκ-

227 2364 460 2433 κλησίας
486 2366 585 2435 τῆς
606 2367 662 2418 έν
693 2367 1000 2435 Κεγχρεαῖς
1023 2383 1036 2398 ο
1071 2385 1091 2415 ι
1128 2367 1285 2438 δῆλον
1324 2368 1431 2439 γάρ
1464 2368 1539 2430 ὼς
1578 2370 1700 2421 ἀντὶ
1720 2368 1814 2422 τοῦ

226 2458 590 2523 παρατίθημι
607 2457 972 2527 παρείληπται
986 2460 1066 2524 τὸ,
1084 2460 1414 2527 συνίστημι
1434 2476 1447 2490 ο
1464 2459 1818 2528 ἐπιγινώσκε-

230 2545 353 2599 σθαι
392 2545 688 2616 βούλομαι,
742 2549 1106 2619 γνωρίζεσθαι
1134 2550 1337 2621 ταύτην
1385 2553 1511 2621 ὑμῖν
1546 2553 1812 2623 παραινῶ.

227 2637 331 2690 Διὰ
362 2637 452 2703 τίς
491 2656 509 2691 ι
554 2639 669 2692 Ἵνα
706 2639 875 2710 αὐτὴν
916 2642 1282 2713 προσδέξησθε
1338 2646 1397 2696 ἐν
1431 2645 1623 2713 Κυρίῳ
1651 2645 1816 2710 ἀξίως

226 2730 339 2781 τῶν
392 2731 581 2797 ἀγίων.
622 2750 641 2782 ι
709 2734 915 2803 Ὥσπερ
964 2731 1056 2787 οὖν
1106 2735 1337 2788 ἐνταῦθα
1370 2737 1431 2789 τὸ
1462 2740 1812 2807 συνίστημι,

225 2822 329 2875 οὐκ
353 2824 477 2876 ἀντὶ
500 2823 593 2876 τοῦ
626 2824 979 2893 ὑφεστάναι,
1006 2827 1127 2880 οὐδὲ
1159 2828 1309 2895 πρὸς
1347 2830 1606 2896 ὕπαρξιν
1649 2830 1816 2900 ἄγειν

227 2915 741 2985 παραλαμϐάνεται,
768 2917 905 2971 ἀλλὰ
934 2918 995 2971 τὸ
1022 2918 1388 2986 γινώσκεσθαι
1426 2922 1519 2974 καὶ
1555 2923 1816 2991 γνωρίζε-

229 3006 355 3060 σθαι
380 3008 476 3060 mi.
518 3008 733 3078 ἐμφανῆ
755 3009 1090 3064 καθεστάναι
1119 3013 1231 3073 τοῖς
1250 3012 1308 3064 ἐν
1362 3012 1550 3087 Ῥώμῃ
1578 3015 1675 3086 τὴν
1710 3036 1805 3082 μα-

226 3094 429 3166 καρίαν
455 3096 653 3166 Φοίϐην
683 3098 1124 3171 ἐπισημαίνεται,
1173 3100 1314 3153 οὕτω
1353 3104 1654 3159 κάνταῦθα.
1692 3107 1813 3171 Πῶς
1841 3136 1883 3194 C

224 3188 282 3241 δὲ
308 3188 342 3257 ἡ
382 3187 568 3243 ἀδικία
616 3190 771 3259 ὑμῶν
812 3194 913 3259 τὴν
941 3190 1037 3243 τοῦ
1080 3192 1215 3245 Θεοῦ
1270 3194 1618 3267 δικαιοσύνην
1669 3217 1815 3269 παρ-

229 3278 484 3350 ίστησιν;
512 3280 587 3343 ὡς
602 3282 681 3351 τῷ
721 3284 861 3351 φωτὶ
893 3285 954 3335 τὸ
989 3287 1181 3347 σκότος
1214 3286 1649 3357 παρατιθέμενον
1683 3290 1818 3359 μᾶλ-

224 3368 317 3421 λον
343 3369 607 3438 αύγάζειν
640 3371 1073 3435 ἀποϐλέποντας,
1107 3373 1183 3437 ὡς
1236 3375 1297 3428 τὸ
1333 3378 1530 3447 πικρὸν
1558 3379 1634 3448 τῷ
1684 3380 1813 3447 γλυ-

133 3489 141 3497 -
224 3460 451 3524 κάζοντι
473 3460 815 3532 γλυκυτέραν
842 3464 1105 3534 ἐμποιοῦν
1129 3468 1194 3536 τῇ
1223 3466 1410 3534 γεύσει
1439 3469 1537 3536 τὴν
1567 3469 1660 3522 τοῦ
1688 3472 1817 3537 γλυ-

224 3552 352 3615 κὲος
379 3554 669 3623 ποιότηταο
705 3556 779 3617 ὼς
808 3556 870 3608 τὸ
910 3558 1083 3629 τραχὺ
1124 3559 1218 3610 καὶ
1252 3560 1487 3627 πλῆττον
1519 3561 1620 3630 τὴν
1674 3564 1816 3635 ἀρὴν

226 3644 433 3713 μᾶλλον
460 3646 609 3717 ἡμᾶς
647 3647 951 3715 διατίθησιν
996 3649 1096 3720 τὴν
1140 3650 1233 3703 τοῦ
1281 3651 1423 3704 λείου
1459 3655 1681 3725 ἰσότητα
1720 3658 1816 3710 καὶ

222 3733 539 3803 ὁμαλότητα
597 3736 1056 3792 ὲπαισθάνεσθαι·
1103 3740 1179 3801 ὡς
1218 3740 1278 3792 τὸ
1333 3741 1525 3809 ψεῦδος
1575 3746 1814 3814 ἐμφανε-

226 3827 428 3897 στέραν
456 3845 514 3883 τε
548 3830 641 3881 καὶ
679 3830 1062 3901 ποθεινοτέραν
1102 3832 1193 3886 καὶ
1217 3834 1416 3902 μᾶλλον
1446 3837 1816 3908 αἱρετωτέραν

223 3916 517 3985 ἀποφαίνει
545 3921 611 3989 τῇ
639 3919 941 3990 παραθέσει
971 3920 1069 3991 τὴν
1100 3921 1359 3993 ἀληθειαν
1381 3938 1395 3953 ⁶
1426 3925 1503 3988 ὡς
1555 3927 1815 3997 ἑκάτερον

222 4009 332 4061 τῶν
366 4010 651 4079 διαφοραῖς
680 4012 1163 4081 ἀντιτεταγμέναις
1210 4016 1545 4087 πορρωτέρω
1592 4018 1815 4072 διεστώ-

224 4117 334 4154 των
367 4100 464 4152 ἀπ’
491 4100 756 4170 ἀλλήλων,
805 4101 865 4153 τὸ
907 4102 1005 4171 μὲν
1064 4104 1159 4173 τὴν
1200 4106 1509 4177 φαυλότητα
1553 4109 1648 4161 τοῦ
1702 4111 1817 4181 χεί-

231 4206 384 4259 ρονος
411 4190 507 4242 ἐπὶ
537 4190 700 4244 πλέον
736 4191 1020 4261 διελέγχει,
1074 4193 1136 4245 τὸ
1164 4193 1219 4247 δὲ
1267 4194 1364 4266 τὴν
1414 4197 1507 4249 τοῦ
1535 4198 1813 4269 κρίνοντος

226 4280 523 4350 ἐμφανίζει
550 4281 885 4352 ἀγαθὸτητα.
916 4285 1025 4338 Καὶ
1063 4285 1171 4355 γὰρ
1196 4285 1289 4354 ἀφ’
1312 4287 1543 4341 ἑκάστου
1581 4289 1690 4343 τῶν
1720 4292 1815 4345 ἀν-

226 4370 553 4439 τικειμένων
594 4372 685 4423 ἐπὶ
737 4370 964 4443 θάτερον
1012 4375 1060 4426 οἱ
1101 4374 1518 4443 μεταϐαίνοντες
1560 4379 1668 4431 ἀπὸ
1713 4380 1812 4450 μὲν

1921 1918 2017 1972 per
2053 1903 2431 1981 testimonium
2474 1905 2651 1960 aﬂ‘ert.
2693 1906 2904 1961 Etenim
2942 1910 3006 1963 ad
3040 1909 3317 1967 Romanos
3352 1915 3489 1968 scri-

1920 1998 2055 2051 bens
2100 1998 2173 2052 ait
2207 2014 2222 2050 :
2261 2017 2279 2049 ι
2301 1996 2639 2054 Commendo
2666 2008 2849 2055 autem
2888 2002 3039 2058 vobis
3065 2002 3302 2058 Phoeben
3336 2019 3490 2059 soro-

1919 2101 2034 2141 rem
2077 2097 2322 2143 nostram
2369 2105 2491 2159 qua:
2524 2098 2607 2144 est
2660 2090 2713 2144 iu
2764 2092 3068 2147 ministerio
3112 2093 3367 2149 Ecclesia:
3430 2096 3484 2150 in

1918 2179 2182 2235 Cenchris
2228 2182 2308 2247 ¹⁵;
2365 2200 2384 2231 ι
2432 2180 2653 2236 evidens
2707 2182 2852 2236 enim
2897 2199 2997 2253 pro
3046 2181 3363 2240 Prwsentem
3413 2188 3490 2242 εἱ-

1916 2280 1998 2325 sto
2024 2312 2038 2335 ,
2068 2281 2407 2342 assumptum
2438 2281 2521 2328 est
2569 2272 2701 2328 illttd
2739 2272 3103 2341 Commendo;
3141 2287 3323 2331 notam
3366 2292 3491 2334 esse

1916 2366 2078 2428 volo.
2132 2380 2428 2435 agnoscere
2482 2366 2621 2420 banc
2678 2381 2776 2421 vos
2825 2368 3037 2421 hortor.
3104 2367 3326 2433 Quare?
3363 2389 3381 2421 ι
3430 2380 3488 2426 ut

1915 2470 2033 2510 eam
2091 2456 2373 2524 excipiatis
2432 2456 2483 2508 itt
2559 2456 2788 2511 Domino
2852 2459 3011 2527 digne
3070 2460 3275 2514 sanctis
3322 2462 3400 2516 ".
3462 2480 3480 2512 ι

1918 2545 1989 2602 Ut
2040 2562 2171 2616 ergo
2221 2546 2309 2601 hic
2363 2546 2494 2600 illttd
2555 2545 2910 2614 Commendo,
2942 2564 3048 2603 non
3107 2566 3205 2619 pro
3255 2559 3488 2604 statuere

1918 2654 2018 2694 nec
2049 2640 2117 2691 ad
2147 2639 2510 2692 exsistentiam
2551 2639 2811 2693 adducere
2862 2641 3193 2707 assumitur,
3235 2640 3328 2695 sed
3389 2654 3486 2695 co-

1917 2730 2102 2799 guosci
2154 2739 2208 2783 et
2266 2743 2450 2783 nciam
2511 2731 2688 2783 facere
2726 2738 2779 2784 et
2813 2732 3153 2785 manifestam
3200 2733 3391 2785 sistere
3421 2732 3487 2787 iis

1915 2822 2009 2890 qui
2042 2820 2229 2874 Romae
2258 2829 2388 2875 sunt
2421 2820 2633 2875 beatam
2670 2821 2906 2876 Pbmbeu
2954 2823 3221 2893 signiﬁcat
3244 2864 3259 2889 ,
3307 2824 3387 2879 sic
3435 2834 3489 2878 et

1918 2913 2045 2967 illic.
2073 2911 2358 2977 Quomodo
2381 2921 2559 2966 autem
2596 2912 2855 2982 iniquitas
2901 2924 3078 2969 vestra
3104 2915 3198 2969 Dei
3216 2915 3486 2985 justitiam

1916 3005 2139 3059 statuit?
2160 3015 2217 3058 ut
2249 3005 2354 3058 luci
2379 3000 2613 3060 tenebrae
2632 3007 2891 3075 apposita:
2914 3007 2977 3060 ad
3005 3008 3174 3077 magis
3205 3008 3489 3062 illustran-

1916 3097 2044 3150 dum
2080 3096 2424 3166 aspicientes.
2462 3106 2786 3150 atamarum
2821 3097 3152 3154 dlliCt'SCCllli
3189 3100 3485 3155 dull-iorem

1920 3187 2127 3241 faciens
2171 3187 2355 3255 gustui
2397 3186 2574 3241 dulcis
2624 3190 2977 3257 qualitatem;
3023 3199 3083 3245 ut
3133 3207 3388 3260 asperum
3433 3199 3487 3247 et

1919 3283 2231 3349 percutiens
2274 3286 2476 3333 tactum
2510 3283 2685 3351 magis
2717 3297 2817 3335 nos
2848 3282 3091 3351 disponit
3124 3283 3273 3351 politi
3304 3299 3490 3352 aequa-

1920 3372 2125 3426 litatem
2158 3380 2212 3426 et
2247 3371 2510 3425 unitatem
2540 3373 2604 3426 ad
2641 3374 3021 3440 sentiendum;
3057 3385 3113 3427 ut
3150 3375 3345 3428 falsum
3385 3391 3489 3427 ma-

1919 3462 2261 3515 nifestiorem
2294 3470 2349 3517 et
2372 3463 2875 3518 desiderabiliorem
2911 3473 2965 3518 et
2994 3466 3165 3533 magis
3194 3463 3486 3533 eligibilum

1917 3553 2158 3607 declarat
2191 3555 2531 3623 appositione
2571 3556 2889 3620 veritatem;
2950 3563 3005 3607 ttt
3061 3564 3355 3624 utrumque
3399 3556 3486 3609 di-

1917 3645 2275 3699 versitatibus
2323 3646 2590 3715 appositis
2634 3647 2848 3716 longius
2879 3646 3200 3700 distantium
3243 3648 3311 3699 ab
3346 3646 3488 3701 invi-

1917 3752 2058 3804 cem,
2089 3753 2256 3791 unum
2292 3737 2511 3807 quidem
2541 3737 2806 3793 vilitatem
2856 3739 3059 3808 pejoris
3106 3740 3227 3809 plus
3285 3743 3489 3810 arguit,

1917 3829 2147 3882 alterum
2187 3844 2317 3883 vero
2343 3830 2644 3900 judicantis
2676 3828 2988 3885 manifestat
3014 3830 3333 3885 bonitatem.
3393 3830 3487 3885 Et-

1915 3918 2061 3973 enim
2087 3918 2154 3971 ab
2184 3934 2512 3989 unoquoque
2540 3920 2910 3989 oppositorum
2937 3921 3002 3975 ad
3038 3922 3267 3975 alterum
3303 3929 3484 3976 trans-

1918 4018 2108 4063 euntes
2136 4025 2164 4062 a
2192 4010 2379 4078 pejore
2408 4011 2650 4066 melioris
2680 4013 3117 4081 superioritatem
3144 4053 3158 4076 ,
3215 4028 3244 4066 a
3277 4013 3487 4068 meliori

1915 4108 2093 4151 autem
2137 4097 2369 4167 Oppositi
2399 4099 2700 4166 vilitatem;
2753 4092 2810 4153 ut
2846 4116 2941 4170 per
2991 4117 3212 4156 sensum
3247 4103 3487 4157 sensibi-

1915 4190 2047 4242 lium
2074 4204 2089 4255 ;
2128 4190 2197 4241 ita
2232 4202 2378 4245 certe
2396 4198 2449 4243 et
2471 4191 2651 4244 omnia
2678 4191 2909 4261 sapienti
2930 4191 3119 4257 Paulo,
3152 4194 3253 4247 etsi
3288 4208 3486 4248 secun—

1916 4277 2043 4330 dum
2064 4276 2293 4331 formam
2319 4280 2496 4333 dubia:
2529 4283 2966 4350 suppositiouis;
3000 4283 3078 4338 sic
3100 4284 3189 4338 Dei
3214 4284 3486 4352 justitiam

1916 4376 2105 4423 nostra
2143 4368 2409 4436 iniustitia
2454 4374 2666 4426 statuit.
2706 4371 2830 4427 Ideo
2874 4382 3079 4428 etcum
3108 4376 3488 4441 conjunxisset

225 4460 320 4514 τοῦ
343 4461 591 4532 χείρονος
626 4465 725 4534 τὴν
761 4465 857 4518 τοῦ
911 4466 1217 4535 κρείττονος
1251 4469 1577 4541 ὑπερϐολὴν,
1613 4472 1720 4525 ἀπὸ
1756 4473 1812 4526 δὲ

1919 4465 2350 4534 praecedentibus
2384 4466 2514 4519 illud
2548 4483 2563 4520 :
2600 4485 2619 4517 ι
2647 4465 2784 4520 Num
2827 4467 3064 4535 injttstus
3089 4468 3229 4522 Deus
3263 4468 3354 4537 qui
3407 4470 3490 4523 in-

226 4552 321 4606 τοῦ
380 4555 687 4623 κρείττονος
750 4556 850 4628 τὴν
903 4556 996 4611 τοῦ
1042 4560 1419 4631 ἀντικειμένου
1468 4562 1813 4636 φαυλότητα⁶

228 4642 417 4716 ὥσπερ
452 4645 520 4698 δι’
547 4648 854 4719 αἰσθήσεως
891 4650 1001 4703 τῶν
1038 4652 1347 4722 αἰσθητῶν·
1395 4654 1538 4709 οὕτω
1580 4657 1644 4727 δὴ
1674 4658 1816 4711 οὓτω

228 4734 323 4787 καὶ
355 4735 434 4806 τῷ
463 4738 722 4808 πανσόφῳ
756 4739 953 4811 Παύλῳ
981 4742 1032 4794 εί
1088 4742 1183 4795 καὶ
1226 4744 1365 4796 κατά
1414 4746 1600 4815 σχῆμα
1621 4748 1813 4800 διαπο-

229 4826 504 4898 ρουμένης
544 4828 853 4894 ὑποθέσεως
874 4847 888 4861 ·
919 4831 995 4895 ὼς
1020 4832 1118 4900 τὴν
1145 4832 1237 4885 τοῦ
1271 4833 1407 4886 Θεοῦ
1441 4835 1809 4908 δικαιοσύνην,

228 4916 384 4985 ἡμῶν
408 4919 441 4987 ή
472 4920 653 4973 ἀδικία
685 4922 1017 4994 συνίστησιν.
1040 4924 1130 4977 Διὸ
1158 4925 1257 4977 καὶ
1282 4924 1522 4992 συνάψας
1549 4929 1662 4989 τοῖς
1683 4944 1812 4997 προ-

226 5004 453 5066 λαὸοῦσι
478 5011 539 5063 τό
560 5029 572 5042 ·
612 5030 630 5064 ι
665 5013 756 5085 Μὴ
794 5015 977 5078 ἄδικος
1007 5017 1035 5067 δ
1061 5014 1193 5077 Θεὸς
1221 5016 1249 5068 ὀ
1274 5015 1553 5087 ἐπιφέρων
1590 5015 1690 5085 τὴν
1721 5019 1815 5088 ὀρ-

227 5098 365 5166 γήν;
402 5120 421 5152 ι
460 5102 657 5171 ἐπάγει
683 5106 746 5157 τό
766 5121 781 5137 ’
823 5125 841 5157 ι
861 5106 953 5176 Μὴ
988 5106 1218 5174 γένοιτο.
1249 5124 1267 5157 ι
1294 5105 1447 5158 Διατί
1472 5124 1485 5172 ;
1520 5107 1667 5160 Διοτὶ
1691 5107 1813 5178 οὐχὶ

228 5189 715 5262 εύγνωμονούντων
765 5197 923 5267 ἡμῶν
956 5198 1048 5250 καὶ
1090 5196 1419 5267 θεραπεύειν
1448 5196 1509 5249 τὸ
1540 5197 1693 5251 Θετον
1717 5199 1811 5269 ζη-

226 5281 484 5350 τούντων,
516 5288 548 5356 ὴ
577 5286 759 5341 ἀδικία
798 5290 830 5359 ἡ
841 5289 958 5358 μῶν
986 5288 1474 5361 διαμαρτυρομένη
1496 5288 1587 5342 καὶ
1616 5292 1813 5359 κηρύτι

1917 4556 2018 4612 fert
2050 4558 2187 4611 iram
2223 4557 2263 4587 ³⁷
2294 4557 2317 4610 ?
2346 4576 2364 4609 ι
2434 4557 2586 4612 addit
2617 4559 2752 4612 illud
2787 4577 2801 4613 :
2843 4576 2861 4610 ι
2892 4559 3047 4612 Absit
3074 4559 3150 4612 ‘3!
3193 4578 3210 4610 ι
3272 4560 3492 4624 Quare?

1914 4648 2051 4717 Quia
2099 4664 2209 4702 non
2245 4649 2542 4719 prudenter
2573 4650 2862 4719 agentibus
2896 4651 3053 4704 nobis
3083 4660 3136 4704 et
3166 4652 3372 4705 servire
3403 4651 3491 4704 Di-

1913 4745 2124 4799 vinitati
2149 4747 2542 4815 (intercutibus,
2577 4746 2845 4813 iujustitia
2901 4758 3086 4801 nostra
3111 4748 3414 4802 testiilcans
3435 4757 3492 4803 et

1914 4838 2213 4907 praedicans
2239 4838 2507 4909 justitiam
2530 4842 2649 4909 ejus
2682 4841 3020 4896 manifestam
3052 4840 3200 4907 fecit,
3229 4841 3321 4898 sed
3352 4860 3492 4913 quo-

1919 4928 2079 4983 modo
2107 4930 2311 4985 dictum
2343 4941 2426 4987 est
2458 4932 2755 4988 bonitatem
2789 4948 2886 5003 per
2924 4932 3326 5003 improbitatem
3379 4951 3491 4989 ma-

1921 5020 2259 5075 nifestiorem
2292 5022 2435 5077 sisti.
2477 5022 2609 5088 Quae
2638 5033 2820 5078 autem
2857 5034 3163 5095 sequuntur
3208 5024 3314 5081 lari
3361 5027 3491 5080 ditii-

1915 5112 2038 5165 ctlia
2071 5112 2351 5180 speculata
2391 5114 2563 5184 magis
2590 5116 2806 5185 propria
2834 5115 2976 5172 forte
2997 5118 3489 5182 solutione.dirina

1918 5202 2257 5270 providentia
2299 5205 2591 5275 benignius
2637 5223 2739 5262 nos
2788 5209 3151 5278 inspiciente,
3206 5224 3313 5263 non
3344 5224 3493 5265 carc-

1916 5295 2071 5347 bunt.

228 5385 396 5427 τουσα
428 5377 528 5447 τὴν
582 5378 928 5448 δικαιοσύνην
969 5380 1134 5432 αὐτοῦ
1191 5379 1544 5448 ἐνεφάνισεν,
1604 5380 1719 5434 ἀλλ’
1772 5381 1831 5436 ὃν
1869 5384 2071 5454 τρόπον
2091 5384 2304 5458 εἴρηται
2334 5388 2432 5460 τὴν
2495 5389 2806 5461 ἀγαθότητα
2835 5391 2922 5444 διὰ
2948 5393 3047 5463 τῆς
3080 5392 3281 5456 κακίας
3310 5392 3492 5462 ἐμφα-

230 5464 487 5536 νεστέραν
510 5470 889 5525 καθίστασθαι.
911 5472 993 5525 Τὰ
1017 5473 1073 5524 δὲ
1089 5472 1217 5541 ἑξῆς
1241 5471 1333 5526 τοῦ
1358 5473 1556 5543 χωρίου
1584 5472 1933 5546 δυσθεώρητα
1976 5478 2268 5552 ἰδιαιτέρας
2324 5482 2451 5545 ἴσως
2514 5483 2837 5550 ἐπιλύσεως,
2870 5484 2968 5557 τῆς
3044 5486 3194 5551 θείας
3236 5488 3491 5555 προνοίας

230 5553 617 5628 εὒμενὲστερον
644 5561 777 5631 ἡμῖν
807 5560 1114 5632 ὲφορώσης,
1140 5562 1241 5615 οὐκ
1266 5562 1645 5629 ἀποτεύξεται.

850 5739 890 5770 ¹⁶
926 5740 1055 5794 ibid.
1140 5740 1178 5771 ¹⁷
1216 5740 1369 5795 Rom.
1418 5757 1497 5798 ιιι,
1530 5739 1581 5796 5.
1666 5742 1705 5773 ¹³
1735 5741 1867 5798 ibid.
1902 5742 1952 5797 6.

306 5734 348 5768 ίδ
385 5735 535 5790 Rom.
574 5753 683 5802 XVI,
722 5748 767 5791 ι.
850 5739 890 5770 ¹δ
926 5740 1055 5794 ibid.
1140 5740 1178 5771 ¹⁷
1216 5740 1369 5795 Rom.
1418 5757 1497 5804 ιιι,
1530 5739 1581 5796 5.
