3884 6202
376 304 479 373 435

677 418 1004 487 υιῐΑεετιθ
1035 418 1242 475 LXVIII
1277 419 1375 492 [αι.
1416 420 1648 495 LXVII].

1542 310 1806 372 ΡΗΟΤΙΙ
1832 312 2332 374 ΡΛΤΒῙΑΒΟΙΙᾹΞ
2370 318 2477 377 CP.

1984 433 2031 488 Α

3526 328 3632 392 436

2602 430 2932 485 ΕΡΩΤΙΙΣΙΣ
2961 432 3087 489 Ξιιο.

380 512 527 596 Illud
553 529 573 565 :
602 531 628 596 ,ι
664 511 723 568 Si
758 514 992 582 genuerit
1040 515 1120 567 vir
1172 523 1409 596 sentum,
1433 525 1497 596 let
1551 531 1718 569 annos
1755 515 1951 596 multos

2082 514 2220 596 "(5.3
2257 516 2399 573 Ἐὰν
2428 520 2693 596 γεννήσῃ
2728 524 2881 596 ἀνὴρ
2913 527 3147 591 ἑκατὸν,
3168 530 3263 583 καί
3296 529 3400 596 ἔτη
3433 536 3633 585 πολλὰ

448 585 637 637 vixerit
657 624 671 647 ,
708 593 795 656 et,
820 599 1069 656 numerus
1099 586 1187 652 qui
1214 591 1367 638 erunt
1409 585 1520 638 dies
1554 602 1813 639 annorum
1841 587 1954 656 ejus

446 671 550 708 non
585 654 888 725 implebitnr
920 654 1151 706 bonitate
1172 671 1201 725 ;_
1222 662 1271 708 et
1303 656 1602 720 sepulcrum
1625 672 1729 709 non
1757 654 1956 725 fuit'ei,

447 726 563 777 dixi
599 724 789 777 bonum
822 740 978 791 super
1000 740 1117 776 eum
1150 723 1451 777 abortivum
1474 742 1492 790 ;
1514 723 1764 794 quoniam
1793 727 1847 778 in
1878 744 1963 779 ra-

453 796 619 847 nitate
651 796 820 856 venit,
849 804 897 847 et
932 794 988 846 in
1020 794 1243 847 tenebris
1284 810 1471 848 nomen
1501 796 1615 863 ejus
1647 796 1959 861 involvetur,

455 874 506 919 et
543 865 705 918 solem
738 881 842 918 non
863 863 1003 935 uidit
1038 880 1128 917 nec
1162 866 1440 933 cognovit;
1482 868 1680 935 requies
1729 867 1852 919 huic
1879 883 1963 918 su-

451 952 543 1005 per
583 936 752 988 illum.
788 954 804 985 ι
853 933 967 1005 Hoc
998 944 1173 986 autem
1210 935 1408 986 dictum
1437 933 1723 1004 quemnam
1759 938 1957 990 discre-

453 1004 647 1061 tionem
678 1014 728 1060 et
762 1004 1165 1059 elucidationem
1197 1006 1558 1059 demonstrare
1590 1010 1802 1076 potest?

2130 584 2390 667 ζνξσεςαι,
2411 584 2525 667 Δκαὶ⁸
2547 584 2781 667 πζλῆθος
2804 584 2924 667 ’ότι
2970 584 3214 651 ἔσονται
3244 584 3455 667 ἡμέραι
3485 584 3632 654 ἐτῶν

2128 657 2316 712 αὑτοῦ
2362 661 2471 734 οὐκ
2501 657 2989 734 ἐμπλησθήσεται
3038 668 3157 721 ἀπὸ
3185 657 3297 734 τῆξ
3319 657 3631 734 ἀγαθωσύ-

2128 742 2243 809 ἴῃς
2263 730 2408 809 ’.καί
2436 732 2685 809 retr-15.0);
2712 735 2822 809 οὐκ
2851 736 3085 805 ἐγένετο
3112 730 3293 809 αὐτῷ,
3327 730 3466 792 siem
3490 742 3632 809 ἁγιιο

2130 794 2239 850 θὸν
2265 800 2419 875 abiret)
2442 794 2753 875 ἀὺτῷὗοςτὸ
2787 794 3052 874 ἐκτρωμα
3081 824 3095 839 ο
3155 794 3252 861 ὅτι·
3282 794 3353 861 ἓν
3393 794 3635 875 pauiu}-

2130 882 2257 929 τητι
2296 864 2463 1004 ιξλθε,
2494 870 2592 923 καὶ
2640 871 2709 924 ἐν
2735 864 2940 928 σκότει
2967 864 3056 929 ’τὸ
3080 877 3267 945 ὄνομα
3308 864 3497 933 αὐτοῦ
3527 899 3635 933 κα-

2130 937 2317 1004 ,ὶυφθι
2339 955 2526 992 σεται·
2564 943 2666 994 καί
2706 959 2769 1004 γε
2800 943 2977 1004 ἣλιον
3014 949 3126 1001 οὐκ
3181 949 3302 1002 εἶδε
3359 950 3457 1003 καὶ
3520 952 3634 1003 οὐκ

2130 937 2526 1011 ,ρυφθήοέζαισ
2564 943 2666 994 καί
2706 959 2769 1009 γε
2800 943 2977 1011 ἣλιον
3014 949 3126 1001 οὐκ
3181 937 3302 1002 εἶδε
3359 950 3457 1003 καὶ
3520 952 3634 1003 οὐκ

2132 1003 2301 1087 ἐγνω-
2323 1003 2681 1087 ἀνάπᾳυσις
2692 1003 2880 1087 {enim
2894 1014 3046 1083 ὑπὲρ
3063 1018 3296 1072 τοῦτον·
3313 1040 3329 1070 ι
3353 1021 3529 1073 τοῦτο
3558 1020 3632 1087 (δὴ

2130 1072 2417 1157 ξὸυρητρν
2463 1080 2598 1157 τίκα
2650 1072 2950 1150 διάκριονιν
2991 1072 3087 1140 οιαὶ
3127 1072 3475 1157 σαφήνειαν-ν
3509 1072 3637 1144 ἐπιὶ

2129 1140 2220 1195 δεῖ
2222 1140 2438 1207 ξασθαι
2492 1148 2740 1204 δύναται

1372 1241 1517 1293 Edita
1538 1258 1564 1293 a
1588 1243 1732 1304 Maio,
1758 1245 1797 1295 1.
1821 1258 1887 1304 c.,
1911 1259 1962 1308 ι).
1997 1246 2162 1311 85-84,
2184 1253 2237 1303 1η
2260 1256 2425 1309 Eccle.
2452 1273 2518 1319 vr,
2540 1262 2642 1311 διδ.

450 1330 608 1388 Multi
649 1328 808 1387 liberi
844 1327 915 1384 iis
943 1327 1037 1398 qui
1087 1326 1143 1380 in
1180 1326 1383 1380 mundo
1428 1335 1488 1381 ut
1536 1343 1667 1382 sane
1701 1343 1957 1399 magnum

381 1428 590 1483 bonum
622 1420 967 1478 ambitiosius
1010 1417 1436 1488 exquirebatur,
1483 1418 1739 1474 similiter
1775 1428 1957 1475 autem

379 1526 436 1572 et
466 1516 686 1585 longum
718 1522 933 1582 tempus
958 1510 1098 1565 vitae.
1138 1509 1350 1563 Etenim
1385 1508 1586 1578 saepius
1613 1509 1960 1565 servantibus

384 1605 598 1660 Domini
624 1602 1070 1672 iustificationes,
1089 1599 1309 1670 longam
1336 1601 1459 1653 vita:
1480 1608 1696 1669 tempus
1714 1599 1767 1653 in
1798 1601 1960 1655 retri-

383 1698 661 1754 butionem
700 1692 1033 1750 extenditur.
1076 1692 1130 1746 Si
1164 1692 1291 1762 quis
1319 1692 1503 1763 igitur,
1535 1692 1611 1746 ait
1639 1690 1882 1759 Salonio,
1901 1703 1961 1747 et

2152 1339 2214 1392 Ἦ
2250 1342 2576 1398 πολυπαιδία
2630 1348 2743 1410 τοῖς
2775 1348 2832 1399 ὲν
2857 1348 3047 1419 κόσμῳ
3075 1344 3161 1403 οἷα
3192 1351 3254 1423 δὴ
3284 1355 3424 1420 μέγα
3449 1360 3637 1425 χρῆμα

2066 1429 2496 1502 φιλοτιμώτερον
2578 1436 2957 1503 ἐσπουδάζετο,
3014 1440 3271 1506 ὡσαύτως
3322 1444 3380 1497 δὲ
3439 1450 3532 1499 καὶ
3581 1449 3640 1501 τδ

2065 1519 2414 1590 πολυχρόνιον
2440 1540 2453 1555 ·
2481 1524 2576 1579 καὶ
2612 1527 2720 1597 γὰρ
2773 1528 3039 1600 πολλαχοῦ
3072 1535 3185 1596 τοῖς
3216 1534 3551 1601 φυλάττουσι
3574 1540 3638 1591 τὰ

2065 1610 2159 1663 τοῦ
2193 1612 2399 1685 Κυρίου
2436 1617 2800 1689 δικαιώματα,
2844 1623 2904 1675 τὸ
2960 1624 3313 1696 πολυχρόνιον
3357 1631 3437 1693 είς
3490 1631 3638 1685 ἀντι-

2075 1701 2295 1770 μισθίαν
2322 1707 2684 1765 ύποτείνεται.
2730 1713 2856 1767 Ἐὰν
2888 1710 2981 1768 οὖν
2999 1733 3099 1780 τις.
3128 1719 3290 1789 φησὶν
3321 1722 3639 1791 όΣολομὼν,

385 1788 739 1845 multitudine
769 1787 1064 1841 liberorum
1097 1784 1610 1855 superabundanter
1631 1786 1756 1842 aliis
1780 1785 1957 1840 homi.

2082 1794 2157 1847 ιαὶ
2184 1799 2251 1867 τῇ
2282 1797 2656 1873 πολυπληθείᾳ
2687 1805 2797 1859 τῶν
2817 1807 3025 1861 τέκνων

384 1882 545 1937 nibus
584 1877 926 1948 supervixit,
977 1885 1032 1932 et
1071 1877 1235 1947 longo
1269 1885 1511 1947 tempore
1539 1878 1707 1931 vitam
1752 1888 1958 1965 protra-

2058 1885 2237 1977 ἀλλων
2269 1889 2575 1961 ἀνθρώπων
2621 1895 2866 1968 ὑπερέζη
2914 1900 3117 1971 καὶτῷ
3151 1904 3491 1977 πολυχρονίῳ
3532 1907 3631 1977 τὴν

384 1982 534 2029 ctam
562 1986 726 2041 quam
759 1968 995 2023 maxime
1020 1968 1258 2035 habeat;
1290 1968 1357 2024 de
1383 1978 1581 2023 caetero
1605 1984 1735 2023 vero
1764 1970 1959 2040 nequi-

2082 1979 2206 2049 ἶωὴν
2230 1986 2695 2057 παρατεινομένην
2740 1991 2828 2043 ὅτι
2862 1968 3098 2061 μάλιστα
3132 1995 3243 2059 ἕξει
3424 1968 3473 2047 δ;
3504 1968 3641 2052 ἄλλα

386 2062 481 2119 tiis
506 2060 672 2116 vitam
706 2059 893 2126 fmdet,
936 2058 1199 2114 bonitatis
1263 2058 1519 2113 fruitione
1571 2076 1680 2114 non
1733 2061 1963 2130 implens

2082 2074 2348 2144 τονηρίαις
2376 2075 2467 2129 τὸν
2499 2076 2613 2146 βίον
2649 2058 2882 2152 κακύνῃ,
2916 2083 3015 2154 τῆς
3038 2086 3375 2157 ἀγαοότητος
3413 2091 3480 2158 τῇ
3508 2090 3644 2142 ἀποο

388 2167 545 2209 suam
576 2165 749 2218 neque
788 2164 1089 2219 perornans
1120 2148 1360 2203 animam
1384 2189 1398 2213 ,
1423 2158 1477 2205 et
1505 2161 1791 2220 propterea
1826 2152 1966 2207 forte

390 2259 566 2314 neque
598 2242 876 2312 sepultura
908 2241 1107 2312 dignus
1134 2250 1219 2297 est
1247 2243 1492 2305 habitus,
1527 2244 1652 2299 talis
1680 2245 1761 2298 vir
1793 2246 1961 2300 multo

388 2335 620 2392 inferior
657 2344 712 2389 et
740 2335 864 2404 jure
911 2344 1253 2405 reputaretur
1308 2335 1593 2402 abortivo;
1652 2337 1959 2391 abortivum

388 2427 607 2498 quidem
635 2425 805 2480 solem
833 2439 941 2478 non
972 2424 1126 2488 vidit,
1157 2440 1256 2478 nec
1286 2425 1474 2480 habuit
1497 2427 1697 2494 quibus
1724 2427 1962 2496 inspice-

387 2528 475 2575 ret
496 2533 615 2588 qua?
647 2524 777 2572 sunt
809 2523 864 2570 et
909 2516 1187 2571 actionum
1222 2517 1475 2572 meliores
1523 2518 1824 2587 praeferret.
1859 2518 1959 2585 Qui

387 2620 569 2667 autem
630 2609 716 2662 bis
750 2608 1011 2662 omnibus
1051 2608 1347 2663 honoratus
1396 2619 1449 2662 et
1498 2624 1729 2664 numero
1762 2624 1958 2681 magno

388 2704 685 2758 liberorum
721 2700 935 2753 laetatus
991 2709 1047 2753 et
1080 2698 1279 2754 fruitus
1314 2699 1571 2756 diuturna
1624 2702 1731 2756 vita
1755 2744 1770 2767 ,
1832 2703 1961 2772 quia

388 2792 652 2850 bonitatis
700 2807 807 2847 non
846 2789 947 2845 fuit
978 2791 1285 2860 particeps,
1326 2806 1505 2861 neque
1538 2791 1754 2849 deliciis
1788 2793 1962 2850 absti-

389 2882 508 2937 nuit
532 2880 760 2935 vilitatis
792 2887 846 2934 et
875 2880 1157 2948 sepultura
1185 2880 1337 2950 juxta
1364 2881 1617 2935 meritum
1642 2883 1754 2937 haec
1778 2893 1964 2939 secuta

384 2980 509 3039 est;
541 2972 665 3041 jure
695 2971 899 3041 pejoris
928 2971 1015 3026 hic
1041 2973 1213 3042 magis
1249 2972 1363 3027 fati
1384 2989 1547 3042 quam
1578 2974 1709 3028 illud
1738 2987 1960 3044 reputa-

388 3064 553 3120 bitur.
580 3062 795 3118 Etenim
833 3062 921 3116 bic
947 3063 1115 3118 solem
1148 3062 1340 3118 videns
1368 3064 1420 3117 in
1445 3065 1685 3119 tenebris
1715 3067 1968 3120 ambula-

388 3154 503 3218 bat,
532 3162 586 3208 et
621 3167 818 3207 nomen
852 3151 1064 3206 illustre
1096 3151 1410 3221 relinquere
1445 3169 1540 3224 per
1572 3154 1773 3208 nobilia
1805 3170 1963 3224 opera

2082 3164 2473 3237 λογισθήσεται.
2523 3174 2631 3226 Καὶ
2681 3175 2790 3246 γὰρ
2819 3170 2880 3230 οὗ

389 3260 514 3297 rum
546 3250 748 3312 posset.
776 3241 829 3294 in
861 3239 1103 3295 tenebris
1126 3249 1476 3310 peccatorum
1502 3240 1739 3311 proiecit
1767 3241 1976 3295 exstin-

390 3334 662 3406 guendum
689 3332 1232 3401 etconsepeliendum
1267 3332 1518 3386 vanitati.
1552 3331 1617 3385 Et
1651 3332 1795 3385 aliud
1833 3348 1968 3403 quo-

389 3441 498 3496 que
517 3424 679 3494 hujus
713 3422 778 3477 ad
820 3423 1126 3477 abortivum
1160 3424 1455 3479 discrimen
1482 3465 1498 3490 ,
1528 3425 1674 3493 quod
1708 3441 1881 3494 paena:
1913 3435 1967 3481 et

390 3515 773 3585 castigationes
806 3513 1050 3568 functum
1079 3515 1186 3569 vita
1210 3515 1541 3585 exceperint,
1562 3516 1665 3569 hoc
1686 3531 1813 3569 vero
1850 3516 1970 3570 illa-

391 3621 513 3659 rum
554 3605 758 3659 nullius
806 3604 860 3659 in
892 3605 1285 3674 experientiam
1319 3606 1697 3660 constituitur.
1731 3606 1786 3661 Si
1839 3624 1969 3662 vero

389 3696 515 3766 quis
554 3696 784 3751 audiens
812 3695 1038 3749 Paulum
1070 3697 1341 3752 dicentem
1366 3715 1379 3752 :
1407 3715 1425 3748 ι
1450 3697 1758 3753 Novissime
1786 3709 1965 3754 autem

392 3784 637 3837 omnium
671 3785 822 3839 visus
870 3793 954 3839 est
996 3795 1047 3839 et
1084 3787 1213 3839 mihi
1251 3798 1511 3857 tanquam
1564 3788 1816 3843 abortivo
1842 3789 1907 3853 ",
1942 3808 1961 3841 ι

391 3874 446 3927 in
479 3872 610 3928 illud
631 3873 1039 3928 Salomonicum
1069 3877 1341 3946 respicere
1370 3879 1599 3947 putabit.
1634 3878 1846 3934 Etenim
1880 3880 1967 3936 ille

389 3962 612 4033 iustitiae
638 3963 817 4017 Solem
840 3964 891 4017 in
918 3975 1058 4019 terra
1089 3982 1196 4020 non
1225 3967 1362 4021 vidit
1387 3968 1689 4033 orientem;
1726 3986 1823 4025 nec
1847 3970 1967 4039 ejus

390 4054 679 4124 discipulis
723 4058 1105 4111 connumerari
1168 4068 1280 4112 tum
1335 4059 1533 4129 dignus
1576 4070 1661 4116 est
1703 4060 1962 4128 habitus;

394 4146 553 4201 multi
595 4162 725 4201 vero
758 4145 939 4202 Solem
965 4147 1195 4216 justitite
1225 4150 1429 4216 intuiti,
1484 4168 1590 4207 non
1623 4154 1805 4208 minus
1850 4170 1968 4208 am-

392 4238 656 4293 bulabant
690 4240 1014 4295 intenebris
1062 4241 1128 4296 ad
1182 4240 1521 4313 fulgurantes
1565 4246 1745 4300 radios
1797 4246 1851 4299 in
1898 4260 1964 4301 eo

389 4329 693 4385 divinitatis
732 4330 1111 4399 caacutientes,
1141 4335 1244 4390 etsi
1282 4335 1485 4406 reliqua
1516 4338 1701 4392 omnia
1729 4338 1853 4391 vitae
1875 4353 1964 4393 se—

387 4422 569 4476 cundo
596 4438 760 4477 cursu
788 4423 919 4493 ipsis
949 4424 1292 4492 ferebantur,
1343 4438 1396 4482 et
1446 4438 1507 4482 ut
1539 4446 1645 4483 non
1679 4428 1835 4484 facile
1868 4446 1969 4500 pu-

388 4522 597 4569 tassent
622 4525 829 4585 optare.
863 4518 966 4573 Sed
1006 4526 1062 4573 et
1098 4519 1392 4575 liberorum
1433 4531 1550 4577 erat
1573 4522 1704 4592 ipsis
1725 4523 1968 4577 dilatatio

386 4615 444 4662 et
482 4608 641 4662 turba
680 4616 735 4663 et
775 4620 1080 4679 temporum
1130 4613 1334 4667 additio
1379 4616 1699 4671 extensione
1733 4616 1968 4686 parado-

386 4716 515 4754 xum
545 4701 788 4757 trahens.
826 4702 880 4755 Si
905 4704 1030 4773 quis
1062 4704 1225 4775 igitur
1246 4706 1299 4759 in
1330 4706 1445 4760 haec
1478 4704 1825 4763 Salomonica
1854 4723 1978 4762 ora-

384 4790 507 4847 cula
542 4792 855 4861 transferat,
885 4804 940 4849 et
977 4796 1287 4850 abortivum
1351 4798 1576 4852 Paulum
1618 4798 1971 4855 Judaicorum

385 4884 691 4955 principum
729 4889 1075 4941 sacerdotum
1112 4897 1166 4943 et
1194 4890 1537 4944 sacerdotum
1584 4901 1639 4945 et
1672 4893 1966 4947 multorum

380 4975 615 5031 aliorum
649 4978 771 5034 vitae
803 4978 1022 5051 quidem
1084 4981 1339 5037 felicitate
1372 4983 1774 5053 splendentium
1800 5026 1816 5050 ,
1868 4986 1973 5039 im-

384 5067 581 5136 pietate
607 5079 789 5126 autem
840 5081 894 5126 et
927 5072 1134 5128 vilitate
1180 5075 1457 5130 actionum
1493 5075 1547 5129 in
1580 5077 1817 5132 tenebris
1844 5093 1969 5132 ver-

381 5163 648 5227 santium,
676 5172 730 5216 et
768 5164 854 5218 his
888 5164 1148 5222 omnibus
1191 5176 1523 5237 superponet
1550 5177 1607 5222 et
1638 5168 1813 5223 multo
1846 5184 1964 5223 me-

380 5252 579 5307 liorem
599 5254 752 5323 juxta
771 5256 955 5311 omnia
970 5256 1331 5325 demonstrat,
1356 5274 1479 5315 vere
1500 5261 1717 5331 quidem
1737 5263 1964 5317 omnino

379 5340 515 5396 dicit
533 5359 557 5408 ;'
583 5343 719 5399 nihil
751 5360 901 5407 vero,
934 5348 1151 5416 opinor,
1185 5349 1338 5404 addit
1365 5368 1621 5422 magnum
1654 5353 1703 5408 ei
1737 5354 1829 5424 qui
1866 5370 1964 5426 gy-

382 5450 505 5489 rum
536 5443 697 5492 terrze
726 5440 1118 5508 praedicatione
1148 5444 1472 5512 complexus
1502 5453 1606 5501 est.

2065 2161 2255 2217 λαύσει
2284 2165 2358 2236 μὴ
2391 2168 2724 2239 ἐμπιμπλῶν
2766 2171 2931 2225 αὐτοῦ
2984 2175 3120 2245 μηδὲ
3174 2177 3490 2249 διακοσμῶν
3546 2178 3647 2249 τὴν

2064 2254 2262 2326 ψυχὴν,
2295 2261 2388 2311 καὶ
2444 2260 2532 2313 διὰ
2570 2261 2728 2316 τοῦτο
2789 2264 2921 2329 ῐσως
2974 2268 3111 2336 μηδὲ
3138 2271 3316 2337 ταφῆς
3361 2271 3646 2342 ἀξιωθῇ,ό

2064 2343 2303 2410 τοιοῦτος
2327 2348 2466 2418 ἀνὴρ
2496 2349 2676 2420 πολλῷ
2706 2353 2903 2422 χείρων
2965 2357 3058 2408 καὶ
3106 2357 3332 2421 δικαίως
3386 2358 3453 2412 ἂν
3503 2360 3650 2428 λογι-

2069 2431 2326 2502 σθήσεται
2361 2436 2454 2488 τοῦ
2485 2438 2857 2509 ὲκτρώματος·
2880 2443 2943 2495 τὸ
2972 2444 3069 2512 μὲν
3085 2444 3343 2515 ἐκτρωμα
3363 2446 3515 2516 ἣλιον
3543 2448 3648 2503 οὐκ

2068 2519 2227 2588 εἶδεν,
2257 2527 2356 2580 οὐκ
2376 2527 2532 2599 ἔσχεν
2572 2525 2653 2595 οἷς
2690 2532 2757 2585 ἂν
2797 2534 2977 2588 ἐπείδέ
3021 2552 3079 2588 τε
3133 2538 3200 2589 τὰ
3232 2538 3362 2589 ὄντα
3407 2539 3506 2592 καὶ
3533 2539 3645 2591 τῶν

2065 2614 2316 2683 πράξεων
2338 2619 2436 2683 τάς
2459 2620 2713 2691 ἀμείνους
2742 2614 3038 2695 προείλετο.
3076 2625 3132 2682 '0
3153 2629 3210 2681 δὲ
3235 2629 3444 2692 τούτοις
3476 2631 3653 2685 ἅπασι

2066 2707 2317 2777 τιμηθεὶς
2355 2712 2447 2763 καὶ
2476 2712 2847 2786 πολυπληθεία
2922 2717 3128 2771 παίδων
3180 2719 3511 2789 εὐφρανθεὶς
3554 2723 3655 2775 καὶ

2069 2798 2386 2865 ἀπολαύσας
2417 2802 2517 2872 τῆς
2552 2805 3000 2876 μακροϐιότητός,
3032 2810 3156 2862 ἐπεὶ
3179 2810 3279 2880 τῆς
3312 2812 3653 2883 ἀγαθότητος

2072 2890 2133 2943 ού
2155 2891 2438 2964 μετέσχεν,
2469 2896 2589 2950 οὐδὲ
2614 2901 2836 2969 τρυφῶν
2867 2900 3138 2971 ἀπέσχετο
3155 2904 3254 2973 τῆς
3284 2904 3650 2975 φαυλότητος,

2079 2984 2174 3037 καὶ
2206 2986 2239 3054 ἡ
2271 2986 2417 3053 ταφὴ
2451 2990 2571 3041 κατ’
2610 2991 2768 3057 ἀξίαν
2814 2992 3026 3057 τούτοις
3070 2995 3473 3067 ἠκολούθησενο
3500 2999 3653 3052 εἰκό-

2074 3090 2182 3137 τως
2212 3076 2268 3129 δὲ
2291 3079 2389 3148 τῆς
2414 3081 2655 3152 χείρονος
2701 3077 2855 3147 οὗτος
2909 3087 3123 3155 μᾶλλον
3156 3089 3354 3160 μοίρας
3394 3091 3427 3161 ἢ
3469 3092 3653 3145 ἐκεῖνο

2883 3194 2972 3240 τος
2995 3177 3086 3230 τὸν
3121 3179 3271 3249 ἣλιον
3306 3182 3447 3253 ὁρῶν
3478 3185 3534 3235 ἐν
3569 3185 3656 3254 τῷ

2093 3258 2273 3311 σκότει
2296 3260 2612 3332 ἐπορεύετο,
2645 3269 2739 3319 καὶ
2769 3267 2831 3319 τὸ
2856 3268 3026 3338 ὄνομα
3056 3270 3307 3342 λαμπρὸν
3330 3277 3654 3326 καταλιπεῖν

2069 3346 2158 3400 διὰ
2187 3350 2294 3403 τῶν
2324 3354 2627 3408 σπουδαίων
2650 3357 2826 3427 ἔργων
2842 3360 3161 3431 δυνάμενος,
3195 3364 3252 3416 ὲν
3268 3363 3345 3433 τῷ
3370 3363 3518 3435 ζόφῳ
3541 3366 3658 3419 τῶν

2073 3439 2481 3513 ἁμαρτημάτων
2511 3448 2779 3521 ἀπέρριψε
2822 3452 3138 3508 σϐέννυσθαι
3166 3456 3258 3507 καὶ
3278 3457 3658 3525 συγκατορύτ-
3740 3470 3745 3473 ‘

2074 3532 2262 3587 τεσθαι
2291 3539 2354 3606 τῇ
2391 3540 2738 3609 ματαιότητι.
2799 3542 2908 3595 Καὶ
2948 3544 3081 3613 ἄλλη
3110 3545 3167 3597 δὲ
3199 3545 3390 3598 τούτου
3416 3549 3554 3617 πρὸς
3590 3549 3658 3601 τὸ

2077 3622 2339 3697 ἔκτρωμα
2366 3628 2620 3700 διαφορὰ,
2664 3633 2746 3686 ὅτι
2788 3634 2877 3687 τὸν
2908 3637 3007 3705 μὲν
3033 3639 3217 3690 ποιναὶ
3249 3640 3343 3691 καὶ
3400 3639 3658 3704 κολάσεις

2076 3719 2445 3773 καταλιπόντα
2469 3722 2562 3775 τὸν
2592 3724 2706 3794 βίον
2735 3727 3002 3792 ἐδέξαντο,
3036 3730 3098 3783 τὸ
3125 3730 3180 3783 δὲ
3200 3731 3407 3784 τούτων
3433 3733 3655 3796 οὐδενὸς

2075 3811 2154 3873 είς
2178 3814 2370 3882 πεῖραν
2423 3816 2768 3874 καθίσταται.
2823 3821 2885 3873 EI
2937 3822 2993 3874 δέ
3027 3839 3111 3885 τις
3159 3823 3375 3877 ἀκούων
3435 3825 3656 3879 Παύλου

2074 3898 2346 3965 λέγοντος,
2389 3922 2407 3955 ι
2434 3904 2701 3977 ’Ὕστερον
2732 3908 2789 3960 δὲ
2816 3909 3033 3963 πάντων
3059 3911 3219 3981 ὤφθη
3253 3914 3424 3981 κάμοὶ
3462 3914 3654 3985 ὥσπερ

2074 3987 2150 4059 τῷ
2175 3990 2551 4062 summa,»
2600 3999 2680 4061 είς
2714 4000 2889 4053 ἐκεῖνο
2934 4001 2995 4054 τὸ
3036 4003 3417 4073 Σολομόντειον
3442 4006 3656 4077 ἀφορᾷν

2074 4081 2305 4147 νομίσει.
2351 4085 2461 4137 Καὶ
2480 4087 2586 4158 γὰρ
2604 4088 2809 4153 ἐκεῖνος
2832 4091 2923 4143 τὸν
2951 4092 3050 4161 τῆς
3077 4092 3425 4165 δικαιοσύνης
3462 4096 3655 4150 Ἥλιον

2071 4172 2166 4225 ἐπὶ
2189 4174 2289 4243 γῆς
2304 4175 2401 4228 οὐκ
2422 4172 2560 4231 εἶδεν
2582 4180 2957 4247 ἀνατέλλοντα,
2976 4184 3093 4235 οὐδὲ
3126 4188 3236 4247 τοῖς
3282 4186 3448 4239 αὑτοῦ
3482 4189 3657 4257 μαθη-

2073 4266 2195 4327 ταῖς
2208 4268 2790 4340 συγκαταριθμηθῆναι
2804 4274 3103 4343 τηνικαῦτα
3118 4275 3343 4348 ἠξιώθη.
3379 4278 3570 4331 Πολλοὶ
3594 4280 3653 4333 δὲ

2074 4355 2165 4408 τὸν
2196 4355 2383 4408 Ἥλιον
2413 4359 2511 4427 τῆς
2559 4360 2903 4431 δικαιοσύνης
2925 4364 3251 4435 ἑωρακότες,
3283 4365 3404 4419 οὐδὲ
3426 4366 3648 4421 ἔλαττον

2076 4441 2400 4513 ἐπορεύοντο
2426 4447 2483 4498 ὲν
2508 4445 2585 4515 τῷ
2602 4450 2783 4500 σκότει
2804 4449 2937 4518 πρὸς
2965 4449 3063 4512 τὰς
3094 4452 3651 4521 ὲναποστραπτούσας

2074 4533 2302 4596 ἀκτῖνας
2328 4534 2428 4604 τῆς
2461 4537 2518 4588 ἐν
2548 4538 2699 4607 αύτῷ
2722 4539 2977 4609 θεότητος
3007 4541 3406 4611 καταμύοντες,
3460 4546 3507 4595 εἱ
3556 4544 3652 4595 καὶ

2074 4624 2142 4677 τὰ
2180 4625 2314 4679 ἄλλα
2335 4627 2515 4680 πάντα
2536 4628 2630 4681 τοῦ
2665 4630 2779 4698 βίου
2812 4631 2957 4683 κατά
3005 4631 3135 4702 ῥοῦν
3173 4634 3360 4696 αὐτοῖς
3386 4635 3646 4704 ἐφέρετοο

2073 4718 2167 4769 καὶ
2194 4718 2269 4779 ὡς
2301 4720 2367 4772 ἂν
2388 4720 2507 4773 οὐδὲ
2533 4722 2713 4792 ῥᾴδιον
2744 4723 2990 4792 ἐνόμιζον
3011 4723 3295 4789 εὔξασθαι.
3366 4727 3526 4778 Ἀλλὰ
3556 4727 3651 4778 καὶ

2072 4807 2281 4862 τέκνων
2314 4805 2381 4879 ἦν
2414 4811 2600 4874 αὐτοῖς
2621 4814 2936 4883 πλατυσμὸς
2969 4816 3058 4867 καὶ
3084 4815 3289 4885 πλῆθος
3324 4819 3420 4869 καὶ
3442 4818 3650 4887 χρόνων

2071 4899 2310 4965 ἐπίδοσις
2334 4906 2399 4973 τῇ
2450 4906 2795 4975 παραστάσει
2830 4908 2890 4960 τὸ
2929 4908 3237 4977 παράδοξον
3261 4910 3602 4980 ἐφελκομένη
3632 4925 3646 4940 ·

2072 4992 2120 5043 εί
2147 4992 2276 5060 γοῦν
2297 5010 2381 5059 τις
2433 4998 2512 5062 εἰς
2559 4998 2732 5052 ταῦτα
2781 4998 2852 5051 τὰ
2907 5000 3269 5069 Σολομόντεια
3291 5000 3447 5067 λόγια
3483 5018 3650 5070 μετα-

2070 5087 2245 5147 λάϐοι,
2295 5090 2389 5142 καὶ
2432 5092 2495 5143 τὸ
2537 5091 2794 5161 ἕκτρωμα
2843 5090 2932 5143 τὸν
2955 5090 3167 5144 Παῦλον
3194 5091 3302 5144 τῶν
3346 5092 3651 5144 Ἰουδαῖκὼν

2069 5176 2371 5249 ἀρχιερέων
2401 5196 2459 5231 τε
2495 5180 2589 5232 καὶ⁸
2638 5179 2829 5248 ἱερέων
2874 5181 2967 5232 καὶ
3009 5178 3222 5231 πολλῶν
3250 5178 3426 5232 ἀλλων
3456 5182 3521 5248 τῇ
3553 5177 3648 5231 τοῦ

2070 5265 2186 5335 βίου
2221 5267 2319 5337 μὲν
2350 5267 2667 5339 εὐδαιμονίᾳ
2695 5267 3192 5336 λαμπρυνομένων,
3223 5266 3447 5337 ἀσεϐείᾳ
3476 5266 3533 5318 δὲ
3558 5268 3652 5319 καὶ

2069 5359 2362 5430 φαυλότητι
2398 5360 2651 5431 πράξεων
2681 5361 3104 5428 ἐσκοτισμένων,
3143 5360 3237 5411 καὶ
3268 5358 3475 5412 τούτων
3504 5357 3650 5411 ὲκεί-

2068 5465 2174 5502 νων
2200 5449 2500 5521 ὑπερθήσει
2529 5451 2624 5502 καὶ
2657 5448 2836 5519 τωλλῴ
2873 5447 3111 5517 κρείττω
3134 5448 3280 5501 κατά
3302 5449 3482 5501 πάντα
3512 5448 3648 5500 ἀπο⁴¹

378 5527 581 5593 φαίνει,
612 5528 813 5599 ἀληθὲς
878 5531 978 5602 μὲν
1031 5534 1249 5601 πάντως
1283 5535 1465 5605 λέγει·
1522 5537 1674 5592 οὐδὲν
1706 5538 1764 5592 δὲ
1810 5534 1967 5611 οἶμαι
2046 5543 2353 5614 προσάπτει
2414 5542 2557 5613 μέγα
2629 5544 2707 5615 τῷ
2754 5544 2845 5599 τὸν
2883 5543 3051 5616 γύρον
3098 5544 3195 5616 τῆς
3226 5542 3551 5614 οἰκουμένης
3576 5539 3651 5611 τῷ

384 5620 703 5691 κηρύγματι
729 5625 1099 5695 περιλαϐόντιν

452 5731 496 5763 ¹⁹
531 5732 548 5787 I
590 5734 715 5792 Cor.
752 5753 841 5803 xv,
867 5738 918 5794 8.
