3884 6202
258 291 369 359 437

833 414 1164 469 ΕΡΩΤΠΣΙΣ
1189 417 1307 473 EB’.

264 500 854 582 mentonis-£2,713;
905 506 981 582 Δἐν
1027 507 1227 582 ἀγαθῷ
1287 511 1386 564 καὶ
1425 511 1516 566 ἴδε
1548 513 1617 566 ἐν
1652 513 1841 582 ἡμέρᾳ

333 575 571 651 κακίας,
639 573 983 651 [definire
1034 573 1212 651 τοῦτο
1261 583 1594 651 σύμφωνον
1655 573 1845 647 τούτῷ

328 643 620 724 εποίησεν
760 646 903 724 θεὸς
926 643 1091 724 Lamp}
1139 643 1405 724 .lufl‘zdé;
1436 653 1536 707 ἵνα
1567 655 1654 724 μὴ
1693 643 1837 723 stipi)

329 711 644 782 ἄνθρωπος
671 715 864 768 ὀπίσω
895 711 1084 773 αὐτοῦ
1117 711 1381 790 μηδέγ.ἰ

1079 303 1179 363 ΑΙ)
1208 305 1799 372 AMPIIILOCHIUM
1835 311 2179 383 QUJESTIO
2220 314 2489 388 LXVII],
2523 317 2730 376 LXIX.

3425 317 3531 382 438

2269 427 2598 494 ΩΗᾹΖΞΤΙΟ
2629 428 2791 483 LXIX
2821 427 2917 492 Ῐηί.
2955 427 3212 502 LXVIII].

1951 514 2092 581 Quid
2126 519 2398 588 signiﬁcat
2447 520 2581 573 illud
2615 537 2632 573 :
2671 539 2689 571 ι
2729 519 2850 574 Vive
2893 522 2944 574 in
2973 524 3105 574 bono
3133 533 3180 574 et
3212 521 3327 576 vide
3361 525 3414 578 in
3445 527 3531 578 die

2017 590 2286 662 tteqttitice,
2365 591 2502 644 vide.
2558 589 2638 662 Et
2713 593 2811 643 hoc
2889 607 3177 644 consonum
3249 593 3331 646 illi
3412 595 3532 662 ferit

2024 657 2163 731 ρεαδ
2198 661 2340 714 circa
2393 659 2652 731 loquelam
2682 701 2698 726 ,
2730 670 2783 714 ut
2816 678 2915 714 non
2953 665 3182 716 inveniat
3237 663 3392 717 homo
3412 657 3532 730 post

2024 727 2176 781 illum
2205 727 2512 801 quidquam.
2547 751 2566 782 ι

1247 811 1390 864 Edita
1411 829 1438 864 a
1471 815 1612 876 Maio,
1651 817 1684 865 I.
1720 829 1764 865 c.
1788 829 1839 878 p.
1879 813 2044 869 81—85.
2071 819 2126 868 In
2148 819 2315 870 Eccle.
2351 834 2436 882 vn,
2461 822 2538 871 15.

335 889 430 954 Σὺ,
444 889 600 960 φησὶ,
616 888 714 961 τὴν
740 889 886 961 ζωὴν
905 893 1038 965 πρὸς
1054 896 1256 971 ἀρετὴν
1280 901 1413 971 όρᾷν
1433 899 1840 972 παρασκεύαζε.

258 981 357 1035 καὶ
387 980 523 1051 προς
556 981 658 1052 τὴν
679 981 982 1040 ἀπόλαυσιν
1009 987 1119 1040 τῶν
1143 989 1358 1045 ἐκεῖθεν
1389 991 1607 1059 ἀγαθῶν
1637 993 1844 1060 καταρ-

259 1073 496 1146 ρύθμιζε
517 1089 530 1102 ·
561 1071 704 1128 οὑτω
728 1074 786 1128 δὲ
817 1081 1154 1149 καταρτίσας
1177 1082 1370 1136 ἑαυτὸν
1400 1083 1495 1136 καὶ
1543 1085 1657 1146 τοῖς
1695 1082 1850 1134 εὑσε-

257 1169 384 1221 ὁὲσι
413 1168 522 1222 τῶν
551 1165 826 1236 λογισμῶν
854 1172 1144 1244 κριτηρίου
1167 1173 1399 1244 δύναμιν
1431 1175 1523 1226 τὸν
1556 1171 1684 1224 νοῦν
1715 1187 1848 1243 φρε-

255 1262 439 1328 νώσας
469 1264 783 1330 ἀναλαϐεῖν,
832 1267 1038 1338 δυνήσῃ
1079 1267 1310 1319 συνιδεῖν
1352 1266 1413 1317 οὑ
1471 1262 1720 1335 χαλεπῶς
1751 1263 1845 1314 καὶ

255 1355 365 1420 τὰς
397 1358 456 1410 ὲν
493 1357 680 1429 ἡμέρᾳ
752 1358 1114 1429 νομιζομένας
1164 1357 1384 1421 κακίας,
1443 1355 1693 1408 τουτέστι
1744 1356 1843 1416 τὰς

257 1449 612 1522 ἀνθρωπίνας
641 1451 928 1521 συμφορὰς
969 1452 1060 1504 καὶ⁹
1105 1449 1282 1512 λύπας
1311 1445 1398 1528 αἷς
1428 1450 1462 1520 ἡ
1503 1452 1605 1518 τῆς
1629 1448 1844 1520 ἀνθρωη

258 1543 430 1610 πίνης
483 1542 627 1614 ζωῆς
661 1544 843 1613 ἡμέρα
882 1543 1258 1613 κυμαινομένη
1307 1560 1366 1594 τε
1413 1543 1509 1594 καὶ
1538 1557 1846 1611 ουνταρασ-

258 1638 469 1710 σομένη
513 1637 829 1703 κακύνεται,
889 1636 1399 1708 συνεκταράσσουσα
1461 1635 1586 1698 τοὺς
1640 1633 1846 1702 ταύτην

265 1728 817 1800 παραπορευομένους
852 1730 944 1782 καὶ
991 1728 1428 1797 συγκακύνουσα.
1457 1727 1566 1780 Καὶ
1610 1726 1721 1797 γὰρ
1750 1725 1846 1778 καὶ
1874 1765 1920 1824 Β

252 1823 331 1878 τὰ
360 1822 584 1878 τοιαῦτα
615 1824 814 1886 κακίας
842 1820 1271 1893 προσαγορεύειν
1309 1819 1593 1890 εἰθίσμεθα
1616 1818 1757 1871 κατὰ
1785 1816 1846 1870 τὸ

254 1915 606 1988 εἰρημένον’‹
647 1915 761 1968 Οὑκ
791 1913 940 1968 ἐστιν
971 1915 1027 1967 ὲν
1055 1913 1206 1966 πόλει
1234 1913 1402 1966 κακία
1424 1913 1492 1983 ἢν
1518 1912 1724 1982 Κύριος
1745 1910 1845 1963 οὑκ

251 2009 519 2078 ἐποίησεν
538 2025 584 2059 ἰ
647 2007 854 2078 δυνήσῃ
903 2006 961 2059 δὲ
992 2005 1226 2059 συνιδεῖν
1283 2005 1357 2068 ῶς
1381 2004 1502 2058 οὐδὲ
1535 1996 1694 2056 αὗται
1719 2003 1847 2073 περὶ

253 2102 409 2172 ἡμᾶς
439 2096 784 2169 ἀσυμφώνως
805 2101 870 2169 τῇ
897 2096 991 2152 τοῦ
1017 2097 1153 2150 Θεοῦ
1175 2096 1473 2167 ἀγαθότητι
1499 2096 1592 2148 καὶ
1620 2093 1845 2164 προνοίᾳ.

253 2194 616 2264 συμϐαίνουσι
634 2207 648 2221 ·
677 2190 837 2244 τοῦτο
863 2190 972 2262 γάρ
1005 2191 1239 2260 ἐδήλωσε
1270 2187 1674 2242 διάτοῦείπεῖν·
1697 2206 1714 2238 ι
1739 2186 1844 2238 Ἴδε

252 2287 352 2341 καί
380 2304 444 2356 γε
473 2286 632 2340 τοῦτο
667 2284 957 2356 σύμφωνον
989 2281 1193 2353 τούτῳο
1232 2300 1252 2332 ι
1285 2280 1536 2334 τουτέστι
1570 2277 1664 2332 καὶ
1687 2278 1734 2330 οἱ
1761 2276 1848 2329 δον

251 2375 481 2439 διοῦντες
503 2371 644 2429 εἶναι
659 2375 954 2445 πειρασμοὶ
967 2372 1064 2427 καὶ
1077 2372 1349 2434 κακώσεις
1368 2369 1464 2423 τοῦ
1483 2367 1735 2438 σώματος
1747 2366 1846 2418 οὑκ

252 2469 581 2524 ἐκϐάλλουσι
611 2467 708 2538 τὴν
730 2465 883 2520 θείαν
925 2463 1275 2537 κηδεμονίαν,
1302 2461 1425 2515 οὑδὲ
1465 2459 1835 2513 ἐναντιοῦνται

250 2558 424 2613 αὑτοῦ
457 2560 524 2629 τῇ
552 2558 681 2628 περὶ
705 2559 852 2626 ἡμᾶς
881 2551 1281 2624 φιλανθρωπίᾳ.
1321 2550 1582 2613 Παιδείας
1617 2551 1724 2618 γὰρ
1753 2546 1846 2599 καὶ

251 2649 594 2722 διορθώσεως
637 2648 707 2702 τὰ
756 2647 856 2719 μὲν
887 2647 1176 2714 ἐπάγεται,
1198 2643 1266 2700 τά
1289 2645 1347 2697 δὲ
1374 2643 1758 2713 συγχωρεῖται,
1781 2637 1848 2694 δι’

250 2746 464 2813 ἀμφοῖν
493 2741 738 2813 ἀρρήτου
766 2755 827 2792 τε
859 2739 953 2790 καὶ
987 2736 1159 2806 σοφῆς
1184 2733 1494 2803 οἰκονομίας
1543 2732 1620 2801 τῷ
1646 2731 1848 2802 νιρίνειν

251 2835 615 2909 χαριτωθέντι
661 2833 729 2888 τά
780 2830 1008 2886 τοιαῦτα
1056 2827 1457 2900 θεωρουμένης
1493 2824 1664 2878 ταῦτα
1693 2823 1750 2877 δὲ
1781 2822 1851 2876 τά

251 2929 626 3000 συμϐαίνοντα
643 2928 755 2982 τοῖς
782 2924 1092 2996 ἀνθρώποις
1117 2924 1218 2979 οὑκ
1249 2921 1400 2974 ἔθετο
1422 2923 1450 2972 ό
1479 2919 1608 2981 Θεὸς
1633 2918 1728 2969 ἐπὶ
1745 2917 1849 2970 πά-

253 3042 356 3094 σ-ης
385 3021 660 3076 λαλεῖσθαι
685 3019 957 3089 γλώσσης,
985 3017 1108 3070 οὑδὲ
1139 3015 1447 3087 προειδέναι
1480 3014 1548 3065 τὰ
1581 3012 1851 3083 ἐρχόμενα

2013 900 2117 969 Tu,
2155 903 2349 974 inquit,
2383 906 2550 959 vitam
2592 905 2657 960 ad
2683 906 2938 961 virtutem
2973 907 3222 976 aspicere
3259 907 3444 972 stude,
3474 918 3534 964 et

1950 993 2018 1048 ad
2040 993 2362 1050 fruitionem
2391 997 2517 1052 inde
2541 998 2816 1053 bonorum
2845 999 3071 1068 ordina;
3104 1000 3186 1055 sic
3203 1010 3384 1055 autem
3405 1017 3529 1056 cum

1947 1087 2243 1154 perfeceris
2268 1089 2503 1158 teipsum
2534 1099 2588 1144 et
2608 1089 2714 1160 piis
2745 1091 3176 1161 cogitationibus
3199 1091 3390 1162 judicii
3424 1094 3531 1148 vim

1953 1194 2077 1233 cum
2111 1187 2294 1233 mente
2320 1179 2654 1236 intellexeris
2681 1182 2951 1245 attollere,
2972 1182 3178 1252 poteris
3213 1185 3534 1252 conspicere

1952 1283 2060 1324 non
2092 1285 2236 1340 aegre
2262 1279 2317 1324 et
2343 1285 2465 1339 quae
2500 1271 2552 1324 in
2584 1271 2673 1326 die
2697 1281 3018 1340 repetantur
3035 1272 3312 1342 nequitiae,
3343 1274 3394 1327 id
3426 1284 3530 1337 est.

1952 1360 2223 1417 humanas
2252 1361 2592 1419 calamitates
2624 1372 2679 1418 et
2701 1365 3022 1419 alllictiones
3047 1366 3248 1435 quibus
3281 1373 3534 1421 humame

1950 1455 2074 1509 vita:
2096 1456 2210 1511 dies
2235 1456 2435 1527 jactata
2460 1466 2514 1512 et
2536 1457 2749 1511 turbata
2782 1467 3031 1520 vexatur,
3067 1458 3400 1513 conturbans
3437 1476 3534 1515 eos

1953 1548 2046 1618 qui
2080 1549 2222 1605 hanc
2250 1549 2622 1605 decurruntet
2649 1550 2814 1604 simul
2834 1566 3056 1606 vexans.
3081 1551 3290 1606 Etenim
3322 1563 3373 1606 et
3405 1552 3531 1607 talia

1953 1641 2230 1710 nequitias
2265 1643 2550 1698 nominare
2598 1644 2838 1697 solemus
2863 1643 3022 1711 juxta
3066 1644 3266 1698 dictum
3302 1661 3316 1698 :
3359 1665 3377 1696 ι
3415 1644 3529 1699 Non

1951 1739 2035 1784 est
2064 1733 2115 1785 in
2135 1732 2351 1788 civitate
2381 1735 2582 1787 malum
2607 1734 2750 1804 quod
2772 1733 3034 1789 Dominus
3059 1751 3166 1790 non
3197 1735 3481 1803 fecerit";
3509 1757 3526 1788 ι

1948 1823 2153 1890 poteris
2184 1833 2363 1876 autem
2402 1824 2722 1892 conSpicere
2755 1840 2931 1894 uerpne
2975 1841 3038 1879 ea
3085 1826 3230 1880 circa
3267 1841 3367 1880 nos
3398 1827 3528 1882 abs-

1947 1930 2054 1984 que
2116 1915 2402 1970 harmonia
2460 1932 2584 1970 cum
2626 1914 2722 1970 Dei
2782 1918 3023 1972 bonitate
3079 1928 3133 1971 ct
3189 1920 3526 1990 providentia

1946 2006 2230 2072 accidere;
2278 2007 2380 2061 hoc
2413 2008 2557 2062 enim
2595 2009 2834 2064 ostendit
2874 2009 3001 2063 dum
3037 2010 3169 2064 dicit
3203 2027 3218 2064 :
3258 2029 3277 2061 ι
3316 2009 3447 2065 Vide
3475 2022 3530 2065 et

1949 2098 2052 2152 hoc
2066 2114 2368 2154 consonum
2386 2099 2515 2165 illi,»
2544 2099 2593 2156 id
2613 2111 2697 2156 est
2721 2111 2910 2171 etquae
2926 2101 3178 2157 videntur
3205 2117 3324 2156 esse
3352 2112 3497 2156 tenta

1949 2191 2124 2244 tiones
2145 2200 2200 2246 et
2224 2190 2548 2248 alliictioncs
2572 2195 2819 2264 corporis
2841 2209 2947 2248 non
2975 2211 3037 2249 ex
3049 2195 3256 2265 pellunt
3287 2194 3524 2248 divinam

1948 2298 2160 2348 curam,
2207 2299 2383 2353 neque
2423 2286 2786 2341 adversantur
2818 2287 2937 2356 ejus
2971 2288 3116 2342 circa
3150 2302 3247 2342 nos
3281 2287 3529 2358 benigni-

1950 2375 2069 2429 tati.
2111 2376 2452 2432 Eruditionis
2481 2378 2628 2432 enim
2657 2387 2711 2433 et
2744 2379 3108 2433 correctionis
3139 2380 3256 2435 haec
3304 2381 3526 2449 quidem

1950 2467 2306 2535 inducuntur,
2332 2469 2421 2522 illa
2459 2485 2586 2524 vero
2618 2472 3030 2540 permittuntur,
3065 2487 3132 2528 ex
3165 2473 3411 2543 utrisque
3441 2473 3529 2528 in-

1948 2553 2148 2610 eliabili
2192 2566 2246 2611 et
2275 2557 2506 2626 sapienti
2549 2559 2913 2628 dispositione
2947 2562 3076 2616 dum
3117 2563 3410 2617 decernere
3443 2564 3528 2617 di-

1951 2656 2146 2716 gnatur
2183 2647 2308 2701 talia
2347 2657 2630 2717 spectata;
2673 2650 2788 2704 ltzec
2830 2660 3012 2705 autem
3070 2641 3376 2706 accidentia
3430 2653 3528 2707 ho.

1951 2739 2192 2794 minilms
2228 2756 2336 2793 non
2390 2743 2570 2810 posuit
2623 2741 2767 2798 Deus
2817 2759 2983 2813 super
3026 2745 3174 2799 omni
3224 2749 3530 2801 enarranda

1953 2832 2157 2902 lingua,
2200 2849 2374 2902 neque
2417 2835 2673 2903 praescire
2707 2847 2933 2890 ventura
2966 2853 3177 2892 omnes.
3207 2839 3426 2903 Quare?
3453 2839 3532 2894 Ne

1951 2937 2072 2976 cum
2106 2933 2471 2993 praenosceret
2507 2923 2598 2979 illa
2637 2937 2690 2980 et
2733 2927 2884 2996 prius
2921 2927 3190 2983 inveniret
3241 2928 3406 2984 homo
3440 2947 3532 2985 ne-

1952 3011 2246 3082 gligentius
2309 3014 2490 3082 quoad
2558 3015 2816 3070 virtutem
2889 3016 3306 3087 disponeretur;
3387 3035 3532 3074 nunc

251 3119 485 3181 πάντας.
517 3112 822 3182 Διατί;”1να
846 3112 920 3184 μὴ
949 3109 1249 3183 προμαθὼν
1275 3107 1414 3162 αὑτά
1446 3107 1540 3160 καὶ
1567 3103 1844 3178 προευρὼν

1957 3101 2176 3171 quidem
2205 3100 2458 3171 plurimis
2497 3103 2656 3158 malis
2696 3115 2746 3159 et
2781 3105 3034 3162 tristibus
3075 3108 3292 3162 casibus
3319 3125 3346 3162 a
3383 3119 3534 3181 tergo

252 3209 282 3259 0
317 3205 610 3275 ἄνθρωπος
639 3204 1006 3275 ἀμελέστερον
1037 3203 1166 3274 περὶ
1182 3202 1280 3272 τὴν
1327 3201 1527 3273 ἀρετὴν
1551 3198 1847 3267 διατεθείη·

253 3293 356 3346 νῦν
387 3295 487 3362 μὲν
527 3291 603 3354 ὡς
639 3290 850 3344 πολλῶν
889 3289 1076 3343 κακῶν
1124 3293 1219 3342 καὶ
1270 3289 1530 3358 λυπηρῶν
1590 3305 1852 3358 συμπτω-

258 3389 452 3457 μάτων
478 3387 704 3440 ὄπισθεν
729 3386 888 3439 αὑτὸν
920 3383 1362 3455 καταλαμϐάνειν
1391 3381 1697 3453 μελλόντων
1717 3394 1730 3409 '
1766 3379 1850 3444 τίς

256 3480 370 3551 γάρ
403 3495 494 3549 μοι
519 3480 619 3548 τῆς
666 3477 870 3547 ἀρετῆς
898 3475 1056 3543 λόγος
1115 3491 1388 3527 τοσούτων
1417 3489 1604 3526 κακων
1634 3471 1728 3526 καὶ
1749 3488 1851 3540 τη-

255 3571 530 3626 λικούτων
559 3568 1072 3643 προσδοκωμένωνς
1115 3569 1192 3629 εἰς
1226 3567 1391 3619 τοῦτο
1413 3567 1520 3635 γὰρ
1555 3566 1682 3628 τοὺς
1720 3563 1849 3617 πολ-

256 3665 390 3726 λοὺς
419 3665 452 3734 ή
483 3663 794 3730 ἀπόγνωσις
815 3661 972 3713 εἴωθε
1001 3658 1284 3712 συνωθεῖν·
1309 3658 1406 3710 νῦν
1434 3658 1489 3709 δὲ
1521 3657 1601 3720 ῶς.
1629 3657 1688 3709 οὑ
1722 3653 1850 3708 πολ-

255 3758 361 3828 λῆς
391 3755 489 3810 καὶ
507 3755 750 3826 μεγάλης
767 3753 1064 3823 ἀλγηδόνος
1091 3750 1390 3822 μελλούσης
1411 3749 1846 3819 ὲπισυμὸαίνειν,

257 3849 606 3922 ἑκατέρωθεν
649 3851 741 3902 καὶ
789 3846 1166 3909 ὑποσκελίζειν
1201 3843 1344 3898 οἶδεν
1388 3846 1420 3914 ἡ
1470 3843 1714 3912 σφαλερά
1741 3842 1848 3896 τῶν

256 3944 552 4015 πρακτέων
576 3941 778 4012 κρίσις,
805 3941 895 3993 καὶ
927 3939 1015 3993 διά
1045 3938 1206 3992 τοῦτο
1235 3938 1370 4009 μηδὲ
1405 3937 1608 4008 πολλῆς
1636 3936 1847 4007 νήψεως

261 4038 404 4107 μήτε
431 4035 532 4102 τῆς
563 4033 672 4087 τῶν
703 4031 914 4103 ἀρετῶν
947 4029 1265 4098 ἐπιμελείας
1286 4029 1510 4082 δεῖσθαι.
1573 4027 1671 4081 Διά
1690 4026 1848 4080 τοῦτο

257 4125 356 4181 οὖν
391 4127 570 4190 όΘεὸς
605 4125 705 4195 τὴν
752 4125 882 4195 περὶ
923 4122 1032 4175 τῶν
1085 4122 1386 4194 μελλόντων
1439 4121 1634 4175 λαλιὰν
1666 4120 1847 4188 ἀγνω-

260 4236 390 4272 στον
422 4218 646 4288 ἐποίησε
673 4220 788 4281 τοῖς
816 4217 1051 4282 πολλοῖς,
1089 4216 1176 4270 ἶνα
1204 4214 1280 4287 μὴ
1297 4213 1472 4286 εὑρὼν
1503 4216 1531 4268 0
1559 4213 1848 4285 ἄνθρωπος

256 4310 292 4364 ἀ
311 4311 498 4380 μέλλει
519 4311 576 4362 ἐν
601 4311 714 4372 τοῖς
736 4309 959 4362 ὄπισθεν
991 4307 1154 4362 αὑτὸν
1177 4305 1846 4377 χρόνοιςκαταλαμϐἀνειν

257 4403 521 4472 δυσχερῆ,
562 4402 657 4454 ἐπὶ
693 4401 791 4472 μὲν
821 4400 928 4454 τῶν
961 4401 1185 4471 χαλεπω
1217 4399 1394 4470 τέρων
1439 4397 1724 4470 ἀμηχανίᾳ
1750 4399 1845 4450 καὶ

257 4491 573 4560 ἀπογνώσει
604 4491 836 4562 προδοὺς
870 4487 1084 4553 ἑαυτὸν,
1118 4487 1274 4541 οὐδὲν
1311 4487 1447 4559 πρδς
1482 4486 1684 4557 ἀρετὴν
1718 4490 1838 4537 ἐπι·

257 4584 581 4656 στρέφοιτοο
615 4584 707 4634 ἐπὶ
729 4581 785 4634 δὲ
807 4580 916 4634 τῶν
963 4579 1199 4650 μετρίως
1255 4578 1489 4648 ἑχόντων
1537 4578 1840 4648 ὑπεροψίαν

256 4675 431 4730 νοσῶν
453 4672 528 4736 ὡς
549 4673 648 4742 τῆς
675 4673 784 4724 τῶν
801 4672 1101 4741 ἐφιεμένων
1126 4669 1482 4732 ἀπολαύσεως
1500 4672 1591 4722 καὶ
1606 4672 1838 4740 τρυφῆς,

255 4767 412 4823 οὐδὲν
445 4767 680 4831 ἐλπίζων
727 4761 1292 4834 ἀντεπενεχθήσεσθαι
1347 4761 1581 4832 κώλυμα
1609 4764 1703 4814 καί
1741 4763 1840 4834 τὴν

255 4861 398 4933 πρὸς
425 4862 496 4913 τὰ
526 4856 931 4928 κατορθώματα
973 4853 1208 4922 σπουδὴν
1261 4851 1627 4924 ὑπερτίθοιτο⁹
1663 4851 1840 4915 ἄλλως

253 4973 316 5008 τε
349 4952 541 5008 δὲότὸ
597 4953 883 5023 κριτήριον
936 4947 1348 5019 κεκαθαρμένον
1406 4945 1614 5010 πάθους
1656 4947 1838 5017 φέρων

256 5043 355 5099 καὶ
378 5043 672 5099 ἀδέκαστον
697 5043 795 5112 τὴν
828 5041 1016 5108 ὑγείαν
1045 5040 1148 5110 ὁρᾷ
1166 5039 1262 5091 καὶ
1299 5037 1397 5109 τὴν
1427 5037 1582 5091 νόσον
1605 5037 1836 5107 συμφώ-

254 5154 364 5200 νως
385 5136 617 5206 ἔχουσαν
672 5135 801 5205 περὶ
825 5135 926 5204 τὴν
973 5133 1084 5186 τῶν
1127 5130 1431 5203 ἀνθρώπων
1481 5130 1687 5202 βλάϐην
1743 5131 1837 5184 καὶ

252 5226 568 5297 ὠφέλειανο
621 5226 758 5281 ἀλλά
809 5227 905 5279 καὶ
936 5225 1027 5278 τὸν
1076 5223 1308 5277 πλοῦτον
1351 5225 1446 5276 καὶ
1492 5224 1590 5295 τὴν
1645 5225 1836 5278 πενίαν

254 5320 540 5383 ὡσαύτως,
567 5320 721 5388 ἰσχύν
776 5336 837 5371 τε
873 5319 1127 5388 σώματος
1193 5317 1291 5371 καὶ
1340 5317 1646 5381 ἀσθένειαν,
1676 5317 1836 5382 δόξαν

251 5415 354 5484 τὴν
414 5414 476 5480 ἐξ
545 5411 849 5484 ἀνθρώπων
913 5411 1011 5465 καὶ
1078 5411 1294 5475 ἀδοξίαν
1349 5411 1444 5465 καὶ
1498 5411 1568 5464 τά
1625 5411 1837 5476 τούτοις

251 5504 636 5576 παραπλήσια.
716 5505 826 5556 Καὶ
870 5503 980 5573 γὰρ
1045 5502 1307 5574 ἑκατέρου
1362 5502 1558 5576 μοίρας
1604 5503 1834 5559 ἕκαστον

251 5596 330 5668 τῷ
409 5595 512 5666 μὲν
587 5595 898 5665 φιλοσοφεῖν
956 5595 1160 5661 εἰδότι,
1238 5595 1511 5667 σωτηρίας
1574 5596 1834 5661 ὑπόθεσις

320 5727 368 5762 ³⁸³
394 5729 564 5786 Amos
598 5744 680 5798 tu,
705 5729 756 5784 6.

1955 3193 2133 3262 ipsum
2172 3195 2674 3262 comprehensuris.
2724 3195 2860 3262 Quis
2914 3199 3059 3252 enim
3121 3200 3256 3253 mihi
3313 3203 3534 3256 virtutis

1953 3286 2199 3341 calculus
2231 3295 2310 3340 tot
2341 3288 2498 3343 malis
2554 3298 2608 3343 et
2666 3291 2832 3344 tantis
2867 3291 3286 3360 ingruentibus?
3327 3293 3380 3347 in
3431 3295 3535 3348 hoc

1951 3377 2097 3431 enim
2126 3377 2342 3441 turbam
2375 3380 2682 3450 desperatio
2713 3382 2853 3435 solet
2887 3382 3187 3451 impellere.
3217 3381 3373 3438 Nunc
3401 3398 3534 3438 vero

1951 3472 2107 3541 quasi
2141 3488 2244 3525 non
2281 3477 2454 3527 multo
2482 3482 2536 3528 et
2562 3489 2762 3544 magno
2787 3475 2975 3530 dolore
3006 3478 3319 3538 incursuro,
3359 3479 3536 3530 utrin-

1950 3580 2055 3635 que
2085 3574 2138 3620 et
2171 3566 2490 3622 subvertere
2514 3569 2665 3620 novit
2693 3566 2858 3620 fallax
2888 3567 3530 3637 agendorumjudicium,

1913 3695 1930 3702 -
1949 3664 2003 3710 et
2041 3665 2324 3726 propterea
2361 3671 2539 3726 neque
2567 3655 2738 3710 multa
2763 3656 3040 3726 vigilantia
3073 3672 3248 3726 neque
3271 3657 3530 3711 virtutum

1950 3765 2081 3804 cura
2121 3764 2262 3818 Opus
2291 3764 2433 3803 esse.
2475 3749 2599 3804 Ideo
2625 3750 2792 3817 igitur
2829 3750 2970 3806 Deus
2999 3751 3065 3805 de
3110 3749 3310 3804 futuris
3341 3750 3533 3820 loque-

1950 3839 2057 3893 lam
2088 3838 2332 3910 ignotam
2364 3837 2494 3895 fecit
2530 3841 2900 3906 multitudini,
2956 3856 3023 3896 ne
3083 3841 3320 3896 inventis
3366 3843 3533 3896 homo

1950 3947 2071 3995 quae
2103 3931 2155 3984 in
2190 3931 2588 4000 posterioribus
2613 3933 2790 4002 ipsum
2814 3933 3149 4002 temporibus
3171 3935 3536 4003 comprehen-

1952 4038 2078 4076 sura
2113 4029 2240 4076 sunt
2268 4023 2534 4090 molestis,
2576 4024 2628 4077 in
2669 4024 3066 4081 diliicilim-ibus
3107 4027 3453 4097 negligentia:
3481 4039 3534 4082 et

1950 4112 2315 4181 desperationi
2351 4121 2573 4170 tradens
2603 4115 2990 4185 seipsum,non
3015 4118 3080 4171 ad
3104 4118 3354 4172 virtutem
3394 4134 3532 4173 con-

1950 4212 2287 4269 verteretur;
2346 4203 2398 4256 in
2454 4205 2806 4259 mediocriter
2853 4219 3034 4261 autem
3085 4223 3146 4262 se
3200 4207 3533 4265 habentibus

1948 4295 2362 4365 despiciendam
2396 4297 2711 4352 morborum
2737 4306 2796 4352 ut
2819 4300 3214 4368 permissormn
3248 4301 3531 4357 iruitionis

1948 4398 2001 4443 et
2033 4388 2380 4452 deliciarum,
2417 4388 2624 4442 nullum
2657 4404 2888 4458 sperans
2923 4390 3255 4445 obstiturum
3297 4392 3531 4460 impedi-

1950 4489 2194 4535 mentum
2221 4491 2273 4534 et
2305 4479 2370 4533 ad
2403 4480 2630 4535 virtutes
2653 4481 2894 4536 studium
2919 4493 3332 4550 superponeret.
3359 4483 3532 4538 Aliter

1949 4586 2082 4625 vero
2112 4579 2168 4625 et
2196 4571 2287 4639 qui
2317 4569 2586 4638 judicium
2623 4585 2820 4639 purum
2851 4571 3103 4640 passione
3127 4571 3234 4626 fert
3262 4581 3316 4626 et
3347 4574 3531 4628 incor-

1949 4671 2170 4732 ruptum
2209 4664 2504 4717 sanitatem
2556 4663 2702 4716 videt
2760 4672 2817 4716 et
2861 4664 3116 4717 morbum
3179 4665 3530 4721 concorditer

1946 4773 2008 4814 se
2037 4758 2291 4814 habentia
2314 4757 2492 4828 quoad
2527 4757 2810 4810 hominum
2838 4755 3096 4810 damnum
3131 4767 3186 4812 ct
3216 4759 3526 4814 utilitatem.

1948 4849 2054 4904 Sed
2090 4858 2146 4904 et
2169 4849 2390 4903 divitias
2433 4856 2486 4903 et
2522 4858 2897 4918 paupertatem
2951 4849 3226 4916 similiter,
3275 4860 3330 4906 et
3359 4852 3529 4907 robur

1945 4939 2197 5011 corporis
2227 4948 2283 4994 et
2317 4940 2714 5000 infirmitatem,
2749 4941 2977 5010 gloriam
3031 4957 3154 5010 qua)
3184 4958 3248 4996 ex
3287 4944 3529 4998 homini-

1943 5037 2048 5093 bus
2071 5045 2124 5092 et
2158 5035 2438 5091 infamiam
2467 5047 2520 5090 ct
2543 5051 2664 5106 quae
2687 5037 2769 5092 his
2786 5041 3050 5106 proxima.
3081 5039 3291 5093 Etenim
3315 5040 3524 5096 utrius-

1944 5147 2052 5201 que
2088 5131 2261 5201 partis
2300 5129 2728 5200 unumquodque
2761 5131 3133 5200 philosophari
3171 5132 3398 5198 scienti,
3436 5149 3526 5190 sa-

1945 5223 2074 5278 lutis
2107 5225 2335 5277 materia
2380 5223 2458 5276 lit.
2493 5221 2554 5276 Ei
2600 5237 2732 5297 vero
2759 5222 2850 5291 qui
2899 5221 2966 5276 ad
3020 5224 3134 5277 sola
3189 5225 3431 5293 jucunda
3470 5237 3525 5282 et

1945 5317 2277 5374 blandientia
2304 5317 2434 5381 hiat,
2467 5323 2522 5369 ct
2544 5313 2790 5385 jucunda
2821 5316 3009 5370 damni
3041 5319 3180 5371 linnt
3203 5331 3523 5391 prmtcxtus,

1942 5421 1997 5466 et
2066 5410 2244 5465 tristia
2300 5409 2369 5463 ad
2403 5408 2542 5462 idem
2575 5406 2822 5462 deﬂuunt
2872 5418 2925 5463 et
2977 5409 3266 5466 trahuntur
3293 5415 3522 5481 malum,

1944 5520 2053 5559 non
2097 5512 2375 5572 gratanter
2407 5503 2523 5558 haec
2561 5501 2770 5558 ferente
2799 5504 2892 5574 qui
2926 5520 3025 5575 per
3070 5505 3200 5560 talia
3242 5507 3521 5577 puriﬁcari

1943 5598 2166 5667 indiget,
2203 5597 2299 5654 sed
2328 5596 2381 5651 in
2414 5596 2852 5668 desperationem
2885 5596 3060 5666 magis
3101 5607 3156 5653 et
3190 5595 3524 5667 indignatio-
