3884 6202
380 294 489 359 439

1535 296 1798 356 ΡΗΟΤΙΙ
1839 294 2343 355 ΡΛΤΙΠΛΒΟΙΙᾸΞ
2385 295 2492 355 CP.

3542 284 3650 349 440

386 423 509 462 nem
550 421 617 459 ex
650 403 851 474 qui'ius
885 401 1171 473 oportebat
1201 402 1525 473 prudentem
1570 403 1687 457 fieri
1728 416 1956 455 couver-

2068 399 2311 467 γίνεται’
2377 398 2455 467 τῷ
2507 396 2563 450 δὲ
2612 395 2749 466 πρὸς
2822 394 2959 464 μόνα
3022 393 3092 447 τά
3155 393 3285 465 ἡδέα
3356 395 3452 447 καὶ
3510 412 3646 465 γαρ-

385 508 553 555 lente.

2073 492 2366 560 γαλίζοντα
2391 487 2663 558 κεχηνότι,
2695 486 2788 540 καὶ
2825 486 2892 539 τά
2920 486 3183 556 ήδύνοντα
3232 486 3437 557 βλάϐης
3468 491 3649 554 γίνον-

379 604 471 642 ται
494 588 787 659 πρόφασις,
810 584 904 637 καὶ
930 586 997 637 τὰ
1026 583 1299 636 λυποῦντα
1329 583 1466 650 πρὸς
1494 581 1594 652 τὴν
1641 583 1810 651 αὐτὴν
1842 582 2112 652 καταρρεῖ
2140 580 2234 633 καί⁵
2258 577 2588 646 ὑποσύρεται
2611 576 2831 635 κακίαν.
2856 577 2959 629 οὐκ
2976 577 3309 647 εὐχαρίστως
3332 577 3508 631 ταῦτα
3546 578 3647 646 φέ-

384 694 570 747 ροντος
601 676 692 730 τοῦ
726 675 814 727 διὰ
864 674 970 725 τῶν
1019 672 1279 725 τοιούτων
1319 672 1675 743 καθαίρεσθαι
1722 672 2001 742 δεομένου,
2034 670 2149 725 ἀλλ’
2203 669 2283 732 είς
2314 667 2573 721 ἀπόνοιαν
2598 666 2800 738 μᾶλλον
2830 667 2925 721 καὶ
2950 668 3325 741 ἀγανάκτησιν
3354 669 3414 734 ἐξ
3442 663 3519 723 ὦν
3540 669 3648 722 ἔδει

381 765 827 839 σωφρονίζεσθαι,
854 763 1345 834 περιτρεπομένου.

719 880 1051 947 ρυΑεδτιο
1083 879 1216 934 LXX
1277 878 1373 949 [ιιι.
1409 876 1619 949 LXIX].

386 978 661 1042 Quasnam
704 983 904 1042 oportet
936 972 1222 1040 intelligere
1250 969 1495 1042 pelliceas
1536 978 1742 1042 tunicas
1764 1007 1779 1030 ,
1825 984 1958 1037 quas

454 1048 691 1100 Atlanta:
732 1039 781 1097 et
811 1042 924 1096 Eva
948 1055 1063 1111 post
1097 1039 1565 1109 transgressionem
1602 1039 1907 1092 induerunt.

2619 873 2957 927 ΕΡΩΤΗΣΙΣ
2995 875 3071 929 0’.

2070 965 2249 1039 Τίνας
2269 966 2539 1039 δεῖνοεῒν
2561 965 2954 1039 δερματίνους
2970 964 3245 1039 χιτῶνας,
3260 968 3370 1034 οὓς
3392 971 3427 1022 d
3461 969 3647 1039 Ἀδὰμ

2138 1037 2243 1115 καὶ»
2273 1039 2308 1105 ἠ
2340 1038 2464 1091 Εὔα
2506 1038 2658 1106 μετὰ
2705 1038 2821 1103 τὴν
2862 1036 3205 1105 παράϐασιν
3252 1036 3643 1111 ἐνεδύσαντὸ,

1405 1152 1549 1202 Edita
1571 1165 1598 1200 a
1618 1152 1759 1211 Maio,
1784 1153 1816 1201 ι.
1843 1165 1910 1211 (⁸.,
1935 1165 1984 1213 p.
2009 1150 2173 1199 85-87.
2216 1149 2272 1198 In
2294 1150 2416 1199 Gen.
2442 1162 2514 1210 Ill,
2536 1150 2615 1199 2L

457 1287 583 1342 Scio
605 1285 820 1357 quidem
843 1284 1107 1356 quosdam
1130 1284 1387 1355 pelliceas
1411 1285 1622 1338 tunicas
1640 1300 1776 1354 quas
1792 1285 1962 1337 Adam

384 1390 439 1433 et
489 1378 601 1433 Eva
662 1388 787 1447 post
824 1378 1319 1445 transgressionem
1369 1376 1682 1442 induerunt,
1719 1390 1962 1444 promin-

388 1470 588 1521 tiautes
620 1480 819 1534 corpus
869 1480 933 1518 ex
981 1477 1091 1533 quo
1148 1462 1412 1516 rationale
1448 1462 1651 1514 animal
1682 1472 1733 1515 et
1766 1460 1963 1514 animae

387 1575 416 1609 a
447 1556 717 1626 principio
742 1556 898 1609 fictor
920 1555 1227 1609 subsistuit.
1266 1554 1370 1607 Sed
1404 1554 1491 1608 isti
1527 1551 1962 1622 prwoccupautis

388 1649 541 1716 ipso:
570 1647 967 1717 suppositionis
997 1646 1333 1701 consectaria
1385 1646 1566 1699 dicere
1605 1660 1727 1698 cum
1770 1643 1958 1696 stude-

2144 1275 2272 1334 Οἶδα
2313 1281 2410 1350 μέν
2439 1297 2589 1342 τινας
2620 1279 2975 1350 δερματίνους
3015 1279 3252 1348 χιτῶνας
3283 1278 3376 1344 οὓς
3417 1282 3447 1333 ὁ
3472 1282 3650 1353 Ἀδάμ

2070 1372 2164 1423 καὶ
2195 1371 2227 1441 ὴ
2269 1369 2378 1422 Εὕα
2409 1369 2543 1438 μετά
2567 1368 2666 1435 τὴν
2696 1367 3006 1439 παράϐασιν
3040 1368 3357 1422 ὲνεδύσαντο
3379 1412 3394 1436 ,
3426 1371 3650 1443 ἀποφη-

2063 1460 2326 1529 ναμένους
2369 1458 2431 1511 τὸ
2482 1457 2641 1527 σῶμα
2687 1456 2748 1520 ἐξ
2801 1451 2863 1511 οὗ
2910 1456 2973 1509 τὸ
3003 1455 3222 1524 λογικὸν
3253 1457 3392 1521 ζῶον
3422 1461 3519 1511 καὶ
3545 1460 3649 1529 τῆς

2061 1549 2239 1619 ψυχῆς
2270 1549 2363 1601 ἀπ’
2394 1547 2571 1619 ἀρχῆς
2605 1549 2633 1599 ὁ
2670 1547 2923 1617 Πλάστης
2967 1548 3058 1600 τὸν
3087 1548 3375 1619 ἄνθρωπον
3398 1548 3647 1620 ὑπεστή-

2065 1657 2215 1694 σατο.
2261 1639 2400 1692 Ἀλλ’
2431 1635 2575 1692 οὗτοι
2616 1637 2716 1707 τῆς
2750 1638 3269 1709 προκαταλαὸούσης
3284 1641 3482 1703 αὐτοὺς
3512 1643 3648 1694 ὐπο-

382 1751 546 1806 reut,
606 1737 1022 1808 iuconsequcnti
1074 1753 1237 1792 sensu
1286 1746 1341 1791 et
1393 1737 1620 1791 scientia
1674 1736 1956 1789 destruunt

2063 1733 2276 1802 λήψεως
2322 1730 2593 1786 ἀκόλουθα
2644 1731 2825 1799 λέγειν
2866 1730 3387 1802 φιλονεικήσαντες,
3444 1734 3646 1786 ἀνακοι-

385 1829 696 1883 veritatem.
743 1828 959 1882 Etenim
1008 1828 1295 1896 paradisus
1348 1826 1481 1896 ipsis
1528 1827 1695 1880 verbo
1742 1826 1960 1895 quidem

387 1920 632 1990 tingitur,
670 1934 726 1971 re
750 1935 878 1972 vero
904 1919 1132 1973 tollitur.
1168 1918 1270 1971 Sed
1295 1918 1533 1987 paradisi
1554 1918 1769 1988 plantas
1797 1928 1848 1971 et
1885 1917 1962 1971 ci—

383 2012 482 2066 bos
511 2021 566 2065 et
597 2027 691 2081 per
716 2021 926 2065 costam
952 2010 1073 2064 Eva!
1101 2010 1518 2080 productionem
1546 2019 1601 2063 et
1639 2009 1963 2077 simpliciter

379 2119 570 2157 eorum
608 2119 730 2172 qua:
782 2113 910 2157 sunt
941 2104 1272 2157 creationem
1304 2112 1470 2155 totam
1507 2110 1561 2157 et
1593 2101 1959 2171 proditionem

380 2202 436 2247 rt
474 2194 673 2247 divinae
706 2208 851 2247 cura:
899 2195 1047 2247 circa
1083 2193 1357 2247 hominem
1382 2192 1529 2257 quod
1553 2201 1638 2247 est
1663 2192 1957 2262 benignum

379 2292 435 2337 et
466 2283 718 2337 mirabile
750 2293 803 2337 et
826 2284 1145 2353 excipiendo
1170 2298 1433 2354 geneseos
1466 2284 1759 2354 principia,
1789 2283 1845 2337 in
1879 2284 1962 2338 iu-

381 2376 689 2430 tellectuale
722 2376 994 2445 quoddam
1046 2376 1459 2431 tabernaculum
1495 2377 1827 2440 attollentes,
1854 2392 1957 2431 ue-

378 2482 487 2533 que
535 2467 814 2535 proliriam
864 2466 1278 2521 subsistentiam
1326 2477 1379 2521 et
1445 2466 1955 2521 substantiationem

378 2555 485 2610 visi
513 2563 643 2611 sunt
666 2556 927 2610 revereri.
950 2554 1079 2609 Inde
1104 2571 1229 2610 vere
1254 2557 1573 2627 tragmdiam
1607 2566 1775 2611 totam
1804 2557 1958 2625 juxta

387 2647 664 2717 proprium
699 2648 1042 2717 propositum
1075 2648 1258 2716 partiti
1288 2656 1341 2702 et
1374 2648 1636 2718 fingentes
1665 2657 1718 2701 et
1745 2648 1797 2702 in
1823 2663 1958 2718 quas

381 2737 602 2790 voluere
635 2734 841 2790 formas
876 2747 930 2791 et
951 2752 1147 2792 sensus
1178 2746 1590 2807 componentes,
1629 2753 1756 2792 vere
1784 2739 1957 2793 facto-

380 2836 569 2882 rumet
596 2829 1013 2883 subsistentium
1036 2830 1491 2899 consequentiam
1526 2840 1581 2884 et
1610 2845 1786 2899 usque
1812 2846 1959 2886 nunc

381 2922 552 2975 visam
585 2929 640 2975 et
668 2922 942 2991 cognitam
964 2921 1570 2990 destruuntejurantes,
1593 2919 1959 2975 mulcentibus

379 3011 605 3081 quidem
657 3020 709 3066 et
764 3012 1154 3067 inducentibus
1205 3012 1557 3067 sermonibus
1594 3011 1958 3064 multitudinis

2063 1821 2237 1892 λούθῳ
2263 1822 2456 1893 γνώμῃ
2485 1821 2580 1874 καὶ
2604 1820 2804 1890 γνώσει
2838 1820 3190 1890 λυμαίνονται
3218 1822 3318 1893 τὴν
3355 1822 3641 1893 ἀλήθειαν·

2064 1918 2156 1969 καὶ
2184 1917 2292 1986 γὰρ
2333 1917 2361 1969 ὁ
2394 1914 2719 1984 παράδεισος
2762 1915 2947 1975 αὐτοῖς
2980 1914 3123 1986 λόγῳ
3175 1916 3274 1986 μὲν
3318 1915 3643 1981 πλάττεται,

2064 2008 2207 2077 ἔργῳ
2230 2006 2286 2058 δὲ
2314 2005 2678 2059 διαϐάλλεται.
2711 2003 2875 2057 Ἀλλά
2906 2004 2974 2058 τὰ
3001 2004 3095 2057 τοῦ
3134 2004 3466 2076 παραδείσω
3497 2008 3647 2073 φυτά

2063 2098 2159 2149 καὶ
2188 2097 2220 2165 ή
2250 2094 2454 2166 βρῶσις
2488 2095 2583 2148 καὶ
2609 2096 2641 2164 ἡ
2671 2092 2758 2146 διὰ
2784 2093 2879 2163 τῆς
2919 2092 3161 2164 πλευρᾶς
3196 2094 3295 2164 τῆς
3323 2091 3469 2157 Εὔας
3502 2109 3644 2163 προ.

2061 2188 2255 2260 αγωγὴ
2279 2227 2293 2251 ,
2337 2189 2429 2239 καὶ
2462 2185 2649 2249 ἁπλῶς
2679 2189 2712 2257 ἡ
2750 2184 2859 2238 τῶν
2896 2185 3068 2238 ὄντων
3122 2185 3454 2255 δημιουργία
3490 2188 3645 2240 πᾶσα

2062 2281 2157 2332 καὶ
2187 2277 2413 2348 πρόοδος
2451 2278 2546 2329 καὶ
2585 2277 2645 2328 τὸ
2672 2275 2772 2345 τῆς
2809 2274 2960 2337 θείας
3008 2274 3333 2345 κηδεμονίας
3384 2277 3518 2346 περὶ
3544 2276 3645 2328 τὸν

2061 2368 2353 2436 ἄνθρωπον
2398 2364 2780 2434 φιλάνθρωπόν
2829 2381 2889 2416 τε
2929 2364 3025 2417 καὶ
3072 2363 3378 2434 θαυμάσιον
3418 2366 3515 2418 καὶ
3540 2366 3645 2428 τὰς

2060 2458 2203 2512 κατά
2235 2457 2485 2528 διαδοχὴν
2529 2456 2588 2509 δὲ
2636 2457 2735 2524 τῆς
2776 2456 3042 2523 γενέσεως
3089 2456 3283 2527 ἀρχὰς,
3333 2458 3415 2519 εἰς
3442 2461 3644 2528 νοητήν

2059 2567 2182 2604 τινα
2221 2549 2425 2619 σκηνὴν
2475 2547 2869 2618 ἀναφέροντες,
2898 2546 3020 2599 οὐδὲ
3066 2548 3165 2618 τὴν
3221 2549 3356 2601 ἰδίαν
3403 2545 3643 2619 ὕπαρξιν

2059 2644 2155 2697 καὶ
2181 2642 2435 2698 οὐσίωσιν
2456 2639 2721 2711 ὤφθησαν
2752 2639 2982 2694 εὐλαϐού
2994 2656 3161 2709 μενοι.
3194 2639 3441 2694 Ἐκεῖθεν
3459 2640 3515 2693 δὲ
3538 2642 3645 2711 τὴν

2058 2735 2367 2809 τραγῳδίαν
2412 2733 2541 2805 ὅλην
2595 2733 2736 2785 κατὰ
2783 2733 2884 2804 τὴν
2922 2730 3059 2786 ἰδίαν
3102 2731 3359 2800 πρόθεσιν
3390 2751 3642 2804 καταμε-

2064 2827 2310 2899 ρίσαντές
2359 2842 2419 2878 τε
2453 2825 2546 2878 καὶ
2591 2824 3020 2895 ὑποκρινάμενοι
3054 2822 3149 2875 καὶ
3175 2824 3254 2886 είς
3285 2824 3404 2887 οῖας
3443 2824 3511 2878 ἂν
3543 2827 3643 2878 καὶ

2062 2918 2333 2989 βούλοιντο
2366 2916 2580 2988 μορφὰς
2611 2915 2706 2967 καὶ⁵
2739 2914 2984 2978 ἐπινοίας
3029 2913 3475 2981 διαπλάττοντες,
3525 2915 3641 2967 τῶν

2060 3010 2136 3072 ὼς
2179 3007 2394 3079 ἀληθῶς
2439 3007 2744 3077 γεγονότων
2792 3004 2890 3058 καὶ
2924 3004 3282 3075 ὑπαρξάντων
3311 3005 3373 3058 τὸ
3410 3006 3641 3060 ἀκόλου-

381 3119 544 3159 aures
574 3104 929 3159 iucautando.
984 3104 1175 3160 Solent
1213 3104 1358 3158 enim
1395 3104 1665 3172 pleraeque
1710 3102 1956 3158 fictiones

2064 3101 2153 3155 θον
2205 3073 2299 3154 καὶ
2328 3073 2491 3170 μέχρι
2519 3073 2616 3151 νῦν
2658 3097 2938 3168 ὁρώμενόν
2985 3073 3049 3150 τε
3100 3098 3195 3150 καὶ
3241 3097 3641 3169 γνωριζόμενον

381 3197 449 3251 ad
486 3204 678 3250 nutum
719 3204 774 3250 et
809 3196 875 3249 ad
904 3195 1303 3265 iucunditatem
1363 3195 1706 3250 concinnatae
1756 3192 1960 3249 illicere

382 3286 602 3357 quidem
636 3286 945 3341 auditorum
979 3301 1141 3340 aures
1188 3295 1241 3340 et
1298 3287 1364 3340 ad
1424 3286 1718 3355 voluptatis
1768 3300 1961 3354 parare

383 3377 769 3444 diffusiouem,
803 3384 859 3431 at
908 3391 1085 3446 neque
1121 3376 1224 3430 sibi
1275 3375 1410 3445 ipsis
1458 3376 1622 3429 ullam
1672 3374 1957 3430 utilitatem

384 3477 563 3533 neque
595 3465 878 3532 persuasis
916 3465 1108 3518 talium
1150 3464 1433 3519 architecti
1486 3479 1783 3535 procurare
1831 3479 1961 3533 pos-

381 3561 531 3607 sunt.
579 3551 685 3608 Sed
744 3554 847 3608 hos
899 3554 1119 3624 quidem
1190 3553 1453 3625 Origenes
1494 3562 1548 3608 et
1595 3552 1959 3625 Origenianus

383 3643 580 3699 habeat
606 3644 842 3709 chorus;
876 3653 1064 3699 noster
1094 3659 1222 3699 vero
1253 3643 1550 3712 Gregorius
1596 3660 1757 3715 quem
1805 3645 1960 3699 theo-

381 3732 558 3802 logica
585 3742 640 3786 et
668 3732 932 3787 divinitus
974 3733 1074 3803 ipsi
1105 3733 1232 3789 data
1269 3736 1413 3789 circa
1444 3735 1697 3804 spiritum
1731 3735 1955 3791 scicntia

381 3824 699 3894 theologum
725 3824 1108 3894 proclamavit,
1134 3826 1221 3881 hic
1245 3828 1501 3895 pelliceas
1526 3837 1686 3881 vocat
1720 3828 1956 3890 tunicas,

381 3929 491 3967 non
523 3927 661 3983 quas
683 3912 1012 3982 Origeniana
1046 3912 1226 3968 fabula
1262 3915 1438 3969 finxit.
1471 3916 1575 3971 Sed
1610 3928 1797 3971 contra
1833 3916 1957 3971 Ori-

379 4006 670 4078 genianam
703 4006 1021 4074 Opinionem
1071 4007 1320 4062 homines
1374 4018 1687 4064 convertere
1736 4009 1957 4079 quidem

377 4099 674 4168 plurimum
700 4098 968 4155 adhibens
992 4100 1268 4168 studium;
1298 4102 1569 4172 sapienter
1596 4118 1727 4158 vero
1759 4110 1813 4158 et
1846 4103 1960 4157 dis-

377 4205 586 4261 ponere
617 4192 801 4247 sciens
830 4190 885 4245 in
911 4190 1120 4261 judicio
1145 4207 1431 4249 sermones
1460 4208 1591 4249 suos
1622 4194 1677 4247 in
1725 4193 1956 4248 vicinam

374 4282 602 4354 quidem
648 4284 1078 4355 speculationem
1134 4286 1333 4355 satagit
1382 4286 1720 4349 transferre,
1769 4296 1957 4342 contra

376 4377 521 4431 illam
561 4392 698 4433 vero
742 4378 1079 4434 laboriosam
1121 4378 1449 4434 sententiam
1481 4388 1702 4433 auclqu
1734 4391 1789 4433 et
1831 4394 1956 4449 pra-
1980 4404 2035 4464 D

373 4467 573 4523 uicum
619 4470 960 4525 emittentem
1021 4468 1191 4523 melos
1216 4510 1231 4533 ,
1266 4468 1547 4538 -pelliceas
1602 4467 1814 4522 tunicas
1848 4483 1954 4522 non

370 4575 576 4629 corpus
604 4559 759 4629 juxta
794 4576 917 4630 quae
949 4570 1003 4615 et
1036 4561 1292 4631 superius
1326 4560 1470 4614 dicta
1503 4570 1629 4614 sunt
1654 4571 1830 4622 vocat,
1861 4561 1957 4614 ab-

374 4651 479 4703 sit!
536 4649 654 4705 Non
705 4652 854 4705 enim
900 4651 1052 4706 visus
1100 4662 1183 4705 est
1234 4651 1396 4706 talem
1443 4652 1734 4720 quamdam
1768 4665 1952 4704 vocem

369 4742 649 4806 cmittens,
686 4743 779 4798 sed
812 4745 1060 4813 corporis
1092 4741 1512 4798 crassitudinem
1562 4754 1616 4797 et
1651 4743 1956 4797 mortalita-

372 4843 479 4887 tem
509 4842 565 4886 et
593 4833 796 4901 prioris
824 4831 998 4886 felicis
1035 4832 1344 4902 antitypum
1378 4840 1430 4886 et
1482 4830 1786 4900 oppositam
1842 4831 1955 4886 dis-

372 4920 692 4988 positionis;
733 4922 936 4975 etenim
987 4938 1110 4975 vere
1154 4931 1275 4990 post
1315 4922 1805 4991 transgressionem
1856 4937 1953 4991 pro

372 5013 699 5083 ἰωνοεείὺὶιί
731 5023 784 5068 et
818 5029 923 5068 non
956 5014 1201 5084 subjecto
1229 5024 1284 5069 et
1316 5030 1421 5069 non
1468 5023 1694 5084 gravato
1723 5029 1954 5084 corpore

371 5112 425 5157 et
452 5104 784 5158 mortalitate
813 5120 1077 5174 corpore,
1128 5106 1222 5160 sed
1257 5106 1439 5160 carnis
1474 5106 1715 5161 motibus
1744 5115 1800 5161 et
1833 5106 1951 5159 ille-

371 5195 553 5250 cebris
599 5195 900 5250 constituto
946 5196 1297 5265 potentiore,
1366 5195 1639 5249 contraria
1693 5195 1779 5251 his
1830 5207 1952 5265 post

369 5286 869 5356 transgressionem
896 5286 1141 5341 Adamus
1191 5286 1372 5357 qualia
1404 5296 1550 5341 certe
1590 5287 1833 5342 tunicam
1873 5288 1953 5342 di-

368 5379 473 5434 ctis
494 5390 751 5448 punctam
784 5379 1133 5448 passionibus
1156 5389 1208 5434 et
1231 5382 1657 5434 contaminatam
1685 5381 1949 5434 mutando

373 5471 587 5537 induit;
642 5473 736 5526 sed
777 5481 1005 5527 sanctus
1058 5472 1279 5541 quidem
1332 5476 1432 5527 iste
1484 5473 1566 5525 vir
1620 5487 1687 5525 ex
1718 5471 1949 5541 Origene

372 5576 595 5617 sursum
625 5564 997 5633 germinantes
1021 5564 1095 5618 ita
1130 5564 1359 5619 dulciter
1382 5574 1436 5619 et
1470 5564 1696 5634 benigne
1728 5565 1948 5618 trahens

367 5662 425 5707 et
459 5652 791 5712 transferens
826 5653 892 5711 ad
926 5655 1095 5725 magis
1128 5656 1247 5729 pios
1273 5670 1492 5719 sensus,
1524 5654 1660 5710 tales
1693 5668 1813 5709 esse
1836 5654 1946 5725 pel-

2061 3191 2376 3261 ἀναιροῦσιν
2429 3190 2811 3261 ὲξομνύμενοι,
2868 3189 3211 3261 θελκτηρίοις
3255 3190 3355 3261 μὲν
3394 3191 3489 3244 καὶ
3537 3192 3639 3245 ἑπ-

2061 3284 2299 3352 αγωγοῖς
2323 3283 2505 3352 λόγοις
2534 3282 2603 3336 τά
2630 3283 2738 3336 τῶν
2770 3281 2981 3335 πολλῶν
3012 3277 3125 3335 ὦτα
3164 3282 3641 3352 καταγοητεύσαν·

2060 3392 2171 3437 τες.
2211 3375 2382 3428 Είωθε
2413 3376 2522 3446 γὰρ
2554 3374 2623 3428 τά
2664 3374 2837 3428 πολλὰ
2882 3374 2991 3427 τῶν
3026 3374 3360 3444 πλασμάτων
3392 3376 3526 3428 κατ’
3551 3375 3641 3439 ἑξ-

2060 3463 2249 3517 ουσίαν
2277 3464 2370 3517 καί⁵
2403 3464 2541 3534 πρὸς
2566 3463 2627 3515 τὸ
2658 3463 2758 3533 ήδὺ
2792 3463 3144 3531 πλαττόμενα
3176 3463 3638 3533 ὑπογαργαλίζειν

2063 3557 2163 3628 μὲν
2209 3556 2276 3610 τὰ
2302 3555 2411 3609 τῶν
2440 3556 2722 3626 ἀκροατῶν
2761 3550 2876 3608 ὦτα
2905 3556 2999 3607 καὶ
3046 3555 3184 3625 πρὸς
3215 3554 3410 3625 ἡδονῆς
3458 3572 3641 3624 παρα-

2062 3646 2352 3711 σκευάζειν
2366 3645 2635 3716 διάχυσιν,
2651 3643 2776 3698 οὔτε
2801 3644 2858 3697 δὲ
2887 3647 3099 3708 ἑαυτοῖς
3123 3644 3275 3698 οὐδὲν
3302 3643 3518 3713 ὄφελος,
3547 3644 3639 3697 οὖν

2058 3754 2119 3790 τε
2164 3739 2276 3799 τοῖς
2327 3737 2671 3807 πειθομένοις
2714 3736 2764 3788 οί
2812 3734 2921 3788 τῶν
2962 3735 3223 3789 τοιούτων
3252 3736 3638 3808 ἀρχιτέκτονες

2059 3826 2321 3897 παρέχειν
2356 3824 2630 3879 δύνανται.
2672 3824 2834 3878 Ἀλλά
2876 3824 2985 3895 γὰρ
3023 3824 3248 3888 τούτους
3281 3825 3381 3895 μὲν
3416 3826 3636 3897 Ὠριγέ-

2059 3935 2156 3988 νης
2177 3934 2236 3970 τε
2265 3916 2359 3969 καὶ
2388 3915 2756 3986 ὀὨριγένειος
2791 3916 2963 3985 ἐχέτω
2999 3915 3182 3986 χορόςο
3231 3916 3260 3968 ὁ
3279 3916 3336 3970 δὲ
3364 3917 3636 3987 ἡμέτερος

2060 4010 2361 4081 Γρηγόριος
2393 4008 2451 4061 ὃν
2485 4007 2792 4078 ὴθεολόγος
2833 4024 2892 4059 τε
2939 4008 3033 4060 καὶ
3074 4007 3260 4060 θεόθεν
3302 4007 3453 4078 αὐτῷ
3484 4007 3631 4061 δεδοο

2064 4102 2199 4173 μένη
2243 4101 2371 4171 περὶ
2409 4098 2503 4153 τοῦ
2552 4098 2864 4170 πνεύματος
2906 4099 3192 4169 παρρησία
3235 4099 3486 4166 θεολόγον
3537 4100 3634 4153 ἀνο

2059 4189 2346 4260 εκήρυξεν,
2378 4183 2532 4254 οὗτος
2567 4189 2920 4261 δερματίνους
2967 4187 3227 4257 ὀνομάζει
3261 4189 3499 4259 χιτῶνας
3538 4191 3635 4259 οὖχ

2059 4277 2265 4347 οὕσπερ
2310 4280 2339 4328 ὁ
2372 4277 2703 4347 Ὠριγένειος
2748 4276 2916 4345 μῦθος
2953 4277 3259 4330 ἀνέπλασεν
3287 4295 3302 4309 ο
3335 4278 3473 4331 ἀλλά
3511 4281 3636 4330 τοῦ·

2059 4371 2271 4424 ναντίον
2307 4370 2406 4440 τῆς
2429 4371 2763 4441 Ὠριγενείου
2792 4369 2949 4439 δόξης
2971 4371 3097 4432 τοὺς
3119 4369 3442 4440 ἀνθρώπους
3470 4388 3635 4440 μετα-

2062 4462 2278 4516 ϐάλλειν
2310 4463 2407 4532 μὲν
2433 4464 2515 4515 ὅτι
2552 4462 2785 4532 μάλιστα
2808 4464 3127 4533 ποιούμενος
3160 4463 3417 4534 σπουδήν·
3457 4462 3634 4531 σοφῶς

2057 4554 2115 4607 δὲ
2147 4556 2241 4606 καὶ
2267 4555 2573 4622 οἰκονομεῖν
2604 4553 2757 4616 εἰδὼς
2784 4556 2843 4606 ὲν
2878 4554 3057 4623 κρίσει
3096 4554 3223 4616 τοὺς
3246 4554 3441 4621 λόγους
3471 4552 3633 4609 αὑτοῦ

2058 4647 2137 4709 εἰς
2184 4645 2400 4713 γείτονα
2460 4647 2558 4715 μὲν
2610 4646 2845 4716 θεωρίαν
2895 4644 3176 4715 μεθοδεύει
3227 4647 3631 4715 μεταδιδάξειν,

2058 4738 2180 4791 κατ’
2214 4738 2431 4810 ἐκείνης
2463 4737 2518 4789 δὲ
2552 4738 2650 4808 τῆς
2678 4737 3000 4801 δοξοκοπίας
3037 4736 3132 4802 ὀξὺ
3171 4738 3266 4791 καὶ
3309 4738 3634 4808 δραστήριον

2057 4832 2380 4898 ἐπαφιεῖσαν
2421 4829 2483 4883 τὸ
2526 4830 2708 4899 μέλος,
2756 4829 3113 4900 δερματίνους
3152 4829 3386 4899 χιτῶνας
3428 4830 3552 4899 οὐχὶ
3572 4829 3634 4883 τὸ

2058 4920 2216 4990 σῶμα
2258 4920 2402 4973 καθά
2432 4921 2526 4973 καὶ
2555 4920 2887 4991 προείρηται
2912 4919 3087 4985 καλεῖ,
3128 4920 3330 4989 ἄπαγε.
3366 4919 3504 4973 Οὐδὲ
3523 4919 3632 4987 γὰρ

2054 5012 2163 5064 οὐδ’
2193 5010 2348 5082 ὤφθη
2398 5012 2656 5083 τοιαύτην
2699 5014 2820 5065 τινὰ
2860 5013 3046 5083 φωνὴν
3088 5012 3271 5082 ἀφιεὶς
3296 5053 3311 5078 ,
3357 5012 3496 5067 ἀλλὰ
3535 5012 3634 5082 τὴν

2052 5102 2147 5156 τοῦ
2183 5102 2433 5173 σώματος
2467 5103 2755 5175 παχύτητα
2782 5105 2877 5158 καὶ¹
2910 5103 3216 5176 θνητότητα
3254 5105 3350 5158 καὶ
3379 5104 3478 5172 τῆς
3500 5120 3634 5175 προ⁴

2052 5195 2217 5265 τέρας
2253 5195 2534 5267 μακαρίας
2559 5196 2850 5250 ἀντίτυπον
2878 5196 2975 5249 καὶ
3012 5196 3398 5267 ἀντικειμένην
3443 5194 3628 5249 διαθέ-

2056 5302 2215 5347 σεως’
2250 5285 2346 5339 καὶ
2380 5288 2489 5358 γὰρ
2524 5285 2600 5348 ὡς
2634 5284 2850 5354 άληθῶς
2877 5285 3017 5356 μετά
3040 5286 3140 5355 τὴν
3167 5285 3484 5356 παράϐασιν
3509 5284 3631 5339 ἀντὶ

2052 5376 2145 5429 τοῦ
2183 5375 2429 5439 ἀπαθοῦς
2459 5377 2553 5430 καὶ
2579 5374 2873 5430 ἀνευθύνου
2920 5376 3015 5427 καὶ
3066 5374 3142 5444 μὴ
3180 5373 3524 5445 βαρουμένου
3551 5372 3628 5442 τῷ

2054 5472 2264 5543 σώματι
2298 5472 2393 5522 καὶ
2440 5473 2506 5541 τῇ
2548 5469 2834 5540 θνητότητι
2877 5466 3129 5538 σώματος
3152 5506 3168 5530 ,
3220 5466 3356 5519 ἀλλά
3391 5466 3499 5519 τῶν
3527 5465 3629 5535 τῆς

2054 5566 2254 5637 σαρκὸς
2294 5565 2611 5634 κινημάτων
2640 5563 2735 5616 καὶ
2772 5562 3237 5631 γαργαλισμάτων
3283 5559 3627 5621 καθεστῶτος

2053 5653 2383 5728 κρείττονος,
2430 5651 2690 5707 τάναντία
2719 5650 2927 5714 τούτοις
2955 5651 3094 5721 μετά
3123 5650 3223 5721 τὴν
3251 5648 3561 5719 παράϐασιν
3594 5648 3623 5701 ὁ
