3884 6202
217 249 319 313 Ml

1031 254 1129 311 AD
1164 249 1754 311 AMPHILOCHIUM
1794 245 2139 319 QUAESTIO
2176 246 2353 320 LXX,
2401 247 2608 309 LXXI.

3377 248 3485 313 442

215 360 392 430 Ἀδὰμ
417 352 505 410 οἷα
525 356 588 427 δὴ
616 357 819 428 χιτῶνα
846 358 957 420 τοῖς
980 359 1288 428 εἰρημένοις
1312 359 1672 412 κατάστικτον
1695 356 1772 408 πά
1787 384 1798 392 -

1906 354 2065 407 liceas
2098 353 2313 408 tunicas
2342 369 2449 407 non
2478 354 2685 422 absque
2712 353 3001 423 supposuit
3028 354 3185 410 aliter
3214 357 3484 414 sentiente

210 452 337 505 θεσι
384 451 479 503 καὶ
524 449 779 518 ῥυπῶντα
813 452 1231 519 μετημφιάσατο
1257 467 1269 480 ·
1314 449 1425 504 ἷιλλ’
1458 451 1487 501 6
1522 448 1620 517 μὲν
1656 446 1801 513 ἱερὸς

1906 445 2359 498 contradictione.

206 542 371 609 οὗτος
430 547 568 616 ἀνὴρ
635 545 762 607 τοὺς
812 545 869 610 ἐξ
911 546 1224 615 Ὠριγένους
1290 543 1602 612 ἀναφύντας
1669 540 1813 592 οὕτω
1852 540 2159 608 πραότερον
2206 556 2264 590 τε
2314 540 2409 591 καὶ
2481 536 2991 609 φιλανθρωπότερον
3043 540 3322 608 μεθέλκων
3389 547 3486 599 καὶ

210 639 599 708 μεταϐιϐάζων
659 637 795 709 πρὸς
844 638 970 699 τοὺς
1014 635 1433 706 εὐσεϐεστέρους
1470 634 1789 702 λογισμοὺς,
1831 630 2103 691 τοιούτους
2124 625 2262 681 εἶναι
2289 630 2414 691 τοὺς
2439 628 2800 698 δερματίνους
2869 630 3104 700 χιτῶνας
3131 633 3253 687 οὐδὲ
3312 638 3483 709 χωρὶς

205 716 442 783 ὖπέθετο
472 727 813 791 διστάζοντος
841 728 926 777 ὲπτ
939 726 1041 797 ρρή
1052 743 1243 795 ματος.

284 823 359 875 Σὺ
389 821 445 874 δὲ
472 820 524 873 τί
551 820 759 888 λέγειςς
789 819 850 871 τὸ
876 820 976 889 μὲν
1005 819 1135 881 ἴσως
1172 819 1389 889 πρῶτον
1430 818 1614 888 γελᾷς,
1652 817 1791 885 τάχα

201 912 255 968 δ’
278 912 347 967 ἂν
372 910 572 980 μᾶλλον
592 910 962 980 δυσχεραίνεις
1004 908 1160 978 μύθῳ
1181 908 1558 977 κλεπτομένην
1581 905 1796 962 ἀκούων

205 1005 316 1076 τὴν
342 1004 606 1073 ἀλήθειαν
623 1019 639 1034 ο
670 1002 764 1055 τοῦ
791 1000 850 1054 δὲ
877 1000 1130 1068 θεολόγον
1161 995 1316 1070 οἶμαι
1356 1000 1457 1069 την
1484 998 1798 1067 οἰκονομίαν

206 1097 309 1150 καὶ
340 1094 564 1165 μέθοδον
602 1095 700 1145 οὐκ
730 1092 1050 1163 ἁτιμάσαιο.
1081 1092 1217 1145 Οὐδὲ
1246 1092 1431 1161 ἠγνόει
1460 1091 1529 1143 τὰ
1560 1090 1668 1142 ἀπὸ
1696 1090 1798 1157 τῆς

207 1187 390 1255 συκῆς
448 1185 623 1255 φύλλα
670 1179 750 1247 οἷς
797 1185 846 1236 οἱ
888 1186 1018 1255 περὶ
1076 1183 1169 1236 τὸν
1210 1183 1383 1253 Ἀδάμ
1426 1183 1528 1252 τὴν
1558 1182 1666 1235 ἀπὸ
1696 1166 1798 1250 τῆς

205 1272 552 1343 γυμνώσεως
569 1271 963 1342 ἀσχημοσύνην
986 1272 1065 1334 είς
1088 1273 1151 1326 τὸ
1177 1271 1458 1341 εὔσχημον
1481 1272 1638 1341 περιέ
1649 1272 1797 1324 στειλ-

206 1363 326 1417 λεν·
354 1362 476 1415 οὐδ’
505 1364 589 1416 ὅτι
618 1361 922 1433 πρῳθάνει
952 1362 1053 1431 μὲν
1075 1361 1145 1414 τὰ
1174 1364 1270 1431 τῆς
1298 1362 1468 1430 συκῆς
1497 1361 1670 1430 φύλλα
1696 1362 1796 1428 τῆς

207 1454 481 1517 αἰδέσεως
530 1454 631 1524 τὴν
658 1453 982 1522 καταφυγὴν
1026 1455 1352 1524 παρασχεῖν,
1394 1452 1444 1503 οί
1484 1451 1540 1503 δὲ
1567 1451 1796 1520 χιτῶνες

208 1547 445 1619 ὕστερον
494 1548 545 1600 οί
594 1544 912 1617 δερμάτινοι
956 1544 1056 1615 τὴν
1084 1544 1311 1598 ἐκείνων
1351 1544 1493 1597 κατὰ
1539 1542 1792 1613 διαδοχὴν

1969 806 2050 861 Tu
2078 816 2259 860 autem
2295 805 2426 876 quid
2459 806 2631 861 dicis?
2678 807 2817 861 forte
2858 809 3093 877 primum
3137 811 3312 877 rides.
3356 831 3481 870 mox

1893 909 2078 953 autem
2117 898 2289 968 magis
2322 898 2577 953 irasceris
2608 897 2791 953 fabula
2818 899 3053 955 luratam
3080 902 3311 959 audiens
3342 900 3485 959 veri-

1896 1001 2101 1055 tatem;
2136 989 2368 1060 theologi
2402 1005 2533 1045 vero
2564 991 2759 1059 opinor
2792 993 3155 1047 oeconomiam
3193 1004 3248 1048 et
3268 999 3483 1050 metho-

1895 1083 2025 1137 dum
2059 1098 2167 1136 non
2202 1083 2625 1151 contempseris.
2667 1084 2783 1136 Non
2814 1083 3102 1153 ignorabat
3133 1101 3164 1140 a
3209 1086 3318 1142 ﬁcu
3354 1089 3481 1142 folia

1897 1176 2098 1246 quibus
2142 1175 2388 1228 Adamus
2435 1189 2464 1227 a
2519 1178 2765 1229 nuditate
2819 1177 3175 1246 ignominiam
3221 1180 3484 1236 decenter

1897 1268 2116 1336 cperuit
2141 1284 2154 1331 ;
2184 1282 2362 1335 neque
2387 1266 2539 1335 prius
2571 1267 2791 1336 quidem
2822 1269 2954 1323 licus
2980 1268 3107 1324 folia
3132 1272 3357 1340 pudoris
3392 1289 3481 1327 rc-

1894 1355 2102 1425 fngium
2148 1357 2448 1427 praebuisse
2476 1396 2489 1419 ,
2540 1358 2753 1412 tunicas
2781 1374 2909 1414 vero
2940 1360 3196 1429 deinceps
3226 1363 3483 1432 pelliceas

1890 1446 2106 1501 illorum
2140 1447 2464 1516 excipiendo
2502 1463 2659 1501 usum
2712 1448 3056 1518 implevisse;
3106 1452 3307 1506 etenim
3360 1464 3486 1524 post

1892 1539 2128 1608 priorem
2161 1540 2465 1593 eiut-turam
2509 1548 2564 1595 et
2599 1540 2729 1595 folia
2766 1541 2922 1605 licus,
2975 1544 3229 1611 pelliccas
3268 1546 3485 1601 tunicas

207 1641 408 1711 χρείαν
454 1639 853 1710 ἀνεπλήρωσαν
883 1654 898 1668 ⁶
943 1640 1039 1692 καὶ
1065 1638 1174 1708 γὰρ
1210 1637 1349 1708 μετὰ
1383 1638 1485 1706 τὴν
1519 1637 1792 1707 προτέραν

1906 1631 2040 1686 Deus
2072 1632 2209 1701 ipsis
2243 1631 2390 1686 fecit.
2415 1632 2702 1697 Quomodo
2732 1635 2898 1703 igitur
2933 1635 3248 1691 existimare
3271 1648 3487 1706 oportet

208 1732 512 1804 περιϐολὴν
562 1733 656 1785 καὶ
697 1731 764 1784 τὰ
808 1729 982 1800 φύλλα
1006 1732 1107 1799 τῆς
1136 1731 1310 1796 συκῆς
1334 1770 1351 1793 ,
1383 1730 1509 1791 τοὺς
1538 1727 1801 1798 δερματί-

208 1841 343 1887 νους
391 1822 622 1894 χιτῶνας
654 1825 683 1876 6
712 1823 844 1886 Θεὸς
877 1823 1062 1886 αὐτοῖς
1101 1823 1416 1890 ἐποιήσατο.
1464 1820 1574 1873 Ποῦ
1618 1819 1800 1872 τοίνυν

205 1916 425 1969 οἴεσθαι
453 1916 535 1969 δεῖ
558 1915 651 1968 τὸν
683 1914 1146 1983 θεολογικώτατον
1175 1912 1350 1969 ταῦτα
1372 1914 1468 1967 καὶ
1500 1912 1802 1967 θεοπτικώ-

206 2027 380 2065 τατον
418 2008 735 2063 διδάσκαλον
764 2009 985 2076 ἀγνοεῖν
1010 2049 1026 2073 ,
1078 2007 1216 2060 ἀλλά
1255 2006 1331 2077 μὴ
1369 2005 1550 2071 λέγειν
1600 2004 1801 2075 μᾶλλον

208 2102 524 2171 οἰκονομεῖν
569 2116 630 2152 τε
666 2100 894 2153 καὶτῶν
922 2099 1098 2151 ἄλλων
1130 2096 1410 2166 σωτηρίαν
1465 2093 1799 2165 μεθοδεύειν,

208 2192 282 2247 δι’
310 2184 389 2245 ὧν
412 2194 441 2245 6
460 2192 580 2245 τότε
636 2192 926 2263 συνέτρεχε
956 2189 1173 2260 καιρὸς,
1194 2187 1467 2259 μηδεμιᾶς
1504 2184 1799 2238 ἐπακολου-

210 2282 419 2355 θούσης
464 2283 745 2353 αἱρετικῆς
775 2282 1083 2352 ἐπισπορᾶς
1112 2280 1146 2350 ῆ
1184 2278 1525 2348 σκολιότητος
1551 2294 1566 2343 ;
1598 2278 1699 2329 Ἂν
1737 2291 1801 2327 τε

208 2376 330 2448 γὰρ
360 2375 431 2430 τὰ
454 2374 629 2444 φύλλα
650 2378 749 2445 τῆς
777 2374 951 2444 συκῆς
982 2373 1110 2436 τοὺς
1140 2373 1271 2443 περὶ
1307 2371 1399 2423 τὸν
1426 2370 1602 2440 Ἀδὰμ
1630 2369 1798 2422 εὐλα-

210 2467 313 2521 6ου
324 2466 519 2537 μένους
550 2465 648 2537 τὴν
676 2463 811 2519 αίδὼ
846 2464 1220 2525 ὑπεδείκνυεν,
1272 2462 1339 2517 ἀν
1366 2480 1424 2515 τε
1459 2463 1600 2534 μετά
1635 2462 1802 2515 ταῦτα

210 2559 454 2629 χιτῶνας
486 2560 551 2613 ὲκ
577 2559 863 2629 δερμάτων
892 2559 1076 2622 αὐτοῖς
1112 2560 1139 2612 6
1165 2556 1298 2619 Θεὸς
1330 2554 1626 2626 ἐπεποίητο
1646 2592 1663 2617 ,
1703 2553 1801 2623 τῆς

210 2652 480 2715 αἰδέσεως
509 2650 869 2723 χαριζόμενος
906 2651 1277 2722 παραμύθιον,
1322 2648 1479 2702 οὐδὲν
1517 2643 1679 2719 ἦττον
1719 2647 1803 2699 εὑ-

212 2742 507 2807 σεὸοὖντος
572 2745 691 2797 ἐστὶ
743 2744 924 2812 λέγειν
965 2743 1040 2807 ὡς
1086 2743 1224 2813 μετά
1271 2743 1371 2811 τὴν
1418 2741 1729 2811 παράϐασιν
1775 2739 1803 2791 ὁ

223 2835 404 2905 Ἀδὰμ
427 2834 525 2899 τὴν
556 2834 870 2906 παχυτέραν
922 2835 1104 2904 σάρκα
1158 2834 1255 2885 καὶ
1305 2832 1509 2903 θνητὴν
1540 2832 1634 2884 καὶ
1667 2829 1803 2883 καθ-

212 2927 525 2998 ελκομένην
580 2928 660 2996 τῷ
722 2928 879 2998 βάρει
922 2927 1017 2979 τοῦ
1066 2923 1514 2996 παραπτώματος
1563 2924 1658 2976 καὶ
1700 2922 1798 2993 τῆς

212 3021 491 3093 πρότερας
553 3020 799 3074 ἀντίθεόν
850 3038 909 3073 τε
965 3020 1059 3074 καὶ
1109 3017 1403 3073 ἀντίτυπον
1454 3016 1790 3087 ὴμφιάσατο.

214 3115 394 3169 Πόθεν
421 3115 478 3168 δ’
503 3114 570 3168 ἂν
608 3112 738 3177 ἴσως
779 3115 1173 3184 ὲπαπορήσεις,
1211 3113 1261 3164 οἱ
1308 3111 1622 3182 δερμάτινοι
1665 3125 1797 3179 προ-

212 3205 382 3275 ῆλθον
425 3204 687 3276 χιτῶνες;
732 3205 848 3257 ἀλλ’
888 3203 1109 3257 ἐπειδὰν
1139 3201 1381 3263 ἀκούσας
1412 3202 1504 3253 τὸν
1533 3199 1656 3253 νοῦν
1684 3201 1797 3252 επι-

213 3300 469 3369 στήσεις,
495 3297 575 3349 ὅτι
601 3296 696 3349 καὶ
724 3296 982 3366 ἐποίησεν
1017 3292 1192 3357 ὁΘεὺς
1221 3294 1333 3355 τοῖς
1361 3291 1490 3362 περ)⁸
1512 3291 1603 3343 τὸν
1622 3290 1798 3358 ’Λδάμ

212 3389 455 3461 χιτῶνας
491 3388 883 3458 δερματίνους,
925 3386 1125 3439 αὐτίκα
1170 3384 1471 3455 σύνδρομον
1505 3377 1659 3452 οἶμαι
1694 3379 1797 3449 τῆς

212 3476 452 3545 ἀπορίας
481 3476 664 3546 εὑρεῖν
694 3475 790 3529 καὶ
830 3473 929 3545 τὴν
974 3472 1147 3526 λύσιν.
1184 3472 1240 3525 Ὀ
1275 3472 1385 3540 γάρ
1415 3473 1479 3523 ὲκ
1520 3469 1594 3540 μὴ
1628 3468 1813 3521 ὄντων·

211 3567 363 3619 οὕτω
394 3565 691 3635 φιλοτίμως
742 3581 801 3618 τε
839 3565 934 3617 καὶ
978 3561 1289 3625 πολυτελῶς
1327 3558 1664 3631 προαγαγὼν
1704 3557 1797 3611 τὸν

213 3655 508 3728 ἄνθρωπον
531 3696 546 3721 ,
583 3653 739 3720 οὗτος
781 3656 878 3709 καὶ
917 3654 1277 3726 δερματίνους
1323 3651 1556 3724 χιτῶνας
1596 3653 1661 3703 ἐκ
1703 3649 1796 3702 τοῦ

216 3747 292 3818 μὴ
341 3747 495 3811 ὄντος
546 3745 879 3817 ποιήσασθαι
941 3746 1039 3799 καὶ
1100 3744 1394 3816 περιϐολὴν
1441 3742 1591 3813 αύτῷ
1631 3759 1800 3796 κατα-

216 3837 493 3888 σκευάσαι
531 3836 596 3888 ἐκ
619 3834 712 3888 τοῦ
765 3836 989 3906 ῥᾴστου,
1042 3832 1246 3903 μᾶλλον
1276 3832 1342 3885 ἂν
1385 3834 1496 3892 τοῖς
1521 3831 1800 3900 λογισμοῖς

212 3927 548 3980 ἀδίστακτον
593 3925 776 3979 πίστιν
825 3924 1117 3995 ἐντίθησιν·
1146 3925 1195 3976 εί
1232 3923 1289 3976 δὲ
1332 3923 1427 3976 καὶ
1474 3922 1659 3992 δοραῖς
1688 3938 1798 3974 τισι

214 4016 398 4085 ζώων,
437 4017 612 4071 ταῦτα
644 4018 751 4089 γὰρ
799 4018 1117 4088 προῦπέστη
1155 4015 1253 4087 τὴν
1298 4015 1488 4087 χρείαν
1517 4016 1617 4079 τῆς
1645 4031 1801 4085 περι-

214 4107 385 4175 ϐολῆς
448 4107 631 4168 αὐτοῖς
692 4105 1123 4175 ἀναπληρῶσαι,
1180 4102 1440 4173 λογισμὸς
1489 4102 1796 4172 ἀνεκίνησεο

214 4197 359 4252 Θεοῦ
404 4199 716 4269 σοφίζοντος
746 4200 944 4261 αὐτοὺς
976 4198 1111 4268 πρὸς
1143 4197 1242 4266 τὴν
1270 4195 1476 4249 οίκείαν
1504 4195 1801 4263 εὐκοσμίαν

1900 1722 2202 1777 maximum
2234 1723 2544 1793 theologum
2571 1724 2685 1778 haec
2720 1735 2775 1779 et
2804 1726 2895 1779 Dei
2935 1728 3335 1796 speculatorem
3369 1731 3487 1784 exi-

1905 1816 2076 1869 mium
2114 1817 2435 1886 magistrum
2475 1817 2766 1886 ignorare?
2799 1818 2905 1873 Sed
2950 1836 3058 1874 non
3090 1822 3273 1876 dicere
3299 1824 3484 1892 potius

1898 1908 2219 1976 dispensare
2248 1918 2303 1963 et
2333 1909 2566 1963 aliorum
2618 1910 2847 1964 salutem
2885 1927 3097 1981 parare,
3136 1929 3229 1982 per
3254 1929 3317 1967 ea
3346 1929 3486 1984 quo-

1904 2016 2023 2054 rum
2061 2002 2585 2056 tunc~concurrebat
2619 2010 2835 2073 tempus
2859 2045 2873 2067 ,
2930 2005 3075 2058 nulla
3113 2018 3487 2076 consequente

1900 2093 2158 2148 lueretica
2195 2094 2725 2164 snperseminatione
2753 2106 2845 2150 aut
2875 2098 3212 2166 obliquitate.
3252 2098 3306 2152 Si
3337 2099 3484 2154 enim

1901 2185 2033 2239 folia
2063 2188 2197 2241 licus
2227 2187 2498 2241 Adamum
2530 2189 2763 2243 veritum
2799 2191 3062 2258 pudorem
3094 2191 3483 2261 subindicav'tt,

1903 2285 1954 2328 ct
1998 2276 2043 2329 si
2080 2276 2319 2345 posthaec
2351 2279 2566 2333 tunicas
2596 2270 2662 2333 ex
2705 2280 2936 2349 pellibus
2971 2283 3102 2352 ipsis
3140 2283 3282 2339 Deus
3326 2285 3481 2350 fecit,

1900 2366 2127 2435 pudoris
2159 2367 2396 2436 largiens
2424 2368 2655 2439 benigne
2692 2372 3151 2439 consolationem,
3197 2374 3481 2430 nihilomi-

1906 2474 2010 2513 nus
2041 2459 2188 2528 pium
2220 2468 2304 2513 est
2328 2460 2511 2516 dicere
2541 2471 2663 2531 post
2693 2464 3186 2534 transgressionem
3212 2466 3482 2522 Adamum

1902 2550 2229 2605 crassiorem
2253 2566 2473 2605 carnem
2502 2564 2555 2606 et
2582 2555 2869 2608 mortalem
2902 2566 2957 2609 et
2977 2556 3234 2611 deorsum
3259 2567 3485 2614 tractam

1906 2642 2171 2712 gravitate
2204 2657 2370 2699 casus
2401 2652 2486 2698 est
2520 2645 2721 2713 prioris
2755 2647 3059 2716 oppositam
3092 2658 3146 2704 et
3177 2650 3484 2722 antityputn

1905 2734 2172 2790 induisse.
2240 2736 2523 2792 Undenam
2574 2754 2726 2800 vero,
2764 2738 2906 2795 forte
2944 2741 3185 2798 incertus
3224 2744 3482 2804 haerebis.

1904 2824 2146 2893 pellicem
2172 2836 2544 2894 provenerunt
2574 2827 2811 2881 tunicae?
2841 2828 2946 2883 Sed
2978 2839 3266 2900 postquam
3295 2836 3485 2889 audito

1908 2926 2145 2970 mentem
2187 2918 2540 2987 applicueris,
2577 2927 2630 2972 et
2665 2917 2859 2974 fecisse
2894 2918 3060 2974 Deum
3092 2923 3300 2977 Adamo
3333 2926 3482 2980 tuni-

1903 3022 1998 3062 c:ts
2026 3007 2283 3076 pelliceas
2311 3047 2326 3072 ,
2378 3009 2562 3064 statim
2594 3020 3010 3065 concurrentem
3045 3012 3239 3081 opinor
3269 3016 3489 3070 dubita-

1904 3098 2037 3151 tioni
2058 3099 2296 3166 reperies
2326 3106 2381 3153 et
2412 3099 2764 3154 solutionem.
2793 3100 2893 3166 Qoi
2912 3102 3058 3155 enim
3086 3119 3150 3155 ex
3184 3105 3356 3160 nihilo
3376 3117 3486 3163 tam

1902 3189 2138 3259 superbe
2187 3199 2243 3245 et
2282 3191 2573 3261 magniﬁce
2603 3194 2861 3260 produxit
2900 3194 3177 3249 hominem
3206 3236 3221 3261 ,
3294 3198 3384 3253 hic
3433 3209 3491 3254 et

1902 3283 2160 3353 pelliceas
2191 3283 2407 3337 tunicas
2436 3298 2503 3338 ex
2533 3284 2707 3355 nihilo
2739 3284 2941 3341 fecisse
2971 3295 3027 3341 et
3045 3287 3348 3344 cincturam
3383 3291 3487 3361 ipsi

1904 3376 2187 3445 paravisse
2225 3375 2524 3441 facillime,
2588 3378 2762 3446 magis
2820 3388 3005 3433 autem
3060 3382 3489 3451 cogitationibus

1905 3466 2267 3521 indubitatam
2293 3467 2454 3521 [idem
2498 3468 2711 3523 inserit.
2743 3468 2797 3523 Si
2828 3479 3008 3525 autem
3029 3480 3084 3525 et
3111 3473 3344 3541 pellibus
3365 3476 3489 3544 qui-

1905 3558 2137 3613 husdam
2175 3559 2534 3625 animalium,
2587 3562 2703 3616 haec
2744 3562 2893 3616 enim
2928 3563 3081 3631 prius
3116 3564 3492 3620 subsistebant

1906 3650 2263 3722 indigentiam
2300 3653 2563 3707 cinctura:
2589 3652 2723 3723 ipsis
2763 3662 2822 3707 ut
2867 3654 3198 3724 implerent,
3230 3659 3490 3727 cogitatio

1906 3741 2179 3807 admovit;
2207 3743 2314 3797 Deo
2333 3744 2609 3812 sapienter
2634 3745 2921 3801 erudiente
2952 3748 3099 3816 ipsos
3117 3747 3184 3803 ad
3208 3750 3489 3819 propriunt

1905 3842 2161 3887 ornatum
2192 3842 2246 3888 et
2282 3834 2512 3888 salutem
2556 3850 2870 3906 assurgere,
2894 3852 3072 3907 neque
3103 3838 3237 3893 illud
3266 3840 3429 3910 longe
3456 3857 3487 3896 a

1906 3924 2091 3979 divina
2129 3939 2263 3980 cura
2287 3964 2302 3988 ,
2359 3940 2538 3996 neque
2584 3927 2869 3997 indignum
2904 3928 3079 3998 ipsius
3114 3945 3310 4001 magna
3340 3922 3505 3988 circa

1906 4032 2079 4086 genus
2106 4027 2355 4073 nostrum
2389 4019 2651 4074 bonitate.
2691 4021 2795 4075 Sed
2827 4021 2945 4076 haec
2975 4023 3196 4092 quidem
3240 4041 3490 4081 summa-

1908 4110 2025 4164 rius
2054 4110 2317 4179 permittit
2343 4126 2548 4165 sermo.
2600 4112 2741 4167 Sunt
2772 4123 2954 4168 autem
3001 4116 3226 4185 quidam
3269 4119 3361 4189 qui
3420 4119 3490 4175 ad

1908 4201 2121 4255 nullum
2173 4202 2372 4258 horum
2416 4206 2689 4274 respicere
2722 4207 2969 4262 volentes
2999 4224 3177 4279 neque
3205 4221 3489 4280 curantes,

214 4308 277 4344 τε
327 4294 424 4345 καὶ
469 4291 743 4362 σωτηρίαν
791 4290 1187 4353 διανίστασθαι,
1235 4289 1355 4343 οὐδὲ
1410 4287 1569 4342 τοῦτο
1609 4288 1800 4359 πόρρω

1909 4294 2168 4346 arborum
2194 4294 2347 4349 circa
2372 4296 2636 4350 corticem
2677 4299 3016 4368 epidermata
3054 4301 3314 4371 pelliceas
3342 4305 3493 4358 tuni-

215 4384 317 4453 τῆς
357 4381 510 4445 θείας
558 4381 908 4452 κηδεμονίας,
951 4381 1059 4435 οὐδ’
1091 4381 1307 4446 ἀνάξιον
1353 4376 1518 4433 αὐτοῦ
1546 4379 1646 4449 τῆς
1674 4378 1801 4431 πολι

1907 4397 1999 4438 cas
2033 4393 2320 4453 putarunt,
2356 4396 2415 4442 ut
2442 4388 2676 4457 pellibus
2698 4392 3021 4446 animalium
3053 4393 3367 4449 inferiorem
3396 4405 3494 4450 aut

214 4475 316 4543 λῆς
368 4474 500 4545 περὶ
536 4474 599 4528 τὸ
642 4477 800 4543 γένος
835 4474 991 4545 ἡμῶν
1021 4473 1377 4543 ἀγαθότητος.
1431 4471 1592 4525 Ἀλλὰ
1628 4470 1801 4525 ταῦτα

1906 4474 2157 4528 viliorem
2185 4477 2449 4533 cincturze
2482 4494 2640 4535 usum
2668 4482 3059 4550 praebentibus,
3077 4492 3257 4538 tamen
3288 4485 3494 4541 cortice

219 4568 325 4638 μὲν
360 4570 389 4621 6
418 4566 792 4637 κεφαλαιώδης
834 4568 1119 4636 ἐπιτρέπει
1167 4565 1345 4633 λόγος.
1386 4564 1511 4618 Εἰσὶ
1555 4564 1613 4617 δέ
1658 4580 1802 4625 τινες

1906 4566 2377 4637 omniaptioribus
2405 4580 2459 4623 et
2485 4571 2806 4627 melioribus
2859 4581 2913 4628 et
2940 4581 2999 4627 ut
3021 4582 3192 4629 totum
3218 4576 3491 4642 dicamus,

216 4662 266 4714 οί
296 4660 439 4731 πρὸς
466 4659 633 4731 μηδὲν
662 4659 869 4713 τούτων
895 4661 1106 4730 ἀφορᾷν
1131 4657 1443 4728 βουλόμενοι
1470 4656 1605 4728 μηδὲ
1634 4673 1802 4711 σπου-

1909 4660 2456 4716 convenientioribus
2490 4663 2676 4717 multis
2710 4665 3146 4722 discriminibus.

215 4751 494 4818 δάζοντες,
525 4752 624 4814 τὰς
692 4751 800 4805 τῶν
840 4751 1076 4826 δένδρων
1141 4752 1271 4822 περὶ
1341 4751 1433 4803 τὸν
1495 4749 1678 4818 φλοιὸν
1720 4750 2075 4833 ὲπιδερμίδας
2130 4753 2491 4826 δερματίνους
2531 4755 2764 4824 χιτῶνας
2811 4757 3091 4828 ἐνόμισαν,
3145 4759 3336 4832 ὥσπερ
3383 4762 3492 4817 τῶν

213 4843 506 4914 δερμάτων
535 4843 646 4897 τῶν
678 4842 785 4898 ἀπὸ
825 4844 935 4898 τῶν
964 4843 1120 4909 ζώων
1166 4839 1573 4910 ἐνδεεστέρανῆ
1608 4838 1940 4910 ἀτιμοτέραν
1981 4846 2080 4914 τῆς
2134 4845 2430 4917 περιϐολῆς
2465 4845 2565 4916 τὴν
2627 4848 2817 4917 χρείαν
2871 4850 3285 4921 παρεχομένωψ
3318 4856 3493 4907 καίτοι

216 4933 408 5003 φλοιοῦ
456 4935 660 5000 παντὸς
709 4937 1090 5005 εὐαφεστέρων
1135 4951 1197 4988 τε
1238 4934 1333 4988 καὶ
1390 4930 1799 5004 μαλακωτέρων
1837 4932 1934 4986 καὶ
1971 4934 2032 4988 τὸ
2087 4936 2208 4991 ὅλον
2269 4940 2446 4992 εἰπεῖν
2480 4939 2934 5011 ἐπιτηδειοτέρων
2967 4941 3187 5005 πολλαῖς
3206 4942 3492 5017 διαφοραῖς

220 5027 599 5099 ὑπαρχόντων.
3195 5034 3198 5040 λ

766 5119 1105 5172 ΕΡΩΤΙΙΣΙΣ
1128 5119 1248 5173 OA'.

2268 5114 2596 5182 QUIESTIO
2627 5114 2790 5170 LXXI
2817 5117 2916 5188 [αι.
2942 5116 3127 5189 LXX].

222 5211 379 5277 Πρὸς
404 5212 540 5264 τίνα
568 5210 843 5265 διάνοιαν
868 5211 1025 5279 ἡμᾶς
1060 5211 1436 5281 παραπέμπει
1464 5211 1533 5281 τό
1557 5228 1575 5281 ’ξ
1611 5228 1637 5281 σν
1676 5210 1798 5262 Οὐκ

1906 5208 1985 5261 Ad
2014 5280 2019 5281 ί
2046 5224 2345 5281 quemnam
2379 5225 2589 5263 sensum
2660 5226 2753 5264 nos
2790 5211 2951 5264 mittit
3018 5213 3154 5265 illud
3181 5228 3200 5266 :
3247 5210 3490 5275 «Nonne,

291 5282 370 5354 ᾷν
399 5281 585 5348 ὀρθῶς
615 5281 1049 5354 προσενέγκῃς,
1113 5279 1304 5354 ὀρθῶς*
1338 5280 1406 5333 δὲ
1429 5280 1515 5349 μὴ
1552 5279 1795 5348 διέλῃς·

1975 5280 2022 5332 εἰ
2040 5289 2174 5332 recte
2202 5279 2477 5354 obtuleris,
2506 5290 2642 5333 recte
2670 5297 2786 5335 vero
2817 5298 2917 5336 non
2940 5282 3202 5349 diviseris,
3219 5285 3492 5354 peccasti?

294 5351 593 5421 ἥμαρτες
624 5353 969 5421 ἡσύχασαν,
1010 5373 1028 5403 ι
1064 5370 1117 5405 κ.
1153 5368 1205 5404 τ.
1238 5351 1287 5405 λ.

1976 5358 2108 5415 tace,
2147 5369 2164 5398 ι
2197 5358 2245 5403 et
2279 5352 2502 5421 reliqua.

1269 5463 1412 5513 Edita
1443 5478 1470 5513 a
1493 5463 1637 5524 Maio,
1669 5466 1703 5514 ι.
1727 5477 1793 5524 ο.,
1824 5480 1873 5527 p.
1894 5465 2059 5514 87-89.
2085 5464 2141 5513 In
2166 5464 2290 5513 Gen.
2328 5478 2393 5525 tv,
2420 5465 2468 5515 7.

295 5570 369 5624 T6
397 5571 573 5643 παρὸν
600 5569 800 5642 χωρίον
827 5569 1103 5642 διαφόροις
1157 5574 1479 5644 ἑρμηνείαις
1509 5573 1807 5628 ὑποϐάλλε-

227 5665 352 5719 σθαι
383 5664 625 5730 δύναται,
654 5662 815 5718 τοῦτο
860 5661 960 5733 μὲν
1008 5665 1105 5735 τῆς
1138 5666 1500 5735 ἀναγνώσεως
1540 5668 1804 5741 διαφορὰς

1986 5574 2237 5627 Praesens
2267 5572 2420 5629 locus
2470 5573 2705 5629 diversis
2730 5569 3277 5641 interpretationibus
3292 5567 3492 5637 subjici

1913 5673 2113 5737 potest,
2151 5666 2280 5725 hinc
2302 5666 2522 5736 quidem
2556 5666 2793 5721 lectione
2825 5666 3123 5722 varietates
3150 5669 3492 5734 proponente
