3884 6202
409 243 517 306 443

1562 222 1831 285 ΡΗΟΤΙῙ
1862 218 2371 281 ΡΑΤΒΙΑΒΟΗᾸΞ
2406 219 2517 280 CP.

3588 210 3699 275 446

409 360 590 423 duas;
630 352 783 409 illinc
807 362 937 404 vero
966 346 1127 402 dictis
1181 342 1370 399 varios
1442 350 1631 411 tropos
1686 339 1988 409 ﬁgurarum

2109 334 2545 406 προϐαλλομένης
2590 331 2724 386 δύο·
2779 332 2941 386 τοῦτο
2966 332 3025 385 δὲ
3062 330 3158 386 τοῦ
3204 330 3371 403 ῥητοῦ
3398 330 3699 400 διαφόρους

411 449 658 517 accipere
678 442 842 498 nalis.
862 439 968 496 Sed
998 448 1051 495 et
1082 438 1215 493 illud
1240 455 1253 491 :
1282 454 1301 487 ι
1324 434 1403 490 Ad
1434 444 1485 491 te
1508 432 1799 489 conversio
1821 430 1993 501 ejus,»

413 542 481 595 de
505 536 737 594 diversis
762 534 925 589 rebus
958 529 1178 602 proprie
1199 536 1376 599 potest
1410 526 1575 583 sumi.
1606 525 1768 597 Igitur
1800 538 2000 579 secun-

414 630 546 681 dum
591 624 878 679 lectionem
912 620 1147 675 varietas
1178 618 1232 671 in
1275 615 1724 687 interrogativam
1764 613 1998 670 formam

414 732 471 775 et
525 714 949 773 declaratoriam
1007 711 1199 767 dividit
1258 708 1582 779 eloquium;
1631 706 1793 777 quale
1836 715 1921 761 est
1980 723 1995 761 :

421 831 440 862 ι
480 810 671 864 Nonne
692 808 737 863 si
786 814 931 860 recte
976 804 1192 874 quidem
1224 801 1511 863 obtuleris,
1536 809 1680 853 recte
1719 812 1850 852 vero
1889 810 1998 851 non

416 902 691 965 diviseris,
720 910 773 954 et
810 898 904 952 tibi
932 906 1119 952 notum
1185 904 1267 950 est
1297 904 1352 949 et
1406 891 1765 948 indubitabile
1813 900 1865 945 te
1902 905 2001 962 pe-

416 1008 573 1047 casse
594 994 617 1045 ?
638 1012 656 1043 ι
698 990 764 1044 Et
795 990 914 1043 vide
936 987 1221 1057 benignam
1255 984 1577 1055 sapientiam
1612 981 1729 1047 Dei,
1753 981 1997 1052 judicem

417 1084 595 1152 ipsum
628 1080 770 1134 sistit
801 1078 893 1146 qui
953 1074 1199 1146 peccavit
1262 1072 1591 1142 iniquitatis,
1645 1081 1705 1124 ut
1751 1070 1999 1140 praprias

418 1172 772 1242 cogitationes
815 1169 904 1222 ille
938 1182 1065 1222 cum
1119 1164 1390 1218 invenerit
1422 1162 1662 1217 ferentes
1722 1162 1773 1215 in
1816 1161 1996 1231 ipsum

418 1263 956 1325 condemnationem,
1000 1258 1173 1328 magis
1200 1266 1255 1311 et
1304 1259 1371 1309 ad
1404 1254 1783 1325 paenitentiam
1813 1259 1999 1307 currat

417 1365 473 1410 ct
513 1354 895 1409 remissionem
918 1350 1081 1404 citius
1121 1347 1379 1402 attrahat.
1415 1344 1481 1398 Et
1512 1343 1795 1414 responsio
1812 1343 1997 1398 statim

419 1447 695 1518 proposita
768 1442 1143 1507 dctnissionis,
1216 1438 1577 1493 nihilominus
1631 1435 1851 1492 silentio
1901 1449 2000 1489 vo-

420 1541 684 1595 luntatem
712 1536 923 1608 perficit
950 1534 1068 1601 eius
1099 1534 1192 1603 qui
1237 1529 1613 1601 interrogavit,
1641 1538 1694 1582 et
1717 1537 1997 1597 peccatum

419 1632 773 1687 conﬁtentem
803 1645 869 1684 eo
908 1628 1053 1698 quod
1081 1642 1180 1683 nec
1204 1640 1266 1679 os
1290 1624 1502 1693 aperire
1530 1631 1586 1676 et
1621 1637 1809 1675 vocem
1835 1620 1995 1674 emit-

418 1733 532 1779 tere
572 1722 772 1777 audeat
812 1722 894 1775 vel
930 1697 1197 1773 nolentem
1214 1733 1338 1771 eum
1375 1716 1467 1785 qui
1501 1715 1996 1785 peccavitdemon-
2030 1697 2073 1753 Β

420 1824 578 1869 strat.
606 1813 818 1867 Etenim
846 1813 980 1866 solut
1009 1807 1532 1878 interrogationibus
1560 1823 1700 1876 quas
1720 1805 1998 1861 confessio

420 1915 476 1960 et
501 1905 762 1959 demissio
789 1904 1246 1971 interrogatorum
1281 1898 1569 1953 manifesre
1607 1910 1661 1953 et
1698 1897 2002 1952 indubitate

422 1997 674 2064 sequitur
716 2010 823 2048 non
862 1994 1043 2048 minus
1071 1992 1347 2047 silentium
1390 1991 1589 2045 habere
1624 1992 1730 2044 vim
1767 1989 1861 2045 sed
1883 2005 2001 2045 ma-

423 2088 508 2158 gis
531 2088 868 2141 ennntiantis
917 2086 1070 2139 vocis
1094 2084 1502 2146 demissionem,
1530 2092 1585 2138 et
1627 2082 2005 2152 reprehensio-

425 2191 571 2239 nem,
603 2175 648 2229 si
672 2184 818 2229 certe
856 2174 971 2228 vult
1028 2174 1131 2226 hoc
1162 2174 1526 2241 interrogans,
1549 2172 1848 2225 acutiorem
1873 2169 2004 2224 facit

423 2274 478 2319 et
512 2266 887 2333 potentiorem.
920 2261 1175 2316 Formam
1209 2261 1374 2330 igitur
1396 2260 1843 2331 interrogationis
1884 2276 2007 2315 sus-

426 2356 635 2426 cipiens
706 2371 886 2411 sermo
937 2357 1273 2425 propositam
1346 2356 1595 2408 enuntiat
1652 2354 2002 2408 sententiam.

426 2445 794 2502 Declaratoria
829 2457 1010 2501 autem
1040 2446 1211 2499 forma
1248 2445 1491 2499 vestibus
1530 2461 1636 2499 non
1680 2461 1789 2498 uno
1825 2453 1880 2498 et
1908 2458 2005 2497 eo-

424 2539 548 2595 dem
594 2540 910 2594 charactere
948 2539 1101 2593 vm-is
1142 2536 1463 2592 enuntiatur
1493 2538 1658 2608 ;quia
1683 2546 1738 2592 et
1774 2535 2007 2591 diversis

427 2631 599 2700 tr0pis
628 2631 1041 2700 compositionis
1070 2646 1167 2700 per
1191 2647 1353 2702 quant
1386 2632 1651 2686 dlctiones
1675 2633 1739 2686 ad
1778 2631 2005 2686 invicem

426 2733 704 2793 aptantur.
734 2724 849 2777 vult
874 2724 1129 2794 proferri.
1154 2724 1261 2779 Aut
1281 2725 1427 2779 enim
1451 2726 1738 2780 declarans
1768 2724 2009 2779 declarat

428 2815 601 2869 nonsi
631 2815 769 2870 bene
790 2816 1078 2879 obtuleris,
1133 2825 1284 2871 recte
1343 2826 1524 2870 autem
1581 2833 1686 2869 non
1730 2817 2005 2879 diviseris,

431 2916 491 2961 ut
528 2909 670 2978 quod
704 2924 810 2962 non
845 2919 991 2963 recte
1035 2910 1301 2976 obtulisti,
1333 2910 1479 2980 quod
1530 2924 1705 2978 neque
1748 2919 1893 2964 recte
1926 2908 2009 2962 di-

2101 426 2341 498 τρόπους
2402 425 2702 497 σχημάτων
2751 423 3111 495 ἀναδέχεσθαι
3156 423 3486 492 πεφυκότος.
3535 421 3701 474 Ἀλλὰ

2099 522 2210 591 γάρ
2244 522 2340 575 καὶ
2368 522 2430 575 τό
2471 536 2485 548 ⁸
2523 540 2543 573 ι
2572 520 2718 591 Ιῐρδς
2774 518 2836 571 σὲ
2868 520 2902 589 ἡ
2953 519 3275 589 ἀποστροφὴ
3324 515 3516 579 αὑτοῦ,
3556 534 3575 567 ι
3606 518 3702 569 ἐπὶ

2099 612 2374 685 διαφόρων
2403 612 2747 685 πραγμάτων
2763 610 2981 673 οἰκείως
3002 609 3115 680 ἔχει
3139 607 3695 680 παραλαμϐάνεσθαι.

2111 708 2179 762 Ἦ
2205 708 2305 778 μὲν
2338 707 2433 761 οῦν
2465 706 2610 760 κατά
2640 706 2739 776 τὴν
2774 706 3085 772 ἀνάγνωσιν
3115 704 3353 772 διαφορά
3397 704 3480 766 είς
3515 719 3577 755 τε
3607 702 3700 753 τὸν

2102 798 2522 873 ἐρωτήματικδν
2575 796 2747 852 τύπον
2795 797 2890 850 καὶ
2921 796 3296 873 άποφαντικδν
3332 795 3700 866 καταμερίζει

2099 868 2161 947 16
2190 868 2371 962 λόγιον
2389 933 2406 959 ,
2446 886 2561 947 οἷον
2580 908 2596 923 θ
2626 910 2644 942 ι
2679 891 2814 961 Οὐχὶ
2835 891 2901 945 ἂν
2944 889 3121 961 ὀρθῶς
3157 868 3269 959 μὲν
3296 889 3697 960 προσενέγκῃς,

2101 984 2278 1057 ὀρθῶς
2313 984 2370 1038 δέ
2407 986 2483 1056 μὴ
2524 984 2729 1057 διέλῃς,
2762 983 2853 1037 καὶ
2883 984 2965 1036 σοὶ
2987 982 3268 1055 γνώριμόν
3308 983 3425 1035 ἐστι
3460 982 3560 1035 καὶ
3600 983 3699 1035 άν-

2100 1077 2402 1148 αμφίϐολον
2446 1079 2528 1130 ὅτι
2559 1078 2802 1147 ἥμαρτες
2828 1093 2842 1142 ;
2869 1094 2887 1127 ι
2927 1075 3019 1129 καὶ
3054 1077 3153 1129 ὅσα
3187 1075 3285 1145 τὴν
3308 1074 3701 1145 φιλάνθρωπον

2103 1170 2297 1239 σοφίαν
2324 1168 2420 1221 τοῦ
2449 1167 2609 1232 Θεοῦ,
2643 1166 2838 1238 κριτὴν
2868 1167 3032 1221 αὑτὸν
3064 1166 3277 1229 καθίζει
3317 1165 3410 1218 16v
3439 1166 3700 1235 ἡμαρτη-

2102 1262 2235 1315 κότα
2258 1259 2352 1313 τοῦ
2384 1259 2725 1330 ἀδικήματος
2747 1300 2762 1326 ,
2820 1260 2905 1312 ἵνα
2930 1260 3057 1322 τοὺς
3103 1259 3340 1322 οἰκείους
3399 1257 3703 1327 λογισμοκ

2102 1354 2309 1415 ἐκεῖνος
2337 1350 2515 1421 εὑρὼν
2546 1350 2813 1421 φέροντας
2836 1350 2984 1421 αὐτῷ
3012 1351 3111 1421 τὴν
3150 1350 3524 1418 κατάγνωσιν.
3560 1349 3703 1419 μᾶλο

2100 1444 2190 1497 λόν
2225 1460 2285 1496 τε
2310 1442 2448 1515 πρὸς
2481 1445 2771 1515 μετάνοιαν
2800 1443 2986 1515 δράμῃ
3013 1443 3107 1496 καὶ
3138 1444 3235 1514 τὴν
3270 1442 3468 1511 ἄφεσιν
3505 1442 3705 1496 θᾶττον

2102 1536 2597 1605 συνεπισπάσηται.
2652 1536 2761 1588 Kal
2814 1536 2848 1605 ή
2902 1535 3195 1606 ἀπόκρισις
3248 1536 3305 1589 δέ
3348 1536 3410 1588 16
3451 1537 3705 1606 ἐναργῶς

2101 1627 2529 1698 προϐαλλομένη
2558 1628 2656 1698 τῆς
2687 1626 3163 1695 συγκαταθέσεως,
3195 1627 3349 1681 οὐδὲν
3376 1627 3606 1681 ἔλαττον
3632 1630 3702 1697 τῇ

2104 1722 2280 1791 σιωπῇ
2326 1720 2387 1772 τὸ
2424 1718 2676 1791 βούλημα
2720 1719 2971 1789 περαίνει
3017 1718 3113 1773 τοῦ
3161 1721 3569 1790 ἐρωτήσαντος¹
3609 1722 3707 1773 καὶ

2106 1810 2205 1882 τὴν
2235 1812 2512 1883 ἁμαρτίαν
2575 1810 2943 1881 ὁμολογοῦντα
2995 1810 3074 1882 τῷ
3123 1812 3260 1883 μηδέ
3306 1813 3487 1881 στόμα.
3516 1813 3704 1883 διᾶραι

2105 1904 2201 1957 καὶ
2230 1903 2413 1973 φωνὴν
2470 1903 2688 1972 ἀφεῖναι
2738 1902 2962 1975 θαρρεῖν
2996 1903 3092 1955 καὶ
3135 1904 3209 1975 μὴ
3256 1904 3585 1974 βουλόμενον
3610 1904 3705 1957 τὸν

2105 1994 2468 2068 ήμοῐρτηκότα
2504 1996 2865 2051 ἐπιδείκνυσι.
2894 1998 3001 2049 Καὶ
3026 1998 3135 2069 γὰρ
3162 1999 3319 2051 εἴωθε
3343 2000 3463 2060 ταῖς
3495 2000 3706 2069 ἐρωτήο

2106 2104 2255 2141 σεσιν
2304 2082 2391 2149 αῖς
2421 2088 2454 2157 ἠ
2490 2086 2747 2157 ὁμολογία
2803 2087 2897 2140 καὶ
2941 2088 3340 2155 συγκατάθεσις
3386 2088 3500 2139 τῶν
3551 2090 3699 2156 spu-

2105 2180 2365 2247 τωμένων
2391 2180 2711 2250 περιφανῶς
2739 2197 2798 2232 τε
2831 2182 2924 2233 καὶ
2948 2180 3288 2243 άδιστάκτως
3317 2181 3514 2233 ἕπεται
3539 2181 3703 2233 οὐδὲν

2106 2270 2327 2322 ἔλαττον
2354 2272 2385 2337 ή
2423 2267 2804 2339 ἀποσιώπησις
2836 2269 3032 2338 ἔχουσα
3065 2269 3165 2339 τὴν
3194 2269 3366 2337 ίσχὺν,
3407 2268 3543 2320 ἀλλὰ
3561 2266 3705 2336 μᾶλ-

2106 2361 2198 2414 λον
2214 2361 2313 2431 τῆς
2338 2359 2789 2430 ἀπαγγελλούσης
2816 2362 2996 2428 φωνῆς
3021 2364 3119 2429 τὴν
3146 2359 3569 2428 συγκατάθεσιν.
3594 2360 3707 2411 Καὶ

2105 2452 2198 2504 τὸν
2229 2452 2452 2521 ἔλεγχον
2476 2452 2541 2505 ἂν
2572 2452 2681 2522 ἄρα
2699 2452 2857 2504 τοῦτο
2889 2450 3139 2520 βούλεται
3163 2454 3190 2504 6
3224 2448 3470 2517 ἐρωτῶν,
3502 2448 3705 2517 δριμύ-

2107 2544 2263 2612 τερόν
2283 2561 2340 2597 τε
2375 2546 2520 2596 ποιεῖ
2550 2544 2645 2597 καὶ
2702 2545 3185 2613 ἐπικρατέστερον.
3246 2543 3439 2612 Σχῆμα
3485 2541 3585 2612 μὲν
3608 2536 3707 2594 οὖν

2109 2634 2432 2705 ἐρωτήσεως
2480 2633 2873 2703 ἀναδεχόμενος
2915 2634 2943 2685 6
2998 2632 3156 2700 λόγος
3195 2633 3296 2703 τὴν
3326 2631 3708 2702 προκειμένην

2109 2724 2443 2792 ἀπαγγέλλει
2490 2725 2729 2779 διάνοιαν
2750 2744 2767 2759 ο
2792 2744 2871 2795 τῳ
2902 2723 3261 2793 άποφαντικῷ
3303 2723 3360 2776 δὲ
3403 2721 3539 2774 εἴδει
3566 2738 3709 2791 μορ-

2112 2818 2378 2887 φούμενος
2409 2817 2507 2886 οὐχ
2531 2817 2613 2869 ἐν)⁸
2644 2818 2736 2871 καὶ
2766 2816 2845 2887 τῷ
2867 2815 3017 2886 αὑτῷ
3032 2814 3343 2887 χαρακτῆρι
3381 2814 3482 2884 τῆς
3517 2815 3709 2882 φωνῆς

2112 2909 2548 2977 ἀπαγγέλλεται·
2612 2910 2841 2977 ἐπείπερ
2901 2909 2996 2961 καὶ
3022 2908 3301 2977 διαφόροις
3342 2905 3564 2976 τρόποις
3601 2903 3708 2972 τῆς

430 3002 604 3056 visisti
640 3018 655 3068 ;
706 3014 797 3055 aut
844 3002 971 3071 quia
1005 3017 1110 3055 non
1138 3002 1375 3057 divisisti
1412 3012 1578 3065 recte,
1618 3000 1720 3056 etsi
1756 3010 1901 3055 recte
1920 2999 2005 3055 of~

2114 3002 2414 3065 συνθέσεως
2462 3000 2529 3054 δι’
2578 2995 2646 3071 ἧς
2698 3002 2753 3054 αί
2800 3001 2972 3066 λέξεις
3034 2998 3292 3070 ἀλλήλαις
3346 2997 3705 3068 ἁρμόζονται,

434 3092 577 3148 ferre
611 3094 761 3147 visus
817 3092 988 3147 fueris
1015 3093 1137 3155 tibi,
1195 3093 1452 3161 peccasti.
1486 3090 1701 3145 Etenim
1728 3106 1834 3145 non
1866 3090 2008 3144 divi-

433 3185 607 3239 sionis
637 3194 917 3253 peccatum
949 3184 1243 3239 oblationis
1283 3184 1551 3237 rectitudo
1590 3199 1697 3236 non
1752 3184 2010 3237 correxit.

435 3274 569 3330 Illud
601 3276 799 3346 igitur,
852 3274 1116 3340 Peccasti,
1176 3274 1527 3343 interrogatio
1581 3274 1800 3343 quidem
1855 3273 2011 3344 juvta

433 3367 881 3436 consequentiam
913 3376 968 3420 et
996 3367 1415 3420 continuitatem
1477 3366 1725 3421 enuntiat
1756 3368 2014 3435 praeordi-

437 3464 691 3509 natarntn
721 3455 1049 3519 dictionum;
1098 3454 1253 3524 juxta
1288 3456 1713 3509 declarationem
1739 3469 1865 3508 vero
1891 3471 2014 3523 pro-

432 3543 695 3607 latorum,
728 3550 961 3614 uterque
991 3558 1172 3597 sermo
1202 3546 1503 3598 secundum
1566 3545 1890 3599 divisionem
1918 3545 2015 3598 ad-

431 3634 511 3690 dit
535 3635 965 3705 przecedentibus
1016 3635 1167 3699 illud,
1222 3633 1815 3707 Peccusti;proptcrea
1883 3653 2013 3693 vero

431 3729 525 3797 qui
575 3744 679 3782 non
725 3728 911 3783 divisit
959 3738 1121 3794 recte,
1154 3730 1256 3784 etsi
1300 3741 1446 3786 recte
1502 3730 1734 3785 credidit
1794 3730 2012 3798 offerre,

434 3820 792 3876 nihilominus
842 3823 1129 3890 peccavit;
1180 3823 1309 3891 quia
1355 3838 1464 3875 non
1528 3824 1699 3893 tuagis
1747 3834 1894 3877 recte
1928 3821 2012 3875 fa-

431 3923 581 3966 ctum
629 3912 770 3967 tollit
807 3913 951 3982 quod
984 3916 1261 3983 praecessit
1303 3924 1584 3984 peccatum
1619 3933 1634 3981 ;
1670 3914 1764 3969 sed
1820 3929 2015 3983 pecca-

436 4015 549 4059 tum
602 4005 877 4060 transiens
901 4013 956 4059 et
988 4009 1056 4059 ad
1096 4007 1198 4061 sibi
1225 4006 1392 4060 videri
1424 4007 1662 4077 effugere
1706 4018 2012 4076 peccatum,

436 4095 491 4150 in
525 4095 756 4150 rationis
793 4096 1136 4151 exactionem
1155 4098 1317 4151 sintnl
1337 4098 1596 4152 trahitur.
1630 4097 1841 4152 Etenim
1870 4113 2016 4169 saepe

432 4204 560 4242 cum
596 4188 799 4242 bonum
843 4188 989 4243 malo
1032 4190 1392 4259 praahabitum
1420 4198 1475 4243 et
1504 4190 1607 4244 vile
1657 4191 2012 4258 meliori,non

434 4279 805 4335 communicat
858 4280 1033 4350 magis
1090 4281 1323 4351 propria:
1377 4280 1800 4350 pulchritudinis
1865 4281 2012 4352 quod

2114 3094 2287 3147 ἐθέλει
2326 3094 2685 3164 προάγεσθαι.
2711 3095 2781 3146 Ἢ
2802 3094 2913 3164 γάρ
2940 3094 2968 3146 6
3000 3092 3431 3161 ἀποφαινόμενος
3463 3089 3709 3158 ἀποφαί-

2113 3202 2284 3249 νεται,
2314 3184 2389 3247 ῶς
2420 3186 2522 3237 οὐκ
2570 3184 2637 3238 ἂν
2684 3184 2858 3254 ὀρθῶς
2906 3183 3301 3255 προσενέγκῃς,
3337 3180 3513 3251 ὀρθῶς
3540 3179 3597 3232 δὲ
3631 3178 3712 3248 μὴ

2112 3274 2319 3345 διέλῃς·
2350 3268 2461 3326 οἷον
2502 3276 2583 3327 ὅτι
2628 3271 2728 3325 οὐκ
2761 3270 2939 3340 ὀρθῶς
2994 3271 3378 3339 προσήνεγκας
3432 3268 3515 3319 ὅτι
3568 3265 3711 3335 μηδὲ

2113 3366 2308 3427 διείλες
2334 3364 2509 3435 ὀρθῶς
2528 3379 2541 3393 ·
2571 3364 2603 3433 ἦ
2638 3365 2719 3416 ὅτι
2766 3363 2889 3415 ἐπεὶ
2915 3364 2989 3432 μὴ
3019 3361 3210 3425 διεῖλες
3242 3358 3441 3431 ὀρθῶς,
3478 3357 3579 3410 κᾶν
3608 3357 3711 3424 ὀρ-

2115 3456 2222 3517 θῶς
2252 3456 2640 3526 προσενεγκεῖν
2668 3452 2878 3517 ἕδοξας,
2910 3453 3162 3522 ἥμαρτες
3183 3467 3196 3480 ·
3235 3450 3333 3521 τὴν
3363 3449 3473 3519 γάρ
3502 3446 3596 3499 τοῦ
3627 3448 3707 3516 μὴ

2113 3546 2306 3599 διελεῖν
2368 3543 2678 3615 ἁμαρτίαν,
2738 3542 2801 3597 τὸ
2854 3543 2955 3611 τῆς
3010 3539 3379 3613 προσενέξεως
3429 3538 3587 3609 ὀρθὸν
3643 3539 3707 3589 οὗ

2113 3637 2481 3708 διωρθώσατο.
2512 3636 2585 3687 T6
2626 3635 2727 3706 μὲν
2762 3632 2877 3700 οὖν,
2901 3635 3209 3704 ’Ἠμαρτες,
3238 3635 3271 3702 ἡ
3306 3632 3404 3702 μὲν
3437 3629 3709 3700 ἐρώτησις

2115 3732 2255 3784 κατά
2279 3729 2568 3783 συνέπειάν
2618 3746 2676 3781 τε
2725 3728 2821 3782 καὶ
2878 3728 3164 3798 συνέχειαν
3222 3724 3560 3793 ἀπαγγέλλει
3593 3723 3709 3775 τῶν

2115 3816 2572 3893 προτεταγμένων
2592 3820 2820 3886 λέξεων
2844 3820 2954 3872 τῶν
2994 3821 3051 3872 δὲ
3098 3819 3239 3872 κατά
3262 3818 3540 3886 ἀπόφασιν
3570 3830 3707 3885 προ-

2114 3913 2512 3985 ενηνεγμένων,
2542 3913 2799 3983 ἑκάτερος
2838 3912 2995 3982 λόγος
3047 3912 3189 3965 κατά
3235 3909 3525 3979 διαστολὴν
3581 3909 3707 3961 £71:-

2116 4006 2273 4076 φέρει
2324 4009 2435 4069 τοῖς
2490 4005 2825 4076 προλαϐοῦσι
2851 4006 2941 4071 τὸ,
2981 4007 3228 4076 ἥμαρτες
3248 4019 3263 4033 ·
3298 4003 3385 4056 διὰ
3414 4002 3578 4055 τοῦτο
3600 4002 3656 4055 δέ
3677 4000 3706 4051 6

2118 4103 2194 4170 μὴ
2227 4097 2416 4152 διελὼν
2442 4099 2655 4170 ὀρθῶς,
2698 4099 2804 4151 κᾶν
2858 4098 3034 4170 ὀρθῶς
3084 4097 3229 4161 ἔδοξε
3291 4096 3702 4167 προσενεγκεῖν,

2113 4189 2264 4243 οὐδὲν
2312 4189 2533 4242 ἔλαττον
2564 4190 2821 4258 Ἦμαρτε
2847 4205 2860 4218 ·
2898 4189 3033 4243 διότι
3073 4190 3135 4241 οὑ
3184 4189 3385 4259 μᾶλλον
3410 4187 3471 4240 16
3500 4203 3703 4256 κατορ-

2114 4282 2285 4336 θωθέν
2325 4283 2642 4353 ἀφαιρεῖται
2692 4283 2752 4335 τὸ
2801 4283 3013 4351 φθάσαν
3057 4282 3364 4352 ἁμάρτημα
3394 4298 3407 4310 ·
3471 4280 3609 4335 ἀλλά
3642 4280 3704 4331 16

432 4366 631 4420 melius
660 4376 743 4422 est
774 4367 967 4438 pejori,
999 4369 1091 4423 sed
1118 4369 1283 4424 simul
1319 4369 1531 4425 vilescit
1553 4371 1605 4424 in
1639 4380 1812 4425 totum
1861 4372 2005 4442 pejo-

2113 4373 2487 4445 διαμαρτηθέν
2534 4374 2809 4428 διαϐαῖνον
2858 4378 2950 4428 καὶ
2981 4375 3118 4445 πρὸς
3147 4374 3209 4427 16
3246 4374 3404 4437 δύξαν
3440 4374 3702 4441 ἐκφυγεῖν

433 4461 508 4513 ris
571 4459 799 4516 vilitate.
840 4458 907 4514 Et
952 4463 1192 4517 mundus
1240 4472 1466 4533 tangens
1496 4463 1838 4517 immundum
1867 4465 2011 4534 apud

430 4566 556 4605 cum
588 4552 680 4620 qui
703 4551 965 4609 divinitus
985 4555 1232 4611 eruditus
1266 4564 1351 4611 est
1377 4556 1567 4611 mundi
1599 4557 2008 4627 generationem

430 4643 801 4699 communicat
822 4654 970 4700 certe
993 4648 1282 4716 puritatem
1307 4647 1446 4719 apud
1460 4664 1622 4718 quem
1643 4659 1697 4703 et
1717 4650 2006 4720 profanum

432 4727 605 4797 magis
663 4742 857 4785 sancto
909 4743 1174 4788 attactum
1232 4736 1299 4791 ad
1342 4736 1775 4807 profanationem
1843 4738 2008 4794 simul

429 4821 666 4875 trahitur
700 4838 863 4892 quam
931 4826 1107 4880 sancti
1145 4829 1430 4897 participat
1483 4833 1784 4886 sanctitati.
1825 4834 1903 4886 Ac
1924 4832 2006 4888 sic

429 4910 729 4968 discretum
767 4914 907 4970 foret
961 4918 1091 4973 illud
1130 4936 1143 4973 :
1179 4939 1197 4972 ‹
1227 4920 1423 4975 Nonne
1449 4922 1494 4975 si
1532 4932 1679 4977 recte
1700 4922 1966 4977 obtuleris
1988 4961 2003 4987 ,

429 5013 576 5059 recte
622 5020 751 5060 vero
805 5023 912 5062 non
938 5009 1208 5073 diviseris,
1252 5014 1534 5083 peccasti?

2112 4466 2210 4537 τὴν
2233 4466 2532 4538 ἁμαρτίαν,
2560 4469 2639 4532 είς
2688 4469 2747 4521 16
2795 4468 3095 4522 ὑπεύθυνον
3139 4467 3548 4537 συνεφέλκεται.
3594 4466 3703 4518 Καὶ

2112 4559 2223 4629 γὰρ
2252 4557 2512 4622 πολλάκις
2535 4559 2739 4628 ἀγαθὸν
2778 4560 2948 4614 κακοῦ
2996 4560 3411 4632 προηγούμενον
3440 4560 3533 4611 καὶ
3559 4556 3701 4626 φαῦ-

2112 4648 2203 4702 λον
2266 4650 2568 4718 ἀμείνονος,
2612 4652 2672 4704 οὐ
2720 4652 3039 4722 μεταδίδωσι
3083 4651 3283 4721 μᾶλλον
3341 4652 3442 4720 τῆς
3495 4649 3701 4710 οἰκείας

2114 4737 2382 4808 καλλονῆς
2409 4739 2467 4792 τὸ
2497 4742 2741 4811 κρεῖττον
2796 4741 2874 4811 τῷ
2913 4740 3136 4810 χείρονι,
3161 4739 3297 4794 ἀλλὰ
3339 4737 3699 4808 συνεκφαυλί-

2116 4830 2267 4895 ζεται
2292 4830 2368 4893 ὡς
2397 4831 2603 4883 ἐπίπαν
2638 4834 2705 4902 τῇ
2752 4832 2849 4885 τοῦ
2906 4832 3147 4903 χείρονος
3178 4831 3499 4901 φαυλότητι.
3531 4829 3644 4883 Καὶ
3667 4828 3698 4879 ὀ

2114 4921 2353 4993 καθαρὸς
2375 4922 2431 4975 δὲ
2464 4924 2771 4994 ἁπτόμενος
2822 4924 3135 4994 ἀκαθάρτου
3167 4925 3320 4994 παρά
3352 4940 3415 4991 γε
3441 4922 3589 4991 αὐτῷ
3621 4922 3697 4989 τῷ

2115 5014 2302 5068 θεόθεν
2335 5016 2641 5083 σοφισθέντι
2665 5015 2759 5068 τοῦ
2787 5017 2997 5086 κόσμου
3012 5016 3110 5088 τήν
3130 5016 3345 5083 γένεσιν
3374 5011 3696 5085 μεταδίδωσί

429 5112 492 5163 γε
523 5097 619 5165 τῆς
647 5099 1018 5172 καθαρότητος
1072 5106 1203 5175 παρ’
1236 5100 1281 5173 ᾧ
1317 5107 1411 5158 καὶ
1453 5106 1515 5159 16
1544 5106 1770 5178 βέϐηλον
1840 5108 2036 5178 μᾶλλον
2072 5107 2151 5178 τῷ
2210 5108 2350 5178 ἁγίῳ
2388 5111 2858 5179 προσαπτόμενον,
2914 5111 3051 5179 πρὸς
3077 5111 3176 5179 τὴν
3223 5108 3525 5178 βεϐήλωσιν
3569 5122 3695 5159 συν-

427 5188 734 5259 εφέλκεται,
762 5192 796 5264 ἢ
827 5193 921 5247 τοῦ
950 5195 1105 5262 ἁγίου
1142 5198 1549 5269 μεταλαμϐάνει
1610 5200 1711 5269 τῆς
1773 5200 2078 5271 ἁγιότητος
2119 5199 2236 5254 ἀλλ’
2295 5199 2438 5255 οὕτω
2479 5201 2590 5271 ,μὲν
2654 5201 2720 5255 ἂν
2785 5201 3188 5275 διευκρινηθείη
3236 5202 3327 5254 16'
3385 5218 3405 5253 ι
3463 5201 3581 5253 Οὐκ
3630 5198 3695 5253 ἀν

426 5283 602 5369 ὀρθῶς
658 5286 1055 5360 προσενέγκῃς,
1124 5291 1301 5362 ὀρθῶς
1348 5292 1407 5345 δὲ
1464 5294 1539 5364 μὴ
1588 5292 1788 5364 διέλης,
1824 5295 2101 5364 ἤμαρτεςς
2137 5312 2157 5346 ι

502 5375 657 5443 Illud,
718 5377 875 5444 Tace,
946 5383 1149 5447 autem,
1195 5394 1250 5438 et
1277 5385 1495 5450 quidem
1522 5394 1576 5440 et
1602 5386 1758 5447 illud,
1794 5387 1904 5440 «Ad
1960 5397 2009 5441 te

2179 5384 2253 5439 T6
2280 5385 2358 5449 δὲ,
2407 5385 2771 5455 Ἠσύχασον,
2808 5386 2901 5440 καί¹
2954 5386 3060 5457 μὴν
3095 5387 3189 5441 καὶ
3222 5386 3302 5453 16,
3336 5405 3354 5437 ι
3395 5386 3541 5457 Πρὸς
3580 5388 3687 5459 σέή

424 5468 713 5519 convm-sio
738 5466 859 5537 cjns
882 5508 897 5533 ,
924 5478 978 5520 ct
1002 5479 1055 5521 tu
1093 5471 1241 5526 illius
1263 5471 1686 5528 dominabcrisn
1725 5473 1859 5529 ιιιυά
1884 5474 2005 5545 qui-

2109 5477 2426 5550 ἁποστροφὴ
2454 5478 2643 5546 αὐτοῦ,
2697 5479 2790 5533 καὶ
2837 5479 2901 5533 σὺ
2936 5480 3099 5533 αὐτοῦ
3148 5481 3335 5551 ἄρξεις
3359 5497 3374 5511 ο
3413 5499 3433 5531 ι
3475 5481 3537 5532 16
3570 5482 3687 5549 μὲν,

425 5560 572 5620 dcnt,
625 5559 861 5630 Sufﬁciat
901 5562 1017 5627 tibi,
1089 5564 1187 5627 ait,
1236 5563 1377 5633 quod
1428 5566 1708 5635 praecessit
1776 5566 2003 5633 malum,

2106 5570 2459 5640 ἁρκέσθητι,
2487 5571 2643 5642 φησὶ,
2678 5572 2758 5644 τῷ
2792 5572 3118 5644 προλαϐόντι
3154 5572 3328 5643 κακῷ,
3356 5573 3481 5642 μηδ’
3513 5575 3689 5646 ἀμαρ-

427 5666 605 5722 ncque
629 5664 905 5723 peccatum
927 5670 1093 5726 super
1116 5668 1401 5727 precatum
1431 5658 1621 5726 addas,
1659 5674 1836 5729 neque
1859 5659 2004 5715 malo

2109 5660 2225 5715 τίαν
2262 5662 2349 5731 ἐφ’
2398 5662 2643 5735 ἁμαρτίᾳ
2699 5665 2981 5737 προσθῇς,
3033 5666 3167 5737 μηδέ
3214 5664 3370 5734 κακῷ
3418 5663 3479 5718 16
3522 5666 3687 5720 κακὸν
