3884 6202
196 225 312 289 415

1146 228 1243 286 ΑΙ)
1283 224 1873 286 AMPIIILOCIIIUM
1924 223 2268 295 QUIESTIO
2305 225 2545 285 LXXII.

3377 229 3480 296 446

199 338 624 411 κατασκευάσῃς
669 339 910 406 ἀνίατον,
969 339 1081 393 ἀλλ’
1131 344 1189 393 ὲν
1242 343 1321 412 τῷ
1360 341 1547 411 ἡσύχῳ
1591 359 1650 394 τε
1690 341 1784 394 καὶ

1894 335 2086 388 malum
2119 349 2277 404 pares
2313 334 2636 401 insanabile,
2675 338 2769 392 sed
2800 338 2852 392 in
2885 338 3102 395 silentio
3131 349 3184 394 et
3209 345 3479 415 tranquil-

199 432 470 500 ἀταράχῳ
501 431 598 500 τῆς
627 431 866 500 κρίσεως
911 432 971 486 τὸ
1001 432 1122 485 καθ’
1154 433 1345 485 ἑαυτὸν
1382 435 1660 502 σκοπήσας
1693 433 1789 486 καὶ

197 524 267 574 τὸ
299 523 529 592 μέγεθος
557 523 649 576 τοῦ
679 524 1073 595 ἁμαρτήματος
1123 525 1323 588 συνείς.
1360 525 1426 578 Τί
1460 527 1568 596 γάρ
1606 526 1788 595 μεῖζον

201 618 291 678 είς
315 617 574 669 ἀπόνοιαν
603 619 702 688 τῆς
756 617 893 680 ἰδίας
941 619 1136 685 ἡδονῆς
1164 617 1226 670 τὸ
1277 619 1420 671 θεῖον
1451 618 1614 682 σέϐας
1645 636 1789 689 παρ-

204 707 506 775 ιδεῖν;Τῆς
552 706 839 776 μετανοίας
869 707 1024 774 γενοῦ
1052 709 1147 761 καὶ
1192 709 1282 763 διὰ
1321 709 1630 772 θεοσεϐείας
1657 709 1790 762 εἰλι-

201 799 429 868 κρινοῦς
464 799 560 855 καὶ
607 800 1027 867 εὐγνωμοσύνης
1057 799 1116 851 τὸ
1146 799 1538 870 πλημμεληθὲν
1566 798 1788 864 ὲξιλέω-

203 910 323 955 σαι,
371 892 566 945 σαυτὸν
632 891 946 961 ἀνορθώσας
985 891 1079 944 τοῦ
1106 891 1399 962 πτώματος
1422 909 1437 924 ο
1461 893 1523 944 τὸ
1546 893 1623 955 δὲ,
1649 911 1666 943 ι
1695 893 1792 946 καὶ

203 988 275 1038 σὺ
306 984 470 1040 αὑτοῦ
526 985 729 1056 ἄρξεις,
764 1005 780 1035 ι
821 987 942 1038 καθ’
976 985 1168 1054 ἑτέραν
1226 987 1324 1054 μὲν
1388 985 1631 1056 ἐκδοχὴν,
1667 986 1790 1040 οὐδὲ

202 1077 269 1129 τὸ
303 1077 392 1130 σόν
421 1093 588 1145 φησιν
616 1081 676 1129 οὐ
709 1077 1042 1147 προσδεχθὲν
1080 1077 1252 1148 δῶρον
1285 1079 1365 1142 εἰς
1392 1079 1578 1149 ἕτερον
1611 1097 1789 1150 παρα-

203 1170 515 1240 πέμπεται,
550 1171 668 1223 οὖδέ
688 1173 809 1224 τινά
836 1189 916 1225 σοι
947 1170 1150 1240 ζημίαν
1174 1173 1235 1226 τὸ
1258 1172 1620 1242 ἀπρόσδεκτον
1652 1191 1787 1245 προ-

200 1258 371 1324 ξενεῖ,
426 1258 560 1312 ἀλλὰ
613 1260 749 1328 πρὸς
816 1262 875 1314 σὲ
922 1259 1085 1314 πάλιν
1130 1263 1555 1330 ἀποστρέφεται.
1585 1265 1696 1316 Καὶ
1722 1264 1786 1317 σὺ

198 1349 306 1418 τὴν
327 1349 573 1414 ἐξουσίαν
599 1349 762 1403 αὐτοῦ
802 1351 897 1404 καὶ
941 1352 1240 1423 κυριότητα
1278 1353 1353 1416 ὠς
1393 1355 1488 1406 καὶ
1521 1359 1789 1425 πρότερον

199 1441 384 1506 asa;-
418 1442 674 1512 οὐδεμίαν
703 1443 766 1495 ὲκ
804 1444 902 1511 τῆς
939 1448 1328 1515 προσαγωγῆς,
1362 1445 1500 1515 πλὴν
1530 1447 1631 1501 ὅσα
1650 1464 1713 1515 γε
1754 1449 1786 1518 ἡ

200 1534 452 1604 ἁμαρτία
509 1534 833 1604 ἐλυμήνατο,
883 1535 1088 1607 ζημίαν
1131 1538 1372 1602 ὑποστάς
1397 1554 1412 1569 ·
1455 1538 1570 1592 ἀλλ’
1608 1542 1656 1592 εἰ
1690 1540 1788 1610 μὲν

201 1627 300 1679 ἐπὶ
355 1626 449 1679 τοῦ
491 1626 961 1698 προσενεχθέντος,
1029 1647 1050 1681 ι
1094 1629 1284 1685 καὶσὺ
1330 1632 1496 1686 αὑτοῦ
1524 1631 1730 1703 ἄρξεις,
1765 1651 1784 1684 ι

200 1714 504 1781 ἐξακοῦσαι
553 1733 635 1779 τις
670 1715 732 1768 τὸ
777 1716 959 1784 λόγιον
1010 1719 1209 1786 ἐθέλοι,
1239 1720 1498 1790 τοιαύτην
1533 1722 1656 1776 τινὰ
1687 1721 1786 1792 τὴν

199 1803 508 1870 ἀνάπτυξιν
529 1807 773 1879 εὑρήσει.
827 1811 886 1863 Εἰ
915 1810 971 1864 δὲ
1003 1811 1126 1864 καθ’
1169 1812 1364 1880 ἑτέραν
1399 1813 1658 1884 ἐπιϐολὴν
1691 1813 1786 1868 καὶ

198 1897 300 1949 ἐπὶ
337 1895 431 1950 τοῦ
461 1898 648 1961 Ἀϐελ,
703 1898 761 1963 ὃς
816 1901 992 1970 ὀρθῶς
1036 1919 1095 1954 τε
1144 1901 1306 1956 διεῖλε
1351 1903 1446 1957 καὶ
1503 1905 1566 1957 τὸ
1615 1904 1787 1974 δῶρον

200 1990 586 2061 προσήνεγκεν
613 1990 787 2061 ὀρθῶς
813 1993 906 2045 καὶ
941 1991 1039 2063 τὴν
1069 1992 1278 2048 ἄνωθεν
1315 1994 1566 2048 εἵλκυσεν
1590 1995 1785 2049 ἀποδο-

198 2080 331 2150 χὴν,
380 2075 482 2134 ὧδε
527 2081 592 2135 ἂν
627 2083 660 2153 ή
690 2082 893 2152 θεωρία
943 2083 1218 2155 προέλθοι.
1263 2085 1464 2148 Οὐδὲν,
1501 2087 1687 2156 φησὶν,
1723 2089 1787 2141 ἐκ

197 2171 300 2225 τοῦ
337 2174 698 2245 προκριθῆναι
724 2175 823 2245 τὴν
855 2174 946 2228 τοῦ
977 2176 1207 2246 ἀδελφοῦ
1233 2177 1424 2232 θυσίαν
1453 2178 1549 2231 ἐπὶ
1581 2181 1694 2242 τοῖς
1723 2180 1788 2232 ὲκ

199 2265 477 2331 γενέσεως
535 2266 848 2336 προνομίοις
895 2266 1203 2336 ἡλάττωσαι
1232 2284 1246 2298 ο
1277 2267 1399 2322 οὐδέ
1455 2286 1538 2332 τις
1584 2269 1787 2340 ἐπῆλθέ

201 2373 291 2412 σοι
322 2357 444 2426 δίκη
475 2358 575 2428 τῆς
601 2359 811 2428 φαύλης
858 2359 1175 2430 διαιρέσεως
1207 2363 1306 2432 τῆς
1338 2361 1612 2432 προτέρας
1642 2360 1784 2414 κατά

199 2451 297 2503 τὸν
333 2450 446 2520 βίον
473 2451 628 2521 δόξης
652 2451 1009 2509 καθέλκουσα.
1067 2452 1207 2507 Οὔτε
1231 2454 1341 2524 γὰρ
1371 2454 1480 2508 τῶν
1513 2453 1788 2525 πρωτοτό-

200 2561 322 2596 κων
355 2544 476 2597 ἀντὶ
505 2545 597 2596 τοῦ
625 2544 1094 2616 πλημμελήματος
1122 2545 1457 2616 είσεπράχθη
1489 2545 1587 2616 τὴν
1623 2545 1788 2615 ἀφαί-

204 2651 383 2705 ρεσιν,
409 2633 530 2686 οὕτε
564 2634 668 2686 ὑπὸ
697 2637 856 2705 χεῖρα
927 2635 1104 2688 τελεῖν
1147 2635 1480 2707 κατεκρίθης
1510 2634 1606 2690 τοῦ
1631 2636 1788 2690 ἀδελ-

202 2725 336 2795 φοῦ,
375 2725 511 2781 ἀλλά
545 2725 695 2796 μένει
718 2726 889 2780 σοιτά
917 2726 1024 2779 ἀπὸ
1061 2726 1164 2796 τῆς
1189 2727 1457 2795 γενέσεως
1476 2728 1659 2784 δίκαια
1693 2730 1786 2784 καὶ

198 2822 304 2888 τῆς
338 2819 447 2870 τῶν
471 2819 831 2888 πρωτοτόκων
856 2819 1022 2888 τιμῆς
1050 2819 1111 2873 τὸ
1143 2819 1380 2891 ἀξίωμα.
1428 2821 1536 2874 Καὶ
1565 2821 1700 2890 πρὸς
1725 2821 1786 2875 σὲ

200 2910 578 2981 ἡάποστροφὴ
632 2910 727 2964 τοῦ
764 2908 994 2979 ἀδελφοῦ
1045 2927 1139 2964 σου
1194 2911 1377 2965 ἔσται·
1438 2912 1686 2967 τουτέστι
1726 2913 1785 2968 σὲ

198 3002 532 3073 καταφυγὴν
564 3002 658 3056 καὶ
683 3002 877 3072 βοηθὸν
922 3003 1130 3073 βλάϐης
1161 3004 1309 3074 αὐτῷ
1331 3005 1663 3077 προσιούσης
1690 3006 1787 3059 άλ-

1889 427 2038 482 litate
2065 426 2258 496 judicii
2296 427 2443 496 quod
2478 436 2668 482 contra
2697 438 2751 483 te
2787 431 2966 498 ipsum
3007 443 3090 486 est
3125 443 3404 491 scrutatus
3427 447 3480 489 et

1889 519 2272 588 magnitudine
2307 519 2515 588 peccati
2549 519 2825 575 intellecta
2865 537 2880 574 :
2928 522 3055 590 quid
3113 523 3259 576 enim
3302 527 3481 592 majus

1889 625 2052 680 quam
2100 609 2153 662 iu
2184 609 2457 663 iusauiam
2487 611 2721 680 prdpria:
2755 611 3053 682 voluptatis
3107 613 3351 668 divinum
3381 633 3482 668 nu-

1890 717 2015 756 men
2044 701 2357 772 negligere?
2393 703 2672 758 I‘muitens
2694 704 2772 758 sis
2801 714 2853 757 et
2871 719 2966 773 per
2990 703 3082 758 Dei
3116 706 3477 760 reverentiam

1889 793 2160 850 sinceram
2195 804 2250 849 et
2295 795 2638 864 prudentiam
2666 796 2812 864 quod
2837 798 3146 865 neglectum
3179 808 3266 853 est
3297 801 3478 866 expia,

1891 890 2235 957 temetipsum
2260 889 2506 944 excitans
2530 903 2558 942 a
2589 904 2744 944 casu.
2786 887 2900 944 Hoc
2922 905 3072 952 vero,
3101 909 3119 942 ι
3147 891 3213 945 Ει
3245 899 3300 946 ιιι
3333 893 3480 947 illius

1890 980 2316 1045 dominaberis,»
2365 981 2520 1050 juxta
2585 981 2745 1035 aliam
2795 983 3014 1052 quidem
3069 985 3476 1054 acceptionem,

1895 1087 2004 1126 non
2038 1080 2218 1137 tuum,
2273 1073 2385 1135 ait,
2442 1088 2552 1126 non
2618 1087 2898 1142 acceptum
2946 1085 3157 1130 tantum
3210 1077 3262 1130 in
3308 1078 3476 1133 alium

1891 1163 2306 1226 transmittitur,
2339 1179 2439 1218 nec
2470 1164 2688 1233 aliquod
2738 1165 2833 1219 tibi
2883 1166 3142 1221 damnum
3173 1167 3478 1239 iuacccptiu

1891 1256 2070 1320 affert,
2113 1257 2207 1312 sed
2249 1257 2315 1310 ad
2341 1257 2602 1310 teitrrum
2627 1259 2943 1313 revertitur.
2975 1259 3039 1312 Et
3063 1267 3118 1312 tu
3154 1268 3475 1327 potestatem

1889 1353 2009 1422 ejus
2041 1361 2096 1406 et
2131 1352 2561 1407 dominationem
2596 1362 2652 1404 ιιι
2681 1360 2736 1405 et
2770 1352 2923 1420 prius
2967 1351 3235 1417 habebis;
3267 1354 3476 1409 nullum

1889 1461 1955 1499 ex
1985 1445 2276 1514 oblatione
2326 1445 2430 1499 nisi
2491 1458 2834 1512 quaecunque
2888 1452 3168 1511 peccatum
3201 1446 3476 1510 vastavit,

1890 1537 2151 1592 damnum
2178 1536 2455 1590 sustinens
2485 1552 2500 1600 ;
2529 1535 2622 1587 sed
2654 1534 2699 1586 si
2728 1533 2946 1602 quidem
2978 1533 3045 1588 de
3071 1534 3274 1597 oblato,
3303 1555 3321 1586 ι
3342 1547 3394 1590 et
3421 1549 3475 1590 ιιι

1894 1627 2040 1682 illius
2090 1625 2482 1686 dominaberis.
2513 1645 2530 1677 ι
2567 1625 2758 1680 audire
2796 1626 2925 1694 quid
2994 1626 3273 1696 eloquium
3325 1630 3476 1690 velit.

1823 1699 2052 1773 l3talem
2090 1718 2384 1787 quamdam
2445 1716 2864 1784 explicationem
2921 1717 3180 1772 inveniet.
3239 1719 3294 1773 Si
3348 1736 3477 1774 vero

1884 1809 2037 1879 juxta
2067 1810 2292 1863 alteram
2335 1809 2667 1877 additiouem
2699 1815 2754 1860 et
2787 1807 2853 1862 de
2877 1807 3046 1863 Abele
3106 1809 3199 1879 qui
3249 1819 3396 1866 recte
3424 1823 3478 1868 ιιι

1887 1899 2074 1953 divisit
2106 1910 2152 1954 et
2184 1899 2390 1952 donum
2423 1897 2624 1951 obtulit
2647 1906 2792 1952 recte
2843 1905 2898 1950 et
2921 1897 3155 1968 desuper
3181 1901 3344 1956 traxit
3378 1918 3473 1958 ac-

1889 1990 2274 2058 ceptationem,
2295 1989 2374 2043 sic
2396 1987 2786 2058 contemplatio
2816 1990 3161 2058 processerit.
3180 1991 3347 2056 Niltil,
3374 1995 3470 2057 ait,

1890 2099 1954 2138 ex
2015 2083 2328 2153 priejuditio
2393 2082 2578 2138 fratris
2638 2081 2874 2138 victimae
2924 2083 3102 2152 quoad
3175 2086 3475 2141 nativitatis

1888 2175 2160 2246 primitias
2213 2175 2515 2230 minoratus
2548 2191 2643 2241 es;
2678 2191 2781 2231 nec
2847 2192 2954 2248 qua
3013 2176 3330 2246 supervenit
3376 2177 3472 2232 tibi

1887 2265 2285 2320 condemnatio
2353 2265 2478 2321 vilis
2516 2265 2807 2322 divisionis
2863 2265 3102 2336 priorem
3175 2268 3474 2322 secundum

1887 2359 2054 2413 vitam
2087 2359 2311 2428 gloriam
2355 2357 2612 2412 deorsum
2647 2360 2892 2414 trahens.
2933 2356 3050 2411 Non
3084 2357 3230 2411 enim
3287 2367 3477 2428 proto-

1887 2461 2172 2520 parentutu
2203 2467 2302 2520 pro
2343 2452 2500 2521 culpa
2532 2450 2736 2506 inﬂicta
2768 2460 2851 2507 est
2883 2451 3108 2516 ablatio,
3166 2467 3344 2518 neque
3373 2452 3476 2505 sub

1887 2560 2051 2599 manu
2077 2543 2446 2598 consummari
2472 2543 2763 2600 damnatus
2780 2559 2838 2599 es
2893 2543 3098 2609 fratris,
3130 2541 3222 2598 sed
3255 2553 3477 2598 manent

1887 2636 1983 2691 tibi
2025 2651 2054 2690 a
2085 2635 2444 2706 generatione
2493 2634 2643 2705 jttsta
2678 2645 2732 2691 et
2768 2643 3216 2705 protoparentum
3250 2635 3476 2691 honoris

1887 2723 2142 2799 dignitas.
2177 2728 2242 2782 Et
2290 2729 2355 2782 ad
2393 2737 2443 2782 te
2469 2728 2758 2784 conversio
2785 2727 2971 2782 fratris
3001 2726 3078 2781 tui
3125 2728 3233 2781 erit
3266 2743 3280 2792 ;
3309 2727 3362 2781 id
3391 2736 3478 2783 est

1887 2828 1939 2873 te
1969 2817 2238 2887 refugium
2263 2828 2318 2873 et
2346 2818 2723 2873 auxiliatorem
2772 2819 2956 2873 damni
2997 2818 3099 2888 ipsi
3169 2818 3476 2874 accedentis

1887 2911 2106 2966 aliunde
2127 2920 2331 2967 statuet
2365 2929 2380 2980 ;
2403 2921 2457 2966 et
2485 2920 2539 2965 tu
2563 2911 2682 2980 ejus
2715 2911 3105 2981 principatum,
3133 2921 3339 2981 quanta
3366 2909 3474 2965 sal-

1887 3012 1993 3058 tem
2052 3005 2219 3059 donat
2289 3004 2498 3073 primus
2535 3019 2757 3074 parens.
2822 3003 3346 3069 babebis;tautum
3408 3002 3478 3058 de

198 3094 436 3164 λαχόθεν
469 3095 836 3165 προστήσεται
860 3110 876 3128 ο
919 3095 1018 3149 καὶ
1048 3095 1114 3149 σὺ
1172 3095 1336 3150 αὑτοῦ
1364 3095 1464 3166 τὴν
1492 3097 1787 3168 ἡγεμονίαν

1894 3097 2155 3168 neglectis
2212 3096 2312 3152 sile
2339 3113 2353 3161 ;
2383 3112 2558 3164 neque
2583 3095 2904 3166 tragmdiam
2942 3094 3154 3164 primus
3205 3092 3475 3149 incontin-

198 3188 306 3242 ὅσα
335 3205 400 3254 γε
433 3187 716 3257 χαρίζεται
780 3188 810 3240 ό
859 3188 1222 3257 πρωτότοκος,
1272 3187 1448 3254 ἕξεις·
1491 3189 1651 3260 μόνον
1681 3191 1787 3253 τοῖς

1894 3200 2030 3244 natae
2059 3189 2231 3260 culpa:
2269 3187 2585 3242 introduces
2612 3185 2668 3240 in
2723 3185 2928 3250 vitam;
2986 3199 3169 3254 neque
3203 3183 3476 3254 primoge-

199 3275 677 3348 πλημμεληθεῖσιν
714 3277 1091 3348 ὲφησύχασονο
1125 3279 1260 3348 μηδὲ
1302 3278 1610 3350 τραγῳδίαν
1636 3279 1787 3351 πρῶ-

1894 3282 2126 3336 nituram
2170 3280 2474 3337 nativitatis
2525 3277 3010 3349 printogeuituram
3056 3275 3264 3331 ambias
3298 3274 3478 3330 facere

196 3385 294 3431 τος
328 3365 714 3436 ἀσυγγνώστου
735 3368 842 3438 πλη
852 3368 1209 3440 μμελήματος
1254 3369 1492 3435 είσάξεις
1533 3370 1614 3442 τῷ
1643 3370 1745 3442 βίῳ
1771 3385 1785 3401 ο

1894 3374 2136 3428 maximae
2163 3383 2216 3428 et
2270 3371 2746 3441 perniciosissimae
2773 3369 2966 3440 culpae,
3004 3377 3064 3424 ut
3099 3383 3170 3423 ne
3202 3376 3254 3422 te
3296 3367 3473 3438 ipsum

203 3459 346 3528 μηδὲ
391 3459 461 3512 τὰ
517 3459 864 3530 πρωτοτόκια
934 3458 1038 3528 τῆς
1097 3459 1370 3527 γενέσεως
1439 3460 1787 3530 πρωτοτόκια

1894 3464 2141 3518 omnibus
2155 3463 2446 3526 destituas,
2477 3475 2599 3531 quae
2633 3469 2688 3515 et
2714 3470 2908 3514 natura
2944 3457 3279 3528 benignitate
3308 3457 3478 3512 Crea-

200 3550 592 3622 φι).ονοικήσῃς
647 3552 872 3621 ποιήσαι
924 3549 1182 3619 μεγίστου
1252 3549 1346 3602 καὶ
1390 3549 1784 3619 όλεθριωτάτου

1894 3556 2026 3610 toris
2059 3556 2300 3619 donavit,
2353 3563 2408 3609 et
2451 3553 2653 3624 quibus
2691 3551 2929 3607 debebas
2984 3550 3255 3621 paenitens
3315 3550 3477 3605 bonis

199 3643 782 3714 παραπτώματος-ἴνα
800 3643 875 3716 μὴ
907 3644 1103 3698 σαυτὸν
1132 3640 1785 3716 ἀπάντωνζστερήσῃς,ὦν

1894 3649 2167 3704 abundare
2196 3657 2250 3702 et
2277 3647 2628 3718 providentia:
2654 3661 2749 3715 per
2794 3645 2960 3700 vitam
2990 3641 3146 3698 multi
3192 3641 3475 3698 modorum

198 3738 324 3806 τεή
371 3736 531 3806 φύσις
585 3739 652 3807 τῇ
720 3735 1103 3808 φιλανθρωπίᾳ
1130 3735 1226 3790 τοῦ
1281 3737 1785 3808 δημιουργήσαντος

1894 3740 2281 3795 beneﬁciorum
2308 3740 2511 3794 habere
2540 3738 2877 3794 fruitionem.

199 3828 536 3900 ἐδωρήσατο,
573 3827 671 3881 καὶ
697 3821 780 3892 οἷς
809 3827 1035 3899 ἔμελλες
1067 3828 1344 3898 μετανοῶν
1378 3827 1605 3898 ἀγαθοῖς
1657 3830 2062 3902 ὲνευθηνείσθαι
2097 3834 2190 3886 καὶ
2245 3833 2345 3902 τῆς
2406 3826 2665 3903 προνοίας
2717 3829 2806 3884 διά
2853 3827 2970 3900 βίου
3008 3826 3118 3882 τῶν
3149 3823 3476 3898 πολυτρόπω

198 3921 538 3994 εὐεργεσιῶν
560 3920 708 3992 ἔχειν
739 3921 839 3992 τὴν
861 3921 1186 3974 ἀπόλαυσιν.

750 4033 1086 4089 ΕΡΩΤΗΣΙΣ
1121 4031 1243 4090 OB’.

200 4128 326 4184 Τοῦ
349 4127 681 4184 θεσπεσίου
714 4127 959 4181 Παύλου
1015 4126 1331 4195 λέγοντος-⁸
1369 4141 1389 4174 ι
1437 4123 1620 4193 Ἀδὰμ
1672 4125 1785 4195 οὐκ

267 4197 575 4266 ἠπατήθη,
610 4198 650 4265 ἡ
678 4197 746 4250 δὲ
771 4196 927 4266 γυνὴ
955 4194 1328 4266 ἀπατηθεῖσα
1359 4195 1433 4266 ἐκ
1451 4194 1785 4266 παραϐάσει

269 4264 978 4348 memoriaeam“;
1004 4265 1560 4348 ῖῆςτξκνργςονίαςμ
1585 4283 1639 4319 κ.
1659 4283 1708 4320 τ.
1729 4264 1782 4320 λ.

270 4333 401 4404 πῶς
416 4337 684 4393 δεῖν-θεῖν
703 4337 790 4402 τὸ,
811 4356 827 4386 ι
854 4335 1238 4404 Σωθήσεσθαι
1254 4335 1352 4389 διὰ
1375 4333 1486 4404 τῆς
1510 4351 1785 4406 τεκνογο-

268 4409 412 4476 νίας
437 4408 552 4476 τὴν
585 4407 861 4478 γυναῖκα.
892 4425 911 4458 ι

2224 4028 2554 4100 ΟυᾸιὸΉο
2578 4027 2764 4085 LXXII
2812 4026 2910 4100 [aL
2943 4022 3156 4095 LXXI].

1887 4125 2078 4180 Divina
2112 4123 2281 4177 Paulo
2343 4123 2544 4176 dicente
2597 4136 2618 4174 :
2662 4139 2682 4172 ι
2714 4119 2885 4172 Adam
2924 4132 3024 4170 non
3086 4113 3331 4169 seductus
3368 4121 3469 4176 est.

1959 4196 2294 4248 mulier-vero
2325 4197 2541 4247 seducta
2576 4193 2631 4245 in
2673 4189 3104 4250 nrtrvart'calione
3144 4185 3266 4253 fuit,
3297 4183 3471 4236 salva-

1959 4267 2100 4318 bitur
2148 4281 2240 4334 per
2260 4265 2491 4333 ﬁliorum
2514 4260 2919 4334 generationem.
2943 4277 2960 4307 ι
2992 4267 3048 4334 et
3065 4255 3302 4334 reliqua;
3335 4269 3468 4323 quo-

1961 4335 2116 4387 modo
2148 4325 2360 4397 oportet
2404 4325 2692 4401 intelligere
2727 4329 2861 4401 illud
2898 4345 2916 4381 :
2954 4345 2971 4377 ι
3012 4325 3336 4380 Salvattdam
3379 4338 3471 4393 per

1958 4406 2195 4473 ﬁliorum
2225 4399 2610 4471 generationem
2642 4399 2968 4454 mulierem.»

1156 4517 1300 4567 Edita
1321 4531 1346 4566 a
1379 4517 1524 4577 Maio,
1545 4517 1584 4566 I.
1610 4530 1678 4579 0.,
1710 4529 1760 4580 p.
1785 4517 1948 4566 89-95.
1982 4519 2030 4566 In
2058 4516 2226 4567 I'l'im.
2253 4531 2304 4576 tt,
2332 4516 2409 4573 14,
2436 4515 2511 4563 15.

269 4631 565 4702 Παραινῶν
612 4630 641 4684 ό
685 4631 803 4694 τοῖς
845 4629 979 4683 πᾶσι
1029 4627 1206 4681 πάντα
1249 4628 1536 4698 γινόμενος
1573 4627 1862 4690 Παῦλος-Ι)

196 4726 261 4780 τὸ
289 4727 405 4780 δεῖν
427 4722 792 4794 ὑποτετάχθαι
821 4722 921 4792 τὴν
941 4723 1176 4789 γυναῖκα
1198 4720 1275 4790 τῷ
1303 4720 1481 4790 ἀνδρὶ,
1515 4719 1614 4772 καὶ
1646 4736 1782 4790 μαν-

199 4821 385 4875 ιάνειν
409 4817 610 4889 μᾶλλον
664 4816 704 4888 ἢ
743 4815 1016 4870 διδάσκειν
1057 4815 1374 4884 ἐπιχειρεῖν,
1415 4812 1472 4878 ἐξ
1506 4811 1683 4865 ἄλλων
1723 4828 1783 4864 τε

200 4909 415 4965 πολλῶν
466 4909 566 4977 τήν
622 4904 946 4976 παραίνεσιν
989 4904 1070 4956 ὅτι
1112 4903 1209 4956 καὶ
1246 4900 1430 4955 δικαία
1470 4901 1784 4971 παρέστησε

199 5003 299 5057 καὶ
330 5000 724 5072 συμφέρουσα·
751 4999 846 5052 καὶ
893 4997 988 5050 νῦν
1019 4996 1095 5059 δὲ,
1128 5015 1145 5048 ι
1183 4995 1337 5059 διότι,
1378 4993 1532 5063 φησὶ,
1570 4992 1785 5063 πρῶτος

201 5094 449 5164 ἐπλάσθη
471 5097 569 5164 τῆς
599 5091 854 5162 γυναικὸς
900 5092 927 5143 ό
954 5091 1112 5159 ἀνήρ.
1142 5109 1159 5140 ι
1211 5084 1346 5141 Εἶτα
1376 5087 1469 5140 καὶ
1505 5089 1536 5156 ή
1583 5083 1786 5155 μείζων

202 5188 389 5243 αἰτία·
427 5206 448 5238 ι
486 5186 597 5240 Καὶ
645 5183 819 5254 Ἀδάμ
864 5183 966 5236 οὐκ
1020 5179 1299 5251 ἠπατήθη,
1339 5177 1454 5232 ἀλλ’
1493 5179 1528 5249 ή
1561 5176 1720 5246 γυνὴ,
1760 5193 1778 5226 ι

204 5279 282 5352 θῷ
300 5277 512 5332 δελέατι
573 5275 943 5347 περιχανοῦσα
983 5274 1077 5326 καὶ
1125 5272 1202 5342 τῷ
1244 5271 1343 5340 τῆς
1375 5269 1591 5338 ἀπάτης
1625 5266 1788 5334 ἀγκί-

206 5385 354 5442 στρῳ
384 5369 752 5439 περιπαρεῖσα
776 5364 874 5434 τὴν
895 5364 989 5418 ἀπ’
1022 5361 1188 5417 αὑτοῦ
1214 5360 1427 5432 πληγὴν
1455 5359 1551 5412 καὶ
1579 5357 1785 5428 βλάϐην

209 5464 288 5527 εἰς
349 5463 444 5517 τὸν
496 5463 669 5534 ἄνδρα
735 5459 1047 5516 διεϐίϐασε·
1081 5458 1269 5529 διόπερ
1317 5455 1694 5526 ἀνεπιτήδειον
1717 5455 1784 5526 τῇ

205 5557 426 5626 γυναικὶ
464 5556 524 5610 τὸ
562 5554 868 5608 διδάσκειν·
896 5549 1118 5622 καὶγὰρ
1144 5549 1416 5604 διδάσκειν
1449 5546 1785 5618 προαχθεῖσα

205 5652 298 5703 τὸν
328 5647 574 5720 ἀρχηγὸν
610 5646 768 5718 ήμῶν
815 5644 911 5700 τοῦ
953 5645 1143 5714 γένους
1176 5642 1270 5696 τοῦ
1317 5639 1651 5711 παραδείσου
1693 5636 1782 5703 ἐξ·

207 5740 388 5798 έϐαλε.
414 5743 514 5795 Διά
542 5739 700 5795 τοῦτο
738 5739 837 5811 μὲν
868 5738 1082 5809 εἴρηται
1114 5735 1204 5790 τὸν
1244 5732 1414 5804 ’Λδὰμ
1460 5731 1534 5804 μὴ
1564 5731 1778 5799 ἀπατη-

1957 4628 2182 4683 Moriens
2224 4625 2482 4680 omnibus
2537 4619 2720 4674 omnia
2764 4617 2938 4671 factus
2975 4612 3177 4667 Paulus
3212 4619 3468 4681 oportere

1890 4720 2190 4790 subjectam
2241 4733 2363 4773 esse
2409 4716 2688 4768 mulierem
2747 4710 2888 4770 viro,
2941 4715 2996 4761 et
3029 4704 3240 4760 discere
3294 4702 3468 4770 magis

1889 4828 2052 4882 quant
2089 4813 2283 4866 docere
2308 4817 2539 4869 tentare,
2569 4821 2633 4859 ex
2666 4803 2789 4858 aliis
2810 4798 3468 4882 tnultisltortatlunemet

1885 4881 2089 4975 justam
2133 4917 2254 4956 esse
2280 4898 2516 4954 ostendit
2553 4905 2607 4952 et
2633 4893 2818 4947 utilem
2843 4907 2858 4955 ;
2882 4899 2936 4944 et
2973 4902 3121 4942 nunc
3155 4884 3332 4955 «quia,
3365 4881 3462 4975 ait,

1890 4973 2039 5065 prior
2089 4991 2356 5046 formatus
2414 4997 2499 5042 est
2535 4984 2763 5039 muliere
2793 4981 2894 5036 vir.
2927 4998 2944 5031 ι
2979 4977 3177 5032 Deinde
3193 4984 3248 5030 et
3290 4973 3468 5044 major

1890 5088 2031 5144 ratio
2062 5105 2120 5142 ει
2145 5084 2208 5138 Ει
2240 5083 2411 5137 Adam
2443 5094 2548 5132 uon
2574 5071 3064 5146 deceptusest,sed
3099 5068 3345 5130 mulier,»
3367 5066 3465 5120 ha-

1890 5195 1979 5232 nto
2003 5178 2220 5231 hiscens
2245 5183 2298 5228 et
2335 5167 2668 5239 deceptionis
2700 5167 2894 5235 laqueo
2913 5171 3070 5232 capta
3112 5159 3180 5214 ab
3209 5157 3328 5227 ipso
3349 5156 3466 5227 pla-

1888 5284 2011 5340 gam
2047 5276 2101 5322 et
2126 5264 2386 5318 damnum
2426 5259 2480 5312 in
2541 5258 2719 5311 virum
2786 5251 3112 5308 transmisit.
3176 5245 3304 5340 Ideo
3353 5259 3462 5340 non

1889 5336 2046 5410 decet
2073 5352 2288 5408 mulieri
2311 5350 2505 5404 docere
2533 5364 2548 5414 ;
2573 5346 2775 5401 etenim
2836 5344 3035 5397 docere
3069 5337 3325 5410 propulsa
3349 5336 3461 5405 pri-

1888 5459 2039 5498 mum
2085 5441 2278 5496 ducent
2322 5436 2490 5492 nostri
2545 5432 2760 5504 generis
2803 5427 3059 5500 paradiso
3113 5423 3292 5495 eiecit.
3336 5421 3462 5475 Ideo

1886 5535 2107 5608 quidem
2143 5533 2347 5588 dictum
2368 5539 2453 5586 est
2501 5527 2768 5582 Adatnum
2837 5536 2946 5576 non
2993 5519 3276 5586 deceptum
3317 5524 3458 5572 esse,

1884 5631 2014 5704 quia
2054 5645 2164 5685 non
2204 5627 2319 5698 ipse
2348 5624 2440 5682 sed
2473 5622 2582 5677 Eva
2619 5621 2855 5692 primum
2885 5616 3310 5704 instrumentum
3338 5613 3462 5704 post

1885 5697 2194 5795 serpentem
2216 5697 2421 5778 inimici
2438 5710 2808 5788 negotiatione
2827 5706 3212 5779 dcceptionem
3233 5697 3459 5755 invexit.
