3792 6308
447 237 554 303 447

1605 235 1872 299 PHOT‘II
1923 237 2429 303 PATRIARCIIIE
2467 240 2576 302 CP.
3067 233 3077 245 ’

2271 240 2429 303 CIIIE
2467 240 2576 302 (ΣΡ.
3067 233 3077 245 ’
3610 240 3694 302 448

449 350 707 408 Secundo
743 363 878 406 vero
897 350 1024 421 quia
1071 364 1179 404 non
1210 349 1326 420 ipse
1368 348 1679 420 deccptoria
1709 358 1762 404 et
1791 349 1946 405 adula

2197 353 2329 424 ᾖναι,
2369 351 2507 406 διότι
2542 349 2620 422 μὴ
2677 346 2841 412 αὐτὸς
2893 345 3011 401 ἀλλ’
3046 345 3080 417 ἡ
3110 345 3224 401 Εὔα
3250 344 3466 418 πρῶτον
3495 345 3694 417 δργανον

449 442 534 496 ria
569 441 734 496 verba
762 441 1039 510 serpentis
1079 440 1293 510 excepit
1321 457 1336 507 ;
1365 455 1544 510 neque
1607 438 1853 495 invidere
1904 439 2040 509 ipsis

451 535 714 603 reliquam
757 531 1070 588 felicitatem
1101 541 1154 586 et
1181 532 1586 587 deificationem
1631 528 2044 585 misericordem

451 628 744 682 Dominum
804 635 857 679 et
893 626 1232 695 provisorem
1290 640 1592 695 persuasus
1625 633 1744 691 est;
1787 623 1883 678 sed
1941 622 2046 678 hac

452 719 735 791 illegitima
774 727 968 773 contra
1020 718 1338 773 Creatorem
1374 717 1803 781 machinatione,
1846 724 1901 772 et
1939 730 2043 770 au-

449 813 567 869 ditu
610 820 666 866 et
691 827 858 866 sensu
912 811 1131 880 abrepta
1181 810 1292 864 Eva
1322 819 1378 864 et
1426 811 1494 866 de
1529 810 1697 865 vetito
1745 809 1896 880 ligno
1915 823 2041 864 cum

450 905 800 966 comedisset,
828 903 895 957 ad
931 905 1174 957 eanulem
1221 903 1451 958 vocabat
1507 918 1752 958 mensam
1811 903 1990 958 virum
2023 918 2039 966 ;

453 995 542 1049 hic
582 1009 713 1048 vero
746 993 1092 1047 testificatum
1127 1001 1182 1046 ut
1237 993 1536 1048 verisimile
1559 1009 1587 1046 a
1645 994 1876 1048 muliere
1909 1006 2042 1048 sua-

451 1089 620 1141 vitate
647 1095 702 1140 et
734 1086 1010 1151 voluptate
1064 1085 1333 1139 excellere
1363 1085 1572 1150 cibum,
1623 1095 1678 1141 et
1693 1086 1759 1141 ad
1794 1098 2045 1141 commo-

449 1179 578 1232 dum
605 1186 660 1232 et
689 1178 819 1231 utile
865 1177 1070 1230 hortari
1106 1191 1167 1231 se
1195 1187 1394 1246 putans
1448 1177 1678 1239 sociam,
1730 1185 1787 1230 et
1843 1176 2044 1245 planta:

453 1275 731 1342 particeps
784 1269 886 1323 fuit
925 1271 1066 1324 etin
1125 1269 1622 1340 transgressionem
1672 1269 1898 1335 incidit;
1932 1283 2042 1323 non

453 1366 740 1432 dereptum
770 1377 896 1417 esse
946 1361 1114 1432 igitur
1156 1361 1427 1415 Adamum
1477 1371 1532 1415 et
1563 1370 1784 1432 propter
1818 1363 1921 1417 hoc
1953 1361 2042 1414 di~

450 1466 666 1511 cervtur
694 1470 801 1508 non
820 1462 970 1507 extra
995 1453 1310 1508 verisimile.
1328 1451 1541 1508 Etenim
1574 1455 1729 1508 multi
1759 1454 2040 1522 diversum

451 1548 656 1603 habent
701 1547 794 1617 qui
823 1547 1068 1600 eamdem
1113 1547 1333 1616 quidem
1365 1555 1703 1601 avertentem
1736 1547 2040 1615 actionem,

451 1654 559 1693 non
603 1641 792 1693 eodem
827 1647 879 1691 ct
911 1636 1076 1691 simili
1118 1652 1284 1692 sensu
1320 1645 1626 1691 sectantur.
1682 1638 1840 1692 Alius
1887 1638 2034 1694 enim

451 1731 800 1785 meditatione
820 1739 871 1782 et
901 1728 1232 1783 discretione
1249 1739 1302 1782 et
1322 1728 1563 1784 melioris
1579 1729 2038 1786 condemnatione

450 1822 517 1878 ad
549 1823 704 1893 pejus
751 1822 1022 1876 inclinans
1052 1831 1103 1876 et
1144 1821 1305 1875 vilem
1335 1830 1544 1890 partem
1570 1824 2039 1892 anteponens,in-

447 1915 866 1971 condonabilem
928 1913 1058 1967 facit
1137 1913 1395 1982 culpam;
1457 1912 1597 1967 alius
1662 1929 1793 1969 vero
1832 1915 2038 1972 nullius

451 2008 646 2063 horum
673 2017 886 2078 potens,
918 2007 984 2060 ad
1009 2006 1326 2062 societatem
1349 2022 1475 2063 vero
1505 2008 1742 2076 gliscens
1764 2009 2000 2064 actionis
2019 2047 2036 2072 ,

448 2117 515 2156 ex
546 2103 734 2156 multis
783 2101 1030 2170 partibus
1069 2099 1285 2154 trahere
1311 2099 1748 2155 misericordiam
1771 2107 1952 2170 potest
1981 2110 2036 2156 et

448 2193 607 2249 venia
640 2209 746 2248 non
775 2191 935 2262 dejici
962 2207 977 2258 ;
1013 2194 1087 2246 ita
1127 2191 1292 2262 igitur
1321 2199 1376 2245 et
1407 2191 1493 2246 hic
1520 2208 1534 2256 ;
1570 2190 1680 2245 Eva
1710 2191 1931 2262 quidem
1981 2200 2036 2247 ct

453 2286 814 2342 meditatione
846 2293 902 2338 et
927 2294 1120 2338 contra
1161 2293 1491 2354 praeceptum
1547 2284 1822 2339 calumnia
1868 2287 2037 2342 ratio-

449 2392 545 2433 nes
565 2392 689 2432 cum
721 2376 980 2439 acuisset,
1007 2375 1153 2429 nudo
1179 2378 1356 2445 capite
1379 2375 1583 2430 dictum
1615 2376 1669 2429 in
1694 2378 2034 2433 contrarium

448 2473 636 2529 cessit.
671 2473 844 2526 Adam
875 2487 1006 2526 vero
1046 2473 1240 2526 horum
1271 2472 1422 2527 nullo
1452 2472 1633 2526 datam
1686 2473 1860 2544 legem
1881 2474 2035 2544 prius

449 2565 650 2636 injuria
681 2565 885 2630 affecit,
942 2563 1008 2618 ad
1060 2565 1232 2620 solam
1279 2579 1408 2620 vero
1462 2573 1728 2621 attractus
1779 2577 1862 2621 est
1916 2567 2037 2636 ejus

447 2657 976 2725 transgressionem;
1013 2654 1108 2710 sed
1126 2667 1347 2724 propter
1372 2654 1485 2710 hare
1505 2655 1727 2726 quidem
1760 2655 2039 2710 diceretur

447 2767 554 2806 non
581 2752 866 2820 deceptum
905 2747 1074 2803 fuisse
1111 2748 1405 2803 Adamum.

2149 445 2288 515 μετὰ
2325 444 2416 498 τὸν
2446 444 2572 512 ὅφιν
2591 441 2687 496 τοῦ
2717 439 2914 512 ἐχθροῦ
2951 439 3336 511 χρηματίσασα
3363 441 3468 508 τῆς
3512 439 3694 510 ἀπάτης

2145 536 2528 606 καθηγήσλτοο
2562 533 2820 604 δεύτερον
2841 532 2898 585 δὲ
2911 531 3044 584 διότι
3071 531 3147 600 μὴ
3167 529 3329 593 αὐτὸς
3355 531 3484 594 τοὺς
3517 532 3697 604 ἀπατη-

2145 631 2274 696 λοὺς
2301 633 2398 687 καὶ
2419 632 2608 695 θὼπας
2638 629 2833 698 λόγους
2865 626 2960 682 τοῦ
2981 627 3157 695 ὄφεως
3194 623 3529 696 παρεδέξατο
3549 639 3562 652 ⁸
3587 625 3696 692 μηδὲ

2145 721 2363 790 φθονεῖν
2417 720 2617 784 αὐτοὺς
2664 721 2764 789 τῆς
2818 735 2878 772 τε
2915 717 3082 786 ἄλλης
3121 717 3474 786 εὐδαιμονίας
3503 715 3592 766 καὶ
3617 713 3697 781 τῆς

2146 812 2397 876 θεώσεως
2430 814 2522 866 τὸν
2576 811 2900 882 οἰκτίρμονα
2948 810 3226 876 Δεσπότην
3281 807 3374 861 καὶ
3423 806 3697 875 προνοητὴν

2143 904 2477 974 ἀνεπείσθη·
2529 903 2671 957 ἀλλὰ
2725 904 2931 972 ταύτην
2979 899 3077 971 τὴν
3131 898 3401 964 ἔκθεσμον
3459 895 3596 948 κατά
3620 894 3697 947 τοῦ

2145 995 2465 1057 Πλάσαντος
2520 991 2852 1064 συμϐουλὴν,
2889 990 2982 1044 καλ⁸
3011 992 3148 1061 ἀκοῇ
3173 989 3268 1042 καὶ
3308 985 3505 1058 γνώμῃ
3545 987 3698 1054 ἀρπά-

2145 1105 2288 1144 σασα
2310 1090 2344 1158 ἡ
2371 1086 2506 1147 Εῦα,
2539 1089 2632 1140 καὶ⁸
2658 1085 2754 1139 τοῦ
2777 1083 3234 1155 ἀπηγορευμένον
3263 1080 3426 1146 ξύλου
3454 1077 3696 1148 φαγοῦσα,

2141 1177 2234 1230 ἐπὶ
2263 1176 2360 1246 τὴν
2383 1175 2554 1245 αὐτὴν
2577 1175 2762 1227 ἐκάλει
2791 1175 3072 1247 τράπεζαν
3101 1172 3192 1227 τὸν
3211 1171 3401 1242 ἄνδρα.
3431 1169 3490 1223 '0
3513 1169 3566 1222 δὲ
3585 1187 3699 1240 μορε

2140 1268 2485 1340 τυρουμένην
2519 1269 2593 1332 ὼς
2644 1268 2793 1330 εἰκὸς
2843 1266 2947 1319 ὑπὸ
2998 1264 3260 1334 γυναικὸς
3293 1263 3389 1316 ἐπὶ
3429 1260 3699 1329 γλυκύτητι

2141 1362 2237 1417 καὶ
2274 1362 2436 1432 ἡδονῇ
2477 1361 2756 1431 διαφέρειν
2781 1359 3006 1430 βρῶσιν,
3059 1359 3155 1411 καὶ
3187 1356 3326 1428 πρὸς
3361 1355 3426 1408 τὸ
3453 1353 3700 1424 σύμφορον

2140 1456 2238 1508 καὶ
2293 1453 2571 1523 ὠφέλιμον
2623 1451 2963 1524 παρακαλεῖν
3006 1448 3239 1520 νομίσας
3261 1447 3361 1519 τὴν
3387 1445 3597 1518 βοηθὸν,
3626 1446 3702 1496 καὶ

2139 1547 2238 1602 τοῦ
2276 1547 2446 1618 φυτοῦ
2483 1546 2715 1618 μετέσχε
2771 1547 2867 1598 καὶ
2905 1548 2970 1616 τῇ
3022 1543 3340 1614 παραϐάσει
3386 1540 3698 1613 περιέπεσε’

2145 1640 2220 1710 μὴ
2251 1639 2572 1710 ὴπατῆσθαι
2596 1639 2775 1691 τοίνυν
2805 1639 2897 1690 τίιν
2933 1637 3103 1706 Ἀδὰμ
3125 1638 3216 1690 καὶ
3241 1636 3329 1689 διὰ
3351 1634 3514 1688 τοῦτο
3537 1633 3700 1704 ῥηθείη

2073 1711 2113 1766 Β
2143 1731 2210 1785 ἂν
2239 1732 2341 1784 οὐκ
2379 1730 2485 1796 ἔξω
2515 1730 2611 1783 τοῦ
2641 1731 2871 1792 εἰκότος.
2909 1730 3016 1782 Καὶ
3037 1729 3146 1801 γὰρ
3176 1727 3364 1782 πολλοὶ
3391 1728 3453 1780 τὸ
3474 1727 3702 1796 διάφορον

2144 1824 2359 1894 ἔχουσιν
2407 1823 2457 1874 οί
2518 1821 2618 1892 τὴν
2649 1821 2821 1892 αὐτὴν
2867 1821 2964 1890 μὲν
2994 1821 3368 1890 ἀποτρόπαιον
3411 1816 3620 1889 πρᾶξιν.
3652 1815 3701 1868 οὗ

2142 1918 2208 1987 τῇ
2247 1917 2383 1986 αὑτῇ
2412 1915 2467 1967 δὲ
2497 1915 2591 1967 καὶ
2645 1914 2810 1984 ὁμοίᾳ
2839 1913 3049 1985 διανοίᾳ
3102 1910 3518 1983 μετερχόμενοι.
3551 1910 3603 1962 Ὀ
3625 1909 3704 1977 μὲν

2143 2009 2254 2078 γὰρ
2328 2008 2528 2081 μελέτῃ
2563 2007 2657 2060 καὶ
2701 2005 2970 2076 διακρίσει
3031 2008 3126 2058 καὶ
3167 2006 3232 2076 τῇ
3285 2003 3383 2057 τοῦ
3427 2002 3704 2074 κρείττονος

2142 2101 2486 2168 καταγνώσει
2520 2100 2658 2172 πρὸς
2691 2099 2751 2152 τὸ
2773 2101 2954 2172 χεῖρον
2988 2098 3298 2160 ἀπονεύσας
3333 2095 3433 2150 καὶ
3463 2096 3558 2166 τὴν
3590 2092 3704 2164 φαύ-

2139 2192 2240 2262 λην
2274 2194 2470 2264 μοῖραν
2496 2191 2881 2260 προελόμενος,
2929 2189 3320 2258 ἀσύγγνωστον
3372 2187 3622 2241 ἀποτελεῖ
3657 2185 3704 2236 τὸ

2143 2283 2524 2354 πλημμέλημα
2547 2299 2559 2313 ·
2597 2286 2625 2336 ὁ
2653 2284 2709 2336 δὲ
2739 2281 2967 2353 μηδενὸς
3003 2281 3208 2334 τούτων
3229 2281 3439 2352 ἔνοχος,
3474 2281 3603 2348 πρὸς
3623 2279 3705 2347 τὴν

2142 2376 2429 2430 κοινωνίαν
2454 2376 2510 2429 δὲ
2540 2376 2950 2446 παρολισθήσας
2980 2378 3080 2445 τῆς
3106 2372 3382 2446 πράξεως,
3403 2371 3705 2440 πολλαχόθεν

2141 2466 2322 2520 ἕλκειν
2375 2465 2467 2518 τὸν
2517 2465 2666 2518 ἔλεον
2736 2465 2962 2518 δύναται
3005 2465 3100 2518 καὶ
3140 2465 3238 2533 τῆς
3277 2461 3606 2532 συγγνώμης
3645 2458 3704 2528 μὴ

2141 2557 2579 2612 ἀπελαύνεσθαιο
2613 2556 2756 2610 οὕτω
2779 2556 2909 2625 γοῦν
2931 2557 3228 2610 κάνταῦθα.
3281 2555 3344 2608 Ἡ
3372 2555 3475 2624 μὲν
3511 2553 3614 2607 Εὔα
3631 2553 3706 2604 καὶ

2147 2650 2348 2723 μελέτῃ
2378 2649 2473 2703 καὶ
2497 2653 2562 2720 τῇ
2621 2650 2763 2703 κατά
2786 2650 2883 2721 τῆς
2932 2649 3154 2720 ἐντολῆς
3182 2647 3407 2719 διαϐολῇ
3438 2648 3562 2709 τοὺς
3587 2645 3708 2712 λογι-

2147 2747 2321 2814 σμοὺς
2379 2745 2766 2818 παραθήξασα,
2796 2751 2979 2821 γυμνῇ
3001 2752 3068 2820 τῇ
3097 2749 3310 2819 κεφαλῇ
3346 2749 3412 2802 τὸ
3443 2747 3706 2816 λεγόμενον

450 2843 586 2915 πρὸς
634 2841 948 2896 τούναντίον
977 2838 1257 2912 ἐχώρησεν
1280 2857 1296 2872 ο
1329 2842 1357 2893 ὁ
1397 2839 1454 2893 δὲ
1493 2840 1668 2911 Ἀδὰμ
1701 2839 1908 2894 τούτων
1941 2839 2040 2910 μὲν
2114 2838 2292 2892 οὐδενὶ
2351 2839 2443 2892 τὸν
2487 2839 2711 2894 δοθέντα
2757 2842 2920 2911 νόμον
2961 2841 3348 2912 προεξύϐρισε,
3390 2839 3530 2911 πρὸς
3565 2835 3707 2908 μόνην

443 2935 490 2990 δ’
527 2933 779 3003 ῦπεσύρη
806 2931 904 3002 τὴν
941 2931 1134 2984 τούτου
1187 2931 1534 3002 παράϐασινο
1571 2933 1708 2986 ἀλλά
1738 2933 1828 2986 διὰ
1857 2931 2031 2986 ταῦτα
2072 2932 2172 3001 μὲν
2201 2932 2401 3002 λέγοιτ’
2426 2932 2493 2987 ἂν
2523 2931 2599 3004 μὴ
2638 2933 2954 3003 ἡπατῆσθαι
2989 2933 3081 2987 τὸν
3123 2934 3313 3004 Ἀδάμ.

521 3029 802 3084 Diceretur
837 3036 1016 3082 autem
1047 3026 1406 3080 nihilominus
1427 3035 1482 3081 et
1519 3026 1645 3096 quia
1702 3025 1790 3079 hic
1820 3025 2018 3093 quiden

2215 3026 2447 3094 Λέγοιτο
2469 3027 2513 3079 δ’
2537 3025 2604 3082 ἂν
2619 3026 2772 3080 οὐδὲν
2797 3025 3019 3080 ἔλαττον
3042 3027 3132 3081 καὶ
3159 3027 3293 3080 διότι
3321 3029 3350 3080 ό
3368 3027 3472 3098 μὲν
3485 3027 3705 3099 γλώσσης

447 3123 646 3192 linguae
701 3119 1026 3174 contribulis
1059 3127 1114 3172 et
1144 3125 1424 3173 consueta:
1476 3125 1532 3172 et
1579 3117 1632 3171 in
1690 3117 1878 3172 multis
1931 3132 2038 3171 non

448 3215 660 3269 fallacis
687 3213 820 3266 visa:
853 3210 1085 3266 audiens
1115 3209 1290 3265 factus
1317 3219 1438 3276 est;
1471 3210 1562 3264 illa
1596 3225 1726 3265 vero
1763 3220 2041 3264 extraneae

449 3306 600 3362 vocis
648 3318 828 3374 neque
859 3301 1167 3357 consistere
1195 3302 1264 3356 ad
1302 3301 1779 3357 conversationem
1805 3307 2040 3355 assuetae

450 3396 784 3467 mancipium
815 3395 938 3450 visa
964 3404 1048 3450 est
1076 3404 1131 3449 et
1155 3394 1528 3464 improbitatis
1549 3393 1691 3449 facta
1721 3405 1803 3449 est
1831 3392 2035 3464 prmda.

447 3491 619 3562 Igitur
664 3499 718 3545 et
762 3488 903 3544 hanc
959 3488 1291 3543 additionem
1332 3487 1570 3542 admittit
1614 3503 1834 3542 causam
1889 3485 2038 3556 quod

445 3583 663 3639 dicatur
694 3581 962 3637 Adamum
995 3595 1102 3635 non
1156 3580 1329 3636 fuisse
1367 3579 1675 3650 deceptum.
1751 3579 2035 3634 mulierem

448 3691 578 3731 vero
604 3673 888 3745 deceptam
908 3676 961 3728 in
984 3675 1436 3744 praevaricatione
1455 3673 1661 3742 fuisse;
1707 3673 2034 3745 transgressi

446 3778 578 3824 sunt
605 3768 859 3838 equidem
894 3767 1102 3836 ambo;
1134 3768 1226 3823 sed
1273 3778 1326 3822 et
1350 3769 1436 3822 hic
1473 3768 1620 3838 prior
1673 3777 1756 3823 est
1792 3768 2038 3822 mulieris

447 3859 835 3930 transgressio.
876 3858 940 3914 Et
988 3860 1206 3929 quidem
1234 3859 1471 3930 duplicis
1507 3861 1621 3931 ipsa
1653 3861 2039 3930 transgressio-

446 3953 533 4008 nis
557 3952 674 4006 visa
711 3961 792 4006 est
822 3967 935 4016 rea,
975 3951 1208 4020 propriae
1240 3960 1295 4005 et
1343 3952 1408 4005 ad
1448 3967 1610 4022 quam
1663 3953 1840 4005 virmn
1888 3968 2039 4006 com-

444 4045 604 4114 pulit.
636 4043 774 4108 Quid
806 4043 994 4112 igitur,
1039 4043 1188 4096 dicat
1214 4043 1337 4110 quis
1373 4044 1440 4096 ad
1477 4058 1564 4097 ntc
1597 4044 1844 4098 femincte
1875 4052 2037 4098 natu-

446 4151 520 4192 γω
548 4144 835 4206 patronus,
857 4134 978 4189 Eva:
1007 4135 1262 4204 deceptio
1283 4146 1334 4188 et
1363 4137 1749 4202 transgressio,
1771 4138 2032 4207 quoniam

445 4221 610 4276 unius
671 4229 724 4275 et
757 4220 1002 4290 ejusdem
1039 4229 1246 4273 natura:
1267 4220 1350 4273 vir
1384 4228 1438 4273 et
1489 4221 1688 4275 mulier
1729 4237 1854 4276 cum
1901 4224 2032 4289 sint,

442 4315 715 4371 secundas
747 4311 1172 4368 ferredamnatze
1203 4329 1416 4376 smnus,
1448 4325 1502 4368 et
1530 4315 1859 4370 discentium
1891 4331 2035 4370 sem-

2141 3117 2418 3188 ὁμοφύλου
2451 3119 2548 3171 καλ⁸
2574 3118 2862 3188 συνήθους,
2903 3120 2996 3172 καὶ
3018 3121 3076 3172 ὲν
3113 3118 3327 3182 πολλοῖς
3369 3120 3497 3173 οὐδὲ
3536 3120 3705 3190 σφαλε-

2143 3211 2244 3281 ρᾶς
2266 3210 2637 3289 ἀναφανείσης
2660 3211 2902 3281 ὑπήκοος
2931 3211 3178 3280 γέγονεν·
3204 3213 3236 3282 η
3265 3212 3322 3264 δὲ
3343 3212 3635 3284 ἀλλοφύλου
3657 3228 3705 3264 τε

2141 3301 2328 3370 φωνῆς
2368 3301 2463 3355 καὶ
2502 3301 2624 3355 οὐδὲ
2651 3302 3016 3357 καθίστασθαι
3043 3304 3183 3376 πρὸς
3207 3305 3432 3374 ὁμιλίαν
3462 3304 3704 3374 λαϐούσης

2107 3392 2260 3456 ¹ἔθος
2289 3393 2626 3466 ἀνδράποδον
2656 3394 2812 3467 ὤφθη
2861 3398 2957 3450 καὶ
3003 3398 3101 3468 τῆς
3157 3397 3470 3470 μοχθηρίας
3514 3399 3704 3467 ἐγένετο

2141 3487 2388 3558 θήραμα.
2418 3488 2629 3542 Οὐκοῦν
2659 3492 2755 3543 καὶ
2787 3491 2996 3562 ταύτην
3031 3491 3354 3564 προσθήκην
3384 3494 3600 3564 δέχεται
3620 3493 3702 3560 τὴν

2137 3581 2321 3636 αἰτίαν
2345 3582 2405 3635 τὸ
2469 3583 2726 3652 λέγεσθαι
2754 3584 2846 3637 τὸν
2900 3583 3074 3654 Ἀδὰμ
3113 3584 3190 3655 μὴ
3218 3586 3600 3657 ἀπατηθῆναιο
3620 3583 3701 3652 τὴν

2137 3671 2196 3728 δὲ
2261 3678 2500 3744 γυναῖκα
2557 3677 2935 3748 ἀπατηθεῖσαν
2975 3679 3034 3730 ἐν
3078 3678 3396 3748 παραϐάσει
3440 3677 3698 3747 γενέσθαι⁸

2139 3767 2461 3838 παρέϐησαν
2488 3769 2588 3839 μὲν
2617 3769 2726 3839 γὰρ
2760 3769 2958 3839 ἄμφωο
3001 3771 3135 3825 ἀλλὰ
3166 3769 3449 3824 κάνταῦθα
3479 3767 3698 3841 armcitii-

2136 3873 2224 3908 ναι
2253 3857 2351 3925 τῆς
2370 3857 2630 3924 γυναικὸς
2651 3859 2684 3928 ἡ
2709 3859 3047 3928 παράϐασις.
3085 3860 3196 3914 Καὶ
3229 3861 3330 3930 μὲν
3359 3859 3551 3930 διπλῆς
3580 3856 3696 3923 αὕτη

2136 3947 2503 4019 παραϐάσεως
2533 3948 2692 4020 ὤφθη
2743 3949 2949 4020 ἔνοχος,
2984 3954 3082 4020 τῆς
3116 3968 3178 4004 τε
3219 3951 3429 4016 οἰκείας
3462 3952 3554 4006 καὶ
3584 3948 3698 4019 πρὸς

2135 4041 2202 4110 ἢν
2226 4039 2318 4093 τὸν
2344 4040 2513 4111 ἄνδρα
2545 4041 2846 4114 συνὼθησε.
2884 4043 2949 4096 Τί
2975 4042 3068 4096 οὖν
3102 4044 3166 4098 ἄν
3198 4062 3280 4106 τις
3307 4047 3429 4116 ἐρεῖ
3459 4043 3591 4116 πρὸς
3614 4041 3695 4110 ἐμὲ

2133 4133 2233 4203 τῆς
2269 4134 2594 4202 γυναικείας
2657 4135 2874 4204 φύσεως
2923 4137 3322 4208 προϊστάμενος
3366 4140 3398 4207 ἡ
3447 4137 3544 4208 τῆς
3575 4133 3696 4194 Εὔας

2133 4225 2317 4296 ἀπάτη
2349 4226 2444 4279 καὶ
2469 4226 2804 4298 παράϐασις,
2836 4228 2918 4281 ὅτι
2951 4231 3078 4299 μιᾶς
3111 4246 3169 4282 τε
3211 4233 3306 4283 καὶ
3352 4229 3476 4303 ἴσης
3507 4229 3697 4300 φύσεως

2135 4321 2328 4393 ἀνδρός
2353 4339 2413 4374 τε
2452 4321 2547 4375 καὶ
2584 4325 2845 4388 γυναικὸς
2873 4321 3063 4391 οῦσης,
3113 4324 3183 4375 τὰ
3223 4323 3508 4394 δευτερεῖα
3534 4323 3694 4393 φέρειν

443 4424 541 4476 per
563 4406 808 4461 ordinem
841 4413 1053 4468 tenere,
1085 4419 1115 4457 a
1149 4403 1394 4459 docendo
1434 4419 1564 4461 vero
1591 4406 1816 4460 omnino
1847 4422 1940 4474 pro

2194 4387 2567 4484 ιτεκρίθημεν,
2598 4387 2720 4466 Ῠκαὶ
2754 4387 3140 4484 μανθανόντων
3182 4416 3269 4468 ἀεὶ
3289 4387 3450 4484 λῆξιν
3481 4387 3691 4482 snex-etv.

444 4497 570 4553 bitae
591 4511 785 4553 sumus
818 4496 842 4549 ί
874 4495 942 4549 ad
989 4509 1154 4563 quem
1202 4509 1440 4564 sequens
1469 4496 1800 4553 subsumens
1825 4498 2034 4554 diceret

442 4607 652 4657 sermo,
707 4586 1174 4659 quemadmodum
1230 4585 1442 4640 Adamo
1492 4588 1560 4642 ad
1637 4591 2028 4646 mortalitatem

441 4691 808 4746 condemnato
852 4687 908 4742 in
944 4702 1136 4740 omnes
1199 4686 1319 4755 ejus
1362 4702 1611 4757 posteros
1679 4688 2032 4758 pertransivit
2071 4691 2088 4702 '

443 4799 614 4848 mors,
643 4782 724 4836 sic
753 4789 808 4834 et
833 4777 1077 4834 mulieris
1119 4793 1225 4832 non
1256 4779 1433 4833 solum
1472 4779 1731 4849 deceptae,
1759 4780 1852 4835 sed
1891 4787 1946 4835 et
1974 4781 2028 4834 in

439 4873 882 4943 transgressione
937 4872 1096 4926 factm
1129 4888 1144 4938 ;
1201 4879 1254 4924 et
1279 4879 1427 4926 certe
1461 4870 1765 4942 graviorem
1799 4881 2030 4941 utraque

439 4967 560 5019 viro
583 4980 707 5018 cum
744 4963 1024 5018 induxerit
1048 4963 1269 5033 culpam
1337 4977 1512 5032 neque
1543 4963 1843 5016 secundum
1897 4978 2027 5018 suc-

441 5055 749 5111 cessionem
792 5069 965 5124 genus
991 5054 1224 5110 crimine
1244 5062 1328 5108 est
1377 5053 1604 5108 omnino
1638 5053 1894 5117 liberum,
1929 5071 2028 5111 nec

439 5145 508 5201 ad
543 5146 824 5201 meliorem
866 5144 1287 5214 dispositionem
1340 5158 1407 5200 ex
1461 5145 1765 5200 mutatione
1812 5145 2028 5200 videtur

441 5239 768 5306 adductum.
791 5236 957 5306 Igitur
983 5235 1203 5305 quidem
1235 5235 1368 5291 illud
1388 5251 1497 5292 non
1534 5237 1820 5308 deceptmn
1856 5237 2028 5294 fuisse

439 5329 710 5384 Adamrtn
735 5343 830 5397 per
883 5327 994 5381 haec
1023 5326 1224 5397 opinor
1263 5335 1318 5381 et
1349 5341 1459 5381 non
1501 5327 1710 5398 absque
1748 5343 1876 5383 cura
1912 5329 2028 5384 dis-

438 5430 652 5476 cretum
684 5420 775 5474 sit.
807 5418 946 5472 Sunt
971 5433 1106 5472 vero
1140 5417 1232 5488 qui
1277 5419 1768 5475 contradictionem
1790 5430 2022 5490 ponunt.

438 5516 559 5571 Non
582 5517 863 5585 deceptum
891 5529 1016 5568 esse
1064 5512 1223 5568 aiunt
1271 5513 1564 5580 Adamum,
1601 5529 1710 5570 non
1743 5516 1872 5587 quia
1898 5532 2024 5572 mu-

443 5608 575 5662 liere
615 5606 796 5661 minus
853 5607 946 5659 sed
986 5605 1116 5675 quia
1175 5606 1350 5673 magis
1388 5607 1675 5676 peccavit;
1734 5610 1814 5664 sic
1873 5611 2020 5665 enim

439 5699 690 5772 dictione
725 5706 780 5752 ct
815 5698 1139 5768 Apostolum
1201 5713 1362 5754 usum
1400 5713 1564 5756 -esse.
1628 5697 1844 5757 Etenim
1909 5705 2023 5760 haec

2131 4502 2227 4557 τοῦ
2259 4504 2535 4557 διδάσκειν
2590 4503 2648 4556 δὲ
2689 4503 2970 4566 παντελῶς
3024 4505 3396 4575 ἀφῃρήμεθαξ
3449 4506 3577 4575 πρὸς
3601 4503 3694 4554 ὃνό

2133 4595 2430 4660 ἀκόλουθος
2457 4597 2853 4668 ἀνθυποφέρων
2879 4597 3013 4666 φαίη
3033 4598 3212 4666 λόγος,
3246 4599 3328 4652 ὃτι
3362 4599 3488 4652 καθ’
3511 4598 3568 4651 δν
3591 4594 3696 4666 τρό-

2135 4710 2238 4746 πον
2273 4691 2370 4745 τοῦ
2404 4691 2581 4762 ’Δδάμ
2599 4691 2660 4744 τὸ
2676 4690 2869 4761 θνητὸν
2884 4693 3374 4758 καταδικασθέντος
3400 4695 3483 4756 είς
3511 4694 3694 4749 πάντας

2132 4787 2258 4849 τοὺς
2281 4785 2344 4850 ἐξ
2390 4784 2557 4838 αὐτοῦ
2603 4783 2822 4853 διῆλθεν
2861 4784 2889 4836 ὁ
2919 4784 3172 4847 θάνατος,
3204 4781 3348 4837 οὕτω
3373 4785 3472 4837 καὶ
3496 4783 3588 4851 τῆς
3609 4797 3694 4848 γυ-

2129 4879 2315 4942 ναικὸς
2341 4880 2402 4933 οὐ
2431 4877 2591 4949 μόνον
2614 4877 3013 4949 ἀπατηθείσης,
3045 4875 3292 4930 ἀλλὰκαὶ
3319 4878 3378 4930 ἐν
3405 4875 3692 4947 παραϐάσει

2128 4975 2461 5046 γενομένης·
2491 4975 2665 5043 καίγε
2696 4974 2758 5028 τὸ
2773 4973 3163 5046 χαλεπωτέραν
3191 4975 3430 5046 ἑκατέρᾳ
3458 4976 3533 5046 τῷ
3561 4970 3693 5039 ἀνδρὶ

2130 5067 2602 5139 καθηγησαμένης
2665 5067 3002 5138 ἀμαρτάδος.
3031 5065 3151 5120 οὐδὲ
3192 5066 3254 5120 τὺ
3282 5067 3425 5120 κατά
3471 5060 3692 5134 διαδοχὴν

2129 5161 2288 5228 γένος
2314 5161 2412 5231 τῆς
2437 5159 2618 5222 αἰτίας
2638 5158 2757 5211 ἐστὶ
2781 5158 3062 5222 παντελῶς
3092 5158 3410 5228 ἀφειμένον,
3439 5157 3556 5212 οὐδὲ
3577 5154 3692 5225 πρὸς

2128 5250 2417 5321 κρείττονα
2442 5249 2686 5303 διάθεσιν
2725 5248 2790 5300 ὲκ
2837 5248 3143 5319 μεταϐολῆς
3175 5249 3371 5320 δρᾶται
3399 5248 3652 5318 ἀγόμενον
3673 5282 3685 5296 .

2127 5345 2201 5397 Τὸ
2222 5343 2322 5414 μὲν
2342 5337 2436 5396 οῦν
2469 5342 2545 5414 μὴ
2573 5340 2887 5412 ὴπατῆσθαι
2910 5341 3002 5394 τὸν
3031 5341 3204 5412 Ἀδάμ
3229 5341 3316 5394 διὰ
3335 5339 3540 5394 τούτων
3558 5333 3689 5406 οἶμαι

2127 5439 2222 5491 καὶ
2242 5439 2342 5490 οὐκ
2372 5435 2591 5507 ἀμελῶς
2610 5435 3006 5506 διευκρίνηται.
3043 5434 3165 5488 Εἰσὶ
3192 5436 3250 5489 δὲ
3285 5435 3358 5496 οἳ,
3399 5429 3685 5491 τούναντίον

2125 5532 2222 5600 τὴν
2251 5529 2396 5593 λέξιν
2417 5527 2723 5598 τιθέμενοι,
2753 5528 3211 5598 οὐκάπατηθῆναί
3229 5545 3360 5599 φασι
3387 5528 3480 5582 τὸν
3508 5523 3684 5592 Ἀδάμ,

2125 5622 2223 5691 οὐχ
2246 5621 2328 5673 ὅτι
2359 5620 2459 5690 τῆς
2496 5620 2755 5688 γυναικὸς
2814 5619 3034 5674 ἔλαττον
3091 5619 3210 5675 ἀλλ’
3255 5621 3336 5674 δτι
3401 5619 3579 5691 μεῖζον
3609 5614 3684 5677 ἐξ·

2131 5710 2375 5780 ήμαρτεν
2397 5725 2411 5741 ο
2427 5707 2569 5763 οὕτω
2592 5709 2700 5782 γὰρ
2719 5713 2784 5782 τῇ
2818 5711 2962 5779 λέξει
2994 5711 3088 5765 καὶ
3118 5711 3212 5766 τὸν
3234 5711 3552 5767 Ἀπόστολον
3571 5708 3685 5780 19*.-
