3884 6202
198 305 317 369 449

1152 284 1257 362 AD
1292 299 1887 362 AMPIIILOCHIUM
1932 297 2281 369 Quiesrto
2322 301 2527 359 LXXI.

3363 307 3468 373 450

202 418 445 485 σασοαι’
484 419 519 487 ἡ
558 416 655 487 μὲν
686 415 795 487 γὰρ
844 413 1195 469 δελεασθεῖσα
1249 412 1432 481 λόγοις
1472 412 1773 474 ἐπικλόποις

1895 410 2077 467 illecta
2139 413 2319 466 verbis
2362 411 2574 465 blandis
2640 420 2694 466 et
2718 412 2982 481 jucundis
3035 416 3101 469 ad
3160 426 3467 491 tfansgn-s-

196 515 306 565 καὶ
338 508 595 580 ἡδύνουσι
622 507 757 580 πρὸς
789 507 887 579 τὴν
919 505 1178 577 ἀθέτησιν
1218 504 1645 575 παρενήνεκται,
1667 503 1695 555 6
1731 501 1789 555 δὲ

190 604 401 676 γνώμῃ
440 602 643 673 μᾶλλον
680 602 774 653 καὶ
803 598 1071 671 θελήματι
1100 597 1304 668 ταύτην
1332 596 1618 668 ἠσπάσατο
1636 612 1649 626 ·
1668 593 1790 648 οὐδὲ

194 700 461 765 φαίνεται
507 691 761 763 τοῦτονή
803 693 965 762 γυνὴ,
1012 692 1203 760 ὥσπερ
1243 689 1479 757 έκλάπη,
1515 687 1658 742 οὓτω
1692 688 1789 758 ρη-

194 805 343 854 μασι
374 784 686 856 κλέπτουσα
708 800 720 813 ·
756 786 849 837 καὶ
881 786 914 855 ἡ
965 786 1066 854 μὲν
1096 784 1193 838 καὶ
1224 783 1501 848 ἀντειπεῖν
1535 777 1789 848 διανέστη

190 882 278 951 τῷ
307 880 447 948 ὄφει,
477 880 569 933 καὶ
605 879 684 949 τῷ
719 879 944 949 μεγέθει
974 878 1073 950 τῆς
1106 875 1440 946 ἐπαγγελίας
1470 871 1787 942 διαχυθεῐσα

192 972 342 1042 πρὸς
362 972 461 1043 τὴν
493 969 711 1041 ἀπάτην
741 970 1022 1025 ἀπέκλινε.
1064 971 1201 1041 Περὶ
1225 970 1283 1023 δὲ
1314 968 1404 1021 τὸν
1440 966 1611 1037 ’Λδάμ
1636 963 1789 1017 οὐδέ-

188 1081 362 1137 τερον
396 1068 601 1117 τούτων
629 1063 875 1131 γέγονεν·
903 1060 1027 1115 οὔτε
1051 1062 1159 1133 γὰρ
1195 1063 1417 1115 ἀντεῖπε
1453 1059 1518 1128 τῇ
1544 1053 1785 1124 γυναικὶ,

184 1154 326 1209 οὔτε
356 1156 590 1224 μέγεθος
642 1152 803 1208 αὑτὸν
855 1154 1194 1222 ἐπαγγελίας
1244 1152 1628 1222 συνήρπασεν⁶
1670 1143 1787 1200 ἀλλ’

184 1248 354 1302 οὐδὲν
376 1248 597 1302 ἔλαττον
618 1241 771 1311 οὗτος
805 1246 961 1319 ώιρθη
981 1249 1196 1317 ἕτοιμος
1226 1246 1361 1318 πρὸς
1376 1243 1437 1297 τὸ
1464 1239 1787 1314 μεταλαϐεῖν

186 1340 221 1409 ἦ
264 1340 478 1410 ἐκείνη·
502 1340 826 1411 μεταδοῦναι
862 1340 963 1410 τῆς
987 1340 1241 1411 βρώσεως
1265 1354 1279 1368 ⁸
1325 1338 1515 1407 διόπερ
1562 1332 1787 1396 εἰκότως

188 1429 263 1482 ἂν
286 1432 462 1483 νοοῖτο
509 1430 611 1483 οὐκ
654 1430 840 1503 ἀπάτῃ
897 1431 1097 1501 μᾶλλον
1130 1431 1243 1484 ἀλλ’
1278 1429 1441 1501 ἔρωτι
1470 1427 1656 1480 πεσεῖν
1686 1422 1787 1492 τῆς

186 1520 457 1591 βρώσεως
484 1525 564 1587 εἰς
584 1523 924 1595 παράὅασιν·
951 1524 1065 1577 ἀλλ’
1086 1526 1113 1578 6
1139 1524 1237 1595 μὲν
1255 1524 1413 1592 λόγος
1442 1514 1597 1583 οὗτος
1629 1517 1786 1586 εἴπερ

178 1613 245 1664 ὲν
277 1612 463 1676 ἄλλοις
494 1614 606 1683 ἔχει
626 1613 834 1684 χώραν,
888 1615 1089 1685 ἐχέτωο
1120 1614 1216 1668 νῦν
1239 1614 1295 1667 δὲ
1339 1615 1439 1666 οὐκ
1483 1609 1596 1679 ἔχει
1638 1605 1783 1675 πάρ·

180 1705 345 1758 οδον⁶
377 1706 689 1775 ὑπερτιθεὶς
719 1707 827 1778 γὰρ
856 1707 953 1777 τῆς
979 1706 1236 1779 ἀληθείας
1268 1707 1295 1759 6
1322 1703 1498 1775 κῆρυξ
1526 1702 1619 1755 καὶ
1651 1715 1785 1771 προ-

182 1797 373 1868 τιμῶν
408 1797 497 1851 τὸν
531 1798 705 1869 Ἀδὰμ
753 1799 851 1869 τῆς
899 1799 1181 1867 γυναικὸς,
1244 1799 1337 1852 καὶ
1370 1797 1465 1867 τὴν
1500 1793 1780 1865 ὑποταγὴν

180 1892 335 1962 αὐτῇ
393 1892 696 1961 παραινῶν,
753 1893 849 1946 καί
890 1893 979 1946 διὰ
1033 1893 1092 1946 τὸ
1159 1894 1235 1963 μὴ
1282 1889 1624 1961 ἀπατηθῆναι
1687 1888 1779 1941 τὸν

196 1984 379 2054 Ἀδὰμ
450 1985 638 2057 ὥσπερ
686 1986 781 2040 καὶ
847 1984 937 2038 διὰ
976 1984 1087 2038 τῶν
1141 1983 1317 2039 ἄλλων
1348 1980 1774 2052 ἐνθυμημάτων,

181 2076 339 2131 οὕτω
368 2078 459 2131 καὶ
490 2077 803 2149 διὰταύτην
834 2079 930 2150 τὴν
958 2078 1139 2132 αἰτίαν
1184 2076 1336 2147 ίσχὺν
1362 2076 1581 2146 ἄμαχον
1631 2074 1775 2143 ἔχειν

182 2171 287 2241 τὴν
353 2172 677 2243 παραίνεσιν
735 2171 1090 2237 ἐπεδείξατο·
1142 2172 1256 2225 ἀλλ’
1286 2164 1386 2223 ὧδε
1416 2169 1534 2239 μὲν,
1592 2163 1772 2235 οἶμαι,

174 2262 588 2335 διευκρίνηται,
616 2264 737 2318 τίνα
769 2265 971 2334 τρόπον
994 2265 1093 2318 ούκ
1132 2263 1387 2334 ἠπατήθη
1416 2263 1443 2314 ὀ
1474 2261 1666 2331 Ἀδάμ.

255 2357 338 2409 Τὸ
367 2356 447 2421 δὲ,
478 2375 497 2408 ι
532 2356 851 2429 Σωθήσεται
878 2358 970 2411 διὰ
1000 2360 1100 2428 τῆς
1124 2356 1469 2425 τεκνογονίας
1500 2355 1533 2425 ἡ
1560 2353 1718 2424 γυνη,
1749 2372 1766 2405 ι

178 2449 470 2502 τουτέστιν
507 2450 539 2520 ἡ
566 2449 675 2503 τῶν
710 2449 987 2519 γυναικῶν
1015 2449 1177 2519 φύσις
1200 2464 1215 2481 '
1242 2448 1336 2502 καὶ
1362 2447 1471 2519 γὰρ
1496 2447 1583 2501 διὰ
1614 2445 1776 2500 τοῦτο

178 2543 284 2610 τὴν
317 2540 460 2595 Εὔαν
489 2542 552 2595 τὸ
591 2543 773 2611 λόγιον
822 2543 901 2605 εἰς
949 2541 1047 2613 τὴν
1092 2544 1326 2611 γυναῖκα
1359 2538 1676 2610 μετέλαϐεν.
1710 2538 1774 2590 Ol

184 2638 287 2705 μέν
318 2654 453 2706 φασι
473 2638 819 2704 τεκνογονίαν
838 2638 1011 2689 εἰπεῖν
1034 2635 1125 2688 τὸν
1154 2633 1497 2695 ’Λπόστολον,
1517 2632 1616 2703 τὴν
1647 2631 1774 2701 περὶ

180 2731 249 2784 τὰ
275 2732 450 2786 τέκνα
480 2731 738 2802 πρόνοιαν
784 2730 880 2783 καὶ
930 2728 1165 2798 σπουδὴν
1189 2727 1255 2780 δι’
1286 2721 1352 2799 ἦς
1401 2726 1553 2779 αύτοί
1581 2741 1641 2779 τε
1681 2723 1775 2778 πί-

180 2841 303 2877 στει
340 2825 435 2877 καὶ
461 2824 649 2895 ἀγάπῃ
679 2823 1062 2893 στηριζόμενοι
1094 2823 1187 2875 τὸν
1234 2820 1506 2890 ἀγιασμδν
1554 2818 1646 2873 καὶ
1676 2817 1775 2887 τὴν

183 2917 547 2987 σωφροσύνην
586 2916 1122 2986 συγκατορθώσουσι,
1160 2916 1255 2968 καὶ
1282 2916 1337 2969 αἱ
1392 2915 1530 2983 πρὸς
1572 2912 1775 2983 ἀρετὰς

182 3010 386 3071 αὐτοὺς
416 3008 864 3078 παιδαγωγοῦσαι
899 3010 1140 3081 μητέρες
1164 3008 1407 3079 δηλονότι
1427 3006 1497 3060 τά
1522 3006 1660 3059 αύτά
1680 3004 1775 3059 καὶ

1893 503 2101 558 sionem
2133 504 2370 557 adducta
2393 512 2477 558 est
2506 521 2523 569 ;
2564 503 2654 557 ille
2682 521 2814 559 vero
2845 520 3011 561 sensu
3068 508 3241 579 magis
3263 522 3317 567 et
3369 529 3468 567 vo.

1891 595 2102 650 luntate
2165 595 2308 650 hanc
2373 596 2660 665 amplexus
2722 606 2838 661 est;
2892 613 3001 652 non
3052 600 3260 655 videtur
3306 602 3471 671 igitur

1891 688 2110 751 mulier,
2143 696 2202 741 ut
2259 686 2486 743 seducta
2553 698 2661 753 est,
2718 690 2790 744 ita
2836 690 3020 746 verbis
3066 691 3351 749 scducens.
3404 695 3471 750 Et

1890 777 1981 831 illa
2040 779 2259 846 quidem
2292 787 2342 831 et
2401 778 2775 832 contradicere
2839 778 3076 833 surrexit
3129 782 3367 849 serpenti
3416 793 3471 837 et

1889 871 2266 941 magnitudine
2295 870 2677 940 promissionis
2710 871 2929 926 turbata
2961 870 3030 925 ad
3093 872 3468 942 deceptionem

1887 957 2203 1013 declinavit.
2254 958 2417 1013 Circa
2457 959 2728 1013 Adamum
2786 974 2916 1013 vero
2974 968 3229 1015 neutrum
3272 961 3468 1016 horum

1889 1035 2097 1093 factum
2162 1032 2445 1103 est;'non.
2480 1038 2625 1092 enim
2682 1036 3015 1093 contradixit
3058 1039 3316 1106 mulieri,
3372 1050 3470 1097 nec

1888 1127 2209 1195 magnitudo
2232 1126 2407 1196 ipsum
2433 1127 2817 1195 promissionis
2846 1128 3085 1199 abripuit
3111 1148 3127 1193 ;
3153 1129 3244 1184 sed
3269 1130 3469 1184 nihilo-

1887 1212 2073 1266 minus
2128 1212 2231 1268 iste
2274 1214 2425 1276 visus
2491 1223 2576 1268 est
2628 1225 2852 1282 paratus
2908 1214 2973 1267 ad
3028 1208 3467 1286 participandum

1888 1317 2051 1374 quam
2092 1304 2182 1367 illa
2214 1305 2280 1359 ad
2319 1306 2841 1361 communicandum
2871 1307 2937 1361 de
2979 1306 3143 1373 cibo;
3174 1307 3295 1362 ideo
3325 1318 3471 1364 recte

1888 1386 2285 1465 intelligeretur
2321 1411 2428 1451 non
2462 1396 2785 1467 deceptione
2818 1398 3014 1467 magis,
3051 1401 3142 1454 sed
3174 1393 3361 1454 amore
3383 1399 3470 1452 in-

1886 1485 2088 1541 cidisse
2116 1488 2225 1542 cibi
2254 1492 2307 1542 in
2336 1490 2855 1558 transgressionem.
2897 1489 3000 1545 Sed
3024 1507 3210 1546 sermo
3248 1491 3467 1561 quidem

1887 1581 1989 1635 iste
2051 1582 2096 1635 si
2149 1582 2199 1634 in
2230 1582 2352 1637 aliis
2395 1582 2557 1637 habet
2580 1584 2783 1651 locum,
2816 1584 3011 1638 habeat
3042 1602 3057 1649 ;
3090 1600 3236 1638 nunc
3283 1592 3467 1638 autem

1887 1682 1997 1724 non
2030 1668 2195 1723 habet
2217 1684 2529 1724 accessum.
2562 1668 2950 1740 Superpnnens
3010 1672 3154 1725 enim
3224 1672 3469 1727 veritatis

1816 1769 1859 1826 ῃ
1888 1771 2067 1826 prch
2108 1767 2160 1811 et
2191 1756 2486 1827 praeferens
2523 1759 2791 1811 Adamum
2829 1759 3062 1821 mulieri,
3088 1767 3145 1813 et
3174 1758 3467 1828 subjectio-

1880 1858 2002 1899 nem
2036 1845 2161 1899 huic
2188 1844 2448 1912 suadens,
2478 1855 2531 1899 et
2555 1859 2840 1916 propterea
2865 1849 3009 1917 quod
3041 1862 3147 1900 non
3204 1850 3466 1916 deceptus

1880 1931 1952 1985 si’t
1994 1931 2165 1985 Adam
2191 1942 2249 1985 ut
2273 1942 2325 1986 et
2357 1948 2448 2002 per
2473 1935 2577 1987 alia
2605 1936 3033 2005 enthymemata,
3064 1935 3133 1988 ita
3158 1946 3209 1989 et
3246 1944 3467 2005 prepter

1879 2020 2021 2075 hanc
2051 2036 2274 2075 causam
2312 2022 2417 2076 vim
2489 2024 2965 2093 inexpugnabilem
3028 2024 3229 2077 habere
3262 2025 3463 2079 exhor-

1880 2114 2142 2167 tationem
2175 2116 2437 2171 ostendit.
2479 2115 2582 2169 Sed
2638 2118 2713 2169 sic
2764 2118 2984 2185 quidem
3024 2128 3152 2187 puto
3187 2119 3321 2171 liene
3356 2118 3464 2172 dis-

1878 2211 2087 2255 cretum
2139 2204 2233 2269 sit,
2302 2206 2763 2274 quemadmodum
2828 2222 2933 2259 non
2980 2206 3240 2276 deceptus
3305 2207 3466 2261 fuerit

1876 2287 2072 2344 Adam.

1948 2377 2082 2433 Illud
2118 2396 2265 2447 vero,
2305 2400 2323 2433 ι
2364 2380 2678 2436 Salvabitur
2730 2398 2824 2453 per
2871 2382 3106 2439 filiorum
3156 2387 3464 2453 generatio-

1876 2486 1999 2526 nem
2036 2474 2252 2536 mulier,
2296 2494 2314 2524 ι
2372 2476 2423 2530 id
2473 2484 2557 2530 est
2612 2477 2901 2530 mulierum
2963 2488 3195 2541 natura;
3264 2479 3460 2533 etenim

1875 2575 2093 2635 propter
2124 2567 2225 2620 hoc
2256 2565 2422 2621 Evam
2470 2569 2758 2622 oraculum
2813 2568 2865 2621 in
2912 2570 3197 2624 mulierem
3232 2580 3465 2626 transttr

1876 2658 1956 2714 lit.
1991 2656 2054 2713 ili
2085 2659 2306 2729 quidem
2332 2658 2523 2713 dicunt
2554 2658 2790 2714 ﬁliorum
2823 2662 3233 2730 generationem
3282 2663 3465 2719 dicere

1875 2751 2221 2822 Apostolum,
2255 2755 2400 2805 circa
2460 2752 2599 2807 ﬁlios
2655 2752 3050 2822 providentiam
3111 2762 3165 2809 et
3222 2756 3462 2810 studium

1877 2858 1973 2912 per
2009 2843 2153 2911 quod
2191 2842 2293 2911 ipsi
2326 2850 2381 2895 et
2415 2841 2519 2896 ﬁde
2550 2851 2604 2897 et
2626 2842 2905 2897 charitate
2951 2844 3192 2899 roborati
3223 2848 3460 2901 sanctiﬁ-

1875 2933 2143 2988 cationem
2177 2943 2228 2988 et
2260 2933 2582 3003 sapientiam
2617 2938 2763 2988 recte
2794 2934 3099 3003 perﬁciant,
3141 2945 3195 2991 et
3237 2937 3302 2991 ad
3354 2938 3466 2994 vit-

1879 3034 2019 3079 tutes
2067 3038 2161 3078 eos
2213 3024 2563 3079 instituentes
2611 3035 2810 3081 matres
2871 3026 3121 3081 videlicet
3168 3027 3357 3083 eadem
3411 3040 3467 3083 ct

184 3102 495 3170 μελετῶσαι
556 3103 654 3155 καὶ
692 3100 1161 3173 διαπραττόμεναι
1213 3101 1424 3171 εἴησαν,
1480 3100 1549 3154 δι’
1572 3092 1648 3154 ὧν
1681 3099 1773 3153 καὶ

1882 3118 2203 3173 meditantes
2226 3126 2280 3172 et
2313 3128 2536 3187 agentes
2576 3117 2706 3183 sint,
2741 3132 2837 3188 per
2884 3135 3007 3189 qua:
3051 3130 3105 3175 et
3159 3130 3466 3192 transgres-

180 3193 281 3263 τῆς
322 3193 693 3264 παραϐάσεως
716 3196 814 3265 τὴν
861 3194 1042 3247 αἰτίαν
1069 3194 1369 3247 διαλύουσι.
1399 3191 1573 3245 Τοῦτο
1605 3190 1713 3262 γὰρ
1742 3192 1771 3243 ὁ

183 3284 280 3353 τῆς
312 3284 641 3354 οἰκουμένης
670 3284 771 3354 ἔφη
804 3284 1142 3349 διδάσκαλος·
1179 3303 1196 3336 ι
1222 3285 1538 3356 Σωθήσεται
1567 3283 1646 3348 δὲ,
1674 3282 1773 3353 φά-

184 3392 349 3445 μενος
379 3376 468 3428 διά
489 3378 590 3447 τῆς
609 3377 956 3445 τεκνογονίας
984 3393 996 3408 ·
1043 3395 1061 3427 ι
1106 3376 1329 3447 καὶγὰρ
1359 3378 1390 3447 ἡ
1425 3376 1554 3445 περὶ
1582 3374 1651 3428 τὰ
1677 3373 1769 3428 τέ-

181 3484 287 3521 κνα
316 3469 668 3537 παιδαγωγία
704 3472 799 3523 καὶ
823 3471 1076 3542 θεοφιλὴς
1096 3473 1322 3543 πρόνοια
1346 3471 1434 3524 καὶ
1472 3469 1771 3541 κηδεμονία

184 3557 335 3627 μέγα
358 3558 633 3630 δικαίωμα
658 3563 868 3630 πέφυκε
891 3564 989 3633 τὴν
1015 3564 1152 3635 πρὸς
1179 3564 1271 3617 τον
1305 3564 1481 3633 Ἀδὰμ
1500 3563 1597 3632 τῆς
1626 3562 1771 3625 Εὔας

184 3651 467 3722 σφαλερὰν
504 3654 947 3709 ἀνακαλέσασθαι
986 3656 1354 3711 διδασκαλίαν.
1394 3655 1641 3721 Ἐδίδαξα
1678 3655 1771 3709 τὸν

180 3744 354 3813 ἄνδρα
379 3746 545 3815 σιραλε
560 3747 665 3815 pii;
689 3764 702 3812 ;
735 3748 874 3801 Ἀλλ’
894 3749 1152 3817 ἀσφαλῶς
1175 3750 1508 3818 παιδαγωγώ
1532 3750 1627 3803 καὶ
1648 3748 1773 3813 τρέ-

188 3853 274 3904 φω
313 3837 384 3889 τὰ
422 3837 607 3891 τέκνα.
650 3839 861 3892 Ἐκεῖνο
891 3840 1286 3907 καταδικάζει;
1326 3842 1497 3894 Τοῦτο
1530 3826 1647 3903 πῶς
1670 3840 1772 3894 οὐκ

182 3927 247 3979 ἂν
292 3928 381 3999 εἴη
442 3929 680 3998 μάλιστά
711 3948 775 4000 γε
816 3933 967 4003 παρά
1011 3934 1208 4004 δικαίῳ
1247 3935 1343 3987 καὶ
1395 3933 1771 4007 φιλανθρώπῳ

182 4021 350 4089 κριτῇ
386 4021 688 4092 συγγνώμη
722 4024 817 4076 καὶ
866 4024 1071 4091 γείτονι
1109 4024 1202 4078 τοῦ
1249 4025 1592 4096 πταίσματος
1633 4043 1768 4081 κατ-

179 4108 468 4180 ορθώματι
499 4113 600 4183 τῆς
624 4113 783 4185 δίκης
829 4117 1105 4185 ἀπολύον;
1141 4117 1232 4170 Διὸ
1291 4119 1498 4188 ταύτης
1549 4119 1647 4190 τῆς
1681 4137 1771 4172 τε-

183 4203 475 4271 κνογονίας
504 4207 537 4275 ἡ
574 4209 864 4273 γυναικεία
922 4210 1086 4280 φύσις
1126 4212 1460 4283 ἀντεχομένη
1499 4213 1592 4267 καὶ
1638 4213 1767 4267 ταύ-

178 4311 280 4365 την
313 4284 701 4362 σπουδάζουσα
732 4301 938 4355 διαλύει
960 4304 1056 4355 καὶ
1086 4304 1521 4376 ἀποτίθεταιτὴν
1541 4307 1647 4360 ἀπὸ
1667 4307 1769 4375 τῆς

142 4380 146 4383 ’
182 4388 405 4459 ἀπάτης
454 4392 634 4444 αἰτίαν
665 4382 759 4445 καί
805 4394 961 4466 δίκην
988 4411 1000 4426 ·
1043 4397 1125 4449 ὅτι
1174 4397 1229 4450 δὲ
1279 4400 1631 4465 τεκνογονίαν
1676 4401 1769 4453 κάὶ

1879 3212 2049 3267 sionis
2074 3227 2295 3266 causam
2333 3211 2674 3277 dissolvunt;
2736 3210 2840 3267 hoc
2884 3215 3029 3270 enim
3087 3216 3272 3270 mundi
3329 3218 3466 3272 dixit

1880 3304 2159 3374 magister.
2198 3322 2215 3354 ‹
2248 3302 2560 3358 Salvabitur
2596 3315 2802 3371 autem,
2861 3305 3137 3377 inquiens,
3181 3324 3278 3378 per
3326 3309 3468 3364 ﬁlio-

1878 3412 1999 3451 rum
2040 3396 2468 3466 generationem.
2508 3416 2526 3447 ι
2563 3390 2783 3452 Etenim
2822 3398 2968 3453 circa
3011 3400 3149 3455 ﬁlios
3195 3402 3465 3457 institutio

1878 3495 1932 3544 et
1966 3486 2137 3544 Deum
2169 3500 2362 3544 amans
2391 3490 2733 3559 providentia
2765 3498 2819 3544 et
2851 3506 2982 3545 cura
3027 3507 3222 3561 magna
3261 3494 3463 3563 justiﬁ-

1877 3580 2023 3635 catio
2054 3588 2180 3634 nata
2224 3590 2309 3635 est
2340 3584 2407 3634 ad
2440 3580 2711 3635 Adamum
2741 3579 2865 3635 Eva:
2909 3581 3157 3638 fallatem
3214 3601 3465 3654 reparare

1878 3672 2279 3743 magisterium.
2314 3671 2484 3726 Docui
2530 3674 2708 3727 virum
2745 3672 3050 3729 fallaciter?
3102 3675 3207 3731 Sed
3273 3693 3465 3733 secure

1877 3763 2055 3819 educo
2089 3772 2143 3818 et
2173 3764 2354 3818 nutrio
2388 3763 2547 3819 filios.
2584 3763 2718 3817 illud
2762 3766 3022 3820 damnat?
3052 3766 3153 3822 hoc
3187 3770 3464 3838 quomodo

1878 3866 1989 3907 non
2017 3859 2187 3917 esset,
2219 3852 2522 3922 praesertim
2553 3851 2693 3921 apud
2720 3851 2931 3922 justum
2974 3862 3025 3908 et
3057 3854 3351 3925 benignum
3379 3857 3439 3927 ju

1877 3943 2054 3999 dicem
2086 3944 2246 3999 venia
2273 3952 2327 3999 et
2364 3944 2544 3999 vicino
2575 3944 2763 4013 lapsus
2791 3953 2935 4000 recte
2978 3944 3125 4002 facto
3154 3948 3461 4005 damnatio-

1878 4052 2000 4092 nem
2036 4038 2292 4093 solvens?
2326 4037 2448 4093 ideo
2485 4039 2611 4092 huic
2642 4039 2879 4094 ﬁliorum
2935 4042 3273 4110 generationi
3306 4042 3465 4097 femi-

1878 4146 1980 4185 nea
2012 4140 2206 4185 natura
2238 4132 2618 4186 adhmrescens
2664 4140 2718 4187 et
2761 4131 2810 4185 ei
2861 4132 3086 4188 studens
3119 4134 3370 4189 dissolvit
3409 4144 3461 4188 rt

1877 4223 2101 4293 deponit
2132 4239 2162 4279 a
2192 4225 2512 4295 deceptione
2552 4224 2993 4279 criminationem
3042 4234 3095 4279 et
3126 4228 3457 4281 condemna-

1878 4314 2105 4369 tionem:
2137 4315 2291 4381 Quod
2319 4326 2498 4370 autem
2528 4316 2768 4370 ﬁliorum
2809 4318 3215 4386 generationem
3248 4327 3299 4373 et
3322 4319 3449 4373 ﬁlio-

1879 4422 1999 4461 rum
2033 4406 2389 4460 nutritionem
2424 4406 2718 4475 Apostolus
2742 4406 2885 4460 circa
2921 4407 3121 4462 liberos
3159 4408 3456 4464 salviﬁcani

182 4480 244 4550 δὴ
276 4483 372 4534 καὶ
401 4486 797 4555 τεκνοτροφίαν
824 4486 852 4537 6
898 4488 1222 4554 Ἀπόστολος
1272 4491 1373 4562 τὴν
1409 4493 1534 4565 περὶ
1568 4493 1636 4545 τὰ
1678 4492 1767 4546 τέ-

1882 4517 2069 4557 curam
2099 4501 2273 4557 soleat
2304 4515 2524 4565 vocare,
2561 4499 2911 4555 manifestum
2948 4500 3076 4555 hinc
3104 4520 3117 4556 :
3160 4500 3375 4557 Etenim
3404 4504 3455 4556 in

184 4589 283 4627 κνα
317 4577 590 4647 σωτήριον
620 4578 938 4648 ἐπιμέλειαν
971 4583 1127 4635 εἴωθε
1150 4582 1355 4646 καλεῖν,
1379 4584 1535 4654 δῆλον
1586 4584 1769 4638 ἐντεῦ-

185 4664 292 4722 θεν.
339 4669 450 4721 Καὶ
476 4670 587 4740 γὰρ
616 4671 697 4735 είς
744 4672 843 4743 τὴν
886 4673 995 4725 τῶν
1033 4674 1220 4745 χηρῶν
1276 4675 1430 4741 τάξιν
1468 4678 1562 4728 καὶ⁵
1598 4662 1766 4747 τιμὴν

184 4759 277 4811 καὶ
303 4760 407 4830 τὴν
436 4761 697 4831 πρόνοιαν
722 4763 820 4828 τράς
841 4766 1236 4836 κεχηρωμένας
1268 4767 1377 4819 τῶν
1403 4768 1611 4839 ἀνδρῶν
1637 4770 1768 4824 ἀνά-

184 4865 313 4916 γων,
354 4870 372 4903 ‹
410 4854 590 4925 Χήρα,
625 4856 784 4926 φησι,
820 4858 1209 4925 καταλεγέσθω
1245 4860 1321 4930 μὴ
1367 4859 1588 4913 ἔλαττον
1630 4861 1766 4917 ὲτῶν

183 4940 446 5029 έξίγκοντα
473 4959 487 4974 ·
518 4963 537 4995 ι
574 4942 691 4999 εἶτα
714 4947 811 5001 καὶ
831 4947 952 5001 τινα
976 4950 1428 5022 καταϐαλλομένη
1455 4952 1645 5022 μισθὸν
1666 4952 1768 5024 τῆς

182 5034 437 5103 τοιαύτης
490 5037 715 5109 λήξεως·
752 5057 773 5089 ‹
810 5041 871 5094 El
932 5042 1384 5115 ὲτεκνοτρόφησε,
1468 5048 1654 5116 φησὶν,
1717 5051 1767 5103 εί

186 5123 355 5191 ἁγίων
385 5128 555 5191 πόδας
589 5128 793 5199 ἔνιψεν,
827 5133 875 5183 εί
899 5131 1239 5203 θλιϐομένοις
1266 5138 1543 5207 ἐπήρκεσε
1564 5156 1576 5167 ’
1611 5159 1629 5190 ι
1672 5142 1768 5194 καὶ

1874 4596 2165 4650 viduarum
2192 4592 2441 4647 ordinem
2475 4600 2528 4646 et
2564 4592 2828 4659 honorem
2870 4601 2923 4647 et
2950 4594 3346 4661 providentiam
3375 4600 3453 4649 vi-

1873 4689 2075 4745 duatas
2098 4685 2231 4741 viris
2265 4684 2509 4741 referens
2545 4703 2557 4740 :
2591 4701 2610 4735 ι
2646 4682 2839 4749 Vidua,
2868 4685 3065 4753 inquit,
3093 4686 3328 4756 eligatur
3351 4704 3455 4741 non

1875 4784 2057 4837 minus
2084 4796 2354 4836 annorum
2388 4780 2673 4850 sexaginta
2698 4778 2776 4844 ‘°;
2820 4797 2838 4829 ι
2887 4778 3084 4832 deinde
3129 4788 3184 4834 et
3235 4781 3454 4850 aliquod

1877 4872 2114 4929 fundens
2145 4873 2378 4943 pretium
2406 4871 2529 4926 talis
2563 4868 2843 4925 electionis
2878 4888 2891 4923 :
2933 4888 2951 4920 ι
2996 4868 3052 4924 Si
3087 4870 3227 4926 ﬁlios
3256 4873 3457 4926 educa-

1878 4968 1974 5031 vit,
2006 4967 2102 5033 ait,
2129 4967 2174 5022 si
2206 4974 2522 5021 sanctorum
2556 4962 2722 5033 pedes
2765 4962 2917 5025 lavit,
2956 4963 3000 5017 si
3044 4964 3452 5019 tribulationem

1875 5059 2212 5129 patientibus
2244 5056 2685 5113 subministravit
2719 5056 2801 5118 5';
2844 5073 2861 5106 ι
2927 5064 2979 5108 et
3029 5056 3149 5110 vide
3175 5057 3453 5125 quomodo

1873 5164 2187 5207 sanctorum
2213 5167 2357 5205 cura:
2382 5160 2436 5204 et
2482 5148 2720 5218 hospitio
2770 5157 2824 5203 et
2856 5149 3212 5219 eleemosyuae
3269 5151 3455 5219 splen-

186 5217 281 5285 ὅρα
317 5219 467 5283 ὅπως
507 5224 573 5291 τῇ
610 5223 717 5275 τῶν
745 5224 920 5291 ἁγίων
950 5226 1219 5299 θεραπείᾳ
1268 5230 1361 5281 καὶ
1401 5230 1645 5295 δεξιώσει
1679 5234 1773 5287 καὶ

1882 5244 2019 5299 denti
2055 5244 2199 5298 bono
2236 5244 2379 5298 circa
2416 5240 2555 5296 ﬁlios
2589 5217 2830 5295 studium
2860 5252 2914 5295 et
2940 5242 3005 5294 ad
3040 5244 3301 5295 virtutum
3326 5244 3453 5296 edu-

184 5307 261 5378 τῷ
280 5312 382 5378 τῆς
416 5312 542 5383 ἐλεη
554 5315 791 5384 μοσύνης
816 5315 1057 5388 λαμπρῷ
1087 5318 1497 5391 κατορθώματι,
1522 5322 1621 5392 τὴν
1644 5325 1773 5394 περὶ¹

1882 5336 2145 5390 sationem
2178 5334 2486 5404 conjunxit,
2514 5342 2564 5388 et
2606 5334 3051 5400 connumeravit;
3089 5334 3180 5388 sed
3216 5334 3304 5387 isti
3339 5337 3452 5403 qui-

186 5401 250 5451 τᾰ
277 5402 445 5455 τέκνα
495 5406 730 5476 σπουδὴν
785 5409 879 5460 καὶ
934 5409 1069 5478 πρὸς
1129 5412 1339 5481 ἀρετῶν
1392 5414 1772 5483 παιδαγωγίαν

1882 5426 1992 5481 Jem
2020 5426 2101 5480 sic
2134 5425 2368 5480 ﬁliorum
2396 5425 2748 5481 nutritionem
2778 5435 2833 5481 et
2874 5426 3110 5482 ﬁliorum
3144 5424 3451 5495 generatio-

187 5494 439 5560 συνέταξέ
469 5514 529 5549 τε
569 5498 666 5551 καὶ
714 5500 1123 5572 συνηρίθμησεν
1147 5518 1162 5534 ·
1197 5504 1312 5557 ἀλλ’
1344 5497 1490 5560 ὦτοι
1544 5508 1643 5577 μὲν
1667 5508 1761 5561 οὔ-

186 5600 288 5648 τως
337 5588 437 5658 τὴν
498 5595 891 5663 τεκνοτροφίαν
965 5597 1065 5648 καὶ
1129 5598 1477 5666 τεκνογονίαν
1529 5600 1757 5667 ἐξακού-

185 5690 350 5736 ουσιν.

252 5795 296 5825 ⁸⁸
323 5795 339 5851 1
368 5795 510 5852 Tim.
542 5815 598 5863 ν,
626 5800 677 5855 9.
757 5802 798 5835 ⁸⁸
826 5801 958 5858 ibid.
998 5805 1082 5858 10.

506 5894 777 5957 Ριιτιιοι..
822 5895 942 5957 Gn.
982 5898 1077 5979 Cl=

1872 5534 1997 5573 nem
2030 5518 2281 5574 audiunt.

2965 5899 3038 5962 15
