3884 6202
433 268 540 337 451

1600 265 1870 328 ΡΗΟΤΙῙ
1896 262 2413 326 ΡΑΤΒῙΑΒΕΗᾸΞ
2444 260 2671 327 ΟΡ.452

3618 259 3723 325 452

502 387 622 445 Non
653 386 811 459 pejus
840 392 1024 440 autem
1051 380 1196 438 forte
1225 380 1469 454 cogitare
1513 379 1756 435 ﬁliorum
1804 392 2029 448 genera-

2201 371 2276 425 Οὐ
2303 374 2490 443 χεῖρον
2519 372 2577 425 δὲ
2611 374 2745 438 ῖσως
2772 373 2974 427 ὲννοεῖν
3005 373 3353 443 τεκνογονίαν
3384 373 3453 445 ἢν
3503 374 3538 445 ἡ
3568 374 3722 429 εὐσε-

433 485 640 541 tionem
682 494 847 551 quam
868 478 1045 550 pietas
1074 477 1346 532 bonorum
1373 488 1602 546 operum
1653 480 1708 528 et
1756 470 2021 526 virtutum

432 586 647 633 rectum
676 572 960 645 complexa
988 583 1301 627 sermonem
1343 583 1441 639 per
1490 581 1662 638 puros
1713 572 1770 621 et
1824 562 2027 634 impol-

434 670 583 726 lutos
614 669 837 725 dolores
871 665 1176 738 parientem
1216 670 1272 719 et
1308 676 1437 717 vere
1471 659 1871 716 nobilissimam
1921 657 2025 711 im-

434 761 548 831 plet
576 758 983 832 generationem
1006 796 1021 821 ,
1071 770 1166 825 per
1196 768 1361 824 quam
1422 759 1536 807 tota
1571 757 1859 821 reparatur
1903 762 2027 819 quae

435 852 715 924 praacessit
746 848 1073 906 deminutio.
1107 845 1319 901 Revera
1371 850 1427 900 et
1472 858 1595 914 quae
1638 843 1773 898 tales
1809 841 2026 898 dolores

434 945 736 1018 pendentes
759 952 917 1015 partu
966 941 1166 997 multos
1202 939 1343 994 ﬁlios
1374 946 1704 1019 genuerunt,
1746 944 1801 991 et
1848 935 2022 1003 ﬁlias;

436 1039 740 1097 secundum
774 1051 940 1109 quam
974 1035 1212 1089 ﬁliorum
1248 1032 1577 1103 positionem
1601 1029 1952 1102 cognoscitur
1972 1036 2028 1083 et

436 1132 643 1190 sterilis
669 1131 892 1203 pariens
919 1138 1149 1199 septem,
1187 1136 1242 1183 et
1270 1141 1394 1197 quae
1426 1125 1628 1181 multas
1660 1125 1714 1179 in
1745 1123 1872 1179 ﬁliis
1911 1122 2027 1193 glo-

436 1226 515 1282 ria
541 1222 842 1296 superavit.
862 1221 995 1293 Ipsa:
1021 1229 1078 1276 et
1098 1219 1259 1274 illud:
1286 1237 1305 1271 ι
1329 1216 1765 1288 Multiplicamini
1791 1224 2028 1286 etaugec

434 1318 592 1382 mini,
617 1334 635 1366 ι
658 1313 768 1370 Deo
794 1312 1215 1369 ('onvenientius
1230 1320 1284 1365 et
1305 1309 1478 1381 magis
1501 1309 1720 1381 proprie
1737 1309 1790 1365 in
1814 1309 2026 1379 seipsas

434 1406 848 1471 transferentes,
873 1404 1203 1459 dominicam
1244 1404 1299 1457 in
1341 1403 1542 1473 seipsis
1577 1402 1877 1459 ostendunt
1923 1401 2027 1457 im-

433 1500 631 1572 pletam
663 1498 1125 1555 benedictionem.
1157 1495 1306 1553 Talis
1337 1496 1577 1551 ﬁliorum
1608 1495 1889 1567 generatio
1917 1510 2025 1549 non

433 1596 487 1650 in
515 1594 663 1651 solas
693 1608 759 1649 es
789 1590 1127 1648 commercio
1163 1590 1263 1645 viri
1298 1588 1439 1645 lilios
1483 1596 1833 1659 procreantes
1867 1586 2029 1643 femi-

432 1702 534 1742 nas
561 1683 970 1743 circumscribit
1003 1681 1341 1753 decrptionis
1369 1680 1725 1748 solutionem,
1755 1679 1849 1736 sed
1877 1689 1931 1736 et
1970 1679 2026 1735 in

432 1780 570 1835 alias
610 1778 873 1834 mulieres
907 1787 962 1833 et
1002 1775 1305 1848 praesertim
1355 1774 1595 1845 virgines
1639 1772 1901 1829 transfert
1930 1788 2024 1828 er-

432 1871 574 1926 roris
602 1870 1037 1935 correctionem;
1064 1868 1348 1923 salvantur
1375 1867 1520 1922 enim
1551 1880 1744 1921 omnes
1765 1881 1861 1935 per
1885 1880 2025 1934 quas

434 1973 888 2036 protoparentmn
946 1961 1249 2017 deminutio
1277 1958 1712 2014 distribuebatur
1732 1957 1825 2013 tali
1880 1957 2025 2012 ﬁlio-

433 2070 555 2109 rum
592 2052 962 2124 generatione,
1013 2048 1355 2120 deccptionis
1404 2046 1642 2102 dedecus
1687 2056 1740 2102 et
1805 2044 2022 2116 pondus

432 2146 731 2218 splendidis
756 2145 988 2215 justitiis
1021 2143 1267 2198 eluentcs
1295 2149 1350 2196 et
1384 2141 1606 2212 proprio
1636 2147 1795 2211 partu
1839 2138 2028 2194 Eccle-

432 2241 529 2295 size
556 2239 698 2294 ﬁlios
732 2236 1200 2307 multiplicantes;
1240 2243 1297 2291 et
1328 2233 1435 2289 ﬁde
1467 2243 1523 2288 et
1546 2233 1818 2288 charitate
1849 2242 1905 2288 et
1929 2247 2029 2301 per

433 2332 778 2404 prudentiam
812 2328 1248 2386 sanctiﬁcatione
1291 2326 1579 2382 illustratae
1620 2325 1676 2381 in
1732 2326 1889 2381 caelis
1919 2323 2027 2381 Pa-

434 2436 571 2483 trem
605 2418 914 2497 gloriﬁcare
939 2422 1086 2493 ipsas
1111 2419 1461 2491 inspicientes
1480 2429 1533 2475 et
1561 2417 2025 2490 pulchritudinem

431 2532 656 2589 operum
691 2516 970 2571 intuentes
993 2520 1313 2584 procurant.
1346 2509 1452 2565 Sed
1488 2509 1636 2565 enim
1683 2509 1765 2566 sic
1804 2508 2025 2579 quidem

431 2612 521 2669 isti
545 2626 653 2667 non
684 2610 887 2677 viliter,
918 2606 1132 2679 opinor,
1181 2605 1249 2662 ad
1294 2605 1728 2677 speculationem
1786 2603 2025 2660 litteram

432 2702 795 2759 attrahentes.

502 2881 610 2938 Alii
634 2895 765 2937 vero
797 2879 1034 2935 ﬁliorum
1062 2878 1473 2949 generationem
1506 2876 1777 2934 sacratius
1812 2886 1867 2934 et
1912 2876 2026 2932 Deo

432 2970 961 3037 couvenientiusfex
991 2967 1214 3039 Virgine
1275 2967 1574 3023 Salvatoris
1632 2965 1807 3022 nostri
1865 2979 2029 3021 sacro

434 3079 689 3119 sermone
704 3061 895 3115 dicunt
918 3059 1346 3131 generationem;
1365 3074 1460 3129 per
1480 3073 1644 3127 quam
1664 3056 1902 3112 ﬁliorqu
1926 3072 2023 3127 ge-
2055 3098 2098 3154 ο

436 3156 779 3212 iterationem
804 3168 913 3209 non
945 3152 1238 3206 mulierum
1274 3162 1474 3207 natura
1503 3151 1683 3206 solum
1724 3149 2026 3221 gloriﬁcata

437 3254 523 3300 est
550 3254 607 3300 et
632 3260 662 3299 a
690 3242 1010 3313 deceptione
1037 3242 1274 3297 dedecus
1304 3250 1359 3296 et
1388 3240 1905 3297 condemnationem
1930 3238 2031 3293 ab-

438 3325 646 3404 stersit,
678 3336 839 3390 ﬁdem
873 3341 928 3389 et
964 3332 1292 3389 cbaritatem
1318 3340 1373 3387 et
1403 3332 1899 3388 sanctiﬁcationcm
1931 3329 2026 3402 qui

436 3443 521 3491 est
552 3432 767 3489 fructus
814 3430 1123 3503 prudentiae
1151 3440 1449 3493 sectantes,
1491 3429 1588 3486 sed
1624 3439 1680 3485 et
1726 3445 1901 3502 genus
1945 3439 2029 3485 to-

436 3537 552 3581 tum
588 3523 829 3597 propriis
858 3532 912 3578 et
938 3523 1268 3579 voluntariis
1320 3522 1487 3592 geniti
1539 3523 1894 3593 passionibus
1944 3539 2029 3578 rc-

434 3628 688 3676 vocatum
716 3626 803 3674 est
840 3633 870 3672 a
912 3617 1068 3687 lapsu
1100 3624 1155 3672 et
1196 3617 1369 3671 multo
1399 3616 1675 3672 diviniore
1699 3632 1867 3687 quam
1900 3628 2027 3672 ante

434 3711 802 3783 praecipitium
832 3718 982 3766 sorte
1000 3709 1165 3781 digna
1213 3709 1396 3763 habita
1424 3717 1508 3764 est
1538 3716 1593 3764 et
1618 3707 1902 3764 fruitione.
1928 3707 2024 3763 Vs

436 3813 622 3858 autem
670 3802 848 3873 magis
881 3802 1093 3857 discere
1127 3800 1405 3871 quomodo
1443 3800 1785 3869 deceptionis
1826 3799 2026 3856 mulier

435 3910 533 3965 per
557 3894 760 3949 dictam
790 3892 1030 3946 ﬁliorum
1053 3891 1463 3962 generationem
1494 3889 2020 3946 condemnationem

433 3982 646 4053 eﬁ‘ugit,
668 3992 723 4038 et
754 3982 960 4039 donum
995 3982 1203 4051 accepit
1238 3980 1587 4036 remissionis
1608 3980 1633 4035 ‘2
1658 3981 1809 4050 prius
1845 3980 2050 4035 emol-v

434 4076 546 4131 lita:
591 4077 657 4129 ad
713 4073 985 4144 serpentis
1048 4072 1290 4145 linguam
1360 4074 1675 4129 sibilantem
1718 4087 1876 4128 sacra
1920 4073 2023 4127 hac

433 4178 490 4225 et
510 4184 652 4224 nova
686 4182 817 4223 vere
851 4166 953 4221 sub
984 4167 1126 4223 coelo
1183 4167 1420 4223 ﬁliorum
1476 4167 1832 4239 generatione
1893 4182 2021 4238 pro-

2129 462 2252 517 ὕεια
2280 462 2389 516 τῶν
2425 462 2739 518 σπουδαίων
2782 463 2962 535 ἔργων
3002 466 3099 519 καὶ
3143 464 3587 537 κατορθωμάτων
3633 465 3721 521 τὸν

2128 555 2289 627 ὀρθὸν
2328 554 2677 610 συλλαϐοῦσα
2704 555 2864 625 λόγον
2893 556 2995 628 τὴν
3027 556 3118 612 διὰ
3160 557 3425 629 καθαρῶν
3458 559 3553 612 καὶ
3583 558 3719 626 ἀμο-

2126 644 2335 701 λύντων
2360 646 2568 702 ὠδίνων
2598 647 3042 718 ἀποτικτομὲνην
3072 648 3168 702 καὶ
3222 648 3300 712 ὡς
3328 647 3546 719 ἀληθῶς
3574 651 3723 719 εὐγεο

2126 743 2390 813 νεστάτην
2418 740 2677 814 πληθύνει
2710 742 2899 812 γονὴν,
2932 737 3086 815 δι’ἦς
3126 741 3273 797 ἆπαν
3298 742 3653 797 ἀνακαλεῖται
3666 745 3724 799 τὸ

2128 833 2344 902 φθάσαν
2385 833 2702 904 ἐλάττωμα.
2739 831 2832 904 Τῷ
2884 831 2997 887 ὄντι
3034 832 3143 901 xuii
3166 834 3223 888 αί
3245 834 3503 899 τοιαύτας
3535 834 3725 899 ὠδῖνας

2126 926 2353 980 λύουσαι
2374 925 2454 995 τῷ
2470 926 2616 997 τόκῳ
2636 924 2865 988 πολλοὺς
2881 925 3031 989 υἱοὺς
3051 924 3427 981 ὲτεκνώσαντο
3446 925 3545 981 xui.
3564 926 3726 996 θυγα-

2124 1018 2292 1090 τέρας
2316 1035 2331 1050 ⁶
2352 1018 2473 1073 καθ’
2496 1020 2564 1091 ἢν
2583 1017 2858 1072 υἱοθεσίαν
2874 1015 3206 1086 γινώσκεται
3249 1017 3348 1072 καὶ
3371 1018 3408 1089 ἡ
3433 1020 3629 1090 στεῖρα
3647 1018 3724 1071 τί-

2124 1130 2331 1167 κτουσα
2350 1110 2511 1178 ἑπτὰ,
2526 1112 2624 1167 καὶ
2642 1110 2741 1183 τὴν
2757 1109 2963 1182 πολλὴν
2985 1111 3044 1164 ὲν
3067 1110 3283 1175 τέκνοις
3314 1109 3724 1182 παρευδοκιμηο

2128 1221 2302 1259 σασα·
2323 1200 2483 1260 αὗται
2517 1204 2616 1258 καὶ
2640 1202 2724 1257 τό*
2756 1219 2777 1255 ε
2815 1200 3159 1274 Πληθύνεσθε
3202 1201 3300 1255 καὶ
3332 1200 3659 1268 αύξάνεσθε,
3698 1220 3718 1253 ο

2128 1296 2597 1369 θεοπρὲπεστερόν
2619 1312 2678 1350 τε
2698 1295 2791 1349 καὶ
2809 1293 3137 1366 οίκειότερον
3154 1294 3235 1358 είς
3257 1294 3460 1358 ἑαυτάς
3481 1294 3723 1365 μεταφέ-

2128 1406 2224 1462 ρου
2232 1405 2343 1455 σαι,
2357 1388 2457 1461 τὴν
2468 1389 2536 1441 Δε
2544 1385 2808 1455 σποτικὴν
2819 1386 2878 1439 ὲν
2890 1380 3372 1449 ἑαυταῖς⁸5εικνύου
3379 1402 3464 1439 σιν
3477 1384 3726 1454 εὐθηνου-

2131 1481 2300 1554 μένην
2314 1481 2565 1549 εὐλογίαν
2580 1496 2593 1510 ·
2614 1480 2649 1552 ἡ
2664 1479 2885 1558 τοιαύτη
2902 1477 3215 1547 τεκνογονία
3225 1477 3328 1531 οὐκ
3348 1477 3431 1540 είς
3448 1476 3618 1546 μόνας
3632 1477 3729 1539 τὰς

2128 1574 2190 1640 ἐξ
2220 1565 2439 1646 ὁμιλίας
2472 1572 2664 1646 ἀνδρὸς
2695 1573 3053 1637 παιδοποιοῦς
3095 1572 3364 1641 γυναῖκας
3398 1568 3729 1641 περιγράφει

2133 1668 2233 1739 τῆς
2262 1668 2484 1738 ἀπάτης
2531 1666 2631 1738 τὴν
2672 1666 2943 1732 διάλυσιν,
2995 1663 3133 1719 ἀλλά
3170 1663 3265 1717 καὶ
3298 1664 3383 1726 είς
3432 1663 3536 1726 τὰς
3567 1662 3729 1724 άλλας

2130 1759 2237 1813 τῶν
2258 1758 2537 1829 γυναικῶν
2567 1758 2664 1813 καὶ
2705 1759 2945 1831 μάλιστα
2972 1756 3073 1822 τάς
3126 1755 3433 1827 παρθένους
3476 1753 3730 1808 διαὸιὸἁο

2129 1850 2335 1915 ζειτοῦ
2397 1851 2717 1923 σφάλματος
2768 1852 2870 1923 τὴν
2922 1849 3250 1921 διόρθωσινθ
3285 1845 3560 1913 σώζονται
3622 1844 3731 1916 γὰρ

2128 1946 2263 1998 πᾶσι
2315 1944 2438 1998 καθ’
2469 1937 2544 1998 ὧν
2573 1945 2634 1998 τὸ
2688 1944 3022 2015 προγονικὸν
3083 1943 3380 2013 ἐλάττωμα
3428 1938 3732 2010 ἐπενέμετο

2126 2035 2214 2088 διὰ
2244 2036 2348 2106 τῆς
2370 2036 2629 2107 τοιαύτης
2662 2036 3033 2105 τεκνογονίας,
3057 2034 3121 2089 τὸ
3155 2033 3256 2106 τῆς
3287 2033 3506 2105 ἀπάτης
3541 2028 3731 2102 αἷσι-ος

2126 2129 2222 2184 καὶ
2252 2128 2417 2200 ἀχθος
2446 2129 2725 2203 λαμπροῖς
2777 2129 3012 2194 δικαίοις
3059 2127 3591 2198 ἀποσκευαζόμεναι
3639 2126 3733 2178 καὶ

2126 2221 2204 2292 τῷ
2230 2222 2415 2294 οίκείῳ
2443 2222 2590 2293 τόκῳ
2616 2222 2718 2292 τῆς
2754 2221 3085 2291 Ἐκκλησίας
3110 2220 3181 2276 τά
3222 2220 3391 2275 τέκνα
3419 2217 3730 2289 πληθύνον-

2129 2331 2220 2368 σαι
2246 2332 2260 2347 ·
2285 2317 2379 2368 καὶ
2403 2316 2471 2387 τῇ
2506 2314 2688 2368 πίστει
2717 2315 2813 2369 καὶ
2830 2314 3022 2388 ἀγάπῃ
3045 2313 3141 2369 καὶ
3162 2312 3241 2384 τῷ
3265 2311 3353 2367 διά
3377 2314 3477 2384 τῆς
3514 2327 3733 2381 σωφρο-

2130 2408 2299 2480 σύνης
2327 2407 2591 2481 ἁγιασμῷ
2617 2407 3076 2480 λαμπρυνόμεναι
3118 2405 3213 2460 τὸν
3243 2407 3301 2459 ὲν
3326 2405 3583 2476 οὐρανοῖς
3623 2404 3733 2456 Πα-

2127 2500 2263 2573 τέρα
2302 2499 2549 2567 δοξάζειν
2574 2499 2703 2565 τοὺς
2735 2500 2816 2565 είς
2849 2499 3023 2563 αύτὰς
3060 2499 3307 2571 ὁρῶντας
3336 2500 3431 2552 καὶ
3462 2500 3566 2568 τὴν
3599 2498 3731 2550 καλ-

2126 2592 2286 2664 λονὴν
2318 2592 2428 2648 τῶν
2461 2592 2639 2664 ἔργων
2668 2589 3122 2655 ἀνασκοποῦντας
3168 2588 3729 2662 παρασκευάζουσιν·

2130 2684 2268 2739 ἀλλὰ
2297 2686 2405 2756 γὰρ
2443 2683 2587 2739 οὕτω
2628 2683 2728 2756 μὲν
2757 2678 2907 2738 οὗτοι
2961 2683 3023 2737 ού
3081 2682 3327 2753 φαύλως,
3362 2676 3546 2754 οἶμαι,
3597 2677 3735 2749 πρὴ

2130 2777 2361 2847 θεωρίαν
2402 2776 2464 2830 τὸ
2496 2776 2736 2849 γράμμα
2767 2776 3111 2840 ἀνέλκοντες.

2201 2872 2264 2924 υἱ
2294 2870 2351 2924 δὲ
2377 2871 2726 2941 τεκνογονίαν
2762 2868 3057 2941 ἱερώτερον
3098 2886 3157 2922 τε
3186 2870 3283 2923 καλ⁵
3321 2867 3734 2938 θεοπρεπέστε-

2132 2982 2227 3037 ρον
2256 2963 2356 3038 τὴν
2391 2965 2457 3019 ὲκ
2494 2965 2594 3035 τῆς
2634 2963 2918 3035 Παρθένου
2953 2963 3049 3017 τοῦ
3084 2964 3341 3035 Σωτῆρος
3387 2964 3552 3035 ἡμῶν
3588 2968 3734 3039 ἱερο-

2131 3056 2353 3126 λογοῦσι
2374 3055 2631 3129 γέννησιν
2651 3074 2664 3087 ·
2689 3056 2758 3111 δι’
2787 3051 2857 3130 ἧς
2877 3053 3226 3125 τεκνογονίας
3263 3055 3326 3108 ού
3374 3054 3486 3109 τῶν
3531 3072 3734 3125 γυναι.

2134 3150 2245 3204 κῶν
2277 3150 2311 3221 ἠ
2339 3149 2503 3221 φύσις
2532 3149 2696 3220 μόνον
2723 3147 2989 3219 ἐδοξάσθη
3018 3148 3114 3202 καὶ
3134 3146 3234 3220 τὴν
3260 3146 3369 3202 ἀπὸ
3390 3148 3491 3217 τῆς
3510 3149 3736 3221 ἀπάτης

2133 3240 2291 3315 ὕϐριν
2338 3241 2434 3297 καὶ
2491 3241 2842 3311 κατάγνωσιν
2898 3239 3343 3305 ἀπεσκευάσατο,
3392 3240 3589 3295 πίστιν
3643 3246 3738 3297 καὶ

2130 3333 2353 3403 ἀγάπην
2379 3337 2474 3387 καὶ
2508 3332 2807 3404 ἀγιασμὸν,
2839 3334 2897 3398 ὃς
2927 3333 3043 3387 ἐστι
3078 3331 3295 3403 καρπὸς
3313 3333 3412 3404 τῆς
3444 3336 3737 3406 σωφροσύ-

2131 3444 2228 3497 νης
2262 3427 2684 3499 μετερχόμεναι,
2718 3426 2857 3480 ἀλλά
2911 3426 3009 3480 καὶ
3055 3426 3116 3480 τὸ
3154 3426 3312 3496 γένος
3353 3425 3479 3481 ὅλον
3504 3428 3735 3491 οἰκείοις

2130 3519 2226 3571 καὶ
2267 3519 2537 3583 ἑκουσίοις
2586 3518 2681 3573 τοῦ
2733 3518 3022 3590 τεχθέντος
3071 3520 3397 3591 παθήμασιν
3444 3520 3733 3591 ἀνεκλήθη

2088 3656 2089 3659 η
2128 3611 2224 3665 τοῦ
2253 3611 2547 3682 πτώματος
2572 3613 2667 3666 καὶ
2713 3608 2894 3683 πολλῴ
2929 3612 3213 3685 θειοτέρας
3241 3614 3276 3686 ἢ
3307 3612 3416 3685 πρὸ
3460 3612 3559 3667 τοῦ
3598 3631 3735 3669 κατ-

2127 3704 2417 3776 ενεχθῆναι
2466 3703 2674 3774 λήξεως
2716 3705 3036 3779 κατηξιώθη
3084 3705 3180 3761 καὶ
3215 3706 3605 3771 ἀπολαύσεως.
3636 3708 3735 3763 Θέ-

2127 3796 2243 3861 λεις
2294 3796 2352 3850 δὲ
2411 3796 2617 3868 μᾶλλον
2678 3797 3028 3870 καταμαθεῖν
3082 3799 3232 3863 ὅπως
3285 3798 3388 3869 τῆς
3436 3799 3732 3872 ἀπάτηςή

2126 3890 2266 3961 γυνὴ
2289 3890 2381 3943 διὰ
2404 3891 2504 3961 τῆς
2546 3890 2847 3962 εἰρημένης
2893 3891 3241 3961 τεκνογονίας
3289 3892 3389 3960 τὴν
3430 3891 3599 3962 δίκην
3651 3893 3730 3946 δι-

2128 3983 2319 4052 έφυγε,
2364 3983 2461 4038 καὶ
2504 3984 2566 4038 τὸ
2593 3984 2766 4055 δῶρον
2810 3983 2969 4039 ἐλειὸε
3022 3984 3123 4055 τῆς
3161 3984 3411 4064 ἀςλέσεως
3440 4002 3456 4051 ;
3487 3986 3555 4038 Δί
3598 3986 3731 4054 πρὶν

2129 4076 2549 4146 μαλακισθεῖσαι
2608 4075 2748 4147 πρὸς
2799 4077 2900 4147 τὴν
2949 4074 3045 4129 τοῦ
3098 4075 3279 4146 ὄφεως
3335 4075 3597 4145 γλῶσσαν
3638 4077 3731 4148 ψιο

2127 4168 2462 4237 θυρίζουσαν
2515 4169 2616 4238 τῆς
2696 4170 2848 4239 ἱερᾶς
2919 4169 3127 4239 ταύτης
3216 4170 3313 4223 καὶ
3381 4170 3580 4239 καινῆς
3653 4171 3730 4234 ὡς

434 4276 648 4333 gressa,
677 4269 1037 4333 tyrannorum
1071 4259 1274 4331 linguis
1318 4275 1378 4316 se
1407 4269 1744 4331 opponentes
1780 4260 2023 4316 oratorie

2133 4259 2342 4331 ἀληθῶς
2390 4258 2496 4315 ὑπὸ
2545 4261 2637 4315 τὸν
2670 4261 2827 4332 ἥλιον
2893 4260 3245 4331 τεκνογονίας
3301 4260 3687 4333 προελθούσης
3710 4306 3728 4327 ,

433 4352 760 4410 docentibus
801 4351 1180 4423 impietatem;
1226 4361 1281 4407 et
1307 4356 1485 4423 poenis
1535 4369 1646 4409 non
1681 4354 1862 4410 solum
1896 4355 2019 4410 visu

2133 4351 2408 4422 τυράννων
2480 4351 2755 4422 γλώσσαις
2836 4355 3309 4409 ἀντικαταστιῖσαι
3388 4357 3728 4428 ρητορευού-

434 4460 614 4518 neque
662 4451 914 4516 expertu,
968 4444 1065 4501 sed
1130 4452 1186 4500 et
1214 4445 1359 4500 dictu
1407 4445 2025 4502 liorrendissimislaetaa

2133 4461 2254 4508 σαις
2318 4445 2418 4518 τὴν
2478 4446 2736 4502 ἀσέϐειαν
2769 4458 2784 4473 ’
2842 4448 2937 4501 καὶ
3011 4448 3212 4502 ποινῶν
3267 4448 3331 4502 ού
3384 4448 3547 4519 μόνον
3593 4450 3726 4504 ἰδεῖν

433 4546 490 4593 et
523 4536 846 4609 gloriantes,
887 4536 944 4591 in
976 4535 1171 4591 multis
1198 4550 1342 4608 saepe
1365 4553 1474 4593 non
1506 4538 1755 4595 minores
1782 4538 2025 4594 homini-

2133 4537 2236 4591 οὐδ’
2270 4539 2353 4603 εἰς
2382 4540 2581 4609 πεῖραν
2613 4538 2812 4606 ἐλθεῖν,
2845 4538 2982 4594 ἁλλά
3009 4542 3106 4594 καὶ
3131 4543 3309 4595 εἰπεῖν
3335 4540 3725 4612 φρικωδεστάο

433 4631 538 4687 bus
563 4629 727 4687 luetis
774 4637 830 4686 et
889 4629 1290 4687 certaminibus
1347 4631 1727 4688 excelluerunt
1767 4642 1864 4700 ;et
1910 4647 2022 4688 non

2133 4647 2259 4697 των,
2318 4633 2895 4704 κατευμεγεθήσασαι,
2943 4634 3003 4687 ὲν
3063 4633 3281 4698 πολλοῖς
3323 4633 3589 4699 πολλάκις
3621 4636 3727 4690 οὐκ

434 4723 733 4779 mulierum
773 4722 954 4780 solum
982 4722 1080 4780 sed
1119 4730 1176 4780 et
1195 4723 1442 4781 virorum
1476 4724 1609 4782 visae
1651 4734 1783 4781 sunt
1803 4726 2023 4797 pietatis

2133 4722 2386 4789 ἐλάττους
2408 4723 2518 4778 τῶν
2551 4723 2764 4797 ἀνδρῶν
2803 4724 2934 4791 τοὺς
2970 4724 3171 4791 ἄθλους
3217 4730 3313 4781 καὶ
3340 4726 3467 4787 τοὺς
3497 4727 3727 4795 ἀγῶνας

443 4816 724 4886 magistra:
739 4824 794 4871 et
819 4830 919 4887 pro
944 4815 1169 4873 Christo
1198 4816 1394 4873 acerba
1424 4816 1694 4889 supplicia
1727 4828 1782 4874 et
1813 4828 2019 4876 mortes

2133 4815 2458 4888 διήνεγκανο
2491 4817 2587 4872 καὶ
2609 4817 2671 4873 ού
2702 4818 2985 4888 γυναικῶν
3014 4819 3178 4891 μόνον
3205 4819 3343 4875 ἀλλά
3371 4818 3467 4874 καὶ
3505 4819 3727 4888 ἀνδρῶν

435 4919 491 4964 et
547 4908 958 4964 immolationes
1001 4922 1268 4979 generoso
1316 4918 1372 4965 et
1406 4909 1737 4965 inconcusso
1791 4919 1846 4965 et
1897 4909 2021 4963 laeto

2133 4907 2397 4980 ὤφθησαν
2456 4910 2557 4982 τῆς
2604 4910 2892 4975 εὐσεϐείας
2935 4911 3276 4979 διδάσκαλοι,
3301 4913 3397 4966 καὶ
3424 4912 3527 4975 τὰς
3575 4912 3724 4983 ὑπὲρ

435 5000 818 5058 sustinuerunt
846 5001 1051 5058 animo.

2133 4999 2372 5071 Χριστοῦ
2403 5002 2608 5073 πικρὰς
2627 5002 2903 5074 τιμωρίας
2930 5003 3028 5059 καὶ
3056 5004 3184 5069 τοὺς
3212 5004 3475 5067 θανάτους
3503 5003 3599 5056 καὶ
3621 5003 3725 5064 τὰς

2129 5095 2348 5162 σφαγὰς
2376 5096 2611 5167 γενναίῳ
2645 5097 2742 5150 καὶ
2772 5097 3191 5170 ἀκαταπλήκτῳ
3226 5098 3321 5153 καὶ
3345 5096 3722 5167 εὐφραινομέ-

2126 5203 2201 5257 νῳ
2237 5185 2551 5258 ὑπέστησαν
2583 5186 2663 5260 τῷ
2685 5191 3021 5261 φρονήματι.

739 5265 1069 5334 QUxESTlO
1111 5265 1324 5323 Lxxut
1359 5266 1463 5342 [αι.
1493 5266 1729 5342 LXXII].

440 5357 713 5425 Quomodo
738 5358 1076 5428 intelligenda
1099 5359 1208 5413 sint
1239 5359 1391 5415 verba
1407 5361 1530 5421 illa,
1548 5379 1566 5412 ι
1588 5360 1691 5427 Qui
1727 5362 2020 5417 manduca-

508 5432 637 5483 verit
675 5430 810 5482 hunc
839 5445 1028 5497 panem
1063 5440 1112 5483 et
1141 5431 1329 5485 biberit
1372 5432 1592 5486 calicem
1620 5432 1835 5487 Domini
1876 5436 2020 5489 indi-

507 5517 626 5624 gnte,
664 5516 779 5555 reus
810 5501 911 5554 erit
943 5500 1181 5570 corporis
1235 5511 1285 5556 et
1320 5504 1594 5574 sanguinis
1642 5504 1879 5573 Domini,
1917 5524 1936 5558 ι
1967 5514 2019 5561 et

507 5587 563 5625 ιδ
588 5586 729 5642 aqua.

2674 5280 3017 5334 ΕΡΩΤΗΣΙΣ
3055 5281 3175 5335 Ol".

2127 5366 2259 5434 Πῶς
2300 5368 2553 5452 νοηζέοτς
2579 5369 2670 5435 τὸ,
2691 5389 2721 5452 ιι
2755 5374 2861 5436 Ὃς
2879 5371 2969 5452 ,ἂν
2996 5372 3171 5452 ἐσθίῃ
3191 5370 3533 5452 Ξὸνὶᾶρςον
3565 5369 3718 5452 ⁵(οὓς

2197 5456 2323 5512 ζον,
2349 5439 2620 5512 καίμπίνῃ
2646 5441 2722 5512 to;
2741 5442 3032 5512 ποτήριον
3057 5439 3163 5497 τοῦ
3183 5442 3405 5512 Κυρίου
3430 5440 3718 5512 ἀναξίως.

2134 5513 2149 5526 ’
2196 5509 2407 5593 ξτοχος
2438 5509 2738 5593 saturem?
2771 5509 3048 5593 σώματος
3076 5511 3307 5568 καὶτοῦ
3335 5512 3586 5583 αἵματος
3614 5510 3721 5563 τοῦ

2196 5582 2446 5647 Κυρίου,
2486 5599 2503 5633 ι
2544 5580 2739 5635 καὶτὰ
2765 5580 2934 5650 ἑξῆς.

1279 5664 1418 5716 Edita
1442 5680 1467 5716 a
1488 5666 1629 5727 Maio,
1654 5668 1781 5720 Nov.
1807 5668 1931 5720 Cou.
1959 5676 1998 5736 ιη
2025 5673 2064 5737 ι,
2089 5688 2140 5737 ρ.
2167 5670 2394 5720 ιεο-ιει.
2423 5672 2475 5722 ln
2518 5673 2538 5722 1
2560 5674 2671 5724 Cor.
2710 5689 2779 5735 ιι,
2802 5675 2880 5725 27.

511 5749 562 5803 1.
625 5747 889 5806 Dominici
949 5750 1197 5821 corporis
1256 5753 1648 5824 sanguin’squc
1705 5758 1986 5827 sumptio,

2192 5754 2261 5811 α’.
2293 5757 2356 5813 ’ίί
2383 5758 2685 5829 μετάληψις
2718 5758 2811 5814 τοῦ
2848 5757 3179 5815 Δεσποτικοῦ
3220 5758 3470 5829 σώματος
3504 5757 3597 5811 καὶ
3637 5757 3719 5811 αῖ-
