  <div class='ocr_page' id='page_1' title='image "/cluster/home/n/w/nwhite01/storage/ocr_20150623/101/hvd.32044018872879/250.png"; bbox 0 0 3884 6202; ppageno 0'>
   <div class='ocr_carea' id='block_1_1' title="bbox 249 302 359 367">
    <p class='ocr_par' dir='ltr' id='par_1_1' title="bbox 249 302 359 367">
     <span class='ocr_line' id='line_1_1' title="bbox 249 302 359 367; baseline 0 0"><span class='ocrx_word' id='word_1_1' title='bbox 249 302 359 367; x_wconf 69' lang='grc'><strong>153</strong></span> 
     </span>
    </p>
   </div>
   <div class='ocr_carea' id='block_1_2' title="bbox 1190 309 2564 383">
    <p class='ocr_par' dir='ltr' id='par_1_2' title="bbox 1190 309 2564 383">
     <span class='ocr_line' id='line_1_2' title="bbox 1190 309 2564 383; baseline 0.004 -14"><span class='ocrx_word' id='word_1_2' title='bbox 1190 310 1289 370; x_wconf 84' lang='lat' dir='ltr'>AD</span> <span class='ocrx_word' id='word_1_3' title='bbox 1328 310 1924 372; x_wconf 73' lang='lat' dir='ltr'><strong>AMPHILOCHIUM</strong></span> <span class='ocrx_word' id='word_1_4' title='bbox 1962 309 2311 383; x_wconf 71' lang='lat' dir='ltr'><strong>QUIESTIO</strong></span> <span class='ocrx_word' id='word_1_5' title='bbox 2351 312 2564 375; x_wconf 87' lang='lat' dir='ltr'><strong>LXXI.</strong></span> 
     </span>
    </p>
   </div>
   <div class='ocr_carea' id='block_1_3' title="bbox 3405 316 3506 382">
    <p class='ocr_par' dir='ltr' id='par_1_3' title="bbox 3405 316 3506 382">
     <span class='ocr_line' id='line_1_3' title="bbox 3405 316 3506 382; baseline 0.02 -2"><span class='ocrx_word' id='word_1_6' title='bbox 3405 316 3506 382; x_wconf 62' lang='lat' dir='ltr'><strong>(Si</strong></span> 
     </span>
    </p>
   </div>
   <div class='ocr_carea' id='block_1_4' title="bbox 244 414 1824 497">
    <p class='ocr_par' dir='ltr' id='par_1_4' title="bbox 244 414 1824 493">
     <span class='ocr_line' id='line_1_4' title="bbox 244 414 1824 493; baseline 0.003 -24"><span class='ocrx_word' id='word_1_7' title='bbox 244 430 419 485; x_wconf 78' lang='grc' dir='ltr'>ματος</span> <span class='ocrx_word' id='word_1_8' title='bbox 439 414 612 485; x_wconf 78' lang='grc' dir='ltr'>τροφή</span> <span class='ocrx_word' id='word_1_9' title='bbox 634 431 718 479; x_wconf 88' lang='grc' dir='ltr'><strong>τις</strong></span> <span class='ocrx_word' id='word_1_10' title='bbox 737 415 873 471; x_wconf 77' lang='grc' dir='ltr'>οὖσα</span> <span class='ocrx_word' id='word_1_11' title='bbox 893 418 1058 491; x_wconf 83' lang='grc' dir='ltr'>νοερά</span> <span class='ocrx_word' id='word_1_12' title='bbox 1075 421 1173 474; x_wconf 78' lang='grc' dir='ltr'>καὶ</span> <span class='ocrx_word' id='word_1_13' title='bbox 1187 422 1287 485; x_wconf 86' lang='grc' dir='ltr'><strong>τάς</strong></span> <span class='ocrx_word' id='word_1_14' title='bbox 1305 421 1543 492; x_wconf 75' lang='grc' dir='ltr'>ψυχικάς</span> <span class='ocrx_word' id='word_1_15' title='bbox 1566 422 1824 493; x_wconf 86' lang='grc' dir='ltr'>δυνάμεις</span> 
     </span>
    </p>
   </div>
   <div class='ocr_carea' id='block_1_5' title="bbox 1929 414 3511 497">
    <p class='ocr_par' dir='ltr' id='par_1_5' title="bbox 1932 422 3511 497">
     <span class='ocr_line' id='line_1_5' title="bbox 1932 422 3511 497; baseline 0.006 -23"><span class='ocrx_word' id='word_1_16' title='bbox 1932 436 2055 490; x_wconf 66' lang='lat' dir='ltr'><strong>quae</strong></span> <span class='ocrx_word' id='word_1_17' title='bbox 2088 431 2173 476; x_wconf 87' lang='lat' dir='ltr'><strong>est</strong></span> <span class='ocrx_word' id='word_1_18' title='bbox 2221 422 2602 479; x_wconf 76' lang='lat' dir='ltr'><strong>intellectualis</strong></span> <span class='ocrx_word' id='word_1_19' title='bbox 2632 424 2879 492; x_wconf 82' lang='lat' dir='ltr'><strong>quaedam</strong></span> <span class='ocrx_word' id='word_1_20' title='bbox 2915 435 3081 497; x_wconf 72' lang='lat' dir='ltr'><strong>atque</strong></span> <span class='ocrx_word' id='word_1_21' title='bbox 3121 427 3319 483; x_wconf 77' lang='lat' dir='ltr'><strong>anima:</strong></span> <span class='ocrx_word' id='word_1_22' title='bbox 3368 429 3511 484; x_wconf 82' lang='lat' dir='ltr'><strong>vires</strong></span> 
     </span>
    </p>
   </div>
   <div class='ocr_carea' id='block_1_6' title="bbox 242 505 1827 584">
    <p class='ocr_par' dir='ltr' id='par_1_6' title="bbox 242 505 1827 584">
     <span class='ocr_line' id='line_1_6' title="bbox 242 505 1827 584; baseline 0.006 -26"><span class='ocrx_word' id='word_1_23' title='bbox 242 505 691 577; x_wconf 84' lang='grc' dir='ltr'>ἀναρωννύουσα,</span> <span class='ocrx_word' id='word_1_24' title='bbox 722 508 844 562; x_wconf 74' lang='grc' dir='ltr'>ἐπεὶ</span> <span class='ocrx_word' id='word_1_25' title='bbox 874 508 954 580; x_wconf 87' lang='grc' dir='ltr'><strong>τῷ</strong></span> <span class='ocrx_word' id='word_1_26' title='bbox 990 510 1053 563; x_wconf 83' lang='grc' dir='ltr'><strong>ἐκ</strong></span> <span class='ocrx_word' id='word_1_27' title='bbox 1080 510 1261 581; x_wconf 81' lang='grc' dir='ltr'>ψυχῆς</span> <span class='ocrx_word' id='word_1_28' title='bbox 1297 512 1393 565; x_wconf 68' lang='grc' dir='ltr'>καὶ</span> <span class='ocrx_word' id='word_1_29' title='bbox 1426 512 1676 584; x_wconf 84' lang='grc' dir='ltr'>σώματος</span> <span class='ocrx_word' id='word_1_30' title='bbox 1703 529 1827 565; x_wconf 79' lang='grc' dir='ltr'>συν-</span> 
     </span>
    </p>
   </div>
   <div class='ocr_carea' id='block_1_7' title="bbox 244 597 1830 674">
    <p class='ocr_par' dir='ltr' id='par_1_7' title="bbox 244 597 1830 674">
     <span class='ocr_line' id='line_1_7' title="bbox 244 597 1830 674; baseline 0.004 -25"><span class='ocrx_word' id='word_1_31' title='bbox 244 597 445 651; x_wconf 86' lang='grc' dir='ltr'>εστῶτι</span> <span class='ocrx_word' id='word_1_32' title='bbox 504 599 871 670; x_wconf 75' lang='grc' dir='ltr'><strong>προσφέρεται</strong></span> <span class='ocrx_word' id='word_1_33' title='bbox 902 599 1047 673; x_wconf 82' lang='grc' dir='ltr'>ζὼῳ,</span> <span class='ocrx_word' id='word_1_34' title='bbox 1092 602 1151 655; x_wconf 88' lang='grc' dir='ltr'><strong>ἐν</strong></span> <span class='ocrx_word' id='word_1_35' title='bbox 1192 605 1478 674; x_wconf 80' lang='grc' dir='ltr'>σωματικῇ</span> <span class='ocrx_word' id='word_1_36' title='bbox 1524 602 1688 673; x_wconf 71' lang='grc' dir='ltr'>οὐσίᾳ</span> <span class='ocrx_word' id='word_1_37' title='bbox 1730 603 1830 656; x_wconf 71' lang='grc' dir='ltr'>καὶ</span> 
     </span>
    </p>
   </div>
   <div class='ocr_carea' id='block_1_8' title="bbox 242 690 1828 767">
    <p class='ocr_par' dir='ltr' id='par_1_8' title="bbox 242 690 1828 767">
     <span class='ocr_line' id='line_1_8' title="bbox 242 690 1828 767; baseline 0.003 -23"><span class='ocrx_word' id='word_1_38' title='bbox 242 691 385 762; x_wconf 84' lang='grc' dir='ltr'>αὐτὴ</span> <span class='ocrx_word' id='word_1_39' title='bbox 422 690 523 761; x_wconf 84' lang='grc' dir='ltr'>τὴν</span> <span class='ocrx_word' id='word_1_40' title='bbox 553 694 929 763; x_wconf 81' lang='grc' dir='ltr'>πνευματικὴν</span> <span class='ocrx_word' id='word_1_41' title='bbox 961 694 1122 766; x_wconf 80' lang='grc' dir='ltr'>χάριν</span> <span class='ocrx_word' id='word_1_42' title='bbox 1146 696 1241 751; x_wconf 70' lang='grc' dir='ltr'>καὶ</span> <span class='ocrx_word' id='word_1_43' title='bbox 1272 696 1364 750; x_wconf 81' lang='grc' dir='ltr'>τὸν</span> <span class='ocrx_word' id='word_1_44' title='bbox 1391 696 1665 767; x_wconf 81' lang='grc' dir='ltr'>ἀγιασμδν</span> <span class='ocrx_word' id='word_1_45' title='bbox 1695 713 1828 766; x_wconf 65' lang='grc' dir='ltr'>παρα</span> 
     </span>
    </p>
   </div>
   <div class='ocr_carea' id='block_1_9' title="bbox 240 784 1827 859">
    <p class='ocr_par' dir='ltr' id='par_1_9' title="bbox 240 784 1827 859">
     <span class='ocr_line' id='line_1_9' title="bbox 240 784 1827 859; baseline 0.003 -22"><span class='ocrx_word' id='word_1_46' title='bbox 240 784 363 855; x_wconf 81' lang='grc' dir='ltr'>έχει</span> <span class='ocrx_word' id='word_1_47' title='bbox 383 800 401 816; x_wconf 74' lang='grc' dir='ltr'><strong><em>ο</em></strong></span> <span class='ocrx_word' id='word_1_48' title='bbox 436 784 560 838; x_wconf 77' lang='grc' dir='ltr'>ὅθεν</span> <span class='ocrx_word' id='word_1_49' title='bbox 583 784 673 838; x_wconf 75' lang='grc' dir='ltr'><strong>διὰ</strong></span> <span class='ocrx_word' id='word_1_50' title='bbox 704 785 796 838; x_wconf 87' lang='grc' dir='ltr'><strong>τοῦ</strong></span> <span class='ocrx_word' id='word_1_51' title='bbox 830 787 1096 857; x_wconf 85' lang='grc' dir='ltr'>στόματος</span> <span class='ocrx_word' id='word_1_52' title='bbox 1130 789 1211 852; x_wconf 88' lang='grc' dir='ltr'><strong>είς</strong></span> <span class='ocrx_word' id='word_1_53' title='bbox 1233 788 1359 851; x_wconf 80' lang='grc' dir='ltr'>τοὺς</span> <span class='ocrx_word' id='word_1_54' title='bbox 1402 786 1700 859; x_wconf 80' lang='grc' dir='ltr'>μυστικοὺς</span> <span class='ocrx_word' id='word_1_55' title='bbox 1727 786 1827 841; x_wconf 83' lang='grc' dir='ltr'>θα-</span> 
     </span>
    </p>
   </div>
   <div class='ocr_carea' id='block_1_10' title="bbox 240 875 1827 950">
    <p class='ocr_par' dir='ltr' id='par_1_10' title="bbox 240 875 1827 950">
     <span class='ocr_line' id='line_1_10' title="bbox 240 875 1827 950; baseline 0 -20"><span class='ocrx_word' id='word_1_56' title='bbox 240 877 452 947; x_wconf 84' lang='grc' dir='ltr'>λάμους</span> <span class='ocrx_word' id='word_1_57' title='bbox 476 875 577 947; x_wconf 84' lang='grc' dir='ltr'>τῆς</span> <span class='ocrx_word' id='word_1_58' title='bbox 610 876 826 945; x_wconf 86' lang='grc' dir='ltr'>φύσεως</span> <span class='ocrx_word' id='word_1_59' title='bbox 868 878 1154 950; x_wconf 76' lang='grc' dir='ltr'>προϊοῦσα,</span> <span class='ocrx_word' id='word_1_60' title='bbox 1192 880 1272 943; x_wconf 81' lang='grc' dir='ltr'><strong>είς</strong></span> <span class='ocrx_word' id='word_1_61' title='bbox 1310 878 1430 933; x_wconf 83' lang='grc' dir='ltr'>ὅλον</span> <span class='ocrx_word' id='word_1_62' title='bbox 1465 878 1583 948; x_wconf 83' lang='grc' dir='ltr'>,μὲν</span> <span class='ocrx_word' id='word_1_63' title='bbox 1621 878 1827 931; x_wconf 69' lang='grc' dir='ltr'>οἰκονο-</span> 
     </span>
    </p>
   </div>
   <div class='ocr_carea' id='block_1_11' title="bbox 244 965 1827 1039">
    <p class='ocr_par' dir='ltr' id='par_1_11' title="bbox 244 965 1827 1039">
     <span class='ocr_line' id='line_1_11' title="bbox 244 965 1827 1039; baseline 0 -20"><span class='ocrx_word' id='word_1_64' title='bbox 244 970 454 1037; x_wconf 80' lang='grc' dir='ltr'>μεῖται,</span> <span class='ocrx_word' id='word_1_65' title='bbox 482 967 578 1021; x_wconf 75' lang='grc' dir='ltr'><strong>καὶ</strong></span> <span class='ocrx_word' id='word_1_66' title='bbox 609 966 729 1021; x_wconf 81' lang='grc' dir='ltr'>ὅλον</span> <span class='ocrx_word' id='word_1_67' title='bbox 762 967 1086 1037; x_wconf 75' lang='grc' dir='ltr'>καθαγιάζει</span> <span class='ocrx_word' id='word_1_68' title='bbox 1125 969 1186 1024; x_wconf 85' lang='grc' dir='ltr'>τὸ</span> <span class='ocrx_word' id='word_1_69' title='bbox 1220 969 1379 1034; x_wconf 81' lang='grc' dir='ltr'>ζῶον,</span> <span class='ocrx_word' id='word_1_70' title='bbox 1410 967 1613 1039; x_wconf 75' lang='grc' dir='ltr'>μᾶλλον</span> <span class='ocrx_word' id='word_1_71' title='bbox 1650 965 1708 1020; x_wconf 84' lang='grc' dir='ltr'>δὲ</span> <span class='ocrx_word' id='word_1_72' title='bbox 1747 967 1827 1030; x_wconf 90' lang='grc' dir='ltr'><strong>εἰς</strong></span> 
     </span>
    </p>
   </div>
   <div class='ocr_carea' id='block_1_12' title="bbox 238 1054 1827 1131">
    <p class='ocr_par' dir='ltr' id='par_1_12' title="bbox 238 1054 1827 1131">
     <span class='ocr_line' id='line_1_12' title="bbox 238 1054 1827 1131; baseline -0.003 -18"><span class='ocrx_word' id='word_1_73' title='bbox 238 1058 417 1130; x_wconf 80' lang='grc' dir='ltr'>αὐτὴν</span> <span class='ocrx_word' id='word_1_74' title='bbox 448 1058 548 1130; x_wconf 73' lang='grc' dir='ltr'>τὴν</span> <span class='ocrx_word' id='word_1_75' title='bbox 575 1058 755 1130; x_wconf 77' lang='grc' dir='ltr'>ψυχὴν</span> <span class='ocrx_word' id='word_1_76' title='bbox 784 1061 880 1113; x_wconf 76' lang='grc' dir='ltr'>καὶ</span> <span class='ocrx_word' id='word_1_77' title='bbox 914 1060 1006 1115; x_wconf 80' lang='grc' dir='ltr'>τὸν</span> <span class='ocrx_word' id='word_1_78' title='bbox 1038 1061 1166 1114; x_wconf 80' lang='grc' dir='ltr'>νοῦν</span> <span class='ocrx_word' id='word_1_79' title='bbox 1211 1061 1313 1130; x_wconf 83' lang='grc' dir='ltr'>τῆς</span> <span class='ocrx_word' id='word_1_80' title='bbox 1345 1060 1565 1131; x_wconf 79' lang='grc' dir='ltr'>χάριτος</span> <span class='ocrx_word' id='word_1_81' title='bbox 1612 1056 1708 1112; x_wconf 71' lang='grc' dir='ltr'>καὶ</span> <span class='ocrx_word' id='word_1_82' title='bbox 1732 1054 1827 1110; x_wconf 89' lang='grc' dir='ltr'><strong>τοῦ</strong></span> 
     </span>
    </p>
   </div>
   <div class='ocr_carea' id='block_1_13' title="bbox 242 1148 1825 1224">
    <p class='ocr_par' dir='ltr' id='par_1_13' title="bbox 242 1148 1825 1224">
     <span class='ocr_line' id='line_1_13' title="bbox 242 1148 1825 1224; baseline -0.002 -19"><span class='ocrx_word' id='word_1_83' title='bbox 242 1151 591 1221; x_wconf 87' lang='grc' dir='ltr'>ἀγιάσματος</span> <span class='ocrx_word' id='word_1_84' title='bbox 630 1151 1074 1221; x_wconf 69' lang='grc' dir='ltr'>ἐπιδαψιλεύεται</span> <span class='ocrx_word' id='word_1_85' title='bbox 1102 1152 1201 1224; x_wconf 83' lang='grc' dir='ltr'>τὴν</span> <span class='ocrx_word' id='word_1_86' title='bbox 1234 1152 1515 1224; x_wconf 79' lang='grc' dir='ltr'><strong>ἐνέργειαν</strong></span> <span class='ocrx_word' id='word_1_87' title='bbox 1539 1165 1555 1180; x_wconf 80' lang='grc'><em>’</em></span> <span class='ocrx_word' id='word_1_88' title='bbox 1584 1151 1690 1223; x_wconf 77' lang='grc' dir='ltr'>χρὴ</span> <span class='ocrx_word' id='word_1_89' title='bbox 1714 1148 1825 1203; x_wconf 87' lang='grc' dir='ltr'>τοί-</span> 
     </span>
    </p>
   </div>
   <div class='ocr_carea' id='block_1_14' title="bbox 235 1240 1828 1315">
    <p class='ocr_par' dir='ltr' id='par_1_14' title="bbox 235 1240 1828 1315">
     <span class='ocr_line' id='line_1_14' title="bbox 235 1240 1828 1315; baseline 0 -20"><span class='ocrx_word' id='word_1_90' title='bbox 235 1259 342 1295; x_wconf 85' lang='grc' dir='ltr'><strong>νυν</strong></span> <span class='ocrx_word' id='word_1_91' title='bbox 377 1241 503 1306; x_wconf 89' lang='grc' dir='ltr'><strong>τούς</strong></span> <span class='ocrx_word' id='word_1_92' title='bbox 544 1240 839 1295; x_wconf 78' lang='grc' dir='ltr'>ἀπολαύειν</span> <span class='ocrx_word' id='word_1_93' title='bbox 867 1242 1160 1313; x_wconf 87' lang='grc' dir='ltr'>μέλλοντας</span> <span class='ocrx_word' id='word_1_94' title='bbox 1183 1246 1282 1315; x_wconf 82' lang='grc' dir='ltr'>τῆς</span> <span class='ocrx_word' id='word_1_95' title='bbox 1315 1244 1467 1315; x_wconf 79' lang='grc' dir='ltr'>ἱερᾶς</span> <span class='ocrx_word' id='word_1_96' title='bbox 1496 1242 1697 1314; x_wconf 81' lang='grc' dir='ltr'><strong>ταύτης</strong></span> <span class='ocrx_word' id='word_1_97' title='bbox 1731 1242 1828 1296; x_wconf 77' lang='grc' dir='ltr'>καὶ</span> 
     </span>
    </p>
   </div>
   <div class='ocr_carea' id='block_1_15' title="bbox 239 1334 1829 1408">
    <p class='ocr_par' dir='ltr' id='par_1_15' title="bbox 239 1334 1829 1408">
     <span class='ocr_line' id='line_1_15' title="bbox 239 1334 1829 1408; baseline 0.002 -21"><span class='ocrx_word' id='word_1_98' title='bbox 239 1335 439 1407; x_wconf 73' lang='grc' dir='ltr'>νοερᾶς</span> <span class='ocrx_word' id='word_1_99' title='bbox 482 1334 708 1406; x_wconf 78' lang='grc' dir='ltr'>τροφῆς,</span> <span class='ocrx_word' id='word_1_100' title='bbox 744 1334 824 1406; x_wconf 80' lang='grc' dir='ltr'>μὴ</span> <span class='ocrx_word' id='word_1_101' title='bbox 864 1338 1079 1404; x_wconf 79' lang='grc' dir='ltr'>ἀγνοεῖν</span> <span class='ocrx_word' id='word_1_102' title='bbox 1115 1336 1200 1400; x_wconf 88' lang='grc' dir='ltr'><strong>τίς</strong></span> <span class='ocrx_word' id='word_1_103' title='bbox 1225 1337 1374 1391; x_wconf 84' lang='grc' dir='ltr'>ἐστιν</span> <span class='ocrx_word' id='word_1_104' title='bbox 1419 1335 1709 1408; x_wconf 82' lang='grc' dir='ltr'>ήδύναμις</span> <span class='ocrx_word' id='word_1_105' title='bbox 1733 1336 1829 1390; x_wconf 72' lang='lat' dir='ltr'><strong>ati—</strong></span> 
     </span>
    </p>
   </div>
   <div class='ocr_carea' id='block_1_16' title="bbox 240 1427 1830 1504">
    <p class='ocr_par' dir='ltr' id='par_1_16' title="bbox 240 1427 1830 1504">
     <span class='ocr_line' id='line_1_16' title="bbox 240 1427 1830 1504; baseline 0.004 -25"><span class='ocrx_word' id='word_1_106' title='bbox 240 1428 366 1499; x_wconf 79' lang='grc' dir='ltr'>τῆς,</span> <span class='ocrx_word' id='word_1_107' title='bbox 411 1427 505 1481; x_wconf 70' lang='grc' dir='ltr'>καὶ</span> <span class='ocrx_word' id='word_1_108' title='bbox 546 1429 627 1492; x_wconf 88' lang='grc' dir='ltr'><strong>τίς</strong></span> <span class='ocrx_word' id='word_1_109' title='bbox 677 1430 712 1500; x_wconf 68' lang='grc' dir='ltr'>ἡ</span> <span class='ocrx_word' id='word_1_110' title='bbox 762 1429 943 1484; x_wconf 87' lang='grc' dir='ltr'>πάντα</span> <span class='ocrx_word' id='word_1_111' title='bbox 976 1429 1102 1484; x_wconf 90' lang='grc' dir='ltr'>νοῦν</span> <span class='ocrx_word' id='word_1_112' title='bbox 1144 1431 1492 1502; x_wconf 76' lang='grc' dir='ltr'>ὑπερέχουσα</span> <span class='ocrx_word' id='word_1_113' title='bbox 1541 1431 1611 1486; x_wconf 81' lang='grc' dir='ltr'><strong>δι’</strong></span> <span class='ocrx_word' id='word_1_114' title='bbox 1658 1432 1830 1504; x_wconf 80' lang='grc' dir='ltr'>αὐτὴν</span> 
     </span>
    </p>
   </div>
   <div class='ocr_carea' id='block_1_17' title="bbox 238 1516 1830 1593">
    <p class='ocr_par' dir='ltr' id='par_1_17' title="bbox 238 1516 1830 1593">
     <span class='ocr_line' id='line_1_17' title="bbox 238 1516 1830 1593; baseline 0.003 -22"><span class='ocrx_word' id='word_1_115' title='bbox 238 1518 595 1588; x_wconf 76' lang='grc' dir='ltr'>παρεχομένη</span> <span class='ocrx_word' id='word_1_116' title='bbox 622 1518 910 1589; x_wconf 77' lang='grc' dir='ltr'>εὐεργεσία</span> <span class='ocrx_word' id='word_1_117' title='bbox 931 1520 1023 1572; x_wconf 76' lang='grc' dir='ltr'>καὶ</span> <span class='ocrx_word' id='word_1_118' title='bbox 1043 1520 1223 1591; x_wconf 85' lang='grc' dir='ltr'>δωρεά</span> <span class='ocrx_word' id='word_1_119' title='bbox 1238 1537 1254 1551; x_wconf 73' lang='grc' dir='ltr'><strong>ο</strong></span> <span class='ocrx_word' id='word_1_120' title='bbox 1280 1516 1391 1574; x_wconf 70' lang='grc' dir='ltr'>οἷον</span> <span class='ocrx_word' id='word_1_121' title='bbox 1412 1521 1487 1584; x_wconf 87' lang='grc' dir='ltr'>ὼς</span> <span class='ocrx_word' id='word_1_122' title='bbox 1505 1519 1830 1593; x_wconf 90' lang='grc' dir='ltr'>προαιώνιος</span> 
     </span>
    </p>
   </div>
   <div class='ocr_carea' id='block_1_18' title="bbox 237 1608 1831 1684">
    <p class='ocr_par' dir='ltr' id='par_1_18' title="bbox 237 1608 1831 1684">
     <span class='ocr_line' id='line_1_18' title="bbox 237 1608 1831 1684; baseline 0.004 -21"><span class='ocrx_word' id='word_1_123' title='bbox 237 1608 438 1678; x_wconf 79' lang='grc' dir='ltr'>Λόγος,</span> <span class='ocrx_word' id='word_1_124' title='bbox 466 1612 494 1664; x_wconf 85' lang='grc' dir='ltr'>ὁ</span> <span class='ocrx_word' id='word_1_125' title='bbox 520 1612 579 1665; x_wconf 84' lang='grc' dir='ltr'><strong>ἐν</strong></span> <span class='ocrx_word' id='word_1_126' title='bbox 606 1611 747 1683; x_wconf 82' lang='grc' dir='ltr'>ἀρχῇ</span> <span class='ocrx_word' id='word_1_127' title='bbox 770 1609 865 1675; x_wconf 79' lang='grc' dir='ltr'><strong>ῶν,</strong></span> <span class='ocrx_word' id='word_1_128' title='bbox 899 1612 991 1665; x_wconf 77' lang='grc' dir='ltr'>καὶ</span> <span class='ocrx_word' id='word_1_129' title='bbox 1021 1613 1156 1684; x_wconf 70' lang='grc' dir='ltr'>πρὸς</span> <span class='ocrx_word' id='word_1_130' title='bbox 1184 1613 1271 1666; x_wconf 79' lang='grc' dir='ltr'>τὸν</span> <span class='ocrx_word' id='word_1_131' title='bbox 1300 1614 1431 1668; x_wconf 70' lang='grc' dir='ltr'>Θεὸν</span> <span class='ocrx_word' id='word_1_132' title='bbox 1452 1614 1547 1681; x_wconf 80' lang='grc' dir='ltr'>ὢν,</span> <span class='ocrx_word' id='word_1_133' title='bbox 1579 1615 1674 1670; x_wconf 61' lang='grc' dir='ltr'><strong>καὶ⁵</strong></span> <span class='ocrx_word' id='word_1_134' title='bbox 1700 1617 1831 1682; x_wconf 67' lang='grc' dir='ltr'>Θεὸς</span> 
     </span>
    </p>
   </div>
   <div class='ocr_carea' id='block_1_19' title="bbox 239 1694 1874 1781">
    <p class='ocr_par' dir='ltr' id='par_1_19' title="bbox 239 1694 1874 1781">
     <span class='ocr_line' id='line_1_19' title="bbox 239 1694 1874 1781; baseline 0.007 -27"><span class='ocrx_word' id='word_1_135' title='bbox 239 1700 319 1754; x_wconf 82' lang='grc' dir='ltr'><strong>ῶν</strong></span> <span class='ocrx_word' id='word_1_136' title='bbox 342 1718 358 1733; x_wconf 81' lang='grc'><em>’</em></span> <span class='ocrx_word' id='word_1_137' title='bbox 393 1694 547 1767; x_wconf 74' lang='grc' dir='ltr'>οὗτος</span> <span class='ocrx_word' id='word_1_138' title='bbox 576 1704 605 1757; x_wconf 85' lang='grc' dir='ltr'><strong>ὁ</strong></span> <span class='ocrx_word' id='word_1_139' title='bbox 634 1705 733 1774; x_wconf 82' lang='grc' dir='ltr'>τῆς</span> <span class='ocrx_word' id='word_1_140' title='bbox 762 1704 977 1773; x_wconf 87' lang='grc' dir='ltr'>φύσεως</span> <span class='ocrx_word' id='word_1_141' title='bbox 996 1707 1155 1776; x_wconf 84' lang='grc' dir='ltr'>ήμῶν</span> <span class='ocrx_word' id='word_1_142' title='bbox 1182 1706 1511 1779; x_wconf 77' lang='grc' dir='ltr'>δημιουργὸς</span> <span class='ocrx_word' id='word_1_143' title='bbox 1540 1710 1605 1763; x_wconf 90' lang='grc' dir='ltr'><strong>ἐκ</strong></span> <span class='ocrx_word' id='word_1_144' title='bbox 1626 1711 1830 1781; x_wconf 89' lang='grc' dir='ltr'>παρθε-</span> <span class='ocrx_word' id='word_1_145' title='bbox 1862 1716 1874 1730; x_wconf 80' lang='grc'>⁸</span> 
     </span>
    </p>
   </div>
   <div class='ocr_carea' id='block_1_20' title="bbox 1928 512 3511 590">
    <p class='ocr_par' dir='ltr' id='par_1_20' title="bbox 1928 512 3511 590">
     <span class='ocr_line' id='line_1_20' title="bbox 1928 512 3511 590; baseline 0.004 -23"><span class='ocrx_word' id='word_1_146' title='bbox 1928 512 2181 569; x_wconf 76' lang='lat' dir='ltr'><strong>reficiens</strong></span> <span class='ocrx_word' id='word_1_147' title='bbox 2233 514 2520 580; x_wconf 90' lang='lat' dir='ltr'><strong>alimonia,</strong></span> <span class='ocrx_word' id='word_1_148' title='bbox 2556 517 3000 587; x_wconf 81' lang='lat' dir='ltr'><strong>quandoquidem</strong></span> <span class='ocrx_word' id='word_1_149' title='bbox 3041 518 3331 586; x_wconf 83' lang='lat' dir='ltr'><strong>animanti,</strong></span> <span class='ocrx_word' id='word_1_150' title='bbox 3364 520 3511 590; x_wconf 84' lang='lat' dir='ltr'><strong>quod</strong></span> 
     </span>
    </p>
   </div>
   <div class='ocr_carea' id='block_1_21' title="bbox 1927 603 3512 681">
    <p class='ocr_par' dir='ltr' id='par_1_21' title="bbox 1927 603 3512 681">
     <span class='ocr_line' id='line_1_21' title="bbox 1927 603 3512 681; baseline 0.004 -24"><span class='ocrx_word' id='word_1_151' title='bbox 1927 615 2157 673; x_wconf 88' lang='lat' dir='ltr'><strong>corpore</strong></span> <span class='ocrx_word' id='word_1_152' title='bbox 2200 603 2495 674; x_wconf 84' lang='lat' dir='ltr'><strong>animaque</strong></span> <span class='ocrx_word' id='word_1_153' title='bbox 2527 614 2769 672; x_wconf 92' lang='lat' dir='ltr'><strong>constat,</strong></span> <span class='ocrx_word' id='word_1_154' title='bbox 2815 607 3119 677; x_wconf 57' lang='lat' dir='ltr'><strong>praebetur;</strong></span> <span class='ocrx_word' id='word_1_155' title='bbox 3162 608 3365 664; x_wconf 90' lang='lat' dir='ltr'><strong>idcirco</strong></span> <span class='ocrx_word' id='word_1_156' title='bbox 3414 624 3512 681; x_wconf 90' lang='lat' dir='ltr'><strong>per</strong></span> 
     </span>
    </p>
   </div>
   <div class='ocr_carea' id='block_1_22' title="bbox 1928 698 3513 773">
    <p class='ocr_par' dir='ltr' id='par_1_22' title="bbox 1928 698 3513 773">
     <span class='ocr_line' id='line_1_22' title="bbox 1928 698 3513 773; baseline 0.003 -20"><span class='ocrx_word' id='word_1_157' title='bbox 1928 710 2247 768; x_wconf 76' lang='lat' dir='ltr'><strong>corpoream</strong></span> <span class='ocrx_word' id='word_1_158' title='bbox 2275 698 2639 755; x_wconf 85' lang='lat' dir='ltr'><strong>substantiam</strong></span> <span class='ocrx_word' id='word_1_159' title='bbox 2668 700 3031 772; x_wconf 78' lang='lat' dir='ltr'><strong>ipsaquoque</strong></span> <span class='ocrx_word' id='word_1_160' title='bbox 3066 702 3367 772; x_wconf 83' lang='lat' dir='ltr'><strong>spiritalem</strong></span> <span class='ocrx_word' id='word_1_161' title='bbox 3393 719 3513 773; x_wconf 71' lang='lat' dir='ltr'><strong>gra-</strong></span> 
     </span>
    </p>
   </div>
   <div class='ocr_carea' id='block_1_23' title="bbox 1928 786 3507 861">
    <p class='ocr_par' dir='ltr' id='par_1_23' title="bbox 1928 786 3507 861">
     <span class='ocr_line' id='line_1_23' title="bbox 1928 786 3507 861; baseline 0.003 -20"><span class='ocrx_word' id='word_1_162' title='bbox 1928 786 2059 842; x_wconf 87' lang='lat' dir='ltr'><strong>tiam</strong></span> <span class='ocrx_word' id='word_1_163' title='bbox 2098 801 2153 842; x_wconf 84' lang='grc' dir='ltr'><strong>ει</strong></span> <span class='ocrx_word' id='word_1_164' title='bbox 2180 788 2668 846; x_wconf 77' lang='lat' dir='ltr'><strong>sanctiﬁcationem</strong></span> <span class='ocrx_word' id='word_1_165' title='bbox 2717 791 2951 847; x_wconf 84' lang='lat' dir='ltr'><strong>confert.</strong></span> <span class='ocrx_word' id='word_1_166' title='bbox 2999 789 3180 858; x_wconf 85' lang='lat' dir='ltr'><strong>Quare</strong></span> <span class='ocrx_word' id='word_1_167' title='bbox 3208 806 3306 861; x_wconf 89' lang='lat' dir='ltr'><strong>per</strong></span> <span class='ocrx_word' id='word_1_168' title='bbox 3355 806 3420 847; x_wconf 84' lang='lat' dir='ltr'><strong>os</strong></span> <span class='ocrx_word' id='word_1_169' title='bbox 3453 793 3507 845; x_wconf 92' lang='lat' dir='ltr'><strong>in</strong></span> 
     </span>
    </p>
   </div>
   <div class='ocr_carea' id='block_1_24' title="bbox 1929 878 3509 955">
    <p class='ocr_par' dir='ltr' id='par_1_24' title="bbox 1929 878 3509 955">
     <span class='ocr_line' id='line_1_24' title="bbox 1929 878 3509 955; baseline 0.003 -22"><span class='ocrx_word' id='word_1_170' title='bbox 1929 878 2157 950; x_wconf 85' lang='lat' dir='ltr'><strong>mystica</strong></span> <span class='ocrx_word' id='word_1_171' title='bbox 2188 890 2396 937; x_wconf 69' lang='lat' dir='ltr'><strong>natura:</strong></span> <span class='ocrx_word' id='word_1_172' title='bbox 2424 882 2678 939; x_wconf 76' lang='lat' dir='ltr'><strong>humana:</strong></span> <span class='ocrx_word' id='word_1_173' title='bbox 2716 884 2997 939; x_wconf 86' lang='lat' dir='ltr'><strong>conclavia</strong></span> <span class='ocrx_word' id='word_1_174' title='bbox 3038 899 3349 955; x_wconf 86' lang='lat' dir='ltr'><strong>permeans,</strong></span> <span class='ocrx_word' id='word_1_175' title='bbox 3384 884 3509 938; x_wconf 87' lang='grc' dir='ltr'>ιιιιὶ-</span> 
     </span>
    </p>
   </div>
   <div class='ocr_carea' id='block_1_25' title="bbox 1930 973 3510 1048">
    <p class='ocr_par' dir='ltr' id='par_1_25' title="bbox 1930 973 3510 1048">
     <span class='ocr_line' id='line_1_25' title="bbox 1930 973 3510 1048; baseline 0.003 -24"><span class='ocrx_word' id='word_1_176' title='bbox 1930 986 2149 1027; x_wconf 90' lang='lat' dir='ltr'><strong>versum</strong></span> <span class='ocrx_word' id='word_1_177' title='bbox 2211 973 2350 1029; x_wconf 86' lang='lat' dir='ltr'><strong>bene</strong></span> <span class='ocrx_word' id='word_1_178' title='bbox 2408 974 2650 1045; x_wconf 81' lang='lat' dir='ltr'><strong>disponit</strong></span> <span class='ocrx_word' id='word_1_179' title='bbox 2709 983 2875 1048; x_wconf 77' lang='lat' dir='ltr'><strong>atque</strong></span> <span class='ocrx_word' id='word_1_180' title='bbox 2927 975 3235 1032; x_wconf 72' lang='lat' dir='ltr'><strong>sanctiﬁcat</strong></span> <span class='ocrx_word' id='word_1_181' title='bbox 3286 976 3510 1043; x_wconf 84' lang='lat' dir='ltr'><strong>animal,</strong></span> 
     </span>
    </p>
   </div>
   <div class='ocr_carea' id='block_1_26' title="bbox 1929 1064 3510 1139">
    <p class='ocr_par' dir='ltr' id='par_1_26' title="bbox 1929 1064 3510 1139">
     <span class='ocr_line' id='line_1_26' title="bbox 1929 1064 3510 1139; baseline 0.001 -20"><span class='ocrx_word' id='word_1_182' title='bbox 1929 1064 2201 1137; x_wconf 72' lang='lat' dir='ltr'><strong>praecipue</strong></span> <span class='ocrx_word' id='word_1_183' title='bbox 2246 1075 2427 1122; x_wconf 86' lang='lat' dir='ltr'><strong>tamen</strong></span> <span class='ocrx_word' id='word_1_184' title='bbox 2452 1066 2651 1123; x_wconf 72' lang='lat' dir='ltr'><strong>anima:</strong></span> <span class='ocrx_word' id='word_1_185' title='bbox 2678 1082 2744 1123; x_wconf 89' lang='lat' dir='ltr'><strong>ac</strong></span> <span class='ocrx_word' id='word_1_186' title='bbox 2778 1068 2945 1123; x_wconf 86' lang='lat' dir='ltr'><strong>menti</strong></span> <span class='ocrx_word' id='word_1_187' title='bbox 2986 1067 3176 1139; x_wconf 68' lang='lat' dir='ltr'><strong>gratia:</strong></span> <span class='ocrx_word' id='word_1_188' title='bbox 3206 1068 3510 1123; x_wconf 60' lang='lat' dir='ltr'><strong>Sanctimoa</strong></span> 
     </span>
    </p>
   </div>
   <div class='ocr_carea' id='block_1_27' title="bbox 1930 1157 3513 1231">
    <p class='ocr_par' dir='ltr' id='par_1_27' title="bbox 1930 1157 3513 1231">
     <span class='ocr_line' id='line_1_27' title="bbox 1930 1157 3513 1231; baseline 0.001 -19"><span class='ocrx_word' id='word_1_189' title='bbox 1930 1158 2145 1229; x_wconf 69' lang='lat' dir='ltr'><strong>niaaque</strong></span> <span class='ocrx_word' id='word_1_190' title='bbox 2187 1158 2484 1215; x_wconf 82' lang='lat' dir='ltr'><strong>liberaliter</strong></span> <span class='ocrx_word' id='word_1_191' title='bbox 2523 1159 2633 1215; x_wconf 91' lang='lat' dir='ltr'><strong>vim</strong></span> <span class='ocrx_word' id='word_1_192' title='bbox 2685 1160 3014 1231; x_wconf 79' lang='lat' dir='ltr'><strong>suppeditat.</strong></span> <span class='ocrx_word' id='word_1_193' title='bbox 3064 1157 3253 1229; x_wconf 80' lang='lat' dir='ltr'><strong>Itaque</strong></span> <span class='ocrx_word' id='word_1_194' title='bbox 3296 1168 3513 1230; x_wconf 73' lang='lat' dir='ltr'><strong>oportet</strong></span> 
     </span>
    </p>
   </div>
   <div class='ocr_carea' id='block_1_28' title="bbox 1929 1252 3507 1325">
    <p class='ocr_par' dir='ltr' id='par_1_28' title="bbox 1929 1252 3507 1325">
     <span class='ocr_line' id='line_1_28' title="bbox 1929 1252 3507 1325; baseline 0.001 -19"><span class='ocrx_word' id='word_1_195' title='bbox 1929 1267 2047 1318; x_wconf 82' lang='lat' dir='ltr'><strong>eos,</strong></span> <span class='ocrx_word' id='word_1_196' title='bbox 2092 1252 2187 1322; x_wconf 86' lang='lat' dir='ltr'><strong>qui</strong></span> <span class='ocrx_word' id='word_1_197' title='bbox 2225 1252 2328 1308; x_wconf 86' lang='lat' dir='ltr'><strong>hoc</strong></span> <span class='ocrx_word' id='word_1_198' title='bbox 2352 1268 2511 1309; x_wconf 88' lang='lat' dir='ltr'><strong>sacro</strong></span> <span class='ocrx_word' id='word_1_199' title='bbox 2544 1252 2888 1325; x_wconf 88' lang='lat' dir='ltr'><strong>spiritalique</strong></span> <span class='ocrx_word' id='word_1_200' title='bbox 2930 1253 3055 1310; x_wconf 91' lang='lat' dir='ltr'><strong>cibo</strong></span> <span class='ocrx_word' id='word_1_201' title='bbox 3097 1252 3325 1309; x_wconf 82' lang='lat' dir='ltr'><strong>fruituri</strong></span> <span class='ocrx_word' id='word_1_202' title='bbox 3358 1261 3507 1315; x_wconf 87' lang='lat' dir='ltr'><strong>sunt,</strong></span> 
     </span>
    </p>
   </div>
   <div class='ocr_carea' id='block_1_29' title="bbox 1932 1342 3510 1416">
    <p class='ocr_par' dir='ltr' id='par_1_29' title="bbox 1932 1342 3510 1416">
     <span class='ocr_line' id='line_1_29' title="bbox 1932 1342 3510 1416; baseline 0.002 -20"><span class='ocrx_word' id='word_1_203' title='bbox 1932 1342 2156 1400; x_wconf 89' lang='lat' dir='ltr'><strong>minime</strong></span> <span class='ocrx_word' id='word_1_204' title='bbox 2194 1344 2408 1401; x_wconf 87' lang='lat' dir='ltr'><strong>nescire</strong></span> <span class='ocrx_word' id='word_1_205' title='bbox 2441 1360 2695 1416; x_wconf 71' lang='lat' dir='ltr'><strong>quaenam</strong></span> <span class='ocrx_word' id='word_1_206' title='bbox 2727 1345 2849 1416; x_wconf 83' lang='lat' dir='ltr'><strong>ejus</strong></span> <span class='ocrx_word' id='word_1_207' title='bbox 2880 1347 2952 1402; x_wconf 88' lang='lat' dir='ltr'><strong>sit</strong></span> <span class='ocrx_word' id='word_1_208' title='bbox 2989 1347 3182 1409; x_wconf 85' lang='lat' dir='ltr'><strong>virtus,</strong></span> <span class='ocrx_word' id='word_1_209' title='bbox 3220 1344 3304 1401; x_wconf 87' lang='lat' dir='ltr'><strong>vel</strong></span> <span class='ocrx_word' id='word_1_210' title='bbox 3331 1345 3510 1416; x_wconf 85' lang='lat' dir='ltr'><strong>quod-</strong></span> 
     </span>
    </p>
   </div>
   <div class='ocr_carea' id='block_1_30' title="bbox 1932 1434 3508 1507">
    <p class='ocr_par' dir='ltr' id='par_1_30' title="bbox 1932 1434 3508 1507">
     <span class='ocr_line' id='line_1_30' title="bbox 1932 1434 3508 1507; baseline 0 -17"><span class='ocrx_word' id='word_1_211' title='bbox 1932 1450 2055 1490; x_wconf 89' lang='lat' dir='ltr'><strong>nam</strong></span> <span class='ocrx_word' id='word_1_212' title='bbox 2089 1435 2158 1491; x_wconf 91' lang='lat' dir='ltr'><strong>ab</strong></span> <span class='ocrx_word' id='word_1_213' title='bbox 2180 1451 2246 1491; x_wconf 91' lang='lat' dir='ltr'><strong>co</strong></span> <span class='ocrx_word' id='word_1_214' title='bbox 2276 1436 2590 1493; x_wconf 90' lang='lat' dir='ltr'><strong>conferatur</strong></span> <span class='ocrx_word' id='word_1_215' title='bbox 2619 1437 2945 1494; x_wconf 79' lang='lat' dir='ltr'><strong>beneﬁcium</strong></span> <span class='ocrx_word' id='word_1_216' title='bbox 2989 1453 3054 1495; x_wconf 89' lang='lat' dir='ltr'><strong>ac</strong></span> <span class='ocrx_word' id='word_1_217' title='bbox 3089 1438 3320 1503; x_wconf 85' lang='lat' dir='ltr'><strong>donum,</strong></span> <span class='ocrx_word' id='word_1_218' title='bbox 3362 1434 3508 1507; x_wconf 86' lang='lat' dir='ltr'><strong>quod</strong></span> 
     </span>
    </p>
   </div>
   <div class='ocr_carea' id='block_1_31' title="bbox 1930 1527 3511 1599">
    <p class='ocr_par' dir='ltr' id='par_1_31' title="bbox 1930 1527 3511 1599">
     <span class='ocr_line' id='line_1_31' title="bbox 1930 1527 3511 1599; baseline -0.001 -17"><span class='ocrx_word' id='word_1_219' title='bbox 1930 1542 2064 1582; x_wconf 88' lang='lat' dir='ltr'><strong>sane</strong></span> <span class='ocrx_word' id='word_1_220' title='bbox 2105 1527 2195 1581; x_wconf 78' lang='lat' dir='ltr'><strong>vix</strong></span> <span class='ocrx_word' id='word_1_221' title='bbox 2239 1527 2346 1583; x_wconf 88' lang='lat' dir='ltr'><strong>ulla</strong></span> <span class='ocrx_word' id='word_1_222' title='bbox 2391 1536 2572 1583; x_wconf 87' lang='lat' dir='ltr'><strong>mente</strong></span> <span class='ocrx_word' id='word_1_223' title='bbox 2612 1528 3001 1599; x_wconf 87' lang='lat' dir='ltr'><strong>comprehendi</strong></span> <span class='ocrx_word' id='word_1_224' title='bbox 3040 1536 3259 1599; x_wconf 80' lang='lat' dir='ltr'><strong>potest:</strong></span> <span class='ocrx_word' id='word_1_225' title='bbox 3315 1541 3511 1596; x_wconf 87' lang='lat' dir='ltr'><strong>nempe</strong></span> 
     </span>
    </p>
   </div>
   <div class='ocr_carea' id='block_1_32' title="bbox 1931 1616 3509 1690">
    <p class='ocr_par' dir='ltr' id='par_1_32' title="bbox 1931 1616 3509 1690">
     <span class='ocr_line' id='line_1_32' title="bbox 1931 1616 3509 1690; baseline -0.002 -15"><span class='ocrx_word' id='word_1_226' title='bbox 1931 1621 2075 1690; x_wconf 88' lang='lat' dir='ltr'><strong>quod</strong></span> <span class='ocrx_word' id='word_1_227' title='bbox 2106 1620 2285 1690; x_wconf 84' lang='lat' dir='ltr'><strong>ipsum</strong></span> <span class='ocrx_word' id='word_1_228' title='bbox 2314 1620 2386 1675; x_wconf 90' lang='lat' dir='ltr'><strong>sit</strong></span> <span class='ocrx_word' id='word_1_229' title='bbox 2416 1630 2541 1675; x_wconf 87' lang='lat' dir='ltr'><strong>ante</strong></span> <span class='ocrx_word' id='word_1_230' title='bbox 2563 1620 2761 1676; x_wconf 63' lang='lat' dir='ltr'><strong>saecula</strong></span> <span class='ocrx_word' id='word_1_231' title='bbox 2781 1620 3051 1676; x_wconf 85' lang='lat' dir='ltr'><strong>exsistens</strong></span> <span class='ocrx_word' id='word_1_232' title='bbox 3078 1619 3340 1681; x_wconf 71' lang='lat' dir='ltr'><strong>Verbum,</strong></span> <span class='ocrx_word' id='word_1_233' title='bbox 3364 1616 3509 1687; x_wconf 90' lang='lat' dir='ltr'><strong>quod</strong></span> 
     </span>
    </p>
   </div>
   <div class='ocr_carea' id='block_1_33' title="bbox 1931 1696 3505 1783">
    <p class='ocr_par' dir='ltr' id='par_1_33' title="bbox 1931 1696 3505 1783">
     <span class='ocr_line' id='line_1_33' title="bbox 1931 1696 3505 1783; baseline -0.001 -18"><span class='ocrx_word' id='word_1_234' title='bbox 1931 1721 2048 1766; x_wconf 86' lang='lat' dir='ltr'><strong>erat</strong></span> <span class='ocrx_word' id='word_1_235' title='bbox 2073 1696 2126 1765; x_wconf 87' lang='lat' dir='ltr'><strong>in</strong></span> <span class='ocrx_word' id='word_1_236' title='bbox 2150 1712 2442 1782; x_wconf 87' lang='lat' dir='ltr'><strong>principio,</strong></span> <span class='ocrx_word' id='word_1_237' title='bbox 2480 1711 2627 1782; x_wconf 91' lang='lat' dir='ltr'><strong>quod</strong></span> <span class='ocrx_word' id='word_1_238' title='bbox 2657 1712 2801 1783; x_wconf 89' lang='lat' dir='ltr'><strong>apud</strong></span> <span class='ocrx_word' id='word_1_239' title='bbox 2828 1711 3000 1766; x_wconf 86' lang='lat' dir='ltr'><strong>Deum</strong></span> <span class='ocrx_word' id='word_1_240' title='bbox 3034 1720 3176 1777; x_wconf 87' lang='lat' dir='ltr'><strong>erat,</strong></span> <span class='ocrx_word' id='word_1_241' title='bbox 3210 1713 3351 1766; x_wconf 74' lang='lat' dir='ltr'><strong>licus</strong></span> <span class='ocrx_word' id='word_1_242' title='bbox 3370 1710 3505 1779; x_wconf 86' lang='lat' dir='ltr'><strong>ipse.</strong></span> 
     </span>
    </p>
   </div>
   <div class='ocr_carea' id='block_1_34' title="bbox 240 1786 1824 1875">
    <p class='ocr_par' dir='ltr' id='par_1_34' title="bbox 240 1794 1824 1870">
     <span class='ocr_line' id='line_1_34' title="bbox 240 1794 1824 1870; baseline 0.006 -23"><span class='ocrx_word' id='word_1_243' title='bbox 240 1794 415 1848; x_wconf 88' lang='grc' dir='ltr'>νικῶν</span> <span class='ocrx_word' id='word_1_244' title='bbox 440 1796 691 1867; x_wconf 71' lang='grc' dir='ltr'>αἱμάτων</span> <span class='ocrx_word' id='word_1_245' title='bbox 721 1797 900 1869; x_wconf 83' lang='grc' dir='ltr'>σάρκα</span> <span class='ocrx_word' id='word_1_246' title='bbox 934 1797 1344 1870; x_wconf 76' lang='grc' dir='ltr'>δανεισάμενος,</span> <span class='ocrx_word' id='word_1_247' title='bbox 1376 1801 1405 1853; x_wconf 83' lang='grc' dir='ltr'><strong>ὁ</strong></span> <span class='ocrx_word' id='word_1_248' title='bbox 1436 1800 1682 1856; x_wconf 88' lang='grc' dir='ltr'>πλουτῶν</span> <span class='ocrx_word' id='word_1_249' title='bbox 1714 1802 1824 1857; x_wconf 86' lang='grc' dir='ltr'>θεό-</span> 
     </span>
    </p>
   </div>
   <div class='ocr_carea' id='block_1_35' title="bbox 1929 1786 3509 1875">
    <p class='ocr_par' dir='ltr' id='par_1_35' title="bbox 1931 1801 3509 1875">
     <span class='ocr_line' id='line_1_35' title="bbox 1931 1801 3509 1875; baseline 0 -20"><span class='ocrx_word' id='word_1_250' title='bbox 1931 1801 2031 1859; x_wconf 84' lang='lat' dir='ltr'><strong>llic</strong></span> <span class='ocrx_word' id='word_1_251' title='bbox 2078 1814 2282 1859; x_wconf 71' lang='lat' dir='ltr'><strong>nostra:</strong></span> <span class='ocrx_word' id='word_1_252' title='bbox 2337 1814 2546 1859; x_wconf 72' lang='lat' dir='ltr'><strong>natura:</strong></span> <span class='ocrx_word' id='word_1_253' title='bbox 2579 1814 2774 1860; x_wconf 85' lang='lat' dir='ltr'><strong>auctor</strong></span> <span class='ocrx_word' id='word_1_254' title='bbox 2830 1804 3079 1875; x_wconf 81' lang='lat' dir='ltr'><strong>virgineo</strong></span> <span class='ocrx_word' id='word_1_255' title='bbox 3130 1802 3199 1859; x_wconf 90' lang='lat' dir='ltr'><strong>de</strong></span> <span class='ocrx_word' id='word_1_256' title='bbox 3242 1801 3509 1869; x_wconf 71' lang='lat' dir='ltr'><strong>sanguine</strong></span> 
     </span>
    </p>
   </div>
   <div class='ocr_carea' id='block_1_36' title="bbox 238 1888 1828 1967">
    <p class='ocr_par' dir='ltr' id='par_1_36' title="bbox 238 1888 1828 1967">
     <span class='ocr_line' id='line_1_36' title="bbox 238 1888 1828 1967; baseline 0.005 -26"><span class='ocrx_word' id='word_1_257' title='bbox 238 1904 405 1959; x_wconf 86' lang='grc' dir='ltr'>τητα,</span> <span class='ocrx_word' id='word_1_258' title='bbox 432 1888 715 1961; x_wconf 79' lang='grc' dir='ltr'>ἄνθρωπος</span> <span class='ocrx_word' id='word_1_259' title='bbox 743 1890 1047 1961; x_wconf 78' lang='grc' dir='ltr'>κατηξίωσε</span> <span class='ocrx_word' id='word_1_260' title='bbox 1077 1893 1414 1963; x_wconf 84' lang='grc' dir='ltr'>χρηματίσαι</span> <span class='ocrx_word' id='word_1_261' title='bbox 1442 1893 1507 1948; x_wconf 79' lang='grc' dir='ltr'>δι’</span> <span class='ocrx_word' id='word_1_262' title='bbox 1536 1896 1705 1967; x_wconf 77' lang='grc' dir='ltr'>ἡμᾶς,</span> <span class='ocrx_word' id='word_1_263' title='bbox 1735 1895 1828 1950; x_wconf 74' lang='grc' dir='ltr'>καὶ</span> 
     </span>
    </p>
   </div>
   <div class='ocr_carea' id='block_1_37' title="bbox 238 1980 1824 2059">
    <p class='ocr_par' dir='ltr' id='par_1_37' title="bbox 238 1980 1824 2059">
     <span class='ocr_line' id='line_1_37' title="bbox 238 1980 1824 2059; baseline 0.006 -27"><span class='ocrx_word' id='word_1_264' title='bbox 238 1980 561 2051; x_wconf 77' lang='grc' dir='ltr'>ἐσκήνωσεν</span> <span class='ocrx_word' id='word_1_265' title='bbox 590 1981 648 2036; x_wconf 82' lang='grc' dir='ltr'><strong>ἐν</strong></span> <span class='ocrx_word' id='word_1_266' title='bbox 682 1983 812 2054; x_wconf 76' lang='grc' dir='ltr'>ἡμῖν</span> <span class='ocrx_word' id='word_1_267' title='bbox 831 1996 847 2010; x_wconf 82' lang='grc'><em>’</em></span> <span class='ocrx_word' id='word_1_268' title='bbox 883 1984 979 2037; x_wconf 83' lang='grc' dir='ltr'>καὶ</span> <span class='ocrx_word' id='word_1_269' title='bbox 1005 1985 1034 2037; x_wconf 85' lang='grc' dir='ltr'>ὁ</span> <span class='ocrx_word' id='word_1_270' title='bbox 1062 1984 1325 2056; x_wconf 87' lang='grc' dir='ltr'>ὐπάρχων</span> <span class='ocrx_word' id='word_1_271' title='bbox 1360 1986 1418 2039; x_wconf 87' lang='grc' dir='ltr'><strong>ἐν</strong></span> <span class='ocrx_word' id='word_1_272' title='bbox 1448 1989 1630 2059; x_wconf 77' lang='grc' dir='ltr'>μορφῇ</span> <span class='ocrx_word' id='word_1_273' title='bbox 1666 1986 1824 2053; x_wconf 87' lang='grc' dir='ltr'>Θεοῦ,</span> 
     </span>
    </p>
   </div>
   <div class='ocr_carea' id='block_1_38' title="bbox 241 2074 1827 2150">
    <p class='ocr_par' dir='ltr' id='par_1_38' title="bbox 241 2074 1827 2150">
     <span class='ocr_line' id='line_1_38' title="bbox 241 2074 1827 2150; baseline 0.004 -24"><span class='ocrx_word' id='word_1_274' title='bbox 241 2074 463 2146; x_wconf 74' lang='grc' dir='ltr'>μορφὴν</span> <span class='ocrx_word' id='word_1_275' title='bbox 495 2074 724 2129; x_wconf 76' lang='grc' dir='ltr'>ἀνέλαϐε</span> <span class='ocrx_word' id='word_1_276' title='bbox 757 2075 966 2143; x_wconf 85' lang='grc' dir='ltr'>δούλου,</span> <span class='ocrx_word' id='word_1_277' title='bbox 990 2077 1258 2149; x_wconf 76' lang='grc' dir='ltr'>ἑκατέρας</span> <span class='ocrx_word' id='word_1_278' title='bbox 1288 2077 1503 2149; x_wconf 86' lang='grc' dir='ltr'>φύσεως</span> <span class='ocrx_word' id='word_1_279' title='bbox 1526 2080 1649 2143; x_wconf 76' lang='grc' dir='ltr'>τοὺς</span> <span class='ocrx_word' id='word_1_280' title='bbox 1668 2080 1827 2150; x_wconf 81' lang='grc' dir='ltr'>ὄρους</span> 
     </span>
    </p>
   </div>
   <div class='ocr_carea' id='block_1_39' title="bbox 240 2167 1824 2250">
    <p class='ocr_par' dir='ltr' id='par_1_39' title="bbox 240 2167 1824 2250">
     <span class='ocr_line' id='line_1_39' title="bbox 240 2167 1824 2250; baseline 0.008 -31"><span class='ocrx_word' id='word_1_281' title='bbox 240 2167 302 2220; x_wconf 78' lang='grc' dir='ltr'><strong>έν</strong></span> <span class='ocrx_word' id='word_1_282' title='bbox 345 2169 415 2238; x_wconf 81' lang='grc' dir='ltr'><strong>τῇ</strong></span> <span class='ocrx_word' id='word_1_283' title='bbox 460 2168 625 2243; x_wconf 73' lang='grc' dir='ltr'>αὐτοῦ</span> <span class='ocrx_word' id='word_1_284' title='bbox 660 2170 763 2243; x_wconf 78' lang='grc' dir='ltr'><strong>μίᾳ</strong></span> <span class='ocrx_word' id='word_1_285' title='bbox 786 2171 1084 2229; x_wconf 72' lang='grc' dir='ltr'>ὑποστάσει</span> <span class='ocrx_word' id='word_1_286' title='bbox 1111 2176 1453 2247; x_wconf 75' lang='grc' dir='ltr'>ἀσυγχύτους</span> <span class='ocrx_word' id='word_1_287' title='bbox 1482 2178 1578 2231; x_wconf 80' lang='grc' dir='ltr'>καὶ</span> <span class='ocrx_word' id='word_1_288' title='bbox 1617 2178 1824 2250; x_wconf 82' lang='grc' dir='ltr'>ἀχωρί-</span> 
     </span>
    </p>
   </div>
   <div class='ocr_carea' id='block_1_40' title="bbox 242 2261 1825 2344">
    <p class='ocr_par' dir='ltr' id='par_1_40' title="bbox 242 2261 1825 2344">
     <span class='ocr_line' id='line_1_40' title="bbox 242 2261 1825 2344; baseline 0.008 -31"><span class='ocrx_word' id='word_1_289' title='bbox 242 2277 408 2325; x_wconf 86' lang='grc' dir='ltr'>στους</span> <span class='ocrx_word' id='word_1_290' title='bbox 449 2261 895 2335; x_wconf 74' lang='grc' dir='ltr'>διασωσάμενοςο</span> <span class='ocrx_word' id='word_1_291' title='bbox 963 2267 1231 2321; x_wconf 79' lang='grc' dir='ltr'>ἐκένωσεν</span> <span class='ocrx_word' id='word_1_292' title='bbox 1280 2268 1373 2323; x_wconf 82' lang='grc' dir='ltr'><strong>οῦν</strong></span> <span class='ocrx_word' id='word_1_293' title='bbox 1433 2268 1625 2324; x_wconf 81' lang='grc' dir='ltr'>ἐαυτὸν</span> <span class='ocrx_word' id='word_1_294' title='bbox 1684 2272 1825 2344; x_wconf 76' lang='grc' dir='ltr'>ὑπὲρ</span> 
     </span>
    </p>
   </div>
   <div class='ocr_carea' id='block_1_41' title="bbox 238 2351 1825 2434">
    <p class='ocr_par' dir='ltr' id='par_1_41' title="bbox 238 2351 1825 2434">
     <span class='ocr_line' id='line_1_41' title="bbox 238 2351 1825 2434; baseline 0.008 -29"><span class='ocrx_word' id='word_1_295' title='bbox 238 2351 405 2424; x_wconf 59' lang='grc' dir='ltr'><strong>⁴ήμῶν</strong></span> <span class='ocrx_word' id='word_1_296' title='bbox 465 2353 778 2420; x_wconf 76' lang='grc' dir='ltr'>ἀκενώτως,</span> <span class='ocrx_word' id='word_1_297' title='bbox 828 2358 923 2411; x_wconf 69' lang='grc' dir='ltr'><strong>καὶ</strong></span> <span class='ocrx_word' id='word_1_298' title='bbox 966 2358 1210 2428; x_wconf 86' lang='grc' dir='ltr'>γεγονὼς</span> <span class='ocrx_word' id='word_1_299' title='bbox 1269 2360 1454 2432; x_wconf 82' lang='grc' dir='ltr'>ὅμοιος</span> <span class='ocrx_word' id='word_1_300' title='bbox 1501 2364 1633 2434; x_wconf 75' lang='grc' dir='ltr'>ἡμῖν</span> <span class='ocrx_word' id='word_1_301' title='bbox 1686 2365 1825 2417; x_wconf 84' lang='grc' dir='ltr'><strong>κατά</strong></span> 
     </span>
    </p>
   </div>
   <div class='ocr_carea' id='block_1_42' title="bbox 240 2446 1825 2524">
    <p class='ocr_par' dir='ltr' id='par_1_42' title="bbox 240 2446 1825 2524">
     <span class='ocr_line' id='line_1_42' title="bbox 240 2446 1825 2524; baseline 0.007 -26"><span class='ocrx_word' id='word_1_302' title='bbox 240 2446 426 2499; x_wconf 78' lang='grc' dir='ltr'>πάντα</span> <span class='ocrx_word' id='word_1_303' title='bbox 468 2446 644 2516; x_wconf 81' lang='grc' dir='ltr'>χωρὶς</span> <span class='ocrx_word' id='word_1_304' title='bbox 695 2448 988 2518; x_wconf 86' lang='grc' dir='ltr'>ἁμαρτίας,</span> <span class='ocrx_word' id='word_1_305' title='bbox 1020 2451 1123 2505; x_wconf 88' lang='grc' dir='ltr'><strong>οὐκ</strong></span> <span class='ocrx_word' id='word_1_306' title='bbox 1170 2452 1476 2524; x_wconf 82' lang='grc' dir='ltr'>εὐεργετῶν</span> <span class='ocrx_word' id='word_1_307' title='bbox 1517 2454 1679 2524; x_wconf 80' lang='grc' dir='ltr'>μόνον</span> <span class='ocrx_word' id='word_1_308' title='bbox 1730 2457 1825 2509; x_wconf 74' lang='grc' dir='ltr'>καὶ</span> 
     </span>
    </p>
   </div>
   <div class='ocr_carea' id='block_1_43' title="bbox 241 2533 1824 2613">
    <p class='ocr_par' dir='ltr' id='par_1_43' title="bbox 241 2533 1824 2613">
     <span class='ocr_line' id='line_1_43' title="bbox 241 2533 1824 2613; baseline 0.009 -24"><span class='ocrx_word' id='word_1_309' title='bbox 241 2533 477 2606; x_wconf 80' lang='grc' dir='ltr'>ἰώμενος</span> <span class='ocrx_word' id='word_1_310' title='bbox 515 2538 613 2602; x_wconf 81' lang='grc' dir='ltr'><strong>τάς</strong></span> <span class='ocrx_word' id='word_1_311' title='bbox 658 2538 944 2605; x_wconf 81' lang='grc' dir='ltr'>ἀσθενείας</span> <span class='ocrx_word' id='word_1_312' title='bbox 991 2542 1149 2613; x_wconf 76' lang='grc' dir='ltr'>ἡμῶν</span> <span class='ocrx_word' id='word_1_313' title='bbox 1191 2544 1510 2611; x_wconf 81' lang='grc' dir='ltr'>διετέλεσεν,</span> <span class='ocrx_word' id='word_1_314' title='bbox 1552 2547 1687 2601; x_wconf 75' lang='grc' dir='ltr'>ἀλλὰ</span> <span class='ocrx_word' id='word_1_315' title='bbox 1731 2551 1824 2603; x_wconf 72' lang='grc' dir='ltr'>καὶ</span> 
     </span>
    </p>
   </div>
   <div class='ocr_carea' id='block_1_44' title="bbox 242 2628 1825 2713">
    <p class='ocr_par' dir='ltr' id='par_1_44' title="bbox 242 2628 1825 2713">
     <span class='ocr_line' id='line_1_44' title="bbox 242 2628 1825 2713; baseline 0.008 -32"><span class='ocrx_word' id='word_1_316' title='bbox 242 2628 738 2699; x_wconf 80' lang='grc' dir='ltr'>βλασφημούμενος</span> <span class='ocrx_word' id='word_1_317' title='bbox 791 2633 888 2687; x_wconf 69' lang='grc' dir='ltr'>καὶ</span> <span class='ocrx_word' id='word_1_318' title='bbox 934 2635 1417 2707; x_wconf 83' lang='grc' dir='ltr'>ἀχαριστούμενος,</span> <span class='ocrx_word' id='word_1_319' title='bbox 1464 2638 1615 2693; x_wconf 78' lang='grc' dir='ltr'>οὐδὲν</span> <span class='ocrx_word' id='word_1_320' title='bbox 1662 2635 1825 2713; x_wconf 78' lang='grc' dir='ltr'>ἦττον</span> 
     </span>
    </p>
   </div>
   <div class='ocr_carea' id='block_1_45' title="bbox 236 2719 1819 2797">
    <p class='ocr_par' dir='ltr' id='par_1_45' title="bbox 236 2719 1819 2797">
     <span class='ocr_line' id='line_1_45' title="bbox 236 2719 1819 2797; baseline 0.009 -25"><span class='ocrx_word' id='word_1_321' title='bbox 236 2719 351 2774; x_wconf 84' lang='grc' dir='ltr'><strong>τῶν</strong></span> <span class='ocrx_word' id='word_1_322' title='bbox 378 2720 521 2793; x_wconf 81' lang='grc' dir='ltr'>ὑπὲρ</span> <span class='ocrx_word' id='word_1_323' title='bbox 543 2721 702 2789; x_wconf 86' lang='grc' dir='ltr'>λόγον</span> <span class='ocrx_word' id='word_1_324' title='bbox 724 2725 943 2795; x_wconf 83' lang='grc' dir='ltr'>δωρεῶν</span> <span class='ocrx_word' id='word_1_325' title='bbox 968 2727 1068 2797; x_wconf 81' lang='grc' dir='ltr'>τὴν</span> <span class='ocrx_word' id='word_1_326' title='bbox 1086 2729 1346 2797; x_wconf 79' lang='grc' dir='ltr'>ἀφθονίαν</span> <span class='ocrx_word' id='word_1_327' title='bbox 1367 2732 1428 2784; x_wconf 88' lang='grc' dir='ltr'><strong>οὐ</strong></span> <span class='ocrx_word' id='word_1_328' title='bbox 1453 2731 1819 2786; x_wconf 88' lang='grc' dir='ltr'>συνέστελλεν·</span> 
     </span>
    </p>
   </div>
   <div class='ocr_carea' id='block_1_46' title="bbox 241 2811 1822 2896">
    <p class='ocr_par' dir='ltr' id='par_1_46' title="bbox 241 2811 1822 2896">
     <span class='ocr_line' id='line_1_46' title="bbox 241 2811 1822 2896; baseline 0.009 -32"><span class='ocrx_word' id='word_1_329' title='bbox 241 2811 337 2865; x_wconf 81' lang='grc' dir='ltr'>καὶ</span> <span class='ocrx_word' id='word_1_330' title='bbox 364 2811 557 2885; x_wconf 74' lang='grc' dir='ltr'>ὕϐρεις</span> <span class='ocrx_word' id='word_1_331' title='bbox 592 2817 687 2869; x_wconf 76' lang='grc' dir='ltr'>καὶ</span> <span class='ocrx_word' id='word_1_332' title='bbox 716 2817 914 2889; x_wconf 77' lang='grc' dir='ltr'>χλεύην</span> <span class='ocrx_word' id='word_1_333' title='bbox 944 2820 1049 2874; x_wconf 81' lang='grc' dir='ltr'>ὐπὸ</span> <span class='ocrx_word' id='word_1_334' title='bbox 1076 2821 1184 2875; x_wconf 87' lang='grc' dir='ltr'><strong>τῶν</strong></span> <span class='ocrx_word' id='word_1_335' title='bbox 1212 2822 1688 2894; x_wconf 76' lang='grc' dir='ltr'>εὐεργετουμένων</span> <span class='ocrx_word' id='word_1_336' title='bbox 1719 2826 1822 2896; x_wconf 83' lang='grc' dir='ltr'>ὐφ-</span> 
     </span>
    </p>
   </div>
   <div class='ocr_carea' id='block_1_47' title="bbox 241 2905 1820 2987">
    <p class='ocr_par' dir='ltr' id='par_1_47' title="bbox 241 2905 1820 2987">
     <span class='ocr_line' id='line_1_47' title="bbox 241 2905 1820 2987; baseline 0.01 -30"><span class='ocrx_word' id='word_1_337' title='bbox 241 2905 560 2975; x_wconf 88' lang='grc' dir='ltr'>ιστάμενος,</span> <span class='ocrx_word' id='word_1_338' title='bbox 591 2909 691 2978; x_wconf 83' lang='grc' dir='ltr'>τῆς</span> <span class='ocrx_word' id='word_1_339' title='bbox 715 2910 923 2980; x_wconf 85' lang='grc' dir='ltr'>ἀφάτου</span> <span class='ocrx_word' id='word_1_340' title='bbox 959 2913 1369 2985; x_wconf 81' lang='grc' dir='ltr'>φιλανθρωπίας</span> <span class='ocrx_word' id='word_1_341' title='bbox 1395 2917 1495 2971; x_wconf 88' lang='grc' dir='ltr'><strong>οὐκ</strong></span> <span class='ocrx_word' id='word_1_342' title='bbox 1516 2918 1783 2987; x_wconf 85' lang='grc' dir='ltr'>ἀφίστατο</span> <span class='ocrx_word' id='word_1_343' title='bbox 1807 2936 1820 2950; x_wconf 89' lang='grc'>·</span> 
     </span>
    </p>
   </div>
   <div class='ocr_carea' id='block_1_48' title="bbox 241 2996 1823 3079">
    <p class='ocr_par' dir='ltr' id='par_1_48' title="bbox 241 2996 1823 3079">
     <span class='ocr_line' id='line_1_48' title="bbox 241 2996 1823 3079; baseline 0.009 -29"><span class='ocrx_word' id='word_1_344' title='bbox 241 2996 381 3051; x_wconf 82' lang='grc' dir='ltr'><strong>ἀλλά</strong></span> <span class='ocrx_word' id='word_1_345' title='bbox 427 2998 522 3054; x_wconf 79' lang='grc' dir='ltr'>καὶ</span> <span class='ocrx_word' id='word_1_346' title='bbox 573 3002 806 3071; x_wconf 75' lang='grc' dir='ltr'>σταυρὸν</span> <span class='ocrx_word' id='word_1_347' title='bbox 848 3004 944 3057; x_wconf 73' lang='grc' dir='ltr'>καὶ</span> <span class='ocrx_word' id='word_1_348' title='bbox 982 3005 1210 3060; x_wconf 88' lang='grc' dir='ltr'>θάνατον</span> <span class='ocrx_word' id='word_1_349' title='bbox 1240 3008 1490 3079; x_wconf 68' lang='grc' dir='ltr'>ἤνεγκεν,</span> <span class='ocrx_word' id='word_1_350' title='bbox 1519 3008 1659 3063; x_wconf 82' lang='grc' dir='ltr'>ῶστε</span> <span class='ocrx_word' id='word_1_351' title='bbox 1697 3012 1823 3074; x_wconf 79' lang='grc' dir='ltr'>τοὺς</span> 
     </span>
    </p>
   </div>
   <div class='ocr_carea' id='block_1_49' title="bbox 241 3089 1888 3180">
    <p class='ocr_par' dir='ltr' id='par_1_49' title="bbox 241 3089 1888 3180">
     <span class='ocr_line' id='line_1_49' title="bbox 241 3089 1888 3180; baseline 0.01 -39"><span class='ocrx_word' id='word_1_352' title='bbox 241 3089 503 3162; x_wconf 71' lang='grc' dir='ltr'>ὑϐριστὰς</span> <span class='ocrx_word' id='word_1_353' title='bbox 544 3093 773 3150; x_wconf 75' lang='grc' dir='ltr'>θανάτου</span> <span class='ocrx_word' id='word_1_354' title='bbox 823 3098 916 3153; x_wconf 77' lang='grc' dir='ltr'>καὶ</span> <span class='ocrx_word' id='word_1_355' title='bbox 956 3099 1162 3171; x_wconf 85' lang='grc' dir='ltr'>φθορᾶς</span> <span class='ocrx_word' id='word_1_356' title='bbox 1192 3100 1517 3167; x_wconf 79' lang='grc' dir='ltr'>ἀπαλλάξαι,</span> <span class='ocrx_word' id='word_1_357' title='bbox 1554 3104 1648 3157; x_wconf 76' lang='grc' dir='ltr'>καὶ</span> <span class='ocrx_word' id='word_1_358' title='bbox 1683 3105 1819 3175; x_wconf 64' lang='grc' dir='ltr'>πρὸς</span> <span class='ocrx_word' id='word_1_359' title='bbox 1847 3120 1888 3180; x_wconf 78' lang='lat' dir='ltr'><strong>c</strong></span> 
     </span>
    </p>
   </div>
   <div class='ocr_carea' id='block_1_50' title="bbox 241 3180 1823 3266">
    <p class='ocr_par' dir='ltr' id='par_1_50' title="bbox 241 3180 1823 3266">
     <span class='ocr_line' id='line_1_50' title="bbox 241 3180 1823 3266; baseline 0.009 -33"><span class='ocrx_word' id='word_1_360' title='bbox 241 3180 544 3236; x_wconf 79' lang='grc' dir='ltr'>ἀθανασίαν</span> <span class='ocrx_word' id='word_1_361' title='bbox 577 3185 669 3237; x_wconf 79' lang='grc' dir='ltr'>καὶ</span> <span class='ocrx_word' id='word_1_362' title='bbox 699 3186 1010 3259; x_wconf 85' lang='grc' dir='ltr'>ἀφθαρσίαν</span> <span class='ocrx_word' id='word_1_363' title='bbox 1033 3190 1094 3245; x_wconf 82' lang='grc' dir='ltr'>τὸ</span> <span class='ocrx_word' id='word_1_364' title='bbox 1119 3190 1310 3262; x_wconf 83' lang='grc' dir='ltr'>θνητὸν</span> <span class='ocrx_word' id='word_1_365' title='bbox 1343 3193 1502 3262; x_wconf 83' lang='grc' dir='ltr'>ήμῶν</span> <span class='ocrx_word' id='word_1_366' title='bbox 1528 3196 1622 3247; x_wconf 79' lang='grc' dir='ltr'>καὶ</span> <span class='ocrx_word' id='word_1_367' title='bbox 1651 3194 1823 3266; x_wconf 86' lang='grc' dir='ltr'>φθαρ-</span> 
     </span>
    </p>
   </div>
   <div class='ocr_carea' id='block_1_51' title="bbox 239 3274 1826 3354">
    <p class='ocr_par' dir='ltr' id='par_1_51' title="bbox 239 3274 1826 3354">
     <span class='ocr_line' id='line_1_51' title="bbox 239 3274 1826 3354; baseline 0.011 -27"><span class='ocrx_word' id='word_1_368' title='bbox 239 3274 335 3328; x_wconf 81' lang='grc' dir='ltr'><strong>τδν</strong></span> <span class='ocrx_word' id='word_1_369' title='bbox 358 3276 449 3330; x_wconf 80' lang='grc' dir='ltr'><strong>διά</strong></span> <span class='ocrx_word' id='word_1_370' title='bbox 477 3277 573 3347; x_wconf 74' lang='grc' dir='ltr'>τῆς</span> <span class='ocrx_word' id='word_1_371' title='bbox 606 3279 745 3344; x_wconf 85' lang='grc' dir='ltr'>ίδίας</span> <span class='ocrx_word' id='word_1_372' title='bbox 776 3281 1127 3347; x_wconf 84' lang='grc' dir='ltr'>ἀναστάσεως</span> <span class='ocrx_word' id='word_1_373' title='bbox 1154 3284 1503 3354; x_wconf 88' lang='grc' dir='ltr'>μεταπλάσαι</span> <span class='ocrx_word' id='word_1_374' title='bbox 1532 3304 1588 3340; x_wconf 89' lang='grc' dir='ltr'><strong>τε</strong></span> <span class='ocrx_word' id='word_1_375' title='bbox 1623 3287 1717 3341; x_wconf 75' lang='grc' dir='ltr'>καὶ</span> <span class='ocrx_word' id='word_1_376' title='bbox 1740 3288 1826 3343; x_wconf 72' lang='grc' dir='ltr'>ἀνι</span> 
     </span>
    </p>
   </div>
   <div class='ocr_carea' id='block_1_52' title="bbox 243 3368 594 3439">
    <p class='ocr_par' dir='ltr' id='par_1_52' title="bbox 243 3368 594 3439">
     <span class='ocr_line' id='line_1_52' title="bbox 243 3368 594 3439; baseline 0.014 -16"><span class='ocrx_word' id='word_1_377' title='bbox 243 3368 594 3439; x_wconf 68' lang='grc' dir='ltr'>υψῶσασθαι.</span> 
     </span>
    </p>
   </div>
   <div class='ocr_carea' id='block_1_53' title="bbox 313 3552 1821 3630">
    <p class='ocr_par' dir='ltr' id='par_1_53' title="bbox 313 3552 1821 3630">
     <span class='ocr_line' id='line_1_53' title="bbox 313 3552 1821 3630; baseline 0.006 -26"><span class='ocrx_word' id='word_1_378' title='bbox 313 3552 382 3622; x_wconf 85' lang='grc' dir='ltr'><strong>β’.</strong></span> <span class='ocrx_word' id='word_1_379' title='bbox 420 3552 642 3607; x_wconf 82' lang='grc' dir='ltr'>Τούτων</span> <span class='ocrx_word' id='word_1_380' title='bbox 677 3553 735 3607; x_wconf 71' lang='grc' dir='ltr'>δὲ</span> <span class='ocrx_word' id='word_1_381' title='bbox 785 3554 1003 3609; x_wconf 87' lang='grc' dir='ltr'>πάντων</span> <span class='ocrx_word' id='word_1_382' title='bbox 1035 3556 1145 3611; x_wconf 90' lang='grc' dir='ltr'><strong>τῶν</strong></span> <span class='ocrx_word' id='word_1_383' title='bbox 1176 3558 1395 3626; x_wconf 76' lang='grc' dir='ltr'>ἀγαθῶν</span> <span class='ocrx_word' id='word_1_384' title='bbox 1432 3558 1732 3630; x_wconf 73' lang='grc' dir='ltr'>άρραΰῶνά</span> <span class='ocrx_word' id='word_1_385' title='bbox 1764 3577 1821 3612; x_wconf 86' lang='grc' dir='ltr'><strong>τε</strong></span> 
     </span>
    </p>
   </div>
   <div class='ocr_carea' id='block_1_54' title="bbox 241 3644 1824 3723">
    <p class='ocr_par' dir='ltr' id='par_1_54' title="bbox 241 3644 1824 3723">
     <span class='ocr_line' id='line_1_54' title="bbox 241 3644 1824 3723; baseline 0.004 -24"><span class='ocrx_word' id='word_1_386' title='bbox 241 3646 337 3700; x_wconf 78' lang='grc' dir='ltr'><strong>καὶ</strong></span> <span class='ocrx_word' id='word_1_387' title='bbox 384 3644 637 3716; x_wconf 77' lang='grc' dir='ltr'>θεμέλιον</span> <span class='ocrx_word' id='word_1_388' title='bbox 685 3644 781 3699; x_wconf 86' lang='grc' dir='ltr'><strong>τοῦ</strong></span> <span class='ocrx_word' id='word_1_389' title='bbox 823 3647 1025 3701; x_wconf 72' lang='grc' dir='ltr'>οἰκείου</span> <span class='ocrx_word' id='word_1_390' title='bbox 1062 3648 1312 3719; x_wconf 84' lang='grc' dir='ltr'>σώματος</span> <span class='ocrx_word' id='word_1_391' title='bbox 1345 3652 1436 3703; x_wconf 65' lang='grc' dir='ltr'><strong>κα)⁵</strong></span> <span class='ocrx_word' id='word_1_392' title='bbox 1465 3652 1693 3722; x_wconf 78' lang='grc' dir='ltr'>αἵματος</span> <span class='ocrx_word' id='word_1_393' title='bbox 1726 3651 1824 3723; x_wconf 77' lang='grc' dir='ltr'>τὴν</span> 
     </span>
    </p>
   </div>
   <div class='ocr_carea' id='block_1_55' title="bbox 244 3738 1823 3813">
    <p class='ocr_par' dir='ltr' id='par_1_55' title="bbox 244 3738 1823 3813">
     <span class='ocr_line' id='line_1_55' title="bbox 244 3738 1823 3813; baseline 0.004 -23"><span class='ocrx_word' id='word_1_394' title='bbox 244 3738 551 3809; x_wconf 70' lang='grc' dir='ltr'>μετάληψιν</span> <span class='ocrx_word' id='word_1_395' title='bbox 586 3739 1062 3810; x_wconf 63' lang='grc' dir='ltr'>πῳκατεόάλλετο</span> <span class='ocrx_word' id='word_1_396' title='bbox 1086 3756 1101 3771; x_wconf 71' lang='grc' dir='ltr'><strong><em>ο</em></strong></span> <span class='ocrx_word' id='word_1_397' title='bbox 1150 3741 1227 3806; x_wconf 86' lang='grc' dir='ltr'>ὠς</span> <span class='ocrx_word' id='word_1_398' title='bbox 1260 3741 1326 3796; x_wconf 85' lang='grc' dir='ltr'>ἂν</span> <span class='ocrx_word' id='word_1_399' title='bbox 1365 3742 1569 3813; x_wconf 86' lang='grc' dir='ltr'>ταύτης</span> <span class='ocrx_word' id='word_1_400' title='bbox 1595 3744 1658 3796; x_wconf 85' lang='grc' dir='ltr'><strong>ἐν</strong></span> <span class='ocrx_word' id='word_1_401' title='bbox 1690 3761 1823 3811; x_wconf 64' lang='grc' dir='ltr'>μετα</span> 
     </span>
    </p>
   </div>
   <div class='ocr_carea' id='block_1_56' title="bbox 240 3829 1823 3906">
    <p class='ocr_par' dir='ltr' id='par_1_56' title="bbox 240 3829 1823 3906">
     <span class='ocr_line' id='line_1_56' title="bbox 240 3829 1823 3906; baseline 0.004 -24"><span class='ocrx_word' id='word_1_402' title='bbox 240 3830 403 3901; x_wconf 78' lang='grc' dir='ltr'>ουσία</span> <span class='ocrx_word' id='word_1_403' title='bbox 441 3829 717 3902; x_wconf 83' lang='grc' dir='ltr'>γινόμενοι</span> <span class='ocrx_word' id='word_1_404' title='bbox 759 3831 860 3902; x_wconf 82' lang='grc' dir='ltr'>τῆς</span> <span class='ocrx_word' id='word_1_405' title='bbox 882 3832 1134 3903; x_wconf 82' lang='grc' dir='ltr'>οὐρανίου</span> <span class='ocrx_word' id='word_1_406' title='bbox 1164 3834 1258 3887; x_wconf 84' lang='grc' dir='ltr'>καὶ</span> <span class='ocrx_word' id='word_1_407' title='bbox 1289 3832 1557 3887; x_wconf 84' lang='grc' dir='ltr'>ἀθανάτου</span> <span class='ocrx_word' id='word_1_408' title='bbox 1593 3835 1738 3906; x_wconf 79' lang='grc' dir='ltr'>ζωῆς</span> <span class='ocrx_word' id='word_1_409' title='bbox 1766 3836 1823 3890; x_wconf 90' lang='grc' dir='ltr'><strong>ἐν</strong></span> 
     </span>
    </p>
   </div>
   <div class='ocr_carea' id='block_1_57' title="bbox 242 3922 1820 4000">
    <p class='ocr_par' dir='ltr' id='par_1_57' title="bbox 242 3922 1820 4000">
     <span class='ocr_line' id='line_1_57' title="bbox 242 3922 1820 4000; baseline 0.004 -25"><span class='ocrx_word' id='word_1_410' title='bbox 242 3922 455 3986; x_wconf 70' lang='grc' dir='ltr'>ἑαυτοῖς</span> <span class='ocrx_word' id='word_1_411' title='bbox 502 3922 648 3994; x_wconf 79' lang='grc' dir='ltr'>ἔχειν</span> <span class='ocrx_word' id='word_1_412' title='bbox 687 3924 1036 3996; x_wconf 86' lang='grc' dir='ltr'>πιστεύωμεν</span> <span class='ocrx_word' id='word_1_413' title='bbox 1084 3925 1152 3980; x_wconf 83' lang='grc' dir='ltr'><strong>τά</strong></span> <span class='ocrx_word' id='word_1_414' title='bbox 1197 3927 1489 3998; x_wconf 88' lang='grc' dir='ltr'>προοίμια·</span> <span class='ocrx_word' id='word_1_415' title='bbox 1522 3928 1750 4000; x_wconf 82' lang='grc' dir='ltr'>καὶγὰρ</span> <span class='ocrx_word' id='word_1_416' title='bbox 1788 3929 1820 4000; x_wconf 81' lang='grc' dir='ltr'>ἠ</span> 
     </span>
    </p>
   </div>
   <div class='ocr_carea' id='block_1_58' title="bbox 244 4014 1823 4090">
    <p class='ocr_par' dir='ltr' id='par_1_58' title="bbox 244 4014 1823 4090">
     <span class='ocr_line' id='line_1_58' title="bbox 244 4014 1823 4090; baseline 0.004 -23"><span class='ocrx_word' id='word_1_417' title='bbox 244 4014 610 4080; x_wconf 82' lang='grc' dir='ltr'>ἐνυπόστατος</span> <span class='ocrx_word' id='word_1_418' title='bbox 623 4016 853 4088; x_wconf 84' lang='grc' dir='ltr'>ἀλήθειά</span> <span class='ocrx_word' id='word_1_419' title='bbox 868 4033 1022 4090; x_wconf 75' lang='grc' dir='ltr'>φησιο</span> <span class='ocrx_word' id='word_1_420' title='bbox 1044 4037 1064 4070; x_wconf 78' lang='grc' dir='ltr'><strong>ι</strong></span> <span class='ocrx_word' id='word_1_421' title='bbox 1086 4018 1144 4071; x_wconf 90' lang='lat'><strong>&#39;0</strong></span> <span class='ocrx_word' id='word_1_422' title='bbox 1155 4017 1384 4090; x_wconf 84' lang='grc' dir='ltr'>τρώγων</span> <span class='ocrx_word' id='word_1_423' title='bbox 1412 4036 1512 4089; x_wconf 90' lang='grc' dir='ltr'><strong>μου</strong></span> <span class='ocrx_word' id='word_1_424' title='bbox 1530 4020 1628 4090; x_wconf 83' lang='grc' dir='ltr'>τὴν</span> <span class='ocrx_word' id='word_1_425' title='bbox 1646 4021 1823 4090; x_wconf 66' lang='grc' dir='ltr'>σάρκα</span> 
     </span>
    </p>
   </div>
   <div class='ocr_carea' id='block_1_59' title="bbox 244 4103 1821 4182">
    <p class='ocr_par' dir='ltr' id='par_1_59' title="bbox 244 4103 1821 4182">
     <span class='ocr_line' id='line_1_59' title="bbox 244 4103 1821 4182; baseline 0.002 -21"><span class='ocrx_word' id='word_1_426' title='bbox 244 4108 334 4162; x_wconf 76' lang='grc' dir='ltr'>καὶ</span> <span class='ocrx_word' id='word_1_427' title='bbox 369 4106 541 4161; x_wconf 87' lang='grc' dir='ltr'>πίνων</span> <span class='ocrx_word' id='word_1_428' title='bbox 572 4126 675 4180; x_wconf 89' lang='grc' dir='ltr'><strong>μου</strong></span> <span class='ocrx_word' id='word_1_429' title='bbox 711 4108 772 4163; x_wconf 82' lang='grc' dir='ltr'>τὸ</span> <span class='ocrx_word' id='word_1_430' title='bbox 795 4103 956 4179; x_wconf 79' lang='grc' dir='ltr'>αἷμα,</span> <span class='ocrx_word' id='word_1_431' title='bbox 982 4108 1094 4180; x_wconf 78' lang='grc' dir='ltr'>ἔχει</span> <span class='ocrx_word' id='word_1_432' title='bbox 1134 4108 1279 4181; x_wconf 78' lang='grc' dir='ltr'>ζωὴν</span> <span class='ocrx_word' id='word_1_433' title='bbox 1304 4110 1521 4165; x_wconf 78' lang='grc' dir='ltr'>αἰώνιον</span> <span class='ocrx_word' id='word_1_434' title='bbox 1540 4126 1553 4141; x_wconf 76' lang='grc'><strong><em>⁸</em></strong></span> <span class='ocrx_word' id='word_1_435' title='bbox 1593 4128 1611 4161; x_wconf 79' lang='grc' dir='ltr'><strong>ι</strong></span> <span class='ocrx_word' id='word_1_436' title='bbox 1634 4110 1821 4182; x_wconf 77' lang='grc' dir='ltr'>ἐπειδὴ</span> 
     </span>
    </p>
   </div>
   <div class='ocr_carea' id='block_1_60' title="bbox 242 4199 1821 4272">
    <p class='ocr_par' dir='ltr' id='par_1_60' title="bbox 242 4199 1821 4272">
     <span class='ocr_line' id='line_1_60' title="bbox 242 4199 1821 4272; baseline 0.002 -21"><span class='ocrx_word' id='word_1_437' title='bbox 242 4201 305 4270; x_wconf 75' lang='grc' dir='ltr'>τῇ</span> <span class='ocrx_word' id='word_1_438' title='bbox 358 4202 562 4271; x_wconf 79' lang='grc' dir='ltr'>μετοχῇ</span> <span class='ocrx_word' id='word_1_439' title='bbox 612 4199 714 4271; x_wconf 79' lang='grc' dir='ltr'>τῆς</span> <span class='ocrx_word' id='word_1_440' title='bbox 768 4200 1039 4272; x_wconf 83' lang='grc' dir='ltr'>ἀχράντου</span> <span class='ocrx_word' id='word_1_441' title='bbox 1093 4200 1297 4272; x_wconf 80' lang='grc' dir='ltr'>σαρκὸς</span> <span class='ocrx_word' id='word_1_442' title='bbox 1333 4199 1501 4255; x_wconf 87' lang='grc' dir='ltr'>αὐτοῦ</span> <span class='ocrx_word' id='word_1_443' title='bbox 1543 4200 1821 4272; x_wconf 80' lang='grc' dir='ltr'>σύσσωμοι</span> 
     </span>
    </p>
   </div>
   <div class='ocr_carea' id='block_1_61' title="bbox 242 4289 1823 4361">
    <p class='ocr_par' dir='ltr' id='par_1_61' title="bbox 242 4289 1823 4361">
     <span class='ocr_line' id='line_1_61' title="bbox 242 4289 1823 4361; baseline 0.003 -20"><span class='ocrx_word' id='word_1_444' title='bbox 242 4289 655 4359; x_wconf 84' lang='grc' dir='ltr'>καθιστάμενοι,</span> <span class='ocrx_word' id='word_1_445' title='bbox 684 4289 776 4342; x_wconf 76' lang='grc' dir='ltr'>καὶ</span> <span class='ocrx_word' id='word_1_446' title='bbox 799 4290 897 4360; x_wconf 85' lang='grc' dir='ltr'><strong>τῆς</strong></span> <span class='ocrx_word' id='word_1_447' title='bbox 925 4290 1233 4361; x_wconf 77' lang='grc' dir='ltr'>ἀφθαρσίας</span> <span class='ocrx_word' id='word_1_448' title='bbox 1257 4293 1349 4344; x_wconf 71' lang='grc' dir='ltr'>καὶ</span> <span class='ocrx_word' id='word_1_449' title='bbox 1369 4291 1669 4356; x_wconf 85' lang='grc' dir='ltr'>ἀθανασίας</span> <span class='ocrx_word' id='word_1_450' title='bbox 1693 4309 1823 4348; x_wconf 84' lang='grc' dir='ltr'>κατ-</span> 
     </span>
    </p>
   </div>
   <div class='ocr_carea' id='block_1_62' title="bbox 244 4379 1823 4453">
    <p class='ocr_par' dir='ltr' id='par_1_62' title="bbox 244 4379 1823 4453">
     <span class='ocr_line' id='line_1_62' title="bbox 244 4379 1823 4453; baseline 0.003 -19"><span class='ocrx_word' id='word_1_451' title='bbox 244 4379 568 4450; x_wconf 75' lang='grc' dir='ltr'>αξιούμεθαο</span> <span class='ocrx_word' id='word_1_452' title='bbox 606 4384 634 4436; x_wconf 84' lang='grc' dir='ltr'><strong>ὁ</strong></span> <span class='ocrx_word' id='word_1_453' title='bbox 677 4382 857 4436; x_wconf 84' lang='grc' dir='ltr'>τοίνυν</span> <span class='ocrx_word' id='word_1_454' title='bbox 903 4385 1029 4446; x_wconf 77' lang='grc' dir='ltr'>τοὺς</span> <span class='ocrx_word' id='word_1_455' title='bbox 1077 4382 1373 4453; x_wconf 88' lang='grc' dir='ltr'>λογισμοὺς</span> <span class='ocrx_word' id='word_1_456' title='bbox 1402 4384 1568 4437; x_wconf 89' lang='grc' dir='ltr'>αὐτοῦ</span> <span class='ocrx_word' id='word_1_457' title='bbox 1609 4385 1823 4448; x_wconf 87' lang='grc' dir='ltr'>τούτοις</span> 
     </span>
    </p>
   </div>
   <div class='ocr_carea' id='block_1_63' title="bbox 1929 1890 3510 1964">
    <p class='ocr_par' dir='ltr' id='par_1_63' title="bbox 1929 1890 3510 1964">
     <span class='ocr_line' id='line_1_63' title="bbox 1929 1890 3510 1964; baseline 0 -18"><span class='ocrx_word' id='word_1_458' title='bbox 1929 1908 2150 1947; x_wconf 87' lang='lat' dir='ltr'><strong>carnem</strong></span> <span class='ocrx_word' id='word_1_459' title='bbox 2176 1893 2280 1948; x_wconf 91' lang='lat' dir='ltr'><strong>sibi</strong></span> <span class='ocrx_word' id='word_1_460' title='bbox 2310 1895 2554 1963; x_wconf 82' lang='lat' dir='ltr'><strong>adeptus,</strong></span> <span class='ocrx_word' id='word_1_461' title='bbox 2578 1894 2672 1964; x_wconf 91' lang='lat' dir='ltr'><strong>qui</strong></span> <span class='ocrx_word' id='word_1_462' title='bbox 2696 1902 2815 1949; x_wconf 91' lang='lat' dir='ltr'><strong>erat</strong></span> <span class='ocrx_word' id='word_1_463' title='bbox 2841 1893 3124 1949; x_wconf 82' lang='lat' dir='ltr'><strong>divinitate</strong></span> <span class='ocrx_word' id='word_1_464' title='bbox 3148 1894 3320 1956; x_wconf 87' lang='lat' dir='ltr'><strong>dives,</strong></span> <span class='ocrx_word' id='word_1_465' title='bbox 3344 1890 3510 1950; x_wconf 86' lang='lat' dir='ltr'><strong>homo</strong></span> 
     </span>
    </p>
   </div>
   <div class='ocr_carea' id='block_1_64' title="bbox 1929 1982 3509 2054">
    <p class='ocr_par' dir='ltr' id='par_1_64' title="bbox 1929 1982 3509 2054">
     <span class='ocr_line' id='line_1_64' title="bbox 1929 1982 3509 2054; baseline 0 -15"><span class='ocrx_word' id='word_1_466' title='bbox 1929 1985 2044 2040; x_wconf 82' lang='lat' dir='ltr'><strong>fieri</strong></span> <span class='ocrx_word' id='word_1_467' title='bbox 2103 1996 2323 2054; x_wconf 83' lang='lat' dir='ltr'><strong>propter</strong></span> <span class='ocrx_word' id='word_1_468' title='bbox 2377 2000 2477 2041; x_wconf 85' lang='lat' dir='ltr'><strong>nos</strong></span> <span class='ocrx_word' id='word_1_469' title='bbox 2508 1986 2700 2054; x_wconf 87' lang='lat' dir='ltr'><strong>voluit,</strong></span> <span class='ocrx_word' id='word_1_470' title='bbox 2748 1999 2813 2039; x_wconf 90' lang='lat' dir='ltr'><strong>ac</strong></span> <span class='ocrx_word' id='word_1_471' title='bbox 2862 1985 3151 2041; x_wconf 89' lang='lat' dir='ltr'><strong>nobiscum</strong></span> <span class='ocrx_word' id='word_1_472' title='bbox 3198 1982 3509 2040; x_wconf 84' lang='lat' dir='ltr'><strong>diversatus</strong></span> 
     </span>
    </p>
   </div>
   <div class='ocr_carea' id='block_1_65' title="bbox 1927 2076 3507 2148">
    <p class='ocr_par' dir='ltr' id='par_1_65' title="bbox 1927 2076 3507 2148">
     <span class='ocr_line' id='line_1_65' title="bbox 1927 2076 3507 2148; baseline 0.002 -17"><span class='ocrx_word' id='word_1_473' title='bbox 1927 2084 2011 2133; x_wconf 84' lang='lat' dir='ltr'><strong>est</strong></span> <span class='ocrx_word' id='word_1_474' title='bbox 2045 2092 2060 2131; x_wconf 89' lang='lat'><strong>:</strong></span> <span class='ocrx_word' id='word_1_475' title='bbox 2089 2086 2143 2132; x_wconf 89' lang='lat' dir='ltr'><strong>et</strong></span> <span class='ocrx_word' id='word_1_476' title='bbox 2174 2078 2270 2148; x_wconf 85' lang='lat' dir='ltr'><strong>qui</strong></span> <span class='ocrx_word' id='word_1_477' title='bbox 2298 2086 2417 2133; x_wconf 83' lang='lat' dir='ltr'><strong>erat</strong></span> <span class='ocrx_word' id='word_1_478' title='bbox 2444 2079 2498 2133; x_wconf 91' lang='lat' dir='ltr'><strong>in</strong></span> <span class='ocrx_word' id='word_1_479' title='bbox 2541 2076 2718 2134; x_wconf 87' lang='lat' dir='ltr'><strong>forma</strong></span> <span class='ocrx_word' id='word_1_480' title='bbox 2759 2077 2877 2144; x_wconf 82' lang='lat' dir='ltr'><strong>Dei,</strong></span> <span class='ocrx_word' id='word_1_481' title='bbox 2910 2076 3145 2134; x_wconf 87' lang='lat' dir='ltr'><strong>formam</strong></span> <span class='ocrx_word' id='word_1_482' title='bbox 3180 2076 3323 2133; x_wconf 72' lang='lat' dir='ltr'><strong>servi</strong></span> <span class='ocrx_word' id='word_1_483' title='bbox 3357 2092 3507 2134; x_wconf 84' lang='lat' dir='ltr'><strong>rece-</strong></span> 
     </span>
    </p>
   </div>
   <div class='ocr_carea' id='block_1_66' title="bbox 1928 2167 3509 2239">
    <p class='ocr_par' dir='ltr' id='par_1_66' title="bbox 1928 2167 3509 2239">
     <span class='ocr_line' id='line_1_66' title="bbox 1928 2167 3509 2239; baseline 0.003 -20"><span class='ocrx_word' id='word_1_484' title='bbox 1928 2168 2025 2237; x_wconf 84' lang='lat' dir='ltr'><strong>pit,</strong></span> <span class='ocrx_word' id='word_1_485' title='bbox 2062 2167 2347 2238; x_wconf 83' lang='lat' dir='ltr'><strong>utriusque</strong></span> <span class='ocrx_word' id='word_1_486' title='bbox 2366 2176 2576 2223; x_wconf 68' lang='lat' dir='ltr'><strong>natura:</strong></span> <span class='ocrx_word' id='word_1_487' title='bbox 2601 2167 2865 2224; x_wconf 74' lang='lat' dir='ltr'><strong>terminos</strong></span> <span class='ocrx_word' id='word_1_488' title='bbox 2889 2167 2944 2224; x_wconf 90' lang='lat' dir='ltr'><strong>in</strong></span> <span class='ocrx_word' id='word_1_489' title='bbox 2970 2168 3131 2223; x_wconf 87' lang='lat' dir='ltr'><strong>unica</strong></span> <span class='ocrx_word' id='word_1_490' title='bbox 3155 2183 3253 2224; x_wconf 87' lang='lat' dir='ltr'><strong>sua</strong></span> <span class='ocrx_word' id='word_1_491' title='bbox 3274 2183 3509 2239; x_wconf 84' lang='lat' dir='ltr'><strong>persona</strong></span> 
     </span>
    </p>
   </div>
   <div class='ocr_carea' id='block_1_67' title="bbox 1929 2259 3511 2331">
    <p class='ocr_par' dir='ltr' id='par_1_67' title="bbox 1929 2259 3511 2331">
     <span class='ocr_line' id='line_1_67' title="bbox 1929 2259 3511 2331; baseline 0.003 -20"><span class='ocrx_word' id='word_1_492' title='bbox 1929 2259 2246 2316; x_wconf 77' lang='lat' dir='ltr'><strong>inconfusus</strong></span> <span class='ocrx_word' id='word_1_493' title='bbox 2300 2260 2798 2331; x_wconf 81' lang='lat' dir='ltr'><strong>inseparabilesque</strong></span> <span class='ocrx_word' id='word_1_494' title='bbox 2861 2276 3112 2318; x_wconf 88' lang='lat' dir='ltr'><strong>servans.</strong></span> <span class='ocrx_word' id='word_1_495' title='bbox 3192 2260 3511 2319; x_wconf 75' lang='lat' dir='ltr'><strong>Exinanivit</strong></span> 
     </span>
    </p>
   </div>
   <div class='ocr_carea' id='block_1_68' title="bbox 1926 2352 3509 2424">
    <p class='ocr_par' dir='ltr' id='par_1_68' title="bbox 1926 2352 3509 2424">
     <span class='ocr_line' id='line_1_68' title="bbox 1926 2352 3509 2424; baseline 0.002 -20"><span class='ocrx_word' id='word_1_496' title='bbox 1926 2366 2055 2421; x_wconf 69' lang='lat' dir='ltr'><strong>ergo</strong></span> <span class='ocrx_word' id='word_1_497' title='bbox 2084 2352 2203 2407; x_wconf 88' lang='lat' dir='ltr'><strong>sine</strong></span> <span class='ocrx_word' id='word_1_498' title='bbox 2235 2353 2610 2409; x_wconf 78' lang='lat' dir='ltr'><strong>exinanitione</strong></span> <span class='ocrx_word' id='word_1_499' title='bbox 2658 2369 2717 2409; x_wconf 90' lang='lat' dir='ltr'><strong>se</strong></span> <span class='ocrx_word' id='word_1_500' title='bbox 2760 2354 2963 2424; x_wconf 82' lang='lat' dir='ltr'><strong>ipsum,</strong></span> <span class='ocrx_word' id='word_1_501' title='bbox 3004 2369 3071 2409; x_wconf 90' lang='lat' dir='ltr'><strong>ac</strong></span> <span class='ocrx_word' id='word_1_502' title='bbox 3102 2353 3299 2411; x_wconf 88' lang='lat' dir='ltr'><strong>similis</strong></span> <span class='ocrx_word' id='word_1_503' title='bbox 3337 2353 3509 2409; x_wconf 86' lang='lat' dir='ltr'><strong>.nubis</strong></span> 
     </span>
    </p>
   </div>
   <div class='ocr_carea' id='block_1_69' title="bbox 1926 2442 3505 2515">
    <p class='ocr_par' dir='ltr' id='par_1_69' title="bbox 1926 2442 3505 2515">
     <span class='ocr_line' id='line_1_69' title="bbox 1926 2442 3505 2515; baseline 0.003 -20"><span class='ocrx_word' id='word_1_504' title='bbox 1926 2457 2022 2512; x_wconf 86' lang='lat' dir='ltr'><strong>per</strong></span> <span class='ocrx_word' id='word_1_505' title='bbox 2054 2444 2235 2498; x_wconf 85' lang='lat' dir='ltr'><strong>omnia</strong></span> <span class='ocrx_word' id='word_1_506' title='bbox 2281 2442 2506 2500; x_wconf 64' lang='lat' dir='ltr'><strong>eﬂ‘ectus</strong></span> <span class='ocrx_word' id='word_1_507' title='bbox 2545 2444 2754 2515; x_wconf 85' lang='lat' dir='ltr'><strong>absque</strong></span> <span class='ocrx_word' id='word_1_508' title='bbox 2796 2454 3020 2515; x_wconf 89' lang='lat' dir='ltr'><strong>peccato</strong></span> <span class='ocrx_word' id='word_1_509' title='bbox 3070 2445 3139 2510; x_wconf 81' lang='lat'><strong>&quot;,</strong></span> <span class='ocrx_word' id='word_1_510' title='bbox 3172 2459 3282 2501; x_wconf 89' lang='lat' dir='ltr'><strong>non</strong></span> <span class='ocrx_word' id='word_1_511' title='bbox 3327 2444 3505 2500; x_wconf 85' lang='lat' dir='ltr'><strong>solum</strong></span> 
     </span>
    </p>
   </div>
   <div class='ocr_carea' id='block_1_70' title="bbox 1932 2534 3512 2606">
    <p class='ocr_par' dir='ltr' id='par_1_70' title="bbox 1932 2534 3512 2606">
     <span class='ocr_line' id='line_1_70' title="bbox 1932 2534 3512 2606; baseline 0.004 -19"><span class='ocrx_word' id='word_1_512' title='bbox 1932 2537 2071 2590; x_wconf 82' lang='lat' dir='ltr'><strong>bene</strong></span> <span class='ocrx_word' id='word_1_513' title='bbox 2094 2534 2222 2591; x_wconf 85' lang='lat' dir='ltr'><strong>fecit</strong></span> <span class='ocrx_word' id='word_1_514' title='bbox 2260 2536 2560 2591; x_wconf 86' lang='lat' dir='ltr'><strong>infirmitati</strong></span> <span class='ocrx_word' id='word_1_515' title='bbox 2591 2546 2795 2593; x_wconf 78' lang='lat' dir='ltr'><strong>nostra:</strong></span> <span class='ocrx_word' id='word_1_516' title='bbox 2827 2552 2892 2593; x_wconf 93' lang='lat' dir='ltr'><strong>ac</strong></span> <span class='ocrx_word' id='word_1_517' title='bbox 2929 2537 3232 2595; x_wconf 82' lang='lat' dir='ltr'><strong>medicatus</strong></span> <span class='ocrx_word' id='word_1_518' title='bbox 3260 2546 3387 2606; x_wconf 89' lang='lat' dir='ltr'><strong>est;</strong></span> <span class='ocrx_word' id='word_1_519' title='bbox 3417 2551 3512 2594; x_wconf 86' lang='lat' dir='ltr'><strong>ve-</strong></span> 
     </span>
    </p>
   </div>
   <div class='ocr_carea' id='block_1_71' title="bbox 1929 2629 3510 2700">
    <p class='ocr_par' dir='ltr' id='par_1_71' title="bbox 1929 2629 3510 2700">
     <span class='ocr_line' id='line_1_71' title="bbox 1929 2629 3510 2700; baseline 0.001 -17"><span class='ocrx_word' id='word_1_520' title='bbox 1929 2638 2047 2684; x_wconf 87' lang='lat' dir='ltr'><strong>rum</strong></span> <span class='ocrx_word' id='word_1_521' title='bbox 2082 2631 2183 2686; x_wconf 90' lang='lat' dir='ltr'><strong>etsi</strong></span> <span class='ocrx_word' id='word_1_522' title='bbox 2227 2629 2584 2700; x_wconf 79' lang='lat' dir='ltr'><strong>bIaSphemiis</strong></span> <span class='ocrx_word' id='word_1_523' title='bbox 2614 2630 2907 2699; x_wconf 83' lang='lat' dir='ltr'><strong>appetitus,</strong></span> <span class='ocrx_word' id='word_1_524' title='bbox 2938 2642 3105 2700; x_wconf 90' lang='lat' dir='ltr'><strong>atque</strong></span> <span class='ocrx_word' id='word_1_525' title='bbox 3141 2631 3387 2700; x_wconf 77' lang='lat' dir='ltr'><strong>ingratos</strong></span> <span class='ocrx_word' id='word_1_526' title='bbox 3413 2645 3510 2685; x_wconf 79' lang='lat' dir='ltr'><strong>ex-</strong></span> 
     </span>
    </p>
   </div>
   <div class='ocr_carea' id='block_1_72' title="bbox 1926 2720 3510 2792">
    <p class='ocr_par' dir='ltr' id='par_1_72' title="bbox 1926 2720 3510 2792">
     <span class='ocr_line' id='line_1_72' title="bbox 1926 2720 3510 2792; baseline 0 -17"><span class='ocrx_word' id='word_1_527' title='bbox 1926 2733 2116 2792; x_wconf 89' lang='lat' dir='ltr'><strong>pertus</strong></span> <span class='ocrx_word' id='word_1_528' title='bbox 2143 2721 2415 2782; x_wconf 89' lang='lat' dir='ltr'><strong>homines,</strong></span> <span class='ocrx_word' id='word_1_529' title='bbox 2444 2720 2807 2776; x_wconf 84' lang='lat' dir='ltr'><strong>nihilominus</strong></span> <span class='ocrx_word' id='word_1_530' title='bbox 2840 2722 3294 2776; x_wconf 81' lang='lat' dir='ltr'><strong>inenarrabilium</strong></span> <span class='ocrx_word' id='word_1_531' title='bbox 3334 2722 3510 2777; x_wconf 87' lang='lat' dir='ltr'><strong>dono-</strong></span> 
     </span>
    </p>
   </div>
   <div class='ocr_carea' id='block_1_73' title="bbox 1926 2813 3509 2885">
    <p class='ocr_par' dir='ltr' id='par_1_73' title="bbox 1926 2813 3509 2885">
     <span class='ocr_line' id='line_1_73' title="bbox 1926 2813 3509 2885; baseline 0.001 -18"><span class='ocrx_word' id='word_1_532' title='bbox 1926 2830 2047 2867; x_wconf 87' lang='lat' dir='ltr'><strong>rum</strong></span> <span class='ocrx_word' id='word_1_533' title='bbox 2086 2813 2416 2869; x_wconf 81' lang='lat' dir='ltr'><strong>aﬂluentiam</strong></span> <span class='ocrx_word' id='word_1_534' title='bbox 2467 2828 2576 2867; x_wconf 87' lang='lat' dir='ltr'><strong>non</strong></span> <span class='ocrx_word' id='word_1_535' title='bbox 2631 2814 3019 2883; x_wconf 88' lang='lat' dir='ltr'><strong>compescuit:</strong></span> <span class='ocrx_word' id='word_1_536' title='bbox 3063 2813 3406 2885; x_wconf 89' lang='lat' dir='ltr'><strong>injuriasque</strong></span> <span class='ocrx_word' id='word_1_537' title='bbox 3454 2823 3509 2868; x_wconf 81' lang='lat' dir='ltr'><strong>ct</strong></span> 
     </span>
    </p>
   </div>
   <div class='ocr_carea' id='block_1_74' title="bbox 1926 2906 3511 2980">
    <p class='ocr_par' dir='ltr' id='par_1_74' title="bbox 1926 2906 3511 2980">
     <span class='ocr_line' id='line_1_74' title="bbox 1926 2906 3511 2980; baseline 0.003 -20"><span class='ocrx_word' id='word_1_538' title='bbox 1926 2907 2169 2961; x_wconf 85' lang='lat' dir='ltr'><strong>convicia</strong></span> <span class='ocrx_word' id='word_1_539' title='bbox 2206 2907 2273 2961; x_wconf 88' lang='lat' dir='ltr'><strong>ab</strong></span> <span class='ocrx_word' id='word_1_540' title='bbox 2299 2907 2366 2961; x_wconf 83' lang='lat' dir='ltr'><strong>iis</strong></span> <span class='ocrx_word' id='word_1_541' title='bbox 2393 2908 2483 2976; x_wconf 89' lang='lat' dir='ltr'><strong>qui</strong></span> <span class='ocrx_word' id='word_1_542' title='bbox 2514 2906 2634 2975; x_wconf 90' lang='lat' dir='ltr'><strong>ejus</strong></span> <span class='ocrx_word' id='word_1_543' title='bbox 2682 2907 2964 2964; x_wconf 88' lang='lat' dir='ltr'><strong>beneficiis</strong></span> <span class='ocrx_word' id='word_1_544' title='bbox 3007 2909 3089 2965; x_wconf 89' lang='lat' dir='ltr'><strong>usi</strong></span> <span class='ocrx_word' id='word_1_545' title='bbox 3131 2910 3350 2964; x_wconf 88' lang='lat' dir='ltr'><strong>fuerant</strong></span> <span class='ocrx_word' id='word_1_546' title='bbox 3384 2924 3511 2980; x_wconf 88' lang='lat' dir='ltr'><strong>per-</strong></span> 
     </span>
    </p>
   </div>
   <div class='ocr_carea' id='block_1_75' title="bbox 1926 2996 3517 3067">
    <p class='ocr_par' dir='ltr' id='par_1_75' title="bbox 1926 2996 3517 3067">
     <span class='ocr_line' id='line_1_75' title="bbox 1926 2996 3517 3067; baseline 0.005 -16"><span class='ocrx_word' id='word_1_547' title='bbox 1926 3010 2138 3066; x_wconf 86' lang='lat' dir='ltr'><strong>pessus,</strong></span> <span class='ocrx_word' id='word_1_548' title='bbox 2169 2996 2237 3051; x_wconf 90' lang='lat' dir='ltr'><strong>ab</strong></span> <span class='ocrx_word' id='word_1_549' title='bbox 2264 2996 2520 3051; x_wconf 78' lang='lat' dir='ltr'><strong>ittcﬂ&#39;abili</strong></span> <span class='ocrx_word' id='word_1_550' title='bbox 2560 2996 2940 3052; x_wconf 78' lang='lat' dir='ltr'><strong>benevolentia</strong></span> <span class='ocrx_word' id='word_1_551' title='bbox 2974 3014 3082 3053; x_wconf 91' lang='lat' dir='ltr'><strong>non</strong></span> <span class='ocrx_word' id='word_1_552' title='bbox 3133 2999 3376 3067; x_wconf 87' lang='lat' dir='ltr'><strong>destitit;</strong></span> <span class='ocrx_word' id='word_1_553' title='bbox 3409 2999 3517 3059; x_wconf 88' lang='lat' dir='ltr'><strong>sed.</strong></span> 
     </span>
    </p>
   </div>
   <div class='ocr_carea' id='block_1_76' title="bbox 1927 3086 3509 3157">
    <p class='ocr_par' dir='ltr' id='par_1_76' title="bbox 1927 3086 3509 3157">
     <span class='ocr_line' id='line_1_76' title="bbox 1927 3086 3509 3157; baseline 0.001 -14"><span class='ocrx_word' id='word_1_554' title='bbox 1927 3104 2146 3144; x_wconf 82' lang='lat' dir='ltr'><strong>crucem</strong></span> <span class='ocrx_word' id='word_1_555' title='bbox 2187 3102 2482 3157; x_wconf 86' lang='lat' dir='ltr'><strong>necemque</strong></span> <span class='ocrx_word' id='word_1_556' title='bbox 2506 3087 2750 3156; x_wconf 79' lang='lat' dir='ltr'><strong>pertulit,</strong></span> <span class='ocrx_word' id='word_1_557' title='bbox 2786 3096 2844 3141; x_wconf 92' lang='lat' dir='ltr'><strong>ut</strong></span> <span class='ocrx_word' id='word_1_558' title='bbox 2876 3086 3129 3145; x_wconf 85' lang='lat' dir='ltr'><strong>inimicos</strong></span> <span class='ocrx_word' id='word_1_559' title='bbox 3174 3104 3308 3145; x_wconf 85' lang='lat' dir='ltr'><strong>suos</strong></span> <span class='ocrx_word' id='word_1_560' title='bbox 3334 3101 3509 3144; x_wconf 88' lang='lat' dir='ltr'><strong>morte</strong></span> 
     </span>
    </p>
   </div>
   <div class='ocr_carea' id='block_1_77' title="bbox 1925 3178 3504 3249">
    <p class='ocr_par' dir='ltr' id='par_1_77' title="bbox 1925 3178 3504 3249">
     <span class='ocr_line' id='line_1_77' title="bbox 1925 3178 3504 3249; baseline 0 -14"><span class='ocrx_word' id='word_1_561' title='bbox 1925 3190 1977 3235; x_wconf 85' lang='lat' dir='ltr'><strong>et</strong></span> <span class='ocrx_word' id='word_1_562' title='bbox 2006 3180 2360 3249; x_wconf 85' lang='lat' dir='ltr'><strong>corruptione</strong></span> <span class='ocrx_word' id='word_1_563' title='bbox 2403 3178 2679 3246; x_wconf 88' lang='lat' dir='ltr'><strong>liberaret,</strong></span> <span class='ocrx_word' id='word_1_564' title='bbox 2724 3186 2888 3249; x_wconf 86' lang='lat' dir='ltr'><strong>atque</strong></span> <span class='ocrx_word' id='word_1_565' title='bbox 2937 3180 3004 3235; x_wconf 92' lang='lat' dir='ltr'><strong>ad</strong></span> <span class='ocrx_word' id='word_1_566' title='bbox 3037 3180 3504 3236; x_wconf 89' lang='lat' dir='ltr'><strong>immortalitatem</strong></span> 
     </span>
    </p>
   </div>
   <div class='ocr_carea' id='block_1_78' title="bbox 1922 3271 3508 3343">
    <p class='ocr_par' dir='ltr' id='par_1_78' title="bbox 1922 3271 3508 3343">
     <span class='ocr_line' id='line_1_78' title="bbox 1922 3271 3508 3343; baseline 0 -16"><span class='ocrx_word' id='word_1_567' title='bbox 1922 3283 1978 3328; x_wconf 85' lang='lat' dir='ltr'><strong>et</strong></span> <span class='ocrx_word' id='word_1_568' title='bbox 2006 3271 2468 3341; x_wconf 83' lang='lat' dir='ltr'><strong>incorruptionem</strong></span> <span class='ocrx_word' id='word_1_569' title='bbox 2503 3272 2731 3327; x_wconf 86' lang='lat' dir='ltr'><strong>mortale</strong></span> <span class='ocrx_word' id='word_1_570' title='bbox 2754 3272 2859 3328; x_wconf 87' lang='lat' dir='ltr'><strong>hoc</strong></span> <span class='ocrx_word' id='word_1_571' title='bbox 2886 3280 3137 3328; x_wconf 88' lang='lat' dir='ltr'><strong>nostrum</strong></span> <span class='ocrx_word' id='word_1_572' title='bbox 3160 3282 3216 3327; x_wconf 87' lang='lat' dir='ltr'><strong>et</strong></span> <span class='ocrx_word' id='word_1_573' title='bbox 3234 3274 3508 3343; x_wconf 83' lang='lat' dir='ltr'><strong>corrupti-</strong></span> 
     </span>
    </p>
   </div>
   <div class='ocr_carea' id='block_1_79' title="bbox 1931 3363 3507 3433">
    <p class='ocr_par' dir='ltr' id='par_1_79' title="bbox 1931 3363 3507 3433">
     <span class='ocr_line' id='line_1_79' title="bbox 1931 3363 3507 3433; baseline 0.001 -15"><span class='ocrx_word' id='word_1_574' title='bbox 1931 3363 2039 3418; x_wconf 89' lang='lat' dir='ltr'><strong>bile</strong></span> <span class='ocrx_word' id='word_1_575' title='bbox 2060 3379 2261 3433; x_wconf 88' lang='lat' dir='ltr'><strong>corpus</strong></span> <span class='ocrx_word' id='word_1_576' title='bbox 2289 3377 2386 3432; x_wconf 87' lang='lat' dir='ltr'><strong>per</strong></span> <span class='ocrx_word' id='word_1_577' title='bbox 2408 3377 2565 3416; x_wconf 83' lang='lat' dir='ltr'><strong>suam</strong></span> <span class='ocrx_word' id='word_1_578' title='bbox 2596 3364 3052 3420; x_wconf 81' lang='lat' dir='ltr'><strong>resurrectionem</strong></span> <span class='ocrx_word' id='word_1_579' title='bbox 3079 3365 3401 3421; x_wconf 81' lang='lat' dir='ltr'><strong>transferret</strong></span> <span class='ocrx_word' id='word_1_580' title='bbox 3424 3374 3507 3420; x_wconf 87' lang='lat' dir='ltr'><strong>at-</strong></span> 
     </span>
    </p>
   </div>
   <div class='ocr_carea' id='block_1_80' title="bbox 1924 3458 2351 3527">
    <p class='ocr_par' dir='ltr' id='par_1_80' title="bbox 1924 3458 2351 3527">
     <span class='ocr_line' id='line_1_80' title="bbox 1924 3458 2351 3527; baseline 0.005 -18"><span class='ocrx_word' id='word_1_581' title='bbox 1924 3472 2032 3527; x_wconf 88' lang='lat' dir='ltr'><strong>que</strong></span> <span class='ocrx_word' id='word_1_582' title='bbox 2062 3458 2351 3511; x_wconf 82' lang='lat' dir='ltr'><strong>attolleret.</strong></span> 
     </span>
    </p>
   </div>
   <div class='ocr_carea' id='block_1_81' title="bbox 1994 3547 3507 3605">
    <p class='ocr_par' dir='ltr' id='par_1_81' title="bbox 1994 3547 3507 3605">
     <span class='ocr_line' id='line_1_81' title="bbox 1994 3547 3507 3605; baseline 0.002 -4"><span class='ocrx_word' id='word_1_583' title='bbox 1994 3549 2048 3603; x_wconf 77' lang='grc'><strong>9..</strong></span> <span class='ocrx_word' id='word_1_584' title='bbox 2083 3547 2201 3603; x_wconf 73' lang='lat' dir='ltr'><strong>1am</strong></span> <span class='ocrx_word' id='word_1_585' title='bbox 2232 3564 2360 3604; x_wconf 90' lang='lat' dir='ltr'><strong>vero</strong></span> <span class='ocrx_word' id='word_1_586' title='bbox 2391 3551 2585 3605; x_wconf 87' lang='lat' dir='ltr'><strong>horum</strong></span> <span class='ocrx_word' id='word_1_587' title='bbox 2620 3550 2889 3605; x_wconf 89' lang='lat' dir='ltr'><strong>bonorum</strong></span> <span class='ocrx_word' id='word_1_588' title='bbox 2934 3550 3183 3603; x_wconf 87' lang='lat' dir='ltr'><strong>omnium</strong></span> <span class='ocrx_word' id='word_1_589' title='bbox 3238 3549 3507 3604; x_wconf 83' lang='lat' dir='ltr'><strong>arrhabo-</strong></span> 
     </span>
    </p>
   </div>
   <div class='ocr_carea' id='block_1_82' title="bbox 1926 3642 3504 3714">
    <p class='ocr_par' dir='ltr' id='par_1_82' title="bbox 1926 3642 3504 3714">
     <span class='ocr_line' id='line_1_82' title="bbox 1926 3642 3504 3714; baseline 0.001 -17"><span class='ocrx_word' id='word_1_590' title='bbox 1926 3658 2050 3698; x_wconf 88' lang='lat' dir='ltr'><strong>nem</strong></span> <span class='ocrx_word' id='word_1_591' title='bbox 2085 3658 2150 3697; x_wconf 90' lang='lat' dir='ltr'><strong>ac</strong></span> <span class='ocrx_word' id='word_1_592' title='bbox 2181 3642 2597 3698; x_wconf 81' lang='lat' dir='ltr'><strong>fundamentum</strong></span> <span class='ocrx_word' id='word_1_593' title='bbox 2629 3646 2823 3699; x_wconf 84' lang='lat' dir='ltr'><strong>statuit</strong></span> <span class='ocrx_word' id='word_1_594' title='bbox 2846 3644 3053 3714; x_wconf 89' lang='lat' dir='ltr'><strong>proprii</strong></span> <span class='ocrx_word' id='word_1_595' title='bbox 3088 3646 3338 3714; x_wconf 82' lang='lat' dir='ltr'><strong>corporis</strong></span> <span class='ocrx_word' id='word_1_596' title='bbox 3369 3660 3504 3700; x_wconf 85' lang='lat' dir='ltr'><strong>san—</strong></span> 
     </span>
    </p>
   </div>
   <div class='ocr_carea' id='block_1_83' title="bbox 1925 3734 3507 3806">
    <p class='ocr_par' dir='ltr' id='par_1_83' title="bbox 1925 3734 3507 3806">
     <span class='ocr_line' id='line_1_83' title="bbox 1925 3734 3507 3806; baseline 0.001 -19"><span class='ocrx_word' id='word_1_597' title='bbox 1925 3734 2221 3805; x_wconf 85' lang='lat' dir='ltr'><strong>guinisque</strong></span> <span class='ocrx_word' id='word_1_598' title='bbox 2277 3735 2693 3804; x_wconf 89' lang='lat' dir='ltr'><strong>sumptionem:</strong></span> <span class='ocrx_word' id='word_1_599' title='bbox 2751 3734 2826 3789; x_wconf 89' lang='lat' dir='ltr'><strong>ita</strong></span> <span class='ocrx_word' id='word_1_600' title='bbox 2880 3744 2939 3790; x_wconf 93' lang='lat' dir='ltr'><strong>ut</strong></span> <span class='ocrx_word' id='word_1_601' title='bbox 2992 3736 3158 3806; x_wconf 89' lang='lat' dir='ltr'><strong>hujus</strong></span> <span class='ocrx_word' id='word_1_602' title='bbox 3215 3735 3507 3805; x_wconf 85' lang='lat' dir='ltr'><strong>participes</strong></span> 
     </span>
    </p>
   </div>
   <div class='ocr_carea' id='block_1_84' title="bbox 1923 3826 3506 3897">
    <p class='ocr_par' dir='ltr' id='par_1_84' title="bbox 1923 3826 3506 3897">
     <span class='ocr_line' id='line_1_84' title="bbox 1923 3826 3506 3897; baseline 0.001 -16"><span class='ocrx_word' id='word_1_603' title='bbox 1923 3826 2126 3893; x_wconf 72' lang='lat' dir='ltr'><strong>effecti,</strong></span> <span class='ocrx_word' id='word_1_604' title='bbox 2166 3826 2409 3883; x_wconf 68' lang='lat' dir='ltr'><strong>caelestis</strong></span> <span class='ocrx_word' id='word_1_605' title='bbox 2439 3836 2603 3897; x_wconf 92' lang='lat' dir='ltr'><strong>atque</strong></span> <span class='ocrx_word' id='word_1_606' title='bbox 2648 3827 2982 3884; x_wconf 88' lang='lat' dir='ltr'><strong>immortalis</strong></span> <span class='ocrx_word' id='word_1_607' title='bbox 3033 3829 3157 3884; x_wconf 81' lang='lat' dir='ltr'><strong>vitae</strong></span> <span class='ocrx_word' id='word_1_608' title='bbox 3216 3829 3357 3883; x_wconf 87' lang='lat' dir='ltr'><strong>intra</strong></span> <span class='ocrx_word' id='word_1_609' title='bbox 3405 3842 3506 3883; x_wconf 86' lang='lat' dir='ltr'><strong>nos</strong></span> 
     </span>
    </p>
   </div>
   <div class='ocr_carea' id='block_1_85' title="bbox 1924 3919 3506 3991">
    <p class='ocr_par' dir='ltr' id='par_1_85' title="bbox 1924 3919 3506 3991">
     <span class='ocr_line' id='line_1_85' title="bbox 1924 3919 3506 3991; baseline 0.002 -17"><span class='ocrx_word' id='word_1_610' title='bbox 1924 3919 2073 3990; x_wconf 87' lang='lat' dir='ltr'><strong>ipsos</strong></span> <span class='ocrx_word' id='word_1_611' title='bbox 2136 3920 2340 3977; x_wconf 83' lang='lat' dir='ltr'><strong>habere</strong></span> <span class='ocrx_word' id='word_1_612' title='bbox 2401 3920 2691 3978; x_wconf 86' lang='lat' dir='ltr'><strong>credamus</strong></span> <span class='ocrx_word' id='word_1_613' title='bbox 2750 3922 3046 3991; x_wconf 89' lang='lat' dir='ltr'><strong>primitias.</strong></span> <span class='ocrx_word' id='word_1_614' title='bbox 3108 3921 3320 3977; x_wconf 87' lang='lat' dir='ltr'><strong>Etenim</strong></span> <span class='ocrx_word' id='word_1_615' title='bbox 3372 3922 3506 3977; x_wconf 85' lang='lat' dir='ltr'><strong>sub-</strong></span> 
     </span>
    </p>
   </div>
   <div class='ocr_carea' id='block_1_86' title="bbox 1924 4012 3502 4084">
    <p class='ocr_par' dir='ltr' id='par_1_86' title="bbox 1924 4012 3502 4084">
     <span class='ocr_line' id='line_1_86' title="bbox 1924 4012 3502 4084; baseline -0.001 -15"><span class='ocrx_word' id='word_1_616' title='bbox 1924 4013 2196 4070; x_wconf 87' lang='lat' dir='ltr'><strong>stantialis</strong></span> <span class='ocrx_word' id='word_1_617' title='bbox 2229 4014 2345 4084; x_wconf 91' lang='lat' dir='ltr'><strong>ipsa</strong></span> <span class='ocrx_word' id='word_1_618' title='bbox 2368 4012 2574 4069; x_wconf 79' lang='lat' dir='ltr'><strong>Veritas</strong></span> <span class='ocrx_word' id='word_1_619' title='bbox 2608 4013 2783 4069; x_wconf 88' lang='lat' dir='ltr'><strong>dicit:</strong></span> <span class='ocrx_word' id='word_1_620' title='bbox 2826 4031 2845 4065; x_wconf 82' lang='grc' dir='ltr'><strong>ι</strong></span> <span class='ocrx_word' id='word_1_621' title='bbox 2870 4012 2976 4077; x_wconf 85' lang='lat' dir='ltr'><strong>Qui</strong></span> <span class='ocrx_word' id='word_1_622' title='bbox 3009 4013 3303 4069; x_wconf 89' lang='lat' dir='ltr'><strong>manducat</strong></span> <span class='ocrx_word' id='word_1_623' title='bbox 3325 4028 3502 4068; x_wconf 88' lang='lat' dir='ltr'><strong>meam</strong></span> 
     </span>
    </p>
   </div>
   <div class='ocr_carea' id='block_1_87' title="bbox 1925 4104 3503 4176">
    <p class='ocr_par' dir='ltr' id='par_1_87' title="bbox 1925 4104 3503 4176">
     <span class='ocr_line' id='line_1_87' title="bbox 1925 4104 3503 4176; baseline 0 -17"><span class='ocrx_word' id='word_1_624' title='bbox 1925 4119 2145 4161; x_wconf 86' lang='lat' dir='ltr'><strong>carnem</strong></span> <span class='ocrx_word' id='word_1_625' title='bbox 2202 4115 2255 4159; x_wconf 89' lang='lat' dir='ltr'><strong>et</strong></span> <span class='ocrx_word' id='word_1_626' title='bbox 2311 4105 2451 4160; x_wconf 90' lang='lat' dir='ltr'><strong>bibit</strong></span> <span class='ocrx_word' id='word_1_627' title='bbox 2498 4120 2682 4160; x_wconf 90' lang='lat' dir='ltr'><strong>meum</strong></span> <span class='ocrx_word' id='word_1_628' title='bbox 2739 4105 3087 4176; x_wconf 84' lang='lat' dir='ltr'><strong>sanguinem,</strong></span> <span class='ocrx_word' id='word_1_629' title='bbox 3124 4105 3290 4161; x_wconf 85' lang='lat' dir='ltr'><strong>habet</strong></span> <span class='ocrx_word' id='word_1_630' title='bbox 3337 4104 3503 4159; x_wconf 89' lang='lat' dir='ltr'><strong>vitam</strong></span> 
     </span>
    </p>
   </div>
   <div class='ocr_carea' id='block_1_88' title="bbox 1923 4194 3508 4268">
    <p class='ocr_par' dir='ltr' id='par_1_88' title="bbox 1923 4194 3508 4268">
     <span class='ocr_line' id='line_1_88' title="bbox 1923 4194 3508 4268; baseline -0.001 -17"><span class='ocrx_word' id='word_1_631' title='bbox 1923 4204 2184 4251; x_wconf 67' lang='lat' dir='ltr'><strong>aeternam</strong></span> <span class='ocrx_word' id='word_1_632' title='bbox 2211 4197 2279 4253; x_wconf 83' lang='grc'><strong>⁸³.</strong></span> <span class='ocrx_word' id='word_1_633' title='bbox 2307 4216 2326 4248; x_wconf 75' lang='grc' dir='ltr'><strong>ι</strong></span> <span class='ocrx_word' id='word_1_634' title='bbox 2356 4194 2493 4251; x_wconf 86' lang='grc' dir='ltr'>Νιιιιι</span> <span class='ocrx_word' id='word_1_635' title='bbox 2529 4212 2626 4268; x_wconf 89' lang='lat' dir='ltr'><strong>per</strong></span> <span class='ocrx_word' id='word_1_636' title='bbox 2653 4198 3100 4253; x_wconf 89' lang='lat' dir='ltr'><strong>communionem</strong></span> <span class='ocrx_word' id='word_1_637' title='bbox 3144 4197 3508 4252; x_wconf 78' lang='lat' dir='ltr'><strong>immaculata:</strong></span> 
     </span>
    </p>
   </div>
   <div class='ocr_carea' id='block_1_89' title="bbox 1924 4289 3508 4360">
    <p class='ocr_par' dir='ltr' id='par_1_89' title="bbox 1924 4289 3508 4360">
     <span class='ocr_line' id='line_1_89' title="bbox 1924 4289 3508 4360; baseline 0.002 -18"><span class='ocrx_word' id='word_1_638' title='bbox 1924 4289 2109 4343; x_wconf 80' lang='lat' dir='ltr'><strong>carnis</strong></span> <span class='ocrx_word' id='word_1_639' title='bbox 2132 4289 2275 4343; x_wconf 90' lang='lat' dir='ltr'><strong>idem</strong></span> <span class='ocrx_word' id='word_1_640' title='bbox 2309 4304 2434 4344; x_wconf 91' lang='lat' dir='ltr'><strong>cum</strong></span> <span class='ocrx_word' id='word_1_641' title='bbox 2472 4305 2537 4344; x_wconf 90' lang='lat' dir='ltr'><strong>eo</strong></span> <span class='ocrx_word' id='word_1_642' title='bbox 2590 4304 2792 4360; x_wconf 87' lang='lat' dir='ltr'><strong>corpus</strong></span> <span class='ocrx_word' id='word_1_643' title='bbox 2838 4289 3039 4353; x_wconf 77' lang='lat' dir='ltr'><strong>eﬂ‘ecti,</strong></span> <span class='ocrx_word' id='word_1_644' title='bbox 3092 4289 3508 4358; x_wconf 86' lang='lat' dir='ltr'><strong>incorruptione</strong></span> 
     </span>
    </p>
   </div>
   <div class='ocr_carea' id='block_1_90' title="bbox 1926 4378 3509 4451">
    <p class='ocr_par' dir='ltr' id='par_1_90' title="bbox 1926 4378 3509 4451">
     <span class='ocr_line' id='line_1_90' title="bbox 1926 4378 3509 4451; baseline 0.002 -19"><span class='ocrx_word' id='word_1_645' title='bbox 1926 4393 2145 4447; x_wconf 87' lang='lat' dir='ltr'><strong>quoque</strong></span> <span class='ocrx_word' id='word_1_646' title='bbox 2172 4391 2227 4433; x_wconf 86' lang='lat' dir='ltr'><strong>et</strong></span> <span class='ocrx_word' id='word_1_647' title='bbox 2258 4379 2670 4435; x_wconf 75' lang='lat' dir='ltr'><strong>immortalitate</strong></span> <span class='ocrx_word' id='word_1_648' title='bbox 2697 4379 2847 4451; x_wconf 78' lang='lat' dir='ltr'><strong>digni</strong></span> <span class='ocrx_word' id='word_1_649' title='bbox 2893 4380 3179 4435; x_wconf 75' lang='lat' dir='ltr'><strong>eﬂicintur.</strong></span> <span class='ocrx_word' id='word_1_650' title='bbox 3239 4378 3345 4445; x_wconf 86' lang='lat' dir='ltr'><strong>Qui</strong></span> <span class='ocrx_word' id='word_1_651' title='bbox 3376 4395 3509 4451; x_wconf 76' lang='lat' dir='ltr'><strong>ergo</strong></span> 
     </span>
    </p>
   </div>
   <div class='ocr_carea' id='block_1_91' title="bbox 242 4471 1824 4547">
    <p class='ocr_par' dir='ltr' id='par_1_91' title="bbox 242 4472 1820 4547">
     <span class='ocr_line' id='line_1_91' title="bbox 242 4472 1820 4547; baseline 0.004 -23"><span class='ocrx_word' id='word_1_652' title='bbox 242 4472 597 4545; x_wconf 80' lang='grc' dir='ltr'>ἀναστρέφων</span> <span class='ocrx_word' id='word_1_653' title='bbox 641 4474 735 4527; x_wconf 80' lang='grc' dir='ltr'><strong>καὶ</strong></span> <span class='ocrx_word' id='word_1_654' title='bbox 763 4475 1173 4547; x_wconf 79' lang='grc' dir='ltr'>στηριζόμενος,</span> <span class='ocrx_word' id='word_1_655' title='bbox 1206 4476 1301 4530; x_wconf 78' lang='grc' dir='ltr'>καὶ</span> <span class='ocrx_word' id='word_1_656' title='bbox 1328 4478 1420 4530; x_wconf 81' lang='grc' dir='ltr'>τὸν</span> <span class='ocrx_word' id='word_1_657' title='bbox 1453 4477 1682 4531; x_wconf 86' lang='grc' dir='ltr'>πλοῦτον</span> <span class='ocrx_word' id='word_1_658' title='bbox 1711 4478 1820 4531; x_wconf 92' lang='grc' dir='ltr'><strong>τῶν</strong></span> 
     </span>
    </p>
   </div>
   <div class='ocr_carea' id='block_1_92' title="bbox 1929 4471 3504 4547">
    <p class='ocr_par' dir='ltr' id='par_1_92' title="bbox 1929 4471 3504 4542">
     <span class='ocr_line' id='line_1_92' title="bbox 1929 4471 3504 4542; baseline 0 -17"><span class='ocrx_word' id='word_1_659' title='bbox 1929 4473 2043 4525; x_wconf 67' lang='lat' dir='ltr'><strong>haec</strong></span> <span class='ocrx_word' id='word_1_660' title='bbox 2073 4481 2257 4526; x_wconf 90' lang='lat' dir='ltr'><strong>mente</strong></span> <span class='ocrx_word' id='word_1_661' title='bbox 2291 4472 2521 4525; x_wconf 83' lang='lat' dir='ltr'><strong>revolvit</strong></span> <span class='ocrx_word' id='word_1_662' title='bbox 2551 4482 2716 4542; x_wconf 88' lang='lat' dir='ltr'><strong>atque</strong></span> <span class='ocrx_word' id='word_1_663' title='bbox 2759 4472 2965 4540; x_wconf 76' lang='lat' dir='ltr'><strong>deligit,</strong></span> <span class='ocrx_word' id='word_1_664' title='bbox 2998 4486 3063 4527; x_wconf 92' lang='lat' dir='ltr'><strong>ac</strong></span> <span class='ocrx_word' id='word_1_665' title='bbox 3109 4471 3504 4526; x_wconf 81' lang='lat' dir='ltr'><strong>beneficiorum</strong></span> 
     </span>
    </p>
   </div>
   <div class='ocr_carea' id='block_1_93' title="bbox 242 4563 1817 4641">
    <p class='ocr_par' dir='ltr' id='par_1_93' title="bbox 242 4563 1817 4641">
     <span class='ocr_line' id='line_1_93' title="bbox 242 4563 1817 4641; baseline 0.004 -25"><span class='ocrx_word' id='word_1_666' title='bbox 242 4563 573 4635; x_wconf 85' lang='grc' dir='ltr'>εὐεργεσιῶν</span> <span class='ocrx_word' id='word_1_667' title='bbox 606 4567 994 4637; x_wconf 81' lang='grc' dir='ltr'>ἐπερχόμενος,</span> <span class='ocrx_word' id='word_1_668' title='bbox 1026 4567 1245 4622; x_wconf 78' lang='grc' dir='ltr'>ἐπειδὰν</span> <span class='ocrx_word' id='word_1_669' title='bbox 1278 4569 1457 4639; x_wconf 83' lang='grc' dir='ltr'>μέλλει</span> <span class='ocrx_word' id='word_1_670' title='bbox 1486 4570 1584 4641; x_wconf 83' lang='grc' dir='ltr'>τῆς</span> <span class='ocrx_word' id='word_1_671' title='bbox 1621 4587 1817 4640; x_wconf 87' lang='grc' dir='ltr'>μυστι-</span> 
     </span>
    </p>
   </div>
   <div class='ocr_carea' id='block_1_94' title="bbox 241 4658 1819 4734">
    <p class='ocr_par' dir='ltr' id='par_1_94' title="bbox 241 4658 1819 4734">
     <span class='ocr_line' id='line_1_94' title="bbox 241 4658 1819 4734; baseline 0.005 -24"><span class='ocrx_word' id='word_1_672' title='bbox 241 4658 340 4728; x_wconf 81' lang='grc' dir='ltr'>κῆς</span> <span class='ocrx_word' id='word_1_673' title='bbox 360 4658 564 4731; x_wconf 82' lang='grc' dir='ltr'>ταύτης</span> <span class='ocrx_word' id='word_1_674' title='bbox 587 4660 679 4713; x_wconf 73' lang='grc' dir='ltr'>καὶ</span> <span class='ocrx_word' id='word_1_675' title='bbox 708 4661 989 4731; x_wconf 85' lang='grc' dir='ltr'>ἀκηράτου</span> <span class='ocrx_word' id='word_1_676' title='bbox 1016 4661 1224 4733; x_wconf 82' lang='grc' dir='ltr'>τροφῆς</span> <span class='ocrx_word' id='word_1_677' title='bbox 1252 4661 1520 4733; x_wconf 88' lang='grc' dir='ltr'>μετέχειν,</span> <span class='ocrx_word' id='word_1_678' title='bbox 1552 4663 1711 4734; x_wconf 81' lang='grc' dir='ltr'>δῆλον</span> <span class='ocrx_word' id='word_1_679' title='bbox 1737 4666 1819 4718; x_wconf 79' lang='grc' dir='ltr'>ὅτι</span> 
     </span>
    </p>
   </div>
   <div class='ocr_carea' id='block_1_95' title="bbox 243 4752 1822 4826">
    <p class='ocr_par' dir='ltr' id='par_1_95' title="bbox 243 4752 1822 4826">
     <span class='ocr_line' id='line_1_95' title="bbox 243 4752 1822 4826; baseline 0.006 -25"><span class='ocrx_word' id='word_1_680' title='bbox 243 4752 480 4823; x_wconf 74' lang='grc' dir='ltr'>καθαρὸν</span> <span class='ocrx_word' id='word_1_681' title='bbox 510 4753 603 4806; x_wconf 60' lang='grc' dir='ltr'><strong>καὶ⁸</strong></span> <span class='ocrx_word' id='word_1_682' title='bbox 630 4753 897 4823; x_wconf 87' lang='grc' dir='ltr'>ἀμέτοχον</span> <span class='ocrx_word' id='word_1_683' title='bbox 918 4754 1027 4808; x_wconf 92' lang='grc' dir='ltr'><strong>τῶν</strong></span> <span class='ocrx_word' id='word_1_684' title='bbox 1056 4754 1307 4826; x_wconf 90' lang='grc' dir='ltr'>πονηρῶν</span> <span class='ocrx_word' id='word_1_685' title='bbox 1338 4755 1591 4826; x_wconf 80' lang='grc' dir='ltr'>πράξεων</span> <span class='ocrx_word' id='word_1_686' title='bbox 1616 4757 1822 4826; x_wconf 83' lang='grc' dir='ltr'>ὀφείλει</span> 
     </span>
    </p>
   </div>
   <div class='ocr_carea' id='block_1_96' title="bbox 245 4834 1824 4921">
    <p class='ocr_par' dir='ltr' id='par_1_96' title="bbox 245 4834 1824 4921">
     <span class='ocr_line' id='line_1_96' title="bbox 245 4834 1824 4921; baseline 0.006 -27"><span class='ocrx_word' id='word_1_687' title='bbox 245 4846 685 4914; x_wconf 76' lang='grc' dir='ltr'>παρασκευάζειν</span> <span class='ocrx_word' id='word_1_688' title='bbox 717 4848 938 4901; x_wconf 80' lang='grc' dir='ltr'>ἑαυτόν·</span> <span class='ocrx_word' id='word_1_689' title='bbox 986 4843 1074 4900; x_wconf 71' lang='grc' dir='ltr'>οἷα</span> <span class='ocrx_word' id='word_1_690' title='bbox 1112 4847 1174 4919; x_wconf 83' lang='grc' dir='ltr'>δὴ</span> <span class='ocrx_word' id='word_1_691' title='bbox 1223 4848 1434 4917; x_wconf 82' lang='grc' dir='ltr'>μέλλων</span> <span class='ocrx_word' id='word_1_692' title='bbox 1476 4851 1568 4903; x_wconf 82' lang='grc' dir='ltr'>τὸν</span> <span class='ocrx_word' id='word_1_693' title='bbox 1598 4834 1824 4921; x_wconf 83' lang='grc' dir='ltr'>βασιλέα</span> 
     </span>
    </p>
   </div>
   <div class='ocr_carea' id='block_1_97' title="bbox 244 4937 1825 5013">
    <p class='ocr_par' dir='ltr' id='par_1_97' title="bbox 244 4937 1825 5013">
     <span class='ocr_line' id='line_1_97' title="bbox 244 4937 1825 5013; baseline 0.007 -27"><span class='ocrx_word' id='word_1_694' title='bbox 244 4937 458 4989; x_wconf 81' lang='grc' dir='ltr'>πάντων</span> <span class='ocrx_word' id='word_1_695' title='bbox 489 4939 581 4990; x_wconf 75' lang='grc' dir='ltr'>καὶ</span> <span class='ocrx_word' id='word_1_696' title='bbox 609 4940 889 5009; x_wconf 87' lang='grc' dir='ltr'>Δεσπότην</span> <span class='ocrx_word' id='word_1_697' title='bbox 924 4942 990 5011; x_wconf 77' lang='grc' dir='ltr'>τῇ</span> <span class='ocrx_word' id='word_1_698' title='bbox 1028 4940 1301 5011; x_wconf 75' lang='grc' dir='ltr'>παρουσίᾳ</span> <span class='ocrx_word' id='word_1_699' title='bbox 1322 4940 1413 4994; x_wconf 89' lang='grc' dir='ltr'><strong>τοῦ</strong></span> <span class='ocrx_word' id='word_1_700' title='bbox 1440 4941 1701 5013; x_wconf 80' lang='grc' dir='ltr'>σώματος</span> <span class='ocrx_word' id='word_1_701' title='bbox 1724 4943 1825 4996; x_wconf 88' lang='grc' dir='ltr'>αὐ-</span> 
     </span>
    </p>
   </div>
   <div class='ocr_carea' id='block_1_98' title="bbox 244 5026 1825 5103">
    <p class='ocr_par' dir='ltr' id='par_1_98' title="bbox 244 5026 1825 5103">
     <span class='ocr_line' id='line_1_98' title="bbox 244 5026 1825 5103; baseline 0.006 -26"><span class='ocrx_word' id='word_1_702' title='bbox 244 5026 332 5080; x_wconf 84' lang='grc' dir='ltr'><strong>τοῦ</strong></span> <span class='ocrx_word' id='word_1_703' title='bbox 363 5030 422 5082; x_wconf 88' lang='grc' dir='ltr'><strong>ἐν</strong></span> <span class='ocrx_word' id='word_1_704' title='bbox 446 5031 560 5093; x_wconf 80' lang='grc' dir='ltr'>τοῖς</span> <span class='ocrx_word' id='word_1_705' title='bbox 579 5030 679 5100; x_wconf 80' lang='grc' dir='ltr'>τῆς</span> <span class='ocrx_word' id='word_1_706' title='bbox 708 5030 884 5101; x_wconf 79' lang='grc' dir='ltr'>ψυχῆς</span> <span class='ocrx_word' id='word_1_707' title='bbox 908 5031 1267 5098; x_wconf 79' lang='grc' dir='ltr'>ὐποδέξασθαι</span> <span class='ocrx_word' id='word_1_708' title='bbox 1290 5031 1555 5103; x_wconf 81' lang='grc' dir='ltr'>θαλάμοις</span> <span class='ocrx_word' id='word_1_709' title='bbox 1591 5050 1825 5087; x_wconf 85' lang='grc' dir='ltr'>συνανα-</span> 
     </span>
    </p>
   </div>
   <div class='ocr_carea' id='block_1_99' title="bbox 244 5123 1827 5198">
    <p class='ocr_par' dir='ltr' id='par_1_99' title="bbox 244 5123 1827 5198">
     <span class='ocr_line' id='line_1_99' title="bbox 244 5123 1827 5198; baseline 0.004 -24"><span class='ocrx_word' id='word_1_710' title='bbox 244 5123 571 5192; x_wconf 76' lang='grc' dir='ltr'>κιρνάμενον</span> <span class='ocrx_word' id='word_1_711' title='bbox 618 5124 841 5195; x_wconf 77' lang='grc' dir='ltr'>ἀρρήτῳ</span> <span class='ocrx_word' id='word_1_712' title='bbox 874 5124 1019 5194; x_wconf 84' lang='grc' dir='ltr'>λόγῳ</span> <span class='ocrx_word' id='word_1_713' title='bbox 1061 5126 1154 5178; x_wconf 81' lang='grc' dir='ltr'>καὶ</span> <span class='ocrx_word' id='word_1_714' title='bbox 1186 5127 1324 5197; x_wconf 83' lang='grc' dir='ltr'>ὑπὲρ</span> <span class='ocrx_word' id='word_1_715' title='bbox 1356 5126 1662 5198; x_wconf 76' lang='grc' dir='ltr'>κατάληψιν</span> <span class='ocrx_word' id='word_1_716' title='bbox 1707 5128 1827 5196; x_wconf 83' lang='grc' dir='ltr'>φιλ-</span> 
     </span>
    </p>
   </div>
   <div class='ocr_carea' id='block_1_100' title="bbox 248 5212 1828 5289">
    <p class='ocr_par' dir='ltr' id='par_1_100' title="bbox 248 5212 1828 5289">
     <span class='ocr_line' id='line_1_100' title="bbox 248 5212 1828 5289; baseline 0.006 -26"><span class='ocrx_word' id='word_1_717' title='bbox 248 5212 554 5285; x_wconf 69' lang='grc' dir='ltr'>ἀνθρωπίᾳ,</span> <span class='ocrx_word' id='word_1_718' title='bbox 589 5213 683 5285; x_wconf 76' lang='grc' dir='ltr'>καὶ</span> <span class='ocrx_word' id='word_1_719' title='bbox 710 5216 1092 5287; x_wconf 88' lang='grc' dir='ltr'>συμφυόμενον</span> <span class='ocrx_word' id='word_1_720' title='bbox 1129 5216 1342 5288; x_wconf 86' lang='grc' dir='ltr'>σώματι</span> <span class='ocrx_word' id='word_1_721' title='bbox 1369 5218 1448 5289; x_wconf 79' lang='grc' dir='ltr'>τῷ</span> <span class='ocrx_word' id='word_1_722' title='bbox 1475 5218 1729 5289; x_wconf 77' lang='grc' dir='ltr'>ἡμετέρῳ</span> <span class='ocrx_word' id='word_1_723' title='bbox 1749 5238 1761 5251; x_wconf 92' lang='grc'>·</span> <span class='ocrx_word' id='word_1_724' title='bbox 1800 5221 1828 5272; x_wconf 86' lang='grc' dir='ltr'>ὁ</span> 
     </span>
    </p>
   </div>
   <div class='ocr_carea' id='block_1_101' title="bbox 248 5302 1829 5381">
    <p class='ocr_par' dir='ltr' id='par_1_101' title="bbox 248 5302 1829 5381">
     <span class='ocr_line' id='line_1_101' title="bbox 248 5302 1829 5381; baseline 0.006 -26"><span class='ocrx_word' id='word_1_725' title='bbox 248 5302 301 5356; x_wconf 80' lang='grc' dir='ltr'>δὲ</span> <span class='ocrx_word' id='word_1_726' title='bbox 337 5304 414 5376; x_wconf 81' lang='grc' dir='ltr'>μὴ</span> <span class='ocrx_word' id='word_1_727' title='bbox 438 5306 928 5379; x_wconf 86' lang='grc' dir='ltr'>προκαθηράμενος</span> <span class='ocrx_word' id='word_1_728' title='bbox 961 5310 1153 5362; x_wconf 79' lang='grc' dir='ltr'>ἑαυτὸν</span> <span class='ocrx_word' id='word_1_729' title='bbox 1189 5310 1297 5363; x_wconf 90' lang='grc' dir='ltr'><strong>τῶν</strong></span> <span class='ocrx_word' id='word_1_730' title='bbox 1343 5311 1704 5381; x_wconf 88' lang='grc' dir='ltr'>μολυσμάτων</span> <span class='ocrx_word' id='word_1_731' title='bbox 1734 5312 1829 5364; x_wconf 78' lang='grc' dir='ltr'>καὶ</span> 
     </span>
    </p>
   </div>
   <div class='ocr_carea' id='block_1_102' title="bbox 250 5396 1824 5473">
    <p class='ocr_par' dir='ltr' id='par_1_102' title="bbox 250 5396 1824 5473">
     <span class='ocr_line' id='line_1_102' title="bbox 250 5396 1824 5473; baseline 0.005 -25"><span class='ocrx_word' id='word_1_732' title='bbox 250 5396 432 5451; x_wconf 80' lang='grc' dir='ltr'>παθῶν</span> <span class='ocrx_word' id='word_1_733' title='bbox 471 5398 571 5452; x_wconf 84' lang='grc' dir='ltr'>ὅσα</span> <span class='ocrx_word' id='word_1_734' title='bbox 601 5416 657 5452; x_wconf 87' lang='grc' dir='ltr'><strong>τε</strong></span> <span class='ocrx_word' id='word_1_735' title='bbox 687 5400 789 5470; x_wconf 83' lang='grc' dir='ltr'>τὴν</span> <span class='ocrx_word' id='word_1_736' title='bbox 816 5401 993 5473; x_wconf 76' lang='grc' dir='ltr'>ψυχὴν</span> <span class='ocrx_word' id='word_1_737' title='bbox 1027 5403 1119 5455; x_wconf 76' lang='grc' dir='ltr'>καὶ</span> <span class='ocrx_word' id='word_1_738' title='bbox 1156 5403 1257 5455; x_wconf 86' lang='grc' dir='ltr'>ὅσα</span> <span class='ocrx_word' id='word_1_739' title='bbox 1291 5402 1353 5455; x_wconf 81' lang='grc' dir='ltr'>τὸ</span> <span class='ocrx_word' id='word_1_740' title='bbox 1382 5404 1541 5473; x_wconf 87' lang='grc' dir='ltr'>σῶμα</span> <span class='ocrx_word' id='word_1_741' title='bbox 1571 5404 1824 5473; x_wconf 72' lang='grc' dir='ltr'>λυμαίνεο</span> 
     </span>
    </p>
   </div>
   <div class='ocr_carea' id='block_1_103' title="bbox 248 5491 1824 5565">
    <p class='ocr_par' dir='ltr' id='par_1_103' title="bbox 248 5491 1824 5565">
     <span class='ocr_line' id='line_1_103' title="bbox 248 5491 1824 5565; baseline 0.005 -25"><span class='ocrx_word' id='word_1_742' title='bbox 248 5503 336 5540; x_wconf 86' lang='grc' dir='ltr'><strong>ται</strong></span> <span class='ocrx_word' id='word_1_743' title='bbox 385 5491 482 5542; x_wconf 76' lang='grc' dir='ltr'>καὶ</span> <span class='ocrx_word' id='word_1_744' title='bbox 515 5492 899 5561; x_wconf 87' lang='grc' dir='ltr'>καταμολύνει,</span> <span class='ocrx_word' id='word_1_745' title='bbox 941 5492 1078 5547; x_wconf 83' lang='grc' dir='ltr'><strong>ἀλλά</strong></span> <span class='ocrx_word' id='word_1_746' title='bbox 1109 5492 1367 5563; x_wconf 79' lang='grc' dir='ltr'>ρυποῦντι</span> <span class='ocrx_word' id='word_1_747' title='bbox 1419 5495 1517 5565; x_wconf 84' lang='grc' dir='ltr'>μὲν</span> <span class='ocrx_word' id='word_1_748' title='bbox 1561 5494 1682 5565; x_wconf 84' lang='grc' dir='ltr'>βίῳ,</span> <span class='ocrx_word' id='word_1_749' title='bbox 1724 5496 1824 5564; x_wconf 80' lang='grc' dir='ltr'><strong>ῥυ-</strong></span> 
     </span>
    </p>
   </div>
   <div class='ocr_carea' id='block_1_104' title="bbox 252 5580 1825 5656">
    <p class='ocr_par' dir='ltr' id='par_1_104' title="bbox 252 5580 1825 5656">
     <span class='ocr_line' id='line_1_104' title="bbox 252 5580 1825 5656; baseline 0.006 -25"><span class='ocrx_word' id='word_1_750' title='bbox 252 5580 437 5633; x_wconf 86' lang='grc' dir='ltr'>ποῦντι</span> <span class='ocrx_word' id='word_1_751' title='bbox 475 5580 533 5634; x_wconf 84' lang='grc' dir='ltr'>δὲ</span> <span class='ocrx_word' id='word_1_752' title='bbox 577 5580 824 5654; x_wconf 86' lang='grc' dir='ltr'>λογισμῷ</span> <span class='ocrx_word' id='word_1_753' title='bbox 856 5583 956 5651; x_wconf 81' lang='grc' dir='ltr'>τῆς</span> <span class='ocrx_word' id='word_1_754' title='bbox 1004 5584 1275 5654; x_wconf 82' lang='grc' dir='ltr'>μυστικῆς</span> <span class='ocrx_word' id='word_1_755' title='bbox 1313 5584 1551 5656; x_wconf 82' lang='grc' dir='ltr'>προσιὼν</span> <span class='ocrx_word' id='word_1_756' title='bbox 1584 5586 1679 5641; x_wconf 70' lang='grc' dir='ltr'><strong>κα)⁸</strong></span> <span class='ocrx_word' id='word_1_757' title='bbox 1716 5588 1825 5640; x_wconf 78' lang='grc' dir='ltr'>ἀπ·</span> 
     </span>
    </p>
   </div>
   <div class='ocr_carea' id='block_1_105' title="bbox 254 5671 1830 5751">
    <p class='ocr_par' dir='ltr' id='par_1_105' title="bbox 254 5671 1830 5751">
     <span class='ocr_line' id='line_1_105' title="bbox 254 5671 1830 5751; baseline 0.006 -27"><span class='ocrx_word' id='word_1_758' title='bbox 254 5671 679 5745; x_wconf 79' lang='grc' dir='ltr'>αθανατιζούσης</span> <span class='ocrx_word' id='word_1_759' title='bbox 706 5675 985 5747; x_wconf 80' lang='grc' dir='ltr'>τραπέζης</span> <span class='ocrx_word' id='word_1_760' title='bbox 1013 5678 1325 5746; x_wconf 85' lang='grc' dir='ltr'>μετασχεῖν,</span> <span class='ocrx_word' id='word_1_761' title='bbox 1348 5671 1501 5744; x_wconf 75' lang='grc' dir='ltr'>οὗτος</span> <span class='ocrx_word' id='word_1_762' title='bbox 1525 5678 1584 5733; x_wconf 88' lang='grc' dir='ltr'><strong>οὐ</strong></span> <span class='ocrx_word' id='word_1_763' title='bbox 1613 5679 1830 5751; x_wconf 82' lang='grc' dir='ltr'>μετέχει</span> 
     </span>
    </p>
   </div>
   <div class='ocr_carea' id='block_1_106' title="bbox 324 5790 1297 5861">
    <p class='ocr_par' dir='ltr' id='par_1_106' title="bbox 324 5790 1297 5861">
     <span class='ocr_line' id='line_1_106' title="bbox 324 5790 1297 5861; baseline 0.001 -17"><span class='ocrx_word' id='word_1_764' title='bbox 324 5790 645 5861; x_wconf 56' lang='grc' dir='ltr'>ἠιριιι-,νλ</span> <span class='ocrx_word' id='word_1_765' title='bbox 681 5792 764 5847; x_wconf 77' lang='grc'><strong>15.</strong></span> <span class='ocrx_word' id='word_1_766' title='bbox 847 5792 892 5824; x_wconf 80' lang='grc'><strong>⁵³</strong></span> <span class='ocrx_word' id='word_1_767' title='bbox 924 5791 1079 5846; x_wconf 82' lang='lat' dir='ltr'><strong>Joan.</strong></span> <span class='ocrx_word' id='word_1_768' title='bbox 1108 5808 1181 5857; x_wconf 70' lang='grc' dir='ltr'>γι,</span> <span class='ocrx_word' id='word_1_769' title='bbox 1210 5792 1297 5845; x_wconf 79' lang='grc'><strong>55.</strong></span> 
     </span>
    </p>
   </div>
   <div class='ocr_carea' id='block_1_107' title="bbox 1924 4565 3509 4637">
    <p class='ocr_par' dir='ltr' id='par_1_107' title="bbox 1924 4565 3509 4637">
     <span class='ocr_line' id='line_1_107' title="bbox 1924 4565 3509 4637; baseline -0.001 -16"><span class='ocrx_word' id='word_1_770' title='bbox 1924 4565 2139 4635; x_wconf 82' lang='lat' dir='ltr'><strong>cupiam</strong></span> <span class='ocrx_word' id='word_1_771' title='bbox 2167 4565 2383 4630; x_wconf 87' lang='lat' dir='ltr'><strong>recolit,</strong></span> <span class='ocrx_word' id='word_1_772' title='bbox 2428 4566 2868 4636; x_wconf 87' lang='lat' dir='ltr'><strong>quotiescunque</strong></span> <span class='ocrx_word' id='word_1_773' title='bbox 2927 4565 3144 4637; x_wconf 81' lang='lat' dir='ltr'><strong>mystici</strong></span> <span class='ocrx_word' id='word_1_774' title='bbox 3197 4565 3362 4636; x_wconf 81' lang='lat' dir='ltr'><strong>hujus</strong></span> <span class='ocrx_word' id='word_1_775' title='bbox 3405 4566 3509 4620; x_wconf 83' lang='lat' dir='ltr'><strong>illi-</strong></span> 
     </span>
    </p>
   </div>
   <div class='ocr_carea' id='block_1_108' title="bbox 1928 4656 3508 4729">
    <p class='ocr_par' dir='ltr' id='par_1_108' title="bbox 1928 4656 3508 4729">
     <span class='ocr_line' id='line_1_108' title="bbox 1928 4656 3508 4729; baseline 0.001 -18"><span class='ocrx_word' id='word_1_776' title='bbox 1928 4657 2153 4728; x_wconf 85' lang='lat' dir='ltr'><strong>batique</strong></span> <span class='ocrx_word' id='word_1_777' title='bbox 2177 4657 2282 4712; x_wconf 89' lang='lat' dir='ltr'><strong>cibi</strong></span> <span class='ocrx_word' id='word_1_778' title='bbox 2316 4660 2589 4727; x_wconf 86' lang='lat' dir='ltr'><strong>particeps</strong></span> <span class='ocrx_word' id='word_1_779' title='bbox 2612 4666 2695 4712; x_wconf 89' lang='lat' dir='ltr'><strong>est</strong></span> <span class='ocrx_word' id='word_1_780' title='bbox 2725 4656 2965 4723; x_wconf 88' lang='lat' dir='ltr'><strong>futurus,</strong></span> <span class='ocrx_word' id='word_1_781' title='bbox 2996 4659 3143 4713; x_wconf 87' lang='lat' dir='ltr'><strong>hunc</strong></span> <span class='ocrx_word' id='word_1_782' title='bbox 3168 4667 3386 4713; x_wconf 89' lang='lat' dir='ltr'><strong>constat</strong></span> <span class='ocrx_word' id='word_1_783' title='bbox 3408 4674 3508 4729; x_wconf 85' lang='lat' dir='ltr'><strong>pu-</strong></span> 
     </span>
    </p>
   </div>
   <div class='ocr_carea' id='block_1_109' title="bbox 1931 4747 3509 4820">
    <p class='ocr_par' dir='ltr' id='par_1_109' title="bbox 1931 4747 3509 4820">
     <span class='ocr_line' id='line_1_109' title="bbox 1931 4747 3509 4820; baseline 0 -16"><span class='ocrx_word' id='word_1_784' title='bbox 1931 4765 2053 4805; x_wconf 90' lang='lat' dir='ltr'><strong>rum</strong></span> <span class='ocrx_word' id='word_1_785' title='bbox 2090 4764 2149 4805; x_wconf 86' lang='lat' dir='ltr'><strong>se</strong></span> <span class='ocrx_word' id='word_1_786' title='bbox 2193 4749 2487 4820; x_wconf 80' lang='lat' dir='ltr'><strong>pravisque</strong></span> <span class='ocrx_word' id='word_1_787' title='bbox 2513 4747 2776 4818; x_wconf 85' lang='lat' dir='ltr'><strong>operibus</strong></span> <span class='ocrx_word' id='word_1_788' title='bbox 2816 4747 3059 4803; x_wconf 90' lang='lat' dir='ltr'><strong>alienum</strong></span> <span class='ocrx_word' id='word_1_789' title='bbox 3091 4759 3363 4818; x_wconf 52' lang='lat' dir='ltr'><strong>{praestare</strong></span> <span class='ocrx_word' id='word_1_790' title='bbox 3413 4750 3509 4804; x_wconf 86' lang='lat' dir='ltr'><strong>de—</strong></span> 
     </span>
    </p>
   </div>
   <div class='ocr_carea' id='block_1_110' title="bbox 1929 4837 3508 4911">
    <p class='ocr_par' dir='ltr' id='par_1_110' title="bbox 1929 4837 3508 4911">
     <span class='ocr_line' id='line_1_110' title="bbox 1929 4837 3508 4911; baseline -0.003 -13"><span class='ocrx_word' id='word_1_791' title='bbox 1929 4843 2105 4898; x_wconf 86' lang='lat' dir='ltr'><strong>bere:</strong></span> <span class='ocrx_word' id='word_1_792' title='bbox 2151 4841 2350 4911; x_wconf 89' lang='lat' dir='ltr'><strong>quippe</strong></span> <span class='ocrx_word' id='word_1_793' title='bbox 2377 4841 2468 4911; x_wconf 89' lang='lat' dir='ltr'><strong>qui</strong></span> <span class='ocrx_word' id='word_1_794' title='bbox 2512 4838 2877 4895; x_wconf 83' lang='lat' dir='ltr'><strong>universalem</strong></span> <span class='ocrx_word' id='word_1_795' title='bbox 2932 4837 3136 4910; x_wconf 75' lang='lat' dir='ltr'><strong>Regem</strong></span> <span class='ocrx_word' id='word_1_796' title='bbox 3194 4854 3259 4895; x_wconf 88' lang='lat' dir='ltr'><strong>ac</strong></span> <span class='ocrx_word' id='word_1_797' title='bbox 3320 4838 3508 4894; x_wconf 89' lang='lat' dir='ltr'><strong>Domi-</strong></span> 
     </span>
    </p>
   </div>
   <div class='ocr_carea' id='block_1_111' title="bbox 1930 4932 3506 5003">
    <p class='ocr_par' dir='ltr' id='par_1_111' title="bbox 1930 4932 3506 5003">
     <span class='ocr_line' id='line_1_111' title="bbox 1930 4932 3506 5003; baseline -0.004 -14"><span class='ocrx_word' id='word_1_798' title='bbox 1930 4949 2062 4989; x_wconf 91' lang='lat' dir='ltr'><strong>num</strong></span> <span class='ocrx_word' id='word_1_799' title='bbox 2139 4948 2374 5003; x_wconf 85' lang='lat' dir='ltr'><strong>corpore</strong></span> <span class='ocrx_word' id='word_1_800' title='bbox 2441 4932 2559 5001; x_wconf 92' lang='lat' dir='ltr'><strong>ipso</strong></span> <span class='ocrx_word' id='word_1_801' title='bbox 2622 4940 2945 5001; x_wconf 67' lang='lat' dir='ltr'><strong>praasentem</strong></span> <span class='ocrx_word' id='word_1_802' title='bbox 3015 4940 3348 5000; x_wconf 82' lang='lat' dir='ltr'><strong>excepturus</strong></span> <span class='ocrx_word' id='word_1_803' title='bbox 3400 4941 3506 4994; x_wconf 86' lang='lat' dir='ltr'><strong>est,</strong></span> 
     </span>
    </p>
   </div>
   <div class='ocr_carea' id='block_1_112' title="bbox 1929 5024 3509 5096">
    <p class='ocr_par' dir='ltr' id='par_1_112' title="bbox 1929 5024 3509 5096">
     <span class='ocr_line' id='line_1_112' title="bbox 1929 5024 3509 5096; baseline -0.001 -14"><span class='ocrx_word' id='word_1_804' title='bbox 1929 5026 2286 5082; x_wconf 88' lang='lat' dir='ltr'><strong>conclavibus</strong></span> <span class='ocrx_word' id='word_1_805' title='bbox 2319 5027 2517 5080; x_wconf 75' lang='lat' dir='ltr'><strong>anima:</strong></span> <span class='ocrx_word' id='word_1_806' title='bbox 2543 5024 2803 5081; x_wconf 71' lang='lat' dir='ltr'><strong>ineffabili</strong></span> <span class='ocrx_word' id='word_1_807' title='bbox 2854 5025 3068 5081; x_wconf 85' lang='lat' dir='ltr'><strong>ratione</strong></span> <span class='ocrx_word' id='word_1_808' title='bbox 3094 5034 3151 5080; x_wconf 89' lang='lat' dir='ltr'><strong>et</strong></span> <span class='ocrx_word' id='word_1_809' title='bbox 3198 5025 3509 5096; x_wconf 63' lang='lat' dir='ltr'><strong>incomprev</strong></span> 
     </span>
    </p>
   </div>
   <div class='ocr_carea' id='block_1_113' title="bbox 1930 5118 3513 5190">
    <p class='ocr_par' dir='ltr' id='par_1_113' title="bbox 1930 5118 3513 5190">
     <span class='ocr_line' id='line_1_113' title="bbox 1930 5118 3513 5190; baseline -0.001 -15"><span class='ocrx_word' id='word_1_810' title='bbox 1930 5120 2186 5175; x_wconf 86' lang='lat' dir='ltr'><strong>hensibili</strong></span> <span class='ocrx_word' id='word_1_811' title='bbox 2239 5120 2528 5174; x_wconf 87' lang='lat' dir='ltr'><strong>clementia</strong></span> <span class='ocrx_word' id='word_1_812' title='bbox 2608 5118 2874 5185; x_wconf 85' lang='lat' dir='ltr'><strong>infusum,</strong></span> <span class='ocrx_word' id='word_1_813' title='bbox 2936 5128 3236 5190; x_wconf 90' lang='lat' dir='ltr'><strong>nostroque</strong></span> <span class='ocrx_word' id='word_1_814' title='bbox 3291 5118 3513 5190; x_wconf 90' lang='lat' dir='ltr'><strong>corpori</strong></span> 
     </span>
    </p>
   </div>
   <div class='ocr_carea' id='block_1_114' title="bbox 1931 5210 3561 5287">
    <p class='ocr_par' dir='ltr' id='par_1_114' title="bbox 1931 5210 3561 5287">
     <span class='ocr_line' id='line_1_114' title="bbox 1931 5210 3561 5287; baseline -0.002 -20"><span class='ocrx_word' id='word_1_815' title='bbox 1931 5212 2259 5267; x_wconf 84' lang='lat' dir='ltr'><strong>immistum.</strong></span> <span class='ocrx_word' id='word_1_816' title='bbox 2317 5210 2438 5265; x_wconf 84' lang='lat' dir='ltr'><strong>Jam</strong></span> <span class='ocrx_word' id='word_1_817' title='bbox 2480 5212 2575 5282; x_wconf 90' lang='lat' dir='ltr'><strong>qui</strong></span> <span class='ocrx_word' id='word_1_818' title='bbox 2608 5227 2667 5266; x_wconf 92' lang='lat' dir='ltr'><strong>se</strong></span> <span class='ocrx_word' id='word_1_819' title='bbox 2700 5212 2878 5283; x_wconf 90' lang='lat' dir='ltr'><strong>ipsum</strong></span> <span class='ocrx_word' id='word_1_820' title='bbox 2912 5213 3146 5267; x_wconf 87' lang='lat' dir='ltr'><strong>maculis</strong></span> <span class='ocrx_word' id='word_1_821' title='bbox 3172 5220 3337 5282; x_wconf 85' lang='lat' dir='ltr'><strong>atque</strong></span> <span class='ocrx_word' id='word_1_822' title='bbox 3386 5226 3514 5281; x_wconf 70' lang='grc' dir='ltr'>ρας·</span> <span class='ocrx_word' id='word_1_823' title='bbox 3552 5280 3561 5287; x_wconf 32' lang='grc' dir='ltr'><strong><em>ο</em></strong></span> 
     </span>
    </p>
   </div>
   <div class='ocr_carea' id='block_1_115' title="bbox 1936 5304 3513 5375">
    <p class='ocr_par' dir='ltr' id='par_1_115' title="bbox 1936 5304 3513 5375">
     <span class='ocr_line' id='line_1_115' title="bbox 1936 5304 3513 5375; baseline -0.003 -13"><span class='ocrx_word' id='word_1_824' title='bbox 1936 5306 2187 5362; x_wconf 90' lang='lat' dir='ltr'><strong>sionibus</strong></span> <span class='ocrx_word' id='word_1_825' title='bbox 2238 5305 2380 5359; x_wconf 86' lang='lat' dir='ltr'><strong>haud</strong></span> <span class='ocrx_word' id='word_1_826' title='bbox 2424 5316 2551 5360; x_wconf 91' lang='lat' dir='ltr'><strong>ante</strong></span> <span class='ocrx_word' id='word_1_827' title='bbox 2608 5305 2949 5375; x_wconf 74' lang='lat' dir='ltr'><strong>purgaverit,</strong></span> <span class='ocrx_word' id='word_1_828' title='bbox 2999 5320 3343 5375; x_wconf 71' lang='lat' dir='ltr'><strong>quaecunque</strong></span> <span class='ocrx_word' id='word_1_829' title='bbox 3392 5304 3513 5358; x_wconf 88' lang='lat' dir='ltr'><strong>ani-</strong></span> 
     </span>
    </p>
   </div>
   <div class='ocr_carea' id='block_1_116' title="bbox 1939 5396 3514 5467">
    <p class='ocr_par' dir='ltr' id='par_1_116' title="bbox 1939 5396 3514 5467">
     <span class='ocr_line' id='line_1_116' title="bbox 1939 5396 3514 5467; baseline -0.003 -15"><span class='ocrx_word' id='word_1_830' title='bbox 1939 5413 2089 5452; x_wconf 89' lang='lat' dir='ltr'><strong>mum</strong></span> <span class='ocrx_word' id='word_1_831' title='bbox 2124 5397 2247 5467; x_wconf 91' lang='lat' dir='ltr'><strong>ejus</strong></span> <span class='ocrx_word' id='word_1_832' title='bbox 2270 5412 2579 5467; x_wconf 87' lang='lat' dir='ltr'><strong>corpusque</strong></span> <span class='ocrx_word' id='word_1_833' title='bbox 2610 5398 2844 5467; x_wconf 88' lang='lat' dir='ltr'><strong>impiant</strong></span> <span class='ocrx_word' id='word_1_834' title='bbox 2874 5412 2939 5452; x_wconf 91' lang='lat' dir='ltr'><strong>ac</strong></span> <span class='ocrx_word' id='word_1_835' title='bbox 2986 5397 3233 5462; x_wconf 62' lang='lat' dir='ltr'><strong>foedant;</strong></span> <span class='ocrx_word' id='word_1_836' title='bbox 3270 5396 3363 5451; x_wconf 86' lang='lat' dir='ltr'><strong>sed</strong></span> <span class='ocrx_word' id='word_1_837' title='bbox 3393 5411 3514 5450; x_wconf 91' lang='lat' dir='ltr'><strong>sor-</strong></span> 
     </span>
    </p>
   </div>
   <div class='ocr_carea' id='block_1_117' title="bbox 1935 5489 3518 5561">
    <p class='ocr_par' dir='ltr' id='par_1_117' title="bbox 1935 5489 3518 5561">
     <span class='ocr_line' id='line_1_117' title="bbox 1935 5489 3518 5561; baseline -0.002 -17"><span class='ocrx_word' id='word_1_838' title='bbox 1935 5489 2061 5544; x_wconf 91' lang='lat' dir='ltr'><strong>dida</strong></span> <span class='ocrx_word' id='word_1_839' title='bbox 2119 5491 2225 5544; x_wconf 89' lang='lat' dir='ltr'><strong>vita</strong></span> <span class='ocrx_word' id='word_1_840' title='bbox 2268 5489 2597 5561; x_wconf 85' lang='lat' dir='ltr'><strong>sordidaque</strong></span> <span class='ocrx_word' id='word_1_841' title='bbox 2654 5504 2838 5545; x_wconf 87' lang='lat' dir='ltr'><strong>mente</strong></span> <span class='ocrx_word' id='word_1_842' title='bbox 2892 5490 2960 5545; x_wconf 88' lang='lat' dir='ltr'><strong>ad</strong></span> <span class='ocrx_word' id='word_1_843' title='bbox 3021 5489 3331 5561; x_wconf 84' lang='lat' dir='ltr'><strong>mysticam,</strong></span> <span class='ocrx_word' id='word_1_844' title='bbox 3394 5504 3518 5557; x_wconf 78' lang='lat' dir='ltr'><strong>qua:</strong></span> 
     </span>
    </p>
   </div>
   <div class='ocr_carea' id='block_1_118' title="bbox 1937 5582 3513 5650">
    <p class='ocr_par' dir='ltr' id='par_1_118' title="bbox 1937 5582 3513 5650">
     <span class='ocr_line' id='line_1_118' title="bbox 1937 5582 3513 5650; baseline -0.003 -12"><span class='ocrx_word' id='word_1_845' title='bbox 1937 5583 2405 5639; x_wconf 88' lang='lat' dir='ltr'><strong>immortalitatem</strong></span> <span class='ocrx_word' id='word_1_846' title='bbox 2476 5582 2668 5650; x_wconf 87' lang='lat' dir='ltr'><strong>donat,</strong></span> <span class='ocrx_word' id='word_1_847' title='bbox 2726 5599 2972 5640; x_wconf 87' lang='lat' dir='ltr'><strong>mensam</strong></span> <span class='ocrx_word' id='word_1_848' title='bbox 3030 5582 3287 5639; x_wconf 88' lang='lat' dir='ltr'><strong>vescendi</strong></span> <span class='ocrx_word' id='word_1_849' title='bbox 3348 5596 3513 5635; x_wconf 56' lang='lat' dir='ltr'><strong>causa</strong></span> 
     </span>
    </p>
   </div>
   <div class='ocr_carea' id='block_1_119' title="bbox 1937 5671 3512 5748">
    <p class='ocr_par' dir='ltr' id='par_1_119' title="bbox 1937 5671 3512 5748">
     <span class='ocr_line' id='line_1_119' title="bbox 1937 5671 3512 5748; baseline -0.005 -14"><span class='ocrx_word' id='word_1_850' title='bbox 1937 5676 2234 5737; x_wconf 85' lang='lat' dir='ltr'><strong>accesserit</strong></span> <span class='ocrx_word' id='word_1_851' title='bbox 2264 5692 2279 5744; x_wconf 88' lang='lat'><strong>;</strong></span> <span class='ocrx_word' id='word_1_852' title='bbox 2312 5677 2401 5734; x_wconf 85' lang='lat' dir='ltr'><strong>hic</strong></span> <span class='ocrx_word' id='word_1_853' title='bbox 2426 5676 2740 5734; x_wconf 89' lang='lat' dir='ltr'><strong>mehercule</strong></span> <span class='ocrx_word' id='word_1_854' title='bbox 2771 5676 2961 5748; x_wconf 84' lang='lat' dir='ltr'><strong>gratiae</strong></span> <span class='ocrx_word' id='word_1_855' title='bbox 2992 5690 3099 5732; x_wconf 92' lang='lat' dir='ltr'><strong>non</strong></span> <span class='ocrx_word' id='word_1_856' title='bbox 3120 5675 3180 5730; x_wconf 77' lang='lat' dir='ltr'><strong>fit</strong></span> <span class='ocrx_word' id='word_1_857' title='bbox 3206 5671 3512 5746; x_wconf 57' lang='lat' dir='ltr'><strong>particeps:</strong></span> 
     </span>
    </p>
   </div>
  </div>
