3884 6202
404 252 512 328 355

1562 255 1826 315 ΡΗΟΤΙΙ
1864 256 2370 317 PATRIARCH/E
2395 258 2502 318 CP.

3564 260 3671 322 456

410 393 586 449 neqtm
629 375 774 431 enim
820 385 981 443 putre
1011 386 1109 427 vas
1170 378 1509 439 unguentum
1564 368 1849 422 continere
1899 381 1975 436 po

2071 422 2073 427 ,
2102 369 2201 439 μὲν
2220 370 2319 441 τῆς
2340 370 2583 441 χάριτος·
2614 368 2735 424 οὐδὲ
2756 372 2865 441 γὰρ
2894 373 3104 442 σαπρὸν
3122 372 3329 444 δοχεῖον
3353 376 3527 446 μύρον
3546 377 3680 431 ὑπο·

403 479 512 527 test
542 488 556 536 ;
590 482 765 538 neque
796 464 1093 536 margarita
1122 462 1472 531 sterquilinio
1518 458 1977 515 commendatur:

406 574 520 620 tum
550 562 679 632 quia
712 559 878 614 violat
906 573 971 613 ae
999 557 1323 613 dehonestat
1360 569 1473 609 rem
1520 566 1627 608 non
1664 551 1827 606 modo
1849 566 1982 605 con-

404 655 630 709 tumelia
678 651 981 722 indignam,
1027 649 1123 705 sed
1184 648 1276 704 cui
1329 663 1427 717 par
1497 647 1675 701 honor
1728 643 1980 700 adhiberi

404 747 589 801 nullus
628 752 835 815 potest,
872 743 920 798 is
952 740 1155 797 summi
1190 739 1417 795 sceleris
1447 738 1805 808 semetipsum
1826 752 1980 792 reum

403 837 711 895 constituit.
752 834 994 904 lnjurius
1020 833 1164 888 enim
1185 840 1270 887 est
1301 832 1355 889 in
1378 830 1724 886 Dominicum
1758 844 1978 899 corpus,

404 930 568 985 sicuti
593 929 855 983 adversus
890 925 1031 980 idem
1063 924 1331 994 iniuriosa
1366 923 1469 981 fuit
1494 923 1624 977 olim
1664 920 1979 980 Judaeorum

402 1024 651 1087 audacia,
683 1037 714 1075 a
743 1036 852 1091 qua
878 1020 1031 1076 cruci
1072 1017 1328 1074 suﬁixum
1375 1016 1499 1074 fuit.
1532 1015 1903 1082 Quamobrem
1935 1015 1980 1071 is

400 1116 493 1188 qui
537 1114 800 1171 urebatur
828 1111 1235 1183 quodammodo
1289 1119 1343 1166 et
1397 1108 1699 1176 aegrotabat
1758 1116 1983 1177 propter

400 1223 496 1263 eos
522 1207 617 1277 qui
654 1205 756 1260 tide
787 1203 1108 1259 labebantur
1132 1209 1184 1257 et
1214 1200 1535 1257 laborabant
1561 1198 1629 1265 “,
1666 1196 1981 1266 dumhujus

400 1301 608 1367 peccati
663 1296 1093 1368 magnitudinem
1162 1295 1548 1349 demonstrare
1604 1292 1809 1353 studet,
1865 1304 1979 1345 non

402 1391 534 1447 satis
564 1389 773 1451 habuit,
805 1387 973 1443 semel
1000 1385 1228 1449 dixisse,
1246 1384 1520 1455 ejusmodi
1548 1383 1827 1439 hominem
1852 1396 1980 1436 cor-

402 1481 550 1550 poris
598 1494 661 1534 ac
715 1476 1000 1549 sanguinis
1039 1475 1258 1532 Domini
1288 1490 1411 1532 esse
1466 1489 1664 1539 reum;
1725 1473 1818 1529 sed
1850 1487 1979 1527 mox

402 1586 591 1626 rursus
640 1578 874 1625 testatus
923 1579 1050 1625 est:
1114 1568 1261 1634 «Qui
1304 1566 1598 1622 manducet
1647 1580 1843 1635 panem
1897 1563 1980 1619 bi-

2083 461 2337 524 δέξασθαι
2377 460 2635 513 δύναται·
2670 462 2792 516 οὐδὲ
2838 464 3185 536 μαργαρίτης
3218 465 3467 538 βορϐόρῳ
3499 486 3678 523 κακα-

2085 554 2434 608 πιστεύεται·
2476 554 2593 608 ἀλλ’
2627 554 2864 625 ὑϐρίζων
2902 558 2999 610 καὶ
3032 558 3316 627 ἀτιμάζων
3372 560 3435 614 τὸ
3482 565 3671 631 κρεῖτ-

2083 661 2177 701 τον
2197 645 2259 699 οὐ
2285 646 2448 716 μόνον
2470 645 2681 717 ’ύϐρεως
2701 646 2840 700 ἀλλά
2862 647 2959 700 καὶ
2983 648 3171 720 τιμῆς,
3185 644 3340 715 οὗτος
3361 653 3677 723 ἀπαραιτή-

2081 754 2178 790 του
2206 739 2477 809 κρίματος
2502 739 2693 793 ἑαυτὸν
2724 740 2972 811 ἀπέφηνε
3001 744 3252 814 μέτοχον·
3285 744 3541 816 ἐξύϐρισε
3568 748 3678 818 γὰρ

2082 832 2145 885 τὸ
2170 830 2330 901 σῶμα
2363 831 2425 886 τὸ
2459 833 2812 899 Δεσποτικὸν,
2837 836 2916 898 είς
2944 834 3101 889 ὁτῶν
3134 836 3406 891 Ἰουδαίων
3434 840 3469 910 ἡ
3503 839 3678 909 τόλμα

2084 923 2309 995 σταυρῷ
2336 923 2731 996 προεξύϐρισεν
2759 927 3117 1000 ἀναρτήσασα
3138 942 3154 958 ⁶
3194 928 3274 982 διὸ
3299 930 3395 982 καὶ
3417 932 3445 983 6
3469 931 3677 1001 πυρού-

2088 1034 2246 1088 μενος
2295 1018 2391 1072 καὶ
2429 1018 2675 1074 ἀσθενῶν
2723 1019 2863 1090 ὑπὲρ
2917 1020 3025 1075 τῶν
3072 1022 3676 1095 σκανδαλιζομένωντῇ

2086 1107 2269 1160 πίστει
2301 1108 2395 1163 καὶ
2430 1107 2823 1173 ἀσθενούντων,
2858 1110 2918 1164 τὸ
2955 1111 3184 1181 μέγεθος
3207 1113 3302 1166 τοῦ
3336 1115 3677 1186 ἁμαρτήμα-

2083 1218 2175 1263 τος
2210 1200 2511 1272 παριστῶν,
2540 1201 2641 1256 οὐκ
2690 1203 2936 1273 ἠρκέσθη
2987 1203 3133 1272 ἅπαξ
3177 1206 3351 1258 εἰπεῖν
3388 1206 3463 1270 ὡς
3495 1207 3679 1277 ενοχάς

2083 1291 2230 1345 ἐστιν
2288 1292 2317 1345 6
2378 1290 2619 1356 τοιοῦτος
2670 1292 2767 1346 τοῦ
2835 1293 3086 1363 σώματος
3142 1298 3238 1349 καὶ
3296 1296 3391 1350 τοῦ
3443 1298 3677 1367 αἵματος

2080 1381 2176 1434 τοῦ
2237 1383 2466 1457 Κυρίου,
2508 1383 2643 1438 ἀλλὰ
2689 1386 2785 1440 καὶ
2839 1385 3093 1456 δεύτερον
3153 1387 3316 1442 πάλιν
3366 1390 3678 1461 ἐπεμαρτὺο

2084 1492 2236 1545 ρατο,
2278 1474 2355 1540 ὡς
2408 1478 2436 1529 6
2486 1475 2682 1530 ἐσθίων
2730 1477 2822 1531 καὶ
2870 1479 3040 1534 πίνων
3092 1479 3328 1547 ἀναξίως
3373 1480 3465 1533 τὸν
3512 1482 3679 1550 ἄρτον

2081 1568 2177 1622 καὶ
2214 1567 2274 1623 τὸ
2305 1569 2564 1639 ποτήριον
2593 1566 2688 1622 τοῦ
2719 1570 2951 1645 Κυρίου,
2986 1571 3162 1643 κρίμα
3184 1571 3362 1642 ἑαυτῷ
3387 1571 3556 1627 ἐσθίει
3582 1572 3674 1625 καὶ

399 1666 587 1734 bitque
618 1664 845 1718 calicem
887 1662 1105 1717 Domini
1146 1663 1387 1731 indigne,
1422 1659 1511 1715 hic
1560 1658 1665 1715 sibi
1710 1658 1976 1729 judicium
2016 1683 2028 1694 -
2082 1663 2252 1721 πίνει.

399 1755 695 1810 manducat
725 1769 790 1809 ac
819 1754 953 1808 bibit
985 1753 1053 1806 ⁸⁵.
1092 1772 1111 1803 ι

470 1849 526 1903 5.
558 1846 735 1916 Atque
802 1845 856 1898 in
909 1846 1051 1898 hanc
1123 1839 1381 1897 nimirum
1454 1838 1781 1897 sententiam
1864 1837 1981 1908 ipse

401 1955 584 1995 rerum
610 1938 974 1994 invisibilium
1005 1944 1279 2006 spectator
1310 1942 1363 1989 et
1392 1932 1750 1989 ineﬂabilium
1788 1947 1980 1989 narra-

405 2043 493 2089 tor
525 2034 691 2104 atq’ue
718 2031 979 2101 magister
1010 2045 1162 2084 reum
1185 2043 1305 2082 esse
1321 2027 1454 2083 dicit
1484 2026 1731 2095 corporis
1764 2033 1819 2079 et
1849 2040 1979 2080 san-

403 2125 588 2194 guinis
642 2122 855 2177 Domini
906 2120 1221 2190 quicunque
1269 2116 1493 2188 iudigne
1549 2116 1884 2172 manducare
1925 2125 1981 2169 et

402 2216 592 2272 bibere
626 2215 815 2270 audet.
846 2212 986 2279 Quid
1017 2210 1211 2267 enim?
1242 2209 1379 2265 Cum
1427 2219 1581 2265 vacet
1610 2224 1844 2279 purgare
1891 2222 1979 2262 me

405 2308 583 2378 ipsum
634 2304 990 2373 maculasque
1047 2300 1369 2371 poenitentia
1432 2300 1772 2368 abstergere,
1814 2306 1980 2366 atque

403 2400 475 2455 ita
508 2399 576 2453 ad
611 2396 965 2468 purissimam
998 2409 1135 2455 rem,
1195 2393 1304 2449 imo
1331 2390 1436 2447 ad’
1459 2390 1713 2462 puritatis
1753 2389 1981 2446 amuen-

403 2504 510 2547 tem
552 2491 728 2559 magis
754 2505 917 2559 quam
962 2486 1190 2559 cogitari
1225 2494 1401 2556 potest
1444 2484 1645 2541 fontem
1683 2484 1977 2547 accedere;

399 2599 502 2655 ego
535 2592 725 2637 contra
755 2581 902 2636 nulla
958 2579 1013 2633 id
1050 2578 1381 2648 cogitatione
1430 2591 1633 2632 curave
1675 2573 1980 2647 dignabor?

398 2685 567 2747 atque
589 2684 648 2729 ut
671 2690 841 2744 purus
869 2672 1241 2744 spectantibus
1286 2672 1495 2737 videar,
1535 2672 1848 2741 dignusque
1878 2670 1980 2724 hac

400 2774 572 2843 gratia
602 2782 656 2827 et
696 2771 775 2825 rei
806 2785 932 2831 usu,
962 2782 1140 2822 meam
1197 2767 1313 2836 ipse
1358 2764 1692 2820 contumelia
1746 2763 1980 2819 salutem

400 2862 654 2924 alliciam,
690 2874 867 2929 neque
895 2858 1124 2913 illudere
1150 2856 1227 2912 illi
1278 2857 1633 2912 extimescam
1665 2873 1682 2907 ι
1720 2855 1774 2911 in
1815 2867 1979 2923 quem

400 2954 576 3024 angeli
611 2961 801 3024 optant
839 2951 1154 3022 prospicere
1176 2950 1259 3005 '3?
1286 2969 1305 3002 ι
1349 2947 1601 3004 Profecto
1629 2948 1725 3018 qui
1751 2947 1979 3019 gloriam

403 3045 637 3098 invicem
679 3052 1024 3111 aucupantur
1042 3044 1108 3106 ⁸⁷,
1146 3041 1199 3096 hi
1239 3056 1415 3110 neque
1465 3055 1586 3094 eam
1620 3036 1743 3108 quae
1791 3055 1819 3093 a
1860 3039 1978 3094 solo

404 3137 516 3191 Deo
538 3145 620 3191 est
658 3136 891 3206 gloriam
937 3144 1211 3203 quaerunt,
1240 3148 1419 3203 neque
1460 3132 1703 3203 mysterii
1764 3131 1977 3199 magni-

402 3227 578 3284 tudini
611 3227 858 3282 credunt.
896 3225 1029 3279 Nam
1066 3225 1305 3279 clemens
1332 3222 1550 3293 quidem
1587 3232 1773 3277 noster
1814 3222 1983 3276 Crea-

404 3332 485 3375 lor
515 3319 769 3390 indignos
805 3333 913 3373 non
951 3318 1213 3372 ineﬂ‘abili
1240 3318 1497 3385 dignatus
1536 3315 1805 3371 beneticio
1842 3323 1927 3369 est
1962 3332 1975 3367 :

402 3430 504 3469 nos
535 3422 716 3467 autem
775 3421 926 3466 tanto
961 3426 1191 3465 munere
1243 3408 1444 3476 all'ecti,
1491 3423 1688 3477 nempe
1733 3420 1791 3463 ut
1857 3407 1977 3477 ejus

400 3509 646 3576 rorporis
704 3506 997 3576 participes
1064 3506 1239 3561 simus
1298 3503 1367 3573 (si
1424 3511 1575 3557 certe
1636 3501 1978 3556 voluerimus

401 3600 610 3654 viribus
631 3599 869 3669 acceptis
894 3608 948 3654 et
982 3598 1156 3669 gratia
1181 3597 1247 3652 ad
1279 3605 1441 3673 tantae
1462 3595 1737 3666 dignitatis
1759 3594 1976 3651 culmen

401 3690 758 3761 ascendere),
812 3692 917 3746 nisi
970 3692 1119 3746 omni
1154 3690 1338 3743 studio
1389 3697 1602 3743 nosmet
1641 3688 1746 3757 ipsi
1810 3702 1977 3756 puros

402 3783 816 3853 praebuerimus,
867 3799 1052 3838 nonne
1080 3782 1289 3852 duplici
1345 3781 1696 3839 damnatione
1759 3788 1977 3837 nosmet

402 3892 525 3931 reos
551 3891 671 3931 esse
704 3876 1103 3931 ostendemus?
1134 3891 1239 3929 una
1291 3875 1536 3944 quidem,
1564 3874 1690 3945 quia
1753 3889 1877 3929 cum
1910 3872 1975 3926 li-

400 3974 548 4021 cerct
592 3976 796 4021 tantam
845 3968 1114 4022 bonorum
1172 3966 1388 4035 eopiam
1449 3965 1677 4030 lucrari,
1724 3964 1975 4020 reuueri-

398 4077 543 4125 mus,
580 4072 905 4132 nosquemet
934 4070 1086 4116 tanto
1130 4061 1502 4115 emolumento
1537 4076 1600 4115 ac
1624 4059 1798 4115 salute
1825 4058 1974 4114 frau-

396 4153 731 4207 daverimus.
767 4151 1002 4221 (Quippe
1032 4153 1137 4206 hoc
1163 4153 1341 4219 ipsum
1368 4151 1576 4218 absque
1601 4150 1707 4205 alia
1722 4148 1972 4203 animad-

396 4244 667 4309 versione,
701 4245 939 4298 maxima
971 4243 1255 4298 damnatio
1296 4254 1399 4308 est,
1428 4244 1640 4299 dicente
1690 4242 1921 4297 Domino
1957 4260 1970 4296 :

401 4354 419 4387 ι
459 4336 561 4399 Qui
619 4352 726 4389 non
773 4336 944 4389 credit
984 4334 1164 4398 Filio,
1227 4333 1339 4404 jam
1394 4334 1673 4402 judicatus
1727 4332 1964 4401 est”;i

398 4444 593 4498 nempe
654 4428 985 4483 sententiain
1061 4428 1204 4481 intra
1273 4442 1332 4480 se
1392 4426 1549 4495 gerit.
1612 4426 2045 4497 Quamuam?D

395 4535 591 4590 nempe
617 4521 761 4590 quod
780 4520 829 4574 ei
864 4536 970 4574 non
1016 4518 1293 4587 credidit.)
1327 4518 1513 4573 Altera
1549 4516 1832 4571 damnatio
1862 4525 1964 4583 est,

394 4614 541 4682 quod
571 4612 775 4667 denum
807 4612 1204 4681 spreverimus,
1236 4610 1383 4681 quod
1418 4611 1606 4682 gratia:
1634 4609 1821 4679 iujurii
1852 4608 1970 4664 luc-

394 4707 590 4770 rimus,
625 4705 771 4775 quod
797 4705 935 4758 bene
974 4703 1133 4758 nobis
1160 4702 1455 4758 facientem
1487 4703 1637 4756 nullo
1664 4702 1841 4771 pretio
1867 4701 1967 4755 ba-

395 4799 715 4853 buerimus:
777 4797 909 4851 dum
960 4796 1063 4851 hac
1093 4794 1350 4850 alimonia
1405 4793 1657 4863 mystica,
1694 4808 1818 4862 quae
1864 4807 1967 4848 nos

394 4890 514 4958 puri
554 4888 677 4956 ejus
722 4890 968 4957 corporis
1013 4886 1141 4942 facit
1179 4887 1492 4958 participes,
1531 4895 1795 4954 tanquam
1848 4884 1968 4939 vul-

393 4980 510 5051 gari
545 4994 732 5033 mensa
771 4979 929 5033 abusi
983 4994 1195 5035 sumus.
1234 4977 1375 5046 Ergo
1398 4975 1666 5045 ejusmodi
1718 4974 1966 5029 homines

397 5070 540 5125 haud
566 5073 818 5125 meliores
838 5069 1043 5126 Iudaeis
1063 5080 1213 5135 sunt,
1245 5069 1339 5139 qui
1372 5068 1704 5123 horrendum
1751 5065 1886 5120 illud
1914 5074 1969 5120 et

282 5220 300 5237 ,
395 5166 633 5219 immane
651 5163 861 5219 facinus
891 5174 1421 5234 perpetrarunt,cum
1454 5160 1725 5217 viviﬁcum
1762 5158 1967 5215 Christi

394 5272 596 5326 corpus
632 5256 779 5327 ligno
810 5256 1239 5326 suspenderunt,
1276 5254 1605 5324 spiculoque
1634 5250 1960 5321 sanguinem

392 5341 781 5405 eihauserunt.
829 5348 1194 5415 Quamobrem
1260 5356 1385 5417 apta
1442 5347 1716 5401 locutione
1774 5345 1964 5399 mundi

390 5442 580 5497 doctor
608 5457 727 5496 reos
754 5442 854 5497 hos
879 5440 1127 5511 corporis
1154 5450 1207 5496 et
1235 5439 1517 5509 sanguinis
1571 5437 1782 5494 Domini
1825 5453 1952 5508 pro-

394 5537 683 5590 nuntiavit.

462 5698 503 5725 ‘”
537 5693 574 5747 ll
606 5694 729 5748 Cor.
764 5711 837 5759 χι,
866 5693 954 5750 23.
1034 5693 1119 5746 ⁵⁵1
1156 5692 1279 5744 Cor.
1328 5706 1401 5751 XI,
1439 5689 1526 5742 ‘29.

2152 1846 2223 1909 γ’.
2251 1840 2363 1895 Καὶ
2416 1840 2575 1896 τοῦτό
2631 1842 2780 1897 ἐστιν
2825 1842 2964 1916 ὅπερ
3012 1843 3175 1907 αὐτὸς
3213 1846 3243 1900 6
3284 1845 3395 1901 τῶν
3427 1845 3679 1902 ἀθεάτων

2084 1933 2288 2005 θεωρὸς
2340 1933 2436 1988 καὶ
2488 1934 2598 1989 τῶν
2655 1935 2910 2008 ἀρρήτων
2972 1937 3156 2009 ῥήτωρ
3211 1939 3306 1992 καὶ
3351 1939 3679 2003 διδάσκαλος

2081 2026 2285 2099 ἔφησεν
2338 2026 2525 2097 ἔνοχον
2573 2021 2717 2083 εἶναι
2759 2028 2855 2083 τοῦ
2888 2028 3142 2101 σώματος
3177 2030 3397 2085 καὶτοῦ
3441 2033 3679 2105 αἵματος

2080 2117 2174 2171 τοῦ
2207 2120 2436 2193 Κυρίου,
2467 2121 2557 2175 τὸν
2587 2122 2823 2193 ἀναξίως
2849 2125 3047 2179 ἐσθίειν
3065 2126 3203 2205 ,αὐτὸ
3225 2129 3319 2181 καὶ
3341 2128 3520 2199 πίνειν
3543 2130 3679 2183 ἀποο

2082 2211 2525 2285 θαρσυνόμενον·
2578 2215 2631 2269 τί
2684 2218 2815 2289 γὰρ,
2845 2218 2965 2271 ἐνὸν
3018 2218 3300 2291 καθαίρειν
3339 2222 3533 2275 ἑαυτὸν
3580 2223 3679 2275 καὶ

2081 2305 2425 2375 ἀποσμήχειν
2452 2305 2541 2359 διὰ
2575 2308 2866 2375 μετανοίας
2898 2308 3006 2363 τῶν
3031 2310 3413 2381 μολυσμάτων,
3441 2312 3586 2367 οὕτω
3612 2331 3677 2367 τε

2082 2396 2364 2467 προσιέναι
2390 2397 2467 2469 τῷ
2490 2399 2885 2472 καθαρωτάτῳ,
2915 2401 3115 2473 μᾶλλον
3143 2404 3199 2457 δὲ
3225 2403 3301 2476 τῷ
3324 2405 3464 2476 ὑπὲρ
3491 2409 3680 2461 πᾶσαν

2080 2486 2289 2542 ἔννοιαν
2335 2489 2635 2561 πη·ίάζοντι
2682 2489 2974 2563 κάθαρσιν,
3009 2493 3119 2562 ἐγὼ
3155 2494 3213 2549 δὲ
3256 2495 3415 2548 τοῦτο
3449 2498 3551 2568 μὲν
3581 2501 3678 2551 ἐπὶ

2081 2577 2372 2651 λογισμοὺς
2396 2581 2686 2636 ἀναλαϐεῖν
2711 2584 2804 2637 καὶ
2828 2584 3125 2654 μετελθεῖν,
3156 2587 3412 2659 οὐδεμιᾶς
3443 2589 3676 2660 γίνομαι

2083 2671 2401 2741 φροντίδος;
2447 2671 2535 2727 ἵνα
2586 2673 2644 2728 δὲ
2694 2674 2830 2740 δόξω
2869 2676 3105 2750 καθαρὸς
3148 2674 3437 2745 εἶναιτοῖς
3477 2683 3676 2753 ὁρῶσι,

2081 2763 2177 2817 καὶ
2224 2763 2373 2827 ἄξιος
2428 2766 2698 2834 τοσαύτης
2739 2768 2961 2840 χάριτος
3004 2771 3100 2823 καὶ
3144 2772 3523 2840 ἀπολαύσεως,
3575 2775 3678 2844 τὴν

2084 2855 2225 2927 ἐμὴν
2257 2856 2464 2928 ὑϐρίζω
2488 2859 2797 2931 σωτηρίως
2828 2862 2924 2916 καὶ
2954 2862 3171 2927 παίζειν
3200 2865 3259 2916 οὺ
3289 2865 3497 2936 φρίττω
3522 2868 3605 2929 είς
3638 2867 3679 2921 ἆ

2083 2945 2444 3017 ἐπιθυμοῦσιν
2469 2948 2692 3017 ἄγγελοι
2712 2951 3063 3023 παρακύψαις
3092 2954 3260 3018 ὅντως
3288 2958 3337 3009 οί
3359 2954 3517 3022 δόξαν
3539 2958 3676 3028 παρ’

2083 3038 2327 3110 ἀλλήλων
2354 3040 2748 3110 λαμϐάνοντες,
2769 3042 2894 3097 οὕτε
2926 3047 3024 3113 τὴν
3050 3047 3199 3117 παρά
3222 3047 3318 3101 τοῦ
3348 3049 3513 3116 μόνου
3532 3050 3673 3104 Θεοῧ

2082 3132 2239 3199 δόξαν
2276 3134 2551 3205 ζητοῦσιν,
2588 3135 2713 3191 οὔτε
2744 3136 2822 3207 τῷ
2852 3138 3071 3210 μεγέθει
3100 3141 3193 3194 τοῦ
3238 3142 3543 3213 μυστηρίου
3574 3162 3672 3197 πι-

2083 3224 2398 3279 στεύουσιν·
2441 3227 2469 3279 6
2524 3228 2623 3297 μὲν
2674 3230 2782 3300 γὰρ
2832 3229 3211 3305 φιλάνθρωπος
3252 3234 3408 3304 ἡμῶν
3466 3229 3675 3292 πλαστο

2079 3318 2298 3389 ουργὸς,
2342 3320 2593 3386 ἀναξίους
2635 3321 2791 3384 ὄντας
2840 3323 2949 3376 τῶν
3008 3324 3147 3395 ὑπὲρ
3190 3327 3347 3395 λόγον
3397 3328 3667 3399 ἠξίωσενο

2079 3410 2240 3477 ἡμεῖς
2274 3410 2330 3463 δὲ
2362 3412 2568 3466 τούτων
2604 3413 2924 3479 ἀξιωθέντες
2961 3418 3050 3468 καὶ
3085 3416 3364 3487 σύσσωμοι
3396 3421 3493 3474 καὶ
3523 3438 3587 3474 συ
3599 3442 3669 3490 μ-

2083 3501 2300 3571 μέτοχοι
2335 3505 2697 3574 χρηματίζειν
2734 3505 2900 3559 αὐτοῧ
2938 3508 3027 3577 (ἂν
3056 3506 3162 3578 ἄρα
3198 3509 3521 3581 βουλώμεθα
3559 3514 3670 3583 ρώ-

2082 3611 2189 3664 μην
2217 3596 2310 3648 καὶ
2349 3596 2509 3667 χάριν
2539 3595 2813 3661 λαϐόντες,
2847 3599 2944 3653 καὶ
2969 3601 3107 3673 πρὸς
3140 3602 3393 3655 τοσοῦτον
3422 3604 3671 3661 ἀνελθεῖν

2079 3686 2387 3757 ἀξιώματος
2427 3688 2602 3760 ὕψος),
2642 3691 2690 3743 εί
2721 3690 2796 3763 μὴ
2823 3692 2962 3748 κατά
3000 3697 3178 3748 πᾶσαν
3214 3696 3452 3768 σπουδὴν
3491 3699 3670 3751 κα.οα⁴

2076 3780 2206 3851 pob;
2252 3782 2478 3844 ἑαυτοὺς
2531 3784 3103 3855 παρασκευασώμεθα,
3148 3788 3265 3853 πῶς
3301 3790 3422 3860 οὐχὶ
3469 3790 3669 3859 διπλῆς

2077 3872 2295 3943 ἐνόχους
2359 3876 2735 3947 ἀποφαίνομεν
2786 3879 3013 3942 ἑαυτοὺς
3052 3881 3469 3951 κατακρίσεως;
3531 3885 3669 3955 μιᾶς

2078 3965 2198 4036 μὲν,
2229 3967 2312 4020 ὅτι
2362 3967 2633 4038 τοσαύτην
2673 3970 2893 4039 ἀγαθῶν
2922 3972 3229 4044 ὑπερϐολὴν
3271 3972 3390 4039 ἐξὸν
3434 3976 3663 4045 κερδαί-

2075 4072 2207 4121 νειν,
2231 4057 2594 4126 ἀπωσάμεθα,
2628 4061 2724 4113 καὶ
2754 4060 3085 4134 τηλικαύτης
3131 4063 3356 4125 ἑαυτοὺς
3392 4063 3665 4132 ὠφελείας

2074 4163 2131 4199 τε
2180 4148 2273 4199 καὶ
2312 4150 2585 4221 σωτηρίας
2631 4152 3089 4224 ἀπεστερήσαμεν
3115 4168 3131 4183 ·
3174 4154 3333 4208 τοῦτο
3376 4156 3485 4226 γὰρ
3529 4158 3663 4211 αὐτὸ

2073 4238 2167 4291 καὶ
2194 4241 2362 4309 χωρὶς
2392 4240 2584 4311 ἐτέρας
2611 4242 2970 4313 εἰσπράξεως,
2998 4245 3227 4316 μεγίστη
3256 4250 3522 4319 καταδίκη
3542 4266 3556 4279 '
3584 4252 3661 4314 ὡς

2072 4328 2167 4382 καὶ
2194 4331 2222 4383 6
2250 4330 2460 4399 ’Κύριος
2490 4330 2715 4402 ἔφησενο
2751 4352 2769 4385 ι
2795 4333 2852 4385 Ὀ
2876 4334 2951 4405 μὴ
2977 4336 3245 4389 πιστεύων
3275 4340 3352 4401 είς
3379 4339 3475 4392 τὸν
3510 4341 3659 4402 Υίὸν,

2072 4421 2171 4493 ἤδη
2194 4422 2463 4492 κέκριται,
2490 4442 2507 4474 ι
2540 4425 2787 4480 τουτέστι
2815 4427 2928 4498 ἔχει
2952 4429 3050 4499 τὴν
3077 4429 3255 4499 δίκην·
3273 4431 3392 4484 τίνα
3418 4432 3658 4500 ταύτηνς

2076 4514 2209 4568 αὐτὸ
2238 4515 2297 4567 τὸ
2333 4513 2410 4587 μὴ
2437 4515 2726 4572 πιστεῦσαι
2757 4520 2834 4583 είς
2860 4519 3051 4573 αὐτόν’
3099 4522 3292 4593 ἐτέρας
3320 4523 3398 4589 δὲ,
3433 4525 3517 4577 ὅτι
3559 4523 3656 4576 τοῦ

2074 4607 2249 4679 δώρου
2296 4611 2803 4681 κατεφρονήσαμεν,
2857 4613 2938 4666 ὅτι
2979 4614 3078 4684 τὴν
3125 4616 3282 4687 χάριν
3330 4616 3653 4688 ὑϐρίσαμεν,

2074 4699 2166 4754 τὸν
2194 4698 2493 4773 εὐεργέτην
2526 4700 2958 4776 ὲξουθενήσαμεν
2977 4723 2991 4737 ·
3025 4705 3100 4769 ὡς
3130 4710 3283 4781 κοινῇ
3310 4707 3560 4780 τραπέζῃ
3586 4713 3653 4779 τῇ

2079 4796 2314 4864 μυστικῇ
2363 4796 2536 4864 τροφῇ
2570 4795 2665 4851 καὶ
2715 4797 3035 4866 συσσώμους
3075 4799 3219 4869 ἡμᾶς
3252 4800 3347 4852 τοῦ
3378 4800 3654 4870 ἁχράντου

2077 4883 2328 4955 σώματος
2388 4884 2554 4939 αὑτοῦ
2599 4890 3115 4964 παρασκευαζούσῃ,
3159 4894 3651 4965 κατεχρησάμεθα·

2069 4976 2169 5029 οὐκ
2216 4975 2311 5029 οὖν
2372 4977 2526 5030 οὐδὲν
2575 4978 2797 5047 ἄμεινον
2854 4983 2901 5034 οί
2946 4981 3179 5036 τοιοῦτοι
3226 4984 3335 5037 τῶν
3381 4986 3655 5038 Ἰουδαίων

2068 5068 2405 5139 διετέθησαν,
2427 5070 2475 5123 οἳ
2505 5070 2567 5122 τὸ
2589 5072 2818 5141 φρικτὸν
2846 5074 3022 5125 ἐκεῖνο
3044 5074 3141 5126 καὶ
3168 5075 3466 5147 ἀτόλμητον
3490 5076 3653 5145 ἔργον

2070 5159 2398 5229 ἐτόλμησαν,
2432 5161 2492 5213 τὸ
2540 5162 2804 5225 ζωοποιὺν
2859 5164 3020 5234 σῶμα
3063 5166 3299 5236 Χριστοῦ
3347 5169 3439 5221 ἐπὶ
3488 5167 3649 5235 ξύλου

2070 5252 2471 5321 κρεμάσαντες,
2504 5253 2598 5308 καὶ
2628 5256 2693 5325 τῇ
2724 5254 2892 5327 λόγχῃ
2918 5256 3011 5310 τοῦ
3048 5260 3280 5328 αἵματος
3314 5259 3653 5314 ἑκκενὼσαν-

2074 5360 2164 5406 τες
2190 5361 2202 5374 ·
2247 5342 2435 5413 διόπερ
2469 5344 2705 5412 εὐλόγως
2752 5348 2779 5399 6
2822 5348 3139 5413 διδάσκαλος
3175 5353 3275 5419 τῆς
3324 5354 3647 5423 οίκθυμένγλς

2074 5432 2291 5502 ἐνόχους
2338 5428 2478 5485 εἶναι
2530 5438 2653 5497 τοὺς
2694 5436 2968 5500 τοιούτους
3008 5438 3101 5491 τοῦ
3145 5440 3396 5509 σώματος
3435 5444 3527 5498 καὶ
3556 5443 3646 5495 tu}

2074 5524 2303 5594 αἵματος
2334 5524 2427 5577 τοῦ
2460 5525 2663 5595 Κυρίου
2703 5528 3133 5598 κατεψηφίσατο.

1606 5690 1647 5720 ⁵⁵
1686 5686 1870 5740 Ιίνιεῑικ
1909 5704 1942 5748 ι,
1989 5687 2067 5738 l2.
2143 5688 2187 5717 ”‘
2229 5683 2383 5737 .lnan.
2424 5701 2475 5750 ν,
2520 5684 2605 5738 Η.
2685 5689 2728 5717 5“
2766 5686 2928 5741 .Ioan.
2965 5704 3046 5752 ιιι,
3085 5690 3167 5744 18.
