3884 6202
242 225 350 309 ιδι

1153 229 1254 290 ΑΙ)
1292 227 1888 292 AMPH-ILOCHIUM
1929 227 2279 303 QUIESTIO
2319 226 2577 290 LXXIV.

3418 229 3531 297 462

243 337 392 392 πολὺ
445 336 620 409 μείζω
650 336 953 411 παρέχεται
992 337 1173 410 χάριν.
1220 339 1332 395 Καὶ
1367 339 1641 413 θειότερον
1692 342 1827 396 ἐκδι·

1943 339 2096 396 dubii
2128 338 2458 395 solutionem
2486 337 2791 408 expetenti,
2816 337 2980 410 longe
3007 338 3275 413 majorem
3297 343 3529 413 gratiam

242 430 443 485 δάσκει
463 429 661 501 δόγμα,
700 431 821 485 ἀντὶ
839 430 943 502 τῆς
978 430 1265 502 φιλολόγου
1294 433 1674 507 προαιρέσεως
1694 434 1835 506 πρὸς

245 521 486 593 θεωρίαν
526 522 749 592 ἀνάγων
792 523 1102 595 φιλόσοφον.
1156 526 1296 597 Φησὶ
1326 525 1456 597 γάρ·
1497 526 1828 581 «Πίστευσόν

248 632 365 686 μοι,
406 613 591 684 γύναι,
641 616 723 670 ὅτι
768 615 987 688 ἐρχεται
1014 617 1156 689 ῶρα,
1198 619 1294 671 καὶ
1330 618 1425 672 νῦν
1453 621 1623 684 ἐστιν,
1672 620 1761 673 ὅτε
1789 621 1840 675 οἱ

244 707 497 779 ἀληθινοὶ
530 708 906 779 προσκυνηταὶ
953 711 1391 781 προσκυνήσουσι
1435 712 1515 783 τῷ
1556 712 1736 783 Πατρὶ
1780 713 1840 767 ἐν

245 798 536 870 Πνεύματι
562 800 656 854 καὶ
678 800 962 872 ἀληθείᾳ.»
1007 803 1155 857 ’Δντὶ
1178 802 1299 869 τοῦ,
1323 804 1418 871 Σὺ,
1445 805 1601 876 φησὶ,
1629 804 1834 877 ζητεῖς,

243 891 479 961 πότερον
510 895 545 965 ή
586 893 823 948 Ἰουδαία
848 894 977 960 δόξα
1006 895 1042 968 ἢ
1068 896 1170 966 τῆς
1189 896 1585 968 Σαμαρείτιδος
1610 898 1837 972 γνώμης

242 982 309 1037 τὺ
346 982 677 1054 τιμιώτερον
714 986 807 1041 καὶ
838 985 1115 1059 θειότερον
1135 987 1499 1060 ἀποφέρεταισ
1528 988 1639 1058 ἐγὼ
1662 990 1721 1043 δέ
1751 1008 1835 1046 σοι

246 1074 549 1145 μυστήριον
569 1074 1070 1149 ἀποκεκρυμμένον
1096 1078 1490 1145 ἀνακαλύπτω,
1525 1081 1610 1136 ότι
1648 1100 1669 1135 ι
1697 1082 1835 1154 Ἐρ-

241 1184 401 1238 χεται
429 1168 569 1241 ῶρα,
606 1169 704 1225 καὶ
733 1168 829 1224 νῦν
864 1171 1032 1235 ἐστιν,
1063 1170 1155 1225 ὅτε
1184 1169 1312 1227 οὔτε
1344 1171 1403 1225 ἐν
1437 1172 1518 1244 τῷ
1556 1172 1675 1246 ὄρει
1706 1174 1835 1229 τού-

240 1277 347 1328 τῳ,
369 1258 496 1315 οὔτε
538 1262 598 1315 ἐν
631 1260 1028 1332 Ἰεροσολύμοις
1053 1267 1464 1336 προσκυνήσετε
1492 1264 1573 1338 τῷ
1594 1266 1827 1338 Πατρί.»

254 1353 320 1407 Ἦ
353 1354 453 1424 μὲν
479 1354 590 1425 γάρ
626 1355 768 1428 γυνή
814 1356 954 1426 πρὸς
994 1357 1313 1427 φιλοσοφίαν
1343 1359 1540 1415 θᾶττον
1569 1360 1835 1431 γυναικὸς

238 1449 355 1512 τοῖς
392 1446 489 1501 τοῦ
532 1448 784 1520 Σωτῆρος
819 1450 1030 1521 ῥήμασι
1080 1451 1437 1525 μετελθοῦσα,
1491 1454 1592 1508 ούκ
1634 1454 1716 1509 ἔτι
1763 1452 1835 1509 τά

240 1538 449 1609 ἑαυτῆς
480 1540 614 1605 ῖσως
667 1542 1066 1613 προτιμώμενα
1102 1543 1272 1610 δεῖξαι
1311 1545 1424 1598 τῶν
1453 1546 1832 1617 Ἰσραηλιτῶν,

1942 431 2205 497 exhibet,
2265 438 2322 487 et
2373 430 2754 487 sublimiorem
2816 432 3131 489 doctrinam
3178 433 3439 502 instillat,
3493 452 3526 491 a

1942 522 2232 580 curiosiori
2280 523 2520 595 quodam
2581 523 2923 595 problemate
2986 525 3053 581 ad
3117 526 3527 585 meditationem

1941 616 2377 687 philosophieam
2402 625 2457 673 et
2490 616 2870 673 sublimiorem
2898 617 3312 697 adducenstAit
3339 622 3484 676 enim
3507 641 3524 677 :

1947 725 1966 758 ι
1996 704 2171 762 Crede
2201 707 2358 774 mihi,
2391 708 2614 775 mulier,
2646 707 2795 779 quod
2827 708 2963 764 hora
2985 711 3153 777 venit,
3185 720 3242 767 et
3268 712 3384 783 jam
3419 722 3528 780 est,

1939 813 2048 869 qua
2081 797 2192 854 veri
2238 799 2564 856 adoratores
2612 799 2926 855 adorabunt
2970 799 3188 856 Patrem
3234 801 3287 857 in
3323 800 3526 873 Spiritu

1938 898 1994 945 et
2030 890 2259 947 veritate
2275 891 2343 945 ⁸⁷.
2380 909 2399 944 ι
2435 889 2605 959 Quasi
2630 891 2843 947 diceret
2870 907 2887 946 :
2918 890 3001 946 Tu
3045 892 3263 963 quidem
3301 893 3525 964 quarris,

1938 990 2126 1038 utrum
2182 978 2413 1038 Iudaica
2470 997 2542 1036 an
2599 981 2949 1037 Samaritana
3004 982 3193 1053 opinio
3252 983 3525 1054 potiorem

1937 1074 2121 1130 locum
2170 1073 2391 1136 habeat,
2439 1082 2495 1130 et
2535 1073 2775 1129 divinior
2795 1073 3092 1144 judicanda
3123 1074 3230 1143 sit;
3266 1090 3369 1148 ego
3396 1090 3529 1132 vero

1939 1167 2036 1223 tibi
2071 1167 2396 1240 mysterium
2431 1166 2614 1223 adhuc
2660 1167 3049 1225 absconditum
3085 1168 3294 1238 aperio,
3341 1186 3362 1222 ι
3394 1184 3527 1224 ven-

1937 1268 2124 1314 turum
2159 1257 2370 1314 scilicet
2403 1266 2638 1329 tempus,
2679 1267 2735 1314 et
2763 1256 2879 1327 jam
2917 1274 3064 1323 esse,
3094 1274 3206 1329 quo
3252 1275 3433 1330 neque
3468 1260 3523 1315 in

1936 1360 2125 1406 monte
2172 1349 2296 1418 hoc,
2331 1365 2524 1421 neque
2577 1349 2976 1423 Hierosolymis
3010 1352 3229 1408 Patrem
3270 1352 3526 1408 adorabi-

1936 1442 2008 1499 tis
2026 1441 2092 1499 “.
2127 1462 2147 1496 ι
2190 1441 2330 1497 Tum
2377 1443 2577 1498 mulier
2626 1442 2696 1498 ad
2731 1444 3169 1516 pltilosophicam
3210 1445 3528 1502 meditatio~

1934 1548 2088 1599 nem,
2128 1542 2327 1604 praeter
2361 1532 2694 1589 feminarum
2732 1551 2964 1601 morem,
3015 1535 3318 1594 Salvatoris
3349 1540 3523 1594 nostri

238 1629 433 1700 ῶσπερ
482 1631 783 1702 καταρχὰς,
835 1632 1194 1700 ἐσπούδαζεν,
1246 1635 1362 1689 ἀλλ’
1394 1635 1678 1690 ἐνδιδοῦσα
1733 1636 1827 1691 καὶ

1938 1627 2123 1681 verbis
2172 1627 2475 1696 perducta,
2534 1642 2643 1682 non
2710 1629 2948 1699 amplius
2998 1644 3096 1686 sua
3154 1630 3353 1702 placita
3412 1632 3523 1689 illis

241 1696 602 1789 βελτιουμένη
749 1696 1437 1796 σωτηριώδει-διδασκαλίᾳ
1470 1724 1669 1795 μαθεῖν
1698 1726 1827 1798 ἐζή-

1941 1716 2309 1774 lsraelitarum
2338 1718 2677 1789 praeferenda
2716 1696 2860 1787 esse,
2894 1730 2954 1777 ut
2986 1696 3172 1789 antea,
3214 1725 3520 1790 contendit,

237 1825 324 1869 τει
347 1809 410 1862 τὸ
452 1809 695 1880 ἄμεινον.
721 1812 815 1866 Διδ
855 1813 951 1867 καὶ
990 1833 1007 1865 ι
1042 1815 1105 1869 Ol
1140 1816 1375 1887 πατέρες
1422 1818 1602 1888 ἡμῶν,
1639 1820 1830 1889 φησὶν,

239 1897 661 1970 προσεκύνησαν
690 1902 749 1955 ὲν
780 1902 859 1973 τῷ
886 1904 1004 1973 ὄρει
1036 1904 1234 1974 τούτῳ.
1282 1925 1301 1958 ι
1338 1907 1507 1962 Τοῦτο
1533 1909 1642 1981 γάρ
1667 1905 1736 1982 ἦν
1768 1911 1831 1964 τὸ

249 1986 493 2056 μάλιστα
539 1989 652 2043 τῶν
682 1991 1040 2061 Σαμαρειτῶν
1067 1993 1307 2064 ἀνυψοῦν
1344 1996 1439 2050 καὶ
1469 1997 1685 2069 ἐξαῖρον
1715 1998 1829 2069 (82)

244 2079 347 2146 τὴν
384 2081 673 2154 ὑπόληψιν.
707 2078 808 2138 Οἷα
839 2085 950 2155 (83)
983 2086 1091 2157 γάρ
1118 2088 1385 2158 παρόντος
1419 2091 1702 2161 προφήτου
1731 2091 1832 2145 καὶ

240 2171 617 2244 ἐμπνεομένου
667 2176 745 2246 τῷ
791 2177 1073 2248 Πνεύματι
1121 2185 1231 2234 τῶν
1267 2181 1447 2246 ἄλλοις
1488 2181 1700 2253 ἀδήλων
1728 2183 1830 2255 τὴν
1884 2240 1887 2241 ,

236 2258 548 2328 διάγνωσιν,
578 2263 723 2333 παρ’
751 2264 978 2330 ἐκείνοις
1008 2266 1108 2337 τὴν
1138 2267 1516 2341 ἀληθεστέραν
1542 2270 1703 2339 δόξαν
1722 2271 1822 2327 καὶ

236 2350 593 2424 τελειοτέραν
620 2353 881 2428 ἐπεζήτει
914 2358 1127 2427 μαθεῖν.

311 2642 411 2697 Διά
429 2660 512 2697 τοι
540 2642 696 2699 τοῦτο
718 2644 814 2698 καὶ
839 2645 1119 2719 ἀρχομένη
1147 2647 1247 2718 τῆς
1267 2647 1577 2714 ὑποθέσεως
1604 2649 1791 2720 ἔλεγεν
1811 2668 1829 2682 ο

243 2752 264 2786 ι
290 2734 487 2806 Κύριε,
513 2736 725 2808 θεωρῶ,
782 2738 866 2793 ὅτι
924 2742 1212 2812 προφήτης
1242 2736 1293 2794 εἴ
1322 2741 1409 2797 σύ.
1446 2762 1463 2794 ι
1510 2743 1571 2796 ὐ
1617 2743 1673 2797 δὲ
1709 2745 1831 2814 φιλ-

236 2824 531 2895 άνθρωπος
567 2829 774 2900 Ἰησοῦς
835 2832 1099 2904 πρότερον
1145 2834 1246 2904 μὲν
1281 2834 1516 2900 τὸτέλος
1558 2836 1828 2908 ἑκατέρας

237 2918 626 2988 προαγγέλλει,
660 2920 748 2975 ἴνα
793 2921 868 2993 μὴ
901 2924 1122 2997 λυπήσῃ
1168 2924 1371 2996 ταύτην
1395 2927 1453 2980 ἐν
1488 2926 1566 2998 τῷ
1600 2928 1830 3000 προκρί-

1933 1811 2028 1867 sed
2085 1810 2304 1867 Domini
2352 1811 2606 1869 doctrina
2655 1823 2912 1885 provecta
2964 1824 3017 1872 et
3077 1818 3388 1884 emendata,
3440 1818 3520 1884 id,

1932 1903 2078 1973 quod
2114 1903 2471 1974 praestantius
2500 1914 2667 1969 esset,
2705 1904 2889 1960 doceri
2920 1906 3195 1977 cupiebat.
3226 1907 3522 1977 Propterea

1932 1992 2099 2048 etiam
2129 1992 2303 2063 inquit
2337 2010 2350 2047 :
2386 2010 2403 2042 ι
2436 1992 2626 2047 Patres
2661 1994 2835 2050 nostri
2872 1994 2928 2050 in
2964 2008 3148 2057 monte
3186 1996 3288 2052 hoc
3321 1998 3521 2053 adora-

1933 2091 2082 2136 runt.
2116 2100 2135 2134 ι
2171 2081 2287 2139 Hoc
2314 2083 2459 2138 enim
2490 2084 2668 2155 ipsum
2702 2094 2843 2154 erat,
2871 2087 3015 2157 quod
3043 2088 3520 2143 Samaritanorum

1932 2174 2002 2229 de
2050 2174 2217 2231 rebus
2268 2176 2386 2231 suis
2435 2176 2753 2246 Opinionem
2797 2179 3097 2235 extollebat
3154 2179 3408 2251 inprimis
3466 2189 3523 2235 et

1931 2266 2322 2338 ampliﬁcabat.
2348 2268 2484 2324 Cum
2502 2269 2686 2340 itaque
2704 2279 3025 2341 praesentem
3044 2271 3269 2328 haberet
3288 2272 3522 2341 prophe-

1933 2371 2069 2425 tam,
2112 2360 2207 2430 qui
2240 2358 2480 2431 Spiritus
2506 2361 2677 2416 divini
2717 2363 2982 2431 auspiciis
3016 2378 3105 2419 res
3135 2363 3262 2420 aliis
3296 2364 3521 2435 ignotas

1932 2451 2181 2522 cognitas
2218 2452 2477 2519 habebat,
2527 2453 2597 2508 ab
2654 2453 2749 2508 illo
2792 2454 3063 2509 veriorem
3116 2462 3171 2510 et
3235 2454 3518 2510 meliorem

1931 2546 2258 2603 sententiam
2291 2546 2505 2602 discere
2535 2547 2809 2603 studebat.

2003 2638 2325 2711 Propterea,
2360 2649 2745 2711 argumentum
2775 2641 2883 2696 hoc
2908 2656 3215 2712 proponere
3239 2656 3517 2713 aggressa,

1932 2733 2152 2788 aiebat:
2203 2751 2222 2785 ι
2252 2731 2448 2798 Video,
2504 2733 2751 2799 Domine,
2784 2734 2929 2803 quod
2976 2734 3053 2789 sis
3104 2734 3459 2803 prepheta".
3494 2752 3514 2787 ι

1930 2823 2109 2894 Atque
2154 2824 2228 2878 ibi
2276 2824 2496 2895 quidem
2545 2824 2977 2880 humanissimus
3024 2822 3187 2881 Jesus
3236 2827 3522 2897 utriusque

1932 2918 2111 2973 cultus
2161 2920 2322 2972 linem
2369 2926 2496 2972 ante
2550 2920 2805 2981 nuntiat,
2853 2934 2942 2983 ne,
2982 2916 3270 2973 Jndaicum
3311 2918 3518 2973 cultum

237 3026 355 3064 νειν
380 3012 479 3082 τήν
518 3013 816 3088 Ἰουδαῖκὴν
850 3015 1133 3086 λατρείαν.
1164 3018 1229 3071 Τί
1252 3017 1364 3089 γὰρ
1407 3018 1473 3072 ἂν
1508 3019 1603 3073 καὶ
1625 3020 1825 3094 ἀνιάσῃ

1932 3010 2268 3083 ρι’δεΐετθηε,
2330 3010 2477 3064 illam
2532 3008 2788 3065 redderet
2849 3009 3169 3064 tristiorem.
3230 3008 3519 3076 Quomodo

239 3100 346 3172 τῆς
391 3103 528 3168 ίδίας
544 3102 705 3177 δόξης
734 3107 1165 3180 προκρινόμενον
1219 3110 1405 3175 σέϐας,
1441 3111 1470 3165 ὂ
1501 3111 1618 3180 μετ’
1650 3112 1829 3183 ὀλίγον

237 3193 466 3265 ἔμελλεν
482 3198 562 3262 είς
582 3197 645 3251 τὸ
665 3198 796 3252 αύτδ
813 3200 1251 3274 συγκαταλήγειν
1266 3202 1449 3270 τέλος;
1475 3204 1708 3259 Ἔπειτα
1732 3205 1829 3278 τήν

236 3285 507 3359 διαφορὰν
540 3288 723 3344 αὐτῶν
769 3291 1105 3361 ἀπαγγέλλει
1132 3306 1147 3323 ο
1183 3312 1202 3346 ι
1251 3293 1441 3365 Ὑμεῖς
1485 3295 1616 3368 γὰρ,
1670 3298 1825 3369 φησὶ,

231 3381 621 3447 προσκυνεῖτε,
649 3379 679 3433 ὃ
708 3382 809 3436 οὐκ
857 3384 1059 3447 οἴδατε,
1101 3385 1259 3455 ἡμεῖς
1290 3385 1348 3439 δὲ
1384 3387 1824 3459 προσκυνοῦμεν,

230 3469 263 3522 δ
310 3470 555 3541 οῖδαμεν.
590 3493 609 3527 ι
641 3474 766 3539 Πῶς
808 3475 864 3529 δὲ
904 3477 1005 3531 ούκ
1040 3477 1270 3548 ᾔδεισαν
1316 3480 1365 3532 οἱ
1402 3481 1763 3552 Σαμαρεῖται,
1797 3482 1826 3534 δ

230 3565 648 3636 προσεκύνουν;
677 3568 799 3622 Ὀτι
836 3568 997 3624 τοῦτο
1042 3571 1140 3641 μὲν
1171 3571 1281 3625 τῶν
1320 3572 1676 3627 ἐνοικούντων
1717 3576 1820 3628 οὐκ

230 3657 438 3727 ὀλίγων
484 3661 549 3714 ἐκ
593 3662 691 3732 τῆς
720 3662 1100 3734 αἰχμαλωσίας
1150 3658 1293 3735 ἦσαν
1320 3663 1430 3718 τῶν
1461 3664 1823 3720 Βαϐυλωνίων

228 3740 655 3821 ἀνακληθέντες,
703 3755 796 3810 καὶ
848 3758 962 3820 τοῖς
1009 3755 1221 3810 ἐκεῖθεν
1271 3755 1420 3811 ἔθεσι
1466 3756 1822 3825 διαϐιοῦντες,

227 3844 334 3897 καὶ
397 3844 498 3916 τὴν
573 3847 973 3919 Ἰσραηλιτικὴν
1029 3847 1341 3903 θεοσέϐειαν
1404 3846 1819 3922 διεφθαρμένοι.

228 3933 413 3989 Τοῦτο
449 3936 507 3991 δὲ
538 3937 600 3992 τὸ
633 3938 837 4009 πλῆθος
890 3939 1072 3994 αὐτῶν
1103 3940 1455 4005 Βαϐυλωνίας
1484 3942 1578 3996 καὶ
1614 3942 1821 4014 Μήδων

226 4028 429 4096 γενεᾶς
456 4029 550 4081 καὶ
571 4028 831 4100 λατρείας
872 4030 1047 4097 ὄντες,
1073 4031 1156 4095 είς
1185 4030 1285 4103 τὴν
1317 4031 1638 4103 Σαμάρειαν
1694 4050 1821 4104 μετ-

226 4119 571 4192 ῳκίσθησαν,
591 4121 790 4176 καὶτὸν
815 4123 965 4193 παρά
992 4123 1265 4187 Ἰουδαίοις
1281 4123 1414 4178 Θεὸν
1435 4124 1625 4197 ῶσπερ
1654 4126 1820 4180 πάλαι

225 4213 364 4276 τοὺς
413 4214 703 4285 πατρῴους
752 4214 1050 4287 ἐπιχώριον
1088 4217 1245 4283 Θεὸν,
1271 4217 1366 4271 καὶ
1397 4217 1559 4289 μόνου
1592 4218 1700 4289 (84)
1724 4218 1819 4272 τοῦ

1930 3104 2077 3160 enim
2106 3104 2199 3159 illa
2227 3103 2667 3173 contristaretur,
2698 3102 2746 3157 sl
2770 3098 3037 3157 'eumdem
3079 3102 3313 3166 cultum,
3355 3117 3518 3173 quem

1931 3213 2034 3253 suo
2067 3197 2145 3255 illi
2175 3195 2423 3269 praeferri
2453 3195 2692 3262 videbat,
2739 3195 2904 3266 paulo
2934 3204 3061 3267 post
3103 3195 3357 3252 similiter
3384 3196 3522 3252 abo—

1929 3291 2154 3346 lendum
2208 3304 2329 3344 esse
2375 3288 2747 3359 intelligeret?
2802 3287 2998 3343 Postea
3047 3304 3180 3344 vero
3230 3291 3521 3360 utriusque

1932 3384 2120 3440 cultus
2174 3382 2539 3439 differentiam
2597 3381 2844 3453 exponit.
2898 3380 3053 3438 tVos
3103 3382 3275 3449 enim,
3319 3382 3521 3455 inquit,

1931 3476 2199 3542 adoratis,
2231 3475 2378 3546 quod
2412 3473 2663 3541 nescitis,
2706 3488 2810 3529 nos
2850 3489 2979 3529 vero
3017 3475 3337 3542 adoramus,
3370 3477 3517 3547 quod

1929 3567 2138 3624 scimus
2156 3568 2222 3622 '°.
2258 3587 2276 3620 ι
2318 3565 2608 3632 Quomodo
2632 3579 2764 3621 vero
2809 3566 3126 3622 nesciebant
3159 3565 3517 3634 Samaritani,

1927 3659 2059 3734 quid
2103 3658 2434 3714 adorarent?
2472 3656 2619 3721 Ideo,
2666 3655 2813 3727 quod
2860 3656 3097 3727 primum
3131 3658 3352 3729 quidem
3403 3673 3515 3714 non

1926 3749 2088 3822 pauci
2122 3749 2428 3805 incolarum
2460 3763 2527 3804 ex
2567 3746 2885 3817 captivitate
2915 3747 3245 3821 Babylonica
3272 3751 3517 3807 revocati

1925 3851 2108 3907 erant,
2164 3841 2260 3912 qui
2310 3840 2562 3897 instituta
2611 3839 2943 3913 Babylonica
2995 3843 3410 3913 adoptaverant,
3461 3853 3519 3898 et

1925 3934 2290 3991 Israeliticum
2350 3932 2448 3989 Dei
2516 3933 2727 3989 cultum
2786 3934 3260 4005 depravaverant;
3319 3938 3519 3995 deinde

1927 4042 2057 4082 vero
2080 4027 2229 4098 quod
2266 4025 2516 4096 plerique
2548 4040 2764 4093 eorum,
2808 4024 3093 4097 Babylonii
3120 4037 3175 4081 et
3206 4026 3369 4091 Medi,
3401 4038 3517 4083 tum

1926 4120 2161 4191 origine,
2185 4130 2300 4174 tum
2335 4117 2613 4189 religione,
2635 4118 2984 4185 exsistentes,
3028 4128 3082 4174 et
3110 4119 3166 4175 in
3206 4118 3515 4176 Samariam

1926 4212 2376 4281 commigrautes,
2418 4208 2589 4264 Deum
2614 4206 2951 4277 Judaeorum,
2994 4224 3106 4266 non
3133 4211 3316 4267 minus
3349 4227 3515 4283 quam

226 4305 421 4368 ἔθνους
432 4306 529 4377 τὴν
546 4308 873 4363 ἐπιστασίαν
894 4309 1059 4379 ἐχειν,
1088 4310 1184 4363 καὶ⁵
1208 4310 1527 4365 δεσποτείαν
1548 4309 1818 4382 ἐνόμιζον.

1932 4308 2057 4363 olim
2077 4304 2285 4377 patrios
2302 4319 2454 4379 suos,
2469 4306 2748 4374 proprium
2770 4304 2878 4359 illis
2893 4319 3034 4372 esse,
3050 4305 3336 4376 gentisque
3350 4306 3516 4376 hujus

224 4396 423 4468 Ταύτῃ
470 4414 553 4450 τοι
596 4399 688 4450 καὶ
726 4399 825 4471 τὴν
862 4399 1118 4473 λατρείαν
1152 4402 1347 4473 ἐκείνῳ
1394 4402 1822 4474 προσφέροντες,

226 4488 358 4541 οὖδέ
383 4490 507 4553 τοὺς
523 4489 784 4561 δαίμονας
816 4491 1143 4563 θεραπεύειν
1169 4495 1487 4564 ἀφίσταντο.
1519 4497 1593 4549 Τὸ
1610 4496 1667 4550 δέ
1694 4498 1827 4550 Ἰου-

223 4580 400 4634 δαίων
448 4580 621 4647 ἔθνος,
658 4584 708 4636 εί
749 4585 844 4639 καὶ
886 4585 961 4656 μὴ
993 4584 1238 4657 σύμπαν,
1271 4587 1386 4641 ἀλλ’
1415 4590 1531 4657 οἵγε
1560 4588 1669 4643 τῶν
1694 4591 1826 4644 Μω-

230 4670 443 4725 σαῖκῶν
467 4674 651 4744 νόμων
683 4674 781 4748 τὴν
812 4677 1037 4749 μνήμην
1069 4680 1191 4732 ἀντὶ
1222 4680 1321 4751 τῆς
1344 4680 1515 4751 λήθης
1546 4684 1823 4755 προτιμή·

230 4779 454 4831 σαντες,
479 4764 685 4837 ταύτης
722 4768 1007 4832 παντελῶς
1024 4769 1437 4843 ἀπηλλαγμένοι
1464 4772 1566 4842 τῆς
1593 4773 1822 4842 ἐναγοῦς

226 4852 377 4929 ἦσαν
421 4858 763 4931 ὑπολήψεως,
795 4862 892 4915 καὶ
938 4861 1129 4934 ὥσπερ
1163 4863 1496 4935 δημιουργὸν
1527 4866 1825 4935 συμπάσης

227 4946 469 5009 κτίσεως
494 4948 637 5003 οῦτω
664 4949 758 5003 καὶ
782 4949 977 5023 ἔφορον
1006 4952 1102 5005 καὶ
1131 4952 1435 5023 προνοητὴν
1460 4952 1825 5024 τὸννλατρευό-

230 5052 405 5107 μενον
460 5036 593 5091 Θεὸν
637 5039 1031 5110 ἐπεγίνωσκον.
1100 5042 1201 5095 Διά
1251 5040 1421 5095 τοῦτον
1470 5042 1569 5113 μέν
1624 5058 1820 5112 φησιν·

231 5144 253 5180 ι
305 5126 498 5197 Ἡμεῖς
520 5131 958 5204 προσκυνοῦμεν,
987 5132 1017 5186 ὃ
1039 5134 1300 5203 οἴδαμεν*
1367 5135 1552 5205 ὑμεῖςτι
1576 5152 1822 5207 προσκυ-

224 5222 395 5285 νεῖτε,
420 5220 450 5274 ὃ
469 5222 575 5276 οὒκ
603 5224 802 5279 οῖδατε.
832 5244 853 5277 ι
881 5226 1355 5298 Προσκυνοῦμεν
1385 5227 1467 5292 δὲ,
1502 5227 1657 5299 φησὶ,
1696 5244 1826 5296 συγ-

227 5312 555 5383 καταλέγων
570 5316 765 5371 ἑαυτὸν
788 5320 904 5383 τοῖς
938 5319 1253 5384 Ἰουδαίοις·Δ
1265 5318 1418 5375 οὔπω
1430 5320 1539 5394 γὰρ
1556 5321 1824 5391 ἐναστρά-

1924 4397 2089 4453 unius
2102 4411 2293 4451 curam
2311 4409 2495 4465 agere,
2511 4394 2700 4464 illique
2714 4395 2987 4464 imperare
2998 4395 3333 4462 statuebant,
3350 4404 3516 4466 atque

1925 4492 2030 4546 hoc
2066 4488 2288 4543 nomine
2309 4496 2363 4541 et
2391 4486 2469 4541 illi
2500 4486 2709 4541 cultum
2738 4486 3094 4555 praestabant,
3127 4496 3182 4541 et
3207 4501 3237 4540 a
3266 4487 3514 4542 colendis

1923 4578 2265 4635 daemonibus
2304 4576 2423 4633 suis
2471 4592 2582 4630 non
2619 4577 2991 4632 abstinebant.
3042 4576 3128 4631 Ah
3180 4577 3352 4633 altera
3383 4594 3514 4633 vero

1922 4679 2077 4741 parte
2122 4684 2254 4741 gens
2284 4666 2621 4735 Iudaeorum,
2673 4668 2719 4724 si
2771 4684 2879 4724 non
2917 4669 3119 4735 omnis,
3160 4671 3353 4726 saltem
3410 4671 3512 4737 illi,

1925 4764 2019 4835 qui
2058 4763 2236 4831 legum
2268 4760 2634 4817 Mosaicarutn
2674 4761 2992 4817 memoriam
3031 4761 3292 4818 oblivioni
3319 4764 3515 4835 praete.

1926 4856 2141 4921 rebant,
2197 4870 2225 4907 a
2270 4852 2589 4909 detestanda
2626 4853 2729 4909 hac
2778 4854 3039 4925 opinione
3076 4856 3298 4927 penitus
3354 4870 3511 4912 erant

1926 4948 2223 5013 immunes,
2274 4944 2574 5016 Deamque,
2623 4961 2787 5017 quem
2828 4946 3103 5014 colebant,
3150 4957 3209 5005 ut
3260 4950 3508 5004 omnium

1932 5052 2119 5095 reretn
2163 5034 2531 5102 conditorem,
2562 5038 2634 5092 ita
2668 5038 2829 5093 etiam
2877 5038 3242 5109 inspectorem
3275 5049 3331 5097 et
3358 5057 3512 5097 cura-

1926 5141 2106 5188 torem
2152 5144 2297 5194 esse,
2345 5130 2741 5200 agnoscebant.
2782 5127 2910 5185 Ideo
2953 5130 3070 5187 ait:
3102 5151 3121 5185 ι
3154 5129 3266 5188 Nos
3313 5133 3511 5189 adora-

1929 5243 2071 5292 mus,
2094 5226 2241 5297 quod
2259 5226 2545 5292 novimus;
2568 5241 2665 5282 vos
2681 5224 2945 5294 adoratis,
2971 5226 3116 5297 quod
3140 5241 3246 5283 non
3264 5226 3458 5283 nostis.
3485 5246 3504 5280 ι

1927 5320 2261 5387 Adoramus,
2314 5320 2525 5391 inquit,
2572 5318 2774 5378 Iudaeis
2831 5336 2890 5378 se
2936 5336 3237 5382 accettsens
3277 5339 3293 5379 :
3331 5336 3510 5393 neque

302 5429 535 5488 "Joan.
572 5448 645 5499 tv,
681 5434 771 5489 25.
864 5436 910 5468 ⁸⁸
935 5437 1067 5494 ibid.
1099 5438 1193 5495 9!.
1270 5442 1314 5474 “'
1350 5439 1481 5497 ibid.
1519 5441 1607 5499 l9.
1673 5440 1874 5498 "ibid.
1910 5438 2000 5495 ‘22.

1763 5559 2003 5617 ΝΟΤιΕ.

305 5638 419 5721 (ξε)
450 5642 618 5721 (ξριδο,
638 5659 737 5721 pro
767 5646 1041 5721 ιεαιροεν.

305 5710 419 5781 (33)
458 5708 581 5787 Οἷα,
604 5708 774 5787 idem,
800 5708 906 5791 pro
943 5715 1048 5786 οἷς.

1994 5656 2107 5726 (8i)
2137 5655 2297 5714 Colb.
2327 5656 2521 5730 μόνον.
