3884 6202
391 226 492 288 463
512 221 517 225 ’

1546 236 1817 298 ΡΗΟΤΙΙ
1858 237 2373 298 PATRIARCIUE
2393 236 2501 298 (ΖΡ.

3571 231 3685 294 ὅθί

388 343 531 395 enim
574 347 703 394 tunc
737 355 927 395 omnes
958 339 1175 397 deitatis
1217 357 1333 399 sum
1360 344 1541 400 radios
1574 347 1627 399 in
1662 346 1788 402 illos
1820 360 1974 417 sparc

2097 363 2234 399 ττειν
2258 345 2439 409 πάσας
2463 344 2614 414 ἠφίει
2634 343 2735 414 τῆς
2757 342 2816 395 ἐν
2844 342 2995 413 αύτῷ
3017 341 3269 412 θεότητος
3291 342 3391 408 τὰς
3420 343 3682 409 ἀκτῖνας.

387 438 564 506 gebat.
620 435 907 505 Propterea
962 447 1017 492 et
1062 453 1258 508 aquam
1300 440 1597 509 poscebat,
1654 450 1710 494 et
1761 440 1976 497 itineris

391 530 672 584 molestias
726 531 977 593 subibat,
1038 530 1600 602 defatigationemque
1646 547 1713 586 ex
1781 532 1977 587 itinere

392 635 573 678 natam
601 625 789 688 humo,
820 632 1078 692 tanquam
1115 626 1316 678 throno
1350 634 1547 695 sponte
1585 616 1729 692 n'ato,
1762 626 1977 683 solaba-

392 729 501 771 tur.
543 716 768 771 Accedit
816 716 1184 783 etiam,quod
1238 716 1522 770 mulierem
1573 716 1974 781 alloquebatur,

390 822 513 878 quae
556 806 930 862 sublimiorem
974 808 1041 860 de
1076 808 1194 875 ipso
1238 808 1551 876 opinionem
1594 808 1976 877 adoptaverat,

388 918 514 957 eum
556 917 619 956 ex
669 900 1056 972 prophetarum
1088 916 1320 956 numero
1356 916 1499 965 esse,
1547 910 1601 955 et
1633 901 1974 964 .ludzeorum,

391 995 609 1065 Dcoque
648 1010 759 1064 prae
802 994 1012 1049 caeteris
1048 994 1276 1049 charum
1314 1003 1369 1048 et
1412 995 1747 1049 sanctiorem
1786 994 1978 1049 existi-

390 1102 565 1140 mans.
602 1084 893 1155 Propterea
924 1086 1003 1139 ait
1029 1101 1041 1137 :
1070 1084 1383 1136 adoramus.

460 1174 554 1231 Sic
604 1175 790 1244 itaque
838 1175 1013 1244 prima
1057 1174 1365 1228 differentia
1418 1184 1536 1228 erat
1578 1178 1850 1245 exposita,
1883 1191 1977 1245 per

387 1284 551 1338 quam
594 1269 775 1323 cultus
814 1266 1079 1321 Judaicus
1110 1267 1205 1320 illo
1236 1266 1709 1322 Samaritenorum
1750 1280 1977 1339 praesta-

390 1361 503 1414 bal.
550 1356 685 1424 Qua:
738 1371 871 1412 vero
926 1369 1011 1412 est
1072 1357 1286 1411 altera?
1350 1376 1367 1407 ι
1405 1355 1588 1420 Salus,
1650 1359 1851 1429 inquit,
1910 1376 1977 1416 ex

387 1451 590 1506 ludatis
630 1458 779 1504 nata.
820 1469 838 1501 ι
884 1448 1173 1515 Quomodo
1204 1465 1333 1504 vero
1358 1450 1505 1505 salus
1532 1460 1615 1504 est
1645 1466 1709 1504 ex
1734 1448 1977 1507 Judteis?

388 1541 525 1594 Num
550 1540 783 1595 fortasse
809 1540 954 1602 ideo.
978 1540 1125 1610 quod
1151 1556 1272 1594 cum
1302 1555 1472 1611 genus
1498 1540 1784 1595 hominum
1814 1556 1977 1597 omne

387 1633 652 1703 profanus
678 1634 864 1688 cultus
887 1633 1187 1688 obnoxium
1219 1634 1322 1688 sibi
1358 1634 1603 1700 haberet,
1637 1634 1755 1689 veri
1785 1632 1976 1689 Numi-

2078 437 2169 491 Διὸ
2189 440 2285 493 uati.
2320 435 2464 507 ὕδωρ
2492 436 2636 489 πιεῖν
2658 434 2934 501 ἐπεζήτει,
2969 433 3067 487 καὶ
3097 434 3266 489 κόπον
3301 434 3541 507 βαδίζων
3582 436 3687 505 usp-

2080 531 2297 595 ίστατο,
2352 528 2561 583 καὶτὸν
2586 527 2756 582 κόπον
2814 526 2915 597 τῆς
2969 526 3282 598 ὁδοιπορίας
3340 528 3687 597 αὐτοσχεδίῳ

2078 620 2253 689 θρόνῳ
2282 616 2360 689 τῷ
2411 619 2601 689 ἐδάφει
2629 617 2891 673 διελύετο.
2938 617 3152 681 Ἀλλως
3189 636 3249 671 τε
3282 620 3379 673 κα)⁸
3409 621 3550 690 πρὸς
3579 638 3685 690 γυ-

2078 715 2238 766 ναῖκα
2293 712 2592 781 διελέγετο,
2621 710 2930 781 σεϐασμίαν
2964 711 3065 782 μὲν
3096 712 3372 767 λαῦοὖσαν
3404 714 3686 785 ὑπόληψιν

2078 806 2209 874 περὶ
2238 803 2427 870 αὐτοῦ,
2463 804 2540 868 ὡς
2580 803 2677 858 ἕνα
2711 803 2900 874 μέντοι
2926 821 2991 872 γε
3036 804 3148 858 τῶν
3184 806 3485 876 προφητῶν
3525 808 3686 876 ὅμως

2078 898 2242 952 αὐτὸν
2302 897 2617 969 ἡγουμένην
2652 898 2748 951 καὶ
2780 897 2857 961 ὼς
2892 898 3168 965 Ἰουδαῖον,
3203 899 3299 953 καὶ
3330 899 3687 967 θεοφιλέστε-

2082 990 2172 1061 ρόν
2200 1007 2259 1043 τε
2287 989 2395 1043 τῶν
2421 989 2598 1043 ἄλλων
2626 989 2723 1043 καὶ
2754 990 3268 1062 ἀγιοπρεπέστερον
3302 992 3685 1064 διακείμενον.

2080 1080 2177 1133 Διὰ
2205 1080 2366 1136 τοῦτο
2387 1081 2479 1135 οὖν
2508 1081 2588 1149 τὸ,
2625 1083 3116 1152 προσκυνοῦμεν,
3143 1086 3385 1156 είρηται.

2164 1173 2303 1231 Ἀλλ’
2360 1174 2574 1245 εἴρηται
2633 1176 2731 1245 μὲν
2782 1177 2815 1245 ἡ
2876 1176 2975 1247 μία
3025 1176 3301 1247 διαφορὰ,
3360 1177 3481 1230 καθ’
3510 1179 3580 1248 ἦν
3616 1178 3687 1230 τὸ

2092 1264 2341 1319 Ἰουδαῖον
2366 1264 2530 1329 σέϐας
2560 1266 2658 1336 τῆς
2671 1265 2779 1319 τῶν
2802 1266 3158 1337 Σαμαρειτῶν
3178 1266 3479 1339 θρησκείας
3505 1269 3685 1340 ὑπερ-

2079 1362 2243 1429 εῖχεν.
2302 1358 2367 1411 Ἦ
2411 1360 2467 1412 δὲ
2508 1359 2674 1427 ἑτέρα
2730 1360 2850 1425 τίς;
2903 1378 2922 1411 ι
2968 1360 3034 1413 Ἦ
3070 1361 3333 1433 σωτηρία,
3384 1362 3575 1431 φησὶν,
3614 1364 3687 1415 ἐκ

2078 1450 2186 1503 τῶν
2226 1450 2515 1505 Ἰουδαίων.
2544 1470 2564 1503 ›
2589 1451 2713 1515 Πῶς
2730 1450 2784 1504 δέ
2812 1452 3275 1523 ἐστινήσωτηρία
3303 1454 3367 1505 ἐκ
3395 1454 3510 1506 τῶν
3541 1453 3688 1506 Ἴου-

2051 1543 2274 1607 .δαίων,
2306 1542 2498 1613 ἦδιότι
2564 1542 2845 1613 πανταχοῦ
2893 1544 2992 1613 τῆς
3034 1544 3143 1597 τῶν
3170 1544 3409 1600 είδώλων
3456 1545 3684 1615 πλάνης

2077 1636 2138 1687 τὸ
2166 1635 2320 1703 γένος
2368 1637 2793 1706 ἐπινεμομένης,
2832 1636 3042 1690 ἐκεῖθεν
3086 1635 3295 1707 ηύγασε
3324 1640 3438 1702 τοῖς
3494 1638 3690 1701 ἄλλοις

390 1732 475 1784 uis
525 1728 765 1797 cognitio
807 1728 934 1781 inde
982 1728 1047 1781 ad
1101 1727 1240 1783 alios
1296 1727 1549 1783 homines
1602 1728 1812 1798 perlata
1853 1737 1974 1795 est;

2097 1727 2387 1801 ίνθρώποις
2417 1730 2451 1799 ὴ
2476 1729 2802 1798 θεογνωσία,
2829 1731 2924 1783 καὶ
2953 1729 3087 1783 διότι
3113 1730 3249 1783 αὐτὸ
3266 1730 3326 1783 τὸ
3340 1731 3479 1795 ὅλως
3505 1748 3690 1802 προσ-

388 1820 644 1891 quodque
681 1818 883 1875 Judteis
919 1820 1242 1885 debebatur,
1292 1820 1439 1888 quod
1477 1820 1765 1875 Samaritae
1802 1819 1975 1875 Deum

388 1913 761 1983 qualicunque
801 1911 964 1965 modo
1001 1912 1292 1965 colebant?
1342 1914 1413 1965 At
1464 1911 1745 1967 enimvero
1802 1913 1977 1968 satius

392 2001 577 2070 luerit,
609 2004 867 2069 salutem,
898 2017 963 2057 ex
993 2002 1197 2060 ludatis
1236 2013 1438 2066 ortam,
1467 2004 1535 2058 de
1570 2004 1743 2074 ipsius
1772 2004 1976 2059 Christi

389 2098 651 2159 adventu,
691 2096 941 2164 factaque
988 2110 1083 2164 per
1126 2112 1251 2147 eum
1285 2098 1462 2166 gentis
1498 2097 1753 2152 humana!
1789 2114 1817 2152 a
1862 2098 1977 2168 pri-

352 2186 353 2189 “
390 2190 536 2243 stino
571 2188 725 2257 lapsu
771 2188 1114 2252 liberatione,
1152 2198 1205 2241 et
1255 2189 1679 2255 instauratione,
1722 2191 1977 2246 inimico-

391 2297 510 2334 rum
540 2280 755 2335 insidiis
775 2292 824 2335 et
851 2281 1061 2334 artibus
1082 2297 1357 2350 nunquam
1386 2283 1585 2336 iterum
1621 2285 1973 2355 subripienda

390 2366 446 2427 e't
492 2373 832 2439 temeranda,
883 2373 1250 2440 interpretari.
1315 2373 1470 2440 Quod
1537 2392 1665 2429 vero
1719 2378 1969 2434 dicitur:

400 2485 417 2515 ι
453 2463 617 2521 Venit
655 2466 810 2531 hora,
842 2474 895 2517 et
916 2465 1030 2533 jam
1064 2474 1182 2531 est;
1216 2484 1233 2514 ι
1266 2464 1318 2519 id
1351 2466 1570 2534 quidem
1602 2468 1826 2533 indicat,
1859 2486 1973 2525 rem

395 2560 569 2627 ipsam
631 2558 860 2612 omnino
899 2568 952 2611 et
994 2557 1140 2612 brevi
1176 2559 1393 2627 quidem
1456 2575 1577 2615 esse
1628 2572 1971 2616 eventuram.

393 2650 797 2721 Prophetarum
845 2652 1061 2717 quidem
1095 2653 1338 2719 oracula,
1376 2654 1584 2721 inquit,
1616 2654 1802 2722 aliquo
1835 2666 1972 2709 tem-

396 2758 522 2811 pore
548 2753 672 2812 post
701 2751 957 2795 eventum
1002 2744 1398 2809 sortiebantur,
1442 2746 1490 2799 id
1536 2762 1686 2808 vero,
1724 2749 1867 2816 quod
1906 2747 1975 2803 de

396 2848 482 2888 me
503 2832 710 2888 dictum
742 2841 846 2897 est,
875 2832 989 2902 jam
1035 2832 1089 2891 in
1126 2843 1383 2906 promptu
1416 2845 1523 2899 est,
1573 2849 1627 2892 et
1657 2854 1821 2907 opere
1852 2842 1974 2909 ipso

394 2926 769 2981 testimonium
799 2927 1020 2996 praebet.

673 3037 1000 3106 QUIESTIO
1040 3041 1229 3109 LXXV
1267 3042 1366 3116 [αί.
1406 3042 1663 3115 LXXIV].

397 3134 675 3199 Quomodo
747 3134 961 3187 dicatur
1045 3152 1155 3189 esse
1233 3135 1375 3191 Deus
1410 3137 1466 3189 in
1543 3138 1685 3189 omni
1742 3155 1795 3191 re
1840 3178 1853 3202 ,
1932 3150 1982 3192 et

463 3206 723 3279 quomodo
749 3205 968 3259 dissolvi
995 3209 1194 3279 possint
1236 3207 1615 3273 dubitationes,
1648 3225 1764 3276 qua:
1795 3228 1825 3261 ιι
1859 3212 1977 3279 qui-

466 3275 692 3328 busdam
721 3286 908 3329 contra
935 3283 1030 3330 hoc
1068 3278 1416 3345 objiciuntur.

2080 1824 2264 1877 κυνεῖν
2298 1822 2424 1885 τοὺς
2456 1820 2804 1892 Σαμαρείτας
2828 1822 2918 1874 τὸν
2944 1820 3078 1876 Θεὸν
3121 1822 3229 1876 ἀπὸ
3258 1822 3367 1875 τῶν
3405 1822 3691 1877 Ἰουδαίων

2079 1912 2253 1984 ἀρχὴν
2300 1912 2482 1982 laxi-2v;
2513 1910 2733 1965 Μᾶλλον
2784 1911 2844 1965 δὲ
2896 1910 3175 1981 σωτηρίαν
3230 1911 3338 1964 ἀπὸ
3398 1913 3510 1965 τῶν
3544 1912 3692 1965 Ἰού·-

2078 2006 2242 2060 δαίων
2271 2004 2642 2076 προελθοῦσαν
2678 2004 2828 2060 ἐστιν
2854 2007 3061 2059 ἐννοεῖν
3102 2005 3203 2076 τὴν
3230 2004 3397 2061 αὐτοῦ
3422 2004 3518 2058 τοῦ
3537 2006 3687 2075 Χριο

2081 2099 2207 2152 ατοῦ
2230 2100 2557 2170 παρουσίαν,
2589 2100 2683 2153 καὶ
2726 2099 2825 2170 τὴν
2856 2099 2925 2153 δι’
2967 2097 3134 2152 αὑτοῦ
3168 2098 3555 2169 γεγενημένην
3580 2097 3690 2151 τοῦ

2079 2194 2269 2263 γένους
2294 2192 2593 2263 ἀνάκλησίν
2618 2210 2679 2245 τε
2708 2191 2804 2245 τοῦ
2843 2189 3080 2245 παλαιοῦ
3111 2189 3432 2261 πτώματος,
3458 2190 3555 2244 καὶ
3578 2190 3695 2261 τὴν

2081 2287 2279 2358 μηκέτι
2321 2286 2833 2357 κλεπτομένην,καὶ
2880 2282 3410 2355 παραφθειρομένην
3462 2283 3693 2353 ἐχθρῶν

2078 2382 2391 2445 ἐπιϐουλαῖς
2438 2382 2529 2435 καὶ
2575 2379 2895 2449 βασκανὶαις
2948 2378 3422 2432 ἀποκατάστασιν.
3477 2377 3554 2430 Τὸ
3587 2376 3683 2429 δέ’

2083 2494 2102 2527 ι
2150 2475 2407 2547 Ἔρχεται
2440 2472 2579 2545 ὥρα,
2611 2472 2707 2525 καὶ
2742 2471 2837 2525 νῦν
2870 2472 3041 2536 ἐστιν,
3080 2490 3099 2521 ι
3128 2469 3189 2522 τὸ
3220 2470 3438 2530 πάντως
3467 2466 3561 2521 καὶ
3584 2467 3691 2519 διὰ

2076 2567 2284 2638 ταχέων
2321 2566 2585 2635 ἑπόμενον
2627 2563 2839 2635 μηνύει.
2862 2564 2937 2617 Οὒ
2966 2563 3095 2633 γὰρ,
3133 2562 3326 2630 ὥσπερ
3360 2562 3410 2612 οἱ
3442 2576 3679 2632 προφη-

2076 2661 2217 2713 τικοὶ
2242 2659 2480 2730 χρησμοὶ
2510 2657 2686 2729 χρόνῳ
2719 2656 2942 2727 ὕστερον
2985 2653 3178 2708 ἔλαϐον
3232 2654 3292 2706 τὸ
3328 2652 3528 2722 πέρας,
3555 2648 3689 2703 ἀλλ’

2075 2755 2105 2806 ό
2134 2752 2263 2824 περ)⁸
2296 2750 2428 2821 ἐμοῦ
2457 2749 2644 2820 ῥηθεὶς
2674 2749 2830 2818 λόγος
2862 2748 2962 2819 ἤδη
2995 2748 3284 2817 πάρεστιν,
3309 2745 3411 2815 ἤδη
3440 2744 3679 2813 ἐνέστη-

2077 2862 2173 2899 κεν
2192 2844 2290 2914 τὴν
2317 2842 2426 2896 ἀπὸ
2455 2842 2561 2895 τῶν
2594 2842 2772 2911 ἔργων
2810 2840 3150 2909 ἐπαγόμενος
3181 2836 3524 2908 μαρτυρίαν.

2232 3088 2237 3093 ,
2631 3036 2963 3093 ΕΡΩΤΗΣΙΣ
3002 3035 3123 3089 ΟΕ’.

2084 3133 2209 3199 Πῶς
2264 3132 2502 3199 λέγεται
2548 3129 2613 3182 τὸ
2644 3127 2813 3181 Θεῗον
2863 3121 3017 3199 εἶναι
3187 3123 3272 3199 τῷ
3316 3118 3543 3199 παντός
3580 3120 3685 3174 καί

2157 3192 2284 3269 πῶς
2327 3192 2527 3256 ἔνεστι
2597 3199 2875 3255 διαλύειν
2925 3195 2963 3250 ἃ
3016 3194 3179 3269 πρὸς-
3220 3192 3333 3261 τὴν
3366 3192 3690 3269 Δὑπόθεσιν

2155 3261 2381 3396 evertitur
2448 3274 2584 3340 παρ’
2631 3271 2814 3323 ἐνίων
2881 3263 3292 3337 προκομίζεται
3356 3261 3690 3330 διαπορού-

2150 3366 2194 3415 μ
2233 3363 2349 3407 να;

1446 3457 1588 3508 Edita
1618 3474 1645 3508 a
1679 3460 1824 3522 Maio,
1855 3460 1977 3511 Nov.
2004 3462 2153 3522 Coll.,
2192 3469 2229 3510 t.
2258 3460 2339 3521 1X,
2366 3474 2417 3523 p.
2452 3458 2621 3507 95-93.

458 3564 514 3618 In
574 3562 763 3618 multis
849 3578 971 3630 quae
1050 3564 1117 3619 de
1176 3564 1283 3620 Deo
1370 3567 1838 3637 contemplamur,
1913 3584 1981 3623 ne

394 3657 578 3711 omnia
607 3656 806 3721 dicam,
836 3672 941 3712 non
969 3656 1168 3725 solum,
1191 3659 1285 3728 qui
1317 3661 1594 3730 mysteriis
1628 3662 1845 3729 pietatis
1875 3646 2013 3716 non,

396 3750 615 3805 fuerunt
648 3751 867 3817 initiati,
897 3751 1149 3821 quamvis
1181 3752 1299 3807 acie
1324 3755 1523 3809 mentis
1578 3764 1634 3808 et
1674 3754 1987 3824 cognitione

398 3857 582 3896 rerum
620 3858 1005 3912 corporearum
1055 3844 1374 3902 hominibus
1412 3848 1497 3901 sui
1524 3848 1735 3904 ordinis
1768 3850 1983 3917 praesti-

398 3937 593 3991 tissent
646 3937 851 4005 quique
910 3946 1151 3991 nostram
1218 3938 1611 4009 ignoraverunt
1670 3940 1780 3993 vim
1851 3954 1985 3994 con-

402 4025 699 4096 templandi
738 4024 1100 4081 inﬁrmiorem
1128 4042 1271 4091 esse,
1306 4044 1473 4098 quam
1522 4038 1591 4095 ut,
1625 4029 1980 4099 intelligentia

398 4117 867 4188 comprehendere
930 4120 1019 4173 illa
1066 4120 1333 4190 possint,
1429 4121 1764 4191 experientia
1830 4137 1977 4177 com-

404 4210 743 4279 probarunt;
794 4211 886 4267 sed
916 4220 970 4266 et
997 4212 1312 4281 quicunque
1343 4221 1566 4281 propter
1596 4212 1839 4267 studium
1875 4214 1989 4283 pie-

402 4305 531 4360 tatis
558 4312 615 4359 et
645 4305 812 4359 vitam
844 4320 1036 4375 puram
1069 4305 1427 4375 profundiora
1461 4318 1857 4376 cognoverunt,
1888 4322 1990 4361 nec
2020 4294 2065 4351 Ι)

404 4401 488 4456 his
516 4397 737 4470 quidem
795 4399 1037 4455 inventio
1066 4414 1250 4453 rerum
1292 4399 1605 4456 divinarum
1656 4399 1831 4454 facilis
1874 4414 1996 4456 esse

402 4490 560 4554 sola,
659 4491 789 4561 quid
844 4492 965 4545 dico
1065 4489 1471 4544 inventionem?
1551 4491 1821 4560 siquidem
1898 4506 1996 4545 nec

403 4578 520 4650 ipsa
571 4583 842 4637 scrutatio
898 4596 1035 4652 pure
1082 4595 1272 4636 eorum
1340 4590 1576 4636 mentem
1627 4581 1808 4637 allicit.
1870 4581 1996 4637 llaec

402 4685 589 4731 autem
620 4677 850 4747 quaestio
902 4684 1162 4745 tanquam
1199 4673 1427 4728 omnino
1458 4675 1632 4745 magis
1687 4674 1989 4740 recondita,

403 4781 457 4826 et
499 4785 621 4841 qua:
650 4780 889 4825 mentem
926 4769 1274 4824 curiosorum
1330 4768 1567 4835 excellit,
1617 4770 1883 4831 studium,
1935 4778 1994 4824 ut

406 4865 761 4935 intelligatur,
788 4863 1069 4933 postulat;
1101 4879 1205 4918 non
1235 4863 1421 4933 igitur,
1450 4878 1572 4932 qua:
1608 4863 1880 4930 dicentur,
1913 4862 1993 4918 sic

405 4954 597 5010 audire
625 4962 858 5023 oportet,
905 4954 1063 5023 quasi
1097 4954 1339 5009 limatius
1402 4968 1514 5006 rem
1559 4953 1991 5022 comprehende-

407 5051 602 5112 rimus,
655 5055 708 5100 et
743 5047 876 5101 nihil
926 5047 1162 5117 amplius
1216 5048 1285 5101 ad
1338 5048 1782 5117 cognoscendum
1816 5046 1884 5101 de
1927 5061 1989 5101 ea

405 5139 652 5193 relictum
684 5154 712 5192 ιι
743 5138 900 5195 nobis
930 5140 1019 5206 sit,
1042 5210 1047 5217 _
1072 5141 1164 5195 sed
1223 5139 1485 5194 benevole
1534 5140 1724 5195 audire
1754 5146 1989 5209 oportet,

403 5242 456 5287 et
542 5232 794 5302 amplecti
883 5243 1149 5304 quantum
1240 5233 1496 5288 humanis
1560 5232 1991 5304 cogitationibus

402 5345 487 5391 ea,
523 5342 646 5397 quae
684 5328 975 5382 humanam
1006 5329 1255 5384 notitiam
1290 5336 1571 5398 superant,
1600 5330 1822 5398 assequi
1858 5342 1989 5398 pos-

404 5419 616 5474 sumus.
944 5434 947 5441 ‘
1586 5408 1591 5415 ’

487 5512 544 5566 In
603 5514 748 5567 omni
815 5522 898 5567 est
955 5513 1099 5569 Deus
1186 5514 1352 5583 (quod
1395 5513 1493 5569 tibi
1572 5514 1625 5567 in
1685 5512 1989 5583 quaestione

406 5623 549 5664 nunc
611 5610 845 5678 positum
914 5610 1017 5677 es')
1085 5620 1346 5679 tanquam
1406 5608 1541 5663 nihil
1600 5624 1788 5663 eorum
1861 5623 1987 5678 qut!

403 5713 549 5756 sunt.
580 5701 635 5756 Si
670 5702 816 5757 enim
852 5712 991 5757 esset
1018 5718 1186 5756 uuutn
1218 5718 1284 5757 cx
1329 5700 1414 5768 iis,
1443 5715 1563 5771 qu;e
1598 5709 1746 5766 sunt,
1782 5699 1873 5769 qui
1903 5708 1988 5756 est

2164 3567 2341 3621 Πολλὰ
2370 3565 2477 3620 τῶν
2511 3564 2671 3636 ίερῶν
2715 3562 2843 3631 περὶ
2868 3557 3005 3614 Θεοῦ
3053 3556 3454 3630 θεωρημάτων,
3486 3555 3577 3610 ἵνα
3607 3558 3688 3629 μὴ

2092 3661 2270 3715 πάντα
2294 3659 2460 3728 λέγω.
2486 3657 2548 3712 οὐ
2583 3656 2742 3728 μόνον
2772 3655 2874 3708 ὅσα
2900 3653 3013 3715 τοῖς
3042 3655 3139 3722 τῆς
3169 3649 3453 3712 εὐσεϐείας
3476 3649 3689 3721 ὀργίοις

2092 3754 2193 3808 οὐκ
2220 3750 2580 3819 ἐτελέσθησαν
2612 3750 2717 3802 κάν
2746 3745 2825 3819 τῷ
2851 3747 2951 3816 τῆς
2980 3744 3221 3805 διανοίας
3249 3744 3445 3813 κράτει
3491 3741 3591 3795 καὶ
3620 3744 3689 3811 τῇ

2092 3847 2199 3902 τῶν
2237 3844 2439 3899 ἐνύκων
2467 3842 2667 3912 γνώσει
2697 3840 2806 3894 τῶν
2837 3836 3127 3910 ὁμοταγῶν
3162 3837 3219 3889 ἐν
3250 3835 3329 3904 τῷ
3354 3837 3583 3906 κρατεῖν
3613 3833 3691 3887 δι-

2092 3940 2432 4010 ενηνόχασιν,
2461 3936 2583 4007 οὐχι¹
2608 3935 2813 3988 τούτων
2840 3933 2998 4005 μόνον
3021 3931 3120 4002 τὴν
3145 3930 3251 3995 ἐξω
3274 3927 3369 3982 τοῦ
3395 3927 3519 3981 καθ’
3539 3928 3689 3997 ἡμᾶς

2092 4031 2252 4100 λόγου
2297 4031 2396 4101 τὴν
2445 4026 2787 4099 θεωρητικὴν
2828 4025 2981 4095 ἰσχὺν
3024 4020 3422 4091 ἀσθενεστέρας
3463 4019 3565 4089 τῆς
3606 4020 3686 4071 oio

2095 4122 2249 4185 κείας
2288 4120 2661 4189 καταλείψεως
2709 4120 2777 4189 τῇ
2819 4116 2986 4187 πείρᾳ.
3025 4111 3348 4182 διήλεγξαν·
3400 4109 3541 4165 ἀλλὰ
3591 4108 3686 4161 καὶ

2096 4216 2253 4279 ὅσους
2284 4216 2313 4267 ὁ
2349 4214 2447 4283 τῆς
2476 4212 2757 4274 εὐσεϐείας
2789 4210 2944 4277 λόγος
2978 4207 3072 4261 καὶ
3101 4208 3133 4276 ή
3164 4205 3258 4259 τοῦ
3294 4204 3410 4276 βίου
3441 4202 3687 4273 καθαρό-

2096 4324 2195 4375 της
2217 4306 2318 4375 τῆς
2343 4302 2717 4375 ἐπιγνώμονος
2746 4301 2853 4355 τῶν
2880 4299 3195 4372 βαθυτέρων
3224 4299 3396 4362 ἔθετο,
3422 4298 3547 4350 οὐδὲ
3569 4294 3687 4349 τού-

2098 4416 2206 4452 των
2240 4401 2272 4468 ἡ
2322 4396 2760 4469 τῶνιθειοτέρων
2802 4392 3018 4464 εὕρεσις
3064 4394 3129 4445 ἐκ
3167 4390 3262 4445 τοῦ
3307 4391 3509 4462 ῥᾴστου
3544 4389 3688 4456 φιλεῖ

2100 4490 2498 4562 παραγίνεσθαι
2524 4506 2538 4520 υ
2568 4490 2661 4542 καὶ
2688 4489 2741 4541 τί
2769 4488 2913 4557 λέγω
2941 4486 3192 4555 εὖρεσις’,
3218 4486 3420 4552 ὃπουγε
3451 4481 3562 4536 οὐδ’
3587 4481 3683 4533 αὖ·-

2098 4584 2166 4654 τὴ
2201 4582 2458 4654 καθαρῶς
2485 4583 2579 4635 καὶ
2612 4580 2753 4635 κατὰ
2802 4579 2960 4648 λόγον
3003 4579 3185 4640 αὐτοῖς
3216 4578 3250 4645 ἡ
3281 4577 3479 4648 ἔρευνα
3510 4573 3683 4628 διατί-

2099 4673 2275 4737 θεται;
2308 4673 2346 4724 Γ
2349 4670 2713 4743 λαφυρωτέρα
2736 4668 2793 4723 δὲ
2827 4668 2903 4731 ὡς
2933 4667 3136 4719 ἐπίπαν
3172 4667 3265 4719 καὶ
3286 4665 3426 4735 αὓτη
3455 4664 3557 4734 τῆς
3579 4662 3683 4714 τῶν

2099 4762 2700 4835 πολυπραγμονούντων
2734 4760 2973 4824 διανοίας
3002 4757 3436 4831 ὑπεριδρυμένη,
3475 4754 3681 4825 φιλοτι-

2100 4857 2282 4926 μεῖται
2330 4852 2825 4923 ἐπιγινώσκεσθαιθ
2872 4848 3069 4903 οΰκουν
3131 4849 3239 4901 τῶν
3294 4846 3684 4917 ῥηθησομένων

2097 4948 2380 5015 ἐξακούειν
2452 4948 2533 5001 δεῖ
2599 4945 2776 5010 οὕτως
2820 4945 2896 5009 ὡς
2946 4946 3006 5000 τὸ
3072 4944 3471 5015 ἀκριϐέστερον
3510 4956 3683 4994 κατει-

2099 5046 2346 5116 ληφότων
2374 5085 2389 5110 ,
2448 5045 2544 5097 καὶ
2598 5042 2765 5114 μηδὲν
2813 5041 2977 5096 πλέον
3030 5042 3109 5104 είς
3163 5039 3262 5109 τὴν
3319 5035 3413 5091 τοῦ
3460 5052 3683 5105 προκει-

2099 5138 2263 5209 μένου
2322 5136 2523 5205 γνῶσιν
2558 5133 3036 5204 ὑπολειπομένων
3095 5130 3211 5184 ἀλλ’
3243 5130 3320 5193 ὡς
3362 5125 3473 5183 οἷόν
3519 5143 3581 5178 τε
3618 5124 3683 5176 τὰ

2096 5230 2331 5300 κρείττω
2356 5230 2454 5299 τῆς
2479 5226 2830 5299 ἀνθρωπίνης
2858 5224 3149 5294 ἐπιϐουλῆς
3184 5224 3453 5287 ἐπινοίαις
3475 5223 3679 5293 ἀνθρω-

2096 5321 2280 5385 πίναις
2316 5319 2673 5383 πανευλαόῶς
2702 5318 2800 5373 καὶ
2830 5320 2928 5372 σὺν
2963 5318 3176 5388 ἀγωνίᾳ
3223 5318 3492 5389 μενόντων
3524 5317 3683 5386 εὐμε-

2094 5415 2203 5480 νῶς
2228 5414 2451 5471 ἀκούειν
2481 5414 2577 5468 καὶ
2604 5412 2990 5483 ἀποδέχεσθαι.

2179 5508 2270 5561 Ἐν
2313 5508 2393 5579 τῷ
2441 5506 2606 5562 παντὶ
2652 5505 2945 5578 τοιγαροῦν
3003 5504 3064 5558 τὸ
3117 5504 3274 5557 Θεῖόν
3322 5504 3489 5565 ἐστιν,
3546 5500 3679 5567 ὅπερ

2095 5605 2172 5667 εἰς
2207 5602 2505 5672 συζήτησιν
2560 5599 2829 5670 προετέθη
2884 5616 2987 5665 σοι,
3046 5598 3122 5662 ὡς
3176 5598 3331 5651 οὐδὲν
3363 5594 3471 5648 τῶν
3514 5593 3678 5645 ὄντων

2096 5700 2154 5751 ἐν
2182 5700 2293 5761 τοῖς
2323 5696 2505 5750 οὖσιν*
2557 5694 2589 5765 ἢ
2639 5696 2748 5764 γὰρ
2812 5694 2877 5748 ἂν
2920 5694 2982 5747 τὸ
3032 5692 3174 5765 ὑπὲρ
3207 5694 3382 5746 πάντα
3414 5688 3481 5743 τὰ
3530 5687 3673 5748 ὂντα,
