3884 6202
183 263 307 328 465

1164 271 1266 330 AD
1305 269 1901 332 AMPHILOCIIIUM
1942 271 2296 342 ΟυίΕΞΤΙΟ
2335 274 2589 334 LXXIV.

3366 276 3472 339 466

180 377 248 431 ἐν
303 378 379 432 ἂν
429 372 499 449 ἦν
550 377 658 433 τῶν
715 377 885 433 όντων
946 381 1043 435 καὶ
1097 383 1125 435 ὁ
1184 387 1506 455 προαγωγός
1572 404 1633 439 τε
1685 387 1772 439 καὶ

1898 387 2143 441 omnium
2175 394 2371 441 auctos
2391 395 2445 439 et
2473 384 2787 449 fabricator,
2814 400 2954 439 unus
2976 396 3263 441 vocaretur
3290 404 3353 443 ex
3378 390 3466 456 iis,

176 470 529 542 δημιουργὸς
576 471 852 539 ἁπάντων,
900 467 980 537 εἷς
1022 475 1089 528 ἂν
1147 477 1485 548 ἐχρημάτιζε
1525 479 1637 533 τῶν
1687 478 1777 532 ὑπ’

179 562 369 617 αὑτοῦ
396 563 456 634 δη
468 564 928 634 μιουργηθέντων.
958 568 1131 622 Τοῦτο
1156 569 1264 642 γὰρ
1297 571 1608 641 νομοθετεῖν
1639 569 1780 627 οἶδεν

177 655 215 723 ἠ
252 655 405 724 πρὸς
432 656 500 707 τὰ
526 655 654 708 ὅντα
682 656 783 726 τῆς
807 657 1099 723 διαθέσεως
1132 664 1400 733 συγγενής
1430 680 1487 715 τε
1518 666 1611 717 καὶ
1647 667 1780 734 ὁμο-

177 748 371 818 ταγὴς
397 749 497 818 τῆς
519 749 917 822 δημιουργικῆς
943 754 1121 824 ἀρχῆς
1160 757 1438 821 κοινωνία,
1477 758 1697 812 ἐπειδὰν
1718 759 1780 813 τὸ

175 840 616 909 ἀπαράλλακτόν
650 859 733 906 τις
761 844 1070 910 ἐκϐιάζοιτο
1108 847 1208 918 τὴν
1242 849 1426 918 σχέσιν
1456 849 1601 919 ἔχειν
1642 850 1779 921 πρὸς

176 932 401 1003 ἄλληλα
428 935 495 988 τά
523 934 652 988 ὄντα
692 936 786 990 καὶ
816 939 907 991 τὸν
936 940 1178 1010 Κτίστην
1211 942 1348 1011 πρὸς
1383 941 1453 995 τά
1480 942 1776 1014 κτίσματα.

255 1025 481 1080 Οὐκοῦν
515 1026 591 1090 ὡς
616 1026 767 1082 οὐδὲν
787 1029 898 1083 τῶν
923 1031 1093 1087 ὄντων
1121 1037 1232 1098 τοῖς
1257 1034 1421 1088 αὑτοῦ
1447 1036 1778 1090 συνάπτεται

176 1121 278 1170 καὶ
335 1122 765 1188 συγκαταϐαίνει
804 1123 866 1176 τὸ
909 1123 1062 1179 Θεῖον
1093 1126 1573 1200 δημιουργήμασιν
1598 1144 1612 1160 ο
1661 1129 1777 1182 ἀλλ’

179 1210 471 1282 ίδιαζοὺση
510 1213 748 1267 διαθέσει
792 1215 885 1267 καὶ
928 1218 1211 1289 οἰκονομίᾳ
1244 1219 1640 1291 διακεκριμένη
1678 1220 1777 1291 τὴν

179 1305 329 1374 πρὸς
361 1308 430 1360 τὰ
463 1306 593 1360 ὄντα
638 1309 821 1377 σχέσιν
870 1310 1199 1381 ἁρμόζεται·
1245 1313 1435 1384 ὥσπερ
1462 1314 1519 1366 δέ
1561 1315 1677 1368 ἐστι
1717 1315 1778 1369 τὸ

175 1397 342 1450 Θεῖον
375 1398 539 1467 σοφόν
577 1417 637 1452 τε
672 1399 790 1470 ἅμα
822 1402 917 1455 καὶ
943 1403 1272 1474 ὑπέρσοφον,
1303 1404 1435 1468 Θεός
1461 1423 1519 1459 τε
1558 1407 1778 1479 ἰσχυρὸς

179 1488 279 1542 καὶ
316 1489 609 1560 ὑπέρθεος,
648 1493 855 1563 κυρίως
892 1511 951 1547 τε
982 1495 1141 1548 οὐσία
1181 1496 1278 1549 καὶ
1312 1497 1657 1566 ὑπεροὺσιον.
1684 1499 1777 1552 καὶ

176 1581 499 1647 αὑτάγαθον
528 1583 732 1651 ὁμοίως
762 1586 855 1638 καὶ
882 1586 1250 1657 ὑπεράγαθον.
1288 1588 1463 1655 οὕτως
1509 1591 1777 1661 ὑπάρχειν

175 1670 411 1740 λέγεται
443 1673 543 1726 κάν
570 1675 647 1743 τῷ
677 1678 841 1730 παντὶ
888 1681 984 1731 καὶ
1024 1680 1166 1750 ὑπὲρ
1196 1680 1257 1733 τὸ
1288 1683 1423 1735 πᾶν·
1462 1684 1558 1737 ἐπὶ
1608 1683 1778 1754 μόνης

176 1764 289 1834 γὰρ
327 1765 431 1833 τῆς
482 1766 721 1837 ἀρρήτου
781 1770 877 1822 καὶ
918 1772 1274 1844 πολυωνὺμου
1320 1778 1414 1830 καὶ
1464 1777 1776 1848 ὑπερφυοῦς

178 1856 426 1923 φύσεως,
460 1858 488 1910 ὁ
530 1862 902 1928 καταφατικὸς
940 1865 1048 1917 τῶν
1083 1866 1364 1935 ὀνομάτων
1412 1868 1602 1935 τύπος,
1647 1869 1774 1922 σύν-

178 1948 386 2017 δρομον
408 1950 549 2018 ίσχει
572 1950 674 2021 τὴν
710 1954 988 2023 σημασίαν
1023 1960 1135 2021 τοῖς
1162 1958 1248 2011 διά
1277 1958 1386 2013 τῶν
1419 1961 1774 2029 ἀποφατικῶν

177 2037 212 2105 ἦ
239 2039 588 2108 στερητικῶν
622 2042 818 2110 φωνῶν
859 2050 1261 2117 σχηματισμοῖς
1298 2048 1518 2121 δηλοῦσι
1556 2051 1616 2104 τὸ
1646 2050 1773 2121 βού-

180 2127 363 2196 λημα’
406 2128 600 2203 διόπερ
642 2133 702 2186 τὸ
741 2133 799 2187 ἐν
840 2138 1003 2189 παντὶ
1048 2139 1149 2191 οὑκ
1185 2138 1331 2192 ἔστιν
1376 2140 1632 2211 ἀθέτησις
1677 2142 1773 2195 τοῦ

178 2219 322 2289 ὑπὲρ
349 2219 415 2273 τὸ
448 2224 555 2276 πᾶν
574 2240 589 2255 ο
621 2224 755 2279 ἀλλά
784 2229 1074 2297 συμφωνία
1107 2231 1308 2300 μᾶλλον
1334 2233 1428 2285 καὶ
1456 2234 1772 2304 βεϐοιίωσις⁹

179 2307 241 2361 οὑ
270 2308 379 2378 μὴν
413 2310 472 2363 δὲ
500 2310 614 2365 ἀλλ’
639 2314 760 2368 οὑδὲ
777 2316 835 2368 τὸ
858 2317 997 2387 ὑπὲρ
1020 2322 1126 2372 πᾶν
1146 2320 1500 2392 παραλλαγὴν
1521 2322 1768 2393 προλαμ-

180 2398 335 2452 6άνει
348 2400 809 2477 θαυμασιωτέραν
826 2407 925 2477 τῆς
946 2410 1308 2479 μυσταγωγοῦ
1323 2411 1623 2480 θεολογίας,
1644 2414 1775 2484 παρ’

185 2490 296 2560 ἣνή
312 2492 371 2544 ἐν
387 2492 468 2562 τῷ
484 2496 646 2548 παντὶ
675 2498 1093 2573 ίερολογουμένη
1127 2502 1330 2573 Θεωρία
1356 2505 1739 2575 παραδίδωσιν.

256 2583 420 2637 Ὥστε
454 2588 481 2638 ὁ
505 2586 779 2658 διαπορῶν
822 2594 870 2644 εί
918 2594 977 2645 ἐν
996 2592 1071 2664 τῷ
1106 2595 1270 2648 παντὶ
1298 2595 1359 2648 τὸ
1384 2596 1538 2650 Θείον
1575 2598 1674 2651 οὑκ
1708 2598 1773 2652 ἂν

184 2672 325 2743 ὑπὲρ
341 2675 403 2725 τὸ
434 2677 564 2738 πᾶν,
595 2676 818 2749 λέληθεν
841 2683 1035 2738 ἑαυτὸν
1061 2683 1160 2755 τὴν
1187 2687 1293 2739 τῶν
1329 2687 1489 2757 ἱερῶν
1511 2691 1774 2760 ῥημάτων

184 2766 274 2817 ἐπὶ
291 2768 390 2836 τῆς
413 2766 631 2836 φύσεως
655 2773 849 2843 χρῆσιν
872 2775 1103 2843 ἀγνοῶν·
1130 2779 1344 2849 καὶτῆς
1361 2782 1623 2851 συνήθους
1644 2783 1775 2855 περὶ

184 2858 289 2911 τῶν
315 2860 521 2915 ὲνὺλων
554 2864 768 2933 ὁμιλίας
799 2868 954 2922 οὐδὲν
985 2869 1318 2940 ὑψηλότερον
1347 2873 1466 2926 οὑδὲ
1502 2873 1773 2946 θειότερον

186 2949 312 3019 περὶ
342 2950 453 3003 τῶν
480 2953 659 3007 ἀΰλων
683 2958 1089 3029 φανταζόμενος
1108 2976 1121 2989 ο
1152 2960 1288 3013 ἀλλά
1315 2962 1423 3033 γὰρ
1452 2963 1569 3028 πῶς
1605 2967 1663 3018 ἐν
1695 2964 1772 3036 τῷ

1883 492 2005 546 quae
2040 477 2109 531 ab
2143 477 2263 546 ipso
2310 475 2452 531 facta
2487 484 2636 530 sunt.
2671 475 2824 531 llanc
2848 477 2996 531 enim
3033 477 3204 548 legem
3236 480 3468 550 imponit

1881 569 2199 624 communio
2249 582 2371 624 cum
2418 568 2507 631 iis,
2539 582 2663 638 quae
2713 577 2863 632 sunt,
2899 577 2954 622 et
2986 584 3177 624 eorum
3213 574 3469 642 cognatio

1881 679 1911 719 a
1957 664 2208 734 Principe
2237 671 2292 718 et
2336 662 2594 717 Creatore
2628 659 2893 731 profecta,
2947 661 2994 717 si
3044 664 3170 732 quis
3215 679 3312 734 per
3358 665 3464 720 vim

1882 756 2109 817 nitatur,
2161 762 2215 808 cl.
2246 754 2389 825 quod
2422 754 2621 808 variari
2654 769 2761 808 non
2797 762 2994 822 potest,
3032 765 3280 812 mutuam
3314 759 3469 813 habi-

1882 848 2124 904 tudinem
2172 863 2299 901 cum
2347 846 2511 902 rebus
2559 845 2781 911 habeat,
2818 856 2874 901 et
2902 846 3129 903 Creator
3161 865 3285 905 cum
3316 866 3470 907 crea-

1882 937 2023 992 turis

1946 1030 2112 1101 Igitur
2136 1041 2395 1101 tauquam
2428 1030 2566 1085 nihil
2590 1045 2783 1086 eorum
2828 1047 2952 1101 quae
2986 1040 3138 1096 sunt,
3171 1048 3295 1088 cum
3350 1034 3466 1089 suis

1879 1125 2254 1196 conjungitur,
2287 1133 2342 1179 et
2371 1123 2611 1179 demittit
2632 1140 2690 1179 se
2726 1124 2864 1179 Deus
2895 1124 2960 1178 ad
2989 1140 3120 1180 suas
3158 1134 3465 1191 creaturas,

1879 1218 1975 1274 sed
2032 1218 2249 1288 propria
2301 1217 2663 1285 dispositione
2710 1224 2766 1270 et
2821 1219 3127 1273 mconomia
3182 1217 3465 1282 distincta,

1879 1323 2035 1363 suam
2066 1322 2191 1360 cum
2244 1307 2409 1360 rebus
2438 1305 2811 1360 habitudinem
2846 1316 3016 1375 aptat.
3074 1305 3226 1361 Sicut
3285 1318 3465 1361 autem

1878 1408 1963 1455 est
1994 1397 2138 1452 Deus
2162 1399 2383 1468 sapiens
2408 1398 2571 1452 simul
2623 1410 2677 1452 et
2704 1415 2867 1468 supra
2900 1399 3199 1467 sapientes,
3229 1408 3282 1452 et
3313 1398 3467 1454 fortis

1881 1494 2021 1546 Deus
2054 1500 2107 1546 ct
2130 1507 2292 1561 supra
2327 1490 2512 1556 fortes,
2546 1499 2600 1546 et
2635 1508 2797 1559 supra
2829 1492 2987 1557 deos,
3015 1501 3068 1545 et
3092 1492 3306 1561 proprie
3334 1492 3465 1546 sub-

1878 1586 2076 1640 stantia
2098 1597 2329 1654 ctsupra
2349 1584 2735 1649 substantiam,
2756 1593 2810 1638 et
2834 1586 3011 1653 ipsum
3042 1600 3138 1653 per
3154 1600 3212 1639 se
3236 1585 3463 1647 bonum,

1878 1690 1931 1735 et
1945 1679 2198 1735 similiter
2225 1693 2388 1748 supra
2410 1678 2643 1743 bonum;
2676 1677 2756 1731 sic
2773 1676 2975 1731 dicitur
2993 1676 3190 1731 essein
3219 1677 3390 1739 omni,
3413 1687 3466 1731 et

1880 1788 2045 1843 supra
2090 1786 2272 1827 omne.
2324 1771 2508 1826 Insola
2547 1770 2693 1825 enim
2717 1777 2936 1831 natura,
2981 1785 3103 1838 qua:
3130 1785 3291 1839 supra
3315 1778 3465 1822 natu-

1882 1881 1994 1920 ram
2028 1874 2133 1929 est,
2164 1873 2352 1931 etqum
2378 1863 2485 1917 dici
2522 1878 2627 1916 non
2655 1872 2855 1931 potest,
2882 1873 2935 1916 et
2962 1864 3256 1916 multorum
3290 1863 3465 1915 uomi-

1878 1973 2007 2012 num
2033 1955 2414 2011 affirmantium
2434 1954 2889 2025 significationem
2920 1955 3087 2008 habet
3116 1955 3464 2009 consentien-

1877 2058 1985 2103 tem
2014 2064 2136 2102 cum
2164 2047 2339 2102 forma
2366 2062 2561 2102 vocum
2600 2046 2915 2114 negantium
2942 2084 2957 2105 ,
2992 2046 3075 2098 vel
3106 2045 3459 2112 privantium.

1878 2140 1952 2195 Ex
1988 2158 2095 2211 quo
2128 2140 2205 2201 fit,
2237 2148 2295 2193 ut
2332 2154 2454 2192 esse
2498 2138 2551 2191 in
2588 2138 2761 2201 omni,
2810 2151 2916 2189 non
2948 2144 3107 2204 negot
3139 2150 3258 2189 esse
3298 2150 3461 2203 supra

1874 2247 2055 2298 omne,
2099 2232 2190 2286 sed
2229 2230 2408 2297 potius
2439 2229 2746 2288 confirmet,
2798 2236 2854 2281 et
2920 2241 3027 2279 non
3087 2226 3191 2279 hoc
3255 2225 3460 2286 solum,

1878 2343 1978 2382 nec
2010 2340 2131 2381 esse
2172 2339 2337 2393 supra
2376 2337 2557 2385 omne,
2608 2321 2965 2374 variationem
3000 2317 3458 2372 admirabiliorem

1878 2420 1932 2473 in
1968 2417 2241 2485 theologia
2285 2416 2481 2486 recipit
2534 2422 2734 2483 praeter
2769 2428 2914 2475 eam,
2943 2425 3108 2481 quam
3142 2409 3308 2463 tradit
3341 2423 3461 2462 esse

1876 2511 1931 2564 in
1962 2508 2132 2563 omni.
2830 2486 2850 2503 ⁸

1946 2600 2125 2665 Quare
2174 2596 2267 2667 qui
2323 2594 2555 2659 dubitat,
2600 2594 2644 2647 si
2693 2593 2834 2646 Deus
2875 2600 2959 2645 cst
3004 2591 3058 2645 in
3106 2590 3291 2653 omni,
3350 2605 3457 2645 non

1875 2708 1998 2751 esse
2028 2705 2191 2760 supra
2225 2704 2408 2753 unane,
2438 2688 2652 2758 ignorat
2676 2687 2721 2741 is
2756 2701 2915 2739 usum
2948 2700 3228 2739 sacrarum
3264 2700 3457 2737 vocum

1875 2784 2181 2842 de‘divina
2250 2790 2480 2846 natura;
2538 2791 2593 2833 et
2666 2778 2801 2832 nihil
2848 2778 3013 2832 altius
3077 2791 3255 2847 neque
3321 2777 3461 2831 divi-

1878 2879 2029 2941 nius,
2082 2890 2245 2944 qnam
2303 2872 2649 2927 consuetudo
2670 2886 2851 2925 rerum
2900 2884 3287 2939 corporearum
3337 2868 3458 2935 fert,

1876 2974 1945 3029 de
1977 2971 2065 3034 iis,
2093 2984 2213 3039 qua:
2260 2966 2489 3021 materia
2525 2972 2742 3029 vacant,
2791 2964 3012 3034 cogitat.
3049 2962 3151 3017 Sed
3184 2963 3461 3032 quomodo

186 3042 344 3095 παντί
364 3059 379 3108 ;
402 3042 619 3114 εἴρηται
645 3048 744 3117 μὲν
759 3049 835 3114 ὡς
856 3053 977 3105 κατ’
995 3053 1185 3109 οὐδένα
1214 3056 1414 3127 τρόπον
1440 3056 1547 3110 τῶν
1573 3057 1759 3114 ὄντων.

1881 3075 1952 3123 :st
2000 3063 2057 3117 in
2122 3057 2319 3114 omni?
2389 3054 2603 3111 Dicthm
2684 3054 2829 3111 enim
2913 3062 3017 3118 est,
3066 3053 3214 3106 nullo
3298 3051 3462 3106 modo

188 3132 249 3185 Et
308 3134 365 3189 δὲ
421 3136 505 3191 δεῖ
554 3156 607 3193 τι
656 3140 858 3210 μᾶλλον
921 3144 1413 3219 θεωρητικωτέρων
1480 3148 1768 3220 δογμάτων

189 3225 320 3295 πρὸς
345 3228 406 3280 τὸ
434 3228 570 3298 ὕψος
604 3231 678 3301 μὴ
705 3234 1100 3302 ἀποδειλιάσαι,
1127 3238 1323 3293 ἔστιτὸ
1348 3240 1500 3295 Θεῖον
1526 3244 1582 3295 ἐν
1607 3245 1769 3298 παντὶ

190 3321 311 3371 κατ’
341 3322 630 3391 ἐνέργειάν
660 3343 719 3378 τε
749 3329 843 3379 καὶ
876 3330 997 3382 κατ’
1027 3332 1211 3385 οὐσίαν
1232 3351 1247 3363 ·
1282 3336 1372 3387 καὶ
1403 3336 1477 3408 μή
1511 3354 1600 3406 μοι
1620 3338 1767 3406 λέγε,

192 3410 302 3472 πῶς
330 3428 346 3476 ;
372 3415 700 3486 προείρηται
736 3420 828 3471 καὶ.
859 3419 933 3483 ὡς
958 3424 1078 3473 κατ’
1110 3423 1299 3478 οὐδένα
1327 3427 1527 3496 τρόπον
1550 3429 1658 3481 τῶν
1684 3432 1771 3483 ὃν·

190 3518 327 3554 τωνο
370 3505 489 3568 πῶς
532 3504 625 3560 οὖν
676 3511 792 3562 ἐστι
834 3513 952 3564 κατ’
986 3515 1209 3582 οὑσίαν;
1251 3518 1324 3580 ὡς
1358 3520 1613 3590 ἐννοήσας
1648 3524 1769 3576 κατ’

192 3594 470 3665 ἐνέργειαν
491 3616 507 3632 ο
544 3601 729 3673 ἐπειδὴ
763 3605 872 3674 γὰρ
896 3607 963 3659 τὰ
993 3606 1093 3675 μὲν
1124 3608 1258 3664 ἄλλα
1282 3612 1376 3663 καὶ
1403 3612 1630 3683 δυνάμει
1654 3614 1770 3667 ἐστι

195 3702 317 3739 ποτε
346 3690 440 3742 καὶ
471 3692 741 3764 ἐνεργείᾳ,
784 3697 843 3748 τὸ
882 3697 939 3749 δὲ
968 3697 1142 3764 θεῖον,
1172 3700 1244 3765 ὡς
1277 3705 1305 3756 ό
1333 3704 1641 3774 διορατικὸς
1681 3708 1770 3759 ἐν-

194 3780 393 3848 νοήσειε
436 3783 583 3847 νοῦς,
614 3787 810 3857 ἀείπερ
838 3789 984 3842 ἐστὶν
1011 3794 1261 3862 ἐνέργεια
1281 3812 1293 3824 ·
1326 3796 1385 3848 οὑ
1418 3798 1524 3867 γὰρ
1562 3797 1622 3861 ἐξ
1648 3800 1771 3852 ἀτε-

195 3868 311 3934 λοῦς
340 3876 419 3937 είς
443 3876 759 3942 τελειότητα
786 3883 1052 3951 πρόεισιν,
1091 3886 1197 3938 οὐδ’
1231 3888 1357 3942 ἄλλο
1386 3906 1438 3942 τι
1483 3891 1636 3961 παρὰ
1670 3892 1771 3960 τὴν

195 3963 603 4037 αὑτοενέργειάν
656 3972 773 4026 ἐστι
825 3974 886 4027 τὸ
931 3976 1264 4043 αὑτοοὺσιον,
1300 3982 1457 4051 δῆλον
1489 3982 1565 4047 ὡς
1598 3988 1654 4037 ἐν
1690 3978 1771 4047 οἷς

201 4056 310 4110 ἐστι
338 4062 458 4113 κατ’
487 4062 791 4133 ἐνέργειαν,
828 4069 885 4119 ἐν
912 4070 1024 4132 τοῖς
1052 4070 1235 4135 αὑτοῖς
1268 4074 1383 4127 ἐστι
1412 4076 1508 4130 καὶ
1535 4078 1654 4129 κατ’
1682 4076 1772 4129 οὑ-

200 4146 312 4239 σίαν
340 4168 352 4179 ·
381 4152 599 4222 ἐνεργεῖ
647 4155 748 4224 μὲν
785 4157 895 4228 γὰρ
941 4162 1082 4213 κατὰ
1122 4164 1352 4234 συνοχὴν
1390 4167 1485 4219 καὶ
1511 4169 1771 4239 διαμονὴν

199 4238 298 4331 τῶν
318 4241 486 4295 ὄντων
507 4261 522 4276 ο
558 4247 732 4299 οὑσιοῖ
762 4248 818 4300 δὲ
852 4250 947 4302 καὶ
980 4250 1264 4323 διακρατεῖ
1294 4256 1402 4311 τῶν
1436 4238 1774 4331 δημιουργη-

202 4328 390 4387 θέντων
434 4337 528 4390 ὑπ’
555 4338 722 4391 αὑτοῦ
747 4340 846 4410 τὴν
876 4342 1059 4409 φύσιν.

266 4601 386 4673 Πῶς
430 4600 525 4659 οὖν
583 4609 646 4662 τὸ
688 4610 843 4666 Θεῖόν
889 4613 1007 4668 ἐστι
1055 4615 1331 4683 οὑσιωδῶς
1369 4622 1427 4673 ἐς)
1478 4622 1554 4693 τῷ
1588 4625 1773 4692 παντὶ,

202 4689 257 4741 οὑ
294 4693 385 4760 μία
421 4715 505 4760 τις
562 4699 624 4753 ὲκ
674 4702 881 4756 τούτων
923 4707 1269 4761 ἀποτελεῖται
1302 4714 1653 4779 συνουσίωσις
1680 4717 1775 4770 καὶ

204 4781 378 4862 (ptime;
425 4790 507 4842 ὅτι
547 4791 655 4844 οὐδ’
699 4793 827 4847 ὅταν
880 4796 1031 4868 αὑτῷ
1082 4799 1269 4871 ἐννοῇς
1314 4804 1435 4856 κατ’
1492 4807 1772 4877 ἐνέργειαν

204 4874 289 4927 καὶ
324 4878 485 4954 λέγῃς
532 4885 590 4936 ἐν
638 4886 716 4954 τῷ
784 4889 949 4942 παντὶ
994 4886 1164 4957 εἶναι,
1226 4894 1336 4947 οὐδ’
1387 4894 1560 4960 οὕτως
1621 4898 1775 4953 ἔσται

208 4972 675 5042 συντετελεσμένον
733 4977 828 5030 καὶ
887 4978 1101 5047 φύσεως
1146 4981 1303 5050 λόγον
1338 4983 1534 5054 ἐπέχον
1578 4985 1638 5038 τὸ
1675 4987 1768 5040 δυ-

205 5054 418 5124 νάμενον
466 5063 759 5137 ὁλόκληρόν
812 5087 929 5133 πως
983 5074 1240 5140 ὑποσχεῖν
1311 5074 1410 5143 τὴν
1463 5076 1650 5145 χρείαν
1708 5075 1771 5129 ἐκ

206 5162 259 5197 τε
298 5152 388 5204 τοῦ
441 5158 643 5222 παντὸς
695 5162 789 5213 καὶ
843 5163 908 5215 ἐκ
960 5165 1059 5228 τῆς
1104 5165 1253 5229 θείας
1316 5167 1408 5219 καὶ
1463 5167 1766 5237 κρείττονος

211 5240 464 5299 συνελθεῖν
524 5250 695 5322 ἑτέρῳ
752 5254 886 5323 πρὸς
957 5257 1086 5325 μίαν
1140 5258 1492 5321 ὑποστάσεως
1554 5261 1773 5314 αὑτοτέ·

211 5327 377 5422 λείαν·
414 5341 505 5393 καὶ
552 5344 668 5407 πῶς
726 5345 792 5399 ἂν
828 5348 889 5399 τὸ
936 5350 1058 5402 κατ’
1098 5351 1289 5404 οὐσίαν
1334 5352 1581 5422 ὑπάρχον
1631 5355 1737 5407 τινί
1753 5372 1767 5421 ;

210 5421 355 5513 τυῦτο
377 5429 481 5502 γὰρ
506 5432 727 5503 εὔλογον
753 5441 1176 5510 προσεπιζητεῖν
1209 5442 1383 5495 δοκεῖ’
1419 5421 1546 5513 μίαν
1572 5445 1772 5499 ἐννοεῖν

214 5512 302 5607 οὑκ
332 5520 618 5593 ἀπαρτίζει
649 5530 744 5583 σὺν
772 5532 964 5603 ἐκείνῳ
993 5535 1308 5589 ὑπόστασιν.
1353 5535 1491 5589 Ἀλλ’
1524 5538 1584 5589 οὑ
1616 5538 1773 5607 χαλε-

219 5601 311 5707 pini.
343 5609 730 5688 ἐπιλύσασθαι,
769 5622 850 5675 ὅτι
882 5623 1057 5678 διττὸν
1088 5626 1306 5695 λέγεται
1345 5627 1406 5680 τὸ
1436 5627 1555 5682 κατ’
1580 5628 1771 5682 οὑσίαν

218 5706 464 5769 υπαφχειν
492 5709 623 5762 τινί·
658 5713 720 5765 τὸ
758 5712 856 5783 μὲν
885 5714 992 5785 γὰρ
1017 5715 1125 5770 τῶν
1156 5719 1569 5789 σημαινομένων
1603 5719 1659 5773 ἐν
1693 5720 1771 5792 τῷ

1876 3171 2066 3212 earum
2119 3167 2298 3206 rerum
2348 3165 2470 3219 qua:
2518 3155 2647 3203 sunt
2683 3165 2696 3199 :
2728 3147 2821 3202 sed
2868 3147 2914 3200 si
2970 3154 3189 3215 oportet
3239 3144 3452 3215 aliquid

1876 3250 2054 3306 adhuc
2109 3245 2289 3298 dicere
2348 3241 2495 3311 quod
2560 3240 2632 3295 sit
2665 3236 2890 3306 majoris
2945 3236 3459 3305 contemplationis.

1878 3343 1945 3397 iis
2006 3339 2212 3398 etiam,
2274 3332 2367 3403 qui
2419 3340 2547 3387 sunt
2599 3331 2792 3385 altiore
2858 3339 3038 3383 mente
3087 3328 3335 3398 prmditi,
3409 3340 3466 3380 et

1876 3447 1988 3487 non
2018 3428 2197 3483 solent
2232 3423 2531 3479 formidare
2561 3430 2616 3476 ct
2645 3421 2831 3490 fugere
2862 3419 3207 3474 altitudinem
3231 3420 3460 3488 dogma-

1878 3530 1993 3575 tum
2030 3518 2201 3590 magis
2242 3514 2678 3581 theologicorum
2709 3553 2724 3575 ,
2770 3522 2854 3565 est
2910 3509 3051 3563 Deus
3078 3520 3200 3563 actu
3235 3519 3289 3563 et
3329 3512 3463 3564 sub-

1878 3607 2074 3664 stantia
2094 3603 2335 3659 inomni.
2363 3600 2651 3667 Quomodo
2682 3598 2846 3667 igitur
2870 3605 2955 3652 est
2980 3596 3285 3651 substantia
3318 3597 3464 3651 sicut

1880 3693 2192 3752 intellexisti
2246 3692 2411 3747 actu?
2456 3690 2583 3761 quia
2618 3689 2768 3743 enim
2816 3688 2922 3742 alia
2954 3696 3085 3741 sunt
3129 3686 3463 3757 quandoque

1880 3798 2041 3854 actu;
2101 3786 2243 3840 Deus
2294 3799 2424 3837 vero
2478 3784 2560 3852 (ut
2608 3782 2700 3851 qui
2761 3781 2933 3834 aciem
2991 3780 3187 3834 mentis
3241 3790 3459 3837 acutam

1881 3881 2064 3940 habet,
2109 3877 2408 3946 intelligere
2454 3876 2649 3945 potest)
2695 3888 2912 3939 semper
2961 3871 3116 3925 adest
3157 3880 3317 3936 actu;
3354 3887 3461 3925 non

1878 3974 2023 4029 enim
2067 3988 2131 4026 cx
2167 3970 2486 4040 imperfecto
2516 3967 2580 4021 ad
2634 3968 2935 4037 perfectum
2981 3965 3244 4035 procedit,
3284 3980 3462 4034 neque

1878 4066 2023 4120 aliud
2057 4062 2187 4133 quid
2233 4072 2315 4116 est
2347 4076 2469 4117 esse
2501 4061 2679 4129 ipsum
2715 4075 2807 4127 per
2857 4074 2917 4113 se
2965 4059 3194 4121 bonum,
3232 4064 3457 4125 praeter-

1879 4174 2041 4226 quam
2086 4157 2265 4225 ipsum
2320 4170 2442 4209 esse
2542 4167 2636 4221 per
2723 4166 2782 4206 se
2838 4161 3041 4216 actum,
3114 4151 3307 4219 liquet,
3403 4149 3460 4203 in

1879 4251 2082 4321 quibus
2114 4257 2200 4303 est
2238 4258 2384 4311 actu,
2422 4248 2474 4300 in
2532 4245 2599 4300 iis
2637 4246 2770 4315 ipsis
2803 4260 2922 4298 esse
2971 4243 3320 4308 substantia;
3352 4243 3464 4312 agit

1880 4341 2025 4393 enim
2078 4337 2548 4393 conservationem
2598 4344 2651 4388 et
2697 4334 3038 4388 durationem
3092 4349 3282 4387 eorum
3341 4349 3463 4402 qua:

1880 4442 2028 4486 sunt.
2062 4431 2345 4485 Sustentat
2377 4438 2557 4481 autem
2601 4436 2656 4481 et
2684 4428 2930 4482 continet
2963 4434 3210 4479 naturam
3243 4440 3461 4487 eorum,

1876 4542 1995 4594 qua:
2019 4524 2086 4576 ab
2112 4525 2229 4590 ipso
2270 4529 2449 4574 creata
2481 4529 2630 4572 sunt.

1949 4616 2236 4681 Quomodo
2268 4614 2431 4683 igitur
2468 4612 2513 4666 si
2563 4611 2706 4665 Deus
2753 4619 2837 4664 est
2866 4611 3169 4665 secundum
3206 4609 3463 4664 substan-

1877 4710 2004 4763 tiam
2049 4709 2101 4762 in
2143 4707 2293 4762 omni
2330 4750 2344 4770 ,
2398 4722 2509 4760 non
2576 4706 2864 4760 coniicitur
2924 4720 3031 4757 una
3085 4721 3149 4759 ex
3208 4703 3463 4757 omnibus

1878 4800 2250 4865 συνουσίωσις,
2300 4800 2353 4853 id
2401 4808 2505 4865 est,
2571 4798 3063 4852 consubstantiatio
3110 4806 3164 4851 et
3225 4796 3461 4849 natura?

1876 4892 2143 4957 Quoniam
2173 4906 2346 4960 neque
2370 4905 2499 4943 eum
2532 4889 2710 4958 ipsum
2741 4887 2997 4959 intelligis
3040 4887 3339 4957 secundum
3366 4902 3459 4940 ac-

1877 4992 2014 5047 tum,
2060 4992 2115 5038 et
2158 4982 2295 5035 dicis
2332 4990 2458 5035 actu
2506 4996 2627 5035 esse
2694 4980 2749 5033 in
2818 4980 3004 5043 omni,
3099 4994 3276 5048 neque
3354 4978 3455 5043 sic,

1881 5076 2124 5146 inquam,
2148 5075 2251 5129 erit
2272 5077 2601 5128 constitutus
2629 5084 2680 5127 et
2710 5058 2970 5127 rationem
3000 5082 3206 5125 natura:
3229 5072 3458 5139 habens,

1878 5172 1971 5237 qui
2028 5166 2203 5236 possit
2254 5166 2438 5220 subire
2488 5166 2756 5235 integrum
2812 5165 3217 5235 quodammodo
3270 5179 3458 5229 usum,

1873 5259 2222 5321 constitutus,
2250 5257 2495 5325 inquam,
2540 5274 2606 5311 ex
2654 5262 2800 5312 omni
2846 5267 2899 5312 et
2941 5274 3004 5311 ex
3031 5258 3211 5311 divina
3242 5266 3459 5329 natura,

1873 5365 1994 5420 qum
2020 5348 2362 5418 prazstantior
2387 5356 2491 5414 est,
2516 5365 2678 5418 quam
2715 5360 2772 5404 ut
2807 5351 2979 5419 possit
3007 5365 3131 5404 cum
3180 5348 3285 5401 alio
3325 5361 3459 5401 con-

1874 5441 2020 5511 gredi
2080 5439 2147 5492 ad
2179 5454 2338 5492 unam
2365 5448 2531 5493 totam
2586 5442 2893 5511 bypostasis
2938 5440 3345 5510 perfectionem.
3388 5441 3453 5495 Et

1874 5533 2149 5606 quomodo
2217 5548 2338 5589 esse
2391 5534 2688 5589 secundum
2747 5536 3110 5591 substantiam
3163 5537 3215 5589 in
3269 5535 3455 5605 aliquo

1876 5632 2012 5702 (inec
2038 5627 2183 5684 enim
2220 5630 2462 5697 'quatstio
2488 5630 2650 5700 digna
2680 5632 2891 5687 videtur
2919 5631 3289 5702 indagatione)
3339 5647 3450 5685 non

1875 5721 2028 5787 facit,
2063 5729 2120 5774 ut
2159 5719 2525 5792 intelligamus
2556 5736 2719 5778 unum
2763 5739 2886 5778 cum
2935 5722 3027 5777 illo
3075 5721 3454 5794 bypostasim?
