3884 6202
375 292 481 352 467

1536 278 1813 367 VPHOTII
1855 277 2366 339 PATRIARCII/E
2389 278 2500 340 (ΣΡ.

3559 271 3671 339 468

381 402 484 456 Sed
524 416 630 456 non
677 409 765 455 est
802 396 1040 454 diliicilis
1085 396 1152 453 ad
1199 396 1542 460 solvendum,
1578 396 1708 464 quia
1749 408 1875 448 esse
1915 394 1963 449 in

2077 393 2327 461 παρεῖναι
2368 389 2539 462 δηλοῖ,
2572 390 2741 463 μέρος
2773 408 2834 444 τε
2864 388 3113 460 γίνεσθαι
3164 386 3253 443 τοῦ
3283 386 3668 459 συγκρίματος

378 495 567 565 aliquo
617 491 921 549 secundum
974 490 1339 547 siibstantiatn
1386 491 1680 561 dupliciter
1723 490 1964 546 dicitur:

380 601 552 641 unum
582 585 726 639 enim
757 574 1129 652 signiﬁcatum
1160 582 1403 639 declarat
1434 584 1514 639 sic
1539 582 1738 639 essein
1760 582 1968 652 aliquo,

381 690 440 734 ut
487 680 579 732 liat
613 691 741 747 pars
784 675 1099 746 compositi,
1149 684 1203 731 et
1255 676 1526 745 compleat
1578 675 1967 745 perfectionem

380 769 683 826 secundum
711 769 1101 841 hyspostasim,
1136 768 1279 823 sicut
1308 768 1489 822 anima
1513 777 1598 823 est
1625 768 1677 823 in
1706 783 1967 837 corpore;

379 863 613 917 alterunt
668 876 797 916 vero
827 859 1197 931 signiﬁcatum
1243 860 1483 915 declarat
1510 860 1583 914 ita
1612 875 1734 915 csse
1775 858 1827 913 in
1865 859 1970 914 ali-

380 970 512 1025 quo,
544 962 605 1007 ut
636 968 920 1023 nunquam
954 951 1218 1007 eﬂiciatur
1250 968 1379 1023 pars
1423 952 1818 1016 concretionis,
1854 953 1972 1009 sive

382 1043 916 1115 coagmentationis;
946 1060 1123 1114 neque
1159 1044 1589 1115 proprietatibus
1620 1044 1966 1112 immutatur,

381 1136 595 1193 naturis
661 1135 950 1206 utriusque
1003 1136 1240 1206 propriis
1297 1134 1457 1192 factis
1516 1138 1907 1193 communibus
1950 1176 1967 1203 ,

381 1247 483 1288 nec
510 1232 580 1287 ab
613 1232 787 1287 altero
814 1246 882 1286 ex
916 1230 1193 1287 concretis
1224 1230 1527 1301 perﬁcitur,
1554 1231 1649 1287 sed
1680 1232 1862 1301 potius
1886 1242 1970 1288 est

381 1339 715 1395 congressus
768 1323 891 1394 ejus
947 1323 1290 1379 constituens
1337 1334 1395 1378 et
1450 1338 1783 1379 conservans
1832 1340 1971 1380 con-

376 1417 625 1488 junctam
676 1424 732 1471 et
760 1415 1054 1487 perfectam
1079 1414 1443 1487 hypostasim,
1475 1416 1619 1471 sicut
1642 1426 1727 1472 est
1753 1432 1846 1472 ars
1864 1433 1970 1487 gu-

379 1508 765 1569 bernatorisin
797 1509 945 1575 navi,
969 1516 1029 1563 ut
1061 1508 1431 1565 minutissima
1460 1508 1700 1579 imagine
1725 1519 1780 1565 et
1809 1510 1968 1566 simi-

378 1604 609 1660 litudine
655 1603 780 1674 ejus
831 1603 933 1668 rei,
990 1618 1115 1673 quae
1174 1603 1228 1658 in
1277 1613 1534 1673 promptu
1573 1614 1678 1672 est,
1720 1615 1963 1661 utamur.

376 1696 554 1767 Atque
585 1698 702 1751 haec
739 1696 962 1767 quidem
997 1710 1103 1749 non
1128 1694 1436 1766 dogmatice
1464 1706 1519 1752 et
1555 1697 1967 1752 immutabiliter

1995 1738 2045 1797 B

2072 486 2169 539 καὶ
2190 484 2637 555 ἀναπληρωτικὺν
2665 485 2935 555 ὑπάρχειν
2957 483 3059 554 τῆς
3080 483 3222 537 κατά
3244 481 3343 554 τὴν
3363 481 3668 536 ὑπόστασιν

2073 578 2432 649 τελειότητος,
2462 578 2716 649 καθάπερ
2742 576 2823 649 τῷ
2848 576 3115 647 σώματιὴ
3138 574 3285 646 ψυχή
3312 590 3329 605 ο
3354 573 3418 628 τὸ
3435 573 3515 635 δὲ,
3537 570 3666 627 οὔτε

2077 674 2242 743 μέρος
2302 671 2369 725 ἄν
2420 688 2551 725 ποτε
2610 670 2821 740 γένοιτο
2864 669 2960 723 τοῦ
3005 669 3353 740 φυράματος,
3389 667 3517 723 οὕτε
3550 669 3665 731 τοῖς

2077 764 2365 835 ίδιώμασιν
2408 764 2801 818 ὲπαλλάττεται
2858 763 3348 833 κοινοποιουμένων
3387 761 3495 816 τῶν
3551 762 3664 832 ἀφ-

2073 858 2399 930 ωρισμένων
2443 856 2679 929 ἑκατέρᾳ
2716 856 2825 911 τῶν
2854 855 3099 925 φύσεωνδ
3128 854 3254 909 οὔτε
3289 855 3396 909 ὑπὸ
3424 854 3661 926 θατέρου

2071 953 2183 1008 τῶν
2210 950 2602 1022 συγκριμάτων
2626 948 2992 1021 ἀπαρτίζεται
3011 965 3027 982 ·
3062 947 3178 1003 ἀλλ’
3205 949 3354 1002 ἔστιν
3382 949 3418 1020 ἡ
3445 947 3665 1011 σύνοδος

2073 1046 2239 1101 αὐτοῦ
2273 1044 2573 1115 συστατική
2616 1061 2675 1097 τε
2708 1043 2911 1112 μᾶλλον
2953 1042 3048 1095 καὶ
3095 1041 3337 1112 σωστικὴ
3382 1039 3486 1108 τῆς
3531 1056 3661 1092 συν-

2073 1138 2388 1208 απτομένης
2419 1137 2513 1190 καὶ
2541 1136 2862 1198 αὐτοτελοῦς
2885 1134 3240 1197 ὑποστάσεως
3262 1152 3276 1165 ·
3304 1132 3431 1187 καθ’
3454 1132 3515 1186 ὃν
3543 1132 3660 1203 τρό-

2073 1249 2174 1286 πον
2202 1230 2291 1284 διὰ
2323 1229 2673 1301 βραχυτάτης
2702 1229 2907 1292 εἰκόνος
2946 1227 3043 1282 καὶ¹
3073 1227 3174 1298 τῆς
3201 1225 3308 1282 ἀνὰ
3333 1228 3491 1297 χεῖρα
3518 1226 3663 1296 χρή-

2074 1342 2213 1389 σεως
2254 1325 2431 1377 εἰπεῖν
2470 1321 2625 1395 ὴτοῦ
2658 1321 2997 1393 κυϐερνήτου
3034 1320 3201 1391 τέχνη
3232 1321 3299 1390 τῇ
3337 1319 3448 1389 νηῒ.
3496 1316 3663 1371 Ἀλλὰ

2071 1414 2242 1471 ταῦτα
2275 1416 2377 1486 μὲν
2395 1415 2495 1485 οὐχ
2521 1415 2550 1467 ό
2573 1412 2906 1484 δογματικδς
2924 1412 3146 1479 διέξεισι
3168 1410 3325 1480 λόγος
3347 1410 3443 1463 καὶ
3466 1409 3657 1479 ἀκίνη-

2071 1524 2183 1572 τος,
2206 1507 2281 1571 ὡς
2303 1506 2405 1578 ἢδη
2432 1508 2525 1561 καὶ
2545 1506 2641 1560 τοῦ
2662 1506 2950 1579 προοιμίου
2981 1508 3012 1576 ἠ
3034 1504 3299 1575 διασκευὴ
3320 1502 3663 1570 ἐπεδείξατο,

2072 1600 2188 1654 ἀλλ’
2219 1601 2248 1653 ό
2274 1598 2586 1661 είκαστικός
2614 1616 2674 1653 τε
2718 1599 2816 1652 καὶ
2848 1597 3219 1668 γυμναστικὸς
3252 1593 3661 1649 διετυπώσατοο

2072 1694 2349 1766 κρατείτω
2373 1694 2419 1749 δ’
2449 1693 2542 1748 οὖν
2563 1694 2710 1764 ὅμως
2741 1690 2936 1757 ταῦτα,
2968 1689 3073 1755 ἕως
3101 1688 3359 1762 ἀνακύψει
3378 1688 3448 1742 τά
3477 1684 3665 1759 κρείτ-

374 1790 517 1846 tlicta
539 1797 691 1850 sunt.
719 1797 777 1843 ut
804 1788 859 1842 in
886 1788 1155 1859 prommio
1181 1790 1629 1858 prtemonuimus,
1664 1792 1758 1844 sed
1784 1792 1965 1859 potius
1995 1788 2041 1797 ”
2073 1801 2225 1841 τονα.

374 1899 469 1954 per
505 1882 881 1953 conjecturam
914 1891 969 1936 et
1008 1882 1420 1938 exercitationis
1470 1883 1644 1954 gratia
1693 1882 1963 1940 delineata

375 1986 525 2032 sunt.
565 1973 794 2029 Valeant
820 1988 950 2044 ergo
978 1973 1093 2029 haec
1126 1974 1303 2043 quoad
1339 1975 1565 2031 meliora
1596 1986 1815 2032 exeant.

658 2081 991 2151 QUESTIO
1033 2082 1239 2138 LXXVI
1285 2084 1382 2156 [αι.
1410 2084 1652 2160 LXXV].

376 2177 519 2254 Quid
557 2177 826 2254 εὲίιὶῌυιιιιΔ
864 2176 1022 2254 illud,
1051 2178 1205 2254 quod
1230 2196 1277 2254 _a
1312 2178 1540 2254 Domino
1581 2182 1859 2254 discipulis
1903 2189 1959 2243 in

452 2247 738 2327 Evangelia
772 2249 970 2327 dicitur
997 2262 1017 2303 :
1049 2268 1067 2299 ι
1113 2247 1267 2327 Vobis
1300 2249 1500 2327 datum_
1528 2264 1622 2316 est,
1658 2247 1811 2327 nosse
1847 2275 1963 2327 my-

445 2318 618 2394 steria
656 2320 803 2390 regni
850 2318 969 2394 Dei.
1008 2332 1106 2372 att
1137 2320 1212 2372 ris
1259 2330 1435 2394 autem
1482 2323 1535 2375 in
1564 2326 1859 2394 parabolis,
1901 2318 1961 2383 ἶιι

446 2391 682 2514 ritien'tfsr
715 2388 829 2444 non
880 2388 1124 2454 videant,
1176 2400 1225 2444 et
1280 2388 1572 2447 audientes"
1605 2411 1708 2449 non
1755 2388 1963 2454 intelli-

446 2471 572 2514 aant
714 2478 734 2513 ι
1018 2487 1034 2500 -

444 2471 572 2533 gant
592 2463 682 2514 "7
714 2478 734 2513 ι

2603 2088 2944 2146 ΕΡΩΤΗΣΙΣ
2983 2088 3098 2154 OG'
3108 2126 3145 2142 ..

2024 2194 2061 2217 λ
2079 2194 2143 2251 Τί
2177 2188 2362 2260 δηλοῖ
2393 2190 2461 2244 τὸ
2497 2186 2656 2254 παρὰ
2698 2185 2803 2260 τοῦ
2833 2182 3058 2260 Κυρίου
3099 2180 3251 2260 τοῖς-
3265 2170 3667 2260 nudantia?

2144 2242 2639 2329 zt‘pri'dafrsliq)
2690 2242 3052 2329 elpmieﬁmy
3115 2242 3353 2329 ("Tyr’r
3417 2242 3665 2329 δέδοται

2142 2317 2367 2404 ﬁdam.
2397 2317 2481 2385 τὶῖ
2498 2317 3307 2404 μυρίτήρὶαἾὶῆςῼβςισξιλςίας
3331 2317 3661 2404 Eoi???“

2143 2388 2267 2470 τοῖς
2290 2403 2358 2456 δὲ
2394 2388 2634 2464 λοιὲτοῖς
2670 2388 2741 2470 si;
2774 2388 3171 2470 παραϐολαῖς,
3191 2391 3295 2442 ἵνα
3316 2388 3662 2468 ,βλέποντες

2137 2476 2225 2546 μὴ
2245 2459 2547 2540 ξβλέπωσι,
2576 2459 2676 2523 καί
2697 2459 3026 2528 ἀκούοντες
3052 2462 3136 2532 μὴ
3173 2459 3429 2514 συνιὼσι
3457 2472 3478 2522 ;
3524 2474 3544 2506 ι

464 2577 722 2628 Editarum
745 2593 774 2629 a
805 2577 984 2627 Wolﬁo
1006 2578 1224 2627 secunda
1247 2578 1361 2629 Cur.
1390 2578 1571 2630 Philol.
1594 2581 1654 2638 V,
1674 2582 1904 2651 639-671,
1929 2608 1963 2659 εί

2094 2593 2343 2652 Galland.,
2385 2595 2422 2639 t.
2454 2586 2587 2646 Xlll,
2619 2598 2668 2646 p.
2688 2582 2920 2641 698-702,
2955 2592 3008 2628 n.
3042 2579 3090 2627 2.
3128 2576 3184 2626 In
3212 2575 3332 2624 Luc.
3355 2583 3457 2629 vnt,
3486 2568 3563 2618 ιο.

446 2689 662 2745 Dictum
697 2687 854 2755 illud,
897 2686 1057 2758 cujus
1096 2703 1321 2743 sensum
1362 2704 1428 2744 ex
1474 2705 1562 2746 me
1594 2695 1963 2769 requisivisti,

375 2800 409 2840 a
435 2791 674 2855 quatuor
701 2782 925 2854 quidem
964 2781 1321 2852 evangelistis
1348 2786 1713 2857 perscriptum
1757 2802 1962 2862 exstat,

377 2877 447 2932 ab
479 2876 618 2932 Isaia
656 2891 787 2931 vero
820 2876 1087 2947 propheta
1132 2877 1562 2947 praenuntiatum
1604 2883 1774 2939 est".
1828 2883 1967 2942 Tres

378 2982 560 3027 autem
592 2984 784 3025 eorum
832 2969 1120 3025 oraculum
1153 2970 1259 3024 hoc
1294 2971 1413 3027 suis
1439 2973 1621 3030 verbis
1664 2985 1719 3030 et
1745 2977 1965 3047 quidem

377 3062 791 3133 paraphrastice
830 3070 1168 3126 contexunt,
1224 3063 1445 3120 divinus
1494 3081 1623 3121 vero
1681 3067 1968 3127 Mattbazns

377 3155 498 3211 suis
530 3154 689 3221 illud,
719 3154 900 3209 instar
930 3154 1258 3221 testimonii,
1304 3158 1548 3227 apponit.
1582 3156 1749 3217 Isaias
1795 3164 1966 3230 enim,

377 3261 505 3300 cum
549 3253 851 3315 conspectu
878 3244 1065 3313 gloria:
1084 3246 1305 3301 Domini
1326 3248 1530 3319 dignus
1548 3250 1771 3309 habitus
1798 3264 1967 3319 esset,

377 3338 525 3393 etab
576 3353 686 3392 uno
737 3352 805 3392 ex
862 3338 1173 3409 serapliinis
1208 3342 1467 3397 carbone
1518 3343 1757 3414 linguam
1806 3364 1965 3402 suam

376 3439 666 3501 purgatam
711 3430 964 3496 vidisset,
1016 3430 1258 3486 divinam
1312 3433 1460 3488 illam
1506 3450 1693 3491 vocem
1728 3440 1964 3507 audivit,

371 3524 655 3595 jubentem
701 3540 716 3579 :
761 3542 781 3577 ι
814 3522 942 3589 Abi,
1002 3533 1057 3579 et
1108 3524 1198 3581 dic
1249 3527 1452 3596 populo
1507 3528 1584 3583 illi
1631 3522 1967 3591 :Audiendo

374 3612 631 3679 audietis,
665 3621 722 3670 et
763 3626 870 3669 non
913 3614 1258 3687 intelligetis,
1294 3628 1349 3671 et
1387 3616 1625 3675 videndo
1664 3621 1917 3680 videbitis
1947 3663 1964 3691 ,

373 3718 429 3762 et
460 3723 571 3762 non
611 3706 893 3764 videbitis.
918 3708 1291 3765 lncrassatum
1341 3721 1427 3767 est
1472 3713 1617 3769 enim
1650 3730 1748 3771 cor
1775 3717 1963 3787 populi

374 3798 565 3870 hujus,
601 3808 657 3855 et
702 3801 933 3857 auribus
973 3800 1268 3858 dilIiculter
1310 3806 1661 3872 audiverunt,
1702 3818 1755 3863 et
1793 3810 1971 3865 oculis

374 3894 681 3961 nictarunt,
715 3909 784 3948 ne
819 3893 1041 3949 videant
1060 3896 1262 3962 oculis,
1296 3906 1352 3952 et
1382 3898 1613 3955 auribus
1635 3900 1886 3969 audiant,
1912 3911 1968 3958 et

374 3996 560 4042 mente
584 3985 909 4055 percipiant,
941 3995 997 4041 et
1021 3995 1439 4056 convertantur,
1465 3997 1521 4045 et
1541 4005 1731 4047 sauem
1766 3992 1908 4050 illos.
1941 4013 1965 4047 ν

370 4076 453 4133 Ita
482 4077 645 4132 habet
664 4077 950 4133 oraculum
979 4079 1380 4149 propheticum,
1414 4097 1523 4152 quo
1547 4093 1782 4140 utuntur
1803 4102 1967 4142 evan-

374 4164 622 4233 gelista;
681 4164 939 4236 idemque
1002 4176 1119 4223 tum
1181 4169 1586 4240 improbitatem
1647 4173 1962 4232 Judzeorum

375 4258 523 4314 illius
543 4259 722 4316 aetatis
740 4260 941 4329 prodit,
970 4269 1087 4317 tum
1116 4277 1248 4318 vero
1271 4279 1379 4319 non
1404 4267 1589 4323 minus
1619 4272 1965 4339 praenuntiat

373 4361 658 4423 stuporem
709 4347 1081 4426 posterorum,
1126 4356 1221 4427 qui
1253 4359 1502 4416 eamdem
1560 4361 1827 4419 imitando
1868 4380 1966 4420 ex-

373 4445 645 4516 pressuri,
679 4454 736 4501 et
780 4443 1088 4503 Salvatoris
1133 4448 1440 4515 doctrinam
1493 4468 1603 4507 non
1663 4453 1959 4511 admissuri
1991 4480 2035 4535 υ

374 4540 507 4607 sint,
540 4540 633 4610 qui
663 4551 718 4597 et
744 4542 1088 4600 admirandis
1130 4544 1391 4615 operibus
1426 4554 1481 4601 et
1510 4547 1691 4604 verbis
1718 4548 1960 4607 divinio-

371 4633 525 4690 ribus
555 4641 612 4689 et
636 4649 800 4691 aures
821 4648 1011 4691 eorum
1036 4645 1090 4692 et
1119 4639 1308 4694 oculos
1338 4639 1670 4697 convincere
1718 4643 1960 4699 conaba-

372 4734 481 4779 tur.
517 4725 598 4780 llli
649 4725 861 4782 scilicet
902 4728 1028 4782 data
1087 4742 1254 4797 opera
1292 4744 1457 4786 aures
1500 4731 1722 4799 surdas,
1763 4733 1959 4788 oculos

370 4825 554 4871 autem
608 4832 721 4887 prae
772 4818 1181 4874 incredulitatis
1229 4820 1471 4891 caligine
1513 4837 1714 4888 caecos,
1765 4824 1959 4879 redde-

371 4911 524 4973 bant.
552 4926 731 4982 neque
759 4927 924 4967 aures
956 4910 1027 4966 ad
1058 4913 1223 4967 verba
1252 4911 1391 4967 adeo
1422 4912 1688 4968 salutaria
1718 4915 1953 4984 aperire,

369 5017 551 5074 neque
592 5004 785 5059 oculos
825 5004 893 5060 ad
925 5004 1172 5061 divinam
1217 5004 1618 5062 miraculorum
1648 5006 1830 5063 lucem
1864 5022 1958 5063 ex-

440 5183 483 5216 "
508 5184 643 5240 Luc.
676 5201 794 5254 vin,
829 5185 917 5239 l0.
994 5186 1041 5217 "
1061 5184 1170 5243 lsa.
1203 5204 1277 5256 νι,
1313 5189 1369 5258 9,
1401 5190 1490 5247 10.

1898 5369 2132 5430 ΝΟΤᾸΕ.

442 5566 555 5646 (βξ)
594 5560 842 5646 ρῦηἰιιυά
881 5578 968 5646 est
995 5586 1061 5646 ex
1090 5570 1246 5627 Colb.
1275 5572 1417 5641 quod
1459 5587 1661 5630 sensus
1686 5573 1948 5646 postulat.

441 5641 557 5715 (illi)
589 5638 745 5715 99'”-
776 5638 1302 5715 ρῐοέγγέγραπταιέ

440 5708 556 5779 (εἶ)
592 5710 750 5764 Ἐστι
780 5708 952 5767 Colb.
972 5708 1166 5779 prosi.

446 5728 556 5779 ιδιι
594 5728 750 5764 non
780 5728 938 5767 nom.
1010 5729 1070 5769 ro
1089 5728 1166 5770 τι.

446 5779 560 5851 (88)
593 5779 685 5837 Sic
718 5792 865 5840 recte
892 5728 1047 5840 Corb.
1077 5799 1176 5858 pro
1215 5805 1229 5844 :
1269 5784 1451 5842 Ἄλλοι
1482 5784 1580 5857 μὲν
1610 5786 1789 5857 λέγεις
1833 5805 1938 5843 πα-

1993 3110 2042 3174 C

2146 2705 2221 2757 Τὸ
2265 2701 2428 2774 ῥητὸν
2479 2698 2592 2770 (85)
2634 2690 2696 2751 οὗ
2758 2692 2954 2766 μαθεῖν
2993 2692 3091 2759 τὴν
3139 2686 3379 2739 διάνοιαν
3422 2678 3656 2751 ᾔτησας,

2068 2800 2181 2862 τοῖς
2240 2796 2500 2864 τέτταρσι
2562 2792 2659 2862 μὲν
2713 2788 2825 2842 τῶν
2873 2780 3279 2853 εύαγγελιστῶν
3337 2774 3659 2864 ἀναγέγραῖ

2069 2906 2201 2943 πται
2247 2887 2382 2959 (86),
2415 2862 2563 2938 εστι
2612 2881 2725 2953 (87)
2770 2879 2829 2933 δὲ
2877 2871 3279 2948 προειρημένον
3338 2862 3661 2959 Ἡσαΐᾳ.-τῷ

2070 2955 2352 3052 προφήτῃ.⁷
2385 2976 2529 3031 Ἀλλ’
2553 2975 2604 3028 oi
2637 2974 2736 3045 μὲν
2763 2972 2913 3042 τρεῖς
2937 2964 3351 3038 παραφράσεως
3369 2956 3482 3029 (88)
3508 2955 3661 3052 νόμῳ

2072 3049 2456 3140 συνυφαίνουσι
2481 3068 2541 3121 τὸ
2575 3066 2741 3139 ῥητὸν
2773 3064 2953 3132 λόγοις
3003 3060 3174 3123 ίδίοις,
3204 3060 3232 3111 ό
3254 3055 3311 3110 δέ
3366 3069 3429 3121 γε
3460 3049 3661 3103 θεσπὲο

2080 3180 2193 3227 σιος
2227 3161 2506 3224 Ματθαῖος
2542 3159 2685 3213 κατά
2716 3156 3024 3228 παράθεσιν
3054 3152 3188 3206 αὐτὸ
3218 3150 3313 3204 καὶ
3345 3145 3660 3219 μαρτυρίας

2068 3254 2225 3326 τύπῳ
2262 3255 2474 3323 εἰσάγει
2505 3253 2641 3324 (89).
2680 3251 2909 3313 Ἡσαΐας
2966 3248 3098 3319 γὰρ,
3139 3244 3307 3317 ἡνίκα
3351 3245 3453 3312 τῆς
3501 3240 3661 3308 δόξης

2070 3349 2278 3420 Κυρίου
2321 3347 2518 3419 θεατὴς
2557 3344 2766 3417 ἠξιώθη
2804 3343 3100 3413 γενέσθαι,
3157 3340 3252 3393 καὶ
3291 3336 3373 3407 τῷ
3423 3334 3663 3404 ἄνθρακι

2067 3441 2137 3496 δι’
2166 3442 2286 3506 ἑνὸς
2313 3443 2422 3495 τῶν
2455 3441 2729 3512 σεραφεὶμ
2751 3437 3033 3509 ἐκαθάρθη
3057 3434 3126 3487 τὰ
3155 3432 3334 3505 χείλη,
3352 3426 3663 3500 τηνικαῦτα

2069 3535 2165 3589 καὶ
2193 3535 2291 3604 τῆς
2317 3533 2468 3596 θείας
2501 3531 2718 3601 ἐκείνης
2746 3530 2981 3600 ἤκουσεν
3014 3526 3197 3597 φωνῆς
3220 3540 3234 3553 ·
3279 3542 3297 3574 ι
3327 3518 3661 3590 Πορεύθητι,

2067 3625 2354 3696 λεγούσης,
2378 3625 2473 3679 καὶ
2501 3623 2670 3678 εἰπὼν
2705 3620 2785 3693 τῷ
2810 3619 2925 3689 λαῷ
2950 3617 3147 3688 τούτῳο
3173 3616 3335 3685 Ἀκοῇ
3367 3611 3665 3671 ἀκούσετε,

2068 3720 2165 3775 καὶ
2194 3720 2256 3774 οὐ
2287 3718 2364 3791 μὴ
2397 3717 2611 3788 συνῆτε,
2631 3716 2728 3769 καὶ
2764 3714 3059 3786 βλέποντες
3092 3708 3344 3782 βλέψετε,
3366 3705 3466 3759 καὶ
3488 3703 3551 3757 ού
3586 3703 3666 3772 μὴ

2070 3814 2240 3885 ἴδητε.
2289 3809 2602 3882 Ἐπαχύνθη
2649 3809 2760 3880 γάρ
2796 3809 2830 3878 ὴ
2864 3805 3065 3878 καρδία
3112 3801 3208 3856 τοῦ
3257 3797 3390 3853 λαοῦ
3440 3796 3665 3861 τούτου,

2067 3908 2161 3960 καὶ
2189 3907 2303 3969 τοῖς
2327 3904 2431 3957 ὠσὶ
2459 3902 2670 3975 βαρέως
2699 3896 2964 3972 ἥκουσαν,
2996 3897 3089 3951 καὶ
3118 3892 3435 3965 ὀφθαλμοὺς
3480 3890 3667 3960 ἐκάμ-

2069 4016 2270 4070 μυσαν,
2301 3998 2375 4069 μή
2428 3996 2548 4050 ποτ’
2584 3995 2735 4047 ἴδωσι
2762 3995 2871 4055 τοῖς
2902 3990 3226 4061 ὀφθαλμοῖς,
3260 3987 3492 4049 καὶτοῖς
3525 3985 3667 4038 ὠσὶν

2065 4090 2397 4153 ἀκούσωσιν,
2432 4088 2529 4144 καὶ
2562 4091 2630 4159 τῇ
2675 4086 2877 4157 καρδίᾳ.
2935 4083 3157 4144 συνῶσι.
3187 4082 3285 4135 καὶ
3313 4080 3665 4149 ἑπιστρὲψωξ

2067 4200 2172 4247 σιν,
2222 4183 2319 4235 καὶ
2378 4181 2617 4251 ίάσωμαι
2680 4179 2902 4242 αύτούς.
2943 4197 2961 4229 ι
3011 4175 3174 4230 Ἀλλά
3214 4172 3390 4227 ταῦτα
3441 4172 3544 4243 μὲν
3592 4172 3667 4225 τὰ

2065 4274 2382 4344 προφητικὰ
2432 4272 2675 4343 ῥήματα,
2709 4262 2786 4324 ὦ)
2828 4270 2880 4339 ἡ⁹
2908 4268 3102 4339 χρῆσις
3153 4268 3263 4329 τοῖς
3298 4262 3663 4332 Εύαγγελίοις

2065 4364 2477 4434 περιείληπται,
2510 4359 2735 4431 δηλοῦσι
2759 4359 2817 4412 δὲ
2848 4358 2948 4429 τὴν
2977 4355 3373 4427 ἀγνωμοσύνην
3402 4355 3513 4407 τῶν
3537 4353 3662 4407 κατ’

2065 4457 2241 4509 ἐκεῖνο
2268 4454 2381 4525 (90)
2425 4453 2622 4524 καιροῦ
2663 4451 2960 4505 Ἰουδαίων.
3010 4450 3175 4503 Οὐδὲν
3223 4450 3279 4501 δὲ
3309 4443 3476 4519 ἦττον
3524 4461 3663 4515 προο

2062 4547 2286 4615 λέγουσι
2319 4546 2415 4600 καὶ
2441 4544 2550 4599 τῶν
2583 4543 2809 4619 ὕστερον
2848 4542 3030 4596 αὐτῶν
3064 4540 3162 4613 τὴν
3191 4541 3426 4611 μίμησιν
3457 4540 3663 4590 ἐναπο-

2067 4639 2417 4712 μαξαμένων,
2474 4639 2571 4692 καὶ
2632 4642 2697 4710 τῇ
2745 4636 2838 4690 τοῦ
2895 4634 3149 4705 Σωτῆρος
3204 4629 3529 4709 διδασκαλίᾳ
3577 4629 3656 4699 μὴ

2064 4733 2421 4799 πεισθέντων,
2483 4732 2561 4797 ὡς
2611 4732 2793 4805 ἔργοις
2835 4746 2894 4783 τε
2942 4726 3267 4797 παραδόξοις
3324 4726 3421 4778 καὶ
3476 4724 3659 4790 λόγοις

2065 4824 2373 4896 ύπερφυέσι
2401 4824 2501 4896 τήν
2522 4841 2584 4877 τε
2609 4824 2779 4894 ἀκοὴν
2813 4821 2993 4876 αὐτῶν
3019 4821 3113 4873 καῖ
3145 4820 3247 4891 τὴν
3278 4817 3403 4886 ὄψιν
3438 4813 3656 4885 διήλεγο

2063 4918 2175 4985 ξεν,
2203 4917 2302 4988 τὴν
2340 4917 2439 4988 μὲν
2466 4914 2829 4986 κωφεύουσαν
2862 4914 3151 4976 ἑκουσίως,
3180 4912 3281 4981 τὴν
3310 4910 3369 4963 δὲ
3397 4906 3653 4977 τυφλώτ-

2063 5006 2265 5064 τουσαν
2306 5013 2375 5082 τῇ
2403 5010 2555 5083 λήμη
2582 5010 2683 5081 τῆς
2713 5007 2994 5072 ἀπιστίας.
3031 5007 3138 5059 Καὶ
3181 5004 3305 5058 οὔτε
3353 5003 3491 5075 πρὸς
3530 5018 3656 5055 τοσ-

2057 5571 2398 5644 ραδράσεως.

2128 5641 2240 5715 (89)
2272 5643 2533 5715 ῐῖροάγει,
2568 5642 2723 5699 Colb.
2756 5641 2877 5698 Vid.
2910 5644 3098 5700 Matth.
3124 5658 3246 5708 xm.
3280 5643 3367 5699 Η.

2131 5713 2245 5786 (90)
2282 5713 2374 5769 Sic
2414 5715 2616 5786 scripsi
2658 5729 2757 5786 pro
2783 5715 3017 5770 ἐκείνου.
3047 5715 3248 5771 Eadem
3279 5713 3465 5786 phrasi
3490 5726 3633 5777 mox,

2052 5802 2107 5843 n.
2156 5786 2242 5855 13,
2280 5788 2450 5842 utitur
2479 5785 2729 5857 Pliotius,
2773 5802 2875 5844 nec
2900 5787 3083 5844 minus
3127 5785 3635 5858 alias’frcquenter.
