  <div class='ocr_page' id='page_1' title='image "/cluster/home/n/w/nwhite01/storage/ocr_20150623/101/hvd.32044018872879/258.png"; bbox 0 0 3884 6202; ppageno 0'>
   <div class='ocr_carea' id='block_1_1' title="bbox 213 274 325 342">
    <p class='ocr_par' dir='ltr' id='par_1_1' title="bbox 213 274 325 342">
     <span class='ocr_line' id='line_1_1' title="bbox 213 274 325 342; baseline 0 0"><span class='ocrx_word' id='word_1_1' title='bbox 213 274 325 342; x_wconf 66' lang='grc'><strong>469</strong></span> 
     </span>
    </p>
   </div>
   <div class='ocr_carea' id='block_1_2' title="bbox 1173 277 2595 352">
    <p class='ocr_par' dir='ltr' id='par_1_2' title="bbox 1173 277 2595 352">
     <span class='ocr_line' id='line_1_2' title="bbox 1173 277 2595 352; baseline -0.002 -11"><span class='ocrx_word' id='word_1_2' title='bbox 1173 282 1273 342; x_wconf 91' lang='lat' dir='ltr'><strong>AD</strong></span> <span class='ocrx_word' id='word_1_3' title='bbox 1306 279 1902 344; x_wconf 81' lang='lat' dir='ltr'><strong>AM-PIIILOCIIIUM</strong></span> <span class='ocrx_word' id='word_1_4' title='bbox 1940 277 2294 352; x_wconf 72' lang='lat' dir='ltr'><strong>QU/ESTIO</strong></span> <span class='ocrx_word' id='word_1_5' title='bbox 2334 278 2595 338; x_wconf 75' lang='lat' dir='ltr'><strong>LXXVI.</strong></span> 
     </span>
    </p>
   </div>
   <div class='ocr_carea' id='block_1_3' title="bbox 3375 273 3485 339">
    <p class='ocr_par' dir='ltr' id='par_1_3' title="bbox 3375 273 3485 339">
     <span class='ocr_line' id='line_1_3' title="bbox 3375 273 3485 339; baseline 0.009 -1"><span class='ocrx_word' id='word_1_6' title='bbox 3375 273 3485 339; x_wconf 75' lang='lat' dir='ltr'><strong>rm</strong></span> 
     </span>
    </p>
   </div>
   <div class='ocr_carea' id='block_1_4' title="bbox 208 386 1785 479">
    <p class='ocr_par' dir='ltr' id='par_1_4' title="bbox 208 386 1785 479">
     <span class='ocr_line' id='line_1_4' title="bbox 208 386 1785 479; baseline 0.001 -39"><span class='ocrx_word' id='word_1_7' title='bbox 208 386 382 456; x_wconf 87' lang='grc' dir='ltr'>αύτην</span> <span class='ocrx_word' id='word_1_8' title='bbox 427 388 691 460; x_wconf 78' lang='grc' dir='ltr'><strong>ῥημάτων</strong></span> <span class='ocrx_word' id='word_1_9' title='bbox 741 390 859 461; x_wconf 98' lang='grc'><strong>(91)</strong></span> <span class='ocrx_word' id='word_1_10' title='bbox 904 390 1175 462; x_wconf 83' lang='grc' dir='ltr'>ὠφέλειαν</span> <span class='ocrx_word' id='word_1_11' title='bbox 1218 393 1324 479; x_wconf 33' lang='grc' dir='ltr'>,τὴν</span> <span class='ocrx_word' id='word_1_12' title='bbox 1370 392 1543 461; x_wconf 87' lang='grc' dir='ltr'>ἀκοὴν</span> <span class='ocrx_word' id='word_1_13' title='bbox 1587 390 1785 455; x_wconf 50' lang='grc' dir='ltr'>ἀνοῖξαι</span> 
     </span>
    </p>
   </div>
   <div class='ocr_carea' id='block_1_5' title="bbox 1892 386 3480 479">
    <p class='ocr_par' dir='ltr' id='par_1_5' title="bbox 1904 386 3480 458">
     <span class='ocr_line' id='line_1_5' title="bbox 1904 386 3480 458; baseline 0 -15"><span class='ocrx_word' id='word_1_14' title='bbox 1904 390 2144 458; x_wconf 88' lang='lat' dir='ltr'><strong>pandere</strong></span> <span class='ocrx_word' id='word_1_15' title='bbox 2164 388 2442 442; x_wconf 72' lang='lat' dir='ltr'><strong>volebant.</strong></span> <span class='ocrx_word' id='word_1_16' title='bbox 2478 388 2604 442; x_wconf 80' lang='lat' dir='ltr'><strong>lrleo</strong></span> <span class='ocrx_word' id='word_1_17' title='bbox 2630 386 2916 457; x_wconf 77' lang='lat' dir='ltr'><strong>propheta,</strong></span> <span class='ocrx_word' id='word_1_18' title='bbox 2945 386 3269 442; x_wconf 80' lang='lat' dir='ltr'><strong>surditatem</strong></span> <span class='ocrx_word' id='word_1_19' title='bbox 3286 402 3480 443; x_wconf 83' lang='lat' dir='ltr'><strong>eorum</strong></span> 
     </span>
    </p>
   </div>
   <div class='ocr_carea' id='block_1_6' title="bbox 206 478 1791 556">
    <p class='ocr_par' dir='ltr' id='par_1_6' title="bbox 206 478 1791 556">
     <span class='ocr_line' id='line_1_6' title="bbox 206 478 1791 556; baseline 0.004 -25"><span class='ocrx_word' id='word_1_20' title='bbox 206 478 495 544; x_wconf 72' lang='grc' dir='ltr'>ἐθέλοντας</span> <span class='ocrx_word' id='word_1_21' title='bbox 526 482 639 553; x_wconf 75' lang='grc'><strong>(92)</strong></span> <span class='ocrx_word' id='word_1_22' title='bbox 658 523 675 548; x_wconf 89' lang='grc'><strong>,</strong></span> <span class='ocrx_word' id='word_1_23' title='bbox 702 482 825 537; x_wconf 73' lang='grc' dir='ltr'>οὔτε</span> <span class='ocrx_word' id='word_1_24' title='bbox 849 486 984 556; x_wconf 69' lang='grc' dir='ltr'>πρὸς</span> <span class='ocrx_word' id='word_1_25' title='bbox 1020 484 1533 556; x_wconf 73' lang='grc' dir='ltr'>οὕτω.‹θεοπρεπεϊς</span> <span class='ocrx_word' id='word_1_26' title='bbox 1577 482 1791 552; x_wconf 85' lang='grc' dir='ltr'>θαυμά-</span> 
     </span>
    </p>
   </div>
   <div class='ocr_carea' id='block_1_7' title="bbox 204 570 1790 647">
    <p class='ocr_par' dir='ltr' id='par_1_7' title="bbox 204 570 1790 647">
     <span class='ocr_line' id='line_1_7' title="bbox 204 570 1790 647; baseline 0 -23"><span class='ocrx_word' id='word_1_27' title='bbox 204 587 316 624; x_wconf 90' lang='grc' dir='ltr'><strong>των</strong></span> <span class='ocrx_word' id='word_1_28' title='bbox 354 570 468 641; x_wconf 75' lang='lat'><strong>(93)</strong></span> <span class='ocrx_word' id='word_1_29' title='bbox 516 572 869 645; x_wconf 76' lang='grc' dir='ltr'><strong>λαμπηδόνας</strong></span> <span class='ocrx_word' id='word_1_30' title='bbox 901 576 1029 640; x_wconf 82' lang='grc' dir='ltr'>τοὺς</span> <span class='ocrx_word' id='word_1_31' title='bbox 1080 575 1396 647; x_wconf 76' lang='grc' dir='ltr'>ὀφθαλμοὺς</span> <span class='ocrx_word' id='word_1_32' title='bbox 1441 573 1790 629; x_wconf 82' lang='grc' dir='ltr'><strong>ἀναπετάσαι</strong></span> 
     </span>
    </p>
   </div>
   <div class='ocr_carea' id='block_1_8' title="bbox 205 660 1790 740">
    <p class='ocr_par' dir='ltr' id='par_1_8' title="bbox 205 660 1790 740">
     <span class='ocr_line' id='line_1_8' title="bbox 205 660 1790 740; baseline 0.003 -27"><span class='ocrx_word' id='word_1_33' title='bbox 205 660 588 733; x_wconf 85' lang='grc' dir='ltr'>βουληθέντας.</span> <span class='ocrx_word' id='word_1_34' title='bbox 635 665 727 720; x_wconf 84' lang='grc' dir='ltr'>Διὸ</span> <span class='ocrx_word' id='word_1_35' title='bbox 774 667 870 721; x_wconf 71' lang='grc' dir='ltr'>καὶ</span> <span class='ocrx_word' id='word_1_36' title='bbox 903 670 931 721; x_wconf 84' lang='grc' dir='ltr'><strong>ὁ</strong></span> <span class='ocrx_word' id='word_1_37' title='bbox 974 670 1261 740; x_wconf 80' lang='grc' dir='ltr'><strong>προφήτης</strong></span> <span class='ocrx_word' id='word_1_38' title='bbox 1302 668 1365 721; x_wconf 72' lang='grc' dir='ltr'>τὸ</span> <span class='ocrx_word' id='word_1_39' title='bbox 1393 666 1578 737; x_wconf 72' lang='grc' dir='ltr'>κωφὸν</span> <span class='ocrx_word' id='word_1_40' title='bbox 1605 667 1790 729; x_wconf 84' lang='grc' dir='ltr'>αὐτοῖς</span> 
     </span>
    </p>
   </div>
   <div class='ocr_carea' id='block_1_9' title="bbox 203 754 1788 833">
    <p class='ocr_par' dir='ltr' id='par_1_9' title="bbox 203 754 1788 833">
     <span class='ocr_line' id='line_1_9' title="bbox 203 754 1788 833; baseline 0.005 -27"><span class='ocrx_word' id='word_1_41' title='bbox 203 754 301 807; x_wconf 68' lang='grc' dir='ltr'><strong>ναὶ</strong></span> <span class='ocrx_word' id='word_1_42' title='bbox 323 755 525 825; x_wconf 81' lang='grc' dir='ltr'>τυφλὸν</span> <span class='ocrx_word' id='word_1_43' title='bbox 567 758 671 812; x_wconf 77' lang='grc' dir='ltr'>οὐκ</span> <span class='ocrx_word' id='word_1_44' title='bbox 707 758 1026 830; x_wconf 83' lang='grc' dir='ltr'>ἀλλαχόθεν,</span> <span class='ocrx_word' id='word_1_45' title='bbox 1061 762 1127 815; x_wconf 78' lang='grc' dir='ltr'>ὲκ</span> <span class='ocrx_word' id='word_1_46' title='bbox 1174 760 1231 815; x_wconf 82' lang='grc' dir='ltr'>δὲ</span> <span class='ocrx_word' id='word_1_47' title='bbox 1256 764 1356 831; x_wconf 85' lang='grc' dir='ltr'><strong>τῆς</strong></span> <span class='ocrx_word' id='word_1_48' title='bbox 1397 761 1534 824; x_wconf 85' lang='grc' dir='ltr'>ίδίας</span> <span class='ocrx_word' id='word_1_49' title='bbox 1581 760 1788 833; x_wconf 87' lang='grc' dir='ltr'>μοχθη-</span> 
     </span>
    </p>
   </div>
   <div class='ocr_carea' id='block_1_10' title="bbox 205 844 1784 923">
    <p class='ocr_par' dir='ltr' id='par_1_10' title="bbox 205 844 1784 923">
     <span class='ocr_line' id='line_1_10' title="bbox 205 844 1784 923; baseline 0.013 -27"><span class='ocrx_word' id='word_1_50' title='bbox 205 844 327 914; x_wconf 84' lang='grc' dir='ltr'>ρίας</span> <span class='ocrx_word' id='word_1_51' title='bbox 394 849 667 917; x_wconf 82' lang='grc' dir='ltr'>περιεῖναι</span> <span class='ocrx_word' id='word_1_52' title='bbox 717 849 1269 923; x_wconf 69' lang='grc' dir='ltr'><strong>διαμαρτυρόμενος,</strong></span> <span class='ocrx_word' id='word_1_53' title='bbox 1335 870 1352 903; x_wconf 79' lang='grc' dir='ltr'><strong>ι</strong></span> <span class='ocrx_word' id='word_1_54' title='bbox 1420 850 1735 923; x_wconf 87' lang='grc' dir='ltr'>Ἐπαχύνθη</span> <span class='ocrx_word' id='word_1_55' title='bbox 1765 889 1784 916; x_wconf 73' lang='grc'>9</span> 
     </span>
    </p>
   </div>
   <div class='ocr_carea' id='block_1_11' title="bbox 1895 479 3479 549">
    <p class='ocr_par' dir='ltr' id='par_1_11' title="bbox 1895 479 3479 549">
     <span class='ocr_line' id='line_1_11' title="bbox 1895 479 3479 549; baseline -0.003 -11"><span class='ocrx_word' id='word_1_56' title='bbox 1895 490 1952 538; x_wconf 87' lang='lat' dir='ltr'><strong>et</strong></span> <span class='ocrx_word' id='word_1_57' title='bbox 1996 481 2298 537; x_wconf 68' lang='lat' dir='ltr'><strong>caecitatem</strong></span> <span class='ocrx_word' id='word_1_58' title='bbox 2344 495 2452 534; x_wconf 90' lang='lat' dir='ltr'><strong>non</strong></span> <span class='ocrx_word' id='word_1_59' title='bbox 2522 479 2627 533; x_wconf 83' lang='lat' dir='ltr'><strong>nisi</strong></span> <span class='ocrx_word' id='word_1_60' title='bbox 2678 494 2745 533; x_wconf 78' lang='lat' dir='ltr'><strong>ex</strong></span> <span class='ocrx_word' id='word_1_61' title='bbox 2790 480 3011 549; x_wconf 81' lang='lat' dir='ltr'><strong>propria</strong></span> <span class='ocrx_word' id='word_1_62' title='bbox 3062 480 3267 535; x_wconf 86' lang='lat' dir='ltr'><strong>malitia</strong></span> <span class='ocrx_word' id='word_1_63' title='bbox 3306 489 3479 535; x_wconf 80' lang='lat' dir='ltr'><strong>ortam</strong></span> 
     </span>
    </p>
   </div>
   <div class='ocr_carea' id='block_1_12' title="bbox 1898 569 3477 639">
    <p class='ocr_par' dir='ltr' id='par_1_12' title="bbox 1898 569 3477 639">
     <span class='ocr_line' id='line_1_12' title="bbox 1898 569 3477 639; baseline -0.003 -11"><span class='ocrx_word' id='word_1_64' title='bbox 1898 580 2218 634; x_wconf 86' lang='lat' dir='ltr'><strong>Iestaturus,</strong></span> <span class='ocrx_word' id='word_1_65' title='bbox 2255 570 2335 624; x_wconf 93' lang='lat' dir='ltr'><strong>ait</strong></span> <span class='ocrx_word' id='word_1_66' title='bbox 2367 588 2381 624; x_wconf 89' lang='lat'><strong>:</strong></span> <span class='ocrx_word' id='word_1_67' title='bbox 2416 589 2434 622; x_wconf 80' lang='grc' dir='ltr'><strong>ι</strong></span> <span class='ocrx_word' id='word_1_68' title='bbox 2466 570 2834 627; x_wconf 84' lang='lat' dir='ltr'><strong>lncrassatum</strong></span> <span class='ocrx_word' id='word_1_69' title='bbox 2867 569 3012 624; x_wconf 91' lang='lat' dir='ltr'><strong>enim</strong></span> <span class='ocrx_word' id='word_1_70' title='bbox 3044 578 3126 624; x_wconf 83' lang='lat' dir='ltr'><strong>est</strong></span> <span class='ocrx_word' id='word_1_71' title='bbox 3164 584 3261 623; x_wconf 91' lang='lat' dir='ltr'><strong>cor</strong></span> <span class='ocrx_word' id='word_1_72' title='bbox 3296 570 3477 639; x_wconf 87' lang='lat' dir='ltr'><strong>populi</strong></span> 
     </span>
    </p>
   </div>
   <div class='ocr_carea' id='block_1_13' title="bbox 1897 662 3484 735">
    <p class='ocr_par' dir='ltr' id='par_1_13' title="bbox 1897 662 3484 735">
     <span class='ocr_line' id='line_1_13' title="bbox 1897 662 3484 735; baseline -0.001 -14"><span class='ocrx_word' id='word_1_73' title='bbox 1897 664 2084 735; x_wconf 77' lang='lat' dir='ltr'><strong>hujus.</strong></span> <span class='ocrx_word' id='word_1_74' title='bbox 2121 683 2139 717; x_wconf 75' lang='grc' dir='ltr'><strong>ι</strong></span> <span class='ocrx_word' id='word_1_75' title='bbox 2178 663 2243 717; x_wconf 83' lang='grc' dir='ltr'>Ει</span> <span class='ocrx_word' id='word_1_76' title='bbox 2272 663 2546 734; x_wconf 90' lang='lat' dir='ltr'><strong>quoniam</strong></span> <span class='ocrx_word' id='word_1_77' title='bbox 2583 662 2962 717; x_wconf 88' lang='lat' dir='ltr'><strong>incrassarunt</strong></span> <span class='ocrx_word' id='word_1_78' title='bbox 2991 676 3086 717; x_wconf 88' lang='lat' dir='ltr'><strong>cor</strong></span> <span class='ocrx_word' id='word_1_79' title='bbox 3121 676 3306 726; x_wconf 89' lang='lat' dir='ltr'><strong>suum,</strong></span> <span class='ocrx_word' id='word_1_80' title='bbox 3354 678 3484 733; x_wconf 62' lang='lat' dir='ltr'><strong>pro:</strong></span> 
     </span>
    </p>
   </div>
   <div class='ocr_carea' id='block_1_14' title="bbox 1896 753 3481 828">
    <p class='ocr_par' dir='ltr' id='par_1_14' title="bbox 1896 753 3481 828">
     <span class='ocr_line' id='line_1_14' title="bbox 1896 753 3481 828; baseline -0.002 -17"><span class='ocrx_word' id='word_1_81' title='bbox 1896 766 2080 828; x_wconf 85' lang='lat' dir='ltr'><strong>pterea</strong></span> <span class='ocrx_word' id='word_1_82' title='bbox 2137 755 2370 812; x_wconf 82' lang='lat' dir='ltr'><strong>auribus</strong></span> <span class='ocrx_word' id='word_1_83' title='bbox 2404 756 2522 810; x_wconf 79' lang='lat' dir='ltr'><strong>suis</strong></span> <span class='ocrx_word' id='word_1_84' title='bbox 2572 770 2716 826; x_wconf 66' lang='lat' dir='ltr'><strong>aegre</strong></span> <span class='ocrx_word' id='word_1_85' title='bbox 2748 753 3002 818; x_wconf 88' lang='lat' dir='ltr'><strong>audiunt,</strong></span> <span class='ocrx_word' id='word_1_86' title='bbox 3048 762 3103 809; x_wconf 87' lang='lat' dir='ltr'><strong>et</strong></span> <span class='ocrx_word' id='word_1_87' title='bbox 3142 754 3319 808; x_wconf 88' lang='lat' dir='ltr'><strong>oculis</strong></span> <span class='ocrx_word' id='word_1_88' title='bbox 3362 754 3481 810; x_wconf 83' lang='lat' dir='ltr'><strong>suis</strong></span> 
     </span>
    </p>
   </div>
   <div class='ocr_carea' id='block_1_15' title="bbox 1896 852 2127 906">
    <p class='ocr_par' dir='ltr' id='par_1_15' title="bbox 1896 852 2127 906">
     <span class='ocr_line' id='line_1_15' title="bbox 1896 852 2127 906; baseline -0.004 -1"><span class='ocrx_word' id='word_1_89' title='bbox 1896 852 2127 906; x_wconf 91' lang='lat' dir='ltr'><strong>nictant.</strong></span> 
     </span>
    </p>
   </div>
   <div class='ocr_carea' id='block_1_16' title="bbox 202 937 3480 1015">
    <p class='ocr_par' dir='ltr' id='par_1_16' title="bbox 202 937 3480 1015">
     <span class='ocr_line' id='line_1_16' title="bbox 202 937 3480 1015; baseline 0.004 -24"><span class='ocrx_word' id='word_1_90' title='bbox 202 937 360 1009; x_wconf 79' lang='grc' dir='ltr'>φησὶ,</span> <span class='ocrx_word' id='word_1_91' title='bbox 413 938 675 1011; x_wconf 86' lang='grc' dir='ltr'>ήκαρδία</span> <span class='ocrx_word' id='word_1_92' title='bbox 721 940 819 996; x_wconf 87' lang='grc' dir='ltr'><strong>τοῦ</strong></span> <span class='ocrx_word' id='word_1_93' title='bbox 866 941 1021 997; x_wconf 90' lang='grc' dir='ltr'>λαοῦ.</span> <span class='ocrx_word' id='word_1_94' title='bbox 1047 943 1261 999; x_wconf 86' lang='grc' dir='ltr'>τούτου.</span> <span class='ocrx_word' id='word_1_95' title='bbox 1303 962 1322 995; x_wconf 76' lang='grc' dir='ltr'><strong>ι</strong></span> <span class='ocrx_word' id='word_1_96' title='bbox 1359 943 1470 998; x_wconf 72' lang='grc' dir='ltr'>Καὶ</span> <span class='ocrx_word' id='word_1_97' title='bbox 1517 944 1641 998; x_wconf 74' lang='grc' dir='ltr'>ἐπεὶ</span> <span class='ocrx_word' id='word_1_98' title='bbox 1683 943 1785 1015; x_wconf 83' lang='grc' dir='ltr'>τὴν</span> <span class='ocrx_word' id='word_1_99' title='bbox 1821 942 2050 1014; x_wconf 82' lang='grc' dir='ltr'><strong>καρδίαν</strong></span> <span class='ocrx_word' id='word_1_100' title='bbox 2115 940 2300 996; x_wconf 81' lang='grc' dir='ltr'>αὐτῶν</span> <span class='ocrx_word' id='word_1_101' title='bbox 2363 940 2665 1011; x_wconf 79' lang='grc' dir='ltr'>ὲπάχυναν,</span> <span class='ocrx_word' id='word_1_102' title='bbox 2714 939 2803 995; x_wconf 86' lang='grc' dir='ltr'><strong>διά</strong></span> <span class='ocrx_word' id='word_1_103' title='bbox 2852 939 3013 996; x_wconf 88' lang='grc' dir='ltr'>τοῦτο</span> <span class='ocrx_word' id='word_1_104' title='bbox 3063 943 3158 998; x_wconf 71' lang='grc' dir='ltr'><strong>καὶ</strong></span> <span class='ocrx_word' id='word_1_105' title='bbox 3210 946 3324 1009; x_wconf 77' lang='grc' dir='ltr'>τοῖς</span> <span class='ocrx_word' id='word_1_106' title='bbox 3375 948 3480 1003; x_wconf 79' lang='grc' dir='ltr'><strong>ὠσὶ</strong></span> 
     </span>
    </p>
   </div>
   <div class='ocr_carea' id='block_1_17' title="bbox 204 1034 1956 1111">
    <p class='ocr_par' dir='ltr' id='par_1_17' title="bbox 204 1034 1956 1111">
     <span class='ocr_line' id='line_1_17' title="bbox 204 1034 1956 1111; baseline 0.002 -23"><span class='ocrx_word' id='word_1_107' title='bbox 204 1034 421 1106; x_wconf 85' lang='grc' dir='ltr'>βαρέως</span> <span class='ocrx_word' id='word_1_108' title='bbox 454 1036 720 1107; x_wconf 80' lang='grc' dir='ltr'>ήκουσαν,</span> <span class='ocrx_word' id='word_1_109' title='bbox 755 1037 1002 1103; x_wconf 72' lang='grc' dir='ltr'>καὶτοὺς</span> <span class='ocrx_word' id='word_1_110' title='bbox 1041 1039 1355 1111; x_wconf 73' lang='grc' dir='ltr'>ὀφθαλμοὺς</span> <span class='ocrx_word' id='word_1_111' title='bbox 1398 1038 1580 1093; x_wconf 81' lang='grc' dir='ltr'>αὐτῶν</span> <span class='ocrx_word' id='word_1_112' title='bbox 1606 1038 1956 1109; x_wconf 67' lang='grc' dir='ltr'>ἐκάμμυσαν.</span> 
     </span>
    </p>
   </div>
   <div class='ocr_carea' id='block_1_18' title="bbox 276 1123 1792 1203">
    <p class='ocr_par' dir='ltr' id='par_1_18' title="bbox 276 1123 1792 1203">
     <span class='ocr_line' id='line_1_18' title="bbox 276 1123 1792 1203; baseline 0.004 -23"><span class='ocrx_word' id='word_1_113' title='bbox 276 1123 409 1181; x_wconf 78' lang='grc' dir='ltr'>Εἶτα</span> <span class='ocrx_word' id='word_1_114' title='bbox 460 1129 587 1200; x_wconf 83' lang='grc' dir='ltr'>μηδ’</span> <span class='ocrx_word' id='word_1_115' title='bbox 615 1129 892 1201; x_wconf 83' lang='grc' dir='ltr'><strong>ἀνανῆψαι</strong></span> <span class='ocrx_word' id='word_1_116' title='bbox 939 1131 1165 1197; x_wconf 82' lang='grc' dir='ltr'><strong>τούτους</strong></span> <span class='ocrx_word' id='word_1_117' title='bbox 1207 1132 1414 1187; x_wconf 63' lang='grc' dir='ltr'>ἐθέλειν</span> <span class='ocrx_word' id='word_1_118' title='bbox 1464 1131 1643 1203; x_wconf 86' lang='grc' dir='ltr'>δηλῶν</span> <span class='ocrx_word' id='word_1_119' title='bbox 1690 1132 1792 1202; x_wconf 87' lang='grc' dir='ltr'><strong>τῆς</strong></span> 
     </span>
    </p>
   </div>
   <div class='ocr_carea' id='block_1_19' title="bbox 202 1220 1791 1297">
    <p class='ocr_par' dir='ltr' id='par_1_19' title="bbox 202 1220 1791 1297">
     <span class='ocr_line' id='line_1_19' title="bbox 202 1220 1791 1297; baseline 0.002 -24"><span class='ocrx_word' id='word_1_120' title='bbox 202 1220 453 1274; x_wconf 73' lang='grc' dir='ltr'><strong>ἑκουσίου</strong></span> <span class='ocrx_word' id='word_1_121' title='bbox 498 1222 823 1293; x_wconf 81' lang='grc' dir='ltr'><strong>πηρώσεως,</strong></span> <span class='ocrx_word' id='word_1_122' title='bbox 855 1224 1090 1291; x_wconf 65' lang='grc' dir='ltr'>έπάγεν</span> <span class='ocrx_word' id='word_1_123' title='bbox 1128 1244 1147 1277; x_wconf 78' lang='grc' dir='ltr'><strong>ι</strong></span> <span class='ocrx_word' id='word_1_124' title='bbox 1186 1226 1279 1297; x_wconf 86' lang='grc' dir='ltr'>Μή</span> <span class='ocrx_word' id='word_1_125' title='bbox 1312 1242 1443 1279; x_wconf 87' lang='grc' dir='ltr'>ποτε</span> <span class='ocrx_word' id='word_1_126' title='bbox 1481 1224 1632 1278; x_wconf 89' lang='grc' dir='ltr'>ίδωσι</span> <span class='ocrx_word' id='word_1_127' title='bbox 1680 1225 1791 1289; x_wconf 85' lang='grc' dir='ltr'>τοῖς</span> 
     </span>
    </p>
   </div>
   <div class='ocr_carea' id='block_1_20' title="bbox 199 1311 1789 1389">
    <p class='ocr_par' dir='ltr' id='par_1_20' title="bbox 199 1311 1789 1389">
     <span class='ocr_line' id='line_1_20' title="bbox 199 1311 1789 1389; baseline 0.003 -25"><span class='ocrx_word' id='word_1_128' title='bbox 199 1311 526 1384; x_wconf 76' lang='grc' dir='ltr'>ὀφθαλμοῖς,</span> <span class='ocrx_word' id='word_1_129' title='bbox 572 1316 667 1369; x_wconf 80' lang='grc' dir='ltr'><strong>καὶ</strong></span> <span class='ocrx_word' id='word_1_130' title='bbox 695 1317 809 1378; x_wconf 77' lang='grc' dir='ltr'>τοῖς</span> <span class='ocrx_word' id='word_1_131' title='bbox 838 1314 973 1369; x_wconf 73' lang='grc' dir='ltr'>ώσὶν</span> <span class='ocrx_word' id='word_1_132' title='bbox 1001 1315 1303 1382; x_wconf 79' lang='grc' dir='ltr'><strong>ἀκούσωσι,</strong></span> <span class='ocrx_word' id='word_1_133' title='bbox 1349 1317 1447 1370; x_wconf 81' lang='grc' dir='ltr'>καὶ</span> <span class='ocrx_word' id='word_1_134' title='bbox 1474 1317 1542 1389; x_wconf 74' lang='grc' dir='ltr'>τῇ</span> <span class='ocrx_word' id='word_1_135' title='bbox 1592 1316 1789 1389; x_wconf 78' lang='grc' dir='ltr'>καρδίᾳ</span> 
     </span>
    </p>
   </div>
   <div class='ocr_carea' id='block_1_21' title="bbox 202 1402 1781 1479">
    <p class='ocr_par' dir='ltr' id='par_1_21' title="bbox 202 1402 1781 1479">
     <span class='ocr_line' id='line_1_21' title="bbox 202 1402 1781 1479; baseline 0.003 -23"><span class='ocrx_word' id='word_1_136' title='bbox 202 1402 409 1458; x_wconf 83' lang='grc' dir='ltr'>συνῶσι</span> <span class='ocrx_word' id='word_1_137' title='bbox 458 1406 553 1459; x_wconf 70' lang='grc' dir='ltr'>καὶ</span> <span class='ocrx_word' id='word_1_138' title='bbox 600 1406 1010 1478; x_wconf 72' lang='grc' dir='ltr'>έπιστρέψωσι,</span> <span class='ocrx_word' id='word_1_139' title='bbox 1066 1408 1162 1462; x_wconf 77' lang='grc' dir='ltr'><strong>καὶ</strong></span> <span class='ocrx_word' id='word_1_140' title='bbox 1213 1407 1462 1479; x_wconf 75' lang='grc' dir='ltr'>ίάσωμαι</span> <span class='ocrx_word' id='word_1_141' title='bbox 1505 1407 1726 1473; x_wconf 82' lang='grc' dir='ltr'>αὐτούς.</span> <span class='ocrx_word' id='word_1_142' title='bbox 1762 1428 1781 1461; x_wconf 75' lang='grc' dir='ltr'><strong>ι</strong></span> 
     </span>
    </p>
   </div>
   <div class='ocr_carea' id='block_1_22' title="bbox 212 1494 1794 1578">
    <p class='ocr_par' dir='ltr' id='par_1_22' title="bbox 212 1494 1794 1578">
     <span class='ocr_line' id='line_1_22' title="bbox 212 1494 1794 1578; baseline 0.003 -30"><span class='ocrx_word' id='word_1_143' title='bbox 212 1494 633 1569; x_wconf 83' lang='grc' dir='ltr'>Ἐπαχύνθησαν</span> <span class='ocrx_word' id='word_1_144' title='bbox 680 1496 975 1578; x_wconf 78' lang='grc' dir='ltr'>τοιγαροῦν</span> <span class='ocrx_word' id='word_1_145' title='bbox 1016 1499 1116 1571; x_wconf 77' lang='grc' dir='ltr'>τὴν</span> <span class='ocrx_word' id='word_1_146' title='bbox 1176 1501 1429 1573; x_wconf 80' lang='grc' dir='ltr'>καρδίαν,</span> <span class='ocrx_word' id='word_1_147' title='bbox 1486 1500 1577 1555; x_wconf 86' lang='grc' dir='ltr'><strong>διά</strong></span> <span class='ocrx_word' id='word_1_148' title='bbox 1635 1498 1794 1555; x_wconf 87' lang='grc' dir='ltr'>τοῦτο</span> 
     </span>
    </p>
   </div>
   <div class='ocr_carea' id='block_1_23' title="bbox 201 1587 1795 1664">
    <p class='ocr_par' dir='ltr' id='par_1_23' title="bbox 201 1587 1795 1664">
     <span class='ocr_line' id='line_1_23' title="bbox 201 1587 1795 1664; baseline 0.003 -22"><span class='ocrx_word' id='word_1_149' title='bbox 201 1587 421 1659; x_wconf 81' lang='grc' dir='ltr'>βαρέως</span> <span class='ocrx_word' id='word_1_150' title='bbox 450 1588 714 1660; x_wconf 80' lang='grc' dir='ltr'>ήκουσαν,</span> <span class='ocrx_word' id='word_1_151' title='bbox 762 1591 862 1645; x_wconf 74' lang='grc' dir='ltr'>καὶ</span> <span class='ocrx_word' id='word_1_152' title='bbox 901 1592 1029 1656; x_wconf 82' lang='grc' dir='ltr'>τοὺς</span> <span class='ocrx_word' id='word_1_153' title='bbox 1058 1591 1374 1664; x_wconf 79' lang='grc' dir='ltr'>ὀφθαλμοὺς</span> <span class='ocrx_word' id='word_1_154' title='bbox 1410 1593 1590 1648; x_wconf 84' lang='grc' dir='ltr'>αὐτῶν</span> <span class='ocrx_word' id='word_1_155' title='bbox 1617 1592 1795 1664; x_wconf 81' lang='grc' dir='ltr'>έκάμ-</span> 
     </span>
    </p>
   </div>
   <div class='ocr_carea' id='block_1_24' title="bbox 203 1678 1795 1757">
    <p class='ocr_par' dir='ltr' id='par_1_24' title="bbox 203 1678 1795 1757">
     <span class='ocr_line' id='line_1_24' title="bbox 203 1678 1795 1757; baseline 0.003 -23"><span class='ocrx_word' id='word_1_156' title='bbox 203 1696 409 1751; x_wconf 78' lang='grc' dir='ltr'>μυσαν.</span> <span class='ocrx_word' id='word_1_157' title='bbox 449 1681 814 1754; x_wconf 83' lang='grc' dir='ltr'>Ἐκάμμυσαν</span> <span class='ocrx_word' id='word_1_158' title='bbox 839 1683 897 1738; x_wconf 75' lang='grc' dir='ltr'>δὲ</span> <span class='ocrx_word' id='word_1_159' title='bbox 928 1686 1056 1748; x_wconf 81' lang='grc' dir='ltr'>τοὺς</span> <span class='ocrx_word' id='word_1_160' title='bbox 1088 1684 1427 1757; x_wconf 80' lang='grc' dir='ltr'>ὀφθαλμοὺς,</span> <span class='ocrx_word' id='word_1_161' title='bbox 1460 1686 1555 1740; x_wconf 75' lang='grc' dir='ltr'>καὶ</span> <span class='ocrx_word' id='word_1_162' title='bbox 1582 1684 1652 1739; x_wconf 81' lang='grc' dir='ltr'>τὰ</span> <span class='ocrx_word' id='word_1_163' title='bbox 1680 1678 1795 1740; x_wconf 83' lang='grc' dir='ltr'>ὦτα</span> 
     </span>
    </p>
   </div>
   <div class='ocr_carea' id='block_1_25' title="bbox 1972 1126 3480 1200">
    <p class='ocr_par' dir='ltr' id='par_1_25' title="bbox 1972 1126 3480 1200">
     <span class='ocr_line' id='line_1_25' title="bbox 1972 1126 3480 1200; baseline 0.005 -17"><span class='ocrx_word' id='word_1_164' title='bbox 1972 1126 2397 1199; x_wconf 81' lang='lat' dir='ltr'><strong>Signiﬁcaturus</strong></span> <span class='ocrx_word' id='word_1_165' title='bbox 2420 1142 2606 1198; x_wconf 91' lang='lat' dir='ltr'><strong>porro,</strong></span> <span class='ocrx_word' id='word_1_166' title='bbox 2641 1127 2861 1183; x_wconf 87' lang='lat' dir='ltr'><strong>eosdem</strong></span> <span class='ocrx_word' id='word_1_167' title='bbox 2886 1143 2954 1183; x_wconf 80' lang='lat' dir='ltr'><strong>ex</strong></span> <span class='ocrx_word' id='word_1_168' title='bbox 2981 1141 3280 1200; x_wconf 85' lang='lat' dir='ltr'><strong>spontanea</strong></span> <span class='ocrx_word' id='word_1_169' title='bbox 3316 1134 3480 1190; x_wconf 69' lang='lat' dir='ltr'><strong>caeci-</strong></span> 
     </span>
    </p>
   </div>
   <div class='ocr_carea' id='block_1_26' title="bbox 1899 1218 3480 1291">
    <p class='ocr_par' dir='ltr' id='par_1_26' title="bbox 1899 1218 3480 1291">
     <span class='ocr_line' id='line_1_26' title="bbox 1899 1218 3480 1291; baseline 0.007 -21"><span class='ocrx_word' id='word_1_170' title='bbox 1899 1225 2010 1272; x_wconf 88' lang='lat' dir='ltr'><strong>tate</strong></span> <span class='ocrx_word' id='word_1_171' title='bbox 2036 1232 2141 1272; x_wconf 90' lang='lat' dir='ltr'><strong>non</strong></span> <span class='ocrx_word' id='word_1_172' title='bbox 2186 1233 2309 1273; x_wconf 89' lang='lat' dir='ltr'><strong>esse</strong></span> <span class='ocrx_word' id='word_1_173' title='bbox 2336 1218 2722 1289; x_wconf 87' lang='lat' dir='ltr'><strong>evigilaturos,</strong></span> <span class='ocrx_word' id='word_1_174' title='bbox 2770 1220 2942 1286; x_wconf 92' lang='lat' dir='ltr'><strong>addit,</strong></span> <span class='ocrx_word' id='word_1_175' title='bbox 2987 1240 3005 1273; x_wconf 77' lang='lat' dir='ltr'><strong>r</strong></span> <span class='ocrx_word' id='word_1_176' title='bbox 3036 1220 3111 1277; x_wconf 88' lang='lat' dir='ltr'><strong>Ne</strong></span> <span class='ocrx_word' id='word_1_177' title='bbox 3139 1226 3362 1291; x_wconf 83' lang='lat' dir='ltr'><strong>quando</strong></span> <span class='ocrx_word' id='word_1_178' title='bbox 3391 1227 3480 1281; x_wconf 80' lang='lat' dir='ltr'><strong>vi-</strong></span> 
     </span>
    </p>
   </div>
   <div class='ocr_carea' id='block_1_27' title="bbox 1895 1310 3480 1379">
    <p class='ocr_par' dir='ltr' id='par_1_27' title="bbox 1895 1310 3480 1379">
     <span class='ocr_line' id='line_1_27' title="bbox 1895 1310 3480 1379; baseline 0.005 -15"><span class='ocrx_word' id='word_1_179' title='bbox 1895 1310 2062 1365; x_wconf 88' lang='lat' dir='ltr'><strong>deant</strong></span> <span class='ocrx_word' id='word_1_180' title='bbox 2109 1310 2305 1375; x_wconf 89' lang='lat' dir='ltr'><strong>oculis,</strong></span> <span class='ocrx_word' id='word_1_181' title='bbox 2342 1320 2397 1365; x_wconf 89' lang='lat' dir='ltr'><strong>et</strong></span> <span class='ocrx_word' id='word_1_182' title='bbox 2425 1310 2654 1366; x_wconf 81' lang='lat' dir='ltr'><strong>auribus</strong></span> <span class='ocrx_word' id='word_1_183' title='bbox 2701 1312 2945 1379; x_wconf 83' lang='lat' dir='ltr'><strong>audiant,</strong></span> <span class='ocrx_word' id='word_1_184' title='bbox 2978 1323 3031 1370; x_wconf 89' lang='lat' dir='ltr'><strong>et</strong></span> <span class='ocrx_word' id='word_1_185' title='bbox 3063 1315 3227 1370; x_wconf 90' lang='lat' dir='ltr'><strong>corde</strong></span> <span class='ocrx_word' id='word_1_186' title='bbox 3276 1317 3480 1373; x_wconf 87' lang='lat' dir='ltr'><strong>intelli-</strong></span> 
     </span>
    </p>
   </div>
   <div class='ocr_carea' id='block_1_28' title="bbox 1895 1402 3480 1473">
    <p class='ocr_par' dir='ltr' id='par_1_28' title="bbox 1895 1402 3480 1473">
     <span class='ocr_line' id='line_1_28' title="bbox 1895 1402 3480 1473; baseline 0.007 -20"><span class='ocrx_word' id='word_1_187' title='bbox 1895 1410 2045 1471; x_wconf 89' lang='lat' dir='ltr'><strong>gant,</strong></span> <span class='ocrx_word' id='word_1_188' title='bbox 2062 1408 2116 1455; x_wconf 91' lang='lat' dir='ltr'><strong>et</strong></span> <span class='ocrx_word' id='word_1_189' title='bbox 2132 1408 2547 1465; x_wconf 89' lang='lat' dir='ltr'><strong>convertantur,</strong></span> <span class='ocrx_word' id='word_1_190' title='bbox 2562 1410 2615 1457; x_wconf 90' lang='lat' dir='ltr'><strong>et</strong></span> <span class='ocrx_word' id='word_1_191' title='bbox 2630 1417 2732 1473; x_wconf 91' lang='lat' dir='ltr'><strong>ego</strong></span> <span class='ocrx_word' id='word_1_192' title='bbox 2755 1402 2878 1458; x_wconf 91' lang='lat' dir='ltr'><strong>illos</strong></span> <span class='ocrx_word' id='word_1_193' title='bbox 2898 1420 3109 1460; x_wconf 89' lang='lat' dir='ltr'><strong>sanem.</strong></span> <span class='ocrx_word' id='word_1_194' title='bbox 3138 1425 3157 1458; x_wconf 73' lang='grc' dir='ltr'><strong>ι</strong></span> <span class='ocrx_word' id='word_1_195' title='bbox 3184 1406 3480 1464; x_wconf 86' lang='lat' dir='ltr'><strong>lucrassati</strong></span> 
     </span>
    </p>
   </div>
   <div class='ocr_carea' id='block_1_29' title="bbox 1892 1491 3478 1567">
    <p class='ocr_par' dir='ltr' id='par_1_29' title="bbox 1892 1491 3478 1567">
     <span class='ocr_line' id='line_1_29' title="bbox 1892 1491 3478 1567; baseline 0.007 -20"><span class='ocrx_word' id='word_1_196' title='bbox 1892 1492 2075 1562; x_wconf 86' lang='lat' dir='ltr'><strong>itaque</strong></span> <span class='ocrx_word' id='word_1_197' title='bbox 2104 1500 2261 1546; x_wconf 87' lang='lat' dir='ltr'><strong>erant</strong></span> <span class='ocrx_word' id='word_1_198' title='bbox 2295 1491 2501 1548; x_wconf 86' lang='lat' dir='ltr'><strong>corde:</strong></span> <span class='ocrx_word' id='word_1_199' title='bbox 2532 1503 2823 1564; x_wconf 83' lang='lat' dir='ltr'><strong>propterea</strong></span> <span class='ocrx_word' id='word_1_200' title='bbox 2861 1511 3005 1566; x_wconf 57' lang='lat' dir='ltr'><strong>aegre</strong></span> <span class='ocrx_word' id='word_1_201' title='bbox 3028 1498 3382 1567; x_wconf 85' lang='lat' dir='ltr'><strong>audiverunt,</strong></span> <span class='ocrx_word' id='word_1_202' title='bbox 3422 1512 3478 1557; x_wconf 88' lang='lat' dir='ltr'><strong>et</strong></span> 
     </span>
    </p>
   </div>
   <div class='ocr_carea' id='block_1_30' title="bbox 1897 1583 3481 1648">
    <p class='ocr_par' dir='ltr' id='par_1_30' title="bbox 1897 1583 3481 1648">
     <span class='ocr_line' id='line_1_30' title="bbox 1897 1583 3481 1648; baseline 0.005 -9"><span class='ocrx_word' id='word_1_203' title='bbox 1897 1583 2092 1640; x_wconf 89' lang='lat' dir='ltr'><strong>oculos</strong></span> <span class='ocrx_word' id='word_1_204' title='bbox 2120 1598 2254 1639; x_wconf 87' lang='lat' dir='ltr'><strong>suos</strong></span> <span class='ocrx_word' id='word_1_205' title='bbox 2288 1583 2667 1639; x_wconf 86' lang='lat' dir='ltr'><strong>occluserunt.</strong></span> <span class='ocrx_word' id='word_1_206' title='bbox 2707 1583 3071 1644; x_wconf 89' lang='lat' dir='ltr'><strong>Occluserunt</strong></span> <span class='ocrx_word' id='word_1_207' title='bbox 3120 1605 3252 1645; x_wconf 90' lang='lat' dir='ltr'><strong>vero</strong></span> <span class='ocrx_word' id='word_1_208' title='bbox 3289 1591 3481 1648; x_wconf 85' lang='lat' dir='ltr'><strong>oculos</strong></span> 
     </span>
    </p>
   </div>
   <div class='ocr_carea' id='block_1_31' title="bbox 1894 1675 3480 1747">
    <p class='ocr_par' dir='ltr' id='par_1_31' title="bbox 1894 1675 3480 1747">
     <span class='ocr_line' id='line_1_31' title="bbox 1894 1675 3480 1747; baseline 0.004 -14"><span class='ocrx_word' id='word_1_209' title='bbox 1894 1692 2049 1741; x_wconf 91' lang='lat' dir='ltr'><strong>suos,</strong></span> <span class='ocrx_word' id='word_1_210' title='bbox 2080 1685 2135 1731; x_wconf 90' lang='lat' dir='ltr'><strong>et</strong></span> <span class='ocrx_word' id='word_1_211' title='bbox 2181 1691 2345 1733; x_wconf 84' lang='lat' dir='ltr'><strong>aures</strong></span> <span class='ocrx_word' id='word_1_212' title='bbox 2371 1675 2619 1733; x_wconf 84' lang='lat' dir='ltr'><strong>dilliciles</strong></span> <span class='ocrx_word' id='word_1_213' title='bbox 2650 1678 3031 1747; x_wconf 89' lang='lat' dir='ltr'><strong>reddiderunt,</strong></span> <span class='ocrx_word' id='word_1_214' title='bbox 3085 1696 3156 1737; x_wconf 90' lang='lat' dir='ltr'><strong>ne</strong></span> <span class='ocrx_word' id='word_1_215' title='bbox 3188 1683 3368 1739; x_wconf 89' lang='lat' dir='ltr'><strong>oculis</strong></span> <span class='ocrx_word' id='word_1_216' title='bbox 3397 1684 3480 1739; x_wconf 88' lang='lat' dir='ltr'><strong>vi-</strong></span> 
     </span>
    </p>
   </div>
   <div class='ocr_carea' id='block_1_32' title="bbox 200 1770 1785 1848">
    <p class='ocr_par' dir='ltr' id='par_1_32' title="bbox 200 1770 1785 1848">
     <span class='ocr_line' id='line_1_32' title="bbox 200 1770 1785 1848; baseline 0.004 -24"><span class='ocrx_word' id='word_1_217' title='bbox 200 1770 497 1843; x_wconf 74' lang='grc' dir='ltr'>ιὸἀρυναν,</span> <span class='ocrx_word' id='word_1_218' title='bbox 526 1775 739 1846; x_wconf 88' lang='grc' dir='ltr'>μήποτε</span> <span class='ocrx_word' id='word_1_219' title='bbox 771 1776 924 1829; x_wconf 88' lang='grc' dir='ltr'>ίδωσι</span> <span class='ocrx_word' id='word_1_220' title='bbox 951 1778 1067 1840; x_wconf 81' lang='grc' dir='ltr'>τοῖς</span> <span class='ocrx_word' id='word_1_221' title='bbox 1091 1775 1416 1848; x_wconf 81' lang='grc' dir='ltr'>ὀφθαλμοῖς,</span> <span class='ocrx_word' id='word_1_222' title='bbox 1436 1778 1532 1831; x_wconf 73' lang='grc' dir='ltr'>καὶ</span> <span class='ocrx_word' id='word_1_223' title='bbox 1558 1780 1670 1841; x_wconf 83' lang='grc' dir='ltr'>τοῖς</span> <span class='ocrx_word' id='word_1_224' title='bbox 1690 1777 1785 1831; x_wconf 72' lang='grc' dir='ltr'><strong>ὠσὶ</strong></span> 
     </span>
    </p>
   </div>
   <div class='ocr_carea' id='block_1_33' title="bbox 1892 1770 3477 1848">
    <p class='ocr_par' dir='ltr' id='par_1_33' title="bbox 1894 1770 3477 1842">
     <span class='ocr_line' id='line_1_33' title="bbox 1894 1770 3477 1842; baseline 0.004 -17"><span class='ocrx_word' id='word_1_225' title='bbox 1894 1770 2196 1834; x_wconf 80' lang='lat' dir='ltr'><strong>derent,,et</strong></span> <span class='ocrx_word' id='word_1_226' title='bbox 2235 1770 2465 1826; x_wconf 88' lang='lat' dir='ltr'><strong>auribus</strong></span> <span class='ocrx_word' id='word_1_227' title='bbox 2514 1771 2790 1826; x_wconf 87' lang='lat' dir='ltr'><strong>audirent.</strong></span> <span class='ocrx_word' id='word_1_228' title='bbox 2825 1770 3070 1842; x_wconf 89' lang='lat' dir='ltr'><strong>Utroque</strong></span> <span class='ocrx_word' id='word_1_229' title='bbox 3125 1790 3255 1829; x_wconf 88' lang='lat' dir='ltr'><strong>vero</strong></span> <span class='ocrx_word' id='word_1_230' title='bbox 3308 1792 3477 1832; x_wconf 83' lang='lat' dir='ltr'><strong>sensu</strong></span> 
     </span>
    </p>
   </div>
   <div class='ocr_carea' id='block_1_34' title="bbox 200 1852 1785 1940">
    <p class='ocr_par' dir='ltr' id='par_1_34' title="bbox 200 1852 1785 1940">
     <span class='ocr_line' id='line_1_34' title="bbox 200 1852 1785 1940; baseline 0.003 -23"><span class='ocrx_word' id='word_1_231' title='bbox 200 1852 532 1921; x_wconf 76' lang='grc' dir='ltr'>ἀκούσωσιν.</span> <span class='ocrx_word' id='word_1_232' title='bbox 568 1866 680 1920; x_wconf 86' lang='grc' dir='ltr'><strong>Καὶ</strong></span> <span class='ocrx_word' id='word_1_233' title='bbox 708 1866 916 1921; x_wconf 90' lang='grc' dir='ltr'>τούτων</span> <span class='ocrx_word' id='word_1_234' title='bbox 940 1867 997 1922; x_wconf 86' lang='grc' dir='ltr'>δὲ</span> <span class='ocrx_word' id='word_1_235' title='bbox 1026 1867 1126 1940; x_wconf 81' lang='grc' dir='ltr'>τὴν</span> <span class='ocrx_word' id='word_1_236' title='bbox 1160 1869 1413 1940; x_wconf 82' lang='grc' dir='ltr'>πήρωσιν</span> <span class='ocrx_word' id='word_1_237' title='bbox 1441 1868 1658 1931; x_wconf 80' lang='grc' dir='ltr'>ἑκόντες</span> <span class='ocrx_word' id='word_1_238' title='bbox 1686 1869 1785 1922; x_wconf 81' lang='grc' dir='ltr'><strong>ὑπ-</strong></span> 
     </span>
    </p>
   </div>
   <div class='ocr_carea' id='block_1_35' title="bbox 1892 1852 3478 1940">
    <p class='ocr_par' dir='ltr' id='par_1_35' title="bbox 1895 1863 3478 1936">
     <span class='ocr_line' id='line_1_35' title="bbox 1895 1863 3478 1936; baseline 0.003 -19"><span class='ocrx_word' id='word_1_239' title='bbox 1895 1874 2088 1933; x_wconf 83' lang='lat' dir='ltr'><strong>Sponte</strong></span> <span class='ocrx_word' id='word_1_240' title='bbox 2110 1878 2167 1919; x_wconf 88' lang='lat' dir='ltr'><strong>se</strong></span> <span class='ocrx_word' id='word_1_241' title='bbox 2193 1863 2497 1933; x_wconf 84' lang='lat' dir='ltr'><strong>privarunt,</strong></span> <span class='ocrx_word' id='word_1_242' title='bbox 2531 1878 2599 1930; x_wconf 76' lang='lat' dir='ltr'><strong>ne</strong></span> <span class='ocrx_word' id='word_1_243' title='bbox 2627 1865 2878 1919; x_wconf 83' lang='lat' dir='ltr'><strong>conversi</strong></span> <span class='ocrx_word' id='word_1_244' title='bbox 2908 1866 3205 1936; x_wconf 86' lang='lat' dir='ltr'><strong>aliquando</strong></span> <span class='ocrx_word' id='word_1_245' title='bbox 3235 1883 3265 1921; x_wconf 90' lang='lat' dir='ltr'><strong>a</strong></span> <span class='ocrx_word' id='word_1_246' title='bbox 3313 1869 3478 1923; x_wconf 84' lang='lat' dir='ltr'><strong>tantis</strong></span> 
     </span>
    </p>
   </div>
   <div class='ocr_carea' id='block_1_36' title="bbox 199 1956 1789 2033">
    <p class='ocr_par' dir='ltr' id='par_1_36' title="bbox 199 1956 1789 2033">
     <span class='ocr_line' id='line_1_36' title="bbox 199 1956 1789 2033; baseline 0.008 -26"><span class='ocrx_word' id='word_1_247' title='bbox 199 1956 363 2028; x_wconf 81' lang='grc' dir='ltr'>ἦλθον</span> <span class='ocrx_word' id='word_1_248' title='bbox 395 1957 531 2030; x_wconf 74' lang='grc'><strong>(94),</strong></span> <span class='ocrx_word' id='word_1_249' title='bbox 566 1958 655 2012; x_wconf 80' lang='grc' dir='ltr'><strong>ἵνα</strong></span> <span class='ocrx_word' id='word_1_250' title='bbox 686 1958 761 2031; x_wconf 81' lang='grc' dir='ltr'>μὴ</span> <span class='ocrx_word' id='word_1_251' title='bbox 804 1959 1245 2033; x_wconf 74' lang='grc' dir='ltr'>ἐπιστραφέντες</span> <span class='ocrx_word' id='word_1_252' title='bbox 1290 1961 1401 2016; x_wconf 87' lang='grc' dir='ltr'><strong>τῶν</strong></span> <span class='ocrx_word' id='word_1_253' title='bbox 1451 1963 1789 2033; x_wconf 82' lang='grc' dir='ltr'>τηλικούτων</span> 
     </span>
    </p>
   </div>
   <div class='ocr_carea' id='block_1_37' title="bbox 200 2050 1788 2128">
    <p class='ocr_par' dir='ltr' id='par_1_37' title="bbox 200 2050 1788 2128">
     <span class='ocr_line' id='line_1_37' title="bbox 200 2050 1788 2128; baseline 0.006 -24"><span class='ocrx_word' id='word_1_254' title='bbox 200 2050 394 2105; x_wconf 90' lang='grc' dir='ltr'>παθῶν</span> <span class='ocrx_word' id='word_1_255' title='bbox 416 2052 517 2124; x_wconf 85' lang='grc' dir='ltr'><strong>τῆς</strong></span> <span class='ocrx_word' id='word_1_256' title='bbox 551 2051 750 2117; x_wconf 89' lang='grc' dir='ltr'>ίάσεως</span> <span class='ocrx_word' id='word_1_257' title='bbox 781 2053 1042 2126; x_wconf 85' lang='grc' dir='ltr'>τύχωσιν.</span> <span class='ocrx_word' id='word_1_258' title='bbox 1075 2054 1233 2110; x_wconf 77' lang='grc' dir='ltr'>Οὕτω</span> <span class='ocrx_word' id='word_1_259' title='bbox 1267 2057 1367 2128; x_wconf 84' lang='grc' dir='ltr'>μὲν</span> <span class='ocrx_word' id='word_1_260' title='bbox 1413 2053 1507 2112; x_wconf 82' lang='grc' dir='ltr'><strong>οὖν</strong></span> <span class='ocrx_word' id='word_1_261' title='bbox 1538 2058 1724 2127; x_wconf 83' lang='grc' dir='ltr'>σαφῶς</span> <span class='ocrx_word' id='word_1_262' title='bbox 1758 2060 1788 2113; x_wconf 83' lang='grc' dir='ltr'>ὁ</span> 
     </span>
    </p>
   </div>
   <div class='ocr_carea' id='block_1_38' title="bbox 199 2142 1788 2222">
    <p class='ocr_par' dir='ltr' id='par_1_38' title="bbox 199 2142 1788 2222">
     <span class='ocr_line' id='line_1_38' title="bbox 199 2142 1788 2222; baseline 0.006 -26"><span class='ocrx_word' id='word_1_263' title='bbox 199 2142 492 2215; x_wconf 77' lang='grc' dir='ltr'>προφήτης</span> <span class='ocrx_word' id='word_1_264' title='bbox 522 2144 619 2198; x_wconf 92' lang='grc' dir='ltr'><strong>τοῦ</strong></span> <span class='ocrx_word' id='word_1_265' title='bbox 647 2144 983 2214; x_wconf 81' lang='grc' dir='ltr'>τυφλώττειν</span> <span class='ocrx_word' id='word_1_266' title='bbox 1030 2147 1126 2202; x_wconf 83' lang='grc' dir='ltr'><strong>καὶ</strong></span> <span class='ocrx_word' id='word_1_267' title='bbox 1174 2148 1450 2217; x_wconf 88' lang='grc' dir='ltr'>κωφεύειν</span> <span class='ocrx_word' id='word_1_268' title='bbox 1482 2152 1583 2222; x_wconf 77' lang='grc' dir='ltr'>τὴν</span> <span class='ocrx_word' id='word_1_269' title='bbox 1609 2151 1788 2205; x_wconf 77' lang='grc' dir='ltr'>αἰτίαν</span> 
     </span>
    </p>
   </div>
   <div class='ocr_carea' id='block_1_39' title="bbox 198 2234 1785 2315">
    <p class='ocr_par' dir='ltr' id='par_1_39' title="bbox 198 2234 1785 2315">
     <span class='ocr_line' id='line_1_39' title="bbox 198 2234 1785 2315; baseline 0.006 -27"><span class='ocrx_word' id='word_1_270' title='bbox 198 2234 298 2305; x_wconf 87' lang='grc' dir='ltr'><strong>τῆς</strong></span> <span class='ocrx_word' id='word_1_271' title='bbox 344 2235 645 2307; x_wconf 82' lang='grc' dir='ltr'>Ἰουδαϊκῆς</span> <span class='ocrx_word' id='word_1_272' title='bbox 697 2238 930 2292; x_wconf 85' lang='grc' dir='ltr'>ἀνάπτει</span> <span class='ocrx_word' id='word_1_273' title='bbox 972 2238 1201 2311; x_wconf 82' lang='grc' dir='ltr'>γνώμης</span> <span class='ocrx_word' id='word_1_274' title='bbox 1243 2242 1339 2295; x_wconf 77' lang='grc' dir='ltr'>καὶ</span> <span class='ocrx_word' id='word_1_275' title='bbox 1386 2243 1785 2315; x_wconf 87' lang='grc' dir='ltr'>προαιρέσεως,</span> 
     </span>
    </p>
   </div>
   <div class='ocr_carea' id='block_1_40' title="bbox 198 2324 1788 2403">
    <p class='ocr_par' dir='ltr' id='par_1_40' title="bbox 198 2324 1788 2403">
     <span class='ocr_line' id='line_1_40' title="bbox 198 2324 1788 2403; baseline 0.006 -25"><span class='ocrx_word' id='word_1_276' title='bbox 198 2324 315 2378; x_wconf 85' lang='grc' dir='ltr'>ἀλλ’</span> <span class='ocrx_word' id='word_1_277' title='bbox 340 2325 465 2397; x_wconf 71' lang='grc' dir='ltr'>οὐχὶ</span> <span class='ocrx_word' id='word_1_278' title='bbox 498 2326 636 2381; x_wconf 85' lang='grc' dir='ltr'>Θεοῦ</span> <span class='ocrx_word' id='word_1_279' title='bbox 664 2326 845 2399; x_wconf 74' lang='grc' dir='ltr'>ψῆφον</span> <span class='ocrx_word' id='word_1_280' title='bbox 874 2329 1140 2400; x_wconf 82' lang='grc' dir='ltr'>οὐμενοῦν</span> <span class='ocrx_word' id='word_1_281' title='bbox 1186 2332 1290 2386; x_wconf 84' lang='grc' dir='ltr'><strong>οὐκ</strong></span> <span class='ocrx_word' id='word_1_282' title='bbox 1338 2333 1581 2403; x_wconf 72' lang='grc' dir='ltr'>εἰσάγει,</span> <span class='ocrx_word' id='word_1_283' title='bbox 1613 2333 1788 2389; x_wconf 89' lang='grc' dir='ltr'>ταῦτα</span> 
     </span>
    </p>
   </div>
   <div class='ocr_carea' id='block_1_41' title="bbox 199 2420 1786 2498">
    <p class='ocr_par' dir='ltr' id='par_1_41' title="bbox 199 2420 1786 2498">
     <span class='ocr_line' id='line_1_41' title="bbox 199 2420 1786 2498; baseline 0.006 -27"><span class='ocrx_word' id='word_1_284' title='bbox 199 2420 311 2483; x_wconf 81' lang='grc' dir='ltr'>τοῖς</span> <span class='ocrx_word' id='word_1_285' title='bbox 400 2420 675 2487; x_wconf 85' lang='grc' dir='ltr'>Ἰουδαίοις</span> <span class='ocrx_word' id='word_1_286' title='bbox 738 2423 1133 2494; x_wconf 71' lang='grc' dir='ltr'>ἐπιφέρουσαν.</span> <span class='ocrx_word' id='word_1_287' title='bbox 1224 2425 1437 2498; x_wconf 84' lang='grc' dir='ltr'>’Ὠσπερ</span> <span class='ocrx_word' id='word_1_288' title='bbox 1514 2426 1574 2481; x_wconf 74' lang='grc' dir='ltr'>δὲ</span> <span class='ocrx_word' id='word_1_289' title='bbox 1662 2428 1786 2483; x_wconf 83' lang='grc' dir='ltr'>κατ’</span> 
     </span>
    </p>
   </div>
   <div class='ocr_carea' id='block_1_42' title="bbox 198 2510 1787 2591">
    <p class='ocr_par' dir='ltr' id='par_1_42' title="bbox 198 2510 1787 2591">
     <span class='ocr_line' id='line_1_42' title="bbox 198 2510 1787 2591; baseline 0.007 -27"><span class='ocrx_word' id='word_1_290' title='bbox 198 2510 381 2567; x_wconf 73' lang='grc' dir='ltr'>ἐκεῖνο</span> <span class='ocrx_word' id='word_1_291' title='bbox 407 2515 523 2587; x_wconf 87' lang='grc'><strong>(95)</strong></span> <span class='ocrx_word' id='word_1_292' title='bbox 548 2514 747 2587; x_wconf 89' lang='grc' dir='ltr'>καιροῦ</span> <span class='ocrx_word' id='word_1_293' title='bbox 782 2516 891 2570; x_wconf 83' lang='grc' dir='ltr'><strong>τῶν</strong></span> <span class='ocrx_word' id='word_1_294' title='bbox 927 2517 1205 2573; x_wconf 85' lang='grc' dir='ltr'>Ἰουδαίων</span> <span class='ocrx_word' id='word_1_295' title='bbox 1233 2519 1360 2584; x_wconf 75' lang='grc' dir='ltr'>τοὺς</span> <span class='ocrx_word' id='word_1_296' title='bbox 1400 2518 1721 2591; x_wconf 82' lang='grc' dir='ltr'>ἀγνώμονας</span> <span class='ocrx_word' id='word_1_297' title='bbox 1757 2523 1787 2575; x_wconf 77' lang='grc' dir='ltr'><strong>ὁ</strong></span> 
     </span>
    </p>
   </div>
   <div class='ocr_carea' id='block_1_43' title="bbox 199 2608 1787 2684">
    <p class='ocr_par' dir='ltr' id='par_1_43' title="bbox 199 2608 1787 2684">
     <span class='ocr_line' id='line_1_43' title="bbox 199 2608 1787 2684; baseline 0.004 -21"><span class='ocrx_word' id='word_1_298' title='bbox 199 2608 492 2680; x_wconf 78' lang='grc' dir='ltr'>προφήτης</span> <span class='ocrx_word' id='word_1_299' title='bbox 522 2608 876 2680; x_wconf 88' lang='grc' dir='ltr'>στηλιτεύων,</span> <span class='ocrx_word' id='word_1_300' title='bbox 906 2610 1112 2680; x_wconf 75' lang='grc' dir='ltr'>ἔλεγεν,</span> <span class='ocrx_word' id='word_1_301' title='bbox 1146 2614 1287 2684; x_wconf 86' lang='grc' dir='ltr'>μήτε</span> <span class='ocrx_word' id='word_1_302' title='bbox 1318 2614 1446 2676; x_wconf 78' lang='grc' dir='ltr'>τοὺς</span> <span class='ocrx_word' id='word_1_303' title='bbox 1470 2614 1787 2684; x_wconf 82' lang='grc' dir='ltr'>ὀφθαλμοὺς</span> 
     </span>
    </p>
   </div>
   <div class='ocr_carea' id='block_1_44' title="bbox 199 2699 1787 2779">
    <p class='ocr_par' dir='ltr' id='par_1_44' title="bbox 199 2699 1787 2779">
     <span class='ocr_line' id='line_1_44' title="bbox 199 2699 1787 2779; baseline 0.006 -26"><span class='ocrx_word' id='word_1_304' title='bbox 199 2699 459 2772; x_wconf 71' lang='grc' dir='ltr'>ἐθελῆσαι</span> <span class='ocrx_word' id='word_1_305' title='bbox 489 2700 749 2769; x_wconf 76' lang='grc' dir='ltr'>διανοίξαι</span> <span class='ocrx_word' id='word_1_306' title='bbox 772 2742 787 2768; x_wconf 91' lang='grc'><strong>,</strong></span> <span class='ocrx_word' id='word_1_307' title='bbox 823 2703 965 2774; x_wconf 84' lang='grc' dir='ltr'>μήτε</span> <span class='ocrx_word' id='word_1_308' title='bbox 996 2704 1135 2774; x_wconf 81' lang='grc' dir='ltr'>πρὸς</span> <span class='ocrx_word' id='word_1_309' title='bbox 1178 2704 1349 2778; x_wconf 81' lang='grc' dir='ltr'>ἀκοὴν</span> <span class='ocrx_word' id='word_1_310' title='bbox 1378 2709 1682 2779; x_wconf 81' lang='grc' dir='ltr'>παρασχεῖν</span> <span class='ocrx_word' id='word_1_311' title='bbox 1717 2707 1787 2762; x_wconf 83' lang='grc' dir='ltr'>τὰ</span> 
     </span>
    </p>
   </div>
   <div class='ocr_carea' id='block_1_45' title="bbox 197 2788 1787 2871">
    <p class='ocr_par' dir='ltr' id='par_1_45' title="bbox 197 2788 1787 2871">
     <span class='ocr_line' id='line_1_45' title="bbox 197 2788 1787 2871; baseline 0.004 -23"><span class='ocrx_word' id='word_1_312' title='bbox 197 2788 309 2849; x_wconf 78' lang='grc' dir='ltr'>ὦτα</span> <span class='ocrx_word' id='word_1_313' title='bbox 341 2793 485 2866; x_wconf 81' lang='grc' dir='ltr'>πρὸς</span> <span class='ocrx_word' id='word_1_314' title='bbox 522 2795 624 2866; x_wconf 74' lang='grc' dir='ltr'>τὴν</span> <span class='ocrx_word' id='word_1_315' title='bbox 664 2795 943 2867; x_wconf 86' lang='grc' dir='ltr'>σωτηρίαν</span> <span class='ocrx_word' id='word_1_316' title='bbox 972 2796 1174 2865; x_wconf 81' lang='grc' dir='ltr'>αὐτῶν,</span> <span class='ocrx_word' id='word_1_317' title='bbox 1203 2798 1300 2852; x_wconf 79' lang='grc' dir='ltr'>καὶ</span> <span class='ocrx_word' id='word_1_318' title='bbox 1327 2798 1612 2871; x_wconf 83' lang='grc' dir='ltr'>θεοπρεπῆ</span> <span class='ocrx_word' id='word_1_319' title='bbox 1638 2800 1787 2855; x_wconf 89' lang='grc' dir='ltr'>διδα-</span> 
     </span>
    </p>
   </div>
   <div class='ocr_carea' id='block_1_46' title="bbox 199 2887 1787 2967">
    <p class='ocr_par' dir='ltr' id='par_1_46' title="bbox 199 2887 1787 2967">
     <span class='ocr_line' id='line_1_46' title="bbox 199 2887 1787 2967; baseline 0.005 -25"><span class='ocrx_word' id='word_1_320' title='bbox 199 2887 451 2951; x_wconf 87' lang='grc' dir='ltr'>σκαλίαν,</span> <span class='ocrx_word' id='word_1_321' title='bbox 478 2888 544 2941; x_wconf 79' lang='grc' dir='ltr'>ὲκ</span> <span class='ocrx_word' id='word_1_322' title='bbox 586 2887 644 2942; x_wconf 75' lang='grc' dir='ltr'>δὲ</span> <span class='ocrx_word' id='word_1_323' title='bbox 673 2887 787 2960; x_wconf 87' lang='lat'><strong>(96)</strong></span> <span class='ocrx_word' id='word_1_324' title='bbox 817 2889 930 2943; x_wconf 91' lang='grc' dir='ltr'><strong>τῶν</strong></span> <span class='ocrx_word' id='word_1_325' title='bbox 960 2890 1209 2963; x_wconf 81' lang='grc' dir='ltr'>συνήθως</span> <span class='ocrx_word' id='word_1_326' title='bbox 1233 2890 1344 2963; x_wconf 88' lang='lat'><strong>(97)</strong></span> <span class='ocrx_word' id='word_1_327' title='bbox 1376 2893 1560 2957; x_wconf 82' lang='grc' dir='ltr'>αὐτοῖς</span> <span class='ocrx_word' id='word_1_328' title='bbox 1606 2894 1787 2967; x_wconf 87' lang='grc' dir='ltr'>ἀμαρ-</span> 
     </span>
    </p>
   </div>
   <div class='ocr_carea' id='block_1_47' title="bbox 197 2977 1783 3055">
    <p class='ocr_par' dir='ltr' id='par_1_47' title="bbox 197 2977 1783 3055">
     <span class='ocr_line' id='line_1_47' title="bbox 197 2977 1783 3055; baseline 0.004 -22"><span class='ocrx_word' id='word_1_329' title='bbox 197 2977 536 3050; x_wconf 85' lang='grc' dir='ltr'>τανομένων,</span> <span class='ocrx_word' id='word_1_330' title='bbox 569 2978 810 3050; x_wconf 89' lang='grc' dir='ltr'>μάλιστα</span> <span class='ocrx_word' id='word_1_331' title='bbox 839 2980 898 3035; x_wconf 82' lang='grc' dir='ltr'>δὲ</span> <span class='ocrx_word' id='word_1_332' title='bbox 942 2980 1037 3035; x_wconf 92' lang='grc' dir='ltr'><strong>τοῦ</strong></span> <span class='ocrx_word' id='word_1_333' title='bbox 1078 2981 1274 3053; x_wconf 84' lang='grc' dir='ltr'>τύφου,</span> <span class='ocrx_word' id='word_1_334' title='bbox 1321 2985 1418 3038; x_wconf 76' lang='grc' dir='ltr'>καὶ</span> <span class='ocrx_word' id='word_1_335' title='bbox 1451 2984 1550 3055; x_wconf 79' lang='grc' dir='ltr'><strong>τῆς</strong></span> <span class='ocrx_word' id='word_1_336' title='bbox 1582 2985 1783 3051; x_wconf 80' lang='grc' dir='ltr'>ἀλαζο-</span> 
     </span>
    </p>
   </div>
   <div class='ocr_carea' id='block_1_48' title="bbox 197 3071 1784 3149">
    <p class='ocr_par' dir='ltr' id='par_1_48' title="bbox 197 3071 1784 3149">
     <span class='ocr_line' id='line_1_48' title="bbox 197 3071 1784 3149; baseline 0.003 -24"><span class='ocrx_word' id='word_1_337' title='bbox 197 3071 366 3137; x_wconf 84' lang='grc' dir='ltr'>νείας,</span> <span class='ocrx_word' id='word_1_338' title='bbox 429 3071 527 3125; x_wconf 77' lang='grc' dir='ltr'>καὶ</span> <span class='ocrx_word' id='word_1_339' title='bbox 580 3071 677 3127; x_wconf 88' lang='grc' dir='ltr'><strong>τοῦ</strong></span> <span class='ocrx_word' id='word_1_340' title='bbox 739 3073 878 3145; x_wconf 77' lang='grc' dir='ltr'>πρὸς</span> <span class='ocrx_word' id='word_1_341' title='bbox 933 3074 1037 3148; x_wconf 74' lang='grc' dir='ltr'><strong>τήν</strong></span> <span class='ocrx_word' id='word_1_342' title='bbox 1090 3074 1300 3146; x_wconf 85' lang='grc' dir='ltr'>πλάνην</span> <span class='ocrx_word' id='word_1_343' title='bbox 1358 3077 1559 3148; x_wconf 83' lang='grc' dir='ltr'>μᾶλλον</span> <span class='ocrx_word' id='word_1_344' title='bbox 1603 3077 1635 3144; x_wconf 79' lang='grc' dir='ltr'>ἢ</span> <span class='ocrx_word' id='word_1_345' title='bbox 1685 3078 1784 3149; x_wconf 81' lang='grc' dir='ltr'><strong>τὴν</strong></span> 
     </span>
    </p>
   </div>
   <div class='ocr_carea' id='block_1_49' title="bbox 195 3162 1782 3242">
    <p class='ocr_par' dir='ltr' id='par_1_49' title="bbox 195 3162 1782 3242">
     <span class='ocr_line' id='line_1_49' title="bbox 195 3162 1782 3242; baseline 0.004 -27"><span class='ocrx_word' id='word_1_346' title='bbox 195 3162 484 3217; x_wconf 65' lang='grc' dir='ltr'>εὒσέὸειαν</span> <span class='ocrx_word' id='word_1_347' title='bbox 528 3164 753 3235; x_wconf 76' lang='grc' dir='ltr'>ῥέπεινο</span> <span class='ocrx_word' id='word_1_348' title='bbox 796 3165 970 3237; x_wconf 81' lang='grc' dir='ltr'>έμυόν</span> <span class='ocrx_word' id='word_1_349' title='bbox 1013 3184 1075 3221; x_wconf 88' lang='grc' dir='ltr'><strong>τε</strong></span> <span class='ocrx_word' id='word_1_350' title='bbox 1121 3168 1191 3221; x_wconf 81' lang='grc' dir='ltr'>τὰ</span> <span class='ocrx_word' id='word_1_351' title='bbox 1243 3167 1491 3239; x_wconf 74' lang='grc' dir='ltr'>ὄμματα,</span> <span class='ocrx_word' id='word_1_352' title='bbox 1539 3170 1634 3222; x_wconf 73' lang='grc' dir='ltr'><strong>καὶ</strong></span> <span class='ocrx_word' id='word_1_353' title='bbox 1683 3170 1782 3242; x_wconf 81' lang='grc' dir='ltr'>τὴν</span> 
     </span>
    </p>
   </div>
   <div class='ocr_carea' id='block_1_50' title="bbox 197 3254 1787 3331">
    <p class='ocr_par' dir='ltr' id='par_1_50' title="bbox 197 3254 1787 3331">
     <span class='ocr_line' id='line_1_50' title="bbox 197 3254 1787 3331; baseline 0.004 -23"><span class='ocrx_word' id='word_1_354' title='bbox 197 3254 367 3328; x_wconf 77' lang='grc' dir='ltr'>ἀκοὴν</span> <span class='ocrx_word' id='word_1_355' title='bbox 400 3258 671 3328; x_wconf 81' lang='grc' dir='ltr'>συνεῖχον,</span> <span class='ocrx_word' id='word_1_356' title='bbox 703 3257 859 3312; x_wconf 76' lang='grc' dir='ltr'>αὐτοὶ</span> <span class='ocrx_word' id='word_1_357' title='bbox 889 3259 1120 3323; x_wconf 77' lang='grc' dir='ltr'>ἑαυτοὺς</span> <span class='ocrx_word' id='word_1_358' title='bbox 1161 3260 1395 3329; x_wconf 77' lang='grc' dir='ltr'>τυφλοὺς</span> <span class='ocrx_word' id='word_1_359' title='bbox 1430 3261 1525 3315; x_wconf 79' lang='grc' dir='ltr'>καὶ</span> <span class='ocrx_word' id='word_1_360' title='bbox 1566 3262 1787 3331; x_wconf 82' lang='grc' dir='ltr'>κωφοὺς</span> 
     </span>
    </p>
   </div>
   <div class='ocr_carea' id='block_1_51' title="bbox 196 3346 1787 3427">
    <p class='ocr_par' dir='ltr' id='par_1_51' title="bbox 196 3346 1787 3427">
     <span class='ocr_line' id='line_1_51' title="bbox 196 3346 1787 3427; baseline 0.003 -26"><span class='ocrx_word' id='word_1_361' title='bbox 196 3346 671 3421; x_wconf 67' lang='grc' dir='ltr'>ἀπεργαζόμενον</span> <span class='ocrx_word' id='word_1_362' title='bbox 706 3350 803 3405; x_wconf 77' lang='grc' dir='ltr'><strong>καὶ</strong></span> <span class='ocrx_word' id='word_1_363' title='bbox 831 3349 895 3405; x_wconf 81' lang='grc' dir='ltr'><strong>τό</strong></span> <span class='ocrx_word' id='word_1_364' title='bbox 937 3350 1353 3424; x_wconf 86' lang='grc' dir='ltr'>χαλεπώτερον,</span> <span class='ocrx_word' id='word_1_365' title='bbox 1404 3353 1549 3427; x_wconf 79' lang='grc' dir='ltr'>οὕτω</span> <span class='ocrx_word' id='word_1_366' title='bbox 1583 3355 1787 3409; x_wconf 84' lang='grc' dir='ltr'>παθόν-</span> 
     </span>
    </p>
   </div>
   <div class='ocr_carea' id='block_1_52' title="bbox 196 3443 1788 3519">
    <p class='ocr_par' dir='ltr' id='par_1_52' title="bbox 196 3443 1788 3519">
     <span class='ocr_line' id='line_1_52' title="bbox 196 3443 1788 3519; baseline 0.004 -22"><span class='ocrx_word' id='word_1_367' title='bbox 196 3460 285 3513; x_wconf 65' lang='grc' dir='ltr'><strong>τες</strong></span> <span class='ocrx_word' id='word_1_368' title='bbox 310 3443 428 3516; x_wconf 88' lang='grc'><strong>(98)</strong></span> <span class='ocrx_word' id='word_1_369' title='bbox 452 3444 679 3509; x_wconf 71' lang='grc' dir='ltr'>ἑαυτοὺς</span> <span class='ocrx_word' id='word_1_370' title='bbox 710 3444 932 3515; x_wconf 82' lang='grc' dir='ltr'>βλέπειν</span> <span class='ocrx_word' id='word_1_371' title='bbox 959 3447 1067 3500; x_wconf 90' lang='grc' dir='ltr'><strong>τῶν</strong></span> <span class='ocrx_word' id='word_1_372' title='bbox 1090 3447 1267 3501; x_wconf 80' lang='grc' dir='ltr'>ἄλλων</span> <span class='ocrx_word' id='word_1_373' title='bbox 1295 3448 1407 3519; x_wconf 88' lang='grc'><strong>(99)</strong></span> <span class='ocrx_word' id='word_1_374' title='bbox 1441 3449 1642 3518; x_wconf 79' lang='grc' dir='ltr'>μᾶλλον</span> <span class='ocrx_word' id='word_1_375' title='bbox 1674 3449 1788 3503; x_wconf 81' lang='grc' dir='ltr'><strong>ἐνό-</strong></span> 
     </span>
    </p>
   </div>
   <div class='ocr_carea' id='block_1_53' title="bbox 200 3535 1786 3611">
    <p class='ocr_par' dir='ltr' id='par_1_53' title="bbox 200 3535 1786 3611">
     <span class='ocr_line' id='line_1_53' title="bbox 200 3535 1786 3611; baseline 0.003 -22"><span class='ocrx_word' id='word_1_376' title='bbox 200 3537 377 3607; x_wconf 79' lang='grc' dir='ltr'>μιζον,</span> <span class='ocrx_word' id='word_1_377' title='bbox 415 3536 511 3590; x_wconf 76' lang='grc' dir='ltr'>καὶ</span> <span class='ocrx_word' id='word_1_378' title='bbox 540 3535 619 3606; x_wconf 83' lang='grc' dir='ltr'>τῷ</span> <span class='ocrx_word' id='word_1_379' title='bbox 642 3537 743 3607; x_wconf 84' lang='grc' dir='ltr'><strong>τῆς</strong></span> <span class='ocrx_word' id='word_1_380' title='bbox 770 3539 1001 3608; x_wconf 66' lang='grc' dir='ltr'>οἰήσεως</span> <span class='ocrx_word' id='word_1_381' title='bbox 1034 3538 1403 3611; x_wconf 75' lang='grc' dir='ltr'>ὲφλέγμαινον</span> <span class='ocrx_word' id='word_1_382' title='bbox 1426 3540 1611 3597; x_wconf 83' lang='grc' dir='ltr'>πάθει.</span> <span class='ocrx_word' id='word_1_383' title='bbox 1638 3540 1786 3595; x_wconf 84' lang='grc' dir='ltr'>Διότι</span> 
     </span>
    </p>
   </div>
   <div class='ocr_carea' id='block_1_54' title="bbox 196 3629 1785 3704">
    <p class='ocr_par' dir='ltr' id='par_1_54' title="bbox 196 3629 1785 3704">
     <span class='ocr_line' id='line_1_54' title="bbox 196 3629 1785 3704; baseline 0.002 -20"><span class='ocrx_word' id='word_1_384' title='bbox 196 3629 533 3702; x_wconf 81' lang='grc' dir='ltr'>νομομαθεϊς</span> <span class='ocrx_word' id='word_1_385' title='bbox 560 3647 622 3684; x_wconf 88' lang='grc' dir='ltr'><strong>τε</strong></span> <span class='ocrx_word' id='word_1_386' title='bbox 650 3630 895 3695; x_wconf 74' lang='grc' dir='ltr'>ἐδόκουν,</span> <span class='ocrx_word' id='word_1_387' title='bbox 925 3632 1021 3687; x_wconf 76' lang='grc' dir='ltr'><strong>καὶ</strong></span> <span class='ocrx_word' id='word_1_388' title='bbox 1048 3633 1159 3687; x_wconf 91' lang='grc' dir='ltr'><strong>τῶν</strong></span> <span class='ocrx_word' id='word_1_389' title='bbox 1191 3634 1492 3704; x_wconf 85' lang='grc' dir='ltr'>προφητῶν</span> <span class='ocrx_word' id='word_1_390' title='bbox 1519 3633 1619 3698; x_wconf 76' lang='grc' dir='ltr'>τὰς</span> <span class='ocrx_word' id='word_1_391' title='bbox 1670 3651 1785 3703; x_wconf 78' lang='grc' dir='ltr'>φω·</span> 
     </span>
    </p>
   </div>
   <div class='ocr_carea' id='block_1_55' title="bbox 198 3723 1785 3798">
    <p class='ocr_par' dir='ltr' id='par_1_55' title="bbox 198 3723 1785 3798">
     <span class='ocr_line' id='line_1_55' title="bbox 198 3723 1785 3798; baseline 0.002 -20"><span class='ocrx_word' id='word_1_392' title='bbox 198 3723 313 3791; x_wconf 78' lang='grc' dir='ltr'><strong>νάς,</strong></span> <span class='ocrx_word' id='word_1_393' title='bbox 350 3724 381 3778; x_wconf 81' lang='grc' dir='ltr'><strong>ὃ</strong></span> <span class='ocrx_word' id='word_1_394' title='bbox 418 3724 581 3778; x_wconf 78' lang='grc' dir='ltr'>πλέον</span> <span class='ocrx_word' id='word_1_395' title='bbox 606 3725 790 3779; x_wconf 83' lang='grc' dir='ltr'>αὐτῶν</span> <span class='ocrx_word' id='word_1_396' title='bbox 828 3724 931 3797; x_wconf 79' lang='grc' dir='ltr'><strong>τὴν</strong></span> <span class='ocrx_word' id='word_1_397' title='bbox 967 3726 1307 3798; x_wconf 87' lang='grc' dir='ltr'>κατηγορίαν</span> <span class='ocrx_word' id='word_1_398' title='bbox 1342 3727 1643 3791; x_wconf 67' lang='grc' dir='ltr'>ἐπέτεινεν,</span> <span class='ocrx_word' id='word_1_399' title='bbox 1671 3730 1785 3793; x_wconf 88' lang='grc' dir='ltr'>τοῖς</span> 
     </span>
    </p>
   </div>
   <div class='ocr_carea' id='block_1_56' title="bbox 194 3816 1783 3892">
    <p class='ocr_par' dir='ltr' id='par_1_56' title="bbox 194 3816 1783 3892">
     <span class='ocr_line' id='line_1_56' title="bbox 194 3816 1783 3892; baseline 0.004 -23"><span class='ocrx_word' id='word_1_400' title='bbox 194 3816 437 3888; x_wconf 79' lang='grc' dir='ltr'>χείλεσιν</span> <span class='ocrx_word' id='word_1_401' title='bbox 461 3816 815 3889; x_wconf 84' lang='grc' dir='ltr'>περιέφερον,</span> <span class='ocrx_word' id='word_1_402' title='bbox 846 3818 929 3872; x_wconf 82' lang='grc' dir='ltr'>διὸ</span> <span class='ocrx_word' id='word_1_403' title='bbox 974 3818 1071 3872; x_wconf 73' lang='grc' dir='ltr'>καὶ</span> <span class='ocrx_word' id='word_1_404' title='bbox 1100 3819 1323 3873; x_wconf 83' lang='grc' dir='ltr'>ἀνίατον</span> <span class='ocrx_word' id='word_1_405' title='bbox 1353 3820 1541 3885; x_wconf 78' lang='grc' dir='ltr'>αὐτοῖς</span> <span class='ocrx_word' id='word_1_406' title='bbox 1565 3822 1666 3892; x_wconf 82' lang='grc' dir='ltr'>τὴν</span> <span class='ocrx_word' id='word_1_407' title='bbox 1694 3823 1783 3876; x_wconf 70' lang='grc' dir='ltr'><strong>νόσ-</strong></span> 
     </span>
    </p>
   </div>
   <div class='ocr_carea' id='block_1_57' title="bbox 198 3909 1783 3986">
    <p class='ocr_par' dir='ltr' id='par_1_57' title="bbox 198 3909 1783 3986">
     <span class='ocr_line' id='line_1_57' title="bbox 198 3909 1783 3986; baseline 0.003 -21"><span class='ocrx_word' id='word_1_408' title='bbox 198 3926 288 3965; x_wconf 86' lang='grc' dir='ltr'><strong>σον</strong></span> <span class='ocrx_word' id='word_1_409' title='bbox 318 3909 757 3976; x_wconf 78' lang='grc' dir='ltr'>κατεσκεύαζον.</span> <span class='ocrx_word' id='word_1_410' title='bbox 803 3910 1094 3966; x_wconf 85' lang='grc' dir='ltr'>Ἐντεῦθεν</span> <span class='ocrx_word' id='word_1_411' title='bbox 1136 3912 1166 3965; x_wconf 86' lang='grc' dir='ltr'>ὁ</span> <span class='ocrx_word' id='word_1_412' title='bbox 1200 3914 1302 3983; x_wconf 77' lang='grc' dir='ltr'>μὲν</span> <span class='ocrx_word' id='word_1_413' title='bbox 1351 3914 1544 3986; x_wconf 82' lang='grc' dir='ltr'>Σωτὴρ</span> <span class='ocrx_word' id='word_1_414' title='bbox 1590 3915 1683 3968; x_wconf 78' lang='grc' dir='ltr'><strong>τὸν</strong></span> <span class='ocrx_word' id='word_1_415' title='bbox 1718 3917 1783 3969; x_wconf 83' lang='grc' dir='ltr'>ὲκ</span> 
     </span>
    </p>
   </div>
   <div class='ocr_carea' id='block_1_58' title="bbox 196 4003 1781 4079">
    <p class='ocr_par' dir='ltr' id='par_1_58' title="bbox 196 4003 1781 4079">
     <span class='ocr_line' id='line_1_58' title="bbox 196 4003 1781 4079; baseline 0.004 -24"><span class='ocrx_word' id='word_1_416' title='bbox 196 4004 465 4074; x_wconf 80' lang='grc' dir='ltr'>γεννητῆς</span> <span class='ocrx_word' id='word_1_417' title='bbox 491 4003 693 4073; x_wconf 76' lang='grc' dir='ltr'>τυφλὸν</span> <span class='ocrx_word' id='word_1_418' title='bbox 728 4004 945 4069; x_wconf 86' lang='grc' dir='ltr'>δεικνὺς</span> <span class='ocrx_word' id='word_1_419' title='bbox 980 4004 1197 4076; x_wconf 83' lang='grc' dir='ltr'>ὁρῶντα</span> <span class='ocrx_word' id='word_1_420' title='bbox 1221 4045 1238 4071; x_wconf 87' lang='grc'><strong>,</strong></span> <span class='ocrx_word' id='word_1_421' title='bbox 1268 4005 1381 4062; x_wconf 87' lang='grc' dir='ltr'><strong>τῶν</strong></span> <span class='ocrx_word' id='word_1_422' title='bbox 1424 4006 1482 4060; x_wconf 77' lang='grc' dir='ltr'>δὲ</span> <span class='ocrx_word' id='word_1_423' title='bbox 1516 4008 1616 4079; x_wconf 79' lang='grc' dir='ltr'>τὴν</span> <span class='ocrx_word' id='word_1_424' title='bbox 1661 4007 1781 4061; x_wconf 86' lang='grc' dir='ltr'>θεο-</span> 
     </span>
    </p>
   </div>
   <div class='ocr_carea' id='block_1_59' title="bbox 198 4097 1783 4172">
    <p class='ocr_par' dir='ltr' id='par_1_59' title="bbox 198 4097 1783 4172">
     <span class='ocr_line' id='line_1_59' title="bbox 198 4097 1783 4172; baseline 0.003 -20"><span class='ocrx_word' id='word_1_425' title='bbox 198 4098 368 4169; x_wconf 83' lang='grc' dir='ltr'>μάχον</span> <span class='ocrx_word' id='word_1_426' title='bbox 393 4097 649 4168; x_wconf 88' lang='grc' dir='ltr'>γλῶτταν</span> <span class='ocrx_word' id='word_1_427' title='bbox 673 4098 795 4153; x_wconf 75' lang='grc' dir='ltr'>ἀντὶ</span> <span class='ocrx_word' id='word_1_428' title='bbox 820 4097 917 4153; x_wconf 84' lang='grc' dir='ltr'><strong>τοῦ</strong></span> <span class='ocrx_word' id='word_1_429' title='bbox 949 4097 1229 4165; x_wconf 79' lang='grc' dir='ltr'>θυσιάζειν</span> <span class='ocrx_word' id='word_1_430' title='bbox 1254 4100 1335 4163; x_wconf 87' lang='grc' dir='ltr'><strong>είς</strong></span> <span class='ocrx_word' id='word_1_431' title='bbox 1380 4099 1541 4172; x_wconf 76' lang='grc' dir='ltr'>ὕϐριν</span> <span class='ocrx_word' id='word_1_432' title='bbox 1569 4100 1783 4156; x_wconf 86' lang='grc' dir='ltr'>κινούν-</span> 
     </span>
    </p>
   </div>
   <div class='ocr_carea' id='block_1_60' title="bbox 194 4190 1783 4264">
    <p class='ocr_par' dir='ltr' id='par_1_60' title="bbox 194 4190 1783 4264">
     <span class='ocr_line' id='line_1_60' title="bbox 194 4190 1783 4264; baseline 0.009 -31"><span class='ocrx_word' id='word_1_433' title='bbox 194 4207 322 4258; x_wconf 69' lang='grc' dir='ltr'><strong>των,</strong></span> <span class='ocrx_word' id='word_1_434' title='bbox 356 4211 376 4243; x_wconf 72' lang='grc' dir='ltr'>ι</span> <span class='ocrx_word' id='word_1_435' title='bbox 419 4191 516 4256; x_wconf 77' lang='grc' dir='ltr'><strong>Εἰς</strong></span> <span class='ocrx_word' id='word_1_436' title='bbox 542 4193 740 4263; x_wconf 79' lang='grc' dir='ltr'>κρῖμα,</span> <span class='ocrx_word' id='word_1_437' title='bbox 784 4191 974 4262; x_wconf 66' lang='grc' dir='ltr'>φησιν,</span> <span class='ocrx_word' id='word_1_438' title='bbox 1034 4190 1145 4261; x_wconf 69' lang='grc' dir='ltr'><strong>ἐγὼ</strong></span> <span class='ocrx_word' id='word_1_439' title='bbox 1179 4194 1259 4255; x_wconf 90' lang='grc' dir='ltr'><strong>είς</strong></span> <span class='ocrx_word' id='word_1_440' title='bbox 1286 4193 1378 4246; x_wconf 63' lang='grc' dir='ltr'>τὸν</span> <span class='ocrx_word' id='word_1_441' title='bbox 1410 4193 1614 4263; x_wconf 87' lang='grc' dir='ltr'>κόσμον</span> <span class='ocrx_word' id='word_1_442' title='bbox 1658 4193 1783 4264; x_wconf 79' lang='grc' dir='ltr'>ἐλή-</span> 
     </span>
    </p>
   </div>
   <div class='ocr_carea' id='block_1_61' title="bbox 195 4282 1783 4355">
    <p class='ocr_par' dir='ltr' id='par_1_61' title="bbox 195 4282 1783 4355">
     <span class='ocr_line' id='line_1_61' title="bbox 195 4282 1783 4355; baseline 0.002 -19"><span class='ocrx_word' id='word_1_443' title='bbox 195 4282 351 4350; x_wconf 88' lang='grc' dir='ltr'>λυθα,</span> <span class='ocrx_word' id='word_1_444' title='bbox 382 4283 474 4337; x_wconf 83' lang='grc' dir='ltr'>ἴνα</span> <span class='ocrx_word' id='word_1_445' title='bbox 506 4284 556 4337; x_wconf 81' lang='grc' dir='ltr'>οἱ</span> <span class='ocrx_word' id='word_1_446' title='bbox 580 4284 654 4355; x_wconf 81' lang='grc' dir='ltr'>μὴ</span> <span class='ocrx_word' id='word_1_447' title='bbox 686 4282 981 4354; x_wconf 84' lang='grc' dir='ltr'>βλέποντες</span> <span class='ocrx_word' id='word_1_448' title='bbox 1002 4283 1259 4355; x_wconf 54' lang='lat' dir='ltr'><strong>meum,</strong></span> <span class='ocrx_word' id='word_1_449' title='bbox 1289 4285 1386 4338; x_wconf 74' lang='grc' dir='ltr'>καὶ</span> <span class='ocrx_word' id='word_1_450' title='bbox 1411 4286 1461 4339; x_wconf 91' lang='grc' dir='ltr'>οἱ</span> <span class='ocrx_word' id='word_1_451' title='bbox 1490 4284 1783 4355; x_wconf 82' lang='grc' dir='ltr'>βλέποντες</span> 
     </span>
    </p>
   </div>
   <div class='ocr_carea' id='block_1_62' title="bbox 192 4373 1781 4447">
    <p class='ocr_par' dir='ltr' id='par_1_62' title="bbox 192 4373 1781 4447">
     <span class='ocr_line' id='line_1_62' title="bbox 192 4373 1781 4447; baseline 0.002 -21"><span class='ocrx_word' id='word_1_452' title='bbox 192 4373 384 4443; x_wconf 73' lang='grc' dir='ltr'>τυφλοὶ</span> <span class='ocrx_word' id='word_1_453' title='bbox 421 4373 709 4441; x_wconf 80' lang='grc' dir='ltr'>γένωνται.</span> <span class='ocrx_word' id='word_1_454' title='bbox 745 4392 765 4425; x_wconf 73' lang='grc' dir='ltr'><strong>ι</strong></span> <span class='ocrx_word' id='word_1_455' title='bbox 805 4375 915 4428; x_wconf 74' lang='grc' dir='ltr'>Καὶ</span> <span class='ocrx_word' id='word_1_456' title='bbox 942 4375 1007 4444; x_wconf 81' lang='grc' dir='ltr'>δὴ</span> <span class='ocrx_word' id='word_1_457' title='bbox 1052 4376 1147 4430; x_wconf 75' lang='grc' dir='ltr'>καὶ</span> <span class='ocrx_word' id='word_1_458' title='bbox 1174 4375 1285 4430; x_wconf 90' lang='grc' dir='ltr'><strong>τῶν</strong></span> <span class='ocrx_word' id='word_1_459' title='bbox 1315 4375 1629 4447; x_wconf 80' lang='grc' dir='ltr'>Φαρισαίων</span> <span class='ocrx_word' id='word_1_460' title='bbox 1659 4376 1781 4429; x_wconf 78' lang='grc' dir='ltr'>ἐπι-</span> 
     </span>
    </p>
   </div>
   <div class='ocr_carea' id='block_1_63' title="bbox 194 4465 1782 4539">
    <p class='ocr_par' dir='ltr' id='par_1_63' title="bbox 194 4465 1782 4539">
     <span class='ocr_line' id='line_1_63' title="bbox 194 4465 1782 4539; baseline -0.001 -19"><span class='ocrx_word' id='word_1_461' title='bbox 194 4465 623 4537; x_wconf 76' lang='grc' dir='ltr'>φθεγγομένωνο</span> <span class='ocrx_word' id='word_1_462' title='bbox 662 4483 682 4517; x_wconf 80' lang='grc' dir='ltr'><strong>ι</strong></span> <span class='ocrx_word' id='word_1_463' title='bbox 712 4465 805 4536; x_wconf 81' lang='grc' dir='ltr'><strong>Μὴ</strong></span> <span class='ocrx_word' id='word_1_464' title='bbox 838 4468 934 4520; x_wconf 79' lang='grc' dir='ltr'><strong>καὶ</strong></span> <span class='ocrx_word' id='word_1_465' title='bbox 974 4468 1139 4539; x_wconf 77' lang='grc' dir='ltr'>ἡμεῖς</span> <span class='ocrx_word' id='word_1_466' title='bbox 1179 4467 1370 4535; x_wconf 87' lang='grc' dir='ltr'>τυφλοί</span> <span class='ocrx_word' id='word_1_467' title='bbox 1412 4469 1618 4537; x_wconf 82' lang='grc' dir='ltr'>ὲσμεν;</span> <span class='ocrx_word' id='word_1_468' title='bbox 1658 4485 1677 4519; x_wconf 73' lang='grc' dir='ltr'><strong>ι</strong></span> <span class='ocrx_word' id='word_1_469' title='bbox 1707 4496 1782 4506; x_wconf 92' lang='grc'><strong><em>-</em></strong></span> 
     </span>
    </p>
   </div>
   <div class='ocr_carea' id='block_1_64' title="bbox 1810 3216 1858 3277">
    <p class='ocr_par' dir='ltr' id='par_1_64' title="bbox 1810 3216 1858 3277">
     <span class='ocr_line' id='line_1_64' title="bbox 1810 3216 1858 3277; baseline 0 0"><span class='ocrx_word' id='word_1_470' title='bbox 1810 3216 1858 3277; x_wconf 80' lang='lat' dir='ltr'><strong>G</strong></span> 
     </span>
    </p>
   </div>
   <div class='ocr_carea' id='block_1_65' title="bbox 1897 1954 3477 2028">
    <p class='ocr_par' dir='ltr' id='par_1_65' title="bbox 1897 1954 3477 2028">
     <span class='ocr_line' id='line_1_65' title="bbox 1897 1954 3477 2028; baseline 0.004 -20"><span class='ocrx_word' id='word_1_471' title='bbox 1897 1955 2058 2008; x_wconf 89' lang='lat' dir='ltr'><strong>malis</strong></span> <span class='ocrx_word' id='word_1_472' title='bbox 2096 1954 2486 2009; x_wconf 82' lang='lat' dir='ltr'><strong>liberarentur.</strong></span> <span class='ocrx_word' id='word_1_473' title='bbox 2535 1954 2693 2010; x_wconf 89' lang='lat' dir='ltr'><strong>Clare</strong></span> <span class='ocrx_word' id='word_1_474' title='bbox 2732 1956 2916 2026; x_wconf 84' lang='lat' dir='ltr'><strong>itaque</strong></span> <span class='ocrx_word' id='word_1_475' title='bbox 2978 1958 3243 2028; x_wconf 80' lang='lat' dir='ltr'><strong>propheta</strong></span> <span class='ocrx_word' id='word_1_476' title='bbox 3300 1975 3477 2015; x_wconf 63' lang='lat' dir='ltr'><strong>cmcos</strong></span> 
     </span>
    </p>
   </div>
   <div class='ocr_carea' id='block_1_66' title="bbox 1895 2046 3475 2117">
    <p class='ocr_par' dir='ltr' id='par_1_66' title="bbox 1895 2046 3475 2117">
     <span class='ocr_line' id='line_1_66' title="bbox 1895 2046 3475 2117; baseline 0.004 -15"><span class='ocrx_word' id='word_1_477' title='bbox 1895 2046 2018 2102; x_wconf 87' lang='lat' dir='ltr'><strong>illos</strong></span> <span class='ocrx_word' id='word_1_478' title='bbox 2046 2046 2234 2103; x_wconf 93' lang='lat' dir='ltr'><strong>oculos</strong></span> <span class='ocrx_word' id='word_1_479' title='bbox 2258 2056 2313 2103; x_wconf 88' lang='lat' dir='ltr'><strong>et</strong></span> <span class='ocrx_word' id='word_1_480' title='bbox 2356 2047 2553 2103; x_wconf 87' lang='lat' dir='ltr'><strong>surdas</strong></span> <span class='ocrx_word' id='word_1_481' title='bbox 2585 2063 2749 2104; x_wconf 88' lang='lat' dir='ltr'><strong>aures</strong></span> <span class='ocrx_word' id='word_1_482' title='bbox 2782 2050 2852 2104; x_wconf 88' lang='lat' dir='ltr'><strong>ab</strong></span> <span class='ocrx_word' id='word_1_483' title='bbox 2883 2048 3127 2117; x_wconf 86' lang='lat' dir='ltr'><strong>ipsorum</strong></span> <span class='ocrx_word' id='word_1_484' title='bbox 3159 2050 3475 2108; x_wconf 66' lang='lat' dir='ltr'><strong>Judarorum</strong></span> 
     </span>
    </p>
   </div>
   <div class='ocr_carea' id='block_1_67' title="bbox 1894 2140 3476 2211">
    <p class='ocr_par' dir='ltr' id='par_1_67' title="bbox 1894 2140 3476 2211">
     <span class='ocr_line' id='line_1_67' title="bbox 1894 2140 3476 2211; baseline 0.004 -15"><span class='ocrx_word' id='word_1_485' title='bbox 1894 2140 2125 2201; x_wconf 85' lang='lat' dir='ltr'><strong>consilio</strong></span> <span class='ocrx_word' id='word_1_486' title='bbox 2163 2148 2218 2195; x_wconf 92' lang='lat' dir='ltr'><strong>et</strong></span> <span class='ocrx_word' id='word_1_487' title='bbox 2253 2140 2483 2196; x_wconf 87' lang='lat' dir='ltr'><strong>arbitrio</strong></span> <span class='ocrx_word' id='word_1_488' title='bbox 2542 2142 2762 2211; x_wconf 87' lang='lat' dir='ltr'><strong>repetit,</strong></span> <span class='ocrx_word' id='word_1_489' title='bbox 2803 2150 3017 2199; x_wconf 84' lang='lat' dir='ltr'><strong>tantum</strong></span> <span class='ocrx_word' id='word_1_490' title='bbox 3067 2144 3241 2211; x_wconf 90' lang='lat' dir='ltr'><strong>abest,</strong></span> <span class='ocrx_word' id='word_1_491' title='bbox 3300 2156 3358 2201; x_wconf 90' lang='lat' dir='ltr'><strong>ut</strong></span> <span class='ocrx_word' id='word_1_492' title='bbox 3408 2146 3476 2202; x_wconf 82' lang='lat' dir='ltr'><strong>ad</strong></span> 
     </span>
    </p>
   </div>
   <div class='ocr_carea' id='block_1_68' title="bbox 1894 2232 3478 2305">
    <p class='ocr_par' dir='ltr' id='par_1_68' title="bbox 1894 2232 3478 2305">
     <span class='ocr_line' id='line_1_68' title="bbox 1894 2232 3478 2305; baseline 0.004 -18"><span class='ocrx_word' id='word_1_493' title='bbox 1894 2232 2172 2289; x_wconf 89' lang='lat' dir='ltr'><strong>decretum</strong></span> <span class='ocrx_word' id='word_1_494' title='bbox 2192 2232 2676 2298; x_wconf 63' lang='lat' dir='ltr'><strong>divinumJudaeis</strong></span> <span class='ocrx_word' id='word_1_495' title='bbox 2710 2235 3033 2305; x_wconf 75' lang='lat' dir='ltr'><strong>irrogatum,</strong></span> <span class='ocrx_word' id='word_1_496' title='bbox 3064 2237 3281 2293; x_wconf 82' lang='lat' dir='ltr'><strong>referat.</strong></span> <span class='ocrx_word' id='word_1_497' title='bbox 3318 2239 3478 2294; x_wconf 89' lang='lat' dir='ltr'><strong>Sicut</strong></span> 
     </span>
    </p>
   </div>
   <div class='ocr_carea' id='block_1_69' title="bbox 1893 2303 3474 2398">
    <p class='ocr_par' dir='ltr' id='par_1_69' title="bbox 1893 2303 3474 2398">
     <span class='ocr_line' id='line_1_69' title="bbox 1893 2303 3474 2398; baseline 0.003 -18"><span class='ocrx_word' id='word_1_498' title='bbox 1893 2340 2025 2380; x_wconf 84' lang='lat' dir='ltr'><strong>vero</strong></span> <span class='ocrx_word' id='word_1_499' title='bbox 2054 2327 2319 2396; x_wconf 84' lang='lat' dir='ltr'><strong>propheta</strong></span> <span class='ocrx_word' id='word_1_500' title='bbox 2351 2343 2417 2381; x_wconf 87' lang='lat' dir='ltr'><strong>eo</strong></span> <span class='ocrx_word' id='word_1_501' title='bbox 2443 2335 2685 2396; x_wconf 90' lang='lat' dir='ltr'><strong>tempore</strong></span> <span class='ocrx_word' id='word_1_502' title='bbox 2712 2303 2996 2398; x_wconf 58' lang='lat' dir='ltr'><strong>iiuprobos</strong></span> <span class='ocrx_word' id='word_1_503' title='bbox 3036 2327 3257 2387; x_wconf 66' lang='lat' dir='ltr'><strong>Judasos</strong></span> <span class='ocrx_word' id='word_1_504' title='bbox 3309 2332 3474 2387; x_wconf 80' lang='lat' dir='ltr'><strong>casti-</strong></span> 
     </span>
    </p>
   </div>
   <div class='ocr_carea' id='block_1_70' title="bbox 1894 2420 3477 2494">
    <p class='ocr_par' dir='ltr' id='par_1_70' title="bbox 1894 2420 3477 2494">
     <span class='ocr_line' id='line_1_70' title="bbox 1894 2420 3477 2494; baseline 0.004 -20"><span class='ocrx_word' id='word_1_505' title='bbox 1894 2428 2142 2491; x_wconf 84' lang='lat' dir='ltr'><strong>gaturns.</strong></span> <span class='ocrx_word' id='word_1_506' title='bbox 2171 2420 2408 2484; x_wconf 83' lang='lat' dir='ltr'><strong>dicebat,</strong></span> <span class='ocrx_word' id='word_1_507' title='bbox 2444 2435 2540 2476; x_wconf 86' lang='lat' dir='ltr'><strong>eos</strong></span> <span class='ocrx_word' id='word_1_508' title='bbox 2572 2436 2748 2489; x_wconf 90' lang='lat' dir='ltr'><strong>neque</strong></span> <span class='ocrx_word' id='word_1_509' title='bbox 2790 2421 2981 2478; x_wconf 92' lang='lat' dir='ltr'><strong>oculos</strong></span> <span class='ocrx_word' id='word_1_510' title='bbox 3018 2426 3253 2493; x_wconf 86' lang='lat' dir='ltr'><strong>aperire,</strong></span> <span class='ocrx_word' id='word_1_511' title='bbox 3299 2440 3477 2494; x_wconf 86' lang='lat' dir='ltr'><strong>neque</strong></span> 
     </span>
    </p>
   </div>
   <div class='ocr_carea' id='block_1_71' title="bbox 1895 2514 3476 2587">
    <p class='ocr_par' dir='ltr' id='par_1_71' title="bbox 1895 2514 3476 2587">
     <span class='ocr_line' id='line_1_71' title="bbox 1895 2514 3476 2587; baseline 0.004 -20"><span class='ocrx_word' id='word_1_512' title='bbox 1895 2529 2058 2569; x_wconf 85' lang='lat' dir='ltr'><strong>aures</strong></span> <span class='ocrx_word' id='word_1_513' title='bbox 2090 2514 2156 2569; x_wconf 84' lang='lat' dir='ltr'><strong>ad</strong></span> <span class='ocrx_word' id='word_1_514' title='bbox 2193 2514 2561 2583; x_wconf 89' lang='lat' dir='ltr'><strong>recipiendam</strong></span> <span class='ocrx_word' id='word_1_515' title='bbox 2616 2514 2912 2569; x_wconf 87' lang='lat' dir='ltr'><strong>salutarem</strong></span> <span class='ocrx_word' id='word_1_516' title='bbox 2948 2514 3056 2570; x_wconf 87' lang='lat' dir='ltr'><strong>sibi</strong></span> <span class='ocrx_word' id='word_1_517' title='bbox 3116 2516 3476 2587; x_wconf 87' lang='lat' dir='ltr'><strong>divinamque</strong></span> 
     </span>
    </p>
   </div>
   <div class='ocr_carea' id='block_1_72' title="bbox 1893 2606 3475 2681">
    <p class='ocr_par' dir='ltr' id='par_1_72' title="bbox 1893 2606 3475 2681">
     <span class='ocr_line' id='line_1_72' title="bbox 1893 2606 3475 2681; baseline 0.002 -19"><span class='ocrx_word' id='word_1_518' title='bbox 1893 2607 2202 2662; x_wconf 90' lang='lat' dir='ltr'><strong>doctrinam</strong></span> <span class='ocrx_word' id='word_1_519' title='bbox 2233 2606 2494 2662; x_wconf 88' lang='lat' dir='ltr'><strong>adhibere</strong></span> <span class='ocrx_word' id='word_1_520' title='bbox 2526 2608 2683 2671; x_wconf 86' lang='lat' dir='ltr'><strong>velle,</strong></span> <span class='ocrx_word' id='word_1_521' title='bbox 2726 2608 2889 2677; x_wconf 87' lang='lat' dir='ltr'><strong>idque</strong></span> <span class='ocrx_word' id='word_1_522' title='bbox 2920 2624 3013 2677; x_wconf 90' lang='lat' dir='ltr'><strong>per</strong></span> <span class='ocrx_word' id='word_1_523' title='bbox 3064 2620 3313 2679; x_wconf 86' lang='lat' dir='ltr'><strong>peccata,</strong></span> <span class='ocrx_word' id='word_1_524' title='bbox 3348 2610 3475 2681; x_wconf 87' lang='lat' dir='ltr'><strong>qui-</strong></span> 
     </span>
    </p>
   </div>
   <div class='ocr_carea' id='block_1_73' title="bbox 1892 2699 3476 2770">
    <p class='ocr_par' dir='ltr' id='par_1_73' title="bbox 1892 2699 3476 2770">
     <span class='ocr_line' id='line_1_73' title="bbox 1892 2699 3476 2770; baseline 0.003 -16"><span class='ocrx_word' id='word_1_525' title='bbox 1892 2699 1999 2756; x_wconf 86' lang='lat' dir='ltr'><strong>bus</strong></span> <span class='ocrx_word' id='word_1_526' title='bbox 2023 2710 2402 2764; x_wconf 88' lang='lat' dir='ltr'><strong>assueverant,</strong></span> <span class='ocrx_word' id='word_1_527' title='bbox 2449 2701 2689 2755; x_wconf 80' lang='lat' dir='ltr'><strong>maxime</strong></span> <span class='ocrx_word' id='word_1_528' title='bbox 2718 2716 2850 2755; x_wconf 90' lang='lat' dir='ltr'><strong>vero</strong></span> <span class='ocrx_word' id='word_1_529' title='bbox 2879 2717 2976 2770; x_wconf 90' lang='lat' dir='ltr'><strong>per</strong></span> <span class='ocrx_word' id='word_1_530' title='bbox 3016 2700 3217 2756; x_wconf 81' lang='lat' dir='ltr'><strong>fastum</strong></span> <span class='ocrx_word' id='word_1_531' title='bbox 3245 2711 3299 2757; x_wconf 94' lang='lat' dir='ltr'><strong>et</strong></span> <span class='ocrx_word' id='word_1_532' title='bbox 3322 2720 3476 2758; x_wconf 81' lang='lat' dir='ltr'><strong>arro-</strong></span> 
     </span>
    </p>
   </div>
   <div class='ocr_carea' id='block_1_74' title="bbox 1893 2790 3476 2861">
    <p class='ocr_par' dir='ltr' id='par_1_74' title="bbox 1893 2790 3476 2861">
     <span class='ocr_line' id='line_1_74' title="bbox 1893 2790 3476 2861; baseline 0.003 -16"><span class='ocrx_word' id='word_1_533' title='bbox 1893 2791 2159 2860; x_wconf 88' lang='lat' dir='ltr'><strong>gantiam,</strong></span> <span class='ocrx_word' id='word_1_534' title='bbox 2189 2790 2479 2861; x_wconf 85' lang='lat' dir='ltr'><strong>majusque</strong></span> <span class='ocrx_word' id='word_1_535' title='bbox 2531 2806 2785 2845; x_wconf 85' lang='lat' dir='ltr'><strong>errorum</strong></span> <span class='ocrx_word' id='word_1_536' title='bbox 2849 2807 3016 2861; x_wconf 90' lang='lat' dir='ltr'><strong>quam</strong></span> <span class='ocrx_word' id='word_1_537' title='bbox 3082 2793 3302 2861; x_wconf 85' lang='lat' dir='ltr'><strong>pietatis</strong></span> <span class='ocrx_word' id='word_1_538' title='bbox 3357 2804 3476 2849; x_wconf 91' lang='lat' dir='ltr'><strong>stu-</strong></span> 
     </span>
    </p>
   </div>
   <div class='ocr_carea' id='block_1_75' title="bbox 1892 2874 3476 2955">
    <p class='ocr_par' dir='ltr' id='par_1_75' title="bbox 1892 2874 3476 2955">
     <span class='ocr_line' id='line_1_75' title="bbox 1892 2874 3476 2955; baseline 0.003 -17"><span class='ocrx_word' id='word_1_539' title='bbox 1892 2884 2083 2952; x_wconf 88' lang='lat' dir='ltr'><strong>dium;</strong></span> <span class='ocrx_word' id='word_1_540' title='bbox 2116 2885 2189 2939; x_wconf 88' lang='lat' dir='ltr'><strong>ita</strong></span> <span class='ocrx_word' id='word_1_541' title='bbox 2219 2894 2272 2939; x_wconf 91' lang='lat' dir='ltr'><strong>et</strong></span> <span class='ocrx_word' id='word_1_542' title='bbox 2306 2884 2380 2938; x_wconf 89' lang='lat' dir='ltr'><strong>illi</strong></span> <span class='ocrx_word' id='word_1_543' title='bbox 2416 2874 2745 2939; x_wconf 80' lang='lat' dir='ltr'><strong>claudebant</strong></span> <span class='ocrx_word' id='word_1_544' title='bbox 2791 2885 3000 2951; x_wconf 90' lang='lat' dir='ltr'><strong>oculos,</strong></span> <span class='ocrx_word' id='word_1_545' title='bbox 3038 2901 3315 2955; x_wconf 87' lang='lat' dir='ltr'><strong>auresque</strong></span> <span class='ocrx_word' id='word_1_546' title='bbox 3344 2903 3476 2943; x_wconf 89' lang='lat' dir='ltr'><strong>snas</strong></span> 
     </span>
    </p>
   </div>
   <div class='ocr_carea' id='block_1_76' title="bbox 1892 2978 3472 3049">
    <p class='ocr_par' dir='ltr' id='par_1_76' title="bbox 1892 2978 3472 3049">
     <span class='ocr_line' id='line_1_76' title="bbox 1892 2978 3472 3049; baseline 0 -15"><span class='ocrx_word' id='word_1_547' title='bbox 1892 2979 2245 3045; x_wconf 82' lang='lat' dir='ltr'><strong>cohibebant,</strong></span> <span class='ocrx_word' id='word_1_548' title='bbox 2274 2994 2333 3033; x_wconf 90' lang='lat' dir='ltr'><strong>se</strong></span> <span class='ocrx_word' id='word_1_549' title='bbox 2362 2978 2509 3049; x_wconf 85' lang='lat' dir='ltr'><strong>ipsos</strong></span> <span class='ocrx_word' id='word_1_550' title='bbox 2534 2986 2590 3032; x_wconf 90' lang='lat' dir='ltr'><strong>et</strong></span> <span class='ocrx_word' id='word_1_551' title='bbox 2634 2993 2811 3034; x_wconf 74' lang='lat' dir='ltr'><strong>czecos</strong></span> <span class='ocrx_word' id='word_1_552' title='bbox 2839 2988 2893 3034; x_wconf 88' lang='lat' dir='ltr'><strong>et</strong></span> <span class='ocrx_word' id='word_1_553' title='bbox 2923 2980 3120 3035; x_wconf 88' lang='lat' dir='ltr'><strong>surdos</strong></span> <span class='ocrx_word' id='word_1_554' title='bbox 3144 2979 3472 3046; x_wconf 85' lang='lat' dir='ltr'><strong>ellicientes;</strong></span> 
     </span>
    </p>
   </div>
   <div class='ocr_carea' id='block_1_77' title="bbox 1891 3070 3477 3143">
    <p class='ocr_par' dir='ltr' id='par_1_77' title="bbox 1891 3070 3477 3143">
     <span class='ocr_line' id='line_1_77' title="bbox 1891 3070 3477 3143; baseline 0.001 -15"><span class='ocrx_word' id='word_1_555' title='bbox 1891 3081 1966 3138; x_wconf 88' lang='lat' dir='ltr'><strong>et,</strong></span> <span class='ocrx_word' id='word_1_556' title='bbox 1994 3072 2140 3143; x_wconf 86' lang='lat' dir='ltr'><strong>quod</strong></span> <span class='ocrx_word' id='word_1_557' title='bbox 2183 3071 2341 3142; x_wconf 84' lang='lat' dir='ltr'><strong>pejus</strong></span> <span class='ocrx_word' id='word_1_558' title='bbox 2365 3080 2471 3136; x_wconf 90' lang='lat' dir='ltr'><strong>est,</strong></span> <span class='ocrx_word' id='word_1_559' title='bbox 2504 3071 2578 3125; x_wconf 87' lang='lat' dir='ltr'><strong>ita</strong></span> <span class='ocrx_word' id='word_1_560' title='bbox 2627 3070 2831 3137; x_wconf 80' lang='lat' dir='ltr'><strong>allecti,</strong></span> <span class='ocrx_word' id='word_1_561' title='bbox 2868 3071 2993 3127; x_wconf 90' lang='lat' dir='ltr'><strong>aliis</strong></span> <span class='ocrx_word' id='word_1_562' title='bbox 3033 3087 3095 3128; x_wconf 91' lang='lat' dir='ltr'><strong>se</strong></span> <span class='ocrx_word' id='word_1_563' title='bbox 3142 3072 3477 3130; x_wconf 81' lang='lat' dir='ltr'><strong>oculatiores</strong></span> 
     </span>
    </p>
   </div>
   <div class='ocr_carea' id='block_1_78' title="bbox 1890 3168 3474 3239">
    <p class='ocr_par' dir='ltr' id='par_1_78' title="bbox 1890 3168 3474 3239">
     <span class='ocr_line' id='line_1_78' title="bbox 1890 3168 3474 3239; baseline -0.001 -13"><span class='ocrx_word' id='word_1_564' title='bbox 1890 3184 2015 3226; x_wconf 87' lang='lat' dir='ltr'><strong>esse</strong></span> <span class='ocrx_word' id='word_1_565' title='bbox 2044 3168 2437 3239; x_wconf 84' lang='lat' dir='ltr'><strong>opinabantur,</strong></span> <span class='ocrx_word' id='word_1_566' title='bbox 2467 3168 2727 3238; x_wconf 76' lang='lat' dir='ltr'><strong>praeclare</strong></span> <span class='ocrx_word' id='word_1_567' title='bbox 2757 3168 2825 3223; x_wconf 91' lang='lat' dir='ltr'><strong>de</strong></span> <span class='ocrx_word' id='word_1_568' title='bbox 2856 3184 2915 3224; x_wconf 89' lang='lat' dir='ltr'><strong>se</strong></span> <span class='ocrx_word' id='word_1_569' title='bbox 2947 3168 3270 3225; x_wconf 86' lang='lat' dir='ltr'><strong>sentientes.</strong></span> <span class='ocrx_word' id='word_1_570' title='bbox 3320 3168 3474 3237; x_wconf 86' lang='lat' dir='ltr'><strong>Qua-</strong></span> 
     </span>
    </p>
   </div>
   <div class='ocr_carea' id='block_1_79' title="bbox 1892 3247 3475 3333">
    <p class='ocr_par' dir='ltr' id='par_1_79' title="bbox 1892 3247 3475 3333">
     <span class='ocr_line' id='line_1_79' title="bbox 1892 3247 3475 3333; baseline 0.002 -17"><span class='ocrx_word' id='word_1_571' title='bbox 1892 3269 2114 3333; x_wconf 86' lang='lat' dir='ltr'><strong>propter</strong></span> <span class='ocrx_word' id='word_1_572' title='bbox 2134 3247 2296 3317; x_wconf 72' lang='lat' dir='ltr'><strong>etiain</strong></span> <span class='ocrx_word' id='word_1_573' title='bbox 2330 3261 2464 3331; x_wconf 82' lang='lat' dir='ltr'><strong>legis</strong></span> <span class='ocrx_word' id='word_1_574' title='bbox 2508 3261 2668 3331; x_wconf 90' lang='lat' dir='ltr'><strong>periti</strong></span> <span class='ocrx_word' id='word_1_575' title='bbox 2724 3261 2827 3317; x_wconf 90' lang='lat' dir='ltr'><strong>sibi</strong></span> <span class='ocrx_word' id='word_1_576' title='bbox 2858 3261 3208 3329; x_wconf 87' lang='lat' dir='ltr'><strong>videbantur,</strong></span> <span class='ocrx_word' id='word_1_577' title='bbox 3236 3262 3475 3333; x_wconf 83' lang='lat' dir='ltr'><strong>prophe-</strong></span> 
     </span>
    </p>
   </div>
   <div class='ocr_carea' id='block_1_80' title="bbox 1892 3353 3471 3425">
    <p class='ocr_par' dir='ltr' id='par_1_80' title="bbox 1892 3353 3471 3425">
     <span class='ocr_line' id='line_1_80' title="bbox 1892 3353 3471 3425; baseline 0.001 -17"><span class='ocrx_word' id='word_1_578' title='bbox 1892 3362 2183 3423; x_wconf 89' lang='lat' dir='ltr'><strong>tarumque</strong></span> <span class='ocrx_word' id='word_1_579' title='bbox 2212 3353 2455 3418; x_wconf 91' lang='lat' dir='ltr'><strong>oracula,</strong></span> <span class='ocrx_word' id='word_1_580' title='bbox 2494 3354 2545 3408; x_wconf 90' lang='lat' dir='ltr'><strong>id</strong></span> <span class='ocrx_word' id='word_1_581' title='bbox 2570 3353 2718 3425; x_wconf 88' lang='lat' dir='ltr'><strong>quod</strong></span> <span class='ocrx_word' id='word_1_582' title='bbox 2748 3354 2958 3410; x_wconf 88' lang='lat' dir='ltr'><strong>crimen</strong></span> <span class='ocrx_word' id='word_1_583' title='bbox 2992 3370 3185 3409; x_wconf 93' lang='lat' dir='ltr'><strong>eorum</strong></span> <span class='ocrx_word' id='word_1_584' title='bbox 3216 3356 3471 3425; x_wconf 78' lang='lat' dir='ltr'><strong>augebat,</strong></span> 
     </span>
    </p>
   </div>
   <div class='ocr_carea' id='block_1_81' title="bbox 1889 3446 3473 3518">
    <p class='ocr_par' dir='ltr' id='par_1_81' title="bbox 1889 3446 3473 3518">
     <span class='ocr_line' id='line_1_81' title="bbox 1889 3446 3473 3518; baseline 0 -15"><span class='ocrx_word' id='word_1_585' title='bbox 1889 3448 2051 3503; x_wconf 86' lang='lat' dir='ltr'><strong>labiis</strong></span> <span class='ocrx_word' id='word_1_586' title='bbox 2079 3446 2566 3513; x_wconf 81' lang='lat' dir='ltr'><strong>circumferebant,</strong></span> <span class='ocrx_word' id='word_1_587' title='bbox 2623 3463 2799 3518; x_wconf 90' lang='lat' dir='ltr'><strong>eoqne</strong></span> <span class='ocrx_word' id='word_1_588' title='bbox 2841 3448 2963 3517; x_wconf 82' lang='lat' dir='ltr'><strong>ipso</strong></span> <span class='ocrx_word' id='word_1_589' title='bbox 2999 3448 3254 3503; x_wconf 90' lang='lat' dir='ltr'><strong>morbum</strong></span> <span class='ocrx_word' id='word_1_590' title='bbox 3310 3464 3473 3503; x_wconf 91' lang='lat' dir='ltr'><strong>suum</strong></span> 
     </span>
    </p>
   </div>
   <div class='ocr_carea' id='block_1_82' title="bbox 1889 3536 3469 3603">
    <p class='ocr_par' dir='ltr' id='par_1_82' title="bbox 1889 3536 3469 3603">
     <span class='ocr_line' id='line_1_82' title="bbox 1889 3536 3469 3603; baseline -0.001 -9"><span class='ocrx_word' id='word_1_591' title='bbox 1889 3538 2348 3595; x_wconf 88' lang='lat' dir='ltr'><strong>immedicabilem</strong></span> <span class='ocrx_word' id='word_1_592' title='bbox 2406 3538 2726 3593; x_wconf 87' lang='lat' dir='ltr'><strong>reddebant.</strong></span> <span class='ocrx_word' id='word_1_593' title='bbox 2788 3536 2916 3593; x_wconf 93' lang='lat' dir='ltr'><strong>ldeo</strong></span> <span class='ocrx_word' id='word_1_594' title='bbox 2948 3538 3206 3593; x_wconf 86' lang='lat' dir='ltr'><strong>Salvator</strong></span> <span class='ocrx_word' id='word_1_595' title='bbox 3262 3550 3469 3603; x_wconf 86' lang='lat' dir='ltr'><strong>noster,</strong></span> 
     </span>
    </p>
   </div>
   <div class='ocr_carea' id='block_1_83' title="bbox 1887 3630 3477 3703">
    <p class='ocr_par' dir='ltr' id='par_1_83' title="bbox 1887 3630 3477 3703">
     <span class='ocr_line' id='line_1_83' title="bbox 1887 3630 3477 3703; baseline -0.003 -14"><span class='ocrx_word' id='word_1_596' title='bbox 1887 3641 2178 3703; x_wconf 89' lang='lat' dir='ltr'><strong>postquam</strong></span> <span class='ocrx_word' id='word_1_597' title='bbox 2222 3631 2459 3695; x_wconf 86' lang='lat' dir='ltr'><strong>homini,</strong></span> <span class='ocrx_word' id='word_1_598' title='bbox 2487 3646 2517 3685; x_wconf 92' lang='lat' dir='ltr'><strong>a</strong></span> <span class='ocrx_word' id='word_1_599' title='bbox 2546 3631 2821 3685; x_wconf 87' lang='lat' dir='ltr'><strong>natalibus</strong></span> <span class='ocrx_word' id='word_1_600' title='bbox 2850 3646 3017 3695; x_wconf 65' lang='lat' dir='ltr'><strong>casco,</strong></span> <span class='ocrx_word' id='word_1_601' title='bbox 3065 3630 3246 3686; x_wconf 84' lang='lat' dir='ltr'><strong>visum</strong></span> <span class='ocrx_word' id='word_1_602' title='bbox 3310 3630 3477 3685; x_wconf 86' lang='lat' dir='ltr'><strong>resti-</strong></span> 
     </span>
    </p>
   </div>
   <div class='ocr_carea' id='block_1_84' title="bbox 1890 3722 3475 3793">
    <p class='ocr_par' dir='ltr' id='par_1_84' title="bbox 1890 3722 3475 3793">
     <span class='ocr_line' id='line_1_84' title="bbox 1890 3722 3475 3793; baseline -0.001 -14"><span class='ocrx_word' id='word_1_603' title='bbox 1890 3733 2090 3787; x_wconf 86' lang='lat' dir='ltr'><strong>tuerat,</strong></span> <span class='ocrx_word' id='word_1_604' title='bbox 2124 3724 2203 3778; x_wconf 89' lang='lat' dir='ltr'><strong>illi</strong></span> <span class='ocrx_word' id='word_1_605' title='bbox 2234 3739 2364 3779; x_wconf 88' lang='lat' dir='ltr'><strong>vero</strong></span> <span class='ocrx_word' id='word_1_606' title='bbox 2394 3724 2659 3793; x_wconf 81' lang='lat' dir='ltr'><strong>linguam,</strong></span> <span class='ocrx_word' id='word_1_607' title='bbox 2695 3722 2807 3778; x_wconf 89' lang='lat' dir='ltr'><strong>Deo</strong></span> <span class='ocrx_word' id='word_1_608' title='bbox 2848 3722 3153 3788; x_wconf 88' lang='lat' dir='ltr'><strong>inimicam,</strong></span> <span class='ocrx_word' id='word_1_609' title='bbox 3202 3723 3328 3777; x_wconf 93' lang='lat' dir='ltr'><strong>loco</strong></span> <span class='ocrx_word' id='word_1_610' title='bbox 3354 3722 3475 3777; x_wconf 86' lang='lat' dir='ltr'><strong>cul-</strong></span> 
     </span>
    </p>
   </div>
   <div class='ocr_carea' id='block_1_85' title="bbox 1889 3816 3472 3888">
    <p class='ocr_par' dir='ltr' id='par_1_85' title="bbox 1889 3816 3472 3888">
     <span class='ocr_line' id='line_1_85' title="bbox 1889 3816 3472 3888; baseline -0.002 -15"><span class='ocrx_word' id='word_1_611' title='bbox 1889 3829 1979 3874; x_wconf 89' lang='lat' dir='ltr'><strong>tus</strong></span> <span class='ocrx_word' id='word_1_612' title='bbox 2012 3817 2327 3888; x_wconf 59' lang='lat' dir='ltr'><strong>prastandi,</strong></span> <span class='ocrx_word' id='word_1_613' title='bbox 2364 3817 2432 3871; x_wconf 89' lang='lat' dir='ltr'><strong>ad</strong></span> <span class='ocrx_word' id='word_1_614' title='bbox 2457 3817 2691 3886; x_wconf 86' lang='lat' dir='ltr'><strong>injurias</strong></span> <span class='ocrx_word' id='word_1_615' title='bbox 2715 3816 3057 3872; x_wconf 88' lang='lat' dir='ltr'><strong>evomendas</strong></span> <span class='ocrx_word' id='word_1_616' title='bbox 3116 3816 3472 3883; x_wconf 85' lang='lat' dir='ltr'><strong>adhibebant,</strong></span> 
     </span>
    </p>
   </div>
   <div class='ocr_carea' id='block_1_86' title="bbox 1887 3908 3472 3981">
    <p class='ocr_par' dir='ltr' id='par_1_86' title="bbox 1887 3908 3472 3981">
     <span class='ocr_line' id='line_1_86' title="bbox 1887 3908 3472 3981; baseline -0.004 -14"><span class='ocrx_word' id='word_1_617' title='bbox 1887 3912 2143 3968; x_wconf 87' lang='lat' dir='ltr'><strong>dicebat:</strong></span> <span class='ocrx_word' id='word_1_618' title='bbox 2202 3929 2222 3962; x_wconf 78' lang='grc' dir='ltr'><strong>ι</strong></span> <span class='ocrx_word' id='word_1_619' title='bbox 2251 3908 2625 3981; x_wconf 76' lang='lat' dir='ltr'><strong>Adjudicium</strong></span> <span class='ocrx_word' id='word_1_620' title='bbox 2656 3923 2759 3977; x_wconf 82' lang='lat' dir='ltr'><strong>ego</strong></span> <span class='ocrx_word' id='word_1_621' title='bbox 2796 3909 2919 3964; x_wconf 88' lang='lat' dir='ltr'><strong>veni</strong></span> <span class='ocrx_word' id='word_1_622' title='bbox 2968 3908 3023 3963; x_wconf 93' lang='lat' dir='ltr'><strong>in</strong></span> <span class='ocrx_word' id='word_1_623' title='bbox 3065 3908 3355 3975; x_wconf 88' lang='lat' dir='ltr'><strong>mundum,</strong></span> <span class='ocrx_word' id='word_1_624' title='bbox 3412 3914 3472 3961; x_wconf 92' lang='lat' dir='ltr'><strong>ut</strong></span> 
     </span>
    </p>
   </div>
   <div class='ocr_carea' id='block_1_87' title="bbox 1887 4000 3474 4066">
    <p class='ocr_par' dir='ltr' id='par_1_87' title="bbox 1887 4000 3474 4066">
     <span class='ocr_line' id='line_1_87' title="bbox 1887 4000 3474 4066; baseline -0.002 -8"><span class='ocrx_word' id='word_1_625' title='bbox 1887 4019 1997 4058; x_wconf 91' lang='lat' dir='ltr'><strong>non</strong></span> <span class='ocrx_word' id='word_1_626' title='bbox 2049 4002 2297 4058; x_wconf 90' lang='lat' dir='ltr'><strong>videntes</strong></span> <span class='ocrx_word' id='word_1_627' title='bbox 2337 4001 2586 4066; x_wconf 91' lang='lat' dir='ltr'><strong>videant,</strong></span> <span class='ocrx_word' id='word_1_628' title='bbox 2644 4000 2897 4056; x_wconf 79' lang='lat' dir='ltr'><strong>videntes</strong></span> <span class='ocrx_word' id='word_1_629' title='bbox 2956 4015 3088 4056; x_wconf 89' lang='lat' dir='ltr'><strong>vero</strong></span> <span class='ocrx_word' id='word_1_630' title='bbox 3147 4001 3276 4055; x_wconf 72' lang='lat' dir='ltr'><strong>caeci</strong></span> <span class='ocrx_word' id='word_1_631' title='bbox 3342 4015 3474 4055; x_wconf 87' lang='lat' dir='ltr'><strong>eva-</strong></span> 
     </span>
    </p>
   </div>
   <div class='ocr_carea' id='block_1_88' title="bbox 1886 4092 3474 4166">
    <p class='ocr_par' dir='ltr' id='par_1_88' title="bbox 1886 4092 3474 4166">
     <span class='ocr_line' id='line_1_88' title="bbox 1886 4092 3474 4166; baseline -0.003 -13"><span class='ocrx_word' id='word_1_632' title='bbox 1886 4098 2019 4153; x_wconf 87' lang='lat' dir='ltr'><strong>dant</strong></span> <span class='ocrx_word' id='word_1_633' title='bbox 2042 4097 2111 4154; x_wconf 86' lang='grc'><strong>⁷³.</strong></span> <span class='ocrx_word' id='word_1_634' title='bbox 2151 4115 2170 4149; x_wconf 74' lang='grc' dir='ltr'><strong>ι</strong></span> <span class='ocrx_word' id='word_1_635' title='bbox 2199 4096 2452 4166; x_wconf 88' lang='lat' dir='ltr'><strong>Cumque</strong></span> <span class='ocrx_word' id='word_1_636' title='bbox 2508 4094 2769 4151; x_wconf 68' lang='lat' dir='ltr'><strong>Pharisaei</strong></span> <span class='ocrx_word' id='word_1_637' title='bbox 2825 4094 3163 4164; x_wconf 77' lang='lat' dir='ltr'><strong>exciperent,</strong></span> <span class='ocrx_word' id='word_1_638' title='bbox 3198 4114 3216 4146; x_wconf 75' lang='grc' dir='ltr'><strong>ι</strong></span> <span class='ocrx_word' id='word_1_639' title='bbox 3252 4092 3392 4149; x_wconf 79' lang='lat' dir='ltr'><strong>Nunt</strong></span> <span class='ocrx_word' id='word_1_640' title='bbox 3418 4102 3474 4149; x_wconf 92' lang='lat' dir='ltr'><strong>et</strong></span> 
     </span>
    </p>
   </div>
   <div class='ocr_carea' id='block_1_89' title="bbox 1886 4184 3471 4255">
    <p class='ocr_par' dir='ltr' id='par_1_89' title="bbox 1886 4184 3471 4255">
     <span class='ocr_line' id='line_1_89' title="bbox 1886 4184 3471 4255; baseline -0.004 -10"><span class='ocrx_word' id='word_1_641' title='bbox 1886 4206 1991 4246; x_wconf 90' lang='lat' dir='ltr'><strong>nos</strong></span> <span class='ocrx_word' id='word_1_642' title='bbox 2019 4189 2148 4245; x_wconf 62' lang='lat' dir='ltr'><strong>caeci</strong></span> <span class='ocrx_word' id='word_1_643' title='bbox 2178 4188 2414 4244; x_wconf 85' lang='lat' dir='ltr'><strong>sumus?</strong></span> <span class='ocrx_word' id='word_1_644' title='bbox 2439 4205 2458 4239; x_wconf 81' lang='grc'>›</span> <span class='ocrx_word' id='word_1_645' title='bbox 2487 4186 2855 4255; x_wconf 86' lang='lat' dir='ltr'><strong>respondebat</strong></span> <span class='ocrx_word' id='word_1_646' title='bbox 2884 4203 2900 4241; x_wconf 90' lang='lat'><strong>:</strong></span> <span class='ocrx_word' id='word_1_647' title='bbox 2936 4206 2955 4236; x_wconf 85' lang='grc'><em>‹</em></span> <span class='ocrx_word' id='word_1_648' title='bbox 2998 4184 3055 4240; x_wconf 89' lang='lat' dir='ltr'><strong>Si</strong></span> <span class='ocrx_word' id='word_1_649' title='bbox 3090 4184 3219 4240; x_wconf 81' lang='lat' dir='ltr'><strong>caeci</strong></span> <span class='ocrx_word' id='word_1_650' title='bbox 3250 4184 3471 4249; x_wconf 85' lang='lat' dir='ltr'><strong>essetis,</strong></span> 
     </span>
    </p>
   </div>
   <div class='ocr_carea' id='block_1_90' title="bbox 1887 4275 3472 4351">
    <p class='ocr_par' dir='ltr' id='par_1_90' title="bbox 1887 4275 3472 4351">
     <span class='ocr_line' id='line_1_90' title="bbox 1887 4275 3472 4351; baseline -0.004 -13"><span class='ocrx_word' id='word_1_651' title='bbox 1887 4299 1993 4338; x_wconf 94' lang='lat' dir='ltr'><strong>non</strong></span> <span class='ocrx_word' id='word_1_652' title='bbox 2042 4282 2315 4338; x_wconf 87' lang='lat' dir='ltr'><strong>haberetis</strong></span> <span class='ocrx_word' id='word_1_653' title='bbox 2344 4288 2675 4351; x_wconf 89' lang='lat' dir='ltr'><strong>peccatum:</strong></span> <span class='ocrx_word' id='word_1_654' title='bbox 2728 4278 2843 4348; x_wconf 89' lang='lat' dir='ltr'><strong>jam</strong></span> <span class='ocrx_word' id='word_1_655' title='bbox 2886 4293 3016 4333; x_wconf 89' lang='lat' dir='ltr'><strong>vero</strong></span> <span class='ocrx_word' id='word_1_656' title='bbox 3054 4277 3259 4339; x_wconf 88' lang='lat' dir='ltr'><strong>dicitis.</strong></span> <span class='ocrx_word' id='word_1_657' title='bbox 3308 4275 3472 4332; x_wconf 82' lang='lat' dir='ltr'><strong>Vide-</strong></span> 
     </span>
    </p>
   </div>
   <div class='ocr_carea' id='block_1_91' title="bbox 1887 4366 3471 4440">
    <p class='ocr_par' dir='ltr' id='par_1_91' title="bbox 1887 4366 3471 4440">
     <span class='ocr_line' id='line_1_91' title="bbox 1887 4366 3471 4440; baseline -0.005 -10"><span class='ocrx_word' id='word_1_658' title='bbox 1887 4391 2056 4430; x_wconf 89' lang='lat' dir='ltr'><strong>mus:</strong></span> <span class='ocrx_word' id='word_1_659' title='bbox 2118 4374 2241 4429; x_wconf 85' lang='lat' dir='ltr'><strong>ideo</strong></span> <span class='ocrx_word' id='word_1_660' title='bbox 2296 4382 2581 4440; x_wconf 87' lang='lat' dir='ltr'><strong>peccatum</strong></span> <span class='ocrx_word' id='word_1_661' title='bbox 2649 4370 2791 4439; x_wconf 89' lang='lat' dir='ltr'><strong>apud</strong></span> <span class='ocrx_word' id='word_1_662' title='bbox 2843 4385 2939 4426; x_wconf 89' lang='lat' dir='ltr'><strong>vos</strong></span> <span class='ocrx_word' id='word_1_663' title='bbox 2998 4377 3180 4423; x_wconf 88' lang='lat' dir='ltr'><strong>manet</strong></span> <span class='ocrx_word' id='word_1_664' title='bbox 3214 4370 3284 4423; x_wconf 75' lang='grc'><strong>⁷⁸.</strong></span> <span class='ocrx_word' id='word_1_665' title='bbox 3314 4386 3333 4420; x_wconf 72' lang='grc' dir='ltr'><strong>ι</strong></span> <span class='ocrx_word' id='word_1_666' title='bbox 3365 4366 3471 4434; x_wconf 87' lang='lat' dir='ltr'><strong>Qui</strong></span> 
     </span>
    </p>
   </div>
   <div class='ocr_carea' id='block_1_92' title="bbox 1885 4465 3472 4538">
    <p class='ocr_par' dir='ltr' id='par_1_92' title="bbox 1885 4465 3472 4538">
     <span class='ocr_line' id='line_1_92' title="bbox 1885 4465 3472 4538; baseline -0.004 -14"><span class='ocrx_word' id='word_1_667' title='bbox 1885 4469 2030 4524; x_wconf 90' lang='lat' dir='ltr'><strong>enim</strong></span> <span class='ocrx_word' id='word_1_668' title='bbox 2066 4468 2241 4535; x_wconf 89' lang='lat' dir='ltr'><strong>novit,</strong></span> <span class='ocrx_word' id='word_1_669' title='bbox 2274 4483 2335 4523; x_wconf 91' lang='lat' dir='ltr'><strong>se</strong></span> <span class='ocrx_word' id='word_1_670' title='bbox 2383 4483 2481 4538; x_wconf 87' lang='lat' dir='ltr'><strong>per</strong></span> <span class='ocrx_word' id='word_1_671' title='bbox 2527 4465 2896 4536; x_wconf 73' lang='lat' dir='ltr'><strong>ignorantiam</strong></span> <span class='ocrx_word' id='word_1_672' title='bbox 2953 4481 3157 4521; x_wconf 66' lang='lat' dir='ltr'><strong>caecum</strong></span> <span class='ocrx_word' id='word_1_673' title='bbox 3218 4480 3363 4530; x_wconf 86' lang='lat' dir='ltr'><strong>esse,</strong></span> <span class='ocrx_word' id='word_1_674' title='bbox 3414 4472 3472 4519; x_wconf 88' lang='lat' dir='ltr'><strong>et</strong></span> 
     </span>
    </p>
   </div>
   <div class='ocr_carea' id='block_1_93' title="bbox 200 4554 1785 4630">
    <p class='ocr_par' dir='ltr' id='par_1_93' title="bbox 200 4554 1777 4630">
     <span class='ocr_line' id='line_1_93' title="bbox 200 4554 1777 4630; baseline 0.002 -21"><span class='ocrx_word' id='word_1_675' title='bbox 200 4578 218 4609; x_wconf 78' lang='grc' dir='ltr'><strong>ι</strong></span> <span class='ocrx_word' id='word_1_676' title='bbox 254 4560 315 4614; x_wconf 83' lang='lat' dir='ltr'><strong>Ei</strong></span> <span class='ocrx_word' id='word_1_677' title='bbox 347 4558 547 4628; x_wconf 83' lang='grc' dir='ltr'>τυφλοὶ</span> <span class='ocrx_word' id='word_1_678' title='bbox 582 4554 704 4630; x_wconf 84' lang='grc' dir='ltr'>ῆτε,</span> <span class='ocrx_word' id='word_1_679' title='bbox 753 4558 944 4629; x_wconf 76' lang='grc' dir='ltr'>φησὶν,</span> <span class='ocrx_word' id='word_1_680' title='bbox 981 4559 1081 4612; x_wconf 74' lang='grc' dir='ltr'><strong>οὐκ</strong></span> <span class='ocrx_word' id='word_1_681' title='bbox 1111 4559 1287 4630; x_wconf 77' lang='grc' dir='ltr'>εἴχετε</span> <span class='ocrx_word' id='word_1_682' title='bbox 1336 4558 1613 4630; x_wconf 81' lang='grc' dir='ltr'>ἁμαρτίαν</span> <span class='ocrx_word' id='word_1_683' title='bbox 1634 4574 1647 4588; x_wconf 92' lang='grc'><strong>·</strong></span> <span class='ocrx_word' id='word_1_684' title='bbox 1681 4559 1777 4613; x_wconf 92' lang='grc' dir='ltr'><strong>νῦν</strong></span> 
     </span>
    </p>
   </div>
   <div class='ocr_carea' id='block_1_94' title="bbox 1892 4554 3467 4630">
    <p class='ocr_par' dir='ltr' id='par_1_94' title="bbox 1892 4557 3467 4629">
     <span class='ocr_line' id='line_1_94' title="bbox 1892 4557 3467 4629; baseline -0.006 -12"><span class='ocrx_word' id='word_1_685' title='bbox 1892 4562 2138 4617; x_wconf 86' lang='lat' dir='ltr'><strong>morbum</strong></span> <span class='ocrx_word' id='word_1_686' title='bbox 2165 4577 2327 4617; x_wconf 91' lang='lat' dir='ltr'><strong>suum</strong></span> <span class='ocrx_word' id='word_1_687' title='bbox 2380 4560 2651 4629; x_wconf 79' lang='lat' dir='ltr'><strong>intelligit.</strong></span> <span class='ocrx_word' id='word_1_688' title='bbox 2687 4569 2741 4614; x_wconf 90' lang='lat' dir='ltr'><strong>et</strong></span> <span class='ocrx_word' id='word_1_689' title='bbox 2764 4559 2931 4615; x_wconf 90' lang='lat' dir='ltr'><strong>citius</strong></span> <span class='ocrx_word' id='word_1_690' title='bbox 2958 4558 3027 4615; x_wconf 91' lang='lat' dir='ltr'><strong>ad</strong></span> <span class='ocrx_word' id='word_1_691' title='bbox 3075 4557 3347 4612; x_wconf 91' lang='lat' dir='ltr'><strong>medicum</strong></span> <span class='ocrx_word' id='word_1_692' title='bbox 3406 4569 3467 4609; x_wconf 89' lang='lat' dir='ltr'><strong>se</strong></span> 
     </span>
    </p>
   </div>
   <div class='ocr_carea' id='block_1_95' title="bbox 192 4650 1778 4723">
    <p class='ocr_par' dir='ltr' id='par_1_95' title="bbox 192 4650 1778 4723">
     <span class='ocr_line' id='line_1_95' title="bbox 192 4650 1778 4723; baseline 0.001 -19"><span class='ocrx_word' id='word_1_693' title='bbox 192 4651 248 4704; x_wconf 70' lang='grc' dir='ltr'>δὲ</span> <span class='ocrx_word' id='word_1_694' title='bbox 269 4651 486 4722; x_wconf 79' lang='grc' dir='ltr'>λέγετε,</span> <span class='ocrx_word' id='word_1_695' title='bbox 517 4652 600 4705; x_wconf 83' lang='grc' dir='ltr'>ὅτι</span> <span class='ocrx_word' id='word_1_696' title='bbox 623 4651 928 4722; x_wconf 84' lang='grc' dir='ltr'>Βλέπομεν,</span> <span class='ocrx_word' id='word_1_697' title='bbox 962 4650 1052 4706; x_wconf 84' lang='grc' dir='ltr'><strong>διὰ</strong></span> <span class='ocrx_word' id='word_1_698' title='bbox 1083 4651 1241 4705; x_wconf 90' lang='grc' dir='ltr'>τοῦτο</span> <span class='ocrx_word' id='word_1_699' title='bbox 1275 4652 1308 4722; x_wconf 81' lang='grc' dir='ltr'><strong>ἡ</strong></span> <span class='ocrx_word' id='word_1_700' title='bbox 1336 4652 1583 4723; x_wconf 83' lang='grc' dir='ltr'>ἁμαρτία</span> <span class='ocrx_word' id='word_1_701' title='bbox 1623 4651 1778 4722; x_wconf 79' lang='grc' dir='ltr'>ὑμῶν</span> 
     </span>
    </p>
   </div>
   <div class='ocr_carea' id='block_1_96' title="bbox 197 4741 1775 4814">
    <p class='ocr_par' dir='ltr' id='par_1_96' title="bbox 197 4741 1775 4814">
     <span class='ocr_line' id='line_1_96' title="bbox 197 4741 1775 4814; baseline -0.001 -17"><span class='ocrx_word' id='word_1_702' title='bbox 197 4744 367 4813; x_wconf 80' lang='grc' dir='ltr'>μένει.</span> <span class='ocrx_word' id='word_1_703' title='bbox 399 4762 421 4796; x_wconf 74' lang='grc' dir='ltr'><strong>ι</strong></span> <span class='ocrx_word' id='word_1_704' title='bbox 458 4743 518 4797; x_wconf 88' lang='lat'><strong>&#39;0</strong></span> <span class='ocrx_word' id='word_1_705' title='bbox 546 4743 647 4814; x_wconf 84' lang='grc' dir='ltr'>μὲν</span> <span class='ocrx_word' id='word_1_706' title='bbox 678 4741 787 4813; x_wconf 84' lang='grc' dir='ltr'>γὰρ</span> <span class='ocrx_word' id='word_1_707' title='bbox 820 4742 975 4807; x_wconf 80' lang='grc' dir='ltr'>εἰδὼς</span> <span class='ocrx_word' id='word_1_708' title='bbox 1003 4744 1196 4798; x_wconf 75' lang='grc' dir='ltr'>ἑαυτὸν</span> <span class='ocrx_word' id='word_1_709' title='bbox 1220 4744 1278 4810; x_wconf 71' lang='grc' dir='ltr'>ἐξ</span> <span class='ocrx_word' id='word_1_710' title='bbox 1302 4744 1525 4812; x_wconf 85' lang='grc' dir='ltr'>ἀγνοίας</span> <span class='ocrx_word' id='word_1_711' title='bbox 1552 4743 1775 4813; x_wconf 81' lang='grc' dir='ltr'>τυφλὸν,</span> 
     </span>
    </p>
   </div>
   <div class='ocr_carea' id='block_1_97' title="bbox 196 4820 1777 4908">
    <p class='ocr_par' dir='ltr' id='par_1_97' title="bbox 196 4820 1777 4908">
     <span class='ocr_line' id='line_1_97' title="bbox 196 4820 1777 4908; baseline 0.001 -19"><span class='ocrx_word' id='word_1_712' title='bbox 196 4836 429 4907; x_wconf 69' lang='grc' dir='ltr'>συνῆκεν</span> <span class='ocrx_word' id='word_1_713' title='bbox 459 4853 521 4890; x_wconf 84' lang='grc' dir='ltr'><strong>τε</strong></span> <span class='ocrx_word' id='word_1_714' title='bbox 545 4836 607 4890; x_wconf 82' lang='grc' dir='ltr'><strong>τὸ</strong></span> <span class='ocrx_word' id='word_1_715' title='bbox 638 4836 835 4901; x_wconf 88' lang='grc' dir='ltr'>πάθος,</span> <span class='ocrx_word' id='word_1_716' title='bbox 867 4838 964 4890; x_wconf 73' lang='grc' dir='ltr'><strong>καὶ</strong></span> <span class='ocrx_word' id='word_1_717' title='bbox 994 4836 1189 4889; x_wconf 81' lang='grc' dir='ltr'>θᾶττον</span> <span class='ocrx_word' id='word_1_718' title='bbox 1220 4838 1391 4908; x_wconf 85' lang='grc' dir='ltr'>χωρεῖ</span> <span class='ocrx_word' id='word_1_719' title='bbox 1417 4836 1493 4906; x_wconf 85' lang='lat' dir='ltr'><strong>(l)</strong></span> <span class='ocrx_word' id='word_1_720' title='bbox 1517 4834 1654 4907; x_wconf 85' lang='grc' dir='ltr'>πρὸς</span> <span class='ocrx_word' id='word_1_721' title='bbox 1684 4820 1777 4890; x_wconf 64' lang='grc' dir='ltr'><strong>τδν</strong></span> 
     </span>
    </p>
   </div>
   <div class='ocr_carea' id='block_1_98' title="bbox 199 4927 1776 5002">
    <p class='ocr_par' dir='ltr' id='par_1_98' title="bbox 199 4927 1776 5002">
     <span class='ocr_line' id='line_1_98' title="bbox 199 4927 1776 5002; baseline -0.001 -20"><span class='ocrx_word' id='word_1_722' title='bbox 199 4930 405 5002; x_wconf 74' lang='grc' dir='ltr'>ἰατρὸν,</span> <span class='ocrx_word' id='word_1_723' title='bbox 435 4930 533 4984; x_wconf 77' lang='grc' dir='ltr'>καὶ</span> <span class='ocrx_word' id='word_1_724' title='bbox 566 4928 662 4983; x_wconf 90' lang='grc' dir='ltr'><strong>τοῦ</strong></span> <span class='ocrx_word' id='word_1_725' title='bbox 705 4929 884 4999; x_wconf 77' lang='grc' dir='ltr'>φωτὸς</span> <span class='ocrx_word' id='word_1_726' title='bbox 918 4928 1173 4997; x_wconf 75' lang='grc' dir='ltr'>ἐπιζητεῖ</span> <span class='ocrx_word' id='word_1_727' title='bbox 1195 4928 1296 4999; x_wconf 82' lang='grc' dir='ltr'><strong>τὴν</strong></span> <span class='ocrx_word' id='word_1_728' title='bbox 1326 4928 1653 4990; x_wconf 86' lang='grc' dir='ltr'>ἀπόλαυσιν,</span> <span class='ocrx_word' id='word_1_729' title='bbox 1682 4927 1776 4980; x_wconf 73' lang='grc' dir='ltr'><strong>καὶ</strong></span> 
     </span>
    </p>
   </div>
   <div class='ocr_carea' id='block_1_99' title="bbox 196 5018 1776 5093">
    <p class='ocr_par' dir='ltr' id='par_1_99' title="bbox 196 5018 1776 5093">
     <span class='ocr_line' id='line_1_99' title="bbox 196 5018 1776 5093; baseline -0.003 -18"><span class='ocrx_word' id='word_1_730' title='bbox 196 5021 330 5093; x_wconf 76' lang='grc' dir='ltr'>πρὸς</span> <span class='ocrx_word' id='word_1_731' title='bbox 351 5023 533 5075; x_wconf 77' lang='grc' dir='ltr'>έκεῖνο</span> <span class='ocrx_word' id='word_1_732' title='bbox 564 5020 808 5088; x_wconf 87' lang='grc' dir='ltr'>σπεύδει,</span> <span class='ocrx_word' id='word_1_733' title='bbox 841 5021 936 5075; x_wconf 71' lang='grc' dir='ltr'>καὶ</span> <span class='ocrx_word' id='word_1_734' title='bbox 962 5020 1064 5090; x_wconf 88' lang='grc' dir='ltr'><strong>τῆς</strong></span> <span class='ocrx_word' id='word_1_735' title='bbox 1090 5018 1476 5090; x_wconf 85' lang='grc' dir='ltr'>φιλανθρώπου</span> <span class='ocrx_word' id='word_1_736' title='bbox 1502 5019 1592 5074; x_wconf 88' lang='grc' dir='ltr'><strong>διά</strong></span> <span class='ocrx_word' id='word_1_737' title='bbox 1613 5018 1776 5073; x_wconf 89' lang='grc' dir='ltr'>τοῦτο</span> 
     </span>
    </p>
   </div>
   <div class='ocr_carea' id='block_1_100' title="bbox 197 5112 1774 5186">
    <p class='ocr_par' dir='ltr' id='par_1_100' title="bbox 197 5112 1774 5186">
     <span class='ocr_line' id='line_1_100' title="bbox 197 5112 1774 5186; baseline -0.002 -18"><span class='ocrx_word' id='word_1_738' title='bbox 197 5115 454 5186; x_wconf 81' lang='grc' dir='ltr'>προνοίας</span> <span class='ocrx_word' id='word_1_739' title='bbox 468 5112 849 5181; x_wconf 79' lang='grc' dir='ltr'>καταξιοῦται,</span> <span class='ocrx_word' id='word_1_740' title='bbox 866 5115 986 5176; x_wconf 83' lang='grc' dir='ltr'>ταῖς</span> <span class='ocrx_word' id='word_1_741' title='bbox 1009 5113 1373 5184; x_wconf 79' lang='grc' dir='ltr'>σελασφόροις</span> <span class='ocrx_word' id='word_1_742' title='bbox 1399 5113 1570 5186; x_wconf 76' lang='grc' dir='ltr'>αὐτῆς</span> <span class='ocrx_word' id='word_1_743' title='bbox 1589 5113 1774 5166; x_wconf 87' lang='grc' dir='ltr'>ἀκτῖσι</span> 
     </span>
    </p>
   </div>
   <div class='ocr_carea' id='block_1_101' title="bbox 1885 4646 3469 4724">
    <p class='ocr_par' dir='ltr' id='par_1_101' title="bbox 1885 4646 3469 4724">
     <span class='ocr_line' id='line_1_101' title="bbox 1885 4646 3469 4724; baseline -0.007 -13"><span class='ocrx_word' id='word_1_744' title='bbox 1885 4657 2176 4721; x_wconf 88' lang='lat' dir='ltr'><strong>convertit,</strong></span> <span class='ocrx_word' id='word_1_745' title='bbox 2217 4654 2471 4724; x_wconf 91' lang='lat' dir='ltr'><strong>lucisque</strong></span> <span class='ocrx_word' id='word_1_746' title='bbox 2504 4668 2664 4708; x_wconf 90' lang='lat' dir='ltr'><strong>usum</strong></span> <span class='ocrx_word' id='word_1_747' title='bbox 2700 4653 3008 4723; x_wconf 88' lang='lat' dir='ltr'><strong>requirens,</strong></span> <span class='ocrx_word' id='word_1_748' title='bbox 3048 4651 3115 4705; x_wconf 90' lang='lat' dir='ltr'><strong>ad</strong></span> <span class='ocrx_word' id='word_1_749' title='bbox 3160 4665 3280 4705; x_wconf 87' lang='lat' dir='ltr'><strong>eam</strong></span> <span class='ocrx_word' id='word_1_750' title='bbox 3314 4646 3469 4701; x_wconf 77' lang='lat' dir='ltr'><strong>festi-</strong></span> 
     </span>
    </p>
   </div>
   <div class='ocr_carea' id='block_1_102' title="bbox 1886 4739 3468 4818">
    <p class='ocr_par' dir='ltr' id='par_1_102' title="bbox 1886 4739 3468 4818">
     <span class='ocr_line' id='line_1_102' title="bbox 1886 4739 3468 4818; baseline -0.006 -15"><span class='ocrx_word' id='word_1_751' title='bbox 1886 4758 2001 4813; x_wconf 89' lang='lat' dir='ltr'><strong>nat,</strong></span> <span class='ocrx_word' id='word_1_752' title='bbox 2031 4747 2264 4818; x_wconf 89' lang='lat' dir='ltr'><strong>ideoque</strong></span> <span class='ocrx_word' id='word_1_753' title='bbox 2322 4760 2453 4801; x_wconf 90' lang='lat' dir='ltr'><strong>cura</strong></span> <span class='ocrx_word' id='word_1_754' title='bbox 2496 4744 2925 4800; x_wconf 88' lang='lat' dir='ltr'><strong>clementissima</strong></span> <span class='ocrx_word' id='word_1_755' title='bbox 2969 4742 3165 4812; x_wconf 86' lang='lat' dir='ltr'><strong>dignus</strong></span> <span class='ocrx_word' id='word_1_756' title='bbox 3214 4739 3468 4805; x_wconf 87' lang='lat' dir='ltr'><strong>habetur,</strong></span> 
     </span>
    </p>
   </div>
   <div class='ocr_carea' id='block_1_103' title="bbox 1884 4830 3468 4909">
    <p class='ocr_par' dir='ltr' id='par_1_103' title="bbox 1884 4830 3468 4909">
     <span class='ocr_line' id='line_1_103' title="bbox 1884 4830 3468 4909; baseline -0.007 -15"><span class='ocrx_word' id='word_1_757' title='bbox 1884 4839 2183 4909; x_wconf 77' lang='lat' dir='ltr'><strong>radiiselus</strong></span> <span class='ocrx_word' id='word_1_758' title='bbox 2197 4834 2657 4907; x_wconf 89' lang='lat' dir='ltr'><strong>splendidissimis</strong></span> <span class='ocrx_word' id='word_1_759' title='bbox 2678 4830 3158 4890; x_wconf 87' lang='lat' dir='ltr'><strong>illuminatusetad</strong></span> <span class='ocrx_word' id='word_1_760' title='bbox 3176 4830 3468 4885; x_wconf 81' lang='lat' dir='ltr'><strong>salutarem</strong></span> 
     </span>
    </p>
   </div>
   <div class='ocr_carea' id='block_1_104' title="bbox 1886 4921 3469 4995">
    <p class='ocr_par' dir='ltr' id='par_1_104' title="bbox 1886 4921 3469 4995">
     <span class='ocr_line' id='line_1_104' title="bbox 1886 4921 3469 4995; baseline -0.008 -11"><span class='ocrx_word' id='word_1_761' title='bbox 1886 4930 2295 4985; x_wconf 78' lang='lat' dir='ltr'><strong>meditationem</strong></span> <span class='ocrx_word' id='word_1_762' title='bbox 2343 4928 2633 4982; x_wconf 83' lang='lat' dir='ltr'><strong>adductus.</strong></span> <span class='ocrx_word' id='word_1_763' title='bbox 2673 4924 2779 4993; x_wconf 84' lang='lat' dir='ltr'><strong>Qui</strong></span> <span class='ocrx_word' id='word_1_764' title='bbox 2808 4939 2938 4980; x_wconf 89' lang='lat' dir='ltr'><strong>vero</strong></span> <span class='ocrx_word' id='word_1_765' title='bbox 2976 4938 3087 4995; x_wconf 68' lang='lat' dir='ltr'><strong>pra:</strong></span> <span class='ocrx_word' id='word_1_766' title='bbox 3128 4921 3312 4977; x_wconf 89' lang='lat' dir='ltr'><strong>cordis</strong></span> <span class='ocrx_word' id='word_1_767' title='bbox 3361 4921 3469 4973; x_wconf 85' lang='lat' dir='ltr'><strong>du-</strong></span> 
     </span>
    </p>
   </div>
   <div class='ocr_carea' id='block_1_105' title="bbox 1885 5012 3468 5082">
    <p class='ocr_par' dir='ltr' id='par_1_105' title="bbox 1885 5012 3468 5082">
     <span class='ocr_line' id='line_1_105' title="bbox 1885 5012 3468 5082; baseline -0.007 -5"><span class='ocrx_word' id='word_1_768' title='bbox 1885 5022 2009 5077; x_wconf 88' lang='lat' dir='ltr'><strong>ritie</strong></span> <span class='ocrx_word' id='word_1_769' title='bbox 2051 5022 2106 5076; x_wconf 91' lang='lat' dir='ltr'><strong>in</strong></span> <span class='ocrx_word' id='word_1_770' title='bbox 2155 5020 2395 5076; x_wconf 84' lang='lat' dir='ltr'><strong>tenebris</strong></span> <span class='ocrx_word' id='word_1_771' title='bbox 2438 5028 2711 5082; x_wconf 88' lang='lat' dir='ltr'><strong>versatur,</strong></span> <span class='ocrx_word' id='word_1_772' title='bbox 2771 5026 2825 5073; x_wconf 90' lang='lat' dir='ltr'><strong>et</strong></span> <span class='ocrx_word' id='word_1_773' title='bbox 2871 5017 2953 5071; x_wconf 90' lang='lat' dir='ltr'><strong>vel</strong></span> <span class='ocrx_word' id='word_1_774' title='bbox 3024 5017 3107 5071; x_wconf 90' lang='lat' dir='ltr'><strong>sic</strong></span> <span class='ocrx_word' id='word_1_775' title='bbox 3159 5012 3349 5069; x_wconf 90' lang='lat' dir='ltr'><strong>videre</strong></span> <span class='ocrx_word' id='word_1_776' title='bbox 3407 5026 3468 5068; x_wconf 88' lang='lat' dir='ltr'><strong>se</strong></span> 
     </span>
    </p>
   </div>
   <div class='ocr_carea' id='block_1_106' title="bbox 1882 5105 3465 5182">
    <p class='ocr_par' dir='ltr' id='par_1_106' title="bbox 1882 5105 3465 5182">
     <span class='ocr_line' id='line_1_106' title="bbox 1882 5105 3465 5182; baseline -0.006 -14"><span class='ocrx_word' id='word_1_777' title='bbox 1882 5114 2179 5175; x_wconf 77' lang='lat' dir='ltr'><strong>existimat,</strong></span> <span class='ocrx_word' id='word_1_778' title='bbox 2213 5110 2486 5182; x_wconf 88' lang='lat' dir='ltr'><strong>duplicem</strong></span> <span class='ocrx_word' id='word_1_779' title='bbox 2521 5109 2627 5165; x_wconf 90' lang='lat' dir='ltr'><strong>sibi</strong></span> <span class='ocrx_word' id='word_1_780' title='bbox 2686 5109 2985 5166; x_wconf 61' lang='lat' dir='ltr'><strong>caecitatem</strong></span> <span class='ocrx_word' id='word_1_781' title='bbox 3040 5105 3293 5171; x_wconf 90' lang='lat' dir='ltr'><strong>arcessit,</strong></span> <span class='ocrx_word' id='word_1_782' title='bbox 3323 5117 3465 5175; x_wconf 88' lang='lat' dir='ltr'><strong>quo-</strong></span> 
     </span>
    </p>
   </div>
   <div class='ocr_carea' id='block_1_107' title="bbox 263 5247 1785 5322">
    <p class='ocr_par' dir='ltr' id='par_1_107' title="bbox 263 5249 1782 5322">
     <span class='ocr_line' id='line_1_107' title="bbox 263 5249 1782 5322; baseline -0.001 -16"><span class='ocrx_word' id='word_1_783' title='bbox 263 5253 308 5284; x_wconf 86' lang='lat'><strong>&quot;</strong></span> <span class='ocrx_word' id='word_1_784' title='bbox 327 5250 489 5307; x_wconf 83' lang='lat' dir='ltr'><strong>Joau.</strong></span> <span class='ocrx_word' id='word_1_785' title='bbox 531 5269 609 5319; x_wconf 75' lang='lat' dir='ltr'><strong>Ix,</strong></span> <span class='ocrx_word' id='word_1_786' title='bbox 632 5252 722 5308; x_wconf 82' lang='lat'><strong>59.</strong></span> <span class='ocrx_word' id='word_1_787' title='bbox 796 5251 846 5284; x_wconf 77' lang='lat'>&quot;</span> <span class='ocrx_word' id='word_1_788' title='bbox 881 5250 1011 5305; x_wconf 89' lang='lat' dir='ltr'><strong>ibid.</strong></span> <span class='ocrx_word' id='word_1_789' title='bbox 1037 5249 1131 5315; x_wconf 68' lang='grc'><strong>41,</strong></span> <span class='ocrx_word' id='word_1_790' title='bbox 1165 5250 1254 5305; x_wconf 87' lang='lat' dir='ltr'><strong>ubi</strong></span> <span class='ocrx_word' id='word_1_791' title='bbox 1288 5268 1387 5322; x_wconf 86' lang='lat' dir='ltr'><strong>pro</strong></span> <span class='ocrx_word' id='word_1_792' title='bbox 1403 5250 1493 5305; x_wconf 74' lang='grc' dir='ltr'>διὰ</span> <span class='ocrx_word' id='word_1_793' title='bbox 1515 5250 1692 5317; x_wconf 83' lang='grc' dir='ltr'>τοῦτο,</span> <span class='ocrx_word' id='word_1_794' title='bbox 1734 5251 1782 5305; x_wconf 93' lang='lat' dir='ltr'><strong>le</strong></span> 
     </span>
    </p>
   </div>
   <div class='ocr_carea' id='block_1_108' title="bbox 1892 5247 2089 5322">
    <p class='ocr_par' dir='ltr' id='par_1_108' title="bbox 1896 5247 2089 5316">
     <span class='ocr_line' id='line_1_108' title="bbox 1896 5247 2089 5316; baseline 0.01 -13"><span class='ocrx_word' id='word_1_795' title='bbox 1896 5252 1930 5316; x_wconf 82' lang='grc' dir='ltr'>ἡ</span> <span class='ocrx_word' id='word_1_796' title='bbox 1972 5247 2089 5305; x_wconf 81' lang='grc' dir='ltr'>οὖν.</span> 
     </span>
    </p>
   </div>
   <div class='ocr_carea' id='block_1_109' title="bbox 1698 5344 1929 5404">
    <p class='ocr_par' dir='ltr' id='par_1_109' title="bbox 1698 5344 1929 5404">
     <span class='ocr_line' id='line_1_109' title="bbox 1698 5344 1929 5404; baseline -0.017 0"><span class='ocrx_word' id='word_1_797' title='bbox 1698 5344 1929 5404; x_wconf 68' lang='grc' dir='ltr'><strong>ΝΟΤᾹΣ.</strong></span> 
     </span>
    </p>
   </div>
   <div class='ocr_carea' id='block_1_110' title="bbox 286 5441 1129 5528">
    <p class='ocr_par' dir='ltr' id='par_1_110' title="bbox 286 5441 1129 5528">
     <span class='ocr_line' id='line_1_110' title="bbox 286 5441 1129 5528; baseline -0.001 -32"><span class='ocrx_word' id='word_1_798' title='bbox 413 5442 721 5528; x_wconf 40' lang='grc' dir='ltr'>ι’ρίημάτων</span> <span class='ocrx_word' id='word_1_799' title='bbox 759 5454 936 5528; x_wconf 46' lang='lat' dir='ltr'><strong>care:</strong></span> <span class='ocrx_word' id='word_1_800' title='bbox 973 5441 1129 5497; x_wconf 88' lang='lat' dir='ltr'><strong>Colb.</strong></span> 
     </span>
    </p>
   </div>
   <div class='ocr_carea' id='block_1_111' title="bbox 266 5512 1034 5667">
    <p class='ocr_par' dir='ltr' id='par_1_111' title="bbox 266 5512 1034 5667">
     <span class='ocr_line' id='line_1_111' title="bbox 266 5512 974 5585; baseline -0.008 -14"><span class='ocrx_word' id='word_1_801' title='bbox 266 5512 378 5580; x_wconf 74' lang='grc'><strong>(92)</strong></span> <span class='ocrx_word' id='word_1_802' title='bbox 412 5512 780 5585; x_wconf 69' lang='grc' dir='ltr'>θελήσαντας,</span> <span class='ocrx_word' id='word_1_803' title='bbox 807 5514 974 5569; x_wconf 91' lang='lat' dir='ltr'><strong>idem.</strong></span> 
     </span>
     <span class='ocr_line' id='line_1_112' title="bbox 266 5583 1034 5667; baseline 0.005 -31"><span class='ocrx_word' id='word_1_804' title='bbox 417 5583 755 5667; x_wconf 38' lang='grc' dir='ltr'>ραιυμάτων,</span> <span class='ocrx_word' id='word_1_805' title='bbox 783 5602 859 5667; x_wconf 54' lang='grc' dir='ltr'>ελ</span> <span class='ocrx_word' id='word_1_806' title='bbox 874 5584 1034 5667; x_wconf 63' lang='grc' dir='ltr'>ςοιὶ).</span> 
     </span>
    </p>
   </div>
   <div class='ocr_carea' id='block_1_112' title="bbox 264 5653 989 5726">
    <p class='ocr_par' dir='ltr' id='par_1_112' title="bbox 264 5653 989 5726">
     <span class='ocr_line' id='line_1_113' title="bbox 264 5653 989 5726; baseline -0.001 -15"><span class='ocrx_word' id='word_1_807' title='bbox 264 5653 381 5724; x_wconf 67' lang='grc'><strong>(94)</strong></span> <span class='ocrx_word' id='word_1_808' title='bbox 411 5653 569 5726; x_wconf 63' lang='grc' dir='ltr'>βου).</span> <span class='ocrx_word' id='word_1_809' title='bbox 602 5670 702 5723; x_wconf 89' lang='lat' dir='ltr'><strong>pro</strong></span> <span class='ocrx_word' id='word_1_810' title='bbox 731 5654 989 5726; x_wconf 79' lang='grc' dir='ltr'>ἐπῆλθον.</span> 
     </span>
    </p>
   </div>
   <div class='ocr_carea' id='block_1_113' title="bbox 264 5723 1390 5801">
    <p class='ocr_par' dir='ltr' id='par_1_113' title="bbox 264 5723 1390 5801">
     <span class='ocr_line' id='line_1_114' title="bbox 264 5723 1390 5801; baseline -0.002 -20"><span class='ocrx_word' id='word_1_811' title='bbox 264 5723 380 5801; x_wconf 79' lang='grc'><strong>(95)</strong></span> <span class='ocrx_word' id='word_1_812' title='bbox 405 5724 576 5793; x_wconf 82' lang='lat' dir='ltr'><strong>Idem,</strong></span> <span class='ocrx_word' id='word_1_813' title='bbox 606 5741 705 5799; x_wconf 85' lang='lat' dir='ltr'><strong>pro</strong></span> <span class='ocrx_word' id='word_1_814' title='bbox 732 5723 977 5783; x_wconf 85' lang='grc' dir='ltr'>κάκεῖνο.</span> <span class='ocrx_word' id='word_1_815' title='bbox 1005 5723 1125 5781; x_wconf 79' lang='lat' dir='ltr'><strong>Vid.</strong></span> <span class='ocrx_word' id='word_1_816' title='bbox 1164 5734 1278 5783; x_wconf 87' lang='lat' dir='ltr'><strong>not.</strong></span> <span class='ocrx_word' id='word_1_817' title='bbox 1302 5724 1390 5779; x_wconf 86' lang='grc'><strong>90.</strong></span> 
     </span>
    </p>
   </div>
   <div class='ocr_carea' id='block_1_114' title="bbox 1949 5433 2694 5506">
    <p class='ocr_par' dir='ltr' id='par_1_114' title="bbox 1949 5433 2694 5506">
     <span class='ocr_line' id='line_1_115' title="bbox 1949 5433 2694 5506; baseline -0.008 -14"><span class='ocrx_word' id='word_1_818' title='bbox 1949 5437 2063 5506; x_wconf 75' lang='lat'><strong>(96)</strong></span> <span class='ocrx_word' id='word_1_819' title='bbox 2099 5435 2283 5490; x_wconf 88' lang='lat' dir='ltr'><strong>Malim</strong></span> <span class='ocrx_word' id='word_1_820' title='bbox 2315 5434 2494 5506; x_wconf 78' lang='lat' dir='ltr'><strong>legere</strong></span> <span class='ocrx_word' id='word_1_821' title='bbox 2522 5433 2585 5487; x_wconf 80' lang='grc' dir='ltr'><strong>έκ</strong></span> <span class='ocrx_word' id='word_1_822' title='bbox 2612 5450 2694 5499; x_wconf 88' lang='grc' dir='ltr'><strong>τε,</strong></span> 
     </span>
    </p>
   </div>
   <div class='ocr_carea' id='block_1_115' title="bbox 1949 5502 2966 5578">
    <p class='ocr_par' dir='ltr' id='par_1_115' title="bbox 1949 5502 2966 5578">
     <span class='ocr_line' id='line_1_116' title="bbox 1949 5502 2966 5578; baseline -0.004 -14"><span class='ocrx_word' id='word_1_823' title='bbox 1949 5502 2063 5578; x_wconf 80' lang='lat'><strong>(97)</strong></span> <span class='ocrx_word' id='word_1_824' title='bbox 2105 5508 2180 5578; x_wconf 17' lang='lat' dir='ltr'><strong>lita</strong></span> <span class='ocrx_word' id='word_1_825' title='bbox 2206 5521 2338 5578; x_wconf 83' lang='lat' dir='ltr'><strong>cum</strong></span> <span class='ocrx_word' id='word_1_826' title='bbox 2374 5502 2529 5578; x_wconf 54' lang='grc' dir='ltr'>ψη).</span> <span class='ocrx_word' id='word_1_827' title='bbox 2564 5520 2665 5574; x_wconf 88' lang='lat' dir='ltr'><strong>pro</strong></span> <span class='ocrx_word' id='word_1_828' title='bbox 2696 5502 2966 5577; x_wconf 88' lang='grc' dir='ltr'>συνήθων.</span> 
     </span>
    </p>
   </div>
   <div class='ocr_carea' id='block_1_116' title="bbox 1951 5575 2587 5647">
    <p class='ocr_par' dir='ltr' id='par_1_116' title="bbox 1951 5575 2587 5647">
     <span class='ocr_line' id='line_1_117' title="bbox 1951 5575 2587 5647; baseline -0.013 -13"><span class='ocrx_word' id='word_1_829' title='bbox 1951 5575 2065 5647; x_wconf 84' lang='grc'><strong>(98)</strong></span> <span class='ocrx_word' id='word_1_830' title='bbox 2099 5576 2257 5633; x_wconf 87' lang='lat' dir='ltr'><strong>Colb.</strong></span> <span class='ocrx_word' id='word_1_831' title='bbox 2291 5575 2587 5647; x_wconf 73' lang='grc' dir='ltr'>διαθέντες.</span> 
     </span>
    </p>
   </div>
   <div class='ocr_carea' id='block_1_117' title="bbox 1954 5645 2724 5793">
    <p class='ocr_par' dir='ltr' id='par_1_117' title="bbox 1954 5645 2724 5793">
     <span class='ocr_line' id='line_1_118' title="bbox 1964 5645 2724 5720; baseline -0.005 -15"><span class='ocrx_word' id='word_1_832' title='bbox 1964 5645 2069 5720; x_wconf 81' lang='grc'><strong>99)</strong></span> <span class='ocrx_word' id='word_1_833' title='bbox 2102 5648 2247 5703; x_wconf 88' lang='lat' dir='ltr'><strong>Idem</strong></span> <span class='ocrx_word' id='word_1_834' title='bbox 2280 5662 2379 5716; x_wconf 88' lang='lat' dir='ltr'><strong>pro</strong></span> <span class='ocrx_word' id='word_1_835' title='bbox 2412 5647 2506 5700; x_wconf 86' lang='grc' dir='ltr'><strong>τὸν</strong></span> <span class='ocrx_word' id='word_1_836' title='bbox 2544 5645 2724 5701; x_wconf 84' lang='grc' dir='ltr'>ἄλλον.</span> 
     </span>
     <span class='ocr_line' id='line_1_119' title="bbox 1954 5651 2587 5793; baseline -0.005 -18"><span class='ocrx_word' id='word_1_837' title='bbox 1954 5651 2035 5793; x_wconf 63' lang='grc'><strong>(1)</strong></span> <span class='ocrx_word' id='word_1_838' title='bbox 2073 5718 2230 5777; x_wconf 81' lang='lat' dir='ltr'><strong>Colb.</strong></span> <span class='ocrx_word' id='word_1_839' title='bbox 2266 5732 2365 5790; x_wconf 91' lang='lat' dir='ltr'><strong>pro</strong></span> <span class='ocrx_word' id='word_1_840' title='bbox 2395 5714 2587 5790; x_wconf 85' lang='grc' dir='ltr'>χωρίς.</span> 
     </span>
    </p>
   </div>
   <div class='ocr_carea' id='block_1_118' title="bbox 1984 5714 2587 5791">
    <p class='ocr_par' dir='ltr' id='par_1_118' title="bbox 1984 5714 2587 5791">
     <span class='ocr_line' id='line_1_120' title="bbox 1984 5714 2587 5791; baseline -0.005 -16"><span class='ocrx_word' id='word_1_841' title='bbox 1984 5719 2035 5791; x_wconf 89' lang='grc'><strong>1)</strong></span> <span class='ocrx_word' id='word_1_842' title='bbox 2051 5714 2230 5777; x_wconf 57' lang='grc' dir='ltr'>ὀυιυ</span> <span class='ocrx_word' id='word_1_843' title='bbox 2266 5714 2365 5790; x_wconf 68' lang='lat' dir='ltr'><strong>pro</strong></span> <span class='ocrx_word' id='word_1_844' title='bbox 2395 5714 2587 5790; x_wconf 85' lang='grc' dir='ltr'>χωρίς.</span> 
     </span>
    </p>
   </div>
   <div class='ocr_carea' id='block_1_119' title="bbox 1868 5950 1921 5984">
    <p class='ocr_par' dir='ltr' id='par_1_119' title="bbox 1868 5950 1921 5984">
     <span class='ocr_line' id='line_1_121' title="bbox 1868 5950 1921 5984; baseline 0 0"><span class='ocrx_word' id='word_1_845' title='bbox 1868 5950 1921 5984; x_wconf 55' lang='grc' dir='ltr'>υ</span> 
     </span>
    </p>
   </div>
  </div>
