3884 6202
371 216 489 282 471

1549 222 1814 285 ΡΗΟΤΠ
1855 225 2357 299 ΡΛΤΒΙΛΒΟΗᾸΕ
2400 238 2507 300 CP.

3569 238 3695 302 472

392 335 540 388 niam
571 329 708 386 nihil
749 329 917 393 videt,
949 338 1026 397 ct,
1061 330 1191 386 dum
1231 331 1365 386 nihil
1393 330 1560 399 videt,
1617 336 1834 390 acutius
1857 339 1980 394 aliis

2115 345 2173 398 δν
2199 349 2325 401 νοῦν
2361 349 2751 420 φωτιζόμενος,
2801 352 2897 406 καὶ
2939 352 3075 420 πρὸς
3101 353 3200 424 τὴν
3236 353 3511 424 σωτήριον
3542 355 3698 408 θεω-

389 440 621 480 cernere
673 439 733 479 se
763 425 1048 494 opinatur.
1087 425 1351 480 Praeclara
1382 426 1528 480 enim
1577 426 1646 481 de
1691 441 1751 483 se
1783 430 1974 498 opinio

390 515 696 586 profundas
735 515 993 570 tenebras
1037 515 1272 570 oll'undit
1325 515 1500 572 oculis
1547 517 1768 584 animae,
1824 533 1977 574 mor-

391 609 632 679 bumque
658 607 941 675 excitatis,
995 623 1102 680 qua
1128 619 1415 678 correptus
1450 609 1617 664 homo
1659 620 1772 677 est,
1806 613 1975 670 vehe-

393 711 604 756 menter
626 712 808 773 auget.

2089 438 2212 512 Ρίαν
2245 443 2606 514 ἀναγόμενος.
2644 443 2705 498 ’0
2734 441 2790 498 δὲ
2817 447 2885 515 τῇ
2919 445 3179 516 πωρώσει
3212 445 3314 516 μὲν
3343 447 3692 518 ὲσκοτισμέ-

2085 545 2197 596 νος,
2231 531 2452 602 βλέπειν
2478 535 2536 589 δὲ
2581 535 2830 606 οἰόμενος
2861 536 2962 607 (‘2).
3014 535 3211 607 διπλῆν
3241 535 3424 608 ἑαυτῷ
3449 536 3555 607 τὴν
3585 538 3696 590 τύο

2088 619 2295 688 φλωσιν
2324 625 2403 697 (3)
2432 626 2861 693 κατεσκεύασεν,
2894 629 2977 682 ὅτι
3003 645 3064 682 τε
3101 627 3177 700 μὴ
3205 627 3420 698 βλέπει,
3449 628 3553 681 καὶ
3592 629 3694 682 ὅτι

2091 710 2166 784 μὴ
2199 710 2414 782 βλέπων
2440 715 2698 790 ὀξύτερον
2748 717 2898 771 δοκεῖ
2925 717 3036 771 τῶν
3072 718 3248 773 ἄλλων
3273 720 3428 791 ὁρᾷν.
3471 717 3540 772 Ἦ
3568 720 3693 786 γὰρ

393 798 572 870 οἴησις
621 799 698 870 (4)
744 799 934 862 σκότος
977 791 1112 852 οὖσα
1171 798 1421 870 ψυχικῶν
1479 800 1747 872 ὀμμάτων
1803 801 1962 873 βαθὺ,
2000 805 2102 878 τῆς
2137 811 2636 884 προκατασχούσης
2701 811 3099 888 ἀμαυρώσεως
3139 813 3404 868 ἐπιτείνει
3470 810 3692 884 μᾶλλον

393 893 455 944 τὸ
480 892 557 962 (5)
586 892 820 961 νόσημα.

469 986 621 1054 Quod
669 987 716 1042 si
754 987 937 1056 itaque
968 985 1130 1040 verba
1169 985 1452 1055 propheta:
1499 984 1574 1038 ita
1613 985 1978 1054 accipiantur,

396 1087 451 1134 et
477 1080 786 1133 veneranda
814 1077 1028 1130 Domini
1055 1076 1272 1147 eloquia
1303 1077 1407 1130 hoc
1454 1076 1617 1130 modo
1663 1077 1982 1147 judicentnr

395 1172 466 1241 (si
497 1172 584 1226 vel
619 1173 856 1226 maxime
891 1186 998 1224 non
1025 1173 1206 1225 omnia
1235 1184 1424 1224 eorum
1453 1184 1609 1238 aeque
1649 1171 1827 1226 forent
1858 1188 1981 1241 per-

399 1265 636 1336 spicua),
672 1280 780 1320 non
814 1275 997 1334 putem
1031 1264 1120 1319 illa
1148 1265 1500 1320 audientibus
1532 1279 1750 1336 gravem
1791 1264 1982 1319 admo-

398 1360 529 1414 dum
557 1359 870 1429 disputandi
920 1358 1266 1414 occasionem
1298 1357 1542 1428 praibere
1583 1373 1769 1427 posse.
1806 1356 1981 1412 Mani-

401 1449 604 1504 festum
644 1451 789 1504 enim
817 1458 923 1514 est,
951 1449 1240 1520 discipulis
1291 1451 1480 1505 datum
1520 1450 1626 1505 hoc
1677 1448 1870 1516 fuisse,
1923 1458 1986 1504 ιιι

399 1541 660 1612 mysteria
696 1542 848 1612 regni
881 1541 976 1596 Dei
1025 1552 1447 1613 cognoscerent,
1499 1541 1764 1613 quoniam
1812 1556 1989 1612 neque

400 1648 646 1689 crassum
678 1632 882 1690 factum
905 1644 1027 1690 erat
1056 1651 1151 1691 cor
1185 1651 1402 1700 eorum,
1429 1650 1606 1706 neque
1625 1635 1816 1690 oculos
1835 1635 1988 1690 clau-

2170 989 2333 1044 Ἀλλά
2374 987 2486 1062 γὰρ
2536 988 2680 1045 οὕτω
2711 988 2810 1062 μὲν
2841 990 2950 1046 τῶν
3002 991 3358 1063 προφητικῶν
3411 993 3697 1064 ῥημάτων

2087 1081 2546 1153 τεθεωρημένων,
2571 1081 2716 1136 οὕτω
2745 1083 2801 1138 δὲ
2827 1082 2934 1138 τῶν
2969 1084 3183 1138 σεπτῶν
3213 1084 3411 1153 λογίων
3436 1086 3696 1158 διευκρι-

2091 1175 2344 1244 νημένων
2375 1175 2494 1247 (καὶ
2526 1176 2582 1230 εί
2605 1193 2659 1230 τι
2693 1177 2857 1248 μέρος
2887 1177 3069 1235 αὐτῶν
3097 1176 3342 1248 ὑπάρχον
3387 1181 3452 1250 τῇ
3483 1180 3697 1252 εὐκρι-

2087 1267 2209 1337 νείᾳ
2247 1267 2322 1337 μὴ
2354 1266 2856 1339 συμπεριείληπται
2882 1270 2903 1338 )
2931 1312 2945 1334 ,
2983 1267 3169 1323 οὐκέτι
3219 1273 3333 1333 τοῖς
3376 1271 3695 1340 ἀκροαταῖς

2089 1352 2664 1428 ὀμοίως,οίμαι,οὑδὲ
2713 1359 2983 1430 τοσαύτην
3036 1359 3311 1432 πρόφασιν
3360 1361 3698 1432 ζητήματος

2089 1448 2340 1520 παρέξει.
2377 1449 2550 1518 Δῆλον
2599 1448 2699 1519 μὲν
2740 1449 2848 1521 γὰρ
2894 1449 2970 1514 ὼς
3003 1452 3116 1515 τοῖς
3152 1451 3421 1522 μαθηταῖς
3464 1453 3698 1506 δέδοται

2090 1542 2299 1610 γνῶναι
2332 1542 2401 1596 τὰ
2435 1543 2710 1614 μυστήρια
2748 1543 2848 1614 τῆς
2885 1543 3166 1614 βασιλείας
3209 1545 3305 1598 τοῦ
3360 1545 3519 1609 Θεοῦ,
3560 1547 3700 1600 ἐπεὶ

2098 1634 2236 1704 μήτε
2271 1633 2371 1705 τὴν
2403 1635 2632 1706 καρδίαν
2680 1634 3067 1704 ὲπαχύνθησαν
3119 1635 3218 1704 (6),
3270 1639 3408 1709 μήτε
3463 1637 3701 1707 βαρέως

399 1725 648 1792 debant;
707 1727 933 1796 reliquis
992 1743 1120 1782 vero
1151 1768 1167 1794 ,
1222 1743 1364 1798 quos
1426 1735 1481 1782 et
1518 1736 1778 1783 externos
1828 1736 1988 1782 vocat

2114 1726 2315 1796 'ptouov,
2348 1727 2486 1797 μήτε
2515 1727 2584 1781 τὰ
2608 1727 2834 1798 ὄμματα
2878 1727 3047 1799 ἐμυον
3066 1743 3080 1758 ’
3107 1731 3219 1792 τοῖς
3246 1729 3303 1782 δὲ
3329 1731 3561 1797 λοιποῖς,
3593 1731 3704 1794 οὖς

403 1818 553 1886 (nam
578 1833 638 1874 se
668 1817 817 1887 ipsos
852 1834 882 1872 a
923 1819 1102 1873 salute
1139 1820 1538 1890 exeluserant),
1569 1818 1711 1873 idem
1743 1833 1850 1873 non
1889 1817 1992 1872 ria—

2114 1819 2190 1872 cai
2222 1818 2328 1884 ἔξω
2371 1817 2527 1872 καλεῖ
2551 1818 2678 1890 (ἔξω
2703 1819 2814 1891 γὰρ
2844 1819 2944 1889 τῆς
2989 1821 3265 1890 σωτηρίας
3308 1823 3450 1892 σφᾶς
3481 1821 3703 1885 αὐτοὺς

405 1912 589 1966 batur.
618 1911 753 1966 Cum
785 1911 930 1966 enim
974 1912 1119 1967 vitiis
1156 1913 1319 1967 modo
1357 1912 1800 1968 commemoratis
1841 1911 1992 1966 salu-

2114 1911 2514 1982 περιέστησαν),
2543 1910 2728 1964 οὐκέτι
2775 1910 3004 1965 δέδοται.
3055 1913 3183 1976 Τοῖς
3223 1911 3333 1985 γὰρ
3365 1915 3701 1984 εἰρημένοις

407 2014 514 2058 tem
545 2019 764 2058 omnem
796 2020 826 2058 a
854 2020 913 2060 se
934 2006 1250 2068 averterint,
1284 2007 1402 2075 iure
1429 2005 1666 2077 quodam
1719 2004 1770 2059 id
1804 2005 1992 2060 datum

2114 2005 2298 2060 πάθεσι
2337 2007 2521 2060 πᾶσαν
2558 2007 2773 2069 ἑαυτοῖς
2805 2005 3254 2076 ἀποτειχίσαντες
3280 2005 3562 2076 σωτηρίαν
3596 2010 3702 2059 καὶ

406 2112 517 2149 non
568 2107 670 2160 est,
703 2097 844 2163 ideo,
877 2097 1023 2167 quod
1056 2113 1115 2152 se
1146 2099 1295 2168 ipsos
1329 2099 1394 2152 ad
1429 2099 1560 2153 illud
1617 2096 1991 2168 recipiendum

2114 2096 2387 2166 ὒφέλειαν,
2419 2097 2641 2161 εἰκότως
2676 2097 2737 2150 οὐ
2770 2096 2978 2150 δέδοται
3001 2137 3016 2161 ,
3054 2097 3138 2151 δτι.
3170 2097 3305 2168 μηδὲ
3351 2098 3536 2152 λαϐεῖν
3584 2098 3702 2150 αύ-

407 2188 638 2244 idoueos
693 2206 800 2244 non
833 2193 1226 2277 praestiterunt.
1273 2191 1571 2262 Propterea
1619 2206 1839 2261 quoque
1860 2204 1993 2245 con-

362 2297 367 2301 '
407 2278 604 2334 sultins
644 2289 782 2342 erat,
817 2295 915 2349 per
958 2282 1250 2350 parabolas
1280 2298 1407 2338 cum
1461 2282 1595 2352 ipsis
1626 2281 1795 2352 loqui,
1829 2295 1994 2351 quam

408 2370 600 2440 gratia:
647 2372 907 2442 mysteria
946 2373 1092 2428 nuda
1138 2389 1466 2444 proponere.
1498 2375 1684 2446 Neque
1725 2375 1871 2429 enim
1910 2375 1997 2430 vel

407 2463 757 2518 commodum
778 2474 882 2526 est,
907 2466 987 2519 vel
1008 2465 1177 2535 indici
1207 2468 1434 2523 cordato
1468 2468 1744 2534 convenit,
1767 2469 1994 2538 dignum

405 2563 464 2611 et
487 2554 794 2626 indignum,
816 2559 960 2628 quod
988 2560 1054 2614 ad
1079 2559 1382 2615 doctrinam
1413 2569 1468 2616 et
1494 2560 1724 2615 salutem
1765 2569 1996 2630 Spectat,

408 2651 600 2704 eodem
659 2651 779 2706 loco
842 2652 1078 2720 habere;
1135 2652 1596 2723 quemadmodum
1653 2667 1755 2708 nec
1810 2653 1998 2723 porcis

411 2743 744 2808 margaritas
772 2743 1066 2814 projicere,
1108 2759 1287 2824 neque
1313 2746 1545 2805 canibus
1573 2754 1767 2801 sancta
1796 2743 1996 2801 olierre

412 2833 496 2889 fas
519 2837 684 2891 est".

483 2927 564 2981 Ex
589 2926 752 2987 dictis
787 2945 952 3002 porro
1015 2939 1257 2999 constat,
1303 2933 1585 3001 quomodo
1641 2932 1997 3003 intelligenda

2094 2191 2225 2254 τοὺς
2255 2191 2599 2262 ἐπιτηδείους
2629 2191 3073 2258 παρεσκεύασαν.
3102 2189 3193 2242 Διὸ
3219 2189 3320 2243 καὶ
3346 2189 3705 2260 παραϐολαῖς

2098 2283 2345 2356 προσῆκε
2395 2284 2596 2355 μᾶλλον
2641 2284 2846 2351 λαλεῖν,
2892 2283 2925 2352 ἢ
2975 2283 3160 2354 γυμνά
3213 2282 3531 2354 προτιθέναι
3587 2282 3704 2352 τῆς

2099 2377 2324 2447 χάριτος
2381 2375 2449 2429 τὰ
2508 2375 2810 2447 μυστήρια.
2861 2372 2998 2428 Οὔτε
3051 2373 3162 2446 γὰρ
3207 2373 3508 2446 συμφέρον,
3559 2372 3702 2426 οὔτε

2101 2469 2334 2538 κρίσεως
2382 2467 2706 2528 ἀδεκάστου,
2756 2467 2837 2532 είς
2873 2467 2972 2538 τὴν
3002 2467 3176 2537 αὐτὴν
3202 2466 3358 2532 τάξιν
3404 2465 3506 2535 τῆς
3534 2464 3704 2518 διδα-

2102 2560 2333 2624 σκαλίας
2362 2562 2457 2615 καὶ
2485 2560 2760 2632 σωτηρίας
2805 2559 3014 2614 τιθέναι
3062 2558 3155 2612 τὸν
3187 2557 3337 2623 ἄξιόν
3380 2573 3441 2612 τε
3467 2557 3562 2612 καὶ
3600 2559 3703 2612 τὸν

2101 2651 2352 2718 ἀνάξιονο
2383 2651 2574 2722 ὥσπερ
2616 2651 2740 2705 οὐδὲ
2785 2651 2898 2716 τοῖς
2933 2650 3140 2722 χοίροις
3166 2653 3297 2713 τοὺς
3341 2650 3704 2722 μαργαρίτας

2102 2744 2454 2816 προϐάλλειν,
2479 2744 2604 2798 οὐδὲ
2622 2747 2737 2808 τοῖς
2763 2743 2892 2797 κυσὶ
2922 2741 3134 2817 ῥίπτειν
3157 2743 3235 2798 τὰ·
3254 2742 3408 2813 ἅγια.

2186 2922 2278 2988 Ἐξ
2303 2921 2394 2976 οὖν
2428 2922 2506 2993 (7)
2535 2921 2648 2976 τῶν
2675 2920 2984 2992 εἰρημένων
3017 2922 3111 2974 καὶ
3147 2919 3231 2987 τὺ,
3263 2937 3284 2972 ‹
3317 2920 3436 2975 Ἵνα
3464 2922 3544 2994 (8)
3572 2919 3708 2992 βλέ-

414 3024 528 3080 sint
558 3026 671 3090 illa,
705 3042 724 3076 ι
764 3023 833 3078 Ut
877 3024 1120 3080 videntes
1147 3040 1256 3080 non
1313 3026 1554 3092 videant,
1603 3035 1658 3080 et
1708 3024 1996 3080 audientes

2114 3033 2302 3079 παντες
2336 3015 2411 3086 μὴ
2442 3015 2702 3086 βλέπωσι,
2751 3014 2847 3068 καὶ
2877 3014 3165 3079 ἀκούοντες
3226 3014 3300 3087 μὴ
3353 3016 3643 3083 συνῶσιν,
3682 3035 3701 3067 ι

419 3134 528 3173 non
560 3119 888 3188 intelligant.
920 3135 939 3169 ι
976 3116 1050 3172 Ut
1074 3119 1221 3173 enim
1252 3117 1385 3173 illud
1419 3119 1580 3180 aliine
1603 3119 1716 3194 jam
1754 3125 1836 3173 est
1877 3118 1996 3174 voci

2114 3109 2221 3163 ὁδὸν
2250 3108 2495 3178 εὑρίσκει
2533 3109 2632 3178 τῆς
2666 3106 3033 3176 διαγνώσεως.
3061 3109 3135 3162 Τὸ
3167 3110 3276 3180 γάρ
3305 3110 3410 3164 ἵνα
3433 3110 3528 3164 νῦν
3562 3127 3706 3179 συγ-

419 3213 561 3277 ideo,
598 3222 653 3266 et
675 3213 908 3265 alterum
950 3227 1052 3281 pro
1088 3213 1266 3268 altero
1296 3213 1439 3267 sumi
1494 3221 1692 3282 potest.
1736 3211 1996 3266 Similiter

2114 3200 2259 3268 γενές
2289 3200 2348 3254 τέ
2379 3202 2495 3253 ἐστι
2527 3195 2620 3253 τοῦ
2663 3198 2834 3264 διότι,
2883 3201 2978 3253 καὶ
3015 3199 3542 3270 μεταλαμϐάνεσθαι
3589 3203 3704 3255 πέ-

421 3303 587 3358 ctiam
619 3318 726 3356 non
771 3303 904 3357 illud
943 3304 1191 3358 hocloco
1230 3318 1337 3358 non
1411 3303 1861 3374 prohibitionem,
1906 3304 1996 3361 sed

2114 3309 2276 3362 ρυκεν
2310 3293 2560 3363 θάτερον,
2589 3292 2727 3364 πρὸς
2757 3291 2818 3347 τὸ
2844 3292 3053 3363 ἕτερον.
3096 3291 3374 3359 Ὡσαύτως
3405 3295 3462 3348 δὲ
3492 3295 3588 3349 καὶ
3611 3295 3705 3360 τὸ,

422 3395 767 3465 negationem
800 3395 1090 3466 signiﬁcat.
1121 3395 1236 3450 Hoc
1274 3409 1406 3450 vero
1442 3396 1562 3450 loco
1585 3396 1854 3452 dictiones
1884 3396 1996 3452 illas

2114 3384 2212 3453 μὴ,
2247 3384 2346 3438 οὐκ
2379 3383 2828 3454 ἀπαγορεύσεως,
2862 3385 3144 3457 ἀρνήσεως
3167 3387 3226 3440 δὲ
3253 3386 3442 3458 χώραν
3473 3387 3572 3439 νῦν
3594 3389 3706 3440 ἒπ-

424 3489 499 3543 ita
538 3489 887 3559 accipiendas
914 3503 1055 3554 esse,
1093 3505 1199 3543 non
1236 3490 1402 3545 meris
1419 3490 1755 3558 coniecturis
1788 3489 1996 3556 nititurI

2114 3479 2244 3549 έχει.
2279 3477 2388 3532 Καὶ
2409 3478 2492 3531 ὅτι
2520 3477 2580 3530 τὸ
2606 3476 2906 3548 λαμϐάνειν
2934 3477 3034 3542 τὰς
3064 3476 3236 3543 λέξεις
3261 3478 3438 3543 οὕτως
3459 3480 3705 3532 ἐνταῦθα

413 3578 668 3634 sedtum
724 3594 922 3634 sensus
972 3579 1260 3634 verborum
1313 3579 1788 3650 pr0pheticorum,
1853 3579 1996 3634 unde

2114 3568 2298 3638 μεῖζον
2326 3567 2419 3620 τοῦ
2451 3566 2694 3630 εἰκάζειν
2733 3566 3078 3633 καθίσταται,
3111 3568 3220 3621 τῶν
3242 3586 3302 3622 τε
3332 3570 3704 3639 προφητικῶν

429 3667 645 3723 Domini
679 3670 958 3739 eloquium
991 3671 1168 3734 (luxit,
1195 3670 1397 3726 invicte
1425 3679 1698 3736 testatur;
1728 3679 1843 3724 tum
1872 3682 1996 3724 vere

2114 3662 2375 3732 ῥημάτων
2407 3663 2439 3732 ή
2473 3660 2702 3724 διάνοια,
2731 3661 2800 3713 δι’
2830 3653 2908 3713 ὧν
2957 3659 3198 3731 προῆλθε
3223 3662 3318 3714 καὶ
3343 3661 3412 3714 τά
3442 3663 3707 3733 Κυριακά

429 3767 653 3814 sanctus
678 3759 966 3816 Matthaaus
997 3761 1050 3815 in
1078 3762 1268 3816 eadem
1291 3763 1567 3816 sententia
1612 3774 1709 3830 pro
1739 3760 1996 3828 particula

2114 3749 2289 3818 λόγια,
2328 3751 2540 3821 μάρτυς
2576 3750 2724 3803 ἐστὶν
2779 3751 3244 3821 ἀπαράγραπτος,
3269 3751 3406 3806 ἀλλά
3434 3753 3536 3806 καὶ
3564 3756 3596 3806 ὁ
3629 3755 3702 3807 Es-

430 3850 518 3904 ἵνα
539 3850 770 3905 alterum
787 3851 1472 3924 actadbibcnsdocumque
1495 3853 1675 3922 ipsum
1694 3866 1802 3905 non
1825 3851 1996 3921 prohi-

2115 3843 2205 3914 ρὸς
2237 3844 2518 3906 Ματθαίος
2565 3843 2658 3896 ἐπὶ
2699 3843 2802 3912 τῆς
2846 3842 3018 3912 αὐτῆς
3062 3844 3270 3907 ἑννοίας
3315 3846 3437 3897 ἀντὶ
3465 3846 3567 3899 τοῦ
3604 3848 3706 3901 Ira

431 3942 619 4006 bendi,
643 3943 737 3997 sed
770 3943 1025 4013 negandi,
1051 3960 1215 4000 sensu
1242 3945 1504 4000 recitans.
1531 3943 1832 3999 Dominum
1863 3945 1996 3999 enim

2117 3935 2472 4007 χρησάμενος
2495 3935 2724 4006 τῷ,ὅτι,
2743 3933 2834 3989 καὶ
2863 3935 2988 3990 ἀντὶ
3015 3936 3108 3989 τοῦ
3137 3937 3509 4008 ἀπαγορεύειν
3532 3939 3707 4009 ἀρνη-

433 4037 509 4090 ita
539 4035 840 4092 introducit
889 4039 1240 4108 loquentem:
1307 4056 1326 4091 ι
1355 4036 1658 4109 Propterea
1703 4053 1802 4108 per
1848 4055 2012 4110 para-

433 4126 589 4180 bolas
624 4128 843 4196 loquor,
877 4128 1005 4197 quia
1034 4127 1283 4184 videntes
1322 4143 1428 4182 non
1471 4128 1683 4193 vident,
1714 4137 1771 4184 et
1791 4130 2014 4184 audien-

435 4227 516 4273 tes
575 4235 682 4273 non
738 4219 1056 4286 intelligunt
1083 4222 1198 4274 ⁷⁸.»
1258 4206 1607 4276 Manifestum
1658 4222 1844 4290 itaque
1887 4222 2014 4277 hinc

433 4311 636 4376 evadit,
673 4311 805 4366 illud
855 4312 945 4367 ἵνα
978 4329 1010 4368 a
1044 4312 1272 4384 reliquis
1311 4303 1476 4368 etiam
1518 4312 1884 4383 evangelistis
1912 4327 2014 4383 pro

2114 4029 2283 4092 τικῶς
2313 4027 2656 4098 ἀπαγγείλας
2699 4028 2762 4080 τὸ
2793 4029 3013 4099 χωρίον.
3062 4031 3173 4084 Καὶ
3201 4030 3310 4101 γὰρ
3363 4033 3581 4101 εἰσάγει
3614 4035 3705 4085 τὸν

2116 4122 2324 4194 Κύριον
2380 4119 2608 4190 λέγοντα
2630 4137 2644 4152 ·
2679 4138 2699 4171 ι
2732 4121 2834 4174 Διά
2863 4121 3021 4175 τοῦτο
3055 4123 3114 4175 ὲν
3155 4123 3498 4196 παραϐολαῖς
3533 4125 3702 4192 λαλῶ,

2115 4215 2196 4269 ὅτι
2230 4213 2523 4285 βλέποντες
2551 4214 2612 4266 οὐ
2645 4213 2943 4282 βλέπουσι,
2983 4232 3001 4266 ι
3059 4216 3152 4268 καὶ
3181 4215 3362 4287 δῆλον,
3407 4219 3493 4272 ὅτι
3533 4220 3705 4288 σαφὲς

2116 4307 2356 4378 κατέστη
2387 4307 2481 4361 καὶ
2513 4306 2575 4359 τὸ
2621 4307 2724 4360 ἵνα
2768 4309 2882 4369 τοῖς
2911 4306 3092 4370 ἄλλοις
3126 4309 3551 4378 εὐαγγελιισταῖς
3585 4314 3703 4366 ἀντὶ

434 4401 520 4458 ὅτι
551 4417 676 4460 esse
716 4414 1067 4474 usurpatum,
1115 4414 1170 4459 et
1197 4404 1523 4474 particulam
1578 4404 1728 4459 illam
1767 4404 1996 4474 prohibi-

2119 4400 2231 4455 τοῦ
2263 4399 2354 4454 ὅτι
2387 4399 2856 4471 παρειλημμένον,
2890 4401 2985 4453 καὶ
3021 4401 3084 4454 τὸ
3121 4401 3198 4473 (9)
3261 4405 3704 4476 ἀπαγορευτικὺν

431 4495 602 4550 tivam
633 4498 885 4567 negantis
907 4497 1015 4551 vim
1037 4498 1310 4552 obtinere.

509 4585 729 4643 Scilicet
747 4603 880 4656 gens
904 4586 1152 4653 Judaica,
1176 4587 1446 4658 majorum
1479 4604 1706 4644 suorum
1738 4587 2012 4642 insaniam

434 4687 490 4733 et
515 4677 920 4748 improbitatem
951 4680 1025 4735 ita
1063 4694 1221 4736 suam
1256 4679 1404 4746 fecit,
1439 4689 1500 4736 ut
1525 4681 1826 4735 Dominicaa
1869 4679 2017 4734 salu-

2134 4493 2322 4565 μόριον
2351 4491 2453 4562 τὴν
2473 4490 2567 4545 τοῦ
2594 4493 3156 4565 ἀρνητικοῦδύναμιν
3186 4497 3636 4568 ἀναδεδεγμένον.

2204 4586 2344 4640 Ἀλλ’
2393 4584 2539 4638 οὕτω
2597 4587 2698 4656 μὲν
2759 4588 2858 4657 τὴν
2916 4589 3252 4661 προγονικὴν
3311 4591 3373 4644 τὸ
3436 4593 3704 4648 Ἰουδαίων

2122 4678 2274 4741 ἔθνος
2319 4679 2581 4732 ἀπόνοιαν
2625 4679 2720 4732 καὶ
2766 4681 3164 4753 ἀγνωμοσύνην
3211 4683 3577 4756 οἰκειούμενοι
3611 4689 3704 4758 τῆς

437 4773 674 4840 larisque
723 4772 985 4828 doctrina:
1024 4771 1304 4842 jacturam
1341 4781 1698 4842 spontaneam
1749 4771 1804 4826 in
1863 4773 1996 4826 lucri

2124 4769 2466 4839 Δεσποτικῆς
2514 4768 2867 4832 διδασκαλίας
2918 4771 3012 4822 καὶ
3059 4770 3332 4840 ὠφελείας
3381 4777 3702 4848 ἀποστερεῖν

438 4853 737 4932 reputaret.
767 4864 955 4936 Neque
982 4866 1132 4922 enim
1161 4865 1238 4920 illi
1265 4866 1536 4940 natalium
1577 4879 1804 4920 suorum
1849 4863 2021 4932 origi-

437 4968 562 5008 nem
595 4953 663 5008 ad
694 4955 933 5025 majores
964 4956 1164 5026 magis,
1204 4971 1369 5026 quam
1402 4955 1588 5011 cordis
1636 4955 1724 5010 sui
1765 4955 2024 5011 duritiem

513 5070 557 5101 "'
584 5069 776 5128 Matth.
803 5088 903 5142 vu,
937 5073 988 5128 6.
1065 5072 1110 5105 ⁷⁸
1151 5069 1342 5125 Matth.
1370 5086 1492 5132 xm,
1522 5068 1611 5124 13.

2127 4863 2357 4926 ἑαυτοὺς
2389 4863 2580 4934 κέρδος
2610 4863 2873 4916 ἐτίθεντο.
2912 4865 3023 4915 Καὶ
3060 4865 3174 4934 γὰρ
3222 4867 3284 4918 οὐ
3315 4868 3571 4922 τοσοῦτον
3611 4872 3703 4933 τὰς

2128 4955 2314 5028 πηγὰς
2341 4954 2440 5026 τῆς
2468 4953 2790 5026 σωματικῆς
2819 4955 3089 5023 γενέσεως
3125 4958 3205 5021 εἰς
3230 4959 3475 5025 ἐκείνους
3513 4962 3704 5033 ἀνέφε-

1962 5186 2198 5244 NOTAE.

448 5349 452 5354 '
515 5334 592 5402 t2)
638 5333 697 5389 ’0
724 5334 782 5388 δὲ
802 5335 1069 5403 οἰόμενος,
1105 5334 1286 5390 addidi
1311 5350 1376 5390 ex
1409 5335 1563 5397 Colb.

517 5406 596 5474 (3)
626 5405 704 5458 lil.
735 5421 835 5474 pro
863 5404 1134 5472 τύφωσιν.

541 5476 596 5542 4)
631 5476 704 5530 Id.
729 5491 827 5545 pro
853 5475 1086 5544 οἴκησις.

543 5548 598 5613 5)
627 5545 703 5600 Id.
736 5561 835 5616 pro
872 5545 1071 5615 νόημα.

521 5620 598 5690 (tjl
630 5617 711 5690 id.
743 5632 847 5690 prq
874 5617 1342 5690 ἐπαισχύνθησαν.

525 5687 602 5759 (7)
632 5683 762 5751 Post
787 5683 880 5743 οὖν
909 5683 1213 5760 legebatur'
1252 5690 1365 5757 καί,
1396 5691 1541 5762 quod
1596 5693 1745 5748 Coll).
1816 5690 2017 5746 rectius

2125 5333 2353 5389 omittit.

2196 5404 2272 5472 (8)
2302 5405 2421 5457 Ἵνα
2458 5418 2522 5457 ex
2564 5402 2717 5457 Colb.

2197 5475 2272 5545 (9)
2311 5475 2435 5527 Post
2471 5476 2562 5526 καὶ
2585 5475 2664 5538 τό,
2699 5474 2949 5528 exstabat
2995 5474 3115 5527 ἀντὶ
3141 5473 3256 5536 τοῦ,
3304 5491 3370 5529 ex
3409 5479 3700 5543 superiori-

2126 5549 2232 5628 bus
2263 5547 2646 5614 intempestive
2673 5546 2762 5600 hic
2795 5546 3113 5615 repetitum,
3148 5546 3379 5616 ideoque
3443 5552 3495 5605 in
3546 5551 3697 5605 Col'u.

2127 5632 2412 5673 υιιιιδδυιιι.
