3884 6202
155 282 273 345 4⁸13

1122 287 1222 346 AD
1262 286 1861 357 AMPIIILOCIIIUM
1899 287 2253 358 QU.EST10
2276 289 2546 349 LXXVI.

3340 292 3443 356 474

155 413 287 461 ρον,
322 398 445 450 ὅσον
478 395 577 468 τὴν
603 394 863 466 πώρωσιν
887 395 987 465 τῆς
1012 397 1238 468 καρδίας
1268 398 1366 452 καὶ
1402 398 1461 452 τὸ
1484 400 1583 469 τῆς
1613 398 1748 467 γνῶ·

1872 408 2248 469 ngratumque
2269 401 2514 454 animum
2548 398 2877 455 referebam.
2907 400 3128 455 Veteres
3158 404 3234 457 illi
3269 404 3444 462 Israe-

158 505 280 560 μης
334 489 650 559 ἀχάριστον.
694 488 985 559 Θαλάσσης
1018 490 1050 545 ό
1084 490 1313 555 παλαιὸς
1363 492 1580 564 Ἰσραὴλ
1613 493 1757 563 ὐγρά

156 582 397 655 κύματα
429 581 865 656 πεξοποροῦντες
890 583 1181 649 διέϐαινον,
1218 583 1411 649 στύλος
1465 586 1637 656 πυρὸς
1663 586 1759 640 καὶ

157 669 408 741 νεφέλης
438 671 538 743 τὴν
570 671 688 726 ὁδὸν
712 672 897 737 αὐτοῖς
922 674 1336 744 παρεσκεύαζεν
1363 676 1632 739 ἀλυπον,ό
1658 677 1758 744 μὲν

159 766 220 818 ὲν
252 764 421 818 νυκτὶ
453 765 663 835 πυρσὸν
690 766 969 828 ἀνάπτων.
1003 769 1122 839 ἅμα
1158 768 1256 821 καὶ
1284 771 1642 840 χειραγωγῶν
1666 771 1759 825 τὸν

157 857 475 928 ἀχάριστον
498 873 511 888 ’
538 859 570 928 ἠ
605 858 661 910 δὲ
693 858 789 929 τὴν
814 859 1097 915 λυποῦσαν
1125 860 1217 915 τοῦ
1253 862 1405 932 ἡλίου
1435 862 1610 931 φλόγα
1636 863 1759 916 ἀντὶ

158 950 264 1019 τῆς
300 952 425 1002 κατ’
453 946 600 1002 οἷκον
637 950 840 1021 ὀροφῆς
867 952 1268 1021 ἀποστέγουσα,
1301 954 1395 1007 καὶ
1420 955 1516 1026 τὴν
1546 955 1760 1026 ἡμέραν

159 1040 269 1108 τῆς
325 1040 637 1111 ὁδοιπορίας
691 1042 1038 1113 εὐφροσύνης
1089 1045 1306 1116 ἡμέραν
1357 1048 1757 1115 ἀποφαίνουσα.

163 1134 303 1197 Καὶ,
334 1134 395 1186 έν
420 1134 698 1206 κεφαλαίῳ
720 1136 910 1205 φάναι,
938 1138 1046 1191 τῶν
1076 1138 1216 1210 ὑπὲρ
1244 1138 1404 1207 λόγον
1425 1141 1760 1211 εὐεργεσιῶν

159 1226 564 1291 ἀπολαύοντες,
601 1230 697 1281 καὶ
732 1230 866 1282 πᾶσι
913 1232 1030 1289 τοῖς
1073 1232 1215 1285 κατὰ
1244 1232 1336 1286 τὸν
1372 1232 1485 1302 βίον
1535 1234 1761 1302 ἀγαθοῖς

164 1319 603 1392 περιρῤεόμενοί
631 1337 689 1373 τε
720 1321 813 1374 καὶ
844 1320 1208 1393 πιαινόμενοι,
1230 1323 1593 1388 ἀπελάκτιζον
1622 1325 1763 1396 μᾶλ-

162 1413 259 1467 λον
290 1414 389 1469 καὶ
418 1412 557 1484 πρὸς
587 1412 686 1484 τὴν
730 1413 823 1469 τοῦ
870 1414 1028 1469 Θείου
1082 1415 1240 1488 ὕϐριν
1274 1417 1625 1486 ὲξεμαίνοντο
1654 1418 1763 1472 τῶν

164 1504 475 1559 εἰδωλικῶν
529 1502 858 1577 μιασμάτων
891 1508 1004 1577 (10)
1059 1507 1120 1561 τὸ
1172 1508 1335 1574 σέϐας
1378 1511 1483 1580 τῆς
1531 1511 1613 1574 είς
1669 1511 1763 1566 τὸν

166 1597 522 1667 Δημιουργὸν
571 1598 1064 1672 ἀνταλλαττόμενοι
1113 1600 1371 1667 πίστεως.
1424 1602 1536 1657 Καὶ
1573 1604 1621 1657 oi
1664 1604 1763 1673 τῆς

170 1689 403 1763 ἐκείνης
431 1689 488 1741 δὲ
518 1689 743 1762 γνώμης
769 1692 870 1745 οὐκ
896 1692 1121 1747 ἔλαττον
1153 1693 1185 1764 ἢ
1222 1693 1324 1764 τῆς
1350 1695 1517 1765 γονῆς
1541 1694 1763 1763 φύντες,

168 1780 261 1834 διὰ
287 1781 393 1852 τῆς
433 1782 529 1835 τοῦ
562 1782 815 1854 Σωτῆρος
848 1784 1007 1854 ἡμῶν
1036 1784 1332 1856 ἐπιδημίας
1364 1787 1766 1857 παραπλησίων

173 1875 269 1930 καὶ
298 1872 599 1945 ὑπερφυῶν
630 1874 925 1947 θαυμάτων
956 1875 1297 1945 τελουμένων
1324 1876 1516 1932 θεαταὶ
1544 1878 1766 1948 γινόμε-

174 1984 279 2035 νοι,
309 1965 411 2019 νῦν
459 1965 559 2037 μὲν
609 1965 798 2020 παθῶν
843 1967 1177 2037 σωματικῶν
1207 1969 1445 2024 ἀνιάτων
1472 1969 1768 2039 ἐλαυνομέ-

175 2077 284 2112 νων
313 2056 484 2132 λόγῳ,
519 2056 615 2110 νῦν
660 2059 715 2113 δὲ
759 2057 965 2131 βλάϐης
1007 2060 1293 2131 δαιμονίας
1334 2062 1427 2117 καὶ
1472 2062 1768 2132 ἐπιϐουλῆς

174 2149 272 2203 τοῦ
318 2148 641 2219 πλάσματος
682 2149 1196 2221 ἀπαλλαττομένουο
1240 2153 1337 2207 καὶ
1404 2153 1653 2225 ψυχικῶν
1710 2154 1769 2208 δὲ

175 2240 515 2314 τραυμάτων
560 2243 627 2312 τῇ
673 2241 997 2314 διδασκαλίᾳ
1032 2243 1514 2316 θεραπευομένων,
1544 2263 1769 2318 νεκρου-

182 2335 357 2404 μένην
384 2334 430 2386 δ’
480 2333 581 2405 ἥδη
628 2334 861 2389 θανάτου
892 2337 992 2409 τὴν
1040 2338 1199 2409 ίσχὺν
1224 2338 1765 2409 εὐαγγελιζομένων”

180 2430 278 2483 καὶ
305 2428 523 2483 πολλῶν
563 2428 737 2481 ἄλλων
761 2428 982 2499 δωρεῶν
1010 2446 1069 2483 τε
1100 2429 1194 2482 καὶ⁵
1220 2431 1554 2501 εὐεργεσιῶν
1588 2430 1772 2496 ἀξιού-

187 2541 362 2595 μενοι,
389 2523 546 2577 οὐδὲν
577 2524 674 2594 μὲν
700 2523 908 2577 τούτων
932 2524 1173 2596 καθορᾷν
1206 2524 1433 2595 γνώμην
1461 2517 1632 2594 εἶχον,
1658 2524 1771 2577 οὐδ’

183 2618 526 2688 ἀμείψασθαι
562 2618 673 2686 (ll)
704 2618 795 2671 τὸν
836 2619 1154 2688 εὐεργέτην,
1187 2619 1324 2689 πρὸς
1361 2618 1534 2690 μόνην
1574 2618 1631 2671 δὲ
1673 2620 1776 2689 τὴν

186 2709 456 2780 θεομάχον
482 2708 851 2779 ὲξωτρύνοντο
880 2710 1162 2777 γλῶσσαν,
1195 2710 1292 2764 καὶ
1319 2710 1430 2765 τῶν
1459 2710 1772 2778 βλεπόντων

187 2802 281 2856 καὶ
326 2802 640 2855 ἀκουόντων
686 2802 1026 2874 ἁρπάζοντες
1058 2802 1121 2857 τὸ
1166 2800 1422 2870 ἀξίωμα,
1458 2802 1553 2857 καὶ
1589 2802 1774 2871 σφίσιν

189 2896 371 2958 αὐτοῖς
419 2893 819 2966 περιτιθέντες,
862 2892 990 2946 οὐτε
1020 2892 1243 2950 ἀκούειν
1287 2893 1480 2965 ἤθελον
1524 2894 1637 2948 τῶν
1681 2898 1777 2947 Δε-

192 2985 467 3039 σποτικῶν
499 2987 780 3056 ῥημάτων,
830 2985 1131 3055 σάλπιγγος
1181 2986 1550 3057 γεγωνότερον
1578 2986 1776 3051 αὐτοὺς
1804 3020 1845 3077 C

192 3078 328 3148 πρὸς
353 3078 456 3145 τὴν
488 3077 765 3148 σωτηρίαν
795 3075 1277 3147 ἀνακαλουμένων.
1296 3077 1392 3131 καὶ
1418 3076 1647 3143 πολλοὺς
1668 3078 1777 3133 τῶν

193 3169 359 3221 ἐθνῶν
385 3167 526 3240 πρὸς
551 3167 721 3238 αὐτὴν
752 3169 1115 3237 συναγόντων,
1146 3158 1239 3225 καὶ
1267 3169 1367 3240 τὴν
1395 3170 1493 3240 τῆς
1519 3171 1779 3243 ἀληθείας

196 3260 490 3329 ἐπίγνωσιν
522 3260 1009 3315 άναδιδασκόντων.
1046 3259 1185 3315 Οῦτε
1215 3262 1284 3316 τὰ
1314 3263 1406 3315 ὐπ’
1434 3263 1557 3333 ὄψιν
1591 3264 1780 3318 τελούο

200 3368 334 3423 μενα
365 3352 479 3404 τῶν
509 3350 806 3422 θαυμάτων
836 3352 1063 3423 βλέπειν
1091 3352 1375 3408 ἐϐούλοντο
1396 3396 1412 3420 ,
1451 3356 1586 3425 πρὸς
1615 3356 1781 3426 μόνας

196 3444 250 3499 δὲ
290 3444 388 3507 τὰς
438 3444 773 3515 δυσφημίας,
837 3446 937 3498 καὶ
981 3447 1074 3500 τὸν
1124 3446 1253 3501 νοῦν
1301 3447 1482 3501 αὐτῶν
1537 3450 1630 3504 κει)⁵
1684 3450 1782 3520 τὴν

198 3536 444 3605 γλῶτταν
489 3536 809 3601 έξώπλιζον.
840 3537 1041 3610 Διόπερ
1073 3538 1302 3603 εἰκότως
1346 3539 1529 3606 αὐτοῖς
1567 3540 1637 3595 τά
1682 3560 1781 3614 μυ-

203 3628 396 3699 στήρια
430 3629 532 3698 τῆς
576 3627 855 3698 βασιλείας
900 3628 1001 3681 οὐκ
1048 3628 1391 3686 ἐπιστεύετο.
1442 3632 1627 3701 Χωρὶς
1675 3634 1783 3704 γὰρ

200 3719 303 3772 τῶν
356 3718 535 3771 ἄλλων
584 3719 676 3771 καὶ
728 3718 867 3771 διότι
928 3720 1114 3789 μεῖζον
1171 3720 1355 3785 αὐεοῖς
1402 3724 1578 3794 κρῖμα
1630 3740 1785 3794 περι-

202 3809 337 3878 ἧπτε
366 3809 483 3879 (12)
520 3808 934 3879 πιστευόμενον.
970 3810 1122 3881 Ὅσῳ
1146 3810 1256 3885 γὰρ
1302 3812 1366 3866 ἄν
1398 3829 1481 3877 τις
1518 3814 1784 3883 μειζόνων

203 3900 471 3967 ἀξιοῦται,
503 3903 531 3954 ὁ
565 3902 622 3956 δὲ
652 3903 789 3973 πρὸς
820 3902 883 3956 τὸ
908 3905 1093 3977 χεῖρον
1121 3905 1247 3957 ἀντὶ
1269 3906 1367 3975 τῆς
1395 3907 1489 3959 ἐπὶ
1518 3906 1578 3959 τὸ
1603 3910 1785 3978 κρεῖτο

204 4010 293 4046 τον
327 3994 631 4067 μεταϐολῆς
666 3996 920 4050 ἀπονεύει
946 4036 961 4059 ,
1007 3989 1165 4059 οὗτος
1212 3996 1324 4070 (15)
1377 3996 1570 4069 διπλῆς
1604 3998 1786 4069 ἔνοχος

206 4088 613 4159 κατακρίσεως,
646 4089 746 4159 τῆς
787 4105 847 4143 τε
878 4088 1259 4161 προλαϐούσης
1293 4092 1517 4156 κακίας,
1560 4092 1653 4144 καὶ
1687 4092 1787 4161 τῆς

208 4178 291 4231 ἐπ’
319 4178 552 4250 αὐξησιν
582 4180 887 4256 μοχθηρίας
919 4181 1019 4256 τὴν
1058 4182 1380 4255 εὐεργεσίαν
1410 4184 1785 4255 ποιησαμένης

209 4270 604 4341 προαιρέσεως.
984 4267 991 4273 ”

1860 492 1970 548 lita:
2002 492 2172 546 maris
2199 492 2397 547 fluctus
2427 492 2759 557 transibant,
2806 492 3060 547 columna
3108 509 3274 563 porro
3304 497 3447 566 ignis

1860 590 1915 639 et
1945 582 2107 637 nubis
2162 584 2265 645 iter
2316 582 2451 652 ipsis
2498 582 2804 652 jucundum
2858 585 3178 653 praestabat,
3228 591 3448 655 quando

1862 677 2013 745 prior
2042 676 2261 745 quidem
2303 686 2467 731 noctu
2503 675 2677 733 facem
2717 678 3074 742 accendebat,
3108 689 3163 734 et
3192 680 3335 735 viam
3366 683 3451 736 in-

1861 768 2031 837 gratis
2068 767 2565 836 praemonstrabat;
2604 767 2877 837 posterior
2904 783 3035 824 vero
3072 770 3327 825 infestam
3360 789 3451 828 so-

1861 861 1930 918 lis
1959 862 2235 917 flammam
2269 860 2446 915 instar
2482 860 2611 915 tecti
2646 861 2901 935 alicujus,
2937 878 3046 931 quo
3085 862 3281 918 domus
3326 881 3450 919 mu-

1862 954 2033 1019 nitur,
2062 954 2304 1019 arcebat,
2335 962 2499 1022 atque
2523 952 2660 1011 adeo
2684 952 2895 1007 itineris
2916 954 3057 1008 diem
3082 955 3282 1009 laetitiae
3304 954 3446 1009 diem

1862 1045 2152 1103 elliciebat.
2203 1046 2273 1099 At
2317 1044 2479 1099 iidem
2527 1044 2626 1110 illi,
2677 1054 2736 1101 ut
2786 1046 3103 1100 summatim
3137 1047 3339 1110 dicam,
3373 1056 3451 1101 tot

1864 1138 2188 1204 beneﬁciis,
2250 1154 2372 1209 qua:
2429 1153 2648 1193 omnem
2703 1138 3073 1207 eloquentiam
3140 1150 3448 1209 superant,

1864 1230 2143 1295 fruentes,
2175 1231 2545 1298 omnibusque
2576 1231 2700 1284 vita:
2735 1230 2894 1285 bonis
2925 1230 3176 1286 iuundati
3219 1241 3273 1284 et
3306 1232 3453 1301 sagi-

1864 1322 2004 1388 nati,
2042 1323 2488 1388 recalcitrabant,
2519 1334 2592 1387 ct,
2627 1320 2816 1376 furore
2842 1322 2999 1391 quasi
3038 1322 3280 1391 quodam
3323 1337 3450 1377 cor-

1864 1416 2026 1485 repti,
2054 1417 2110 1471 in
2140 1415 2387 1470 divinum
2423 1414 2635 1469 Numen
2666 1423 2823 1469 erant
2868 1414 3077 1483 injurii,
3110 1414 3288 1479 Iidem,
3316 1430 3451 1469 con-

1864 1506 2029 1563 ditori
2060 1523 2163 1563 suo
2215 1508 2609 1576 praeSIandam,
2645 1522 2770 1561 cum
2825 1506 3150 1561 idololatria:
3198 1506 3454 1560 sordibus

1865 1612 2263 1675 permutantes.
2296 1601 2370 1657 lta
2390 1610 2443 1656 et
2458 1600 2662 1671 posteri
2689 1615 2906 1663 eorum,
2931 1616 3040 1653 non
3059 1601 3241 1654 minus
3268 1600 3454 1654 animo

1867 1711 2034 1766 quam
2067 1695 2345 1751 natalibus
2375 1693 2484 1749 illis
2526 1693 2757 1757 similes,
2815 1702 3105 1763 postquam
3154 1692 3351 1747 similia
3399 1699 3455 1745 et

1871 1788 2055 1845 divina
2109 1788 2374 1843 miracula
2420 1802 2447 1840 a
2482 1796 2611 1840 nato
2668 1786 2951 1840 Salvatore
3003 1796 3191 1838 nostro
3244 1792 3455 1853 patrata

1867 1882 2156 1947 vidissent,
2212 1882 2434 1949 quando
2489 1894 2636 1933 nunc
2688 1878 2909 1948 quidem
2945 1877 3120 1930 morbi
3180 1877 3454 1939 corporis,

1870 1973 2007 2028 alias
2062 1971 2515 2031 immedicabiles,
2563 1970 2731 2024 verbo
2779 1966 3264 2037 propulsabantur,
3314 1981 3457 2021 nunc

1869 2077 2000 2117 vero
2035 2062 2307 2124 homines,
2344 2076 2375 2116 a
2408 2060 2568 2116 noxis
2601 2069 2655 2114 et
2682 2059 2895 2115 insidiis
2925 2057 3209 2112 diabolicis
3261 2056 3459 2111 libera-

1871 2155 2090 2219 bantur,
2117 2169 2265 2210 nunc
2288 2155 2487 2210 animae
2509 2154 2737 2208 vulnera
2770 2152 3019 2206 doctrina
3053 2148 3279 2204 salutari
3297 2164 3458 2202 sana-

1870 2245 2093 2311 bantur,
2133 2260 2285 2299 nunc
2331 2245 2536 2300 mortui
2592 2245 2734 2299 inter
2800 2245 2953 2297 vivos
3007 2241 3457 2305 numerabantur,

1872 2354 2023 2395 nunc
2081 2339 2192 2393 vim
2253 2338 2450 2392 mortis
2499 2338 2611 2407 jam
2670 2335 2900 2391 fractam
2943 2350 3065 2390 esse
3094 2333 3455 2395 docebantur,

1876 2430 2179 2499 multisque
2215 2430 2337 2484 aliis
2363 2429 2523 2485 donis
2544 2438 2599 2485 et
2626 2428 2906 2483 beneficiis
2947 2426 3347 2489 mactabantur,
3375 2426 3456 2477 vel

1874 2524 1955 2580 sic
1988 2524 2233 2579 animum
2263 2523 2328 2577 ad
2358 2524 2449 2578 illa
2507 2522 2693 2577 omnia
2725 2522 3030 2586 advertere,
3095 2529 3195 2573 aut
3238 2516 3461 2572 benefa-

1875 2618 2009 2672 ctori
2036 2631 2138 2671 suo
2168 2615 2400 2685 gratiam
2435 2616 2733 2684 rependere
2762 2614 3042 2676 uolebant,
3072 2612 3165 2667 sed
3214 2612 3459 2681 linguam

1875 2710 2085 2778 potius,
2118 2709 2229 2763 Deo
2261 2708 2565 2771 inimicam,
2598 2709 2888 2764 acuebant.
2930 2708 3047 2761 lmo
3075 2706 3373 2761 videntium
3406 2711 3463 2757 et

1877 2799 2217 2855 audientium
2251 2799 2487 2867 elogium
2521 2813 2618 2868 per
2664 2799 2909 2867 rapinam
2959 2798 3062 2853 sibi
3101 2798 3234 2866 ipsis
3285 2796 3461 2850 vindi-

1880 2899 2085 2957 cantes,
2110 2905 2285 2960 neque
2316 2889 2532 2943 Domini
2563 2890 2751 2953 verba,
2786 2903 2905 2958 qua:
2934 2904 3053 2950 eos,
3088 2887 3321 2941 buccina
3350 2887 3462 2940 cla.

1880 2987 2020 3050 rius,
2048 2984 2117 3039 ad
2154 2984 2381 3039 salutem
2415 2981 2709 3045 vocabant,
2743 2980 2946 3033 multos
2979 2994 3109 3033 vero
3144 2994 3207 3033 ex
3243 2978 3463 3047 gentili-

1882 3077 1986 3133 bus
2016 3076 2085 3131 ad
2118 3090 2240 3130 eam
2276 3075 2667 3143 perducebant,
2698 3070 3054 3139 veritatisque
3094 3068 3461 3138 cognitionem

1882 3169 2243 3231 instillabant,
2280 3167 2492 3231 audire,
2533 3180 2713 3234 neque
2760 3164 3046 3227 miracula,
3078 3178 3201 3232 quae
3242 3162 3295 3216 in
3332 3176 3465 3217 ocu-

1882 3262 1967 3318 los
2022 3260 2406 3324 iueurrebant,
2442 3260 2626 3313 videre
2660 3256 2972 3326 cupiebant,
3032 3256 3125 3309 sed
3170 3255 3350 3324 potius
3396 3252 3463 3307 ad

1884 3353 2133 3410 convicia
2161 3362 2374 3407 tantum
2407 3361 2462 3405 et
2484 3356 2721 3405 mentem
2751 3363 2907 3404 suam
2930 3357 2986 3401 et
3018 3348 3259 3416 linguam
3287 3360 3468 3399 arma-

1883 3447 2036 3504 bant.
2070 3444 2200 3500 llaec
2250 3460 2415 3500 causa
2447 3455 2587 3507 erat,
2641 3457 2741 3497 cur
2781 3442 3043 3511 mysteria
3098 3441 3247 3510 regni
3298 3439 3467 3495 divini

1884 3536 1994 3594 illis
2042 3554 2151 3593 non
2182 3539 2560 3593 crederentur.
2591 3533 2751 3596 Nam,
2793 3544 2849 3588 ut
2876 3534 2980 3587 alia
3027 3534 3303 3595 omittam,
3350 3547 3467 3585 nia-

1879 3629 1989 3703 jori
2017 3631 2236 3685 crimini
2296 3628 2459 3683 futuri
2515 3637 2675 3682 erant
2728 3627 2975 3705 obnoxii,
3006 3626 3050 3678 si
3082 3640 3143 3679 ea
3176 3624 3284 3677 illis
3314 3638 3468 3678 eom-

1885 3725 2058 3779 tnissa
2090 3720 2342 3777 inissent.
2376 3720 2496 3785 Quo
2524 3720 2651 3790 quis
2670 3720 2815 3774 enim
2854 3716 3157 3787 majoribus
3190 3714 3470 3771 beneficiis

1886 3813 2223 3879 cumulatur,
2272 3813 2365 3883 qui
2413 3822 2590 3868 tamen
2624 3812 2776 3881 pejor
2821 3812 3028 3881 potius,
3073 3826 3236 3879 quam
3275 3808 3469 3861 melior

1886 3907 2116 3961 evadere
2138 3904 2322 3975 gestit,
2356 3904 2460 3958 boc
2486 3904 2660 3970 magis
2685 3902 2890 3969 duplici
2919 3900 3362 3956 condemnationi
3386 3910 3471 3955 est

1887 3999 2184 4064 obnoxius,
2217 3998 2341 4053 hinc
2371 3998 2442 4053 ob
2496 3998 2759 4053 malitiam
2812 4005 3206 4064 antegressam,
3241 3994 3367 4048 hinc
3401 3994 3470 4046 ob

1888 4095 2135 4149 animum
2168 4094 2493 4164 pessimum,
2522 4089 2967 4159 quandoquidem
3020 4090 3134 4159 ipsa
3170 4087 3473 4143 beneficena

1889 4186 1962 4241 tia
1998 4186 2066 4241 ad
2106 4188 2504 4241 incrementum
2533 4182 2825 4254 pravitatis
2848 4181 3113 4237 abutitur.

277 4360 396 4414 Ὀτι
422 4362 479 4416 δὲ
515 4362 591 4434 μὴ
637 4363 1091 4437 ἀποκληρωτικὸν
1140 4360 1282 4421 εἶναι
1311 4367 1374 4421 τὸ
1402 4365 1652 4420 δεδόσθαι
1689 4366 1771 4436 μὲι

1967 4362 2082 4419 Non
2116 4378 2245 4417 vero
2274 4362 2392 4418 fato
2414 4364 2568 4434 quasi
2618 4362 2857 4433 quodam
2888 4362 3176 4428 accidisse,
3214 4369 3274 4415 ut
3308 4360 3475 4415 disci-

211 4455 314 4517 τοῖς
348 4455 622 4528 μαθηταῖς
650 4458 947 4525 ἐπιγνῶναι
989 4458 1059 4513 τὰ
1089 4460 1382 4531 μυστήρια,
1426 4462 1539 4523 τοῖς
1585 4460 1643 4512 δὲ
1690 4460 1771 4531 μὴ

1888 4453 2035 4525 pulis
2065 4451 2301 4508 facultas
2348 4454 2573 4508 daretur
2610 4453 2973 4522 cognoscendi
3020 4452 3307 4521 mysteria,
3349 4451 3475 4505 aliis

213 4546 301 4600 καὶ
328 4548 595 4619 πρότερον
631 4549 730 4617 μὲν
758 4549 1163 4605 ἀποδέδεικται.
1189 4551 1356 4604 Οὐδὲν
1382 4550 1438 4603 δὲ
1463 4547 1626 4622 ⁴ἧττον
1649 4570 1771 4621 παρι

1888 4562 2019 4602 vero
2058 4563 2169 4601 non
2219 4548 2386 4611 item,
2438 4546 2553 4615 jam
2602 4556 2728 4602 ante
2778 4562 2813 4601 a
2858 4546 3015 4601 nobis
3048 4554 3133 4601 est
3171 4555 3475 4599 ostensum.

217 4638 388 4711 ίστησι
418 4642 516 4695 καὶ
545 4642 573 4693 ό
604 4640 797 4711 Σωτὴρ
823 4682 839 4707 ,
881 4642 1208 4714 μακαρίζων
1242 4644 1370 4709 τοὺς
1407 4644 1675 4715 μαθητὰς,
1708 4646 1769 4698 ὅτ

1891 4640 2036 4694 ldem
2068 4656 2198 4695 vero
2233 4655 2341 4694 non
2369 4641 2552 4695 minus
2587 4639 2839 4695 Salvator
2868 4638 3096 4701 indicat,
3127 4639 3316 4694 beatos
3342 4654 3479 4707 pra:—

218 4724 492 4795 βλέπουσι,
528 4729 625 4783 καὶ
649 4730 943 4794 ἀκούοντες
993 4732 1307 4789 ἀκούουσιν.
1351 4733 1407 4785 Ὀ
1445 4736 1771 4805 μακαρισμὰ

1892 4732 2085 4790 dicatis
2136 4733 2461 4802 discipulos,
2506 4734 2648 4802 quod
2686 4732 2930 4787 videntes
2986 4732 3225 4793 videant,
3278 4741 3332 4786 et
3382 4746 3481 4783 au-

222 4816 317 4887 γάρ
345 4823 499 4891 παρά
525 4839 590 4891 γε
628 4826 739 4886 τοῖς
772 4825 993 4891 Λογίοις
1023 4826 1115 4877 καὶ
1153 4824 1391 4894 μάλιστα
1430 4829 1544 4889 τοῖς
1577 4828 1771 4898 Κυρια-

1895 4825 2112 4880 dientes
2140 4825 2384 4879 audiant.
2428 4826 2659 4891 Quando
2689 4826 2835 4879 enim
2874 4825 2929 4877 in
2960 4823 3257 4893 Scriptura:
3288 4837 3480 4883 sacrae.

222 4912 349 4976 κοῖς,
369 4914 470 4966 οὐκ
496 4915 742 4985 ἀνάγκης
769 4916 918 4968 ἐστὶν
952 4914 1283 4984 είσαγούσης
1308 4916 1368 4968 τὸ
1396 4918 1771 4988 ἀπαραίτητον

1898 4918 2293 4989 speciatimque
2323 4917 2539 4971 Domini
2597 4918 2792 4984 nostri,
2843 4916 3005 4972 dictis
3055 4916 3249 4970 beatus
3283 4915 3484 4984 aliquis

222 5007 585 5073 προαιρέσεως
615 5007 671 5059 δὲ
699 5008 989 5077 γινομένης
1020 5006 1116 5059 τοῦ
1154 5007 1443 5077 βελτίονος
1488 5012 1770 5083 «Μακάριο

1901 5012 2230 5081 prtedicatur
2272 5012 2338 5075 ⁷⁷,
2393 5012 2444 5065 id
2498 5012 2718 5081 quidem
2772 5026 2880 5065 non
2941 5010 3125 5074 infert,
3165 5025 3276 5062 rem
3326 5010 3485 5062 aliter

225 5091 324 5161 γὰρ
348 5095 508 5167 ἀνὴρ,
537 5097 596 5161 ὃς
626 5098 725 5150 οὐκ
757 5097 1029 5169 ὲπορεύθττ
1056 5099 1113 5151 ἐν
1143 5097 1307 5169 βουλῇ
1336 5099 1551 5153 ἀσεϐῶν
1580 5119 1592 5132 ·
1631 5122 1649 5154 ι
1686 5105 1771 5155 καὶ

1905 5104 2022 5159 fieri
2051 5118 2159 5159 non
2196 5102 2461 5176 pctuisse,
2498 5104 2591 5159 sed
2648 5104 3013 5160 voluntariam
3071 5102 3323 5157 meliores
3375 5100 3485 5155 ele-

295 5302 338 5335 "
373 5298 566 5357 Matth.
598 5318 650 5367 γ,
687 5303 720 5357 5
759 5321 914 5378 seqq.

1666 5428 1897 5484 NOTAE.

438 5582 593 5658 golb.
636 5602 734 5654 pro
775 5585 1114 5658 βιασμάτων.

238 5650 521 5779 (5εὲἒὲξόἰο
551 5650 737 5713 scribo
764 5650 863 5729 pro
885 5650 1238 5730 άμείνασοαι,
1278 5660 1383 5717 nisi
1416 5659 1572 5715 malis
1629 5660 1790 5732 ἀμεί-

1968 5586 2081 5656 (12)
2123 5589 2264 5643 ldem
2296 5605 2394 5660 pro
2428 5590 2669 5660 πίπτειν.

1975 5660 2087 5731 (15)
2122 5662 2262 5717 ldetn
2299 5659 2395 5730 pio
2417 5659 2609 5724 οὕτως.
