3884 6202
354 317 357 320 η
398 234 508 300 επ)
1554 232 1818 294 PHOTII
1854 233 1988 293 PA'I

2093 228 2359 292 ARCIME
2391 230 2500 292 (ΞΡ.

3554 224 3681 289 476

401 350 640 408 ctionem
670 347 896 404 indicat.
956 345 1037 403 ita
1076 366 1095 401 ι
1135 346 1328 403 beatus
1354 347 1554 403 dicitur
1586 348 1691 413 vir,
1733 348 1829 417 qui
1873 363 1980 402 non

2093 365 2109 399 t
2141 344 2427 416 Μακάριος
2457 341 2600 414 ἀνὴρ
2633 340 2777 414 (Ν),
2819 341 2879 406 δς
2922 340 3180 413 οίκτείρει
3215 340 3399 413 ψυχὰς
3446 344 3681 415 κτηνῶν

401 443 646 500 ambulat
687 442 743 497 in
782 440 1015 498 consilio
1064 441 1357 512 impiorum
1390 441 1466 507 ης
1532 460 1550 493 ι
1610 448 1666 494 et
1707 456 1727 491 ι
1784 438 1979 493 Beatus

400 538 507 603 vir,
538 538 633 609 qui
669 537 965 592 miseratur
1013 538 1177 591 vitam
1236 534 1467 604 jumenti
1517 536 1624 589 sui.
1682 554 1701 589 ι
1750 533 1979 600 Quando

402 638 567 701 porro
599 630 851 686 Salvator
894 640 1077 686 noster
1111 630 1313 684 multas
1343 646 1450 683 una
1480 629 1621 684 serie
1649 628 1981 683 benedictio-

404 737 504 777 nes
537 721 721 786 affert,
752 722 959 776 nullam
986 736 1177 774 earum
1227 720 1316 781 iis,
1355 719 1409 773 in
1461 720 1661 788 quibus
1698 717 1980 772 distinctio

402 814 651 883 quaedam
678 812 797 866 loco
830 812 1032 865 habere
1058 819 1290 879 poterat,
1312 811 1643 880 impertitur,
1674 810 1767 864 sed
1804 810 1856 863 in
1882 824 1980 864 eos

402 920 595 961 omnes
627 903 859 968 confert,
887 917 1125 973 quorum
1156 902 1330 956 virtus
1356 903 1508 955 bona:
1541 900 1739 954 mentis
1769 898 1981 953 fructus

402 1006 458 1054 et
514 1011 674 1066 seges
720 1004 859 1051 erat.
924 994 1108 1064 Itaque
1150 1010 1253 1049 nec
1293 993 1579 1063 discipulis
1617 1007 1714 1061 per
1774 999 1979 1045 sortem

403 1089 699 1160 quamdam
729 1087 949 1142 fatalem
986 1086 1219 1149 facultas
1255 1086 1393 1141 facta
1425 1094 1509 1142 est
1542 1085 1799 1156 mysteria
1832 1083 1980 1155 regni

403 1180 499 1235 Dei
531 1178 921 1249 cognoscendi,
955 1193 1129 1248 neque
1180 1177 1444 1247 improbis
1486 1176 1796 1233 Judasorum
1830 1178 1983 1245 igno-

403 1269 545 1324 ratio
575 1269 793 1323 illorum
819 1268 1079 1337 irrogata.
1126 1265 1239 1320 Imo
1268 1281 1401 1322 vero
1432 1266 1579 1330 ideo,
1609 1266 1753 1337 quod
1790 1276 1983 1336 sponte

404 1376 503 1416 sua
529 1375 588 1415 se
638 1375 815 1415 caecos
860 1368 915 1414 et
943 1368 1125 1414 mutos
1151 1359 1459 1423 effecerant,
1509 1360 1751 1414 divinum
1779 1369 1833 1414 et
1866 1359 1980 1414 falli

404 1451 653 1506 nescium
677 1451 948 1520 judicium
984 1451 1091 1505 illis
1118 1450 1372 1520 indignos
1399 1466 1493 1505 eos
1516 1465 1638 1506 esse
1662 1450 1984 1521 pronuntia-

403 1542 499 1596 vit.
534 1543 655 1607 Quo
686 1558 814 1597 vero
845 1556 1009 1598 sensu
1060 1542 1130 1609 is,
1156 1558 1318 1613 quem
1353 1542 1620 1598 Dominus
1647 1559 1713 1597 ex
1740 1542 1983 1612 discipu-

404 1632 473 1688 lis
504 1633 776 1703 imprimis
828 1634 1071 1698 amabat,
1122 1650 1381 1705 magnum
1421 1634 1554 1689 illud
1586 1634 1870 1706 theologia:
1899 1636 1984 1690 in-

404 1736 794 1790 strumentum,
826 1726 997 1781 dicit:
1038 1745 1057 1777 ‹
1096 1727 1404 1782 Εςοωοαινίι
1447 1729 1635 1783 oculos
1671 1744 1883 1794 eorum,
1932 1737 1985 1783 et

403 1818 695 1873 obduravit
718 1835 813 1873 cor
834 1834 1024 1873 eorum
1059 1821 1143 1887 7’;
1183 1839 1201 1871 ι
1234 1820 1393 1875 facile
1435 1836 1500 1875 ex
1533 1822 1693 1876 dictis
1726 1821 1985 1878 mstimari

404 1921 603 1981 potest.
638 1911 697 1966 Si
718 1913 870 1967 enim
906 1912 1109 1968 Isaiam
1147 1914 1436 1969 verborum
1467 1924 1657 1970 testem
1682 1932 1788 1970 non
1821 1916 1989 1970 advo-

406 2015 608 2069 casset,
645 2016 740 2060 aut
772 2007 979 2062 dictum
1006 2008 1127 2077 ejus
1166 2008 1232 2063 ad
1263 2009 1411 2063 aliud
1441 2020 1825 2080 argumentum
1858 2026 1987 2081 pro-

409 2098 649 2153 handum
671 2100 965 2163 attulisset,
991 2101 1274 2155 dubitandi
1299 2100 1531 2157 fortasse
1551 2113 1865 2157 nasceretur
1891 2118 1989 2157 oc-

407 2192 583 2255 casio,
613 2192 957 2263 qutestioque
987 2194 1101 2249 haec
1130 2194 1257 2255 alia,
1285 2205 1482 2264 praeter
1510 2198 1687 2253 dictas
1722 2198 1863 2262 illas,
1900 2213 1990 2252 ra-

407 2284 557 2339 tione
594 2294 746 2340 esset
763 2286 1091 2341 dirimenda.
1120 2287 1391 2353 Quoniam
1428 2304 1559 2343 vero
1608 2291 1771 2344 etiam
1804 2292 1893 2345 illa
1924 2308 1988 2346 ex

410 2375 691 2444 propheta:
717 2376 897 2430 verbis
928 2375 1254 2442 afferuntur,
1280 2394 1515 2447 quorum
1551 2396 1747 2435 sensus
1776 2382 1988 2452 perspi-

407 2482 547 2522 cuus
579 2475 683 2530 est,
718 2468 964 2537 nihilque
986 2468 1320 2525 dillicultatis
1344 2471 1609 2538 continet,
1646 2474 1734 2527 illa
1767 2489 1988 2544 quoque

407 2565 731 2613 ceterorum
763 2560 1222 2629 evangelistarum
1257 2577 1288 2617 a
1318 2563 1502 2619 dubiis
1550 2568 1809 2621 omnibus
1864 2567 1993 2622 libe-

410 2658 528 2704 rata
559 2652 721 2706 modo
744 2659 903 2713 sunt;
935 2662 1082 2722 patet
1114 2644 1322 2723 utique,
1352 2656 1514 2710 etiam
1552 2657 1680 2711 illud
1701 2659 1812 2727 jam
1845 2660 1994 2715 solu-

410 2750 524 2795 tum
555 2756 697 2803 esse,
727 2743 874 2812 quod
894 2758 960 2797 ex
983 2744 1067 2799 his
1082 2745 1262 2800 verbis
1288 2748 1607 2817 scrupulum
1629 2748 1853 2818 injicere
1896 2765 1995 2820 po-

409 2840 552 2886 terat
577 2850 592 2887 :
622 2832 821 2888 similia
848 2833 995 2888 enim
1025 2844 1156 2889 sunt
1195 2834 1299 2891 sibi
1332 2835 1584 2891 invicem.
1631 2837 1745 2904 llle,
1764 2839 1856 2909 qui
1886 2840 1998 2910 pri-

2078 435 2267 491 αὑτοῦ.
2304 454 2324 488 ι
2367 433 2431 489 Ὃ
2462 433 2522 487 δὲ
2552 434 2743 503 Σωτὴρ
2787 433 2881 486 καὶ
2922 432 3065 485 κατά
3098 432 3384 503 συνέχειαν
3428 431 3683 495 πολλοὺς

2085 528 2477 600 μακαρισμοὺς
2512 525 2802 579 συνάπτων
2825 523 3018 579 οὐδένα
3047 524 3275 590 τούτων,
3308 524 3397 593 ἐφ’
3417 520 3494 577 ὦν
3527 524 3684 577 ἀπο-

2080 623 2357 693 κλήρωσις
2392 620 2505 692 ἔχει
2542 619 2644 689 τὴν
2675 619 2849 688 ίσχὺν,
2881 617 3172 687 ἀπονέμει,
3204 618 3285 680 εἰς
3322 616 3575 680 ἐκείνους
3610 614 3681 667 δὲ

2083 700 2589 783 συνάγεινπάντας,
2645 703 2721 763 ὧν
2796 709 2965 781 ἀρετὴ
3015 711 3228 781 καρπὸς
3274 710 3514 780 ὑπάρχει
3571 710 3683 763 καὶ

2064 808 2351 878 ¹γεώργιον
2380 806 2478 875 τῆς
2522 804 2921 876 προαιρέσεως.
2944 803 3153 858 Οὐκοῦν
3186 802 3313 857 οὑτε
3341 805 3456 867 τοῖς
3482 802 3683 874 μαθη-

2085 904 2208 964 ταῖς
2238 901 2357 953 κατ’
2390 899 2781 970 ἀποκλήρωσιν
2810 898 3019 952 ἐδέδοτο
3052 896 3123 951 τά
3151 901 3428 968 μυστήρια
3454 897 3680 966 γνῶναι

2080 992 2181 1063 τῆς
2230 992 2511 1063 βασιλείας
2551 990 2643 1044 τοῦ
2689 989 2851 1057 Θεοῦ,
2894 988 3018 1043 οὔτε
3065 991 3180 1053 τοῖς
3227 988 3514 1059 ἀγνώμοσι
3556 988 3683 1041 τῶν

2093 1085 2360 1141 Ἰουδαίων
2379 1084 2587 1138 τούτων
2630 1084 2664 1154 ἡ
2708 1082 2922 1151 ἄγνοια,
2950 1080 3068 1135 ἀλλ’
3096 1082 3179 1136 ὃτι
3212 1080 3450 1150 τυφλούς
3479 1099 3543 1134 τε
3573 1081 3685 1134 καὶ

2080 1182 2300 1249 κωφοὺς
2328 1180 2548 1240 ἑκόντες
2570 1178 2858 1247 ἀπέφηναν
2893 1175 3141 1239 ἑαυτοὺς,
3169 1174 3376 1229 τούτων
3402 1174 3683 1239 ἀναξίους

2082 1277 2117 1345 ἡ
2150 1273 2272 1328 θεία
2300 1272 2395 1327 καὶ
2421 1273 2723 1336 ἀδέκαστος
2748 1271 2933 1342 κρίσις
2957 1269 3259 1340 διήλεγξεν.
3295 1269 3418 1331 Πῶς
3439 1268 3536 1322 οὑν
3557 1268 3682 1322 τῶν

2091 1366 2353 1437 μαθητῶν
2370 1366 2398 1419 ὁ
2412 1364 2769 1437 ὴγαπημένος
2796 1364 2857 1418 τὸ
2872 1364 2967 1435 τῆς
2993 1362 3277 1507 θεολέγίας
3298 1361 3530 1433 ὖργανον
3549 1362 3681 1431 (15)

2091 1457 2267 1507 λέγει·
2305 1476 2324 1507 t
2356 1455 2718 1507 Τετύφλωκεν
2746 1456 2926 1507 αὑτῶν
2947 1456 3076 1507 τοὺς
3136 1451 3418 1507 φθαλμοὺς
3442 1456 3539 1507 καὶ
3568 1469 3681 1506 πε-

2084 1457 2267 1526 λέγει·
2305 1476 2324 1509 ι
2356 1455 2718 1526 Τετύφλωκεν
2746 1456 2926 1509 αὑτῶν
2947 1456 3076 1518 τοῦς
3105 1451 3418 1524 ὀφθαλμοὺς
3442 1456 3539 1508 καὶ
3568 1469 3685 1506 πε-

2085 1551 2356 1623 πώρωκεν
2408 1549 2589 1604 αὑτῶν
2616 1549 2717 1621 τὴν
2744 1548 2997 1621 καρδίαν,
3030 1566 3049 1600 ι
3098 1547 3251 1601 οὐδὲν
3277 1547 3441 1618 ἔργον
3465 1548 3530 1601 ἐκ
3556 1544 3684 1599 τῶν

2087 1642 2400 1712 εἰρημένων
2425 1641 2527 1713 ἤδη
2569 1639 2834 1694 συνιέναι.
2878 1640 2941 1693 ΕΞ
2972 1638 3069 1710 μὲν
3099 1637 3208 1709 γάρ
3240 1637 3315 1708 μὴ
3352 1636 3535 1691 ἐκάλει
3572 1632 3682 1689 τοῦ

2014 1708 2057 1765 Β
2092 1708 2251 1805 λόγὸὶ)
2274 1735 2367 1789 τὸν
2411 1708 2642 1789 οίίσξιιῖαν
2680 1736 2953 1805 μάρτυρα,
2974 1708 3016 1802 *ἢ
3042 1731 3155 1801 (l6)
3182 1708 3285 1799 ἐφ’
3312 1729 3504 1801 ἑτέρου
3529 1729 3687 1782 θεω-

2090 1828 2338 1899 ρήματος
2375 1826 2589 1898 προῆγε
2620 1824 2722 1889 τὰς
2744 1824 2917 1887 αὑτάς
2937 1822 3145 1893 φωνὰς,
3162 1822 3399 1891 ἀπορίας
3435 1820 3501 1874 ἀν
3519 1836 3687 1885 τινος

2088 1919 2335 1989 ὑπῆρχεν
2365 1915 2612 1987 ἀφορμὴ,
2651 1915 2746 1968 καὶ
2779 1914 3005 1985 ζήτησις
3044 1911 3198 1984 παρά
3227 1912 3328 1975 τὰς
3368 1910 3685 1983 εἰρημένας

2089 2011 2260 2082 ἄλλης
2288 2008 2613 2072 ἐπιλύσεως.
2662 2006 2817 2061 Ἐπεὶ
2850 2006 2906 2060 δὲ
2940 2006 3027 2061 διά
3053 2005 3164 2059 τῶν
3194 2004 3547 2077 προφητικῶν
3578 2004 3686 2058 καὶ

2089 2104 2263 2159 ταῦτα
2300 2103 2608 2176 προάγεται
2627 2101 2826 2171 λόγων,
2858 2100 2918 2166 ἐξ
2940 2092 3015 2155 ὧν
3047 2099 3363 2169 σαφεστάτη
3394 2098 3488 2153 καὶ
3515 2097 3684 2151 οὐδὲν

2089 2198 2296 2267 ἄπορον
2336 2196 2673 2267 ἐπιφέρουσα
2721 2191 3027 2262 ἐξέλαμψεν
3076 2192 3111 2263 ἡ
3152 2190 3383 2255 διάνοια,
3428 2189 3525 2244 καὶ
3560 2188 3685 2260 μὴν

2090 2291 2187 2345 καὶ
2224 2290 2336 2343 τῶν
2363 2289 2540 2345 ἄλλων
2571 2286 2997 2355 εὐαγγελιστῶν.
3043 2286 3167 2339 ὅσον
3196 2280 3263 2357 ἦν
3288 2281 3681 2355 ἀμφισϐητού-

2096 2401 2278 2455 μενον,
2308 2381 2556 2453 διεκρίθη
2576 2397 2592 2413 °
2618 2380 2803 2450 δῆλον,
2829 2378 2913 2432 ὅτι
2944 2374 3367 2447 προδιαλέλυται
3401 2372 3502 2427 καὶ
3534 2373 3685 2443 ὅπερ

2084 2474 2311 2546 ἔμελλεν
2336 2474 2428 2527 ἐπὶ
2457 2473 2567 2527 τῶν
2593 2472 2854 2543 ῥημάτων
2877 2471 3085 2523 τούτων
3112 2465 3526 2537 διαπορεῖσθαι·
3553 2466 3684 2519 [σον

2086 2567 2195 2637 γάρ
2224 2566 2380 2637 (l7).i
2397 2564 2456 2619 '0
2482 2563 2698 2636 πρῶτος
2723 2561 3182 2633 ἀναγραψάμενος
3208 2562 3309 2622 τὰς
3333 2555 3685 2618 Δεσποτικάς

2090 2660 2320 2731 πράξεις
2372 2658 2712 2712 ἐκδιδάσκειν
2756 2655 2979 2709 δύναται
3021 2655 3103 2719 τὸ,
3147 2654 3535 2722 τετύφλωκεν
3579 2650 3685 2703 καὶ

2093 2754 2456 2823 πεπώρωκεν
2474 2770 2489 2785 ο
2517 2752 2615 2805 καὶ
2634 2751 2716 2805 τό·
2756 2769 2775 2803 ι
2809 2750 2906 2803 Διά
2931 2747 3088 2802 τοῦτο
3116 2750 3175 2802 ὲν
3216 2744 3556 2816 παραϐολαῖς
3581 2743 3685 2797 αὑ-

2092 2848 2207 2909 τοῖς
2228 2845 2395 2912 λαλῶ,
2423 2846 2505 2899 ὅτι
2530 2845 2821 2917 βλέποντες
2865 2844 2927 2897 οὑ
2954 2842 3231 2913 βλέπουσι,
3257 2841 3354 2894 καὶ
3378 2839 3683 2900 ἀκούοντες

414 2939 537 2980 mus
560 2923 775 2980 Domini
800 2926 970 2981 nostri
1003 2934 1152 2995 gesta
1173 2926 1483 2997 descripsit,
1502 2930 1773 2997 explicare
1790 2932 1988 3000 optime

2095 2938 2195 2990 οὑκ
2226 2936 2423 2993 ἀκοὺου
2432 2954 2534 2992 σιν.
2579 2956 2599 2989 ι

413 3027 612 3089 potest,
653 3018 931 3087 quomodo
969 3018 1195 3089 intelligi
1246 3018 1442 3073 debeat
1477 3018 1641 3085 illud,
1678 3026 1955 3079 occwcavit
2016 3037 2071 3082 et
2126 3028 2438 3095 obduravit;
2490 3028 2730 3101 itemque
2797 3026 2953 3093 illud,
2993 3050 3011 3078 ι
3048 3024 3343 3096 Propterea
3377 3039 3474 3095 per
3519 3036 3679 3092 pan.

412 3113 569 3169 bolas
599 3115 705 3169 illis
730 3114 946 3183 loquor,
976 3106 1105 3183 quia
1134 3114 1376 3169 videntes
1404 3130 1510 3169 non
1540 3116 1744 3179 vident.
1777 3127 1831 3173 et
1879 3121 2163 3179 audientes
2194 3140 2300 3179 non
2332 3125 2580 3180 audiunt.
2629 3141 2648 3177 ι
2912 3122 2917 3126 ’

485 3210 688 3281 Siquis
722 3226 851 3264 vero
916 3210 1006 3264 illa
1048 3211 1233 3275 verba,
1286 3213 1562 3267 occaecavit
1597 3221 1651 3267 et
1689 3214 1988 3283 obduravit,

2166 3222 2230 3274 El
2279 3220 2335 3274 δέ
2381 3238 2464 3284 τις
2511 3219 2594 3285 τὸ,
2635 3219 3014 3287 τετύφλωκεν
3052 3215 3147 3270 καὶ
3178 3212 3568 3281 πεπώρωκεν,
3616 3212 3680 3266 οὑ

416 3318 528 3359 non
562 3313 671 3357 tam
704 3318 804 3373 pro
832 3303 1068 3373 peccatis
1097 3318 1217 3373 quae
1246 3306 1664 3371 antecesserint,
1696 3323 1859 3377 quam
1893 3325 1991 3379 pro

416 3397 620 3450 talibus
648 3411 770 3466 qua:
800 3410 861 3451 ea
897 3396 1070 3450 instar
1099 3397 1366 3451 mercedis
1402 3398 1735 3467 promeritae,
1764 3401 1871 3456 sint
1902 3417 1992 3457 se-

415 3498 568 3554 cuta,
608 3488 808 3543 habere
840 3488 1124 3555 maluerit;
1161 3504 1260 3543 nec
1303 3489 1391 3544 ille
1427 3506 1456 3544 a
1492 3506 1659 3561 scopo
1705 3494 1994 3550 aberrare-

417 3580 507 3644 rit,
535 3596 631 3650 per
656 3596 821 3650 quem
858 3596 963 3645 non
996 3581 1157 3651 longe
1185 3597 1215 3636 a
1242 3584 1470 3638 veritate
1520 3585 1681 3640 absit.
1719 3586 1992 3653 Quoniam

414 3670 562 3725 enim
590 3670 663 3724 illi
691 3678 885 3740 sponte
916 3687 1015 3727 sua
1048 3674 1239 3728 oculos
1269 3674 1598 3742 clauserant,
1626 3688 1680 3732 et
1711 3694 1872 3735 aures
1898 3695 1993 3735 co-

418 3761 729 3826 hibucrant,
764 3762 982 3818 caecitas
1024 3772 1079 3818 et
1105 3763 1351 3821 surditas
1396 3768 1591 3822 merito
1626 3767 1799 3823 instar
1824 3785 1994 3838 poenae

416 3853 855 3907 antecedentium
885 3855 1142 3909 vitiorum
1178 3866 1534 3926 spontaueam
1566 3860 1735 3913 animi
1788 3862 1991 3930 impro-

418 3943 642 3998 bitatem
694 3945 1018 4015 excipiebat.
1084 3946 1200 4002 Huc
1249 3948 1391 4003 inter
1445 3959 1639 4004 caetera
1688 3952 1993 4019 pertinebat

418 4032 574 4096 illud,
629 4034 773 4104 quod
832 4049 934 4089 nec
985 4035 1242 4091 facultate
1285 4039 1536 4109 mysteria
1569 4041 1718 4111 regni
1754 4041 1994 4098 cmleslis

415 4120 786 4191 cognoscendi
821 4122 1252 4182 instruebantur.
1280 4124 1453 4182 Porro
1482 4129 1646 4198 paulo
1661 4138 1786 4185 ante
1805 4129 1991 4186 Jesum

416 4212 701 4279 audimus,
739 4227 900 4285 prout
957 4216 1099 4273 idem
1134 4220 1277 4276 filius
1331 4220 1635 4277 tonitruum
1669 4222 1880 4286 scribit,
1910 4223 1995 4279 di-

416 4317 673 4362 centem:
712 4328 731 4363 ι
774 4310 1046 4381 Exiguum
1094 4313 1273 4369 adhuc
1319 4324 1533 4385 tempus
1583 4315 1673 4371 lux
1710 4316 1992 4373 vobiscum

414 4407 535 4467 est;
559 4401 838 4458 ambulate
856 4406 1035 4475 quoad
1066 4405 1245 4461 lucem
1277 4407 1509 4474 habetis,
1538 4424 1608 4464 ne
1637 4410 1873 4465 tenebrze
1896 4426 1994 4467 vos

416 4492 861 4564 apprehendant;
900 4516 921 4551 ι
950 4507 1026 4563 et,
1060 4518 1079 4553 ι
1110 4500 1213 4566 Qui
1238 4501 1294 4555 in
1316 4502 1556 4557 tenebris
1577 4491 1838 4569 ambulat,
1884 4521 1994 4559 non

2098 3314 2481 3384 προηγούμενα
2518 3310 2688 3383 πάθη,
2734 3310 2851 3365 ἀλλ’
2898 3308 3128 3371 ἐκείνοις
3178 3306 3423 3375 ἑπόμενα
3472 3303 3682 3374 μᾶλλον

2099 3406 2216 3477 θείη
2269 3401 2381 3459 οἷόν
2431 3421 2556 3459 τινα
2606 3401 2956 3473 ἀντιμισθίαν
2990 3400 3098 3454 τῶν
3153 3398 3479 3470 φθασάντων
3507 3397 3679 3450 ὄντα*

2096 3496 2209 3551 οὐδ’
2232 3488 2386 3558 οὗτος
2414 3494 2481 3549 ἂν
2508 3494 2593 3567 εἴη
2618 3495 2822 3549 σκοποῦ
2850 3493 3254 3563 διαμαρτάνων,
3284 3490 3350 3546 δι’
3371 3484 3433 3545 οὗ
3471 3490 3681 3559 φέροιτ’

2098 3587 2164 3640 ἂν
2192 3585 2253 3639 οὑ
2276 3586 2465 3657 πόρρω
2493 3585 2591 3655 τῆς
2633 3583 2915 3655 ἀληθείας.
2963 3581 3115 3635 Ἐπεὶ
3143 3581 3253 3651 γὰρ
3284 3581 3507 3643 ἑκόντες
3542 3579 3682 3649 ἐμυ-

2101 3697 2199 3734 σαν
2243 3679 2371 3742 τοῦς
2417 3677 2729 3749 ὀφθαλμοὺς
2776 3678 2872 3731 καὶ
2897 3677 2966 3729 τά
2999 3669 3113 3729 ὦτα
3158 3675 3437 3744 συνέσχον,
3470 3671 3681 3726 τούτων

2101 3768 2577 3840 προηγησαμένων
2623 3766 2733 3820 τῶν
2778 3764 2967 3818 παθῶν
3019 3762 3179 3834 ποινὴ
3226 3762 3449 3831 γέγονεν
3494 3760 3683 3822 αὑτοῖς

2098 3860 2589 3932 ὲπακολουθήσασα
2615 3861 2684 3932 τῇ
2718 3858 3057 3929 ἑκουσιότητι
3104 3857 3201 3926 τῆς
3236 3855 3521 3927 μοχθηρᾶς
3542 3851 3684 3921 γνὼ-

2102 3956 2268 4026 μηςή
2307 3954 2581 4023 τύφλωσις
2620 3953 2715 4007 καὶ
2757 3943 2798 4025 ἡ
2836 3952 3112 4023 κώφωσις,
3157 3944 3232 4005 ὧν
3265 3949 3324 4002 ἒν
3358 3949 3445 4019 είη
3494 3947 3595 4001 καὶ
3622 3948 3682 3999 τὸ

2104 4044 2180 4116 μὴ
2202 4044 2449 4099 δεδόσθαι
2477 4045 2661 4105 αὑτοῖς
2690 4043 2757 4097 τά
2788 4044 3062 4115 μυστήρια
3098 4044 3199 4114 τῆς
3233 4040 3517 4111 βασιλείας
3540 4038 3681 4108 γνῶ·

2101 4155 2211 4191 ναι.
2242 4137 2398 4191 Ἐστι
2421 4136 2476 4191 δὲ
2507 4138 2602 4192 καὶ
2637 4136 2743 4208 πρὸ
2773 4136 3019 4209 βραχέως
3062 4134 3293 4189 ἀκοῦσαι
3329 4133 3564 4202 λέγοντα
3593 4132 3680 4185 τὸν

2112 4228 2341 4298 Ἰησοῦν,
2370 4229 2445 4293 ὼς
2478 4229 2643 4292 αὑτὸς
2670 4230 2699 4283 δ
2717 4229 2817 4301 τῆς
2845 4228 3077 4300 βροντῆς
3100 4225 3339 4298 ἔγραψεν
3359 4223 3678 4288 υίόςοιἝτι

2104 4320 2302 4391 μικρὸν
2328 4320 2518 4392 χρόνον
2546 4320 2608 4373 τὸ
2634 4319 2751 4390 φῶς
2778 4319 2898 4391 μεθ’
2930 4319 3084 4391 ὑμῶν
3111 4319 3228 4372 ἐστι
3252 4335 3266 4349 ο
3303 4317 3675 4389 περιπατεῖτε,

2100 4412 2208 4476 ἕως
2236 4412 2298 4465 τδ
2320 4412 2433 4480 φῶς
2454 4411 2628 4483 ἔχετε,
2658 4411 2745 4465 ἵνα
2773 4410 2849 4482 μὴ
2873 4410 2935 4465 τὸ
2958 4412 3147 4472 σκότος
3170 4410 3315 4479 ὑμᾶς
3337 4407 3669 4477 καταλάῦηἰ

2103 4507 2217 4570 καὶ,
2260 4523 2279 4558 ι
2328 4506 2388 4559 '0
2423 4504 2748 4576 περιπατῶν
2790 4506 2849 4558 ὲν
2901 4506 2967 4575 τῇ
3027 4503 3217 4573 σκοτίᾳ
3265 4502 3365 4554 οὑκ
3415 4495 3526 4552 οἶδε
3576 4497 3674 4551 ποῦ

419 4588 594 4654 novit,
629 4605 742 4661 quo
771 4592 933 4647 vadat
965 4593 1032 4646 ⁸⁸.
1068 4611 1087 4646 ι
1126 4593 1376 4649 Salvator
1405 4596 1551 4650 enim
1596 4599 1786 4651 mundi
1831 4598 1987 4655 adve-

2102 4598 2326 4666 ὑπάγει.
2360 4614 2379 4649 ι
2412 4596 2693 4666 Ἕλαμψεν
2743 4597 2841 4666 μὲν
2893 4597 2999 4667 γάρ
3054 4594 3115 4647 τὸ
3181 4593 3297 4663 φῶς
3330 4592 3392 4646 τὸ
3428 4591 3675 4662 ἀληθινὸν

418 4680 599 4745 niens,
644 4689 705 4736 ut
734 4697 861 4737 vera
913 4685 1003 4738 lux
1043 4684 1357 4755 splenduit;
1406 4686 1481 4740 illi
1532 4702 1663 4741 vero
1699 4688 1890 4745 oculos
1943 4690 1996 4744 in

417 4787 538 4827 eam
563 4783 904 4840 convertere,
939 4785 1033 4830 aut
1068 4777 1120 4830 in
1160 4778 1279 4833 lucc
1319 4779 1634 4847 dogmatum
1666 4780 1783 4851 ejus
1816 4781 1999 4852 Splen-

992 4884 1037 4917 τ’
1099 4885 1202 4941 lsa.
1267 4904 1341 4952 Vl,
1401 4888 1499 4956 l9,
1549 4887 1709 4947 Joan.
1763 4907 1862 4955 xu,
1922 4890 2011 4946 40.

485 4880 531 4911 ⁷⁸
571 4880 711 4937 Psal.
756 4899 795 4949 ι,
848 4884 898 4939 l.

2105 4688 2499 4762 παραγεγονὼς
2519 4689 2548 4742 ὁ
2580 4689 2675 4742 τοῦ
2714 4688 2921 4759 κόσμου
2944 4687 3153 4759 Σωτήρ.
3185 4686 3247 4739 Ol
3272 4684 3327 4738 δὲ
3364 4684 3465 4737 οὑκ
3484 4682 3673 4753 ἠθέλη-

2109 4800 2209 4837 σαν
2238 4782 2541 4836 ὲνατενίσαι
2568 4780 2704 4854 πρὸς
2728 4781 2881 4845 αὐτὸ,
2907 4780 3016 4833 οὐδ’
3037 4782 3095 4833 ἐν
3118 4778 3230 4849 (l8)
3254 4778 3318 4848 τῇ
3362 4774 3674 4844 σελασφόρῳ

2087 4891 2135 4924 ⁸⁸
2168 4890 2443 4961 Joan.xtt,
2478 4892 2569 4949 35.

1893 5075 2131 5133 NOTAE.

493 5250 606 5323 (14)
640 5249 931 5323 Respicere
968 5254 1181 5311 videtur
1208 5255 1275 5311 ad
1302 5254 1467 5312 Prov.
1501 5271 1598 5319 sit,
1642 5256 1844 5319 l0,uhi
1904 5265 1985 5309 ta-

422 5338 546 5403 men
580 5325 778 5395 legitur
807 5343 822 5379 :
869 5326 1083 5390 Δίκαιος
1114 5328 1375 5397 οίκτείρει
1418 5328 1599 5398 ψυχάς
1630 5327 1845 5397 κτηνῶν
1898 5329 1996 5380 αὑ·-

421 5409 537 5448 του.

2095 5266 2216 5327 post
2241 5258 2350 5328 γάρ
2380 5257 2535 5325 posui
2592 5257 2850 5327 στιγμήν,
2886 5266 2939 5311 et
2978 5272 3076 5328 pro
3128 5266 3390 5324 sequente
3422 5254 3673 5308 δύνασθαι

2109 5329 2300 5397 scripsi
2335 5327 2578 5381 δύναται.
2617 5329 2872 5395 Alioquin
2903 5327 3048 5380 enim
3081 5328 3364 5397 desetisu
3410 5328 3674 5397 vix_con-

2110 5395 2255 5451 stare
2285 5401 2501 5468 poterit.
2535 5398 2802 5468 Loquitur
2830 5408 3014 5452 autem
3062 5399 3129 5452 de
3162 5396 3437 5462 Mattlnro,
3504 5395 3673 5448 Evan-

496 5464 608 5534 (l5)
639 5463 844 5520 Alludit
869 5467 936 5521 ad
961 5464 1222 5539 Thcologi
1248 5482 1574 5539 cognomen,
1600 5465 1745 5538 quod
1772 5464 2000 5523 Joannis
2108 5463 2425 5538 gelistarum
2464 5463 2661 5539 primo,
2692 5471 2759 5525 ad
2783 5486 2946 5542 quem
2984 5483 3150 5539 supra
3177 5471 3229 5522 in
3261 5468 3452 5539 primis
3484 5481 3671 5537 provo-

421 5548 546 5589 εειιο
569 5546 803 5590 constat.

495 5606 607 5681 illi)
643 5608 716 5681 ᾝ
746 5607 901 5681 Colb.
938 5623 1037 5681 pro
1065 5610 1166 5673 είς.
1254 5678 1263 5681 Α
1356 5640 1365 5681 Ar

495 5675 609 5747 (l7)
641 5677 695 5733 lu
729 5694 833 5737 ms.
876 5675 954 5739 ita
980 5699 995 5738 :
1034 5681 1177 5736 Ἴσον
1206 5678 1315 5753 γὰρ
1346 5679 1374 5735 ὁ
1405 5677 1642 5752 πρῶτο;,
1666 5694 1721 5734 κ.
1758 5694 1809 5734 τ.
1841 5680 1891 5737 λ.
1921 5680 1995 5735 lbi

2106 5548 2223 5680 Hii
2236 5608 2289 5681 8)
2316 5610 2437 5664 Οὐδ’
2469 5613 2527 5665 ὲν
2561 5611 2714 5668 υοιι).
2752 5626 2850 5682 pro
2874 5611 3048 5667 οὐδέν.
