3884 6202
248 256 367 324 I77

1220 260 1322 323 AD
1359 260 1961 328 AMPHILOCHIUM
2001 260 2350 335 QUIESTIO
2389 262 2681 328 LXXVII.

3440 266 3551 336 478

242 365 422 439 αἴγλη
450 346 561 421 τῶν
589 365 879 439 δογμάτων
901 364 1065 422 αύτοῦ
1104 372 1452 441 περιπατεῖν.
1488 371 1581 425 Διὸ
1614 371 1849 426 ἀκολού-

1953 369 2240 424 didissima
2266 372 2474 426 versari
2511 372 2788 428 nolebant.
2827 370 3124 445 Propterea
3167 377 3407 434 tenebrae
3452 395 3551 438 eos

250 457 371 523 θως
399 458 599 524 αὐτοῦς
619 458 977 531 κατέλαϐενή
1010 459 1199 515 σκοτία
1239 461 1398 533 δίκην
1425 462 1734 518 ἀπαιτοῦσα
1753 463 1856 535 τῆς

1962 460 2355 517 convenienter
2379 462 2754 534 excipiebant,
2790 474 3055 536 tanquam
3089 483 3307 538 pmnam
3340 470 3551 543 impro-

248 552 757 627 προκατασχούσης
800 554 1000 620 αὐτοὺς
1057 555 1385 629 μοχθηρίας.
1436 557 1549 610 Καὶ
1581 555 1744 611 τοῦτο
1762 557 1852 611 λέ-

248 645 399 714 γοιτ⁹
447 646 517 700 ἂν
569 645 991 715 τπυφλιῦσθαι
1018 646 1115 700 καὶ
1154 646 1555 717 πεπωρῶσθαι
1599 647 1850 713 είκότως.

250 736 373 791 Καὶ
401 733 593 808 ῶσπερ
623 735 702 808 τῷ
749 734 1043 805 θελήσαντι
1084 739 1413 808 περιπατεῖν
1446 739 1504 791 ἐν
1562 736 1643 808 τῷ
1709 736 1853 807 φωτὶ

247 830 453 883 ἕπεται
476 828 590 901 (l9)
623 830 721 884 καὶ
741 829 803 882 τὸ
832 829 1057 895 ειδέναι,
1090 828 1195 883 ποῦ
1221 830 1444 899 ὑπάγειο
1476 829 1650 894 οὕτως
1678 829 1756 900 τῷ
1777 826 1853 901 μὴ

252 920 554 992 θελήσαντι
602 924 931 992 περιπατεῖν
975 922 1035 975 ἐν
1062 921 1141 993 τῷ
1169 924 1312 992 φωτὶ
1356 921 1740 977 συνακολουθεῖ
1765 920 1849 989 τὸ,

253 1013 547 1085 βαδίζοντα
573 1016 631 1069 ὲν
660 1018 726 1088 τῇ
760 1016 950 1089 σκοτίᾳ
975 1014 1138 1081 εἶναι,
1168 1016 1266 1071 καὶ
1291 1016 1513 1087 τυφλῶν
1544 1016 1643 1072 καὶ
1668 1032 1854 1068 πεπω-

254 1106 524 1177 ρωμινων
565 1106 684 1162 ὁδὸν
726 1107 928 1172 ἀθλίως
973 1108 1246 1177 ὲξανύειν.
1278 1110 1612 1182 Προείρηται
1648 1110 1848 1177 δὲκαὶ,

244 1200 333 1264 ὡς
390 1199 491 1271 τῆς
540 1200 881 1272 Δεσποτικῆς
937 1200 1036 1256 καλ⁵
1100 1202 1372 1274 σωτηρίου
1430 1201 1847 1275 διδασκαλίαςή

246 1291 521 1363 ἀστραπὴ
547 1293 786 1363 τυφλοὺς
842 1295 938 1347 καὶ
986 1294 1433 1366 πεπωρωμένους
1467 1293 1850 1365 ὲστηλίτευσεν

249 1384 389 1448 τοὺς
438 1384 751 1451 Ἰουδαίους,
776 1386 872 1440 καὶ
907 1385 1006 1456 τὴν
1032 1386 1425 1459 πρὶνὲνοῦσαν
1458 1389 1570 1450 τοῖς
1594 1386 1850 1458 ψυχικοῖς

248 1478 441 1532 αὐτῶν
465 1479 678 1550 ὄμμασι
704 1478 888 1551 λήμην
921 1478 1034 1551 (20)
1069 1481 1165 1533 καὶ
1200 1478 1467 1550 ἁὸλεψίαν
1504 1479 1848 1549 ἐμφανεστέ-

249 1593 362 1647 ραν
390 1573 449 1628 δὲ
489 1572 585 1628 καὶ
639 1572 946 1643 κατάδηλον
978 1572 1205 1645 ἐποίησε
1236 1572 1461 1643 μᾶλλον.
1499 1573 1713 1644 Ὠσπερ
1742 1573 1850 1643 γὰρ

247 1671 282 1722 δ
310 1666 573 1739 αἰσθητὸς
596 1660 750 1732 οὗτος
800 1666 897 1721 καὶ
946 1665 1283 1737 περικαλλὴς
1294 1664 1446 1737 ἥλιος
1472 1665 1735 1737 λαμπράς
1753 1664 1848 1719 τοῦ

248 1759 444 1814 δίσκου
465 1757 565 1822 τὰς
618 1758 847 1821 ἀκτῖνας
873 1757 1121 1828 ὲναφιεὶς
1152 1757 1367 1825 ἐλέγχει
1397 1758 1525 1821 τοὺς
1558 1756 1849 1822 νοσοῦντας

247 1850 328 1906 τὰ
352 1849 579 1922 ὄμματα
603 1864 617 1878 ⁸
653 1846 799 1901 οὓτω
827 1846 924 1901 καὶ
946 1848 975 1901 ό
1001 1845 1189 1919 νοητὸς
1211 1847 1383 1917 ἥλιος,
1413 1846 1474 1899 τὸ
1507 1844 1624 1916 φῶς
1642 1846 1704 1899 τὸ
1722 1845 1850 1900 ἀδυ-

247 1960 350 1997 τον
373 1943 470 1997 καὶ⁵
502 1941 822 2014 ἀνέσπερον,
853 1940 1110 2010 Χριστὸς,
1131 1942 1160 1995 ὁ
1190 1939 1324 2003 Θεὸς
1362 1938 1542 2010 ήμῶν,
1569 1938 1845 2011 ἐπιδημή-

252 2050 363 2097 σας
392 2032 472 2104 τῷ
496 2033 710 2105 κόσμῳ,
745 2033 842 2087 καὶ
868 2032 957 2087 διὰ
984 2033 1093 2087 τῶν
1128 2032 1449 2105 θεοπρεπῶν
1484 2049 1545 2085 τε
1580 2031 1674 2085 καὶ
1704 2031 1846 2105 ὑπὲρ

251 2125 419 2195 λόγον
450 2124 749 2196 θαυμάτων
772 2123 1122 2195 ὲναστράψας
1154 2124 1320 2179 αὐτοῦ
1349 2124 1445 2196 τῆς
1464 2123 1721 2197 θεότητος
1748 2123 1847 2195 τὴν

252 2220 475 2289 αἴγλην,
524 2218 618 2273 ἐπὶ
670 2216 833 2272 πλέον
855 2216 1137 2289 διήλεγξεν
1190 2217 1300 2271 τῶν
1333 2217 1669 2287 ἀγνωμόνων
1709 2218 1845 2271 Ἰου-

253 2311 427 2368 δαίων
450 2311 511 2366 τὺ
532 2310 915 2383 προκατασχδν
964 2310 1146 2365 αὐτῶν
1190 2310 1262 2364 τὰ
1290 2309 1391 2381 τῆς
1417 2310 1597 2381 ψυχῆς
1622 2308 1848 2381 ὄμματα

257 2404 455 2467 σκότος
499 2403 594 2458 καὶ⁵
635 2403 736 2477 τὴν
781 2402 1067 2474 ἀϐλεψίαν.
1102 2401 1245 2456 Ἀλλ’
1275 2400 1465 2474 ῶσπερ
1490 2403 1518 2455 ὁ
1551 2401 1848 2471 ὲγκόσμιος

214 2538 219 2541 -
251 2497 410 2569 ἥλιος
438 2496 541 2551 οὐκ
572 2494 721 2551 εστιν
748 2496 924 2560 αἴτιος
956 2495 1057 2566 τῆς
1094 2494 1449 2566 τυφλότητος,
1485 2493 1725 2565 ἐλέγχων
1748 2492 1847 2563 τὴν

252 2589 527 2659 esteem
578 2588 688 2644 τῶν
740 2587 1080 2667 ἐνεχομένων
1134 2591 1200 2661 τῇ
1244 2588 1425 2660 νόσφ’
1478 2586 1620 2642 οὕτω
1679 2586 1775 2642 καὶ
1818 2586 1849 2640 ό

254 2683 638 2755 ύπερκόσμιος
668 2682 766 2737 καὶ
796 2683 989 2753 νοητὸς
1010 2682 1183 2753 ἥλιος,
1213 2680 1275 2735 τὸ
1302 2679 1728 2752 ἀπαράλλακτον
1754 2680 1849 2733 καὶ

252 2778 514 2849 ἀληθινὸν
541 2776 882 2846 ἀπαύγασμα
905 2775 1001 2829 τοῦ
1033 2775 1271 2847 Πατρὸς,
1301 2774 1401 2847 τὴν
1434 2772 1849 2845 προκατασχοῦ-

258 2887 367 2924 σαν
388 2868 663 2940 τύφλωσιν
689 2868 799 2925 τῶν
824 2868 1145 2923 ἑαλωκότων
1175 2867 1255 2939 τῷ
1294 2866 1459 2922 πάθει
1493 2865 1848 2937 στηλιτεύων,

256 2960 527 3032 οὐμενοῦν
552 2960 654 3015 οῦκ
678 2959 745 3014 ἂν
773 2959 946 3024 αἴτιος
972 2958 1285 3030 νομισθείη,
1312 2958 1362 3011 εί
1389 2956 1486 3011 καὶ
1505 2955 1849 3026 τετυφλωκέ-

256 3071 353 3109 vat
373 3053 570 3123 λέγοιτ’
605 3054 693 3119 ἂν,
714 3052 851 3107 διότι
882 3050 1020 3123 μηδὲ
1054 3050 1185 3122 πρὶν
1214 3049 1587 3104 λανθάνουσαν
1616 3048 1716 3121 τὴν
1739 3048 1849 3120 πή-

260 3162 433 3218 ρωσιν
466 3143 648 3199 αὐτῶν
668 3143 732 3196 τὸ
773 3140 1163 3212 ὲσκοτισμένον
1202 3140 1312 3195 τῶν
1340 3140 1617 3211 λογισμῶν
1649 3139 1851 3211 μᾶλλον

1958 550 2150 607 bitalis
2181 562 2417 623 receptae.
2459 563 2769 623 poscentes.
2808 555 2864 610 ld
2906 556 3083 627 ipsum
3117 575 3250 615 vero
3293 570 3341 617 et
3378 580 3550 619 σει-αξη

1955 644 2072 697 cari
2101 652 2156 697 et
2184 644 2442 698 obdurari
2487 645 2745 716 appellari
2787 646 3026 703 videtur.
3076 647 3549 716 Quemadmodum

1953 752 2117 808 porro
2142 751 2289 801 eum,
2315 739 2410 804 qui
2435 738 2489 791 in
2525 737 2646 792 lucc
2677 738 2960 793 ambulare
2991 740 3127 806 vult,
3165 741 3217 796 id
3252 747 3549 812 consequi-

1954 837 2066 893 tur,
2100 838 2161 882 ut
2210 830 2347 884 sciat
2395 830 2585 895 etiam,
2616 846 2727 900 quo
2763 831 2963 898 vadat;
2998 831 3073 887 ita
3103 832 3171 899 is,
3203 835 3297 905 qui
3336 836 3390 889 iu
3427 836 3550 893 luce

1953 920 2239 975 ambulare
2271 937 2376 975 non
2411 922 2545 985 vult,
2576 922 2792 977 fructus
2818 923 2939 978 loco
2967 924 3020 979 id
3055 925 3239 994 habet,
3272 935 3331 982 ut
3354 928 3549 985 ambu-

1952 1010 2075 1067 lans
2104 1012 2157 1066 in
2188 1015 2425 1069 tenebris
2448 1026 2713 1080 versetur,
2742 1017 2997 1088 viamque
3044 1019 3217 1074 instar
3262 1036 3546 1078 caecorum

1952 1113 2007 1160 et
2052 1104 2449 1161 obduratorum
2482 1108 2796 1163 emetiatur.
2826 1108 2946 1164 Jam
2980 1119 3107 1165 ante
3137 1127 3266 1166 vero
3298 1112 3549 1170 admoni-

1952 1208 2068 1255 tum
2119 1210 2225 1267 est,
2257 1202 2605 1272 Splendorem
2652 1205 2906 1260 salutatis
2935 1206 3223 1273 doctrinae,
3250 1222 3281 1261 a
3314 1205 3549 1263 Domino

1951 1291 2188 1359 traditae,
2208 1291 2429 1348 Judaeos
2455 1304 2513 1348 ut
2543 1309 2721 1350 caecos
2751 1296 3120 1351 etobduratos
3154 1305 3397 1361 notasse,
3415 1288 3567 1352 cali-'

1960 1385 2257 1456 ginemque
2311 1394 2365 1440 et
2426 1387 2760 1453 caecitatem,
2811 1404 2935 1458 qua:
2991 1389 3183 1444 oculos
3233 1388 3546 1445 animorum

1951 1486 2343 1547 occupaverat,
2376 1478 2810 1534 manifestiorem
2834 1479 3050 1536 fecisse.
3071 1480 3545 1548 Quemadmodum

1948 1569 2095 1624 enim
2131 1569 2235 1634 sol,
2269 1570 2364 1640 qui
2412 1571 2772 1640 conspicitur,
2819 1572 3223 1637 lucidissimus,
3280 1571 3546 1628 immissis

1950 1656 2101 1711 orbis
2122 1657 2209 1711 sui
2247 1655 2439 1723 radiis,
2466 1672 2583 1721 eos,
2609 1659 2703 1729 qui
2727 1674 2794 1714 ex
2823 1659 3000 1715 oculis
3019 1659 3292 1723 laborant,
3321 1660 3548 1731 aegritu-

1952 1750 2102 1806 dinis
2132 1767 2248 1806 sua:
2272 1752 2582 1818 convincit;
2638 1754 2711 1809 ita
2760 1764 2815 1809 et
2859 1755 2965 1820 sol,
3012 1754 3294 1809 intellectu
3332 1754 3547 1825 perspi-

1950 1844 2203 1910 ciendus,
2230 1844 2318 1899 lux
2343 1845 2432 1898 illa
2456 1860 2736 1917 nunquam
2759 1846 3015 1902 occidens
3032 1862 3133 1902 nec
3156 1860 3546 1916 vesperascens

1948 1935 2246 2003 Christus,
2306 1935 2450 1993 Deus
2506 1948 2736 2006 noster,
2794 1955 2919 1996 cum
2977 1939 3032 1994 in
3091 1939 3301 1995 mundo
3357 1954 3545 1995 versa-

1946 2030 2155 2098 batur,
2225 2032 2571 2103 deitatisque-
2633 2050 2748 2089 suae.
2817 2034 3057 2102 radios,
3126 2034 3289 2091 editis
3342 2033 3547 2089 divinis

1946 2130 1999 2178 et
2056 2123 2325 2179 rationem
2405 2127 2796 2196 superantibus
2869 2126 3153 2182 miraculis
3224 2126 3539 2199 spargebat,

1948 2215 2204 2273 tenebras
2269 2224 2324 2271 et
2383 2219 2681 2273 caecitatem
2746 2218 3126 2291 improborum
3180 2216 3539 2282 Judzeorum,

1948 2320 2071 2377 qua:
2098 2306 2267 2362 animi
2298 2309 2491 2366 oculos
2515 2319 2641 2365 ante
2662 2318 3089 2380 occupaverant,
3120 2310 3296 2381 magis
3318 2309 3542 2380 conspi—

1949 2396 2172 2454 ciendas
2206 2398 2458 2470 praebuit.
2492 2398 2648 2456 Sicut
2684 2416 2811 2456 vero
2850 2397 2956 2465 s'ol,
3001 2401 3056 2456 in
3086 2400 3294 2456 mundo
3322 2400 3545 2472 conspi-

1950 2502 2108 2555 cuus,
2141 2505 2248 2543 non
2284 2498 2368 2545 est
2414 2500 2607 2545 auctor
2658 2489 2941 2555 caecitatis,
2983 2490 3207 2560 quando
3238 2489 3539 2545 caecitatem

1951 2579 2325 2646 hominum,ex
2353 2582 2529 2636 oculis
2562 2580 3297 2647 laborantium,demonstrat
3319 2581 3423 2646 ;ita
3448 2595 3546 2636 nec

1952 2669 2045 2726 Sol
2089 2672 2595 2742 supramundanus,
2646 2682 2700 2728 et
2736 2673 3017 2728 intellectu
3066 2681 3278 2728 tantum
3331 2673 3546 2744 perspi-

1949 2762 2200 2829 ciendus,
2228 2764 2488 2834 splendor
2514 2762 2695 2820 Patris
2740 2763 3100 2820 immutabilis
3139 2774 3195 2820 et
3226 2780 3411 2830 verus,
3440 2780 3549 2820 cae-

1950 2852 2195 2917 citatem,
2221 2870 2343 2924 quae
2377 2854 2631 2910 homines
2660 2855 2735 2910 illi
2769 2856 3045 2913 obnoxios
3075 2864 3460 2928 occupaverat,
3489 2857 3544 2912 in

1950 2947 2197 3017 apricum
2253 2947 2559 3018 proferens,
2606 2948 2851 3018 ejusdem
2904 2959 3103 3005 auctor
3166 2964 3291 3005 cum
3323 2950 3547 3005 ratione

1951 3055 2235 3112 nunquam
2260 3040 2565 3096 existimari
2590 3042 2811 3109 poterit,
2841 3041 3055 3098 etiamsi
3091 3055 3266 3096 caecos
3297 3056 3396 3096 eos
3423 3041 3548 3095 red-

1951 3130 2158 3186 didisse
2182 3131 2431 3198 dicatur;
2467 3133 2726 3203 quoniam
2751 3140 2927 3187 aucta:
2964 3132 3275 3188 intellectus
3308 3131 3546 3187 tenebras

258 3236 685 3309 ἐθριάμϐευσεν.
732 3235 799 3289 Εί
853 3233 962 3307 γὰρ
997 3234 1073 3305 μὴ
1108 3232 1346 3305 τοσαύτη
1377 3232 1471 3288 τοῦ
1504 3232 1650 3307 θείου
1673 3231 1851 3302 φωτὸς

1955 3224 2252 3281 caecitatem
2282 3240 2497 3293 eorum,
2527 3242 2654 3297 quae
2679 3241 2780 3282 nec
2800 3236 2961 3282 antea
2991 3227 3174 3297 ignota
3205 3236 3343 3291 erat,
3372 3226 3546 3297 magis

256 3330 636 3400 ὲνήστραπτεν
683 3328 717 3398 ή
752 3324 1097 3397 λαμπρότης,
1134 3323 1275 3378 ὥστε
1315 3322 1410 3378 καὶ
1441 3322 1549 3378 τῶν
1578 3324 1636 3377 ἐν
1671 3324 1850 3377 σκότει

1953 3319 2306 3389 spectandam
2358 3320 2734 3400 praebuerunt.
2786 3317 2907 3374 Nisi
2967 3319 3111 3373 enim
3162 3318 3546 3374 tam'illustris

258 3420 359 3475 καῖ
380 3420 506 3491 σκιᾷ
542 3418 870 3489 καθημένων
902 3417 1073 3471 ἐθνῶν
1121 3416 1568 3488 καταυγασθῆναι
1596 3415 1697 3480 τὰς
1737 3415 1852 3469 δια-

258 3512 435 3576 νοίας,
471 3513 565 3565 καὶ
596 3511 733 3583 πρὸς
777 3510 878 3581 τὴν
931 3508 1267 3578 θεογνωσίαν
1301 3507 1625 3578 ἀναὸλέψαι,
1654 3508 1754 3562 ούκ
1785 3507 1852 3562 ἂν

256 3606 354 3661 ἐπὶ
368 3604 623 3658 τοσοῦτον
654 3602 855 3673 τυφλὸν
916 3601 978 3655 τὸ
1008 3589 1014 3595 ’
1041 3601 1315 3656 Ἰουδαίων
1370 3600 1649 3655 ἐδείκνυτο
1683 3600 1848 3669 γένος.

270 3694 413 3750 ⁹Δλλ’
438 3697 472 3767 ή
510 3694 601 3749 διά
651 3692 761 3747 τῶν
817 3692 995 3765 ἔργων
1023 3691 1298 3765 προϊοῦσα
1331 3692 1431 3761 τῆς
1452 3691 1645 3763 αἴγλης
1677 3691 1850 3764 ὑπερ-

256 3788 415 3860 ϐολὴ,
446 3789 541 3843 καὶ
568 3787 663 3857 τῆς
690 3786 1033 3856 φωτιστικῆς
1089 3784 1376 3855 δυνάμεως
1414 3786 1447 3855 ἡ
1483 3783 1736 3855 ἐνέργεια
1757 3783 1852 3837 καὶ

255 3882 372 3937 τῶν
400 3882 571 3937 ἐθνῶν
601 3883 634 3953 ή
658 3878 977 3950 ἀνάϐλεψις,
1010 3877 1233 3948 ἐλεγχος
1282 3876 1460 3947 σαφὴς
1483 3875 1720 3948 κατέστη
1741 3874 1851 3928 τῶν

260 3977 343 4049 μὴ
387 3974 850 4047 προσδραμόντων
900 3974 980 4043 τῷ
1032 3972 1174 4042 φωτὶ
1229 3971 1329 4042 τῆς
1389 3969 1649 4041 ἀληθείας
1679 4011 1695 4035 ,
1756 3968 1852 4023 καὶ

256 4069 753 4138 κυταυγασθέντων
779 4068 880 4140 τὴν
907 4066 1212 4131 εύσέὁειαν,
1234 4065 1425 4137 ὅτιπερ
1448 4062 1692 4117 ἑκούσιον
1722 4062 1852 4117 ἑαυ-

256 4163 377 4226 τοῖς
426 4160 841 4216 κατεσκεύασαν
901 4159 1001 4232 τὴν
1040 4158 1335 4229 τύφλωσιν,
1364 4158 1460 4212 καὶ
1496 4157 1595 4221 τῆς
1641 4172 1852 4226 παγκο-

259 4255 427 4324 σμίου
457 4254 733 4328 σωτηρίας
762 4252 989 4318 ἑαυτοὺς
1017 4251 1079 4319 ἐξ
1109 4250 1555 4327 ὑπερϐαλλούσης
1588 4248 1852 4312 ἀπονοίας

255 4347 649 4421 ἀπεστέρησαν

804 4719 1147 4779 ΕΡΩΤΗΣΙΣ
1175 4720 1295 4776 OZ'.

261 4907 408 4977 Περὶ
436 4904 654 4975 γένους
684 4904 779 4958 καί
803 4904 1007 4977 alaeve
1031 4904 1291 4977 _d:toplat
1327 4902 1623 4977 διάφοροι,
1648 4901 1720 4957 ἐν
1749 4894 1849 4969 αἶς

539 4977 712 5031 ἕσιιν
747 4975 950 5046 εὑρεῖν
982 4975 1090 5044 τὰς
1112 4976 1327 5042 λύσεις
1352 4973 1571 5032 αὐτῶν.

1826 4770 1835 4781 ο
1872 4728 1930 4791 D

1951 3411 2157 3467 divinae
2190 3412 2330 3467 lucis
2361 3412 2623 3482 splendor
2657 3398 2938 3478 eiuxisset,
2976 3420 3037 3466 ut
3058 3412 3299 3480 gentium
3328 3426 3547 3482 quoque

1952 3505 2008 3560 in
2047 3505 2290 3560 tenebris
2322 3514 2375 3559 et
2407 3505 2600 3559 umbra
2640 3504 2973 3567 sedentium,
2997 3512 3209 3558 mentes
3260 3503 3549 3558 illumina-

1951 3605 2168 3661 rentur,
2197 3605 2250 3651 et
2283 3596 2347 3650 ad
2381 3596 2553 3650 divini
2584 3595 2841 3651 Numinis
2886 3595 3256 3665 cognitionem
3331 3595 3545 3666 aspira-

1951 3699 2095 3753 rent,
2133 3689 2313 3760 gentis
2357 3688 2598 3744 Judaicze
2632 3689 2848 3745 caecitas
2889 3679 3172 3760 nunquam
3214 3688 3350 3745 adeo
3402 3688 3544 3745 facta

1951 3776 2150 3833 fuisset
2203 3776 2518 3833 manifesta.
2566 3775 2687 3832 Jam
2737 3793 2871 3833 vero
2900 3776 3211 3849 splendoris
3248 3777 3396 3833 illius
3428 3794 3542 3832 ma-

1953 3870 2208 3942 gnitudo,
2244 3887 2308 3925 ex
2342 3870 2625 3926 miraculis
2657 3870 2977 3941 conspicua,
3021 3876 3075 3926 ot
3104 3869 3382 3925 facultatis
3417 3864 3545 3924 illu-

1952 3962 2262 4018 minatricis
2282 3962 2544 4025 ellicacia.
2576 3973 2629 4018 et
2652 3963 2895 4032 gentium
2928 3962 2994 4017 ad
3018 3964 3195 4017 lucem
3228 3963 3539 4027 conversio,

1954 4064 2334 4126 argumentum
2374 4071 2483 4111 non
2526 4056 2876 4111 inﬁciandnm
2902 4055 3238 4127 praebebant,
3272 4072 3389 4122 eos,
3444 4056 3539 4126 qui

1953 4147 2020 4201 ad
2053 4146 2230 4202 lucem
2266 4148 2509 4203 veritatis
2539 4162 2599 4203 se
2629 4164 2737 4203 non
2770 4147 3104 4211 conferrent,
3137 4162 3237 4204 nec
3271 4146 3336 4201 ad
3360 4146 3539 4217 pieta-

1953 4249 2064 4295 tem
2088 4240 2465 4306 erndirentur,
2503 4255 2617 4296 sua:
2642 4241 2748 4296 sibi
2779 4240 3042 4296 caecitatis
3079 4250 3335 4295 auctores
3370 4238 3542 4295 exsti-

1955 4332 2114 4398 tisse,
2153 4347 2326 4403 seque
2354 4333 2503 4405 ipsos
2546 4334 2745 4400 salute,
2782 4333 3040 4389 omnibus
3080 4332 3395 4387 hominibus
3439 4331 3540 4386 de-

1953 4425 2182 4492 stinata,
2208 4441 2306 4497 per
2344 4426 2719 4483 incredibilem
2759 4427 3037 4499 quandam
3072 4426 3383 4482 vecordiam
3427 4425 3541 4497 pri-

1952 4532 2135 4576 V3888.

2146 4714 2476 4785 QUIESTIO
2516 4714 2751 4772 LXXVII
2785 4715 2975 4791 [σοίει.
3009 4716 3175 4774 Taur.
3211 4718 3303 4790 ϐξ.

1957 4900 2035 4957 De
2053 4919 2241 4974 genere
2271 4912 2323 4959 et
2352 4904 2522 4974 specie
2548 4901 2715 4957 dubia
2751 4902 2981 4968 diversa,
3017 4903 3071 4957 in
3106 4902 3295 4973 quibus
3327 4919 3541 4959 eorum-

2346 4976 2463 5029 dem
2491 4974 2685 5028 solutio
2710 4975 2931 5029 inveniri
2959 4985 3146 5045 potest.

1344 5114 1488 5166 Nunc
1508 5115 1720 5178 primum
1746 5113 1881 5165 edita
1904 5127 1933 5163 a
1959 5113 2021 5167 D.
2044 5114 2459 5180 Hergenrcether.

342 5232 394 5285 1.
436 5228 734 5302 Ἐζήτηται
763 5228 861 5299 μὲν
887 5227 1020 5299 ἡμῖν
1047 5225 1309 5291 πολλάκις
1331 5228 1366 5298 ή
1392 5225 1522 5298 περὶ
1550 5226 1660 5279 τῶν
1671 5224 1847 5295 γενῶν

254 5343 343 5380 τε.
387 5323 485 5380 καὶ⁸
544 5322 703 5379 εἰδῶν
754 5320 1033 5388 ὑπόθεσις,
1087 5321 1185 5376 καὶ
1235 5319 1510 5393 διάκρισις
1543 5320 1651 5375 τῶν
1684 5320 1850 5375 πάλαι

2028 5228 2082 5283 1.
2124 5227 2281 5298 Saepe
2310 5243 2415 5284 nos
2444 5227 2775 5298 agitavimus
2800 5228 3133 5299 qrraastiones
3157 5226 3225 5283 de
3249 5225 3540 5298 generibus

1957 5328 2010 5375 et
2042 5319 2357 5389 speciebus,
2403 5329 2458 5377 et
2486 5321 2743 5392 antiquas
2771 5319 3177 5377 controversias
3208 5319 3537 5385 clarissime,

1790 5500 2027 5560 ΝΟΤιΕ.

336 5692 456 5768 (l9)
483 5695 721 5752 Ἐπεται
742 5722 811 5738 -—-
838 5694 897 5750 ἐν
928 5692 1007 5767 τῷ
1029 5688 1191 5763 φωτί,
1217 5700 1432 5751 suntex
1466 5692 1622 5752 Colb.

2031 5686 2145 5761 (20)
2176 5685 2334 5745 Colb.
2357 5700 2505 5746 recte
2535 5702 2634 5762 pro
2662 5685 2865 5760 λύμηνο
