3792 6300
152 348 245 414 (Si

1070 354 1170 413 AD
1192 344 1780 413 AMPHILOCHIUM
1815 344 2163 418 QU/ESTIO
2200 349 2489 411 LXXVII.

3300 354 3405 415 481

154 455 367 534 ὁσιότης
377 461 719 543 κεφαλαιώδη
745 464 916 519 τύπον
932 462 1209 537 ἔγγραφον
1231 465 1572 537 ἐξενεχθῆναι
1588 462 1713 534 περὶ

1862 462 2087 517 anctitas
2115 461 2183 516 de
2208 460 2276 517 iis
2303 461 2440 533 ipsis
2475 470 2534 517 ut
2574 461 2995 531 comrendiosus
3020 465 3405 521 conscribatur

155 551 329 606 αὐτῶν
351 554 431 615 είς
474 553 693 623 αἴτησιν
721 554 992 626 ,διενοήθη
1051 557 1427 627 προενεγκεῖν,
1456 555 1543 609 διά
1583 553 1720 625 Bp:-

155 644 287 715 χέων
308 644 457 698 οὐδὲν
484 645 689 699 κωλύει
717 664 785 699 πε
795 646 848 717 pl
872 646 981 699 τῶν
1004 646 1186 700 αὐτῶν
1211 647 1507 701 διαλαϐεῖν.

224 744 287 804 γ’.
317 736 438 790 Τῶν
473 737 577 808 μὲν
607 734 702 791 οὖν
739 739 1052 809 ἀσωμάτων
1110 739 1160 792 οί
1219 739 1389 808 λόγοι,
1419 740 1533 793 ὅσοι
1567 755 1633 807 γε
1659 736 1722 790 τδ

157 827 508 898 ὑποκείμενον
536 828 880 900 ἀφορίζουσι,
912 829 1075 900 δῆλον
1112 831 1211 885 -δτι
1245 831 1528 901 ἀσώματοι
1548 847 1561 859 ·
1584 829 1721 883 διότι

161 920 248 971 καὶ
273 917 340 970 τά
365 919 421 970 εν
452 919 640 984 αὐτοῖς
667 920 1035 992 περιεχόμενα
1057 922 1190 994 γένη
1213 923 1306 976 καὶ
1338 923 1476 994 εἴδη,
1504 923 1599 976 καὶ
1628 921 1721 974 ού·-

159 1008 343 1077 δεμίαν
369 1009 548 1062 οὐδενὶ
588 1012 859 1082 παράσχοι
895 1011 964 1066 ἂν
1017 1013 1255 1084 ἀπορίαν
1299 1016 1332 1084 ἡ
1369 1014 1499 1086 περὶ
1540 1011 1720 1067 αὐτῶν

158 1098 369 1170 θεωρία.
392 1101 453 1154 οι
471 1100 529 1153 δὲ
556 1101 667 1155 τῶν
702 1103 974 1173 σωμάτων
1002 1104 1121 1169 πῶς
1153 1105 1220 1159 ἂν
1248 1106 1439 1176 εἴησαν
1468 1106 1718 1177 σώματα,

156 1193 203 1244 εἰ
228 1195 317 1245 καὶ
342 1192 403 1246 τὸ
429 1194 722 1267 πρόχειρον
734 1196 835 1267 τῆς
861 1198 1156 1268 ἀναλογίας
1175 1200 1334 1254 τοῦτο
1354 1201 1716 1270 φαντάζεται;

157 1286 315 1354 Λόγος
332 1287 437 1358 γὰρ
467 1288 566 1341 καὶ
605 1290 766 1360 σῶμα
822 1290 921 1363 τὴν
978 1292 1113 1365 πρὸς
1182 1293 1390 1365 ἄλληλα
1431 1294 1718 1349 κοινωνίαν

1830 559 2094 608 tractatus
2113 553 2448 608 desideravit
2476 568 2541 608 ac
2565 554 2722 624 petiit
2753 570 2767 607 :
2804 554 2938 609 nihil
2980 564 3127 611 vetat
3171 552 3407 611 breviter

1826 632 1895 697 de
1921 642 2113 699 iis’dem
2138 643 2434 701 disserere.
3366 666 3369 669 ·

1898 734 1953 791 5.
1991 732 2442 806 lncorporeorum
2472 735 2638 806 igitur
2660 736 2923 803 rationes,
2943 751 3066 807 qua:
3097 736 3405 807 subjectum

1825 825 2189 897 distinguunt,
2220 826 2508 884 manifeste
2531 837 2663 883 sunt
2682 828 3037 898 incorporeas,
3073 828 3199 899 quia
3232 837 3288 884 et
3317 844 3408 899 ge-

1826 932 1957 973 nera
1992 933 2058 974 ac
2104 921 2337 989 species,
2375 934 2500 990 quat
2542 920 2596 975 in
2644 920 2776 991 ipsis
2818 921 3203 982 continentur;
3243 930 3407 991 atque

1828 1007 2034 1064 nemini
2058 1010 2427 1066 consideratio
2451 1021 2507 1065 et
2533 1010 2857 1082 disceptatio
2883 1011 2953 1066 de
2984 1010 3091 1066 illis
3119 1010 3407 1066 diﬁiculta-

1826 1108 1934 1155 tem
1960 1101 2125 1155 ullam
2153 1103 2369 1157 videtur
2393 1104 2675 1159 exhibere.
2712 1102 2973 1159 Rationes
3001 1114 3183 1158 autem
3211 1120 3406 1173 corpo—

1822 1207 1969 1257 rum,
1999 1194 2279 1266 quomodo
2309 1209 2541 1265 corpora
2589 1195 2816 1261 fuerint,
2854 1195 3072 1251 etiamsi
3123 1197 3404 1267 proportio

1827 1282 1878 1337 iil
1913 1282 2083 1352 prima
2115 1284 2297 1341 fronte
2330 1285 2585 1340 videatur
2639 1286 2901 1357 exigere?
2952 1286 3113 1341 Ratio
3158 1288 3303 1341 enim
3350 1298 3407 1342 et

156 1378 543 1449 ἀπηρνησαντο.
569 1380 632 1434 El
654 1380 712 1435 δὲ
739 1381 925 1455 ἕτερος
944 1384 972 1437 ό
1003 1383 1160 1453 λόγος
1196 1385 1411 1455 πέφυκε
1443 1384 1713 1457 σώματος,

1862 1391 2027 1445 crpus
2048 1376 2253 1431 nullam
2276 1377 2583 1434 adinvicem
2607 1379 3051 1435 communionem
3076 1384 3402 1447 agnoscunt.

157 1468 266 1532 πῶς
290 1470 406 1540 οὐχὶ
431 1470 501 1524 τά
523 1472 951 1544 συμπληροῦντα
976 1473 1069 1528 τὸν
1084 1475 1241 1545 λόγον
1272 1475 1406 1548 γένη
1470 1478 1567 1531 καὶ
1598 1477 1713 1549 εἴδη

1862 1465 1883 1521 ii
1917 1481 2045 1523 vero
2072 1466 2215 1522 ratio
2242 1484 2275 1523 a
2306 1482 2538 1539 corpore
2572 1469 2788 1526 diversa
2831 1479 2939 1535 est,
2983 1471 3263 1540 quomodo
3292 1487 3400 1527 non

153 1560 245 1630 τὴν
262 1560 428 1633 αὐτὴν
457 1562 561 1615 οὐκ
600 1563 925 1633 ἐπιζητήσει
941 1565 1269 1637 ἑτερότητα;
1300 1567 1418 1631 πῶς
1438 1567 1497 1622 δὲ
1528 1568 1596 1623 ἂν
1613 1584 1713 1623 σω-

1862 1573 1885 1611 a
1920 1573 2043 1628 qua:
2077 1560 2349 1629 complent
2378 1560 2645 1617 rationem
2674 1576 2875 1632 genera
2909 1577 2976 1618 ac
3013 1563 3225 1634 species
3249 1578 3403 1619 eam-

158 1651 329 1720 μάτων
350 1654 752 1726 κατηγορηθείη
779 1656 840 1709 τὸ
865 1658 1189 1729 ἀσώματον;
1212 1660 1283 1712 Ἦ
1314 1658 1581 1730 ἀσώματα
1615 1659 1713 1731 μὲν

1862 1665 1950 1705 em
1977 1650 2202 1722 exigant
2235 1652 2646 1708 diversitatem?
2690 1654 2979 1718 Quomodo
3008 1668 3139 1709 vero
3170 1654 3237 1709 de
3277 1670 3404 1710 cor-

150 1745 246 1797 οὖιι
292 1744 357 1799 ἀν
400 1744 486 1815 εἴη
531 1746 605 1799 τά
658 1746 794 1818 γένη
819 1747 1027 1802 τούτων
1055 1749 1179 1803 οὐδὲ
1215 1749 1285 1803 τά
1308 1751 1448 1823 εῖδη,
1488 1752 1549 1805 οὐ
1607 1754 1713 1824 μὴν

1862 1741 2051 1798 oribus
2107 1743 2487 1813 incorporeum
2542 1745 2907 1815 praedicetur?
2960 1745 3044 1800 An
3099 1760 3230 1801 vero
3292 1762 3400 1801 non

152 1836 263 1890 ἀλλ’
298 1835 414 1891 ούδᾶ
445 1854 510 1907 γε
542 1842 813 1910 σωμάτων
828 1834 963 1913 ἧκεν
982 1844 1062 1905 είς
1079 1842 1264 1912 ὄγκον,
1286 1844 1410 1897 οὐδὲ
1434 1846 1534 1916 τὴν
1558 1844 1713 1916 ὓλην,

1862 1841 1981 1886 runt
2010 1832 2334 1902 incorporea
2360 1848 2550 1889 eorum
2580 1848 2781 1905 genera
2814 1849 2989 1904 neque
3025 1834 3260 1905 species,
3290 1834 3402 1889 imo

156 1930 210 1981 εν
238 1924 349 2003 ﬁco
372 1930 646 2003 πλήρωμα
685 1934 983 2005 συνέστηκε
1016 1934 1127 1988 τῶν
1170 1936 1532 2001 διαστάσεων,
1583 1937 1717 1991 ὑπο·

157 2022 393 2079 ϐάλλεται
412 2039 429 2054 ⁸
471 2024 766 2096 σωματικά
809 2026 867 2080 δὲ
892 2026 1115 2091 πάντως
1149 2026 1243 2082 καὶ
1276 2030 1405 2100 περὶ
1436 2028 1597 2099 σῶμα
1622 2028 1715 2082 λε-

158 2117 375 2185 γόμενας
398 2116 558 2188 σῶμα
589 2118 698 2189 γάρ
738 2118 1103 2191 ἑρμηνεύουσι
1143 2121 1238 2174 καὶ
1275 2120 1713 2191 ἀπαγγέλλουσιν

162 2207 502 2279 ὑποκείμενον
519 2224 534 2238 ·
552 2209 583 2262 δ
607 2211 716 2280 γάρ
748 2211 1031 2281 ἄνθρωπος
1053 2213 1218 2281 τυχὸν
1242 2213 1555 2283 σωματικὸν
1586 2212 1709 2280 μὲν,

156 2299 229 2351 ὅτι
250 2299 335 2353 τὸν
362 2300 713 2373 Σωκράτηνῆ
738 2302 829 2357 τὸν
852 2301 1114 2357 Πλάτωνα
1135 2303 1293 2374 σῶμα
1309 2304 1436 2357 ὄντα
1457 2303 1716 2373 ὀνομάζει

161 2391 242 2443 καὶ
268 2391 360 2461 τὴν
385 2392 566 2446 αὐτῶν
593 2393 781 2448 οὐσίαν
808 2394 1170 2449 ἀναπτύσσων
1192 2396 1303 2449 τῶν
1336 2395 1618 2467 ὁμογενῶν
1644 2398 1712 2467 τῇ

162 2481 331 2552 κλήσει
351 2484 681 2539 διαστέλλεν
703 2484 843 2539 ἀλλά
862 2484 999 2549 πῶς,
1028 2488 1078 2539 ει
1095 2485 1423 2557 όάνθρωπος
1447 2487 1508 2540 οὐ
1532 2486 1712 2557 σῶμα,

164 2576 255 2628 ὁδὶ
282 2577 569 2649 Σωκράτης
590 2577 900 2650 ἄνθρωπος,
919 2578 1043 2649 οὐχὶ
1074 2579 1103 2632 ό
1150 2579 1447 2650 Σωκράτης
1477 2579 1539 2632 οὐ
1571 2595 1716 2649 συμο

167 2670 538 2740 περανθήσεται
604 2670 680 2742 μὴ
734 2670 927 2743 σῶμας
961 2670 1135 2725 Τοῦτο
1163 2672 1273 2744 γάρ
1304 2671 1396 2725 καὶ
1423 2672 1475 2725 εῐ
1498 2689 1552 2725 τι
1586 2670 1717 2725 ἄλλο

168 2760 517 2830 παραπλήσιον
536 2760 686 2815 δοκεί
699 2761 808 2815 τῶν
825 2763 1008 2835 άπορη
1016 2763 1201 2833 μάτων
1241 2758 1381 2819 εἶναι
1405 2763 1467 2817 τὸ
1520 2764 1714 2834 κράτι-

164 2865 292 2904 στον.
319 2852 453 2904 Ἀλλ’
472 2852 628 2907 οὐδὲν
648 2851 885 2923 χαλεπὸν
908 2854 1288 2910 ἐπιλύσασθαι·
1309 2855 1368 2908 ὲν
1387 2855 1590 2925 πρώτῳ
1608 2854 1717 2924 γάρ

166 2944 380 3013 σχήματι
405 2945 519 3009 τοῖς
549 2946 782 3017 συνορᾷν
821 2945 1100 3001 ἐθέλουσιν
1134 2946 1169 3017 ἡ
1212 2945 1416 3014 μείζων
1450 2946 1716 3017 πρότασις

154 3034 344 3106 ημερικὴ
368 3034 859 3106 παραλαμδάνεται
874 3054 889 3069 ο
913 3037 1057 3092 οὕτω
1102 3038 1213 3107 γὰρ
1235 3038 1331 3091 καὶ
1358 3036 1712 3108 προαγομένη

163 3124 247 3193 τῆς
266 3125 512 3198 ἀληθείας
552 3127 654 3181 οὐκ
680 3127 955 3194 ἐξίσταται
979 3144 996 3162 ο
1036 3130 1086 3185 εί
1130 3128 1189 3185 δέ
1220 3146 1305 3195 τις
1346 3129 1519 3200 αὐτὴν
1547 3130 1627 3193 εἰς
1652 3128 1713 3184 τὸ

165 3217 367 3273 καθόλου
389 3219 706 3291 μεταλάϐοι,
746 3222 1143 3295 συμμετήγαγε
1176 3223 1273 3277 καὶ
1311 3222 1414 3293 τῆς
1452 3222 1713 3293 ἀληθείας

165 3309 242 3361 ἰπὶ
285 3310 345 3364 τὸ
391 3310 612 3381 ιμῦδος.
660 3312 869 3376 Ψευδος
909 3315 1021 3389 γὰρ
1078 3316 1341 3386 ἀντικρὺς
1384 3316 1447 3371 τὸ
1486 3315 1668 3386 λέγειν
1693 3330 1707 3344 ⁸

166 3400 331 3464 Οὐδεὶς
351 3401 636 3473 ἄνθρωπος
660 3403 842 3474 σῶμα,
865 3404 1237 3476 ἀληθευούσης
1263 3405 1406 3460 κατὰ
1438 3405 1532 3460 τὸν
1558 3408 1714 3476 εἰρη-

170 3491 305 3559 μένον
331 3493 639 3565 ἔμπροσθεν
667 3494 851 3566 λόγον,
874 3496 951 3559 ὡς
979 3498 1009 3550 ό
1037 3495 1325 3567 ἄνθρωπος
1352 3496 1515 3568 σῶμα
1540 3513 1554 3528 ο
1586 3498 1636 3551 εἰ
1655 3496 1713 3550 δέ

168 3600 236 3645 τις
263 3584 354 3656 τὴν
396 3575 497 3655 μὲν
521 3586 731 3657 πλοκὴν
777 3586 873 3641 τοῦ
898 3586 1060 3656 λόγου
1085 3586 1296 3659 χαίρειν
1324 3588 1391 3658 ἑᾷ
1408 3589 1510 3641 καὶ
1537 3587 1598 3642 τὸ
1621 3587 1711 3641 δο⁶

170 3675 279 3730 κοῦν
325 3677 792 3751 συμπεραίνεσθαι
835 3678 1317 3750 πολυπραγμονεῖν
1363 3678 1462 3749 οὐχ
1494 3680 1712 3749 ἡγεῖται

171 3767 325 3835 σοφὸν,
355 3769 581 3825 αὐτόθεν
602 3769 660 3825 δε
687 3770 836 3836 λέγοι
864 3771 1124 3841 φορτικὸν
1154 3765 1398 3825 εἷναιτδν
1429 3769 1715 3843 ἄνθρωπον

173 3861 286 3931 μήτε
305 3862 478 3931 λέγειν
500 3864 640 3935 μήτε
665 3864 909 3934 νομίζειν
929 3859 1070 3919 εῖναι
1105 3862 1285 3935 σῶμα,
1334 3863 1430 3918 καὶ
1457 3864 1587 3919 ἀνευ
1616 3862 1712 3917 τοῦ

171 3949 384 4017 δόξαντος
432 3953 509 4026 μὴ
565 3953 1030 4027 συμπεραίνεσθαι
1079 3952 1157 4018 ώς
1211 3954 1241 4008 ό
1282 3954 1581 4024 Σωκράτης
1611 3954 1713 4007 οὐκ

174 4042 244 4112 εἴη
266 4042 409 4114 σῶμα
428 4045 542 4117 (Si)
570 4062 584 4075 ’
615 4045 733 4109 πῶς
764 4046 873 4117 γὰρ
902 4045 968 4100 ἂν
1001 4046 1036 4116 η
1068 4045 1170 4115 τῆς
1208 4044 1399 4110 οὐσίας
1441 4045 1711 4116 διαίρεσις

175 4134 239 4197 εἰς
257 4135 399 4206 σῶμα
427 4138 523 4190 καὶ
549 4136 841 4207 ἀσώματον
868 4137 936 4191 τά
979 4136 1172 4208 πρῶτα
1211 4136 1319 4189 τῶν
1354 4136 1445 4189 ὑπ’
1466 4135 1711 4207 ἀλλήλων

174 4223 552 4300 δισστελλομὲνη
606 4228 954 4300 προαχθείην
983 4216 1142 4282 τοῦτο
1198 4229 1297 4299 μὲν
1339 4227 1568 4297 ὕστερον
1594 4228 1713 4280 ὲπι-

178 4315 479 4388 θεωρείσθωο
513 4320 543 4373 ό
575 4320 632 4373 δὲ
661 4320 819 4389 λόγος
848 4320 945 4389 τῆς
968 4317 1286 4383 ἀκολουθίας
1310 4318 1419 4371 τῶν
1453 4334 1712 4389 προειρηο

181 4407 324 4474 μένων
352 4410 423 4481 μὴ
454 4410 797 4481 ἀφιστάσθω.
834 4410 943 4464 Καὶ
964 4409 1073 4482 γὰρ
1098 4409 1159 4463 ού
1188 4410 1329 4463 κατά
1363 4411 1424 4462 τὸ
1462 4410 1711 4478 ἀποφαν-

1818 1938 1920 1979 nec
1949 1924 2002 1977 in
2039 1938 2330 1995 corporum
2375 1925 2691 1995 redigentur
2740 1926 2961 1992 molem,
3000 1942 3177 1997 neque
3228 1936 3401 1982 mate-

1817 2013 2062 2077 riam,in
2094 2029 2204 2085 qua
2251 2015 2655 2071 dimensionum
2693 2016 2975 2086 plenitudo
3023 2018 3399 2081 constituitur,

1817 2105 2155 2162 substratam
2185 2106 2409 2173 habent,
2458 2106 2553 2163 sed
2603 2122 2836 2177 corpora
2878 2110 3104 2165 omnino
3151 2119 3206 2165 et
3252 2110 3397 2166 circa

1817 2210 2017 2266 corpus
2070 2197 2367 2253 dicentur?
2396 2196 2610 2269 Corpus
2654 2199 2799 2255 enim
2847 2201 3122 2269 explicant
3152 2210 3205 2255 et
3234 2204 3405 2258 eluci-

1816 2285 2304 2356 dantsubjectum:
2330 2288 2505 2355 homo,
2532 2304 2619 2345 ex.
2644 2304 2751 2361 gr.,
2781 2304 3108 2360 corporeum
3133 2302 3238 2358 est,
3268 2292 3399 2363 quia

1818 2376 2100 2435 Socratem
2123 2378 2207 2435 vel
2234 2378 2537 2445 Platonem,
2565 2382 2659 2450 qui
2698 2394 2901 2451 corpus
2937 2391 3043 2449 est,
3083 2382 3403 2439 denominat

1817 2477 2089 2525 eteorum
2144 2470 2527 2527 substantiam.
2554 2472 2835 2541 explicans
2880 2473 2951 2528 ab
2997 2474 3122 2531 aliis
3155 2474 3398 2543 ejusdem

1816 2563 2033 2631 generis
2066 2561 2515 2619 denominatione
2550 2564 2872 2635 distinguit;
2908 2565 3004 2622 sed
3029 2567 3329 2637 quomodo,
3355 2568 3400 2622 si

1817 2652 1987 2709 homo
2018 2669 2128 2711 non
2172 2663 2260 2710 est
2303 2669 2526 2725 corpus,
2580 2654 2838 2713 Socrates
2882 2672 3012 2713 vero
3055 2658 3243 2725 homo,
3288 2673 3399 2713 non

1818 2745 2197 2810 concludetur,
2222 2744 2504 2802 Socratem
2536 2762 2646 2803 non
2672 2762 2795 2804 esse
2821 2748 3067 2818 corpus?
3093 2748 3208 2804 lloc
3251 2748 3399 2806 enim

1817 2844 1872 2893 et
1898 2836 1943 2893 si
1975 2837 2105 2908 quid
2134 2837 2277 2891 aliud
2320 2838 2517 2905 simile,
2553 2838 2797 2894 omnium
2849 2839 3230 2897 dillieultatum
3261 2842 3399 2896 vali-

1818 2929 2047 2985 dissima
2078 2942 2201 2983 esse
2220 2928 2454 2984 videtur.
2484 2927 2589 2984 Sed
2621 2929 2743 2999 ejus
2769 2930 2972 2986 solutio
3006 2946 3117 2987 non
3141 2941 3228 2987 est
3257 2930 3399 2987 ditii-

1818 3020 1957 3075 cilis.
1990 3017 2125 3074 Nam
2164 3018 2218 3074 in
2266 3018 2446 3092 prima
2475 3019 2671 3091 ﬁgura,
2717 3021 2763 3075 si
2796 3022 3090 3094 diligenter
3122 3023 3396 3087 advertas,

1819 3110 2122 3183 propositio
2156 3108 2331 3181 major
2377 3110 2724 3181 particularis
2772 3111 3071 3182 accipitur;
3119 3112 3222 3169 hoc
3251 3107 3399 3168 enim

1820 3203 1983 3258 modo
2007 3201 2274 3273 producta
2304 3217 2335 3256 a
2367 3201 2596 3258 veritate
2623 3217 2731 3256 non
2759 3203 2985 3257 recedit.
3023 3203 3081 3257 Si
3112 3218 3242 3258 vero
3265 3202 3396 3274 quis

1814 3311 1936 3351 eam
1964 3295 2018 3349 in
2048 3293 2411 3349 universalem
2440 3303 2636 3359 vertat,
2669 3294 2835 3349 simul
2868 3309 2989 3349 eam
3022 3294 3091 3349 de
3119 3310 3246 3349 vera
3275 3295 3402 3349 red-

1814 3385 1951 3442 didit
1994 3386 2209 3442 falsam.
2249 3383 2470 3440 Falsum
2508 3385 2653 3440 enim
2699 3395 2783 3441 est
2834 3385 3121 3443 manifeste
3167 3387 3391 3443 dicere:

1815 3475 2010 3532 Nullus
2039 3476 2203 3530 homo
2239 3482 2325 3530 est
2371 3489 2599 3545 corpus,
2632 3489 2758 3528 cum
2799 3488 2925 3529 vera
2958 3476 3029 3529 sit
3069 3475 3395 3546 prepositio,

1816 3566 2092 3621 hominem
2124 3580 2246 3621 esse
2277 3580 2495 3634 c0rpus,
2529 3565 2830 3619 secundum
2856 3580 2920 3619 ea
2952 3581 3073 3634 qua:
3100 3576 3229 3621 ante
3251 3566 3395 3621 dicta

1815 3667 1961 3713 sunt.
1987 3656 2045 3712 Si
2080 3672 2210 3712 vero
2243 3656 2368 3727 quis
2406 3654 2599 3709 relicto
2623 3656 2883 3725 perplexo
2917 3657 3222 3727 argumenti
3252 3659 3395 3713 nodo

1814 3763 1924 3803 non
1950 3762 2071 3803 esse
2105 3761 2283 3818 opera!
2311 3748 2546 3818 pretium
2581 3746 2882 3801 arbitratur
2908 3748 3186 3804 curiosius
3218 3748 3276 3807 id
3309 3751 3394 3803 in-

1814 3840 2103 3910 vestigare,
2150 3837 2297 3908 quod
2344 3838 2472 3893 inde
2515 3837 2730 3892 videtur
2776 3837 3055 3900 concludi,
3090 3839 3184 3894 sed
3227 3841 3392 3905 dicat,

1815 3947 1937 3987 esse
1970 3946 2066 4001 per
2093 3945 2153 3986 se
2181 3931 2447 3984 absonum
2479 3937 2575 3983 aut
2601 3928 2782 3984 dicere
2817 3938 2911 3984 aut
2956 3944 3179 3985 censere
3221 3930 3398 3985 homi—

1818 4038 1943 4079 nem
1996 4036 2103 4076 nen
2150 4036 2273 4076 esse
2300 4033 2524 4089 corpus,
2566 4021 2728 4074 etiam
2788 4020 3003 4075 seclusa
3047 4020 3140 4075 illa
3172 4023 3397 4077 conclu-

1815 4115 1992 4179 sione,
2022 4128 2145 4183 quaa
2174 4112 2298 4168 inde
2318 4109 2580 4181 consequi
2607 4111 2842 4177 videtur,
2883 4112 3090 4168 scilicet
3112 4113 3395 4169 Socratem

1815 4216 1924 4261 non
1959 4206 2204 4261 futurum
2233 4219 2467 4276 corpus;
2496 4235 2569 4246 —
2598 4205 2879 4275 quomodo
2905 4205 3226 4261 substantia:
3254 4208 3398 4262 divi—

1815 4301 1900 4357 sio
1928 4299 1984 4354 in
2015 4312 2217 4369 corpus
2238 4306 2295 4353 et
2315 4298 2724 4368 incorporeum,
2751 4312 2874 4367 quae
2895 4299 3070 4368 prima
3095 4300 3199 4354 sub
3226 4301 3398 4355 alter-

1816 4411 2009 4452 norum
2038 4394 2346 4464 distinguit,
2377 4394 2599 4463 produci
2627 4394 2838 4463 queat?
2862 4424 2932 4436 —
2960 4393 3230 4464 id-postea
3261 4384 3413 4451 con?

180 4498 297 4550 τικδν
316 4502 464 4570 μόνον
489 4502 677 4572 σχῆμα
692 4500 752 4554 τὸ
772 4500 1062 4572 εἰρημένον
1079 4500 1170 4553 ἐπὶ
1190 4499 1297 4553 τῶν
1314 4498 1570 4553 τοιούτων
1586 4501 1713 4570 δρᾶ-

1862 4488 2172 4544 ideraudum
2219 4494 2340 4549 est;
2386 4486 2638 4541 tractatio
2687 4501 2817 4541 vero
2852 4500 2882 4540 a
2912 4487 3053 4541 serie
3102 4494 3158 4541 et
3208 4501 3403 4542 conse-

178 4602 247 4640 ται
264 4594 740 4663 κατηγορημάτων,
761 4591 899 4647 ἀλλά
913 4590 978 4662 δὴ
994 4591 1089 4645 καὶ
1113 4590 1205 4643 επὶ
1222 4589 1317 4643 τοῦ
1338 4589 1713 4659 καταφατικοῦ

179 4684 264 4745 τοῖς
289 4683 622 4756 βουλομένοις
657 4684 987 4756 περαντικόν
1017 4700 1140 4737 τινα
1156 4682 1316 4752 λόγον
1347 4682 1447 4752 τὴν
1474 4681 1711 4752 ἀπορίαν

180 4772 468 4849 κρατύνοντα
497 4773 781 4844 προάγειν,
818 4772 1083 4840 Λέγοντες
1131 4770 1262 4841 γάρ,
1294 4769 1362 4823 '0
1399 4769 1709 4838 ἄνθρωπος

181 4863 210 4928 ἢ
227 4865 280 4917 τὸ
304 4864 437 4925 ζῶον
462 4866 806 4936 σωματικόν
824 4879 839 4895 '
878 4862 1015 4929 εἶτα,
1054 4864 1118 4917 ὀ
1142 4862 1207 4916 δὲ
1229 4862 1546 4931 Σωκράτης
1564 4861 1712 4923 ζῶον

182 4952 526 5024 ῆᾶνθρωπος,
556 4956 658 5009 οὐκ
682 4952 750 5007 ἂν
774 4953 1088 5025 σωματικὸν
1122 4951 1607 5021 ἀναγκασθείημεν
1631 4952 1710 5005 εί-

189 5047 280 5097 ταῖν
292 5047 375 5099 καὶ
390 5047 477 5101 τδν
495 5046 825 5120 Σωκράτηνς
849 5045 1007 5099 Οὕτω
1026 5045 1136 5116 γάρ
1158 5044 1586 5116 (22λσυνάγεται
1609 5047 1710 5116 τῆς

194 5139 389 5205 μείζονος
428 5141 709 5197 κάνταῦθα
760 5140 1028 5213 μενούσης
1081 5140 1554 5213 ὲπαληθευούσης’
1615 5141 1711 5194 ἐπὶ

198 5229 350 5299 μέρους
380 5232 483 5302 γὰρ
512 5234 613 5305 τὴν
665 5231 1001 5303 προαγωγὴν
1030 5233 1065 5303 ἠ
1110 5232 1377 5311 πρότασις
1408 5232 1545 5303 ἔχει.
1576 5232 1640 5285 El
1664 5231 1709 5284 δ’

199 5321 252 5383 ti;
276 5324 351 5377 τὸν
367 5324 785 5381 καθόλοωτύπον
816 5323 1099 5395 ἀναχθείη,
1138 5324 1336 5379 αὐτίκα
1368 5323 1709 5394 πεφωραμέ-

1818 4580 2042 4652 quentia
2102 4578 2486 4649 prmdictorum
2543 4592 2648 4630 non
2708 4578 2947 4633 recedat.
3010 4576 3226 4632 Etenim
3288 4594 3397 4634 non

1819 4675 2121 4731 secundum
2179 4674 2485 4745 negativam
2538 4672 2805 4729 duntaxat
2840 4672 3070 4743 figuram
3131 4673 3186 4729 id
3252 4677 3399 4745 quod

1818 4766 2058 4821 diximus
2092 4766 2145 4819 in
2196 4764 2464 4832 ejusmodi
2500 4764 2836 4833 conspicitur
2876 4764 3396 4834 praedicationibus;

1820 4874 2010 4913 verum
2070 4865 2123 4913 et
2170 4856 2224 4912 in
2258 4856 2600 4921 allirmativa,
2632 4856 2797 4910 modo
2840 4858 2964 4927 quis
3013 4858 3145 4913 velit
3168 4859 3399 4914 solidam

1824 4951 2062 5020 aliquam
2145 4949 2445 5019 producere
2514 4947 2804 5013 rationem,
2866 4965 2975 5019 qua
3042 4951 3402 5005 conﬁrmetur

1820 5042 2073 5111 qitaestlo.
2108 5039 2360 5096 Dicentes
2393 5039 2538 5094 enim
2576 5056 2592 5093 :
2627 5038 2801 5093 Homo
2852 5039 2933 5094 vel
2979 5041 3184 5096 animal
3219 5057 3405 5112 corpo-

1821 5150 1967 5187 reum
1988 5132 2227 5199 :deinde
2254 5151 2268 5187 :
2300 5130 2542 5187 Socrates
2572 5141 2646 5185 est
2681 5131 2883 5207 animgl
2906 5132 2984 5187 vel
3011 5133 3187 5199 homo,
3221 5150 3404 5190 nonne

1819 5239 2079 5293 cogemur
2130 5238 2459 5294 corporeum
2494 5222 2677 5278 dicere
2729 5223 2899 5278 etiam
2949 5223 3262 5280 Socratem?
3325 5223 3401 5279 lia

1818 5318 1965 5370 enim
2030 5316 2405 5380 concluditur,
2457 5314 2654 5385 majori
2708 5330 2926 5386 quoque
3002 5315 3090 5371 hic
3148 5324 3401 5370 manente

1667 5494 1900 5552 ΝΟΤᾸ-Ξ.

268 5677 354 5758 (2!)
381 5680 471 5758 Vri
496 5686 618 5756 quid
671 5686 829 5741 deest
880 5689 958 5742 vel
1014 5687 1351 5758 aposiopesis
1417 5680 1730 5758 statuenda.
1771 5681 1912 5735 Sane
1945 5680 2275 5758 anaeolutlio
2308 5677 2644 5735 constructio
2671 5675 2887 5731 similis.

273 5750 357 5817 (θ)
390 5750 641 5827 Οὐδδ’γάρ
690 5758 850 5812 habet
911 5750 1113 5830 Apngr.
1152 5750 1311 5823 vein,
1370 5760 1516 5827 quod
1564 5752 1713 5809 Catil

1866 5755 2023 5808 rexit.

508 5874 774 5937 ΡΑτιιοι..
809 5878 925 5939 Gn.
963 5878 1029 5937 Cl
1044 5922 1061 5938 .

3014 5854 3083 5916 16
