3884 6202
248 268 373 335 485

1125 270 1224 329 AD
1262 267 1853 328 AMPHILOCHIUM
1891 265 2235 337 QUASSTIO
2275 267 2563 327 LXXVII.

3422 264 3530 327 486

246 388 372 440 τῶν
399 385 631 458 ἐχόντων
662 385 821 454 λόγον
845 385 1210 457 βαθυνόμενον
1227 387 1486 456 (25),ταῖς
1505 387 1615 442 τῶν
1631 386 1839 457 ἀνθρώ-

1951 383 2122 438 solent
2176 383 2351 453 prima
2401 384 2584 437 statim
2655 382 2833 438 fronte
2878 381 3160 437 hominum
3206 381 3435 438 auribus
3465 399 3530 440 ac

249 495 379 532 πων
403 477 715 550 προχείροις
738 478 931 541 ἀκοαῖς
950 481 1044 532 καὶ
1073 481 1414 543 ἐπιπολαίως
1444 482 1703 544 διανοίαις
1733 481 1833 535 οὐκ

251 570 432 624 εθέλει
485 569 942 641 συναρμόζεσθαι.
1003 573 1327 641 πεφυκότων
1384 573 1474 626 διὰ
1528 573 1724 643 πείρας
1776 591 1836 627 τε

250 660 552 730 μεθοδικῆς
603 661 700 714 καὶ
753 661 989 730 κρίσεως
1040 662 1406 734 σχολαζούσης
1452 664 1840 729 είσοικίζεσθαι

250 749 864 825 μάλιστα,ἦς“ἀπούσης
889 754 992 824 τῆς
1015 755 1343 824 ἀποδείξεως
1365 759 1394 811 ὁ
1421 757 1579 825 λόγος
1610 757 1838 827 ἀσθενὴς

248 842 399 899 εἶναι
431 847 597 912 δοκεῖ,
633 847 724 902 τὸν
745 848 869 901 νοῦν
890 848 1000 901 τῶν
1024 850 1309 920 ἀκροατῶν
1348 851 1485 921 πρὸς
1511 851 1703 905 ἑαυτὸν
1742 852 1832 919 ἐφ-

247 938 613 994 ελκύσασθαι.

329 1033 423 1099 ς’.
453 1031 592 1093 Τοὺς
621 1029 682 1084 δέ
714 1047 777 1100 γε
803 1031 1281 1103 διαπορουμένους,
1299 1034 1396 1098 ὡς,
1424 1033 1479 1086 εί
1510 1052 1594 1098 τις
1621 1035 1736 1104 δοίη
1773 1034 1843 1087 τά

246 1121 368 1176 τῶν
415 1125 683 1194 σωμάτων
726 1126 861 1195 γένη
907 1129 1002 1180 καὶ
1045 1128 1157 1197 είδη
1214 1127 1463 1198 σώματα,
1517 1129 1638 1181 τότε
1682 1129 1841 1198 τριχῆ

247 1217 544 1271 διαστατὸν
573 1219 758 1282 αὐτοῖς
787 1220 1129 1292 συμϐήσεται
1177 1223 1271 1276 καὶ
1320 1224 1354 1293 ἡ
1401 1224 1459 1276 ὲν
1497 1223 1647 1294 τόπῳ
1685 1241 1844 1293 περι-

247 1310 449 1382 γραφὴ
470 1312 563 1364 καὶ
595 1311 654 1364 τὸ
679 1314 796 1374 ταῖς
822 1313 1138 1384 αἰσθήσεσιν
1168 1299 1447 1384 κρίνεσθαι
1471 1317 1566 1368 καὶ
1591 1315 1652 1368 τὸ
1683 1316 1844 1387 σῶμά

249 1418 323 1470 γε
356 1402 443 1456 διά
471 1401 722 1472 σώματος
751 1406 1072 1474 χωρεῖν,καὶ
1105 1406 1159 1458 εἴ
1193 1424 1243 1458 τι
1286 1406 1415 1459 ἄλλο
1448 1407 1691 1461 τοιοῦτον
1732 1410 1844 1470 τοῖς

251 1499 539 1568 περιττοῖς
571 1498 1013 1570 πεφιλοτίμηται,
1055 1501 1158 1554 οὐκ
1202 1499 1269 1554 ἀν
1299 1503 1604 1566 ἀπεικότως
1629 1503 1842 1573 θαυμά-

253 1607 444 1661 σαιμι,
492 1589 568 1654 ῶς
614 1592 666 1643 oi.
709 1591 778 1645 τά
815 1592 1042 1647 τοιαῦτα
1077 1593 1368 1664 ζητοῦντες
1399 1595 1494 1648 καὶ
1533 1595 1846 1664 νομίζοντες

253 1684 403 1754 πρὸς
431 1683 531 1752 τὴν
549 1683 728 1737 αὐτῶν
756 1686 890 1755 ὁρᾷν
919 1685 1155 1755 σπουδὴν
1183 1685 1252 1738 τὰ
1275 1685 1525 1757 ὲπιχειρή
1537 1703 1700 1756 ματα,
1725 1685 1844 1748 πῶς

1951 476 2226 532 mentibus
2277 475 2571 546 quadrare,
2617 491 2741 530 cum
2775 477 2862 530 isti
2917 476 3130 530 soleant
3157 475 3248 530 illa
3302 477 3530 544 potissi-

1947 583 2097 621 mum
2134 567 2350 638 assequi
2386 582 2482 636 per
2535 567 2904 622 methodicam
2945 568 3337 642 experientiam
3371 567 3530 638 quie-

1944 671 2163 730 tamque
2193 659 2633 729 judicationem;
2687 673 2809 730 quae
2861 659 2952 713 ubi
2991 660 3153 723 desit,
3187 659 3530 714 demonstra-

1943 753 2110 808 tionis
2144 753 2286 807 ratio
2321 753 2536 807 infirma
2564 753 2780 807 videtur
2830 767 2952 806 esse
3008 751 3075 806 ad
3108 751 3430 806 trahendam
3463 765 3529 804 ac

1945 843 2322 912 pelliciendam
2339 843 2653 898 auditorum
2688 849 2946 897 mentem.

2015 1022 2069 1077 6.
2100 1022 2204 1088 Qui
2234 1037 2364 1078 vero
2395 1021 2672 1085 dubitant,
2707 1038 2774 1076 ne
2799 1021 2959 1087 forte,
2987 1021 3186 1093 siquis
3216 1023 3307 1078 det
3336 1037 3530 1093 corpo-

1944 1129 2064 1168 rum
2091 1130 2286 1186 genera
2309 1124 2364 1170 et
2389 1114 2598 1185 species
2621 1130 2744 1170 esse
2766 1130 3020 1184 corpora,
3049 1131 3134 1182 ne,
3164 1115 3408 1185 inquam,
3443 1131 3532 1171 se-

1944 1214 2164 1276 quatur,
2195 1207 2398 1262 trinam
2438 1206 2545 1262 illis
2569 1209 3097 1262 mensurabilitatem
3144 1208 3443 1262 convenire
3476 1217 3531 1262 et

1947 1299 2002 1353 in
2042 1298 2163 1354 loco
2200 1298 2584 1356 circumscribi
2607 1309 2662 1354 et
2694 1299 2947 1355 sensibus
2981 1299 3215 1368 iudicari
3251 1309 3305 1354 et
3327 1314 3528 1369 corpus

1945 1408 2042 1460 per
2088 1406 2291 1462 corpus
2347 1400 2636 1462 penetrare
2678 1400 2733 1446 et
2770 1393 2815 1446 si
2859 1392 2994 1462 quid
3043 1391 3191 1446 aliud
3254 1391 3524 1461 ejusmodi

1946 1486 2107 1540 otiosi
2168 1485 2515 1555 indagatores
2567 1484 2971 1553 excogitarunt,
3031 1486 3131 1540 hos
3185 1484 3381 1538 merito
3428 1500 3530 1554 ego

1947 1577 2208 1642 admiror,
2239 1577 2540 1648 quomodo,
2571 1593 2695 1633 cum
2725 1577 2854 1632 talia
2904 1585 3228 1647 argumenta
3274 1585 3532 1646 qumrunt

1947 1685 2122 1739 eaque
2157 1668 2224 1723 ad
2281 1684 2442 1725 suum
2477 1668 2721 1738 ipsorum
2780 1668 3023 1722 studium
3079 1675 3328 1736 spectare
3384 1666 3532 1721 arbi-

251 1776 364 1829 οὐκ
411 1774 618 1845 ἔφασαν
662 1776 768 1848 πρὸ
814 1776 924 1830 τῶν
954 1776 1128 1831 ἀλλων
1164 1778 1441 1842 ἁπάντων,
1483 1777 1557 1840 ώς
1581 1795 1595 1808 ο
1624 1795 1642 1828 ι
1685 1777 1746 1830 EE
1776 1776 1842 1830 τὰ

1951 1769 2187 1824 trantur,
2224 1760 2504 1831 quomodo
2534 1775 2640 1814 non
2691 1759 2934 1815 dixerint
2974 1774 3084 1828 pne
3117 1759 3241 1814 aliis
3271 1759 3526 1814 cunctis:

247 1871 394 1938 γένη
442 1870 537 1922 καὶ
585 1868 655 1923 τά
699 1869 811 1940 εἴδη
855 1868 1084 1939 σώματα
1113 1869 1209 1924 καὶ
1241 1870 1440 1941 ἀτομα,
1485 1870 1703 1932 πάντως
1752 1869 1848 1923 καὶ

252 1962 578 2015 καθέκαστα
610 1962 760 2016 ἔσται
782 1979 799 2022 ;
836 1981 854 2014 ι
887 1964 947 2016 Oi
972 1963 1081 2034 γὰρ
1105 1963 1211 2016 τῶν
1237 1963 1456 2033 ἀτόμων
1479 1963 1748 2032 σωμάτων
1776 1961 1846 2015 τά

254 2055 532 2125 ἰδιώματα
556 2055 669 2127 (24)
711 2057 785 2128 μὴ
812 2057 1234 2128 ὲρυθριάσαντες
1267 2057 1359 2110 ἐπὶ
1386 2056 1456 2110 τά
1494 2057 1626 2128 γένη
1656 2058 1750 2111 καὶ
1776 2056 1846 2111 τά

253 2147 378 2217 εἴδη
417 2149 622 2201 τούτοιν
653 2147 1028 2212 ἀναϐιϐάζειν,
1068 2148 1184 2211 πῶς
1214 2148 1607 2220 ηύλαϐήθησαν
1642 2149 1716 2220 μὴ
1749 2149 1845 2202 καὶ

249 2241 354 2292 τὸν
409 2239 746 2294 καθέκαστον
793 2241 888 2294 καὶ
935 2241 1136 2311 ἄτομον
1177 2241 1296 2312 ἦτοι
1345 2241 1435 2295 τὸν
1463 2242 1761 2313 Σωκράτην
1808 2241 1841 2314 ἢ

254 2333 524 2386 Πλάτωνα
565 2335 688 2387 κατ’
728 2333 910 2386 αὐτῶν
959 2335 1320 2401 συναγαγείν;
1360 2333 1544 2398 Ἀπαξ
1577 2332 1686 2405 γὰρ
1713 2335 1842 2386 ἀνα-

255 2427 595 2496 στρέψαντες
643 2427 744 2498 τὴν
781 2426 934 2493 τάξιν
968 2428 1074 2481 τῶν
1102 2425 1612 2498 κατηγορουμένων,
1648 2426 1742 2479 καὶ
1777 2424 1845 2479 τά

257 2515 372 2568 ίδια
401 2515 510 2570 τῶν
532 2517 775 2586 ἐσχάτων
806 2517 1184 2586 ὑποκειμένων
1215 2516 1360 2568 κατά
1381 2515 1490 2568 τῶν
1515 2531 1845 2585 κατηγορου-

257 2607 442 2677 μένων
469 2609 642 2676 γενῶν
688 2609 786 2662 καὶ
819 2609 978 2662 εἱδῶν
1023 2608 1357 2674 ἀξιώσαντες
1393 2607 1842 2680 κατηγορεῖσθαι,

253 2701 460 2754 δίκαιοι
489 2703 820 2772 τυγχάνουσι
849 2696 1272 2773 λόγονύπέχειν,
1302 2704 1384 2755 ὅτι
1407 2704 1482 2773 μὴ
1511 2704 1605 2756 καὶ
1635 2701 1767 2755 αὐτὸ
1783 2700 1846 2754 τὸ

254 2791 602 2845 καθὲκαστον
643 2793 738 2844 καὶ
766 2791 968 2862 ἄτομον
1007 2793 1371 2863 ἐπεχείρησαν
1399 2792 1508 2844 τῶν
1536 2791 1712 2860 γενῶν
1750 2791 1846 2844 καὶ

253 2882 371 2937 τῶν
403 2884 558 2936 είδῶν
587 2885 916 2954 κατηγορεῖν
950 2884 1045 2936 καὶ
1074 2886 1156 2937 ὅτι
1193 2884 1267 2956 μὴ
1294 2884 1382 2938 διά
1405 2883 1608 2952 ταύτης
1643 2883 1846 2954 μᾶλλον

252 2974 358 3042 τῆς
393 2972 622 3035 ἀτοπίας
641 2973 898 3041 ἐνόμισαν
922 2971 1230 3044 ἐξελέγχειν
1253 2973 1377 3037 τοὺς
1400 2975 1468 3028 τὰ
1492 2974 1626 3044 γένη
1655 2974 1751 3027 καὶ
1775 2974 1846 3026 τὰ

254 3065 376 3135 εἴδη
411 3063 638 3135 σώματα
670 3063 1005 3134 τιθεμένους.
1038 3065 1207 3119 Τοῦτο
1238 3066 1344 3136 γὰρ
1370 3066 1550 3119 αὐτῶν
1578 3068 1845 3134 σύμπασα

251 3157 370 3211 τῶν
401 3157 582 3227 σοφῶν
626 3157 1076 3230 ἐπιχειρημάτων
1115 3162 1150 3232 ἡ
1197 3160 1411 3213 ἐπίνοια
1457 3159 1848 3231 πραγματεύε-

250 3265 372 3302 ται.

329 3342 397 3407 ζ’.
439 3342 578 3396 Ἀλλ’
608 3343 790 3396 ὲάσθω
806 3343 979 3399 ταῦτα
1003 3344 1255 3416 νεανικῆς
1283 3345 1617 3417 ,ἐντρεχείας,
1651 3344 1804 3416 οἶμαι
1830 3388 1844 3411 ,

251 3434 390 3488 ὕοντα
448 3436 832 3507 σκιρτήματαο
893 3439 1138 3490 νεανικὸν
1190 3437 1299 3509 γὰρ
1346 3439 1584 3493 διάττειν
1640 3455 1698 3492 τε
1753 3440 1848 3493 καὶ

255 3526 588 3591 σπουδάζειν
609 3527 934 3599 ἀνατρέπειν
959 3528 1019 3582 τὸ
1042 3529 1421 3600 προκείμενον,
1450 3527 1530 3594 οἷς
1556 3531 1652 3596 τὰς
1675 3532 1848 3596 λαϐὰς

254 3619 440 3672 ἐκεῖνο
482 3618 774 3688 διαφεῦγον
811 3619 1166 3692 βεϐαιοτέραν
1197 3622 1229 3692 ἦ
1265 3623 1527 3695 πρότερον
1556 3624 1656 3695 τὴν
1687 3625 1847 3689 δόξαν

254 3711 550 3780 ἐφέλκεται
591 3712 694 3781 τῆς
740 3713 1047 3784 ὑπάρξεως.
1076 3713 1150 3767 Τὸ
1179 3715 1288 3784 γάρ
1326 3716 1456 3788 πρὶν
1503 3717 1582 3780 είς
1616 3715 1847 3786 βάσανον

253 3803 568 3872 ἀντιλογίας
608 3804 884 3857 καταστὰν
936 3805 1128 3875 ἄδηλον
1181 3805 1294 3876 ἔχει
1333 3806 1431 3877 τὴν
1485 3806 1661 3876 ἰσχὺν,
1693 3806 1847 3860 οὔπω

254 3895 543 3964 παρόντων
571 3894 831 3965 ἐλέγχων·
855 3894 962 3949 τῶν
982 3896 1039 3949 δὲ
1065 3913 1157 3949 πει
1166 3895 1437 3966 ραθέντων
1448 3895 1691 3967 ἐλέγχειν
1715 3897 1847 3951 αὐτὸ

254 3986 647 4059 κραταιότερον
679 3987 982 4058 ὲπιδειχθὲν
1010 3988 1346 4060 προσέλαϐεν
1369 3983 1553 4059 ἧσπερ
1579 3985 1690 4059 εἶχε
1717 3990 1846 4058 πρό·

251 4093 416 4146 τερον
445 4078 602 4148 δόξης
632 4095 690 4132 τε
722 4079 820 4132 καὶ
846 4079 944 4150 τῆς
970 4081 1028 4133 ὲν
1050 4079 1127 4152 τῷ
1154 4079 1441 4151 ἀληθεύειν
1472 4080 1652 4152 πολλῷ
1683 4081 1844 4135 πλέον

254 4187 334 4224 πα
341 4171 598 4242 ῥρησίας.

325 4271 398 4335 η’.
432 4266 556 4328 Τοίς
584 4266 642 4320 δὲ
669 4264 1053 4335 λέγουσιν,“Ἐν
1081 4265 1316 4332 διανοίᾳ
1340 4265 1455 4335 μὲν
1490 4265 1562 4321 τὰ
1583 4265 1715 4335 ετδη
1745 4267 1845 4320 καὶ

250 4359 328 4411 τὰ
381 4358 524 4428 γένη
571 4360 997 4428 ,λαμϐανόμενα
1043 4357 1162 4412 τῶν
1211 4360 1505 4429 σωμάτων
1558 4359 1846 4430 ἀσώματα

1955 1873 1974 1906 ι
2004 1854 2158 1921 Quod
2183 1855 2228 1909 si
2263 1869 2460 1924 genera
2494 1862 2547 1908 et
2567 1854 2779 1924 species
2813 1863 2942 1907 sunt
2969 1867 3222 1922 corpora,
3247 1852 3528 1907 individua

1948 1963 2162 2019 quoque
2186 1957 2240 2003 et
2273 1947 2572 2018 singularia
2603 1946 2830 2002 omnino
2862 1954 3042 2001 ernnt.
3084 1965 3102 1997 ›
3141 1945 3244 2013 Qui
3273 1947 3422 2002 cnim
3447 1947 3531 2000 in-

1948 2043 2299 2098 dividuorum
2327 2057 2625 2112 corporum
2655 2042 3018 2112 proprietates
3045 2056 3156 2094 non
3189 2041 3529 2096 erubuerunt

1946 2136 2014 2189 ad
2069 2150 2269 2204 genera
2311 2145 2366 2192 et
2417 2135 2632 2204 species
2691 2135 2888 2188 horum
2945 2133 3188 2198 elevare,
3247 2133 3530 2202 quomodo

1946 2228 2105 2283 veriti
2163 2235 2313 2294 sunt,
2376 2228 2544 2282 etiam
2590 2228 2870 2296 singulare
2931 2233 3097 2296 atque
3155 2224 3527 2289 individuum,

1947 2319 2156 2373 scilicet
2193 2317 2474 2374 Socratem
2521 2328 2616 2373 aut
2645 2317 2951 2383 Platonem,
2982 2318 3052 2372 ad
3085 2319 3200 2372 haec
3242 2315 3532 2385 redigere?

1946 2409 2123 2466 Semel
2147 2413 2292 2466 enim
2324 2412 2714 2468 cum'ordinem
2743 2412 3166 2482 praedicatorum
3203 2409 3531 2464 inverterint

1945 2511 2000 2558 et
2036 2518 2159 2574 qua).
2195 2511 2326 2560 sunt
2361 2514 2734 2559 extremorum
2767 2502 3138 2573 subject’ornm
3192 2500 3426 2572 prOpria:
3457 2498 3525 2554 de

1947 2592 2256 2662 praedicatis
2279 2594 2571 2663 generibus
2606 2593 3003 2664 spccie'busque
3027 2592 3310 2662 praedicari
3343 2589 3527 2646 voluc-

1948 2685 2081 2752 rint,
2111 2695 2366 2740 tenentur
2403 2687 2648 2742 rationes
2680 2685 2927 2750 reddere,
2963 2701 3064 2741 cur
3107 2701 3216 2741 non
3263 2693 3318 2739 et
3347 2684 3526 2754 ipsum

1947 2777 2226 2848 singulare
2257 2786 2313 2832 et
2345 2777 2689 2832 individuum
2721 2777 2790 2832 de
2815 2778 3108 2850 generibus
3151 2785 3205 2832 et
3240 2776 3529 2846 speciebus

1946 2871 2382 2940 pradicaverint,
2406 2879 2461 2926 et
2488 2886 2588 2926 cur
2617 2885 2725 2926 non
2757 2887 2853 2941 per
2878 2871 3020 2926 hanc
3065 2870 3248 2941 potius
3277 2869 3531 2924 absurdi-

1947 2971 2114 3018 tatem
2137 2963 2465 3019 refellendos
2478 2979 2576 3021 eos
2601 2965 2879 3029 duxerint,
2908 2965 2999 3035 qui
3017 2980 3218 3036 genera
3240 2972 3295 3020 et
3317 2962 3531 3032 species

1948 3070 2178 3125 corpora
2212 3071 2336 3111 esse
2365 3065 2636 3111 statuunt.
2679 3055 2795 3115 Hoc
2825 3057 2975 3111 enim
3007 3057 3266 3112 omnibus
3295 3057 3413 3112 suis
3442 3056 3526 3110 in.
3622 3054 3627 3059 ’

1949 3147 2191 3220 geniosis
2212 3147 2552 3217 argumentis
2580 3156 2752 3219 agunt
2774 3157 2829 3204 ct
2856 3148 3072 3204 eﬂiccre
3101 3151 3350 3204 student.

2020 3346 2074 3398 7.
2112 3343 2308 3412 Verum
2343 3346 2669 3401 omittantur
2692 3347 2809 3402 hate
2841 3355 3032 3416 utpote
3055 3346 3318 3416 juvenilis
3370 3345 3533 3400 indu-

1947 3433 2097 3488 striae
2143 3433 2416 3504 tripudia;
2454 3435 2701 3505 juvenile
2729 3436 2876 3490 enim
2907 3446 3011 3503 est,
3045 3437 3212 3492 nimis
3237 3437 3400 3491 anxie
3434 3452 3503 3492 co

1950 3525 2090 3592 nari,
2123 3527 2263 3595 quod
2297 3528 2644 3597 proponitur,
2699 3529 3043 3598 argumentis
3091 3539 3359 3596 evertere,
3389 3544 3534 3599 quo-

1947 3631 2072 3670 rum
2103 3631 2268 3673 ansas
2316 3618 2447 3673 illud
2479 3618 2747 3688 eﬂ‘ugiens
2795 3619 3084 3679 certiorem
3154 3636 3317 3690 quam
3381 3621 3535 3690 prius

1948 3707 2286 3764 exsistentiae
2303 3724 2418 3764 suae
2447 3710 2607 3764 tidem
2633 3711 2888 3766 adstruit.
2920 3712 3076 3778 Quod
3099 3713 3245 3767 en’m
3265 3713 3535 3767 examinis

1947 3800 2442 3856 contradictionem
2497 3803 2664 3865 subit,
2701 3802 2968 3858 incertam
3031 3804 3195 3859 habet
3229 3805 3362 3868 vim.
3405 3820 3532 3860 cum

1949 3892 2191 3948 nondum
2237 3893 2420 3948 adsint
2463 3906 2822 3960 argumenta:
2874 3896 2965 3950 ubi
3012 3913 3144 3951 vero
3183 3897 3536 3952 adversarios

1948 3983 2080 4038 illud
2114 3983 2365 4040 refellere
2407 3994 2632 4041 conatos
2687 3988 2984 4057 superavit,
3045 3988 3219 4043 multo
3263 3989 3528 4057 majorem

1946 4089 2110 4145 quam
2142 4075 2294 4145 prius
2321 4076 2566 4142 haberet,
2615 4079 2915 4149 acquisivit
2968 4081 3198 4152 gloriam
3246 4082 3534 4152 magisque

1945 4177 2192 4238 apertam
2228 4169 2470 4226 veritatis
2493 4171 2979 4228 existimationem.

2016 4261 2069 4316 8.
2105 4260 2184 4315 Ex
2219 4262 2287 4315 iis
2303 4277 2434 4317 vero
2463 4264 2554 4333 qui
2587 4265 2799 4331 dicunt,
2822 4267 2874 4319 in
2894 4275 3061 4321 mente
3089 4267 3301 4337 quidem
3334 4269 3530 4336 species

1944 4361 1994 4406 et
2021 4368 2210 4423 genera
2259 4370 2539 4422 corporum
2581 4366 2800 4426 accepta
2839 4358 3153 4426 incorporea
3186 4367 3424 4426 oportere
3479 4369 3528 4411 et

249 4451 349 4505 δεῖ
381 4450 495 4523 (9.5)
541 4453 641 4505 καί
678 4452 934 4522 νομίζειν
970 4452 1069 4506 καὶ
1106 4451 1436 4521 όνομάζὲιν,
1480 4453 1727 4508 ἐπειδὰν
1771 4453 1839 4506 δὲ

1951 4445 2143 4497 censeri
2171 4454 2218 4498 et
2254 4445 2524 4498 nominari
2551 4455 2864 4516 ;postquam
2898 4464 3015 4502 vero
3049 4448 3300 4516 subjectis
3332 4449 3530 4517 [uerint

251 4545 380 4610 τοῖς
410 4545 828 4613 ὑποκειμένοις
874 4544 1246 4612 περιοφθεῐη,
1278 4545 1523 4614 σώματα
1562 4544 1839 4615 προσῆκε

251 4638 388 4690 τότε
417 4637 514 4690 καί
546 4637 756 4690 καλεῖν
780 4638 877 4690 καὶ
903 4637 1261 4706 λογίζεσθαι,
1286 4639 1458 4708 ἡδέως
1489 4639 1555 4692 ἀν
1585 4640 1838 4710 ἐροίμην,

252 4729 484 4798 πότερον
535 4729 594 4780 ὲν
625 4729 706 4800 τῷ
733 4728 1058 4782 διανοεῖσθαι
1102 4728 1368 4798 ἀσώματα
1413 4729 1668 4793 λαϐόντες
1699 4732 1839 4785 αύτά

250 4819 619 4890 διενοήσαντο,
645 4819 680 4890 ἢ
705 4821 764 4873 ὲν
794 4819 942 4892 αὐτῷ
969 4820 1048 4891 τῷ
1070 4821 1398 4874 διανοεῖσθαι
1422 4821 1626 4892 ταύτην
1657 4823 1840 4886 αὐτοῖς

253 4911 581 4986 ἐχαρίσαντο
609 4913 708 4981 τὴν
740 4911 923 4982 φύσιν.
957 4913 1021 4964 Εἰ
1055 4911 1155 4982 μὲν
1187 4913 1295 4982 γὰρ
1336 4911 1603 4982 ἀσώματα
1644 4913 1837 4966 λαϐόν-

251 5020 343 5066 τες
392 5003 547 5056 οὐδὲν
595 5003 969 5074 διανοηθέντες
1026 5003 1291 5073 ἧμειψαν,
1334 5005 1395 5056 τὸ
1454 5004 1554 5074 τῆς
1601 5004 1837 5075 ἀπορίας

253 5095 416 5151 πάλιν
442 5097 688 5167 διαμένει
711 5097 863 5150 οὐδὲν
886 5091 1068 5168 ἦττον,
1103 5096 1242 5150 ἀλλά
1267 5113 1330 5164 γε
1355 5096 1420 5167 δὴ
1449 5097 1542 5149 καὶ
1574 5095 1838 5168 θρασύτε-

255 5207 350 5260 ρον
369 5206 382 5218 ·
411 5191 459 5242 εί
486 5178 543 5243 δὲ
577 5189 802 5259 σώματα
824 5191 1081 5253 λαϐόντες
1107 5190 1244 5261 πρὸς
1275 5189 1337 5242 τὸ
1376 5189 1668 5261 ἀσώματον
1707 5207 1838 5260 μετ-

251 5279 529 5342 ετάξαντο,
568 5279 730 5348 βαϐαὶ
767 5279 864 5350 μὲν
893 5279 1074 5334 αὐτῶν
1101 5282 1200 5350 τῆς
1223 5279 1541 5350 θαυμαστῆς
1570 5278 1713 5332 οὕτω
1747 5279 1841 5332 καὶ

251 5371 472 5441 ταχείας
517 5371 916 5442 δημιουργίαςῑ
947 5370 1030 5424 Τὰ
1069 5372 1168 5442 μὲν
1206 5371 1316 5443 γὰρ
1349 5371 1660 5442 ἐννοήματα
1706 5368 1842 5422 καθὸ

1950 4545 2155 4604 aptata,
2187 4551 2410 4604 corpora
2458 4545 2581 4590 tunc
2613 4546 2662 4591 et
2693 4540 2930 4592 vocanda
2971 4548 3020 4592 et
3069 4540 3333 4592 censenda
3368 4556 3480 4592 esse
3508 4558 3526 4602 ;

1946 4645 2012 4684 ex
2052 4629 2160 4693 his.
2191 4629 2440 4700 inquam,
2467 4630 2701 4685 libenter
2745 4632 3082 4700 quzesierim,
3141 4640 3325 4686 utrum
3361 4632 3528 4686 inco-

1946 4718 2169 4790 gitando
2217 4719 2536 4790 incorporea
2591 4720 2736 4775 nacti
2788 4722 2916 4774 talia
2959 4731 3140 4776 mente
3176 4736 3274 4774 sua
3332 4736 3532 4775 conce-

1946 4811 2141 4881 perint,
2166 4827 2234 4865 an
2259 4812 2313 4865 in
2350 4811 2470 4881 ipso
2515 4809 2810 4882 cogitando
2851 4811 2993 4864 hanc
3022 4811 3102 4864 eis
3143 4819 3396 4864 naturam
3423 4811 3528 4865 im-

1945 4903 2251 4973 perticrint.
2287 4901 2424 4958 Nam
2456 4903 2502 4959 si
2534 4903 2861 4972 incorporea
2903 4903 3048 4958 nacti
3103 4903 3181 4956 nil
3229 4902 3530 4972 cogitando

1923 4998 2329 5064 immutarunt,
2364 4997 2659 5052 difﬁcultas
2677 5013 2871 5054 rursus
2904 5006 3190 5068 permanet
3219 4997 3390 5051 nihilo
3425 4995 3532 5050 mi-

1947 5109 2067 5158 nor,
2101 5093 2210 5148 imo
2237 5091 2561 5148 etuvalidior
2589 5109 2603 5154 ;
2638 5091 2683 5144 si
2718 5104 2900 5146 autem
2929 5105 3161 5161 corpora
3187 5090 3335 5145 nacti
3366 5090 3419 5144 in
3449 5089 3530 5143 in-

1948 5199 2209 5254 corporea
2238 5193 2702 5250 transverterunt,
2767 5186 2900 5255 proh
2957 5185 3152 5239 miram
3201 5183 3444 5253 ipsorum
3473 5193 3527 5235 et

1949 5277 2178 5332 celerem
2212 5276 2436 5330 creandi
2469 5277 2760 5332 virtutem!
2810 5277 3184 5347 Cogitationes
3213 5275 3360 5332 enim
3396 5290 3530 5344 qua-

1949 5376 2110 5422 tenus
2160 5367 2518 5438 cogitationes
2546 5368 2774 5424 omnino
2819 5368 3157 5440 incorporeze
3188 5373 3355 5432 sunt;
3408 5366 3530 5435 quis

1788 5543 2020 5603 ΝΟΤιιΕ.

321 5661 435 5730 (25)
463 5662 552 5718 Sic
577 5663 697 5718 Vat.
732 5662 893 5716 Catil".
927 5662 1303 5733 βαθονότερον.

319 5733 434 5804 (24)
467 5735 676 5790 l’bilud.
709 5735 998 5788 ἰδιαίτατα.
1025 5733 1208 5804 (Catii.
1238 5734 1411 5799 nota).

2017 5664 2128 5736 (25)
2162 5665 2324 5722 Catii.
2351 5665 2553 5736 Apogr.
2587 5663 2673 5736 δή.
