3884 6202
389 253 504 319 ιδτ

1554 246 1817 309 ΡΗΟΤΙΙ
1854 246 2359 309 PATRIARCII/E
2387 248 2502 312 ΟΡ.

3556 252 3667 318 488

393 377 576 421 tamen
616 378 712 433 per
752 364 856 419 hoc
901 362 1052 432 quod
1087 362 1309 433 cogitet,
1348 374 1580 432 corpora
1625 361 1679 423 in
1708 361 1945 431 incorpo

2053 398 2060 420 ι
2089 361 2337 431 νοήματα
2366 378 2585 425 παντως
2612 360 2877 433 ἀσώματα
2903 378 2920 395 ο
2942 362 3027 428 τίς
3052 364 3098 418 δ’
3131 362 3198 419 ἄν
3225 363 3284 432 ἐξ
3313 356 3391 419 ὧν
3419 364 3668 436 ἐννοήσει

388 473 545 513 reum
576 456 895 513 convertet?
921 453 1261 511 Verumvero
1297 455 1439 509 sicut
1462 453 1788 523 cogitarunt,
1822 453 1896 507 ita
1918 463 1971 507 et

389 549 649 617 subjectis
668 548 1049 621 aptaverunt?
1076 556 1132 603 et
1154 547 1435 618 quomodo
1479 561 1585 599 non
1614 546 1683 600 de
1725 544 1971 613 corpori.

388 644 493 699 bus
520 644 841 713 incorporea
870 641 1171 713 praedicant
1197 640 1220 693 ?
1260 639 1358 694 Sin
1394 646 1602 700 autem,
1630 644 1689 691 ut
1712 636 1781 691 ab
1812 635 1969 691 initio

386 744 739 805 acceperant,
772 733 843 789 ita
870 747 1062 787 rursus
1084 740 1138 786 ct
1154 730 1419 801 subjectis
1451 735 1729 798 aptarunt,
1759 724 1966 782 frustra

387 828 633 896 ipsorum
662 824 931 879 laboravit
976 838 1135 878 mens
1163 831 1379 877 mutare
1423 820 1760 876 contendens
1820 818 1967 889 quod

385 917 584 973 mutari
632 915 843 985 nequit,
896 912 1215 983 formasque
1273 912 1433 967 nobis
1506 910 1965 981 imaginationum

381 1011 663 1082 elliugens.
688 1030 693 1033 τ
717 1007 823 1064 Sed
847 1008 1011 1064 etiam
1041 1014 1097 1062 et
1137 1006 1273 1077 ipsis
1308 1004 1475 1060 rebus
1524 1004 1667 1074 ipsa,
1696 1011 1757 1057 ut
1783 1003 1964 1069 aiunt,

382 1110 706 1171 cooptantes
740 1110 794 1155 et
825 1106 1111 1170 propterea
1148 1095 1476 1165 corporibus
1510 1108 1619 1147 non
1662 1086 1961 1161 privantes,

381 1203 569 1249 utrum
593 1192 1006 1249 considerantes
1041 1192 1146 1245 ista
1185 1189 1519 1251 attribuunt,
1547 1200 1617 1240 an
1656 1194 1865 1239 temere
1898 1198 1964 1238 ac

381 1284 607 1340 fortuito
623 1268 1063 1354 conjunctionem
1090 1281 1249 1336 istam
1269 1278 1533 1333 formant?
1553 1277 1625 1331 At
1646 1284 1959 1345 utrumque,

378 1377 593 1447 opinor,
615 1375 789 1431 errori
816 1374 1036 1438 subest;
1063 1372 1297 1427 alterum
1326 1369 1473 1425 enim
1498 1367 1732 1423 destruit
1785 1379 1960 1436 oppo-

379 1471 547 1525 situm
571 1510 587 1536 ,
629 1484 740 1539 quo
768 1467 1152 1531 assercbatur,
1191 1479 1289 1535 per
1341 1461 1703 1533 cegitationes
1759 1457 1959 1513 mentis

379 1575 609 1629 corpora
675 1560 729 1614 in
774 1559 1143 1614 substantiam
1228 1555 1615 1623 incorpoream
1687 1548 1956 1616 converti,

378 1652 610 1707 alterum
631 1666 761 1706 vero
785 1650 1143 1706 delirantium
1164 1656 1254 1702 est
1284 1655 1341 1701 et
1360 1645 1674 1700 ridiculum.
1700 1672 1765 1682 —

448 1829 503 1885 9.
544 1827 806 1894 Quaenam
835 1827 906 1883 sit
934 1827 1101 1898 igitur
1138 1823 1302 1889 ratio,
1338 1837 1446 1893 qua
1490 1836 1683 1876 omnes
1711 1820 1831 1875 istae
1860 1819 1955 1873 de-

376 1924 649 1978 clinentur
696 1937 864 1985 ansae,
894 1921 1135 1975 diximus
1154 1918 1372 1987 quidem
1401 1914 1714 1985 expressius
1751 1912 1953 1967 acrius-

377 2028 487 2084 que
518 2013 754 2067 fortasse
783 2024 838 2066 et
882 2017 1063 2072 antea,
1110 2024 1259 2063 nunc
1294 2017 1476 2062 tamen
1522 2004 1727 2061 clarius
1754 2004 1952 2059 iterum

378 2108 651 2161 dicamus.
683 2104 959 2173 Corporca
1003 2101 1224 2172 quidem
1260 2107 1392 2155 sunt
1421 2113 1620 2176 genera
1656 2106 1711 2152 et
1742 2096 1953 2167 species

378 2212 695 2269 corporum,
735 2210 845 2250 non
882 2203 1064 2249 tamen
1096 2205 1367 2263 corpora;
1400 2198 1457 2245 et
1490 2187 1783 2245 indicativa
1817 2187 1951 2243 sub-

373 2291 692 2360 jectorum,
744 2301 855 2341 non
908 2284 1189 2348 indicata,
1242 2293 1298 2338 et
1362 2278 1694 2351 explicautia
1754 2278 1949 2333 borum

374 2382 775 2447 exsisteutiam,
821 2395 929 2436 non
958 2390 1139 2436 autem
1171 2377 1605 2443 constituentia;
1634 2386 1689 2431 et
1713 2375 1948 2446 partium

376 2478 621 2547 ipsorum
666 2473 1180 2530 substantiationem
1211 2470 1579 2529 enuntiantia.
1622 2484 1733 2523 non
1766 2474 1948 2523 autem

374 2566 711 2635 praestantia,
741 2574 797 2620 et
837 2564 1059 2619 nomina
1106 2560 1561 2617 convenientibus
1600 2559 1950 2629 propriisque

372 2656 727 2727 conceptibus
745 2656 1123 2725 subjecturum
1150 2646 1537 2709 subsistentias
1558 2650 1946 2721 signiﬁcantia,

371 2764 481 2803 non
505 2759 687 2803 autem
714 2748 879 2803 rebus
905 2747 1017 2817 jam
1047 2746 1390 2802 exstantibus
1424 2742 1638 2814 sibique
1670 2741 1947 2798 sullicien-

368 2840 601 2895 tissimis
622 2854 684 2895 ea
706 2839 908 2911 quibus
932 2853 1041 2893 non
1066 2847 1226 2909 egent
1249 2851 1347 2907 per
1368 2851 1429 2891 se
1456 2836 1574 2907 ipsa
1607 2833 1943 2906 praebentia;

367 2934 587 2989 sicutet
612 2932 818 2988 bonum
854 2941 907 2987 et
934 2931 1157 3000 sapiens
1204 2938 1258 2985 et
1288 2929 1499 3000 justum
1546 2937 1711 2998 atque
1751 2926 1948 2981 buma-

368 3041 498 3080 num
529 3034 585 3080 et
612 3024 880 3095 ejusmodi
912 3023 1360 3095 praedicamenta,
1392 3020 1611 3077 tametsi
1634 3020 1743 3075 alia
1775 3019 1945 3074 actio-

2078 453 2441 524 μεταποιήσει
2476 452 2591 525 (26)
2630 454 2699 508 τὰ
2750 453 2979 525 σώματα
3032 456 3173 527 πρὸς
3226 457 3290 511 τὸ
3337 457 3664 528 ἀσώματονς

2074 542 2311 614 Πότερον
2343 544 2403 597 δέ
2444 544 2521 609 ὡς
2556 546 2807 616 ὲνόησαν,
2840 546 2984 601 οὕτω
3011 548 3109 602 καὶ
3138 552 3253 612 τοῖς
3278 549 3669 622 ὑποκειμένοις

2071 633 2418 704 ἡρμόσαντο;
2463 635 2710 701 καὶπῶς
2743 637 2805 690 οὑ
2850 639 3220 711 κατηγοροῦσι
3250 639 3359 694 τῶν
3393 642 3668 712 σωμάτων

2069 724 2140 777 τὰ
2161 724 2471 797 ἀσώματα;
2501 727 2564 781 Εἰ
2587 728 2633 781 δ’
2656 727 2733 793 ὡς
2759 729 2856 783 ἀπ’
2887 731 3062 803 ἀρχῆς
3086 731 3300 799 ἔλαϐον,
3326 733 3477 789 οὕτω
3503 734 3667 788 πάλιν

2072 815 2169 870 καὶ
2202 819 2313 881 τοῖς
2346 818 2729 890 ὑποκειμένοις
2760 821 3094 894 ἡρμόσαντο,
3129 824 3311 896 μάτην
3334 826 3521 890 αὑτοῖς
3545 826 3666 880 ἐκο-

2070 906 2235 962 πίασε
2272 910 2686 979 μεταϐάλλουσα
2728 913 2790 966 τὸ
2834 915 3211 986 ἀμετάϐλητον
3245 918 3519 988 ηδιάνοια
3568 918 3666 973 καὶ

2068 1000 2385 1068 φαντασιῶν
2427 1002 2559 1072 ἡμῖν
2596 1004 3018 1061 ἀναπλάττουσα
3049 1008 3307 1077 σχήματα
3331 1024 3346 1041 ’
3374 1009 3512 1065 ἀλλὰ
3552 1010 3663 1083 γὰρ

2066 1093 2162 1146 καὶ
2216 1094 2402 1159 αὐτοῖς
2457 1097 2571 1160 τοῖς
2623 1096 2949 1169 πράγμασιν
2991 1100 3156 1165 αὐτὰ,
3195 1100 3271 1163 ὥς
3321 1118 3483 1170 φασι,
3532 1120 3663 1156 συν-

2065 1186 2435 1259 αρμόττοντες
2464 1189 2559 1244 καὶ
2598 1190 2687 1243 διὰ
2713 1189 2889 1245 ταῦτα
2933 1190 3045 1245 τῶν
3079 1192 3351 1262 σωμάτων
3384 1194 3489 1249 οὐκ
3519 1195 3662 1249 ἀπο-

2066 1280 2406 1351 στεροῦντες,
2438 1285 2670 1352 πότερον
2693 1282 3004 1349 ἐννοοῦντες
3036 1283 3211 1339 ταῦτα
3235 1287 3660 1357 περιάπτουσιν,

2062 1372 2096 1443 ἢ
2133 1374 2315 1443 μάτην
2359 1373 2456 1427 καὶ
2501 1372 2578 1437 ὡς
2605 1373 2672 1428 ἂν
2702 1374 2921 1429 ἐπέλθοι
2961 1375 3063 1444 τὴν
3110 1376 3409 1446 συνάφειαν
3456 1377 3664 1449 ταύτην

2066 1463 2484 1534 σχεδιάξουσιν;
2538 1464 2679 1519 Ἀλλ’
2728 1466 3012 1539 ἑκάτερον,
3041 1463 3220 1538 οἶμαι,
3262 1468 3564 1540 σφαλερόν·
3597 1473 3662 1525 τὸ

2066 1552 2164 1623 μὲν
2190 1550 2299 1624 γὰρ
2340 1552 2560 1624 ἀναιρεῖ
2600 1553 2662 1607 τὸ
2706 1556 3105 1627 ἀντικείμενον,
3137 1557 3166 1610 ὃ
3198 1558 3289 1613 διὰ
3313 1559 3416 1631 τῆς
3445 1561 3662 1626 ἐννοίας

2064 1645 2250 1712 ἔλεγεν
2276 1645 2358 1708 εἰς
2386 1643 2680 1716 ἀσώματον
2701 1646 2890 1700 οὑσίαν
2918 1648 3284 1723 μεταπίπτειν
3309 1651 3383 1705 τὰ
3402 1652 3661 1724 σώματα,

1995 1742 2038 1798 Β
2064 1735 2124 1788 τὸ
2153 1736 2211 1789 δὲ
2247 1736 2560 1809 ληρούντων
2590 1739 2688 1792 καὶ
2714 1739 2975 1808 γέλωτος.

2132 1826 2211 1880 θ’.
2250 1827 2348 1890 Τίς
2369 1826 2503 1881 οὗνὸ
2529 1827 2684 1896 λόγος
2716 1831 2747 1883 ὁ
2772 1829 2979 1896 ταύτας
3011 1831 3192 1898 πάσας
3216 1832 3530 1904 διαφεύγων
3553 1836 3659 1900 τὰς

2059 1916 2249 1981 λαϐὰς,
2291 1919 2513 1989 εἴρηται
2544 1920 2644 1990 μὲν
2676 1920 3157 1995 ἐμφαντικώτερον
3196 1926 3327 1989 ἴσως
3371 1928 3471 1981 καὶ
3515 1930 3656 1999 πρό-

2061 2009 2209 2077 σθεν,
2262 2009 2357 2063 καὶ
2409 2009 2504 2064 νῦν
2545 2011 2602 2065 δὲ
2666 2012 2993 2085 τρανότερον
3038 2014 3301 2083 λεγέσθω.
3349 2018 3660 2089 Σωματικὰ

2061 2099 2162 2171 μέν
2185 2101 2301 2154 ἐστι
2328 2100 2398 2155 τὰ
2421 2103 2556 2173 γένη
2591 2104 2687 2157 καὶ
2718 2103 2835 2175 εῐδη
2865 2105 2975 2159 τῶν
3009 2108 3307 2179 σωμάτων,
3327 2110 3389 2163 οὑ
3417 2111 3654 2182 σώματα

2057 2190 2150 2244 δέ·
2189 2191 2285 2245 καὶ
2311 2191 2584 2265 δηλωτικὰ
2635 2194 2745 2248 τῶν
2790 2195 3191 2268 ὑποκειμένων,
3235 2201 3299 2253 οὑ
3340 2202 3659 2273 δηλούμενα

2056 2280 2143 2335 δέ·
2186 2283 2280 2336 καὶ
2313 2284 2734 2340 ἀναπτύσσοντα
2761 2288 2860 2357 τὴν
2888 2287 3123 2361 ὓπαρξιν
3152 2290 3382 2358 τούτων,
3418 2293 3519 2364 οὑχ
3548 2296 3655 2363 ὑφ’

2060 2373 2291 2429 ιστῶντα
2323 2375 2381 2429 δέ
2401 2392 2414 2405 ·
2460 2378 2557 2431 καὶ
2584 2377 2696 2432 τῶν
2724 2380 2782 2432 ἐν
2814 2380 3000 2444 αὑτοῖς
3044 2382 3229 2454 μερῶν
3259 2384 3360 2453 τὴν
3388 2385 3655 2439 οὑσίωσεν

2056 2466 2488 2536 ἀπαγγέλλοντα,
2521 2469 2586 2522 ού
2623 2470 2934 2543 παρέχοντα
2975 2472 3034 2526 δέ
3053 2489 3074 2504 ⁸
3101 2474 3197 2528 καὶ
3232 2474 3480 2547 όνάματα
3512 2495 3649 2531 κατ-

2055 2557 2306 2628 αλλήλοις
2338 2561 2577 2631 νοήμασι
2602 2562 2699 2616 καὶ
2727 2564 2949 2630 οἰκείοις
2976 2565 3088 2620 τῶν
3118 2567 3500 2642 ὑποκειμένων
3544 2574 3653 2636 τὰς

2054 2650 2380 2717 ὑποστάσεις
2407 2654 2835 2724 σημαίνοντα,οὑ
2860 2661 2970 2722 rei;
2994 2654 3116 2714 οὖσι
3144 2663 3241 2717 καὶ
3269 2664 3650 2735 αὐταρκεστά-

2051 2759 2166 2806 τοις
2197 2736 2285 2803 ὧν
2308 2745 2385 2816 μὴ
2417 2744 2629 2801 δέονται
2670 2747 2843 2803 ταῦτα
2889 2750 2958 2805 δι’
2991 2753 3198 2808 ἑαυτῶν
3249 2760 3643 2829 παρεχόμεναο

2052 2832 2243 2906 ῶσπερ
2271 2835 2338 2905 δὴ
2367 2838 2551 2891 καὶτὸ
2580 2840 2791 2909 ἀγαθὸν
2834 2844 2931 2898 καὶ
2969 2845 3032 2899 τὸ
3081 2849 3245 2916 σοφὸν
3294 2851 3391 2903 καὶ
3431 2850 3655 2906 δίκαιον

2051 2927 2147 2981 καὶ
2176 2927 2560 3000 φιλάνθρωπον
2609 2932 2706 2987 καὶ
2739 2934 2809 2988 τὰ
2836 2934 3062 2991 τοιαῦτα
3094 2943 3554 3013 κατηγορήματα,
3588 2945 3648 2997 εἰ

2051 3018 2147 3073 καὶ
2189 3018 2265 3073 τὰ
2302 3019 2405 3090 μὲν
2437 3021 2719 3094 ἐνέργειαν
2749 3025 2783 3097 ἧ
2818 3027 2990 3093 πάθος
3018 3030 3112 3083 τοῦ
3145 3031 3512 3105 ὑποκειμένου
3539 3037 3643 3107 δη-

367 3133 493 3171 nem
523 3125 617 3172 aut
640 3116 949 3187 passionem
977 3114 1209 3185 subjecti
1236 3113 1501 3179 indicant,
1532 3111 1640 3168 alia
1667 3111 1943 3168 exsisteu-

2053 3111 2146 3178 λοῖ,
2178 3111 2247 3166 τὰ
2277 3112 2335 3167 δὲ
2363 3111 2461 3185 τὴν
2493 3114 2727 3188 ὓπαρξιν
2760 3118 2857 3173 καί
2888 3120 3145 3176 οὑσίωσιν
3177 3122 3217 3194 ﬁ
3245 3124 3315 3178 τὰ
3336 3101 3487 3199 ¹πάθη

367 3210 499 3263 tiam
529 3216 585 3263 et
612 3208 1161 3273 substantiationem,
1186 3207 1270 3262 vel
1293 3206 1582 3277 passiones
1601 3213 1656 3260 et
1678 3204 1940 3259 actiones.

365 3299 503 3355 Nam
547 3299 594 3356 si
628 3301 824 3355 horum
855 3300 1279 3370 praedicatorum
1311 3293 1598 3370 quodlibet
1637 3296 1941 3353 secundum

364 3402 654 3463 utramque
684 3390 957 3447 dictorum
1000 3398 1209 3462 partem
1250 3390 1513 3461 subjectis
1544 3403 1659 3446 suae
1686 3384 1944 3460 pmdicao

364 3484 498 3540 tioni
542 3483 837 3540 individuis
883 3484 1166 3540 cumulum
1206 3483 1274 3541 de
1321 3499 1425 3539 suo
1459 3482 1722 3554 adjiceret
1772 3491 1873 3536 aut
1909 3496 1942 3538 e

360 3576 691 3648 corporibus
726 3585 1107 3632 coacervatum:
1146 3584 1245 3631 aut
1280 3590 1311 3631 e
1339 3575 1674 3647 proprietate
1704 3573 1940 3645 qualita-

360 3678 479 3725 tum
531 3668 863 3735 deductum,
907 3668 992 3722 vel
1037 3683 1332 3739 corporum
1388 3676 1617 3723 naturas
1639 3666 1729 3722 vel
1760 3666 1810 3722 si
1856 3666 1939 3721 vis

359 3763 809 3831 incorporeorum
823 3761 1171 3816 accessiones
1185 3767 1504 3831 congereret
1524 3777 1539 3814 :
1553 3758 1705 3830 quid,
1724 3772 1944 3828 quaeso,

359 3870 389 3907 a
423 3854 754 3923 portentosis
780 3853 1060 3923 ﬁgmentis
1082 3861 1137 3907 et
1161 3852 1399 3922 spectris
1412 3850 1689 3921 ejusmodi
1716 3858 1937 3905 senten-

360 3948 436 4000 tia
480 3944 851 4016 discreparet?
899 3944 959 3999 Si
1009 3958 1139 3998 vero
1184 3943 1311 4012 quis
1342 3945 1595 4011 corporis
1643 3955 1775 3995 voce
1808 3955 1936 4009 gau-

358 4037 497 4091 dens
538 4044 593 4091 et
628 4052 658 4090 a
696 4050 962 4105 corporea
994 4032 1217 4089 notione
1262 4046 1371 4087 non
1416 4031 1677 4086 recedens
1706 4043 1939 4099 corpora

360 4138 555 4177 vocare
594 4123 713 4177 vult
744 4137 943 4193 genera
985 4130 1040 4176 et
1081 4121 1312 4191 species,
1351 4136 1477 4191 quae
1520 4120 1588 4174 de
1637 4119 1934 4176 individuis

356 4215 682 4285 corporibus
712 4214 997 4285 praedicari
1020 4214 1302 4279 dicuntur,
1324 4213 1399 4267 nil
1423 4214 1472 4267 ei
1497 4212 1894 4267 reluctabimur
1910 4228 1937 4281 ς.

357 4322 484 4361 nam
533 4320 734 4376 corpus
794 4306 898 4360 hoc
954 4315 1112 4376 pacto
1163 4304 1367 4359 dictum
1414 4318 1607 4359 omnes
1642 4303 1937 4374 praedictas

2044 3202 2143 3266 τὰς
2171 3205 2481 3276 ἐνεργείας.
2518 3207 2581 3261 Εἰ
2610 3210 2719 3280 γὰρ
2746 3208 2979 3266 ἕκαστον
3006 3212 3117 3268 τῶν
3145 3219 3641 3288 κατηγορουμένων

2044 3294 2166 3348 καθ’
2198 3296 2466 3368 ἑκατέραν
2498 3298 2609 3352 τῶν
2636 3300 2946 3373 εἰρημένων
2983 3304 3179 3377 μερίδα
3210 3307 3391 3378 σωρὸν
3413 3310 3633 3365 οίκοθεν

2015 3404 2022 3411 ·
2040 3386 2154 3447 τοῖς
2179 3384 2563 3456 ὑποκειμένοις
2582 3386 2617 3458 ῆ
2638 3386 2731 3441 τὸν
2751 3389 3133 3461 ἐπινοοῦμενον
3162 3391 3261 3447 διὰ
3276 3396 3572 3466 σωμάτων,
3598 3398 3644 3469 ἦ

2039 3474 2132 3529 τὸν
2161 3475 2269 3530 ἀπὸ
2298 3476 2398 3547 τῆς
2442 3477 2706 3550 ἰδιότητος
2732 3479 2841 3534 τῶν
2870 3484 3266 3555 πεποιωμένων
3289 3502 3315 3517 α
3337 3486 3387 3539 εἰ
3418 3486 3640 3542 τούτων

2039 3564 2270 3621 ἕκαστον
2298 3569 2413 3633 τοῖς
2442 3568 2552 3623 ὑπδ
2578 3572 2915 3643 κατηγορίαν
2942 3574 3168 3646 ἀτόμοις
3192 3558 3440 3631 τελοῦσιν
3461 3579 3497 3651 ἢ
3524 3597 3633 3633 σω-

2041 3659 2229 3729 μάτων
2280 3659 2493 3727 φύσεις,
2541 3663 2591 3714 εἰ
2633 3661 2813 3732 βούλει
2860 3665 2918 3719 δὲ
2966 3665 3342 3738 ἢάσωμάτων
3389 3670 3635 3725 ἐνετίθε-

2040 3766 2140 3803 σαν
2174 3750 2291 3820 (27)
2322 3752 2419 3805 καὶ
2462 3754 2916 3824 συνεφορτίζοντο
2952 3758 3271 3831 προσθήκας
3301 3758 3442 3830 (28),
3476 3762 3531 3814 τί
3563 3762 3631 3815 ἂν

2035 3840 2146 3894 τῶν
2194 3843 2521 3913 τερατωδῶν
2570 3845 2910 3917 πλασμάτων
2964 3866 3026 3902 τε
3080 3849 3172 3902 καὶ
3230 3852 3535 3919 φασμάτων
3594 3856 3635 3924 ἠ

2034 3932 2208 3986 ταῦτα
2242 3935 2660 4008 παραδεχομένη
2686 3937 2905 4010 διέφερε
2928 3940 3062 4008 δόξα
3084 3958 3109 4009 ς
3132 3942 3205 3995 ΕΙ.
3235 3942 3292 3995 δέ
3325 3960 3409 4006 τις
3436 3948 3501 4015 τῇ
3531 3947 3627 4000 τοῦ

2037 4021 2292 4094 σώματος
2346 4027 2528 4099 χαίρει
2572 4030 2725 4101 φωνῇ
2774 4031 2871 4085 καὶ
2911 4029 3010 4101 τῆς
3056 4033 3378 4105 σωματικῆς
3412 4036 3628 4101 ἐννοίας

2034 4116 2135 4170 οὑκ
2167 4117 2535 4188 ἀφιστάμενος
2560 4119 2789 4191 σώματα
2816 4122 3003 4176 καλεῖν
3036 4124 3210 4179 ἐθέλοι
3253 4126 3321 4180 τὰ
3359 4127 3494 4197 γένη
3530 4131 3627 4182 καὶ

2032 4208 2104 4263 τὰ
2135 4208 2276 4279 εἴδη,
2312 4210 2348 4264 ἃ
2377 4211 2487 4264 τῶν
2516 4212 2737 4282 ἀτόμων
2768 4215 3038 4286 σωμάτων
3074 4219 3502 4288 κατηγορεῖσθαι
3532 4219 3624 4272 λέ-

2031 4316 2210 4369 γεται,
2237 4301 2388 4355 οὐδὲν
2416 4303 2553 4374 πρὸς
2582 4303 2743 4359 αὑτὸν
2769 4304 3081 4377 διοισόμεθα
3106 4324 3129 4337 σν
3147 4306 3208 4361 τὸ
3235 4309 3343 4379 γὰρ
3366 4308 3510 4362 οὕτω
3536 4310 3624 4363 λεο

356 4413 521 4453 ausas
550 4397 710 4469 plene
743 4412 807 4452 ac
838 4413 972 4466 pure
1014 4396 1224 4467 etrugit,
1260 4410 1327 4450 ac
1362 4410 1459 4466 per
1482 4392 1732 4447 vocabuli
1766 4392 1929 4448 unius

2053 4392 2263 4461 τόμενον
2328 4393 2488 4464 σῶμα
2544 4393 2717 4460 λαϐὰς
2763 4396 2983 4460 ἁπάσας
3044 4397 3145 4461 τὰς
3210 4401 3620 4472 προειρημένας

354 4489 767 4546 conversionem
807 4490 863 4559 (ι.
892 4489 1329 4558 concessionem)
1375 4496 1613 4541 mentem
1661 4484 1782 4555 ejus
1824 4485 1919 4554 qui

2053 4483 2292 4556 ιαθαρῶς
2319 4484 2785 4555 διαπέφευγε,καὶ
2809 4488 2995 4557 φωνῆς
3020 4489 3225 4543 ἐνδόσει
3258 4490 3499 4544 διάνοιαν
3530 4510 3618 4560 φι-

354 4581 729 4653 pbilosopbari
760 4582 930 4652 cupit,
969 4597 1181 4647 curare,
1215 4595 1521 4650 nunquam.
1548 4578 1768 4648 opinor,
1786 4577 1929 4648 apud

350 4689 540 4744 annos
559 4675 775 4745 judices
811 4674 1109 4729 absurdum
1139 4673 1472 4729 censebitur.

354 4800 359 4803 -
423 4764 513 4819 10.
563 4763 766 4819 Verum
829 4764 945 4819 haec
994 4764 1215 4833 quidem
1276 4772 1363 4818 est
1426 4760 1815 4832 compendiosa
1864 4775 1929 4815 ac

348 4855 649 4910 secundum
681 4864 829 4909 tuam
866 4854 1183 4924 petitionem
1211 4861 1467 4923 suscepta
1497 4853 1566 4908 de
1594 4850 1926 4906 subalternis

347 4946 636 5017 generibus
667 4960 733 5001 ac
776 4945 1088 5015 speciebus,
1117 4961 1240 5016 qua:
1268 4946 1335 5001 de
1400 4944 1699 5001 individuis
1726 4958 1925 5015 corpo-

345 5040 501 5095 ribus
554 5038 842 5109 przcdicari
906 5038 1185 5102 dicuntur,
1247 5035 1596 5107 disceptatio,
1651 5048 1797 5104 quae,
1865 5043 1925 5087 nt

344 5132 598 5202 equidem
668 5146 928 5196 censeo,
972 5131 1115 5187 haud
1175 5130 1553 5201 ignobiliorem
1617 5126 1923 5184 doctrinam

345 5224 531 5290 tradit,
563 5239 727 5294 quam
773 5224 862 5279 ille
894 5222 991 5295 qui
1037 5222 1268 5294 Stagiris
1297 5221 1575 5277 oriundus
1605 5220 1919 5276 universam

343 5317 610 5372 Graeciam
662 5315 715 5370 in
762 5316 976 5371 dulcem
1030 5330 1145 5372 sua:
1178 5315 1460 5386 sapientiae
1500 5312 1918 5368 admirationem

344 5409 546 5480 rapuit,
594 5408 663 5463 de
705 5409 771 5464 iis
821 5408 955 5478 ipsis
1005 5408 1385 5480 philosophice
1429 5420 1583 5461 more
1623 5402 1915 5460 disseruit-

2028 4576 2557 4646 λοσοφεῖνὲθέλοντος
2579 4579 2901 4650 θεραπεύειν
2921 4581 3023 4634 οὑκ
3043 4577 3617 4656 ἂνρῖμαιῃιλανθρωο

2027 4669 2155 4735 πίας
2180 4670 2474 4741 κρινούσης
2511 4671 2793 4744 νομισθείη
2822 4672 3152 4743 παράλογον.

2099 4766 2151 4815 ι’.
2193 4760 2356 4815 Ἀλλὰ
2400 4760 2628 4818 τοιαῦτα
2675 4762 2775 4834 μὲν
2816 4764 2849 4834 ἠ
2887 4764 3267 4837 κεφαλαιώδης
3307 4768 3403 4821 καὶ
3466 4767 3611 4821 κατὰ

2029 4853 2131 4924 τὴν
2178 4853 2277 4924 σὴν
2326 4854 2551 4921 ἀξίωσιν
2606 4855 2736 4927 περὶ
2777 4855 2889 4909 τῶν
2932 4856 3259 4929 ὑπαλλήλων
3302 4859 3477 4928 γενῶν
3519 4860 3614 4912 καὶ

2032 4942 2209 5005 εἰδῶν,
2238 4942 2276 4996 ὃ.
2312 4943 2421 4996 τῶν
2446 4944 2666 5014 ἀτόμων
2706 4944 2929 5014 λέγεται
2954 4948 3383 5018 κατηγορεῖσθαι
3420 4949 3611 5019 σωμά-

2031 5050 2159 5098 των,
2189 5033 2552 5098 διατύπωσις’
2583 5035 2682 5088 οὑκ
2717 5036 3606 5111 ἀκομψοτέρανφῖμαιπροϐαλλο-

2036 5126 2171 5198 μένη
2210 5126 2461 5199 θεωρίαν,
2494 5128 2526 5198 ἢ
2557 5129 2586 5181 ὁ
2616 5127 2686 5201 τὰ
2714 5130 2994 5202 Στάγειρα
3022 5130 3204 5202 λαχὼν
3239 5133 3475 5205 πατρίδα
3514 5135 3607 5187 καὶ

2032 5217 2129 5290 τὴν
2168 5218 2445 5290 Ἑλληνίδα
2466 5222 2646 5275 πᾶσαν
2672 5222 2753 5285 εἰς
2775 5221 2962 5293 θαῦμα
2990 5224 3165 5293 γλυκὺ
3198 5228 3297 5297 τῆς
3315 5226 3481 5280 αὑτοῦ
3516 5244 3605 5280 σο-

2028 5309 2158 5378 φίας
2184 5310 2522 5381 ἐπιστρέψας
2547 5313 2675 5383 περὶ
2697 5312 2876 5368 αὑτῶν
2892 5316 3310 5391 ἐφιλ.οσόφη[φει
3324 5318 3519 5389 ⁴ἰ-φησε
3535 5318 3605 5391 ?]°

2029 5402 2186 5457 τοῦτο
2219 5403 2321 5475 μὲν
2374 5404 2513 5475 μετά
2562 5404 2763 5477 πολλὴν
2799 5406 2928 5481 περὶ
2960 5407 3071 5463 τῶν
3104 5409 3277 5480 γενῶν
3321 5410 3419 5465 καὶ
3453 5410 3607 5463 εἰδῶν

1810 5515 2044 5575 ΝΟΤΞ.

411 5637 524 5707 (26)
556 5636 677 5692 Vat.
709 5654 754 5707 ε,
771 5633 1131 5707 μεταποιήσῃ.

414 5700 527 5774 (‘27)
563 5708 653 5764 Sic
714 5700 880 5775 Vah;
933 5700 1111 5761 Catil:
1146 5703 1252 5775 Ap.
1306 5700 1622 5759 ἀνετίθεσαν
1674 5708 1912 5758 corruet.

2020 5640 2229 5703 postea-

2092 5702 2205 5773 (28)
2238 5702 2359 5760 Cat.
2389 5700 2529 5774 πρὸς
2636 5703 2838 5775 θήκας.
