3884 6202
368 315 473 383 491

1527 302 1791 367 ΡΗΟΤΙΙ
1832 300 1958 362 PA'I

2064 294 2336 356 ΑΒΟΗίΕ
2367 293 2479 353 CP.
3434 338 3435 341 η
3493 351 3498 355 .

3541 275 3647 343 £92

371 429 593 503 quando
623 424 786 482 Pater
835 419 1011 481 Verbo
1039 420 1355 492 adjungitur
1385 428 1438 473 et
1468 418 1613 473 Deus
1658 421 1956 503 assumpta:

2062 406 2161 478 μὲν
2206 406 2428 474 κυρίως
2485 398 2582 456 τοῦ
2633 396 2847 471 Πατρός
2896 395 2974 467 τῷ
3007 393 3169 465 Λόγῳ
3207 392 3646 462 συνταττομένου

371 502 727 581 humanitati,
758 528 863 567 vox
896 526 1029 567 vero
1056 527 1158 565 non
1189 508 1401 579 proprie
1432 505 1699 568 vicissim,
1730 502 1951 574 quando

368 608 513 664 Deus
536 606 787 662 redditur
809 602 991 660 Verbo
1012 611 1067 658 et
1096 601 1256 657 Pater
1277 610 1573 671 assumpta:
1598 594 1947 653 humanitati.

366 698 518 754 Talis
568 705 655 753 est
710 696 875 767 igitur
931 693 1224 758 sententia,
1277 707 1419 761 quae,
1480 700 1539 746 ut
1589 689 1766 755 vides,
1812 687 1951 743 nihil

368 788 537 843 habet
572 786 894 842 obscurum.
930 782 1130 839 Plexus
1161 791 1342 838 autem
1371 780 1640 836 orationis
1671 778 1950 851 quomodo

368 882 698 947 resoivetur,
754 879 859 934 nisi
898 862 1221 948 accipiendo
1262 876 1430 931 verba
1464 875 1556 930 illa
1586 873 1729 929 ὥστε
1753 874 1815 928 τὸ
1851 872 1955 944 μὲν

367 973 577 1045 κυρίως
605 972 694 1025 ἐπ’
723 972 951 1043 ἀμφοῖν,
978 984 1172 1040 nempe
1200 978 1259 1023 ut
1291 967 1526 1023 alterum
1554 966 1775 1038 quidem
1821 980 1950 1035 pro-

366 1066 489 1137 prie
518 1066 588 1122 de
636 1075 871 1136 utroque
911 1062 1151 1125 dicatur.
1189 1075 1299 1117 non
1332 1059 1589 1125 seorsim,
1632 1074 1732 1114 nec
1760 1073 1949 1113 vocem

364 1156 531 1221 Deus,
566 1170 666 1213 nec
698 1170 888 1212 vocem
922 1152 1089 1208 Pater
1106 1153 1174 1208 de
1202 1166 1313 1207 uno
1340 1151 1525 1222 aliquo
1552 1149 1949 1221 subiectorum,

368 1265 550 1319 neque
580 1248 648 1304 de
676 1248 979 1314 ambobus;
1029 1245 1123 1302 sed
1176 1242 1464 1300 referendo
1498 1242 1695 1297 horum
1734 1251 1950 1296 utrum-

372 1340 507 1396 libet
551 1342 620 1397 ad
664 1338 983 1404 utrumlibet
1031 1337 1428 1408 subiectorum,
1480 1334 1697 1389 Patrem
1728 1332 1947 1402 quidem

368 1433 660 1489 reddentes
690 1431 887 1496 Verbo,
916 1430 1085 1485 Deum
1113 1443 1245 1485 vero
1263 1435 1561 1498 assumpta:
1583 1425 1946 1488 humanitati;

368 1524 444 1579 ita
476 1523 679 1593 pariter
710 1520 936 1577 verbum
970 1519 1102 1575 illud
1153 1535 1257 1573 non
1297 1520 1507 1588 proprie
1550 1532 1658 1572 non
1693 1515 1950 1572 deterrui-

369 1624 498 1671 nate
530 1630 700 1669 unum
734 1613 955 1684 aliquod
983 1611 1403 1683 praedicatorum
1445 1609 1715 1665 sumendo
1744 1608 1811 1664 de
1839 1621 1951 1662 uno

368 1707 557 1778 aliquo
590 1706 992 1777 subiectorum,
1024 1720 1123 1759 nec
1148 1704 1216 1759 de
1255 1701 1544 1765 ambobus,
1577 1702 1671 1757 sed
1718 1709 1952 1769 utraque

371 1800 438 1854 ad
464 1771 805 1854 utrumlibet
853 1797 1255 1868 subiectorum,
1307 1811 1403 1867 per
1444 1792 1829 1850 alteruationis
1868 1802 1950 1845 ta-
1983 1771 2025 1827 Β

373 1906 499 1946 men
532 1892 877 1955 rationem,
939 1889 1023 1945 vel
1087 1889 1232 1945 sicut
1276 1888 1345 1943 de
1401 1901 1535 1942 voce
1590 1885 1685 1940 illa
1737 1884 1950 1954 proprie

376 1981 681 2037 dicebatur.
710 1979 945 2047 Quando
976 1980 1121 2035 enim
1152 1977 1298 2033 Deus
1318 1992 1441 2034 esse
1460 1975 1623 2033 Verbi
1654 1975 1947 2045 reperitur,

373 2082 429 2128 et
476 2070 639 2127 Pater
688 2078 988 2139 assumpta:
1036 2068 1418 2136 humanitatis,
1464 2065 1796 2139 signiﬁcatio
1844 2080 1950 2121 non

374 2163 595 2233 propria
625 2162 939 2233 subjicitur.
974 2161 1215 2232 Apparet
1257 2168 1441 2216 autem
1476 2174 1637 2215 voces
1672 2158 1806 2214 istas
1830 2174 1947 2228 pro-

374 2254 488 2320 prie
530 2261 585 2308 et
623 2268 729 2306 non
769 2253 981 2323 proprie
1006 2259 1196 2306 contra
1236 2266 1400 2322 quam
1444 2250 1499 2304 in
1550 2250 1714 2305 rebus
1746 2248 1954 2304 nostris

376 2345 705 2401 adhibentur
760 2360 821 2400 se
887 2345 1110 2400 habere.
1171 2341 1307 2398 Nam
1363 2343 1417 2398 in
1472 2341 1733 2397 inelfabili
1785 2337 1951 2395 Verbi

376 2437 668 2507 carnisque
708 2437 912 2492 unione
961 2434 1128 2491 Pater
1163 2434 1389 2506 quidem
1430 2433 1497 2489 de
1534 2430 1717 2487 Verbo
1746 2430 1955 2502 proprie

376 2530 601 2596 dicitur,
651 2527 791 2582 Deus
824 2542 954 2583 vero
1003 2543 1109 2581 non
1152 2525 1403 2595 proprie;
1445 2524 1499 2579 in
1550 2532 1734 2579 nostra
1769 2533 1953 2577 autem

377 2632 572 2676 natura
597 2636 661 2676 ex
699 2620 935 2675 adverso
963 2619 1107 2675 Deus
1143 2616 1361 2688 quidem
1390 2616 1600 2686 proprie
1631 2613 1952 2681 aiiirmatur,

376 2711 536 2767 Pater
564 2721 747 2767 autem
788 2727 892 2765 non
924 2712 1157 2779 proprie.
1198 2710 1381 2779 Atque
1410 2708 1464 2763 id
1494 2716 1597 2770 est,
1631 2706 1778 2777 quod
1803 2722 1952 2776 qua:-

316 2852 322 2857 .
376 2805 573 2869 sieras,
603 2803 689 2860 vis
716 2818 913 2874 nempe
942 2803 1093 2858 vocis
1123 2801 1272 2856 illius
1301 2800 1336 2871 ἢ
1374 2815 1483 2875 non
1526 2798 1951 2871 disiunctionem

378 2898 693 2967 signiﬁcans
746 2912 846 2952 nec
901 2895 1046 2951 aliud
1098 2894 1397 2966 quidquam
1454 2908 1522 2949 ex
1577 2893 1665 2961 iis,
1729 2892 1783 2947 in
1832 2907 1954 2962 quae

377 2974 550 3042 dividi
604 2985 929 3051 consuevit,
992 2984 1087 3039 sed
1146 2983 1541 3040 declarativum
1616 2981 1952 3053 amplectens

2052 500 2146 554 καὶ
2187 498 2279 551 τοῦ
2336 494 2483 561 Θεὸς
2535 491 2617 563 τῷ
2671 488 3086 561 προσλήμματι⁶
3141 484 3203 540 rb
3246 484 3402 538 δὲσύ
3427 484 3647 551 κυρίως

2053 590 2311 663 ἔμπαλιν,
2346 586 2442 642 τοῦ
2495 585 2592 657 μὲν
2628 584 2774 650 Θεὸς
2814 577 3306 647 ἀνταποδιδομὲνου
3358 574 3440 645 τῷ
3463 576 3645 663 Λόγιρ,

2051 661 2146 739 τοῦ
2193 684 2252 738 δὲ
2305 678 2511 748 Πατὴρ
2552 677 2631 749 τῷ
2678 676 3096 748 προσλήμματι.
3142 668 3383 737 Τοιαύτη
3419 668 3519 739 μὲν
3552 661 3647 720 οὖν

2051 777 2246 843 ualui);
2274 771 2590 845 όρᾷς,οὑδὲν
2616 766 2828 836 ἀσαφὲς
2858 764 3161 835 παρέχεται
3184 762 3220 832 ἡ
3241 760 3454 814 διάνοια
3475 774 3491 789 ·
3523 759 3557 827 ἠ
3586 755 3645 809 δι

2050 868 2229 939 πλοκὴ
2259 864 2353 920 τοῦ
2384 864 2545 932 λόγου
2580 859 2700 925 πῶς
2739 857 2808 912 ἂν
2837 855 3147 927 ὲπιλυθείη,
3182 854 3217 925 ἢ
3249 850 3647 923 λαμϐανόντων

2050 959 2213 1033 ἡμῶν
2243 956 2335 1012 διὰ
2368 954 2463 1009 τοῦ
2494 953 2652 1007 ὥστε
2685 950 2756 1005 τὸ
2776 950 2896 1020 μὲν
2924 948 3146 1015 κυρίως
3166 944 3261 999 ἐπ’
3289 940 3519 1033 ἀμφοῖκ
3544 940 3649 993 οὑκ

2049 1030 2154 1105 δίνά
2186 1046 2372 1120 μέρος,
2400 1043 2525 1098 οὗτε
2549 1042 2611 1097 rb
2630 1038 2783 1107 886;-
2807 1036 2931 1093 οὕτε
2954 1038 3016 1091 rb
3036 1034 3239 1106 Πατὴρ
3268 1034 3390 1088 καθ’
3420 1030 3540 1094 ἑνός
3557 1047 3647 1083 τι·

2052 1157 2141 1205 νος
2169 1138 2280 1192 τῶν
2310 1134 2715 1206 ὑποκειμένων,
2743 1129 2865 1185 οὑδὲ
2904 1129 3025 1183 κατ’
3053 1129 3253 1198 ἄμφωο
3297 1124 3413 1179 ἀλλ’
3448 1122 3646 1176 ἑκατέο

2054 1254 2147 1307 ρον
2198 1234 2402 1289 τούτων
2459 1230 2599 1303 πρὸς
2641 1226 2906 1297 ἑκάτερον
2946 1224 3054 1279 τῶν
3098 1221 3507 1291 ὑποκειμένων,
3545 1215 3647 1271 τοῦ

2054 1329 2154 1399 μὲν
2187 1325 2403 1396 [ἰατρὸς
2430 1322 2508 1393 τῷ
2532 1319 2713 1390 Λόγῳ,
2734 1316 2832 1372 τοῦ
2869 1315 2929 1369 δὲ
2968 1314 3101 1378 Θεὸς
3125 1311 3519 1382 ἀποδιδομένου
3564 1308 3647 1379 τῷ

2052 1418 2484 1492 προσλήμματι·
2539 1410 2803 1467 ὡσαύτως
2844 1407 2902 1462 δὲ
2943 1405 3038 1460 καὶ
3077 1405 3143 1459 rb
3184 1405 3257 1459 οὐ
3292 1404 3517 1471 κυρίως
3542 1402 3646 1454 οὐκ

2052 1508 2437 1582 ἀφορισμένως
2484 1506 2603 1568 ἑνός
2632 1519 2778 1566 τινος
2808 1500 2921 1554 τῶν
2954 1495 3452 1570 κατηγορουμένων
3504 1493 3647 1564 λαμ-

2053 1603 2354 1673 ϐανομένου
2397 1597 2519 1654 καθ’
2563 1597 2683 1659 ἑνός
2728 1610 2878 1658 τινος
2921 1591 3032 1647 τῶν
3070 1588 3476 1661 ὑποκειμένοιν,
3524 1587 3646 1641 οὐδὲ

2054 1695 2176 1751 κατ’
2204 1692 2395 1763 ἄμφω,
2422 1688 2539 1743 ἀλλ’
2567 1686 2739 1759 ἄμφω
2766 1684 2866 1756 μὲν
2903 1682 3039 1755 πρὸς
3072 1680 3338 1763 ἑκάτερον
3368 1678 3479 1733 τῶν
3512 1677 3648 1730 ὑπο·

2053 1759 2346 1858 κειμένων,
2382 1782 2524 1838 κατὰ
2565 1780 2624 1835 δὲ
2666 1780 2758 1833 τὸν
2789 1778 2948 1847 λόγον
2998 1775 3101 1846 τῆς
3128 1759 3455 1842 ὲναλλᾶγῆς,
3500 1770 3535 1841 ἢ
3568 1770 3648 1827 ὡς

2051 1878 2145 1932 ἐπὶ
2171 1877 2267 1932 τοῦ
2291 1874 2512 1944 κυρίως
2542 1870 2782 1941 ἐλέγετο.
2826 1868 2885 1923 '0
2919 1866 3030 1938 γὰρ
3054 1865 3188 1928 Θεὸς
3236 1861 3381 1918 εἶναι
3407 1861 3505 1915 τοῦ
3538 1862 3645 1914 Λό-

2052 1988 2153 2040 γου
2180 1965 2664 2040 κατηγορούμενος
2698 1962 2795 2016 καὶ
2836 1962 2866 2014 6
2901 1959 3093 2037 Πατὴρ
3132 1955 3229 2011 τοῦ
3276 1954 3647 2027 προσλήμμα-

2052 2080 2143 2126 τος
2166 2060 2266 2133 τὴν
2288 2058 2384 2113 τοῦ
2401 2056 2488 2128 μὴ
2513 2056 2731 2124 κυρίως
2747 2050 3024 2124 σημασίαν
3044 2047 3429 2103 ὑποϐάλλεται.
3457 2046 3643 2098 Ἔοικα

2052 2155 2110 2208 δὲ
2137 2152 2198 2207 rb
2236 2150 2454 2220 κυρίως
2482 2147 2581 2201 καὶ
2624 2145 2684 2199 τὸ
2711 2142 2801 2213 μὴ
2827 2140 3045 2211 κυρίως
3074 2138 3355 2210 σημασίαν
3390 2136 3536 2205 παρὸ
3560 2150 3645 2187 κε-

2055 2242 2310 2317 χρήμεθα
2339 2240 2551 2303 τούτοις
2588 2237 2676 2306 ἐφ’
2710 2232 2867 2307 ἡμῶν
2898 2230 3161 2293 ἐναντίως
3201 2228 3371 2299 ἔχειν.
3418 2226 3510 2279 Ἐν
3542 2225 3643 2295 μὲν

2054 2340 2163 2411 γὰρ
2183 2340 2251 2409 τῇ
2284 2337 2509 2409 ἀρρήτῳ
2537 2332 2631 2388 τοῦ
2660 2332 2837 2400 Λόγου
2865 2327 3072 2399 συνόδῳ
3096 2326 3191 2381 καὶ
3219 2325 3320 2394 τῆς
3351 2321 3556 2393 σαρκὸς
3583 2320 3647 2387 rb

2058 2432 2158 2503 μὲν
2210 2428 2416 2497 Πατὴρ
2464 2426 2608 2481 κατὰ
2644 2422 2739 2478 τοῦ
2768 2421 2944 2490 Λόγου
2975 2417 3185 2489 κυρίως
3227 2415 3470 2483 λέγεται,
3502 2411 3562 2465 rb
3586 2411 3645 2465 δὲ
3738 2436 3749 2449 ι

2058 2521 2203 2586 Θεὸς
2234 2519 2297 2571 οὑ
2339 2515 2545 2585 κυρίως
2567 2530 2583 2546 '
2616 2513 2708 2566 ἐπὶ
2738 2510 2797 2564 δὲ
2816 2512 2916 2581 τῆς
2946 2507 3070 2562 καθ’
3097 2506 3246 2577 ἡμᾶς
3280 2503 3501 2574 φύσεως
3539 2503 3644 2571 έμ-

2055 2611 2220 2666 παλιν
2245 2609 2307 2663 rb
2332 2608 2432 2677 μὲν
2465 2605 2611 2674 Θεὸς
2638 2603 2868 2678 κυρίως,
2905 2602 2967 2655 οὑ
2996 2599 3200 2671 κυρίως
3234 2598 3292 2652 δὲ
3321 2595 3384 2649 rb
3412 2594 3646 2664 Πατήρ.

2054 2707 2167 2762 Καὶ
2194 2705 2352 2761 τοῦτό
2385 2706 2538 2758 ἐστιν
2579 2703 2717 2773 ὅπερ
2762 2697 3081 2770 ἠρώτησας,
3109 2697 3143 2766 ἡ
3178 2693 3277 2748 τοῦ
3309 2694 3347 2762 ἢ
3388 2691 3649 2762 δύναμις,

2052 2802 2113 2855 οὑ
2150 2796 2426 2863 διάζευξιν
2453 2792 2690 2865 δηλοῦσα
2711 2790 2831 2845 οὐδέ
2860 2807 2917 2843 τι
2937 2789 3067 2844 ἄλλο
3092 2787 3202 2841 τῶν
3230 2787 3312 2848 είς
3346 2785 3450 2838 ὃσα
3476 2800 3652 2836 κατα-

2058 2888 2380 2963 μερίζεσθαι
2412 2887 2680 2957 πέφυκεν,
2702 2882 2839 2939 ἀλλὰ
2864 2882 2954 2935 τὸν
2977 2879 3369 2963 διασαφητικδν
3392 2878 3646 2941 ἀσπάζου

2055 2983 2191 3054 μένη
2211 2982 2536 3052 χαρακτῆρα
2556 2978 2757 3048 καὶτὴν
2772 2974 2864 3029 τοῦ
2876 2974 3041 3043 παρὸ
3067 2974 3179 3045 (5!)
3195 2971 3383 3043 χρείαν
3399 2970 3652 3040 ἀναπλη-

378 3078 752 3133 characterem
783 3088 1095 3144 munusque
1128 3060 1536 3143 explens'vocis
1566 3070 1711 3142 παρό
1736 3070 1950 3140 (contra

2065 3073 2256 3146 ρούσα.
2295 3073 2397 3143 Είη
2423 3070 2466 3124 δ’
2496 3069 2564 3125 ἂν
2595 3072 2623 3124 ό
2650 3068 2807 3137 λόγος
2837 3063 3311 3137 ἐσχηματισμένος
3337 3064 3420 3127 εἰς
3455 3063 3518 3115 rb
3553 3079 3655 3115 σα-

380 3184 592 3239 quam,
652 3177 845 3223 contra
908 3167 961 3221 id
1019 3165 1212 3237 quod).
1264 3165 1477 3220 Poterit
1541 3172 1724 3218 autem
1782 3162 1958 3216 oratio

2064 3166 2349 3237 φέστερον,
2380 3163 2434 3217 εί
2467 3180 2550 3226 τις
2580 3161 2755 3215 ἐθέλοι
2786 3157 3112 3230 μεταλαϐεῖν
3138 3155 3238 3223 καὶ
3261 3156 3473 3224 λέγειν’
3503 3153 3652 3208 ὥστε

382 3261 590 3316 clarius
607 3259 914 3324 eliormari,
944 3258 990 3313 si
1015 3257 1140 3327 quis
1167 3258 1330 3313 verba
1361 3267 1741 3313 transsumens
1767 3254 1915 3310 dicat
1940 3270 1956 3309 :

385 3354 571 3417 Quare
604 3367 711 3406 vox
737 3351 960 3423 quidem
990 3352 1200 3420 proprie
1234 3350 1303 3405 ab
1332 3349 1595 3405 alterutra
1618 3345 1961 3419 coniugatio-

388 3460 517 3499 num
572 3452 811 3514 sumpta,
875 3455 983 3498 vox
1034 3457 1165 3498 vero
1216 3458 1319 3496 non
1362 3442 1591 3512 proprie.
1640 3439 1711 3495 ab
1764 3439 1957 3504 altera,

385 3545 579 3591 contra
615 3550 778 3605 quam
815 3534 963 3604 apud
997 3548 1098 3590 nos
1126 3548 1187 3590 se
1214 3533 1437 3589 habent.
1463 3531 1783 3591 Resultabat
1814 3530 1960 3584 enim

385 3639 502 3684 tum
535 3642 638 3682 vox
677 3627 910 3697 proprie,
938 3636 1051 3682 tum
1083 3642 1191 3682 vox
1224 3642 1327 3680 non
1354 3626 1565 3696 proprie
1601 3640 1670 3681 ex
1697 3623 1792 3680 tali
1819 3638 1960 3694 qua.

384 3721 512 3776 dam
558 3718 978 3789 praedicatorum
1032 3716 1516 3786 subjectoruutque
1558 3714 1959 3785 complexione.

390 3812 631 3867 Sumens
681 3820 864 3867 autem
896 3824 1062 3865 voces
1109 3809 1233 3864 illas
1254 3808 1466 3878 proprie
1504 3815 1559 3862 et
1589 3822 1694 3861 non
1727 3806 1960 3876 proprie,

386 3919 508 3974 quae
567 3903 678 3974 jam
734 3919 801 3958 ex
867 3917 926 3958 se
974 3900 1110 3970 ipsis
1158 3898 1706 3970 subintelligebantur
1759 3896 1965 3965 (studet

388 3995 535 4050 enim
579 3994 626 4048 si
657 3993 780 4063 quis
812 3993 955 4048 alius
1002 3989 1320 4059 Theologus
1354 3988 1457 4044 iste
1493 3986 1773 4057 brevitati)
1806 3996 1861 4041 et
1893 3986 1963 4042 ad

389 4085 723 4142 resultantes
769 4099 837 4140 ex
884 4083 971 4138 his
1018 4080 1431 4152 coniugationes
1479 4089 1714 4135 mentem
1749 4079 1964 4135 audito-

390 4191 514 4229 rum
545 4174 831 4228 remittens
862 4170 1148 4241 subiunxit
1176 4169 1309 4224 illud
1343 4189 1356 4224 :
1385 4166 1588 4223 Contra
1624 4183 1784 4238 quant
1822 4167 1964 4237 apud

392 4282 507 4320 nos.
545 4263 757 4318 Etenim
805 4272 1097 4332 utramque
1129 4258 1590 4330 complexionem,
1622 4273 1745 4329 quae
1774 4274 1841 4313 ex
1870 4273 1968 4314 vo-

390 4358 545 4414 cibus
573 4356 781 4426 proprie
808 4366 863 4410 et
906 4371 1009 4407 non
1038 4354 1248 4423 proprie
1288 4349 1576 4415 conﬂatur,
1606 4364 1807 4405 sensus
1834 4354 1960 4407 ve'r-

2058 3260 2121 3312 rb
2151 3258 2248 3328 μὲν
2278 3257 2496 3326 κυρίως
2524 3255 2632 3308 ἀπὸ
2668 3252 2903 3323 θατέρας
2925 3250 3034 3305 τῶν
3067 3247 3339 3317 συζυγῶν
3376 3245 3654 3317 λαμδανό-

2064 3366 2246 3423 μενον,
2281 3348 2343 3403 rb
2366 3347 2424 3403 δὲ
2450 3348 2524 3404 οὐ
2562 3346 2783 3427 κυρίως
2811 3344 2920 3399 ἀπὸ
2946 3344 3043 3413 τῆς
3076 3341 3291 3412 ἐτέρας,
3324 3338 3587 3399 ἐναντίως
3614 3336 3651 3405 ἢ

2063 3445 2151 3514 ἐφ’
2180 3445 2217 3514 η
2223 3442 2342 3514 μῶν
2370 3440 2483 3513 ἔχει
2507 3455 2522 3469 ·
2551 3439 2844 3494 συνίστατο
2870 3437 2970 3508 μὲν
2993 3435 3103 3506 γὰρ
3124 3434 3186 3488 τό
3212 3450 3275 3488 τε
3304 3432 3527 3501 κυρίως
3554 3430 3653 3484 καλ.

2064 3539 2125 3592 rb
2152 3538 2225 3591 οὐ
2262 3533 2481 3603 κυρίως
2510 3533 2575 3586 ὲκ
2598 3530 2699 3602 τῆς
2725 3531 2885 3593 ποιᾶς
2913 3526 3236 3598 συμπλοκῆς
3263 3523 3373 3578 τῶν
3408 3538 3651 3592 κατηγο-

2067 3627 2349 3701 ρουμένων
2379 3625 2472 3679 καὶ
2508 3622 2911 3694 ὑποκειμένων,
2951 3618 3178 3674 αὐτόθεν
3209 3617 3266 3671 δὲ
3296 3612 3651 3670 συνεπινοού-

2067 3735 2249 3791 μενον.
2260 3715 2455 3772 Λαϐὼν
2468 3715 2530 3769 τό
2546 3731 2605 3769 τε
2627 3713 2843 3783 κυρίως
2863 3713 3121 3783 ἑκάτερον
3142 3709 3237 3764 καὶ
3258 3707 3319 3762 rb
3338 3709 3411 3762 οὺ
3434 3706 3655 3774 κυρίως

2067 3809 2483 3883 (φιλοσύντομος
2509 3808 2622 3879 γὰρ
2650 3806 2700 3859 εί
2729 3806 2822 3859 καί
2850 3822 2935 3870 τις
2960 3804 3119 3866 ἄλλος
3149 3804 3179 3856 6
3204 3797 3543 3871 θεωρητικὸς
3569 3791 3656 3851 οὗ·

2064 3921 2156 3967 τος
2194 3902 2355 3973 ἀνὴρ)
2389 3900 2486 3955 καὶ
2516 3897 2654 3970 πρὸς
2678 3897 2779 3958 τὰς
2810 3898 2875 3950 ὲκ
2901 3896 3107 3950 τούτων
3148 3890 3527 3964 ὑφισταμένας
3556 3906 3655 3942 συ-

2068 3993 2262 4064 ζυγίας
2290 3994 2382 4048 τὸν
2405 3990 2532 4049 νοῦν
2563 3990 2673 4044 τῶν
2699 3988 2987 4058 ἀκροατῶν
3016 3986 3361 4056 ἀναπέμπων
3398 3984 3653 4053 ἐπήγαγε

2067 4086 2127 4141 rb
2172 4083 2461 4150 ἐναντίως
2498 4082 2537 4150 ἢ
2573 4080 2667 4150 ἐφ’
2697 4078 2869 4151 ἡμῶν
2898 4078 3058 4149 ἔχει*
3102 4077 3197 4131 καὶ
3228 4075 3338 4145 γάρ
3379 4074 3654 4142 ἑκατέραν

2071 4175 2392 4247 συμπλοκὴν
2427 4172 2527 4245 τὴν
2564 4174 2630 4227 ὲκ
2673 4170 2768 4225 τοῦ
2801 4171 3020 4239 κυρίως
3055 4169 3150 4223 καὶ
3172 4165 3271 4223 τοῦ
3304 4164 3392 4236 μὴ
3430 4165 3656 4233 κυρίως

2071 4266 2514 4336 ἀποτελουμένην
2560 4265 2591 4317 ό
2638 4262 2765 4327 νοῦς
2810 4262 2906 4316 τοῦ
2940 4262 3225 4327 ἐναντίως
3271 4258 3305 4328 ἢ
3347 4256 3443 4328 ἐφ’
3483 4254 3655 4327 ἡμῶν

2071 4360 2199 4428 ἔχει
2226 4358 2423 4429 ὁρᾶται
2463 4346 3004 4426 περιπτυσσόμενοςέ
3043 4351 3291 4421 βούλεται
3320 4348 3378 4404 δὲ
3417 4349 3455 4418 ἡ
3497 4363 3656 4418 περι-

394 4450 586 4503 borum
622 4447 839 4501 illorum
888 4454 1071 4498 contra
1111 4458 1271 4511 quam
1310 4443 1363 4495 in
1406 4438 1552 4496 nobis
1592 4450 1668 4494 est
1696 4431 1958 4511 'amplecti

2075 4447 2219 4520 κοπὴ
2244 4444 2339 4499 τοῦ
2367 4443 2528 4513 λόγου
2550 4443 2821 4497 διδάσκειν
2848 4441 3013 4512 αὕτη,
3041 4441 3117 4504 ὼς
3149 4440 3301 4494 οὐδὲν
3332 4438 3537 4495 κωλύει
3563 4438 3655 4491 καὶ

391 4539 653 4595 cernitur.
685 4534 815 4592 Vult
845 4542 1028 4591 autem
1050 4534 1165 4589 haec
1186 4531 1452 4587 orationis
1476 4529 1729 4601 pericope
1755 4531 1971 4597 docere,

392 4631 531 4685 nihil
561 4630 802 4695 obstare,
832 4626 1133 4699 quominus
1159 4623 1370 4693 proprie
1413 4629 1468 4677 et
1512 4637 1618 4676 non
1643 4623 1857 4691 proprie
1902 4621 1971 4676 de

394 4720 574 4777 Verbo
606 4722 845 4786 dicatur,
874 4718 1322 4791 quandoquidem
1349 4715 1514 4770 etiam
1544 4714 1611 4769 de
1639 4713 1823 4777 nobis.
1848 4714 1976 4770 licet

393 4828 563 4869 sensu
594 4813 870 4884 opposito,
898 4821 1195 4879 utrumque
1227 4808 1548 4864 aﬂirmatur.
1576 4806 1657 4862 lbi
1690 4808 1836 4862 enim
1867 4824 1973 4864 vox

393 4906 536 4960 Deus
581 4922 689 4961 non
728 4904 1193 4977 proprie,dicitur,
1228 4900 1324 4959 sed
1353 4901 1553 4966 Pater;
1581 4900 1672 4956 hic
1702 4914 1832 4956 vero
1864 4915 1973 4956 non

396 4996 563 5051 Pater
587 4998 803 5068 proprie
830 4997 928 5053 sed
962 4996 1124 5051 Deus.

466 5090 521 5143 5.
564 5089 622 5142 lu
671 5089 1069 5160 diagrammate
1113 5098 1297 5144 autem
1354 5087 1560 5142 clarius
1622 5085 1973 5139 innotescunt

397 5196 520 5249 quae
551 5181 788 5237 diximus
814 5198 830 5247 ;
855 5181 1103 5251 ponendo
1134 5180 1356 5250 quidem
1386 5177 1641 5249 superius
1675 5175 1895 5229 Patrem
1924 5183 1979 5229 et

398 5272 590 5339 Deum,
634 5273 976 5344 subiiciendo
1022 5282 1212 5328 autem
1270 5270 1419 5326 Patri
1472 5268 1716 5332 Verbum,
1760 5276 1815 5322 ct
1867 5267 1979 5321 Deo

398 5364 803 5431 humanitatem,
826 5374 880 5419 et
906 5364 1079 5418 lineas
1107 5379 1173 5418 ex
1199 5362 1429 5417 adverso
1457 5358 1828 5432 producendo,
1856 5373 1980 5428 qua:

399 5449 583 5508 Verbo
603 5454 938 5525 conjungant
962 5454 1181 5511 Patrem
1205 5462 1260 5511 et
1286 5452 1452 5510 Deum
1484 5452 1807 5509 humanitati
1834 5468 1850 5520 ;
1878 5467 1979 5508 nec

2074 4540 2137 4593 rb
2165 4539 2382 4607 κυρίως
2422 4537 2517 4591 καὶ
2558 4534 2621 4589 rb
2649 4537 2721 4590 οὐ
2752 4535 2971 4603 κυρίως
3007 4534 3102 4587 ἐπὶ
3136 4532 3232 4587 τοῦ
3281 4532 3457 4600 Λόγου
3504 4529 3656 4599 λέγε-

2080 4628 2227 4695 σθαι,
2260 4626 2385 4681 ἐπεὶ
2412 4626 2507 4680 καὶ
2530 4624 2614 4694 ἐφ’
2644 4623 2821 4695 ημῶν,
2854 4624 2903 4675 εἰ
2933 4622 3027 4675 καὶ
3056 4621 3198 4676 κατὰ
3238 4621 3480 4675 διάνοιαν
3514 4621 3656 4674 ἀντι-

2018 4706 2021 4709 }
2076 4719 2315 4792 τεταγμέ
2325 4736 2453 4791 μην,
2480 4716 2647 4789 ἄμφω
2668 4717 2975 4784 θεωρεῖται.
3002 4715 3150 4768 Ἐκεῖ
3174 4713 3273 4785 μὲν
3296 4714 3407 4784 γάρ
3428 4712 3490 4766 rb
3512 4711 3657 4777 Θεὸς

2085 4811 2148 4866 ού
2179 4809 2405 4881 κυρίως,
2426 4808 2565 4863 ἀλλὰ
2592 4808 2653 4861 rb
2682 4806 2910 4875 Πατὴρ,
2931 4803 3164 4859 ἐνταῦθα
3187 4802 3245 4857 δὲ
3274 4805 3338 4859 οὑ
3362 4802 3423 4856 rb
3450 4801 3656 4869 Πατὴρ

2080 4902 2308 4975 κυρίως,
2337 4900 2475 4955 ἀλλὰ
2500 4900 2560 4952 τὸ
2597 4898 2763 4967 Θεός.
3347 4914 3359 4924 ·

2149 5089 2219 5152 γ’.
2266 5081 2389 5135 Ἐπὶ
2413 5080 2471 5135 δὲ
2516 5080 2933 5152 διαγράμματος
2973 5077 3171 5148 γένοιτ’
3208 5074 3274 5130 ἂν
3321 5073 3653 5143 σαφέστερον

2076 5174 2269 5246 ἔχοντα
2350 5174 2417 5227 τὰ
2498 5172 2765 5244 εἰρημένα
2798 5187 2814 5203 ⁸
2877 5168 3330 5242 προταττομένων
3407 5165 3510 5236 μὲν
3562 5163 3654 5218 τοῦ

2077 5270 2281 5340 Πατὴρ
2308 5272 2404 5324 καὶ
2455 5269 2620 5335 Θεὸς,
2660 5266 3113 5337 ὑποταττομένων
3138 5264 3196 5320 δὲ
3233 5263 3310 5335 τῷ
3337 5262 3437 5334 μὲν
3477 5258 3653 5330 Πατρὶ

2077 5361 2171 5417 τοῦ
2203 5363 2398 5431 Λόγου,
2424 5361 2501 5434 τῷ
2521 5359 2641 5433 Θεῷ
2673 5360 2730 5415 δὲ
2752 5359 2849 5414 τοῦ
2872 5358 3325 5430 προσλήμματος,
3353 5355 3449 5409 καί
3473 5370 3651 5424 γραμ-

2084 5455 2199 5528 μῶν
2226 5457 2291 5511 ὲκ
2320 5455 2667 5531 παραλλήλου
2690 5439 3110 5530 προαγομένων,
3131 5451 3190 5506 αἶ
3219 5450 3554 5508 συνάπτουσι
3574 5443 3652 5516 τῷ

1886 5591 2117 5671 now.

476 5720 587 5789 (3|)
616 5720 735 5777 Vat.
778 5720 948 5790 παρὰ.

2798 5760 2829 5781 δ
