3884 6202
282 213 398 280 493

1188 208 1289 268 AD
1324 203 1926 267 AMPHILOCHIUM
1959 203 2307 276 QUIESTIO
2350 205 2672 268 LXXVIII.

3448 203 3553 265 4M

272 332 442 400 Λόγῳ
460 322 552 381 τὸν
580 323 805 395 Πατέρα
830 321 1037 378 καὶτὸν
1057 320 1194 375 Θεὸν
1214 320 1295 393 τῷ
1327 319 1741 391 προσλήμματι,
1764 317 1859 369 καὶ
1887 321 1908 375 1

1994 332 2072 370 non
2098 315 2236 371 alias
2283 320 2461 371 rectas
2490 316 2661 372 lineas
2690 315 3001 383 scribendo,
3046 332 3169 388 quae
3202 332 3270 373 ex
3317 327 3552 389 utroque

272 422 389 493 μὴν
428 419 525 473 καὶ
568 415 845 488 γραμμῶν
884 413 1058 469 ἄλλων
1109 410 1336 465 εὐθειῶν
1372 409 1736 482 γραφομένων
1767 408 1860 478 ἀφ’

270 511 543 583 ἑκατέρας
570 509 745 580 ἀρχῆς
772 506 890 582 «In;
909 504 1268 576 παραλλήλων
1301 503 1440 574 πρὸς
1462 503 1724 572 ἑκάτερον
1759 501 1861 554 πέ-

276 612 387 676 ρας
433 602 856 673 συναπτομένων
887 600 983 654 καὶ
1030 596 1267 670 χιασμὸν
1296 596 1411 670 (32)
1444 595 1546 666 μέν
1575 611 1698 648 τινα
1726 592 1866 665 πρὸς

270 694 487 765 ἄλληλα
510 690 1020 765 σχηματιζομένων,
1044 689 1331 760 διαγώνιον
1354 688 1411 743 δὲ
1439 687 1589 742 Θέσιν
1610 686 1746 759 πρὸς
1768 685 1869 749 τὰς

274 781 665 854 παραλλήλους
714 780 985 852 ἑκατέρας
1036 777 1469 848 ἀναδεχομένης.
1518 773 1693 846 Δῆλον
1756 772 1868 844 γὰρ

273 874 555 941 ἐντεῦθεν,
578 873 660 936 ὡς
694 872 838 928 κατὰ
866 872 967 944 μὲν
992 873 1090 944 τὴν
1136 869 1480 943 παράλληλον
1505 869 1617 924 τῶν
1644 866 1870 922 εὐθειῶν

277 967 437 1022 θέσιν
464 968 496 1021 ὅ
521 982 583 1020 τε
625 965 819 1037 Πατήρ
858 964 955 1019 τοῦ
977 964 1154 1033 Λόγου
1182 962 1396 1034 Πατὴρ,
1438 962 1533 1016 καὶ
1561 963 1590 1016 6
1613 960 1747 1025 Θεὸς
1773 958 1869 1014 τοῦ

273 1059 716 1130 προσλήμματος
753 1057 889 1122 Θεὸς
933 1057 1001 1112 ἂν
1046 1055 1240 1129 ὀφθείη
1284 1055 1491 1128 κυρίως
1544 1053 1871 1121 λεγόμενος,

274 1149 429 1204 κατὰ
437 1149 494 1202 δὲ
506 1149 607 1220 τήν
625 1148 925 1217 συνάφειαν
939 1144 1034 1200 τοῦ
1052 1143 1287 1216 χιασμοῦ
1304 1144 1401 1199 καὶ
1419 1147 1448 1198 6
1464 1142 1597 1207 Θεὸς
1629 1142 1763 1205 Θεὸς
1778 1140 1873 1196 τοῦ

276 1241 464 1310 Λόγου
495 1240 592 1297 καὶ
618 1241 648 1296 6
672 1239 861 1312 Πατὴρ
888 1239 951 1292 οὑ
985 1238 1194 1311 κυρίως
1222 1236 1291 1291 ἂν
1319 1236 1518 1309 ῥηθείη
1559 1235 1750 1308 Πατὴρ
1777 1233 1874 1289 τοῦ

278 1332 745 1405 προσλήμματος.
787 1332 851 1384 Et
878 1330 941 1385 δὲ
969 1330 1031 1384 τὸ
1063 1329 1165 1401 μὲν
1193 1332 1259 1384 ὲκ
1285 1326 1635 1401 παραλλήλου
1667 1327 1875 1393 λάϐοις,

279 1424 353 1477 τὸ
375 1425 432 1477 δὲ
462 1420 603 1477 κατὰ
639 1423 739 1492 τὴν
777 1421 1071 1491 διαγώνιον
1115 1408 1402 1493 γραμμὴν,
1438 1419 1537 1474 καὶ
1574 1419 1735 1473 τοῦτο
1754 1418 1878 1473 καθ’

281 1516 563 1587 ἑκατέραν
588 1515 943 1585 συζυγίαν,δι’
977 1514 1314 1587 ἀμφοτέρων
1334 1514 1441 1586 ὕψη
1469 1499 1547 1568 τό
1570 1529 1629 1566 τε
1658 1511 1879 1581 κυρίως

286 1608 417 1678 ἅμα
448 1608 544 1661 κα)⁵
570 1609 643 1661 οὐ
672 1606 893 1675 κυρίως
940 1604 1353 1676 ἀναφυόμενον·
1404 1605 1501 1659 καὶ
1549 1603 1659 1675 γὰρ
1700 1604 1730 1656 6
1779 1601 1878 1673 μὲν

286 1665 491 1769 dum
520 1696 617 1755 τοῦ
643 1665 819 1767 Λόίου
1102 1697 1134 1750 6
1156 1665 1221 1751 δὲ
1249 1695 1384 1760 Θεὸς
1412 1696 1475 1750 οὑ
1508 1665 1716 1766 κυρίως
1736 1710 1751 1725 ·
1779 1665 1881 1748 καὶ
1913 1665 1955 1721 Β

289 1788 463 1843 πάλιν
499 1788 529 1841 6
555 1788 663 1866 μὲν,
685 1791 874 1862 Πατήρ
902 1788 997 1844 τοῦ
1031 1788 1468 1861 προσλήμματος
1494 1789 1558 1842 οὑ
1590 1786 1825 1859 κυρίως,
1853 1788 1882 1840 6

291 1877 359 1930 δὲ
387 1877 522 1943 Θεὸς
564 1876 788 1951 κυρίως.
835 1878 1140 1950 Τεσσάρων
1183 1875 1279 1934 οὖν
1317 1877 1593 1949 συζυγιῶν
1637 1877 1888 1932 ὲνδιπλα-

297 1970 461 2041 σμῶν
484 1971 901 2043 θεωρουμένων,
941 1973 1075 2044 μιᾶς
1116 1971 1217 2043 μὲν
1249 1972 1358 2026 τῶν
1389 1974 1457 2026 ὲκ
1508 1969 1885 2042 παραλλήλου,

298 2064 501 2135 ἐτέρας
533 2064 591 2117 δὲ
618 2064 726 2118 τῶν
750 2067 895 2120 κατὰ
922 2066 1182 2136 χιασμὸν,
1214 2064 1360 2119 δυοῖν
1384 2064 1430 2118 δ’
1452 2063 1786 2128 ὑπολοίπων,
1814 2057 1890 2118 ὧν

300 2157 551 2227 ἑκατέρα
602 2157 694 2211 διὰ
726 2159 859 2227 μιᾶς
894 2157 993 2227 μὲν
1035 2154 1145 2212 τῶν
1186 2155 1514 2224 διαγωνίων,
1552 2154 1790 2225 θατέρας
1832 2154 1893 2209 δὲ

301 2250 420 2305 τῶν
450 2252 517 2304 ὲκ
564 2250 916 2322 παραλλήλου
947 2248 1417 2321 συμπλεκομένων
1446 2228 1710 2319 ἀλλήλαις
1748 2245 1891 2300 ἀπο-

304 2343 570 2411 τελεῖται,
608 2340 861 2416 φανερὸν,
894 2342 970 2407 ὡς
992 2341 1055 2396 τὸ
1083 2342 1370 2408 ἐναντίως
1391 2340 1431 2409 ἢ
1457 2340 1551 2410 ἐφ’
1580 2338 1752 2409 ἡμῶν
1768 2340 1897 2409 ἔχει

312 2436 458 2507 πρὸς
505 2434 777 2507 ἑκατέραν
809 2433 922 2489 τῶν
949 2433 1278 2490 τελευταίων
1325 2432 1758 2503 ἁποδοθήσεταιυ
1789 2424 1898 2487 ’καὶ

308 2529 426 2600 γὰρ
467 2529 563 2582 ἐπὶ
611 2527 822 2583 τούτων
861 2530 891 2582 6
922 2526 1118 2600 Πατήρ
1153 2526 1233 2599 τῷ
1267 2526 1425 2596 Λόγῳ
1456 2524 1552 2580 καὶ
1597 2525 1679 2597 τῷ
1725 2541 1899 2596 προσ-

310 2622 568 2694 λήμματι
603 2622 1011 2693 συναπτόμενος
1033 2661 1049 2685 ,
1081 2621 1161 2693 τῷ
1220 2620 1321 2692 μὲν
1366 2620 1526 2688 Λόγῳ
1562 2618 1790 2689 κυρίως,
1834 2617 1899 2670 οὑ

310 2712 523 2783 κυρίως
552 2711 612 2766 δὲ
643 2711 722 2782 τῷ
737 2712 1131 2784 προσλήμματι
1166 2710 1599 2781 συναρμόζεταιο
1635 2708 1903 2772 ὡσαύτως

312 2805 378 2859 δὲ
407 2806 502 2859 καὶ
534 2806 599 2860 τὸ
628 2806 773 2873 Θεὸς
807 2807 1014 2878 κυρίως
1038 2805 1135 2861 τοῦ
1165 2804 1601 2877 προσλήμματος
1625 2844 1641 2869 ,
1691 2804 1750 2858 οὑ
1801 2819 1903 2857 κυ-

316 2893 455 2965 ρίως
487 2894 546 2949 δὲ
575 2894 673 2949 τοῦ
705 2895 880 2964 Λόγου
913 2894 1049 2959 Θεὸς
1077 2890 1221 2950 εἶναι
1242 2893 1726 2966 περιαγγέλλεται.
1747 2889 1905 2946 Οὕτω

1966 408 2352 478 parallelorum
2393 408 2550 463 initio
2582 407 2651 463 ad
2688 409 2980 464 terminum
3052 420 3348 482 utrumque
3380 426 3554 480 copu-

1969 499 2172 568 lentur,
2213 508 2269 556 et
2308 501 2615 556 cbiasmum
2649 501 2944 571 quemdam
2991 499 3059 556 ad
3107 500 3339 557 invicem
3383 503 3556 558 edor-

1970 602 2142 659 ment,
2174 603 2406 663 utraque
2442 603 2624 649 tamen
2655 592 2963 662 diagonalis
3007 593 3075 649 ad
3110 593 3401 663 parallelas
3441 603 3556 651 sta-

1971 696 2177 742 tuatur.
2213 684 2353 742 Hinc
2385 685 2531 741 enim
2565 685 2913 758 perspicuum
2946 685 3023 751 lit,
3044 686 3190 756 quod
3222 687 3278 741 in
3295 687 3560 757 parallelo

1973 789 2247 835 rectarum
2281 779 2551 834 linearum
2583 789 2637 834 et
2676 776 2836 833 Pater
2880 775 3045 834 Verbi
3090 776 3273 843 Pater,
3310 786 3368 834 et
3413 775 3559 834 Deus

1975 869 2335 928 humanitatis
2356 881 2652 942 assumpta;
2672 869 2817 927 Deus
2836 870 3048 940 proprie
3077 871 3275 925 dicitur
3297 889 3313 940 ;
3345 870 3402 926 in
3425 885 3561 927 con-

1969 964 2256 1036 junCtione
2282 976 2463 1019 autem
2493 963 2725 1020 chiasmi
2753 972 2806 1018 et
2828 962 2971 1017 Deus
3000 960 3163 1017 Verbi
3196 961 3340 1019 Deus
3365 971 3437 1023 et,
3461 961 3563 1016 Pa-

1973 1065 2058 1111 ter
2087 1054 2447 1110 humanitatis
2475 1053 2638 1109 Pater
2668 1069 2772 1108 non
2809 1051 3024 1123 proprie
3054 1052 3279 1107 dicitur.
3327 1051 3485 1120 Quod
3516 1051 3565 1107 si

1976 1146 2209 1202 alterum
2239 1145 2459 1217 quidem
2492 1144 2792 1203 secundum
2824 1143 3139 1214 parallelam
3163 1143 3385 1217 lineam,
3418 1143 3559 1199 alte—

1977 1253 2101 1294 rum
2131 1252 2261 1293 vero
2291 1237 2596 1293 secundum
2619 1235 2967 1308 diagonalem
3001 1250 3227 1303 sumas,
3274 1236 3437 1304 idque
3476 1252 3569 1292 se-

1979 1329 2221 1385 cundum
2242 1337 2536 1400 utramque
2564 1328 3031 1399 coniugationem,
3060 1328 3320 1398 utrinque
3344 1327 3571 1398 prodire

1981 1424 2192 1481 videbis
2219 1431 2275 1479 et
2301 1423 2581 1495 propriam
2626 1423 2794 1478 simul
2821 1432 2879 1479 ct
2922 1423 3107 1478 minus
3140 1423 3416 1493 propriam
3475 1438 3569 1478 ac-

1982 1517 2310 1587 ceptionem.
2348 1514 2561 1594 Etenim
2613 1515 2774 1571 Pater
2819 1515 3040 1586 quidem
3102 1513 3264 1570 Verbi
3327 1515 3572 1586 proprie,

1986 1608 2129 1664 Dens
2171 1617 2351 1664 autem
2404 1608 2586 1663 minus
2617 1607 2858 1679 proprie,
2892 1617 2946 1662 et
2993 1622 3215 1663 rursum
3258 1605 3419 1661 Pater
3447 1606 3575 1676 qui-

1985 1698 2107 1753 dem
2148 1708 2449 1768 assumpta:
2503 1697 2866 1752 humanitatis
2919 1697 3120 1771 minus.
3154 1696 3397 1767 proprie,
3433 1696 3578 1753 Deus

1986 1806 2118 1848 vero
2161 1789 2403 1862 proprie.
2460 1787 2600 1845 Cum
2647 1788 2815 1858 igitur
2866 1796 3107 1858 quatuor
3162 1787 3580 1859 conjugaliones

1989 1872 2285 1955 duplicata:
2305 1882 2749 1947 considerentur,
2784 1895 2892 1937 una
2921 1882 3147 1952 quidem
3192 1880 3459 1935 linearum
3490 1895 3584 1951 pa-

1992 1975 2326 2041 rallelarum,
2362 1974 2531 2029 altera
2559 1989 2688 2030 vero
2729 1973 2997 2029 linearum
3045 1972 3280 2028 chiasmi
3327 1972 3586 2043 (intersc-

1991 2064 2252 2139 ctarum),
2290 2076 2346 2122 et
2379 2066 2505 2123 alia:
2561 2066 2704 2133 duae,
2758 2082 2993 2138 quarum
3044 2067 3298 2137 quaelibet
3349 2081 3417 2122 ex
3473 2081 3586 2120 una

1994 2158 2359 2230 diagonalinm
2387 2168 2444 2215 et
2469 2159 2575 2215 alia
2599 2158 2985 2230 parallelarum
3009 2159 3150 2214 inter
3164 2174 3226 2215 se
3244 2157 3587 2229 complicatis

1996 2252 2248 2318 resultat,
2282 2250 2573 2308 manifeste
2617 2261 2865 2323 apparet,
2898 2253 3045 2323 quod
3078 2252 3243 2306 verba
3282 2251 3373 2307 illa
3401 2260 3590 2305 contra

1996 2366 2157 2421 quam
2195 2350 2337 2419 apud
2368 2366 2462 2404 nos
2502 2366 2603 2404 usu
2630 2351 2789 2414 venit,
2818 2349 2884 2404 ad
2917 2346 3234 2403 utramlibet
3288 2353 3593 2417 postrema-

1999 2459 2119 2497 rum
2161 2442 2435 2499 reddenda
2483 2452 2634 2499 sunt.
2674 2443 2730 2497 In
2775 2441 2862 2497 his
2917 2441 3065 2497 enim
3111 2438 3272 2493 Pater
3318 2438 3494 2494 Verbo
3536 2446 3594 2494 et

2001 2542 2297 2604 assumpta:
2327 2534 2653 2590 humanitati
2686 2532 2974 2604 copulatus
3003 2530 3179 2587 Verbo
3205 2528 3427 2601 quidem
3465 2544 3597 2601 pro-

2002 2627 2138 2699 prie,
2168 2625 2497 2681 humanitati
2551 2634 2733 2681 autem
2780 2632 3078 2694 assumptus
3130 2624 3314 2679 minus
3369 2622 3596 2699 proprie

2002 2724 2329 2786 coaptatur;
2369 2716 2443 2771 ita
2471 2731 2605 2771 vero
2634 2724 2691 2770 et
2721 2730 2828 2769 vox
2858 2713 2999 2769 Deus
3029 2713 3249 2784 prOpI-ie
3281 2712 3594 2768 humanita-

2005 2806 2077 2862 tis
2100 2814 2423 2877 assumpta,
2450 2805 2634 2863 minus
2663 2804 2882 2876 proprie
2920 2803 3076 2859 Verbi
3116 2819 3239 2860 esse
3274 2805 3598 2875 pronuntia-

2007 2908 2116 2955 tur.
2172 2898 2264 2955 Sic
2309 2898 2478 2970 igitur
2522 2898 2610 2954 his
2656 2912 2688 2952 a
2736 2897 2896 2953 nobis
2934 2895 3319 2961 consideratis.
3359 2896 3594 2952 alteram

311 2987 614 3058 τοιγαροῦν
650 2989 808 3061 ήμῶν
857 2987 1304 3043 ἐπισκοπούντων
1338 2986 1399 3040 τὸ
1445 2986 1545 3057 μὲν
1587 2985 1689 3056 τῆς
1735 2981 1898 3048 συζυ-

2003 2983 2225 3055 quidem
2250 2984 2693 3058 conjugationem
2724 2984 2962 3055 proprie,
2996 2984 3222 3039 alteram
3256 2999 3385 3041 vero
3412 2984 3598 3039 minus

314 3080 445 3148 γίας
487 3079 716 3152 κυρίως,
763 3078 826 3133 τὸ
866 3079 923 3133 δὲ
962 3078 1265 3150 οὑ-κυρίως
1309 3077 1433 3149 ἔχον
1464 3077 1900 3148 ἀναφανήσεται,

314 3173 415 3226 καὶ
439 3171 601 3226 τοῦτο
628 3172 690 3226 ού
721 3171 1034 3243 μονοειδῶς,
1067 3170 1186 3226 ἀλλ’
1209 3173 1269 3226 έν
1296 3170 1479 3242 σχέσει
1508 3171 1605 3226 καὶ
1633 3169 1904 3241 συναφείᾳ

316 3258 781 3333 παραλλαττούσῃ
811 3260 1115 3316 διπλασίονι
1132 3276 1151 3292 ο
1182 3262 1279 3316 καὶ
1307 3260 1488 3332 δῆλον,
1524 3260 1602 3324 ὡς
1631 3260 1905 3331 ἑκατέρας

315 3354 432 3408 τῶν
462 3354 735 3425 σύζυγιῶν
759 3354 1022 3426 ἑκάτερον
1050 3354 1145 3409 τοῦ
1181 3356 1399 3425 κυρίως
1436 3355 1532 3409 καὶ
1558 3353 1655 3408 τοῦ
1695 3355 1767 3408 οὐ
1797 3370 1906 3408 κυ-

312 3448 465 3516 ρίως
484 3438 743 3511 ἐναντίως
778 3446 812 3518 ἢ
848 3447 935 3517 ἐφ’
959 3446 1118 3519 ήμῶν
1145 3446 1260 3517 ἔχει
1280 3463 1294 3478 ’
1331 3447 1428 3500 καὶ
1458 3447 1647 3517 ἐπειδὴ
1675 3442 1907 3511 ἐπεζεύ-

323 3539 433 3611 χθη
465 3540 533 3593 τὰ
558 3538 821 3611 ὀνόματα,
857 3540 919 3593 τὸ
951 3540 1096 3607 Θεὸς
1127 3539 1275 3608 λέγω
1305 3539 1400 3593 καὶ
1432 3538 1657 3607 Πατὴρ,
1688 3537 1781 3592 διὰ
1808 3538 1911 3608 τῆς

322 3628 424 3682 τοῦ
462 3630 685 3699 κυρίως
712 3628 1066 3695 οίκειώσεως,
1085 3628 1396 3701 ὲπεζεύχθη
1422 3629 1480 3684 δὲ
1509 3628 1666 3683 οὐδὲν
1689 3626 1909 3682 ἔλαττον

324 3725 426 3777 καὶ
454 3722 544 3777 διὰ
572 3723 674 3793 τῆς
706 3722 802 3777 τοῦ
827 3722 914 3793 μή
948 3723 1168 3792 κυρίως
1201 3708 1609 3793 συναρτήσεως,
1646 3721 1696 3774 εί
1731 3719 1912 3791 βούλει

321 3812 389 3867 δὲ
420 3813 517 3867 καὶ
552 3813 689 3868 διότι
720 3813 813 3867 ἐπὶ
836 3816 936 3885 τῆς
965 3813 1138 3885 αὑτῆς
1186 3814 1562 3877 ὑποστάσεως,
1607 3813 1657 3865 εί
1696 3811 1793 3866 καὶ
1839 3811 1916 3883 μὴ

326 3905 534 3973 ὁμοίως
568 3906 818 3978 φέρεται,
849 3906 1127 3979 πρόφασις
1160 3906 1353 3975 γέγονε
1382 3907 1495 3970 τοῖς
1522 3904 1820 3976 αίρετικοῖς
1853 3904 1916 3957 τὸ

328 3996 578 4052 τοιοῦτον
623 4001 706 4063 είς
750 3998 814 4052 τὸ
858 3984 1150 4070 κρατύνειν
1174 3998 1357 4052 αὑτῶν
1394 3997 1535 4070 μετὰ
1550 3994 1915 4069 ’προσωπείου

330 4088 399 4142 τὸ
421 4090 655 4162 δυσσέδη
665 4108 741 4162 μα
772 4090 1115 4146 κλεπτόντων
1149 4091 1249 4161 μὲν
1288 4090 1350 4144 τὸ
1380 4092 1599 4160 κυρίως
1623 4090 1721 4145 καὶ
1743 4090 1807 4144 τὸ
1842 4092 1917 4146 οὐ

334 4183 580 4250 κυρίως,
627 4183 974 4256 σεσυλημένα
1024 4184 1081 4239 δὲ
1128 4183 1515 4257 προφερόντων
1563 4183 1640 4248 ὡς
1674 4183 1742 4238 ἂν
1796 4183 1921 4255 βού-

337 4273 516 4327 λοιντο
548 4274 611 4328 τὸ
648 4275 853 4345 Πατὴρ
882 4275 977 4329 καί
1009 4292 1073 4344 γε
1107 4275 1167 4329 τὸ
1197 4275 1342 4342 Θεὸς
1371 4275 1456 4345 ἐφ’
1496 4275 1769 4347 ἑκατέρας
1808 4275 1919 4329 τῶν

2008 3077 2226 3147 proprie
2252 3076 2428 3147 accipi
2454 3077 2759 3147 apparebit,
2784 3076 2951 3146 idque
2975 3091 3083 3131 non
3112 3092 3219 3131 una
3250 3075 3599 3146 simplicique

1992 3164 2207 3229 forma,
2244 3164 2338 3221 sed
2380 3166 2437 3220 in
2490 3165 2810 3222 habitudine
2851 3174 2907 3220 et
2947 3165 3297 3237 copulatione
3351 3165 3601 3241 Vprianle

2009 3257 2249 3329 gemina.
2282 3258 2349 3313 Et
2375 3266 2540 3329 patet,
2574 3258 2627 3312 in
2666 3250 2928 3314 utrolibet
2974 3256 3367 3328 coniugatione
3388 3266 3601 3313 utram-

2008 3353 2143 3409 libet
2202 3350 2409 3421 proprii
2461 3359 2517 3406 et
2565 3350 2752 3406 minus
2814 3350 3025 3422 proprii
3077 3351 3351 3405 rationem
3407 3359 3597 3405 contra

2011 3459 2179 3515 quam
2210 3442 2354 3513 apud
2385 3458 2488 3499 nos
2521 3441 2594 3498 sit
2618 3457 2679 3497 se
2711 3442 2933 3498 habere.
2960 3441 3026 3497 Et
3053 3441 3315 3511 quoniam
3344 3440 3597 3511 copulata

2015 3530 2236 3586 fuerunt
2264 3530 2512 3594 nomina,
2541 3530 2685 3587 Deus
2724 3532 2947 3602 inquam
2992 3539 3049 3586 et
3091 3529 3274 3594 Pater,
3304 3545 3403 3600 per
3433 3530 3602 3601 hujus

2016 3623 2259 3680 adverbii
2295 3626 2507 3695 proprie
2535 3625 2922 3696 adjectionem,
2965 3624 3213 3695 copulata
3245 3631 3429 3679 tamen
3459 3623 3606 3678 nihi-

2017 3716 2258 3772 lominus
2285 3715 2509 3771 fuerunt
2532 3733 2630 3788 per
2655 3717 2900 3773 adverbii
2929 3734 3031 3771 non
3059 3719 3271 3788 proprie
3303 3714 3607 3786 colligatio-
3714 3707 3723 3715 ’

2018 3822 2167 3875 nem,
2200 3808 2283 3864 vel
2310 3808 2356 3864 si
2386 3808 2472 3865 vis
2500 3809 2689 3874 etiam,
2719 3810 2847 3880 quia
2870 3809 2961 3864 illa
2990 3809 3058 3865 de
3086 3809 3275 3865 eadem
3301 3806 3607 3880 hypostasi,

1996 3901 2146 3957 'licet
2184 3917 2292 3957 non
2330 3902 2602 3968 similiter,
2634 3901 2959 3965 eﬂ‘eruntur,
2995 3902 3046 3956 id
3078 3917 3214 3956 ansa
3245 3899 3458 3956 exstitit
3494 3898 3609 3953 ha:-

2020 3984 2207 4049 rélicis
2236 3992 2305 4049 ad
2351 3993 2784 4049 conﬁrmandam
2815 4008 2943 4048 cum
2988 3992 3181 4047 fraude
3228 4006 3386 4047 suam
3418 3989 3614 4059 impie-

2023 4094 2210 4153 tatem,
2246 4086 2622 4141 aut‘erentibus
2672 4085 2893 4156 quidem
2937 4100 3102 4140 voces
3151 4083 3274 4138 illas
3313 4081 3528 4151 proprie
3558 4088 3614 4133 et

2022 4179 2307 4249 improprie
2336 4179 2585 4251 doloque'
2607 4179 2874 4249 sacrilego
2901 4176 2967 4232 ad
3006 4192 3167 4232 suum
3198 4170 3608 4245 proferentibus

2027 4272 2240 4328 libitum
2263 4287 2452 4327 vocem
2485 4271 2633 4326 illam
2670 4269 2854 4325 Patris
2882 4280 2935 4325 et
2962 4268 3056 4324 Dei
3081 4284 3247 4338 supra
3294 4264 3613 4322 utramlibet

337 4364 466 4419 καθ’
509 4366 811 4420 ὑπόστασιν
860 4367 1158 4439 ήνωμένων
1212 4367 1433 4437 φύσεων
1477 4368 1617 4439 πρὸς
1677 4366 1776 4440 τήν
1820 4368 1908 4439 τῆς

1994 4362 2002 4401 ⁵
2029 4374 2352 4420 naturarum
2375 4363 2718 4435 hypostatice
2755 4364 3055 4427 unitarum,
3086 4371 3145 4415 ut
3167 4375 3322 4416 suam
3352 4356 3615 4426 blasphe-

342 4450 480 4515 ιδίας
511 4451 866 4525 βλασφημίας
901 4454 1184 4511 σύστασιν.
1224 4456 1388 4512 Ἀλλὰ
1422 4456 1552 4528 περὶ
1588 4457 1687 4528 μὲν
1714 4457 1922 4512 τούτων

340 4542 583 4599 τοσαῦτα
610 4546 641 4599 ό
670 4547 770 4618 τῆς
795 4547 1085 4618 φιλοσόφου
1113 4548 1347 4621 θεωρίας
1375 4547 1598 4617 διέξεισι
1628 4548 1812 4619 λόγος.

2030 4459 2195 4513 miam
2226 4456 2525 4512 stabiliant.
2556 4455 2757 4511 Verum
2804 4456 2918 4511 haec
2956 4456 3171 4525 quidem
3203 4453 3275 4507 ita
3318 4468 3384 4506 ex
3424 4448 3617 4505 catho-

2030 4551 2150 4607 licae
2176 4549 2301 4606 ﬁdei
2329 4549 2579 4605 doctrina
2613 4548 2979 4619 esplicantur.

1848 4727 2085 4784 NOTAE.

427 4867 864 4935 (32)Chiasmns
892 4875 979 4923 est
1018 4866 1191 4938 ﬁgura
1230 4863 1698 4938 formaiILlitterae
1762 4878 1797 4919 ι
1845 4864 2139 4920 exhibens.
2206 4864 2268 4919 In
2327 4866 2437 4938 cod
2471 4864 2594 4920 Vat.
2657 4860 2881 4919 schema
2931 4874 2963 4913 a
3009 4853 3204 4910 Photio
3265 4855 3617 4928 designatum

351 4932 652 5010 ascriptum
680 4948 763 4994 est
786 4956 801 4993 :
1058 4932 1084 4938 ⁷
1434 4932 1633 5015 Πατήρ

1953 5020 1980 5412 Ι
2007 5380 2096 5448 9a..
2389 5396 2390 5401 ‘

1559 5452 1562 5461 .
2054 5449 2139 5522 ἢ

1727 5539 1783 5605 ὦ)

1559 5778 1561 5785 τ
1667 5772 1729 5808 ου
2198 5758 2293 5811 τοῦ

2350 4934 2482 5001 Θεὸς
