3884 6202
154 225 256 291 497

1042 232 1142 291 AD
1184 229 1777 291 AMPIIILOCHIUM
1816 229 2163 301 QUZESTIO
2197 233 2521 297 LXXVIII.

3310 236 3416 300 498

153 343 410 415 Θειασμὸς
471 342 821 414 ὀργιάζεταιο
876 342 1105 407 είκότως
1159 343 1410 414 ἠρκέσθη
1470 341 1560 397 διά
1614 342 1761 406 τῶν,

1844 360 2016 415 gnere,
2046 361 2155 400 non
2181 356 2364 402 autem
2395 363 2525 404 suos
2556 346 2831 420 mysteriis
2859 345 3274 403 dialecticorum
3303 349 3414 403 ini-

153 438 615 509 παραδειγμάτων
665 434 1014 507 στηλιτεῦσαι
1061 437 1191 507 τοὺς
1242 436 1581 507 τεχνολογεῖν
1625 434 1725 506 τὴν

151 529 245 585 τοῦ
282 528 420 583 Θεοῦ
449 527 610 598 φύσιν
636 529 718 591 είς
751 527 951 599 θράσος
980 527 1380 597 ἀπενεχθέντας
1410 525 1592 597 πολλῴ
1620 526 1730 579 δει-

154 622 495 694 σιδαιμονίας
535 621 940 693 χαλεπώτερον,
974 622 1070 675 καὶ
1113 621 1285 687 δεῖξαι
1307 661 1323 685 ,
1374 619 1510 690 μηδὲ
1540 621 1601 673 τὸ
1628 619 1728 689 τῆς

153 716 494 783 ἀντιφάσεως
524 714 707 777 αὑτοῖς
741 712 1179 784 πολυθρύλλητον
1221 711 1453 783 ὄργανον
1492 712 1587 765 ἐπὶ
1619 711 1729 766 τῶν

152 810 421 879 τυχόντων
453 809 543 861 ἀεὶ
571 807 915 878 πραγμάτων
956 806 1053 877 τὴν
1098 806 1256 877 ίσχὺν
1299 804 1515 876 ἄμαχον
1560 802 1729 874 ἔχειν,

158 901 289 972 μήτι
320 916 383 969 γε
413 900 700 970 κριτήριον
743 898 1011 969 ὑπάρχειν
1052 897 1152 966 τῆς
1184 896 1499 967 ὑπερφυοῦς
1543 894 1732 958 οὑσίας

158 991 252 1044 καὶ
288 990 431 1059 ὑπὲρ
459 988 617 1058 λόγον
658 988 1101 1059 μεγαλειότητος.
1132 986 1309 1040 Πολλά
1332 987 1377 1041 δ’
1403 986 1471 1040 ἂν
1496 985 1580 1057 εἴη
1620 984 1732 1038 τῶν

159 1082 420 1152 ῥημάτων
450 1082 512 1134 τὸ
559 1081 659 1151 μὲν
703 1080 893 1151 σχῆμα
929 1079 1173 1145 σώζοντα
1213 1077 1315 1149 τῆς
1366 1078 1732 1147 ἀντιφάσεως,

155 1174 251 1245 τήν
279 1173 339 1225 δὲ
373 1172 563 1243 χρείαν
598 1172 786 1225 ούκέτι
818 1172 1020 1241 ὁμοίως
1049 1170 1359 1241 παρέχοντα
1389 1169 1490 1239 τῆς
1515 1167 1733 1240 διακρί-

158 1280 296 1326 σεως
319 1280 333 1294 ·
367 1258 478 1316 οἷον
501 1264 554 1316 εἴ
572 1280 657 1328 τις
686 1264 933 1333 περὶτοῦ
960 1263 1161 1328 ζῶντος
1191 1265 1476 1335 ἐπερωτᾷ,
1503 1263 1734 1334 πότερον

156 1350 315 1419 οὗτος
342 1356 705 1427 ἀναστήσεται
738 1354 832 1409 τοῦ
856 1355 1115 1420 θανάτου,
1163 1356 1196 1427 ἢ
1227 1358 1327 1409 οὑκ
1354 1355 1467 1425 (5i)
1495 1355 1738 1425 ἀναστή-

161 1465 353 1503 σεται·
383 1449 667 1519 οὑδέτερον
708 1448 819 1519 γάρ
849 1430 1098 1501 ἐνταῦθα
1143 1446 1550 1519 σωφρονούντός
1588 1448 1739 1498 ἐστιν

160 1540 548 1608 ἀποδέξασθαι.
596 1540 791 1593 Καίτοι
818 1540 953 1608 γτή
996 1538 1248 1609 παροῦσα
1279 1536 1373 1591 τοῦ
1405 1537 1565 1607 λόγου
1608 1554 1737 1590 συν-

160 1632 306 1703 θήκη
341 1634 437 1685 καὶ
468 1632 630 1685 πλέον
660 1648 712 1684 τι
755 1630 892 1702 πρὸς
925 1630 1226 1700 ἀσφάλειαν
1272 1627 1418 1700 ἔχειν
1460 1628 1640 1681 δοκεῖ’
1681 1628 1742 1680 τὸ

160 1725 267 1796 γάρ
307 1724 603 1796 ἀρνητικὸν
651 1722 841 1795 μόριον
866 1722 946 1795 τῷ
970 1722 1432 1793 κατηγορουμένῳ
1464 1723 1737 1791 συνῆπται

162 1816 372 1886 ῥήματι
393 1831 408 1846 ο
430 1813 546 1868 ἀλλ’
571 1814 631 1867 οὑ
656 1812 858 1884 μετέϐη
890 1812 1028 1884 πρὸς
1048 1812 1112 1866 τὸ
1134 1810 1523 1883 ὑποκείμενον.
1552 1811 1741 1865 Τοιοῶ

158 1925 249 1962 τον
282 1908 343 1960 δὲ
376 1909 473 1962 καὶ⁸
494 1906 576 1971 τὺ,
610 1907 845 1977 Πότερον
877 1908 1004 1971 τοὺς
1027 1906 1140 1960 τῶν
1172 1906 1403 1959 λεόντων
1432 1905 1629 1977 όνυχας
1656 1905 1741 1959 ἔτι

159 2000 391 2069 φύουσιν
422 2001 473 2054 οί
499 2000 609 2055 τῶν
635 1998 937 2071 ἀνθρώπων
964 1999 1144 2063 πόδες,
1174 2000 1209 2071 ἢ
1240 1999 1302 2052 οὑ
1332 1999 1561 2068 φύουσιν
1586 1998 1738 2065 ;ἀλλ’

157 2095 187 2147 ό
230 2095 353 2156 τοῖς
402 2092 628 2164 δρόμοις
677 2092 981 2164 φερόμενος
1018 2092 1122 2163 ήδη
1161 2094 1301 2164 πρὸς
1344 2092 1406 2145 τὸ
1445 2093 1599 2157 τέλος
1642 2090 1738 2145 τοῦ

159 2185 377 2255 ἀγῶνος
413 2184 649 2257 πότερον
677 2188 734 2238 ὲν
754 2184 905 2255 αὑτῷ
929 2183 1009 2254 τῷ
1035 2183 1296 2255 φέρεσθαι
1318 2184 1421 2256 τήν
1448 2184 1625 2256 ἀρχὴν
1642 2184 1743 2255 τῆς

159 2279 338 2350 φορᾶς
374 2277 635 2342 ἐϐάλετο,
679 2276 713 2349 ἢ
759 2277 898 2342 ὅλως
947 2279 1048 2331 οὑκ
1095 2277 1333 2349 ἣρξατος
1382 2278 1500 2342 πῶς
1548 2279 1658 2349 γὰρ
1704 2279 1740 2348 ή

160 2370 394 2441 τοιαύτη
418 2369 616 2435 πλάσις
638 2370 747 2425 τῶν
772 2370 947 2439 λόγων
969 2371 1065 2424 τού
1092 2371 1323 2441 ψεύδους
1352 2370 1618 2442 διακρίνει
1641 2369 1742 2441 τήν

159 2461 452 2533 ἀλήθειαν;
475 2464 536 2517 τὸ
562 2463 641 2529 δὲ,
670 2462 790 2535 Πῦρ
811 2465 1066 2536 ὑγραίνον
1086 2463 1384 2534 καὶψύχον
1412 2464 1482 2516 τὰ
1513 2464 1743 2535 σώματα

162 2556 396 2626 πότερον
436 2555 576 2610 κατά
607 2555 767 2625 φύσιν
815 2555 850 2628 ἢ
881 2556 942 2609 οὑ
976 2555 1121 2610 κατά
1166 2555 1330 2625 φύσιν
1380 2556 1584 2627 ταύτην
1615 2559 1743 2610 ἐπι-

160 2646 409 2699 δείκνυσι
437 2646 539 2717 τὴν
561 2647 849 2719 ἐνέργειαν
868 2664 882 2712 ;
906 2646 1068 2700 τοῦτο
1093 2646 1152 2701 δὲ
1174 2646 1420 2718 δηλονότι
1442 2647 1635 2719 ὥσπερ
1649 2649 1746 2703 καὶ

160 2740 223 2793 τὸ
244 2739 404 2811 παρά
429 2740 530 2809 τῆς
552 2738 835 2810 αἱρετικῆς
851 2739 1098 2803 ἐπινοίας
1124 2739 1542 2810 προτεινόμενον
1563 2756 1745 2807 παρα-

164 2830 552 2902 πεποιημένην
581 2830 697 2901 ἔχει
736 2832 836 2902 τῆς
868 2831 1193 2902 ἐρωτήσεως
1221 2829 1322 2900 τὴν
1351 2829 1643 2883 διάπλασιν
1664 2846 1678 2862 ο
1719 2831 1747 2883 ό

162 2923 220 2975 δὲ
248 2910 546 2993 ἄνθρωπος
579 2924 874 2994 μετάρσιος
896 2923 1006 2976 ἀπὸ
1030 2926 1132 2994 γῆς
1166 2923 1493 2993 φερόμενος,
1516 2923 1749 2993 πότερον

163 3009 405 3064 παύεται
422 3011 525 3080 τῆς
556 3011 831 3083 μετεώρου
861 3013 1055 3085 φορᾶς,
1087 3012 1121 3083 ἢ
1149 3014 1210 3066 οὑ
1238 3012 1498 3079 παύεται;
1520 3016 1621 3084 τῆς
1647 3013 1747 3084 μὲν

164 3102 472 3173 εἰρημένης
496 3104 677 3167 αἰτίας
701 3105 1071 3176 ἀπήλλακται,
1088 3105 1186 3175 ούχ
1210 3100 1375 3176 ἦττον
1393 3105 1450 3160 δὲ
1474 3106 1536 3158 τὸ
1561 3107 1749 3177 σχῆμα

170 3195 647 3266 μετασχηματίζει
676 3201 768 3250 καὶ
796 3196 1216 3269 παραχαράττει
1241 3196 1342 3268 τῆς
1372 3198 1575 3270 κυρίως
1595 3202 1750 3253 ἀντι-

168 3286 420 3354 φάσεως⁹
467 3289 497 3339 ό
543 3287 601 3341 δὲ
655 3288 847 3359 χρόνος
878 3288 1088 3343 ὑδάτων
1134 3289 1273 3360 ῥέων
1319 3288 1527 3359 νάμασι
1576 3306 1752 3361 παρα-

168 3377 443 3448 πλησίως,
474 3375 585 3451 ἆρα
618 3382 874 3451 στήσεται
899 3382 1001 3451 τῆς
1032 3382 1164 3452 ροἧς
1196 3382 1229 3453 ἢ
1258 3383 1319 3435 οὗ
1347 3384 1639 3455 στήσεταιί
1663 3384 1750 3456 δῆ·

169 3470 262 3524 λον
292 3469 354 3524 δὲ
382 3470 459 3536 ὡς
500 3473 537 3542 ή
570 3471 865 3543 συμπλοκὴ
893 3474 987 3527 καὶ
1020 3474 1164 3546 αὕτη
1190 3474 1283 3528 τοῦ
1321 3474 1481 3544 λόγου
1506 3478 1608 3547 τήν
1644 3478 1752 3548 πρὸ

169 3563 342 3619 αὑτοῦ
368 3565 679 3642 μιμουμένη
697 3564 787 3619 διὰ
811 3568 912 3637 τῆς
939 3567 1111 3637 αὐτῆς
1143 3568 1483 3637 κακουργίας
1519 3571 1752 3640 προελή-

170 3656 365 3711 λυθιεν⁸
402 3659 451 3710 εί
485 3656 666 3727 βούλει
695 3658 752 3712 δὲ
786 3658 882 3713 καὶ
933 3658 1162 3730 πότερον
1191 3660 1225 3731 ή
1255 3658 1550 3731 ἀσώματος
1592 3660 1752 3730 φύσις

169 3751 271 3820 τὴν
302 3750 629 3821 σωματικὴν
669 3751 1011 3823 ὑποδυομένη
1050 3751 1362 3819 διάπλασιν,
1397 3752 1459 3818 ἐξ
1496 3752 1627 3825 ὕλης
1664 3756 1757 3808 καὶ

174 3843 377 3907 είδους,
403 3844 438 3915 ἢ
471 3844 529 3910 ἐξ
560 3843 844 3915 οὐδετέρου
885 3843 1091 3899 τούτων
1118 3844 1244 3917 ἔσχε
1270 3845 1370 3918 τὴν
1423 3846 1754 3919 σύγκρισιν;

1832 434 1988 500 tiare,
2013 437 2214 492 merito
2236 436 2482 492 sulIleere
2502 438 2770 507 judicavit
2804 437 3072 507 exemplis
3120 452 3218 493 eos
3248 438 3412 491 refel-

1830 530 1963 595 lere,
1998 530 2091 602 qui
2122 546 2217 601 per
2242 531 2376 585 artis
2406 531 2650 600 argutias
2678 529 2774 586 Dei
2803 540 3055 585 naturam
3080 528 3441 600 perscrutari

1832 620 2126 688 audebant,
2153 622 2377 678 audacia
2405 623 2597 689 multo,
2629 638 2792 693 quam
2831 622 3148 693 superstitio
3179 622 3272 685 sit,
3295 638 3419 690 gra-

1831 715 1991 781 viori,
2043 724 2097 770 et
2144 716 2435 772 ostendere
2462 732 2531 771 ne
2582 717 2715 771 illud
2749 716 2971 787 quidem
3007 715 3236 770 nimium
3276 716 3418 782 apud

1832 806 1980 877 ipsos
2017 806 2368 863 decantatum
2421 809 2877 863 contradictionis
2929 822 3195 877 organum
3228 806 3310 859 vel
3361 806 3445 859 in

1838 896 2086 968 his'ipsis
2113 897 2278 954 rebus
2310 899 2514 954 inlimis
2558 900 2821 955 invictum
2847 914 3066 969 semper
3094 899 3298 953 habere
3330 911 3420 951 ro-

1835 988 1961 1056 bur,
1993 990 2192 1062 nedum
2227 990 2509 1046 criterium
2536 1006 2658 1047 esse
2682 990 2965 1061 judicandi
2992 991 3058 1046 de
3088 997 3421 1060 supernatu-

1838 1083 1938 1138 rali
1967 1085 2272 1140 substantia
2298 1085 2667 1154 ined‘ahilique
2694 1085 2970 1156 majestati
3005 1095 3216 1154 aptum.
3247 1081 3421 1137 Multa

1837 1190 2002 1247 porro
2032 1176 2307 1231 enuntiari
2335 1183 2563 1246 queunt,
2593 1190 2717 1245 quae
2742 1174 2977 1245 speciem
3019 1171 3242 1243 quidem
3283 1186 3421 1226 con-

1839 1268 2181 1325 tradictionis
2214 1270 2527 1340 praeferunt,
2563 1284 2670 1324 non
2698 1277 2880 1322 tamen
2906 1282 3094 1323 verum
3128 1282 3193 1321 ac
3224 1264 3419 1319 falsum

1840 1361 2206 1431 distinguunt,
2226 1370 2349 1417 ute.
2374 1377 2457 1433 gr.
2487 1361 2535 1417 si
2553 1361 2678 1432 quis
2693 1361 2759 1416 de
2781 1359 3231 1415 hominevivente
3251 1358 3419 1412 inter-

1843 1462 2021 1523 roget,
2042 1462 2225 1508 utrum
2256 1453 2346 1509 hic
2363 1462 2663 1525 resurgata
2682 1462 2857 1508 morte
2885 1468 2954 1507 an
2977 1466 3084 1506 non
3114 1468 3129 1517 ;
3167 1461 3423 1504 neutrum

1842 1545 1989 1600 enim
2060 1545 2154 1600 hic
2193 1544 2263 1600 ab
2292 1544 2514 1600 homine
2562 1560 2711 1600 sana:
2748 1544 2946 1599 mentis
2976 1528 3188 1598 admitti
3222 1530 3445 1611 potest.

1845 1635 2172 1705 Quanquam
2213 1636 2327 1691 haec
2355 1635 2623 1691 orationis
2653 1636 2994 1691 constructio
3011 1633 3229 1689 videtur
3261 1633 3329 1686 ad
3364 1632 3427 1685 ii-

1843 1730 1963 1783 dem
1986 1727 2295 1784 faciendam
2314 1729 2489 1799 pluris
2518 1728 2723 1799 aliquid
2749 1728 2982 1795 habere;
3008 1727 3257 1798 negativa
3276 1726 3423 1782 enim

1841 1821 2109 1892 particula
2146 1820 2440 1892 praedicata
2467 1821 2799 1889 adnectitur,
2853 1835 2961 1875 non
2999 1836 3131 1875 vero
3181 1818 3247 1873 ad
3294 1818 3428 1873 sub-

1836 1911 2043 1982 jectum
2060 1912 2278 1981 migrat.
2305 1910 2441 1965 Tale
2458 1920 2542 1967 est
2569 1922 2623 1967 et
2653 1912 2792 1966 hoc:
2819 1910 3017 1967 Utrum
3044 1910 3293 1964 leoninos
3325 1925 3428 1962 un-

1844 2020 1977 2078 gues
2026 2014 2290 2077 generant
2321 2004 2544 2059 humani
2575 2004 2740 2075 pedes
2770 2005 2840 2058 an
2893 2019 3001 2058 non
3050 2010 3342 2074 generant;
3375 2009 3432 2054 et

1844 2098 1948 2153 hoc
1984 2112 1999 2151 :
2038 2096 2143 2163 Qui
2181 2112 2348 2154 cursu
2380 2120 2383 2123 λ
2409 2097 2525 2168 jam
2577 2096 2646 2152 ad
2700 2095 2863 2153 stadii
2912 2094 3153 2151 defertur
3204 2102 3428 2157 metam,

1844 2200 2028 2246 utrum
2053 2190 2107 2244 in
2129 2189 2250 2259 ipso
2267 2200 2416 2245 motu
2439 2189 2657 2244 initium
2681 2198 2865 2244 motus
2887 2188 3093 2258 posuit,
3116 2202 3184 2241 an
3203 2200 3431 2257 prorsus

1845 2299 1954 2340 non
1994 2283 2234 2355 incepit?
2266 2282 2553 2350 Quomodo
2603 2282 2749 2338 enim
2791 2281 3060 2352 ejusmodi
3120 2280 3431 2336 orationum

1848 2376 2109 2433 formatio
2129 2393 2161 2432 a
2185 2375 2327 2431 falso
2349 2375 2752 2432 discriminabit
2771 2374 3004 2430 verum?
3030 2374 3097 2428 Et
3120 2388 3134 2424 :
3158 2372 3301 2443 Ignis
3330 2372 3433 2426 hu—

1848 2478 2093 2525 mectans
2108 2484 2175 2525 ac
2200 2468 2533 2538 refrigerans
2551 2482 2808 2538 corpora,
2829 2476 3014 2521 utrum
3036 2481 3100 2522 ex
3119 2474 3336 2531 natura,
3362 2479 3432 2517 an

1849 2578 1959 2617 nou
1981 2578 2048 2617 ex
2079 2571 2276 2616 natura
2316 2562 2421 2616 hoc
2448 2562 2747 2629 operatur?
2798 2558 2914 2614 Hoc
2945 2574 3075 2613 vero
3123 2557 3433 2619 manifeste,

1848 2655 1993 2711 sicut
2009 2654 2221 2724 etquod
2242 2654 2312 2708 ab
2335 2654 2603 2708 haereticis
2622 2650 3152 2722 objicitur,vitiatam
3176 2649 3338 2702 habet
3353 2647 3437 2701 in-
3486 2722 3499 2727 _

1855 2746 2247 2819 terrogationis
2265 2745 2778 2801 conformationem.
2805 2744 2919 2799 Hoc
2944 2759 3166 2814 quoque
3192 2760 3206 2797 :
3237 2741 3434 2801 Homo.

1852 2840 1948 2911 qui
1980 2855 2010 2893 a
2037 2848 2182 2895 terra
2219 2840 2273 2894 in
2303 2839 2537 2894 sublime
2567 2838 2759 2901 fertur,
2809 2846 2992 2891 utrum
3024 2831 3201 2891 cessa't
3233 2834 3303 2889 ab
3333 2833 3438 2887 hoc

1857 2932 2085 2989 sublimi
2107 2941 2255 2995 motu
2284 2946 2352 2986 an
2378 2947 2485 2985 non
2509 2929 2725 2986 cessat?
2747 2929 2996 2984 immune
3016 2928 3235 2998 quidem
3263 2937 3345 2981 est
3368 2928 3438 2979 ah

1852 3026 2103 3095 exposito
2131 3024 2399 3080 orationis
2428 3023 2594 3090 vitio;
2636 3038 2744 3077 non
2784 3022 2969 3076 minus
3000 3031 3181 3075 tamen
3222 3029 3439 3075 contra-

1853 3118 2112 3174 dictionis
2143 3133 2283 3173 vera:
2314 3118 2543 3187 figuram
2576 3114 2936 3171 transformat
2960 3130 3023 3169 ac
3057 3113 3339 3184 pervertit.
3379 3113 3438 3167 In

1852 3210 1956 3266 hoc
1983 3218 2162 3265 autem
2207 3227 2223 3265 :
2260 3207 2502 3279 Tempus
2534 3210 2678 3279 quod
2705 3207 2855 3262 ﬂuxu
2906 3207 3025 3261 linit
3054 3205 3219 3260 undis
3269 3221 3441 3275 aqua-

1851 3310 1975 3349 rum
2022 3295 2210 3361 simili,
2251 3296 2540 3350 desistitne
2588 3295 2656 3350 ab
2685 3295 2955 3365 ejusmodi
2983 3294 3130 3349 fluxu
3194 3310 3262 3348 an
3300 3293 3444 3347 non?

1851 3387 2129 3443 Orationis
2183 3387 2494 3457 complexio
2542 3389 2938 3458 praecedentem
2978 3385 3272 3441 manifeste
3315 3386 3443 3440 imi-

1855 3489 1977 3535 tans
2030 3480 2224 3535 eodem
2286 3489 2479 3549 peccat
2527 3479 2683 3545 vitio,
2743 3489 2804 3534 ut
2859 3488 2914 3535 et
2943 3481 3059 3534 hate
3090 3478 3440 3548 propositio:

1856 3571 2051 3628 Utrum
2082 3571 2405 3640 incorporea
2440 3580 2635 3625 natura
2682 3584 3003 3639 corpoream
3053 3569 3279 3623 subiens
3308 3582 3442 3619 eon-

1832 3649 2240 3717 Iformationem
2293 3677 2359 3715 ex
2409 3663 2643 3718 materia
2688 3670 2743 3716 et
2798 3660 2971 3715 forma
3013 3660 3096 3715 vel
3128 3676 3194 3714 ex
3245 3667 3443 3713 neutro

1858 3754 2053 3809 horum
2105 3753 2296 3809 habuit
2347 3754 2851 3824 compositionem?
2905 3752 2962 3808 Si
3009 3768 3076 3808 ex
3130 3753 3355 3807 materia
3388 3760 3444 3806 ct

1857 3846 2059 3914 forma,
2093 3846 2372 3918 quomodo
2406 3847 2765 3917 incorporea?
2811 3846 2907 3903 Sin
2966 3863 3095 3903 vero
3135 3863 3202 3903 ex
3244 3847 3444 3902 horum

173 3935 224 3987 εί
252 3936 355 4005 μὲν
385 3934 494 4006 γὰρ
513 3936 572 4002 ἐξ
601 3935 732 4007 ὕλης
763 3936 859 3989 καὶ
893 3936 1087 4000 εἴδους,
1114 3937 1235 4000 πῶς
1269 3935 1597 4009 ἀσώματον;
1631 3939 1679 3991 εί
1703 3939 1759 3993 δὲ

1858 3946 2074 4004 neutro,
2097 3938 2239 3993 unde
2251 3953 2568 4009 corpoream
2589 3938 3295 3994 subiitconformationem?
3313 3937 3449 3991 Ilur-

174 4024 237 4091 ἐξ
266 4025 561 4096 οὑδετέρου
597 4027 825 4092 τούτων,
860 4026 1027 4079 πόθεν
1072 4024 1172 4097 τὴν
1200 4026 1519 4099 σωματικήν
1547 4026 1757 4097 ὑπέστη

1857 4046 1979 4086 sum
2010 4030 2179 4085 motio
2204 4031 2286 4085 vel
2311 4029 2364 4085 in
2390 4029 2631 4085 motione
2655 4032 2713 4083 lit
2741 4030 2825 4084 vel
2865 4030 2921 4084 in
2950 4029 3355 4085 non-motione.
3388 4027 3446 4081 Si

175 4117 505 4183 διάπλασιν;
530 4117 697 4170 πάλιν
724 4120 758 4188 ή
792 4117 1006 4189 κίνησις
1035 4119 1094 4172 ὲν
1115 4119 1330 4190 κινήσει
1363 4119 1596 4188 γίνεται,
1632 4120 1666 4192 ἢ
1699 4122 1761 4173 ὲν

1860 4123 1915 4178 in
1939 4121 2201 4183 motione,
2227 4132 2478 4190 quaenam
2507 4134 2569 4173 ea
2599 4127 2680 4173 est
2706 4127 2760 4172 et
2790 4117 2842 4171 in
2870 4133 2977 4188 qua
3000 4128 3085 4172 est
3113 4126 3168 4171 et
3192 4129 3443 4185 quaenam

174 4207 236 4261 ού
272 4208 487 4278 κινήσει
512 4223 528 4273 ;
555 4207 604 4261 εἰ
636 4207 737 4278 μὲν
779 4206 888 4278 γὰρ
920 4201 978 4261 ἐν
1010 4210 1220 4279 κινήσει
1246 4248 1262 4275 ,
1304 4210 1389 4273 τίς
1418 4210 1514 4264 καὶ⁸
1543 4211 1601 4263 ὲν
1628 4211 1758 4274 τίνι,

1860 4226 2048 4267 earum
2070 4210 2137 4266 ad
2168 4210 2397 4264 invicem
2428 4208 2768 4263 diil'erentia?
2802 4207 3089 4274 Quomodo
3116 4220 3224 4260 non
3260 4214 3315 4259 et
3349 4203 3442 4258 illa

175 4300 275 4355 καὶ
316 4300 408 4363 τίς
447 4299 627 4353 αὑτῶν
660 4301 694 4371 ή
726 4299 863 4370 πρὸς
898 4299 1107 4370 ἄλληλα
1149 4301 1418 4372 διαφοράς
1455 4302 1572 4367 πῶς
1601 4302 1658 4356 δὲ
1692 4303 1756 4356 οὑ

1862 4317 2083 4358 rursum
2141 4301 2199 4355 in
2232 4300 2470 4356 motione
2502 4301 2583 4363 lit,
2613 4307 2669 4353 et
2707 4298 2786 4354 sic
2812 4297 3130 4368 proceditur
3158 4297 3212 4350 in
3258 4296 3446 4350 inlini-

176 4391 413 4463 κάκείνη
444 4391 607 4446 πάλιν
628 4392 686 4443 ὲν
703 4395 935 4462 κινήσει,
961 4393 1056 4446 καὶ
1100 4392 1452 4463 παρεισδύσει
1504 4395 1566 4447 τὸ
1602 4393 1761 4449 ἄπει·

1868 4395 2025 4451 tum?
2055 4393 2113 4449 Si
2139 4409 2270 4449 vero
2296 4408 2403 4447 non
2428 4392 2481 4446 in
2515 4392 2779 4457 motione,
2802 4392 3074 4461 quomodo
3094 4390 3449 4456 immobilitas

182 4501 307 4557 ρον;
379 4487 428 4538 εί
470 4485 528 4538 δὲ
553 4485 629 4557 μὴ
660 4487 718 4539 ὲν
744 4486 978 4555 κινήσει,
1002 4484 1120 4548 πῶς
1147 4486 1405 4557 ἀκινησία
1433 4487 1642 4554 συνέξει
1663 4488 1761 4559 τὴν

1859 4489 2157 4544 motionem
2181 4485 2483 4541 continebit
2506 4494 2560 4539 et
2577 4485 2734 4554 quies
2764 4485 2935 4539 motui
2978 4482 3318 4538 coexsistens
3341 4500 3457 4537 non:

180 4579 403 4650 κίνησιν
435 4578 530 4630 καὶ
573 4579 607 4648 ή
637 4576 825 4639 στάσις
853 4578 918 4647 τῇ
949 4577 1094 4648 φορᾷ
1133 4576 1370 4630 συνοῦσα
1393 4577 1453 4630 οὑ
1495 4595 1761 4650 συγκινη-

1862 4578 2029 4636 simul
2059 4576 2368 4632 movebitur
2404 4583 2498 4629 aut
2524 4574 2693 4630 simul
2723 4590 2844 4629 cum
2886 4573 3067 4644 quiete
3089 4574 3253 4627 etiam
3284 4573 3462 4627 motio

182 4672 420 4744 Θήσεται
448 4671 597 4741 (35);
628 4669 662 4741 ἢ
696 4669 771 4740 μὴ
802 4670 1431 4742 συνανακινηοείσῃιβϐ)
1459 4673 1526 4742 τῇ
1553 4672 1761 4745 ἠρεμίᾳ

1858 4671 1971 4741 jam
2022 4667 2373 4738 conquiescet
2396 4666 2418 4719 ?
2438 4665 2704 4721 Creatura
2739 4664 3013 4727 universa,
3043 4662 3324 4717 creatione
3351 4677 3450 4717 su-

183 4764 283 4817 xatl.
354 4764 391 4833 ή
438 4762 651 4833 κίνησις
697 4761 999 4828 παύσεται;
1054 4761 1120 4814 Ἦ
1163 4761 1222 4816 δὲ
1268 4762 1536 4830 σύμπασα
1582 4764 1757 4825 κτίσις

1864 4764 2074 4833 perior,
2111 4767 2289 4827 estne;
2336 4759 2406 4813 ab
2438 4757 2621 4828 aliqua
2655 4757 2869 4812 actione
2894 4756 3158 4826 producta
3196 4770 3261 4807 an
3297 4768 3461 4821 pror-

184 4854 459 4925 κρείττων
486 4847 623 4906 οὖσα
660 4850 1026 4925 δημιουργίας
1052 4889 1069 4916 ,
1104 4852 1332 4923 πότερον
1370 4851 1475 4905 ὑπό
1498 4870 1642 4914 τινος
1679 4855 1761 4908 ὲν-

1876 4872 1972 4912 sus
2000 4871 2106 4910 non
2134 4853 2397 4925 producta
2425 4849 2883 4923 cognoscitur?Si
2914 4865 3020 4903 non
3041 4847 3141 4903 fuit
3160 4846 3462 4917 producta,

186 4944 417 5015 εργείας
458 4942 717 5016 παρήχθη
750 4943 785 5012 ἢ
811 4943 922 4997 οὐδ’
950 4943 1087 5007 ὅλως
1120 4942 1466 5013 παραχθεϊσα
1502 4944 1761 5015 γνωρίξε⁴

1871 4948 2148 5021 quomodo
2168 4946 2326 5018 plane
2373 4955 2427 5001 et
2467 4950 2718 4999 creatura
2758 4958 2882 4999 esse
2922 4940 3160 4997 dicitur?
3202 4937 3295 4993 Sin
3326 4953 3465 4991 vero

184 5055 317 5105 ται;
352 5040 403 5091 εί
437 5037 675 5108 μὲνγὰρ
703 5036 765 5089 οὑ
805 5037 1091 5108 παρήχθη,
1123 5037 1239 5100 πῶς
1268 5030 1407 5099 ὅλως
1452 5039 1548 5090 καὶ
1593 5038 1761 5102 κτίσις

1872 5040 2160 5112 producta,
2197 5036 2495 5107 quomodo,
2542 5033 2820 5089 creatione
2868 5042 2925 5087 ut
2958 5032 3209 5101 superior
3239 5030 3333 5092 sit,
3363 5044 3463 5083 ac--

186 5129 461 5199 ὑπάρχειν
493 5125 747 5196 λέγεται;
791 5129 841 5179 εί
880 5127 938 5180 δὲ
969 5126 1251 5198 παρήχθη,
1282 5126 1401 5191 πῶς
1428 5127 1491 5181 τὸ
1524 5132 1761 5199 κρεῖττον

1873 5131 2055 5203 cepit?
2086 5129 2152 5185 Et
2180 5128 2433 5198 quisnam
2467 5124 2825 5181 numerandis
2849 5140 2947 5194 par
2974 5123 3083 5178 erit
3113 5121 3272 5192 nugis
3305 5119 3461 5189 ejus-

188 5217 333 5274 εἶναι
356 5223 458 5292 τῆς
473 5220 834 5292 δημιουργίας
853 5220 1205 5291 ἀπηνέγκατο
1228 5239 1243 5289 ;
1262 5222 1357 5275 καὶ
1387 5221 1527 5293 πόση
1544 5222 1761 5292 τοιαύτη

1876 5225 2023 5280 modi
2053 5238 2119 5281 ac
2161 5220 2337 5286 tricis,
2376 5235 2498 5290 qua
2544 5218 2689 5274 circa
2730 5216 3181 5274 contradictionis
3217 5214 3459 5269 formam

191 5316 365 5387 λέσχη
388 5314 483 5368 καὶ
506 5313 769 5386 τερατεία
809 5315 938 5385 περὶ
962 5316 1023 5369 τὸ
1046 5314 1229 5385 σχῆμα
1258 5314 1473 5387 χορεύει
1496 5316 1593 5386 τῆς
1621 5318 1761 5370 ἀντι-

1877 5318 2056 5388 ellingi
2088 5312 2329 5386 queunt?
2350 5311 2483 5379 Qua)
2507 5319 2711 5382 quanta
2744 5310 2987 5382 indigent
3021 5306 3410 5381 repurgatione
3432 5306 3460 5359 ι

1710 5429 1944 5487 NOTAE.

268 5615 385 5689 (δι)
414 5617 540 5689 φὺδ’
569 5617 758 5689 ἕτερον
788 5618 840 5672 in
877 5619 1001 5673 cod.

1886 5621 2082 5676 habeat
2114 5637 2127 5670 :
2159 5617 2674 5688 auyxpt~m0ﬁastat_.

269 5687 386 5757 (55)
419 5686 549 5759 Leg.
580 5686 702 5745 cum
733 5690 979 5746 Catil‘oro
1013 5706 1028 5745 :
1071 5691 1462 5762 Κινηθήσεται,
1493 5691 1617 5747 licet
1652 5690 1774 5747 cod.

1957 5691 2071 5764 (36)
2112 5683 2276 5747 Catii.
2306 5683 2806 5756 συνάνάκινηθήση.
