  <div class='ocr_page' id='page_1' title='image "/cluster/home/n/w/nwhite01/storage/ocr_20150623/101/hvd.32044018872879/273.png"; bbox 0 0 3884 6202; ppageno 0'>
   <div class='ocr_carea' id='block_1_1' title="bbox 420 229 529 296">
    <p class='ocr_par' dir='ltr' id='par_1_1' title="bbox 420 229 529 296">
     <span class='ocr_line' id='line_1_1' title="bbox 420 229 529 296; baseline 0.018 -2"><span class='ocrx_word' id='word_1_1' title='bbox 420 229 529 296; x_wconf 70' lang='grc'><strong>499</strong></span> 
     </span>
    </p>
   </div>
   <div class='ocr_carea' id='block_1_2' title="bbox 1583 234 2528 297">
    <p class='ocr_par' dir='ltr' id='par_1_2' title="bbox 1583 234 2528 297">
     <span class='ocr_line' id='line_1_2' title="bbox 1583 234 2528 297; baseline -0.001 -1"><span class='ocrx_word' id='word_1_2' title='bbox 1583 234 1846 297; x_wconf 83' lang='grc' dir='ltr'><strong>ΡΗΟΤΙΙ</strong></span> <span class='ocrx_word' id='word_1_3' title='bbox 1880 234 2389 297; x_wconf 73' lang='grc' dir='ltr'><strong>ΡΑΤΒΙΑΒΟΗᾹΞ</strong></span> <span class='ocrx_word' id='word_1_4' title='bbox 2418 234 2528 297; x_wconf 91' lang='lat' dir='ltr'><strong>CP.</strong></span> 
     </span>
    </p>
   </div>
   <div class='ocr_carea' id='block_1_3' title="bbox 3581 222 3709 288">
    <p class='ocr_par' dir='ltr' id='par_1_3' title="bbox 3581 222 3709 288">
     <span class='ocr_line' id='line_1_3' title="bbox 3581 222 3709 288; baseline 0 0"><span class='ocrx_word' id='word_1_5' title='bbox 3581 222 3709 288; x_wconf 80' lang='lat'><strong>500</strong></span> 
     </span>
    </p>
   </div>
   <div class='ocr_carea' id='block_1_4' title="bbox 420 342 2025 423">
    <p class='ocr_par' dir='ltr' id='par_1_4' title="bbox 420 350 2012 423">
     <span class='ocr_line' id='line_1_4' title="bbox 420 350 2012 423; baseline 0.003 -20"><span class='ocrx_word' id='word_1_6' title='bbox 420 350 537 404; x_wconf 76' lang='lat' dir='ltr'><strong>lino</strong></span> <span class='ocrx_word' id='word_1_7' title='bbox 569 356 624 403; x_wconf 87' lang='lat' dir='ltr'><strong>et</strong></span> <span class='ocrx_word' id='word_1_8' title='bbox 647 364 840 405; x_wconf 88' lang='lat' dir='ltr'><strong>eorum</strong></span> <span class='ocrx_word' id='word_1_9' title='bbox 893 366 1015 420; x_wconf 67' lang='lat' dir='ltr'><strong>quae</strong></span> <span class='ocrx_word' id='word_1_10' title='bbox 1047 351 1248 407; x_wconf 86' lang='lat' dir='ltr'><strong>desunt</strong></span> <span class='ocrx_word' id='word_1_11' title='bbox 1285 351 1564 408; x_wconf 86' lang='lat' dir='ltr'><strong>additione</strong></span> <span class='ocrx_word' id='word_1_12' title='bbox 1590 362 1647 408; x_wconf 89' lang='lat' dir='ltr'><strong>et</strong></span> <span class='ocrx_word' id='word_1_13' title='bbox 1671 368 1861 409; x_wconf 91' lang='lat' dir='ltr'><strong>eorum</strong></span> <span class='ocrx_word' id='word_1_14' title='bbox 1889 368 2012 423; x_wconf 63' lang='lat' dir='ltr'><strong>quae</strong></span> 
     </span>
    </p>
   </div>
   <div class='ocr_carea' id='block_1_5' title="bbox 2130 342 3709 423">
    <p class='ocr_par' dir='ltr' id='par_1_5' title="bbox 2130 342 3709 422">
     <span class='ocr_line' id='line_1_5' title="bbox 2130 342 3709 422; baseline -0.008 -14"><span class='ocrx_word' id='word_1_15' title='bbox 2130 352 2369 421; x_wconf 69' lang='grc' dir='ltr'>ράσεωςς</span> <span class='ocrx_word' id='word_1_16' title='bbox 2401 352 2575 422; x_wconf 84' lang='grc' dir='ltr'><strong>πόσης</strong></span> <span class='ocrx_word' id='word_1_17' title='bbox 2620 350 2679 404; x_wconf 74' lang='grc' dir='ltr'>δὲ</span> <span class='ocrx_word' id='word_1_18' title='bbox 2707 350 2879 404; x_wconf 83' lang='grc' dir='ltr'>δεῖται</span> <span class='ocrx_word' id='word_1_19' title='bbox 2908 346 3009 419; x_wconf 80' lang='grc' dir='ltr'>τῆς</span> <span class='ocrx_word' id='word_1_20' title='bbox 3054 342 3489 416; x_wconf 86' lang='grc' dir='ltr'>ἀνακαθάρσεως</span> <span class='ocrx_word' id='word_1_21' title='bbox 3507 380 3525 407; x_wconf 95' lang='lat'><strong>,</strong></span> <span class='ocrx_word' id='word_1_22' title='bbox 3554 343 3709 397; x_wconf 67' lang='grc' dir='ltr'>ἀλλὰ</span> 
     </span>
    </p>
   </div>
   <div class='ocr_carea' id='block_1_6' title="bbox 419 437 2007 506">
    <p class='ocr_par' dir='ltr' id='par_1_6' title="bbox 419 437 2007 506">
     <span class='ocr_line' id='line_1_6' title="bbox 419 437 2007 506; baseline 0.002 -15"><span class='ocrx_word' id='word_1_23' title='bbox 419 437 730 492; x_wconf 74' lang='lat' dir='ltr'><strong>redundant.</strong></span> <span class='ocrx_word' id='word_1_24' title='bbox 774 438 1135 506; x_wconf 85' lang='lat' dir='ltr'><strong>detractione,</strong></span> <span class='ocrx_word' id='word_1_25' title='bbox 1176 455 1278 495; x_wconf 91' lang='lat' dir='ltr'><strong>nec</strong></span> <span class='ocrx_word' id='word_1_26' title='bbox 1312 456 1419 495; x_wconf 90' lang='lat' dir='ltr'><strong>non</strong></span> <span class='ocrx_word' id='word_1_27' title='bbox 1475 440 1753 496; x_wconf 92' lang='lat' dir='ltr'><strong>subtiliori</strong></span> <span class='ocrx_word' id='word_1_28' title='bbox 1808 440 2007 496; x_wconf 90' lang='lat' dir='ltr'><strong>distin-</strong></span> 
     </span>
    </p>
   </div>
   <div class='ocr_carea' id='block_1_7' title="bbox 418 530 2004 602">
    <p class='ocr_par' dir='ltr' id='par_1_7' title="bbox 418 530 2004 602">
     <span class='ocr_line' id='line_1_7' title="bbox 418 530 2004 602; baseline 0.002 -19"><span class='ocrx_word' id='word_1_29' title='bbox 418 530 599 584; x_wconf 87' lang='lat' dir='ltr'><strong>ctione</strong></span> <span class='ocrx_word' id='word_1_30' title='bbox 625 539 788 599; x_wconf 89' lang='lat' dir='ltr'><strong>atque</strong></span> <span class='ocrx_word' id='word_1_31' title='bbox 816 531 1276 602; x_wconf 89' lang='lat' dir='ltr'><strong>agglutinationel</strong></span> <span class='ocrx_word' id='word_1_32' title='bbox 1303 531 1547 599; x_wconf 86' lang='lat' dir='ltr'><strong>Quorum</strong></span> <span class='ocrx_word' id='word_1_33' title='bbox 1596 532 1732 587; x_wconf 83' lang='lat' dir='ltr'><strong>nihil</strong></span> <span class='ocrx_word' id='word_1_34' title='bbox 1789 532 2004 597; x_wconf 80' lang='lat' dir='ltr'><strong>beatam</strong></span> 
     </span>
    </p>
   </div>
   <div class='ocr_carea' id='block_1_8' title="bbox 420 622 2001 694">
    <p class='ocr_par' dir='ltr' id='par_1_8' title="bbox 420 622 2001 694">
     <span class='ocr_line' id='line_1_8' title="bbox 420 622 2001 694; baseline 0.002 -20"><span class='ocrx_word' id='word_1_35' title='bbox 420 622 570 675; x_wconf 81' lang='lat' dir='ltr'><strong>illam</strong></span> <span class='ocrx_word' id='word_1_36' title='bbox 599 634 767 693; x_wconf 88' lang='lat' dir='ltr'><strong>atque</strong></span> <span class='ocrx_word' id='word_1_37' title='bbox 793 622 1159 679; x_wconf 71' lang='lat' dir='ltr'><strong>inmortalem</strong></span> <span class='ocrx_word' id='word_1_38' title='bbox 1205 632 1456 679; x_wconf 90' lang='lat' dir='ltr'><strong>naturam</strong></span> <span class='ocrx_word' id='word_1_39' title='bbox 1487 632 1666 694; x_wconf 84' lang='lat' dir='ltr'><strong>potest</strong></span> <span class='ocrx_word' id='word_1_40' title='bbox 1699 623 2001 694; x_wconf 81' lang='lat' dir='ltr'><strong>attingere&#39;,</strong></span> 
     </span>
    </p>
   </div>
   <div class='ocr_carea' id='block_1_9' title="bbox 421 714 2005 786">
    <p class='ocr_par' dir='ltr' id='par_1_9' title="bbox 421 714 2005 786">
     <span class='ocr_line' id='line_1_9' title="bbox 421 714 2005 786; baseline 0.002 -19"><span class='ocrx_word' id='word_1_41' title='bbox 421 728 532 767; x_wconf 92' lang='lat' dir='ltr'><strong>non</strong></span> <span class='ocrx_word' id='word_1_42' title='bbox 555 715 735 768; x_wconf 91' lang='lat' dir='ltr'><strong>solum</strong></span> <span class='ocrx_word' id='word_1_43' title='bbox 761 715 1033 782; x_wconf 85' lang='lat' dir='ltr'><strong>cominus,</strong></span> <span class='ocrx_word' id='word_1_44' title='bbox 1058 715 1155 772; x_wconf 90' lang='lat' dir='ltr'><strong>sed</strong></span> <span class='ocrx_word' id='word_1_45' title='bbox 1181 731 1249 772; x_wconf 89' lang='lat' dir='ltr'><strong>ne</strong></span> <span class='ocrx_word' id='word_1_46' title='bbox 1267 716 1483 771; x_wconf 83' lang='lat' dir='ltr'><strong>eminus</strong></span> <span class='ocrx_word' id='word_1_47' title='bbox 1509 716 1753 786; x_wconf 86' lang='lat' dir='ltr'><strong>quidem.</strong></span> <span class='ocrx_word' id='word_1_48' title='bbox 1779 714 1935 782; x_wconf 83' lang='lat' dir='ltr'><strong>Quod</strong></span> <span class='ocrx_word' id='word_1_49' title='bbox 1957 716 2005 771; x_wconf 91' lang='lat' dir='ltr'><strong>si</strong></span> 
     </span>
    </p>
   </div>
   <div class='ocr_carea' id='block_1_10' title="bbox 422 806 2005 865">
    <p class='ocr_par' dir='ltr' id='par_1_10' title="bbox 422 806 2005 865">
     <span class='ocr_line' id='line_1_10' title="bbox 422 806 2005 865; baseline 0.003 -6"><span class='ocrx_word' id='word_1_50' title='bbox 422 809 477 859; x_wconf 91' lang='lat' dir='ltr'><strong>in</strong></span> <span class='ocrx_word' id='word_1_51' title='bbox 509 806 673 863; x_wconf 87' lang='lat' dir='ltr'><strong>rebus</strong></span> <span class='ocrx_word' id='word_1_52' title='bbox 694 808 995 862; x_wconf 88' lang='lat' dir='ltr'><strong>materiatis</strong></span> <span class='ocrx_word' id='word_1_53' title='bbox 1016 824 1124 864; x_wconf 90' lang='lat' dir='ltr'><strong>non</strong></span> <span class='ocrx_word' id='word_1_54' title='bbox 1146 818 1233 864; x_wconf 89' lang='lat' dir='ltr'><strong>est</strong></span> <span class='ocrx_word' id='word_1_55' title='bbox 1255 808 1529 864; x_wconf 81' lang='lat' dir='ltr'><strong>ﬁdcudum</strong></span> <span class='ocrx_word' id='word_1_56' title='bbox 1555 808 2005 865; x_wconf 84' lang='lat' dir='ltr'><strong>contradictionis</strong></span> 
     </span>
    </p>
   </div>
   <div class='ocr_carea' id='block_1_11' title="bbox 424 897 2000 969">
    <p class='ocr_par' dir='ltr' id='par_1_11' title="bbox 424 897 2000 969">
     <span class='ocr_line' id='line_1_11' title="bbox 424 897 2000 969; baseline 0.002 -18"><span class='ocrx_word' id='word_1_57' title='bbox 424 897 615 957; x_wconf 61' lang='lat' dir='ltr'><strong>forma:</strong></span> <span class='ocrx_word' id='word_1_58' title='bbox 666 912 764 967; x_wconf 89' lang='lat' dir='ltr'><strong>pro</strong></span> <span class='ocrx_word' id='word_1_59' title='bbox 800 898 1049 954; x_wconf 87' lang='lat' dir='ltr'><strong>librandu</strong></span> <span class='ocrx_word' id='word_1_60' title='bbox 1078 899 1325 954; x_wconf 90' lang='lat' dir='ltr'><strong>veritatis</strong></span> <span class='ocrx_word' id='word_1_61' title='bbox 1363 913 1428 955; x_wconf 90' lang='lat' dir='ltr'><strong>ac</strong></span> <span class='ocrx_word' id='word_1_62' title='bbox 1476 897 1732 955; x_wconf 88' lang='lat' dir='ltr'><strong>falsitatis</strong></span> <span class='ocrx_word' id='word_1_63' title='bbox 1772 898 2000 969; x_wconf 86' lang='lat' dir='ltr'><strong>judicio,</strong></span> 
     </span>
    </p>
   </div>
   <div class='ocr_carea' id='block_1_12' title="bbox 423 986 2006 1061">
    <p class='ocr_par' dir='ltr' id='par_1_12' title="bbox 423 986 2006 1061">
     <span class='ocr_line' id='line_1_12' title="bbox 423 986 2006 1061; baseline 0.002 -21"><span class='ocrx_word' id='word_1_64' title='bbox 423 986 529 1040; x_wconf 87' lang='lat' dir='ltr'><strong>nisi</strong></span> <span class='ocrx_word' id='word_1_65' title='bbox 559 986 721 1041; x_wconf 91' lang='lat' dir='ltr'><strong>simul</strong></span> <span class='ocrx_word' id='word_1_66' title='bbox 747 996 800 1041; x_wconf 88' lang='lat' dir='ltr'><strong>et</strong></span> <span class='ocrx_word' id='word_1_67' title='bbox 821 987 927 1042; x_wconf 91' lang='lat' dir='ltr'><strong>alia</strong></span> <span class='ocrx_word' id='word_1_68' title='bbox 956 988 1127 1043; x_wconf 89' lang='lat' dir='ltr'><strong>multa</strong></span> <span class='ocrx_word' id='word_1_69' title='bbox 1157 988 1526 1044; x_wconf 88' lang='lat' dir='ltr'><strong>adsumuntur</strong></span> <span class='ocrx_word' id='word_1_70' title='bbox 1546 1004 1669 1061; x_wconf 76' lang='lat' dir='ltr'><strong>qua:</strong></span> <span class='ocrx_word' id='word_1_71' title='bbox 1693 988 2006 1045; x_wconf 83' lang='lat' dir='ltr'><strong>accuratius</strong></span> 
     </span>
    </p>
   </div>
   <div class='ocr_carea' id='block_1_13' title="bbox 422 1077 2009 1151">
    <p class='ocr_par' dir='ltr' id='par_1_13' title="bbox 422 1077 2009 1151">
     <span class='ocr_line' id='line_1_13' title="bbox 422 1077 2009 1151; baseline 0.004 -21"><span class='ocrx_word' id='word_1_72' title='bbox 422 1077 767 1147; x_wconf 90' lang='lat' dir='ltr'><strong>distinguant</strong></span> <span class='ocrx_word' id='word_1_73' title='bbox 794 1088 847 1133; x_wconf 84' lang='lat' dir='ltr'><strong>et</strong></span> <span class='ocrx_word' id='word_1_74' title='bbox 876 1078 1106 1135; x_wconf 89' lang='lat' dir='ltr'><strong>fulciant</strong></span> <span class='ocrx_word' id='word_1_75' title='bbox 1148 1089 1204 1135; x_wconf 92' lang='lat' dir='ltr'><strong>et</strong></span> <span class='ocrx_word' id='word_1_76' title='bbox 1241 1080 1529 1151; x_wconf 80' lang='lat' dir='ltr'><strong>perficiant</strong></span> <span class='ocrx_word' id='word_1_77' title='bbox 1579 1081 1790 1137; x_wconf 90' lang='lat' dir='ltr'><strong>criterii</strong></span> <span class='ocrx_word' id='word_1_78' title='bbox 1845 1080 2009 1137; x_wconf 83' lang='lat' dir='ltr'><strong>istius</strong></span> 
     </span>
    </p>
   </div>
   <div class='ocr_carea' id='block_1_14' title="bbox 424 1166 2013 1240">
    <p class='ocr_par' dir='ltr' id='par_1_14' title="bbox 424 1166 2013 1240">
     <span class='ocr_line' id='line_1_14' title="bbox 424 1166 2013 1240; baseline 0.005 -23"><span class='ocrx_word' id='word_1_79' title='bbox 424 1166 535 1233; x_wconf 85' lang='lat' dir='ltr'><strong>vim</strong></span> <span class='ocrx_word' id='word_1_80' title='bbox 558 1203 575 1229; x_wconf 91' lang='lat'><strong>,</strong></span> <span class='ocrx_word' id='word_1_81' title='bbox 606 1166 966 1221; x_wconf 86' lang='lat' dir='ltr'><strong>multominus</strong></span> <span class='ocrx_word' id='word_1_82' title='bbox 984 1166 1041 1220; x_wconf 90' lang='lat' dir='ltr'><strong>in</strong></span> <span class='ocrx_word' id='word_1_83' title='bbox 1070 1166 1598 1224; x_wconf 82' lang='lat' dir='ltr'><strong>divinaetiuell&#39;abili</strong></span> <span class='ocrx_word' id='word_1_84' title='bbox 1626 1168 2013 1240; x_wconf 83' lang='lat' dir='ltr'><strong>mentibusque</strong></span> 
     </span>
    </p>
   </div>
   <div class='ocr_carea' id='block_1_15' title="bbox 426 1254 2012 1327">
    <p class='ocr_par' dir='ltr' id='par_1_15' title="bbox 426 1254 2012 1327">
     <span class='ocr_line' id='line_1_15' title="bbox 426 1254 2012 1327; baseline 0.003 -19"><span class='ocrx_word' id='word_1_85' title='bbox 426 1254 683 1310; x_wconf 88' lang='lat' dir='ltr'><strong>luunanis</strong></span> <span class='ocrx_word' id='word_1_86' title='bbox 745 1255 1218 1327; x_wconf 86' lang='lat' dir='ltr'><strong>imperscrutahili</strong></span> <span class='ocrx_word' id='word_1_87' title='bbox 1288 1265 1484 1311; x_wconf 90' lang='lat' dir='ltr'><strong>natura</strong></span> <span class='ocrx_word' id='word_1_88' title='bbox 1541 1258 1741 1327; x_wconf 92' lang='lat' dir='ltr'><strong>poterit</strong></span> <span class='ocrx_word' id='word_1_89' title='bbox 1804 1258 2012 1313; x_wconf 87' lang='lat' dir='ltr'><strong>criterii</strong></span> 
     </span>
    </p>
   </div>
   <div class='ocr_carea' id='block_1_16' title="bbox 426 1348 2015 1421">
    <p class='ocr_par' dir='ltr' id='par_1_16' title="bbox 426 1348 2015 1421">
     <span class='ocr_line' id='line_1_16' title="bbox 426 1348 2015 1421; baseline 0.003 -21"><span class='ocrx_word' id='word_1_90' title='bbox 426 1348 596 1401; x_wconf 79' lang='lat' dir='ltr'><strong>robur</strong></span> <span class='ocrx_word' id='word_1_91' title='bbox 645 1356 699 1401; x_wconf 77' lang='lat' dir='ltr'><strong>et</strong></span> <span class='ocrx_word' id='word_1_92' title='bbox 756 1348 1077 1418; x_wconf 86' lang='lat' dir='ltr'><strong>dignitatem</strong></span> <span class='ocrx_word' id='word_1_93' title='bbox 1142 1348 1347 1405; x_wconf 89' lang='lat' dir='ltr'><strong>habere</strong></span> <span class='ocrx_word' id='word_1_94' title='bbox 1378 1350 1688 1421; x_wconf 85' lang='lat' dir='ltr'><strong>Operositas</strong></span> <span class='ocrx_word' id='word_1_95' title='bbox 1738 1350 2015 1408; x_wconf 79' lang='lat' dir='ltr'><strong>contradi~</strong></span> 
     </span>
    </p>
   </div>
   <div class='ocr_carea' id='block_1_17' title="bbox 428 1450 657 1493">
    <p class='ocr_par' dir='ltr' id='par_1_17' title="bbox 428 1450 657 1493">
     <span class='ocr_line' id='line_1_17' title="bbox 428 1450 657 1493; baseline -0.004 0"><span class='ocrx_word' id='word_1_96' title='bbox 428 1450 657 1493; x_wconf 78' lang='lat' dir='ltr'><strong>CIIODIS.</strong></span> 
     </span>
    </p>
   </div>
   <div class='ocr_carea' id='block_1_18' title="bbox 2109 432 3711 517">
    <p class='ocr_par' dir='ltr' id='par_1_18' title="bbox 2109 432 3711 517">
     <span class='ocr_line' id='line_1_18' title="bbox 2109 432 3711 517; baseline -0.009 -19"><span class='ocrx_word' id='word_1_97' title='bbox 2109 446 2204 498; x_wconf 79' lang='grc' dir='ltr'>καὶ</span> <span class='ocrx_word' id='word_1_98' title='bbox 2233 445 2589 517; x_wconf 84' lang='grc' dir='ltr'>παρενθήκης</span> <span class='ocrx_word' id='word_1_99' title='bbox 2609 444 2720 498; x_wconf 84' lang='grc' dir='ltr'><strong>τῶν</strong></span> <span class='ocrx_word' id='word_1_100' title='bbox 2737 443 3113 513; x_wconf 78' lang='grc' dir='ltr'>λειπομένων,</span> <span class='ocrx_word' id='word_1_101' title='bbox 3145 434 3264 492; x_wconf 80' lang='grc' dir='ltr'>ἀλλ’</span> <span class='ocrx_word' id='word_1_102' title='bbox 3284 434 3561 504; x_wconf 76' lang='grc' dir='ltr'>ἀποϐολῆς</span> <span class='ocrx_word' id='word_1_103' title='bbox 3582 432 3711 485; x_wconf 79' lang='grc' dir='ltr'><strong>τῶν</strong></span> 
     </span>
    </p>
   </div>
   <div class='ocr_carea' id='block_1_19' title="bbox 2108 527 3702 606">
    <p class='ocr_par' dir='ltr' id='par_1_19' title="bbox 2108 527 3702 606">
     <span class='ocr_line' id='line_1_19' title="bbox 2108 527 3702 606; baseline -0.005 -18"><span class='ocrx_word' id='word_1_104' title='bbox 2108 536 2539 605; x_wconf 88' lang='grc' dir='ltr'>περιττευόντων</span> <span class='ocrx_word' id='word_1_105' title='bbox 2550 576 2566 600; x_wconf 89' lang='grc'><strong>,</strong></span> <span class='ocrx_word' id='word_1_106' title='bbox 2589 534 2727 589; x_wconf 86' lang='grc' dir='ltr'>ἀλλὰ</span> <span class='ocrx_word' id='word_1_107' title='bbox 2740 535 2939 587; x_wconf 88' lang='grc' dir='ltr'>λεπτου</span> <span class='ocrx_word' id='word_1_108' title='bbox 2947 532 3104 606; x_wconf 89' lang='grc' dir='ltr'>ργίας</span> <span class='ocrx_word' id='word_1_109' title='bbox 3124 531 3218 585; x_wconf 72' lang='grc' dir='ltr'>καὶ</span> <span class='ocrx_word' id='word_1_110' title='bbox 3231 527 3702 598; x_wconf 70' lang='grc' dir='ltr'>έπιγομφὼσεωςε</span> 
     </span>
    </p>
   </div>
   <div class='ocr_carea' id='block_1_20' title="bbox 2104 616 3711 698">
    <p class='ocr_par' dir='ltr' id='par_1_20' title="bbox 2104 616 3711 698">
     <span class='ocr_line' id='line_1_20' title="bbox 2104 616 3711 698; baseline -0.007 -15"><span class='ocrx_word' id='word_1_111' title='bbox 2104 623 2181 683; x_wconf 78' lang='grc' dir='ltr'><strong>ὢν</strong></span> <span class='ocrx_word' id='word_1_112' title='bbox 2208 626 2364 681; x_wconf 76' lang='grc' dir='ltr'>οὐδὲν</span> <span class='ocrx_word' id='word_1_113' title='bbox 2397 625 2624 681; x_wconf 81' lang='grc' dir='ltr'>δυνατὸν</span> <span class='ocrx_word' id='word_1_114' title='bbox 2654 627 2753 697; x_wconf 84' lang='grc' dir='ltr'>τῆς</span> <span class='ocrx_word' id='word_1_115' title='bbox 2784 626 3067 698; x_wconf 79' lang='grc' dir='ltr'><strong>μακαρίας</strong></span> <span class='ocrx_word' id='word_1_116' title='bbox 3099 622 3316 694; x_wconf 73' lang='grc' dir='ltr'>ἐκείνης</span> <span class='ocrx_word' id='word_1_117' title='bbox 3362 619 3461 674; x_wconf 71' lang='grc' dir='ltr'>καὶ</span> <span class='ocrx_word' id='word_1_118' title='bbox 3492 616 3711 688; x_wconf 82' lang='grc' dir='ltr'>ἀχράν·</span> 
     </span>
    </p>
   </div>
   <div class='ocr_carea' id='block_1_21' title="bbox 2105 708 3705 788">
    <p class='ocr_par' dir='ltr' id='par_1_21' title="bbox 2105 708 3705 788">
     <span class='ocr_line' id='line_1_21' title="bbox 2105 708 3705 788; baseline -0.008 -15"><span class='ocrx_word' id='word_1_119' title='bbox 2105 736 2201 773; x_wconf 88' lang='grc' dir='ltr'><strong>του</strong></span> <span class='ocrx_word' id='word_1_120' title='bbox 2226 717 2427 788; x_wconf 77' lang='grc' dir='ltr'><strong>ψαύειν</strong></span> <span class='ocrx_word' id='word_1_121' title='bbox 2457 720 2695 788; x_wconf 79' lang='grc' dir='ltr'>φύσεως,</span> <span class='ocrx_word' id='word_1_122' title='bbox 2713 717 2825 771; x_wconf 82' lang='grc' dir='ltr'>οὐδ’</span> <span class='ocrx_word' id='word_1_123' title='bbox 2846 717 3037 785; x_wconf 64' lang='grc' dir='ltr'>ἐγγὺς,</span> <span class='ocrx_word' id='word_1_124' title='bbox 3062 713 3201 771; x_wconf 83' lang='grc' dir='ltr'><strong>ἀλλά</strong></span> <span class='ocrx_word' id='word_1_125' title='bbox 3220 712 3318 767; x_wconf 75' lang='grc' dir='ltr'>καὶ</span> <span class='ocrx_word' id='word_1_126' title='bbox 3338 710 3462 763; x_wconf 92' lang='grc' dir='ltr'>λίαν</span> <span class='ocrx_word' id='word_1_127' title='bbox 3482 708 3705 785; x_wconf 65' lang='grc' dir='ltr'>πόρρω,</span> 
     </span>
    </p>
   </div>
   <div class='ocr_carea' id='block_1_22' title="bbox 2107 799 3711 880">
    <p class='ocr_par' dir='ltr' id='par_1_22' title="bbox 2107 799 3711 880">
     <span class='ocr_line' id='line_1_22' title="bbox 2107 799 3711 880; baseline -0.008 -17"><span class='ocrx_word' id='word_1_128' title='bbox 2107 810 2200 863; x_wconf 73' lang='grc' dir='ltr'>καὶ</span> <span class='ocrx_word' id='word_1_129' title='bbox 2228 809 2389 863; x_wconf 81' lang='grc' dir='ltr'>πλέον</span> <span class='ocrx_word' id='word_1_130' title='bbox 2433 809 2468 880; x_wconf 80' lang='grc' dir='ltr'>ἢ</span> <span class='ocrx_word' id='word_1_131' title='bbox 2512 809 2638 862; x_wconf 82' lang='grc' dir='ltr'>ὅσον</span> <span class='ocrx_word' id='word_1_132' title='bbox 2678 807 3053 879; x_wconf 75' lang='grc' dir='ltr'>δημιουργικὴ</span> <span class='ocrx_word' id='word_1_133' title='bbox 3105 804 3267 875; x_wconf 81' lang='grc' dir='ltr'>φύσις</span> <span class='ocrx_word' id='word_1_134' title='bbox 3290 803 3409 857; x_wconf 85' lang='grc' dir='ltr'><strong>τῶν</strong></span> <span class='ocrx_word' id='word_1_135' title='bbox 3438 799 3711 872; x_wconf 74' lang='grc' dir='ltr'>γηγενῶν</span> 
     </span>
    </p>
   </div>
   <div class='ocr_carea' id='block_1_23' title="bbox 2106 889 3709 966">
    <p class='ocr_par' dir='ltr' id='par_1_23' title="bbox 2106 889 3709 966">
     <span class='ocr_line' id='line_1_23' title="bbox 2106 889 3709 966; baseline -0.004 -19"><span class='ocrx_word' id='word_1_136' title='bbox 2106 892 2606 966; x_wconf 83' lang='grc' dir='ltr'>δημιουργημάτων</span> <span class='ocrx_word' id='word_1_137' title='bbox 2651 895 3105 966; x_wconf 85' lang='grc' dir='ltr'>ἀνακεχὼρηκεν.</span> <span class='ocrx_word' id='word_1_138' title='bbox 3149 894 3214 949; x_wconf 84' lang='lat' dir='ltr'><strong>Ei.</strong></span> <span class='ocrx_word' id='word_1_139' title='bbox 3244 893 3303 947; x_wconf 86' lang='grc' dir='ltr'>δὲ</span> <span class='ocrx_word' id='word_1_140' title='bbox 3336 893 3433 945; x_wconf 70' lang='grc' dir='ltr'><strong>ἐπὶ</strong></span> <span class='ocrx_word' id='word_1_141' title='bbox 3458 889 3572 943; x_wconf 85' lang='grc' dir='ltr'><strong>τῶν</strong></span> <span class='ocrx_word' id='word_1_142' title='bbox 3610 890 3709 941; x_wconf 70' lang='grc' dir='ltr'>δν-</span> 
     </span>
    </p>
   </div>
   <div class='ocr_carea' id='block_1_24' title="bbox 2108 981 3714 1057">
    <p class='ocr_par' dir='ltr' id='par_1_24' title="bbox 2108 981 3714 1057">
     <span class='ocr_line' id='line_1_24' title="bbox 2108 981 3714 1057; baseline -0.004 -19"><span class='ocrx_word' id='word_1_143' title='bbox 2108 985 2250 1040; x_wconf 89' lang='grc' dir='ltr'>ύλων</span> <span class='ocrx_word' id='word_1_144' title='bbox 2283 986 2346 1041; x_wconf 85' lang='grc' dir='ltr'>οὐ</span> <span class='ocrx_word' id='word_1_145' title='bbox 2373 986 2838 1041; x_wconf 83' lang='grc' dir='ltr'>καταπιστεύεται</span> <span class='ocrx_word' id='word_1_146' title='bbox 2889 985 2959 1039; x_wconf 82' lang='grc' dir='ltr'><strong>τὸ·</strong></span> <span class='ocrx_word' id='word_1_147' title='bbox 2992 986 3183 1057; x_wconf 82' lang='grc' dir='ltr'>σχῆμα</span> <span class='ocrx_word' id='word_1_148' title='bbox 3209 985 3313 1055; x_wconf 82' lang='grc' dir='ltr'>τῆς</span> <span class='ocrx_word' id='word_1_149' title='bbox 3351 981 3714 1050; x_wconf 74' lang='grc' dir='ltr'>ἀντιφάσεως</span> 
     </span>
    </p>
   </div>
   <div class='ocr_carea' id='block_1_25' title="bbox 2110 1068 3713 1151">
    <p class='ocr_par' dir='ltr' id='par_1_25' title="bbox 2110 1068 3713 1151">
     <span class='ocr_line' id='line_1_25' title="bbox 2110 1068 3713 1151; baseline -0.001 -18"><span class='ocrx_word' id='word_1_150' title='bbox 2110 1080 2296 1151; x_wconf 81' lang='grc' dir='ltr'>κρίσιν</span> <span class='ocrx_word' id='word_1_151' title='bbox 2320 1081 2677 1150; x_wconf 83' lang='grc' dir='ltr'>ζυγοστατεϊν</span> <span class='ocrx_word' id='word_1_152' title='bbox 2700 1079 2961 1151; x_wconf 77' lang='grc' dir='ltr'><strong>ἀληθείας</strong></span> <span class='ocrx_word' id='word_1_153' title='bbox 2989 1077 3085 1133; x_wconf 70' lang='grc' dir='ltr'>καὶ</span> <span class='ocrx_word' id='word_1_154' title='bbox 3108 1075 3363 1146; x_wconf 80' lang='grc' dir='ltr'>ψεύδους,</span> <span class='ocrx_word' id='word_1_155' title='bbox 3385 1072 3464 1144; x_wconf 81' lang='grc' dir='ltr'>μὴ</span> <span class='ocrx_word' id='word_1_156' title='bbox 3488 1068 3713 1124; x_wconf 72' lang='grc' dir='ltr'>πολλῶν</span> 
     </span>
    </p>
   </div>
   <div class='ocr_carea' id='block_1_26' title="bbox 2110 1158 3716 1246">
    <p class='ocr_par' dir='ltr' id='par_1_26' title="bbox 2110 1158 3716 1246">
     <span class='ocr_line' id='line_1_26' title="bbox 2110 1158 3716 1246; baseline -0.008 -21"><span class='ocrx_word' id='word_1_157' title='bbox 2110 1173 2209 1227; x_wconf 73' lang='grc' dir='ltr'>καὶ</span> <span class='ocrx_word' id='word_1_158' title='bbox 2238 1173 2415 1229; x_wconf 80' lang='grc' dir='ltr'>ἄλλων</span> <span class='ocrx_word' id='word_1_159' title='bbox 2442 1158 3143 1246; x_wconf 84' lang='grc' dir='ltr'>συμπαραλαμϐανομένων</span> <span class='ocrx_word' id='word_1_160' title='bbox 3170 1168 3266 1222; x_wconf 71' lang='grc' dir='ltr'>καὶ</span> <span class='ocrx_word' id='word_1_161' title='bbox 3309 1160 3716 1235; x_wconf 84' lang='grc' dir='ltr'>συνακριϐολο-</span> 
     </span>
    </p>
   </div>
   <div class='ocr_carea' id='block_1_27' title="bbox 2110 1250 3715 1338">
    <p class='ocr_par' dir='ltr' id='par_1_27' title="bbox 2110 1250 3715 1338">
     <span class='ocr_line' id='line_1_27' title="bbox 2110 1250 3715 1338; baseline -0.019 -4"><span class='ocrx_word' id='word_1_162' title='bbox 2110 1265 2373 1334; x_wconf 71' lang='grc' dir='ltr'>τούντων.</span> <span class='ocrx_word' id='word_1_163' title='bbox 2402 1266 2878 1338; x_wconf 76' lang='grc' dir='ltr'>ὑποστηριςόντων</span> <span class='ocrx_word' id='word_1_164' title='bbox 2907 1280 2969 1317; x_wconf 87' lang='grc' dir='ltr'><strong>τε</strong></span> <span class='ocrx_word' id='word_1_165' title='bbox 2997 1262 3093 1316; x_wconf 74' lang='grc' dir='ltr'>καὶ</span> <span class='ocrx_word' id='word_1_166' title='bbox 3128 1256 3584 1314; x_wconf 85' lang='grc' dir='ltr'>συντελειούντων</span> <span class='ocrx_word' id='word_1_167' title='bbox 3609 1250 3715 1304; x_wconf 73' lang='grc' dir='ltr'><strong>τοῦ</strong></span> 
     </span>
    </p>
   </div>
   <div class='ocr_carea' id='block_1_28' title="bbox 2113 1343 3722 1429">
    <p class='ocr_par' dir='ltr' id='par_1_28' title="bbox 2113 1343 3722 1429">
     <span class='ocr_line' id='line_1_28' title="bbox 2113 1343 3722 1429; baseline -0.008 -20"><span class='ocrx_word' id='word_1_168' title='bbox 2113 1358 2409 1429; x_wconf 82' lang='grc' dir='ltr'><strong>κριτηρίου</strong></span> <span class='ocrx_word' id='word_1_169' title='bbox 2435 1358 2535 1429; x_wconf 80' lang='grc' dir='ltr'>τὴν</span> <span class='ocrx_word' id='word_1_170' title='bbox 2571 1357 2825 1428; x_wconf 88' lang='grc' dir='ltr'>δύναμιν,</span> <span class='ocrx_word' id='word_1_171' title='bbox 2854 1356 2889 1428; x_wconf 69' lang='grc' dir='ltr'>ἢ</span> <span class='ocrx_word' id='word_1_172' title='bbox 2926 1353 3030 1408; x_wconf 80' lang='grc' dir='ltr'><strong>ποῦ</strong></span> <span class='ocrx_word' id='word_1_173' title='bbox 3061 1369 3125 1422; x_wconf 83' lang='grc' dir='ltr'><strong>γε</strong></span> <span class='ocrx_word' id='word_1_174' title='bbox 3158 1351 3250 1405; x_wconf 82' lang='grc' dir='ltr'><strong>ὲπὶ</strong></span> <span class='ocrx_word' id='word_1_175' title='bbox 3277 1350 3378 1420; x_wconf 82' lang='grc' dir='ltr'>τῆς</span> <span class='ocrx_word' id='word_1_176' title='bbox 3421 1345 3575 1409; x_wconf 83' lang='grc' dir='ltr'>θείας</span> <span class='ocrx_word' id='word_1_177' title='bbox 3611 1343 3722 1397; x_wconf 72' lang='grc' dir='ltr'>καὶ</span> 
     </span>
    </p>
   </div>
   <div class='ocr_carea' id='block_1_29' title="bbox 2114 1433 3721 1520">
    <p class='ocr_par' dir='ltr' id='par_1_29' title="bbox 2114 1433 3721 1520">
     <span class='ocr_line' id='line_1_29' title="bbox 2114 1433 3721 1520; baseline -0.009 -19"><span class='ocrx_word' id='word_1_178' title='bbox 2114 1446 2256 1520; x_wconf 84' lang='grc' dir='ltr'>ὑπὲρ</span> <span class='ocrx_word' id='word_1_179' title='bbox 2284 1447 2442 1519; x_wconf 91' lang='grc' dir='ltr'>λόγον</span> <span class='ocrx_word' id='word_1_180' title='bbox 2464 1449 2563 1503; x_wconf 84' lang='grc' dir='ltr'>καὶ</span> <span class='ocrx_word' id='word_1_181' title='bbox 2601 1445 2882 1519; x_wconf 79' lang='grc' dir='ltr'>λογισμῶν</span> <span class='ocrx_word' id='word_1_182' title='bbox 2910 1442 3272 1516; x_wconf 76' lang='grc' dir='ltr'>ἀνθρωπίνων</span> <span class='ocrx_word' id='word_1_183' title='bbox 3300 1440 3403 1493; x_wconf 78' lang='grc' dir='ltr'>οὐκ</span> <span class='ocrx_word' id='word_1_184' title='bbox 3431 1433 3721 1506; x_wconf 75' lang='grc' dir='ltr'>ἀνεχομέ-</span> 
     </span>
    </p>
   </div>
   <div class='ocr_carea' id='block_1_30' title="bbox 427 1528 3721 1613">
    <p class='ocr_par' dir='ltr' id='par_1_30' title="bbox 427 1528 3721 1613">
     <span class='ocr_line' id='line_1_30' title="bbox 427 1528 3721 1613; baseline 0 -30"><span class='ocrx_word' id='word_1_185' title='bbox 427 1548 526 1602; x_wconf 84' lang='grc' dir='ltr'><strong>νης</strong></span> <span class='ocrx_word' id='word_1_186' title='bbox 552 1531 779 1601; x_wconf 73' lang='grc' dir='ltr'>ἔρευναν</span> <span class='ocrx_word' id='word_1_187' title='bbox 817 1531 1004 1604; x_wconf 85' lang='grc' dir='ltr'>χώραν</span> <span class='ocrx_word' id='word_1_188' title='bbox 1030 1532 1255 1604; x_wconf 75' lang='grc' dir='ltr'>εὑρήσει</span> <span class='ocrx_word' id='word_1_189' title='bbox 1284 1533 1575 1605; x_wconf 81' lang='grc' dir='ltr'>κριτηρίου</span> <span class='ocrx_word' id='word_1_190' title='bbox 1639 1533 2041 1606; x_wconf 81' lang='grc' dir='ltr'>περιϐαλέσθαι</span> <span class='ocrx_word' id='word_1_191' title='bbox 2114 1542 2315 1611; x_wconf 78' lang='grc' dir='ltr'>κράτος</span> <span class='ocrx_word' id='word_1_192' title='bbox 2357 1558 2419 1596; x_wconf 84' lang='grc' dir='ltr'><strong>τε</strong></span> <span class='ocrx_word' id='word_1_193' title='bbox 2460 1542 2558 1597; x_wconf 72' lang='grc' dir='ltr'>καὶ</span> <span class='ocrx_word' id='word_1_194' title='bbox 2621 1542 2839 1613; x_wconf 79' lang='grc' dir='ltr'>ἀξίωμα</span> <span class='ocrx_word' id='word_1_195' title='bbox 2913 1540 3014 1611; x_wconf 76' lang='grc' dir='ltr'>τῆς</span> <span class='ocrx_word' id='word_1_196' title='bbox 3052 1536 3396 1607; x_wconf 79' lang='grc' dir='ltr'>ἀντιφάσεως</span> <span class='ocrx_word' id='word_1_197' title='bbox 3438 1532 3502 1586; x_wconf 79' lang='grc' dir='ltr'>τὸ</span> <span class='ocrx_word' id='word_1_198' title='bbox 3547 1528 3721 1601; x_wconf 84' lang='grc' dir='ltr'><strong>περί⁴</strong></span> 
     </span>
    </p>
   </div>
   <div class='ocr_carea' id='block_1_31' title="bbox 426 1640 625 1694">
    <p class='ocr_par' dir='ltr' id='par_1_31' title="bbox 426 1640 625 1694">
     <span class='ocr_line' id='line_1_31' title="bbox 426 1640 625 1694; baseline 0.01 -18"><span class='ocrx_word' id='word_1_199' title='bbox 426 1640 589 1693; x_wconf 82' lang='grc' dir='ltr'>εργον</span> <span class='ocrx_word' id='word_1_200' title='bbox 610 1644 625 1694; x_wconf 72' lang='grc' dir='ltr'><strong>ς</strong></span> 
     </span>
    </p>
   </div>
   <div class='ocr_carea' id='block_1_32' title="bbox 501 1714 2025 1795">
    <p class='ocr_par' dir='ltr' id='par_1_32' title="bbox 501 1720 2010 1794">
     <span class='ocr_line' id='line_1_32' title="bbox 501 1720 2010 1794; baseline 0.002 -18"><span class='ocrx_word' id='word_1_201' title='bbox 501 1721 558 1776; x_wconf 88' lang='lat'><strong>6.</strong></span> <span class='ocrx_word' id='word_1_202' title='bbox 598 1722 779 1792; x_wconf 87' lang='lat' dir='ltr'><strong>Atque</strong></span> <span class='ocrx_word' id='word_1_203' title='bbox 828 1720 1074 1792; x_wconf 83' lang='lat' dir='ltr'><strong>inspice,</strong></span> <span class='ocrx_word' id='word_1_204' title='bbox 1122 1720 1172 1777; x_wconf 89' lang='lat' dir='ltr'><strong>si</strong></span> <span class='ocrx_word' id='word_1_205' title='bbox 1229 1721 1400 1787; x_wconf 88' lang='lat' dir='ltr'><strong>iubet,</strong></span> <span class='ocrx_word' id='word_1_206' title='bbox 1452 1721 1703 1793; x_wconf 89' lang='lat' dir='ltr'><strong>exempla</strong></span> <span class='ocrx_word' id='word_1_207' title='bbox 1753 1724 2010 1794; x_wconf 83' lang='lat' dir='ltr'><strong>propiora</strong></span> 
     </span>
    </p>
   </div>
   <div class='ocr_carea' id='block_1_33' title="bbox 2130 1714 3726 1795">
    <p class='ocr_par' dir='ltr' id='par_1_33' title="bbox 2196 1714 3726 1795">
     <span class='ocr_line' id='line_1_33' title="bbox 2196 1714 3726 1795; baseline -0.008 -17"><span class='ocrx_word' id='word_1_208' title='bbox 2196 1721 2277 1789; x_wconf 82' lang='grc' dir='ltr'><strong>ς’.</strong></span> <span class='ocrx_word' id='word_1_209' title='bbox 2319 1721 2431 1776; x_wconf 82' lang='grc' dir='ltr'><strong>Καὶ</strong></span> <span class='ocrx_word' id='word_1_210' title='bbox 2458 1721 2585 1795; x_wconf 82' lang='grc' dir='ltr'>ὅρα,</span> <span class='ocrx_word' id='word_1_211' title='bbox 2611 1723 2665 1775; x_wconf 76' lang='grc' dir='ltr'>εἴ</span> <span class='ocrx_word' id='word_1_212' title='bbox 2687 1738 2750 1791; x_wconf 88' lang='grc' dir='ltr'><strong>γε</strong></span> <span class='ocrx_word' id='word_1_213' title='bbox 2773 1721 2992 1793; x_wconf 82' lang='grc' dir='ltr'>βούλει,</span> <span class='ocrx_word' id='word_1_214' title='bbox 3020 1719 3115 1774; x_wconf 76' lang='grc' dir='ltr'>καὶ</span> <span class='ocrx_word' id='word_1_215' title='bbox 3143 1714 3596 1788; x_wconf 64' lang='grc' dir='ltr'>τῶνείρημένων</span> <span class='ocrx_word' id='word_1_216' title='bbox 3623 1714 3726 1782; x_wconf 70' lang='grc' dir='ltr'><strong>ἔγ·</strong></span> 
     </span>
    </p>
   </div>
   <div class='ocr_carea' id='block_1_34' title="bbox 427 1814 2017 1886">
    <p class='ocr_par' dir='ltr' id='par_1_34' title="bbox 427 1814 2017 1886">
     <span class='ocr_line' id='line_1_34' title="bbox 427 1814 2017 1886; baseline 0.002 -16"><span class='ocrx_word' id='word_1_217' title='bbox 427 1829 671 1886; x_wconf 91' lang='lat' dir='ltr'><strong>quoque,</strong></span> <span class='ocrx_word' id='word_1_218' title='bbox 701 1830 867 1884; x_wconf 81' lang='lat' dir='ltr'><strong>quam</strong></span> <span class='ocrx_word' id='word_1_219' title='bbox 891 1830 1014 1885; x_wconf 63' lang='lat' dir='ltr'><strong>quae</strong></span> <span class='ocrx_word' id='word_1_220' title='bbox 1035 1814 1345 1870; x_wconf 87' lang='lat' dir='ltr'><strong>attulimus.</strong></span> <span class='ocrx_word' id='word_1_221' title='bbox 1371 1815 1658 1870; x_wconf 89' lang='lat' dir='ltr'><strong>Exstantia</strong></span> <span class='ocrx_word' id='word_1_222' title='bbox 1684 1817 2017 1886; x_wconf 89' lang='lat' dir='ltr'><strong>produxitne</strong></span> 
     </span>
    </p>
   </div>
   <div class='ocr_carea' id='block_1_35' title="bbox 435 1907 2018 1974">
    <p class='ocr_par' dir='ltr' id='par_1_35' title="bbox 435 1907 2018 1974">
     <span class='ocr_line' id='line_1_35' title="bbox 435 1907 2018 1974; baseline 0.004 -15"><span class='ocrx_word' id='word_1_223' title='bbox 435 1908 577 1962; x_wconf 83' lang='lat' dir='ltr'><strong>Deus</strong></span> <span class='ocrx_word' id='word_1_224' title='bbox 610 1907 833 1971; x_wconf 70' lang='lat' dir='ltr'><strong>saecula,</strong></span> <span class='ocrx_word' id='word_1_225' title='bbox 857 1922 926 1961; x_wconf 88' lang='lat' dir='ltr'><strong>an</strong></span> <span class='ocrx_word' id='word_1_226' title='bbox 960 1922 1069 1962; x_wconf 91' lang='lat' dir='ltr'><strong>non</strong></span> <span class='ocrx_word' id='word_1_227' title='bbox 1100 1908 1396 1974; x_wconf 89' lang='lat' dir='ltr'><strong>exstantia,</strong></span> <span class='ocrx_word' id='word_1_228' title='bbox 1432 1918 1487 1964; x_wconf 92' lang='lat' dir='ltr'><strong>et</strong></span> <span class='ocrx_word' id='word_1_229' title='bbox 1513 1908 1891 1965; x_wconf 87' lang='lat' dir='ltr'><strong>subsistuntne</strong></span> <span class='ocrx_word' id='word_1_230' title='bbox 1945 1926 2018 1966; x_wconf 88' lang='lat' dir='ltr'><strong>an</strong></span> 
     </span>
    </p>
   </div>
   <div class='ocr_carea' id='block_1_36' title="bbox 433 1998 2017 2071">
    <p class='ocr_par' dir='ltr' id='par_1_36' title="bbox 433 1998 2017 2071">
     <span class='ocr_line' id='line_1_36' title="bbox 433 1998 2017 2071; baseline 0.004 -18"><span class='ocrx_word' id='word_1_231' title='bbox 433 2015 543 2053; x_wconf 90' lang='lat' dir='ltr'><strong>non</strong></span> <span class='ocrx_word' id='word_1_232' title='bbox 592 1998 940 2054; x_wconf 86' lang='lat' dir='ltr'><strong>subsistunt?</strong></span> <span class='ocrx_word' id='word_1_233' title='bbox 974 1999 1031 2054; x_wconf 88' lang='lat' dir='ltr'><strong>Si</strong></span> <span class='ocrx_word' id='word_1_234' title='bbox 1079 1999 1227 2055; x_wconf 86' lang='lat' dir='ltr'><strong>enim</strong></span> <span class='ocrx_word' id='word_1_235' title='bbox 1266 2001 1561 2067; x_wconf 79' lang='lat' dir='ltr'><strong>exstantia,</strong></span> <span class='ocrx_word' id='word_1_236' title='bbox 1608 2002 1884 2071; x_wconf 90' lang='lat' dir='ltr'><strong>quomodo</strong></span> <span class='ocrx_word' id='word_1_237' title='bbox 1908 2018 2017 2059; x_wconf 93' lang='lat' dir='ltr'><strong>non</strong></span> 
     </span>
    </p>
   </div>
   <div class='ocr_carea' id='block_1_37' title="bbox 435 2089 2022 2162">
    <p class='ocr_par' dir='ltr' id='par_1_37' title="bbox 435 2089 2022 2162">
     <span class='ocr_line' id='line_1_37' title="bbox 435 2089 2022 2162; baseline 0.005 -20"><span class='ocrx_word' id='word_1_238' title='bbox 435 2089 676 2145; x_wconf 86' lang='lat' dir='ltr'><strong>inaniter</strong></span> <span class='ocrx_word' id='word_1_239' title='bbox 738 2090 1081 2162; x_wconf 84' lang='lat' dir='ltr'><strong>(produxit)?</strong></span> <span class='ocrx_word' id='word_1_240' title='bbox 1127 2092 1416 2158; x_wconf 87' lang='lat' dir='ltr'><strong>Quomodo</strong></span> <span class='ocrx_word' id='word_1_241' title='bbox 1464 2108 1576 2149; x_wconf 91' lang='lat' dir='ltr'><strong>non</strong></span> <span class='ocrx_word' id='word_1_242' title='bbox 1618 2093 1868 2151; x_wconf 85' lang='lat' dir='ltr'><strong>fabulosa</strong></span> <span class='ocrx_word' id='word_1_243' title='bbox 1917 2094 2022 2150; x_wconf 90' lang='lat' dir='ltr'><strong>erit</strong></span> 
     </span>
    </p>
   </div>
   <div class='ocr_carea' id='block_1_38' title="bbox 435 2181 2025 2255">
    <p class='ocr_par' dir='ltr' id='par_1_38' title="bbox 435 2181 2025 2255">
     <span class='ocr_line' id='line_1_38' title="bbox 435 2181 2025 2255; baseline 0.006 -20"><span class='ocrx_word' id='word_1_244' title='bbox 435 2182 528 2236; x_wconf 89' lang='lat' dir='ltr'><strong>illa</strong></span> <span class='ocrx_word' id='word_1_245' title='bbox 552 2182 898 2255; x_wconf 83' lang='lat' dir='ltr'><strong>productio?</strong></span> <span class='ocrx_word' id='word_1_246' title='bbox 936 2181 1034 2238; x_wconf 88' lang='lat' dir='ltr'><strong>Sin</strong></span> <span class='ocrx_word' id='word_1_247' title='bbox 1090 2194 1271 2240; x_wconf 91' lang='lat' dir='ltr'><strong>autem</strong></span> <span class='ocrx_word' id='word_1_248' title='bbox 1317 2201 1427 2241; x_wconf 92' lang='lat' dir='ltr'><strong>non</strong></span> <span class='ocrx_word' id='word_1_249' title='bbox 1469 2188 1765 2255; x_wconf 86' lang='lat' dir='ltr'><strong>exstantia,</strong></span> <span class='ocrx_word' id='word_1_250' title='bbox 1808 2188 1903 2244; x_wconf 91' lang='lat' dir='ltr'><strong>ubi</strong></span> <span class='ocrx_word' id='word_1_251' title='bbox 1937 2197 2025 2244; x_wconf 91' lang='lat' dir='ltr'><strong>est</strong></span> 
     </span>
    </p>
   </div>
   <div class='ocr_carea' id='block_1_39' title="bbox 434 2274 2018 2344">
    <p class='ocr_par' dir='ltr' id='par_1_39' title="bbox 434 2274 2018 2344">
     <span class='ocr_line' id='line_1_39' title="bbox 434 2274 2018 2344; baseline 0.004 -16"><span class='ocrx_word' id='word_1_252' title='bbox 434 2277 581 2343; x_wconf 85' lang='lat' dir='ltr'><strong>quod</strong></span> <span class='ocrx_word' id='word_1_253' title='bbox 610 2274 830 2331; x_wconf 71' lang='lat' dir='ltr'><strong>aeternis</strong></span> <span class='ocrx_word' id='word_1_254' title='bbox 848 2283 931 2331; x_wconf 89' lang='lat' dir='ltr'><strong>est</strong></span> <span class='ocrx_word' id='word_1_255' title='bbox 948 2278 1339 2332; x_wconf 86' lang='lat' dir='ltr'><strong>coextensum?</strong></span> <span class='ocrx_word' id='word_1_256' title='bbox 1365 2276 1434 2333; x_wconf 85' lang='lat' dir='ltr'><strong>Et</strong></span> <span class='ocrx_word' id='word_1_257' title='bbox 1468 2278 1515 2333; x_wconf 90' lang='lat' dir='ltr'><strong>si</strong></span> <span class='ocrx_word' id='word_1_258' title='bbox 1547 2293 1657 2333; x_wconf 90' lang='lat' dir='ltr'><strong>non</strong></span> <span class='ocrx_word' id='word_1_259' title='bbox 1687 2278 2018 2344; x_wconf 86' lang='lat' dir='ltr'><strong>subsistunt,</strong></span> 
     </span>
    </p>
   </div>
   <div class='ocr_carea' id='block_1_40' title="bbox 434 2364 2024 2434">
    <p class='ocr_par' dir='ltr' id='par_1_40' title="bbox 434 2364 2024 2434">
     <span class='ocr_line' id='line_1_40' title="bbox 434 2364 2024 2434; baseline 0.006 -17"><span class='ocrx_word' id='word_1_260' title='bbox 434 2364 712 2434; x_wconf 87' lang='lat' dir='ltr'><strong>quomodo</strong></span> <span class='ocrx_word' id='word_1_261' title='bbox 765 2364 823 2419; x_wconf 91' lang='lat' dir='ltr'><strong>in</strong></span> <span class='ocrx_word' id='word_1_262' title='bbox 876 2365 1043 2421; x_wconf 85' lang='lat' dir='ltr'><strong>rebus</strong></span> <span class='ocrx_word' id='word_1_263' title='bbox 1067 2367 1461 2424; x_wconf 89' lang='lat' dir='ltr'><strong>exsistentibus</strong></span> <span class='ocrx_word' id='word_1_264' title='bbox 1494 2368 1722 2424; x_wconf 89' lang='lat' dir='ltr'><strong>omnino</strong></span> <span class='ocrx_word' id='word_1_265' title='bbox 1748 2370 1833 2425; x_wconf 88' lang='lat' dir='ltr'><strong>vel</strong></span> <span class='ocrx_word' id='word_1_266' title='bbox 1879 2370 2024 2427; x_wconf 87' lang='lat' dir='ltr'><strong>unde</strong></span> 
     </span>
    </p>
   </div>
   <div class='ocr_carea' id='block_1_41' title="bbox 436 2459 2024 2531">
    <p class='ocr_par' dir='ltr' id='par_1_41' title="bbox 436 2459 2024 2531">
     <span class='ocr_line' id='line_1_41' title="bbox 436 2459 2024 2531; baseline 0.006 -22"><span class='ocrx_word' id='word_1_267' title='bbox 436 2466 568 2511; x_wconf 80' lang='lat' dir='ltr'><strong>sunt</strong></span> <span class='ocrx_word' id='word_1_268' title='bbox 612 2459 730 2514; x_wconf 84' lang='lat' dir='ltr'><strong>sive</strong></span> <span class='ocrx_word' id='word_1_269' title='bbox 764 2468 931 2513; x_wconf 87' lang='lat' dir='ltr'><strong>erunt</strong></span> <span class='ocrx_word' id='word_1_270' title='bbox 974 2461 1218 2515; x_wconf 59' lang='lat' dir='ltr'><strong>secula?</strong></span> <span class='ocrx_word' id='word_1_271' title='bbox 1246 2460 1304 2515; x_wconf 88' lang='lat' dir='ltr'><strong>Si</strong></span> <span class='ocrx_word' id='word_1_272' title='bbox 1344 2476 1476 2517; x_wconf 88' lang='lat' dir='ltr'><strong>vero</strong></span> <span class='ocrx_word' id='word_1_273' title='bbox 1508 2462 1847 2531; x_wconf 88' lang='lat' dir='ltr'><strong>subsistunt,</strong></span> <span class='ocrx_word' id='word_1_274' title='bbox 1880 2463 2024 2525; x_wconf 86' lang='lat' dir='ltr'><strong>unde</strong></span> 
     </span>
    </p>
   </div>
   <div class='ocr_carea' id='block_1_42' title="bbox 437 2548 2024 2616">
    <p class='ocr_par' dir='ltr' id='par_1_42' title="bbox 437 2548 2024 2616">
     <span class='ocr_line' id='line_1_42' title="bbox 437 2548 2024 2616; baseline 0.006 -15"><span class='ocrx_word' id='word_1_275' title='bbox 437 2548 572 2616; x_wconf 84' lang='lat' dir='ltr'><strong>ipsis</strong></span> <span class='ocrx_word' id='word_1_276' title='bbox 593 2549 799 2604; x_wconf 89' lang='lat' dir='ltr'><strong>accedit</strong></span> <span class='ocrx_word' id='word_1_277' title='bbox 822 2550 1155 2606; x_wconf 88' lang='lat' dir='ltr'><strong>illimitatum</strong></span> <span class='ocrx_word' id='word_1_278' title='bbox 1179 2560 1234 2607; x_wconf 90' lang='lat' dir='ltr'><strong>et</strong></span> <span class='ocrx_word' id='word_1_279' title='bbox 1252 2552 1584 2610; x_wconf 89' lang='lat' dir='ltr'><strong>immensum</strong></span> <span class='ocrx_word' id='word_1_280' title='bbox 1603 2555 1626 2608; x_wconf 88' lang='lat'><strong>?</strong></span> <span class='ocrx_word' id='word_1_281' title='bbox 1642 2553 1811 2611; x_wconf 85' lang='lat' dir='ltr'><strong>Visne</strong></span> <span class='ocrx_word' id='word_1_282' title='bbox 1839 2556 2024 2612; x_wconf 87' lang='lat' dir='ltr'><strong>adhuc</strong></span> 
     </span>
    </p>
   </div>
   <div class='ocr_carea' id='block_1_43' title="bbox 436 2640 2024 2715">
    <p class='ocr_par' dir='ltr' id='par_1_43' title="bbox 436 2640 2024 2715">
     <span class='ocr_line' id='line_1_43' title="bbox 436 2640 2024 2715; baseline 0.008 -23"><span class='ocrx_word' id='word_1_283' title='bbox 436 2640 663 2710; x_wconf 82' lang='lat' dir='ltr'><strong>propius</strong></span> <span class='ocrx_word' id='word_1_284' title='bbox 718 2641 1112 2698; x_wconf 87' lang='lat' dir='ltr'><strong>absurditatem</strong></span> <span class='ocrx_word' id='word_1_285' title='bbox 1152 2644 1504 2715; x_wconf 80' lang='lat' dir='ltr'><strong>conspicere?</strong></span> <span class='ocrx_word' id='word_1_286' title='bbox 1538 2644 1702 2702; x_wconf 88' lang='lat' dir='ltr'><strong>Pater</strong></span> <span class='ocrx_word' id='word_1_287' title='bbox 1753 2646 2024 2705; x_wconf 89' lang='lat' dir='ltr'><strong>exsistens</strong></span> 
     </span>
    </p>
   </div>
   <div class='ocr_carea' id='block_1_44' title="bbox 438 2718 2024 2805">
    <p class='ocr_par' dir='ltr' id='par_1_44' title="bbox 438 2718 2024 2805">
     <span class='ocr_line' id='line_1_44' title="bbox 438 2718 2024 2805; baseline 0.008 -20"><span class='ocrx_word' id='word_1_288' title='bbox 438 2731 618 2788; x_wconf 90' lang='lat' dir='ltr'><strong>factus</strong></span> <span class='ocrx_word' id='word_1_289' title='bbox 655 2718 739 2788; x_wconf 82' lang='lat' dir='ltr'><strong>est</strong></span> <span class='ocrx_word' id='word_1_290' title='bbox 770 2732 933 2790; x_wconf 86' lang='lat' dir='ltr'><strong>Pater</strong></span> <span class='ocrx_word' id='word_1_291' title='bbox 982 2736 1068 2791; x_wconf 92' lang='lat' dir='ltr'><strong>vel</strong></span> <span class='ocrx_word' id='word_1_292' title='bbox 1116 2751 1228 2792; x_wconf 92' lang='lat' dir='ltr'><strong>non</strong></span> <span class='ocrx_word' id='word_1_293' title='bbox 1279 2738 1575 2795; x_wconf 87' lang='lat' dir='ltr'><strong>exsistens.</strong></span> <span class='ocrx_word' id='word_1_294' title='bbox 1633 2738 1692 2794; x_wconf 90' lang='lat' dir='ltr'><strong>Si</strong></span> <span class='ocrx_word' id='word_1_295' title='bbox 1729 2739 2024 2805; x_wconf 87' lang='lat' dir='ltr'><strong>exsistens.</strong></span> 
     </span>
    </p>
   </div>
   <div class='ocr_carea' id='block_1_45' title="bbox 439 2824 2030 2902">
    <p class='ocr_par' dir='ltr' id='par_1_45' title="bbox 439 2824 2030 2902">
     <span class='ocr_line' id='line_1_45' title="bbox 439 2824 2030 2902; baseline 0.008 -24"><span class='ocrx_word' id='word_1_296' title='bbox 439 2824 649 2896; x_wconf 88' lang='lat' dir='ltr'><strong>aliquid</strong></span> <span class='ocrx_word' id='word_1_297' title='bbox 696 2826 871 2897; x_wconf 78' lang='lat' dir='ltr'><strong>ipsius</strong></span> <span class='ocrx_word' id='word_1_298' title='bbox 924 2828 1138 2883; x_wconf 78' lang='lat' dir='ltr'><strong>exstitit</strong></span> <span class='ocrx_word' id='word_1_299' title='bbox 1165 2829 1321 2900; x_wconf 90' lang='lat' dir='ltr'><strong>prius</strong></span> <span class='ocrx_word' id='word_1_300' title='bbox 1351 2839 1407 2886; x_wconf 90' lang='lat' dir='ltr'><strong>et</strong></span> <span class='ocrx_word' id='word_1_301' title='bbox 1433 2832 1581 2887; x_wconf 85' lang='lat' dir='ltr'><strong>aliud</strong></span> <span class='ocrx_word' id='word_1_302' title='bbox 1612 2833 1891 2902; x_wconf 76' lang='lat' dir='ltr'><strong>posterius</strong></span> <span class='ocrx_word' id='word_1_303' title='bbox 1932 2849 2030 2890; x_wconf 85' lang='lat' dir='ltr'><strong>ac-</strong></span> 
     </span>
    </p>
   </div>
   <div class='ocr_carea' id='block_1_46' title="bbox 439 2918 2024 2995">
    <p class='ocr_par' dir='ltr' id='par_1_46' title="bbox 439 2918 2024 2995">
     <span class='ocr_line' id='line_1_46' title="bbox 439 2918 2024 2995; baseline 0.007 -24"><span class='ocrx_word' id='word_1_304' title='bbox 439 2918 631 2983; x_wconf 88' lang='lat' dir='ltr'><strong>cessit,</strong></span> <span class='ocrx_word' id='word_1_305' title='bbox 657 2928 711 2974; x_wconf 91' lang='lat' dir='ltr'><strong>et</strong></span> <span class='ocrx_word' id='word_1_306' title='bbox 739 2920 1021 2990; x_wconf 86' lang='lat' dir='ltr'><strong>quomodo</strong></span> <span class='ocrx_word' id='word_1_307' title='bbox 1056 2930 1330 2977; x_wconf 90' lang='lat' dir='ltr'><strong>mutatum</strong></span> <span class='ocrx_word' id='word_1_308' title='bbox 1374 2924 1499 2991; x_wconf 87' lang='lat' dir='ltr'><strong>fuit,</strong></span> <span class='ocrx_word' id='word_1_309' title='bbox 1529 2926 1676 2995; x_wconf 85' lang='lat' dir='ltr'><strong>quod</strong></span> <span class='ocrx_word' id='word_1_310' title='bbox 1708 2936 1792 2983; x_wconf 87' lang='lat' dir='ltr'><strong>est</strong></span> <span class='ocrx_word' id='word_1_311' title='bbox 1818 2928 2024 2982; x_wconf 85' lang='lat' dir='ltr'><strong>immu-</strong></span> 
     </span>
    </p>
   </div>
   <div class='ocr_carea' id='block_1_47' title="bbox 439 3009 2031 3082">
    <p class='ocr_par' dir='ltr' id='par_1_47' title="bbox 439 3009 2031 3082">
     <span class='ocr_line' id='line_1_47' title="bbox 439 3009 2031 3082; baseline 0.008 -20"><span class='ocrx_word' id='word_1_312' title='bbox 439 3009 642 3065; x_wconf 84' lang='lat' dir='ltr'><strong>tabile?</strong></span> <span class='ocrx_word' id='word_1_313' title='bbox 695 3011 755 3068; x_wconf 91' lang='lat' dir='ltr'><strong>Si</strong></span> <span class='ocrx_word' id='word_1_314' title='bbox 808 3028 937 3067; x_wconf 89' lang='lat' dir='ltr'><strong>vero</strong></span> <span class='ocrx_word' id='word_1_315' title='bbox 984 3029 1092 3068; x_wconf 93' lang='lat' dir='ltr'><strong>non</strong></span> <span class='ocrx_word' id='word_1_316' title='bbox 1139 3014 1446 3082; x_wconf 87' lang='lat' dir='ltr'><strong>exsistens,</strong></span> <span class='ocrx_word' id='word_1_317' title='bbox 1504 3019 1828 3074; x_wconf 89' lang='lat' dir='ltr'><strong>mutationis</strong></span> <span class='ocrx_word' id='word_1_318' title='bbox 1887 3018 2031 3074; x_wconf 82' lang='lat' dir='ltr'><strong>ratio</strong></span> 
     </span>
    </p>
   </div>
   <div class='ocr_carea' id='block_1_48' title="bbox 2117 1806 3724 1887">
    <p class='ocr_par' dir='ltr' id='par_1_48' title="bbox 2117 1806 3724 1887">
     <span class='ocr_line' id='line_1_48' title="bbox 2117 1806 3724 1887; baseline -0.006 -18"><span class='ocrx_word' id='word_1_319' title='bbox 2117 1814 2547 1886; x_wconf 79' lang='grc' dir='ltr'>γύτερον.”οντα</span> <span class='ocrx_word' id='word_1_320' title='bbox 2582 1815 2900 1887; x_wconf 84' lang='grc' dir='ltr'>προήγαγεν</span> <span class='ocrx_word' id='word_1_321' title='bbox 2918 1814 2946 1867; x_wconf 89' lang='lat'><strong>6</strong></span> <span class='ocrx_word' id='word_1_322' title='bbox 2978 1811 3110 1876; x_wconf 78' lang='grc' dir='ltr'>Θεὸς</span> <span class='ocrx_word' id='word_1_323' title='bbox 3124 1810 3217 1864; x_wconf 85' lang='grc' dir='ltr'><strong>τόν</strong></span> <span class='ocrx_word' id='word_1_324' title='bbox 3240 1808 3413 1863; x_wconf 83' lang='grc' dir='ltr'>αίῶνα</span> <span class='ocrx_word' id='word_1_325' title='bbox 3441 1807 3475 1878; x_wconf 73' lang='grc' dir='ltr'>ἢ</span> <span class='ocrx_word' id='word_1_326' title='bbox 3514 1806 3595 1877; x_wconf 77' lang='grc' dir='ltr'>μὴ</span> <span class='ocrx_word' id='word_1_327' title='bbox 3624 1806 3724 1859; x_wconf 77' lang='grc' dir='ltr'>δν-</span> 
     </span>
    </p>
   </div>
   <div class='ocr_carea' id='block_1_49' title="bbox 2115 1894 3723 1977">
    <p class='ocr_par' dir='ltr' id='par_1_49' title="bbox 2115 1894 3723 1977">
     <span class='ocr_line' id='line_1_49' title="bbox 2115 1894 3723 1977; baseline -0.007 -18"><span class='ocrx_word' id='word_1_328' title='bbox 2115 1921 2220 1972; x_wconf 85' lang='grc' dir='ltr'>τα;</span> <span class='ocrx_word' id='word_1_329' title='bbox 2239 1905 2335 1959; x_wconf 76' lang='grc' dir='ltr'>καὶ</span> <span class='ocrx_word' id='word_1_330' title='bbox 2356 1899 2469 1977; x_wconf 80' lang='grc' dir='ltr'>ἆρα</span> <span class='ocrx_word' id='word_1_331' title='bbox 2495 1904 2805 1976; x_wconf 82' lang='grc' dir='ltr'>ὑφέστηκεν</span> <span class='ocrx_word' id='word_1_332' title='bbox 2839 1904 2876 1976; x_wconf 75' lang='grc' dir='ltr'>ἢ</span> <span class='ocrx_word' id='word_1_333' title='bbox 2903 1903 3002 1973; x_wconf 82' lang='grc' dir='ltr'><strong>οὐχ</strong></span> <span class='ocrx_word' id='word_1_334' title='bbox 3027 1901 3363 1971; x_wconf 76' lang='grc' dir='ltr'>ὑφέστηκενς</span> <span class='ocrx_word' id='word_1_335' title='bbox 3384 1897 3451 1951; x_wconf 70' lang='lat' dir='ltr'><strong>Et</strong></span> <span class='ocrx_word' id='word_1_336' title='bbox 3474 1896 3581 1967; x_wconf 81' lang='grc' dir='ltr'>μὲν</span> <span class='ocrx_word' id='word_1_337' title='bbox 3600 1894 3723 1965; x_wconf 82' lang='grc' dir='ltr'><strong>γάρ</strong></span> 
     </span>
    </p>
   </div>
   <div class='ocr_carea' id='block_1_50' title="bbox 2118 1988 3721 2071">
    <p class='ocr_par' dir='ltr' id='par_1_50' title="bbox 2118 1988 3721 2071">
     <span class='ocr_line' id='line_1_50' title="bbox 2118 1988 3721 2071; baseline -0.01 -14"><span class='ocrx_word' id='word_1_338' title='bbox 2118 2003 2273 2068; x_wconf 75' lang='grc' dir='ltr'>ὄντα,</span> <span class='ocrx_word' id='word_1_339' title='bbox 2304 2000 2427 2063; x_wconf 83' lang='grc' dir='ltr'><strong>πῶς</strong></span> <span class='ocrx_word' id='word_1_340' title='bbox 2450 1999 2513 2054; x_wconf 87' lang='grc' dir='ltr'><strong>ού</strong></span> <span class='ocrx_word' id='word_1_341' title='bbox 2546 1998 2747 2071; x_wconf 86' lang='grc' dir='ltr'>μάτην,</span> <span class='ocrx_word' id='word_1_342' title='bbox 2776 1996 2895 2060; x_wconf 83' lang='grc' dir='ltr'><strong>πῶς</strong></span> <span class='ocrx_word' id='word_1_343' title='bbox 2918 1996 2964 2050; x_wconf 92' lang='grc' dir='ltr'>δ’</span> <span class='ocrx_word' id='word_1_344' title='bbox 2997 1994 3058 2048; x_wconf 83' lang='grc' dir='ltr'><strong>ού</strong></span> <span class='ocrx_word' id='word_1_345' title='bbox 3091 1993 3260 2064; x_wconf 82' lang='grc' dir='ltr'>λῆρος</span> <span class='ocrx_word' id='word_1_346' title='bbox 3291 1993 3327 2062; x_wconf 91' lang='grc' dir='ltr'><strong>ή</strong></span> <span class='ocrx_word' id='word_1_347' title='bbox 3360 1988 3721 2060; x_wconf 72' lang='grc' dir='ltr'>παραγωγῆς</span> 
     </span>
    </p>
   </div>
   <div class='ocr_carea' id='block_1_51' title="bbox 2121 2082 3722 2167">
    <p class='ocr_par' dir='ltr' id='par_1_51' title="bbox 2121 2082 3722 2167">
     <span class='ocr_line' id='line_1_51' title="bbox 2121 2082 3722 2167; baseline -0.01 -18"><span class='ocrx_word' id='word_1_348' title='bbox 2121 2096 2172 2151; x_wconf 85' lang='grc' dir='ltr'><strong>εί</strong></span> <span class='ocrx_word' id='word_1_349' title='bbox 2200 2095 2259 2149; x_wconf 82' lang='grc' dir='ltr'>δὲ</span> <span class='ocrx_word' id='word_1_350' title='bbox 2290 2093 2368 2167; x_wconf 83' lang='grc' dir='ltr'>μὴ</span> <span class='ocrx_word' id='word_1_351' title='bbox 2393 2093 2547 2158; x_wconf 74' lang='grc' dir='ltr'>ὄντα,</span> <span class='ocrx_word' id='word_1_352' title='bbox 2575 2090 2681 2145; x_wconf 80' lang='grc' dir='ltr'><strong>ποῦ</strong></span> <span class='ocrx_word' id='word_1_353' title='bbox 2708 2091 2824 2153; x_wconf 77' lang='grc' dir='ltr'>τοῖς</span> <span class='ocrx_word' id='word_1_354' title='bbox 2855 2088 3048 2151; x_wconf 81' lang='grc' dir='ltr'>ἀϊδίοις</span> <span class='ocrx_word' id='word_1_355' title='bbox 3081 2086 3144 2140; x_wconf 80' lang='grc' dir='ltr'>τὸ</span> <span class='ocrx_word' id='word_1_356' title='bbox 3172 2082 3722 2158; x_wconf 80' lang='grc' dir='ltr'>παρεκτεινόμενονς</span> 
     </span>
    </p>
   </div>
   <div class='ocr_carea' id='block_1_52' title="bbox 2122 2172 3724 2258">
    <p class='ocr_par' dir='ltr' id='par_1_52' title="bbox 2122 2172 3724 2258">
     <span class='ocr_line' id='line_1_52' title="bbox 2122 2172 3724 2258; baseline -0.013 -13"><span class='ocrx_word' id='word_1_357' title='bbox 2122 2189 2218 2247; x_wconf 70' lang='grc' dir='ltr'><strong>καὶ</strong></span> <span class='ocrx_word' id='word_1_358' title='bbox 2243 2190 2298 2243; x_wconf 86' lang='grc' dir='ltr'>εῐ</span> <span class='ocrx_word' id='word_1_359' title='bbox 2318 2204 2385 2257; x_wconf 88' lang='grc' dir='ltr'><strong>γε</strong></span> <span class='ocrx_word' id='word_1_360' title='bbox 2415 2187 2494 2258; x_wconf 82' lang='grc' dir='ltr'>μὴ</span> <span class='ocrx_word' id='word_1_361' title='bbox 2522 2185 2822 2255; x_wconf 80' lang='grc' dir='ltr'>ὑφέστηκε.</span> <span class='ocrx_word' id='word_1_362' title='bbox 2841 2182 2959 2246; x_wconf 84' lang='grc' dir='ltr'><strong>πῶς</strong></span> <span class='ocrx_word' id='word_1_363' title='bbox 2983 2179 3093 2234; x_wconf 84' lang='grc' dir='ltr'><strong>τῶν</strong></span> <span class='ocrx_word' id='word_1_364' title='bbox 3114 2178 3288 2233; x_wconf 83' lang='grc' dir='ltr'>δντων</span> <span class='ocrx_word' id='word_1_365' title='bbox 3312 2175 3451 2240; x_wconf 84' lang='grc' dir='ltr'>ὅλως</span> <span class='ocrx_word' id='word_1_366' title='bbox 3480 2172 3724 2246; x_wconf 66' lang='grc' dir='ltr'>ἦ-πόθεν</span> 
     </span>
    </p>
   </div>
   <div class='ocr_carea' id='block_1_53' title="bbox 2122 2265 3726 2349">
    <p class='ocr_par' dir='ltr' id='par_1_53' title="bbox 2122 2265 3726 2349">
     <span class='ocr_line' id='line_1_53' title="bbox 2122 2265 3726 2349; baseline -0.012 -12"><span class='ocrx_word' id='word_1_367' title='bbox 2122 2281 2288 2349; x_wconf 85' lang='grc' dir='ltr'>αίών;</span> <span class='ocrx_word' id='word_1_368' title='bbox 2338 2282 2389 2335; x_wconf 86' lang='grc' dir='ltr'><strong>εί</strong></span> <span class='ocrx_word' id='word_1_369' title='bbox 2428 2278 2474 2333; x_wconf 83' lang='grc' dir='ltr'>δ’</span> <span class='ocrx_word' id='word_1_370' title='bbox 2529 2277 2828 2348; x_wconf 79' lang='grc' dir='ltr'><strong>ὑφέστηκε,</strong></span> <span class='ocrx_word' id='word_1_371' title='bbox 2879 2272 3046 2327; x_wconf 86' lang='grc' dir='ltr'>πόθεν</span> <span class='ocrx_word' id='word_1_372' title='bbox 3095 2269 3357 2342; x_wconf 78' lang='grc' dir='ltr'>αύτῷ.τδ</span> <span class='ocrx_word' id='word_1_373' title='bbox 3398 2265 3726 2337; x_wconf 77' lang='grc' dir='ltr'>ἀπέραντον</span> 
     </span>
    </p>
   </div>
   <div class='ocr_carea' id='block_1_54' title="bbox 2122 2356 3729 2442">
    <p class='ocr_par' dir='ltr' id='par_1_54' title="bbox 2122 2356 3729 2442">
     <span class='ocr_line' id='line_1_54' title="bbox 2122 2356 3729 2442; baseline -0.013 -13"><span class='ocrx_word' id='word_1_374' title='bbox 2122 2370 2562 2442; x_wconf 77' lang='grc' dir='ltr'>ἐπακολουθήσει</span> <span class='ocrx_word' id='word_1_375' title='bbox 2596 2368 2694 2423; x_wconf 59' lang='grc' dir='ltr'><strong>καί⁹</strong></span> <span class='ocrx_word' id='word_1_376' title='bbox 2721 2365 3098 2437; x_wconf 75' lang='grc' dir='ltr'>ἁδιεξίτητονς</span> <span class='ocrx_word' id='word_1_377' title='bbox 3133 2362 3257 2415; x_wconf 85' lang='grc' dir='ltr'><strong>Ἔτι</strong></span> <span class='ocrx_word' id='word_1_378' title='bbox 3306 2359 3366 2413; x_wconf 72' lang='grc' dir='ltr'>δὲ</span> <span class='ocrx_word' id='word_1_379' title='bbox 3411 2356 3729 2427; x_wconf 72' lang='grc' dir='ltr'>ἐγγύτερον</span> 
     </span>
    </p>
   </div>
   <div class='ocr_carea' id='block_1_55' title="bbox 2122 2450 3727 2534">
    <p class='ocr_par' dir='ltr' id='par_1_55' title="bbox 2122 2450 3727 2534">
     <span class='ocr_line' id='line_1_55' title="bbox 2122 2450 3727 2534; baseline -0.013 -13"><span class='ocrx_word' id='word_1_380' title='bbox 2122 2466 2185 2520; x_wconf 81' lang='grc' dir='ltr'>τὸ</span> <span class='ocrx_word' id='word_1_381' title='bbox 2230 2466 2433 2521; x_wconf 76' lang='grc' dir='ltr'>ἄτοπον</span> <span class='ocrx_word' id='word_1_382' title='bbox 2477 2462 2661 2534; x_wconf 86' lang='grc' dir='ltr'>βούλει</span> <span class='ocrx_word' id='word_1_383' title='bbox 2712 2460 2986 2531; x_wconf 78' lang='grc' dir='ltr'>καθορᾷν;</span> <span class='ocrx_word' id='word_1_384' title='bbox 3047 2456 3106 2509; x_wconf 85' lang='lat'><strong>&#39;0</strong></span> <span class='ocrx_word' id='word_1_385' title='bbox 3151 2454 3344 2524; x_wconf 82' lang='grc' dir='ltr'>Πατὴρ</span> <span class='ocrx_word' id='word_1_386' title='bbox 3392 2450 3472 2505; x_wconf 83' lang='grc' dir='ltr'>ὣν</span> <span class='ocrx_word' id='word_1_387' title='bbox 3518 2450 3727 2519; x_wconf 79' lang='grc' dir='ltr'>γέγονε</span> 
     </span>
    </p>
   </div>
   <div class='ocr_carea' id='block_1_56' title="bbox 2125 2541 3728 2629">
    <p class='ocr_par' dir='ltr' id='par_1_56' title="bbox 2125 2541 3728 2629">
     <span class='ocr_line' id='line_1_56' title="bbox 2125 2541 3728 2629; baseline -0.012 -16"><span class='ocrx_word' id='word_1_388' title='bbox 2125 2558 2318 2629; x_wconf 81' lang='grc' dir='ltr'>Πατὴρ</span> <span class='ocrx_word' id='word_1_389' title='bbox 2344 2558 2379 2628; x_wconf 81' lang='grc' dir='ltr'>ἢ</span> <span class='ocrx_word' id='word_1_390' title='bbox 2407 2556 2483 2627; x_wconf 80' lang='grc' dir='ltr'>μὴ</span> <span class='ocrx_word' id='word_1_391' title='bbox 2520 2555 2626 2624; x_wconf 73' lang='grc' dir='ltr'>ὣνς</span> <span class='ocrx_word' id='word_1_392' title='bbox 2657 2554 2707 2607; x_wconf 84' lang='grc' dir='ltr'><strong>εί</strong></span> <span class='ocrx_word' id='word_1_393' title='bbox 2736 2554 2837 2625; x_wconf 72' lang='grc' dir='ltr'>μὲν</span> <span class='ocrx_word' id='word_1_394' title='bbox 2864 2552 2975 2624; x_wconf 85' lang='grc' dir='ltr'>γὰρ</span> <span class='ocrx_word' id='word_1_395' title='bbox 3016 2550 3117 2615; x_wconf 85' lang='grc' dir='ltr'>ὣν,</span> <span class='ocrx_word' id='word_1_396' title='bbox 3150 2551 3214 2603; x_wconf 85' lang='grc' dir='ltr'>τὸ</span> <span class='ocrx_word' id='word_1_397' title='bbox 3244 2547 3347 2619; x_wconf 81' lang='grc' dir='ltr'>μὲν</span> <span class='ocrx_word' id='word_1_398' title='bbox 3374 2542 3547 2599; x_wconf 78' lang='grc' dir='ltr'>αὐτοῦ</span> <span class='ocrx_word' id='word_1_399' title='bbox 3583 2541 3728 2613; x_wconf 82' lang='grc' dir='ltr'>πρό·</span> 
     </span>
    </p>
   </div>
   <div class='ocr_carea' id='block_1_57' title="bbox 2124 2632 3730 2722">
    <p class='ocr_par' dir='ltr' id='par_1_57' title="bbox 2124 2632 3730 2722">
     <span class='ocr_line' id='line_1_57' title="bbox 2124 2632 3730 2722; baseline -0.012 -18"><span class='ocrx_word' id='word_1_400' title='bbox 2124 2667 2313 2722; x_wconf 84' lang='grc' dir='ltr'>τερον,</span> <span class='ocrx_word' id='word_1_401' title='bbox 2352 2648 2415 2703; x_wconf 82' lang='grc' dir='ltr'>τὸ</span> <span class='ocrx_word' id='word_1_402' title='bbox 2444 2648 2501 2702; x_wconf 75' lang='grc' dir='ltr'>δὲ</span> <span class='ocrx_word' id='word_1_403' title='bbox 2545 2645 2862 2716; x_wconf 70' lang='grc' dir='ltr'>ἐπιγέγονε,</span> <span class='ocrx_word' id='word_1_404' title='bbox 2904 2643 3001 2698; x_wconf 79' lang='grc' dir='ltr'>καὶ</span> <span class='ocrx_word' id='word_1_405' title='bbox 3035 2642 3156 2704; x_wconf 87' lang='grc' dir='ltr'><strong>πῶς</strong></span> <span class='ocrx_word' id='word_1_406' title='bbox 3204 2636 3623 2712; x_wconf 83' lang='grc' dir='ltr'>μεταϐέϐληται</span> <span class='ocrx_word' id='word_1_407' title='bbox 3663 2632 3730 2685; x_wconf 78' lang='grc' dir='ltr'>τὸ</span> 
     </span>
    </p>
   </div>
   <div class='ocr_carea' id='block_1_58' title="bbox 2125 2724 3730 2816">
    <p class='ocr_par' dir='ltr' id='par_1_58' title="bbox 2125 2724 3730 2816">
     <span class='ocr_line' id='line_1_58' title="bbox 2125 2724 3730 2816; baseline -0.014 -17"><span class='ocrx_word' id='word_1_408' title='bbox 2125 2742 2540 2816; x_wconf 78' lang='grc' dir='ltr'>ἀμετάϐλητονς</span> <span class='ocrx_word' id='word_1_409' title='bbox 2592 2741 2642 2794; x_wconf 87' lang='grc' dir='ltr'><strong>εί</strong></span> <span class='ocrx_word' id='word_1_410' title='bbox 2679 2739 2753 2794; x_wconf 55' lang='grc' dir='ltr'>δὲν</span> <span class='ocrx_word' id='word_1_411' title='bbox 2772 2738 2851 2809; x_wconf 76' lang='grc' dir='ltr'>μὴ</span> <span class='ocrx_word' id='word_1_412' title='bbox 2887 2735 2988 2799; x_wconf 83' lang='grc' dir='ltr'>ὢν,</span> <span class='ocrx_word' id='word_1_413' title='bbox 3038 2731 3135 2788; x_wconf 75' lang='grc' dir='ltr'>καὶ</span> <span class='ocrx_word' id='word_1_414' title='bbox 3174 2734 3205 2787; x_wconf 97' lang='lat'><strong>6</strong></span> <span class='ocrx_word' id='word_1_415' title='bbox 3267 2730 3368 2799; x_wconf 82' lang='grc' dir='ltr'>τῆς</span> <span class='ocrx_word' id='word_1_416' title='bbox 3410 2724 3730 2799; x_wconf 80' lang='grc' dir='ltr'>μεταϐολῆς</span> 
     </span>
    </p>
   </div>
   <div class='ocr_carea' id='block_1_59' title="bbox 2131 2817 3730 2906">
    <p class='ocr_par' dir='ltr' id='par_1_59' title="bbox 2131 2817 3730 2906">
     <span class='ocr_line' id='line_1_59' title="bbox 2131 2817 3730 2906; baseline -0.013 -17"><span class='ocrx_word' id='word_1_417' title='bbox 2131 2834 2233 2906; x_wconf 80' lang='grc' dir='ltr'>μὲν</span> <span class='ocrx_word' id='word_1_418' title='bbox 2259 2832 2417 2903; x_wconf 88' lang='grc' dir='ltr'>λόγος</span> <span class='ocrx_word' id='word_1_419' title='bbox 2444 2832 2598 2886; x_wconf 76' lang='grc' dir='ltr'>οὐδὲν</span> <span class='ocrx_word' id='word_1_420' title='bbox 2630 2826 2795 2903; x_wconf 80' lang='grc' dir='ltr'>ἦττον</span> <span class='ocrx_word' id='word_1_421' title='bbox 2828 2826 3273 2891; x_wconf 73' lang='grc' dir='ltr'>ἀποσκευάζεται</span> <span class='ocrx_word' id='word_1_422' title='bbox 3302 2823 3366 2877; x_wconf 87' lang='grc' dir='ltr'><strong>τδ</strong></span> <span class='ocrx_word' id='word_1_423' title='bbox 3395 2817 3730 2891; x_wconf 81' lang='grc' dir='ltr'>ἀμετάϐλη-</span> 
     </span>
    </p>
   </div>
   <div class='ocr_carea' id='block_1_60' title="bbox 2126 2910 3733 2997">
    <p class='ocr_par' dir='ltr' id='par_1_60' title="bbox 2126 2910 3733 2997">
     <span class='ocr_line' id='line_1_60' title="bbox 2126 2910 3733 2997; baseline -0.01 -15"><span class='ocrx_word' id='word_1_424' title='bbox 2126 2928 2349 2997; x_wconf 67' lang='grc' dir='ltr'>τονςκαὶ</span> <span class='ocrx_word' id='word_1_425' title='bbox 2377 2925 2518 2980; x_wconf 84' lang='grc' dir='ltr'><strong>κατά</strong></span> <span class='ocrx_word' id='word_1_426' title='bbox 2535 2925 2637 2997; x_wconf 82' lang='grc' dir='ltr'>τῆς</span> <span class='ocrx_word' id='word_1_427' title='bbox 2658 2925 2959 2995; x_wconf 83' lang='grc' dir='ltr'>ἀῖδιότητος</span> <span class='ocrx_word' id='word_1_428' title='bbox 2977 2920 3142 2975; x_wconf 86' lang='grc' dir='ltr'>πλέον</span> <span class='ocrx_word' id='word_1_429' title='bbox 3175 2919 3411 2973; x_wconf 83' lang='grc' dir='ltr'>ῐσταται.</span> <span class='ocrx_word' id='word_1_430' title='bbox 3428 2911 3602 2968; x_wconf 78' lang='grc' dir='ltr'>Ἀλλά</span> <span class='ocrx_word' id='word_1_431' title='bbox 3626 2910 3733 2979; x_wconf 83' lang='grc' dir='ltr'>λη·</span> 
     </span>
    </p>
   </div>
   <div class='ocr_carea' id='block_1_61' title="bbox 2136 3006 3734 3091">
    <p class='ocr_par' dir='ltr' id='par_1_61' title="bbox 2136 3006 3734 3091">
     <span class='ocr_line' id='line_1_61' title="bbox 2136 3006 3734 3091; baseline -0.004 -19"><span class='ocrx_word' id='word_1_432' title='bbox 2136 3018 2375 3091; x_wconf 90' lang='grc' dir='ltr'>ρούντων</span> <span class='ocrx_word' id='word_1_433' title='bbox 2406 3017 2588 3073; x_wconf 82' lang='grc' dir='ltr'>ταῦτα</span> <span class='ocrx_word' id='word_1_434' title='bbox 2616 3018 2717 3089; x_wconf 78' lang='grc' dir='ltr'>τῆς</span> <span class='ocrx_word' id='word_1_435' title='bbox 2746 3015 3179 3089; x_wconf 50' lang='grc' dir='ltr'>αίρετικῆςλὲστι</span> <span class='ocrx_word' id='word_1_436' title='bbox 3205 3010 3304 3066; x_wconf 73' lang='grc' dir='ltr'>καὶ</span> <span class='ocrx_word' id='word_1_437' title='bbox 3329 3006 3559 3080; x_wconf 80' lang='grc' dir='ltr'>πρώτης</span> <span class='ocrx_word' id='word_1_438' title='bbox 3596 3018 3734 3055; x_wconf 69' lang='lat' dir='ltr'><strong>m‘</strong></span> 
     </span>
    </p>
   </div>
   <div class='ocr_carea' id='block_1_62' title="bbox 443 3101 2025 3178">
    <p class='ocr_par' dir='ltr' id='par_1_62' title="bbox 443 3101 2025 3163">
     <span class='ocr_line' id='line_1_62' title="bbox 443 3101 2025 3163; baseline 0.005 -10"><span class='ocrx_word' id='word_1_439' title='bbox 443 3101 578 3154; x_wconf 86' lang='lat' dir='ltr'><strong>nihil</strong></span> <span class='ocrx_word' id='word_1_440' title='bbox 608 3102 791 3157; x_wconf 87' lang='lat' dir='ltr'><strong>minus</strong></span> <span class='ocrx_word' id='word_1_441' title='bbox 813 3102 1047 3157; x_wconf 86' lang='lat' dir='ltr'><strong>destruit</strong></span> <span class='ocrx_word' id='word_1_442' title='bbox 1066 3102 1563 3161; x_wconf 89' lang='lat' dir='ltr'><strong>immutabilitatem</strong></span> <span class='ocrx_word' id='word_1_443' title='bbox 1583 3115 1637 3162; x_wconf 88' lang='lat' dir='ltr'><strong>et</strong></span> <span class='ocrx_word' id='word_1_444' title='bbox 1662 3116 1854 3163; x_wconf 90' lang='lat' dir='ltr'><strong>contra</strong></span> <span class='ocrx_word' id='word_1_445' title='bbox 1883 3121 2025 3163; x_wconf 89' lang='lat' dir='ltr'><strong>sem-</strong></span> 
     </span>
    </p>
   </div>
   <div class='ocr_carea' id='block_1_63' title="bbox 2130 3101 2748 3178">
    <p class='ocr_par' dir='ltr' id='par_1_63' title="bbox 2133 3104 2748 3178">
     <span class='ocr_line' id='line_1_63' title="bbox 2133 3104 2748 3178; baseline 0 -17"><span class='ocrx_word' id='word_1_446' title='bbox 2133 3109 2234 3178; x_wconf 83' lang='grc' dir='ltr'><strong>ρᾶς</strong></span> <span class='ocrx_word' id='word_1_447' title='bbox 2266 3106 2447 3161; x_wconf 84' lang='grc' dir='ltr'>πάντα</span> <span class='ocrx_word' id='word_1_448' title='bbox 2477 3104 2748 3178; x_wconf 83' lang='grc' dir='ltr'>γεώργια.</span> 
     </span>
    </p>
   </div>
   <div class='ocr_carea' id='block_1_64' title="bbox 439 3187 3730 3269">
    <p class='ocr_par' dir='ltr' id='par_1_64' title="bbox 439 3187 3730 3269">
     <span class='ocr_line' id='line_1_64' title="bbox 439 3187 3730 3269; baseline -0.002 -25"><span class='ocrx_word' id='word_1_449' title='bbox 439 3192 804 3261; x_wconf 85' lang='lat' dir='ltr'><strong>piternitatem</strong></span> <span class='ocrx_word' id='word_1_450' title='bbox 859 3192 1088 3251; x_wconf 87' lang='lat' dir='ltr'><strong>validius</strong></span> <span class='ocrx_word' id='word_1_451' title='bbox 1138 3204 1366 3268; x_wconf 89' lang='lat' dir='ltr'><strong>pugnat.</strong></span> <span class='ocrx_word' id='word_1_452' title='bbox 1423 3192 1629 3253; x_wconf 75' lang='lat' dir='ltr'><strong>Verum</strong></span> <span class='ocrx_word' id='word_1_453' title='bbox 1697 3197 1813 3254; x_wconf 54' lang='lat' dir='ltr'><strong>haec</strong></span> <span class='ocrx_word' id='word_1_454' title='bbox 1863 3197 2181 3269; x_wconf 88' lang='lat' dir='ltr'><strong>nugantium</strong></span> <span class='ocrx_word' id='word_1_455' title='bbox 2240 3207 2389 3265; x_wconf 88' lang='lat' dir='ltr'><strong>sunt,</strong></span> <span class='ocrx_word' id='word_1_456' title='bbox 2442 3205 2499 3253; x_wconf 89' lang='lat' dir='ltr'><strong>et</strong></span> <span class='ocrx_word' id='word_1_457' title='bbox 2563 3197 2832 3253; x_wconf 64' lang='lat' dir='ltr'><strong>haeretica:</strong></span> <span class='ocrx_word' id='word_1_458' title='bbox 2894 3210 2961 3251; x_wconf 87' lang='lat' dir='ltr'><strong>ac</strong></span> <span class='ocrx_word' id='word_1_459' title='bbox 3005 3193 3196 3265; x_wconf 71' lang='lat' dir='ltr'><strong>prima</strong></span> <span class='ocrx_word' id='word_1_460' title='bbox 3246 3190 3477 3247; x_wconf 80' lang='lat' dir='ltr'><strong>sationis</strong></span> <span class='ocrx_word' id='word_1_461' title='bbox 3534 3187 3730 3242; x_wconf 77' lang='lat' dir='ltr'><strong>omnia</strong></span> 
     </span>
    </p>
   </div>
   <div class='ocr_carea' id='block_1_65' title="bbox 437 3281 671 3339">
    <p class='ocr_par' dir='ltr' id='par_1_65' title="bbox 437 3281 671 3339">
     <span class='ocr_line' id='line_1_65' title="bbox 437 3281 671 3339; baseline 0.009 -2"><span class='ocrx_word' id='word_1_462' title='bbox 437 3281 671 3339; x_wconf 85' lang='lat' dir='ltr'><strong>fructus.</strong></span> 
     </span>
    </p>
   </div>
   <div class='ocr_carea' id='block_1_66' title="bbox 513 3375 2030 3450">
    <p class='ocr_par' dir='ltr' id='par_1_66' title="bbox 513 3375 2030 3450">
     <span class='ocr_line' id='line_1_66' title="bbox 513 3375 2030 3450; baseline 0.008 -25"><span class='ocrx_word' id='word_1_463' title='bbox 513 3375 567 3431; x_wconf 89' lang='lat'><strong>7.</strong></span> <span class='ocrx_word' id='word_1_464' title='bbox 604 3376 736 3431; x_wconf 83' lang='lat' dir='ltr'><strong>Esto</strong></span> <span class='ocrx_word' id='word_1_465' title='bbox 763 3393 778 3431; x_wconf 92' lang='lat'><strong>:</strong></span> <span class='ocrx_word' id='word_1_466' title='bbox 834 3377 928 3432; x_wconf 84' lang='lat' dir='ltr'><strong>sed</strong></span> <span class='ocrx_word' id='word_1_467' title='bbox 948 3376 1179 3433; x_wconf 78' lang='lat' dir='ltr'><strong>forsitan</strong></span> <span class='ocrx_word' id='word_1_468' title='bbox 1207 3376 1356 3432; x_wconf 87' lang='lat' dir='ltr'><strong>aliud</strong></span> <span class='ocrx_word' id='word_1_469' title='bbox 1386 3376 1703 3434; x_wconf 71' lang='lat' dir='ltr'><strong>hazreticutn</strong></span> <span class='ocrx_word' id='word_1_470' title='bbox 1733 3394 2030 3450; x_wconf 80' lang='lat' dir='ltr'><strong>argumen-</strong></span> 
     </span>
    </p>
   </div>
   <div class='ocr_carea' id='block_1_67' title="bbox 438 3468 2035 3543">
    <p class='ocr_par' dir='ltr' id='par_1_67' title="bbox 438 3468 2035 3543">
     <span class='ocr_line' id='line_1_67' title="bbox 438 3468 2035 3543; baseline 0.005 -22"><span class='ocrx_word' id='word_1_471' title='bbox 438 3477 553 3522; x_wconf 90' lang='lat' dir='ltr'><strong>tum</strong></span> <span class='ocrx_word' id='word_1_472' title='bbox 587 3468 852 3524; x_wconf 89' lang='lat' dir='ltr'><strong>audacius</strong></span> <span class='ocrx_word' id='word_1_473' title='bbox 905 3476 1147 3540; x_wconf 79' lang='lat' dir='ltr'><strong>emerget</strong></span> <span class='ocrx_word' id='word_1_474' title='bbox 1194 3477 1250 3524; x_wconf 90' lang='lat' dir='ltr'><strong>et</strong></span> <span class='ocrx_word' id='word_1_475' title='bbox 1286 3483 1551 3525; x_wconf 87' lang='lat' dir='ltr'><strong>amovens</strong></span> <span class='ocrx_word' id='word_1_476' title='bbox 1578 3484 1610 3524; x_wconf 91' lang='lat' dir='ltr'><strong>a</strong></span> <span class='ocrx_word' id='word_1_477' title='bbox 1640 3486 1701 3527; x_wconf 88' lang='lat' dir='ltr'><strong>se</strong></span> <span class='ocrx_word' id='word_1_478' title='bbox 1731 3473 2035 3543; x_wconf 85' lang='lat' dir='ltr'><strong>transposi-</strong></span> 
     </span>
    </p>
   </div>
   <div class='ocr_carea' id='block_1_68' title="bbox 441 3560 2033 3632">
    <p class='ocr_par' dir='ltr' id='par_1_68' title="bbox 441 3560 2033 3632">
     <span class='ocr_line' id='line_1_68' title="bbox 441 3560 2033 3632; baseline 0.005 -19"><span class='ocrx_word' id='word_1_479' title='bbox 441 3560 611 3614; x_wconf 90' lang='lat' dir='ltr'><strong>tionis</strong></span> <span class='ocrx_word' id='word_1_480' title='bbox 667 3560 907 3630; x_wconf 80' lang='lat' dir='ltr'><strong>culpam,</strong></span> <span class='ocrx_word' id='word_1_481' title='bbox 968 3577 1075 3632; x_wconf 91' lang='lat' dir='ltr'><strong>qua</strong></span> <span class='ocrx_word' id='word_1_482' title='bbox 1121 3562 1397 3632; x_wconf 82' lang='lat' dir='ltr'><strong>Oppositio</strong></span> <span class='ocrx_word' id='word_1_483' title='bbox 1447 3562 1539 3618; x_wconf 92' lang='lat' dir='ltr'><strong>illa</strong></span> <span class='ocrx_word' id='word_1_484' title='bbox 1591 3563 1906 3629; x_wconf 87' lang='lat' dir='ltr'><strong>vitiahatur,</strong></span> <span class='ocrx_word' id='word_1_485' title='bbox 1957 3568 2033 3621; x_wconf 85' lang='lat' dir='ltr'><strong>ita</strong></span> 
     </span>
    </p>
   </div>
   <div class='ocr_carea' id='block_1_69' title="bbox 438 3650 2035 3727">
    <p class='ocr_par' dir='ltr' id='par_1_69' title="bbox 438 3650 2035 3727">
     <span class='ocr_line' id='line_1_69' title="bbox 438 3650 2035 3727; baseline 0.004 -22"><span class='ocrx_word' id='word_1_486' title='bbox 438 3651 613 3706; x_wconf 83' lang='lat' dir='ltr'><strong>ferme</strong></span> <span class='ocrx_word' id='word_1_487' title='bbox 654 3650 945 3707; x_wconf 85' lang='lat' dir='ltr'><strong>instituere</strong></span> <span class='ocrx_word' id='word_1_488' title='bbox 994 3652 1477 3727; x_wconf 81' lang='lat' dir='ltr'><strong>interrogationem</strong></span> <span class='ocrx_word' id='word_1_489' title='bbox 1504 3655 1762 3711; x_wconf 89' lang='lat' dir='ltr'><strong>molietur</strong></span> <span class='ocrx_word' id='word_1_490' title='bbox 1808 3674 1823 3711; x_wconf 88' lang='lat'><strong>:</strong></span> <span class='ocrx_word' id='word_1_491' title='bbox 1870 3656 2035 3712; x_wconf 85' lang='lat' dir='ltr'><strong>Exsi-</strong></span> 
     </span>
    </p>
   </div>
   <div class='ocr_carea' id='block_1_70' title="bbox 439 3743 2035 3814">
    <p class='ocr_par' dir='ltr' id='par_1_70' title="bbox 439 3743 2035 3814">
     <span class='ocr_line' id='line_1_70' title="bbox 439 3743 2035 3814; baseline 0.006 -17"><span class='ocrx_word' id='word_1_492' title='bbox 439 3748 685 3798; x_wconf 83' lang='lat' dir='ltr'><strong>stentem‘</strong></span> <span class='ocrx_word' id='word_1_493' title='bbox 718 3760 787 3799; x_wconf 86' lang='lat' dir='ltr'><strong>ne</strong></span> <span class='ocrx_word' id='word_1_494' title='bbox 803 3743 990 3814; x_wconf 88' lang='lat' dir='ltr'><strong>genuit</strong></span> <span class='ocrx_word' id='word_1_495' title='bbox 1039 3744 1197 3800; x_wconf 85' lang='lat' dir='ltr'><strong>Pater</strong></span> <span class='ocrx_word' id='word_1_496' title='bbox 1219 3744 1415 3801; x_wconf 87' lang='lat' dir='ltr'><strong>Filium</strong></span> <span class='ocrx_word' id='word_1_497' title='bbox 1439 3762 1509 3801; x_wconf 88' lang='lat' dir='ltr'><strong>an</strong></span> <span class='ocrx_word' id='word_1_498' title='bbox 1534 3749 1886 3804; x_wconf 90' lang='lat' dir='ltr'><strong>exsistentem</strong></span> <span class='ocrx_word' id='word_1_499' title='bbox 1927 3764 2035 3806; x_wconf 91' lang='lat' dir='ltr'><strong>non</strong></span> 
     </span>
    </p>
   </div>
   <div class='ocr_carea' id='block_1_71' title="bbox 441 3831 2035 3908">
    <p class='ocr_par' dir='ltr' id='par_1_71' title="bbox 441 3831 2035 3908">
     <span class='ocr_line' id='line_1_71' title="bbox 441 3831 2035 3908; baseline 0.006 -23"><span class='ocrx_word' id='word_1_500' title='bbox 441 3831 667 3901; x_wconf 79' lang='lat' dir='ltr'><strong>genuit?</strong></span> <span class='ocrx_word' id='word_1_501' title='bbox 710 3842 764 3886; x_wconf 90' lang='lat' dir='ltr'><strong>et</strong></span> <span class='ocrx_word' id='word_1_502' title='bbox 792 3843 981 3902; x_wconf 87' lang='lat' dir='ltr'><strong>poscet</strong></span> <span class='ocrx_word' id='word_1_503' title='bbox 1011 3834 1239 3889; x_wconf 83' lang='lat' dir='ltr'><strong>alteram</strong></span> <span class='ocrx_word' id='word_1_504' title='bbox 1288 3846 1499 3906; x_wconf 87' lang='lat' dir='ltr'><strong>partem</strong></span> <span class='ocrx_word' id='word_1_505' title='bbox 1532 3838 1896 3908; x_wconf 90' lang='lat' dir='ltr'><strong>oppositionis</strong></span> <span class='ocrx_word' id='word_1_506' title='bbox 1927 3838 2035 3894; x_wconf 86' lang='lat' dir='ltr'><strong>sibi</strong></span> 
     </span>
    </p>
   </div>
   <div class='ocr_carea' id='block_1_72' title="bbox 443 3918 2036 4005">
    <p class='ocr_par' dir='ltr' id='par_1_72' title="bbox 443 3918 2036 4005">
     <span class='ocr_line' id='line_1_72' title="bbox 443 3918 2036 4005; baseline 0.002 -29"><span class='ocrx_word' id='word_1_507' title='bbox 443 3921 690 3976; x_wconf 86' lang='lat' dir='ltr'><strong>concedi.</strong></span> <span class='ocrx_word' id='word_1_508' title='bbox 717 3918 917 3976; x_wconf 85' lang='lat' dir='ltr'><strong>Verum</strong></span> <span class='ocrx_word' id='word_1_509' title='bbox 946 3923 1229 3979; x_wconf 85' lang='lat' dir='ltr'><strong>enimvero</strong></span> <span class='ocrx_word' id='word_1_510' title='bbox 1255 3933 1310 3979; x_wconf 90' lang='lat' dir='ltr'><strong>et</strong></span> <span class='ocrx_word' id='word_1_511' title='bbox 1348 3926 1456 3980; x_wconf 88' lang='lat' dir='ltr'><strong>tale</strong></span> <span class='ocrx_word' id='word_1_512' title='bbox 1474 3924 1738 3996; x_wconf 78' lang='lat' dir='ltr'><strong>effugium</strong></span> <span class='ocrx_word' id='word_1_513' title='bbox 1755 3936 2036 4005; x_wconf 81' lang='lat' dir='ltr'><strong>ostensum</strong></span> 
     </span>
    </p>
   </div>
   <div class='ocr_carea' id='block_1_73' title="bbox 444 4014 2037 4088">
    <p class='ocr_par' dir='ltr' id='par_1_73' title="bbox 444 4014 2037 4088">
     <span class='ocr_line' id='line_1_73' title="bbox 444 4014 2037 4088; baseline 0.003 -21"><span class='ocrx_word' id='word_1_514' title='bbox 444 4020 533 4068; x_wconf 86' lang='lat' dir='ltr'><strong>est</strong></span> <span class='ocrx_word' id='word_1_515' title='bbox 563 4028 659 4082; x_wconf 90' lang='lat' dir='ltr'><strong>per</strong></span> <span class='ocrx_word' id='word_1_516' title='bbox 681 4014 999 4083; x_wconf 88' lang='lat' dir='ltr'><strong>supradicta</strong></span> <span class='ocrx_word' id='word_1_517' title='bbox 1030 4015 1280 4086; x_wconf 90' lang='lat' dir='ltr'><strong>exempla</strong></span> <span class='ocrx_word' id='word_1_518' title='bbox 1309 4016 1556 4073; x_wconf 84' lang='lat' dir='ltr'><strong>infirmas</strong></span> <span class='ocrx_word' id='word_1_519' title='bbox 1588 4016 2037 4088; x_wconf 83' lang='lat' dir='ltr'><strong>prorsusquedc—</strong></span> 
     </span>
    </p>
   </div>
   <div class='ocr_carea' id='block_1_74' title="bbox 443 4102 2039 4175">
    <p class='ocr_par' dir='ltr' id='par_1_74' title="bbox 443 4102 2039 4175">
     <span class='ocr_line' id='line_1_74' title="bbox 443 4102 2039 4175; baseline 0.004 -18"><span class='ocrx_word' id='word_1_520' title='bbox 443 4103 626 4175; x_wconf 71' lang='lat' dir='ltr'><strong>iectas</strong></span> <span class='ocrx_word' id='word_1_521' title='bbox 656 4102 860 4173; x_wconf 87' lang='lat' dir='ltr'><strong>habere</strong></span> <span class='ocrx_word' id='word_1_522' title='bbox 895 4104 1058 4161; x_wconf 88' lang='lat' dir='ltr'><strong>vires.</strong></span> <span class='ocrx_word' id='word_1_523' title='bbox 1090 4103 1239 4160; x_wconf 84' lang='lat' dir='ltr'><strong>Nihil</strong></span> <span class='ocrx_word' id='word_1_524' title='bbox 1268 4115 1451 4161; x_wconf 89' lang='lat' dir='ltr'><strong>autem</strong></span> <span class='ocrx_word' id='word_1_525' title='bbox 1501 4117 1649 4163; x_wconf 86' lang='lat' dir='ltr'><strong>vetat</strong></span> <span class='ocrx_word' id='word_1_526' title='bbox 1680 4118 1737 4163; x_wconf 90' lang='lat' dir='ltr'><strong>et</strong></span> <span class='ocrx_word' id='word_1_527' title='bbox 1780 4124 1925 4165; x_wconf 85' lang='lat' dir='ltr'><strong>nunc</strong></span> <span class='ocrx_word' id='word_1_528' title='bbox 1955 4109 2039 4163; x_wconf 90' lang='lat' dir='ltr'><strong>di-</strong></span> 
     </span>
    </p>
   </div>
   <div class='ocr_carea' id='block_1_75' title="bbox 446 4194 2038 4272">
    <p class='ocr_par' dir='ltr' id='par_1_75' title="bbox 446 4194 2038 4272">
     <span class='ocr_line' id='line_1_75' title="bbox 446 4194 2038 4272; baseline 0.003 -21"><span class='ocrx_word' id='word_1_529' title='bbox 446 4204 595 4251; x_wconf 82' lang='lat' dir='ltr'><strong>recte</strong></span> <span class='ocrx_word' id='word_1_530' title='bbox 616 4206 670 4251; x_wconf 90' lang='lat' dir='ltr'><strong>et</strong></span> <span class='ocrx_word' id='word_1_531' title='bbox 689 4194 921 4253; x_wconf 87' lang='lat' dir='ltr'><strong>breviter</strong></span> <span class='ocrx_word' id='word_1_532' title='bbox 948 4197 1078 4253; x_wconf 91' lang='lat' dir='ltr'><strong>illud</strong></span> <span class='ocrx_word' id='word_1_533' title='bbox 1106 4197 1332 4253; x_wconf 85' lang='lat' dir='ltr'><strong>refutari</strong></span> <span class='ocrx_word' id='word_1_534' title='bbox 1355 4198 1488 4270; x_wconf 81' lang='grc'><strong>(57).</strong></span> <span class='ocrx_word' id='word_1_535' title='bbox 1512 4198 1608 4255; x_wconf 81' lang='lat' dir='ltr'><strong>Vel</strong></span> <span class='ocrx_word' id='word_1_536' title='bbox 1636 4200 1783 4255; x_wconf 86' lang='lat' dir='ltr'><strong>enim</strong></span> <span class='ocrx_word' id='word_1_537' title='bbox 1822 4202 2038 4272; x_wconf 88' lang='lat' dir='ltr'><strong>simpli-</strong></span> 
     </span>
    </p>
   </div>
   <div class='ocr_carea' id='block_1_76' title="bbox 2204 3361 3735 3449">
    <p class='ocr_par' dir='ltr' id='par_1_76' title="bbox 2204 3361 3735 3449">
     <span class='ocr_line' id='line_1_76' title="bbox 2204 3361 3735 3449; baseline -0.018 -12"><span class='ocrx_word' id='word_1_538' title='bbox 2204 3382 2272 3449; x_wconf 80' lang='grc' dir='ltr'><strong>ζ’.</strong></span> <span class='ocrx_word' id='word_1_539' title='bbox 2320 3375 2474 3435; x_wconf 67' lang='grc' dir='ltr'>Εἷενυ</span> <span class='ocrx_word' id='word_1_540' title='bbox 2506 3374 2625 3431; x_wconf 80' lang='grc' dir='ltr'>ἀλλ’</span> <span class='ocrx_word' id='word_1_541' title='bbox 2651 3374 2783 3437; x_wconf 86' lang='grc' dir='ltr'>ίσως</span> <span class='ocrx_word' id='word_1_542' title='bbox 2810 3368 3001 3432; x_wconf 80' lang='grc' dir='ltr'>ἀν’τις</span> <span class='ocrx_word' id='word_1_543' title='bbox 3048 3366 3236 3436; x_wconf 65' lang='grc' dir='ltr'>ἕτερος</span> <span class='ocrx_word' id='word_1_544' title='bbox 3266 3361 3560 3449; x_wconf 70' lang='grc' dir='ltr'>αίρετίζων</span> <span class='ocrx_word' id='word_1_545' title='bbox 3602 3376 3735 3412; x_wconf 85' lang='grc' dir='ltr'>νεα-</span> 
     </span>
    </p>
   </div>
   <div class='ocr_carea' id='block_1_77' title="bbox 2134 3444 3734 3538">
    <p class='ocr_par' dir='ltr' id='par_1_77' title="bbox 2134 3444 3734 3538">
     <span class='ocr_line' id='line_1_77' title="bbox 2134 3444 3734 3538; baseline -0.017 -9"><span class='ocrx_word' id='word_1_546' title='bbox 2134 3444 2402 3529; x_wconf 77' lang='grc' dir='ltr'>νιεύσοιτο</span> <span class='ocrx_word' id='word_1_547' title='bbox 2428 3469 2586 3538; x_wconf 82' lang='grc' dir='ltr'>λόγος</span> <span class='ocrx_word' id='word_1_548' title='bbox 2621 3465 2715 3520; x_wconf 78' lang='grc' dir='ltr'>καὶ</span> <span class='ocrx_word' id='word_1_549' title='bbox 2742 3462 2844 3535; x_wconf 79' lang='grc' dir='ltr'>τὴν</span> <span class='ocrx_word' id='word_1_550' title='bbox 2872 3461 2939 3514; x_wconf 86' lang='grc' dir='ltr'>ὲκ</span> <span class='ocrx_word' id='word_1_551' title='bbox 2979 3456 3320 3529; x_wconf 84' lang='grc' dir='ltr'>μεταθέσεως</span> <span class='ocrx_word' id='word_1_552' title='bbox 3346 3451 3437 3522; x_wconf 79' lang='grc' dir='ltr'><strong>ὑφ’</strong></span> <span class='ocrx_word' id='word_1_553' title='bbox 3473 3444 3545 3523; x_wconf 81' lang='grc' dir='ltr'>ἦς</span> <span class='ocrx_word' id='word_1_554' title='bbox 3574 3449 3734 3504; x_wconf 80' lang='grc' dir='ltr'>ἀντί-</span> 
     </span>
    </p>
   </div>
   <div class='ocr_carea' id='block_1_78' title="bbox 2137 3541 3734 3627">
    <p class='ocr_par' dir='ltr' id='par_1_78' title="bbox 2137 3541 3734 3627">
     <span class='ocr_line' id='line_1_78' title="bbox 2137 3541 3734 3627; baseline -0.017 -8"><span class='ocrx_word' id='word_1_555' title='bbox 2137 3564 2287 3627; x_wconf 84' lang='grc' dir='ltr'>θεσις</span> <span class='ocrx_word' id='word_1_556' title='bbox 2322 3558 2626 3622; x_wconf 83' lang='grc' dir='ltr'>ένοθεύετο,</span> <span class='ocrx_word' id='word_1_557' title='bbox 2658 3550 3174 3620; x_wconf 78' lang='grc' dir='ltr'>ἀποσκευαζόμενος</span> <span class='ocrx_word' id='word_1_558' title='bbox 3204 3544 3407 3608; x_wconf 75' lang='grc' dir='ltr'>αἰτίαν,</span> <span class='ocrx_word' id='word_1_559' title='bbox 3429 3541 3579 3596; x_wconf 77' lang='grc' dir='ltr'>οὕτω</span> <span class='ocrx_word' id='word_1_560' title='bbox 3610 3557 3734 3603; x_wconf 77' lang='grc' dir='ltr'><strong>πως</strong></span> 
     </span>
    </p>
   </div>
   <div class='ocr_carea' id='block_1_79' title="bbox 2139 3634 3733 3729">
    <p class='ocr_par' dir='ltr' id='par_1_79' title="bbox 2139 3634 3733 3729">
     <span class='ocr_line' id='line_1_79' title="bbox 2139 3634 3733 3729; baseline -0.018 -18"><span class='ocrx_word' id='word_1_561' title='bbox 2139 3654 2474 3729; x_wconf 85' lang='grc' dir='ltr'>προαγαγεῖν</span> <span class='ocrx_word' id='word_1_562' title='bbox 2501 3646 2913 3718; x_wconf 81' lang='grc' dir='ltr'>ὲπιτεχνάσαιτο</span> <span class='ocrx_word' id='word_1_563' title='bbox 2949 3640 3048 3713; x_wconf 86' lang='grc' dir='ltr'>τὴν</span> <span class='ocrx_word' id='word_1_564' title='bbox 3086 3637 3389 3712; x_wconf 77' lang='grc' dir='ltr'>ὲρώτησινο</span> <span class='ocrx_word' id='word_1_565' title='bbox 3428 3634 3604 3729; x_wconf 77' lang='grc' dir='ltr'>Ὄντα</span> <span class='ocrx_word' id='word_1_566' title='bbox 3636 3647 3733 3700; x_wconf 82' lang='grc' dir='ltr'>γε-</span> 
     </span>
    </p>
   </div>
   <div class='ocr_carea' id='block_1_80' title="bbox 2138 3727 3731 3818">
    <p class='ocr_par' dir='ltr' id='par_1_80' title="bbox 2138 3727 3731 3818">
     <span class='ocr_line' id='line_1_80' title="bbox 2138 3727 3731 3818; baseline -0.016 -16"><span class='ocrx_word' id='word_1_567' title='bbox 2138 3727 2403 3818; x_wconf 79' lang='grc' dir='ltr'>γέννηκεν</span> <span class='ocrx_word' id='word_1_568' title='bbox 2434 3744 2464 3796; x_wconf 90' lang='lat'><strong>6</strong></span> <span class='ocrx_word' id='word_1_569' title='bbox 2494 3740 2686 3811; x_wconf 81' lang='grc' dir='ltr'>Πατὴρ</span> <span class='ocrx_word' id='word_1_570' title='bbox 2742 3737 2837 3791; x_wconf 71' lang='grc' dir='ltr'>τὸν</span> <span class='ocrx_word' id='word_1_571' title='bbox 2881 3735 3009 3790; x_wconf 83' lang='grc' dir='ltr'>Υίδν</span> <span class='ocrx_word' id='word_1_572' title='bbox 3049 3733 3084 3805; x_wconf 78' lang='grc' dir='ltr'><strong>ἢ</strong></span> <span class='ocrx_word' id='word_1_573' title='bbox 3120 3732 3250 3786; x_wconf 73' lang='grc' dir='ltr'>ὄντα</span> <span class='ocrx_word' id='word_1_574' title='bbox 3286 3730 3348 3784; x_wconf 86' lang='grc' dir='ltr'><strong>ού</strong></span> <span class='ocrx_word' id='word_1_575' title='bbox 3380 3727 3731 3798; x_wconf 76' lang='grc' dir='ltr'>γεγέννηκε;</span> 
     </span>
    </p>
   </div>
   <div class='ocr_carea' id='block_1_81' title="bbox 2141 3824 3735 3908">
    <p class='ocr_par' dir='ltr' id='par_1_81' title="bbox 2141 3824 3735 3908">
     <span class='ocr_line' id='line_1_81' title="bbox 2141 3824 3735 3908; baseline -0.013 -12"><span class='ocrx_word' id='word_1_576' title='bbox 2141 3841 2236 3895; x_wconf 69' lang='grc' dir='ltr'>καὶ</span> <span class='ocrx_word' id='word_1_577' title='bbox 2261 3838 2582 3908; x_wconf 74' lang='grc' dir='ltr'>ἐπιζητήσει</span> <span class='ocrx_word' id='word_1_578' title='bbox 2622 3833 2851 3905; x_wconf 81' lang='grc' dir='ltr'>θάτερον</span> <span class='ocrx_word' id='word_1_579' title='bbox 2890 3829 3055 3903; x_wconf 78' lang='grc' dir='ltr'>μέρος</span> <span class='ocrx_word' id='word_1_580' title='bbox 3105 3828 3206 3898; x_wconf 85' lang='grc' dir='ltr'>τῆς</span> <span class='ocrx_word' id='word_1_581' title='bbox 3238 3825 3564 3887; x_wconf 72' lang='grc' dir='ltr'>ἀντιθέσεως</span> <span class='ocrx_word' id='word_1_582' title='bbox 3588 3824 3735 3878; x_wconf 62' lang='lat' dir='ltr'><strong>asco-</strong></span> 
     </span>
    </p>
   </div>
   <div class='ocr_carea' id='block_1_82' title="bbox 2140 3913 3735 4002">
    <p class='ocr_par' dir='ltr' id='par_1_82' title="bbox 2140 3913 3735 4002">
     <span class='ocr_line' id='line_1_82' title="bbox 2140 3913 3735 4002; baseline -0.012 -17"><span class='ocrx_word' id='word_1_583' title='bbox 2140 3928 2451 4002; x_wconf 86' lang='grc' dir='ltr'>κρίνασθαι.</span> <span class='ocrx_word' id='word_1_584' title='bbox 2494 3918 2655 3981; x_wconf 79' lang='grc' dir='ltr'>Ἀλλά</span> <span class='ocrx_word' id='word_1_585' title='bbox 2685 3922 2927 3995; x_wconf 29' lang='grc' dir='ltr'>γάρηκαὶ</span> <span class='ocrx_word' id='word_1_586' title='bbox 2959 3918 3240 3993; x_wconf 76' lang='grc' dir='ltr'>ἡτοιαύτη</span> <span class='ocrx_word' id='word_1_587' title='bbox 3292 3913 3584 3985; x_wconf 74' lang='grc' dir='ltr'>καταφυγὴ</span> <span class='ocrx_word' id='word_1_588' title='bbox 3647 3913 3735 3967; x_wconf 70' lang='grc' dir='ltr'>δέ·</span> 
     </span>
    </p>
   </div>
   <div class='ocr_carea' id='block_1_83' title="bbox 2141 4009 3730 4091">
    <p class='ocr_par' dir='ltr' id='par_1_83' title="bbox 2141 4009 3730 4091">
     <span class='ocr_line' id='line_1_83' title="bbox 2141 4009 3730 4091; baseline -0.013 -14"><span class='ocrx_word' id='word_1_589' title='bbox 2141 4023 2350 4077; x_wconf 85' lang='grc' dir='ltr'>δεικται</span> <span class='ocrx_word' id='word_1_590' title='bbox 2382 4020 2482 4091; x_wconf 77' lang='grc' dir='ltr'>μὲν</span> <span class='ocrx_word' id='word_1_591' title='bbox 2508 4018 2598 4073; x_wconf 72' lang='grc' dir='ltr'>διὰ</span> <span class='ocrx_word' id='word_1_592' title='bbox 2622 4016 2733 4071; x_wconf 81' lang='grc' dir='ltr'><strong>τῶν</strong></span> <span class='ocrx_word' id='word_1_593' title='bbox 2773 4014 3084 4087; x_wconf 72' lang='grc' dir='ltr'>εἰρημένων</span> <span class='ocrx_word' id='word_1_594' title='bbox 3128 4009 3590 4082; x_wconf 81' lang='grc' dir='ltr'>παραδειγμάτων</span> <span class='ocrx_word' id='word_1_595' title='bbox 3629 4023 3730 4059; x_wconf 88' lang='grc' dir='ltr'>σα-</span> 
     </span>
    </p>
   </div>
   <div class='ocr_carea' id='block_1_84' title="bbox 2144 4099 3733 4187">
    <p class='ocr_par' dir='ltr' id='par_1_84' title="bbox 2144 4099 3733 4187">
     <span class='ocr_line' id='line_1_84' title="bbox 2144 4099 3733 4187; baseline -0.011 -19"><span class='ocrx_word' id='word_1_596' title='bbox 2144 4114 2274 4187; x_wconf 83' lang='grc' dir='ltr'>θρὸν</span> <span class='ocrx_word' id='word_1_597' title='bbox 2325 4109 2771 4184; x_wconf 82' lang='grc' dir='ltr'>προϐεϐλημένον</span> <span class='ocrx_word' id='word_1_598' title='bbox 2796 4106 2893 4162; x_wconf 66' lang='grc' dir='ltr'><strong>καὶ¹</strong></span> <span class='ocrx_word' id='word_1_599' title='bbox 2917 4102 3381 4178; x_wconf 85' lang='grc' dir='ltr'>περιυϐρισμένον</span> <span class='ocrx_word' id='word_1_600' title='bbox 3409 4099 3487 4172; x_wconf 81' lang='grc' dir='ltr'>τῷ</span> <span class='ocrx_word' id='word_1_601' title='bbox 3533 4099 3733 4163; x_wconf 76' lang='grc' dir='ltr'>δικαίῳ</span> 
     </span>
    </p>
   </div>
   <div class='ocr_carea' id='block_1_85' title="bbox 2141 4189 3736 4263">
    <p class='ocr_par' dir='ltr' id='par_1_85' title="bbox 2141 4189 3736 4263">
     <span class='ocr_line' id='line_1_85' title="bbox 2141 4189 3736 4263; baseline -0.01 -5"><span class='ocrx_word' id='word_1_602' title='bbox 2141 4205 2202 4259; x_wconf 78' lang='grc' dir='ltr'>τὸ</span> <span class='ocrx_word' id='word_1_603' title='bbox 2236 4202 2451 4258; x_wconf 79' lang='grc' dir='ltr'>ἄσυλον·</span> <span class='ocrx_word' id='word_1_604' title='bbox 2476 4202 2628 4256; x_wconf 78' lang='grc' dir='ltr'>οὐδὲν</span> <span class='ocrx_word' id='word_1_605' title='bbox 2651 4199 2709 4255; x_wconf 80' lang='grc' dir='ltr'>δὲ</span> <span class='ocrx_word' id='word_1_606' title='bbox 2734 4198 2931 4253; x_wconf 84' lang='grc' dir='ltr'>κωλύει</span> <span class='ocrx_word' id='word_1_607' title='bbox 2956 4197 3051 4251; x_wconf 72' lang='grc' dir='ltr'>καὶ</span> <span class='ocrx_word' id='word_1_608' title='bbox 3076 4194 3171 4263; x_wconf 73' lang='grc' dir='ltr'>νῦν</span> <span class='ocrx_word' id='word_1_609' title='bbox 3188 4194 3280 4248; x_wconf 85' lang='grc' dir='ltr'>τὸν</span> <span class='ocrx_word' id='word_1_610' title='bbox 3301 4192 3523 4262; x_wconf 76' lang='grc' dir='ltr'>ἔλεγχον</span> <span class='ocrx_word' id='word_1_611' title='bbox 3534 4192 3629 4244; x_wconf 63' lang='grc' dir='ltr'><strong>ἐπ’</strong></span> <span class='ocrx_word' id='word_1_612' title='bbox 3646 4189 3736 4243; x_wconf 76' lang='grc' dir='ltr'><strong>εὖ·</strong></span> 
     </span>
    </p>
   </div>
   <div class='ocr_carea' id='block_1_86' title="bbox 452 4281 2025 4363">
    <p class='ocr_par' dir='ltr' id='par_1_86' title="bbox 452 4289 2025 4363">
     <span class='ocr_line' id='line_1_86' title="bbox 452 4289 2025 4363; baseline 0.004 -19"><span class='ocrx_word' id='word_1_613' title='bbox 452 4289 594 4344; x_wconf 85' lang='lat' dir='ltr'><strong>citer</strong></span> <span class='ocrx_word' id='word_1_614' title='bbox 643 4290 914 4360; x_wconf 83' lang='lat' dir='ltr'><strong>significat</strong></span> <span class='ocrx_word' id='word_1_615' title='bbox 960 4306 1066 4345; x_wconf 81' lang='lat' dir='ltr'><strong>non</strong></span> <span class='ocrx_word' id='word_1_616' title='bbox 1115 4292 1316 4361; x_wconf 78' lang='lat' dir='ltr'><strong>genuit,</strong></span> <span class='ocrx_word' id='word_1_617' title='bbox 1358 4291 1435 4346; x_wconf 90' lang='lat' dir='ltr'><strong>nil</strong></span> <span class='ocrx_word' id='word_1_618' title='bbox 1470 4291 1618 4348; x_wconf 88' lang='lat' dir='ltr'><strong>aliud</strong></span> <span class='ocrx_word' id='word_1_619' title='bbox 1669 4307 1888 4358; x_wconf 84' lang='lat' dir='ltr'><strong>eorum,</strong></span> <span class='ocrx_word' id='word_1_620' title='bbox 1918 4309 2025 4363; x_wconf 79' lang='lat' dir='ltr'><strong>qua</strong></span> 
     </span>
    </p>
   </div>
   <div class='ocr_carea' id='block_1_87' title="bbox 2130 4281 3736 4363">
    <p class='ocr_par' dir='ltr' id='par_1_87' title="bbox 2143 4281 3736 4363">
     <span class='ocr_line' id='line_1_87' title="bbox 2143 4281 3736 4363; baseline -0.01 -11"><span class='ocrx_word' id='word_1_621' title='bbox 2143 4296 2292 4359; x_wconf 86' lang='grc' dir='ltr'>θείας</span> <span class='ocrx_word' id='word_1_622' title='bbox 2307 4312 2367 4349; x_wconf 91' lang='grc' dir='ltr'><strong>τε</strong></span> <span class='ocrx_word' id='word_1_623' title='bbox 2387 4293 2483 4348; x_wconf 80' lang='grc' dir='ltr'>καὶ</span> <span class='ocrx_word' id='word_1_624' title='bbox 2505 4290 2983 4363; x_wconf 70' lang='grc' dir='ltr'>ἑπιτόμωςεὶπεϊνο</span> <span class='ocrx_word' id='word_1_625' title='bbox 3000 4287 3061 4341; x_wconf 83' lang='grc' dir='ltr'><strong>τὺ</strong></span> <span class='ocrx_word' id='word_1_626' title='bbox 3074 4287 3254 4341; x_wconf 83' lang='grc' dir='ltr'>τοίνυν</span> <span class='ocrx_word' id='word_1_627' title='bbox 3272 4286 3419 4339; x_wconf 78' lang='grc' dir='ltr'>ὄντα</span> <span class='ocrx_word' id='word_1_628' title='bbox 3438 4284 3514 4340; x_wconf 83' lang='grc' dir='ltr'>οὐ</span> <span class='ocrx_word' id='word_1_629' title='bbox 3530 4281 3736 4354; x_wconf 64' lang='grc' dir='ltr'>τετένε·</span> 
     </span>
    </p>
   </div>
   <div class='ocr_carea' id='block_1_88' title="bbox 448 4382 2041 4454">
    <p class='ocr_par' dir='ltr' id='par_1_88' title="bbox 448 4382 2041 4454">
     <span class='ocr_line' id='line_1_88' title="bbox 448 4382 2041 4454; baseline 0.003 -18"><span class='ocrx_word' id='word_1_630' title='bbox 448 4382 665 4454; x_wconf 86' lang='lat' dir='ltr'><strong>adjuugi</strong></span> <span class='ocrx_word' id='word_1_631' title='bbox 697 4382 917 4449; x_wconf 88' lang='lat' dir='ltr'><strong>debent,</strong></span> <span class='ocrx_word' id='word_1_632' title='bbox 962 4393 1313 4448; x_wconf 87' lang='lat' dir='ltr'><strong>connectcus,</strong></span> <span class='ocrx_word' id='word_1_633' title='bbox 1364 4384 1446 4440; x_wconf 87' lang='lat' dir='ltr'><strong>vel</strong></span> <span class='ocrx_word' id='word_1_634' title='bbox 1509 4400 1617 4441; x_wconf 90' lang='lat' dir='ltr'><strong>una</strong></span> <span class='ocrx_word' id='word_1_635' title='bbox 1648 4400 1834 4442; x_wconf 91' lang='lat' dir='ltr'><strong>secum</strong></span> <span class='ocrx_word' id='word_1_636' title='bbox 1864 4386 2041 4452; x_wconf 86' lang='lat' dir='ltr'><strong>ducit,</strong></span> 
     </span>
    </p>
   </div>
   <div class='ocr_carea' id='block_1_89' title="bbox 448 4477 2079 4551">
    <p class='ocr_par' dir='ltr' id='par_1_89' title="bbox 448 4477 2079 4551">
     <span class='ocr_line' id='line_1_89' title="bbox 448 4477 2079 4551; baseline 0.003 -20"><span class='ocrx_word' id='word_1_637' title='bbox 448 4477 593 4547; x_wconf 90' lang='lat' dir='ltr'><strong>quod</strong></span> <span class='ocrx_word' id='word_1_638' title='bbox 617 4477 742 4532; x_wconf 89' lang='lat' dir='ltr'><strong>addi</strong></span> <span class='ocrx_word' id='word_1_639' title='bbox 766 4477 947 4543; x_wconf 89' lang='lat' dir='ltr'><strong>debet,</strong></span> <span class='ocrx_word' id='word_1_640' title='bbox 970 4478 1182 4536; x_wconf 87' lang='lat' dir='ltr'><strong>scilicet</strong></span> <span class='ocrx_word' id='word_1_641' title='bbox 1209 4495 1313 4534; x_wconf 81' lang='lat' dir='ltr'><strong>non</strong></span> <span class='ocrx_word' id='word_1_642' title='bbox 1338 4479 1521 4551; x_wconf 81' lang='lat' dir='ltr'><strong>genuit</strong></span> <span class='ocrx_word' id='word_1_643' title='bbox 1536 4479 1660 4548; x_wconf 87' lang='lat' dir='ltr'><strong>jam</strong></span> <span class='ocrx_word' id='word_1_644' title='bbox 1681 4479 2039 4536; x_wconf 66' lang='lat' dir='ltr'><strong>exsistentem.</strong></span> <span class='ocrx_word' id='word_1_645' title='bbox 2078 4512 2079 4515; x_wconf 59' lang='grc' dir='ltr'><strong>η</strong></span> 
     </span>
    </p>
   </div>
   <div class='ocr_carea' id='block_1_90' title="bbox 450 4568 2038 4642">
    <p class='ocr_par' dir='ltr' id='par_1_90' title="bbox 450 4568 2038 4642">
     <span class='ocr_line' id='line_1_90' title="bbox 450 4568 2038 4642; baseline 0.003 -19"><span class='ocrx_word' id='word_1_646' title='bbox 450 4570 555 4635; x_wconf 72' lang='lat' dir='ltr'><strong>Qui</strong></span> <span class='ocrx_word' id='word_1_647' title='bbox 578 4568 850 4626; x_wconf 87' lang='lat' dir='ltr'><strong>fallaciam</strong></span> <span class='ocrx_word' id='word_1_648' title='bbox 872 4585 1088 4626; x_wconf 87' lang='lat' dir='ltr'><strong>omnem</strong></span> <span class='ocrx_word' id='word_1_649' title='bbox 1112 4572 1283 4627; x_wconf 82' lang='lat' dir='ltr'><strong>evitat</strong></span> <span class='ocrx_word' id='word_1_650' title='bbox 1338 4580 1463 4642; x_wconf 89' lang='lat' dir='ltr'><strong>apte</strong></span> <span class='ocrx_word' id='word_1_651' title='bbox 1489 4572 1796 4629; x_wconf 88' lang='lat' dir='ltr'><strong>orationem</strong></span> <span class='ocrx_word' id='word_1_652' title='bbox 1827 4586 2038 4627; x_wconf 81' lang='lat' dir='ltr'><strong>conne-</strong></span> 
     </span>
    </p>
   </div>
   <div class='ocr_carea' id='block_1_91' title="bbox 2145 4372 3733 4456">
    <p class='ocr_par' dir='ltr' id='par_1_91' title="bbox 2145 4372 3733 4456">
     <span class='ocr_line' id='line_1_91' title="bbox 2145 4372 3733 4456; baseline -0.013 -14"><span class='ocrx_word' id='word_1_653' title='bbox 2145 4404 2337 4456; x_wconf 75' lang='grc' dir='ltr'>νηκεν</span> <span class='ocrx_word' id='word_1_654' title='bbox 2360 4387 2442 4450; x_wconf 87' lang='grc' dir='ltr'><strong>είς</strong></span> <span class='ocrx_word' id='word_1_655' title='bbox 2462 4383 2640 4439; x_wconf 83' lang='grc' dir='ltr'>διττὸν</span> <span class='ocrx_word' id='word_1_656' title='bbox 2666 4380 3047 4452; x_wconf 67' lang='grc' dir='ltr'>ἐπιμερίζεται</span> <span class='ocrx_word' id='word_1_657' title='bbox 3078 4376 3375 4446; x_wconf 84' lang='grc' dir='ltr'>διανόημα·</span> <span class='ocrx_word' id='word_1_658' title='bbox 3404 4374 3500 4429; x_wconf 74' lang='grc' dir='ltr'>καὶ</span> <span class='ocrx_word' id='word_1_659' title='bbox 3537 4374 3600 4426; x_wconf 77' lang='grc' dir='ltr'>τὸ</span> <span class='ocrx_word' id='word_1_660' title='bbox 3632 4372 3733 4443; x_wconf 75' lang='grc' dir='ltr'>μὲν</span> 
     </span>
    </p>
   </div>
   <div class='ocr_carea' id='block_1_92' title="bbox 2149 4464 3732 4549">
    <p class='ocr_par' dir='ltr' id='par_1_92' title="bbox 2149 4464 3732 4549">
     <span class='ocr_line' id='line_1_92' title="bbox 2149 4464 3732 4549; baseline -0.013 -13"><span class='ocrx_word' id='word_1_661' title='bbox 2149 4480 2336 4545; x_wconf 85' lang='grc' dir='ltr'>ἀπλῶς</span> <span class='ocrx_word' id='word_1_662' title='bbox 2362 4480 2561 4547; x_wconf 75' lang='grc' dir='ltr'>ιπάγιι</span> <span class='ocrx_word' id='word_1_663' title='bbox 2595 4475 2733 4549; x_wconf 80' lang='grc' dir='ltr'>πρὸς</span> <span class='ocrx_word' id='word_1_664' title='bbox 2757 4473 2819 4527; x_wconf 86' lang='grc' dir='ltr'><strong>τδ</strong></span> <span class='ocrx_word' id='word_1_665' title='bbox 2840 4472 2928 4543; x_wconf 78' lang='grc' dir='ltr'>μὴ</span> <span class='ocrx_word' id='word_1_666' title='bbox 2957 4469 3337 4541; x_wconf 71' lang='grc' dir='ltr'>γεγέννηκεν,</span> <span class='ocrx_word' id='word_1_667' title='bbox 3362 4466 3554 4536; x_wconf 71' lang='grc' dir='ltr'>ἕτερον</span> <span class='ocrx_word' id='word_1_668' title='bbox 3579 4464 3732 4517; x_wconf 73' lang='grc' dir='ltr'>οὐδὲν</span> 
     </span>
    </p>
   </div>
   <div class='ocr_carea' id='block_1_93' title="bbox 2149 4555 3731 4644">
    <p class='ocr_par' dir='ltr' id='par_1_93' title="bbox 2149 4555 3731 4644">
     <span class='ocr_line' id='line_1_93' title="bbox 2149 4555 3731 4644; baseline -0.013 -15"><span class='ocrx_word' id='word_1_669' title='bbox 2149 4575 2260 4630; x_wconf 86' lang='grc' dir='ltr'><strong>τῶν</strong></span> <span class='ocrx_word' id='word_1_670' title='bbox 2302 4572 2631 4644; x_wconf 79' lang='grc' dir='ltr'>ὀφειλόντων</span> <span class='ocrx_word' id='word_1_671' title='bbox 2689 4561 3158 4623; x_wconf 80' lang='grc' dir='ltr'>ἐπισυνάπτεσθαι</span> <span class='ocrx_word' id='word_1_672' title='bbox 3215 4558 3557 4629; x_wconf 77' lang='grc' dir='ltr'>συμπλέκον,</span> <span class='ocrx_word' id='word_1_673' title='bbox 3587 4555 3655 4614; x_wconf 71' lang='grc' dir='ltr'>τὸ</span> <span class='ocrx_word' id='word_1_674' title='bbox 3676 4555 3731 4609; x_wconf 74' lang='grc' dir='ltr'>δὲ</span> 
     </span>
    </p>
   </div>
   <div class='ocr_carea' id='block_1_94' title="bbox 461 4648 2025 4735">
    <p class='ocr_par' dir='ltr' id='par_1_94' title="bbox 461 4660 2025 4732">
     <span class='ocr_line' id='line_1_94' title="bbox 461 4660 2025 4732; baseline 0.001 -17"><span class='ocrx_word' id='word_1_675' title='bbox 461 4672 621 4716; x_wconf 84' lang='lat' dir='ltr'><strong>ctens</strong></span> <span class='ocrx_word' id='word_1_676' title='bbox 649 4660 963 4725; x_wconf 86' lang='lat' dir='ltr'><strong>alIirmabit,</strong></span> <span class='ocrx_word' id='word_1_677' title='bbox 996 4662 1124 4732; x_wconf 89' lang='lat' dir='ltr'><strong>quia</strong></span> <span class='ocrx_word' id='word_1_678' title='bbox 1158 4662 1373 4732; x_wconf 88' lang='lat' dir='ltr'><strong>genitus</strong></span> <span class='ocrx_word' id='word_1_679' title='bbox 1420 4663 1582 4717; x_wconf 89' lang='lat' dir='ltr'><strong>simul</strong></span> <span class='ocrx_word' id='word_1_680' title='bbox 1610 4678 1733 4718; x_wconf 89' lang='lat' dir='ltr'><strong>cum</strong></span> <span class='ocrx_word' id='word_1_681' title='bbox 1762 4662 1848 4718; x_wconf 89' lang='lat' dir='ltr'><strong>sui</strong></span> <span class='ocrx_word' id='word_1_682' title='bbox 1880 4675 2025 4732; x_wconf 87' lang='lat' dir='ltr'><strong>gene-</strong></span> 
     </span>
    </p>
   </div>
   <div class='ocr_carea' id='block_1_95' title="bbox 2130 4648 3730 4735">
    <p class='ocr_par' dir='ltr' id='par_1_95' title="bbox 2151 4648 3730 4735">
     <span class='ocr_line' id='line_1_95' title="bbox 2151 4648 3730 4735; baseline -0.014 -13"><span class='ocrx_word' id='word_1_683' title='bbox 2151 4667 2521 4735; x_wconf 84' lang='grc' dir='ltr'>συνεπάγεται</span> <span class='ocrx_word' id='word_1_684' title='bbox 2564 4663 2658 4716; x_wconf 75' lang='grc' dir='ltr'>καὶ</span> <span class='ocrx_word' id='word_1_685' title='bbox 2682 4660 2745 4714; x_wconf 81' lang='grc' dir='ltr'><strong>τδ</strong></span> <span class='ocrx_word' id='word_1_686' title='bbox 2796 4655 3114 4720; x_wconf 82' lang='grc' dir='ltr'>ἀκόλουθον,</span> <span class='ocrx_word' id='word_1_687' title='bbox 3143 4655 3218 4710; x_wconf 86' lang='grc' dir='ltr'>οὐ</span> <span class='ocrx_word' id='word_1_688' title='bbox 3248 4649 3579 4722; x_wconf 71' lang='grc' dir='ltr'>γεγέννηκε</span> <span class='ocrx_word' id='word_1_689' title='bbox 3622 4648 3730 4718; x_wconf 79' lang='grc' dir='ltr'>γὰρ</span> 
     </span>
    </p>
   </div>
   <div class='ocr_carea' id='block_1_96' title="bbox 452 4753 2040 4826">
    <p class='ocr_par' dir='ltr' id='par_1_96' title="bbox 452 4753 2040 4826">
     <span class='ocr_line' id='line_1_96' title="bbox 452 4753 2040 4826; baseline 0.002 -21"><span class='ocrx_word' id='word_1_690' title='bbox 452 4753 665 4819; x_wconf 84' lang='lat' dir='ltr'><strong>ratione</strong></span> <span class='ocrx_word' id='word_1_691' title='bbox 694 4753 859 4809; x_wconf 85' lang='lat' dir='ltr'><strong>habet</strong></span> <span class='ocrx_word' id='word_1_692' title='bbox 874 4753 1273 4810; x_wconf 88' lang='lat' dir='ltr'><strong>exsistentiam.</strong></span> <span class='ocrx_word' id='word_1_693' title='bbox 1292 4754 1444 4810; x_wconf 85' lang='lat' dir='ltr'><strong>Istud</strong></span> <span class='ocrx_word' id='word_1_694' title='bbox 1470 4754 1637 4826; x_wconf 89' lang='lat' dir='ltr'><strong>igitur</strong></span> <span class='ocrx_word' id='word_1_695' title='bbox 1655 4754 2040 4809; x_wconf 63' lang='lat' dir='ltr'><strong>haereticorum</strong></span> 
     </span>
    </p>
   </div>
   <div class='ocr_carea' id='block_1_97' title="bbox 450 4846 2042 4919">
    <p class='ocr_par' dir='ltr' id='par_1_97' title="bbox 450 4846 2042 4919">
     <span class='ocr_line' id='line_1_97' title="bbox 450 4846 2042 4919; baseline 0.001 -19"><span class='ocrx_word' id='word_1_696' title='bbox 450 4858 834 4917; x_wconf 86' lang='lat' dir='ltr'><strong>argumentum</strong></span> <span class='ocrx_word' id='word_1_697' title='bbox 864 4863 961 4918; x_wconf 88' lang='lat' dir='ltr'><strong>per</strong></span> <span class='ocrx_word' id='word_1_698' title='bbox 1000 4848 1239 4919; x_wconf 89' lang='lat' dir='ltr'><strong>priorem</strong></span> <span class='ocrx_word' id='word_1_699' title='bbox 1278 4848 1652 4918; x_wconf 89' lang='lat' dir='ltr'><strong>acceptionem</strong></span> <span class='ocrx_word' id='word_1_700' title='bbox 1677 4846 2042 4917; x_wconf 87' lang='lat' dir='ltr'><strong>simpliciores</strong></span> 
     </span>
    </p>
   </div>
   <div class='ocr_carea' id='block_1_98' title="bbox 457 4940 2036 5014">
    <p class='ocr_par' dir='ltr' id='par_1_98' title="bbox 457 4940 2036 5014">
     <span class='ocr_line' id='line_1_98' title="bbox 457 4940 2036 5014; baseline -0.001 -19"><span class='ocrx_word' id='word_1_701' title='bbox 457 4940 741 5005; x_wconf 87' lang='lat' dir='ltr'><strong>territans,</strong></span> <span class='ocrx_word' id='word_1_702' title='bbox 771 4942 837 4997; x_wconf 88' lang='lat' dir='ltr'><strong>ad</strong></span> <span class='ocrx_word' id='word_1_703' title='bbox 868 4942 1053 5014; x_wconf 88' lang='lat' dir='ltr'><strong>fugam</strong></span> <span class='ocrx_word' id='word_1_704' title='bbox 1089 4941 1213 4998; x_wconf 91' lang='lat' dir='ltr'><strong>illos</strong></span> <span class='ocrx_word' id='word_1_705' title='bbox 1242 4942 1473 5012; x_wconf 89' lang='lat' dir='ltr'><strong>impellit</strong></span> <span class='ocrx_word' id='word_1_706' title='bbox 1497 4957 1601 4997; x_wconf 88' lang='lat' dir='ltr'><strong>nec</strong></span> <span class='ocrx_word' id='word_1_707' title='bbox 1627 4940 1762 4996; x_wconf 86' lang='lat' dir='ltr'><strong>sinit</strong></span> <span class='ocrx_word' id='word_1_708' title='bbox 1793 4940 2036 4995; x_wconf 89' lang='lat' dir='ltr'><strong>animum</strong></span> 
     </span>
    </p>
   </div>
   <div class='ocr_carea' id='block_1_99' title="bbox 2152 4739 3732 4828">
    <p class='ocr_par' dir='ltr' id='par_1_99' title="bbox 2152 4739 3732 4828">
     <span class='ocr_line' id='line_1_99' title="bbox 2152 4739 3732 4828; baseline -0.015 -12"><span class='ocrx_word' id='word_1_709' title='bbox 2152 4761 2319 4818; x_wconf 79' lang='grc' dir='ltr'>ὄντα.</span> <span class='ocrx_word' id='word_1_710' title='bbox 2392 4759 2452 4811; x_wconf 88' lang='lat'><strong>&#39;0</strong></span> <span class='ocrx_word' id='word_1_711' title='bbox 2496 4752 2847 4828; x_wconf 76' lang='grc' dir='ltr'>ῥᾳδιουργίαν</span> <span class='ocrx_word' id='word_1_712' title='bbox 2901 4750 3082 4803; x_wconf 77' lang='grc' dir='ltr'>πᾶσαν</span> <span class='ocrx_word' id='word_1_713' title='bbox 3112 4744 3401 4816; x_wconf 76' lang='grc' dir='ltr'>ὲκφεύγων</span> <span class='ocrx_word' id='word_1_714' title='bbox 3455 4739 3732 4814; x_wconf 74' lang='grc' dir='ltr'>ἁρμοδίως</span> 
     </span>
    </p>
   </div>
   <div class='ocr_carea' id='block_1_100' title="bbox 2150 4832 3734 4919">
    <p class='ocr_par' dir='ltr' id='par_1_100' title="bbox 2150 4832 3734 4919">
     <span class='ocr_line' id='line_1_100' title="bbox 2150 4832 3734 4919; baseline -0.016 -12"><span class='ocrx_word' id='word_1_715' title='bbox 2150 4849 2445 4919; x_wconf 59' lang='grc' dir='ltr'>τὸνλόγον</span> <span class='ocrx_word' id='word_1_716' title='bbox 2488 4845 2748 4917; x_wconf 88' lang='grc' dir='ltr'>συνείρων</span> <span class='ocrx_word' id='word_1_717' title='bbox 2793 4842 2911 4913; x_wconf 66' lang='grc' dir='ltr'>ἐρεῖ</span> <span class='ocrx_word' id='word_1_718' title='bbox 2951 4856 2966 4871; x_wconf 89' lang='grc'><strong>·</strong></span> <span class='ocrx_word' id='word_1_719' title='bbox 3005 4838 3144 4893; x_wconf 85' lang='grc' dir='ltr'>διότι</span> <span class='ocrx_word' id='word_1_720' title='bbox 3188 4835 3489 4908; x_wconf 83' lang='grc' dir='ltr'>σύνδρομον</span> <span class='ocrx_word' id='word_1_721' title='bbox 3550 4832 3583 4884; x_wconf 90' lang='lat'><strong>6</strong></span> <span class='ocrx_word' id='word_1_722' title='bbox 3612 4845 3734 4897; x_wconf 81' lang='grc' dir='ltr'>γεν-</span> 
     </span>
    </p>
   </div>
   <div class='ocr_carea' id='block_1_101' title="bbox 2152 4922 3731 5015">
    <p class='ocr_par' dir='ltr' id='par_1_101' title="bbox 2152 4922 3731 5015">
     <span class='ocr_line' id='line_1_101' title="bbox 2152 4922 3731 5015; baseline -0.016 -17"><span class='ocrx_word' id='word_1_723' title='bbox 2152 4943 2337 5015; x_wconf 80' lang='grc' dir='ltr'>νηθεὶς</span> <span class='ocrx_word' id='word_1_724' title='bbox 2366 4940 2480 5011; x_wconf 75' lang='grc' dir='ltr'>ἔχει</span> <span class='ocrx_word' id='word_1_725' title='bbox 2504 4941 2572 5010; x_wconf 84' lang='grc' dir='ltr'>τῇ</span> <span class='ocrx_word' id='word_1_726' title='bbox 2624 4936 2880 5007; x_wconf 84' lang='grc' dir='ltr'>γεννήσει</span> <span class='ocrx_word' id='word_1_727' title='bbox 2902 4932 3004 5005; x_wconf 82' lang='grc' dir='ltr'><strong>τήν</strong></span> <span class='ocrx_word' id='word_1_728' title='bbox 3031 4928 3293 5001; x_wconf 76' lang='grc' dir='ltr'>ὕπαρξιν.</span> <span class='ocrx_word' id='word_1_729' title='bbox 3321 4922 3731 5015; x_wconf 73' lang='grc' dir='ltr'>Μορμολύττων</span> 
     </span>
    </p>
   </div>
   <div class='ocr_carea' id='block_1_102' title="bbox 453 5014 2025 5107">
    <p class='ocr_par' dir='ltr' id='par_1_102' title="bbox 453 5032 2020 5107">
     <span class='ocr_line' id='line_1_102' title="bbox 453 5032 2020 5107; baseline 0 -20"><span class='ocrx_word' id='word_1_730' title='bbox 453 5034 521 5087; x_wconf 87' lang='lat' dir='ltr'><strong>ad</strong></span> <span class='ocrx_word' id='word_1_731' title='bbox 572 5034 870 5089; x_wconf 88' lang='lat' dir='ltr'><strong>secundam</strong></span> <span class='ocrx_word' id='word_1_732' title='bbox 928 5036 1259 5092; x_wconf 87' lang='lat' dir='ltr'><strong>sententiam</strong></span> <span class='ocrx_word' id='word_1_733' title='bbox 1310 5036 1617 5101; x_wconf 86' lang='lat' dir='ltr'><strong>advertere,</strong></span> <span class='ocrx_word' id='word_1_734' title='bbox 1667 5050 1791 5107; x_wconf 66' lang='lat' dir='ltr'><strong>qua:</strong></span> <span class='ocrx_word' id='word_1_735' title='bbox 1839 5032 2020 5089; x_wconf 88' lang='lat' dir='ltr'><strong>ration</strong></span> 
     </span>
    </p>
   </div>
   <div class='ocr_carea' id='block_1_103' title="bbox 2130 5014 3731 5107">
    <p class='ocr_par' dir='ltr' id='par_1_103' title="bbox 2151 5014 3731 5107">
     <span class='ocr_line' id='line_1_103' title="bbox 2151 5014 3731 5107; baseline -0.013 -15"><span class='ocrx_word' id='word_1_736' title='bbox 2151 5014 2333 5092; x_wconf 84' lang='grc' dir='ltr'>τοίνυν</span> <span class='ocrx_word' id='word_1_737' title='bbox 2356 5036 2386 5088; x_wconf 91' lang='lat'><strong>6</strong></span> <span class='ocrx_word' id='word_1_738' title='bbox 2408 5031 2696 5103; x_wconf 77' lang='grc' dir='ltr'>αίρετίζων</span> <span class='ocrx_word' id='word_1_739' title='bbox 2745 5029 2903 5097; x_wconf 88' lang='grc' dir='ltr'>λόγος</span> <span class='ocrx_word' id='word_1_740' title='bbox 2928 5025 3018 5080; x_wconf 78' lang='grc' dir='ltr'><strong>διὰ</strong></span> <span class='ocrx_word' id='word_1_741' title='bbox 3064 5025 3166 5094; x_wconf 77' lang='grc' dir='ltr'>τῆς</span> <span class='ocrx_word' id='word_1_742' title='bbox 3188 5019 3462 5093; x_wconf 81' lang='grc' dir='ltr'>προτέρας</span> <span class='ocrx_word' id='word_1_743' title='bbox 3506 5014 3731 5107; x_wconf 62' lang='grc' dir='ltr'>ἔκδοχῇς</span> 
     </span>
    </p>
   </div>
   <div class='ocr_carea' id='block_1_104' title="bbox 456 5126 2040 5200">
    <p class='ocr_par' dir='ltr' id='par_1_104' title="bbox 456 5126 2040 5200">
     <span class='ocr_line' id='line_1_104' title="bbox 456 5126 2040 5200; baseline -0.001 -20"><span class='ocrx_word' id='word_1_744' title='bbox 456 5126 732 5198; x_wconf 88' lang='lat' dir='ltr'><strong>congruit.</strong></span> <span class='ocrx_word' id='word_1_745' title='bbox 769 5127 829 5182; x_wconf 86' lang='lat' dir='ltr'><strong>Si</strong></span> <span class='ocrx_word' id='word_1_746' title='bbox 875 5129 1022 5183; x_wconf 89' lang='lat' dir='ltr'><strong>enim</strong></span> <span class='ocrx_word' id='word_1_747' title='bbox 1049 5130 1116 5185; x_wconf 90' lang='lat' dir='ltr'><strong>ad</strong></span> <span class='ocrx_word' id='word_1_748' title='bbox 1164 5131 1313 5185; x_wconf 87' lang='lat' dir='ltr'><strong>illam</strong></span> <span class='ocrx_word' id='word_1_749' title='bbox 1343 5130 1468 5200; x_wconf 87' lang='lat' dir='ltr'><strong>quis</strong></span> <span class='ocrx_word' id='word_1_750' title='bbox 1519 5130 1764 5185; x_wconf 89' lang='lat' dir='ltr'><strong>animum</strong></span> <span class='ocrx_word' id='word_1_751' title='bbox 1794 5126 2040 5198; x_wconf 85' lang='lat' dir='ltr'><strong>adjiciat,</strong></span> 
     </span>
    </p>
   </div>
   <div class='ocr_carea' id='block_1_105' title="bbox 452 5220 2044 5295">
    <p class='ocr_par' dir='ltr' id='par_1_105' title="bbox 452 5220 2044 5295">
     <span class='ocr_line' id='line_1_105' title="bbox 452 5220 2044 5295; baseline 0.001 -20"><span class='ocrx_word' id='word_1_752' title='bbox 452 5220 791 5289; x_wconf 70' lang='lat' dir='ltr'><strong>facillimam,</strong></span> <span class='ocrx_word' id='word_1_753' title='bbox 810 5233 869 5280; x_wconf 90' lang='lat' dir='ltr'><strong>ut</strong></span> <span class='ocrx_word' id='word_1_754' title='bbox 885 5224 1057 5289; x_wconf 90' lang='lat' dir='ltr'><strong>vides,</strong></span> <span class='ocrx_word' id='word_1_755' title='bbox 1074 5225 1485 5295; x_wconf 89' lang='lat' dir='ltr'><strong>piissimamque</strong></span> <span class='ocrx_word' id='word_1_756' title='bbox 1501 5222 1800 5279; x_wconf 86' lang='lat' dir='ltr'><strong>reddiderit</strong></span> <span class='ocrx_word' id='word_1_757' title='bbox 1812 5235 2044 5292; x_wconf 90' lang='lat' dir='ltr'><strong>respon-</strong></span> 
     </span>
    </p>
   </div>
   <div class='ocr_carea' id='block_1_106' title="bbox 455 5314 2039 5390">
    <p class='ocr_par' dir='ltr' id='par_1_106' title="bbox 455 5314 2039 5390">
     <span class='ocr_line' id='line_1_106' title="bbox 455 5314 2039 5390; baseline -0.001 -19"><span class='ocrx_word' id='word_1_758' title='bbox 455 5315 700 5385; x_wconf 79' lang='lat' dir='ltr'><strong>sionem;</strong></span> <span class='ocrx_word' id='word_1_759' title='bbox 728 5334 855 5375; x_wconf 87' lang='lat' dir='ltr'><strong>nam</strong></span> <span class='ocrx_word' id='word_1_760' title='bbox 888 5319 1182 5388; x_wconf 77' lang='lat' dir='ltr'><strong>afﬁrmare,</strong></span> <span class='ocrx_word' id='word_1_761' title='bbox 1211 5314 1357 5390; x_wconf 85' lang='lat' dir='ltr'><strong>quod</strong></span> <span class='ocrx_word' id='word_1_762' title='bbox 1390 5318 1745 5373; x_wconf 88' lang='lat' dir='ltr'><strong>exsistentem</strong></span> <span class='ocrx_word' id='word_1_763' title='bbox 1778 5315 1893 5385; x_wconf 86' lang='lat' dir='ltr'><strong>jam</strong></span> <span class='ocrx_word' id='word_1_764' title='bbox 1929 5330 2039 5371; x_wconf 89' lang='lat' dir='ltr'><strong>non</strong></span> 
     </span>
    </p>
   </div>
   <div class='ocr_carea' id='block_1_107' title="bbox 457 5396 2036 5483">
    <p class='ocr_par' dir='ltr' id='par_1_107' title="bbox 457 5396 2036 5483">
     <span class='ocr_line' id='line_1_107' title="bbox 457 5396 2036 5483; baseline -0.001 -20"><span class='ocrx_word' id='word_1_765' title='bbox 457 5398 668 5476; x_wconf 77' lang='lat' dir='ltr'><strong>genuit,</strong></span> <span class='ocrx_word' id='word_1_766' title='bbox 690 5396 817 5483; x_wconf 89' lang='lat' dir='ltr'><strong>quia</strong></span> <span class='ocrx_word' id='word_1_767' title='bbox 839 5412 1003 5470; x_wconf 81' lang='lat' dir='ltr'><strong>simul</strong></span> <span class='ocrx_word' id='word_1_768' title='bbox 1026 5429 1152 5470; x_wconf 88' lang='lat' dir='ltr'><strong>cum</strong></span> <span class='ocrx_word' id='word_1_769' title='bbox 1176 5411 1495 5470; x_wconf 89' lang='lat' dir='ltr'><strong>exsistentia</strong></span> <span class='ocrx_word' id='word_1_770' title='bbox 1510 5410 1720 5467; x_wconf 87' lang='lat' dir='ltr'><strong>exstitit</strong></span> <span class='ocrx_word' id='word_1_771' title='bbox 1735 5408 2036 5481; x_wconf 85' lang='lat' dir='ltr'><strong>generatio,</strong></span> 
     </span>
    </p>
   </div>
   <div class='ocr_carea' id='block_1_108' title="bbox 2152 5104 3731 5193">
    <p class='ocr_par' dir='ltr' id='par_1_108' title="bbox 2152 5104 3731 5193">
     <span class='ocr_line' id='line_1_108' title="bbox 2152 5104 3731 5193; baseline -0.02 -9"><span class='ocrx_word' id='word_1_772' title='bbox 2152 5130 2280 5192; x_wconf 78' lang='grc' dir='ltr'>τοὺς</span> <span class='ocrx_word' id='word_1_773' title='bbox 2311 5123 2716 5193; x_wconf 79' lang='grc' dir='ltr'>ἁπλουστέρους</span> <span class='ocrx_word' id='word_1_774' title='bbox 2737 5119 2960 5190; x_wconf 79' lang='grc' dir='ltr'>φεύγειν</span> <span class='ocrx_word' id='word_1_775' title='bbox 2981 5113 3290 5179; x_wconf 80' lang='grc' dir='ltr'>ἀναπείθει,</span> <span class='ocrx_word' id='word_1_776' title='bbox 3310 5110 3445 5183; x_wconf 85' lang='grc' dir='ltr'>μηδὲ</span> <span class='ocrx_word' id='word_1_777' title='bbox 3473 5109 3613 5179; x_wconf 81' lang='grc' dir='ltr'>πρὸς</span> <span class='ocrx_word' id='word_1_778' title='bbox 3634 5104 3731 5173; x_wconf 77' lang='grc' dir='ltr'>τὴν</span> 
     </span>
    </p>
   </div>
   <div class='ocr_carea' id='block_1_109' title="bbox 2150 5201 3729 5293">
    <p class='ocr_par' dir='ltr' id='par_1_109' title="bbox 2150 5201 3729 5293">
     <span class='ocr_line' id='line_1_109' title="bbox 2150 5201 3729 5293; baseline -0.017 -17"><span class='ocrx_word' id='word_1_779' title='bbox 2150 5220 2407 5293; x_wconf 84' lang='grc' dir='ltr'>δευτέραν</span> <span class='ocrx_word' id='word_1_780' title='bbox 2451 5216 2688 5271; x_wconf 84' lang='grc' dir='ltr'>διάνοιαν</span> <span class='ocrx_word' id='word_1_781' title='bbox 2728 5214 2824 5269; x_wconf 78' lang='grc' dir='ltr'>καὶ</span> <span class='ocrx_word' id='word_1_782' title='bbox 2871 5212 2952 5283; x_wconf 83' lang='grc' dir='ltr'><strong>τῷ</strong></span> <span class='ocrx_word' id='word_1_783' title='bbox 2988 5210 3136 5280; x_wconf 85' lang='grc' dir='ltr'>λόγῳ</span> <span class='ocrx_word' id='word_1_784' title='bbox 3176 5207 3564 5293; x_wconf 80' lang='grc' dir='ltr'>προσήκουσαν</span> <span class='ocrx_word' id='word_1_785' title='bbox 3598 5201 3729 5293; x_wconf 21' lang='grc' dir='ltr'>*ἑπι-</span> 
     </span>
    </p>
   </div>
   <div class='ocr_carea' id='block_1_110' title="bbox 2152 5288 3727 5384">
    <p class='ocr_par' dir='ltr' id='par_1_110' title="bbox 2152 5288 3727 5384">
     <span class='ocr_line' id='line_1_110' title="bbox 2152 5288 3727 5384; baseline -0.018 -17"><span class='ocrx_word' id='word_1_786' title='bbox 2152 5288 2510 5384; x_wconf 74' lang='grc' dir='ltr'>στρέςρεσθαι·</span> <span class='ocrx_word' id='word_1_787' title='bbox 2550 5307 2599 5359; x_wconf 85' lang='grc' dir='ltr'><strong>εί</strong></span> <span class='ocrx_word' id='word_1_788' title='bbox 2631 5305 2732 5379; x_wconf 60' lang='grc' dir='ltr'><strong>μέν</strong></span> <span class='ocrx_word' id='word_1_789' title='bbox 2762 5304 2870 5375; x_wconf 90' lang='grc' dir='ltr'><strong>γάρ</strong></span> <span class='ocrx_word' id='word_1_790' title='bbox 2903 5300 3262 5372; x_wconf 84' lang='grc' dir='ltr'>ἀπερείσαιτο</span> <span class='ocrx_word' id='word_1_791' title='bbox 3291 5312 3376 5358; x_wconf 86' lang='grc' dir='ltr'><strong>τις</strong></span> <span class='ocrx_word' id='word_1_792' title='bbox 3406 5292 3544 5384; x_wconf 76' lang='grc' dir='ltr'>πρὸς</span> <span class='ocrx_word' id='word_1_793' title='bbox 3588 5288 3727 5384; x_wconf 56' lang='grc' dir='ltr'>εκεί-</span> 
     </span>
    </p>
   </div>
   <div class='ocr_carea' id='block_1_111' title="bbox 2141 5382 3725 5478">
    <p class='ocr_par' dir='ltr' id='par_1_111' title="bbox 2141 5382 3725 5478">
     <span class='ocr_line' id='line_1_111' title="bbox 2141 5382 3725 5478; baseline -0.016 -17"><span class='ocrx_word' id='word_1_794' title='bbox 2141 5382 2242 5478; x_wconf 86' lang='grc' dir='ltr'><strong>νην</strong></span> <span class='ocrx_word' id='word_1_795' title='bbox 2301 5404 2394 5459; x_wconf 82' lang='grc' dir='ltr'>τὸν</span> <span class='ocrx_word' id='word_1_796' title='bbox 2446 5401 2593 5465; x_wconf 83' lang='grc' dir='ltr'>νοῦν,</span> <span class='ocrx_word' id='word_1_797' title='bbox 2630 5396 3053 5471; x_wconf 86' lang='grc' dir='ltr'>εύχερεστάτην,</span> <span class='ocrx_word' id='word_1_798' title='bbox 3084 5393 3160 5457; x_wconf 85' lang='grc' dir='ltr'>ὼς</span> <span class='ocrx_word' id='word_1_799' title='bbox 3189 5392 3347 5464; x_wconf 77' lang='grc' dir='ltr'>ὁρᾷς,</span> <span class='ocrx_word' id='word_1_800' title='bbox 3386 5387 3483 5443; x_wconf 69' lang='grc' dir='ltr'>καὶ</span> <span class='ocrx_word' id='word_1_801' title='bbox 3510 5382 3725 5456; x_wconf 83' lang='grc' dir='ltr'>ὀρθοδο-</span> 
     </span>
    </p>
   </div>
   <div class='ocr_carea' id='block_1_112' title="bbox 1969 5538 2206 5598">
    <p class='ocr_par' dir='ltr' id='par_1_112' title="bbox 1969 5538 2206 5598">
     <span class='ocr_line' id='line_1_112' title="bbox 1969 5538 2206 5598; baseline -0.013 0"><span class='ocrx_word' id='word_1_802' title='bbox 1969 5538 2206 5598; x_wconf 64' lang='grc' dir='ltr'><strong>ΝΟΤΕ.</strong></span> 
     </span>
    </p>
   </div>
   <div class='ocr_carea' id='block_1_113' title="bbox 544 5667 3187 5759">
    <p class='ocr_par' dir='ltr' id='par_1_113' title="bbox 544 5667 3187 5759">
     <span class='ocr_line' id='line_1_113' title="bbox 544 5667 3187 5759; baseline -0.009 -16"><span class='ocrx_word' id='word_1_803' title='bbox 544 5683 657 5757; x_wconf 77' lang='lat'><strong>(37)</strong></span> <span class='ocrx_word' id='word_1_804' title='bbox 691 5682 817 5742; x_wconf 70' lang='lat' dir='ltr'><strong>llaec</strong></span> <span class='ocrx_word' id='word_1_805' title='bbox 848 5684 1012 5757; x_wconf 78' lang='lat' dir='ltr'><strong>igitur</strong></span> <span class='ocrx_word' id='word_1_806' title='bbox 1038 5684 1364 5759; x_wconf 85' lang='lat' dir='ltr'><strong>propositio,</strong></span> <span class='ocrx_word' id='word_1_807' title='bbox 1392 5683 1732 5741; x_wconf 69' lang='lat' dir='ltr'><strong>exsistentem</strong></span> <span class='ocrx_word' id='word_1_808' title='bbox 1770 5698 1874 5738; x_wconf 82' lang='lat' dir='ltr'><strong>non</strong></span> <span class='ocrx_word' id='word_1_809' title='bbox 1912 5680 2113 5753; x_wconf 61' lang='lat' dir='ltr'><strong>genuit,</strong></span> <span class='ocrx_word' id='word_1_810' title='bbox 2156 5676 2211 5745; x_wconf 87' lang='lat' dir='ltr'><strong>in</strong></span> <span class='ocrx_word' id='word_1_811' title='bbox 2243 5674 2514 5749; x_wconf 84' lang='lat' dir='ltr'><strong>duplicem</strong></span> <span class='ocrx_word' id='word_1_812' title='bbox 2546 5670 2817 5731; x_wconf 85' lang='lat' dir='ltr'><strong>scinditur</strong></span> <span class='ocrx_word' id='word_1_813' title='bbox 2840 5667 3187 5728; x_wconf 83' lang='lat' dir='ltr'><strong>sententiam.</strong></span> 
     </span>
    </p>
   </div>
  </div>
