3884 6202
335 194 438 256 503

1492 204 1753 264 ΡΠΟΤΙΙ
1786 204 2297 265 ΡΑΤΒΙΛΠΕΙΙᾹΞ
2325 204 2432 264 CP.

3489 200 3597 264 504

336 306 554 375 longum
588 315 824 376 tempus,
856 307 1035 363 eidem
1067 309 1287 380 quidem
1314 310 1487 365 errori
1525 329 1634 367 non
1656 314 1901 378 obnoxii,

2032 314 2225 377 ἱον,οῦκ
2263 308 2330 383 ἦν
2356 311 2577 381 εὐχερὲς
2606 310 2725 364 οὐδὲ
2752 310 2935 383 ῥᾴδιον
2982 309 3170 381 φέρειν
3195 311 3330 381 πρὸς
3352 311 3454 382 τὴν
3484 329 3596 364 ταν

335 398 432 453 sed
496 398 637 452 inter
665 413 765 452 eos
797 405 1031 467 tamen,l
1061 403 1154 471 qui
1208 402 1304 456 illo
1356 404 1499 473 capti
1552 415 1731 470 erant,
1775 421 1909 460 exc-

336 490 550 560 gerant)
592 506 764 559 nuper
816 492 1111 547 admodum
1170 496 1415 563 perducti
1495 496 1739 561 fuerant,
1802 514 1910 551 non

336 582 496 637 facile
528 597 628 637 nec
657 584 880 638 obvium
911 595 1049 649 erat,
1084 595 1144 640 ut
1177 589 1245 641 ad
1293 589 1652 659 incorporeas
1695 591 1914 661 Dcoque

339 675 549 728 similes
594 686 805 731 mentes
861 679 1245 749 percipiendas
1293 681 1539 736 animum
1593 683 1909 738 eveherent.

345 766 463 821 Non
497 766 681 821 minus
719 782 870 827 vero,
930 770 1033 821 nisi
1084 771 1264 839 potius
1308 771 1484 840 magis
1539 772 1670 836 huc,
1722 783 1916 843 praeter

340 860 507 918 dicta,
540 858 793 927 pertinet,
826 860 972 927 quod
1006 860 1149 927 leges
1174 860 1381 915 laturus
1404 870 1522 915 erat
1546 872 1654 915 non
1684 863 1913 933 angelis,

342 952 434 1006 sed
472 952 811 1013 hominibus.
862 953 955 1021 qui
986 962 1043 1005 et
1071 953 1276 1008 conditi
1332 963 1510 1019 erant,
1556 963 1611 1010 ct
1644 971 1708 1011 ex
1742 956 1915 1010 nihilo

341 1040 607 1094 exsistere
640 1050 939 1109 cmperant.
972 1042 1093 1096 Iden
1124 1058 1307 1097 rerum
1335 1044 1605 1099 Conditor
1635 1045 1916 1101 doctrinas

343 1131 704 1196 necessarias,
745 1142 799 1186 et
831 1148 955 1187 cum
989 1134 1223 1189 utilitate
1275 1136 1621 1204 conjunctae,
1659 1137 1763 1191 hoc
1808 1148 1914 1200 est,

343 1221 487 1286 cmli,
520 1231 699 1287 teme,
733 1223 1081 1294 aliorumque
1125 1226 1390 1280 similium
1430 1228 1722 1297 originem,
1746 1243 1917 1298 expo-

346 1316 447 1379 nit,
504 1315 763 1382 quoniam
813 1315 903 1369 illa
960 1316 1181 1385 quidem
1262 1327 1555 1388 antequam
1640 1320 1916 1374 hominem

348 1406 609 1460 conderet
647 1422 769 1461 esse
806 1408 1003 1472 voluit,
1028 1408 1289 1478 quodque
1350 1410 1523 1465 homo
1557 1410 1672 1480 ipse
1708 1410 1761 1464 in
1811 1411 1921 1465 illis

350 1496 515 1550 vitam
553 1506 779 1554 acturus
822 1508 960 1565 erat,
1010 1501 1156 1570 quod
1189 1501 1428 1573 denique
1477 1504 1641 1558 etiam
1677 1504 1805 1569 alia,
1852 1505 1919 1558 ad

348 1588 513 1642 vi:am
568 1591 873 1645 naturalem
937 1594 1274 1657 necessaria,
1335 1595 1464 1659 illis,
1521 1596 1723 1666 quibus
1771 1596 1922 1666 leges

2013 407 2321 476 ἀσωμάτων
2352 404 2450 457 καὶ
2482 403 2732 457 θεοειδῶν
2775 404 2909 455 νόων
2931 402 3301 473 ἑπανάγεσθαι
3332 404 3597 474 μάθησιν.

2014 497 2180 549 Οὐδὲν
2205 496 2262 549 δὲ
2292 491 2475 568 ἦττον,
2498 497 2548 547 εί
2574 494 2649 565 μὴ
2676 494 2773 548 καὶ
2798 494 3001 563 μᾶλλον
3028 495 3137 548 τῶν
3165 496 3495 567 εἰρημένων,
3513 498 3599 551 ὅτι

2018 587 2140 658 μηδ’
2173 587 2427 656 ἀγγέλοις
2443 587 2570 650 τοὺς
2585 584 2783 655 νόμους
2805 584 2917 655 (42)
2930 586 3204 656 εἰσφέρειν
3221 586 3468 656 ἔμελλεν,
3481 586 3599 640 ἀλλ’

2015 680 2340 750 ἀνθρώποις,
2375 674 2456 741 οἷς
2484 674 2555 750 ἦν
2596 678 2692 732 καὶ
2737 679 2772 748 ἠ
2811 678 3046 746 γένεσις,
3098 680 3195 732 καὶ
3223 681 3257 749 ἡ
3289 680 3353 732 ἑκ
3383 679 3483 732 τοῦ
3517 679 3597 750 μὴ

2015 772 2167 835 ὄντος
2192 772 2271 833 εἰς
2298 769 2359 823 τὺ
2382 767 2525 823 εἶναι
2544 769 2791 839 πρόοδος.
2816 770 2925 823 Καὶ
2947 770 2975 822 ὁ
2999 770 3388 842 Γενεσιουργδς
3412 772 3591 837 ἀναγε-

2017 866 2145 917 καία
2177 863 2496 933 μαθήματα,
2524 862 2619 915 καὶ
2645 862 2707 914 τὸ
2734 863 3006 932 χρήσιμον
3034 863 3408 935 παρεχόμενα,
3427 864 3601 933 οὐρα-

2027 954 2122 1008 νοῦ
2145 954 2329 1025 μέντοι
2367 954 2464 1007 καὶ⁵
2499 952 2625 1023 γῆς,
2665 954 2764 1005 καὶ
2797 952 2907 1006 τῶν
2923 952 3099 1006 ἄλλων
3116 954 3325 1021 εἰσάγει
3351 952 3597 1021 γένεσιν,

2017 1048 2100 1100 ὅτι
2142 1044 2318 1119 ταῦτά
2336 1061 2396 1098 τε
2434 1044 2542 1115 πρὸ
2557 1044 2659 1114 τῆς
2678 1043 2776 1096 τοῦ
2802 1043 3091 1115 ἀνθρώπου
3118 1043 3231 1114 (ιδ)
3253 1043 3445 1106 οὐσίας
3492 1044 3601 1096 ὐπ-

2021 1142 2173 1209 έστη,
2191 1138 2287 1191 καὶ
2302 1139 2384 1191 ὃτι
2403 1137 2462 1191 ἐν
2484 1137 2669 1200 αὐτοῖς
2685 1136 2782 1206 τὴν
2805 1136 3018 1197 δίαιταν
3034 1138 3063 1189 ὁ
3077 1135 3173 1188 ἄνθ
3179 1152 3361 1206 ρωπος
3377 1134 3606 1205 ἔμελλεν

2019 1229 2183 1299 ἔχειν,
2229 1228 2324 1281 καὶ
2344 1226 2480 1280 διότι
2526 1225 2625 1291 τὰς
2662 1225 2804 1278 κατὰ
2819 1225 2919 1294 τὴν
2956 1224 3210 1293 αἴσθησιν
3240 1223 3406 1287 ἄλλας
3428 1226 3604 1291 ἀναγ-

2022 1322 2185 1385 καίας
2213 1316 2401 1391 χρείας
2430 1320 2547 1381 τοῖς
2579 1316 3056 1387 νομοθετουμένοις
3090 1314 3285 1384 ἔμελλε
3314 1314 3612 1386 παρέχειν..

2020 1412 2156 1466 Θεοῦ
2189 1412 2286 1482 μὲν
2314 1412 2425 1482 γὰρ
2456 1409 2648 1463 ὁποίαν
2676 1408 2879 1478 δήποτε
2908 1409 3030 1471 ταῖς
3066 1408 3287 1477 ψυχαῖς,
3320 1406 3371 1460 εἰ
3401 1405 3497 1460 καὶ
3524 1406 3607 1475 μὴ

2023 1503 2158 1574 πρὸς
2180 1504 2280 1573 τὴν
2301 1501 2584 1573 ἀκρίϐειαν
2610 1499 2943 1571 ἁνηγμένην,
2969 1499 3116 1568 ὅμως
3137 1498 3345 1552 ἔννοιάν
3366 1514 3487 1551 τινα
3509 1497 3610 1549 καὶ

2024 1596 2323 1665 φαντασίαν
2345 1591 2509 1665 εἶχον·
2534 1593 2781 1662 ἀγγέλων
2803 1592 2861 1646 δὲ
2874 1592 3145 1662 οὐδαμῶς·
3175 1592 3311 1645 ὅπου
3336 1608 3403 1660 γε
3432 1589 3528 1644 καὶ
3544 1588 3610 1641 τδ

347 1682 687 1749 ferebantur,
738 1684 1088 1753 suppeditare
1136 1686 1370 1742 volebat.
1430 1687 1524 1742 Dei
1568 1688 1714 1742 enim
1774 1688 1918 1743 noti-

2032 1685 2394 1741 Σαδδουκαίων
2411 1686 2551 1757 μετὰ
2572 1684 2771 1746 πολλὰς
2790 1684 2981 1752 γενεὰς
3007 1682 3158 1746 ἔθνος
3175 1682 3312 1736 Θεὸν
3336 1682 3435 1751 μὲν
3466 1682 3605 1751 ὁμο·-

348 1774 505 1836 tiam,
559 1774 606 1829 si
666 1790 774 1829 non
827 1786 1164 1843 accuratam,
1232 1779 1429 1834 saltem
1488 1780 1927 1850 qualemcunque

350 1868 551 1924 animis
602 1869 825 1924 inﬁxam
870 1869 1164 1935 habebant,
1227 1872 1544 1940 angelorum
1596 1889 1726 1929 vero
1778 1874 1925 1928 illam

351 1960 575 2015 minime
611 1963 903 2017 omnium:
943 1961 1414 2031 quemadmodum
1455 1966 1619 2020 etiam
1668 1965 1929 2020 Saducze-

351 2066 511 2105 orum
531 2062 675 2106 secta
698 2054 885 2108 multis
902 2056 1119 2110 szeculis
1140 2067 1263 2126 post
1282 2055 1449 2111 Deum
1468 2056 1689 2127 quidem
1711 2057 1842 2126 proli
1852 2066 1929 2110 te-

350 2141 855 2210 hatur,angelornm
875 2152 931 2199 et
954 2144 1241 2215 spirituum
1260 2147 1479 2200 nomina
1494 2161 1591 2201 nec
1601 2146 1791 2201 audire
1808 2161 1931 2202 sus-

355 2232 599 2286 tinebant
618 2234 685 2288 ‘°.
710 2233 865 2301 Quod
885 2250 1014 2291 vero
1039 2237 1238 2303 Moses,
1257 2237 1349 2307 qui
1386 2237 1552 2291 Deum
1584 2238 1741 2303 vidit,
1775 2252 1930 2292 meu—

354 2323 489 2376 tium
541 2323 986 2394 ineorporcarum
1018 2329 1630 2383 -commemorationem
1706 2338 1932 2398 propter

352 2416 778 2471 imbecillitatem
804 2418 1045 2485 illorum,
1074 2420 1168 2489 qui
1207 2434 1326 2474 eam
1359 2420 1597 2475 audituri
1614 2424 1792 2486 erant,
1828 2419 1931 2475 sub

352 2506 567 2559 initium
586 2508 852 2572 omiserit,
891 2525 959 2564 ex
986 2525 1051 2565 eo
1066 2512 1413 2566 manifestum
1437 2520 1542 2575 est,
1572 2512 1791 2581 quodin
1825 2510 1931 2566 line

352 2592 575 2662 reliquae
599 2594 867 2656 historiae.
887 2606 942 2651 et
988 2606 1113 2666 post
1133 2598 1235 2653 alia
1266 2600 1436 2653 multa
1500 2601 1750 2664 recitata,
1778 2615 1931 2655 men—

354 2685 554 2739 tionem
573 2701 765 2741 eorum
782 2686 930 2751 fecit,
952 2692 1207 2760 quamvis
1226 2708 1293 2747 ne
1309 2701 1439 2747 tunc
1452 2692 1669 2765 quidem
1691 2693 1930 2747 creatio-

354 2791 478 2829 nem
504 2778 741 2843 illorum,
757 2782 851 2835 sed
870 2782 1111 2837 lzetitiam
1123 2784 1385 2839 cmlorum
1399 2794 1452 2839 et
1467 2785 1781 2854 angelorum
1799 2785 1930 2857 ado-

353 2866 624 2923 rationcm
656 2876 1131 2928 commemoravit.
1167 2893 1185 2924 ι
1217 2874 1524 2938 Laatamini,
1574 2875 1770 2945 inquit,
1803 2891 1927 2931 cum

358 2957 455 3011 illo
484 2960 709 3027 ,caali,et
749 2964 977 3019 adorent
1011 2981 1137 3021 eum
1167 2982 1361 3021 omnes
1381 2966 1557 3036 angeli
1586 2965 1680 3020 Dei
1705 2966 1773 3022 “.
1799 2985 1818 3017 ι
1842 2967 1930 3021 Si-

2027 1779 2205 1849 λογεῐν
2231 1780 2470 1850 ἐφρόνει.
2498 1778 2764 1847 ἀγγέλους
2784 1777 2842 1829 δὲ
2876 1778 2971 1831 καὶ
2997 1776 3281 1845 πνεύματα
3312 1776 3435 1830 οὐδὲ
3465 1776 3609 1845 ἀκοῇ

2029 1866 2428 1942 παραδέχεσθαι
2453 1870 2678 1923 ἀνεκτὸν
2722 1867 2956 1940 ἡγοῦντο
2991 1869 3137 1923 ,Ὅτι
3161 1868 3300 1921 δὲδι*
3324 1868 3612 1921 ἀσθένειαν

2028 1964 2137 2018 τῶν
2160 1963 2465 2034 δεχομένων
2495 1965 2529 2035 ὴ
2556 1962 2665 2015 τῶν
2690 1945 3011 2031 ἀσωμάτων
3049 1961 3186 2014 νὸων
3217 1960 3475 2030 διήγησις
3525 1958 3613 2028 τῷ

2030 2056 2230 2127 Θεὸπτῃ
2278 2055 2401 2110 κατ’
2456 2056 2633 2127 ἀρχὰς
2679 2054 3100 2125 παραλέληπται
3151 2052 3364 2117 Musei,
3424 2050 3609 2120 δῆλον,

2030 2147 2089 2214 ἐξ
2119 2141 2194 2201 ὧν
2220 2148 2312 2200 ἐπὶ
2337 2146 2481 2200 τέλει
2508 2150 2607 2218 τῆς
2635 2146 2799 2217 ἄλλης
2840 2144 3101 2217 ίστορίας,
3133 2145 3225 2198 καὶ
3256 2141 3365 2197 τῶν
3391 2142 3607 2195 πολλῶν

2030 2240 2202 2309 λόγων
2251 2241 2332 2303 είς
2363 2240 2585 2311 μνήμην
2642 2240 2821 2293 αὐτῶν
2852 2237 3145 2310 περιῆλθεν
3168 2276 3183 2300 ,
3239 2237 3289 2289 εἱ
3330 2235 3426 2288 καὶ
3463 2233 3605 2303 μηδὲ

2030 2332 2151 2386 τότε
2195 2332 2411 2401 γένεσιν
2444 2331 2702 2401 εἰσάγων,
2751 2330 2879 2387 ἀλλ’
2926 2327 3265 2400 εὐφροσύνην
3296 2327 3393 2397 μὲν
3440 2326 3610 2393 οὐρα-

2031 2423 2158 2489 νῶν,
2189 2420 2561 2494 προσκύνησιν
2595 2421 2653 2475 δὲ
2706 2420 2974 2488 ἀγγέλων,
3033 2438 3052 2470 ι
3102 2415 3614 2488 Ἐυφράνθητε,λέο

2030 2530 2164 2582 γων,
2216 2514 2458 2585 οὐρανοὶ,
2502 2513 2620 2584 ἅμα
2679 2512 2830 2583 αὑτῷ
2856 2550 2872 2577 ,
2926 2510 3023 2565 καὶ
3074 2508 3616 2580 προσκυνησάτωσαν

2031 2604 2179 2675 αὐτῷ
2210 2605 2410 2668 πάντες
2445 2604 2667 2673 ἄγγελοι
2695 2603 2852 2658 Θεοῦ.
2890 2601 2986 2656 ’⁸0
3023 2601 3204 2673 μέντοι
3229 2616 3293 2669 γε
3326 2597 3614 2668 θεοπάτωρ

2034 2695 2143 2766 (Μ)
2174 2696 2339 2749 Δασιδ
2364 2696 2534 2766 πυρός
2579 2713 2639 2749 τε
2673 2695 2851 2749 αὐτῶν
2879 2695 3100 2749 ἀνεῖπεν
3126 2692 3226 2763 τὴν
3277 2690 3489 2750 οὐσίαν.
3518 2690 3615 2743 καὶ

2032 2789 2359 2859 δημιουργὸν
2386 2790 2673 2860 ὑπάρχειν,
2693 2789 2753 2853 ὃς
2790 2788 2881 2842 καὶ
2903 2787 3002 2857 τῆς
3027 2786 3194 2856 ἄλλης
3224 2785 3345 2838 ἐστὶ
3384 2782 3619 2844 κτίσεως

2031 2878 2255 2950 ἁπάσης
2316 2880 2410 2933 καὶ
2443 2878 2863 2949 ἐπιγινώσκεται
2889 2876 3239 2949 δημιουργός.
3299 2874 3358 2927 ’0
3401 2872 3505 2942 μὲν
3525 2866 3623 2924 οὖν

2034 2971 2226 3043 καιρὸς
2262 2972 2391 3043 περὶ
2424 2970 2532 3024 τῶν
2556 2969 2803 3039 ἀγγέλων
2838 2967 3063 3022 τοιαῦτα
3113 2964 3387 3035 παρέσχεν
3416 2962 3617 3015 εἰπεῖν.

360 3051 562 3106 militer
578 3052 882 3121 David,.Dei
918 3057 1387 3127 pater,etigueam
1406 3071 1597 3111 eorum
1621 3058 1915 3112 essentiam
1930 3071 2347 3124 conunemorat,
2375 3072 2430 3117 et
2444 3062 2784 3117 conditorem
2803 3074 2992 3115 eorum
3018 3057 3252 3129 appellat
3273 3056 3341 3121 ⁸⁸,
3367 3056 3464 3127 qui
3496 3054 3625 3109 reli-

362 3135 593 3212 quarum
617 3161 804 3201 rerum
821 3150 1063 3203 omnium
1086 3158 1278 3203 auctor
1290 3148 1361 3204 sit
1389 3158 1444 3202 et
1465 3158 1816 3217 agnoscatur.
1851 3150 2029 3220 Atque
2062 3152 2175 3206 haac
2201 3154 2418 3222 quidem
2450 3156 2549 3206 hac
2586 3150 2881 3206 occasione
2903 3148 2972 3203 de
2989 3146 3198 3219 angelis
3225 3144 3418 3200 allerre
3448 3140 3622 3200 licuit.

435 3235 591 3300 Quod
624 3252 751 3293 vero
786 3240 851 3293 ad
884 3240 1015 3293 illud
1048 3241 1259 3295 dictum
1291 3250 1539 3312 spectat:
1576 3261 1595 3292 ι
1630 3240 1746 3297 lloc
1790 3242 1931 3296 enim

2113 3244 2188 3297 Τὸ
2215 3245 2323 3309 δὲ,‹
2361 3243 2531 3297 Τοῦτο
2559 3243 2669 3313 γὰρ
2696 3240 2885 3306 ποιῶν,
2917 3239 3196 3312 ἄνθρακας
3217 3237 3387 3308 πυρὸς
3417 3235 3626 3309 σωρεύ-

366 3327 598 3392 l’acicns,
631 3331 895 3385 carbones
925 3329 1066 3400 ignis
1100 3345 1363 3401 congeres
1393 3332 1447 3386 in
1482 3341 1650 3402 caput
1689 3332 1810 3401 ejus
1834 3333 1935 3398 ⁸³,ι

368 3421 510 3474 idem
547 3421 677 3476 illud
711 3432 796 3476 est
820 3438 885 3476 ac
918 3423 1229 3479 sidixeris:
1260 3423 1631 3480 Coacervabis
1650 3426 1942 3493 carbones,

367 3523 532 3582 caput
579 3514 700 3584 ejus
756 3518 1116 3585 depasccntes
1189 3526 1241 3572 et
1297 3530 1711 3575 consumentes.
1766 3518 1945 3575 Citius

367 3606 511 3659 cnim
559 3607 689 3661 illud
722 3620 1131 3677 consumerent,
1169 3611 1277 3665 nisi
1323 3621 1539 3665 mature
1588 3611 1709 3668 illos
1757 3612 1825 3665 ah
1878 3626 1946 3666 eo

368 3714 675 3761 removeas,
706 3710 761 3755 et
795 3716 825 3754 a
856 3711 1080 3770 repente
1113 3717 1179 3757 ac
1222 3712 1582 3758 consumente
1631 3704 1751 3758 labe
1813 3703 1945 3757 illud

370 3790 593 3845 liberes.
622 3790 814 3847 Nonne
872 3809 1022 3859 vero,
1057 3795 1132 3848 ita
1184 3796 1230 3849 si
1270 3795 1471 3863 egeris,
1531 3796 1773 3866 optimus
1819 3812 1948 3866 pro-

371 3883 505 3936 ximi
568 3884 658 3938 tibi
698 3885 943 3941 medicus
993 3887 1315 3943 videberis?
1352 3887 1409 3943 Si
1461 3888 1607 3943 enim
1671 3903 1861 3943 mensa
1894 3899 1948 3944 et

373 3977 625 4030 convictu
658 3976 830 4033 hostis
865 3988 993 4035 tuus
1015 3996 1043 4033 a
1079 3989 1130 4034 te
1162 3980 1490 4047 exripiatur,
1529 3981 1810 4049 quomodo
1835 3980 1948 4033 lieri

376 4078 579 4138 potest,
625 4078 707 4133 ut,
742 4071 788 4124 si
823 4087 929 4126 non
989 4073 1059 4127 ob
1110 4072 1238 4128 boni
1296 4074 1627 4143 virtutisque
1683 4072 1949 4137 studium,

376 4162 568 4216 saltem
632 4173 853 4234 propter
883 4206 899 4231 ,
952 4166 1176 4222 delicias
1237 4165 1438 4236 quibus
1482 4165 1623 4235 apud
1658 4175 1709 4220 te
1751 4164 1952 4219 l‘ruilur

377 4255 620 4308 animum
694 4271 853 4311 suum
907 4258 975 4313 ab
1043 4259 1325 4313 inimicitia
1398 4264 1653 4325 revocet,
1709 4257 1778 4311 ah
1857 4257 1952 4309 in—

375 4344 532 4400 sidiis
558 4361 685 4401 vero
718 4347 981 4405 faciendis
1023 4350 1315 4415 abstineat,
1374 4349 1686 4418 mentisque
1738 4347 1953 4403 sobrie-

380 4446 491 4493 tate
524 4449 762 4510 rcccpta,
788 4441 1038 4498 ﬂammas
1074 4452 1128 4497 et
1160 4442 1319 4506 iram,
1354 4458 1492 4513 quas
1523 4440 1817 4497 inimicitia
1855 4456 1953 4493 ex—

2045 3353 2159 3400 σεις
2181 3336 2273 3389 ἐπὶ
2302 3334 2399 3407 τὴν
2445 3335 2684 3406 κεφαλὴν
2714 3332 2905 3401 αὐτοῦ,
2948 3351 2969 3386 ι
3024 3332 3148 3386 ἀντὶ
3207 3330 3323 3397 τοῦ,
3374 3330 3627 3381 Ἐπισυνο

2044 3426 2191 3493 ἀξεις
2217 3426 2343 3489 τοὺς
2385 3424 2860 3497 κατανεμομὲνους
2884 3423 3048 3478 αὐτοῦ
3089 3423 3182 3476 καὶ
3208 3419 3627 3491 διαφθείροντας

2044 3521 2144 3587 τὴν
2170 3518 2411 3591 κεφαλὴν
2461 3518 2758 3590 ἄνθρακας.
2795 3516 2906 3571 Καὶ
2937 3515 3045 3586 γὰρ
3073 3513 3268 3569 Θᾶττον
3321 3512 3391 3565 ἂν
3448 3511 3627 3579 αὐτὴν

2047 3611 2446 3680 διεργάσαιντο,
2471 3611 2517 3661 εί
2546 3609 2622 3679 μὴ
2644 3607 2836 3661 Θᾶττον
2861 3606 3063 3668 αὐτοὺς
3088 3605 3152 3659 σὺ
3174 3603 3376 3672 ταύτης
3407 3603 3630 3655 ἀποσω-

2049 3703 2248 3776 ρεύσης
2292 3703 2384 3757 καὶ
2411 3700 2726 3772 ἀπαλλάξῃς
2755 3698 2849 3753 τοῦ
2878 3698 3140 3769 ἓρποντος
3174 3697 3269 3750 καὶ
3302 3692 3625 3749 κατεσθίον-

2045 3813 2137 3860 τος
2169 3795 2341 3865 αὐτὴν
2371 3794 2596 3857 πάθους.
2635 3792 2758 3856 Πῶς
2808 3789 2865 3844 δ’
2894 3790 2994 3844 οὐκ
3021 3790 3089 3843 ἂν
3138 3788 3363 3857 ὀφθείης
3408 3786 3631 3856 ἄριστος

2047 3890 2217 3952 οὓτως
2264 3890 2518 3960 πράττων
2540 3887 2634 3941 τοῦ
2676 3885 2904 3956 πλησίον
2949 3882 3130 3953 ἰατρός
3164 3878 3468 3951 ;Τραπέζῃ
3519 3876 3631 3945 γὰρ

2050 3981 2143 4035 καὶ
2197 3978 2484 4051 φιλοτησία
2522 3978 2673 4049 παρὰ
2724 3975 2818 4031 σοῦ
2870 3973 3215 4044 δεξιούμενος
3250 3973 3279 4025 ὁ
3329 3968 3543 4040 ἐχθρὸς,
3579 3971 3631 4021 εί

2053 4073 2149 4127 καὶ⁵
2195 4072 2271 4143 μὴ
2317 4071 2451 4131 διότι
2491 4068 2803 4140 φιλόκαλος,
2857 4067 2953 4120 καὶ
3000 4065 3099 4135 τῆς
3127 4063 3328 4135 ἀρετῆς
3374 4061 3631 4131 ἐραστὴς.

2050 4166 2163 4220 ἀλλ’
2185 4160 2279 4218 οὖν
2311 4180 2375 4232 γε
2398 4163 2486 4216 διὰ
2511 4162 2610 4231 τὴν
2639 4160 2957 4223 εὐπάθειαν,
2983 4152 3052 4229 ἦς
3074 4156 3224 4222 παρὰ
3252 4152 3347 4207 σοῦ
3372 4154 3473 4223 τὴν
3502 4153 3635 4206 ἀπό-

2049 4256 2241 4309 λαυσιν
2270 4254 2406 4325 ἔχει,
2442 4252 2560 4313 πῶς
2591 4253 2691 4306 οὐκ
2728 4250 2794 4305 ἂν
2848 4250 3112 4317 ἐκστῆναι
3158 4245 3258 4317 μὲν
3303 4244 3405 4315 τῆς
3434 4243 3635 4314 ἔχθρας

2052 4346 2308 4417 λογισμὸν
2337 4343 2618 4408 ἀναλάϐοι,
2654 4343 2911 4411 ἐκστῆναι
2937 4338 2995 4392 δὲ
3020 4334 3336 4402 διανασταίη
3370 4333 3476 4403 τῆς
3514 4334 3637 4383 ἐπι.

2055 4438 2404 4510 ϐουλῆςςκαὶ
2448 4433 2727 4505 ἀνανήψας
2778 4433 2908 4497 τοὺς
2939 4429 3235 4500 λογισμοὺς
3284 4426 3382 4480 καὶ
3429 4424 3532 4495 τὴν
3580 4425 3639 4477 ὲν

376 4532 664 4599 citaverat,
726 4535 777 4589 in
811 4537 1053 4606 placidos
1110 4546 1541 4606 mansuetosque
1599 4551 1781 4591 mores
1818 4550 1931 4589 con-

2057 4533 2240 4593 αὐτοῖς
2272 4528 2517 4598 πὺρωσίν
2555 4544 2615 4580 τε
2661 4526 2754 4579 καὶ
2808 4524 3139 4595 φλεγμονὴν,
3178 4521 3244 4592 ἦν
3280 4517 3637 4587 ἀνέφλεγενή

380 4634 577 4690 vertat,
616 4624 950 4695 atque‘adeo
973 4630 1177 4684 sensim
1208 4644 1276 4684 eo
1308 4627 1636 4690 adducatur,
1678 4636 1739 4681 ut
1767 4641 1931 4681 amari

2032 4622 2251 4695 ¹ἔχθρα,
2292 4621 2429 4693 πρὸς
2459 4619 2522 4673 τὸ
2570 4617 2932 4690 μαραίνεσθαι
2970 4615 3065 4668 καὶ
3105 4611 3443 4685 πραῦνεσθαι
3470 4624 3638 4679 μετα⁴

382 4720 557 4773 discat
584 4719 1010 4785 benefactore'm,
1068 4723 1308 4778 beneﬁca
1350 4731 1405 4777 et
1438 4721 1616 4775 amica
1665 4734 1834 4773 manu
1887 4732 1931 4773 ei

2063 4715 2261 4781 ϐαλὼν,
2290 4713 2431 4767 κατὰ
2462 4710 2657 4783 μικρὸν
2686 4709 2779 4762 ἐπὶ
2808 4707 2868 4761 τδ
2893 4704 3094 4760 ειδέναι
3136 4705 3230 4757 καὶ
3261 4701 3512 4771 στέργειν
3549 4697 3640 4751 τὸν

383 4827 541 4877 usus,
586 4822 645 4867 ut
692 4815 1042 4869 acerbitatem
1071 4831 1135 4871 ex
1158 4798 1295 4870 odio
1354 4824 1542 4870 natam
1586 4812 1821 4877 molliat,
1876 4810 1931 4866 si

2062 4808 2356 4878 εὐεργέτην
2396 4798 2835 4875 χειραγωγηθείη
2886 4798 2975 4852 διὰ
3019 4796 3120 4867 τῆς
3169 4793 3513 4866 εὐεργέτιδος
3547 4789 3641 4844 καὶ

382 4906 777 4975 multatemque
803 4906 1065 4963 adversus
1122 4906 1546 4972 bcnel‘actorem,
1586 4920 1709 4975 qua!
1757 4914 1812 4958 et
1844 4901 1931 4956 aui

2065 4897 2490 4971 φιλοφρονούσης
2518 4894 2698 4961 δεξιᾶς
2728 4895 2911 4945 πᾶσαν
2944 4890 3042 4961 τὴν
3072 4887 3166 4941 τοῦ
3199 4888 3397 4991 μίσους⁸
3424 4883 3642 4991 διαγλυῖ

388 5011 538 5049 mum
570 4995 713 5065 ejus,
744 5006 797 5051 et
823 5014 1044 5069 corpus,
1070 5008 1126 5053 et
1165 5007 1329 5069 caput
1376 4996 1645 5068 depascit,
1703 4995 1756 5050 in
1789 4994 1931 5064 pudo

2067 4992 2239 5055 κάνας
2296 4988 2544 5062 πικρίαν,
2582 4988 2676 5041 καί¹
2712 4986 2813 5057 τὴν
2856 4983 3054 5054 ψυχὴν,
3087 4982 3183 5034 καὶ
3222 4979 3286 5034 τὸ
3329 4976 3509 5049 σῶμα,
3545 4975 3638 5029 καὶ

456 5110 508 5140 ⁸ο
534 5108 724 5165 Matth.
767 5129 925 5180 xxiii,
957 5113 1011 5170 8.
1086 5114 1130 5146 ⁸⁸
1174 5114 1333 5170 Deut.
1371 5128 1547 5177 xxxn,
1573 5111 1661 5167 45.
1741 5110 1785 5142 ¹¹
1814 5109 1931 5166 Psal

2032 5124 2098 5171 Iv,
2130 5110 2183 5163 4.
2262 5110 2423 5165 Rom.
2448 5121 2544 5172 xu,
2574 5103 2666 5158 ιο.

1903 5227 2135 5285 NOTAE.

464 5348 577 5417 με)
603 5348 755 5403 Colh.
786 5362 887 5417 pro
923 5349 1034 5410 τοῖς
1060 5345 1263 5413 νόμοις.
1420 5413 1442 5417 _
1889 5415 1898 5417 _

2076 5342 2169 5395 νοῦ
2201 5342 2376 5417 magis
2409 5336 2685 5417 videretur
2704 5328 3144 5417 accommpdat‘a.
3167 5397 3179 5408 ο

471 5392 762 5490 ii?)
789 5392 1469 5490 Eiiii:31§ﬁﬁ§_"5ipayoa,
1524 5429 1648 5490 quae
1695 5415 1931 5490 posteris

2426 5408 2673 5490 [Elogium
2704 5402 2891 5457 Davidi
2922 5397 3331 5490 O‘iquIi‘l‘iSllil‘lll

399 5467 603 5545 vnit-cli:
622 5467 1297 5557 ἰῗόιὶῖρὲὶιῖιῑό’έεέιῑιὶίοὲιιὲ
1323 5467 1492 5557 favori,
1526 5467 1576 5538 ίὶι
1606 5467 1726 5557 ξεί,
1756 5483 1973 5557 ἀνορῲο
2079 5467 2296 5557 ποίη-ἐχ
2328 5467 2677 5557 [οηιὶιίίῖοῇιιε
2707 5483 2913 5557 natum,
2940 5467 3644 5557 itribuitucruitihrxsostomo

365 5596 371 5603 -
405 5580 530 5619 mu.
565 5571 687 5614 nata
717 5537 824 5624 es't,
852 5560 918 5614 ad
950 5537 1125 5628 quamr
1153 5574 1312 5613 voces
1337 5555 1443 5627 πρὸ
1480 5537 1587 5628 ’τῆς
1632 5555 1685 5608 ἰιι
1714 5537 1931 5628 ’λποιτῖτὴ

2078 5565 2131 5610 ct
2161 5537 2302 5617 aliis,
2348 5537 2761 5620 quorum'locos
2791 5542 2960 5598 habes
2994 5538 3137 5609 apud
3172 5537 3483 5592 Suiccrum.

398 5640 610 5688 mutata
646 5632 764 5688 ideo
792 5648 822 5687 a
856 5626 1081 5686 librario
1136 5626 1389 5698 videtur,
1417 5626 1562 5698 quod
1626 5626 1743 5681 voci
1801 5626 1967 5697 οὐρα-
