  <div class='ocr_page' id='page_1' title='image "/cluster/home/n/w/nwhite01/storage/ocr_20150623/101/hvd.32044018872879/276.png"; bbox 0 0 3884 6202; ppageno 0'>
   <div class='ocr_carea' id='block_1_1' title="bbox 257 245 373 309">
    <p class='ocr_par' dir='ltr' id='par_1_1' title="bbox 257 245 373 309">
     <span class='ocr_line' id='line_1_1' title="bbox 257 245 373 309; baseline 0 0"><span class='ocrx_word' id='word_1_1' title='bbox 257 245 373 309; x_wconf 76' lang='lat'><strong>505</strong></span> 
     </span>
    </p>
   </div>
   <div class='ocr_carea' id='block_1_2' title="bbox 1127 192 2500 328">
    <p class='ocr_par' dir='ltr' id='par_1_2' title="bbox 1127 192 2500 328">
     <span class='ocr_line' id='line_1_2' title="bbox 1127 192 2500 328; baseline 0.004 -31"><span class='ocrx_word' id='word_1_2' title='bbox 1127 239 1226 298; x_wconf 86' lang='lat' dir='ltr'><strong>AD</strong></span> <span class='ocrx_word' id='word_1_3' title='bbox 1250 237 1844 300; x_wconf 79' lang='lat' dir='ltr'><strong>AMPHILOCHIUM</strong></span> <span class='ocrx_word' id='word_1_4' title='bbox 1886 192 2235 328; x_wconf 73' lang='lat' dir='ltr'><strong>QlJ/ESTIQ</strong></span> <span class='ocrx_word' id='word_1_5' title='bbox 2267 242 2500 303; x_wconf 82' lang='lat' dir='ltr'><strong>LXXX.</strong></span> 
     </span>
    </p>
   </div>
   <div class='ocr_carea' id='block_1_3' title="bbox 3408 249 3515 314">
    <p class='ocr_par' dir='ltr' id='par_1_3' title="bbox 3408 249 3515 314">
     <span class='ocr_line' id='line_1_3' title="bbox 3408 249 3515 314; baseline 0.019 -3"><span class='ocrx_word' id='word_1_6' title='bbox 3408 249 3515 314; x_wconf 86' lang='lat'><strong>506</strong></span> 
     </span>
    </p>
   </div>
   <div class='ocr_carea' id='block_1_4' title="bbox 255 352 1836 430">
    <p class='ocr_par' dir='ltr' id='par_1_4' title="bbox 255 352 1835 430">
     <span class='ocr_line' id='line_1_4' title="bbox 255 352 1835 430; baseline -0.004 -16"><span class='ocrx_word' id='word_1_7' title='bbox 255 364 363 430; x_wconf 79' lang='grc' dir='ltr'><strong>τὴν</strong></span> <span class='ocrx_word' id='word_1_8' title='bbox 412 355 654 428; x_wconf 71' lang='grc' dir='ltr'><strong>κεφαλήν</strong></span> <span class='ocrx_word' id='word_1_9' title='bbox 696 354 835 409; x_wconf 65' lang='grc' dir='ltr'><strong>κατὶ</strong></span> <span class='ocrx_word' id='word_1_10' title='bbox 878 355 975 408; x_wconf 83' lang='grc' dir='ltr'><strong>τοῦ</strong></span> <span class='ocrx_word' id='word_1_11' title='bbox 1030 352 1319 422; x_wconf 76' lang='grc' dir='ltr'><strong>εὐεργέτου</strong></span> <span class='ocrx_word' id='word_1_12' title='bbox 1380 353 1708 425; x_wconf 80' lang='grc' dir='ltr'><strong>δυσμένειαν</strong></span> <span class='ocrx_word' id='word_1_13' title='bbox 1753 357 1835 418; x_wconf 87' lang='grc' dir='ltr'><strong>εἰς</strong></span> 
     </span>
    </p>
   </div>
   <div class='ocr_carea' id='block_1_5' title="bbox 1938 352 3511 430">
    <p class='ocr_par' dir='ltr' id='par_1_5' title="bbox 1938 354 3511 426">
     <span class='ocr_line' id='line_1_5' title="bbox 1938 354 3511 426; baseline 0.006 -17"><span class='ocrx_word' id='word_1_14' title='bbox 1938 370 2051 410; x_wconf 90' lang='lat' dir='ltr'><strong>rem</strong></span> <span class='ocrx_word' id='word_1_15' title='bbox 2083 354 2383 426; x_wconf 82' lang='lat' dir='ltr'><strong>quemdam</strong></span> <span class='ocrx_word' id='word_1_16' title='bbox 2415 366 2469 409; x_wconf 88' lang='lat' dir='ltr'><strong>et</strong></span> <span class='ocrx_word' id='word_1_17' title='bbox 2507 371 2748 411; x_wconf 89' lang='lat' dir='ltr'><strong>amorem</strong></span> <span class='ocrx_word' id='word_1_18' title='bbox 2777 364 3061 413; x_wconf 86' lang='lat' dir='ltr'><strong>convertat</strong></span> <span class='ocrx_word' id='word_1_19' title='bbox 3087 358 3111 412; x_wconf 91' lang='lat'><strong>?</strong></span> <span class='ocrx_word' id='word_1_20' title='bbox 3165 358 3321 425; x_wconf 82' lang='lat' dir='ltr'><strong>Quod</strong></span> <span class='ocrx_word' id='word_1_21' title='bbox 3347 361 3396 417; x_wconf 89' lang='lat' dir='ltr'><strong>si</strong></span> <span class='ocrx_word' id='word_1_22' title='bbox 3425 371 3511 418; x_wconf 84' lang='lat' dir='ltr'><strong>ta-</strong></span> 
     </span>
    </p>
   </div>
   <div class='ocr_carea' id='block_1_6' title="bbox 256 445 1834 518">
    <p class='ocr_par' dir='ltr' id='par_1_6' title="bbox 256 445 1834 518">
     <span class='ocr_line' id='line_1_6' title="bbox 256 445 1834 518; baseline -0.003 -13"><span class='ocrx_word' id='word_1_23' title='bbox 256 450 397 505; x_wconf 82' lang='grc' dir='ltr'><strong>αἱδὼ</strong></span> <span class='ocrx_word' id='word_1_24' title='bbox 438 448 826 518; x_wconf 63' lang='grc' dir='ltr'><strong>διαλυσάμενος</strong></span> <span class='ocrx_word' id='word_1_25' title='bbox 851 446 946 499; x_wconf 73' lang='grc' dir='ltr'><strong>καὶ</strong></span> <span class='ocrx_word' id='word_1_26' title='bbox 971 446 1239 516; x_wconf 85' lang='grc' dir='ltr'><strong>στοργήν;</strong></span> <span class='ocrx_word' id='word_1_27' title='bbox 1272 447 1333 498; x_wconf 82' lang='grc' dir='ltr'><strong>Εἰ</strong></span> <span class='ocrx_word' id='word_1_28' title='bbox 1355 445 1413 500; x_wconf 82' lang='grc' dir='ltr'><strong>δέ</strong></span> <span class='ocrx_word' id='word_1_29' title='bbox 1443 463 1507 514; x_wconf 83' lang='grc' dir='ltr'><strong>γε</strong></span> <span class='ocrx_word' id='word_1_30' title='bbox 1551 446 1689 517; x_wconf 78' lang='grc' dir='ltr'><strong>μετὰ</strong></span> <span class='ocrx_word' id='word_1_31' title='bbox 1735 447 1834 518; x_wconf 80' lang='grc' dir='ltr'><strong>τὴν</strong></span> 
     </span>
    </p>
   </div>
   <div class='ocr_carea' id='block_1_7' title="bbox 254 531 1833 610">
    <p class='ocr_par' dir='ltr' id='par_1_7' title="bbox 254 531 1833 610">
     <span class='ocr_line' id='line_1_7' title="bbox 254 531 1833 610; baseline -0.011 -14"><span class='ocrx_word' id='word_1_32' title='bbox 254 540 529 610; x_wconf 73' lang='grc' dir='ltr'><strong>τοσαύτην</strong></span> <span class='ocrx_word' id='word_1_33' title='bbox 555 536 894 608; x_wconf 88' lang='grc' dir='ltr'><strong>εὐεργεσίαν,</strong></span> <span class='ocrx_word' id='word_1_34' title='bbox 922 535 988 587; x_wconf 80' lang='grc' dir='ltr'><strong>δι’</strong></span> <span class='ocrx_word' id='word_1_35' title='bbox 1018 531 1087 608; x_wconf 81' lang='grc' dir='ltr'><strong>ἦς</strong></span> <span class='ocrx_word' id='word_1_36' title='bbox 1125 534 1188 587; x_wconf 83' lang='grc' dir='ltr'><strong>τὸ</strong></span> <span class='ocrx_word' id='word_1_37' title='bbox 1208 535 1305 603; x_wconf 85' lang='grc' dir='ltr'><strong>τῆς</strong></span> <span class='ocrx_word' id='word_1_38' title='bbox 1330 535 1665 606; x_wconf 83' lang='grc' dir='ltr'><strong>ἀγαθότητος</strong></span> <span class='ocrx_word' id='word_1_39' title='bbox 1693 536 1833 602; x_wconf 57' lang='lat' dir='ltr'><strong>lg“.</strong></span> 
     </span>
    </p>
   </div>
   <div class='ocr_carea' id='block_1_8' title="bbox 256 623 1835 697">
    <p class='ocr_par' dir='ltr' id='par_1_8' title="bbox 256 623 1835 697">
     <span class='ocr_line' id='line_1_8' title="bbox 256 623 1835 697; baseline -0.007 -10"><span class='ocrx_word' id='word_1_40' title='bbox 256 632 535 696; x_wconf 78' lang='grc' dir='ltr'><strong>κονίζεται</strong></span> <span class='ocrx_word' id='word_1_41' title='bbox 564 626 781 691; x_wconf 79' lang='grc' dir='ltr'>κάλλος,</span> <span class='ocrx_word' id='word_1_42' title='bbox 804 625 955 679; x_wconf 88' lang='grc' dir='ltr'><strong>οὐδὲν</strong></span> <span class='ocrx_word' id='word_1_43' title='bbox 977 626 1113 697; x_wconf 79' lang='grc' dir='ltr'><strong>πρὸς</strong></span> <span class='ocrx_word' id='word_1_44' title='bbox 1150 625 1214 678; x_wconf 82' lang='grc' dir='ltr'><strong>τὸ</strong></span> <span class='ocrx_word' id='word_1_45' title='bbox 1246 623 1476 695; x_wconf 84' lang='grc' dir='ltr'>βέλτιον,</span> <span class='ocrx_word' id='word_1_46' title='bbox 1502 624 1531 675; x_wconf 83' lang='grc' dir='ltr'>ὁ</span> <span class='ocrx_word' id='word_1_47' title='bbox 1557 624 1636 695; x_wconf 82' lang='grc' dir='ltr'><strong>τῷ</strong></span> <span class='ocrx_word' id='word_1_48' title='bbox 1656 624 1835 693; x_wconf 79' lang='grc' dir='ltr'>φθόνῳ</span> 
     </span>
    </p>
   </div>
   <div class='ocr_carea' id='block_1_9' title="bbox 256 716 1835 792">
    <p class='ocr_par' dir='ltr' id='par_1_9' title="bbox 256 716 1835 792">
     <span class='ocr_line' id='line_1_9' title="bbox 256 716 1835 792; baseline -0.008 -12"><span class='ocrx_word' id='word_1_49' title='bbox 256 725 357 779; x_wconf 81' lang='grc' dir='ltr'><strong>τοῦ</strong></span> <span class='ocrx_word' id='word_1_50' title='bbox 401 723 625 792; x_wconf 77' lang='grc' dir='ltr'><strong>πλησίον</strong></span> <span class='ocrx_word' id='word_1_51' title='bbox 661 719 757 773; x_wconf 82' lang='grc' dir='ltr'><strong>καὶ</strong></span> <span class='ocrx_word' id='word_1_52' title='bbox 779 718 857 788; x_wconf 86' lang='grc' dir='ltr'><strong>τῷ</strong></span> <span class='ocrx_word' id='word_1_53' title='bbox 888 718 1036 788; x_wconf 85' lang='grc' dir='ltr'><strong>μίσει</strong></span> <span class='ocrx_word' id='word_1_54' title='bbox 1066 718 1294 787; x_wconf 74' lang='grc' dir='ltr'><strong>κάτοχος</strong></span> <span class='ocrx_word' id='word_1_55' title='bbox 1314 754 1330 780; x_wconf 86' lang='grc'><strong>,</strong></span> <span class='ocrx_word' id='word_1_56' title='bbox 1357 716 1479 770; x_wconf 80' lang='grc' dir='ltr'><strong>οὐδὲ</strong></span> <span class='ocrx_word' id='word_1_57' title='bbox 1502 717 1640 788; x_wconf 82' lang='grc' dir='ltr'><strong>πρὸς</strong></span> <span class='ocrx_word' id='word_1_58' title='bbox 1667 734 1835 787; x_wconf 80' lang='grc' dir='ltr'><strong>μετα-</strong></span> 
     </span>
    </p>
   </div>
   <div class='ocr_carea' id='block_1_10' title="bbox 257 807 1835 888">
    <p class='ocr_par' dir='ltr' id='par_1_10' title="bbox 257 807 1835 888">
     <span class='ocr_line' id='line_1_10' title="bbox 257 807 1835 888; baseline -0.005 -18"><span class='ocrx_word' id='word_1_59' title='bbox 257 817 425 888; x_wconf 73' lang='grc' dir='ltr'>ϐολὴν</span> <span class='ocrx_word' id='word_1_60' title='bbox 449 817 543 868; x_wconf 80' lang='grc' dir='ltr'><strong>καὶ</strong></span> <span class='ocrx_word' id='word_1_61' title='bbox 577 811 862 884; x_wconf 77' lang='grc' dir='ltr'><strong>διόρθωσιν</strong></span> <span class='ocrx_word' id='word_1_62' title='bbox 889 808 1177 878; x_wconf 71' lang='grc' dir='ltr'><strong>ἑπιὸλέψαι</strong></span> <span class='ocrx_word' id='word_1_63' title='bbox 1220 807 1484 878; x_wconf 85' lang='grc' dir='ltr'><strong>βούλοιτο,</strong></span> <span class='ocrx_word' id='word_1_64' title='bbox 1523 808 1711 880; x_wconf 78' lang='grc' dir='ltr'><strong>θηρίον</strong></span> <span class='ocrx_word' id='word_1_65' title='bbox 1735 808 1835 879; x_wconf 78' lang='grc' dir='ltr'><strong>μὲν</strong></span> 
     </span>
    </p>
   </div>
   <div class='ocr_carea' id='block_1_11' title="bbox 257 900 1836 970">
    <p class='ocr_par' dir='ltr' id='par_1_11' title="bbox 257 900 1836 970">
     <span class='ocr_line' id='line_1_11' title="bbox 257 900 1836 970; baseline -0.004 -8"><span class='ocrx_word' id='word_1_66' title='bbox 257 910 330 963; x_wconf 80' lang='grc' dir='ltr'><strong>ἂν</strong></span> <span class='ocrx_word' id='word_1_67' title='bbox 360 911 390 961; x_wconf 87' lang='grc' dir='ltr'><strong>ὁ</strong></span> <span class='ocrx_word' id='word_1_68' title='bbox 409 904 649 967; x_wconf 89' lang='grc' dir='ltr'><strong>τοιοῦτος</strong></span> <span class='ocrx_word' id='word_1_69' title='bbox 675 902 771 956; x_wconf 67' lang='grc' dir='ltr'><strong>κα¹ι</strong></span> <span class='ocrx_word' id='word_1_70' title='bbox 791 902 891 954; x_wconf 90' lang='grc' dir='ltr'><strong>οὐκ</strong></span> <span class='ocrx_word' id='word_1_71' title='bbox 927 900 1212 969; x_wconf 72' lang='grc' dir='ltr'><strong>ἄνθρωπος</strong></span> <span class='ocrx_word' id='word_1_72' title='bbox 1233 900 1343 970; x_wconf 74' lang='grc' dir='ltr'>εἴη,</span> <span class='ocrx_word' id='word_1_73' title='bbox 1390 901 1487 954; x_wconf 73' lang='grc' dir='ltr'><strong>καὶ</strong></span> <span class='ocrx_word' id='word_1_74' title='bbox 1520 901 1748 956; x_wconf 87' lang='grc' dir='ltr'><strong>σπάνιον</strong></span> <span class='ocrx_word' id='word_1_75' title='bbox 1777 903 1836 955; x_wconf 81' lang='grc' dir='ltr'><strong>ἐν</strong></span> 
     </span>
    </p>
   </div>
   <div class='ocr_carea' id='block_1_12' title="bbox 258 989 1835 1071">
    <p class='ocr_par' dir='ltr' id='par_1_12' title="bbox 258 989 1835 1071">
     <span class='ocr_line' id='line_1_12' title="bbox 258 989 1835 1071; baseline -0.006 -18"><span class='ocrx_word' id='word_1_76' title='bbox 258 997 579 1071; x_wconf 75' lang='grc' dir='ltr'><strong>ἀνθρωπίνη</strong></span> <span class='ocrx_word' id='word_1_77' title='bbox 604 993 764 1065; x_wconf 81' lang='grc' dir='ltr'><strong>φύσει</strong></span> <span class='ocrx_word' id='word_1_78' title='bbox 786 993 846 1046; x_wconf 85' lang='grc' dir='ltr'><strong>τὸ</strong></span> <span class='ocrx_word' id='word_1_79' title='bbox 872 993 1109 1045; x_wconf 84' lang='grc' dir='ltr'><strong>τοιοῦτον</strong></span> <span class='ocrx_word' id='word_1_80' title='bbox 1141 990 1330 1045; x_wconf 84' lang='grc' dir='ltr'><strong>κακόν.</strong></span> <span class='ocrx_word' id='word_1_81' title='bbox 1365 990 1438 1044; x_wconf 79' lang='grc' dir='ltr'><strong>Σὺ</strong></span> <span class='ocrx_word' id='word_1_82' title='bbox 1468 989 1524 1043; x_wconf 79' lang='grc' dir='ltr'><strong>δὲ</strong></span> <span class='ocrx_word' id='word_1_83' title='bbox 1554 990 1705 1043; x_wconf 86' lang='grc' dir='ltr'><strong>οὐδὲν</strong></span> <span class='ocrx_word' id='word_1_84' title='bbox 1736 990 1835 1059; x_wconf 85' lang='grc' dir='ltr'><strong>μὲν</strong></span> 
     </span>
    </p>
   </div>
   <div class='ocr_carea' id='block_1_13' title="bbox 256 1084 1835 1167">
    <p class='ocr_par' dir='ltr' id='par_1_13' title="bbox 256 1084 1835 1167">
     <span class='ocr_line' id='line_1_13' title="bbox 256 1084 1835 1167; baseline -0.005 -20"><span class='ocrx_word' id='word_1_85' title='bbox 256 1091 424 1167; x_wconf 76' lang='grc' dir='ltr'><strong>ἦττον</strong></span> <span class='ocrx_word' id='word_1_86' title='bbox 449 1092 570 1145; x_wconf 77' lang='grc' dir='ltr'><strong>οὐδὲ</strong></span> <span class='ocrx_word' id='word_1_87' title='bbox 603 1089 717 1159; x_wconf 70' lang='grc'>(45)</span> <span class='ocrx_word' id='word_1_88' title='bbox 751 1087 895 1158; x_wconf 81' lang='grc' dir='ltr'><strong>μετὰ</strong></span> <span class='ocrx_word' id='word_1_89' title='bbox 921 1086 1022 1157; x_wconf 82' lang='grc' dir='ltr'><strong>τὴν</strong></span> <span class='ocrx_word' id='word_1_90' title='bbox 1062 1085 1333 1157; x_wconf 77' lang='grc' dir='ltr'><strong>τοσαύτην</strong></span> <span class='ocrx_word' id='word_1_91' title='bbox 1380 1085 1661 1151; x_wconf 79' lang='grc' dir='ltr'><strong>ἀπόνοιαν,</strong></span> <span class='ocrx_word' id='word_1_92' title='bbox 1702 1084 1835 1139; x_wconf 76' lang='grc' dir='ltr'>ἀλλὰ</span> 
     </span>
    </p>
   </div>
   <div class='ocr_carea' id='block_1_14' title="bbox 258 1176 1835 1256">
    <p class='ocr_par' dir='ltr' id='par_1_14' title="bbox 258 1176 1835 1256">
     <span class='ocr_line' id='line_1_14' title="bbox 258 1176 1835 1256; baseline -0.006 -15"><span class='ocrx_word' id='word_1_93' title='bbox 258 1190 358 1241; x_wconf 68' lang='grc' dir='ltr'><strong>καὶ</strong></span> <span class='ocrx_word' id='word_1_94' title='bbox 389 1183 587 1256; x_wconf 80' lang='grc' dir='ltr'>μᾶλλον</span> <span class='ocrx_word' id='word_1_95' title='bbox 616 1181 741 1244; x_wconf 77' lang='grc' dir='ltr'><strong>τοὺς</strong></span> <span class='ocrx_word' id='word_1_96' title='bbox 772 1176 1250 1248; x_wconf 75' lang='grc' dir='ltr'><strong>κατανεμομένους</strong></span> <span class='ocrx_word' id='word_1_97' title='bbox 1273 1177 1440 1232; x_wconf 90' lang='grc' dir='ltr'><strong>αὐτοῦ</strong></span> <span class='ocrx_word' id='word_1_98' title='bbox 1469 1177 1567 1250; x_wconf 77' lang='grc' dir='ltr'><strong>τὴν</strong></span> <span class='ocrx_word' id='word_1_99' title='bbox 1592 1178 1835 1250; x_wconf 83' lang='grc' dir='ltr'><strong>κεφαλὴν</strong></span> 
     </span>
    </p>
   </div>
   <div class='ocr_carea' id='block_1_15' title="bbox 256 1269 1835 1350">
    <p class='ocr_par' dir='ltr' id='par_1_15' title="bbox 256 1269 1835 1350">
     <span class='ocr_line' id='line_1_15' title="bbox 256 1269 1835 1350; baseline -0.008 -15"><span class='ocrx_word' id='word_1_100' title='bbox 256 1280 536 1350; x_wconf 71' lang='grc' dir='ltr'><strong>ἄνθρακας</strong></span> <span class='ocrx_word' id='word_1_101' title='bbox 560 1277 695 1347; x_wconf 77' lang='grc' dir='ltr'><strong>τῇγε</strong></span> <span class='ocrx_word' id='word_1_102' title='bbox 730 1275 797 1343; x_wconf 75' lang='grc' dir='ltr'>σῇ</span> <span class='ocrx_word' id='word_1_103' title='bbox 819 1272 1045 1343; x_wconf 83' lang='grc' dir='ltr'>προνοίᾳ</span> <span class='ocrx_word' id='word_1_104' title='bbox 1074 1271 1348 1342; x_wconf 84' lang='grc' dir='ltr'><strong>σωρεύων,</strong></span> <span class='ocrx_word' id='word_1_105' title='bbox 1377 1271 1476 1340; x_wconf 77' lang='grc' dir='ltr'><strong>τὴν</strong></span> <span class='ocrx_word' id='word_1_106' title='bbox 1502 1269 1835 1341; x_wconf 75' lang='grc' dir='ltr'><strong>Δεσποτικὴν</strong></span> 
     </span>
    </p>
   </div>
   <div class='ocr_carea' id='block_1_16' title="bbox 256 1357 1834 1442">
    <p class='ocr_par' dir='ltr' id='par_1_16' title="bbox 256 1357 1834 1442">
     <span class='ocr_line' id='line_1_16' title="bbox 256 1357 1834 1442; baseline -0.006 -15"><span class='ocrx_word' id='word_1_107' title='bbox 256 1357 471 1442; x_wconf 71' lang='grc' dir='ltr'><strong>ἂνέἴης</strong></span> <span class='ocrx_word' id='word_1_108' title='bbox 504 1370 736 1441; x_wconf 81' lang='grc' dir='ltr'><strong>μίμησιν</strong></span> <span class='ocrx_word' id='word_1_109' title='bbox 777 1370 899 1429; x_wconf 85' lang='grc' dir='ltr'><strong>ταῖς</strong></span> <span class='ocrx_word' id='word_1_110' title='bbox 934 1365 1276 1436; x_wconf 79' lang='grc' dir='ltr'><strong>εὐεργεσίαις</strong></span> <span class='ocrx_word' id='word_1_111' title='bbox 1310 1364 1663 1437; x_wconf 84' lang='grc' dir='ltr'><strong>ἀναπληρῶν.</strong></span> <span class='ocrx_word' id='word_1_112' title='bbox 1688 1365 1834 1418; x_wconf 79' lang='grc' dir='ltr'><strong>ἐκεῖ·</strong></span> 
     </span>
    </p>
   </div>
   <div class='ocr_carea' id='block_1_17' title="bbox 257 1454 1835 1528">
    <p class='ocr_par' dir='ltr' id='par_1_17' title="bbox 257 1454 1835 1528">
     <span class='ocr_line' id='line_1_17' title="bbox 257 1454 1835 1528; baseline -0.004 -10"><span class='ocrx_word' id='word_1_113' title='bbox 257 1482 351 1527; x_wconf 79' lang='grc' dir='ltr'><strong>νος</strong></span> <span class='ocrx_word' id='word_1_114' title='bbox 382 1463 426 1517; x_wconf 83' lang='grc' dir='ltr'><strong>δ’</strong></span> <span class='ocrx_word' id='word_1_115' title='bbox 471 1459 635 1515; x_wconf 87' lang='grc' dir='ltr'><strong>αὐτοῦ</strong></span> <span class='ocrx_word' id='word_1_116' title='bbox 673 1459 735 1511; x_wconf 79' lang='grc' dir='ltr'><strong>τὸ</strong></span> <span class='ocrx_word' id='word_1_117' title='bbox 778 1458 1083 1528; x_wconf 80' lang='grc' dir='ltr'><strong>ἁμάρτημα</strong></span> <span class='ocrx_word' id='word_1_118' title='bbox 1132 1456 1316 1527; x_wconf 86' lang='grc' dir='ltr'>πάσης</span> <span class='ocrx_word' id='word_1_119' title='bbox 1366 1454 1479 1527; x_wconf 73' lang='grc'><strong>(46)</strong></span> <span class='ocrx_word' id='word_1_120' title='bbox 1511 1455 1712 1520; x_wconf 79' lang='grc' dir='ltr'><strong>ἀθλίως</strong></span> <span class='ocrx_word' id='word_1_121' title='bbox 1740 1457 1835 1511; x_wconf 70' lang='grc' dir='ltr'><strong>ἐπὶ</strong></span> 
     </span>
    </p>
   </div>
   <div class='ocr_carea' id='block_1_18' title="bbox 259 1546 1832 1623">
    <p class='ocr_par' dir='ltr' id='par_1_18' title="bbox 259 1546 1832 1623">
     <span class='ocr_line' id='line_1_18' title="bbox 259 1546 1832 1623; baseline -0.005 -14"><span class='ocrx_word' id='word_1_122' title='bbox 259 1555 425 1609; x_wconf 79' lang='grc' dir='ltr'>πλέον</span> <span class='ocrx_word' id='word_1_123' title='bbox 462 1553 651 1623; x_wconf 83' lang='grc' dir='ltr'><strong>ὥσπερ</strong></span> <span class='ocrx_word' id='word_1_124' title='bbox 672 1548 988 1622; x_wconf 75' lang='grc' dir='ltr'><strong>εὐεργεσίας</strong></span> <span class='ocrx_word' id='word_1_125' title='bbox 1019 1547 1161 1602; x_wconf 78' lang='grc' dir='ltr'><strong>οὕτω</strong></span> <span class='ocrx_word' id='word_1_126' title='bbox 1189 1548 1284 1602; x_wconf 71' lang='grc' dir='ltr'><strong>καὶ</strong></span> <span class='ocrx_word' id='word_1_127' title='bbox 1308 1546 1639 1621; x_wconf 77' lang='grc' dir='ltr'><strong>συγγνώμης</strong></span> <span class='ocrx_word' id='word_1_128' title='bbox 1664 1548 1832 1613; x_wconf 79' lang='grc' dir='ltr'><strong>ἔδειξε</strong></span> 
     </span>
    </p>
   </div>
   <div class='ocr_carea' id='block_1_19' title="bbox 259 1640 1836 1716">
    <p class='ocr_par' dir='ltr' id='par_1_19' title="bbox 259 1640 1836 1716">
     <span class='ocr_line' id='line_1_19' title="bbox 259 1640 1836 1716; baseline -0.006 -14"><span class='ocrx_word' id='word_1_129' title='bbox 259 1646 651 1716; x_wconf 79' lang='grc' dir='ltr'><strong>δυνατώτερον.</strong></span> <span class='ocrx_word' id='word_1_130' title='bbox 709 1644 772 1697; x_wconf 87' lang='grc' dir='ltr'><strong>Εί</strong></span> <span class='ocrx_word' id='word_1_131' title='bbox 821 1641 878 1694; x_wconf 76' lang='grc' dir='ltr'><strong>δέ</strong></span> <span class='ocrx_word' id='word_1_132' title='bbox 921 1658 1006 1705; x_wconf 88' lang='grc' dir='ltr'><strong>τις</strong></span> <span class='ocrx_word' id='word_1_133' title='bbox 1052 1641 1113 1694; x_wconf 87' lang='grc' dir='ltr'><strong>τό</strong></span> <span class='ocrx_word' id='word_1_134' title='bbox 1148 1658 1163 1672; x_wconf 75' lang='grc' dir='ltr'><strong>ο</strong></span> <span class='ocrx_word' id='word_1_135' title='bbox 1194 1657 1215 1693; x_wconf 79' lang='grc' dir='ltr'><strong>ι</strong></span> <span class='ocrx_word' id='word_1_136' title='bbox 1268 1640 1583 1712; x_wconf 82' lang='grc' dir='ltr'><strong>’Δνθρακας</strong></span> <span class='ocrx_word' id='word_1_137' title='bbox 1664 1642 1836 1711; x_wconf 72' lang='grc' dir='ltr'><strong>πυρὸς</strong></span> 
     </span>
    </p>
   </div>
   <div class='ocr_carea' id='block_1_20' title="bbox 1943 446 3515 523">
    <p class='ocr_par' dir='ltr' id='par_1_20' title="bbox 1943 446 3515 523">
     <span class='ocr_line' id='line_1_20' title="bbox 1943 446 3515 523; baseline 0.005 -24"><span class='ocrx_word' id='word_1_138' title='bbox 1943 461 2064 499; x_wconf 81' lang='lat' dir='ltr'><strong>Inen</strong></span> <span class='ocrx_word' id='word_1_139' title='bbox 2088 457 2213 515; x_wconf 89' lang='lat' dir='ltr'><strong>post</strong></span> <span class='ocrx_word' id='word_1_140' title='bbox 2236 454 2442 500; x_wconf 89' lang='lat' dir='ltr'><strong>tantam</strong></span> <span class='ocrx_word' id='word_1_141' title='bbox 2474 446 2911 515; x_wconf 81' lang='lat' dir='ltr'><strong>beneﬁcentiam,</strong></span> <span class='ocrx_word' id='word_1_142' title='bbox 2945 464 3040 519; x_wconf 87' lang='lat' dir='ltr'><strong>per</strong></span> <span class='ocrx_word' id='word_1_143' title='bbox 3065 465 3230 519; x_wconf 90' lang='lat' dir='ltr'><strong>quam</strong></span> <span class='ocrx_word' id='word_1_144' title='bbox 3264 451 3515 523; x_wconf 74' lang='lat' dir='ltr'><strong>benigni-</strong></span> 
     </span>
    </p>
   </div>
   <div class='ocr_carea' id='block_1_21' title="bbox 1942 537 3516 608">
    <p class='ocr_par' dir='ltr' id='par_1_21' title="bbox 1942 537 3516 608">
     <span class='ocr_line' id='line_1_21' title="bbox 1942 537 3516 608; baseline 0.004 -16"><span class='ocrx_word' id='word_1_145' title='bbox 1942 539 2070 593; x_wconf 80' lang='lat' dir='ltr'><strong>tatis</strong></span> <span class='ocrx_word' id='word_1_146' title='bbox 2098 537 2454 608; x_wconf 86' lang='lat' dir='ltr'><strong>pulchritudo</strong></span> <span class='ocrx_word' id='word_1_147' title='bbox 2484 549 2935 607; x_wconf 64' lang='lat' dir='ltr'><strong>reprmsentatur,</strong></span> <span class='ocrx_word' id='word_1_148' title='bbox 2970 542 3160 607; x_wconf 89' lang='lat' dir='ltr'><strong>homo,</strong></span> <span class='ocrx_word' id='word_1_149' title='bbox 3213 543 3432 598; x_wconf 58' lang='lat' dir='ltr'><strong>invidiae</strong></span> <span class='ocrx_word' id='word_1_150' title='bbox 3460 554 3516 598; x_wconf 90' lang='lat' dir='ltr'><strong>et</strong></span> 
     </span>
    </p>
   </div>
   <div class='ocr_carea' id='block_1_22' title="bbox 1940 627 3521 697">
    <p class='ocr_par' dir='ltr' id='par_1_22' title="bbox 1940 627 3521 697">
     <span class='ocr_line' id='line_1_22' title="bbox 1940 627 3521 697; baseline 0.004 -18"><span class='ocrx_word' id='word_1_151' title='bbox 1940 627 2068 682; x_wconf 86' lang='lat' dir='ltr'><strong>odio</strong></span> <span class='ocrx_word' id='word_1_152' title='bbox 2096 627 2151 680; x_wconf 89' lang='lat' dir='ltr'><strong>in</strong></span> <span class='ocrx_word' id='word_1_153' title='bbox 2186 627 2495 697; x_wconf 78' lang='lat' dir='ltr'><strong>proximum</strong></span> <span class='ocrx_word' id='word_1_154' title='bbox 2518 630 2621 684; x_wconf 87' lang='lat' dir='ltr'><strong>sibi</strong></span> <span class='ocrx_word' id='word_1_155' title='bbox 2657 631 2950 696; x_wconf 85' lang='lat' dir='ltr'><strong>obnoxius,</strong></span> <span class='ocrx_word' id='word_1_156' title='bbox 2980 647 3083 686; x_wconf 91' lang='lat' dir='ltr'><strong>nec</strong></span> <span class='ocrx_word' id='word_1_157' title='bbox 3109 631 3305 686; x_wconf 83' lang='lat' dir='ltr'><strong>melior</strong></span> <span class='ocrx_word' id='word_1_158' title='bbox 3322 633 3521 687; x_wconf 85' lang='lat' dir='ltr'><strong>redda-</strong></span> 
     </span>
    </p>
   </div>
   <div class='ocr_carea' id='block_1_23' title="bbox 1944 718 3511 792">
    <p class='ocr_par' dir='ltr' id='par_1_23' title="bbox 1944 718 3511 792">
     <span class='ocr_line' id='line_1_23' title="bbox 1944 718 3511 792; baseline 0.003 -21"><span class='ocrx_word' id='word_1_159' title='bbox 1944 726 2053 782; x_wconf 91' lang='lat' dir='ltr'><strong>tur,</strong></span> <span class='ocrx_word' id='word_1_160' title='bbox 2083 732 2181 772; x_wconf 88' lang='lat' dir='ltr'><strong>nec</strong></span> <span class='ocrx_word' id='word_1_161' title='bbox 2210 718 2280 772; x_wconf 89' lang='lat' dir='ltr'><strong>ad</strong></span> <span class='ocrx_word' id='word_1_162' title='bbox 2330 721 2687 775; x_wconf 74' lang='lat' dir='ltr'><strong>mutationem</strong></span> <span class='ocrx_word' id='word_1_163' title='bbox 2733 737 3061 792; x_wconf 91' lang='lat' dir='ltr'><strong>morumque</strong></span> <span class='ocrx_word' id='word_1_164' title='bbox 3114 723 3511 778; x_wconf 89' lang='lat' dir='ltr'><strong>correctionem</strong></span> 
     </span>
    </p>
   </div>
   <div class='ocr_carea' id='block_1_24' title="bbox 1942 811 3512 885">
    <p class='ocr_par' dir='ltr' id='par_1_24' title="bbox 1942 811 3512 885">
     <span class='ocr_line' id='line_1_24' title="bbox 1942 811 3512 885; baseline 0.004 -21"><span class='ocrx_word' id='word_1_165' title='bbox 1942 811 2212 881; x_wconf 86' lang='lat' dir='ltr'><strong>respicere</strong></span> <span class='ocrx_word' id='word_1_166' title='bbox 2261 811 2425 873; x_wconf 84' lang='lat' dir='ltr'><strong>velit;</strong></span> <span class='ocrx_word' id='word_1_167' title='bbox 2494 811 2584 867; x_wconf 89' lang='lat' dir='ltr'><strong>ille</strong></span> <span class='ocrx_word' id='word_1_168' title='bbox 2637 813 2856 883; x_wconf 85' lang='lat' dir='ltr'><strong>quidem</strong></span> <span class='ocrx_word' id='word_1_169' title='bbox 2913 813 3024 869; x_wconf 78' lang='lat' dir='ltr'><strong>fera</strong></span> <span class='ocrx_word' id='word_1_170' title='bbox 3077 815 3249 870; x_wconf 82' lang='lat' dir='ltr'><strong>bestia</strong></span> <span class='ocrx_word' id='word_1_171' title='bbox 3306 814 3512 885; x_wconf 86' lang='lat' dir='ltr'><strong>potius,</strong></span> 
     </span>
    </p>
   </div>
   <div class='ocr_carea' id='block_1_25' title="bbox 1940 902 3519 975">
    <p class='ocr_par' dir='ltr' id='par_1_25' title="bbox 1940 902 3519 975">
     <span class='ocr_line' id='line_1_25' title="bbox 1940 902 3519 975; baseline 0.004 -20"><span class='ocrx_word' id='word_1_172' title='bbox 1940 917 2103 972; x_wconf 88' lang='lat' dir='ltr'><strong>quam</strong></span> <span class='ocrx_word' id='word_1_173' title='bbox 2155 902 2319 957; x_wconf 85' lang='lat' dir='ltr'><strong>homo</strong></span> <span class='ocrx_word' id='word_1_174' title='bbox 2382 902 2570 969; x_wconf 78' lang='lat' dir='ltr'><strong>fuerit,</strong></span> <span class='ocrx_word' id='word_1_175' title='bbox 2602 905 2781 975; x_wconf 85' lang='lat' dir='ltr'><strong>qualis</strong></span> <span class='ocrx_word' id='word_1_176' title='bbox 2828 916 3008 960; x_wconf 88' lang='lat' dir='ltr'><strong>tamen</strong></span> <span class='ocrx_word' id='word_1_177' title='bbox 3069 906 3211 961; x_wconf 87' lang='lat' dir='ltr'><strong>inter</strong></span> <span class='ocrx_word' id='word_1_178' title='bbox 3260 907 3519 962; x_wconf 85' lang='lat' dir='ltr'><strong>homines</strong></span> 
     </span>
    </p>
   </div>
   <div class='ocr_carea' id='block_1_26' title="bbox 1941 993 3517 1067">
    <p class='ocr_par' dir='ltr' id='par_1_26' title="bbox 1941 993 3517 1067">
     <span class='ocr_line' id='line_1_26' title="bbox 1941 993 3517 1067; baseline 0.003 -20"><span class='ocrx_word' id='word_1_179' title='bbox 1941 993 2235 1050; x_wconf 84' lang='lat' dir='ltr'><strong>rarissime</strong></span> <span class='ocrx_word' id='word_1_180' title='bbox 2293 996 2623 1053; x_wconf 87' lang='lat' dir='ltr'><strong>inveniatur.</strong></span> <span class='ocrx_word' id='word_1_181' title='bbox 2651 997 2732 1052; x_wconf 84' lang='lat' dir='ltr'><strong>Tu</strong></span> <span class='ocrx_word' id='word_1_182' title='bbox 2785 1009 2962 1067; x_wconf 71' lang='lat' dir='ltr'><strong>autem</strong></span> <span class='ocrx_word' id='word_1_183' title='bbox 3015 999 3380 1054; x_wconf 86' lang='lat' dir='ltr'><strong>nihilominus</strong></span> <span class='ocrx_word' id='word_1_184' title='bbox 3429 998 3517 1053; x_wconf 83' lang='lat' dir='ltr'><strong>vel</strong></span> 
     </span>
    </p>
   </div>
   <div class='ocr_carea' id='block_1_27' title="bbox 1940 1085 3513 1161">
    <p class='ocr_par' dir='ltr' id='par_1_27' title="bbox 1940 1085 3513 1161">
     <span class='ocr_line' id='line_1_27' title="bbox 1940 1085 3513 1161; baseline 0.004 -22"><span class='ocrx_word' id='word_1_185' title='bbox 1940 1085 2042 1150; x_wconf 91' lang='lat' dir='ltr'><strong>sic,</strong></span> <span class='ocrx_word' id='word_1_186' title='bbox 2068 1087 2179 1141; x_wconf 91' lang='lat' dir='ltr'><strong>imo</strong></span> <span class='ocrx_word' id='word_1_187' title='bbox 2226 1101 2356 1142; x_wconf 83' lang='lat' dir='ltr'><strong>vero</strong></span> <span class='ocrx_word' id='word_1_188' title='bbox 2387 1088 2707 1159; x_wconf 83' lang='lat' dir='ltr'><strong>diligentius</strong></span> <span class='ocrx_word' id='word_1_189' title='bbox 2752 1091 3039 1157; x_wconf 86' lang='lat' dir='ltr'><strong>carbones,</strong></span> <span class='ocrx_word' id='word_1_190' title='bbox 3075 1101 3241 1161; x_wconf 90' lang='lat' dir='ltr'><strong>caput</strong></span> <span class='ocrx_word' id='word_1_191' title='bbox 3270 1091 3391 1161; x_wconf 88' lang='lat' dir='ltr'><strong>ejus</strong></span> <span class='ocrx_word' id='word_1_192' title='bbox 3416 1090 3513 1146; x_wconf 87' lang='lat' dir='ltr'><strong>de-</strong></span> 
     </span>
    </p>
   </div>
   <div class='ocr_carea' id='block_1_28' title="bbox 1940 1180 3515 1252">
    <p class='ocr_par' dir='ltr' id='par_1_28' title="bbox 1940 1180 3515 1252">
     <span class='ocr_line' id='line_1_28' title="bbox 1940 1180 3515 1252; baseline 0.004 -22"><span class='ocrx_word' id='word_1_193' title='bbox 1940 1187 2247 1247; x_wconf 86' lang='lat' dir='ltr'><strong>pascentes,</strong></span> <span class='ocrx_word' id='word_1_194' title='bbox 2302 1180 2528 1248; x_wconf 82' lang='lat' dir='ltr'><strong>provida</strong></span> <span class='ocrx_word' id='word_1_195' title='bbox 2579 1197 2711 1235; x_wconf 90' lang='lat' dir='ltr'><strong>cura</strong></span> <span class='ocrx_word' id='word_1_196' title='bbox 2771 1192 2896 1252; x_wconf 92' lang='lat' dir='ltr'><strong>post</strong></span> <span class='ocrx_word' id='word_1_197' title='bbox 2946 1190 3155 1237; x_wconf 87' lang='lat' dir='ltr'><strong>tantam</strong></span> <span class='ocrx_word' id='word_1_198' title='bbox 3215 1184 3515 1239; x_wconf 84' lang='lat' dir='ltr'><strong>amentiam</strong></span> 
     </span>
    </p>
   </div>
   <div class='ocr_carea' id='block_1_29' title="bbox 1939 1271 3516 1346">
    <p class='ocr_par' dir='ltr' id='par_1_29' title="bbox 1939 1271 3516 1346">
     <span class='ocr_line' id='line_1_29' title="bbox 1939 1271 3516 1346; baseline 0.006 -23"><span class='ocrx_word' id='word_1_199' title='bbox 1939 1283 2271 1326; x_wconf 82' lang='lat' dir='ltr'><strong>coacervans</strong></span> <span class='ocrx_word' id='word_1_200' title='bbox 2316 1271 2594 1341; x_wconf 88' lang='lat' dir='ltr'><strong>benelieiis</strong></span> <span class='ocrx_word' id='word_1_201' title='bbox 2631 1273 2760 1337; x_wconf 85' lang='lat' dir='ltr'><strong>tuis,</strong></span> <span class='ocrx_word' id='word_1_202' title='bbox 2791 1274 3006 1330; x_wconf 89' lang='lat' dir='ltr'><strong>Domini</strong></span> <span class='ocrx_word' id='word_1_203' title='bbox 3052 1278 3359 1346; x_wconf 81' lang='lat' dir='ltr'><strong>exemplum</strong></span> <span class='ocrx_word' id='word_1_204' title='bbox 3388 1276 3516 1332; x_wconf 86' lang='lat' dir='ltr'><strong>imi-</strong></span> 
     </span>
    </p>
   </div>
   <div class='ocr_carea' id='block_1_30' title="bbox 1942 1360 3513 1437">
    <p class='ocr_par' dir='ltr' id='par_1_30' title="bbox 1942 1360 3513 1437">
     <span class='ocr_line' id='line_1_30' title="bbox 1942 1360 3513 1437; baseline 0.005 -23"><span class='ocrx_word' id='word_1_205' title='bbox 1942 1360 2146 1415; x_wconf 87' lang='lat' dir='ltr'><strong>taberis</strong></span> <span class='ocrx_word' id='word_1_206' title='bbox 2176 1378 2191 1428; x_wconf 93' lang='lat'><strong>;</strong></span> <span class='ocrx_word' id='word_1_207' title='bbox 2225 1361 2364 1416; x_wconf 88' lang='lat' dir='ltr'><strong>alter</strong></span> <span class='ocrx_word' id='word_1_208' title='bbox 2400 1378 2532 1418; x_wconf 90' lang='lat' dir='ltr'><strong>vero</strong></span> <span class='ocrx_word' id='word_1_209' title='bbox 2564 1365 2653 1419; x_wconf 91' lang='lat' dir='ltr'><strong>ille</strong></span> <span class='ocrx_word' id='word_1_210' title='bbox 2696 1366 2967 1433; x_wconf 89' lang='lat' dir='ltr'><strong>ostendet,</strong></span> <span class='ocrx_word' id='word_1_211' title='bbox 3017 1377 3299 1437; x_wconf 84' lang='lat' dir='ltr'><strong>peccatum</strong></span> <span class='ocrx_word' id='word_1_212' title='bbox 3350 1385 3513 1422; x_wconf 91' lang='lat' dir='ltr'><strong>suum</strong></span> 
     </span>
    </p>
   </div>
   <div class='ocr_carea' id='block_1_31' title="bbox 1941 1453 3515 1529">
    <p class='ocr_par' dir='ltr' id='par_1_31' title="bbox 1941 1453 3515 1529">
     <span class='ocr_line' id='line_1_31' title="bbox 1941 1453 3515 1529; baseline 0.006 -23"><span class='ocrx_word' id='word_1_213' title='bbox 1941 1453 2082 1521; x_wconf 90' lang='lat' dir='ltr'><strong>apud</strong></span> <span class='ocrx_word' id='word_1_214' title='bbox 2118 1468 2177 1507; x_wconf 89' lang='lat' dir='ltr'><strong>se</strong></span> <span class='ocrx_word' id='word_1_215' title='bbox 2211 1453 2333 1523; x_wconf 87' lang='lat' dir='ltr'><strong>plus</strong></span> <span class='ocrx_word' id='word_1_216' title='bbox 2363 1457 2563 1519; x_wconf 86' lang='lat' dir='ltr'><strong>valere,</strong></span> <span class='ocrx_word' id='word_1_217' title='bbox 2593 1475 2777 1528; x_wconf 88' lang='lat' dir='ltr'><strong>.quam</strong></span> <span class='ocrx_word' id='word_1_218' title='bbox 2812 1460 2992 1515; x_wconf 93' lang='lat' dir='ltr'><strong>omnis</strong></span> <span class='ocrx_word' id='word_1_219' title='bbox 3042 1460 3311 1529; x_wconf 86' lang='lat' dir='ltr'><strong>ejusmodi</strong></span> <span class='ocrx_word' id='word_1_220' title='bbox 3346 1461 3515 1516; x_wconf 88' lang='lat' dir='ltr'><strong>bene-</strong></span> 
     </span>
    </p>
   </div>
   <div class='ocr_carea' id='block_1_32' title="bbox 1942 1543 3513 1623">
    <p class='ocr_par' dir='ltr' id='par_1_32' title="bbox 1942 1543 3513 1623">
     <span class='ocr_line' id='line_1_32' title="bbox 1942 1543 3513 1623; baseline 0.008 -26"><span class='ocrx_word' id='word_1_221' title='bbox 1942 1543 2178 1599; x_wconf 88' lang='lat' dir='ltr'><strong>licientia</strong></span> <span class='ocrx_word' id='word_1_222' title='bbox 2209 1545 2462 1617; x_wconf 86' lang='lat' dir='ltr'><strong>laetaque</strong></span> <span class='ocrx_word' id='word_1_223' title='bbox 2510 1548 2808 1604; x_wconf 83' lang='lat' dir='ltr'><strong>liberaliter</strong></span> <span class='ocrx_word' id='word_1_224' title='bbox 2858 1554 3015 1606; x_wconf 90' lang='lat' dir='ltr'><strong>venia</strong></span> <span class='ocrx_word' id='word_1_225' title='bbox 3052 1552 3263 1607; x_wconf 87' lang='lat' dir='ltr'><strong>ellicere</strong></span> <span class='ocrx_word' id='word_1_226' title='bbox 3319 1555 3513 1623; x_wconf 86' lang='lat' dir='ltr'><strong>possit.</strong></span> 
     </span>
    </p>
   </div>
   <div class='ocr_carea' id='block_1_33' title="bbox 1945 1634 3517 1714">
    <p class='ocr_par' dir='ltr' id='par_1_33' title="bbox 1945 1634 3517 1714">
     <span class='ocr_line' id='line_1_33' title="bbox 1945 1634 3517 1714; baseline 0.007 -26"><span class='ocrx_word' id='word_1_227' title='bbox 1945 1634 2001 1689; x_wconf 90' lang='lat' dir='ltr'><strong>Si</strong></span> <span class='ocrx_word' id='word_1_228' title='bbox 2039 1637 2166 1706; x_wconf 89' lang='lat' dir='ltr'><strong>quis</strong></span> <span class='ocrx_word' id='word_1_229' title='bbox 2204 1653 2336 1693; x_wconf 86' lang='lat' dir='ltr'><strong>vero</strong></span> <span class='ocrx_word' id='word_1_230' title='bbox 2390 1639 2555 1694; x_wconf 86' lang='lat' dir='ltr'><strong>verba</strong></span> <span class='ocrx_word' id='word_1_231' title='bbox 2595 1639 2685 1695; x_wconf 89' lang='lat' dir='ltr'><strong>illa</strong></span> <span class='ocrx_word' id='word_1_232' title='bbox 2721 1659 2734 1696; x_wconf 88' lang='lat'>:</span> <span class='ocrx_word' id='word_1_233' title='bbox 2790 1660 2809 1693; x_wconf 83' lang='grc' dir='ltr'><strong>ι</strong></span> <span class='ocrx_word' id='word_1_234' title='bbox 2846 1641 3127 1699; x_wconf 88' lang='lat' dir='ltr'><strong>Carbones</strong></span> <span class='ocrx_word' id='word_1_235' title='bbox 3173 1644 3316 1714; x_wconf 83' lang='lat' dir='ltr'><strong>ignis</strong></span> <span class='ocrx_word' id='word_1_236' title='bbox 3380 1661 3517 1701; x_wconf 85' lang='lat' dir='ltr'><strong>con-</strong></span> 
     </span>
    </p>
   </div>
   <div class='ocr_carea' id='block_1_34' title="bbox 257 1727 1836 1811">
    <p class='ocr_par' dir='ltr' id='par_1_34' title="bbox 257 1732 1836 1811">
     <span class='ocr_line' id='line_1_34' title="bbox 257 1732 1836 1811; baseline -0.004 -18"><span class='ocrx_word' id='word_1_237' title='bbox 257 1737 653 1811; x_wconf 78' lang='grc' dir='ltr'><strong>ὲπισωρεύσεις</strong></span> <span class='ocrx_word' id='word_1_238' title='bbox 677 1737 769 1789; x_wconf 73' lang='grc' dir='ltr'><strong>ἐπὶ</strong></span> <span class='ocrx_word' id='word_1_239' title='bbox 789 1736 887 1806; x_wconf 79' lang='grc' dir='ltr'><strong>τὴν</strong></span> <span class='ocrx_word' id='word_1_240' title='bbox 911 1733 1152 1805; x_wconf 82' lang='grc' dir='ltr'><strong>κεφαλὴν</strong></span> <span class='ocrx_word' id='word_1_241' title='bbox 1175 1733 1365 1799; x_wconf 88' lang='grc' dir='ltr'><strong>αὐτοῦ,</strong></span> <span class='ocrx_word' id='word_1_242' title='bbox 1400 1751 1420 1784; x_wconf 78' lang='grc' dir='ltr'><strong>ι</strong></span> <span class='ocrx_word' id='word_1_243' title='bbox 1452 1732 1550 1787; x_wconf 78' lang='grc' dir='ltr'><strong>καὶ</strong></span> <span class='ocrx_word' id='word_1_244' title='bbox 1578 1733 1723 1787; x_wconf 71' lang='grc' dir='ltr'><strong>κατὰ</strong></span> <span class='ocrx_word' id='word_1_245' title='bbox 1742 1732 1836 1804; x_wconf 83' lang='grc' dir='ltr'><strong>τὴν</strong></span> 
     </span>
    </p>
   </div>
   <div class='ocr_carea' id='block_1_35' title="bbox 1938 1727 3512 1811">
    <p class='ocr_par' dir='ltr' id='par_1_35' title="bbox 1942 1732 3512 1805">
     <span class='ocr_line' id='line_1_35' title="bbox 1942 1732 3512 1805; baseline 0.006 -25"><span class='ocrx_word' id='word_1_246' title='bbox 1942 1742 2100 1796; x_wconf 81' lang='lat' dir='ltr'><strong>geres</strong></span> <span class='ocrx_word' id='word_1_247' title='bbox 2142 1744 2309 1799; x_wconf 88' lang='lat' dir='ltr'><strong>super</strong></span> <span class='ocrx_word' id='word_1_248' title='bbox 2359 1740 2522 1800; x_wconf 90' lang='lat' dir='ltr'><strong>caput</strong></span> <span class='ocrx_word' id='word_1_249' title='bbox 2548 1734 2703 1797; x_wconf 88' lang='lat' dir='ltr'><strong>ejus;</strong></span> <span class='ocrx_word' id='word_1_250' title='bbox 2742 1751 2759 1783; x_wconf 69' lang='grc' dir='ltr'>ι</span> <span class='ocrx_word' id='word_1_251' title='bbox 2789 1732 2857 1786; x_wconf 93' lang='lat' dir='ltr'><strong>de</strong></span> <span class='ocrx_word' id='word_1_252' title='bbox 2913 1734 3140 1802; x_wconf 86' lang='lat' dir='ltr'><strong>proclivi</strong></span> <span class='ocrx_word' id='word_1_253' title='bbox 3194 1734 3247 1788; x_wconf 92' lang='lat' dir='ltr'><strong>in</strong></span> <span class='ocrx_word' id='word_1_254' title='bbox 3283 1736 3512 1805; x_wconf 83' lang='lat' dir='ltr'><strong>gratiam</strong></span> 
     </span>
    </p>
   </div>
   <div class='ocr_carea' id='block_1_36' title="bbox 258 1824 1840 1903">
    <p class='ocr_par' dir='ltr' id='par_1_36' title="bbox 258 1824 1840 1903">
     <span class='ocr_line' id='line_1_36' title="bbox 258 1824 1840 1903; baseline -0.005 -18"><span class='ocrx_word' id='word_1_255' title='bbox 258 1831 556 1903; x_wconf 75' lang='grc' dir='ltr'><strong>πρόχειρον</strong></span> <span class='ocrx_word' id='word_1_256' title='bbox 605 1827 852 1898; x_wconf 74' lang='grc' dir='ltr'><strong>ἐκδοχὴν,</strong></span> <span class='ocrx_word' id='word_1_257' title='bbox 886 1826 980 1879; x_wconf 71' lang='grc' dir='ltr'><strong>καὶ</strong></span> <span class='ocrx_word' id='word_1_258' title='bbox 1033 1826 1161 1888; x_wconf 81' lang='grc' dir='ltr'><strong>τοὺς</strong></span> <span class='ocrx_word' id='word_1_259' title='bbox 1210 1825 1438 1887; x_wconf 76' lang='grc' dir='ltr'>πολλοὺς</span> <span class='ocrx_word' id='word_1_260' title='bbox 1494 1824 1840 1896; x_wconf 83' lang='grc' dir='ltr'><strong>παρακαλοῦ-</strong></span> 
     </span>
    </p>
   </div>
   <div class='ocr_carea' id='block_1_37' title="bbox 262 1916 1840 1989">
    <p class='ocr_par' dir='ltr' id='par_1_37' title="bbox 262 1916 1840 1989">
     <span class='ocr_line' id='line_1_37' title="bbox 262 1916 1840 1989; baseline -0.004 -15"><span class='ocrx_word' id='word_1_261' title='bbox 262 1940 385 1985; x_wconf 89' lang='grc' dir='ltr'><strong>σαν,</strong></span> <span class='ocrx_word' id='word_1_262' title='bbox 413 1922 493 1984; x_wconf 84' lang='grc' dir='ltr'><strong>εἰς</strong></span> <span class='ocrx_word' id='word_1_263' title='bbox 529 1919 591 1973; x_wconf 83' lang='grc' dir='ltr'><strong>τὸ</strong></span> <span class='ocrx_word' id='word_1_264' title='bbox 640 1918 718 1989; x_wconf 81' lang='grc' dir='ltr'><strong>μὴ</strong></span> <span class='ocrx_word' id='word_1_265' title='bbox 747 1919 847 1987; x_wconf 85' lang='grc' dir='ltr'><strong>τὴν</strong></span> <span class='ocrx_word' id='word_1_266' title='bbox 901 1916 1103 1989; x_wconf 75' lang='grc' dir='ltr'><strong>ἔχθραν</strong></span> <span class='ocrx_word' id='word_1_267' title='bbox 1132 1916 1307 1988; x_wconf 61' lang='grc' dir='ltr'><strong>ἔχθρα⁴</strong></span> <span class='ocrx_word' id='word_1_268' title='bbox 1337 1917 1434 1970; x_wconf 72' lang='grc' dir='ltr'><strong>καὶ</strong></span> <span class='ocrx_word' id='word_1_269' title='bbox 1472 1916 1651 1988; x_wconf 81' lang='grc' dir='ltr'><strong>ἀμύνῃ</strong></span> <span class='ocrx_word' id='word_1_270' title='bbox 1677 1916 1840 1987; x_wconf 86' lang='grc' dir='ltr'><strong>χαλε-</strong></span> 
     </span>
    </p>
   </div>
   <div class='ocr_carea' id='block_1_38' title="bbox 258 2007 1836 2084">
    <p class='ocr_par' dir='ltr' id='par_1_38' title="bbox 258 2007 1836 2084">
     <span class='ocr_line' id='line_1_38' title="bbox 258 2007 1836 2084; baseline -0.004 -17"><span class='ocrx_word' id='word_1_271' title='bbox 258 2013 516 2084; x_wconf 79' lang='grc' dir='ltr'><strong>πωτέραν</strong></span> <span class='ocrx_word' id='word_1_272' title='bbox 563 2013 755 2075; x_wconf 82' lang='grc' dir='ltr'><strong>ποιεῖν,</strong></span> <span class='ocrx_word' id='word_1_273' title='bbox 822 2010 1039 2081; x_wconf 83' lang='grc' dir='ltr'>θελήσει</span> <span class='ocrx_word' id='word_1_274' title='bbox 1090 2011 1253 2071; x_wconf 82' lang='grc' dir='ltr'><strong>νοεῖν,</strong></span> <span class='ocrx_word' id='word_1_275' title='bbox 1286 2008 1407 2061; x_wconf 82' lang='grc' dir='ltr'><strong>οὐδὲ</strong></span> <span class='ocrx_word' id='word_1_276' title='bbox 1453 2007 1614 2061; x_wconf 87' lang='grc' dir='ltr'><strong>τοῦτο</strong></span> <span class='ocrx_word' id='word_1_277' title='bbox 1655 2008 1722 2062; x_wconf 85' lang='grc' dir='ltr'><strong>ἂν</strong></span> <span class='ocrx_word' id='word_1_278' title='bbox 1752 2009 1836 2078; x_wconf 77' lang='grc' dir='ltr'><strong>εἴη</strong></span> 
     </span>
    </p>
   </div>
   <div class='ocr_carea' id='block_1_39' title="bbox 259 2094 1839 2175">
    <p class='ocr_par' dir='ltr' id='par_1_39' title="bbox 259 2094 1839 2175">
     <span class='ocr_line' id='line_1_39' title="bbox 259 2094 1839 2175; baseline -0.006 -16"><span class='ocrx_word' id='word_1_279' title='bbox 259 2101 569 2175; x_wconf 78' lang='grc' dir='ltr'><strong>στοχασμοῦ</strong></span> <span class='ocrx_word' id='word_1_280' title='bbox 628 2099 925 2163; x_wconf 71' lang='grc' dir='ltr'><strong>διαπεσεῖν,</strong></span> <span class='ocrx_word' id='word_1_281' title='bbox 973 2099 1063 2168; x_wconf 85' lang='grc' dir='ltr'><strong>ὐφ’</strong></span> <span class='ocrx_word' id='word_1_282' title='bbox 1093 2094 1152 2154; x_wconf 77' lang='grc' dir='ltr'><strong>οὐ</strong></span> <span class='ocrx_word' id='word_1_283' title='bbox 1195 2098 1695 2169; x_wconf 81' lang='grc' dir='ltr'><strong>παρασκευάζεται.</strong></span> <span class='ocrx_word' id='word_1_284' title='bbox 1728 2095 1839 2152; x_wconf 70' lang='grc' dir='ltr'><strong>Καὶ</strong></span> 
     </span>
    </p>
   </div>
   <div class='ocr_carea' id='block_1_40' title="bbox 260 2189 1838 2269">
    <p class='ocr_par' dir='ltr' id='par_1_40' title="bbox 260 2189 1838 2269">
     <span class='ocr_line' id='line_1_40' title="bbox 260 2189 1838 2269; baseline -0.003 -21"><span class='ocrx_word' id='word_1_285' title='bbox 260 2196 402 2269; x_wconf 72' lang='grc' dir='ltr'><strong>πρὸς</strong></span> <span class='ocrx_word' id='word_1_286' title='bbox 433 2191 825 2262; x_wconf 77' lang='grc' dir='ltr'><strong>συγκατάθεσιν</strong></span> <span class='ocrx_word' id='word_1_287' title='bbox 867 2189 1047 2243; x_wconf 81' lang='grc' dir='ltr'><strong>ἓλκειν</strong></span> <span class='ocrx_word' id='word_1_288' title='bbox 1094 2189 1294 2260; x_wconf 80' lang='grc' dir='ltr'>μᾶλλον</span> <span class='ocrx_word' id='word_1_289' title='bbox 1321 2189 1544 2243; x_wconf 88' lang='grc' dir='ltr'><strong>δύναται</strong></span> <span class='ocrx_word' id='word_1_290' title='bbox 1573 2192 1608 2262; x_wconf 80' lang='grc' dir='ltr'><strong>ἠ</strong></span> <span class='ocrx_word' id='word_1_291' title='bbox 1637 2209 1731 2244; x_wconf 90' lang='grc' dir='ltr'><strong>του</strong></span> <span class='ocrx_word' id='word_1_292' title='bbox 1762 2191 1838 2263; x_wconf 72' lang='grc' dir='ltr'><strong>μὴ</strong></span> 
     </span>
    </p>
   </div>
   <div class='ocr_carea' id='block_1_41' title="bbox 260 2279 1836 2367">
    <p class='ocr_par' dir='ltr' id='par_1_41' title="bbox 260 2279 1836 2367">
     <span class='ocr_line' id='line_1_41' title="bbox 260 2279 1836 2367; baseline -0.004 -26"><span class='ocrx_word' id='word_1_293' title='bbox 260 2286 574 2367; x_wconf 76' lang='grc' dir='ltr'><strong>ἀμύνασθαι</strong></span> <span class='ocrx_word' id='word_1_294' title='bbox 599 2281 942 2353; x_wconf 80' lang='grc' dir='ltr'><strong>παραινοῦσα</strong></span> <span class='ocrx_word' id='word_1_295' title='bbox 969 2283 1095 2345; x_wconf 76' lang='grc' dir='ltr'><strong>τοὺς</strong></span> <span class='ocrx_word' id='word_1_296' title='bbox 1121 2279 1351 2345; x_wconf 71' lang='grc' dir='ltr'>πολλοὺς</span> <span class='ocrx_word' id='word_1_297' title='bbox 1390 2281 1580 2338; x_wconf 80' lang='grc' dir='ltr'><strong>πειθώ.</strong></span> <span class='ocrx_word' id='word_1_298' title='bbox 1621 2284 1730 2352; x_wconf 67' lang='grc'><strong>(47)</strong></span> <span class='ocrx_word' id='word_1_299' title='bbox 1763 2283 1836 2336; x_wconf 88' lang='grc' dir='ltr'><strong>Οὐ</strong></span> 
     </span>
    </p>
   </div>
   <div class='ocr_carea' id='block_1_42' title="bbox 259 2373 1838 2449">
    <p class='ocr_par' dir='ltr' id='par_1_42' title="bbox 259 2373 1838 2449">
     <span class='ocr_line' id='line_1_42' title="bbox 259 2373 1838 2449; baseline -0.004 -16"><span class='ocrx_word' id='word_1_300' title='bbox 259 2378 495 2433; x_wconf 85' lang='grc' dir='ltr'><strong>παύεται</strong></span> <span class='ocrx_word' id='word_1_301' title='bbox 528 2376 656 2449; x_wconf 80' lang='grc' dir='ltr'><strong>βέλη</strong></span> <span class='ocrx_word' id='word_1_302' title='bbox 694 2374 861 2429; x_wconf 76' lang='grc' dir='ltr'><strong>κινῶν</strong></span> <span class='ocrx_word' id='word_1_303' title='bbox 889 2376 917 2427; x_wconf 80' lang='grc' dir='ltr'><strong><em>ὁ</em></strong></span> <span class='ocrx_word' id='word_1_304' title='bbox 962 2374 1141 2445; x_wconf 84' lang='grc' dir='ltr'>μάτην</span> <span class='ocrx_word' id='word_1_305' title='bbox 1190 2374 1330 2428; x_wconf 87' lang='grc' dir='ltr'><strong>κατὰ</strong></span> <span class='ocrx_word' id='word_1_306' title='bbox 1372 2373 1467 2428; x_wconf 87' lang='grc' dir='ltr'><strong>σοῦ</strong></span> <span class='ocrx_word' id='word_1_307' title='bbox 1504 2374 1604 2446; x_wconf 76' lang='grc' dir='ltr'><strong>τὴν</strong></span> <span class='ocrx_word' id='word_1_308' title='bbox 1638 2374 1838 2447; x_wconf 80' lang='grc' dir='ltr'><strong>ἔχθραν</strong></span> 
     </span>
    </p>
   </div>
   <div class='ocr_carea' id='block_1_43' title="bbox 259 2462 1838 2535">
    <p class='ocr_par' dir='ltr' id='par_1_43' title="bbox 259 2462 1838 2535">
     <span class='ocr_line' id='line_1_43' title="bbox 259 2462 1838 2535; baseline -0.004 -13"><span class='ocrx_word' id='word_1_309' title='bbox 259 2467 533 2533; x_wconf 78' lang='grc' dir='ltr'><strong>ὑπελθὼν,</strong></span> <span class='ocrx_word' id='word_1_310' title='bbox 579 2466 802 2535; x_wconf 75' lang='grc' dir='ltr'><strong>ἄμεινον</strong></span> <span class='ocrx_word' id='word_1_311' title='bbox 854 2463 955 2535; x_wconf 77' lang='grc' dir='ltr'><strong>μὲν</strong></span> <span class='ocrx_word' id='word_1_312' title='bbox 1003 2464 1070 2517; x_wconf 85' lang='grc' dir='ltr'><strong>ἂν</strong></span> <span class='ocrx_word' id='word_1_313' title='bbox 1123 2464 1232 2532; x_wconf 74' lang='grc' dir='ltr'>εἵη,</span> <span class='ocrx_word' id='word_1_314' title='bbox 1268 2463 1362 2516; x_wconf 78' lang='grc' dir='ltr'><strong>τὸν</strong></span> <span class='ocrx_word' id='word_1_315' title='bbox 1386 2462 1563 2516; x_wconf 78' lang='grc' dir='ltr'><strong>κοινὸν</strong></span> <span class='ocrx_word' id='word_1_316' title='bbox 1594 2462 1838 2533; x_wconf 81' lang='grc' dir='ltr'><strong>πλάστην</strong></span> 
     </span>
    </p>
   </div>
   <div class='ocr_carea' id='block_1_44' title="bbox 260 2549 1838 2630">
    <p class='ocr_par' dir='ltr' id='par_1_44' title="bbox 260 2549 1838 2630">
     <span class='ocr_line' id='line_1_44' title="bbox 260 2549 1838 2630; baseline -0.005 -15"><span class='ocrx_word' id='word_1_317' title='bbox 260 2560 359 2615; x_wconf 75' lang='grc' dir='ltr'><strong>καὶ</strong></span> <span class='ocrx_word' id='word_1_318' title='bbox 401 2560 502 2630; x_wconf 77' lang='grc' dir='ltr'><strong>τὴν</strong></span> <span class='ocrx_word' id='word_1_319' title='bbox 557 2558 840 2611; x_wconf 81' lang='grc' dir='ltr'><strong>πλάσασαν</strong></span> <span class='ocrx_word' id='word_1_320' title='bbox 897 2555 1075 2620; x_wconf 82' lang='grc' dir='ltr'><strong>δεξιὰν</strong></span> <span class='ocrx_word' id='word_1_321' title='bbox 1134 2555 1231 2609; x_wconf 77' lang='grc' dir='ltr'><strong>καὶ</strong></span> <span class='ocrx_word' id='word_1_322' title='bbox 1293 2549 1409 2626; x_wconf 79' lang='grc' dir='ltr'><strong>τὴν</strong></span> <span class='ocrx_word' id='word_1_323' title='bbox 1455 2554 1627 2625; x_wconf 82' lang='grc' dir='ltr'><strong>αὐτὴν</strong></span> <span class='ocrx_word' id='word_1_324' title='bbox 1675 2553 1838 2623; x_wconf 84' lang='grc' dir='ltr'><strong>φύσιν</strong></span> 
     </span>
    </p>
   </div>
   <div class='ocr_carea' id='block_1_45' title="bbox 259 2646 1839 2719">
    <p class='ocr_par' dir='ltr' id='par_1_45' title="bbox 259 2646 1839 2719">
     <span class='ocr_line' id='line_1_45' title="bbox 259 2646 1839 2719; baseline -0.005 -12"><span class='ocrx_word' id='word_1_325' title='bbox 259 2651 544 2707; x_wconf 70' lang='grc' dir='ltr'><strong>ἑννοοῦντα</strong></span> <span class='ocrx_word' id='word_1_326' title='bbox 565 2650 786 2719; x_wconf 77' lang='grc' dir='ltr'><strong>νικῆσαι</strong></span> <span class='ocrx_word' id='word_1_327' title='bbox 825 2647 1049 2719; x_wconf 83' lang='grc' dir='ltr'><strong>γνώμης</strong></span> <span class='ocrx_word' id='word_1_328' title='bbox 1093 2646 1423 2717; x_wconf 85' lang='grc' dir='ltr'><strong>χρηστότητι</strong></span> <span class='ocrx_word' id='word_1_329' title='bbox 1454 2647 1546 2700; x_wconf 74' lang='grc' dir='ltr'><strong>τὸν</strong></span> <span class='ocrx_word' id='word_1_330' title='bbox 1576 2646 1839 2718; x_wconf 85' lang='grc' dir='ltr'><strong>μισούμε-</strong></span> 
     </span>
    </p>
   </div>
   <div class='ocr_carea' id='block_1_46' title="bbox 259 2738 1837 2813">
    <p class='ocr_par' dir='ltr' id='par_1_46' title="bbox 259 2738 1837 2813">
     <span class='ocr_line' id='line_1_46' title="bbox 259 2738 1837 2813; baseline -0.003 -15"><span class='ocrx_word' id='word_1_331' title='bbox 259 2762 353 2799; x_wconf 90' lang='grc' dir='ltr'><strong>νον</strong></span> <span class='ocrx_word' id='word_1_332' title='bbox 376 2761 391 2776; x_wconf 89' lang='grc'><strong>·</strong></span> <span class='ocrx_word' id='word_1_333' title='bbox 438 2743 573 2797; x_wconf 83' lang='grc' dir='ltr'>διότι</span> <span class='ocrx_word' id='word_1_334' title='bbox 615 2742 854 2813; x_wconf 83' lang='grc' dir='ltr'><strong>παράγει</strong></span> <span class='ocrx_word' id='word_1_335' title='bbox 881 2740 993 2812; x_wconf 77' lang='grc'><strong>(48)</strong></span> <span class='ocrx_word' id='word_1_336' title='bbox 1019 2741 1086 2794; x_wconf 86' lang='grc' dir='ltr'><strong>δι’</strong></span> <span class='ocrx_word' id='word_1_337' title='bbox 1117 2739 1322 2813; x_wconf 74' lang='grc' dir='ltr'><strong>ἔχθρας</strong></span> <span class='ocrx_word' id='word_1_338' title='bbox 1361 2738 1423 2793; x_wconf 84' lang='grc' dir='ltr'><strong>τὸ</strong></span> <span class='ocrx_word' id='word_1_339' title='bbox 1460 2739 1718 2811; x_wconf 80' lang='grc' dir='ltr'><strong>ὁμοφυές.</strong></span> <span class='ocrx_word' id='word_1_340' title='bbox 1773 2742 1837 2794; x_wconf 82' lang='lat' dir='ltr'><strong>Ei</strong></span> 
     </span>
    </p>
   </div>
   <div class='ocr_carea' id='block_1_47' title="bbox 256 2830 1837 2907">
    <p class='ocr_par' dir='ltr' id='par_1_47' title="bbox 256 2830 1837 2907">
     <span class='ocr_line' id='line_1_47' title="bbox 256 2830 1837 2907; baseline -0.003 -17"><span class='ocrx_word' id='word_1_341' title='bbox 256 2837 318 2890; x_wconf 70' lang='grc' dir='ltr'><strong>ὀὶ</strong></span> <span class='ocrx_word' id='word_1_342' title='bbox 349 2835 447 2907; x_wconf 80' lang='grc' dir='ltr'><strong>μὴ,</strong></span> <span class='ocrx_word' id='word_1_343' title='bbox 506 2832 687 2905; x_wconf 83' lang='grc' dir='ltr'>βούλει</span> <span class='ocrx_word' id='word_1_344' title='bbox 741 2833 799 2886; x_wconf 78' lang='grc' dir='ltr'><strong>δὲ</strong></span> <span class='ocrx_word' id='word_1_345' title='bbox 860 2831 1053 2886; x_wconf 85' lang='grc' dir='ltr'><strong>τοῦτον</strong></span> <span class='ocrx_word' id='word_1_346' title='bbox 1128 2830 1443 2901; x_wconf 81' lang='grc' dir='ltr'><strong>ἀμύνασθαι</strong></span> <span class='ocrx_word' id='word_1_347' title='bbox 1508 2832 1605 2884; x_wconf 72' lang='grc' dir='ltr'><strong>καὶ</strong></span> <span class='ocrx_word' id='word_1_348' title='bbox 1665 2831 1837 2902; x_wconf 83' lang='grc' dir='ltr'>λυπῆ-</span> 
     </span>
    </p>
   </div>
   <div class='ocr_carea' id='block_1_48' title="bbox 262 2921 1834 2997">
    <p class='ocr_par' dir='ltr' id='par_1_48' title="bbox 262 2921 1834 2997">
     <span class='ocr_line' id='line_1_48' title="bbox 262 2921 1834 2997; baseline -0.004 -16"><span class='ocrx_word' id='word_1_349' title='bbox 262 2944 376 2991; x_wconf 79' lang='grc' dir='ltr'><strong>σαι,</strong></span> <span class='ocrx_word' id='word_1_350' title='bbox 444 2927 538 2980; x_wconf 76' lang='grc' dir='ltr'><strong>καὶ</strong></span> <span class='ocrx_word' id='word_1_351' title='bbox 586 2925 755 2997; x_wconf 79' lang='grc' dir='ltr'><strong>μηδὲν</strong></span> <span class='ocrx_word' id='word_1_352' title='bbox 803 2925 862 2978; x_wconf 76' lang='grc' dir='ltr'><strong>ὲν</strong></span> <span class='ocrx_word' id='word_1_353' title='bbox 924 2922 1138 2987; x_wconf 82' lang='grc' dir='ltr'><strong>τούτοις</strong></span> <span class='ocrx_word' id='word_1_354' title='bbox 1192 2923 1514 2995; x_wconf 83' lang='grc' dir='ltr'><strong>διαμαρτεῖν</strong></span> <span class='ocrx_word' id='word_1_355' title='bbox 1540 2964 1557 2990; x_wconf 89' lang='grc'><strong>,</strong></span> <span class='ocrx_word' id='word_1_356' title='bbox 1593 2921 1834 2993; x_wconf 76' lang='grc' dir='ltr'>ψώμιζε,</span> 
     </span>
    </p>
   </div>
   <div class='ocr_carea' id='block_1_49' title="bbox 239 3012 1835 3080">
    <p class='ocr_par' dir='ltr' id='par_1_49' title="bbox 239 3012 1835 3080">
     <span class='ocr_line' id='line_1_49' title="bbox 239 3012 1835 3080; baseline 0.001 -13"><span class='ocrx_word' id='word_1_357' title='bbox 239 3015 452 3080; x_wconf 63' lang='grc' dir='ltr'><strong>,πότιζε</strong></span> <span class='ocrx_word' id='word_1_358' title='bbox 511 3016 695 3069; x_wconf 73' lang='grc' dir='ltr'><strong>αὐτόν.</strong></span> <span class='ocrx_word' id='word_1_359' title='bbox 741 3014 864 3077; x_wconf 84' lang='grc' dir='ltr'><strong>Πῶς</strong></span> <span class='ocrx_word' id='word_1_360' title='bbox 900 3014 991 3068; x_wconf 76' lang='grc' dir='ltr'><strong>καὶ</strong></span> <span class='ocrx_word' id='word_1_361' title='bbox 1026 3012 1115 3068; x_wconf 82' lang='grc' dir='ltr'><strong>διὰ</strong></span> <span class='ocrx_word' id='word_1_362' title='bbox 1136 3013 1227 3080; x_wconf 78' lang='grc' dir='ltr'><strong>τίς</strong></span> <span class='ocrx_word' id='word_1_363' title='bbox 1271 3013 1376 3068; x_wconf 78' lang='grc' dir='ltr'><strong>Τὸν</strong></span> <span class='ocrx_word' id='word_1_364' title='bbox 1413 3014 1594 3068; x_wconf 85' lang='grc' dir='ltr'><strong>κοινὸν</strong></span> <span class='ocrx_word' id='word_1_365' title='bbox 1629 3016 1835 3069; x_wconf 82' lang='grc' dir='ltr'><strong>Δεσπό-</strong></span> 
     </span>
    </p>
   </div>
   <div class='ocr_carea' id='block_1_50' title="bbox 1940 1821 3512 1893">
    <p class='ocr_par' dir='ltr' id='par_1_50' title="bbox 1940 1821 3512 1893">
     <span class='ocr_line' id='line_1_50' title="bbox 1940 1821 3512 1893; baseline 0.007 -21"><span class='ocrx_word' id='word_1_366' title='bbox 1940 1821 2274 1890; x_wconf 87' lang='lat' dir='ltr'><strong>reeeptione,</strong></span> <span class='ocrx_word' id='word_1_367' title='bbox 2306 1837 2431 1892; x_wconf 65' lang='lat' dir='ltr'><strong>qum</strong></span> <span class='ocrx_word' id='word_1_368' title='bbox 2471 1824 2675 1877; x_wconf 87' lang='lat' dir='ltr'><strong>multos</strong></span> <span class='ocrx_word' id='word_1_369' title='bbox 2720 1825 3019 1893; x_wconf 89' lang='lat' dir='ltr'><strong>compellit,</strong></span> <span class='ocrx_word' id='word_1_370' title='bbox 3062 1835 3121 1881; x_wconf 92' lang='lat' dir='ltr'><strong>ut</strong></span> <span class='ocrx_word' id='word_1_371' title='bbox 3162 1828 3512 1883; x_wconf 85' lang='lat' dir='ltr'><strong>ininneitiam</strong></span> 
     </span>
    </p>
   </div>
   <div class='ocr_carea' id='block_1_51' title="bbox 1941 1909 3517 1987">
    <p class='ocr_par' dir='ltr' id='par_1_51' title="bbox 1941 1909 3517 1987">
     <span class='ocr_line' id='line_1_51' title="bbox 1941 1909 3517 1987; baseline 0.008 -23"><span class='ocrx_word' id='word_1_372' title='bbox 1941 1909 2231 1966; x_wconf 83' lang='lat' dir='ltr'><strong>inimicitia</strong></span> <span class='ocrx_word' id='word_1_373' title='bbox 2258 1922 2311 1967; x_wconf 87' lang='lat' dir='ltr'><strong>et</strong></span> <span class='ocrx_word' id='word_1_374' title='bbox 2338 1913 2576 1967; x_wconf 86' lang='lat' dir='ltr'><strong>vindicta</strong></span> <span class='ocrx_word' id='word_1_375' title='bbox 2608 1916 2915 1984; x_wconf 76' lang='lat' dir='ltr'><strong>graviorem</strong></span> <span class='ocrx_word' id='word_1_376' title='bbox 2946 1932 3054 1971; x_wconf 90' lang='lat' dir='ltr'><strong>non</strong></span> <span class='ocrx_word' id='word_1_377' title='bbox 3088 1919 3340 1987; x_wconf 86' lang='lat' dir='ltr'><strong>reddant,</strong></span> <span class='ocrx_word' id='word_1_378' title='bbox 3370 1923 3517 1976; x_wconf 84' lang='lat' dir='ltr'><strong>acci-</strong></span> 
     </span>
    </p>
   </div>
   <div class='ocr_carea' id='block_1_52' title="bbox 1938 2004 3513 2079">
    <p class='ocr_par' dir='ltr' id='par_1_52' title="bbox 1938 2004 3513 2079">
     <span class='ocr_line' id='line_1_52' title="bbox 1938 2004 3513 2079; baseline 0.01 -24"><span class='ocrx_word' id='word_1_379' title='bbox 1938 2017 2065 2072; x_wconf 88' lang='lat' dir='ltr'><strong>pere</strong></span> <span class='ocrx_word' id='word_1_380' title='bbox 2116 2004 2292 2068; x_wconf 86' lang='lat' dir='ltr'><strong>malit,</strong></span> <span class='ocrx_word' id='word_1_381' title='bbox 2328 2021 2429 2060; x_wconf 88' lang='lat' dir='ltr'><strong>nec</strong></span> <span class='ocrx_word' id='word_1_382' title='bbox 2464 2007 2552 2060; x_wconf 92' lang='lat' dir='ltr'><strong>ille</strong></span> <span class='ocrx_word' id='word_1_383' title='bbox 2582 2007 2814 2076; x_wconf 89' lang='lat' dir='ltr'><strong>judicio,</strong></span> <span class='ocrx_word' id='word_1_384' title='bbox 2855 2025 2965 2079; x_wconf 91' lang='lat' dir='ltr'><strong>quo</strong></span> <span class='ocrx_word' id='word_1_385' title='bbox 2995 2012 3187 2075; x_wconf 81' lang='lat' dir='ltr'><strong>utitur,</strong></span> <span class='ocrx_word' id='word_1_386' title='bbox 3220 2015 3513 2070; x_wconf 84' lang='lat' dir='ltr'><strong>admodum</strong></span> 
     </span>
    </p>
   </div>
   <div class='ocr_carea' id='block_1_53' title="bbox 1938 2094 3516 2175">
    <p class='ocr_par' dir='ltr' id='par_1_53' title="bbox 1938 2094 3516 2175">
     <span class='ocr_line' id='line_1_53' title="bbox 1938 2094 3516 2175; baseline 0.008 -25"><span class='ocrx_word' id='word_1_387' title='bbox 1938 2094 2175 2151; x_wconf 80' lang='lat' dir='ltr'><strong>falletur.</strong></span> <span class='ocrx_word' id='word_1_388' title='bbox 2211 2096 2343 2163; x_wconf 74' lang='lat' dir='ltr'><strong>Qua:</strong></span> <span class='ocrx_word' id='word_1_389' title='bbox 2376 2099 2524 2175; x_wconf 79' lang='lat' dir='ltr'><strong>enim</strong></span> <span class='ocrx_word' id='word_1_390' title='bbox 2558 2099 2624 2153; x_wconf 89' lang='lat' dir='ltr'><strong>ad</strong></span> <span class='ocrx_word' id='word_1_391' title='bbox 2653 2101 2949 2156; x_wconf 88' lang='lat' dir='ltr'><strong>vindictam</strong></span> <span class='ocrx_word' id='word_1_392' title='bbox 2982 2106 3279 2159; x_wconf 77' lang='lat' dir='ltr'><strong>cavendam</strong></span> <span class='ocrx_word' id='word_1_393' title='bbox 3314 2107 3516 2163; x_wconf 87' lang='lat' dir='ltr'><strong>adhor-</strong></span> 
     </span>
    </p>
   </div>
   <div class='ocr_carea' id='block_1_54' title="bbox 1938 2192 3517 2257">
    <p class='ocr_par' dir='ltr' id='par_1_54' title="bbox 1938 2192 3517 2257">
     <span class='ocr_line' id='line_1_54' title="bbox 1938 2192 3517 2257; baseline 0.01 -15"><span class='ocrx_word' id='word_1_394' title='bbox 1938 2197 2085 2245; x_wconf 88' lang='lat' dir='ltr'><strong>tatur</strong></span> <span class='ocrx_word' id='word_1_395' title='bbox 2114 2192 2311 2255; x_wconf 87' lang='lat' dir='ltr'><strong>oratio,</strong></span> <span class='ocrx_word' id='word_1_396' title='bbox 2348 2192 2436 2246; x_wconf 90' lang='lat' dir='ltr'><strong>illa</strong></span> <span class='ocrx_word' id='word_1_397' title='bbox 2477 2192 2542 2246; x_wconf 89' lang='lat' dir='ltr'><strong>ad</strong></span> <span class='ocrx_word' id='word_1_398' title='bbox 2575 2194 2992 2250; x_wconf 89' lang='lat' dir='ltr'><strong>consensionem</strong></span> <span class='ocrx_word' id='word_1_399' title='bbox 3031 2196 3341 2254; x_wconf 91' lang='lat' dir='ltr'><strong>animorum</strong></span> <span class='ocrx_word' id='word_1_400' title='bbox 3383 2217 3517 2257; x_wconf 84' lang='lat' dir='ltr'><strong>eon-</strong></span> 
     </span>
    </p>
   </div>
   <div class='ocr_carea' id='block_1_55' title="bbox 1936 2282 3516 2361">
    <p class='ocr_par' dir='ltr' id='par_1_55' title="bbox 1936 2282 3516 2361">
     <span class='ocr_line' id='line_1_55' title="bbox 1936 2282 3516 2361; baseline 0.006 -23"><span class='ocrx_word' id='word_1_401' title='bbox 1936 2282 2222 2338; x_wconf 88' lang='lat' dir='ltr'><strong>ciliandam</strong></span> <span class='ocrx_word' id='word_1_402' title='bbox 2245 2284 2457 2354; x_wconf 81' lang='lat' dir='ltr'><strong>egregie</strong></span> <span class='ocrx_word' id='word_1_403' title='bbox 2486 2284 2633 2340; x_wconf 78' lang='lat' dir='ltr'><strong>facit.</strong></span> <span class='ocrx_word' id='word_1_404' title='bbox 2668 2284 2821 2352; x_wconf 71' lang='lat' dir='ltr'><strong>Qudd</strong></span> <span class='ocrx_word' id='word_1_405' title='bbox 2854 2287 2900 2341; x_wconf 93' lang='lat' dir='ltr'><strong>si</strong></span> <span class='ocrx_word' id='word_1_406' title='bbox 2918 2286 3063 2342; x_wconf 89' lang='lat' dir='ltr'><strong>enim</strong></span> <span class='ocrx_word' id='word_1_407' title='bbox 3097 2287 3171 2351; x_wconf 84' lang='lat' dir='ltr'><strong>is,</strong></span> <span class='ocrx_word' id='word_1_408' title='bbox 3195 2291 3290 2359; x_wconf 87' lang='lat' dir='ltr'><strong>qui</strong></span> <span class='ocrx_word' id='word_1_409' title='bbox 3319 2302 3516 2361; x_wconf 83' lang='lat' dir='ltr'><strong>praeter</strong></span> 
     </span>
    </p>
   </div>
   <div class='ocr_carea' id='block_1_56' title="bbox 1937 2374 3514 2445">
    <p class='ocr_par' dir='ltr' id='par_1_56' title="bbox 1937 2374 3514 2445">
     <span class='ocr_line' id='line_1_56' title="bbox 1937 2374 3514 2445; baseline 0.008 -18"><span class='ocrx_word' id='word_1_410' title='bbox 1937 2389 2053 2429; x_wconf 88' lang='lat' dir='ltr'><strong>rem</strong></span> <span class='ocrx_word' id='word_1_411' title='bbox 2100 2374 2443 2430; x_wconf 91' lang='lat' dir='ltr'><strong>inimicitiam</strong></span> <span class='ocrx_word' id='word_1_412' title='bbox 2495 2377 2762 2433; x_wconf 86' lang='lat' dir='ltr'><strong>adversus</strong></span> <span class='ocrx_word' id='word_1_413' title='bbox 2813 2387 2864 2433; x_wconf 91' lang='lat' dir='ltr'><strong>te</strong></span> <span class='ocrx_word' id='word_1_414' title='bbox 2897 2379 3062 2445; x_wconf 82' lang='lat' dir='ltr'><strong>fovet,</strong></span> <span class='ocrx_word' id='word_1_415' title='bbox 3122 2383 3225 2436; x_wconf 86' lang='lat' dir='ltr'><strong>tela</strong></span> <span class='ocrx_word' id='word_1_416' title='bbox 3291 2399 3514 2440; x_wconf 86' lang='lat' dir='ltr'><strong>movere</strong></span> 
     </span>
    </p>
   </div>
   <div class='ocr_carea' id='block_1_57' title="bbox 1938 2466 3515 2537">
    <p class='ocr_par' dir='ltr' id='par_1_57' title="bbox 1938 2466 3515 2537">
     <span class='ocr_line' id='line_1_57' title="bbox 1938 2466 3515 2537; baseline 0.008 -18"><span class='ocrx_word' id='word_1_417' title='bbox 1938 2482 2047 2520; x_wconf 90' lang='lat' dir='ltr'><strong>non</strong></span> <span class='ocrx_word' id='word_1_418' title='bbox 2081 2466 2338 2534; x_wconf 86' lang='lat' dir='ltr'><strong>desinat;</strong></span> <span class='ocrx_word' id='word_1_419' title='bbox 2370 2469 2689 2537; x_wconf 77' lang='lat' dir='ltr'><strong>przestiterit</strong></span> <span class='ocrx_word' id='word_1_420' title='bbox 2745 2478 2949 2533; x_wconf 75' lang='lat' dir='ltr'><strong>tamen,</strong></span> <span class='ocrx_word' id='word_1_421' title='bbox 2986 2487 3335 2529; x_wconf 90' lang='lat' dir='ltr'><strong>communem</strong></span> <span class='ocrx_word' id='word_1_422' title='bbox 3366 2473 3515 2531; x_wconf 85' lang='lat' dir='ltr'><strong>Con-</strong></span> 
     </span>
    </p>
   </div>
   <div class='ocr_carea' id='block_1_58' title="bbox 1937 2558 3515 2637">
    <p class='ocr_par' dir='ltr' id='par_1_58' title="bbox 1937 2558 3515 2637">
     <span class='ocr_line' id='line_1_58' title="bbox 1937 2558 3515 2637; baseline 0.011 -24"><span class='ocrx_word' id='word_1_423' title='bbox 1937 2558 2194 2622; x_wconf 85' lang='lat' dir='ltr'><strong>ditorem,</strong></span> <span class='ocrx_word' id='word_1_424' title='bbox 2253 2560 2633 2631; x_wconf 83' lang='lat' dir='ltr'><strong>dextramque,</strong></span> <span class='ocrx_word' id='word_1_425' title='bbox 2715 2578 2838 2634; x_wconf 65' lang='lat' dir='ltr'><strong>qua:</strong></span> <span class='ocrx_word' id='word_1_426' title='bbox 2886 2573 3184 2637; x_wconf 91' lang='lat' dir='ltr'><strong>utrumque</strong></span> <span class='ocrx_word' id='word_1_427' title='bbox 3234 2567 3515 2630; x_wconf 79' lang='lat' dir='ltr'><strong>formarit.</strong></span> 
     </span>
    </p>
   </div>
   <div class='ocr_carea' id='block_1_59' title="bbox 1936 2650 3520 2729">
    <p class='ocr_par' dir='ltr' id='par_1_59' title="bbox 1936 2650 3520 2729">
     <span class='ocr_line' id='line_1_59' title="bbox 1936 2650 3520 2729; baseline 0.008 -24"><span class='ocrx_word' id='word_1_428' title='bbox 1936 2650 2187 2705; x_wconf 87' lang='lat' dir='ltr'><strong>eamdem</strong></span> <span class='ocrx_word' id='word_1_429' title='bbox 2240 2666 2403 2721; x_wconf 89' lang='lat' dir='ltr'><strong>porro</strong></span> <span class='ocrx_word' id='word_1_430' title='bbox 2446 2653 2738 2725; x_wconf 88' lang='lat' dir='ltr'><strong>utriusque</strong></span> <span class='ocrx_word' id='word_1_431' title='bbox 2782 2664 3034 2711; x_wconf 87' lang='lat' dir='ltr'><strong>naturam</strong></span> <span class='ocrx_word' id='word_1_432' title='bbox 3090 2660 3418 2729; x_wconf 77' lang='lat' dir='ltr'><strong>recogitare,</strong></span> <span class='ocrx_word' id='word_1_433' title='bbox 3458 2673 3520 2718; x_wconf 82' lang='lat' dir='ltr'><strong>et</strong></span> 
     </span>
    </p>
   </div>
   <div class='ocr_carea' id='block_1_60' title="bbox 1939 2741 3519 2815">
    <p class='ocr_par' dir='ltr' id='par_1_60' title="bbox 1939 2741 3519 2815">
     <span class='ocr_line' id='line_1_60' title="bbox 1939 2741 3519 2815; baseline 0.009 -19"><span class='ocrx_word' id='word_1_434' title='bbox 1939 2741 2206 2798; x_wconf 82' lang='lat' dir='ltr'><strong>facilitate</strong></span> <span class='ocrx_word' id='word_1_435' title='bbox 2237 2758 2336 2799; x_wconf 88' lang='lat' dir='ltr'><strong>sua</strong></span> <span class='ocrx_word' id='word_1_436' title='bbox 2398 2744 2646 2815; x_wconf 84' lang='lat' dir='ltr'><strong>iniquum</strong></span> <span class='ocrx_word' id='word_1_437' title='bbox 2703 2762 2919 2802; x_wconf 92' lang='lat' dir='ltr'><strong>osorem</strong></span> <span class='ocrx_word' id='word_1_438' title='bbox 2990 2750 3232 2806; x_wconf 88' lang='lat' dir='ltr'><strong>vincere.</strong></span> <span class='ocrx_word' id='word_1_439' title='bbox 3295 2752 3519 2811; x_wconf 70' lang='lat' dir='ltr'><strong>Naturae</strong></span> 
     </span>
    </p>
   </div>
   <div class='ocr_carea' id='block_1_61' title="bbox 1936 2834 3516 2906">
    <p class='ocr_par' dir='ltr' id='par_1_61' title="bbox 1936 2834 3516 2906">
     <span class='ocr_line' id='line_1_61' title="bbox 1936 2834 3516 2906; baseline 0.008 -18"><span class='ocrx_word' id='word_1_440' title='bbox 1936 2835 2083 2889; x_wconf 92' lang='lat' dir='ltr'><strong>enim</strong></span> <span class='ocrx_word' id='word_1_441' title='bbox 2157 2834 2392 2892; x_wconf 88' lang='lat' dir='ltr'><strong>alliuitas</strong></span> <span class='ocrx_word' id='word_1_442' title='bbox 2417 2852 2511 2906; x_wconf 88' lang='lat' dir='ltr'><strong>per</strong></span> <span class='ocrx_word' id='word_1_443' title='bbox 2543 2836 2889 2893; x_wconf 88' lang='lat' dir='ltr'><strong>inimicitiam</strong></span> <span class='ocrx_word' id='word_1_444' title='bbox 2932 2841 3164 2897; x_wconf 90' lang='lat' dir='ltr'><strong>tollitur.</strong></span> <span class='ocrx_word' id='word_1_445' title='bbox 3203 2842 3299 2899; x_wconf 89' lang='lat' dir='ltr'><strong>Sin</strong></span> <span class='ocrx_word' id='word_1_446' title='bbox 3330 2849 3516 2902; x_wconf 82' lang='lat' dir='ltr'><strong>minus</strong></span> 
     </span>
    </p>
   </div>
   <div class='ocr_carea' id='block_1_62' title="bbox 1938 2927 3513 3005">
    <p class='ocr_par' dir='ltr' id='par_1_62' title="bbox 1938 2927 3513 3005">
     <span class='ocr_line' id='line_1_62' title="bbox 1938 2927 3513 3005; baseline 0.006 -25"><span class='ocrx_word' id='word_1_447' title='bbox 1938 2927 2045 2981; x_wconf 92' lang='lat' dir='ltr'><strong>hoc</strong></span> <span class='ocrx_word' id='word_1_448' title='bbox 2077 2927 2310 2996; x_wconf 84' lang='lat' dir='ltr'><strong>placeat,</strong></span> <span class='ocrx_word' id='word_1_449' title='bbox 2341 2928 2611 2998; x_wconf 86' lang='lat' dir='ltr'><strong>malisque</strong></span> <span class='ocrx_word' id='word_1_450' title='bbox 2644 2929 2878 2999; x_wconf 89' lang='lat' dir='ltr'><strong>injurias</strong></span> <span class='ocrx_word' id='word_1_451' title='bbox 2911 2931 3129 3000; x_wconf 85' lang='lat' dir='ltr'><strong>ulcisci,</strong></span> <span class='ocrx_word' id='word_1_452' title='bbox 3169 2944 3224 2988; x_wconf 92' lang='lat' dir='ltr'><strong>et</strong></span> <span class='ocrx_word' id='word_1_453' title='bbox 3254 2934 3513 3005; x_wconf 89' lang='lat' dir='ltr'><strong>injuriam</strong></span> 
     </span>
    </p>
   </div>
   <div class='ocr_carea' id='block_1_63' title="bbox 1938 3018 3510 3098">
    <p class='ocr_par' dir='ltr' id='par_1_63' title="bbox 1938 3018 3510 3098">
     <span class='ocr_line' id='line_1_63' title="bbox 1938 3018 3510 3098; baseline 0.008 -26"><span class='ocrx_word' id='word_1_454' title='bbox 1938 3018 2157 3073; x_wconf 86' lang='lat' dir='ltr'><strong>tristitia</strong></span> <span class='ocrx_word' id='word_1_455' title='bbox 2197 3019 2431 3086; x_wconf 88' lang='lat' dir='ltr'><strong>allicere,</strong></span> <span class='ocrx_word' id='word_1_456' title='bbox 2468 3022 2657 3077; x_wconf 90' lang='lat' dir='ltr'><strong>eadem</strong></span> <span class='ocrx_word' id='word_1_457' title='bbox 2707 3037 2838 3079; x_wconf 90' lang='lat' dir='ltr'><strong>vero</strong></span> <span class='ocrx_word' id='word_1_458' title='bbox 2879 3039 3047 3094; x_wconf 88' lang='lat' dir='ltr'><strong>opera</strong></span> <span class='ocrx_word' id='word_1_459' title='bbox 3100 3042 3209 3081; x_wconf 90' lang='lat' dir='ltr'><strong>non</strong></span> <span class='ocrx_word' id='word_1_460' title='bbox 3264 3042 3510 3098; x_wconf 87' lang='lat' dir='ltr'><strong>peccare,</strong></span> 
     </span>
    </p>
   </div>
   <div class='ocr_carea' id='block_1_64' title="bbox 172 3096 1836 3191">
    <p class='ocr_par' dir='ltr' id='par_1_64' title="bbox 172 3096 1836 3181">
     <span class='ocr_line' id='line_1_64' title="bbox 172 3096 1836 3181; baseline -0.001 -20"><span class='ocrx_word' id='word_1_461' title='bbox 172 3096 183 3105; x_wconf 67' lang='grc'><em>’</em></span> <span class='ocrx_word' id='word_1_462' title='bbox 259 3127 363 3181; x_wconf 87' lang='grc' dir='ltr'><strong>την</strong></span> <span class='ocrx_word' id='word_1_463' title='bbox 393 3105 481 3162; x_wconf 76' lang='grc' dir='ltr'><strong>διὰ</strong></span> <span class='ocrx_word' id='word_1_464' title='bbox 531 3106 735 3161; x_wconf 88' lang='grc' dir='ltr'><strong>τούτων</strong></span> <span class='ocrx_word' id='word_1_465' title='bbox 787 3104 981 3159; x_wconf 80' lang='grc' dir='ltr'><strong>σαυτοῦ</strong></span> <span class='ocrx_word' id='word_1_466' title='bbox 1034 3104 1478 3176; x_wconf 76' lang='grc' dir='ltr'><strong>παρασκευάζεις</strong></span> <span class='ocrx_word' id='word_1_467' title='bbox 1522 3106 1836 3179; x_wconf 76' lang='grc' dir='ltr'><strong>ἐκδικητὴν,</strong></span> 
     </span>
    </p>
   </div>
   <div class='ocr_carea' id='block_1_65' title="bbox 1938 3096 3514 3191">
    <p class='ocr_par' dir='ltr' id='par_1_65' title="bbox 1941 3096 3514 3180">
     <span class='ocr_line' id='line_1_65' title="bbox 1941 3096 3514 3180; baseline 0.009 -17"><span class='ocrx_word' id='word_1_468' title='bbox 1941 3109 2061 3163; x_wconf 90' lang='lat' dir='ltr'><strong>ciba</strong></span> <span class='ocrx_word' id='word_1_469' title='bbox 2091 3117 2146 3165; x_wconf 91' lang='lat' dir='ltr'><strong>et</strong></span> <span class='ocrx_word' id='word_1_470' title='bbox 2192 3122 2320 3180; x_wconf 91' lang='lat' dir='ltr'><strong>pota</strong></span> <span class='ocrx_word' id='word_1_471' title='bbox 2354 3111 2529 3167; x_wconf 92' lang='lat' dir='ltr'><strong>illum.</strong></span> <span class='ocrx_word' id='word_1_472' title='bbox 2562 3112 2852 3180; x_wconf 87' lang='lat' dir='ltr'><strong>Quomodo</strong></span> <span class='ocrx_word' id='word_1_473' title='bbox 2889 3132 3017 3172; x_wconf 89' lang='lat' dir='ltr'><strong>vero</strong></span> <span class='ocrx_word' id='word_1_474' title='bbox 3063 3127 3118 3173; x_wconf 92' lang='lat' dir='ltr'><strong>et</strong></span> <span class='ocrx_word' id='word_1_475' title='bbox 3142 3134 3243 3173; x_wconf 89' lang='lat' dir='ltr'><strong>cur</strong></span> <span class='ocrx_word' id='word_1_476' title='bbox 3266 3096 3386 3176; x_wconf 81' lang='lat' dir='ltr'><strong>ita?</strong></span> <span class='ocrx_word' id='word_1_477' title='bbox 3423 3120 3514 3178; x_wconf 89' lang='lat' dir='ltr'><strong>Sic</strong></span> 
     </span>
    </p>
   </div>
   <div class='ocr_carea' id='block_1_66' title="bbox 262 3197 1840 3270">
    <p class='ocr_par' dir='ltr' id='par_1_66' title="bbox 262 3197 1840 3270">
     <span class='ocr_line' id='line_1_66' title="bbox 262 3197 1840 3270; baseline -0.003 -16"><span class='ocrx_word' id='word_1_478' title='bbox 262 3202 471 3254; x_wconf 67' lang='grc' dir='ltr'><strong>ἐκεῖνον</strong></span> <span class='ocrx_word' id='word_1_479' title='bbox 513 3199 571 3253; x_wconf 83' lang='grc' dir='ltr'><strong>δὲ</strong></span> <span class='ocrx_word' id='word_1_480' title='bbox 617 3199 713 3263; x_wconf 43' lang='grc' dir='ltr'>διὰ,</span> <span class='ocrx_word' id='word_1_481' title='bbox 745 3198 856 3252; x_wconf 85' lang='grc' dir='ltr'><strong>τῶν</strong></span> <span class='ocrx_word' id='word_1_482' title='bbox 887 3197 1216 3270; x_wconf 80' lang='grc' dir='ltr'><strong>εὐεργεσιῶν</strong></span> <span class='ocrx_word' id='word_1_483' title='bbox 1246 3199 1327 3261; x_wconf 78' lang='grc' dir='ltr'><strong>εἰς</strong></span> <span class='ocrx_word' id='word_1_484' title='bbox 1361 3199 1641 3269; x_wconf 78' lang='grc' dir='ltr'><strong>ἐκδίκησιν</strong></span> <span class='ocrx_word' id='word_1_485' title='bbox 1684 3200 1840 3269; x_wconf 84' lang='grc' dir='ltr'><strong>κινή-</strong></span> 
     </span>
    </p>
   </div>
   <div class='ocr_carea' id='block_1_67' title="bbox 264 3287 1845 3365">
    <p class='ocr_par' dir='ltr' id='par_1_67' title="bbox 264 3287 1845 3365">
     <span class='ocr_line' id='line_1_67' title="bbox 264 3287 1845 3365; baseline -0.002 -19"><span class='ocrx_word' id='word_1_486' title='bbox 264 3310 405 3357; x_wconf 83' lang='grc' dir='ltr'>σεις,</span> <span class='ocrx_word' id='word_1_487' title='bbox 444 3293 638 3347; x_wconf 77' lang='grc' dir='ltr'><strong>θᾶττον</strong></span> <span class='ocrx_word' id='word_1_488' title='bbox 668 3291 736 3346; x_wconf 77' lang='grc' dir='ltr'><strong>ἂν</strong></span> <span class='ocrx_word' id='word_1_489' title='bbox 783 3291 913 3354; x_wconf 75' lang='grc' dir='ltr'><strong>ἴδοις</strong></span> <span class='ocrx_word' id='word_1_490' title='bbox 935 3290 1026 3344; x_wconf 78' lang='grc' dir='ltr'><strong>τὸν</strong></span> <span class='ocrx_word' id='word_1_491' title='bbox 1059 3290 1252 3362; x_wconf 74' lang='grc' dir='ltr'><strong>ἐχθρὸν</strong></span> <span class='ocrx_word' id='word_1_492' title='bbox 1276 3287 1364 3345; x_wconf 74' lang='grc' dir='ltr'><strong>οἵα</strong></span> <span class='ocrx_word' id='word_1_493' title='bbox 1405 3292 1539 3365; x_wconf 73' lang='grc' dir='ltr'><strong>πυρὶ</strong></span> <span class='ocrx_word' id='word_1_494' title='bbox 1580 3292 1649 3362; x_wconf 75' lang='grc' dir='ltr'><strong>τῇ</strong></span> <span class='ocrx_word' id='word_1_495' title='bbox 1699 3291 1845 3346; x_wconf 78' lang='grc' dir='ltr'><strong>ὲκεί-</strong></span> 
     </span>
    </p>
   </div>
   <div class='ocr_carea' id='block_1_68' title="bbox 264 3384 1842 3459">
    <p class='ocr_par' dir='ltr' id='par_1_68' title="bbox 264 3384 1842 3459">
     <span class='ocr_line' id='line_1_68' title="bbox 264 3384 1842 3459; baseline 0 -20"><span class='ocrx_word' id='word_1_496' title='bbox 264 3403 358 3439; x_wconf 72' lang='grc' dir='ltr'><strong>νου</strong></span> <span class='ocrx_word' id='word_1_497' title='bbox 386 3386 510 3459; x_wconf 84' lang='grc' dir='ltr'><strong>δίκῃ</strong></span> <span class='ocrx_word' id='word_1_498' title='bbox 540 3387 635 3440; x_wconf 84' lang='grc' dir='ltr'><strong>καὶ</strong></span> <span class='ocrx_word' id='word_1_499' title='bbox 663 3386 842 3457; x_wconf 81' lang='grc' dir='ltr'><strong>κρίσει</strong></span> <span class='ocrx_word' id='word_1_500' title='bbox 868 3386 1199 3455; x_wconf 82' lang='grc' dir='ltr'><strong>φλεγόμενόν</strong></span> <span class='ocrx_word' id='word_1_501' title='bbox 1221 3402 1282 3439; x_wconf 84' lang='grc' dir='ltr'><strong>τε</strong></span> <span class='ocrx_word' id='word_1_502' title='bbox 1327 3386 1423 3439; x_wconf 57' lang='grc' dir='ltr'><strong>καί⁸</strong></span> <span class='ocrx_word' id='word_1_503' title='bbox 1447 3384 1842 3456; x_wconf 86' lang='grc' dir='ltr'><strong>καταπιμπρά-</strong></span> 
     </span>
    </p>
   </div>
   <div class='ocr_carea' id='block_1_69' title="bbox 268 3476 1840 3550">
    <p class='ocr_par' dir='ltr' id='par_1_69' title="bbox 268 3476 1840 3550">
     <span class='ocr_line' id='line_1_69' title="bbox 268 3476 1840 3550; baseline -0.001 -20"><span class='ocrx_word' id='word_1_504' title='bbox 268 3495 452 3549; x_wconf 81' lang='grc' dir='ltr'><strong>μενον,</strong></span> <span class='ocrx_word' id='word_1_505' title='bbox 483 3478 579 3533; x_wconf 76' lang='grc' dir='ltr'><strong>καὶ</strong></span> <span class='ocrx_word' id='word_1_506' title='bbox 647 3478 784 3549; x_wconf 77' lang='grc' dir='ltr'><strong>αὐτῇ</strong></span> <span class='ocrx_word' id='word_1_507' title='bbox 844 3477 1313 3550; x_wconf 75' lang='grc' dir='ltr'><strong>συναπολλύμενον</strong></span> <span class='ocrx_word' id='word_1_508' title='bbox 1368 3476 1543 3549; x_wconf 67' lang='grc' dir='ltr'><strong>ἔχθρᾳ</strong></span> <span class='ocrx_word' id='word_1_509' title='bbox 1579 3477 1679 3531; x_wconf 70' lang='grc' dir='ltr'><strong>καὶ</strong></span> <span class='ocrx_word' id='word_1_510' title='bbox 1703 3478 1840 3530; x_wconf 73' lang='grc' dir='ltr'><strong>’ἐπι-</strong></span> 
     </span>
    </p>
   </div>
   <div class='ocr_carea' id='block_1_70' title="bbox 264 3587 459 3660">
    <p class='ocr_par' dir='ltr' id='par_1_70' title="bbox 264 3587 459 3660">
     <span class='ocr_line' id='line_1_70' title="bbox 264 3587 459 3660; baseline 0.005 -18"><span class='ocrx_word' id='word_1_511' title='bbox 264 3587 459 3660; x_wconf 71' lang='grc' dir='ltr'><strong>εουλῇ.</strong></span> 
     </span>
    </p>
   </div>
   <div class='ocr_carea' id='block_1_71' title="bbox 1936 3200 3511 3269">
    <p class='ocr_par' dir='ltr' id='par_1_71' title="bbox 1936 3200 3511 3269">
     <span class='ocr_line' id='line_1_71' title="bbox 1936 3200 3511 3269; baseline 0.009 -14"><span class='ocrx_word' id='word_1_512' title='bbox 1936 3200 2082 3255; x_wconf 87' lang='lat' dir='ltr'><strong>enim</strong></span> <span class='ocrx_word' id='word_1_513' title='bbox 2112 3217 2456 3258; x_wconf 90' lang='lat' dir='ltr'><strong>communem</strong></span> <span class='ocrx_word' id='word_1_514' title='bbox 2516 3204 2806 3262; x_wconf 88' lang='lat' dir='ltr'><strong>Dominum</strong></span> <span class='ocrx_word' id='word_1_515' title='bbox 2869 3208 3141 3265; x_wconf 88' lang='lat' dir='ltr'><strong>vindicem</strong></span> <span class='ocrx_word' id='word_1_516' title='bbox 3196 3212 3290 3266; x_wconf 90' lang='lat' dir='ltr'><strong>tibi</strong></span> <span class='ocrx_word' id='word_1_517' title='bbox 3322 3215 3511 3269; x_wconf 89' lang='lat' dir='ltr'><strong>conci-</strong></span> 
     </span>
    </p>
   </div>
   <div class='ocr_carea' id='block_1_72' title="bbox 1935 3289 3512 3361">
    <p class='ocr_par' dir='ltr' id='par_1_72' title="bbox 1935 3289 3512 3361">
     <span class='ocr_line' id='line_1_72' title="bbox 1935 3289 3512 3361; baseline 0.006 -18"><span class='ocrx_word' id='word_1_518' title='bbox 1935 3289 2061 3356; x_wconf 89' lang='lat' dir='ltr'><strong>lias,</strong></span> <span class='ocrx_word' id='word_1_519' title='bbox 2133 3306 2299 3361; x_wconf 88' lang='lat' dir='ltr'><strong>quem</strong></span> <span class='ocrx_word' id='word_1_520' title='bbox 2350 3291 2397 3347; x_wconf 90' lang='lat' dir='ltr'><strong>si</strong></span> <span class='ocrx_word' id='word_1_521' title='bbox 2456 3293 2735 3350; x_wconf 81' lang='lat' dir='ltr'><strong>beneﬁciis</strong></span> <span class='ocrx_word' id='word_1_522' title='bbox 2792 3295 2901 3352; x_wconf 84' lang='lat' dir='ltr'><strong>illis</strong></span> <span class='ocrx_word' id='word_1_523' title='bbox 2955 3297 3067 3352; x_wconf 91' lang='lat' dir='ltr'><strong>tuis</strong></span> <span class='ocrx_word' id='word_1_524' title='bbox 3129 3298 3195 3352; x_wconf 89' lang='lat' dir='ltr'><strong>ad</strong></span> <span class='ocrx_word' id='word_1_525' title='bbox 3249 3299 3512 3354; x_wconf 86' lang='lat' dir='ltr'><strong>ultionem</strong></span> 
     </span>
    </p>
   </div>
   <div class='ocr_carea' id='block_1_73' title="bbox 1934 3380 3514 3464">
    <p class='ocr_par' dir='ltr' id='par_1_73' title="bbox 1934 3380 3514 3464">
     <span class='ocr_line' id='line_1_73' title="bbox 1934 3380 3514 3464; baseline 0.008 -29"><span class='ocrx_word' id='word_1_526' title='bbox 1934 3380 2258 3451; x_wconf 75' lang='lat' dir='ltr'><strong>capiendam</strong></span> <span class='ocrx_word' id='word_1_527' title='bbox 2292 3384 2644 3449; x_wconf 81' lang='lat' dir='ltr'><strong>excitaveris,</strong></span> <span class='ocrx_word' id='word_1_528' title='bbox 2675 3385 2957 3443; x_wconf 89' lang='lat' dir='ltr'><strong>inimicum</strong></span> <span class='ocrx_word' id='word_1_529' title='bbox 2987 3405 3143 3459; x_wconf 71' lang='lat' dir='ltr'><strong>poena</strong></span> <span class='ocrx_word' id='word_1_530' title='bbox 3178 3391 3300 3461; x_wconf 84' lang='lat' dir='ltr'><strong>ejus</strong></span> <span class='ocrx_word' id='word_1_531' title='bbox 3329 3401 3383 3448; x_wconf 90' lang='lat' dir='ltr'><strong>et</strong></span> <span class='ocrx_word' id='word_1_532' title='bbox 3424 3395 3514 3464; x_wconf 87' lang='lat' dir='ltr'><strong>ju-</strong></span> 
     </span>
    </p>
   </div>
   <div class='ocr_carea' id='block_1_74' title="bbox 1933 3474 3513 3553">
    <p class='ocr_par' dir='ltr' id='par_1_74' title="bbox 1933 3474 3513 3553">
     <span class='ocr_line' id='line_1_74' title="bbox 1933 3474 3513 3553; baseline 0.009 -26"><span class='ocrx_word' id='word_1_533' title='bbox 1933 3474 2111 3540; x_wconf 86' lang='lat' dir='ltr'><strong>diciis,</strong></span> <span class='ocrx_word' id='word_1_534' title='bbox 2140 3483 2397 3545; x_wconf 87' lang='lat' dir='ltr'><strong>tanquam</strong></span> <span class='ocrx_word' id='word_1_535' title='bbox 2417 3477 2542 3548; x_wconf 78' lang='lat' dir='ltr'><strong>igne</strong></span> <span class='ocrx_word' id='word_1_536' title='bbox 2573 3479 2833 3548; x_wconf 88' lang='lat' dir='ltr'><strong>quodam,</strong></span> <span class='ocrx_word' id='word_1_537' title='bbox 2866 3493 3253 3553; x_wconf 90' lang='lat' dir='ltr'><strong>consumptum</strong></span> <span class='ocrx_word' id='word_1_538' title='bbox 3279 3496 3335 3539; x_wconf 89' lang='lat' dir='ltr'><strong>ct</strong></span> <span class='ocrx_word' id='word_1_539' title='bbox 3362 3501 3513 3541; x_wconf 82' lang='lat' dir='ltr'><strong>com-</strong></span> 
     </span>
    </p>
   </div>
   <div class='ocr_carea' id='block_1_75' title="bbox 1936 3564 3513 3639">
    <p class='ocr_par' dir='ltr' id='par_1_75' title="bbox 1936 3564 3513 3639">
     <span class='ocr_line' id='line_1_75' title="bbox 1936 3564 3513 3639; baseline 0.008 -19"><span class='ocrx_word' id='word_1_540' title='bbox 1936 3564 2183 3630; x_wconf 74' lang='lat' dir='ltr'><strong>bustum,</strong></span> <span class='ocrx_word' id='word_1_541' title='bbox 2216 3566 2611 3639; x_wconf 85' lang='lat' dir='ltr'><strong>iuimicitiaque</strong></span> <span class='ocrx_word' id='word_1_542' title='bbox 2669 3585 2769 3626; x_wconf 87' lang='lat' dir='ltr'><strong>sua</strong></span> <span class='ocrx_word' id='word_1_543' title='bbox 2802 3579 2856 3626; x_wconf 92' lang='lat' dir='ltr'><strong>et</strong></span> <span class='ocrx_word' id='word_1_544' title='bbox 2905 3573 3046 3629; x_wconf 86' lang='lat' dir='ltr'><strong>odiis</strong></span> <span class='ocrx_word' id='word_1_545' title='bbox 3078 3575 3401 3632; x_wconf 86' lang='lat' dir='ltr'><strong>devoratum</strong></span> <span class='ocrx_word' id='word_1_546' title='bbox 3430 3579 3513 3633; x_wconf 54' lang='lat' dir='ltr'><strong>ei-</strong></span> 
     </span>
    </p>
   </div>
   <div class='ocr_carea' id='block_1_76' title="bbox 1932 3656 2294 3714">
    <p class='ocr_par' dir='ltr' id='par_1_76' title="bbox 1932 3656 2294 3714">
     <span class='ocr_line' id='line_1_76' title="bbox 1932 3656 2294 3714; baseline 0.008 -3"><span class='ocrx_word' id='word_1_547' title='bbox 1932 3656 2043 3711; x_wconf 89' lang='lat' dir='ltr'><strong>tius</strong></span> <span class='ocrx_word' id='word_1_548' title='bbox 2071 3656 2294 3714; x_wconf 84' lang='lat' dir='ltr'><strong>videris.</strong></span> 
     </span>
    </p>
   </div>
   <div class='ocr_carea' id='block_1_77' title="bbox 834 3833 2965 3934">
    <p class='ocr_par' dir='ltr' id='par_1_77' title="bbox 834 3833 2965 3934">
     <span class='ocr_line' id='line_1_77' title="bbox 834 3833 2965 3934; baseline 0.005 -37"><span class='ocrx_word' id='word_1_549' title='bbox 834 3833 1295 3897; x_wconf 79' lang='lat' dir='ltr'><strong>STEWARTII</strong></span> <span class='ocrx_word' id='word_1_550' title='bbox 1340 3833 1719 3934; x_wconf 76' lang='lat' dir='ltr'><strong>MONITUM</strong></span> <span class='ocrx_word' id='word_1_551' title='bbox 1761 3835 1844 3897; x_wconf 79' lang='grc' dir='ltr'><strong>ΙΝ</strong></span> <span class='ocrx_word' id='word_1_552' title='bbox 1894 3838 2371 3912; x_wconf 84' lang='lat' dir='ltr'><strong>SEQUENTEM</strong></span> <span class='ocrx_word' id='word_1_553' title='bbox 2405 3840 2965 3915; x_wconf 63' lang='lat' dir='ltr'><strong>QUIESTIONEM.</strong></span> 
     </span>
    </p>
   </div>
   <div class='ocr_carea' id='block_1_78' title="bbox 337 3953 3508 4038">
    <p class='ocr_par' dir='ltr' id='par_1_78' title="bbox 337 3953 3508 4038">
     <span class='ocr_line' id='line_1_78' title="bbox 337 3953 3508 4038; baseline 0.002 -27"><span class='ocrx_word' id='word_1_554' title='bbox 337 3957 429 4012; x_wconf 79' lang='lat' dir='ltr'><strong>Est</strong></span> <span class='ocrx_word' id='word_1_555' title='bbox 456 3966 513 4013; x_wconf 83' lang='lat' dir='ltr'><strong>et</strong></span> <span class='ocrx_word' id='word_1_556' title='bbox 541 3958 645 4014; x_wconf 85' lang='lat' dir='ltr'><strong>hoc</strong></span> <span class='ocrx_word' id='word_1_557' title='bbox 670 3958 993 4028; x_wconf 75' lang='lat' dir='ltr'><strong>opusculum</strong></span> <span class='ocrx_word' id='word_1_558' title='bbox 1043 3955 1219 4010; x_wconf 79' lang='lat' dir='ltr'><strong>Photii</strong></span> <span class='ocrx_word' id='word_1_559' title='bbox 1250 3971 1281 4011; x_wconf 90' lang='lat' dir='ltr'><strong>a</strong></span> <span class='ocrx_word' id='word_1_560' title='bbox 1313 3953 1583 4011; x_wconf 85' lang='lat' dir='ltr'><strong>Turriano</strong></span> <span class='ocrx_word' id='word_1_561' title='bbox 1610 3955 1801 4013; x_wconf 89' lang='lat' dir='ltr'><strong>Latine</strong></span> <span class='ocrx_word' id='word_1_562' title='bbox 1830 3974 2044 4014; x_wconf 88' lang='lat' dir='ltr'><strong>versum</strong></span> <span class='ocrx_word' id='word_1_563' title='bbox 2093 3960 2231 4015; x_wconf 91' lang='lat' dir='ltr'><strong>inter</strong></span> <span class='ocrx_word' id='word_1_564' title='bbox 2260 3959 2500 4017; x_wconf 84' lang='lat' dir='ltr'><strong>schedas</strong></span> <span class='ocrx_word' id='word_1_565' title='bbox 2517 3960 2838 4038; x_wconf 81' lang='lat' dir='ltr'><strong>Canisianas</strong></span> <span class='ocrx_word' id='word_1_566' title='bbox 2869 3972 3172 4033; x_wconf 76' lang='lat' dir='ltr'><strong>repertum.</strong></span> <span class='ocrx_word' id='word_1_567' title='bbox 3197 3965 3508 4035; x_wconf 50' lang='lat' dir='ltr'><strong>Argumenp</strong></span> 
     </span>
    </p>
   </div>
   <div class='ocr_carea' id='block_1_79' title="bbox 264 4042 3515 4123">
    <p class='ocr_par' dir='ltr' id='par_1_79' title="bbox 264 4042 3515 4123">
     <span class='ocr_line' id='line_1_79' title="bbox 264 4042 3515 4123; baseline 0.003 -24"><span class='ocrx_word' id='word_1_568' title='bbox 264 4047 660 4115; x_wconf 61' lang='lat' dir='ltr'><strong>tum&gt;paucnlis</strong></span> <span class='ocrx_word' id='word_1_569' title='bbox 683 4046 838 4100; x_wconf 84' lang='lat' dir='ltr'><strong>hisce</strong></span> <span class='ocrx_word' id='word_1_570' title='bbox 872 4044 1054 4099; x_wconf 88' lang='lat' dir='ltr'><strong>verbis</strong></span> <span class='ocrx_word' id='word_1_571' title='bbox 1090 4044 1407 4113; x_wconf 76' lang='lat' dir='ltr'><strong>complexus</strong></span> <span class='ocrx_word' id='word_1_572' title='bbox 1445 4053 1528 4099; x_wconf 90' lang='lat' dir='ltr'><strong>est</strong></span> <span class='ocrx_word' id='word_1_573' title='bbox 1561 4042 1875 4100; x_wconf 75' lang='lat' dir='ltr'><strong>Turrianus</strong></span> <span class='ocrx_word' id='word_1_574' title='bbox 1910 4064 1926 4102; x_wconf 90' lang='lat'><strong>:</strong></span> <span class='ocrx_word' id='word_1_575' title='bbox 1966 4064 1984 4097; x_wconf 81' lang='grc' dir='ltr'><strong>ι</strong></span> <span class='ocrx_word' id='word_1_576' title='bbox 2030 4046 2289 4104; x_wconf 82' lang='lat' dir='ltr'><strong>Voluntas</strong></span> <span class='ocrx_word' id='word_1_577' title='bbox 2348 4050 2676 4114; x_wconf 74' lang='lat' dir='ltr'><strong>comedendi.</strong></span> <span class='ocrx_word' id='word_1_578' title='bbox 2712 4052 3029 4121; x_wconf 80' lang='lat' dir='ltr'><strong>simpliciter</strong></span> <span class='ocrx_word' id='word_1_579' title='bbox 3061 4052 3168 4107; x_wconf 76' lang='lat' dir='ltr'><strong>fuit</strong></span> <span class='ocrx_word' id='word_1_580' title='bbox 3194 4054 3408 4123; x_wconf 88' lang='lat' dir='ltr'><strong>quidem</strong></span> <span class='ocrx_word' id='word_1_581' title='bbox 3451 4057 3515 4109; x_wconf 81' lang='lat' dir='ltr'><strong>in:</strong></span> 
     </span>
    </p>
   </div>
   <div class='ocr_carea' id='block_1_80' title="bbox 260 4131 3517 4210">
    <p class='ocr_par' dir='ltr' id='par_1_80' title="bbox 260 4131 3517 4210">
     <span class='ocr_line' id='line_1_80' title="bbox 260 4131 3517 4210; baseline 0.003 -25"><span class='ocrx_word' id='word_1_582' title='bbox 260 4132 506 4198; x_wconf 74' lang='lat' dir='ltr'><strong>Christo,</strong></span> <span class='ocrx_word' id='word_1_583' title='bbox 535 4133 663 4203; x_wconf 89' lang='lat' dir='ltr'><strong>quia</strong></span> <span class='ocrx_word' id='word_1_584' title='bbox 696 4133 812 4187; x_wconf 86' lang='lat' dir='ltr'><strong>haec</strong></span> <span class='ocrx_word' id='word_1_585' title='bbox 833 4131 1089 4186; x_wconf 87' lang='lat' dir='ltr'><strong>voluntas</strong></span> <span class='ocrx_word' id='word_1_586' title='bbox 1118 4131 1390 4185; x_wconf 84' lang='lat' dir='ltr'><strong>naturalis</strong></span> <span class='ocrx_word' id='word_1_587' title='bbox 1417 4141 1522 4185; x_wconf 91' lang='lat' dir='ltr'><strong>est.</strong></span> <span class='ocrx_word' id='word_1_588' title='bbox 1560 4132 1829 4187; x_wconf 67' lang='lat' dir='ltr'><strong>Voluntas</strong></span> <span class='ocrx_word' id='word_1_589' title='bbox 1851 4144 1981 4189; x_wconf 80' lang='lat' dir='ltr'><strong>vero</strong></span> <span class='ocrx_word' id='word_1_590' title='bbox 2009 4136 2332 4193; x_wconf 88' lang='lat' dir='ltr'><strong>comedendi</strong></span> <span class='ocrx_word' id='word_1_591' title='bbox 2352 4137 2557 4208; x_wconf 91' lang='lat' dir='ltr'><strong>aliquid</strong></span> <span class='ocrx_word' id='word_1_592' title='bbox 2578 4140 2678 4194; x_wconf 90' lang='lat' dir='ltr'><strong>hac</strong></span> <span class='ocrx_word' id='word_1_593' title='bbox 2708 4141 2802 4194; x_wconf 90' lang='lat' dir='ltr'><strong>vel&#39;</strong></span> <span class='ocrx_word' id='word_1_594' title='bbox 2821 4141 2917 4194; x_wconf 68' lang='lat' dir='ltr'><strong>illa.</strong></span> <span class='ocrx_word' id='word_1_595' title='bbox 2942 4140 3208 4210; x_wconf 81' lang='lat' dir='ltr'><strong>qualitate</strong></span> <span class='ocrx_word' id='word_1_596' title='bbox 3225 4141 3517 4207; x_wconf 59' lang='lat' dir='ltr'><strong>allectum,</strong></span> 
     </span>
    </p>
   </div>
   <div class='ocr_carea' id='block_1_81' title="bbox 262 4217 3515 4297">
    <p class='ocr_par' dir='ltr' id='par_1_81' title="bbox 262 4217 3515 4297">
     <span class='ocr_line' id='line_1_81' title="bbox 262 4217 3515 4297; baseline 0.005 -26"><span class='ocrx_word' id='word_1_597' title='bbox 262 4227 325 4273; x_wconf 89' lang='grc' dir='ltr'><strong>ιιι</strong></span> <span class='ocrx_word' id='word_1_598' title='bbox 352 4218 529 4285; x_wconf 85' lang='lat' dir='ltr'><strong>dulce,</strong></span> <span class='ocrx_word' id='word_1_599' title='bbox 568 4228 661 4273; x_wconf 87' lang='lat' dir='ltr'><strong>aut</strong></span> <span class='ocrx_word' id='word_1_600' title='bbox 691 4234 964 4285; x_wconf 84' lang='lat' dir='ltr'><strong>amarum,</strong></span> <span class='ocrx_word' id='word_1_601' title='bbox 1002 4226 1097 4272; x_wconf 87' lang='lat' dir='ltr'><strong>aut</strong></span> <span class='ocrx_word' id='word_1_602' title='bbox 1124 4217 1382 4284; x_wconf 87' lang='lat' dir='ltr'><strong>multum,</strong></span> <span class='ocrx_word' id='word_1_603' title='bbox 1418 4226 1513 4273; x_wconf 81' lang='lat' dir='ltr'><strong>aut</strong></span> <span class='ocrx_word' id='word_1_604' title='bbox 1542 4233 1764 4289; x_wconf 74' lang='lat' dir='ltr'><strong>parum,</strong></span> <span class='ocrx_word' id='word_1_605' title='bbox 1800 4235 1909 4274; x_wconf 83' lang='lat' dir='ltr'><strong>non</strong></span> <span class='ocrx_word' id='word_1_606' title='bbox 1960 4220 2062 4277; x_wconf 75' lang='lat' dir='ltr'><strong>fuit</strong></span> <span class='ocrx_word' id='word_1_607' title='bbox 2092 4223 2143 4277; x_wconf 94' lang='lat' dir='ltr'><strong>in</strong></span> <span class='ocrx_word' id='word_1_608' title='bbox 2193 4240 2280 4289; x_wconf 88' lang='lat' dir='ltr'><strong>eo,</strong></span> <span class='ocrx_word' id='word_1_609' title='bbox 2316 4225 2441 4296; x_wconf 87' lang='lat' dir='ltr'><strong>quia</strong></span> <span class='ocrx_word' id='word_1_610' title='bbox 2474 4227 2808 4296; x_wconf 87' lang='lat' dir='ltr'><strong>hujusmodi,</strong></span> <span class='ocrx_word' id='word_1_611' title='bbox 2855 4245 2976 4297; x_wconf 58' lang='lat' dir='ltr'><strong>qua;</strong></span> <span class='ocrx_word' id='word_1_612' title='bbox 3011 4230 3212 4285; x_wconf 83' lang='lat' dir='ltr'><strong>dicitur</strong></span> <span class='ocrx_word' id='word_1_613' title='bbox 3241 4231 3394 4295; x_wconf 82' lang='grc' dir='ltr'>ποιά,</span> <span class='ocrx_word' id='word_1_614' title='bbox 3450 4231 3515 4285; x_wconf 69' lang='lat' dir='ltr'><strong>id:</strong></span> 
     </span>
    </p>
   </div>
   <div class='ocr_carea' id='block_1_82' title="bbox 259 4305 3500 4379">
    <p class='ocr_par' dir='ltr' id='par_1_82' title="bbox 259 4305 3500 4379">
     <span class='ocr_line' id='line_1_82' title="bbox 259 4305 3500 4379; baseline 0.003 -17"><span class='ocrx_word' id='word_1_615' title='bbox 259 4318 365 4372; x_wconf 82' lang='lat' dir='ltr'><strong>est,</strong></span> <span class='ocrx_word' id='word_1_616' title='bbox 400 4307 603 4377; x_wconf 88' lang='lat' dir='ltr'><strong>qualis,</strong></span> <span class='ocrx_word' id='word_1_617' title='bbox 637 4308 720 4361; x_wconf 91' lang='lat' dir='ltr'><strong>vel</strong></span> <span class='ocrx_word' id='word_1_618' title='bbox 750 4307 890 4370; x_wconf 78' lang='grc' dir='ltr'><strong>πῶς,</strong></span> <span class='ocrx_word' id='word_1_619' title='bbox 914 4306 966 4360; x_wconf 87' lang='lat' dir='ltr'><strong>id</strong></span> <span class='ocrx_word' id='word_1_620' title='bbox 1001 4316 1104 4371; x_wconf 83' lang='lat' dir='ltr'><strong>est,</strong></span> <span class='ocrx_word' id='word_1_621' title='bbox 1146 4305 1424 4375; x_wconf 90' lang='lat' dir='ltr'><strong>quomodo</strong></span> <span class='ocrx_word' id='word_1_622' title='bbox 1457 4347 1473 4370; x_wconf 91' lang='lat'><strong>,</strong></span> <span class='ocrx_word' id='word_1_623' title='bbox 1516 4305 1776 4361; x_wconf 86' lang='lat' dir='ltr'><strong>voluntas</strong></span> <span class='ocrx_word' id='word_1_624' title='bbox 1800 4321 2046 4375; x_wconf 73' lang='lat' dir='ltr'><strong>persona:</strong></span> <span class='ocrx_word' id='word_1_625' title='bbox 2071 4311 2322 4366; x_wconf 63' lang='lat' dir='ltr'><strong>humanae</strong></span> <span class='ocrx_word' id='word_1_626' title='bbox 2345 4321 2451 4377; x_wconf 90' lang='lat' dir='ltr'><strong>est,</strong></span> <span class='ocrx_word' id='word_1_627' title='bbox 2483 4330 2590 4368; x_wconf 92' lang='lat' dir='ltr'><strong>non</strong></span> <span class='ocrx_word' id='word_1_628' title='bbox 2629 4324 2857 4379; x_wconf 58' lang='lat' dir='ltr'><strong>natura}.</strong></span> <span class='ocrx_word' id='word_1_629' title='bbox 2893 4316 3150 4371; x_wconf 87' lang='lat' dir='ltr'><strong>Christus</strong></span> <span class='ocrx_word' id='word_1_630' title='bbox 3178 4326 3360 4373; x_wconf 89' lang='lat' dir='ltr'><strong>autem</strong></span> <span class='ocrx_word' id='word_1_631' title='bbox 3394 4333 3500 4373; x_wconf 88' lang='lat' dir='ltr'><strong>non</strong></span> 
     </span>
    </p>
   </div>
   <div class='ocr_carea' id='block_1_83' title="bbox 259 4393 3517 4474">
    <p class='ocr_par' dir='ltr' id='par_1_83' title="bbox 259 4393 3517 4474">
     <span class='ocr_line' id='line_1_83' title="bbox 259 4393 3517 4474; baseline 0.003 -26"><span class='ocrx_word' id='word_1_632' title='bbox 259 4403 382 4448; x_wconf 87' lang='lat' dir='ltr'><strong>erat</strong></span> <span class='ocrx_word' id='word_1_633' title='bbox 419 4409 649 4464; x_wconf 83' lang='lat' dir='ltr'><strong>persona</strong></span> <span class='ocrx_word' id='word_1_634' title='bbox 688 4395 948 4457; x_wconf 63' lang='lat' dir='ltr'><strong>humana,</strong></span> <span class='ocrx_word' id='word_1_635' title='bbox 979 4408 1080 4448; x_wconf 88' lang='lat' dir='ltr'><strong>nee</strong></span> <span class='ocrx_word' id='word_1_636' title='bbox 1110 4393 1389 4447; x_wconf 74' lang='lat' dir='ltr'><strong>hominem</strong></span> <span class='ocrx_word' id='word_1_637' title='bbox 1424 4393 1663 4461; x_wconf 88' lang='lat' dir='ltr'><strong>aliquem</strong></span> <span class='ocrx_word' id='word_1_638' title='bbox 1696 4396 2019 4464; x_wconf 85' lang='lat' dir='ltr'><strong>assumpsit,</strong></span> <span class='ocrx_word' id='word_1_639' title='bbox 2070 4399 2165 4453; x_wconf 89' lang='lat' dir='ltr'><strong>sed</strong></span> <span class='ocrx_word' id='word_1_640' title='bbox 2218 4408 2470 4454; x_wconf 87' lang='lat' dir='ltr'><strong>naturam</strong></span> <span class='ocrx_word' id='word_1_641' title='bbox 2526 4401 2788 4464; x_wconf 86' lang='lat' dir='ltr'><strong>hominis,</strong></span> <span class='ocrx_word' id='word_1_642' title='bbox 2837 4418 2959 4472; x_wconf 65' lang='lat' dir='ltr'><strong>quae</strong></span> <span class='ocrx_word' id='word_1_643' title='bbox 2994 4419 3103 4458; x_wconf 90' lang='lat' dir='ltr'><strong>una</strong></span> <span class='ocrx_word' id='word_1_644' title='bbox 3156 4412 3242 4458; x_wconf 85' lang='lat' dir='ltr'><strong>est</strong></span> <span class='ocrx_word' id='word_1_645' title='bbox 3297 4405 3517 4474; x_wconf 68' lang='lat' dir='ltr'><strong>(specie</strong></span> 
     </span>
    </p>
   </div>
   <div class='ocr_carea' id='block_1_84' title="bbox 260 4481 3515 4559">
    <p class='ocr_par' dir='ltr' id='par_1_84' title="bbox 260 4481 3515 4559">
     <span class='ocr_line' id='line_1_84' title="bbox 260 4481 3515 4559; baseline 0.002 -24"><span class='ocrx_word' id='word_1_646' title='bbox 260 4481 515 4550; x_wconf 82' lang='lat' dir='ltr'><strong>scilicet).</strong></span> <span class='ocrx_word' id='word_1_647' title='bbox 564 4481 889 4551; x_wconf 74' lang='lat' dir='ltr'><strong>ll-ajusmodi</strong></span> <span class='ocrx_word' id='word_1_648' title='bbox 933 4482 1187 4535; x_wconf 85' lang='lat' dir='ltr'><strong>voluntas</strong></span> <span class='ocrx_word' id='word_1_649' title='bbox 1216 4495 1324 4534; x_wconf 83' lang='lat' dir='ltr'><strong>non</strong></span> <span class='ocrx_word' id='word_1_650' title='bbox 1353 4481 1642 4543; x_wconf 79' lang='lat' dir='ltr'><strong>naturalis,</strong></span> <span class='ocrx_word' id='word_1_651' title='bbox 1670 4481 1763 4535; x_wconf 82' lang='lat' dir='ltr'><strong>sed</strong></span> <span class='ocrx_word' id='word_1_652' title='bbox 1809 4495 2059 4551; x_wconf 70' lang='lat' dir='ltr'><strong>personae</strong></span> <span class='ocrx_word' id='word_1_653' title='bbox 2102 4484 2358 4539; x_wconf 65' lang='lat' dir='ltr'><strong>humanae</strong></span> <span class='ocrx_word' id='word_1_654' title='bbox 2403 4486 2609 4541; x_wconf 86' lang='lat' dir='ltr'><strong>dicitur</strong></span> <span class='ocrx_word' id='word_1_655' title='bbox 2642 4490 2894 4543; x_wconf 88' lang='lat' dir='ltr'><strong>voluntas</strong></span> <span class='ocrx_word' id='word_1_656' title='bbox 2919 4490 3062 4542; x_wconf 70' lang='grc' dir='ltr'><strong>κατὰ</strong></span> <span class='ocrx_word' id='word_1_657' title='bbox 3100 4488 3350 4559; x_wconf 79' lang='grc' dir='ltr'><strong>γνώμην,</strong></span> <span class='ocrx_word' id='word_1_658' title='bbox 3388 4490 3515 4543; x_wconf 82' lang='lat' dir='ltr'><strong>sive-</strong></span> 
     </span>
    </p>
   </div>
   <div class='ocr_carea' id='block_1_85' title="bbox 258 4567 1836 4645">
    <p class='ocr_par' dir='ltr' id='par_1_85' title="bbox 258 4567 1836 4639">
     <span class='ocr_line' id='line_1_85' title="bbox 258 4567 1836 4639; baseline 0.002 -19"><span class='ocrx_word' id='word_1_659' title='bbox 258 4570 537 4639; x_wconf 84' lang='grc' dir='ltr'><strong>γνωμική.</strong></span> <span class='ocrx_word' id='word_1_660' title='bbox 610 4567 707 4624; x_wconf 91' lang='lat' dir='ltr'><strong>llic</strong></span> <span class='ocrx_word' id='word_1_661' title='bbox 760 4577 843 4623; x_wconf 87' lang='lat' dir='ltr'><strong>est</strong></span> <span class='ocrx_word' id='word_1_662' title='bbox 874 4583 1073 4635; x_wconf 87' lang='lat' dir='ltr'><strong>seopus</strong></span> <span class='ocrx_word' id='word_1_663' title='bbox 1102 4567 1266 4636; x_wconf 90' lang='lat' dir='ltr'><strong>hujus</strong></span> <span class='ocrx_word' id='word_1_664' title='bbox 1304 4567 1661 4623; x_wconf 79' lang='lat' dir='ltr'><strong>tractationis.</strong></span> <span class='ocrx_word' id='word_1_665' title='bbox 1694 4586 1717 4621; x_wconf 85' lang='grc'><strong>›</strong></span> <span class='ocrx_word' id='word_1_666' title='bbox 1752 4568 1836 4623; x_wconf 68' lang='lat' dir='ltr'><strong>Ilua</strong></span> 
     </span>
    </p>
   </div>
   <div class='ocr_carea' id='block_1_86' title="bbox 1938 4567 3509 4645">
    <p class='ocr_par' dir='ltr' id='par_1_86' title="bbox 1938 4568 3509 4645">
     <span class='ocr_line' id='line_1_86' title="bbox 1938 4568 3509 4645; baseline 0.003 -22"><span class='ocrx_word' id='word_1_667' title='bbox 1938 4568 2256 4628; x_wconf 73' lang='lat' dir='ltr'><strong>Purrianus.</strong></span> <span class='ocrx_word' id='word_1_668' title='bbox 2297 4572 2589 4644; x_wconf 77' lang='lat' dir='ltr'><strong>Inscriptio</strong></span> <span class='ocrx_word' id='word_1_669' title='bbox 2617 4574 2808 4630; x_wconf 63' lang='lat' dir='ltr'><strong>Graeca</strong></span> <span class='ocrx_word' id='word_1_670' title='bbox 2840 4584 2965 4631; x_wconf 89' lang='lat' dir='ltr'><strong>est:</strong></span> <span class='ocrx_word' id='word_1_671' title='bbox 3023 4576 3159 4645; x_wconf 82' lang='grc' dir='ltr'><strong>Περὶ</strong></span> <span class='ocrx_word' id='word_1_672' title='bbox 3217 4577 3326 4628; x_wconf 81' lang='grc' dir='ltr'><strong>τῶν</strong></span> <span class='ocrx_word' id='word_1_673' title='bbox 3361 4591 3509 4644; x_wconf 68' lang='grc' dir='ltr'><strong>γνωρ</strong></span> 
     </span>
    </p>
   </div>
   <div class='ocr_carea' id='block_1_87' title="bbox 263 4652 1197 4724">
    <p class='ocr_par' dir='ltr' id='par_1_87' title="bbox 263 4652 1197 4724">
     <span class='ocr_line' id='line_1_87' title="bbox 263 4652 1197 4724; baseline -0.001 -18"><span class='ocrx_word' id='word_1_674' title='bbox 263 4653 442 4724; x_wconf 73' lang='grc' dir='ltr'><strong>μικῶν</strong></span> <span class='ocrx_word' id='word_1_675' title='bbox 472 4653 793 4724; x_wconf 75' lang='grc' dir='ltr'><strong>θελημάτων</strong></span> <span class='ocrx_word' id='word_1_676' title='bbox 821 4653 913 4706; x_wconf 75' lang='grc' dir='ltr'><strong>ἐπὶ</strong></span> <span class='ocrx_word' id='word_1_677' title='bbox 937 4652 1197 4723; x_wconf 83' lang='grc' dir='ltr'><strong>Χριστοῦ.</strong></span> 
     </span>
    </p>
   </div>
   <div class='ocr_carea' id='block_1_88' title="bbox 336 4739 3508 4818">
    <p class='ocr_par' dir='ltr' id='par_1_88' title="bbox 336 4739 3508 4818">
     <span class='ocr_line' id='line_1_88' title="bbox 336 4739 3508 4818; baseline 0.002 -24"><span class='ocrx_word' id='word_1_678' title='bbox 336 4740 545 4794; x_wconf 74' lang='lat' dir='ltr'><strong>Dicitur</strong></span> <span class='ocrx_word' id='word_1_679' title='bbox 578 4751 765 4795; x_wconf 81' lang='lat' dir='ltr'><strong>autem</strong></span> <span class='ocrx_word' id='word_1_680' title='bbox 800 4740 1113 4810; x_wconf 73' lang='lat' dir='ltr'><strong>gnomicum</strong></span> <span class='ocrx_word' id='word_1_681' title='bbox 1156 4753 1188 4794; x_wconf 91' lang='lat' dir='ltr'><strong>a</strong></span> <span class='ocrx_word' id='word_1_682' title='bbox 1217 4755 1445 4807; x_wconf 82' lang='lat' dir='ltr'><strong>gnome;</strong></span> <span class='ocrx_word' id='word_1_683' title='bbox 1492 4739 1635 4809; x_wconf 89' lang='lat' dir='ltr'><strong>quod</strong></span> <span class='ocrx_word' id='word_1_684' title='bbox 1686 4754 1884 4795; x_wconf 87' lang='lat' dir='ltr'><strong>nomen</strong></span> <span class='ocrx_word' id='word_1_685' title='bbox 1938 4745 2192 4799; x_wconf 57' lang='lat' dir='ltr'><strong>«variam</strong></span> <span class='ocrx_word' id='word_1_686' title='bbox 2237 4753 2294 4800; x_wconf 87' lang='lat' dir='ltr'><strong>et</strong></span> <span class='ocrx_word' id='word_1_687' title='bbox 2331 4745 2691 4817; x_wconf 84' lang='lat' dir='ltr'><strong>multiplicem</strong></span> <span class='ocrx_word' id='word_1_688' title='bbox 2744 4747 3206 4818; x_wconf 71' lang='lat' dir='ltr'><strong>signiﬁcationem</strong></span> <span class='ocrx_word' id='word_1_689' title='bbox 3263 4747 3508 4809; x_wconf 56' lang='lat' dir='ltr'><strong>balet,»</strong></span> 
     </span>
    </p>
   </div>
   <div class='ocr_carea' id='block_1_89' title="bbox 261 4829 3507 4905">
    <p class='ocr_par' dir='ltr' id='par_1_89' title="bbox 261 4829 3507 4905">
     <span class='ocr_line' id='line_1_89' title="bbox 261 4829 3507 4905; baseline 0.001 -20"><span class='ocrx_word' id='word_1_690' title='bbox 261 4831 440 4900; x_wconf 73' lang='lat' dir='ltr'><strong>inquit</strong></span> <span class='ocrx_word' id='word_1_691' title='bbox 483 4831 671 4886; x_wconf 77' lang='lat' dir='ltr'><strong>beatus</strong></span> <span class='ocrx_word' id='word_1_692' title='bbox 703 4832 1075 4886; x_wconf 73' lang='lat' dir='ltr'><strong>Damascenus</strong></span> <span class='ocrx_word' id='word_1_693' title='bbox 1114 4830 1212 4884; x_wconf 85' lang='lat' dir='ltr'><strong>lih.</strong></span> <span class='ocrx_word' id='word_1_694' title='bbox 1241 4845 1303 4883; x_wconf 48' lang='lat' dir='ltr'><strong>Ill:</strong></span> <span class='ocrx_word' id='word_1_695' title='bbox 1329 4829 1400 4883; x_wconf 87' lang='lat' dir='ltr'><strong>De</strong></span> <span class='ocrx_word' id='word_1_696' title='bbox 1421 4830 1524 4898; x_wconf 77' lang='lat' dir='ltr'><strong>ﬁde</strong></span> <span class='ocrx_word' id='word_1_697' title='bbox 1553 4831 1876 4889; x_wconf 65' lang='lat' dir='ltr'><strong>orthodoxa.</strong></span> <span class='ocrx_word' id='word_1_698' title='bbox 1913 4845 2036 4902; x_wconf 86' lang='lat' dir='ltr'><strong>cap.</strong></span> <span class='ocrx_word' id='word_1_699' title='bbox 2073 4831 2160 4889; x_wconf 74' lang='grc' dir='ltr'><strong>Η.</strong></span> <span class='ocrx_word' id='word_1_700' title='bbox 2188 4830 2468 4889; x_wconf 84' lang='lat' dir='ltr'><strong>Interdum</strong></span> <span class='ocrx_word' id='word_1_701' title='bbox 2519 4834 2668 4889; x_wconf 82' lang='lat' dir='ltr'><strong>enim</strong></span> <span class='ocrx_word' id='word_1_702' title='bbox 2702 4836 3145 4890; x_wconf 79' lang='lat' dir='ltr'><strong>admonitionem:</strong></span> <span class='ocrx_word' id='word_1_703' title='bbox 3180 4834 3507 4905; x_wconf 71' lang='lat' dir='ltr'><strong>signiticab.</strong></span> 
     </span>
    </p>
   </div>
   <div class='ocr_carea' id='block_1_90' title="bbox 260 4915 3512 4992">
    <p class='ocr_par' dir='ltr' id='par_1_90' title="bbox 260 4915 3512 4992">
     <span class='ocr_line' id='line_1_90' title="bbox 260 4915 3512 4992; baseline 0.001 -19"><span class='ocrx_word' id='word_1_704' title='bbox 260 4928 323 4973; x_wconf 80' lang='lat' dir='ltr'><strong>ut</strong></span> <span class='ocrx_word' id='word_1_705' title='bbox 352 4934 478 4973; x_wconf 91' lang='lat' dir='ltr'><strong>cum</strong></span> <span class='ocrx_word' id='word_1_706' title='bbox 515 4918 594 4972; x_wconf 82' lang='lat' dir='ltr'><strong>ait</strong></span> <span class='ocrx_word' id='word_1_707' title='bbox 630 4916 967 4988; x_wconf 84' lang='lat' dir='ltr'><strong>Apostolus:</strong></span> <span class='ocrx_word' id='word_1_708' title='bbox 1009 4933 1028 4967; x_wconf 83' lang='grc' dir='ltr'><strong>ι</strong></span> <span class='ocrx_word' id='word_1_709' title='bbox 1056 4915 1131 4970; x_wconf 87' lang='lat' dir='ltr'><strong>De</strong></span> <span class='ocrx_word' id='word_1_710' title='bbox 1158 4916 1466 4986; x_wconf 79' lang='lat' dir='ltr'><strong>virginibus</strong></span> <span class='ocrx_word' id='word_1_711' title='bbox 1511 4929 1856 4985; x_wconf 65' lang='lat' dir='ltr'><strong>praeceptum</strong></span> <span class='ocrx_word' id='word_1_712' title='bbox 1889 4916 2103 4972; x_wconf 84' lang='lat' dir='ltr'><strong>Domini</strong></span> <span class='ocrx_word' id='word_1_713' title='bbox 2156 4934 2262 4974; x_wconf 82' lang='lat' dir='ltr'><strong>non</strong></span> <span class='ocrx_word' id='word_1_714' title='bbox 2314 4920 2510 4986; x_wconf 80' lang='lat' dir='ltr'><strong>habeo,</strong></span> <span class='ocrx_word' id='word_1_715' title='bbox 2540 4921 2771 4992; x_wconf 83' lang='grc' dir='ltr'><strong>γνώμην</strong></span> <span class='ocrx_word' id='word_1_716' title='bbox 2799 4922 3107 4977; x_wconf 67' lang='lat' dir='ltr'><strong>antem-do;</strong></span> <span class='ocrx_word' id='word_1_717' title='bbox 3152 4941 3172 4975; x_wconf 76' lang='grc' dir='ltr'><strong>ι</strong></span> <span class='ocrx_word' id='word_1_718' title='bbox 3223 4922 3512 4976; x_wconf 84' lang='lat' dir='ltr'><strong>Interdum</strong></span> 
     </span>
    </p>
   </div>
   <div class='ocr_carea' id='block_1_91' title="bbox 258 5002 3509 5081">
    <p class='ocr_par' dir='ltr' id='par_1_91' title="bbox 258 5002 3509 5081">
     <span class='ocr_line' id='line_1_91' title="bbox 258 5002 3509 5081; baseline 0 -20"><span class='ocrx_word' id='word_1_719' title='bbox 258 5005 582 5070; x_wconf 75' lang='lat' dir='ltr'><strong>consilium,</strong></span> <span class='ocrx_word' id='word_1_720' title='bbox 611 5013 668 5058; x_wconf 84' lang='lat' dir='ltr'><strong>ut</strong></span> <span class='ocrx_word' id='word_1_721' title='bbox 705 5018 829 5057; x_wconf 90' lang='lat' dir='ltr'><strong>eum</strong></span> <span class='ocrx_word' id='word_1_722' title='bbox 854 5003 932 5057; x_wconf 86' lang='lat' dir='ltr'><strong>ait</strong></span> <span class='ocrx_word' id='word_1_723' title='bbox 951 5002 1220 5073; x_wconf 89' lang='lat' dir='ltr'><strong>Propheta</strong></span> <span class='ocrx_word' id='word_1_724' title='bbox 1246 5019 1260 5055; x_wconf 90' lang='lat'><strong>:</strong></span> <span class='ocrx_word' id='word_1_725' title='bbox 1289 5021 1312 5054; x_wconf 76' lang='grc' dir='ltr'><strong>ι</strong></span> <span class='ocrx_word' id='word_1_726' title='bbox 1346 5002 1516 5071; x_wconf 81' lang='lat' dir='ltr'><strong>Super</strong></span> <span class='ocrx_word' id='word_1_727' title='bbox 1533 5003 1787 5072; x_wconf 70' lang='lat' dir='ltr'><strong>populum</strong></span> <span class='ocrx_word' id='word_1_728' title='bbox 1812 5014 1959 5058; x_wconf 70' lang='lat' dir='ltr'><strong>tantm</strong></span> <span class='ocrx_word' id='word_1_729' title='bbox 1992 5005 2409 5078; x_wconf 83' lang='lat' dir='ltr'><strong>maliguaverunt</strong></span> <span class='ocrx_word' id='word_1_730' title='bbox 2431 5008 2678 5079; x_wconf 82' lang='grc' dir='ltr'><strong>γνώμην.</strong></span> <span class='ocrx_word' id='word_1_731' title='bbox 2722 5028 2741 5061; x_wconf 73' lang='grc' dir='ltr'>ι</span> <span class='ocrx_word' id='word_1_732' title='bbox 2763 5009 3135 5081; x_wconf 83' lang='lat' dir='ltr'><strong>Quodcunque</strong></span> <span class='ocrx_word' id='word_1_733' title='bbox 3167 5009 3293 5064; x_wconf 90' lang='lat' dir='ltr'><strong>item</strong></span> <span class='ocrx_word' id='word_1_734' title='bbox 3320 5009 3509 5062; x_wconf 77' lang='lat' dir='ltr'><strong>decre-</strong></span> 
     </span>
    </p>
   </div>
   <div class='ocr_carea' id='block_1_92' title="bbox 260 5089 3513 5169">
    <p class='ocr_par' dir='ltr' id='par_1_92' title="bbox 260 5089 3513 5169">
     <span class='ocr_line' id='line_1_92' title="bbox 260 5089 3513 5169; baseline 0.001 -22"><span class='ocrx_word' id='word_1_735' title='bbox 260 5105 409 5157; x_wconf 65' lang='lat' dir='ltr'><strong>tum,</strong></span> <span class='ocrx_word' id='word_1_736' title='bbox 440 5101 501 5145; x_wconf 93' lang='lat' dir='ltr'><strong>ut</strong></span> <span class='ocrx_word' id='word_1_737' title='bbox 529 5091 589 5145; x_wconf 88' lang='lat' dir='ltr'><strong>in</strong></span> <span class='ocrx_word' id='word_1_738' title='bbox 616 5091 708 5146; x_wconf 88' lang='lat' dir='ltr'><strong>his</strong></span> <span class='ocrx_word' id='word_1_739' title='bbox 730 5090 969 5146; x_wconf 73' lang='lat' dir='ltr'><strong>Danielis</strong></span> <span class='ocrx_word' id='word_1_740' title='bbox 992 5089 1208 5144; x_wconf 88' lang='lat' dir='ltr'><strong>verbis:</strong></span> <span class='ocrx_word' id='word_1_741' title='bbox 1245 5091 1287 5142; x_wconf 85' lang='grc' dir='ltr'><em>Α</em></span> <span class='ocrx_word' id='word_1_742' title='bbox 1320 5104 1423 5159; x_wconf 85' lang='lat' dir='ltr'><strong>quo</strong></span> <span class='ocrx_word' id='word_1_743' title='bbox 1454 5091 1582 5143; x_wconf 72' lang='lat' dir='ltr'><strong>exiit</strong></span> <span class='ocrx_word' id='word_1_744' title='bbox 1615 5090 1889 5159; x_wconf 76' lang='lat' dir='ltr'><strong>impudens</strong></span> <span class='ocrx_word' id='word_1_745' title='bbox 1934 5096 2045 5148; x_wconf 65' lang='lat' dir='ltr'><strong>haec</strong></span> <span class='ocrx_word' id='word_1_746' title='bbox 2100 5095 2294 5166; x_wconf 85' lang='grc' dir='ltr'><strong>γνώμη</strong></span> <span class='ocrx_word' id='word_1_747' title='bbox 2322 5097 2345 5149; x_wconf 87' lang='lat'><strong>?</strong></span> <span class='ocrx_word' id='word_1_748' title='bbox 2378 5096 2778 5168; x_wconf 82' lang='lat' dir='ltr'><strong>Nonnunquam</strong></span> <span class='ocrx_word' id='word_1_749' title='bbox 2836 5099 3073 5169; x_wconf 82' lang='lat' dir='ltr'><strong>denique</strong></span> <span class='ocrx_word' id='word_1_750' title='bbox 3114 5113 3209 5169; x_wconf 90' lang='lat' dir='ltr'><strong>pro</strong></span> <span class='ocrx_word' id='word_1_751' title='bbox 3252 5098 3376 5167; x_wconf 80' lang='lat' dir='ltr'><strong>ﬁde,</strong></span> <span class='ocrx_word' id='word_1_752' title='bbox 3409 5105 3513 5151; x_wconf 66' lang='lat' dir='ltr'><strong>aut</strong></span> 
     </span>
    </p>
   </div>
   <div class='ocr_carea' id='block_1_93' title="bbox 260 5176 3517 5255">
    <p class='ocr_par' dir='ltr' id='par_1_93' title="bbox 260 5176 3517 5255">
     <span class='ocr_line' id='line_1_93' title="bbox 260 5176 3517 5255; baseline 0 -19"><span class='ocrx_word' id='word_1_753' title='bbox 260 5181 527 5251; x_wconf 76' lang='lat' dir='ltr'><strong>opinione,</strong></span> <span class='ocrx_word' id='word_1_754' title='bbox 564 5188 656 5233; x_wconf 76' lang='lat' dir='ltr'><strong>aut</strong></span> <span class='ocrx_word' id='word_1_755' title='bbox 681 5179 846 5232; x_wconf 73' lang='lat' dir='ltr'><strong>anirni</strong></span> <span class='ocrx_word' id='word_1_756' title='bbox 878 5177 1157 5247; x_wconf 81' lang='lat' dir='ltr'><strong>a/j&#39;ectioue</strong></span> <span class='ocrx_word' id='word_1_757' title='bbox 1180 5176 1463 5241; x_wconf 75' lang='lat' dir='ltr'><strong>sumitur;</strong></span> <span class='ocrx_word' id='word_1_758' title='bbox 1508 5186 1686 5247; x_wconf 86' lang='lat' dir='ltr'><strong>atque,</strong></span> <span class='ocrx_word' id='word_1_759' title='bbox 1722 5186 1781 5231; x_wconf 83' lang='lat' dir='ltr'><strong>ut</strong></span> <span class='ocrx_word' id='word_1_760' title='bbox 1824 5180 1967 5234; x_wconf 69' lang='lat' dir='ltr'><strong>brevi</strong></span> <span class='ocrx_word' id='word_1_761' title='bbox 2010 5183 2395 5251; x_wconf 76' lang='lat' dir='ltr'><strong>perstringam,</strong></span> <span class='ocrx_word' id='word_1_762' title='bbox 2431 5183 2656 5254; x_wconf 81' lang='grc' dir='ltr'><strong>γνώμης</strong></span> <span class='ocrx_word' id='word_1_763' title='bbox 2689 5186 3003 5240; x_wconf 73' lang='lat' dir='ltr'><strong>uocabulum</strong></span> <span class='ocrx_word' id='word_1_764' title='bbox 3062 5187 3306 5251; x_wconf 80' lang='lat' dir='ltr'><strong>plurimis</strong></span> <span class='ocrx_word' id='word_1_765' title='bbox 3336 5184 3517 5255; x_wconf 71' lang='lat' dir='ltr'><strong>signi-</strong></span> 
     </span>
    </p>
   </div>
   <div class='ocr_carea' id='block_1_94' title="bbox 258 5261 3515 5341">
    <p class='ocr_par' dir='ltr' id='par_1_94' title="bbox 258 5261 3515 5341">
     <span class='ocr_line' id='line_1_94' title="bbox 258 5261 3515 5341; baseline 0.002 -20"><span class='ocrx_word' id='word_1_766' title='bbox 258 5268 596 5337; x_wconf 66' lang='lat' dir='ltr'><strong>ﬁcationibua</strong></span> <span class='ocrx_word' id='word_1_767' title='bbox 623 5275 935 5336; x_wconf 64' lang='lat' dir='ltr'><strong>usurpatur.</strong></span> <span class='ocrx_word' id='word_1_768' title='bbox 965 5263 1090 5319; x_wconf 63' lang='lat' dir='ltr'><strong>[Iac</strong></span> <span class='ocrx_word' id='word_1_769' title='bbox 1126 5263 1520 5319; x_wconf 72' lang='lat' dir='ltr'><strong>Damascenus.</strong></span> <span class='ocrx_word' id='word_1_770' title='bbox 1553 5261 1831 5320; x_wconf 85' lang='lat' dir='ltr'><strong>Invenitur</strong></span> <span class='ocrx_word' id='word_1_771' title='bbox 1853 5267 2073 5325; x_wconf 88' lang='lat' dir='ltr'><strong>libellus</strong></span> <span class='ocrx_word' id='word_1_772' title='bbox 2100 5272 2202 5326; x_wconf 91' lang='lat' dir='ltr'><strong>iste</strong></span> <span class='ocrx_word' id='word_1_773' title='bbox 2242 5269 2443 5327; x_wconf 67' lang='lat' dir='ltr'><strong>Graece</strong></span> <span class='ocrx_word' id='word_1_774' title='bbox 2465 5272 2518 5327; x_wconf 91' lang='lat' dir='ltr'><strong>in</strong></span> <span class='ocrx_word' id='word_1_775' title='bbox 2550 5273 2720 5328; x_wconf 77' lang='lat' dir='ltr'><strong>variis</strong></span> <span class='ocrx_word' id='word_1_776' title='bbox 2743 5272 3111 5341; x_wconf 78' lang='lat' dir='ltr'><strong>Bibliothecis,</strong></span> <span class='ocrx_word' id='word_1_777' title='bbox 3172 5273 3515 5329; x_wconf 63' lang='lat' dir='ltr'><strong>nominatim</strong></span> 
     </span>
    </p>
   </div>
   <div class='ocr_carea' id='block_1_95' title="bbox 1754 5410 1987 5470">
    <p class='ocr_par' dir='ltr' id='par_1_95' title="bbox 1754 5410 1987 5470">
     <span class='ocr_line' id='line_1_95' title="bbox 1754 5410 1987 5470; baseline 0.021 -5"><span class='ocrx_word' id='word_1_778' title='bbox 1754 5410 1987 5470; x_wconf 58' lang='lat' dir='ltr'><strong>NOTAE.</strong></span> 
     </span>
    </p>
   </div>
   <div class='ocr_carea' id='block_1_96' title="bbox 335 5503 1825 5600">
    <p class='ocr_par' dir='ltr' id='par_1_96' title="bbox 335 5503 1825 5600">
     <span class='ocr_line' id='line_1_96' title="bbox 335 5503 1825 5600; baseline -0.004 -33"><span class='ocrx_word' id='word_1_779' title='bbox 600 5509 791 5565; x_wconf 75' lang='lat' dir='ltr'><strong>scribo</strong></span> <span class='ocrx_word' id='word_1_780' title='bbox 811 5521 919 5578; x_wconf 88' lang='lat' dir='ltr'><strong>pro</strong></span> <span class='ocrx_word' id='word_1_781' title='bbox 950 5505 1119 5560; x_wconf 73' lang='grc' dir='ltr'><strong>οὐδέν.</strong></span> <span class='ocrx_word' id='word_1_782' title='bbox 1154 5503 1466 5560; x_wconf 67' lang='lat' dir='ltr'><strong>Proximum</strong></span> <span class='ocrx_word' id='word_1_783' title='bbox 1510 5504 1610 5578; x_wconf 77' lang='grc' dir='ltr'><strong>τὴν</strong></span> <span class='ocrx_word' id='word_1_784' title='bbox 1642 5504 1825 5561; x_wconf 85' lang='lat' dir='ltr'><strong>addidi</strong></span> 
     </span>
    </p>
   </div>
   <div class='ocr_carea' id='block_1_97' title="bbox 255 5583 1378 5727">
    <p class='ocr_par' dir='ltr' id='par_1_97' title="bbox 255 5583 1378 5727">
     <span class='ocr_line' id='line_1_97' title="bbox 255 5583 649 5641; baseline -0.015 0"><span class='ocrx_word' id='word_1_785' title='bbox 255 5601 328 5641; x_wconf 74' lang='lat' dir='ltr'><strong>ex</strong></span> <span class='ocrx_word' id='word_1_786' title='bbox 365 5583 524 5637; x_wconf 80' lang='lat' dir='ltr'><strong>Colb.</strong></span> <span class='ocrx_word' id='word_1_787' title='bbox 639 5608 649 5616; x_wconf 94' lang='lat'><strong>-</strong></span> 
     </span>
     <span class='ocr_line' id='line_1_98' title="bbox 335 5646 1378 5727; baseline -0.007 -20"><span class='ocrx_word' id='word_1_788' title='bbox 335 5654 443 5727; x_wconf 73' lang='grc' dir='ltr'><strong>με)</strong></span> <span class='ocrx_word' id='word_1_789' title='bbox 480 5652 666 5721; x_wconf 77' lang='grc' dir='ltr'><strong>Πάσης</strong></span> <span class='ocrx_word' id='word_1_790' title='bbox 689 5649 860 5706; x_wconf 89' lang='lat' dir='ltr'><strong>debeo</strong></span> <span class='ocrx_word' id='word_1_791' title='bbox 888 5648 1061 5704; x_wconf 91' lang='lat' dir='ltr'><strong>eidem</strong></span> <span class='ocrx_word' id='word_1_792' title='bbox 1090 5662 1187 5716; x_wconf 89' lang='lat' dir='ltr'><strong>pro</strong></span> <span class='ocrx_word' id='word_1_793' title='bbox 1221 5646 1378 5700; x_wconf 80' lang='grc' dir='ltr'><strong>πᾶσι.</strong></span> 
     </span>
    </p>
   </div>
   <div class='ocr_carea' id='block_1_98' title="bbox 1999 5510 3119 5581">
    <p class='ocr_par' dir='ltr' id='par_1_98' title="bbox 1999 5510 3119 5581">
     <span class='ocr_line' id='line_1_99' title="bbox 1999 5510 3119 5581; baseline 0.004 -17"><span class='ocrx_word' id='word_1_794' title='bbox 1999 5510 2113 5578; x_wconf 65' lang='grc'><strong>(47)</strong></span> <span class='ocrx_word' id='word_1_795' title='bbox 2142 5511 2496 5581; x_wconf 79' lang='lat' dir='ltr'><strong>Crediderim,</strong></span> <span class='ocrx_word' id='word_1_796' title='bbox 2526 5516 2613 5572; x_wconf 77' lang='lat' dir='ltr'><strong>hic</strong></span> <span class='ocrx_word' id='word_1_797' title='bbox 2646 5515 2933 5580; x_wconf 75' lang='lat' dir='ltr'><strong>excidisse,</strong></span> <span class='ocrx_word' id='word_1_798' title='bbox 2966 5512 3015 5567; x_wconf 83' lang='grc' dir='ltr'><strong>εί</strong></span> <span class='ocrx_word' id='word_1_799' title='bbox 3047 5510 3119 5568; x_wconf 86' lang='grc' dir='ltr'><strong>δ’.</strong></span> 
     </span>
    </p>
   </div>
   <div class='ocr_carea' id='block_1_99' title="bbox 2000 5584 2758 5675">
    <p class='ocr_par' dir='ltr' id='par_1_99' title="bbox 2000 5584 2758 5675">
     <span class='ocr_line' id='line_1_100' title="bbox 2000 5584 2758 5675; baseline 0 -34"><span class='ocrx_word' id='word_1_800' title='bbox 2000 5584 2112 5658; x_wconf 62' lang='lat'><strong>(48)</strong></span> <span class='ocrx_word' id='word_1_801' title='bbox 2136 5586 2449 5675; x_wconf 71' lang='lat' dir='ltr'><strong>l.lolb.6tétt</strong></span> <span class='ocrx_word' id='word_1_802' title='bbox 2477 5605 2589 5660; x_wconf 83' lang='grc' dir='ltr'><strong>περ</strong></span> <span class='ocrx_word' id='word_1_803' title='bbox 2608 5589 2758 5657; x_wconf 81' lang='grc' dir='ltr'><strong>ἄγει.</strong></span> 
     </span>
    </p>
   </div>
  </div>
