3884 6202
403 266 512 330 2307

1564 262 1827 343 PIIOTII
1855 262 2365 324 PATRIARCH/E
2403 262 2515 323 (ΞΡ.

3563 258 3673 322 508

402 375 460 433 in
487 373 737 430 Caesarea
769 373 1063 430 Viennensi
1092 382 1146 430 et
1189 373 1241 429 in
1290 372 1465 429 ducali
1503 374 1761 432 Bavarica
1797 375 2169 433 Monacbensi.
2201 376 2409 443 Latine,
2432 373 2576 447 quod
2614 374 2811 440 sciam,
2844 386 3123 445 nunquam
3169 373 3222 428 in
3266 388 3468 429 manus
3494 376 3674 429 homi-

402 478 535 517 num
567 462 737 517 venit.
774 463 1049 529 Quocirca
1069 462 1379 517 mirandum
1411 479 1521 518 non
1550 472 1656 528 est,
1688 465 1734 518 si
1760 464 2060 535 disputatio
2086 466 2203 520 haec
2240 464 2455 519 Latinis
2478 466 2766 533 hucusque
2791 462 2879 517 vix
2908 473 3036 517 nota
3071 462 3193 517 fuit.
3237 461 3373 518 Vale
3400 480 3415 516 :
3451 470 3506 517 et
3549 473 3675 533 post

402 551 605 605 lectum
634 550 960 620 opusculum
994 552 1109 620 lege
1132 552 1301 607 etiam
1332 551 1681 621 subjunctam
1709 552 1960 607 criticam
1998 551 2573 608 Dissertatiunculam.

403 656 731 727 QUESTIO
777 658 967 713 Lxxx
1016 659 1149 728 (ιο).
1211 659 1395 731 [CoisL
1448 659 1743 727 ccxmn,
1804 660 1975 715 Taur.
2007 668 2055 722 Α
2146 708 2149 709 ,

1001 750 1410 824 ccxxxvuq.

408 852 606 918 Quales
626 849 841 904 debeant
870 846 975 900 dici
1007 846 1060 898 in
1082 843 1295 918 Christo
1317 844 1610 918 tfolunlntes
1642 845 1915 918 gnomicaz,
1938 854 1988 898 et

476 922 650 993 qualis
693 920 875 993 debent
910 918 962 993 in
999 916 1177 968 eodem
1216 914 1434 993 gltristo
1466 916 1573 967 dici
1615 915 1856 968 voluntas
1890 915 1991 968 hu-

478 985 658 1054 mana,
684 988 1020 1060 hypostatica
1048 994 1141 1075 aut
1171 985 1301 1037 alia.

411 1175 553 1229 Edita
574 1188 600 1224 ι
626 1171 890 1223 Stewartio
921 1174 975 1218 et
1003 1166 1240 1227 Basnagio
1265 1167 1827 1231 (AuctariumVStewax-t,
1849 1183 1899 1231 p.
1930 1166 2159 1231 7437-452.
2184 1168 2475 1229 Ingolstad.,
2513 1167 2652 1225 1616,
2686 1170 2743 1218 n"
2761 1169 2891 1231 ιιρι

2650 659 2987 715 ΕΡΩΤΗΣΙΣ
3014 660 3097 715 [ι’.

2091 838 3675 931 πρῖιξμδεῖηέἑτετεέπὶἐριςεοῦ,,ν;ιξιιιξὲμ2εοέῐῖ;

2152 927 2334 979 ματα,
2388 911 2487 964 καὶ
2544 910 2721 964 ποῖον
2774 910 2909 965 ἔστι
2948 909 3170 981 ,λέγειν
3196 909 3289 964 ἐπ’
3336 909 3529 981 αὐτοῦ
3567 910 3675 981 τοῦ

2161 980 2420 1066 agnorat”;
2440 981 2820 1050 ἀνθρώπινον
2864 979 3095 1051 θέλημα
3133 979 3549 1037 ὐποστατικόν
3573 980 3676 1032 και

2161 1067 2354 1119 ετερα.

2915 1182 2988 1229 gr.
3043 1146 3354 1231 in‘Antiquis
3385 1164 3674 1217 lectionibus

933 1232 1015 1279 ed.
1048 1235 1295 1290 Antuerp.
1340 1229 1480 1289 1725,
1507 1235 1543 1279 t.
1580 1230 1641 1279 11.
1666 1231 1721 1279 Ρ.
1754 1245 1805 1291 ιι,
1829 1229 1881 1293 p.
1913 1230 2141 1280 459-458.
2173 1256 2205 1265 —
2242 1232 2317 1281 De
2344 1231 2683 1280 voluntatibus
2714 1229 2898 1281 Christi
2916 1229 3175 1294 gnomicis.

484 1343 762 1398 Disserere
790 1340 857 1393 de
886 1337 1258 1393 voluntatibus
1282 1336 1335 1391 in
1360 1337 1998 1407 Christo,quaadicuntnr

411 1433 671 1505 γνωμικὰ
713 1432 1017 1502 θελήματα,
1068 1439 1183 1484 tum
1236 1430 1472 1497 dillicile,
1517 1438 1631 1484 tum
1681 1429 1839 1484 facile
1887 1440 1992 1487 est.

412 1528 553 1594 Quia
594 1525 740 1581 enim
770 1538 954 1586 nemo,
981 1521 1127 1593 quod
1154 1523 1345 1590 sciam,
1384 1538 1449 1577 ex
1476 1522 1680 1578 sanctis
1719 1521 1994 1587 Patribus,

410 1618 708 1689 quidquam
731 1617 966 1686 alicujus
996 1617 1282 1681 momenti,
1327 1627 1384 1672 et
1411 1616 1597 1671 limate
1640 1625 1694 1671 et
1740 1615 1996 1672 distincte

411 1713 480 1765 de
509 1712 610 1765 hac
630 1725 689 1787 re
720 1708 960 1773 tradidit,
998 1718 1228 1779 excepto
1262 1716 1453 1763 sancto
1484 1706 1747 1787 Maximo.
1795 1722 1995 1777 magno

411 1821 552 1861 vera:
577 1784 792 1874 pietatis
823 1802 1113 1857 defensore
1151 1801 1288 1871 (50),
1328 1801 1535 1856 idcirco
1582 1784 1871 1856 difﬁcultas
1901 1815 1996 1856 su-

411 1902 494 1956 bit
522 1900 590 1955 de
610 1914 674 1954 ea
707 1898 1002 1968 loquendi;
1032 1897 1101 1951 iis
1122 1897 1269 1951 enim
1295 1896 1387 1967 qui
1420 1897 1611 1951 volunt
1646 1896 1991 1962 calumniari,

2183 1337 2241 1391 Ὀ
2270 1338 2398 1410 περὶ
2451 1338 2560 1393 τῶν
2599 1336 2893 1409 γνωμικῶν
2923 1335 3245 1407 θελημάτων
3297 1336 3392 1390 ἐπὶ
3432 1336 3678 1407 Χριστοῦ

2094 1428 2273 1499 λόγος,
2308 1430 2384 1500 πῆ
2413 1429 2513 1499 μέν
2535 1430 2652 1483 ἐστι
2676 1426 3035 1500 χαλεπὸς,’πῆ
3075 1427 3131 1481 δὲ
3166 1427 3365 1499 ῥᾴδιος.
3394 1428 3543 1481 Διότι
3578 1428 3682 1498 μὲν

2095 1525 2207 1593 γὰρ
2251 1523 2444 1587 οὐδεὶς,
2490 1524 2592 1577 ὅσα
2615 1539 2680 1592 γε
2713 1522 2813 1593 ἐμὲ
2844 1522 3063 1585 εἰδέναι,
3105 1522 3216 1574 τῶν
3259 1521 3556 1589 ἀξιολόγων
3584 1520 3682 1573 καὶ

2097 1612 2373 1683 θεοφόρων
2408 1612 2670 1683 Πατέρων
2698 1611 2859 1682 ἡμῶν
2892 1612 3043 1665 οὐδὲν
3066 1610 3345 1679 ἀξιόλογον
3378 1612 3474 1663 καί
3494 1610 3681 1663 διακε-

2094 1702 2442 1774 καθαρμένον
2474 1704 2553 1765 είς
2580 1701 2889 1773 εὐκρίνειαν
2910 1719 2976 1754 πε
2985 1703 3042 1772 ρ“ι
3056 1701 3245 1755 τούτου
3270 1700 3678 1772 παραδέδωκεν,

2096 1796 2236 1865 πλήν
2262 1811 2323 1864 γε
2352 1793 2605 1865 Μαξίμου
2625 1793 2721 1848 τοῦ
2753 1794 2989 1865 μεγάλου
3014 1793 3113 1863 τῆς
3134 1793 3412 1856 εὐσεϐείας
3435 1792 3513 1855 ὡς
3542 1792 3684 1862 ἀλη-

2097 1887 2204 1950 θῶς
2231 1887 2537 1958 προμάχου,
2573 1886 2662 1940 διὰ
2687 1886 2847 1941 τοῦτο
2873 1886 2934 1939 τὸ
2963 1886 3195 1955 χαλεπὸν
3215 1886 3389 1939 εἰπεῖν
3419 1884 3684 1953 ὑπεισέρ-

416 2008 523 2046 non
551 1990 769 2045 videtur
813 1990 1165 2044 metuendum
1201 2003 1346 2054 esse,
1382 1998 1435 2043 et
1482 2004 1590 2043 non
1624 1989 1995 2045 accedendum

2111 1995 2272 2048 χεται.
2315 1978 2433 2049 Ἐφ’
2463 1978 2543 2030 ἐνὶ
2566 1978 2676 2049 γὰρ
2688 1977 2840 2048 ἀνδρὶ
2857 1976 3172 2047 τηλικοῦτον
3191 1977 3371 2048 δόγμα
3402 1976 3681 2039 σαλεύειν,

414 2083 482 2137 ad
510 2091 617 2136 tam
659 2095 823 2151 grave
855 2079 1048 2149 dogma
1089 2078 1142 2133 in
1184 2094 1293 2133 uno
1328 2078 1449 2133 viro
1491 2081 1991 2136 commovendum:

416 2186 610 2228 rursus
642 2185 774 2225 vero
801 2169 928 2238 quia
961 2170 1030 2224 ab
1058 2168 1192 2237 ipsis
1218 2169 1469 2225 thalamis
1497 2170 1716 2241 pietatis
1742 2182 1796 2227 et
1824 2172 1992 2227 ratio-

416 2262 787 2319 cinationibus
815 2261 956 2316 inter
989 2275 1049 2316 se
1074 2260 1537 2317 consentientibus
1576 2256 1763 2318 multa:
1802 2278 1995 2320 neces-

418 2357 579 2411 sariae
607 2353 987 2409 conclusiones
1019 2353 1361 2423 prodierunt,
1397 2368 1521 2422 quae
1546 2362 1750 2409 rectam
1779 2356 1995 2425 opinio-

419 2463 544 2503 nem
570 2446 843 2509 muniunt,
882 2447 984 2500 hac
1011 2446 1223 2500 ratione
1244 2444 1404 2502 facile
1430 2456 1517 2503 est
1542 2447 1743 2515 dicere,
1770 2448 1852 2503 vel
1885 2464 1992 2503 non

419 2549 661 2596 remanet
692 2540 883 2593 saltem
918 2539 1023 2594 hoc
1064 2537 1264 2609 dogma
1310 2538 1495 2604 altius,
1542 2554 1706 2610 quam
1757 2550 1816 2594 ut
1847 2555 1997 2594 com-

416 2630 677 2702 prehendi
706 2628 900 2700 possit.

494 2719 572 2777 ’l‘u
604 2736 757 2785 vero,
795 2720 965 2775 frater
1001 2720 1134 2775 mihi
1178 2721 1500 2778 charissime
1542 2722 1679 2792 (51),
1728 2720 1774 2778 si
1808 2731 1996 2791 partus

417 2813 689 2870 sermonis
720 2813 826 2867 mei
858 2810 1117 2882 petitione
1151 2822 1243 2868 tua
1295 2820 1346 2868 et
1377 2828 1476 2883 spe
1501 2813 1699 2887 dignus
1727 2815 1994 2880 videatur,

418 2907 746 2976 amplectere
799 2916 1059 2974 tanquam
1126 2920 1476 2960 communem
1527 2916 1580 2962 et
1637 2916 1837 2971 tecum,
1901 2906 1996 2979 qui

418 2999 805 3055 obstetricatus
838 3013 919 3061 es,
949 3005 1003 3051 et
1029 3011 1267 3063 mecum,
1300 2999 1394 3067 qui
1425 2999 1606 3069 peperi
1642 3015 1656 3052 :
1704 3000 1788 3056 sin
1813 3009 1995 3055 autem

424 3092 773 3163 imperfectus
799 3099 855 3146 et
883 3106 1132 3158 mancus,
1162 3106 1286 3147 cum
1321 3092 1388 3147 iis
1424 3092 1679 3159 collatus,
1711 3109 1836 3164 quae
1868 3102 2000 3149 sunt

417 3184 532 3261 iatn
574 3184 671 3239 tibi
717 3184 902 3241 studio
962 3184 1442 3255 contemplationis
1493 3186 1562 3240 ad
1626 3186 1997 3241 maturitatem

2098 2070 2198 2124 οὐκ
2230 2069 2295 2125 ἂν
2321 2072 2405 2140 εἴη
2436 2071 2547 2133 τοῖς
2578 2071 2903 2140 ἐπηρεάζειν
2943 2068 3287 2140 βουλομένοις
3318 2056 3553 2139 φοϐερὸν
3586 2070 3684 2123 καὶ

2100 2162 2569 2233 ἀπροσπέλαστον.
2598 2162 2748 2216 Διότι
2906 2160 3068 2215 πάλιν
3094 2160 3187 2214 ἀπ’
3217 2160 3399 2215 αὐτῶν
3436 2160 3550 2213 τῶν
3581 2160 3685 2230 τῆς

2100 2254 2382 2318 εὐσεϐείας
2412 2253 2671 2325 θαλάμων
2698 2254 2914 2309 καὶτῶν
2934 2253 3208 2323 λογισμῶν
3228 2253 3336 2307 τῶν
3367 2254 3685 2325 συμψήφων

2102 2346 2295 2401 πολλαὶ
2326 2346 2581 2419 προίασιν
2608 2347 2910 2412 ἀποδείξεις
2957 2347 3058 2417 τὴν
3081 2346 3249 2419 ὀρθὴν
3280 2347 3685 2419 δορυφοροῦσαι

2099 2440 2280 2505 δόξαν,
2309 2441 2480 2511 ταύτῃ
2511 2440 2573 2494 τὸ
2601 2442 2798 2513 ῥᾷστον
2826 2440 3000 2495 εἰπεῖν
3032 2441 3067 2513 ἢ
3106 2453 3132 2483 ⁸
3158 2440 3492 2514 ὑψηλότερον
3515 2460 3688 2498 κατα.-

2101 2532 2315 2603 λήψεως
2353 2532 2651 2603 περίεστιν.

2176 2736 2248 2790 Σὺ
2268 2736 2324 2790 δέ
2351 2753 2464 2807 μοι,
2490 2736 2680 2808 ίερέων
2708 2737 3110 2808 ἐρασμιώτατε,
3141 2739 3192 2792 εί
3227 2738 3328 2809 μὲν
3346 2738 3377 2791 ὁ
3401 2737 3498 2793 τοῦ
3521 2739 3688 2808 λόγου

2101 2829 2259 2890 τόκος
2276 2825 2426 2893 ἄξιός
2453 2845 2537 2881 σοι
2561 2832 2663 2900 τῆς
2684 2830 2955 2901 αἰτήσεως
3001 2833 3096 2885 καὶ
3143 2831 3242 2902 τῆς
3274 2830 3491 2895 ἐλπίδος
3512 2835 3686 2902 φανῇ,

2102 2916 2191 2978 οἷα
2220 2921 2285 2996 δὴ
2311 2920 2489 2974 κοινὸν
2519 2920 2648 2974 ὄντα
2670 2920 2765 2975 τοῦ
2790 2938 2851 2974 τε
2888 2922 3313 2993 μαιευσαμένου,
3354 2922 3452 2976 καὶ
3479 2923 3576 2977 τοῦ
3596 2940 3692 2976 τε-

2104 3016 2314 3079 κόντος,
2338 3016 2602 3087 περίεπε·
2662 3016 2713 3068 εί
2752 3013 2800 3069 δ’
2831 3013 3038 3077 ἀτελῶς
3087 3013 3182 3067 καὶ
3209 3012 3404 3077 ἐνδεῶς
3447 3014 3590 3079 πρὸς
3619 3014 3694 3067 τὰ

2103 3106 2206 3177 ἥδη
2230 3122 2312 3159 σοι
2345 3104 2813 3177 τελεσφορηθέντα
2840 3106 2957 3168 ταῖς
2980 3103 3235 3176 θεωρίαις
3257 3103 3369 3174 ἔχει
3390 3103 3691 3175 (εὐξαίμην

2104 3196 2151 3250 δ’
2174 3197 2239 3251 ἂν
2257 3195 2440 3259 τοῦτο,
2496 3195 2660 3266 εῐπερ
2705 3196 2735 3249 δ
2789 3194 2883 3248 τοῦ
2916 3197 3074 3266 νικᾷν
3102 3195 3264 3259 πόθος
3290 3188 3439 3265 εἶχεν
3461 3211 3477 3227 ο
3502 3195 3692 3266 πολλῷ

420 3276 685 3346 perducta
731 3276 998 3349 (optarem
1027 3284 1211 3331 autem
1230 3276 1355 3341 hoc,
1385 3277 1431 3331 si
1455 3276 1724 3332 desiderio
1744 3276 1997 3333 vincendi

2111 3289 2215 3360 γὰρ
2244 3289 2394 3361 ἥδιον
2434 3289 2494 3343 ἐν
2519 3290 2657 3360 φίλῳ
2681 3289 2763 3361 ινῆ
2802 3290 2861 3343 ἐν
2904 3289 3048 3359 ἄλλῳ
3077 3288 3267 3361 νικᾷν·
3299 3288 3360 3342 οὐ
3396 3287 3509 3361 γὰρ
3529 3290 3589 3342 ἐν
3609 3289 3693 3359 τῷ

424 3378 657 3433 tenerer,
685 3370 857 3425 multo
889 3370 1037 3425 enim
1070 3370 1293 3426 suavius
1317 3379 1403 3426 est
1434 3370 1488 3425 in
1520 3370 1707 3437 fratre,
1738 3384 1903 3441 quam
1946 3370 1998 3425 in

2111 3350 2374 3453 lia-91'va
2399 3350 2662 3449 κίνδυνον,
2696 3350 2772 3447 ὡς
2802 3383 2836 3453 ἡ
2858 3350 3149 3454 παροιμία,
3180 3350 3537 3451 σοφιζόμεθα,
3568 3350 3693 3435 ἀλλ’

422 3464 530 3525 alio
557 3463 811 3529 vincere;
854 3463 1123 3535 siquidem
1170 3480 1278 3520 non
1324 3465 1382 3520 in
1412 3464 1551 3521 Care
1588 3464 1913 3535 periculum,
1946 3474 2005 3519 ut

420 3563 509 3610 est
542 3552 597 3609 in
627 3553 939 3624 proverbio,
970 3554 1367 3621 machinamur,
1400 3555 1494 3609 sed
1537 3554 1590 3609 in
1620 3564 1851 3625 cegnato
1875 3570 2006 3610 san-

424 3647 585 3716 guine
616 3661 804 3700 verum
836 3646 1005 3701 robur
1040 3645 1317 3717 inquirere
1349 3646 1559 3702 cordati
1608 3663 1673 3704 ac
1720 3640 2005 3719 prudentis

424 3754 548 3793 esse
592 3737 1021 3806 existimamus),
1050 3748 1290 3796 attamen
1366 3749 1626 3810 tanquam
1695 3741 2003 3810 expositum

425 3828 616 3884 foetum
662 3830 911 3900 suscipe,
939 3840 993 3885 et
1036 3833 1144 3887 tuis
1196 3832 1475 3887 laboribus
1517 3845 1659 3902 auge
1699 3840 1755 3887 et
1786 3833 2003 3899 perfice.

424 3936 598 3992 eoque
644 3922 920 3977 communi
974 3906 1157 3977 laetitia
1180 3922 1436 3979 oblectari
1461 3931 1516 3976 et
1543 3921 1647 3975 frui
1675 3936 1742 3976 ne
1762 3921 2003 3978 desinas.

407 4048 414 4055 ς
495 4009 631 4066 Cum
674 4013 837 4084 igitur
882 4013 992 4069 duo
1020 4028 1218 4083 genera
1262 4014 1625 4085 potentiarum
1676 4022 1886 4069 veteres
1916 4013 2006 4068 di-

425 4104 716 4161 stinxerint
774 4106 1011 4175 (oportet
1057 4105 1200 4160 enim
1256 4106 1419 4176 paulo
1485 4106 1649 4163 altius
1708 4103 2001 4175 repetere),

427 4212 597 4251 unum
647 4211 817 4268 genus
859 4206 946 4253 est
992 4212 1204 4263 earum,
1248 4214 1371 4267 quae
1408 4208 1696 4253 versantur
1738 4198 1792 4252 in
1819 4196 2007 4268 cogni-

425 4291 594 4354 tione,
620 4305 743 4360 quze
766 4289 1022 4344 dicuntur
1052 4291 1369 4360 cognitim;
1405 4291 1525 4345 alia:
1575 4292 1841 4346 animales
1870 4307 1884 4343 :
1935 4288 2002 4343 ad

423 4396 544 4437 eam
574 4396 710 4446 rem,
739 4382 806 4435 de
856 4398 963 4452 qua
1010 4397 1158 4438 nunc
1196 4384 1463 4453 agendum
1504 4392 1608 4445 est.
1654 4383 1827 4453 magis
1863 4396 2004 4451 opus

423 4481 511 4528 est
538 4472 869 4527 animalibus
907 4474 1185 4543 potentiis,
1211 4474 1263 4529 id
1292 4482 1373 4530 est
1417 4475 1741 4544 appetitivis.
1777 4473 2004 4544 lngene-

425 4574 544 4619 rata
574 4564 757 4635 itaque
777 4566 1078 4622 estanima:
1110 4567 1188 4622 vis
1219 4567 1508 4637 appetendi
1541 4567 1693 4628 illud.
1739 4567 1885 4635 quod
1918 4571 2004 4620 est

425 4656 722 4711 secundum
781 4667 1053 4723 naturam,
1104 4659 1219 4714 sive
1277 4668 1484 4713 naturae
1548 4660 1899 4723 conveniens,
1948 4665 2003 4711 et

424 4747 630 4810 omnia,
683 4762 805 4817 quae
855 4747 1289 4803 substantialiter
1342 4749 1548 4811 insunt,
1597 4747 1909 4803 continendi
1946 4756 2001 4801 et

424 4837 814 4903 conservandi,
860 4853 982 4909 quae
1009 4837 1211 4894 dicitur
1261 4838 1500 4909 θέλησις,
1533 4839 1583 4894 ιιι
1617 4845 1703 4895 est
1738 4840 2001 4902 voluntas,

2105 3476 2165 3529 ἐν
2192 3473 2271 3545 τῷ
2296 3475 2483 3546 οἰκείῳ
2507 3476 2702 3544 αἵματι
2720 3474 2784 3529 τὸ
2817 3473 2911 3528 τοῦ
2959 3473 3197 3544 κράτους
3225 3475 3452 3543 γνήσιον
3485 3473 3691 3545 ἐπιζη-

2104 3570 2219 3621 τεῖν
2238 3567 2519 3639 ἡγούμεθα
2554 3567 2817 3639 συνετὸν),
2850 3566 2986 3640 πλὴν
3002 3567 3117 3622 ἀλλ’
3140 3567 3217 3632 ὡς
3243 3566 3466 3621 ἐκθετον
3490 3568 3691 3621 ἀναλα-

2106 3659 2216 3713 ϐὼν
2240 3660 2302 3714 τὸ
2325 3660 2570 3730 γέννημα
2600 3659 2695 3712 καὶ
2728 3660 2910 3722 πόνοις
2935 3659 3158 3723 οἰκείοις
3214 3659 3558 3729 συναυξήσας
3586 3660 3691 3712 καὶ

2103 3753 2507 3824 τελεσφορήσας
2522 3752 2708 3823 κοινὴν
2730 3752 2816 3804 ἐπ’
2843 3751 2991 3822 αὐτῷ
3012 3751 3280 3806 ποιεῖσθαι
3300 3751 3374 3824 μὴ
3404 3752 3693 3823 φθονήσῃς

2102 3847 2204 3918 τὴν
2226 3845 2570 3916 εὐφροσύνην
2602 3844 2698 3899 καὶ
2722 3844 2822 3917 τὴν
2847 3844 3169 3900 ἀπόλαυσιν.

2175 4022 2380 4075 Διττων
2410 4020 2698 4092 τοιγαροῦν
2713 4020 2820 4075 τῶν
2836 4019 3084 4092 ψυχικῶν
3106 4017 3390 4089 δυνάμεων
3411 4018 3685 4089 ὑπάρχειν

2106 4113 2275 4169 πάλαι
2335 4113 2789 4184 διευκρινομένων
2816 4111 3038 4183 (μικρὸν
3058 4111 3167 4183 γὰρ
3210 4111 3527 4182 ἀναδρομὴν
3553 4111 3683 4181 δεῖ),

2100 4194 2214 4261 ’τῶν
2242 4207 2341 4278 μὲν
2370 4205 2704 4276 γνωστικῶν,
2744 4206 2852 4259 τῶν
2900 4204 2956 4258 δέ
2988 4204 3257 4270 ζωτικῶν,
3298 4204 3500 4276 μᾶλλον
3547 4205 3707 4275 πρὸς

2105 4298 2204 4370 τὴν
2229 4298 2511 4369 παροῦσαν
2551 4296 2830 4357 ὑπόθεσιν,
2864 4296 2897 4367 ἡ
2926 4295 3034 4350 τῶν
3062 4295 3309 4360 ζωτικῶν
3349 4299 3463 4349 ἐστι
3499 4296 3685 4366 χρεία,

2106 4392 2227 4461 ἦτοι
2260 4390 2369 4442 τῶν
2391 4388 2713 4459 όρεκτικῶν.
2776 4387 3139 4456 Ἐνέσπαρται
3195 4385 3373 4439 τοίνυν
3412 4388 3481 4456 τῇ
3535 4386 3685 4456 ψυχῇ

2104 4482 2334 4561 δύναμις
2365 4479 2624 4553 όρεκτικὴ
2648 4478 2743 4533 τοῦ
2771 4477 2915 4533 κατὰ
2935 4477 3096 4549 φύσιν
3130 4478 3302 4541 ὄντος,
3334 4477 3432 4530 καὶ
3463 4478 3687 4532 πάντων

2104 4577 2217 4645 τῶν
2228 4573 2501 4636 οὐσιωδῶς
2527 4571 2940 4644 προσ[ει]όντων
2967 4570 3278 4639 συνεκτικὴ,
3301 4570 3425 4640 ἥτις
3462 4569 3685 4639 λέγεται

2036 4699 2081 4754 D
2108 4670 2345 4739 θέλησις.
2362 4663 2839 4754 Διδκαὶὸρίζονται
2856 4660 3083 4754 φυσικὸν
3097 4656 3233 4713 εἶναι
3250 4659 3465 4731 θέλημα
3503 4661 3686 4732 ὄρεξιν

2109 4760 2345 4830 φυσικήν
2369 4776 2427 4811 τε
2463 4752 2558 4811 καὶ
2588 4754 2813 4823 λογικὴν
2844 4753 3084 4824 θέλησιν.
3132 4754 3225 4806 Διὸ
3272 4755 3367 4807 καὶ
3408 4754 3687 4823 ὁρίζονται

2112 4851 2339 4924 φυσικὸν
2372 4846 2511 4905 εῖναι
2538 4848 2773 4919 θέλημα,
2794 4843 2972 4915 ὄρεξιν
3000 4846 3235 4917 φυσικήν
3259 4863 3320 4900 τε
3342 4846 3442 4903 καὶ
3458 4845 3687 4916 λογικὴν

1723 5041 1956 5099 VARUS
1998 5036 2403 5095 LECTIONES.

510 5152 718 5227 ιῆοὒχ
749 5153 949 5225 legisse
1004 5154 1216 5212 videtur
1276 5154 1603 5215 Turrianus.
1670 5158 1869 5214 Ολιιειι.
1923 5169 2062 5213 nota:
2109 5174 2208 5211 ms.

2319 5152 2346 5192 δ
2375 5151 2677 5208 Turrianus
2724 5149 2934 5220 legebat
2992 5148 3051 5241 ἐν
3126 5145 3364 5218 ἀδελφῷ,
3398 5147 3452 5201 in
3485 5146 3678 5217 fratre.

1922 5358 2159 5416 ΝΟΤᾸΞ.

493 5481 731 5554 (l9)_llle
758 5482 928 5537 codex
978 5478 1450 5554 Gratqts_habctttr
1475 5492 1581 5534 ms.
1622 5475 1677 5529 in
1708 5473 1845 5554 Bibl.
1869 5471 1990 5554 (Pre-

420 5567 529 5611 sar.
573 5567 997 5617 thuononenSI,
1028 5568 1083 5606 ιι.
1114 5567 1240 5607 ῑυδ.
1272 5567 1609 5613 cnartaceus,
1648 5567 1875 5599 ntmuou

418 5626 693 5693 antiquus,
726 5624 885 5689 folio;
925 5622 1123 5693 Lamb.
1150 5618 1287 5674 Bibl;
1332 5617 1487 5693 Enni.
1523 5629 1560 5672 t.
1598 5615 1661 5693 Υ,
1694 5631 1743 5686 p.
1790 5616 1875 5669 15.

490 5688 602 5763 (50)
633 5694 767 5752 Vide
800 5688 1072 5760 Damasc.,
1111 5692 1203 5748 lib.
1234 5706 1292 5747 ιιι
1329 5688 1483 5744 Fidei
1522 5689 1685 5753 orth.,
1728 5702 1848 5757 cap.
1900 5688 1988 5751 M,

2102 5484 2155 5529 et
2184 5470 2532 5526 Anastasimn
2589 5468 2853 5522 Sinaitztm
2895 5467 2949 5521 in
2996 5480 3097 5521 suo
3154 5463 3369 5535 llodego
3424 5479 3525 5520 seu
3566 5459 3671 5518 Vim

613 5552 997 5617 indobonensi,
1028 5568 1083 5606 ιι.
1114 5550 1240 5607 208.
1272 5544 1995 5617 chartaceus,mediocriter
2099 5546 2249 5617 duce.

2175 5612 2287 5683 (5|)
2316 5610 2495 5668 Photii
2524 5609 2691 5683 frater
2718 5607 2999 5683 “fat-asins.
3028 5608 3086 5663 In
3116 5607 3311 5663 Graaco
3342 5622 3452 5661 non
3487 5605 3675 5670 frater,

2101 5681 2194 5741 scd
2231 5686 2559 5739 sacerdotum
2591 5681 2901 5735 charissima
