3884 6202
183 277 300 342 509
1137 269 1238 330 AD
1261 266 1855 329 AMPHlLOCHIUM
1895 263 2246 338 QUIESTIO
2281 263 2516 324 LXXX.
3337 257 3444 323 510

181 398 373 468 μόνων
398 389 715 465 ἠρτημένην
742 388 852 442 τῶν
906 385 1169 456 φυσικῶν.
1227 388 1389 440 Ὥστε
1413 387 1447 456 ἡ
1481 386 1576 456 μὲν
1601 383 1761 454 θέλης

1891 383 2014 436 Inde
2042 379 2272 449 φυσικὸν
2297 378 2530 449 θέλημα,
2567 377 2618 432 id
2647 387 2730 433 est
2763 377 2990 433 naturali
3009 394 3059 432 m
3087 380 3445 443 voluntatem,

187 489 284 551 σίς
323 491 469 540 ὲστιν
494 484 632 554 αὐτὴ
665 485 700 554 ἡ
734 483 937 553 ζωτική
960 499 1021 534 τε
1038 482 1131 534 καὶ
1160 480 1352 548 λογικὴ
1376 478 1558 548 ὄρεξις
1575 476 1766 531 πασῶν

1891 473 2137 527 leliniunt
2166 486 2288 526 esse
2311 472 2610 540 appetitum
2658 471 2958 524 naturalem
3016 479 3071 524 et
3100 473 3440 536 rationalem,

181 581 302 633 τῶν
327 579 422 647 τῆς
456 575 669 644 φύσεως
700 571 1039 626 συστατικῶν
1075 570 1224 639 ἁπλῆ
1263 570 1515 639 δύναμις.
1566 567 1632 620 Ἢ
1658 566 1768 635 γὰρ

1891 580 1933 617 :x
1967 563 2099 618 solis
2127 561 2465 615 naturalibus
2497 559 2842 630 pendentem.
2874 560 3056 626 Quare
3090 562 3338 631 Θὲλησις,
3389 564 3443 617 id

183 671 302 724 τῶν
321 668 529 735 ἀλόγων
543 664 723 738 ὄρεξις
747 665 821 735 μὴ
845 660 980 718 οὐσα
996 663 1188 733 λογικὴ
1206 663 1266 715 οὐ
1290 661 1505 730 λέγεται
1528 659 1765 731 θέλησις.

1891 666 1950 712 :st
2007 655 2282 717 voluntas,
2314 663 2397 709 est
2428 653 2544 723 ipse
2583 653 2835 707 animalis
2867 663 2922 707 et
2969 654 3252 709 rationalis
3281 671 3447 724 appe-

183 761 423 830 Θέλησις
448 754 543 812 οὖν
571 758 622 811 τί
653 757 785 810 ποτέ
827 757 978 808 ἐστιν
1007 756 1242 824 εἴρηται.

1891 748 1998 804 itus
2059 752 2306 800 omnium
2347 746 2736 814 potentiarum,
2779 761 2899 816 qua:
2947 757 3196 800 naturam
3244 751 3449 804 consti-

185 868 376 921 tuunt,
411 853 638 924 simplex
669 849 930 922 potentia.
966 846 1251 917 Appetitus
1287 844 1431 898 enim
1461 840 1882 905 irrationalium,
1945 855 2070 895 cum
2129 854 2240 894 non
2303 839 2376 894 sit
2439 838 2748 904 rationalis,
2779 853 2886 892 non
2932 838 3135 894 dicitur
3171 841 3444 896 voluntas.

187 957 406 1012 Dictum
453 956 615 1026 igitur
652 947 757 1017 est,
806 948 937 1020 quid
985 947 1052 1002 sit
1105 945 1344 1016 θέλησις,
1399 941 1450 996 id
1505 949 1590 996 est
1646 940 1918 994 voluntas.

263 1050 530 1121 Βούλησις
557 1046 612 1100 δέ
643 1048 760 1099 ἐστι
804 1042 934 1096 ποιά
964 1040 1168 1110 φυσικὴ
1198 1039 1437 1108 θέλησις,
1473 1039 1643 1108 ἤγουν
1668 1053 1768 1105 φυ-

1942 1029 2206 1100 Βούλησις
2239 1043 2369 1084 vero
2391 1039 2473 1084 est
2505 1028 2770 1084 naturalis
2795 1028 3049 1085 voluntas
3102 1030 3250 1095 ποιά,
3285 1030 3334 1084 id
3365 1041 3449 1084 est

191 1140 326 1210 σικὴ
362 1139 455 1193 καὶ
477 1135 670 1207 λογικὴ
701 1133 878 1204 ὃρεξίς
899 1148 1044 1195 τινος
1097 1130 1442 1200 πράγματος.
1481 1128 1767 1197 Ἔγκειται

1891 1121 2124 1192 iliqualis
2149 1123 2230 1189 (ut
2253 1121 2327 1176 ita
2358 1122 2595 1193 dicam);
2622 1123 2885 1177 naturalis
2911 1125 3055 1177 enim
3083 1133 3137 1177 et
3167 1123 3448 1179 rationalis

191 1235 298 1304 μὲν
320 1235 430 1303 γάρ
455 1232 488 1301 ἡ
515 1228 744 1298 δύναμις
764 1228 822 1280 ὲν
848 1228 915 1297 τῇ
931 1222 1027 1278 τοῦ
1057 1222 1344 1294 ἀνθρώπου
1376 1221 1523 1290 ψυχῇ
1559 1218 1654 1273 τοῦ
1676 1218 1767 1271 λο-

1891 1216 2148 1285 ιρυειίιιιε
2174 1215 2241 1271 de
2268 1215 2452 1285 aliqua
2479 1231 2540 1268 re
2567 1224 2649 1270 est
2679 1216 2987 1270 rationalis.
3024 1216 3167 1270 Inest
3212 1217 3357 1270 enim
3391 1218 3446 1271 in

189 1323 368 1392 γικῶς
397 1319 716 1393 ὀρέγεσθαι⁹
745 1319 833 1372 ὅτε
867 1317 924 1370 δὲ
958 1314 1202 1386 φυσικῶς
1266 1312 1514 1383 κινηθείη
1557 1310 1698 1380 αὕτη
1733 1311 1767 1382 ἡ

1891 1307 2058 1362 mima
2087 1307 2328 1362 hominis
2359 1308 2463 1373 vis,
2513 1307 2628 1362 sive
2672 1309 2912 1379 potentia
2955 1309 3239 1379 appetendi
3283 1311 3448 1364 ratio-

187 1414 387 1485 λογικὴ
405 1412 583 1482 ὀρεξις
609 1410 744 1482 πρός
767 1428 820 1463 τι
847 1407 1322 1480 πρᾶγμα,λέγεται
1349 1404 1621 1475 βούλησιςδ
1644 1402 1770 1472 βού-

1891 1398 2108 1462 ialiter;
2161 1399 2394 1467 quando
2426 1409 2606 1453 autem
2655 1399 2979 1454 naturaliter
3028 1411 3280 1454 movetur
3330 1401 3450 1470 ipse

189 1502 355 1572 λησις
371 1501 479 1573 γάρ
504 1502 650 1554 ἐστιν
684 1498 864 1568 ὄρεξις
897 1498 992 1550 καὶ
1026 1496 1209 1565 ἑφεσίς
1244 1511 1389 1558 τινος
1441 1493 1768 1563 πράγματος

1891 1491 2144 1560 ippetitus
2180 1490 2460 1546 rationalis
2488 1493 2553 1545 ad
2599 1491 2838 1562 aliquam
2880 1508 3018 1558 rem,
3069 1493 3268 1547 dicitur
3321 1494 3448 1564 βού-
3486 1534 3487 1537 η

188 1594 414 1663 λογική.
477 1592 708 1660 Λέγεται
732 1590 788 1643 δὲ
813 1588 1068 1660 βούλησις
1097 1588 1192 1641 καὶ⁹
1233 1588 1325 1640 ἐπὶ
1354 1584 1465 1638 τῶν
1495 1584 1579 1653 ἐφ’
1611 1585 1764 1653 ἡμῖν,

1891 1601 2045 1652 ιησις,
2087 1583 2140 1637 id
2180 1595 2264 1638 est
2288 1585 2543 1638 voluntas
2570 1583 2802 1654 alicujus
2835 1586 2909 1640 rei
2945 1604 2958 1640 :
3006 1586 3260 1658 βούλησις
3301 1588 3446 1642 enim

189 1686 449 1740 τουτέστι
486 1685 580 1738 καὶ
600 1685 692 1737 ἐπὶ
717 1683 828 1738 τῶν
854 1683 1154 1737 ἀδυνάτων.
1188 1678 1504 1757 Βουλόμερα
1531 1677 1641 1747 γάρ
1674 1675 1770 1728 κο.)⁸

1891 1687 1956 1730 :st
1985 1675 2256 1745 appetitus
2295 1684 2350 1730 et
2380 1675 2708 1730 desiderium
2743 1677 2975 1745 alicujus
3007 1678 3085 1732 rei
3112 1679 3396 1732 ‘rationale
3429 1697 3443 1731 ε

193 1778 272 1852 μὴ
303 1777 618 1842 ἀποθανεῖν,
654 1777 767 1830 ἔστι
796 1775 852 1829 δὲ
882 1776 916 1846 ἠ
940 1774 1194 1846 βούλησις
1212 1773 1307 1826 τοῦ
1331 1773 1539 1836 τέλους,
1566 1772 1628 1824 οὐ
1661 1770 1770 1824 τῶν

1891 1768 2075 1822 licitur
2102 1778 2284 1822 autem
2311 1767 2586 1837 βούλησις,
2615 1767 2666 1820 id
2691 1777 2774 1822 est
2797 1769 3050 1823 voluntas
3077 1769 3310 1838 alicujus
3345 1770 3447 1834 rei,

192 1871 340 1942 πρὸς
354 1871 416 1923 τὸ
443 1870 616 1934 τέλος.
646 1869 811 1932 Τέλος
832 1866 942 1937 γάρ
967 1867 1028 1921 τὸ
1059 1865 1318 1936 βουλητὸν
1337 1865 1413 1928 ὡς
1434 1864 1496 1917 τό
1525 1863 1770 1932 ὐγιᾶναι·

191 1961 337 2034 πρός
366 1960 431 2014 τό
456 1961 608 2024 τέλος
634 1959 691 2013 δὲ
718 1962 748 2014 ὀ
781 1960 981 2029 τρόπος
1011 1957 1081 2010 δι’
1113 1951 1176 2011 οὗ
1211 1956 1502 2026 ὀφείλομεν
1527 1955 1768 2023 ὐγιᾶναι.

1876 1860 1944 1914 de
1977 1860 2044 1914 iis
2066 1876 2189 1929 qua:
2211 1869 2340 1915 sunt
2371 1863 2420 1914 in
2438 1870 2624 1915 nostra
2647 1869 2932 1927 potestate,
2953 1869 3008 1914 et
3027 1861 3093 1915 de
3111 1861 3176 1916 iis
3195 1877 3315 1931 quae
3336 1877 3444 1915 non

1877 1960 2036 2018 sunt;
2067 1951 2119 2006 id
2147 1960 2252 2015 est,
2279 1953 2345 2006 de
2380 1952 2446 2008 iis
2475 1967 2595 2022 qua:
2626 1967 2656 2005 a
2687 1953 2844 2006 nobis
2871 1951 2984 2006 tieri
3013 1962 3258 2021 possunt,
3297 1964 3351 2008 et
3381 1954 3449 2008 de

192 2058 264 2112 iis
289 2072 421 2127 qua:
455 2071 564 2111 non
595 2063 858 2124 possunt;
887 2054 1143 2110 volumus
1177 2054 1324 2109 enim
1352 2065 1464 2106 non
1491 2051 1659 2115 mori;
1692 2057 1775 2104 est
1804 2057 2064 2117 praeterea
2104 2045 2380 2119 βούλησις,
2429 2048 2482 2101 id
2529 2057 2612 2102 est
2665 2047 2916 2102 voluntas
2951 2049 3094 2112 linis,
3132 2064 3239 2103 non
3271 2056 3448 2103 autem

193 2168 390 2208 eorum
435 2168 556 2224 quae
583 2160 830 2223 spectant
872 2150 941 2205 ad
997 2150 1179 2204 linem.
1209 2148 1385 2219 .Finis
1446 2146 1592 2201 enim
1618 2154 1703 2200 εει
1718 2143 1778 2197 τὸ
1807 2142 2088 2214 βουλητὸν,
2117 2141 2169 2196 id
2194 2152 2283 2197 est
2308 2141 2358 2196 id
2397 2141 2542 2212 quod
2575 2141 2853 2209 volumus,
2882 2151 2941 2198 ut
2967 2144 3104 2200 bene
3131 2146 3347 2212 valere;
3381 2145 3451 2200 ad

195 2249 366 2305 linem
422 2254 604 2302 autem
657 2253 870 2316 spectat
899 2244 951 2299 id
986 2258 1082 2315 per
1131 2242 1278 2314 quod
1310 2242 1574 2296 debemus
1603 2240 1742 2294 bene
1773 2238 1969 2293 valere.

268 2367 430 2424 Μετά
459 2367 516 2421 δὲ
538 2367 637 2439 τὴν
668 2365 942 2437 βούλησιν,
976 2365 1205 2436 ζήτησις
1236 2363 1331 2416 καὶ
1354 2362 1545 2432 σκέψις
1589 2360 1709 2431 μεθ’
1737 2359 1774 2414 ἃ

1954 2357 2086 2415 Post
2116 2358 2393 2428 βούλησιν,
2430 2357 2483 2412 id
2541 2367 2625 2412 est
2685 2358 3018 2414 voluntatem
3077 2355 3310 2429 alicujus
3361 2361 3440 2415 rei

194 2461 228 2530 ὴ
255 2458 446 2530 βουλή.
475 2456 649 2526 Βουλὴ
694 2456 804 2525 γάρ
832 2456 979 2507 ὲστιν
1007 2453 1187 2524 δρεξις
1216 2450 1414 2523 ξητικὴ
1459 2461 1483 2489 ε
1517 2449 1774 2522 περὶτῶν

1891 2458 1963 2506 est
1993 2453 2276 2522 inquisitio
2326 2459 2381 2506 et
2436 2451 2834 2516 consideratio,
2889 2458 3078 2522 pbstea
3135 2454 3449 2524 consilium.

196 2553 281 2621 ἐφ’
316 2553 452 2622 ἡμῖν
487 2550 831 2621 πραγμάτων
873 2547 1132 2618 γινομένη
1155 2563 1172 2579 ο
1224 2543 1535 2615 βουλεύεται
1582 2543 1692 2613 γὰρ
1726 2541 1776 2595 εί

1891 2543 2186 2599 Consilium
2215 2542 2361 2598 enim
2389 2552 2473 2598 est
2504 2544 2802 2614 appetitus,
2828 2544 3112 2615 inquirens
3143 2547 3209 2600 de
3237 2546 3302 2601 iis
3332 2561 3452 2617 quae

195 2643 407 2712 ὀφείλει
436 2659 521 2705 τις
556 2640 832 2713 μετελθεῖν
876 2640 937 2693 τὺ
961 2640 1193 2711 πρᾶγμα
1223 2638 1257 2709 ἢ
1294 2635 1378 2692 οὐ.
1407 2632 1541 2689 Εἶτα
1576 2635 1774 2706 κρίνει,

1891 2645 2006 2690 sunt
2032 2652 2196 2707 penes
2227 2652 2324 2693 nos
2356 2653 2369 2689 :
2422 2638 2692 2692 consultat
2721 2638 2866 2692 enim
2907 2654 2975 2694 an
3006 2639 3212 2694 'debeat
3253 2640 3454 2710 aliquis

197 2735 291 2788 καὶ
322 2733 540 2801 λέγεται
578 2731 778 2803 κρίσις.
819 2731 936 2800 Ἐἶθ’
987 2726 1069 2797 οἷς
1111 2729 1407 2784 διατίθεται
1445 2727 1541 2782 καὶ
1586 2726 1778 2797 ἀγαπᾷ

1891 2729 2096 2798 aggredi
2133 2730 2370 2798 aliquam
2399 2745 2533 2796 rem,
2560 2745 2626 2783 an
2661 2745 2789 2784 non.
2823 2729 3018 2785 Postea
3043 2731 3253 2800 judicat
3286 2742 3339 2786 et
3370 2733 3455 2784 di—

200 2828 296 2880 καὶ
320 2827 540 2896 λέγεται
598 2826 791 2896 γνώμη
813 2841 830 2859 ο
872 2825 1121 2896 ἄνικριθῇ
1162 2825 1262 2894 μὲν
1289 2823 1419 2894 γὰρ,
1451 2823 1525 2892 μὴ
1555 2819 1775 2890 διατεθῇ

1891 2823 2025 2877 citur
2046 2821 2335 2891 judicium.
2366 2821 2425 2876 In
2454 2823 2653 2892 quibus
2697 2823 2945 2888 allieitur,
2979 2833 3034 2878 et
3072 2839 3135 2879 ea
3166 2834 3333 2890 amat,
3368 2825 3454 2880 di-

198 2917 254 2970 δὲ
288 2916 428 2987 πρὸς
455 2917 518 2970 τὸ
550 2915 736 2988 κριθέν
755 2933 771 2947 ·
801 2917 969 2986 ἤγουν
995 2915 1061 2969 ἂν
1084 2915 1158 2985 μὴ
1180 2915 1444 2987 ἀγαπήσῃ
1462 2912 1521 2963 οὐ
1561 2909 1779 2979 λέγεται

1891 2913 2028 2967 citur
2055 2912 2274 2982 γνώμη,
2305 2912 2356 2966 id
2393 2921 2477 2966 est
2507 2912 2751 2980 ali‘ectio;
2789 2915 2835 2968 si
2871 2914 3014 2968 enim
3035 2913 3243 2984 judicet
3268 2925 3322 2968 et
3347 2930 3454 2970 non

198 2991 436 3079 γνὼμίη·
469 3008 563 3061 ἐπὶ
604 3007 787 3078 μέντοι
810 3009 878 3078 τῇ
914 3004 1108 3077 γνώμῃ
1159 3006 1193 3075 ὴ
1234 3004 1552 3075 προαίρεσις
1593 3002 1779 3056 ἱπεται

1891 3004 2169 3069 adiciatur,
2222 3005 2274 3058 id
2321 3013 2426 3071 est,
2467 3019 2576 3058 non
2621 3013 2765 3058 amet
2811 3004 2956 3075 quod
3004 3004 3304 3075 judicatum
3350 3013 3454 3072 est,

200 3077 368 3154 οἱονεὶ
403 3077 624 3169 ἐκλογή,
676 3077 954 3154 Μετάηδὲ
1008 3100 1107 3169 τὴν
1169 3096 1491 3168 προαίρεσιν
1557 3096 1593 3166 ἠ
1642 3095 1778 3165 πρὸς
1806 3077 1852 3138 C
1883 3109 1991 3149 non
2019 3094 2218 3149 dicitur
2247 3095 2492 3165 γνώμην.
2510 3093 2649 3154 Post
2674 3094 2867 3166 γνώμη
2931 3098 3179 3166 sequitur
3196 3097 3457 3168 προαίρε-

198 3193 300 3264 τὴν
322 3192 522 3264 πρᾶξιν
561 3190 843 3245 ἀκολουθεί
884 3191 1064 3261 ὀρμή·
1117 3184 1238 3243 εἷτα
1287 3189 1506 3259 χρῆσις,
1561 3187 1682 3258 μεθ’
1712 3189 1779 3258 ἢν

200 3285 269 3337 τά
293 3284 394 3353 τῆς
421 3282 654 3353 ὀρέξεως
681 3281 934 3335 παύεται.
971 3281 1096 3334 Ἐπὶ
1154 3279 1253 3350 μὲν
1283 3276 1376 3333 οὖν
1396 3279 1506 3332 τῶν
1543 3279 1776 3347 ἀλόγων,

206 3376 346 3448 μετά
370 3375 466 3447 τὴν
496 3373 678 3446 ὄρεξιν
699 3374 860 3437 εὐθὺς
896 3376 929 3444 ἡ
968 3373 1114 3445 ὀρμὴ
1161 3373 1375 3436 ἕπεται,
1430 3372 1523 3425 ἐπὶ
1565 3372 1621 3424 δὲ
1670 3371 1778 3425 τῶν

203 3466 439 3540 λογικῶν
462 3466 522 3518 οὐ
548 3466 785 3528 πάντως.
814 3463 896 3518 Τά
925 3465 1026 3535 μὲν
1065 3464 1174 3534 γὰρ
1201 3462 1371 3532 ἄλογα
1411 3462 1516 3516 ὐπὸ
1541 3461 1641 3524 τῆς
1674 3479 1779 3528 φυ-

207 3561 367 3630 σικῆς
408 3557 642 3628 ὀρέξεως
700 3557 915 3625 ἄγεται,
955 3555 1036 3609 διὸ
1080 3555 1202 3608 οὐδὲ
1222 3553 1438 3626 θέλησις
1465 3554 1498 3622 ἡ
1531 3552 1638 3605 τῶν
1664 3553 1782 3606 ἀλόο

205 3666 315 3717 γων
338 3648 521 3718 ὄρεξις
539 3647 780 3716 λέγεται,
813 3647 931 3700 οὐδὲ
977 3646 1250 3716 βούλησις.
1293 3644 1417 3697 Ἐπὶ
1453 3643 1510 3698 δὲ
1543 3643 1650 3696 τῶν
1683 3645 1780 3696 ἀν-

208 3739 444 3809 θρώπων
469 3738 672 3808 μᾶλλον
715 3739 749 3808 ὴ
804 3735 1008 3808 φυσικὴ
1040 3735 1218 3807 ὄρεξις
1244 3737 1290 3774 ο·
1308 3736 1453 3805 ἢπερ
1479 3734 1602 3803 ἄγει
1622 3749 1637 3764 ο
1662 3734 1779 3788 αὐτ-

208 3831 325 3895 εξου
335 3829 464 3895 σίως
479 3831 588 3902 γὰρ
605 3830 700 3884 καὶ
721 3830 860 3898 μετά
879 3828 1038 3896 λόγου
1062 3829 1313 3890 κινεῖται,
1340 3825 1526 3897 ἐπειδὴ
1545 3826 1640 3880 καὶ
1657 3843 1782 3879 συν-

209 3924 536 3994 εζευγμέναι
560 3922 699 3976 εἰσιν
725 3923 780 3975 αί
813 3920 1114 3989 γνωστικαὶ
1138 3920 1232 3973 καὶ
1270 3918 1498 3983 ξωτικαὶ⁵
1524 3917 1782 3988 δυνάμεις

212 4017 269 4068 έν
298 4015 382 4086 τῷ
417 3996 712 4085 ἀνθρώπω,
753 4010 1114 4076 αὐτεξουσίως
1165 4009 1455 4082 τοιγαροῦν
1506 4011 1780 4081 ὀρέγεται,

211 4108 304 4161 καὶ
347 4106 706 4178 αὐτεξουσίως
756 4106 923 4178 ὁρμᾷ,
974 4103 1071 4160 καὶ
1114 4103 1186 4158 τά
1239 4103 1376 4158 ἀλλα
1421 4101 1783 4168 αὐτεξουσίως

213 4201 377 4254 ποιεῖ.

281 4379 412 4435 Ἐπὶ
439 4379 497 4434 δέ
518 4396 580 4448 γε
609 4379 708 4450 τῆς
736 4377 886 4441 θείας
915 4376 1011 4432 καὶ
1044 4374 1320 4446 μακαρίας
1337 4375 1429 4428 καὶ
1453 4373 1780 4444 ὐπερουσίου

215 4472 452 4541 φύσεως,
490 4439 785 4541 βὸύληέτὶνδ
834 4439 933 4540 μὲν
960 4439 1211 4537 λέγομεν,
1261 4439 1579 4538 προαίρεσιν
1603 4464 1656 4515 δὲ
1684 4476 1782 4514 κυ-
1807 4439 1862 4498 Ῑ)

219 4565 348 4635 ρίως
374 4564 436 4616 οὐ
471 4563 724 4632 λέγομεν,
759 4561 947 4631 ὥσπερ
990 4560 1114 4614 οὐδὲ
1160 4559 1372 4628 σκέψιν,
1428 4558 1547 4610 οὐδὲ
1583 4555 1782 4626 βούλη-

217 4666 371 4720 σινο,
412 4654 528 4708 ἀλλ’
561 4653 669 4707 οὐδ’
710 4654 803 4707 ἐπὶ
843 4653 941 4724 τῆς
970 4650 1064 4704 τοῦ
1111 4651 1318 4722 Κυρίου
1357 4650 1556 4720 ψυχῆς,
1589 4648 1785 4719 βουλὴν

216 4746 448 4815 λέγομεν
480 4745 515 4817 ἢ
545 4743 882 4817 προαίρεσιν.
917 4743 995 4796 Οὐ
1018 4741 1127 4812 γὰρ
1157 4737 1303 4810 εἶχεν
1338 4740 1581 4808 ἄγνοιαν,
1611 4740 1660 4791 εί
1693 4740 1787 4792 καὶ

220 4839 310 4909 τῆς
369 4839 438 4892 τά
487 4837 751 4910 μέλλοντα
802 4836 1103 4906 ἀγνοούσης
1160 4832 1495 4905 ἐχρημάτιζε
1545 4832 1783 4902 φύσεως.

230 4930 522 4986 ἐνωθεῖσα
555 4931 670 5002 γάρ
705 4929 782 5001 τῷ
806 4929 926 5002 Θεῷ
952 4929 1112 5000 Λόγῳ
1148 4927 1272 4980 καθ’
1297 4925 1616 4994 ὑπόστασιν,
1647 4926 1789 4979 πάνυ

1887 3205 1969 3252 σις
2001 3187 2086 3242 vel
2118 3188 2338 3259 ἐκλογή,
2379 3189 2431 3243 id
2464 3199 2546 3243 est
2583 3189 2810 3254 electio;
2857 3198 2979 3259 post
3019 3189 3339 3244 electionem
3371 3207 3458 3245 se-

1884 3282 2071 3352 quitur
2106 3281 2251 3351 ὀρμὴ
2284 3281 2421 3352 πρὸς
2460 3280 2560 3352 τὴν
2600 3282 2818 3352 πρᾶξιν,
2871 3282 2922 3336 id
2966 3291 3048 3338 est
3082 3283 3358 3352 aggressio
3391 3285 3458 3338 ad

1884 3387 2036 3437 rem;
2067 3371 2262 3426 deinde
2284 3371 2502 3442 χρῆσις,
2535 3373 2585 3426 id
2618 3381 2702 3428 est
2752 3388 2906 3428 usus.
2953 3372 3082 3428 Post
3111 3375 3255 3428 hunc
3281 3385 3462 3430 cessat

1885 3464 2178 3533 appetitus.
2215 3465 2275 3516 in
2305 3463 2712 3519 irrationalibus
2736 3465 2952 3535 quidem
2987 3466 3171 3519 statim
3208 3476 3330 3535 post
3359 3483 3457 3537 ap-

1885 3556 2201 3626 petitionem
2266 3556 2514 3626 sequitur
2575 3558 2807 3626 impetus
2860 3557 2975 3611 sive
3028 3560 3349 3627 aggressio;
3404 3560 3459 3614 iu

1886 3648 2247 3703 rationalibus
2303 3663 2432 3702 vero
2476 3664 2582 3702 non
2632 3649 2878 3704 omnino.
2930 3648 3269 3705 lrrationalia
3311 3653 3457 3706 enim

1849 3739 1852 3742 ’
1886 3739 2160 3794 ducuntur
2205 3740 2274 3794 ab
2304 3739 2544 3809 appetitu
2595 3738 2854 3804 naturali,
2909 3741 3261 3810 quamobrem
3295 3757 3460 3811 appe-

1888 3834 2020 3887 titus
2069 3847 2259 3887 eorum
2311 3848 2418 3886 non
2468 3830 2666 3886 dicitur
2713 3831 2965 3900 θέλησις,
3025 3833 3077 3886 id
3120 3842 3203 3887 est
3267 3835 3463 3887 volun-

1891 3935 2002 3989 tas;
2053 3925 2108 3978 in
2131 3923 2443 3978 hominibus
2486 3937 2616 3978 vero
2665 3923 2838 3992 magis
2869 3923 3147 3993 appetitus
3195 3927 3462 3979 naturalis

1887 4011 2105 4066 ducitur
2126 4050 2143 4074 ,
2181 4027 2343 4082 quam
2374 4011 2562 4077 ducit;
2625 4011 2793 4067 libere
2824 4012 2968 4067 enim
2999 4022 3054 4068 et
3086 4028 3210 4067 cum
3250 4016 3463 4069 ratione

1887 4114 2159 4169 movetur,
2188 4106 2316 4174 quia
2354 4105 2410 4159 in
2443 4105 2666 4161 homine
2705 4105 2969 4175 copulata:
3014 4112 3142 4160 sunt
3189 4107 3457 4175 potentiae

1887 4197 2273 4266 eognoscitiva:
2300 4206 2355 4251 et
2385 4199 2653 4253 animales
2673 4241 2688 4264 ,
2711 4213 2883 4268 quare
2916 4199 3085 4253 libere
3127 4199 3354 4269 appetit,
3401 4210 3457 4254 et

1889 4286 2056 4342 libere
2078 4289 2413 4358 aggreditur,
2439 4297 2492 4344 et
2512 4289 2616 4343 alia
2652 4290 2820 4345 libere
2843 4289 2997 4344 facit.

1960 4377 2017 4433 ln
2039 4380 2222 4434 divina
2257 4389 2438 4435 autem
2477 4391 2669 4436 natura
2700 4382 2957 4454 βούλησιν
3002 4384 3241 4454 quidem,
3275 4384 3324 4438 id
3379 4391 3462 4438 est

1891 4471 2252 4537 voluntatem,
2277 4472 2513 4526 dicimus
2547 4491 2560 4528 :
2585 4473 2904 4537 electionem
2940 4491 3070 4531 vero
3099 4491 3204 4529 non
3229 4476 3461 4530 dicimus

1889 4563 2128 4633 proprie,
2171 4563 2313 4616 sicut
2356 4578 2530 4633 neque
2561 4564 3070 4630 considerationem,
3114 4582 3287 4635 neque
3329 4582 3462 4620 con-

1891 4655 2260 4721 sultationem,
2297 4656 2408 4711 imo
2453 4671 2552 4710 nec
2584 4655 2638 4710 in
2691 4657 2872 4711 anima
2916 4657 3117 4711 Christi
3165 4658 3457 4711 consilium

1890 4747 2146 4811 dicimus,
2176 4762 2276 4802 nec
2304 4747 2661 4816 electionem;
2712 4764 2819 4803 non
2860 4749 3005 4802 enim
3045 4747 3277 4802 habebat
3307 4749 3463 4819 igno-

1890 4839 2154 4902 rantiam,
2188 4838 2404 4894 tametsi
2453 4848 2663 4894 natura:
2714 4839 3012 4910 ignorantis
3062 4854 3181 4895 esse
3239 4840 3463 4893 diceba-

1892 4943 1980 4985 tur
1999 4931 2110 5001 (ΒΞ)
2139 4948 2154 4985 :
2189 4931 2340 4986 unita
2371 4932 2514 4987 enim
2540 4931 2651 4988 Deo
2678 4931 2854 4988 Verbo
2877 4931 3176 4988 secundum
3207 4932 3463 5003 hyposta-

1489 5126 1727 5182 VARIIE
1800 5125 2200 5184 LECTIONES.

309 5224 888 5298 clegt;nu._(qrqr_txﬁ.
954 5227 1004 5262 θ’
1032 5221 1290 5298 Turrian.
1349 5223 1560 5298 legebat
1619 5222 1798 5298 ὄρεξις
1845 5223 2111 5298 ’ἄγεταιε
2161 5224 2188 5264 δ
2221 5223 2474 5298 Turrian.
2512 5227 2755 5298 θέλησιν,
2800 5228 2928 5298 ᾖεεό
2990 5227 3203 5298 legebat

3269 5227 3464 5297 βούλη-

227 5294 518 5368 gw,_ut__in
548 5293 1114 5368 Colbertinoquoque
1148 5294 1365 5364 legitur.
1430 5305 1454 5334 ε
1479 5293 1620 5350 Olim
1651 5293 1968 5348 dubitabam
1999 5311 2070 5350 an
2099 5293 2642 5368 Ιεεειιᾱιιηιιβουλήν,
2661 5298 2753 5352 sed
2783 5293 3129 5355 Colbertin'us
3161 5293 3329 5354 codex
3364 5293 3464 5352 ha-

229 5361 309 5419 bet
337 5363 636 5435 βούλευσιν,
666 5372 720 5420 el
749 5361 966 5434 quidein
997 5361 1156 5420 bene.

1697 5451 1932 5508 ΝΟΤΛΕ.

301 5555 411 5625 (52)
446 5555 686 5613 Tametsi
724 5565 933 5611 natura:
963 5554 1270 5625 ignorantis
1299 5568 1420 5610 esse
1465 5552 1788 5625 dicebatur:

232 5628 293 5685 El
316 5623 412 5683 ml.
449 5628 550 5698 τῆς
586 5628 654 5682 τὰ
690 5627 950 5698 μέλλοντα
986 5623 1286 5696 ἀγνοούσης
1313 5623 1666 5695 ,ἐχρημάτιζε
1694 5623 1795 5692 φύ-

1902 5569 2062 5679 genii.
2092 5553 2144 5679 Id
2172 5563 2256 5611 est
2288 5570 2303 5610 :
2335 5554 2548 5612 tametsi
2584 5565 2790 5612 naturae
2819 5554 3002 5612 futura
3020 5555 3326 5630 ignorantis
3346 5569 3469 5612 esse

1943 5640 2020 5679 tce
2043 5640 2091 5679 ia
2119 5640 2203 5679 ur.
3461 5655 3464 5658 -

1943 5640 2203 5681 ιεειιειιυτ.
3461 5655 3464 5658 ·
