3884 6202
426 262 532 328 Sil

1590 266 1821 329 ΡΗΟΤΙ
1828 269 1855 328 Ι
1895 264 2405 332 PATliIARCH/E
2434 273 2542 335 ΟΡ.

3599 284 3717 349 512

426 395 556 444 sum,
589 376 956 450 cognitionem
984 377 1233 435 omnium
1257 378 1515 445 habebat,
1558 395 1671 435 non
1703 382 1899 450 gratia,
1924 381 2017 436 sed

2126 401 2233 435 των
2261 379 2376 455 εἶχε
2401 386 2504 457 τὴν
2533 386 2759 455 γνῶσιν,
2781 386 2843 441 οὑ
2873 388 3079 460 χάριτι.
3106 389 3243 446 ἀλλὰ
3272 393 3456 463 φύσει,
3488 395 3576 450 διὰ
3603 401 3717 469 τὴν

429 484 646 537 natura,
678 481 901 543 propter
924 472 1181 528 unionem
1212 474 1634 545 hypostaticam,
1688 474 1830 529 idem
1869 474 2014 529 enim

426 575 547 622 erat
580 565 723 620 Deus
767 574 823 619 et
875 566 1062 625 homo.
1112 566 1478 632 Quamobrem
1523 579 1703 636 neque
1740 567 2017 639 γνωμικὸν

428 660 644 730 θέλημα
675 658 910 713 habebat
943 660 1018 730 (id
1062 669 1169 724 est,
1215 661 1551 717 voluntatem
1604 660 1854 717 affectam
1901 662 2017 718 sive

429 748 777 805 aliectionem
806 749 1103 805 voluntatis
1128 749 1183 805 in
1205 751 1385 821 aliqua
1408 746 1515 819 re);
1537 752 1774 809 habebat
1795 753 2014 823 quidem

432 841 772 897 voluntatem
822 843 1130 899 naturalem
1187 844 1337 899 illam
1385 844 1729 916 ‘simplicem,
1786 860 1909 915 quze
1960 845 2014 899 in

434 934 587 988 omni
623 941 816 989 natura
846 935 1131 990 hominum
1167 937 1417 993 similiter
1454 947 1768 1008 spectatur;
1800 939 2017 1009 gnomi-

433 1039 556 1079 cam
606 1038 734 1080 vero
783 1024 1118 1081 voluntatem
1159 1041 1267 1082 non
1313 1027 1549 1083 habebat
1592 1037 1783 1084 sancta
1834 1029 2017 1083 anima

432 1113 635 1170 Christi
663 1125 855 1171 contra
889 1117 1129 1172 divinam
1170 1117 1531 1184 voluntatem,
1563 1133 1667 1174 nec
1696 1119 1841 1174 aliud
1868 1121 2019 1176 vole-

434 1206 530 1261 bat
561 1217 758 1278 preter
784 1209 1120 1265 voluntatem
1151 1209 1416 1266 divinam.
1441 1209 1639 1283 Γνώμη
1664 1212 1812 1267 enim
1853 1214 2017 1269 simul

432 1298 697 1357 dividitur
727 1316 853 1357 cum
879 1302 1148 1372 personis,
1180 1312 1547 1375 praeterquam
1579 1305 1634 1359 in
1670 1306 1785 1360 sola
1826 1317 2019 1362 sancta

430 1400 488 1443 et
512 1390 770 1460 simplici,
795 1400 850 1447 et
878 1407 986 1446 non
1017 1393 1345 1463 composita,
1368 1404 1424 1449 et
1446 1394 1763 1451 indivisibili
1794 1395 2018 1463 deitate;

430 1482 546 1537 illic
568 1483 712 1540 enim
765 1500 889 1540 cum
922 1486 1255 1556 hypostases
1286 1502 1393 1540 non
1430 1488 1655 1542 omnino
1683 1487 2018 1557 dividantur,

339 1597 345 1603 -
431 1586 610 1641 neque
641 1573 864 1639 distent,
894 1573 1015 1629 ideo
1048 1590 1224 1644 neque
1258 1575 1310 1629 id
1347 1578 1492 1646 quod
1524 1592 1777 1648 personae
1802 1579 2015 1646 volunt,

396 1692 397 1695 η
430 1662 727 1731 dividitur;
761 1664 870 1719 imo
908 1666 970 1718 τὸ
1006 1665 1297 1737 γνωμικὸν
1353 1676 1438 1722 est
1482 1676 1742 1738 tanquam
1800 1670 2013 1724 unitum

2119 474 2242 527 καθ’
2278 475 2578 531 ὑπόστασιν
2619 477 2850 533 ἕνωσιν·
2897 482 2926 533 ό
2971 480 3135 544 αὑτὸς
3174 481 3285 554 γὰρ
3323 478 3395 553 ἦν
3440 482 3577 548 Θεὸς
3613 488 3717 539 καὶ

2120 565 2428 638 ἄνθρωπος.
2466 568 2559 623 Διδ
2587 569 2708 624 οὐδὲ
2748 571 3029 643 γνωμικὸν
3056 567 3168 643 εἶχε
3193 572 3409 645 θέλημα
3437 590 3453 607 ο
3486 575 3715 646 θέλησιν

2122 659 2222 730 μὲν
2254 660 2363 730 γὰρ
2391 654 2505 731 εἶχε
2533 660 2631 733 τὴν
2663 663 2900 735 φυσικὴν
2926 663 3027 734 τὴν
3049 664 3249 737 ἁπλῆν,
3286 667 3389 735 τὴν
3416 668 3475 720 ὲν
3502 670 3717 733 πάσαις

2117 750 2227 805 τῶν
2255 751 2560 823 ἀνθρώπων
2593 754 2821 823 φύσεσιν
2841 740 3043 826 ὁμοίως
3069 758 3456 830 θεωρουμένην
3473 776 3491 791 ο
3521 760 3625 832 τὴν
3653 760 3717 815 δὶ

2118 845 2404 915 γνωμικὴν
2432 844 2656 917 θέλησιν
2681 846 2782 900 οὑκ
2811 840 2959 918 εἶχεν
2987 847 3151 902 αὑτοῦ
3188 851 3222 921 ἡ
3268 851 3401 918 ἁγία
3426 851 3575 924 ψυχὴ
3616 853 3716 905 ἑν-

2118 937 2315 990 αντίαν
2342 935 2437 990 τοῦ
2478 936 2623 991 θείου
2658 937 2964 1011 θελήματος
3000 933 3199 1007 αὑτοῦ,
3227 942 3352 995 οὑδὲ
3384 943 3517 997 ἄλλο
3553 945 3717 1016 παρὰ

2118 1026 2181 1080 τὸ
2211 1028 2356 1105 θετον
2382 1028 2546 1083 αὑτοῦ
2574 1029 2811 1102 θέλημα.
2851 1031 2916 1084 Ἦ
2950 1032 3061 1103 γὰρ
3086 1034 3280 1105 γνώμη
3313 1035 3716 1107 συνδιαιρεῖται

2119 1120 2243 1184 ταῖς
2280 1121 2666 1186 ὑποστάσεσιν,
2708 1121 2851 1194 πλὴν
2899 1124 2994 1177 ἐπὶ
3042 1124 3214 1195 μόνης
3257 1126 3359 1195 τῆς
3408 1126 3575 1194 ἁγίας
3612 1128 3719 1180 καὶ

2120 1211 2302 1281 ἁπλῆς
2332 1213 2425 1267 καὶ
2453 1214 2750 1269 ἀσυνθέτου
2780 1214 2877 1269 καὶ
2918 1216 3231 1287 ἀδιαιρέτου
3262 1217 3551 1290 θεότητος·
3592 1222 3720 1273 ἐκεῖ

2119 1304 2230 1376 γὰρ
2278 1304 2387 1359 τῶν
2437 1306 2793 1362 ὑποστάσεων
2822 1308 2918 1381 »μὴ
2972 1310 3055 1374 είς
3113 1309 3262 1363 ἅπαν
3308 1310 3719 1381 διαιρουμένων

2125 1396 2260 1465 μηδὲ
2293 1396 2687 1469 διισταμένων,
2714 1399 2836 1453 οὑδὲ
2864 1399 2925 1454 τὸ
2961 1398 3184 1470 θελητὺν
3208 1401 3525 1471 διαιρεῖται,
3592 1401 3720 1457 ἀλλ’

2121 1486 2237 1540 ἔστι
2268 1487 2348 1558 τῷ
2378 1489 2594 1560 φυσικῷ
2624 1490 2685 1543 τὸ
2712 1492 3011 1559 γνωστικὸν
3038 1490 3232 1565 ῶσπερ
3257 1494 3543 1564 ἡνωμένον
3564 1532 3582 1557 ,
3615 1496 3722 1548 καὶ

2120 1578 2271 1651 νόμῳ
2302 1582 2655 1653 περιγραφῆς
2696 1582 2834 1647 ίδίας
2869 1583 3365 1655 ὑπομεριζόμενον.
3398 1586 3582 1639 Κάκεῖ
3610 1585 3723 1656 μὲν

2122 1671 2312 1744 ἐπειδὴ
2343 1672 2442 1747 μία
2466 1673 2651 1743 φύσις,
2689 1675 2788 1746 μία
2816 1677 2910 1729 καὶ
2939 1676 2976 1747 ἠ
3009 1678 3214 1748 φυσικὴ
3247 1676 3491 1748 θέλησις,
3521 1678 3723 1746 ἔπειδὴ

434 1768 560 1808 cum
618 1755 879 1821 naturali,
929 1764 985 1811 ct
1038 1757 1153 1827 lege
1209 1757 1736 1830 circumscriptionis
1787 1764 2017 1832 propria:

2126 1764 2177 1818 se
2204 1741 2381 1819 καιναί
2413 1741 2746 1830 ὑποστάσεις
2794 1741 3094 1839 ἀδιαίρετοι
3125 1741 3289 1836 εἰσιν,
3322 1741 3381 1843 ἓν
3408 1770 3505 1823 καὶ
3538 1769 3603 1823 τὸ
3627 1741 3724 1822 θεέ

436 1846 817 1915 subdivisum;
862 1848 975 1904 illic
1011 1850 1180 1915 enim,
1221 1850 1351 1920 quia
1384 1866 1493 1906 una
1526 1861 1611 1908 est
1638 1863 1872 1921 natura,
1909 1872 2018 1910 una

2117 1857 2297 1928 λητδν,
2338 1859 2434 1913 καὶ⁸
2483 1860 2650 1931 pia};
2683 1859 2901 1928 κίνησις
2942 1860 3051 1913 τῶν
3100 1859 3267 1934 τριῶν
3328 1860 3722 1923 ὑποστάσεων,

432 1946 519 1993 est
537 1940 703 1993 etiam
728 1941 996 1995 naturalis
1020 1941 1296 2009 voluntas;
1316 1945 1442 2013 quia
1460 1961 1590 2001 vero
1617 1957 1671 2002 et
1698 1948 2017 2018 hypostases

2126 1950 2216 2005 δὺκ
2246 1951 2581 2023 ἁνεχομένης
2628 1951 2730 2023 τῆς
2774 1952 3047 2023 ἀχράντου
3098 1954 3194 2007 καὶ
3218 1952 3542 2024 ὑπερφυοῦς
3582 1951 3724 2005 ἑνώ-

432 2038 564 2084 suut
592 2030 1021 2102 inseparabiles,
1055 2051 1223 2091 unum
1267 2039 1433 2093 etiam
1476 2047 1560 2093 est
1584 2040 1925 2111 τὸῑθελητόν,
1961 2042 2014 2097 id

2126 2060 2253 2107 τεως
2320 2042 2578 2115 μερισμῷ
2633 2043 2827 2116 ὑλικῆς
2876 2060 3024 2109 τινος
3089 2044 3392 2115 φαντασίας
3444 2043 3725 2116 καθυϐρί-

428 2130 537 2188 est,
561 2123 707 2193 quod
732 2124 946 2191 volunt,
969 2134 1023 2181 et
1054 2142 1162 2181 uua
1212 2130 1381 2185 motio
1426 2129 1591 2184 trium
1624 2146 2011 2202 personarum,

2110 2136 2323 2203 ζεσθαι.

429 2214 559 2285 quia
606 2215 739 2270 unio
774 2216 865 2270 illa
900 2217 1254 2286 inviolabilis,
1293 2229 1348 2276 et
1390 2237 1557 2292 supra
1605 2232 1858 2279 naturam
1907 2244 2015 2285 non
2052 2231 2282 2303 patitur,
2323 2237 2383 2285 ut
2409 2204 2661 2285 alicuius
2691 2227 2995 2285 divisionis
3035 2227 3253 2284 llctione
3282 2227 3625 2285 contumelia
3666 2228 3724 2284 ei

428 2298 700 2363 inferatur
735 2308 869 2379 (55).

499 2398 558 2456 1η
607 2402 1139 2474 hominibusenim,
1170 2406 1297 2478 quia
1354 2424 1461 2464 una
1500 2418 1585 2466 est
1638 2422 1857 2482 natura,
1909 2433 2017 2474 una

428 2489 650 2559 quidem
676 2501 759 2547 est
816 2496 1083 2552 naturalis
1138 2499 1409 2565 voluntas,
1462 2501 1559 2557 sed
1611 2517 1861 2573 personae
1888 2518 2019 2563 sunt

429 2583 572 2638 inter
604 2599 663 2640 se
694 2585 907 2653 divisae,
951 2597 1007 2644 et
1044 2590 1316 2648 distinctae
1368 2602 1635 2664 tempore,
1677 2606 1731 2652 ct
1782 2599 1925 2668 loco,
1966 2609 2020 2657 et

427 2676 792 2745 dispositione
814 2694 942 2751 erga
968 2696 1076 2747 res,
1111 2692 1166 2737 et
1197 2682 1383 2740 multis
1407 2685 1532 2743 aliis
1564 2704 1579 2742 :
1604 2686 1810 2746 idcirco
1833 2692 2016 2748 diver—

428 2779 505 2830 se
523 2765 830 2823 voluntates
863 2781 1188 2838 cernuntur,
1219 2783 1275 2829 et
1320 2775 1551 2833 diversa:
1582 2780 1799 2852 γνῶμαι
1830 2783 1904 2850 (id
1936 2793 2019 2840 est

426 2857 738 2916 voluntates
766 2875 891 2916 cum
922 2862 1210 2920 aﬂ‘ectione
1238 2876 1294 2922 et
1323 2868 1619 2939 amore);in
1657 2872 1892 2931 Domino
1916 2892 2019 2931 au-

2211 2417 2338 2472 Ἐπὶ
2365 2415 2423 2471 δὲ
2455 2416 2566 2471 τῶν
2605 2414 2908 2489 ἀνθρώπων
2946 2417 3134 2488 ἐπειδὴ
3197 2416 3296 2489 μία
3326 2419 3362 2489 ἠ
3392 2417 3583 2486 φύσις,
3617 2418 3726 2488 μία

2127 2508 2228 2582 μὲν
2273 2510 2368 2563 καὶ
2401 2512 2435 2580 ὴ
2463 2509 2670 2580 φυσικὴ
2721 2510 2960 2579 θέλησις.
2996 2509 3419 2582 Κεχωρισμέναι
3466 2509 3525 2563 δέ
3573 2510 3726 2563 είσιν

2124 2602 2222 2657 ἀπ’
2250 2603 2500 2675 ἀλλήλων
2523 2603 2581 2655 αί
2608 2603 2938 2668 ὑποστάσεις
2961 2606 3055 2658 καὶ
3075 2604 3427 2675 διεστήκασιν
3449 2604 3639 2675 χρόνῳ
3661 2619 3723 2656 τε

2124 2694 2221 2748 καὶ
2266 2694 2418 2767 τόπῳ
2463 2696 2558 2749 καὶ
2591 2698 2657 2766 τῇ
2699 2694 2839 2765 πρὸς
2882 2695 2951 2749 τὰ
2983 2696 3290 2767 πράγματα
3313 2694 3583 2761 διαθέσει,
3623 2697 3725 2749 καὶ

2126 2786 2269 2841 κατὰ
2296 2787 2467 2840 πολλά
2495 2787 2631 2842 ἄλλα
2650 2827 2666 2853 ,
2683 2787 2872 2841 τούτου
2904 2787 3067 2851 ἕνεκα
3096 2788 3328 2859 διάφορα
3353 2788 3424 2842 τά
3447 2806 3507 2842 τε
3542 2789 3717 2862 θελή-

2130 2892 2277 2947 ματα
2306 2876 2610 2951 καθορᾶται
2646 2878 2742 2932 καὶ
2763 2879 2819 2933 αι
2858 2878 3097 2950 γνῶμαι.
3129 2877 3252 2932 Ἐπὶ
3278 2877 3334 2931 δὲ
3369 2878 3465 2932 τοῦ
3502 2880 3722 2953 Rupta.»

428 2957 541 3003 tem
580 2946 730 3013 Jesu,
755 2952 886 3021 quia
918 2963 1048 3009 sunt
1076 2955 1310 3012 diversa:
1341 2967 1570 3025 naturae,
1594 2960 1828 3018 diversae
1853 2964 2017 3019 etiam

2126 2946 2284 3038 ἡμῶν
2315 2946 2491 3040 Ἰησοῦ
2520 2970 2782 3042 Χριστοῦ,
2810 2946 2934 3025 ἐπεὶ
2965 2946 3213 3043 διάφοροι
3240 2970 3299 3023 al
3349 2970 3573 3040 φύσεις,
3595 2946 3723 3025 διὰ-

426 3046 555 3094 sunt
586 3040 915 3110 voluntates,
944 3045 1250 3102 divinitatis
1282 3047 1401 3118 ejus
1438 3058 1495 3105 et
1542 3049 1917 3121 humanitatis,
1965 3054 2022 3111 id

426 3139 512 3186 est
544 3133 801 3202 potentia:
841 3133 1152 3207 θελητικαί,
1190 3138 1243 3193 id
1274 3148 1376 3217 est,
1418 3141 1485 3196 ad
1528 3142 1841 3201 volendum.
1874 3144 2022 3203 Rur-

427 3237 714 3289 susvero,
755 3224 884 3294 quia
932 3240 1039 3281 una
1082 3236 1166 3283 est
1211 3228 1561 3301 hypostasis,
1606 3243 1662 3289 et
1712 3250 1877 3303 unus,
1924 3238 2021 3308 qui

426 3314 565 3379 vult,
604 3330 774 3370 unum
826 3318 990 3371 etiam
1028 3326 1115 3374 est
1151 3322 1297 3391 quod
1329 3323 1466 3390 vult,
1511 3323 1565 3380 id
1595 3334 1678 3382 est
1721 3327 1783 3380 τὸ
1809 3343 2022 3400 γνωμι-

428 3403 527 3457 κδν
573 3403 740 3459 αὑτοῦ
776 3405 990 3479 θέὶημα
1038 3409 1175 3480 (54),
1214 3412 1318 3469 hoc
1346 3423 1452 3479 est,
1487 3415 1739 3473 voluntas
1772 3433 1897 3474 cum
1936 3419 2021 3475 al-

430 3494 702 3565 fectione;
738 3512 999 3570 sequente
1044 3503 1257 3561 scilicet
1305 3505 1547 3563 humana
1579 3507 1700 3578 ejus
1739 3511 2023 3568 voluntate

423 3587 666 3643 divinam
717 3588 961 3660 ejusdem
1014 3595 1371 3664 voluntatem,
1436 3600 1740 3672 eademque
1785 3602 2017 3668 volente,

425 3692 550 3747 quae
573 3677 758 3733 divina
780 3680 899 3749 ejus
941 3683 1198 3741 voluntas
1235 3686 1408 3741 voluit
1443 3689 1618 3758 ipsam
1658 3692 1813 3747 velle.
1839 3692 2022 3760 Quare

429 3768 742 3825 voluntates
764 3772 1048 3841 gnomicze,
1102 3784 1158 3830 et
1201 3775 1555 3847 hypostaticze
1587 3798 1652 3837 ac
1682 3785 2019 3853 personales,

430 3870 488 3914 et
516 3860 758 3916 electiva:
790 3866 1036 3921 eamdem
1063 3883 1175 3922 rem
1207 3870 1506 3938 subjectam
1540 3874 1872 3947 signiﬁcant.

501 3950 733 4021 Oportet
760 3963 942 4008 autem
974 3956 1137 4021 scire,
1166 3970 1227 4013 ut
1259 3961 1435 4031 major
1480 3974 1534 4018 et
1570 3966 1786 4035 plenior
1824 3969 2021 4025 verbo-

430 4056 555 4096 rum
584 4041 899 4111 explanatio
929 4043 1042 4111 liat,
1080 4046 1397 4117 signiﬁcare
1425 4053 1723 4124 aliquando
1761 4059 2019 4117 volunta-

426 4142 564 4195 tem,
607 4132 912 4201 potentiam
955 4133 1022 4189 ad
1073 4136 1385 4205 volendum,
1428 4153 1482 4197 et
1510 4144 1709 4200 dicitur
1764 4148 2020 4207 voluntas

429 4224 738 4292 naturalis;
779 4227 1113 4300 quandoque
1157 4246 1290 4286 vero
1333 4234 1605 4305 signiﬁcat
1648 4239 1711 4292 τὸ
1765 4241 2012 4314 θελητόν,

427 4315 483 4370 id
505 4324 606 4380 est,
635 4316 710 4380 id,
746 4317 894 4387 quod
923 4321 1199 4385 volumus,
1229 4334 1283 4379 et
1314 4323 1517 4381 dicitur
1543 4329 1754 4402 θέλημα
1800 4351 2014 4405 γνωμιο

425 4408 545 4465 κόν.
579 4410 644 4464 Et
669 4420 894 4467 auctore
917 4425 1109 4487 sancto
1136 4413 1371 4471 Maximo
1392 4419 1572 4476 dill‘ert
1594 4424 1846 4481 voluntas
1874 4442 2016 4496 gno-

426 4503 571 4558 mica
606 4519 637 4558 a
674 4504 955 4568 voluntate
1008 4508 1267 4574 naturali,
1308 4512 1435 4580 quia
1465 4513 1555 4569 illa
1591 4516 1809 4587 quidem
1844 4519 2017 4592 hypoo

427 4597 623 4651 statica
652 4604 707 4651 et
744 4598 1051 4667 personalis
1075 4608 1159 4654 est
1198 4608 1254 4655 et
1294 4604 1639 4675 nominatur;
1684 4609 1799 4667 lucc
1826 4621 2008 4668 autem

426 4688 698 4744 naturalis
726 4689 982 4746 voluntas
1008 4706 1114 4746 non
1142 4702 1246 4761 est,
1280 4710 1458 4768 neque
1492 4710 1716 4755 vocatur
1747 4702 2008 4774 hypOsta-

2125 3076 2282 3131 φοροι
2317 3061 2415 3131 μὲν
2446 3061 2541 3115 καὶ
2570 3062 2628 3115 αί
2653 3061 2875 3132 φυσικαὶ
2913 3061 3162 3134 θελήσεις
3182 3062 3283 3133 τῆς
3326 3060 3587 3133 θεότητος
3615 3063 3722 3116 αὑ-

2123 3149 2218 3203 τοῦ
2255 3150 2352 3205 καὶ⁸
2383 3151 2484 3220 τῆς
2514 3152 2961 3224 ἀνθρωπότητος,
2999 3153 3167 3223 ἠγουν
3210 3154 3267 3207 αἱ
3314 3153 3602 3225 θελητικαὶ
3626 3154 3723 3208 δυ-

2123 3243 2336 3313 νάμεις.
2380 3244 2533 3298 Ἐπεὶ
2558 3243 2616 3299 δὲ
2643 3245 2870 3316 πάλινή
2904 3245 3204 3309 ὑπόστασις
3248 3246 3370 3317 μία,
3418 3247 3517 3300 καὶ
3556 3236 3648 3311 εἷς
3691 3248 3724 3301 δ

2124 3333 2314 3400 θέλων,
2342 3334 2401 3389 ἓν
2428 3334 2526 3389 καὶ
2548 3336 2612 3390 τὸ
2650 3335 2881 3408 θελητὸν
2899 3377 2916 3403 ,
2947 3338 3116 3409 ἧγουν
3144 3338 3208 3392 τὸ
3228 3340 3530 3409 γνωστικὸν
3552 3338 3573 3378 τ
3625 3340 3723 3393 αὑ-

2125 3425 2219 3479 τοῦ
2248 3424 2480 3499 θέλημα⁸
2514 3426 2675 3498 δῆλον
2718 3430 2803 3483 ὅτι
2842 3431 2941 3501 τῆς
2983 3429 3331 3502 ἀνθρωπίνης
3360 3430 3529 3486 αὑτοῦ
3554 3431 3723 3503 θελη-

2126 3532 2269 3579 σεως
2299 3518 2575 3588 ἑπομένης
2608 3522 2676 3590 τῇ
2710 3518 2831 3590 θείᾳ
2858 3519 3026 3575 αὑτοῦ
3058 3521 3278 3595 θελήσει
3297 3564 3314 3589 ,
3344 3524 3440 3577 καὶ
3466 3523 3540 3577 τὰ
3570 3524 3723 3578 add

2125 3604 2388 3678 θελούσης
2416 3608 2484 3663 ἂν
2517 3610 2551 3681 ἡ
2581 3608 2705 3664 θεία
2762 3610 2929 3665 αὑτοῦ
2978 3611 3199 3685 θέλησις
3244 3614 3481 3684 ἠθέλησε
3532 3616 3721 3671 θέλειν

2124 3697 2317 3768 αὑτήν.
2369 3700 2406 3752 Γ
2409 3699 2651 3755 νωστικὰ
2679 3700 2862 3755 τοίνυν
2894 3702 3179 3775 θελήματα
3224 3705 3319 3758 καὶ
3366 3705 3721 3761 ὑποστατιιιὰ

2125 3789 2223 3842 καὶ
2248 3792 2580 3861 προσωπικὰ
2616 3792 2713 3845 καὶ
2744 3796 3134 3867 προαιρετικὰ,
3158 3796 3221 3850 τὸ
3248 3797 3381 3853 αὑτὸ
3407 3796 3477 3852 ἂν
3514 3798 3721 3869 εἴησαν

2122 3880 2486 3952 ὑποκείμενον
2510 3884 2745 3954 πρᾶγμα
2776 3886 3132 3958 σημαίνοντα.

2195 3972 2410 4027 Εῐδέναι
2440 3973 2522 4027 δεῖ
2554 3976 2753 4045 πείρας
2784 3973 3071 4048 φιλολόγου
3099 3980 3193 4033 καὶ
3218 3980 3561 4054 σαφεστέρας
3579 3981 3719 4035 ἁνα-

2122 4061 2462 4134 πληρὼσεως
2489 4067 2755 4138 ῥημάτων
2782 4069 2967 4140 χάριν,
2997 4072 3073 4137 ὼς
3103 4072 3164 4127 τὸ
3195 4073 3409 4145 θέλημα
3441 4074 3575 4128 ποτὲ
3607 4076 3717 4145 μὲν

2120 4157 2221 4228 τὴν
2248 4157 2466 4231 θέλησιν
2504 4158 2678 4229 δηλοῖ,
2720 4164 2839 4233 ἦτοι
2868 4164 2968 4236 τὴν
3003 4165 3292 4238 θελητικὴν
3321 4167 3576 4238 δύναμιν,
3615 4168 3717 4222 καὶ

2040 4288 2095 4349 D
2120 4249 2337 4320 λέγεται
2366 4253 2576 4326 θέλημα
2600 4256 2827 4324 φυσικόν
2845 4272 2860 4286 °
2893 4259 3023 4312 ποτὲ
3047 4259 3105 4313 δὲ
3147 4260 3208 4314 τὸ
3238 4260 3484 4331 θελητὺν,
3500 4263 3597 4315 καὶ
3619 4263 3715 4315 λέ-

2127 4359 2286 4411 γεται
2318 4343 2531 4416 θέλημα
2559 4348 2856 4418 γνωμικόν.
2892 4351 3004 4405 Καὶ
3038 4353 3181 4406 κατὰ
3208 4352 3301 4407 τὸν
3327 4354 3473 4424 ἱερὸν
3501 4354 3560 4407 δὲ
3588 4355 3715 4409 Μά-

2126 4437 2305 4505 ξιμον,
2335 4437 2584 4510 διαφέρει
2629 4440 2843 4514 θέλημα
2870 4445 3151 4516 γνωμικὸν
3193 4447 3498 4518 θελήματος
3546 4466 3712 4519 φυσι-

2122 4529 2242 4591 κοῦ,
2276 4530 2443 4586 ὅτιτὸ
2474 4533 2573 4603 μὲν
2602 4532 2965 4592 ὑποστατικόν
3004 4555 3065 4592 τε
3092 4542 3194 4594 καὶ
3224 4541 3581 4611 προσωπικδν
3617 4544 3714 4596 καὶ

2119 4620 2237 4675 ἔστι
2266 4623 2361 4676 καὶ
2385 4623 2712 4695 ὀνομάζεται
2741 4667 2758 4694 ,
2797 4628 2861 4682 τὸ
2890 4629 2946 4682 δὲ
2972 4630 3202 4701 φυσικὸν
3230 4630 3445 4703 θέλημα
3474 4633 3576 4686 οὑκ
3605 4634 3707 4690 ἔτι.

2116 4712 2232 4767 Καὶ
2280 4712 2362 4767 ἔτι
2404 4713 2673 4789 διαφέρει,
2700 4718 2844 4793 ὃτιή
2877 4719 2979 4792 μὲν
3026 4720 3215 4787 ἁπλῶς
3256 4723 3354 4779 καὶ
3393 4722 3473 4788 ὡς
3520 4723 3711 4793 ἔτυχεν

1706 4867 1937 4926 VARI/3
1966 4870 2379 4931 LECTIONES.

499 5004 525 5047 ἵ
557 5003 818 5065 Turrian.
856 5008 986 5083 legit
1011 5010 1316 5081 γνωμικόν,
1357 5011 1564 5083 optime

1944 5170 2181 5231 NOTAE.

642 5272 783 5356 No_n_
798 5278 1003 5356 potitur
1027 5289 1083 5334 ut
1099 5279 1331 5356 alicujus
1359 5282 1636 5340 divisioni:
1652 5286 1863 5356 ﬁctione
1878 5305 2005 5344 con-

2110 5295 2236 5367 Πῶς
2273 5295 2497 5367 λέγεται
2525 5296 2761 5353 ἐνταῦθα
2794 5298 2853 5352 ἓν

2953 5299 3166 5372 ωμικδν
3198 5299 3295 5372 ἔπι
3347 5302 3588 5372 Χριστοῦ
3621 5305 3703 5359 θί-

424 5346 1569 5443 ξξξιξβίξὲα-ξελὸιζεςᾳίιέῇρνξκῌξγξχτξεέένῃς
1594 5395 1610 5410 .
1748 5360 2003 5443 pepigit;
2109 5346 2848 5443 ληξιάςὲιξὸἱὶξοᾶοῗζ.ὲῖσῖἐᾶλῆν
2880 5346 3702 5443 ἐέᾶιῗόἶὲο⁷ῠῖταξεῗξέῖξᾶνξξς

426 5417 618 5495 ὑλικῆς
645 5434 802 5495 τινος-
824 5420 1129 5495 φαντασίας
1156 5417 1604 5495 καθυϐρίζεσθαι.
1638 5426 1693 5481 Μ
1716 5417 1797 5484 est
1822 5417 1843 5483 ἐ

422 5489 631 5560 patitur
656 5490 966 5560 utalicujus
999 5491 1133 5545 idem
1162 5489 1459 5549 materialis
1482 5496 1752 5553 divisione
1804 5511 2001 5556 contu-

426 5559 586 5615 inelia
619 5559 724 5613 sibi
760 5560 1046 5616 inferatur.

497 5629 1072 5707 (54)Α‹1Α1ιαις1⁵ὴριῇί
1110 5633 1270 5707 verba
1300 5634 1499 5707 adjecit
1521 5637 1710 5693 nescio
1741 5640 1865 5707 quis
1896 5641 2009 5696 hoc

426 5698 675 5756 Criccum
700 5698 1243 5768 Scholion,Photium
1269 5698 1723 5766 con-tradictionis
1741 5698 2006 5783 arguens:

1931 5446 2001 5487 on
2108 5438 2208 5508 τὴν
2253 5438 2410 5503 δόξαν
2459 5439 2710 5507 ταύτηνς
2756 5438 3032 5504 Quomodo
3066 5444 3150 5495 hic
3197 5438 3402 5497 dicitur
3442 5438 3553 5497 esse
3604 5462 3707 5498 una

2111 5508 2356 5584 voluntas
2410 5509 2658 5584 gnomico
2707 5513 2759 5562 in
2806 5509 3067 5584 Christo,
3102 5528 3219 5565 cum
3273 5515 3363 5584 qui
3412 5514 3547 5567 hanc
3597 5518 3698 5584 op'r

2116 5580 2325 5657 nionem
2376 5580 2693 5657 introducit_
2726 5582 2923 5648 passim
2984 5583 3291 5653 refutetur?
3333 5582 3388 5638 lu
3441 5586 3544 5640 hoc
3590 5580 3707 5657 ipso

2120 5650 2329 5706 scilicet
2354 5659 2615 5706 tractatu.
2652 5650 2920 5706 Tonans.
