3884 6202
204 300 315 365 513
1142 302 1240 359 AD
1271 296 1785 359 AMPHILOCHIE

1902 294 2244 368 QUAESTIO
2274 294 2502 355 LXXX.
3356 290 3459 355 514
3502 308 3511 317 ·

204 412 407 482 ἔχουσα
456 409 567 463 τῶν
612 409 754 464 κατὰ
796 408 959 479 φύσιν
1010 409 1351 464 συστατικῶν
1397 411 1539 480 ὁρμή
1580 427 1638 463 τε
1682 408 1775 461 καὶ

1900 420 1979 459 ica
2003 414 2056 459 et
2082 404 2404 474 personalis.
2433 402 2614 458 Diﬂ'ert
2638 402 2838 467 adhuc,
2866 403 3009 473 quod
3035 403 3291 473 appetitio
3315 403 3452 457 sim-

204 504 415 573 εφεσις,
450 502 662 572 θέλημά
701 503 817 555 ὲστι
844 502 1093 570 φυσικόν.
1125 503 1189 555 ’11
1220 502 1277 555 δὲ
1304 501 1411 555 τῶν
1435 501 1556 555 καθ’
1586 501 1780 572 ἡδονὴν

1896 499 2101 568 pliciter
2122 505 2174 551 ct
2208 506 2482 567 utcunque
2525 511 2740 560 eorum,
2774 510 2896 566 quae
2944 505 3073 551 sunt
3116 495 3259 549 κατὰ
3290 495 3453 565 φύσιν

209 592 624 665 συνεργητικῶν
672 594 802 647 ποιὰ
855 595 950 648 καὶ
998 593 1253 665 διάφορος
1303 594 1515 664 κίνησίς
1561 611 1619 648 τε
1684 593 1778 647 καὶ

1896 586 2205 652 συστατικὰ,
2233 586 2286 640 id
2329 595 2432 651 est,
2471 601 2592 655 quae
2637 585 2705 640 ad
2754 584 3194 641 constitutionem
3249 596 3455 641 natura:

202 683 409 757 ὄρεξις,
434 684 645 754 θέλημα
667 685 967 755 γνωμικὸν,
989 687 1109 755 ἥτις
1138 688 1233 739 καὶ
1256 688 1313 738 ὲν
1340 685 1585 739 ἐπιτάσει
1610 683 1775 738 καλοῦ

1896 681 2176 752 pertinent,
2209 688 2262 734 et
2306 678 2425 735 sine
2454 679 2650 749 quibus
2689 686 2883 733 natura
2934 694 3041 733 non
3083 677 3357 741 consistit,
3406 688 3459 733 et

208 793 274 828 τε
307 776 403 829 καὶ
432 774 529 828 τοῦ
567 774 644 846 μὴ
667 776 911 831 τοιούτου
940 776 1288 845 γινώσκεται,
1323 777 1415 831 καὶ
1442 776 1541 830 οὐκ
1573 774 1686 829 ἔστι
1715 775 1777 829 τὸ

1896 775 2234 838 ιεείιιονίυῐη,
2272 772 2526 827 voluntas
2582 772 2846 826 naturalis
2902 778 3007 826 est.
3050 769 3116 824 Ἦ
3164 770 3275 824 τῶν
3324 771 3461 824 καθ’

204 868 476 939 πρότερον
503 867 903 940 σημαινόμενον
926 868 1020 923 τοῦ
1050 868 1304 939 δευτέρου
1324 868 1601 931 παντελῶς
1625 866 1780 920 ἁλλό-
1883 864 2074 937 ἡδονὴν
2105 864 2234 918 ποιὰ
2263 865 2358 918 xui.
2382 863 2633 934 διάφορος
2671 863 2904 933 κίνησις,
2946 862 2999 917 id
3034 872 3139 927 est,
3184 869 3362 917 motus
3406 871 3460 915 et

202 976 381 1029 τριον,
426 959 545 1013 ἀλλ’
578 959 727 1013 ἔστιν
771 960 956 1025 αὐτοῖς
1003 961 1038 1031 ἡ
1088 960 1340 1013 κοινωνία
1383 960 1440 1011 ὲν
1487 958 1782 1028 ποσότητος

1896 959 2154 1027 appetitus
2184 957 2483 1012 sectnnlnm
2537 956 2867 1025 voluptatem
2918 969 3043 1009 cum
3096 955 3360 1025 qualitate
3406 963 3460 1008 ct

204 1052 439 1125 ἰδιότητι
477 1054 525 1107 ⁸.
560 1053 671 1107 Καὶ
700 1051 763 1106 ὃν
789 1053 990 1124 τρόπον
1038 1052 1133 1105 καὶ
1161 1051 1222 1105 τὸ
1252 1051 1646 1123 σημαινόμενον
1684 1051 1782 1121 τῆς

202 1143 298 1197 ἐπ’
330 1144 620 1217 ἀνθρώπου
645 1143 1072 1216 λαμϐανομένης
1106 1143 1340 1211 φύσεως.

1887 1050 2205 1105 diversitate
2238 1058 2318 1104 est
2344 1047 2554 1117 θέλημα
2583 1046 2878 1117 γνωμικὸν,
2919 1060 3039 1115 quae
3061 1046 3308 1100 voluntas
3327 1059 3462 1115 gno—

1886 1141 2025 1196 mica
2056 1140 2109 1195 in
2148 1141 2321 1211 magis
2357 1141 2579 1209 pulchra
2628 1153 2709 1203 re,
2748 1147 2801 1192 et
2854 1138 3026 1208 magis
3072 1153 3178 1191 non
3230 1138 3459 1207 pulchra

202 1238 570 1310 dignoscitur,
615 1251 669 1295 et
699 1255 810 1295 non
857 1247 943 1295 est
991 1240 1143 1309 prius
1181 1238 1545 1308 significatum
1577 1236 1646 1292 ab
1682 1235 1787 1291 hoc
1823 1236 2063 1290 secundo
2106 1235 2320 1304 penitus
2369 1236 2627 1297 alienum,
2674 1250 2805 1303 quin
2873 1234 3054 1304 potius
3116 1233 3459 1288 communio-

201 1345 333 1385 nem
374 1331 576 1387 habent
629 1332 681 1387 in
726 1331 1060 1402 prOprictatc
1116 1331 1458 1401 quantitatis,
1513 1338 1568 1385 et
1610 1329 1912 1402 qualitatis,
1977 1330 2121 1385 sicut
2184 1330 2547 1400 signiﬁcatum
2594 1328 2813 1384 nomine
2884 1336 3090 1382 natura:
3129 1331 3182 1381 in
3236 1327 3459 1381 homine

276 1439 466 1479 centaa.

276 1439 307 1477 c
451 1463 466 1479 .

199 1436 548 1585 θειὲἓῖπγάρ
576 1514 753 1568 διττὸν
788 1514 1023 1569 ἐνταῦθα
1055 1516 1117 1569 τὸ
1146 1517 1246 1587 τῆς
1293 1514 1509 1586 φύσεως
1530 1557 1545 1580 ,
1571 1516 1631 1570 τὸ
1684 1515 1781 1586 μὲν

1961 1511 2167 1584 Duplex
2222 1514 2368 1567 enim
2414 1522 2498 1567 est
2545 1513 2908 1583 signiﬁcatum
2958 1513 3179 1567 nomine
3228 1523 3456 1577 naturae,

202 1604 397 1668 ἁπλῶς
437 1606 535 1659 καὶ
561 1604 796 1659 καθόλου
840 1610 1103 1677 σημαῖνον
1133 1606 1360 1660 ’ἑκαστον
1391 1606 1501 1659 τῶν
1541 1605 1647 1660 ὑπὸ
1688 1606 1782 1659 τὸν

1896 1606 2117 1661 alterum
2156 1606 2375 1676 quidem
2423 1605 2743 1676 simpliciter
2786 1614 2841 1659 et
2891 1605 3141 1659 universe
3181 1605 3457 1674 signiﬁca-

199 1696 496 1769 ἄνθρωπον
527 1697 826 1751 τελούντων
851 1700 1090 1768 ἀτόμων,
1136 1699 1197 1752 τὸ
1227 1698 1283 1751 δὲ
1312 1699 1411 1769 οὐχ
1447 1698 1635 1762 ἁπλῶς
1659 1697 1779 1751 οὐδὲ

1896 1706 2023 1761 tum,
2071 1697 2505 1768 unumquodque
2543 1698 2883 1752 individuum
2928 1712 2995 1751 ex
3046 1698 3136 1761 iis,
3173 1712 3294 1765 qua:
3334 1706 3459 1751 sunt

201 1792 297 1844 τὸν
330 1791 452 1844 ὅλον
494 1790 593 1860 τῆς
640 1792 882 1861 ἐμφύτου
915 1791 1197 1861 δυνάμεως
1244 1792 1379 1862 πρὸς
1418 1792 1518 1855 τὰς
1552 1790 1780 1862 πράξεις

1896 1790 1989 1844 sub
2016 1790 2258 1854 homine,
2289 1789 2517 1844 alterum
2552 1805 2658 1845 non
2688 1790 2792 1844 hoc
2825 1789 3046 1844 nomine
3092 1788 3334 1844 hominis
3378 1789 3457 1842 si-

200 1880 601 1950 ὲνισχυούσης,
651 1880 772 1933 καθ’
807 1880 864 1933 ὃν
899 1880 994 1934 καὶ
1046 1882 1109 1935 τὸ
1160 1880 1409 1953 σύστημα
1457 1880 1625 1935 τῶνδε
1671 1881 1781 1934 τῶν

204 1970 539 2042 ἀνθρώπων,
559 1972 620 2025 τὸ
651 1973 749 2043 μὲν
779 1975 1116 2044 γεωμετρεῖν
1149 1973 1359 2043 πέφυκε
1390 1973 1608 2044 μᾶλλον,
1644 1974 1704 2028 τὸ
1723 1974 1780 2027 δὲ

203 2065 444 2133 μουσικῇ
468 2062 739 2117 τελεῖσθαι
767 2065 1219 2137 ἐπιτηδειότερον,
1248 2066 1281 2138 ἢ
1327 2069 1376 2120 οἱ
1416 2068 1515 2137 μὲν
1542 2068 1781 2138 πραότη-

206 2171 318 2221 τος,
352 2154 402 2207 οῖ
430 2154 486 2209 δὲ
513 2155 867 2226 σωςροσύνης
902 2156 1103 2228 μᾶλλον
1133 2157 1361 2228 ἐργάται
1402 2158 1777 2229 γνωρίζονται.

277 2417 535 2486 Διαφέρει
580 2417 678 2487 μὲν
720 2416 814 2471 οῦν
857 2417 952 2471 τοῦ
1005 2419 1235 2488 φυσικοῦ
1281 2419 1583 2491 θελήματος
1632 2421 1777 2489 λογι-

209 2512 369 2578 σμοῖς
418 2510 685 2577 γενναίοις
727 2511 760 2581 ἡ
807 2511 1167 2583 προαίρεσις,
1206 2511 1344 2566 καθὸ
1386 2514 1419 2582 ἠ
1459 2514 1557 2582 μὲν
1602 2512 1780 2583 ὄρεξίς

207 2601 324 2654 ἐστι
352 2600 670 2670 βουλευτικὴ
699 2602 807 2656 τῶν
829 2605 896 2671 ἐφ
912 2603 1081 2673 ’ἡμῖν,
1106 2606 1201 2657 καὶ
1216 2604 1297 2657 ἔτι
1318 2605 1449 2657 καθὸ
1473 2605 1534 2657 τὸ
1560 2605 1656 2676 μὲν
1681 2623 1781 2675 φυ-

211 2694 366 2746 σικὸν
405 2691 618 2762 θέλημα
648 2693 807 2764 μόνον
838 2695 1071 2768 ἢρτηται
1092 2695 1202 2749 τῶν
1233 2694 1497 2764 φυσικῶν,
1524 2698 1557 2767 ἡ
1592 2695 1645 2748 δὲ
1681 2696 1781 2766 μό-

208 2802 299 2839 νον
331 2784 443 2838 τῶν
476 2785 562 2856 ἐφ’
593 2785 769 2857 ἡμῶν.
805 2786 901 2840 Ἒν
925 2786 983 2840 δὲ
1010 2786 1223 2857 θέλημά
1248 2804 1382 2858 φησι
1408 2786 1502 2841 τοῦ
1542 2786 1779 2859 Χριστοῦ

212 2876 441 2945 φυσικὸν
470 2877 503 2948 ἢ
536 2880 921 2948 προαιρετικὸν
965 2881 1183 2949 φρονεῖν
1214 2879 1248 2949 ἢ
1286 2879 1463 2948 λέγειν
1498 2879 1671 2942 οὐδεὶς
1702 2880 1780 2932 εί-

213 2972 335 3023 πεῖν
380 2969 491 3023 τῶν
532 2971 791 3041 Πατέρων
834 2972 1157 3043 ἐτόλμησεν,
1201 2972 1419 3044 ἀληθῶς
1466 2972 1667 3036 εἰδότες
1698 2973 1780 3025 ὅτι

210 3062 318 3114 τῶν
346 3061 437 3115 ἐπ’
464 3062 631 3132 ἄμφω
660 3064 995 3133 κινουμένων
1026 3066 1174 3119 ἐστὶν
1202 3066 1235 3136 ὴ
1269 3065 1610 3136 προαίρεσις,
1638 3064 1781 3133 λέγω

1883 1884 2196 1955 gnilicatum
2228 1884 2565 1952 simpliciter,
2606 1898 2783 1952 neque
2826 1890 3022 1946 totum,
3052 1882 3198 1952 quod
3231 1888 3314 1937 est
3347 1882 3457 1935 vir-

1883 1976 2012 2029 tutis
2046 1984 2241 2029 natura
2280 1975 2593 2031 hominibus
2626 1975 2801 2030 insitae
2830 1975 2897 2029 ad
2923 1976 3203 2040 actiones;
3241 1988 3350 2043 quo
3377 1972 3456 2027 si-

1882 2066 2137 2137 gniticato
2183 2067 2414 2123 dicimus
2454 2067 2554 2123 hos
2616 2068 2868 2121 homines
2916 2082 3037 2121 esse
3088 2065 3259 2137 magis
3302 2074 3457 2135 aptos

1884 2168 2076 2212 natura
2120 2159 2185 2213 ad
2234 2159 2542 2229 geometria:
2592 2158 2852 2221 studium,
2907 2158 3043 2212 alios
3097 2157 3161 2211 ad
3215 2157 3454 2213 studium

1882 2251 2128 2315 musicae,
2159 2251 2290 2307 alios
2322 2252 2389 2306 ad
2441 2251 2938 2317 mansuetudinem,
2977 2252 3096 2306 illos
3126 2252 3191 2306 ad
3236 2253 3457 2308 castita-

1883 2350 2011 2396 tem.

1960 2434 2147 2490 Dill‘ert
2184 2436 2348 2507 igitur
2376 2452 2407 2491 a
2447 2436 2726 2493 voluntate
2757 2436 2989 2491 naturali
3036 2436 3459 2507 cogitationibus

1881 2529 2160 2597 generosis
2176 2528 2429 2585 voluntas
2463 2529 2656 2591 libera,
2682 2537 2954 2599 quatenus
2980 2529 3093 2585 haec
3125 2538 3210 2584 est
3242 2528 3456 2600 appeti-

1884 2628 1969 2673 tus
1997 2621 2317 2675 consnltans
2340 2621 2407 2674 de
2428 2622 2515 2687 iis,
2552 2629 2671 2691 quae
2704 2630 2832 2676 sunt
2855 2623 2910 2676 in
2949 2631 3133 2677 nostra
3168 2630 3457 2691 potestate,

1882 2719 1935 2766 et
1952 2722 2221 2782 quatenus
2251 2714 2513 2770 naturalis
2538 2714 2793 2769 voluntas
2815 2713 3009 2783 pendet
3034 2729 3099 2769 ex
3118 2713 3461 2769 naturalibus

1884 2812 2089 2861 tantum
2108 2821 2121 2869 ;
2138 2804 2251 2858 haec
2270 2813 2449 2859 autem
2473 2804 2636 2860 llbcra
2655 2806 2803 2861 exiis
2830 2815 3058 2870 tantum,
3076 2822 3196 2874 quae
3216 2813 3344 2862 sunt
3369 2819 3463 2875 pe-

1882 2908 1981 2948 nes
1996 2908 2114 2949 nos.
2138 2892 2313 2948 Unam
2336 2902 2517 2949 autem
2538 2903 2790 2950 naturam
2818 2895 2870 2950 in
2887 2895 3106 2951 Christo
3133 2896 3460 2962 naturalem,

1882 2993 1975 3041 tua
1992 2988 2402 3059 προαιρετικὴν,
2430 2988 2480 3043 id
2504 2997 2608 3051 est.
2626 2989 2907 3043 electivam
2928 2990 3128 3044 sentire
3148 3000 3243 3045 aut
3258 2990 3460 3056 dicere.

1885 3079 2088 3145 nullus,
2122 3081 2296 3151 inquit
2320 3080 2454 3151 (55),
2500 3098 2565 3137 cx
2616 3084 2821 3139 sanctis
2864 3082 3117 3139 Patribus
3159 3099 3329 3139 ausus
3356 3094 3462 3140 est.

211 3155 270 3208 δὲ
310 3153 403 3207 ὲπί
438 3171 497 3207 τε
541 3156 610 3209 τὰ
650 3156 792 3209 καλὰ
828 3158 924 3211 καὶ
967 3159 1060 3211 ἐπὶ
1102 3159 1171 3211 τὰ
1211 3157 1411 3227 φαῦλα,
1455 3159 1592 3230 ὅπερ
1635 3158 1785 3212 ἐστὶν

1896 3170 2144 3227 Sciebant
2165 3174 2310 3228 enim
2335 3173 2652 3230 electionem
2676 3191 2797 3233 esse
2817 3191 3029 3241 eorum,
3057 3178 3149 3247 qui
3174 3177 3227 3231 in
3260 3187 3468 3231 utram-

216 3247 309 3299 ἐπὶ
365 3246 604 3318 Χριστοῦ
654 3248 749 3301 καὶ
806 3251 947 3303 νοεῖν
992 3249 1090 3303 καὶ
1143 3248 1325 3318 λέγειν
1360 3248 1458 3319 τῆς
1500 3250 1665 3321 ὀρθῆς
1705 3252 1790 3302 ὲν-

216 3337 396 3391 δεέστε
405 3355 499 3410 ρον
531 3339 788 3410 κρίσεως.

295 3518 419 3570 Ἔτι
443 3518 499 3571 δὲ
526 3519 576 3571 εί
601 3517 749 3574 ἔστιν
775 3520 1134 3575 ύποστατικὸν
1173 3519 1384 3591 θέλημα
1409 3521 1500 3573 ἐπὶ
1526 3520 1787 3591 Χριστοῦ,

218 3605 409 3661 διοίσει
437 3610 655 3673 πάντως
683 3611 793 3666 τῶν
824 3613 909 3682 ἐφ’
936 3612 1168 3667 ἑκάστου
1192 3613 1300 3666 τῶν
1328 3613 1630 3685 ἀνθρώπων
1651 3613 1789 3667 θεω-

224 3699 506 3770 ρουμένων
542 3700 837 3771 γνωμικῶν
859 3702 1182 3773 θελημάτων
1218 3704 1406 3757 διοίσει
1442 3704 1497 3758 δὲ
1527 3703 1791 3769 ὡσαύτως

222 3791 316 3844 καὶ
334 3792 430 3845 τοῦ
462 3793 518 3847 ὲν
534 3793 710 3865 Πατρὶ
728 3795 819 3849 xui.
845 3794 1123 3867 Πνεύματι
1145 3796 1519 3868 θεωρουμένου
1549 3797 1675 3869 θελή
1685 3815 1792 3867 μα-

221 3898 329 3946 τος.
360 3884 428 3936 Τί
457 3880 551 3938 οῦν
577 3885 727 3940 ἐστιν
752 3886 782 3940 ὃ
803 3886 877 3958 μή
895 3904 955 3940 τε
989 3886 1328 3960 ἀνθρώπινόν
1353 3892 1469 3942 ἐστι
1492 3890 1788 3960 γνωμικὸν,

226 3974 361 4046 μήτε
384 3976 523 4041 ὅλως
546 3976 726 4030 θεῖκὸν
748 3977 979 4049 θέλημα.
1000 3980 1075 4033 Οὐ
1104 3980 1212 4050 γὰρ
1239 3980 1301 4052 δή
1328 3998 1410 4046 τις
1445 3981 1696 4037 σύνθετόν
1738 4002 1791 4038 τι

226 4067 355 4136 ἐρεῖ,
394 4068 478 4121 ὅτι
517 4068 641 4139 μηδ’
668 4067 816 4122 ἐστιν
858 4069 1142 4140 ἐπινοῆσαι
1174 4070 1477 4145 θελήματος
1513 4075 1789 4143 σύνθεσιν,

224 4156 409 4229 ὥσπερ
440 4158 740 4212 ὑπόστασιν
769 4161 903 4231 όρᾷν
925 4160 1041 4214 ἐστι
1066 4160 1340 4220 σύνθετον.

294 4338 427 4392 eoas
458 4356 539 4403 τις
565 4338 713 4409 λέγοι
740 4339 817 4403 ὡς
850 4341 878 4393 ό
926 4340 1081 4409 λόγος
1116 4334 1274 4407 οὗτος
1316 4344 1425 4397 οὐδ’
1451 4345 1625 4399 ἄλλων
1668 4348 1790 4401 τινὰ

226 4429 329 4485 τῶν
377 4432 683 4503 ἀνθρώπων
717 4433 782 4504 ἐᾷ
824 4435 1099 4504 γνωμικὸν
1152 4435 1297 4507 ἔχειν
1341 4437 1571 4509 θέλημα.
1605 4439 1787 4495 ’Δπαν

228 4522 336 4593 γὰρ
365 4526 644 4595 γνωμικόν
670 4543 813 4591 τινος
842 4526 1075 4598 θέλημα,
1108 4527 1283 4582 οὐδενὶ
1310 4529 1419 4583 τῶν
1446 4532 1504 4584 ὲν
1529 4533 1642 4595 τοῖς
1662 4533 1785 4586 καθ’

228 4613 429 4669 ἕκαστα
450 4618 716 4690 γνωμικῷ
732 4617 996 4689 θελήματι
1013 4619 1423 4691 θεωρουμένων,
1439 4624 1634 4678 ταύτόν
1654 4626 1790 4693 ἐστι,

229 4705 359 4760 ἀλλὰ
412 4707 633 4771 πάντως
683 4710 867 4781 ἓτερον
893 4724 909 4739 ⁶
942 4710 1017 4775 ὥς
1057 4728 1118 4764 τε
1164 4713 1268 4766 κᾶν
1297 4715 1383 4785 εἴη
1432 4716 1790 4789 ἀνθρώπινον,

236 4794 454 4867 μηδενὸς
482 4799 512 4841 ι
536 4800 644 4853 τῶν
675 4801 781 4855 ὑπὸ
801 4803 892 4856 τὸν
914 4804 1198 4875 ἄνθρωπον
1237 4805 1454 4874 ἀτόμων
1473 4807 1552 4869 ὼς
1586 4808 1795 4880 ἀνθρώ.

234 4905 315 4959 mp
339 4890 735 4963 ἁρμοζόμενον.
780 4894 841 4947 El
874 4896 983 4965 γὰρ
1008 4891 1075 4966 ἦν
1125 4897 1331 4965 κυρίως
1368 4899 1473 4951 τινὶ
1517 4901 1626 4952 τῶν
1670 4901 1793 4956 καθ’

233 4976 431 5033 ’ἐκαστα
469 4981 530 5034 τὸ
577 4982 854 5051 γνωμικὸν
901 4982 1114 5054 θέλημα
1158 4984 1497 5057 ἀνθρώπινον
1525 4990 1591 5042 ἂν
1616 4992 1793 5064 ὑπῆρ-

236 5084 341 5136 χεν.
362 5073 477 5127 Οὐκ
510 5073 591 5129 ἔτι
622 5074 681 5127 δὲ
706 5074 1068 5144 ἀνθρώπινον,
1101 5076 1235 5132 διότι
1255 5077 1379 5132 οὔτε
1411 5082 1439 5134 ό
1473 5081 1791 5155 Σωκράτης,

235 5159 349 5213 οὔτε
381 5166 408 5218 ό
441 5166 673 5237 Πέτρος,
697 5166 818 5220 οὔτε
844 5185 928 5232 τις
951 5168 1110 5233 ἄλλος
1138 5170 1281 5225 ,καθὸ
1314 5172 1557 5242 πέφυκεν
1585 5176 1794 5247 ἄνθρω-

1891 3280 1997 3335 que
2052 3274 2261 3335 partem
2311 3276 2617 3332 moventur,
2679 3269 2743 3322 ad
2802 3269 2966 3331 bona,
3002 3269 3245 3339 inquam,
3295 3278 3349 3323 et
3399 3267 3465 3321 ad

1891 3372 2077 3426 prava.
2105 3357 2249 3426 quod
2282 3360 2500 3430 quidem
2533 3362 2837 3432 intelligere
2868 3373 2920 3418 et
2956 3365 3134 3419 dicere
3164 3364 3216 3417 in
3247 3363 3467 3418 Christo

1890 3463 1919 3503 a
1950 3458 2100 3503 recto
2124 3449 2333 3519 judicio
2362 3451 2660 3507 declinant.

1957 3539 2225 3596 Praeterea
2258 3542 2303 3597 si
2334 3553 2418 3597 est
2468 3544 2523 3597 in
2555 3544 2775 3599 Christo
2818 3546 3154 3619 hypostatica
3191 3548 3465 3613 voluntas,

1891 3630 2101 3687 differet
2129 3634 2354 3688 omnino
2395 3650 2425 3689 a
2471 3636 2846 3694 voluntatibus
2896 3640 3186 3709 gnomicis,
3244 3655 3365 3707 quae
3411 3641 3465 3694 in

1891 3738 2224 3795 unoquoque
2264 3727 2485 3782 homine
2525 3739 2861 3798 spectantur.
2908 3730 3125 3786 Diﬂ‘cret
3155 3732 3406 3788 similiter
3435 3749 3466 3788 a

1890 3816 2175 3873 voluntate
2217 3816 2398 3873 Patris
2445 3830 2497 3874 et
2529 3819 2765 3890 Spiritus
2797 3823 2989 3878 sancti.
3022 3823 3153 3890 Qum
3181 3825 3346 3894 igitur
3384 3834 3468 3880 cst

1890 3906 2165 3974 voluntas,
2212 3923 2336 3978 quae
2366 3925 2466 3965 nec
2500 3912 2735 3967 humana
2786 3914 3059 3984 γνωμικὴ.
3108 3929 3210 3968 nec
3240 3915 3467 3969 omnino

1890 3998 2071 4055 divina
2099 4000 2400 4057 voluntas?
2432 4001 2552 4058 Non
2592 4005 2733 4060 dicet
2766 4005 2908 4060 ullus
2936 4006 3295 4077 compositam
3321 4023 3464 4075 esse,

1891 4088 2021 4158 quia
2068 4105 2169 4145 nec
2215 4092 2513 4163 excogitari
2562 4104 2740 4164 potest
2775 4097 3098 4166 compositio
3143 4098 3463 4163 voluntatis,

1892 4179 2037 4234 sicut
2095 4196 2387 4252 possumus
2442 4188 2801 4256 compositam
2866 4189 3203 4260 hypostasim
3261 4192 3463 4247 intelli-

1893 4284 2041 4337 gere.

1964 4363 2021 4417 Si
2073 4365 2197 4434 quis
2229 4382 2359 4422 vero
2399 4367 2563 4435 dicat,
2600 4374 2643 4425 si
2694 4374 2763 4427 ita
2812 4382 2916 4435 est,
2954 4384 3013 4429 ut
3058 4375 3314 4441 dicimus,
3363 4390 3463 4432 nec

1818 4488 1861 4544 ο
1895 4454 2040 4510 ullus
2100 4457 2263 4512 homo
2321 4460 2462 4515 alius
2512 4461 2843 4518 voluntatem
2925 4465 3087 4520 habet
3153 4467 3458 4538 γνωμικὴν,

1890 4548 2072 4601 omnis
2099 4549 2241 4602 enim
2274 4551 2525 4607 voluntas
2560 4553 2791 4623 alicujus
2837 4557 3101 4626 gnomicze
3152 4572 3278 4613 cum
3316 4559 3461 4613 nulla

1888 4654 2077 4693 earum
2129 4641 2502 4711 gnomicarum
2549 4647 2909 4712 voluntatum,
2964 4663 3085 4719 quae
3128 4650 3180 4703 in
3228 4650 3462 4721 singulis

1891 4729 2187 4787 individuis
2209 4736 2577 4804 reperiuntur,
2600 4738 2788 4794 eadem
2818 4749 2921 4805 est,
2953 4742 3045 4795 sed
3074 4742 3299 4797 omnino
3319 4742 3460 4807 alia;

1890 4837 2062 4891 quare
2109 4840 2211 4880 nec
2254 4826 2360 4881 erit
2390 4828 2650 4895 humana,
2682 4831 2813 4900 quia
2862 4832 2995 4885 nulli
3044 4832 3328 4887 individuo
3363 4849 3465 4887 na-

1896 4923 2034 4969 tura:
2065 4915 2340 4984 humana),
2379 4928 2635 4991 tanquam
2676 4923 2906 4985 homini.
2938 4926 3209 4989 convenit,
3243 4924 3289 4979 si
3316 4924 3461 4979 enim

1896 5006 2061 5063 alicui
2115 5009 2382 5081 singulari
2427 5016 2648 5084 preprie
2692 5026 2840 5071 esset
2888 5018 3141 5075 voluntas
3187 5018 3461 5089 gnomica,

1898 5092 2138 5149 humana
2183 5097 2373 5167 utique
2421 5111 2595 5167 esset;
2650 5112 2704 5157 at
2754 5120 2863 5159 non
2914 5117 2998 5161 est
3040 5104 3300 5170 humana,
3332 5107 3461 5176 quia

1898 5201 2077 5255 neque
2113 5187 2387 5259 Socrates,
2412 5207 2585 5264 neque
2608 5193 2825 5262 Petrus,
2861 5212 2959 5253 nec
2988 5198 3126 5255 alius
3149 5200 3291 5268 quis,
3322 5214 3461 5268 Qua-

1516 5328 1751 5387 γΑιιιιΕ
1790 5335 2197 5396 LECTIONES.

306 5442 331 5482 Β
368 5454 432 5492 an
467 5440 589 5494 καθ’
616 5442 676 5493 ὃν
721 5442 968 5514 τρόττονῖ
1032 5446 1059 5485 ιι
1089 5446 1127 5500 1.
1162 5446 1352 5517 μηδενὶ
1390 5448 1523 5505 τῶν.

1722 5581 1956 5640 ΝΟΤΑΕ.

309 5688 414 5757 (55)
438 5692 508 5747 De
546 5692 608 5749 S.
644 5691 877 5748 Maximo
910 5695 1172 5765 loquitur.

544 5785 812 5847 Ρλτιιοι..
856 5788 971 5849 Gn.
1017 5790 1108 5851 CI.

2963 5803 3033 5863 11
