3884 6202
396 263 505 332 515

1558 260 1791 326 PHOTI
1796 263 1825 324 Ι
1853 262 2362 329 PATRIARCHIE
2392 264 2502 329 ΟΡ.

3558 260 3665 327 516

395 373 555 415 tenus
590 359 755 415 homo
783 366 887 426 est,
938 356 1104 413 habet
1134 356 1472 414 voluntatem
1504 358 1840 428 gnomicam,
1882 367 1978 412 aut

2088 376 2183 422 πος
2220 357 2500 429 γνωμικὸν
2533 354 2745 429 θέλημα
2771 354 2906 427 ἔχει,
2940 356 2973 427 ἢ
3011 352 3436 427 σοφισματώδης
3457 356 3485 409 ό
3510 355 3669 423 λόγος

394 452 559 505 fallax
582 460 668 507 est
697 452 859 514 ratio,
886 466 1008 520 quae
1040 449 1329 520 distinguit
1360 448 1701 504 individuum
1734 449 1981 520 ejusdem

394 556 605 599 natura:
635 544 703 598 ab
736 544 860 597 aliis
895 542 1235 607 individuis,
1267 551 1321 597 et
1360 542 1486 612 quia
1521 542 1845 597 confitemur
1872 558 1981 597 non

393 652 515 692 esse
547 638 694 691 hunc
725 652 850 691 cum
889 635 1001 689 ullo
1036 634 1322 688 individuo
1347 651 1412 689 ex
1447 634 1571 689 aliis
1594 634 1848 690 eumdem
1883 637 1984 708 hy-

396 730 627 798 pnstasi,
658 744 759 783 nec
787 728 912 782 aliis
942 727 1367 797 pr0prietatibus
1390 745 1404 781 :
1428 726 1636 781 idcirco
1665 741 1765 781 nos
1786 742 1814 780 a
1834 742 1985 781 com-

396 823 550 875 muni
597 829 790 875 natnra
827 834 1110 875 removere
1163 834 1313 885 eum,
1367 827 1420 872 et
1472 818 1809 872 voluntatem
1863 819 1983 886 ejus

396 914 708 983 gnomicam
754 928 858 965 non
890 911 1069 965 dicere
1118 910 1417 965 humanam
1469 924 1592 965 esse
1627 926 1640 961 :
1675 909 1791 963 haec
1833 911 1980 964 enim

397 1005 641 1075 captiosa
690 1005 831 1058 ratio
863 1003 1053 1057 multis
1068 1003 1421 1072 argumentis
1450 1014 1701 1056 naturam
1737 1016 1983 1057 commu-

398 1110 521 1147 nem
556 1092 834 1163 separabit
859 1108 887 1145 ιι
920 1091 1306 1160 singularibus,
1336 1108 1460 1161 qua:
1493 1093 1597 1146 sub
1628 1108 1694 1147 ea
1721 1104 1852 1148 sunt
1880 1094 1983 1150 hac

396 1186 750 1256 adjunctione
774 1184 921 1237 verbi
946 1193 1204 1253 quatenus
1227 1183 1448 1237 homini.
1479 1184 1847 1251 Quamobrem
1872 1202 1981 1242 non

395 1287 481 1332 est
531 1277 711 1332 simile
762 1276 905 1345 quod
949 1275 1208 1341 dicimus,
1262 1290 1371 1329 non
1406 1292 1529 1331 esse
1575 1278 1880 1346 ponendam
1928 1281 1982 1334 in

396 1370 621 1425 Christo
653 1369 989 1423 voluntatem
1024 1367 1332 1438 gnomicam
1379 1368 1515 1438 (56).
1575 1368 1632 1422 In
1668 1369 1983 1425 hominibus

394 1466 567 1529 enim,
600 1464 693 1535 qui
724 1479 894 1517 unum
926 1476 991 1516 ex
1026 1461 1400 1530 singularibus
1443 1463 1677 1533 sumpsit
1709 1479 1808 1533 pro
1835 1474 1983 1518 certo

401 1557 607 1611 habere
644 1556 979 1610 voluntatem
1032 1554 1367 1625 gnomicam,
1399 1556 1527 1625 quia
1571 1554 1751 1610 differt
1783 1572 1812 1610 a
1862 1556 1986 1611 reli-

2083 457 2111 509 ό
2137 455 2199 509 τὸ
2237 454 2474 525 όμοφυὲς
2496 455 2699 523 ἄτομον
2721 452 2831 505 τῶν
2848 452 3025 507 ἄλλων
3049 453 3173 507 καθ’
3196 454 3405 507 ἕκαστα
3424 452 3671 506 διαστέλ-

2082 546 2211 602 λων.
2242 548 2351 601 Καὶ
2383 548 2449 600 ὲκ
2496 547 2590 600 τοῦ
2632 547 3017 617 συνομολογεῖν
3077 547 3269 617 μηδενὶ
3330 546 3443 597 τῶν
3494 547 3669 599 ἄλλων

2083 637 2302 706 ἀτόμων
2334 637 2531 690 ταὺτὸν
2563 632 2702 689 εἶναι
2731 640 2796 707 τῇ
2839 636 3137 689 ὑποστάσει
3176 636 3310 707 μηδὲ
3341 639 3453 696 τοῖς
3491 636 3670 696 ἄλλοις

2087 726 2342 796 ίδιώμασι
2372 726 2464 778 τὸν
2494 726 2879 797 προκείμενον.
2925 727 3021 780 Ἐκ
3060 726 3254 779 τούτου
3298 727 3517 796 καὶτῆς
3552 745 3664 779 κοι-

2082 818 2181 887 νῆς
2215 819 2230 859 ί
2263 817 2443 871 αὑτῶν
2472 819 2794 888 ἀποστερεῖν
2812 816 3049 887 φύσεως,
3075 818 3170 871 καὶ
3193 818 3252 870 τὸ
3270 819 3552 888 γνωμικὸν
3574 820 3669 869 αὑ-

2082 910 2176 963 τοῦ
2204 909 2414 980 θέλημα
2446 909 2521 980 μὴ
2548 908 2728 977 λέγειν
2758 908 3099 980 ἀνθρώπινον
3128 906 3291 963 εἶναι,
3335 911 3434 963 Ἐκ
3459 911 3669 963 πολλῶν

2082 1000 2191 1073 γὰρ
2212 1000 2477 1071 ἀφορμῶν
2514 1002 2543 1053 ό
2575 1000 2991 1071 παραλογισμὸς
3019 993 3173 1065 οὗτος
3211 1003 3313 1071 τὴν
3344 1004 3534 1073 κοινὴν
3565 1003 3669 1071 qni-

2085 1110 2169 1147 σιν
2200 1095 2501 1165 ἀποστήσει
2533 1094 2630 1146 καὶ
2654 1093 3001 1165 διαχωρίσει,
3028 1094 3137 1147 τῶν
3170 1095 3262 1147 ὑπ’
3280 1096 3421 1166 αὑτῇ
3448 1094 3667 1147 τελούν-

2081 1202 2190 1239 των
2222 1186 2315 1239 καὶ
2343 1186 2822 1257 ἐμπεριεχομένων
2848 1188 3067 1258 ἀτόμων
3097 1187 3271 1256 αὑτῆς
3307 1186 3387 1257 τῷ
3428 1190 3669 1257 προσρήο

2086 1297 2241 1349 ματι.
2266 1280 2344 1331 Δι’
2373 1279 2513 1349 ὅπερ
2561 1280 2658 1349 οὑχ
2701 1279 2904 1349 ὁμοίως
2937 1281 2966 1332 ό
3003 1280 3162 1348 λόγος
3192 1274 3346 1343 οὗτος
3373 1282 3487 1350 ἔχει
3518 1283 3611 1333 καὶ
3641 1284 3672 1332 ὁ

2082 1370 2145 1423 τὸ
2170 1370 2185 1420 l
2216 1371 2518 1438 γνωστικὸν
2552 1370 2648 1422 ἐπὶ
2674 1371 2914 1441 Χριστοῦ
2948 1372 3023 1441 μὴ
3046 1370 3489 1442 παραδεχόμενος
3513 1371 3671 1440 θέλη-

2088 1480 2186 1533 μα.
2221 1465 2347 1518 Ἐπὶ
2374 1463 2475 1533 μὲν
2509 1464 2619 1534 γὰρ
2656 1463 2765 1517 τῶν
2796 1462 3102 1534 ἀνθρώπων
3131 1464 3226 1517 ἕνα
3262 1462 3447 1516 λαϐὼν
3480 1464 3671 1533 ὁμολο-

2084 1559 2366 1628 γουμένως
2387 1558 2497 1611 τῶν
2528 1557 2652 1611 καθ’
2681 1557 2915 1610 ἕκαστον
2944 1557 3223 1629 γνωμικὸν
3258 1556 3407 1627 ἔχειν
3451 1558 3667 1627 θέλημα

394 1650 519 1720 quis
549 1647 926 1704 voluntatibus
949 1646 1220 1716 gnomicis
1241 1662 1457 1714 eorum,
1483 1649 1571 1718 qui
1597 1658 1724 1703 sunt
1740 1648 1980 1719 ejusdem

2088 1657 2150 1709 ὲκ
2172 1656 2275 1725 τῆς
2311 1656 2448 1726 πρὸς
2482 1655 2552 1709 τὰ
2586 1653 2748 1707 λοιπὰ
2771 1653 2880 1707 τῶν
2911 1654 3173 1723 ὁμοειδῶν
3198 1654 3541 1724 ἑτερότητος,
3567 1654 3667 1723 τὴν

396 1751 627 1807 ιιιιιιιττιξ,
659 1750 912 1795 naturam
952 1754 1297 1793 communem
1337 1740 1648 1807 defraudat,
1697 1743 1839 1811 quod
1899 1752 1981 1797 est

2088 1749 2272 1818 κοινὴν
2314 1748 2476 1816 φύσιν
2509 1747 2978 1818 παραγράφεται·
3014 1748 3153 1816 ὅπερ
3184 1748 3302 1800 ἐστὶ
3336 1750 3668 1816 σεσοφισμέο

394 1836 723 1905 captiosum.
765 1842 819 1887 et
877 1830 1157 1887 concludit
1204 1830 1351 1901 quod
1403 1848 1512 1887 non
1564 1842 1649 1887 est
1695 1844 1983 1890 consectac

396 1927 562 1982 rium.
614 1926 675 1980 lu
732 1924 956 1979 Christo
1007 1936 1188 1977 autem
1230 1922 1462 1978 Domino
1505 1934 1692 1980 nostro
1741 1926 1979 1996 primum

396 2018 621 2090 quidem
648 2015 968 2086 quaerimus,
1024 2029 1091 2068 an
1147 2014 1376 2069 omnino
1409 2015 1705 2070 dicendum
1739 2017 1809 2070 sit
1860 2030 1982 2072 esse

399 2110 455 2164 in
485 2124 551 2165 eo
582 2108 918 2162 voluntatem
969 2105 1304 2174 gnomieam,
1345 2114 1398 2160 et
1444 2120 1553 2160 non
1606 2105 1732 2161 licet
1777 2106 1982 2161 intelli-

400 2219 529 2274 gere
560 2203 891 2274 hypostases
923 2208 1185 2270 cognatas
1226 2198 1328 2254 sub
1362 2198 1583 2254 nomine
1611 2198 1816 2254 ChriSti
1846 2214 1983 2254 con-

398 2308 599 2354 tentas.

463 2390 733 2445 Prmterea
762 2389 814 2443 in
844 2385 1163 2441 hominibus
1189 2383 1319 2440 licet
1346 2383 1566 2454 quidem
1598 2385 1798 2451 dicere,
1834 2383 1981 2455 quod

395 2484 651 2539 voluntas
679 2480 952 2553 gnomiea,
984 2495 1107 2551 quae
1156 2487 1238 2534 est
1268 2478 1320 2533 in
1349 2479 1453 2545 eis,
1483 2488 1758 2549 quatenus
1788 2494 1981 2549 perso-

398 2576 489 2632 nis
536 2575 886 2645 distinguitur
906 2588 981 2647 ac
1031 2580 1345 2643 separatur,
1385 2587 1495 2626 non
1530 2579 1616 2626 est
1654 2572 1760 2627 alia
1788 2572 1979 2628 eadem

396 2681 523 2720 cum
562 2665 694 2728 alia,
720 2670 992 2733 quatenus
1018 2675 1149 2716 vero
1189 2660 1245 2714 in
1279 2674 1445 2714 unam
1471 2668 1721 2715 naturam
1748 2660 1983 2716 includi-

396 2766 506 2821 tur,
538 2754 673 2811 nihil
718 2753 972 2824 prohibet
1015 2751 1199 2807 dicere
1227 2758 1282 2805 et
1312 2751 1610 2806 humanam
1648 2752 1979 2807 voluntatem

396 2860 450 2904 et
502 2851 749 2904 eamdem
788 2861 911 2902 esse
950 2863 967 2900 :
1002 2845 1055 2899 in
1088 2843 1310 2899 Christo
1345 2854 1526 2899 autem
1585 2859 1747 2899 nemo
1801 2851 1983 2916 potest

396 2943 648 2998 similiter
669 2942 875 3007 dicere,
907 2955 1015 2993 non
1048 2938 1193 2992 enim
1228 2952 1523 3007 possumus
1545 2954 1712 2992 unum
1739 2939 1868 3009 quid
1901 2940 1984 2994 in-

399 3036 662 3106 telligere,
698 3034 754 3088 in
786 3032 1007 3088 Christo
1044 3032 1167 3085 dure
1211 3031 1484 3099 siquidem
1537 3040 1747 3086 natura:
1772 3032 1983 3088 consti-

396 3136 560 3182 tuunt
589 3124 930 3197 hypostasim
949 3125 1092 3192 ejus,
1119 3131 1172 3176 et
1197 3137 1303 3176 non
1330 3137 1458 3179 una.
1482 3120 1667 3193 Neque
1686 3138 1978 3195 possumus

396 3224 582 3278 dicere
611 3222 663 3276 in
695 3237 797 3287 eo;
832 3220 1086 3274 voluntas
1136 3218 1386 3287 gnomica
1430 3226 1703 3288 quatenus
1729 3219 1843 3274 haec
1869 3230 1980 3285 est,

397 3333 506 3372 non
539 3324 624 3371 est
646 3313 871 3382 eadem;
907 3322 1177 3383 quatenus
1207 3328 1337 3367 vero
1367 3312 1482 3367 haec
1515 3321 1622 3376 est,
1656 3313 1843 3368 eadem
1870 3325 1976 3380 est,

396 3406 658 3477 quoniam
709 3420 851 3460 unus
881 3413 964 3459 est
992 3403 1245 3459 Christus
1276 3414 1329 3459 et
1357 3420 1464 3459 una
1490 3404 1610 3474 ejus
1634 3420 1890 3475 persona,
1923 3416 1981 3462 et

396 3516 504 3555 una
536 3499 865 3571 hyposlasis,
923 3512 1100 3567 neque
1148 3496 1315 3552 habet
1363 3497 1609 3568 ejusdem
1639 3497 1871 3564 ordinis,
1924 3508 1980 3554 et

394 3594 641 3665 ejusdem
692 3590 933 3646 nominis
982 3598 1037 3645 et
1080 3590 1311 3647 rationis
1362 3589 1621 3647 Christus
1654 3591 1979 3663 hypostases

397 3684 839 3754 συντεταγμένας
884 3722 901 3748 ,
958 3681 1009 3737 id
1066 3689 1151 3737 est
1191 3682 1577 3750 coordinatas;
1626 3698 1728 3738 nec
1773 3682 1979 3753 aliquid

397 3789 710 3840 commune,
760 3774 905 3845 quod
952 3774 1007 3828 in
1045 3789 1111 3829 eo
1154 3773 1392 3837 dicatur,
1422 3775 1568 3844 quod
1602 3774 1777 3844 possit
1812 3774 1977 3829 etiam

395 3868 521 3925 aliis
552 3867 943 3939 hypostasibus
977 3868 1172 3937 aptari.
1221 3868 1404 3934 Quare
1434 3877 1621 3923 manet
1655 3884 1765 3922 non
1800 3868 1979 3923 soluta

396 3961 691 4025 dubitatio,
739 3974 847 4029 qua
906 3958 1261 4014 dubitabatur
1312 3958 1574 4027 quidnam
1606 3960 1680 4014 sit
1724 3959 1979 4014 voluntas

398 4050 667 4123 gnomiea.
692 4063 816 4104 cum
846 4048 899 4101 in
928 4046 1147 4102 Christo
1179 4062 1355 4117 neque
1398 4050 1471 4103 sit
1506 4048 1768 4116 humana,
1801 4064 1979 4121 neque

396 4147 605 4209 divina,
644 4157 821 4213 neque
852 4140 1017 4196 etiam
1050 4138 1175 4195 talis
1198 4139 1467 4194 nominari
1500 4141 1694 4209 possit.

472 4235 786 4293 Secundum
835 4248 963 4304 ergo
1020 4232 1399 4302 responsionis
1450 4248 1621 4303 genus
1676 4243 1779 4301 est,
1832 4234 1978 4306 quod

397 4330 640 4386 diximus
669 4327 806 4400 (57),
839 4340 946 4382 non
980 4333 1235 4395 oportere
1277 4324 1459 4381 dicere
1516 4341 1637 4381 esse
1678 4328 1731 4381 in
1756 4326 1979 4387 Christo

2083 1860 2194 1907 vov,
2217 1841 2313 1895 καὶ
2333 1840 2697 1895 ἀνακόλουθον
2720 1840 3163 1909 συλλογίσασθαι.
3196 1840 3317 1892 Ἐπὶ
3344 1840 3400 1892 δὲ
3427 1839 3525 1893 τοῦ
3558 1842 3672 1892 lius

2088 1932 2206 2004 ρίου
2244 1930 2402 2003 ἡμῶν
2445 1929 2621 1999 Ἰησοῦ
2670 1929 2910 2000 Χριστοῦ
2968 1930 3187 2000 πρῶτον
3241 1928 3340 1999 μὲν
3395 1927 3674 1999 ζητοῦμεν

2083 2025 2220 2089 τέως
2246 2026 2295 2078 εἰ
2320 2022 2458 2085 ὅλως
2506 2021 2587 2075 δεῖ
2636 2022 2814 2091 λέγειν
2855 2022 3136 2093 γνωμικὸν
3185 2022 3335 2093 αὑτῷ
3383 2025 3672 2092 προσεῖναι

2084 2117 2319 2188 θέλημα,
2349 2117 2445 2170 καὶ
2475 2116 2575 2170 οὑκ
2608 2115 2723 2169 εστι
2750 2114 2934 2169 λαϐεῖν
2963 2116 3292 2179 ὑποστάσεις
3310 2114 3387 2185 τῷ
3411 2114 3513 2167 τοῦ
3532 2116 3673 2186 Χριρ

2084 2211 2211 2265 στοῦ
2241 2210 2635 2282 περιεχομένας
2664 2210 2913 2281 ὀνόματι.

2157 2392 2282 2445 Ἔτι
2307 2391 2363 2445 δὲ
2391 2392 2484 2445 ἐπὶ
2522 2393 2623 2461 μὲν
2664 2390 2776 2445 τῶν
2816 2389 3123 2461 ἀνθρώπων
3172 2388 3318 2442 ἔστιν
3361 2389 3539 2442 εἰπεῖν
3588 2389 3674 2441 ὅτι

2080 2483 2143 2537 τὸ
2168 2484 2479 2554 ἐνυπάρχον
2504 2483 2689 2547 αὐτοῖς
2716 2482 2996 2553 γνωμικὸν
3018 2481 3231 2552 θέλημα
3257 2481 3392 2534 καθὸ
3418 2482 3519 2551 μὲν
3548 2486 3675 2543 ταῖς

2083 2575 2449 2631 ὑποστάσεσιν
2504 2575 2887 2646 διακέκριται,
2921 2573 3021 2628 οὐκ
3079 2574 3227 2627 ἐστιν
3260 2572 3444 2643 ἕτερον
3494 2574 3677 2643 ἑτέρῳ

2079 2668 2299 2736 ταυτὸν,
2336 2667 2472 2723 καθὸ
2497 2668 2552 2721 δὲ
2583 2668 2662 2731 είς
2703 2666 2835 2735 μίαν
2869 2666 3034 2736 φύσιν
3079 2666 3486 2733 συνεισάγεται,
3514 2665 3676 2718 οὐδὲν

2081 2759 2335 2830 λέγεσθαι
2388 2760 2484 2814 καὶ
2541 2758 2881 2832 ἀνθρώπινον
2922 2761 3015 2812 καὶ
3065 2759 3284 2814 ταύτόν.
3334 2760 3459 2814 Ἐπὶ
3488 2759 3543 2811 δὲ
3576 2759 3675 2811 το]

2081 2852 2321 2925 Χριστοῦ
2350 2852 2449 2925 οὑχ
2481 2852 2592 2917 ἕξει
2620 2870 2704 2917 τις
2749 2852 2810 2907 τὸ
2837 2853 3022 2924 ὅμοιον
3059 2855 3254 2920 εἰπεῖν,
3289 2853 3349 2906 οὑ
3385 2854 3496 2924 γάρ
3518 2854 3677 2905 ἐστιν

2082 2947 2142 3001 ἒν
2172 2964 2225 3000 τι
2256 2946 2435 3001 κοινὸν
2462 2946 2652 2999 λαϐεῖν
2677 2946 2771 2999 ἐπὶ
2802 2945 3063 3018 Χριστοῦ,
3093 2946 3188 3000 δύο
3230 2946 3344 3017 γὰρ
3370 2946 3675 2999 συνιστῶσι

2084 3038 2181 3111 τὴν
2213 3039 2512 3092 ὑπόστασιν
2552 3037 2764 3106 φύσεις,
2809 3036 2925 3091 ἀλλ’
2973 3036 3033 3089 οὑ
3086 3035 3205 3106 μία.
3246 3036 3355 3088 Καὶ
3392 3036 3496 3089 οὑκ
3522 3036 3675 3087 ἐστιν

2087 3132 2261 3183 εἰπεῖν
2292 3130 2352 3183 τὸ
2382 3128 2659 3200 γνωμικὸν
2687 3129 2932 3199 θέλημαο
2966 3127 3105 3182 καθὸ
3143 3128 3242 3198 μὲν
3275 3128 3393 3181 τόδε
3424 3129 3525 3180 οὐκ
3552 3127 3675 3180 ἐστὶ

2085 3222 2301 3277 ταύτόν.
2332 3215 2428 3286 Εἷς
2452 3222 2560 3292 γὰρ
2594 3224 2623 3275 ό
2664 3221 2919 3293 Χριστὸς,
2982 3222 3074 3275 καὶ
3104 3221 3162 3273 ἒν
3212 3220 3379 3275 αὑτοῦ
3411 3219 3472 3274 τὸ
3496 3221 3673 3292 πρόσ-

2086 3333 2255 3380 ωπον,
2293 3316 2385 3368 καὶ
2435 3314 2534 3386 μία
2573 3316 2605 3383 ὴ
2646 3315 2980 3381 ὑπόστασις,
3032 3315 3169 3385 μήτε
3210 3314 3508 3384 όμοταγεῖς
3574 3317 3676 3367 καὶ

2088 3408 2438 3479 συνωνύμους
2490 3408 2627 3479 ἔχων
2679 3408 2754 3471 ὡς
2788 3407 3010 3479 Χριστῷ
3057 3407 3499 3477 συντεταγμένας
3534 3409 3675 3459 ὑπο-

2090 3501 2350 3563 στάσεις’
2386 3502 2527 3571 μήτε
2573 3518 2625 3554 τι
2691 3499 2884 3561 κοινῶς
2938 3498 3027 3553 ἐπ’
3072 3497 3239 3552 αὑτοῦ
3288 3498 3609 3568 λεγόμενον,
3646 3501 3677 3552 ὅ

2085 3592 2288 3646 δύναιτ’
2313 3593 2378 3647 ἂν
2419 3594 2516 3647 καὶ
2566 3592 2775 3663 ἑτέροις
2812 3591 3229 3663 ἐναρμόζεσθαι.
3259 3592 3358 3653 Ὠς
3380 3609 3440 3643 τε
3471 3592 3672 3662 διαμέει

2086 3705 2167 3741 νει
2218 3686 2279 3740 τὸ
2333 3686 2598 3756 ἑπόμενον
2655 3686 2861 3757 ἄπορον
2900 3685 3094 3739 ἄλυτον
3119 3726 3134 3751 ,
3175 3687 3313 3756 ὅπερ
3353 3685 3408 3737 τί
3444 3688 3565 3737 ποτ’
3608 3687 3673 3737 ἂν

2088 3781 2171 3849 εἴη
2199 3779 2448 3850 διηπόρει
2508 3778 2567 3831 τὸ
2605 3779 2884 3848 γνωμικὸν
2933 3778 3163 3848 θέλημα,
3199 3780 3335 3849 μήτε
3388 3778 3673 3847 ἀνθρώπι-

2086 3885 2178 3923 νον
2246 3870 2383 3940 μήτε
2444 3868 2586 3922 θεῖον
2619 3867 2917 3938 δυνάμενον
2971 3865 3130 3934 εἶναι,
3204 3873 3343 3940 μήτε
3399 3869 3673 3939 ὀνομάζε-

2088 3965 2231 4021 σθαι.

2158 4239 2423 4311 Δεύτερον
2464 4241 2562 4311 μὲν
2589 4233 2681 4293 οὖν
2721 4239 2839 4292 ἐστι
2871 4238 2933 4292 τὸ
2967 4238 3257 4311 εἰρημένον
3302 4239 3667 4311 ἐπιχείρημα,

2091 4332 2165 4403 μὴ
2202 4332 2313 4386 δεῖν
2361 4334 2453 4387 ἐπὶ
2507 4332 2744 4404 Χριστοῦ
2784 4332 2963 4401 λέγειν
2991 4332 3267 4403 γνωμικὸν
3309 4334 3597 4404 ὑπάρχειν,
3630 4335 3664 4403 ἦ

399 4426 736 4492 gnomicam,
780 4421 833 4476 id
875 4428 981 4485 est,
1028 4417 1327 4472 humanam
1359 4418 1751 4490 hypostaticam
1784 4420 1978 4475 volun-

2092 4424 2435 4497 ἀνθρώπινον
2464 4424 2827 4479 ὑποστατικὸν
2854 4424 2981 4495 οέλη
2991 4441 3087 4494 μα.

401 4526 645 4666 “meo
660 4608 776 4681 (58)
794 4607 923 4664 licet
944 4606 1125 4664 dicere
1144 4606 1196 4662 in
1210 4604 1429 4662 Christo
1447 4604 1744 4661 humanam
1765 4604 1827 4678 [f.
1846 4620 1983 4677 gno-

2086 4603 2284 4674 Τρίτον
2312 4602 2369 4658 δὲ
2398 4605 2447 4657 εί
2471 4603 2691 4673 λέγεται
2712 4602 2805 4656 ἐπὶ
2825 4600 3062 4673 Χριστοῦ
3089 4598 3433 4672 ἀνθρώπινον
3452 4598 3667 4667 θέλημα

1712 4788 1801 4844 VA
1810 4788 1949 4844 ME
1985 4785 2393 4844 LECTlONES.

477 4911 497 4950 ί
530 4912 569 4968 1.
627 4910 810 4965 αὑτόν.
890 4905 1238 4978 ἱγνωμικόν.

1926 5005 2158 5071 NOTAE.

474 5135 587 5205 (56)
621 5133 986 5205 Quamobrem;
1002 5149 1108 5205 non
1129 5142 1205 5187 est
1232 5130 1405 5187 simile
1426 5130 1569 5203 quod
1598 5130 1825 5205 dicimus
1869 5146 1977 5205 nep

401 5200 514 5266 esse
542 5200 834 5272 pouimdant
862 5206 919 5258 in
947 5200 1495 5273 Christqvoluntatem
1516 5203 1834 5273 gnomicam.
1860 5200 1981 5253 Διό-

404 5297 512 5351 περ
535 5269 634 5348 οὑχ
656 5276 856 5346 ὁμοίως
878 5276 905 5327 ὁ
933 5274 1089 5342 λόγος
1116 5269 1269 5336 οὗτος
1300 5274 1412 5352 ἔχει
1462 5269 1557 5326 καὶ
1581 5275 1608 5325 ό
1636 5273 1696 5325 τὸ
1750 5289 1984 5340 γνωστι-

404 5348 500 5406 κὸν
530 5348 673 5416 [lege
698 5344 996 5416 γνωμικὸν]
1035 5345 1128 5397 ἐπὶ
1155 5346 1392 5416 Χριστου
1426 5343 1500 5413 μὴ
1541 5342 1979 5416 παραδεχόμενος

402 5348 500 5406 κὸν
530 5348 673 5421 [lege
698 5348 996 5416 γνωμικὸν]
1035 5348 1128 5397 ἐπὶ
1155 5348 1392 5416 Χριστοῦ
1426 5348 1500 5413 μὴ
1541 5348 1977 5413 παραδεχόμενος

403 5421 641 5495 θέλημα.
676 5418 731 5471 Id
757 5428 870 5495 est:
899 5416 1263 5481 Quamobrem
1303 5416 1418 5469 haec
1468 5414 1816 5495 ratiocinatio
1867 5428 1977 5495 non

406 5483 635 5563 perinde
671 5504 728 5543 se
760 5487 920 5541 habet
954 5501 1018 5563 ac
1039 5502 1119 5563 _ea
1151 5503 1272 5554 qua:
1300 5485 1607 5556 gnomieam
1639 5486 1695 5538 in
1754 5483 1976 5538 Christo

405 5557 744 5618 voluntatem
778 5574 884 5611 non
908 5557 1163 5611 admittit.

478 5630 915 5701 (b7)Serundum
939 5643 1060 5701 ergo
1112 5628 1463 5701 responsionis
1521 5634 1794 5701 genusAest
1838 5624 1977 5695 quod

405 5697 635 5758 diximus
662 5716 681 5756 :
709 5699 973 5768 Δεύτερον
1001 5697 1103 5770 μὲν
1128 5697 1220 5753 οὖν
1253 5702 1372 5754 ἐστι
1394 5699 1455 5753 τὸ
1514 5697 1805 5769 εἰρημένον
1853 5713 1977 5749 επι-

2086 5130 2354 5202 χείρημα.
2386 5128 2441 5185 Id
2471 5138 2601 5185 est:
2659 5128 2971 5184 Secundum
3030 5141 3164 5196 ergo
3214 5124 3345 5202 illud
3387 5134 3471 5179 est
3517 5125 3660 5193 quod

2086 5198 2413 5271 pt'o'ttilittttts
2441 5211 2846 5270 argumentum,
2880 5215 2975 5254 seu
3004 5198 3303 5266 argumenti
3332 5212 3521 5264 genus.

2174 5270 2541 5341 Ἐπιχείρημα
2572 5286 2676 5325 non
2717 5272 2988 5340 signiﬁcat
3018 5283 3345 5336 responsum,
3381 5271 3474 5321 sed
3505 5284 3661 5334 argn-

2087 5352 2339 5403 mentum,
2380 5344 2458 5394 vel
2488 5346 2709 5409 speciem
2742 5341 3059 5410 argumenti.

2159 5412 2269 5483 (58)
2305 5412 2480 5483 Tertio
2507 5406 2627 5464 licet
2657 5406 2826 5465 dicere
2892 5410 3184 5483 iaC/triste
3220 5442 3241 5461 ί
3269 5446 3282 5460 .
3320 5423 3473 5483 ..ςσςε-
3495 5445 3510 5457 .
3539 5406 3613 5473 Τρ

2085 5478 2177 5536 τον
2212 5478 2290 5545 δὲ,
2310 5484 2357 5535 εί
2384 5482 2601 5547 λέγεται
2631 5483 2723 5534 ἐπὶ
2746 5480 3015 5553 Χριστοῦ.»
3049 5480 3105 5533 ld
3135 5486 3220 5533 est
3247 5494 3261 5531 :
3330 5478 3515 5531 Tertio
3541 5518 3554 5536 ,
3622 5500 3641 5523 ›

2091 5555 2306 5609 dicatur
2336 5555 2388 5606 in
2420 5552 2643 5607 Christo
2671 5592 2685 5606 .
2714 5590 2729 5607 .
2766 5590 2782 5605 .
2804 5552 2955 5607 esse.

2161 5624 2462 5677 Turrianus
2504 5639 2610 5677 non
2647 5622 2882 5677 reddidit
2904 5620 3229 5691 particulam
3249 5619 3340 5691 εἰ,
3362 5617 3441 5691 si,
3458 5632 3661 5691 neu-s-

2085 5696 2289 5751 sariam
2316 5705 2373 5749 ut
2418 5694 2597 5750 Photii
2629 5688 3011 5765 argumentum
3048 5690 3222 5763 possit
3248 5688 3493 5759 intelligi.
