3792 6336
318 303 421 371 519

1463 303 1727 365 ΡΗΟΤΙΙ
1766 302 2278 365 PATRIARCHIE
2314 302 2423 364 (ΣΡ.

3467 314 3566 381 520

319 419 436 472 vina
478 413 712 470 naturali
745 414 1044 481 voluntate,
1092 429 1160 468 an
1192 414 1392 468 aliam?
1420 412 1474 466 Si
1510 415 1657 468 enim
1687 415 1873 468 eadem

2037 413 2280 485 γερότητα
2313 413 2649 484 σχιζομένων
2708 417 3164 488 παρεισάγοντος;
3199 422 3249 475 εί
3277 423 3326 477 δὲ
3357 425 3565 507 ἕτερον⁸

310 519 410 572 est,
437 523 558 578 qua:
598 509 711 576 ipsa
738 505 1008 577 περίνοια.
1043 505 1096 560 id
1134 515 1219 560 cst
1249 506 1392 560 acris
1421 505 1764 575 excogitatio
1783 523 1883 558 tto--

312 601 496 666 minis,
543 599 688 669 quod
721 598 929 654 inducit
960 598 1152 652 falsam
1200 598 1438 667 speciem
1484 597 1764 652 notionum
1802 597 1886 649 di-

310 694 636 746 versarum?
689 693 772 745 sin
833 706 962 744 vero
1014 691 1121 744 alia
1173 701 1279 754 est,
1335 689 1611 758 quomodo
1645 703 1753 742 non
1784 688 1887 742 erit

309 785 415 837 alia
456 793 650 852 pra-ter
680 783 1036 846 voluntatem,
1081 795 1204 850 quae
1245 782 1298 833 in
1355 779 1514 834 Patre
1574 787 1627 832 et
1679 778 1884 848 Spiritu

309 885 500 929 sancto
528 873 1009 944 spcctatur?quod
1042 882 1125 926 cst
1154 872 1302 926 aliud
1334 872 1630 925 absurdum
1665 890 1677 925 :
1713 871 1885 938 siqni-

308 964 429 1015 dem
462 960 731 1016 naturalis
773 962 826 1014 in
864 960 973 1013 Deo
998 961 1251 1013 voluntas
1281 973 1405 1012 cum
1448 959 1518 1012 sit
1549 959 1883 1021 communis,

306 1066 358 1106 (ιι
382 1052 766 1121 inseparabilis
797 1067 826 1105 a
859 1052 1032 1105 tribus
1069 1049 1318 1120 personis
1343 1050 1575 1113 divinis;
1604 1063 1758 1116 mque
1791 1049 1888 1101 ho-

307 1157 498 1200 norate
551 1154 607 1200 et
656 1145 773 1200 sine
820 1143 930 1198 ulla
988 1142 1296 1197 variatione
1342 1142 1453 1210 (6‘2)
1499 1142 1578 1195 eis
1609 1141 1884 1211 congruit.

303 1237 460 1303 Quod
506 1236 651 1290 enim
687 1235 741 1290 in
775 1246 968 1289 natura
996 1234 1280 1288 hominum
1316 1250 1422 1287 non
1458 1247 1756 1303 possumus
1798 1232 1884 1285 in.

305 1327 572 1398 telligcre.
613 1327 716 1381 hoc
764 1326 816 1380 in
876 1326 1180 1381 substantia
1213 1341 1338 1394 qua:
1373 1341 1538 1394 supra
1589 1340 1754 1394 quam
1796 1325 1882 1377 die

307 1420 430 1473 vina
467 1430 570 1484 est,
597 1429 650 1474 et
680 1435 845 1488 supra
888 1433 1050 1488 quam
1087 1418 1418 1480 substantia,
1453 1417 1650 1471 mentis
1681 1416 1881 1470 intelli-

301 1511 481 1581 gentia
504 1511 763 1580 consequi
800 1510 923 1564 licet
955 1525 968 1561 :
1005 1510 1271 1563 naturalis
1298 1511 1445 1563 enim
1481 1509 1601 1578 ejus
1633 1517 1688 1562 et
1717 1524 1880 1578 supra

302 1617 464 1670 quam
495 1601 676 1654 divina
711 1600 984 1664 voluntas,
1024 1601 1230 1656 unitate
1259 1600 1506 1670 ejusdem
1539 1599 1785 1671 γνώμης,
1823 1599 1874 1653 id

1982 503 2100 566 πῶς
2125 504 2226 556 οὐκ
2247 504 2312 558 ἂν
2339 504 2448 575 εἴη,
2473 505 2569 557 καὶ
2592 506 2686 558 τοῦ
2711 508 2768 559 ὲν
2799 509 2973 580 ῐΙατρὶ
3005 513 3100 564 καὶ
3125 513 3403 584 Πνεύματι
3430 503 3562 572 θεωλ

1987 596 2246 665 ρουμένου
2289 595 2625 666 θελήματος;
2671 599 2809 670 ὅπερ
2844 602 3044 656 ἄτοπον
3085 605 3290 678 ἕτερον,
3333 611 3432 663 καὶ
3463 613 3567 682 γάρ

1982 686 2042 738 τὸ
2071 685 2300 752 φυσικὸν
2327 687 2420 738 ἐπὶ
2452 687 2586 739 Θεοῦ
2614 688 2824 760 θέλημα
2855 694 3033 746 κοινὸν
3063 695 3304 768 ὑπάρχον
3330 702 3426 753 καὶ
3453 703 3566 754 est-

1986 776 2202 847 αίρετον
2232 777 2342 830 τῶν
2373 779 2541 849 τριῶν
2575 779 2881 852 θεαρχικῶν
2909 786 3260 841 ύποστάσεων
3291 793 3566 863 ὁμοτίμων

1987 882 2045 918 τε
2093 867 2186 919 καὶ
2222 867 2653 938 ἀπαραλλάκτως
2696 872 2882 936 αὐταῖς
2928 877 3119 945 ὁρᾶται
3153 882 3565 952 συναρμοζόμε-

1989 977 2096 1011 νον.
2134 961 2198 1011 Ὃ
2223 960 2328 1029 γὰρ
2359 961 2450 1011 ἐπὶ
2479 961 2578 1030 τῆς
2608 962 2717 1014 τῶν
2748 964 3049 1036 ἀνθρώπων
3084 969 3300 1037 φύσεως
3324 974 3427 1027 οὐκ
3455 975 3566 1030 ἔστι

1985 1050 2210 1103 δυνατὸν
2249 1051 2452 1114 λαϐεῖν,
2498 1053 2656 1106 τοῦτο
2707 1055 2770 1123 δὴ
2816 1058 2955 1111 κατὰ
2999 1059 3100 1129 τὴν
3150 1062 3421 1132 ὑπέρθεον
3473 1068 3566 1121 καὶ

1987 1143 2305 1212 ύπερούσιον
2347 1143 2532 1197 οὐσίαν
2571 1145 2686 1198 ἐστὶ
2729 1152 3049 1201 κατανοεῖνο
3092 1151 3153 1204 τὸ
3198 1155 3304 1225 γὰρ
3339 1160 3566 1224 φυσικὸν

1984 1235 2155 1303 αὐτῆς
2182 1235 2278 1288 καὶ
2309 1236 2577 1307 ὑπέρθεον
2612 1240 2753 1292 θεῖον
2782 1239 2994 1310 θέλημα
3019 1245 3311 1314 ταυτότητι
3342 1249 3564 1320 γνώμης

1983 1328 2078 1380 καὶ
2113 1329 2413 1398 συμπνοίας
2445 1331 2656 1399 ὲνότητι
2698 1333 2791 1383 καὶ
2817 1332 2894 1400 τῷ
2933 1334 3341 1408 ἀπαραλλάκτῳ
3389 1359 3566 1412 χαρα-

1984 1417 2304 1487 κτηρίζεται
2355 1419 2455 1488 τῆς
2499 1421 2800 1482 συνεύσεως
2824 1422 2873 1476 ιι.
2910 1424 3036 1488 Πῶς
3069 1427 3135 1480 ἂν
3181 1423 3275 1481 οὖν
3314 1430 3457 1494 ὅλως
3506 1434 3567 1485 τὸ

1983 1511 2159 1563 κοινὸν
2209 1513 2308 1581 τῆς
2350 1515 2566 1579 φύσεως
2613 1515 2706 1566 καὶ
2755 1515 3176 1586 ἀπαράλλακτον
3226 1521 3444 1595 θέλημα
3489 1527 3566 1590 είς

1983 1599 2341 1654 ὑποστατικὸν
2362 1603 2636 1672 γνωμικὸν
2665 1605 2979 1678 συσταλείη.

299 1702 404 1760 est,
443 1694 726 1750 sententia:
753 1703 808 1750 et
839 1693 1286 1764 conspirationis,
1319 1711 1382 1749 ac
1432 1705 1597 1750 nutus
1625 1695 1965 1750 invariabilis
2031 1697 2282 1764 signatur
2351 1699 2487 1766 (65).
2527 1700 2811 1764 Quomodo
2842 1701 3009 1771 igitur
3070 1705 3297 1761 omnino
3363 1709 3564 1764 volun-

305 1793 389 1839 tas
429 1783 741 1839 communis
802 1799 927 1840 cum
979 1793 1195 1848 natura,
1262 1793 1318 1839 et
1385 1785 1744 1849 invariabilis,
1787 1785 1844 1839 in
1889 1785 2286 1856 hypostaticam
2351 1793 2663 1858 gnomicam
2715 1795 3134 1850 contraheretur
3176 1808 3231 1850 et
3261 1802 3563 1856 conclude-

300 1875 491 1934 retur?

375 1967 542 2036 Igitur
571 1968 792 2037 proprie
819 1966 1039 2038 quidem
1094 1982 1440 2038 nequaquam
1473 1967 1653 2024 divina
1684 1968 1873 2022 volun-

2061 1962 2280 2035 κυρίως
2320 1963 2420 2033 μὲν
2449 1966 2548 2017 ούκ
2573 1963 2638 2018 ἂν
2666 1965 2915 2037 οὐδαμῶς
2945 1968 3136 2040 ῥηθείη
3172 1970 3316 2025 θεῖον
3350 1990 3562 2046 γνωμι⁸

301 2068 385 2114 tas
415 2060 666 2128 gnomica
695 2060 746 2113 in
779 2059 997 2113 Christo
1041 2058 1276 2124 dicetur,
1306 2060 1433 2129 quia
1470 2075 1570 2115 nec
1607 2061 1660 2114 in
1691 2059 1894 2126 Patre,,

301 2167 400 2205 nec
427 2151 479 2204 in
513 2149 718 2220 Spiritu
746 2164 934 2207 sancto
959 2153 1178 2223 proprie
1209 2153 1480 2221 loquendo
1505 2151 1725 2206 audebit
1748 2153 1874 2222 quis

299 2249 504 2303 dicere.
537 2248 594 2303 Si
621 2248 746 2318 quis
771 2263 901 2304 vero
929 2249 1186 2303 abutatur
1211 2264 1362 2312 voce,
1387 2249 1595 2304 ducens
1625 2264 1747 2302 eam
1779 2262 1874 2317 per

301 2339 709 2394 translationem
739 2353 769 2392 a
805 2339 1054 2408 personis
1092 2326 1371 2404 humanis,
1411 2352 1755 2406 nequaquam
1788 2337 1873 2390 in-

300 2431 680 2500 telligentiam,
707 2447 829 2500 quce
866 2430 1036 2485 Deum
1065 2430 1242 2491 decet,
1283 2431 1608 2500 depravans,
1640 2428 1874 2483 fortasse

302 2541 413 2579 non
443 2525 672 2595 privabit
701 2540 758 2580 se
780 2523 939 2579 venia
974 2526 1029 2579 in
1059 2524 1260 2587 verbis,
1292 2523 1558 2578 adhibens
1584 2523 1872 2577 verborum

297 2613 693 2681 correctiones,
741 2628 805 2668 ac
850 2629 957 2668 non
1002 2613 1185 2684 potius
1235 2614 1502 2669 inducens
1554 2614 1730 2669 aliena
1771 2613 1874 2668 do-

299 2715 479 2776 gmata
514 2706 663 2774 (θείῃ
701 2722 806 2760 non
833 2706 939 2760 erit
978 2707 1218 2762 alienum
1259 2706 1511 2776 deinceps
1544 2721 1747 2776 ponere
1785 2720 1869 2770 ca,

308 2801 498 2870 quibus
543 2799 710 2870 aliqui
760 2801 1035 2868 nituntur,
1078 2813 1136 2857 ut
1173 2809 1387 2871 putent,
1435 2815 1496 2855 se
1547 2799 1873 2855 conﬁrmare

295 2893 628 2947 voluntatem
648 2896 977 2946 contrariam
1002 2895 1208 2950 sanctis
1229 2894 1410 2950 verbis
1428 2892 1540 2964 (65)
1565 2910 1580 2958 ;
1601 2901 1652 2946 ct
1675 2891 1865 2946 distin-

298 2985 488 3050 etioni,
517 3001 581 3039 ac
624 2992 787 3039 rectae
819 2984 1190 3057 intelligentia
1233 3003 1295 3044 ea
1322 2987 1439 3056 ipsa
1475 2984 1768 3052 subjicere,
1811 2991 1872 3038 ut

299 3079 739 3132 demonstremus
787 3077 929 3130 hanc
963 3078 1204 3147 ipsorum
1253 3075 1666 3133 excusationem
1717 3073 1871 3129 abla-

303 3177 408 3222 ζίιιιὶ
443 3183 588 3223 οεεο.

370 3348 538 3403 Aiunt
570 3347 754 3417 igitur,
784 3349 989 3405 dictum
1027 3365 1149 3406 esse
1181 3369 1194 3405 :
1235 3369 1253 3404 ι
1290 3350 1408 3408 Non
1433 3350 1554 3408 veni
1592 3360 1650 3406 ut
1672 3349 1863 3405 faciam
1892 3342 1936 3404 C

303 3441 632 3495 voluntatem
664 3455 862 3507 meam,
893 3442 988 3498 sed
1030 3443 1149 3512 ejus
1180 3445 1270 3514 qui
1309 3443 1458 3499 misit
1490 3460 1575 3499 me
1608 3442 1806 3506 Patris,
1849 3461 1865 3491 ι

299 3531 760 3603 manifestumque
779 3548 921 3600 esse,
947 3533 1241 3604 signiﬁcari
1272 3537 1360 3591 hic
1383 3536 1716 3590 voluntatem
1740 3548 1879 3604 gno-

301 3628 518 3683 micam.
553 3626 732 3684 Facile
747 3636 830 3683 est
843 3643 1130 3685 occurrere
1151 3629 1278 3684 huic
1303 3628 1594 3699 objectioni
1621 3627 1700 3682 :si
1731 3626 1874 3681 enim

300 3735 424 3774 cum
460 3721 620 3785 dixit,
681 3741 698 3772 ι
736 3721 1072 3779 voluntatem
1112 3721 1315 3789 Patris,
1355 3742 1373 3774 ι
1427 3738 1533 3776 non
1578 3707 1877 3776 declaravit

300 3812 650 3882 gnomicam;
685 3826 793 3867 non
829 3814 972 3868 enim
1009 3814 1188 3869 tribus
1214 3813 1466 3884 personis
1487 3811 1687 3867 divinis
1717 3812 1866 3882 pium

296 3909 382 3955 est
429 3901 613 3956 dicere
650 3904 955 3972 gnomicam
995 3904 1329 3959 voluntatem
1373 3918 1515 3969 esse,
1544 3903 1718 3973 liquet
1742 3916 1865 3957 cum

297 3991 458 4058 dixit,
506 4011 526 4045 ‹
574 3993 910 4050 voluntatem
963 4009 1162 4060 meam,
1202 4014 1222 4046 ι
1257 4011 1365 4050 non
1417 3993 1865 4065 gnomicam,sed

301 4082 602 4139 naturalem
632 4085 940 4142 declarasse
971 4104 988 4153 ;
1038 4101 1208 4156 quare
1252 4103 1357 4142 non
1390 4087 1565 4143 solum
1604 4087 1748 4157 quod
1779 4086 1867 4139 hic

257 4202 263 4212 --
299 4171 355 4226 in
392 4171 671 4244 Scriptura
696 4173 900 4231 dictum
931 4186 1037 4244 est,
1062 4192 1168 4231 non
1197 4178 1504 4248 gnomicam
1531 4178 1866 4232 voluntatem

297 4264 514 4333 probat,
539 4265 635 4322 sed
660 4267 848 4337 potius
879 4268 1020 4325 hanc
1043 4270 1354 4340 opinionem
1385 4271 1580 4327 evertit
1617 4277 1672 4325 et
1705 4268 1865 4324 tollit.

1981 2058 2074 2111 κὸν
2120 2057 2214 2110 ἐπὶ
2259 2058 2499 2126 Χριστοῦ
2541 2057 2776 2129 θέλημα,
2810 2059 2892 2112 ὅτι
2946 2061 3069 2130 μηδ’
3121 2063 3214 2114 ἐπὶ
3264 2063 3360 2116 τοῦ
3407 2067 3563 2134 ἁγίου

1980 2148 2301 2218 Πνεύματος
2330 2148 2661 2218 κυριολογῶν
2691 2167 2775 2212 τις
2805 2153 2977 2205 εἰπεῖν
3004 2153 3353 2225 θαρρἠειεν.
3383 2159 3565 2232 Ὅπερ

1980 2242 2087 2313 γάρ
2139 2243 2254 2295 ἐστι
2306 2241 2504 2304 κοινὸν,
2545 2241 2662 2303 πῶς
2692 2242 2758 2294 ἂν
2794 2241 3152 2300 ύποστατικὸν
3185 2250 3292 2316 εἴη,
3326 2251 3454 2304 ούδὲ
3479 2270 3560 2316 τι.⁹

1980 2331 2302 2402 καταχρῷτο
2323 2335 2386 2402 τῇ
2416 2333 2564 2402 φωνῇ
2595 2331 2734 2385 κατά
2767 2338 3082 2406 μεταφορὰν
3107 2338 3278 2408 αὐτὴν
3306 2341 3422 2395 ἀπὸ
3452 2343 3563 2398 τῶν

1979 2424 2335 2496 ἀνθρωπίνων
2361 2424 2656 2494 λαμϐάνων
2687 2425 3038 2492 ὑποστάσεως
3067 2428 3110 2496 ι,
3148 2434 3422 2504 μηδαμῶς
3463 2438 3562 2508 τὴ..

1980 2517 2259 2590 θεοπρεπῆ
2295 2517 2624 2588 διαφθείρων
2663 2517 2925 2582 διάνοιαν,
2962 2520 3092 2585 ἴσως
3121 2523 3188 2576 ἂν
3230 2526 3429 2581 ἑαυτὸν
3465 2529 3560 2599 τῆς

1978 2612 2036 2662 ὲν
2065 2610 2244 2678 λόγοις
2272 2610 2371 2662 οὐκ
2399 2609 2761 2681 ύποστερήσει
2790 2613 3141 2685 συγγνώμης,
3170 2618 3442 2688 ῥημάτων
3469 2622 3560 2674 εύ-

1980 2700 2145 2763 θύνας
2186 2698 2418 2770 ἰώμενος
2437 2710 2498 2763 πι,
2548 2699 2663 2752 ἀλλ’
2695 2702 2753 2754 ού
2801 2702 3085 2774 δογμάτων
3134 2709 3562 2777 εἰσπράττεσθαι

1977 2789 2386 2861 ἀλλοτριότητα,
2415 2791 2615 2843 οἰκεῖον
2648 2790 2693 2844 δ’
2732 2792 2800 2846 ἂν
2842 2795 2950 2864 εἴη,
2991 2795 3085 2848 καὶ
3114 2793 3195 2860 οἷς
3237 2800 3346 2852 τῶν
3401 2802 3562 2873 ἱερῶν

1979 2885 2240 2955 ῥημάτων
2287 2887 2697 2958 ὲπερειδόμενοι
2730 2889 2792 2943 τὸ
2824 2892 3067 2944 ἐναντίον
3096 2895 3380 2964 νομίζουσι
3427 2916 3562 2971 κραο

1977 2977 2156 3030 τύνειν
2210 2978 2420 3050 θέλημα
2478 2981 2574 3034 καὶ
2631 2981 2801 3035 ταῦτα
2847 2984 3211 3054 παραθέσθαι,
3268 2991 3364 3042 καὶ
3425 2992 3563 3046 ύπο-

1975 3068 2275 3134 Gallicum;
2358 3072 2643 3144 εύκρινείᾳ
2679 3111 2694 3136 ,
2769 3075 2863 3128 καὶ
2929 3076 3171 3143 διανοίας
3266 3081 3562 3154 ὀρθότητι,

1977 3162 2071 3214 καὶ
2132 3160 2335 3231 ταύτην
2393 3162 2571 3216 αὐτῶν
2623 3165 2987 3238 ἀφῃρημένην
3039 3167 3208 3232 δεῖξαι
3259 3171 3360 3242 τὴν
3423 3175 3562 3244 πρό-

1977 3270 2163 3322 φασιν.

2037 3345 2204 3397 Φασὶν
2223 3345 2316 3399 οὖν
2333 3345 2604 3417 εἰρῆσθαι,
2627 3365 2644 3398 ι
2667 3348 2780 3402 Οὐκ
2803 3344 2968 3420 ἦλθον
2989 3351 3074 3404 ἵνα
3098 3352 3240 3405 ποιῶ
3257 3353 3318 3406 τὸ
3343 3354 3562 3428 θέλημα

1973 3435 2034 3488 τὸ
2063 3434 2362 3504 ὲμὸν,ἀλλά
2393 3435 2454 3489 τὸ
2477 3436 2688 3507 θέλημα
2717 3438 2812 3492 τοῦ
2841 3439 3156 3510 πέμψαντός
3183 3459 3250 3511 με
3279 3443 3552 3516 Πατρός.»

1977 3527 2086 3581 Καὶ
2114 3527 2358 3600 δηλονότι
2382 3529 2444 3582 τὸ
2471 3529 2774 3597 γνωστικὸν
2810 3537 2835 3566 °
2860 3531 3092 3586 ἐνταῦθα
3114 3535 3448 3603 σημαίνεται
3474 3537 3563 3592 θέ-

1975 3619 2140 3688 λημαο
2166 3619 2300 3689 πρὸς
2325 3619 2354 3672 δ
2385 3619 2514 3690 ῥᾷόν
2530 3621 2678 3673 ἐστιν
2707 3619 3038 3692 ἀπαντῆσαι,
3063 3622 3140 3686 ὡς
3161 3625 3210 3677 εί
3239 3643 3257 3675 ι
3289 3625 3363 3678 Τὸ
3395 3627 3559 3697 θέλη-

1977 3729 2050 3782 μα
2082 3711 2175 3765 τοῦ
2215 3711 2451 3784 Πατρὸς,
2484 3712 2585 3766 »οὐ
2629 3711 2691 3765 τὸ
2733 3711 3014 3784 γνωμικὸν
3061 3714 3327 3786 ἐδήλωσεν
3357 3717 3556 3774 εἰπών.

1977 3806 2057 3876 (οὐ
2087 3805 2197 3875 γάρ
2225 3807 2373 3858 ἐστιν
2402 3805 2499 3859 ἐπὶ
2531 3805 2638 3859 τῶν
2666 3805 2972 3878 θεαρχικῶν
2999 3808 3166 3878 τριῶν
3197 3808 3558 3864 ύποστάσεων

1975 3895 2187 3966 θέλημα
2201 3895 2476 3965 γνωμικὸν
2503 3894 2867 3950 εὐσεϐούντων
2890 3897 3298 3970 ἀποφήνασθαι)
3317 3917 3333 3930 ·
3354 3900 3554 3971 δηλον-

1971 3988 2055 4041 ότι
2082 3988 2176 4040 καὶ
2201 4006 2218 4038 ι
2247 3987 2306 4040 τὸ
2323 3987 2532 4060 θέλημα
2548 3987 2608 4040 τὸ
2628 3987 2759 4058 ἐμὸν
2777 4007 2796 4040 ι
2821 3988 3153 4060 προσειπὼν,
3171 3991 3232 4044 ού
3249 3990 3310 4044 τὸ
3341 4009 3528 4062 γνωμι
3541 4021 3557 4034 ο

1973 4082 2088 4145 κὸν,
2120 4081 2254 4133 ἀλλὰ
2296 4081 2357 4132 τὸ
2385 4080 2615 4148 φυσικὸν
2655 4081 3045 4150 συνεδήλωσεν,
3080 4081 3154 4146 ὥς
3184 4101 3243 4136 τε
3277 4084 3338 4137 ού
3387 4084 3556 4154 μόνον

1971 4174 2030 4226 τὸ
2083 4175 2244 4244 ῥητὸν
2289 4173 2349 4226 τὸ
2383 4183 2411 4222 P
2447 4172 2724 4244 γνωμικὸν
2770 4173 2935 4228 ποθὲν
2979 4176 3260 4246 συνίστησι
3311 4177 3554 4249 θέλημα,

1970 4263 2086 4317 ἀλλ’
2110 4265 2455 4336 ἀναιρετικὸν
2501 4267 2618 4319 ἐστι
2664 4264 2865 4335 μᾶλλον
2904 4267 3004 4335 τῆς
3051 4269 3308 4339 τοιαύτης
3345 4269 3558 4339 ύπολή,

1567 4399 1800 4456 VARUE
1832 4394 2230 4454 LECTIONES.

363 4488 390 4532 ι
421 4491 462 4548 1.
517 4495 874 4560 συννεύσεως.

959 4501 976 4534 ι
1031 4497 1399 4552 ὑποστᾶσεων.
1470 4506 1506 4528 ’³
1538 4497 1581 4551 1.
1639 4495 1899 4565 οἰόμενος.

1981 4498 2066 4529 ιιιο
2098 4489 2203 4544 An.
2253 4488 2552 4559 γνωμικόν.
2647 4499 2672 4537 1)
2693 4488 2947 4546 Turvian.
2986 4491 3132 4564 legit.
3159 4493 3220 4546 οὑ
3250 4493 3333 4549 τό.

1796 4603 2028 4662 NOTAE.

373 4715 1189 4799 (621.8iue“ul{a_variatione.
1234 4716 1739 4799 ,ςΑπαραλλάκτωᾳ
1812 4713 1866 4772 ιιι
1901 4719 1944 4773 ι)
1974 4724 2027 4770 et
2047 4715 2344 4799 lilrul‘iversa.
2362 4728 2456 4769 seu
2490 4687 2829 4799 indistincta.

295 4784 426 4846 est:
461 4785 592 4841 Sine
623 4785 730 4840 ulla
764 4784 1065 4840 differentia
1096 4803 1190 4842 seu
1217 4784 1552 4843 diversitate.

369 4857 631 4926 Equidem
671 4871 793 4910 cum
826 4857 1079 4911 voluntas
1121 4855 1305 4910 divina
1331 4857 1533 4912 dicitur
1587 4870 1708 4926 esse
1758 4857 1870 4910 sine

298 4928 410 4981 ulla
433 4925 747 4987 variatione,
767 4925 886 4991 ejus
912 4926 1184 4995 indicatur
1204 4926 1640 4990 immutabilitas,
1668 4925 1736 4981 de
1762 4942 1867 4995 qua

298 5013 407 5050 non
459 4997 658 5062 agitur.
690 4995 916 5050 Pliotius
950 4994 1303 5062 iidentitatem
1354 5005 1508 5050 notat
1565 4994 1863 5051 voluntatis

296 5067 464 5121 trium
494 5061 872 5135 personarum.
948 5061 1385 5135 Utunturrsmpe
1442 5065 1613 5122 Graeci
1671 5066 1860 5123 Patres

295 5148 432 5189 voce
461 5131 897 5205 ἀπαράλλακτον,
924 5134 1067 5201 quod
1091 5131 1336 5205 plerique
1375 5135 1694 5205 interpretes
1735 5136 1860 5190 red-

298 5207 435 5258 dunt
463 5203 920 5268 sinevariatione,
951 5203 1293 5271 invariabilé;
1324 5204 1418 5259 sed
1448 5203 1529 5260 illi
1573 5206 1860 5260 debilitant

299 5283 622 5343 mutantque
669 5274 992 5343 sententiam
1028 5273 1288 5329 Patrum:
1357 5273 1447 5328 Sic
1505 5277 1649 5330 enim
1703 5275 1859 5331 reddi

297 5346 478 5407 debet,
519 5341 629 5396 sine
659 5341 984 5410 differentia,
1016 5345 1130 5397 sine
1159 5345 1484 5409 diversitate,
1517 5355 1621 5400 etc.

368 5413 480 5483 (65)
507 5414 579 5466 Ac
596 5422 753 5483 nutus
781 5412 1135 5477 invariabilis,
1153 5423 1258 5468 etc.
1281 5425 1328 5467 et
1359 5415 1683 5468 invariabilis
1707 5431 1724 5469 :
1755 5415 1866 5469 Kal.

293 5481 386 5554 τῷ
435 5481 811 5555 ἀπαραλλάκτι
889 5483 1352 5564 ἀρακτηρίζεται
1405 5486 1504 5552 τῆς
1569 5485 1869 5548 συνεύσεως

296 5553 429 5604 [leae
461 5499 838 5604 cuvvedaew:{
879 5500 1003 5604 ίίωε
1036 5553 1102 5604 ἂν
1138 5551 1230 5604 οὖν
1266 5555 1402 5604 ὅλως
1448 5555 1508 5604 τὸ
1538 5555 1712 5604 κοινὸν
1767 5554 1867 5604 τῆς

296 5500 375 5554 τῳ
435 5499 811 5555 ἀπαραλλάκτι
889 5499 1352 5554 «αρακτηριςεται
1405 5502 1504 5552 της
1569 5499 1867 5548 συνεύσεως

296 5553 429 5626 [lege
461 5499 1003 5626 cuvvsiiaswxulﬁtb;
1036 5553 1102 5605 ἂν
1130 5551 1230 5626 ⁸οίιν
1266 5555 1402 5626 ὅλως
1427 5555 1508 5626 τὸ
1538 5555 1712 5626 κοινὸν
1767 5554 1867 5623 τῆς

296 5621 647 5695 ᾧύσεωςηκαὶ
671 5621 1090 5695 ἀπαράλλακτον
1124 5622 1355 5695 θέλημα.
1387 5623 1438 5678 ld
1459 5635 1557 5695 est
1585 5643 1598 5679 :
1634 5625 1699 5680 Et
1735 5621 1866 5695 ⁸1111-

294 5703 384 5749 tus
416 5694 474 5764 in
492 5692 940 5764 diversitate,seu
963 5701 1128 5748 nutus
1157 5692 1401 5762 ejusdem
1425 5694 1690 5764 signatur.
1721 5693 1864 5761 Quo-

298 5763 464 5821 modo
495 5763 660 5835 igitur
693 5763 918 5820 omnino
977 5765 1283 5822 communis
1353 5763 1603 5821 voluntas
1653 5775 1860 5830 naturae

2041 4783 2153 4866 (6:4)
2182 4784 2761 4868 ‘Adltibensnverborum
2791 4785 3169 4868 cenationes,
3211 4807 3277 4846 ac
3312 4809 3550 4868 non”.

1969 4855 2350 4931 l5."“"“"f?"‘
2399 4855 2576 4931 “1.5m
2635 4855 2910 4931 1’09'2'9‘“:
2961 4855 3260 4931 ζΡημάτων
3317 4855 3551 4931 εὐθύνας

1969 4927 2197 4996 ἰώμενος
2233 4922 2365 5046 ἕξοις
2386 4923 2666 5048 οἰόμενος]Ι
2691 4922 2807 4977 ἀλλ’
2855 4923 2918 4975 ού
2955 4922 3246 4995 δογμάτων
3290 4922 3552 5008 εἰσπράτί

1969 4996 2150 5048 τεσθαι
2201 4995 2236 5048 ἀ
2301 4995 2612 5048 οτιοιότητα.
2671 4995 2702 5048 d
2737 5003 2864 5048 cst:
2905 4993 3047 5048 Suos
3091 4999 3350 5048 lenuemli
3429 5023 3552 5048 mn-

1963 4993 2150 5075 τεσθαι
2201 4993 2612 5075 ἀλλοτριότητα.
2637 4993 2702 5048 id
2737 5003 2864 5049 cst:
2905 4993 3351 5075 Suos—loquendi
3423 4993 3553 5062 ino-

1965 5069 2066 5121 dos
2096 5064 2374 5141 emendari
2407 5064 2753 5141 existimans,
2775 5080 2894 5141 non
2929 5081 3060 5120 vero
3094 5064 3412 5141 dogmatum
3466 5077 3553 5132 di-

1965 5134 2283 5191 versitatem
2315 5135 2561 5189 accusari
2589 5143 2681 5188 aut
2708 5133 2903 5188 refelli.

2037 5204 2152 5281 (65)
2191 5203 2314 5281 Non
2346 5205 2445 5257 erit
2472 5203 2703 5257 alienum
2737 5205 3197 5281 deinceps_ponere
3233 5225 3307 5281 ea,
3352 5215 3542 5281 quibus

1967 5276 2132 5345 aliqui
2167 5275 2426 5340 nituntur,
2461 5285 2517 5328 ut
2565 5282 2746 5345 putent
2776 5290 2830 5345 se
2865 5274 3178 5342 conﬁrmare
3229 5274 3550 5339 voluntatem

1970 5343 2522 5418 contrariumisanctis
2559 5343 2729 5418 verbis
2755 5357 2773 5396 :
2802 5343 3017 5418 lesiov
3045 5346 3194 5418 6’_&v
3222 5351 3308 5418 εῐη
3339 5355 3433 5406 καὶ
3464 5351 3550 5417 οἷς

1972 5415 2080 5468 τῶν
2107 5415 2266 5486 ἱερῶν
2295 5417 2556 5486 ῥημάτων
2597 5413 3010 5486 Αὲπερειδόμενοι
3070 5416 3146 5486 τὸᾼ
3169 5413 3412 5474 ἐναντίον
3457 5413 3547 5476 vo;

1979 5483 2230 5554 μίξουσιν
2257 5483 2552 5555 κρατύνειν
2591 5483 2826 5552 θέλημα.
2861 5483 2917 5536 Id
2951 5491 3071 5538 est:
3104 5484 3219 5540 Non
3250 5490 3355 5543 erit
3408 5493 3548 5546 alie-

1975 5571 2104 5608 num
2134 5571 2197 5608 ea
2229 5569 2259 5608 e
2286 5555 2457 5610 sacris
2495 5555 2674 5610 verbis
2703 5567 2999 5623 apponere,
3033 5556 3232 5624 quibus
3255 5560 3546 5617 innitentes

1971 5624 2049 5697 illi
2080 5625 2427 5697 contrariam
2445 5625 2782 5697 voluntatem
2816 5625 3144 5697 conﬁrmare
3170 5641 3228 5682 se
3254 5643 3418 5697 posse
3445 5647 3540 5686 ar-

1968 5695 2263 5766 bitrantur.
2289 5724 2359 5766 :—
2388 5694 2854 5766 Eratambiguum
2895 5693 3028 5750 illud
3057 5693 3382 5754 contrariam
3407 5717 3540 5756 san-

1966 5766 2064 5819 ctis
2101 5765 2264 5818 verbis
2289 5763 2566 5834 Turriani.
