3884 6202
135 278 250 345 537

1093 281 1194 340 AD
1231 269 1820 339 AMPIIILOCHIUM
1854 263 2200 340 QU/ESTIO
2233 261 2465 322 LXXX.

3304 253 3412 320 538

131 390 434 462 ὑποϐληθῆ
489 390 688 463 ἐρεύνῃ
739 349 926 455 ἁπλῶς
963 407 1022 443 τε
1049 390 1287 456 λέγεται,
1339 391 1433 442 καὶ
1457 387 1518 441 τὸ
1550 387 1717 456 ὄνομα

1826 376 2068 434 cussioui
2101 391 2196 431 seu
2242 370 2454 427 notioni
2508 367 2896 436 subiiciantur,
2951 367 3275 438 simpliciter
3313 371 3401 424 di-

127 485 288 537 πᾶσι
345 482 506 553 δῆλον
567 483 882 552 παρέχεται.
959 481 1430 551 Ἀναπτισσόμενα
1508 477 1567 530 δὲ
1625 475 1722 529 καὶ

129 575 616 646 λεπτολογούμενα
677 574 995 646 συμπλοκὴν
1024 590 1147 629 τινα
1188 573 1574 645 προϐάλλεται.
1611 570 1722 624 Καὶ

129 669 342 739 κλῆσιν
377 665 625 738 ἐπιζητεῖ
677 667 1008 738 κατάλληλον
1058 667 1152 720 τοῦ
1179 667 1472 737 νοήματος.
1512 663 1722 717 Αὐτίκα

129 759 198 812 τὸ
221 759 460 827 φυσικὸν
513 757 855 828 ἀνθρώπινον
915 759 1011 812 καὶ
1040 757 1471 828 ὁμολογούμενον
1507 755 1720 826 θέλημα

131 850 796 920 πολυπραγμονοῦμενον,
835 849 1096 921 διαφορᾶς
1139 851 1204 903 ἂν
1231 849 1424 918 ὀφθείη
1459 847 1720 920 προϊσχό-

134 958 330 1012 μενον.
371 941 437 994 Ai
491 943 584 994 καὶ
633 943 732 1012 τὴν
775 943 1068 1013 ἑτερότητα
1132 941 1458 1003 συνιστῶσι,
1509 942 1603 993 καὶ
1659 939 1719 992 τὸ

131 1031 325 1083 κοινὸν
349 1026 487 1093 εἶδος
511 1033 591 1093 εἰς
623 1031 816 1102 ἑτέρας
843 1033 1169 1100 καινότητας
1191 1044 1219 1072 κ
1237 1033 1296 1083 οὐ
1319 1033 1716 1100 διατέμνουσιν,

131 1117 251 1176 οἷον
289 1123 434 1176 θέλει
465 1139 549 1186 τις
583 1127 776 1191 φαγεῖν
811 1125 905 1177 καὶ
943 1127 1084 1177 πιεῖν
1106 1140 1119 1152 ·
1146 1123 1261 1176 ἀλλ’
1287 1124 1315 1174 ὁ
1349 1123 1446 1190 μὲν
1496 1123 1718 1192 μᾶλλον,

131 1218 161 1268 ὁ
185 1217 248 1269 δὲ
279 1211 445 1288 ἧττον
474 1214 572 1284 τὴν
625 1215 881 1283 τοιαύτην
935 1216 1121 1283 ἔφεσιν
1172 1216 1258 1268 διὰ
1290 1216 1404 1284 βίου
1435 1217 1715 1285 κέκτηται.

134 1309 252 1360 Καὶ
303 1307 364 1359 τὸ
399 1307 598 1377 μᾶλλον
632 1309 726 1360 καὶ
763 1307 824 1359 τὸ
849 1302 1010 1375 ἦττον
1041 1307 1102 1359 τὸ
1156 1308 1387 1375 φυσικὸν
1419 1308 1480 1360 οὐ
1510 1307 1720 1379 μερίζει

134 1400 235 1452 καὶ
273 1398 554 1451 συστέλλει
592 1398 728 1470 πρὸς
758 1399 1104 1468 εῖδικὼτερον
1131 1398 1366 1468 θέλημα.
1403 1399 1550 1451 Διότι
1583 1397 1720 1469 μηδὲ

136 1492 356 1559 πέφυκε
385 1492 446 1543 τὸ
473 1491 673 1560 μᾶλλον
731 1492 826 1545 καὶ
850 1486 1012 1560 ἦττον
1035 1493 1205 1554 εἴδους
1231 1490 1377 1555 τινὸς
1409 1491 1443 1560 ἢ
1473 1490 1720 1561 κοινότη-

134 1601 228 1646 τος
263 1583 550 1654 σύμφυτον
580 1584 881 1655 ἐξαλλαγὴν
909 1583 1338 1655 ἀπεργάζεσθαι.

219 1785 378 1854 Ἐρεῖ
416 1779 510 1838 οὖν
560 1801 646 1848 τις
691 1784 822 1856 ὀρθῇ
879 1786 1355 1856 διακοπτόμενοςέν
1397 1784 1600 1855 κρίσει,
1641 1782 1718 1847 ὡς

134 1875 300 1931 τοῦτο
323 1876 390 1947 δὴ
422 1876 484 1930 τὺ
513 1877 741 1946 φυσικὸν
799 1877 1032 1946 θέλημα,
1085 1878 1221 1931 καθὸ
1254 1877 1353 1948 μὲν
1384 1879 1474 1930 ἐπὶ
1507 1878 1716 1940 πάντας

137 1968 468 2038 ἀνθρώπους
531 1969 809 2040 δμοτίμως
857 1969 1142 2034 διαϐαίνει,
1203 1973 1282 2034 εἰς
1339 1969 1718 2040 ὑποϐεϐηκὸτα

137 2060 224 2130 εἴη
246 2070 268 2096 ι
297 2061 361 2113 οὑ
386 2061 662 2130 τέμνεται·
698 2060 832 2115 καθὸ
864 2061 920 2114 δὲ
951 2062 1051 2126 τὰς
1107 2061 1214 2116 ἀπὸ
1262 2062 1358 2115 τοῦ
1393 2062 1593 2132 μᾶλλον
1623 2061 1718 2114 καί⁵

138 2147 304 2224 ἦττον
335 2153 646 2224 ἐπιδέχεται
694 2156 1064 2226 παραλλαγὰς,
1096 2154 1385 2223 ἀναλογίαν
1405 2155 1526 2209 τινὰ
1556 2153 1718 2218 σώζει

141 2245 281 2316 πρὸς
311 2245 382 2298 τὰ
406 2247 756 2317 διαιρούμενα
813 2240 906 2300 {cui
959 2249 1058 2318 τὴν
1122 2247 1385 2316 διαίρεσιν
1437 2247 1515 2309 είς
1541 2246 1718 2309 εἴδους

143 2332 418 2405 προϐολὴν
466 2335 566 2386 οὐκ
616 2335 943 2405 ἐπιδέχεται.
1010 2335 1175 2389 Οὐδὲν
1237 2335 1328 2389 οὖν
1355 2336 1593 2389 ἐκώλυσε
1623 2335 1716 2388 καὶ

140 2425 201 2475 τὸ
227 2425 460 2493 φυσικὸν
502 2424 691 2489 ἁπλῶς
726 2427 1004 2496 ὁμολογεῖν
1035 2426 1322 2498 ἀνθρώπου
1355 2427 1587 2498 θέλημα,
1616 2430 1710 2481 καὶ

142 2517 298 2570 τοῦτο
365 2515 985 2589 πολυπραγμονούμενον
1053 2519 1147 2573 καὶ
1194 2520 1479 2589 διαφοραῖς
1529 2519 1718 2589 ὥσπερ

142 2608 274 2662 αὐτὸ
321 2609 764 2681 διαστελλόμενον
820 2611 1186 2683 ποικιλωτέρᾳ
1235 2612 1444 2682 διανοίᾳ
1470 2613 1565 2664 καὶ
1593 2628 1716 2663 ποι-

138 2699 460 2770 ⁸κιλωτὲροις
515 2701 773 2772 ὀνόμασιν
821 2702 1240 2776 ὑποδάλλεσθαι·
1281 2705 1342 2754 τὸ
1371 2702 1502 2755 αὐτὸ
1533 2702 1588 2754 δὲ
1621 2703 1716 2756 καὶ

142 2788 227 2841 ἐπ’
252 2788 432 2843 ἄλλων
482 2791 691 2862 μυρίων
739 2791 1140 2864 προϐλημάτων
1197 2793 1424 2863 εὑρήσει
1456 2809 1541 2856 τις
1576 2791 1716 2845 θεω-

149 2881 240 2952 ρού
249 2899 435 2953 μενον.

225 2975 389 3029 Ἀλλὰ
417 2973 488 3029 τὰ
506 2975 844 3048 πορρωτέρω
903 2977 1067 3046 λέγω,
1137 2979 1256 3032 ὲνδν
1311 2977 1594 3050 ἐγγυτέρω
1619 2977 1712 3031 τὸν

1823 475 2064 529 cuntur;
2095 473 2148 519 ct
2177 480 2374 518 nomen
2407 461 2665 516 omnibus
2725 456 3077 512 manifestum
3122 461 3408 518 tribuitur.

1823 555 2099 626 Explicata
2129 569 2256 608 vero
2284 562 2337 607 et
2358 553 2628 607 subtiliter
2645 565 2898 608 excussa.
2931 551 3408 619 complicatiouem
3445 614 3450 621 _

1829 647 2119 718 quamdam
2142 661 2250 715 pra:
2272 643 2549 708 scierunt,
2582 649 2636 698 et
2671 640 2957 709 requirunt
2986 641 3409 710 appellationem
3447 628 3452 632 ’

1822 740 2034 795 notioni
2078 737 2529 801 convenientem;
2581 744 2635 791 et
2679 747 2739 792 ut
2786 737 2968 791 statim
3015 736 3081 789 de
3129 735 3410 790 voluntate

1823 833 2094 894 dicamus,
2123 829 2395 884 naturalis
2422 828 2680 884 voluntas
2702 828 2964 892 hominis,
3008 841 3174 896 quam
3212 840 3408 882 omnes

1822 925 2151 988 concedunt,
2174 923 2220 978 si
2243 933 2492 977 accurate
2513 921 2844 990 inquiratur,
2881 920 3184 990 reperietur
3205 920 3409 974 habere

1822 1018 2184 1082 differentias,
2224 1032 2344 1086 quae
2375 1023 2429 1071 et
2499 1016 2875 1070 diversitatem
2933 1015 3299 1078 constituunt,
3352 1022 3409 1069 et

1829 1125 2184 1165 communem
2221 1108 2458 1178 speciem
2519 1107 2573 1160 in
2607 1108 2743 1161 alias
2798 1107 3220 1162 communitates
3265 1105 3409 1161 divi-

1822 1201 2076 1272 dunt”),
2113 1217 2163 1255 ν.
2192 1218 2274 1270 gr.
2313 1200 2426 1252 vult
2456 1200 2739 1253 comedere
2754 1210 2805 1253 et
2828 1200 3011 1252 bibere
3035 1216 3048 1265 ;
3070 1200 3162 1254 sed
3179 1199 3266 1254 hic
3289 1213 3464 1254 mam.

1822 1295 1925 1363 gis,
1958 1294 2048 1348 ille
2077 1293 2260 1348 minus
2283 1290 2552 1360 ejusmodi
2609 1292 2938 1359 desiderium
2965 1290 3149 1355 habet,
3186 1291 3314 1344 dum
3349 1292 3401 1344 in

1824 1387 1932 1440 vita
1981 1394 2085 1447 est,
2118 1395 2174 1438 et
2209 1387 2381 1454 magis
2413 1396 2465 1438 et
2491 1386 2674 1438 minus
2717 1385 3018 1437 naturalem
3065 1384 3403 1436 voluntatem

1821 1493 1930 1531 non
1960 1479 2212 1548 partitur,
2247 1489 2302 1532 et
2329 1478 2604 1531 contrahit
2653 1477 2718 1530 ad
2773 1476 2945 1546 magis
2983 1476 3401 1544 particularem,

1821 1571 1946 1636 quia
1974 1570 2146 1640 magis
2169 1580 2223 1624 ct
2255 1571 2434 1624 minus
2468 1584 2577 1622 non
2612 1577 2790 1638 potest
2825 1575 3018 1623 natura
3045 1568 3403 1623 variationem

1824 1647 2127 1714 naturalem
2162 1661 2369 1730 speciei
2401 1661 2481 1714 vel
2509 1660 2922 1714 communitatis
2955 1658 3190 1715 eliicere.

1752 1728 1790 1782 Β
1891 1751 2042 1806 Dicet
2075 1728 2211 1823 ergo
2239 1754 2437 1823 aliquis
2478 1761 2623 1806 recto
2648 1751 2854 1820 judicio
2895 1767 3006 1806 rem
3040 1751 3400 1820 perpendens,

1822 1847 1965 1902 hanc
1993 1846 2322 1901 voluntatem
2359 1846 2662 1901 naturalem
2694 1853 2964 1915 quatenus
2993 1845 3059 1898 ad
3089 1860 3278 1900 omnes
3307 1845 3406 1899 ho-

1821 1939 1996 1992 mines
2026 1938 2308 2009 mqualiter
2339 1947 2542 2001 manat,
2571 1946 2624 1992 et
2675 1937 2926 2006 pertinet,
2982 1951 3088 1989 non
3130 1936 3296 1990 dividi
3345 1939 3400 1990 in

1821 2033 2028 2102 species
2058 2033 2367 2102 subjectas;
2396 2041 2664 2102 quatenus
2684 2044 2815 2083 vero
2855 2031 3191 2085 variationes
3217 2046 3280 2085 ex
3313 2047 3400 2094 eo,

1819 2125 1964 2197 quod
2000 2125 2172 2194 magis
2205 2132 2299 2180 aut
2326 2126 2510 2180 minus
2542 2127 2700 2189 inest,
2747 2125 2962 2192 recipit,
2999 2140 3216 2179 servare
3272 2141 3404 2195 pro-

1818 2218 2124 2286 portionem
2156 2217 2447 2284 quamdam
2477 2217 2544 2270 ad
2574 2216 2746 2271 divisa
2778 2219 3156 2285 pertinentem,
3186 2227 3239 2270 ct
3262 2219 3402 2271 divi-

1819 2310 2026 2365 sionem
2084 2305 2152 2360 ad
2208 2308 2609 2376 produceudam
2646 2310 2881 2377 speciem
2928 2325 3033 2362 non
3095 2309 3400 2378 suscipere.

1819 2402 1965 2457 Nihil
2020 2403 2184 2474 igitur
2231 2401 2510 2471 prohibuit
2538 2401 2783 2455 conliteri
2817 2401 3142 2470 simpliciter
3177 2413 3401 2457 natura-

1819 2495 1922 2550 lem
1967 2498 2301 2550 voluntatem
2338 2493 2596 2556 hominis,
2627 2501 2679 2547 et
2727 2494 2866 2548 hanc
2913 2506 3168 2549 accurate
3205 2511 3405 2551 excus-

1823 2603 1962 2652 sam,
1993 2597 2046 2642 et
2069 2585 2396 2641 diﬂerentiis
2426 2585 2592 2640 veluti
2620 2586 2956 2651 distinctam,
2998 2587 3162 2641 varia:
3188 2586 3400 2640 notioni

1819 2689 1872 2734 et
1904 2681 2071 2735 variis
2103 2678 2416 2734 nominibus
2449 2676 2754 2745 subjicere;
2788 2678 2928 2733 idem
2968 2682 3131 2732 etiam
3190 2678 3244 2731 in
3279 2677 3402 2731 inti-

1819 2772 1950 2828 nitis
1986 2772 2107 2828 aliis
2131 2768 2528 2843 quaestionibus
2555 2769 2892 2839 reperiemus
2925 2769 3183 2839 spectari.

1895 2973 1999 3030 Sed
2031 2975 2160 3044 quid
2190 2989 2326 3044 opus
2364 2983 2446 3030 est
2475 2986 2904 3052 commemorare
2928 2971 3248 3044 longinqua,
3275 2989 3398 3027 cum

144 3065 298 3134 λόγον
346 3065 729 3122 πιστώσασθαι
761 3069 1166 3140 παραδείγματι
1197 3088 1212 3138 ;
1243 3069 1453 3135 Παῦλος
1481 3070 1711 3143 ξυρᾶται

1822 3083 1990 3138 prope
2015 3067 2331 3134 habeamus,
2351 3066 2655 3137 undequod
2688 3065 2943 3131 dicimus,
2975 3065 3406 3122 eontirmemus?

147 3161 238 3214 καὶ
295 3163 579 3230 ἀγνίζεται
610 3204 625 3226 ,
691 3166 784 3218 καὶ
850 3168 1168 3236 περιτέμνει
1229 3167 1513 3236 Τιμόθεον.
1566 3165 1714 3238 *Αρα

147 3252 403 3325 καθαρῶς
436 3257 530 3309 καὶ
571 3256 786 3326 ἀμιγῶς
819 3256 989 3310 θέλων
1021 3260 1113 3311 καὶ
1145 3259 1313 3330 μηδὲν
1353 3260 1717 3327 ἐφιστάμενος

146 3343 251 3396 τῶν
298 3346 581 3418 ἁθελήτων
643 3349 1108 3419 ἔεπιπλεκὸμενοιει
1151 3352 1227 3421 τῷ
1262 3352 1526 3422 θελήματι
1561 3367 1575 3416 ;
1611 3352 1719 3404 Καὶ

149 3436 258 3500 πῶς
294 3438 507 3508 ζημίαν
565 3441 780 3510 ἡγεῖται
811 3444 880 3496 τὰ
909 3444 1005 3496 τοῦ
1030 3444 1194 3513 νόμον
1224 3444 1317 3497 καὶ
1356 3443 1598 3496 σκύϐαλα
1625 3444 1719 3496 καὶ

147 3529 204 3581 τὸ
269 3531 692 3602 περιτέμνεσθαι
742 3534 820 3603 τῷ
873 3535 968 3588 τοῦ
1022 3535 1259 3604 Χριστοῦ
1323 3533 1718 3604 καταργεῖσθαι

149 3624 404 3694 κήρυγμα
423 3641 439 3690 ;
459 3626 572 3680 Οὐκ
594 3622 687 3680 οὖν
711 3628 943 3681 ἀκούσια
967 3627 1138 3681 ταῦτα
1172 3629 1267 3682 καὶ
1292 3626 1530 3696 ἀθέλητα
1562 3623 1716 3694 λόγος

149 3717 312 3781 οὐδεὶς
374 3718 784 3788 ἀντιφθέγξοιτο
843 3722 937 3773 καὶ
999 3721 1199 3792 τρόπος
1265 3719 1580 3789 οἰκονομίας
1638 3719 1718 3790 τῷ

150 3811 379 3880 ἀπρεπεῖ
441 3813 672 3882 μάλιστα
718 3814 811 3867 καὶ
837 3814 1082 3886 ἀθελήτῳ
1111 3813 1501 3886 στηριζόμενῦς
1528 3831 1584 3866 τε
1621 3815 1716 3867 καὶ

152 3901 576 3972 ἐπιπλεκόμενος
604 3903 682 3974 τῷ
704 3903 989 3975 θελήματι.
1027 3902 1154 3977 ’Ἆρ’
1183 3905 1278 3959 οὖν
1309 3923 1393 3969 τις
1423 3907 1553 3976 ἡμῖν
1593 3905 1716 3975 φθο-

154 3994 298 4062 νήσει
354 3995 466 4048 τῶν
515 3997 792 4066 ὀνομάτων
819 4036 834 4060 ,
893 3995 1034 4067 ὀρῶν
1082 3998 1151 4050 τὰ
1207 4001 1348 4051 κατὰ
1397 3998 1716 4069 συμπλοκὴν

155 4085 443 4155 πράγματα
464 4087 759 4157 προσφυῶν
809 4089 901 4143 καὶ
935 4089 1287 4160 καταλλήλων
1313 4092 1573 4162 ῥημάτων
1603 4091 1717 4145 δεό-

156 4193 318 4244 μενα;
349 4179 418 4232 Τί
464 4180 551 4233 δαὶ
576 4182 795 4246 ἄτοπον,
831 4182 1031 4252 μᾶλλον
1057 4182 1114 4236 δὲ
1145 4183 1266 4253 πῶς
1281 4183 1382 4236 οὐκ
1417 4185 1714 4253 ἀναγκαῖον

152 4267 428 4338 ὀνομάζειν
472 4272 701 4344 ἐπείπερ
761 4251 1004 4343 ὑπάρχον
1058 4251 1276 4345 ὀρᾶταιὶ
1311 4275 1407 4328 καὶ
1453 4251 1714 4347 ἀθέλητον

155 4358 372 4432 θέλημα,
432 4365 526 4418 καὶ
560 4365 653 4435 βίᾳ
683 4365 1023 4436 ὑποδυομένη
1053 4366 1113 4420 τὸ
1138 4367 1426 4435 ὲκούσιονς
1459 4368 1570 4422 Καὶ
1596 4371 1710 4432 τοῖς

1823 3160 2024 3216 Paulus
2053 3160 2330 3225 tondetur,
2372 3175 2423 3215 et
2455 3159 2796 3229 puriﬁcatur,
2831 3173 2895 3212 ac
2925 3158 3269 3213 circumcidit
3303 3157 3400 3212 Ti-

1823 3255 2126 3308 motheum.
2173 3251 2428 3324 Nunquid
2461 3267 2600 3322 pure
2639 3259 2694 3308 et
2735 3251 3080 3321 impermixte
3107 3251 3316 3314 volens,
3347 3259 3404 3307 et

1821 3347 1953 3401 nihil
1983 3363 2196 3412 eorum,
2229 3362 2350 3416 quae
2371 3346 2580 3401 volebat
2617 3345 2717 3416 (2),
2749 3360 2872 3399 eum
2904 3345 3186 3400 voluntate
3215 3344 3401 3416 impli-

1819 3452 1999 3496 catum
2032 3439 2346 3496 sustinens?
2371 3447 2424 3491 et
2448 3438 2724 3507 quomodo
2753 3452 2874 3506 qua:
2905 3436 3040 3506 legis
3075 3445 3201 3490 sunt
3229 3436 3402 3490 detri-

1820 3545 2062 3592 mentum
2122 3543 2334 3605 repulat
2383 3535 2482 3605 (3),
2523 3542 2576 3589 et
2631 3533 2915 3587 Stercora?
2957 3541 3012 3586 et
3056 3531 3400 3598 circumcidi,

1818 3629 2072 3684 evacuari
2096 3627 2298 3684 Christi
2325 3624 2806 3697 praedicationem?
2835 3623 3024 3679 Nullus
3066 3623 3234 3694 igitur
3263 3638 3399 3680 con-

1821 3722 2068 3785 tradicet,
2103 3721 2234 3791 quin
2259 3721 2373 3775 haec
2402 3728 2635 3774 essenta
2661 3718 2936 3773 voluntate
2961 3718 3081 3787 ejus
3103 3717 3277 3773 aliena
3297 3717 3396 3790 (4),

1817 3823 2046 3884 eratque
2100 3813 2298 3868 modus
2339 3811 2681 3875 oeconomia,
2728 3809 2779 3864 id
2813 3819 2916 3875 est,
2961 3809 3390 3881 gubernationis.

1817 3909 1873 3963 in
1899 3908 2179 3962 voluntate
2205 3905 2448 3960 maxime
2470 3905 2650 3958 aliena
2681 3913 2736 3958 et
2761 3903 2928 3957 invita
2957 3903 3182 3958 fulcitus
3209 3912 3262 3958 et
3289 3903 3400 3957 im-

1817 4000 2069 4072 plicatus.
2116 3997 2253 4052 Num
2288 3998 2453 4067 igitur
2495 3996 2695 4066 aliquis
2728 3995 3028 4050 invidebat
3083 3995 3242 4050 nobis
3301 4011 3398 4051 no-

1816 4096 1963 4149 mina
1997 4092 2096 4162 (5),
2134 4091 2180 4147 si
2213 4091 2391 4145 videat
2434 4104 2523 4144 res
2555 4089 2867 4157 implicatas
2902 4087 3082 4144 verbis
3132 4089 3295 4157 aptis,
3342 4097 3398 4144 et

1817 4184 2244 4257 congruentibus
2278 4182 2550 4253 indigere?
2595 4182 2738 4248 Quid
2786 4194 2966 4236 autem
3018 4182 3241 4236 absurdi
3285 4191 3394 4246 est,

1819 4279 1948 4350 quin
1997 4278 2182 4348 potius
2226 4275 2502 4346 quomodo
2549 4289 2656 4327 non
2693 4275 3062 4329 necessarium
3099 4283 3181 4328 est
3217 4273 3396 4328 nomi-

1817 4372 1982 4426 nare?
2012 4368 2306 4442 (siquidem
2335 4367 2578 4424 cernitur
2601 4384 2721 4424 csse
2743 4380 2796 4425 et
2825 4367 3080 4424 voluntas
3117 4365 3308 4430 invita,
3341 4371 3397 4419 et

1415 4553 1501 4608 VA
1510 4550 1648 4607 [HAS
1681 4551 1978 4609 LECTION
1988 4551 2090 4608 ES.

210 4672 611 4743 ιζκοινοτήτας.
683 4680 710 4720 1
751 4671 786 4727 I.
821 4671 1304 4744 διασκεπτόμενος.
1371 4682 1394 4710 ³
1425 4672 1564 4744 εἴδη.
1638 4684 1665 4713 ι
1693 4673 1776 4726 An
1831 4648 2313 4744 ἔπίπλεκόμενονῗ

620 4832 623 4833 ν
1645 4788 1878 4846 NOTAE.

221 4876 390 4952 (I)_Et
426 4896 754 4952 communem
783 4883 1007 4952 speciem
1029 4881 1272 4937 dividunt
1301 4898 1321 4936 :
1354 4882 1466 4937 Kal.
1497 4883 1560 4936 τὸ
1589 4900 1706 4938 κοι-
1739 4884 1786 4940 D
1814 4877 2597 4952 reputat,et__cnrcnmcisione
2627 4892 2722 4952 seu
2778 4893 2876 4946 per
2906 4876 3390 4952 circumcisionem

159 4945 488 5026 νδνεῖδος...
518 4947 574 5026 Id
625 4959 711 5026 est
748 4970 778 5026 ;_
801 4945 1269 5026 Etpcommunem
1308 4953 1560 5026 speciem
1575 4969 1709 5026 _non

162 5017 411 5094 dividunt.
441 5050 511 5062 ——
539 5019 814 5076 Particulo
845 5024 907 5076 οὐ
937 5022 1123 5078 deerat
1153 5023 1208 5076 in
1226 5017 1414 5094 codice
1438 5039 1544 5079 ms.
1574 5023 1711 5078 Tur-

161 5088 310 5166 riani,
349 5101 603 5166 attamen
621 5101 706 5145 est
749 5094 1084 5166 necessaria,
1147 5093 1598 5166 quippelegitur
1625 5095 1714 5166 in-

162 5152 318 5212 ferius
347 5161 406 5213 οὐ
439 5161 722 5232 μερίζει...
761 5163 898 5232 μηδὲ
935 5152 1578 5236 πέφυκεν...’ἑξαλλᾶγὴν
1609 5165 1716 5218 ἁπ-

162 5227 488 5289 εργάζεσθαι.

162 5239 488 5293 εργαςεσθαι.

227 5295 492 5375 (ἳῦᾙὶἡίί
517 5319 699 5375 eorum
715 5319 832 5373 qua:
861 5303 1066 5358 volebat
1095 5320 1114 5358 :
1147 5303 1332 5373 Μηδὲν
1383 5304 1496 5358 τῶν
1519 5303 1716 5375 ἀθελή-

161 5365 294 5450 τωγέ
314 5365 369 5450 Id
389 5381 472 5426 est
501 5389 514 5426 :
546 5371 691 5450 Iflihil
721 5365 909 5450 eorum
941 5389 1064 5444 qua:
1110 5365 1356 5450 nolebat.

226 5434 299 5518 (ἦ)
329 5438 596 5518 Quomodo
615 5459 732 5512 qua:
756 5444 894 5518 Ieg_is_
909 5434 1056 5518 sunt,
1085 5446 1457 5518 detrimentum
1475 5454 1710 5518 reputa},

163 5509 208 5584 ει
235 5509 553 5584 circumcidi,
586 5509 836 5567 concitari
857 5514 1057 5568 Christi
1078 5509 1551 5584 prwdicationem?
1587 5516 1711 5578 Πῶς

167 5569 351 5657 ζημίαν
423 5569 636 5657 ἡγεῖται
679 5584 786 5657 τὰᾷ
807 5585 900 5657 τοῦ
935 5569 1103 5657 WSqu
1149 5569 1246 5639 ita).
1273 5585 1333 5639 τὸ
1364 5569 1709 5657 (ιηιιΙίηὶίτῷδ

167 5648 563 5728 ξιξεριτςμνεσθαι
593 5653 653 5706 τὸ
695 5653 789 5728 τοᾷ
845 5648 1083 5728 Χριστοῦ
1112 5648 1508 5728 καταργεῖσθαι
1530 5648 1709 5728 id)de

167 5723 286 5780 γμαο
317 5715 369 5782 lii
384 5729 466 5779 est
491 5722 812 5792 :Quomodo
835 5715 956 5796 qua:
980 5725 1115 5798 legis
1147 5715 1709 5792 sunt,'detrimcu't'um

1821 4946 2072 5006 evacunri
2137 4949 2341 5004 Christi
2413 4948 2856 5017 praedicationem
2903 4947 2928 5000 ?
2976 4977 3048 4988 -
3089 4946 3392 5007 Tun-ianus

1819 5021 2096 5078 reddendo
2115 5018 2193 5089 τῷ
2215 5018 2636 5089 περιτέμνεσθαι
2676 5033 2770 5085 per
2788 5019 3116 5080 circumcidi,
3142 5019 3390 5074 inserue-

1822 5101 1907 5147 rat
1960 5088 2202 5145 versioni
2243 5088 2448 5141 Latinae
2491 5088 2887 5158 Grzecismum,
2933 5089 3022 5158 qui
3085 5105 3190 5144 non
3231 5090 3394 5145 intel-

1822 5163 1916 5232 ligi
1943 5161 2118 5232 potuit
2157 5161 2237 5232 ab
2257 5159 2325 5212 iis
2363 5158 2461 5232 qui
2496 5155 2685 5232 Latine
2721 5155 2973 5232 _tautum‘_
2999 5160 3241 5228 sapiunt,
3288 5177 3390 5216 nec

1822 5227 2053 5302 possunt
2084 5229 2336 5300 supplere
2360 5228 2653 5284 articulum
2677 5227 2756 5298 τῷ
2774 5244 2935 5298 quem
2962 5227 3230 5300 interpres
3251 5232 3392 5284 omi-

1819 5317 1941 5358 sera
1949 5313 1986 5354 ι..

1878 5373 1958 5442 (4)
1991 5369 2057 5452 In
2074 5369 2807 5452 tioiuntateprtaxime_qlienq
2841 5385 2859 5422 :
2890 5369 2981 5438 Τῷ
3011 5371 3254 5452 ἀπρεπεῖ
3281 5371 3391 5452 μά-

1816 5437 1973 5512 λιστα
2026 5439 2316 5512 θελήματι.
2349 5437 2404 5491 Id
2437 5449 2523 5494 est
2559 5461 2572 5497 :
2613 5440 2904 5496 Voluntate
2954 5437 3199 5496 maxime
3226 5437 3388 5495 inde-

1815 5511 1960 5568 ccnti
1972 5551 1984 5564 .

1871 5582 1949 5652 (ὅ)
1969 5581 2022 5635 N
2027 5598 2114 5636 um
2135 5580 2298 5650 igitur
2322 5580 2792 5652 aliquisinrvidebat
2814 5580 2959 5652 nobis
2987 5580 3199 5652 nomina
3215 5573 3392 5652 [Ἆρ’

1817 5647 2021 5717 eam;
2043 5647 2178 5722 ἡμῖν
2222 5647 2479 5721 φθονήσει
2522 5651 2633 5707 τῶν
2661 5651 2962 5721 ὀνομάτων.
2985 5649 3049 5722 _Id
3076 5660 3159 5707 est
3197 5668 3210 5706 :
3245 5647 3386 5705 Nutu

1817 5724 1984 5794 igitur
2017 5720 2214 5794 aliquis
2239 5720 2514 5780 invidebit
2537 5722 2695 5779 nobis
2735 5720 3003 5778 nomina?
