  <div class='ocr_page' id='page_1' title='image "/cluster/home/n/w/nwhite01/storage/ocr_20150623/101/hvd.32044018872879/294.png"; bbox 0 0 3884 6202; ppageno 0'>
   <div class='ocr_carea' id='block_1_1' title="bbox 146 259 264 333">
    <p class='ocr_par' dir='ltr' id='par_1_1' title="bbox 146 259 264 333">
     <span class='ocr_line' id='line_1_1' title="bbox 146 259 264 333; baseline 0.025 -3"><span class='ocrx_word' id='word_1_1' title='bbox 146 259 264 333; x_wconf 64' lang='grc'><strong>541</strong></span> 
     </span>
    </p>
   </div>
   <div class='ocr_carea' id='block_1_2' title="bbox 1100 252 2495 328">
    <p class='ocr_par' dir='ltr' id='par_1_2' title="bbox 1100 252 2495 328">
     <span class='ocr_line' id='line_1_2' title="bbox 1100 252 2495 328; baseline -0.006 -7"><span class='ocrx_word' id='word_1_2' title='bbox 1100 262 1199 322; x_wconf 88' lang='lat' dir='ltr'><strong>AD</strong></span> <span class='ocrx_word' id='word_1_3' title='bbox 1227 256 1821 320; x_wconf 79' lang='lat' dir='ltr'><strong>AMPI-IILOGIIIUM</strong></span> <span class='ocrx_word' id='word_1_4' title='bbox 1858 252 2206 328; x_wconf 59' lang='lat' dir='ltr'><strong>QUIESTIO</strong></span> <span class='ocrx_word' id='word_1_5' title='bbox 2260 252 2495 319; x_wconf 81' lang='lat' dir='ltr'><strong>LXXX.</strong></span> 
     </span>
    </p>
   </div>
   <div class='ocr_carea' id='block_1_3' title="bbox 3345 249 3455 313">
    <p class='ocr_par' dir='ltr' id='par_1_3' title="bbox 3345 249 3455 313">
     <span class='ocr_line' id='line_1_3' title="bbox 3345 249 3455 313; baseline -0.018 1"><span class='ocrx_word' id='word_1_6' title='bbox 3345 249 3455 313; x_wconf 63' lang='grc'><strong>542</strong></span> 
     </span>
    </p>
   </div>
   <div class='ocr_carea' id='block_1_4' title="bbox 143 359 1760 451">
    <p class='ocr_par' dir='ltr' id='par_1_4' title="bbox 143 372 1747 451">
     <span class='ocr_line' id='line_1_4' title="bbox 143 372 1747 451; baseline -0.007 -15"><span class='ocrx_word' id='word_1_7' title='bbox 143 379 372 451; x_wconf 81' lang='grc' dir='ltr'>ἐκείνην</span> <span class='ocrx_word' id='word_1_8' title='bbox 426 373 624 449; x_wconf 76' lang='grc' dir='ltr'>ῥᾳδίως</span> <span class='ocrx_word' id='word_1_9' title='bbox 654 372 917 440; x_wconf 80' lang='grc' dir='ltr'><strong>διαλύειν,</strong></span> <span class='ocrx_word' id='word_1_10' title='bbox 968 374 1065 428; x_wconf 71' lang='grc' dir='ltr'>καὶ</span> <span class='ocrx_word' id='word_1_11' title='bbox 1097 374 1282 444; x_wconf 84' lang='grc' dir='ltr'>πάσης</span> <span class='ocrx_word' id='word_1_12' title='bbox 1308 373 1463 436; x_wconf 84' lang='grc' dir='ltr'>ἐκτὸς</span> <span class='ocrx_word' id='word_1_13' title='bbox 1489 372 1747 441; x_wconf 79' lang='grc' dir='ltr'>διαϐολῆς</span> 
     </span>
    </p>
   </div>
   <div class='ocr_carea' id='block_1_5' title="bbox 1872 359 3453 451">
    <p class='ocr_par' dir='ltr' id='par_1_5' title="bbox 1872 359 3453 432">
     <span class='ocr_line' id='line_1_5' title="bbox 1872 359 3453 432; baseline -0.006 -10"><span class='ocrx_word' id='word_1_14' title='bbox 1872 368 2112 422; x_wconf 82' lang='lat' dir='ltr'><strong>minibus</strong></span> <span class='ocrx_word' id='word_1_15' title='bbox 2141 366 2406 421; x_wconf 82' lang='lat' dir='ltr'><strong>invictum</strong></span> <span class='ocrx_word' id='word_1_16' title='bbox 2461 363 2633 418; x_wconf 87' lang='lat' dir='ltr'><strong>robur</strong></span> <span class='ocrx_word' id='word_1_17' title='bbox 2683 360 2802 432; x_wconf 88' lang='lat' dir='ltr'><strong>ejus</strong></span> <span class='ocrx_word' id='word_1_18' title='bbox 2855 359 3156 430; x_wconf 71' lang='lat' dir='ltr'><strong>patefacit?</strong></span> <span class='ocrx_word' id='word_1_19' title='bbox 3192 368 3305 414; x_wconf 91' lang='lat' dir='ltr'><strong>tum</strong></span> <span class='ocrx_word' id='word_1_20' title='bbox 3347 362 3453 415; x_wconf 88' lang='lat' dir='ltr'><strong>etsi</strong></span> 
     </span>
    </p>
   </div>
   <div class='ocr_carea' id='block_1_6' title="bbox 146 464 1751 542">
    <p class='ocr_par' dir='ltr' id='par_1_6' title="bbox 146 464 1751 542">
     <span class='ocr_line' id='line_1_6' title="bbox 146 464 1751 542; baseline -0.006 -15"><span class='ocrx_word' id='word_1_21' title='bbox 146 475 255 527; x_wconf 72' lang='grc' dir='ltr'>καὶ</span> <span class='ocrx_word' id='word_1_22' title='bbox 282 469 548 542; x_wconf 80' lang='grc' dir='ltr'><strong>ἐπηρείας</strong></span> <span class='ocrx_word' id='word_1_23' title='bbox 570 467 821 533; x_wconf 90' lang='grc' dir='ltr'>ἐστάναι,</span> <span class='ocrx_word' id='word_1_24' title='bbox 854 466 973 530; x_wconf 91' lang='grc' dir='ltr'><strong>πῶς</strong></span> <span class='ocrx_word' id='word_1_25' title='bbox 1002 466 1103 519; x_wconf 79' lang='grc' dir='ltr'><strong>οὐκ</strong></span> <span class='ocrx_word' id='word_1_26' title='bbox 1128 464 1543 536; x_wconf 78' lang='grc' dir='ltr'>ἀνυπέρϐλητον</span> <span class='ocrx_word' id='word_1_27' title='bbox 1577 464 1751 533; x_wconf 79' lang='grc' dir='ltr'>αὐτῆς</span> 
     </span>
    </p>
   </div>
   <div class='ocr_carea' id='block_1_7' title="bbox 142 555 1753 633">
    <p class='ocr_par' dir='ltr' id='par_1_7' title="bbox 142 555 1753 633">
     <span class='ocr_line' id='line_1_7' title="bbox 142 555 1753 633; baseline -0.006 -15"><span class='ocrx_word' id='word_1_28' title='bbox 142 566 211 618; x_wconf 71' lang='grc' dir='ltr'><strong>τὸ</strong></span> <span class='ocrx_word' id='word_1_29' title='bbox 250 562 451 633; x_wconf 77' lang='grc' dir='ltr'>κράτος</span> <span class='ocrx_word' id='word_1_30' title='bbox 511 558 960 615; x_wconf 87' lang='grc' dir='ltr'>ἀνακαλύπτεται</span> <span class='ocrx_word' id='word_1_31' title='bbox 990 574 1005 625; x_wconf 90' lang='lat'><strong>;</strong></span> <span class='ocrx_word' id='word_1_32' title='bbox 1036 558 1229 611; x_wconf 77' lang='grc' dir='ltr'>Καίτοι</span> <span class='ocrx_word' id='word_1_33' title='bbox 1251 575 1314 626; x_wconf 89' lang='grc' dir='ltr'><strong>γε</strong></span> <span class='ocrx_word' id='word_1_34' title='bbox 1346 560 1395 609; x_wconf 90' lang='grc' dir='ltr'><strong>εί</strong></span> <span class='ocrx_word' id='word_1_35' title='bbox 1425 557 1521 609; x_wconf 75' lang='grc' dir='ltr'><strong>καὶ</strong></span> <span class='ocrx_word' id='word_1_36' title='bbox 1554 555 1753 609; x_wconf 83' lang='grc' dir='ltr'>τὸέπι-</span> 
     </span>
    </p>
   </div>
   <div class='ocr_carea' id='block_1_8' title="bbox 146 638 1751 727">
    <p class='ocr_par' dir='ltr' id='par_1_8' title="bbox 146 638 1751 727">
     <span class='ocr_line' id='line_1_8' title="bbox 146 638 1751 727; baseline -0.006 -18"><span class='ocrx_word' id='word_1_37' title='bbox 146 656 399 727; x_wconf 82' lang='grc' dir='ltr'>χείρημα</span> <span class='ocrx_word' id='word_1_38' title='bbox 453 652 610 707; x_wconf 77' lang='grc' dir='ltr'>τοῦτο</span> <span class='ocrx_word' id='word_1_39' title='bbox 669 638 982 719; x_wconf 71' lang='grc' dir='ltr'><strong>ἀντιλογίαν</strong></span> <span class='ocrx_word' id='word_1_40' title='bbox 1030 650 1091 704; x_wconf 79' lang='grc' dir='ltr'><strong>οὐ</strong></span> <span class='ocrx_word' id='word_1_41' title='bbox 1131 650 1260 719; x_wconf 77' lang='grc' dir='ltr'>ῥᾷον</span> <span class='ocrx_word' id='word_1_42' title='bbox 1312 643 1481 702; x_wconf 79' lang='grc' dir='ltr'>οὖσαν</span> <span class='ocrx_word' id='word_1_43' title='bbox 1534 648 1751 717; x_wconf 76' lang='grc' dir='ltr'>ἐδέχετο</span> 
     </span>
    </p>
   </div>
   <div class='ocr_carea' id='block_1_9' title="bbox 145 737 1745 810">
    <p class='ocr_par' dir='ltr' id='par_1_9' title="bbox 145 737 1745 810">
     <span class='ocr_line' id='line_1_9' title="bbox 145 737 1745 810; baseline -0.005 -10"><span class='ocrx_word' id='word_1_44' title='bbox 145 745 489 810; x_wconf 70' lang='grc' dir='ltr'><strong>διαλύεσθαι,</strong></span> <span class='ocrx_word' id='word_1_45' title='bbox 536 743 645 798; x_wconf 82' lang='grc' dir='ltr'>οὐδ’</span> <span class='ocrx_word' id='word_1_46' title='bbox 698 742 875 805; x_wconf 76' lang='grc' dir='ltr'>οὕτως</span> <span class='ocrx_word' id='word_1_47' title='bbox 899 743 928 795; x_wconf 87' lang='lat'><strong>6</strong></span> <span class='ocrx_word' id='word_1_48' title='bbox 969 739 1211 803; x_wconf 77' lang='grc' dir='ltr'><strong>ἐναντίος</strong></span> <span class='ocrx_word' id='word_1_49' title='bbox 1246 738 1406 807; x_wconf 74' lang='grc' dir='ltr'>λόγος</span> <span class='ocrx_word' id='word_1_50' title='bbox 1448 737 1745 809; x_wconf 84' lang='grc' dir='ltr'>ἐρῶννυτο.</span> 
     </span>
    </p>
   </div>
   <div class='ocr_carea' id='block_1_10' title="bbox 145 824 1748 909">
    <p class='ocr_par' dir='ltr' id='par_1_10' title="bbox 145 824 1748 909">
     <span class='ocr_line' id='line_1_10' title="bbox 145 824 1748 909; baseline -0.005 -18"><span class='ocrx_word' id='word_1_51' title='bbox 145 841 238 892; x_wconf 76' lang='grc' dir='ltr'><strong>Τὰ</strong></span> <span class='ocrx_word' id='word_1_52' title='bbox 301 839 409 909; x_wconf 83' lang='grc' dir='ltr'><strong>γὰρ</strong></span> <span class='ocrx_word' id='word_1_53' title='bbox 444 836 608 890; x_wconf 86' lang='grc' dir='ltr'>λοιπά</span> <span class='ocrx_word' id='word_1_54' title='bbox 663 835 773 889; x_wconf 91' lang='grc' dir='ltr'><strong>τῶν</strong></span> <span class='ocrx_word' id='word_1_55' title='bbox 834 824 1281 905; x_wconf 75' lang='grc' dir='ltr'>ἐπιχειρημάτων</span> <span class='ocrx_word' id='word_1_56' title='bbox 1329 833 1426 884; x_wconf 66' lang='grc' dir='ltr'><strong>ἐπὶ</strong></span> <span class='ocrx_word' id='word_1_57' title='bbox 1490 830 1748 885; x_wconf 75' lang='grc' dir='ltr'>τοσοῦτον</span> 
     </span>
    </p>
   </div>
   <div class='ocr_carea' id='block_1_11' title="bbox 145 924 1752 999">
    <p class='ocr_par' dir='ltr' id='par_1_11' title="bbox 145 924 1752 999">
     <span class='ocr_line' id='line_1_11' title="bbox 145 924 1752 999; baseline -0.004 -16"><span class='ocrx_word' id='word_1_58' title='bbox 145 929 578 999; x_wconf 79' lang='grc' dir='ltr'>ἐμφανεστάτην</span> <span class='ocrx_word' id='word_1_59' title='bbox 624 927 925 999; x_wconf 84' lang='grc' dir='ltr'>παρέχεται</span> <span class='ocrx_word' id='word_1_60' title='bbox 982 927 1082 997; x_wconf 81' lang='grc' dir='ltr'>τὴν</span> <span class='ocrx_word' id='word_1_61' title='bbox 1134 925 1420 995; x_wconf 79' lang='grc' dir='ltr'>ἀλήθειαν,</span> <span class='ocrx_word' id='word_1_62' title='bbox 1483 924 1559 988; x_wconf 82' lang='grc' dir='ltr'>ὡς</span> <span class='ocrx_word' id='word_1_63' title='bbox 1615 924 1752 994; x_wconf 88' lang='grc' dir='ltr'><strong>μηδέ</strong></span> 
     </span>
    </p>
   </div>
   <div class='ocr_carea' id='block_1_12' title="bbox 148 1016 1753 1091">
    <p class='ocr_par' dir='ltr' id='par_1_12' title="bbox 148 1016 1753 1091">
     <span class='ocr_line' id='line_1_12' title="bbox 148 1016 1753 1091; baseline -0.003 -18"><span class='ocrx_word' id='word_1_64' title='bbox 148 1023 504 1091; x_wconf 76' lang='grc' dir='ltr'>ἐπιχειρῆσαι</span> <span class='ocrx_word' id='word_1_65' title='bbox 528 1020 664 1083; x_wconf 83' lang='grc' dir='ltr'><strong>ὅλως</strong></span> <span class='ocrx_word' id='word_1_66' title='bbox 697 1020 833 1089; x_wconf 87' lang='grc' dir='ltr'>πρὸς</span> <span class='ocrx_word' id='word_1_67' title='bbox 861 1018 1035 1088; x_wconf 76' lang='grc' dir='ltr'>αὐτὴν</span> <span class='ocrx_word' id='word_1_68' title='bbox 1081 1017 1404 1087; x_wconf 67' lang='grc' dir='ltr'>ἀντιϐλέψαι</span> <span class='ocrx_word' id='word_1_69' title='bbox 1429 1016 1521 1069; x_wconf 83' lang='grc' dir='ltr'><strong>τὸν</strong></span> <span class='ocrx_word' id='word_1_70' title='bbox 1572 1017 1753 1078; x_wconf 84' lang='grc' dir='ltr'>πάσας</span> 
     </span>
    </p>
   </div>
   <div class='ocr_carea' id='block_1_13' title="bbox 149 1104 1754 1187">
    <p class='ocr_par' dir='ltr' id='par_1_13' title="bbox 149 1104 1754 1187">
     <span class='ocr_line' id='line_1_13' title="bbox 149 1104 1754 1187; baseline -0.006 -21"><span class='ocrx_word' id='word_1_71' title='bbox 149 1114 364 1184; x_wconf 86' lang='grc' dir='ltr'>τόλμας</span> <span class='ocrx_word' id='word_1_72' title='bbox 420 1112 640 1179; x_wconf 76' lang='grc' dir='ltr'>ἕτοιμον</span> <span class='ocrx_word' id='word_1_73' title='bbox 683 1109 813 1162; x_wconf 75' lang='grc' dir='ltr'>ὄντα</span> <span class='ocrx_word' id='word_1_74' title='bbox 867 1108 1098 1187; x_wconf 82' lang='grc' dir='ltr'>τολμᾷν,</span> <span class='ocrx_word' id='word_1_75' title='bbox 1131 1108 1180 1160; x_wconf 82' lang='grc' dir='ltr'><strong>εἰ</strong></span> <span class='ocrx_word' id='word_1_76' title='bbox 1214 1107 1310 1161; x_wconf 80' lang='grc' dir='ltr'>καὶ</span> <span class='ocrx_word' id='word_1_77' title='bbox 1339 1108 1438 1175; x_wconf 82' lang='grc' dir='ltr'>τὴν</span> <span class='ocrx_word' id='word_1_78' title='bbox 1487 1104 1754 1175; x_wconf 74' lang='grc' dir='ltr'>αἰσχύνην</span> 
     </span>
    </p>
   </div>
   <div class='ocr_carea' id='block_1_14' title="bbox 149 1196 1756 1274">
    <p class='ocr_par' dir='ltr' id='par_1_14' title="bbox 149 1196 1756 1274">
     <span class='ocr_line' id='line_1_14' title="bbox 149 1196 1756 1274; baseline -0.006 -15"><span class='ocrx_word' id='word_1_79' title='bbox 149 1205 242 1259; x_wconf 72' lang='grc' dir='ltr'>διὰ</span> <span class='ocrx_word' id='word_1_80' title='bbox 274 1204 467 1259; x_wconf 82' lang='grc' dir='ltr'>πασῶν</span> <span class='ocrx_word' id='word_1_81' title='bbox 494 1202 855 1274; x_wconf 76' lang='grc' dir='ltr'>ἀποφέρεται.</span> <span class='ocrx_word' id='word_1_82' title='bbox 887 1196 984 1264; x_wconf 82' lang='grc' dir='ltr'><strong>Οἷς</strong></span> <span class='ocrx_word' id='word_1_83' title='bbox 1019 1202 1117 1271; x_wconf 86' lang='grc' dir='ltr'><strong>μὲν</strong></span> <span class='ocrx_word' id='word_1_84' title='bbox 1141 1200 1251 1271; x_wconf 80' lang='grc' dir='ltr'><strong>γὰρ</strong></span> <span class='ocrx_word' id='word_1_85' title='bbox 1277 1200 1328 1252; x_wconf 88' lang='grc' dir='ltr'><strong>οί</strong></span> <span class='ocrx_word' id='word_1_86' title='bbox 1362 1197 1756 1271; x_wconf 81' lang='grc' dir='ltr'>προσενεχθέν-</span> 
     </span>
    </p>
   </div>
   <div class='ocr_carea' id='block_1_15' title="bbox 150 1289 1749 1366">
    <p class='ocr_par' dir='ltr' id='par_1_15' title="bbox 150 1289 1749 1366">
     <span class='ocr_line' id='line_1_15' title="bbox 150 1289 1749 1366; baseline -0.007 -14"><span class='ocrx_word' id='word_1_87' title='bbox 150 1315 245 1361; x_wconf 88' lang='grc' dir='ltr'><strong>τες</strong></span> <span class='ocrx_word' id='word_1_88' title='bbox 286 1296 438 1364; x_wconf 91' lang='grc' dir='ltr'>λόγοι</span> <span class='ocrx_word' id='word_1_89' title='bbox 465 1295 527 1348; x_wconf 80' lang='grc' dir='ltr'>τὸ</span> <span class='ocrx_word' id='word_1_90' title='bbox 561 1289 725 1366; x_wconf 84' lang='grc' dir='ltr'>ἦττον</span> <span class='ocrx_word' id='word_1_91' title='bbox 757 1292 1078 1363; x_wconf 73' lang='grc' dir='ltr'>ἠνέγκαντο,</span> <span class='ocrx_word' id='word_1_92' title='bbox 1106 1292 1207 1363; x_wconf 77' lang='grc' dir='ltr'>τὴν</span> <span class='ocrx_word' id='word_1_93' title='bbox 1245 1291 1404 1360; x_wconf 80' lang='grc' dir='ltr'>νίκην</span> <span class='ocrx_word' id='word_1_94' title='bbox 1444 1291 1749 1361; x_wconf 83' lang='grc' dir='ltr'>κυρήττου-</span> 
     </span>
    </p>
   </div>
   <div class='ocr_carea' id='block_1_16' title="bbox 154 1382 1753 1460">
    <p class='ocr_par' dir='ltr' id='par_1_16' title="bbox 154 1382 1753 1460">
     <span class='ocr_line' id='line_1_16' title="bbox 154 1382 1753 1460; baseline -0.006 -16"><span class='ocrx_word' id='word_1_95' title='bbox 154 1408 245 1444; x_wconf 91' lang='grc' dir='ltr'><strong>σιν</strong></span> <span class='ocrx_word' id='word_1_96' title='bbox 309 1390 544 1460; x_wconf 79' lang='grc' dir='ltr'>ἄμαχον,</span> <span class='ocrx_word' id='word_1_97' title='bbox 605 1383 688 1450; x_wconf 80' lang='grc' dir='ltr'>οἷς</span> <span class='ocrx_word' id='word_1_98' title='bbox 723 1385 779 1438; x_wconf 86' lang='grc' dir='ltr'><strong>δέ</strong></span> <span class='ocrx_word' id='word_1_99' title='bbox 828 1385 924 1439; x_wconf 75' lang='grc' dir='ltr'><strong>καὶ</strong></span> <span class='ocrx_word' id='word_1_100' title='bbox 985 1384 1166 1438; x_wconf 80' lang='grc' dir='ltr'>αὐτῶν</span> <span class='ocrx_word' id='word_1_101' title='bbox 1210 1382 1289 1454; x_wconf 83' lang='grc' dir='ltr'><strong>τῷ</strong></span> <span class='ocrx_word' id='word_1_102' title='bbox 1355 1382 1753 1453; x_wconf 81' lang='grc' dir='ltr'>συμπλακῆναι</span> 
     </span>
    </p>
   </div>
   <div class='ocr_carea' id='block_1_17' title="bbox 151 1475 1755 1554">
    <p class='ocr_par' dir='ltr' id='par_1_17' title="bbox 151 1475 1755 1554">
     <span class='ocr_line' id='line_1_17' title="bbox 151 1475 1755 1554; baseline -0.006 -17"><span class='ocrx_word' id='word_1_103' title='bbox 151 1483 454 1554; x_wconf 85' lang='grc' dir='ltr'>τεθήπασι,</span> <span class='ocrx_word' id='word_1_104' title='bbox 478 1481 539 1534; x_wconf 71' lang='grc' dir='ltr'>τὸ</span> <span class='ocrx_word' id='word_1_105' title='bbox 570 1480 768 1551; x_wconf 76' lang='grc' dir='ltr'>κράτος</span> <span class='ocrx_word' id='word_1_106' title='bbox 807 1479 919 1531; x_wconf 91' lang='grc' dir='ltr'><strong>τῶν</strong></span> <span class='ocrx_word' id='word_1_107' title='bbox 976 1476 1397 1549; x_wconf 86' lang='grc' dir='ltr'>ἀριστευμάτων</span> <span class='ocrx_word' id='word_1_108' title='bbox 1435 1475 1544 1530; x_wconf 78' lang='grc' dir='ltr'>οὐδ’</span> <span class='ocrx_word' id='word_1_109' title='bbox 1581 1475 1755 1545; x_wconf 82' lang='grc' dir='ltr'>ἀμφί-</span> 
     </span>
    </p>
   </div>
   <div class='ocr_carea' id='block_1_18' title="bbox 155 1571 771 1644">
    <p class='ocr_par' dir='ltr' id='par_1_18' title="bbox 155 1571 771 1644">
     <span class='ocr_line' id='line_1_18' title="bbox 155 1571 771 1644; baseline -0.003 -17"><span class='ocrx_word' id='word_1_110' title='bbox 155 1574 319 1627; x_wconf 76' lang='grc' dir='ltr'>ϐολον</span> <span class='ocrx_word' id='word_1_111' title='bbox 354 1571 771 1644; x_wconf 79' lang='grc' dir='ltr'>ἐμαρτύρησαν.</span> 
     </span>
    </p>
   </div>
   <div class='ocr_carea' id='block_1_19' title="bbox 231 1655 1754 1736">
    <p class='ocr_par' dir='ltr' id='par_1_19' title="bbox 231 1655 1754 1736">
     <span class='ocr_line' id='line_1_19' title="bbox 231 1655 1754 1736; baseline -0.005 -15"><span class='ocrx_word' id='word_1_112' title='bbox 231 1666 446 1729; x_wconf 64' lang='lat' dir='ltr'><strong>&quot;auo;</strong></span> <span class='ocrx_word' id='word_1_113' title='bbox 479 1682 539 1718; x_wconf 86' lang='grc' dir='ltr'><strong>τε</strong></span> <span class='ocrx_word' id='word_1_114' title='bbox 563 1665 640 1727; x_wconf 76' lang='grc' dir='ltr'><strong>δὲ,</strong></span> <span class='ocrx_word' id='word_1_115' title='bbox 678 1661 728 1718; x_wconf 71' lang='grc' dir='ltr'><strong>ει</strong></span> <span class='ocrx_word' id='word_1_116' title='bbox 760 1664 984 1736; x_wconf 78' lang='grc' dir='ltr'>ἀριστος</span> <span class='ocrx_word' id='word_1_117' title='bbox 1034 1663 1134 1735; x_wconf 84' lang='grc' dir='ltr'>μὲν</span> <span class='ocrx_word' id='word_1_118' title='bbox 1173 1663 1332 1732; x_wconf 81' lang='grc' dir='ltr'><strong>λόγος</strong></span> <span class='ocrx_word' id='word_1_119' title='bbox 1373 1655 1437 1717; x_wconf 71' lang='grc' dir='ltr'>οὗ</span> <span class='ocrx_word' id='word_1_120' title='bbox 1478 1662 1578 1733; x_wconf 86' lang='grc' dir='ltr'>τῆς</span> <span class='ocrx_word' id='word_1_121' title='bbox 1616 1662 1754 1733; x_wconf 83' lang='grc' dir='ltr'>ἀλη-</span> 
     </span>
    </p>
   </div>
   <div class='ocr_carea' id='block_1_20' title="bbox 157 1736 1836 1827">
    <p class='ocr_par' dir='ltr' id='par_1_20' title="bbox 157 1736 1836 1827">
     <span class='ocr_line' id='line_1_20' title="bbox 157 1736 1836 1827; baseline -0.001 -18"><span class='ocrx_word' id='word_1_122' title='bbox 157 1757 315 1820; x_wconf 81' lang='grc' dir='ltr'>θείας</span> <span class='ocrx_word' id='word_1_123' title='bbox 362 1757 455 1809; x_wconf 75' lang='grc' dir='ltr'>ἐπὶ</span> <span class='ocrx_word' id='word_1_124' title='bbox 484 1755 739 1809; x_wconf 84' lang='grc' dir='ltr'>τοσοῦτον</span> <span class='ocrx_word' id='word_1_125' title='bbox 785 1756 819 1826; x_wconf 87' lang='grc' dir='ltr'><strong>ή</strong></span> <span class='ocrx_word' id='word_1_126' title='bbox 870 1756 1017 1827; x_wconf 84' lang='grc' dir='ltr'>αὐγὴ</span> <span class='ocrx_word' id='word_1_127' title='bbox 1054 1756 1462 1827; x_wconf 86' lang='grc' dir='ltr'>ἀπαστράπτει,</span> <span class='ocrx_word' id='word_1_128' title='bbox 1508 1756 1586 1819; x_wconf 82' lang='grc' dir='ltr'><strong>ὡς</strong></span> <span class='ocrx_word' id='word_1_129' title='bbox 1636 1755 1759 1826; x_wconf 75' lang='grc' dir='ltr'>μηδ’</span> <span class='ocrx_word' id='word_1_130' title='bbox 1787 1736 1836 1796; x_wconf 79' lang='grc' dir='ltr'><strong>Β</strong></span> 
     </span>
    </p>
   </div>
   <div class='ocr_carea' id='block_1_21' title="bbox 156 1846 1760 1920">
    <p class='ocr_par' dir='ltr' id='par_1_21' title="bbox 156 1846 1760 1920">
     <span class='ocr_line' id='line_1_21' title="bbox 156 1846 1760 1920; baseline -0.001 -19"><span class='ocrx_word' id='word_1_131' title='bbox 156 1847 488 1917; x_wconf 67' lang='grc' dir='ltr'>ἀντιϐλέψαι</span> <span class='ocrx_word' id='word_1_132' title='bbox 537 1846 672 1919; x_wconf 78' lang='grc' dir='ltr'>πρὸς</span> <span class='ocrx_word' id='word_1_133' title='bbox 706 1846 871 1900; x_wconf 79' lang='grc' dir='ltr'>αὐτὸν</span> <span class='ocrx_word' id='word_1_134' title='bbox 919 1847 1019 1918; x_wconf 82' lang='grc' dir='ltr'><strong>τὴν</strong></span> <span class='ocrx_word' id='word_1_135' title='bbox 1068 1846 1219 1919; x_wconf 79' lang='grc' dir='ltr'>ἐριν·</span> <span class='ocrx_word' id='word_1_136' title='bbox 1280 1848 1416 1918; x_wconf 84' lang='grc' dir='ltr'>μηδὲ</span> <span class='ocrx_word' id='word_1_137' title='bbox 1449 1848 1551 1919; x_wconf 79' lang='grc' dir='ltr'><strong>τὴν</strong></span> <span class='ocrx_word' id='word_1_138' title='bbox 1586 1848 1760 1920; x_wconf 71' lang='grc' dir='ltr'>ἀρχὴν</span> 
     </span>
    </p>
   </div>
   <div class='ocr_carea' id='block_1_22' title="bbox 159 1939 1761 2011">
    <p class='ocr_par' dir='ltr' id='par_1_22' title="bbox 159 1939 1761 2011">
     <span class='ocr_line' id='line_1_22' title="bbox 159 1939 1761 2011; baseline -0.001 -18"><span class='ocrx_word' id='word_1_139' title='bbox 159 1940 504 2010; x_wconf 75' lang='grc' dir='ltr'>προσϐαλεῖν</span> <span class='ocrx_word' id='word_1_140' title='bbox 542 1940 885 2003; x_wconf 75' lang='grc' dir='ltr'>ἐπισκιάζειν</span> <span class='ocrx_word' id='word_1_141' title='bbox 913 1940 1086 2011; x_wconf 81' lang='grc' dir='ltr'>αὐτῆς</span> <span class='ocrx_word' id='word_1_142' title='bbox 1118 1942 1236 2001; x_wconf 84' lang='grc' dir='ltr'>ταῖς</span> <span class='ocrx_word' id='word_1_143' title='bbox 1268 1939 1625 2008; x_wconf 74' lang='grc' dir='ltr'>φιλονεικίαις</span> <span class='ocrx_word' id='word_1_144' title='bbox 1663 1939 1761 2010; x_wconf 81' lang='grc' dir='ltr'><strong>τὴν</strong></span> 
     </span>
    </p>
   </div>
   <div class='ocr_carea' id='block_1_23' title="bbox 158 2032 1762 2105">
    <p class='ocr_par' dir='ltr' id='par_1_23' title="bbox 158 2032 1762 2105">
     <span class='ocr_line' id='line_1_23' title="bbox 158 2032 1762 2105; baseline -0.001 -18"><span class='ocrx_word' id='word_1_145' title='bbox 158 2035 550 2105; x_wconf 82' lang='grc' dir='ltr'>λαμπρότητα.</span> <span class='ocrx_word' id='word_1_146' title='bbox 604 2033 912 2105; x_wconf 76' lang='grc' dir='ltr'>Κράτιστος</span> <span class='ocrx_word' id='word_1_147' title='bbox 947 2032 1004 2087; x_wconf 91' lang='grc' dir='ltr'><strong>δέ</strong></span> <span class='ocrx_word' id='word_1_148' title='bbox 1036 2033 1198 2087; x_wconf 87' lang='grc' dir='ltr'>πάλιν</span> <span class='ocrx_word' id='word_1_149' title='bbox 1228 2033 1421 2103; x_wconf 89' lang='grc' dir='ltr'>λόγων,</span> <span class='ocrx_word' id='word_1_150' title='bbox 1454 2033 1513 2097; x_wconf 84' lang='grc' dir='ltr'><strong>δς</strong></span> <span class='ocrx_word' id='word_1_151' title='bbox 1543 2032 1762 2095; x_wconf 76' lang='grc' dir='ltr'>ἁπάσας</span> 
     </span>
    </p>
   </div>
   <div class='ocr_carea' id='block_1_24' title="bbox 160 2123 1763 2196">
    <p class='ocr_par' dir='ltr' id='par_1_24' title="bbox 160 2123 1763 2196">
     <span class='ocr_line' id='line_1_24' title="bbox 160 2123 1763 2196; baseline -0.002 -16"><span class='ocrx_word' id='word_1_152' title='bbox 160 2127 262 2191; x_wconf 86' lang='grc' dir='ltr'><strong>τάς</strong></span> <span class='ocrx_word' id='word_1_153' title='bbox 291 2126 403 2179; x_wconf 86' lang='grc' dir='ltr'><strong>τῶν</strong></span> <span class='ocrx_word' id='word_1_154' title='bbox 433 2126 748 2180; x_wconf 73' lang='grc' dir='ltr'>ἀντιπάλων</span> <span class='ocrx_word' id='word_1_155' title='bbox 807 2124 982 2189; x_wconf 79' lang='grc' dir='ltr'>λαϐὰς</span> <span class='ocrx_word' id='word_1_156' title='bbox 1024 2126 1080 2178; x_wconf 83' lang='grc' dir='ltr'>αἳ</span> <span class='ocrx_word' id='word_1_157' title='bbox 1128 2124 1340 2189; x_wconf 78' lang='grc' dir='ltr'>τούτοις</span> <span class='ocrx_word' id='word_1_158' title='bbox 1386 2123 1763 2196; x_wconf 82' lang='grc' dir='ltr'>ἐπενοήθησαν</span> 
     </span>
    </p>
   </div>
   <div class='ocr_carea' id='block_1_25' title="bbox 159 2217 1762 2289">
    <p class='ocr_par' dir='ltr' id='par_1_25' title="bbox 159 2217 1762 2289">
     <span class='ocr_line' id='line_1_25' title="bbox 159 2217 1762 2289; baseline -0.002 -15"><span class='ocrx_word' id='word_1_159' title='bbox 159 2218 444 2289; x_wconf 76' lang='grc' dir='ltr'>διαφυγὼν</span> <span class='ocrx_word' id='word_1_160' title='bbox 491 2219 585 2274; x_wconf 69' lang='grc' dir='ltr'><strong>καὶ</strong></span> <span class='ocrx_word' id='word_1_161' title='bbox 625 2219 764 2273; x_wconf 85' lang='grc' dir='ltr'>κατὰ</span> <span class='ocrx_word' id='word_1_162' title='bbox 815 2218 1026 2282; x_wconf 83' lang='grc' dir='ltr'>πάντας</span> <span class='ocrx_word' id='word_1_163' title='bbox 1060 2219 1277 2287; x_wconf 91' lang='grc' dir='ltr'>ἀγῶνας</span> <span class='ocrx_word' id='word_1_164' title='bbox 1304 2217 1404 2289; x_wconf 81' lang='grc' dir='ltr'><strong>τὴν</strong></span> <span class='ocrx_word' id='word_1_165' title='bbox 1434 2218 1593 2289; x_wconf 90' lang='grc' dir='ltr'>νίκην</span> <span class='ocrx_word' id='word_1_166' title='bbox 1629 2219 1762 2272; x_wconf 88' lang='grc' dir='ltr'>ἀνα-</span> 
     </span>
    </p>
   </div>
   <div class='ocr_carea' id='block_1_26' title="bbox 163 2310 1763 2383">
    <p class='ocr_par' dir='ltr' id='par_1_26' title="bbox 163 2310 1763 2383">
     <span class='ocr_line' id='line_1_26' title="bbox 163 2310 1763 2383; baseline -0.002 -18"><span class='ocrx_word' id='word_1_167' title='bbox 163 2311 476 2383; x_wconf 75' lang='grc' dir='ltr'>δησάμενος</span> <span class='ocrx_word' id='word_1_168' title='bbox 510 2314 589 2375; x_wconf 80' lang='grc' dir='ltr'><strong>είς</strong></span> <span class='ocrx_word' id='word_1_169' title='bbox 632 2312 787 2371; x_wconf 79' lang='grc' dir='ltr'>τέλος</span> <span class='ocrx_word' id='word_1_170' title='bbox 832 2311 1291 2381; x_wconf 64' lang='grc' dir='ltr'>καταϐληθέντων</span> <span class='ocrx_word' id='word_1_171' title='bbox 1327 2310 1437 2364; x_wconf 90' lang='grc' dir='ltr'><strong>τῶν</strong></span> <span class='ocrx_word' id='word_1_172' title='bbox 1462 2311 1763 2377; x_wconf 88' lang='grc' dir='ltr'>ἀνταγωνι-</span> 
     </span>
    </p>
   </div>
   <div class='ocr_carea' id='block_1_27' title="bbox 166 2396 1765 2474">
    <p class='ocr_par' dir='ltr' id='par_1_27' title="bbox 166 2396 1765 2474">
     <span class='ocr_line' id='line_1_27' title="bbox 166 2396 1765 2474; baseline 0.001 -19"><span class='ocrx_word' id='word_1_173' title='bbox 166 2404 312 2455; x_wconf 75' lang='grc' dir='ltr'>στῶν</span> <span class='ocrx_word' id='word_1_174' title='bbox 336 2422 349 2435; x_wconf 90' lang='grc'>·</span> <span class='ocrx_word' id='word_1_175' title='bbox 387 2405 415 2457; x_wconf 97' lang='lat'><strong>6</strong></span> <span class='ocrx_word' id='word_1_176' title='bbox 448 2396 615 2474; x_wconf 73' lang='grc' dir='ltr'>ἄμφω</span> <span class='ocrx_word' id='word_1_177' title='bbox 648 2402 928 2458; x_wconf 73' lang='grc' dir='ltr'>συλλαίὼν</span> <span class='ocrx_word' id='word_1_178' title='bbox 964 2406 1023 2457; x_wconf 90' lang='grc' dir='ltr'><strong>ἐν</strong></span> <span class='ocrx_word' id='word_1_179' title='bbox 1048 2402 1247 2473; x_wconf 80' lang='grc' dir='ltr'>ἐαυτῷ,</span> <span class='ocrx_word' id='word_1_180' title='bbox 1278 2401 1373 2456; x_wconf 78' lang='grc' dir='ltr'>τοῦ</span> <span class='ocrx_word' id='word_1_181' title='bbox 1412 2402 1509 2473; x_wconf 81' lang='grc' dir='ltr'><strong>μὲν</strong></span> <span class='ocrx_word' id='word_1_182' title='bbox 1534 2402 1595 2455; x_wconf 71' lang='grc' dir='ltr'>τὸ</span> <span class='ocrx_word' id='word_1_183' title='bbox 1620 2401 1765 2471; x_wconf 85' lang='grc' dir='ltr'>ἄμα-</span> 
     </span>
    </p>
   </div>
   <div class='ocr_carea' id='block_1_28' title="bbox 167 2492 1763 2569">
    <p class='ocr_par' dir='ltr' id='par_1_28' title="bbox 167 2492 1763 2569">
     <span class='ocr_line' id='line_1_28' title="bbox 167 2492 1763 2569; baseline -0.004 -20"><span class='ocrx_word' id='word_1_184' title='bbox 167 2505 261 2569; x_wconf 81' lang='grc' dir='ltr'><strong>χον</strong></span> <span class='ocrx_word' id='word_1_185' title='bbox 284 2496 508 2565; x_wconf 85' lang='grc' dir='ltr'>κράτος,</span> <span class='ocrx_word' id='word_1_186' title='bbox 535 2494 629 2549; x_wconf 78' lang='grc' dir='ltr'>τοῦ</span> <span class='ocrx_word' id='word_1_187' title='bbox 660 2495 717 2549; x_wconf 82' lang='grc' dir='ltr'><strong>δὲ</strong></span> <span class='ocrx_word' id='word_1_188' title='bbox 743 2495 803 2548; x_wconf 80' lang='grc' dir='ltr'><strong>τὸ</strong></span> <span class='ocrx_word' id='word_1_189' title='bbox 832 2495 1196 2565; x_wconf 85' lang='grc' dir='ltr'>ἀναφαίρετον</span> <span class='ocrx_word' id='word_1_190' title='bbox 1225 2496 1521 2566; x_wconf 82' lang='grc' dir='ltr'>ἀριστεῖον,</span> <span class='ocrx_word' id='word_1_191' title='bbox 1549 2494 1643 2546; x_wconf 76' lang='grc' dir='ltr'><strong>καὶ</strong></span> <span class='ocrx_word' id='word_1_192' title='bbox 1665 2492 1763 2564; x_wconf 80' lang='grc' dir='ltr'>τὴν</span> 
     </span>
    </p>
   </div>
   <div class='ocr_carea' id='block_1_29' title="bbox 166 2584 1762 2663">
    <p class='ocr_par' dir='ltr' id='par_1_29' title="bbox 166 2584 1762 2663">
     <span class='ocr_line' id='line_1_29' title="bbox 166 2584 1762 2663; baseline -0.003 -22"><span class='ocrx_word' id='word_1_193' title='bbox 166 2590 518 2663; x_wconf 77' lang='grc' dir='ltr'>ἐξῃρημένην</span> <span class='ocrx_word' id='word_1_194' title='bbox 576 2589 673 2643; x_wconf 81' lang='grc' dir='ltr'>καὶ</span> <span class='ocrx_word' id='word_1_195' title='bbox 726 2588 1181 2659; x_wconf 82' lang='grc' dir='ltr'>ἀπαραμίλλητον</span> <span class='ocrx_word' id='word_1_196' title='bbox 1235 2587 1439 2659; x_wconf 81' lang='grc' dir='ltr'>ἀρετὴν</span> <span class='ocrx_word' id='word_1_197' title='bbox 1498 2584 1762 2657; x_wconf 81' lang='grc' dir='ltr'>ἐκατέρου</span> 
     </span>
    </p>
   </div>
   <div class='ocr_carea' id='block_1_30' title="bbox 169 2677 1765 2751">
    <p class='ocr_par' dir='ltr' id='par_1_30' title="bbox 169 2677 1765 2751">
     <span class='ocr_line' id='line_1_30' title="bbox 169 2677 1765 2751; baseline -0.002 -19"><span class='ocrx_word' id='word_1_198' title='bbox 169 2682 331 2750; x_wconf 76' lang='grc' dir='ltr'>μόνος</span> <span class='ocrx_word' id='word_1_199' title='bbox 389 2680 528 2750; x_wconf 74' lang='grc' dir='ltr'>ἔχων</span> <span class='ocrx_word' id='word_1_200' title='bbox 574 2679 1087 2751; x_wconf 76' lang='grc' dir='ltr'>ἐλλαμπρύνεσθαιο</span> <span class='ocrx_word' id='word_1_201' title='bbox 1129 2679 1248 2743; x_wconf 89' lang='grc' dir='ltr'><strong>πῶς</strong></span> <span class='ocrx_word' id='word_1_202' title='bbox 1294 2678 1394 2733; x_wconf 85' lang='grc' dir='ltr'><strong>οὐκ</strong></span> <span class='ocrx_word' id='word_1_203' title='bbox 1439 2677 1505 2731; x_wconf 81' lang='grc' dir='ltr'>ἂν</span> <span class='ocrx_word' id='word_1_204' title='bbox 1538 2677 1568 2730; x_wconf 86' lang='lat'><strong>6</strong></span> <span class='ocrx_word' id='word_1_205' title='bbox 1608 2677 1765 2745; x_wconf 72' lang='grc' dir='ltr'>λόγος</span> 
     </span>
    </p>
   </div>
   <div class='ocr_carea' id='block_1_31' title="bbox 168 2765 1764 2843">
    <p class='ocr_par' dir='ltr' id='par_1_31' title="bbox 168 2765 1764 2843">
     <span class='ocr_line' id='line_1_31' title="bbox 168 2765 1764 2843; baseline -0.003 -17"><span class='ocrx_word' id='word_1_206' title='bbox 168 2765 349 2837; x_wconf 77' lang='grc' dir='ltr'>οὗτος,</span> <span class='ocrx_word' id='word_1_207' title='bbox 383 2766 493 2836; x_wconf 73' lang='grc' dir='ltr'>οἷος</span> <span class='ocrx_word' id='word_1_208' title='bbox 520 2773 547 2824; x_wconf 90' lang='lat'><strong>6</strong></span> <span class='ocrx_word' id='word_1_209' title='bbox 574 2771 765 2843; x_wconf 87' lang='grc' dir='ltr'>παρὼν</span> <span class='ocrx_word' id='word_1_210' title='bbox 790 2772 1131 2841; x_wconf 81' lang='grc' dir='ltr'>τελεωτάτην</span> <span class='ocrx_word' id='word_1_211' title='bbox 1155 2789 1213 2825; x_wconf 90' lang='grc' dir='ltr'><strong>τε</strong></span> <span class='ocrx_word' id='word_1_212' title='bbox 1243 2773 1335 2825; x_wconf 73' lang='grc' dir='ltr'>καὶ</span> <span class='ocrx_word' id='word_1_213' title='bbox 1358 2769 1764 2842; x_wconf 75' lang='grc' dir='ltr'>ἀνυπέρϐλητον</span> 
     </span>
    </p>
   </div>
   <div class='ocr_carea' id='block_1_32' title="bbox 166 2862 1767 2938">
    <p class='ocr_par' dir='ltr' id='par_1_32' title="bbox 166 2862 1767 2938">
     <span class='ocr_line' id='line_1_32' title="bbox 166 2862 1767 2938; baseline -0.004 -17"><span class='ocrx_word' id='word_1_214' title='bbox 166 2867 266 2938; x_wconf 76' lang='grc' dir='ltr'>τὴν</span> <span class='ocrx_word' id='word_1_215' title='bbox 301 2867 403 2938; x_wconf 80' lang='grc' dir='ltr'>τῆς</span> <span class='ocrx_word' id='word_1_216' title='bbox 433 2864 691 2936; x_wconf 82' lang='grc' dir='ltr'>ἀληθείας</span> <span class='ocrx_word' id='word_1_217' title='bbox 727 2866 881 2937; x_wconf 77' lang='grc' dir='ltr'>ἰσχὺν</span> <span class='ocrx_word' id='word_1_218' title='bbox 914 2865 1315 2930; x_wconf 87' lang='grc' dir='ltr'>ἐπιδείκνυσιν;</span> <span class='ocrx_word' id='word_1_219' title='bbox 1363 2862 1527 2917; x_wconf 81' lang='grc' dir='ltr'>Ἀλλά</span> <span class='ocrx_word' id='word_1_220' title='bbox 1547 2863 1653 2935; x_wconf 90' lang='grc' dir='ltr'><strong>γάρ</strong></span> <span class='ocrx_word' id='word_1_221' title='bbox 1678 2862 1767 2915; x_wconf 84' lang='grc' dir='ltr'><strong>διά</strong></span> 
     </span>
    </p>
   </div>
   <div class='ocr_carea' id='block_1_33' title="bbox 168 2945 1765 3027">
    <p class='ocr_par' dir='ltr' id='par_1_33' title="bbox 168 2945 1765 3027">
     <span class='ocr_line' id='line_1_33' title="bbox 168 2945 1765 3027; baseline -0.002 -16"><span class='ocrx_word' id='word_1_222' title='bbox 168 2957 328 3011; x_wconf 78' lang='grc' dir='ltr'>τοῦτο</span> <span class='ocrx_word' id='word_1_223' title='bbox 352 2955 529 3011; x_wconf 81' lang='grc' dir='ltr'>ταῦτά</span> <span class='ocrx_word' id='word_1_224' title='bbox 555 2974 615 3009; x_wconf 91' lang='grc' dir='ltr'><strong>τε</strong></span> <span class='ocrx_word' id='word_1_225' title='bbox 640 2957 734 3011; x_wconf 81' lang='grc' dir='ltr'>καὶ</span> <span class='ocrx_word' id='word_1_226' title='bbox 763 2956 861 3021; x_wconf 81' lang='grc' dir='ltr'><strong>τὰς</strong></span> <span class='ocrx_word' id='word_1_227' title='bbox 895 2956 1206 3025; x_wconf 86' lang='grc' dir='ltr'>ἀντιλογίας</span> <span class='ocrx_word' id='word_1_228' title='bbox 1234 2956 1574 3027; x_wconf 81' lang='grc' dir='ltr'>προήνεγκεν</span> <span class='ocrx_word' id='word_1_229' title='bbox 1605 2955 1638 3026; x_wconf 85' lang='grc' dir='ltr'><strong>ή</strong></span> <span class='ocrx_word' id='word_1_230' title='bbox 1665 2945 1765 3027; x_wconf 76' lang='grc' dir='ltr'>τῆς</span> 
     </span>
    </p>
   </div>
   <div class='ocr_carea' id='block_1_34' title="bbox 170 3046 1765 3119">
    <p class='ocr_par' dir='ltr' id='par_1_34' title="bbox 170 3046 1765 3119">
     <span class='ocr_line' id='line_1_34' title="bbox 170 3046 1765 3119; baseline -0.001 -18"><span class='ocrx_word' id='word_1_231' title='bbox 170 3047 482 3119; x_wconf 74' lang='grc' dir='ltr'>ὑποθέσεως</span> <span class='ocrx_word' id='word_1_232' title='bbox 504 3046 721 3119; x_wconf 80' lang='grc' dir='ltr'>ἔρευνα,</span> <span class='ocrx_word' id='word_1_233' title='bbox 749 3047 835 3101; x_wconf 82' lang='grc' dir='ltr'>ἵνα</span> <span class='ocrx_word' id='word_1_234' title='bbox 864 3047 1051 3118; x_wconf 81' lang='grc' dir='ltr'>σαφῶς</span> <span class='ocrx_word' id='word_1_235' title='bbox 1077 3047 1313 3119; x_wconf 84' lang='grc' dir='ltr'>ἐπιγνῷς</span> <span class='ocrx_word' id='word_1_236' title='bbox 1339 3047 1413 3109; x_wconf 83' lang='grc' dir='ltr'>ὡς</span> <span class='ocrx_word' id='word_1_237' title='bbox 1442 3047 1491 3099; x_wconf 87' lang='grc' dir='ltr'><strong>εί</strong></span> <span class='ocrx_word' id='word_1_238' title='bbox 1521 3046 1617 3101; x_wconf 82' lang='grc' dir='ltr'>καὶ</span> <span class='ocrx_word' id='word_1_239' title='bbox 1640 3064 1765 3100; x_wconf 89' lang='grc' dir='ltr'>συν-</span> 
     </span>
    </p>
   </div>
   <div class='ocr_carea' id='block_1_35' title="bbox 171 3137 1764 3211">
    <p class='ocr_par' dir='ltr' id='par_1_35' title="bbox 171 3137 1764 3211">
     <span class='ocr_line' id='line_1_35' title="bbox 171 3137 1764 3211; baseline 0.001 -20"><span class='ocrx_word' id='word_1_240' title='bbox 171 3140 380 3207; x_wconf 85' lang='grc' dir='ltr'>τόμως,</span> <span class='ocrx_word' id='word_1_241' title='bbox 415 3137 553 3210; x_wconf 79' lang='grc' dir='ltr'>πλὴν</span> <span class='ocrx_word' id='word_1_242' title='bbox 583 3137 643 3191; x_wconf 77' lang='grc' dir='ltr'><strong>οὐ</strong></span> <span class='ocrx_word' id='word_1_243' title='bbox 677 3138 975 3211; x_wconf 80' lang='grc' dir='ltr'>παρέργως</span> <span class='ocrx_word' id='word_1_244' title='bbox 1008 3140 1107 3210; x_wconf 82' lang='grc' dir='ltr'>τὴν</span> <span class='ocrx_word' id='word_1_245' title='bbox 1147 3140 1256 3194; x_wconf 92' lang='grc' dir='ltr'><strong>τῶν</strong></span> <span class='ocrx_word' id='word_1_246' title='bbox 1282 3140 1628 3211; x_wconf 85' lang='grc' dir='ltr'>πραγμάτων</span> <span class='ocrx_word' id='word_1_247' title='bbox 1660 3137 1764 3209; x_wconf 75' lang='grc' dir='ltr'><strong>φύ-</strong></span> 
     </span>
    </p>
   </div>
   <div class='ocr_carea' id='block_1_36' title="bbox 173 3230 1357 3305">
    <p class='ocr_par' dir='ltr' id='par_1_36' title="bbox 173 3230 1357 3305">
     <span class='ocr_line' id='line_1_36' title="bbox 173 3230 1357 3305; baseline 0.001 -21"><span class='ocrx_word' id='word_1_248' title='bbox 173 3249 255 3284; x_wconf 89' lang='grc' dir='ltr'><strong>σιν</strong></span> <span class='ocrx_word' id='word_1_249' title='bbox 286 3233 370 3295; x_wconf 86' lang='grc' dir='ltr'>εἱς</span> <span class='ocrx_word' id='word_1_250' title='bbox 404 3230 519 3299; x_wconf 75' lang='grc' dir='ltr'><strong>φῶς</strong></span> <span class='ocrx_word' id='word_1_251' title='bbox 553 3230 971 3305; x_wconf 75' lang='grc' dir='ltr'>προϐαλλομένη</span> <span class='ocrx_word' id='word_1_252' title='bbox 995 3232 1357 3303; x_wconf 80' lang='grc' dir='ltr'>προήνεγκεν.</span> 
     </span>
    </p>
   </div>
   <div class='ocr_carea' id='block_1_37' title="bbox 269 3318 1765 3396">
    <p class='ocr_par' dir='ltr' id='par_1_37' title="bbox 269 3318 1765 3396">
     <span class='ocr_line' id='line_1_37' title="bbox 269 3318 1765 3396; baseline 0.003 -19"><span class='ocrx_word' id='word_1_253' title='bbox 269 3324 310 3377; x_wconf 90' lang='grc' dir='ltr'>Ο</span> <span class='ocrx_word' id='word_1_254' title='bbox 358 3323 457 3393; x_wconf 82' lang='grc' dir='ltr'><strong>μὲν</strong></span> <span class='ocrx_word' id='word_1_255' title='bbox 506 3318 600 3377; x_wconf 81' lang='grc' dir='ltr'><strong>οὖν</strong></span> <span class='ocrx_word' id='word_1_256' title='bbox 634 3322 828 3396; x_wconf 86' lang='grc' dir='ltr'>παρὼν</span> <span class='ocrx_word' id='word_1_257' title='bbox 862 3324 1018 3392; x_wconf 84' lang='grc' dir='ltr'>λόγος</span> <span class='ocrx_word' id='word_1_258' title='bbox 1066 3326 1127 3378; x_wconf 80' lang='grc' dir='ltr'>οὐ</span> <span class='ocrx_word' id='word_1_259' title='bbox 1173 3326 1314 3379; x_wconf 74' lang='grc' dir='ltr'>κατὰ</span> <span class='ocrx_word' id='word_1_260' title='bbox 1358 3325 1492 3379; x_wconf 81' lang='grc' dir='ltr'>πολὺ</span> <span class='ocrx_word' id='word_1_261' title='bbox 1542 3325 1765 3381; x_wconf 74' lang='grc' dir='ltr'>ἔλαττον</span> 
     </span>
    </p>
   </div>
   <div class='ocr_carea' id='block_1_38' title="bbox 174 3414 1765 3490">
    <p class='ocr_par' dir='ltr' id='par_1_38' title="bbox 174 3414 1765 3490">
     <span class='ocr_line' id='line_1_38' title="bbox 174 3414 1765 3490; baseline 0.004 -24"><span class='ocrx_word' id='word_1_262' title='bbox 174 3414 272 3485; x_wconf 80' lang='grc' dir='ltr'>τῆς</span> <span class='ocrx_word' id='word_1_263' title='bbox 308 3416 726 3487; x_wconf 80' lang='grc' dir='ltr'>συγγυμνασίας</span> <span class='ocrx_word' id='word_1_264' title='bbox 760 3416 1178 3488; x_wconf 74' lang='grc' dir='ltr'>στοχαζόμενος,</span> <span class='ocrx_word' id='word_1_265' title='bbox 1210 3418 1244 3489; x_wconf 84' lang='grc' dir='ltr'>ἢ</span> <span class='ocrx_word' id='word_1_266' title='bbox 1273 3417 1373 3487; x_wconf 75' lang='grc' dir='ltr'>τῆς</span> <span class='ocrx_word' id='word_1_267' title='bbox 1407 3418 1464 3470; x_wconf 89' lang='grc' dir='ltr'><strong>ἐν</strong></span> <span class='ocrx_word' id='word_1_268' title='bbox 1503 3421 1567 3490; x_wconf 77' lang='grc' dir='ltr'>τῇ</span> <span class='ocrx_word' id='word_1_269' title='bbox 1604 3419 1765 3489; x_wconf 86' lang='grc' dir='ltr'>φύσει</span> 
     </span>
    </p>
   </div>
   <div class='ocr_carea' id='block_1_39' title="bbox 176 3506 1765 3580">
    <p class='ocr_par' dir='ltr' id='par_1_39' title="bbox 176 3506 1765 3580">
     <span class='ocr_line' id='line_1_39' title="bbox 176 3506 1765 3580; baseline 0.003 -21"><span class='ocrx_word' id='word_1_270' title='bbox 176 3506 282 3560; x_wconf 87' lang='grc' dir='ltr'><strong>τῶν</strong></span> <span class='ocrx_word' id='word_1_271' title='bbox 312 3509 662 3580; x_wconf 83' lang='grc' dir='ltr'>πραγμάτων</span> <span class='ocrx_word' id='word_1_272' title='bbox 696 3508 1065 3579; x_wconf 82' lang='grc' dir='ltr'>ἐπιγνώσεως,</span> <span class='ocrx_word' id='word_1_273' title='bbox 1084 3510 1361 3580; x_wconf 81' lang='grc' dir='ltr'>ἐπιτόμως</span> <span class='ocrx_word' id='word_1_274' title='bbox 1386 3507 1560 3574; x_wconf 70' lang='grc' dir='ltr'>οὕτως</span> <span class='ocrx_word' id='word_1_275' title='bbox 1592 3511 1765 3563; x_wconf 81' lang='grc' dir='ltr'>ταῦτα</span> 
     </span>
    </p>
   </div>
   <div class='ocr_carea' id='block_1_40' title="bbox 176 3598 1765 3673">
    <p class='ocr_par' dir='ltr' id='par_1_40' title="bbox 176 3598 1765 3673">
     <span class='ocr_line' id='line_1_40' title="bbox 176 3598 1765 3673; baseline 0.004 -23"><span class='ocrx_word' id='word_1_276' title='bbox 176 3598 508 3669; x_wconf 87' lang='grc' dir='ltr'>διελήλυθεν.</span> <span class='ocrx_word' id='word_1_277' title='bbox 548 3601 612 3655; x_wconf 87' lang='lat' dir='ltr'><strong>El</strong></span> <span class='ocrx_word' id='word_1_278' title='bbox 651 3602 707 3655; x_wconf 85' lang='grc' dir='ltr'><strong>δέ</strong></span> <span class='ocrx_word' id='word_1_279' title='bbox 734 3619 820 3666; x_wconf 92' lang='grc' dir='ltr'><strong>τις</strong></span> <span class='ocrx_word' id='word_1_280' title='bbox 850 3603 961 3656; x_wconf 74' lang='grc' dir='ltr'><strong>ἀπὸ</strong></span> <span class='ocrx_word' id='word_1_281' title='bbox 987 3603 1095 3655; x_wconf 88' lang='grc' dir='ltr'><strong>τῶν</strong></span> <span class='ocrx_word' id='word_1_282' title='bbox 1124 3601 1282 3673; x_wconf 83' lang='grc' dir='ltr'>ἱερῶν</span> <span class='ocrx_word' id='word_1_283' title='bbox 1313 3603 1543 3669; x_wconf 83' lang='grc' dir='ltr'>Λογίων,</span> <span class='ocrx_word' id='word_1_284' title='bbox 1591 3603 1623 3673; x_wconf 73' lang='grc' dir='ltr'>ἢ</span> <span class='ocrx_word' id='word_1_285' title='bbox 1655 3602 1765 3657; x_wconf 86' lang='grc' dir='ltr'><strong>τῶν</strong></span> 
     </span>
    </p>
   </div>
   <div class='ocr_carea' id='block_1_41' title="bbox 181 3690 1768 3767">
    <p class='ocr_par' dir='ltr' id='par_1_41' title="bbox 181 3690 1768 3767">
     <span class='ocr_line' id='line_1_41' title="bbox 181 3690 1768 3767; baseline 0.003 -23"><span class='ocrx_word' id='word_1_286' title='bbox 181 3690 454 3765; x_wconf 77' lang='grc' dir='ltr'>θεοφὸρων</span> <span class='ocrx_word' id='word_1_287' title='bbox 499 3695 657 3766; x_wconf 82' lang='grc' dir='ltr'>ήμῶν</span> <span class='ocrx_word' id='word_1_288' title='bbox 689 3696 952 3766; x_wconf 82' lang='grc' dir='ltr'>Πατέρων</span> <span class='ocrx_word' id='word_1_289' title='bbox 982 3694 1413 3767; x_wconf 81' lang='grc' dir='ltr'>γλαφυρῷτέραν</span> <span class='ocrx_word' id='word_1_290' title='bbox 1462 3693 1586 3748; x_wconf 81' lang='grc' dir='ltr'>τινὰ</span> <span class='ocrx_word' id='word_1_291' title='bbox 1633 3695 1768 3748; x_wconf 75' lang='grc' dir='ltr'>θεωο</span> 
     </span>
    </p>
   </div>
   <div class='ocr_carea' id='block_1_42' title="bbox 184 3786 1768 3860">
    <p class='ocr_par' dir='ltr' id='par_1_42' title="bbox 184 3786 1768 3860">
     <span class='ocr_line' id='line_1_42' title="bbox 184 3786 1768 3860; baseline 0.001 -22"><span class='ocrx_word' id='word_1_292' title='bbox 184 3786 303 3855; x_wconf 86' lang='grc' dir='ltr'>ρίαν</span> <span class='ocrx_word' id='word_1_293' title='bbox 348 3787 553 3857; x_wconf 83' lang='grc' dir='ltr'>μᾶλλον</span> <span class='ocrx_word' id='word_1_294' title='bbox 608 3788 705 3841; x_wconf 75' lang='grc' dir='ltr'>καὶ</span> <span class='ocrx_word' id='word_1_295' title='bbox 758 3788 895 3860; x_wconf 83' lang='grc' dir='ltr'>πρὸς</span> <span class='ocrx_word' id='word_1_296' title='bbox 924 3786 1187 3858; x_wconf 82' lang='grc' dir='ltr'>ἀλήθειαν</span> <span class='ocrx_word' id='word_1_297' title='bbox 1231 3787 1549 3858; x_wconf 82' lang='grc' dir='ltr'>ἀνηγμένην</span> <span class='ocrx_word' id='word_1_298' title='bbox 1582 3787 1768 3857; x_wconf 85' lang='grc' dir='ltr'>μαθὼν</span> 
     </span>
    </p>
   </div>
   <div class='ocr_carea' id='block_1_43' title="bbox 182 3878 1769 3951">
    <p class='ocr_par' dir='ltr' id='par_1_43' title="bbox 182 3878 1769 3951">
     <span class='ocr_line' id='line_1_43' title="bbox 182 3878 1769 3951; baseline 0.002 -21"><span class='ocrx_word' id='word_1_299' title='bbox 182 3878 601 3951; x_wconf 73' lang='grc' dir='ltr'>ἀποκαλύψειεν,</span> <span class='ocrx_word' id='word_1_300' title='bbox 632 3880 825 3935; x_wconf 80' lang='grc' dir='ltr'>θᾶττον</span> <span class='ocrx_word' id='word_1_301' title='bbox 868 3881 935 3936; x_wconf 86' lang='grc' dir='ltr'>ἂν</span> <span class='ocrx_word' id='word_1_302' title='bbox 981 3881 1129 3951; x_wconf 76' lang='grc' dir='ltr'>ἡμᾶς</span> <span class='ocrx_word' id='word_1_303' title='bbox 1158 3878 1349 3949; x_wconf 72' lang='grc' dir='ltr'>δψαιτο</span> <span class='ocrx_word' id='word_1_304' title='bbox 1395 3880 1493 3950; x_wconf 79' lang='grc' dir='ltr'>τὴν</span> <span class='ocrx_word' id='word_1_305' title='bbox 1519 3881 1628 3935; x_wconf 90' lang='grc' dir='ltr'><strong>τῶν</strong></span> <span class='ocrx_word' id='word_1_306' title='bbox 1661 3897 1769 3949; x_wconf 86' lang='grc' dir='ltr'>μα-</span> 
     </span>
    </p>
   </div>
   <div class='ocr_carea' id='block_1_44' title="bbox 185 3968 1770 4044">
    <p class='ocr_par' dir='ltr' id='par_1_44' title="bbox 185 3968 1770 4044">
     <span class='ocr_line' id='line_1_44' title="bbox 185 3968 1770 4044; baseline 0.003 -23"><span class='ocrx_word' id='word_1_307' title='bbox 185 3968 360 4040; x_wconf 77' lang='grc' dir='ltr'>θητῶν</span> <span class='ocrx_word' id='word_1_308' title='bbox 391 3973 915 4043; x_wconf 78' lang='grc' dir='ltr'>καταλαμϐάνοντας</span> <span class='ocrx_word' id='word_1_309' title='bbox 948 3972 1104 4037; x_wconf 78' lang='grc' dir='ltr'>τάξιν</span> <span class='ocrx_word' id='word_1_310' title='bbox 1130 3972 1252 4026; x_wconf 70' lang='grc' dir='ltr'>ἀντὶ</span> <span class='ocrx_word' id='word_1_311' title='bbox 1286 3970 1381 4025; x_wconf 82' lang='grc' dir='ltr'>τοῦ</span> <span class='ocrx_word' id='word_1_312' title='bbox 1408 3971 1594 4044; x_wconf 72' lang='grc' dir='ltr'>ζητεῖν</span> <span class='ocrx_word' id='word_1_313' title='bbox 1624 3972 1770 4026; x_wconf 75' lang='grc' dir='ltr'>διδαο</span> 
     </span>
    </p>
   </div>
   <div class='ocr_carea' id='block_1_45' title="bbox 185 4063 790 4138">
    <p class='ocr_par' dir='ltr' id='par_1_45' title="bbox 185 4063 790 4138">
     <span class='ocr_line' id='line_1_45' title="bbox 185 4063 790 4138; baseline 0.007 -21"><span class='ocrx_word' id='word_1_314' title='bbox 185 4063 415 4130; x_wconf 84' lang='grc' dir='ltr'>σκάλους</span> <span class='ocrx_word' id='word_1_315' title='bbox 446 4065 790 4138; x_wconf 78' lang='grc' dir='ltr'>νομίζεσθαι.</span> 
     </span>
    </p>
   </div>
   <div class='ocr_carea' id='block_1_46' title="bbox 1857 453 3452 532">
    <p class='ocr_par' dir='ltr' id='par_1_46' title="bbox 1857 453 3452 532">
     <span class='ocr_line' id='line_1_46' title="bbox 1857 453 3452 532; baseline -0.006 -17"><span class='ocrx_word' id='word_1_316' title='bbox 1857 460 2112 532; x_wconf 83' lang='lat' dir='ltr'><strong>quamvis</strong></span> <span class='ocrx_word' id='word_1_317' title='bbox 2142 459 2246 513; x_wconf 88' lang='lat' dir='ltr'><strong>hoe</strong></span> <span class='ocrx_word' id='word_1_318' title='bbox 2275 464 2661 528; x_wconf 82' lang='lat' dir='ltr'><strong>argumentum</strong></span> <span class='ocrx_word' id='word_1_319' title='bbox 2698 470 2804 509; x_wconf 90' lang='lat' dir='ltr'><strong>non</strong></span> <span class='ocrx_word' id='word_1_320' title='bbox 2831 453 2989 508; x_wconf 80' lang='lat' dir='ltr'><strong>facile</strong></span> <span class='ocrx_word' id='word_1_321' title='bbox 3016 453 3284 509; x_wconf 90' lang='lat' dir='ltr'><strong>rationem</strong></span> <span class='ocrx_word' id='word_1_322' title='bbox 3315 468 3452 506; x_wconf 90' lang='lat' dir='ltr'><strong>con-</strong></span> 
     </span>
    </p>
   </div>
   <div class='ocr_carea' id='block_1_47' title="bbox 1861 549 3451 622">
    <p class='ocr_par' dir='ltr' id='par_1_47' title="bbox 1861 549 3451 622">
     <span class='ocr_line' id='line_1_47' title="bbox 1861 549 3451 622; baseline -0.004 -13"><span class='ocrx_word' id='word_1_323' title='bbox 1861 556 2185 611; x_wconf 87' lang='lat' dir='ltr'><strong>tradicentis</strong></span> <span class='ocrx_word' id='word_1_324' title='bbox 2209 554 2535 610; x_wconf 90' lang='lat' dir='ltr'><strong>dissolveret</strong></span> <span class='ocrx_word' id='word_1_325' title='bbox 2556 551 2690 622; x_wconf 76' lang='lat'><strong>(15),</strong></span> <span class='ocrx_word' id='word_1_326' title='bbox 2721 567 2821 606; x_wconf 89' lang='lat' dir='ltr'><strong>nec</strong></span> <span class='ocrx_word' id='word_1_327' title='bbox 2845 551 2925 606; x_wconf 87' lang='lat' dir='ltr'><strong>sic</strong></span> <span class='ocrx_word' id='word_1_328' title='bbox 2948 562 3125 605; x_wconf 89' lang='lat' dir='ltr'><strong>tamen</strong></span> <span class='ocrx_word' id='word_1_329' title='bbox 3151 549 3451 605; x_wconf 64' lang='lat' dir='ltr'><strong>adversarii</strong></span> 
     </span>
    </p>
   </div>
   <div class='ocr_carea' id='block_1_48' title="bbox 1858 634 3455 719">
    <p class='ocr_par' dir='ltr' id='par_1_48' title="bbox 1858 634 3455 719">
     <span class='ocr_line' id='line_1_48' title="bbox 1858 634 3455 719; baseline -0.005 -15"><span class='ocrx_word' id='word_1_330' title='bbox 1858 648 2159 719; x_wconf 85' lang='lat' dir='ltr'><strong>disputatio</strong></span> <span class='ocrx_word' id='word_1_331' title='bbox 2207 648 2443 713; x_wconf 77' lang='lat' dir='ltr'><strong>valeret;</strong></span> <span class='ocrx_word' id='word_1_332' title='bbox 2502 646 2710 716; x_wconf 85' lang='lat' dir='ltr'><strong>reliqua</strong></span> <span class='ocrx_word' id='word_1_333' title='bbox 2755 645 2899 699; x_wconf 88' lang='lat' dir='ltr'><strong>enim</strong></span> <span class='ocrx_word' id='word_1_334' title='bbox 2950 634 3115 713; x_wconf 81' lang='lat' dir='ltr'><strong>hujus</strong></span> <span class='ocrx_word' id='word_1_335' title='bbox 3146 643 3455 713; x_wconf 74' lang='lat' dir='ltr'><strong>argumenti</strong></span> 
     </span>
    </p>
   </div>
   <div class='ocr_carea' id='block_1_49' title="bbox 1858 734 3458 806">
    <p class='ocr_par' dir='ltr' id='par_1_49' title="bbox 1858 734 3458 806">
     <span class='ocr_line' id='line_1_49' title="bbox 1858 734 3458 806; baseline -0.006 -11"><span class='ocrx_word' id='word_1_336' title='bbox 1858 749 1917 795; x_wconf 91' lang='lat' dir='ltr'><strong>et</strong></span> <span class='ocrx_word' id='word_1_337' title='bbox 1945 738 2185 794; x_wconf 84' lang='lat' dir='ltr'><strong>rationis</strong></span> <span class='ocrx_word' id='word_1_338' title='bbox 2220 738 2354 805; x_wconf 69' lang='grc'>(14),</span> <span class='ocrx_word' id='word_1_339' title='bbox 2389 753 2565 806; x_wconf 90' lang='lat' dir='ltr'><strong>usque</strong></span> <span class='ocrx_word' id='word_1_340' title='bbox 2598 737 2734 790; x_wconf 88' lang='lat' dir='ltr'><strong>adeo</strong></span> <span class='ocrx_word' id='word_1_341' title='bbox 2769 735 3134 804; x_wconf 79' lang='lat' dir='ltr'><strong>perspicuam,</strong></span> <span class='ocrx_word' id='word_1_342' title='bbox 3171 743 3227 787; x_wconf 89' lang='lat' dir='ltr'><strong>et</strong></span> <span class='ocrx_word' id='word_1_343' title='bbox 3259 734 3458 787; x_wconf 81' lang='lat' dir='ltr'><strong>diluci-</strong></span> 
     </span>
    </p>
   </div>
   <div class='ocr_carea' id='block_1_50' title="bbox 1858 822 3458 896">
    <p class='ocr_par' dir='ltr' id='par_1_50' title="bbox 1858 822 3458 896">
     <span class='ocr_line' id='line_1_50' title="bbox 1858 822 3458 896; baseline -0.007 -10"><span class='ocrx_word' id='word_1_344' title='bbox 1858 831 1985 887; x_wconf 89' lang='lat' dir='ltr'><strong>dam</strong></span> <span class='ocrx_word' id='word_1_345' title='bbox 2033 830 2297 884; x_wconf 79' lang='lat' dir='ltr'><strong>cxhilient</strong></span> <span class='ocrx_word' id='word_1_346' title='bbox 2330 830 2637 891; x_wconf 83' lang='lat' dir='ltr'><strong>veritatem,</strong></span> <span class='ocrx_word' id='word_1_347' title='bbox 2673 840 2731 880; x_wconf 88' lang='lat' dir='ltr'><strong>ut</strong></span> <span class='ocrx_word' id='word_1_348' title='bbox 2766 842 2945 896; x_wconf 88' lang='lat' dir='ltr'><strong>neque</strong></span> <span class='ocrx_word' id='word_1_349' title='bbox 2981 824 3074 894; x_wconf 86' lang='lat' dir='ltr'><strong>qui</strong></span> <span class='ocrx_word' id='word_1_350' title='bbox 3131 832 3332 893; x_wconf 69' lang='lat' dir='ltr'><strong>prmsto</strong></span> <span class='ocrx_word' id='word_1_351' title='bbox 3386 822 3458 875; x_wconf 89' lang='lat' dir='ltr'><strong>sit</strong></span> 
     </span>
    </p>
   </div>
   <div class='ocr_carea' id='block_1_51' title="bbox 1872 917 3455 985">
    <p class='ocr_par' dir='ltr' id='par_1_51' title="bbox 1872 917 3455 985">
     <span class='ocr_line' id='line_1_51' title="bbox 1872 917 3455 985; baseline -0.008 -5"><span class='ocrx_word' id='word_1_352' title='bbox 1872 924 1941 980; x_wconf 87' lang='lat' dir='ltr'><strong>ad</strong></span> <span class='ocrx_word' id='word_1_353' title='bbox 1970 923 2281 978; x_wconf 90' lang='lat' dir='ltr'><strong>audendum</strong></span> <span class='ocrx_word' id='word_1_354' title='bbox 2323 920 2529 985; x_wconf 87' lang='lat' dir='ltr'><strong>omnia,</strong></span> <span class='ocrx_word' id='word_1_355' title='bbox 2562 926 2757 973; x_wconf 85' lang='lat' dir='ltr'><strong>contra</strong></span> <span class='ocrx_word' id='word_1_356' title='bbox 2785 934 2904 972; x_wconf 87' lang='lat' dir='ltr'><strong>eam</strong></span> <span class='ocrx_word' id='word_1_357' title='bbox 2941 919 3188 983; x_wconf 86' lang='lat' dir='ltr'><strong>aspicere</strong></span> <span class='ocrx_word' id='word_1_358' title='bbox 3218 917 3455 981; x_wconf 85' lang='lat' dir='ltr'><strong>nitatur,-</strong></span> 
     </span>
    </p>
   </div>
   <div class='ocr_carea' id='block_1_52' title="bbox 1858 1008 3459 1086">
    <p class='ocr_par' dir='ltr' id='par_1_52' title="bbox 1858 1008 3459 1086">
     <span class='ocr_line' id='line_1_52' title="bbox 1858 1008 3459 1086; baseline -0.005 -16"><span class='ocrx_word' id='word_1_359' title='bbox 1858 1016 2111 1086; x_wconf 91' lang='lat' dir='ltr'><strong>quamvis</strong></span> <span class='ocrx_word' id='word_1_360' title='bbox 2141 1014 2195 1068; x_wconf 91' lang='lat' dir='ltr'><strong>in</strong></span> <span class='ocrx_word' id='word_1_361' title='bbox 2230 1013 2490 1067; x_wconf 84' lang='lat' dir='ltr'><strong>omnibus</strong></span> <span class='ocrx_word' id='word_1_362' title='bbox 2542 1012 2807 1081; x_wconf 86' lang='lat' dir='ltr'><strong>pudorem</strong></span> <span class='ocrx_word' id='word_1_363' title='bbox 2856 1009 3116 1064; x_wconf 80' lang='lat' dir='ltr'><strong>amantlet</strong></span> <span class='ocrx_word' id='word_1_364' title='bbox 3162 1008 3371 1078; x_wconf 85' lang='lat' dir='ltr'><strong>procul,</strong></span> <span class='ocrx_word' id='word_1_365' title='bbox 3404 1020 3459 1062; x_wconf 90' lang='lat' dir='ltr'><strong>et</strong></span> 
     </span>
    </p>
   </div>
   <div class='ocr_carea' id='block_1_53' title="bbox 1858 1100 3460 1177">
    <p class='ocr_par' dir='ltr' id='par_1_53' title="bbox 1858 1100 3460 1177">
     <span class='ocr_line' id='line_1_53' title="bbox 1858 1100 3460 1177; baseline -0.005 -16"><span class='ocrx_word' id='word_1_366' title='bbox 1858 1106 2086 1177; x_wconf 90' lang='lat' dir='ltr'><strong>quidem</strong></span> <span class='ocrx_word' id='word_1_367' title='bbox 2121 1121 2260 1175; x_wconf 89' lang='lat' dir='ltr'><strong>quos</strong></span> <span class='ocrx_word' id='word_1_368' title='bbox 2295 1119 2581 1159; x_wconf 86' lang='lat' dir='ltr'><strong>sermones</strong></span> <span class='ocrx_word' id='word_1_369' title='bbox 2609 1100 2736 1157; x_wconf 75' lang='lat' dir='ltr'><strong>facti</strong></span> <span class='ocrx_word' id='word_1_370' title='bbox 2768 1118 2798 1156; x_wconf 90' lang='lat' dir='ltr'><strong>a</strong></span> <span class='ocrx_word' id='word_1_371' title='bbox 2821 1101 3253 1157; x_wconf 80' lang='lat' dir='ltr'><strong>contradicendo</strong></span> <span class='ocrx_word' id='word_1_372' title='bbox 3278 1101 3460 1155; x_wconf 87' lang='lat' dir='ltr'><strong>deter-</strong></span> 
     </span>
    </p>
   </div>
   <div class='ocr_carea' id='block_1_54' title="bbox 1861 1195 3457 1266">
    <p class='ocr_par' dir='ltr' id='par_1_54' title="bbox 1861 1195 3457 1266">
     <span class='ocr_line' id='line_1_54' title="bbox 1861 1195 3457 1266; baseline -0.005 -13"><span class='ocrx_word' id='word_1_373' title='bbox 1861 1206 2121 1263; x_wconf 84' lang='lat' dir='ltr'><strong>ruerunt,</strong></span> <span class='ocrx_word' id='word_1_374' title='bbox 2156 1198 2275 1251; x_wconf 83' lang='lat' dir='ltr'><strong>sine</strong></span> <span class='ocrx_word' id='word_1_375' title='bbox 2297 1210 2479 1266; x_wconf 79' lang='lat' dir='ltr'><strong>pugna</strong></span> <span class='ocrx_word' id='word_1_376' title='bbox 2514 1195 2636 1249; x_wconf 92' lang='lat' dir='ltr'><strong>illos</strong></span> <span class='ocrx_word' id='word_1_377' title='bbox 2666 1195 2890 1266; x_wconf 84' lang='lat' dir='ltr'><strong>quidem</strong></span> <span class='ocrx_word' id='word_1_378' title='bbox 2915 1196 3091 1249; x_wconf 82' lang='lat' dir='ltr'><strong>vietos</strong></span> <span class='ocrx_word' id='word_1_379' title='bbox 3123 1195 3457 1263; x_wconf 61' lang='lat' dir='ltr'><strong>praedicant;</strong></span> 
     </span>
    </p>
   </div>
   <div class='ocr_carea' id='block_1_55' title="bbox 1863 1286 3456 1360">
    <p class='ocr_par' dir='ltr' id='par_1_55' title="bbox 1863 1286 3456 1360">
     <span class='ocr_line' id='line_1_55' title="bbox 1863 1286 3456 1360; baseline -0.003 -18"><span class='ocrx_word' id='word_1_380' title='bbox 1863 1288 2071 1360; x_wconf 87' lang='lat' dir='ltr'><strong>quibus</strong></span> <span class='ocrx_word' id='word_1_381' title='bbox 2118 1296 2301 1342; x_wconf 84' lang='lat' dir='ltr'><strong>autem</strong></span> <span class='ocrx_word' id='word_1_382' title='bbox 2335 1286 2757 1341; x_wconf 89' lang='lat' dir='ltr'><strong>admirationem</strong></span> <span class='ocrx_word' id='word_1_383' title='bbox 2806 1294 3119 1351; x_wconf 89' lang='lat' dir='ltr'><strong>moverunt,</strong></span> <span class='ocrx_word' id='word_1_384' title='bbox 3157 1286 3456 1339; x_wconf 80' lang='lat' dir='ltr'><strong>commissa</strong></span> 
     </span>
    </p>
   </div>
   <div class='ocr_carea' id='block_1_56' title="bbox 1864 1376 3456 1452">
    <p class='ocr_par' dir='ltr' id='par_1_56' title="bbox 1864 1376 3456 1452">
     <span class='ocr_line' id='line_1_56' title="bbox 1864 1376 3456 1452; baseline -0.005 -16"><span class='ocrx_word' id='word_1_385' title='bbox 1864 1397 2090 1452; x_wconf 77' lang='lat' dir='ltr'><strong>pugna,</strong></span> <span class='ocrx_word' id='word_1_386' title='bbox 2156 1379 2281 1437; x_wconf 89' lang='lat' dir='ltr'><strong>istis</strong></span> <span class='ocrx_word' id='word_1_387' title='bbox 2347 1380 2492 1435; x_wconf 86' lang='lat' dir='ltr'><strong>vires</strong></span> <span class='ocrx_word' id='word_1_388' title='bbox 2558 1394 2666 1432; x_wconf 90' lang='lat' dir='ltr'><strong>non</strong></span> <span class='ocrx_word' id='word_1_389' title='bbox 2728 1377 2923 1432; x_wconf 87' lang='lat' dir='ltr'><strong>dubias</strong></span> <span class='ocrx_word' id='word_1_390' title='bbox 2987 1387 3210 1432; x_wconf 87' lang='lat' dir='ltr'><strong>strenue</strong></span> <span class='ocrx_word' id='word_1_391' title='bbox 3271 1376 3456 1429; x_wconf 75' lang='lat' dir='ltr'><strong>tt&#39;Stali</strong></span> 
     </span>
    </p>
   </div>
   <div class='ocr_carea' id='block_1_57' title="bbox 1859 1474 2153 1545">
    <p class='ocr_par' dir='ltr' id='par_1_57' title="bbox 1859 1474 2153 1545">
     <span class='ocr_line' id='line_1_57' title="bbox 1859 1474 2153 1545; baseline -0.007 -16"><span class='ocrx_word' id='word_1_392' title='bbox 1859 1484 1988 1529; x_wconf 83' lang='lat' dir='ltr'><strong>sunt</strong></span> <span class='ocrx_word' id='word_1_393' title='bbox 2017 1474 2153 1545; x_wconf 72' lang='grc' dir='ltr'>(ιδ).</span> 
     </span>
    </p>
   </div>
   <div class='ocr_carea' id='block_1_58' title="bbox 1932 1668 3463 1743">
    <p class='ocr_par' dir='ltr' id='par_1_58' title="bbox 1932 1668 3463 1743">
     <span class='ocr_line' id='line_1_58' title="bbox 1932 1668 3463 1743; baseline -0.005 -14"><span class='ocrx_word' id='word_1_394' title='bbox 1932 1673 2053 1729; x_wconf 84' lang='lat' dir='ltr'><strong>Jam</strong></span> <span class='ocrx_word' id='word_1_395' title='bbox 2086 1689 2218 1727; x_wconf 82' lang='lat' dir='ltr'><strong>vero</strong></span> <span class='ocrx_word' id='word_1_396' title='bbox 2250 1672 2295 1729; x_wconf 92' lang='lat' dir='ltr'><strong>si</strong></span> <span class='ocrx_word' id='word_1_397' title='bbox 2326 1672 2569 1743; x_wconf 81' lang='lat' dir='ltr'><strong>Optimus</strong></span> <span class='ocrx_word' id='word_1_398' title='bbox 2590 1671 2813 1743; x_wconf 88' lang='lat' dir='ltr'><strong>quidem</strong></span> <span class='ocrx_word' id='word_1_399' title='bbox 2839 1684 3022 1724; x_wconf 85' lang='lat' dir='ltr'><strong>sermo</strong></span> <span class='ocrx_word' id='word_1_400' title='bbox 3048 1678 3155 1733; x_wconf 81' lang='lat' dir='ltr'><strong>est,</strong></span> <span class='ocrx_word' id='word_1_401' title='bbox 3181 1668 3342 1738; x_wconf 81' lang='lat' dir='ltr'><strong>cujus</strong></span> <span class='ocrx_word' id='word_1_402' title='bbox 3373 1684 3463 1722; x_wconf 82' lang='lat' dir='ltr'><strong>ve-</strong></span> 
     </span>
    </p>
   </div>
   <div class='ocr_carea' id='block_1_59' title="bbox 1866 1760 3463 1836">
    <p class='ocr_par' dir='ltr' id='par_1_59' title="bbox 1866 1760 3463 1836">
     <span class='ocr_line' id='line_1_59' title="bbox 1866 1760 3463 1836; baseline -0.004 -17"><span class='ocrx_word' id='word_1_403' title='bbox 1866 1766 2000 1820; x_wconf 89' lang='lat' dir='ltr'><strong>ritas</strong></span> <span class='ocrx_word' id='word_1_404' title='bbox 2039 1775 2192 1819; x_wconf 87' lang='lat' dir='ltr'><strong>tanto</strong></span> <span class='ocrx_word' id='word_1_405' title='bbox 2221 1764 2515 1836; x_wconf 87' lang='lat' dir='ltr'><strong>splendore</strong></span> <span class='ocrx_word' id='word_1_406' title='bbox 2542 1764 2734 1834; x_wconf 80' lang='lat' dir='ltr'><strong>fulget,</strong></span> <span class='ocrx_word' id='word_1_407' title='bbox 2783 1771 2842 1816; x_wconf 93' lang='lat' dir='ltr'><strong>ut</strong></span> <span class='ocrx_word' id='word_1_408' title='bbox 2882 1776 2981 1816; x_wconf 84' lang='lat' dir='ltr'><strong>nec</strong></span> <span class='ocrx_word' id='word_1_409' title='bbox 3023 1772 3089 1815; x_wconf 77' lang='lat' dir='ltr'><strong>ex</strong></span> <span class='ocrx_word' id='word_1_410' title='bbox 3140 1760 3369 1815; x_wconf 88' lang='lat' dir='ltr'><strong>adverso</strong></span> <span class='ocrx_word' id='word_1_411' title='bbox 3407 1761 3463 1813; x_wconf 83' lang='lat' dir='ltr'><strong>in</strong></span> 
     </span>
    </p>
   </div>
   <div class='ocr_carea' id='block_1_60' title="bbox 1864 1854 3465 1927">
    <p class='ocr_par' dir='ltr' id='par_1_60' title="bbox 1864 1854 3465 1927">
     <span class='ocr_line' id='line_1_60' title="bbox 1864 1854 3465 1927; baseline -0.006 -14"><span class='ocrx_word' id='word_1_412' title='bbox 1864 1873 1991 1913; x_wconf 90' lang='lat' dir='ltr'><strong>eum</strong></span> <span class='ocrx_word' id='word_1_413' title='bbox 2048 1857 2250 1912; x_wconf 86' lang='lat' dir='ltr'><strong>intueri</strong></span> <span class='ocrx_word' id='word_1_414' title='bbox 2304 1858 2423 1927; x_wconf 82' lang='lat' dir='ltr'><strong>ipsa</strong></span> <span class='ocrx_word' id='word_1_415' title='bbox 2464 1856 2743 1912; x_wconf 88' lang='lat' dir='ltr'><strong>eontentio</strong></span> <span class='ocrx_word' id='word_1_416' title='bbox 2773 1854 2981 1925; x_wconf 70' lang='lat' dir='ltr'><strong>pOSsll;</strong></span> <span class='ocrx_word' id='word_1_417' title='bbox 3026 1868 3203 1922; x_wconf 90' lang='lat' dir='ltr'><strong>neque</strong></span> <span class='ocrx_word' id='word_1_418' title='bbox 3232 1860 3465 1907; x_wconf 54' lang='lat' dir='ltr'><strong>centena</strong></span> 
     </span>
    </p>
   </div>
   <div class='ocr_carea' id='block_1_61' title="bbox 1865 1944 3465 2019">
    <p class='ocr_par' dir='ltr' id='par_1_61' title="bbox 1865 1944 3465 2019">
     <span class='ocr_line' id='line_1_61' title="bbox 1865 1944 3465 2019; baseline -0.005 -15"><span class='ocrx_word' id='word_1_419' title='bbox 1865 1951 2041 2004; x_wconf 81' lang='lat' dir='ltr'><strong>tiasus</strong></span> <span class='ocrx_word' id='word_1_420' title='bbox 2069 1949 2299 2004; x_wconf 91' lang='lat' dir='ltr'><strong>intentet</strong></span> <span class='ocrx_word' id='word_1_421' title='bbox 2330 1947 2527 2019; x_wconf 81' lang='lat' dir='ltr'><strong>fulguri</strong></span> <span class='ocrx_word' id='word_1_422' title='bbox 2558 1948 2680 2016; x_wconf 83' lang='lat' dir='ltr'><strong>ejus</strong></span> <span class='ocrx_word' id='word_1_423' title='bbox 2704 1945 3171 2001; x_wconf 85' lang='lat' dir='ltr'><strong>inumbrationcm</strong></span> <span class='ocrx_word' id='word_1_424' title='bbox 3195 1961 3209 2011; x_wconf 92' lang='lat'><strong>;</strong></span> <span class='ocrx_word' id='word_1_425' title='bbox 3231 1944 3465 1999; x_wconf 82' lang='lat' dir='ltr'><strong>fortissi-</strong></span> 
     </span>
    </p>
   </div>
   <div class='ocr_carea' id='block_1_62' title="bbox 1865 2037 3465 2125">
    <p class='ocr_par' dir='ltr' id='par_1_62' title="bbox 1865 2037 3465 2125">
     <span class='ocr_line' id='line_1_62' title="bbox 1865 2037 3465 2125; baseline -0.006 -26"><span class='ocrx_word' id='word_1_426' title='bbox 1865 2057 1989 2099; x_wconf 89' lang='lat' dir='ltr'><strong>mus</strong></span> <span class='ocrx_word' id='word_1_427' title='bbox 2019 2054 2149 2099; x_wconf 84' lang='lat' dir='ltr'><strong>vero</strong></span> <span class='ocrx_word' id='word_1_428' title='bbox 2182 2058 2374 2125; x_wconf 77' lang='lat' dir='ltr'><strong>rursus</strong></span> <span class='ocrx_word' id='word_1_429' title='bbox 2403 2050 2588 2098; x_wconf 87' lang='lat' dir='ltr'><strong>sermo</strong></span> <span class='ocrx_word' id='word_1_430' title='bbox 2622 2047 2726 2105; x_wconf 87' lang='lat' dir='ltr'><strong>est,</strong></span> <span class='ocrx_word' id='word_1_431' title='bbox 2786 2040 2881 2112; x_wconf 88' lang='lat' dir='ltr'><strong>qui</strong></span> <span class='ocrx_word' id='word_1_432' title='bbox 2932 2045 3124 2094; x_wconf 75' lang='lat' dir='ltr'><strong>Omnes</strong></span> <span class='ocrx_word' id='word_1_433' title='bbox 3157 2037 3465 2092; x_wconf 80' lang='lat' dir='ltr'><strong>tendiculas</strong></span> 
     </span>
    </p>
   </div>
   <div class='ocr_carea' id='block_1_63' title="bbox 1872 2131 3461 2207">
    <p class='ocr_par' dir='ltr' id='par_1_63' title="bbox 1872 2131 3461 2207">
     <span class='ocr_line' id='line_1_63' title="bbox 1872 2131 3461 2207; baseline -0.005 -15"><span class='ocrx_word' id='word_1_434' title='bbox 1872 2137 2345 2201; x_wconf 78' lang='lat' dir='ltr'><strong>adversariorum,</strong></span> <span class='ocrx_word' id='word_1_435' title='bbox 2380 2142 2520 2207; x_wconf 80' lang='lat' dir='ltr'><strong>qdas</strong></span> <span class='ocrx_word' id='word_1_436' title='bbox 2549 2134 3028 2205; x_wconf 59' lang='lat' dir='ltr'><strong>escogitaveruul,</strong></span> <span class='ocrx_word' id='word_1_437' title='bbox 3080 2133 3290 2201; x_wconf 75' lang='lat' dir='ltr'><strong>eﬂ‘ugit,</strong></span> <span class='ocrx_word' id='word_1_438' title='bbox 3326 2142 3377 2186; x_wconf 88' lang='lat' dir='ltr'><strong>et</strong></span> <span class='ocrx_word' id='word_1_439' title='bbox 3408 2131 3461 2185; x_wconf 86' lang='lat' dir='ltr'><strong>in</strong></span> 
     </span>
    </p>
   </div>
   <div class='ocr_carea' id='block_1_64' title="bbox 1866 2226 3460 2296">
    <p class='ocr_par' dir='ltr' id='par_1_64' title="bbox 1866 2226 3460 2296">
     <span class='ocr_line' id='line_1_64' title="bbox 1866 2226 3460 2296; baseline -0.004 -13"><span class='ocrx_word' id='word_1_440' title='bbox 1866 2230 2017 2283; x_wconf 91' lang='lat' dir='ltr'><strong>omni</strong></span> <span class='ocrx_word' id='word_1_441' title='bbox 2063 2229 2370 2283; x_wconf 85' lang='lat' dir='ltr'><strong>certamine</strong></span> <span class='ocrx_word' id='word_1_442' title='bbox 2407 2226 2693 2282; x_wconf 89' lang='lat' dir='ltr'><strong>victoriam</strong></span> <span class='ocrx_word' id='word_1_443' title='bbox 2746 2226 2995 2296; x_wconf 81' lang='lat' dir='ltr'><strong>adeptus,</strong></span> <span class='ocrx_word' id='word_1_444' title='bbox 3030 2236 3308 2295; x_wconf 89' lang='lat' dir='ltr'><strong>postremo</strong></span> <span class='ocrx_word' id='word_1_445' title='bbox 3358 2240 3460 2293; x_wconf 85' lang='lat' dir='ltr'><strong>pu-</strong></span> 
     </span>
    </p>
   </div>
   <div class='ocr_carea' id='block_1_65' title="bbox 1870 2314 3460 2394">
    <p class='ocr_par' dir='ltr' id='par_1_65' title="bbox 1870 2314 3460 2394">
     <span class='ocr_line' id='line_1_65' title="bbox 1870 2314 3460 2394; baseline -0.004 -20"><span class='ocrx_word' id='word_1_446' title='bbox 1870 2326 2126 2394; x_wconf 81' lang='lat' dir='ltr'><strong>gnantem</strong></span> <span class='ocrx_word' id='word_1_447' title='bbox 2155 2319 2455 2390; x_wconf 88' lang='lat' dir='ltr'><strong>prosternit</strong></span> <span class='ocrx_word' id='word_1_448' title='bbox 2481 2337 2495 2386; x_wconf 92' lang='lat'><strong>;</strong></span> <span class='ocrx_word' id='word_1_449' title='bbox 2522 2326 2710 2374; x_wconf 77' lang='lat' dir='ltr'><strong>sermo</strong></span> <span class='ocrx_word' id='word_1_450' title='bbox 2734 2317 2827 2387; x_wconf 92' lang='lat' dir='ltr'><strong>qui</strong></span> <span class='ocrx_word' id='word_1_451' title='bbox 2860 2328 3151 2386; x_wconf 88' lang='lat' dir='ltr'><strong>utrumque</strong></span> <span class='ocrx_word' id='word_1_452' title='bbox 3174 2314 3368 2369; x_wconf 87' lang='lat' dir='ltr'><strong>horum</strong></span> <span class='ocrx_word' id='word_1_453' title='bbox 3406 2314 3460 2368; x_wconf 90' lang='lat' dir='ltr'><strong>in</strong></span> 
     </span>
    </p>
   </div>
   <div class='ocr_carea' id='block_1_66' title="bbox 1867 2406 3466 2481">
    <p class='ocr_par' dir='ltr' id='par_1_66' title="bbox 1867 2406 3466 2481">
     <span class='ocr_line' id='line_1_66' title="bbox 1867 2406 3466 2481; baseline -0.004 -15"><span class='ocrx_word' id='word_1_454' title='bbox 1867 2427 1928 2466; x_wconf 92' lang='lat' dir='ltr'><strong>se</strong></span> <span class='ocrx_word' id='word_1_455' title='bbox 1979 2411 2300 2481; x_wconf 83' lang='lat' dir='ltr'><strong>complexus</strong></span> <span class='ocrx_word' id='word_1_456' title='bbox 2352 2420 2458 2476; x_wconf 90' lang='lat' dir='ltr'><strong>est,</strong></span> <span class='ocrx_word' id='word_1_457' title='bbox 2510 2409 2658 2465; x_wconf 89' lang='lat' dir='ltr'><strong>illius</strong></span> <span class='ocrx_word' id='word_1_458' title='bbox 2715 2408 2936 2478; x_wconf 86' lang='lat' dir='ltr'><strong>quidem</strong></span> <span class='ocrx_word' id='word_1_459' title='bbox 2994 2406 3284 2462; x_wconf 79' lang='lat' dir='ltr'><strong>victoriam</strong></span> <span class='ocrx_word' id='word_1_460' title='bbox 3346 2406 3466 2460; x_wconf 88' lang='lat' dir='ltr'><strong>sine</strong></span> 
     </span>
    </p>
   </div>
   <div class='ocr_carea' id='block_1_67' title="bbox 1866 2499 3460 2572">
    <p class='ocr_par' dir='ltr' id='par_1_67' title="bbox 1866 2499 3460 2572">
     <span class='ocr_line' id='line_1_67' title="bbox 1866 2499 3460 2572; baseline 0.001 -19"><span class='ocrx_word' id='word_1_461' title='bbox 1866 2517 2070 2572; x_wconf 81' lang='lat' dir='ltr'><strong>pugna,</strong></span> <span class='ocrx_word' id='word_1_462' title='bbox 2129 2502 2293 2570; x_wconf 84' lang='lat' dir='ltr'><strong>hujus</strong></span> <span class='ocrx_word' id='word_1_463' title='bbox 2344 2517 2476 2557; x_wconf 86' lang='lat' dir='ltr'><strong>vero</strong></span> <span class='ocrx_word' id='word_1_464' title='bbox 2526 2501 2814 2572; x_wconf 55' lang='lat' dir='ltr'><strong>praemium</strong></span> <span class='ocrx_word' id='word_1_465' title='bbox 2869 2499 3080 2555; x_wconf 84' lang='lat' dir='ltr'><strong>strenui</strong></span> <span class='ocrx_word' id='word_1_466' title='bbox 3141 2500 3460 2565; x_wconf 79' lang='lat' dir='ltr'><strong>bellatoris,</strong></span> 
     </span>
    </p>
   </div>
   <div class='ocr_carea' id='block_1_68' title="bbox 1867 2574 3465 2666">
    <p class='ocr_par' dir='ltr' id='par_1_68' title="bbox 1867 2574 3465 2666">
     <span class='ocr_line' id='line_1_68' title="bbox 1867 2574 3465 2666; baseline -0.003 -19"><span class='ocrx_word' id='word_1_467' title='bbox 1867 2594 2016 2666; x_wconf 89' lang='lat' dir='ltr'><strong>quod</strong></span> <span class='ocrx_word' id='word_1_468' title='bbox 2054 2610 2337 2664; x_wconf 84' lang='lat' dir='ltr'><strong>nunquam</strong></span> <span class='ocrx_word' id='word_1_469' title='bbox 2374 2595 2512 2663; x_wconf 78' lang='lat' dir='ltr'><strong>eripi</strong></span> <span class='ocrx_word' id='word_1_470' title='bbox 2547 2596 2744 2664; x_wconf 86' lang='lat' dir='ltr'><strong>possit,</strong></span> <span class='ocrx_word' id='word_1_471' title='bbox 2792 2609 2855 2648; x_wconf 85' lang='lat' dir='ltr'><strong>ae</strong></span> <span class='ocrx_word' id='word_1_472' title='bbox 2903 2574 3465 2646; x_wconf 30' lang='lat' dir='ltr'><strong>\‘irtutemoexeelleuv</strong></span> 
     </span>
    </p>
   </div>
   <div class='ocr_carea' id='block_1_69' title="bbox 1867 2684 3466 2757">
    <p class='ocr_par' dir='ltr' id='par_1_69' title="bbox 1867 2684 3466 2757">
     <span class='ocr_line' id='line_1_69' title="bbox 1867 2684 3466 2757; baseline -0.002 -14"><span class='ocrx_word' id='word_1_473' title='bbox 1867 2696 1997 2753; x_wconf 89' lang='lat' dir='ltr'><strong>tem,</strong></span> <span class='ocrx_word' id='word_1_474' title='bbox 2024 2697 2079 2742; x_wconf 90' lang='lat' dir='ltr'><strong>et</strong></span> <span class='ocrx_word' id='word_1_475' title='bbox 2107 2697 2261 2743; x_wconf 72' lang='lat' dir='ltr'><strong>extra</strong></span> <span class='ocrx_word' id='word_1_476' title='bbox 2278 2700 2553 2742; x_wconf 90' lang='lat' dir='ltr'><strong>certamen</strong></span> <span class='ocrx_word' id='word_1_477' title='bbox 2587 2689 2819 2757; x_wconf 88' lang='lat' dir='ltr'><strong>positam</strong></span> <span class='ocrx_word' id='word_1_478' title='bbox 2844 2702 2858 2751; x_wconf 92' lang='lat'><strong>;</strong></span> <span class='ocrx_word' id='word_1_479' title='bbox 2894 2685 3192 2756; x_wconf 90' lang='lat' dir='ltr'><strong>quomodo,</strong></span> <span class='ocrx_word' id='word_1_480' title='bbox 3220 2695 3279 2739; x_wconf 94' lang='lat' dir='ltr'><strong>ut</strong></span> <span class='ocrx_word' id='word_1_481' title='bbox 3323 2684 3466 2740; x_wconf 80' lang='lat' dir='ltr'><strong>ratio</strong></span> 
     </span>
    </p>
   </div>
   <div class='ocr_carea' id='block_1_70' title="bbox 1867 2778 3466 2853">
    <p class='ocr_par' dir='ltr' id='par_1_70' title="bbox 1867 2778 3466 2853">
     <span class='ocr_line' id='line_1_70' title="bbox 1867 2778 3466 2853; baseline -0.003 -17"><span class='ocrx_word' id='word_1_482' title='bbox 1867 2782 2112 2853; x_wconf 85' lang='lat' dir='ltr'><strong>postulat</strong></span> <span class='ocrx_word' id='word_1_483' title='bbox 2143 2782 2229 2836; x_wconf 89' lang='lat' dir='ltr'><strong>hic</strong></span> <span class='ocrx_word' id='word_1_484' title='bbox 2262 2796 2467 2845; x_wconf 88' lang='lat' dir='ltr'><strong>sermo,</strong></span> <span class='ocrx_word' id='word_1_485' title='bbox 2494 2781 2674 2852; x_wconf 87' lang='lat' dir='ltr'><strong>qualis</strong></span> <span class='ocrx_word' id='word_1_486' title='bbox 2698 2790 2783 2836; x_wconf 83' lang='lat' dir='ltr'><strong>est</strong></span> <span class='ocrx_word' id='word_1_487' title='bbox 2814 2781 2902 2835; x_wconf 88' lang='lat' dir='ltr'><strong>hic</strong></span> <span class='ocrx_word' id='word_1_488' title='bbox 2934 2795 3196 2850; x_wconf 68' lang='lat' dir='ltr'><strong>prmsens,</strong></span> <span class='ocrx_word' id='word_1_489' title='bbox 3233 2795 3343 2833; x_wconf 91' lang='lat' dir='ltr'><strong>non</strong></span> <span class='ocrx_word' id='word_1_490' title='bbox 3369 2778 3466 2832; x_wconf 80' lang='lat' dir='ltr'><strong>ab-</strong></span> 
     </span>
    </p>
   </div>
   <div class='ocr_carea' id='block_1_71' title="bbox 1867 2871 3463 2931">
    <p class='ocr_par' dir='ltr' id='par_1_71' title="bbox 1867 2871 3463 2931">
     <span class='ocr_line' id='line_1_71' title="bbox 1867 2871 3463 2931; baseline -0.004 0"><span class='ocrx_word' id='word_1_491' title='bbox 1867 2874 2265 2931; x_wconf 85' lang='lat' dir='ltr'><strong>solutissimam</strong></span> <span class='ocrx_word' id='word_1_492' title='bbox 2330 2882 2387 2929; x_wconf 91' lang='lat' dir='ltr'><strong>et</strong></span> <span class='ocrx_word' id='word_1_493' title='bbox 2441 2874 2699 2929; x_wconf 89' lang='lat' dir='ltr'><strong>invictam</strong></span> <span class='ocrx_word' id='word_1_494' title='bbox 2766 2872 3016 2926; x_wconf 79' lang='lat' dir='ltr'><strong>veritatis</strong></span> <span class='ocrx_word' id='word_1_495' title='bbox 3070 2871 3463 2926; x_wconf 84' lang='lat' dir='ltr'><strong>ﬁrmitudinem</strong></span> 
     </span>
    </p>
   </div>
   <div class='ocr_carea' id='block_1_72' title="bbox 1867 2959 3467 3030">
    <p class='ocr_par' dir='ltr' id='par_1_72' title="bbox 1867 2959 3467 3030">
     <span class='ocr_line' id='line_1_72' title="bbox 1867 2959 3467 3030; baseline -0.004 -11"><span class='ocrx_word' id='word_1_496' title='bbox 1867 2964 2141 3022; x_wconf 80' lang='lat' dir='ltr'><strong>ostendit?</strong></span> <span class='ocrx_word' id='word_1_497' title='bbox 2177 2962 2376 3019; x_wconf 86' lang='lat' dir='ltr'><strong>Verum</strong></span> <span class='ocrx_word' id='word_1_498' title='bbox 2421 2980 2485 3019; x_wconf 87' lang='lat' dir='ltr'><strong>ea</strong></span> <span class='ocrx_word' id='word_1_499' title='bbox 2522 2964 2589 3019; x_wconf 92' lang='lat' dir='ltr'><strong>de</strong></span> <span class='ocrx_word' id='word_1_500' title='bbox 2616 2978 2783 3018; x_wconf 87' lang='lat' dir='ltr'><strong>causa</strong></span> <span class='ocrx_word' id='word_1_501' title='bbox 2823 2962 2957 3028; x_wconf 69' lang='lat' dir='ltr'><strong>hiec,</strong></span> <span class='ocrx_word' id='word_1_502' title='bbox 3004 2970 3058 3015; x_wconf 90' lang='lat' dir='ltr'><strong>et</strong></span> <span class='ocrx_word' id='word_1_503' title='bbox 3090 2975 3213 3030; x_wconf 72' lang='lat' dir='ltr'><strong>quae</strong></span> <span class='ocrx_word' id='word_1_504' title='bbox 3258 2959 3311 3012; x_wconf 90' lang='lat' dir='ltr'><strong>in</strong></span> <span class='ocrx_word' id='word_1_505' title='bbox 3366 2959 3467 3013; x_wconf 79' lang='lat' dir='ltr'><strong>hac</strong></span> 
     </span>
    </p>
   </div>
   <div class='ocr_carea' id='block_1_73' title="bbox 1867 3053 3464 3124">
    <p class='ocr_par' dir='ltr' id='par_1_73' title="bbox 1867 3053 3464 3124">
     <span class='ocr_line' id='line_1_73' title="bbox 1867 3053 3464 3124; baseline -0.004 -10"><span class='ocrx_word' id='word_1_506' title='bbox 1867 3074 1928 3114; x_wconf 91' lang='lat' dir='ltr'><strong>re</strong></span> <span class='ocrx_word' id='word_1_507' title='bbox 1972 3058 2446 3124; x_wconf 86' lang='lat' dir='ltr'><strong>contradicuutur,</strong></span> <span class='ocrx_word' id='word_1_508' title='bbox 2513 3058 2823 3119; x_wconf 88' lang='lat' dir='ltr'><strong>attulimus,</strong></span> <span class='ocrx_word' id='word_1_509' title='bbox 2863 3064 2918 3109; x_wconf 94' lang='lat' dir='ltr'><strong>et</strong></span> <span class='ocrx_word' id='word_1_510' title='bbox 2971 3053 3197 3110; x_wconf 84' lang='lat' dir='ltr'><strong>scrutati</strong></span> <span class='ocrx_word' id='word_1_511' title='bbox 3248 3068 3464 3118; x_wconf 86' lang='lat' dir='ltr'><strong>sumus,</strong></span> 
     </span>
    </p>
   </div>
   <div class='ocr_carea' id='block_1_74' title="bbox 1870 3148 3466 3223">
    <p class='ocr_par' dir='ltr' id='par_1_74' title="bbox 1870 3148 3466 3223">
     <span class='ocr_line' id='line_1_74' title="bbox 1870 3148 3466 3223; baseline -0.003 -16"><span class='ocrx_word' id='word_1_512' title='bbox 1870 3162 1929 3208; x_wconf 90' lang='lat' dir='ltr'><strong>ut</strong></span> <span class='ocrx_word' id='word_1_513' title='bbox 1960 3154 2247 3223; x_wconf 86' lang='lat' dir='ltr'><strong>perspicue</strong></span> <span class='ocrx_word' id='word_1_514' title='bbox 2295 3164 2351 3208; x_wconf 87' lang='lat' dir='ltr'><strong>et</strong></span> <span class='ocrx_word' id='word_1_515' title='bbox 2381 3152 2616 3207; x_wconf 81' lang='lat' dir='ltr'><strong>breviter</strong></span> <span class='ocrx_word' id='word_1_516' title='bbox 2641 3165 2979 3219; x_wconf 72' lang='lat' dir='ltr'><strong>cognoscas;</strong></span> <span class='ocrx_word' id='word_1_517' title='bbox 3012 3148 3123 3203; x_wconf 90' lang='lat' dir='ltr'><strong>imo</strong></span> <span class='ocrx_word' id='word_1_518' title='bbox 3158 3163 3257 3202; x_wconf 89' lang='lat' dir='ltr'><strong>nec</strong></span> <span class='ocrx_word' id='word_1_519' title='bbox 3285 3149 3466 3202; x_wconf 83' lang='lat' dir='ltr'><strong>otiose</strong></span> 
     </span>
    </p>
   </div>
   <div class='ocr_carea' id='block_1_75' title="bbox 1874 3240 3280 3313">
    <p class='ocr_par' dir='ltr' id='par_1_75' title="bbox 1874 3240 3280 3313">
     <span class='ocr_line' id='line_1_75' title="bbox 1874 3240 3280 3313; baseline -0.004 -14"><span class='ocrx_word' id='word_1_520' title='bbox 1874 3253 2128 3299; x_wconf 89' lang='lat' dir='ltr'><strong>naturam</strong></span> <span class='ocrx_word' id='word_1_521' title='bbox 2159 3260 2343 3299; x_wconf 90' lang='lat' dir='ltr'><strong>rerum</strong></span> <span class='ocrx_word' id='word_1_522' title='bbox 2379 3245 2431 3298; x_wconf 93' lang='lat' dir='ltr'><strong>in</strong></span> <span class='ocrx_word' id='word_1_523' title='bbox 2462 3245 2638 3298; x_wconf 89' lang='lat' dir='ltr'><strong>lucem</strong></span> <span class='ocrx_word' id='word_1_524' title='bbox 2667 3242 3109 3313; x_wconf 86' lang='lat' dir='ltr'><strong>deprompsimus</strong></span> <span class='ocrx_word' id='word_1_525' title='bbox 3141 3240 3280 3308; x_wconf 83' lang='lat' dir='ltr'><strong>(l6).</strong></span> 
     </span>
    </p>
   </div>
   <div class='ocr_carea' id='block_1_76' title="bbox 1945 3334 3466 3409">
    <p class='ocr_par' dir='ltr' id='par_1_76' title="bbox 1945 3334 3466 3409">
     <span class='ocr_line' id='line_1_76' title="bbox 1945 3334 3466 3409; baseline -0.003 -16"><span class='ocrx_word' id='word_1_526' title='bbox 1945 3339 2073 3393; x_wconf 68' lang='lat' dir='ltr'><strong>Haec</strong></span> <span class='ocrx_word' id='word_1_527' title='bbox 2110 3338 2275 3409; x_wconf 82' lang='lat' dir='ltr'><strong>igitur</strong></span> <span class='ocrx_word' id='word_1_528' title='bbox 2322 3354 2471 3392; x_wconf 91' lang='lat' dir='ltr'><strong>nunc</strong></span> <span class='ocrx_word' id='word_1_529' title='bbox 2520 3337 2790 3392; x_wconf 89' lang='lat' dir='ltr'><strong>hactenus</strong></span> <span class='ocrx_word' id='word_1_530' title='bbox 2827 3335 3081 3399; x_wconf 84' lang='lat' dir='ltr'><strong>breviter,</strong></span> <span class='ocrx_word' id='word_1_531' title='bbox 3134 3350 3199 3387; x_wconf 88' lang='lat' dir='ltr'><strong>ac</strong></span> <span class='ocrx_word' id='word_1_532' title='bbox 3245 3334 3466 3388; x_wconf 80' lang='lat' dir='ltr'><strong>concise</strong></span> 
     </span>
    </p>
   </div>
   <div class='ocr_carea' id='block_1_77' title="bbox 1872 3425 3468 3498">
    <p class='ocr_par' dir='ltr' id='par_1_77' title="bbox 1872 3425 3468 3498">
     <span class='ocr_line' id='line_1_77' title="bbox 1872 3425 3468 3498; baseline -0.005 -13"><span class='ocrx_word' id='word_1_533' title='bbox 1872 3431 2341 3498; x_wconf 83' lang='lat' dir='ltr'><strong>taetractavimus,</strong></span> <span class='ocrx_word' id='word_1_534' title='bbox 2394 3441 2598 3484; x_wconf 92' lang='lat' dir='ltr'><strong>utnon</strong></span> <span class='ocrx_word' id='word_1_535' title='bbox 2656 3429 2830 3482; x_wconf 90' lang='lat' dir='ltr'><strong>multo</strong></span> <span class='ocrx_word' id='word_1_536' title='bbox 2867 3428 3051 3481; x_wconf 89' lang='lat' dir='ltr'><strong>minus</strong></span> <span class='ocrx_word' id='word_1_537' title='bbox 3097 3425 3149 3479; x_wconf 92' lang='lat' dir='ltr'><strong>in</strong></span> <span class='ocrx_word' id='word_1_538' title='bbox 3201 3428 3468 3479; x_wconf 72' lang='lat' dir='ltr'><strong>exercita-</strong></span> 
     </span>
    </p>
   </div>
   <div class='ocr_carea' id='block_1_78' title="bbox 1871 3516 3466 3590">
    <p class='ocr_par' dir='ltr' id='par_1_78' title="bbox 1871 3516 3466 3590">
     <span class='ocr_line' id='line_1_78' title="bbox 1871 3516 3466 3590; baseline -0.006 -14"><span class='ocrx_word' id='word_1_539' title='bbox 1871 3522 2102 3585; x_wconf 89' lang='lat' dir='ltr'><strong>tionem,</strong></span> <span class='ocrx_word' id='word_1_540' title='bbox 2136 3536 2300 3590; x_wconf 90' lang='lat' dir='ltr'><strong>quam</strong></span> <span class='ocrx_word' id='word_1_541' title='bbox 2334 3520 2387 3573; x_wconf 92' lang='lat' dir='ltr'><strong>in</strong></span> <span class='ocrx_word' id='word_1_542' title='bbox 2439 3520 2812 3590; x_wconf 83' lang='lat' dir='ltr'><strong>cognitionem</strong></span> <span class='ocrx_word' id='word_1_543' title='bbox 2864 3527 3073 3571; x_wconf 67' lang='lat' dir='ltr'><strong>natura:</strong></span> <span class='ocrx_word' id='word_1_544' title='bbox 3099 3532 3283 3569; x_wconf 88' lang='lat' dir='ltr'><strong>rermn</strong></span> <span class='ocrx_word' id='word_1_545' title='bbox 3320 3516 3466 3585; x_wconf 61' lang='lat' dir='ltr'><strong>aSpia</strong></span> 
     </span>
    </p>
   </div>
   <div class='ocr_carea' id='block_1_79' title="bbox 1870 3604 3462 3680">
    <p class='ocr_par' dir='ltr' id='par_1_79' title="bbox 1870 3604 3462 3680">
     <span class='ocr_line' id='line_1_79' title="bbox 1870 3604 3462 3680; baseline -0.004 -15"><span class='ocrx_word' id='word_1_546' title='bbox 1870 3624 2145 3665; x_wconf 87' lang='lat' dir='ltr'><strong>ceremus.</strong></span> <span class='ocrx_word' id='word_1_547' title='bbox 2183 3611 2241 3665; x_wconf 82' lang='lat' dir='ltr'><strong>Si</strong></span> <span class='ocrx_word' id='word_1_548' title='bbox 2276 3612 2402 3680; x_wconf 89' lang='lat' dir='ltr'><strong>quis</strong></span> <span class='ocrx_word' id='word_1_549' title='bbox 2454 3625 2583 3663; x_wconf 83' lang='lat' dir='ltr'><strong>vero</strong></span> <span class='ocrx_word' id='word_1_550' title='bbox 2616 3609 2700 3663; x_wconf 84' lang='lat' dir='ltr'><strong>vel</strong></span> <span class='ocrx_word' id='word_1_551' title='bbox 2737 3623 2802 3662; x_wconf 81' lang='lat' dir='ltr'><strong>ex</strong></span> <span class='ocrx_word' id='word_1_552' title='bbox 2862 3608 3073 3661; x_wconf 86' lang='lat' dir='ltr'><strong>sanctis</strong></span> <span class='ocrx_word' id='word_1_553' title='bbox 3134 3604 3462 3674; x_wconf 82' lang='lat' dir='ltr'><strong>Scriptuiis,</strong></span> 
     </span>
    </p>
   </div>
   <div class='ocr_carea' id='block_1_80' title="bbox 1870 3698 3465 3771">
    <p class='ocr_par' dir='ltr' id='par_1_80' title="bbox 1870 3698 3465 3771">
     <span class='ocr_line' id='line_1_80' title="bbox 1870 3698 3465 3771; baseline -0.003 -13"><span class='ocrx_word' id='word_1_554' title='bbox 1870 3703 1959 3758; x_wconf 87' lang='lat' dir='ltr'><strong>vel</strong></span> <span class='ocrx_word' id='word_1_555' title='bbox 2005 3719 2071 3757; x_wconf 78' lang='lat' dir='ltr'><strong>ex</strong></span> <span class='ocrx_word' id='word_1_556' title='bbox 2103 3705 2311 3758; x_wconf 90' lang='lat' dir='ltr'><strong>sanctis</strong></span> <span class='ocrx_word' id='word_1_557' title='bbox 2340 3702 2594 3757; x_wconf 74' lang='lat' dir='ltr'><strong>Patribus</strong></span> <span class='ocrx_word' id='word_1_558' title='bbox 2643 3701 2845 3771; x_wconf 84' lang='lat' dir='ltr'><strong>aliquid</strong></span> <span class='ocrx_word' id='word_1_559' title='bbox 2892 3700 3064 3769; x_wconf 75' lang='lat' dir='ltr'><strong>magis</strong></span> <span class='ocrx_word' id='word_1_560' title='bbox 3097 3698 3366 3762; x_wconf 88' lang='lat' dir='ltr'><strong>dolatum,</strong></span> <span class='ocrx_word' id='word_1_561' title='bbox 3411 3707 3465 3753; x_wconf 75' lang='lat' dir='ltr'><strong>t-t</strong></span> 
     </span>
    </p>
   </div>
   <div class='ocr_carea' id='block_1_81' title="bbox 1874 3796 3463 3871">
    <p class='ocr_par' dir='ltr' id='par_1_81' title="bbox 1874 3796 3463 3871">
     <span class='ocr_line' id='line_1_81' title="bbox 1874 3796 3463 3871; baseline -0.003 -18"><span class='ocrx_word' id='word_1_562' title='bbox 1874 3799 2104 3870; x_wconf 83' lang='lat' dir='ltr'><strong>gratius,</strong></span> <span class='ocrx_word' id='word_1_563' title='bbox 2142 3814 2207 3855; x_wconf 90' lang='lat' dir='ltr'><strong>ac</strong></span> <span class='ocrx_word' id='word_1_564' title='bbox 2241 3800 2413 3871; x_wconf 78' lang='lat' dir='ltr'><strong>magis</strong></span> <span class='ocrx_word' id='word_1_565' title='bbox 2441 3800 2506 3853; x_wconf 88' lang='lat' dir='ltr'><strong>ad</strong></span> <span class='ocrx_word' id='word_1_566' title='bbox 2542 3799 2827 3854; x_wconf 73' lang='lat' dir='ltr'><strong>veritatem</strong></span> <span class='ocrx_word' id='word_1_567' title='bbox 2863 3796 3343 3852; x_wconf 84' lang='lat' dir='ltr'><strong>accommodatum</strong></span> <span class='ocrx_word' id='word_1_568' title='bbox 3375 3796 3463 3849; x_wconf 91' lang='lat' dir='ltr'><strong>di-</strong></span> 
     </span>
    </p>
   </div>
   <div class='ocr_carea' id='block_1_82' title="bbox 1874 3890 3466 3958">
    <p class='ocr_par' dir='ltr' id='par_1_82' title="bbox 1874 3890 3466 3958">
     <span class='ocr_line' id='line_1_82' title="bbox 1874 3890 3466 3958; baseline -0.004 -10"><span class='ocrx_word' id='word_1_569' title='bbox 1874 3892 2088 3958; x_wconf 87' lang='lat' dir='ltr'><strong>dicerit,</strong></span> <span class='ocrx_word' id='word_1_570' title='bbox 2139 3902 2194 3947; x_wconf 88' lang='lat' dir='ltr'><strong>et</strong></span> <span class='ocrx_word' id='word_1_571' title='bbox 2226 3894 2382 3949; x_wconf 86' lang='lat' dir='ltr'><strong>nobis</strong></span> <span class='ocrx_word' id='word_1_572' title='bbox 2412 3894 2702 3958; x_wconf 74' lang='lat' dir='ltr'><strong>detexerit,</strong></span> <span class='ocrx_word' id='word_1_573' title='bbox 2744 3892 2852 3945; x_wconf 89' lang='lat' dir='ltr'><strong>cito</strong></span> <span class='ocrx_word' id='word_1_574' title='bbox 2899 3890 3106 3944; x_wconf 72' lang='lat' dir='ltr'><strong>Videbit</strong></span> <span class='ocrx_word' id='word_1_575' title='bbox 3138 3903 3237 3943; x_wconf 90' lang='lat' dir='ltr'><strong>nos</strong></span> <span class='ocrx_word' id='word_1_576' title='bbox 3281 3906 3312 3943; x_wconf 88' lang='lat' dir='ltr'><strong>e</strong></span> <span class='ocrx_word' id='word_1_577' title='bbox 3364 3906 3466 3943; x_wconf 83' lang='lat' dir='ltr'><strong>nu-</strong></span> 
     </span>
    </p>
   </div>
   <div class='ocr_carea' id='block_1_83' title="bbox 1877 3981 3467 4056">
    <p class='ocr_par' dir='ltr' id='par_1_83' title="bbox 1877 3981 3467 4056">
     <span class='ocr_line' id='line_1_83' title="bbox 1877 3981 3467 4056; baseline -0.003 -17"><span class='ocrx_word' id='word_1_578' title='bbox 1877 4001 2029 4040; x_wconf 75' lang='lat' dir='ltr'><strong>mero</strong></span> <span class='ocrx_word' id='word_1_579' title='bbox 2058 3994 2114 4041; x_wconf 90' lang='lat' dir='ltr'><strong>et</strong></span> <span class='ocrx_word' id='word_1_580' title='bbox 2138 3986 2329 4042; x_wconf 85' lang='lat' dir='ltr'><strong>ordine</strong></span> <span class='ocrx_word' id='word_1_581' title='bbox 2356 3986 2748 4056; x_wconf 84' lang='lat' dir='ltr'><strong>discipulorum</strong></span> <span class='ocrx_word' id='word_1_582' title='bbox 2780 3982 2971 4049; x_wconf 79' lang='lat' dir='ltr'><strong>factos,</strong></span> <span class='ocrx_word' id='word_1_583' title='bbox 3004 3981 3203 4036; x_wconf 84' lang='lat' dir='ltr'><strong>habere</strong></span> <span class='ocrx_word' id='word_1_584' title='bbox 3232 3993 3326 4036; x_wconf 87' lang='lat' dir='ltr'><strong>eos</strong></span> <span class='ocrx_word' id='word_1_585' title='bbox 3350 3992 3467 4034; x_wconf 82' lang='lat' dir='ltr'><strong>ma-</strong></span> 
     </span>
    </p>
   </div>
   <div class='ocr_carea' id='block_1_84' title="bbox 1876 4078 2242 4150">
    <p class='ocr_par' dir='ltr' id='par_1_84' title="bbox 1876 4078 2242 4150">
     <span class='ocr_line' id='line_1_84' title="bbox 1876 4078 2242 4150; baseline 0 -18"><span class='ocrx_word' id='word_1_586' title='bbox 1876 4080 2077 4150; x_wconf 72' lang='lat' dir='ltr'><strong>gistros</strong></span> <span class='ocrx_word' id='word_1_587' title='bbox 2107 4078 2148 4149; x_wconf 80' lang='grc'><strong>(⁸</strong></span> <span class='ocrx_word' id='word_1_588' title='bbox 2166 4078 2242 4150; x_wconf 82' lang='grc'><strong>7).</strong></span> 
     </span>
    </p>
   </div>
   <div class='ocr_carea' id='block_1_85' title="bbox 1694 4185 1942 4249">
    <p class='ocr_par' dir='ltr' id='par_1_85' title="bbox 1694 4185 1942 4249">
     <span class='ocr_line' id='line_1_85' title="bbox 1694 4185 1942 4249; baseline 0.032 -8"><span class='ocrx_word' id='word_1_589' title='bbox 1694 4185 1942 4249; x_wconf 63' lang='grc' dir='ltr'><strong>ΝΟΤᾹέ.</strong></span> 
     </span>
    </p>
   </div>
   <div class='ocr_carea' id='block_1_86' title="bbox 1441 4276 1762 4338">
    <p class='ocr_par' dir='ltr' id='par_1_86' title="bbox 1441 4276 1762 4338">
     <span class='ocr_line' id='line_1_86' title="bbox 1441 4276 1762 4338; baseline 0.022 -12"><span class='ocrx_word' id='word_1_590' title='bbox 1441 4291 1491 4338; x_wconf 88' lang='grc' dir='ltr'><strong>ε,</strong></span> <span class='ocrx_word' id='word_1_591' title='bbox 1547 4276 1597 4329; x_wconf 87' lang='grc' dir='ltr'><strong>εί</strong></span> <span class='ocrx_word' id='word_1_592' title='bbox 1647 4279 1762 4333; x_wconf 84' lang='grc' dir='ltr'>καί.</span> 
     </span>
    </p>
   </div>
   <div class='ocr_carea' id='block_1_87' title="bbox 1454 4350 1762 4405">
    <p class='ocr_par' dir='ltr' id='par_1_87' title="bbox 1454 4350 1762 4405">
     <span class='ocr_line' id='line_1_87' title="bbox 1454 4350 1762 4405; baseline 0.016 -5"><span class='ocrx_word' id='word_1_593' title='bbox 1454 4356 1573 4402; x_wconf 89' lang='lat' dir='ltr'><strong>orte</strong></span> <span class='ocrx_word' id='word_1_594' title='bbox 1600 4350 1762 4405; x_wconf 89' lang='lat' dir='ltr'><strong>&#39;l&#39;urr.</strong></span> 
     </span>
    </p>
   </div>
   <div class='ocr_carea' id='block_1_88' title="bbox 250 4274 1358 4353">
    <p class='ocr_par' dir='ltr' id='par_1_88' title="bbox 250 4274 1358 4353">
     <span class='ocr_line' id='line_1_88' title="bbox 250 4274 1358 4353; baseline -0.008 -17"><span class='ocrx_word' id='word_1_595' title='bbox 250 4281 359 4353; x_wconf 77' lang='lat' dir='ltr'><strong>(l5)</strong></span> <span class='ocrx_word' id='word_1_596' title='bbox 404 4280 534 4335; x_wconf 86' lang='lat' dir='ltr'><strong>Tum</strong></span> <span class='ocrx_word' id='word_1_597' title='bbox 572 4278 679 4353; x_wconf 77' lang='lat' dir='ltr'><strong>etsi</strong></span> <span class='ocrx_word' id='word_1_598' title='bbox 714 4276 974 4347; x_wconf 82' lang='lat' dir='ltr'><strong>quamvis,</strong></span> <span class='ocrx_word' id='word_1_599' title='bbox 1015 4282 1119 4353; x_wconf 71' lang='lat' dir='ltr'><strong>etc.</strong></span> <span class='ocrx_word' id='word_1_600' title='bbox 1163 4274 1358 4327; x_wconf 86' lang='grc' dir='ltr'>Καίτοι</span> 
     </span>
    </p>
   </div>
   <div class='ocr_carea' id='block_1_89' title="bbox 184 4347 1375 4421">
    <p class='ocr_par' dir='ltr' id='par_1_89' title="bbox 184 4347 1375 4421">
     <span class='ocr_line' id='line_1_89' title="bbox 184 4347 1375 4421; baseline -0.003 -18"><span class='ocrx_word' id='word_1_601' title='bbox 184 4348 237 4407; x_wconf 86' lang='lat' dir='ltr'><strong>Id</strong></span> <span class='ocrx_word' id='word_1_602' title='bbox 258 4347 384 4407; x_wconf 75' lang='lat' dir='ltr'><strong>est:</strong></span> <span class='ocrx_word' id='word_1_603' title='bbox 420 4352 582 4421; x_wconf 85' lang='lat' dir='ltr'><strong>Atqui</strong></span> <span class='ocrx_word' id='word_1_604' title='bbox 606 4361 811 4421; x_wconf 87' lang='lat' dir='ltr'><strong>tamen,</strong></span> <span class='ocrx_word' id='word_1_605' title='bbox 856 4347 1128 4418; x_wconf 85' lang='lat' dir='ltr'><strong>quamvis,</strong></span> <span class='ocrx_word' id='word_1_606' title='bbox 1165 4354 1276 4400; x_wconf 89' lang='lat' dir='ltr'><strong>etc.</strong></span> <span class='ocrx_word' id='word_1_607' title='bbox 1302 4368 1375 4387; x_wconf 83' lang='lat'><strong>-—</strong></span> 
     </span>
    </p>
   </div>
   <div class='ocr_carea' id='block_1_90' title="bbox 184 4420 743 4492">
    <p class='ocr_par' dir='ltr' id='par_1_90' title="bbox 184 4420 743 4492">
     <span class='ocr_line' id='line_1_90' title="bbox 184 4420 743 4492; baseline -0.011 -14"><span class='ocrx_word' id='word_1_608' title='bbox 184 4425 475 4492; x_wconf 88' lang='lat' dir='ltr'><strong>scripserat</strong></span> <span class='ocrx_word' id='word_1_609' title='bbox 506 4420 743 4475; x_wconf 86' lang='lat' dir='ltr'><strong>tametsi.</strong></span> 
     </span>
    </p>
   </div>
   <div class='ocr_carea' id='block_1_91' title="bbox 252 4486 2229 4566">
    <p class='ocr_par' dir='ltr' id='par_1_91' title="bbox 252 4486 2229 4566">
     <span class='ocr_line' id='line_1_91' title="bbox 252 4486 2229 4566; baseline -0.005 -18"><span class='ocrx_word' id='word_1_610' title='bbox 252 4486 365 4564; x_wconf 65' lang='grc' dir='ltr'><strong>(η)</strong></span> <span class='ocrx_word' id='word_1_611' title='bbox 410 4493 636 4566; x_wconf 65' lang='lat' dir='ltr'><strong>[leliqua</strong></span> <span class='ocrx_word' id='word_1_612' title='bbox 666 4491 814 4566; x_wconf 71' lang='lat' dir='ltr'><strong>enim</strong></span> <span class='ocrx_word' id='word_1_613' title='bbox 848 4486 1010 4557; x_wconf 82' lang='lat' dir='ltr'><strong>hujus</strong></span> <span class='ocrx_word' id='word_1_614' title='bbox 1048 4487 1359 4566; x_wconf 72' lang='lat' dir='ltr'><strong>argumenti</strong></span> <span class='ocrx_word' id='word_1_615' title='bbox 1396 4496 1452 4542; x_wconf 85' lang='lat' dir='ltr'><strong>et</strong></span> <span class='ocrx_word' id='word_1_616' title='bbox 1482 4488 1714 4566; x_wconf 55' lang='lat' dir='ltr'><strong>rationis</strong></span> <span class='ocrx_word' id='word_1_617' title='bbox 1745 4508 1759 4547; x_wconf 87' lang='lat'>:</span> <span class='ocrx_word' id='word_1_618' title='bbox 1798 4500 1841 4555; x_wconf 83' lang='grc'><strong>1)</strong></span> <span class='ocrx_word' id='word_1_619' title='bbox 1938 4486 2046 4566; x_wconf 61' lang='lat' dir='ltr'><strong>qua</strong></span> <span class='ocrx_word' id='word_1_620' title='bbox 2077 4505 2229 4566; x_wconf 69' lang='lat' dir='ltr'><strong>pane</strong></span> 
     </span>
    </p>
   </div>
   <div class='ocr_carea' id='block_1_92' title="bbox 184 4556 1763 4633">
    <p class='ocr_par' dir='ltr' id='par_1_92' title="bbox 184 4556 1763 4633">
     <span class='ocr_line' id='line_1_92' title="bbox 184 4556 1763 4633; baseline 0.001 -18"><span class='ocrx_word' id='word_1_621' title='bbox 184 4556 270 4616; x_wconf 71' lang='lat' dir='ltr'><strong>rei</strong></span> <span class='ocrx_word' id='word_1_622' title='bbox 289 4556 397 4633; x_wconf 76' lang='grc' dir='ltr'><strong>γάρ</strong></span> <span class='ocrx_word' id='word_1_623' title='bbox 428 4556 591 4616; x_wconf 77' lang='grc' dir='ltr'>λοιπά</span> <span class='ocrx_word' id='word_1_624' title='bbox 622 4560 731 4613; x_wconf 91' lang='grc' dir='ltr'><strong>τῶν</strong></span> <span class='ocrx_word' id='word_1_625' title='bbox 757 4556 1221 4629; x_wconf 79' lang='grc' dir='ltr'>ἐπιχειρημάτων.</span> <span class='ocrx_word' id='word_1_626' title='bbox 1281 4557 1340 4612; x_wconf 92' lang='lat' dir='ltr'><strong>ld</strong></span> <span class='ocrx_word' id='word_1_627' title='bbox 1371 4567 1455 4613; x_wconf 85' lang='lat' dir='ltr'><strong>est</strong></span> <span class='ocrx_word' id='word_1_628' title='bbox 1489 4576 1502 4612; x_wconf 89' lang='lat'><strong>:</strong></span> <span class='ocrx_word' id='word_1_629' title='bbox 1532 4556 1763 4631; x_wconf 80' lang='lat' dir='ltr'><strong>Reliqua</strong></span> 
     </span>
    </p>
   </div>
   <div class='ocr_carea' id='block_1_93' title="bbox 187 4636 703 4711">
    <p class='ocr_par' dir='ltr' id='par_1_93' title="bbox 187 4636 703 4711">
     <span class='ocr_line' id='line_1_93' title="bbox 187 4636 703 4711; baseline -0.01 -23"><span class='ocrx_word' id='word_1_630' title='bbox 187 4636 703 4711; x_wconf 35' lang='lat' dir='ltr'><strong>etiitnnargumenta.</strong></span> 
     </span>
    </p>
   </div>
   <div class='ocr_carea' id='block_1_94' title="bbox 254 4698 1764 4775">
    <p class='ocr_par' dir='ltr' id='par_1_94' title="bbox 254 4698 1764 4775">
     <span class='ocr_line' id='line_1_94' title="bbox 254 4698 1764 4775; baseline -0.001 -18"><span class='ocrx_word' id='word_1_631' title='bbox 254 4705 362 4775; x_wconf 87' lang='lat' dir='ltr'><strong>(l5)</strong></span> <span class='ocrx_word' id='word_1_632' title='bbox 406 4698 473 4756; x_wconf 80' lang='lat' dir='ltr'><strong>Et</strong></span> <span class='ocrx_word' id='word_1_633' title='bbox 498 4701 710 4773; x_wconf 81' lang='lat' dir='ltr'><strong>quidem</strong></span> <span class='ocrx_word' id='word_1_634' title='bbox 747 4716 876 4775; x_wconf 79' lang='lat' dir='ltr'><strong>quos</strong></span> <span class='ocrx_word' id='word_1_635' title='bbox 905 4714 1167 4753; x_wconf 79' lang='lat' dir='ltr'><strong>sermones</strong></span> <span class='ocrx_word' id='word_1_636' title='bbox 1196 4698 1349 4775; x_wconf 63' lang='lat' dir='ltr'><strong>facti</strong></span> <span class='ocrx_word' id='word_1_637' title='bbox 1402 4718 1435 4775; x_wconf 71' lang='grc' dir='ltr'><strong>ιι</strong></span> <span class='ocrx_word' id='word_1_638' title='bbox 1463 4701 1764 4775; x_wconf 62' lang='lat' dir='ltr'><strong>contradi-</strong></span> 
     </span>
    </p>
   </div>
   <div class='ocr_carea' id='block_1_95' title="bbox 188 4770 1764 4840">
    <p class='ocr_par' dir='ltr' id='par_1_95' title="bbox 188 4770 1764 4840">
     <span class='ocr_line' id='line_1_95' title="bbox 188 4770 1764 4840; baseline -0.002 -11"><span class='ocrx_word' id='word_1_639' title='bbox 188 4770 340 4829; x_wconf 70' lang='lat' dir='ltr'><strong>cendo</strong></span> <span class='ocrx_word' id='word_1_640' title='bbox 386 4770 918 4836; x_wconf 75' lang='lat' dir='ltr'><strong>deterrueruitt,siue</strong></span> <span class='ocrx_word' id='word_1_641' title='bbox 973 4786 1147 4840; x_wconf 82' lang='lat' dir='ltr'><strong>pugna</strong></span> <span class='ocrx_word' id='word_1_642' title='bbox 1190 4770 1310 4823; x_wconf 69' lang='lat' dir='ltr'><strong>illo:</strong></span> <span class='ocrx_word' id='word_1_643' title='bbox 1344 4772 1553 4840; x_wconf 76' lang='lat' dir='ltr'><strong>quidem</strong></span> <span class='ocrx_word' id='word_1_644' title='bbox 1598 4773 1764 4827; x_wconf 76' lang='lat' dir='ltr'><strong>victos</strong></span> 
     </span>
    </p>
   </div>
   <div class='ocr_carea' id='block_1_96' title="bbox 187 4841 1761 4914">
    <p class='ocr_par' dir='ltr' id='par_1_96' title="bbox 187 4841 1761 4914">
     <span class='ocr_line' id='line_1_96' title="bbox 187 4841 1761 4914; baseline -0.001 -17"><span class='ocrx_word' id='word_1_645' title='bbox 187 4846 514 4914; x_wconf 61' lang='lat' dir='ltr'><strong>pradicant;</strong></span> <span class='ocrx_word' id='word_1_646' title='bbox 565 4842 751 4914; x_wconf 70' lang='lat' dir='ltr'><strong>quibus</strong></span> <span class='ocrx_word' id='word_1_647' title='bbox 786 4851 967 4914; x_wconf 75' lang='lat' dir='ltr'><strong>autem</strong></span> <span class='ocrx_word' id='word_1_648' title='bbox 1006 4841 1419 4914; x_wconf 72' lang='lat' dir='ltr'><strong>admirationem</strong></span> <span class='ocrx_word' id='word_1_649' title='bbox 1466 4852 1761 4906; x_wconf 80' lang='lat' dir='ltr'><strong>moverunt,</strong></span> 
     </span>
    </p>
   </div>
   <div class='ocr_carea' id='block_1_97' title="bbox 190 4910 1763 4983">
    <p class='ocr_par' dir='ltr' id='par_1_97' title="bbox 190 4910 1763 4983">
     <span class='ocr_line' id='line_1_97' title="bbox 190 4910 1763 4983; baseline -0.001 -15"><span class='ocrx_word' id='word_1_650' title='bbox 190 4910 465 4983; x_wconf 71' lang='lat' dir='ltr'><strong>cammissa</strong></span> <span class='ocrx_word' id='word_1_651' title='bbox 490 4910 686 4983; x_wconf 67' lang='lat' dir='ltr'><strong>pugna,</strong></span> <span class='ocrx_word' id='word_1_652' title='bbox 714 4912 821 4965; x_wconf 82' lang='lat' dir='ltr'><strong>illis</strong></span> <span class='ocrx_word' id='word_1_653' title='bbox 850 4913 980 4965; x_wconf 81' lang='lat' dir='ltr'><strong>vires</strong></span> <span class='ocrx_word' id='word_1_654' title='bbox 1009 4928 1117 4983; x_wconf 63' lang='lat' dir='ltr'><strong>nou</strong></span> <span class='ocrx_word' id='word_1_655' title='bbox 1140 4910 1328 4983; x_wconf 79' lang='lat' dir='ltr'><strong>dubias</strong></span> <span class='ocrx_word' id='word_1_656' title='bbox 1347 4920 1555 4965; x_wconf 77' lang='lat' dir='ltr'><strong>strenue</strong></span> <span class='ocrx_word' id='word_1_657' title='bbox 1583 4915 1763 4983; x_wconf 66' lang='lat' dir='ltr'><strong>testati</strong></span> 
     </span>
    </p>
   </div>
   <div class='ocr_carea' id='block_1_98' title="bbox 187 4980 1764 5066">
    <p class='ocr_par' dir='ltr' id='par_1_98' title="bbox 187 4980 1764 5066">
     <span class='ocr_line' id='line_1_98' title="bbox 187 4980 1764 5066; baseline -0.003 -27"><span class='ocrx_word' id='word_1_658' title='bbox 187 4994 321 5066; x_wconf 52' lang='lat' dir='ltr'><strong>attrit.</strong></span> <span class='ocrx_word' id='word_1_659' title='bbox 343 4981 437 5048; x_wconf 77' lang='grc' dir='ltr'>Οἷς</span> <span class='ocrx_word' id='word_1_660' title='bbox 457 4980 695 5066; x_wconf 55' lang='grc' dir='ltr'>μὲνγὰρ</span> <span class='ocrx_word' id='word_1_661' title='bbox 717 4985 765 5066; x_wconf 80' lang='grc' dir='ltr'>οἱ</span> <span class='ocrx_word' id='word_1_662' title='bbox 792 4980 1244 5066; x_wconf 76' lang='grc' dir='ltr'>προσενεχθέντες</span> <span class='ocrx_word' id='word_1_663' title='bbox 1274 4980 1421 5066; x_wconf 70' lang='grc' dir='ltr'>λόγοι</span> <span class='ocrx_word' id='word_1_664' title='bbox 1450 4982 1511 5035; x_wconf 81' lang='grc' dir='ltr'><strong>τὸ</strong></span> <span class='ocrx_word' id='word_1_665' title='bbox 1538 4980 1764 5066; x_wconf 49' lang='lat' dir='ltr'><strong>obiere?</strong></span> 
     </span>
    </p>
   </div>
   <div class='ocr_carea' id='block_1_99' title="bbox 189 5052 1763 5125">
    <p class='ocr_par' dir='ltr' id='par_1_99' title="bbox 189 5052 1763 5125">
     <span class='ocr_line' id='line_1_99' title="bbox 189 5052 1763 5125; baseline -0.001 -16"><span class='ocrx_word' id='word_1_666' title='bbox 189 5052 502 5123; x_wconf 69' lang='grc' dir='ltr'>ἠνέγκαντο,</span> <span class='ocrx_word' id='word_1_667' title='bbox 552 5052 851 5125; x_wconf 68' lang='grc' dir='ltr'>τῆν’νίκην</span> <span class='ocrx_word' id='word_1_668' title='bbox 900 5052 1264 5125; x_wconf 64' lang='grc' dir='ltr'>κηρύττουσιν</span> <span class='ocrx_word' id='word_1_669' title='bbox 1296 5052 1529 5125; x_wconf 78' lang='grc' dir='ltr'>ἄμαχον.</span> <span class='ocrx_word' id='word_1_670' title='bbox 1579 5052 1672 5117; x_wconf 77' lang='grc' dir='ltr'><strong>Οἷς</strong></span> <span class='ocrx_word' id='word_1_671' title='bbox 1704 5055 1763 5125; x_wconf 85' lang='grc' dir='ltr'><strong>δέ</strong></span> 
     </span>
    </p>
   </div>
   <div class='ocr_carea' id='block_1_100' title="bbox 190 5122 1762 5196">
    <p class='ocr_par' dir='ltr' id='par_1_100' title="bbox 190 5122 1762 5196">
     <span class='ocr_line' id='line_1_100' title="bbox 190 5122 1762 5196; baseline 0.001 -19"><span class='ocrx_word' id='word_1_672' title='bbox 190 5122 277 5178; x_wconf 81' lang='grc' dir='ltr'>καὶ</span> <span class='ocrx_word' id='word_1_673' title='bbox 295 5122 487 5180; x_wconf 78' lang='grc' dir='ltr'>αὐτῶν</span> <span class='ocrx_word' id='word_1_674' title='bbox 513 5122 656 5196; x_wconf 65' lang='lat' dir='ltr'><strong>(lego</strong></span> <span class='ocrx_word' id='word_1_675' title='bbox 682 5124 851 5192; x_wconf 80' lang='grc' dir='ltr'>αὐτῷ)</span> <span class='ocrx_word' id='word_1_676' title='bbox 878 5122 956 5196; x_wconf 84' lang='grc' dir='ltr'>τῷ</span> <span class='ocrx_word' id='word_1_677' title='bbox 978 5122 1675 5196; x_wconf 68' lang='grc' dir='ltr'>συμπλακῆναιτεθήπασι,</span> <span class='ocrx_word' id='word_1_678' title='bbox 1700 5124 1762 5177; x_wconf 84' lang='grc' dir='ltr'><strong>τὸ</strong></span> 
     </span>
    </p>
   </div>
   <div class='ocr_carea' id='block_1_101' title="bbox 190 5192 1760 5267">
    <p class='ocr_par' dir='ltr' id='par_1_101' title="bbox 190 5192 1760 5267">
     <span class='ocr_line' id='line_1_101' title="bbox 190 5192 1760 5267; baseline 0.001 -20"><span class='ocrx_word' id='word_1_679' title='bbox 190 5197 382 5267; x_wconf 76' lang='grc' dir='ltr'>κράτος</span> <span class='ocrx_word' id='word_1_680' title='bbox 432 5192 539 5267; x_wconf 81' lang='grc' dir='ltr'><strong>τῶν</strong></span> <span class='ocrx_word' id='word_1_681' title='bbox 596 5192 1014 5267; x_wconf 78' lang='grc' dir='ltr'>ἀριστευμάτων</span> <span class='ocrx_word' id='word_1_682' title='bbox 1044 5194 1152 5246; x_wconf 80' lang='grc' dir='ltr'>οὐδ’</span> <span class='ocrx_word' id='word_1_683' title='bbox 1183 5192 1552 5267; x_wconf 76' lang='grc' dir='ltr'>ἀναμφίϐολον</span> <span class='ocrx_word' id='word_1_684' title='bbox 1586 5197 1760 5265; x_wconf 73' lang='grc' dir='ltr'>ἐμάρο</span> 
     </span>
    </p>
   </div>
   <div class='ocr_carea' id='block_1_102' title="bbox 194 5263 1763 5342">
    <p class='ocr_par' dir='ltr' id='par_1_102' title="bbox 194 5263 1763 5342">
     <span class='ocr_line' id='line_1_102' title="bbox 194 5263 1763 5342; baseline 0.003 -27"><span class='ocrx_word' id='word_1_685' title='bbox 194 5265 447 5336; x_wconf 84' lang='grc' dir='ltr'>τύρησαν.</span> <span class='ocrx_word' id='word_1_686' title='bbox 479 5266 535 5319; x_wconf 81' lang='lat' dir='ltr'><strong>Id</strong></span> <span class='ocrx_word' id='word_1_687' title='bbox 567 5263 687 5319; x_wconf 78' lang='lat' dir='ltr'><strong>est:</strong></span> <span class='ocrx_word' id='word_1_688' title='bbox 718 5268 852 5342; x_wconf 78' lang='lat' dir='ltr'><strong>Nam</strong></span> <span class='ocrx_word' id='word_1_689' title='bbox 879 5272 1147 5342; x_wconf 74' lang='lat' dir='ltr'><strong>quatenus</strong></span> <span class='ocrx_word' id='word_1_690' title='bbox 1177 5264 1393 5334; x_wconf 87' lang='lat' dir='ltr'><strong>quidem</strong></span> <span class='ocrx_word' id='word_1_691' title='bbox 1419 5263 1763 5342; x_wconf 80' lang='lat' dir='ltr'><strong>adversario-</strong></span> 
     </span>
    </p>
   </div>
   <div class='ocr_carea' id='block_1_103' title="bbox 194 5334 1762 5412">
    <p class='ocr_par' dir='ltr' id='par_1_103' title="bbox 194 5334 1762 5412">
     <span class='ocr_line' id='line_1_103' title="bbox 194 5334 1762 5412; baseline 0.001 -25"><span class='ocrx_word' id='word_1_692' title='bbox 194 5334 340 5412; x_wconf 46' lang='lat' dir='ltr'><strong>retin</strong></span> <span class='ocrx_word' id='word_1_693' title='bbox 364 5346 674 5412; x_wconf 75' lang='lat' dir='ltr'><strong>nostrorum</strong></span> <span class='ocrx_word' id='word_1_694' title='bbox 730 5335 1177 5388; x_wconf 88' lang='lat' dir='ltr'><strong>ratiocinationes</strong></span> <span class='ocrx_word' id='word_1_695' title='bbox 1249 5334 1544 5412; x_wconf 72' lang='lat' dir='ltr'><strong>commissa</strong></span> <span class='ocrx_word' id='word_1_696' title='bbox 1607 5337 1762 5404; x_wconf 85' lang='lat' dir='ltr'><strong>quasi</strong></span> 
     </span>
    </p>
   </div>
   <div class='ocr_carea' id='block_1_104' title="bbox 194 5405 1761 5475">
    <p class='ocr_par' dir='ltr' id='par_1_104' title="bbox 194 5405 1761 5475">
     <span class='ocr_line' id='line_1_104' title="bbox 194 5405 1761 5475; baseline 0.003 -20"><span class='ocrx_word' id='word_1_697' title='bbox 194 5405 473 5460; x_wconf 76' lang='lat' dir='ltr'><strong>inferiores</strong></span> <span class='ocrx_word' id='word_1_698' title='bbox 502 5406 897 5469; x_wconf 83' lang='lat' dir='ltr'><strong>discesserunt,</strong></span> <span class='ocrx_word' id='word_1_699' title='bbox 949 5414 1197 5458; x_wconf 89' lang='lat' dir='ltr'><strong>nostram</strong></span> <span class='ocrx_word' id='word_1_700' title='bbox 1229 5405 1514 5459; x_wconf 90' lang='lat' dir='ltr'><strong>victoriam</strong></span> <span class='ocrx_word' id='word_1_701' title='bbox 1562 5408 1761 5475; x_wconf 62' lang='lat' dir='ltr'><strong>praedi-</strong></span> 
     </span>
    </p>
   </div>
   <div class='ocr_carea' id='block_1_105' title="bbox 194 5475 1760 5546">
    <p class='ocr_par' dir='ltr' id='par_1_105' title="bbox 194 5475 1760 5546">
     <span class='ocr_line' id='line_1_105' title="bbox 194 5475 1760 5546; baseline 0.002 -19"><span class='ocrx_word' id='word_1_702' title='bbox 194 5486 309 5530; x_wconf 78' lang='lat' dir='ltr'><strong>Caut</strong></span> <span class='ocrx_word' id='word_1_703' title='bbox 338 5492 456 5531; x_wconf 90' lang='lat' dir='ltr'><strong>esse</strong></span> <span class='ocrx_word' id='word_1_704' title='bbox 474 5475 813 5545; x_wconf 87' lang='lat' dir='ltr'><strong>hujusmodi,</strong></span> <span class='ocrx_word' id='word_1_705' title='bbox 846 5476 1346 5544; x_wconf 80' lang='lat' dir='ltr'><strong>utredintegrando</strong></span> <span class='ocrx_word' id='word_1_706' title='bbox 1366 5476 1554 5546; x_wconf 65' lang='lat' dir='ltr'><strong>praelia</strong></span> <span class='ocrx_word' id='word_1_707' title='bbox 1584 5480 1760 5531; x_wconf 89' lang='lat' dir='ltr'><strong>locum</strong></span> 
     </span>
    </p>
   </div>
   <div class='ocr_carea' id='block_1_106' title="bbox 195 5546 1764 5622">
    <p class='ocr_par' dir='ltr' id='par_1_106' title="bbox 195 5546 1764 5622">
     <span class='ocr_line' id='line_1_106' title="bbox 195 5546 1764 5622; baseline 0.001 -25"><span class='ocrx_word' id='word_1_708' title='bbox 195 5558 295 5622; x_wconf 70' lang='lat' dir='ltr'><strong>non</strong></span> <span class='ocrx_word' id='word_1_709' title='bbox 326 5548 592 5622; x_wconf 81' lang='lat' dir='ltr'><strong>relinquat</strong></span> <span class='ocrx_word' id='word_1_710' title='bbox 623 5563 636 5599; x_wconf 89' lang='lat'><strong>:</strong></span> <span class='ocrx_word' id='word_1_711' title='bbox 670 5555 943 5616; x_wconf 88' lang='lat' dir='ltr'><strong>quatenus</strong></span> <span class='ocrx_word' id='word_1_712' title='bbox 980 5556 1162 5622; x_wconf 83' lang='lat' dir='ltr'><strong>autem</strong></span> <span class='ocrx_word' id='word_1_713' title='bbox 1193 5547 1246 5600; x_wconf 89' lang='lat' dir='ltr'><strong>in</strong></span> <span class='ocrx_word' id='word_1_714' title='bbox 1280 5546 1398 5616; x_wconf 90' lang='lat' dir='ltr'><strong>ipso</strong></span> <span class='ocrx_word' id='word_1_715' title='bbox 1436 5548 1599 5622; x_wconf 85' lang='lat' dir='ltr'><strong>veluti</strong></span> <span class='ocrx_word' id='word_1_716' title='bbox 1630 5563 1764 5602; x_wconf 82' lang='lat' dir='ltr'><strong>cou-</strong></span> 
     </span>
    </p>
   </div>
   <div class='ocr_carea' id='block_1_107' title="bbox 196 5611 1762 5686">
    <p class='ocr_par' dir='ltr' id='par_1_107' title="bbox 196 5611 1762 5686">
     <span class='ocr_line' id='line_1_107' title="bbox 196 5611 1762 5686; baseline 0.006 -22"><span class='ocrx_word' id='word_1_717' title='bbox 196 5611 332 5668; x_wconf 86' lang='lat' dir='ltr'><strong>llietu</strong></span> <span class='ocrx_word' id='word_1_718' title='bbox 374 5611 796 5686; x_wconf 75' lang='lat' dir='ltr'><strong>obsiupuerunt,</strong></span> <span class='ocrx_word' id='word_1_719' title='bbox 829 5616 1172 5671; x_wconf 87' lang='lat' dir='ltr'><strong>strenuitatis</strong></span> <span class='ocrx_word' id='word_1_720' title='bbox 1208 5611 1411 5672; x_wconf 74' lang='lat' dir='ltr'><strong>nostra:</strong></span> <span class='ocrx_word' id='word_1_721' title='bbox 1440 5618 1610 5672; x_wconf 86' lang='lat' dir='ltr'><strong>robur</strong></span> <span class='ocrx_word' id='word_1_722' title='bbox 1648 5634 1762 5673; x_wconf 88' lang='lat' dir='ltr'><strong>non</strong></span> 
     </span>
    </p>
   </div>
   <div class='ocr_carea' id='block_1_108' title="bbox 197 5687 977 5742">
    <p class='ocr_par' dir='ltr' id='par_1_108' title="bbox 197 5687 977 5742">
     <span class='ocr_line' id='line_1_108' title="bbox 197 5687 977 5742; baseline 0.004 -5"><span class='ocrx_word' id='word_1_723' title='bbox 197 5698 314 5739; x_wconf 83' lang='lat' dir='ltr'><strong>esse</strong></span> <span class='ocrx_word' id='word_1_724' title='bbox 337 5687 559 5741; x_wconf 82' lang='lat' dir='ltr'><strong>dubium</strong></span> <span class='ocrx_word' id='word_1_725' title='bbox 589 5696 797 5742; x_wconf 73' lang='lat' dir='ltr'><strong>testata:</strong></span> <span class='ocrx_word' id='word_1_726' title='bbox 827 5694 977 5741; x_wconf 91' lang='lat' dir='ltr'><strong>sunt.</strong></span> 
     </span>
    </p>
   </div>
   <div class='ocr_carea' id='block_1_109' title="bbox 259 5753 1759 5831">
    <p class='ocr_par' dir='ltr' id='par_1_109' title="bbox 259 5753 1759 5831">
     <span class='ocr_line' id='line_1_109' title="bbox 259 5753 1759 5831; baseline 0.009 -21"><span class='ocrx_word' id='word_1_727' title='bbox 259 5754 552 5815; x_wconf 80' lang='lat' dir='ltr'><strong>Turriauus</strong></span> <span class='ocrx_word' id='word_1_728' title='bbox 580 5758 812 5815; x_wconf 82' lang='lat' dir='ltr'><strong>credidit</strong></span> <span class='ocrx_word' id='word_1_729' title='bbox 839 5758 941 5818; x_wconf 82' lang='lat' dir='ltr'><strong>bos</strong></span> <span class='ocrx_word' id='word_1_730' title='bbox 964 5753 1356 5830; x_wconf 57' lang='lat' dir='ltr'><strong>ablatiyosml;</strong></span> <span class='ocrx_word' id='word_1_731' title='bbox 1382 5758 1502 5831; x_wconf 81' lang='grc' dir='ltr'>μὲν,</span> <span class='ocrx_word' id='word_1_732' title='bbox 1532 5795 1550 5817; x_wconf 66' lang='grc' dir='ltr'><em>υ</em></span> <span class='ocrx_word' id='word_1_733' title='bbox 1580 5800 1594 5819; x_wconf 92' lang='grc'><strong>.</strong></span> <span class='ocrx_word' id='word_1_734' title='bbox 1628 5800 1645 5818; x_wconf 71' lang='grc' dir='ltr'><strong>ι</strong></span> <span class='ocrx_word' id='word_1_735' title='bbox 1676 5754 1759 5823; x_wconf 72' lang='grc' dir='ltr'><strong>οἷς</strong></span> 
     </span>
    </p>
   </div>
   <div class='ocr_carea' id='block_1_110' title="bbox 1871 4260 3465 4353">
    <p class='ocr_par' dir='ltr' id='par_1_110' title="bbox 1871 4260 3465 4353">
     <span class='ocr_line' id='line_1_110' title="bbox 1871 4260 3465 4353; baseline -0.005 -16"><span class='ocrx_word' id='word_1_736' title='bbox 1871 4283 1949 4350; x_wconf 61' lang='grc' dir='ltr'><strong>δέ,</strong></span> <span class='ocrx_word' id='word_1_737' title='bbox 1987 4283 2300 4352; x_wconf 81' lang='lat' dir='ltr'><strong>signiﬁcare</strong></span> <span class='ocrx_word' id='word_1_738' title='bbox 2331 4294 2597 4353; x_wconf 85' lang='lat' dir='ltr'><strong>personas</strong></span> <span class='ocrx_word' id='word_1_739' title='bbox 2653 4295 2689 4353; x_wconf 14' lang='lat'><strong>:7</strong></span> <span class='ocrx_word' id='word_1_740' title='bbox 2718 4281 2811 4353; x_wconf 86' lang='lat' dir='ltr'><strong>sed</strong></span> <span class='ocrx_word' id='word_1_741' title='bbox 2854 4278 3117 4335; x_wconf 87' lang='lat' dir='ltr'><strong>debemus</strong></span> <span class='ocrx_word' id='word_1_742' title='bbox 3151 4260 3465 4333; x_wconf 59' lang='lat' dir='ltr'><strong>suliintelli‘</strong></span> 
     </span>
    </p>
   </div>
   <div class='ocr_carea' id='block_1_111' title="bbox 1871 4352 2877 4425">
    <p class='ocr_par' dir='ltr' id='par_1_111' title="bbox 1871 4352 2877 4425">
     <span class='ocr_line' id='line_1_111' title="bbox 1871 4352 2877 4425; baseline -0.006 -15"><span class='ocrx_word' id='word_1_743' title='bbox 1871 4369 2001 4423; x_wconf 77' lang='lat' dir='ltr'><strong>gere</strong></span> <span class='ocrx_word' id='word_1_744' title='bbox 2032 4352 2379 4425; x_wconf 77' lang='grc' dir='ltr'>πράγμασιν,</span> <span class='ocrx_word' id='word_1_745' title='bbox 2405 4362 2460 4408; x_wconf 90' lang='lat' dir='ltr'><strong>et</strong></span> <span class='ocrx_word' id='word_1_746' title='bbox 2490 4354 2572 4409; x_wconf 88' lang='lat' dir='ltr'><strong>sic</strong></span> <span class='ocrx_word' id='word_1_747' title='bbox 2599 4352 2829 4407; x_wconf 82' lang='lat' dir='ltr'><strong>reddere</strong></span> <span class='ocrx_word' id='word_1_748' title='bbox 2863 4367 2877 4403; x_wconf 88' lang='lat'><strong>:</strong></span> 
     </span>
    </p>
   </div>
   <div class='ocr_carea' id='block_1_112' title="bbox 1940 4435 2215 4494">
    <p class='ocr_par' dir='ltr' id='par_1_112' title="bbox 1940 4435 2215 4494">
     <span class='ocr_line' id='line_1_112' title="bbox 1940 4435 2215 4494; baseline 0.007 -15"><span class='ocrx_word' id='word_1_749' title='bbox 1940 4435 2215 4494; x_wconf 84' lang='lat' dir='ltr'><strong>quatenus</strong></span> 
     </span>
    </p>
   </div>
   <div class='ocr_carea' id='block_1_113' title="bbox 2833 4465 3107 4528">
    <p class='ocr_par' dir='ltr' id='par_1_113' title="bbox 2833 4465 3107 4528">
     <span class='ocr_line' id='line_1_113' title="bbox 2833 4465 3107 4528; baseline -0.007 -17"><span class='ocrx_word' id='word_1_750' title='bbox 2833 4465 3107 4528; x_wconf 88' lang='lat' dir='ltr'><strong>quatenus</strong></span> 
     </span>
    </p>
   </div>
   <div class='ocr_carea' id='block_1_114' title="bbox 1979 4528 3335 4621">
    <p class='ocr_par' dir='ltr' id='par_1_114' title="bbox 1979 4528 3335 4621">
     <span class='ocr_line' id='line_1_114' title="bbox 1979 4528 3335 4621; baseline -0.029 1"><span class='ocrx_word' id='word_1_751' title='bbox 1979 4528 2290 4621; x_wconf 48' lang='grc' dir='ltr'><strong>ἕξιῖἶξξιῖςὶ</strong></span> <span class='ocrx_word' id='word_1_752' title='bbox 2340 4528 2584 4600; x_wconf 47' lang='lat' dir='ltr'><strong>“idem</strong></span> <span class='ocrx_word' id='word_1_753' title='bbox 2662 4530 2762 4596; x_wconf 72' lang='grc' dir='ltr'>υεί»</span> <span class='ocrx_word' id='word_1_754' title='bbox 2837 4528 3335 4621; x_wconf 64' lang='lat' dir='ltr'><strong>qualzarlcjvero,</strong></span> 
     </span>
    </p>
   </div>
   <div class='ocr_carea' id='block_1_115' title="bbox 1935 4582 3098 4707">
    <p class='ocr_par' dir='ltr' id='par_1_115' title="bbox 1935 4582 3098 4707">
     <span class='ocr_line' id='line_1_115' title="bbox 1935 4582 3098 4707; baseline -0.005 -52"><span class='ocrx_word' id='word_1_755' title='bbox 1935 4582 2198 4707; x_wconf 40' lang='lat'><strong>£13233?</strong></span> <span class='ocrx_word' id='word_1_756' title='bbox 2261 4582 2290 4696; x_wconf 50' lang='grc' dir='ltr'><strong>ς</strong></span> <span class='ocrx_word' id='word_1_757' title='bbox 2346 4582 2583 4600; x_wconf 9' lang='lat' dir='ltr'><strong>ira,“</strong></span> <span class='ocrx_word' id='word_1_758' title='bbox 2837 4582 3098 4672; x_wconf 65' lang='lat' dir='ltr'><strong>quoniam</strong></span> 
     </span>
    </p>
   </div>
   <div class='ocr_carea' id='block_1_116' title="bbox 1939 4699 3460 4777">
    <p class='ocr_par' dir='ltr' id='par_1_116' title="bbox 1939 4699 3460 4777">
     <span class='ocr_line' id='line_1_116' title="bbox 1939 4699 3460 4777; baseline -0.004 -18"><span class='ocrx_word' id='word_1_759' title='bbox 1939 4699 2065 4777; x_wconf 72' lang='grc'><strong>(16)’</strong></span> <span class='ocrx_word' id='word_1_760' title='bbox 2099 4705 2167 4760; x_wconf 88' lang='lat' dir='ltr'><strong>Ut</strong></span> <span class='ocrx_word' id='word_1_761' title='bbox 2198 4707 2475 4776; x_wconf 76' lang='lat' dir='ltr'><strong>perspicue</strong></span> <span class='ocrx_word' id='word_1_762' title='bbox 2520 4716 2572 4762; x_wconf 77' lang='lat' dir='ltr'><strong>et</strong></span> <span class='ocrx_word' id='word_1_763' title='bbox 2618 4704 2839 4759; x_wconf 80' lang='lat' dir='ltr'><strong>breviter</strong></span> <span class='ocrx_word' id='word_1_764' title='bbox 2872 4717 3191 4777; x_wconf 70' lang='lat' dir='ltr'><strong>cognoscas;</strong></span> <span class='ocrx_word' id='word_1_765' title='bbox 3229 4699 3460 4777; x_wconf 63' lang='lat' dir='ltr'><strong>imaue:</strong></span> 
     </span>
    </p>
   </div>
   <div class='ocr_carea' id='block_1_117' title="bbox 1867 4772 3461 4842">
    <p class='ocr_par' dir='ltr' id='par_1_117' title="bbox 1867 4772 3461 4842">
     <span class='ocr_line' id='line_1_117' title="bbox 1867 4772 3461 4842; baseline -0.005 -10"><span class='ocrx_word' id='word_1_766' title='bbox 1867 4772 2519 4833; x_wconf 46' lang='lat' dir='ltr'><strong>otiose&#39;uaturam&#39;rerum</strong></span> <span class='ocrx_word' id='word_1_767' title='bbox 2550 4779 2606 4831; x_wconf 88' lang='lat' dir='ltr'><strong>in</strong></span> <span class='ocrx_word' id='word_1_768' title='bbox 2635 4778 2803 4829; x_wconf 86' lang='lat' dir='ltr'><strong>lucem</strong></span> <span class='ocrx_word' id='word_1_769' title='bbox 2846 4772 3260 4842; x_wconf 69' lang='lat' dir='ltr'><strong>deprompsinms</strong></span> <span class='ocrx_word' id='word_1_770' title='bbox 3296 4787 3314 4821; x_wconf 90' lang='lat'><strong><em>:</em></strong></span> <span class='ocrx_word' id='word_1_771' title='bbox 3348 4772 3461 4824; x_wconf 85' lang='grc' dir='ltr'><strong>Ἰνα</strong></span> 
     </span>
    </p>
   </div>
   <div class='ocr_carea' id='block_1_118' title="bbox 1866 4842 3461 4919">
    <p class='ocr_par' dir='ltr' id='par_1_118' title="bbox 1866 4842 3461 4919">
     <span class='ocr_line' id='line_1_118' title="bbox 1866 4842 3461 4919; baseline -0.004 -19"><span class='ocrx_word' id='word_1_772' title='bbox 1866 4848 2052 4917; x_wconf 86' lang='grc' dir='ltr'>σαφῷς</span> <span class='ocrx_word' id='word_1_773' title='bbox 2068 4848 2303 4919; x_wconf 86' lang='grc' dir='ltr'>ἐπιγνῷς</span> <span class='ocrx_word' id='word_1_774' title='bbox 2316 4848 2412 4913; x_wconf 86' lang='grc' dir='ltr'><strong>ῶς,</strong></span> <span class='ocrx_word' id='word_1_775' title='bbox 2431 4849 2480 4900; x_wconf 87' lang='grc' dir='ltr'>εἰ</span> <span class='ocrx_word' id='word_1_776' title='bbox 2508 4850 2603 4919; x_wconf 66' lang='grc' dir='ltr'>καὶ</span> <span class='ocrx_word' id='word_1_777' title='bbox 2623 4843 3146 4919; x_wconf 37' lang='grc' dir='ltr'>συντόμωςηπλὴνοὺ</span> <span class='ocrx_word' id='word_1_778' title='bbox 3156 4842 3461 4919; x_wconf 51' lang='grc' dir='ltr'>παρέργως</span> 
     </span>
    </p>
   </div>
   <div class='ocr_carea' id='block_1_119' title="bbox 1865 4910 3461 4991">
    <p class='ocr_par' dir='ltr' id='par_1_119' title="bbox 1865 4910 3461 4991">
     <span class='ocr_line' id='line_1_119' title="bbox 1865 4910 3461 4991; baseline -0.007 -18"><span class='ocrx_word' id='word_1_779' title='bbox 1865 4910 1964 4989; x_wconf 76' lang='grc' dir='ltr'>τὴν</span> <span class='ocrx_word' id='word_1_780' title='bbox 1993 4910 2108 4991; x_wconf 64' lang='grc' dir='ltr'><strong>τῶν</strong></span> <span class='ocrx_word' id='word_1_781' title='bbox 2137 4910 2481 4991; x_wconf 53' lang='grc' dir='ltr'>πραγμάτων</span> <span class='ocrx_word' id='word_1_782' title='bbox 2514 4918 2691 4991; x_wconf 70' lang='grc' dir='ltr'>φύσιν</span> <span class='ocrx_word' id='word_1_783' title='bbox 2756 4910 2835 4991; x_wconf 70' lang='grc' dir='ltr'>εἰς</span> <span class='ocrx_word' id='word_1_784' title='bbox 2877 4914 2998 4982; x_wconf 80' lang='grc' dir='ltr'><strong>φῶς</strong></span> <span class='ocrx_word' id='word_1_785' title='bbox 3039 4910 3461 4983; x_wconf 77' lang='grc' dir='ltr'>προϐαλλομένη</span> 
     </span>
    </p>
   </div>
   <div class='ocr_carea' id='block_1_120' title="bbox 1866 4986 3457 5061">
    <p class='ocr_par' dir='ltr' id='par_1_120' title="bbox 1866 4986 3457 5061">
     <span class='ocr_line' id='line_1_120' title="bbox 1866 4986 3457 5061; baseline -0.008 -14"><span class='ocrx_word' id='word_1_786' title='bbox 1866 4986 2195 5061; x_wconf 71' lang='grc' dir='ltr'>προήνεγκεζ</span> <span class='ocrx_word' id='word_1_787' title='bbox 2247 4986 2308 5045; x_wconf 77' lang='grc' dir='ltr'>Μ</span> <span class='ocrx_word' id='word_1_788' title='bbox 2342 4998 2423 5044; x_wconf 88' lang='lat' dir='ltr'><strong>est</strong></span> <span class='ocrx_word' id='word_1_789' title='bbox 2455 5008 2470 5043; x_wconf 87' lang='lat'><strong>:</strong></span> <span class='ocrx_word' id='word_1_790' title='bbox 2513 4986 2581 5044; x_wconf 87' lang='lat' dir='ltr'><strong>Ut</strong></span> <span class='ocrx_word' id='word_1_791' title='bbox 2608 4986 3301 5061; x_wconf 41' lang='lat' dir='ltr'><strong>perspicuo‘cogimsceres</strong></span> <span class='ocrx_word' id='word_1_792' title='bbox 3331 4998 3457 5048; x_wconf 85' lang='lat' dir='ltr'><strong>nos,</strong></span> 
     </span>
    </p>
   </div>
   <div class='ocr_carea' id='block_1_121' title="bbox 1864 5053 3458 5126">
    <p class='ocr_par' dir='ltr' id='par_1_121' title="bbox 1864 5053 3458 5126">
     <span class='ocr_line' id='line_1_121' title="bbox 1864 5053 3458 5126; baseline -0.005 -12"><span class='ocrx_word' id='word_1_793' title='bbox 1864 5053 1968 5114; x_wconf 74' lang='lat' dir='ltr'><strong>etsi</strong></span> <span class='ocrx_word' id='word_1_794' title='bbox 1996 5053 2279 5124; x_wconf 61' lang='lat' dir='ltr'><strong>&#39;breviter,</strong></span> <span class='ocrx_word' id='word_1_795' title='bbox 2342 5068 2397 5113; x_wconf 90' lang='lat' dir='ltr'><strong>at</strong></span> <span class='ocrx_word' id='word_1_796' title='bbox 2456 5053 2623 5115; x_wconf 60' lang='lat' dir='ltr'><strong>certe&#39;</strong></span> <span class='ocrx_word' id='word_1_797' title='bbox 2656 5053 2763 5111; x_wconf 76' lang='lat' dir='ltr'><strong>non</strong></span> <span class='ocrx_word' id='word_1_798' title='bbox 2800 5053 3167 5126; x_wconf 79' lang='lat' dir='ltr'><strong>perfunctorie</strong></span> <span class='ocrx_word' id='word_1_799' title='bbox 3188 5053 3253 5126; x_wconf 92' lang='lat' dir='ltr'><strong>_iu</strong></span> <span class='ocrx_word' id='word_1_800' title='bbox 3279 5053 3458 5126; x_wconf 82' lang='lat' dir='ltr'><strong>haece</strong></span> 
     </span>
    </p>
   </div>
   <div class='ocr_carea' id='block_1_122' title="bbox 1866 5124 3454 5200">
    <p class='ocr_par' dir='ltr' id='par_1_122' title="bbox 1866 5124 3454 5200">
     <span class='ocr_line' id='line_1_122' title="bbox 1866 5124 3454 5200; baseline -0.006 -14"><span class='ocrx_word' id='word_1_801' title='bbox 1866 5131 2175 5200; x_wconf 75' lang='lat' dir='ltr'><strong>quaestiooe</strong></span> <span class='ocrx_word' id='word_1_802' title='bbox 2233 5132 2629 5200; x_wconf 87' lang='lat' dir='ltr'><strong>perscrutanda</strong></span> <span class='ocrx_word' id='word_1_803' title='bbox 2686 5124 2940 5182; x_wconf 85' lang='lat' dir='ltr'><strong>naturam</strong></span> <span class='ocrx_word' id='word_1_804' title='bbox 2971 5138 3151 5180; x_wconf 85' lang='lat' dir='ltr'><strong>rerum</strong></span> <span class='ocrx_word' id='word_1_805' title='bbox 3186 5124 3238 5177; x_wconf 92' lang='lat' dir='ltr'><strong>in</strong></span> <span class='ocrx_word' id='word_1_806' title='bbox 3277 5124 3454 5178; x_wconf 81' lang='lat' dir='ltr'><strong>lucem</strong></span> 
     </span>
    </p>
   </div>
   <div class='ocr_carea' id='block_1_123' title="bbox 1866 5201 2296 5270">
    <p class='ocr_par' dir='ltr' id='par_1_123' title="bbox 1866 5201 2296 5270">
     <span class='ocr_line' id='line_1_123' title="bbox 1866 5201 2296 5270; baseline 0 -15"><span class='ocrx_word' id='word_1_807' title='bbox 1866 5204 2092 5270; x_wconf 87' lang='lat' dir='ltr'><strong>deprom</strong></span> <span class='ocrx_word' id='word_1_808' title='bbox 2102 5201 2296 5270; x_wconf 88' lang='lat' dir='ltr'><strong>psisse.</strong></span> 
     </span>
    </p>
   </div>
   <div class='ocr_carea' id='block_1_124' title="bbox 1938 5265 3453 5339">
    <p class='ocr_par' dir='ltr' id='par_1_124' title="bbox 1938 5265 3453 5339">
     <span class='ocr_line' id='line_1_124' title="bbox 1938 5265 3453 5339; baseline -0.006 -14"><span class='ocrx_word' id='word_1_809' title='bbox 1938 5265 2049 5339; x_wconf 67' lang='lat' dir='ltr'><strong>(l7)</strong></span> <span class='ocrx_word' id='word_1_810' title='bbox 2091 5265 2210 5326; x_wconf 85' lang='lat' dir='ltr'><strong>Cito</strong></span> <span class='ocrx_word' id='word_1_811' title='bbox 2247 5270 2439 5324; x_wconf 83' lang='lat' dir='ltr'><strong>videbit</strong></span> <span class='ocrx_word' id='word_1_812' title='bbox 2480 5287 2577 5325; x_wconf 75' lang='lat' dir='ltr'><strong>nos</strong></span> <span class='ocrx_word' id='word_1_813' title='bbox 2608 5287 2635 5324; x_wconf 88' lang='lat' dir='ltr'><strong>e</strong></span> <span class='ocrx_word' id='word_1_814' title='bbox 2664 5286 2880 5324; x_wconf 82' lang='lat' dir='ltr'><strong>numero</strong></span> <span class='ocrx_word' id='word_1_815' title='bbox 2917 5278 2967 5323; x_wconf 86' lang='lat' dir='ltr'><strong>et</strong></span> <span class='ocrx_word' id='word_1_816' title='bbox 3000 5269 3184 5322; x_wconf 80' lang='lat' dir='ltr'><strong>ordine</strong></span> <span class='ocrx_word' id='word_1_817' title='bbox 3209 5265 3453 5339; x_wconf 66' lang='lat' dir='ltr'><strong>discipu-</strong></span> 
     </span>
    </p>
   </div>
   <div class='ocr_carea' id='block_1_125' title="bbox 1866 5336 3448 5411">
    <p class='ocr_par' dir='ltr' id='par_1_125' title="bbox 1866 5336 3448 5411">
     <span class='ocr_line' id='line_1_125' title="bbox 1866 5336 3448 5411; baseline -0.005 -16"><span class='ocrx_word' id='word_1_818' title='bbox 1866 5336 2038 5395; x_wconf 70' lang='lat' dir='ltr'><strong>larunt</strong></span> <span class='ocrx_word' id='word_1_819' title='bbox 2068 5344 2261 5411; x_wconf 74' lang='lat' dir='ltr'><strong>factos,</strong></span> <span class='ocrx_word' id='word_1_820' title='bbox 2292 5342 2479 5395; x_wconf 80' lang='lat' dir='ltr'><strong>habere</strong></span> <span class='ocrx_word' id='word_1_821' title='bbox 2504 5357 2593 5411; x_wconf 79' lang='lat' dir='ltr'><strong>eos</strong></span> <span class='ocrx_word' id='word_1_822' title='bbox 2622 5342 2901 5410; x_wconf 83' lang='lat' dir='ltr'><strong>magistros</strong></span> <span class='ocrx_word' id='word_1_823' title='bbox 2935 5342 3181 5394; x_wconf 79' lang='grc' dir='ltr'>;Θάττον</span> <span class='ocrx_word' id='word_1_824' title='bbox 3204 5336 3268 5388; x_wconf 90' lang='grc' dir='ltr'><strong>ἀν</strong></span> <span class='ocrx_word' id='word_1_825' title='bbox 3302 5336 3448 5411; x_wconf 54' lang='grc' dir='ltr'>ἡμεῖς</span> 
     </span>
    </p>
   </div>
   <div class='ocr_carea' id='block_1_126' title="bbox 1866 5403 3453 5483">
    <p class='ocr_par' dir='ltr' id='par_1_126' title="bbox 1866 5403 3453 5483">
     <span class='ocr_line' id='line_1_126' title="bbox 1866 5403 3453 5483; baseline -0.006 -18"><span class='ocrx_word' id='word_1_826' title='bbox 1866 5403 2078 5481; x_wconf 56' lang='grc' dir='ltr'>δψαιτᾶ</span> <span class='ocrx_word' id='word_1_827' title='bbox 2102 5414 2215 5483; x_wconf 84' lang='grc' dir='ltr'>τὴν</span> <span class='ocrx_word' id='word_1_828' title='bbox 2250 5403 2366 5465; x_wconf 70' lang='grc' dir='ltr'><strong>⁷τῶν</strong></span> <span class='ocrx_word' id='word_1_829' title='bbox 2426 5410 2685 5483; x_wconf 79' lang='grc' dir='ltr'>μαθητῶν</span> <span class='ocrx_word' id='word_1_830' title='bbox 2711 5403 3261 5483; x_wconf 46' lang='grc' dir='ltr'>ἂαταλαμδάνοντας</span> <span class='ocrx_word' id='word_1_831' title='bbox 3300 5403 3453 5468; x_wconf 80' lang='grc' dir='ltr'>τάξιν</span> 
     </span>
    </p>
   </div>
   <div class='ocr_carea' id='block_1_127' title="bbox 1866 5478 3447 5552">
    <p class='ocr_par' dir='ltr' id='par_1_127' title="bbox 1866 5478 3447 5552">
     <span class='ocr_line' id='line_1_127' title="bbox 1866 5478 3447 5552; baseline -0.006 -17"><span class='ocrx_word' id='word_1_832' title='bbox 1866 5478 1987 5535; x_wconf 73' lang='grc' dir='ltr'>ἀντὶ</span> <span class='ocrx_word' id='word_1_833' title='bbox 2046 5478 2167 5535; x_wconf 74' lang='grc' dir='ltr'>τοῧ’</span> <span class='ocrx_word' id='word_1_834' title='bbox 2201 5482 2384 5552; x_wconf 78' lang='grc' dir='ltr'>ζητεῖν</span> <span class='ocrx_word' id='word_1_835' title='bbox 2428 5478 2781 5546; x_wconf 76' lang='grc' dir='ltr'>διδασκάλους</span> <span class='ocrx_word' id='word_1_836' title='bbox 2824 5481 3180 5552; x_wconf 28' lang='grc' dir='ltr'>νομίζεσθαι..</span> <span class='ocrx_word' id='word_1_837' title='bbox 3212 5478 3278 5552; x_wconf 18' lang='lat' dir='ltr'><strong>ld‘</strong></span> <span class='ocrx_word' id='word_1_838' title='bbox 3319 5487 3399 5528; x_wconf 82' lang='lat' dir='ltr'><strong>est</strong></span> <span class='ocrx_word' id='word_1_839' title='bbox 3435 5492 3447 5527; x_wconf 90' lang='lat'><strong>:</strong></span> 
     </span>
    </p>
   </div>
   <div class='ocr_carea' id='block_1_128' title="bbox 1866 5548 3449 5618">
    <p class='ocr_par' dir='ltr' id='par_1_128' title="bbox 1866 5548 3449 5618">
     <span class='ocr_line' id='line_1_128' title="bbox 1866 5548 3449 5618; baseline -0.007 -10"><span class='ocrx_word' id='word_1_840' title='bbox 1866 5554 1987 5608; x_wconf 79' lang='lat' dir='ltr'><strong>Cito</strong></span> <span class='ocrx_word' id='word_1_841' title='bbox 2017 5554 2225 5608; x_wconf 88' lang='lat' dir='ltr'><strong>videbit</strong></span> <span class='ocrx_word' id='word_1_842' title='bbox 2260 5548 2375 5608; x_wconf 54' lang='lat' dir='ltr'><strong>&#39;nos</strong></span> <span class='ocrx_word' id='word_1_843' title='bbox 2406 5568 2437 5607; x_wconf 93' lang='lat' dir='ltr'><strong>e</strong></span> <span class='ocrx_word' id='word_1_844' title='bbox 2464 5568 2693 5607; x_wconf 89' lang='lat' dir='ltr'><strong>numero</strong></span> <span class='ocrx_word' id='word_1_845' title='bbox 2721 5562 2775 5608; x_wconf 91' lang='lat' dir='ltr'><strong>et</strong></span> <span class='ocrx_word' id='word_1_846' title='bbox 2813 5548 3006 5607; x_wconf 83' lang='lat' dir='ltr'><strong>ordine</strong></span> <span class='ocrx_word' id='word_1_847' title='bbox 3047 5548 3449 5618; x_wconf 75' lang='lat' dir='ltr'><strong>discipulorum</strong></span> 
     </span>
    </p>
   </div>
   <div class='ocr_carea' id='block_1_129' title="bbox 1905 5624 3446 5695">
    <p class='ocr_par' dir='ltr' id='par_1_129' title="bbox 1905 5624 3446 5695">
     <span class='ocr_line' id='line_1_129' title="bbox 1905 5624 3446 5695; baseline -0.006 -17"><span class='ocrx_word' id='word_1_848' title='bbox 1905 5624 2053 5680; x_wconf 84' lang='lat' dir='ltr'><strong>Otius</strong></span> <span class='ocrx_word' id='word_1_849' title='bbox 2112 5626 2226 5679; x_wconf 88' lang='lat' dir='ltr'><strong>lieri</strong></span> <span class='ocrx_word' id='word_1_850' title='bbox 2265 5664 2283 5691; x_wconf 95' lang='lat'><strong>,</strong></span> <span class='ocrx_word' id='word_1_851' title='bbox 2336 5640 2502 5695; x_wconf 90' lang='lat' dir='ltr'><strong>quam</strong></span> <span class='ocrx_word' id='word_1_852' title='bbox 2556 5640 2804 5693; x_wconf 68' lang='lat' dir='ltr'><strong>quaerere</strong></span> <span class='ocrx_word' id='word_1_853' title='bbox 2847 5630 2909 5678; x_wconf 90' lang='lat' dir='ltr'><strong>ut</strong></span> <span class='ocrx_word' id='word_1_854' title='bbox 2951 5624 3008 5679; x_wconf 90' lang='lat' dir='ltr'><strong>in</strong></span> <span class='ocrx_word' id='word_1_855' title='bbox 3056 5625 3446 5692; x_wconf 75' lang='lat' dir='ltr'><strong>magistrorum</strong></span> 
     </span>
    </p>
   </div>
   <div class='ocr_carea' id='block_1_130' title="bbox 1885 5696 2651 5768">
    <p class='ocr_par' dir='ltr' id='par_1_130' title="bbox 1885 5696 2651 5768">
     <span class='ocr_line' id='line_1_130' title="bbox 1885 5696 2651 5768; baseline -0.008 -14"><span class='ocrx_word' id='word_1_856' title='bbox 1885 5710 1985 5754; x_wconf 75' lang='grc' dir='ltr'><strong>σου</strong></span> <span class='ocrx_word' id='word_1_857' title='bbox 2011 5696 2292 5768; x_wconf 73' lang='lat' dir='ltr'><strong>graduque</strong></span> <span class='ocrx_word' id='word_1_858' title='bbox 2323 5696 2651 5753; x_wconf 69' lang='lat' dir='ltr'><strong>habeamun</strong></span> 
     </span>
    </p>
   </div>
  </div>
