3778 6366
343 335 448 403 δεδ
1493 321 1760 384 PHOTII
1799 322 1835 382 ιτ

2148 316 2307 378 erat;
2333 315 2442 375 cr.
3542 288 3640 358 δυο

1422 475 2114 538 DISSERTATIUNCULA
2160 475 2244 531 ST
2252 470 2554 528 EWARTII

461 647 536 700 De
569 643 852 714 scriptione
878 638 1147 693 Pltotiana
1176 647 1225 692 et
1253 639 1438 709 quanti
1466 637 1713 708 ponderis
1745 635 1852 690 sint
1887 641 2224 704 argumenta,
2253 648 2370 702 qua:
2407 631 2562 699 affert
2596 645 2692 700 pro
2727 644 2825 682 sua
2857 625 3129 714 seruantia,
3151 618 3541 678 stabilienda.

420 736 463 792 A
488 713 717 790 diversis
740 732 953 787 actibus
981 728 1282 782 voluntatis
1314 725 1567 781 dividunt
1605 725 1825 796 quidam
1868 723 2039 778 Crzcci
2069 721 2427 781 voluntatem,
2472 718 2524 770 in
2554 717 2890 770 voluntatem
2922 713 3266 774 naturalem,
3318 723 3424 762 seu
3459 721 3647 796 essen-

353 825 582 889 tialem;
641 823 774 876 etin
820 821 1157 874 voluntatem
1218 816 1550 884 gnomicam,
1613 795 1881 868 divisione
1945 810 2177 876 Latinis,
2219 819 2276 864 ut
2314 808 2530 878 opinor,
2571 807 2851 871 inusitata,
2885 813 2938 859 et
2990 795 3644 889 inaudita.i_Naturalem

350 924 569 974 vocant,
625 925 748 979 qum
776 908 981 962 homini
1016 907 1271 962 convenit
1329 905 1556 976 praecise
1585 904 1796 958 ratione
1827 910 2037 954 natura:
2071 898 2335 968 specilicu:
2373 914 2386 952 :
2423 907 2478 949 et
2513 910 2634 964 qum
2689 895 2740 948 in
2780 892 3038 948 omnibus
3071 887 3428 979 hominibus
3450 881 3646 979 eadem

351 1009 458 1066 est,
495 974 729 1054 sient'et
755 996 872 1066 ipsa
908 993 1120 1063 species
1153 974 1394 1047 humana
1435 991 1623 1046 eadem
1673 999 1756 1045 est
1785 989 2011 1059 prtecise
2039 996 2304 1059 spectata,
2345 996 2401 1042 et
2427 987 2496 1042 ab
2521 985 2782 1040 omnibus
2811 979 3227 1038 conditionibus
3270 974 3646 1066 individual:-

354 1061 503 1145 tibus
526 1061 825 1142 abstracta.
869 1101 887 1134 ι
928 1061 1205 1136 .‘iaturalis
1228 1081 1482 1136 voluntas
1518 1078 1758 1135 hominis
1785 1087 1888 1145 est,
1919 1095 1940 1130 ι
1979 1075 2240 1147 inquitex
2272 1073 2376 1129 SS.
2406 1073 2627 1138 Basilio,
2663 1085 2718 1127 et
2744 1070 2973 1142 Cyrillo,
3019 1065 3375 1123 Anastasius
3413 1061 3646 1122 Sinaita,

355 1183 549 1231 contra
586 1170 938 1234 Severianos,
975 1187 994 1219 ι
1040 1183 1227 1223 amare
1255 1168 1449 1230 vitam,
1477 1176 1534 1221 et
1564 1181 1685 1235 qum
1715 1167 2028 1222 necessario
2060 1167 2126 1221 ad
2156 1166 2321 1221 vitam
2357 1165 2653 1235 pertinent.
2694 1159 2885 1216 Omnis
2941 1159 3087 1214 enim
3117 1159 3330 1218 homo.
3358 1153 3475 1227 hoc
3511 1153 3645 1219 ipsa,

355 1263 502 1332 quod
537 1259 659 1314 talis
685 1267 786 1322 est,
845 1256 1163 1312 naturaliter
1192 1265 1342 1309 amat
1371 1255 1562 1309 vitam.
1604 1275 1622 1307 ι
1662 1254 1926 1309 Gnomica
1979 1255 2232 1310 voluntas
2280 1259 2508 1309 vocatur
2541 1251 2905 1322 hypostatica,
2975 1245 3329 1317 personalis,
3388 1239 3645 1332 electiva.

364 1330 708 1404 (Gnomicas
741 1349 1068 1408 voluntates,
1106 1364 1124 1396 ι
1159 1346 1342 1415 inquit
1376 1345 1518 1400 idem
1553 1346 1901 1410 Anastasius,
1933 1344 2057 1399 loco
2081 1343 2271 1408 citato,
2305 1360 2324 1394 ι
2361 1342 2547 1396 varias
2601 1341 2764 1395 habet
2791 1348 2976 1394 nostra
3030 1345 3262 1392 natura.
3301 1332 3479 1386 Alius
3504 1330 3646 1383 enim

359 1442 476 1493 vult
506 1438 752 1507 privatus
776 1451 916 1500 esse,
968 1435 1111 1488 alius
1169 1434 1463 1496 :cdilicare,
1529 1433 1670 1488 alius
1728 1432 2115 1504 agriculturam
2174 1431 2450 1494 exercere,
2491 1429 2634 1484 alius
2663 1429 2813 1484 aliud
2851 1441 3032 1498 agere,
3075 1431 3243 1494 prout
3280 1427 3434 1476 sunt
3464 1418 3648 1480 variae,

361 1528 685 1599 peculiares,
720 1533 773 1576 et
804 1522 960 1590 quasi
988 1521 1348 1576 individuales
1373 1537 1604 1592 gnomze,
1647 1523 1760 1575 sive
1790 1522 2091 1580 sententiae.
2129 1535 2223 1575 seu
2253 1521 2490 1574 decreta.

435 1616 671 1670 Sanctus
702 1613 972 1666 Maximus
1007 1613 1058 1664 in
1101 1613 1216 1665 suis
1248 1609 1660 1664 deﬁnitionibus
1697 1611 1769 1665 ita
1799 1610 1990 1664 deﬁnit
2025 1628 2038 1663 :
2080 1608 2344 1666 Voluntas
2399 1613 2650 1683 gnomica
2691 1629 2708 1662 ι
2741 1615 2825 1664 est
2857 1605 3198 1661 voluntarius
3245 1596 3511 1654 rationis
3549 1594 3650 1648 im-

363 1713 543 1773 petus,
577 1713 632 1756 et
665 1710 845 1756 motus
874 1699 925 1752 in
954 1709 1245 1767 utramque
1278 1706 1484 1767 partem
1520 1697 1774 1751 rationis.
1811 1717 1829 1750 ι
1875 1697 1994 1762 Qua
2025 1699 2343 1754 definitian
2381 1700 2638 1756 describit
2677 1708 2929 1752 naturam
2971 1695 3090 1764 ejus
3124 1687 3322 1754 actus,
3357 1687 3474 1758 qui
3513 1683 3649 1739 diei-

365 1803 455 1847 tur
481 1791 696 1853 electio,
727 1791 811 1842 vel
848 1790 1029 1857 potius
1056 1788 1232 1852 illum,
1270 1789 1362 1854 qui
1401 1801 1468 1839 ex
1509 1794 1662 1855 parte
1695 1786 1925 1840 rationis
1968 1788 2022 1841 in
2063 1789 2429 1852 discussione,
2465 1799 2518 1843 et
2546 1788 2800 1843 examine
2842 1801 3023 1839 rerum
3059 1783 3236 1852 ipsam
3303 1776 3646 1830 electionem

366 1880 650 1935 antecedit.
689 1877 832 1932 ldem
867 1887 1046 1930 Ianum
1091 1877 1142 1928 in
1187 1864 1416 1945 epistola
1472 1877 1537 1928 ad
1577 1872 1868 1937 Marinum,
1904 1886 2065 1946 negat
2103 1893 2344 1947 gnomon.
2379 1894 2472 1932 seu
2518 1877 2836 1932 sententiam
2869 1887 2990 1928 esse
3041 1872 3216 1940 ipsam
3276 1864 3646 1922 electionem.

367 1970 460 2024 sed
491 1968 624 2020 dicit
652 1966 972 2020 eleclioncnt
1023 1965 1200 2032 potius
1255 1979 1376 2020 esse
1413 1963 1664 2018 etl‘eetum
1714 1981 1928 2034 gnomae
1951 2004 1965 2027 ,
2005 1966 2310 2020 sententize.
2347 1963 2412 2020 Et
2463 1965 2568 2019 hoc
2614 1963 2850 2018 maxime
2878 1960 3136 2016 convenit
3168 1971 3303 2011 cum
3352 1954 3499 2012 illis.
3533 1965 3652 2020 qua:

366 2057 659 2110 traduntur
691 2054 805 2115 1-2,
840 2069 894 2122 q.
930 2053 1015 2115 15,
1041 2060 1144 2106 art.
1171 2052 1222 2118 1,
1256 2052 1348 2106 ubi
1370 2051 1620 2116 docetur,
1650 2068 1748 2108 nos
1771 2061 1899 2107 tunc
1924 2053 2148 2122 eligere,
2180 2068 2305 2107 cum
2335 2052 2732 2106 animadversis
2762 2048 2926 2103 variis
2953 2047 3167 2106 mediis.
3195 2044 3265 2098 ad
3298 2043 3482 2096 ﬁnem
3505 2037 3652 2108 judi-

369 2146 455 2200 cio
485 2141 720 2198 rationis
739 2141 1122 2196 concludimus
1157 2155 1326 2194 unum
1355 2155 1464 2210 pra:
1493 2140 1615 2196 aliis
1645 2156 1766 2196 esse
1800 2141 2263 2209 amplectendum.
2296 2151 2458 2211 atque
2496 2140 2634 2194 adeo
2662 2139 2940 2192 voluntate
2969 2133 3101 2190 illud
3127 2129 3592 2201 complectimur.

440 2229 715 2296 Quaeritur
739 2236 946 2292 autem,
978 2239 1099 2282 uter
1147 2228 1331 2297 potius
1361 2237 1519 2282 actus
1566 2226 1871 2283 formaliter
1901 2229 1974 2282 sit
2028 2229 2268 2284 electio?
2299 2227 2458 2282 Prior
2491 2243 2560 2282 ne
2601 2226 2692 2280 ille
2721 2225 2966 2283 rationis,
3007 2237 3169 2291 quem
3195 2230 3448 2274 sanctus
3483 2212 3652 2267 Maxi-

370 2335 493 2373 mus
519 2318 586 2372 ad
618 2315 886 2370 Marinum
916 2316 1130 2370 videtur
1158 2331 1354 2372 vocare
1393 2331 1625 2387 guomen
1653 2335 1667 2384 ;
1705 2333 1775 2371 an
1808 2317 1896 2371 ille
1926 2317 2196 2388 posterior
2242 2315 2563 2378 voluntatis,
2593 2329 2704 2386 quo
2734 2327 2899 2367 unum
2939 2310 3177 2364 medium
3213 2323 3336 2378 pra:
3366 2303 3501 2360 aliis
3530 2316 3644 2355 am-

370 2404 683 2476 plectimur.
716 2405 780 2459 Et
822 2405 1188 2459 communiter
1231 2405 1612 2474 respondetur,
1662 2403 1720 2457 in
1761 2405 1863 2458 hoc
1912 2405 2216 2474 posteriore
2268 2417 2390 2460 aetu
2453 2404 2755 2459 formaliter
2809 2409 2865 2455 et
2915 2398 3292 2455 essentialiter
3337 2389 3650 2452 consistere

369 2492 694 2546 (lectionem
729 2509 744 2546 :
782 2493 1034 2562 quamvis
1057 2491 1223 2546 etiam
1258 2492 1409 2546 illum
1439 2493 1669 2547 alterum
1699 2501 1881 2547 actum
1912 2493 2144 2548 rationis
2195 2502 2602 2564 praesupponat,
2655 2498 2711 2546 et
2758 2494 3034 2544 connotet.
3067 2486 3147 2540 Ita
3178 2484 3366 2539 ferme
3404 2491 3641 2552 gnomeu

372 2581 608 2650 explicat
633 2594 855 2650 quoque
883 2579 1135 2646 Photius,
1178 2589 1239 2635 ut
1269 2581 1528 2638 vidimus.

445 2668 522 2726 De
545 2671 733 2724 eadem
767 2670 1048 2724 voluntate
1079 2671 1330 2740 gnomica
1371 2671 1444 2725 ita
1475 2679 1703 2726 sanctus
1725 2671 2098 2725 Damascenus
2135 2668 2227 2722 lib.
2256 2685 2315 2722 ιιι
2352 2667 2426 2722 De
2463 2669 2569 2738 [ide
2596 2667 2910 2732 orthodoxa,
2943 2679 3064 2732 cap.
3116 2662 3183 2716 M
3214 2680 3229 2716 :
3269 2680 3289 2712 ι
3343 2653 3643 2715 Sciendum

372 2768 480 2827 est,
510 2773 617 2814 non
649 2759 789 2814 idem
822 2774 963 2823 esse,
994 2760 1150 2824 velle,
1181 2763 1354 2823 ριπῶς
1389 2761 1582 2822 Θελείν,
1612 2761 1717 2814 hoc
1747 2770 1850 2826 est,

2151 2759 2238 2824 do,
2280 2775 2372 2813 seu
2418 2759 2704 2813 modaliter
2748 2757 2904 2811 velle.
2941 2753 3074 2808 Nam
3108 2753 3246 2808 velle
3282 2759 3511 2806 natura:
3543 2753 3643 2806 est,

375 2850 521 2905 sicut
549 2857 606 2905 et
637 2849 842 2904 vid'ere.
887 2849 1154 2904 Omnibus
1181 2851 1328 2904 enim
1359 2851 1674 2906 hominibus
1700 2851 1863 2906 inest.
1921 2851 1991 2904 At
2022 2865 2176 2917 vero,
2223 2850 2324 2904 huc
2356 2851 2438 2903 vel
2478 2850 2572 2904 illo
2612 2849 2774 2902 modo
2810 2848 2968 2910 velle,
3003 2861 3110 2900 non
3141 2852 3226 2899 est
3269 2850 3518 2899 naturae,
3548 2833 3641 2888 sed

378 2947 586 2993 nostra:
613 2953 848 3007 gnomze,
880 2952 975 2992 seu
1009 2939 1294 2992 sententiae
1324 2957 1336 2992 :
1371 2939 1515 2994 sicut
1541 2939 1728 3004 etiam,
1754 2940 1879 3004 hoc,
1919 2940 2004 2994 vel
2031 2940 2122 2994 illo
2175 2930 2336 2994 modo
2375 2941 2579 3001 videre,
2632 2948 2760 3007 puta
2812 2940 2970 3004 bene,
2993 2947 3086 2990 aut
3126 2934 3292 2988 male.
3342 2929 3470 2984 Non
3501 2926 3640 2982 enim

375 3042 572 3080 omnes
600 3026 849 3080 homines
874 3026 1067 3079 eodem
1106 3029 1267 3079 modo
1293 3029 1502 3080 volunt.
1531 3025 1715 3096 Neque
1743 3027 1931 3082 eodem
1958 3028 2121 3081 modo
2149 3027 2354 3093 vident,
2385 3029 2530 3096 quod
2564 3031 2730 3082 etiam
2786 3027 2839 3080 in
2874 3025 3187 3080 actionibus
3219 3027 3486 3090 apparet.
3513 3011 3640 3067 Nam

378 3113 508 3178 hoc,
533 3113 617 3167 vel
642 3113 734 3166 illo
763 3113 926 3166 modo
963 3113 1120 3179 velle,
1153 3114 1361 3176 videre,
1390 3115 1634 3184 operari,
1666 3124 1751 3168 est
1792 3114 2117 3182 all‘cmio,‘et
2143 3115 2476 3170 modiﬁcatio
2542 3130 2675 3170 usus
2724 3113 2954 3169 actualis
3005 3111 3240 3176 volendi,
3295 3103 3548 3164 videndi.
3592 3108 3642 3152 οι

377 3200 662 3270 operandi,
692 3200 744 3253 in
781 3200 901 3254 solo
939 3208 1124 3256 utente
1164 3202 1458 3265 exsistens,
1495 3218 1731 3272 etunque
1763 3203 1831 3256 ab
1861 3203 1984 3257 aliis
2016 3219 2300 3274 separatis.
2351 3204 2688 3274 Simpliciter
2733 3202 2899 3273 igitur
2942 3199 3146 3270 aliquid
3173 3199 3331 3260 velle,
3381 3193 3641 3250 nimirum

379 3290 748 3344 abstrahen-do
791 3289 860 3342 ab
896 3289 1044 3342 omni
1083 3288 1266 3352 modo,
1300 3298 1385 3343 est
1409 3291 1685 3356 voluntas,
1721 3291 1804 3345 vel
1840 3293 2080 3360 potentia
2119 3293 2333 3347 volendi
2367 3311 2380 3347 :
2423 3307 2546 3362 quae
2575 3292 2648 3346 nil
2693 3298 2777 3346 est
2807 3288 2980 3356 aliud,
3024 3303 3188 3358 quam
3219 3281 3517 3342 rationaas
3553 3293 3642 3348 apo

382 3378 591 3448 petitio,
623 3387 678 3433 et
707 3377 964 3431 voluntas
1003 3377 1292 3432 naturalis.
1334 3377 1406 3432 At.
1431 3395 1585 3442 vero.
1649 3380 1753 3434 hoc
1802 3381 1887 3435 vel
1943 3380 2036 3435 illo
2090 3381 2256 3436 modo
2302 3381 2460 3446 velle,
2513 3394 2596 3436 εει
2635 3381 2889 3435 voluntas
2935 3379 3221 3449 gnomiea;
3275 3385 3334 3430 et
3368 3372 3638 3442 ohjertum

383 3465 550 3536 hujus
581 3467 880 3522 voluntatis
909 3475 993 3521 est
1025 3464 1254 3521 volitum
1305 3468 1641 3538 gnomicnm.
1683 3487 1701 3519 ι
1753 3468 1817 3523 Ει
1855 3479 1911 3522 ιιι
1940 3485 2027 3525 res
2059 3471 2309 3541 exemplo
2353 3470 2664 3526 declaretur
2693 3488 2707 3524 :
2758 3470 3021 3525 Voluntas
3049 3466 3375 3523 comedendi
3436 3458 3636 3528 simpli-

381 3555 538 3619 citer,
571 3566 652 3612 est
685 3555 936 3612 voluntas
968 3558 1238 3611 naturalis
1279 3558 1332 3611 iu
1370 3559 1604 3628 singulis
1632 3560 1845 3613 ratione
1869 3559 2090 3630 Speciali
2126 3561 2388 3616 existens.
2422 3563 2490 3615 At
2523 3561 2774 3614 voluntas
2802 3558 3117 3614 comedendi
3161 3555 3371 3628 aliquid
3431 3555 3532 3608 hac
3561 3547 3639 3601 V01

383 3643 474 3698 illa
505 3645 770 3714 qualitate
809 3645 1085 3710 allectum,
1128 3655 1186 3699 ut
1213 3647 1392 3712 dulce,
1427 3649 1713 3712 acerbum,
1747 3650 2005 3713 multum,
2045 3666 2262 3718 parum,
2303 3651 2506 3706 dicitur
2563 3651 2820 3706 voluntas
2860 3650 3136 3721 gnomica,
3173 3664 3270 3705 seu
3335 3646 3491 3709 ποιὰ,
3544 3654 3632 3697 seu

383 3731 524 3799 πῶς,
568 3733 619 3788 id
653 3743 759 3800 est,
792 3735 1048 3788 voluntas
1079 3735 1268 3791 aﬂ'ecta
1300 3738 1482 3807 aliqua
1515 3738 1800 3808 qualitate,
1846 3750 1941 3794 aut
1995 3740 2338 3808 conditione;
2391 3749 2445 3796 et
2487 3750 2704 3797 nonest
2733 3751 2962 3807 natum,
2992 3747 3053 3794 ut
3096 3739 3285 3793 dicunt
3314 3733 3514 3798 Graeci,
3549 3727 3634 3786 sed

385 3836 648 3888 personae.
689 3820 755 3875 Et
792 3823 920 3892 quia
957 3839 1206 3893 personae
1242 3826 1404 3880 varize
1437 3836 1587 3892 sunt,
1617 3827 1738 3883 ideo
1767 3839 1822 3882 et
1846 3828 1962 3883 haec
1992 3829 2246 3886 voluntas
2267 3839 2351 3886 est
2380 3831 2552 3886 varia.

459 3909 555 3960 Sic
588 3907 857 3976 explicata
887 3911 1170 3966 voluntate
1200 3914 1475 3983 gnomica,
1521 3916 1748 3984 quaastio
1791 3925 1895 3981 est,
1931 3926 2113 3972 utrum
2156 3919 2410 3974 voluntas
2449 3920 2700 3989 gnomica
2735 3921 2900 3977 fuerit
2930 3922 2984 3976 in
3032 3919 3290 3978 Christo?
3315 3919 3383 3974 Et
3416 3911 3634 3971 Photius

387 3994 606 4064 quidem
639 4011 801 4065 supra
851 3997 1058 4053 diserte
1093 4011 1273 4070 negat.
1306 4001 1454 4056 Idem
1494 4003 1752 4058 videntur
1788 4020 1988 4075 negare
2037 4006 2430 4075 Damascenus,
2462 4018 2517 4064 et
2572 4009 2844 4066 Maximus
2879 3999 3067 4080 supra.
3103 4010 3444 4080 Argumenta
3475 3999 3630 4056 multa

387 4085 543 4139 atl'ert
572 4085 823 4150 Photius,
860 4095 917 4141 ut
945 4087 1203 4144 vidimus.
1229 4089 1506 4162 Praecipua
1535 4101 1746 4148 tantum
1776 4095 1864 4148 hic
1893 4106 2156 4164 repetam,
2191 4106 2245 4151 et
2265 4097 2468 4154 clarius
2507 4114 2831 4170 proponam.

458 4172 730 4227 Primum.
774 4172 1038 4230 Voluntas
1073 4177 1345 4244 gnomica,
1377 4190 1462 4234 est
1489 4181 1739 4238 voluntas
1794 4199 2041 4252 persona:
2101 4187 2352 4241 humanae
2383 4195 2436 4241 et
2470 4199 2686 4242 creatae.
2737 4187 2792 4241 lu
2829 4188 3048 4243 Christo
3083 4204 3192 4242 non
3246 4188 3352 4243 fuit
3409 4195 3626 4259 persona

389 4261 630 4315 humana
661 4271 714 4315 et
745 4271 972 4328 creata;
1019 4262 1178 4333 Ergo.
1215 4264 1387 4334 Major
1415 4276 1606 4336 patet:
1642 4271 1766 4338 quia
1800 4271 1938 4326 velle
1987 4282 2196 4328 tantum
2228 4275 2314 4329 vel
2355 4283 2591 4341 tantum,
2623 4275 2783 4331 dulce
2849 4277 2930 4330 vel
2985 4292 3259 4342 amarum,
3304 4294 3414 4331 non
3463 4278 3627 4344 petes!

388 4365 511 4405 esse
541 4358 772 4414 naturae,
802 4350 930 4420 quia
962 4350 1050 4405 illa
1083 4362 1167 4407 est
1200 4354 1388 4408 eadem
1423 4355 1475 4408 in
1511 4358 1769 4414 omnibus
1805 4377 1819 4414 :
1881 4369 1936 4414 et
1966 4371 2363 4432 Consequenter
2400 4364 2540 4419 idem
2597 4365 2734 4420 vult.
2775 4367 2913 4436 Ergo
2966 4366 3221 4422 voluntas
3266 4365 3518 4436 gnomica
3554 4365 3628 4413 est

389 4451 678 4506 personae:
711 4453 854 4505 quae,
889 4453 1013 4493 cum
1042 4440 1453 4510 multiplicetur,
1489 4459 1593 4499 non
1630 4458 1716 4500 est
1746 4447 1966 4512 mirum,
1999 4451 2330 4518 quodetiam
2368 4462 2526 4508 actus
2559 4454 2774 4507 volendi
2818 4454 3231 4524 multiplicetur,
3276 4455 3351 4509 ita
3390 4464 3447 4510 ιιι
3497 4451 3622 4505 alius

393 4525 497 4579 hoc
523 4525 675 4591 velit,
710 4527 849 4582 alius
883 4528 1036 4583 illud.
1657 4561 1662 4565 ι

461 4611 776 4703 Secundum
819 4627 1226 4686 argumentum.
1259 4619 1466 4677 Electio
1495 4638 1602 4678 non
1628 4632 1714 4679 est
1739 4624 1791 4678 in
1847 4623 2089 4692 Christo,
2143 4643 2274 4700 ergo
2316 4644 2418 4685 nec
2460 4630 2714 4686 voluntas
2750 4632 3021 4702 gnomiea.
3075 4617 3418 4688 Antecedens
3443 4636 3620 4703 patet:

389 4703 518 4771 quia
548 4702 744 4758 electio
773 4715 858 4760 est
886 4721 1104 4771 eorum,
1133 4723 1257 4778 qua:
1286 4711 1338 4764 in
1377 4720 1668 4783 utramque
1701 4722 1909 4783 partem
1937 4723 2177 4779 movent,
2206 4714 2314 4771 hoc
2341 4726 2447 4782 est,
2473 4717 2539 4773 ad
2569 4717 2712 4773 bona
2745 4729 2799 4774 et
2822 4719 2887 4774 ad
2919 4721 3082 4787 mala,
3112 4731 3170 4776 ut
3205 4721 3385 4791 inquit
3418 4702 3623 4775 l’hotius

388 4803 452 4844 ex
485 4801 676 4845 sancto
711 4791 969 4849 Maximo.
999 4793 1268 4852 Probatur
1296 4801 1712 4870 consequentia.
1753 4801 1890 4869 Quia
1922 4804 2178 4859 voluntas
2210 4805 2464 4874 gnomica
2494 4814 2550 4861 et
2573 4805 2805 4862 electiva
2849 4817 2934 4862 est
2966 4825 3072 4863 una
3099 4818 3154 4864 et
3187 4811 3403 4864 eadem.

461 4875 707 4933 Tertium
739 4890 1148 4948 argumentum.
1183 4883 1240 4938 Si
1271 4887 1322 4939 in
1357 4888 1576 4944 Christo
1605 4900 1754 4944 esset
1781 4890 2035 4946 voluntas
2063 4893 2338 4961 gnomica,
2373 4905 2502 4948 tunc
2529 4893 2774 4950 dill‘erret
2835 4911 2865 4950 a
2919 4898 3293 4954 voluntatibus
3350 4892 3616 4963 gnomicis.

391 4979 513 5034 quae
544 4965 598 5019 in
636 4981 973 5038 unoquoque
1007 4970 1229 5026 homine
1276 4983 1611 5044 spectantur.
1642 4975 1895 5033 Ditl'erret
1938 4979 2103 5034 etiam
2157 4995 2187 5034 a
2214 4980 2497 5036 voluntate
2524 4981 2762 5052 Spiritus
2793 4985 2991 5050 sancti,
3031 4996 3082 5039 et
3117 4983 3318 5040 Patris.
3354 4983 3459 5039 Sed
3487 4993 3617 5052 qua?-

393 5066 522 5150 nam
551 5062 633 5106 est
662 5053 769 5150 ista
812 5054 1087 5118 voluntas,
1122 5074 1243 5127 quae
1266 5076 1366 5115 nec
1399 5072 1482 5116 est
1511 5064 1749 5118 humana
1787 5066 2061 5135 gnomica,
2120 5083 2220 5123 nec
2270 5070 2494 5124 omnino
2545 5070 2748 5126 dicitur
2793 5071 3090 5127 voluntas?
3125 5071 3236 5128 Nec
3285 5072 3395 5128 dici
3443 5075 3615 5144 pateat.

391 5139 551 5192 istam
594 5139 929 5230 voluntatem
955 5147 1267 5214 gnomicam
1297 5148 1350 5203 in
1380 5149 1624 5215 Christo,
1658 5167 1783 5207 esse
1821 5156 2182 5224 compositam
2215 5160 2410 5228 partim
2441 5175 2510 5215 ex
2555 5161 2762 5227 divina,
2800 5164 2995 5230 partim
3051 5180 3116 5218 ex
3176 5163 3416 5218 humana
3443 5139 3617 5217 volun-

390 5235 500 5321 tate
529 5243 544 5280 :
575 5229 729 5321 quia,
759 5238 818 5283 ut
840 5229 916 5284 ait
948 5231 1203 5321 Photins,
1240 5251 1308 5290 ne
1338 5239 1571 5309 cogitari
1601 5241 1824 5310 quidem
1851 5253 2029 5312 potest
2055 5247 2384 5317 compositio
2438 5248 2760 5316 voluntatis,
2793 5229 2936 5305 sicut
2993 5267 3287 5321 possumus
3339 5252 3613 5321 intelligere

391 5314 713 5384 hypostasin
742 5320 1108 5389 compositam
1137 5338 1200 5376 ex
1243 5335 1437 5379 natura
1480 5327 1718 5382 humana
1743 5338 1798 5385 et
1822 5330 2030 5387 divina.

461 5400 728 5498 om???
763 5418 1192 5498 Ai'lfgllfnenlum.
1230 5411 1284 5464 Si
1314 5412 1471 5467 detur
1504 5416 1556 5468 in
1590 5416 1813 5472 Christo
1868 5420 2122 5478 voluntas
2175 5426 2450 5494 gnomica.
2504 5426 2672 5482 faciet
2704 5429 3157 5498 compositionem
3203 5447 3327 5486 cum
3363 5431 3612 5486 voluntate

390 5491 626 5591 naturali
645 5491 1013 5591 CIill'iSli..-l'lt-)C
1031 5497 1135 5553 dici
1159 5515 1262 5555 non
1296 5511 1504 5591 potest:
1531 5504 1658 5574 quia
1692 5505 1739 5560 si
1762 5507 2017 5564 voluntas
2034 5491 2236 5567 Christi
2265 5523 2415 5568 esset
2443 5517 2770 5584 composita,
2795 5491 2958 5571 eiiam
2984 5528 3180 5574 natura
3198 5520 3320 5591 ejus
3341 5513 3613 5589 composita

389 5579 693 5678 esset.-_Sed
861 5583 967 5639 dici
1004 5601 1110 5640 non
1165 5598 1366 5657 potest.
1403 5590 1520 5646 UI’H
1554 5594 1700 5648 enim
1738 5602 1825 5649 est
1876 5605 2072 5654 natura
2117 5601 2356 5656 humana
2417 5603 2469 5656 in
2527 5579 2764 5660 Christo
2794 5605 3022 5676 simplex
3056 5624 3069 5659 :
3103 5615 3157 5662 et
3180 5579 3321 5664 inter
3348 5579 3635 5664 hunianaxn‘

389 5663 620 5756 Christi,
645 5679 700 5723 et
727 5671 970 5728 divinam
1010 5687 1287 5734 naturam.
1324 5696 1430 5734 non
1465 5680 1631 5735 datur
1665 5683 1773 5737 ulla
1811 5689 2132 5756 compositio
2167 5691 2221 5745 in
2255 5703 2469 5747 natura.

462 5753 726 5822 Quintum
768 5770 1176 5832 argumentum.
1243 5763 1299 5819 Si
1350 5767 1600 5824 voluntas
1653 5772 1908 5842 goornica
1939 5753 2216 5833 innascitur
2270 5795 2334 5835 ex
2385 5782 2620 5840 consilio
2643 5783 2944 5858 ctjudicio,
2981 5801 3075 5844 seu
3106 5803 3171 5843 cx
3199 5781 3614 5846 determinatith
