3884 6202
170 416 268 481 515
1088 416 1189 478 AD
1227 415 1704 478 AMPHILOCHI

1887 414 2216 488 QUIESTIO
2244 414 2474 475 LXXX.
3317 405 3421 471 546

171 527 389 586 rationis
416 527 484 584 ad
530 545 722 597 unum,
756 528 840 586 vel
898 529 1053 601 plura
1086 529 1265 585 media
1296 545 1362 585 ex
1397 529 1523 585 aliis
1573 528 1844 599 eligenda,
1905 528 2155 599 sequitur
2208 542 2331 582 eam
2373 527 2427 579 in
2464 522 2682 579 Christo
2708 537 2818 577 non
2850 519 3051 576 habere
3082 520 3295 589 locum;
3326 521 3423 577 sed

172 619 407 673 nascitur
437 617 605 673 inde:
644 616 810 689 Ergo.
848 616 1123 672 Probatur
1159 618 1378 687 sequela
1410 635 1425 672 :
1453 616 1584 687 quia
1617 616 1926 688 ignorantia
1962 631 2070 670 non
2127 615 2293 670 habet
2347 614 2529 668 locum
2579 612 2634 667 in
2683 611 2926 675 Christo,
2976 624 3076 665 nec
3125 609 3419 666 dubitatio.

168 705 395 762 Haberet
430 714 635 767 autem,
664 705 711 761 si
749 714 897 760 esset
936 705 990 760 in
1032 706 1126 760 illo
1159 706 1413 760 voluntas
1443 705 1718 775 gnomica.
1768 704 1819 758 in
1846 720 1979 775 qua,
2008 718 2105 773 per
2159 701 2455 758 consilium
2505 708 2561 755 et
2610 698 3127 754 determinationem
3166 696 3421 760 rationis,

167 804 245 850 est
302 796 566 850 transitus
628 795 698 849 ab
747 794 1059 866 ignorantia
1118 795 1187 850 ad
1242 794 1634 865 cognitionem,
1691 804 1747 848 et
1796 794 1865 849 ab
1912 795 2127 849 incerto
2186 791 2253 846 ad
2292 802 2529 855 certum,
2565 797 2621 844 et
2673 785 2905 842 mutatio
2942 800 3048 840 non
3085 784 3321 839 amantis
3358 785 3424 838 ad

168 898 426 938 amorem.

234 968 458 1023 Sextum
524 976 935 1040 argumentum.
1000 966 1263 1025 Homines
1317 976 1533 1026 utentes
1588 971 1871 1025 voluntate
1929 969 2209 1041 gnomica,
2277 974 2587 1039 repugnant
2632 964 2743 1019 Deo
2795 982 2809 1017 :
2868 977 3001 1030 ergo
3055 976 3165 1016 non
3225 970 3309 1017 est
3368 961 3424 1015 in

161 1054 400 1111 Christo.

235 1143 539 1215 Septimum
566 1154 978 1217 argumentum.
1014 1143 1280 1200 Voluntas
1313 1146 1568 1216 gnomica
1605 1157 1688 1202 est
1716 1162 1985 1219 propensa
2015 1147 2084 1202 ad
2111 1156 2405 1215 utramque
2430 1143 2701 1198 actionem
2727 1182 2742 1208 ,
2782 1138 3067 1193 honestam
3108 1136 3336 1201 scilicet,
3361 1148 3427 1192 ac

164 1247 385 1304 pravam
410 1248 425 1299 ;
476 1248 630 1303 ergo.

228 1319 459 1390 Propter
486 1321 600 1376 haec
635 1331 987 1393 argumenta,
1018 1320 1247 1376 Photius
1305 1332 1359 1376 et
1384 1322 1477 1377 alii
1539 1340 1606 1377 ne
1637 1324 1951 1395 gnomicam
1987 1320 2209 1397 quidem
2242 1326 2481 1381 divinam
2524 1322 2864 1379 voluntatem
2907 1328 3156 1376 statuunt
3185 1318 3236 1373 in
3263 1313 3428 1373 Chri-

162 1420 265 1465 sto.
300 1409 458 1475 Nam,
491 1410 536 1465 si
566 1410 688 1466 talis
719 1422 802 1466 est
834 1412 886 1465 in
917 1411 1160 1476 Christo,
1189 1412 1277 1465 illa
1302 1420 1395 1465 aut
1415 1412 1602 1467 eadem
1632 1420 1715 1468 est
1752 1428 1876 1469 cum
1913 1417 2191 1471 voluntate
2223 1414 2403 1470 divina
2434 1411 2695 1475 naturali,
2728 1419 2823 1465 aut
2849 1409 3086 1465 diversa.
3120 1407 3175 1461 Si
3209 1407 3424 1467 eadem,

163 1498 426 1553 habemus
459 1512 589 1568 ergo
630 1499 923 1561 intentum,
957 1512 1064 1553 non
1092 1513 1212 1553 esse
1239 1499 1453 1553 scilicet
1518 1500 1680 1553 aliam
1712 1497 1953 1557 divinam
1986 1504 2346 1566 voluntatem,
2370 1511 2568 1572 prreter
2590 1499 2738 1554 illam
2775 1498 3104 1563 naturalem,
3132 1496 3421 1565 tribusque

160 1587 415 1655 personis
446 1601 821 1642 communem.
864 1585 921 1641 Si
953 1602 1086 1641 vero
1140 1586 1325 1641 divina
1350 1586 1605 1661 voluntas
1647 1590 1901 1659 gnomica
1934 1590 1987 1645 in
2024 1590 2244 1646 Christo
2293 1600 2376 1645 est
2407 1589 2511 1643 alia
2552 1602 2582 1641 a
2610 1585 2849 1641 naturali
2878 1585 3062 1639 divina
3099 1584 3423 1651 voluntate;

160 1685 292 1731 tunc
317 1677 421 1731 erit
447 1675 688 1741 diversa,
726 1692 848 1747 qua:
876 1685 962 1731 est
992 1676 1047 1731 in
1078 1675 1256 1740 Patre,
1292 1686 1347 1731 et
1373 1674 1579 1746 Spiritu
1614 1687 1834 1733 sancto.
1869 1678 1975 1734 Sed
2011 1679 2115 1735 hoc
2143 1689 2227 1735 est
2257 1678 2579 1737 absurdum.
2619 1675 2748 1746 quia
2786 1675 3032 1728 omnium
3068 1688 3425 1743 personarum

158 1765 466 1818 divinarum
496 1772 579 1819 est
605 1765 797 1820 eadem
833 1766 1109 1819 voluntas.
1135 1763 1403 1820 Gnomica
1455 1773 1638 1820 autem
1722 1782 1829 1821 non
1894 1774 1981 1822 est
2013 1766 2227 1833 eadem,
2272 1764 2368 1820 sed
2401 1764 2617 1819 diversa
2650 1762 2702 1816 in
2751 1762 2986 1817 diversis
3013 1762 3424 1832 hypostasibus.

158 1852 339 1921 Quare
365 1853 455 1908 isti
492 1862 746 1909 auctores
790 1844 893 1908 nec
918 1852 971 1908 in
1003 1851 1274 1908 Trinitate
1304 1853 1619 1924 gnomicam
1659 1854 1996 1908 voluntatem
2027 1860 2262 1924 ponunt,
2304 1852 2546 1907 maxime
2590 1860 2816 1920 propter
2868 1860 3259 1920 argumentum
3295 1851 3351 1916 5,
3384 1850 3419 1907 6

151 1953 208 1998 et
269 1942 322 1997 7.
386 1942 442 1997 lu
489 1941 763 1998 Trinitate
825 1944 972 1999 enim
1041 1944 1170 1998 licet
1226 1942 1338 1998 sint
1395 1953 1505 1999 tres
1552 1958 1824 2015 personae,
1878 1954 1964 1999 est
2022 1951 2205 1997 tamen
2255 1939 2582 2011 simpliciter
2632 1954 2803 1994 unum
2853 1947 2909 1995 et
2964 1938 3110 1995 idem
3175 1941 3313 1997 velle
3361 1955 3429 1998 ac

154 2030 323 2086 nolle.

226 2118 644 2173 Observationes
682 2117 1077 2175 Srewartii.-â€”
1134 2116 1261 2175 Haec
1292 2129 1474 2175 tamen
1537 2128 1594 2174 et
1626 2117 1755 2194 alia,
1806 2134 1930 2190 quae
1986 2118 2218 2175 Photius
2270 2117 2540 2188 disputat,
2593 2131 2705 2173 non
2755 2115 3014 2172 videntur
3078 2116 3427 2173 concludere.

146 2205 331 2276 Cujus
391 2215 708 2276 argumenta
781 2215 841 2262 ut
924 2209 1235 2277 solvantur,
1312 2209 1595 2263 fatendum
1652 2216 1758 2275 est,
1830 2207 1883 2262 in
1942 2207 2164 2263 Christo
2222 2221 2331 2262 non
2399 2206 2569 2262 fuisse
2644 2205 3002 2272 voluntatem,
3092 2206 3175 2261 vel
3245 2216 3430 2262 aetum

152 2298 484 2359 voluntatis,
519 2311 641 2365 quae
676 2297 839 2351 fuerit
869 2308 1047 2361 actus,
1081 2298 1165 2352 vel
1193 2299 1434 2368 putentia
1467 2312 1720 2367 personae
1761 2306 1976 2351 creatae.
2030 2295 2250 2351 Clarum
2286 2295 2431 2349 enim
2479 2303 2564 2351 est
2612 2295 2664 2349 in
2698 2294 2919 2350 Christo
2955 2309 3245 2364 personam
3272 2309 3435 2350 crea-

152 2392 265 2436 tam
303 2399 408 2436 non
448 2382 642 2438 fuisse.
681 2382 902 2438 interim
934 2391 1115 2439 tamen
1153 2384 1339 2457 negari
1387 2402 1492 2440 non
1536 2396 1714 2457 potest
1744 2386 1797 2439 in
1827 2384 2050 2441 Christo
2080 2385 2246 2440 fuisse
2269 2386 2605 2438 voluntatem
2658 2383 3072 2438 individualiter
3115 2383 3430 2440 distinctam

150 2471 496 2525 avoluntatc
545 2471 870 2526 individuali
912 2471 1297 2543 cujuscunque
1329 2473 1556 2529 alterius
1590 2474 1849 2540 hominis,
1891 2475 2259 2529 ahstrahendo
2294 2473 2363 2527 ab
2407 2472 2749 2545 hypostatica
2800 2472 3213 2543 personalitate.
3270 2474 3433 2529 Sicut

143 2560 323 2615 etiam
357 2560 733 2616 ahstrahendo
764 2561 832 2616 ab
859 2562 1074 2628 eadem,
1101 2562 1155 2616 in
1184 2562 1403 2619 Christo
1432 2572 1516 2620 est
1551 2560 1902 2617 individualis
1933 2569 2125 2613 natura
2178 2558 2442 2621 humana,
2488 2555 2750 2611 distincta
2784 2559 2855 2611 ab
2888 2556 3037 2610 omni
3082 2555 3209 2621 alia,
3240 2565 3294 2611 et
3325 2557 3431 2612 sub

145 2648 246 2703 illa
309 2648 365 2703 in
414 2650 694 2704 communi
727 2651 1148 2719 comprehensa,
1190 2659 1448 2723 tanquam
1484 2651 1759 2720 quoddam
1812 2648 1961 2704 illius
2009 2645 2352 2702 individuum
2402 2663 2415 2699 :
2465 2645 2628 2714 cujus
2668 2643 3020 2699 individualis
3081 2655 3294 2699 natura:
3325 2652 3432 2711 est,

146 2738 527 2818 individuales
557 2747 611 2792 et
662 2738 970 2808 singulares
998 2739 1244 2795 actiones
1269 2740 1595 2809 producere,
1634 2752 1743 2794 tam
1774 2735 2105 2798 intellectus,
2148 2750 2314 2804 quam
2363 2732 2685 2799 voluntatis,
2733 2748 2857 2802 quae
2889 2733 2942 2785 in
2981 2732 3267 2786 individuo
3318 2732 3434 2788 dis-

145 2826 487 2895 tinguuntur
516 2826 585 2879 ab
618 2826 926 2881 actionibus
974 2828 1208 2881 aliarum
1235 2839 1561 2882 naturarum
1617 2824 2056 2881 individualium.
2104 2821 2370 2890 Quamvis
2396 2830 2591 2875 natura
2620 2820 2967 2875 individualis
3004 2822 3268 2889 producat
3298 2821 3434 2877 istas

141 2912 404 2965 aetiones
437 2912 493 2966 in
521 2913 645 2968 aliis
672 2912 892 2983 quidem
930 2914 1269 2980 hominibus,
1307 2924 1365 2970 ut
1401 2926 1611 2970 natura:
1643 2913 2007 2969 individuales
2040 2911 2351 2967 subsistunt
2378 2910 2431 2965 in
2469 2910 2863 2980 personalitate
2886 2920 3094 2964 creata.
3124 2910 3177 2964 In
3209 2910 3435 2966 Christo

139 3014 282 3053 vero
308 3009 370 3054 ut
402 3010 597 3055 natura
629 3001 750 3071 ejus
781 3002 1020 3057 humana
1053 3003 1304 3058 subsistit
1340 3003 1394 3059 in
1427 3005 1613 3060 divino
1658 3001 1986 3074 supposito;
2021 3000 2167 3070 quod
2200 3008 2384 3053 tamen
2418 2997 2764 3068 suppositum
2798 3013 2895 3067 per
2924 3012 2983 3052 se
3030 3013 3135 3052 non
3167 2996 3343 3052 inlinit
3378 3000 3435 3055 in

138 3088 434 3141 actionem
464 3088 611 3141 illam
673 3088 1025 3145 individualis
1053 3091 1354 3147 voluntatis
1388 3108 1403 3146 :
1432 3092 1685 3163 quamvis
1718 3106 1820 3146 nec
1870 3103 2021 3143 mere
2055 3103 2151 3157 per
2196 3086 2478 3155 accidens,
2524 3095 2580 3141 et
2622 3087 3064 3140 concomilantcr
3111 3102 3233 3141 sese
3268 3086 3437 3143 habet

139 3176 505 3246 suppositum
541 3176 606 3230 ad
642 3177 911 3231 actionem
943 3178 1091 3232 illam
1130 3180 1428 3235 voluntatis
1488 3179 1865 3242 intlividnalis,
1923 3175 2019 3231 sed
2067 3183 2154 3231 est
2203 3174 2447 3230 conditio
2496 3174 2879 3245 prterequisita
2930 3174 2997 3229 ad
3037 3174 3310 3244 agendum
3365 3190 3433 3230 ex

138 3270 314 3330 parte
346 3261 557 3329 agentis
591 3272 904 3331 :quatenus
938 3262 1149 3318 nullum
1182 3279 1352 3334 agens
1376 3264 1629 3319 naturale
1651 3279 1814 3334 agere
1846 3272 2028 3336 potest
2059 3263 2383 3320 naturaliter
2416 3262 2711 3335 loquendo,
2747 3263 2855 3318 nisi
2891 3262 3119 3318 exsistat
3150 3263 3204 3318 in
3226 3279 3436 3335 suppo-g

136 3353 281 3406 Îµá¼°Ïƒ.
322 3348 399 3405 De
426 3366 538 3421 quo
572 3350 737 3406 latius
765 3350 992 3419 Suarez,
1022 3352 1165 3423 disp.
1196 3353 1265 3409 30
1295 3354 1350 3408 in
1384 3352 1622 3424 Metaph.
1653 3362 1789 3409 sect.
1827 3350 1878 3407 7.
2488 3400 2491 3403 .

214 3439 351 3497 Jam
400 3455 549 3506 vero,
586 3442 728 3496 sicut
776 3440 993 3510 Petrus,
1040 3443 1194 3498 verbi
1246 3443 1447 3515 gratia,
1484 3458 1582 3514 per
1616 3444 1957 3497 voluntatem
2012 3456 2175 3498 suam
2208 3439 2599 3496 individualem
2632 3439 2985 3496 exsistentem
3031 3439 3085 3494 in
3139 3441 3433 3512 supposito

134 3540 368 3594 creato,
406 3530 629 3584 tendere
662 3539 842 3599 potest
873 3539 984 3585 tam
1025 3531 1080 3586 in
1112 3531 1288 3598 dulce,
1323 3522 1490 3602 quam
1525 3532 1578 3586 in
1614 3544 1886 3593 amarum,
1932 3539 2043 3585 tam
2083 3532 2137 3584 in
2171 3545 2454 3602 magnum,
2494 3544 2659 3601 quam
2688 3529 2743 3583 in
2775 3544 3027 3600 parvum,
3067 3541 3122 3585 et
3148 3530 3202 3585 in
3237 3544 3434 3588 caetera

135 3613 377 3683 objecta
411 3613 828 3668 conditionibus
856 3615 1134 3685 aliquibus
1161 3615 1389 3681 aiiâ€˜ecta;
1424 3615 1499 3671 ita
1526 3624 1701 3684 potest
1727 3617 1893 3671 etiam
1919 3618 2098 3683 dulce,
2131 3626 2185 3673 et
2210 3633 2485 3680 amarum,
2516 3627 2661 3683 etc.,
2688 3626 2941 3687 appetere
2967 3634 3063 3689 per
3097 3635 3254 3674 suam
3289 3619 3436 3676 indi-

134 3701 433 3756 vidualem
468 3700 808 3757 voluntatem
846 3702 1067 3770 Paulus,
1101 3712 1207 3759 etc.
1238 3704 1294 3758 Si
1327 3720 1459 3774 ergo
1482 3704 1664 3775 quivis
1714 3705 1881 3761 homo
1930 3706 2227 3777 singularis
2268 3716 2542 3777 quatenus
2576 3706 2739 3760 habet
2774 3705 3108 3774 singularem
3152 3716 3430 3774 naturam,

135 3791 252 3845 hoc
301 3798 505 3859 potest,
538 3789 907 3845 abstrahenth
947 3805 976 3844 a
1025 3793 1436 3861 personalitate,
1473 3801 1732 3863 tanquam
1774 3808 1807 3848 a
1847 3792 2120 3863 principio
2162 3791 2423 3848 influente
2469 3792 2522 3846 in
2576 3791 2847 3846 actionem
2898 3792 3044 3845 illam
3090 3793 3430 3863 voluntatis;

128 3878 415 3949 quamvis
465 3893 577 3932 non
637 3878 1010 3933 abstrahendo
1054 3895 1085 3934 a
1137 3881 1545 3950 personalitate,
1592 3889 1654 3936 ut
1704 3888 1789 3937 est
1841 3880 2086 3935 conditio
2129 3881 2323 3953 agendi
2375 3880 2700 3936 naturaliter
2760 3880 3025 3951 requisita
3067 3892 3083 3937 :â€˜
3129 3882 3429 3940 absurdum

127 3966 377 4021 videtur
409 3966 591 4020 dicere
668 3966 720 4020 id
762 3965 1044 4022 Christum
1088 3982 1196 4022 non
1230 3970 1498 4040 petuisse,
1537 3979 1591 4024 et
1631 3969 1846 4041 quoties
1895 3967 2102 4039 aliquid
2161 3969 2355 4031 voluit,
2395 3979 2490 4023 aut
2537 3968 2815 4040 appetivit,
2848 3968 2903 4023 id
2935 3977 3147 4024 tantum
3192 3971 3434 4028 voluisse

124 4053 439 4110 communi
475 4055 685 4109 ratione
712 4054 863 4121 boni,
896 4063 951 4110 et
984 4054 1038 4109 in
1065 4055 1346 4127 objectum
1380 4058 1672 4115 tetendisse
1700 4061 1946 4130 praecisis
1975 4058 2237 4116 omnibus
2269 4059 2650 4132 qualitatibus,
2675 4067 2731 4115 et
2749 4058 3161 4116 conditionibus
3182 4062 3431 4133 particu-

122 4144 391 4201 laribus.

205 4228 391 4298 Quod
432 4230 479 4286 si
515 4230 643 4302 quis
677 4230 1008 4287 sententiam
1034 4231 1349 4289 Graacorum
1381 4236 1696 4292 accuratius
1729 4237 2062 4303 consideret,
2098 4238 2259 4309 plane
2291 4237 2548 4293 videntur
2578 4237 2722 4294 hanc
2749 4238 3087 4294 voluntatem
3115 4240 3425 4309 gnomicam

116 4317 480 4374 distinxisse
513 4318 733 4374 realiter
770 4334 802 4373 a
830 4319 1071 4389 potentia
1103 4320 1216 4385 illa,
1250 4336 1416 4391 quam
1448 4333 1646 4379 vocant
1679 4324 1783 4395 ipsi
1810 4327 2139 4391 naturalem,
2175 4342 2411 4398 quaeque
2433 4327 2611 4381 oritur
2635 4344 2701 4382 ex
2737 4327 2855 4397 ipsa
2903 4338 3098 4383 natura
3138 4329 3419 4400 speciiica.

121 4405 430 4463 Videntur
453 4406 618 4462 etiam
654 4406 1011 4463 existimasse
1040 4407 1185 4465 hanc
1214 4411 1550 4467 voluntatem
1585 4414 1914 4483 gnomicam,
1947 4424 2002 4470 et
2048 4423 2206 4470 actus
2243 4415 2364 4484 ejus
2415 4414 2663 4471 eifective
2702 4430 2826 4471 esse
2866 4416 2935 4469 ab
2984 4416 3101 4486 ipsa
3150 4433 3410 4489 persona.

113 4495 308 4563 Quod
352 4495 401 4550 si
434 4495 507 4549 ita
539 4504 707 4561 esset,
739 4504 871 4551 tunc
899 4496 1115 4551 clarum
1142 4507 1292 4554 esset
1323 4500 1376 4554 in
1410 4500 1632 4558 Christo
1660 4518 1769 4558 non
1800 4518 1962 4573 posse
1992 4503 2119 4573 poni
2154 4503 2489 4558 voluntatem
2523 4504 2833 4575 gnomicam
2873 4513 3142 4569 creatam,
3182 4522 3308 4562 cum
3358 4507 3415 4562 in

114 4581 263 4652 ipso
298 4594 416 4633 non
450 4578 613 4631 fuerit
638 4592 869 4647 persona
888 4588 1095 4644 creata,
1120 4595 1186 4635 ex
1211 4597 1317 4651 qna
1347 4584 1660 4654 hujusmodi
1690 4591 1941 4646 voluntas
1968 4592 2208 4646 humana
2245 4591 2496 4662 gnomica
2530 4592 2740 4647 niteret.

198 4665 332 4722 Sed
372 4668 486 4720 hare
514 4664 872 4719 fundamenta
900 4675 1027 4721 sunt
1073 4665 1230 4723 falsa.
1279 4668 1417 4736 Quia
1457 4674 1637 4729 omnis
1669 4688 1824 4733 actus
1868 4680 2188 4745 voluntatis,
2234 4679 2635 4750 qualiscunque
2677 4681 2767 4746 sit,
2808 4678 3060 4735 eilective
3090 4690 3176 4737 est
3222 4682 3291 4737 ab
3324 4682 3414 4738 illa

112 4756 399 4829 potentia
429 4755 646 4809 valendi
677 4770 799 4826 quae
825 4754 945 4811 ï¬‚uit
974 4771 1038 4811 ex
1083 4758 1400 4815 intrinsecis
1442 4764 1725 4835 principiis
1761 4767 2016 4823 humanae
2055 4778 2286 4823 naturae.
2340 4768 2408 4823 Et
2442 4767 2784 4839 suppositum
2837 4770 2925 4824 hic
2962 4769 3039 4824 nil
3083 4771 3231 4825 aliud
3266 4769 3421 4839 facit,

106 4859 315 4916 quam
364 4842 511 4911 quod
554 4851 639 4897 est
671 4842 934 4908 conditio,
980 4844 1101 4899 sine
1149 4860 1258 4914 qua
1309 4849 1638 4905 naturaliter
1686 4852 1983 4923 loquendo,
2016 4857 2273 4911 voluntas
2304 4856 2515 4911 nullum
2565 4866 2748 4911 actum
2797 4860 2970 4929 possit
3003 4859 3237 4927 elicere,
3274 4861 3423 4918 sicut

110 4929 485 4985 naturaliter
514 4944 624 4984 non
661 4938 840 5001 potest
869 4931 1139 4989 exsistere
1158 4944 1313 4989 extra
1346 4938 1711 5007 suppositum.
1776 4938 1833 4994 Si
1867 4950 2043 4997 tamen
2090 4954 2244 4998 extra
2292 4956 2437 4998 esset
2462 4959 2559 5013 per
2595 4944 2837 4999 divinam
2874 4946 3199 5015 potentiam,
3252 4964 3418 5019 posse

105 5022 313 5074 etiam
383 5025 536 5072 extra
602 5019 857 5089 eperari,
921 5032 1025 5075 nec
1082 5021 1391 5092 requireret
1459 5024 1603 5081 hanc
1655 5028 2028 5084 conditionem
2092 5030 2398 5102 suppositi,
2453 5039 2513 5086 ut
2587 5031 2745 5088 docet
2806 5034 2969 5089 etiam
3044 5034 3232 5091 Suare
3308 5037 3429 5095 loco

102 5109 345 5163 citato.

188 5195 293 5249 Ad
329 5192 576 5262 primum
617 5205 1002 5261 argumentum
1024 5195 1226 5263 Photii,
1254 5210 1483 5272 negatur
1504 5204 1701 5275 major.
1752 5204 1891 5272 Quia
1922 5206 2176 5262 voluntaâ€˜s
2206 5207 2456 5278 gnomica
2483 5217 2567 5262 est
2608 5219 2838 5274 naturae,
2873 5226 2980 5266 non
3013 5226 3285 5282 personae,
3318 5211 3427 5271 nisi

97 5292 432 5356 quatenus
468 5295 701 5349 persona
734 5293 817 5336 est
838 5284 1103 5353 conditio,
1142 5288 1262 5343 sine
1302 5304 1410 5361 qua
1453 5291 1709 5348 voluntas
1738 5294 2067 5350 naturaliter
2088 5308 2269 5351 aetum
2304 5311 2409 5349 non
2443 5296 2686 5352 eliceret.
2720 5297 2801 5353 Ad
2833 5300 3216 5368 probationem
3258 5301 3381 5357 dico
3408 5322 3425 5357 :

96 5373 291 5427 Licet
327 5368 390 5421 in
422 5368 658 5436 singulis
683 5368 995 5426 hominibus
1029 5374 1101 5427 sit
1132 5375 1320 5431 eadem
1347 5378 1599 5435 voluntas
1626 5382 1931 5436 secundum
1977 5383 2238 5452 speciem,
2270 5383 2664 5454 multiplicatur
2690 5393 2871 5442 tamen
2912 5388 3326 5445 individualiter
3367 5391 3421 5447 in

91 5456 411 5549 singulis.
455 5454 693 5549 Et,-licet
716 5456 964 5513 voluntas
986 5459 1040 5514 in
1080 5466 1357 5519 communi
1378 5467 1663 5523 abstrahat
1701 5472 1729 5523 a
1769 5478 1944 5534 tanto,
1976 5471 2063 5525 vel
2104 5481 2275 5536 tanto,
2317 5481 2448 5536 etc.,
2474 5473 2624 5528 etab
2655 5475 2778 5530 aliis
2814 5477 3224 5534 conditionibus
3256 5479 3425 5549 parti-

88 5545 434 5604 cntarihns
467 5542 853 5611 objectorum;
886 5562 992 5600 non
1034 5563 1301 5621 repugnat
1332 5564 1512 5610 tamen
1555 5556 1631 5611 illi
1667 5557 1804 5612 velle
1831 5567 2068 5625 tantum,
2099 5559 2179 5613 vel
2210 5568 2445 5624 tantum,
2488 5560 2624 5627 e'tc.;
2682 5563 2795 5618 imo
2819 5564 2922 5619 hoc
2958 5566 3006 5619 ei
3035 5575 3119 5621 est
3148 5542 3421 5632 naturale,

85 5654 171 5697 (Î¹Î¿
210 5638 395 5725 á¼±Ïá½³Î±,
428 5633 574 5725 quod
598 5635 786 5689 omnia
813 5634 914 5690 ista
943 5639 1296 5697 continentur
1328 5646 1470 5701 intra
1506 5648 1851 5702 latitudinem
1881 5648 1964 5702 sui
1992 5647 2215 5719 objecti,
2247 5649 2391 5718 quod
2424 5659 2509 5703 est
2537 5649 2740 5705 bonum
2768 5669 2782 5706 :
2820 5654 2961 5707 sicut
2987 5655 3149 5709 etiam
3180 5657 3419 5725 potentia

89 5721 495 5814 intelligendi
530 5734 640 5814 non
670 5731 881 5814 tantum
904 5734 1093 5814 potest
1115 5731 1334 5787 tendere
1361 5735 1414 5788 in
1438 5752 1628 5791 verum
1662 5737 1716 5791 in
1747 5736 2050 5799 communi,
2081 5737 2175 5791 sed
2204 5737 2365 5791 etiam
2396 5738 2448 5792 in
2476 5739 2578 5793 hoc
2606 5740 2836 5796 velillnd
2864 5758 3049 5797 verum
3070 5721 3418 5814 particulare,

86 5820 223 5873 ioc
265 5809 377 5867 vel
407 5809 501 5863 illo
519 5809 630 5863 veri
665 5810 1131 5901 rnotloâ€˜aifectnm.
1170 5819 1351 5883 Quare
1381 5824 1545 5879 etiam
1577 5826 1843 5881 voluntati
1872 5828 2144 5892 humanae,
2180 5837 2239 5881 ut
2262 5827 2515 5882 voluntas
2553 5838 2659 5893 est,
2696 5831 2965 5898 convenit,
3001 5809 3256 5901 Illâ€”[)OSSll
3284 5834 3421 5888 velle

94 5910 393 5984 hortum,
428 5904 707 6051 etpomnes
737 5897 1076 6051 digerentias
1112 5904 1237 5963 boni
1267 5925 1281 5963 :
1315 5911 1466 5977 item,
1510 5924 1568 5968 ut
1599 5913 1771 5985 possit
1799 5913 2238 5997 ingeremalum,
2273 5923 2327 5970 et
2354 5929 2545 5971 omnes
2567 5915 2897 5975 diï¬‚â€˜ercntias
2920 5897 3242 5976 mali.-Nam
3273 5921 3419 5993 quod

524 6006 748 6050 A'mOL.
851 6008 913 6051 n.
962 5994 1057 6051 Cl.
2949 6012 3025 6051 1R

524 6006 748 6050 ATROL.
797 5992 913 6051 Gn.
962 5994 1057 6056 Cl.
1874 5986 1877 5987 Î½
1998 5986 2008 5997 â€™
2949 6012 3025 6073 18
