3880 6206
174 314 279 378 549

1033 315 1120 376 AD
1161 313 1757 375 AMPIIILOCHIUM
1806 313 2152 385 QUIESTIO
2189 316 2450 376 LXXXI.

3330 318 3434 382 550

248 428 371 484 limo
401 428 468 483 de
497 428 832 498 argumentis
859 428 1058 492 Pbotii,
1084 429 1178 499 qui
1205 428 1483 497 Opinionis
1513 442 1626 483 sua:
1666 435 1851 489 tenax,
1880 428 2189 496 gnomieam
2223 428 2557 481 voluntatem
2609 441 2640 480 a
2677 425 2901 482 Christo
2938 425 3219 482 mordicus
3247 443 3432 484 remo-

184 518 363 572 rebar.
397 517 663 584 Quocirca
688 518 874 587 plures
911 519 1133 588 reperit.
1160 518 1251 588 qui
1285 533 1342 572 se
1376 525 1750 586 opponerent;
1787 523 1841 570 ut
1877 523 2102 582 apparet
2134 529 2201 570 ex
2238 513 2466 584 Epilogo
2496 514 2772 581 epusculi,
2801 522 2856 570 et
2884 529 2951 570 ex
2989 515 3195 570 Graecis
3219 531 3435 586 quoque

172 605 420 668 seboliis,
452 619 574 674 qure
596 604 804 674 adjecta
835 615 989 660 erant
1023 606 1088 658 ad
1121 605 1424 675 marginem
1450 602 1626 658 Graeci
1652 603 2008 674 exemplaris,
2043 620 2151 674 quo
2182 603 2490 658 Turriauus
2520 603 2585 657 ad
2618 605 2925 659 versionem
2961 619 3114 664 suam
3148 620 3283 660 usus
3314 615 3424 660 est-

172 708 296 746 nam
325 707 354 745 a
391 691 579 745 codice
607 691 866 746 Bavarieo
902 693 1151 745 aberant.

735 827 1070 880 ΕΡΩΤΗΣΙΣ
1093 825 1221 883 HA'.

173 917 237 972 Τί
265 917 402 989 ἐστι
424 917 492 971 τὸ
521 917 680 987 παρὰ
711 919 788 984 τῷ
818 918 1021 988 Λουκᾷ
1043 936 1058 952 ο
1096 939 1115 970 ι
1146 919 1490 989 Γενομένης
1533 917 1602 969 δὲ
1645 915 1757 983 τῆς

241 986 450 1060 φῳνῆς
487 986 706 1054 ταύτης
756 986 1032 1058 συνῆλθε
1067 990 1130 1043 τὸ
1164 986 1400 1060 πλῆθος
1442 986 1546 1042 ’καὶ
1599 1003 1754 1041 συν-

243 1060 452 1126 εχύθη,
490 1075 509 1111 ι
543 1076 599 1113 κ.
628 1075 680 1113 τ.
711 1062 797 1124 λ.;

1791 809 1834 864 Α
1937 822 2266 890 ρυΑῑετιο
2316 825 2528 881 LXXXI
2584 827 2773 900 [Coisl.
2828 826 2994 880 Tattr.
3040 827 3342 900 CCLXIX].

1870 914 2013 981 Quid
2039 926 2115 970 est
2149 917 2284 971 illud
2309 927 2452 986 apud
2485 919 2680 972 Lucam
2711 933 2729 971 :
2765 939 2782 970 ι
2812 919 2974 972 Facta
3001 930 3177 972 autem
3205 921 3302 973 hac
3327 937 3438 974 vecr

1936 991 2172 1042 convenit
2196 991 2482 1042 multitudo
2507 1001 2556 1043 et
2591 1001 2758 1044 mente
2787 990 3012 1059 confusa
3046 1001 3121 1044 est
3143 991 3167 1044 1’
3193 1011 3210 1041 ι
3250 1002 3354 1047 etc.

233 1194 379 1246 Edita
403 1200 483 1246 est
506 1209 534 1244 a
556 1196 617 1246 R.
642 1195 946 1248 Montacutio
978 1197 1112 1248 inter
1138 1197 1302 1249 Photii
1335 1198 1576 1262 epistolas
1601 1198 1678 1248 ed.
1709 1194 1914 1247 Londin.
1943 1194 2058 1243 ιδδι
2096 1193 2129 1243 l‘.
2156 1207 2238 1257 ep.
2266 1193 2376 1252 H5,
2405 1193 2584 1259 Sergio
2605 1192 2772 1257 fratri,
2798 1201 2847 1258 ι).
2872 1196 2981 1256 202,
3007 1191 3116 1246 Q03.

244 1302 483 1372 Πότερον
509 1302 560 1355 οἱ
581 1301 933 1374 χλευάζοντες
964 1305 1220 1360 συνίεσαν
1247 1305 1554 1360 λαλούντων
1582 1305 1760 1375 γλώσ·

174 1410 299 1457 σαις
336 1393 444 1446 τῶν
475 1395 810 1458 ἀποστόλων,
842 1397 872 1466 ἢ
910 1395 1007 1462 οὖς
1045 1397 1107 1450 Ei
1131 1397 1230 1466 μὲν
1253 1399 1360 1470 γὰρ
1389 1399 1448 1451 οὑ
1485 1398 1758 1464 συνίεσαν,

170 1487 294 1550 πῶς
349 1487 589 1551 ἀπάσαις
623 1487 868 1561 [ἅπασιν]
900 1489 1126 1544 ἐλάλουν
1171 1492 1218 1544 οἱ
1249 1491 1535 1545 ἀπόστολοι
1565 1509 1580 1558 ;
1623 1494 1672 1546 el
1702 1492 1759 1545 δὲ

173 1579 450 1644 συνίεσαν,
481 1580 596 1642 πῶς
624 1581 936 1653 ἐθάρρησαν
984 1583 1154 1654 μέθην
1207 1584 1582 1649 αἰτιάσασθαι,
1607 1585 1760 1656 παρά

171 1671 347 1736 πόδας
399 1673 492 1725 τὸν
539 1672 760 1744 ἔλεγχον
804 1673 1040 1744 ἔχοντες,
1081 1676 1260 1730 αὐτῶν
1304 1676 1412 1730 τῶν
1453 1676 1760 1730 ἀκουόντων

171 1765 270 1816 καὶ
302 1764 590 1819 συνιέντων
619 1767 718 1838 τὴν
769 1767 1060 1839 αίσθησιν;
1093 1767 1249 1821 Οὕτω
1282 1768 1382 1839 μὲν
1411 1769 1476 1823 ἄν
1501 1787 1584 1832 τις
1613 1770 1758 1822 εῖποι

165 1857 275 1927 τὴν
327 1855 426 1928 σὴν
471 1858 705 1927 ἀπορίαν
746 1858 827 1923 εἰς
854 1859 914 1913 τὸ
946 1859 1281 1933 δριμύτερον
1309 1861 1760 1933 μεταχειριζόμε-

169 1965 285 2009 νος.
330 1949 472 2018 Ἐγὼ
495 1950 550 2002 δὲ
575 1951 742 2022 φαίην
779 1949 844 2004 ἂν
873 1953 1186 2008 τούναντίον
1210 1969 1224 1984 ⁸
1253 1953 1353 2017 ὡς,
1387 1956 1434 2007 εί
1472 1954 1546 2026 μὴ
1583 1953 1761 2007 συνίε-

172 2057 300 2106 σαν,
324 2040 434 2094 οὐδ’
469 2041 535 2096 ἂν
566 2043 646 2105 είς
680 2043 850 2116 μέθην
881 2043 942 2099 τὸ
985 2044 1173 2118 θαῦμα
1217 2045 1518 2100 διέϐαλλον.
1561 2047 1624 2098 Τί
1654 2049 1762 2117 γὰρ

168 2135 241 2187 ἄν
265 2152 349 2198 τις
389 2136 482 2189 καὶ
505 2135 812 2190 διαϐάλλειν
841 2139 1146 2211 ἐπιχειροίη
1200 2140 1336 2211 ὅπερ
1366 2139 1488 2192 οὐδὲ
1521 2139 1630 2192 τῶν
1672 2139 1765 2192 λυ-

170 2227 424 2281 ⁸ὶτούντων
477 2229 644 2284 αὑτὸν
701 2232 822 2302 εἴης
867 2232 1026 2286 Ἀλλὰ
1093 2233 1344 2288 συνίεσαν
1396 2234 1516 2305 μὲν,
1553 2235 1768 2306 ἀπηρέ-

171 2339 373 2376 σκοντο
410 2322 490 2376 δέ’
520 2322 589 2377 τά
619 2325 729 2396 γὰρ
755 2325 1021 2395 μεγαλεῖα
1051 2325 1237 2395 ἔλεγον
1258 2328 1456 2381 ἐκεῖνοι
1480 2326 1575 2381 τοῦ
1599 2327 1760 2382 Θεοῦ·

167 2414 262 2481 ἐφ’
299 2408 402 2478 οἷς,
431 2413 483 2466 oi
543 2395 989 2486 ἀγνωμονοῦντες
1037 2418 1379 2489 νυττόμενοι,
1417 2417 1616 2490 χλεύην
1665 2421 1762 2473 ἐπο
1797 2395 1836 2450 Β

170 2506 428 2578 εχεὶρουν
460 2508 520 2562 τὸ
551 2509 734 2579 θαῦμα
763 2511 1114 2582 ἐργάζεσθαι.
1168 2512 1261 2566 Διὸ
1297 2514 1390 2566 καὶ
1419 2515 1447 2567 ὁ
1489 2514 1760 2585 μακάριος

169 2602 419 2665 Λουκᾶς,
459 2620 477 2652 ι
515 2602 902 2670 Χλευάζοντες,
936 2605 1121 2675 φησὶν,
1155 2603 1368 2674 ἔλεγον
1406 2624 1424 2658 ι
1465 2606 1628 2660 οἱονεὶ
1649 2606 1764 2660 δια-

171 2691 474 2762 σύροντες,
523 2692 985 2758 ὲνδιαϐἀλλοντες,
1019 2696 1344 2750 ὲπισκιάσαι
1395 2696 1492 2768 τὴν
1517 2695 1765 2768 θαυματ-

168 2785 409 2856 ςυργίαν
463 2785 873 2858 μηχανώμενοι.
930 2788 1054 2852 Πῶς
1096 2787 1189 2842 οὑν
1237 2789 1527 2856 συνιέντες,
1559 2791 1639 2853 εἰς
1670 2789 1762 2860 μέ-

167 2876 283 2944 Οην
323 2876 586 2948 ἀνέφερον
617 2877 687 2930 τά
725 2876 1032 2949 λεγόμενας
1063 2879 1196 2933 Ἀπὸ
1222 2880 1424 2952 πολλῆς
1470 2881 1727 2945 ἀπονοίας
1748 2898 1761 2912 ·

170 2969 240 3033 ἐξ
271 2969 722 3041 ὑπερϐαλλούσης
749 2971 966 3035 ἀνοίας’
993 2970 1116 3035 ἔθος
1160 2972 1268 3043 γὰρ
1317 2974 1429 3036 τοῖς
1478 2971 1762 3037 τοιούτοις,

169 3061 315 3112 ὅταν
414 3061 490 3132 μὴ
521 3062 843 3132 καταθύμια
873 3063 942 3116 τὰ
969 3061 1262 3134 λεγόμενα,
1295 3064 1396 3118 κᾶν
1429 3063 1604 3128 ἄλλως
1629 3064 1763 3118 πολὺ

168 3153 240 3206 τὸ
269 3155 616 3226 σωτηριῶδες
647 3156 745 3227 ἔχῃ
764 3159 856 3210 καὶ
889 3157 1181 3230 ὠφέλιμον,
1207 3160 1536 3230 παραφορὰν
1555 3159 1662 3212 τῶν
1683 3160 1764 3213 εί·-

172 3263 208 3316 ρ
221 3247 460 3315 ημένων.
483 3247 513 3316 ἦ
533 3247 704 3318 μέθην
723 3249 756 3318 ἢ
779 3248 872 3301 καὶ
889 3249 1166 3320 δαιμόνιον
1196 3249 1574 3304 αἰτιᾶσθαιτοῦ
1589 3250 1768 3319 λέγον-

170 3354 274 3399 τος
300 3353 316 3368 ⁸
391 3339 483 3391 καὶ
533 3340 670 3410 μήτε
722 3339 884 3392 αὑτὸν
912 3343 1140 3405 ἐκεῖνον,
1181 3341 1217 3395 ἀ
1267 3341 1444 3411 λέγοι,
1485 3342 1724 3395 συνιέναι
1751 3357 1764 3371 ⁶

175 3431 326 3498 μήτε
350 3433 456 3501 μὴν
482 3431 573 3484 τὸν
601 3432 892 3497 ἀκούοντα,
919 3433 1012 3486 καί
1039 3450 1121 3488 τοι
1150 3436 1244 3487 καί
1275 3434 1370 3489 τοῦ
1403 3434 1653 3504 λέγοντος
1677 3434 1768 3486 ἐπὶ

171 3523 246 3575 τὸ
287 3522 590 3576 ἄπταιστον
624 3522 1022 3595 φθεγγομένου,
1053 3526 1149 3579 κει.)⁸
1173 3526 1266 3580 τοῦ
1292 3524 1646 3597 χλευάζοντος
1673 3526 1770 3580 καὶ

172 3615 536 3692 αἰτιοιιιμένου,
572 3617 735 3686 μέχρι
763 3618 858 3670 τοῦ
903 3616 1125 3671 ἀκούειν
1160 3618 1257 3672 καὶ
1308 3619 1567 3683 συνιέναι,
1600 3619 1766 3687 ὑγιῶς

1944 1300 2133 1357 Utrum
2170 1301 2264 1372 qui
2313 1301 2617 1356 irridebant
2659 1303 2934 1372 apostolos
2979 1304 3176 1376 linguis
3213 1305 3410 1376 loquen

1870 1402 1971 1460 tes,
2018 1409 2113 1449 eos
2161 1394 2555 1464 intelligebant,
2593 1395 2674 1448 rei
2731 1395 2879 1448 non?
2927 1395 2982 1450 Si
3035 1411 3142 1451 non
3189 1398 3443 1469 intellige-

1869 1485 2021 1546 bant.
2056 1485 2336 1554 quomodo
2386 1485 2586 1556 linguis
2621 1486 2877 1541 omnibus
2912 1486 3080 1541 locuti
3138 1497 3266 1543 sunt
3315 1505 3436 1559 apo-

1869 1577 1992 1633 stoli
2022 1577 2142 1632 ?sin
2171 1577 2561 1648 intelligebant,
2585 1578 2726 1631 unde.
2750 1579 3021 1633 audebant
3049 1595 3141 1635 eos
3167 1581 3446 1635 ebrietatis

1869 1684 2153 1735 accusare,
2208 1685 2330 1725 cum
2381 1669 2436 1724 in
2489 1681 2743 1740 promptu
2793 1673 3045 1726 convinci
3098 1683 3322 1742 possent
3378 1678 3447 1727 ab

1872 1761 2233 1833 intelligentia
2281 1762 2658 1827 audientium,
2714 1773 2767 1818 et
2821 1766 3271 1834 cognoscentium
3325 1783 3446 1836 quae.

1870 1856 2273 1926 loquebantur?
2303 1856 2371 1911 Et
2396 1856 2500 1910 boc
2535 1857 2698 1910 modo
2738 1857 2882 1925 loqui
2925 1858 3122 1927 potuit,
3155 1859 3245 1929 qui
3292 1868 3441 1913 Inani

1867 1949 2226 2020 qna-stionem
2272 1948 2524 2006 acerbius
2564 1959 2821 2004 excutere
2856 1951 3004 2004 velit.
3038 1951 3108 2005 At
3147 1952 3278 2007 mibi
3314 1968 3444 2004 eon-

1869 2041 2098 2094 trarium
2144 2039 2325 2094 dicere
2371 2041 2549 2095 visum
2582 2059 2596 2108 ;
2630 2041 2887 2094 nimirum
2937 2043 2979 2096 si
3029 2057 3134 2096 non
3171 2043 3441 2111 intellige-

1871 2133 2001 2187 bant
2039 2131 2342 2200 loquentes,
2385 2131 2533 2186 haud
2579 2134 2844 2189 miracula
2879 2142 3132 2188 taxarent
3160 2137 3223 2187 de
3273 2136 3444 2187 ebrio-

1870 2235 1999 2281 tate.
2034 2224 2310 2291 Quorsum
2364 2225 2506 2280 enim
2547 2225 2674 2294 quis
2719 2237 2906 2279 taxare
2951 2227 3075 2280 velit
3110 2226 3261 2290 illud,
3298 2227 3443 2293 quod

1872 2318 1976 2387 ipsi
2006 2317 2313 2372 molestiam
2353 2332 2460 2370 non
2493 2316 2752 2372 iecisset?
2788 2316 2986 2371 Verum
3014 2332 3138 2372 cum
3175 2318 3446 2387 intellige-

1869 2423 2008 2478 rent,
2053 2412 2338 2481 displicuit
2395 2412 2502 2466 illis
2549 2412 2693 2481 quod
2748 2412 3015 2483 magnalia
3063 2411 3157 2466 Dei
3209 2397 3442 2484 apostoli

1867 2505 2270 2576 praedicarent;
2313 2504 2518 2574 quibus
2552 2519 2677 2559 cum
2719 2504 2970 2560 malevoli
3006 2519 3446 2576 compungeren-

1868 2606 1994 2663 tur,
2037 2596 2222 2650 conati
2274 2603 2403 2651 sunt
2447 2594 2771 2650 miraculum
2818 2595 2932 2651 risu
2973 2596 3280 2650 traducere.
3316 2596 3446 2652 Ideo

1867 2690 2062 2744 beatus
2108 2689 2285 2746 Lucas
2330 2691 2428 2755 ait,
2479 2690 2822 2746 «irridentes
2864 2690 3203 2756 dicebant",
3238 2711 3256 2742 ι
3312 2703 3443 2754 etc,

1868 2782 1974 2837 hoc
2008 2791 2090 2837 est
2120 2782 2496 2846 traducentes,
2532 2791 2874 2845 accusantes,
2918 2782 3170 2850 obtegere.
3201 2782 3398 2835 νυιριιιι
3420 2798 3446 2834 s

1869 2875 2244 2942 Operationem
2294 2874 2706 2930 miraenlosam.
2745 2873 3032 2940 Quomodo
3079 2875 3264 2944 igitur,
3323 2887 3443 2928 eum

1870 2966 2244 3037 intelligebant
2287 2982 2409 3037 qua:
2437 2966 2784 3027 dicebantur,
2825 2966 3076 3021 ebrietati
3108 2967 3448 3036 aseripsere?

1868 3057 1951 3113 Ab
1980 3058 2186 3128 ingenti
2216 3057 2422 3124 furore,
2459 3058 2528 3112 ab
2559 3058 2863 3128 ignorantia
2888 3072 3177 3129 suprema;
3216 3059 3268 3112 in
3297 3073 3447 3112 more

1870 3150 2016 3204 enim
2075 3151 2297 3218 ponitur
2347 3151 2488 3220 apud
2544 3150 2814 3220 ejusmodi
2872 3151 3142 3217 lunnines,
3210 3160 3268 3206 ut
3321 3167 3443 3206 cum

1873 3243 2058 3298 minus
2115 3243 2253 3312 ipsis
2312 3244 2616 3308 arrideant,
2668 3258 2789 3312 quae
2839 3243 3120 3309 dicuntur,
3171 3254 3447 3315 utcunque

1878 3336 2165 3391 salutifera
2224 3347 2278 3392 et
2324 3337 2579 3407 pet-utilia
2639 3338 2784 3402 sint,
2841 3337 3100 3403 insaniae,
3161 3338 3446 3393 ebrietatis

1872 3428 2114 3484 dicentes
2146 3438 2442 3496 accusent;
2469 3429 2746 3483 autetiam
2780 3431 3124 3500 arreptitium
3155 3445 3276 3486 esse
3298 3447 3446 3495 eum,

1873 3524 1966 3592 qui
2002 3523 2269 3592 loquitur,
2308 3523 2486 3578 solent
2523 3539 2818 3589 accusare;
2860 3539 2960 3577 nec
2987 3525 3165 3593 ipsum
3203 3539 3261 3578 se
3291 3523 3446 3579 intels

1875 3615 2066 3686 ligere,
2117 3615 2315 3668 nedum
2371 3615 2676 3683 perciperet
2722 3615 2971 3679 auditor;
3025 3618 3303 3684 nt'c‘unQue
3355 3619 3444 3684 qui

173 3704 426 3774 ἔχοντος.
467 3705 698 3760 Ἐκεῖνοι
721 3707 778 3760 δὲ
801 3709 896 3760 καὶ
918 3708 1118 3779 μᾶλλον
1136 3708 1404 3781 ἐθάρρουν
1422 3711 1594 3781 μέθην
1611 3712 1765 3778 ἐγκα-

1877 3708 2140 3778 l‘0quitur,
2191 3709 2310 3763 sine
2367 3707 2516 3776 lapsu
2559 3707 2846 3778 loquatur;
2891 3717 2940 3762 et
2981 3707 3072 3776 qui
3126 3716 3350 3762 aecus:rt
3394 3719 3449 3761 rt

173 3796 319 3861 lsiv,
338 3797 421 3850 ὅτι
449 3799 514 3869 τῇ
551 3797 656 3870 ἰδίᾳ
677 3799 897 3872 γλώσσῃ
916 3801 1367 3866 ἀκούοντες,τοὺς
1387 3802 1576 3866 ἄλλους
1595 3803 1652 3857 δὲ
1678 3803 1768 3856 διὰ

174 3888 248 3941 τὸ
287 3889 689 3958 ὲτερόγλωσσον
720 3889 794 3961 μὴ
822 3892 1060 3944 συνιέναι
1080 3892 1414 3964 νομίζοντες,
1436 3893 1770 3964 οὐδ’ἕλεγχον

171 3979 288 4048 τῆς
335 3979 700 4048 συκοφαντίας
746 3982 928 4052 εὑρεῖν
977 3981 1036 4046 ἐξ
1087 3983 1303 4053 ἑτοίμου
1367 3983 1767 4054 ὑπελάμϐανον.

170 4073 354 4124 Αύτοὶ
389 4071 490 4141 μὲν
516 4073 622 4143 γὰρ
660 4073 947 4127 συνίεσαν·
985 4075 1111 4139 τοὺς
1153 4075 1211 4128 δὲ
1265 4076 1676 4147 συμπαρόντας,
1701 4076 1769 4130 δι’

171 4157 279 4220 οὓς
309 4161 404 4212 καὶ
437 4161 571 4231 πρὸς
597 4161 768 4232 μέθην
796 4161 857 4215 τὸ
885 4161 1068 4234 θαῦμα
1097 4165 1420 4238 κατέφερον,
1453 4167 1641 4238 πόρρω
1675 4168 1768 4221 τοῦ

172 4251 432 4304 συνιέναι
481 4253 766 4317 ἐτόπαζον.
824 4255 932 4307 Καὶ
987 4255 1299 4326 θαυμαστὸν
1351 4258 1523 4313 οὐδέν.
1559 4259 1768 4329 Ὥσπερ

171 4346 296 4414 γὰρ
325 4345 425 4411 τῆς
456 4345 794 4415 Δεσποτικῆς
836 4345 1100 4411 ἐξουσίας,
1129 4346 1457 4414 ἐλαυνούσης
1485 4349 1551 4400 τὰ
1582 4348 1772 4417 δαιμό-

173 4454 298 4498 νια,
339 4435 594 4488 συνίεσαν
625 4435 722 4504 μὲν
746 4437 841 4489 καὶ
871 4436 1098 4490 ἔϐλεπον
1125 4439 1193 4490 τὰ
1217 4439 1514 4509 παράδοξα.
1552 4439 1672 4492 δέον
1712 4437 1769 4491 δὲ

174 4529 382 4596 ὑμνεῖν
425 4528 516 4578 καὶ
544 4530 892 4598 προσκυνεῖν,
947 4531 1028 4592 εἰς
1076 4529 1428 4600 βλαστημίας
1457 4531 1766 4600 ἀπήγοντο·

174 4622 284 4676 καὶ
326 4621 517 4685 νόσους
569 4623 749 4685 πάσας
782 4623 876 4676 καὶ
917 4624 1068 4694 πάθη
1103 4625 1280 4678 πάντα
1329 4624 1565 4696 ὁρῶντες
1596 4642 1770 4694 φυγαι

173 4713 462 4781 δευόμενοι
493 4753 506 4776 ,
563 4713 670 4765 τῶν
705 4712 1000 4784 θαυμάτων
1026 4714 1126 4783 τὴν
1181 4714 1487 4784 ὑπερϐολὴν
1534 4714 1630 4766 καὶ
1669 4715 1770 4784 τῆς

175 4803 532 4874 εὐεργεσίας,
560 4802 751 4872 φθόνου
793 4805 888 4857 καί
920 4806 1282 4874 συκοφαντίας
1311 4807 1404 4859 καὶ
1438 4807 1599 4874 φόνου
1633 4805 1770 4876 ὓλην

175 4895 549 4966 εἰργάζοντοο
614 4895 756 4949 οὕτω
798 4897 894 4949 καὶ
930 4897 1027 4952 νῦν
1065 4898 1164 4951 οὑκ
1205 4897 1421 4967 ἔχοντες
1469 4899 1773 4970 ἐξαρνησα-

176 4989 319 5042 σθαι
359 4988 423 5040 τὸ
482 4987 759 5058 ὑπερφυὲς
812 4987 922 5040 τῶν
973 4988 1238 5056 γλωσσῶν
1286 4990 1380 5042 καὶ
1443 4987 1767 5058 παράδοξον,

1877 3802 2087 3862 irridet.
2124 3801 2268 3871 quod
2299 3801 2542 3855 auditum
2577 3810 2788 3870 spectat
2814 3810 2867 3856 et
2895 3801 3252 3861 intellectum.
3279 3817 3448 3856 sanus

1874 3891 2057 3948 fuerit.
2099 3893 2205 3947 Sed
2235 3893 2323 3948 isti
2350 3893 2670 3947 ebrietatem
2700 3892 2937 3962 objicere
2981 3909 3046 3947 eo
3078 3895 3252 3963 magis
3281 3894 3449 3948 amic-

1875 3985 2026 4048 bant,
2062 3985 2193 4053 quia
2229 3999 2352 4038 cum
2401 3984 2689 4053 loquentes
2740 3985 2856 4038 suis
2906 3974 3149 4054 ipsorum
3197 3984 3444 4039 dialectis

1873 4076 2260 4145 intelligerent,
2291 4083 2344 4130 et
2378 4076 2516 4129 alios
2549 4076 2952 4130 arbitrarentur
2989 4091 3095 4129 non
3145 4076 3447 4146 intelligere

1874 4177 2096 4237 propter
2143 4167 2384 4236 linguam
2433 4167 2690 4230 alienam,
2743 4181 2801 4222 se
2845 4182 2952 4221 non
2985 4167 3144 4222 facile
3185 4168 3251 4222 de
3290 4177 3449 4238 syco—

1874 4257 2098 4328 pbantia
2140 4259 2424 4313 convictos
2461 4257 2527 4311 iri
2578 4265 2853 4327 putarent.
2899 4257 3275 4326 intelligebaut
3308 4257 3444 4327 ipsi,

1873 4351 1969 4406 sed
2021 4351 2182 4416 alios,
2232 4351 2324 4420 qui
2371 4365 2478 4403 una
2529 4350 2774 4411 aderant,
2826 4364 3059 4418 quorum
3115 4364 3280 4402 causa
3334 4365 3444 4402 rem

1874 4442 2335 4512 transcripse‘rant
2361 4440 2640 4501 ebrietati.
2669 4441 2825 4510 longe
2857 4447 3098 4494 remotos
3129 4442 3198 4493 ab
3242 4439 3441 4492 intelli-

1875 4531 2056 4603 gentia
2103 4530 2536 4584 arbitrabantur.
2594 4527 2704 4583 Nec
2748 4543 2882 4583 sane
2929 4528 3149 4583 mirum.
3185 4528 3452 4594 Quemad-

1877 4623 2102 4676 modum
2133 4621 2278 4676 enim
2313 4637 2436 4675 cum
2473 4637 2568 4690 per
2598 4619 2811 4675 Domini
2840 4621 3139 4690 potentiam
3181 4619 3450 4674 (ilEillOllia

1876 4715 2233 4783 ejicerentut',
2271 4722 2326 4768 et
2355 4712 2637 4777 videbant,
2669 4723 2726 4766 et
2772 4710 3143 4781 agnoscebant
3179 4725 3314 4788 rem,
3345 4713 3449 4764 mi-

1877 4806 2212 4872 raculosam,
2251 4803 2344 4860 sed
2373 4819 2496 4858 cum
2538 4804 2761 4858 laudare
2815 4812 2869 4858 et
2898 4803 3262 4873 deprzedicare
3291 4802 3454 4857 debe-

1879 4907 2025 4962 rent,
2067 4899 2133 4951 ad
2182 4897 2675 4968 blaspliemandum
2728 4896 3180 4958 abducebantur;
3232 4905 3286 4949 et
3325 4910 3450 4948 cum

1882 4990 2108 5044 morbos
2153 4998 2207 5043 et
2251 4989 2608 5059 aegritudines
2651 4987 2834 5042 curari
2864 4987 3131 5052 viderent,
3176 4987 3454 5057 magnitu-

170 5080 393 5150 ὁμοίως
430 5078 649 5151 [ὁμῶς]
699 5082 764 5150 τῇ
799 5079 1066 5151 βασκανία
1106 5079 1566 5151 ἀνερεθιζόμενοι,
1603 5080 1765 5151 μέθην

1884 5082 2067 5136 dinem
2101 5098 2222 5136 eum
2262 5080 2536 5146 miraculi,
2583 5089 2695 5135 tum
2730 5078 3000 5142 beneﬁcii,
3031 5077 3251 5133 invidiae
3281 5088 3456 5132 mate‘

175 5171 619 5234 κατααεδάζειν
646 5170 740 5223 τοῦ
761 5169 1038 5240 θαύματος
1064 5171 1163 5224 οὐκ
1189 5170 1636 5226 ἑνεκαλύπτοντο.
1661 5171 1772 5225 Καὶ

177 5263 392 5316 σκόπει
439 5262 777 5332 κακουργίας
819 5263 1146 5334 ὑπερϐολὴν,
1198 5266 1255 5316 ὲν
1301 5264 1402 5333 ἴσῳ
1445 5264 1545 5335 τὴν
1580 5264 1768 5319 ἄνοιαν

175 5357 450 5425 ἔχουσαν.
496 5355 650 5406 Ἐπεὶ
679 5354 789 5425 γὰρ
805 5355 1068 5408 ἀπίθανον
1100 5352 1189 5428 ἦν,
1221 5355 1342 5409 καθ’
1363 5355 1512 5428 ὥραν
1533 5357 1771 5426 μάλιστα

173 5446 409 5517 τρίτην,
443 5447 581 5516 μέθῃ
643 5445 848 5500 διδόναι
897 5447 1023 5510 τοὺς
1064 5447 1414 5514 ἀποστόλους,
1452 5447 1773 5518 ἀνθρώπους

171 5539 400 5609 ἀρετῆς
435 5554 496 5590 τε
525 5539 794 5609 κήρυκας,
826 5539 921 5593 καὶ
951 5539 1010 5593 ὲν
1039 5538 1222 5611 μέσοις
1272 5541 1459 5610 φόϐοις
1509 5543 1601 5593 καὶ
1655 5557 1773 5594 κιν-

175 5629 375 5694 δύνοις
408 5630 938 5699 ὲναπειλημμένους,
970 5633 1063 5686 ἐπὶ
1093 5633 1154 5686 τὸ
1191 5632 1285 5687 τοῦ
1335 5635 1577 5710 πόματος
1605 5635 1774 5692 πρόσ-

281 5768 326 5801 ³¹
351 5769 471 5827 Act.
509 5784 566 5834 ιι,
609 5771 689 5832 15.

1881 5176 2018 5231 riam
2070 5184 2123 5228 et
2169 5173 2572 5228 calumniarum
2633 5173 2882 5229 fecerunt
2915 5190 2928 5226 :
2961 5172 3034 5226 ita
3087 5184 3266 5235 nunc,
3329 5186 3456 5226 cum

1882 5268 2132 5339 negando
2182 5283 2290 5321 non
2341 5276 2524 5321 essent
2575 5267 2883 5337 linguarum
2933 5264 3352 5335 supernaturale
3401 5273 3457 5318 et

1883 5359 2257 5429 prodigiosum
2305 5357 2535 5420 donum,
2598 5357 2762 5411 simili
2813 5357 3016 5410 invidia
3067 5355 3292 5420 irritati,
3338 5355 3457 5408 sine

1883 5452 2114 5521 pudore.
2169 5451 2328 5521 pleno
2379 5465 2472 5504 ore
2509 5450 2832 5505 ebrietatem
2893 5448 3158 5502 miraculo
3201 5461 3456 5515 asperse-

1887 5554 2037 5600 ruut.
2074 5543 2306 5599 Advorte
2343 5553 2523 5598 autem
2559 5543 2877 5612 nequitiam,
2925 5548 3226 5594 extremam
3276 5538 3444 5592 stulti.

1889 5639 2020 5692 tiam
2082 5653 2266 5707 parem
2317 5637 2369 5691 in
2441 5654 2499 5692 sc
2558 5635 2870 5690 habentem.
2927 5632 3062 5688 Nam
3129 5645 3253 5687 cum
3314 5638 3454 5684 esset
