3880 6206
157 202 270 267 553

922 204 1022 263 AD
1069 202 1662 264 AMPHILOCHIUM
1710 203 2057 276 QU/ESTIO
2091 204 2703 268 LXXXII-LXXXIV.

3331 207 3433 269 551

155 311 356 383 ὄνομα,
405 312 484 375 εἰς
524 312 708 382 κοινὴν
748 311 1018 382 ὠφέλειαν
1059 314 1537 384 παραλαμϐάνειν.
1607 316 1649 368 Α
1681 316 1746 369 σθ.»
1780 356 1788 379 λ

1900 316 1983 369 lud
2013 326 2339 385 prteceptum
2367 316 2716 385 praeclarum,
2749 332 2767 367 ι
2804 312 2923 369 Non
2952 331 3203 373 assumes
3236 336 3433 373 nonn-n

159 403 744 473 παραφυλαττόμενος,
778 404 1035 473 φυλάξεις
1056 422 1114 457 τε
1142 404 1279 474 ἆμα,
1315 404 1410 457 καὶ
1432 402 1613 468 καλῶς
1631 406 1746 475 νοή-

160 510 307 559 σῖις,
323 494 419 565 τὴν
451 494 601 547 θείαν
624 494 840 566 ἐκείνην
854 495 1198 567 νομοθεσίαν,
1223 496 1322 566 τὴν
1337 496 1651 564 λέγουσαν,ι
1677 497 1752 550 Οὐ

158 588 315 658 λήψῃ
333 586 391 639 τδ
415 586 583 658 ὄνομα
616 587 818 657 Κυρίου
849 588 943 641 τοῦ
965 587 1101 641 Θεοῦ
1155 604 1247 641 σου
1307 588 1401 641 ἐπὶ
1451 588 1689 659 ματαίῳ.
1728 606 1750 641 ο

700 702 1039 755 ΕΡΩἹἮΣΙΣ
1078 701 1204 756 ΠΓ¹.

549 859 609 912 Τί
633 859 768 914 ἐστι
798 859 1038 930 πνεῦμα
1061 859 1341 923 Πύθωνος
1357 874 1377 923 ;

1857 404 2075 461 Domini
2112 404 2207 460 Dei
2238 405 2315 459 tui
2346 406 2398 458 in
2432 421 2633 459 vanum
2664 406 2730 458 ”.
2769 423 2787 457 ι

2000 689 2332 757 QUASSTIO
2395 690 2679 763 exxxur
2746 691 2948 763 [συεδι.
3008 692 3293 762 ccxux,

2420 762 2587 818 Taur.
2647 762 2823 817 CCLX

2226 853 2369 920 Quid
2399 863 2476 909 est
2516 856 2737 924 spiritus
2769 854 3070 927 Pythonis?

232 976 381 1045 Edita
403 991 428 1025 a
457 975 773 1037 Montacutio,
799 990 881 1039 ep.
904 976 1012 1038 151,
1033 976 1098 1027 ad
1123 979 1389 1043 leeodot.,
1421 993 1470 1043 p.
1496 974 1723 1027 206—207.
1744 971 1821 1026 De
1842 970 2233 1036 engastrimytho
2262 971 2281 1021 ί
2316 972 2438 1033 Reg.
2454 982 2619 1029 xxvm,
2644 971 2672 1019 7
2696 983 2825 1034 seq.;
2851 973 2945 1023 Aet
2975 989 3074 1037 va,
3103 974 3157 1025 16
3180 990 3287 1039 seq.

244 1088 321 1139 Τὸ
356 1084 674 1156 ὲμφωλεῦον
708 1088 773 1156 τῇ
802 1084 900 1139 ἀνθ
912 1087 1124 1158 ρωπείᾳ
1145 1090 1345 1160 γαστρὶ
1374 1088 1637 1161 πονηρὸν,
1662 1085 1758 1139 καὶ

1932 1079 2135 1135 Malum
2166 1080 2317 1134 illum
2339 1085 2430 1152 qui
2462 1086 2729 1142 humanos
2748 1096 2964 1143 ventres
2989 1088 3198 1155 incolit,
3217 1087 3440 1157 dignum

172 1180 329 1244 ἀξιον
360 1179 459 1249 τὴν
492 1178 824 1249 κοπροδόχον
854 1180 1027 1233 οίκεῖν
1048 1221 1063 1245 ,
1091 1180 1403 1251 ἀκάθαρτον
1437 1181 1679 1253 πνεῦμα,
1706 1182 1759 1236 οἱ

1900 1181 2011 1227 erte
2066 1171 2322 1227 latrinam
2357 1189 2649 1246 occupare,
2703 1179 2978 1250 impurum
3036 1197 3227 1252 nempe
3282 1184 3445 1252 spiri-

174 1276 278 1343 μὲν
310 1275 408 1343 τῆς
440 1273 744 1339 εὐσεϐείας,
793 1272 915 1326 λίαν
948 1274 1207 1344 ἐμφερῶς
1259 1276 1759 1347 προσωνομάκασιν

1900 1278 2001 1328 im,
2048 1262 2123 1317 illi
2164 1264 2255 1333 qui
2295 1264 2550 1334 pietatem
2583 1268 2772 1324 colunt
2802 1272 3049 1341 apposite
3089 1277 3446 1329 nominarunt

173 1368 688 1436 ἐγγαστρίμυθόν·
716 1365 824 1419 τῶν
856 1366 914 1419 δὲ
944 1366 1075 1437 παρ’
1104 1366 1365 1439 ’Ἓλλησιν
1395 1372 1445 1425 οἱ
1481 1370 1582 1443 μὲν
1608 1370 1761 1423 πλεῖ·

1900 1356 2382 1427 ngastrt’mythnm.
2461 1357 2615 1427 Apud
2652 1359 2867 1419 Graecos
2927 1364 3170 1435 plerique
3238 1375 3446 1421 entero-

177 1476 319 1522 στοι,
352 1458 775 1528 ἐντερόμαντιν
795 1476 811 1492 ·
851 1458 1032 1529 ἕτεροι
1078 1458 1134 1512 δὲ
1163 1458 1760 1535 ἐγγαστρίμαντινμ)

1903 1455 2097 1519 ιαηιίη,
2158 1451 2325 1521 aliqui
2367 1456 2815 1521 engastrimantiu
2866 1468 3084 1513 vocant.
3152 1460 3448 1531 Sophocles

175 1550 538 1620 ὀνομάζουσι.
576 1551 855 1621 Σοφοκλῆς
881 1551 938 1604 δὲ
968 1552 1077 1613 ἄρα
1104 1552 1201 1603 καὶ
1236 1555 1637 1629 Πλάτων,ὕττὲρ
1660 1556 1756 1611 τοῦ

1902 1555 1921 1599 ι
1954 1546 2105 1599 Plato
2131 1544 2386 1599 daemonii
2422 1544 2471 1597 iu
2499 1548 2752 1614 gratiam,
2787 1565 2913 1605 cum
2959 1552 3025 1604 de
3054 1553 3259 1608 ventris
3303 1554 3449 1610 illius

173 1644 486 1711 δαιμονίου.
512 1642 614 1713 τῆς
641 1644 879 1714 γαστρὸς
904 1642 1003 1712 τὴν
1039 1642 1255 1718 οἴκησιν
1292 1648 1700 1718 αἰσχυνόμενοι,
1736 1651 1764 1703 ό

1900 1638 2108 1694 ncolatu
2160 1636 2520 1706 pudeﬁerent,
2577 1639 2667 1693 ille
2701 1640 2923 1710 quidem
2957 1640 3168 1712 (utpote
3199 1645 3450 1714 poeticus

186 1735 287 1805 μὲν
323 1735 442 1801 (ἆτε
474 1736 757 1805 ποιητικός
784 1754 869 1801 τις
901 1737 998 1801 ὢν,
1036 1744 1129 1795 καὶ¹
1169 1740 1303 1794 πολὺ
1347 1740 1408 1793 τδ
1438 1740 1636 1810 ἄφετον
1672 1742 1766 1795 ἐπὶ

1904 1730 2181 1794 xsistens,
2232 1734 2286 1781 et
2337 1727 2534 1797 linguae
2585 1729 2837 1785 libertate
2897 1733 3194 1801 prazditus,
3255 1735 3453 1803 suique

182 1826 283 1894 τῆς
317 1825 570 1896 γλώσσης
599 1826 759 1896 ἔχων,
787 1829 885 1882 καὶ
912 1831 1230 1902 αὐτόνομον)
1262 1832 1384 1885 ἀντὶ
1406 1833 1641 1904 γαστρὸς
1669 1834 1766 1888 αὐ-

182 1917 261 1986 τῷ
290 1918 363 1972 τὰ
400 1917 599 1988 στέρνα
627 1920 1016 1992 χαρισάμενος,
1049 1926 1485 1993 στερνόμαντιν
1527 1925 1768 1995 μετωνό-

189 2028 399 2080 μασενο
467 2012 494 2065 ό
533 2012 613 2077 δὲ,
646 2013 708 2066 τὸ
738 2015 979 2084 ἐμφανὲς
1021 2017 1154 2080 ἴσως
1180 2017 1273 2070 τοῦ
1309 2016 1539 2086 ψεύδους
1586 2017 1771 2072 ἐκκλί-

187 2122 317 2169 νων,
338 2104 423 2157 ἑτέ
435 2121 503 2177 ρᾳ
530 2105 587 2158 δὲ
623 2106 833 2178 μεθόδῳ
859 2108 1111 2162 κλέπτων
1137 2109 1238 2179 τὴν
1262 2108 1771 2181 ῦ6ριν,Ειέρυκ.ιέα

190 2195 351 2250 καλεῖ
377 2198 440 2251 τὸ
470 2198 836 2268 γαστρίοικον.
871 2199 1051 2265 Οὕτω,
1081 2204 1235 2270 φασὶ,
1270 2202 1565 2273 κληθέντος
1602 2204 1772 2258 πάλαι

192 2290 357 2357 τινὸς,
384 2291 476 2344 ἐπὶ
502 2291 579 2362 τῷ
604 2292 766 2345 πάθει
789 2295 837 2332 θ’
870 2293 1249 2366 διαόοηθέντος
1269 2313 1283 2328 ο
1314 2298 1409 2364 ἀφ’
1442 2289 1502 2350 οῦ
1534 2297 1629 2351 καὶ
1658 2300 1773 2360 τοῖς

190 2382 397 2451 ὲςςεξῆς
434 2382 533 2454 τὴν
579 2384 957 2455 προσηγορίαν
1004 2386 1281 2457 νέμουσιν.
1326 2389 1511 2441 Ἔοικε
1560 2388 1667 2460 γὰρ
1714 2388 1775 2441 τὸ

191 2474 473 2540 δαιμόνιον
501 2473 658 2528 τοῦτο
684 2476 872 2547 φῦλον,
905 2479 967 2531 οὑ
1002 2480 1243 2548 γυναίων
1291 2480 1472 2549 μόνον,
1506 2481 1645 2535 ἀλλά
1682 2482 1777 2535 καὶ

196 2565 410 2636 ἀνδρῶν
439 2568 504 2637 τῇ
531 2567 721 2639 κόπρῳ
746 2569 920 2638 φιλεῖν
947 2572 1275 2641 ὲγγαστρίζε
1287 2572 1430 2625 σθαι.
1460 2572 1777 2628 Λαοπλάνον

195 2657 252 2709 δὲ
278 2657 460 2724 τοῦτο,
492 2660 587 2713 καὶ
615 2661 713 2731 τῆς
737 2662 970 2733 ἐσχάτης
1003 2664 1300 2729 ἀπωλείας,
1340 2667 1453 2729 τοῖς
1487 2666 1779 2737 προσέχειν

198 2750 351 2820 αὐτῷ
381 2753 878 2823 ἀναπεπεισμένοις
898 2797 912 2823 ,
958 2756 1239 2827 πρόξενον.
1283 2758 1525 2812 Καλοῦσι
1554 2759 1610 2813 δὲ
1645 2759 1777 2813 αὐτὸ

1865 1818 2031 1891 juris)
2071 1818 2191 1872 loco
2224 1817 2432 1871 ventris
2462 1826 2653 1887 pectus
2691 1818 2741 1873 ei
2781 1820 3278 1890 cumassignasset,
3314 1830 3450 1875 ster-

1873 1911 2151 1967 nomantin
2184 1908 2521 1973 nominavit;
2554 1910 2712 1976 alter,
2743 1925 2895 1976 cum,
2931 1922 2989 1967 ut
3017 1913 3316 1968 verisimile
3346 1924 3449 1980 est,

1874 2014 2124 2075 apertum
2176 2006 2402 2071 cuperet
2444 2001 2618 2056 vitare
2672 2004 3043 2069 mendacium,
3077 2005 3244 2059 aliam
3299 2005 3456 2060 inivit

1875 2099 2043 2162 viam,
2072 2106 2127 2153 et
2159 2098 2395 2153 dedecus
2419 2093 2738 2160 declinavit,
2774 2106 2827 2152 et
2854 2098 3251 2153 inltabitantem
3294 2097 3456 2153 Euri-

1876 2190 1988 2244 clea
2023 2190 2288 2243 nominat.
2322 2189 2442 2255 Quo
2469 2189 2713 2253 nomine,
2748 2199 2808 2243 ut
2832 2188 3124 2255 allirmant,
3159 2190 3458 2245 vocabatur

1878 2284 2125 2355 quidam,
2160 2284 2255 2354 qui
2305 2284 2437 2338 olim
2490 2292 2595 2339 hoc
2641 2282 2841 2338 aﬂ‘ectu
2897 2285 3250 2350 inclaruerat,
3280 2300 3312 2340 a
3349 2300 3460 2354 quo

1879 2378 2138 2448 deinceps
2169 2376 2291 2431 aliis
2318 2376 2536 2430 titulum
2574 2376 2909 2431 indiderunt.
2958 2375 3110 2431 Solet
3154 2377 3301 2432 enim
3353 2378 3461 2432 hoc

1881 2482 2053 2538 genus
2107 2468 2417 2522 dmmonum
2477 2476 2723 2522 stercore
2774 2484 2881 2521 non
2931 2468 3224 2522 mulierum
3275 2469 3458 2532 modo,

1882 2560 1976 2616 sed
2005 2569 2060 2615 et
2086 2560 2328 2614 virorum
2379 2559 2663 2625 oblectari,
2695 2567 2751 2613 et
2801 2560 2925 2614 ideo
2972 2570 3215 2615 ventrem
3249 2560 3458 2615 subire.

1883 2653 1981 2709 Est
2025 2662 2208 2707 autem
2239 2652 2423 2723 populi
2458 2652 2718 2722 deceptor
2750 2655 3000 2723 spiritus,
3032 2662 3087 2709 et
3114 2654 3328 2708 ruinam
3366 2670 3464 2707 ex-

1885 2762 2112 2808 tremam
2168 2754 2425 2817 procurat
2455 2744 2558 2809 eis,
2590 2746 2685 2813 qui
2723 2753 2781 2799 ut
2816 2745 2974 2800 [idem
3021 2745 3073 2801 ei
3114 2746 3350 2801 habeant
3378 2746 3466 2798 in-

201 2843 389 2897 πολλοὶ
415 2846 524 2899 τῶν
570 2847 837 2919 Ἑλλήνων
873 2852 965 2904 καὶ
997 2852 1247 2905 Πύθωνα
1268 2870 1281 2883 ·
1326 2855 1465 2923 ὅπερ
1493 2850 1649 2924 οἶμαι
1680 2856 1776 2909 καὶ

1900 2846 2003 2903 luci
2033 2841 2292 2915 poterint.
2325 2835 2475 2892 Multi
2505 2854 2667 2909 porro
2695 2856 2724 2893 e
2746 2838 2947 2894 Gra’cis
2976 2837 3262 2910 Pythonem
3296 2838 3469 2892 muni-

201 2938 266 3006 τῇ
296 2936 408 2989 τῶν
434 2937 815 3009 Φιλιππησίων
850 2942 1112 3015 παιδίσκῃ
1139 2944 1655 3016 ἐγγαστριζόμενον,
1684 2945 1778 3000 τὸν

203 3030 266 3082 ὲκ
293 3031 398 3097 τῆς
421 3030 629 3102 πλάνης
658 3031 871 3104 ἔρανον,
900 3038 1011 3097 τοῖς
1042 3035 1252 3105 κυρίοις
1276 3037 1467 3107 αὐτῆς,
1484 3033 1575 3091 οἶα
1599 3038 1664 3109 δὴ
1686 3038 1783 3093 καὶ

204 3119 370 3173 αὑτοῦ
405 3120 470 3174 δι’
506 3122 720 3193 ἐκείνης
753 3123 1075 3187 δεσπόζουσι
1111 3164 1124 3185 .
1163 3125 1574 3180 κατατίθεσθαι.
1619 3128 1683 3180 Ὃ
1717 3127 1783 3200 δὴ

208 3213 579 3282 κακομηχάνῳ
611 3214 803 3286 γνώμῃ
855 3218 950 3269 καὶ
999 3218 1091 3270 τὸν
1132 3218 1416 3272 θεσπέσιον
1451 3219 1660 3274 Παῦλον
1690 3222 1788 3274 ἐπ-

209 3300 376 3354 αίνων
408 3304 707 3373 ἐγκωμίοις
741 3305 1045 3375 μελετῆσαν
1075 3307 1433 3379 ὑπέρχεσθαι,
1471 3308 1662 3377 μισθὸν
1689 3309 1789 3379 τῆς

215 3393 528 3458 κολακείας,
553 3399 652 3467 τὴν
689 3397 1007 3469 ὑπερορίαν,
1040 3394 1185 3470 εὗρε,
1226 3400 1323 3469 τῆς
1358 3400 1542 3453 ἀδίκου
1578 3402 1672 3454 καὶ
1709 3401 1789 3469 φί-

214 3484 308 3555 λης
340 3487 629 3557 οίκήσεως.
1060 3528 1103 3573 χ

748 3604 1083 3657 ΕΡΩΤΗΣΙΣ
1123 3601 1245 3659 [Μ’.

1890 2946 2062 2996 nant:
2089 2932 2419 3002 cuiusmodi,
2451 2933 2667 3004 opinor,
2692 2930 2833 3001 apud
2850 2930 3244 2999 Pliilippenscs,
3261 2928 3470 2984 ancillze

1892 3043 2136 3090 ventrem
2201 3024 2477 3095 subierat,
2545 3042 2667 3096 qua:
2742 3040 2837 3094 per
2911 3024 3056 3077 illam
3111 3023 3469 3093 imposturam

1895 3126 2027 3181 hero
2056 3141 2157 3181 suo
2199 3123 2444 3198 symbola
2475 3115 2786 3187 colligebat,
2831 3115 2922 3184 qui
2966 3130 3060 3184 per
3098 3115 3349 3169 ancillam
3375 3117 3475 3168 do-

1896 3217 2205 3273 minabatur
2243 3213 2535 3271 damtonio.
2569 3209 2662 3263 llle
2706 3206 2931 3277 spiritus
2970 3207 3111 3260 mala
3148 3216 3329 3260 mente
3359 3206 3475 3259 Iau‘

1895 3309 2058 3364 dabat
2103 3307 2356 3371 Paulum,
2407 3315 2459 3360 et
2486 3320 2583 3375 per
2616 3299 2867 3357 cneomia
2918 3300 3282 3353 meditabatur
3323 3298 3473 3353 illum

1896 3402 2102 3466 subire,
2140 3400 2233 3459 sed
2259 3399 2590 3455 adulationis
2614 3396 2898 3467 praemium
2935 3391 3317 3462 relegationem
3360 3404 3479 3446 me-

1898 3496 2028 3561 ruit,
2055 3496 2122 3549 ab
2160 3494 2363 3564 injusta
2390 3502 2441 3547 et
2472 3492 2667 3546 dilecta
2708 3486 3045 3541 habitatione
3079 3494 3344 3539 semotus.

1901 3607 2232 3677 QUASSTIO
2283 3603 2542 3661 LXXXIV
2581 3602 2769 3676 [CoisL
2801 3601 2953 3665 CCL,
2997 3600 3162 3656 Tnur.
3205 3594 3479 3667 CCXLI].

921 3743 1062 3793 Elita
1094 3757 1121 3792 a
1149 3744 1463 3804 Montacutio,
1490 3758 1571 3806 rp.
1592 3744 1694 3803 132,
1716 3747 1779 3794 ad
1806 3747 1980 3796 Taras.
2010 3763 2055 3811 p.
2083 3748 2194 3807 207,
2220 3746 2330 3807 “208,
2353 3750 2405 3795 in
2428 3745 2563 3795 Rom.
2593 3758 2638 3805 ν,
2669 3745 2742 3793 12.

285 3850 381 3917 Τδ,
417 3868 435 3901 ι
477 3851 592 3920 Ἑςΐ
617 3842 663 3917 ᾧ
692 3850 890 3914 πάντες
928 3851 1197 3923 ἥμαρτον,
1237 3870 1256 3903 ι
1288 3853 1426 3923 ὅπερ
1451 3852 1661 3916 Παῦλος
1692 3852 1790 3923 μὲν

224 3944 250 3996 ὁ
276 3943 417 4007 θεῖος
451 3942 641 4012 ἔφησε,
672 3943 733 3995 σὺ
756 3942 812 3995 δὲ
841 3944 1032 4014 μαθειν
1091 3945 1325 4017 ᾔτησας,
1382 3945 1575 3999 τούτου
1604 3945 1671 4015 δὴ
1694 3945 1793 4016 τὴν

1966 3856 2117 3911 Pauli
2171 3857 2305 3911 illud
2359 3856 2601 3920 eﬂatum,
2670 3876 2688 3908 ι
2727 3855 2782 3909 1η
2828 3868 2937 3924 quo
2990 3865 3182 3907 omnes
3220 3862 3481 3918 peccave-

1897 3950 2104 4013 runt”,
2142 3967 2160 4000 ι
2204 3949 2335 4017 quid
2377 3949 2479 4004 sibi
2532 3948 2678 4007 velit,
2729 3945 2914 4000 doceri
2947 3942 3123 4011 cupis.
3170 3940 3335 3994 Istius
3378 3939 3483 3994 loci

224 4034 483 4095 διάνοιαν,
524 4036 573 4087 οἱ
607 4036 737 4105 μὲν,
774 4035 864 4105 ἐφ’
905 4029 973 4103 ᾧ,
1023 4037 1103 4107 τῷ
1136 4038 1333 4107 ’Λδάμο
1378 4040 1428 4092 οί
1474 4039 1549 4100 δὲ,
1606 4038 1700 4108 ἐφ’

1907 4039 2230 4092 sententiam
2256 4038 2477 4108 quidam
2510 4037 2583 4090 ita
2620 4036 2873 4100 reddunt,
2903 4042 2962 4088 ut
2992 4032 3146 4096 illud,
3186 4032 3239 4085 in
3270 4048 3392 4101 quo,
3418 4029 3485 4083 ad

228 4126 304 4192 τῷ
334 4127 592 4193 θανάτῳ,
622 4129 1095 4194 συνυπακούοντες
1138 4130 1500 4184 ἀποῑιδόασιν.
1547 4130 1700 4203 Ἐμοὶ
1746 4131 1803 4183 δὲ

230 4220 506 4291 οὐδέτερον
549 4221 717 4275 δοκεῖ.
762 4222 898 4275 Οὐδὲ
951 4224 1060 4293 γάρ
1126 4241 1179 4277 τι
1232 4223 1633 4277 συνυπακούειν
1701 4224 1801 4290 δεῖ,

233 4311 459 4364 αὐτόθεν
505 4311 719 4382 ἔχοντος
746 4312 841 4365 τοῦ
890 4314 1057 4384 ῥητοῦ
1105 4314 1202 4384 τὴν
1234 4316 1528 4369 ὲντέλειαν.
1562 4314 1636 4369 Τὸ
1673 4318 1804 4387 γὰρ,

242 4418 258 4451 ι
282 4403 396 4472 Ἐφ’
423 4396 468 4471 ᾧ
499 4404 698 4467 πάντες
732 4405 1001 4475 ἥμαρτον,
1037 4425 1055 4457 υ
1092 4406 1187 4458 νῦν
1220 4408 1280 4459 οὐ
1312 4406 1609 4477 προσώπου
1638 4407 1805 4473 τινὸς,

237 4494 339 4547 οὐδ’
370 4492 485 4548 οἷον
514 4496 830 4567 προσώπου,
857 4496 1125 4549 δεικτικόν
1150 4500 1295 4550 ἐστιν
1314 4514 1326 4527 ·
1346 4498 1460 4552 ἀλλ’
1497 4499 1673 4561 αἰτίας
1701 4498 1808 4569 μά-

239 4589 393 4644 λιστα
442 4592 877 4662 παραστατικόν·
918 4584 1051 4654 οἷον,
1100 4609 1119 4641 ι
1163 4593 1281 4662 Ἐφ’
1310 4585 1354 4660 ᾧ
1390 4593 1592 4657 πάντες
1623 4593 1809 4665 ἦμαρ-

241 4701 348 4749 τον,
386 4704 404 4737 ι
438 4686 571 4739 διότι
598 4686 798 4748 πάντες
823 4686 1088 4758 ἥμαρτον.
1146 4689 1253 4741 Καὶ
1282 4689 1457 4760 μυρία
1482 4686 1502 4725 τ
1553 4687 1672 4757 μὲν,
1716 4686 1811 4739 καὶ

246 4780 392 4849 παρὰ
422 4780 535 4841 τοῖς
577 4778 700 4845 ἔξω,
739 4779 771 4847 ἡ
806 4780 1027 4853 τοιαύτη
1063 4782 1303 4852 συνθήκη
1330 4780 1439 4832 τῶν
1469 4780 1676 4845 λόγων·
1710 4780 1813 4849 ἁρ-

248 4870 391 4923 κέσει
421 4870 463 4923 δ’
494 4867 588 4924 οὖν
614 4873 641 4923 ό
671 4872 810 4931 θεῖος
834 4870 1061 4937 Παῦλος,
1104 4874 1265 4936 αὐτὸς
1292 4870 1483 4924 ἑαυτοῦ
1514 4873 1612 4934 τὰς
1641 4871 1815 4935 λέξεις

251 4960 581 5032 ἑρμηνεύων.
615 4966 779 5033 Λέγει
813 4969 921 5036 γὰρ
952 4965 1186 5035 ἀλλαχοῦ
1212 5006 1227 5031 ,
1261 4982 1279 5015 ι
1314 4965 1421 5017 Καὶ
1449 4964 1558 5033 γὰρ
1586 4964 1634 5015 οἱ
1665 4962 1818 5025 ὄντες

250 5053 303 5103 ὲν
326 5054 402 5123 τῷ
434 5054 644 5123 σκήνει,
681 5058 1013 5126 στενάζομεν
1046 5054 1397 5125 βαρούμενοι,
1428 5071 1446 5105 ι
1481 5049 1619 5115 εἶτα,
1657 5070 1675 5103 ι
1700 5052 1816 5120 Ἐφ’

249 5136 376 5210 ᾧοῦ
426 5146 653 5217 θέλομεν
717 5149 1040 5202 ἐνδύσασθαι
1061 5149 1110 5213 ⁸,
1157 5146 1274 5201 ἀλλ’
1324 5144 1742 5200 ἐπενδύσασθαι.
1794 5162 1813 5195 ι

257 5238 544 5309 Περίδηλον
576 5239 684 5312 γὰρ
716 5244 781 5295 ἐκ
808 5243 1020 5307 τούτου,
1044 5240 1119 5306 ώς
1144 5241 1225 5306 τὸ,
1250 5240 1344 5310 ἐφ’
1375 5232 1441 5306 ᾧ,
1466 5240 1645 5301 αἰτίας
1672 5235 1819 5307 αὐτῷ

256 5336 584 5414 σημαντικὸν
642 5337 1018 5409 παρειλήφθηο
1066 5334 1336 5399 τουτέστι,
1373 5333 1472 5386 Διά
1504 5330 1663 5385 τοῦτο
1698 5348 1820 5383 στε-

323 5450 367 5483 ⁹³
389 5451 562 5512 Exod.
591 5473 684 5524 xx,
717 5456 768 5511 7.
844 5456 891 5488 ’δ
915 5453 1072 5508 Rom.
1103 5469 1156 5517 v,
1192 5452 1276 5506 l2.
1348 5451 1393 5483 "
1428 5448 1467 5503 ll
1498 5448 1625 5505 Cor.
1655 5463 1707 5510 ν,
1736 5447 1789 5501 4.

1905 4131 2175 4185 Adamum
2218 4123 2495 4195 referant;
2530 4130 2620 4185 alii
2663 4131 2727 4182 al
2762 4129 2911 4192 illud,
2944 4145 2963 4177 ι
2996 4126 3049 4179 in
3094 4139 3200 4194 qua
3233 4132 3427 4177 morte.
3462 4140 3481 4174 ι

1906 4223 2035 4277 Mihi
2067 4236 2319 4277 neutrum
2353 4224 2550 4293 placet.
2578 4222 2759 4292 Neque
2788 4221 2933 4276 etaim
2970 4218 3268 4287 quidquam
3303 4214 3488 4269 subin-

1908 4317 2255 4385 telligendnm
2308 4315 2566 4379 occurrit,
2601 4330 2723 4369 cum
2758 4330 2854 4383 per
2882 4328 2939 4367 se
2978 4316 3190 4366 constet
3220 4308 3321 4361 sibi
3357 4308 3486 4361 dicti

1911 4408 2055 4463 illius
2108 4408 2345 4478 perfecta
2392 4408 2730 4464 constitutio.
2766 4404 2936 4469 Nam,
2996 4422 3012 4454 I
3052 4403 3106 4456 In
3151 4416 3259 4471 quo
3301 4415 3491 4454 omnes

1911 4490 2293 4572 peccaverunt,
2341 4520 2360 4552 ι
2391 4501 2443 4555 in
2473 4501 2724 4571 praesenti
2759 4514 2859 4553 nec.
2899 4509 3189 4566 personam
3225 4493 3488 4560 aliquam,

1912 4608 2013 4649 nec
2064 4601 2322 4663 tanquam
2372 4608 2659 4664 personam
2709 4596 3107 4661 rcprzesentat:
3157 4585 3251 4639 sed
3310 4583 3491 4651 pclius

1918 4700 2142 4740 causam
2174 4684 2398 4748 indit-at,
2423 4684 2577 4754 quasi
2609 4683 2827 4743 diceret,
2871 4699 2889 4732 ι
2920 4679 2975 4733 In
3015 4693 3125 4750 quo
3154 4692 3343 4731 omnes
3374 4690 3494 4746 pec-

1914 4783 2199 4839 caverunt,
2234 4792 2251 4827 ›
2282 4774 2333 4828 id
2368 4783 2473 4839 est,
2508 4774 2560 4826 in
2587 4780 2850 4843 quantum
2881 4775 3247 4839 peccaverunt
3274 4780 3485 4819 omnes.

1914 4869 2090 4938 Atque
2131 4872 2278 4921 certe
2310 4873 2526 4921 exstant
2564 4864 2705 4933 apud
2741 4873 2997 4916 externos
3041 4860 3336 4928 scriptores
3367 4873 3493 4913 Sex-

1917 4968 2071 5013 centa
2119 4955 2431 5013 istiusmodi
2484 4954 2775 5011 locutionis
2806 4951 3087 5020 exempla;
3128 4950 3221 5004 sed
3264 4947 3498 5012 sulliciet

1918 5053 2076 5106 nobis
2109 5050 2327 5106 divinus
2375 5048 2592 5114 Paulus,
2644 5044 2736 5116 qui
2769 5060 2926 5100 suam
2969 5043 3126 5097 nobis
3172 5039 3497 5097 sententiam

1919 5144 2171 5214 explicet.
2203 5143 2293 5197 Ait
2325 5141 2414 5195 ille
2441 5140 2571 5194 alibi
2605 5155 2617 5191 :
2659 5158 2676 5190 ι
2720 5132 2930 5192 Etenim
2966 5134 3059 5204 qui
3102 5134 3154 5188 in
3192 5134 3295 5187 hoc
3322 5131 3497 5185 taber-

1923 5237 2119 5292 naculo
2157 5250 2385 5300 sumus,
2435 5233 2846 5304 ingemiscimus
2887 5226 3233 5302 przegravati.
3286 5221 3343 5277 In
3390 5237 3497 5293 quo

1925 5328 2178 5383 nolumus
2242 5327 2489 5391 induere,
2534 5326 2629 5382 sed
2676 5323 3078 5395 superindui".
3118 5341 3137 5375 ι
3168 5320 3321 5376 Patet
3353 5316 3491 5374 eniti

1549 5539 1635 5594 VA
1647 5537 1782 5594 [ιιΑε
1826 5531 2117 5591 LECTION
2128 5532 2229 5587 ES.

344 5647 388 5685 θ’
419 5644 551 5703 Cod.
578 5641 720 5699 Sion.
753 5642 857 5697 555
888 5639 924 5695 i.
948 5640 1045 5697 ll5
1080 5639 1207 5711 legit
1243 5638 1332 5694 ἐπὶ
1362 5638 1636 5702 τὸπάθος.
1708 5635 1725 5675 ί
1770 5633 2048 5708 μυριάκις.
2075 5633 2135 5697 (ἶ,
2172 5630 2238 5687 Μ.
2272 5629 2460 5701 μυρία.
2534 5628 2558 5669 ε
2590 5622 2934 5681 ἐκδύσασθαι.
2956 5621 3018 5679 (3.
3053 5620 3128 5677 Μ.
3152 5616 3487 5676 ὲνδέσασθῖὶ.
