3880 6206
291 65 446 134 557

1087 72 1186 131 AD
1213 68 1806 130 AMPIIILOCHIUIVI
1855 65 2207 139 QU/ESTIO
2248 61 2882 126 LXXXV-LXXXVII.

3515 66 3618 132 558

294 182 599 254 διάφορον
624 182 862 253 δηλονότι
899 185 992 237 καὶ
1034 186 1132 253 τὴν
1155 184 1375 255 γραφὴν
1402 184 1694 254 ἀπαιτήσει
1714 199 1731 214 ⁸
1760 184 1793 252 ἡ
1832 181 1930 252 μὲν

2044 184 2124 235 Ltat
2154 179 2515 233 differentiam
2540 194 2554 243 ;
2591 177 2738 246 prior
2781 176 2924 231 enim
2947 175 3210 248 syllabam
3231 178 3417 248 primm
3438 182 3616 249 pt'oxi.

296 272 450 342 γὰρ
512 273 779 344 προτέρα,
842 272 1100 344 βραχεῖαν
1163 274 1262 343 τὴν
1325 274 1463 344 μετὰ
1505 274 1600 344 τὴν
1648 274 1922 343 ἄρχουσαν

305 362 640 433 συλλαϐήν·
674 367 707 432 ἡ
734 364 790 417 δὲ
819 365 1068 435 δευτέρα,
1139 365 1527 436 μηκυνομένην
1551 367 1631 429 εἰς
1681 364 1921 434 φθόγγον

302 452 520 517 hist“.
559 455 630 508 Σὺ
653 456 710 509 δέ
745 473 834 526 μοι
858 459 916 510 ἐν
939 459 1128 528 Κυρίῳ
1162 457 1392 530 ἔρριιισο.

888 569 1221 622 crurum:
1250 571 1375 638 [πῖ.

2030 287 2173 326 mam
2217 272 2436 325 brevem
2484 269 2664 333 habet,
2717 268 2954 323 secunda
2996 277 3174 323 autem
3217 285 3354 324 sono
3401 271 3619 343 longam

2037 365 2315 437 producit.
2343 362 2425 417 Tu
2457 370 2636 416 autem
2666 361 2718 414 in
2753 360 2984 416 Domino
3012 362 3150 416 vale.

2031 561 2358 630 QUAESTIO
2412 560 2676 617 LXXXVI
2705 562 2894 636 [CoisL
2915 564 3116 628 CCLll,
3144 564 3308 619 Tnur.
3342 566 3618 639 CCXLI”.

587 678 731 730 Edita
750 695 778 732 a
803 681 1121 744 Montacutio,
1148 698 1226 746 ep.
1257 683 1368 746 156,
1398 683 1463 732 ad
1481 681 1742 747 Georgium
1771 683 1907 743 Nic,

2044 679 2132 741 uo,
2162 679 2272 728 2n.
2318 679 2392 729 De
2422 691 2544 728 voce
2569 661 3008 742 ἐγκομϐώσασθαιι
3055 679 3188 730 Petri
3221 695 3265 741 ν,
3304 681 3352 732 5.

409 786 694 856 Θαυμάζω
734 788 984 859 μάλιστα,
1017 789 1067 842 εἰ
1093 790 1186 842 καί
1227 805 1309 842 σοι
1345 788 1936 859 γραμματικευομένῳ,

2115 782 2280 838 Miror
2309 797 2460 846 sane,
2489 797 2615 836 cum
2651 785 3120 852 grammaticaster
3143 783 3239 846 sis,
3265 793 3320 838 et
3339 797 3620 854 poetarum

319 882 437 935 καὶ
456 885 575 944 ταῖς
590 881 696 933 τῶν
715 882 952 951 ποιητῶν
968 880 1344 951 λεσχηνεύοντι
1370 882 1641 952 μελέταις,
1658 881 1719 934 τὸ
1739 883 1932 951 ἐγκομ-

2044 876 2221 932 studio
2274 889 2454 936 vaces,
2524 873 2620 927 tibi
2671 875 3148 945 ἐγκομϐώσασθαι
3202 876 3370 931 videri
3431 893 3621 931 vocem

323 973 624 1026 6ι.ἱ›σασθαι
655 973 720 1042 βα
733 973 934 1045 ρϐάρου
963 975 1167 1044 φωνῆς,
1191 974 1305 1028 ἀλλ’
1328 975 1426 1044 ούχ
1461 973 1746 1045 Ἑλληνικὴ
1764 974 1931 1039 λέξις,

327 1063 546 1128 ἔδοξεν.
585 1064 642 1116 'U
666 1064 764 1134 μέν
790 1065 896 1134 γὰρ
933 1065 1202 1135 μακάριος
1231 1064 1325 1118 καὶ
1357 1067 1654 1134 κορυφαῖος
1698 1064 1926 1134 Πέτρος,

327 1157 498 1208 οὐδὲν
529 1155 654 1224 περὶ
692 1154 790 1226 τὴν
849 1155 1076 1225 ἐκλογὴν
1126 1155 1235 1208 τῶν
1279 1154 1610 1224 Ἑλληνικῶν
1641 1154 1927 1224 ὀνομάτων

333 1249 686 1312 σπουδάζων,
719 1247 922 1314 ταύτην
955 1251 1064 1311 τοῖς
1091 1247 1288 1300 ἑαυτοῦ
1320 1247 1625 1318 παρείληφε
1654 1247 1925 1317 γράμμα·-

336 1356 455 1392 σιν.
494 1340 566 1392 Ού
599 1339 705 1408 γὰρ
762 1339 878 1408 ἠχώ
926 1356 1047 1391 τινα
1096 1339 1188 1392 καὶ
1241 1338 1440 1410 τέχνην
1493 1339 1776 1410 ῥημάτων,
1813 1338 1934 1391 οὐδὲ

333 1430 595 1497 λεξιδίων
638 1431 831 1500 ψόφον,
883 1431 977 1483 καὶ
1030 1429 1235 1484 κτύπον
1270 1432 1552 1501 ῥημάτων,
1588 1431 1654 1483 δι’
1685 1424 1760 1484 ὧν
1789 1447 1934 1494 τινες

336 1522 418 1575 τὰ
450 1522 559 1575 τῶν
593 1521 891 1592 μειρακίων
922 1521 1452 1592 ὑπογσρειάλίζουσιν
1473 1515 1607 1586 ὦτα,
1627 1521 1722 1575 καὶ
1741 1521 1934 1592 κρότον

2040 973 2350 1036 barbaram,
2413 984 2464 1028 ct
2533 986 2638 1024 non
2674 970 2940 1025 Graecam.
2983 970 3180 1026 Beatus
3231 971 3321 1026 ille
3371 980 3423 1024 et
3468 986 3623 1042 cory-

2034 1066 2226 1128 nhzeus
2273 1066 2490 1128 Petrus,
2549 1065 2640 1134 qui
2685 1064 2894 1117 nullum
2976 1064 3028 1116 in
3077 1063 3389 1117 Graecarum
3429 1077 3620 1116 vocum

2036 1159 2304 1213 electione
2342 1159 2524 1229 posuit
2556 1157 2826 1220 studium,
2854 1156 2996 1210 hanc
3067 1170 3179 1209 suae
3228 1155 3456 1209 inseruit
3506 1155 3624 1224 cpi-

2035 1249 2208 1304 stolze.
2243 1247 2360 1303 Non
2387 1250 2476 1304 ille
2513 1250 2668 1314 echo,
2712 1257 2806 1302 aut
2843 1248 3135 1302 artiﬁcium
3171 1248 3485 1311 verborum,
3518 1260 3622 1300 nec

2037 1340 2372 1412 syllabarum
2409 1357 2631 1408 sonum,
2667 1351 2760 1394 aut
2792 1341 3057 1403 sonitum,
3093 1343 3236 1394 unde
3276 1339 3499 1409 quidam
3536 1339 3622 1406 iu-

2038 1432 2276 1488 ventutis
2314 1433 2698 1488 lenocinantur
2750 1433 3000 1495 auribus,
3057 1441 3110 1487 et
3155 1431 3475 1502 applausum
3517 1430 3622 1486 sibi

2041 1525 2358 1591 concitant,
2412 1525 2508 1580 sed
2550 1525 2782 1579 salutem
2818 1526 3130 1579 animarum
3161 1523 3504 1577 auditoribus
3537 1523 3622 1576 in-

338 1615 563 1676 ὲαυτοῖς
613 1613 923 1683 ἐγείρουσιν
982 1612 1215 1676 ἐκεῖθεν,
1246 1611 1378 1666 sua
1423 1611 1611 1681 ψυχῶν
1660 1609 1932 1680 σωτηρίαν

2044 1631 2222 1672 serere
2278 1632 2468 1672 curam
2503 1618 2713 1671 habuit.
2748 1617 2824 1671 Te
2861 1626 3045 1670 autem
3086 1617 3268 1671 dccuit
3308 1615 3384 1668 tui
3426 1617 3622 1669 memi-

342 1709 463 1769 τοῖς
497 1707 790 1777 ἀκροαταῖς
820 1705 1052 1758 ἐνθεῖναι
1091 1704 1314 1774 φορτίδχ
1339 1708 1390 1740 η’
1427 1705 1651 1759 ἐτίθετο.
1683 1703 1750 1756 Σὲ
1774 1703 1818 1756 δ’
1840 1698 1932 1756 οὖν

359 1797 700 1868 Ἐπιχάρμου
759 1795 1029 1867 μάλιστα,
1087 1798 1180 1850 καὶ
1230 1794 1629 1866 Ἀπολλοδώρου
1673 1794 1768 1848 τοῦ
1819 1795 1931 1847 Κα-

349 1888 598 1957 ρυστίου,
656 1889 762 1942 τῶν
808 1887 936 1953 σῶν,
993 1888 1361 1960 μεμνημένον,
1394 1889 1558 1958 ἐχρῆν
1593 1885 1931 1960 περιπτύσε-

350 1983 479 2037 σθαι
510 1982 734 2052 μᾶλλον,
759 1981 791 2052 ἢ
819 1981 1214 2053 δυσχεραίνειν,
1271 1983 1336 2051 τῇ
1373 1980 1536 2044 λέξει.
1584 1979 1641 2032 '0
1687 1980 1786 2050 μὲν
1825 1978 1934 2048 γὰρ

350 2073 646 2145 πολλαχοῦ,
673 2073 764 2126 καὶ
793 2073 933 2126 κατὰ
958 2072 1246 2142 διαφόρους
1269 2071 1544 2139 ἐγκλίσεις
1579 2071 1934 2141 σχηματίζων

348 2167 452 2236 τὴν
505 2165 669 2232 λέξιν,
705 2167 975 2236 ἐχρήσατο
1024 2165 1220 2237 ταύτῃ.
1279 2164 1731 2235 Ἐγκεκόμϐωται
1799 2166 1931 2234 γὰρ,

353 2257 510 2326 φησὶ,
546 2256 638 2310 καὶ
667 2255 1093 2326 ἁπερεμφάτως,
1134 2255 1610 2325 ἐγκομϐώσασθαι.
1649 2255 1708 2308 Ὀ
1739 2255 1794 2308 δέ
1818 2257 1930 2307 Κα-

360 2349 601 2419 ρύστιος,
656 2349 713 2400 ἐν
783 2346 1230 2414 Ἀπολειπούσῃ
1285 2362 1301 2376 ·
1356 2346 1635 2418 (εἰρήσθω
1686 2347 1796 2416 γὰρ
1855 2348 1934 2408 εἰς

353 2438 452 2507 τὴν
481 2439 579 2506 σὴν
625 2438 782 2510 χᾶιριν
813 2438 904 2490 καὶ
944 2439 975 2508 ἡ
1023 2439 1216 2508 χρῆσις
1245 2439 1284 2494 'l
1320 2437 1418 2508 τὴν
1453 2436 1728 2507 ἐπωμίαν,
1773 2439 1938 2507 φησὶ,

384 2530 606 2595 ττύξασα
629 2530 844 2600 διπλῆν,
872 2529 1080 2584 ἄνωθεν
1098 2530 1590 2602 ἐνεκομϐωσὰμην.
1621 2529 1728 2593 Οὒς
1766 2532 1934 2602 ἐχρῆν

358 2625 824 2698 ἀναλαμϐάνοντα,
859 2627 934 2697 μὴ
958 2625 1410 2698 βαρϐαροφωνίας
1426 2628 1515 2681 τὸν
1543 2627 1643 2696 τῆς
1678 2628 1935 2699 ἀληθείας

360 2718 577 2788 κήρυκα
634 2715 943 2769 uinciatur
994 2715 1439 2786 ύπερΘαυμάζειν
1462 2717 1519 2768 δὲ
1571 2716 1790 2788 μᾶλλον,
1853 2717 1933 2772 ὅτι

359 2809 453 2861 καὶ
509 2807 607 2876 τῆς
655 2804 911 2874 τοιαύτης
953 2806 1210 2876 σπουδῆς,
1247 2805 1323 2870 ὡς
1359 2805 1577 2869 παιδιᾶς
1624 2806 1930 2877 ὑπερορῶν·

359 2901 504 2970 ὅμως
559 2897 703 2952 κατὰ
757 2899 881 2961 τοὺς
923 2898 1031 2950 τῶν
1073 2898 1396 2970 Ἑλληνικῶν
1429 2898 1622 2968 κριτὰς
1650 2899 1932 2966 ὀνομάτων

2043 1711 2189 1768 uisse
2221 1710 2557 1780 Epicharmi,
2589 1719 2643 1765 et
2670 1709 2990 1780 Apollodori
3016 1709 3270 1780 Carystii,
3300 1723 3476 1776 eoque
3503 1723 3624 1760 air.-

2041 1803 2202 1874 pleeti
2232 1803 2412 1874 potius
2439 1803 2751 1868 dictionem,
2777 1817 2938 1870 quam
2970 1802 3064 1855 illa
3099 1801 3324 1856 oiiendi.
3355 1801 3447 1855 Ille
3479 1801 3622 1854 mul-

2041 1897 2226 1961 toties,
2278 1903 2334 1948 et
2383 1895 2686 1948 secundum
2707 1893 2889 1950 varias
2941 1894 3296 1947 formationes
3346 1891 3617 1946 declinata

2042 2002 2177 2042 voce
2203 1987 2394 2041 utitur.
2423 1985 2514 2039 Ait
2537 1985 2681 2039 enim
2735 1985 3151 2056 ἐγκεκόμϐωται
3169 2025 3183 2049 ,
3210 1994 3262 2037 ct
3281 1987 3332 2037 iu
3354 1985 3625 2038 inﬁnitive

2041 2081 2518 2152 ἐγκομϐώσασθαι.
2553 2077 2836 2149 Carystius
2863 2089 3042 2135 autem
3074 2081 3126 2133 in
3175 2079 3487 2149 Apolipusa,
3524 2095 3619 2134 Srtt

2046 2174 2368 2235 Desertrice.
2399 2174 2695 2246 [contmdia
2717 2175 2794 2229 sic
2823 2172 3016 2245 dicta,]
3050 2173 3127 2241 (in
3153 2183 3301 2228 tuam
3323 2175 3465 2227 enim
3495 2190 3622 2244 gra—

2043 2269 2172 2322 tiam
2211 2269 2426 2322 dicatur
2479 2268 2734 2323 lectionis
2787 2267 2967 2337 usus,)
3025 2268 3125 2336 τὴν
3177 2267 3430 2336 ἐπωμίαν
3492 2267 3624 2320 dicit

2042 2362 2288 2428 πτύξασα
2308 2360 2520 2432 διπλὴν,
2544 2359 2750 2414 ἄνωθεν
2779 2360 3268 2430 ἐνεκομϐιυσάμην.
3303 2359 3406 2413 llos
3430 2360 3482 2412 in
3511 2377 3624 2413 nte-

2041 2455 2272 2508 muriam
2309 2455 2596 2513 reducens,
2633 2467 2741 2505 non
2769 2453 3010 2522 oportuit
3043 2463 3094 2506 te
3141 2453 3385 2508 veritatis
3417 2469 3624 2522 [n'a‘co-

2043 2562 2164 2598 nem
2226 2546 2293 2599 de
2350 2560 2486 2600 voce
2536 2543 2775 2599 barbara
2810 2545 3159 2610 insimulare;
3203 2546 3383 2615 potius
3413 2546 3621 2610 mirari,

2042 2640 2188 2710 quod
2213 2656 2336 2695 cum
2371 2642 2476 2696 tale
2504 2644 2739 2697 studium
2811 2642 3016 2714 puerile
3047 2640 3433 2710 contempserit
3495 2655 3626 2709 apo-

2047 2734 2246 2796 smlus,
2269 2734 2795 2806 nihilominusjuxta
2827 2737 3046 2790 critieos
3079 2735 3379 2788 dictionum
3409 2733 3627 2788 (ἔτει-(διι-

2043 2839 2162 2877 rum
2199 2840 2362 2888 suas,
2413 2825 2598 2880 nescio
2650 2841 2759 2896 quo
2819 2835 2998 2895 pacto,
3033 2823 3300 2892 Epistolas
3353 2823 3618 2878 exaravit.

2045 2916 2178 2973 Hinc
2203 2929 2382 2973 autem
2415 2920 2713 2990 intelligere
2747 2920 2930 2985 dedit,
2965 2920 3109 2988 quod
3139 2920 3184 2974 si
3211 2918 3361 2974 vocis
3405 2917 3620 2972 sonitus

360 2991 503 3044 ἐστιν
532 2978 616 3054 οὗ,
656 2989 754 3054 τὰς
814 2990 1008 3043 ἑαυτοῦ
1054 2990 1342 3054 ἐπιστολᾶς
1378 2990 1632 3055 ἐξεδίδου·
1663 2992 1838 3057 διδοὺς
1870 2995 1932 3046 ἐκ

2044 3017 2093 3062 et
2143 3009 2436 3064 oblectatio
2488 3012 2787 3074 arrideret,
2850 3009 3007 3065 facile
3060 3012 3175 3078 ipse
3229 3010 3365 3065 feret
3422 3009 3506 3064 ιιι-1
3569 3010 3622 3062 in

360 3085 466 3138 τῶν
498 3083 751 3138 τοιούτων
773 3083 994 3148 ἐννοεῖν,
1027 3083 1100 3148 ὠς
1131 3083 1289 3153 εἴπερ
1316 3083 1540 3154 ἔμελλεν
1568 3085 1718 3155 αὐτ-ξ)
1743 3085 1922 3154 λεξειν-

359 3177 484 3230 δίων
524 3171 657 3246 ἦχος
706 3174 799 3228 καὶ
836 3175 1046 3246 τέρψις,
1081 3175 1260 3247 ῥᾴδιον
1307 3171 1374 3246 ἦν
1410 3175 1560 3246 αύτῷ
1589 3179 1690 3230 κάν
1725 3179 1936 3248 τούτοις

362 3265 877 3338 ὑπερθαυμάζεσθαι
897 3281 910 3294 °
947 3266 1039 3318 καὶ
1067 3266 1182 3333 εἴγε
1229 3265 1416 3337 ψυχῶν
1444 3283 1613 3321 τινων
1641 3270 1935 3339 σωτηρίαν,

362 3361 424 3412 ὲκ
449 3360 546 3431 τῆς
611 3357 866 3429 τοιαύτης
907 3358 1143 3428 σπουδῆς
1170 3360 1464 3430 προϊοῦσαν
1500 3361 1768 3434 συνεώρα,
1821 3362 1940 3436 ἴδῃς

363 3451 426 3504 ἂν
453 3449 615 3503 αὐτοῦ
667 3449 793 3510 τοὺς
839 3448 1051 3518 λόγους,
1079 3449 1156 3521 τῷ
1190 3450 1418 3523 ἐμνρύτῳ
1480 3452 1692 3519 κάλλει,
1727 3450 1786 3508 οὗ
1842 3457 1938 3508 καὶ

363 3543 455 3598 νῦν
515 3543 754 3614 μέτοχοι,
787 3542 1042 3598 τοσοῦτον
1092 3542 1201 3595 τῶν
1231 3543 1595 3597 Πλατωνικῶν
1626 3547 1936 3615 γοητευμέι-

361 3651 487 3701 των,
539 3637 632 3689 καὶ
661 3637 762 3706 τῆς
789 3633 1200 3706 Δημοσθενικῆς
1244 3633 1536 3703 κομψείας,
1559 3637 1651 3688 καὶ
1675 3639 1770 3704 τῆς
1797 3638 1933 3690 Θου-

365 3727 573 3780 κυδίδου
643 3727 1222 3800 μεγαλορῤημοσύνης,
1276 3725 1499 3796 ἔχοντας
1550 3728 1608 3781 τὸ
1645 3729 1934 3801 ὑπερέχον,

365 3819 483 3871 ὅσον
506 3819 614 3872 τῶν
651 3820 920 3874 Ἀσιακῶν
953 3818 1091 3886 (οὐδὲ
1128 3819 1234 3889 γὰρ
1260 3819 1324 3873 ἂν
1349 3819 1522 3891 ἡδέως
1584 3821 1795 3892 εἴποιμι
1831 3823 1939 3875 τῶν

367 3910 675 3982 κακοζήλων
706 3913 794 3965 διὰ
828 3913 928 3982 σὲ),
957 3911 1181 3974 τούτους
1203 3913 1367 3982 φασιν
1410 3912 1795 3984 ὑπερκεῖσθαι.
1829 3915 1940 3968 Καὶ

366 4004 517 4073 δῆλον
556 4004 824 4060 ἐντεῦθεν.
861 4005 916 4059 Ὀ
940 4005 1047 4076 γὰρ
1069 4006 1136 4058 τὰ
1159 4003 1337 4075 πολλῴ
1381 4006 1604 4074 μείζονα
1628 4008 1722 4060 καὶ
1757 4008 1932 4080 13mp-

370 4096 476 4167 (pui‘,
505 4095 706 4164 λαϐὼν,
761 4097 854 4151 ἐπὶ
885 4095 1128 4168 σωτηρίᾳ
1151 4099 1259 4150 τῶν
1299 4096 1623 4167 ἀνθρώπων,
1653 4100 1702 4151 εί
1742 4100 1935 4169 κέρδος

367 4206 418 4243 τι
442 4188 681 4242 τοιοῦτον
734 4189 928 4260 ἐφύετο
974 4189 1204 4254 ἐκεῖθεν,
1239 4190 1338 4244 ούκ
1363 4189 1428 4244 ἂν
1458 4190 1582 4243 οὐδὲ
1605 4191 1701 4261 τῆς
1736 4209 1934 4262 μειρα-

368 4279 588 4343 κιὼδους
634 4281 838 4352 ταύτης
889 4280 1027 4350 ἔχων
1051 4281 1113 4334 τὸ
1154 4275 1316 4352 ἦττον
1361 4283 1535 4355 ἐφάνη
1583 4283 1934 4354 φιλοτιμίας·

367 4370 496 4423 ἀλλὰ
517 4372 617 4424 κάν
646 4372 876 4437 τούτοις,
895 4373 953 4426 τὸ
975 4371 1119 4428 κατὰ
1152 4373 1370 4429 πάντων
1394 4376 1614 4446 κράτος,
1641 4376 1735 4430 καὶ
1764 4376 1935 4446 χωρὶς
1970 4395 2011 4448 ι)

367 4454 588 4533 ἀγῶνος,
622 4465 834 4537 ἐδείχθη
866 4467 934 4520 ἂν
964 4454 1430 4540 ἀναδεδειγμὲνοςξ

903 4600 1238 4654 ΕΡΩΊἩΣΙΣ
1268 4604 1393 4660 ΠΖ’.

2041 3101 2162 3155 isds
2201 3102 2488 3170 acquirere
2520 3103 2947 3156 admirationem
2985 3121 2998 3156 :
3037 3115 3090 3157 ct
3116 3104 3160 3157 si
3193 3119 3257 3158 ex
3307 3103 3410 3156 isto
3441 3102 3624 3155 studio

2039 3207 2240 3246 curare
2295 3193 2528 3246 Salutem
2589 3193 2901 3246 animarum
2937 3194 3209 3248 resultare
3260 3194 3511 3257 vidisset,
3543 3193 3623 3242 vi—

2040 3282 2216 3338 disses
2265 3283 2438 3353 ipsius
2492 3299 2778 3340 sermones
2835 3287 3004 3340 insita
3055 3285 3288 3355 quadam
3321 3284 3624 3354 pulchritu-

2039 3374 2188 3441 dine,
2223 3378 2382 3444 cujus
2434 3387 2488 3432 et
2537 3394 2683 3432 nunc
2711 3379 3056 3449 participant,
3103 3380 3154 3433 iu
3190 3390 3398 3433 tantum
3428 3387 3614 3430 trans-

2040 3470 2291 3524 cendisse
2331 3470 2570 3524 Platonis
2605 3471 3034 3538 incantamenta,
3091 3471 3469 3526 Demosthenis
3507 3472 3626 3524 ciu-

2040 3561 2256 3626 ClllltOS,
2316 3562 2838 3632 magniloquentiam
2888 3563 3316 3634 Thucydideam,
3345 3563 3396 3615 in
3430 3578 3609 3631 quau—

2043 3661 2155 3707 tum
2198 3653 2272 3706 illi
2319 3653 2589 3708 Asiaticos
2635 3654 2774 3710 istos
2845 3663 3093 3709 oratores
3163 3665 3423 3722 superant
3461 3670 3474 3705 :
3514 3669 3622 3706 non

2042 3745 2187 3797 enim
2223 3745 2274 3798 ih
2305 3755 2453 3800 tuam
2485 3747 2716 3816 gratiam
2758 3746 2935 3800 licebit
2974 3759 3170 3799 vocare
3199 3762 3291 3798 exs
3322 3745 3622 3799 ati'ectatos.

2042 3835 2195 3891 Patet
2237 3847 2418 3891 autem
2463 3838 2608 3907 quod
2640 3837 2888 3904 aliirmo;
2922 3852 3048 3890 nam
3084 3837 3177 3906 qui
3227 3837 3382 3905 longe
3416 3835 3624 3903 majora

2041 3937 2096 3984 et
2142 3928 2465 3984 sublimiora
2495 3930 2563 3983 ad
2606 3931 2890 3984 hominum
2943 3929 3175 3984 salutent
3227 3928 3623 3997 procurandam

2042 4021 2304 4091 suscepit,
2335 4022 2606 4091 siquidem
2647 4021 2843 4077 eximie
2879 4021 3226 4075 commodum
3260 4026 3622 4082 aeerescerct,

2042 4113 2185 4166 haud
2215 4121 2360 4168 certe
2387 4123 2694 4168 recusasset
2731 4113 2937 4183 aliquid
2969 4112 3036 4166 de
3084 4111 3275 4182 puerili
3313 4112 3413 4164 hac
3447 4109 3624 4164 ambi-

2043 4205 2191 4259 tione
2221 4205 2497 4274 possidere
2523 4222 2537 4272 ;
2564 4220 2752 4259 verum
2781 4216 2834 4258 et
2865 4203 2919 4257 in
2943 4203 3238 4258 illiusmodi
3268 4204 3404 4255 ultra
3431 4215 3624 4257 omnes

2043 4294 2374 4358 obtinuisse,
2402 4303 2456 4350 et
2481 4294 2705 4362 quidem
2732 4295 2850 4346 sine
2888 4295 3186 4347 ccrlntttiue
3217 4292 3512 4346 videretur.

2152 4599 2479 4668 QUIESTlU
3086 4598 3307 4656 CCLlll.
3347 4599 3510 4654 Taur.

904 4774 1046 4825 Edita
1087 4791 1114 4827 a
1139 4777 1455 4842 lllontacutio,
1484 4795 1565 4844 ep.
1593 4782 1699 4844 157,
1733 4785 1798 4832 ad
1821 4784 2096 4846 Euscltcnt.,
2123 4799 2170 4847 p.
2215 4784 2441 4834 ειη-(ξιξ,
2478 4783 2530 4832 lu
2572 4781 2848 4832 Ezechielis
2879 4796 2981 4845 cap.
3033 4797 3069 4838 ι,
3108 4781 3180 4830 lt).

435 4882 499 4936 Τί
528 4881 750 4955 δήποτε,
788 4883 1150 4958 διαπυνθάνῃ,
1183 4885 1320 4956 βοῶν
1357 4889 1449 4940 καὶ
1476 4888 1726 4955 λεόντων,
1755 4891 1925 4946 ἀετῶν

369 4995 424 5028 τε
445 4981 534 5031 καὶ
561 4977 740 5049 ἀνθρώ
750 4996 862 5032 πων
888 4983 1128 5052 μορφαῖς
1145 4980 1323 5032 αἰτῶν
1340 4981 1619 5052 Χερουϐὶμ
1645 4982 1796 5050 ὄψεις
1814 4986 1926 5047 τοῖς

372 5070 526 5132 θείοις
550 5073 850 5141 προφήταις
868 5072 1295 5143 ἐνεφανίσθησαν
1316 5072 1509 5140 ;Ἀλλὰ
1537 5074 1637 5136 τὰς
1671 5073 1792 5144 μὲν.
1815 5077 1932 5138 τοῖς

2112 4893 2175 4947 Et
2193 4906 2478 4961 quorsum,
2505 4891 2728 4961 rogitas,
2751 4889 3064 4944 cherubina:
3084 4887 3244 4941 facies
3263 4887 3460 4940 divinis
3486 4902 3618 4956 pro-

2044 4983 2216 5052 phetis
2235 4981 2632 5050 revelebantur,
2654 4982 2757 5036 sub
2780 4980 2969 5035 formis
2987 4979 3170 5044 boum,
3201 4977 3446 5044 leonum,
3468 4979 3622 5047 aqui-

2042 5077 2241 5139 larum,
2261 5075 2578 5129 hominum?
2597 5077 2854 5129 liatioaes
2872 5074 2939 5128 ab
2957 5071 3196 5141 antiquis
3219 5070 3454 5125 redditas
3476 5067 3616 5124 haud

1624 5279 1858 5334 VARI/E
1905 5277 2312 5335 LECTIONES.

500 5469 527 5497 ιι
551 5458 612 5517 C.
646 5459 715 5516 Μ.
746 5461 998 5534 βραχεῖννν
1033 5462 1172 5535 μετὰ
1201 5462 1297 5535 τὴν
1331 5462 1598 5534 ἄρχουσαν
1661 5457 1929 5531 συλλαϐὴν
1960 5459 2038 5522 εἰς
2070 5455 2540 5528 δι’φθογγονὲξει.

377 5531 552 5587 editio.

2659 5461 2706 5493 ιι·
2733 5470 2871 5526 pune
2905 5453 3176 5528 :p,.ovr£61,
3209 5461 3261 5509 et
3287 5453 3365 5508 sic
3397 5449 3600 5509 Ιὲαιεζῖῖ
