3880 6206
283 37 390 108 559

1438 39 1705 103 PHOTII
1745 36 2024 100 PATRIA
2032 37 2255 98 RCHIE
2281 37 2391 99 ΠΡ.

3467 26 3636 96 568

275 169 330 216 te
373 156 612 214 arbitror
646 157 904 228 ignorare
936 175 952 214 :
982 165 1038 214 at
1084 157 1210 215 illos
1244 158 1522 231 negligere
1560 159 1656 230 qui
1705 157 1863 213 dixe-

1993 155 2074 240 τρὸ
2092 156 2250 228 ἡμῶν
2275 151 2676 225 ἀποδεδομένας
2697 151 2900 220 αίτίας,
2939 147 3096 226 οἶμαί
3126 169 3188 207 σε
3214 151 3292 224 μὴ
3311 153 3628 240 dmi}.

275 257 406 306 runt
433 264 718 308 sermones
742 251 886 317 illos,
910 268 1145 323 quorum
1176 251 1579 307 ordinabantur
1637 251 1860 320 inspec-

275 354 441 409 tores,
463 358 560 415 per
585 344 704 399 illas
731 345 932 416 ﬁguras
963 345 1265 401 insinuari:
1290 345 1455 400 boum
1482 344 1682 414 quippe
1707 343 1861 413 ip~is,

275 435 464 490 nescio
495 450 615 501 cur,
653 436 960 502 hominum,
998 437 1331 507 aquilarum,
1387 437 1606 490 leonum
1668 451 1859 491 curam

273 535 330 581 et
355 526 751 598 inspectiouem
790 529 1148 593 concredunt,
1203 528 1492 584 Platonico
1537 543 1712 595 more,
1768 527 1864 584 sed

277 617 459 674 verbis
505 617 742 674 diversis
795 620 948 675 ideas
997 620 1432 685 introtlucentes,
1477 620 1660 692 potius
1692 634 1859 691 quam

275 711 498 782 pictatis
548 712 731 768 studio
785 712 1074 783 quzestioni
1133 713 1396 768 instituta:
1443 711 1860 782 respondentes.

276 804 519 861 Dixerim
533 821 654 875 ego,
670 804 814 876 quod
831 805 1254 876 haudquaquam
1270 819 1462 860 eorum
1476 803 1861 871 anima-otium,

275 913 512 969 quorum
556 907 716 953 erant
743 907 1051 962 curatores,
1086 899 1299 968 species
1331 912 1429 969 per
1473 897 1680 969 ﬁguras
1719 896 1859 953 istas

279 990 834 1060 reprazsentabantur.
871 989 1030 1046 Absit
1059 1008 1073 1045 :
1107 1006 1254 1047 unus
1276 989 1424 1046 enim
1457 991 1705 1046 omnium
1729 1004 1865 1045 con-

275 1081 424 1138 ditor
469 1089 524 1138 et
554 1082 835 1153 inspector
865 1092 969 1138 est.
1012 1081 1210 1138 Verum
1257 1081 1395 1137 illud
1433 1082 1723 1152 perspicue
1769 1094 1865 1150 per

278 1176 485 1247 ﬁguras
509 1176 830 1244 ostendunt,
862 1177 1007 1247 quod
1031 1178 1124 1248 qui
1155 1185 1386 1243 terram,
1404 1190 1614 1238 aerem,
1637 1173 1861 1238 emtum,

275 1276 332 1322 et
363 1282 487 1337 quae
519 1266 575 1322 in
606 1267 674 1324 iis
703 1279 853 1333 sunt,
887 1268 1152 1324 stabilivit
1213 1267 1361 1339 (ist-is
1419 1267 1566 1322 enim
1621 1266 1676 1320 in
1731 1263 1866 1320 locis

275 1366 627 1414 ostensorum
672 1359 994 1414 animalium
1027 1360 1141 1415 vita
1182 1359 1469 1430 victusque
1505 1357 1755 1423 habetur,
1809 1364 1866 1412 et

273 1449 595 1522 generatio),
634 1452 681 1508 is
715 1451 831 1522 ipse
855 1462 959 1517 est,
990 1453 1082 1522 qui
1116 1461 1411 1522 potestates
1444 1451 1696 1506 ccelestes
1729 1449 1864 1504 sub-

275 1543 468 1598 sistere
523 1541 674 1608 iecit,
727 1552 782 1598 ct
828 1543 1010 1600 inesse
1049 1543 1324 1613 produxit.
1379 1541 1485 1597 Sed
1530 1550 1586 1596 et
1631 1541 1869 1598 ulterius

277 1634 559 1705 Scriptura
610 1651 707 1705 per
771 1634 871 1691 ista
923 1635 1104 1702 docet,
1157 1634 1304 1706 quod
1353 1634 1630 1704 quomodo
1677 1634 1868 1700 homo,

275 1728 399 1794 bos,
435 1729 542 1795 leo,
593 1728 800 1800 aquila,
835 1738 890 1783 et
938 1739 1150 1785 caetera:
1195 1744 1388 1784 omnes
1438 1738 1722 1794 creaturae,
1771 1745 1867 1800 per

274 1821 452 1877 solum
506 1821 733 1876 verbum
770 1820 1250 1891 producebantur;
1305 1821 1379 1876 ita-
1426 1831 1481 1876 et
1537 1823 1707 1878 beata:
1759 1824 1868 1880 illa:

275 1923 562 1979 creaturae,
596 1929 692 1984 per
722 1915 948 1969 verbum
996 1913 1310 1969 Conditoris
1338 1913 1406 1969 de
1435 1931 1542 1969 non
1581 1931 1704 1971 csse
1735 1932 1866 1986 pro-

276 2005 456 2060 ductae
471 2014 525 2059 ct
542 2015 817 2076 generatae
836 2005 1074 2062 fuerant.
1097 2007 1159 2061 In
1184 2007 1271 2061 illa
1296 2007 1515 2076 quidem
1545 2008 1866 2079 incorporea

276 2106 334 2152 et
383 2095 677 2169 inelilgiata
735 2109 933 2154 natura
1007 2098 1211 2170 ligni-as
1264 2099 1476 2169 aliquas
1548 2109 1606 2154 et
1660 2100 1867 2157 form-as

277 2190 592 2247 istiusmodi
622 2201 1016 2264 repraesentare
1043 2192 1199 2257 velle,
1233 2192 1369 2246 nihil
1401 2191 1551 2248 aliud
1587 2203 1671 2249 est
1697 2210 1865 2266 quam

280 2282 583 2349 declarare,
620 2299 789 2338 unum
833 2292 887 2338 ct
911 2285 1166 2338 eumdem
1191 2299 1372 2338 rerum
1405 2283 1652 2338 omnium
1687 2283 1866 2340 exsis-

281 2384 398 2429 tere
425 2373 816 2442 Conditorem;
867 2381 982 2429 tum
1014 2373 1158 2444 quod
1212 2374 1348 2429 nihil
1400 2374 1732 2432 laboriosius
1761 2375 1868 2446 ipsi

282 2462 405 2531 fuit,
428 2465 783 2538 incorporeas
809 2477 864 2522 et
881 2465 1280 2522 intellectualcs
1307 2475 1529 2521 naturas
1553 2483 1866 2538 procreare,

284 2573 447 2629 quam
479 2568 703 2616 catteras
727 2559 1000 2629 quaslibet
1022 2570 1338 2626 creaturas;
1371 2577 1497 2617 cum
1530 2561 1586 2616 in
1611 2562 1871 2619 omnibus

283 2667 350 2707 ex
373 2667 552 2723 aequo,
594 2662 648 2708 et
685 2653 801 2724 pari
835 2662 1103 2724 potestate
1131 2653 1387 2710 voluntas
1415 2655 1602 2710 divina
1641 2655 1870 2712 inﬁnitae.

285 2745 540 2815 petentia:
588 2755 866 2815 operetur.
917 2746 974 2800 Si
1006 2746 1204 2816 placet,
1251 2755 1420 2802 estet
1466 2747 1686 2802 tertium
1721 2747 1869 2819 quod

1968 237 2254 312 κάκείνους
2309 247 2366 302 δὲ
2390 248 2660 320 παρορᾷν,
2697 248 2747 302 οἳ
2773 247 2900 312 τοὺς
2956 246 3151 316 λόγους
3203 245 3416 314 ἔφασαν
3503 236 3624 297 ὧν

1966 339 2275 410 ἐτάχθησαν
2300 339 2509 412 ἔφοροι,
2537 339 2626 394 διὰ
2654 338 2768 393 τῶν
2794 339 3092 410 σχημάτων
3124 338 3356 392 ἐκείνων
3378 334 3620 392 αἰνίτ-

1964 435 2190 488 ιιτεσθαι⁹
2228 433 2367 505 βοῶν
2409 432 2519 504 γὰρ
2545 432 2728 496 αὐτοῖς
2765 426 2938 497 οὗτοι,
2975 430 3070 484 καὶ
3101 429 3430 503 ἀνθρώπων,
3476 428 3621 480 ἀε-

1964 525 2076 580 τῶν
2103 542 2162 578 τε
2185 525 2280 578 καὶ
2307 525 2563 589 λεόντων,
2589 525 2692 578 οὐκ
2713 519 2811 577 οἶδ’
2856 521 2978 577 ἀνθ’
3004 524 3151 589 ὅτου,
3195 523 3296 593 τὴν
3325 519 3616 592 ἐφορίαν

1967 618 2376 692 ἐγχειρίζουσι·
2437 615 2938 687 Πλατωνικώτερον
2999 616 3224 687 μᾶλλον,
3247 615 3318 670 δι’
3351 615 3624 684 ἐτέριυν

1966 711 2166 781 λόγων,
2192 711 2292 776 τὰς
2316 710 2494 775 είδέας
2521 710 2865 779 εἰσάγοντες,
2903 709 2935 780 ἧ
2967 708 3361 780 εὐσεϐέστερον
3413 721 3620 774 παρ-

1969 805 2226 868 ιστῶντες
2249 803 2311 857 τδ
2344 801 2702 874 ζητούμενον.
2752 801 2894 870 Ἐγὼ
2927 801 2986 854 δὲ
3026 801 3193 871 φαίην
3216 801 3306 864 ἂν,
3337 799 3416 864 ὡς
3463 797 3616 866 οὐχ

1967 893 2043 955 ὧν
2073 898 2258 969 ἔφοροι
2271 898 2626 968 τυγχάνουσι,
2663 895 2836 950 ταῦτα
2862 895 2951 949 διὰ
2971 896 3080 950 τῶν
3119 895 3422 967 σχημάτων
3457 896 3612 963 ἐμ-

1967 993 2256 1064 φανίζουσι
2281 1007 2297 1021 ⁸
2333 988 2542 1043 ’πολλοῦ-
2555 1005 2620 1058 γε
2652 987 2748 1042 καὶ
2779 987 2860 1040 δεῖ
2887 1002 2902 1018 ο
2935 981 3016 1051 εἷς
3046 987 3154 1058 γὰρ
3175 986 3436 1041 ἁπάντων
3465 985 3614 1052 δη-

1970 1087 2234 1158 μιουργός
2265 1100 2327 1137 τε
2377 1084 2471 1136 καὶ
2527 1081 2746 1153 ἔφορος.
2809 1079 2953 1133 Ἀλλ’
3003 1081 3179 1133 ἐκεῖνο
3232 1077 3455 1148 τρανῶς
3523 1078 3618 1129 ἐν

1966 1180 2080 1241 τοῖς
2137 1175 2330 1239 τύποις
2373 1174 2730 1238 δεικνύουσιν,
2767 1173 2843 1238 ὡς
2874 1175 2904 1228 ὁ
2935 1173 3037 1244 τὴν
3079 1172 3184 1242 γῆν
3216 1189 3275 1224 τε
3313 1172 3407 1224 καὶ
3468 1169 3612 1222 τὸν

1967 1267 2128 1339 ἀέρα,
2159 1267 2254 1321 καὶ
2291 1267 2382 1320 τὸν
2414 1266 2660 1339 οὐρανὸν,
2701 1265 2796 1320 καὶ
2822 1264 2890 1318 τὰ
2919 1267 2976 1318 ὲν
3005 1264 3190 1328 αὐτοῖς
3239 1263 3612 1332 ὑποστήσας

1967 1359 2049 1431 (εν
2103 1357 2315 1422 τούτοις
2372 1356 2489 1428 γάρ
2539 1355 2650 1409 τῶν
2704 1355 3126 1427 ἐμφαινομένων
3181 1351 3374 1419 ζώων,
3442 1355 3602 1412 τοῖς

1965 1451 2173 1516 τόποις,
2207 1451 2235 1504 ὃ
2279 1467 2338 1504 τε
2370 1449 2483 1520 βίος
2509 1450 2605 1504 καὶ
2653 1450 2687 1521 ὴ
2715 1447 2967 1519 γένεσις)
3003 1447 3168 1511 αὐτός
3198 1447 3349 1500 ἐστιν
3378 1439 3604 1509 οὗτος,

1966 1549 1996 1602 ὁ
2028 1548 2122 1601 καὶ
2172 1546 2274 1610 τὰς
2323 1544 2756 1616 ὑπερουρανίους
2791 1543 3054 1614 δυνάμεις
3076 1551 3111 1578 τ’
3134 1539 3431 1604 οὐσιώσας,
3466 1541 3602 1593 καὶ

1967 1641 2311 1714 παραγαγὼν
2357 1642 2438 1704 είς
2473 1637 2730 1710 ὓπαρξιν.
2769 1638 3006 1692 Ἔπειτα
3058 1636 3138 1700 δὲ,
3163 1636 3253 1691 διὰ
3280 1635 3495 1689 τούτων
3557 1635 3600 1685 ὁ

1967 1732 2124 1802 λόγος
2158 1742 2187 1782 P
2206 1731 2472 1794 διδάσκει,
2506 1731 2703 1802 ὅτιπερ
2724 1728 2848 1784 καθ’
2876 1729 2936 1782 ὃν
2962 1731 3165 1801 τρόπον
3191 1727 3482 1798 ἄνθρωπός
3512 1742 3597 1778 τε

1968 1829 2065 1884 καὶ
2123 1826 2250 1897 βοῦς
2304 1826 2402 1880 καὶ
2448 1824 2608 1888 λέων,
2661 1822 2757 1876 καὶ
2816 1821 2999 1886 ἀετὸς,
3059 1821 3158 1875 καὶ
3221 1819 3393 1873 τᾶλλα
3452 1817 3598 1870 τῶν

1968 1921 2305 1992 κτισμάτων,
2358 1916 2595 1991 εὐχερῶς
2655 1917 2749 1970 καὶ
2799 1919 3007 1989 ῥήματι
3064 1914 3212 1984 μόνῳ
3275 1913 3519 1982 συνέστη
3559 1925 3582 1940 ⁸

1968 2013 2115 2066 οὕτω
2163 2011 2250 2082 δὴ,
2291 2008 2436 2063 οὕτω
2470 2009 2622 2080 καὶὴ
2658 2009 2906 2080 μακαρία
2953 2006 3117 2077 φύσις
3179 2004 3389 2074 ἐκείνη,
3415 2003 3594 2072 λόγιμ

1968 2107 2062 2159 τοῦ
2103 2103 2421 2166 κτίσαντος,
2452 2103 2516 2154 ἐκ
2555 2100 2646 2153 τοῦ
2672 2099 2747 2171 μὴ
2777 2099 2930 2163 ὄντος
2971 2097 3114 2170 ἤχθη
3149 2097 3291 2169 πρὸς
3317 2095 3583 2164 γένεσιν.

1971 2199 2043 2252 Τὸ
2061 2197 2188 2269 γὰρ,
2215 2196 2400 2269 ἐκείνῃ
2425 2197 2492 2267 τῇ
2523 2194 2800 2265 ἀσωμάτῳ
2833 2192 2929 2246 καὶ
2951 2191 3350 2263 ἁσχηματίστῳ
3377 2189 3586 2258 φύσει,

1974 2291 2190 2364 μορψάς
2251 2308 2404 2355 τινας
2434 2289 2530 2343 καὶ
2579 2289 2810 2343 τοιαῦτα
2845 2288 3099 2359 σχήματα
3163 2283 3588 2357 παρυποδεῖξαι

1970 2386 2122 2441 οὐδὲν
2150 2385 2341 2456 ἕτερόν
2395 2385 2566 2446 ἐστιν,
2592 2381 2624 2454 ἦ
2663 2381 2758 2434 ἕνα
2785 2398 2846 2434 τε
2875 2383 2962 2434 καὶ
2997 2379 3087 2432 τὸν
3115 2377 3275 2432 αὑτὸν
3305 2375 3589 2430 ἁπάντων

1972 2480 2208 2552 Ποιητὴν
2269 2478 2578 2549 ὑπάρχειν,
2647 2474 3080 2547 ὲπιδεδειχέναι’
3126 2472 3223 2526 καὶ
3268 2471 3352 2524 ὅτι
3403 2468 3582 2523 οὐδὲν

1971 2569 2392 2643 ἐργωδέστερον,
2426 2569 2459 2640 ἥ
2486 2567 2654 2623 τᾶλλα
2682 2567 2790 2621 τῶν
2813 2568 3165 2639 κτισμάτων,
3201 2567 3234 2638 ἡ
3268 2565 3585 2635 ἀσώματος

1971 2661 2068 2716 καὶ
2112 2663 2274 2733 νοερὰ
2321 2661 2485 2731 φύσις
2526 2661 2736 2733 ὑπέστη
2765 2664 2822 2715 ἐν
2849 2662 2987 2714 πᾶσι
3023 2659 3434 2732 παραπλησίως
3471 2657 3583 2710 καὶ

1976 2756 2284 2820 ίσοσθενῶς,
2340 2754 2435 2809 τοῦ
2488 2753 2632 2808 θείου
2686 2753 2780 2808 καὶ
2833 2754 3278 2826 ἀπειροδυνάμου
3327 2751 3582 2824 δρῶντος

289 2838 395 2893 ilhc
429 2838 483 2894 iu
513 2839 846 2896 Cherubinis
877 2839 1269 2896 similitudines
1296 2840 1600 2906 insinuant,
1645 2856 1865 2911 nent-pe,

1993 2848 2340 2919 Βουλήματος.
2387 2847 2449 2900 Εἰ
2486 2845 2665 2917 βούλει
2697 2847 2776 2910 δἐ,
2815 2847 2952 2917 πρὸς
2992 2844 3204 2907 τούτοις
3254 2844 3351 2898 καὶ
3380 2842 3580 2913 τρίτον

287 2932 752 3002 quemadmodum
777 2933 961 2997 homo,
985 2941 1041 2988 et
1066 2933 1274 3004 aquila,
1309 2943 1363 2987 ct
1385 2933 1506 2999 bos,
1538 2949 1590 2989 et
1617 2935 1875 3004 quaelibet

287 3024 511 3080 omnino
532 3034 784 3080 creatura
809 3025 1107 3082 Dominicis
1131 3025 1417 3096 praeceptis
1453 3026 1873 3082 obsecundaba-

295 3122 410 3181 tur,
463 3116 613 3171 illius
659 3127 938 3172 reveretur
985 3133 1110 3172 cum
1140 3116 1338 3172 timore
1395 3119 1759 3174 mandatum:
1801 3119 1877 3175 ita

291 3208 473 3263 omnis
495 3222 719 3278 quoque
747 3207 1168 3264 ultramundana
1220 3215 1274 3262 et
1308 3207 1696 3264 ultr-acmlcstis
1739 3211 1876 3266 sub-

291 3299 498 3356 stantia
527 3300 753 3356 nutibus
782 3299 953 3370 ipsius
991 3301 1261 3367 subsidet,
1307 3309 1362 3356 et
1392 3301 1624 3356 libenter
1652 3302 1879 3358 subser-

295 3392 416 3447 vire
446 3394 610 3466 gestit
647 3395 712 3449 ad
739 3395 1006 3466 quidquid
1031 3395 1257 3467 jubetur
1287 3397 1713 3468 expediendum.
1746 3398 1884 3453 For-

295 3487 463 3543 tassis
489 3497 671 3543 autent
699 3500 751 3544 et
783 3489 901 3545 aliae
940 3490 1164 3560 insuper
1193 3499 1488 3562 suppetent
1519 3506 1720 3554 causae,
1753 3492 1883 3546 dum

293 3579 499 3636 tacitus
529 3581 644 3638 luce
688 3583 828 3654 apud
875 3592 928 3639 te
979 3583 1259 3640 metliteris
1299 3599 1424 3654 quae
1465 3584 1579 3655 jam
1625 3584 1775 3652 dixi,
1830 3584 1883 3638 in

294 3689 436 3746 quas
469 3674 703 3731 libenter
734 3684 787 3730 te
820 3675 1063 3733 incidere
1088 3677 1280 3732 velim.

295 3865 636 3937 ουιΕδτιο
697 3868 1030 3926 LXXXVIII.
1106 3871 1310 3946 [ϐοἱδί.
1387 3873 1635 3940 CCLIV;
1716 3874 1880 3929 Tum.

895 3964 1279 4038 ccxcvt(n

1983 2941 2113 2994 ἄλλο
2142 2941 2486 2995 διδάσκουσιν
2530 2940 2587 2993 αἱ
2612 2941 2668 2992 ἐν
2691 2941 2801 3003 τοῖς
2845 2941 3128 3010 Χερουϐὶμ
3154 2937 3467 3009 ὁμοιώσεις,
3487 2935 3584 2988 ὅτι

1983 3033 2173 3104 ὥσπερ
2230 3031 2519 3104 ἄνθρωπῧς
2547 3049 2610 3084 τε
2640 3032 2736 3084 καὶ
2763 3033 2920 3094 ἀετὸς
2942 3033 3036 3084 καὶ
3076 3029 3222 3102 βοῦς,
3263 3029 3359 3082 καὶ
3384 3024 3585 3090 ἁπλῶς

1984 3126 2215 3181 ἕκαστον
2243 3125 2351 3179 τῶν
2375 3124 2711 3195 κτισμάτων,
2742 3123 2820 3194 τῷ
2842 3122 3156 3193 Δεσποτικῷ
3185 3119 3582 3194 προστάγματι

1986 3219 2300 3296 πειθαρχεῖ,
2341 3217 2438 3271 καὶ⁹
2487 3217 2586 3286 τὴν
2636 3215 2847 3269 ἐκεῖθεν
2902 3215 3122 3284 ἐντολὴν
3187 3213 3579 3282 ὑποπτήσσει·

1987 3311 2131 3366 οὕτω
2152 3310 2217 3382 δὴ
2237 3309 2403 3374 οὕτω,
2438 3309 2534 3364 καὶ
2559 3310 2710 3362 πᾶσα
2732 3310 2765 3380 ἡ
2800 3306 3170 3379 ὑπερκόσμιός
3189 3323 3247 3360 τε
3274 3306 3367 3359 καὶ
3399 3305 3581 3375 ὑπερ-

1986 3404 2244 3475 ουράνιος
2329 3403 2492 3457 οὐσία
2571 3404 2686 3466 τοῖς
2747 3400 2913 3456 αὐτοῦ
2981 3399 3249 3470 νεύμασιν
3316 3398 3581 3461 ὑπείκει,

1989 3496 2238 3568 καὶπρὸς
2303 3496 2449 3550 ἆπαν
2477 3494 2537 3547 τὸ
2565 3493 2922 3564 κελευόμενον
2950 3492 3247 3565 προθύμως
3271 3492 3577 3561 ὑπηρετεῖ-

1988 3607 2101 3644 ται.
2147 3589 2299 3659 Τάχα
2321 3589 2367 3642 δ’
2391 3587 2456 3642 ἄν
2484 3605 2590 3652 σοι,
2623 3586 2746 3640 καθ’
2783 3586 2977 3642 ἑαυτὸν
3022 3583 3338 3649 σκοποῦντι,
3374 3586 3439 3636 ὲκ
3465 3583 3580 3636 τῶν

1993 3681 2306 3753 εἰρημένων
2367 3678 2463 3733 καὶ
2526 3679 2714 3750 ἕτεραι
2746 3677 3345 3750 προσεξευρεθήσονται
3376 3675 3573 3730 αἰτίαι·

1993 3768 2081 3836 αἷς
2114 3772 2178 3826 ἂν
2205 3771 2375 3841 ἡδέως
2393 3767 2698 3841 ἐντύχοιμι.

2537 3885 2872 3939 ΕΡΩΤΗΣΙΣ
2906 3885 3038 3940 ΠΗ’.

876 4101 1019 4154 Edita
1057 4120 1083 4156 a
1123 4105 1444 4167 Monlaculio,
1473 4121 1555 4172 ep.
1597 4109 1704 4173 161,
1723 4109 1788 4160 ad
1814 4110 1993 4169 Taras,
2018 4123 2070 4172 p.
2101 4107 2210 4170 2M,
2233 4108 2342 4160 215.
2384 4110 2460 4159 De
2489 4113 2655 4156 sancta
2694 4103 2955 4156 Trinitate.

371 4193 578 4266 Rogas,
619 4192 902 4266 quomodo
957 4193 1191 4251 dicimus
1250 4215 1264 4251 :

303 4291 471 4346 Deum
506 4289 726 4356 Filium,
759 4289 929 4344 Deum
965 4291 1229 4362 Spiritum
1277 4302 1525 4348 sanctum
1558 4314 1604 4358 ι,
1668 4309 1771 4350 nec
1802 4305 1887 4350 ta-

302 4401 429 4441 tncn
451 4385 700 4454 cogimur
726 4384 1038 4440 necessario
1060 4393 1169 4439 tres
1200 4381 1365 4450 Deos,
1406 4401 1514 4440 non
1552 4403 1724 4441 unum
1750 4403 1888 4444 cott-

305 4476 484 4532 litori?
529 4475 689 4532 Clare
721 4484 776 4530 et
806 4475 1042 4530 brcvitcr
1070 4476 1394 4546 respondeo.
1452 4477 1717 4548 Exempla
1743 4481 1887 4536 enim

305 4572 462 4641 plura
495 4579 548 4624 ct
612 4569 763 4624 varia
814 4585 844 4623 a
880 4569 1081 4626 divinis
1136 4569 1392 4626 Patr!th
1439 4573 1507 4628 ad
1556 4575 1889 4630 solutionem

307 4664 471 4736 hujus
523 4664 867 4735 qumstionis,
923 4664 992 4720 ab
1053 4665 1169 4736 ipsa
1214 4670 1468 4731 veritate,
1518 4669 1606 4723 cui
1666 4683 1890 4739 operam

307 4756 581 4824 locabant,
611 4757 829 4814 abunde
851 4759 1190 4829 suppeditata
1221 4758 1392 4825 fuere,
1421 4767 1476 4813 ct
1497 4758 1567 4814 ab
1620 4758 1690 4814 iis
1733 4761 1892 4815 adhi-

309 4850 420 4906 bita
469 4859 632 4922 prout
670 4853 920 4921 oportuit
963 4869 978 4920 ;
1059 4867 1294 4923 quorum
1342 4852 1516 4922 siquis
1561 4854 1893 4909 mentionem

307 4941 469 4997 Vellet
533 4943 821 5014 replicare,
887 4944 1086 5000 librum
1165 4944 1408 5000 scribere
1445 4952 1704 5016 oportet,
1783 4961 1894 5002 non

306 5034 618 5110 epistolam.
678 5035 836 5102 Quod
894 5035 1080 5092 facere
1129 5036 1266 5092 mihi
1304 5037 1520 5092 videtur
1569 5053 1896 5111 supervaca-

1333 4215 1353 4247 ι
1411 4196 1582 4252 Deum
1639 4197 1964 4264 Patrem,D

2073 4198 2335 4270 Ἐρωτᾷς,
2387 4196 2505 4259 πῶς
2568 4196 2686 4248 ἐστι
2730 4193 2930 4262 λέγειν,
3002 4190 3176 4246 «Θεὸν
3207 4191 3299 4245 τὸν
3332 4191 3581 4262 Πατέρα,

1992 4291 2125 4346 Θεὸν
2170 4289 2263 4345 τδν
2288 4289 2440 4355 Υίὺν,
2463 4288 2596 4342 Θεὸν
2627 4287 2689 4340 τὸ
2713 4285 2964 4356 Πνεῦμα,
2997 4303 3016 4336 ι
3057 4286 3154 4338 καὶ
3188 4283 3262 4356 μὴ
3293 4287 3372 4349 είς
3405 4286 3584 4354 ἀναγ-

1991 4404 2094 4457 κην
2159 4382 2568 4458 περιΐστασθαι,
2628 4384 2800 4454 τρεῖς,
2862 4379 2979 4436 ἀνθ’
3013 4380 3154 4446 ἑνὸς,
3181 4380 3352 4442 Θεοὺς
3383 4379 3584 4449 ἀνομο-

1993 4476 2210 4544 λογεῖν;
2257 4473 2399 4544 Ἐγώ
2447 4491 2529 4527 σοι
2579 4471 2765 4542 σαφῶς
2793 4471 2888 4524 καὶ
2915 4470 3200 4541 συντόμως
3230 4469 3363 4540 ὲρῶ.
3389 4470 3586 4540 Παρα-

1989 4570 2258 4641 δείγματα
2287 4566 2520 4639 μὲνγὰρ
2553 4565 2726 4619 πολλὰ
2777 4566 2872 4618 καὶ
2929 4563 3182 4630 ποικίλα,
3241 4565 3357 4626 τοῖς
3413 4562 3583 4625 θείοις

1997 4662 2156 4734 ὴμῶν
2187 4660 2483 4732 Πατράσιν,
2503 4662 2583 4724 είς
2602 4659 2663 4712 τὸ
2687 4657 2940 4712 διαλῦσαι
2970 4656 3068 4728 τὴν
3094 4655 3331 4728 ἀπορίαν
3351 4655 3581 4726 ταύτην,

1997 4755 2090 4808 ὑπ’
2128 4754 2298 4825 αὐτῆς
2327 4755 2426 4825 τῆς
2460 4752 2742 4825 ἀληθείας,
2770 4752 2911 4823 ὑπὲρ
2938 4746 3006 4824 ἦς
3029 4751 3383 4816 ἐσπούδαζον,
3410 4751 3582 4818 dep-06-

1998 4865 2104 4914 νως
2118 4863 2176 4900 τε
2199 4848 2512 4918 ὲχορηγήθη
2547 4848 2642 4900 καὶ
2666 4846 2746 4911 εἰς
2775 4845 2893 4899 δέον
2922 4845 3293 4899 διατέτακται·
3326 4838 3402 4898 ὧν
3421 4843 3475 4896 εῐ
3497 4860 3583 4906 τις

1995 4942 2400 5014 ἐπιμνησθῆναι
2434 4939 2703 5011 θελήσειε,
2730 4936 2936 5008 βιϐλίον
2966 4937 3087 4990 ὅλον
3117 4937 3232 4990 ἀντ’
3277 4935 3575 5005 ἐπιστολῆς

1999 5033 2066 5090 ἂν
2092 5033 2346 5107 γράψειε.
2369 5031 2542 5087 Τοῦτο
2572 5032 2632 5087 δὲ
2649 5031 2826 5097 ἄλλως
2853 5026 2902 5086 oi
2911 5046 3010 5102 μαι
3043 5029 3320 5103 περιττόν·
3349 5027 3402 5081 τί
3437 5027 3545 5099 γάρ
3566 5042 3581 5055 °

1589 5198 1677 5253 VA
1687 5198 1824 5255 RIE
1863 5195 2274 5254 LECTIONES.

383 5323 406 5346 ⁹
429 5311 654 5370 C.Mon.
697 5312 867 5369 5551⁸.
901 5312 1006 5369 118
1040 5332 1055 5369 :
1089 5313 1374 5384 οὐρανίους
1401 5312 1680 5386 δυνάμεις.
1760 5317 1788 5359 P
1816 5312 1881 5370 C.
1920 5311 1989 5368 Μ.
2015 5311 2254 5382 ὀλίγους.

1823 5434 2049 5495 NOTAE.

388 5527 462 5598 (l)
495 5524 683 5583 Afﬁnis
715 5535 796 5582 cst
825 5541 878 5596 q.
928 5522 1142 5579 XXVII.
