3880 6206
199 158 298 229 561

901 158 1005 226 AD
1034 159 1633 228 AMPHILOCHIUM
1674 164 2024 234 OUESTIO
2065 169 2444 244 LXXXVIII,
2473 168 2792 230 LXXXIX.

3336 142 3349 149 ’
3371 169 3493 253 562

197 280 316 332 ἐνὸν
369 278 485 342 τοῖς
533 276 823 351 ἀρχαίοις,
879 279 979 334 καὶ
1007 279 1067 346 ἐξ
1097 280 1341 351 ἑτοίμου,
1396 283 1764 352 προσομιλεῖν.

1880 301 2080 351 neum,
2137 302 2264 341 cum
2317 286 2495 342 cuivis
2547 285 2708 340 obvia
2766 285 2877 341 sint
2931 283 3077 355 apud
3136 283 3477 355 antiquiores

196 373 271 427 Σὺ
293 370 348 425 δὲ
380 371 462 442 (οὐ
491 370 603 444 γὰρ
661 373 770 443 ἔχω
810 371 928 438 πῶς
962 360 1437 445 ἀνεπαχθέστερον
1463 374 1625 445 είπω)
1653 377 1775 429 ἀντὶ

190 461 299 515 τῶν
350 461 517 515 πάλαι
559 462 742 526 καλῶς
789 462 1218 535 γεγραμμένων,
1261 466 1468 519 καινῶν
1531 467 1772 539 προσδέῃ

192 553 464 625 γραφέων,
498 553 886 625 ὲξιδιουμένων
917 556 988 609 τά
1016 556 1121 627 πρὸ
1159 554 1341 609 αὐτῶν
1375 557 1471 611 καὶ
1492 558 1771 629 ἀλλότρια.

206 642 364 696 Ἀλλὰ
406 644 578 715 χωρὶς
637 643 886 707 ἐκείνων.
908 645 973 698 τὸ
1009 644 1278 717 σύντομον
1317 648 1413 700 καὶ
1444 650 1645 718 σαφὲς,
1677 652 1773 703 καὶ

189 734 313 789 οὐδὲ
360 737 530 807 χωρὶς
588 735 683 790 τοῦ
728 736 1073 807 συμπείθειν,
1107 740 1244 809 μετά
1269 741 1551 812 προσοχῆς
1576 742 1768 795 ἄκουε·

189 826 301 897 ἔχει
347 828 403 881 δὲ
451 821 594 881 ὧδε·
658 828 792 881 Θεὸν
838 828 1024 894 καλεῖς
1068 830 1158 884 τὸν
1219 831 1473 903 Πατέραο
1543 835 1774 905 πότερον

188 919 372 989 τεμὼν
400 919 498 990 τὴν
528 921 847 989 ὑπόστασιν,
877 925 971 978 καὶ
1005 925 1376 996 ἁλλοτριώσας
1405 929 1506 1000 τῆς
1534 931 1592 982 ὲν
1620 931 1771 1002 αὐτῷ

190 1014 285 1064 καὶ
334 1015 521 1083 κοινῆς
578 1013 919 1087 θεότητος,ῆ
972 1018 1072 1071 οὐκ
1103 1017 1169 1071 ἂν
1202 1020 1509 1088 τολμήσαις
1556 1023 1768 1090 είπεῖν;

187 1102 330 1157 οὕτω
373 1104 483 1177 γὰρ
505 1105 571 1159 ἂν
604 1106 689 1175 είη
717 1106 779 1159 τὸ
805 1110 971 1179 τιμᾷν
1021 1114 1117 1163 καὶ
1170 1111 1459 1182 ὀνομάζειν
1517 1114 1651 1168 Θεὸν
1680 1115 1772 1169 τὸν

186 1195 431 1267 Πατέρα,
464 1197 561 1267 τῆς
593 1197 828 1267 ἐσχάτης
856 1197 1156 1272 βαρύτερον
1201 1202 1437 1275 ῦῦρεως,
1474 1206 1773 1262 ἀποσπάδα

185 1287 309 1340 τινὰ
326 1289 420 1342 καὶ
447 1291 782 1359 παραφυάδα
817 1294 959 1346 νοεῖν
978 1295 1078 1363 τῆς
1102 1294 1292 1366 ὁλικῆς
1316 1298 1410 1349 καὶ
1438 1298 1769 1368 ὑπερουσίου

183 1381 449 1452 Θεότητος
478 1379 536 1445 ἐξ
559 1375 620 1434 οῦ
653 1383 804 1436 πᾶσα
831 1382 972 1451 θεία,
1013 1385 1111 1438 καὶ
1140 1388 1252 1450 τοῖς
1281 1387 1341 1440 ἐν
1373 1387 1639 1459 διαιρέσει
1673 1390 1771 1443 καὶ

185 1473 373 1544 ρεύσει
403 1475 462 1526 τὸ
496 1473 637 1527 εἶναι
685 1473 967 1545 λαχοῦσιν,
999 1475 1193 1540 ἓνωσίς
1219 1495 1278 1530 τε
1316 1478 1417 1531 καὶ
1442 1479 1643 1552 συνοχὴ
1677 1483 1771 1533 καὶ

185 1568 477 1637 συνάφεια.
520 1568 685 1641 Ὁρᾷς
742 1570 855 1634 πῶς
892 1571 958 1624 ἂν
1010 1571 1189 1642 ὀρθῶς
1226 1571 1541 1643 ὲννοηθείης
1576 1592 1635 1627 τε
1674 1575 1768 1629 καὶ

182 1660 385 1731 φὴσαις
406 1660 540 1714 Θεὸν
564 1660 656 1713 τὸν
685 1661 927 1733 Πατέρα.
955 1661 1166 1716 Οὐκοῦν
1193 1663 1313 1717 οὐδὲ
1342 1664 1433 1717 τὸν
1464 1664 1593 1717 Υίὸν
1626 1666 1762 1719 Θεὸν

180 1753 484 1824 ὀνομάζων,
519 1755 768 1825 ἀφοριεῖς
791 1756 891 1827 τῆς
918 1756 1090 1827 αὐτῆς
1153 1756 1418 1823 Θεότητος
1440 1774 1453 1787 ’
1483 1758 1640 1829 είπερ
1686 1759 1762 1832 μὴ

180 1844 303 1896 κατ’
333 1842 503 1913 ἀλλην
549 1843 647 1914 μὲν
696 1844 905 1899 ἔννοιαν
931 1846 1022 1900 τὸν
1053 1846 1199 1911 Υἱὸν,
1232 1848 1355 1901 κατ’
1383 1848 1551 1918 ἄλλην
1586 1850 1642 1903 δὲ
1670 1852 1764 1904 τὸν

181 1936 400 2004 Πατέρα
416 1935 548 1990 Θεὸν
570 1936 850 2007 ὑπεκρίνω
872 1938 1292 2005 ἀποφαίνεσθαι*
1311 1940 1434 1994 οὐδὲ
1458 1942 1518 1995 τὸ
1538 1942 1763 2014 Πνεῦμα

177 2028 231 2081 δὲ
260 2027 539 2099 δηλονότι·
571 2030 604 2099 ἡ
648 2029 786 2098 αὐτὴ
838 2031 948 2101 γὰρ
983 2030 1049 2084 ἂν
1100 2031 1561 2106 παρακολουθήσῃ
1599 2035 1766 2087 κακό-

177 2135 315 2173 νοια.
353 2118 417 2171 Ei
452 2118 632 2173 τοίνυν
681 2120 912 2173 ἕκαστον
955 2121 1065 2173 τῶν
1119 2122 1308 2193 τριῶν,
1344 2123 1469 2177 καθ’
1499 2125 1659 2179 ἑαυτὸ
1685 2125 1764 2197 τῷ

177 2208 252 2279 νῷ
312 2209 749 2281 λαμϐανόμενον,
799 2211 894 2264 καὶ
953 2210 1110 2278 Θεὸς,
1168 2213 1262 2267 καὶ
1298 2214 1451 2279 Θεὸς,
1496 2216 1592 2270 καὶ
1629 2216 1763 2280 Θεὸς

176 2300 599 2373 ὀνομαζόμενον,
646 2304 859 2376 οὐδαμῆ
896 2304 1154 2375 οὐδαμῶς
1181 2306 1278 2377 τῆς
1315 2307 1764 2380 ἐνθεωρουμένης

177 2397 271 2450 καὶ
302 2397 437 2466 μιᾶς
472 2396 767 2469 ἀπετμήθη
798 2396 1069 2469 Θεότητος
1095 2416 1111 2431 ο
1151 2400 1379 2465 εἰκότως
1412 2401 1521 2473 ἄρα
1550 2403 1643 2455 καὶ
1666 2403 1763 2456 σὺν

177 2489 430 2561 ἀλλήλοις
468 2489 881 2561 λαμϐανόμενα,
911 2491 972 2545 οῦ
1003 2494 1152 2563 τρεῖς
1202 2493 1346 2559 Θεοδ,
1378 2493 1493 2549 ἀλλ’
1524 2497 1604 2559 είς
1636 2504 1665 2545 τι
1694 2496 1764 2549 τὰ

174 2582 301 2654 τρία
345 2582 477 2646 Θεὸς
520 2582 933 2655 δοξασθήσεται.
965 2583 1027 2637 Et
1071 2584 1171 2655 μὲν
1218 2585 1328 2657 γὰρ
1356 2585 1489 2649 Θεὸς
1521 2586 1761 2656 ἐλέγετο,

177 2676 298 2731 καθ’
348 2677 511 2731 ἑαυτὸ
563 2676 858 2748 νοούμενον
916 2677 1173 2743 ἕκαστον,
1206 2678 1282 2741 ὼς
1332 2681 1413 2741 είς
1476 2679 1614 2733 ἰδίαν
1670 2682 1763 2733 καὶ

177 2767 410 2837 ἔκφυλον
470 2768 717 2839 Θεότητα
759 2768 1122 2839 ἀναγόμενον,
1157 2769 1385 2832 εἰκότως
1412 2768 1499 2835 ἂν,
1532 2770 1630 2823 σὺν
1664 2770 1760 2824 ἀλ-

176 2860 382 2931 λήλοις,
429 2861 525 2914 καὶ
579 2863 730 2932 τρεῖς
769 2860 897 2914 Θεοὶ
947 2859 1317 2931 ὠνομάζοντο.
1371 2862 1433 2914 El
1461 2861 1539 2925 δὲ,
1567 2861 1643 2927 ὡς
1663 2865 1762 2933 τὴν

177 2955 350 3026 αὐτὴν
395 2956 670 3025 όμοτιμως
717 2954 813 3007 καὶ
867 2952 995 3024 μίαν
1044 2954 1289 3025 Θεότητα
1349 2956 1760 3025 συναγόμενον,

178 3046 309 3111 Θεὸς
357 3045 465 3101 τῶν
496 3045 663 3119 τριῶν
687 3046 937 3100 ἐκαλεῖτο
974 3046 1228 3100 ἕκαστονο
1254 3047 1339 3111 τίς
1364 3050 1391 3101 ό
1413 3048 1763 3119 βιαζόμενος,

177 3139 245 3196 τὰ
274 3138 505 3213 μηδαμῆ
543 3139 811 3211 μηδαμῶς
839 3140 937 3211 τῆς
964 3139 1412 3213 ὲνθεωρουμένης
1441 3142 1629 3206 αὐτοῖς
1662 3142 1764 3196 κα)⁵

181 3234 655 3305 ωμπληρωτικῆς
687 3234 1031 3305 διαιρεθέντα
1080 3234 1372 3305 θεότητος,
1403 3238 1558 3307 τρεῖς
1585 3236 1767 3304 λέγειν

180 3329 382 3396 Θεούς;
436 3329 637 3400 μᾶλλον
658 3329 737 3393 δὲ,
770 3328 888 3392 πῶς
935 3327 1035 3380 οῦκ
1074 3328 1289 3398 ἀνάγκη
1333 3329 1505 3390 πᾶσα,
1537 3328 1608 3381 τά
1640 3328 1767 3399 τρία

178 3420 360 3489 λέγειν
418 3420 515 3475 ἕνα
575 3420 744 3485 Θεὸν,
821 3419 1062 3490 οὐδαμοῦ
1108 3418 1477 3489 διαιρεθέντος
1556 3420 1768 3484 οὐδενὸς

183 3512 287 3567 τῶν
324 3514 496 3585 τριῶν
522 3514 623 3583 τῆς
671 3512 879 3577 ἐνιαίας
919 3513 1015 3567 καὶ
1049 3513 1300 3583 ἀτμήτου
1326 3514 1421 3567 καὶ
1450 3514 1764 3586 ἀδιαιρέτου

184 3605 450 3677 Θεότητος
474 3622 492 3669 ς

707 3785 1047 3840 ΕΡΩἸἩΣΙΣ
1098 3780 1228 3840 ΠΘ’.

181 3875 350 3936 Πόσα
388 3877 806 3958 amputa-opera
833 3879 1033 3959 Αέσςιν
1083 3877 1283 3959 εὑρεῖν
1325 3878 1396 3933 ἐν
1428 3876 1503 3949 τῇ
1543 3879 1759 3950 Γραφῇ

684 3952 795 4017 τῆς
825 3952 974 4003 Θεοῦ
997 3952 1240 4018 φωνῆςς

1878 377 2090 432 lectori.
2127 376 2208 432 Tu
2245 386 2431 431 autem
2465 378 2669 447 (neque
2697 377 2843 430 enim
2876 377 3050 431 habeo
3077 379 3225 446 quod
3258 379 3479 449 gravius

1876 465 2078 532 dicam)
2115 481 2217 536 pro
2245 466 2373 520 olim
2405 467 2610 535 Optime
2635 464 2821 519 relatis
2850 464 2905 518 in
2931 465 3167 529 litteras,
3205 482 3474 521 novorum

1878 552 2096 623 indigus
2151 553 2485 623 scriptorum
2534 567 2624 617 es,
2696 552 2789 622 qui
2842 552 2943 606 sibi
3001 554 3176 607 aliena
3229 562 3284 607 et
3334 555 3478 609 anti-
3578 622 3585 628 θ

1876 642 2071 712 quiora
2104 642 2483 712 appropriant.
2533 640 2757 709 Absque
2795 639 2903 694 illis
2936 652 3119 693 antem
3157 641 3392 696 breviter
3423 652 3477 696 et

1875 728 2185 799 perspicue,
2237 744 2361 783 cum
2400 727 2723 793 attentione,
2760 738 2818 780 nt
2861 728 3275 797 persuadearis,
3315 729 3473 792 audi,

1875 821 2021 891 quod
2053 819 2133 876 sic
2155 835 2215 874 se
2236 820 2429 873 habet:
2461 817 2675 873 Patrem
2702 819 2941 888 appellas
2997 818 3183 885 Deum,
3216 829 3475 874 utrumne

1875 911 2198 983 hypostasin
2250 911 2583 965 dillindendo
2622 920 2677 963 et
2726 910 3021 963 alienando
3071 911 3221 964 illum
3260 927 3287 962 a
3321 925 3471 963 com-

1883 1007 2060 1072 muni,
2096 1023 2218 1078 quaa
2249 1008 2352 1078 ipsi
2390 1008 2552 1071 inest,
2595 1006 2820 1073 deitate,
2858 1024 3037 1061 annon
3074 1006 3242 1060 audes
3273 1003 3473 1058 eﬂ‘ari?

1874 1095 1981 1151 hoc
2012 1097 2156 1151 enim
2219 1098 2384 1152 modo
2447 1098 2721 1151 honorare
2756 1109 2810 1151 et
2841 1097 3125 1151 nominare
3159 1096 3326 1150 Deum
3363 1095 3467 1149 Pa-

1874 1197 2012 1244 trem
2072 1190 2300 1245 extremi
2351 1190 2575 1244 convitii
2625 1191 2945 1262 gravitatem
2998 1190 3470 1253 excederet;abs-

1881 1284 2210 1339 tractionem
2293 1284 2445 1339 enim
2513 1284 2809 1354 quamdam
2917 1293 2972 1338 et
3034 1283 3467 1338 excrescuntiam

1874 1375 2196 1447 imaginaris
2252 1378 2437 1433 totalis
2505 1386 2561 1432 et
2612 1375 3166 1447 supersuhstantialis
3214 1375 3464 1440 Deitatis,

1872 1485 1903 1524 a
1938 1485 2043 1539 qua
2081 1469 2262 1525 omnis
2307 1470 2489 1524 divina
2529 1470 2678 1535 unio,
2737 1469 3056 1539 conjunctio
3107 1478 3159 1523 et
3194 1468 3458 1532 colimsio,

1873 1563 2039 1618 etiam
2090 1563 2196 1619 illis
2240 1563 2383 1619 inest
2429 1580 2669 1634 quorum
2723 1562 2966 1620 essentia
3022 1562 3075 1615 in
3120 1560 3388 1615 divisione
3414 1568 3469 1614 et

1800 1636 1842 1691 Β
1866 1656 2017 1712 ﬂuxu
2049 1655 2494 1712 consistit.Vides
2527 1666 2585 1711 ut
2618 1665 2766 1711 recte
2808 1656 2950 1726 apud
2975 1656 3220 1708 animum
3253 1662 3465 1707 statuas

1863 1759 1919 1805 et
1951 1748 2258 1819 proﬁtearis
2288 1747 2456 1803 Deum
2483 1747 2719 1803 Patrem.
2742 1747 3006 1813 Quocirca
3035 1761 3132 1800 nec
3150 1760 3272 1800 cum
3299 1743 3463 1797 Deum

1868 1840 2023 1895 dicas
2047 1839 2271 1905 Filium,
2303 1841 2372 1894 ab
2396 1841 2582 1894 eadem
2604 1840 2884 1910 separabis
2918 1839 3144 1904 Deitate,
3177 1837 3280 1891 nisi
3328 1835 3468 1891 forte

1865 1948 1977 1988 uno
2001 1932 2335 2002 intelligendi
2375 1932 2536 1987 modo
2562 1931 2783 1994 Filium,
2805 1932 2912 1986 alio
2940 1931 3153 1985 Patrem
3176 1930 3467 2001 perhiben-

1864 2029 1993 2084 dum
2020 2028 2252 2093 sentias;
2280 2025 2373 2081 scd
2407 2042 2505 2081 nec
2529 2042 2651 2082 cnm
2673 2024 2934 2095 Spiritum
2960 2034 3206 2079 sanctum
3228 2040 3245 2087 ;
3270 2025 3461 2077 eadem

1863 2120 2010 2175 enim
2045 2129 2307 2189 sequetur
2356 2120 2521 2189 impia
2562 2119 2939 2189 intelligentia.
3006 2116 3288 2188 Siquidem
3329 2128 3462 2187 ergo

1866 2214 2063 2267 horum
2114 2214 2277 2267 trium
2322 2213 2556 2283 quilibet
2617 2214 2914 2283 separatim
2971 2222 3025 2267 et
3075 2228 3173 2282 per
3221 2227 3279 2266 se.
3306 2227 3461 2266 com-

1865 2307 2172 2376 prehensus
2217 2307 2403 2361 animo
2431 2317 2485 2362 et
2528 2307 2690 2372 Deus,
2719 2306 2884 2373 Deus,
2924 2307 3087 2371 Deus,
3129 2306 3234 2359 erit
3261 2307 3460 2369 dictus,

1865 2400 2183 2455 nullatenus
2211 2400 2507 2470 aliquando
2560 2400 2629 2454 ab
2660 2400 2822 2454 unica
2884 2408 2939 2454 et
2984 2406 3164 2453 tuente
3204 2398 3460 2453 conside-

1864 2504 1982 2547 rata
2045 2490 2255 2546 Deitate
2289 2492 2665 2559 abscinditur;
2732 2502 2881 2547 certe
2927 2507 3027 2545 nec
3082 2491 3310 2560 injuria,
3370 2491 3462 2546 ubi

1863 2587 2203 2658 conjunctim
2244 2586 2634 2656 praedicantur,
2667 2600 2774 2639 non
2809 2594 2919 2639 tres
2952 2584 3060 2650 Dii,
3094 2583 3188 2638 sed
3219 2594 3279 2638 ut
3315 2601 3461 2640 unus

1866 2676 2029 2736 Deus.
2081 2685 2194 2731 tres
2244 2675 2321 2729 illi
2368 2674 2844 2744 gloriﬁcabuntur.
2906 2672 2962 2728 Si
3013 2674 3209 2728 horum
3259 2674 3462 2744 singuli

1865 2771 2158 2839 separatim
2206 2768 2423 2839 prolati,
2459 2768 2601 2821 Deus
2637 2768 2934 2832 diceretur,
2964 2768 3131 2822 veluti
3169 2768 3221 2821 in
3256 2782 3458 2837 appro—
3560 2790 3563 2793 ·

1869 2862 2099 2932 priatam
2150 2860 2412 2916 Deitatcm
2452 2868 2506 2914 et
2540 2860 2906 2929 alienigenam
2945 2860 3189 2924 abducti,
3228 2859 3459 2914 omnino

1868 2963 2016 3010 certe
2070 2953 2213 3007 inter
2259 2968 2317 3007 se
2365 2964 2475 3006 tres
2526 2952 2605 3005 Dii
2654 2952 2986 3005 dicerentur.
3040 2951 3137 3005 Sin
3187 2961 3368 3005 autem
3404 2951 3457 3004 in

1820 3038 1832 3055 ⁸
1870 3058 2035 3097 unam
2069 3052 2123 3096 et
2173 3041 2381 3094 honore
2411 3040 2673 3109 :eqnalem
2722 3038 2990 3094 Deitatem
3024 3039 3269 3103 adducti,
3313 3037 3458 3093 Dens

1871 3139 2036 3192 trimn
2066 3136 2295 3207 quilibet
2337 3146 2607 3200 vocetur;
2659 3134 2849 3203 ecquis
2895 3142 2999 3199 est,
3050 3133 3142 3201 qui
3191 3140 3349 3201 coget
3393 3147 3457 3185 ea

1868 3246 1992 3299 qua:
2021 3228 2172 3281 nullo
2205 3227 2368 3281 modo
2398 3227 2600 3281 alicubi
2635 3225 2879 3294 separari
2915 3234 3143 3294 possunt
3186 3238 3215 3276 a
3249 3222 3461 3277 Deitnle

1870 3318 2084 3373 interne
2112 3316 2483 3380 considerata,
2537 3325 2589 3371 ct
2630 3315 2889 3368 omnibus
2925 3314 3040 3368 suis
3072 3314 3319 3367 numeris
3352 3313 3457 3365 ah-

1869 3404 2071 3469 soluta,
2136 3413 2247 3459 tres
2302 3401 2443 3458 Dens
2503 3402 2837 3456 nmninare?
2885 3400 3006 3455 Jam
3061 3416 3189 3455 vero
3228 3399 3458 3455 omnino

1870 3507 2093 3547 necesse
2118 3493 2242 3556 erit,
2276 3491 2411 3546 Tres
2447 3490 2629 3545 dicere
2666 3505 2835 3543 unum
2869 3488 3060 3552 Deum,
3114 3504 3237 3543 eum
3274 3489 3455 3542 nullu-

1871 3592 2028 3636 tenus
2058 3580 2259 3650 aliquis
2292 3596 2322 3633 e
2351 3579 2525 3633 tribus
2557 3578 2856 3643 dividatur,
2912 3578 2995 3631 vel
3046 3578 3315 3631 alienctur
3348 3592 3455 3631 una

1870 3667 2105 3723 indivisa
2133 3678 2186 3724 et
2217 3668 2498 3723 insecabili
2531 3667 2757 3721 Deitate.

1877 3780 2205 3850 QUIESTIO
2228 3780 2495 3836 LXXXIX
2519 3777 2980 3853 [Coisl.CCL.\'X,
3018 3775 3461 3849 TaurgCCLXl].

1870 3877 2009 3945 Quot
2034 3878 2448 3948 signiﬁcationes
2472 3878 2614 3931 vocis
2641 3876 2870 3980 Densgin
2897 3875 3193 3945 Scripturis
3236 3874 3461 3943 reperiri

2573 3957 2787 3980 ann-run!

2572 3957 2806 4016 possunt:

668 4063 811 4117 Edita
854 4079 881 4115 a
921 4065 1239 4127 MontaCutio,
1274 4079 1355 4127 ep.
1389 4066 1499 4127 162,
1527 4065 1595 4116 ad
1618 4065 1855 4131 Amphil.,
1880 4080 1931 4129 p.
1954 4066 2180 4117 215-216.
2204 4068 2285 4118 De‘
2308 4064 2673 4131 signiﬁcatione
2700 4065 2912 4117 nominis
2942 4064 3057 4118 Dei.

244 4182 317 4231 α’.
345 4174 489 4245 Τρία
545 4176 927 4245 σημαινόμενα
972 4172 1090 4238 τοῦ,
1130 4173 1284 4239 Θεὸς,
1329 4175 1617 4246 ὀνόματος,
1655 4177 1756 4230 ὅσα

176 4283 239 4334 γε
262 4268 342 4332 είς
380 4267 601 4339 μνήμην
667 4266 809 4319 κατά
836 4265 992 4330 δόξαν
1024 4260 1139 4319 οἶδα
1174 4266 1277 4336 τῆς
1305 4266 1456 4331 θείας
1489 4268 1716 4339 Γραφῆς
1742 4283 1757 4297 ο

178 4360 234 4413 ἓν
260 4362 360 4431 μὲν
389 4360 451 4413 τὸ
478 4361 683 4431 κυρίως
729 4359 823 4412 καὶ
872 4359 1101 4429 πρώτως
1124 4361 1253 4423 ,"Ov,
1286 4354 1347 4415 οῦ
1402 4363 1460 4413 ὲν
1495 4363 1560 4432 τῇ
1611 4361 1760 4432 χειρὶ¹

1937 4178 1990 4233 1.
2021 4176 2271 4232 Nominis
2299 4177 2389 4232 Dei
2415 4179 2514 4232 tria
2545 4184 2676 4233 sunt
2705 4176 3036 4247 signiﬁcata,
3065 4183 3331 4245 quantum
3365 4189 3456 4229 re-

1863 4269 2347 4340 cordaripossum,
2380 4269 2538 4339 juxta
2594 4270 2890 4339 Scriptura:
2943 4284 3211 4324 sensum:
3256 4282 3452 4331 unum,

1864 4362 2009 4432 quod
2052 4363 2133 4418 sit.
2171 4363 2389 4433 proprie
2437 4372 2493 4417 et
2541 4364 2805 4433 primario
2838 4362 2970 4428 Ens,
3006 4363 3167 4431 cujus
3195 4362 3249 4415 in
3285 4376 3451 4414 mann

179 4453 380 4515 πάντα,
436 4453 529 4506 καὶ
554 4453 613 4516 ὃς
645 4452 903 4507 ἁπάντων
954 4450 1205 4515 δεσπόζει
1226 4468 1239 4482 ο
1313 4470 1331 4503 t
1356 4452 1437 4506 Τὰ
1463 4452 1573 4524 γὰρ
1612 4453 1758 4523 σύμε-

1872 4455 2050 4510 omnia
2081 4464 2240 4518 sunt,
2299 4466 2353 4511 et
2390 4456 2481 4526 qui
2518 4457 2774 4511 omnibus
2806 4457 3159 4511 dominatur:
3198 4473 3216 4505 ι
3252 4454 3455 4509 Omnia

180 4564 357 4600 παντα
396 4546 557 4600 δοῦλα
590 4546 677 4599 σά.
708 4564 727 4598 ι

247 4634 312 4703 β’.
340 4637 584 4706 Δευτέρᾳ
608 4635 665 4687 δὲ
685 4633 860 4699 τάξει,
915 4633 1013 4689 καὶ
1050 4632 1271 4705 μεθέξει
1301 4633 1402 4704 τῆς
1424 4631 1651 4704 πρώτης
1674 4634 1761 4687 αἰ-

177 4727 316 4792 τίας,
378 4726 576 4795 λέγοιτ’
607 4725 674 4779 ἂν
729 4727 824 4780 καὶ
866 4726 973 4779 τῶν
1005 4725 1312 4798 ἀνθρώπων
1354 4727 1561 4791 ἐκεῖνος
1611 4728 1755 4792 θεὸς,

176 4818 253 4884 ὃς,
287 4821 376 4889 ἐφ’
401 4821 526 4874 ὅσον
594 4822 711 4873 ἐστὶ
768 4820 1019 4874 δυνατὸν⁹
1056 4822 1291 4892 γεννητῇ
1337 4820 1523 4889 φύσει,
1554 4822 1634 4883 είς
1667 4821 1759 4891 μί-

180 4931 346 4984 μησιν
397 4913 614 4975 ἑαυτὸν,
665 4913 877 4985 ἀρετῶν
928 4913 1183 4981 ἀσκήσει,
1238 4912 1557 4965 διαπλάττοι
1593 4912 1757 4968 Θεοῦ.

178 5007 287 5060 Καὶ
342 5005 475 5078 γὰρ.
526 5005 719 5079 ῶσπερ
774 5007 982 5076 κυρίως
1030 5005 1131 5074 μέν
1169 5006 1317 5058 ὲστιν
1350 5005 1758 5075 ἁγαθὸνήθεία

178 5099 270 5152 καὶ
316 5102 629 5170 πανουργὸς
677 5099 873 5169 φύσις·
934 5100 1075 5152 κατὰ
1125 5098 1343 5169 μέθεξιν
1388 5097 1467 5163 δὲ,
1513 5097 1611 5150 καὶ
1650 5095 1759 5149 τῶν

176 5188 484 5265 ἀνθρώπων
520 5232 538 5259 ,
596 5193 712 5246 ὅσοι
787 5190 1147 5263 διακαθάρσει
1208 5190 1325 5262 βίου
1388 5189 1487 5261 τῆς
1547 5189 1761 5243 ἐκεῖθεν

248 5351 372 5385 ’Μ’
400 5349 545 5407 Psal.
597 5367 782 5419 cxvnt,
819 5352 921 5425 ξιη.

1864 4547 2009 4602 enim
2037 4548 2285 4603 serviunt
2315 4548 2413 4603 tibi
2443 4548 2587 4603 '9'”.
2617 4569 2635 4600 ι

1932 4640 1984 4694 2.
2016 4638 2221 4695 Ordine
2248 4642 2490 4695 secundo
2510 4651 2564 4696 et
2584 4642 2809 4696 relative
2843 4641 2909 4695 ad
2941 4656 3161 4696 causam
3190 4640 3457 4711 primam,

1861 4732 2074 4787 dicetur
2115 4733 2400 4787 hominum
2442 4732 2584 4788 Dens
2621 4734 2731 4799 ille,
2757 4737 2851 4803 qui
2886 4736 2939 4788 in
2972 4744 3238 4804 quantum
3272 4732 3457 4802 possis

1860 4822 1970 4878 bile
1998 4832 2087 4879 est
2107 4836 2317 4879 natura:
2348 4835 2546 4880 creata:
2570 4867 2584 4887 ,
2635 4842 2694 4881 se
2726 4842 2822 4897 per
2853 4827 3072 4881 virtutis
3119 4826 3458 4880 exercitium

1860 4916 1928 4971 ad
1958 4916 2322 4972 imitationem
2354 4917 2447 4972 Dei
2474 4918 2808 4974 conformat.
2844 4919 3058 4974 Etenim
3086 4921 3448 4990 quemadmo-

1865 5005 1996 5058 dum
2052 5006 2429 5075 principaliter
2470 5007 2675 5061 honum
2726 5017 2811 5063 est
2862 5018 3061 5062 natura
3115 5009 3206 5062 illa
3257 5008 3455 5063 divina

1864 5100 2114 5155 omnium
2174 5116 2358 5155 rerum
2418 5101 2699 5167 creatrix,
2801 5117 2900 5173 per
2966 5102 3449 5173 participationem

1874 5204 2006 5244 vero
2064 5201 2118 5247 et
2182 5191 2260 5247 illi
2319 5192 2595 5260 homines,
2650 5192 2746 5267 qui
2802 5195 2871 5251 de
2932 5195 3042 5250 vita
3092 5192 3456 5251 mundiﬁcata.

1474 5467 1555 5522 VA
1569 5468 1705 5525 ΠΙᾹΞ
1752 5467 2157 5529 ιειςτιοΝΕδ.

285 5657 313 5699 ιι
339 5645 595 5706 Mcndosc
619 5664 718 5721 pro
739 5644 840 5715 εἷς.
871 5649 932 5706 C.
962 5648 1103 5707 Men.
1143 5644 1225 5716 εἷς
1260 5650 1390 5716 Θεὸς
1427 5656 1493 5705 τὰ
1522 5652 1668 5721 τρία.
