3778 6328
352 235 460 302 5E3

1526 234 1790 296 morm
1819 236 2322 326 PATRIARCI-UE
2349 237 2458 300 cr.

3493 241 3595 306 564

352 359 634 416 radiorum
687 355 813 411 inde
859 352 1232 410 emanantium
1284 349 1497 425 fulgore
1540 353 1923 407 illustrantur:

2041 350 2253 414 ἀκτῖνος
2279 349 2692 422 ἐνηυγάσθησαν
2729 351 2830 415 τὰς
2878 354 3258 424 μαρμαρυγὰς
3279 361 3326 419 ι’,
3356 353 3486 408 οὕτω
3508 347 3598 409 καὶ

354 453 432 507 ita
481 459 535 505 et
566 450 706 503 Deus
762 463 871 501 non
927 454 1136 499 tantum
1168 453 1254 499 est
1277 445 1364 498 illa
1406 455 1620 507 natura,
1653 459 1771 513 qua:
1799 459 1934 497 cun-

357 545 463 599 etis
493 543 831 603 dominatur,
866 548 918 595 et
961 553 1057 608 pro
1095 545 1366 608 potestate
1428 538 1696 608 imperat;
1751 537 1845 592 sed
1879 545 1934 591 et

358 636 611 690 homines
655 633 842 687 videre
893 642 945 684 et
981 631 1139 684 istius
1191 630 1575 700 appellationis
1607 629 1925 699 participes.

361 728 512 782 Sethi
548 725 692 779 enim
724 724 866 778 ﬁlius
897 722 1041 777 Enos
1069 721 1234 790 hujus
1265 721 1505 776 nominis
1535 720 1751 775 titulum
1783 735 1933 774 assc-

356 828 518 877 entus
547 828 630 872 est
663 836 676 871 :
709 818 792 870 vir
826 817 895 870 ob
927 825 1271 885 potestatem,
1325 823 1380 869 et
1403 814 1472 868 oh
1499 829 1714 867 morum
1741 813 1931 883 probi-

359 923 521 966 tatem
553 912 876 968 honoratus.
924 925 1020 978 per
1050 909 1171 960 illos
1217 906 1311 976 qui
1343 915 1475 960 tunc
1501 906 1776 968 vivebant,
1835 904 1930 960 Dei

358 1002 598 1056 nominis
635 999 1047 1070 appellatione;
1082 1014 1112 1052 a
1138 1011 1248 1067 quo
1302 995 1501 1066 posteri
1547 1011 1739 1050 omnes
1771 995 1844 1049 dii
1879 1003 1931 1047 et

355 1094 582 1148 deorum
610 1093 702 1146 ﬁlii
732 1092 1072 1152 dicebantur,
1126 1099 1185 1142 ut
1213 1088 1414 1142 alicubi
1447 1089 1677 1143 habetur
1707 1103 1722 1141 :
1784 1106 1803 1138 ι
1837 1085 1931 1141 Vi-

354 1187 544 1240 dentes
594 1198 774 1238 autem
836 1183 928 1238 ﬁlii
983 1182 1072 1235 Dei
1107 1182 1242 1235 tilias
1273 1180 1584 1242 hominum,
1617 1180 1762 1250 quod
1803 1180 1926 1250 pul-

355 1278 502 1332 chrae
526 1286 727 1339 essent,
761 1283 1173 1342 assumpsernnt
1205 1286 1404 1326 uxores
1430 1271 1534 1325 sibi
1569 1271 1639 1325 ab
1671 1272 1929 1326 omnibus

354 1380 492 1434 quas
519 1365 862 1432 elegerant‘.
905 1382 923 1413 ι
972 1361 1138 1416 Filios
1200 1359 1291 1414 Dei
1341 1376 1436 1416 eos
1486 1361 1694 1415 scilicet
1752 1371 1924 1427 vorat,

355 1458 447 1526 qui
497 1457 565 1510 de
618 1455 763 1511 Eoos
808 1457 1283 1526 propagahantur;
1334 1454 1427 1523 qui
1485 1469 1581 1523 per
1629 1455 1925 1508 coitionem

353 1564 477 1602 cum
539 1549 773 1617 posteris
821 1549 954 1602 (Zain
1023 1565 1195 1619 genus
1241 1547 1641 1613 adulterabant,
1701 1555 1756 1602 et
1800 1563 1925 1602 cum

355 1642 463 1696 illis
523 1643 576 1695 in
641 1643 974 1711 impietatem
1047 1651 1102 1694 et
1147 1639 1552 1709 improbitatem
1599 1639 1926 1695 commisce-

2035 442 2189 509 Θεὸς,
2215 444 2275 496 οὑ
2307 443 2468 513 μόνον
2495 445 2528 514 ή
2561 443 2784 497 πάντων
2839 444 3180 508 δεσπόζουσα
3233 446 3327 499 xui
3349 447 3598 512 κατεξου-

2036 533 2296 598 σιάζουσα
2360 535 2543 603 φύσις,
2595 533 2730 588 ἀλλὰ
2779 537 2875 589 xui
2926 537 3052 598 τοὺς
3090 535 3408 605 ἀνθρώπους
3439 537 3588 592 ἔστιν

2037 626 2164 679 ἰδεῖν
2193 624 2396 696 ταύτης
2441 624 2778 695 ἠξιωμένους
2821 625 2924 694 τῆς
2955 625 3274 694 ὀνομασίας.
3307 626 3514 694 Πρῶτος
3542 627 3597 678 δὲ

2032 718 2132 785 τῆς
2178 716 2427 788 κλήσεως
2453 716 2712 787 τυγχάνει
2739 717 2768 768 ό
2789 716 2882 769 τοῦ
2927 717 3034 786 Σὴθ
3064 720 3195 780 παῖς
3233 716 3396 778 Ἐνώς
3443 718 3598 786 ἀνὴρ,

2032 807 2096 861 δι’
2123 807 2407 860 εὐσέϐειαν
2440 808 2533 860 καὶ
2561 807 2908 877 χρηστότητα
2936 807 3176 877 τρόπων,
3211 807 3316 860 ὑπὸ
3344 807 3446 859 τῶν
3479 807 3596 859 τότε

2032 899 2354 970 ἀνθρώπων,
2387 902 2455 970 τῇ
2482 899 2575 952 τοῦ
2605 898 2752 952 Θεξου
2799 900 2988 970 κλήσει
3028 900 3396 968 τετιμημένος
3421 915 3434 928 ·
3459 900 3515 966 ἐξ
3540 893 3598 954 οῦ

2033 991 2213 1045 καὶτὸ
2243 991 2400 1060 γένος
2458 989 2605 1043 ἅπαν
2654 990 2766 1043 Θεοί
2818 1008 2876 1044 τε
2929 991 3025 1043 καὶ
3058 991 3198 1043 Θεῶν
3239 991 3423 1052 παῖδες
3473 991 3602 1044 ὠνο-

2035 1083 2324 1154 μάσθησαν
2346 1086 2416 1147 τ’,
2451 1081 2595 1135 καθὰ
2613 1082 2714 1135 πού
2734 1100 2920 1152 φησιν,
2940 1101 2958 1134 ‹
2982 1083 3206 1144 Ἰδόντες
3233 1082 3290 1135 δὲ
3309 1083 3357 1134 οἱ
3383 1083 3483 1135 υἱοὶ
3508 1081 3597 1134 τοῦ

2031 1175 2166 1229 Θεοῦ
2247 1175 2345 1238 τὰς
2402 1177 2713 1247 θυγατέρας
2764 1175 2873 1228 τῶν
2940 1173 3272 1246 ἀνθρώπων,
3322 1175 3400 1227 ὅτι
3447 1175 3600 1227 καλαί

2032 1269 2203 1330 εἰσιν,
2251 1266 2444 1320 ἔλαϐον
2495 1270 2710 1330 ἑαυτοῖς
2758 1269 3025 1335 γυναῖκας
3054 1306 3069 1330 ,
3121 1265 3232 1317 ἀπὸ
3293 1265 3476 1316 πασῶν
3530 1259 3602 1316 ὧν

2031 1355 2358 1422 ἐξελέξαντο.
2387 1376 2405 1408 ι
2457 1358 2623 1420 Υξοὺς
2676 1356 2783 1427 γὰρ
2807 1356 2940 1409 Θεοῦ
2968 1356 3213 1427 δηλονότι
3247 1356 3374 1416 τοῦς
3424 1356 3484 1406 ὲκ
3511 1354 3598 1406 τοῦ

2044 1449 2205 1512 Ἑνὼς
2236 1449 2450 1516 φύντας
2494 1447 2770 1501 ἐκάλεσεν·
2804 1448 2853 1499 οἳ
2877 1449 2994 1510 ταῖς
3014 1449 3077 1498 ἐκ
3099 1445 3192 1499 τοῦ
3226 1446 3364 1499 me;
3388 1444 3599 1515 ὡμιλη-

2031 1539 2205 1602 κότες,
2256 1541 2316 1592 τό
2353 1558 2410 1593 τε
2443 1539 2601 1606 γένος
2647 1536 2958 1600 ἐνὸϐευσαν,
2993 1537 3086 1588 xui
3117 1537 3198 1597 εἰς
3229 1534 3481 1587 ἀσέϐειαν
3513 1535 3602 1586 καὶ

2031 1627 2250 1693 κακίαν,
2308 1627 2773 1697 συναλξσΘησανσ.
2817 1626 2889 1678 Τὸ
2942 1625 3052 1695 γὰρ
3115 1625 3296 1693 λέγειν
3345 1625 3603 1692 ἀγγέλους

351 1732 572 1786 bantur.
630 1733 914 1785 Aﬁirmare
968 1732 1112 1785 enim
1167 1731 1312 1800 quod
1373 1729 1548 1800 angeli
1585 1729 1923 1799 incorporea:

2041 1717 2236 1781 πεσεῖν,
2266 1717 2368 1786 τὴν
2427 1714 2716 1784 ἀσώματον
2747 1713 2933 1783 φύσιν,
2965 1717 3045 1778 εἱς
3077 1714 3287 1785 ἔρωτας
3311 1715 3599 1780 γυναικῶν,

350 1823 602 1875 essentia:
637 1821 689 1874 in
721 1821 1008 1874 muliermn
1049 1835 1291 1874 amorem
1316 1819 1626 1884 inciderint,
1659 1828 1742 1874 est
1763 1836 1925 1875 exor-

353 1911 531 1970 bitare
571 1914 623 1967 in
654 1915 934 1968 l'abnlosas
976 1913 1239 1981 quasdam
1292 1911 1674 1980 cogitationes,
1728 1928 1828 1967 nec
1858 1913 1926 1969 ab

354 2009 503 2062 omni
575 2008 849 2076 impietate
914 1995 1170 2060 remotas;
1241 2005 1505 2070 Quocirca
1574 2004 1786 2059 deducti
1859 2006 1926 2060 ab

358 2099 524 2154 Enosi
567 2113 790 2167 genere,
844 2107 897 2150 et
947 2097 1035 2149 alii
1077 2096 1325 2164 quilibet,
1381 2097 1471 2164 qui
1507 2105 1566 2150 ut
1598 2098 1843 2152 moribus
1873 2108 1928 2150 et

357 2190 774 2245 conversatione
825 2189 932 2242 Deo
983 2189 1206 2257 propius
1253 2187 1602 2251 accederent,
1662 2187 1929 2242 dederunt

356 2299 574 2352 operam
619 2302 631 2336 :
663 2283 790 2351 quin
825 2282 1049 2336 ulterius
1095 2294 1142 2336 et
1177 2286 1509 2353 quicumque
1565 2284 1630 2336 ad
1663 2283 1927 2337 honorem

353 2376 633 2446 jnstorum
671 2375 940 2445 judieum,
991 2383 1089 2428 aut
1134 2377 1439 2444 principum
1477 2377 1796 2445 dignitatem
1829 2376 1929 2430 ad-

358 2465 734 2527 mittebantur,
762 2463 836 2516 illi
866 2478 1056 2517 omnes
1094 2464 1182 2517 Dei
1213 2466 1427 2520 titulum
1461 2468 1928 2535 assequebantur:

363 2573 383 2606 ι
419 2556 558 2609 Deus
605 2555 867 2618 deorum,
904 2557 1106 2625 inquit,
1162 2558 1375 2613 locutus
1407 2566 1489 2613 est
1519 2577 1531 2612 :
1567 2578 1585 2609 ι
1641 2567 1730 2624 et,
1768 2576 1786 2609 ι
1824 2558 1934 2626 Ego

357 2641 469 2696 dixi
501 2643 642 2711 quod
667 2644 740 2697 dii
776 2644 926 2707 estis,
978 2653 1032 2697 et
1078 2644 1168 2698 ﬁlii
1220 2645 1485 2700 Altissimi
1525 2661 1757 2702 omnes:
1797 2665 1816 2699 ι
1852 2655 1927 2711 et,

365 2733 538 2787 «Deus
559 2735 708 2790 stetit
735 2735 785 2787 in
816 2736 1235 2806 congregatione
1253 2737 1500 2804 deorum;
1516 2759 1533 2790 ι
1559 2748 1661 2800 et,t
1687 2740 1744 2792 In
1761 2739 1936 2795 medio

359 2825 500 2879 inter
527 2827 658 2880 deos
678 2826 1032 2895 disceptabit'
1062 2846 1074 2881 :
1106 2847 1125 2879 ι
1158 2836 1229 2893 et,
1263 2847 1281 2879 ι
1315 2828 1426 2883 Diis
1459 2845 1564 2883 non
1601 2830 1891 2886 maledices
1919 2870 1934 2894 ,

360 2931 459 2969 nec
496 2917 561 2969 de
601 2917 842 2986 principe
892 2918 1076 2986 populi
1106 2917 1178 2970 tui
1225 2918 1467 2988 improbe
1496 2919 1734 2987 loqueris
1767 2919 1808 2972 ⁸.
1847 2939 1864 2971 ι
1895 2920 1937 2974 E

359 3009 560 3076 quibus
618 3008 780 3063 dictis
810 3020 1056 3078 apparet,
1084 3011 1228 3080 quod
1261 3011 1392 3066 deos
1446 3013 1626 3066 divina
1657 3010 1938 3081 Scriptura

361 3100 579 3153 virtutis
641 3112 888 3156 amantes
939 3111 990 3154 et
1018 3101 1248 3170 jnstitiae
1277 3103 1628 3158 administros
1658 3113 1833 3158 vocat.

433 3194 486 3246 5.
526 3191 622 3247 Est
667 3203 724 3248 et
763 3194 982 3247 tertium
1032 3194 1098 3247 ad
1161 3195 1274 3248 lucc
1321 3196 1710 3261 signiﬁcatum,
1772 3196 1934 3250 modo

363 3287 598 3355 quodam
619 3302 741 3341 cum
769 3289 1011 3340 secundo
1039 3287 1416 3356 conjunctum,
1447 3297 1499 3341 ct
1530 3289 1936 3358 quodammodo

367 3378 532 3432 latius
601 3386 930 3446 separatum,
991 3377 1144 3448 juxta
1249 3379 1397 3447 quod
1475 3378 1654 3434 Moses
1737 3381 1938 3435 dicitur

372 3486 390 3517 ι
437 3466 737 3521 Pharaonis
775 3464 913 3520 Deus
942 3465 966 3497 ‘
995 3484 1007 3519 :
1042 3485 1060 3518 ι
1106 3471 1198 3536 qui
1231 3467 1445 3522 dicendi
1485 3469 1677 3524 modus
1709 3470 1777 3525 ab
1805 3486 1936 3525 ana-

365 3555 503 3623 logia
539 3555 785 3625 procedit
818 3574 831 3610 :
879 3571 1002 3609 nam
1037 3565 1094 3609 ut
1124 3554 1264 3610 Deus
1294 3557 1431 3612 dixit
1462 3556 1592 3612 Mosi
1628 3575 1640 3611 :
1675 3577 1693 3610 ι
1729 3559 1940 3630 Projice

365 3645 600 3714 virgam,
637 3646 690 3699 in
718 3647 1190 3703 conﬁrmationem
1220 3664 1408 3704 eorum
1441 3665 1564 3720 quae
1591 3651 1937 3707 mandaban-

369 3745 455 3788 tur
479 3755 492 3802 ;
518 3755 538 3788 ι
568 3737 647 3790 sic
675 3738 874 3792 Aaroni
905 3741 1085 3794 Moses
1114 3739 1401 3809 imperavit
1426 3741 1690 3810 projicere
1709 3741 1937 3810 virgam,

370 3837 428 3881 ut
456 3828 910 3884 conﬁrmarentur
944 3847 1063 3901 qua:
1114 3833 1352 3887 minatus
1407 3831 1586 3887 fuerat
1616 3848 1629 3885 :
1683 3841 1737 3888 et
1763 3832 1940 3886 Moses

369 3918 570 3972 divinis
604 3922 891 3990 praeceptis
917 3922 1178 3990 parebat;
1214 3921 1395 3975 Aaron
1428 3922 1700 3978 Mosaicas
1732 3925 1941 3993 jussio-

371 4026 465 4062 nes
531 4011 856 4080 adimpleth
912 4028 1103 4066 versus
1171 4011 1553 4077 Pharaonem,
1622 4015 1942 4085 ﬁagellando

370 4118 564 4174 nempe
600 4103 913 4174 ngyptum,
958 4114 1010 4160 et
1040 4107 1316 4176 prouhetze
1362 4120 1540 4177 partes
1570 4125 1696 4180 erga
1730 4109 1938 4172 Mosen,

371 4197 828 4263 qttemadmodum
913 4198 1004 4252 ille
1067 4217 1193 4268 ergt
1267 4203 1454 4255 Deum.
1501 4201 1772 4265 Quocirca
1833 4217 1940 4255 non

371 4288 618 4342 absolute
649 4287 786 4342 Deus
812 4289 1010 4345 dicitur
1063 4289 1260 4355 Moses,
1315 4292 1407 4347 sed
1449 4291 1747 4347 Pharaonis
1783 4293 1940 4348 Deus.

371 4377 566 4433 Omnia
612 4381 756 4435 cnim
814 4380 940 4436 fecit
980 4383 1032 4437 in
1078 4399 1202 4438 cum
1256 4396 1512 4452 tanquam
1561 4387 1629 4439 de
1679 4387 1932 4441 absoluta

2027 1808 2302 1860 πεσόντων
2332 1809 2502 1872 ἐστὶν,
2535 1808 2612 1869 ὡς
2639 1806 2876 1877 ἀληθῶς,
2909 1809 2989 1870 εἰς
3047 1806 3316 1876 μυθώδεις
3373 1807 3466 1859 xui
3487 1806 3602 1858 οὑδὲ

2027 1900 2466 1969 κεχωρισμένους
2519 1899 2613 1951 τοῦ
2644 1898 2866 1952 ἁσεὸεῖν
2929 1899 3243 1967 λογισμούς.
3281 1898 3372 1962 Ἐξ
3396 1898 3600 1950 ἐκείνου

2026 1989 2316 2060 τοιγαροῦν
2352 1992 2446 2044 τοῦ
2497 1993 2706 2058 γένους,
2777 1991 2873 2044 καὶ
2922 1990 3032 2043 τῶν
3067 1989 3245 2043 ἄλλων
3278 1987 3599 2055 ἀνθρώπων,

2027 2084 2141 2136 ὅσοι
2195 2085 2264 2137 δι’
2337 2084 2657 2156 ἐπιμελείας
2710 2085 2856 2155 ήΘῶν
2918 2083 2995 2153 τῷ
3048 2082 3166 2152 Θεῷ
3225 2082 3604 2151 προσεγγίζειν

2030 2176 2406 2246 ἐμελέτησαν·
2465 2179 2552 2230 ναὶ
2609 2179 2675 2247 δὴ
2727 2180 2822 2231 xui
2876 2178 3024 2240 ὅσοις
3084 2177 3166 2236 εἰς
3225 2161 3447 2243 ἀξίωμα
3499 2175 3604 2227 τῶν

2030 2266 2253 2319 δικαίων
2281 2266 2484 2338 κριτῶν
2514 2267 2753 2320 ἀνελθεῖν
2803 2267 2900 2322 xui.
2928 2266 3206 2337 ἀρχόντων
3241 2265 3394 2329 τάξιν
3422 2263 3605 2332 ἐξεγέ-

2031 2376 2172 2421 νετο,
2221 2354 2366 2412 οὗτοι
2403 2360 2606 2421 πάντες
2662 2360 2762 2430 τῆς
2792 2360 2944 2421 Θείας
2969 2360 3219 2429 κλήσεως
3245 2359 3602 2427 τετυχήκασιο

2039 2471 2058 2505 ι
2082 2451 2212 2515 Θεὸς
2237 2451 2364 2522 γὰρ,
2391 2451 2544 2520 φησι,
2567 2450 2704 2503 Θεῶν
2736 2451 2940 2522 Κύριος
2971 2451 3221 2520 ἐλάλησε·
3243 2470 3260 2500 ι
3288 2451 3404 2513 xui,
3430 2470 3448 2501 ι
3472 2449 3608 2518 Ἐγὼ

2034 2540 2184 2607 εἶπα,
2213 2543 2325 2596 Θεοί
2359 2545 2502 2608 ἐστε,
2538 2543 2632 2596 xui
2666 2544 3041 2614 υίο¹ιὙψίστου
3070 2546 3292 2609 πάντεςο
3318 2566 3336 2598 ι
3368 2547 3483 2607 xui,
3514 2564 3532 2595 ι
3557 2548 3611 2596 ’0

2034 2637 2166 2700 Θεὸς
2186 2637 2314 2707 ἔστη
2346 2638 2402 2691 ὲν
2445 2640 2734 2708 συναγωγῇ
2785 2637 2922 2690 Θεῶν
2948 2654 2962 2667 ⁸
2991 2657 3008 2690 ι
3041 2639 3156 2706 xui,
3191 2659 3210 2690 ι
3250 2641 3338 2693 Ἐν
3377 2640 3528 2709 μέσῳ
3559 2639 3611 2691 δὲ

2037 2729 2193 2792 Θεοὺς
2233 2730 2536 2799 διακρινεῖ·
2565 2750 2583 2782 ι
2655 2731 2772 2797 xui,
2813 2750 2832 2782 ι
2857 2731 3023 2794 Θεοῦς
3077 2732 3140 2784 οὑ
3199 2733 3610 2802 κακολογήσεις,

2038 2823 2130 2875 xui
2161 2822 2398 2893 ἄρχοντα
2446 2823 2537 2877 τοῦ
2561 2823 2691 2878 λαοῦ
2748 2842 2842 2877 σου
2872 2826 2970 2877 οὑκ
3009 2826 3157 2895 ἐρεῖς
3195 2826 3406 2887 κακῶς.
3445 2827 3615 2896 Δῆλον

2039 2914 2148 2986 γὰρ
2171 2917 2234 2968 ἐκ
2273 2914 2383 2968 τῶν
2425 2915 2753 2988 εἰρημένων,
2815 2918 2898 2970 ὅτι
2949 2916 3106 2980 Θεοὺς
3156 2918 3190 2988 ἠ
3251 2917 3372 2970 Θεία
3418 2916 3616 2989 Γραφὴ

2045 3009 2172 3070 τούς
2198 3025 2258 3062 τε
2282 3009 2383 3079 τῆς
2408 3010 2610 3081 ἀρετῆς
2636 3008 2842 3079 φίλους,
2872 3009 2966 3064 xui
2993 3010 3118 3072 τοὺς
3148 3009 3246 3079 τῆς
3276 3007 3434 3078 δίκης
3461 3009 3619 3062 καλεῖ

1969 3103 2011 3158 C
2047 3103 2345 3174 ὑπηρέτας.

2105 3202 2176 3264 γ’.
2205 3197 2361 3249 Ἔστι
2393 3195 2449 3248 δὲ
2478 3195 2570 3248 xui
2593 3192 2797 3262 τρίτον,
2815 3194 2966 3266 παρᾶ
2990 3194 3185 3256 ταῦτα,
3214 3195 3622 3266 σημαινόμενον

2036 3286 2222 3358 τρόπῳ
2275 3288 2375 3358 μέν
2417 3303 2524 3341 τινι
2583 3287 3029 3357 συναπτόμενον,
3089 3286 3279 3357 τρόπῳ
3310 3286 3366 3338 δὲ
3414 3285 3622 3338 πλείονι

2036 3377 2410 3449 διαιρούμενον
2465 3379 2750 3449 δευτέρου·
2785 3380 2906 3432 καθ’
2929 3379 2956 3431 ὃ
2981 3379 3182 3432 δίδοται
3228 3378 3435 3446 Μωσῆς
3502 3377 3624 3439 Θεὸς

2038 3463 2178 3522 εἶναι
2225 3468 2446 3539 Φαραώ.
2484 3469 2583 3538 Εἴη
2612 3469 2659 3523 δ’
2692 3471 2756 3523 ἂν
2783 3473 2811 3524 6
2843 3471 3046 3541 τρόπος
3104 3466 3278 3533 οὗτος,
3319 3470 3420 3540 τῆς
3446 3487 3622 3541 προσε-

2037 3559 2287 3630 ηγορίας,
2322 3560 2381 3624 ἐξ
2413 3560 2702 3629 ἀναλογίας
2754 3561 3105 3632 εἰλημμένος.
3133 3561 3246 3614 Καὶ
3270 3562 3403 3632 γὰρ,
3432 3562 3624 3632 ὥσπερ

2039 3653 2171 3715 Θεὸς
2215 3650 2550 3722 ἐχρημάτιζε
2613 3654 2808 3723 Μωσῇ,
2837 3673 2855 3705 ι
2888 3653 3068 3722 Ῥίψαι
3122 3654 3222 3714 τὴν
3259 3654 3480 3723 ῥάϐδον,
3550 3657 3626 3718 εἰς

2041 3743 2303 3796 πῖστωσιν
2332 3745 2438 3797 τῶν
2467 3744 2916 3813 ἐπηγγελμένων·
2955 3763 2973 3795 ι
3011 3742 3152 3796 οὕτω
3172 3743 3379 3812 Μωσῆς
3408 3743 3625 3813 Ἀαρὼν

2041 3834 2293 3887 ἐκέλευσε
2345 3835 2561 3905 ῥίπτειν
2617 3834 2716 3906 τὴν
2793 3835 2987 3904 ῥάϐδον
3021 3872 3036 3897 ,
3087 3835 3167 3896 εἰς
3227 3833 3458 3887 ἔκϐασιν
3514 3834 3622 3887 τῶν

2042 3927 2466 3998 ἀπειλουμένων.
2520 3930 2628 3981 Καὶ
2677 3929 2881 3997 Μωσῆς
2935 3927 3032 3997 μὲν
3065 3927 3394 3996 ὑπηρετεῖτο
3451 3945 3626 3998 προσ-

2042 4021 2286 4091 τάγμασι
2339 4020 2510 4074 Θεοῦ·
2554 4019 2764 4090 Ἀαρὼν
2793 4020 2848 4071 δὲ
2879 4019 3121 4081 Μωσέως
3176 4016 3488 4089 ἐξεπλήρου
3529 4020 3625 4082 τὰς

2045 4112 2266 4176 ἐντολὰς
2312 4115 2391 4176 εἰς
2439 4111 2658 4182 Φαραὼ,
2707 4111 2983 4182 μαστίζων
3035 4115 3135 4181 τὴν
3199 4111 3502 4178 Αἴγυπτον,
3539 4111 3629 4164 xui

2045 4205 2332 4274 προφήτης
2376 4207 2393 4240 ί
2435 4203 2720 4273 γινόμενος
2778 4203 3066 4272 τάδελφοῦ,
3136 4203 3193 4256 ὃν
3243 4203 3455 4265 ἐκεῖνος
3511 4203 3633 4273 τρό-

2048 4313 2147 4348 πον
2175 4296 2382 4363 ὲγίνετο
2411 4295 2503 4347 τοῦ
2537 4294 2693 4347 Θεοῦ.
2725 4292 2804 4346 Δι’
2830 4294 2857 4346 ὃ
2882 4295 3003 4348 οὑδὲ
3036 4295 3155 4358 Θεὸς
3182 4294 3386 4364 Μωσῆς
3418 4295 3630 4358 ἁπλῶς,

2049 4389 2186 4442 ἀλλὰ
2224 4389 2357 4455 θεὸς
2415 4390 2641 4456 είπηται
2694 4385 2924 4454 Φαραώ.
2981 4387 3165 4441 Πάντα
3203 4389 3312 4456 γὰρ
3358 4386 3633 4458 ἔπραττεν

373 4481 656 4538 potestate,
725 4474 1140 4530 administrante
1196 4477 1242 4530 ei
1298 4477 1534 4531 Araone.
1599 4477 1703 4531 Sed
1771 4477 1923 4543 hujus

2041 4481 2118 4540 εἰς
2139 4479 2319 4544 αὑτὸν,
2359 4478 2547 4547 ὥσπερ
2581 4475 2915 4547 αὑτεξηυσίῳ
2950 4479 3143 4548 κράτει
3179 4478 3631 4548 ὑπηρετουμένου

373 4563 756 4630 appvllationis
809 4567 1003 4621 modus
1059 4569 1329 4637 particeps
1375 4577 1459 4623 est
1504 4570 1628 4640 ejus
1676 4573 1767 4642 qui
1817 4585 1945 4628 ante

378 4651 477 4707 luit
499 4673 511 4711 :
534 4657 745 4724 etquod
767 4659 832 4712 de
853 4659 1068 4713 homine
1089 4673 1402 4730 usurpatur,
1424 4663 1638 4730 etquod
1661 4664 1726 4718 de
1749 4664 1946 4719 virtute

374 4745 652 4814 prarditis;
718 4749 1055 4804 multimodis
1113 4761 1292 4807 autem
1346 4755 1531 4809 dilfert
1577 4755 1680 4808 :in
1753 4757 1946 4825 primis

375 4838 520 4906 quod
557 4841 936 4907 appropriatus
965 4841 1121 4906 Mosi,
1157 4844 1329 4912 ipsius
1361 4845 1450 4912 ﬁt;
1504 4861 1603 4900 nec
1627 4855 1731 4912 est,
1757 4859 1814 4900 ut
1850 4847 1941 4902 ille

377 4927 530 4991 alter,
564 4933 906 4998 communis;
940 4936 1154 5003 etquod
1183 4935 1251 4989 ibi
1281 4936 1420 4991 Deus
1446 4937 1710 5003 absolute,
1753 4948 1807 4993 et
1829 4955 1937 4994 non

379 5017 614 5086 alicujus
652 5019 791 5074 Dens
839 5022 1070 5089 dicitur,
1115 5026 1209 5094 qui
1255 5028 1470 5081 titulum
1514 5028 1617 5083 sibi
1652 5029 1937 5084 vindicet:

380 5107 471 5161 hic
498 5120 678 5162 autem
713 5127 742 5164 e
775 5114 1056 5168 contrario
1089 5114 1226 5169 Deus
1262 5116 1557 5172 Pharaonis
1585 5121 1940 5181 nominatur:

452 5268 468 5298 ¹
503 5266 637 5322 Cen.
670 5285 743 5333 vI,
784 5271 840 5324 2.
917 5274 940 5304 ²
972 5272 1116 5329 Psal.
1147 5293 1351 5343 LXKXII,
1402 5279 1422 5331 l
1462 5279 1511 5333 6.

1608 5280 1629 5311 ³
1658 5279 1828 5334 Exod.
1883 5297 2016 5346 xxii,
2056 5280 2146 5336 28.

2047 4570 2137 4623 τοῦ
2175 4571 2406 4641 ‘Auptiw.
2455 4569 2613 4622 Ἀλλὰ
2643 4573 2891 4623 κοινωνεῖ
2923 4571 3021 4638 μὲν
3049 4562 3202 4631 οὗτος
3229 4569 3328 4636 τῆς
3374 4569 3632 4640 κλήσεως

2048 4662 2075 4712 ὁ
2097 4661 2294 4730 τρόπος
2334 4660 2414 4731 τῷ
2450 4662 2555 4732 πρὸ
2587 4662 2756 4714 αὑτοῦ
2779 4679 2792 4692 ·
2839 4660 2918 4730 τῷ
2947 4677 3007 4713 τε
3041 4661 3128 4712 ἐπ’
3181 4657 3473 4730 ἀνΘρώπου
3547 4662 3636 4712 καὶ

2047 4751 2252 4822 ταύτην
2281 4751 2575 4812 τεθεῖσθαι,
2611 4753 2703 4806 καὶ
2727 4751 2826 4822 τῷ,
2858 4752 3076 4822 ἔχοντος
3099 4753 3301 4821 ἀρετήν
3324 4767 3339 4781 ο
3371 4750 3633 4822 διαφέρει

2047 4842 2105 4895 δε
2141 4842 2320 4906 ἄλλοις
2345 4860 2406 4895 τε
2439 4843 2682 4906 πολλοῖςο
2713 4845 2828 4896 καὶ·
2864 4845 3027 4912 ὃτι,ή
3063 4845 3161 4914 μὶν
3222 4843 3628 4912 ὲξιδιωσαμένη

2046 4939 2272 5008 Μωσῆν,
2303 4937 2468 4991 αὑτοῦ
2496 4937 2726 5006 γίνεται·
2759 4937 2854 4990 xui
2881 4937 2981 4990 οὑκ
3005 4937 3175 5000 ἔστιν,
3209 4937 3398 5006 ὥσπερ
3422 4940 3632 5007 ἐκεῖνη,

2053 5031 2228 5098 κοινή·
2258 5030 2353 5083 καὶ
2381 5029 2484 5093 ὅτι,
2522 5030 2638 5082 ἐκεῖ
2663 5027 2761 5096 μὲν
2791 5027 2915 5092 Θεὸς
2941 5028 3156 5092 ἁπλῶς,
3195 5029 3286 5081 xui
3308 5028 3434 5098 οὑχί
3463 5045 3633 5091 τινος,

2050 5123 2079 5174 6
2124 5121 2222 5192 τὴν
2273 5122 2468 5192 κλῆσιν
2521 5121 2809 5187 ὑπελθὼν,
2871 5122 3160 5177 ἁπεδέδοτο
3192 5136 3206 5151 ⁶
3277 5121 3530 5175 ἐνταῦθα.
3582 5121 3636 5174 δε

2221 5280 2244 5313 ⁸
2273 5280 2443 5338 Exod.
2473 5298 2568 5348 vn,
2605 5283 2656 5338 1.

1653 5434 1736 5488 VA
1749 5435 1886 5491 ΙὶΙιΕ
1929 5433 2335 5492 LECTIONES.

495 5518 668 5590 ι’,ταξς
718 5524 1126 5590 μαρμαρυγαῖς.
1166 5523 1229 5578 (ἶ.
1279 5524 1349 5579 Μ.
1401 5526 1500 5590 τὰς

386 5597 408 5625 ε
439 5588 571 5664 Cod.
617 5588 760 5643 Μοιι.
791 5588 1216 5664 συνωλίσΘησαν.

1333 5598 1348 5632 ί
1387 5598 1470 5650 ῐσ.
1504 5596 1804 5668 ὑποφήτης,
1837 5599 1889 5652 h.

385 5659 682 5730 προςήτης.

1562 5526 1950 5611 μαρμαρυγὰς.

2068 5531 2113 5599 τ’
2163 5527 2275 5582 liae
2329 5527 2410 5599 de
2451 5543 2508 5582 re
2555 5528 2900 5599 peculiariter
2978 5530 3283 5599 disputatur
3332 5528 3634 5599 περιιτ-

2064 5597 2459 5670 διερμηνευτὴς
2512 5597 2606 5654 aut
2665 5597 3124 5669 ὑποτεταγμένος.
3188 5601 3318 5656 Cod.
3361 5598 3484 5655 Μοιι
3538 5601 3639 5670 leg-
