  <div class='ocr_page' id='page_1' title='image "/cluster/home/n/w/nwhite01/storage/ocr_20150623/101/hvd.32044018872879/306.png"; bbox 0 0 3880 6206; ppageno 0'>
   <div class='ocr_carea' id='block_1_1' title="bbox 271 195 378 263">
    <p class='ocr_par' dir='ltr' id='par_1_1' title="bbox 271 195 378 263">
     <span class='ocr_line' id='line_1_1' title="bbox 271 195 378 263; baseline -0.019 0"><span class='ocrx_word' id='word_1_1' title='bbox 271 195 378 263; x_wconf 74' lang='lat'><strong>565</strong></span> 
     </span>
    </p>
   </div>
   <div class='ocr_carea' id='block_1_2' title="bbox 1150 216 2617 295">
    <p class='ocr_par' dir='ltr' id='par_1_2' title="bbox 1150 216 2617 295">
     <span class='ocr_line' id='line_1_2' title="bbox 1150 216 2617 295; baseline 0.013 -20"><span class='ocrx_word' id='word_1_2' title='bbox 1150 216 1252 278; x_wconf 79' lang='lat' dir='ltr'><strong>AD</strong></span> <span class='ocrx_word' id='word_1_3' title='bbox 1289 219 1883 284; x_wconf 79' lang='lat' dir='ltr'><strong>AMPIIILOCHIUM</strong></span> <span class='ocrx_word' id='word_1_4' title='bbox 1911 223 2259 293; x_wconf 72' lang='lat' dir='ltr'><strong>QU.’EST10</strong></span> <span class='ocrx_word' id='word_1_5' title='bbox 2295 229 2617 295; x_wconf 76' lang='lat' dir='ltr'><strong>LXXXIX.</strong></span> 
     </span>
    </p>
   </div>
   <div class='ocr_carea' id='block_1_3' title="bbox 3431 239 3534 300">
    <p class='ocr_par' dir='ltr' id='par_1_3' title="bbox 3431 239 3534 300">
     <span class='ocr_line' id='line_1_3' title="bbox 3431 239 3534 300; baseline 0 0"><span class='ocrx_word' id='word_1_6' title='bbox 3431 239 3534 300; x_wconf 77' lang='lat'><strong>566</strong></span> 
     </span>
    </p>
   </div>
   <div class='ocr_carea' id='block_1_4' title="bbox 270 319 1844 418">
    <p class='ocr_par' dir='ltr' id='par_1_4' title="bbox 270 319 1844 397">
     <span class='ocr_line' id='line_1_4' title="bbox 270 319 1844 397; baseline 0.012 -24"><span class='ocrx_word' id='word_1_7' title='bbox 270 319 606 386; x_wconf 71' lang='grc' dir='ltr'>τούναντίον,</span> <span class='ocrx_word' id='word_1_8' title='bbox 671 325 804 392; x_wconf 78' lang='grc' dir='ltr'>θεὸς</span> <span class='ocrx_word' id='word_1_9' title='bbox 866 331 1095 397; x_wconf 52' lang='lat' dir='ltr'><strong>(haud).</strong></span> <span class='ocrx_word' id='word_1_10' title='bbox 1149 334 1273 388; x_wconf 86' lang='grc' dir='ltr'>Ὅτι</span> <span class='ocrx_word' id='word_1_11' title='bbox 1306 336 1352 390; x_wconf 84' lang='grc' dir='ltr'>δ’</span> <span class='ocrx_word' id='word_1_12' title='bbox 1389 337 1450 390; x_wconf 84' lang='grc' dir='ltr'><strong>οὑ</strong></span> <span class='ocrx_word' id='word_1_13' title='bbox 1478 339 1600 393; x_wconf 78' lang='grc' dir='ltr'>κατ’</span> <span class='ocrx_word' id='word_1_14' title='bbox 1639 342 1844 394; x_wconf 77' lang='grc' dir='ltr'>ἐκεῖνον</span> 
     </span>
    </p>
   </div>
   <div class='ocr_carea' id='block_1_5' title="bbox 1936 319 3528 418">
    <p class='ocr_par' dir='ltr' id='par_1_5' title="bbox 1950 342 3528 418">
     <span class='ocr_line' id='line_1_5' title="bbox 1950 342 3528 418; baseline 0.008 -26"><span class='ocrx_word' id='word_1_15' title='bbox 1950 342 2094 407; x_wconf 87' lang='lat' dir='ltr'><strong>quod</strong></span> <span class='ocrx_word' id='word_1_16' title='bbox 2127 359 2471 414; x_wconf 79' lang='lat' dir='ltr'><strong>nequaquam</strong></span> <span class='ocrx_word' id='word_1_17' title='bbox 2510 348 2601 400; x_wconf 75' lang='lat' dir='ltr'><strong>illo</strong></span> <span class='ocrx_word' id='word_1_18' title='bbox 2629 363 2819 411; x_wconf 85' lang='lat' dir='ltr'><strong>sensu,</strong></span> <span class='ocrx_word' id='word_1_19' title='bbox 2858 347 2952 402; x_wconf 87' lang='lat' dir='ltr'><strong>sed</strong></span> <span class='ocrx_word' id='word_1_20' title='bbox 2980 362 3045 402; x_wconf 86' lang='lat' dir='ltr'><strong>eo</strong></span> <span class='ocrx_word' id='word_1_21' title='bbox 3073 363 3235 418; x_wconf 86' lang='lat' dir='ltr'><strong>quem</strong></span> <span class='ocrx_word' id='word_1_22' title='bbox 3263 349 3528 415; x_wconf 82' lang='lat' dir='ltr'><strong>diximus,</strong></span> 
     </span>
    </p>
   </div>
   <div class='ocr_carea' id='block_1_6' title="bbox 267 412 1848 506">
    <p class='ocr_par' dir='ltr' id='par_1_6' title="bbox 267 412 1848 506">
     <span class='ocr_line' id='line_1_6' title="bbox 267 412 1848 506; baseline 0.018 -44"><span class='ocrx_word' id='word_1_23' title='bbox 267 412 366 506; x_wconf 73' lang='grc' dir='ltr'><strong>τὸν</strong></span> <span class='ocrx_word' id='word_1_24' title='bbox 415 413 560 477; x_wconf 88' lang='grc' dir='ltr'>νοῦν,</span> <span class='ocrx_word' id='word_1_25' title='bbox 617 416 752 471; x_wconf 78' lang='grc' dir='ltr'><strong>ἀλλά</strong></span> <span class='ocrx_word' id='word_1_26' title='bbox 793 421 912 474; x_wconf 81' lang='grc' dir='ltr'>καθ’</span> <span class='ocrx_word' id='word_1_27' title='bbox 962 423 1021 477; x_wconf 77' lang='grc' dir='ltr'>ὃν</span> <span class='ocrx_word' id='word_1_28' title='bbox 1069 424 1300 497; x_wconf 72' lang='grc' dir='ltr'>ἔφαμεν,</span> <span class='ocrx_word' id='word_1_29' title='bbox 1331 432 1592 502; x_wconf 76' lang='grc' dir='ltr'>ὁΜωσῆς</span> <span class='ocrx_word' id='word_1_30' title='bbox 1630 435 1848 506; x_wconf 71' lang='grc' dir='ltr'>εἴρηται</span> 
     </span>
    </p>
   </div>
   <div class='ocr_carea' id='block_1_7' title="bbox 267 501 1845 594">
    <p class='ocr_par' dir='ltr' id='par_1_7' title="bbox 267 501 1845 594">
     <span class='ocr_line' id='line_1_7' title="bbox 267 501 1845 594; baseline 0.016 -40"><span class='ocrx_word' id='word_1_31' title='bbox 267 501 410 594; x_wconf 65' lang='grc' dir='ltr'>θεὸς</span> <span class='ocrx_word' id='word_1_32' title='bbox 466 506 695 574; x_wconf 81' lang='grc' dir='ltr'>Φαραὼ,</span> <span class='ocrx_word' id='word_1_33' title='bbox 757 510 1034 583; x_wconf 78' lang='grc' dir='ltr'><strong>γνώριμον</strong></span> <span class='ocrx_word' id='word_1_34' title='bbox 1089 517 1189 587; x_wconf 84' lang='grc' dir='ltr'>μὲν</span> <span class='ocrx_word' id='word_1_35' title='bbox 1238 519 1302 573; x_wconf 84' lang='grc' dir='ltr'>ἐκ</span> <span class='ocrx_word' id='word_1_36' title='bbox 1355 520 1465 573; x_wconf 80' lang='grc' dir='ltr'><strong>τῶν</strong></span> <span class='ocrx_word' id='word_1_37' title='bbox 1513 501 1845 594; x_wconf 70' lang='grc' dir='ltr'>είρημενων.</span> 
     </span>
    </p>
   </div>
   <div class='ocr_carea' id='block_1_8' title="bbox 265 593 1842 685">
    <p class='ocr_par' dir='ltr' id='par_1_8' title="bbox 265 593 1842 685">
     <span class='ocr_line' id='line_1_8' title="bbox 265 593 1842 685; baseline 0.015 -41"><span class='ocrx_word' id='word_1_38' title='bbox 265 593 435 647; x_wconf 77' lang='grc' dir='ltr'>Οὐδὲν</span> <span class='ocrx_word' id='word_1_39' title='bbox 477 595 533 649; x_wconf 80' lang='grc' dir='ltr'>δὲ</span> <span class='ocrx_word' id='word_1_40' title='bbox 595 598 836 667; x_wconf 80' lang='grc' dir='ltr'>ἔλαττον,</span> <span class='ocrx_word' id='word_1_41' title='bbox 886 609 1179 677; x_wconf 82' lang='grc' dir='ltr'><strong>τεκμηριοῖ</strong></span> <span class='ocrx_word' id='word_1_42' title='bbox 1210 610 1305 662; x_wconf 73' lang='grc' dir='ltr'><strong>καὶ</strong></span> <span class='ocrx_word' id='word_1_43' title='bbox 1322 610 1382 663; x_wconf 82' lang='grc' dir='ltr'><strong>τὸ</strong></span> <span class='ocrx_word' id='word_1_44' title='bbox 1407 611 1518 665; x_wconf 81' lang='grc' dir='ltr'>τῶν</span> <span class='ocrx_word' id='word_1_45' title='bbox 1539 593 1579 652; x_wconf 14' lang='grc' dir='ltr'><strong>ιιί</strong></span> <span class='ocrx_word' id='word_1_46' title='bbox 1610 593 1842 685; x_wconf 71' lang='grc' dir='ltr'>Ἀαρὼν,</span> 
     </span>
    </p>
   </div>
   <div class='ocr_carea' id='block_1_9' title="bbox 263 685 1845 777">
    <p class='ocr_par' dir='ltr' id='par_1_9' title="bbox 263 685 1845 777">
     <span class='ocr_line' id='line_1_9' title="bbox 263 685 1845 777; baseline 0.018 -42"><span class='ocrx_word' id='word_1_47' title='bbox 263 685 553 777; x_wconf 46' lang='grc' dir='ltr'>ἀνθρωπόν</span> <span class='ocrx_word' id='word_1_48' title='bbox 582 707 642 742; x_wconf 87' lang='grc' dir='ltr'><strong>τε</strong></span> <span class='ocrx_word' id='word_1_49' title='bbox 667 691 814 758; x_wconf 81' lang='grc' dir='ltr'>ὄντα,</span> <span class='ocrx_word' id='word_1_50' title='bbox 857 696 952 749; x_wconf 80' lang='grc' dir='ltr'><strong>καὶ</strong></span> <span class='ocrx_word' id='word_1_51' title='bbox 993 698 1194 770; x_wconf 76' lang='grc' dir='ltr'>ἀρετὴν</span> <span class='ocrx_word' id='word_1_52' title='bbox 1245 701 1540 771; x_wconf 75' lang='grc' dir='ltr'><strong>ἀσκοῦντα,</strong></span> <span class='ocrx_word' id='word_1_53' title='bbox 1583 708 1632 760; x_wconf 86' lang='grc' dir='ltr'><strong>εί</strong></span> <span class='ocrx_word' id='word_1_54' title='bbox 1663 707 1845 777; x_wconf 77' lang='grc' dir='ltr'>βούλει</span> 
     </span>
    </p>
   </div>
   <div class='ocr_carea' id='block_1_10' title="bbox 261 773 1844 870">
    <p class='ocr_par' dir='ltr' id='par_1_10' title="bbox 261 773 1844 870">
     <span class='ocr_line' id='line_1_10' title="bbox 261 773 1844 870; baseline 0.018 -44"><span class='ocrx_word' id='word_1_55' title='bbox 261 773 346 870; x_wconf 60' lang='grc' dir='ltr'><strong>δε,</strong></span> <span class='ocrx_word' id='word_1_56' title='bbox 383 777 494 870; x_wconf 37' lang='grc' dir='ltr'>-καὶ</span> <span class='ocrx_word' id='word_1_57' title='bbox 528 783 650 844; x_wconf 78' lang='grc' dir='ltr'>ταῖς</span> <span class='ocrx_word' id='word_1_58' title='bbox 699 788 1122 857; x_wconf 70' lang='grc' dir='ltr'><strong>τερατουργίαις</strong></span> <span class='ocrx_word' id='word_1_59' title='bbox 1160 791 1528 863; x_wconf 70' lang='grc' dir='ltr'><strong>ἐφεστηκότα,</strong></span> <span class='ocrx_word' id='word_1_60' title='bbox 1589 773 1844 870; x_wconf 69' lang='grc' dir='ltr'>μηδαμοῦ</span> 
     </span>
    </p>
   </div>
   <div class='ocr_carea' id='block_1_11' title="bbox 261 865 954 944">
    <p class='ocr_par' dir='ltr' id='par_1_11' title="bbox 261 865 954 944">
     <span class='ocr_line' id='line_1_11' title="bbox 261 865 954 944; baseline 0.022 -27"><span class='ocrx_word' id='word_1_61' title='bbox 261 865 531 938; x_wconf 76' lang='grc' dir='ltr'>κληθῆναι</span> <span class='ocrx_word' id='word_1_62' title='bbox 555 872 696 926; x_wconf 79' lang='grc' dir='ltr'>θεὸν</span> <span class='ocrx_word' id='word_1_63' title='bbox 717 876 954 944; x_wconf 80' lang='grc' dir='ltr'>Φαραώ.</span> 
     </span>
    </p>
   </div>
   <div class='ocr_carea' id='block_1_12' title="bbox 334 959 1847 1053">
    <p class='ocr_par' dir='ltr' id='par_1_12' title="bbox 334 959 1847 1053">
     <span class='ocr_line' id='line_1_12' title="bbox 334 959 1847 1053; baseline 0.019 -41"><span class='ocrx_word' id='word_1_64' title='bbox 334 959 399 1014; x_wconf 89' lang='grc' dir='ltr'><strong>δ’.</strong></span> <span class='ocrx_word' id='word_1_65' title='bbox 419 961 540 1015; x_wconf 74' lang='grc' dir='ltr'>Ἐπὶ</span> <span class='ocrx_word' id='word_1_66' title='bbox 554 963 683 1032; x_wconf 87' lang='grc' dir='ltr'>γοῦν</span> <span class='ocrx_word' id='word_1_67' title='bbox 697 968 861 1038; x_wconf 82' lang='grc' dir='ltr'>τριῶν</span> <span class='ocrx_word' id='word_1_68' title='bbox 873 969 1145 1043; x_wconf 77' lang='grc' dir='ltr'>διαφόρων</span> <span class='ocrx_word' id='word_1_69' title='bbox 1158 975 1532 1050; x_wconf 82' lang='grc' dir='ltr'>ὑποκειμένων</span> <span class='ocrx_word' id='word_1_70' title='bbox 1543 983 1640 1053; x_wconf 81' lang='grc' dir='ltr'>τῆς</span> <span class='ocrx_word' id='word_1_71' title='bbox 1654 982 1801 1047; x_wconf 82' lang='grc' dir='ltr'><strong>Θείας</strong></span> <span class='ocrx_word' id='word_1_72' title='bbox 1817 993 1847 1025; x_wconf 74' lang='grc' dir='ltr'>ν</span> 
     </span>
    </p>
   </div>
   <div class='ocr_carea' id='block_1_13' title="bbox 258 1052 1842 1146">
    <p class='ocr_par' dir='ltr' id='par_1_13' title="bbox 258 1052 1842 1146">
     <span class='ocr_line' id='line_1_13' title="bbox 258 1052 1842 1146; baseline 0.02 -44"><span class='ocrx_word' id='word_1_73' title='bbox 258 1052 555 1125; x_wconf 75' lang='grc' dir='ltr'>τιθεμένης</span> <span class='ocrx_word' id='word_1_74' title='bbox 589 1062 981 1133; x_wconf 76' lang='grc' dir='ltr'>προσηγορίας,</span> <span class='ocrx_word' id='word_1_75' title='bbox 1015 1068 1109 1120; x_wconf 75' lang='grc' dir='ltr'>καὶ</span> <span class='ocrx_word' id='word_1_76' title='bbox 1139 1068 1232 1122; x_wconf 85' lang='grc' dir='ltr'><strong>τοῦ</strong></span> <span class='ocrx_word' id='word_1_77' title='bbox 1261 1071 1360 1142; x_wconf 83' lang='grc' dir='ltr'><strong>μὲν</strong></span> <span class='ocrx_word' id='word_1_78' title='bbox 1387 1052 1612 1146; x_wconf 76' lang='grc' dir='ltr'>κυρίως,</span> <span class='ocrx_word' id='word_1_79' title='bbox 1645 1078 1752 1131; x_wconf 83' lang='grc' dir='ltr'><strong>τῶν</strong></span> <span class='ocrx_word' id='word_1_80' title='bbox 1785 1080 1842 1132; x_wconf 78' lang='grc' dir='ltr'>δὲ</span> 
     </span>
    </p>
   </div>
   <div class='ocr_carea' id='block_1_14' title="bbox 258 1146 1842 1250">
    <p class='ocr_par' dir='ltr' id='par_1_14' title="bbox 258 1146 1842 1236">
     <span class='ocr_line' id='line_1_14' title="bbox 258 1146 1842 1236; baseline 0.018 -40"><span class='ocrx_word' id='word_1_81' title='bbox 258 1146 387 1197; x_wconf 83' lang='grc' dir='ltr'>καθ’</span> <span class='ocrx_word' id='word_1_82' title='bbox 420 1149 736 1221; x_wconf 74' lang='grc' dir='ltr'>ὁμωνυμίαν</span> <span class='ocrx_word' id='word_1_83' title='bbox 768 1153 1078 1226; x_wconf 82' lang='grc' dir='ltr'>λεγομένων</span> <span class='ocrx_word' id='word_1_84' title='bbox 1105 1178 1116 1192; x_wconf 75' lang='grc'><strong><em>⁸</em></strong></span> <span class='ocrx_word' id='word_1_85' title='bbox 1170 1162 1316 1217; x_wconf 76' lang='grc' dir='ltr'>ἔστιν</span> <span class='ocrx_word' id='word_1_86' title='bbox 1348 1166 1526 1236; x_wconf 80' lang='grc' dir='ltr'>εὑρεῖν</span> <span class='ocrx_word' id='word_1_87' title='bbox 1571 1170 1666 1224; x_wconf 60' lang='grc' dir='ltr'><strong>καὶ¹</strong></span> <span class='ocrx_word' id='word_1_88' title='bbox 1713 1173 1842 1227; x_wconf 81' lang='grc' dir='ltr'>ἄλλο</span> 
     </span>
    </p>
   </div>
   <div class='ocr_carea' id='block_1_15' title="bbox 255 1243 1838 1329">
    <p class='ocr_par' dir='ltr' id='par_1_15' title="bbox 255 1243 1838 1329">
     <span class='ocr_line' id='line_1_15' title="bbox 255 1243 1838 1329; baseline 0.02 -42"><span class='ocrx_word' id='word_1_89' title='bbox 255 1253 314 1288; x_wconf 82' lang='grc' dir='ltr'><strong>τι</strong></span> <span class='ocrx_word' id='word_1_90' title='bbox 349 1243 447 1306; x_wconf 77' lang='grc' dir='ltr'>τῆς</span> <span class='ocrx_word' id='word_1_91' title='bbox 472 1243 649 1311; x_wconf 78' lang='grc' dir='ltr'>φωνῆς</span> <span class='ocrx_word' id='word_1_92' title='bbox 693 1247 1114 1317; x_wconf 73' lang='grc' dir='ltr'>σημαινόμενον,</span> <span class='ocrx_word' id='word_1_93' title='bbox 1147 1255 1326 1308; x_wconf 83' lang='grc' dir='ltr'>οὑκέτι</span> <span class='ocrx_word' id='word_1_94' title='bbox 1359 1258 1458 1327; x_wconf 83' lang='grc' dir='ltr'><strong>μὲν</strong></span> <span class='ocrx_word' id='word_1_95' title='bbox 1486 1262 1627 1315; x_wconf 70' lang='grc' dir='ltr'>κατὰ</span> <span class='ocrx_word' id='word_1_96' title='bbox 1660 1262 1838 1329; x_wconf 76' lang='grc' dir='ltr'>δόξαν,</span> 
     </span>
    </p>
   </div>
   <div class='ocr_carea' id='block_1_16' title="bbox 254 1331 1841 1424">
    <p class='ocr_par' dir='ltr' id='par_1_16' title="bbox 254 1331 1841 1424">
     <span class='ocr_line' id='line_1_16' title="bbox 254 1331 1841 1424; baseline 0.021 -46"><span class='ocrx_word' id='word_1_97' title='bbox 254 1332 458 1424; x_wconf 76' lang='grc' dir='ltr'>χρήσει</span> <span class='ocrx_word' id='word_1_98' title='bbox 487 1331 542 1384; x_wconf 83' lang='grc' dir='ltr'>δὲ</span> <span class='ocrx_word' id='word_1_99' title='bbox 573 1333 708 1406; x_wconf 84' lang='grc' dir='ltr'>μόνῃ</span> <span class='ocrx_word' id='word_1_100' title='bbox 733 1335 1144 1411; x_wconf 77' lang='grc' dir='ltr'>λαμϐανόμενον</span> <span class='ocrx_word' id='word_1_101' title='bbox 1173 1346 1275 1415; x_wconf 86' lang='grc' dir='ltr'>τῆς</span> <span class='ocrx_word' id='word_1_102' title='bbox 1302 1346 1453 1412; x_wconf 80' lang='grc' dir='ltr'>θείας</span> <span class='ocrx_word' id='word_1_103' title='bbox 1482 1352 1726 1424; x_wconf 84' lang='grc' dir='ltr'>Γραφῆς.</span> <span class='ocrx_word' id='word_1_104' title='bbox 1760 1356 1841 1411; x_wconf 88' lang='grc' dir='ltr'><strong>Τὰ</strong></span> 
     </span>
    </p>
   </div>
   <div class='ocr_carea' id='block_1_17' title="bbox 252 1421 1840 1512">
    <p class='ocr_par' dir='ltr' id='par_1_17' title="bbox 252 1421 1840 1512">
     <span class='ocr_line' id='line_1_17' title="bbox 252 1421 1840 1512; baseline 0.021 -42"><span class='ocrx_word' id='word_1_105' title='bbox 252 1421 370 1512; x_wconf 62' lang='grc' dir='ltr'><strong>γάρ</strong></span> <span class='ocrx_word' id='word_1_106' title='bbox 398 1424 496 1493; x_wconf 80' lang='grc' dir='ltr'><strong>τῆς</strong></span> <span class='ocrx_word' id='word_1_107' title='bbox 533 1424 852 1499; x_wconf 82' lang='grc' dir='ltr'>Ἑλληνικῆς</span> <span class='ocrx_word' id='word_1_108' title='bbox 875 1431 1170 1502; x_wconf 83' lang='grc' dir='ltr'>θρησκείας</span> <span class='ocrx_word' id='word_1_109' title='bbox 1194 1439 1534 1512; x_wconf 81' lang='grc' dir='ltr'>σεϐάσματα,</span> <span class='ocrx_word' id='word_1_110' title='bbox 1567 1421 1721 1511; x_wconf 76' lang='grc' dir='ltr'><strong>θεοὺς</strong></span> <span class='ocrx_word' id='word_1_111' title='bbox 1746 1450 1840 1502; x_wconf 76' lang='grc' dir='ltr'><strong>καὶ</strong></span> 
     </span>
    </p>
   </div>
   <div class='ocr_carea' id='block_1_18' title="bbox 253 1511 1840 1604">
    <p class='ocr_par' dir='ltr' id='par_1_18' title="bbox 253 1511 1840 1604">
     <span class='ocr_line' id='line_1_18' title="bbox 253 1511 1840 1604; baseline 0.021 -43"><span class='ocrx_word' id='word_1_112' title='bbox 253 1511 400 1604; x_wconf 67' lang='grc' dir='ltr'>αὑτὴ</span> <span class='ocrx_word' id='word_1_113' title='bbox 437 1527 463 1555; x_wconf 74' lang='grc' dir='ltr'><strong><em>ι</em></strong></span> <span class='ocrx_word' id='word_1_114' title='bbox 519 1517 780 1582; x_wconf 82' lang='grc' dir='ltr'>πολλάκις</span> <span class='ocrx_word' id='word_1_115' title='bbox 844 1521 944 1590; x_wconf 84' lang='grc' dir='ltr'>μὲν</span> <span class='ocrx_word' id='word_1_116' title='bbox 999 1534 1540 1604; x_wconf 85' lang='grc' dir='ltr'>κατειρωνευομένη,</span> <span class='ocrx_word' id='word_1_117' title='bbox 1597 1537 1691 1592; x_wconf 69' lang='grc' dir='ltr'><strong>καὶ</strong></span> <span class='ocrx_word' id='word_1_118' title='bbox 1746 1540 1840 1594; x_wconf 74' lang='grc' dir='ltr'>ἐπὶ</span> 
     </span>
    </p>
   </div>
   <div class='ocr_carea' id='block_1_19' title="bbox 252 1599 1836 1702">
    <p class='ocr_par' dir='ltr' id='par_1_19' title="bbox 252 1599 1836 1702">
     <span class='ocr_line' id='line_1_19' title="bbox 252 1599 1836 1702; baseline 0.022 -51"><span class='ocrx_word' id='word_1_119' title='bbox 252 1599 1153 1702; x_wconf 29' lang='grc' dir='ltr'>ἐλέγχῳ-των-προσκεκυνηκότων</span> <span class='ocrx_word' id='word_1_120' title='bbox 1179 1633 1192 1646; x_wconf 90' lang='grc'><strong>·</strong></span> <span class='ocrx_word' id='word_1_121' title='bbox 1231 1638 1249 1669; x_wconf 75' lang='grc' dir='ltr'><strong>ι</strong></span> <span class='ocrx_word' id='word_1_122' title='bbox 1285 1599 1533 1689; x_wconf 80' lang='grc' dir='ltr'>Βαδίζετε</span> <span class='ocrx_word' id='word_1_123' title='bbox 1568 1628 1697 1701; x_wconf 79' lang='grc' dir='ltr'>γὰρ,</span> <span class='ocrx_word' id='word_1_124' title='bbox 1730 1648 1836 1702; x_wconf 80' lang='grc' dir='ltr'><strong>φη-</strong></span> 
     </span>
    </p>
   </div>
   <div class='ocr_carea' id='block_1_20' title="bbox 253 1694 1837 1783">
    <p class='ocr_par' dir='ltr' id='par_1_20' title="bbox 253 1694 1837 1783">
     <span class='ocr_line' id='line_1_20' title="bbox 253 1694 1837 1783; baseline 0.02 -38"><span class='ocrx_word' id='word_1_125' title='bbox 253 1694 368 1758; x_wconf 75' lang='grc' dir='ltr'>σὶν,</span> <span class='ocrx_word' id='word_1_126' title='bbox 399 1696 491 1748; x_wconf 81' lang='grc' dir='ltr'><strong>καὶ</strong></span> <span class='ocrx_word' id='word_1_127' title='bbox 525 1696 683 1766; x_wconf 81' lang='grc' dir='ltr'>βοᾶτε</span> <span class='ocrx_word' id='word_1_128' title='bbox 715 1703 850 1772; x_wconf 88' lang='grc' dir='ltr'>πρὸς</span> <span class='ocrx_word' id='word_1_129' title='bbox 883 1707 1008 1771; x_wconf 84' lang='grc' dir='ltr'>τοὺς</span> <span class='ocrx_word' id='word_1_130' title='bbox 1033 1709 1208 1776; x_wconf 82' lang='grc' dir='ltr'>θεοὺς,</span> <span class='ocrx_word' id='word_1_131' title='bbox 1242 1713 1336 1778; x_wconf 82' lang='grc' dir='ltr'><strong>οὓς</strong></span> <span class='ocrx_word' id='word_1_132' title='bbox 1364 1694 1677 1783; x_wconf 72' lang='grc' dir='ltr'>ἐξελέξασθε</span> <span class='ocrx_word' id='word_1_133' title='bbox 1707 1694 1837 1776; x_wconf 71' lang='grc' dir='ltr'>ἑαυ-</span> 
     </span>
    </p>
   </div>
   <div class='ocr_carea' id='block_1_21' title="bbox 247 1788 1837 1878">
    <p class='ocr_par' dir='ltr' id='par_1_21' title="bbox 247 1788 1837 1878">
     <span class='ocr_line' id='line_1_21' title="bbox 247 1788 1837 1878; baseline 0.023 -44"><span class='ocrx_word' id='word_1_134' title='bbox 247 1788 394 1851; x_wconf 79' lang='grc' dir='ltr'>τοῖς,</span> <span class='ocrx_word' id='word_1_135' title='bbox 428 1788 521 1840; x_wconf 71' lang='grc' dir='ltr'><strong>καὶ</strong></span> <span class='ocrx_word' id='word_1_136' title='bbox 548 1789 700 1844; x_wconf 78' lang='grc' dir='ltr'>αὐτοὶ</span> <span class='ocrx_word' id='word_1_137' title='bbox 727 1797 1058 1854; x_wconf 82' lang='grc' dir='ltr'>σωσάτωσαν</span> <span class='ocrx_word' id='word_1_138' title='bbox 1080 1802 1226 1872; x_wconf 81' lang='grc' dir='ltr'>ὑμᾶς</span> <span class='ocrx_word' id='word_1_139' title='bbox 1245 1822 1258 1837; x_wconf 88' lang='grc'><strong>·</strong></span> <span class='ocrx_word' id='word_1_140' title='bbox 1294 1825 1312 1858; x_wconf 85' lang='grc' dir='ltr'><strong>ι</strong></span> <span class='ocrx_word' id='word_1_141' title='bbox 1352 1808 1611 1874; x_wconf 84' lang='grc' dir='ltr'>πολλάκις</span> <span class='ocrx_word' id='word_1_142' title='bbox 1633 1813 1712 1878; x_wconf 81' lang='grc' dir='ltr'>δὲ,</span> <span class='ocrx_word' id='word_1_143' title='bbox 1744 1817 1837 1870; x_wconf 76' lang='grc' dir='ltr'><strong>καὶ</strong></span> 
     </span>
    </p>
   </div>
   <div class='ocr_carea' id='block_1_22' title="bbox 247 1875 1834 1962">
    <p class='ocr_par' dir='ltr' id='par_1_22' title="bbox 247 1875 1834 1962">
     <span class='ocr_line' id='line_1_22' title="bbox 247 1875 1834 1962; baseline 0.018 -35"><span class='ocrx_word' id='word_1_144' title='bbox 247 1875 334 1938; x_wconf 79' lang='grc' dir='ltr'><strong>εἰς</strong></span> <span class='ocrx_word' id='word_1_145' title='bbox 378 1877 543 1947; x_wconf 65' lang='grc' dir='ltr'>μόνην</span> <span class='ocrx_word' id='word_1_146' title='bbox 593 1879 827 1950; x_wconf 85' lang='grc' dir='ltr'>δήλωσιν</span> <span class='ocrx_word' id='word_1_147' title='bbox 868 1886 961 1939; x_wconf 88' lang='grc' dir='ltr'><strong>τοῦ</strong></span> <span class='ocrx_word' id='word_1_148' title='bbox 1005 1893 1390 1962; x_wconf 79' lang='grc' dir='ltr'>προκειμένου,</span> <span class='ocrx_word' id='word_1_149' title='bbox 1421 1897 1577 1950; x_wconf 79' lang='grc' dir='ltr'>εἴωθε</span> <span class='ocrx_word' id='word_1_150' title='bbox 1611 1875 1834 1955; x_wconf 57' lang='grc' dir='ltr'>καλεῖν</span> 
     </span>
    </p>
   </div>
   <div class='ocr_carea' id='block_1_23' title="bbox 258 1967 1836 2069">
    <p class='ocr_par' dir='ltr' id='par_1_23' title="bbox 258 1967 1836 2069">
     <span class='ocr_line' id='line_1_23' title="bbox 258 1967 1836 2069; baseline 0.02 -52"><span class='ocrx_word' id='word_1_151' title='bbox 258 1985 277 2069; x_wconf 57' lang='grc' dir='ltr'><strong>ι</strong></span> <span class='ocrx_word' id='word_1_152' title='bbox 322 1967 437 2069; x_wconf 62' lang='grc' dir='ltr'>Οὑκ</span> <span class='ocrx_word' id='word_1_153' title='bbox 478 1969 690 2069; x_wconf 82' lang='grc' dir='ltr'>ἔσονταί</span> <span class='ocrx_word' id='word_1_154' title='bbox 745 1993 825 2029; x_wconf 90' lang='grc' dir='ltr'><strong>σοι</strong></span> <span class='ocrx_word' id='word_1_155' title='bbox 875 1978 1004 2051; x_wconf 80' lang='grc' dir='ltr'>γὰρ,</span> <span class='ocrx_word' id='word_1_156' title='bbox 1059 1984 1243 2053; x_wconf 78' lang='grc' dir='ltr'>φησὶν,</span> <span class='ocrx_word' id='word_1_157' title='bbox 1302 1986 1413 2041; x_wconf 78' lang='grc' dir='ltr'>θεοὶ</span> <span class='ocrx_word' id='word_1_158' title='bbox 1470 1989 1646 2059; x_wconf 77' lang='grc' dir='ltr'>ἕτεροι</span> <span class='ocrx_word' id='word_1_159' title='bbox 1697 1994 1836 2064; x_wconf 77' lang='grc' dir='ltr'>πλὴν</span> 
     </span>
    </p>
   </div>
   <div class='ocr_carea' id='block_1_24' title="bbox 250 2057 1837 2167">
    <p class='ocr_par' dir='ltr' id='par_1_24' title="bbox 250 2057 1837 2167">
     <span class='ocr_line' id='line_1_24' title="bbox 250 2057 1837 2167; baseline 0.02 -60"><span class='ocrx_word' id='word_1_160' title='bbox 250 2057 413 2167; x_wconf 64' lang='grc' dir='ltr'><strong>ἐμ.ρῦ</strong></span> <span class='ocrx_word' id='word_1_161' title='bbox 447 2080 463 2111; x_wconf 78' lang='grc' dir='ltr'><strong>ι</strong></span> <span class='ocrx_word' id='word_1_162' title='bbox 504 2065 619 2165; x_wconf 70' lang='grc' dir='ltr'>καὶ,</span> <span class='ocrx_word' id='word_1_163' title='bbox 651 2083 669 2115; x_wconf 82' lang='grc' dir='ltr'><strong>ι</strong></span> <span class='ocrx_word' id='word_1_164' title='bbox 709 2069 820 2120; x_wconf 85' lang='grc' dir='ltr'>Οὑκ</span> <span class='ocrx_word' id='word_1_165' title='bbox 853 2069 1148 2142; x_wconf 67' lang='grc' dir='ltr'>ἐποιήσατε</span> <span class='ocrx_word' id='word_1_166' title='bbox 1203 2076 1331 2144; x_wconf 89' lang='grc' dir='ltr'>ὑμῖν</span> <span class='ocrx_word' id='word_1_167' title='bbox 1378 2079 1534 2144; x_wconf 75' lang='grc' dir='ltr'>θεοὺς</span> <span class='ocrx_word' id='word_1_168' title='bbox 1561 2057 1837 2156; x_wconf 77' lang='grc' dir='ltr'>ἀργυροῦς</span> 
     </span>
    </p>
   </div>
   <div class='ocr_carea' id='block_1_25' title="bbox 247 2155 1349 2238">
    <p class='ocr_par' dir='ltr' id='par_1_25' title="bbox 247 2155 1349 2238">
     <span class='ocr_line' id='line_1_25' title="bbox 247 2155 1349 2238; baseline 0.02 -37"><span class='ocrx_word' id='word_1_169' title='bbox 247 2155 349 2202; x_wconf 70' lang='grc' dir='ltr'><strong>καὶ</strong></span> <span class='ocrx_word' id='word_1_170' title='bbox 373 2155 642 2222; x_wconf 74' lang='grc' dir='ltr'>χρυσοῦς;</span> <span class='ocrx_word' id='word_1_171' title='bbox 683 2177 702 2208; x_wconf 84' lang='grc'><strong><em>›</em></strong></span> <span class='ocrx_word' id='word_1_172' title='bbox 740 2161 834 2212; x_wconf 73' lang='grc' dir='ltr'><strong>καὶ</strong></span> <span class='ocrx_word' id='word_1_173' title='bbox 867 2163 1034 2233; x_wconf 89' lang='grc' dir='ltr'>μυρία</span> <span class='ocrx_word' id='word_1_174' title='bbox 1066 2168 1097 2235; x_wconf 86' lang='grc' dir='ltr'>ἡ</span> <span class='ocrx_word' id='word_1_175' title='bbox 1131 2167 1349 2238; x_wconf 76' lang='grc' dir='ltr'>χρῆσις.</span> 
     </span>
    </p>
   </div>
   <div class='ocr_carea' id='block_1_26' title="bbox 324 2243 1836 2338">
    <p class='ocr_par' dir='ltr' id='par_1_26' title="bbox 324 2243 1836 2338">
     <span class='ocr_line' id='line_1_26' title="bbox 324 2243 1836 2338; baseline 0.02 -46"><span class='ocrx_word' id='word_1_176' title='bbox 324 2248 369 2338; x_wconf 86' lang='grc' dir='ltr'>ε’</span> <span class='ocrx_word' id='word_1_177' title='bbox 398 2243 557 2338; x_wconf 28' lang='grc' dir='ltr'>’Ἐπεὶ</span> <span class='ocrx_word' id='word_1_178' title='bbox 574 2247 628 2299; x_wconf 82' lang='grc' dir='ltr'>δὲ</span> <span class='ocrx_word' id='word_1_179' title='bbox 657 2248 893 2320; x_wconf 84' lang='grc' dir='ltr'>τέσσαρα</span> <span class='ocrx_word' id='word_1_180' title='bbox 919 2261 947 2301; x_wconf 74' lang='grc' dir='ltr'><em>γ</em></span> <span class='ocrx_word' id='word_1_181' title='bbox 963 2255 1081 2325; x_wconf 78' lang='grc' dir='ltr'>τῆς,</span> <span class='ocrx_word' id='word_1_182' title='bbox 1104 2259 1268 2324; x_wconf 79' lang='grc' dir='ltr'>Θεὸς,</span> <span class='ocrx_word' id='word_1_183' title='bbox 1288 2262 1471 2332; x_wconf 63' lang='grc' dir='ltr'>φωνῆς</span> <span class='ocrx_word' id='word_1_184' title='bbox 1493 2264 1734 2338; x_wconf 81' lang='grc' dir='ltr'>διεκρίθη</span> <span class='ocrx_word' id='word_1_185' title='bbox 1765 2267 1836 2322; x_wconf 80' lang='grc' dir='ltr'><strong>τὰ</strong></span> 
     </span>
    </p>
   </div>
   <div class='ocr_carea' id='block_1_27' title="bbox 244 2333 1834 2428">
    <p class='ocr_par' dir='ltr' id='par_1_27' title="bbox 244 2333 1834 2428">
     <span class='ocr_line' id='line_1_27' title="bbox 244 2333 1834 2428; baseline 0.018 -43"><span class='ocrx_word' id='word_1_186' title='bbox 244 2333 582 2407; x_wconf 79' lang='grc' dir='ltr'>δηλούμενα·</span> <span class='ocrx_word' id='word_1_187' title='bbox 634 2342 832 2396; x_wconf 76' lang='grc' dir='ltr'>εἰδέναι</span> <span class='ocrx_word' id='word_1_188' title='bbox 891 2345 972 2400; x_wconf 86' lang='grc' dir='ltr'><strong>δεῖ</strong></span> <span class='ocrx_word' id='word_1_189' title='bbox 1015 2347 1089 2413; x_wconf 87' lang='grc' dir='ltr'>ὡς</span> <span class='ocrx_word' id='word_1_190' title='bbox 1135 2351 1193 2403; x_wconf 80' lang='grc' dir='ltr'><strong>ἐν</strong></span> <span class='ocrx_word' id='word_1_191' title='bbox 1231 2353 1308 2422; x_wconf 85' lang='grc' dir='ltr'>τῷ</span> <span class='ocrx_word' id='word_1_192' title='bbox 1358 2333 1834 2428; x_wconf 37' lang='grc' dir='ltr'>προκειμένῳ-σοι</span> 
     </span>
    </p>
   </div>
   <div class='ocr_carea' id='block_1_28' title="bbox 245 2428 1835 2522">
    <p class='ocr_par' dir='ltr' id='par_1_28' title="bbox 245 2428 1835 2522">
     <span class='ocr_line' id='line_1_28' title="bbox 245 2428 1835 2522; baseline 0.018 -44"><span class='ocrx_word' id='word_1_193' title='bbox 245 2428 390 2499; x_wconf 79' lang='grc' dir='ltr'>πρὸς</span> <span class='ocrx_word' id='word_1_194' title='bbox 465 2431 700 2504; x_wconf 86' lang='grc' dir='ltr'>μάθησιν</span> <span class='ocrx_word' id='word_1_195' title='bbox 733 2439 935 2508; x_wconf 63' lang='grc' dir='ltr'>’ρητιζι,</span> <span class='ocrx_word' id='word_1_196' title='bbox 1003 2459 1020 2492; x_wconf 76' lang='grc' dir='ltr'><strong>ι</strong></span> <span class='ocrx_word' id='word_1_197' title='bbox 1079 2442 1400 2514; x_wconf 72' lang='grc' dir='ltr'>’Ἄνθρωπος</span> <span class='ocrx_word' id='word_1_198' title='bbox 1471 2447 1530 2508; x_wconf 82' lang='grc' dir='ltr'>ὃς</span> <span class='ocrx_word' id='word_1_199' title='bbox 1592 2453 1835 2522; x_wconf 84' lang='grc' dir='ltr'>καταρά-</span> 
     </span>
    </p>
   </div>
   <div class='ocr_carea' id='block_1_29' title="bbox 248 2523 1834 2616">
    <p class='ocr_par' dir='ltr' id='par_1_29' title="bbox 248 2523 1834 2616">
     <span class='ocr_line' id='line_1_29' title="bbox 248 2523 1834 2616; baseline 0.018 -44"><span class='ocrx_word' id='word_1_200' title='bbox 248 2538 413 2616; x_wconf 73' lang='grc' dir='ltr'>σηται</span> <span class='ocrx_word' id='word_1_201' title='bbox 455 2523 610 2588; x_wconf 83' lang='grc' dir='ltr'>Θεὸν,</span> <span class='ocrx_word' id='word_1_202' title='bbox 665 2530 942 2599; x_wconf 79' lang='grc' dir='ltr'>ἁμαρτίαν</span> <span class='ocrx_word' id='word_1_203' title='bbox 983 2532 1238 2603; x_wconf 67' lang='grc' dir='ltr'>λήψεται,</span> <span class='ocrx_word' id='word_1_204' title='bbox 1286 2558 1304 2590; x_wconf 80' lang='grc' dir='ltr'><strong>ι</strong></span> <span class='ocrx_word' id='word_1_205' title='bbox 1340 2539 1432 2593; x_wconf 76' lang='grc' dir='ltr'>καὶ</span> <span class='ocrx_word' id='word_1_206' title='bbox 1469 2540 1614 2612; x_wconf 79' lang='grc' dir='ltr'>ἑξῆς,</span> <span class='ocrx_word' id='word_1_207' title='bbox 1651 2546 1701 2598; x_wconf 75' lang='lat' dir='ltr'><strong>oi</strong></span> <span class='ocrx_word' id='word_1_208' title='bbox 1734 2545 1834 2616; x_wconf 83' lang='grc' dir='ltr'><strong>μὲν</strong></span> 
     </span>
    </p>
   </div>
   <div class='ocr_carea' id='block_1_30' title="bbox 245 2611 1834 2704">
    <p class='ocr_par' dir='ltr' id='par_1_30' title="bbox 245 2611 1834 2704">
     <span class='ocr_line' id='line_1_30' title="bbox 245 2611 1834 2704; baseline 0.017 -40"><span class='ocrx_word' id='word_1_209' title='bbox 245 2611 383 2666; x_wconf 84' lang='grc' dir='ltr'>Θεὸν</span> <span class='ocrx_word' id='word_1_210' title='bbox 436 2617 696 2683; x_wconf 79' lang='grc' dir='ltr'>ἐνταῦθα,</span> <span class='ocrx_word' id='word_1_211' title='bbox 747 2621 838 2676; x_wconf 81' lang='grc' dir='ltr'><strong>τὸν</strong></span> <span class='ocrx_word' id='word_1_212' title='bbox 887 2624 1102 2696; x_wconf 80' lang='grc' dir='ltr'>ἀληθῶς</span> <span class='ocrx_word' id='word_1_213' title='bbox 1165 2629 1260 2682; x_wconf 74' lang='grc' dir='ltr'><strong>και</strong></span> <span class='ocrx_word' id='word_1_214' title='bbox 1303 2631 1509 2702; x_wconf 81' lang='grc' dir='ltr'>κυρίως</span> <span class='ocrx_word' id='word_1_215' title='bbox 1553 2611 1692 2689; x_wconf 60' lang='lat' dir='ltr'><strong>eam</strong></span> <span class='ocrx_word' id='word_1_216' title='bbox 1736 2611 1834 2704; x_wconf 76' lang='grc' dir='ltr'><strong>ἰξ-</strong></span> 
     </span>
    </p>
   </div>
   <div class='ocr_carea' id='block_1_31' title="bbox 245 2705 1833 2794">
    <p class='ocr_par' dir='ltr' id='par_1_31' title="bbox 245 2705 1833 2794">
     <span class='ocr_line' id='line_1_31' title="bbox 245 2705 1833 2794; baseline 0.017 -39"><span class='ocrx_word' id='word_1_217' title='bbox 245 2705 577 2760; x_wconf 78' lang='grc' dir='ltr'>ακοὺουσιν’</span> <span class='ocrx_word' id='word_1_218' title='bbox 623 2712 670 2763; x_wconf 84' lang='grc' dir='ltr'>οἱ</span> <span class='ocrx_word' id='word_1_219' title='bbox 706 2711 784 2777; x_wconf 81' lang='grc' dir='ltr'>δὲ,</span> <span class='ocrx_word' id='word_1_220' title='bbox 815 2713 924 2767; x_wconf 84' lang='grc' dir='ltr'><strong>τῶν</strong></span> <span class='ocrx_word' id='word_1_221' title='bbox 966 2716 1339 2788; x_wconf 63' lang='grc' dir='ltr'>ψευδωνύμως</span> <span class='ocrx_word' id='word_1_222' title='bbox 1389 2723 1833 2794; x_wconf 77' lang='grc' dir='ltr'>ἐπονομασθέντα</span> 
     </span>
    </p>
   </div>
   <div class='ocr_carea' id='block_1_32' title="bbox 244 2795 1829 2888">
    <p class='ocr_par' dir='ltr' id='par_1_32' title="bbox 244 2795 1829 2888">
     <span class='ocr_line' id='line_1_32' title="bbox 244 2795 1829 2888; baseline 0.015 -39"><span class='ocrx_word' id='word_1_223' title='bbox 244 2795 620 2867; x_wconf 83' lang='grc' dir='ltr'>λαμϐάνουσιν</span> <span class='ocrx_word' id='word_1_224' title='bbox 644 2820 658 2834; x_wconf 89' lang='grc'><strong>·</strong></span> <span class='ocrx_word' id='word_1_225' title='bbox 687 2805 858 2877; x_wconf 80' lang='grc' dir='ltr'>ἀρχὴν</span> <span class='ocrx_word' id='word_1_226' title='bbox 891 2806 946 2861; x_wconf 82' lang='grc' dir='ltr'>δὲ</span> <span class='ocrx_word' id='word_1_227' title='bbox 966 2808 1221 2880; x_wconf 76' lang='grc' dir='ltr'>διάφορον</span> <span class='ocrx_word' id='word_1_228' title='bbox 1246 2813 1457 2877; x_wconf 78' lang='grc' dir='ltr'>ἑαυτοῖς</span> <span class='ocrx_word' id='word_1_229' title='bbox 1483 2815 1829 2888; x_wconf 82' lang='grc' dir='ltr'>ὑποθέμενοι,</span> 
     </span>
    </p>
   </div>
   <div class='ocr_carea' id='block_1_33' title="bbox 243 2890 1833 2983">
    <p class='ocr_par' dir='ltr' id='par_1_33' title="bbox 243 2890 1833 2983">
     <span class='ocr_line' id='line_1_33' title="bbox 243 2890 1833 2983; baseline 0.015 -41"><span class='ocrx_word' id='word_1_230' title='bbox 243 2890 344 2983; x_wconf 71' lang='grc' dir='ltr'><strong>καὶ</strong></span> <span class='ocrx_word' id='word_1_231' title='bbox 373 2893 440 2945; x_wconf 83' lang='grc' dir='ltr'><strong>τὰ</strong></span> <span class='ocrx_word' id='word_1_232' title='bbox 476 2895 603 2965; x_wconf 76' lang='grc' dir='ltr'>ἑξῆς</span> <span class='ocrx_word' id='word_1_233' title='bbox 637 2897 910 2970; x_wconf 73' lang='grc' dir='ltr'>διαφόρως</span> <span class='ocrx_word' id='word_1_234' title='bbox 952 2904 1318 2972; x_wconf 77' lang='grc' dir='ltr'>περαίνουσιν.</span> <span class='ocrx_word' id='word_1_235' title='bbox 1355 2907 1417 2958; x_wconf 83' lang='grc' dir='ltr'><strong>Οἱ</strong></span> <span class='ocrx_word' id='word_1_236' title='bbox 1447 2908 1556 2978; x_wconf 77' lang='grc' dir='ltr'><strong>γάρ</strong></span> <span class='ocrx_word' id='word_1_237' title='bbox 1603 2910 1833 2983; x_wconf 85' lang='grc' dir='ltr'>ὑπειλη-</span> 
     </span>
    </p>
   </div>
   <div class='ocr_carea' id='block_1_34' title="bbox 243 2982 1896 3091">
    <p class='ocr_par' dir='ltr' id='par_1_34' title="bbox 243 2982 1896 3091">
     <span class='ocr_line' id='line_1_34' title="bbox 243 2982 1896 3091; baseline 0.016 -56"><span class='ocrx_word' id='word_1_238' title='bbox 243 2982 570 3091; x_wconf 40' lang='grc' dir='ltr'>φότεςνθεὸν</span> <span class='ocrx_word' id='word_1_239' title='bbox 604 2990 853 3091; x_wconf 52' lang='grc' dir='ltr'>εἰρῆσθαι</span> <span class='ocrx_word' id='word_1_240' title='bbox 884 2993 1000 3091; x_wconf 76' lang='grc' dir='ltr'>νῦν,</span> <span class='ocrx_word' id='word_1_241' title='bbox 1031 2993 1089 3047; x_wconf 77' lang='grc' dir='ltr'>ὃν</span> <span class='ocrx_word' id='word_1_242' title='bbox 1113 2995 1342 3061; x_wconf 74' lang='grc' dir='ltr'>ἕκαστος</span> <span class='ocrx_word' id='word_1_243' title='bbox 1369 3000 1477 3052; x_wconf 79' lang='grc' dir='ltr'><strong>τῶν</strong></span> <span class='ocrx_word' id='word_1_244' title='bbox 1506 2982 1827 3059; x_wconf 73' lang='grc' dir='ltr'>δυσσεϐοὑνο</span> <span class='ocrx_word' id='word_1_245' title='bbox 1851 3026 1896 3091; x_wconf 82' lang='lat' dir='ltr'>C</span> 
     </span>
    </p>
   </div>
   <div class='ocr_carea' id='block_1_35' title="bbox 242 3075 1822 3150">
    <p class='ocr_par' dir='ltr' id='par_1_35' title="bbox 242 3075 1822 3150">
     <span class='ocr_line' id='line_1_35' title="bbox 242 3075 1822 3150; baseline 0.015 -24"><span class='ocrx_word' id='word_1_246' title='bbox 242 3089 356 3127; x_wconf 86' lang='grc' dir='ltr'><strong>των</strong></span> <span class='ocrx_word' id='word_1_247' title='bbox 402 3075 526 3146; x_wconf 79' lang='grc' dir='ltr'>ἄγει</span> <span class='ocrx_word' id='word_1_248' title='bbox 563 3078 831 3150; x_wconf 81' lang='grc' dir='ltr'>σέϐασμα,</span> <span class='ocrx_word' id='word_1_249' title='bbox 869 3081 1010 3137; x_wconf 82' lang='grc' dir='ltr'>οὑτω</span> <span class='ocrx_word' id='word_1_250' title='bbox 1043 3084 1135 3138; x_wconf 86' lang='grc' dir='ltr'><strong>τὸν</strong></span> <span class='ocrx_word' id='word_1_251' title='bbox 1178 3087 1303 3142; x_wconf 83' lang='grc' dir='ltr'>νοῦν</span> <span class='ocrx_word' id='word_1_252' title='bbox 1345 3090 1822 3149; x_wconf 73' lang='grc' dir='ltr'>ἀναπτύσσουσινο</span> 
     </span>
    </p>
   </div>
   <div class='ocr_carea' id='block_1_36' title="bbox 243 3163 1829 3258">
    <p class='ocr_par' dir='ltr' id='par_1_36' title="bbox 243 3163 1829 3258">
     <span class='ocr_line' id='line_1_36' title="bbox 243 3163 1829 3258; baseline 0.018 -44"><span class='ocrx_word' id='word_1_253' title='bbox 243 3163 318 3215; x_wconf 84' lang='grc' dir='ltr'><strong>Οὐ</strong></span> <span class='ocrx_word' id='word_1_254' title='bbox 342 3163 443 3231; x_wconf 86' lang='grc' dir='ltr'>δεῖ,</span> <span class='ocrx_word' id='word_1_255' title='bbox 474 3169 658 3237; x_wconf 67' lang='grc' dir='ltr'>φησὶν,</span> <span class='ocrx_word' id='word_1_256' title='bbox 687 3171 806 3226; x_wconf 80' lang='grc' dir='ltr'>οὐδὲ</span> <span class='ocrx_word' id='word_1_257' title='bbox 829 3174 920 3226; x_wconf 85' lang='grc' dir='ltr'><strong>τὸν</strong></span> <span class='ocrx_word' id='word_1_258' title='bbox 956 3175 1291 3248; x_wconf 78' lang='grc' dir='ltr'>Ἑλληνικαῖς</span> <span class='ocrx_word' id='word_1_259' title='bbox 1315 3183 1634 3254; x_wconf 81' lang='grc' dir='ltr'>θρησκείαις</span> <span class='ocrx_word' id='word_1_260' title='bbox 1657 3204 1829 3258; x_wconf 86' lang='grc' dir='ltr'>προσ-</span> 
     </span>
    </p>
   </div>
   <div class='ocr_carea' id='block_1_37' title="bbox 242 3259 1829 3346">
    <p class='ocr_par' dir='ltr' id='par_1_37' title="bbox 242 3259 1829 3346">
     <span class='ocr_line' id='line_1_37' title="bbox 242 3259 1829 3346; baseline 0.016 -37"><span class='ocrx_word' id='word_1_261' title='bbox 242 3259 603 3328; x_wconf 85' lang='grc' dir='ltr'>ανακείμενον</span> <span class='ocrx_word' id='word_1_262' title='bbox 628 3261 930 3335; x_wconf 78' lang='grc' dir='ltr'>ἐξυϐρίζειν</span> <span class='ocrx_word' id='word_1_263' title='bbox 950 3267 1086 3340; x_wconf 85' lang='grc' dir='ltr'>ὅπερ</span> <span class='ocrx_word' id='word_1_264' title='bbox 1109 3270 1343 3326; x_wconf 84' lang='grc' dir='ltr'>σέϐεται.</span> <span class='ocrx_word' id='word_1_265' title='bbox 1377 3275 1438 3327; x_wconf 82' lang='lat' dir='ltr'><strong>Ei</strong></span> <span class='ocrx_word' id='word_1_266' title='bbox 1468 3276 1574 3346; x_wconf 79' lang='grc' dir='ltr'><strong>γὰρ</strong></span> <span class='ocrx_word' id='word_1_267' title='bbox 1606 3280 1829 3334; x_wconf 90' lang='grc' dir='ltr'>κάκεῖνο</span> 
     </span>
    </p>
   </div>
   <div class='ocr_carea' id='block_1_38' title="bbox 240 3346 1828 3429">
    <p class='ocr_par' dir='ltr' id='par_1_38' title="bbox 240 3346 1828 3429">
     <span class='ocr_line' id='line_1_38' title="bbox 240 3346 1828 3429; baseline 0.017 -30"><span class='ocrx_word' id='word_1_268' title='bbox 240 3346 554 3419; x_wconf 69' lang='grc' dir='ltr'>δυσφημίας</span> <span class='ocrx_word' id='word_1_269' title='bbox 602 3353 750 3406; x_wconf 79' lang='grc' dir='ltr'>ἐστὶν</span> <span class='ocrx_word' id='word_1_270' title='bbox 785 3356 1003 3429; x_wconf 82' lang='grc' dir='ltr'>ἁπάσης</span> <span class='ocrx_word' id='word_1_271' title='bbox 1036 3359 1214 3426; x_wconf 76' lang='grc' dir='ltr'>ἄξιον·</span> <span class='ocrx_word' id='word_1_272' title='bbox 1263 3365 1497 3420; x_wconf 75' lang='grc' dir='ltr'>καὶτῶν</span> <span class='ocrx_word' id='word_1_273' title='bbox 1539 3368 1828 3426; x_wconf 81' lang='grc' dir='ltr'>εὐσεϐούν-</span> 
     </span>
    </p>
   </div>
   <div class='ocr_carea' id='block_1_39' title="bbox 240 3441 1825 3532">
    <p class='ocr_par' dir='ltr' id='par_1_39' title="bbox 240 3441 1825 3532">
     <span class='ocr_line' id='line_1_39' title="bbox 240 3441 1825 3532; baseline 0.017 -42"><span class='ocrx_word' id='word_1_274' title='bbox 240 3455 352 3532; x_wconf 84' lang='grc' dir='ltr'><strong>των</strong></span> <span class='ocrx_word' id='word_1_275' title='bbox 383 3441 596 3513; x_wconf 75' lang='grc' dir='ltr'>ἑκάστῳ</span> <span class='ocrx_word' id='word_1_276' title='bbox 637 3444 911 3518; x_wconf 76' lang='grc' dir='ltr'>βδέλυγμα</span> <span class='ocrx_word' id='word_1_277' title='bbox 940 3453 1032 3504; x_wconf 79' lang='grc' dir='ltr'><strong>καὶ</strong></span> <span class='ocrx_word' id='word_1_278' title='bbox 1058 3453 1374 3522; x_wconf 76' lang='grc' dir='ltr'>νομίζεσθαι</span> <span class='ocrx_word' id='word_1_279' title='bbox 1419 3444 1516 3512; x_wconf 78' lang='grc' dir='ltr'><strong>καὶ</strong></span> <span class='ocrx_word' id='word_1_280' title='bbox 1557 3459 1825 3532; x_wconf 77' lang='grc' dir='ltr'>ὀνομάζε-</span> 
     </span>
    </p>
   </div>
   <div class='ocr_carea' id='block_1_40' title="bbox 243 3530 1825 3618">
    <p class='ocr_par' dir='ltr' id='par_1_40' title="bbox 243 3530 1825 3618">
     <span class='ocr_line' id='line_1_40' title="bbox 243 3530 1825 3618; baseline 0.016 -36"><span class='ocrx_word' id='word_1_281' title='bbox 243 3530 370 3584; x_wconf 87' lang='grc' dir='ltr'>σθαι</span> <span class='ocrx_word' id='word_1_282' title='bbox 427 3533 633 3588; x_wconf 83' lang='grc' dir='ltr'>δίκαιον</span> <span class='ocrx_word' id='word_1_283' title='bbox 657 3552 670 3565; x_wconf 87' lang='grc'><strong>·</strong></span> <span class='ocrx_word' id='word_1_284' title='bbox 711 3538 828 3593; x_wconf 80' lang='grc' dir='ltr'>ἀλλ’</span> <span class='ocrx_word' id='word_1_285' title='bbox 867 3538 961 3595; x_wconf 78' lang='grc' dir='ltr'><strong>οὖν</strong></span> <span class='ocrx_word' id='word_1_286' title='bbox 998 3545 1026 3596; x_wconf 79' lang='grc' dir='ltr'><em>ὅ</em></span> <span class='ocrx_word' id='word_1_287' title='bbox 1069 3561 1132 3612; x_wconf 89' lang='grc' dir='ltr'><strong>γε</strong></span> <span class='ocrx_word' id='word_1_288' title='bbox 1176 3546 1308 3600; x_wconf 84' lang='grc' dir='ltr'>Θεὸν</span> <span class='ocrx_word' id='word_1_289' title='bbox 1337 3548 1595 3618; x_wconf 75' lang='grc' dir='ltr'>νομίζων,</span> <span class='ocrx_word' id='word_1_290' title='bbox 1619 3530 1825 3608; x_wconf 69' lang='grc' dir='ltr'>εἷτα.δὲ</span> 
     </span>
    </p>
   </div>
   <div class='ocr_carea' id='block_1_41' title="bbox 239 3621 1823 3713">
    <p class='ocr_par' dir='ltr' id='par_1_41' title="bbox 239 3621 1823 3713">
     <span class='ocr_line' id='line_1_41' title="bbox 239 3621 1823 3713; baseline 0.016 -40"><span class='ocrx_word' id='word_1_291' title='bbox 239 3621 562 3694; x_wconf 55' lang='grc' dir='ltr'>δυσρημῶν,</span> <span class='ocrx_word' id='word_1_292' title='bbox 600 3629 874 3701; x_wconf 82' lang='grc' dir='ltr'>ἁμαρτίας</span> <span class='ocrx_word' id='word_1_293' title='bbox 933 3635 1080 3687; x_wconf 71' lang='grc' dir='ltr'>ἐστὶν</span> <span class='ocrx_word' id='word_1_294' title='bbox 1125 3636 1329 3708; x_wconf 77' lang='grc' dir='ltr'>ἔνοχος.</span> <span class='ocrx_word' id='word_1_295' title='bbox 1361 3640 1439 3712; x_wconf 78' lang='grc' dir='ltr'>Τῇ</span> <span class='ocrx_word' id='word_1_296' title='bbox 1485 3642 1594 3713; x_wconf 86' lang='grc' dir='ltr'><strong>γὰρ</strong></span> <span class='ocrx_word' id='word_1_297' title='bbox 1625 3643 1823 3698; x_wconf 83' lang='grc' dir='ltr'>ἑαυτοῦ</span> 
     </span>
    </p>
   </div>
   <div class='ocr_carea' id='block_1_42' title="bbox 238 3716 1826 3807">
    <p class='ocr_par' dir='ltr' id='par_1_42' title="bbox 238 3716 1826 3807">
     <span class='ocr_line' id='line_1_42' title="bbox 238 3716 1826 3807; baseline 0.017 -41"><span class='ocrx_word' id='word_1_298' title='bbox 238 3716 432 3787; x_wconf 81' lang='grc' dir='ltr'>γνώμῃ</span> <span class='ocrx_word' id='word_1_299' title='bbox 464 3719 560 3773; x_wconf 79' lang='grc' dir='ltr'>καὶ</span> <span class='ocrx_word' id='word_1_300' title='bbox 579 3722 779 3792; x_wconf 87' lang='grc' dir='ltr'>κρίσει,</span> <span class='ocrx_word' id='word_1_301' title='bbox 803 3725 936 3780; x_wconf 79' lang='grc' dir='ltr'>Θεὸν</span> <span class='ocrx_word' id='word_1_302' title='bbox 962 3728 990 3780; x_wconf 87' lang='grc' dir='ltr'>ὁ</span> <span class='ocrx_word' id='word_1_303' title='bbox 1010 3729 1249 3794; x_wconf 81' lang='grc' dir='ltr'>τοιοῦτος</span> <span class='ocrx_word' id='word_1_304' title='bbox 1271 3733 1558 3787; x_wconf 84' lang='grc' dir='ltr'>ἁλίσκεται</span> <span class='ocrx_word' id='word_1_305' title='bbox 1583 3735 1826 3807; x_wconf 83' lang='grc' dir='ltr'>βλασφη-</span> 
     </span>
    </p>
   </div>
   <div class='ocr_carea' id='block_1_43' title="bbox 242 3809 1823 3892">
    <p class='ocr_par' dir='ltr' id='par_1_43' title="bbox 242 3809 1823 3892">
     <span class='ocr_line' id='line_1_43' title="bbox 242 3809 1823 3892; baseline 0.015 -31"><span class='ocrx_word' id='word_1_306' title='bbox 242 3809 380 3877; x_wconf 80' lang='grc' dir='ltr'>μῶν,</span> <span class='ocrx_word' id='word_1_307' title='bbox 416 3812 508 3864; x_wconf 77' lang='grc' dir='ltr'><strong>καὶ</strong></span> <span class='ocrx_word' id='word_1_308' title='bbox 533 3814 854 3881; x_wconf 83' lang='grc' dir='ltr'>δυσσεϐείας</span> <span class='ocrx_word' id='word_1_309' title='bbox 886 3821 1186 3876; x_wconf 84' lang='grc' dir='ltr'>ὑπεύθυνον</span> <span class='ocrx_word' id='word_1_310' title='bbox 1215 3825 1408 3879; x_wconf 78' lang='grc' dir='ltr'>ἑαυτὸν</span> <span class='ocrx_word' id='word_1_311' title='bbox 1435 3827 1719 3892; x_wconf 84' lang='grc' dir='ltr'>καθιστάς.</span> <span class='ocrx_word' id='word_1_312' title='bbox 1756 3831 1823 3884; x_wconf 91' lang='grc' dir='ltr'>Τί</span> 
     </span>
    </p>
   </div>
   <div class='ocr_carea' id='block_1_44' title="bbox 238 3894 1820 3991">
    <p class='ocr_par' dir='ltr' id='par_1_44' title="bbox 238 3894 1820 3991">
     <span class='ocr_line' id='line_1_44' title="bbox 238 3894 1820 3991; baseline 0.018 -44"><span class='ocrx_word' id='word_1_313' title='bbox 238 3894 368 3966; x_wconf 83' lang='grc' dir='ltr'>γὰρ,</span> <span class='ocrx_word' id='word_1_314' title='bbox 408 3899 526 3953; x_wconf 76' lang='grc' dir='ltr'>ἐνὸν</span> <span class='ocrx_word' id='word_1_315' title='bbox 573 3903 604 3971; x_wconf 80' lang='grc' dir='ltr'>ἢ</span> <span class='ocrx_word' id='word_1_316' title='bbox 650 3903 723 3975; x_wconf 82' lang='grc' dir='ltr'><strong>μὴ</strong></span> <span class='ocrx_word' id='word_1_317' title='bbox 753 3906 953 3971; x_wconf 79' lang='grc' dir='ltr'>σέϐειν,</span> <span class='ocrx_word' id='word_1_318' title='bbox 987 3910 1018 3981; x_wconf 78' lang='grc' dir='ltr'>ἢ</span> <span class='ocrx_word' id='word_1_319' title='bbox 1050 3912 1124 3982; x_wconf 86' lang='grc' dir='ltr'>μὴ</span> <span class='ocrx_word' id='word_1_320' title='bbox 1158 3913 1500 3984; x_wconf 77' lang='grc' dir='ltr'>δυσφημεῖνς</span> <span class='ocrx_word' id='word_1_321' title='bbox 1531 3919 1605 3972; x_wconf 76' lang='grc' dir='ltr'>Σὺ</span> <span class='ocrx_word' id='word_1_322' title='bbox 1637 3919 1696 3974; x_wconf 85' lang='grc' dir='ltr'>δὲ</span> <span class='ocrx_word' id='word_1_323' title='bbox 1727 3937 1820 3991; x_wconf 86' lang='grc' dir='ltr'>μι-</span> 
     </span>
    </p>
   </div>
   <div class='ocr_carea' id='block_1_45' title="bbox 236 3991 1818 4082">
    <p class='ocr_par' dir='ltr' id='par_1_45' title="bbox 236 3991 1818 4082">
     <span class='ocr_line' id='line_1_45' title="bbox 236 3991 1818 4082; baseline 0.016 -41"><span class='ocrx_word' id='word_1_324' title='bbox 236 3992 371 4057; x_wconf 74' lang='grc' dir='ltr'>γνὺς</span> <span class='ocrx_word' id='word_1_325' title='bbox 404 3991 472 4046; x_wconf 81' lang='grc' dir='ltr'>τὰ</span> <span class='ocrx_word' id='word_1_326' title='bbox 511 3997 823 4067; x_wconf 73' lang='grc' dir='ltr'>ἀσύμϐατα,</span> <span class='ocrx_word' id='word_1_327' title='bbox 849 4003 987 4074; x_wconf 78' lang='grc' dir='ltr'>ὅπερ</span> <span class='ocrx_word' id='word_1_328' title='bbox 1027 4004 1208 4070; x_wconf 78' lang='grc' dir='ltr'>σέϐεις</span> <span class='ocrx_word' id='word_1_329' title='bbox 1237 4007 1396 4061; x_wconf 88' lang='grc' dir='ltr'>τοῦτο</span> <span class='ocrx_word' id='word_1_330' title='bbox 1422 4008 1727 4082; x_wconf 71' lang='grc' dir='ltr'>δυσφημεῖν</span> <span class='ocrx_word' id='word_1_331' title='bbox 1755 4023 1780 4052; x_wconf 76' lang='grc'>³</span> <span class='ocrx_word' id='word_1_332' title='bbox 1802 4030 1818 4048; x_wconf 74' lang='grc'><strong><em>⁸</em></strong></span> 
     </span>
    </p>
   </div>
   <div class='ocr_carea' id='block_1_46' title="bbox 237 4083 1816 4185">
    <p class='ocr_par' dir='ltr' id='par_1_46' title="bbox 237 4083 1816 4185">
     <span class='ocr_line' id='line_1_46' title="bbox 237 4083 1816 4185; baseline 0.017 -53"><span class='ocrx_word' id='word_1_333' title='bbox 237 4083 545 4185; x_wconf 60' lang='grc' dir='ltr'>κατέγνως,</span> <span class='ocrx_word' id='word_1_334' title='bbox 570 4090 857 4163; x_wconf 77' lang='grc' dir='ltr'>ἀπόστηθι.</span> <span class='ocrx_word' id='word_1_335' title='bbox 904 4094 1041 4148; x_wconf 81' lang='grc' dir='ltr'>Ἀλλ’</span> <span class='ocrx_word' id='word_1_336' title='bbox 1087 4097 1166 4151; x_wconf 80' lang='grc' dir='ltr'><strong>ἔτι</strong></span> <span class='ocrx_word' id='word_1_337' title='bbox 1223 4100 1503 4174; x_wconf 80' lang='grc' dir='ltr'>προσέρχῃ</span> <span class='ocrx_word' id='word_1_338' title='bbox 1547 4102 1623 4166; x_wconf 85' lang='grc' dir='ltr'>ὡς</span> <span class='ocrx_word' id='word_1_339' title='bbox 1678 4104 1816 4176; x_wconf 83' lang='grc' dir='ltr'>Θεῷ,</span> 
     </span>
    </p>
   </div>
   <div class='ocr_carea' id='block_1_47' title="bbox 236 4178 1820 4262">
    <p class='ocr_par' dir='ltr' id='par_1_47' title="bbox 236 4178 1820 4262">
     <span class='ocr_line' id='line_1_47' title="bbox 236 4178 1820 4262; baseline 0.016 -38"><span class='ocrx_word' id='word_1_340' title='bbox 236 4178 356 4237; x_wconf 76' lang='grc' dir='ltr'><strong>πῶς</strong></span> <span class='ocrx_word' id='word_1_341' title='bbox 385 4178 445 4228; x_wconf 85' lang='grc' dir='ltr'><strong>οὑ</strong></span> <span class='ocrx_word' id='word_1_342' title='bbox 480 4179 751 4251; x_wconf 67' lang='grc' dir='ltr'>πέφρικας</span> <span class='ocrx_word' id='word_1_343' title='bbox 782 4184 1105 4258; x_wconf 77' lang='grc' dir='ltr'>δυσφημεῖν,</span> <span class='ocrx_word' id='word_1_344' title='bbox 1149 4190 1244 4243; x_wconf 62' lang='grc' dir='ltr'><strong>καὶ¹</strong></span> <span class='ocrx_word' id='word_1_345' title='bbox 1274 4192 1435 4262; x_wconf 85' lang='grc' dir='ltr'>ἀραῖς</span> <span class='ocrx_word' id='word_1_346' title='bbox 1465 4193 1698 4262; x_wconf 87' lang='grc' dir='ltr'>ὑπάγειν</span> <span class='ocrx_word' id='word_1_347' title='bbox 1726 4196 1820 4252; x_wconf 83' lang='grc' dir='ltr'><strong>τὸν</strong></span> 
     </span>
    </p>
   </div>
   <div class='ocr_carea' id='block_1_48' title="bbox 236 4262 1818 4353">
    <p class='ocr_par' dir='ltr' id='par_1_48' title="bbox 236 4262 1818 4353">
     <span class='ocr_line' id='line_1_48' title="bbox 236 4262 1818 4353; baseline 0.016 -38"><span class='ocrx_word' id='word_1_348' title='bbox 236 4262 316 4319; x_wconf 77' lang='grc' dir='ltr'>ἔτι</span> <span class='ocrx_word' id='word_1_349' title='bbox 369 4283 449 4320; x_wconf 88' lang='grc' dir='ltr'><strong>σοι</strong></span> <span class='ocrx_word' id='word_1_350' title='bbox 484 4268 905 4343; x_wconf 79' lang='grc' dir='ltr'>λατρευόμενον;</span> <span class='ocrx_word' id='word_1_351' title='bbox 947 4296 966 4330; x_wconf 85' lang='grc' dir='ltr'><strong>ι</strong></span> <span class='ocrx_word' id='word_1_352' title='bbox 996 4279 1318 4351; x_wconf 81' lang='grc' dir='ltr'>Ἀνθρωπος</span> <span class='ocrx_word' id='word_1_353' title='bbox 1364 4285 1678 4353; x_wconf 80' lang='grc' dir='ltr'>τοιγαροῦν,</span> <span class='ocrx_word' id='word_1_354' title='bbox 1723 4285 1818 4340; x_wconf 84' lang='grc' dir='ltr'><strong>ἄν·</strong></span> 
     </span>
    </p>
   </div>
   <div class='ocr_carea' id='block_1_49' title="bbox 1951 431 3530 505">
    <p class='ocr_par' dir='ltr' id='par_1_49' title="bbox 1951 431 3530 505">
     <span class='ocr_line' id='line_1_49' title="bbox 1951 431 3530 505; baseline 0.008 -20"><span class='ocrx_word' id='word_1_355' title='bbox 1951 431 2130 489; x_wconf 85' lang='lat' dir='ltr'><strong>Moses</strong></span> <span class='ocrx_word' id='word_1_356' title='bbox 2165 437 2368 491; x_wconf 86' lang='lat' dir='ltr'><strong>dicitur</strong></span> <span class='ocrx_word' id='word_1_357' title='bbox 2400 439 2536 492; x_wconf 80' lang='lat' dir='ltr'><strong>Deus</strong></span> <span class='ocrx_word' id='word_1_358' title='bbox 2574 438 2896 505; x_wconf 74' lang='lat' dir='ltr'><strong>Pharaonis,</strong></span> <span class='ocrx_word' id='word_1_359' title='bbox 2939 456 2969 494; x_wconf 92' lang='lat' dir='ltr'><strong>e</strong></span> <span class='ocrx_word' id='word_1_360' title='bbox 3000 441 3155 496; x_wconf 82' lang='lat' dir='ltr'><strong>dictis</strong></span> <span class='ocrx_word' id='word_1_361' title='bbox 3197 441 3389 496; x_wconf 91' lang='lat' dir='ltr'><strong>scitur.</strong></span> <span class='ocrx_word' id='word_1_362' title='bbox 3425 441 3530 498; x_wconf 82' lang='lat' dir='ltr'><strong>Sed</strong></span> 
     </span>
    </p>
   </div>
   <div class='ocr_carea' id='block_1_50' title="bbox 1947 525 3528 600">
    <p class='ocr_par' dir='ltr' id='par_1_50' title="bbox 1947 525 3528 600">
     <span class='ocr_line' id='line_1_50' title="bbox 1947 525 3528 600; baseline 0.006 -23"><span class='ocrx_word' id='word_1_363' title='bbox 1947 525 2247 596; x_wconf 84' lang='lat' dir='ltr'><strong>conjectari</strong></span> <span class='ocrx_word' id='word_1_364' title='bbox 2287 540 2545 599; x_wconf 64' lang='lat' dir='ltr'><strong>prseterea</strong></span> <span class='ocrx_word' id='word_1_365' title='bbox 2578 531 2724 596; x_wconf 91' lang='lat' dir='ltr'><strong>licet,</strong></span> <span class='ocrx_word' id='word_1_366' title='bbox 2783 532 2928 600; x_wconf 83' lang='lat' dir='ltr'><strong>quod</strong></span> <span class='ocrx_word' id='word_1_367' title='bbox 2961 533 3168 595; x_wconf 84' lang='lat' dir='ltr'><strong>Aaron,</strong></span> <span class='ocrx_word' id='word_1_368' title='bbox 3213 533 3378 588; x_wconf 92' lang='lat' dir='ltr'><strong>homo</strong></span> <span class='ocrx_word' id='word_1_369' title='bbox 3405 550 3528 587; x_wconf 88' lang='lat' dir='ltr'><strong>cum</strong></span> 
     </span>
    </p>
   </div>
   <div class='ocr_carea' id='block_1_51' title="bbox 1945 616 3529 686">
    <p class='ocr_par' dir='ltr' id='par_1_51' title="bbox 1945 616 3529 686">
     <span class='ocr_line' id='line_1_51' title="bbox 1945 616 3529 686; baseline 0.003 -17"><span class='ocrx_word' id='word_1_370' title='bbox 1945 624 2113 680; x_wconf 87' lang='lat' dir='ltr'><strong>esset,</strong></span> <span class='ocrx_word' id='word_1_371' title='bbox 2152 616 2248 686; x_wconf 87' lang='lat' dir='ltr'><strong>qui</strong></span> <span class='ocrx_word' id='word_1_372' title='bbox 2280 617 2535 671; x_wconf 90' lang='lat' dir='ltr'><strong>virtutem</strong></span> <span class='ocrx_word' id='word_1_373' title='bbox 2568 628 2868 685; x_wconf 74' lang='lat' dir='ltr'><strong>exerceret,</strong></span> <span class='ocrx_word' id='word_1_374' title='bbox 2899 629 2954 673; x_wconf 89' lang='lat' dir='ltr'><strong>et</strong></span> <span class='ocrx_word' id='word_1_375' title='bbox 2983 619 3237 675; x_wconf 82' lang='lat' dir='ltr'><strong>fortassis</strong></span> <span class='ocrx_word' id='word_1_376' title='bbox 3266 621 3529 676; x_wconf 86' lang='lat' dir='ltr'><strong>miracula</strong></span> 
     </span>
    </p>
   </div>
   <div class='ocr_carea' id='block_1_52' title="bbox 1946 709 3377 780">
    <p class='ocr_par' dir='ltr' id='par_1_52' title="bbox 1946 709 3377 780">
     <span class='ocr_line' id='line_1_52' title="bbox 1946 709 3377 780; baseline 0.005 -19"><span class='ocrx_word' id='word_1_377' title='bbox 1946 717 2286 777; x_wconf 81' lang='lat' dir='ltr'><strong>Operaretur,</strong></span> <span class='ocrx_word' id='word_1_378' title='bbox 2319 709 2512 764; x_wconf 84' lang='lat' dir='ltr'><strong>nnllibi</strong></span> <span class='ocrx_word' id='word_1_379' title='bbox 2539 710 2842 780; x_wconf 81' lang='lat' dir='ltr'><strong>appelletur</strong></span> <span class='ocrx_word' id='word_1_380' title='bbox 2873 711 3014 766; x_wconf 83' lang='lat' dir='ltr'><strong>Deus</strong></span> <span class='ocrx_word' id='word_1_381' title='bbox 3053 711 3377 768; x_wconf 76' lang='lat' dir='ltr'><strong>Pharaonis.</strong></span> 
     </span>
    </p>
   </div>
   <div class='ocr_carea' id='block_1_53' title="bbox 2014 972 3532 1044">
    <p class='ocr_par' dir='ltr' id='par_1_53' title="bbox 2014 972 3532 1044">
     <span class='ocr_line' id='line_1_53' title="bbox 2014 972 3532 1044; baseline -0.002 -14"><span class='ocrx_word' id='word_1_382' title='bbox 2014 977 2068 1030; x_wconf 75' lang='grc'><strong>4.</strong></span> <span class='ocrx_word' id='word_1_383' title='bbox 2102 973 2208 1030; x_wconf 82' lang='lat' dir='ltr'><strong>Ista</strong></span> <span class='ocrx_word' id='word_1_384' title='bbox 2231 974 2331 1029; x_wconf 84' lang='lat' dir='ltr'><strong>tria</strong></span> <span class='ocrx_word' id='word_1_385' title='bbox 2373 989 2496 1028; x_wconf 90' lang='lat' dir='ltr'><strong>eum</strong></span> <span class='ocrx_word' id='word_1_386' title='bbox 2530 973 2774 1043; x_wconf 82' lang='lat' dir='ltr'><strong>subjecta</strong></span> <span class='ocrx_word' id='word_1_387' title='bbox 2809 973 3151 1044; x_wconf 83' lang='lat' dir='ltr'><strong>reperiantur</strong></span> <span class='ocrx_word' id='word_1_388' title='bbox 3178 972 3374 1028; x_wconf 71' lang='lat' dir='ltr'><strong>divina:</strong></span> <span class='ocrx_word' id='word_1_389' title='bbox 3402 988 3532 1043; x_wconf 82' lang='lat' dir='ltr'><strong>pro-</strong></span> 
     </span>
    </p>
   </div>
   <div class='ocr_carea' id='block_1_54' title="bbox 1945 1066 3530 1138">
    <p class='ocr_par' dir='ltr' id='par_1_54' title="bbox 1945 1066 3530 1138">
     <span class='ocr_line' id='line_1_54' title="bbox 1945 1066 3530 1138; baseline -0.001 -18"><span class='ocrx_word' id='word_1_390' title='bbox 1945 1068 2136 1138; x_wconf 74' lang='lat' dir='ltr'><strong>posita:</strong></span> <span class='ocrx_word' id='word_1_391' title='bbox 2168 1066 2596 1133; x_wconf 84' lang='lat' dir='ltr'><strong>nominationis;</strong></span> <span class='ocrx_word' id='word_1_392' title='bbox 2648 1082 2882 1135; x_wconf 90' lang='lat' dir='ltr'><strong>quorum</strong></span> <span class='ocrx_word' id='word_1_393' title='bbox 2937 1083 3103 1119; x_wconf 92' lang='lat' dir='ltr'><strong>unum</strong></span> <span class='ocrx_word' id='word_1_394' title='bbox 3146 1066 3382 1135; x_wconf 84' lang='lat' dir='ltr'><strong>proprie,</strong></span> <span class='ocrx_word' id='word_1_395' title='bbox 3420 1067 3530 1119; x_wconf 91' lang='lat' dir='ltr'><strong>duo</strong></span> 
     </span>
    </p>
   </div>
   <div class='ocr_carea' id='block_1_55' title="bbox 1945 1157 3524 1230">
    <p class='ocr_par' dir='ltr' id='par_1_55' title="bbox 1945 1157 3524 1230">
     <span class='ocr_line' id='line_1_55' title="bbox 1945 1157 3524 1230; baseline -0.001 -18"><span class='ocrx_word' id='word_1_396' title='bbox 1945 1159 2276 1230; x_wconf 87' lang='lat' dir='ltr'><strong>homonyme</strong></span> <span class='ocrx_word' id='word_1_397' title='bbox 2310 1159 2570 1213; x_wconf 87' lang='lat' dir='ltr'><strong>dicuntur</strong></span> <span class='ocrx_word' id='word_1_398' title='bbox 2606 1175 2620 1212; x_wconf 87' lang='lat'><strong>:</strong></span> <span class='ocrx_word' id='word_1_399' title='bbox 2656 1159 2760 1212; x_wconf 90' lang='lat' dir='ltr'><strong>alia</strong></span> <span class='ocrx_word' id='word_1_400' title='bbox 2812 1157 2960 1213; x_wconf 80' lang='lat' dir='ltr'><strong>vocis</strong></span> <span class='ocrx_word' id='word_1_401' title='bbox 2999 1157 3327 1227; x_wconf 81' lang='lat' dir='ltr'><strong>significatio</strong></span> <span class='ocrx_word' id='word_1_402' title='bbox 3366 1174 3524 1226; x_wconf 84' lang='lat' dir='ltr'><strong>repe-</strong></span> 
     </span>
    </p>
   </div>
   <div class='ocr_carea' id='block_1_56' title="bbox 1942 1250 3525 1320">
    <p class='ocr_par' dir='ltr' id='par_1_56' title="bbox 1942 1250 3525 1320">
     <span class='ocr_line' id='line_1_56' title="bbox 1942 1250 3525 1320; baseline 0 -16"><span class='ocrx_word' id='word_1_403' title='bbox 1942 1251 2038 1304; x_wconf 87' lang='lat' dir='ltr'><strong>riri</strong></span> <span class='ocrx_word' id='word_1_404' title='bbox 2072 1260 2264 1320; x_wconf 71' lang='lat' dir='ltr'><strong>potest,</strong></span> <span class='ocrx_word' id='word_1_405' title='bbox 2310 1265 2417 1304; x_wconf 92' lang='lat' dir='ltr'><strong>non</strong></span> <span class='ocrx_word' id='word_1_406' title='bbox 2463 1250 2692 1304; x_wconf 80' lang='lat' dir='ltr'><strong>formata</strong></span> <span class='ocrx_word' id='word_1_407' title='bbox 2729 1252 3005 1319; x_wconf 59' lang='lat' dir='ltr'><strong>opinione,</strong></span> <span class='ocrx_word' id='word_1_408' title='bbox 3044 1266 3143 1304; x_wconf 88' lang='lat' dir='ltr'><strong>usu</strong></span> <span class='ocrx_word' id='word_1_409' title='bbox 3186 1259 3394 1304; x_wconf 88' lang='lat' dir='ltr'><strong>tantum</strong></span> <span class='ocrx_word' id='word_1_410' title='bbox 3425 1252 3525 1304; x_wconf 89' lang='lat' dir='ltr'><strong>ob-</strong></span> 
     </span>
    </p>
   </div>
   <div class='ocr_carea' id='block_1_57' title="bbox 1944 1341 3522 1412">
    <p class='ocr_par' dir='ltr' id='par_1_57' title="bbox 1944 1341 3522 1412">
     <span class='ocr_line' id='line_1_57' title="bbox 1944 1341 3522 1412; baseline 0 -16"><span class='ocrx_word' id='word_1_411' title='bbox 1944 1342 2148 1397; x_wconf 88' lang='lat' dir='ltr'><strong>tinente</strong></span> <span class='ocrx_word' id='word_1_412' title='bbox 2196 1343 2504 1396; x_wconf 77' lang='lat' dir='ltr'><strong>divinarum</strong></span> <span class='ocrx_word' id='word_1_413' title='bbox 2541 1341 2974 1410; x_wconf 84' lang='lat' dir='ltr'><strong>Scripturarum.</strong></span> <span class='ocrx_word' id='word_1_414' title='bbox 3009 1341 3140 1407; x_wconf 77' lang='lat' dir='ltr'><strong>Qua:</strong></span> <span class='ocrx_word' id='word_1_415' title='bbox 3173 1343 3317 1396; x_wconf 88' lang='lat' dir='ltr'><strong>enim</strong></span> <span class='ocrx_word' id='word_1_416' title='bbox 3355 1358 3384 1396; x_wconf 87' lang='lat' dir='ltr'><strong>a</strong></span> <span class='ocrx_word' id='word_1_417' title='bbox 3424 1358 3522 1412; x_wconf 87' lang='lat' dir='ltr'><strong>pa-</strong></span> 
     </span>
    </p>
   </div>
   <div class='ocr_carea' id='block_1_58' title="bbox 1941 1433 3528 1505">
    <p class='ocr_par' dir='ltr' id='par_1_58' title="bbox 1941 1433 3528 1505">
     <span class='ocr_line' id='line_1_58' title="bbox 1941 1433 3528 1505; baseline -0.001 -15"><span class='ocrx_word' id='word_1_418' title='bbox 1941 1435 2098 1505; x_wconf 79' lang='lat' dir='ltr'><strong>ganis</strong></span> <span class='ocrx_word' id='word_1_419' title='bbox 2128 1434 2442 1489; x_wconf 78' lang='lat' dir='ltr'><strong>colebantur</strong></span> <span class='ocrx_word' id='word_1_420' title='bbox 2480 1435 2728 1494; x_wconf 85' lang='lat' dir='ltr'><strong>numina,</strong></span> <span class='ocrx_word' id='word_1_421' title='bbox 2764 1433 2885 1487; x_wconf 77' lang='lat' dir='ltr'><strong>deos</strong></span> <span class='ocrx_word' id='word_1_422' title='bbox 2920 1435 3191 1487; x_wconf 79' lang='lat' dir='ltr'><strong>interdum</strong></span> <span class='ocrx_word' id='word_1_423' title='bbox 3239 1443 3393 1488; x_wconf 87' lang='lat' dir='ltr'><strong>vocat</strong></span> <span class='ocrx_word' id='word_1_424' title='bbox 3430 1451 3528 1502; x_wconf 85' lang='lat' dir='ltr'><strong>per</strong></span> 
     </span>
    </p>
   </div>
   <div class='ocr_carea' id='block_1_59' title="bbox 1941 1528 3519 1599">
    <p class='ocr_par' dir='ltr' id='par_1_59' title="bbox 1941 1528 3519 1599">
     <span class='ocr_line' id='line_1_59' title="bbox 1941 1528 3519 1599; baseline -0.002 -14"><span class='ocrx_word' id='word_1_425' title='bbox 1941 1530 2210 1593; x_wconf 85' lang='lat' dir='ltr'><strong>ironiam,</strong></span> <span class='ocrx_word' id='word_1_426' title='bbox 2265 1531 2317 1584; x_wconf 91' lang='lat' dir='ltr'><strong>in</strong></span> <span class='ocrx_word' id='word_1_427' title='bbox 2377 1529 2775 1584; x_wconf 78' lang='lat' dir='ltr'><strong>convictionem</strong></span> <span class='ocrx_word' id='word_1_428' title='bbox 2837 1544 3026 1597; x_wconf 84' lang='lat' dir='ltr'><strong>eorum</strong></span> <span class='ocrx_word' id='word_1_429' title='bbox 3083 1529 3174 1599; x_wconf 89' lang='lat' dir='ltr'><strong>qui</strong></span> <span class='ocrx_word' id='word_1_430' title='bbox 3229 1528 3519 1583; x_wconf 78' lang='lat' dir='ltr'><strong>colebant:</strong></span> 
     </span>
    </p>
   </div>
   <div class='ocr_carea' id='block_1_60' title="bbox 1945 1620 3521 1691">
    <p class='ocr_par' dir='ltr' id='par_1_60' title="bbox 1945 1620 3521 1691">
     <span class='ocr_line' id='line_1_60' title="bbox 1945 1620 3521 1691; baseline 0 -15"><span class='ocrx_word' id='word_1_431' title='bbox 1945 1642 1964 1676; x_wconf 78' lang='grc' dir='ltr'><strong>ι</strong></span> <span class='ocrx_word' id='word_1_432' title='bbox 2013 1621 2110 1686; x_wconf 87' lang='lat' dir='ltr'><strong>Ite,</strong></span> <span class='ocrx_word' id='word_1_433' title='bbox 2143 1621 2340 1691; x_wconf 81' lang='lat' dir='ltr'><strong>inquit,</strong></span> <span class='ocrx_word' id='word_1_434' title='bbox 2369 1629 2422 1675; x_wconf 91' lang='lat' dir='ltr'><strong>et</strong></span> <span class='ocrx_word' id='word_1_435' title='bbox 2452 1620 2744 1675; x_wconf 78' lang='lat' dir='ltr'><strong>inclamata</strong></span> <span class='ocrx_word' id='word_1_436' title='bbox 2775 1621 2913 1690; x_wconf 90' lang='lat' dir='ltr'><strong>apud</strong></span> <span class='ocrx_word' id='word_1_437' title='bbox 2943 1622 3072 1676; x_wconf 88' lang='lat' dir='ltr'><strong>deos</strong></span> <span class='ocrx_word' id='word_1_438' title='bbox 3113 1636 3254 1690; x_wconf 86' lang='lat' dir='ltr'><strong>quos</strong></span> <span class='ocrx_word' id='word_1_439' title='bbox 3285 1620 3521 1689; x_wconf 78' lang='lat' dir='ltr'><strong>elegistis</strong></span> 
     </span>
    </p>
   </div>
   <div class='ocr_carea' id='block_1_61' title="bbox 1938 1709 3522 1780">
    <p class='ocr_par' dir='ltr' id='par_1_61' title="bbox 1938 1709 3522 1780">
     <span class='ocr_line' id='line_1_61' title="bbox 1938 1709 3522 1780; baseline -0.004 -10"><span class='ocrx_word' id='word_1_440' title='bbox 1938 1715 2113 1778; x_wconf 77' lang='lat' dir='ltr'><strong>vobis,</strong></span> <span class='ocrx_word' id='word_1_441' title='bbox 2167 1725 2220 1768; x_wconf 88' lang='lat' dir='ltr'><strong>et</strong></span> <span class='ocrx_word' id='word_1_442' title='bbox 2271 1713 2372 1780; x_wconf 87' lang='lat' dir='ltr'><strong>ipsi</strong></span> <span class='ocrx_word' id='word_1_443' title='bbox 2402 1726 2500 1767; x_wconf 90' lang='lat' dir='ltr'><strong>vos</strong></span> <span class='ocrx_word' id='word_1_444' title='bbox 2530 1711 2714 1767; x_wconf 83' lang='lat' dir='ltr'><strong>salvos</strong></span> <span class='ocrx_word' id='word_1_445' title='bbox 2744 1709 2942 1765; x_wconf 82' lang='lat' dir='ltr'><strong>facient</strong></span> <span class='ocrx_word' id='word_1_446' title='bbox 2963 1713 3011 1776; x_wconf 60' lang='lat'><strong>&#39;5;</strong></span> <span class='ocrx_word' id='word_1_447' title='bbox 3043 1729 3061 1762; x_wconf 90' lang='grc'><strong>‹</strong></span> <span class='ocrx_word' id='word_1_448' title='bbox 3095 1726 3235 1778; x_wconf 75' lang='grc' dir='ltr'><strong>εωρο</strong></span> <span class='ocrx_word' id='word_1_449' title='bbox 3273 1712 3431 1765; x_wconf 84' lang='lat' dir='ltr'><strong>etiam</strong></span> <span class='ocrx_word' id='word_1_450' title='bbox 3464 1720 3522 1764; x_wconf 87' lang='lat' dir='ltr'><strong>ut</strong></span> 
     </span>
    </p>
   </div>
   <div class='ocr_carea' id='block_1_62' title="bbox 1919 1801 3524 1873">
    <p class='ocr_par' dir='ltr' id='par_1_62' title="bbox 1919 1801 3524 1873">
     <span class='ocr_line' id='line_1_62' title="bbox 1919 1801 3524 1873; baseline -0.001 -17"><span class='ocrx_word' id='word_1_451' title='bbox 1919 1805 2317 1861; x_wconf 75' lang='lat' dir='ltr'><strong>tantummodo</strong></span> <span class='ocrx_word' id='word_1_452' title='bbox 2359 1803 2560 1857; x_wconf 78' lang='lat' dir='ltr'><strong>indicet</strong></span> <span class='ocrx_word' id='word_1_453' title='bbox 2589 1818 2750 1873; x_wconf 88' lang='lat' dir='ltr'><strong>quem</strong></span> <span class='ocrx_word' id='word_1_454' title='bbox 2803 1802 3072 1872; x_wconf 74' lang='lat' dir='ltr'><strong>designat,</strong></span> <span class='ocrx_word' id='word_1_455' title='bbox 3130 1801 3202 1855; x_wconf 88' lang='lat' dir='ltr'><strong>ita</strong></span> <span class='ocrx_word' id='word_1_456' title='bbox 3249 1801 3524 1870; x_wconf 57' lang='lat' dir='ltr'><strong>appullare</strong></span> 
     </span>
    </p>
   </div>
   <div class='ocr_carea' id='block_1_63' title="bbox 1939 1890 3524 1962">
    <p class='ocr_par' dir='ltr' id='par_1_63' title="bbox 1939 1890 3524 1962">
     <span class='ocr_line' id='line_1_63' title="bbox 1939 1890 3524 1962; baseline -0.006 -8"><span class='ocrx_word' id='word_1_457' title='bbox 1939 1899 2123 1954; x_wconf 83' lang='lat' dir='ltr'><strong>solet:</strong></span> <span class='ocrx_word' id='word_1_458' title='bbox 2166 1915 2184 1946; x_wconf 82' lang='grc' dir='ltr'><strong>ι</strong></span> <span class='ocrx_word' id='word_1_459' title='bbox 2228 1895 2344 1949; x_wconf 79' lang='lat' dir='ltr'><strong>Non</strong></span> <span class='ocrx_word' id='word_1_460' title='bbox 2397 1903 2588 1956; x_wconf 87' lang='lat' dir='ltr'><strong>erunt,</strong></span> <span class='ocrx_word' id='word_1_461' title='bbox 2646 1893 2852 1962; x_wconf 86' lang='lat' dir='ltr'><strong>inquit,</strong></span> <span class='ocrx_word' id='word_1_462' title='bbox 2911 1892 3007 1946; x_wconf 85' lang='lat' dir='ltr'><strong>tibi</strong></span> <span class='ocrx_word' id='word_1_463' title='bbox 3065 1892 3138 1946; x_wconf 91' lang='lat' dir='ltr'><strong>dii</strong></span> <span class='ocrx_word' id='word_1_464' title='bbox 3190 1890 3279 1945; x_wconf 83' lang='lat' dir='ltr'><strong>alii</strong></span> <span class='ocrx_word' id='word_1_465' title='bbox 3328 1901 3524 1960; x_wconf 74' lang='lat' dir='ltr'><strong>przeter</strong></span> 
     </span>
    </p>
   </div>
   <div class='ocr_carea' id='block_1_64' title="bbox 1939 1983 3522 2052">
    <p class='ocr_par' dir='ltr' id='par_1_64' title="bbox 1939 1983 3522 2052">
     <span class='ocr_line' id='line_1_64' title="bbox 1939 1983 3522 2052; baseline -0.003 -9"><span class='ocrx_word' id='word_1_466' title='bbox 1939 1989 2079 2044; x_wconf 59' lang='lat' dir='ltr'><strong>me“.</strong></span> <span class='ocrx_word' id='word_1_467' title='bbox 2117 2008 2134 2039; x_wconf 77' lang='grc' dir='ltr'><strong>ι</strong></span> <span class='ocrx_word' id='word_1_468' title='bbox 2173 1989 2234 2041; x_wconf 80' lang='lat' dir='ltr'><strong>Et</strong></span> <span class='ocrx_word' id='word_1_469' title='bbox 2268 2005 2281 2041; x_wconf 93' lang='lat'><strong>:</strong></span> <span class='ocrx_word' id='word_1_470' title='bbox 2321 2005 2336 2037; x_wconf 81' lang='grc' dir='ltr'><strong>ι</strong></span> <span class='ocrx_word' id='word_1_471' title='bbox 2372 1987 2568 2040; x_wconf 84' lang='lat' dir='ltr'><strong>Annon</strong></span> <span class='ocrx_word' id='word_1_472' title='bbox 2617 1985 2820 2039; x_wconf 76' lang='lat' dir='ltr'><strong>fecistis</strong></span> <span class='ocrx_word' id='word_1_473' title='bbox 2869 1985 3024 2038; x_wconf 87' lang='lat' dir='ltr'><strong>vobis</strong></span> <span class='ocrx_word' id='word_1_474' title='bbox 3074 1983 3202 2037; x_wconf 67' lang='lat' dir='ltr'><strong>deos</strong></span> <span class='ocrx_word' id='word_1_475' title='bbox 3236 1993 3522 2052; x_wconf 76' lang='lat' dir='ltr'><strong>argenteos</strong></span> 
     </span>
    </p>
   </div>
   <div class='ocr_carea' id='block_1_65' title="bbox 1936 2076 3123 2147">
    <p class='ocr_par' dir='ltr' id='par_1_65' title="bbox 1936 2076 3123 2147">
     <span class='ocr_line' id='line_1_65' title="bbox 1936 2076 3123 2147; baseline -0.005 -13"><span class='ocrx_word' id='word_1_476' title='bbox 1936 2087 1990 2135; x_wconf 90' lang='lat' dir='ltr'><strong>ct</strong></span> <span class='ocrx_word' id='word_1_477' title='bbox 2022 2078 2288 2134; x_wconf 83' lang='lat' dir='ltr'><strong>aureos&quot;?</strong></span> <span class='ocrx_word' id='word_1_478' title='bbox 2326 2097 2345 2130; x_wconf 74' lang='grc' dir='ltr'><strong>ι</strong></span> <span class='ocrx_word' id='word_1_479' title='bbox 2382 2076 2489 2134; x_wconf 85' lang='lat' dir='ltr'><strong>Sed</strong></span> <span class='ocrx_word' id='word_1_480' title='bbox 2519 2077 2806 2147; x_wconf 77' lang='lat' dir='ltr'><strong>multiplex</strong></span> <span class='ocrx_word' id='word_1_481' title='bbox 2835 2076 2935 2130; x_wconf 88' lang='lat' dir='ltr'><strong>iste</strong></span> <span class='ocrx_word' id='word_1_482' title='bbox 2967 2089 3123 2129; x_wconf 56' lang='lat' dir='ltr'><strong>usas.</strong></span> 
     </span>
    </p>
   </div>
   <div class='ocr_carea' id='block_1_66' title="bbox 2017 2248 3519 2325">
    <p class='ocr_par' dir='ltr' id='par_1_66' title="bbox 2017 2248 3519 2325">
     <span class='ocr_line' id='line_1_66' title="bbox 2017 2248 3519 2325; baseline -0.006 -15"><span class='ocrx_word' id='word_1_483' title='bbox 2017 2255 2068 2310; x_wconf 83' lang='lat'><strong>5.</strong></span> <span class='ocrx_word' id='word_1_484' title='bbox 2107 2255 2206 2311; x_wconf 86' lang='lat' dir='ltr'><strong>Ista</strong></span> <span class='ocrx_word' id='word_1_485' title='bbox 2238 2261 2477 2325; x_wconf 85' lang='lat' dir='ltr'><strong>quatuor</strong></span> <span class='ocrx_word' id='word_1_486' title='bbox 2499 2252 2646 2307; x_wconf 78' lang='lat' dir='ltr'><strong>vocis</strong></span> <span class='ocrx_word' id='word_1_487' title='bbox 2677 2251 2810 2305; x_wconf 81' lang='lat' dir='ltr'><strong>Deus</strong></span> <span class='ocrx_word' id='word_1_488' title='bbox 2833 2251 3135 2319; x_wconf 63' lang='lat' dir='ltr'><strong>significata</strong></span> <span class='ocrx_word' id='word_1_489' title='bbox 3164 2264 3287 2304; x_wconf 89' lang='lat' dir='ltr'><strong>cum</strong></span> <span class='ocrx_word' id='word_1_490' title='bbox 3323 2248 3519 2302; x_wconf 79' lang='lat' dir='ltr'><strong>distin-</strong></span> 
     </span>
    </p>
   </div>
   <div class='ocr_carea' id='block_1_67' title="bbox 1937 2342 3518 2419">
    <p class='ocr_par' dir='ltr' id='par_1_67' title="bbox 1937 2342 3518 2419">
     <span class='ocr_line' id='line_1_67' title="bbox 1937 2342 3518 2419; baseline -0.006 -19"><span class='ocrx_word' id='word_1_491' title='bbox 1937 2359 2196 2419; x_wconf 74' lang='lat' dir='ltr'><strong>guantur,</strong></span> <span class='ocrx_word' id='word_1_492' title='bbox 2233 2347 2517 2403; x_wconf 88' lang='lat' dir='ltr'><strong>sciendum</strong></span> <span class='ocrx_word' id='word_1_493' title='bbox 2548 2353 2650 2409; x_wconf 91' lang='lat' dir='ltr'><strong>est,</strong></span> <span class='ocrx_word' id='word_1_494' title='bbox 2687 2352 2745 2396; x_wconf 89' lang='lat' dir='ltr'><strong>ut</strong></span> <span class='ocrx_word' id='word_1_495' title='bbox 2774 2342 2997 2396; x_wconf 89' lang='lat' dir='ltr'><strong>dubium</strong></span> <span class='ocrx_word' id='word_1_496' title='bbox 3030 2357 3058 2395; x_wconf 91' lang='lat' dir='ltr'><strong>a</strong></span> <span class='ocrx_word' id='word_1_497' title='bbox 3094 2351 3144 2396; x_wconf 92' lang='lat' dir='ltr'><strong>te</strong></span> <span class='ocrx_word' id='word_1_498' title='bbox 3183 2342 3518 2412; x_wconf 86' lang='lat' dir='ltr'><strong>propositum</strong></span> 
     </span>
    </p>
   </div>
   <div class='ocr_carea' id='block_1_68' title="bbox 1935 2433 3515 2509">
    <p class='ocr_par' dir='ltr' id='par_1_68' title="bbox 1935 2433 3515 2509">
     <span class='ocr_line' id='line_1_68' title="bbox 1935 2433 3515 2509; baseline -0.006 -15"><span class='ocrx_word' id='word_1_499' title='bbox 1935 2441 2290 2509; x_wconf 71' lang='lat' dir='ltr'><strong>explicemus,</strong></span> <span class='ocrx_word' id='word_1_500' title='bbox 2335 2457 2354 2490; x_wconf 80' lang='grc' dir='ltr'><strong>ι</strong></span> <span class='ocrx_word' id='word_1_501' title='bbox 2402 2437 2575 2491; x_wconf 89' lang='lat' dir='ltr'><strong>llomo</strong></span> <span class='ocrx_word' id='word_1_502' title='bbox 2601 2435 2696 2506; x_wconf 88' lang='lat' dir='ltr'><strong>qui</strong></span> <span class='ocrx_word' id='word_1_503' title='bbox 2738 2433 2848 2489; x_wconf 84' lang='lat' dir='ltr'><strong>Deo</strong></span> <span class='ocrx_word' id='word_1_504' title='bbox 2879 2433 3185 2500; x_wconf 88' lang='lat' dir='ltr'><strong>maledicct,</strong></span> <span class='ocrx_word' id='word_1_505' title='bbox 3236 2441 3515 2503; x_wconf 89' lang='lat' dir='ltr'><strong>peceatum</strong></span> 
     </span>
    </p>
   </div>
   <div class='ocr_carea' id='block_1_69' title="bbox 1936 2531 2382 2599">
    <p class='ocr_par' dir='ltr' id='par_1_69' title="bbox 1936 2531 2382 2599">
     <span class='ocr_line' id='line_1_69' title="bbox 1936 2531 2382 2599; baseline -0.002 -13"><span class='ocrx_word' id='word_1_506' title='bbox 1936 2532 2113 2599; x_wconf 83' lang='lat' dir='ltr'><strong>capiet</strong></span> <span class='ocrx_word' id='word_1_507' title='bbox 2134 2531 2176 2592; x_wconf 81' lang='grc'><strong>⁸,</strong></span> <span class='ocrx_word' id='word_1_508' title='bbox 2215 2549 2234 2581; x_wconf 72' lang='grc' dir='ltr'><strong>ι</strong></span> <span class='ocrx_word' id='word_1_509' title='bbox 2275 2538 2382 2585; x_wconf 87' lang='lat' dir='ltr'><strong>etc.</strong></span> 
     </span>
    </p>
   </div>
   <div class='ocr_carea' id='block_1_70' title="bbox 2009 2614 3516 2691">
    <p class='ocr_par' dir='ltr' id='par_1_70' title="bbox 2009 2614 3516 2691">
     <span class='ocr_line' id='line_1_70' title="bbox 2009 2614 3516 2691; baseline -0.005 -15"><span class='ocrx_word' id='word_1_510' title='bbox 2009 2622 2147 2676; x_wconf 89' lang='lat' dir='ltr'><strong>Sunt</strong></span> <span class='ocrx_word' id='word_1_511' title='bbox 2178 2621 2270 2691; x_wconf 90' lang='lat' dir='ltr'><strong>qui</strong></span> <span class='ocrx_word' id='word_1_512' title='bbox 2301 2636 2426 2675; x_wconf 88' lang='lat' dir='ltr'><strong>vere</strong></span> <span class='ocrx_word' id='word_1_513' title='bbox 2459 2630 2513 2677; x_wconf 91' lang='lat' dir='ltr'><strong>et</strong></span> <span class='ocrx_word' id='word_1_514' title='bbox 2551 2620 2768 2691; x_wconf 81' lang='lat' dir='ltr'><strong>preprie</strong></span> <span class='ocrx_word' id='word_1_515' title='bbox 2803 2617 3029 2688; x_wconf 82' lang='lat' dir='ltr'><strong>intelligi</strong></span> <span class='ocrx_word' id='word_1_516' title='bbox 3063 2615 3234 2671; x_wconf 88' lang='lat' dir='ltr'><strong>Deum</strong></span> <span class='ocrx_word' id='word_1_517' title='bbox 3270 2614 3459 2669; x_wconf 80' lang='lat' dir='ltr'><strong>volunt</strong></span> <span class='ocrx_word' id='word_1_518' title='bbox 3501 2630 3516 2668; x_wconf 90' lang='lat'><strong>:</strong></span> 
     </span>
    </p>
   </div>
   <div class='ocr_carea' id='block_1_71' title="bbox 1935 2707 3520 2782">
    <p class='ocr_par' dir='ltr' id='par_1_71' title="bbox 1935 2707 3520 2782">
     <span class='ocr_line' id='line_1_71' title="bbox 1935 2707 3520 2782; baseline -0.004 -13"><span class='ocrx_word' id='word_1_519' title='bbox 1935 2716 2027 2770; x_wconf 83' lang='lat' dir='ltr'><strong>alii</strong></span> <span class='ocrx_word' id='word_1_520' title='bbox 2059 2714 2200 2768; x_wconf 85' lang='lat' dir='ltr'><strong>falso</strong></span> <span class='ocrx_word' id='word_1_521' title='bbox 2235 2715 2456 2770; x_wconf 87' lang='lat' dir='ltr'><strong>nomine</strong></span> <span class='ocrx_word' id='word_1_522' title='bbox 2490 2714 2666 2770; x_wconf 83' lang='lat' dir='ltr'><strong>dictos</strong></span> <span class='ocrx_word' id='word_1_523' title='bbox 2695 2731 2709 2769; x_wconf 84' lang='lat'>;</span> <span class='ocrx_word' id='word_1_524' title='bbox 2749 2711 3076 2782; x_wconf 84' lang='lat' dir='ltr'><strong>principium</strong></span> <span class='ocrx_word' id='word_1_525' title='bbox 3111 2724 3239 2762; x_wconf 79' lang='lat' dir='ltr'><strong>vero</strong></span> <span class='ocrx_word' id='word_1_526' title='bbox 3272 2708 3373 2763; x_wconf 90' lang='lat' dir='ltr'><strong>sibi</strong></span> <span class='ocrx_word' id='word_1_527' title='bbox 3404 2707 3520 2762; x_wconf 88' lang='lat' dir='ltr'><strong>dis-</strong></span> 
     </span>
    </p>
   </div>
   <div class='ocr_carea' id='block_1_72' title="bbox 1934 2798 3520 2877">
    <p class='ocr_par' dir='ltr' id='par_1_72' title="bbox 1934 2798 3520 2877">
     <span class='ocr_line' id='line_1_72' title="bbox 1934 2798 3520 2877; baseline -0.008 -13"><span class='ocrx_word' id='word_1_528' title='bbox 1934 2822 2167 2877; x_wconf 88' lang='lat' dir='ltr'><strong>crepans</strong></span> <span class='ocrx_word' id='word_1_529' title='bbox 2198 2806 2552 2861; x_wconf 89' lang='lat' dir='ltr'><strong>substernunt</strong></span> <span class='ocrx_word' id='word_1_530' title='bbox 2580 2804 2690 2868; x_wconf 80' lang='lat' dir='ltr'><strong>isti,</strong></span> <span class='ocrx_word' id='word_1_531' title='bbox 2722 2813 2775 2858; x_wconf 91' lang='lat' dir='ltr'><strong>et</strong></span> <span class='ocrx_word' id='word_1_532' title='bbox 2799 2799 3167 2856; x_wconf 86' lang='lat' dir='ltr'><strong>diversimode</strong></span> <span class='ocrx_word' id='word_1_533' title='bbox 3197 2798 3264 2853; x_wconf 88' lang='lat' dir='ltr'><strong>de</strong></span> <span class='ocrx_word' id='word_1_534' title='bbox 3291 2814 3520 2868; x_wconf 89' lang='lat' dir='ltr'><strong>sequen-</strong></span> 
     </span>
    </p>
   </div>
   <div class='ocr_carea' id='block_1_73' title="bbox 1935 2882 3520 2964">
    <p class='ocr_par' dir='ltr' id='par_1_73' title="bbox 1935 2882 3520 2964">
     <span class='ocr_line' id='line_1_73' title="bbox 1935 2882 3520 2964; baseline -0.008 -8"><span class='ocrx_word' id='word_1_535' title='bbox 1935 2902 2081 2956; x_wconf 90' lang='lat' dir='ltr'><strong>tibus</strong></span> <span class='ocrx_word' id='word_1_536' title='bbox 2125 2897 2513 2954; x_wconf 87' lang='lat' dir='ltr'><strong>determiuant.</strong></span> <span class='ocrx_word' id='word_1_537' title='bbox 2557 2882 2689 2950; x_wconf 81' lang='lat' dir='ltr'><strong>Nam</strong></span> <span class='ocrx_word' id='word_1_538' title='bbox 2736 2895 2829 2964; x_wconf 88' lang='lat' dir='ltr'><strong>qui</strong></span> <span class='ocrx_word' id='word_1_539' title='bbox 2876 2899 3192 2962; x_wconf 89' lang='lat' dir='ltr'><strong>supponunt</strong></span> <span class='ocrx_word' id='word_1_540' title='bbox 3224 2889 3394 2945; x_wconf 91' lang='lat' dir='ltr'><strong>Deum</strong></span> <span class='ocrx_word' id='word_1_541' title='bbox 3431 2890 3520 2944; x_wconf 90' lang='lat' dir='ltr'><strong>hic</strong></span> 
     </span>
    </p>
   </div>
   <div class='ocr_carea' id='block_1_74' title="bbox 1934 2981 3515 3059">
    <p class='ocr_par' dir='ltr' id='par_1_74' title="bbox 1934 2981 3515 3059">
     <span class='ocr_line' id='line_1_74' title="bbox 1934 2981 3515 3059; baseline -0.008 -12"><span class='ocrx_word' id='word_1_542' title='bbox 1934 2990 2188 3059; x_wconf 78' lang='lat' dir='ltr'><strong>intelligi,</strong></span> <span class='ocrx_word' id='word_1_543' title='bbox 2217 3005 2379 3058; x_wconf 88' lang='lat' dir='ltr'><strong>quem</strong></span> <span class='ocrx_word' id='word_1_544' title='bbox 2424 3003 2522 3056; x_wconf 90' lang='lat' dir='ltr'><strong>pro</strong></span> <span class='ocrx_word' id='word_1_545' title='bbox 2557 2987 2782 3041; x_wconf 75' lang='lat' dir='ltr'><strong>numine</strong></span> <span class='ocrx_word' id='word_1_546' title='bbox 2813 2984 3087 3055; x_wconf 81' lang='lat' dir='ltr'><strong>quispiam</strong></span> <span class='ocrx_word' id='word_1_547' title='bbox 3117 2982 3306 3038; x_wconf 88' lang='lat' dir='ltr'><strong>adorat</strong></span> <span class='ocrx_word' id='word_1_548' title='bbox 3334 2981 3515 3052; x_wconf 83' lang='lat' dir='ltr'><strong>impie,</strong></span> 
     </span>
    </p>
   </div>
   <div class='ocr_carea' id='block_1_75' title="bbox 1929 3075 3518 3147">
    <p class='ocr_par' dir='ltr' id='par_1_75' title="bbox 1929 3075 3518 3147">
     <span class='ocr_line' id='line_1_75' title="bbox 1929 3075 3518 3147; baseline -0.009 -7"><span class='ocrx_word' id='word_1_549' title='bbox 1929 3099 2150 3140; x_wconf 83' lang='lat' dir='ltr'><strong>sensum</strong></span> <span class='ocrx_word' id='word_1_550' title='bbox 2186 3082 2258 3136; x_wconf 92' lang='lat' dir='ltr'><strong>ita</strong></span> <span class='ocrx_word' id='word_1_551' title='bbox 2289 3082 2563 3135; x_wconf 78' lang='lat' dir='ltr'><strong>reddunt:</strong></span> <span class='ocrx_word' id='word_1_552' title='bbox 2617 3077 2734 3133; x_wconf 86' lang='lat' dir='ltr'><strong>Non</strong></span> <span class='ocrx_word' id='word_1_553' title='bbox 2797 3086 3005 3147; x_wconf 81' lang='lat' dir='ltr'><strong>Oportet</strong></span> <span class='ocrx_word' id='word_1_554' title='bbox 3060 3090 3126 3128; x_wconf 82' lang='lat' dir='ltr'><strong>ne</strong></span> <span class='ocrx_word' id='word_1_555' title='bbox 3165 3075 3380 3144; x_wconf 89' lang='lat' dir='ltr'><strong>quidem</strong></span> <span class='ocrx_word' id='word_1_556' title='bbox 3419 3088 3518 3142; x_wconf 90' lang='lat' dir='ltr'><strong>pa-</strong></span> 
     </span>
    </p>
   </div>
   <div class='ocr_carea' id='block_1_76' title="bbox 1930 3163 3517 3246">
    <p class='ocr_par' dir='ltr' id='par_1_76' title="bbox 1930 3163 3517 3246">
     <span class='ocr_line' id='line_1_76' title="bbox 1930 3163 3517 3246; baseline -0.007 -16"><span class='ocrx_word' id='word_1_557' title='bbox 1930 3176 2138 3246; x_wconf 73' lang='lat' dir='ltr'><strong>ganica:</strong></span> <span class='ocrx_word' id='word_1_558' title='bbox 2175 3173 2459 3245; x_wconf 79' lang='lat' dir='ltr'><strong>religionis</strong></span> <span class='ocrx_word' id='word_1_559' title='bbox 2508 3172 2815 3234; x_wconf 88' lang='lat' dir='ltr'><strong>addictum,</strong></span> <span class='ocrx_word' id='word_1_560' title='bbox 2872 3167 3220 3223; x_wconf 85' lang='lat' dir='ltr'><strong>contumeliis</strong></span> <span class='ocrx_word' id='word_1_561' title='bbox 3269 3165 3320 3220; x_wconf 89' lang='lat' dir='ltr'><strong>id</strong></span> <span class='ocrx_word' id='word_1_562' title='bbox 3370 3163 3517 3234; x_wconf 88' lang='lat' dir='ltr'><strong>quod</strong></span> 
     </span>
    </p>
   </div>
   <div class='ocr_carea' id='block_1_77' title="bbox 1938 3255 3516 3327">
    <p class='ocr_par' dir='ltr' id='par_1_77' title="bbox 1938 3255 3516 3327">
     <span class='ocr_line' id='line_1_77' title="bbox 1938 3255 3516 3327; baseline -0.01 -3"><span class='ocrx_word' id='word_1_563' title='bbox 1938 3269 2068 3324; x_wconf 85' lang='lat' dir='ltr'><strong>colit</strong></span> <span class='ocrx_word' id='word_1_564' title='bbox 2097 3267 2312 3322; x_wconf 82' lang='lat' dir='ltr'><strong>allicere</strong></span> <span class='ocrx_word' id='word_1_565' title='bbox 2348 3285 2361 3321; x_wconf 90' lang='lat'>:</span> <span class='ocrx_word' id='word_1_566' title='bbox 2410 3281 2533 3320; x_wconf 90' lang='lat' dir='ltr'><strong>nam</strong></span> <span class='ocrx_word' id='word_1_567' title='bbox 2574 3264 2702 3318; x_wconf 87' lang='lat' dir='ltr'><strong>licet</strong></span> <span class='ocrx_word' id='word_1_568' title='bbox 2737 3263 2787 3316; x_wconf 89' lang='lat' dir='ltr'><strong>id</strong></span> <span class='ocrx_word' id='word_1_569' title='bbox 2834 3270 3107 3315; x_wconf 87' lang='lat' dir='ltr'><strong>mereatur</strong></span> <span class='ocrx_word' id='word_1_570' title='bbox 3151 3257 3344 3327; x_wconf 79' lang='lat' dir='ltr'><strong>quavis</strong></span> <span class='ocrx_word' id='word_1_571' title='bbox 3372 3255 3516 3310; x_wconf 77' lang='lat' dir='ltr'><strong>affici</strong></span> 
     </span>
    </p>
   </div>
   <div class='ocr_carea' id='block_1_78' title="bbox 1926 3348 3518 3425">
    <p class='ocr_par' dir='ltr' id='par_1_78' title="bbox 1926 3348 3518 3425">
     <span class='ocr_line' id='line_1_78' title="bbox 1926 3348 3518 3425; baseline -0.011 -9"><span class='ocrx_word' id='word_1_572' title='bbox 1926 3360 2286 3423; x_wconf 85' lang='lat' dir='ltr'><strong>contumelia,</strong></span> <span class='ocrx_word' id='word_1_573' title='bbox 2318 3367 2374 3414; x_wconf 94' lang='lat' dir='ltr'><strong>et</strong></span> <span class='ocrx_word' id='word_1_574' title='bbox 2427 3374 2458 3413; x_wconf 89' lang='lat' dir='ltr'><strong>a</strong></span> <span class='ocrx_word' id='word_1_575' title='bbox 2495 3356 2628 3411; x_wconf 83' lang='lat' dir='ltr'><strong>viris</strong></span> <span class='ocrx_word' id='word_1_576' title='bbox 2672 3353 2945 3425; x_wconf 89' lang='lat' dir='ltr'><strong>religiosis</strong></span> <span class='ocrx_word' id='word_1_577' title='bbox 2995 3365 3094 3422; x_wconf 91' lang='lat' dir='ltr'><strong>pro</strong></span> <span class='ocrx_word' id='word_1_578' title='bbox 3153 3348 3518 3404; x_wconf 76' lang='lat' dir='ltr'><strong>abominanda</strong></span> 
     </span>
    </p>
   </div>
   <div class='ocr_carea' id='block_1_79' title="bbox 1926 3440 3517 3512">
    <p class='ocr_par' dir='ltr' id='par_1_79' title="bbox 1926 3440 3517 3512">
     <span class='ocr_line' id='line_1_79' title="bbox 1926 3440 3517 3512; baseline -0.011 -5"><span class='ocrx_word' id='word_1_579' title='bbox 1926 3451 2115 3508; x_wconf 87' lang='lat' dir='ltr'><strong>haberi</strong></span> <span class='ocrx_word' id='word_1_580' title='bbox 2172 3451 2368 3506; x_wconf 87' lang='lat' dir='ltr'><strong>debeat</strong></span> <span class='ocrx_word' id='word_1_581' title='bbox 2399 3457 2452 3504; x_wconf 89' lang='lat' dir='ltr'><strong>et</strong></span> <span class='ocrx_word' id='word_1_582' title='bbox 2500 3447 2806 3512; x_wconf 89' lang='lat' dir='ltr'><strong>nominari;</strong></span> <span class='ocrx_word' id='word_1_583' title='bbox 2859 3445 2906 3499; x_wconf 92' lang='lat' dir='ltr'><strong>is</strong></span> <span class='ocrx_word' id='word_1_584' title='bbox 2945 3453 3122 3496; x_wconf 88' lang='lat' dir='ltr'><strong>tamen</strong></span> <span class='ocrx_word' id='word_1_585' title='bbox 3157 3441 3250 3511; x_wconf 91' lang='lat' dir='ltr'><strong>qui</strong></span> <span class='ocrx_word' id='word_1_586' title='bbox 3306 3440 3356 3494; x_wconf 89' lang='lat' dir='ltr'><strong>id</strong></span> <span class='ocrx_word' id='word_1_587' title='bbox 3417 3453 3517 3508; x_wconf 84' lang='lat' dir='ltr'><strong>pro</strong></span> 
     </span>
    </p>
   </div>
   <div class='ocr_carea' id='block_1_80' title="bbox 1927 3530 3518 3608">
    <p class='ocr_par' dir='ltr' id='par_1_80' title="bbox 1927 3530 3518 3608">
     <span class='ocr_line' id='line_1_80' title="bbox 1927 3530 3518 3608; baseline -0.012 -9"><span class='ocrx_word' id='word_1_588' title='bbox 1927 3545 2038 3599; x_wconf 91' lang='lat' dir='ltr'><strong>Deo</strong></span> <span class='ocrx_word' id='word_1_589' title='bbox 2091 3543 2287 3608; x_wconf 85' lang='lat' dir='ltr'><strong>habet,</strong></span> <span class='ocrx_word' id='word_1_590' title='bbox 2323 3551 2376 3596; x_wconf 91' lang='lat' dir='ltr'><strong>et</strong></span> <span class='ocrx_word' id='word_1_591' title='bbox 2421 3549 2535 3594; x_wconf 91' lang='lat' dir='ltr'><strong>tum</strong></span> <span class='ocrx_word' id='word_1_592' title='bbox 2592 3538 2970 3607; x_wconf 83' lang='lat' dir='ltr'><strong>blasphemat,</strong></span> <span class='ocrx_word' id='word_1_593' title='bbox 3020 3541 3231 3586; x_wconf 81' lang='lat' dir='ltr'><strong>reatum</strong></span> <span class='ocrx_word' id='word_1_594' title='bbox 3285 3530 3518 3584; x_wconf 90' lang='lat' dir='ltr'><strong>incurrit</strong></span> 
     </span>
    </p>
   </div>
   <div class='ocr_carea' id='block_1_81' title="bbox 1924 3623 3516 3707">
    <p class='ocr_par' dir='ltr' id='par_1_81' title="bbox 1924 3623 3516 3707">
     <span class='ocr_line' id='line_1_81' title="bbox 1924 3623 3516 3707; baseline -0.01 -16"><span class='ocrx_word' id='word_1_595' title='bbox 1924 3634 2156 3707; x_wconf 87' lang='lat' dir='ltr'><strong>peccati.</strong></span> <span class='ocrx_word' id='word_1_596' title='bbox 2185 3631 2320 3688; x_wconf 83' lang='lat' dir='ltr'><strong>Nam</strong></span> <span class='ocrx_word' id='word_1_597' title='bbox 2357 3648 2424 3686; x_wconf 79' lang='lat' dir='ltr'><strong>ex</strong></span> <span class='ocrx_word' id='word_1_598' title='bbox 2454 3631 2622 3686; x_wconf 88' lang='lat' dir='ltr'><strong>animi</strong></span> <span class='ocrx_word' id='word_1_599' title='bbox 2652 3630 2736 3683; x_wconf 91' lang='lat' dir='ltr'><strong>sui</strong></span> <span class='ocrx_word' id='word_1_600' title='bbox 2787 3629 3082 3690; x_wconf 82' lang='lat' dir='ltr'><strong>sententia,</strong></span> <span class='ocrx_word' id='word_1_601' title='bbox 3120 3624 3291 3680; x_wconf 87' lang='lat' dir='ltr'><strong>Deum</strong></span> <span class='ocrx_word' id='word_1_602' title='bbox 3338 3623 3516 3677; x_wconf 84' lang='lat' dir='ltr'><strong>mani-</strong></span> 
     </span>
    </p>
   </div>
   <div class='ocr_carea' id='block_1_82' title="bbox 1924 3721 3514 3794">
    <p class='ocr_par' dir='ltr' id='par_1_82' title="bbox 1924 3721 3514 3794">
     <span class='ocr_line' id='line_1_82' title="bbox 1924 3721 3514 3794; baseline -0.008 -12"><span class='ocrx_word' id='word_1_603' title='bbox 1924 3727 2062 3783; x_wconf 88' lang='lat' dir='ltr'><strong>feste</strong></span> <span class='ocrx_word' id='word_1_604' title='bbox 2097 3726 2476 3794; x_wconf 80' lang='lat' dir='ltr'><strong>blasphemat,</strong></span> <span class='ocrx_word' id='word_1_605' title='bbox 2525 3732 2581 3777; x_wconf 91' lang='lat' dir='ltr'><strong>et</strong></span> <span class='ocrx_word' id='word_1_606' title='bbox 2628 3721 2922 3792; x_wconf 84' lang='lat' dir='ltr'><strong>impietatis</strong></span> <span class='ocrx_word' id='word_1_607' title='bbox 2964 3735 3024 3775; x_wconf 86' lang='lat' dir='ltr'><strong>se</strong></span> <span class='ocrx_word' id='word_1_608' title='bbox 3071 3734 3224 3774; x_wconf 87' lang='lat' dir='ltr'><strong>reum</strong></span> <span class='ocrx_word' id='word_1_609' title='bbox 3271 3723 3514 3788; x_wconf 65' lang='lat' dir='ltr'><strong>praestat.</strong></span> 
     </span>
    </p>
   </div>
   <div class='ocr_carea' id='block_1_83' title="bbox 1923 3811 3517 3882">
    <p class='ocr_par' dir='ltr' id='par_1_83' title="bbox 1923 3811 3517 3882">
     <span class='ocr_line' id='line_1_83' title="bbox 1923 3811 3517 3882; baseline -0.01 -6"><span class='ocrx_word' id='word_1_610' title='bbox 1923 3823 2188 3876; x_wconf 85' lang='lat' dir='ltr'><strong>Ccrteaut</strong></span> <span class='ocrx_word' id='word_1_611' title='bbox 2217 3817 2704 3882; x_wconf 86' lang='lat' dir='ltr'><strong>noucoluisse,aut</strong></span> <span class='ocrx_word' id='word_1_612' title='bbox 2726 3829 2832 3868; x_wconf 91' lang='lat' dir='ltr'><strong>non</strong></span> <span class='ocrx_word' id='word_1_613' title='bbox 2888 3811 3293 3882; x_wconf 87' lang='lat' dir='ltr'><strong>blasphemasse</strong></span> <span class='ocrx_word' id='word_1_614' title='bbox 3353 3823 3517 3878; x_wconf 86' lang='lat' dir='ltr'><strong>opor-</strong></span> 
     </span>
    </p>
   </div>
   <div class='ocr_carea' id='block_1_84' title="bbox 1926 3901 3512 3973">
    <p class='ocr_par' dir='ltr' id='par_1_84' title="bbox 1926 3901 3512 3973">
     <span class='ocr_line' id='line_1_84' title="bbox 1926 3901 3512 3973; baseline -0.007 -9"><span class='ocrx_word' id='word_1_615' title='bbox 1926 3910 2050 3965; x_wconf 89' lang='lat' dir='ltr'><strong>tuit.</strong></span> <span class='ocrx_word' id='word_1_616' title='bbox 2109 3907 2194 3962; x_wconf 85' lang='lat' dir='ltr'><strong>Tu</strong></span> <span class='ocrx_word' id='word_1_617' title='bbox 2273 3906 2599 3961; x_wconf 85' lang='lat' dir='ltr'><strong>eommisces</strong></span> <span class='ocrx_word' id='word_1_618' title='bbox 2661 3903 3114 3973; x_wconf 86' lang='lat' dir='ltr'><strong>incongruentia,</strong></span> <span class='ocrx_word' id='word_1_619' title='bbox 3173 3902 3301 3955; x_wconf 93' lang='lat' dir='ltr'><strong>dum</strong></span> <span class='ocrx_word' id='word_1_620' title='bbox 3367 3901 3512 3970; x_wconf 87' lang='lat' dir='ltr'><strong>quod</strong></span> 
     </span>
    </p>
   </div>
   <div class='ocr_carea' id='block_1_85' title="bbox 1921 3990 3514 4068">
    <p class='ocr_par' dir='ltr' id='par_1_85' title="bbox 1921 3990 3514 4068">
     <span class='ocr_line' id='line_1_85' title="bbox 1921 3990 3514 4068; baseline -0.008 -12"><span class='ocrx_word' id='word_1_621' title='bbox 1921 4000 2091 4061; x_wconf 87' lang='lat' dir='ltr'><strong>colis,</strong></span> <span class='ocrx_word' id='word_1_622' title='bbox 2148 3997 2491 4068; x_wconf 88' lang='lat' dir='ltr'><strong>blasphemas</strong></span> <span class='ocrx_word' id='word_1_623' title='bbox 2543 3994 2698 4052; x_wconf 87' lang='lat' dir='ltr'><strong>illud.</strong></span> <span class='ocrx_word' id='word_1_624' title='bbox 2752 3993 2808 4048; x_wconf 92' lang='lat' dir='ltr'><strong>Si</strong></span> <span class='ocrx_word' id='word_1_625' title='bbox 2864 3994 3229 4056; x_wconf 87' lang='lat' dir='ltr'><strong>condemnas,</strong></span> <span class='ocrx_word' id='word_1_626' title='bbox 3282 3990 3351 4044; x_wconf 87' lang='lat' dir='ltr'><strong>ab</strong></span> <span class='ocrx_word' id='word_1_627' title='bbox 3395 3990 3514 4059; x_wconf 71' lang='lat' dir='ltr'><strong>ejus</strong></span> 
     </span>
    </p>
   </div>
   <div class='ocr_carea' id='block_1_86' title="bbox 1922 4081 3510 4153">
    <p class='ocr_par' dir='ltr' id='par_1_86' title="bbox 1922 4081 3510 4153">
     <span class='ocr_line' id='line_1_86' title="bbox 1922 4081 3510 4153; baseline -0.007 -9"><span class='ocrx_word' id='word_1_628' title='bbox 1922 4091 2072 4145; x_wconf 84' lang='lat' dir='ltr'><strong>cultu</strong></span> <span class='ocrx_word' id='word_1_629' title='bbox 2116 4090 2327 4144; x_wconf 89' lang='lat' dir='ltr'><strong>recede.</strong></span> <span class='ocrx_word' id='word_1_630' title='bbox 2360 4087 2416 4141; x_wconf 89' lang='lat' dir='ltr'><strong>Si</strong></span> <span class='ocrx_word' id='word_1_631' title='bbox 2450 4096 2629 4141; x_wconf 90' lang='lat' dir='ltr'><strong>tamen</strong></span> <span class='ocrx_word' id='word_1_632' title='bbox 2663 4083 2877 4139; x_wconf 86' lang='lat' dir='ltr'><strong>accedis</strong></span> <span class='ocrx_word' id='word_1_633' title='bbox 2916 4093 3174 4153; x_wconf 88' lang='lat' dir='ltr'><strong>tanquam</strong></span> <span class='ocrx_word' id='word_1_634' title='bbox 3206 4082 3270 4138; x_wconf 89' lang='lat' dir='ltr'><strong>ad</strong></span> <span class='ocrx_word' id='word_1_635' title='bbox 3311 4081 3510 4146; x_wconf 87' lang='lat' dir='ltr'><strong>Deum,</strong></span> 
     </span>
    </p>
   </div>
   <div class='ocr_carea' id='block_1_87' title="bbox 1921 4177 3512 4252">
    <p class='ocr_par' dir='ltr' id='par_1_87' title="bbox 1921 4177 3512 4252">
     <span class='ocr_line' id='line_1_87' title="bbox 1921 4177 3512 4252; baseline -0.005 -16"><span class='ocrx_word' id='word_1_636' title='bbox 1921 4197 2088 4252; x_wconf 87' lang='lat' dir='ltr'><strong>quare</strong></span> <span class='ocrx_word' id='word_1_637' title='bbox 2118 4199 2226 4236; x_wconf 91' lang='lat' dir='ltr'><strong>non</strong></span> <span class='ocrx_word' id='word_1_638' title='bbox 2259 4179 2522 4235; x_wconf 84' lang='lat' dir='ltr'><strong>formidas</strong></span> <span class='ocrx_word' id='word_1_639' title='bbox 2548 4179 2688 4234; x_wconf 81' lang='lat' dir='ltr'><strong>male</strong></span> <span class='ocrx_word' id='word_1_640' title='bbox 2719 4177 2902 4232; x_wconf 85' lang='lat' dir='ltr'><strong>verbis</strong></span> <span class='ocrx_word' id='word_1_641' title='bbox 2936 4177 3234 4240; x_wconf 86' lang='lat' dir='ltr'><strong>incessere,</strong></span> <span class='ocrx_word' id='word_1_642' title='bbox 3268 4185 3322 4229; x_wconf 88' lang='lat' dir='ltr'><strong>et</strong></span> <span class='ocrx_word' id='word_1_643' title='bbox 3351 4191 3512 4230; x_wconf 84' lang='lat' dir='ltr'><strong>exse-</strong></span> 
     </span>
    </p>
   </div>
   <div class='ocr_carea' id='block_1_88' title="bbox 1922 4265 3511 4342">
    <p class='ocr_par' dir='ltr' id='par_1_88' title="bbox 1922 4265 3511 4342">
     <span class='ocr_line' id='line_1_88' title="bbox 1922 4265 3511 4342; baseline -0.006 -13"><span class='ocrx_word' id='word_1_644' title='bbox 1922 4273 2154 4329; x_wconf 90' lang='lat' dir='ltr'><strong>crationi</strong></span> <span class='ocrx_word' id='word_1_645' title='bbox 2186 4271 2475 4342; x_wconf 86' lang='lat' dir='ltr'><strong>subjicere,</strong></span> <span class='ocrx_word' id='word_1_646' title='bbox 2506 4285 2664 4337; x_wconf 86' lang='lat' dir='ltr'><strong>quem</strong></span> <span class='ocrx_word' id='word_1_647' title='bbox 2697 4269 2878 4324; x_wconf 88' lang='lat' dir='ltr'><strong>colis?</strong></span> <span class='ocrx_word' id='word_1_648' title='bbox 2926 4267 3194 4342; x_wconf 81' lang='lat' dir='ltr'><strong>Quocirca</strong></span> <span class='ocrx_word' id='word_1_649' title='bbox 3263 4286 3281 4319; x_wconf 86' lang='grc'><em>‹</em></span> <span class='ocrx_word' id='word_1_650' title='bbox 3334 4265 3511 4320; x_wconf 70' lang='lat' dir='ltr'><strong>nemo</strong></span> 
     </span>
    </p>
   </div>
   <div class='ocr_carea' id='block_1_89' title="bbox 236 4353 1844 4449">
    <p class='ocr_par' dir='ltr' id='par_1_89' title="bbox 236 4353 1822 4449">
     <span class='ocr_line' id='line_1_89' title="bbox 236 4353 1822 4449; baseline 0.015 -44"><span class='ocrx_word' id='word_1_651' title='bbox 236 4353 473 4425; x_wconf 84' lang='grc' dir='ltr'>θρωπος,</span> <span class='ocrx_word' id='word_1_652' title='bbox 522 4359 580 4424; x_wconf 79' lang='grc' dir='ltr'>ὃς</span> <span class='ocrx_word' id='word_1_653' title='bbox 635 4366 1017 4438; x_wconf 78' lang='grc' dir='ltr'>καταράσηται</span> <span class='ocrx_word' id='word_1_654' title='bbox 1071 4371 1203 4423; x_wconf 80' lang='grc' dir='ltr'>Θεὸν</span> <span class='ocrx_word' id='word_1_655' title='bbox 1267 4372 1454 4437; x_wconf 86' lang='grc' dir='ltr'>αὑτοῦ,</span> <span class='ocrx_word' id='word_1_656' title='bbox 1516 4371 1607 4427; x_wconf 73' lang='grc' dir='ltr'>διὰ</span> <span class='ocrx_word' id='word_1_657' title='bbox 1663 4375 1822 4449; x_wconf 56' lang='lat' dir='ltr'><strong>Vino</strong></span> 
     </span>
    </p>
   </div>
   <div class='ocr_carea' id='block_1_90' title="bbox 1936 4353 3513 4449">
    <p class='ocr_par' dir='ltr' id='par_1_90' title="bbox 1936 4358 3513 4435">
     <span class='ocr_line' id='line_1_90' title="bbox 1936 4358 3513 4435; baseline -0.006 -15"><span class='ocrx_word' id='word_1_658' title='bbox 1936 4367 2018 4421; x_wconf 82' lang='lat' dir='ltr'><strong>ille</strong></span> <span class='ocrx_word' id='word_1_659' title='bbox 2051 4365 2148 4435; x_wconf 90' lang='lat' dir='ltr'><strong>qui</strong></span> <span class='ocrx_word' id='word_1_660' title='bbox 2176 4372 2496 4419; x_wconf 81' lang='lat' dir='ltr'><strong>exsecratur</strong></span> <span class='ocrx_word' id='word_1_661' title='bbox 2533 4361 2699 4416; x_wconf 85' lang='lat' dir='ltr'><strong>Deum</strong></span> <span class='ocrx_word' id='word_1_662' title='bbox 2735 4376 2922 4421; x_wconf 83' lang='lat' dir='ltr'><strong>su-nn,</strong></span> <span class='ocrx_word' id='word_1_663' title='bbox 2958 4359 3027 4417; x_wconf 81' lang='lat' dir='ltr'><strong>ob</strong></span> <span class='ocrx_word' id='word_1_664' title='bbox 3055 4358 3287 4427; x_wconf 85' lang='lat' dir='ltr'><strong>idipsum</strong></span> <span class='ocrx_word' id='word_1_665' title='bbox 3322 4373 3513 4426; x_wconf 85' lang='lat' dir='ltr'><strong>pecea-</strong></span> 
     </span>
    </p>
   </div>
   <div class='ocr_carea' id='block_1_91' title="bbox 234 4446 1816 4534">
    <p class='ocr_par' dir='ltr' id='par_1_91' title="bbox 234 4446 1816 4534">
     <span class='ocr_line' id='line_1_91' title="bbox 234 4446 1816 4534; baseline 0.015 -36"><span class='ocrx_word' id='word_1_666' title='bbox 234 4446 508 4518; x_wconf 72' lang='grc' dir='ltr'>ἁμαρτίαν</span> <span class='ocrx_word' id='word_1_667' title='bbox 535 4453 764 4523; x_wconf 74' lang='grc' dir='ltr'>λήψεται</span> <span class='ocrx_word' id='word_1_668' title='bbox 787 4473 801 4488; x_wconf 85' lang='grc'>⁶</span> <span class='ocrx_word' id='word_1_669' title='bbox 841 4477 860 4510; x_wconf 78' lang='grc' dir='ltr'><strong>ι</strong></span> <span class='ocrx_word' id='word_1_670' title='bbox 890 4460 987 4530; x_wconf 83' lang='grc' dir='ltr'><strong>οὑχ</strong></span> <span class='ocrx_word' id='word_1_671' title='bbox 1021 4461 1102 4513; x_wconf 83' lang='grc' dir='ltr'><strong>ὅτι</strong></span> <span class='ocrx_word' id='word_1_672' title='bbox 1146 4462 1279 4515; x_wconf 79' lang='grc' dir='ltr'>θεὸν</span> <span class='ocrx_word' id='word_1_673' title='bbox 1311 4465 1630 4534; x_wconf 79' lang='grc' dir='ltr'>ἐπηράσατο</span> <span class='ocrx_word' id='word_1_674' title='bbox 1651 4483 1663 4497; x_wconf 78' lang='grc' dir='ltr'><strong>ο</strong></span> <span class='ocrx_word' id='word_1_675' title='bbox 1687 4446 1816 4520; x_wconf 33' lang='grc' dir='ltr'>*ἀλλ’</span> 
     </span>
    </p>
   </div>
   <div class='ocr_carea' id='block_1_92' title="bbox 233 4538 1816 4619">
    <p class='ocr_par' dir='ltr' id='par_1_92' title="bbox 233 4538 1816 4619">
     <span class='ocr_line' id='line_1_92' title="bbox 233 4538 1816 4619; baseline 0.014 -29"><span class='ocrx_word' id='word_1_676' title='bbox 233 4538 311 4592; x_wconf 82' lang='grc' dir='ltr'><strong>ὅτι</strong></span> <span class='ocrx_word' id='word_1_677' title='bbox 353 4541 519 4614; x_wconf 88' lang='grc' dir='ltr'>ὅνπερ</span> <span class='ocrx_word' id='word_1_678' title='bbox 563 4545 637 4609; x_wconf 82' lang='grc' dir='ltr'>ὡς</span> <span class='ocrx_word' id='word_1_679' title='bbox 686 4548 818 4602; x_wconf 76' lang='grc' dir='ltr'>Θεὸν</span> <span class='ocrx_word' id='word_1_680' title='bbox 864 4551 1030 4604; x_wconf 81' lang='grc' dir='ltr'>αὑτοῦ</span> <span class='ocrx_word' id='word_1_681' title='bbox 1071 4553 1308 4619; x_wconf 80' lang='grc' dir='ltr'>σέϐεται,</span> <span class='ocrx_word' id='word_1_682' title='bbox 1349 4559 1473 4609; x_wconf 82' lang='grc' dir='ltr'>κατ’</span> <span class='ocrx_word' id='word_1_683' title='bbox 1504 4558 1669 4611; x_wconf 81' lang='grc' dir='ltr'>αὑτοῦ</span> <span class='ocrx_word' id='word_1_684' title='bbox 1721 4559 1816 4612; x_wconf 70' lang='grc' dir='ltr'><strong>καὶ</strong></span> 
     </span>
    </p>
   </div>
   <div class='ocr_carea' id='block_1_93' title="bbox 234 4630 1815 4718">
    <p class='ocr_par' dir='ltr' id='par_1_93' title="bbox 234 4630 1815 4718">
     <span class='ocr_line' id='line_1_93' title="bbox 234 4630 1815 4718; baseline 0.015 -38"><span class='ocrx_word' id='word_1_685' title='bbox 234 4630 483 4698; x_wconf 73' lang='grc' dir='ltr'>γλῶσσαν</span> <span class='ocrx_word' id='word_1_686' title='bbox 514 4637 692 4708; x_wconf 74' lang='grc' dir='ltr'>ἀφῆκε</span> <span class='ocrx_word' id='word_1_687' title='bbox 725 4640 1191 4714; x_wconf 79' lang='grc' dir='ltr'>δὺσφημον.,Εἶτα</span> <span class='ocrx_word' id='word_1_688' title='bbox 1217 4664 1231 4678; x_wconf 89' lang='grc'><strong>·</strong></span> <span class='ocrx_word' id='word_1_689' title='bbox 1271 4665 1289 4699; x_wconf 81' lang='grc' dir='ltr'><strong>ι</strong></span> <span class='ocrx_word' id='word_1_690' title='bbox 1332 4649 1643 4718; x_wconf 78' lang='grc' dir='ltr'>Ὀνομάζων</span> <span class='ocrx_word' id='word_1_691' title='bbox 1673 4651 1729 4705; x_wconf 80' lang='grc' dir='ltr'>δὲ</span> <span class='ocrx_word' id='word_1_692' title='bbox 1755 4652 1815 4704; x_wconf 85' lang='grc' dir='ltr'><strong>τὸ</strong></span> 
     </span>
    </p>
   </div>
   <div class='ocr_carea' id='block_1_94' title="bbox 232 4720 1816 4806">
    <p class='ocr_par' dir='ltr' id='par_1_94' title="bbox 232 4720 1816 4806">
     <span class='ocr_line' id='line_1_94' title="bbox 232 4720 1816 4806; baseline 0.014 -32"><span class='ocrx_word' id='word_1_693' title='bbox 232 4720 400 4794; x_wconf 73' lang='grc' dir='ltr'>ὄνομα</span> <span class='ocrx_word' id='word_1_694' title='bbox 438 4729 664 4799; x_wconf 82' lang='grc' dir='ltr'>Κυρίου,</span> <span class='ocrx_word' id='word_1_695' title='bbox 696 4733 908 4806; x_wconf 85' lang='grc' dir='ltr'>θανάτῳ</span> <span class='ocrx_word' id='word_1_696' title='bbox 940 4736 1312 4792; x_wconf 80' lang='grc' dir='ltr'>θανατοῦσθω.</span> <span class='ocrx_word' id='word_1_697' title='bbox 1342 4757 1360 4790; x_wconf 84' lang='grc'>›</span> <span class='ocrx_word' id='word_1_698' title='bbox 1396 4741 1490 4792; x_wconf 74' lang='grc' dir='ltr'><strong>Ἂν</strong></span> <span class='ocrx_word' id='word_1_699' title='bbox 1520 4741 1577 4793; x_wconf 73' lang='grc' dir='ltr'>δέ</span> <span class='ocrx_word' id='word_1_700' title='bbox 1610 4759 1694 4804; x_wconf 81' lang='grc' dir='ltr'><strong>τις</strong></span> <span class='ocrx_word' id='word_1_701' title='bbox 1726 4743 1816 4796; x_wconf 83' lang='grc' dir='ltr'><strong>τὸν</strong></span> 
     </span>
    </p>
   </div>
   <div class='ocr_carea' id='block_1_95' title="bbox 233 4816 1816 4902">
    <p class='ocr_par' dir='ltr' id='par_1_95' title="bbox 233 4816 1816 4902">
     <span class='ocr_line' id='line_1_95' title="bbox 233 4816 1816 4902; baseline 0.013 -35"><span class='ocrx_word' id='word_1_702' title='bbox 233 4816 406 4889; x_wconf 79' lang='grc' dir='ltr'>ἀληθῆ</span> <span class='ocrx_word' id='word_1_703' title='bbox 448 4821 597 4885; x_wconf 77' lang='grc' dir='ltr'>Θεὸν,</span> <span class='ocrx_word' id='word_1_704' title='bbox 649 4825 742 4878; x_wconf 79' lang='grc' dir='ltr'>καὶ</span> <span class='ocrx_word' id='word_1_705' title='bbox 781 4828 998 4881; x_wconf 81' lang='grc' dir='ltr'>πάντων</span> <span class='ocrx_word' id='word_1_706' title='bbox 1048 4831 1348 4900; x_wconf 86' lang='grc' dir='ltr'>Δεσπότην,</span> <span class='ocrx_word' id='word_1_707' title='bbox 1391 4831 1481 4884; x_wconf 78' lang='grc' dir='ltr'>ὑπ’</span> <span class='ocrx_word' id='word_1_708' title='bbox 1530 4833 1668 4902; x_wconf 72' lang='grc' dir='ltr'>ἀράν</span> <span class='ocrx_word' id='word_1_709' title='bbox 1721 4835 1816 4887; x_wconf 69' lang='grc' dir='ltr'>καὶ</span> 
     </span>
    </p>
   </div>
   <div class='ocr_carea' id='block_1_96' title="bbox 235 4906 1816 4995">
    <p class='ocr_par' dir='ltr' id='par_1_96' title="bbox 235 4906 1816 4995">
     <span class='ocr_line' id='line_1_96' title="bbox 235 4906 1816 4995; baseline 0.014 -36"><span class='ocrx_word' id='word_1_710' title='bbox 235 4906 582 4982; x_wconf 81' lang='grc' dir='ltr'>βλασφημίαν</span> <span class='ocrx_word' id='word_1_711' title='bbox 609 4917 836 4986; x_wconf 83' lang='grc' dir='ltr'>ἀγαγεῖν</span> <span class='ocrx_word' id='word_1_712' title='bbox 860 4921 1142 4990; x_wconf 85' lang='grc' dir='ltr'>τολμήσοι,</span> <span class='ocrx_word' id='word_1_713' title='bbox 1177 4922 1404 4986; x_wconf 89' lang='grc' dir='ltr'>θάνατος</span> <span class='ocrx_word' id='word_1_714' title='bbox 1436 4925 1584 4995; x_wconf 83' lang='grc' dir='ltr'>αὑτῷ</span> <span class='ocrx_word' id='word_1_715' title='bbox 1606 4925 1666 4978; x_wconf 86' lang='grc' dir='ltr'><strong>τὸ</strong></span> <span class='ocrx_word' id='word_1_716' title='bbox 1698 4927 1816 4983; x_wconf 78' lang='grc' dir='ltr'>ἐπιο</span> 
     </span>
    </p>
   </div>
   <div class='ocr_carea' id='block_1_97' title="bbox 233 5001 1812 5085">
    <p class='ocr_par' dir='ltr' id='par_1_97' title="bbox 233 5001 1812 5085">
     <span class='ocr_line' id='line_1_97' title="bbox 233 5001 1812 5085; baseline 0.039 -37"><span class='ocrx_word' id='word_1_717' title='bbox 233 5001 428 5069; x_wconf 78' lang='grc' dir='ltr'>τίμιον.</span> <span class='ocrx_word' id='word_1_718' title='bbox 465 5009 670 5074; x_wconf 80' lang='grc' dir='ltr'>Διττοῖς</span> <span class='ocrx_word' id='word_1_719' title='bbox 703 5012 806 5083; x_wconf 73' lang='grc' dir='ltr'><strong>γὰρ</strong></span> <span class='ocrx_word' id='word_1_720' title='bbox 842 5006 996 5076; x_wconf 68' lang='grc' dir='ltr'>οὗτσς</span> <span class='ocrx_word' id='word_1_721' title='bbox 1029 5014 1227 5078; x_wconf 75' lang='grc' dir='ltr'><strong>ἄτοπος</strong></span> <span class='ocrx_word' id='word_1_722' title='bbox 1255 5015 1626 5085; x_wconf 67' lang='grc' dir='ltr'><strong>συνείληπτα⁸’</strong></span> <span class='ocrx_word' id='word_1_723' title='bbox 1655 5019 1726 5071; x_wconf 73' lang='grc' dir='ltr'>Τό</span> <span class='ocrx_word' id='word_1_724' title='bbox 1754 5037 1812 5071; x_wconf 68' lang='grc' dir='ltr'><strong><em>τε</em></strong></span> 
     </span>
    </p>
   </div>
   <div class='ocr_carea' id='block_1_98' title="bbox 235 5093 1812 5181">
    <p class='ocr_par' dir='ltr' id='par_1_98' title="bbox 235 5093 1812 5181">
     <span class='ocr_line' id='line_1_98' title="bbox 235 5093 1812 5181; baseline 0.011 -36"><span class='ocrx_word' id='word_1_725' title='bbox 235 5093 340 5164; x_wconf 76' lang='grc' dir='ltr'>γὰρ</span> <span class='ocrx_word' id='word_1_726' title='bbox 395 5101 593 5157; x_wconf 82' lang='grc' dir='ltr'>οἰκεῖον</span> <span class='ocrx_word' id='word_1_727' title='bbox 645 5104 999 5178; x_wconf 46' lang='lat' dir='ltr'><strong>anserinae;</strong></span> <span class='ocrx_word' id='word_1_728' title='bbox 1049 5107 1320 5176; x_wconf 81' lang='grc' dir='ltr'>σέϐασμα,</span> <span class='ocrx_word' id='word_1_729' title='bbox 1366 5109 1463 5162; x_wconf 69' lang='grc' dir='ltr'><strong>καὶ</strong></span> <span class='ocrx_word' id='word_1_730' title='bbox 1513 5111 1609 5180; x_wconf 83' lang='grc' dir='ltr'><strong>τὴν</strong></span> <span class='ocrx_word' id='word_1_731' title='bbox 1656 5109 1812 5181; x_wconf 76' lang='grc' dir='ltr'>ὓϐριν</span> 
     </span>
    </p>
   </div>
   <div class='ocr_carea' id='block_1_99' title="bbox 236 5189 1812 5271">
    <p class='ocr_par' dir='ltr' id='par_1_99' title="bbox 236 5189 1812 5271">
     <span class='ocr_line' id='line_1_99' title="bbox 236 5189 1812 5271; baseline 0.011 -33"><span class='ocrx_word' id='word_1_732' title='bbox 236 5189 370 5242; x_wconf 79' lang='grc' dir='ltr'>κατὰ</span> <span class='ocrx_word' id='word_1_733' title='bbox 402 5193 496 5245; x_wconf 84' lang='grc' dir='ltr'><strong>τοῦ</strong></span> <span class='ocrx_word' id='word_1_734' title='bbox 522 5195 774 5266; x_wconf 76' lang='grc' dir='ltr'>Σωτῆρος</span> <span class='ocrx_word' id='word_1_735' title='bbox 807 5199 901 5250; x_wconf 75' lang='grc' dir='ltr'>καὶ</span> <span class='ocrx_word' id='word_1_736' title='bbox 927 5199 1268 5271; x_wconf 82' lang='grc' dir='ltr'>Δημιουργοῦ</span> <span class='ocrx_word' id='word_1_737' title='bbox 1295 5200 1402 5253; x_wconf 84' lang='grc' dir='ltr'>τῶν</span> <span class='ocrx_word' id='word_1_738' title='bbox 1425 5201 1580 5265; x_wconf 86' lang='grc' dir='ltr'>ὅλων,</span> <span class='ocrx_word' id='word_1_739' title='bbox 1617 5202 1674 5265; x_wconf 79' lang='grc' dir='ltr'>ὃς</span> <span class='ocrx_word' id='word_1_740' title='bbox 1705 5202 1812 5255; x_wconf 83' lang='grc' dir='ltr'>πά-</span> 
     </span>
    </p>
   </div>
   <div class='ocr_carea' id='block_1_100' title="bbox 302 5328 1818 5401">
    <p class='ocr_par' dir='ltr' id='par_1_100' title="bbox 302 5328 1818 5401">
     <span class='ocr_line' id='line_1_100' title="bbox 302 5328 1818 5401; baseline 0.01 -20"><span class='ocrx_word' id='word_1_741' title='bbox 302 5330 321 5360; x_wconf 87' lang='grc'>⁵</span> <span class='ocrx_word' id='word_1_742' title='bbox 354 5328 532 5386; x_wconf 79' lang='lat' dir='ltr'><strong>Judie.</strong></span> <span class='ocrx_word' id='word_1_743' title='bbox 573 5350 629 5399; x_wconf 84' lang='lat' dir='ltr'><strong>x,</strong></span> <span class='ocrx_word' id='word_1_744' title='bbox 668 5335 754 5401; x_wconf 76' lang='grc'><strong>14,</strong></span> <span class='ocrx_word' id='word_1_745' title='bbox 831 5338 852 5370; x_wconf 85' lang='grc'><strong><em>⁶</em></strong></span> <span class='ocrx_word' id='word_1_746' title='bbox 887 5339 1061 5394; x_wconf 75' lang='lat' dir='ltr'><strong>Exod.</strong></span> <span class='ocrx_word' id='word_1_747' title='bbox 1117 5357 1207 5399; x_wconf 76' lang='lat' dir='ltr'><strong>xx.</strong></span> <span class='ocrx_word' id='word_1_748' title='bbox 1267 5341 1321 5394; x_wconf 80' lang='grc'><strong>5.</strong></span> <span class='ocrx_word' id='word_1_749' title='bbox 1399 5342 1418 5372; x_wconf 85' lang='grc'><strong>⁷</strong></span> <span class='ocrx_word' id='word_1_750' title='bbox 1455 5339 1590 5394; x_wconf 88' lang='lat' dir='ltr'><strong>Dan.</strong></span> <span class='ocrx_word' id='word_1_751' title='bbox 1644 5355 1692 5398; x_wconf 80' lang='grc' dir='ltr'>ι’,</span> <span class='ocrx_word' id='word_1_752' title='bbox 1724 5339 1818 5396; x_wconf 71' lang='lat'><strong>‘25.</strong></span> 
     </span>
    </p>
   </div>
   <div class='ocr_carea' id='block_1_101' title="bbox 1921 4449 3511 4523">
    <p class='ocr_par' dir='ltr' id='par_1_101' title="bbox 1921 4449 3511 4523">
     <span class='ocr_line' id='line_1_101' title="bbox 1921 4449 3511 4523; baseline -0.007 -9"><span class='ocrx_word' id='word_1_753' title='bbox 1921 4468 2036 4514; x_wconf 90' lang='lat' dir='ltr'><strong>tum</strong></span> <span class='ocrx_word' id='word_1_754' title='bbox 2085 4457 2360 4512; x_wconf 89' lang='lat' dir='ltr'><strong>incurrit:</strong></span> <span class='ocrx_word' id='word_1_755' title='bbox 2407 4475 2426 4506; x_wconf 75' lang='grc' dir='ltr'><strong>ι</strong></span> <span class='ocrx_word' id='word_1_756' title='bbox 2483 4470 2590 4508; x_wconf 86' lang='lat' dir='ltr'><strong>non</strong></span> <span class='ocrx_word' id='word_1_757' title='bbox 2625 4453 2770 4523; x_wconf 87' lang='lat' dir='ltr'><strong>quod</strong></span> <span class='ocrx_word' id='word_1_758' title='bbox 2827 4453 2936 4505; x_wconf 87' lang='lat' dir='ltr'><strong>Deo</strong></span> <span class='ocrx_word' id='word_1_759' title='bbox 2986 4449 3366 4514; x_wconf 73' lang='lat' dir='ltr'><strong>maledixerit,</strong></span> <span class='ocrx_word' id='word_1_760' title='bbox 3415 4449 3511 4503; x_wconf 89' lang='lat' dir='ltr'><strong>sed</strong></span> 
     </span>
    </p>
   </div>
   <div class='ocr_carea' id='block_1_102' title="bbox 1919 4541 3508 4621">
    <p class='ocr_par' dir='ltr' id='par_1_102' title="bbox 1919 4541 3508 4621">
     <span class='ocr_line' id='line_1_102' title="bbox 1919 4541 3508 4621; baseline -0.007 -17"><span class='ocrx_word' id='word_1_761' title='bbox 1919 4550 2064 4621; x_wconf 90' lang='lat' dir='ltr'><strong>quod</strong></span> <span class='ocrx_word' id='word_1_762' title='bbox 2111 4550 2166 4604; x_wconf 88' lang='lat' dir='ltr'><strong>in</strong></span> <span class='ocrx_word' id='word_1_763' title='bbox 2214 4564 2337 4603; x_wconf 91' lang='lat' dir='ltr'><strong>eum</strong></span> <span class='ocrx_word' id='word_1_764' title='bbox 2371 4562 2534 4617; x_wconf 89' lang='lat' dir='ltr'><strong>quem</strong></span> <span class='ocrx_word' id='word_1_765' title='bbox 2567 4547 2727 4601; x_wconf 89' lang='lat' dir='ltr'><strong>deum</strong></span> <span class='ocrx_word' id='word_1_766' title='bbox 2775 4559 2935 4598; x_wconf 87' lang='lat' dir='ltr'><strong>suum</strong></span> <span class='ocrx_word' id='word_1_767' title='bbox 2984 4541 3219 4605; x_wconf 88' lang='lat' dir='ltr'><strong>colebat,</strong></span> <span class='ocrx_word' id='word_1_768' title='bbox 3271 4541 3508 4610; x_wconf 83' lang='lat' dir='ltr'><strong>linguam</strong></span> 
     </span>
    </p>
   </div>
   <div class='ocr_carea' id='block_1_103' title="bbox 1919 4633 3506 4698">
    <p class='ocr_par' dir='ltr' id='par_1_103' title="bbox 1919 4633 3506 4698">
     <span class='ocr_line' id='line_1_103' title="bbox 1919 4633 3506 4698; baseline -0.009 0"><span class='ocrx_word' id='word_1_769' title='bbox 1919 4642 2146 4698; x_wconf 91' lang='lat' dir='ltr'><strong>immisit</strong></span> <span class='ocrx_word' id='word_1_770' title='bbox 2202 4641 2547 4694; x_wconf 85' lang='lat' dir='ltr'><strong>maledicam.</strong></span> <span class='ocrx_word' id='word_1_771' title='bbox 2604 4636 2770 4691; x_wconf 83' lang='lat' dir='ltr'><strong>Addit</strong></span> <span class='ocrx_word' id='word_1_772' title='bbox 2816 4655 2830 4690; x_wconf 87' lang='lat'><strong>:</strong></span> <span class='ocrx_word' id='word_1_773' title='bbox 2896 4653 2914 4686; x_wconf 78' lang='grc' dir='ltr'><strong>ι</strong></span> <span class='ocrx_word' id='word_1_774' title='bbox 2967 4633 3270 4687; x_wconf 88' lang='lat' dir='ltr'><strong>Nominans</strong></span> <span class='ocrx_word' id='word_1_775' title='bbox 3326 4641 3506 4686; x_wconf 77' lang='lat' dir='ltr'><strong>autem</strong></span> 
     </span>
    </p>
   </div>
   <div class='ocr_carea' id='block_1_104' title="bbox 1917 4721 3508 4796">
    <p class='ocr_par' dir='ltr' id='par_1_104' title="bbox 1917 4721 3508 4796">
     <span class='ocr_line' id='line_1_104' title="bbox 1917 4721 3508 4796; baseline -0.008 -9"><span class='ocrx_word' id='word_1_776' title='bbox 1917 4747 2117 4789; x_wconf 86' lang='lat' dir='ltr'><strong>nomen</strong></span> <span class='ocrx_word' id='word_1_777' title='bbox 2165 4729 2420 4796; x_wconf 88' lang='lat' dir='ltr'><strong>Domini,</strong></span> <span class='ocrx_word' id='word_1_778' title='bbox 2471 4737 2645 4783; x_wconf 91' lang='lat' dir='ltr'><strong>morte</strong></span> <span class='ocrx_word' id='word_1_779' title='bbox 2679 4727 2980 4781; x_wconf 68' lang='lat' dir='ltr'><strong>moriatur9</strong></span> <span class='ocrx_word' id='word_1_780' title='bbox 3016 4742 3030 4779; x_wconf 91' lang='lat'><strong>:</strong></span> <span class='ocrx_word' id='word_1_781' title='bbox 3069 4743 3088 4776; x_wconf 76' lang='grc' dir='ltr'><strong>ι</strong></span> <span class='ocrx_word' id='word_1_782' title='bbox 3141 4724 3242 4777; x_wconf 86' lang='lat' dir='ltr'><strong>hoc</strong></span> <span class='ocrx_word' id='word_1_783' title='bbox 3291 4731 3416 4776; x_wconf 86' lang='lat' dir='ltr'><strong>est:</strong></span> <span class='ocrx_word' id='word_1_784' title='bbox 3451 4721 3508 4775; x_wconf 86' lang='lat' dir='ltr'><strong>Si</strong></span> 
     </span>
    </p>
   </div>
   <div class='ocr_carea' id='block_1_105' title="bbox 1921 4813 3510 4898">
    <p class='ocr_par' dir='ltr' id='par_1_105' title="bbox 1921 4813 3510 4898">
     <span class='ocr_line' id='line_1_105' title="bbox 1921 4813 3510 4898; baseline -0.01 -17"><span class='ocrx_word' id='word_1_785' title='bbox 1921 4825 2046 4898; x_wconf 90' lang='lat' dir='ltr'><strong>quis</strong></span> <span class='ocrx_word' id='word_1_786' title='bbox 2067 4840 2256 4880; x_wconf 85' lang='lat' dir='ltr'><strong>verum</strong></span> <span class='ocrx_word' id='word_1_787' title='bbox 2286 4822 2480 4886; x_wconf 92' lang='lat' dir='ltr'><strong>Deum,</strong></span> <span class='ocrx_word' id='word_1_788' title='bbox 2515 4821 2901 4876; x_wconf 87' lang='lat' dir='ltr'><strong>universorum</strong></span> <span class='ocrx_word' id='word_1_789' title='bbox 2931 4816 3243 4878; x_wconf 86' lang='lat' dir='ltr'><strong>Dominum,</strong></span> <span class='ocrx_word' id='word_1_790' title='bbox 3274 4815 3377 4868; x_wconf 87' lang='lat' dir='ltr'><strong>sub</strong></span> <span class='ocrx_word' id='word_1_791' title='bbox 3407 4813 3510 4867; x_wconf 83' lang='lat' dir='ltr'><strong>im—</strong></span> 
     </span>
    </p>
   </div>
   <div class='ocr_carea' id='block_1_106' title="bbox 1921 4905 3504 4990">
    <p class='ocr_par' dir='ltr' id='par_1_106' title="bbox 1921 4905 3504 4990">
     <span class='ocr_line' id='line_1_106' title="bbox 1921 4905 3504 4990; baseline -0.01 -16"><span class='ocrx_word' id='word_1_792' title='bbox 1921 4917 2236 4990; x_wconf 88' lang='lat' dir='ltr'><strong>precatione</strong></span> <span class='ocrx_word' id='word_1_793' title='bbox 2282 4925 2330 4970; x_wconf 91' lang='lat' dir='ltr'><strong>el</strong></span> <span class='ocrx_word' id='word_1_794' title='bbox 2386 4911 2722 4984; x_wconf 86' lang='lat' dir='ltr'><strong>blasphemia</strong></span> <span class='ocrx_word' id='word_1_795' title='bbox 2773 4909 3044 4964; x_wconf 77' lang='lat' dir='ltr'><strong>adducere</strong></span> <span class='ocrx_word' id='word_1_796' title='bbox 3090 4923 3258 4960; x_wconf 85' lang='lat' dir='ltr'><strong>ausus</strong></span> <span class='ocrx_word' id='word_1_797' title='bbox 3310 4905 3504 4966; x_wconf 83' lang='lat' dir='ltr'><strong>fuerit,</strong></span> 
     </span>
    </p>
   </div>
   <div class='ocr_carea' id='block_1_107' title="bbox 1922 4997 3510 5077">
    <p class='ocr_par' dir='ltr' id='par_1_107' title="bbox 1922 4997 3510 5077">
     <span class='ocr_line' id='line_1_107' title="bbox 1922 4997 3510 5077; baseline -0.008 -13"><span class='ocrx_word' id='word_1_798' title='bbox 1922 5025 2071 5065; x_wconf 88' lang='lat' dir='ltr'><strong>mors</strong></span> <span class='ocrx_word' id='word_1_799' title='bbox 2105 5009 2181 5063; x_wconf 90' lang='lat' dir='ltr'><strong>illi</strong></span> <span class='ocrx_word' id='word_1_800' title='bbox 2221 5006 2481 5077; x_wconf 79' lang='lat' dir='ltr'><strong>infligitur</strong></span> <span class='ocrx_word' id='word_1_801' title='bbox 2514 5019 2693 5075; x_wconf 72' lang='lat' dir='ltr'><strong>poena.</strong></span> <span class='ocrx_word' id='word_1_802' title='bbox 2731 5000 2944 5070; x_wconf 81' lang='lat' dir='ltr'><strong>Duplici</strong></span> <span class='ocrx_word' id='word_1_803' title='bbox 2985 5000 3130 5053; x_wconf 79' lang='lat' dir='ltr'><strong>enim</strong></span> <span class='ocrx_word' id='word_1_804' title='bbox 3177 4997 3510 5051; x_wconf 69' lang='lat' dir='ltr'><strong>absurditate</strong></span> 
     </span>
    </p>
   </div>
   <div class='ocr_carea' id='block_1_108' title="bbox 1920 5091 3511 5174">
    <p class='ocr_par' dir='ltr' id='par_1_108' title="bbox 1920 5091 3511 5174">
     <span class='ocr_line' id='line_1_108' title="bbox 1920 5091 3511 5174; baseline -0.011 -16"><span class='ocrx_word' id='word_1_805' title='bbox 1920 5103 2220 5174; x_wconf 87' lang='lat' dir='ltr'><strong>premitur;</strong></span> <span class='ocrx_word' id='word_1_806' title='bbox 2259 5099 2471 5154; x_wconf 85' lang='lat' dir='ltr'><strong>Numen</strong></span> <span class='ocrx_word' id='word_1_807' title='bbox 2503 5100 2648 5154; x_wconf 90' lang='lat' dir='ltr'><strong>enim</strong></span> <span class='ocrx_word' id='word_1_808' title='bbox 2686 5096 2965 5167; x_wconf 88' lang='lat' dir='ltr'><strong>proprium</strong></span> <span class='ocrx_word' id='word_1_809' title='bbox 3004 5091 3427 5160; x_wconf 64' lang='lat' dir='ltr'><strong>blasphemavit,</strong></span> <span class='ocrx_word' id='word_1_810' title='bbox 3457 5100 3511 5142; x_wconf 87' lang='lat' dir='ltr'><strong>et</strong></span> 
     </span>
    </p>
   </div>
   <div class='ocr_carea' id='block_1_109' title="bbox 1921 5187 3510 5262">
    <p class='ocr_par' dir='ltr' id='par_1_109' title="bbox 1921 5187 3510 5262">
     <span class='ocr_line' id='line_1_109' title="bbox 1921 5187 3510 5262; baseline -0.009 -10"><span class='ocrx_word' id='word_1_811' title='bbox 1921 5197 2268 5252; x_wconf 86' lang='lat' dir='ltr'><strong>contumeliis</strong></span> <span class='ocrx_word' id='word_1_812' title='bbox 2321 5194 2500 5249; x_wconf 72' lang='lat' dir='ltr'><strong>affecit</strong></span> <span class='ocrx_word' id='word_1_813' title='bbox 2537 5195 2725 5257; x_wconf 84' lang='lat' dir='ltr'><strong>Deum,</strong></span> <span class='ocrx_word' id='word_1_814' title='bbox 2762 5191 2856 5262; x_wconf 90' lang='lat' dir='ltr'><strong>qui</strong></span> <span class='ocrx_word' id='word_1_815' title='bbox 2893 5188 3142 5244; x_wconf 87' lang='lat' dir='ltr'><strong>Salvator</strong></span> <span class='ocrx_word' id='word_1_816' title='bbox 3173 5187 3414 5241; x_wconf 89' lang='lat' dir='ltr'><strong>onmium</strong></span> <span class='ocrx_word' id='word_1_817' title='bbox 3455 5194 3510 5238; x_wconf 91' lang='lat' dir='ltr'><strong>et</strong></span> 
     </span>
    </p>
   </div>
   <div class='ocr_carea' id='block_1_110' title="bbox 1893 5333 2674 5400">
    <p class='ocr_par' dir='ltr' id='par_1_110' title="bbox 1893 5333 2674 5400">
     <span class='ocr_line' id='line_1_110' title="bbox 1893 5333 2674 5400; baseline -0.003 -10"><span class='ocrx_word' id='word_1_818' title='bbox 1893 5337 1915 5370; x_wconf 89' lang='grc'>⁸</span> <span class='ocrx_word' id='word_1_819' title='bbox 1950 5336 2119 5392; x_wconf 75' lang='lat' dir='ltr'><strong>Levii.</strong></span> <span class='ocrx_word' id='word_1_820' title='bbox 2152 5351 2302 5400; x_wconf 70' lang='lat' dir='ltr'><strong>xxtv,</strong></span> <span class='ocrx_word' id='word_1_821' title='bbox 2339 5335 2424 5389; x_wconf 83' lang='grc'><strong>15.</strong></span> <span class='ocrx_word' id='word_1_822' title='bbox 2497 5335 2518 5366; x_wconf 70' lang='grc' dir='ltr'><strong>θ</strong></span> <span class='ocrx_word' id='word_1_823' title='bbox 2548 5333 2674 5388; x_wconf 75' lang='lat' dir='ltr'><strong>ibid.</strong></span> 
     </span>
    </p>
   </div>
   <div class='ocr_carea' id='block_1_111' title="bbox 1497 5451 2194 5510">
    <p class='ocr_par' dir='ltr' id='par_1_111' title="bbox 1497 5451 2194 5510">
     <span class='ocr_line' id='line_1_111' title="bbox 1497 5451 2194 5510; baseline -0.006 0"><span class='ocrx_word' id='word_1_824' title='bbox 1497 5455 1733 5510; x_wconf 71' lang='lat' dir='ltr'><strong>VARIAS</strong></span> <span class='ocrx_word' id='word_1_825' title='bbox 1792 5451 2194 5508; x_wconf 82' lang='lat' dir='ltr'><strong>LECTIONES.</strong></span> 
     </span>
    </p>
   </div>
   <div class='ocr_carea' id='block_1_112' title="bbox 341 5559 858 5620">
    <p class='ocr_par' dir='ltr' id='par_1_112' title="bbox 341 5559 858 5620">
     <span class='ocr_line' id='line_1_112' title="bbox 341 5559 858 5620; baseline 0.021 -11"><span class='ocrx_word' id='word_1_826' title='bbox 341 5570 365 5597; x_wconf 80' lang='grc' dir='ltr'>ιι</span> <span class='ocrx_word' id='word_1_827' title='bbox 396 5559 529 5615; x_wconf 68' lang='lat' dir='ltr'><strong>(Iul.</strong></span> <span class='ocrx_word' id='word_1_828' title='bbox 578 5561 720 5618; x_wconf 82' lang='lat' dir='ltr'><strong>Mon.</strong></span> <span class='ocrx_word' id='word_1_829' title='bbox 747 5565 858 5620; x_wconf 78' lang='grc' dir='ltr'>τόν.</span> 
     </span>
    </p>
   </div>
   <div class='ocr_carea' id='block_1_113' title="bbox 937 5567 1662 5634">
    <p class='ocr_par' dir='ltr' id='par_1_113' title="bbox 937 5567 1662 5634">
     <span class='ocr_line' id='line_1_113' title="bbox 937 5567 1662 5634; baseline -0.004 -12"><span class='ocrx_word' id='word_1_830' title='bbox 937 5568 1074 5625; x_wconf 74' lang='lat'><strong>&#39;1&#39;0&#39;.</strong></span> <span class='ocrx_word' id='word_1_831' title='bbox 1116 5568 1256 5634; x_wconf 78' lang='grc' dir='ltr'>θεός.</span> <span class='ocrx_word' id='word_1_832' title='bbox 1288 5567 1349 5626; x_wconf 87' lang='lat' dir='ltr'><strong>C.</strong></span> <span class='ocrx_word' id='word_1_833' title='bbox 1392 5567 1462 5622; x_wconf 80' lang='grc' dir='ltr'><strong>Μ.</strong></span> <span class='ocrx_word' id='word_1_834' title='bbox 1496 5567 1662 5632; x_wconf 71' lang='grc' dir='ltr'>θείας,</span> 
     </span>
    </p>
   </div>
   <div class='ocr_carea' id='block_1_114' title="bbox 237 5625 722 5699">
    <p class='ocr_par' dir='ltr' id='par_1_114' title="bbox 237 5625 722 5699">
     <span class='ocr_line' id='line_1_114' title="bbox 237 5625 722 5699; baseline 0.021 -19"><span class='ocrx_word' id='word_1_835' title='bbox 237 5625 372 5687; x_wconf 76' lang='lat' dir='ltr'><strong>Men.</strong></span> <span class='ocrx_word' id='word_1_836' title='bbox 405 5631 722 5699; x_wconf 70' lang='grc' dir='ltr'>δυσφημεῖς.</span> 
     </span>
    </p>
   </div>
   <div class='ocr_carea' id='block_1_115' title="bbox 1751 5559 2554 5631">
    <p class='ocr_par' dir='ltr' id='par_1_115' title="bbox 1751 5559 2554 5631">
     <span class='ocr_line' id='line_1_115' title="bbox 1751 5559 2554 5631; baseline -0.011 -12"><span class='ocrx_word' id='word_1_837' title='bbox 1751 5580 1778 5609; x_wconf 76' lang='grc' dir='ltr'><strong>ι</strong></span> <span class='ocrx_word' id='word_1_838' title='bbox 1817 5565 1902 5618; x_wconf 83' lang='grc' dir='ltr'><strong>ἴσ.</strong></span> <span class='ocrx_word' id='word_1_839' title='bbox 1943 5561 2159 5625; x_wconf 75' lang='grc' dir='ltr'>αὐτούς.</span> <span class='ocrx_word' id='word_1_840' title='bbox 2190 5562 2250 5617; x_wconf 84' lang='lat' dir='ltr'><strong>C.</strong></span> <span class='ocrx_word' id='word_1_841' title='bbox 2295 5560 2362 5615; x_wconf 81' lang='grc' dir='ltr'><strong>Μ.</strong></span> <span class='ocrx_word' id='word_1_842' title='bbox 2397 5559 2554 5631; x_wconf 74' lang='grc' dir='ltr'>αὑτὴ.</span> 
     </span>
    </p>
   </div>
   <div class='ocr_carea' id='block_1_116' title="bbox 2633 5543 3485 5611">
    <p class='ocr_par' dir='ltr' id='par_1_116' title="bbox 2633 5543 3485 5611">
     <span class='ocr_line' id='line_1_116' title="bbox 2633 5543 3485 5611; baseline -0.015 1"><span class='ocrx_word' id='word_1_843' title='bbox 2633 5567 2656 5605; x_wconf 71' lang='lat'><strong>3’</strong></span> <span class='ocrx_word' id='word_1_844' title='bbox 2692 5557 2782 5611; x_wconf 83' lang='lat' dir='ltr'><strong>Sic</strong></span> <span class='ocrx_word' id='word_1_845' title='bbox 2825 5564 2878 5610; x_wconf 72' lang='lat' dir='ltr'><strong>ct</strong></span> <span class='ocrx_word' id='word_1_846' title='bbox 2927 5551 3061 5609; x_wconf 85' lang='lat' dir='ltr'><strong>Cod.</strong></span> <span class='ocrx_word' id='word_1_847' title='bbox 3094 5551 3236 5608; x_wconf 71' lang='lat' dir='ltr'><strong>Men.</strong></span> <span class='ocrx_word' id='word_1_848' title='bbox 3314 5557 3337 5587; x_wconf 73' lang='grc' dir='ltr'><strong><em>ι</em></strong></span> <span class='ocrx_word' id='word_1_849' title='bbox 3367 5543 3485 5606; x_wconf 76' lang='lat' dir='ltr'><strong>Cod</strong></span> 
     </span>
    </p>
   </div>
  </div>
