3880 6206
342 188 446 255 567

1510 187 1778 250 ΡΗΟΤΙΙ
1805 187 2313 250 ΡΑΤΒΙΑΒΕΙΠΕ
2347 190 2456 251 CP.

3519 181 3668 244 568

338 302 566 356 Creator
613 307 734 366 est,
789 296 884 370 qui
935 308 1162 370 superat
1211 315 1430 358 omnem
1475 303 1842 361 laudationem
1877 314 1931 360 et

2060 323 2136 377 rq;
2167 306 2318 360 ἐστὶν
2348 305 2626 376 εὐφημίας
2663 303 2756 358 καὶ
2791 303 2950 373 δόξης
2984 303 3261 376 ὑπεράνω,
3290 303 3666 355 κατεσκέδαο

287 381 306 470 l
337 393 569 462 gloriam
606 410 620 446 :
662 389 876 462 peccati
911 404 1063 446 reatu
1101 400 1354 462 tenetur,
1393 396 1497 452 hoc
1543 407 1660 460 est.
1713 413 1927 467 poenam

339 485 650 541 insolentiae
679 493 733 539 et
761 482 985 538 convitii
1022 485 1250 543 subibit.
1283 489 1388 556 Qui
1439 490 1490 545 id
1523 491 1668 560 quod
1701 507 1932 546 venera-

339 587 466 644 tur,
509 579 626 648 ipse
655 588 997 641 exsecratur.
1038 591 1328 653 utramque
1361 591 1677 651 usurpatam
1714 582 1934 638 deitatis

341 670 690 726 vocationem
728 673 831 726 sibi
879 674 1240 743 assumpserit
1270 693 1284 728 :
1317 674 1522 743 duplici
1566 689 1725 744 poena
1749 716 1764 740 ,
1821 675 1934 728 imo

342 762 632 832 multiplici
663 764 917 823 subditus
950 768 1146 820 merito
1185 767 1309 828 erit,
1349 767 1445 836 qui
1484 767 1724 820 universi
1758 765 1933 821 facto-

344 871 484 923 rem,
512 865 566 912 et
591 855 759 910 Deum
794 859 1096 914 maledictis
1117 859 1341 929 proluit,
1381 868 1435 914 et
1463 859 1934 916 exsecrationibus

343 947 510 1002 audet
537 962 871 1016 supponere.
909 950 1089 1015 Quare
1117 951 1343 1019 dignum
1384 950 1516 1005 illud
1554 950 1932 1020 blaSphemum

343 1047 510 1108 caput
561 1048 677 1102 est,
721 1052 780 1093 ut
841 1041 1110 1110 lapidibus
1162 1043 1270 1096 vita
1301 1043 1570 1112 privetur,
1604 1044 1936 1100 lascivientis

347 1134 544 1205 linguae
573 1137 732 1191 luens
763 1135 1114 1204 supplicium.

416 1229 471 1284 6.
499 1227 677 1299 Atque
710 1226 782 1280 ita
816 1226 918 1282 hoc
960 1227 1169 1282 dictum
1219 1228 1645 1298 interpretantur
1669 1230 1933 1286 vetustio-

346 1335 455 1375 res.
489 1318 832 1375 Posteriores
860 1320 928 1374 ad
962 1320 1110 1376 hunc
1149 1321 1370 1375 modum
1402 1323 1726 1376 sententiam
1761 1325 1939 1394 expli-

345 1411 515 1464 can't:
560 1428 579 1461 ι
621 1409 816 1479 Homo,
860 1412 1105 1482 inquam,
1149 1411 1240 1481 qui
1282 1412 1386 1466 diis
1416 1412 1535 1467 suis
1575 1414 1936 1480 maledixerit,

344 1510 623 1570 peccatum
662 1503 934 1569 incurret;
974 1522 994 1554 ι
1045 1511 1132 1558 est
1163 1503 1300 1566 haec,
1333 1503 1409 1557 illi
1443 1504 1716 1575 inquiunt,
1751 1521 1847 1576 per
1877 1522 1938 1562 se

346 1593 505 1662 plana
536 1593 829 1648 sententia.
890 1592 992 1660 Qui
1049 1593 1309 1648 nimirum
1343 1610 1530 1650 verum
1572 1594 1742 1651 Deum
1776 1613 1936 1652 exse-

342 1659 550 1752 cratur,
579 1692 675 1740 aut
704 1685 950 1756 alioquin
1004 1684 1059 1739 in
1113 1700 1239 1738 eum
1287 1687 1513 1754 insanit,
1560 1689 1769 1757 peccati
1811 1705 1936 1746 rens
1964 1659 2012 1719 Β

340 1788 446 1841 est,
479 1779 624 1849 quod
663 1780 720 1835 in
761 1777 1098 1834 ineluctabii-i
1136 1778 1409 1848 supplicio
1445 1781 1790 1836 terminatur.
1827 1780 1938 1837 lloe

342 1882 527 1928 autem
567 1874 775 1928 dictum
809 1888 824 1927 :
873 1889 892 1923 ι
929 1868 1139 1926 Nomen
1175 1870 1268 1925 Dei
1314 1870 1529 1926 Domini
1561 1874 1872 1942 nominans,
1912 1893 1931 1927 ι

345 1966 453 2021 tale
493 1966 816 2036 prohibetur
849 1980 970 2023 esse
991 1963 1196 2018 Iudaeis
1228 1979 1426 2018 nomen
1468 1966 1582 2030 Dei,
1610 1977 1705 2021 aut
1737 1983 1832 2037 per
1859 1967 1939 2023 la-

343 2057 430 2111 bia
463 2057 721 2128 proferri,
759 2062 851 2114 sed
895 2056 1186 2120 indictum,
1216 2065 1270 2109 et
1310 2057 1452 2110 haud
1478 2058 1789 2129 cuicunque
1821 2074 1943 2128 pro-

345 2149 515 2205 latum
551 2152 838 2216 custodiri,
892 2150 995 2205 nisi
1030 2151 1164 2203 solis
1209 2149 1585 2220 pontificibus,
1629 2152 1683 2206 in
1729 2154 1938 2207 cultum

347 2237 438 2293 Dei
473 2249 527 2295 et
555 2241 937 2296 reverentiam.
968 2236 1239 2305 Quocirca
1273 2255 1373 2294 nec
1419 2240 1618 2296 litteris
1646 2243 1786 2312 apud
1821 2243 1941 2299 illos

347 2332 563 2386 usitatis
616 2333 909 2398 scribitur,
951 2333 1045 2386 scd
1099 2332 1404 2402 peregrinis
1443 2341 1496 2387 et
1529 2335 1758 2390 exotieis
1805 2336 1942 2390 cha-

347 2423 652 2478 racteribus
685 2422 893 2477 litteras
933 2421 1188 2490 figurant,
1225 2423 1382 2493 quasi
1413 2424 1683 2495 symbolis
1709 2426 1942 2495 quibus-

347 2515 473 2593 dam
515 2517 794 2585 mysticis;
826 2525 952 2570 sunt
982 2524 1165 2572 autem
1200 2517 1395 2572 littera:
1427 2527 1685 2588 quatuor,
1719 2520 1862 2574 unde
1889 2529 1944 2575 et

349 2617 839 2678 tetragramntaton
889 2608 1034 2677 apud
1081 2624 1177 2665 eos
1232 2621 1548 2678 usurpatur.
1603 2610 1745 2665 Idem
1774 2627 1940 2682 ergo,

351 2701 634 2769 inquiunt,
683 2700 827 2770 apud
856 2699 1079 2756 Judzeos
1112 2712 1264 2769 erat,
1296 2705 1566 2757 exsecrari
1591 2713 1640 2756 et
1671 2705 1944 2759 nominare

354 2793 547 2859 Deum,
579 2793 682 2849 hoc
720 2804 826 2858 est,
873 2811 1070 2851 nomen
1113 2797 1233 2866 ejus
1264 2795 1536 2850 ineliabile
1559 2812 1654 2866 per
1691 2796 1832 2851 labia
1876 2797 1944 2852 ad

352 2887 611 2956 profanas
635 2904 797 2944 aures
817 2891 1185 2947 transmittere
1209 2906 1222 2943 :
1248 2888 1504 2959 quocirca
1537 2899 1712 2942 morte
1740 2898 1947 2943 utrum-

351 2993 460 3048 que
493 2978 766 3035 luebatur.
1247 2983 1250 2989 ’

429 3243 482 3296 7.
519 3245 698 3313 Atque
730 3242 996 3300 hactenus
1019 3244 1129 3299 isti.
1166 3243 1338 3300 Porro
1361 3253 1543 3300 autem
1569 3260 1764 3301 nomen
1799 3247 1942 3303 istud

357 3350 527 3391 aureo
562 3335 805 3392 folliculo
840 3338 1196 3410 inscriptum,
1234 3349 1288 3394 et
1341 3339 1576 3394 vinculis
1613 3341 1945 3410 quibusdam

358 3427 427 3482 ad
466 3425 681 3483 ﬁlamen
721 3443 997 3486 annexum
1028 3431 1358 3501 pontificale,
1409 3432 1610 3485 summi
1645 3435 1948 3491 sacerdotis

359 3519 590 3575 frontem
627 3521 860 3576 ornabat
918 3531 972 3577 et
1012 3524 1393 3578 custodiebat:
1438 3539 1562 3576 nam
1601 3528 1946 3582 tremendum

355 3622 412 3669 et
459 3611 829 3668 venerandum
863 3615 1204 3671 intuentibus
1251 3613 1573 3669 videbatur:
1621 3617 1783 3673 simul
1819 3620 1950 3674 inti-

361 3708 565 3775 mabat,
601 3720 856 3781 oportere
885 3707 1201 3782 pontificem
1261 3720 1441 3768 mente
1477 3722 1739 3784 perpetuo
1773 3727 1947 3783 copu-

361 3799 460 3854 lari
497 3799 628 3867 Deo,
662 3817 762 3858 nec
790 3802 858 3856 ab
888 3803 978 3857 illa
1008 3803 1167 3858 beata
1206 3806 1545 3862 connexione
1576 3807 1849 3862 divulsum
1882 3807 1952 3863 ad

292 3919 294 3926 ε
364 3891 642 3947 terrestria
670 3901 726 3949 et
746 3894 975 3948 evanida
1015 3894 1236 3950 deferri.
1272 3894 1451 3965 Atque
1500 3898 1574 3953 ita
1610 3901 1738 3970 quid
1778 3901 1954 3955 inten-

362 3982 458 4038 dat
487 3983 591 4038 hoc
621 3998 841 4052 nomen,
867 3984 1012 4040 Deus
1046 3986 1160 4056 ipse
1194 3986 1351 4044 docet
1383 4008 1396 4044 :
1430 4007 1554 4047 cum
1589 3992 1954 4062 interrogaret

360 4073 574 4145 Moyses
608 4093 621 4130 :
653 4095 672 4129 ι
711 4076 865 4144 Quod
913 4088 996 4132 est
1057 4093 1257 4132 nomen
1331 4062 1524 4138 tnuin?
1563 4103 1581 4137 ι
1621 4085 1948 4154 respondit:

367 4182 385 4216 ι
426 4165 540 4237 Ego
570 4181 714 4234 sum,
749 4167 841 4237 qui
873 4183 995 4222 sum
1031 4186 1046 4222 :
1091 4188 1110 4221 ι
1149 4177 1262 4223 tum
1289 4174 1446 4241 quasi
1476 4185 1821 4230 asseveraret
1849 4176 1954 4231 hoc

359 4257 482 4326 ejus
516 4273 638 4313 esse
671 4274 870 4315 nomen
911 4260 1058 4331 quod
1099 4262 1431 4335 protulerat,
1498 4285 1517 4318 ι
1561 4265 1709 4338 Ego,
1737 4269 1951 4338 inquit,

2037 413 2168 451 σεν’
2224 398 2500 468 ἁμαρτίας
2557 398 2656 467 μὲν
2708 397 2819 468 γάρ
2862 398 3012 450 ἐστιν
3061 395 3266 465 ἔνοχος,
3321 395 3664 452 τουτέστιν,

2035 488 2326 560 παροινίας
2361 490 2456 543 καὶ
2489 489 2700 561 ὕϐρεως
2729 490 2883 559 δίκην
2912 488 3164 558 ὀφείλων.
3197 487 3310 541 Καὶ
3337 487 3367 539 ό
3399 485 3460 539 τὸ
3490 486 3667 538 [διον

2035 578 2391 650 ἐπαρώμενος
2415 579 2764 650 Θρήσκευμα,
2789 580 2836 632 εἰ
2862 580 2956 632 καὶ
2981 577 3348 648 ψευδωνύμως
3373 577 3475 647 τὴν
3490 574 3666 643 κλῆ-

2035 688 2120 724 σιν
2147 671 2428 740 ἐφέλκοιτο
2449 671 2547 742 τῆς
2585 671 2864 741 θεότητος,
2896 671 3088 740 διπλῆς
3109 669 3165 722 δὲ
3193 671 3288 722 καὶ
3309 666 3671 734 πολ).απλῆς

2033 762 2306 832 τιμωρίας
2362 762 2668 834 ὑπόχρεως,
2714 763 2744 816 ό
2784 762 2876 816 τὸν
2902 762 2996 815 τοῦ
3044 761 3246 825 παντὸς
3280 759 3666 832 Δημιουργὸν

2035 857 2130 910 καὶ
2155 857 2288 910 Θεὸν
2320 855 2544 927 ὕϐρεσιν
2574 856 2810 920 πλύνων,
2837 857 2932 909 καὶ
2958 857 3117 924 ἀραῖς
3139 853 3495 926 τετολμηκὼς
3527 855 3668 906 ὑπ-

2036 949 2212 1017 άγειν.
2246 947 2326 1001 Δι’
2351 948 2380 1002 ὃ
2413 947 2582 1011 λίθοις
2620 947 2715 1000 τοῦ
2748 948 2846 1019 ζῇν
2881 950 2913 1018 ἡ
2958 947 3279 1017 βλάσφημος
3317 947 3506 1016 ἐκείνη
3543 961 3667 998 κε-

2036 1042 2180 1112 φαλὴ
2207 1040 2332 1105 ἀξία
2359 1040 2749 1106 ὲκκόπτεσθαι,
2781 1043 2882 1112 τῆς
2911 1041 3217 1094 ἀκολάστου
3246 1039 3504 1110 γλώσσης
3529 1038 3667 1107 τὴν

2034 1133 2191 1204 δίκην
2222 1131 2520 1203 ὑπέχουσα.

2108 1234 2182 1293 ς’.
2209 1227 2367 1280 Οὖτω
2414 1226 2513 1296 μὲν
2545 1226 2596 1278 οί
2633 1225 2890 1295 πρότεροι
2922 1222 2984 1275 τὸ
3015 1221 3178 1294 ῥητὸν
3211 1221 3590 1290 διασαφοῦσιν
3639 1235 3660 1249 ⁸

2036 1321 2084 1376 οἱ
2112 1321 2170 1374 δὲ
2219 1319 2338 1391 μετ’
2366 1317 2627 1380 ἐκείνους,
2651 1310 2760 1370 ὧδε
2785 1315 3098 1387 διηγοῦνται
3127 1314 3219 1368 τὸν
3258 1315 3413 1368 νοῦν·
3447 1333 3467 1365 ι
3501 1315 3663 1366 Ἀν-

2039 1413 2294 1485 θρωπος,
2342 1412 2400 1476 ὃς
2445 1411 2828 1483 καταράσηται
2888 1408 3021 1463 Θεὸν
3071 1408 3282 1473 αὑτοῦ,
3349 1409 3664 1477 ἁμαρτίαν

2036 1506 2288 1578 λήψεται,
2324 1523 2343 1558 ι
2383 1504 2608 1558 αὐτόθεν
2641 1505 2778 1566 ἐστὶ,
2820 1503 2976 1572 φασὶ,
3009 1503 3188 1571 σαφὴς
3228 1503 3262 1572 ἡ
3291 1501 3526 1555 διάνοια.
3581 1501 3661 1552 '0

2038 1599 2148 1668 γὰρ
2186 1597 2276 1650 τὸν
2309 1594 2487 1667 ἀληθῆ
2519 1594 2651 1648 Θεὸν
2685 1592 3064 1665 ἐπαρώμενος,
3113 1592 3147 1663 ἢ
3185 1591 3360 1654 ἄλλως
3411 1593 3665 1661 ἐμπαρ-

2038 1690 2198 1744 οινῶν
2238 1687 2411 1758 αὐτῷ,
2442 1685 2626 1756 ἔνοχός
2657 1686 2806 1738 ἐστιν
2832 1686 3143 1756 ἁμαρτίας·
3191 1685 3224 1754 ή
3255 1683 3311 1736 δὲ
3346 1684 3425 1744 είς
3455 1699 3663 1752 τιμωο

2044 1784 2165 1854 ρίαν
2195 1785 2567 1855 ἀπαραίτητον
2597 1781 2847 1852 τελευτᾷ.
2882 1780 2956 1831 Τὸ
2990 1778 3047 1832 δὲ
3075 1789 3125 1841 ει,
3167 1796 3185 1828 ι
3223 1775 3543 1846 Ὀνομάζων
3585 1774 3662 1826 τὸ

2039 1874 2210 1944 δνομα
2243 1873 2452 1945 Κυρίου
2490 1872 2584 1927 τοῦ
2616 1871 2754 1926 Θεοῦ
2776 1887 2789 1900 ·
2825 1890 2844 1922 ι
2895 1868 3136 1924 τοιοῦτον
3179 1863 3318 1922 εἶναι
3362 1867 3660 1938 ἀπείρητο

2039 1968 2150 2029 τοῖς
2185 1965 2454 2029 Ἰουδαίοις
2474 1965 2536 2019 τὸ
2560 1965 2652 2019 τοῦ
2684 1962 2821 2017 Θεοῦ
2850 1961 3048 2032 ὄνομα·
3081 1960 3198 2014 ἀλλ’
3227 1960 3309 2013 ὅτι
3334 1959 3491 2030 παρὰ
3513 1961 3656 2029 τὴν,

2040 2058 2193 2126 Θεὸς,
2241 2057 2427 2129 φωνὴν
2470 2056 2830 2129 νομιζόμενον
2864 2053 2951 2107 διὰ
2995 2052 3221 2124 χειλέων
3253 2053 3391 2117 ὅλως
3425 2053 3660 2123 προφέ-

2044 2151 2236 2224 ρεσοαι
2261 2167 2275 2180 ·
2311 2151 2590 2221 ἄφραστον
2615 2149 2673 2202 δὲ
2699 2148 2794 2202 καὶ
2823 2146 3125 2217 ἀνέκφορον
3155 2146 3458 2212 παντελῶς,
3493 2146 3659 2217 πλὴν

2042 2245 2142 2299 ὅσα
2177 2261 2242 2313 γε
2281 2245 2393 2306 τοῖς
2437 2239 2756 2312 ἀρχιερεῦσι
2796 2240 2997 2310 μόνοις,
3038 2240 3130 2292 ἐπὶ
3162 2241 3294 2310 τιμῇ
3333 2240 3431 2292 καὶ
3472 2238 3660 2292 σεϐαι-

2045 2330 2312 2408 σμιότητί
2329 2334 2423 2389 τοῦ
2454 2333 2632 2398 Θείου,
2661 2333 3032 2404 διετετήρητο.
3060 2331 3152 2384 Διὸ
3184 2330 3309 2384 οὐδὲ
3337 2331 3656 2400 γράμμασι

2041 2431 2154 2493 τοῖς
2182 2429 2313 2498 παρ’
2337 2428 2522 2488 αὐτοῖς
2553 2424 2900 2496 διεγράφετο,
2932 2421 3104 2488 ξένοις
3134 2423 3192 2476 δέ
3221 2439 3331 2476 τισι
3369 2424 3462 2476 καὶ
3492 2439 3658 2494 παρ-

2043 2520 2408 2592 ηλλαγμένοις
2452 2519 2797 2590 γραμμάτων
2856 2517 3049 2576 τύποις
3107 2513 3654 2588 χαρακτηρίζοντες,

2043 2606 2132 2666 οἷα
2157 2612 2223 2682 δὴ
2261 2608 2695 2682 μυστικωτὲροις
2717 2605 3027 2678 συμϐόλοις,
3059 2605 3190 2660 αὐτὸ
3218 2606 3659 2677 παρυπέφαινον

2044 2705 2287 2773 τέσσαρα
2317 2703 2376 2756 δὲ
2398 2701 2467 2755 τὰ
2488 2701 2793 2770 γράμματα
2814 2694 2882 2770 ἦν
2911 2699 2970 2764 ἐξ
2991 2691 3051 2752 οὗ
3083 2698 3178 2751 καὶ
3205 2699 3658 2770 τετράγραμμον

2045 2795 2232 2858 αὐτοῖς
2257 2791 2666 2862 ἐπωνομάζετο.
2695 2791 2783 2842 Ἐν
2816 2789 2917 2858 ῐσῳ
2943 2789 3145 2855 τοίνυν,
3178 2790 3366 2857 φασιν,
3395 2788 3653 2858 ὑπῆρχε.

2047 2888 2178 2958 παρ’
2223 2884 2502 2948 Ἰουδαίοις
2525 2877 2872 2951 ἀράσασθαι
2895 2897 2954 2932 τε
2985 2879 3078 2932 τὸν
3112 2880 3265 2946 Θεὸν,
3292 2881 3387 2934 καὶ
3414 2880 3655 2949 ὀνομά-

1969 3011 2012 3069 C
2047 2995 2185 3034 σαι·
2223 2977 2518 3040 τουτέστιν,
2560 2974 2622 3028 τὸ
2652 2973 2932 3044 ἄφραστον
2976 2972 3146 3043 ὄνομα
3174 2971 3341 3026 αὐτοῦ
3392 2971 3482 3025 διὰ
3528 2989 3656 3069 xer-

2045 3071 2204 3134 λέων,
2251 3069 2347 3122 καὶ
2383 3067 2618 3138 μάλιστα
2644 3065 2852 3125 κοιναῖς
2880 3065 3274 3135 προσενεγκεῖν
3305 3063 3521 3126 ἀκοαῖς.
3553 3062 3655 3116 Διὸ

2044 3165 2140 3218 καὶ
2170 3162 2416 3231 ἐκατέρῳ
2445 3159 2676 3221 Θάνατος
2714 3156 2968 3209 ἐπέκειτο
2997 3158 3030 3226 ἡ
3064 3154 3258 3227 ζημία.

2118 3255 2182 3320 ζ’.
2222 3254 2381 3308 Ἀλλὰ
2399 3253 2570 3323 ταύτῃ
2604 3249 2702 3322 μὲν
2719 3248 2814 3303 καὶ
2857 3245 3025 3304 οὗτοι.
3055 3248 3225 3302 Τοῦτο
3256 3248 3313 3302 δὲ
3355 3247 3417 3301 τὸ
3446 3247 3651 3319 ὄνομα,

2047 3348 2141 3402 καὶ
2163 3344 2367 3417 χρυσοῦ
2399 3344 2614 3414 πετάλῳ
2647 3343 3143 3418 ἐγχαραττόμενον,
3166 3341 3260 3394 καὶ
3287 3343 3354 3411 τῇ
3385 3343 3657 3412 ἀρχιερα-

2047 3443 2174 3512 τικῇ
2219 3438 2401 3509 ταινίᾳ
2428 3437 2647 3509 δεσμοῖς
2688 3435 3086 3509 ἁρμοζόμενον,
3117 3433 3178 3485 τὸ
3202 3431 3297 3485 τοῦ
3331 3432 3652 3502 ἀρχιερέως

2049 3532 2307 3601 ἐφρούρει
2340 3547 2399 3583 τε
2429 3531 2527 3584 καὶ
2557 3529 2781 3600 ἐκόσμει
2808 3528 3062 3599 μέτωπον
3086 3542 3102 3557 ο
3136 3525 3251 3595 ἅμα
3278 3525 3376 3595 μὲν
3409 3525 3652 3594 φοϐερὶν

2051 3623 2146 3676 καὶ
2180 3620 2478 3691 σεϐάσμιον
2505 3622 2623 3682 τοῖς
2646 3619 2817 3691 ὁρῶσι
2850 3616 3065 3678 δεικνύς
3087 3634 3099 3645 ·
3133 3617 3249 3684 ἅμα
3280 3613 3345 3665 δὲ·
3380 3615 3474 3666 καὶ
3499 3632 3651 3685 παρ-

2051 3713 2403 3783 εγγυώμενον
2429 3712 2517 3764 ἀεὶ
2549 3710 2661 3763 δεῖν
2689 3709 2779 3761 τὸν
2816 3704 3142 3778 ἁρχιερατὸν
3169 3704 3198 3742 b
3239 3700 3359 3755 νοῦν
3395 3703 3651 3772 συνηνῶ-

2055 3807 2181 3861 σοαι
2210 3805 2286 3876 τῷ
2316 3804 2453 3874 Θεῷ,
2500 3803 2592 3857 καὶ
2641 3799 2913 3872 μηδέποτε
2960 3798 3060 3869 τῆς
3095 3795 3304 3849 ἐκεῖθεν
3342 3796 3650 3864 συναφείας

2053 3900 2150 3955 καὶ
2198 3897 2600 3970 μακαριότητος
2647 3890 3052 3963 διασπώμενον,
3085 3889 3180 3941 ἐπὶ
3213 3888 3284 3941 τὰ
3328 3891 3514 3960 γήϊνα,
3549 3891 3653 3944 καὶ

2055 3995 2200 4062 ἅπερ
2238 3991 2358 4044 ἐστὶ
2403 3989 2502 4058 τῆς
2555 3985 2937 4058 ματαιότητος,
2988 3982 3418 4052 καταφέρεσθαι.
3467 3983 3534 4037 Τί
3583 3982 3650 4052 δή

2057 4087 2176 4140 ποτ’
2199 4084 2294 4139 οὖν
2326 4084 2443 4136 ἐστι
2471 4081 2630 4135 τοῦτο
2664 4079 2723 4132 τὸ
2751 4079 2944 4147 ὄνομα,
2971 4074 3136 4138 αὐτὸς
3162 4076 3190 4126 ό
3213 4074 3320 4126 τῶν
3349 4075 3487 4128 ὅλων
3514 4073 3654 4136 Θεὸς

2055 4178 2320 4233 διδάσκει.
2359 4174 2804 4247 Ἐπερωτήσαντι
2827 4169 2936 4240 γὰρ
2956 4167 3034 4238 τῷ
3058 4167 3268 4232 Μωσεῖ,
3301 4166 3355 4219 τί
3385 4166 3446 4219 τὸ
3475 4165 3654 4236 ὄνομα

2059 4269 2248 4333 αὑτοῦ,
2279 4267 2406 4337 ἔφη,
2449 4285 2467 4318 ι
2505 4263 2649 4334 Ἐγώ
2683 4265 2800 4333 είμι
2836 4264 2864 4314 ὁ
2890 4260 2964 4313 ὢν
2989 4275 3002 4290 ·
3052 4276 3070 4308 ι
3109 4261 3204 4313 καὶ
3235 4259 3419 4318 πάλιν.
3464 4258 3653 4310 ἐπιϐε-

362 4348 633 4406 Dominus
675 4351 827 4408 visus
879 4367 1001 4407 sum
1053 4354 1318 4423 Abrahae,
1371 4360 1589 4423 isaaco,
1637 4359 1886 4416 Jacobo:
1924 4381 1942 4414 ι

2060 4362 2226 4420 Satis}!
2281 4361 2357 4424 ὡς
2395 4358 2555 4414 τοῦτο
2603 4357 2770 4411 αὑτοῦ
2811 4356 2897 4422 εἴη
2944 4356 3139 4428 ὄνομα,
3172 4355 3200 4408 ὃ
3246 4353 3649 4424 προεξὲφηνεν,

363 4450 502 4508 tum,
542 4461 562 4495 ι
613 4441 822 4498 Nomen
855 4460 1036 4498 meum
1077 4461 1185 4501 non
1221 4449 1453 4504 revelavi
1485 4450 1690 4516 illis";
1727 4471 1746 4503 ι
1799 4462 1857 4507 ιιι
1895 4462 1950 4507 ιιι

360 4534 514 4591 dicas
541 4550 630 4590 me
665 4545 715 4592 te
744 4535 940 4606 majori
975 4538 1183 4594 honore
1211 4553 1596 4612 prosecutum,
1629 4561 1795 4615 quam
1831 4562 1951 4602 ma-

356 4627 508 4703 jores
533 4638 657 4684 tuos
688 4630 1054 4700 patriarchas,
1086 4648 1289 4688 nomen
1323 4637 1468 4690 enim
1499 4652 1681 4694 meum
1713 4641 1858 4709 quod
1886 4641 1954 4698 iis

360 4743 471 4783 non
496 4722 770 4792 iudicavi,
815 4739 881 4779 ne
921 4724 1140 4794 quidem
1187 4724 1430 4796 Jacobo,
1482 4746 1607 4785 cum
1655 4733 1954 4792 instantius

362 4832 613 4892 rogaret,
665 4820 770 4874 hoc
810 4817 908 4872 tibi
968 4817 1216 4886 innotui,
1277 4836 1374 4891 per
1434 4842 1452 4875 ι
1500 4823 1614 4894 Ego
1665 4841 1823 4890 sum,
1859 4829 1953 4897 qui

360 4928 519 4979 sum;
557 4930 577 4964 ι
607 4920 665 4968 et
697 4912 802 4969 hoc
832 4930 1032 4971 nomen
1077 4910 1318 4969 llebrmis
1356 4913 1456 4968 Aia
1487 4916 1714 4982 dicitur,
1751 4917 1948 4973 Sama-

361 5002 557 5059 ritanis
609 5001 735 5059 labe
791 5007 1070 5061 scribitur.
1129 5003 1305 5065 Porro
1360 5007 1512 5064 hisce
1563 5009 1762 5065 litteris
1805 5009 1945 5068 ’lu’d).

363 5096 528 5167 'Aiup.
563 5093 755 5154 οὐαύθ.
801 5098 891 5170 ηο.
941 5101 1143 5172 quibus
1175 5103 1473 5172 indicatur,
1500 5102 1620 5160 sine
1663 5103 1788 5170 fine,
1832 5103 1951 5162 sine

433 5326 480 5363 ’°
508 5325 680 5420 Exod.
715 5347 797 5402 Ill,
834 5331 900 5390 ll

2063 4479 2082 4514 ι
2119 4457 2284 4529 Ἐγὼ,
2335 4449 2492 4527 φησὶ,
2549 4454 2755 4526 Κύριος
2810 4452 2998 4524 ὤφθην
3055 4451 3193 4523 πρὸς
3245 4447 3501 4517 Ἀϐραάμ
3556 4447 3652 4498 καὶ

2068 4552 2255 4608 Ἰσαὰκ
2282 4551 2377 4605 καλ⁸
2421 4546 2646 4604 Ἰακώϐ·
2677 4567 2695 4600 ι
2737 4543 2876 4612 εἶτα,
2907 4565 2926 4598 ι
2964 4546 3072 4600 Καὶ
3105 4545 3166 4598 τὸ
3190 4541 3363 4612 ὸνομά
3397 4557 3498 4611 μου
3549 4539 3652 4591 οὐκ

2057 4645 2302 4718 ἐδήλωσα
2340 4643 2525 4706 αὐτοῖς
2549 4659 2563 4673 ο
2604 4660 2623 4692 ι
2661 4640 2746 4694 ἴνα
2781 4637 2940 4711 εἴπῃς
2962 4649 3011 4705 ε,
3044 4635 3290 4709 μείζονος
3338 4649 3397 4685 σε
3446 4630 3652 4700 φιλοτι-

2062 4737 2216 4810 μίας,
2265 4737 2302 4811 ἢ
2355 4737 2484 4798 τοὺς
2543 4732 2911 4806 πατριάρχας.
2961 4731 3090 4794 τοὺς
3145 4728 3272 4790 σοὺς
3324 4724 3649 4797 προγόνους,

2057 4832 2266 4903 ἠξίωσα
2290 4846 2305 4861 ⁸
2351 4830 2413 4883 τὸ
2461 4829 2570 4899 γὰρ
2603 4825 2776 4895 ὄνομά
2809 4841 2933 4893 μου,
2963 4823 3101 4893 ὅπερ
3129 4819 3358 4881 ἐκείνοις
3389 4818 3489 4870 οὐκ
3523 4816 3649 4885 ἐδή-

2058 4923 2229 4988 λωσα,
2285 4922 2463 4976 καίτοι
2520 4920 2597 4992 τῷ
2658 4917 2889 4981 Ἰακὼϐ,
2942 4915 3039 4970 καὶ
3096 4911 3644 4984 προσλιπαρήσαντι,

2059 5015 2220 5070 τοῦτό
2271 5033 2354 5068 σοι
2401 5014 2708 5086 διεσάφησα
2754 5009 3199 5082 ἀποφηνάμενος,
3238 5023 3259 5056 ι
3291 5001 3432 5070 Ἐγώ
3467 5003 3584 5070 εἰμι
3624 5001 3651 5053 ό

2059 5110 2156 5164 ὢν.
2197 5129 2217 5164 ι
2253 5107 2427 5163 Τοῦτο
2483 5107 2541 5161 δὲ
2593 5105 2747 5178 παρὰ
2797 5103 2896 5176 μὲν
2935 5098 3212 5171 Ἑϐραίοις
3251 5095 3472 5164 λέγεται
3510 5092 3643 5147 Αίά·

1636 5469 1872 5528 ἾΑΒΙΑ.
1914 5467 2316 5527 LECTIONES.

431 5689 454 5715 ⁸
485 5680 545 5737 C.
576 5680 646 5740 Μ.
675 5683 724 5738 τί
748 5682 825 5739 δέ,

909 5683 936 5724 ι’
975 5683 1078 5755 lcg.
1110 5682 1373 5754 ἀρχιερέα
1404 5681 1514 5737 τόν.
1549 5683 1608 5739 (ὲ.
1641 5679 1708 5736 ιι.
1738 5679 2122 5753 ἀρχιερατικὸν
2149 5677 2295 5732 νοῦν.
2365 5688 2383 5712 ιτ
2420 5673 2571 5742 εἴπῃ.
