3880 6206
312 286 461 352 569

1216 294 1316 354 ΑΙ)
1371 295 1969 360 AMPHILOCHIUM
2021 299 2368 373 QUIESTIO
2435 304 2552 377 XC,
2611 305 2765 369 XCI.

3497 329 3510 358 κ
3543 313 3647 382 570

313 403 508 474 παρὰ
534 401 592 456 δέ
625 401 1015 474 Σαμαρείταις,
1053 390 1215 459 Ίαδέ.
1261 405 1536 477 Γράφεται
1563 410 1617 463 δὲ
1645 410 1740 465 καὶ
1764 411 1936 482 γράμ·

2016 416 2317 486 ,ρι-ἱιιοίρίο
2348 431 2471 473 esse
2507 416 2698 472 Deum.
2751 418 2820 474 Et
2864 419 2968 477 hoc
3012 421 3320 493 signiﬁcat,
3375 431 3467 500 qui
3505 444 3582 487 est
3624 452 3644 488 :

315 508 489 560 μασι
513 492 743 556 τούτοις·
776 493 891 548 ίώθ.
917 493 1044 563 ἄλφ.
1073 495 1260 550 causa.
1291 497 1380 569 ηθ.
1414 495 1562 554 δι’ὦν
1587 500 1844 570 δηλοῦται
1876 503 1938 557 τὸ

306 582 587 654 ἄνιρχόν
637 601 697 637 τε
750 586 845 638 καὶ
892 585 1250 658 ἀτελεύτητον
1287 587 1381 642 τοῦ
1424 589 1583 646 Θεοῦ.
1622 592 1794 646 Τοῦτο
1829 592 1939 664 γὰρ

311 677 682 745 παρίστησιν
717 677 813 730 καὶ
857 677 918 730 τδ
941 677 992 742 «1,
1025 681 1059 732 ὁ
1083 678 1187 732 ὢν.
1214 679 1366 751 Αὕτη
1383 681 1493 754 γὰρ
1527 682 1761 755 ἠφωνὴ.
1797 686 1938 756 μήτε

306 767 456 836 πρὸ
490 767 675 832 αὑτοῦ,
712 769 850 840 μήτε
904 771 1022 841 μετ’
1065 772 1230 826 αὐτὸν
1275 768 1416 827 εἶναί
1457 792 1511 828 τι
1564 777 1792 846 κυρίως,
1844 776 1940 831 καὶ

307 855 615 930 ὑπάρχειν
657 861 812 924 ὅλως,
847 862 1220 917 ἐνδείκνυται·
1265 864 1400 938 ὅπερ
1440 865 1501 919 τὸ
1541 867 1628 922 ἀεὶ
1658 863 1816 933 εἶναι,
1844 869 1939 922 καὶ

302 948 532 1014 ἁῖδίως
560 947 722 1014 εἶναι,
761 953 1096 1025 συνίστησιν.
1143 955 1412 1028 Ἑκατέρᾳ
1456 957 1638 1012 τοίνυν
1669 973 1940 1030 προσομι-

302 1037 452 1093 λῶν
485 1042 775 1116 ἑρμηνείᾳ,
801 1045 911 1097 οὐδ’
939 1046 1152 1118 ἑτέραν,
1186 1043 1362 1119 οἶμαι,
1389 1047 1624 1114 διώξεις,
1648 1049 1772 1102 οὔτε
1801 1052 1939 1104 ἀσα-

306 1135 526 1198 φείας,
558 1133 681 1188 οὔτε
712 1135 806 1188 τοῦ
839 1137 914 1208 μὴ
951 1139 1078 1210 περὶ
1121 1141 1257 1194 πόδα
1295 1136 1436 1195 εἶναι
1473 1142 1575 1212 τὴν
1619 1143 1931 1216 ἑκατέρωθε

303 1223 582 1280 διάνοιαν
608 1226 686 1298 τῷ
719 1228 892 1298 ῥητῷ.
929 1229 1206 1301 Ἔρρωσο.

913 1343 1247 1398 svorum}:
1287 1350 1360 1414 ig.

2041 505 2157 561 haec
2197 507 2343 562 enim
2380 523 2486 562 vox
2517 524 2696 579 neque
2723 519 2850 565 ante
2883 525 3040 581 eum,
3073 530 3176 570 nec
3211 526 3338 586 post
3372 534 3497 575 eum
3535 523 3643 577 ali-

2039 596 2172 665 quid
2204 597 2434 653 omnino
2461 599 2746 666 exsistere,
2770 603 2990 670 proprie
3014 613 3195 672 notat;
3228 607 3392 678 idque
3421 626 3642 682 semper

2040 690 2308 746 exsistere
2349 701 2405 746 et
2447 693 2780 747 aeterna-liter
2813 695 3116 752 subsistere
3151 699 3389 756 intimat.
3433 701 3638 760 Utrivis

2039 781 2271 836 istarum
2293 783 2695 852 expositionum
2715 784 2760 838 si
2781 795 2830 838 te
2848 788 3252 854 accommodes,
3278 791 3424 846 haud
3440 795 3638 864 opinor

2043 875 2208 929 aliam
2243 874 2556 946 indagabis,
2599 891 2724 930 cum
2773 893 2872 932 nec
2905 881 3214 938 obscuritas
3246 882 3354 937 ulla
3390 886 3551 953 adsit,
3579 896 3636 941 et

2042 975 2339 1038 utrumque
2364 967 2572 1022 dictam
2596 969 2926 1024 sententiam
2957 972 3215 1028 exhibeat
3247 974 3301 1028 in
3322 977 3628 1046 prorinctu.

2043 1057 2194 1116 Vale.

2153 1337 2412 1405 QUAEST
2422 1339 2496 1393 l0
2524 1340 2614 1395 XC
2650 1341 2948 1413 [CCLXXL
2994 1345 3162 1402 Taur.
3195 1346 3492 1425 CCXLVI].

395 1476 545 1526 Edita
580 1489 608 1525 a
641 1474 962 1537 Montacutio,
983 1490 1065 1539 ep.
1097 1477 1203 1538 163,
1237 1478 1304 1527 ad
1333 1479 1566 1546 Amphil.,
1598 1496 1647 1544 p.
1672 1481 1786 1534 220.
1809 1483 1886 1533 De
1909 1475 2122 1542 prensin
2160 1475 2544 1537 pronuntiantes
2569 1487 2748 1524 nomen
2771 1475 2865 1527 Dei
2885 1462 3159 1531 inetl'abile.
3185 1481 3346 1533 Levit.
3374 1498 3514 1548 xliv,
3541 1486 3619 1552 1ίᾶ⁹

417 1586 509 1649 Ὣς
544 1587 679 1660 καλή
716 1606 808 1642 σου
841 1591 1138 1663 ὴὰπορίαί
1178 1593 1416 1663 Γράφεις
1452 1595 1583 1664 γὰρ,
1622 1595 1697 1658 ώς
1738 1596 1787 1647 εί
1825 1593 1924 1664 μὲν

2099 1586 2275 1652 Quam
2308 1585 2522 1640 erudita
2559 1596 2645 1641 est
2672 1597 2761 1641 tua
2796 1588 3062 1657 quaestio!
3111 1588 3189 1646 lta
3225 1592 3372 1647 enim
3401 1595 3620 1660 scribis,

308 1677 585 1749 ἄρρητον
652 1680 826 1752 ὄνομα
863 1683 924 1736 τὸ
959 1681 1125 1748 θεῖον,
1145 1685 1239 1737 καὶ
1273 1683 1528 1754 γνώσεως
1558 1687 1762 1758 μεῖζον,
1805 1685 1926 1749 πῶς

304 1771 589 1823 ἐπέκειτο
614 1770 841 1836 Θάνατος
865 1773 942 1843 τῷ
967 1774 1328 1847 φθεγξαμένῳ
1353 1778 1384 1847 ἠ
1417 1777 1623 1848 ζημία;
1654 1779 1789 1832 nos:
1815 1777 1924 1847 γὰρ

303 1861 484 1931 ἐνῆν,
520 1862 640 1915 οὺδέ
673 1863 845 1917 πολλὰ
877 1863 1190 1936 θελήσαντι,
1217 1867 1556 1936 φθέγξασθαι
1576 1884 1590 1899 ο
1623 1869 1673 1922 εί
1721 1868 1768 1920 δ’
1794 1868 1924 1942 ἐνῆν

298 1951 420 2006 διὰ
445 1954 667 2023 χειλέων
702 1959 1081 2024 προενεγκεῖν,
1109 1957 1224 2022 πῶς
1253 1959 1495 2031 ἄρρητον
1520 1961 1614 2015 καὶ
1641 1959 1922 2032 ἅνέκφρα-

305 2063 496 2115 στονς
540 2047 680 2101 amr
714 2047 881 2118 ἔχεις,
915 2045 1091 2120 οἶμαι,
1142 2052 1654 2124 προγεγραμμένην
1694 2070 1778 2106 σοι
1824 2055 1919 2107 καὶ

301 2133 599 2207 λαμπρῶς
637 2136 735 2208 τὴν
773 2137 946 2192 λύσιν.
980 2138 1071 2209 Τῷ
1105 2139 1214 2211 γὰρ
1243 2141 1419 2195 εἰπεῖν
1451 2143 1545 2195 τὸν
1573 2142 1918 2215 ὑπερουσίως

302 2227 460 2280 ὄντα
486 2229 638 2296 Θεὸν,
676 2248 695 2282 ι
727 2229 868 2300 Ἐγώ
903 2231 1017 2301 είμι
1040 2234 1068 2285 ὁ
1091 2231 1166 2285 ὢν
1187 2249 1200 2263 ·
1232 2251 1252 2284 ι
1285 2233 1458 2303 ὄνομά
1484 2250 1543 2286 τε
1569 2233 1732 2287 αὑτοῦ
1775 2229 1916 2289 εἶναι

301 2320 485 2372 τοῦτο
535 2320 602 2373 ἂν
648 2323 842 2388 εἰπεῖν,
885 2322 981 2376 καὶ
1010 2323 1087 2394 τῷ
1113 2323 1320 2395 ταύτης
1362 2328 1464 2396 τῆς
1495 2329 1680 2399 φωνῆς
1711 2329 1915 2382 Μωσέα

299 2411 654 2467 διακοῦσαι·
693 2414 792 2467 οὐκ
850 2414 1077 2468 ἀκοῦσαι
1132 2415 1190 2470 δὲ
1246 2417 1428 2487 μόνον,
1479 2417 1615 2471 ἀλλᾶ
1658 2419 1756 2471 καὶ
1802 2421 1912 2483 τοῖς

304 2505 680 2575 ἀρχιερεῦσιν
713 2507 1080 2575 ἀπαγγεῖλαι·
1112 2509 1213 2563 οὐκ
1251 2511 1584 2579 ἀπαγγεῖλαι
1624 2511 1690 2564 δὲ.
1728 2511 1908 2582 μόνον,

305 2594 461 2647 ἀλλὰ
504 2597 598 2648 καὶ
636 2593 824 2670 χρυσῷ
861 2599 1080 2671 πετάλῳ
1133 2601 1370 2672 γράφειν
1401 2601 1770 2674 παραδοῦναι·
1826 2604 1910 2657 ὅτι

307 2688 429 2756 μὲν
456 2692 521 2760 τῇ
549 2689 746 2743 ἑαυτοῦ
777 2689 936 2760 φύσει
964 2692 1057 2745 καὶ
1081 2693 1321 2761 γνωστὸν
1346 2689 1436 2765 ἦν,
1465 2694 1560 2748 καὶ
1586 2694 1750 2765 ῥητόν
1767 2711 1782 2726 ’
1815 2695 1910 2749 καὶ

299 2781 402 2833 ὅτι
435 2781 548 2833 τισὶ
577 2781 678 2851 μὲν
708 2783 1040 2850 ἐπέγνωστο,
1073 2784 1168 2839 καὶ
1197 2785 1297 2838 οὐκ
1330 2785 1609 2856 ἄφραστον
1641 2786 1778 2857 πρὸς
1812 2787 1908 2840 ἀλ·

302 2873 518 2944 λήλους
551 2870 639 2946 ἦν,
669 2875 758 2928 διὰ
792 2878 1008 2930 πάντων
1039 2877 1275 2948 ὑπάρχει
1307 2878 1666 2948 σαφέστατον.
1701 2879 1825 2932 Ὀτι
1848 2879 1906 2932 δέ

2030 1678 2076 1734 si
2111 1677 2390 1732 inell'abile
2414 1692 2611 1732 nomen
2643 1677 2732 1732 Dei
2763 1678 2858 1744 sit,
2891 1688 2945 1734 et
2968 1681 3355 1752 cogitationem
3383 1687 3620 1752 excedit,

2027 1784 2129 1824 cur
2161 1776 2338 1822 morte
2363 1767 2610 1833 luebant,
2648 1768 2739 1836 qui
2764 1767 3102 1824 ril‘erebant?
3135 1786 3312 1842 neque
3344 1774 3489 1829 enim
3519 1792 3620 1842 po-

2027 1865 2167 1912 terat
2198 1859 2346 1927 quis,
2377 1857 2507 1912 licet
2535 1858 2693 1913 valde
2725 1868 2970 1928 cuperet,
2990 1859 3122 1915 illud
3164 1863 3442 1932 proferre;
3474 1867 3621 1937 quod

2023 1949 2072 2004 si
2105 1949 2270 2004 labiis
2311 1949 2545 2018 proferri
2595 1951 2804 2020 potuit,
2837 1953 3112 2020 quomodo
3159 1964 3280 2009 erat
3311 1956 3618 2029 iueﬂ‘abile,

2020 2049 2120 2095 aut
2152 2040 2580 2110 inexplicabile?
2622 2041 2726 2096 Sed
2773 2041 2942 2099 habes
2968 2043 3080 2113 jam
3125 2048 3531 2118 praescriptam,
3563 2052 3618 2106 ni

2021 2132 2219 2196 fallor,
2257 2133 2587 2206 luculentam
2623 2134 2978 2190 solutionem.
3029 2135 3168 2192 Cum
3196 2141 3344 2194 enim
3390 2141 3616 2206 dixerit.

2019 2225 2116 2294 qui
2157 2225 2300 2280 Deus
2346 2234 2429 2282 est
2461 2226 3044 2296 suprasubstantialis,
3107 2247 3125 2280 ι
3175 2228 3290 2301 Ego
3338 2247 3484 2295 sum.
3521 2250 3615 2308 qui

2017 2332 2164 2384 sum,
2203 2337 2222 2370 ι
2256 2317 2550 2372 dicendum
2579 2333 2801 2388 quoque
2834 2328 2920 2374 est
2947 2319 3053 2374 hoc
3083 2335 3208 2376 esse
3236 2338 3438 2377 nomen
3469 2324 3616 2394 ejus.

2015 2421 2080 2462 eo
2110 2408 2255 2478 quod
2289 2408 2430 2462 hanc
2456 2425 2642 2464 vocem
2678 2410 2844 2466 fando
2889 2413 3193 2483 accipiebat
3225 2415 3473 2488 Moyses;
3519 2427 3614 2475 sed

2015 2513 2116 2553 nec
2154 2498 2269 2568 ipse
2293 2499 2447 2554 solus
2477 2500 2674 2566 audiit,
2712 2517 2902 2557 verum
2929 2511 2982 2558 et
3008 2506 3358 2574 pontiﬁcibus
3396 2524 3615 2566 annun-

2016 2590 2207 2656 tim-it;
2241 2607 2340 2648 nec
2361 2593 2712 2648 annuntiavit
2743 2603 2971 2662 tantum,
3013 2597 3106 2652 sed
3156 2597 3478 2669 inscriptum
3506 2617 3608 2657 au-

2013 2698 2119 2737 reae
2148 2683 2368 2738 laminae
2397 2684 2548 2740 dedit
2578 2701 2592 2738 :
2639 2699 2806 2756 atque
2854 2688 2980 2744 ideo
3012 2689 3258 2745 insinuat
3289 2703 3344 2747 et
3375 2693 3610 2767 intelligi

2010 2786 2064 2828 ct
2098 2774 2369 2829 nominari
2421 2777 2588 2832 Deum
2624 2793 2827 2847 posse;
2869 2790 2923 2834 et
2974 2794 3122 2836 certe
3171 2784 3462 2853 quodnon
3509 2804 3610 2841 ue-

2011 2866 2145 2920 inini
2183 2869 2649 2937 cognoscebatur,
2699 2881 2754 2925 et
2784 2871 2934 2940 quod
2965 2890 3072 2927 non
3109 2875 3270 2945 plane
3313 2878 3456 2933 inter
3483 2879 3609 2936 illos

300 2963 384 3017 δι’
419 2959 494 3019 ὧν
535 2969 647 3029 τοῖς
691 2967 905 3031 πολλοῖς
932 2967 1056 3021 οὔτε
1099 2971 1182 3032 είς
1213 2969 1404 3033 ἀκοὰς,
1439 2967 1563 3022 οὔτε
1596 2971 1676 3032 είς
1705 2968 1907 3038 γνῶσιν

2016 2956 2325 3022 indicibilis,
2355 2973 2386 3014 e
2416 2962 2603 3016 multis
2627 2972 2773 3031 patet
2803 2965 2885 3019 vel
2936 2966 3265 3025 clarissime.
3300 2970 3458 3036 Quod
3507 2989 3608 3028 au-

303 3060 542 3129 ἀφῖκτο,
570 3062 707 3114 ἀλλὰ
736 3063 830 3116 καὶ
861 3057 942 3124 οἷς
977 3062 1305 3131 ἐγινώσκετο
1334 3061 1549 3134 φυλακὴ
1581 3063 1792 3134 προσῆν
1827 3065 1908 3128 είς

301 3154 512 3218 ἄλλους
550 3155 625 3226 μὴ
651 3155 866 3223 ἐξάγειν
892 3173 905 3187 ·
937 3156 1032 3209 καὶ
1061 3154 1220 3209 τοῦτο
1247 3155 1403 3226 δῆλον
1430 3154 1507 3218 ὡς
1535 3155 1776 3226 ἄρρητον
1804 3156 1906 3210 αὐ-

301 3246 374 3299 τὸ
407 3245 504 3299 καὶ
535 3247 908 3318 ἀνέκφραστον
941 3248 1112 3302 ἐδίδου
1148 3248 1431 3302 καλεῖσθαι
1457 3265 1470 3279 ·
1502 3248 1782 3321 ἄφραστος
1813 3243 1906 3303 οὖν

303 3338 413 3390 καὶ
443 3339 742 3412 ἁνέκφορος
767 3342 800 3411 ἡ
823 3341 942 3394 θεία
974 3341 1188 3412 κλῆσις,
1223 3342 1323 3412 οὐχ
1356 3342 1438 3394 ὃτι
1468 3340 1630 3410 φύσιν
1658 3343 1761 3395 οὐκ
1791 3337 1904 3412 εἶχε

306 3430 525 3499 ῥήμασι
577 3432 671 3484 καὶ
717 3432 940 3505 γλώσσῃ
993 3434 1226 3505 ῥηθῆναι
1265 3434 1446 3505 (δῆλον
1501 3435 1631 3506 γάρ,
1692 3434 1796 3500 κάξ
1828 3430 1904 3489 ὧν

302 3519 412 3574 νῦν
435 3532 460 3562 θ
491 3523 655 3576 παντὶ
676 3523 754 3594 τῷ
785 3524 1094 3597 βουλομένῳ
1125 3527 1290 3598 ῥητός
1323 3528 1414 3579 ἐστ
1426 3526 1517 3597 ιν),
1541 3522 1654 3580 ἀλλ’
1681 3525 1902 3581 ὃτιοῦτε

306 3613 454 3666 πᾶσι
492 3613 655 3685 ῥητὸν
698 3614 1018 3686 ἥγνωστὸν,
1050 3617 1160 3670 οὐδ’
1191 3617 1274 3671 ὅτι
1301 3612 1383 3681 οἷς
1421 3616 1786 3671 ἐπεπίστευτο
1822 3619 1903 3671 ει-

303 3701 484 3768 δέναι,
519 3704 642 3758 οὐδὲ
684 3707 913 3770 ἐκείνοις
943 3702 1010 3778 ἦν
1050 3707 1296 3775 δυνατὸν,
1336 3707 1487 3779 φόϐῳ
1516 3706 1612 3761 τοῦ
1645 3707 1898 3775 θανάτου,

306 3794 454 3866 πρὸς
509 3796 702 3861 ἄλλους
742 3798 944 3869 λέγειν,
1001 3799 1034 3871 ἢ
1086 3800 1286 3873 τρόπον
1329 3795 1516 3872 ἕτερον
1565 3801 1646 3865 είς
1699 3801 1902 3870 γνῶσιν

306 3885 490 3956 ἄγειν.
551 3889 736 3960 Ἔχεις
786 3892 1097 3963 τοιγαροῦν,
1153 3886 1198 3944 ὦ
1253 3891 1515 3962 βέλτιστε,
1567 3892 1716 3956 ὅπως
1769 3892 1900 3962 παρ’

319 3979 602 4044 Ἰουδαίοις
632 3982 908 4050 ἄγνωστόν
935 4001 995 4037 τε
1018 3985 1113 4038 καὶ
1140 3984 1516 4056 ἀνέκφραστον
1544 3982 1604 4036 τδ
1635 3982 1729 4036 τοῦ
1763 3981 1899 4036 Θεοῦ

305 4070 484 4141 ὄνομα
517 4072 728 4144 ὑπῆρχε
753 4092 766 4106 ·
797 4077 892 4128 καὶ
913 4077 1062 4139 ὅπως
1093 4077 1217 4135 ἐνῆν
1247 4075 1594 4147 βουλομένοις
1615 4074 1778 4138 ἐνίοις
1803 4074 1900 4127 αὐ-

307 4163 442 4229 τῶν,
477 4163 572 4216 καὶ
617 4166 813 4230 αὐτοὺς
850 4167 1025 4220 εἰπεῖν
1075 4167 1170 4221 καὶ
1208 4167 1427 4238 ἐτέρους
1473 4166 1674 4220 εἰδέναι
1707 4182 1767 4218 τε
1804 4165 1901 4218 καὶ

307 4254 756 4324 ἀναφθέγγεσθαι
787 4259 1188 4330 παραπλησίως
1210 4259 1415 4322 αὐτοῖς,
1445 4257 1814 4311 ἐκδιδάσκειν*
1847 4257 1895 4309 εί

312 4345 389 4415 μὴ
430 4349 530 4410 τῆς
562 4349 834 4420 τιμωρίας
863 4352 1212 4422 ἐπικείμενος
1243 4351 1273 4404 ὁ
1312 4349 1498 4420 φόϐος,
1533 4347 1737 4420 μείζων
1775 4347 1895 4416 ἐγί-

305 4451 433 4488 νετο
457 4437 557 4507 τῆς
587 4437 879 4510 ἐπιθυμίας
909 4439 1017 4493 τῶν
1039 4443 1106 4494 τὰ
1131 4439 1356 4494 τοιαῦτα
1389 4439 1696 4509 ζητούντων
1737 4439 1893 4508 μυεῖ-

307 4523 457 4578 σθαι.
486 4526 594 4580 Καὶ
617 4527 794 4593 οὐδὲν,
831 4529 904 4592 ὡς
937 4531 1090 4600 ὁρᾷς,
1138 4531 1440 4602 καθορᾶται
1481 4528 1604 4583 οὕτε
1636 4527 1893 4582 δύσκολον

305 4615 424 4670 οὒτ’
458 4619 537 4682 είς
557 4619 794 4691 ἀπορίαν
822 4621 946 4675 τινὰ
971 4624 1295 4694 περιστῆναι
1337 4620 1677 4691 βιαζόμενον.

2013 3054 2142 3111 tem,
2174 3058 2226 3101 et
2265 3063 2359 3118 per
2384 3064 2506 3119 quae
2542 3053 2986 3122 quamplurimis,
3021 3073 3124 3112 nec
3167 3059 3233 3113 ad
3276 3075 3461 3129 aures,
3507 3078 3609 3138 nec

2009 3134 2074 3188 ad
2111 3135 2527 3206 intelligentiam
2559 3142 2831 3207 ascendit,
2877 3144 2970 3198 sed
3021 3153 3078 3200 et
3104 3146 3330 3218 insuper
3376 3149 3430 3205 in
3470 3135 3602 3218 eos,

2007 3223 2210 3292 quibus
2250 3223 2602 3291 innotuerat,
2653 3230 2904 3284 custodia
2955 3226 3364 3303 opponebatur,
3418 3254 3487 3294 ne
3535 3242 3604 3297 ad

2005 3325 2299 3372 extraneos
2331 3318 2650 3389 eﬂ‘arentur,
2700 3323 2871 3394 liquet
2913 3327 3070 3393 inde,
3105 3332 3248 3399 quod
3288 3332 3600 3390 inuomina-

2004 3406 2114 3464 bile
2140 3418 2195 3464 et
2237 3409 2522 3469 indicibile
2569 3416 2742 3472 voluit
2785 3420 3070 3490 appellari.
3119 3423 3186 3478 Et
3230 3441 3360 3496 ergo
3401 3444 3598 3485 umnen

2007 3501 2104 3556 Dei
2141 3501 2419 3560 ineﬂabile
2445 3514 2499 3561 et
2530 3507 2880 3580 ineil‘eribile;
2913 3530 3020 3568 non
3051 3517 3194 3586 quod
3227 3531 3423 3575 natura
3457 3537 3600 3592 prte-

2003 3592 2152 3649 ditus
2181 3605 2265 3650 est
2296 3594 2460 3662 Deus,
2491 3614 2615 3668 quae
2642 3601 2825 3656 verbis
2861 3613 2915 3657 et
2943 3603 3130 3675 lingua
3169 3607 3277 3663 dici
3315 3623 3552 3680 nequeat
3581 3631 3597 3669 :

2003 3697 2154 3759 patet
2181 3689 2326 3744 enim
2365 3693 2509 3761 quod
2538 3693 2838 3749 etiamnum
2879 3697 3008 3752 illud
3055 3702 3311 3772 quisquis
3341 3705 3596 3774 voluerit,

2002 3783 2253 3854 proferre
2300 3794 2466 3857 queat
2494 3803 2509 3840 :
2536 3787 2630 3841 sed
2670 3787 2816 3857 quod
2845 3789 3102 3846 erunibus
3128 3793 3333 3861 passim
3379 3810 3479 3850 nec
3505 3797 3594 3850 in-

2005 3877 2192 3949 telligi,
2227 3879 2310 3934 vel
2337 3878 2478 3934 edici
2504 3889 2690 3950 queat,
2727 3880 2824 3936 sed
2866 3897 2967 3937 nec
2997 3883 3086 3948 iis,
3121 3884 3322 3955 quibus
3352 3888 3598 3957 cognitio

2000 3967 2121 4038 ejus
2148 3971 2600 4041 concredebatur,
2634 3975 2840 4031 licitum
2876 3987 2994 4032 erat
3025 3979 3127 4034 sub
3160 3995 3322 4051 poma
3349 3984 3594 4053 capitali,

2002 4061 2126 4116 aliis
2153 4077 2413 4120 enarrare
2432 4105 2453 4130 ,
2481 4076 2578 4120 aut
2631 4068 2754 4124 aliis
2783 4070 2980 4139 quovis
3012 4073 3176 4128 modo
3224 4075 3588 4145 cognil‘acere.

2000 4151 2185 4208 Habes
2232 4155 2339 4221 ita,
2385 4171 2420 4210 ο
2458 4157 2633 4224 bone,
2663 4164 2939 4230 quomodo
2973 4161 3063 4217 Dei
3092 4179 3292 4219 nomen
3318 4169 3459 4234 apud
3489 4166 3591 4222 Ju-

2003 4245 2151 4303 dazos
2191 4247 2441 4319 ignotum
2494 4260 2548 4306 et
2594 4252 2869 4309 inellabile
2915 4255 3052 4321 fuit,
3103 4267 3157 4312 et
3200 4261 3344 4328 quod
3395 4261 3592 4315 licebat

2003 4335 2289 4392 nonnullis
2317 4337 2456 4393 inter
2485 4355 2603 4410 eos,
2631 4358 2754 4396 cum
2789 4345 3076 4402 enuntiare
3115 4347 3272 4417 ipsis,
3303 4359 3417 4404 tum
3445 4351 3588 4420 apud

2003 4428 2140 4483 alios
2176 4431 2450 4500 proferre,
2502 4442 2556 4488 et
2603 4450 2698 4490 eos
2727 4437 2954 4502 docere,
3011 4454 3133 4508 quae
3187 4442 3589 4510 cognoscebant

2003 4521 2109 4591 ipsi
2143 4539 2158 4576 :
2208 4523 2314 4578 nisi
2357 4526 2554 4581 mortis
2594 4537 2773 4584 metus
2801 4528 2978 4599 major
3020 4531 3355 4586 desiderium
3397 4537 3587 4589 eorum

2003 4626 2358 4685 superasset,
2400 4619 2493 4689 qui
2524 4620 2782 4677 volebant
2811 4622 2929 4678 hac
2975 4624 3236 4695 mysteria
3280 4625 3584 4684 addiscere.

306 4710 489 4781 Atque
514 4713 588 4769 ita
623 4714 778 4771 vides
807 4715 942 4770 nihil
981 4716 1166 4771 videre
1195 4717 1354 4784 licet,
1392 4715 1476 4770 vel
1525 4713 1761 4780 difﬁcile,
1801 4718 1898 4767 aut
1933 4709 2083 4782 quod
2157 4710 2425 4782 impingat
2469 4714 2527 4769 in
2573 4716 2808 4788 aliquam
2877 4719 3312 4775 iuextricandam
3364 4719 3587 4776 dubita-

306 4808 538 4862 tionem.

845 4919 1181 4979 ΕΡΩΤΗΣΙΣ
1242 4924 1356 4991 ιιΑν.

313 5129 376 5184 Τί
393 5128 566 5184 ἐστιν
593 5148 612 5182 ι
635 5128 940 5195 Πολλάκις
959 5147 1031 5198 πί
1041 5131 1295 5200 οεθέμην
1309 5128 1505 5184 ἐλθεῖν
1524 5130 1629 5197 πρε
1642 5149 1672 5194 ς
1690 5123 1900 5196 mlch

2213 4911 2548 4977 ρυΑῖδΤιυ
2586 4915 2698 4970 XCI
2743 4916 3174 4988 [CoisLCCLVL
3216 4919 3380 4975 Taur.

2632 5009 2955 5084 CCXLVHL

2016 5128 2159 5194 Quid
2180 5129 2284 5182 sibi
2314 5128 2422 5182 vult
2437 5127 2570 5182 illud
2594 5142 2614 5181 :
2646 5147 2664 5180 ι
2697 5126 3286 5199 Sa'pepraposuirenire
3308 5133 3378 5186 ad
3403 5149 3488 5190 vos
3509 5135 3537 5188 ?
3559 5153 3580 5186 ι

875 5261 1018 5314 Edita
1049 5278 1074 5312 a
1111 5260 1432 5322 Montacutio,
1463 5273 1543 5325 ep.
1571 5260 1679 5322 164,
1700 5265 1764 5311 ad
1796 5265 1972 5329 Georg.
1996 5261 2216 5322 Nicom.,
2251 5273 2300 5323 p.
2340 5258 2568 5310 221-229.
2609 5259 2662 5309 ln
2694 5258 2832 5308 Rom.
2862 5271 2896 5320 ι,
2921 5258 2998 5310 15.

385 5389 408 5426 ι
444 5372 518 5425 Ub
553 5369 696 5425 θέλω
734 5370 792 5425 δὲ
843 5371 984 5442 ὑμᾶς
1026 5372 1228 5439 ἀγοεῖν,
1255 5369 1495 5439 ἀδελφοὶ,
1518 5370 1599 5424 ὅτι
1630 5369 1891 5433 πολλάκις

2075 5385 2098 5420 ι
2142 5365 2279 5423 Nolo
2308 5382 2410 5424 vos
2460 5368 2736 5439 ignorare,
2773 5365 2987 5438 fratres,
3032 5367 3180 5439 quod
3224 5385 3350 5425 cum
3383 5369 3582 5441 saepius

1619 5573 1852 5632 ΥΑΒΙιΕ
1895 5569 2307 5632 LECTIONES.

371 5728 399 5771 ἀ
419 5727 482 5787 C.
520 5728 592 5786 Μ.
618 5730 812 5789 omittit
841 5729 922 5786 τό.
1040 5743 1063 5771 ε
1095 5730 1180 5787 ἵσ.
1204 5727 1355 5786 εἶπον
1376 5733 1477 5786 ὅτι.
