3778 6318
213 393 320 458 573

1212 396 1310 456 AD
1363 395 1956 457 AMPIIILOCIIIUM
2020 396 2363 467 QU/ESTIO
2416 394 2566 455 XCI.

3376 393 3480 457 5T4

212 504 330 575 σχῶ
356 503 455 557 καὶ
486 502 543 556 ἐν
574 501 728 573 ὑμῖν.
769 520 786 554 ι
839 501 1149 568 Τουτέστ;ν,
1182 504 1271 559 διὰ
1294 506 1453 559 τοῦτο
1490 505 1699 560 ἐκωλύθ

1984 513 2144 561 ictum
2179 506 2415 576 aliquem
2451 520 2481 559 a
2507 501 2665 558 vobis
2706 502 3021 572 percipiam.
3070 520 3090 555 ι
3128 502 3184 558 ld
3221 512 3324 567 est,
3358 520 3476 558 eam

211 596 301 647 ἴνα
337 595 416 665 μὴ
450 595 643 647 θᾶττον
674 592 844 646 ἐλθὼν
874 596 1154 666 ἀκάρπους
1182 596 1324 667 ὑμᾶς
1363 596 1441 648 ἔτι
1474 597 1784 650 καταλά6ω⁶

212 689 543 740 καταλαῦὼν
578 688 687 758 γὰρ
719 690 931 757 ἀώρους
981 689 1314 759 ἐμεμψάμην
1345 689 1411 741 ἂν
1442 688 1665 758 ἐμαυτῷ
1694 690 1790 758 μὲν

209 780 313 845 τῆς
346 779 579 847 ἀκαίρου
612 778 934 849 ταχύτητος,
978 780 1072 831 καὶ
1108 780 1237 849 ὑμῖν
1262 779 1315 831 δὲ
1355 779 1451 845 τῆς
1498 782 1555 830 ἐν
1585 772 1665 841 οἷς
1691 778 1792 829 οὐκ

212 868 319 920 ἔδει
357 869 710 940 βραδύτητος.
769 871 858 922 Διδ
910 869 1248 940 ἀνεϐαλόμην
1304 870 1403 940 τὴν
1463 870 1784 940 παρουσίαν,

212 961 455 1023 ἐλπίζων
485 963 583 1030 τὴν
607 964 905 1033 γεωργίαν,
931 958 997 1033 ἦς
1026 962 1147 1030 οὐχὶ
1179 964 1343 1032 μήπω
1382 962 1518 1031 πρὸς
1556 961 1792 1032 βλάστην

211 1051 449 1123 ὁρώσης,
510 1054 625 1106 ἀλλ’
688 1055 788 1123 ἤδη
822 1055 914 1106 καὶ
971 1056 1079 1115 τοῖς
1110 1054 1332 1107 ἄνθεσιν
1376 1055 1790 1125 ἐνυστερούσης,

213 1147 375 1205 δκνος
404 1145 892 1217 ἔχειπαρεῖναιτὴν
907 1147 1112 1216 ταύτης
1135 1145 1191 1196 ἐν
1220 1145 1519 1199 ἀπολαύσει
1540 1147 1792 1213 γενέσθαι

203 1235 510 1288 ποθοῦντα.
575 1237 775 1290 Ἐπειῖ
814 1238 878 1291 ἂν
932 1238 989 1291 δὲ
1018 1238 1157 1307 μετᾶ
1183 1238 1280 1307 τὴν
1340 1238 1579 1307 βλάστην
1610 1239 1703 1290 καὶ
1728 1238 1795 1291 τὰ

215 1326 384 1394 ἄνθη,
418 1329 772 1397 ἐπιφαίνηται
816 1330 911 1382 καὶ
954 1330 1442 1400 τελεσφορουμένη·
1473 1330 1593 1383 τότε
1620 1334 1796 1402 χαρᾶς

222 1419 317 1470 καὶ
368 1419 704 1490 εὐφροσύνης
734 1423 762 1473 ό
795 1421 931 1490 πρὸς
956 1423 1124 1491 αὐτὴν
1149 1422 1525 1493 πληρούμενος
1572 1423 1793 1493 δρόμος.

217 1510 333 1562 υύκ
368 1505 507 1562 οἶδεν
539 1510 850 1577 λογίζεσθαι
896 1514 1108 1575 πόνους,
1162 1513 1281 1565 οὐδὲ
1336 1514 1473 1583 πρὸς
1505 1514 1641 1568 ἄλλα
1699 1514 1798 1583 τὴν

220 1604 882 1675 σπουδὴνκαταμερίζειν.
916 1606 981 1657 Τί
1005 1602 1099 1659 οὖν
1126 1606 1191 1658 ἂν
1222 1608 1315 1659 καὶ
1342 1609 1795 1678 καρποφορῶσιν;

217 1693 299 1753 τίς
320 1694 355 1762 η
388 1694 548 1763 χρεία
582 1695 682 1763 τῆς
714 1696 1021 1764 παρουσίας
1053 1696 1303 1764 Παύλου;
1341 1698 1517 1767 Πολλὴ
1547 1698 1645 1767 μὲν
1679 1696 1795 1750 οὖν.

220 1784 296 1834 Οὐ
337 1782 446 1852 γὰρ
510 1785 691 1837 πάντα
745 1785 1009 1856 ἀνέμενεν
1068 1784 1159 1839 τὸν
1214 1788 1447 1857 καρπὸν,
1484 1788 1621 1840 ἀλλὰ
1652 1787 1797 1843 τινά.

1900 600 1969 653 oh
2000 614 2222 651 causam
2255 597 2561 664 prohibitus
2608 612 2753 655 sum,
2795 611 2857 647 ne
2890 596 2933 648 si
2985 596 3149 649 citius
3184 596 3481 658 venissem,

1895 706 1991 743 vos
2018 687 2370 758 infrugil'eros
2396 688 2717 755 reperissem
2748 702 2761 751 ;
2795 690 2837 739 si
2867 687 3010 740 enim
3039 687 3361 740 immaturos
3394 688 3478 737 in-

1896 782 2188 843 venissem,
2258 780 2567 847 eulpassem
2646 779 3085 847 intempestivum
3179 778 3473 831 adventum

1896 890 2101 938 meum,
2135 889 2221 927 me
2256 873 2322 926 de
2371 871 2720 924 festinatiOne
2753 871 2939 934 nimia,
2968 885 3063 924 vos
3095 870 3160 923 de
3191 870 3469 928 tarditate.

1897 965 1949 1018 in
1980 966 2045 1019 iis
2081 978 2201 1033 quae
2251 978 2355 1014 non
2405 960 2689 1014 decebant.
2740 960 2867 1015 ideo
2913 960 3207 1014 adventum
3263 976 3484 1028 compr-

1898 1056 2177 1109 rendinnvi
2223 1068 2425 1115 meum,
2462 1063 2779 1120 proventum
2824 1060 3172 1121 exspectans,
3229 1055 3321 1119 qui
3358 1067 3483 1106 cum

1896 1148 2137 1201 nondum
2171 1146 2653 1216 egerminationem
2691 1145 3003 1212 respiceret,
3039 1146 3130 1197 sed
3176 1144 3384 1197 tardius
3429 1144 3481 1195 in

1896 1238 2081 1292 ﬂorem
2119 1239 2442 1303 solveretur,
2477 1247 2790 1308 gravaretur
2826 1236 2913 1289 ille
2958 1236 3169 1297 adesse,
3206 1236 3297 1303 qui
3342 1234 3487 1286 desi-

1897 1331 2048 1387 derio
2077 1331 2196 1401 ejus
2232 1330 2473 1384 fruenda:
2509 1338 2802 1383 teneretur.
2867 1329 2931 1381 At
2970 1343 3091 1381 cum
3128 1338 3250 1393 post
3286 1326 3486 1395 genui-

1899 1423 2173 1475 nationem
2206 1418 2443 1475 clﬂores
2488 1421 2552 1473 ad
2581 1419 2967 1490 perfectionem
3016 1418 3244 1472 adducta
3289 1418 3483 1480 fuerat,

1902 1525 2013 1567 tmn
2046 1530 2299 1568 accessus
2357 1514 2421 1566 ad
2463 1528 2555 1567 eos
2604 1527 2770 1565 cursu
2826 1512 3133 1575 festinatos,
3182 1511 3380 1581 gaudio
3434 1518 3487 1563 et

1900 1608 2084 1662 hetitia
2113 1606 2457 1671 abundabat;
2492 1605 2703 1658 labores
2753 1600 2893 1657 haud
2957 1603 3107 1656 novit
3140 1610 3482 1669 computare,

1899 1716 2009 1755 non
2044 1714 2228 1753 curam
2265 1698 2478 1752 divisim
2542 1697 2665 1751 aliis
2722 1697 3050 1766 impendere.
3098 1695 3251 1759 Quod
3288 1693 3333 1748 si
3372 1694 3487 1746 fru-

1903 1792 2165 1853 etilicent,
2196 1790 2285 1844 cui
2326 1790 2448 1843 usui
2495 1788 2751 1845 inserviet
2777 1789 3043 1843 adventus
3077 1786 3271 1841 Pauli?
3299 1784 3485 1839 Multi-

226 1893 242 1921 ι
287 1874 406 1925 Ἵνα
438 1877 546 1945 γάρ
576 1892 697 1927 τινα
745 1876 955 1945 καρπὸν
996 1878 1132 1947 σχῶ,
1172 1877 1326 1948 φησὶ,
1375 1878 1470 1930 καὶ
1500 1878 1559 1932 ἐν
1588 1877 1718 1949 ύμῖν

1993 1880 2321 1953 ciprofeclo.
2372 1878 2489 1937 Non
2526 1883 2671 1936 enim
2722 1881 3097 1937 omnimodum
3150 1880 3485 1949 exspectavit

223 1966 435 2035 Ὥσπερ
466 1966 521 2019 δὲ
554 1968 809 2038 περιττὸν
838 1969 930 2020 καὶ
959 1969 1191 2038 μάταιον
1214 1971 1306 2022 τὸν
1342 1969 1565 2033 τελείως
1591 1987 1805 2040 καρπο-

223 2056 498 2127 φοροῦντα
531 2060 613 2120 είς
652 2060 1040 2129 καρποξορξαν
1082 2060 1445 2130 παρακαλεῖν,
1483 2061 1656 2125 οὕτως
1684 2062 1804 2115 ἐπί-

236 2165 401 2201 πονον
426 2151 516 2202 καὶ
549 2152 807 2221 ὀκνηρὸν,
844 2152 909 2204 ἂν
928 2156 1057 2222 μηδὲ
1079 2155 1319 2224 χρηϊτάς
1340 2154 1559 2217 ἐλπίδας
1583 2155 1805 2225 ὑπάρχῃ

224 2237 431 2305 λαϐεῖν,
450 2242 540 2293 ἐπὶ
564 2243 631 2293 τὰ
654 2243 835 2295 τέλεια
850 2248 1155 2314 παραινεῖν.
1182 2247 1241 2296 ΙοΞὶ
1268 2245 1323 2297 δέ
1343 2244 1369 2280 ει
1387 2246 1595 2315 καρπός
1619 2263 1699 2309 τις
1720 2242 1805 2314 ἦν,

223 2333 317 2382 καὶ
339 2324 497 2396 οὗτος
518 2333 725 2393 τέλειος
756 2336 814 2387 ἐν
868 2336 1073 2402 αὐτοῖς,
1121 2336 1231 2389 οὐδ’
1260 2335 1436 2401 οὕτως
1472 2338 1659 2402 ἁπλῶς
1719 2339 1808 2391 ἐν·

225 2424 487 2477 εκόπτετο
513 2428 613 2498 τὴν
651 2430 959 2499 παρουσίαν
983 2432 1031 2470 ιι·
1058 2434 1086 2484 ὁ
1118 2432 1318 2503 πτηνὸς
1352 2433 1559 2496 ἐκεῖνος
1586 2434 1677 2486 καὶ
1708 2449 1807 2502 με·

225 2520 448 2589 τάρσιος
469 2521 756 2591 ἄνθρωπος
780 2540 794 2554 ο
824 2542 841 2574 ι
873 2524 1188 2594 ὀφειλέτην»
1231 2524 1341 2595 γὰρ
1372 2526 1564 2579 ἑαυτὸν
1587 2526 1681 2579 καὶ
1699 2521 1807 2578 οἶδε

229 2612 317 2663 καὶ
345 2612 634 2675 ἀποκαλεῖ,
679 2615 805 2683 ιοὺχ
836 2614 1109 2684 Ἑλλήνων
1143 2616 1323 2685 μόνων
1359 2618 1453 2669 καὶ⁵
1488 2616 1805 2688 βαρϐάρων,

233 2702 363 2754 ἀλλὰ
398 2706 497 2755 καὶ
527 2704 704 2772 σοφῶν
741 2707 835 2761 καὶ
859 2706 1123 2775 ἁνοήτωνσ
1163 2728 1181 2759 ι
1220 2708 1313 2761 καὶ
1344 2708 1421 2777 τῷ
1460 2707 1584 2760 καθ’
1615 2709 1807 2761 ἑαυτὸν

231 2796 516 2866 προθύμῳ,
549 2797 649 2866 οὐχ
677 2797 868 2850 ἵστατο
897 2799 971 2867 μὴ
997 2799 1291 2853 πλείωτῶν
1318 2800 1485 2853 ὅντων
1509 2802 1803 2869 ἐπιζητεῖν,

232 2889 367 2942 ὥστε
396 2895 488 2943 καὶ
530 2892 541 2929 i
580 2893 689 2953 τοῖς
729 2891 912 2961 ἔργοις
952 2892 1191 2961 ἐκόμων,
1236 2893 1400 2955 αὐτὸς
1437 2894 1502 2946 ἂν
1530 2893 1591 2946 τὸ
1640 2893 1805 2947 αὑτοῦ

232 2984 324 3035 οὐκ
356 2984 574 3051 ἀπέστη
611 2982 781 3034 ποιῶν
805 3000 816 3011 ·
842 2982 956 3034 ἀλλ’
983 2983 1237 3037 ἐπέκειτο
1267 2986 1587 3055 προσθήκην
1622 2985 1806 3054 μειζό-

234 3092 333 3125 νων
367 3074 668 3142 ἐπιζητῶν.
724 3075 864 3126 Ἀλλ“
916 3075 1060 3129 οὕτω
1114 3078 1212 3147 μὲν
1256 3078 1350 3129 καὶ
1394 3079 1423 3147 ἡ
1458 3077 1683 3147 τοιαύτη
1712 3077 1805 3130 τοῦ

237 3167 392 3235 ῥητοῦ
430 3168 783 3236 διασὰφησις.
823 3168 979 3220 Ἐστι
1022 3169 1078 3220 δὲ
1139 3168 1235 3221 καὶ
1290 3168 1466 3231 ἄλλως
1512 3169 1572 3221 τὸ
1629 3170 1807 3239 νόημα
1834 3208 1876 3265 C

237 3260 480 3317 συνιδεῖν,
516 3259 894 3330 ἁπλουστέραν
929 3259 1026 3327 μὲν
1066 3259 1194 3322 ἴσως
1217 3259 1316 3329 τὴν
1357 3260 1623 3329 ἐξήγησιν
1653 3261 1807 3313 ἐκδε-

236 3351 483 3420 χόμενον,
516 3352 871 3421 οἰκειωτέραν
896 3351 961 3413 δ’,
990 3346 1169 3420 οἶμαι,
1197 3353 1292 3404 καὶ
1321 3356 1419 3423 τῆς
1450 3352 1661 3405 Παύλου
1693 3352 1807 3405 δια-

235 3441 374 3505 νοίας
401 3443 497 3494 καὶ
521 3443 618 3513 τῆς
649 3441 867 3506 λέξεως.
913 3460 931 3493 ι
970 3442 1258 3509 Πολλάκις,
1302 3444 1457 3512 φησι,
1494 3442 1807 3513 προεθέμην

237 3533 404 3586 ἐλθεῖν
433 3533 571 3606 πρὸς
602 3534 769 3604 ὑμᾶς,
804 3536 918 3588 ἀλλ’
963 3534 1243 3605 ἐκωλύθην
1276 3535 1402 3604 ἄχρι
1431 3533 1524 3587 τοῦ
1562 3534 1741 3603 δεῦρο.
1783 3555 1802 3586 ι

236 3631 328 3681 Διὰ
355 3628 406 3681 τί
430 3646 443 3692 ;
470 3647 489 3678 ι
520 3628 638 3680 Ἵνα
702 3628 824 3678 τινὰ
861 3627 1074 3696 καρπὸν
1106 3628 1239 3697 σχῶ,
1281 3647 1298 3679 ι
1330 3627 1418 3679 ἴνα
1456 3626 1620 3697 εἴπης
1650 3624 1693 3689 i,
1726 3628 1811 3679 ἐν-

238 3720 476 3773 ελείπετό
514 3736 601 3788 μοι
630 3718 837 3787 καρπός
865 3735 948 3780 τις
978 3717 1035 3769 ὃν
1060 3718 1168 3770 ἔδει
1203 3718 1457 3781 συλλέξαι
1516 3718 1805 3787 πρότερον,

238 3811 351 3865 εἶτα
386 3812 522 3881 προς
546 3811 688 3879 ὑμᾶς
713 3809 1147 3879 παραγενέσθαι.
1183 3810 1277 3871 Τίς
1300 3804 1393 3861 οὖν
1423 3804 1489 3877 ἦν
1541 3809 1569 3858 ὁ
1599 3808 1809 3875 καρπὸς

240 3904 463 3964 ἐκεῖνος.
499 3902 593 3953 καὶ
625 3902 683 3952 ἐν
719 3900 829 3951 τίσι
853 3899 1176 3965 συνελέγετο
1198 3899 1401 3965 ;Αύτὸς
1432 3899 1637 3961 ἐκεῖνος
1670 3900 1805 3966 ἐρεῖ’

238 3994 325 4046 ἐπὶ
347 3995 456 4063 γὰρ
490 3991 567 4061 τῷ
600 3990 743 4043 τέλει
772 3990 870 4061 τῆς
895 3991 1209 4060 ἐπιστολῆς,
1267 3990 1457 4063 ὥσπερ
1503 3990 1809 4058 ἐπιλογιζό-

243 4103 393 4155 μενος
419 4085 568 4155 αύτῷ
605 4084 673 4135 τὰ
701 4083 1166 4153 προοιμιασθέντα
1191 4125 1204 4149 ,
1241 4082 1384 4136 οὕτω
1418 4084 1599 4154 φησίν
1657 4100 1673 4133 t
1718 4081 1810 4134 Διὸ

240 4180 329 4231 καὶ
384 4176 761 4247 ἐνεκοπτόμην
819 4176 996 4229 ἐλθεῖν
1053 4177 1192 4245 πρὸς
1252 4177 1417 4246 ὑμᾶς,
1477 4195 1495 4227 ι
1546 4178 1682 4247 ὅπερ
1728 4177 1809 4239 εἰς

239 4272 422 4324 ταύτὸν
456 4273 582 4342 ἥκει
614 4271 675 4322 τὸ
710 4273 733 4310 ιι
764 4270 858 4323 καὶ
888 4289 906 4322 ι
961 4269 1267 4340 Έκωλύθην
1291 4271 1418 4343 ἄχρι
1450 4268 1543 4321 τοῦ
1573 4268 1750 4339 δεῦρο·
1785 4288 1804 4320 ι

241 4362 372 4427 εἶτα,
412 4384 431 4417 ι
462 4367 599 4420 Νυνὶ
627 4368 684 4421 δὲ
718 4367 913 4439 μηκέτι
938 4365 1076 4434 ἔχων
1109 4362 1273 4415 τόπον
1318 4365 1376 4413 ἐν
1420 4363 1533 4423 τοῖς
1581 4360 1808 4428 κλίμασι

239 4459 463 4524 τούτοις,
524 4479 542 4511 ι
597 4460 737 4514 ἀλλὰ
769 4453 1149 4527 πεπληρωκὼς
1212 4452 1457 4523 δηλονότι
1520 4452 1583 4505 τὸ
1623 4452 1803 4522 ἔργον,

1910 1976 2166 2043 fructum,
2204 1977 2296 2031 sed
2346 1978 2636 2046 quemdam
2682 1985 2911 2029 tantum.
2947 1974 3127 2043 inquit
3158 1975 3326 2038 enim,
3366 1992 3382 2023 ι
3420 1966 3487 2027 Ut

1909 2070 2145 2137 aliquem
2179 2068 2231 2122 in
2264 2070 2419 2121 vobis
2457 2069 2696 2122 fructum
2729 2066 2923 2121 ieram.
2964 2088 2981 2116 ι
3017 2066 3483 2131 Quemadmodum

1908 2171 2089 2215 autem
2139 2161 2473 2229 superﬂuum
2558 2169 2610 2213 et
2668 2160 3037 2213 frustranenm
3091 2165 3193 2222 est,
3241 2172 3365 2210 eum
3418 2158 3486 2209 ad

1908 2254 2145 2309 fructum
2193 2253 2473 2308 ferendum
2522 2256 2711 2316 citare,
2756 2254 2849 2322 qui
2892 2252 3004 2321 jam
3058 2249 3325 2319 perfectos
3365 2249 3487 2302 tulit

1908 2348 2159 2409 fructus;
2215 2345 2287 2399 ita
2313 2354 2365 2400 et
2401 2347 2728 2399 laboriosum
2762 2356 2811 2398 et
2845 2359 3009 2414 grave
3042 2342 3167 2407 erit,
3212 2342 3300 2395 ubi
3344 2341 3486 2395 bona

1908 2454 2034 2507 spes
2069 2454 2173 2493 non
2208 2440 2464 2507 suppetit,
2498 2438 2563 2490 ad
2597 2436 2985 2505 perfectionem
3022 2434 3282 2488 inducere
3308 2433 3483 2488 velle:

1908 2529 1989 2584 sin
2046 2528 2259 2583 fruetus
2301 2529 2352 2581 in
2387 2530 2456 2581 iis
2482 2529 2701 2597 aliquis,
2736 2537 2787 2581 et
2826 2527 2915 2580 ille
2963 2526 3183 2595 quidem
3213 2523 3487 2594 perfectus

1909 2618 2031 2683 fuit,
2073 2634 2137 2671 ne
2169 2618 2249 2672 sic
2278 2618 2493 2687 quidem
2543 2633 2697 2671 suam
2744 2616 3084 2685 prmsentiam
3133 2614 3487 2668 iuterlidisset

1908 2709 2085 2762 alatus
2137 2707 2223 2759 ille
2268 2716 2319 2760 et
2372 2706 2783 2760 snblimivolans
2831 2708 3030 2770 homo;
3060 2724 3077 2756 ι
3120 2706 3420 2759 debitorem
3461 2724 3482 2756 ι

1909 2800 2175 2869 siquidem
2222 2813 2281 2851 se
2332 2806 2383 2851 et
2441 2798 2660 2867 agnovit
2708 2805 2763 2851 et
2804 2797 3082 2868 professus
3142 2807 3264 2850 est:
3304 2816 3323 2848 ι
3369 2795 3483 2849 Non

1909 2890 2111 2945 Cra-cis
2139 2899 2348 2942 tantum
2400 2900 2495 2942 aut
2543 2888 2813 2951 barbaris,
2857 2889 2950 2943 sed
2980 2888 3315 2957 sapientibus
3357 2889 3489 2939 insi-

1908 2983 2333 3052 pientibusque;
2374 2999 2392 3032 ι
2423 2980 2641 3048 etquod
2692 2980 2862 3049 ipsius
2910 2980 3151 3034 studium
3196 2980 3482 3043 attinebat,

1911 3089 2017 3128 non
2071 3090 2129 3127 se
2180 3073 2468 3136 continuit,
2506 3082 2563 3127 ut
2595 3087 2662 3127 ne
2702 3072 2830 3141 quid
2880 3073 3114 3141 amplius
3162 3072 3481 3140 requireret,

1910 3183 2070 3235 quam
2102 3164 2242 3235 quod
2277 3165 2547 3229 habebat;
2578 3163 2711 3216 adeo
2741 3172 2798 3217 ιιι
2839 3166 2881 3217 si
2915 3163 3173 3231 operibus
3207 3161 3485 3222 ﬂorerent.

1914 3258 2027 3323 ipse
2065 3268 2240 3310 tamen
2276 3256 2417 3309 haud
2452 3255 2925 3325 absisteret,qnod
2957 3270 3115 3309 somn
3146 3266 3262 3309 erat
3287 3253 3485 3319 facere,

1912 3350 2005 3403 sed
2040 3350 2296 3419 majorem
2332 3349 2445 3402 ﬁeri
2475 3349 2807 3403 additioncm
2843 3350 3087 3403 instaret.
3116 3347 3291 3417 Atque
3326 3348 3395 3401 ita
3421 3347 3489 3401 sit

1913 3439 2078 3508 hujus
2106 3438 2235 3493 dicti
2267 3438 2559 3507 expositio.
2602 3442 2786 3495 Potest
2817 3448 2868 3492 et
2902 3440 3058 3493 aliter
3088 3454 3282 3492 sensus
3315 3438 3487 3506 expli-

1912 3531 2047 3589 cari.
2091 3529 2409 3600 simpliciori
2463 3533 2697 3601 quadam
2744 3531 2881 3585 forte
2922 3532 3386 3599 interpretatione,
3433 3540 3489 3584 at

1911 3638 2032 3690 qua:
2076 3624 2297 3690 propius
2357 3626 2579 3677 accedat
2616 3623 2682 3675 ad
2726 3621 2878 3675 Pauli
2933 3630 3165 3672 tuentem
3207 3631 3261 3674 et
3312 3620 3485 3688 ipsam

1910 3717 2222 3773 dictionem.
2253 3738 2270 3769 ι
2302 3720 2530 3788 Saepius,
2559 3718 2753 3786 inquit,
2782 3713 3038 3785 proposui
3062 3713 3127 3767 ad
3156 3728 3253 3767 vos
3279 3715 3485 3776 venire,

1913 3810 2007 3863 sed
2048 3809 2340 3877 impeditus
2370 3812 2471 3865 huc
2526 3825 2698 3878 usque
2744 3807 2844 3861 fui.
2879 3827 2896 3859 ι
2923 3807 3034 3862 Cur
3064 3806 3281 3860 autem?
3341 3822 3358 3855 ι
3417 3805 3489 3859 Ut

1912 3902 2147 3972 aliquem
2176 3904 2228 3955 in
2259 3902 2415 3957 vobis
2438 3902 2672 3955 fructum
2700 3900 3015 3971 percipiam.
3046 3919 3065 3952 ι
3088 3902 3162 3953 Ac
3187 3899 3231 3953 si
3255 3899 3486 3963 diceres,

1912 3996 2194 4049 delicicbat
2234 3996 2368 4049 mihi
2408 3996 2638 4059 fructus,
2670 4010 2830 4063 quem
2862 3994 3008 4063 prius
3033 3993 3274 4062 oportuit
3304 4008 3489 4061 perce-

1910 4084 2076 4154 piSse,
2103 4094 2265 4155 atque
2288 4086 2360 4139 ita
2398 4087 2612 4139 demum
2652 4084 2959 4138 advenisse.
2994 4082 3127 4149 Quis
3155 4092 3337 4137 autem
3374 4082 3489 4134 fru-

1911 4186 2030 4233 ctus
2063 4178 2171 4244 ille,
2207 4189 2262 4232 et
2291 4181 2342 4232 in
2384 4180 2583 4248 quibus
2614 4178 3009 4248 colligebatur?
3044 4176 3161 4246 Ipse
3200 4178 3300 4229 hoe
3330 4177 3491 4228 doce-

1911 4270 2029 4324 hit:
2068 4286 2191 4323 nam
2248 4257 2313 4323 ad
2367 4270 2527 4323 ﬁnem
2569 4270 2832 4339 epistolae,
2885 4270 3039 4338 quasi
3095 4268 3480 4336 recolligendo,

1911 4378 2031 4431 qua:
2072 4363 2425 4431 prmmiserat,
2460 4364 2576 4417 ait:
2614 4381 2631 4413 ι
2678 4364 2945 4429 Quocirca
2998 4360 3292 4429 impeditus
3337 4374 3483 4420 sum,

1912 4470 1978 4508 ne
2009 4455 2075 4507 ad
2108 4470 2202 4507 Vos
2242 4456 2500 4519 venirem,
2537 4472 2554 4506 ι
2596 4456 2737 4522 quod
2767 4456 2907 4509 idem
2938 4462 3020 4507 est
3055 4468 3201 4523 cum,
3236 4470 3252 4500 ι
3291 4448 3489 4503 Prohi-

243 4569 261 4602 ι
293 4551 610 4622 Ἐλεύσομαι
636 4552 770 4622 πρὸς
803 4551 970 4621 ὑμᾶς.
992 4568 1009 4598 ι
1049 4547 1213 4617 Ὁρᾷς
1234 4547 1315 4599 ὅτι
1340 4544 1426 4608 τὸ,
1460 4544 1564 4608 ἓως
1599 4543 1691 4596 τοῦ
1714 4562 1735 4600 ιι

1997 4565 2058 4603 us
2100 4564 2219 4602 sum
2264 4549 2551 4601 hactenus.
2594 4547 2661 4599 At
2707 4562 2849 4599 mmc
2882 4560 3005 4598 cum
3044 4544 3219 4597 locum
3258 4542 3310 4595 in
3342 4541 3489 4594 hisce

240 4645 313 4716 μὴ
341 4646 535 4709 ἐλθεῖν,
568 4645 595 4697 ό
625 4646 683 4697 ἐν
722 4647 828 4706 τοῖς
852 4642 1109 4713 κλίμασιν
1148 4639 1380 4702 ἐκείνοις
1413 4637 1805 4708 συλλεγόμενος

238 4739 417 4807 ἐπεῖχε
450 4737 662 4808 καρπός
691 4753 705 4769 ο
735 4736 1022 4789 ἀτέλεστον
1052 4735 1159 4805 γὰρ
1188 4732 1279 4785 τὸν
1311 4734 1369 4787 ἐν
1387 4732 1612 4794 ἐκείνοις
1642 4732 1804 4784 πόνον

237 4830 406 4884 λιπεῖν
453 4832 555 4883 οὐκ
602 4826 670 4899 ἦν
728 4828 829 4898 τῆς
888 4828 1099 4881 Παύλου
1158 4826 1337 4896 ψυχῆς
1395 4826 1489 4877 καὶ
1545 4823 1803 4893 σπουδῆς.

237 4923 341 4975 Καὶ
372 4922 474 4993 ὅρα
499 4922 575 4984 ὠς
612 4922 646 4990 ἡ
696 4919 918 4989 τοιαύτη
969 4918 1267 4982 ἀνάπτυξις
1316 4916 1410 4970 τοῦ
1448 4915 1635 4987 ῥητοῦ,
1677 4914 1801 4967 οὒτε

237 5014 325 5067 τοῦ
358 5015 500 5067 κατὰ
536 5013 597 5065 τὸ
625 5011 935 5082 ὑπερϐατὸν
966 5010 1159 5081 ἐδέηθη
1211 5010 1512 5079 σχήματος,
1539 5004 1660 5059 οὔτε
1691 5005 1798 5075 μὴν

238 5106 354 5175 ἔσχε
374 5106 525 5168 τινας
555 5107 977 5165 ἀντιπίπτοντας
1010 5102 1324 5171 λογισμοὺς,
1346 5099 1479 5151 ἀλλὰ
1507 5097 1603 5150 καὶ
1628 5113 1804 5166 προσ-

240 5197 502 5266 ήρμοσται
562 5195 759 5264 μᾶλλον
797 5195 904 5245 τῶν
944 5192 1119 5247 ἄλλων
1147 5193 1264 5252 ταῖς
1298 5206 1358 5241 τε
1385 5187 1583 5253 λέξεσι,
1610 5188 1702 5238 καὶ
1725 5184 1804 5255 τῷ

243 5287 326 5339 τοῦ
359 5288 646 5340 θεσπεσίου
676 5286 888 5338 Παύλου
922 5283 1130 5353 σκοπῷ.
1174 5282 1285 5335 Καὶ
1321 5280 1404 5345 τὸ,
1449 5279 1519 5332 ἐν
1554 5277 1718 5347 ὑμῖν,
1748 5277 1803 5329 δὲ

246 5379 479 5450 οὐδαμῶς
509 5379 847 5433 ἐναντιοῦται
884 5394 898 5407 ·
947 5374 1093 5447 ἀρχὴ
1117 5374 1225 5444 γάρ
1258 5375 1373 5426 ἐστι
1426 5371 1535 5424 τῶν
1582 5370 1800 5440 ἐφεξῆς,

1908 4640 2223 4710 regionibus
2252 4656 2357 4694 non
2391 4641 2637 4704 habeam,
2675 4658 2692 4689 ι
2725 4638 2814 4691 sed
2847 4652 2984 4706 opus
3014 4636 3269 4689 nimirum
3304 4634 3487 4687 absol-

1908 4732 2101 4792 verim,
2146 4750 2166 4783 ι
2197 4732 2411 4786 veniam
2443 4732 2509 4785 ad
2542 4746 2658 4785 vos.
2694 4750 2712 4782 ι
2750 4729 2930 4789 Vides,
2973 4737 3032 4781 ut
3058 4726 3265 4780 fruetus
3294 4727 3344 4778 in
3378 4725 3487 4779 illis

1910 4821 2046 4877 locis
2070 4822 2405 4891 colligendus
2445 4821 2549 4873 huc
2578 4835 2748 4887 usque
2778 4819 3074 4871 adventum
3112 4812 3484 4866 retardaverit.

1909 4912 2097 4984 Neque
2124 4914 2263 4968 enim
2297 4912 2448 4965 Pauli
2475 4912 2553 4963 vel
2579 4912 2822 4964 animum
2852 4907 2934 4961 vel
2967 4905 3206 4960 studium
3235 4902 3488 4964 decebat,

1909 5002 2349 5072 scmiperfectum
2409 5001 2461 5054 in
2506 5000 2756 5052 litanibus
2811 4998 3049 5051 laborem
3099 4998 3370 5048 deserere.
3425 4992 3491 5045 Et

1908 5094 2151 5157 adverte,
2196 5102 2256 5146 ut
2304 5094 2418 5147 lucc
2448 5092 2574 5145 dicti
2614 5090 2890 5151 enodatio,
2939 5104 3036 5141 nee
3077 5087 3249 5155 iigura
3302 5085 3493 5156 hypero

1909 5187 2036 5241 hato
2068 5186 2363 5255 indigebat,
2391 5199 2489 5237 nec
2514 5184 2799 5237 ratioeinia
2832 5179 3077 5249 quaalam
3113 5175 3489 5231 intercidentia

1909 5276 2130 5339 habuit;
2165 5277 2256 5329 sed
2307 5274 2426 5344 plus
2474 5288 2637 5343 quam
2674 5272 2793 5326 aliae
2843 5267 3314 5338 interpretationes
3360 5280 3488 5319 cum

1906 5370 2087 5424 verbis
2141 5368 2297 5438 ipsis,
2350 5377 2460 5422 tum
2525 5368 2673 5422 Pauli
2708 5374 2971 5437 congruat
3020 5359 3329 5417 intentioni.
3380 5357 3491 5410 Nec

1522 5594 1757 5651 VARUS
1786 5593 2195 5651 LECTIONE~.S.

313 5807 425 5881 λβ.
454 5810 594 5867 Μοιι.
673 5811 785 5865 καί.
862 5808 922 5847 ιι*
956 5809 1014 5865 C.
1049 5809 1191 5867 Sion.
1220 5810 1320 5879 τῆς
1365 5806 1689 5879 παρουσίας.

1774 5807 1789 5847 i
1828 5805 1947 5862 κᾶν.
1980 5805 2038 5869 ε.
2081 5802 2149 5857 Μ.
2175 5803 2287 5858 καί.

2370 5806 2382 5855 l
2417 5802 2564 5871 εἴπῃ,
2599 5802 2660 5856 (ἶ.
2686 5798 2753 5853 Μ.
2786 5798 2961 5870 εἴπῃς.
3020 5796 3049 5837 ι
3077 5795 3174 5868 τῷ.
3203 5796 3262 5852 C.
3286 5792 3355 5851 Μ.
3385 5791 3474 5850 τό.
