3778 6362
290 453 398 517 57E)

1455 443 1720 506 PHOTII
1748 443 2025 506 PATRIA
2035 443 2254 506 RCI‘IIE
2292 443 2403 506 ΕΡ.

3480 439 3581 502 576

286 571 420 626 illud
455 569 510 623 in
548 568 691 622 vobis
727 566 1177 639 impedimentum
1201 576 1315 630 est;
1348 564 1565 620 initium
1599 565 1748 620 enim
1793 580 1842 620 se

1985 563 2079 618 καὶ
2105 564 2165 617 οῦ
2206 563 2611 635 συναπτόμενον
2660 562 2798 634 πρὸς
2828 562 2910 631 τὸ,
2961 581 2981 614 ι
3028 560 3143 616 Ἵνα
3183 559 3330 616 τι.νά
3371 560 3583 631 καρπὸν

284 662 578 732 quentibus
611 661 724 722 dat,
764 675 862 714 nec
891 657 1236 714 connectitur
1265 674 1388 712 cum
1424 676 1438 713 :
1469 675 1487 709 ι
1531 656 1600 712 Ut
1631 655 1870 712 fructum

285 754 522 821 aliquem
561 753 613 805 iu
645 751 799 805 Vobis
845 749 1163 819 ptrcipiam,
1205 767 1224 800 ι
1267 758 1344 814 ιιι,
1382 768 1399 800 ι
1445 747 1612 804 Vobis
1663 750 1874 804 debitor

288 861 431 911 sum,
463 843 920 916 queuiadt‘nodum
961 852 1022 895 ut
1068 842 1120 895 in
1162 841 1372 896 exteris
1416 841 1690 912 gentibus,
1723 842 1870 896 Grat-

287 939 369 991 cis
399 945 453 990 et
479 935 746 997 barbaris,
793 934 1131 1002 sapientibus
1163 943 1216 986 et
1260 933 1645 1002 insipientibus
1673 949 1816 988 sum.
1846 952 1865 986 ι

290 1026 367 1080 Ne
390 1025 687 1094 objicereut
718 1041 730 1077 :
759 1022 899 1088 Quid
931 1036 1059 1090 ergo
1097 1031 1248 1076 tanto
1287 1023 1472 1077 studio
1518 1023 1574 1076 in
1609 1022 1872 1078 fructibus

289 1116 610 1186 colligendis
636 1114 774 1184 apud
799 1123 1022 1168 czeteras
1043 1124 1232 1184 gentes
1259 1114 1579 1179 incubuisti,
1611 1122 1668 1168 at
1694 1115 1870 1170 nostri

292 1208 498 1262 nullam
530 1205 767 1260 habuisti
801 1205 1113 1259 rationem?
1144 1203 1279 1272 lmo,
1307 1204 1507 1274 inquit,
1547 1224 1564 1256 ι
1604 1203 1668 1259 Ει
1694 1207 1745 1258 iu
1772 1221 1869 1261 vo-

290 1300 375 1353 bis
409 1299 618 1352 debitor
647 1313 792 1363 sum,
842 1296 1300 1368 quemadmodum
1336 1296 1393 1350 in
1443 1297 1656 1351 caateris
1694 1299 1873 1364 genti-

292 1393 415 1446 bus.
457 1409 475 1441 ι
516 1392 632 1446 lioc
664 1390 958 1456 contendo,
991 1391 1093 1444 hoc
1121 1390 1359 1458 inquiro,
1389 1390 1644 1446 omnibus
1678 1389 1870 1454 debeo,

291 1498 392 1537 nec
421 1484 620 1553 aliquis
671 1491 774 1547 est,
811 1498 907 1551 pro
947 1498 1054 1551 quo
1102 1497 1211 1535 non
1253 1497 1469 1535 summa
1520 1481 1874 1551 conslringor

292 1574 676 1628 Sollicitudiue.
703 1576 880 1641 Atque
911 1574 1022 1627 lucc
1046 1572 1265 1642 quidem
1307 1572 1589 1626 hat-tenus.
1619 1572 1875 1642 Explica-

293 1666 456 1718 tionis
509 1665 652 1718 enim
689 1663 862 1720 forma
896 1665 1124 1717 alienior
1154 1675 1235 1716 est
1274 1663 1342 1716 ab
1368 1662 1647 1731 epistolica
1678 1664 1870 1733 ﬁgura.

290 1756 471 1821 Quare
505 1766 754 1810 neutrqu
787 1757 911 1809 licet
939 1758 1117 1824 plane,
1148 1763 1201 1809 et
1233 1765 1290 1809 ut
1333 1758 1468 1809 artis
1503 1756 1647 1824 leges
1692 1755 1873 1826 requi-

293 1857 440 1910 runt,
474 1833 771 1900 obstervare
803 1845 919 1910 illi,
961 1847 1052 1914 qui
1100 1861 1194 1916 per
1232 1845 1520 1913 epistolam
1562 1844 1878 1912 interpreta-

1980 651 2117 722 σχῶ,
2154 671 2172 704 ι
2207 650 2320 706 οἷον
2351 653 2470 716 καὶ,
2512 671 2531 703 ι
2568 655 2625 705 ὲν
2674 653 2802 723 ὑμῖν
2845 651 3128 723 ὀφειλέτης
3179 650 3345 721 εἰμὶ,
3401 650 3585 714 καθὼς

1979 744 2074 796 καὶ
2097 743 2155 796 ἐν
2205 745 2318 806 τοῖς
2355 743 2563 807 λοιποῖς
2617 742 2850 807 ἔθνεσιν,
2881 742 3108 810 Ἕλλησί
3136 759 3198 795 τε
3231 741 3340 794 καὶ
3373 739 3583 810 βαρϐά-

1981 850 2117 904 ροις,
2151 835 2335 901 σοφοῖς
2359 851 2418 886 τε
2450 837 2544 887 καὶ
2590 835 2860 904 ἀνοήτοις.
2904 853 2923 886 ι
2953 835 3071 887 Ἰνα
3095 835 3208 903 γὰρ
3245 832 3333 904 μὴ
3359 831 3565 899 λέγωσι

1980 925 2045 978 Τί
2074 921 2168 978 οὖν
2191 925 2282 978 τὸν
2314 927 2452 996 μετά
2484 928 2542 979 ἐν
2572 931 2684 991 τοῖς
2720 928 2930 998 ἑτέροις
2959 927 3189 998 κλίμασι
3234 925 3473 997 καρπὸν
3501 925 3581 981 διὸ

1981 1019 2215 1089 σπουδῆς
2250 1015 2394 1090 εἶχες
2422 1021 2724 1090 συλλέγειν,
2778 1022 2934 1092 ἡμῶν
2965 1021 3034 1074 δὲ.
3071 1021 3279 1074 οὐδένα
3336 1019 3506 1086 λόγον
3529 1016 3585 1084 1;

1987 1129 2006 1162 ι
2051 1111 2183 1175 Ναὶ,
2215 1115 2372 1182 φησὶ,
2411 1115 2506 1167 καὶ
2530 1116 2586 1167 ὲν
2620 1116 2748 1185 ὑμῖν
2779 1114 3064 1184 ὀφειλέτης
3087 1115 3230 1184 εἰμὶ,
3258 1111 3461 1176 καθὼς
3494 1113 3588 1166 καὶ

1980 1201 2038 1252 ὲν
2067 1204 2180 1265 τοῖς
2205 1201 2414 1267 λοιποῖς
2444 1203 2646 1258 ἔθνεσι.
2683 1223 2702 1258 ι
2738 1205 2909 1258 Τοῦτο
2955 1205 3194 1270 σπεύδω,
3241 1203 3425 1256 τοῦτο
3474 1205 3589 1257 ἐπι-

1980 1291 2151 1361 ζητῶ,
2188 1296 2320 1348 πᾶσι
2354 1302 2618 1367 χρεωστῶ
2642 1311 2656 1326 ·
2691 1297 2788 1350 καὶ
2814 1297 2990 1362 οὐδείς
3033 1300 3182 1350 ἐστιν
3222 1297 3383 1367 ὑπὲρ
3411 1289 3477 1350 οὗ
3510 1295 3584 1367 μὴ

1980 1383 2149 1456 πολλῇ
2184 1386 2482 1458 συνέχομαι
2522 1387 2785 1458 φροντίδι.
2834 1387 2995 1442 ’Λλλά
3047 1388 3228 1441 ταῦτα
3308 1387 3422 1457 μὲν
3451 1386 3586 1449 τέως

1980 1476 2073 1528 ἐπὶ
2103 1475 2373 1532 τοσοῦτον.
2417 1479 2530 1548 Τῆς
2558 1480 2667 1549 γὰρ
2699 1480 2992 1550 ἑρμηνείας
3013 1481 3040 1533 ὁ
3064 1480 3275 1550 τρόπος
3310 1477 3587 1531 ἀλλοιότε-

1985 1582 2074 1636 ρος
2109 1575 2148 1602 ω
2183 1567 2214 1634 ἦ
2245 1565 2302 1620 ὃν
2324 1568 2352 1620 ὁ
2376 1568 2476 1637 τῆς
2527 1569 2816 1639 ἐπιστολῆς
2862 1568 3111 1639 ἐπιζητεῖ
3140 1569 3347 1630 τύπος.
3385 1568 3585 1636 Διόπερ

1981 1657 2266 1729 οὐδέτερον
2300 1659 2580 1728 καθαρῶς,
2615 1662 2710 1715 καὶ
2747 1661 2821 1725 ὡς
2844 1663 2892 1714 οἱ
2922 1661 3231 1732 τῆςτέχνης
3253 1662 3453 1728 νόμοι,
3469 1659 3585 1711 κατ’

1981 1749 2274 1822 ἐπιστολὴν
2333 1751 2708 1823 ἑρμηνεύοντα
2769 1755 3054 1823 πράττειν.
3116 1754 3214 1806 "Av
3241 1753 3310 1805 δὲ
3359 1752 3462 1806 καὶ
3493 1749 3582 1803 τοῦ

1985 1841 2241 1911 καθαρῶς
2267 1843 2591 1918 ἑρμηνεύειν
2624 1845 2652 1897 ό
2685 1844 2878 1915 καιρὸς
2918 1845 3017 1916 τὴν
3048 1844 3235 1898 ἄδειαν
3268 1841 3380 1913 δῷ,
3429 1843 3582 1906 [mea

293 1946 400 1992 tur.
441 1939 592 2003 Quod
621 1939 665 1992 si
707 1938 975 2006 exquisite
1008 1935 1353 2004 interpretari
1387 1934 1606 1988 occasio
1646 1932 1842 1987 faculta

1982 1931 2119 1984 Θεοῦ
2152 1931 2537 2004 βουλουμένου,
2557 1935 2649 1987 καὶ
2678 1935 3011 2007 τελειότερον
3039 1935 3167 2006 ἐμοὶ
3230 1935 3350 2006 μὲν
3381 1933 3581 1997 εἰπεῖν,

293 2034 400 2079 tem
425 2027 652 2091 dederit,
685 2023 935 2079 fortassis
956 2039 1079 2078 cum
1111 2025 1253 2077 bono
1283 2022 1391 2076 Deo
1412 2022 1716 2076 absolutius
1742 2021 1875 2075 mihi

293 2117 614 2185 explicanda
657 2127 854 2181 erunt,
903 2125 959 2171 et
1001 2115 1298 2186 gratiosius
1345 2115 1441 2169 tibi
1495 2114 1786 2168 audienda.

293 2255 623 2322 QUASSTIO
662 2255 803 2312 XCII
843 2255 1034 2328 [Θαίδι.
1065 2255 1364 2323 CCLXXII,
1400 2257 1564 2312 Taur.
1595 2254 1873 2324 CCLXII].

1983 2025 2064 2077 σοὶ
2087 2023 2131 2077 δ’
2157 2025 2377 2079 ἀκούειν
2427 2026 2711 2098 γενήσοιτο
2738 2027 2920 2099 χάρις.

2528 2259 2860 2316 raporum
2896 2261 3010 2331 ιε’.

354 2368 499 2420 Edita
537 2385 566 2420 a
605 2367 931 2430 Montacutio,
953 2382 1033 2430 ep.
1070 2368 1189 2431 165,
1220 2369 1286 2421 ad
1314 2371 1486 2433 Georg.
1520 2370 1568 2418 Ν
1574 2365 1669 2427 ic.,
1704 2381 1759 2479 p.l
2190 2367 2416 2432 epistolis
2458 2372 2594 2422 Pauli
2629 2381 2685 2423 et“
2714 2388 2802 2423 cur
2843 2389 2900 2425 se
2936 2377 3121 2426 Paulus
3159 2374 3376 2426 idiotam
3409 2380 3577 2438 vocet,

367 2538 586 2592 Miraris
626 2537 780 2591 Pauli
836 2537 1111 2607 Epistolas
1154 2547 1232 2593 tot
1265 2539 1406 2594 ideis
1444 2539 1705 2594 variatas.
1760 2537 1879 2593 Noli

296 2633 370 2687 ob
393 2633 680 2686 veritatem
718 2630 852 2683 mihi
886 2646 1211 2686 succensere
1241 2648 1254 2683 :
1293 2641 1347 2685 et
1391 2647 1492 2703 ego
1541 2633 1706 2686 miror
1738 2647 1881 2685 non-

294 2725 424 2779 dum
465 2733 516 2777 te
545 2725 610 2777 ad
646 2721 970 2792 profundam
1001 2723 1147 2780 illius
1184 2725 1507 2794 sapientiam
1541 2725 1878 2794 pervenisse.

297 2817 452 2883 Quo-.l
488 2817 530 2870 si
559 2815 756 2884 majori
782 2829 910 2869 cura
945 2823 1001 2870 et
1030 2817 1296 2872 industria
1332 2817 1478 2871 illius
1528 2819 1730 2885 scripta
1763 2831 1880 2870 me—

297 2907 580 2970 ditaberis,
627 2907 920 2962 adhibente
967 2908 1223 2962 nimirum
1259 2910 1478 2963 ccelitus
1516 2908 1742 2972 auxilio,
1775 2908 1881 2962 mi-

298 3001 490 3054 rabere
520 2998 691 3068 magis
743 2998 835 3068 qui
884 3000 1062 3068 potuit
1093 3008 1145 3055 te
1181 3010 1342 3055 tantae
1393 3001 1672 3070 sapientia:
1707 2999 1880 3070 gratia

2051 2538 2365 2610 Θαυμὰζεις
2406 2543 2454 2596 εί
2487 2543 2766 2607 τοιαύταις
2795 2543 3038 2610 εἰδέαιςΙΙ
3071 2545 3217 2600 θείου
3255 2547 3488 2602 Παύλου
3520 2556 3574 2608 αἱ

1990 2629 2302 2684 Ἐπιστολαὶ
2336 2635 2782 2704 σχηματίζονται.
2821 2638 2928 2690 Καί
2965 2654 3054 2707 μοι
3101 2640 3271 2709 μηδὲν
3301 2641 3407 2710 τῆς
3441 2640 3573 2710 ἀλη-

1980 2720 2131 2786 θείας
2165 2725 2434 2796 ἀχθεσθῇς
2459 2767 2473 2792 ,
2506 2727 2587 2780 ὅτι
2616 2725 2770 2781 οὔπω
2816 2729 3076 2800 διέκυψας
3109 2732 3252 2804 πρὸς
3286 2733 3354 2786 τὸ
3405 2732 3571 2804 βάθος

1980 2814 2082 2882 τῆς
2111 2814 2339 2884 ἐνούσης
2355 2817 2432 2887 τῷ
2460 2818 2613 2888 ἀνδρὶ
2633 2819 2848 2888 σοφίας.
2877 2820 2942 2875 Ei
2972 2821 3028 2874 δέ
3057 2840 3116 2876 σε
3149 2824 3572 2894 φιλοπονωτῲα

1982 2906 2112 2976 περὶ
2141 2905 2268 2970 τοὺς
2302 2907 2512 2961 ἐκείνου
2553 2909 2744 2978 λόγους
2771 2911 2922 2965 λάϐοι
2957 2912 3178 2987 μελέτη,
3221 2917 3328 2985 τῆς
3358 2916 3569 2971 ἄνωθέν

1985 3013 2068 3050 σοι
2114 2997 2359 3066 δηλονότι
2396 3000 2572 3071 ῥοπῆς
2619 3002 2698 3064 είς
2738 3003 3026 3073 εὐμένειαν
3059 3006 3276 3078 ὁρώσης
3300 3049 3318 3072 ,
3353 3007 3570 3078 θαυμά-

297 3092 487 3154 latere,
537 3097 591 3143 et
626 3089 748 3144 inde
791 3089 1142 3160 pulchritudo
1177 3089 1524 3145 sermonibus
1561 3089 1725 3144 insita
1760 3091 1842 3158 eju

1985 3106 2101 3153 σαις
2129 3089 2195 3144 ἂν
2230 3091 2453 3160 μᾶλλον,
2488 3094 2637 3156 ὅπως
2664 3111 2722 3148 σε
2749 3097 2985 3168 τοσαύτη
3019 3099 3209 3168 σοφίας
3243 3101 3565 3155 διελάνθανε

297 3179 568 3234 fervidum
624 3181 767 3236 haud
798 3181 1008 3236 invenit
1043 3191 1360 3235 amatorem.
1400 3179 1508 3233 Nec
1557 3179 1750 3234 insisto
1781 3181 1880 3234 ad-

300 3273 407 3326 huc
449 3271 504 3324 in
544 3271 660 3337 illa,
696 3288 816 3339 quae
846 3273 1164 3341 dogmatum
1214 3279 1268 3324 et
1305 3271 1424 3324 tidei
1454 3280 1536 3326 est
1580 3272 1879 3340 sapientia;

1986 3181 2166 3252 χάρις,
2213 3184 2310 3238 καὶ
2353 3185 2550 3249 κάλλος
2591 3187 2835 3255 ἐμφύτου
2881 3188 3038 3258 λόγου
3086 3190 3291 3264 θερμὸν
3324 3193 3567 3266 ἐραστὴν

1987 3270 2088 3323 οὐκ
2121 3267 2254 3342 εἶχε.
2291 3273 2401 3328 Καὶ
2434 3270 2588 3327 οὔπω
2619 3289 2683 3343 γε
2716 3274 2812 3346 τὴν
2863 3277 2921 3330 ὲν
2947 3276 3181 3348 δόγμασι
3223 3280 3325 3332 καὶ
3383 3280 3563 3332 πίστει

299 3363 368 3416 de
390 3361 482 3415 illo
517 3363 714 3417 videris
755 3363 957 3433 quippe
1001 3361 1144 3416 haud
1186 3362 1475 3416 dubitare:
1523 3362 1618 3416 sed
1663 3363 1772 3416 vim
1829 3379 1842 3415 ι

1983 3360 2126 3430 λέγω
2157 3362 2380 3432 σοφίαν·
2424 3364 2582 3418 τοῦτο
2611 3366 2723 3437 γὰρ
2753 3366 2864 3420 οὐδ’
2899 3368 3062 3433 αὐτὸς
3099 3371 3235 3441 ἡμῖν
3274 3371 3564 3443 ἀμφισῦηο

301 3452 612 3507 facultatem
646 3454 856 3508 dicendi
886 3469 1052 3525 urgeo
1076 3454 1470 3508 admirabilem.
1506 3454 1575 3507 At
1601 3468 1713 3508 tum
1743 3471 1880 3524 quo-

1979 3449 2088 3504 τῶν
2133 3451 2354 3523 ὤφθης,
2391 3453 2506 3506 ἀλλ’
2553 3455 2650 3524 ὅση
2695 3456 2896 3526 κράτος
2927 3473 2985 3510 τε
3030 3458 3204 3527 λόγων
3256 3463 3354 3514 καὶ
3407 3461 3557 3530 ἰσχὺν

301 3543 463 3598 modo
494 3559 744 3599 sermone
780 3547 884 3598 erit
910 3544 1115 3598 idiota?
1141 3542 1318 3609 Certe,
1341 3559 1405 3599 eo
1445 3559 1554 3617 quo
1580 3563 1597 3596 ι
1626 3544 1842 3617 Princep

1984 3541 2359 3613 θαυμάζεσθαι
2403 3543 2652 3616 παρέχει.
2703 3544 2822 3610 Πῶς
2851 3545 2946 3601 οῦν
2995 3547 3215 3620 ἰδιώτης
3246 3551 3330 3623 τῷ
3375 3551 3554 3620 λόγῳς

298 3643 572 3705 peccator,
597 3650 706 3706 quo
729 3636 947 3691 iniimus
977 3637 1374 3706 apostolorum,
1406 3637 1876 3707 reie'ctamemum,

299 3737 716 3796 purgamentum
749 3727 976 3793 mundi;
1027 3737 1107 3791 ut,
1157 3728 1528 3797 spectaculum
1577 3730 1784 3800 angelis
1826 3739 1880 3785 et

299 3820 637 3875 hominibus.
665 3840 686 3873 ι
731 3823 899 3888 Quis?
932 3822 1033 3889 Qui
1075 3831 1134 3877 ut
1178 3822 1457 3893 apostolus
1475 3823 1678 3878 Christi
1697 3824 1880 3895 gravis

300 3927 421 3966 esse
454 3922 634 3982 posset
677 3914 1056 3980 auditorilms;
1097 3915 1192 3984 qui
1255 3916 1626 3971 abundantius
1668 3917 1880 3972 caeteris

303 4003 604 4069 laboravit;
639 4006 731 4072 qui
779 4003 1096 4073 priusquam
1147 4005 1336 4060 matris
1382 4016 1572 4074 partus
1602 4005 1876 4070 ederetur,

302 4092 412 4148 Deo
443 4095 899 4161 consecrabatur;
928 4095 1021 4164 qui
1063 4110 1170 4149 non
1206 4097 1626 4165 spectandorum
1665 4107 1880 4166 specta-

301 4194 410 4248 tur,
457 4201 564 4241 non
596 4186 990 4240 audiendorum
1011 4187 1226 4241 auditor
1248 4185 1380 4251 fuit;
1423 4186 1513 4241 Dei
1549 4187 1601 4241 in
1653 4187 1874 4243 Christo

301 4279 440 4334 odor
469 4278 673 4344 bonus;
704 4279 797 4349 qui
826 4277 952 4332 Jesu
984 4279 1476 4341 mortiﬁcationem,
1513 4279 1605 4333 sed
1633 4290 1687 4334 et
1712 4280 1874 4333 vitam

302 4373 356 4426 iu
381 4387 610 4444 corpore
632 4373 1102 4442 circumgestabat.
1121 4371 1587 4438 Quemadmodum
1607 4372 1770 4442 igitur
1791 4388 1878 4427 re-

296 4463 708 4530 jectamentum,
740 4476 1183 4531 purgamentum,
1217 4463 1585 4533 spectaculum
1625 4463 1746 4518 talis
1792 4462 1877 4517 vir

298 4564 352 4606 ιι
375 4561 556 4608 tantus
579 4553 715 4619 fuit;
745 4554 817 4607 ita
842 4554 1002 4623 plane
1026 4562 1347 4608 etsermone
1368 4553 1534 4607 idiota
1555 4551 1676 4606 fuit.
1694 4552 1872 4617 Certe,

298 4644 499 4714 aliquid
520 4645 746 4698 istorum
767 4643 1118 4712 reputabatur
1134 4642 1304 4707 abiis,
1323 4642 1414 4712 qui
1430 4640 1877 4710 praecordia-hitu-

298 4736 480 4790 dinem
501 4753 607 4790 non
627 4736 949 4806 capiebant;
968 4736 1167 4804 aliquid
1185 4750 1305 4790 esse
1319 4736 1552 4797 volebat,
1566 4744 1618 4788 et
1631 4735 1758 4801 quia
1774 4734 1875 4788 fuit

299 4829 669 4882 moderatione
686 4836 740 4881 et
762 4843 973 4881 morum
1007 4826 1262 4881 facilitate
1287 4825 1621 4879 admittebat.
1650 4823 1719 4875 At
1740 4823 1870 4892 quid

1982 3634 2171 3706 ὥσπερ
2216 3636 2310 3689 καὶ
2348 3654 2367 3689 ι
2399 3637 2508 3692 τῶν
2535 3639 2874 3710 ἁμαρτωλῶν
2908 3641 3156 3712 πρῶτος·
3191 3661 3211 3696 ι
3245 3644 3327 3709 ὡς
3356 3664 3375 3696 ι
3401 3644 3557 3714 ἔσχα-

1979 3744 2072 3792 τος
2100 3728 2210 3782 τῶν
2239 3729 2577 3794 ἀποστόλων,
2609 3733 2868 3804 ἔκτρωμα
2897 3735 3116 3788 πάντων
3142 3743 3199 3787 ο»
3226 3751 3240 3766 ·
3267 3735 3346 3800 ὡς
3369 3752 3555 3806 «περι-

1982 3819 2243 3892 κάθαρμα
2275 3821 2374 3874 τοῦ
2419 3822 2657 3893 κόσμου·
2700 3841 2718 3874 ι
2749 3823 2825 3886 ὼς
2862 3843 2881 3876 ι
2923 3827 2996 3896 μὴ
3031 3826 3150 3878 ὣνΡ
3178 3827 3330 3892 ἄξιος
3375 3826 3556 3880 καλεῖς

1982 3910 2104 3964 σθαι
2153 3912 2478 3977 ἀπόστολος·
2518 3933 2537 3966 ι
2593 3913 2668 3977 ὡς
2722 3933 2740 3966 ι
2776 3919 2994 3970 πάντων
3039 3919 3364 3990 περίψημα·
3409 3938 3429 3972 ι
3483 3917 3556 3978 ὡς

1986 4021 2004 4054 ι
2047 4003 2274 4074 θέατρον
2305 4005 2559 4074 ἀγγέλοις
2584 4008 2677 4060 καὶ
2720 4009 3047 4080 ἀνθρώποις.
3084 4029 3105 4062 ι
3133 4010 3266 4076 Τίς;
3311 4012 3372 4066 '0
3401 4009 3554 4064 δυνά-

1982 4113 2141 4165 μενος
2187 4098 2248 4149 ὲν
2277 4098 2432 4169 βάρει
2462 4094 2601 4152 εἶναι
2626 4099 2704 4160 ὡς
2750 4100 2985 4171 Χριστοῦ
3040 4102 3369 4168 ἀπόστολος·
3395 4104 3425 4156 δ
3461 4120 3554 4156 πε·

1981 4188 2293 4258 ρισσότερον
2325 4189 2541 4243 πάντων
2585 4191 2877 4257 κοπιάσας,
2904 4193 2934 4246 ὁ
2965 4195 3058 4248 καὶ
3096 4195 3229 4266 πρὶν
3255 4195 3288 4268 ἢ
3315 4199 3414 4259 τὰς
3447 4213 3549 4267 μη-

1976 4277 2172 4347 τρικὰς
2201 4278 2397 4343 ὠδῖνας
2435 4280 2618 4348 λῦσαι,
2667 4283 2744 4353 τῷ
2769 4281 2890 4354 Θεῷ
2933 4285 3349 4357 ἀφωρισμένος·
3385 4291 3414 4341 ὁ
3443 4287 3547 4339 τῶν

1977 4367 2222 4423 ἀθεάτων
2257 4368 2451 4442 θεατὴς
2473 4413 2488 4436 ,
2531 4374 2632 4426 καὶ
2677 4374 2785 4427 τῶν
2815 4375 3145 4447 ἀπορρήτων
3176 4382 3479 4450 κατήκοος·
3514 4381 3543 4448 ἡ

1975 4459 2054 4529 τῷ
2082 4460 2198 4532 Θεῷ
2231 4462 2473 4533 Χριστοῦ
2499 4465 2729 4519 εὐωδία·
2762 4469 2790 4521 ὁ
2816 4468 2916 4539 τὴν
2949 4470 3216 4542 νέκρωσιν
3241 4475 3337 4526 τοῦ
3356 4471 3541 4543 Ἰησοῦ,

1975 4550 2114 4606 ἀλλά
2146 4553 2240 4606 καὶ
2272 4557 2372 4625 τὴν
2400 4556 2546 4629 ζωὴν
2585 4559 2645 4610 ἐν
2695 4559 2773 4630 τῷ
2801 4560 3012 4632 σώματι
3051 4581 3114 4616 πε
3125 4566 3388 4637 μφέρων,
3420 4567 3545 4619 Ὠσ-

1975 4659 2082 4713 περ
2112 4641 2208 4698 οῦν
2240 4646 2532 4720 ἔκτρωμα,
2566 4653 2655 4704 καὶ
2685 4655 2973 4726 περίψημα
2994 4695 3010 4720 ,
3046 4662 3140 4710 καὶ
3172 4659 3421 4730 θέατρον,
3454 4659 3541 4712 καὶ

1976 4735 2391 4808 περικάθαρμα,
2419 4740 2448 4793 ὁ
2484 4742 2744 4808 τοσοῦτος
2777 4748 2870 4798 καὶ
2893 4748 3211 4819 τηλικοῦτος
3231 4790 3246 4815 ,
3280 4751 3424 4807 οὕτω
3455 4749 3541 4804 καὶ

1978 4824 2194 4915 ίδιὼτης
2222 4828 2300 4899 τῷ
2328 4829 2488 4902 λόγῳ.
2541 4833 2652 4888 Καὶ
2693 4835 2800 4908 γάρ
2837 4837 3060 4904 τούτων,
3122 4840 3189 4894 τὰ
3229 4842 3330 4912 μὲν
3369 4837 3439 4915 ἧν
3475 4842 3535 4910 τῇ

298 4915 669 4972 tumiNumne
694 4918 746 4971 in
781 4919 1015 4971 humana
1034 4917 1298 4986 sapientia
1320 4917 1453 4970 tides
1486 4915 1709 4968 nostra?
1730 4912 1838 4967 Deu

1980 4914 2245 4987 ὑπολήψει
2274 4920 2380 4972 τῶν
2413 4923 2507 4975 τοῦ
2536 4924 2913 4994 κηρύγματος,
2941 4929 3016 5000 μὴ
3045 4932 3334 4986 συνιέντων
3363 4912 3426 4988 te
3451 4932 3537 5003 βά·

300 5008 556 5074 Ineliora;
582 5009 672 5061 sed
695 5009 748 5062 in
770 5010 1011 5078 potentia
1034 5007 1144 5072 Dei,
1167 5023 1260 5077 per
1284 5023 1446 5076 quam
1469 5006 1646 5060 idiota:
1659 5006 1871 5075 sapien-

297 5099 371 5152 tia
397 5100 737 5154 imbuuntur.
754 5101 835 5153 An
857 5116 982 5170 ergo
995 5101 1086 5154 Dei
1109 5101 1392 5169 sapientia,
1409 5109 1462 5153 et
1482 5100 1644 5167 hujus
1662 5097 1870 5161 ntumli,

296 5199 350 5242 et
379 5188 683 5258 principum
719 5190 839 5259 ejus
875 5190 1182 5261 sapientia?
1205 5189 1338 5255 Quis
1371 5191 1472 5243 hoc
1501 5186 1734 5242 dixerit?
1764 5187 1870 5241 Ta-

298 5282 364 5335 lis
403 5281 547 5333 enim
581 5281 846 5350 sapientia
880 5298 973 5349 per
1012 5281 1194 5336 crucis
1224 5281 1504 5335 stultitiam
1543 5288 1861 5334 evacuatur.

295 5372 592 5442 lmpiorum
655 5373 969 5441 dogmatnm
1035 5384 1250 5438 terror,
1301 5374 1505 5428 erroris
1555 5372 1865 5426 auxiliatrix

295 5465 661 5535 plausibilitas
706 5465 1014 5530 sermonis,
1064 5464 1318 5534 implexio
1367 5463 1661 5519 artiliciosa
1697 5461 1865 5516 male-

1975 5003 2066 5067 θος
2088 5021 2102 5035 ·
2133 5008 2201 5060 τὰ
2230 5008 2286 5061 δὲ
2321 5012 2417 5063 καὶ
2447 5012 2644 5078 αὐτοὺς
2675 5015 2867 5078 ἐδίδου,
2919 5021 3102 5089 φέρων
3135 5023 3204 5093 τῇ
3251 5022 3361 5076 τῶν
3399 5021 3534 5094 ὴθῶν

1974 5101 2284 5188 μετριότητι
2334 5105 2429 5156 καὶ
2486 5108 2777 5180 ἐπιεικείᾳ.
2814 5109 2880 5163 Τί
2917 5108 3041 5179 οῦν;
3101 5115 3190 5168 Ἑν
3238 5116 3402 5188 σοφία
3445 5117 3532 5170 ἀν-

1969 5187 2206 5257 θρώπων
2235 5193 2268 5261 ἡ
2312 5194 2493 5258 πίστις
2528 5197 2714 5267 and»;
2747 5200 2836 5270 Μὴ
2871 5202 3114 5270 γένοιτο·
3142 5205 3261 5260 ἀλλ’
3287 5208 3347 5259 ἐν
3376 5187 3525 5261 δυνά-

1975 5295 2068 5348 μει
2094 5281 2248 5344 Θεοῦ,
2282 5285 2350 5338 δι’
2390 5281 2458 5358 ἦς
2504 5292 2596 5343 καὶ
2629 5292 2830 5346 ἰδιῶται
2865 5294 3197 5363 σοφίζονται.
3240 5301 3405 5368 Σοφία
3446 5295 3528 5352 οὖν

1973 5369 2109 5423 Θεοῦ
2137 5375 2174 5442 ἡ
2199 5375 2293 5429 τοῦ
2323 5379 2518 5444 αἰῶνος
2543 5382 2757 5449 τούτου,
2806 5387 2897 5438 καὶ
2929 5388 3036 5441 τῶν
3066 5391 3232 5444 αὐτοῦ
3263 5393 3524 5464 ἀρχόντων

1973 5465 2162 5534 σοφίας
2198 5471 2306 5524 Καὶ
2338 5472 2420 5535 τίς
2454 5474 2520 5528 ἂν
2551 5477 2680 5548 φαίη
2713 5477 2900 5546 τοῦτο;
2946 5480 3007 5534 'il
3047 5483 3154 5554 γὰρ
3182 5487 3400 5558 τοιαύτη
3444 5500 3522 5537 σο-

1540 5647 1766 5706 ΥΑΒΙᾸΕ
1801 5649 2201 5709 LECTlONES.

388 5803 426 5888 ,ι
460 5808 547 5888 ἴστ’
574 5805 853 5877 ἐποίησας.

292 5878 491 5931 omittit
517 5878 613 5932 ὢν.

964 5815 1002 5844 ω
1027 5807 1109 5861 ἵσ.
1163 5807 1333 5861 ἐστίν.
1409 5818 1436 5844 υ
1463 5806 1526 5862 C.
1560 5806 1706 5864 Men.
1927 5812 2112 5878 ἰδέαις.
2146 5825 2166 5847 °
2190 5815 2251 5870 C.
2288 5813 2432 5869 Men.
2479 5816 2554 5878 ὡς
2579 5816 2840 5888 ἕκτρωμα
2871 5819 3109 5879 πάντων.

3223 5835 3250 5874 ι’
3281 5825 3343 5882 C.
3385 5826 3516 5884 Men.
