3880 6206
126 277 202 332 οτ
224 283 254 330 l
1151 273 1253 334 AD
1284 265 1878 335 AMPHILOCHIUM
1911 269 2260 342 QUESTIO
2285 273 2466 335 XCII.
3343 277 3450 341 578

133 381 253 450 φία
291 374 503 456 τῇτοῦ
535 383 774 458 σταυροῦ
827 384 1012 460 μωρίᾳ
1051 387 1252 459 μᾶλλον
1285 389 1657 459 κατήργηται.
1705 384 1748 437 'l-

1873 382 2196 442 l'eriatorutn
2227 388 2627 458 sepltismatum
2655 429 2671 455 ,
2703 390 2886 446 anima
2925 391 3176 449 mortalis
3199 435 3216 460 ,
3245 407 3368 464 quae
3399 404 3456 449 et

132 474 265 526 τῶν
301 475 610 531 δυσσεϐὦν
637 477 930 548 δογμάτων
952 479 1158 550 πλάνη,
1185 480 1220 551 η
1248 477 1452 548 ταύτης
1475 477 1748 547 ἐπίκουρος

1871 475 2196 546 dispertitur
2223 487 2278 535 et
2307 483 2635 551 eompatitur
2665 497 2790 538 cum
2819 498 3082 553 corpore;
3114 485 3259 556 quod
3301 502 3458 541 mun-

144 566 591 639 πειθανολογία,
643 571 676 642 ὴ
710 570 885 642 πλοκὴ
934 571 1030 624 καὶ
1061 570 1228 642 τέχνη
1263 571 1371 624 των
1415 566 1748 639 κακοσχόλωι

1869 566 1973 621 dus
2011 569 2263 632 opiﬁcem
2296 588 2403 626 non
2441 573 2638 640 habet;
2665 575 2808 644 quod
2839 590 2946 630 non
2985 575 3453 646 quemadmodum

1869 658 2033 730 ignis,
2070 663 2144 718 ita
2185 673 2240 718 et
2269 681 2410 734 aqua
2459 666 2587 721 ferri
2623 683 2844 722 sursum
2875 670 3036 736 velit,
3067 669 3215 740 quod
3258 673 3450 726 matri-

1869 757 2114 814 monium
2143 773 2438 813 commune
2465 761 2554 820 sit.
2584 776 2650 815 (ιο
2677 762 2821 831 quod
2855 763 2956 815 hoc
2984 773 3143 832 pacto
3180 764 3354 835 magis
3388 783 3448 822 se

1870 863 2059 907 tnutno
2093 862 2276 906 ament
2317 854 2500 918 cives;
2529 856 2671 925 quod
2705 869 2734 910 e
2767 839 3000 912 mortuis
3031 857 3163 919 vivi,
3199 873 3321 914 cum
3351 862 3445 929 qui

1866 942 2348 1007 consistebamus,
2383 945 2709 1006 sedeamus;
2747 945 3016 1013 plutimos
3062 956 3275 1016 oportet
3317 949 3450 1004 deos

1864 1048 2008 1100 esse,
2039 1049 2162 1089 cum
2190 1035 2342 1104 plura
2366 1035 2478 1090 sint
2505 1050 2625 1104 qua;
2653 1035 3055 1106 prmvideantur
3089 1057 3102 1093 :
3131 1047 3184 1092 et
3205 1047 3451 1094 metuen-

1863 1127 1994 1179 dum
2032 1127 2137 1192 sit,
2176 1143 2242 1180 ne
2270 1143 2412 1182 unus
2437 1168 2451 1193 ,
2490 1129 3144 1208 sicinniunt'comntutti
3186 1147 3316 1187 cura
3361 1133 3448 1188 in-

1863 1218 2084 1286 viliget,
2125 1219 2450 1287 defatiscat;
2497 1231 2594 1276 aut
2629 1223 2776 1292 quod
2823 1223 3077 1294 princeps
3118 1227 3448 1282 necessitate

1863 1310 2122 1380 adigitur,
2155 1326 2280 1366 cum
2313 1327 2419 1367 non
2448 1313 2683 1370 sulliriat
2725 1314 2864 1384 ipse.
2902 1315 3068 1371 alium
3109 1319 3445 1388 superindu-

1861 1418 2006 1471 cere,
2043 1419 2113 1459 ne.
2160 1404 2472 1476 principatu
2514 1422 2615 1462 suo
2665 1407 2932 1477 privetur,
2982 1420 3035 1464 et
3083 1411 3446 1468 secundarius

1863 1497 1972 1553 iste
2003 1497 2264 1552 deficiens
2297 1497 2488 1564 alium,
2530 1509 2694 1568 atque
2728 1501 2799 1555 ita
2833 1503 2884 1554 in
2913 1501 3188 1556 infinitum
3230 1523 3243 1559 :
3279 1506 3446 1560 stulta

1862 1597 1990 1644 sunt
2025 1589 2099 1644 ita
2127 1599 2181 1644 et
2216 1589 2505 1645 stultitiam
2535 1606 2753 1646 omnem
2792 1593 3134 1658 excedentia,
3171 1610 3292 1663 qua:
3321 1597 3447 1648 ani"

136 659 560 730 σοφισμάτων,
594 657 764 732 θνητὴ
807 662 844 732 ἡ
879 660 1028 731 ψυχὴ
1053 701 1069 726 ,
1103 661 1187 714 ὅτι
1235 656 1636 730 συμμερίξεται
1671 655 1766 709 καὶ

98 737 106 754 ⁸
138 757 500 828 συμπάσχει
543 757 624 830 τῷ
657 757 906 828 σώματιο
939 759 1041 811 οὐκ
1069 751 1185 828 ἔχει
1234 756 1580 827 Δημιουργὸν
1609 756 1638 808 ὁ
1671 753 1764 808 κό-

134 863 298 916 σμος
319 863 337 879 ο
384 849 466 902 ὅτι
495 848 596 919 οὐχ
628 848 819 919 ὥσπερ
850 847 912 901 τὸ
953 847 1088 918 πῦρ,
1121 847 1297 901 ἐθέλει
1327 845 1448 899 οὐδὲ
1475 846 1537 897 τὸ
1569 843 1714 914 ὕδωρ
1735 852 1762 893 ιι

137 937 295 1008 φέρε
307 938 446 994 σθαι
465 954 480 970 °
515 939 693 1004 κοινὸς
714 940 744 992 δ
771 938 970 1009 γάμος,
993 939 1076 992 δτι
1103 937 1306 1008 μᾶλλον
1336 934 1511 999 οὕτως
1545 935 1579 1005 ή
1608 934 1764 996 πόλις

135 1029 504 1101 φιλάλληλος
525 1049 539 1064 ·
583 1033 649 1085 ὲκ
675 1033 786 1084 τῶν
818 1030 1029 1104 νεκρῶν
1065 1029 1114 1084 οἱ
1145 1014 1350 1095 ζῶντες
1377 1046 1393 1062 ο
1429 1029 1524 1082 καὶ
1553 1027 1662 1098 γάρ
1697 1029 1762 1080 ὲκ

135 1121 245 1174 τοῦ
276 1123 548 1178 ἵστασθαι
588 1123 935 1194 καθεζόμεθα
954 1140 968 1153 ·
1017 1122 1248 1186 πολλοὺς
1272 1123 1329 1176 δὲ
1360 1123 1440 1176 δεῖ
1475 1121 1570 1176 καὶ
1602 1121 1762 1184 θεοὺς

135 1209 331 1278 εῖναι,
387 1215 472 1269 ὅτι
521 1215 742 1270 πλείονα
769 1216 840 1269 τὰ
873 1215 1246 1288 προνοούμενα
1265 1255 1280 1279 ,
1315 1215 1408 1268 καὶ
1439 1210 1624 1284 φόϐος,
1655 1231 1759 1266 κα-

141 1309 282 1378 μεῖν
316 1309 421 1361 τὸν
443 1309 564 1375 ἕνα,
617 1312 684 1382 τῇ
716 1311 871 1381 κοινῇ
907 1309 1150 1380 φροντίδι
1193 1307 1659 1380 ὲνασχολούμενον
1679 1322 1694 1338 ο
1722 1307 1756 1377 ἢ

135 1400 233 1452 ὅτι
263 1400 378 1454 τὸν
407 1400 628 1471 πρῶτον
653 1402 870 1471 ἀνάγκη
897 1400 1079 1454 πείθει
1109 1400 1384 1470 παράγειν
1405 1398 1760 1452 καταδεέστε-

141 1509 271 1564 ρον,
336 1493 432 1547 ἴνα
470 1494 545 1564 μὴ
589 1495 692 1565 τῆς
740 1493 920 1564 ἀρχῆς
970 1492 1297 1566 περιαιρεθῇ
1332 1492 1393 1546 τὸ
1435 1491 1757 1563 προνόμιον,

141 1588 255 1640 καὶ
290 1587 397 1640 τὸν
422 1587 675 1658 δεύτερον
705 1587 870 1641 πάλιν
913 1586 1211 1657 ὑφειμένον
1257 1585 1439 1651 ἄλλον,
1475 1586 1572 1639 καὶ
1598 1584 1778 1638 τοῦτο-

143 1682 235 1746 εἰς
274 1680 522 1752 ἄπειρον
544 1697 557 1712 ·
593 1681 660 1734 τά
698 1682 855 1752 μωρὰ
887 1679 1063 1733 ταῦτα
1111 1681 1206 1735 καὶ
1255 1678 1556 1751 παρανοίας
1588 1677 1748 1748 ὲσχά-

1861 1695 2005 1734 mam
2049 1680 2243 1735 decent
2287 1695 2472 1735 revera
2511 1682 2830 1749 mei-talem,
2878 1691 2932 1736 et
2963 1683 3198 1737 cicutam
3229 1699 3447 1738 tueren-

140 1790 253 1844 της
289 1773 585 1837 ἐπέκεινα,
617 1773 714 1826 καὶ
751 1772 934 1844 ψυχῆς
960 1772 1130 1836 ὅντως
1160 1773 1362 1843 θνητῆς
1391 1772 1488 1826 καὶ
1517 1769 1613 1824 τοῦ
1644 1789 1748 1826 κω‹

1862 1780 1972 1828 tur.
1999 1769 2151 1827 Hanc
2175 1773 2367 1828 mttndi
2399 1772 2560 1828 istius
2589 1774 2912 1844 sapientiam
2944 1773 3171 1842 Paulus,
3199 1776 3291 1845 qui
3321 1792 3447 1832 vere

140 1865 305 1919 νείου
341 1866 493 1931 ἄξια.
528 1865 747 1937 Ταύτην
791 1866 886 1920 τοῦ
939 1867 1136 1930 αἰῶνος
1166 1866 1264 1937 τὴν
1295 1866 1509 1935 σοφίαν,
1544 1865 1748 1928 Παῦλος

1861 1863 2106 1931 sapiebat
2136 1863 2346 1930 divina,
2380 1872 2435 1918 et
2468 1861 2737 1923 humanas
2768 1864 2902 1919 istas
2936 1864 3296 1934 cogitatiOues
3323 1878 3352 1918 a
3386 1879 3446 1919 se

143 1962 174 2014 ὁ
203 1960 281 2014 τὰ
315 1958 444 2014 θεῖα
473 1958 552 2030 τῷ
573 1959 688 2013 δντι
725 1959 889 2028 σοφὸς
930 1959 1026 2013 καὶ
1057 1959 1124 2012 τὰ
1159 1957 1504 2030 ἀνθρώπινα,
1537 1959 1626 2012 δια
1653 1959 1748 2029 τῆς

1859 1956 2167 2020 alienabat,
2210 1965 2266 2011 et
2308 1956 2515 2011 mundo
2546 1956 2833 2027 ejiciebat,
2867 1965 3087 2027 propter
3116 1957 3442 2027 sapientiam

143 2053 208 2105 ὲν
242 2051 546 2122 μυστηρίῳ
573 2051 710 2104 Θεοῦ
745 2052 940 2120 σοφίας
976 2054 1078 2124 τῆς
1113 2053 1452 2123 οἰκουμένης
1479 2051 1752 2124 ἀπήλασε,

145 2141 250 2194 καὶ
277 2141 391 2205 τὰς
419 2142 530 2196 τῶν
559 2142 771 2196 πιστῶν
797 2142 1038 2207 διανοίας
1086 2143 1328 2206 ἀϐάτους
1357 2143 1496 2215 αὐτῇ
1529 2146 1758 2214 συνετή-

148 2251 361 2306 ρησεν.
407 2234 474 2289 Ἥ
505 2235 732 2308 τοιαύτη
772 2235 954 2305 σοφία,
985 2237 1166 2307 μωρία
1195 2237 1348 2308 παρὰ
1367 2237 1448 2309 τῷ
1473 2235 1624 2308 Θεῷο
1645 2237 1757 2291 τῶν

148 2327 338 2398 ταύτῃ
379 2326 563 2398 σοφῶν
589 2328 637 2380 οἰ
663 2327 919 2399 λογισμοὶ
956 2326 1204 2398 μάταιοι,
1249 2329 1344 2382 καὶ
1380 2331 1497 2392 ταῖς
1522 2327 1757 2392 οἰκείαις

153 2419 540 2491 πανουργίαις
589 2418 962 2490 ἁλισκόμενοι,
1007 2418 1088 2490 τῷ
1135 2419 1292 2490 ἁπλῷ
1345 2419 1450 2490 τῆς
1479 2420 1756 2490 ’ἀληθείας

153 2493 826 2583 λόγιέπετιδράσσονται.
872 2510 1116 2582 Ταύτην,
1161 2512 1354 2584 ῶσπερ
1391 2513 1584 2577 πάλαι,
1609 2511 1757 2568 οὕτω

152 2599 222 2670 δὴ
254 2601 360 2654 καὶ
388 2599 504 2666 νῦν,
533 2602 682 2666 ἄπας
729 2601 963 2672 εὐσεϐὴς
996 2601 1251 2656 διαπτύει
1292 2602 1589 2673 λογισμόςο
1625 2604 1756 2668 τοὺς
1804 2662 1814 2671 ,

157 2693 423 2764 μακροὺς
450 2692 670 2763 λήρους,
697 2693 768 2747 τὰ
796 2694 1006 2765 ψυχικὰ
1032 2694 1306 2766 βάραθρα,
1349 2697 1420 2748 τὰ
1446 2694 1541 2750 τοῦ
1583 2696 1758 2766 Πονη-

156 2785 260 2856 ροῦ
314 2786 591 2858 θήρατρα,
636 2787 698 2840 τὸ
748 2787 891 2858 μέγα
924 2787 1024 2858 τῆς
1053 2787 1331 2850 ἀπωλείας
1365 2787 1752 2859 ἐργαστήριον.

157 2879 286 2932 Τῶν
315 2879 375 2933 δέ
403 2895 469 2948 γε
497 2879 760 2950 ῥημάτων
803 2880 900 2933 καὶ
948 2883 1048 2952 τῆς
1079 2880 1148 2934 δι’
1178 2879 1361 2937 αὐτῶν
1406 2882 1681 2953 συνθήκης
1719 2882 1754 2950 ἠ

156 2969 423 3042 ὀρθότης,
467 2971 524 3024 τί
568 2971 896 3040 λυμαίνεται
941 2975 1008 3044 τῇ
1047 2972 1331 3044 εὐσεϐείας
1381 2975 1504 3027 τίνα
1547 2973 1754 3045 βλάϐην

1863 2045 1953 2101 Dei
1986 2048 2039 2102 itt
2069 2047 2350 2119 mysterio,
2381 2047 2619 2103 fidelium
2652 2049 3014 2120 cogitationes
3043 2049 3122 2104 illi
3148 2048 3443 2119 impcrvias

1858 2141 2034 2194 voluit
2063 2141 2366 2196 custodire.
2410 2139 2558 2196 Talis
2590 2140 2859 2211 sapientia
2892 2141 3004 2196 Deo
3037 2141 3272 2197 stultitia
3307 2151 3393 2198 est
3421 2159 3438 2197 :

1858 2233 2169 2302 sapientum
2200 2234 2563 2304 cogitationes
2602 2249 2778 2301 vana,
2811 2233 3051 2305 propriis
3080 2234 3444 2306 apprehensa)

1858 2322 2360 2379 machinationibus
2392 2339 2488 2394 per
2519 2325 2828 2396 simplicem
2855 2323 3103 2380 verltatis
3125 2338 3440 2379 sermonem

1857 2413 2246 2486 decerpantur.
2293 2415 2448 2472 llanc
2493 2425 2555 2472 ut
2584 2416 2742 2482 olim,
2790 2416 2866 2472 ita
2909 2423 2966 2472 et
3006 2431 3158 2472 nunc
3183 2415 3443 2488 quaelibet

1858 2521 1984 2561 cum
2017 2505 2218 2576 pietate
2247 2506 2548 2576 conjuncta
2575 2506 2720 2562 ratio
2751 2506 2994 2577 respuit:
3025 2505 3221 2562 deliria
3255 2505 3438 2577 longa,

1859 2601 2166 2654 animarum
2203 2598 2483 2664 haratbra,
2518 2597 2722 2654 diaboli
2747 2598 3019 2660 venatica,
3050 2613 3304 2669 magnam
3334 2613 3444 2654 ma-

1859 2691 2038 2748 lorum
2073 2690 2378 2747 ollicinam.
2413 2693 2483 2747 At
2527 2691 2661 2762 quid
2704 2690 2995 2746 verborum
3035 2701 3182 2746 recta
3213 2706 3448 2763 contpoa

1859 2787 1991 2844 sitio
2029 2787 2318 2843 veritatem
2356 2787 2500 2842 laedit
2532 2786 2556 2840 ἰ
2603 2785 2751 2856 quod
2783 2786 3049 2841 damnum
3086 2785 3253 2842 infert
3281 2786 3447 2842 adbi-

1859 2881 2146 2948 bentibus,
2177 2897 2340 2952 quem
2381 2881 2466 2937 vel
2513 2895 2772 2951 magnum
2802 2879 2886 2936 vel
2926 2895 3154 2951 parvum
3195 2894 3442 2936 errorem

1858 2975 2263 3046 supplantando
2293 2974 2538 3031 inducit?
2567 2973 2625 3029 Si
2667 2984 2922 3030 naturam
2972 2975 3067 3044 qui
3102 2973 3293 3038 (luxit,
3328 2975 3445 3046 ipse

159 3064 324 3134 φέρει
354 3067 468 3127 τοῖς
498 3064 840 3136 χρωμένοιςς
874 3065 1010 3138 πρὸς
1058 3068 1220 3120 ποίαν
1267 3066 1616 3130 ὑποσκελίζει
1657 3084 1748 3137 μι-

1861 3067 2172 3138 linguarum
2204 3065 2428 3130 artifex,
2462 3065 2609 3129 unde
2640 3065 2783 3120 haud
2814 3081 3162 3136 consequens
3204 3065 3310 3120 erit
3331 3102 3348 3128 ,
3383 3073 3446 3120 ut

157 3159 303 3226 κρᾶν
333 3158 364 3227 ἦ
400 3159 644 3227 μεγάλην
677 3159 920 3229 πλάνην;
967 3159 1027 3210 Εἰ
1065 3158 1110 3212 δ’
1145 3161 1174 3212 ὁ
1215 3159 1317 3228 τῆς
1364 3157 1582 3229 φύσεως
1615 3158 1754 3212 πλά-

161 3265 316 3320 στης,
346 3249 514 3314 αὐτὸς
543 3250 638 3304 καὶ
677 3249 786 3304 τῶν
813 3250 1076 3319 γλωσσῶν
1118 3253 1147 3305 ὁ
1190 3251 1462 3321 τεχνίτης,
1495 3251 1616 3315 πῶς
1653 3251 1754 3305 οὐκ

158 3342 182 3392 ἓ
191 3359 312 3394 στιν
331 3341 666 3407 ἀκόλουθον,
690 3343 893 3418 μᾷλλον
925 3344 1052 3407 τοὺς
1085 3343 1335 3415 μαθητὰς
1360 3341 1456 3398 τοῦ
1483 3343 1645 3414 λόγου
1670 3343 1751 3415 τῷ

161 3437 466 3506 καθήκοντι
489 3437 790 3509 κεχρῆσθαι
817 3438 961 3509 λόγῳ
991 3455 1006 3506 ;
1037 3438 1254 3494 Οὐκοῦν
1290 3439 1351 3494 οὐ
1387 3439 1755 3510 προσελάϐετο

163 3527 418 3598 μαθητὰς
459 3531 488 3584 ὁ
521 3530 757 3602 Χριστὸς
792 3531 1030 3597 ἰδιώτας,
1078 3532 1175 3585 καὶ
1225 3531 1460 3603 μάλιστα
1485 3532 1654 3602 φαίην
1687 3530 1753 3584 ἂν

162 3621 340 3692 ἔγωγε
365 3666 382 3692 ,
430 3625 524 3678 καὶ
547 3626 598 3678 εἰ
625 3623 807 3695 βούλει
855 3641 943 3694 γε,
979 3625 1074 3678 καὶ
1101 3624 1208 3679 τῶν
1243 3625 1467 3698 ἰχθύων,
1501 3624 1596 3690 οὓς
1626 3625 1753 3696 ἐθή-

165 3733 294 3786 ρων,
337 3716 748 3788 ἀφωνοτέρους·
795 3715 913 3770 ἀλλ’
957 3716 1149 3788 ὥσπερ
1203 3718 1441 3791 ἰδιώτας,
1472 3715 1618 3771 οὕτω
1657 3717 1752 3771 καὶ

161 3809 424 3876 τελώνας,
455 3810 552 3864 καὶ
596 3810 787 3875 ἁλιεῖς,
838 3811 969 3882 μήτι
1015 3811 1254 3874 τελώνας
1295 3811 1599 3882 ἥάλιεύειν
1645 3812 1752 3864 άπ-

165 3900 339 3970 έλιπε,
371 3905 467 3957 καὶ
495 3902 600 3956 ποῦ
632 3902 794 3957 τοῦτο
824 3902 1104 3974 θαύματος
1135 3903 1168 3975 ἢ
1200 3903 1302 3974 τῆς
1326 3903 1565 3976 Χριστοῦ
1594 3903 1754 3956 δυνά-

111 4037 114 4040 .
166 4011 314 4064 μεως
365 3995 548 4063 ἄξιον;
589 3995 714 4060 Πῶς
756 3995 803 4050 δ’
850 3995 919 4051 ἄν
963 4013 1048 4061 τις
1081 3995 1307 4068 διαδύσῃ
1350 3996 1443 4050 τὸν
1503 3997 1596 4049 ἐπὶ
1642 3997 1752 4052 τῶν

167 4091 346 4162 ἔργων
390 4091 572 4145 αὐτῶν
614 4091 872 4163 ἔλεγχον;
907 4091 1098 4157 Οὕτως
1139 4091 1231 4147 οῦν
1263 4092 1371 4146 οὐδ’
1406 4094 1490 4157 εἰς
1533 4093 1752 4160 ἰδιώτας

165 4182 401 4251 ἀφῆκεν,
449 4183 544 4246 οὒς
585 4183 798 4238 ἐκεῖθεν
847 4184 1255 4256 προσείληφενο
1316 4184 1433 4239 ἁλλ’
1476 4185 1599 4240 ἀντὶ
1648 4187 1751 4256 μὲν

166 4272 380 4341 ἁλιέων,
409 4274 582 4337 ἁλιεῖς
613 4275 942 4328 ἀπετέλεσεν
974 4274 1297 4346 ἀνθρώπων.
1337 4297 1357 4330 ‹
1395 4275 1581 4343 Δεῦτε,
1617 4278 1746 4350 γάρ,

167 4371 352 4439 μησὶν,
384 4367 563 4421 ὀπίσω
597 4385 698 4439 μου
731 4370 826 4422 καὶ
869 4371 1082 4438 ποιήσω
1133 4369 1278 4439 ὑμᾶς
1326 4369 1496 4432 ἁλιεῖς
1529 4370 1745 4443 ἀνθρώ-

1859 3161 1952 3230 qui
1989 3159 2230 3231 potiores
2263 3159 2520 3229 discipuli
2573 3159 2850 3215 sermonis
2896 3167 3061 3225 sunt,
3093 3158 3442 3214 convenienti

1858 3268 2112 3308 sermone
2160 3261 2406 3309 utantur.
2456 3251 2584 3307 ldeo
2631 3251 2933 3322 discipulos
2983 3251 3186 3308 idiotas
3246 3251 3445 3307 ascivit

1857 3347 2110 3403 Christus
2139 3347 2370 3401 omnino
2412 3347 2786 3402 concesserim
2807 3386 2824 3412 ,
2871 3353 2928 3400 et
2965 3345 3020 3410 si
3057 3346 3195 3401 velis
3219 3387 3234 3412 ,
3265 3346 3444 3416 magis

1855 3454 2020 3510 quam
2048 3448 2204 3494 erant
2241 3439 2440 3508 pisces,
2471 3454 2612 3508 quos
2645 3438 2956 3508 capiebant,
2990 3447 3174 3494 mutos
3203 3456 3217 3492 :
3253 3453 3441 3494 verum

1856 3541 1919 3587 ut
1968 3532 2200 3596 idiotas,
2253 3533 2326 3587 ita
2379 3533 2705 3604 publicanos
2733 3541 2788 3587 et
2838 3533 3165 3602 piscatores,
3209 3532 3306 3602 qui
3341 3546 3445 3587 nec

1855 3626 2136 3696 publicani
2163 3635 2373 3691 essent,
2425 3641 2526 3680 nec
2570 3625 2872 3694 piscatores
2910 3624 3255 3690 desinebant,
3291 3624 3442 3695 quod

1856 3718 2056 3772 mirum
2117 3729 2256 3784 erat,
2311 3703 2409 3774 sed
2463 3718 2707 3788 potentia
2740 3716 2947 3772 Christi
2996 3717 3244 3787 dignum.
3287 3715 3441 3784 Quo-

1857 3815 2021 3868 modo
2045 3813 2172 3884 quis
2203 3815 2272 3868 ab
2298 3811 2558 3882 operibus
2579 3811 2978 3867 convictionem
3004 3808 3268 3881 cll'ugt‘at?
3293 3810 3442 3866 Inter

1856 3907 2053 3963 idiotas
2091 3923 2198 3960 non
2231 3906 2483 3968 dimisit,
2519 3919 2661 3975 quos
2689 3904 2888 3959 abinde
2913 3903 3178 3972 admisit,
3215 3907 3308 3959 sed
3341 3919 3440 3974 pro

1855 3997 2222 4068 piscatoribus
2287 3996 2585 4066 piscatores
2640 3994 2772 4050 fecit
2826 3993 3160 4059 hominum;
3220 4008 3437 4061 nempe,

1861 4087 2108 4152 «Venite,
2139 4089 2284 4143 enim
2313 4088 2512 4158 inquit,
2547 4096 2671 4158 post
2697 4102 2804 4154 me,
2835 4095 2891 4142 et
2918 4086 3115 4142 faciam
3140 4101 3236 4142 vos
3261 4087 3438 4156 pisca-

1856 4190 2003 4234 tores
2032 4181 2314 4234 hominum
2335 4181 2444 4246 ¹¹;›
2479 4195 2578 4249 pro
2605 4178 2931 4248 publicanis,
2959 4179 3268 4233 animarum
3304 4185 3439 4232 tem-

1854 4273 2159 4344 pestatibus
2198 4273 2531 4343 jactatarum
2579 4281 2924 4339 servatores;
2968 4279 3024 4326 et
3079 4285 3179 4342 pro
3221 4270 3432 4336 idiotis,

1858 4367 2045 4420 mutuli
2080 4365 2359 4431 doctores,
2393 4364 2647 4436 impletos
2676 4365 2862 4420 divina
2886 4373 2943 4419 et
2970 4363 3180 4420 cmlesti
3210 4364 3436 4434 sapien-

338 4433 372 4513 ⁷ι
405 4461 529 4516 ἀντὶ
555 4433 808 4515 τελωνῶν
833 4461 911 4525 δὲ,
943 4433 1135 4532 ψυχῶν
1171 4433 1610 4534 ’χειμαζομένων
1637 4433 1741 4516 σω-

1857 4459 1964 4524 tia;
2002 4473 2120 4523 nec,
2173 4458 2262 4511 ubi
2308 4467 2425 4512 erat
2459 4473 2633 4527 opus,
2673 4457 2914 4512 humana
2944 4456 3216 4528 sapientia
3248 4457 3436 4512 desti-

164 4555 368 4623 τῆρας·
413 4555 508 4608 καὶ
537 4556 661 4609 ἀντὶ
689 4554 939 4616 ἰδιωτῶν,
992 4556 1090 4624 τῆς
1125 4555 1452 4624 οἰκουμένης
1490 4555 1745 4609 διδασκά-

166 4644 307 4714 λους,
348 4650 450 4720 τῆς
475 4665 536 4701 τε
577 4647 728 4712 θείας
771 4646 868 4701 καὶ
898 4647 1154 4718 οὐρανίου
1207 4647 1402 4714 σοφίας
1434 4647 1743 4720 ἐμπλήσας,

169 4743 383 4814 καὶτῆς
411 4743 779 4814 ἀνθρωπίνης,
816 4743 951 4796 ὅπου
978 4741 1137 4812 χρεία
1169 4740 1366 4805 καλεῖ,
1398 4741 1552 4794 οὐδὲν
1586 4741 1743 4794 ὑστε-

173 4837 464 4904 ρουμέ-ιους
487 4836 793 4907 ἀποφήνας.
812 4835 965 4888 Ἑπεί
993 4833 1110 4896 πῶς
1139 4834 1416 4897 Στωϊκοῖς,
1451 4833 1568 4897 πῶς
1585 4835 1741 4889 Ἐπι-

168 4929 452 4999 γουρείοις.
498 4929 616 4989 πῶς
663 4927 886 4998 μυρίαις
931 4925 1120 4989 ἄλλαις
1151 4925 1402 4988 πλάναις,
1436 4925 1528 4977 ἐπὶ
1560 4925 1738 4994 λόγοις

173 5018 306 5088 μέγα
353 5023 524 5089 ὄνομα
573 5019 882 5086 λιπούσαις,
909 5018 1051 5074 κατὰ
1081 5018 1274 5087 λόγους
1304 5017 1735 5084 συνεπλέκοντο;

171 5109 281 5174 πῶς
300 5113 328 5166 ὁ
357 5113 451 5165 τοῦ
477 5112 639 5180 λόγου
671 5111 890 5182 δρόμος,
915 5112 1010 5165 καὶ
1039 5111 1149 5164 τῶν
1178 5111 1440 5181 ῥημάτων
1468 5111 1500 5181 ἡ
1525 5107 1734 5181 εῦροια,

175 5203 644 5275 συνδεδραμηκότα
698 5204 777 5273 τῷ
825 5203 1109 5274 θαύματι,
1156 5201 1367 5274 Ἑρμῆν
1415 5202 1739 5275 νομισθῆναι

170 5291 256 5345 τὸν
295 5294 506 5370 Παῦλον
533 5296 651 5359 τοῖς
690 5296 988 5365 ἀκροαταῖς
1031 5293 1450 5363 παρεσκεύασε;
1483 5294 1580 5348 καὶ
1621 5294 1736 5362 εἴγε

178 5385 246 5458 μὴ
273 5387 479 5456 φθάσας
512 5387 698 5454 αὐτὸς,
728 5389 857 5453 τοὺς
884 5389 1119 5460 χιτῶνας
1144 5388 1404 5461 διέσχισε,
1451 5391 1544 5441 καὶ
1572 5387 1740 5459 γέρας

240 5572 282 5606 ⁸³
306 5575 496 5632 Matth.
533 5591 608 5641 tv,
643 5575 729 5632 l9.

276 5773 303 5815 tt
334 5764 420 5821 τσ.
455 5763 583 5818 add.
620 5764 755 5818 ἄνω.
788 5760 849 5817 C.
885 5761 956 5815 Μ.
978 5760 1138 5817 sicut
1169 5760 1224 5817 in
1255 5768 1424 5816 textu.

502 5859 775 5921 PATROL.
808 5855 925 5917 Gs.
960 5853 1060 5915 Cl.

1848 4560 2015 4605 tutos.
2050 4551 2209 4605 Certe
2241 4550 2387 4604 enim
2418 4566 2544 4604 cum
2577 4550 2779 4606 Stoicis
2803 4588 2820 4615 ,
2852 4565 2978 4605 cum
3010 4549 3296 4620 Epicureis
3322 4592 3339 4617 ,
3375 4560 3434 4606 et

1847 4643 2120 4698 sexcentis
2171 4643 2295 4697 aliis
2347 4642 2629 4698 erroribus
2672 4642 2992 4715 congressi,
3041 4658 3164 4697 cum
3212 4643 3430 4699 celebre

1843 4753 2042 4792 nomen
2077 4736 2147 4791 ob
2180 4735 2544 4791 eruditionem
2594 4746 2752 4792 erant
2781 4737 3100 4802 consecuti,
3128 4736 3427 4791 verborum

1841 4843 2074 4894 cursus,
2121 4828 2521 4883 et-dictionum
2569 4830 2768 4884 lluvius
2808 4829 3082 4895 miraculQ
3130 4827 3431 4898 conjuncta

1849 4920 2197 4987 ferebantur;
2243 4931 2296 4976 et
2337 4921 2569 4976 Paulum
2602 4938 2702 4993 pro
2729 4922 3000 4978 Mercurio
3047 4921 3228 4991 putari
3284 4921 3429 4991 apud

1849 5011 2130 5066 auditores
2162 5011 2437 5067 l‘aeiebaut
2467 5053 2481 5072 .
2517 5014 2735 5092 quodsi
2770 5013 2886 5082 ipse
2919 5011 3224 5066 diloricatis
3259 5014 3430 5066 vesti-

1852 5105 1954 5160 bus
1987 5119 2085 5158 eos
2116 5119 2224 5158 non
2254 5105 2631 5175 praevenisset,
2664 5105 2719 5160 in
2759 5106 3024 5160 honorem
3056 5105 3177 5174 ejus
3211 5103 3429 5174 publica

1850 5196 2120 5252 sacrilieia
2155 5196 2338 5251 oblata
2369 5207 2573 5253 essent.
2607 5197 2758 5253 Mitto
2785 5197 2837 5251 in
2873 5196 3126 5268 przesenti
3165 5197 3274 5250 vim
3321 5199 3427 5250 sub

1848 5305 2014 5343 tuanu
2057 5299 2240 5344 natam
2275 5290 2573 5355 sermonis,
2606 5305 2727 5360 qua:
2759 5289 2812 5343 in
2839 5289 3123 5354 Ecelesiis,
3157 5287 3300 5358 apud
3333 5303 3432 5358 po-

1851 5383 2077 5454 pulum,
2115 5396 2215 5454 pro
2243 5380 2526 5439 Tribuuali
2548 5423 2564 5449 ,
2591 5383 2646 5438 in
2673 5381 2984 5441 Judaeorum
3010 5381 3336 5455 Synagogis,
3372 5381 3429 5437 in

1458 5669 1692 5727 V'ARIJE
1734 5669 2140 5730 LECTlONES.
