3880 6206
439 274 549 353 579

1599 262 1865 329 ΡΗΟΤΙΙ
1904 258 2413 324 PATRIARCH/E
2446 258 2558 322 (ΖΡ.

3645 251 3744 316 580

440 388 597 448 foro,
635 398 759 439 cum
792 381 1055 447 doceret,
1083 380 1382 452 corriperet
1407 419 1424 446 ,
1456 377 1817 445 admoneret,
1847 391 1908 433 se
1936 375 2035 431 de-

2142 370 2204 425 ἂν
2234 372 2291 425 αί
2327 370 2472 425 θεῶν
2515 366 2666 440 αύτῷ
2695 338 2891 423 ’θυσίαι
2939 365 3255 438 δημοτελῶς
3298 366 3741 440 προσεφέροντο.

441 479 710 545 fenderet,
759 477 1171 542 testificaretur,
1221 490 1342 546 qua:
1389 473 1621 539 viritim,
1676 471 2021 534 catervatim,

439 572 583 645 apud
617 571 833 643 judices
855 612 869 636 ,
901 570 1293 640 syc0phantas.
1327 566 1615 636 Quomodo
1649 562 1883 619 dicendo
1934 575 2026 615 re-

441 680 561 736 gem
592 662 909 718 Iudaeorum
946 659 1183 725 allicuit,
1234 659 1309 714 ita
1354 668 1417 713 ut
1464 664 1682 711 tantum
1731 670 1839 709 non
1882 653 2027 707 inter

440 754 789 809 Christianos
839 758 1192 816 censeretur,
1238 749 1284 804 si
1335 762 1442 803 non
1484 745 1638 815 regni
1679 753 1736 799 et
1764 756 2026 815 purpurae

440 845 689 912 inflatio,
738 859 860 914 qua:
889 841 1076 898 multis
1108 841 1387 896 multoties
1428 838 1626 894 lethale
1677 837 1877 891 vulnus
1934 835 2031 889 iu~

442 935 653 999 flixere,
706 933 1097 1004 impedimento
1131 930 1325 986 fuisset
1358 929 1425 984 ad
1469 927 1720 982 effectum
1753 925 1999 996 operatio

442 1040 682 1096 nemque
714 1023 889 1077 verbi.
930 1022 999 1076 Ut
1023 1021 1404 1092 proloqucndo
1438 1018 1782 1089 compescuit
1812 1018 2025 1072 clamo:

442 1133 538 1175 sos
576 1128 630 1174 et
662 1118 714 1173 in
749 1132 807 1171 se
829 1115 1155 1178 concitatos,
1185 1113 1278 1183 qui
1305 1112 1630 1182 sanguinem
1663 1111 1839 1182 ipsius
1869 1108 2029 1165 sitie-

441 1211 604 1276 bant,
650 1224 791 1280 quos
835 1209 902 1262 ad
960 1223 1113 1262 suam
1164 1206 1559 1276 protectionem
1612 1202 2022 1274 suscipiendum

442 1301 659 1356 induxit
693 1318 707 1353 :
740 1307 800 1353 ut
843 1297 1095 1353 ascendit
1140 1297 1192 1350 in
1224 1296 1596 1366 Areopagum,
1632 1295 1723 1348 ubi
1757 1294 1898 1347 inter
1926 1307 2024 1347 eos

440 1392 785 1457 versabatur,
830 1391 922 1459 qui
974 1389 1155 1444 verbis
1201 1389 1255 1442 in
1305 1389 1481 1458 ipsum
1516 1385 2025 1451 exacerhabantur;

440 1482 785 1554 Areopagum
816 1481 1099 1547 nimirum,
1131 1481 1246 1547 ubi,
1273 1489 1333 1534 ut
1360 1479 1559 1535 fabulis
1589 1477 1905 1534 Graecorum
1937 1492 2025 1531 so—

440 1577 695 1632 lemniter
725 1582 981 1630 narratur
1001 1614 1017 1641 ,
1053 1583 1107 1630 et
1133 1573 1206 1629 dii
1235 1583 1287 1629 et
1318 1573 1572 1629 homines
1610 1572 1688 1627 rei
1719 1579 1778 1626 et
1812 1578 2028 1627 actores

440 1664 761 1722 ferebantur
789 1686 804 1723 :
837 1677 1006 1739 utque
1034 1667 1110 1723 ibi
1142 1667 1498 1731 constitutus,
1534 1681 1644 1721 non
1668 1665 1764 1719 uni
1795 1663 1899 1720 soli
1933 1678 2027 1733 op-

2149 462 2258 515 Ἐῶ
2288 459 2387 514 νῦν
2414 460 2513 533 τὴν
2537 460 2709 531 ἄλλην
2743 459 3095 530 αὐτοσχέδιον
3125 460 3282 531 ἰσχὺν
3301 452 3396 513 τοῦ
3436 458 3746 529 λόγου,τὴν

2136 554 2196 608 ἐν
2233 553 2587 625 Ἑκκλησίαις
2612 594 2628 619 ,
2659 554 2759 622 τὴν
2791 553 2850 606 ἐν
2879 552 3076 623 δήμοις
3101 591 3117 617 ,
3146 550 3247 624 τὴν
3276 553 3334 605 ἐν
3363 552 3745 623 δικαστηρίῳ,

2151 645 2251 717 τὴν
2277 645 2418 711 κατὰ
2453 646 2779 715 συναγωγὰς
2817 645 3110 712 Ίουδαίων,
3130 647 3240 719 ’τὴν
3268 648 3327 699 ἐν
3355 646 3576 717 ἀγορᾷ,
3606 644 3749 698 suae.

2137 754 2384 804 σκοντος,
2404 736 2813 808 διελέγχοντος,’
2826 738 3241 808 παραινοῦντος,
3253 734 3744 806 ἀπολογουμένου,

2136 829 2675 902 διαμαρτυρομένου,
2703 830 2801 899 ὅση
2834 829 2955 883 κατ’
2979 828 3170 901 ἄνδρα,
3198 829 3301 900 ὅση
3325 828 3481 881 κατὰ
3514 826 3745 895 πλῆθος,

2134 922 2233 995 ὅση
2272 923 2410 994 πρὸς
2440 922 2725 987 δικαστὰς,
2769 923 2871 993 ὅση
2905 922 3047 994 πρὸς
3080 922 3468 990 συκοφάνταςο
3523 918 3610 983 ὼς
3640 912 3745 972 εἷλε

2134 1015 2443 1086 λέγων’τδν
2496 1015 2725 1087 βασιλέα
2771 1015 2880 1069 τῶν
2932 1015 3231 1077 Ἰουδαίων,
3273 1014 3369 1069 καὶ
3422 1011 3651 1085 μικροῦ
3686 1013 3745 1066 ἂν

2136 1103 2294 1173 οὗτος
2324 1119 2346 1145 τ
2376 1111 2458 1173 είς
2486 1109 2853 1180 Χριστιανοὺς
2894 1107 3229 1180 μετετάξατο
3248 1149 3265 1174 ,
3299 1108 3349 1161 εί
3382 1108 3465 1178 μὴ
3515 1106 3629 1175 τῆς
3658 1106 3747 1176 ἆρ-

2135 1201 2236 1271 χῆς
2262 1200 2482 1272 καὶτῆς
2518 1192 2841 1271 ἀλουργίδος
2880 1201 2941 1254 τὸ
2971 1201 3201 1271 φύσημα
3246 1200 3311 1270 (ὅ
3345 1200 3586 1262 πολλοῖς
3618 1201 3747 1251 πο).⁴

2134 1294 2291 1358 λάκις
2317 1295 2398 1359 είς
2423 1296 2491 1349 τὰ
2535 1298 2728 1368 καίρια
2760 1294 3092 1365 ἐλυμήνατο)
3132 1293 3386 1365 ἐμποδὼν
3418 1292 3589 1363 αύτῷ
3620 1309 3745 1344 κατ-

2141 1386 2271 1459 έστη
2298 1388 2434 1459 πρὸς
2465 1391 2563 1458 τὴν
2587 1388 2877 1460 ἀκρίϐειαν
2906 1387 2999 1441 τοῦ
3030 1388 3425 1459 κηρύγματος*
3457 1387 3550 1450 ὡς
3580 1387 3746 1456 ἔσχη-

2138 1488 2236 1531 σε⁸
2283 1478 2680 1551 δημηγορήσας
2709 1480 2837 1544 τοὺς
2869 1479 2992 1533 κατ’
3045 1478 3209 1533 αὑτοῦ
3266 1478 3609 1548 φονῶντας,
3656 1482 3749 1533 καὶ

2137 1573 2266 1636 τοὺς
2304 1572 2577 1643 διψῶντας
2621 1572 2715 1627 τοῦ
2741 1572 2996 1641 αἵματος,
3022 1570 3313 1624 ἀναλαϐεῖν
3339 1571 3441 1634 τὰς
3464 1570 3626 1640 ὑπὲρ
3651 1572 3744 1637 τῆς

2142 1662 2310 1717 αὑτοῦ
2360 1664 2636 1735 σωτηρίας
2680 1663 2969 1735 φροντίδας
3011 1663 3332 1716 ἀνέπεισεν
3376 1661 3457 1725 ὡς
3504 1665 3611 1715 ἐπὶ
3658 1664 3745 1715 τὸν

438 1761 677 1833 positus,
720 1760 817 1816 sed
864 1769 1054 1817 contra
1098 1774 1293 1816 omnes
1340 1760 1570 1814 omnino
1625 1756 2030 1813 disertissimus

2142 1755 2357 1826 Ἀρειον
2392 1754 2561 1825 ἀνέϐη
2599 1754 2796 1822 πάγον,
2844 1752 3055 1835 ἀνδρῶν
3087 1754 3146 1807 ἐν
3197 1754 3348 1824 μέσῳ
3388 1757 3511 1816 τοῖς
3565 1754 3745 1821 λόγοις

440 1853 547 1909 fuit
574 1871 588 1919 ;
619 1854 664 1909 si
688 1856 850 1909 modo
872 1852 1116 1908 omnium
1143 1844 1429 1907 hominum
1449 1850 1840 1917 Athenienses,
1866 1848 2033 1903 Athe-

439 1943 716 1999 niensium
740 1943 1079 2013 Areopagitze
1104 1941 1479 2012 praestiterunt
1509 1940 1766 2005 dicendo,
1790 1953 2031 2009 quorum

440 2034 674 2090 affectus
707 2034 1037 2103 animosque
1069 2031 1148 2085 ita
1179 2031 1415 2086 dicendo
1444 2030 1750 2098 concussit,
1777 2037 1832 2085 et
1849 2039 2032 2084 trans-

441 2126 725 2191 formavit,
768 2134 829 2181 ut
866 2125 1026 2181 multi
1066 2124 1211 2180 inter
1249 2138 1345 2181 eos
1392 2125 1463 2179 ab
1514 2123 1691 2194 ipsius
1739 2123 1924 2194 lingua
1977 2130 2036 2176 e'.

443 2236 699 2277 sermone
737 2220 991 2289 suspensi
1036 2221 1337 2290 abjicerent
1382 2234 1505 2290 quae
1553 2234 1651 2290 per
1702 2228 1879 2273 totum
1910 2218 2034 2271 vitae

444 2330 669 2371 cursum
703 2314 999 2385 amplexati
1034 2312 1257 2368 fuerant
1285 2354 1302 2379 ,
1345 2321 1400 2367 et
1430 2310 1727 2366 transirent
1757 2311 1823 2365 ad
1858 2309 2034 2379 pieta-

444 2415 552 2461 tem
584 2445 599 2472 ,
635 2404 787 2460 illum
821 2403 1025 2459 imitari
1071 2403 1307 2458 studiosi
1335 2442 1347 2464 ,
1383 2402 1476 2473 qui
1520 2402 1665 2472 apud
1697 2400 1920 2456 intimas
1951 2400 2034 2471 ip-

444 2510 630 2550 sorum
663 2495 879 2550 animas
902 2494 1123 2549 virtutis
1159 2501 1212 2547 ct
1243 2506 1382 2547 vera:
1402 2491 1623 2561 pietatis
1654 2490 1910 2559 dogmata
1937 2504 2035 2543 ex-

445 2596 718 2643 araverat.
765 2584 870 2640 Tot
918 2595 972 2641 et
1022 2585 1147 2639 talia
1197 2585 1317 2639 sine
1358 2597 1612 2638 sermone
1650 2596 1894 2651 congruo
1924 2595 2035 2635 non

445 2680 867 2751 assequebatur.
898 2677 1101 2749 Ecquis
1130 2677 1276 2732 enini
1302 2675 1538 2731 barbaro
1556 2673 1890 2727 attendisset
1916 2671 2038 2725 aui-

444 2789 562 2841 mo,
593 2773 686 2844 qui
720 2787 821 2827 nec
853 2781 999 2827 recta
1027 2771 1081 2825 in
1113 2769 1252 2841 ipsis
1277 2769 1507 2823 vocibus
1538 2764 1863 2821 incedebat?
1886 2763 2038 2830 Quo-

444 2869 611 2927 modo
642 2868 825 2937 igitur,
861 2880 983 2936 qua:
1022 2880 1091 2919 ne
1130 2862 1279 2935 loqui
1309 2869 1580 2927 noverat,
1615 2866 1764 2915 recte
1802 2873 2037 2913 consen-

446 2961 554 3016 tire
605 2961 729 3016 aliis
774 2959 1065 3015 videbatur
1095 2972 1110 3013 :
1140 2958 1336 3014 nedum
1366 2957 1505 3013 alios
1544 2954 1648 3011 sibi
1689 2952 2039 3011 consentien-

446 3061 531 3111 tes
553 3053 989 3109 habere.Verum
1014 3053 1186 3124 gratia
1208 3053 1275 3106 de
1300 3051 1441 3107 cado
1465 3049 1815 3120 operabatur,
1840 3045 2034 3117 gratia,

2134 1846 2581 1917 φλεγμαινόντων
2600 1862 2615 1878 ο
2638 1847 2862 1917 Ἀρειον
2893 1846 3071 1913 πάγον
3100 1845 3334 1912 ἐκεῖνον,
3360 1838 3428 1899 οὗ
3452 1844 3563 1898 καὶ
3590 1845 3743 1907 θεοὺς

2138 1938 2268 2010 παρ’
2302 1938 2571 2010 ἀλλήλων,
2606 1939 2701 1993 καὶ
2724 1936 2860 2009 πρὸς
2885 1935 3208 2009 ἀνθρώπους
3227 1937 3387 2001 δίκας
3414 1938 3518 1991 καὶ
3558 1937 3743 1991 λαϐεῖν

2132 2033 2228 2086 καὶ
2256 2030 2442 2087 δοῦναι
2492 2030 2655 2102 μῦθοι
2684 2029 2971 2101 χαίρουσιν
3010 2029 3319 2098 Ἑλληνικοὶ
3347 2029 3739 2101 διηγούμενοι·

2132 2123 2284 2187 ὅπως
2313 2125 2493 2177 ἐκεῖσε
2518 2121 2820 2187 καταστὰς,
2850 2122 2912 2175 ού
2949 2122 3085 2193 πρὸς
3119 2122 3219 2176 ἕνα
3246 2122 3411 2191 λόγον
3442 2120 3741 2193 ὑποσχεῖν,

2135 2218 2272 2273 ἀλλὰ
2302 2218 2441 2291 πρὸς
2486 2217 2736 2282 ἅπαντας
2765 2218 2894 2283 τοὺς
2923 2218 2983 2270 ὲν
3015 2217 3329 2290 ἀνθρώποις
3362 2218 3623 2288 λογίους.
3668 2221 3743 2271 sf-

2136 2326 2243 2380 περ
2281 2311 2557 2381 Ἀθηναῖοι
2614 2311 2714 2382 μὲν
2773 2311 2898 2364 τότε
2952 2310 3063 2364 τῶν
3119 2307 3297 2365 ἄλλων
3346 2310 3738 2383 ἀνθρώπων.

2150 2398 2451 2470 Ἀθηναίων
2507 2400 2588 2466 δὲ,
2632 2400 2683 2454 οῖ
2727 2401 2785 2453 ἐν
2827 2400 3173 2473 ’Δρειοπάγῳ
3217 2401 3280 2455 τὸ
3325 2401 3542 2474 κράτος
3574 2397 3743 2473 εἶχον,

2138 2492 2287 2546 οὕτω
2316 2492 2637 2545 κατέσεισεν
2676 2491 2858 2545 αὐτῶν
2884 2494 2999 2557 τοῖς
3023 2493 3205 2563 λόγοις
3238 2493 3340 2559 τὰς
3382 2495 3619 2567 ψυχὰς,
3651 2496 3741 2549 καὶ

2141 2585 2590 2657 μετεσκεύασεν,
2654 2584 2730 2648 ὡς
2796 2584 3030 2651 πολλοὺς
3090 2587 3278 2642 αὐτῶν
3348 2588 3452 2660 τῆς
3523 2588 3741 2643 ἐκείνου

2138 2677 2388 2749 γλώττης
2416 2679 2514 2732 καὶ
2541 2678 2652 2732 τῶν
2683 2677 2947 2749 ῥημάτων
2981 2680 3491 2751 ἐκκρεμασθέντας,
3542 2682 3738 2753 ῥῖψαν-

2139 2785 2240 2831 τας
2274 2767 2526 2832 ἅπαντα,
2573 2766 2664 2820 διὰ
2705 2766 2822 2837 βίου
2866 2767 3072 2832 παντὸς
3116 2769 3254 2838 πρὸς
3285 2769 3387 2841 τὴν
3444 2770 3740 2824 εὐσέσειαν

2144 2858 2626 2930 μεθαρμόσασθαι,
2673 2860 2770 2913 καὶ
2810 2859 3055 2931 μιμητὰς
3097 2861 3334 2932 ὀφθῆναι
3372 2863 3473 2915 τοῦ
3512 2864 3612 2917 διὰ
3648 2863 3744 2933 pti-

2142 2949 2266 3013 θους
2298 2950 2479 3004 αὐτῶν
2512 2952 2633 3015 ταῖς
2682 2949 2885 3022 ψυχαῖς
2918 2952 2989 3006 τὰ
3019 2952 3119 3022 τῆς
3143 2953 3346 3024 ἀρετῆς
3374 2954 3474 3008 καὶ
3502 2957 3608 3026 τῆς
3639 2958 3731 3025 ὀρ-

2143 3041 2244 3113 θῆς
2298 3041 2554 3114 λατρείας
2600 3043 3011 3113 ἐγχαράξαντος
3059 3043 3332 3114 δόγματα.
3361 3046 3513 3118 ’Δρα
3568 3047 3739 3101 ταῦτα

449 3144 698 3213 inquam,
732 3153 787 3197 et
831 3159 938 3197 nou
971 3142 1285 3197 artificium.
1318 3139 1453 3194 Nam
1482 3139 1628 3209 quod
1658 3146 1777 3192 arte
1803 3142 2035 3192 constat,

2144 3108 2238 3190 καὶ
2275 3134 2345 3189 τὰ
2387 3108 2816 3208 τοιαῦτα
2862 3135 3025 3206 λόγου
3070 3108 3175 3191 τού
3219 3108 3608 3212 καθήκοντοςς
3649 3142 3741 3195 καὶ

450 3232 753 3287 humanum
797 3240 882 3287 est
921 3243 978 3286 et
1022 3230 1157 3297 vile;
1187 3229 1331 3300 quod
1373 3243 1403 3283 e
1454 3227 1668 3295 gratia,
1719 3225 1941 3280 caeleste
1987 3233 2041 3279 et

452 3325 839 3395 apostolicum.
882 3323 1119 3394 Operata
1158 3332 1243 3378 cst
1290 3320 1488 3391 gratia,
1522 3327 1577 3374 at
1609 3320 1661 3372 in
1689 3317 1880 3388 primis
1926 3317 2043 3371 haec

452 3426 732 3487 operatur,
761 3428 821 3471 ut
845 3416 979 3471 nihil
1005 3432 1062 3471 se
1089 3414 1360 3470 dedecens
1378 3411 1862 3483 loquanturipsius
1882 3410 2043 3464 mini-

451 3512 573 3567 stri.
608 3510 727 3566 Non
760 3518 845 3566 cst
882 3510 1028 3565 enim
1064 3509 1169 3564 hoc
1215 3506 1603 3572 leviusculum,
1638 3505 1899 3560 inducere
1921 3517 2037 3571 eos,

451 3606 543 3677 qui
572 3614 702 3661 sunt
739 3620 804 3659 ex
839 3604 1090 3674 opposito
1123 3644 1139 3670 ,
1176 3603 1230 3657 in
1268 3618 1492 3658 sensum
1525 3601 1645 3671 ejus
1682 3597 2071 3655 irresistibilis'

455 3698 735 3770 potentia},
761 3713 885 3767 quae
928 3698 979 3750 in
1008 3697 1147 3765 ipsis
1188 3706 1470 3767 operatur.
1507 3681 1723 3749 Alicuhi
1764 3692 1913 3746 enim
1965 3689 2044 3743 ait

455 3778 739 3858 Scriptura
768 3806 781 3842 :
817 3786 1106 3844 «Videntes
1146 3785 1350 3855 Judwi,
1380 3785 1528 3842 Petri
1559 3793 1612 3840 ct
1648 3782 1802 3840 Pauli
1834 3781 2044 3836 auden-

452 3877 640 3933 tianm
696 3876 1052 3938 Quamnam?
1102 3875 1309 3947 Nempe
1340 3877 1395 3930 in
1427 3874 1701 3944 loquendo
1748 3886 1842 3940 per
1875 3884 2041 3939 quam

456 3969 827 4041 impudentem
878 3970 1237 4041 quaestionem
1297 3969 1643 4023 retuderunt.
1699 3967 1838 4035 Quid
1886 3967 2045 4023 tum?

461 4063 559 4117 «Et
580 4072 976 4129 cognoscentes
996 4060 1143 4132 quod
1172 4062 1370 4116 indocti
1397 4071 1575 4125 erant,
1596 4068 1649 4115 et
1668 4060 1858 4127 idiota,
1879 4060 2046 4114 mira-

455 4152 658 4206 bantur
688 4150 788 4207 ⁸³.)
817 4150 1108 4206 Cernimus
1145 4149 1451 4220 piscatores
1487 4149 1757 4214 rhetores,
1785 4156 1840 4204 et
1884 4148 2043 4203 labiis

454 4241 785 4313 sapientiam
831 4239 1171 4311 proferentes
1193 4280 1208 4305 ,
1239 4238 1331 4307 qui
1373 4239 1659 4295 scientiam
1691 4238 1837 4293 haud
1880 4238 2045 4294 habe-

452 4334 588 4390 hant
621 4335 955 4391 litterarum.
984 4332 1125 4400 Quid
1153 4333 1296 4388 hoc?
1320 4334 1463 4388 unde
1498 4332 1606 4388 illis
1649 4333 1849 4389 accidit
1893 4332 2041 4404 quod

2141 3228 2227 3292 τίς
2276 3227 2343 3282 ἂν
2388 3227 2537 3300 αύτῷ
2570 3228 2664 3282 τὸν
2715 3226 2841 3282 νοῦν
2874 3227 3268 3301 βαρϐαρίζοντι
3300 3231 3570 3305 προσεῖχε
3592 3273 3609 3299 ,
3650 3236 3741 3287 καί

2147 3320 2275 3392 μηδ’
2306 3322 2365 3375 ἐν
2394 3319 2588 3407 αύταῖς
2613 3320 2791 3393 ὀρθῶς
2822 3324 2943 3386 ταῖς
2973 3327 3180 3393 φωναῖς
3226 3325 3575 3397 φερομένους
3621 3328 3737 3389 ﬂii);

2143 3414 2188 3487 δ’
2220 3412 2314 3467 οὖν
2342 3411 2378 3467 δι
2407 3412 2543 3484 μηδέ
2573 3412 2754 3481 λέγειν
2779 3412 2914 3485 ᾔδει,
2946 3412 3123 3468 ταῦτα
3154 3418 3375 3486 φρονεῖν
3415 3417 3601 3486 ὀρθῶς
3633 3417 3741 3470 ἕδο-

2144 3506 2235 3573 ξεν
2265 3504 2446 3569 ἄλλοις
2461 3511 2513 3569 ιι,
2580 3500 2713 3575 μήτι
2745 3521 2811 3573 γε
2853 3506 2947 3559 καὶ
2994 3509 3327 3577 συμφρονεῖν
3360 3507 3516 3579 αὐτῷ
3548 3507 3734 3561 πειθο-

2148 3599 2342 3668 μένους
2371 3592 2556 3668 εἶχενν
2582 3613 2597 3661 ;
2638 3596 2800 3649 Ἀλλὰ
2842 3597 3002 3668 χάρις
3027 3596 3233 3651 ἄνωθεν
3263 3599 3492 3671 ἐνήργει
3510 3616 3526 3632 ·
3557 3601 3737 3668 κᾶγω-

2145 3689 2209 3758 γέ
2242 3706 2407 3761 φημι,
2455 3689 2677 3743 πάντων
2715 3689 2974 3759 μάλιστα,
3010 3690 3169 3760 χάρις
3196 3689 3427 3757 ἄνωθεν,
3457 3693 3523 3746 οὐ
3548 3693 3731 3762 τέχνη.

2146 3782 2222 3835 Τὸ
2258 3784 2360 3854 μὲν
2390 3783 2502 3854 γὰρ
2534 3784 2598 3837 ἐκ
2630 3784 2851 3853 τέχνης,
2898 3782 3241 3855 ἀνθρώπινον
3284 3785 3381 3838 καὶ
3421 3786 3645 3839 κοινόνο
3678 3785 3733 3837 τὸ

2143 3874 2200 3929 δὲ
2224 3877 2290 3929 ἐκ
2321 3875 2564 3947 χάριτος,
2585 3875 2847 3946 ὀὐράνιον
2892 3875 2989 3929 καὶ
3024 3875 3134 3929 τῶν
3171 3876 3514 3932 ἀποστόλων.
3560 3878 3731 3950 Χάρις

2145 3968 2404 4040 ἐνήργει·
2444 3968 2563 4023 ἀλλ’
2607 3969 2741 4023 αὑτό
2782 3985 2845 4038 γε
2877 3968 3039 4023 τοῦτο
3080 3969 3299 4038 πρῶτον
3331 3970 3641 4041 ἐνεργοῦσα
3674 3973 3733 4025 τὸ

2150 4060 2317 4130 μηδὲν
2365 4060 2538 4132 αὐτῆς
2590 4060 2813 4127 ἀνάξιον
2861 4061 3199 4130 φθέγγεσθαι
3244 4061 3371 4125 τοὺς
3427 4063 3724 4134 ὑπηρέτας.

2147 4151 2281 4205 Οὐδὲ
2309 4152 2420 4225 γὰρ
2451 4153 2613 4208 τοῦτο
2644 4153 2972 4227 μικρότερον
3000 4154 3215 4222 ἐνάγειν
3244 4155 3370 4218 τοὺς
3401 4155 3727 4223 ἀνθεστηκό-

2146 4261 2247 4308 τας
2293 4244 2372 4308 είς
2413 4245 2770 4315 συναίσθησιν
2815 4246 2917 4317 τῆς
2957 4246 3317 4318 ἐνισχυούσης
3351 4247 3557 4311 αὐτοὺς
3592 4245 3726 4316 ἅμα·

2148 4354 2242 4408 χον
2271 4336 2579 4408 δυνάμεως.
2609 4338 2721 4391 Καὶ
2761 4336 2870 4409 γάρ
2907 4337 3014 4392 πού
3049 4356 3208 4410 φησι,
3244 4358 3261 4390 ι
3298 4338 3643 4410 Θεωροῦντες
3673 4340 3725 4391 δὲ

456 4430 755 4485 humanam
794 4428 1095 4485 excedebat
1126 4426 1546 4483 conditionem?
1584 4443 1753 4481 unum
1784 4429 1992 4483 scimus
2025 4445 2035 4480 :

2146 4431 2195 4483 οί
2235 4428 2477 4484 Ἰουδαῖοι
2525 4430 2625 4501 τὴν
2654 4429 2748 4483 τοῦ
2797 4429 3009 4502 Πέτρου
3058 4430 3373 4504 παρρησίαν
3416 4430 3515 4484 καὶ
3556 4431 3724 4517 Ἰωαν-

458 4542 480 4575 ι
509 4522 663 4591 Quod
697 4538 820 4578 cum
848 4520 976 4577 Jesu
1007 4520 1280 4575 fuerant»
1318 4518 1480 4575 Vides
1520 4528 1580 4575 ut
1626 4520 1679 4574 in
1714 4520 2038 4575 admiratio—

452 4616 578 4672 nem
613 4630 725 4670 non
773 4615 958 4669 minus
994 4629 1158 4685 (ruam
1208 4620 1422 4683 patrata
1452 4612 1506 4667 in
1544 4614 1828 4684 procinctu
1869 4614 2042 4669 mira-

451 4708 598 4777 cula,
626 4710 794 4764 etiam
849 4706 1126 4765 sermonis
1175 4706 1258 4763 vis
1297 4714 1353 4763 et
1395 4705 1627 4763 facultas
1654 4707 1846 4763 hostes
1887 4708 2043 4764 exci-

452 4796 628 4865 tavit;
678 4807 733 4851 et
778 4796 939 4869 modo
976 4796 1182 4850 vellent
1216 4794 1535 4851 adhibuisse
1568 4809 1903 4850 consensum
1931 4836 1947 4861 ,
1983 4797 2039 4850 in

451 4888 702 4945 veritatis
747 4886 1070 4943 adduxisset
1116 4886 1515 4957 cognitionem.
1562 4884 1669 4941 Sed
1717 4894 1774 4940 et
1822 4885 2042 4940 aliunde

454 4979 758 5051 perspicias
807 4978 936 5035 licet
980 4979 1032 5033 in
1067 4988 1337 5048 quantum
1377 4977 1593 5032 dicendi
1636 4991 1830 5033 eorum
1873 4976 2048 5032 facul-

456 5082 623 5125 tatem
675 5072 1016 5138 metuerint,
1049 5071 1315 5127 indictum
1368 5070 1502 5142 ipsis
1548 5079 1669 5126 erat
1716 5083 1786 5126 ne
1819 5070 2047 5125 omnino

454 5161 837 5232 praedicarent.
869 5163 1010 5230 Quid
1057 5165 1209 5220 dices
1240 5165 1363 5219 hic?
1393 5166 1476 5219 An
1503 5165 1548 5220 si
1583 5165 1835 5221 indoctus
1856 5164 1942 5220 vel
1971 5164 2048 5221 la-

454 5255 547 5311 bia
582 5260 817 5313 moverit
860 5258 960 5313 tibi
1002 5257 1187 5313 statim
1225 5257 1400 5329 gloria
1447 5258 1708 5326 concidit,
1746 5267 1803 5313 et
1848 5258 2046 5329 dogma

530 5395 576 5438 ³³
606 5396 726 5452 Act.
758 5412 833 5464 tv,
865 5397 953 5461 f3.

2151 4539 2269 4575 νου.
2299 4540 2318 4573 ›
2351 4521 2517 4576 Ποίαν
2536 4562 2552 4586 ,
2583 4521 2741 4595 ῆτὴν
2772 4524 2831 4576 ἐν
2864 4522 3048 4593 λόγοις
3068 4522 3422 4594 δηλονότι,δι’
3452 4518 3530 4577 ὧν
3552 4524 3723 4585 αὐτοῖς

2148 4614 2241 4668 καὶ
2260 4615 2359 4685 τὴν
2380 4614 2734 4686 ἀναίσχυντον
2754 4616 3033 4688 ἐρώτησιν
3056 4616 3455 4689 ἐπεστόμισαν;
3496 4614 3721 4684 Εἷτατίς

2154 4723 2173 4756 ι
2206 4706 2316 4759 Καὶ
2348 4706 2787 4777 καταλαϐόμενοι
2819 4709 2902 4762 ὃτι
2931 4700 3212 4781 ἄνθρωποι
3242 4710 3601 4783 ἀγράμματοί
3628 4712 3724 4764 εἱσι

2147 4798 2244 4851 καὶ
2285 4797 2518 4865 ἰδιῶται,
2546 4798 2880 4871 ἐθαύμαζον.
2919 4820 2938 4854 ›
2977 4800 3176 4865 Ἀλιεῖς
3210 4802 3427 4874 ὁρῶμεν
3455 4803 3610 4873 ἄφνω
3635 4803 3723 4874 βῆ-

2147 4906 2312 4961 τορας
2342 4892 2712 4963 γραμμάτων,
2745 4893 2945 4965 τέχνην
2976 4896 3079 4949 ούκ
3108 4894 3366 4967 ἔχοντας,
3415 4898 3511 4950 καὶ
3545 4896 3722 4966 σοφίαν

2144 4984 2374 5053 χειλέων
2404 4986 2761 5057 προχέοντας.
2790 4987 2856 5040 Τί
2886 4987 3076 5055 τοῦτος
3103 4989 3277 5044 Πόθεν
3299 4991 3481 5055 αὐτοῖς
3505 4991 3574 5045 τὰ
3598 4989 3722 5057 ὑπὲρ

2144 5076 2432 5148 ἄνθρωπον
2466 5079 2877 5151 παραγέγονεν;
2915 5078 3015 5134 Ἐν
3043 5082 3226 5151 ἴσμεν,
3251 5099 3269 5133 ι
3302 5082 3426 5135 Ὅτι
3449 5082 3529 5153 τῷ
3561 5080 3719 5153 Ἰησοῦ

2147 5169 2408 5239 συνῆσαν.
2445 5190 2464 5222 ι
2510 5170 2674 5243 Ὁρᾷς
2702 5172 2853 5235 ὅπως
2888 5172 2971 5235 εἰς
3018 5171 3203 5244 θαῦμα
3235 5173 3365 5237 τοὺς
3395 5175 3625 5245 ἐχθροὺς
3645 5175 3722 5226 ού-

2145 5261 2234 5314 δέν
2282 5264 2506 5319 ἔλαττον
2540 5264 2634 5319 τοῦ
2682 5263 2837 5339 παρὰ
2888 5265 3059 5331 πόδας
3096 5265 3720 5341 τερατουργηθέντοςιίι

1762 5544 1996 5605 ὙΑΒΙᾹῧ
2034 5548 2443 5611 LECTIONES.

566 5690 938 5776 ίτσξεμῦτόνο
969 5772 992 5776 _
1037 5688 1302 5776 ξὲσκιεξξ·
1583 5689 1804 5767 ἔσχησε.
1923 5696 1941 5731 ί
1974 5692 2354 5769 λογικώτεροι.
2397 5698 2459 5758 C.
2492 5698 2564 5775 Μ,
2622 5700 2751 5775 legit
2804 5705 2950 5776 quod
2991 5712 3078 5761 est
3098 5700 3151 5760 in
3180 5710 3355 5761 textu.
3465 5700 3719 5760 ιιᾶλλυύςο

454 5758 523 5819 C.
551 5760 622 5817 Μ.
653 5762 857 5828 ἄλλοις.
968 5772 992 5806 ν
1036 5757 1203 5833 ἔχειν’.
1232 5761 1295 5819 C.
1332 5760 1404 5818 Μ.
1437 5757 1604 5834 εἶχεν.
