3880 6206
182 284 301 352 581

1186 294 1286 354 AD
1311 292 1906 355 AMPHILOCHIUM
1953 293 2301 389 QUIESTIO
2342 293 2522 355 XCII.

3359 291 3465 355 582

182 401 312 457 τῶν
338 401 516 471 λόγων
548 401 703 474 ἰσχὺς
740 402 1059 469 ἐξεκαλεῖτο
1086 444 1101 470 ,
1132 407 1230 461 καὶ
1279 407 1417 479 πρὸς
1466 408 1785 477 ἐπίγνωσιν,

1908 409 2029 464 ιᾱρο
2056 408 2343 479 antiquum
2372 424 2402 463 a
2436 409 2596 479 longe
2627 407 2847 462 obtenta
2880 412 3170 477 potestate,
3207 419 3303 476 per
3324 405 3459 459 idio~

184 493 360 565 εἴπερ
401 494 615 565 ἤθελον,
658 495 758 565 τῆς
784 496 1045 568 ἀληθείας
1088 498 1472 567 προεϐίϐαζεν.
1507 499 1650 570 Ὅρα
1688 502 1784 553 καὶ

197 586 483 657 ἑτέρωθεν
516 589 594 652 εἰς
621 588 745 642 ὅσον
772 590 953 643 αὐτῶν
978 590 1249 645 ἐδεδίεσαν
1280 592 1341 645 τὸ
1369 594 1426 645 ἐν
1454 591 1633 660 λόγοις
1657 592 1783 662 κρά-

188 694 319 741 τος.
342 678 728 749 Παρήγγειλαν
748 682 933 746 αὐτοῖς
957 683 1015 735 τὸ
1029 683 1152 736 καθ’
1173 683 1297 738 ὅλου
1322 684 1397 755 μὴ
1423 682 1781 753 φθέγγεσθαι.

199 769 279 823 Τί
311 770 524 840 λέγεις;
561 773 657 827 ’Ἂν
691 774 854 844 μόνον
897 774 1049 846 χείλη
1080 777 1109 828 6
1141 776 1506 848 ἀγράμματος
1550 777 1782 847 κινήσῃ,
1838 802 1843 807 ο

191 860 408 915 αὐτίκα
442 880 523 916 σοι
576 864 913 934 μεταπίπτει
949 868 1018 921 τὰ
1054 869 1156 939 τῆς
1200 867 1379 939 δόξης,
1410 868 1505 921 καὶ
1554 867 1785 921 παλαιὸν

187 950 350 1006 οὕτω
389 950 566 1024 δόγμα
609 953 709 1025 τῆς
762 959 979 1029 μακρᾶς
1035 959 1393 1030 ἐπικρατείας
1427 959 1784 1027 ὑπεξίσταται

187 1044 279 1115 τῷ
332 1046 516 1117 ἰδιώτῃ
564 1044 743 1120 λόγῳ·
785 1050 881 1104 καί⁵
926 1051 1247 1122 μεθίσταται
1294 1049 1425 1118 λαὸς
1474 1053 1613 1124 πρὸς
1660 1052 1785 1107 νέαν

188 1132 474 1206 γλῶτταν,
504 1142 533 1194 6
561 1136 881 1206 Μωσαῖκοῖς
918 1143 1141 1214 θεσμοῖς
1171 1144 1612 1218 ἐντεθραμμένος
1631 1185 1647 1212 ,
1687 1138 1786 1199 καὶ

191 1224 307 1303 ζῇν
347 1231 443 1286 καὶ
474 1234 730 1305 θνήσκειν
758 1236 895 1305 πρὸς
934 1236 1035 1308 τὴν
1064 1237 1292 1291 ἐκείνων
1321 1237 1655 1310 ἀρχαιότητα
1689 1255 1788 1292 κε-

191 1324 569 1396 κροτημένος.
591 1325 722 1391 Ναὶ,
757 1328 955 1399 φησιν’
988 1328 1049 1381 ού
1082 1329 1192 1400 γάρ
1217 1330 1463 1384 ἰδιωτικὰ
1486 1329 1515 1383 ὁ
1546 1326 1787 1401 ἰδιώτης,

191 1414 346 1470 ἀλλά
379 1416 575 1485 σοφίας
606 1419 830 1489 ῥήματα
862 1420 1160 1490 φθέγγεται
1182 1438 1197 1453 ·
1235 1418 1345 1477 οὐδ’
1368 1422 1446 1487 ὡς
1484 1424 1788 1496 ἀγράμμα-

191 1517 319 1570 τος,
352 1506 627 1580 βάρϐαρα,
659 1511 774 1564 ἀλλ’
800 1508 877 1575 ὡς
904 1511 989 1566 διὰ
1022 1513 1204 1583 πάσης
1232 1513 1429 1586 τέχνης
1461 1516 1664 1580 ἐλάσας
1692 1533 1789 1570 κε-

193 1598 562 1669 χαριτωμένα
592 1600 688 1654 καὶ
717 1599 959 1673 εὖσημα·
980 1602 1097 1657 ἐστι
1120 1621 1205 1667 τις
1229 1603 1409 1659 αὐτῶν
1436 1606 1788 1680 ἐγκαθημένη

191 1688 319 1750 ’τοῖς
366 1687 604 1759 χείλεσιν
641 1688 883 1760 ἔμφυτος
930 1688 1104 1746 πειθὼ
1129 1733 1144 1759 ,
1179 1691 1247 1746 δι’
1292 1688 1361 1766 ἦς
1395 1693 1490 1750 καὶ
1541 1696 1790 1768 ρητόρων

196 1776 361 1848 ἔθνη,
408 1779 505 1832 καὶ
550 1779 781 1835 ἰδιωτῶν
826 1782 1045 1852 ἀγέλαι,
1091 1785 1281 1858 ὥσπερ
1324 1786 1542 1857 δεσμοῖς
1574 1787 1796 1853 ἀλύτοις

192 1867 451 1937 δεθέντα,
485 1872 622 1941 πρὸς
665 1871 728 1926 τὸ
750 1870 1169 1947 ’κηρυττόμενον
1206 1878 1392 1941 αὐτοῖς
1423 1879 1666 1933 ἕλκεται.
1698 1880 1799 1935 Διὰ

197 1960 370 2015 ’τοῦτο
414 1959 754 2033 φθέγγεσθαι
782 1966 1001 2031 κωλύω,
1031 1968 1114 2022 ὅτι
1160 1970 1402 2040 ῥήμασιν
1434 1969 1635 2039 ὀλίγοις
1664 1970 1799 2026 πολ-

197 2052 337 2119 λοὺς
365 2056 606 2125 ἀφέντας
634 2057 705 2111 τὰ
736 2052 964 2131 πάτρια,
1004 2060 1236 2126 ἐκείνοις
1255 2072 1281 2104 κ
1320 2063 1433 2134 ὁρῶ
1465 2065 1798 2137 προσχωρή-

205 2164 442 2213 σαντας,
477 2150 559 2204 ὅτι
595 2152 694 2223 μιᾷ
726 2152 988 2217 πολλάκις
1013 2154 1226 2226 ὁμιλίᾳ,
1257 2156 1506 2220 καὶτοὺς
1540 2152 1639 2211 σὺν
1666 2156 1799 2229 ἡμῖν

203 2239 476 2295 ἑκάστοτε
502 2245 623 2296 κατ’
659 2245 843 2303 αὐτῶν
872 2244 1197 2318 ἱσταμένους
1231 2248 1325 2300 καὶ
1352 2247 1801 2319 πολεμιωτάτους

204 2328 397 2397 ὂντας,
430 2331 526 2385 νῦν
574 2333 832 2406 ὑπηκόων
876 2335 1001 2406 ἔχει.
1022 2336 1115 2390 καὶ
1148 2332 1409 2409 μαθητῶν
1441 2339 1800 2410 εὐγνωμόνων

203 2424 389 2491 τάξις.
424 2426 597 2480 Τοῦτό
638 2444 706 2498 με
738 2429 898 2501 σιγᾷν
940 2429 1138 2494 αὐτοὺς
1167 2432 1481 2487 ἐπιτάττειν
1517 2433 1802 2505 περιίστη-

210 2530 302 2571 σιν
340 2519 424 2581 εἰς
450 2519 733 2589 ἀνάγκην
776 2518 867 2574 διὰ
898 2521 1058 2590 τούτο
1101 2523 1238 2594 μηδέ
1274 2524 1449 2595 στόμα
1486 2524 1663 2596 αῐρειν
1698 2522 1800 2579 ούκ

206 2607 519 2680 ἐπιτρέπω,
558 2611 646 2666 διὰ
672 2610 772 2683 τὴν
805 2613 863 2666 ἐν
906 2613 1087 2683 λόγοις
1121 2616 1459 2688 παρρησίαν,
1496 2618 1595 2687 τὴν
1623 2620 1798 2689 ἰσχὺν,

206 2700 311 2773 τὴν
347 2703 583 2773 ἔμφυτον
612 2703 997 2776 πειθανότητα.
1031 2706 1169 2767 Ἴδες
1198 2708 1327 2769 τοὺς
1365 2708 1654 2773 Ἰουδαίους
1679 2704 1802 2763 ὅσον

207 2794 237 2848 6
264 2794 593 2860 διδάσκαλος
624 2795 736 2850 τῶν
764 2797 1079 2851 ἀποστόλων
1109 2797 1267 2868 λόγος
1303 2800 1675 2872 ὑποπτήσσειν
1708 2804 1803 2858 καὶ

210 2887 677 2959 καταπεπλῆχθαι
737 2891 1169 2959 παρεσκεύαζε·
1218 2892 1395 2947 καίτοι
1451 2888 1652 2967 Παύλῳ
1699 2914 1800 2949 πει

211 2980 539 3051 ρισσότερον
564 2983 597 3053 ή
628 2982 853 3053 τοιαύτη
880 2986 1295 3057 περιήστραπτε
1329 2986 1510 3058 χάρις.
1534 2987 1722 3042 Βούλει
1744 2988 1801 3043 δέ

214 3080 304 3123 σοι
336 3069 430 3124 τὸν
456 3072 756 3141 κορυφαῖον
780 3071 1037 3142 καλῶμεν
1071 3075 1326 3146 μάρτυρα
1350 3076 1452 3147 τῆς
1473 3077 1701 3149 ἐνούσης
1724 3077 1802 3149 τῷ

213 3163 375 3235 ἀνδρί
424 3165 653 3234 σοφίας;
710 3183 729 3218 ι
759 3167 996 3234 Καθὼς,
1044 3170 1232 3239 φησὶν,
1286 3170 1316 3223 6
1365 3169 1601 3241 ἁδελφὸς
1642 3174 1802 3246 ὴμῶν

214 3256 435 3322 Παῦλος
486 3259 633 3313 κατά
662 3260 761 3332 τὴν
797 3262 1045 3315 δοθεῖσαν
1085 3261 1234 3335 αὐτῷ
1264 3266 1459 3335 σοφίαν
1505 3265 1744 3338 ἔγραψε⁸
1775 3286 1794 3320 ι

213 3349 392 3421 δῶρον
444 3351 589 3407 θεῖον
627 3350 727 3426 τὴν
776 3354 990 3407 Παύλου
1021 3356 1215 3424 σοφίαν
1242 3357 1337 3409 καὶ
1368 3356 1525 3421 εἰδὼς
1560 3359 1657 3411 καί
1688 3355 1805 3412 δια-

221 3444 658 3516 μαρτυρόμενος.
690 3442 845 3511 Εἶτα,
881 3446 976 3501 καὶ
1021 3444 1083 3501 τὸ
1126 3448 1267 3519 βαθὺ
1318 3451 1415 3505 καί
1456 3453 1659 3505 πυκνὸν
1695 3452 1804 3506 τῶν

216 3537 626 3608 γεγραμμένων
672 3534 785 3591 οἷον
835 3538 1183 3603 ἀποθειάζων
1236 3541 1331 3594 καὶ
1379 3537 1801 3613 ἐξυμνούμενος,

226 3644 245 3679 ι
276 3625 372 3680 Ἐν
400 3624 479 3691 οἷς
511 3628 649 3696 ἐστι,
672 3629 828 3700 φησὶ,
850 3628 1121 3701 δυσνόητά
1143 3647 1318 3699 τινα.»
1341 3628 1575 3684 Ὠσανεί⁶
1605 3628 1805 3697 Φρενὸς

218 3719 402 3784 ὀξείας
434 3720 627 3786 δεῖται,
677 3721 852 3793 ῥοπῆς
901 3721 1076 3786 θείας,
1129 3723 1312 3791 σοφῶν
1360 3722 1640 3793 μαθητῶν,
1685 3736 1808 3775 συν-

220 3811 393 3866 έσεως
426 3810 718 3882 σταθερᾶς,
751 3815 778 3866 6
805 3812 916 3865 τῶν
948 3814 1296 3884 γραμμάτων
1331 3815 1543 3870 Παύλου
1578 3810 1803 3886 θεωρός.

222 3903 319 3956 Διὰ
343 3904 502 3958 τοῦτο
526 3906 575 3958 οἰ
606 3906 841 3976 ἀμαθεῖς
863 3908 959 3961 καὶ
988 3909 1332 3980 ἀστήρικτοι,
1366 3909 1504 3983 πρὸς
1525 3910 1602 3981 τῷ
1635 3910 1806 3981 μηδὲν

222 3994 529 4065 κερδαίνειν
572 3999 667 4051 καὶ
712 4000 856 4067 σφᾶς
902 3999 1102 4063 αὐτοὺς
1146 4001 1586 4070 διασφάλλοντες,
1642 4020 1809 4073 προσ-

224 4080 576 4161 απόλλυνται.
612 4091 758 4144 Εἰδέ
791 4092 888 4145 καὶ
913 4093 1195 4161 γλωσσῶν,
1238 4096 1267 4148 6
1292 4094 1522 4162 Παῦλος,
1560 4090 1650 4160 αἷς
1681 4096 1806 4166 μηδ’
1859 4116 1865 4121 ·

224 4176 525 4250 ἐνείθιστο,
567 4183 690 4255 μηδ’
721 4182 801 4247 εἰς
830 4179 1001 4256 ἀκοῆς
1037 4186 1235 4255 ἀφῖκτο
1267 4189 1482 4259 πεῖραν,
1516 4188 1617 4259 τὴν
1646 4188 1808 4260 χάριν

225 4273 512 4330 ἐπλούτει’
560 4277 665 4330 κάν
712 4277 963 4344 ταύταις,
1012 4279 1209 4333 οὐδενί-
1235 4280 1345 4334 τῶν
1389 4283 1677 4352 πρωτείων
1721 4283 1808 4349 ἐξ-

229 4361 449 4423 ίστατοο
485 4386 505 4420 ι
546 4369 869 4441 Εὐχάριστῶ
904 4370 1014 4442 γὰρ
1044 4371 1123 4443 τῷ
1151 4372 1270 4444 Θεῷ
1303 4392 1428 4444 μου,
1477 4376 1642 4447 φησὶ,
1676 4378 1811 4431 πάν-

225 4477 334 4517 των
365 4462 570 4532 μᾶλλον
608 4461 884 4531 γλώσσαις
908 4458 1086 4518 λαλῶν
1110 4481 1126 4496 ο
1156 4483 1175 4517 ι
1228 4467 1278 4518 εἰ
1321 4462 1502 4521 τοίνυν
1548 4470 1652 4521 κάν
1693 4472 1805 4532 τοῖς
1842 4505 1886 4561 D

227 4552 483 4623 ἐκφύλοις
527 4555 804 4624 γλώσσαις
834 4556 1048 4627 ἄμαχον
1086 4548 1200 4627 εἶχε
1226 4556 1288 4609 τὸ
1330 4560 1551 4629 κράτος,
1587 4560 1686 4628 τῆς
1713 4562 1807 4615 τοῦ

227 4646 545 4716 Πνεύματος
562 4645 726 4701 αὐτὸν
744 4642 1071 4718 σοφιζούσης
1089 4647 1332 4713 ἐπινοίας
1348 4648 1397 4712 Y,
1426 4651 1545 4714 πῶς
1561 4650 1630 4705 ἂν
1647 4644 1812 4705 αὑτὸν

229 4737 564 4812 διαφθείρειν
592 4734 750 4811 λόγος
775 4742 871 4795 καὶ
912 4741 1034 4795 τότε
1081 4736 1250 4796 οὖσαν
1276 4742 1442 4797 ἐθάδα
1463 4742 1672 4812 δέξαιτο
1713 4746 1815 4818 τὴν

239 4830 496 4885 Ἐλλάδαδ
531 4834 626 4888 καὶ
657 4833 727 4888 δι’
757 4826 833 4887 ὧν
871 4830 1115 4897 πολλοὺς
1143 4832 1369 4905 ἔμελλον
1414 4837 1495 4899 εἰς
1533 4836 1815 4890 εὐσέϐειαν

232 4922 505 4995 αἰρήσειν,
555 4926 614 4980 ἐν
655 4918 885 4990 ταύταις
935 4925 997 4979 τὸ
1034 4924 1310 4998 ἀριστεῖον
1339 4926 1516 4998 ἔχειν·
1561 4920 1630 4982 δι’
1660 4918 1729 4999 ἦς
1759 4928 1819 4982 δὲ

235 5016 418 5086 σχεδὸν
483 5010 733 5082 ἅπαντας
801 5016 1125 5091 ἀνθρώπους
1152 5060 1168 5085 ,
1228 5020 1287 5072 ἐν
1341 5019 1518 5094 ταύτῃ
1581 5014 1818 5089 γέλωτος

236 5109 413 5163 αἰτίαν
439 5112 535 5165 καί
559 5112 759 5183 χλεύης
790 5109 1087 5186 παρέχειν;
1127 5111 1221 5166 καὶ
1254 5099 1362 5183 μὴν
1397 5113 1494 5183 οὐχ
1531 5112 1704 5177 οὕτως
1731 5113 1819 5167 εύ-

239 5199 401 5270 χερὴς
430 5204 509 5264 εἰς
538 5201 751 5272 λόγους,
783 5203 905 5258 ούδέ
947 5206 1062 5267 τοῖς
1103 5203 1317 5275 ἐχθροῖς
1351 5202 1656 5274 ἐνομίζετο,
1698 5204 1735 5258 6.
1762 5204 1820 5258 δέ

240 5292 349 5356 τοῖς
382 5291 596 5364 ἐχθροῖς
647 5295 726 5359 εἰς
757 5293 978 5349 ἔπαινον
1014 5294 1117 5366 ὁρᾷ
1154 5293 1488 5366 μαρτυρίας,
1524 5292 1626 5347 ούκ
1664 5293 1814 5349 ἔστιν

315 5446 360 5505 ιι
386 5449 451 5507 ιι.
477 5452 626 5510 Petr.
652 5467 737 5511 ιιι.
780 5451 869 5509 ts.
945 5432 1153 5508 unam.
1195 5451 1285 5527 te.
1348 5451 1464 5508 u1.
1504 5449 1633 5506 Cor.
1662 5464 1778 5515 XIV,
1813 5449 1900 5504 ts.

1889 508 1958 553 ta:
1999 514 2307 553 sermonem
2348 500 2702 554 deturbatur?
2741 508 2797 553 et
2827 499 3062 569 p0pulus
3087 497 3344 555 Mosaicis
3377 498 3462 551 in.

1892 591 2097 645 stitutis
2137 590 2436 647 innutritus
2460 632 2476 657 ,
2515 592 2722 661 quique
2753 591 2935 646 vivere
2978 600 3033 646 et
3072 590 3212 663 mori
3256 606 3468 658 secun-

1892 682 2021 736 dum
2073 698 2264 737 eorum
2310 684 2691 754 antiquitatem
2739 683 3116 754 gloriabatur,
3159 684 3226 740 ad
3270 698 3467 738 novam

1890 772 2133 843 linguam
2193 774 2507 846 transfugit.
2580 758 2867 831 Omnino:
2917 790 3026 831 non
3084 777 3231 832 enim
3296 776 3466 831 idiota

1894 861 2113 919 idiotice
2152 864 2426 936 loquitur,
2465 867 2558 923 sed
2592 867 2876 937 sapientire
2902 868 3113 933 ‘verba;
3160 884 3260 923 nec
3294 875 3356 922 ut
3400 868 3472 921 il-

1892 956 2404 1015 literatusbarbarc
2437 961 2700 1032 loquitur,
2748 961 2841 1015 sed
2880 970 2934 1015 ut
2986 962 3079 1031 qui
3131 977 3227 1030 per
3274 976 3470 1016 mnan

1892 1058 2038 1104 artes
2078 1051 2298 1118 meavit,
2334 1054 2577 1121 gratioso
2611 1062 2665 1108 et
2698 1053 2843 1107 facili
2876 1049 3147 1108 intellecto
3181 1072 3195 1109 :
3231 1067 3469 1123 quorum

1895 1138 2064 1196 labris
2106 1142 2305 1197 insidet
2344 1146 2612 1199 naturalis
2645 1142 3103 1216 quatdamﬁstet‘o
3137 1148 3253 1215 (aut
3287 1162 3474 1201 suam:

1894 1229 2149 1301 medulla)
2175 1240 2230 1286 et
2260 1232 2543 1287 rhetorum
2574 1244 2783 1302 gentes,
2828 1247 2893 1285 ac
2929 1232 3224 1287 idiotarum
3259 1249 3472 1305 greges.

1894 1324 2128 1380 vinculis
2175 1323 2329 1380 velut
2370 1325 2756 1381 insolubilibus
2819 1326 3145 1390 constricti,
3190 1325 3258 1379 ad
3315 1326 3473 1389 illud,

1895 1414 2044 1487 quod
2072 1415 2206 1487 ipsis
2233 1417 2612 1483 aununtiatur,
2635 1418 2948 1472 trahuntur.
2970 1417 3051 1471 0h
3072 1418 3174 1472 hoc
3202 1418 3368 1487 igitur
3386 1417 3473 1472 di-

1896 1522 2021 1563 cere
2072 1524 2196 1563 eum
2236 1508 2538 1580 prohibeo,
2576 1509 2722 1579 quod
2753 1510 3106 1580 paucissimis
3134 1511 3345 1575 verbis,
3384 1522 3478 1565 re-

1897 1598 2044 1655 lictis
2077 1601 2273 1671 patriis
2301 1602 2545 1657 tnoribus
2591 1602 2796 1657 multos
2832 1602 2992 1665 video
3026 1600 3092 1655 ad
3123 1616 3218 1656 eos
3256 1616 3314 1656 se
3339 1616 3479 1656 con-

1900 1687 2078 1756 ferre,
2123 1692 2198 1747 ita
2239 1703 2299 1748 ut
2336 1694 2500 1749 unico
2541 1692 2814 1747 interdum
2850 1709 3185 1764 congressu,
3231 1694 3481 1748 subdito-

1828 1778 1872 1839 B
1902 1801 2023 1841 rum
2057 1786 2237 1842 locum
2288 1797 2341 1842 et
2374 1787 2770 1857 discipulorum
2815 1789 3147 1859 eptimorum
3195 1788 3478 1858 impleant,

1902 1878 1996 1950 qui
2039 1876 2379 1934 infestissimi
2423 1881 2577 1949 prius
2634 1879 2784 1950 ipsos
2841 1880 3300 1935 circumstabant.
3354 1878 3481 1936 llaec

1901 1984 1990 2024 me
2026 1970 2353 2025 necessitate
2392 1985 2456 2025 eo
2487 1970 2756 2038 adigunt,
2798 1980 2857 2025 ut
2897 1972 3174 2026 silentium
3211 1970 3342 2041 ipsis
3373 1973 3480 2026 im-

1902 2076 2102 2133 ponam
2143 2078 2158 2115 :
2196 2077 2257 2116 ea
2290 2072 2510 2133 propter
2556 2079 2665 2117 nou
2698 2064 2987 2133 permitto,
3029 2065 3111 2117 vel
3152 2079 3215 2117 os
3242 2064 3479 2134 aperire,

1902 2151 2029 2221 quia
2063 2151 2169 2205 vim
2199 2150 2412 2205 dicendi
2445 2152 2667 2206 liberam
2696 2193 2708 2219 ,
2745 2161 2799 2207 et
2846 2155 3073 2225 gratiam
3117 2153 3478 2223 persuadendi

1903 2238 2262 2294 inhaerentem
2314 2239 2569 2295 habeant.
2613 2232 2776 2295 Vides
2802 2250 3069 2310 quantum
3115 2242 3481 2298 didascalicus

1915 2331 2288 2401 apostolorum
2324 2347 2503 2385 sermo
2527 2331 2745 2387 Judteos
2786 2341 2993 2387 terrore.
3031 2342 3085 2387 et
3118 2344 3263 2387 metu
3299 2333 3482 2404 reple-

1910 2422 2090 2487 verit,
2127 2421 2219 2492 qui
2262 2431 2442 2477 tamcn
2476 2421 2702 2477 Paulum
2744 2423 3116 2478 abundantius
3157 2424 3483 2479 circumlui-

1906 2516 2086 2585 gebat.
2113 2512 2293 2570 Unum
2322 2515 2429 2570 huc
2450 2524 2640 2569 testem
2665 2515 2884 2570 citatum
2903 2516 3091 2571 sistam
3113 2517 3482 2588 coryphaeum,

1907 2604 2193 2675 sapientiae
2234 2621 2357 2676 quae
2385 2604 2556 2661 Paulo
2588 2607 2781 2662 inerat.
2818 2626 2836 2661 ‹
2873 2606 3366 2675 Quemadmodum,
3401 2609 3484 2664 in-

1908 2697 2027 2761 quit
2059 2694 2254 2753 Petrus
2280 2738 2296 2764 ,
2334 2698 2503 2753 frater
2536 2707 2723 2754 noster
2750 2698 2953 2755 Paulus
2985 2741 3000 2767 ,
3028 2700 3185 2771 juxta
3212 2700 3316 2771 ipsi
3349 2716 3486 2755 cou-

1906 2804 2117 2846 ccssam
2162 2791 2524 2862 sapientiam,
2553 2786 2852 2861 scripsit“.
2903 2793 2968 2848 Et
3007 2794 3197 2861 scivit,
3235 2804 3289 2850 et
3319 2810 3488 2865 agno-

1907 2881 1986 2935 vit
2049 2883 2374 2953 sapientiam
2437 2880 2626 2950 Pauli,
2692 2883 2785 2938 Dei
2847 2883 3016 2939 fuisse
3071 2886 3295 2940 donum.
3344 2884 3485 2939 Tum

1911 2974 2079 3031 veluti
2114 2978 2473 3041 canonizans,
2504 2986 2558 3031 et
2591 2977 2738 3032 omni
2772 2978 3046 3046 prtecouio
3074 2976 3324 3044 eﬂ‘ereus,
3359 2993 3488 3048 pro-

1912 3067 2238 3123 funditatem
2272 3081 2327 3125 et
2360 3069 2688 3124 densitatem
2722 3072 2897 3140 ipsius
2930 3085 3269 3136 sermonum,
3302 3071 3486 3125 addit:

1829 3139 1877 3200 (ἶ
1916 3161 2002 3215 «In
2028 3162 2227 3232 quibus
2250 3173 2379 3217 sunt
2402 3164 2648 3233 quaedam
2679 3139 2820 3219 haud
2848 3164 3008 3219 facile
3031 3164 3482 3233 intelligenda".i

1910 3253 2076 3320 Quasi
2110 3256 2360 3318 diceret,
2403 3256 2590 3309 animo
2629 3270 2767 3325 opus
2816 3263 2900 3309 est
2937 3255 3098 3309 celeri
3137 3252 3490 3309 inclinatione

1910 3347 2115 3413 divina,
2152 3348 2435 3418 discipulis
2462 3342 2896 3419 iutelligeutibus
2920 3388 2933 3414 ,
2964 3348 3252 3415 prudentia
3281 3347 3488 3411 stabili,

1910 3433 1954 3495 si
1983 3442 2106 3512 quis
2142 3442 2329 3496 rimari
2360 3457 2420 3497 ea
2450 3442 2616 3508 velit,
2649 3459 2771 3512 qure
2800 3442 3025 3512 scripsit
3063 3441 3288 3498 Paulus.
3342 3441 3492 3510 Quo-

1911 3533 2060 3589 circa
2092 3534 2342 3589 iudoctos
2369 3544 2423 3590 et
2454 3536 2755 3602 instabiles,
2789 3550 2914 3591 cum
2950 3536 3082 3590 nihil
3106 3536 3376 3605 ejusmodi
3401 3552 3492 3589 ac-

1913 3625 2155 3693 quirant,
2192 3625 2402 3696 seipsos
2434 3627 2747 3697 decipiunt,
2781 3638 2835 3683 et
2864 3644 2960 3698 per
2996 3628 3209 3683 ruinam
3237 3637 3491 3699 pereunt.

1917 3718 1973 3771 Si
2005 3718 2317 3787 liuguarutn
2351 3719 2587 3788 requiris
2618 3721 2927 3788 scientiam,
2957 3719 3163 3777 Paulus
3194 3721 3285 3776 illa
3317 3723 3491 3794 gratia

1915 3810 2216 3865 ornabatur
2262 3827 2276 3864 :
2310 3812 2475 3865 etiam
2516 3812 2570 3865 in
2624 3812 2692 3867 iis
2723 3814 2923 3883 quibus
2966 3829 3069 3869 nec
3102 3813 3492 3876 assuefecerut.

1915 3917 2018 3958 nec
2061 3918 2185 3972 qua:
2227 3903 2391 3959 fando
2419 3916 2707 3974 acceperat
2753 3922 2768 3961 :
2809 3906 3093 3974 «Gratias,
3125 3907 3339 3977 inquit,
3384 3907 3494 3962 Deo

1916 4011 2038 4050 meo
2069 4012 2190 4067 ago,
2227 3996 2430 4066 linguis
2460 3998 2632 4069 magis
2660 4000 2917 4054 omnibus
2948 3999 3145 4069 loquor
3169 4000 3283 4054 “.i.
3306 3999 3363 4054 Si
3397 4000 3497 4073 igi-

1917 4097 2234 4144 turtantam
2257 4090 2494 4145 habebat
2519 4091 2830 4146 facultatem
2861 4091 2913 4145 in
2944 4092 3143 4162 linguis
3168 4092 3495 4163 peregrinis,

1916 4182 2043 4236 dum
2062 4179 2297 4251 Spiritus
2315 4182 2497 4236 afﬂatu
2524 4176 2905 4249 instrueretur,
2929 4184 3204 4253 quomodo
3226 4183 3310 4239 vel
3332 4184 3497 4239 ratio-

1917 4274 2172 4331 nabiliter
2196 4277 2421 4345 cegitari
2441 4277 2664 4347 poterit,
2698 4291 2824 4331 eum
2854 4277 3098 4348 linguam
3124 4279 3495 4343 vernaculam,

1916 4384 2041 4439 quae
2085 4367 2270 4425 Graeca
2302 4369 2501 4437 fuerat,
2534 4371 2849 4439 corrupisse
2881 4388 2895 4426 :
2932 4379 2991 4425 ut
3038 4371 3091 4425 in
3123 4372 3325 4443 quibus
3354 4372 3495 4425 haud

1917 4476 2049 4517 sane
2080 4462 2281 4516 multos
2311 4462 2568 4518 inducere
2600 4470 2813 4533 poterat
2833 4463 2898 4517 ad
2930 4463 3207 4534 pietatem,
3243 4463 3314 4517 ibi
3348 4462 3499 4532 prin—

1918 4560 2159 4630 cipatum
2191 4557 2501 4612 obtineret:
2561 4558 2651 4612 ubi
2687 4573 2815 4613 vero
2866 4572 3058 4626 omnes
3082 4557 3194 4613 fere
3248 4557 3499 4612 homines

1922 4655 2263 4713 convertere,
2300 4646 2373 4701 ibi
2408 4646 2554 4702 risus
2601 4654 2655 4701 et
2702 4645 2977 4702 irrisionis
3006 4645 3289 4700 materiem
3344 4646 3502 4700 exhi-

1914 4741 2095 4797 beret.
2125 4738 2382 4804 Omnino,
2434 4753 2505 4793 ne
2528 4739 2745 4806 quidem
2791 4738 2860 4793 ab
2896 4737 3134 4793 inimicis
3185 4737 3304 4792 suis
3355 4736 3502 4792 haud

1920 4833 1995 4887 ita
2041 4846 2293 4888 sermone
2322 4832 2750 4902 contemptibilis
2802 4831 3125 4887 habebatur.
3160 4829 3294 4896 Quae
3319 4839 3502 4885 autem

1922 4925 2195 4996 quispiam
2252 4924 2555 4979 intuebitur
2595 4924 2647 4977 in
2700 4923 2915 4978 laudem
2968 4922 3213 4994 martyrii
3256 4920 3503 4985 tendere,

1923 5030 2033 5070 nou
2065 5024 2149 5071 est
2206 5031 2305 5070 cur
2345 5015 2545 5085 aliquis
2598 5014 2855 5079 declinet,
2910 5014 3038 5069 licet
3100 5028 3331 5083 magnos
3398 5014 3507 5069 sibi

1928 5115 2178 5162 assumat
2226 5106 2473 5175 spiritus,
2500 5117 2553 5161 et
2579 5122 2676 5177 per
2704 5106 2889 5161 omnia
2920 5106 3050 5163 velit
3101 5121 3227 5162 esse
3274 5112 3508 5160 conten-

1935 5200 2113 5254 tiosus
2144 5215 2158 5254 :
2188 5206 2243 5253 et
2290 5198 2381 5254 hic
2424 5214 2609 5256 meum
2646 5199 2768 5253 vide
2820 5198 3197 5255 testimonium
3230 5215 3245 5253 :
3274 5197 3507 5252 Sitichal

1922 5288 2079 5349 Pauli
2110 5292 2433 5365 sanguinem
2464 5288 2776 5350 Judaeorum
2798 5292 2947 5349 natio
2976 5309 2989 5348 :
3032 5292 3122 5350 ille
3161 5290 3366 5348 lumine
3395 5304 3509 5347 coe-

1540 5601 1780 5659 VARIA‘I
1809 5601 2225 5660 LECTIONES-

351 5750 380 5784 ⁸
418 5742 634 5819 ἐκείνῳ.
669 5744 731 5803 C.
763 5745 834 5801 Μ.
869 5742 1120 5809 ἐκείνοις.
1234 5752 1261 5793 γ
1298 5741 1603 5810 ἐπιπνοίας.
1639 5741 1701 5801 C.
1738 5742 1805 5799 Μ.
1841 5743 2105 5805 ἐπινοίας.
