3880 6206
441 319 548 387 583

1595 323 1861 386 PHOTII
1894 322 2404 389 PATRIARCH/E
2439 325 2547 386 (ΣΡ.

3627 318 3724 387 585

440 431 562 488 testi
595 428 955 490 collustratus
989 441 1136 492 totus
1179 434 1511 493 transfertur
1565 438 1631 493 ad
1681 453 1807 493 eum
1854 453 2017 509 quem

2123 438 2275 503 ὅστις
2302 439 2403 493 οὐκ
2434 438 2500 493 ἀν
2531 436 2970 511 ἐκδυσωπηθείη,
3004 437 3108 493 κᾶν
3132 436 3275 509 μέγα
3303 435 3454 490 θέλοι
3480 437 3723 505 φρονεῖν,

438 525 929 596 persequebantur.
960 525 1115 584 Tunc
1151 541 1327 584 autem
1360 528 1629 600 imprimis
1651 538 1706 586 et
1742 530 2019 597 sitiebant,

438 624 495 672 et
536 616 593 671 in
624 618 994 675 voluntarium
1023 620 1385 676 homicidium
1416 623 1870 699 incendebantur,
1893 636 2020 676 cum

440 707 685 780 ipsorum
714 709 1002 783 Synagoga
1039 728 1242 768 vacuas
1294 714 1441 769 illius
1470 714 1779 770 reddiderat
1827 714 2023 786 praidi-

440 801 708 857 cationes.
759 802 935 858 Omne
986 805 1281 860 movebant
1341 807 1826 877 sycophantiarum
1884 807 2023 861 arti-

391 908 405 965 ί
441 893 648 959 licium,
689 908 882 949 omnes
925 894 1211 950 machinas
1262 896 1638 952 admoverant.
1672 898 1787 952 Non
1822 898 2021 952 lanceis

442 986 656 1041 tantum
688 988 975 1057 argenteis,
1009 988 1153 1059 quod
1181 989 1401 1056 dicitur,
1438 1005 1524 1045 res
1558 992 1868 1061 gerebatur,
1921 989 2020 1046 sed

443 1076 880 1142 mendaciorum,
910 1077 1254 1145 insidiarum,
1313 1079 1430 1143 iraa,
1478 1080 1720 1135 audacia:
1763 1082 1935 1151 copiis
1964 1081 2017 1136 itt

442 1169 647 1225 aedem
667 1169 833 1234 illius,
857 1171 1579 1239 eontrihulcsarmabantur,
1599 1173 1736 1229 adeo
1759 1185 1814 1228 ut
1830 1190 2022 1229 manus

442 1261 706 1315 haberent
744 1270 994 1315 rorantes
1024 1261 1092 1316 ab
1115 1264 1231 1332 ipso
1270 1264 1531 1334 flagrante
1570 1264 1857 1320 maleficio.
1882 1265 2020 1320 Cum

442 1367 572 1407 vero
599 1350 799 1406 frustra
832 1350 982 1420 ipsos
997 1353 1330 1420 exsultantes
1351 1363 1400 1408 ct
1426 1355 1742 1425 gaudentes,
1773 1372 1896 1426 spes
1925 1358 2021 1412 de-

442 1452 648 1498 sereret
680 1443 963 1514 (nimirum
994 1443 1087 1498 ille
1134 1446 1338 1501 athleta
1392 1462 1487 1515 per
1544 1463 1675 1502 suas
1721 1449 2019 1520 apologias,

439 1551 633 1590 omnes
676 1536 926 1590 omnium
977 1535 1419 1592 machinationes
1474 1538 1822 1605 discutiebat,
1869 1549 1923 1595 et
1954 1540 2023 1595 ad

354 1688 361 1689 ί
437 1626 748 1684 extremum
783 1643 877 1698 per
935 1628 1209 1684 sermonis
1264 1627 1578 1683 facultatem
1622 1630 2021 1696 irrcsistibilem

439 1724 783 1795 dejieicbat),
840 1740 966 1780 cum
1028 1725 1317 1789 hatrerent,
1385 1736 1658 1782 oratorem
1706 1729 2018 1798 quemdam

439 1817 875 1883 mercenarium,
903 1817 997 1887 qui
1032 1818 1338 1872 calumnias
1379 1819 1612 1874 consilio
1652 1836 1752 1876 suo
1787 1820 2014 1885 foveret,

437 1909 840 1964 conducebant.
893 1906 1268 1979 Opinabantur
1306 1911 1451 1965 enim
1487 1927 1643 1966 reum
1694 1922 1750 1966 et
1785 1929 2015 1968 accusa-

439 2009 579 2064 tum,
610 2009 891 2071 utcunque
946 2001 1096 2056 omni
1130 2002 1357 2058 omnino
1400 2004 1560 2075 culpa
1592 2016 1824 2073 careret,
1870 2007 2019 2064 illius

438 2102 586 2147 artes
612 2098 668 2145 ct
698 2092 963 2148 orationis
1020 2094 1294 2150 versutias
1327 2111 1437 2149 non
1490 2111 1807 2163 erasurum,
1857 2099 2020 2171 idque

436 2183 746 2239 indubitate
798 2183 1066 2241 futurunt.
1118 2185 1320 2243 Verum
1379 2189 1599 2259 sapiens
1644 2190 1735 2247 ille
1789 2190 2017 2263 Paulus,

437 2285 625 2348 utpote
653 2275 747 2346 qui
790 2277 974 2332 divina
1026 2277 1257 2333 callebat
1299 2289 1354 2335 et
1391 2280 1652 2349 humana,
1690 2285 1783 2355 qui
1831 2296 2020 2342 contra

434 2369 687 2423 mercede
721 2368 1053 2424 conductum
1098 2369 1390 2427 artiﬁciose
1427 2374 1721 2429 accusabat
1756 2390 1851 2446 per
1878 2377 2023 2432 divi—

435 2459 584 2513 aitus
638 2459 1039 2531 suppeditatam
1093 2464 1437 2532 prudentiam
1501 2477 1557 2522 et
1617 2469 1889 2537 gratiam,
1946 2469 2022 2525 ita

433 2553 681 2607 oratione
709 2552 1093 2619 contendebat,
1131 2565 1191 2608 ut
1223 2556 1374 2611 illum
1400 2559 1711 2629 repelleret,
1738 2570 1793 2617 et
1822 2560 2024 2617 rubore

433 2643 790 2710 suffunderet,
830 2657 955 2699 cum
1000 2661 1100 2701 sua
1134 2656 1251 2703 arte
1281 2648 1375 2719 qui
1425 2651 1602 2721 pretio
1627 2664 1868 2723 accepto,
1903 2670 2024 2724 per-

432 2735 758 2805 sequebatur
800 2753 815 2803 ;
868 2737 1175 2806 pontifices,
1222 2742 1558 2808 sacerdotes,
1619 2746 1757 2801 alios
1814 2747 2022 2817 qui.in

430 2827 632 2882 caedem
675 2826 796 2897 ejus
832 2827 1304 2900 conspiraverant,
1343 2834 1608 2891 attonitos
1652 2837 1922 2904 redderet,
1970 2846 2026 2894 et

432 2920 713 2976 intricaret
746 2937 763 2989 ;
800 2921 872 2977 ita
915 2931 975 2976 ut
1014 2937 1121 2977 non
1163 2924 1341 2980 solum
1374 2926 1524 2997 ipsos
1555 2927 1721 2998 hujus
1759 2947 1872 2987 sure
1910 2948 2025 2987 mo-

430 3011 639 3069 litionis
674 3014 983 3084 paeniteret,
1035 3017 1129 3072 sed
1165 3026 1219 3072 et
1257 3019 1560 3084 silentium,
1591 3023 1676 3077 vel
1710 3022 2028 3080 efferatissi-

2125 531 2219 584 ἐπὶ
2251 531 2329 602 τῷ
2362 532 2541 585 πάντα
2571 531 2874 600 φιλόνεικος
2910 525 3052 584 εἶναι
3076 545 3092 562 '
3125 530 3220 584 καί
3258 548 3347 600 μοι
3377 528 3634 599 πρόσεχε
3662 530 3721 599 τῇ

2126 622 2446 695 μαρτυρίᾳ.“
2481 621 2671 691 Ἐδέψα
2715 621 2778 675 τὸ
2818 618 3117 691 Ἰουδαίων,
3148 620 3299 701 ἔθνος
3344 619 3447 672 τοῦ
3495 619 3725 687 αἵματος

2126 715 2363 782 Παύλου,
2397 717 2516 770 ἐπεὶ
2543 715 2621 785 τῷ
2648 715 2884 787 οὐρανίῳ
2911 715 3053 785 φωτὶ
3086 712 3573 786 περιαστραφθεὶς
3593 713 3725 764 exsi-

2124 827 2233 877 νος,
2274 809 2394 871 ὅλος
2433 808 2666 879 μετέστη
2714 807 2851 878 πρὸς
2895 807 2954 861 ὃν
2981 805 3196 871 ἐδίωξεν
3225 816 3247 842 ι
3281 821 3296 835 ·
3318 805 3488 874 eatea
3522 804 3586 857 δὲ
3611 805 3724 856 τότε

2127 903 2350 974 μᾶλλον,
2375 902 2471 955 καὶ
2501 901 2638 973 πρδς
2661 899 2760 972 τὴν
2786 899 3099 970 μιαιφονίαν
3124 899 3485 967 ἀνεφλέγετο,
3514 897 3611 949 ὅτε
3636 896 3726 961 τὰς

2127 995 2448 1063 συναγωγὰς
2477 994 2658 1047 αὐτῶν
2698 994 2756 1046 τὸ
2784 994 2993 1058 ἐκείνου
3022 994 3284 1064 κήρυγμα
3329 989 3723 1060 κεκενωμένας

2123 1088 2307 1151 αὐτοῖς
2335 1086 2682 1157 ἀπελίμπανε
2706 1101 2719 1115 ’
2767 1086 2862 1139 καὶ
2911 1084 2976 1155 δὴ
3016 1085 3165 1137 πᾶσα
3201 1082 3302 1153 μὲν
3330 1082 3532 1143 αὐτοῖς
3570 1096 3724 1131 συκο-

2125 1182 2355 1250 φαντίας
2412 1180 2576 1249 τέχνη
2604 1190 2654 1240 ι,
2696 1179 2847 1229 πᾶσα
2896 1176 2951 1229 δὲ
2994 1173 3209 1246 μηχανὴ
3254 1173 3579 1243 ἐκεκίνητο.
3618 1173 3723 1225 03x

2124 1275 2369 1346 ἀργυραῖ
2399 1272 2457 1325 δὲ
2491 1272 2599 1342 ἀρα
2626 1271 2816 1341 λόγχαι
2866 1270 3046 1341 μόνον,
3095 1268 3124 1321 ὃ
3170 1268 3410 1336 λέγεται,
3446 1265 3600 1320 ἀλλά
3642 1266 3725 1318 καὶ

2122 1366 2376 1436 ψεύδους.
2407 1364 2774 1433 καὶὶαπάτης,
2808 1349 3127 1431 καῖ’ὁργῆς,
3172 1362 3267 1413 καὶ
3301 1359 3555 1431 θράσους
3597 1358 3724 1427 πρὶς

2124 1458 2225 1529 τὴν
2261 1456 2355 1511 τοῦ
2383 1456 2575 1527 ἀνδρὸς
2609 1454 2847 1524 σφαγὴν,
2893 1454 3018 1515 τοὺς
3051 1450 3361 1523 ὁμοφύλους
3393 1448 3722 1515 ἐξώπλιζον,

2125 1552 2221 1607 καὶ
2246 1551 2345 1616 τὰς
2370 1554 2557 1625 χεῖρας
2586 1551 2685 1622 ἤδη
2717 1551 2837 1612 ταῖς
2868 1544 3051 1601 ἐλπίσι
3078 1545 3386 1611 σταζούσας
3417 1541 3579 1614 εἶχον
3607 1541 3722 1613 θερο

2128 1644 2232 1710 μού
2257 1643 2352 1698 τοῦ
2389 1645 2721 1715 μιάσματος.
2766 1642 2921 1695 Ἐπελ⁸
2941 1641 2997 1694 δὲ
3022 1640 3197 1711 μάτην
3221 1639 3420 1702 αὐτοὺς
3450 1638 3723 1709 ἀνασκιρ-

2126 1736 2336 1797 τῶντας
2369 1737 2464 1790 καὶ
2496 1734 2793 1807 χαίροντας
2831 1737 2887 1788 αἱ
2917 1733 3131 1793 ἐλπίδες
3161 1731 3430 1787 ἀπέλιπον
3465 1728 3721 1801 (κρείττω

2124 1828 2220 1882 τοῦ
2246 1828 2515 1900 ἀριστέως
2539 1828 2796 1882 ἁπάντων
2822 1826 3230 1897 μηχανημάτων
3248 1826 3368 1887 ταῖς
3393 1821 3721 1905 ἀπολογίαις

2123 1921 2574 1993 καθισταμένου),
2602 1921 2911 1976 τελευταῖον
2935 1920 3072 1991 πρὸς
3098 1921 3160 1971 τὸ
3193 1919 3252 1971 ἐν
3297 1917 3489 1985 λόγοις
3524 1916 3719 1985 κράτος

2121 2016 2217 2070 καὶ
2262 2014 2321 2068 τὸ
2351 2014 2759 2086 ἀνεπηρέαστον
2794 2013 3181 2084 ἀπορούμενοι,
3220 2011 3431 2082 ῥήτορά
3466 2026 3597 2062 τινα
3638 2026 3719 2078 μισ

2124 2107 2255 2161 σθοῦ
2308 2107 2609 2170 ποιοῦνται,
2644 2105 2752 2160 τῶν
2800 2104 3319 2175 συκοφαντηθέντων
3372 2101 3715 2171 συνήγορονο

2121 2201 2223 2254 οὐκ
2270 2199 2337 2255 ἀν
2385 2200 2467 2253 ἔτι
2499 2198 2746 2253 διαδῦναι
2780 2199 2876 2263 τάς
2910 2198 3119 2253 ἐκείνου
3148 2197 3346 2269 τέχνας
3378 2195 3484 2249 καί⁵
3516 2192 3717 2258 πλοκὰς

2124 2288 2233 2343 τῶν
2283 2288 2458 2359 λόγων
2488 2287 2581 2343 τὸν
2622 2278 2994 2360 γραφόμενον,
3032 2287 3137 2343 κάν
3183 2287 3449 2359 μυριάκις
3491 2284 3584 2355 εἴη
3630 2284 3715 2338 ἀν-

2123 2381 2319 2447 αίτιος,
2348 2381 2460 2436 οὐδ’
2484 2383 2632 2446 ὅπως
2665 2376 2759 2436 οὖν
2781 2383 2839 2434 ἐν
2867 2366 3155 2453 ἀμφιϐόλῳ
3184 2380 3490 2451 τιθέμενοι.
3528 2376 3669 2433 Ἀλλ’
3687 2378 3715 2431 ὃ

2125 2491 2189 2544 γε
2221 2473 2385 2545 σοφὸς
2413 2472 2489 2546 τῷ
2509 2473 2622 2527 ὄντι
2644 2472 2877 2540 Παῦλος,
2900 2474 2999 2527 ὅσα
3020 2489 3079 2526 τε
3107 2472 3223 2526 θεῖα
3252 2472 3347 2526 καὶ
3376 2472 3485 2525 ὅσα
3511 2468 3714 2541 ἀνθρώο

2125 2582 2282 2632 πινα,
2318 2564 2415 2618 καὶ
2463 2564 2601 2636 πρὸς
2640 2563 2732 2617 τὸν
2783 2562 2933 2617 οὕτω·
2964 2565 3030 2635 τῇ
3065 2562 3234 2634 τέχνῃ
3282 2562 3378 2616 καὶ
3423 2561 3510 2632 τῷ
3542 2559 3710 2631 μισθῷ

2125 2656 2667 2729 παρεσκευασμένον,
2694 2656 2783 2709 διὰ
2813 2656 2911 2727 τῆς
2937 2655 3146 2709 ἀνωθεν
3174 2654 3419 2727 δηλονότι
3455 2670 3711 2726 χορηγου-

2127 2748 2300 2819 μένης
2332 2746 2483 2819 αύτῷ
2516 2745 2707 2815 σοφίας
2745 2751 2842 2801 καὶ
2866 2746 3111 2817 χάριτος,
3137 2745 3312 2811 οὕτως
3344 2746 3708 2815 ἀντικατέστη

2126 2844 2240 2906 τοῖς
2281 2841 2461 2911 λόγοις
2488 2842 2582 2895 καὶ
2625 2841 3002 2912 διηγωνίσατο,
3037 2841 3199 2895 αὐτὸν
3231 2840 3331 2912 μὲν
3370 2838 3713 2911 τρεψάμενος

2128 2935 2224 2989 καὶ
2245 2934 2615 3006 καταισχύνας
2647 2934 2787 3006 αὐτῇ
2822 2933 2987 3004 τέχνῃ
3014 2933 3108 2987 καὶ
3134 2932 3434 3004 μισθαρνίᾳ
3458 2948 3472 2962 ·
3502 2932 3628 2995 τοὺς
3657 2929 3709 2982 δέ

2129 3027 2405 3097 ἀρχιερεῖς
2443 3026 2537 3080 καὶ
2572 3027 2757 3099 ἱερεῖς,
2794 3026 2886 3079 καὶ
2909 3026 3057 3088 ὅσοις
3088 3027 3117 3078 ὁ
3146 3024 3267 3078 κατ’
3298 3023 3467 3077 αὐτοῦ
3496 3036 3710 3076 συνεκεο

431 3102 559 3165 mis,
600 3103 760 3173 quasi
799 3118 1016 3176 pmnant
1059 3108 1354 3176 quamdam
1384 3124 1479 3179 per
1525 3111 1800 3169 biennium
1845 3115 2017 3187 impo-

2130 3120 2366 3191 κρότητο
2393 3126 2420 3166 b
2463 3120 2642 3189 φόνος,
2671 3118 2989 3189 ἐκπλήξεως
3016 3118 3129 3172 καὶ
3153 3116 3468 3189 ἀμηχανίας
3506 3116 3708 3186 ἐμπλήο

430 3196 622 3243 nerent
666 3189 826 3260 (l9).
872 3192 1035 3248 Vides
1081 3202 1139 3248 ut
1182 3194 1585 3254 infensissimos
1626 3202 1793 3256 etiam
1832 3212 2017 3261 contra

2124 3233 2247 3279 σας,
2280 3213 2423 3267 ὥστε
2458 3213 2531 3285 μὴ
2570 3214 2729 3285 μόνον
2763 3213 2946 3276 αὐτοῖς
2997 3212 3095 3281 τῆς
3128 3209 3388 3281 τοιαύτης
3429 3208 3708 3280 ἐπιχειρή·

430 3280 767 3336 voluntatem
802 3282 964 3340 istius
1022 3287 1243 3342 athleta:
1297 3288 1354 3343 in
1391 3291 1627 3349 dicendo
1674 3294 1909 3352 facultas
1951 3297 2019 3353 ad

430 3371 721 3425 dicendum
755 3372 968 3445 impulit
1010 3377 1409 3445 testimonium,
1443 3382 1585 3451 quod
1628 3384 1885 3439 nimirum
1927 3401 2016 3443 sa-

431 3462 637 3533 pientia
691 3462 867 3529 Pauli,
910 3468 1054 3537 apud
1105 3469 1290 3525 hostes
1332 3473 1568 3528 maxime
1623 3475 1903 3545 capitales,
1960 3493 2019 3534 re

432 3563 488 3612 et
522 3556 691 3613 verbo
745 3560 1124 3630 praedicatur:
1166 3564 1309 3619 unde
1351 3567 1422 3621 ab
1457 3566 1686 3625 initiatis
1740 3570 2016 3641 religioni,

429 3647 552 3703 sine
612 3648 1052 3707 contradictione
1103 3652 1235 3719 ulla,
1282 3655 1638 3714 meritissime
1690 3658 2015 3717 honoratur.

428 3736 553 3795 Noli
582 3749 761 3795 autem
796 3752 991 3811 putare
1024 3760 1110 3799 me
1136 3749 1408 3805 sermonis
1452 3750 1779 3823 sapientiam
1816 3752 2017 3808 intelli—

430 3847 581 3902 gere,
606 3834 823 3890 dicendi
862 3835 1011 3891 iilam
1046 3836 1386 3908 facultatem,
1420 3857 1544 3912 quae
1584 3844 1852 3915 superflua
1876 3861 2014 3915 qua-

429 3924 555 3978 dam
609 3926 957 3994 curiositate,
1009 3932 1306 4000 supercilio
1345 3948 1631 4003 pompose,
1660 3936 2011 4003 calamistris,

430 4014 849 4075 medicamentis
880 4030 932 4075 et
971 4020 1223 4087 floribus,
1262 4024 1481 4080 insitam
1523 4027 1738 4083 dicendi
1775 4018 2029 4099 pulchri:

430 4199 693 4269 inductis,
734 4205 945 4273 puerilc
966 4208 1114 4275 quod
1145 4218 1228 4263 est
1266 4219 1321 4263 et
1348 4210 1587 4278 clumbe,
1623 4210 1691 4265 ad
1726 4227 1785 4267 se
1808 4215 2010 4269 trahit:

429 4307 533 4349 nec
565 4294 713 4349 illam
753 4300 1110 4367 ccontrario,
1169 4316 1291 4371 (ιιι-ιι
1347 4313 1603 4373 capcrata
1656 4304 1837 4361 fronte
1897 4308 2016 4362 sine

427 4385 541 4441 risu
578 4388 689 4443 ullo
717 4390 854 4445 nihil
893 4391 1147 4448 utilitatis
1170 4396 1336 4459 subit,
1365 4396 1457 4450 sed
1501 4398 1553 4451 in
1588 4398 1858 4467 profundo
1882 4416 2015 4455 con-

428 4478 613 4535 sidcns
645 4481 1021 4549 obscuritatis,
1056 4485 1365 4553 illiteratos,
1406 4489 1547 4544 etde
1582 4489 1710 4546 ftece
1734 4508 2010 4548 convenas

428 4572 546 4627 suis
571 4575 814 4630 tenebris
854 4577 1284 4635 circurnrolutos
1311 4580 1608 4636 terrificat:
1641 4597 1824 4638 cmcos
1850 4584 1916 4638 ad
1950 4599 2011 4639 se

427 4672 689 4720 attractos
743 4678 1042 4731 amatores,
1089 4670 1399 4739 speciosius
1429 4673 1750 4742 prostituit:
1786 4674 1881 4729 sed
1908 4689 2009 4729 nec

426 4772 547 4824 quae
595 4759 831 4817 eﬂ'rzcnis
856 4773 910 4816 et
953 4765 1257 4829 cervicosa,
1307 4766 1373 4821 ad
1414 4767 1692 4823 licentiam
1738 4769 2015 4826 exorbitat

428 4860 714 4922 poetarum
754 4854 1128 4911 incitamentis
1160 4858 1489 4927 quibusdam
1527 4860 1786 4916 novitatis
1831 4876 2011 4917 merc-

430 4945 591 4998 tricic
620 4945 865 5001 lasciviat
892 4957 946 5001 et
978 4950 1171 5004 illudut
1207 4968 1220 5005 :
1252 4952 1345 5006 sed
1375 4952 1520 5006 illam
1555 4968 1657 5023 ego
1688 4954 1848 5009 velim
1886 4971 2009 5026 quae

429 5036 677 5091 modeste
718 5037 983 5105 insinuat,
1014 5042 1231 5111 publice
1264 5044 1506 5109 instruit,
1536 5047 1794 5116 princeps
1825 5047 2007 5115 docet,

427 5128 544 5183 sola
571 5128 802 5198 inducit,
831 5142 884 5187 et
912 5148 1011 5203 per
1037 5150 1370 5205 congencres
1402 5137 1711 5193 intellectus
1741 5139 1888 5194 clare
1909 5156 2011 5195 na-

429 5227 611 5275 turam
639 5235 825 5277 rerum
856 5225 1115 5296 explicat,
1156 5228 1303 5298 quod
1333 5229 1583 5299 emphasi
1624 5230 1825 5285 alicubi
1870 5248 2011 5304 opus

2131 3327 2270 3373 σεως
2302 3307 2650 3379 μεταμελεῖν,
2681 3306 2819 3361 ἀλλά
2841 3307 2935 3360 καὶ
2967 3305 3203 3376 σιωπῆς,
3231 3303 3410 3358 καίτοι
3441 3303 3608 3357 πλέον
3635 3299 3705 3369 τῷ

2128 3401 2288 3473 θυμῷ
2337 3400 2727 3473 ἡγριωμένοις,
2774 3400 2870 3453 ὅλα
2912 3397 3006 3453 δύο
3047 3398 3143 3469 ἐτη
3178 3397 3485 3468 καταδίκην
3532 3393 3706 3465 σφίσιν

2120 3493 2411 3546 ἐπιθεῖναι.
2442 3493 2615 3563 Ὀρᾷς
2649 3492 2796 3554 ὅπως
2810 3491 2938 3555 τοὺς
2964 3491 3246 3561 ἐχθίστους
3269 3488 3364 3542 καὶ
3390 3490 3644 3553 ἄκοντας,
3672 3486 3703 3555 ἡ

2122 3585 2231 3639 τῶν
2288 3585 2381 3637 τοῦ
2441 3583 2712 3656 ἀριστέως
2764 3584 2939 3652 λόγων
2980 3584 3212 3653 δύναμις
3264 3583 3343 3644 είς
3402 3579 3703 3653 μαρτυρίαν

2119 3676 2459 3742 ἐξεϐιάσατο.
2512 3678 2643 3729 "Ore
2680 3687 2701 3715 ε
2745 3675 2802 3729 δὲ
2852 3676 2964 3732 καὶ.
2992 3677 3103 3739 τοῖς
3144 3674 3357 3745 ἐχθροῖς
3401 3674 3434 3743 ὴ
3497 3670 3699 3725 Παύλου

2126 3767 2289 3838 σοφία
2322 3766 2470 3838 ἔργῳ
2504 3768 2602 3821 καὶ
2628 3766 2772 3838 λόγῳ
2797 3765 3167 3837 διαϐεϐόηται,
3196 3767 3309 3825 τοῖς
3346 3761 3557 3815 ἐκεῖθεν
3584 3761 3609 3801 ἀ
3639 3762 3701 3813 τά

2118 3859 2220 3930 τῆς
2278 3858 2563 3923 εὐσεϐείας
2618 3858 3028 3930 μεμυημένους,
3082 3856 3145 3910 οὒ
3200 3854 3575 3927 διαφερόντως
3618 3854 3699 3905 καὶ

2118 3951 2285 4017 ἀξίως
2310 3951 2697 4023 τιμηθήσεται.
2722 3951 2835 4005 Καὶ
2866 3950 2941 4021 μή
2966 3967 3032 4020 με
3062 3948 3293 4019 νομίσῃς
3321 3946 3517 4016 σοφίαν
3540 3944 3698 4012 λόγων

2118 4047 2213 4099 καὶ
2243 4046 2443 4117 κράτος
2476 4045 2659 4113 λέγειν
2698 4045 2793 4099 καὶ
2821 4044 3073 4115 δύναμιν,
3113 4042 3212 4114 τὴν
3255 4042 3556 4114 περίεργον
3581 4038 3698 4093 ταύ-

324 4147 331 4155 .
431 4106 674 4163 tudinem
723 4110 1016 4180 adulterat,
1048 4123 1102 4168 et
1134 4115 1415 4173 coloribus
1454 4119 1781 4187 quibusdam
1826 4137 2014 4192 super-

2122 4155 2219 4207 την
2261 4106 2355 4191 καὶ
2405 4106 2691 4202 σοὸούσαν,
2723 4137 2818 4189 καὶ
2857 4106 3236 4208 κομμωτικοίς
3274 4106 3589 4206 φαρμάκοις
3614 4129 3705 4184 itai-

2116 4223 2302 4278 ἄνθεσι
2333 4224 2393 4277 τὸ
2424 4225 2668 4294 ἔμφυτον
2700 4224 2895 4288 κάλλος
2924 4224 3019 4278 τοῦ
3053 4224 3212 4293 λόγου
3237 4224 3585 4287 νοθεύουσαν,
3613 4219 3694 4273 καὶ

2112 4319 2226 4379 τοῖς
2251 4317 2611 4381 ἐπιπλάστοις
2653 4308 2911 4388 χρώμασι
2938 4316 3001 4371 τὸ
3031 4316 3394 4389 μειρακιῶδες
3420 4316 3519 4371 καὶ
3548 4315 3691 4368 ἐκλυ-

2111 4424 2204 4462 τον
2226 4408 2360 4480 πρὸς
2382 4409 2575 4463 ἑαυτὸν
2598 4410 3037 4480 ἐπιστρέφουσαν
3061 4426 3075 4439 ·
3095 4410 3220 4480 μηδ’
3243 4404 3309 4463 αὖ
3339 4409 3578 4479 ἐκείνην.
3605 4406 3689 4474 ὅση

2111 4501 2171 4555 τὸ
2203 4502 2529 4572 σκυθρωπὸν
2572 4505 2666 4556 καὶ
2711 4504 2958 4573 ἀμειδὲς,
2994 4501 3084 4557 ἐπ’
3115 4502 3294 4556 οὐδενὶ
3323 4500 3551 4573 χρηστῷ
3577 4498 3690 4551 ὑπο-

2118 4592 2328 4673 δύεται,
2354 4594 2511 4665 βαθεῖ
2541 4612 2599 4648 τε
2637 4595 2737 4667 τῆς
2776 4595 3047 4664 ἀσαφείας
3078 4594 3476 4667 ὑποκαθημένη
3508 4592 3687 4660 σκότῳ,

2119 4688 2213 4741 καὶ
2244 4688 2368 4751 τοὺς
2396 4688 2626 4759 ἀμαθεῖς
2664 4691 2759 4742 καὶ
2787 4686 3075 4758 ἀγελαίους
3100 4687 3178 4759 τῷ
3202 4687 3329 4759 περὶ
3356 4686 3529 4758 αὐτὴν
3558 4686 3687 4753 ζόφῳ

2123 4779 2433 4850 συγχέουσά
2470 4797 2530 4832 τε
2571 4781 2663 4833 καὶ⁵
2702 4780 3179 4851 καταπληττουσα,
3215 4779 3448 4847 τυφλοὺς
3472 4775 3687 4850 ἐραστὰς

2121 4870 2491 4944 ἐπισυρομένη
2535 4871 2973 4937 καλλωπίζεται’
3008 4872 3118 4925 οὐδ’
3154 4872 3254 4940 ὅπη
3295 4870 3435 4941 πρὸς
3461 4871 3524 4923 τὸ
3553 4885 3687 4937 ποιτΓ

2118 4962 2229 5016 τῶν
2256 4966 2554 5037 αὐτόνομον
2577 4965 3031 5038 ἐκτραχηλίζεται
3059 4966 3157 5029 τὰς
3178 4964 3511 5036 νεωτερικὰς
3534 4960 3686 5033 ὁρμὰς

2122 5055 2508 5130 ἑταιριζομένη
2540 5059 2635 5112 καὶ
2670 5053 3056 5124 διαπαίζουσαέ
3096 5057 3239 5113 Ἀλλ’
3276 5057 3494 5128 ἐκείνην
3534 5048 3683 5123 ἔγωγέ

2122 5164 2286 5218 φτιμι,
2318 5149 2417 5220 ὅση
2457 5149 2693 5221 σώφρων
2727 5150 2827 5221 μὲν
2854 5151 3246 5222 ἀπαγγέλλειν,
3285 5150 3439 5221 κοινὴ
3477 5149 3533 5202 δὲ
3559 5142 3659 5198 διδᾶ

2123 5258 2296 5304 σκειν,
2329 5242 2519 5315 πρώτη
2553 5243 2611 5297 δὲ
2642 5243 2939 5311 παιδεύειν,
2979 5243 3113 5315 μόνη
3146 5242 3201 5296 δὲ
3237 5240 3577 5312 συμπείθειν,
3604 5232 3678 5288 εὖ·

1734 5345 1971 5402 νΑΙῑΙβΕ
2012 5352 2417 5415 LECTIONES.

498 5443 521 5515 ξ
548 5433 880 5526 semesum}
910 5434 980 5490 Μ.
1008 5434 1198 5491 ἐδίωκε
1267 5451 1293 5479 ιι
1324 5439 1384 5493 C.
1408 5437 1481 5493 Μ.
1512 5441 1847 5510 συκοφαντία
1870 5446 1966 5500 καὶ
1992 5449 2180 5524 τέχνη.
2268 5452 2297 5493 b
2331 5452 2394 5510 ϐ.
2423 5451 2494 5507 Μ.
2528 5456 2928 5526 συνεκροτεῖτο.
3013 5463 3037 5494 ο
3070 5451 3134 5510 C.
3158 5449 3231 5509 Μ.
3257 5452 3362 5509 ὅτι.

421 5504 541 5571 πῶς
561 5509 672 5571 τοῖς
702 5507 935 5562 ἐκεῖθεν.

3490 5438 3675 5504 dC.il.

1950 5672 2186 5732 NOTAE.

495 5786 607 5848 (t9)
644 5786 782 5845 Nam
812 5803 911 5859 per
937 5788 1220 5848 biennium
1263 5805 1484 5849 carcere
1530 5791 1777 5850 inclusus
1828 5790 1999 5851 libere
2040 5795 2346 5852 tenebatur.
