3880 6206
192 267 341 336 585
1188 271 1291 337 AD
1327 267 1924 335 AMPIIILOCHIUM
1959 238 2305 345 01121251310
2333 269 2511 332 XCIL
3397 268 3505 336 586

193 397 406 454 σημος
429 380 486 436 δὲ
512 379 602 437 διὰ
627 381 738 438 τῶν
767 381 1048 453 συγγενῶν
1067 385 1357 456 νοημάτων
1392 382 1492 455 τὴν
1524 383 1634 438 τῶν
1663 399 1807 456 πρα-

1929 381 2000 445 sit,
2034 381 2269 452 mystico
2293 394 2467 446 more,
2499 387 2555 436 et
2576 377 2965 436 sacramentall
2991 379 3196 437 revelat
3217 379 3505 437 veritatem

207 473 460 542 τμάτων
490 471 654 543 φύσιν
676 473 1064 540 ἀναπτύσσειν,
1096 473 1192 530 καὶ
1220 475 1274 529 εἰ
1301 491 1405 528 που
1436 474 1598 546 χρεία
1630 473 1810 546 ἐμφά-

1929 472 2392 528 thsconditorum.
2421 470 2550 527 Hac
2570 470 2718 527 enim
2755 471 2970 529 dicendi
3003 472 3315 542 prudentia,
3345 488 3504 528 exor-

195 579 392 631 σεως,
423 564 702 642 μυστικῶς
733 560 792 620 εὖ
825 565 973 636 μάλα
1021 567 1116 620 καὶ
1162 566 1493 630 τελεστικῶς
1534 567 1812 622 ἀνακαλύ-

1929 572 2007 620 ιιιι
2055 564 2358 619 naturalem
2391 572 2648 620 ornatum
2677 573 2731 620 et
2773 567 2900 620 vitae
2928 565 3161 631 utilem;
3198 563 3318 628 illa,
3373 579 3503 619 eum

195 673 391 710 πτειν
433 655 532 728 τὴν
575 656 685 712 τῶν
728 659 1130 730 κεκρυμμένων
1169 657 1448 730 ἀλήθειαν.
1482 657 1670 713 Ταῦτα
1715 658 1813 729 μὲν

1929 657 2003 728 ιιιί
2037 657 2271 713 oblectat
2295 656 2674 722 irrationalem
2717 672 2964 723 sensum,
2991 672 3116 726 qua:
3145 657 3265 727 ipsa
3309 655 3507 726 potius

197 748 340 820 γὰρ
381 750 480 820 τῆς
513 750 776 822 ἐμφύτου,
809 750 906 804 καὶ
945 751 1201 822 κοσμίας,
1237 751 1333 804 καὶ
1375 750 1676 822 βιωφελούς
1715 748 1812 804 τοῦ

1929 750 2299 804 tversionihus
2343 759 2397 805 et
2433 749 2773 804 novitatibus
2809 749 3088 816 adicitur;
3125 749 3256 804 dum
3292 749 3506 802 nullum

196 838 392 911 λόγου
423 841 618 912 σοφίας
641 859 656 873 ·
682 844 869 907 ἐκεῖνα
897 842 957 896 δὲ
997 843 1098 915 τῆς
1140 842 1448 914 τερπούσης
1484 843 1585 915 τὴν
1619 843 1815 912 ἄλογον

1929 842 2194 896 commodi
2225 831 2754 911 respectnm'habet,
2785 841 2882 896 sed
2929 841 2983 894 in
3010 840 3336 910 applausum
3368 839 3508 894 adu-

199 929 625 1008 αἴσθησιν,.καὶ
649 935 772 998 ταῖς
802 938 1185 1006 παρατροπαῖς
1222 935 1425 1005 μᾶλλον
1452 936 1546 989 καὶ
1578 933 1656 1006 τῷ
1686 953 1818 988 νεω-

1935 938 2171 991 ationem
2205 946 2259 988 et
2278 935 2513 1005 ineptias
2543 949 2725 988 meras
2751 933 3069 988 resolvitur.
3097 932 3368 999 Quocirca
3398 928 3508 986 non

197 1026 496 1096 τερίζοντι
517 1027 817 1103 χαιρούσης
832 1028 972 1098 Mat,
988 1028 1233 1099 καὶπρὸς
1255 1029 1353 1098 μὲν
1367 1028 1637 1096 ὠφέλειαν
1660 1027 1816 1082 οὐδὲν

1929 1029 2096 1086 lecuit
2123 1027 2406 1082 Paulinam
2443 1027 2590 1081 illam
2621 1025 2912 1081 sublimem
2973 1026 3344 1096 prudentiam,
3378 1040 3447 1081 ne
3475 1040 3508 1080 a

199 1114 463 1187 δρώσης,
490 1119 569 1180 είς
592 1117 819 1188 κρότους
852 1118 928 1172 δὲ.
957 1121 1050 1172 καὶ
1079 1117 1391 1184 κολακείας,
1421 1120 1512 1172 καὶ
1537 1119 1706 1171 πολὺν
1727 1117 1818 1190 λῆ-

1929 1122 2223 1194 prOpinqno
2272 1119 2498 1187 imitari,
2553 1119 2700 1173 illam
2740 1118 2958 1174 dicendi
3021 1117 3335 1174 facultatem
3369 1117 3506 1189 (19‘)

202 1221 347 1276 ρον,
372 1205 751 1278 διαλυομένης.
784 1209 898 1262 Οὔκ
927 1204 993 1280 ἦν
1020 1207 1130 1280 ἄρα
1153 1209 1242 1262 διὰ
1266 1209 1440 1264 ταῦτα
1463 1209 1560 1280 τῆς
1585 1209 1819 1279 μεγαλο-

1929 1228 2084 1283 quam
2117 1222 2173 1266 tu
2202 1221 2413 1265 tantum
2445 1226 2554 1264 non
2583 1211 2802 1264 adoras.
2843 1210 3069 1281 Nempe,
3112 1200 3337 1279 inquam
3382 1223 3505 1281 ego,

209 1296 389 1363 νοίας
428 1299 642 1360 Παύλου
659 1300 769 1354 οὐδ’
797 1302 966 1372 ὲγγίις
995 1301 1414 1374 ἀπομιμεῖσθαι,
1450 1301 1510 1355 ὃν
1538 1303 1602 1356 σὺ
1631 1303 1730 1372 τῆς
1760 1304 1818 1355 ὲν

1929 1303 2203 1374 inquiebat
2228 1303 2339 1364 ille,
2368 1311 2427 1357 ut
2459 1303 2660 1358 alicubi
2697 1303 2786 1357 ille
2813 1303 2909 1374 qui
2945 1291 3234 1373 gloriolam
3259 1317 3509 1372 aucupa-

205 1388 381 1463 λόγῳ
396 1391 680 1463 δυνάμεως
695 1393 828 1466 (19),
850 1395 936 1447 ἐπ’
962 1395 1132 1465 αὐτῆς
1150 1395 1330 1466 φέρων
1344 1393 1606 1465 κεφαλῆς.
1633 1411 1822 1464 μονον-

1929 1398 2104 1464 batur,
2157 1396 2402 1467 seipsum
2451 1395 2660 1452 laudat.
2701 1395 2801 1450 Cui
2854 1410 2954 1451 cur
2990 1409 3099 1449 non
3156 1409 3260 1466 ego
3314 1393 3512 1448 merito

204 1482 354 1552 ουχὶ
372 1487 714 1553 προσκυνεῖς,
733 1485 850 1550 τὸν,
867 1481 946 1538 ἸΙ
966 1485 1009 1539 δ’
1025 1487 1104 1550 ὃς·
1124 1486 1232 1551 τὸν,
1253 1480 1362 1538 Ἦν
1379 1485 1422 1539 δ’
1443 1485 1574 1556 ἐγώ.
1595 1486 1692 1549 Ὠς
1714 1484 1817 1556 md

1929 1489 2176 1558 adjiciam
2203 1507 2218 1553 ;
2252 1497 2308 1543 et
2336 1488 2507 1554 Quem
2537 1487 2842 1544 desideravi
2870 1502 2991 1558 ego,
3022 1495 3098 1553 et,
3133 1486 3344 1558 Agnovi
3368 1501 3508 1557 ego;

205 1591 312 1639 τις
331 1577 432 1629 καὶ
461 1577 571 1630 τῶν
586 1578 664 1640 είς
681 1577 837 1645 δόξαν
857 1577 1071 1631 οἰκείων
1083 1578 1247 1631 αὐτὸν
1265 1579 1629 1649 ἀπεσέμνυνε,
1647 1597 1820 1649 προσ-

1929 1590 1995 1644 ct,
2025 1579 2218 1634 Audivi
2253 1595 2379 1650 ego.
2422 1579 2533 1634 Nec
2563 1595 2664 1651 ego
2699 1581 2848 1634 illum
2872 1579 3019 1644 novi,
3044 1579 3138 1650 qui
3169 1579 3333 1651 longe
3358 1577 3509 1633 fasti.

210 1667 392 1740 θείην
422 1668 468 1722 δ’
491 1669 557 1724 ἂν
583 1668 778 1738 ἔγωγε,
815 1671 910 1724 καὶ
941 1670 1088 1740 μάλα
1123 1671 1370 1736 εἰκότως,
1408 1671 1504 1725 καὶ
1540 1671 1631 1724 τὸν
1659 1671 1822 1724 Ἐπε-

1929 1675 2013 1729 dio
2041 1673 2338 1738 laboraret,
2369 1674 2421 1726 in
2453 1665 2562 1726 illis
2587 1672 3000 1743 percensendis,
3027 1671 3125 1742 qui
3155 1671 3210 1725 in
3242 1677 3454 1726 tantum
3481 1683 3512 1725 a

209 1760 424 1815 πόνθει
449 1761 709 1830 ὲγῶοκαὶ,
726 1763 880 1834 ’ᾙδει
898 1763 1027 1831 ἐγώ·
1049 1763 1167 1829 καὶ,
1192 1763 1446 1835 Ἠκηκόει
1462 1762 1591 1841 ὲγὼξ
1609 1764 1702 1817 καὶ
1727 1763 1818 1817 τὸν

1929 1767 2215 1820 verborum
2266 1765 2607 1821 novitatibus
2667 1765 3066 1836 corrumpitur,
3098 1773 3152 1820 et
3205 1762 3512 1829 emollitur,

205 1852 332 1906 οὐκ
387 1848 482 1908 οἷδ’
511 1855 660 1917 ὅπως
693 1853 758 1909 ἂν
791 1871 875 1917 τις
908 1855 1009 1908 ούκ
1047 1855 1128 1918 εἰς
1173 1855 1389 1928 μακρὰν
1439 1854 1632 1925 ἀηδίαν
1659 1856 1821 1920 αὐτὸς

1931 1864 1990 1908 ut
2019 1869 2117 1906 uec
2154 1853 2340 1907 vultus
2374 1854 2912 1922 reprzesentationcm
2962 1854 3204 1924 aliquam
3256 1853 3388 1909 velit
3422 1868 3512 1910 re-

210 1945 465 2016 ἐμπέσοι
491 1946 558 2000 τά
577 1946 788 2001 ἐκείνου
814 1947 1028 2014 διεξιών
1052 1963 1065 1978 ·
1096 1947 1156 2010 ὃς
1185 1949 1276 2001 ἐπὶ
1301 1949 1556 2002 τοσοῦτον
1575 1950 1695 2013 ταῖς
1711 1948 1820 2003 τῶν

1929 1960 2146 1999 manere
2170 1963 2184 2010 ;
2213 1944 2306 2002 sed
2337 1944 2390 1999 in
2417 1945 2645 2016 ﬁguram
2680 1947 2836 2002 nobis
2860 1945 3234 2016 conjunctam,
3266 1947 3385 2002 sine
3403 1945 3515 2001 ulla

211 2039 499 2110 ῥημάτων
523 2039 898 2110 καινοτομίαις
925 2040 1388 2112 διαθρυπτόμενος
1413 2041 1720 2112 ἐθηλύνετο,
1745 2042 1822 2106 ὡς

216 2130 374 2200 μηδὲ
394 2130 700 2202 προσώπων
734 2132 918 2196 αὐτοῖς
939 2133 1209 2203 ἐμφάσεις
1235 2131 1311 2186 ἔτι
1341 2132 1626 2203 βούλεσθαι
1655 2150 1823 2187 κατα-

207 2223 434 2289 λιπεῖν,
464 2223 545 2287 ei;
578 2223 912 2294 παράσημον
956 2223 1014 2276 δὲ
1052 2223 1221 2278 τύπον
1265 2225 1684 2297 ἀπαρεμφάτων
1731 2226 1822 2279 τὸν

212 2315 559 2388 χαρακτῆρα
606 2315 819 2379 τούτοις
869 2316 1314 2387 μεταϐιάζεσθαι.
1357 2318 1463 2371 Ἐὦ
1495 2319 1552 2372 δὲ
1591 2317 1688 2372 νῦν
1731 2318 1822 2372 τὸν

211 2402 295 2457 τὰ
350 2402 670 2475 λιπὰσματα
719 2405 829 2458 τῶν
861 2405 1180 2477 ὀφθαλμῶν,
1216 2407 1360 2462 κατά
1387 2408 1567 2480 ψυχὴν
1619 2409 1823 2480 μᾶλλον

215 2495 563 2564 πεπονθότα,
593 2496 627 2568 ἢ
654 2496 1060 2568 φθεγξάμενονο
1090 2500 1186 2554 καὶ
1209 2499 1279 2553 τά
1301 2501 1402 2571 τῆς
1435 2503 1634 2573 σαρκὸς
1656 2501 1825 2556 πιστὰ

219 2589 506 2645 ἔλπίσατα
538 2599 586 2656 ε,
634 2592 731 2646 καὶ
773 2592 1013 2665 εὐσταθῆ
1064 2595 1464 2667 καταστήματα
1495 2596 1823 2669 ἀθλιώτερον

220 2680 538 2753 στέρξαντα
566 2681 600 2754 ἦ
630 2683 1032 2756 ὲκληρήσαντα,
1053 2686 1146 2739 καὶ
1168 2686 1389 2751 πολλαῖς
1421 2688 1700 2753 τοιαύταις
1733 2688 1825 2742 λέ-

222 2793 397 2848 σχαις
417 2775 516 2830 καὶ
538 2780 737 2841 κακαῖς
763 2777 922 2842 ἀταις
948 2778 1404 2847 ὲνασελγαίνοντα
1422 2793 1438 2813 ⁸
1465 2773 1540 2834 ὦν
1571 2781 1681 2834 οὐδ’
1710 2782 1826 2835 ἐτέ-

223 2884 330 2939 ρου
369 2867 616 2939 μιμητὴν
645 2868 726 2932 είς
747 2868 962 2937 λόγους,
993 2868 1101 2922 οὐδ’
1125 2868 1180 2922 εἴ
1207 2887 1292 2932 τις
1352 2870 1589 2933 τοιοῦτος
1614 2871 1823 2943 ἕτερος,

219 2959 326 3013 τὸν
368 2958 670 3030 θαυμάσιον
717 2960 950 3024 Παῦλον,
980 2959 1103 3014 οὐδὲ
1128 2961 1324 3014 πολλοῦ
1357 2961 1458 3026 δεῖ,
1494 2961 1686 3034 ὥσπερ
1715 2962 1835 3016 οὐδ’·

223 3053 314 3116 εἰς
352 3052 612 3124 πράξεις·
645 3051 754 3106 οὐδ’
776 3053 859 3117 είς
886 3052 1072 3119 σέϐας,
1099 3052 1250 3125 θείην
1278 3053 1347 3109 ἂν
1377 3054 1574 3124 ἔγωγε.
1604 3055 1680 3108 Οὐ
1717 3053 1823 3126 μὴν

1923 2035 2330 2104 signiﬁcatione
2421 2036 2796 2090 characterem
2880 2051 3071 2090 eorum
3134 2034 3512 2105 compingere.

1923 2125 2078 2181 Mitto
2109 2127 2162 2180 in
2194 2126 2450 2198 praesenti
2483 2121 2842 2182 oblinimenta
2887 2110 3196 2197 oculorum,
3235 2141 3360 2197 quae
3392 2126 3514 2180 ani-

1925 2234 2073 2272 mum
2117 2218 2299 2289 potius
2331 2215 2595 2286 adiciunt,
2621 2234 2783 2288 quam
2816 2218 3117 2288 loquuntur
3144 2234 3159 2271 :
3183 2215 3366 2272 carnis
3391 2231 3485 2286 spe
3512 2225 3514 2227 '

1925 2319 2097 2364 ratam
2131 2309 2583 2364 constitutionem
2616 2311 2682 2364 ad
2725 2316 2995 2374 amantes,
3027 2306 3198 2363 vel-in
3229 2304 3294 2361 ea
3328 2309 3514 2377 potius

1924 2398 2245 2463 delirantes,
2266 2409 2353 2456 'ac
2380 2399 2570 2456 multis
2617 2399 2930 2455 istiusmodi
2984 2399 3218 2470 negotiis
3249 2398 3432 2470 impiis
3457 2407 3513 2454 et

1925 2489 2252 2571 damnandis
2275 2491 2646 2554 lascivientes,
2682 2505 2916 2560 quorum
2949 2489 3004 2544 in
3049 2488 3281 2545 dicendo
3326 2487 3513 2542 imita-

1927 2585 2128 2639 tionem
2168 2583 2473 2638 mirabilem
2503 2583 2658 2637 illum
2712 2581 2967 2648 Paulum,
3031 2581 3233 2636 nedum
3283 2594 3514 2635 venera-

1927 2661 2101 2732 torem
2158 2676 2415 2742 dixerim,
2470 2685 2525 2732 et
2570 2675 2769 2747 agendi
2821 2674 3174 2746 participem.
3207 2672 3354 2741 Quin
3412 2687 3514 2728 nec

1927 2769 2142 2839 Gorgia;
2173 2768 2385 2824 ludicra
2401 2769 2600 2833 oratio,
2626 2767 2739 2824 fere
2762 2784 2886 2823 cum
2909 2769 3126 2825 scenica
3145 2765 3511 2839 ‘adaequanda,

1927 2873 2146 2933 propter
2173 2862 2489 2917 saltationes
2520 2861 2576 2916 in
2607 2862 2795 2917 choris
2826 2861 3144 2916 salientium
3170 2879 3186 2929 ;
3229 2871 3284 2916 et
3315 2859 3512 2916 molles

1927 2954 2268 3017 inllexiones,
2298 2963 2542 3009 meretur
2579 2967 2704 3008 cum
2729 2951 2995 3023 gravitate
3025 2961 3081 3006 et
3103 2952 3330 3010 incessu
3369 2949 3511 3004 Pau-

1926 3043 2026 3098 lini
2060 3059 2256 3100 sensus
2291 3042 2570 3114 eomponi,
2608 3043 2992 3113 sed-linguam
3027 3042 3118 3097 ille
3151 3056 3308 3096 suam
3345 3054 3508 3112 regu-

222 3144 357 3199 ἀλλ*
384 3144 496 3200 οὐδ’
518 3146 553 3218 η
573 3146 829 3217 Γόργειος
856 3147 1065 3212 παιδιὰ,
1093 3149 1190 3201 καὶ
1217 3147 1416 3220 μικροῦ
1444 3147 1823 3220 παρισουμένη

1929 3138 2036 3192 lam
2073 3135 2308 3190 habebat
2350 3134 2510 3206 quasi
2555 3150 2873 3191 sermonum
2916 3134 3140 3189 illorum
3171 3133 3266 3204 qui
3319 3131 3514 3188 ellerre

223 3241 352 3303 τοῖς
384 3239 479 3293 ἐπὶ
509 3239 718 3312 σκηνῆς
754 3241 864 3295 τῶν
900 3241 1177 3314 χορευτῶν
1225 3243 1565 3314 σκιρτήμασι
1604 3245 1702 3298 καὶ
1732 3244 1825 3298 λυ-

225 3328 502 3400 γίσμασιν
548 3329 934 3399 ἀπαγγέλλειν,
981 3329 1108 3396 ἀξία
1145 3329 1208 3384 τδ
1242 3331 1378 3400 βαθὺ
1408 3331 1504 3384 καὶ⁸
1539 3330 1769 3402 βεϐηκὸς
1799 3330 1820 3372 τ

225 3419 350 3473 τῶν
380 3418 599 3491 ὑψηλῶν
622 3418 836 3473 Παύλου
867 3419 1176 3491 νοημάτων.
1209 3417 1351 3472 Ἀλλ’
1375 3418 1600 3470 ἐκείνων
1625 3434 1688 3487 γε
1715 3417 1825 3470 τῶν

227 3509 416 3580 λόγων
451 3510 551 3582 τὴν
578 3509 826 3582 γλῶτταν
855 3506 971 3582 εἶχε
1002 3509 1228 3576 κανόνα,
1253 3507 1303 3562 οἳ
1321 3508 1656 3580 τηλικούτων
1680 3525 1826 3581 πρα-

229 3602 471 3671 τμάτων
495 3601 588 3656 τὸν
620 3601 747 3657 νοῦν
781 3603 1038 3672 ἐκφέρειν
1070 3600 1325 3655 ἐδύναντο
1354 3600 1477 3655 κατ’
1503 3600 1681 3665 ἀξίαν,
1718 3619 1826 3671 μη-

229 3693 326 3749 δὲν
392 3695 531 3767 μήτε
587 3693 866 3757 δολοῦντες
905 3693 1042 3764 μήτε
1073 3690 1468 3763 ἐξυϐρίζοντες.
1500 3711 1532 3744 -‹
1562 3693 1626 3745 Ὢ
1665 3691 1827 3762 βάθος

232 3784 474 3841 πλούτου
503 3785 599 3840 καὶ
622 3785 816 3856 σοφίας
843 3787 938 3840 καὶ
960 3785 1215 3854 γνώσεως
1237 3785 1402 3839 Θεοῦι
1439 3785 1515 3848 ὡς
1547 3783 1828 3854 ἀνεξερεύ-

234 3895 379 3948 νητα
425 3877 496 3932 τὰ
527 3877 774 3950 κρίματα
803 3875 991 3946 αὐτοῦ,
1031 3878 1126 3931 καὶ
1163 3875 1560 3947 ἀνεξιχνίαστοι
1606 3876 1664 3930 αί
1715 3876 1829 3932 ὁδοὶ

235 3969 442 4026 αύτοῦί
473 3971 592 4039 καὶ,
629 3991 647 4023 ι
667 3970 765 4035 Τίς
792 3958 932 4038 ἔγνω
961 3969 1086 4024 νοῦν
1112 3969 1342 4042 Κυρίου,
1367 3969 1400 4041 ἢ
1423 3969 1507 4032 τίς
1525 3967 1831 4040 σύμϐουλος

237 4063 407 4118 αὐτοῦ
451 4064 702 4134 ὲγένετο;
739 4082 758 4115 ι
816 4063 873 4133 ἦ,
939 4083 958 4117 ι
996 4063 1095 4128 Τίς
1151 4063 1466 4135 προέδωκεν
1523 4062 1673 4134 αὐτῷ
1732 4063 1829 4116 καὶ

237 4157 740 4230 ἀνταποδοθήσεται
799 4155 985 4229 aii-rip;
1015 4157 1251 4228 Χριστὸς
1296 4158 1446 4228 ἡμᾶς
1493 4155 1831 4227 ἐξηγόρασεν

239 4252 308 4304 ὲκ
353 4249 456 4320 τῆς
499 4249 748 4321 κατάρας
781 4249 878 4304 τοῦ
913 4250 1101 4320 νόμου,
1156 4249 1441 4320 γενόμενος
1486 4249 1628 4319 ὑπὲρ
1659 4249 1831 4321 ’ἡμῶν

239 4343 480 4414 κατάρα.
515 4360 535 4393 ι
579 4343 703 4396 Ἐπὶ
742 4342 918 4415 ταύτῃ
950 4343 1016 4412 τῇ
1051 4345 1214 4414 σοφίᾳ
1233 4341 1326 4395 τὸν
1358 4340 1680 4395 διδάσκαλον
1720 4341 1832 4412 ἐγὼ

1925 3236 2179 3300 poterant
2215 3243 2314 3299 pro
2351 3227 2617 3298 dignitate
2657 3235 2933 3282 tantarum
2983 3240 3172 3281 rerum
3200 3239 3424 3281 sensum
3457 3231 3512 3279 et

1907 3321 2277 3389 sententiam,
2311 3321 2430 3375 sine
2469 3321 2579 3375 ulla
2629 3320 2713 3377 sui
2745 3318 3098 3376 contumelia.
3153 3337 3172 3372 ι
3198 3317 3243 3373 0
3282 3317 3514 3373 altitudo

1926 3414 2244 3470 divitiarum
2273 3413 2559 3483 sapientia:
2600 3421 2658 3468 et
2688 3412 3022 3483 cognitionis
3075 3410 3273 3466 divinae
3299 3411 3314 3465 ί
3337 3424 3513 3481 quam

1930 3505 2536 3577 inscrutahiliajudicia
2573 3506 2718 3576 ejus,
2750 3516 2804 3560 et
2848 3502 3383 3582 impcrve‘stigabiles
3409 3503 3513 3558 vite

1929 3597 2052 3667 ejus
2078 3597 2152 3671 ι.»
2191 3595 2278 3662 Et,
2323 3613 2342 3647 ι
2375 3595 2510 3662 Quis
2540 3597 2694 3649 novit
2719 3604 2957 3650 mentem
2983 3591 3242 3646 Domini?
3269 3591 3358 3645 vei
3390 3588 3516 3660 quis

1930 3691 2007 3745 illi
2047 3688 2153 3744 fuit
2177 3704 2207 3742 a
2241 3687 2490 3744 consiliis
2510 3688 2550 3719 "
2575 3687 2636 3742 ἳι
2673 3686 2760 3754 Ει,
2790 3704 2812 3738 ι
2848 3685 2984 3754 Quis
3025 3685 3182 3756 prius
3229 3682 3378 3738 dedit
3413 3681 3517 3753 ipsi

1930 3790 1990 3838 ut
2041 3782 2378 3837 retribuatur
2415 3781 2510 3834 ei?
2553 3778 2808 3835 Christus
2854 3795 2957 3834 nos
2996 3777 3227 3833 redemit
3270 3790 3302 3830 a
3343 3775 3514 3830 male-

1931 3875 2171 3931 dictione
2201 3874 2357 3944 legis,
2395 3872 2579 3928 factus
2606 3872 2720 3942 ipse
2751 3887 2852 3943 pro
2883 3870 3044 3926 nobis
3081 3867 3397 3924 maledictio
3425 3867 3470 3900 ’⁸
3490 3885 3511 3920 ι

1931 3968 2014 4024 0b
2044 3972 2183 4022 hanc
2218 3967 2393 4036 ipsius
2420 3965 2763 4036 sapientiam,
2794 3963 2984 4019 mundi
3021 3965 3305 4020 doctorem
3335 3961 3516 4017 admi-

1933 4076 2022 4116 ror
2048 4075 2168 4130 ego,
2207 4075 2384 4130 neque
2415 4068 2498 4123 est
2521 4074 2645 4114 cum
2668 4057 2899 4112 audacia
2931 4057 3226 4128 conjuncta
3259 4056 3374 4112 haec
3404 4053 3511 4110 ad-

1931 4154 2152 4210 miratio
2184 4167 2304 4208 mea
2333 4171 2346 4208 :
2381 4152 2473 4222 qui
2510 4166 2636 4207 cum
2667 4150 2808 4206 istud
2864 4149 3256 4221 pronuntiabat
3310 4147 3514 4202 intelli-

1933 4247 2082 4319 gibili
2141 4254 2196 4302 et
2229 4243 2500 4301 constanti
2558 4259 2839 4305 sermone,
2891 4241 3304 4311 intelligendum
3363 4241 3518 4296 exhi-

1933 4342 2090 4409 bens,
2145 4356 2281 4412 quo,
2324 4339 2377 4394 id
2409 4338 2557 4410 quod
2628 4339 2890 4394 omnibus
2939 4336 3217 4401 conducit,
3265 4336 3511 4390 docetur.

238 4434 342 4505 τῆς
371 4433 698 4506 οίκουμένης
737 4432 959 4500 θειάζω,
995 4434 1091 4488 καὶ
1139 4431 1378 4498 θειάζειν
1433 4433 1498 4487 ἂν
1544 4434 1712 4501 ἀξίως
1755 4435 1828 4506 μὴ

1939 4438 2078 4505 Quid
2109 4437 2360 4491 dicturus
2384 4443 2468 4491 cst
2519 4433 2774 4489 dictionis
2808 4431 3101 4503 puritatem
3138 4429 3383 4494 intuens,
3417 4443 3518 4483 nec

237 4527 515 4599 τολμηρὸν
547 4525 838 4596 εὐξαίμην,
864 4525 930 4579 δι’
963 4519 1032 4598 ἧς
1062 4525 1287 4580 τοιαῦτα
1316 4524 1638 4595 ἐφθέγγετο,
1674 4527 1828 4596 εὐσή-

1937 4532 2084 4586 illam
2116 4545 2238 4600 qua:
2265 4537 2475 4598 spectat
2503 4525 2887 4582 rectitudinem
2921 4525 3093 4589 vocis,
3127 4532 3182 4578 ct
3206 4538 3514 4593 congruen-

245 4635 333 4691 μῳ
362 4619 463 4689 μὲν
495 4620 592 4673 καὶ
618 4618 856 4689 σταθερᾷ
886 4617 1030 4686 λέξει
1059 4617 1122 4672 τὸ
1155 4619 1335 4690 νόημα
1371 4619 1674 4690 παριστῶν,
1719 4639 1837 4675 κοι-

242 4709 335 4764 νὸν
381 4709 440 4764 δὲ
477 4712 613 4765 πᾶσι
652 4710 714 4764 τὸ
763 4710 958 4782 ὄφελος
1005 4709 1302 4782 προτιθείς.
1354 4711 1420 4763 Τί
1458 4711 1504 4763 δ’
1539 4710 1606 4764 ἂν
1659 4711 1835 4778 εἴποις

244 4804 596 4876 ὲνθεωρήσας
629 4803 792 4858 αὑτοῦ
828 4804 890 4856 τὸ
928 4801 1173 4872 καθαρὸν
1201 4801 1308 4856 τῶν
1337 4805 1620 4875 ῥημάτων,
1651 4805 1713 4859 ού
1738 4804 1838 4876 μό-

243 4897 335 4952 νὸν
374 4896 500 4950 ὅσον
535 4896 616 4959 είς
644 4895 914 4967 ὀρθότητα
953 4895 1138 4966 φωνῆς
1178 4895 1274 4948 καὶ
1319 4897 1660 4967 συμμετρίαν
1701 4897 1828 4967 ἥκει

243 4987 514 5059 περιόδων
543 4988 877 5060 ἐναρμονίως
901 4969 1350 5059 συστελλόμενον,
1385 4988 1522 5041 ἀλλὰ
1556 4989 1650 5043 καλ⁸
1697 4991 1751 5045 εἴ
1777 5008 1831 5045 τι

247 5081 386 5152 πρὸς
429 5081 530 5153 τὴν
578 5081 688 5136 τῶν
725 5082 1068 5153 πραγμάτων
1120 5080 1402 5151 ἀφήγησιν
1446 5081 1830 5147 ἀπευθύνεται,

251 5172 417 5244 μηδὲν
443 5171 552 5227 τῶν
577 5174 892 5242 ἀναγκαίων
925 5172 1126 5238 ἔξωθεν
1157 5172 1573 5246 ὲπισυρόμενον,
1594 5176 1679 5243 ἐφ’
1707 5175 1833 5228 ὅσον

249 5281 308 5319 τε
352 5265 412 5320 τὸ
450 5267 828 5340 τετραμμένον
869 5267 981 5319 τῶν
1038 5264 1358 5336 ὀνομάτων,
1403 5267 1498 5320 καὶ
1551 5266 1678 5320 ὅσον
1737 5266 1833 5321 ἐπὶ

325 5384 370 5417 ¹⁷
409 5382 572 5441 Rom.
608 5399 689 5453 xi,
720 5383 812 5440 55.
891 5382 936 5416 ⁸⁸
967 5382 1146 5441 Galat.
1181 5399 1266 5451 ιιι,
1313 5383 1400 5439 15.

1935 4631 2018 4676 ter
2056 4619 2332 4675 consentit
2380 4634 2506 4673 cum
2555 4617 2765 4687 periodi
2816 4616 3126 4682 harmonia,
3163 4614 3256 4670 sed
3292 4612 3517 4667 ulterius

1933 4715 1999 4770 ad
2032 4730 2213 4769 rerum
2261 4711 2634 4784 cOgnitionem
2668 4708 2928 4779 dirigitur
2959 4706 3364 4778 explicandam,
3419 4719 3520 4758 nec

1934 4809 2235 4880 quidquam
2271 4804 2643 4862 necessarium
2684 4801 2752 4858 de
2784 4800 2924 4856 foris
2957 4799 3208 4856 accersit.
3237 4797 3344 4855 Sed
3373 4795 3518 4868 quod

1934 4917 2128 4957 vocum
2167 4899 2534 4955 inversionem
2569 4902 2802 4966 spectat,
2855 4901 2912 4948 et
2937 4892 3138 4948 durum
3167 4889 3298 4962 quid
3324 4904 3434 4959 prae
3459 4901 3518 4942 so

1935 4991 2042 5048 fert
2075 4992 2396 5047 distinctum
2428 4989 2564 5044 scite
2589 4987 2844 5058 ablegat:
2887 4982 3111 5040 sublimi
3163 4981 3348 5054 generi
3390 4994 3517 5050 per-

1937 5086 2310 5155 spicuitatcm,
2350 5082 2396 5138 si
2439 5081 2563 5153 quis
2597 5079 2762 5146 alius,
2786 5093 2972 5134 revera
2994 5075 3119 5148 plus
3152 5090 3316 5144 quam
3353 5073 3516 5138 alius,

1939 5175 2144 5245 ubique
2184 5172 2587 5228 intermiscens.
2627 5169 2738 5226 Nec
2787 5168 2875 5224 hic
2930 5181 3330 5232 commemoro,
3367 5163 3517 5236 quod

1941 5265 2324 5323 conciliator-io
2369 5273 2422 5320 et
2449 5263 2740 5321 dictatorio
2771 5261 2984 5317 dicendi
3021 5270 3221 5332 genere
3251 5265 3512 5316 unum

1560 5462 1799 5529 VARME
1839 5471 2225 5530 LECTIONES
2237 5517 2249 5530 .

361 5577 388 5607 °
407 5565 543 5624 (ΖΜ.
567 5566 903 5640 ἐλπίσματα.

1016 5567 1035 5607 ί
1069 5567 1155 5624 τσ.
1195 5566 1379 5643 [male]
1416 5566 1767 5638 ὲπιϐεόηκός.
1796 5565 1859 5622 C.
1917 5564 1990 5620 M.
2033 5567 2286 5638 βεϐηκός.

1787 5655 1923 5714 ΝΟΤ
1925 5655 2016 5712 1E.

367 5751 504 5826 (l9‘)
526 5754 808 5815 Platonem
844 5758 1117 5833 intelligit.
