3880 6206
327 305 435 375 587

1487 312 1750 376 PHOTII
1787 282 2296 375 PATRIARCHJE
2322 313 2434 376 CP.

3495 309 3611 375 588

324 424 437 482 Nec
488 424 632 497 quod
660 424 729 482 de
760 425 964 483 divinis
1014 426 1180 483 rebus
1234 428 1541 484 instituitur
1584 445 1803 496 sermo;
1859 436 1914 483 ct

2037 429 2077 483 ιδ
2131 428 2370 501 σκληρὸν
2416 427 2676 484 ἀπονεὺει
2734 426 3008 504 διακρίνον
3049 425 3231 493 καλῶς
3270 424 3576 498 ἀποπέμπε
3602 459 3614 467 ο

327 533 451 588 quze
501 518 744 573 maximo
801 520 1012 575 honore
1064 520 1208 590 apud
1266 520 1521 576 homines
1582 520 1904 575 habentur:

327 624 429 664 nec
452 608 597 681 qttod
632 610 905 666 neminem
936 611 1100 666 habet
1125 611 1219 681 qui
1268 612 1447 681 possit
1470 612 1651 682 ipsum
1704 610 1909 666 imitari

328 702 381 755 in
413 701 777 757 illuminanda
806 714 860 758 et
888 703 1208 758 illustranda
1239 703 1511 757 oratione.
1568 720 1587 755 ι
1618 703 1909 759 Certamen

326 792 535 846 bonum
592 794 796 848 certavi
830 811 843 849 :
877 810 1099 848 cursum
1134 793 1345 849 confeci
1380 812 1394 849 :
1453 794 1615 849 ﬁdem
1647 794 1861 849 servavi
1892 810 1907 861 ;

330 885 397 937 de.
425 891 644 950 caetero,
677 886 916 956 reposita
948 894 1033 940 est
1081 885 1213 940 mihi
1264 886 1497 957 justitiaa
1551 900 1756 941 corona
1784 886 1850 941 ι’.
1887 904 1906 939 ι

332 972 420 1041 Ει,
459 976 567 1029 «Ita
596 991 780 1041 curro,
822 987 881 1032 ut
912 992 1020 1031 non
1052 978 1104 1032 in
1140 992 1339 1032 vanum
1373 996 1386 1032 :
1430 978 1502 1032 ita
1532 988 1703 1041 certo,
1729 986 1914 1032 utnon

333 1082 517 1124 aerem
548 1068 826 1137 ﬂagellatis
849 1070 914 1124 ¹⁰.
931 1088 1034 1121 ι-
1052 1069 1182 1136 «Qui
1204 1071 1256 1124 itt
1281 1069 1456 1126 lorma
1472 1070 1618 1151 servi
1645 1069 1918 1126 exsistens

335 1178 445 1217 non
480 1164 751 1235 reputavit
781 1165 1026 1235 rapinam
1061 1180 1179 1222 esse
1212 1165 1476 1237 aequalem
1515 1166 1647 1231 Deo,
1679 1165 1773 1220 sed
1802 1162 1920 1221 exi-
1972 1168 1983 1171 ⁷⁷

335 1258 548 1313 ιι.ιιιίι·ἰι
626 1258 1004 1328 semetipsum,
1067 1260 1210 1315 servi
1296 1259 1530 1315 formam
1596 1273 1914 1313 assumens.

332 1351 679 1422 QuaproptEr
739 1350 880 1407 Deus
922 1352 1099 1421 ipsum
1156 1352 1606 1422 superexaltavit,
1658 1363 1715 1407 et
1769 1350 1919 1406 dedit

334 1444 412 1498 illi
447 1460 643 1499 nomen
691 1460 858 1513 super
880 1459 1046 1500 omne
1098 1459 1323 1509 nomen,
1350 1454 1410 1498 ut
1457 1444 1510 1498 in
1543 1443 1764 1498 nomine
1786 1440 1917 1497 Jesu

334 1552 503 1600 omne
556 1551 697 1607 genu
753 1535 1026 1601 ﬂectatur,
1081 1536 1415 1602 caelestium,
1461 1535 1830 1599 terrestrium,
1865 1542 1921 1590 et

335 1628 719 1691 infernorum;
774 1638 828 1683 et
872 1628 1052 1682 omnis
1118 1628 1306 1698 lingua
1367 1628 1716 1692 conliteatur,
1770 1625 1919 1696 quod

2014 539 2124 587 ται,
2153 522 2333 575 καίτοι
2368 521 2589 591 μεγέθει
2621 521 2683 577 τὺ
2722 523 2913 593 σαφὲς,
2943 522 3020 587 ώς
3057 521 3112 576 εῐ
3143 538 3228 585 τις
3255 518 3435 586 ἄλλος,
3464 521 3612 591 μᾶλ-

2014 612 2106 667 λον
2128 613 2173 668 δ’
2202 613 2279 677 ώς
2304 612 2480 677 οὐδεὶς
2509 612 2720 687 ἔτερος,
2745 612 2814 667 δι’
2842 612 2980 667 ὅλων
3003 612 3467 684 ἐγκερασάμενος.
3495 610 3617 664 Καὶ

2015 704 2169 760 οὑπω
2194 706 2352 761 τοῦτό
2384 724 2527 777 φημι
2569 707 2767 779 ὅτιπερ
2801 706 2879 779 τῷ
2908 704 3357 777 συμϐουλευτικῷ
3403 704 3499 757 καὶ
3523 721 3617 755 νος

2020 795 2292 876 μοθετικῷ
2325 786 2754 852 διαποικίλλεται
2780 815 2794 830 ·
2842 798 2954 853 οὐδ’
2984 798 3067 852 ὅτι
3111 798 3240 868 περὶ
3270 795 3433 850 θείων
3461 798 3490 849 ὁ
3518 794 3619 848 λό-

2018 907 2114 966 γος
2138 890 2286 961 αὑτῷ
2309 890 2674 963 πραγμάτων,
2698 891 2923 945 καὶτῶν
2952 890 3010 944 ὲν
3036 887 3348 962 ἀνθρώποις
3373 887 3623 959 μάλιστα

2016 982 2246 1053 τιμίωνο
2276 982 2392 1036 ἀλλ’
2419 982 2526 1036 οὐδ’
2563 983 2647 1036 ὅτι
2684 981 3107 1054 λαμπρύνεσθαι
3145 981 3240 1036 καὶ
3269 979 3512 1052 φαιδρῶς
3539 982 3622 1032 εἰ·

2019 1077 2142 1129 πεῖν
2172 1074 2417 1151 μιμητὴν
2447 1075 2548 1129 οὑκ
2578 1074 2737 1147 ἔχων.
2774 1076 2909 1129 «Τὸν
2930 1074 3121 1143 ἀγῶνα
3144 1074 3236 1127 τὸν
3261 1072 3432 1127 καλὸν
3459 1070 3622 1142 imir-

2021 1186 2212 1241 νισμαι
2230 1186 2245 1203 ο
2284 1170 2377 1224 τὸν
2402 1168 2603 1239 δρόμον
2625 1166 2884 1222 τετέλεκα
2901 1184 2915 1200 ⁸
2943 1166 3044 1238 τὴν
3079 1166 3264 1220 πίστιν
3291 1165 3579 1237 τετήρηκα
3601 1180 3621 1197 ο

2019 1262 2206 1317 λοιπὸν
2242 1262 2531 1318 ἀπόκειταί
2578 1278 2669 1334 μοι
2720 1262 2748 1314 ὁ
2790 1263 2892 1332 τῆς
2931 1258 3277 1331 δικαιοσύνης
3326 1258 3620 1327 στέφανος.

2021 1352 2180 1407 υὺτω
2200 1354 2398 1425 τρέχω,
2429 1351 2504 1417 ὡς
2530 1351 2632 1405 οὑκ
2655 1349 2886 1420 ἀδήλως.
2913 1347 3071 1403 Οῦτω
3099 1345 3380 1412 πυκτεύω,
3412 1343 3491 1409 ὡς
3518 1342 3626 1398 οὑκ

2020 1445 2160 1517 ἀέρα
2184 1444 2378 1512 δέρων.
2408 1463 2427 1497 ι
2467 1443 2600 1510 Καὶ,
2638 1461 2658 1496 σ
2694 1444 2793 1507 ’ος
2828 1442 2887 1498 ἐν
2927 1443 3111 1513 μορφῇ
3159 1439 3296 1493 Θεοῦ
3328 1438 3623 1508 ὑπάρχων,

2022 1536 2122 1607 οὑχ
2150 1534 2443 1607 ἁρπαγμὸν
2472 1534 2721 1606 ἡγήσατο
2751 1532 2812 1589 τὸ
2842 1527 2985 1587 εἶναι
3024 1531 3114 1586 ἴσα
3146 1527 3266 1600 Θεῷ
3290 1543 3306 1560 ο
3338 1525 3454 1581 ἀλλ’
3490 1526 3627 1579 ἐαυ-

2021 1627 2114 1680 τὸν
2155 1626 2412 1688 ἐκένωσε,
2452 1625 2668 1698 μορφὴν
2704 1624 2893 1679 δούλου
2933 1622 3144 1676 λαϐών·
3176 1620 3255 1677 διὸ
3284 1618 3382 1673 καὶ
3422 1620 3451 1673 ὁ
3484 1617 3627 1681 Θεὸς

337 1718 607 1775 Dominus
637 1717 796 1775 Jcsus
817 1719 1071 1776 Christus
1094 1729 1176 1793 est
1206 1721 1258 1773 in
1286 1720 1457 1792 gloria
1489 1718 1581 1773 Dei
1612 1717 1783 1788 patris
1813 1716 1913 1772 ".r

2037 1718 2187 1772 ιὺτδν
2233 1716 2582 1790 ὑπερύψωσε,
2635 1716 2731 1770 καὶ
2790 1714 3088 1796 ἐχαρίσατο
3134 1711 3284 1783 αὑτῷ
3337 1710 3511 1781 ὄνομα
3557 1708 3627 1761 τὸ

340 1823 396 1869 et
430 1830 445 1866 :
494 1831 512 1866 ι
545 1813 913 1870 Conversatid
938 1822 1129 1869 nostra
1163 1814 1217 1868 in
1240 1813 1394 1869 caelis
1433 1822 1537 1878 est,
1574 1812 1712 1869 unde
1738 1820 1792 1865 et
1816 1826 1914 1865 ex-

2037 1815 2167 1889 ὅπερ
2194 1816 2301 1869 πᾶν
2323 1787 2514 1885 δνομα,
2539 1812 2629 1866 ἵνα
2662 1813 2720 1865 ἐν
2744 1810 2822 1881 τῷ
2852 1787 3079 1880 ὀνόματι
3117 1806 3319 1878 Ἰησοῦ,
3352 1807 3461 1859 πᾶν
3489 1804 3627 1873 γόνυ

336 1912 650 1974 Spectamus
690 1903 1040 1967 Servatorem
1069 1904 1363 1959 Dominunt
1389 1902 1577 1959 Jesum
1612 1903 1916 1965 Christum,

338 1995 431 2065 qui
473 1994 896 2052 transformabit
943 2012 1146 2067 corpus
1201 1996 1529 2052 humilitatis
1580 2005 1805 2058 nostrae,
1864 2004 1923 2051 ut

341 2090 675 2146 assimiletur
722 2091 939 2162 corpori
980 2092 1166 2163 gloriae
1217 2091 1393 2161 ipsius
1420 2091 1487 2144 ²¹.
1528 2108 1547 2142 ι
1606 2088 1774 2144 Valde
1798 2097 1923 2143 sunt

342 2183 461 2239 haec
489 2186 834 2241 admiranda.
896 2185 1120 2255 (Quidni
1150 2186 1318 2255 enim)
1349 2200 1473 2243 cum
1509 2184 1580 2239 ob
1626 2184 1755 2247 alia,
1807 2193 1922 2238 tum

342 2288 564 2349 propter
594 2279 1038 2354 perspicuitatem
1074 2292 1127 2335 et
1158 2280 1452 2351 puritatem
1482 2293 1759 2337 summam
1792 2292 1924 2332 con-

343 2380 678 2426 currentem.
718 2371 821 2427 Sed
848 2372 1028 2442 qualis
1060 2370 1163 2427 fuit
1196 2371 1248 2426 in
1278 2369 1585 2433 sententiis,
1608 2368 1731 2427 talis
1771 2369 1924 2423 vidc-

344 2469 434 2517 tur
472 2462 527 2515 in
550 2464 820 2518 sententia
859 2463 1099 2529 ferenda,
1133 2464 1185 2518 in
1208 2464 1611 2527 convincendo,
1646 2465 1699 2518 in
1740 2479 1925 2533 reprc-

345 2554 658 2621 hendendo,
699 2571 822 2611 cum
874 2566 1110 2627 oportet,
1140 2565 1196 2614 et
1226 2558 1502 2628 quomodo
1554 2566 1790 2628 Oportet,
1832 2570 1928 2627 per

344 2645 769 2705 declarationem
811 2657 864 2703 et
896 2651 1335 2713 testiﬁcationem
1384 2665 1493 2704 non
1548 2650 1924 2705 ﬂuctuantem.

352 2756 373 2792 ι
411 2738 468 2793 In
503 2756 614 2814 quo
662 2741 788 2811 quis
829 2743 1090 2807 vincitur,
1127 2743 1175 2797 ei
1225 2758 1421 2798 servus
1488 2742 1776 2812 subjicitur
1800 2742 1864 2794 ”.
1904 2759 1923 2792 ι

353 2848 373 2883 ι
410 2830 787 2903 Corrumpunt
831 2834 1006 2897 bonos
1072 2850 1255 2903 mores
1299 2835 1572 2904 colloquia
1624 2834 1872 2903 prava“.
1905 2852 1923 2886 ι

346 2922 435 2986 Et.
471 2943 491 2975 ι
529 2922 645 2991 Hoc
679 2924 910 2995 alIirnto,
958 2926 1102 2996 quod
1137 2942 1267 2981 caro
1298 2935 1353 2981 et
1406 2926 1653 2996 sanguis,
1698 2940 1928 2996 regnum

350 3018 446 3073 Dei
478 3034 586 3074 non
616 3020 1008 3090 possidebunt:
1044 3035 1219 3090 neque
1249 3021 1397 3074 enim
1433 3018 1717 3089 corruptio
1744 3018 1933 3072 luere—

2025 1908 2219 1979 κάμψῃ
2250 1906 2613 1977 ἐπουρανίων,
2650 1905 2743 1958 καὶ
2782 1902 3065 1972 ἐπιγείων,
3092 1898 3189 1955 καὶ
3221 1896 3627 1968 καταχθονίων,

2024 2003 2121 2057 καὶ
2147 2002 2296 2055 πᾶσα
2313 1999 2535 2068 γλῶσσα
2561 1996 3046 2067 ἐξομολογήσηται,
3064 1993 3145 2047 ὅτι
3173 1990 3377 2064 Κύριος
3412 1988 3631 2059 Ἰησοῦς

2024 2094 2261 2165 Χριστὸς
2292 2094 2372 2159 είς
2396 2091 2554 2159 δόξαν
2582 2089 2718 2143 Θεοῦ
2745 2087 2960 2159 Πατρός
2984 2102 2997 2117 ·
3044 2105 3063 2140 ι
3097 2086 3214 2147 καὶ,
3254 2102 3271 2136 ι
3302 2081 3489 2153 Ἡμῶν
3514 2080 3632 2151 γὰρ

2025 2190 2085 2243 τὸ
2120 2188 2427 2255 πολίτευμα
2454 2187 2511 2240 ἐν
2541 2183 2792 2255 οὐρανοῖς
2819 2180 3080 2251 ὑπάρχει,
3111 2177 3170 2243 ἐξ
3191 2170 3253 2233 οὑ
3277 2176 3373 2230 καὶ
3394 2175 3635 2243 Σωτῆρα

2027 2280 2438 2353 ἀπεκδεχόμεθα
2452 2278 2656 2349 Κύριον
2687 2273 2894 2347 Ἰησοῦν
2912 2272 3168 2345 Χριστὸν,
3186 2270 3243 2333 ὃς
3267 2285 3512 2340 μετασχη
3523 2284 3635 2336 μαο

2027 2376 2166 2430 τίσει
2198 2374 2259 2428 τὸ
2291 2373 2452 2442 σῶμα
2470 2370 2567 2441 τῆς
2588 2367 2973 2429 ταπεινώσεως
2994 2364 3172 2436 ἡμῶν,
3195 2366 3271 2426 εἰς
3292 2362 3353 2415 τὸ
3372 2358 3635 2429 γενέσθαι

2028 2468 2159 2525 αὑτὸ
2184 2466 2464 2539 σύμφορον
2483 2462 2561 2533 τῷ
2584 2460 2799 2532 σώματι
2836 2459 2936 2529 τῆς
2966 2457 3122 2529 δόξης
3142 2455 3329 2510 αὑτοῦ.
3361 2472 3380 2507 ι
3407 2453 3639 2521 Θαυμα-

2033 2561 2135 2616 στά
2155 2561 2251 2633 μὲν
2272 2558 2381 2629 γὰρ
2402 2557 2539 2626 ἄγαν
2562 2556 2656 2608 καὶ
2679 2553 2852 2609 ταῦτα
2884 2550 3040 2625 (πῶς⁹
3057 2550 3163 2621 γὰρ
3187 2547 3247 2601 οῦ
3271 2550 3308 2618 ;)
3339 2546 3395 2601 ἐν
3420 2562 3480 2599 τε
3515 2545 3637 2607 τοῖς

2033 2654 2213 2717 ἄλλοις
2261 2651 2355 2705 καὶ
2389 2650 2488 2719 τῆς
2530 2647 2616 2702 ἐπ’
2653 2646 2824 2718 ἄκρον
2847 2643 3154 2715 συνδρομῆς
3180 2637 3538 2711 φαιδρότητός
3566 2652 3633 2691 τε

2032 2746 2126 2800 καὶ
2144 2743 2538 2815 καθαρότητος.
2573 2740 2711 2794 Ἀλλ’
2746 2734 2857 2803 οἷος
2890 2739 2946 2791 ἐν
2974 2735 3053 2806 τῷ
3083 2732 3451 2804 γνωμολογεῖν
3480 2731 3507 2770 ε
3536 2727 3636 2781 καὶ

2034 2834 2309 2898 εὐσταθῶς
2331 2829 2731 2904 ἀποφαίνεσθαι
2751 2828 2997 2898 ἐλέγχειν
3035 2823 3166 2877 ἔνθα
3202 2823 3281 2877 δεῖ
3314 2822 3409 2875 καὶ
3427 2820 3504 2885 ώς
3548 2817 3637 2871 δεῖ

2034 2929 2295 2999 ἐπιτιμᾷν
2350 2920 2863 2997 διαμαρτύρεσθαι;
2916 2911 3031 2991 ιτῼ
3081 2917 3192 2987 γάρ
3240 2932 3325 2979 τις
3370 2915 3631 2989 ἥττηται,

2035 3022 2209 3091 τούτῳ
2233 3021 2326 3073 καὶ
2353 3016 2700 3071 δεδούλωται.
2735 3033 2754 3067 ι
2785 3044 2850 3055 -—
2883 3031 2902 3067 ι
2938 3010 3255 3086 Φθείρουσιν
3280 3008 3384 3079 ἤθη
3417 3005 3639 3077 χρηστὰ

348 3112 546 3171 ditabit
591 3113 1063 3181 incorruptionem
1088 3115 1155 3167 ".
1192 3133 1211 3168 ι
1241 3143 1311 3164 -τ-
1366 3132 1384 3166 ι
1416 3112 1733 3170 Currebatis
1774 3111 1930 3178 bene,

2039 3114 2247 3185 ὁμιλίαι
2279 3110 2477 3165 κακαί’
2510 3127 2529 3162 ι
2569 3109 2683 3175 καὶ,
2726 3125 2745 3160 ι
2783 3104 2955 3165 Τοῦτο
2983 3103 3041 3159 δέ
3066 3120 3232 3174 φημι,
3257 3102 3339 3155 ὅτι
3371 3098 3508 3171 σάρξ
3542 3097 3640 3155 καὶ

350 3204 477 3273 quis
526 3218 626 3259 vos
689 3204 989 3267 fascinavit
1018 3213 1079 3261 ut
1137 3221 1205 3259 ne
1270 3204 1483 3260 veritati
1523 3205 1933 3273 obtemperare-

350 3298 506 3365 tis“.
540 3316 559 3349 ι
593 3297 700 3365 Et:
748 3316 767 3349 ι
792 3296 970 3365 Nolite
1000 3313 1210 3365 errare,
1250 3298 1393 3354 Deus
1430 3314 1536 3353 non
1568 3298 1811 3354 illuditur
1830 3296 1933 3351 ".r

352 3387 456 3443 Et:
505 3406 523 3439 ι
556 3388 633 3443 En
659 3404 761 3461 ego
782 3388 984 3445 Paulus
1019 3390 1172 3446 vobis
1231 3390 1501 3446 denuntio
1559 3389 1707 3461 quod
1742 3389 1788 3445 si
1823 3389 1936 3443 cir-

353 3481 775 3547 cumcidemini,
834 3482 1087 3539 Christus
1130 3482 1288 3539 vobis
1345 3482 1480 3537 nihil
1552 3480 1880 3552 proderit".
1914 3498 1933 3535 ι

351 3574 422 3633 Ει
448 3593 462 3630 :
492 3592 512 3627 ι
537 3574 828 3631 Testiiicor
860 3576 1013 3633 omni
1046 3575 1252 3641 homini
1295 3575 1642 3641 circumciso,
1677 3573 1823 3644 quod
1847 3574 1941 3629 de-

353 3671 500 3727 bitor
564 3680 653 3727 est
706 3671 801 3733 toti
842 3670 945 3742 legi
1008 3670 1293 3735 servandae.
1324 3672 1426 3731 ι’»
1480 3670 1584 3725 Et:
1642 3688 1660 3722 ι
1693 3658 1943 3724 Aitdctne

358 3762 485 3834 quis
512 3763 607 3833 qui
640 3763 921 3834 negotium
956 3778 1082 3821 cum
1120 3762 1229 3821 alio
1258 3762 1423 3823 habet
1463 3763 1529 3819 de
1556 3762 1773 3834 injuriis
1798 3761 1943 3831 apud

358 3852 870 3921 exterosjudicium
900 3851 1106 3923 subire,
1140 3861 1194 3906 et
1224 3866 1331 3906 non
1373 3867 1556 3907 coram
1590 3852 1797 3909 sanctis
1818 3852 1861 3883 ³ο
1884 3851 1937 3914 ἲ»

356 3942 519 4005 Certe
553 3944 697 4011 idem
726 3952 811 4001 est
838 3944 1244 4013 magnitudines
1283 3958 1474 4000 omnes
1503 3944 1555 3997 in
1584 3960 1753 3999 unum
1786 3944 1945 3999 colli-

359 4049 505 4105 gere,
536 4043 587 4088 et
619 4034 741 4105 ejus
788 4050 1102 4089 sermonum
1141 4033 1571 4110 compositiones
1614 4051 1710 4105 per
1758 4036 1945 4091 omnia

358 4125 638 4196 relegere:
695 4126 832 4180 adeo
880 4127 1084 4197 ubique
1151 4125 1392 4197 dignitas
1413 4134 1467 4185 ct
1519 4126 1777 4197 majestas
1849 4142 1946 4195 per

360 4215 608 4285 singulas
675 4215 947 4272 dictiones
1009 4217 1390 4288 permiscetur.
1462 4217 1532 4272 At
1594 4234 1779 4274 mores
1826 4218 1947 4287 ejus

360 4309 593 4379 quales:
632 4329 649 4358 ι
684 4308 939 4377 Christus
992 4312 1047 4367 in
1088 4311 1355 4367 mundum
1409 4312 1579 4377 venit,
1631 4320 1947 4382 peccatores

360 4406 544 4456 sazvos
591 4401 793 4469 facere,
838 4418 1078 4474 quorum
1136 4420 1237 4476 ego
1295 4405 1507 4479 primus
1540 4419 1662 4468 sum
1681 4404 1796 4459 ἰ.»
1848 4402 1946 4459 Et:

2040 3205 2180 3277 αἷμα
2214 3202 2491 3277 βασιλείαν
2535 3200 2671 3255 Θεοῦ
2714 3196 3125 3270 κληρονομῆσαι
3158 3194 3221 3248 οὑ
3254 3192 3483 3255 δὺναται
3512 3190 3641 3248 οὑδέ

2040 3302 2073 3371 ὴ
2108 3296 2283 3371 φθορά
2303 3296 2400 3364 τὴν
2424 3292 2733 3365 ἀφθαρσίαν
2756 3290 3104 3360 κληρονομεῖ.
3146 3306 3164 3338 ι
3200 3314 3269 3325 --
3292 3304 3310 3338 ι
3351 3284 3641 3355 Ἐτρέχετε

2042 3391 2265 3454 καλῶς’
2313 3388 2398 3453 τίς
2450 3388 2597 3458 ὑμᾶς
2636 3384 2908 3438 ἐϐάσκανε
2952 3385 3019 3453 τῇ
3058 3379 3290 3451 ἀληθεία
3338 3380 3413 3449 μὴ
3449 3376 3643 3434 πείθει-

2046 3481 2208 3547 σθαι;
2251 3499 2268 3531 ι
2306 3480 2422 3543 καὶ,
2478 3495 2497 3529 ι
2529 3475 2620 3548 Μὴ
2662 3473 2964 3538 πλανᾶσθε,
3006 3471 3138 3535 Θεὸς
3191 3471 3252 3524 οὑ
3304 3468 3646 3541 μυκτηρίζε-

2044 3592 2166 3631 ταιο
2210 3593 2229 3627 ι
2275 3572 2392 3635 καὶ,
2425 3590 2443 3623 ι
2480 3570 2599 3635 Ἰδὲ,
2637 3567 2751 3631 ἐγὼ
2801 3567 3017 3631 Παῦλος
3062 3566 3210 3635 λέγω
3238 3566 3369 3636 ὑμῖν
3406 3565 3492 3618 ὅτι
3542 3562 3646 3621 ἐὰν

2047 3662 2473 3738 περιτέμνησθε,
2504 3661 2742 3733 Χριστὸς
2769 3661 2915 3732 ὑμᾶς
2945 3659 3098 3713 οὐδὲν
3128 3657 3431 3729 ὠφελήσει·
3466 3673 3485 3709 ι
3521 3657 3644 3719 καὶ,

2064 3779 2082 3813 ι
2106 3757 2474 3831 Μαρτὺρομαι
2500 3754 2667 3808 παντὶ
2692 3752 2966 3825 ἀνθρώπῳ
2992 3749 3469 3822 περιτεμνομένῳ,
3489 3747 3646 3815 ὀφει-

2047 3852 2206 3922 λέτης
2243 3850 2392 3911 ἐστὶν
2420 3848 2541 3906 ὅλον
2570 3847 2660 3900 τὸν
2690 3846 2855 3917 νόμον
2894 3844 3123 3916 ποιῆσαι
3144 3861 3158 3876 ο
3203 3862 3222 3895 ι
3256 3844 3370 3907 καὶ,
3411 3859 3430 3893 ι
3453 3840 3649 3912 Τολμᾷ

2048 3966 2131 4011 τις
2162 3940 2395 4018 πρᾶγμα
2426 3944 2564 4016 ἔχων
2590 3942 2726 4014 πρὸς
2754 3941 2845 3995 τὸν
2865 3934 3077 4011 ἕτερον,
3104 3936 3390 4010 κρίνεσθαι
3412 3934 3507 3989 ἐπὶ
3531 3934 3647 3987 τῶν

2049 4040 2274 4105 ἀδίκων,
2305 4040 2403 4095 καὶ
2433 4037 2559 4110 οὑχὶ
2588 4035 2681 4090 ἐπὶ
2705 4035 2813 4089 τῶν
2848 4033 3041 4103 ἀγίων.
3074 4051 3093 4086 ι
3132 4032 3243 4087 Καὶ
3275 4032 3390 4084 ἴσον
3420 4028 3544 4082 ἐστὶ⁸
3576 4027 3648 4082 τὰ

2048 4129 2144 4184 τοῦ
2182 4127 2445 4200 μεγέθους
2483 4125 2763 4194 συλλέγειν
2811 4124 2907 4179 καὶ
2953 4123 3050 4187 τὰς
3093 4123 3305 4180 ἐκείνου
3360 4117 3649 4182 συντάξεις

2050 4224 2130 4286 εἰς
2160 4221 2456 4291 ὁλόκληρον
2495 4216 2917 4285 ἀναγινώσκειν,
2950 4213 3124 4275 οὑτως
3156 4212 3290 4267 αὑτὸ
3328 4212 3390 4271 τδ
3424 4210 3648 4282 ἀξίωμα

2049 4315 2117 4369 δι’
2141 4314 2278 4373 ὅλων
2310 4312 2578 4382 κέκραται
2612 4310 2719 4363 τῶν
2746 4307 2941 4377 λόγων.
2984 4308 3148 4361 Ἀλλά
3179 4307 3240 4360 τὸ
3268 4302 3400 4378 ἦθος
3424 4306 3646 4371 δποῖονς

2061 4427 2080 4462 ι
2120 4404 2353 4478 Χριστὸς
2383 4398 2549 4477 ἦλθεν
2584 4403 2663 4466 εἰς
2697 4402 2791 4455 τὸν
2851 4401 3058 4471 κόσμον
3116 4398 3477 4471 ἁμαρτωλοὺς
3535 4396 3649 4451 σῶ-

370 4514 390 4549 r
423 4494 534 4567 Ego
568 4496 829 4552 minimus
866 4513 988 4553 sum
1030 4498 1430 4567 apostolorum,
1486 4499 1580 4567 qui
1614 4513 1711 4552 nec
1750 4497 1932 4571 dignus

2060 4520 2171 4560 σαι.
2227 4495 2302 4552 ὗν
2363 4497 2580 4570 πρῶτός
2640 4497 2759 4567 εἰμι
2814 4494 2953 4564 ἐγώ·
2994 4514 3014 4549 ι
3080 4494 3197 4559 καὶ,
3265 4512 3285 4547 ι
3348 4491 3491 4560 Ἐγὼ
3536 4492 3651 4563 γάρ

363 4600 487 4639 sum
523 4585 705 4639 vocari
738 4586 1020 4655 apostolus
1040 4586 1107 4640 ".
1140 4604 1159 4638 ι
1199 4595 1254 4640 et
1282 4603 1297 4641 :
1328 4605 1346 4637 ι
1380 4585 1640 4640 Desidero
1676 4596 1725 4641 te
1752 4587 1957 4653 videre,

365 4692 577 4731 memor
632 4686 851 4731 tuarum
910 4678 1317 4749 lacrymarum,
1372 4686 1432 4731 ut
1477 4676 1738 4749 gaudium
1783 4676 1961 4749 perci-

362 4770 548 4840 piant;
597 4771 1034 4831 recordationem
1084 4770 1294 4833 habens
1339 4771 1463 4825 ΩιΙυί
1500 4786 1623 4840 quae
1665 4768 1723 4825 in
1770 4778 1821 4824 te
1853 4777 1958 4833 est,

363 4864 485 4919 sine
515 4862 817 4934 hypocrisi,
850 4880 973 4934 qua:
1019 4866 1262 4933 primum
1311 4863 1575 4917 habitavit
1607 4864 1663 4917 in
1700 4863 1821 4916 avia
1869 4871 1964 4921 tua

370 4954 559 5023 Loide,
594 4966 649 5013 et.
677 4969 853 5013 matre
883 4967 973 5013 tua
1006 4957 1207 5015 Eunice
1232 4958 1327 5008 ³³.»
1353 4986 1422 4996 ——
1444 4954 1699 5010 «Utinam
1732 4956 1953 5015 exscin-

372 5052 656 5115 dercutur,
690 5049 784 5120 qui
818 5065 915 5105 vos
944 5049 1276 5115 conturbant
1296 5046 1643 5105 ".r—tSine
1676 5048 1836 5103 nobis
1871 5063 1956 5104 re-

366 5140 598 5209 gnastis,
646 5149 703 5194 et
754 5140 962 5194 utinam
1024 5140 1260 5211 regnetis
1284 5138 1354 5211 ",
1388 5158 1405 5191 ι
1458 5126 1826 5195 οῐέοιςειιια
1873 5152 1956 5195 ta—

366 5229 462 5284 lia.
517 5229 775 5301 Nunquid
818 5218 951 5302 ergo
999 5231 1055 5286 in
1108 5231 1295 5302 aliquo
1335 5230 1564 5295 inferior
1622 5240 1706 5286 est
1753 5232 1820 5286 iis
1861 5231 1956 5301 qui

2057 4597 2172 4665 εἰμι
2230 4594 2259 4645 ὁ
2311 4591 2595 4661 ἐλάχιστος
2664 4589 2775 4643 τῶν
2847 4587 3202 4652 ἀποστόλων,
3268 4586 3364 4639 καὶ
3422 4584 3483 4648 ὃς
3545 4584 3652 4639 οὑκ

2055 4682 2174 4752 εἰμὶ
2225 4681 2407 4743 ἱκανὸς
2452 4679 2735 4738 καλεῖσθαι
2788 4678 3105 4741 ἀπόστολος.
3146 4695 3163 4729 ι
3199 4706 3269 4717 -
3301 4695 3321 4728 ι
3369 4673 3651 4729 Ἐπιποθῶ

2060 4791 2118 4828 σε
2153 4772 2280 4826 ἰδεῖν
2314 4772 2665 4845 μεμνημένος
2721 4787 2816 4825 σου
2870 4769 2980 4823 τῶν
3024 4768 3300 4839 δακρύων,
3351 4767 3440 4820 ἵνα
3471 4766 3652 4836 χαρᾶς

2062 4865 2357 4938 πληρωθῶ,
2386 4866 2695 4936 ὑπόμνησιν
2752 4863 3047 4935 λαμϐάνων
3093 4862 3194 4933 τῆς
3234 4864 3291 4915 ἐν
3322 4862 3407 4914 σο)⁵
3444 4861 3652 4914 divum-

2063 4959 2249 5031 κρίτου
2283 4959 2541 5024 πίστεως,
2578 4958 2702 5029 ἣτις
2736 4956 2980 5029 ἐνῴκησε
3013 4956 3229 5026 πρῶτον
3266 4955 3326 5008 ἐν
3351 4956 3415 5025 τῇ
3445 4952 3649 5023 μάμμῃ

2068 5070 2163 5107 σου
2193 5052 2381 5119 Λωῖδι,
2402 5051 2496 5109 καὶ
2525 5053 2591 5124 τῇ
2627 5050 2795 5123 μητρί
2824 5068 2917 5104 σου
2954 5050 3179 5122 Εὐνίκῃ.
3215 5068 3233 5101 ι
3262 5077 3333 5087 —-
3368 5066 3386 5100 ι
3420 5047 3651 5116 Ὄφελον

2064 5145 2161 5199 καὶ
2213 5144 2580 5214 ἀποκόψονται
2629 5145 2679 5199 οἱ
2739 5142 3172 5206 ἀναστατοῦντες
3226 5142 3412 5212 ὑμᾶς·
3451 5159 3470 5193 ι
3529 5143 3647 5207 καὶ⁹

2072 5254 2093 5290 ι
2127 5238 2311 5311 Χωρὶς
2347 5237 2507 5309 ἡμῶν
2540 5237 2949 5305 ἐϐασιλεύσατε,
2996 5236 3091 5290 καὶ
3128 5235 3319 5304 ὄφελόν
3364 5250 3427 5305 γε
3458 5232 3649 5289 wast-

441 5370 484 5405 ι·
514 5368 553 5423 ιι
593 5368 738 5425 Tim.
772 5368 940 5434 v,et.
1004 5368 1131 5441 κιοίιι
1161 5369 1288 5425 Cor.
1322 5386 1399 5435 lx,
1444 5370 1537 5426 εδ.
1612 5372 1655 5403 ει
1693 5369 1929 5440 Philipp.

2037 5412 2042 5430 .
2094 5372 2251 5426 G-ll.
2328 5374 2373 5405 “
2406 5372 2640 5441 Philipp.
2696 5389 2780 5438 ιιι,
2818 5372 3022 5438 20,9.1.
3092 5373 3146 5441 7”
3179 5369 3221 5425 II
3262 5372 3409 5428 Pctr.
3445 5366 3649 5441 tt,ﬂi9‘

367 5440 452 5497 ’³1
482 5442 612 5497 Cor.
636 5454 722 5503 xv,
755 5442 845 5495 55.
924 5442 971 5474 ³⁵
999 5440 1018 5495 1
1048 5440 1176 5498 Cor.
1205 5456 1294 5507 xv,
1318 5442 1409 5497 50.
1485 5444 1530 5475 ’⁸
1552 5442 1731 5497 Galat.
1772 5458 1854 5501 tu,
1886 5442 1936 5496 1.

370 5528 444 5580 Vl,
482 5514 531 5569 Ι.
610 5513 651 5546 ³⁸
685 5511 875 5568 lTim.
903 5511 1053 5581 1,15.

2014 5443 2057 5474 ’⁷
2081 5442 2255 5502 Galat.
2289 5460 2363 5507 vt,
2389 5445 2441 5499 7.
2517 5445 2564 5475 ⁸⁸
2600 5443 2776 5507 Galat,
2805 5445 2932 5507 v.9.

1152 5512 1233 5568 δί
1263 5514 1391 5569 eor.
1430 5529 1515 5584 xv,
1549 5513 1603 5570 9.
1682 5513 1728 5545 ³³
1754 5512 1798 5567 ιι
1827 5510 1932 5567 Tm

2037 5554 2043 5577 ,
2076 5514 2129 5568 4.
2207 5514 2251 5545 ³⁸
2274 5514 2455 5571 Calat.
2486 5531 2539 5582 ν,
2578 5514 2662 5571 12.
2743 5515 2832 5571 "1
2858 5516 2985 5571 Cor.
3023 5531 3097 5584 tv,
3128 5515 3182 5571 8.

3007 5444 3049 5476 ³ο
3090 5440 3219 5497 Ibid.
3254 5441 3309 5499 5.
3386 5441 3432 5474 δ’
3468 5436 3651 5494 lCor.

1684 5666 1916 5727 VARlAt‘.
1969 5665 2373 5726 LECTIONES.

480 5797 505 5847 β
531 5795 592 5853 C.
623 5795 692 5852 Μ.
732 5799 790 5852 ἐν
838 5796 913 5869 τῷ
969 5798 1193 5871 κρίνειν.
