3880 6206
275 284 393 350 589

1255 289 1354 350 AD
1384 289 1984 358 AMPHILOCHIUM
2022 290 2373 366 QUIESTIO
2398 289 2588 353 XCII.

3443 289 3552 358 590

272 395 512 454 λεύσατε
529 413 545 429 ο
575 417 595 451 ι
636 399 734 454 καὶ
759 397 929 472 μυρία
960 398 1116 458 ἄλλα.
1148 395 1279 473 Ἆρ’
1298 398 1405 485 ,οὖν
1425 405 1567 459 ἐνδεῖ
1593 421 1740 470 τινος
1761 404 1868 460 τῶν

1987 411 2146 460 totam
2186 419 2345 460 suam
2370 403 2540 460 vitam
2587 402 2641 458 in
2681 401 2802 485 istis
2836 402 3268 474 impenderunt:
3301 404 3420 476 qui,
3459 423 3561 466 nec

277 495 418 566 περὶ
441 492 618 548 ταῦτα
649 490 740 548 τδν
764 494 878 566 βίον
903 494 1024 550 ὅλον
1055 496 1530 569 κατατριψάντων,
1557 499 1585 551 6
1614 498 1749 570 μηδὲ
1775 498 1874 564 μέ-

274 601 380 658 χρι
429 584 538 639 τῶν
593 585 897 655 ὀνομάτων,
951 582 1124 659 οἶμαι,
1185 591 1285 660 τῆς
1327 589 1646 658 ἐπιμελείας
1693 590 1874 645 αὐτῶν

275 677 683 748 ἀνασχόμενος.
740 678 858 745 ἀλλ’
907 679 1257 751 αὐτοσχέδιον
1305 679 1445 751 ἔχων
1485 681 1586 753 τὴν
1626 681 1874 751 γλῶτταν

281 768 531 839 ρήτορα;
567 767 714 822 Ἀλλ’
741 769 852 840 ἄρα
878 771 940 823 τὸ
969 771 1070 841 μὲν
1097 767 1229 843 ἦθος
1288 771 1438 843 αύτῷ
1467 773 1564 826 καί⁵
1605 773 1668 827 τὸ
1707 774 1876 843 σαφὲς

277 859 375 913 διά
412 858 504 914 τοῦ
533 860 800 930 μεγέθους
824 860 969 917 οὕτω
1001 862 1292 935 διαπρέπει
1327 861 1746 938 κεραννύμενον,
1777 864 1874 920 τού

279 943 486 1021 τάχους
519 951 565 1006 δ’
593 952 751 1006 ἐνδεῖ.
786 954 897 1008 Καὶ
925 953 1012 1018 τίς
1047 953 1192 1008 οὕτω
1223 955 1432 1025 πέφυκε
1456 956 1750 1029 συγκράτιρ
1779 975 1874 1011 κε-

281 1043 528 1114 χρῆσθαι
554 1043 850 1115 γοργότητι
872 1061 888 1109 ;
924 1064 942 1098 ι
972 1046 1103 1110 Θεὸς
1130 1047 1158 1100 6
1186 1047 1433 1111 δικαιῶν.
1451 1047 1535 1113 τίς
1562 1049 1590 1102 6
1615 1049 1878 1122 κατακρί-

282 1145 438 1198 νων;
471 1135 706 1206 Χριστὸς
736 1136 764 1189 6
786 1135 1099 1202 ἀποθανὼν,
1132 1137 1331 1208 μᾶλλον
1353 1138 1410 1192 δὲ
1438 1138 1532 1194 καὶ
1563 1139 1867 1211 ἐγερθείς.»

282 1248 402 1280 -ι
433 1229 618 1284 Πάντα
663 1247 754 1299 μοι
798 1229 1030 1296 ἔξεστιν,
1075 1230 1189 1285 ἀλλ’
1231 1232 1292 1285 οὐ
1333 1232 1515 1286 πάντα
1565 1233 1874 1304 συμφέρειο

287 1321 473 1375 πάντα
517 1340 607 1392 μοι
657 1322 914 1388 ἔξεστιν,
940 1323 1053 1376 ἀλλ’
1092 1323 1157 1376 ού
1205 1323 1386 1378 πάντα
1426 1325 1717 1396 οἰκοδομεῖ.
1757 1345 1776 1379 ι
1809 1357 1881 1370 --

294 1433 322 1467 ε
357 1415 422 1468 Τί
461 1410 552 1469 οὖν
578 1415 639 1469 τὸ
673 1417 932 1488 περισσὸν
964 1417 1058 1470 τοῦ
1095 1415 1373 1483 Ἰουδαίου,
1401 1416 1435 1488 ἢ
1463 1418 1548 1482 τίς
1581 1420 1615 1490 ἡ
1643 1418 1880 1488 ὠφέλεια

287 1507 396 1577 τῆς
440 1508 787 1580 περιτομῆςς
837 1508 973 1563 πολὺ
1004 1510 1150 1565 κατὰ
1181 1511 1359 1566 πάντα
1401 1511 1623 1582 τρόπον.
1652 1510 1882 1582 Πρῶτον

290 1601 400 1673 μὲν
422 1601 529 1672 γὰρ
555 1601 636 1654 ὅτι
665 1599 1068 1674 ἐπιστεύθησαν
1097 1602 1166 1657 τὰ
1197 1584 1353 1672 λόγια
1370 1603 1462 1656 τοῦ
1489 1603 1642 1658 Θεοῦ.
1679 1603 1745 1656 Τί
1773 1603 1881 1674 γὰρ

288 1694 346 1746 εἰ
375 1693 720 1764 ὴπίστησανς
767 1696 843 1766 μή
887 1697 920 1765 ἡ
950 1695 1178 1750 ἀπιστία
1209 1695 1390 1751 αὐτῶν
1417 1695 1516 1766 τὴν
1555 1696 1740 1750 πίστιν
1780 1694 1880 1750 τοῦ

288 1783 435 1837 Θεοῦ
464 1785 837 1856 καταργήσει;
866 1785 959 1858 Μὴ
997 1787 1230 1857 γένοιτο.
1270 1806 1290 1840 ι
1336 1787 1470 1855 Καὶ,
1516 1788 1584 1842 Τί
1613 1781 1708 1843 οὖν
1740 1805 1876 1861 προ-

291 1875 536 1947 εχόμεθα
559 1893 576 1945 ;
598 1877 659 1931 οὐ
686 1877 902 1942 πάντως
914 1879 1009 1932 καὶ
1035 1879 1198 1933 πάλιν
1217 1895 1231 1909 ⁸
1255 1896 1274 1930 t
1295 1878 1552 1949 Λοιδορού
1561 1896 1714 1950 μενοι
1734 1879 1880 1933 εὐλο-

291 1966 500 2038 γοῦμεν
524 1984 540 2000 ·
600 1967 920 2039 διωκόμενοι
980 1970 1324 2042 ἀνεχόμεθαο
1396 1971 1879 2043 βλασφημούμενοι

291 2060 746 2132 παρακαλοῦμεν.
778 2063 843 2116 Τί
873 2063 900 2102 h
927 2062 992 2117 ἄν
1021 2081 1106 2127 τις
1136 2062 1346 2133 πελάγη
1375 2062 1650 2134 Θαλάσσης
1685 2063 1882 2118 σταλα-

292 2155 460 2224 γμοῖς
507 2157 722 2225 μετρεῖν
759 2153 1104 2226 ἐπιχειροίη;
1140 2157 1255 2209 ῐσον
1287 2155 1396 2226 γὰρ
1426 2155 1612 2210 ἐκεῖνὰ
1641 2173 1703 2210 τε
1755 2173 1882 2211 στα-

293 2245 527 2317 λαγμῶν
567 2246 848 2318 λογισμοῖς
899 2247 1246 2312 ὑποϐάλλειν,
1287 2248 1381 2301 καὶ
1415 2248 1514 2320 τὴν
1542 2249 1756 2303 Παύλου
1795 2267 1882 2303 σο-

295 2338 431 2406 φίαν
479 2337 770 2408 πειρᾶσθαι
818 2337 962 2410 λόγῳ
1009 2337 1298 2406 διεξελθεῖν
1322 2356 1335 2370 ·
1366 2339 1487 2394 οὐδὲ
1519 2341 1630 2411 γὰρ
1669 2341 1793 2396 οὐδὲ
1823 2341 1883 2395 τὺ

295 2429 660 2496 καλλωπίζον,
698 2430 943 2500 καίτοιγε
975 2431 1244 2502 περιορῶν
1278 2431 1410 2486 αὐτὸ
1440 2434 1520 2496 εἰς
1552 2433 1705 2498 τέλος
1742 2451 1879 2505 παρ-

292 2511 556 2593 έδραμεν,
608 2520 744 2574 ἀλλά
792 2521 889 2590 τῆς
930 2521 1228 2590 ἐπιϐουλῆς
1272 2522 1372 2592 μὲν
1405 2519 1720 2592 γυμνώσας,
1753 2522 1812 2576 ἐν

294 2614 365 2666 ἄν
392 2631 476 2677 τις
515 2615 608 2667 καὶ
636 2613 1065 2678 ὲκαλλωπίσατο,
1093 2612 1172 2684 τῷ
1205 2613 1431 2685 ἐμφύτῳ
1458 2614 1516 2668 δὲ
1546 2613 1880 2686 περιϐαλὼν,

293 2703 435 2774 ὅπερ
481 2704 546 2758 ἄν
573 2720 658 2768 τις
710 2703 862 2775 μόλις
907 2703 1199 2768 ἐλπίσειεν,
1248 2702 1394 2757 οὕτω
1456 2703 1550 2758 καὶ
1608 2703 1884 2775 θαυμάσαι

298 2795 664 2865 προήνεγκεν,
699 2794 774 2863 ὡς
808 2794 942 2848 αὐτὸ
971 2794 1132 2847 τοῦτο
1174 2794 1376 2849 κανόνα
1409 2795 1503 2848 καὶ¹
1536 2795 1708 2848 τύπον
1755 2797 1887 2850 κάλ-

296 2886 426 2950 λους
453 2885 708 2958 ἀληθινοῦ
742 2889 855 2950 τοῖς
887 2886 1153 2957 συνορῶσι
1193 2887 1537 2957 προκεῖσθαι,
1571 2887 1752 2958 πολλῷ
1791 2886 1883 2941 τοῦ

300 2979 697 3049 σεσοφισμένου
757 2979 853 3031 καὶ
895 2979 1014 3032 κατ’
1048 2977 1398 3050 ἐπιτήδευσιν
1443 2979 1524 3040 εἰς
1574 2977 1888 3050 ὡραιότητα

1974 492 2260 547 nominum
2294 504 2473 558 tenus,
2505 493 2650 563 quod
2674 484 2774 564 ego
2805 509 2952 560 reor,
2987 494 3195 566 aliquid
3229 494 3284 550 in
3313 495 3381 550 iis
3411 511 3559 552 cura:

1975 585 2180 653 posuit,
2215 587 2308 640 sed
2342 601 2467 642 cum
2507 587 2800 642 volubilem
2847 603 2879 644 e
2929 604 2988 645 rc
3019 596 3148 644 nata
3177 589 3422 661 linguam
3459 592 3558 646 ha-

1975 678 2149 745 beret,
2206 678 2559 745 rhetoricam,
2602 680 2864 747 ethicam,
2918 688 2975 737 et
3028 683 3376 753 perspicuam
3428 699 3556 755 spe-

1976 771 2113 826 ciem
2145 770 2219 825 ita
2244 762 2371 825 cuin
2405 771 2886 842 grandiloquentia
2917 775 3160 830 exercuit
3183 774 3557 845 coniunctam.

1976 863 2046 916 At
2093 862 2378 917 celeritate
2407 864 2760 932 destituitur;
2809 865 2921 920 imo
2949 867 3074 936 quis
3125 882 3249 922 cum
3278 868 3373 923 illo
3408 883 3560 924 com-

1976 953 2252 1022 parandus
2283 952 2337 1006 in
2375 953 2654 1008 miscenda
2694 953 3043 1023 granditate:
3081 972 3100 1005 ι
3136 953 3282 1011 Deus
3326 964 3414 1010 est
3451 955 3547 1026 qui

1973 1044 2262 1115 justiﬁeat,
2321 1044 2448 1116 quis
2494 1045 2583 1101 ille
2614 1046 2708 1117 qui
2759 1047 3130 1102 condemnat?
3163 1048 3418 1104 Christus
3461 1050 3559 1120 qui

1979 1146 2230 1192 mortuus
2254 1145 2358 1202 est,
2393 1138 2574 1206 potius
2608 1138 2957 1208 quisurrexit
2979 1138 3388 1194 “.i—«Omnia
3418 1139 3552 1194 mihi

1980 1227 2163 1293 licent,
2189 1229 2282 1282 sed
2311 1243 2417 1283 non
2440 1229 2750 1284 conducunt
2778 1231 2982 1284 omnia.
3002 1229 3197 1285 Omnia
3220 1231 3351 1285 mihi
3373 1231 3560 1294 licent,

1981 1325 2036 1371 at
2063 1333 2170 1371 non
2214 1317 2401 1371 omnia
2438 1317 2712 1374 aediﬁcant
2733 1317 3079 1385 ".o—«Qua:
3107 1330 3191 1374 est
3223 1334 3354 1389 ergo
3385 1318 3560 1375 Judaei

1980 1408 2378 1478 superioritas?
2437 1419 2530 1464 aut
2589 1425 2711 1481 quae
2777 1411 2985 1467 utilitas
3059 1411 3554 1469 circumcisionis?

1983 1499 2173 1561 Multa,
2226 1515 2321 1570 per
2359 1516 2577 1557 onmem
2622 1501 2866 1557 modum.
2895 1503 2954 1556 In
2988 1501 3205 1572 primis.
3239 1503 3386 1573 quod
3427 1519 3564 1558 con-

1981 1594 2348 1648 credebantur
2388 1595 2525 1664 ipsis
2565 1594 2791 1649 oracula
2833 1594 2950 1649 Dei.
2983 1594 3122 1662 Quid
3170 1605 3349 1649 autem
3383 1594 3429 1648 si
3477 1595 3566 1649 ina

1983 1685 2192 1741 creduli
2227 1685 2452 1750 fuerint,
2482 1701 2612 1746 num
2644 1702 2836 1740 eorum
2866 1687 3221 1742 incredulitas
3256 1685 3350 1742 Dei
3387 1686 3563 1742 ﬁdeli-

1982 1782 2144 1829 tatem
2202 1775 2528 1830 evacuabit?
2561 1775 2717 1829 Absit
2747 1777 2844 1830 ³⁸.»
2884 1796 2998 1843 -ι
3036 1777 3334 1834 Conviciati
3374 1787 3560 1834 autem

1981 1865 2392 1932 benedicimus;
2432 1868 2727 1936 persecuti,
2761 1869 3136 1934 sustinemus;
3171 1869 3558 1939 blasphemati,

1981 1958 2348 2014 admonemus
2377 1960 2440 2016 ’9.
2475 1979 2494 2012 ι
2536 1960 2672 2026 Quid
2705 1970 2884 2015 autem
2932 1977 3083 2017 mare
3109 1977 3362 2033 magnum
3393 1961 3562 2028 guttis

1983 2051 2166 2105 metiri
2222 2051 2356 2106 velit
2403 2052 2568 2121 quis:
2604 2052 2745 2106 idem
2797 2062 2883 2108 est
2933 2055 3080 2108 enim
3135 2069 3286 2108 mare
3335 2053 3560 2122 guttulis

1983 2141 2295 2207 subjicere,
2350 2151 2406 2196 et
2452 2142 2590 2201 velle
2642 2143 2820 2198 verbis
2875 2144 3183 2212 exprimere
3217 2141 3561 2211 sapientiam

1983 2233 2162 2299 Pauli,
2203 2236 2294 2304 qui
2336 2251 2454 2299 nec,
2495 2245 2745 2290 ornatum
2780 2235 2904 2291 licet
2939 2235 3155 2306 penitus
3203 2251 3310 2288 non
3343 2233 3567 2288 haberet

1987 2328 2230 2397 insuper,
2263 2327 2316 2381 in
2347 2336 2518 2383 totum
2549 2344 2656 2382 non
2697 2328 2903 2396 ondsit,
2938 2328 3035 2384 sed
3063 2328 3205 2383 fucis
3235 2326 3560 2386 delibutum,

1987 2421 2039 2475 in
2074 2421 2274 2490 quibus
2315 2436 2422 2474 non
2456 2435 2617 2475 nemo
2645 2421 2988 2492 gloriabitur,
3035 2419 3272 2474 naturali
3306 2435 3435 2474 vero
3460 2419 3558 2474 de-

1986 2529 2115 2568 core
2165 2513 2460 2575 imhutum,
2515 2496 2686 2582 quod.
2715 2513 2804 2567 vix
2852 2511 3127 2581 quispiam
3175 2519 3439 2580 speraret,
3487 2509 3561 2563 ita

1984 2607 2237 2676 provexit
2265 2605 2317 2659 in
2362 2605 2811 2667 admirationem,
2853 2613 2913 2659 ιιι
2953 2620 3217 2660 canonum
3246 2615 3300 2659 ct
3332 2606 3564 2658 formam

1987 2715 2130 2754 verae
2181 2698 2610 2768 pulz-lu-itmlinis
2671 2697 3014 2753 intuentibus
3067 2697 3346 2760 exhibeat,
3410 2697 3569 2764 longe

1987 2799 2262 2848 semotum
2302 2806 2332 2844 a
2382 2791 2682 2860 scphistica
2734 2800 2788 2844 et
2817 2789 3064 2846 studiose
3090 2790 3320 2860 quaesita
3361 2789 3569 2844 ﬂoridi-

1989 2895 2117 2940 tate.
2163 2884 2268 2940 Sed
2317 2883 2451 2938 nihil
2504 2885 2606 2937 hoc
2654 2891 2762 2936 tam
2819 2883 3016 2951 probat
3054 2898 3220 2946 quam
3271 2881 3569 2952 ipsummet

1987 2980 2176 3035 audire
2207 2998 2220 3034 :
2263 2997 2279 3029 ι
2312 2977 2600 3044 Quomodo
2637 2977 2985 3040 invocahunt,
3023 2977 3075 3029 in
3104 2991 3266 3045 quem
3304 2989 3410 3029 non
3447 2990 3569 3031 crc-

296 3072 669 3143 διαφέροντος.
713 3070 856 3126 Ἀλλ’
887 3072 1040 3126 οὐδέν
1081 3073 1228 3125 ἐστιν
1276 3066 1390 3125 οἷον
1434 3069 1599 3124 αὐτοῦ
1632 3069 1882 3124 ἀκούειν.

1989 3072 2285 3127 diderunt?
2313 3069 2597 3140 quomodo
2632 3071 2856 3126 credent
2901 3069 2956 3123 in
3006 3085 3154 3132 eum,
3186 3069 3254 3123 de
3303 3082 3414 3138 quo
3461 3082 3569 3122 non
3644 3096 3645 3099 η

307 3183 328 3216 ι
358 3164 482 3227 Πῶς
507 3163 598 3218 οὖν
624 3163 1041 3218 ἐπικαλέσονται
1067 3165 1146 3228 εἰς
1169 3163 1226 3216 δν
1254 3163 1355 3217 οὐκ
1379 3163 1740 3229 ἐπίστευσαν;
1770 3163 1887 3227 πῶς

297 3257 360 3310 δέ
389 3255 791 3322 πιστεύσουσιν,
820 3251 885 3316 οὗ
905 3257 1006 3310 οὐκ
1034 3257 1275 3329 ἥκουσαν
1289 3272 1310 3321 ς,
1339 3256 1456 3319 πῶς
1478 3255 1537 3308 δὲ
1566 3254 1891 3309 ἀκούσουσιν

302 3347 474 3420 χωρὶς
504 3347 905 3419 κηρύσσοντοςς
931 3348 1047 3413 πῶς
1069 3349 1126 3401 δὲ
1149 3348 1502 3420 κηρύξουσιν,
1530 3347 1626 3400 ἐὰν
1655 3347 1730 3420 μὴ
1758 3350 1892 3403 dmo-

306 3442 609 3498 σταλῶσιψ
661 3443 843 3508 καθὼς
891 3443 1223 3515 γέγραπται,
1273 3443 1360 3506 Ὠς
1404 3440 1596 3514 ὡραῖοι
1643 3442 1692 3496 οἰ
1733 3442 1892 3506 πόδες

303 3535 416 3589 τῶν
440 3535 942 3606 εὐαγγελιζομένων
973 3536 1218 3607 εἰρήνην,
1247 3533 1353 3587 τῶν
1385 3532 1891 3604 εὐαγγελιζομένων

302 3627 377 3680 τὰ
408 3611 684 3696 ἀγαοάίι
718 3627 901 3692 πάλιν,
950 3645 972 3678 ι
1007 3627 1074 3680 Et
1112 3643 1198 3689 τις
1244 3624 1335 3678 οὖν
1363 3627 1421 3678 ἐν
1452 3625 1673 3697 Χριστῷ
1697 3665 1712 3690 ,
1755 3623 1810 3676 εἴ
1839 3642 1890 3678 τι

306 3735 386 3772 πα
396 3715 655 3788 ραμύθιον
682 3716 902 3787 ἀγάπης
918 3757 937 3781 ,
964 3716 1017 3769 εἴ
1030 3733 1151 3769 τινα
1163 3715 1449 3785 σπλάγχνα
1470 3715 1563 3768 καὶ
1586 3715 1887 3786 οἰκτιρμοί,

307 3808 638 3879 πληρώσατέ
671 3824 774 3878 μου
805 3807 904 3877 τὴν
930 3806 1134 3878 χαράν⁶
1172 3825 1191 3857 ι
1229 3805 1368 3872 εἶτα,
1398 3825 1416 3858 ι
1455 3805 1519 3859 'H
1554 3805 1894 3877 θλίψιςηύπο-

311 3900 480 3973 μονὴν
509 3900 904 3970 κατεργάζεται
922 3914 936 3928 '
968 3901 1002 3971 ἡ
1027 3900 1082 3953 δὲ
1104 3899 1351 3972 ὑπομονὴ
1377 3899 1606 3972 δοκιμήν
1630 3916 1644 3932 ·
1675 3899 1786 3970 ήδὲ
1808 3899 1892 3954 δο-

309 3995 450 4064 κιμὴ
477 3992 665 4047 ἐλπίδα
684 4008 697 4022 ·
727 3994 759 4062 ἡ
785 3991 843 4046 δὲ
876 3991 1032 4056 ἐλπὶς
1060 3993 1121 4046 οὐ
1149 3991 1523 4064 καταισχύνει.
1568 4012 1587 4045 ι
1633 3989 1824 4057 Οὕτως
1862 3991 1896 4045 6

309 4086 419 4140 τῶν
456 4084 784 4140 Ἐπιστολῶν
812 4083 908 4138 τοῦ
939 4085 1178 4156 μεγάλου
1212 4084 1424 4138 Παύλου
1452 4087 1743 4159 χαρακτὴρ
1766 4086 1895 4156 ἀρει

307 4177 411 4248 τῆς
441 4171 660 4248 ἀπάσης
693 4179 791 4248 τῆς
824 4181 884 4231 ἐν
911 4175 1054 4247 λόγῳ
1083 4176 1183 4241 τὰς
1217 4175 1366 4240 ἰδέας
1412 4159 1892 4248 ἐμμορφούμενος,

309 4270 406 4324 καὶ
430 4271 545 4333 τοῖς
591 4254 946 4339 καταλλήλοις
988 4267 1084 4320 καὶ
1133 4267 1356 4331 οἰκείοις
1397 4266 1893 4338 ἐμποικιλλόμενος

309 4363 610 4433 σχήμασιν,
641 4359 949 4432 ἀρχετύπου
987 4361 1083 4414 καί⁵
1126 4358 1576 4431 παραδείγματος
1612 4357 1770 4426 λόγον
1796 4359 1894 4411 ἐπ-

1991 3163 2319 3243 ιιιιιιίειιιιιιςί
2349 3161 2626 3232 quomodo
2671 3162 2899 3216 audient
2946 3161 3067 3216 sine
3114 3160 3572 3230 prau'one‘iquo-

1991 3256 2154 3312 modo
2201 3255 2597 3326 praedicabunt,
2655 3254 2764 3310 nisi
2816 3253 3145 3317 mittantur?
3199 3263 3258 3306 ut
3304 3252 3570 3322 scriptum

1992 3354 2096 3413 est,
2139 3345 2314 3412 Quam
2349 3343 2561 3414 pulchri
2595 3344 2758 3413 pedes
2807 3342 3300 3413 evangelizantium
3340 3357 3527 3411 pacem
3551 3381 3566 3404 .

1992 3436 2486 3508 evangelizantium
2547 3436 2749 3490 bonum
2774 3436 2818 3468 ⁸ο
2849 3437 2862 3489 ι
2895 3455 2914 3487 ι
2969 3436 3174 3490 lterum
3206 3453 3219 3488 :
3279 3453 3298 3485 ι
3331 3433 3389 3488 Si
3440 3447 3563 3503 qna‘.

1992 3546 2123 3602 ergo
2151 3530 2203 3584 in
2231 3529 2450 3584 Christo
2479 3527 2790 3582 consolatio
2823 3545 2836 3580 :
2867 3526 2911 3580 si
2955 3526 3166 3581 amoris
3199 3525 3443 3579 solamen
3478 3542 3491 3577 :
3523 3522 3570 3578 si

1993 3623 2207 3677 viscera
2259 3627 2312 3675 ει
2369 3619 2778 3684 miserationes,
2837 3617 3128 3686 adimplete
3193 3630 3374 3669 meum
3435 3631 3572 3685 gau-

1993 3715 2143 3771 dium
2169 3714 2234 3769 δ’.
2272 3733 2290 3763 ›
2320 3711 2384 3766 Ει
2419 3730 2432 3764 :
2474 3732 2493 3762 ‹
2523 3711 2758 3766 Aﬁlictio
2799 3710 3116 3778 patientiam
3151 3717 3430 3778 operatur,
3477 3722 3575 3777 pa-

1993 3806 2185 3862 tientia
2231 3804 2634 3874 prohationem,
2679 3803 2932 3873 probatio
2981 3818 3131 3872 spem
3168 3820 3182 3856 :
3214 3817 3338 3870 spes
3387 3809 3572 3855 autem

1995 3917 2104 3954 non
2129 3899 2402 3968 pudefacit
2421 3897 2488 3952 “.
2525 3916 2542 3949 ι
2576 3897 2754 3972 Atque
2784 3895 2858 3949 ita
2884 3895 3172 3949 character
3201 3893 3570 3962 Epistolarum

1998 3991 2152 4047 Pauli
2208 3990 2359 4044 illius
2419 3989 2604 4059 magni
2667 3985 2988 4040 omnimoda
3050 3985 3308 4040 dictionis
3375 3984 3575 4038 virtute

1995 4085 2368 4146 conﬁrmatus,
2399 4079 2664 4152 congruis
2699 4088 2864 4149 atque
2897 4078 3136 4148 propriis
3177 4077 3367 4147 ﬁguris
3397 4075 3578 4130 varie—

1995 4186 2176 4247 gatus,
2231 4172 2511 4244 archetypi
2558 4181 2613 4227 et
2663 4169 2998 4241 exempiaris
3051 4169 3320 4224 rationem
3365 4167 3575 4231 subire,

1997 4278 2160 4336 atque
2207 4265 2518 4320 imitatione
2568 4261 2801 4331 exprimi
2849 4260 3047 4330 dignus
3093 4265 3204 4324 est,
3239 4273 3349 4313 non
3392 4265 3574 4313 autem

1996 4357 2148 4428 reﬁgi
2191 4365 2286 4414 aut
2325 4354 2557 4411 rescribi
2591 4353 2657 4407 ad
2705 4351 2939 4406 aliorum
2982 4350 3341 4406 imitalionem
3386 4363 3414 4402 a
3449 4365 3579 4419 pru-

309 4427 456 4526 éie't-v
483 4456 577 4509 καὶ
606 4427 900 4523 ζηλούσθαι
936 4451 1106 4519 ἄξιος,
1137 4427 1276 4505 ἀλλὰ
1311 4450 1385 4523 μὴ
1406 4427 1544 4522 πρὸς
1568 4450 1774 4523 ἐτέρων
1801 4449 1885 4521 μί⁴

1997 4427 2252 4506 dentibus
2284 4449 2466 4503 debet.
2498 4443 2688 4513 Neque
2721 4443 2868 4498 enim
2903 4443 3011 4498 erit
3048 4444 3100 4497 iu
3137 4449 3390 4512 promptu
3428 4442 3580 4494 inve-

311 4565 482 4618 μησιν
543 4545 966 4617 ἀναγεγράφθαι
1029 4546 1146 4609 τοῖς
1208 4561 1274 4614 γε
1338 4543 1710 4614 σωφρονοῦσιν
1775 4543 1894 4596 ἐστι

307 4642 536 4704 δίκαιος.
567 4639 697 4694 Οὐδέ
723 4640 832 4709 γάρ
869 4638 990 4692 οὐδὲ
1017 4639 1200 4710 ῥᾴδιον
1233 4638 1442 4708 εὑρεῖν,
1465 4636 1525 4691 δν
1547 4635 1894 4692 εἰκόνίσειεν·

308 4733 434 4789 ἐπεὶ
472 4731 606 4803 μηδὲ
635 4731 892 4802 ,μελέτης
930 4731 1164 4802 καρπὸς,
1213 4729 1327 4786 ἀλλ’
1363 4730 1610 4792 ἐπινοίας
1651 4732 1666 4772 ί
1721 4731 1895 4802 ὑπερ-

308 4824 482 4894 φυοῦς
522 4824 591 4878 τά
619 4823 835 4876 Παύλου
868 4823 1087 4895 ῥήματα
1140 4825 1168 4877 6
1213 4823 1316 4893 τῆς
1350 4822 1544 4891 σοφίας
1586 4821 1898 4892 πλοῦτος,ή

307 4921 408 4986 τῆς
436 4916 694 4987 ἀληθείας
722 4915 940 4987 καθαρά
975 4918 1068 4971 καὶ
1093 4915 1320 4986 διαυγὴς
1369 4916 1461 4970 καὶ
1491 4915 1688 4986 ἡδονῆς
1719 4932 1894 4985 σωτη-

311 5007 430 5080 ρίου
489 5005 730 5076 βρύουσα
781 5007 972 5077 πηγή·
1018 5005 1180 5060 τοῦτο
1230 5007 1331 5076 τῆς
1378 5005 1586 5059 ἄνωθεν
1651 5006 1890 5076 φοϐερᾶς

309 5097 622 5169 ἀστραπῆς,
653 5096 881 5167 βραχεῖά
913 5115 996 5162 τις
1023 5095 1346 5169 λαμπηδὼν,
1379 5097 1489 5152 τῶν
1518 5098 1890 5152 ἀποστολικῶν

309 5188 538 5263 χειλέων
562 5185 951 5241 ἀποπάλλουσα
973 5205 987 5219 ·
1011 5187 1172 5242 τοῦτο
1188 5190 1290 5259 τῆς
1310 5191 1368 5243 ἐν
1388 5189 1642 5260 ἀσθενείᾳ
1661 5189 1893 5243 τελειου-

311 5281 485 5356 μένης
525 5278 676 5342 θείας
717 5279 999 5352 δυνάμεως
1032 5282 1278 5354 ἀπορροή
1307 5299 1392 5345 τις
1416 5282 1636 5355 μετρία,
1684 5282 1890 5353 κόσμον

1995 4543 2115 4596 nire
2164 4542 2230 4594 ad
2277 4554 2440 4609 quem
2497 4537 2667 4609 alium
2715 4536 2789 4590 sit
2834 4533 3178 4602 elﬁgiandus.
3232 4533 3376 4586 Sunt
3429 4531 3576 4586 enim

1995 4630 2152 4686 Pauli
2184 4629 2372 4694 vcrha,
2409 4641 2517 4680 non
2549 4624 2925 4679 meditationis
2955 4624 3186 4687 fructus,
3217 4621 3310 4677 sed
3345 4621 3579 4692 inspira-

1997 4725 2201 4788 tiones,
2242 4729 2295 4775 et
2339 4717 2757 4774 excellentiorcs
2806 4715 3168 4786 cogitationes
3199 4713 3448 4769 :.diviti:e
3494 4727 3580 4768 sa-

2000 4815 2257 4886 pienlim,
2330 4811 2455 4867 fons
2519 4809 2780 4864 virtutem
2848 4807 3184 4864 salutiferam
3264 4805 3579 4869 ebulliens,

2000 4907 2182 4962 brevis
2238 4907 2488 4976 quaedam
2555 4903 2910 4969 coruscatio,
2965 4917 2997 4956 e
3052 4901 3211 4955 labiis
3262 4899 3579 4970 apostolicis

1998 5000 2283 5065 exsiliens,
2321 4998 2582 5054 terribilis
2632 5012 2663 5052 e
2709 4995 2848 5052 cmlo
2891 4992 3300 5063 fulgurationis,
3347 4991 3580 5046 eﬁluxus

1997 5093 2219 5163 quidam
2251 5099 2731 5148 commensuratus
2759 5088 2959 5144 divina:
2996 5087 3141 5141 illius
3177 5085 3431 5155 potentia:
3470 5100 3570 5153 per

2000 5185 2372 5240 inﬁrmitatem
2407 5183 2668 5256 perfectae
2693 5197 2802 5252 qua
2836 5189 2984 5235 totus
3012 5177 3251 5232 mundus
3291 5176 3578 5247 irrigatur.

1998 5276 2184 5334 Gratia
2217 5289 2302 5336 est
2331 5278 2448 5335 hinc
2479 5290 2716 5349 operans
2742 5275 2798 5330 in
2832 5273 3085 5331 testaceis
3114 5259 3282 5339 vasis,
3315 5285 3581 5328 veneran-

271 5415 286 5452 ³
381 5458 1661 5527 “llom.vm,33.3l.."lCor.1i,22,23.
1738 5458 1885 5513 “ti-1

2005 5473 2089 5525 ιιι,
2131 5459 2154 5513 1
2190 5459 2245 5514 ’5.
2317 5458 2363 5490 ³⁸
2395 5456 2566 5514 ICor.
2591 5470 2666 5524 tv,
2707 5453 2796 5524 12,
2830 5454 2917 5510 15.
2993 5453 3038 5486 ⁸ο
3093 5449 3256 5508 Rom.
3283 5467 3340 5518 ι,
3376 5449 3458 5518 Η,
3492 5447 3575 5504 l5.

310 5529 360 5565 ⁸⁸
389 5529 629 5602 Philipp.
661 5546 724 5598 ιι,
757 5533 809 5597 1,
837 5531 894 5586 2.
965 5531 1010 5562 “
1033 5529 1196 5584 Rom.
1229 5546 1281 5596 ν,
1318 5531 1439 5588 5-5.

1598 5645 1832 5704 VARUF
1861 5641 1890 5700 Χ
1904 5645 2278 5704 .ECTIONES.

425 5744 538 5802 hC.
570 5743 647 5801 ML
680 5745 791 5800 Καὶ
819 5745 893 5799 τί.
1014 5746 1027 5788 ί
1071 5745 1130 5802 C.
1176 5744 1247 5802 Μ.
1275 5745 1583 5810 ἐπιπνοίας.
