3880 6206
322 204 425 275 591
1488 218 1757 280 PHOTII
1799 219 2312 282 PATRIARCH/E
2334 222 2444 282 CP.
2511 209 2514 211 Α
3517 221 3660 287 592

322 327 519 381 dorum
555 330 609 381 ct
640 324 1044 395 paradoxorum
1084 327 1479 399 mysteriorum
1529 332 1846 401 testimonlu

2123 321 2491 406 ι’ἀρδεύουσα·
2523 334 2686 391 τοῦτο
2721 333 2823 406 τῆς
2859 333 2926 402 ⁴ὲν
2954 332 3302 407 ὀστρακίνας
3352 332 3655 393 σκεύεσιν

323 416 640 474 indelebile.
691 417 970 487 Sapientia
1010 420 1296 478 'disti'llans
1340 436 1373 478 e
1420 422 1612 495 lingua
1658 423 1855 480 idiotie:

2119 427 2413 498 νγουμένης
2462 427 2706 499 χάριτος.
2760 425 2828 482 Ὦ
2865 426 3111 497 φρικτῶν
3152 425 3249 480 καὶ
3289 428 3651 497 παραδόξων

328 509 511 578 regula
549 509 796 580 dirigens
817 511 1186 581 eloquentiam
1219 529 1284 568 ex
1313 530 1408 570 ore
1433 514 1776 570 immeditato
1802 534 1815 582 ;
1841 532 1860 570 ι

2118 516 2329 588 πτηρίων
2378 516 2681 588 μαρτύριον
2726 516 3203 587 ἁπαράγραπτονί
3240 516 3301 583 ἐξ
3333 518 3650 588 ἰδιωτικῆς

328 600 620 655 illitteratis
672 600 832 656 labiis
878 616 971 663 ars
1015 602 1306 657 rhetorica.
1357 602 1499 670 Quid
1556 614 1610 659 tu
1658 605 1725 659 ad
1774 604 1860 659 ist:

2116 625 2260 679 ιττης
2308 608 2585 673 στάζουσα
2635 608 2817 677 σοφία,
2848 607 2907 675 ἐξ
2939 607 3279 680 ἀμελετήτου
3342 610 3648 679 στόματος

325 694 407 745 An
444 702 495 746 te
529 691 712 747 adhuc
738 694 1087 749 ratiocinatio
1115 694 1301 759 dubia,
1330 706 1383 750 et
1416 696 1669 766 ambigua
1702 697 1857 767 opini

2117 700 2192 755 ὼν
2230 701 2583 770 εὐγλωττίας,
2620 698 2681 765 ἐξ
2718 700 2949 771 ἀμαθῶν
2978 700 3205 770 χειλέων
3249 701 3414 772 τέχνη
3458 704 3649 772 ρητοο

327 786 394 841 de
424 783 580 840 Pauli
621 787 885 856 sapientia
921 788 1139 843 turbat?
1179 789 1370 845 Potius
1406 790 1502 843 tibi
1549 790 1859 861 imputabitt

2114 811 2157 857 ;.
2191 793 2263 846 Σὺ
2291 792 2347 845 δὲ
2370 792 2424 845 τί
2446 793 2663 862 λέγεις;
2694 793 2816 845 Ἔτι
2842 809 2902 845 σε
2931 792 3193 863 λογισμὸς
3220 792 3504 858 διστάζων
3531 794 3646 865 τῆς

329 876 676 947 parcinionia
710 878 761 930 in
801 878 1006 948 ﬁguras
1040 877 1160 946 ejus
1188 879 1449 949 epistolas
1477 879 1523 935 si
1553 880 1854 934 cnnﬁnxeri

2113 885 2243 956 λόγῳ
2264 883 2481 939 Παύλου
2509 882 2765 954 σοφίας,ἣ
2784 869 3108 955 διαπόρησις
3130 883 3339 954 ἐνοχλεῖ
3357 902 3371 951 ;
3395 884 3645 943 Μᾶλλον

328 969 415 1025 vel
450 970 745 1040 plurimum
786 978 839 1025 tu
879 970 1113 1040 teipsum
1146 972 1455 1033 accusabis,
1487 972 1633 1042 quod
1680 972 1860 1026 anteb:

2111 972 2185 1048 'ip’
2214 975 2294 1029 ἔτι
2323 992 2407 1028 σοι
2434 974 2962 1046 μικρολογηθήσεται
3001 972 3098 1045 [εἰ]
3124 975 3204 1037 είς
3226 976 3497 1045 σχήματα
3529 977 3643 1036 τὰς

329 1073 383 1118 te
433 1073 708 1117 tantarum
760 1063 1063 1133 gratiarum
1120 1080 1351 1118 munera
1408 1065 1708 1119 latuerunt.
1772 1064 1852 1130 Qu

2106 1067 2350 1132 πιστολὰς
2378 1067 2542 1121 αὐτοῦ
2575 1066 2988 1137 σχηματίσειεν,
3020 1066 3052 1138 ἢ
3092 1067 3283 1137 μακρὰ
3312 1068 3381 1121 ἂν
3418 1066 3638 1119 σαυτοῦ

329 1169 497 1226 porro
530 1155 764 1219 diceres,
794 1154 841 1210 si
884 1154 1210 1224 profundius
1249 1158 1551 1214 descendas
1586 1158 1640 1212 in
1682 1158 1861 1211 altera

2109 1179 2124 1215 θ
2158 1160 2442 1231 προτέρων
2469 1158 2821 1227 καταγνοέης,
2856 1161 2939 1212 ὅτι
2982 1176 3040 1212 σε
3070 1158 3343 1212 τοσούτων
3376 1160 3641 1231 χαρίτων

330 1261 542 1317 partem
586 1246 861 1301 facultatis
890 1247 1011 1316 ejus
1044 1248 1098 1301 in
1128 1248 1399 1304 dicendo:
1432 1248 1624 1316 Qualis
1668 1249 1862 1304 cernitt

2109 1252 2198 1306 οεὰ
2229 1252 2575 1318 διελάνθανε;
2606 1250 2675 1306 Τί
2701 1251 2748 1304 δ’
2778 1238 2844 1305 ἂν
2878 1252 3054 1315 εἴποις
3077 1249 3533 1321 ὲμὸαθυνὸμενος
3553 1251 3641 1323 τῷ

330 1340 387 1394 in
423 1340 702 1410 plerisque
735 1340 1008 1409 capitibus
1047 1340 1280 1395 suminis
1310 1341 1691 1411 disponendis,
1734 1357 1862 1411 quo:

2106 1364 2193 1415 ρῳ
2222 1344 2377 1416 μέρει
2407 1345 2507 1415 τῆς
2534 1344 2744 1398 ἐκείνου
2772 1344 2905 1414 περὶ
2927 1345 3053 1407 τοὺς
3075 1343 3268 1410 λόγους
3308 1343 3638 1415 δυνάμεως,

332 1433 609 1497 ordinem,
640 1433 1021 1504 prudentiam;
1073 1433 1202 1487 dum
1250 1432 1486 1497 inducit,
1538 1433 1784 1503 disponit
1824 1450 1864 1502 pt

2106 1453 2131 1500 ς
2178 1438 2237 1490 ὲν
2280 1438 2394 1499 τοῖς
2425 1435 2743 1505 κεφαλαίοις
2768 1436 2869 1506 τὴν
2897 1434 3075 1500 τάξιν,
3107 1436 3208 1507 τὴν
3239 1433 3455 1488 σύνεσιν
3507 1438 3638 1488 εἰσ-

333 1525 679 1596 bypOpberas
714 1526 1161 1597 antliypopberas
1198 1542 1210 1578 :
1245 1524 1442 1594 quibus
1482 1526 1536 1579 in
1587 1526 1863 1580 invenient

2108 1547 2172 1583 ων
2200 1528 2678 1600 οἰκονομούμενος,
2710 1526 3002 1599 ὑποφέρων
3047 1526 3472 1598 ἀνθυποφέρων,
3502 1528 3640 1592 ὅσος

332 1616 729 1685 epicbremasi;
766 1632 933 1687 quam
976 1616 1235 1685 copiosus
1277 1615 1350 1674 in
1381 1616 1702 1685 operando;
1750 1632 1858 1686 qua

2108 1638 2131 1674 ν
2167 1621 2613 1691 ἐπιχειρημάτων
2645 1619 2744 1690 τὴν
2775 1619 3023 1692 εὕρεσιν·
3074 1618 3136 1672 τὸ
3183 1621 3242 1673 ὲν
3291 1621 3415 1681 ταῖς
3457 1620 3640 1691 ἐργα-

332 1719 625 1781 promptus
674 1710 742 1765 ad
796 1710 1279 1779 persuadendum,
1335 1723 1503 1779 quani
1557 1708 1816 1777 frequens
1860 1710 1864 1763 i

2104 1732 2169 1778 ιις
2200 1715 2457 1783 γόνιμον·
2494 1715 2643 1775 ὅπως
2696 1712 3020 1782 συμπείθειν
3059 1712 3277 1782 ἕτοιμος
3323 1712 3421 1765 καὶ
3454 1711 3636 1777 πολὺς

332 1804 608 1875 parabolis
640 1814 695 1858 et
732 1802 1223 1869 similitudinibus;
1269 1812 1509 1871 quantus
1541 1802 1593 1854 in
1631 1802 1864 1872 cnthynv

2102 1806 2391 1877 ραδολαῖς,
2412 1804 2880 1876 παραδείγμασιν·
2902 1804 3088 1875 ἡλίκος
3113 1805 3225 1867 τοῖς
3248 1804 3634 1873 ἐνθυμήμασι·

333 1898 535 1958 masin,
575 1904 631 1950 et
665 1896 785 1949 istis
832 1894 1130 1948 virtutibus
1180 1893 1581 1963 congeneribus
1620 1906 1759 1962 quas
1797 1898 1865 1946 stt

2110 1919 2119 1954 ι
2156 1900 2256 1971 τὴν
2302 1898 2471 1970 ἄλλην
2519 1897 2733 1960 τούτοις
2779 1895 3000 1951 ἃπασαν
3033 1896 3272 1967 συγγενῆ
3305 1895 3569 1967 δύναμιν,
3599 1896 3642 1951 ᾶ-

332 1988 489 2043 diose
530 1988 816 2057 complecti
852 1989 1079 2057 poteris,
1108 1986 1234 2041 licet
1271 1986 1404 2039 nulli
1436 1985 1571 2039 alias
1605 1986 1860 2038 tneditam

2106 2012 2112 2045 ι
2144 1993 2418 2063 παράσχοι
2447 1991 2776 2063 περιελθεῖν,
2805 1989 2910 2045 κᾶν
2944 1989 3136 2061 μηδενὶ⁵
3176 1988 3414 2061 θελήσῃς
3454 1988 3638 2062 ἑτέρῳ

333 2081 473 2138 velis
516 2092 802 2153 praestare,
839 2082 906 2136 ad
935 2097 1178 2136 amorem
1210 2096 1338 2136 vere
1381 2080 1641 2143 celerem,
1678 2089 1727 2133 et
1763 2079 1865 2133 oblt

2104 2085 2167 2138 τὰ
2212 2085 2443 2155 μελέτην
2486 2085 2765 2154 προσχεῖν,
2804 2083 2884 2146 είς
2935 2080 3012 2145 ὡς
3042 2081 3261 2152 ἀληθῶς
3293 2081 3420 2147 ὀξὺν
3447 2082 3636 2153 ἔρωτα

334 2166 673 2230 clamentum
707 2174 1038 2229 delectabile
1075 2172 1480 2229 conciliandum
1519 2190 1534 2226 :
1567 2170 1809 2225 Accedat
1852 2186 1866 2223 :

2102 2177 2125 2229 ἰ
2175 2174 2359 2246 θαῦμα
2418 2175 2615 2244 γλυκὺ,
2648 2175 2683 2244 ἥ
2719 2192 2779 2228 τε
2815 2175 2944 2247 περὶ¹
2977 2176 3087 2229 τῶν
3121 2178 3491 2232 εἰδωλοθύτων
3532 2180 3633 2232 τοῦ

334 2268 442 2323 ista
486 2268 654 2338 bnjns
686 2266 1018 2322 hominis-de
1050 2266 1373 2337 idolothytis
1400 2264 1795 2321 commentatio
1827 2280 1841 2318 :

2104 2269 2221 2341 Βρὺς
2248 2270 2328 2331 είς
2361 2269 2534 2321 ταῦτα
2579 2268 2992 2341 μεταχείρησις,
3028 2272 3122 2324 καὶ
3156 2272 3215 2325 ἐν
3252 2266 3296 2340 ᾧ
3342 2272 3636 2343 καθαίρειν

336 2360 428 2415 ubi
457 2360 508 2414 id
539 2360 648 2431 agit
692 2368 750 2414 ut
776 2359 1049 2429 deprimat
1088 2358 1287 2412 fastum
1334 2357 1550 2411 illorum
1583 2365 1637 2411 et
1678 2354 1868 2410 inﬁatit

2107 2361 2301 2432 ιχειρεῖ
2342 2360 2454 2413 τῶν
2497 2360 3082 2432 μεγαλοφρονούντων,
3128 2362 3215 2432 ἐφ’
3258 2357 3303 2431 ᾧ
3349 2362 3635 2431 γλώσσαις

336 2467 484 2515 nem,
525 2452 620 2521 qui
661 2452 729 2506 de
770 2451 985 2520 loquela
1023 2451 1333 2521 linguarum
1387 2449 1633 2520 ingentes
1674 2462 1862 2516 sumps-

2103 2453 2255 2507 ίλουν
2282 2450 2344 2505 τὸ
2375 2451 2625 2522 φύσημα,
2660 2457 2751 2504 καὶ
2780 2450 2844 2522 δὴ
2872 2452 2969 2505 καὶ
2994 2452 3069 2516 ὡς
3094 2453 3123 2505 ὁ
3152 2453 3316 2523 νόμος
3340 2453 3635 2523 ὀφειλέτης

338 2555 463 2600 rant
492 2545 724 2615 spiritus
758 2563 772 2599 :
803 2554 858 2599 et
888 2543 1033 2616 quod
1076 2546 1159 2598 lex
1188 2545 1544 2605 debitorerat
1574 2558 1697 2613 qnte
1728 2555 1870 2597 conct

2128 2544 2533 2616 παραχωρῆσαι
2572 2544 2638 2614 τῇ
2667 2543 2888 2614 χάριτι;
2931 2543 3093 2598 Ἀλλὰ
3116 2544 3245 2615 περὶ
3282 2545 3382 2614 μὲν
3421 2542 3638 2597 τούτων

336 2639 467 2694 dere
499 2648 554 2693 et
589 2639 772 2692 locum
803 2639 936 2693 dare
961 2638 1156 2709 gratiae
1186 2637 1430 2691 deberet.
1473 2635 1578 2690 Sed
1613 2634 1828 2688 abunde
1856 2650 1868 2686 t

2103 2639 2219 2693 ινά·
2263 2636 2565 2692 καὶταῦτα
2619 2636 2763 2689 κατὰ
2808 2634 3143 2708 γράμματος
3190 2636 3432 2707 ὁμιλίαν.
3470 2635 3531 2689 Et
3572 2635 3635 2689 δέ

340 2730 464 2787 istis
525 2730 740 2785 dictum
799 2740 1137 2799 estzcoque
1189 2744 1363 2799 magis
1412 2727 1556 2799 quod
1611 2726 1872 2780 litterarut

2108 2749 2164 2785 τε
2205 2728 2544 2801 συνεσόμεθα
2598 2727 2960 2799 (συνεσόμεθα
2999 2729 3094 2782 δέ·
3145 2728 3287 2783 θεῖόν
3335 2746 3428 2799 μοι
3470 2728 3640 2781 τοῦτο

338 2822 674 2879 commercio
740 2821 1149 2877 insinuantur:
1209 2821 1254 2875 si
1317 2820 1617 2890 aliquando
1698 2816 1870 2872 insirn‘

2105 2841 2260 2895 ινυμα
2291 2822 2700 2894 προαγορεύει),
2733 2822 2855 2876 τότε
2903 2818 3241 2892 πλατύτερον
3272 2821 3308 2893 ἢ
3350 2819 3449 2874 νῦν
3503 2820 3637 2891 περ)⁵

339 2915 803 2979 converterimus;
856 2915 1250 2969 cunveniemus
1306 2923 1524 2976 autem,
1577 2911 1632 2965 id
1690 2908 1866 2965 Domit

1246 2930 1250 2963 ι
1306 2923 1524 2976 autem,
1577 2911 1632 2965 id
1690 2908 1923 2965 Domino
2030 2917 2245 2973 τούτων
2280 2934 2365 2971 σοι
2396 2915 2778 2988 διαλεξόμεθα.

342 3008 477 3063 mibi
505 3016 854 3079 suggerente,
887 3015 1000 3061 tum
1027 3007 1281 3063 diﬂ‘usius
1307 3021 1472 3075 quam
1498 3004 1551 3058 in
1582 3002 1841 3075 praesenti
1861 3001 1929 3058 de

342 3101 468 3158 istis
495 3102 639 3172 apud
670 3110 721 3157 te
747 3101 1041 3157 disseram.

345 3151 720 3267 Eiliéiio"
751 3151 1666 3340 Ξέᾶίίίῖέἐᾶῗίθ]οοωξχιιί.
1757 3191 1927 3246 Taur.
1963 3198 2008 3257 α
2106 3151 2109 3154 ’
2601 3183 2943 3239 sparum
2977 3182 3095 3250 tm.

348 3360 584 3419 Diversa:
627 3362 947 3433 quaestiones
990 3377 1056 3416 ex
1090 3327 1342 3431 Αροειοίο
1381 3374 1473 3428 per
1514 3356 1698 3428 viginti
1741 3365 1880 3426 septe

2101 3343 2363 3415 nautam
2405 3340 2665 3433 διάφορρ
2695 3336 2805 3433 [toﬁ
2826 3334 3237 3433 λἈπξοιῖτόλου
3271 3330 3370 3387 διὰ
3396 3337 3446 3385 κ’
3465 3328 3560 3384 καί
3588 3327 3633 3389 ζ’

927 3407 946 3416 ”
990 3407 1052 3416 “”
1090 3407 1334 3431 "l""""
1381 3407 1460 3428 l'"
1521 3407 1695 3428 "il""'
1744 3407 1808 3426 "l
1857 3407 1871 3409 “
2111 3407 2123 3414 “
2187 3407 2219 3415 ’ν

927 3434 1108 3503 capita
1149 3432 1364 3487 solutw.
2447 3429 2459 3464 ⁵

1682 3407 1695 3410 -
1744 3407 1808 3426 ’τι
1857 3407 1871 3409 -
2111 3407 2123 3414 “
2187 3407 2219 3415 ’⁷
2447 3407 2797 3480 κεφαλαίων
2820 3407 3214 3476 ἐπιλυόμενα-

791 3546 936 3598 Edita
975 3560 1003 3597 a
1036 3547 1356 3607 Montacutto,
1387 3558 1471 3608 ep.
1513 3542 1623 3604 166,
1661 3539 1726 3591 ad
1761 3530 1939 3602 Gecrg.
1981 3536 2026 3586 Ν
2034 3531 2156 3586 iram
2182 3568 2198 3593 ,
2239 3544 2291 3595 p.
2323 3529 2417 3579 2535
2440 3541 2547 3591 seq.
2583 3526 2658 3577 De
2689 3523 2836 3575 variis
2860 3522 3003 3574 Pauli
3046 3521 3187 3573 locis.

421 3654 878 3727 Quandoquidem
940 3656 1201 3727 agnoscis
1239 3665 1293 3709 te
1330 3669 1437 3708 non
1486 3651 1651 3707 modo
1701 3650 1933 3713 viet’nm,

2127 3641 2465 3713 Ἐπειδήπερ
2516 3638 2577 3691 οὐ
2627 3636 2789 3708 μόνον
2840 3632 3050 3706 χαίρων
3099 3626 3496 3707 ἀνοπολογεῖςὶ
3533 3628 3631 3699 τὴν

352 3749 609 3811 libenter,
662 3748 756 3803 sed
804 3750 1029 3818 insuper
1085 3747 1166 3802 sic
1220 3744 1389 3809 vinei,
1444 3744 1587 3799 inter
1623 3742 1884 3799 festivitat

2098 3751 2239 3797 εταν,
2276 3731 2414 3787 ἀλλὰ
2444 3744 2539 3784 και
2570 3731 2652 3794 είς
2686 3729 2882 3800 ἑορτὴν
2912 3726 3085 3798 αὐτὴν
3110 3723 3385 3795 ὠφελείας
3428 3722 3630 3790 ἀναφέ-

353 3843 643 3901 commoda
674 3814 949 3913 .repntes,’
984 3840 1115 3910 quid
1162 3846 1249 3894 est
1293 3838 1439 3909 quod
1477 3836 1711 3891 ulterius
1760 3835 1885 3889 adbt

2099 3844 2163 3889 :t;
2184 3864 2201 3890 ,
2231 3826 2382 3895 ὅμως
2416 3822 2461 3875 δ’
2490 3820 2773 3891 ἐπιζητεῖς
2793 3818 2873 3872 ἔτι
2899 3815 3326 3889 παραδείγματα
3348 3814 3457 3866 τῶν
3482 3814 3536 3865 ἐν
3553 3814 3631 3881 τῷ

354 3934 635 3991 desideres
666 3934 917 4004 exempla
949 3932 1389 4002 Scripturarnm,
1420 3929 1475 3983 in
1498 3929 1778 3999 prioribus
1800 3926 1886 3980 litt

2096 3918 2250 3991 ρὼτῳ
2275 3917 2566 3987 γράμματι
2594 3911 2905 3984 εἰρημένων
2921 3911 3137 3982 τρόπων
3157 3926 3169 3937 ·
3200 3908 3296 3961 καὶ
3320 3905 3522 3975 ταύτην
3550 3922 3628 3957 σοι

356 4029 436 4082 ris
477 4028 616 4083 meis
664 4028 955 4082 allatarum
1002 4025 1337 4096 ﬁgurarum;
1375 4022 1464 4078 cui
1511 4032 1604 4077 tuo
1642 4020 1888 4077 desideri

2098 4029 2146 4083 1v
2201 4008 2482 4077 ὲξαίτησιν
2512 4006 2688 4077 πέρας
2742 4004 2930 4057 λαϐεῖν
2963 4002 3025 4055 οὐ
3053 3999 3319 4072 βραδύνον
3339 3998 3366 4038 ι
3398 4038 3412 4062 ,
3434 3997 3630 4050 δίκαιον

357 4118 610 4175 celeriter
661 4119 820 4188 cupis
886 4117 1146 4173 satisﬁeri
1189 4134 1203 4171 :
1239 4114 1388 4186 quod
1429 4124 1483 4170 et
1545 4128 1765 4184 mquum
1820 4127 1889 4167 es:

2094 4102 2293 4175 >μίζω³
2344 4099 2502 4172 ἀνδρὶ
2548 4098 2659 4170 γὰρ
2698 4094 2959 4168 ἀληθείας
3002 4091 3329 4165 ἡττωμένῳ,
3376 4088 3626 4160 φθονερὸν

358 4213 558 4281 sentio,
596 4212 739 4285 sapit
782 4212 929 4267 enim
971 4210 1231 4266 invidiam
1266 4210 1341 4264 illi
1381 4207 1665 4263 veritatem
1712 4221 1821 4261 non
1858 4221 1890 4260 rt

2094 4198 2128 4270 ὴ
2157 4197 2422 4268 παρέχειν
2453 4190 2647 4264 μαθεῖν
2675 4196 2777 4261 τὴν
2802 4187 3072 4261 ἀλήθειαν
3099 4183 3472 4257 ὲπιζητοῦντι.
3496 4181 3624 4236 Καθ’

359 4314 715 4377 praesentare,
750 4305 879 4376 quia
922 4304 1155 4381 veritate
1193 4303 1395 4369 victus,
1426 4302 1573 4371 quod
1618 4314 1808 4355 verum
1839 4314 1891 4354 es

2090 4303 2282 4341 καστον
2308 4281 2602 4354 τοιγαροῦν
2629 4281 2859 4335 ἐκείνων
2902 4296 2987 4332 σοι
3011 4281 3122 4331 τῶν
3169 4281 3452 4347 τεσσάρων
3502 4281 3622 4345 τρο-

359 4398 573 4467 qnazrit.
605 4397 898 4465 Quocirca,
918 4380 1159 4468 quatuor
1185 4395 1406 4449 illorum
1437 4391 1726 4448 modOrum
1757 4395 1891 4446 exe’n

2088 4396 2172 4433 των
2211 4378 2369 4445 ὀλίγα
2413 4374 2538 4429 τινὰ
2595 4371 2936 4444 παραθέντες
2982 4370 3093 4423 τῶν
3151 4368 3620 4439 παραδειγμάτων,

362 4458 448 4561 pla
475 4458 656 4547 adhuc
686 4458 953 4562 adiungo,
980 4492 1049 4546 ita
1084 4500 1145 4545 ut
1176 4489 1320 4543 haud
1356 4485 1649 4541 ditliculter
1679 4485 1894 4555 disting‘

2094 4489 2148 4525 τε
2175 4470 2365 4543 ῥᾳδίαν
2392 4467 2558 4522 οὖσαν
2582 4465 2693 4521 τῶν
2719 4464 2929 4518 λοιπῶν
2956 4467 3023 4517 ἐκ
3050 4461 3259 4515 τούτων
3280 4460 3381 4530 τὴν
3410 4458 3626 4529 θεωρίαν

2513 4560 2535 4569 -
2682 4558 2694 4569 .
2819 4552 3268 4569 .......ν
3407 4551 3589 4569 ,ιρι

363 4593 419 4638 et
444 4583 683 4640 discerni
719 4583 933 4655 possint
970 4598 1036 4638 ex
1072 4582 1219 4645 istis,
1252 4580 1343 4634 illa
1372 4594 1495 4648 quae
1538 4576 1749 4647 reliqua
1797 4592 1895 4631 sun

2096 4563 2151 4617 al.
2186 4560 2484 4634 διάκρισιν,
2513 4560 2600 4612 ἵνα
2636 4558 2711 4630 μὴ
2747 4558 2841 4611 καὶ
2891 4557 2992 4627 σὴν
3042 4552 3352 4624 ἐξυϐρίζειν
3402 4551 3622 4621 δόξωμεν

361 4682 481 4729 tum
524 4685 586 4731 ut
630 4646 891 4731 nc-tuam
939 4674 1287 4746 prudentiam
1348 4646 1682 4727 contumelia
1736 4668 1885 4724 adice

2095 4655 2303 4719 ύνεσιν,
2363 4652 2458 4707 καὶ
2499 4650 2683 4722 βίϐλον
2732 4650 2863 4720 ὃλην
2913 4647 3029 4700 ἀντ’
3083 4646 3371 4713 ἐπιστολῆς
3411 4646 3624 4714 γράφειν

364 4766 623 4833 videam,
682 4782 781 4823 nec
834 4782 932 4837 pro
974 4766 1205 4837 epistola
1265 4764 1539 4834 integrum
1592 4761 1689 4815 tibi
1748 4761 1890 4815 libru

2089 4745 2507 4817 ταραλείψωμεν.
2542 4744 2754 4814 Ὠσπερ
2787 4740 2897 4812 γὰρ
2926 4739 2987 4792 τὸ
3031 4736 3381 4806 λεπτολογεῖν
3404 4735 3480 4805 τῷ
3509 4735 3621 4788 δυσ-

363 4873 609 4914 exarem.
644 4857 824 4914 Veluti
848 4859 994 4913 enim
1030 4860 1209 4929 inepte
1240 4872 1474 4928 quaeque
1506 4855 1643 4911 levia
1672 4870 1891 4924 prosth

2098 4840 2325 4911 εωρήτῳ
2406 4834 2888 4907 προσαρμόζεται,
2976 4828 3120 4884 οὕτω
3192 4829 3254 4881 τὸ
3332 4825 3499 4895 σαφὲς
3563 4825 3623 4879 ἂν

366 4952 610 5006 adhaeret
640 4951 755 5007 fere
801 4951 892 5008 ille
935 4952 1081 5023 quod
1121 4918 1459 5007 obscuritate
1498 4947 1831 5009 involvitur,
1878 4946 1893 4999 i

2087 4932 2135 5001 ιὴ
2174 4931 2263 4986 διὰ
2288 4929 2381 4985 τοῦ
2438 4928 2718 5005 συντόμου.
2771 4925 3009 4997 πρόεισι,
3042 4921 3137 4976 τοῦ
3191 4918 3541 4991 μανθάνοντος
3590 4918 3619 4982 ἧ

364 5043 513 5115 quod
561 5043 616 5098 in
651 5052 840 5114 aperto
880 5011 1118 5115 positum
1157 5053 1263 5107 est,
1296 5042 1344 5098 si
1386 5056 1499 5096 non
1525 5054 1648 5094 cum
1684 5037 1889 5093 brevita

2082 5024 2155 5078 τοῦ
2192 5021 2535 5085 διδάσκοντές
2561 5036 2627 5091 γε
2681 5019 2900 5083 πάντως
2967 5017 3047 5081 εἰς
3097 5011 3435 5086 κατηγορίαν
3482 5024 3614 5081 περι-

365 5111 700 5192 exhibeatur
728 5137 784 5193 in
821 5111 1184 5209 opprobrium
1219 5134 1414 5201 tendit,
1448 5134 1532 5190 vel
1564 5131 1835 5196 doctoris,
1867 5129 1954 5185 vel
2066 5114 2281 5169 ίσταται
2305 5111 2441 5185 (18)-

370 5229 655 5288 discentis.
1104 5240 1107 5243 ‘

1673 5314 1915 5373 VARUE
1971 5308 2378 5367 LECTIONES.

543 5442 747 5514 corrig.
782 5457 847 5498 ex
885 5442 945 5497 (ἶ.
974 5440 1045 5494 Μ.
1080 5439 1455 5510 ἀνομολογεῖς.
1567 5436 1593 5475 ³(
1618 5435 1680 5491 C.
1709 5434 1856 5489 Moti.
1891 5433 1990 5488 531
2052 5430 2092 5485 f.
2129 5429 2231 5485 154
2264 5426 2547 5500 βραδῦναι.

1893 5551 2132 5608 NOT/E.

484 5681 593 5753 (l8)
627 5679 815 5753 Capita
854 5694 916 5734 ex
968 5678 1155 5736 codice
1211 5672 1421 5732 Monac.
1485 5672 1580 5728 551
1634 5670 1941 5741 signantur,
1985 5663 2143 5719 Eutr.
