3880 6206
277 314 393 382 593

1210 314 1312 376 AD
1370 310 1971 376 AMPHILOCHIUM
1999 261 2352 385 onmno
2388 307 2613 371 xcm.

3450 297 3560 369 5M

356 430 660 490 α’.Δὺτίκα
688 430 872 487 τοίνυν
893 430 978 497 τδ,
1017 450 1037 487 ι
1087 431 1154 487 Τί
1181 431 1276 487 οῦν
1313 432 1572 505 ἐροῦμεν,
1614 418 1869 504 Ἀϐραὰμ

2043 430 2100 485 l.
2141 427 2215 485 Ut
2246 429 2517 485 instemus
2565 443 2581 481 :
2620 443 2641 479 ι
2692 414 2972 481 Abraham
3003 413 3227 479 Patrem
3282 431 3555 485 nostrum,

281 529 381 583 τὸν
403 526 616 599 πατέρα
632 525 790 598 ἡμῶν
805 525 1100 597 εὑρηκέναι
1117 525 1259 580 κατὰ
1283 527 1486 598 σάρκα,
1509 544 1529 578 ι
1551 525 1785 596 φανερὸν
1795 524 1872 590 ὡς

285 621 414 675 καθ’
444 619 752 692 ὑπερϐατὸν
783 619 1177 689 ἐσχημάτισται
1194 635 1208 651 ’
1232 619 1296 672 τὸ
1321 619 1451 691 γὰρ,
1477 619 1632 673 κατὰ
1651 616 1870 686 σάρκα,

285 713 410 768 δέον
458 713 564 780 πρδ
612 711 704 766 τοῦ
747 712 974 780 πατέρα
1032 711 1270 776 κεῖσθαι,
1329 710 1711 782 ὑπερϐεϐηκὸς
1774 708 1876 780 τὴν

283 806 498 861 οἰκείαν
554 803 774 878 χώραν,
851 805 992 876 μετὰ
1065 806 1128 860 τὸ
1200 804 1554 875 εὑρηκέναι,
1615 801 1876 883 συντέτα-

287 919 439 960 κται.

369 994 436 1066 β’.
471 993 724 1049 Τοιοῦτον
773 992 869 1049 καὶ
921 993 1004 1058 τὸ,
1037 993 1275 1047 Βλέπετε
1332 993 1427 1048 τὸν
1471 993 1690 1064 Ἰσραὴλ
1734 991 1878 1046 κατὰ

287 1081 509 1158 σάρκαο
556 1087 680 1142 ἀντὶ
726 1086 836 1160 γὰρ
891 1084 1021 1152 τοῦ,
1072 1086 1312 1142 Βλέπετε
1377 1085 1469 1141 τὸν
1498 1086 1643 1155 κατὰ
1698 1087 1880 1158 σάρκα

300 1179 541 1251 Ἰσραὴλ,
571 1179 814 1252 εἴρηται.

249 1288 257 1293 ·
332 1277 433 1343 ’γ⁴.
461 1273 572 1326 Καὶ
613 1271 793 1338 τοῦτο,
846 1273 910 1326 Οί
947 1270 1123 1326 δοῦλοι
1177 1270 1234 1325 δὲ
1269 1269 1577 1324 ὑπακούετε
1623 1270 1740 1333 τοῖς
1777 1287 1879 1322 κυ-

292 1365 433 1437 ρίοις
474 1364 618 1420 κατὰ
664 1366 864 1438 σάρκα,
896 1366 1017 1420 ἀντὶ
1048 1363 1164 1432 τοῦ,
1209 1366 1324 1429 τοῖς
1360 1363 1504 1418 κατὰ
1565 1362 1749 1434 σάρκα
1783 1379 1878 1416 κυ-

291 1455 453 1528 ρίοις.

361 1541 786 1607 δ⁹.”Αποδέδοται
805 1545 1016 1621 τούτοις
1037 1544 1135 1601 καὶ
1152 1545 1214 1599 τό
1231 1561 1248 1578 ο
1275 1545 1418 1617 Πρὸς
1436 1545 1465 1599 ὃ
1493 1543 1722 1601 δύνασθε
1753 1545 1884 1599 ἀνα-

288 1640 660 1711 γινώσκοντες
691 1642 883 1711 νοῆσαι
914 1639 1015 1712 τὴν
1044 1639 1259 1704 σύνεσίν
1287 1657 1401 1711 ομου
1415 1640 1473 1692 ὲν
1500 1638 1578 1710 τῷ
1597 1637 1884 1710 μυστηρίῳ

288 1731 390 1786 τοῦ
436 1731 709 1803 Χριστοῦο
755 1731 1316 1786 συνδιαποικίλλεταιο
1371 1729 1434 1784 τὸ
1492 1729 1604 1801 γάρ
1647 1728 1875 1793 ἁπλοῦν,

1974 522 2107 592 quid
2145 521 2414 584 dicemus,
2463 519 2744 574 inventum
2781 515 2953 572 fuisse
2981 515 3138 586 juxta
3183 525 3406 570 carnem
3430 511 3498 578 ",
3534 529 3554 563 ι

1975 627 2122 688 patet
2160 613 2307 686 quod
2358 613 2587 683 ﬁgurate
2639 626 2736 681 per
2788 609 3124 680 hyperbaton
3164 606 3387 662 dicitur.
3419 603 3560 658 Illud

1975 709 2120 764 enim
2178 706 2322 760 κατὰ
2374 706 2574 776 σάρκα,
2622 702 2913 758 sectmdum
2961 715 3195 766 carnem,
3255 697 3562 768 praecedere

1975 800 2185 866 debuit,
2220 798 2437 869 πατέρα
2462 797 2641 868 ἡμῶν,
2669 805 2878 865 patrem
2924 802 3200 856 nostrum;
3238 805 3398 846 suum
3431 802 3563 858 ergo

1978 895 2162 977 locum
2186 905 2545 964 supergressa
2563 888 2755 952 dictio,
2771 885 3125 955 coniungitur
3141 899 3264 938 cum
3283 880 3562 935 invenisse.

2047 985 2248 1042 2.Tale
2279 993 2334 1039 et
2361 983 2516 1050 illud,
2541 999 2560 1034 ι
2582 979 2776 1035 Videte
2809 977 2974 1034 Israel
3006 975 3308 1032 secundum
3339 985 3564 1028 carnem

1977 1095 2102 1153 pro,
2132 1076 2323 1135 Videte
2358 1076 2525 1132 Israel
2545 1074 2636 1147 qui
2673 1081 2759 1130 est
2787 1071 3088 1128 secundum
3127 1083 3350 1126 carnem
3384 1065 3456 1120 “.

2051 1251 2103 1306 ὅ.
2142 1248 2234 1316 Et,
2279 1267 2298 1302 ι
2336 1248 2512 1314 Servi,
2571 1247 2788 1303 ohedite
2833 1246 3075 1304 dominis
3115 1244 3418 1301 secundum
3445 1257 3569 1300 car-

1980 1359 2109 1400 nem
2133 1341 2200 1410 “,
2237 1357 2356 1414 pro,
2387 1342 2689 1398 secundum
2724 1355 2949 1397 carnem
2981 1338 3242 1396 dominis.

2055 1528 2110 1584 4.
2124 1525 2362 1581 Accedat
2377 1523 2560 1578 adista
2586 1519 2788 1576 etillud
2812 1539 2826 1576 :
2854 1538 2873 1572 ι
2903 1517 3146 1574 Potestis
3173 1533 3298 1573 cum
3327 1514 3570 1588 legeritis

1985 1638 2322 1697 cegnoscere
2377 1620 2727 1691 prudentiam
2789 1630 2966 1672 meam
3023 1615 3077 1670 iu
3138 1614 3400 1685 mysterio
3489 1627 3573 1668 se-

1986 1716 2226 1773 cundum
2292 1713 2576 1769 Christum
2605 1711 2697 1765 “:
2739 1728 2758 1763 ι
2792 1709 2886 1764 ubi
2950 1707 3222 1779 elegantia
3282 1705 3570 1760 variatur:

293 1824 440 1896 Πρὸς
463 1789 502 1876 ὃ,
519 1821 751 1877 δύνασθε
782 1821 1252 1890 ἀναγινώσκοντες
1270 1822 1464 1892 νοῆσαι
1610 1822 1668 1873 ὲν
1687 1821 1767 1890 τῷ
1787 1789 1881 1890 μυξ

2006 1807 2306 1878 ιίιιιριίοἰιοι-
2338 1803 2484 1860 enim
2511 1803 2593 1864 sic
2621 1811 2707 1858 est
2742 1818 2757 1856 :
2787 1801 2869 1855 Ad
2900 1801 3046 1872 quod
3069 1799 3296 1870 potestis
3332 1799 3573 1866 legentes

295 1913 507 1986 στηρίῳ
534 1912 629 1968 τοῦ
665 1913 908 1984 Χριστοῦ
935 1913 1153 1968 σύνεσίν
1181 1931 1284 1985 μου
1305 1928 1318 1943 ο
1342 1914 1374 1984 ἢ
1406 1914 1453 1967 εἰ
1487 1911 1670 1984 βούλει
1689 1929 1704 1945 ·
1739 1911 1883 1984 Πρὸς

291 2008 323 2062 ὃ
359 2006 590 2062 δύνασθε
621 2007 813 2079 νοῆσαι
852 2007 951 2079 τὴν
986 2007 1204 2062 σύνεσίν
1254 2024 1357 2078 μου
1404 2006 1505 2078 τὴν
1544 2007 1604 2060 ἐν
1648 2005 1727 2076 τῷ
1778 2023 1883 2076 μυ-

296 2099 508 2170 στηρίῳ
539 2097 634 2152 τοῦ
669 2096 929 2169 Χριστοῦ.
968 2096 1201 2151 Δύναται
1230 2096 1343 2168 γὰρ
1367 2096 1524 2151 τοῦτὸ
1551 2113 1613 2150 τε
1646 2097 1741 2150 καί
1766 2095 1884 2151 ἔνια

291 2189 408 2243 τῶν
429 2188 849 2260 προειρημένων
886 2189 954 2243 δι’
974 2189 1235 2261 ἑκατέρου
1281 2188 1489 2260 τρόπου
1521 2189 1601 2253 εἰς
1631 2187 1694 2241 τὸ
1725 2187 1887 2260 ὀρθόν

291 2298 361 2335 τε
391 2281 483 2335 καὶ
512 2280 924 2356 συνειθισμένον
943 2281 1042 2351 τῆς
1081 2281 1337 2350 φράσεως
1367 2279 1763 2349 ὲπανάγεσθαι.
1781 2279 1886 2332 Λέ-

293 2389 382 2443 γω
405 2372 464 2427 δὲ
507 2373 631 2447 ῆτοι
665 2373 753 2428 διὰ
794 2373 892 2428 τοῦ
931 2373 1054 2427 καθ’
1098 2372 1433 2445 ὑπερϐατὸν,
1469 2373 1503 2445 ἢ
1540 2371 1629 2426 διά
1672 2389 1738 2440 γε
1791 2370 1887 2426 τοῦ

293 2464 744 2528 κοινοποιοῦντος
772 2449 1120 2519 ὲλλειπτικοῦ
1143 2464 1206 2518 τὺ
1228 2465 1460 2536 προειρη
1470 2464 1630 2536 μένον
1654 2465 1768 2528 τοῖς
1789 2462 1890 2518 ἔπ-

296 2573 444 2622 ειτα,
472 2557 663 2628 ῶσπερ
697 2560 799 2624 καί
823 2556 941 2620 νῦν,
976 2557 1036 2611 τὸ
1063 2556 1184 2612 κατ’
1209 2557 1523 2628 αἰτιατικὴν
1562 2558 1890 2628 ὲκπεφωνη-

299 2649 465 2722 μένον
493 2651 674 2706 ἑνικὸν
706 2649 912 2723 ἄρθρον
937 2649 1048 2705 ἀπὸ
1063 2648 1244 2705 κοινοῦ
1275 2647 1639 2722 παραληφθὲν
1663 2647 1892 2720 ὑλόκλη⁴

299 2761 402 2818 ρον
433 2745 494 2798 τὸ
525 2745 691 2817 ῥητὸν
723 2744 1127 2817 ἀπειργάσατο.

373 2840 436 2894 ε’.
453 2818 709 2890 Τοιοῦτον
734 2835 829 2888 καὶ
852 2836 935 2901 τὸ,
981 2835 1060 2889 Δι’
1085 2835 1114 2890 ὃ
1136 2834 1397 2908 αἰτοῦμαι
1445 2834 1522 2906 μὴ
1549 2836 1808 2890 έκκακείν
1835 2835 1894 2889 ὲν

297 2928 424 2991 ταῖς
438 2925 654 2998 θλίψεσί
693 2927 960 2998 μουὺπὲρ
989 2927 1145 2998 ὑμῶν
1163 2943 1177 2957 ·
1200 2927 1234 2998 ἢ
1256 2927 1386 2999 γὰρ,
1404 2928 1526 2990 ταῖς
1549 2925 1692 2998 ὑπὲρ
1712 2924 1889 2996 ὑμῶν,

295 3019 512 3088 ὀφείλει
557 3018 976 3090 προσειρῆσθαι,
1019 3016 1089 3071 δι’
1115 3011 1177 3074 οῦ
1213 3018 1494 3088 γνώριμον
1537 3017 1601 3071 τὸ
1628 3017 1738 3071 ἀπὸ
1781 3034 1896 3072 κοι-

215 3120 218 3123 ’
298 3111 423 3178 νοῦ,
456 3111 490 3184 ἢ
518 3113 577 3210 ὲν
604 3113 726 3176 ταῖς
765 3111 906 3182 ὑπὲρ
963 3109 1120 3182 ὑμῶν
1151 3109 1367 3180 θλίψεσί
1396 3126 1523 3180 μου,
1553 3109 1694 3181 ὅπερ
1724 3107 1894 3163 ὲνδεί-
1918 3147 1965 3210 C

299 3219 489 3257 κνυσι-
526 3201 587 3256 τὸ
633 3200 943 3272 ὑπερϐατόν
968 3216 984 3233 ο
1022 3199 1144 3254 καθ’
1183 3199 1444 3270 ὁπότερον
1493 3199 1604 3272 γὰρ
1638 3197 1751 3254 τῶν
1802 3197 1896 3253 δύο

299 3292 514 3348 τούτων
553 3291 874 3365 διαληφθὲν,
904 3290 1334 3363 ’ἀπηρτισμένην
1381 3289 1444 3344 τὸ
1486 3290 1652 3362 ῥητὸν
1704 3288 1898 3346 ἀναδέ-

300 3405 462 3462 χεται
495 3388 593 3456 τὴν
628 3387 948 3460 ἑρμηνείαν.
1592 3386 1593 3389 “

382 3487 456 3549 ς’.
487 3481 678 3545 Πάλιν,
719 3480 818 3534 Διὰ
860 3469 1020 3533 τοῦτο
1045 3476 1285 3542 ἀκούσας
1311 3476 1412 3547 τὴν
1449 3474 1576 3530 καθ’
1621 3475 1767 3545 ὑμᾶς
1801 3474 1896 3528 πί-

303 3592 430 3630 στιν
465 3576 523 3629 έν
547 3574 627 3646 τῷ
680 3572 867 3645 Κυρίῳ
902 3570 1101 3642 Ἰησοῦ,
1143 3571 1203 3624 οὑ
1232 3570 1478 3640 παύομαι
1533 3568 1894 3640 εὑχαριστῶν.

305 3668 544 3739 Ὅμοιον
597 3665 708 3738 γὰρ
752 3665 848 3719 καί
889 3665 1050 3717 τοῦτο
1085 3664 1198 3724 τοῖς
1227 3661 1535 3731 εἰρημένοις
1557 3676 1574 3692 ⁸
1605 3659 1639 3730 ἢ
1669 3660 1780 3732 γὰρ
1800 3662 1899 3732 τὴν

236 3831 242 3836 _
306 3762 373 3814 ἐν
399 3759 479 3832 τῷ
508 3757 702 3830 Κυρίῳ
737 3755 914 3826 Ἰησοῦ
946 3753 1070 3809 καθ’
1097 3751 1243 3824 ὑμᾶς
1295 3752 1478 3806 πίστιν
1505 3767 1520 3784 °
1545 3752 1580 3823 ἢ
1630 3752 1729 3824 τὴν
1773 3751 1897 3806 καθ’

305 3852 458 3922 ὑμᾶς
484 3850 668 3903 πίστιν
706 3847 805 3918 τὴν
839 3849 897 3900 ἐν
953 3843 1148 3916 Κυρίῳ
1189 3841 1365 3914 Ἰησοῦ
1426 3841 1900 3910 ἀναγινώσκοντες

304 3941 841 4012 κεκοινοποιημένην
865 3956 878 3970 ·
916 3938 1011 3994 καὶ
1043 3937 1197 3991 οὐδὲν
1237 3934 1470 4006 ἔχουσαν
1499 3949 1898 4006 παρατετραμ-

310 4038 476 4110 μένον
501 4037 602 4108 τὴν
636 4034 836 4105 φράσιν
862 4031 1214 4104 εὑρίσκομεν.
1250 4013 1254 4018 ’

385 4129 455 4196 ζ’.
477 4124 916 4203 [Παραπλήσιον]
935 4127 1028 4179 καὶ
1042 4125 1124 4189 τὸ,
1142 4124 1202 4176 Εἰ
1231 4121 1288 4176 δέ
1309 4139 1392 4186 τις
1406 4120 1505 4192 οὑχ
1524 4117 1793 4174 ὑπακούει
1821 4118 1900 4190 τῷ

306 4224 460 4295 λόγῳ
484 4221 664 4295 ἡμῶν,
694 4220 782 4274 διὰ
803 4222 902 4290 τῆς
921 4216 1211 4287 ἐπιστολῆς
1235 4213 1424 4270 τοῦτον
1447 4211 1778 4285 σημειοῦσθε
1797 4229 1811 4242 ·
1839 4211 1902 4266 τὸ

305 4318 424 4390 γὰρ
438 4315 671 4379 ἐντελὲς,
688 4313 750 4366 Εἰ
763 4312 820 4366 δέ
837 4327 920 4374 τις
942 4311 1040 4380 οὑχ
1070 4306 1335 4362 ὑπακούει
1364 4303 1444 4376 τῷ
1457 4305 1546 4358 διὰ
1561 4304 1660 4375 τῆς
1677 4306 1896 4357 ἐπιστο-

305 4410 412 4481 λῆς
433 4409 592 4481 ἡμῶν
604 4407 772 4477 λόγῳ,
792 4403 982 4458 τοῦτον
1003 4420 1069 4473 ση
1081 4419 1144 4473 με
1154 4398 1407 4468 ιοῦσθε”ἢ
1423 4398 1520 4452 καὶ
1534 4396 1729 4462 οὕτως’
1755 4397 1820 4451 Εἰ
1845 4395 1905 4450 δέ

1982 1899 2284 1968 intelligere
2314 1896 2368 1951 in
2393 1894 2660 1966 mysterio
2692 1892 2897 1950 Christi
2953 1890 3302 1962 prudentiam
3352 1903 3572 1946 meam:

1984 2003 2080 2050 aut
2111 1993 2158 2050 si
2180 1990 2368 2054 vultis,
2401 1987 2544 2062 Πρὸς
2573 1987 2602 2042 ὃ
2660 1984 2895 2041 δύνασθε
2944 1987 3138 2055 νοῆσαι
3200 1983 3299 2052 τὴν
3358 1978 3572 2034 σύνεσίν

1988 2104 2113 2160 μου,
2159 2086 2256 2156 τὴν
2278 2087 2336 2139 ὲν
2356 2085 2435 2155 τῷ
2465 2081 2750 2154 μυστηρίῳ
2779 2077 3042 2150 Χριστοῦ.
3071 2079 3262 2134 Potest
3293 2077 3398 2130 hoc
3439 2073 3573 2128 ell‘a-r

1987 2190 2124 2248 tum,
2155 2175 2287 2234 utet
2315 2177 2423 2232 alia
2444 2177 2609 2231 etiam
2646 2174 2758 2245 jam
2785 2174 2932 2227 dicta
2974 2187 3072 2241 per
3115 2182 3413 2238 utrumque
3449 2181 3572 2223 mo-

1987 2268 2114 2325 dum
2148 2267 2215 2322 ad
2255 2267 2385 2322 recti
2418 2261 2864 2335 intelligentiam,
2896 2269 2951 2316 et
2979 2260 3198 2332 phrasis
3260 2274 3422 2314 usum
3489 2273 3577 2312 rc-

1988 2361 2131 2417 duri.
2189 2359 2436 2430 Intelligo
2486 2366 2668 2413 autem
2725 2369 2825 2426 per
2884 2353 3255 2424 hyperbaton,
3319 2360 3412 2406 aut
3475 2365 3577 2422 per

1989 2454 2205 2524 ellipsin
2245 2453 2536 2524 quamdam
2562 2465 2784 2516 novam,
2833 2447 3194 2521 praecedentia
3217 2443 3578 2514 sequentibus

1990 2547 2362 2618 copulantem,
2398 2544 2473 2599 uti
2505 2558 2652 2598 nunc
2681 2542 2947 2598 articulus
2995 2537 3297 2610 singularis
3333 2536 3570 2600 numeri,

1990 2641 2087 2711 qui
2116 2640 2168 2693 in
2197 2637 2515 2694 accusativo
2541 2635 2788 2704 eﬂ‘ertur,
2819 2633 2932 2689 άπδ
2951 2633 3046 2688 τοῦ
3079 2629 3263 2687 κοινοὺ
3319 2644 3550 2686 consum
3569 2655 3582 2667 ο

2001 2745 2207 2790 malam
2237 2731 2523 2800 periodum
2555 2728 2768 2784 reddat.

2064 2827 2119 2883 5.
2149 2825 2281 2881 Tale
2317 2832 2372 2880 et
2407 2809 2560 2887 illud,
2605 2822 2684 2876 Δι’
2719 2822 2750 2875 ὃ
2793 2819 3054 2892 αἰτοῦμαι
3088 2817 3164 2890 μὴ
3226 2815 3484 2873 ὲκκακείν
3523 2814 3583 2868 ὲν

1993 2921 2115 2984 ταῖς
2143 2915 2356 2988 θλίψεσί
2382 2931 2505 2987 μου·
2539 2914 2684 2984 quod
2715 2912 3051 2985 hyperbaton
3085 2910 3250 2966 habet
3277 2925 3292 2963 :
3325 2907 3406 2961 vel
3432 2905 3579 2961 enim

1995 3011 2250 3080 conjungi
2279 3009 2441 3064 debet
2466 3023 2592 3063 cum
2630 3009 2754 3073 ταῖς
2785 3005 2928 3077 ὑπὲρ
2957 3005 3136 3076 ὑμῶν,
3171 3018 3268 3075 per
3297 3001 3446 3070 quod
3491 3013 3586 3054 co-

1996 3104 2280 3179 gnoscitur
2304 3101 2449 3174 quod
2479 3111 2565 3157 est
2600 3099 2711 3155 ἀπὸ
2755 3098 2940 3154 κοινοῦ
2980 3107 3099 3162 aut,
3131 3097 3194 3151 ἐν
3252 3096 3375 3158 ταῖς
3441 3091 3587 3162 ὑπὲρ

1997 3196 2154 3270 ὑμῶν
2187 3193 2399 3266 ouem:
2435 3210 2558 3264 μου.
2589 3190 2797 3258 Quovis
2825 3189 2991 3246 modo
3020 3188 3312 3259 accipitur,
3357 3193 3586 3244 senten-

1997 3291 2077 3349 tia
2107 3289 2404 3362 perfectam
2435 3285 2680 3342 admittit
2723 3283 3256 3356 interpretationem.

2068 3471 2122 3530 6.
2139 3471 2364 3536 lterum,
2393 3467 2494 3524 Διὰ
2519 3465 2682 3522 τοῦτο
2706 3462 2949 3529 ἀκούσας
2974 3461 3074 3536 τὴν
3086 3460 3212 3518 καθ’
3229 3461 3259 3516 ὑ
3267 3461 3378 3534 μᾶς
3404 3457 3591 3514 πίστιν

1999 3566 2060 3620 έν
2082 3564 2161 3637 τῷ
2189 3565 2384 3636 Κυρίῳ
2427 3560 2627 3634 Ἰησοῦ,
2660 3559 2724 3614 οὑ
2759 3558 3008 3628 παύομαι
3031 3554 3398 3628 εὐχαριστῶν.
3430 3552 3590 3608 Simi-

1999 3658 2068 3715 lis
2097 3657 2188 3713 hie
2220 3656 2374 3711 locus
2421 3663 2551 3709 ante
2577 3652 2781 3718 allatis,
2810 3651 2895 3705 vel
2919 3648 3068 3704 enim
3102 3655 3292 3718 potest
3327 3645 3579 3715 essm-dp

2000 3750 2167 3820 ὲντῷ
2197 3747 2387 3821 Κυρίῳ
2426 3745 2608 3818 Ἰησοῦ
2649 3743 2776 3800 καθ’
2833 3743 2982 3814 ὑμᾶς
3044 3739 3251 3802 πίστιν,
3313 3745 3432 3802 aut,
3490 3737 3592 3808 τὴν

1999 3844 2124 3900 καθ’
2155 3844 2301 3916 ὑμᾶς
2331 3841 2516 3896 πίστιν
2543 3839 2645 3912 τὴν
2665 3839 2724 3891 ὲν
2744 3837 2936 3908 Κυρίῳ
2974 3831 3174 3906 Ἰησοῦ.
3207 3831 3284 3886 lla
3351 3830 3592 3900 legentes

2000 3937 2136 3993 nihil
2161 3937 2504 4000 innovatum,
2529 3932 2665 3988 nihil
2686 3943 3008 4004 perversum
3039 3927 3095 3982 in
3138 3923 3402 3996 quuendi
3426 3923 3592 3977 modo

2003 4029 2368 4086 inveniemus.
3333 4024 3336 4025 ⁷

2078 4123 2132 4178 7.
2153 4122 2343 4177 Simile
2359 4131 2442 4177 est
2470 4120 2676 4176 ethoc:
2706 4118 2768 4172 Εἰ
2789 4116 2848 4172 δέ
2873 4113 2957 4180 τις
2986 4114 3086 4186 οὑχ
3103 4111 3372 4168 ὑπακούει
3399 4108 3477 4181 τῷ
3501 4106 3594 4185 λύ-

2003 4235 2084 4288 γῳ
2113 4215 2294 4288 ἡμῶν,
2323 4213 2414 4269 διὰ
2433 4216 2532 4284 τῆς
2561 4209 2856 4281 ἐπιστολῆς
2882 4207 3074 4262 τοῦτον
3105 4203 3458 4277 σημειοῦσθε.
3485 4200 3594 4254 Ah-

2003 4311 2181 4365 soluta
2213 4309 2388 4362 oratio
2432 4305 2506 4360 ita
2533 4319 2592 4359 se
2619 4303 2817 4364 habet;
2860 4302 2922 4355 Et
2948 4300 3007 4354 δέ
3050 4316 3136 4362 τις
3180 4297 3280 4368 οὑχ
3328 4292 3596 4348 ὑπακούει

2004 4403 2084 4476 τῷ
2109 4403 2197 4457 διὰ
2226 4402 2324 4473 τῆς
2354 4396 2643 4467 ἐπιστολῆς
2670 4393 2831 4466 ἡμῶν
2876 4392 3044 4463 λόγῳ,
3076 4388 3269 4444 τοῦτον
3328 4383 3590 4456 σημειοῦο

306 4472 404 4567 τιξ
427 4472 527 4572 οἶέχ
549 4472 817 4553 ὑπαέδύει
854 4495 933 4567 τῷ
979 4472 1124 4564 uti?
1168 4492 1326 4563 ἡμῶν
1368 4489 1449 4560 τῷ
1506 4489 1596 4544 διὰ
1639 4489 1740 4558 τῆς
1771 4488 1898 4542 ἔπι·
1931 4495 1976 4555 Ι)
2005 4472 2097 4549 σθε
2123 4509 2140 4525 ο
2171 4472 2396 4548 authoc
2423 4488 2608 4554 modo,
2641 4487 2705 4540 El
2737 4484 2796 4540 δέ
2829 4501 2915 4548 τις
2946 4483 3044 4554 οὑχ
3069 4477 3338 4535 ὑπακούει
3389 4475 3468 4546 τῷ
3501 4472 3594 4526 λό-

313 4595 538 4662 στολῆς,
581 4592 774 4646 τοῦτον
825 4586 1178 4660 σημειοῦσθε.
1223 4583 1333 4637 Καὶ
1382 4582 1566 4652 δῆλον,
1597 4582 1678 4636 ὅτι
1717 4579 1779 4634 τὸ
1805 4580 1905 4652 μὲν

310 4687 588 4758 πρότερον
647 4682 757 4737 ἀπὸ
799 4680 892 4733 τοῦ
935 4677 1058 4735 καθ’
1092 4675 1400 4746 ὑπερϐατὸν
1443 4673 1778 4742 ἐπανάγεται
1805 4687 1820 4702 ο
1845 4670 1907 4724 τὸ

309 4782 372 4835 δὲ
431 4777 663 4847 ὕστερον
715 4773 900 4847 ῥηθὲν,
932 4770 1041 4824 ἀπὸ
1086 4767 1179 4822 τοῦ
1210 4765 1332 4820 κατ’
1359 4763 1598 4834 ἔλλειψιν
1630 4778 1906 4817 κοινοποι-

311 4867 510 4930 οῦντος
567 4865 682 4928 τοῖς
745 4861 946 4933 ἐφεξῆς
1016 4858 1086 4913 τὰ
1159 4855 1540 4928 προειρημένα
1600 4852 1906 4921 ἀπαρτίζε-

309 4978 427 5016 ται.

385 5056 462 5122 η’.
483 5049 615 5112 Καὶ,
631 5048 758 5110 Τοῖς
787 5044 1061 5108 πλουσίοις
1089 5044 1149 5095 ὲν
1166 5040 1242 5113 τῷ
1260 5037 1356 5094 νῦν
1374 5038 1532 5094 αἰῶνι
1553 5033 1904 5107 παράγγελλε

317 5145 395 5216 μὴ
430 5141 860 5213 ὑψηλοφρονεῖν·
891 5138 1014 5191 ἀντὶ
1065 5136 1182 5200 τοῦ,
1208 5140 1320 5199 τοῖς
1361 5135 1420 5188 ὲν
1469 5130 1548 5201 τῷ
1597 5129 1694 5211 νῦν
1735 5127 1898 5182 αἰῶνι

286 5237 622 5303 πλουσίοις,
646 5235 702 5305 ἢ,
733 5237 846 5297 τοῖς
891 5231 1168 5294 πλουσίοις
1219 5230 1332 5291 τοῖς
1375 5227 1433 5277 ὲν
1471 5223 1552 5295 τῷ
1583 5222 1677 5288 νῦν
1711 5221 1919 5277 αἰῶνι.·

271 5377 288 5414 ὁ
317 5332 452 5394 Καὶ,
480 5329 597 5383 Νῦν
624 5326 804 5401 χαίρω
830 5326 888 5378 ὲν
916 5325 1029 5394 τοῖς
1055 5319 1379 5392 παθήμασιν
1401 5317 1545 5388 ὑπὲρ
1565 5315 1722 5388 ὑμῶν
1745 5333 1758 5347 ·
1779 5314 1905 5368 ἀντὶ

317 5422 440 5489 τοῦ,
473 5422 534 5474 ἐν
561 5423 674 5483 τοῖς
704 5418 846 5488 ὑπὲρ
881 5417 1038 5487 ὑμῶν
1085 5413 1408 5486 παθήμασιν
1429 5427 1444 5443 ·
1477 5409 1512 5482 ἢ
1551 5411 1611 5462 ὲν
1649 5408 1762 5471 τοίς
1803 5424 1909 5460 πα-

323 5517 536 5588 θήμασι
562 5515 675 5576 τοῖς
703 5511 848 5582 ὑπὲρ
877 5509 1053 5580 ὑμῶν.

397 5607 465 5663 θ’.
496 5607 620 5660 Ἔτι
639 5605 721 5659 δέ·
746 5604 859 5674 Τὴν
879 5603 1063 5675 δέησιν
1083 5599 1432 5672 ποιούμενος,
1465 5596 1557 5651 ἐπὶ
1572 5597 1639 5668 τῇ
1656 5590 1914 5676 κοινωνίᾳ

401 5787 627 5846 "Rom.
669 5803 742 5854 iv,
789 5785 834 5841 Ι.
913 5783 1151 5841 “lCor.
1188 5799 1239 5847 ς,
1289 5777 1372 5835 l8.
1452 5779 1492 5814 ³⁵
1519 5777 1718 5846 Ephes.
1752 5790 1828 5843 τι,
1863 5771 1913 5829 ὃ.

2006 4604 2090 4658 γῳ
2113 4584 2290 4657 ἡμῶν,
2329 4582 2420 4658 διὰ
2484 4582 2585 4652 τῆς
2647 4577 2942 4646 ἐπιστολῆς
2985 4573 3179 4629 τοῦτον
3232 4567 3595 4641 σημειοῦσθε,

2009 4655 2188 4746 Patet,
2221 4655 2372 4748 quod
2417 4675 2649 4730 istorum
2705 4670 2995 4726 modorqu
3035 4667 3209 4738 prior,
3251 4679 3348 4734 per
3398 4657 3626 4732 hyper-'

2006 4771 2176 4828 baton
2207 4768 2486 4824 reducitur
2521 4783 2534 4820 :
2572 4763 2849 4835 posterius
2905 4761 3111 4816 dictum
3151 4759 3323 4828 liquet
3361 4771 3459 4825 per
3516 4752 3601 4809 el-

2005 4863 2173 4934 lipsin
2211 4877 2241 4916 a
2272 4859 2654 4932 superioribus
2692 4855 3108 4926 intelligendam
3138 4849 3393 4913 absolvit

2081 5046 2136 5102 8.
2160 5046 2246 5108 Et,
2293 5043 2419 5107 Τοῖς
2446 5038 2724 5104 πλουσίοις
2761 5038 2819 5091 ὲν
2835 5035 2913 5108 τῷ
2943 5033 3040 5089 νῦν
3063 5032 3218 5087 αἰῶνι
3251 5026 3605 5101 παράγγελλε

2013 5139 2090 5212 μὴ
2129 5138 2543 5210 ὑψηλοφρονεῖν,
2581 5147 2679 5205 pro
2710 5133 2822 5196 τοῖς
2853 5130 2911 5183 ὲν
2939 5128 3020 5199 τῷ
3052 5127 3168 5181 νυνὶ
3219 5125 3380 5180 αἰῶνι
3430 5124 3597 5176 πλου-

2010 5233 2149 5296 σίοις
2185 5247 2200 5263 ⁸
2231 5239 2307 5297 et,
2337 5229 2452 5282 Νῦν
2477 5227 2652 5300 χαίρω
2685 5226 2745 5278 ὲν
2775 5219 3207 5291 τοῖςὺπὲρὺμῶν
3236 5217 3557 5290 παθήμασιν
3587 5228 3604 5245 ³

2011 5336 2128 5394 aut,
2159 5325 2218 5378 ὲν
2239 5325 2353 5387 τοῖς
2379 5320 2672 5393 παθήμασι
2707 5317 2822 5382 τοίς
2855 5314 2996 5388 ὑπὲρ
3029 5311 3206 5385 ὑμῶν.

2091 5589 2145 5646 9.
2168 5542 2381 5654 Adhuc,
2409 5586 2522 5660 Τὴν
2559 5585 2744 5660 δέησιν
2767 5581 3109 5657 ποιούμενοι,
3147 5579 3239 5635 ἐπὶ
3267 5559 3334 5652 τῇ
3351 5575 3606 5650 κοινωνίᾳ

2001 5771 2044 5804 ³⁸
2073 5769 2274 5842 Ephcs.
2315 5785 2331 5825 ι
2362 5787 2399 5833 ι,
2437 5770 2490 5826 4.
