3880 6206
360 282 472 350 595

1533 296 1798 358 PHOTII
1827 295 2341 357 PATRIARCH/E
2370 297 2480 359 CP.

3530 292 3642 355 596

364 396 524 469 ὑμῶν
550 400 617 471 τῇ
654 399 736 466 είς
761 401 827 457 τδ
856 402 1216 476 Εὕα-(γέλων.
1242 403 1469 478 Singula
1493 408 1641 465 enim
1674 408 1945 465 antedicta

2058 407 2211 479 ὑμῶν
2238 410 2304 479 τῇ
2333 409 2413 471 είς
2444 405 2505 460 τδ
2528 404 2863 477 Εὑαγγέλιον
2883 419 2897 435 ·
2932 402 3217 460 τουτέστιν
3244 402 3338 458 ἐπὶ
3363 404 3429 475 τῇ
3476 404 3556 467 είς
3582 413 3643 458 το

359 504 462 559 per
520 499 819 564 utrumque
851 496 1074 552 modum
1127 498 1371 565 dicendi,
1431 514 1743 570 regressum
1780 500 1835 555 in
1893 499 1947 555 id

360 582 507 651 quod
537 593 622 639 est
652 584 713 639 τὸ
741 586 921 641 κοινὸν
952 589 1217 661 recipiant
1245 607 1368 661 :pcr
1390 592 1728 662 hyperbaton
1761 600 1946 647 autem

362 672 708 744 simpliciter,
750 676 804 733 id
835 679 982 750 quod
1018 681 1370 752 hyperthesiu
1423 685 1632 741 dictum
1669 695 1775 755 est,
1810 701 1948 743 cou-

364 764 589 824 texitur.

434 1034 523 1089 10.
545 1034 678 1091 Illud
706 1054 722 1091 :
754 1037 1097 1112 ’Δσπάζομαι
1127 1041 1271 1115 ὑμᾶς
1307 1044 1418 1115 ἐγὼ
1435 1045 1657 1118 Τέρτιος
1677 1048 1706 1102 6
1727 1048 1949 1121 γράψας

360 1125 461 1191 τὴν
492 1128 785 1201 ἐπιστολὴν
814 1132 873 1184 ἐν
908 1133 1127 1204 Κυρίῳ·
1160 1136 1251 1191 ubi
1289 1137 1443 1200 illud,
1472 1137 1531 1191 ἐν
1594 1140 1808 1212 Κυρίῳ,
1845 1158 1949 1195 an-

363 1231 566 1273 nexum
596 1232 681 1275 est
709 1221 807 1286 illi,
833 1223 1151 1296 ἀσπάζομαι
1201 1228 1369 1298 ὑμᾶς,
1424 1229 1579 1300 juxta
1642 1248 1801 1289 usum
1859 1249 1950 1289 se-

361 1319 618 1378 quentem
652 1314 866 1369 dicendi
891 1317 956 1369 ad
976 1317 1145 1373 linem.
1169 1320 1451 1389 repetitur.
1480 1322 1543 1377 Et
1566 1323 1695 1379 illud
1722 1343 1736 1381 :
1758 1325 1950 1390 Ὅπως

363 1401 611 1475 ἐξέληται
640 1406 789 1476 ἡμᾶς
820 1408 886 1461 ἐκ
922 1409 1016 1463 τοῦ
1072 1412 1368 1478 ἐνεστῶτος
1428 1416 1622 1480 αἰῶνος
1670 1417 1909 1489 πονηροῦ
1931 1434 1945 1449 ⁸

360 1496 527 1551 simili
595 1499 767 1569 ﬁgura
810 1500 1056 1559 ell'ertur.
1120 1503 1257 1561 Nam
1308 1522 1411 1562 vox
1471 1510 1710 1581 πονηροῦ
1766 1511 1948 1568 locum

360 1589 614 1658 supplere
642 1591 805 1646 debet
831 1593 952 1664 ejus
998 1598 1145 1665 quod
1195 1600 1447 1670 sequitur
1512 1602 1829 1671 ἐνεστῶτος,
1895 1612 1951 1659 et

359 1691 699 1750 postremum
732 1684 914 1740 locum
947 1686 1202 1747 absolvit.

430 1863 516 1917 ll.
547 1861 744 1919 lterum
781 1884 795 1922 :
838 1867 1042 1922 Τούτου
1073 1870 1253 1941 χάριν,
1276 1872 1303 1924 6
1329 1871 1550 1945 δέσμιος
1574 1873 1686 1943 ἐγὼ
1699 1873 1792 1928 τοῦ
1810 1874 1947 1946 Χρι-

358 1953 486 2005 στοῦ
526 1955 701 2025 Ἰησοῦ
732 1957 872 2029 ὑπὲρ
898 1958 1183 2029 ὑμῶν.τῶν
1220 1962 1394 2015 ἐθνῶν
1417 1981 1430 1995 ·
1480 1965 1638 2034 quasi
1690 1965 1899 2021 diceret
1929 1984 1943 2022 :

357 2043 565 2098 Τούτου
596 2046 779 2118 χάριν,
811 2050 839 2100 ό
870 2049 1008 2121 ὑπὲρ
1049 2050 1204 2119 ὑμῶν
1235 2053 1343 2105 τῶν
1374 2052 1545 2107 ἐθνῶν
1572 2054 1792 2127 δέσμιος
1813 2057 1950 2129 Χρι-

358 2134 507 2189 στοῦ.
540 2138 753 2207 Captivi
787 2140 934 2195 enim
966 2141 1094 2197 Jesu
1120 2142 1325 2199 Christi
1352 2147 1530 2215 plures
1560 2145 1778 2202 fuerant
1804 2164 1949 2204 mar-

356 2236 527 2297 tyres,
555 2230 649 2285 sed
676 2247 785 2285 non
818 2248 916 2302 pro
948 2234 1205 2303 gentibus
1249 2236 1314 2289 in
1366 2253 1641 2294 carcerem
1686 2243 1943 2313 conjecti.

355 2320 471 2375 Non
496 2323 642 2378 enim
676 2324 800 2380 ideo
833 2326 1215 2383 vinciebantur
1246 2340 1299 2385 et
1344 2334 1763 2398 occidebantur,
1800 2337 1945 2405 quod

353 2424 544 2485 gentes
572 2417 909 2499 adducerent
941 2420 1009 2475 ad
1053 2422 1355 2487 Christum,
1394 2425 1489 2478 sed
1521 2426 1664 2495 quod
1717 2428 1821 2497 ipsi
1876 2429 1943 2483 li-

354 2511 477 2567 dem
507 2513 560 2567 in
600 2514 883 2571 Christum
914 2518 1175 2574 nolebant
1233 2521 1524 2592 abnegare.
1564 2524 1767 2580 Paulus
1822 2527 1943 2581 vin-

354 2614 477 2662 ctus
514 2606 644 2664 Jesu
667 2608 893 2677 Christi,
938 2612 1083 2667 haud
1112 2614 1272 2669 aliter
1306 2614 1432 2681 fuit,
1500 2633 1665 2685 quam
1723 2630 1945 2691 propter

353 2709 576 2770 gentes;
608 2717 806 2772 nempe
852 2707 997 2775 quod
1033 2706 1139 2761 illis
1161 2706 1348 2763 Jesum
1387 2707 1692 2775 Christum,
1746 2720 1799 2765 et
1833 2728 1942 2768 non

352 2800 627 2878 hunc.aut
658 2797 810 2853 illum
840 2803 1223 2865 annuntiabat,
1279 2803 1489 2858 nullum
1552 2806 1941 2875 particularcm

351 2891 653 2958 nominem,
684 2894 779 2948 sed
817 2894 1062 2965 integras
1091 2896 1345 2951 nationes
1380 2896 1448 2950 ad
1473 2897 1754 2954 Christum
1811 2916 1944 2956 cou-

354 2991 602 3049 verteret.
630 2984 929 3056 Eaproptcr
946 2988 1195 3057 captivus
1223 2989 1535 3044 tenebatur.
1562 2990 1666 3047 Sed
1698 2993 1764 3048 de
1779 3009 1941 3048 sensu

2054 499 2387 569 Εὐαγγέλιον
2429 496 2687 569 κοινωνίᾳ
2752 495 2945 568 ὑμῶν’
2975 496 3010 569 ἢ
3046 496 3145 551 καὶ
3202 496 3411 560 οὕτως’
3443 496 3539 549 ἐπὶ
3573 498 3641 566 τῇ

2051 592 2312 665 κοινωνίᾳ
2340 592 2499 663 ὑμῶν
2522 595 2591 663 τῇ
2621 593 2702 655 είς
2738 590 2801 643 τὸ
2847 588 3185 659 Εὑαγγέλιον
3207 604 3221 618 °
3252 588 3487 642 ἕκαστον
3529 588 3644 657 γὰρ

2048 683 2162 739 τῶν
2192 684 2501 757 είρημένων
2529 685 2623 752 ἀφ’
2645 682 2913 753 ἐκατέρου
2938 681 3143 752 τρόπου
3183 680 3286 752 τὴν
3332 682 3413 743 είς
3437 680 3502 732 τδ
3530 696 3644 734 κοι-

2051 780 2141 834 νδν
2221 777 2483 833 ἐπάνοδον
2548 776 2933 845 ἀπολαμϐάνει
2961 791 2974 805 ·
3024 775 3150 829 καθ’
3201 773 3516 845 ὑπερϐατὸν
3582 771 3643 825 δὲ

2050 869 2333 943 καθαρῶς,
2391 869 2422 924 6
2478 868 2601 924 καθ’
2654 843 2955 941 ῦπέρθεσιν
3029 843 3643 937 λέγεταιςδιαπλικε-

2050 978 2164 1017 ται.

2123 1050 2285 1118 ι’.Τὺ,
2314 1051 2655 1121 Ἀσπάζομαι
2685 1050 2831 1121 ὑμᾶς
2856 1049 2967 1120 ἐγὼ
2991 1050 3213 1122 Τέρτιος
3234 1050 3263 1104 ό
3286 1049 3507 1123 γράψας
3535 1048 3641 1119 τὴν

2051 1144 2340 1216 ἐπιστολὴν
2371 1146 2429 1198 ἐν
2460 1144 2651 1215 Κυρίῳ
2676 1160 2691 1175 ο
2721 1144 2783 1198 τὸ
2834 1144 2964 1214 γὰρ,
2991 1146 3048 1197 ἐν
3092 1143 3305 1215 Κυρίῳ,
3359 1143 3641 1198 συναπτό-

2055 1255 2215 1309 μενον
2266 1238 2328 1291 τδ
2368 1235 2410 1303 ι,
2444 1237 2759 1307 ἀσπάζομαι
2789 1237 2957 1307 ὑμᾶς,
2992 1237 3140 1291 κατὰ
3194 1235 3294 1308 τὴν
3339 1237 3640 1290 ἀκόλουθον

2050 1329 2145 1383 τοῦ
2176 1330 2335 1398 λόγου
2365 1331 2560 1401 χρῆσιν
2587 1329 2725 1399 πρὸς
2754 1328 2831 1399 τῷ
2858 1329 3003 1382 τέλει
3033 1329 3131 1384 νῦν
3153 1329 3497 1383 ἀποδέδοται.
3526 1331 3642 1383 Καὶ

2049 1422 2133 1486 τὸ,
2164 1422 2357 1486 Ὅπως
2389 1421 2641 1494 ἐξέληται
2687 1423 2836 1493 ἡμᾶς
2874 1422 2941 1476 ἐκ
2977 1420 3073 1475 τοῦ
3112 1422 3413 1486 ἐνεστῶτος
3440 1424 3642 1486 αἰῶνος

2050 1515 2290 1589 πονηροῦ
2319 1559 2334 1583 ,
2397 1516 2785 1587 παραπλήσιον
2850 1514 2978 1586 ἔσχε
3055 1515 3147 1570 τὸν
3216 1516 3640 1587 σχηματισμόν·

2050 1612 2111 1665 τὸ
2168 1611 2297 1682 γὰρ,
2358 1609 2621 1681 πονηροῦ,
2672 1608 2774 1681 τὴν
2824 1608 3023 1680 ἐφεξῆς
3045 1608 3140 1663 τοῦ
3186 1610 3487 1671 ἐνεστῶτος
3532 1608 3644 1680 χώ-

2054 1722 2155 1777 ραν
2217 1703 2438 1775 ἐπέχειν
2509 1690 2766 1771 ὀφεῖλον,
2820 1702 2920 1774 τὴν
2990 1702 3230 1774 ἐσχάτην
3312 1701 3641 1774 ἀνεπλήρωο

2050 1812 2165 1851 σεν.

2122 1896 2214 1943 ια’.
2251 1888 2362 1942 Καὶ
2395 1888 2580 1949 πάλιν,
2611 1886 2817 1941 Τούτου
2848 1887 3009 1959 χάριν
3048 1887 3076 1940 6
3107 1864 3328 1956 δέσμιος
3366 1884 3465 1938 τοῦ
3502 1885 3642 1956 Χρι-

2049 1978 2176 2033 στοῦ
2218 1980 2395 2051 Ἰησοῦ
2424 1980 2566 2052 ὑπὲρ
2599 1979 2755 2051 ὑμῶν
2778 1978 2889 2033 τῶν
2914 1978 3102 2042 ἐθνῶν,
3126 1972 3258 2040 οἷον,
3288 1978 3497 2030 Τούτου
3539 1976 3641 2047 χά-

2052 2088 2135 2139 ριν
2168 2072 2196 2124 ό
2227 2071 2368 2143 ὑπὲρ
2396 2071 2551 2142 ὑμῶν
2572 2071 2681 2125 τῶν
2710 2070 2879 2125 ἐθνῶν
2909 2070 3129 2139 δέσμιος
3142 2067 3239 2122 τοῦ
3265 2066 3507 2140 Χριστοῦ
3531 2067 3640 2134 ’1η-

2050 2160 2162 2215 σοῦ.
2190 2161 2412 2231 Δέσμιοι
2446 2162 2547 2232 μέν
2579 2162 2688 2233 γὰρ
2716 2162 2975 2231 γεγόνασι
3026 2159 3119 2213 τοῦ
3169 2158 3410 2231 Χριστοῦ
3456 2157 3638 2227 Ἰησοῦ

2049 2253 2141 2307 καὶ
2170 2254 2359 2308 πολλοὶ
2388 2253 2497 2307 τῶν
2531 2253 2845 2326 μαρτύρων,
2891 2254 3006 2307 ἀλλ’
3026 2254 3125 2323 οὐχ
3155 2253 3295 2323 ὑπὲρ
3316 2250 3424 2303 τῶν
3444 2251 3637 2304 ἐθνῶν.

2048 2349 2121 2401 Οὐ
2153 2349 2261 2417 γὰρ
2287 2349 2370 2402 ὅτι
2398 2348 2467 2401 τὰ
2502 2348 2632 2419 ἔθνη
2663 2347 2941 2417 προσῆγον
2971 2345 3049 2415 τῷ
3085 2344 3309 2415 Χριστῷ
3356 2344 3447 2396 διὰ
3476 2343 3642 2396 τοῦτο

2047 2440 2283 2493 ἐδέδεντο
2311 2441 2404 2493 καὶ
2433 2440 2789 2501 ἐσφάττοντο,
2822 2437 2936 2492 ἀλλ’
2966 2438 3049 2490 ὅτι
3074 2438 3229 2490 αὐτοὶ
3257 2436 3381 2489 καθ’
3403 2437 3637 2500 ἑαυτοὺς

2044 2532 2143 2604 τὴν
2181 2534 2263 2596 είς
2290 2532 2525 2603 Χριστὸν
2563 2532 2664 2584 οὐκ
2709 2530 2939 2600 ὴθέτουν
2982 2528 3186 2583 πίστιν.
3237 2528 3376 2581 Οὐδὲ
3424 2526 3643 2591 Παῦλος

2045 2625 2265 2695 δέσμιος
2301 2624 2401 2693 μὲν
2427 2619 2496 2695 ῆν
2542 2622 2637 2676 τοῦ
2669 2622 2908 2693 Χριστοῦ
2957 2620 3153 2692 Ἰησοῦ,
3190 2621 3327 2675 ἀλλὰ
3360 2622 3455 2674 καὶ
3495 2620 3643 2691 ὑπὲρ

2045 2716 2153 2768 τῶν
2187 2714 2377 2768 ἐθνῶν.
2417 2714 2540 2768 Ὅτι
2576 2715 2692 2784 γὰρ
2724 2714 3023 2783 ἐκήρυττεν
3068 2714 3253 2776 αὐτοῖς
3285 2713 3377 2765 τὸν
3402 2711 3644 2783 Χριστὸν

2046 2809 2141 2862 καὶ
2186 2809 2269 2861 ὅτι
2295 2808 2415 2877 οὐχὶ
2457 2807 2606 2861 τόνδε
2638 2807 2670 2877 ἦ
2714 2806 2897 2868 τόνδε,
2934 2805 3071 2859 ἀλλὰ
3118 2807 3212 2859 καὶ
3242 2806 3452 2875 δήμους
3483 2805 3642 2869 ὅλους

2049 2900 2321 2968 μετετίθει
2350 2899 2487 2970 πρὸς
2520 2899 2753 2969 Χριστόν
2775 2914 2789 2928 ⁸
2830 2898 2921 2952 διὰ
2934 2898 3093 2951 τοῦτο
3116 2898 3177 2951 τὸ
3208 2898 3372 2951 πλέον
3402 2897 3641 2953 ἐδέδετο.

2059 2992 2221 3046 Ἀλλά
2248 2993 2378 3063 περὶ
2406 2994 2508 3062 μέν
2539 2996 2639 3061 τῆς
2670 2994 2728 3045 ἐν
2758 2995 2825 3063 τῇ
2857 2993 3069 3063 διανοίᾳ
3115 2990 3352 3063 θεωρίας
3396 2992 3493 3046 καὶ
3536 2990 3644 3062 τῆς

352 3072 457 3127 ioci
488 3073 761 3141 interiori,
789 3088 845 3132 et
877 3079 1169 3135 verborum
1200 3081 1626 3153 signiﬁcatione,
1666 3084 1796 3140 alibi
1820 3103 1941 3142 sun.

2058 3085 2155 3139 τῶν
2183 3084 2387 3139 λέξεων
2408 3084 2767 3150 ἁναπτύξεως
2791 3086 2849 3140 ἐν
2885 3085 3086 3148 ἄλλοις.

354 3163 625 3221 dicturus.

425 3257 512 3312 12.
544 3258 625 3313 Ad
654 3274 779 3314 eum
810 3263 1122 3334 tropologia:
1155 3266 1375 3322 modum
1407 3280 1656 3338 spectat:
1692 3272 1754 3326 Οί
1781 3272 1837 3325 δὲ
1862 3290 1945 3327 πι-

354 3348 512 3411 στοὺς
561 3348 778 3420 ἔχοντες
836 3352 1103 3419 δεσπότας
1153 3358 1228 3428 μὴ
1282 3361 1795 3431 καταφρονείτωσαν
1863 3364 1944 3417 δτι

354 3439 571 3509 ἀδελφοί
610 3443 769 3509 είσιν,
791 3444 928 3499 ἀλλὰ
958 3447 1168 3517 μᾶλλον
1192 3449 1618 3518 δουλευέτωσαν,
1656 3454 1737 3507 ὅτι
1765 3456 1946 3509 πιστοί

354 3532 459 3586 εἱσι
496 3533 589 3586 καὶ
612 3536 906 3605 ἀγαπητοὶ,
935 3539 985 3591 oi
1015 3539 1115 3609 τῆς
1160 3540 1479 3613 εὐεργεσίας
1550 3545 1946 3617 ἀντιλαμϐανό-

354 3640 506 3692 μενοι
540 3624 571 3694 ἢ
607 3626 951 3696 μετέχοντες.
990 3629 1145 3687 Patet
1194 3642 1377 3688 autem
1458 3635 1605 3705 quod
1655 3636 1946 3706 εὑργεσίας

352 3714 879 3787 ἀντιλαμϐανόμενοι
906 3736 1001 3790 per
1035 3722 1373 3793 hyperbaton
1402 3724 1602 3781 dicitur
1625 3744 1640 3791 ;
1662 3728 1942 3797 proprium

354 3820 485 3861 vero
520 3807 693 3862 locum
723 3810 769 3863 si
810 3810 1131 3882 disponatur
1157 3824 1303 3871 recte
1336 3816 1419 3871 sic
1444 3802 1716 3888 supplebit
1749 3818 1955 3875 :umai

356 3896 558 3981 μᾶλλον
580 3900 627 3953 οί
654 3900 753 3971 τῆς
769 3901 1091 3974 εὐεργεσίας
1107 3906 1659 3980 ἀντιλαμϐανόμενοι,
1683 3911 1939 3969 δουλευέ-

356 4007 556 4055 τωσαν,
594 3993 677 4046 ὅτι
702 3996 882 4049 πιστοί
911 3996 1018 4050 είσι
1047 3999 1141 4051 καὶ
1187 4000 1497 4072 ἀγαπητοίο
1561 4019 1755 4074 nempe
1800 4008 1945 4076 quod

359 4080 605 4149 ipsorum
643 4083 759 4138 heri
797 4087 933 4141 tales
960 4088 1093 4144 sint.

432 4174 517 4228 l3.
549 4174 628 4230 Ad
663 4178 915 4233 eumdem
950 4181 1168 4236 modum
1208 4190 1262 4237 et
1299 4182 1405 4239 hoc
1440 4184 1697 4253 refertur,
1749 4187 1946 4259 Ὑμεῖς

2119 3258 2209 3329 ιβ’.
2229 3258 2343 3328 Τῆς
2362 3257 2535 3328 αὐτῆς
2563 3256 2745 3328 μέντοι
2770 3255 3131 3328 τροπολογίας
3154 3255 3338 3325 ἔχεται
3362 3256 3456 3308 καὶ
3470 3254 3555 3309 τό·
3573 3256 3643 3310 Ol

2045 3352 2099 3406 δέ
2126 3351 2349 3413 πιστοὺς
2365 3350 2579 3419 ἔχοντες
2598 3349 2863 3412 δεσπότας
2884 3348 2960 3420 μὴ
2987 3347 3530 3419 καταφρονείτωσαν,
3553 3351 3638 3402 ὅτι

2046 3441 2267 3510 ἀδελφοί
2295 3442 2464 3494 εἰσινο
2497 3439 2635 3494 ἀλλὰ
2665 3439 2871 3510 μᾶλλον
2892 3439 3317 3504 δουλευέτωσαν,
3346 3439 3431 3492 ὅτι
3459 3440 3644 3494 πιστοί

2046 3537 2153 3589 εἱσι
2193 3535 2287 3588 καὶ
2312 3534 2609 3605 ἀγαπητοὶ,
2657 3533 2709 3587 οἱ
2750 3532 2851 3602 τῆς
2889 3532 3211 3604 εὐεργεσίας
3234 3531 3639 3602 ἀντιλαμϐανό-

2049 3643 2200 3696 μενοι
2241 3626 2275 3697 ἢ
2328 3626 2685 3696 μετέχοντες·
2740 3626 2803 3680 τὸ
2853 3626 2988 3696 γὰρ,
3051 3627 3103 3680 οί
3153 3627 3257 3697 τῆς
3303 3628 3637 3697 εὐεργεσίας

2046 3718 2591 3789 ἀντιλαμϐανόμενοι,
2639 3718 2877 3790 φανερὸν
2919 3720 2996 3783 ὼς
3036 3719 3424 3792 ὑπερτέθειται
3449 3736 3463 3749 ο
3508 3721 3645 3773 dva-

2048 3811 2334 3884 πληρώσει
2354 3812 2413 3866 δὲ
2430 3815 2529 3884 τὴν
2552 3812 2761 3867 οίκείαν
2790 3811 2976 3883 χώραν
2996 3811 3141 3868 οὕτω
3164 3828 3281 3877 πως
3312 3810 3605 3881 διαταχθέν
3624 3827 3641 3843 ο

2050 3904 2217 3961 Ἀλλά
2278 3905 2481 3976 μᾶλλον
2509 3907 2559 3959 οἱ
2603 3905 2701 3973 τῆς
2738 3904 3061 3975 εὐεργεσίας
3110 3892 3642 3974 ἀντιλαμϐανόμενοι

2045 3993 2467 4060 δουλευέτωσαν,
2495 3994 2577 4048 ὃτι
2606 3994 2784 4049 πιστοί
2809 3996 2913 4049 είσι
2948 3994 3044 4049 καὶ
3089 3994 3366 4066 ἀγαπητοί
3390 4011 3405 4025 ο
3434 3995 3488 4049 οἱ
3550 3995 3641 4048 δε-

2047 4088 2244 4142 σπόται
2267 4086 2533 4160 δηλονότι.

2121 4186 2211 4249 ιγ’.
2250 4180 2339 4243 Εἰς
2392 4179 2482 4233 τὸν
2508 4180 2675 4234 αὑτὸν
2715 4178 2772 4233 δὲ
2802 4179 3007 4252 τρόπον
3055 4180 3388 4252 ἀναφέρεται
3422 4180 3521 4235 καὶ
3555 4180 3640 4244 τί,

356 4265 411 4324 δὲ
434 4268 531 4338 οὐχ
570 4267 742 4335 οὕτως
774 4272 1007 4342 ἐμάθετε
1027 4275 1119 4329 τὸν
1148 4276 1406 4347 Χριστὸν,
1442 4278 1559 4346 είγε
1582 4279 1747 4333 αὑτὸν
1769 4280 1939 4351 ὴκού-
2061 4272 2254 4343 Ὑμεῖς
2273 4274 2330 4327 δὲ
2357 4274 2455 4344 οὐχ
2485 4272 2657 4337 οὕτως
2683 4274 2915 4344 ἐμάθετε
2932 4275 3023 4327 τὸν
3035 4274 3299 4347 Χριστόν·
3336 4274 3454 4343 εἴτε
3478 4275 3642 4329 αὑτὸν

359 4378 488 4413 σατε
508 4403 523 4420 .
549 4363 643 4416 κα)⁸
678 4365 737 4416 ἐν
757 4365 908 4437 αὖτῷ
936 4366 1253 4438 ἐδιδάχθητε
1278 4385 1293 4400 ο
1325 4368 1511 4434 καθώς
1532 4370 1680 4424 ἐστιν
1732 4372 1764 4443 ή
1810 4372 1943 4443 ἀλή-
1984 4442 1991 4443 7
2047 4366 2321 4439 ἠκούσατε
2338 4367 2434 4421 καὶ
2457 4368 2515 4418 ἐν
2532 4366 2681 4436 αὐτῷ
2707 4367 3046 4437 ἐδιδάχθητε,
3073 4368 3257 4431 καθώς
3280 4368 3430 4421 ἐστιν
3453 4370 3486 4439 ἡ
3508 4368 3641 4437 ἁλή-

358 4453 476 4507 θεια
502 4456 559 4508 ὲν
591 4455 670 4528 τῷ
710 4456 909 4529 Ἰησοῦ,
940 4458 1243 4514 ἀποθέσθαι
1266 4460 1413 4532 ὑμᾶς
1438 4462 1581 4516 κατὰ
1609 4462 1707 4536 τὴν
1748 4442 1943 4536 προτέ.
1978 4442 2019 4497 D
2051 4458 2170 4513 θεια
2194 4460 2253 4512 ἐν
2280 4457 2359 4529 τῷ
2408 4457 2582 4528 Ἰησοῦ
2614 4458 2917 4512 ἀποθέσθαι
2957 4460 3103 4529 ὑμᾶς
3129 4460 3271 4514 κατὰ
3305 4459 3406 4531 τὴν
3446 4460 3643 4537 προτέ-

359 4563 457 4614 ραν
481 4547 828 4621 ἀναστρορῂν
872 4553 964 4604 τὸν
1011 4550 1244 4607 παλαιὸν
1295 4554 1602 4624 ἄνθρωπον.
1655 4554 1770 4612 Nisi
1799 4558 1946 4613 enim
2056 4570 2155 4623 ραν
2211 4551 2557 4623 ἀναστροφὴν
2608 4552 2700 4606 τὸν
2736 4553 2960 4606 παλαιὸν
2992 4554 3299 4625 ἄνθρωπον.
3336 4555 3398 4606 Εἰ
3431 4555 3508 4624 μὴ
3534 4554 3641 4623 γὰρ

355 4637 547 4693 ordine
578 4648 787 4697 mutato
811 4640 1102 4698 diccrenus
1128 4660 1142 4698 :
1172 4643 1497 4700 ἈπΟΟέσθαι
1515 4647 1660 4718 ὑμᾶς
1688 4650 1780 4701 τὸν
1807 4649 1945 4704 κατά

2058 4645 2388 4718 ὑπερθέντες
2414 4648 2552 4702 εἴποι
2567 4663 2688 4717 μεν,
2720 4646 3048 4700 Ἀποθέσθαι
3072 4647 3217 4711 ὑμᾶς
3242 4647 3332 4699 τὸν
3366 4646 3511 4700 κατά
3543 4647 3641 4716 τὴν

355 4732 457 4804 τὴν
484 4734 757 4805 προτέραν
786 4735 1135 4808 ἀναστροφὴν
1163 4736 1388 4791 παλαιὸν
1416 4738 1703 4811 ἄντρωπον
1725 4755 1741 4772 ⁸
1776 4751 1871 4796 aut
1901 4742 1948 4797 si
2052 4739 2325 4810 προτέραν
2359 4740 2708 4810 ἀναστροφὴν
2736 4739 2965 4794 παλαιὸν
2996 4738 3286 4810 ἄνθρωπον
3306 4756 3320 4771 ·
3357 4740 3418 4809 ἦ,
3446 4742 3495 4793 εἰ
3527 4740 3640 4809 βού-

356 4826 516 4892 \'elis,
556 4827 886 4883 ἈπΟΟέσθαι
918 4829 1065 4901 ὑμᾶς
1088 4828 1180 4884 τὸν
1223 4830 1455 4885 παλαιὸν
1512 4832 1824 4904 ἄνθρωπον,
1852 4834 1942 4889 τὸν
2052 4834 2154 4897 λει,
2185 4832 2511 4886 Ἀποθέσθαι
2530 4833 2675 4903 ὑμᾶς
2700 4831 2791 4885 τὸν
2814 4831 3046 4887 παλαιὸν
3070 4832 3359 4902 ἄνθρωπον
3382 4832 3476 4885 τὸν
3504 4832 3639 4885 κατά

357 4919 501 4973 κατὰ
542 4921 642 4992 τὴν
686 4922 963 4995 προτέραν
1005 4921 1355 4996 ἀναστροφήν
1380 4940 1394 4954 ·
1450 4923 1603 4982 locus
1647 4941 1813 4982 sensu
1854 4929 1947 4983 de-

358 5012 695 5067 stituerctur.

439 5104 519 5159 l4.
564 5102 641 5158 Ita
670 5112 726 5158 et
760 5104 813 5158 in
844 5106 988 5173 istis,
1024 5106 1142 5161 Ἶνα
1163 5107 1257 5179 δῳ,
1291 5108 1436 5162 κατὰ
1467 5107 1559 5162 τὸν
1589 5109 1822 5163 πλοῦτον
1845 5110 1941 5181 τῆς

2056 4926 2154 4996 τὴν
2176 4926 2454 4998 προτέραν
2484 4926 2837 4997 ἀναστροφὴν
2887 4926 2971 4989 είς
3012 4925 3335 4996 ἀδιανόητον
3359 4925 3427 4980 ἂν
3488 4943 3641 4997 περι-

2052 5020 2365 5090 ενεχθέντες
2396 5019 2482 5091 εἴη
2491 5037 2611 5088 μεν.

2127 5111 2207 5164 ιδ’.
2229 5111 2339 5164 Καὶ
2363 5110 2427 5182 δὴ
2452 5110 2546 5164 καὶ
2577 5110 2635 5162 ἐν
2659 5108 2759 5180 τῷ,
2790 5110 2908 5166 Ἵνα
2935 5109 3012 5181 δῷ
3030 5108 3172 5163 κατά
3186 5109 3279 5162 τὸν
3296 5109 3529 5162 πλοῦτον
3544 5108 3640 5178 τῆς

358 5196 517 5266 δόξης
544 5195 714 5250 αὐτοῦ
745 5198 975 5269 δυνάμει
1001 5202 1412 5274 κραταιωθῆναι
1435 5202 1527 5257 διά
1550 5202 1645 5256 τοῦ
1686 5202 1941 5275 Πνεῦμα·
2052 5202 2210 5272 δόξης
2237 5202 2403 5257 αὑτοῦ
2436 5201 2665 5272 δυνάμει
2696 5200 3105 5272 κραταιωθῆναι
3131 5201 3221 5254 διὰ
3266 5199 3361 5253 τοῦ
3396 5199 3640 5268 Πνεῦμα-

362 5305 453 5354 τος
480 5289 647 5344 αὐτοῦ
691 5291 773 5356 είς
817 5294 908 5347 τὸν
959 5294 1067 5348 ἐσω
1114 5296 1440 5366 άνθρωπων,
1490 5298 1816 5368 κατοικῆσαι
1856 5295 1947 5348 τὸν
2054 5313 2143 5360 τος
2174 5294 2339 5349 αὐτοῦ
2363 5296 2442 5360 είς
2465 5295 2553 5348 τὸν
2583 5297 2693 5348 ἐσω
2710 5294 3021 5365 ἄνθρωπον,
3046 5294 3376 5363 κατοικῆσαι
3398 5292 3491 5347 τὸν
3512 5294 3639 5361 Χριο

362 5384 596 5455 Χριστὸν
646 5384 740 5458 διᾲ
764 5386 864 5459 τῆς
898 5389 1133 5455 πίστεως
1163 5390 1222 5445 ἐν
1252 5393 1373 5457 ταῖς
1405 5390 1655 5463 καρδίαις
1691 5389 1867 5459 ὑμῶν,
1888 5391 1949 5446 ἐν
2058 5388 2182 5444 στὸν
2201 5388 2291 5444 διά
2323 5392 2425 5463 τῆς
2448 5389 2682 5454 πίστεως
2714 5389 2772 5445 ἐν
2790 5391 2911 5454 ταῖς
2935 5387 3186 5459 καρδίαις
3212 5386 3390 5459 ὑμῶν,
3419 5387 3479 5443 ἐν
3500 5384 3635 5456 ἁγά-

1639 5621 1881 5679 VARLE
1919 5621 2320 5679 LECTIONES.

459 5772 471 5812 ¹
502 5772 595 5832 ῑσ.
628 5776 730 5846 τῷ.
