3880 6206
248 270 365 347 5θῖ

1199 275 1302 337 AD
1331 261 1933 334 AMPHILOCHIUM
1965 256 2318 333 OUMSTIO
2354 254 2575 321 XCIII.

3446 250 3551 319 598

250 342 729 462 πηιρῤιζωμένοι
757 382 851 439 καὶ
878 342 1373 456 τεθεμελιωμένοι·
1408 379 1497 434 ἴνα
1512 360 1842 447 ἐξισχύσητε
1867 370 1922 431 Α
1946 370 2136 441 ἀγάπη
2178 366 2542 462 ἐρριζωμένοι
2606 361 2700 418 καὶ
2724 342 3257 462 τεθεμελιωμένοι,
3292 359 3381 415 ἵνα
3435 361 3549 427 ἐξι-

249 453 665 535 καταλαϐέσθαι
693 476 791 532 σὺν
824 477 960 531 πᾶσι
987 453 1101 540 τοῖς
1128 473 1305 542 ἁγίοις
1331 470 1384 526 τί
1420 470 1482 525 rb
1512 468 1717 532 πλάτος
1747 465 1845 520 καὶ
1949 463 2187 536 σχύσητε
2221 458 2625 517 καταλαϐέσθαι
2655 456 2750 512 καὶ
2787 456 2883 510 σὺν
2923 456 3062 510 πᾶσι
3098 456 3212 519 ’τοῖς
3249 453 3430 522 ἁγίοις
3495 453 3551 506 τί
3654 495 3657 499 .

258 572 459 642 μῆκος,
491 569 589 625 καὶ
624 567 942 639 βάθοςνκαὶ
964 564 1121 637 ὑψος.
1166 563 1257 618 Ἑν
1320 560 1498 631 τούτῳ
1551 555 1848 631 τοιγαροῦν
1945 557 2010 613 rb
2063 555 2292 619 πλάτος.
2355 552 2451 607 καὶ
2506 551 2709 623 μῆκος,
2775 549 2873 603 καὶ
2921 547 3107 618 βάθος,
3135 546 3231 601 καὶ
3257 544 3414 616 ὑψος.
3439 543 3544 600 Ubi

253 662 338 732 τῷ
358 661 565 733 χωρίῳ,
601 660 738 724 είτις
786 658 868 726 rb,
899 660 957 712 ἐν
989 658 1183 728 ἀγάπῃ
1222 652 1588 729 ἐρριζωμένοι
1634 650 1731 704 καὶ
1757 664 1848 703 τε·

258 748 677 821 θεμελιωμένοι,
705 750 770 820 τῇ
795 746 1159 820 ὑπερτεθείση
1179 743 1325 810 λέξει
1353 742 1430 814 μὴ
1459 738 1734 805 ὑποτάξας
1756 735 1850 792 οὖ-

253 856 341 893 τω
371 839 471 910 τὴν
501 838 817 913 σύμφρασιν
861 837 943 901 είς
978 836 1040 891 rb
1090 835 1233 890 κατὰ
1264 832 1426 903 φύσιν
1462 821 1588 903 ἔχον
1644 831 1851 883 ἐπανα-

261 929 511 1000 στρέψει,
569 926 1010 999 βαρϐαρίζουσαν
1059 921 1216 990 οὗτος
1271 922 1539 994 ὑπόληψιν
1590 919 1670 992 τῷ
1720 917 1852 989 θείῳ

260 1022 465 1094 Παύλῳ
495 1021 754 1093 περιάψει
780 1037 795 1052 ο
829 1021 893 1074 rb
924 1020 1110 1091 μέντοι
1149 1018 1523 1090 διηρθωμένον
1548 1024 1589 1052 ιιι
1645 1012 1730 1085 εἴη
1785 1010 1853 1066 ἂν

258 1114 529 1171 τοιοῦτον
558 1113 677 1168 Ἵνα
705 1116 765 1168 ἐν
792 1115 984 1186 ἀγάπη
1007 1110 1370 1186 ἐρριζωμένοι
1394 1108 1493 1162 καὶ
1522 1105 1855 1177 τεθεμελιω-

266 1210 425 1281 μένοι
461 1209 788 1279 ἐξισχύσητε
814 1206 1226 1262 καταλαϐέσθαι
1250 1220 1264 1234 ·
1296 1204 1393 1259 καὶ
1428 1203 1580 1274 ἐξῆς.
1620 1201 1729 1257 Kal.
1751 1201 1854 1272 ὅρα

260 1303 416 1365 ὅπως
467 1288 779 1372 ἔμπροσθεν
828 1299 927 1371 μὲν
965 1289 1084 1363 τοῖς
1129 1300 1205 1370 μὴ
1240 1297 1521 1370 προορῶσι
1563 1294 1624 1348 rb
1656 1295 1857 1350 ἀνακε-

264 1394 593 1466 χωρημένον
623 1393 716 1447 καὶ
749 1392 916 1461 σοφὸν
938 1391 1049 1446 τῶν
1088 1391 1353 1463 ῥημάτων
1383 1390 1561 1444 ἐδόκει
1595 1388 1657 1442 τὸ
1692 1386 1859 1460 ῥητὸν

268 1488 550 1559 βάρϐαρον
576 1504 590 1518 ·
621 1486 990 1559 ἁναφανείσης
1015 1486 1073 1541 δὲ
1090 1489 1189 1559 τῆς
1229 1484 1465 1558 τροπῆς,
1512 1483 1857 1554 συνανεφάνη

268 1583 367 1634 καὶ
393 1581 454 1633 rb
484 1580 810 1651 ἐμμέθοδον.
1244 1622 1247 1625 .

343 1678 427 1725 ιε’.
444 1670 517 1724 Tb
546 1668 679 1725 αὑτὸ
694 1670 750 1724 δὲ
776 1664 916 1734 εἶδος
936 1665 1348 1741 καθορᾶταικαὶ
1374 1664 1503 1720 ἔνθα
1524 1664 1711 1736 φησὶν,
1733 1665 1861 1729 Τοῖς

1950 650 1997 706 si
2027 648 2152 719 quis
2180 646 2311 701 illud
2348 660 2363 699 :
2410 643 2499 697 Ἐν
2528 642 2721 715 ἀγάπῃ
2754 639 3122 713 ἐρριζωμένοι
3167 636 3266 692 καὶ⁸
3320 637 3551 707 τεθεμε-

1949 736 2227 809 λιωμένοι,
2254 733 2480 795 dictioni
2512 732 2860 803 transpositte
2891 747 3003 785 non
3028 728 3314 800 subjiciat,
3354 728 3401 783 is
3418 743 3553 782 con-

1953 825 2378 903 nexionemloci
2418 824 2472 879 in
2510 823 2560 878 id
2587 864 2601 890 ,
2643 821 2789 893 quod
2840 828 3037 876 natura
3086 817 3351 889 postulat,
3416 832 3553 873 cono:

1955 931 2195 981 vertens.
2234 919 2532 975 barbarum
2575 930 2800 971 sensum
2854 914 3042 970 divino
3068 904 3263 967 'Paulo
3300 910 3549 981 allinget:

1955 1011 2228 1070 sententia
2267 1009 2367 1064 rite
2395 1018 2451 1063 et
2474 1005 2763 1063 articulate
2797 1004 3033 1075 prolata,
3074 1004 3189 1058 hare
3235 1009 3320 1057 est
3358 1018 3374 1055 :
3436 999 3555 1054 Ἵνα

1956 1106 2014 1160 ἐν
2036 1104 2227 1174 ἀγάπη
2252 1099 2617 1175 ἐρριζωμένοι
2663 1097 2760 1152 καὶ
2821 1094 3285 1166 τεθεμελιωμένοι
3334 1091 3551 1165 ἐξισχύ-

1959 1215 2090 1269 σητε
2124 1192 2556 1260 καταλαϐέσθαι,
2597 1199 2704 1247 etc.
2738 1188 2957 1244 Videsis
2985 1195 3173 1243 autem
3202 1185 3449 1265 qualiter
3485 1184 3554 1239 iis

1957 1292 2052 1363 qui
2085 1289 2154 1344 ab
2183 1296 2300 1343 arte
2323 1300 2431 1343 non
2486 1284 2791 1356 praevideut
2850 1280 2903 1335 id
2932 1279 3078 1350 quod
3136 1277 3442 1343 resultabit,
3498 1284 3555 1331 et

1959 1395 2125 1453 quam
2156 1375 2451 1448 prudenter
2475 1372 2634 1429 verba
2667 1371 2777 1426 sint
2810 1367 3105 1440 disposita,
3169 1366 3401 1422 barbare
3459 1379 3553 1420 so-

1962 1487 2095 1527 nare
2119 1468 2394 1523 videbitur
2453 1462 2683 1526 dictum,
2714 1471 2777 1515 ut
2836 1460 3013 1531 ﬁgura
3076 1456 3170 1519 ubi
3217 1454 3550 1527 comparuit,

1965 1579 2072 1620 una
2100 1561 2304 1632 patebit
2329 1567 2383 1615 et
2411 1556 2648 1613 illustris
2670 1553 2831 1609 ordo.

2038 1655 2126 1711 15.
2163 1652 2364 1707 Eadem
2389 1650 2565 1705 forma
2596 1648 2842 1703 cernitur
2872 1652 2929 1700 et
2958 1642 3051 1699 ubi
3097 1642 3201 1698 ista
3253 1641 3372 1697 ait:
3429 1639 3556 1705 Τοῖς

270 1761 375 1832 μὲν
427 1760 549 1818 καθ’
587 1760 867 1834 ὑπομονὴν
920 1734 1088 1831 ἔργου
1136 1758 1347 1827 ἀγαθοῦ
1386 1734 1547 1824 δόξαν
1576 1754 1859 1828 καὶτιμὴν
1895 1735 1938 1792 Β
1970 1750 2069 1821 μὲν
2099 1746 2225 1802 καθ’
2253 1743 2533 1834 ὑπομονὴν
2587 1740 2752 1812 ἔργου
2797 1736 3007 1808 ἀγαθοῦ
3041 1737 3200 1803 δόξαν
3245 1737 3341 1790 καὶ
3366 1734 3557 1807 τιμὴν,

270 1854 369 1906 καὶ
399 1852 713 1925 ἀφθαρσίαν
746 1850 1006 1924 ζητοῦσιν
1039 1851 1185 1921 ζωὴν
1218 1852 1440 1905 αἰώνιον
1460 1866 1476 1881 ·
1506 1848 1857 1920 ὑπερϐέϐηκε

267 1944 383 2015 γὰρ
442 1944 725 2000 κανταῦθα
764 1945 848 2010 rb,
898 1942 1124 2016 ζητοῦσι
1151 1942 1296 2013 ζωὴν
1324 1942 1544 1997 αἰώνιον
1570 1957 1585 1972 ο
1617 1941 1714 1995 καὶ
1744 1941 1860 1995 ἔστι

265 2037 332 2089 rb
358 2038 500 2091 κατὰ
548 2038 686 2093 πόδα
716 2039 817 2110 τῆς
860 2037 1157 2115 ἑρμηνείας
1186 2055 1198 2067 ’
1237 2036 1366 2099 Τοῖς
1422 2034 1548 2088 καθ’
1580 2034 1861 2106 ὑπομονὴν

1965 1839 2277 1913 ἀψθαρσίαν
2304 1833 2596 1891 ἀποδώσει.
2618 1831 2854 1887 Attende
2878 1838 3059 1885 autem
3082 1826 3547 1901 quemadmodum

1974 1950 2082 1990 una
2117 1946 2242 1987 cum
2272 1926 2573 1999 hyperbato
2597 1922 2703 1976 ἀπὸ
2728 1920 2824 1975 τοῦ
2872 1917 3077 1985 κοινοῦ,
3122 1916 3373 1988 repetitio
3432 1924 3558 1971 est:

1967 2033 2105 2088 Nam
2136 2021 2414 2080 ἀποδώσει
2441 2021 2493 2074 in
2533 2018 2641 2073 line
2669 2016 2941 2086 adjectum
2999 2024 3055 2068 et
3111 2013 3202 2068 hic
3229 2012 3557 2068 assumitur.

266 2131 436 2203 ἔργου
467 2133 675 2202 ἀγαθοὺ
705 2108 931 2206 ζητοῦσι
957 2112 1103 2204 ζωὴν
1126 2131 1364 2196 αἰώνιον,
1389 2131 1548 2199 δόξαν
1570 2132 1667 2186 καὶ
1691 2131 1859 2204 τιμὴν
1899 2131 1994 2187 καὶ
2057 2122 2371 2197 ἀφθαρσίαν
2430 2114 2727 2172 ἀποδώσει.
2760 2111 2871 2166 Καὶ
2893 2110 3088 2164 σκόπει
3114 2127 3205 2179 μοι
3230 2108 3395 2174 πάλιν
3411 2111 3561 2170 ὅπως

268 2199 619 2297 συνανεφάνη
671 2199 772 2298 τῷ·
800 2225 900 2280 ὑπε
912 2199 1094 2298 ρόατῷ
1124 2226 1157 2296 ἡ
1185 2225 1282 2280 τοῦ
1321 2224 1428 2279 ἀπὸ
1475 2225 1656 2279 κοινοῦ
1683 2199 2085 2297 μεταχείρισιςο
2114 2220 2175 2274 rb
2223 2216 2354 2286 γὰρ,
2412 2208 2706 2273 ἀποδώσει,
2735 2202 2962 2259 ὄπισθεν
2990 2202 3158 2274 ῥηθὲν
3186 2203 3285 2256 καὶ
3315 2199 3556 2255 ἐνταῦθα

272 2321 692 2390 συνεφέλκεται.
794 2370 797 2371 ,

347 2427 445 2487 ις’,
480 2419 563 2474 Τὰ
599 2418 784 2491 μέντοι
813 2434 878 2487 γε
905 2416 999 2473 τοῦ
1041 2417 1407 2490 προκειμένου
1456 2415 1624 2490 ῥητοῦ
1662 2415 1862 2487 ἐφεξῆς

266 2497 457 2584 ἔχουσι
490 2511 589 2583 μὲν
618 2511 712 2565 καὶ
739 2510 880 2565 αὑτὰ
907 2511 968 2564 rb
996 2511 1104 2565 ἀπὸ
1155 2509 1340 2565 κοινοῦ
1362 2526 1375 2541 ·
1405 2509 1590 2581 ἔχουσι
1619 2507 1663 2561 δ’
1688 2508 1770 2570 είς
1801 2505 1864 2559 τὸ

264 2603 608 2675 καλούμενον
638 2602 853 2676 ζεῦγμα
869 2603 1342 2675 ἀπομεριζόμενόν
1362 2620 1422 2657 τε
1446 2604 1540 2657 καὶ
1561 2601 1863 2657 είδοποιού-

272 2715 463 2769 μενον.
495 2698 570 2750 Tb
602 2697 737 2770 γὰρ,
771 2696 1123 2768 Πειθομένοις
1149 2696 1207 2750 δέ
1228 2699 1294 2766 τῇ
1322 2695 1526 2767 ἀδικίᾳ,
1559 2694 1728 2765 θυμὸς
1769 2694 1866 2747 καὶ

264 2788 414 2860 ὀργὴ
450 2788 543 2841 καὶ
597 2788 779 2859 θλίψις
842 2790 938 2840 καὶ
983 2786 1312 2858 στενοχωρία
1354 2787 1448 2840 ἐπὶ
1480 2789 1664 2841 πᾶσαν
1684 2784 1864 2855 ψυχὴν

268 2880 570 2952 ἀνθρώπου
607 2878 705 2934 τοῦ
732 2878 1213 2951 κατεργαζομένου
1250 2879 1312 2932 rb
1360 2878 1554 2942 κακὸν,
1604 2878 1864 2932 Ἰουδαίου

270 2991 343 3026 τε
396 2972 612 3046 πρῶτον
665 2973 762 3027 καὶ
793 2972 1078 3043 Ἕλληνος,
1112 2972 1214 3026 οὑκ
1244 2972 1310 3026 ἂν
1336 2971 1750 3044 ἀπηρτισμένον
1777 2970 1863 3042 εἴη

278 3067 338 3119 εί
384 3065 459 3136 μὴ
510 3062 802 3133 ἐλκυσθείη
852 3062 1016 3117 πάλιν
1045 3062 1125 3128 rb,
1162 3061 1456 3127 ἀποδώσει,
1489 3058 1868 3131 σχηματισθὲν

2033 2407 2120 2463 l6.
2152 2406 2284 2474 Quae
2305 2416 2436 2474 ergo
2456 2399 2510 2454 in
2530 2391 2789 2468 praesenti
2809 2392 3083 2448 sententia
3102 2396 3430 2460 sequuntur,
3459 2386 3528 2442 ha
3544 2416 3562 2429 ο

1968 2503 2272 2567 bentur;et
2306 2496 2394 2549 illa
2417 2508 2537 2563 quae
2562 2485 2864 2544 ἁπὸκοινοῦ
2895 2484 3277 2554 intelliguntur
3309 2500 3323 2536 :
3360 2480 3564 2536 habent

1969 2603 2151 2649 autem
2181 2600 2235 2646 et
2259 2589 2311 2643 in
2344 2602 2411 2643 eo
2435 2583 2579 2656 quod
2617 2580 2856 2647 Zeugma
2885 2576 3194 2646 appellatur
3225 2574 3561 2628 abstractum

1969 2694 2023 2740 et
2044 2681 2439 2754 speciﬁcatum.
2464 2672 2596 2729 Illud
2617 2673 2764 2725 enim
2792 2687 2804 2723 :
2834 2687 2852 2720 ι
2880 2665 3231 2737 Ιιειθομένοις
3260 2663 3318 2718 δὲ
3350 2665 3418 2734 τῇ
3445 2661 3563 2716 ἁδι-

1974 2753 2088 2846 κίᾳ,
2125 2770 2299 2843 θυμὸς
2330 2768 2428 2822 καὶ
2455 2765 2617 2837 ὀργὴ,
2665 2762 2761 2816 καὶ
2819 2758 3021 2829 θλίψις,
3078 2756 3176 2810 καὶ
3232 2753 3567 2826 στενοχωρία.

1974 2868 2076 2922 ἐπὶ
2112 2866 2296 2919 πᾶσαν
2328 2861 2509 2934 ψυχὴν
2570 2853 2887 2927 ἀνθρώπου,
2937 2850 3032 2906 τοῦ
3085 2848 3565 2920 κατεργαζομένου

1973 2960 2034 3014 rb
2058 2959 2249 3023 κακὸν,
2291 2952 2545 3010 Ἰουδαίου
2584 2964 2647 3003 τε
2679 2946 2894 3018 πρῶτον
2929 2945 3026 2998 καὶ
3070 2942 3363 3012 Ἕλληνος·
3404 2957 3424 2992 ι
3456 2954 3564 2994 non

1975 3060 2124 3107 esset
2176 3048 2417 3121 perfecta
2479 3042 2773 3103 sententia,
2812 3038 2917 3093 nisi
2974 3038 3173 3093 iterum
3233 3032 3566 3099 attrahatur,

268 3160 363 3222 είς
384 3123 476 3224 τό,
502 3123 921 3228 ἀποδοθήσεται.
952 3123 1131 3223 Ὅπερ
1152 3123 1636 3225 ἐξακούεινγδεήσει
1659 3153 1755 3207 καὶ
1772 3152 1864 3204 ἐπὶ

1980 3141 2241 3199 Ξιποδὼσει
2288 3139 2523 3195 formata
2560 3151 2655 3207 per
2685 3131 3107 3201 ἀποδοθήσεται,
3136 3124 3283 3199 quod
3336 3123 3567 3178 omnino

266 3250 394 3314 τοῦ,
419 3250 553 3318 Δόξα
577 3249 635 3303 δὲ
671 3250 765 3303 καὶ
792 3246 926 3319 τιμὴ
972 3247 1067 3301 καὶ
1126 3247 1317 3319 εἰρήνη
1371 3245 1535 3300 παντὶ
1580 3245 1658 3316 τῷ
1703 3247 1868 3317 ἐργα-

268 3341 493 3414 ζομένῳ
548 3341 609 3395 rb
661 3340 870 3411 ἀγαθὸν
928 3338 1170 3411 Ἰουδαίῳ
1228 3356 1290 3392 τε
1351 3337 1569 3411 πρῶτον
1617 3337 1715 3392 καὶ¹
1742 3336 1870 3390 Ἕλ-

270 3435 424 3506 ληνι.

358 3525 442 3593 ιζ’.
472 3527 581 3601 Ναὶ
612 3526 678 3599 δὴ
703 3529 771 3598 τῇ
806 3526 914 3581 ἀπὸ
941 3526 1125 3582 κοινοῦ
1160 3527 1336 3599 τροπῇ
1388 3524 1867 3597 διαμεμόρφωται,

276 3620 381 3674 καὶ
410 3618 649 3672 τό’.Εἰτε
695 3616 1016 3689 θλιϐόμεθα,
1063 3616 1204 3688 ὑπὲρ
1231 3617 1331 3687 τῆς
1369 3615 1528 3686 ὑμῶν
1579 3614 1869 3685 παρακλήο

273 3730 452 3778 σεωςο
488 3714 570 3768 δεῖ
606 3711 718 3784 γὰρ
750 3711 918 3766 πάλιν
972 3710 1532 3784 προσυπακουσθῆναι
1577 3709 1661 3779 rb,
1692 3707 1872 3762 θλιϐό-

274 3805 447 3881 μεθα.

357 3906 447 3971 ιη’.
484 3900 698 3972 Ὠσπερ
729 3898 824 3953 καλ⁵
850 3898 907 3953 ἐν
929 3895 1028 3969 τῷ,
1064 3897 1193 3951 Εἴτε
1232 3892 1702 3966 παρακαλούμεθα
1729 3891 1873 3965 ὑπὲρ

272 3994 381 4064 τῆς
404 3994 558 4065 ὑμῶν
591 3992 994 4064 παρακλήσεως
1028 3990 1123 4044 καὶ
1142 3988 1417 4059 σωτηρίας
1436 4002 1450 4017 ·
1467 3986 1675 4057 ὀφείλει
1699 4002 1871 4058 προσ-

284 4084 665 4157 επισυνῆφθαι
702 4085 785 4149 rb,
813 4080 1303 4155 παρακαλούμεθα.

357 4179 445 4234 ιθ’.
483 4178 593 4232 Καὶ
624 4177 707 4245 τὸ,
726 4177 852 4231 Εἴτε
879 4175 988 4248 γάρ
1005 4174 1329 4245 ἐξέστημεν,
1355 4172 1502 4246 Θεῷ⁶
1526 4173 1635 4226 εἴτε
1656 4186 1873 4242 σωφρο-

278 4273 506 4343 νοῦμεν,
528 4272 657 4345 ὑμῖν
677 4286 691 4300 ·
727 4272 806 4333 εἰς
830 4270 925 4323 τὸν
948 4268 1114 4322 αὑτὸν
1141 4267 1315 4321 τύπον
1346 4265 1779 4336 ἐσχημάτισταιο
1813 4261 1875 4316 rb

278 4366 393 4439 γὰρ
425 4365 658 4431 ἐντελὲς,
691 4364 819 4418 Εἴτε
857 4362 968 4435 γὰρ
1021 4360 1345 4432 ἐξέστημεν,
1387 4356 1509 4430 Θεῷ
1535 4358 1870 4428 ἐξέστημεν·

280 4458 397 4513 εἴτε
427 4454 836 4528 σωφρονοῦμεν,
856 4455 986 4527 ὑμῖν
1020 4451 1434 4525 σωφρονοῦμεν.

354 4629 429 4686 κ’.
460 4628 718 4685 Μάλιστα
765 4626 824 4681 δὲ
850 4624 1135 4691 πλεονάζει
1160 4624 1231 4680 τὰ
1270 4582 1540 4697 εἰρημένα
1567 4624 1627 4679 ὲν
1656 4622 1735 4696 τῷ
1762 4641 1874 4694 χωρ

1969 3233 2304 3304 suhintelligi
2334 3231 2495 3286 debet
2526 3229 2579 3283 in
2606 3227 2696 3290 iis,
2723 3224 2850 3289 δόξα
2865 3223 2942 3291 δὲ,
2967 3222 3062 3275 καὶ
3083 3219 3241 3291 τιμὴ,
3271 3216 3568 3287 καὶείρήνη

1970 3328 2139 3383 παντὶ
2167 3325 2247 3398 τῷ
2271 3322 2627 3397 ἐργαζομένῳ
2652 3316 2887 3389 ἀγαθὸν,
2956 3311 3198 3384 Ἰουδαίῳ
3238 3326 3301 3389 τε
3353 3308 3571 3382 πρῶτον

1972 3422 2071 3475 καὶ
2099 3419 2347 3489 Ἕλληνι.

2044 3513 2132 3566 17.
2155 3510 2329 3564 Etiam
2360 3516 2415 3563 et
2443 3522 2538 3579 per
2557 3504 2974 3562 conversionem
3006 3499 3115 3556 ἀπὸ
3134 3496 3233 3553 τοῦ
3257 3495 3440 3579 κοινοῦ
3455 3493 3571 3550 for-

1973 3616 2179 3662 matur.
2238 3602 2304 3658 Et
2337 3601 2482 3658 istud
2526 3618 2539 3654 :
2582 3597 2708 3652 Εῐτε
2745 3593 3044 3666 θλιϐόμεθα
3096 3591 3238 3663 ὑπὲρ
3267 3590 3367 3660 τῆς
3416 3586 3571 3659 ὑμῶν

1973 3693 2410 3770 παρακλήσεωςο
2470 3707 2599 3748 nam
2650 3691 2834 3748 denuo
2888 3680 3414 3755 subintelligendum
3487 3689 3573 3735 cst

1974 3787 2293 3859 θλιϐόμεθα.

2045 3880 2135 3937 18.
2170 3878 2243 3936 Ut
2269 3887 2319 3935 et
2348 3876 2405 3933 in
2441 3876 2566 3934 istis
2594 3896 2609 3934 :
2644 3878 2771 3939 Εἴτε
2801 3876 3276 3950 παρακαλούμεθα
3302 3874 3450 3946 ὑπὲρ
3467 3871 3567 3942 τῆς

1973 3974 2129 4048 ὑμῶν
2174 3972 2581 4045 παρακλήσεως
2632 3972 2730 4027 καὶ
2780 3971 3096 4043 σωτηρίας’
3157 3986 3356 4043 nempe
3397 3982 3572 4025 anue-

1975 4066 2235 4127 ctendum
2258 4077 2343 4126 est
2364 4064 2859 4139 παρακαλούμεθα.

2047 4163 2134 4219 19.
2159 4162 2291 4217 Item
2313 4172 2367 4217 et
2384 4159 2515 4216 illud
2540 4177 2555 4214 :
2577 4158 2699 4213 Εττε
2713 4158 2822 4229 γὰρ
2838 4156 3030 4228 ἐξέστη
3039 4154 3312 4228 μεν,Θεῷ’
3331 4153 3441 4209 εἴτε
3463 4172 3574 4209 σω-

1975 4254 2303 4328 φρονοῦμεν,
2339 4254 2503 4325 ὑμῖν·
2552 4267 2647 4323 per
2675 4250 2924 4305 eamdem
2971 4250 3200 4319 ﬁguram
3260 4248 3571 4304 formatur:

1976 4365 2101 4404 nam
2134 4347 2387 4404 absolute
2421 4345 2495 4400 ita
2536 4353 2669 4400 est:
2724 4344 2849 4397 Εῐτε
2906 4341 3018 4411 γάρ
3067 4341 3393 4413 ἐξέστημεν,
3452 4336 3573 4410 Θεῷ

1979 4440 2281 4512 ἐξέστημεν
2310 4454 2324 4469 ⁸
2387 4437 2502 4499 εἴτε
2573 4433 2966 4506 σωφρονοῦμεν
2994 4472 3011 4500 ,
3072 4434 3203 4505 ὑμῖν
3260 4429 3575 4503 σωφρονοῦ-

1982 4548 2105 4602 μεν.

2046 4623 2139 4679 ‘30.
2165 4620 2238 4677 Ita
2267 4620 2575 4678 redundant
2602 4620 2830 4675 omnino
2859 4619 2913 4674 in
2934 4618 3038 4675 hoc
3068 4619 3188 4674 loco
3213 4636 3228 4685 ;
3255 4615 3580 4682 Δοξάζοντες

285 4722 390 4795 ρίῳ
412 4720 617 4794 τούτῳ·
644 4740 663 4774 ι
685 4719 1013 4786 Δοξὰζοντες
1038 4720 1130 4772 τὸν
1156 4717 1288 4771 Θεὸν
1309 4718 1402 4769 επ).
1419 4717 1483 4787 τῇ
1515 4716 1760 4786 ὑποταγῇ
1780 4715 1880 4784 τῆς
1979 4716 2112 4771 Θεὸν
2142 4716 2234 4770 ἐπὶ
2264 4717 2330 4787 τῇ
2363 4716 2614 4786 ὑποταγῇ
2637 4714 2739 4785 τῆς
2780 4711 3077 4784 ὁμολογίας
3149 4710 3325 4783 ὑμῶν,
3385 4710 3465 4771 είς
3519 4709 3581 4761 rb

280 4814 581 4886 ὁμολογίας
615 4813 771 4885 ὑμῶν
802 4814 883 4878 είς
908 4812 970 4866 rb
1000 4810 1335 4880 Εὑαγγέλιον
1365 4808 1458 4862 τοῦ
1493 4806 1756 4878 Χριστοῦ,
1784 4809 1880 4860 καὶ
1981 4807 2313 4876 Εὑαγγέλιον
2346 4806 2441 4860 τοῦ
2472 4805 2631 4870 Θεοῦ,
2658 4803 3033 4875 καὶάπλότητι
3061 4803 3161 4873 τῆς
3189 4799 3476 4863 κοινωνίας
3499 4799 3581 4863 είς

284 4909 555 4981 ἁπλότητι
587 4908 688 4979 τῆς
714 4909 1003 4973 κοινωνίας
1054 4906 1136 4970 εἰς
1178 4905 1382 4968 αὑτοὺς
1414 4903 1510 4958 καὶ
1538 4905 1618 4967 είς
1645 4904 1876 4968 πάντας,

285 5002 382 5055 καὶ
418 5001 598 5055 αὑτῶν
628 5002 814 5071 δεήσει
865 5000 1008 5072 ὑπὲρ
1072 4998 1228 5070 ὑμῶν
1281 4995 1689 5051 ἐπιποθούντων
1732 4996 1881 5066 ὑμᾶς

284 5093 375 5147 διὰ
405 5093 505 5160 τὴν
549 5092 1000 5164 ὑπερόάλλουσαν
1046 5092 1208 5163 χάριν
1239 5090 1335 5145 τοῦ
1368 5089 1505 5144 Θεοῦ
1559 5091 1646 5161 ἐφ’
1668 5091 1821 5162 ὑμῖν.
1853 5109 1874 5145 ο

1984 4901 2182 4963 αὑτοὺς
2206 4900 2301 4953 καὶ
2330 4899 2411 4962 είς
2443 4898 2672 4964 πάντας,
2701 4898 2797 4953 καὶ
2822 4897 3003 4951 αὑτῶν
3037 4895 3220 4967 δεήσει
3252 4893 3394 4966 ὑπὲρ
3424 4891 3583 4963 ὑμῶν

1987 4995 2398 5052 ἐπιποθούντων
2436 4994 2582 5066 ὑμᾶς
2614 4995 2704 5049 διὰ
2752 4994 2851 5049 τῖτν
2914 4990 3363 5064 ὑπερϐάλλουσαν
3417 4989 3582 5059 χάριν

1987 5090 2082 5145 τοῦ
2122 5088 2259 5143 Θεοὺ
2294 5089 2380 5157 ἐφ’
2411 5088 2562 5158 ὑμῖν.
2603 5086 2737 5154 Quae
2765 5087 2868 5142 nisi
2901 5087 3027 5157 quis
3081 5083 3305 5138 indultae
3358 5094 3583 5137 semen-

288 5176 473 5257 Ἀπερ
511 5187 564 5240 εἴ
606 5203 692 5249 τις
743 5185 819 5257 μὴ
867 5184 1296 5257 προσαποδιδοὺς
1349 5183 1432 5254 τῷ
1470 5185 1621 5256 ῥητῷ
1663 5185 1743 5244 εἰς
1781 5184 1864 5256 Tir

1996 5183 2083 5239 ti-e
2109 5181 2354 5238 seriatim
2386 5179 2621 5236 deducta
2655 5179 2959 5249 prolatione
2987 5177 3040 5231 in
3073 5175 3322 5231 ordinem
3347 5172 3580 5242 redigat,

290 5278 413 5334 καθ’
438 5277 633 5349 εἱρμὸν
673 5277 1017 5347 ἀπαγγελίαν
1057 5275 1503 5350 καθαρρυθμίζοι
1554 5276 1646 5331 rbv
1696 5275 1880 5345 λόγον,

1994 5272 2372 5345 interpretatio
2402 5272 2507 5329 loci
2543 5272 2768 5327 omnino
2825 5270 2947 5327 sine
3002 5283 3169 5324 sensu
3219 5267 3573 5322 destituetnr.

293 5372 375 5437 είς
396 5371 713 5443 ἀδιανόητον
746 5370 815 5426 ἂν
851 5370 1147 5442 περισταίη
1178 5369 1459 5433 παντελῶς
1492 5368 1829 5442 ήὺφώγησις
1857 5378 1864 5407 ι

1993 5368 2169 5439 Cujus
2197 5382 2364 5424 causa
2415 5383 2522 5423 non
2554 5374 2640 5423 est
2699 5365 3000 5435 Scriptura:
3048 5359 3423 5422 attribuenda,
3481 5355 3578 5411 sed

293 5461 391 5518 τοῦ
426 5462 815 5534 προκειμένου.
846 5461 957 5515 Καὶ
984 5460 1111 5533 τόγε
1130 5460 1304 5517 αἴτιον
1322 5459 1384 5514 οὑ
1407 5459 1502 5515 τοῦ
1526 5459 1882 5533 γράμματος,

1993 5461 2379 5534 ignorantibus
2409 5459 2634 5533 ﬁguras,
2668 5458 2869 5529 quibus
2901 5455 3138 5545 scriptor
3193 5452 3386 5509 utitur.
3437 5444 3578 5504 Ver-

1601 5618 1837 5677 VARUE
1886 5616 2287 5676 LECTIONES.

368 5751 410 5789 1³
438 5744 526 5801 ῑσ.
560 5742 989 5815 διηρθρωμένον.
1017 5741 1076 5798 C.
1115 5741 1184 5799 Μ.
1210 5738 1601 5814 διηρθωμένον.

1718 5745 1744 5776 ³³
1774 5736 1836 5794 α.
1869 5735 1937 5792 Μ.
1965 5746 2110 5795 recte
2140 5736 2301 5793 habet
2333 5736 2629 5809 ὑφήγησις.
