3880 6206
343 306 462 375 599

1422 248 1429 254 ’
1500 270 1765 361 mem
1798 292 2305 370 PATRIARCH/E
2332 292 2454 353 ‘CP.

3500 268 3614 343 600

343 418 537 472 borum
568 422 985 484 consummatus
1011 410 1146 468 ordo
1177 408 1266 465 hic
1291 417 1376 465 est
1407 425 1422 463 :
1455 407 1777 473 Δοξάζοντές
1816 407 1923 459 είσι

2042 401 2133 455 τῶν
2165 401 2221 455 δὲ
2254 400 2329 471 μή
2355 398 2642 453 συνιέντων
2656 397 2767 452 τῶν
2784 395 2843 451 ἐν
2864 393 2945 467 τῷ
2967 393 3257 466 γράμματι
3286 386 3612 475 σχημάτων

341 510 393 562 οί
426 508 572 576 ἆγιοι
602 508 691 561 τὸν
742 506 875 559 Θεὸν
909 505 1002 558 ἐπὶ
1050 508 1117 575 τῇ
1180 504 1430 574 ὑποταγῇ
1479 503 1576 572 τῆς
1631 500 1923 570 ὁμολογίας

345 600 525 671 ὑμῶν,
555 602 622 671 τῇ
657 600 736 660 είς
757 596 819 650 τὸ
850 596 1181 666 Εὑαγγέλιον
1232 595 1326 648 τοῦ
1365 594 1524 659 θεοῦ,
1580 595 1674 647 καὶ
1729 594 1821 645 ἐπί⁵
1857 592 1923 662 τῇ

344 691 595 761 ὑποταγῇ
626 691 693 760 τῇ
729 688 992 759 ἁπλότητι
1023 689 1123 759 τῆς
1161 689 1239 752 είς
1275 686 1473 759 αὑτοὺς
1502 683 1805 747 κοινωνίας,
1833 684 1927 736 καὶ

343 784 412 851 τῇ
448 784 529 844 είς
553 781 793 843 πάντας.
822 779 1046 845 lterum,
1077 778 1401 843 Δοξάζοντές
1466 778 1572 829 είσι
1626 774 1780 838 Θεὸν,
1808 774 1927 827 ’καὶ

344 872 443 926 ἐπὶ
475 875 541 945 τῇ
573 873 714 944 ὑπὲρ
743 872 896 941 ὑμῶν
924 870 1107 940 δεήσει
1130 870 1312 945 αὑτῶν
1353 869 1759 923 ἐπιποθούντων
1782 868 1928 937 ὑμᾶς

346 960 440 1015 διά
468 942 567 1031 τήν
597 942 1043 1031 ὑπερϐάλλουσαν
1081 961 1163 1023 είς
1189 942 1357 1029 ’ὑμᾶς
1409 958 1571 1030 χάριν
1627 956 1723 1011 τοῦ
1767 957 1925 1013 Θεοῦ.

349 1051 487 1108 Vide
506 1054 745 1124 qualiter
778 1053 867 1108 hic
889 1053 1042 1108 locus
1062 1052 1465 1124 συνέστραπται
1492 1062 1545 1107 et
1567 1051 1925 1114 ἐλλέλειπται,

350 1160 417 1201 ac
451 1146 498 1199 si
522 1146 698 1216 placet
752 1145 1141 1217 περιϐέϐληται
1163 1162 1179 1178 ι
1240 1160 1273 1199 a
1302 1143 1434 1198 foris
1462 1144 1606 1197 hand
1635 1143 1805 1197 multa
1837 1143 1931 1195 de-

347 1247 529 1300 erant,
569 1223 662 1293 sed
717 1237 907 1307 paucis
967 1236 1195 1292 vocibus
1242 1251 1339 1305 per
1389 1235 1653 1305 ellipsin,
1712 1243 1770 1288 et
1820 1232 1931 1286 ἀπὸ

350 1327 535 1381 κοινοῦ
570 1327 893 1396 assumptis,
924 1334 978 1381 et
1002 1325 1477 1397 hyperbatojuxta
1504 1325 1701 1379 seriem
1746 1324 1800 1378 in
1852 1324 1934 1376 lo-

352 1434 479 1475 cum
511 1433 859 1473 communem
894 1428 1132 1489 recepto,
1161 1418 1510 1489 apertissima
1540 1417 1647 1473 erit
1692 1426 1746 1472 et
1802 1431 1932 1486 per-

352 1510 542 1581 spicua
578 1510 982 1579 interpretatio.

420 1776 514 1833 2|.
546 1775 657 1833 Per
676 1775 893 1846 ellipsin
944 1785 998 1830 et
1029 1775 1135 1831 hoc
1182 1774 1347 1829 etiam
1396 1770 1742 1833 enuntiatur,
1810 1768 1933 1821 Εἴτε

353 1870 526 1925 ἐλθὼν
553 1871 649 1925 καὶ
674 1869 796 1924 ίδὼν
829 1870 996 1940 ὑμᾶς,
1027 1869 1139 1921 εἴτε
1173 1868 1266 1921 καὶ
1296 1866 1449 1921 ἀπὼν
1497 1863 1737 1918 ἀκούσω.
1780 1863 1936 1917 Deest

356 1962 504 2019 enim
529 1962 816 2018 manileste
840 1963 945 2017 hoc
982 1960 1290 2031 εὐφρανθῶ,
1320 1967 1415 2013 aut
1443 1957 1571 2027 quid
1611 1955 1807 2011 simile.

426 2138 521 2195 22.
563 2126 668 2195 Sed
700 2147 753 2195 et
788 2139 955 2205 istud,
988 2140 1202 2211 Ὠσπερ
1248 2140 1282 2210 ἡ
1347 2137 1645 2209 Ἐκκλησία
1700 2136 1935 2191 ὑποτάσ-

358 2232 619 2298 σεταιτῷ
644 2233 857 2303 Κυρίῳ,
896 2232 1037 2286 οὕτω
1084 2233 1181 2286 καὶ
1234 2234 1290 2285 αἱ
1322 2235 1577 2301 γυναῖκες
1610 2234 1725 2293 τοῖς
1785 2230 1935 2291 ἰδίοις

358 2323 616 2393 ἀνδράσιν
662 2325 721 2377 ἐν
769 2324 934 2377 παντί
966 2340 983 2356 °
1041 2308 1267 2379 eﬂ'ertur
1322 2323 1770 2393 ἀσχηματίστως.
1824 2320 1931 2374 Sed

356 2423 443 2469 est
480 2413 624 2482 quod
658 2412 860 2477 deﬁcit,
892 2414 1146 2483 estquod
1206 2430 1301 2483 per
1350 2413 1627 2477 ὲπίζευξιν
1679 2412 1788 2465 ἀπὸ
1826 2427 1939 2464 κοι-

358 2504 454 2558 νοῦ
480 2504 772 2571 subjicitur
798 2505 1029 2575 prolato,
1064 2505 1184 2560 sine
1209 2505 1357 2560 omni
1390 2514 1549 2574 tropo
1570 2513 1625 2559 et
1657 2506 1829 2573 ligura
1869 2502 1939 2558 ad

365 2594 514 2649 hunc
549 2595 771 2649 modum
799 2594 1185 2664 proferendum
1214 2603 1297 2651 est
1327 2613 1342 2649 :
1375 2597 1584 2666 Ὥσπερ
1617 2597 1649 2666 ή
1712 2594 1941 2666 Ἐκκλη-

362 2684 454 2739 σία
479 2686 843 2741 ὑποτάσσεται
872 2687 952 2758 τῷ
987 2687 1197 2759 Κυρίῳ,
1224 2686 1399 2751 οὕτως
1431 2689 1486 2740 αἱ
1518 2688 1775 2755 γυναῖκες
1826 2688 1941 2750 τοῖς

362 2773 515 2839 ίδίοις
544 2774 804 2846 ἀνδράσιν
832 2777 891 2829 ἐν
926 2778 1088 2831 παντὶ
1120 2777 1406 2849 πράγματι
1449 2774 1941 2829 ὑποτασσέσθωσαν

360 2872 457 2918 aut
512 2863 821 2932 ὀφείλουσιν
850 2866 1273 2919 ὑποτάσσεσθαι.

432 2952 526 3007 25.
551 2954 596 3007 Δ
624 2954 787 3009 dictis
817 2971 925 3010 non
950 2956 1207 3011 abhorret
1236 2964 1291 3012 et
1315 2955 1458 3010 istud
1483 2972 1498 3010 :
1536 2955 1807 3023 Ἀδελφοί,
1832 2952 1943 3022 ἐγὼ

2027 495 2130 566 Εῖη
2161 494 2207 548 δ’
2244 470 2373 563 ἆνγή
2396 492 2506 545 τῶν
2536 492 2796 562 ῥημάτιον
2814 488 3128 542 αὑτοτέλεια
3154 484 3379 555 τοιαύτη
3404 500 3419 515 ο
3447 470 3617 550 Δοξά-

2028 586 2214 651 ζοντές
2247 578 2384 638 εἰσιν
2413 585 2461 637 οί
2490 584 2640 652 ἀγιοι
2696 580 2948 634 τὸν-Θεὸν
2979 580 3071 632 ἐπὶ
3114 582 3179 650 τῇ
3222 579 3470 647 ὑποταγῇ
3509 578 3615 645 τῆς

2025 679 2319 750 ὁμολογίας
2346 676 2504 747 ὑμῶν
2532 677 2597 745 τῇ
2626 675 2707 737 είς
2744 674 2805 725 τὸ
2846 671 3182 738 Εὑαγγέλιον
3213 668 3307 723 τοῦ
3350 666 3615 738 Χριστοῦ.

2028 772 2120 824 καὶ
2166 769 2259 822 ἐπὶ
2292 770 2357 838 τῇ
2394 766 2657 837 ἁπλότητι
2684 767 2783 835 τῆς
2827 765 2907 825 εἰς
2935 762 3133 824 αὐτοὺς
3174 758 3486 822 κοινωνίας,
3518 758 3619 811 καὶ

2028 864 2094 933 τῇ
2127 869 2153 899 °
2182 864 2262 924 είς
2292 862 2532 923 πάντας·
2598 857 2783 921 πάλιν,
2830 854 3158 919 Δοξάζοντές
3191 854 3299 906 είσι
3346 852 3438 904 τὸν
3477 850 3619 903 Θεὸν

2029 955 2125 1008 καὶ
2157 954 2247 1007 ἐπὶ
2271 955 2338 1023 τῇ
2369 951 2508 1022 ὑπὲρ
2542 949 2696 1020 ὑμῶν
2729 948 2911 1018 δεήσει
2936 946 3117 999 αὑτῶν
3151 944 3261 998 τῶν
3289 941 3622 996 ἐπιποθοῦν-

2030 1064 2138 1100 των
2176 1045 2320 1115 ὑμᾶς
2348 1044 2438 1098 διά
2462 1045 2560 1112 τὴν
2588 1040 3037 1111 ὑπερϐάλλουσαν
3067 1038 3154 1107 ἐφ’
3176 1038 3305 1106 ὑμῖν
3338 1037 3501 1107 χάριν
3518 1033 3619 1088 τοῦ

2031 1138 2189 1193 Θεοῦ.
2219 1138 2330 1191 Καὶ
2392 1137 2494 1207 ὅρα
2544 1137 2691 1197 ὅπως
2741 1132 3143 1197 συνέστραπται
3190 1131 3288 1199 μὲν
3316 1128 3377 1181 τὸ
3412 1124 3621 1197 χωρίον

2032 1232 2126 1286 καὶ⁸
2158 1230 2520 1294 ἐλλέλειπται,
2563 1228 2613 1279 εί
2661 1225 2841 1296 βοῦλει
2869 1224 2925 1275 δέ
2960 1222 3051 1275 καὶ
3091 1220 3489 1291 περιϐέϐληται
3509 1234 3523 1249 ’
3554 1216 3621 1269 οῦ

2036 1320 2143 1392 μὴν
2170 1319 2370 1386 ἔξωθέν
2398 1335 2463 1387 γε
2494 1317 2704 1371 πολλῶν
2729 1314 2932 1384 ἐδεήθη
2953 1330 2967 1344 ο
2993 1312 3130 1366 ἀλλά
3176 1314 3383 1381 ῥήμασι
3418 1308 3624 1381 βραχέ-

2036 1430 2121 1467 σιν
2159 1411 2305 1465 κατά
2334 1428 2391 1463 τε
2416 1408 2653 1477 ἔλλειψιν
2682 1408 2776 1460 καὶ
2805 1405 2912 1459 ἀπὸ
2955 1403 3135 1457 κοινοῦ
3181 1399 3620 1470 παραλαμϐανο-

2038 1503 2221 1573 μένοις
2250 1502 2347 1555 καλ.
2375 1499 2469 1555 τοῦ
2503 1497 2813 1571 ὑπερϐατοῦ
2851 1496 2943 1549 τὸν
2974 1495 3098 1549 καθ’
3128 1493 3319 1564 εἱρμὸν
3362 1491 3625 1559 ἀπολαμ-

2037 1592 2293 1654 ϐάνοντος
2344 1592 2509 1645 τόπον
2565 1592 2645 1653 είς
2694 1590 2755 1641 τὸ
2783 1587 2962 1642 κοινὸν
3000 1586 3095 1641 καὶ
3143 1586 3480 1655 σαφέστατον
3517 1582 3625 1652 τῆς

2040 1685 2336 1756 ἑρμηνείας
2366 1682 2768 1754 διαμορφωθείς
2792 1679 3173 1750 ἐπανέδραμεν
3198 1679 3227 1731 ὀ
3248 1676 3429 1744 λόγος.

2104 1783 2209 1830 κα’.
2244 1776 2381 1829 Κατ’
2442 1773 2679 1844 ἔλλειψιν
2720 1772 2776 1825 δὲ
2798 1770 3203 1840 διαπέφρασται
3248 1772 3342 1823 καὶ
3369 1768 3452 1835 τὸ,
3496 1768 3626 1820 Εῖτε

2035 1866 2206 1919 ἐλθὼν
2236 1866 2329 1919 καὶ
2367 1865 2488 1918 ίδὼν
2520 1865 2687 1934 ὑμᾶς,
2715 1864 2823 1915 εῖτε
2854 1861 2948 1914 καὶ
3000 1859 3175 1925 ἀπὼν,
3220 1854 3459 1915 ἀκούσω.
3508 1858 3629 1912 Ἐλ-

2034 1957 2213 2009 λείπει
2265 1957 2374 2027 γὰρ
2427 1954 2710 2024 ἐπιφανῶς
2763 1952 2845 2020 τὸ,
2910 1943 3291 2023 εῦφρανθῶ,ἢ
3347 1948 3538 2021 ἔτερόν
3566 1965 3627 2002 τι

2032 2062 2299 2101 τοιουτον.
2882 2112 2885 2115 ν

2106 2135 2211 2207 κβ’.
2232 2137 2307 2189 Οὑ
2334 2134 2440 2206 μὴν
2471 2133 2593 2188 οὑδὲ
2606 2132 2910 2204 τὸ,”Ωσπερ
2935 2135 2968 2204 ἡ
2999 2130 3296 2201 Ἐκκλησία
3322 2130 3629 2184 ὑποτάσσε-

2035 2245 2125 2282 ται
2150 2226 2228 2298 τῷ
2256 2228 2465 2299 Κυρίῳ,
2499 2226 2671 2290 οὕτως
2685 2229 2741 2280 al
2764 2229 3019 2295 γυναῖκες
3037 2229 3148 2289 τοῖς
3186 2224 3337 2287 ἰδίοις
3364 2223 3629 2293 ἀνδράσιν

2038 2320 2095 2372 ἐν
2126 2319 2320 2373 παντί’
2362 2319 2788 2389 ἀσχηματίστως
2838 2319 3231 2389 προενήνεκται
3254 2331 3267 2344 '
3298 2314 3435 2369 ἀλλά
3464 2314 3632 2367 τοῦτο

2040 2412 2140 2480 μὲν
2162 2412 2321 2475 ἐνδεῖ,
2351 2412 2507 2465 τοῦτο
2527 2411 2583 2464 δέ
2610 2411 2689 2482 τῷ
2712 2428 2816 2465 κατ
2880 2410 3156 2474 ἐπίζευξιν
3186 2408 3294 2464 ἀπὸ
3322 2407 3504 2462 κοινοῦ
3533 2407 3633 2459 λε-

2037 2503 2253 2574 γομένῳ
2281 2503 2685 2575 ὑποϐέϐληται·
2742 2501 3115 2572 ἀπαγγελθείη
3159 2502 3207 2555 δ’
3260 2500 3325 2553 ἂν
3376 2498 3520 2552 οὔτω
3558 2514 3630 2566 γε

2034 2598 2206 2667 υχωρὶς
2226 2596 2498 2667 τροπικῆς
2527 2596 2951 2666 ἐπιτεχνήσεως·
2990 2596 3203 2664 Ὠσπερ
3238 2594 3271 2665 ή
3323 2591 3635 2660 Ἐκκλησία

2042 2688 2404 2741 ὑποτάσσεται
2428 2687 2505 2758 τῷ
2533 2688 2741 2758 Κυρίῳ,
2772 2686 2946 2750 οὑτως
2966 2687 3023 2740 al
3049 2687 3305 2754 γυναῖκες
3329 2686 3440 2746 τοῖς
3474 2682 3633 2744 ίδίοις

2041 2778 2296 2850 ἀνδράσιν
2345 2780 2403 2833 ἐν
2452 2779 2615 2833 παντὶ
2669 2780 2959 2850 πράγματι
3015 2776 3533 2838 ὑποτασσέσθωσαν,
3590 2773 3632 2837 ἢ

2040 2868 2352 2939 ὀφείλουσιν
2372 2870 2811 2925 ὑποτάσσεσθαι.

2113 2961 2221 3033 κγ’.
2252 2964 2367 3017 Οὑκ
2390 2962 2619 3018 ἀπέοικε
2644 2963 2701 3017 δέ
2726 2965 2839 3026 τοῖς
2863 2951 3177 3035 εἰρημένοις
3194 2962 3314 3017 οὐδὲ
3340 2960 3423 3027 τὸ,
3449 2956 3637 3013 Ἀδελ-

361 3044 599 3156 ὶμαυτόν
627 3048 706 3156 of)“
730 3047 1015 3156 λογίζομαι
1041 3048 1451 3156 κατειληῗέναι.
1488 3047 1546 3156 ἓν
1579 3048 1659 3156 δὲ..
1710 3048 1778 3100 τὰ
1822 3045 1942 3156 ὸπξο
1968 3093 2014 3156 c
2044 3058 2160 3127 φοι,
2190 3054 2300 3123 ἐγὼ
2335 3054 2572 3126 ἐμαυτὸν
2596 3056 2656 3108 οὑ
2708 3055 2994 3127 λογίζομαι
3025 3053 3432 3126 κατειληφέναι.
3460 3051 3517 3105 ἐν
3548 3050 3635 3113 δὲ,

365 3155 445 3191 σω
484 3139 998 3210 ἐπιλανθανόμενος,
1034 3138 1142 3193 τῶν
1169 3139 1225 3192 δὲ
1272 3138 1583 3211 ἔμπροσθεν
1629 3137 1942 3192 ἐπεκτεινό-

368 3247 555 3302 μενος,
590 3233 733 3287 κατά
759 3234 961 3288 σκοπὸν
998 3232 1180 3287 διώκω
1208 3234 1301 3287 ἐπὶ
1327 3232 1389 3286 τὸ
1429 3233 1680 3305 βραϐεῖον
1708 3230 1809 3302 τῆς
1829 3232 1943 3287 ἀνω

366 3321 641 3394 κλήσεως.

2046 3146 2115 3200 τά
2162 3144 2261 3215 μὲν
2296 3144 2475 3198 ὀπίσω
2515 3145 3030 3217 ἐπιλανθανόμενος,
3080 3145 3190 3200 τῶν
3215 3144 3273 3198 δὲ
3297 3141 3636 3214 ’ἔμπροσθεν

2049 3236 2522 3306 ἐπεκτεινόμενος,
2561 3236 2702 3291 κατὰ
2725 3239 2930 3294 σκοπὸν
2962 3237 3146 3293 διώκω
3169 3237 3264 3291 ἐπὶ
3289 3237 3349 3290 τὸ
3376 3235 3638 3307 βραϐεῖον

2048 3329 2149 3396 τῆς
2178 3329 2291 3382 άνω
2321 3326 2593 3399 κλήσεως.

369 3415 530 3472 Ποῖον
560 3419 671 3490 γάρ
690 3418 757 3473 ἀν
781 3417 1097 3491 παρασταίη
1127 3417 1303 3490 νόημα
1323 3418 1413 3473 διὰ
1433 3418 1551 3484 τοῦ,
1574 3418 1672 3471 Ἓν
1694 3418 1751 3473 δὲ
1772 3456 1788 3483 ,
1818 3419 1864 3472 εί
1894 3419 2029 3489 μήτε
2045 3420 2154 3474 ἀπὸ
2183 3421 2363 3475 κοινοὺ
2395 3420 2777 3492 παραληφθείη
2794 3422 2875 3488 τὸ,
2894 3422 3185 3494 λογίζομαι
3206 3418 3597 3492 κατειληφέναι
3614 3447 3635 3473 ι

370 3510 507 3581 μήτε
526 3511 591 3595 ,εί
614 3527 671 3564 τι
698 3522 727 3561 Ρ
750 3510 927 3576 άλλως
948 3514 1183 3584 παρείθη
1214 3509 1639 3582 συνδιαληφθείη
1670 3512 1703 3580 ή
1725 3511 2148 3582 ἀναπλήρωσις;
2184 3513 2409 3581 ἐκείνων
2436 3512 2494 3567 δὲ
2541 3513 2683 3567 κατά
2718 3512 2916 3583 νόμους
2950 3515 3050 3585 τῆς
3080 3512 3349 3585 τροπικῆς
3384 3510 3641 3582 τεχνολο-

367 3602 493 3670 γίας
523 3605 1128 3677 συμπαραληφθέντων,
1151 3604 1390 3669 τοιοῦτος
1413 3604 1481 3659 ἀν
1510 3604 1597 3675 εἴη
1629 3606 1724 3658 καὶ
1746 3605 1774 3657 ὁ
1807 3602 1931 3667 νοῦς
1970 3605 2067 3658 καὶ
2088 3604 2147 3658 τὸ
2168 3604 2464 3659 ἀκόλουθον
2494 3606 2594 3676 τῆς
2635 3605 2940 3671 συντάξεως
2958 3621 2973 3636 ο
3016 3604 3282 3675 ’Δδελφοὶ,
3311 3604 3425 3674 ἐγὼ
3455 3606 3639 3673 ἐμαυο

367 3695 461 3747 τὸν
489 3696 551 3751 οὑ
590 3696 877 3768 λογίζομαι
904 3683 1325 3767 κατειληφέναι*
1375 3696 1435 3750 ἓν
1478 3696 1535 3750 δὲ
1568 3694 1852 3765 λογίζομαι
1886 3696 2295 3765 κατειληφέναι,
2329 3698 2410 3751 ὅτι
2442 3701 2511 3759 τά
2556 3697 2658 3768 μὲν
2685 3696 2861 3750 ὀπίσω
2893 3697 3408 3768 ἐπιλανθανόμενος,
3436 3697 3548 3751 τῶν
3579 3697 3640 3751 δὲ

368 3784 680 3855 ἔμπροσθεν
714 3786 1183 3857 ἐπεκτεινόμενος,
1213 3785 1354 3839 κατὰ
1388 3785 1592 3839 σκοπὸν
1615 3785 1798 3839 διώκω
1826 3786 1919 3839 ἐπί
1938 3785 2000 3838 τὸ
2027 3786 2278 3857 βραϐεῖον
2308 3788 2407 3853 τῆς
2437 3786 2547 3841 ἀνω
2571 3787 2816 3857 κλήσεως
2842 3801 2857 3815 ⁸
2892 3787 3025 3840 ώσεὶ
3054 3788 3269 3856 ἔλεγεν·
3294 3787 3470 3842 Τοῦτό
3488 3791 3637 3854 ἐστι,

367 3879 398 3934 ὀ
414 3879 697 3953 λογίζομαι
717 3883 1129 3954 κατειληφέναι,
1156 3883 1213 3937 τὸ
1230 3885 1399 3955 μήπω
1423 3882 1524 3955 μέν
1547 3900 1601 3936 τι
1629 3881 2035 3954 κατειληφέναι,
2053 3884 2164 3937 δεῖν
2180 3884 2237 3937 δέ
2260 3883 2466 3955 ζητεῖν,
2493 3884 2579 3937 ἀεὶ
2594 3884 2942 3946 καταλαϐεῖν.
2960 3883 3053 3938 καὶ
3074 3884 3150 3956 μὴ
3164 3885 3187 3937 ἐ
3196 3884 3369 3957 ρῤᾳθυ
3377 3888 3498 3955 μεῖν
3517 3888 3639 3951 τοῖς

370 3979 797 4052 κατορθωθεῖσιν
821 3998 835 4012 ο
870 3983 899 4034 ὀ
932 3980 1042 4051 γάρ
1072 3979 1231 4033 τοῦτο
1266 3977 1631 4053 κατειληφὼς,
1661 3971 1818 4043 οὗτός
1860 3980 2008 4033 ἐστιν
2049 3978 2267 4049 ἀληθῶς
2306 3981 2335 4033 ὀ
2381 3980 2521 4033 κατά
2559 3980 2764 4034 σκοπὸν
2788 3978 3001 4036 διώκων
3026 3980 3121 4033 ἐπὶ
3154 3980 3215 4035 τὸ
3247 3980 3504 4053 βραϐεῖον
3533 3985 3642 4049 τῆς

371 4072 487 4127 ἀνω
507 4070 774 4140 κλήσεως.
804 4071 990 4141 ’Δλλ⁹ή
1015 4072 1113 4142 μέν
1130 4070 1240 4123 τῶν
1256 4069 1541 4140 νοημάτων
1566 4069 1931 4139 παράστασις,
1956 4071 2003 4122 εί
2026 4069 2120 4122 καὶ
2145 4069 2465 4138 συγγενοῦς,
2482 4070 2630 4140 ὅμως
2654 4065 2746 4123 οὖν
2770 4069 3077 4143 ίδιαζούσης
3104 4071 3271 4126 δεῖται
3290 4074 3637 4137 ὑποθέσεως·

374 4165 471 4220 νῦν
494 4165 553 4218 δέ
579 4164 716 4235 πρὸς
736 4164 961 4229 ἔνδειξιν
992 4165 1207 4235 εῐρηται
1232 4165 1391 4235 μόνον
1428 4165 1526 4234 τῆς
1558 4164 1829 4233 τροπικῆς
1859 4162 2237 4235 ἀναπτύξεως.

442 4258 541 4313 κδ’.
578 4258 929 4329 Σαφεστάτην
974 4258 1020 4312 δ’
1063 4258 1129 4311 ἂν
1164 4260 1417 4328 ἐμφανιεῖ
1469 4257 1568 4330 τὴν
1617 4257 1856 4328 ἔλλειψιν
1893 4258 1990 4311 καὶ
2024 4256 2225 4328 μικροῦ
2268 4257 2381 4311 δεῖν
2420 4258 2511 4329 είς
2544 4257 2794 4329 περίοδον
2828 4259 3258 4332 άποτεινομένην
3320 4260 3481 4330 (ὅπερ
3511 4260 3643 4330 ἐμοὶ

376 4350 581 4419 μᾶλλον
608 4351 830 4421 ἔδοξεν),
857 4353 1162 4417 αὐτοτελῶς
1183 4353 1406 4407 εἰπόντα
1428 4352 1713 4423 πρότερον,
1734 4350 1876 4405 οὑτω
1904 4351 1965 4405 τὸ
1987 4351 2566 4421 κατεσχηματισμένον
2603 4353 2961 4425 παραθεῖναιο
2991 4350 3123 4420 οἷον,
3156 4353 3276 4407 Εἴτε
3307 4354 3449 4425 ὑπὲρ
3473 4354 3640 4406 Τίτου

372 4444 478 4516 χρὴ
501 4444 701 4513 λέγειν,
717 4446 973 4509 κοινωνός
1002 4448 1150 4499 ἐστιν
1188 4445 1343 4517 ἐμὸς,
1373 4445 1561 4507 καὶείς
1590 4443 1736 4513 ὑμᾶς
1764 4444 2048 4512 συνεργός·
2081 4444 2188 4496 εἴτε
2220 4444 2360 4511 ὑπὲρ
2385 4442 2492 4494 τῶν
2535 4444 3049 4499 συνητοσταλέιντων
3094 4445 3242 4514 αὑτῷ
3284 4446 3490 4498 λοιπῶν
3516 4447 3637 4513 δύο,

374 4537 593 4606 ἀδελφοὶ
623 4537 778 4608 ήμῶν
807 4540 913 4592 εἰσι
940 4542 1201 4603 κάκεῖνοι,
1231 4536 1517 4591 ἀπόστολοι
1561 4536 1923 4607 Ἐκκλησιῶν,
1953 4536 2080 4599 δόξα
2108 4536 2371 4607 Χριστοῦ.
2399 4534 2570 4589 Τοῦτο
2604 4537 2700 4606 μὲν
2738 4538 2846 4591 ἀπὸ
2870 4538 2965 4591 τοῦ
2992 4538 3251 4609 τροπικοῦ
3272 4538 3430 4606 λόγου
3467 4541 3547 4601 εἰς
3578 4542 3642 4594 τὺ

375 4627 517 4682 κατά
548 4628 707 4697 φύσιν
734 4628 1097 4700 ἐπανήνεκται
1121 4644 1135 4658 °
1172 4629 1232 4681 τὸ
1254 4629 1308 4682 δὲ
1337 4628 1597 4699 τροπικὸν
1615 4629 1774 4699 δῆλον
1806 4629 1877 4689 ὡς
1909 4630 2112 4700 ταύτην
2129 4628 2244 4699 ἔχει
2274 4629 2373 4699 τὴν
2392 4630 2646 4700 γραφήνο
2684 4630 2806 4682 Εἴτε
2838 4630 2977 4700 ὑπὲρ
3008 4632 3187 4693 Τίτου,
3222 4629 3481 4693 κοινωνὸς
3505 4629 3642 4702 ἐμὸς

378 4723 474 4776 καὶ
504 4723 583 4785 είς
616 4721 764 4792 ὑμᾶς
797 4723 1078 4793 συνεργὸς,
1110 4723 1223 4775 εἴτε
1254 4722 1473 4792 ἀδελφοὶ
1533 4722 1693 4793 ήμῶν
1756 4722 2047 4774 ἀπόστολοι
2089 4720 2425 4791 Ἐκκλησιῶν
2458 4721 2585 4787 δόξα
2624 4720 2887 4791 Χριστοῦ.
2928 4723 3043 4791 Καὶν
3077 4719 3197 4776 οἶδα
3230 4723 3314 4775 ὅτι
3341 4723 3441 4776 οὑκ
3464 4722 3531 4777 ἀν
3554 4740 3643 4776 σοι

374 4815 502 4887 δόξῃ
534 4816 838 4887 παράδοξον
890 4813 1032 4871 εἶναι
1078 4816 1141 4869 τὸ
1200 4816 1442 4870 τοιοῦτον
1478 4817 1576 4885 τῆς
1606 4814 1897 4881 ἐλλείψεως
1938 4811 2075 4877 εἶδος
2096 4831 2109 4844 ·
2139 4815 2308 4868 πολλά
2340 4814 2448 4884 γάρ
2478 4813 2707 4867 τοιαῦτα
2744 4817 2839 4866 καὶ
2869 4815 3000 4884 παρ’
3046 4814 3294 4885 Ὁμήρῳ,
3322 4816 3419 4867 καὶ
3456 4816 3642 4869 Ἀντι-

380 4907 561 4976 μάχῳ,
586 4906 683 4959 καὶ
728 4907 1129 4979 ’Λριστοφάνει,
1162 4908 1459 4979 Θουκυδίδῃ
1492 4924 1551 4960 τε
1582 4908 1675 4960 καὶ
1705 4906 1975 4971 Πλάτωνι,
1999 4906 2095 4959 καὶ
2127 4904 2485 4975 Δημοσθένει,
2509 4905 2605 4957 καλ⁸
2637 4902 2913 4976 σχεδόν’τι
2935 4907 3049 4969 τοῖς
3084 4904 3265 4968 ἀλλοις
3294 4906 3552 4973 ποιηταῖς
3581 4920 3642 4956 τε
3700 4944 3705 4947 .

314 5012 319 5017 ·
376 5002 475 5054 καὶ
501 5000 893 5072 λογογράφοις·
921 5005 970 5057 εί
1013 5004 1107 5057 καί
1131 5021 1299 5068 τινες,
1329 4996 1404 5056 ὧν
1451 5002 1547 5055 καὶ
1599 5000 1951 5071 Καλλίμαχος
2001 5002 2029 5053 ὁ
2059 4999 2247 5064 Λίϐυς,
2275 5000 2343 5053 τά
2383 5017 2444 5052 τε
2489 5000 2625 5053 ἄλλα
2670 4998 2884 5052 πολλῶν
2932 4997 3259 5069 ἡττώμενοι,
3296 4998 3391 5051 καὶ
3422 4998 3527 5050 οὐκ
3560 4999 3645 5061 είς

377 5091 540 5163 κόρον
574 5091 755 5161 μόνον,
789 5092 927 5147 ἀλλά
967 5094 1063 5149 καὶ
1091 5096 1171 5156 είς
1204 5092 1593 5163 ὲκτοπωτάτην
1614 5090 1789 5163 τομὴν
1812 5091 1906 5145 τοῦ
1930 5092 2195 5160 συνήθους
2224 5092 2320 5144 καὶ
2349 5092 2708 5163 παρατροπὴν
2728 5090 2821 5144 καὶ
2859 5090 3147 5160 ἀφαίρεσιν
3179 5088 3241 5143 τὸ
3263 5088 3325 5141 τὺ
3349 5098 3378 5139 (ι
3406 5087 3644 5143 τοιοῦτον

376 5183 517 5246 εἶδος
570 5184 911 5256 βιασάμενοι,
951 5188 1055 5241 οὐκ
1099 5187 1359 5250 ἀναιτίως
1392 5170 1496 5240 oni
1521 5186 1631 5239 τῶν
1654 5186 1966 5256 ἐπιστήμην
1994 5186 2227 5256 ἐχόντων
2276 5193 2299 5223 ι’
2333 5184 2541 5255 κρίνειν
2576 5184 2643 5238 τά
2696 5182 2922 5238 τοιαῦτα
2953 5182 3217 5254 (κριτικοὶ
3254 5181 3311 5235 δὲ
3340 5177 3507 5251 οὗτοι)
3540 5180 3646 5234 ὑπό

379 5278 691 5349 ἐπιτίμησιν
722 5282 940 5337 ἔπεσον.
981 5282 1143 5336 ’Λλλά
1168 5281 1340 5336 ταῦτα
1368 5282 1467 5353 μὲν
1494 5283 1621 5352 περὶ
1650 5281 1879 5335 τούτων.

450 5378 549 5426 κε’.
583 5372 657 5426 Τὸ
692 5372 900 5444 μέντοι,
937 5372 1189 5446 Ἔχοντες
1212 5371 1270 5426 δὲ
1299 5372 1616 5444 χαρίσματα
1642 5372 1783 5426 κατά
1814 5372 1913 5442 τὴν
1937 5369 2101 5441 χάριν
2129 5369 2229 5437 τὴν
2259 5368 2505 5423 δοθεῖσαν
2537 5368 2667 5440 ὑμῖν
2696 5368 2953 5440 δ.ἀφορα,
2987 5366 3099 5422 εἴτε
3128 5366 3472 5440 προφητείαν
3504 5362 3641 5421 κατά

1670 5568 1903 5624 VARUS
1942 5565 2345 5622 LECTIUNES.

459 5712 559 5768 °C.
594 5711 662 5767 Μ.
698 5712 896 5769 omittit
924 5715 1013 5785 τῇ.
1127 5713 1236 5771 PC.
1275 5713 1341 5770 M.
1376 5713 1501 5770 τῶν.
1616 5724 1641 5765 τι
1676 5714 1733 5766 τὸ
1767 5712 2023 5770 mendose
2048 5711 2329 5782 repetitur.
2445 5720 2464 5747 τ
2500 5708 2560 5763 C.
2591 5706 2657 5763 Μ.
2684 5707 2807 5763 add.
2847 5702 3035 5779 [malcl
3071 5704 3167 5775 μή.
