3880 6206
337 228 441 296 601
1291 234 1391 295 AD
1426 232 1893 294 AMPIIILOCIII

1994 234 2020 293 1
2058 233 2406 306 ΟυίΕΞΤΙΟ
2443 238 2661 301 XCIII.
3493 243 3602 309 602

335 348 439 417 τὴν
470 345 763 414 ἀναλογίαν
794 346 893 416 τῆς
917 345 1177 425 πίστεως,
1215 346 1325 417 εἴτε
1358 345 1637 399 διακονίαν
1678 345 1737 396 ἐν
1766 347 1833 415 τῇ
1861 344 2131 415 διακονίᾳ,
2164 346 2274 399 εἴτε
2305 347 2333 398 6
2371 345 2641 401 διδάσκων
2678 348 2735 401 ὲν
2760 349 2829 421 τῇ
2861 347 3197 422 διδασκαλίᾳ,
3233 351 3344 406 εἴτε
3370 352 3399 407 6
3428 370 3605 426 παρα-

336 442 525 498 καλῶν
554 444 612 496 ἐν
638 445 706 513 τῇ
735 422 1103 513 παρακλήσει,
1134 444 1163 496 6
1209 440 1521 513 μεταδιδοὺς
1550 441 1607 492 ἐν
1641 436 1929 509 ἁπλότητι,
1975 439 2003 491 6
2055 440 2452 508 προϊστάμενος
2503 441 2560 493 ἐν
2617 442 2898 513 σπουδῇ,ό
2946 443 3115 497 ἐλεῶν
3168 448 3227 499 ὲν
3276 422 3600 517 ἱλαρότητι·

332 533 497 588 τοῦτο
524 534 609 605 δὴ,
642 534 805 589 τοῦτο
833 534 895 587 16
921 534 1086 604 ῥητὸν
1128 532 1381 605 λαμπρὸν
1440 532 1510 585 ἂν
1565 531 1650 603 εἴη
1708 529 2177 601 περιϐεϐλημένου
2214 530 2390 600 λόγου
2440 532 2829 605 παράδειγμα·
2875 534 2988 606 ἔχει
3023 534 3124 605 μὲν
3162 537 3269 608 γὰρ
3304 538 3467 602 εὐθὺς
3522 540 3605 611 τῷ

338 627 619 698 καθολικῷ
646 627 1019 699 ἐπιφερόμενα
1050 627 1119 681 τά
1150 626 1353 698 μερικά
1372 642 1385 655 °
1410 623 1570 679 τοῦτο
1599 624 1719 695 μὲν,
1744 622 1821 693 τῷ
1848 622 2145 694 χαρίσματι
2176 623 2276 696 τὴν
2308 624 2643 695 προφητείαν
2669 627 2763 679 καὶ
2784 627 2883 699 τὴν
2915 629 3195 685 διακονίαν
3221 647 3234 660 ·
3264 630 3424 684 τοῦτο
3450 631 3496 686 δ’
3526 630 3602 690 αὖ

340 722 506 778 πάλιν
527 723 596 791 τῇ
627 721 871 793 διακονίᾳ
892 721 959 775 τὰ
988 717 1339 790 μερικώτερα
1373 718 1576 787 ταύτης
1601 715 1698 788 τὴν
1718 714 2068 769 διδασκαλίαν
2096 717 2193 787 τήν
2216 717 2581 787 παράκλησιν,
2617 718 2712 773 καὶ
2760 719 2875 788 είγε
2917 719 3121 791 βούλει,
3152 722 3217 794 τῇ
3249 722 3598 793 παρακλήσει

337 818 441 889 τὴν
466 816 773 887 μετάδοσιν,
811 815 911 883 τὴν
936 812 1292 879 προστασίαν,
1324 812 1425 882 τὴν
1458 810 1848 882 ἐλεημοσύνην.
1872 809 1941 862 "U
1964 826 2024 862 τε
2043 810 2152 880 γὰρ
2184 810 2497 879 μεταδιδοὺς
2524 811 2619 866 καὶ
2638 812 2665 863 ὁ
2685 814 3087 884 προϊστάμενος
3120 817 3217 870 καὶ
3246 817 3275 869 6
3303 817 3494 882 ἐλεῶν,
3516 819 3602 883 είς

337 908 676 984 παραψυχήν
698 925 820 962 τινα
848 908 943 961 καὶ
966 906 1314 979 παράκλησιν
1338 905 1692 960 καθίστανται
1711 919 1726 935 ’
1765 905 1877 971 τοῖς
1905 903 1951 957 δ’
1997 902 2176 956 αὐτῶν
2213 903 2693 975 εύεργετουμένοις
2728 907 2789 960 οὐ
2828 908 2937 977 μὴν
2960 907 3096 962 ἀλλά
3132 910 3227 962 καὶ
3256 909 3373 961 καθ’
3407 910 3600 981 ἕτερον

336 1004 540 1072 τρόπον
570 1000 966 1074 περιϐέϐληται
989 1016 1004 1032 ·
1035 1002 1135 1072 τὴν
1169 987 1348 1054 αἰτίαν
1377 998 1484 1071 γάρ
1513 999 1663 1052 ἐστιν
1697 993 1779 1060 οἷς
1807 997 2112 1069 προσάπτει
2137 996 2245 1050 τῶν
2278 999 2726 1068 κεχαρισμένωνο
2778 999 2839 1052 οὐ
2885 1000 3276 1072 περιϐέϐληται
3320 1001 3379 1055 δὲ
3411 1002 3597 1071 μόνον,

338 1094 478 1149 ἀλλὰ
500 1094 595 1165 καὶ
620 1094 701 1164 τῷ
729 1094 915 1165 τρόπῳ
947 1092 1284 1146 ποικίλλεται
1313 1090 1392 1162 τῷ
1424 1100 1446 1129 ³
1482 1089 1591 1143 ἀπὺ
1612 1088 1795 1142 κοινοῦ
1814 1104 1830 1120 ο
1864 1090 1961 1142 καὶ
1991 1089 2054 1160 δὴ
2079 1087 2444 1158 προόάλλεται
2473 1090 2569 1144 καί⁵
2593 1088 2689 1161 τὴν
2715 1090 2935 1155 εἰδικῶς
2951 1092 3295 1164 καλουμένην
3316 1095 3596 1167 ⁴ἔλλειψινο

337 1189 403 1242 16
434 1188 564 1259 γὰρ,
600 1186 837 1257 ἔχοντες,
864 1186 976 1241 ἀπὸ
1007 1183 1188 1238 κοινοῦ
1226 1185 1246 1222 ί
1282 1184 1383 1255 μὲν
1414 1182 1640 1253 φέρεται
1672 1181 1810 1234 κατά
1836 1180 1953 1245 τοῦ,
1977 1181 2100 1235 Εἴτε
2148 1180 2486 1253 προφητείαν
2508 1180 2617 1235 εἴτε
2648 1181 2954 1236 διακονίαν
2980 1185 3059 1248 εἰς
3091 1186 3152 1238 τὸ
3180 1186 3515 1258 καλούμενον
3534 1188 3597 1243 δὲ
3648 1242 3651 1245 ,

337 1279 554 1350 ζεῦγμα
571 1277 907 1348 διασχίζεται
930 1317 945 1342 ,
969 1276 1063 1329 ἐπὶ
1090 1275 1209 1343 τοῦ,
1237 1276 1347 1330 είτε
1376 1276 1405 1328 6
1438 1274 1727 1337 διδάσκων,
1762 1273 1872 1326 εἴτε
1900 1274 1928 1326 6
1963 1271 2323 1342 παρακαλῶν·
2363 1272 2457 1325 καὶ
2476 1274 2534 1325 ἐν
2561 1276 2674 1337 τοῖς
2712 1274 2913 1345 ἐφεξῆς
2940 1275 2997 1329 δὲ
3040 1277 3231 1347 μέρεσι
3264 1279 3360 1333 τοῦ
3409 1280 3595 1349 λόγουι

337 1374 449 1426 Καὶ
476 1372 586 1443 γάρ
616 1372 677 1424 ὲν
704 1371 847 1440 ἀρχῇ
874 1368 1251 1439 πληθυντικῶς
1275 1364 1737 1436 ὲκπεφωνημένου
1763 1362 1881 1427 τοῦ,
1906 1364 2141 1435 ἔχοντες,
2173 1361 2368 1426 ἑνικῶς
2395 1362 2726 1435 ὲξακούομεν
2761 1366 2852 1418 ἐπί
2884 1383 2944 1419 τε
2964 1367 3079 1433 τοῦ,
3107 1367 3169 1423 '0
3202 1369 3467 1426 διδάσκων
3495 1371 3595 1425 καὶ

333 1468 364 1519 6
388 1464 742 1536 παρακαλῶν,
771 1465 866 1517 καὶ
890 1461 998 1515 τῶν
1014 1461 1189 1516 ἀλλων
1207 1476 1222 1491 ο
1241 1460 1404 1515 πάλιν
1427 1459 1483 1513 δὲ
1509 1458 1571 1512 16
1597 1457 1733 1512 αὐτὸ
1754 1457 1953 1529 χωρίον
1966 1457 2238 1529 κρέμαται
2254 1457 2395 1525 ὅλον,
2425 1456 2733 1511 ἀνάπαυσιν
2759 1459 2859 1511 οὐκ
2887 1450 3008 1529 ἕχον
3025 1460 3304 1531 οὐδεμίαν,
3341 1463 3408 1518 ἂν
3437 1464 3512 1535 μή
3538 1473 3599 1517 τι

337 1562 491 1633 ῥῆμα
550 1557 976 1630 προσεπινσηθῇ.
1015 1558 1114 1611 Ἂν
1164 1555 1275 1627 γὰρ
1330 1557 1405 1628 μὴ
1438 1555 1813 1637 ἐπινοήσωμεν
1835 1552 1919 1617 16,
1950 1553 2158 1624 μενέτω
2189 1553 2288 1623 μὲν
2312 1551 2367 1605 έν
2415 1567 2477 1603 τε
2511 1552 2577 1620 τῇ
2619 1551 2863 1625 διακονίᾳ
2908 1555 3000 1607 καὶ
3041 1553 3358 1629 διδασκαλίᾳ
3406 1558 3500 1611 καὶ
3525 1560 3594 1629 τῇ

333 1655 678 1727 παραϐλήσει
708 1652 929 1723 [corrig.
968 1649 1333 1723 παρακλήσει]
1358 1667 1371 1682 ο
1403 1648 1499 1703 καλ⁵
1530 1648 1639 1720 πρό
1663 1665 1726 1717 γε
1748 1646 1953 1701 τούτων
2000 1649 2060 1702 ὲν
2092 1645 2193 1719 τῷ,
2226 1647 2338 1701 εἴτε
2384 1649 2719 1719 προφητείαν
2760 1646 2905 1701 κατά
2933 1647 3032 1719 τὴν
3064 1648 3357 1718 ἀναλογίαν
3378 1651 3480 1721 τῆς
3501 1652 3593 1705 πί-

341 1764 509 1811 στεως
541 1748 678 1817 μετά
703 1747 800 1800 καὶ
822 1744 1138 1815 προσθήκης
1164 1742 1282 1810 τοῦ,
1304 1745 1362 1798 ὲν
1382 1744 1450 1813 τῇ
1477 1740 1789 1813 προφητείᾳ
1813 1755 1828 1770 ’
1854 1739 1930 1811 μὴ
1956 1739 2283 1810 συνάψωμεν
2312 1740 2370 1795 δὲ
2401 1741 2560 1795 πάλιν
2585 1742 2663 1811 τῷ
2679 1749 2732 1806 ιι,
2755 1742 3082 1811 μεταδιδότω
3107 1743 3202 1796 καὶ
3242 1747 3613 1817 προῖστάσθω.

341 1839 430 1892 καὶ
468 1836 706 1903 ὲλεείτω,
737 1838 849 1899 τοῖς
874 1834 1092 1906 ἐφεξῆς,
1111 1834 1299 1897 ἀτελὲς
1338 1833 1462 1887 ὅλον
1487 1833 1582 1886 καὶ
1602 1831 1933 1904 παράσημον
1955 1829 2319 1901 πεποιηκότες
2356 1831 2423 1886 ἂν
2446 1831 2640 1903 εἴημεν
2669 1832 2732 1887 16
2752 1833 2972 1904 χωρίον.
3011 1833 3172 1889 Ἀλλά
3198 1835 3260 1889 16
3298 1837 3399 1907 μὲν
3421 1841 3587 1912 ῥητὸν

339 1930 490 1984 τοῦτο
519 1928 697 2001 τρισὶν
722 1928 841 2001 ἅμα
863 1926 1315 2000 διεσχηματίςετο
1342 1924 1588 1996 τρόποις.

402 2028 513 2088 κςθ.
555 2020 786 2092 Ἐφεξῆς
811 2020 869 2075 δὲ
898 2019 1062 2075 πάλιν
1092 2020 1121 2073 6
1151 2016 1495 2082 ὲλλειπτικὸς
1520 2012 1854 2088 προκύπτει.
1890 2011 2084 2068 Δείπει
2103 2012 2213 2085 γὰρ
2234 2013 2293 2068 ὲν
2313 2011 2413 2085 τῷ,
2451 2013 2516 2069 Ἥ
2544 2015 2737 2089 ἀγάπη
2762 2016 3148 2092 ἀνυπόκριτος,
3189 2021 3273 2089 16,
3302 2023 3466 2093 ἔστω,
3492 2013 3590 2080 καὶ

331 2112 517 2167 λοιπὸν
544 2112 765 2177 ἐφεξῆς.

544 2113 910 2278 ἔξέξξῒάλλη
938 2201 1189 2274 περίοδος
1216 2197 1456 2271 δέχεται,
1482 2197 1541 2268 ἠ,
1590 2191 2056 2264 ’Δποστυγοῦντες
2089 2192 2152 2247 16
2181 2193 2418 2266 πονηρόν
2443 2209 2460 2228 ο
2485 2194 2608 2266 ήτις
2642 2195 2732 2251 διά
2764 2200 3110 2269 μακροτάτου
3139 2204 3439 2277 ποιουμένη
3484 2205 3587 2279 τὴν

326 2300 603 2365 ἀπόδοσιν,
632 2298 713 2361 εἰς
750 2296 967 2367 πνεῦμα
1003 2293 1105 2362 μὲν
1144 2290 1492 2347 ἀποτείνεται
1510 2303 1525 2319 ⁸
1552 2287 1655 2341 οὐκ
1685 2283 2035 2357 ἀπήλλακται
2065 2283 2123 2339 δὶ
2148 2284 2271 2338 οὐδὲ
2299 2284 2397 2339 τοῦ
2415 2285 2866 2358 περιϐεϐλῆσθαι.
2895 2288 2971 2341 Τὸ
2990 2289 3117 2362 γὰρ,
3145 2291 3587 2365 ἀποστυγοῦντες

326 2394 391 2448 16
422 2393 679 2465 πονηρὸν,
713 2392 794 2453 εἰς
820 2390 882 2445 16
901 2431 918 2458 ,
949 2388 1238 2457 Εὐλογεῖτε
1262 2384 1391 2449 τοὺς
1433 2378 1734 2445 διώκοντας
1792 2380 1960 2451 ὑμᾶς,
2011 2378 2284 2447 εὐλογεῖτε
2324 2379 2419 2433 καὶ
2463 2378 2541 2451 μὴ
2566 2380 2906 2451 καταρᾶσθε,
2934 2381 3028 2436 τὸν
3067 2384 3420 2456 ἀπαρτισμὸν
3444 2387 3588 2459 λαμ’

326 2487 504 2542 ϐάνει.
546 2486 700 2540 Ἐπεὶ
728 2486 824 2538 καὶ
854 2482 962 2536 τῶν
992 2481 1167 2536 ἀλλων
1198 2475 1388 2532 πασῶν
1428 2474 1637 2547 ἀρετῶν
1674 2474 1822 2537 τέλος
1850 2472 1968 2526 ἐστὶ
1993 2472 2090 2526 καί¹
2120 2472 2284 2525 οἱονεὶ
2331 2471 2808 2542 συγκεφαλαίωσις
2831 2474 2895 2527 16
2928 2473 3091 2545 μέχρι
3124 2476 3234 2530 τῶν
3254 2476 3467 2548 ἐχθρῶν
3488 2480 3591 2533 καί

322 2578 723 2653 μεμισηκότων
747 2576 845 2649 τὴν
876 2574 1185 2645 ἀγαθότητα
1215 2572 1314 2626 καὶ
1377 2571 1600 2641 ἀγάπην
1655 2568 2031 2640 παρατείνειν.
2087 2565 2245 2621 Κατά
2269 2565 2379 2637 γάρ
2420 2566 2625 2638 ταύτην
2646 2566 2747 2638 τὴν
2776 2567 2976 2639 πρᾶξιν
3001 2569 3097 2622 καὶ
3133 2571 3163 2624 6
3189 2571 3461 2641 σωτήριος
3494 2588 3592 2626 και

331 2654 567 2743 ἀψευδὴς
598 2678 625 2707 ν
655 2668 809 2738 λόγος
850 2664 1246 2738 ἀφομοιοῦσθαι
1280 2662 1409 2727 τοὺς
1442 2662 1538 2715 ἐπὶ
1567 2660 1688 2730 ’γῆς
1735 2658 2057 2729 ἀνθρώπους
2089 2656 2227 2728 πρὸς
2250 2655 2343 2709 τὸν
2372 2658 2432 2711 ὲν
2472 2656 2728 2729 οὐρανοῖς
2764 2657 3107 2713 επιστώσατο
3148 2658 3388 2735 Πατέρα.
3425 2664 3591 2721 ’Λλλκ

325 2767 434 2839 γὰρ
468 2765 605 2819 πολὺ
639 2764 842 2836 πλῆθος
866 2766 925 2818 ὲν
953 2766 1068 2828 τοῖς
1095 2769 1385 2837 γράμμασι
1413 2763 1510 2819 τοῦ
1541 2762 1687 2817 θείου
1740 2760 1956 2817 Παύλου
2010 2758 2119 2813 τῶν
2165 2757 2425 2813 τοιούτων
2463 2757 2643 2813 ἔνεστι
2687 2760 3183 2831 παραδειγμάτων·
3221 2762 3283 2829 ὲξ
3324 2757 3400 2818 ὧν
3428 2765 3587 2837 ὀλίγα

324 2862 668 2935 παρεθέμην,
688 2863 756 2916 δι’
783 2863 851 2927 ἃς
866 2864 963 2917 καὶ
990 2863 1269 2934 καταρχὰς
1292 2860 1589 2933 ὑπολήψεις
1616 2859 1772 2930 ἔφην,
1807 2851 1896 2923 αἷς
1920 2856 2022 2921 τὰς
2052 2854 2232 2919 αἰτίας
2259 2854 2579 2931 ἀνατίθημι,
2611 2854 2706 2909 καὶ
2729 2856 2866 2910 διότι
2903 2857 3039 2927 μηδὲ
3073 2858 3203 2930 περὶ
3240 2860 3351 2916 τῶν
3378 2860 3585 2917 λοιπῶν

324 2952 407 3023 οἷς
433 2960 801 3030 συνεχρήσατο
829 2957 1109 3029 διεξῆλθον
1131 2958 1333 3031 τρόπον
1360 2958 1496 3022 ὅλως
1522 2972 1584 3011 τε
1616 2954 1750 3026 περί
1789 2954 1996 3026 τρόπου
2024 2954 2295 3022 γενέσεως
2335 2950 2429 3004 καὶ
2457 2950 2722 3021 διαφορᾶς
2757 2950 3056 3020 ποσότητός
3082 2968 3142 3005 τε
3174 2954 3269 3006 καὶ
3305 2955 3577 3026 χρήσεως*

323 3044 447 3101 ὅθεν
472 3064 531 3101 τε
566 3049 601 3119 ἡ
638 3047 968 3119 τροπολογία
997 3048 1123 3120 ἔφυ,
1155 3048 1252 3102 καὶ
1281 3047 1350 3102 δι’
1379 3048 1449 3119 ἦν
1498 3063 1629 3113 ποτε
1661 3044 1840 3100 αἰτίαν
1894 3045 1930 3114 ἡ
2001 3040 2246 3112 Ἑλληνὶς
2284 3040 2488 3111 ταύτην
2533 3039 2847 3109 ᾠκειώσατο
2890 3041 3113 3109 γλῶσσα
3138 3061 3151 3074 ·
3190 3045 3309 3100 οὐδὲ
3339 3048 3447 3118 γάρ
3475 3048 3587 3101 οὐδ’

322 3140 619 3212 ἀξιώσαιμι
646 3156 659 3171 ο
689 3141 815 3213 οὔτε
848 3141 909 3194 σὲ
938 3141 1144 3196 δεῖσθαι
1175 3140 1473 3211 μαθήσεως
1494 3139 1632 3204 ὅλως
1675 3139 1776 3211 τῆς
1819 3136 1951 3209 περὶ
1981 3133 2157 3189 ταῦτα
2201 3132 2523 3206 τηλικοῦτον
2563 3134 2695 3189 ὅντα
2723 3133 2839 3190 οὐθ’
2869 3135 3017 3207 ἡμᾶς
3038 3136 3096 3192 ὲν
3124 3139 3190 3209 τῇ
3220 3139 3350 3211 περὶ
3377 3140 3584 3197 τούτων

322 3233 643 3305 διδασκαλίᾳ
669 3233 1092 3304 φιλοτιμεῖσθαι.

386 3328 467 3380 Τὰ
502 3327 604 3399 μὲν
645 3328 752 3399 γὰρ
786 3328 1102 3400 στοιχειώδη
1131 3345 1192 3383 τε
1218 3327 1316 3384 καὶ
1348 3328 1525 3383 οἰκεῖα
1539 3330 1651 3392 τοῖς
1683 3328 1893 3397 εἰσαγο-

2068 3322 2202 3391 Qua:
2220 3324 2366 3380 enim
2394 3332 2523 3380 sunt
2550 3314 2797 3396 quedam
2815 3324 3166 3382 elementaria
3192 3328 3446 3399 primitus
3470 3331 3580 3387 ini-

323 3422 539 3491 μένοιςο
570 3420 639 3474 τὰ
681 3420 759 3487 δὲ,
807 3420 875 3475 δι’
905 3414 981 3476 ῶν
1010 3421 1222 3494 ἔφημεν
1287 3422 1705 3493 ὑποδειγμάτων
1750 3422 1893 3492 σαφῆ

2005 3418 2193 3474 tiatis:
2232 3418 2340 3472 alia
2374 3416 2678 3472 redduntur
2705 3418 2853 3473 clara
2880 3426 2935 3473 et
2965 3419 3256 3474 manifesta
3307 3421 3465 3488 satis,
3505 3422 3579 3478 ita

321 3515 417 3569 καὶ
443 3512 630 3586 ῥᾳδίαν
663 3513 855 3584 εῐληφε
879 3514 979 3584 τὴν
1008 3514 1234 3585 γνῶσιν.
1264 3515 1386 3569 Τῶν
1419 3515 1519 3586 μὲν
1543 3510 1636 3570 οὖν
1660 3515 1899 3568 ἀποστο-

318 3608 487 3662 λικῶν
515 3608 863 3679 γραμμάτων
915 3607 1014 3662 καὶ
1054 3610 1167 3672 τοῖς
1199 3609 1511 3681 εἰρημένοις
1556 3607 1652 3663 καὶ
1684 3606 1897 3681 πολλοῖς

319 3700 528 3771 ἑτέροις
560 3701 833 3771 σχήμασιν
856 3699 884 3753 ὁ
914 3701 1201 3771 χαρακτὴρ
1235 3700 1376 3754 οὕτω
1416 3700 1627 3771 πέφυκε
1668 3698 1898 3771 διαμορ⁴

318 3793 552 3864 φοῦσθαι
576 3809 590 3824 ο
623 3792 745 3863 οὐχὶ
765 3791 810 3846 δ’
829 3793 965 3865 ὅπερ
984 3794 1078 3847 καὶ
1107 3794 1375 3865 πολλαχοῦ
1392 3794 1718 3865 ἀπειπάμην
1731 3794 1897 3867 τέχνῃ

318 3886 414 3939 καὶ
442 3885 640 3957 μελέτῃ
672 3883 847 3939 ταῦτα
875 3886 1107 3956 γράφειν
1149 3886 1312 3939 αὐτὸν
1346 3886 1515 3958 ἡδέως
1550 3886 1763 3957 εἴποιμι
1787 3885 1853 3940 ἀν
1876 3902 1890 3917 ·

317 3980 417 4049 οὐχ
437 3977 610 4041 οὕτως
640 3977 953 4049 μικρολογῶ
970 3977 1066 4045 τὸν
1086 3977 1336 4047 οὐράνιον
1355 3978 1641 4049 ἄνθρωπον
1662 3979 1895 4045 ἐκεῖνον,

317 4065 409 4118 τὸν
450 4063 526 4129 ῶς
572 4065 750 4119 οἰκίαν
803 4064 838 4135 ἢ
873 4064 1026 4120 πόλιν
1077 4066 1207 4133 μίαν
1252 4066 1351 4138 τὴν
1398 4066 1727 4139 οἰκουμένην
1766 4066 1895 4138 ὅλην

319 4157 613 4211 πολίσαντα
640 4156 720 4227 τῷ
741 4157 1095 4229 κηρύγματι·
1139 4156 1255 4229 ἀλλ’
1286 4157 1513 4229 ἐμφύτῳ
1555 4159 1748 4229 κράτει
1779 4158 1896 4213 δια-

316 4249 464 4312 νοίας
522 4250 619 4304 καὶ
648 4249 728 4321 τῷ
762 4251 896 4321 περι
930 4251 1108 4304 πάντα
1132 4248 1465 4321 δραστηρίῳ,
1497 4250 1698 4319 μᾶλλον
1732 4249 1788 4303 δὲ
1823 4251 1893 4322 τῇ

312 4342 522 4397 ἀνωθεν
550 4342 732 4414 χάριτι
750 4357 765 4374 ·
801 4342 837 4413 ἢ
868 4342 1069 4397 καὶτὸν
1106 4342 1331 4396 πλοῦτον
1350 4342 1511 4415 αὐτῷ
1523 4343 1621 4414 τῆς
1647 4341 1890 4413 ἐμφύτου

311 4436 567 4505 γνώσεως
600 4434 696 4490 καὶ
725 4434 824 4505 τῆς
859 4435 998 4507 ὑπὲρ
1023 4434 1082 4490 16
1109 4434 1447 4507 ἀνθρώπινον
1488 4435 1769 4506 ἀγχινοίας
1797 4434 1893 4489 καί⁵

312 4530 631 4600 φρονήσεως
671 4527 982 4599 χορηγοῦσα
1024 4528 1113 4584 διὰ
1164 4529 1381 4584 πάντων
1428 4529 1488 4585 οὐ
1525 4529 1785 4599 διέλιπεν,
1823 4529 1890 4583 δι’

308 4617 378 4695 ἧς
401 4622 496 4674 καὶ
547 4619 657 4674 τῶν
693 4634 720 4661 ι
773 4621 954 4684 ἀλλοις
1005 4621 1108 4675 ὅσα
1157 4622 1309 4675 πόνοι
1359 4623 1454 4675 καὶ
1484 4621 1705 4692 μελέται
1737 4622 1889 4694 μόλις

2001 3519 2063 3566 ut
2084 3508 2243 3566 facile
2268 3509 2596 3579 apprehendi
2629 3511 2846 3580 possint
2884 3526 2981 3581 per
3024 3511 3116 3567 illa
3174 3528 3296 3583 qum
3349 3516 3581 3584 protuli-

1998 3616 2125 3659 mus
2150 3602 2419 3672 exempla.
2444 3601 2623 3672 Atque
2669 3601 2744 3655 ita
2775 3602 3108 3673 scriptorum
3149 3606 3578 3674 apostolicorum

1999 3698 2289 3750 character
2318 3710 2415 3766 per
2440 3702 2566 3751 ante
2602 3695 2862 3752 reeitatas
2892 3705 2946 3751 ct
2972 3695 3173 3752 multas
3204 3698 3342 3754 alias
3374 3700 3580 3770 ﬁguras

1998 3784 2067 3839 ad
2101 3779 2247 3863 liunc
2277 3785 2498 3840 modum
2533 3785 2849 3841 conﬁrmari
2885 3796 3087 3857 potest.
3112 3786 3222 3843 Nec
3274 3792 3420 3859 quod
3460 3792 3577 3863 jam

1999 3860 2291 3946 aliquoties
2357 3864 2572 3949 negavi,
2625 3878 2860 3933 dixerim
2907 3894 3033 3934 eum
3089 3879 3377 3937 affectasse
3429 3860 3577 3942 hunc

1999 3968 2272 4023 scribendi
2303 3968 2549 4023 modum.
2590 3967 2710 4025 Non
2738 3970 2811 4025 ita
2869 3972 2963 4026 vili
2988 3972 3165 4040 pendo
3187 3975 3465 4031 cmlcstem
3506 3978 3574 4031 il-

1996 4057 2110 4112 lum
2161 4059 2360 4123 virum,
2419 4059 2514 4131 qui
2562 4069 2734 4115 totum
2777 4062 2965 4116 orbem
3034 4071 3295 4134 tanquam
3355 4066 3573 4122 unicam

1997 4151 2237 4222 aliquam
2270 4153 2584 4208 urbeculam
2616 4155 2960 4224 prmdicando
2996 4156 3271 4211 circumiit
3301 4175 3315 4213 :
3379 4160 3476 4214 sed
3506 4160 3575 4215 ab

1997 4244 2160 4299 insita
2183 4245 2355 4299 animi
2384 4245 2661 4311 facultate,
2692 4258 2744 4302 et
2774 4259 3002 4304 actuoso
3032 4264 3129 4319 per
3156 4251 3338 4305 omnia
3361 4252 3571 4321 habitu,

1995 4335 2107 4391 imo
2145 4337 2326 4406 potius
2351 4351 2383 4392 a
2414 4339 2623 4395 caelesti
2656 4342 2829 4411 gratia
2857 4342 3176 4411 inspiratus,
3205 4360 3326 4415 qua:
3353 4346 3574 4404 divitias

1992 4426 2096 4499 ipsi
2117 4427 2262 4497 illas,
2296 4430 2477 4485 insitae
2513 4432 2845 4503 cognitionis
2874 4443 2928 4487 et
2953 4434 3256 4504 prudentia:
3279 4437 3420 4492 ultra
3467 4440 3570 4493 hu-

1994 4534 2210 4576 manam
2265 4532 2319 4577 ct
2350 4522 2724 4594 intelligentiae
2770 4527 2983 4596 copiam
3023 4542 3119 4598 per
3183 4530 3367 4584 omnia
3402 4540 3457 4587 et
3513 4532 3567 4587 in

1992 4615 2249 4670 omnibus
2278 4617 2540 4671 continuo
2570 4630 2824 4689 suggesta
2862 4621 3246 4690 suppeditavit,
3283 4624 3427 4680 unde
3448 4625 3569 4681 sine

310 4685 667 4784 κατορθοῦσιν
689 4713 854 4778 αὐτὸς
879 4712 1261 4783 ἀταλαίπωρον
1284 4712 1410 4785 ἔσχε
1432 4685 1551 4785 -τίιν
1572 4685 1769 4787 χρῆσιν
1793 4685 1889 4769 καί.

1994 4702 2177 4759 labore
2205 4712 2260 4759 et
2285 4699 2602 4763 difﬁcultate
2631 4723 2795 4763 usum
2833 4724 3024 4765 earum
3078 4727 3263 4768 rerum
3297 4723 3352 4769 et
3410 4731 3568 4772 exse-

308 4805 709 4877 μεταχείρισιν.
739 4805 813 4859 Σὺ
846 4805 904 4858 δέ
956 4822 1047 4875 μοι
1083 4805 1203 4869 ταῖς
1247 4806 1460 4859 ἐκεῖθεν
1504 4806 1764 4879 καθαρῶς
1794 4805 1884 4861 ἐλ-

1988 4795 2267 4852 cutionem
2301 4799 2746 4868 nanciscebatur,
2787 4817 2927 4872 quas
2973 4803 3067 4857 alii
3098 4819 3195 4874 per
3240 4806 3454 4862 labores
3511 4818 3565 4865 et

307 4896 660 4969 λαμπόμενος
710 4897 808 4968 τῆς
848 4895 1107 4967 ἀληθείας
1153 4896 1392 4965 ἀκτῖσιν,
1437 4896 1555 4968 εῖης
1582 4897 1771 4969 ῶσπερ
1823 4898 1885 4953 16

1994 4889 2163 4944 serias
2219 4889 2601 4948 meditationes
2654 4895 2743 4948 vix
2802 4905 3187 4963 assequuntur.
3242 4897 3321 4953 Tu
3374 4911 3560 4957 autem

305 4987 644 5060 θεωρητικὸν
698 4987 1136 5059 ὀμματούμενος,
1179 4985 1322 5041 οὕτω
1368 4988 1553 5042 καὶτὸ
1580 4988 1884 5061 πρακτικὸν

1994 4980 2235 5050 veritatis
2274 4981 2445 5039 radiis
2471 4984 2603 5040 hinc
2635 4988 3055 5044 coruscantibns
3097 4988 3459 5060 illuminatus,
3503 5004 3564 5050 ut

305 5080 423 5145 ταῖς
450 5076 677 5133 αὐτόθεν
702 5077 941 5143 ἐντολαῖς
963 5076 1052 5134 διὰ
1073 5076 1189 5150 βίου
1221 5077 1637 5150 ῥυθμιζόμενος.

1984 5072 2134 5143 quod
2162 5074 2426 5133 theoriam
2459 5079 2654 5135 attinet
2674 5079 2985 5148 illustraris,
3016 5083 3088 5138 ita
3119 5084 3300 5154 quoad
3345 5088 3560 5155 praxim

1988 5167 2275 5244 praceptis
2304 5168 2548 5230 Paulinis
2575 5189 2672 5247 per
2703 5186 2875 5234 totum
2899 5179 3023 5236 vitae
3052 5190 3157 5236 tua:
3185 5196 3408 5240 cursum
3431 5198 3563 5241 con-

1987 5257 2246 5318 fit-meris.

1579 5443 1815 5502 VAllle
1853 5446 2265 5508 ιΕοΤιοΜεδ.
2294 5400 2297 5401 ὅ

408 5593 906 5691 :E‘Sl;-l'c-gtit16;
936 5596 1094 5691 Δρ,
1120 5598 1189 5656 Μ.
1223 5603 1281 5657 τὸ
1315 5601 1423 5674 γὰρ
1453 5602 1562 5659 ἀπὸ
1593 5603 1774 5661 κοινοῦ
1804 5604 1893 5678 ἔχο

1994 5624 2038 5674 ς.
2087 5606 2225 5683 τιοτό.
2266 5608 2410 5681 ’,καὶ
2438 5609 2677 5683 ἀψευδής
2704 5610 2821 5669 dcs.
2861 5612 2915 5668 in
2939 5611 3003 5670 Ο.
3039 5611 3249 5672 Monac.
3327 5620 3354 5652 ³
3381 5612 3443 5672 C.
3473 5613 3553 5675 Μ.

299 5661 592 5733 διέλειπεν,
615 5666 683 5721 δι’
707 5661 788 5731 οἷς
819 5668 911 5722 καὶ
936 5670 1066 5733 τοῖς.
