3880 6206
242 258 358 325 6υό

1098 251 1198 312 AD
1230 244 1831 311 AMPIIILOCHIUM
1864 241 2212 314 QUIESTIO
2240 242 2439 304 XCIV.
2472 241 2638 303 XCV.

3426 249 3536 318 606

247 373 448 445 ὥσπερ
498 370 565 442 δὴ
599 368 775 429 ταῦτα
834 366 929 422 τοῦ
980 363 1413 438 προσλήμματος
1460 355 1562 431 ἦν,
1617 357 1678 412 οὑ
1742 353 1875 416 τοῦ,

1956 353 2087 410 :‘acta
2124 354 2528 424 disquisitione,
2578 330 2880 426 quidquam
2929 355 3160 427 invenit,
3202 359 3395 430 veluti,
3450 380 3538 423 ιιι-

246 465 448 525 ὶόγουο
502 463 645 515 οὑτω
702 460 797 514 καὶ
884 457 966 523 τὸ,
1005 475 1023 509 ι
1093 455 1152 510 '0
1215 454 1409 524 Πατήρ
1471 468 1575 522 μου
1634 447 1835 521 μείζων

253 553 360 627 μού
383 555 521 607 ἐστι*
556 570 574 602 ι
611 546 814 620 μεταξὺ
844 546 954 619 γὰρ
970 544 1197 598 ἐκείνων
1218 542 1399 607 τοῦτο,
1427 541 1521 594 καὶ
1538 556 1614 591 πα
1624 537 1835 609 ραπλη-

254 646 390 709 σίως
434 643 620 705 αὑτοῖς
661 638 899 713 εἴρηται.
936 635 1092 699 Τινὲς
1121 634 1203 701 δὲ,
1245 632 1375 702 περὶ
1409 631 1507 702 μὲν
1536 628 1633 683 τοῦ
1662 627 1836 695 Λόγου

213 725 315 792 ’τὸ
355 737 538 808 μεῖζον
584 731 1004 803 συνεχώρησαν⁹
1048 728 1147 798 οὐχ
1196 725 1385 788 ἁπλῶς
1430 723 1487 778 δὲ
1536 720 1700 776 τοῦτο
1744 717 1839 773 καὶ

228 833 379 886 κατ’
408 829 619 893 οὐσίαν,
649 825 766 882 ἀλλ’
801 825 960 895 εἴπερ
1001 821 1150 876 ἐστὶν
1174 822 1209 892 ἡ
1243 816 1657 889 ένανθρὼπησις
1695 814 1841 883 ἄκρα

253 924 488 985 κένωσις
519 921 614 974 καὶ
643 917 995 979 ταπείνωσις,
1036 912 1159 968 καθ’
1192 914 1221 966 ὃ
1258 915 1565 966 κεκένωκεν
1598 906 1790 961 ἑαυτὸν
1812 906 1841 958 ό

252 1014 428 1083 Λόγος
444 1012 537 1065 καὶ
566 1008 901 1065 ἐταπείνωσε
931 1007 959 1046 δ
985 1025 1002 1058 ι
1031 1003 1245 1077 μορφὴν
1273 1002 1462 1056 δούλου
1490 997 1738 1053 ὑπελθὼν
1754 1008 1833 1063 ⁸,)

222 1114 227 1117 ⁷
253 1103 415 1175 δῆλον
436 1105 518 1156 ὅτι
552 1100 648 1153 τοῦ
675 1097 942 1171 μηδαμῶς
972 1097 1305 1158 ὑποστάντος
1344 1093 1443 1165 τὴν
1493 1092 1725 1145 κένωσιν
1747 1088 1843 1143 καὶ

254 1194 609 1257 ταπείνωσιν,
659 1190 971 1253 ἀκολούθως
1021 1188 1221 1253 λέγοιτ’
1247 1187 1313 1241 ἂν
1356 1185 1419 1239 τὸ
1449 1184 1671 1237 ἔλαττον
1728 1182 1843 1235 ὰπ-

138 1332 147 1337 .
256 1288 615 1358 ενέγκασθαι⁸
651 1288 709 1340 ὲν
738 1283 950 1355 μείζοσι
973 1281 1083 1351 γὰρ
1120 1282 1442 1352 ὑπεροχαῖς,
1473 1277 1596 1332 κατ’
1625 1275 1757 1330 αὑτό
1778 1292 1843 1344 γε

254 1379 437 1444 τοῦτο,
468 1379 499 1431 ό
529 1377 799 1438 ἁκένωτος
825 1372 920 1428 τοῦ
950 1371 1326 1443 κεκενωμένου
1352 1370 1557 1442 μείζων
1602 1367 1721 1422 ἐστὶ
1747 1368 1843 1421 καὶ

256 1475 287 1528 ὁ
319 1474 418 1543 τῆς
465 1470 601 1535 ιδίας
654 1466 930 1537 ὑπεροχῆς
968 1464 1133 1537 μηδὲν
1174 1463 1440 1533 καθαφεὶς
1469 1461 1521 1529 ἀ,
1556 1458 1652 1515 τοῦ
1684 1458 1844 1532 μέχρι

257 1566 358 1622 καὶ
407 1565 518 1618 τῶν
561 1560 946 1615 έπονειδίστων
1000 1557 1212 1624 παθῶν,
1257 1554 1517 1627 σταυροῦ,
1551 1553 1716 1624 φημὶ,
1750 1553 1847 1605 καὶ⁵

260 1660 495 1715 Θανάτου
514 1653 890 1725 διεληλυθότος
912 1652 1013 1723 τῆς
1034 1650 1379 1722 ἀνθρωπίνης
1396 1648 1631 1717 φύσεως.
1661 1645 1847 1700 Ἐκδέ-

1943 461 2107 516 quam
2146 446 2262 501 haec
2299 446 2367 501 ad
2412 457 2753 516 assumplam
2800 465 3020 504 carnem
3051 452 3388 520 referuntur,
3422 471 3537 513 non

1942 550 2125 595 autem
2169 538 2237 593 ad
2272 538 2519 604 verbum,
2560 538 2640 594 sic
2687 547 2741 594 et
2777 539 2928 605 illud,
2966 560 2986 593 ι
3025 542 3186 598 Pater
3241 560 3398 602 meus
3447 562 3536 602 me

1944 624 2121 695 major
2171 632 2276 690 est,
2308 644 2327 677 ι
2375 626 2515 680 inter
2567 627 2713 682 enim
2765 631 3021 699 superius
3084 633 3314 689 recitata
3364 634 3534 692 simili

1944 717 2107 773 modo
2158 718 2432 788 prolatum
2480 730 2534 775 et
2573 720 2678 775 hoc
2708 722 2929 777 dicitur.
2957 723 3194 790 Quidam
3250 727 3419 783 etiam
3464 732 3536 786 de

1945 809 2129 866 Verbo
2158 812 2469 867 concedunt
2496 812 2651 879 illud,
2685 814 2857 883 major
2891 830 2997 870 non
3043 826 3226 873 autem
3274 819 3537 892 simplici-

1949 910 2050 967 ter,
2083 902 2165 957 vel
2216 906 2516 959 secundum
2564 906 2924 962 substantiam
2960 924 2975 960 :
3014 910 3108 964 sed
3149 911 3194 966 si
3230 911 3537 971 iuearnatio

1948 995 2114 1051 fuerit
2151 1012 2367 1052 summa
2411 998 2711 1055 exinanitio
2747 1009 2802 1055 et
2853 1002 3180 1071 humiliatio,
3230 1007 3534 1062 secundum

1947 1106 2114 1160 quam
2148 1092 2433 1146 evacuavit
2474 1108 2531 1147 se
2566 1091 2805 1149 Verbum
2850 1105 2904 1150 et
2944 1095 3253 1169 bumiliavit
3286 1116 3302 1153 :
3343 1118 3361 1152 ι
3400 1099 3537 1156 Fur-

1948 1198 2094 1236 mam
2126 1182 2268 1237 servi
2305 1182 2536 1239 inducns
2563 1184 2631 1251 ⁵¹,
2669 1204 2688 1237 ι
2724 1198 2872 1257 patet
2906 1188 3055 1259 quod
3084 1189 3232 1245 illius
3270 1190 3369 1257 rei,
3414 1207 3537 1262 qua:

1949 1275 2101 1331 nullo
2133 1276 2298 1330 modo
2328 1276 2804 1340 substernebatur.
2840 1285 3124 1339 evacuatio
3148 1293 3201 1339 et
3235 1284 3539 1340 humilialio

1951 1378 2347 1440 consequenter
2410 1370 2627 1425 dicatur
2681 1372 3056 1435 minoritatem
3116 1375 3425 1442 retulisse;
3482 1376 3535 1429 in
3632 1433 3634 1435 ,

1952 1466 2257 1537 majoribus
2280 1464 2425 1520 enim
2442 1464 2809 1533 excellentiis,
2843 1467 2936 1537 qui
2968 1468 3270 1536 vacuabilis
3292 1485 3397 1523 non
3431 1480 3537 1528 est,

1936 1559 2129 1643 .major
2156 1567 2241 1615 est
2284 1573 2449 1629 quam
2486 1557 2534 1613 is
2568 1559 2661 1628 qui
2694 1569 3031 1628 evacuatur;
3064 1569 3117 1615 et
3164 1563 3258 1632 qui
3303 1561 3440 1616 nihil
3474 1562 3541 1617 de

1954 1673 2054 1713 sua
2089 1655 2423 1712 sublimitate
2466 1653 2717 1720 remittit,
2770 1653 2948 1723 major
2998 1662 3082 1708 est
3123 1669 3190 1709 eo
3228 1653 3316 1724 qui
3345 1652 3429 1708 vel
3470 1653 3538 1707 ad

261 1753 415 1819 ξαιτο
441 1750 486 1804 δ’
516 1750 582 1805 ἄν
607 1765 690 1812 τις
720 1748 820 1800 οὑκ
847 1743 1154 1808 ἀπεικότως
1177 1744 1272 1797 καὶ
1298 1741 1436 1814 πρὸς
1468 1740 1567 1811 τὴν
1598 1739 1711 1792 τῶν
1743 1756 1847 1810 μα-

1956 1762 2126 1817 usque
2163 1745 2548 1819 despectabilia
2595 1745 2880 1801 descendit
2920 1745 3257 1811 sull‘erenda,
3294 1761 3538 1810 crucem,

260 1840 443 1913 θητῶν
500 1839 738 1893 διάνοιαν
791 1834 1044 1906 εἰρῆσθαι
1087 1834 1179 1887 τὸν
1219 1833 1402 1901 λόγον’
1438 1831 1563 1885 ἐπεὶ
1604 1830 1715 1902 γὰρ
1762 1828 1843 1882 ἐτι

1956 1844 2068 1900 dico
2101 1852 2155 1905 et
2196 1853 2452 1904 mortem,
2483 1856 2604 1911 qua:
2642 1851 2837 1895 natura
2869 1840 3073 1896 subivit
3118 1842 3359 1896 humana
3389 1858 3405 1896 :
3444 1841 3539 1896 sed

259 1930 470 1993 ἀτελῶς
496 1922 642 1982 οὑτοι
676 1925 947 1979 διέκειντο
991 1922 1121 1994 περὶ
1169 1922 1261 1976 τὸν
1291 1920 1423 1975 Θεὸν
1458 1919 1556 1975 καὶ
1588 1919 1847 1973 διδάσκα-

1945 1947 1999 1993 et
2030 1936 2241 2006 Opinari
2272 1935 2397 2007 quis
2444 1935 2644 2005 poterit
2700 1949 2801 1989 nec
2837 1934 3293 2005 improbabililer,
3332 1934 3538 1989 dictum

260 2022 377 2089 λον,
408 2019 633 2093 μείζονά
659 2034 719 2071 τε
764 2013 946 2085 πολλῷ
993 2014 1084 2068 τὸν
1114 2014 1341 2085 Πατέρα
1365 2010 1617 2083 ἐνόμιζον
1637 2025 1652 2041 ο
1687 2009 1847 2069 τοῦτο

1956 2028 2120 2085 fuisse
2148 2028 2215 2084 de
2247 2038 2429 2083 mente
2462 2027 2861 2098 discipulorum
2894 2045 2908 2082 :
2941 2036 3099 2082 erant
3130 2027 3331 2081 etenim
3362 2026 3545 2082 adhuc

264 2113 369 2184 μὲν
402 2109 511 2163 τῶν
536 2105 850 2165 Μωσαῖκῶν
884 2104 1066 2176 νόμων
1089 2102 1516 2173 ἐμφανέστερον,
1548 2099 1731 2162 αὑτοῖς
1757 2097 1848 2152 τὶν

1956 2121 2026 2176 illi
2066 2120 2393 2192 imperfecti,
2436 2135 2537 2175 nec
2569 2097 2637 2175 de
2677 2120 2941 2190 magistro
2970 2134 3091 2183 suo,
3122 2127 3180 2174 ut
3202 2119 3270 2173 de
3313 2114 3425 2173 Deo
3449 2135 3544 2175 co-

263 2203 486 2274 Πατέρα
511 2201 546 2272 ἢ
573 2199 665 2253 τὸν
696 2197 825 2252 Υίδν
874 2192 1393 2265 καταγγελλόντωψ
1423 2189 1585 2244 τοῦτο
1613 2188 1672 2243 δὲ
1699 2200 1723 2228 θ
1751 2187 1846 2242 τοῦ

262 2294 520 2364 Σωτῆρος
546 2291 679 2346 ,ἄνω
710 2289 805 2344 καὶ
834 2287 986 2342 κάτω
1030 2283 1490 2356 περιστρέφοντος
1538 2281 1720 2343 αὑτοῖς
1757 2278 1851 2333 τδν

262 2387 505 2458 Πατέρα.
550 2383 704 2438 Ἐπεὶ
735 2381 827 2436 οὖν
851 2377 1079 2449 τοιαύτη
1110 2394 1194 2440 τις
1228 2375 1414 2438 αὑτοῖς
1438 2370 1846 2445 ένεστήρικτοή

264 2481 395 2547 δόξα
416 2478 526 2548 (διὰ
544 2478 654 2550 γὰρ
675 2474 833 2530 τοῦτο
862 2473 955 2527 καὶ
985 2473 1192 2542 ἔλεγον,
1234 2489 1253 2523 ι
1276 2469 1461 2537 Δεῖξον
1481 2468 1612 2539 ἡμῖν
1640 2465 1732 2519 τὸν
1749 2466 1855 2518 Πα-

262 2574 423 2643 τέρα,
438 2570 848 2643 καὶὰρκεῖήμῖν
868 2586 885 2619 ι
897 2568 938 2635 ),
953 2565 1087 2638 πρὸς
1098 2564 1197 2636 τὴν
1210 2562 1433 2617 ἐκείνων
1447 2561 1476 2614 ὑ
1487 2558 1715 2630 πόληψιν
1728 2558 1856 2611 ἀπο·

262 2666 576 2737 στεινόμενος
594 2664 833 2726 ἵσταται,
860 2657 1100 2713 τοιοῦτόν
1125 2652 1599 2725 τιλέγων,‹ιὺτοὺς
1628 2649 1647 2689 ί
1674 2648 1856 2719 ἀσύμ-

264 2778 423 2831 φωνα
440 2760 562 2822 ταῖς
580 2755 728 2826 σφῶν
742 2751 1053 2825 ὁμολογίαις
1070 2745 1516 2821 διαπράττεσθαι,
1536 2743 1681 2813 λύπῃ
1699 2740 1859 2795 διδόν·

264 2869 361 2915 τες
371 2851 617 2916 ἑαυτοὺς,
640 2867 658 2901 ι
674 2849 867 2901 Ὄτιπε
876 2863 906 2916 ρ
923 2843 1080 2914 ἔφην’
1098 2840 1409 2913 Πορεύομαι
1428 2838 1565 2911 πρὸς
1580 2836 1671 2891 τὸν
1693 2833 1861 2889 Πατέ·

270 2961 364 3016 ρα.
390 2962 406 2995 ι
427 2942 608 3011 Εἱγὰρ
618 2940 871 3011 ἠγαπᾶτέ
892 2954 982 3009 με,
999 2936 1144 2990 δοκεῖ
1154 2934 1217 2988 ’δὲ
1239 2934 1371 3004 ὑμῖν
1385 2932 1479 2986 καὶ
1498 2929 1701 3002 μείζων
1718 2922 1855 2980 εἶναι

267 3037 300 3089 ὁ
324 3035 534 3106 Πατὴρ,
550 3034 765 3105 χαίρειν
784 3033 929 3102 ὑμᾶς
951 3020 1079 3094 ἔδει,
1098 3027 1232 3082 διότι
1248 3027 1385 3100 πρὸς
1400 3028 1491 3080 τὸν
1518 3025 1738 3097 μείζονα
1759 3040 1861 3076 πο-

1949 2214 2214 2287 gitabant,
2246 2213 2417 2267 multo
2442 2221 2628 2267 autem
2667 2212 2934 2281 majorem
2975 2212 3146 2267 Deum
3185 2212 3400 2266 Patrem
3450 2227 3545 2265 cu-

1953 2292 2221 2377 gitabant,
2253 2304 2529 2375 praecipue
2566 2319 2692 2359 cum
2727 2303 2964 2359 Mosaica
2988 2303 3073 2357 lex
3105 2304 3280 2357 multo
3305 2303 3546 2373 explica-

1953 2398 2063 2455 tius
2090 2398 2309 2452 Patrem
2332 2411 2495 2466 quam
2521 2394 2717 2449 Filium
2760 2394 2894 2466 ipsis
2918 2395 3157 2450 insinuet
3188 2412 3203 2450 :
3234 2403 3286 2450 et
3318 2394 3545 2464 ipsemet

1956 2490 2214 2546 Servatur
2245 2488 2461 2543 Patrem
2488 2488 2631 2558 apud
2662 2502 2757 2542 eos
2797 2486 3154 2541 multifariam
3198 2486 3544 2557 praedicaret.

1922 2579 2222 2649 .Quocirea
2252 2579 2396 2649 apud
2442 2578 2592 2647 ipsos
2618 2594 2741 2634 cum
2783 2578 2899 2631 haec
2947 2577 3134 2646 opinio
3183 2576 3477 2642 obtineret,
3512 2591 3545 2632 a

1956 2684 2063 2740 qua
2112 2667 2342 2739 profecti
2390 2666 2685 2722 dicebant:
2720 2684 2740 2719 ι
2779 2664 3015 2721 Ostende
3053 2665 3212 2719 nobis
3246 2665 3460 2719 Patrem
3490 2673 3547 2720 et

1957 2760 2161 2818 sulﬁcit
2190 2760 2351 2816 nobis
2373 2759 2441 2814 ⁸⁸.
2483 2778 2503 2812 ο
2544 2757 2697 2813 Hanc
2739 2758 2959 2813 illorum
3014 2758 3325 2827 opinionem
3374 2756 3551 2829 respi-

1956 2853 2110 2907 ciens
2147 2850 2295 2905 sistit
2346 2864 2406 2905 se
2452 2864 2553 2905 nec
2602 2849 2989 2919 progreditur;
3027 2847 3121 2903 sed
3175 2856 3386 2902 tantum
3434 2864 3547 2903 non

1960 2945 2118 3010 dixit,
2168 2958 2361 3013 parum
2404 2950 2773 2998 consentanea
2805 2941 2960 2996 vobis
3001 2938 3135 3011 ipsis
3183 2940 3344 3011 agitis
3371 2948 3427 2996 et
3456 2956 3552 2996 ve-

1961 3046 2093 3094 strae
2121 3035 2387 3107 opinioni,
2420 3036 2549 3089 dum
2581 3034 2815 3089 tristitia!
2845 3047 2944 3088 vos
2975 3033 3210 3098 traditis,
3248 3052 3267 3086 (
3306 3050 3373 3089 eo
3400 3035 3549 3104 quod

271 3132 508 3204 ρεύομαι
529 3146 542 3161 ο
570 3128 763 3183 τοῦτον
783 3128 893 3199 γὰρ
910 3127 1004 3180 καὶ
1020 3127 1150 3197 ὑμῖν
1166 3125 1282 3194 εἴγε
1303 3124 1462 3196 μόνον
1478 3121 1849 3193 ύποδείξαιμι,

1962 3129 2218 3194 dixerim,
2261 3126 2402 3181 vado
2428 3126 2495 3180 ad
2533 3125 2745 3180 Patrem
2777 3126 2846 3190 ⁵³,
2882 3145 2902 3178 ι
2930 3125 2975 3181 si
3007 3141 3093 3180 me
3133 3126 3454 3197 diligeretis,
3495 3136 3551 3182 et

267 3226 398 3280 ἀντὶ
437 3225 655 3279 πάντων
682 3221 999 3292 ἐξαρκέσειν
1031 3217 1379 3273 διετείνεσθε.
1426 3214 1711 3287 Ἀλλὰγὰρ
1759 3213 1855 3268 καὶ

266 3313 634 3384 κατὰταύτην
659 3312 758 3383 τὴν
779 3312 1058 3376 διάνοιαν,
1080 3309 1301 3381 μείζονα
1334 3306 1587 3378 λελέχθαι
1616 3305 1708 3359 τόν
1741 3307 1856 3360 Πα-

266 3407 409 3479 τέρα
424 3405 574 3477 παρὰ
584 3404 678 3459 τοῦ
692 3405 847 3471 Υίοῦ,
865 3405 998 3469 εἴτις
1014 3402 1312 3474 ὲκδέχοιτο,
1332 3402 1432 3456 οὑκ
1446 3400 1514 3455 ἂν
1529 3398 1857 3470 ἁπενεχθείη

267 3501 372 3556 τοῦ
425 3501 751 3572 πρέποντος.
809 3497 976 3551 Οὐδὲν
1022 3496 1081 3551 δὲ
1135 3497 1267 3560 ἴσως
1317 3494 1518 3549 κωλύει
1565 3494 1660 3548 καὶ
1707 3494 1861 3563 ῥῆμα

268 3593 435 3648 τοῦτο
455 3592 749 3647 ὑπολαϐεῖν
771 3589 1257 3661 συγκαταϐἁσεως,
1287 3588 1375 3642 διὰ
1393 3588 1493 3660 τὴν
1514 3587 1625 3641 τῶν
1656 3586 1862 3657 ἀκροα-

272 3689 388 3743 τῶν
419 3685 707 3740 ἀσθένειαν
759 3681 1234 3754 ἐσχηματισμένον
1288 3679 1425 3750 πρὸς
1453 3678 1516 3731 τὸ
1545 3678 1860 3731 ταπεινότε-

274 3795 411 3852 ρον*
443 3778 558 3831 ἔστι
605 3778 715 3849 γὰρ
746 3774 919 3846 πολλὴ
958 3777 983 3816 ⁸
1016 3774 1112 3828 καὶ
1158 3772 1268 3828 τῶν
1316 3769 1573 3826 τοιούτων
1625 3768 1800 3838 λόγων
1828 3767 1863 3838 ἡ

271 3871 566 3942 οἰκονομία
618 3870 713 3923 ἐπὶ
768 3867 954 3939 κέρδει
983 3867 1078 3921 καὶ
1112 3864 1362 3937 σωτηρίᾳ
1388 3865 1500 3917 τῶν
1541 3862 1611 3917 τὰ
1653 3860 1863 3916 τελειό-

270 3980 416 4035 τερα
480 3962 649 4033 μήπω
723 3959 914 4030 φέρειν
984 3955 1333 4025 δυναμένων·
1391 3954 1582 4021 ὥσπερ
1634 3952 1730 4006 καὶ
1779 3951 1863 4017 τὸ,

280 4074 301 4109 ι
328 4056 627 4129 Ἐρωτήσω
648 4055 741 4107 τδν
774 4054 1018 4123 Πατέρα,
1042 4051 1138 4104 καὶ
1167 4048 1326 4104 ἄλλον
1346 4049 1700 4121 Παράκλητον
1722 4048 1867 4117 πέμ-

272 4150 373 4220 ψει
396 4163 410 4177 ·
438 4166 457 4199 ι
480 4148 624 4213 καὶ,«
652 4143 977 4216 Εὑχαριστῶ
996 4159 1098 4207 σοι,
1116 4142 1199 4195 ὅτι
1215 4141 1445 4195 πάντοτέ
1464 4157 1566 4212 μου
1583 4138 1821 4206 ἀκούεις,
1844 4155 1862 4187 ι

274 4243 378 4297 καὶ
410 4240 580 4313 μυρία
634 4238 793 4293 ἄλλα.
830 4235 1001 4290 Πόθεν
1051 4229 1144 4287 οὖν
1189 4232 1371 4304 δῆλον,
1394 4233 1477 4286 ὅτι
1523 4230 1699 4285 ταῦτα
1733 4230 1870 4300 πρὸς

275 4337 381 4406 τὴν
401 4331 737 4388 ἀσθενοῦσαν
758 4327 929 4401 ἀκοὴν
954 4325 1396 4398 ὲσχημάτισταις
1431 4323 1606 4387 Αὑτδς
1625 4325 1654 4376 ὁ
1675 4322 1870 4392 Σωτὴρ

275 4429 321 4503 η’
341 4429 496 4501 πηγὴ
520 4427 619 4498 τῆς
658 4425 876 4494 σοφίας,
910 4422 1006 4477 καὶ
1033 4420 1304 4484 συνέσεως
1332 4419 1568 4482 ἄὸυσσος
1602 4419 1652 4483 ιι,
1676 4417 1871 4471 ἑαυτὸν

277 4518 605 4595 ἑρμηνεύων
624 4516 866 4580 ἐδίδαξεν
892 4512 1065 4567 εἰπών
1085 4529 1100 4543 ·
1134 4531 1154 4565 ι
1193 4510 1335 4580 Ἐγὼ
1361 4510 1418 4563 δὲ
1446 4510 1597 4581 ᾔδειν
1629 4509 1712 4562 ὃτι
1732 4506 1871 4561 πάν-

1959 3220 2007 3276 si
2047 3234 2235 3275 revera
2262 3219 2525 3290 majorem
2556 3234 2643 3274 me
2670 3216 2884 3274 Patrem
2916 3218 3279 3285 arbitramini,
3313 3218 3551 3288 gaudere

1958 3312 2146 3385 potius
2176 3311 2469 3377 deberetis,
2497 3312 2624 3382 quia
2659 3310 2800 3365 vado
2853 3310 2922 3365 ad
2971 3310 3187 3367 Patrem
3233 3325 3416 3365 meum
3461 3326 3551 3366 me

1960 3411 2247 3481 majorem.
2287 3407 2447 3464 Hunc
2477 3409 2520 3465 si
2553 3423 2652 3478 ego
2685 3407 2842 3462 vobis
2876 3407 3166 3462 ostendere
3213 3413 3424 3460 tantum
3461 3420 3553 3459 ve-

1960 3504 2081 3569 lim,
2113 3502 2340 3560 omnino
2380 3500 2738 3557 suﬂ‘ecturum
2773 3499 2925 3555 vobis
2953 3497 3019 3552 ad
3060 3497 3243 3552 omuia
3274 3497 3549 3552 diceretis;

1963 3595 2121 3664 Quod
2155 3595 2203 3651 si
2224 3610 2354 3650 vero
2398 3594 2556 3661 juxta
2604 3607 2827 3649 sensum
2871 3592 3034 3646 istum
3084 3589 3356 3659 putaverit
3399 3591 3553 3660 quis-

1964 3705 2155 3762 quam,
2195 3707 2215 3742 ι
2259 3688 2477 3743 Patrem
2522 3687 2727 3741 dictum
2769 3684 3032 3754 majorem
3059 3681 3221 3744 Filio,
3266 3700 3285 3735 ι
3325 3698 3356 3737 a
3410 3682 3550 3737 bona

1966 3780 2346 3838 convenientia
2372 3793 2480 3833 non
2505 3778 2764 3832 deviabit.
2784 3774 2929 3830 Nihil
2964 3790 3127 3846 porro
3158 3775 3386 3845 impedit
3408 3776 3552 3829 hanc

1965 3887 2154 3928 vocem
2184 3886 2283 3942 per
2314 3869 2755 3926 condescentiam
2802 3867 3071 3935 adhiberi,
3121 3875 3176 3921 et
3217 3865 3284 3920 ad
3326 3865 3553 3920 humili-

1970 3976 2139 4022 tatem
2178 3964 2581 4021 conformatam
2621 3969 2843 4033 propter
2896 3960 3213 4015 auditorum
3264 3958 3554 4012 inﬁrmita-

1972 4067 2100 4113 tem.
2137 4056 2418 4127 Multiplex
2446 4056 2593 4112 enim
2633 4052 2923 4123 dispositio
2975 4050 3289 4107 istiusmodi
3348 4050 3555 4104 oratio-

1972 4166 2102 4204 num
2167 4148 2415 4204 adhiberi
2479 4147 2642 4212 solet,
2693 4145 2762 4199 ad
2817 4144 3167 4199 commodum
3217 4151 3271 4198 et
3319 4142 3552 4198 salutem

1972 4254 2162 4294 eorum
2212 4238 2641 4308 procurandam,
2697 4236 2793 4307 qui
2846 4235 3089 4290 nondum
3126 4233 3268 4290 ferre
3325 4244 3559 4305 possunt

1972 4330 2440 4385 consummatiora
2478 4346 2492 4384 :
2542 4328 2620 4382 uti
2674 4327 2807 4383 illud
2845 4345 2859 4383 :
2920 4345 2938 4377 ι
2981 4325 3208 4397 Rogabo
3230 4324 3472 4392 Patrem,
3503 4335 3560 4381 et

1975 4420 2141 4475 alium
2176 4419 2516 4475 Paracletum
2545 4418 2697 4473 dabit
2718 4417 3013 4485 vobis“;'i
3048 4428 3101 4473 et
3133 4435 3152 4469 ι
3192 4417 3410 4473 Gratias
3439 4417 3557 4483 tibi,
3610 4457 3617 4465 -

1975 4513 2156 4577 Pater,
2184 4526 2308 4580 ago,
2339 4512 2485 4582 quod
2516 4525 2736 4581 semper
2758 4526 2846 4566 me
2883 4519 2939 4566 et
2961 4510 3162 4579 ubique
3184 4510 3377 4567 audias
3404 4511 3451 4543 "
3479 4530 3495 4578 ;
3532 4531 3551 4564 ι

273 4616 407 4670 τοτέ
424 4631 527 4686 μου
554 4612 796 4677 ἀκούεις,
814 4608 952 4664 ἀλλὰ
980 4608 1073 4661 διὰ
1099 4606 1193 4661 τὸν
1219 4606 1376 4675 ὄχλον
1403 4605 1495 4657 τὸν
1526 4601 1874 4674 περιεστῶτα

1975 4611 2031 4658 et
2064 4602 2268 4658 similia
2312 4603 2490 4673 plura.
2543 4602 2647 4659 Sed
2685 4602 2829 4657 unde
2859 4602 3152 4668 constabit,
3183 4605 3327 4674 quod
3357 4604 3423 4659 ad
3458 4620 3561 4660 au-

277 4704 464 4772 εἷπον,
500 4706 589 4760 ἵνα
640 4703 1011 4759 πιστεύσωσιν
1062 4701 1148 4754 ὃτι
1200 4698 1265 4752 σύ
1325 4713 1395 4769 με
1458 4694 1810 4757 ἀπέστειλας.
1848 4712 1867 4747 ι

1976 4695 2218 4751 ditorum
2277 4696 2708 4752 imbecillitatem
2758 4695 2862 4750 ista
2914 4695 3334 4751 conﬁrmantur.
3398 4696 3563 4755 Certe

292 4800 463 4855 Ἀλλὰ
508 4799 617 4870 γὰρ
660 4796 782 4852 κατ’
808 4793 1115 4863 ,ἐπιστολὴν
1146 4788 1541 4862 ἀποχρώντως,
1576 4782 1756 4858 οἶμαι,
1786 4787 1872 4842 σοὶ

1976 4787 2199 4859 quidem
2258 4786 2537 4854 Servator,
2581 4786 2707 4843 fons
2730 4786 2853 4860 jugi
2906 4786 3209 4857 sapientiae,
3244 4796 3299 4843 et
3359 4789 3565 4846 intelli-

282 4893 406 4966 εχει
438 4890 535 4944 τοῦ
564 4887 897 4961 ζητηθέντος
920 4886 1020 4957 τὴν
1048 4886 1308 4956 μάθησιν.

1979 4880 2178 4952 gentiae
2212 4880 2469 4953 abyssus,
2523 4880 2706 4952 ipsum
2764 4895 2826 4935 se
2854 4880 3175 4950 explanatis,
3223 4881 3276 4936 id
3333 4897 3432 4953 per
3458 4883 3565 4940 ista

281 4985 446 5041 docet
481 5000 496 5038 :
531 5002 549 5035 ι
586 4983 700 5053 Ego
726 4989 911 5036 autem
983 4978 1122 5044 scio,
1159 4975 1309 5047 quod
1366 4988 1452 5030 me
1496 4987 1717 5044 semper
1764 4971 1944 5040 audis,
1986 4976 2083 5031 sed
2108 4984 2337 5047 propter
2385 4974 2600 5029 turbam
2650 4973 3101 5028 eircumstautem
3151 4971 3263 5027 dixi
3295 4989 3312 5028 :
3339 4973 3411 5030 Ut
3444 4990 3570 5030 cre-

287 5078 421 5132 dant
448 5075 580 5148 quia
609 5073 809 5131 misisti
875 5090 981 5129 tne.
1010 5075 1232 5141 iAtque
1290 5070 1368 5125 ita
1429 5065 1769 5123 sufﬁcienter
1822 5066 2110 5132 babes,‘ut
2139 5082 2239 5140 per
2272 5065 2581 5143 epistolam,
2616 5062 2939 5137 quaestionis
2992 5078 3023 5117 a
3069 5070 3121 5119 te
3173 5064 3365 5134 posita:
3415 5067 3567 5125 salu-

290 5177 521 5234 tionem.

362 5359 409 5394 ⁸⁸
449 5358 685 5432 Philipp.
736 5373 798 5428 ιι,
841 5354 898 5410 7.
974 5356 1020 5391 ⁸³
1054 5354 1213 5413 Joan’.
1244 5367 1354 5422 xw,
1384 5350 1439 5422 8,
1514 5347 1561 5383 ”
1586 5345 1746 5409 Joan.
1780 5366 1870 5407 xvr

1956 5352 1983 5404 ῑ.
2060 5350 2108 5384 ⁵⁵
2144 5349 2306 5406 Joan.
2346 5366 2462 5421 xw,
2497 5347 2581 5405 l6.
2658 5347 2705 5380 "
2737 5346 2899 5407 Joan.
2932 5365 3012 5419 χι,
3045 5350 3137 5407 42.

1586 5509 1829 5591 VAKL‘E
1856 5509 2261 5569 LECTIONES.

408 5676 517 5734 bC.
565 5675 639 5735 Μ.
667 5674 1060 5734 τεταπείνωκε.
1172 5680 1194 5708 ⁸
1229 5667 1292 5727 C.
1320 5666 1392 5723 Μ.
1433 5667 1560 5724 add.
1590 5626 1937 5739 δεσπότης.
2051 5668 2164 5725 d(3.
2198 5667 2270 5724 Μ.
2302 5676 2451 5724 recte
2479 5664 2766 5739 καθυφείς.
2881 5665 3046 5739 (xui.

301 5762 416 5819 των
437 5751 464 5804 ὁ
487 5749 699 5820 Σωτὴρ.
810 5751 836 5834 β
863 5746 926 5805 C.
956 5744 1030 5802 Μ.
1069 5742 1169 5802 152
1197 5742 1250 5801 h.
1287 5739 1537 5812 ἔστιγὰρ
1566 5738 1681 5797 ἔστι
1708 5736 1901 5813 πολλή.
2013 5742 2043 5786 h
2073 5740 2249 5809 Q..M.
2279 5740 2375 5796 καὶ
2399 5740 2433 5810 ἡ
2474 5738 2573 5810 τῆς
2604 5737 2862 5808 γνώσεως
2892 5736 3151 5800 ἄϐυσσος.

3164 5665 3185 5705 ί
3219 5665 3280 5726 C.
3313 5663 3384 5723 Μ.
3408 5681 3463 5720 τι
3486 5662 3571 5722 λέ·
