3880 6206
312 236 420 309 607

374 353 679 425 QUESTIO
724 351 911 411 XCVI.
959 352 1149 428 [CoisL
1187 349 1407 409 ccum
1461 346 1835 421 Tanr.CCL.]

384 524 687 576 mansiones
715 515 897 575 mune
917 529 1039 574 sunt
1078 537 1096 571 ι
1130 534 1247 572 cum
1284 519 1568 586 sequenti:
1605 534 1623 569 ι
1660 516 1721 570 Si
1751 515 1901 567 abie-

384 609 465 659 ro,
496 594 699 663 parabo
734 592 877 647 vobis
911 591 1085 645 locum
1112 590 1136 643 .9
1166 608 1185 642 ι

1476 232 1743 297 ΡΗΟΤῙΙ
1773 224 2281 295 ΡΑΤΒΙΑΒΟΗΆΒ
2316 223 2427 285 CP.

1929 348 1983 409 Λ

313 450 593 519 Quomodo
617 466 721 504 non
748 458 950 520 pugnat
985 448 1120 502 illud
1144 463 1163 501 :
1199 466 1217 498 ι
1251 446 1319 501 1η
1357 445 1522 521 domo!
1565 443 1746 521 Putris
1794 442 1899 521 inci
2007 435 2144 521 Πῶς

3490 205 3596 270 608

2573 330 2912 389 ΕΡοτιιΣιΣ
2942 330 3075 397 aqu
3146 345 3154 350 ι

2199 435 2273 489 οὐ
2318 432 2571 503 μάχεται
2603 422 2750 503 τὸς(
2800 426 2903 479 Ἑν
2924 422 2999 503 τῇ
3045 418 3344 503 ρίκίθςξιτοῦ
3372 417 3599 503 πατρίς

2072 490 2192 577 ﬁcu
2212 490 2391 577 μοίαὶ
2407 490 2797 577 ἴτοᾳλαίλέὶσι·
2829 516 2846 549 ι
2877 495 2976 549 καὶ
2992 490 3086 559 τὸ,
3104 510 3123 544 ι
3146 490 3291 545 Ἐὰν
3305 490 3598 559 πορευθῶ,

2079 570 2379 649 "emendato
2410 573 2554 643 ὑμῖν
2590 570 2799 635 τόποις
2835 586 2855 619 ι

536 728 681 779 Edita
703 744 730 778 a
755 726 1076 787 Montacutio,
1102 738 1185 789 ep.
1215 725 1321 787 177,
1350 726 1413 775 ad
1443 726 1638 783 Sabam,
1664 738 1711 787 p.
1741 720 1852 771 261.
1881 719 1959 772 An
1982 731 2082 768 non
2106 713 2199 766 sibi
2226 716 2531 779 repugnent,
2556 712 2728 761 Joanu.
2756 720 2857 766 xiv,
2883 706 2914 754 2
2935 710 2989 754 et
3009 703 3186 754 Joann.
3211 711 3313 757 xw,
3338 696 3388 745 δ’

386 832 578 901 Quoad
614 848 861 896 sensum,
891 847 998 886 non
1022 839 1290 903 repugnat
1331 830 1462 884 illud
1495 830 1716 885 effatum
1742 846 1756 884 :
1784 847 1802 879 ι
1841 828 1900 883 In

2086 822 2160 878 Οὑ
2199 820 2432 892 μάχεται
2485 819 2625 871 κατά
2674 815 2915 869 διάνοιαν
2936 809 3018 874 τὸ,
3053 827 3070 861 ι
3122 806 3212 860 Ἐν
3240 806 3309 874 τῇ
3333 802 3481 892 οἰκίᾳ
3507 800 3605 855 τοῦ

315 923 481 977 domo
518 922 698 977 Patris
732 922 836 976 mei
891 920 1073 975 multa:
1108 930 1163 975 et
1211 919 1539 987 multiplices
1587 928 1717 974 sunt
1743 934 1902 971 uian-

2028 916 2224 987 Ιατρός
2268 891 2369 984 μου
2402 912 2562 983 μοναὶ⁵
2593 907 2786 962 πολλαί
2837 906 3011 958 εἰσιν·
3048 901 3179 955 εἰδὲ
3216 899 3316 970 μὴ,
3349 891 3504 949 εἷπον
3536 895 3608 949 ἂν

317 1016 504 1073 siones
541 1032 555 1068 :
592 1014 687 1068 Sin
739 1016 942 1076 minus,
982 1012 1281 1067 edixissem
1314 1013 1496 1081 utique
1536 1011 1712 1071 vobis,
1761 1009 1902 1065 vado

318 1119 500 1164 autem
540 1118 598 1162 ut
633 1108 811 1162 locum
845 1108 1000 1161 vobis
1032 1121 1289 1175 apparem
1315 1106 1383 1170 “,
1422 1124 1439 1156 ι
1467 1121 1593 1159 cum
1630 1103 1724 1159 illo
1753 1102 1899 1173 quod

2011 1009 2174 1079 ὑμῖν·
2212 1004 2527 1076 Πορεύομαι
2583 998 2872 1072 ἑτοιμάσαι
2936 996 3102 1050 τόπον
3162 993 3327 1061 ὑμῖν
3370 1010 3388 1042 ι
3424 989 3522 1042 καὶ
3544 988 3609 1040 τὺ

2009 1098 2209 1169 ἐφεξῆς
2256 1096 2576 1166 εἰρημένον·
2618 1110 2637 1143 ί
2688 1090 2818 1143 Ἐὰν
2852 1085 3127 1159 πορευθῶ,
3162 1086 3447 1152 ἑτοιμάσω
3477 1081 3609 1148 ὑμῖν

319 1201 528 1256 dictum
587 1198 860 1269 sequitur,
895 1215 912 1248 ι
956 1196 1013 1250 Si
1055 1174 1394 1265 proficiscar,
1424 1193 1709 1276 apparabo
1747 1192 1904 1248 vobis

2028 1190 2195 1245 τόπον.
2237 1207 2256 1239 ι
2288 1189 2368 1258 Τῇ
2432 1186 2530 1258 μὲν
2582 1184 2693 1255 γὰρ
2728 1181 2961 1255 προνοίᾳ
2990 1179 3083 1232 καὶ
3111 1175 3450 1248 προγνώσει,
3496 1174 3529 1244 ἢ
3558 1174 3611 1225 εί

318 1290 499 1346 locum
530 1290 599 1344 ".
634 1309 653 1341 ι
690 1289 971 1357 Siquidem
1010 1280 1108 1357 per
1158 1286 1557 1358 providentiam
1592 1295 1647 1340 et
1696 1299 1906 1355 prteco-

319 1384 642 1455 guitionem,
679 1390 773 1436 aut
803 1382 848 1437 si
890 1384 1064 1451 magis
1098 1382 1291 1450 placet,
1335 1397 1428 1450 per
1461 1388 1515 1433 et
1544 1378 1723 1448 quoad
1773 1376 1908 1431 sub-

321 1475 808 1532 stantificationem
840 1485 895 1529 et
941 1476 1319 1530 exsistentiam
1365 1472 1622 1528 omnibus
1659 1470 1908 1534 omnino,

320 1566 414 1636 qui
447 1566 672 1636 dignum
716 1566 925 1622 caelesti
957 1566 1129 1636 gloria
1172 1567 1296 1620 vita:
1326 1582 1439 1621 sua:
1477 1580 1697 1621 cursum
1753 1563 1911 1617 insti-

2013 1283 2214 1355 βούλει,
2242 1285 2310 1354 τῇ
2346 1279 2604 1337 οὑσιώσει
2637 1279 2729 1332 καὶ
2760 1280 2826 1349 τῇ
2860 1275 3119 1346 ὑπάρξει,
3157 1275 3381 1335 παντως
3404 1270 3612 1323 ἇπασιν
3710 1273 3724 1283 ⁸

2021 1378 2141 1430 ὅσοι
2192 1375 2292 1446 τῆς
2340 1374 2595 1445 οὐρανίου
2645 1371 2806 1443 δόξης
2835 1368 3000 1435 ἀξίως
3051 1366 3497 1428 ἐπολιτεύσαντο,
3529 1362 3616 1434 τῷ

2014 1469 2135 1540 Θεῷ
2184 1468 2297 1523 τῶν
2345 1468 2482 1521 ὅλων
2511 1469 2559 1520 οἱ
2592 1466 2751 1519 τόποι
2792 1461 3339 1535 προητοιμάσθτ,σαν.
3391 1459 3614 1527 Ἐγκαι-

2012 1563 2175 1629 νίζων
2207 1562 2264 1616 δὲ
2295 1562 2516 1624 αὑτοὺς,
2561 1560 2653 1613 καὶ
2685 1557 2855 1629 μονὰς
2880 1558 3097 1621 δεικνὺς
3138 1555 3214 1618 ὡς
3252 1552 3497 1623 ἀληθῶς,
3534 1551 3617 1605 ef-

323 1668 565 1724 tuerum,
603 1675 633 1712 a
673 1658 782 1713 Deo
832 1659 939 1713 loci
973 1666 1103 1713 sunt
1134 1658 1445 1728 praeparati.
1479 1656 1779 1712 Consecrat
1807 1672 1909 1710 au-

2028 1675 2118 1727 rtsp
2164 1655 2373 1728 κυρίως
2434 1653 2624 1725 μονὰς,
2673 1647 2765 1716 αἷς
2793 1654 2842 1704 oi
2883 1651 3136 1721 μένοντες
3194 1629 3611 1710 ἐναυλίζονταιο

322 1760 431 1803 tem
460 1759 514 1804 et
546 1749 863 1803 mansiones
893 1764 1080 1802 revera
1113 1749 1328 1812 statuit,
1367 1748 1412 1803 si
1445 1747 1608 1801 modo
1665 1747 1910 1802 mansio-

2010 1749 2187 1812 οὐδεὶς
2233 1748 2496 1817 οὐδαμοῦ,
2533 1747 2695 1817 μέχρι
2746 1743 2842 1797 τοὺ
2901 1742 3173 1814 σωτηρίου
3216 1740 3480 1811 σταυροῦ,
3515 1739 3615 1793 καὶ

322 1856 421 1896 nes
448 1843 666 1911 pr’oprie
697 1848 849 1906 sunt,
886 1841 936 1895 in
958 1843 1158 1910 quibus
1186 1822 1534 1904 recumbunt,
1563 1838 1657 1909 qui
1691 1847 1912 1893 manent

2028 1839 2111 1908 τῆς
2147 1839 2227 1901 είς
2268 1837 2398 1910 ᾅδου
2428 1837 2681 1901 καθόδου,
2719 1836 2814 1889 καὶ
2858 1834 2962 1904 τῆς
3002 1837 3082 1896 εἰς
3107 1832 3374 1902 οὐρανοὺς
3420 1831 3614 1887 ἀνόδου

324 1930 451 1985 ibi:
502 1931 686 1985 nullus
740 1930 887 1984 enim
937 1930 1165 1984 omnino
1198 1945 1372 2000 usque
1406 1929 1473 1983 ad
1522 1926 1807 1984 Christum
1857 1929 1911 1982 in

2028 1930 2111 1984 τοῦ
2131 1914 2429 1995 Δεσπότου,
2448 1928 2782 1999 ἐπιδέδειχεν
2808 1923 2861 1965 ίυ
2886 1925 3061 1990 αὑτὸς
3077 1924 3132 1978 δέ
3154 1924 3297 1978 κατά
3318 1920 3415 1978 τοῦ
3444 1938 3617 1991 προσ-

325 2035 493 2075 cruce
528 2036 779 2092 passum,
813 2031 866 2076 et
914 2022 1239 2076 descensum
1278 2021 1333 2075 iu
1376 2019 1692 2085 infernum,
1741 2034 1807 2074 ac
1857 2020 1911 2073 in

2028 2021 2299 2093 ιήμματος
2354 2024 2435 2084 είς
2488 2021 2761 2093 οὐρανοὺς
2818 2018 3049 2084 ἀναϐὰς,
3098 2017 3195 2071 καὶ
3243 2036 3261 2069 ι
3294 2014 3617 2087 πρόσφατον

325 2115 498 2171 oculos
524 2113 759 2169 reditum
799 2114 996 2169 ibidem
1033 2126 1319 2185 susceptus
1347 2112 1729 2184 requiescebat
1765 2128 1778 2165 :
1816 2112 1911 2167 sed

2028 2117 2149 2187 ἡμῖν
2175 2115 2312 2183 ὁδὸν,
2338 2115 2432 2169 κα)⁸
2461 2114 2664 2180 ζῶσαν,
2697 2132 2716 2166 ι
2755 2112 2897 2168 κατὰ
2917 2112 3008 2166 τὸν
3062 2110 3337 2182 μακάριον
3373 2108 3616 2171 Παῦλον,

329 2215 616 2279 postquam
647 2208 699 2260 in
728 2221 895 2261 carne
938 2206 1343 2271 assumebatur,
1375 2206 1681 2262 ascendens
1711 2204 1764 2259 in
1796 2220 1912 2261 em-

2028 2208 2498 2279 ὲγκαινισάμενος,
2536 2205 2892 2279 ἐτοιμοτέρας
2926 2205 3006 2275 τῷ
3045 2202 3297 2270 δντι,καὶ
3323 2199 3619 2272 μονονουχὶ

327 2300 435 2363 los,
472 2313 584 2370 quo
619 2317 637 2352 ι
701 2299 843 2353 viam
893 2298 1052 2353 nobis
1084 2313 1303 2365 novam,
1364 2306 1417 2352 et
1465 2298 1668 2363 vivam,
1706 2316 1727 2349 ›
1756 2297 1912 2368 juxta

2028 2300 2363 2372 βλεπομένας
2394 2303 2508 2364 τοῖς
2540 2298 2715 2365 ἀξίοις
2768 2300 2869 2362 τὰς
2917 2299 3099 2353 ἐκεῖσε
3143 2294 3313 2368 μονὰς
3336 2293 3618 2376 ἀπειργά-

326 2393 473 2462 quod
508 2392 670 2446 habet
698 2390 888 2447 beatus
920 2389 1146 2455 Paulus,
1197 2401 1573 2454 consecrarat,
1607 2388 1912 2460 apparatio-

2028 2409 2173 2448 σατο.
2208 2392 2372 2445 Ὥστε
2415 2394 2511 2447 καὶ
2536 2392 2690 2464 παρὰ
2711 2391 2787 2463 τῷ
2810 2391 2988 2464 Πατρὶ
3012 2390 3071 2443 αί
3102 2389 3288 2461 μοναὶ,
3308 2388 3405 2442 καὶ⁵
3426 2388 3456 2441 6
3482 2384 3617 2449 Υἱὸς

328 2500 417 2540 res
438 2485 718 2554 deinceps,
753 2492 808 2539 et
863 2495 1078 2539 tantum
1127 2499 1239 2538 non
1275 2484 1378 2539 sub
1416 2484 1591 2539 oculis
1636 2484 1912 2553 expositas

2028 2484 2224 2547 ταύτας
2252 2484 2543 2553 πορευθεὶς
2577 2485 2939 2557 ἡτοιμάσατο.

330 2581 545 2634 illorum
590 2578 683 2648 qui
723 2575 875 2647 digni
930 2584 1111 2641 erant,
1167 2591 1353 2630 revera
1400 2574 1629 2648 perfecit
1700 2575 2041 2630 mansiones.
2095 2574 2285 2648 Itaque
2345 2576 2509 2647 apud'
2554 2576 2773 2633 Patrem
2828 2574 3149 2656 mansiones
3215 2572 3319 2628 illa:
3361 2580 3625 2640 erant,c;

328 2673 501 2728 Filius
529 2687 623 2726 eas
659 2670 929 2741 perfectas
957 2686 1025 2723 eo
1064 2668 1345 2738 profectus
1383 2668 1684 2738 apparavit.

400 2784 736 2855 QUAESTIO
762 2783 950 2840 XCVII
984 2784 1154 2856 [Coisl
1181 2784 1384 2847 CCLX,
1433 2784 1597 2839 Tanr.
1637 2782 1840 2856 σαι]

2564 2744 2921 2835 spartum.
2956 2781 3071 2847 μιν.

395 2888 504 2945 Cur
524 2876 891 2949 apostolorum
916 2877 1157 2946 princeps
1179 2876 1367 2929 incidit
1410 2876 1464 2929 in
1487 2876 1855 2945 negationem!

2028 2874 2124 2928 Διά
2158 2875 2217 2928 τί
2239 2877 2274 2929 ό
2312 2874 2641 2944 κορυφαῖος
2661 2874 2815 2999 duino,
2859 2875 3224 2928 ἀποστόλων
3276 2871 3624 2937 περιπίπτει

2702 2962 2920 2999 ονησει
2952 2960 2970 2999 :
3520 2965 3527 2970 ·

2694 2960 2816 3014 pri)
2824 2962 2920 2999 σει
2950 2960 2970 3008 ,°
3520 2965 3527 2970 ·

392 3083 537 3138 Edita
574 3098 604 3134 a
642 3084 967 3144 Montacutlo,
1000 3094 1085 3146 ep.
1132 3081 1245 3141 178,
1286 3080 1353 3131 ad
1395 3078 1632 3145 Ampltil.,
1684 3078 2009 3190 ρίυἷϐδέξῇι
2036 3083 2154 3194 52%
2162 3082 2343 3193 1Petro
2395 3080 2663 3133 Dominum
2708 3087 2948 3146 negante.
2988 3061 3175 3133 Matth,
3210 3081 3555 3144 xxVI,69-75;
3630 3122 3639 3131 .

401 3256 559 3325 Quod
613 3256 842 3312 volebas
902 3255 1244 3311 sciscitando
1297 3255 1534 3319 discere,
1594 3266 1751 3325 potes
1785 3254 1923 3311 illud

330 3350 387 3408 in
425 3361 694 3420 quantum
728 3349 932 3420 patitur
982 3348 1274 3418 disciplina
1307 3348 1642 3417 epistolaris.
1687 3349 1923 3405 auribus

330 3447 584 3515 accipere
642 3462 655 3498 :
729 3440 1186 3512 Quandoquidem
1268 3439 1467 3496 Petrus
1552 3440 1923 3498 univerSalem

332 3518 501 3594 totius
562 3537 753 3592 mundi
804 3551 996 3591 curam
1047 3544 1169 3589 erat.
1222 3544 1585 3605 suscepturus
1632 3534 1922 3590 commissi

330 3631 509 3701 ipsius
545 3627 817 3695 fidelitati,
868 3627 1077 3683 idcirco
1130 3628 1557 3697 permittebatur
1609 3627 1764 3698 lapsu
1812 3626 1913 3682 ciro

330 3721 586 3790 cumagi;
638 3735 750 3789 quo
795 3734 900 3774 suo
933 3718 1415 3773 commonefactus
1465 3716 1643 3788 ipsius
1671 3717 1923 3787 exeuqilo

334 3814 639 3868 humanum
673 3826 732 3866 se
759 3819 815 3865 et
848 3810 1067 3866 facilem
1099 3827 1228 3882 erga
1264 3810 1446 3881 lapsos
1475 3810 1569 3864 sed
1596 3802 1923 3879 poenitentes

332 3905 523 3961 ferret.
581 3903 639 3959 Si
695 3906 846 3959 enim
892 3905 1066 3975 .talem
1120 3904 1173 3957 in
1207 3903 1364 3975 lapsu
1395 3904 1492 3957 illo
1518 3905 1669 3973 gravi
1702 3904 1921 3958 veniam

335 4007 673 4054 consecutus
720 4008 807 4053 est
850 4006 904 4051 et
962 3997 1385 4066 indulgentiam,
1443 4011 1552 4051 non
1589 3996 1778 4051 debuit
1812 4005 1921 4050 tam

337 4090 694 4157 inexorabili,
725 4099 782 4144 et
814 4105 1165 4161 praepropera
1196 4090 1471 4146 sententia
1497 4089 1664 4143 vitam
1694 4088 1923 4144 Ananiae

333 4178 496 4250 quasi
547 4176 687 4234 falce
733 4178 1055 4234 demetere:
1098 4180 1161 4233 Et
1199 4179 1323 4249 quis
1358 4190 1505 4234 totus
1535 4180 1775 4234 mundus
1801 4178 1923 4248 ejus

336 4272 513 4327 Zt'llﬂn
566 4273 896 4339 contineret,
954 4274 1000 4329 si
1056 4288 1301 4327 amorem
1356 4289 1486 4343 erga
1546 4272 1837 4327 Dominum
1869 4283 1924 4328 et

272 4432 280 4439 ι
333 4366 591 4421 affectum
641 4367 960 4434 illibatum,
1036 4384 1137 4423 nec
1189 4368 1508 4424 intercisum
1568 4366 1923 4423 retinuisset?

333 4459 729 4526 Quamobrem,
763 4459 1081 4515 communis
1107 4461 1381 4526 omnium,
1408 4460 1503 4529 qui
1534 4467 1619 4515 est
1641 4468 1697 4515 et
1726 4458 1913 4513 Domi.

2102 3255 2282 3327 Ὅπερ
2319 3253 2512 3326 μαθεῖν
2549 3253 2939 3326 ἐπηρώτησας,
2988 3253 3167 3319 ἔξεστί
3212 3272 3316 3319 σοι,
3362 3255 3508 3309 κατά
3552 3273 3626 3325 γε

2026 3345 2379 3400 διδασκαλίαν
2441 3346 2760 3416 ἐπιστολῆς,
2814 3345 3190 3411 ἐνωτίζεσθαι.
3277 3347 3625 3421 Ἐπειδηπερ

2028 3438 2255 3510 ἔμελλεν
2285 3439 2315 3492 6
2348 3438 2557 3510 Πέτρος
2600 3438 2696 3509 τῆς
2747 3440 3079 3511 οἰκουμένης
3125 3440 3227 3509 τὴν
3273 3441 3628 3512 προστασίαν

2026 3531 2561 3594 καταπιστεύεσθαι,
2616 3535 2986 3602 συγχωρεῖται
3053 3532 3476 3605 περιενεχθῆναι
3537 3533 3627 3604 τῷ

2027 3624 2287 3695 πτώματι
2312 3639 2327 3654 '
2363 3624 2452 3678 ἴνα
2496 3623 2574 3695 τῷ
2625 3625 2751 3678 καθ’
2777 3625 2970 3679 ἑαυτὸν
3024 3625 3389 3696 ὑποδείγματι
3429 3627 3628 3697 φιλάν-

2026 3718 2245 3790 θρωπος
2271 3719 2355 3787 εἴη
2382 3717 2478 3773 καὶ
2511 3718 2764 3789 ἐπιεικὴς
2809 3721 2923 3783 τοῖς
2985 3719 3339 3789 μετανοοῦσιν
3399 3719 3487 3789 ἐφ’
3534 3714 3626 3784 οἷς

2023 3814 2296 3885 ἥμαρτον.
2331 3814 2396 3867 Εἰ
2435 3813 2546 3885 γὰρ
2578 3814 2673 3868 καί⁵
2700 3814 2972 3885 τοσαύτης
3012 3815 3331 3880 ἀπολαύσας
3364 3814 3623 3885 συγγνώ-

2026 3923 2136 3977 μης
2190 3907 2284 3960 ἐπὶ
2354 3905 2662 3977 τηλικούτῳ
2717 3906 3045 3977 πταίσματι,
3094 3908 3247 3978 ὅμως
3301 3908 3431 3972 τοὺς
3486 3910 3625 3978 περὶ

2038 3996 2295 4052 Ἀνανίαν
2313 3996 2661 4068 ἀδυσωπήτῳ
2681 3997 2774 4051 καὶ
2797 3996 2947 4069 ὀξείᾳ
2966 3998 3091 4069 δίκῃ
3112 3998 3206 4053 τοῦ
3226 3999 3343 4070 βίου
3374 4000 3620 4071 ἐθέρισε·

2022 4089 2109 4153 τίς
2135 4089 2201 4143 ἂν
2248 4087 2416 4143 αὑτοῦ
2440 4088 2644 4158 κόσμος
2674 4088 2767 4142 τὸν
2800 4088 2961 4156 ζῆλον
2982 4089 3285 4160 ἐχώρησεν,
3314 4091 3363 4143 εἰ
3394 4089 3490 4143 τοῦ
3521 4092 3626 4142 Δε-

2026 4181 2287 4235 σποτικοῦ
2318 4181 2487 4234 πόθου
2516 4181 2578 4233 τὸ
2608 4179 2835 4250 φίλτρον
2877 4179 3158 4250 ἁλὼϐητον
3191 4183 3330 4245 ὅλως
3354 4181 3445 4235 διὰ
3497 4182 3621 4253 βίου

2024 4274 2265 4346 καθαρὸν
2315 4274 2650 4340 διεσώσατο;
2702 4273 2916 4327 Οὐκοῦν
2969 4276 2998 4327 6
3045 4275 3224 4338 κοινὸς
3268 4277 3465 4348 Σωτὴρ
3524 4279 3621 4329 καὶ

2023 4366 2177 4431 Θεὸς,
2215 4366 2411 4435 ἀφίησι
2449 4365 2540 4418 τὸν
2588 4365 2686 4418 ἕνα
2716 4368 2929 4427 πεσεῖν,
2960 4366 3045 4419 ἵνα
3093 4367 3308 4432 πολλοῖς
3350 4368 3421 4422 δι’
3450 4369 3617 4424 αὑτοῦ

2021 4458 2124 4524 τὰς
2146 4459 2245 4528 τῆς
2278 4458 2624 4527 συμπαθείας
2670 4458 2877 4527 πηγὰς,
2906 4460 3003 4513 καὶ
3049 4460 3145 4513 τοῦ
3193 4460 3347 4514 ἐλέου
3376 4464 3618 4517 ἀναόλύ-

333 4566 438 4605 uus
465 4560 519 4605 et
555 4550 817 4605 Servatur
848 4550 1114 4619 permittit
1148 4550 1304 4604 illum
1358 4551 1539 4605 solum
1580 4549 1800 4615 cadere,
1858 4559 1912 4606 ut

2028 4551 2156 4617 ζων,
2188 4549 2536 4620 ἀπαρύεσθαι
2567 4549 2670 4619 τῆς
2701 4551 3117 4623 φιλανθρωπίας
3140 4553 3200 4606 τὸ
3232 4554 3469 4624 πέλαγος
3493 4557 3615 4608 ἐπι-

331 4644 413 4698 sic
454 4659 549 4713 per
584 4644 735 4697 illum
764 4642 1013 4714 pluribus
1044 4643 1447 4713 compassionis
1478 4643 1655 4699 fontes
1676 4653 1730 4699 et
1756 4643 1920 4699 mise-

331 4735 585 4790 ricordia:
641 4738 898 4792 emittens
947 4736 1195 4803 doceret,
1256 4742 1521 4806 tanquam
1549 4736 1618 4791 de
1642 4737 1917 4792 immenso

329 4842 538 4882 oceano
569 4827 955 4881 inexhaustam
991 4825 1281 4881 haurirent
1312 4827 1611 4881 bonitatem
1647 4842 1662 4879 :
1698 4825 1913 4894 deinde,

331 4927 391 4974 ut
425 4918 731 4987 discipulus
760 4919 850 4973 ille
871 4960 887 4983 ,
910 4917 1002 4987 qni
1033 4919 1181 4973 vires
1210 4919 1482 4973 humanas
1510 4917 1771 4988 operibus
1799 4918 1917 4979 suis

332 5013 763 5074 transcenderet,
805 5010 861 5065 iu
894 5011 1134 5065 divinam
1174 5009 1242 5065 de
1273 5010 1531 5080 supernis
1571 5009 1754 5080 potius
1787 5026 1915 5081 gra-

332 5103 461 5158 tiam
525 5104 864 5175 respiceret,
915 5119 1082 5174 quam
1136 5104 1481 5175 utigratiam
1513 5104 1771 5158 collatam
1814 5104 1919 5159 sibi

331 5197 453 5252 ideo
482 5207 780 5267 reputaret,
814 5198 962 5269 quod
990 5198 1099 5252 vita
1128 5208 1276 5253 esset
1308 5198 1683 5268 inculpabilis.
1718 5198 1917 5253 Patra-

330 5289 409 5346 tio
465 5291 613 5346 enim
666 5292 1065 5349 miraculorum
1104 5291 1173 5346 ad
1218 5303 1491 5348 tumorem
1523 5293 1681 5351 ocius
1710 5301 1764 5348 et
1796 5292 1915 5348 cla-

394 5466 446 5504 ⁶⁶
471 5466 632 5526 Joan.
658 5484 771 5537 ιιν,
796 5467 851 5526 2.
925 5469 971 5501 ⁸⁷
1006 5466 1137 5524 ibid.
1166 5468 1221 5524 '5.

2023 4644 2173 4715 δείξῃ
2230 4641 2621 4713 ἀνεξάντλητον
2643 4660 2657 4674 ο
2696 4643 2778 4698 ἔτι
2815 4644 2909 4710 δὲ,
2942 4646 3036 4698 καὶ
3082 4645 3167 4698 ἵνα
3201 4647 3230 4698 ὁ
3254 4644 3507 4717 μαθητὴς
3544 4648 3611 4702 τὰ

2025 4736 2168 4807 ὑπὲρ
2193 4735 2482 4805 ἄνθρωπον
2511 4734 2933 4808 τελεσιουργῶν,
2987 4737 3068 4800 είς
3107 4735 3208 4807 τὴν
3258 4735 3468 4792 ἄνωθεν
3499 4739 3610 4810 ἔχοι

2024 4831 2183 4901 χάριν
2217 4830 2512 4899 ἀναφέρειν
2549 4828 2775 4899 μᾶλλον,
2808 4829 2840 4898 ἢ
2870 4829 2949 4901 τῷ
2971 4829 3253 4901 ἀνευθύνῳ
3280 4831 3376 4885 τοῦ
3407 4835 3609 4888 οἰκείου

2024 4921 2142 4992 βίου
2174 4922 2506 4990 ἐπιγράφειν
2534 4918 2645 4972 τῶν
2685 4920 3131 4993 κατορθωμάτων
3156 4921 3217 4975 τὸ
3252 4916 3451 4979 αἴτιον.
3484 4925 3609 4991 ’0ξὺ

2022 5013 2131 5085 γὰρ
2185 5010 2601 5082 θαυματουργία
2639 5012 2721 5076 εἰς
2770 5013 2935 5081 ὄγκον
2985 5013 3080 5067 καὶ
3130 5014 3385 5085 φύσημα,
3416 5015 3608 5086 τῷτοῦ

2026 5106 2331 5169 συνειδότος
2361 5104 2602 5176 ταπεινῷ
2631 5105 2706 5176 μὴ
2728 5105 3106 5177 καθελκομένη
3127 5107 3264 5178 πρὸς
3285 5108 3344 5160 τὸ
3366 5110 3605 5179 μέτριον.

2025 5199 2117 5252 Διὸ
2149 5200 2242 5252 καὶ
2273 5200 2301 5252 ὁ
2331 5198 2523 5270 Σωτήρ
2557 5215 2712 5269 φησι,
2749 5218 2766 5251 ι
2806 5200 2899 5269 Μὴ
2937 5198 3157 5270 χαίρετε
3207 5201 3290 5253 ὅτι
3324 5200 3394 5254 τὰ
3417 5201 3609 5272 δαιμό-

2024 5310 2114 5346 νια
2171 5290 2543 5347 ὑποτάσσεται
2604 5292 2757 5364 ὑμῖν,
2811 5291 2928 5347 ἀλλ’
2951 5293 3035 5346 ὅτι
3068 5292 3136 5347 τὰ
3173 5292 3413 5371 ὀνόματα
3452 5293 3609 5367 ὑμῶν

1613 5538 1851 5597 νΛῐΗᾸεὶ
1889 5536 2307 5597 LECTIONES.

443 5692 464 5739 ί
490 5694 550 5755 C.
581 5694 730 5758 Mon.
755 5697 855 5755 551
888 5694 929 5755 f.
986 5697 1088 5757 155
1112 5712 1141 5754 a
1188 5696 1317 5769 legit
1366 5696 1751 5755 ἐπιδέδεικται.
