3880 6206
178 250 290 313 609

1129 250 1220 315 AD
1254 244 1845 318 AMPHILOCHIUM
1874 255 2219 330 QUIESTIO
2257 259 2488 321 XCVII.

3349 261 3454 329 610

183 366 406 435 ἐγράφη
437 364 495 417 ἐν
519 365 634 428 τοῖς
670 362 938 435 οὐρανοῖς.
970 366 1102 431 Καὶ,
1134 367 1320 422 πολλοὶ¹
1362 369 1548 440 ἐροῦσι
1582 389 1673 443 μοι
1704 370 1763 424 ἐν

1877 370 2076 425 tionem
2107 370 2339 435 inducit,
2370 372 2414 426 si
2443 385 2553 425 non
2588 384 2683 440 per
2708 371 3064 429 conscientiae
3088 374 3453 445 dejectionem

182 458 375 530 ἐκείνῃ
409 460 473 527 τῇ
509 456 717 528 ἡμέρᾳ,
754 456 832 510 Ού
865 456 944 527 τῷ
978 458 1056 529 σῷ
1085 456 1311 530 ὀνόματι
1339 461 1600 533 δυνάμεις
1638 461 1767 515 πολ-

180 546 285 610 λάς
324 548 692 617 ἐποιήσαμεν;
723 543 817 598 καί
862 545 973 617 ἐρῶ
1016 549 1221 620 αύτοτς,
1260 550 1373 604 Ούκ
1394 547 1511 606 οἶδα
1549 553 1712 623 ὑμᾶς.
1742 570 1760 602 ι

182 636 291 690 Διά
315 634 474 688 τοῦτο
507 637 603 688 καὶ
628 635 840 701 Παῦλος
874 641 1201 709 πειρασμοῖς
1226 658 1336 694 τισι
1375 642 1629 696 παλαίειν
1658 644 1767 713 ἀφ-

183 726 351 791 ίεται,
393 746 411 778 ι
445 727 534 780 ἵνα
566 726 663 796 μὴ,
717 728 791 790 ὡς
834 728 996 792 αύτός
1037 747 1224 801 φησιν,
1264 731 1630 805 ύπεραίρηται
1672 735 1768 787 καὶ

182 820 298 872 τῶν
324 818 723 888 ἀποκαλύψεων
744 821 778 887 ή
816 817 1114 893 ὑπερϐολὴ,
1153 841 1171 874 ι
1207 824 1276 877 τὰ
1301 825 1450 896 πάθη
1484 825 1762 895 παιδαγω-

182 912 285 979 γὸν
329 911 700 981 ἐπιφέρουσα,
742 913 1152 984 περιστέλλοιτό
1187 932 1247 968 τε
1292 916 1387 969 καὶ
1424 916 1768 971 διακόπτοιτο

180 998 257 1051 τὰ
290 1000 664 1070 σκιρτήματα,
701 993 786 1063 οἷς
814 1002 848 1070 ἡ
892 1001 1210 1074 ἀνθρωπίνη
1260 1004 1424 1075 φύσις
1470 1007 1765 1078 ἐκφέρεται

183 1090 328 1159 πρὸς
360 1091 648 1159 φυσίωσιν.
680 1091 745 1144 Εἰ
772 1090 952 1160 βούλει
975 1093 1053 1158 δέ,
1086 1096 1179 1148 καὶ
1211 1096 1299 1151 ἵνα
1318 1099 1455 1167 μετά
1475 1098 1648 1153 ταῦτα
1668 1099 1767 1163 τὰς

184 1181 429 1252 φοϐερὰς
456 1183 673 1247 ἐκείνας
689 1184 943 1265 ἀπειλὰς,
968 1188 1062 1240 καὶ
1079 1189 1204 1252 τοὺς
1220 1190 1452 1261 πικροὺς
1468 1191 1765 1262 διωγμοὺς,

182 1274 286 1327 καὶ
310 1274 408 1339 τὰς
443 1276 646 1346 μυρίας
664 1278 898 1345 ,σφαγὰς
947 1279 1005 1331 ἐν
1034 1280 1316 1353 ἁκλονήτῳ
1341 1283 1524 1354 φέρων
1543 1285 1572 1337 ό
1602 1301 1766 1353 κορυ-

183 1367 351 1432 φαῖος
386 1366 798 1438 καὶηὰσαλεύτῳ
830 1368 908 1439 τῷ
942 1371 1277 1440 φρονήματι,
1318 1375 1399 1437 είς
1444 1372 1632 1445 θαῦμα
1668 1376 1768 1446 τῆς

186 1454 527 1524 Δεσποτικῆς
544 1457 856 1528 συμμαχίας
875 1459 1263 1528 προσκαλεῖται
1279 1461 1405 1524 τοὺς
1417 1462 1763 1528 κολάζοντας·

184 1545 565 1617 καθορῶντας,
588 1549 679 1600 τὸν
710 1548 814 1601 ὑπὸ
844 1549 1030 1620 φωνῆς
1050 1549 1344 1620 παιδίσκης
1364 1554 1765 1619 καταπεσόντα,

180 1636 361 1701 οὓτως
389 1638 643 1710 ἀκίνητον
675 1640 813 1710 πρὸς
840 1640 1081 1696 τοσαῦτα
1131 1642 1281 1713 πάθη
1326 1645 1727 1717 καθιστάμενον
1750 1662 1766 1677 ⁸

1869 462 1938 517 ad
2007 463 2445 518 moderationem
2511 461 2838 517 deducatur.
2907 464 3181 530 Quocirca
3234 468 3455 525 dicebat

1870 554 2167 609 Salvator:
2233 572 2252 605 ι
2317 553 2498 609 Nolite
2549 554 2620 609 ob
2680 554 2733 609 id
2794 556 3054 625 gaudere,
3116 560 3263 628 quod
3294 562 3453 616 vobis

1869 645 2139 703 dazmonia
2176 646 2565 717 subiiciantur,
2606 646 2698 702 sed
2729 649 2992 717 quoniam
3020 651 3240 705 nomina
3269 664 3454 707 vestra

1869 739 2072 809 scripta
2109 740 2219 793 sint
2252 740 2303 793 in
2335 739 2510 794 caelis.
2573 738 2725 793 Multi
2777 739 2909 793 mihi
2964 740 3163 795 dicturi
3217 752 3348 797 sunt
3397 744 3454 798 in

1868 831 1961 886 illa
1990 831 2081 885 die
2102 850 2115 885 :
2139 829 2332 885 Nonne
2363 831 2417 884 in
2449 840 2542 885 tuo
2574 832 2796 886 nomine
2830 833 3060 887 virtutes
3096 836 3297 889 multas
3322 851 3454 905 ope-

1868 920 1971 976 rati
2019 921 2250 975 smnus?
2297 920 2362 974 ad
2391 936 2531 991 quos
2576 921 2828 977 dicturus
2876 936 3019 989 sum,
3056 925 3310 994 Apagete,
3343 941 3451 980 non

1872 1011 1995 1065 novi
2021 1026 2121 1065 vos
2149 1012 2215 1063 ".
2263 1028 2281 1061 ι
2337 1013 2515 1081 Atque
2561 1012 2703 1067 hanc
2739 1013 2812 1067 ob
2859 1028 3083 1068 causam
3119 1017 3449 1084 permissum

1869 1102 1974 1158 fuit
2020 1112 2079 1157 ut
2118 1103 2322 1157 Paulus
2370 1118 2493 1157 cum
2532 1105 2866 1173 quibusdam
2907 1108 3282 1163 tcntatonibns
3338 1109 3453 1163 col-

1870 1194 2200 1262 luctaretur,
2273 1213 2291 1246 ‹
2332 1210 2420 1261 ne,
2451 1197 2597 1265 quod
2628 1195 2862 1249 allirmat
2896 1196 3029 1265 ipse,
3079 1196 3245 1251 nimis
3275 1197 3453 1251 elatus

1870 1286 2129 1355 ferretur,
2188 1295 2413 1357 propter
2491 1286 2905 1341 multitudinem
2959 1288 3446 1342 revelationum".

1869 1379 2071 1445 Quare,
2102 1378 2287 1449 passio
2336 1378 2456 1447 ejus
2501 1393 2600 1447 pro
2632 1376 2932 1448 Pardagogo
2972 1381 3246 1434 contraxit
3270 1389 3325 1435 et
3352 1380 3455 1435 ab-

1870 1471 2032 1525 scidit
2074 1469 2322 1525 exsultus
2376 1484 2591 1531 omnes,
2645 1484 2676 1524 a
2722 1471 2928 1540 quibus
2976 1480 3171 1525 natura
3215 1471 3455 1543 hominis

1870 1561 2068 1633 inﬂata}
2097 1562 2344 1617 eil‘ertur.
2398 1561 2636 1616 Accedat
2692 1562 2818 1627 huc,
2887 1571 2947 1615 ut
2994 1561 3252 1628 deinceps
3300 1564 3458 1616 terri-

1870 1653 2010 1708 biles
2056 1653 2177 1708 illas
2222 1653 2399 1706 minas
2426 1691 2442 1715 ,
2489 1653 2639 1707 mille
2691 1662 2937 1716 mortes,
2992 1668 3147 1707 acres
3202 1669 3458 1722 persecu—

186 1730 445 1801 μεθέλκοι
482 1748 543 1784 τε
566 1733 659 1785 καί
686 1732 777 1786 διὰ
805 1733 996 1787 τούτου
1031 1735 1170 1805 πρὸς
1207 1733 1271 1788 τὺ
1311 1736 1454 1806 μέγα
1482 1735 1580 1805 τῆς
1617 1738 1771 1790 εύσε-

1877 1742 2068 1807 tiones,
2091 1743 2414 1813 coryphaeus
2442 1742 2532 1796 ille
2552 1742 2907 1805 inconcusso,
2932 1754 2985 1796 et
3015 1745 3242 1797 immoto
3264 1743 3449 1801 ferens

183 1826 341 1888 ϐείας
372 1827 671 1897 μυστήριον
713 1826 1016 1897 Ἰουδαϊκῆς
1038 1829 1426 1899 ταπεινότητος
1460 1827 1506 1883 ἰ.
1538 1830 1649 1883 Kal
1679 1828 1772 1882 τέ-

184 1936 410 1990 ταρτον,
440 1917 807 1988 ἔμοιγεηδοκεῖ
830 1919 1084 1990 λαμπρὸν
1119 1919 1215 1973 καὶ
1247 1920 1392 1990 μέγα
1413 1919 1771 1989 ψυχαγωγίας

186 2014 562 2085 παράδειγμα.
614 2012 681 2064 Τί
726 2011 820 2064 τοῦ
867 2013 1166 2083 κορυφαίου
1223 2012 1601 2086 λαμπρότερον
1648 2015 1773 2076 ταῖς

186 2106 386 2159 ἔπειτα
407 2106 641 2174 γενεαῖς,
685 2104 855 2157 ἐπειδ⁹
872 2106 937 2158 ἄν
968 2122 1053 2168 τις
1081 2104 1450 2176 ἐξασθενήσας
1474 2104 1610 2177 ᾲλῷ,
1634 2104 1772 2176 πρὸς

184 2198 260 2253 τὰ
279 2199 461 2251 τέλεια
487 2196 869 2267 ἀνασηλῶσαι
893 2196 1250 2268 βουλόμενος;
1280 2199 1341 2251 Et
1372 2200 1479 2270 γὰρ
1511 2199 1622 2252 τῶν
1659 2215 1765 2268 μα-

186 2289 371 2361 θητῶν
405 2290 434 2342 ὁ
463 2291 759 2360 κορυφαῖος
809 2288 952 2359 μετά
998 2289 1331 2360 τηλικαύτας
1367 2290 1627 2359 δυνάμεις
1650 2330 1664 2353 ,
1696 2283 1773 2343 ὧν

185 2382 289 2445 τὰς
324 2382 423 2452 μὲν
458 2382 587 2447 ίδεν,
634 2379 734 2445 τὰς
770 2381 829 2434 δὲ
878 2381 973 2435 καὶ
1016 2381 1271 2435 ἐτέλεσε·
1317 2383 1456 2453 μετά
1502 2382 1772 2453 τοσαύτην

186 2471 539 2526 διδασκαλίαν
565 2488 580 2502 ο
617 2470 737 2542 μεθ’
765 2468 909 2524 οὕτω
939 2469 1140 2543 πολλὴν
1168 2472 1264 2524 καὶ
1281 2471 1535 2541 ποικίλην
1565 2471 1658 2523 τοῦ
1680 2474 1771 2524 Δι-

187 2563 461 2619 δασκάλου
491 2565 708 2633 πεῖραν,
734 2564 855 2633 τρὶς
885 2563 1297 2643 ἀρνησάμενος,
1339 2562 1428 2617 διὰ
1478 2561 1774 2632 μετανοίας

187 2658 343 2727 ὅμως
367 2656 463 2709 καὶ
489 2655 709 2727 θερμῶν
743 2655 1015 2726 δακρύων,
1044 2656 1104 2709 ού
1151 2656 1214 2708 τὸ
1254 2654 1560 2726 ἁμάρτημα
1613 2655 1773 2724 μόνον

188 2751 485 2822 ἐκάθηρεν,
514 2749 649 2803 ἀλλά
688 2748 824 2820 πρὸς
849 2748 912 2801 τὸ
940 2746 1074 2801 αὐτὸ
1102 2747 1202 2817 τῆς
1231 2745 1537 2816 ἀποστολῆς
1556 2744 1773 2815 ἀξίωμα

190 2839 627 2911 ἐπανέστρεψεν·
681 2839 740 2891 ού
803 2836 910 2909 χρὴ
969 2838 1232 2908 ῥᾳθυμεῖν
1288 2834 1389 2906 ἐμὲ
1412 2836 1506 2888 καὶ
1539 2835 1767 2888 καταπί-

190 2942 373 2995 πτειν,
393 2932 452 2998 ἐξ
497 2931 784 2995 ἀσθενείας
826 2929 1199 2984 ὀλισθαίνοντα
1218 2943 1234 2959 ’
1263 2928 1403 2983 ἀλλὰ
1453 2928 1646 2982 θᾶττον
1677 2929 1774 2982 ἀν-

194 3024 450 3080 ίστασθαι
483 3024 621 3095 πρὸς
657 3023 969 3094 μετάνοιαν,
1004 3023 1098 3075 καὶ
1131 3021 1223 3074 τὸν
1266 3020 1496 3074 πλοῦτον
1548 3020 1647 3089 τῆς
1672 3022 1773 3071 Δε-

193 3116 461 3186 σποτικῆς
516 3117 884 3187 χρηστότητος
910 3112 1231 3179 ἐννοοῦντα,
1268 3113 1389 3166 ὅλον
1435 3113 1626 3166 ἑαυτὸν
1650 3112 1677 3151 ¹ι
1712 3112 1772 3164 ἐν

192 3210 524 3282 συντριμμῷ
555 3209 783 3280 καρδίας
820 3206 1132 3261 ἀνατιθέναι
1168 3206 1247 3277 τῷ
1276 3208 1374 3270 τὰς
1399 3205 1587 3268 νόσους
1614 3203 1770 3275 ήμῶν

190 3303 291 3359 καὶ
323 3303 423 3365 τὰς
451 3301 732 3365 ἀσθενείας
765 3300 1118 3371 βαστάσαντι.
1167 3299 1267 3353 Διά
1310 3296 1487 3352 ταῦτα
1532 3294 1645 3363 οὖν,
1688 3292 1770 3349 ol-

194 3413 318 3469 μαι,
351 3394 447 3449 καὶ⁵
474 3392 544 3447 τά
572 3392 818 3457 τοιαῦτα,
856 3391 1059 3462 Πέτρος
1080 3390 1282 3445 ἁλῶναι
1313 3387 1666 3459 συνεχωρήθη
1692 3385 1771 3457 τῷ

191 3488 553 3560 ἁμαρτήματι
577 3502 591 3515 '
629 3484 743 3540 ἀλλ’
773 3487 871 3555 οὐχ
901 3486 985 3539 ὅτι
1017 3485 1350 3557 προανεϊπεν
1371 3481 1469 3553 τὴν
1490 3481 1720 3552 ἄρνησιν
1741 3481 1772 3535 ὁ

190 3582 542 3646 Διδάσκαλος.
584 3582 796 3652 ἀνάγκη
826 3581 933 3633 τινὶ
959 3581 1057 3647 τῆς
1081 3576 1445 3650 προγνώσεως
1475 3574 1767 3647 ἐξεϐιάσθη

194 3675 333 3745 πρὸς
360 3673 423 3726 τὸ
455 3671 739 3742 ἀθέλητον.
799 3670 953 3723 Ἐπεὶ
988 3667 1132 3723 οὕτω
1182 3685 1247 3738 γε
1293 3668 1517 3739 φθάνοις
1565 3667 1631 3720 ἂν
1660 3667 1772 3721 τῶν

192 3764 416 3836 φαύλων
466 3763 718 3833 πράξεων
758 3761 987 3815 ἁπασῶν
1022 3762 1123 3833 τὴν
1175 3761 1381 3825 αἰτίαν,
1430 3762 1510 3824 είς
1542 3760 1640 3824 τὴν
1665 3761 1772 3814 τῶν

191 3852 414 3922 ἀγαθῶν
460 3852 641 3922 πηγὴν
689 3850 1013 3924 ἀναφέρωνο
1041 3854 1272 3922 προεῖπε
1319 3852 1427 3923 γάρ
1474 3851 1570 3905 καὶ
1602 3851 1773 3922 Ἰούδα

191 3942 292 4014 τήν
335 3940 650 4014 προδοσίαν
699 3941 972 3995 Ἰουδαίων
1017 3943 1115 4013 τὴν
1170 3942 1516 4013 μιαιφονίαν
1563 3942 1655 3997 ναὶ
1708 3941 1773 4013 δὴ

194 4034 297 4088 κᾶν
340 4034 416 4105 μὴ
446 4036 729 4109 προεῖπεν,
759 4033 894 4087 ἀλλὰ
925 4050 990 4103 γε
1038 4034 1269 4107 προῄδει
1300 4034 1543 4102 πάντως,
1580 4035 1774 4105 ὅτιπερ

192 4127 294 4197 τῆς
320 4126 574 4197 δοθείσης
616 4126 836 4197 ὲντολῆς
864 4128 892 4180 ὁ
923 4128 1142 4197 πρῶτος
1185 4127 1495 4199 ἄνθρωπος’
1525 4127 1646 4181 ἀντὶ
1670 4126 1773 4197 τῆς

194 4218 448 4291 φυλακῆς
529 4218 797 4291 προέλοιτ’
847 4218 914 4273 ἂν
965 4221 1065 4292 τὴν
1127 4220 1468 4292 ὑπεροψίαν·
1523 4220 1619 4274 καὶ⁵
1674 4218 1773 4273 τοῦ

196 4316 336 4367 Κάῖν
364 4314 462 4385 τὴν
490 4312 909 4381 ἀδελφοκτονίαν
925 4330 939 4347 ο
965 4314 1167 4384 Φαραὼ
1191 4314 1290 4387 τὴν
1316 4313 1772 4385 σκληροκαρδίαν,

194 4404 292 4458 καὶ
314 4405 489 4457 Σαοὺλ
522 4404 621 4477 τὴν
649 4405 1018 4479 παρανομίαν.
1051 4407 1163 4460 Καὶ
1183 4406 1235 4459 τί
1266 4405 1391 4459 καθ’
1421 4406 1652 4460 ἕκαστον
1687 4404 1775 4458 λέέ

194 4515 276 4566 γω
311 4499 454 4569 ςούχ
477 4498 556 4551 ὃτι
605 4500 698 4553 καὶ
750 4498 893 4553 κατά
927 4499 1111 4562 πόλεις
1143 4498 1291 4562 ὅλας,
1337 4499 1433 4551 καὶ
1473 4497 1604 4570 ἐθνη
1658 4497 1776 4551 ὁλό-

196 4589 400 4661 κληρα,
430 4590 487 4641 αἱ
516 4589 747 4660 πράξεις
768 4588 949 4642 αὐτῶν
976 4592 1042 4659 τῇ
1071 4589 1380 4659 προγνώσει
1403 4586 1772 4658 περιέχονται.

196 4681 446 4752 Σοδόμων
480 4683 574 4735 καὶ
614 4678 899 4753 Γομόρρας
941 4683 997 4736 αἱ
1043 4680 1774 4753 ἁῤῥητουργίαι,Ἑλλήνων,

196 4773 532 4841 Αίγυπτίων,
581 4774 781 4845 μικροῦ
829 4774 1163 4844 συμπάντων
1208 4773 1503 4844 βαρϐάρων
1547 4774 1606 4826 ἐν
1646 4770 1778 4824 πολ·-

197 4870 306 4933 λοῖς
337 4870 553 4940 χρόνοις
590 4870 646 4923 αἱ
684 4869 1087 4939 είδωλομανίαι.
1137 4868 1296 4921 Ἀλλὰ
1336 4871 1390 4919 τί
1418 4865 1592 4919 ταῦτα
1620 4883 1636 4933 ;
1667 4865 1778 4918 Αύ-

198 4961 291 5015 τοῦ
322 4959 419 5014 τοῦ
452 4960 699 5031 σπορέως
725 4960 835 5014 τῶν
860 4960 1049 5015 κακῶν
1091 4960 1184 5014 xal.
1229 4959 1633 5031 ἀρχιτέκτονος,
1682 4959 1779 5013 καὶ

200 5056 319 5109 ὅσαι
348 5054 499 5124 αὐτῷ
523 5053 779 5125 δυνάμεις
817 5053 921 5123 τῆς
974 5051 1087 5105 ἄνω
1135 5052 1634 5123 συναπερρἀγησαν
1680 5050 1780 5121 λή-

203 5147 358 5214 ξεως.
385 5143 514 5218 'Ap’
544 5148 728 5218 ἠγνόει
752 5146 850 5218 τὴν
883 5145 1208 5210 ἀλαζονείαν
1235 5146 1329 5198 καὶ
1369 5144 1468 5214 τὴν
1506 5142 1780 5212 ἐπιδλαϐἧ

201 5241 306 5294 τῶν
335 5240 639 5313 ἀνθρώπων
670 5239 1077 5311 ἀνυπέρϐλητον
1126 5239 1304 5293 αὐτῶν
1349 5235 1685 5308 μοχθηρίαν;
1716 5234 1782 5286 Τί

275 5401 318 5432 ⁸³
348 5400 483 5455 Luc.
551 5416 605 5463 ις,
674 5400 761 5465 l7,
818 5398 909 5454 20.
986 5399 1031 5431 ⁸³
1068 5401 1112 5452 Il
1166 5398 1293 5454 Cor.
1334 5414 1428 5463 xu,
1487 5398 1539 5452 Ἰ.

1871 1834 2056 1889 animo
2083 1834 2148 1887 ad
2187 1834 2499 1887 mirandum
2535 1833 2782 1903 Magistri
2842 1832 3132 1898 auxilium,
3165 1834 3455 1889 carnilices

1873 1927 2023 1998 ipsos
2057 1928 2363 1991 induceret,
2396 1942 2520 1981 cum
2549 1926 2798 1980 viderent
2831 1940 2979 1990 eum,
3033 1926 3129 1995 qui
3162 1926 3231 1979 ad
3265 1941 3458 1983 vocem

1873 2020 2088 2075 ancilla:
2120 2019 2379 2089 deiectus
2404 2018 2607 2082 fuerat,
2665 2018 2802 2072 adeo
2834 2018 3121 2071 immotum
3156 2029 3348 2073 contra
3377 2027 3459 2073 tot

1872 2096 2164 2181 pressuras
2193 2111 2539 2166 consistere:
2589 2111 2904 2180 exindeque
2935 2111 3002 2164 ad
3042 2126 3304 2180 magnum
3338 2114 3459 2181 pie-

1875 2209 2001 2261 tatis
2035 2205 2358 2277 mysterium
2417 2205 2472 2259 in
2520 2202 2739 2258 Judazos
2794 2204 3105 2273 pervicaces
3133 2204 3458 2274 impelleret.

1876 2298 1969 2351 Est
1998 2306 2051 2352 et
2081 2307 2339 2367 quartum
2372 2297 2526 2366 quid,
2586 2295 2730 2364 quod
2779 2295 2917 2348 mihi
2966 2296 3185 2349 videtur
3217 2296 3458 2359 illustre,

1873 2396 1929 2442 et
1962 2402 2062 2457 pro
2090 2388 2295 2458 ingenti
2325 2387 2708 2442 consolatione
2737 2385 3051 2455 exemplum
3088 2404 3101 2441 :
3147 2386 3280 2456 quid
3312 2386 3456 2441 enim

1875 2479 2229 2550 praestantius
2254 2479 2544 2551 coryphaeo
2574 2479 2713 2549 apud
2751 2478 3110 2533 succedentes
3143 2480 3457 2550 generatio-

1874 2567 2019 2622 nes?
2064 2582 2189 2622 cum
2242 2577 2425 2621 autem
2455 2566 2584 2636 quis
2612 2566 2931 2620 inﬁrmitate
2955 2565 3165 2619 laboret
3217 2567 3285 2620 ad
3335 2582 3464 2636 per-

1877 2656 2075 2714 fectant
2123 2658 2411 2713 sanitatem
2466 2657 2665 2712 reverti
2712 2658 2901 2712 volens
2942 2664 3045 2711 est.
3110 2655 3166 2712 Si
3203 2658 3459 2728 princeps

1877 2750 1967 2806 ille
1998 2750 2420 2820 discipulorum,
2475 2762 2598 2820 post
2652 2756 2734 2802 tot
2779 2751 3032 2813 virtutes,
3086 2765 3225 2818 quas
3262 2751 3459 2819 partim

1880 2843 2030 2907 vidit,
2078 2842 2314 2912 patravit
2339 2843 2561 2910 partim,
2595 2851 2717 2910 post
2744 2840 2902 2895 talem
2938 2839 3303 2909 disciplinam,
3335 2851 3461 2895 tan-

1878 2944 1988 2989 tam
2019 2944 2077 2988 et
2116 2944 2225 2987 tam
2272 2932 2620 3004 multiplicem
2666 2933 2733 2987 de
2758 2932 3013 3002 Magistro
3043 2934 3459 3002 experientiam,

1862 3012 1959 3079 Iter
1989 3025 2084 3078 illo
2112 3025 2383 3094 abnegato
2408 3063 2425 3089 ,
2459 3040 2557 3094 per
2579 3023 2956 3094 paenitentiam
2994 3034 3172 3079 tamen
3207 3033 3262 3078 et
3289 3017 3464 3097 lacry-

1880 3132 2021 3183 mas,
2062 3132 2171 3171 non
2207 3117 2372 3172 modo
2398 3118 2652 3188 purgavit
2677 3126 2988 3187 peccatum,
3028 3118 3133 3181 sed
3186 3118 3253 3171 ad
3302 3133 3463 3172 cum-

1878 3210 2001 3265 dem
2032 3220 2252 3266 evectus
2287 3221 2373 3267 est
2404 3209 2747 3280 apostolatus
2780 3210 2992 3280 apicem
3031 3227 3045 3263 :
3100 3212 3346 3280 proiecto
3376 3226 3464 3265 me

1879 3301 2135 3373 ignavum
2162 3315 2282 3356 esse
2328 3308 2383 3355 et
2429 3298 2702 3368 abjectum
2759 3314 2866 3351 non
2915 3297 3091 3360 decet,
3148 3298 3243 3367 qui
3278 3298 3464 3367 lapsus

1880 3411 2003 3453 sum
2056 3394 2125 3449 ab
2181 3392 2519 3456 inﬁrmitate,
2557 3391 2649 3447 sed
2684 3406 2808 3446 cum
2858 3391 3016 3446 ocius
3048 3404 3340 3459 resurgere
3369 3406 3466 3458 per

1879 3486 2261 3559 paenitentiam
2291 3494 2346 3540 et
2383 3484 2715 3540 recolentem
2774 3484 2991 3538 divitias
3025 3483 3285 3537 bonitatis
3321 3483 3464 3537 divi-

1881 3596 1985 3645 nas,
2043 3588 2218 3634 totum
2252 3593 2339 3633 me
2366 3594 2487 3634 cum
2520 3576 2702 3633 cordis
2729 3576 3059 3633 contritione
3103 3576 3181 3629 illi
3215 3576 3342 3630 date
3371 3576 3465 3641 qui

1880 3673 2107 3730 morbos
2145 3682 2201 3729 et
2232 3672 2586 3729 inﬁrmitates
2616 3679 2834 3727 nostras
2870 3668 3109 3739 portavit
3135 3666 3202 3723 6°.
3237 3668 3468 3738 Propter

1881 3768 2037 3832 istas,
2070 3766 2293 3835 opinor,
2325 3777 2378 3820 et
2410 3763 2729 3820 consimiles
2761 3777 2960 3818 causas
2996 3761 3331 3831 permissum
3368 3760 3469 3815 fuit

1881 3859 2042 3917 Petro
2068 3875 2097 3914 a
2128 3866 2355 3929 peccato
2390 3856 2725 3928 apprehendi
2766 3874 2779 3910 :
2832 3871 2940 3909 non
2969 3853 3114 3925 quod
3150 3854 3469 3924 praedixerit

1884 3952 2143 4023 Magister
2188 3950 2630 4022 abnegationcm,
2682 3948 2749 4001 ad
2781 3956 2962 4001 actum
3026 3947 3464 4001 invulnntarium

1881 4056 1979 4112 per
2026 4040 2411 4095 necessitatem
2463 4035 2823 4108 praascientiae
2883 4034 3266 4107 impellebatur
3314 4053 3328 4088 :
3392 4036 3467 4088 ita

1882 4133 2029 4188 enim
2069 4129 2454 4202 praeveniendo
2510 4127 2714 4183 referes
2757 4127 3026 4182 malorum
3078 4127 3327 4181 omnium
3376 4141 3471 4179 ac~

1883 4231 2098 4293 ceptam
2122 4238 2348 4279 causam
2380 4223 2435 4276 in
2458 4220 2665 4276 fontem
2689 4221 2956 4274 bonorum
2982 4218 3227 4272 omnium
3253 4216 3424 4271 Deum
3450 4235 3464 4272 :

1885 4314 2135 4385 praedixit
2163 4323 2218 4369 et
2240 4311 2393 4368 Judae
2424 4310 2797 4375 traditionem,
2828 4319 2881 4364 et
2908 4294 3221 4363 Judmorum
3249 4307 3467 4361 animos

1809 4443 1854 4499 υ
1885 4406 2270 4477 sanguinarios
2308 4423 2322 4458 :
2361 4404 2497 4474 quin
2532 4403 2577 4458 si
2606 4418 2718 4456 non
2751 4402 3099 4471 praedixerat,
3134 4408 3191 4453 at
3219 4398 3468 4469 praevidit

1887 4509 2107 4565 tamen;
2139 4497 2286 4568 quod
2320 4497 2532 4567 primus
2563 4496 2732 4550 homo
2761 4510 2860 4565 pro
2896 4493 3279 4551 observatione
3311 4507 3466 4544 man-

1884 4592 1993 4648 dati
2021 4605 2052 4646 a
2076 4591 2187 4646 Deo
2211 4588 2499 4655 dati,illius
2524 4588 2747 4658 eligeret
2774 4586 3176 4657 negligentiam,
3197 4584 3467 4653 pra‘scivit

1885 4684 2072 4739 Cainis
2098 4680 2479 4745 fratricidium,
2520 4679 2825 4734 Pharaonis
2857 4676 3295 4737 obdurationem,
3331 4677 3471 4728 Sau-

1887 4778 1956 4833 lis
1986 4776 2496 4846 trausgressionem.
2526 4771 2593 4825 Et
2615 4772 2743 4842 quid
2775 4770 2986 4841 singula
3011 4767 3345 4840 persequar?
3370 4782 3466 4837 per

1888 4879 2033 4925 totas
2056 4868 2329 4931 civitates,
2394 4874 2583 4936 gentes
2625 4868 2891 4935 integras,
2946 4861 3210 4937 quidquid
3261 4861 3461 4929 agitur,

1886 4960 2035 5018 cadit
2069 4960 2173 5029 sub
2224 4957 2571 5028 praescientia
2618 4973 2632 5009 :
2690 4953 3102 5009 Sndomitarum
3150 4961 3202 5005 ct
3231 4950 3463 5005 Gomorv
3517 4990 3534 5033 ί

1885 5055 2156 5108 rlueorum
2187 5047 2412 5104 infanda
2443 5046 3024 5119 ﬁagitia,Grzecorum,
3060 5042 3462 5114 Egyptiornm,

1887 5143 2131 5197 omnium
2149 5139 2261 5197 fere
2286 5137 2643 5195 barbararum
2673 5138 2958 5192 nationum
2978 5152 3072 5207 per
3089 5134 3256 5188 multa
3271 5130 3468 5187 saecula

1905 5230 2275 5287 idolomaniae.
2333 5228 2439 5285 Sed
2490 5229 2632 5285 unde
2662 5229 2777 5286 lucc
2809 5222 3342 5298 proﬁciscebantur?
3382 5220 3497 5306 ni-I

1579 5396 1622 5427 ⁸ο
1665 5395 1766 5451 lsa.
1811 5412 1925 5459 Lm,
1962 5399 2010 5451 4.

1480 5552 1712 5606 \'.\lll:l$
1765 5551 2166 5607 LECTIONES.

282 5688 297 5738 3
330 5691 416 5746 ίσ.
449 5690 835 5763 σκληρότητος.
858 5691 919 5744 C.
954 5691 1022 5744 Μ.
1052 5691 1458 5760 ταπεινότητος.

524 5788 798 5850 PATROL.
841 5789 954 5849 Gn.
980 5789 1079 5848 Cl.

1542 5689 1564 5726 ¹ί
1603 5688 1687 5742 ἵσ.
1715 5686 1975 5757 ἐμαυτόν.
2005 5686 2065 5741 (ἶ.
2094 5685 2164 5738 Μ.
2206 5687 2415 5739 ἑαυτόν.

3112 5777 3192 5836 20
