3880 6206
400 247 497 313 GII

1563 241 1827 303 PHOTII
1868 241 2372 303 PATRIARCHAS
2407 241 2532 326 cr.

3577 241 3692 308 612

403 376 627 428 mirum,
660 358 730 415 ab
755 358 851 413 illo
872 356 1209 412 seminatore
1232 353 1528 416 malorum,
1561 361 1616 408 et
1643 353 1944 410 architecto
1969 371 1981 407 :

2110 348 2208 418 ὧν,
2236 351 2361 404 ἐπεὶ
2403 349 2570 422 μηδὲν
2623 348 2761 419 μηδὲ
2809 347 2916 402 τῶν
2967 348 3228 404 τοιούτων
3261 350 3294 418 ἠ
3336 348 3692 421 ἀγαθουργίς

399 470 428 508 a
463 450 828 523 potestatibus
868 448 1003 512 illis,
1041 447 1138 516 qui
1174 461 1204 498 a
1242 445 1465 499 sedibus
1494 443 1814 509 coelestibus
1840 442 1987 498 exci-

400 546 620 602 derunt.
694 543 1056 614 lgnorabatne
1121 537 1471 594 insolentiam
1521 537 1878 602 damnosam,
1934 545 1990 592 et

406 653 722 709 supremam
790 635 1054 690 malitiam
1111 629 1444 686 hominum?
1502 628 1559 683 Si
1614 628 1754 683 nihil
1791 629 1986 684 talium

403 730 674 800 sapientia
727 729 997 782 bonorum
1029 725 1304 795 operatrix
1340 722 1651 792 ignorabat,
1711 737 1838 775 num
1868 721 1989 775 ideo

404 822 689 877 hominum
743 827 1050 889 spontaneo
1112 823 1264 870 motu
1315 813 1666 884 peccantium
1695 852 1711 878 ,
1761 821 1814 867 et
1845 813 1986 867 bona

407 927 510 984 pro
559 909 719 965 malis
763 905 1083 978 eligentium
1135 912 1351 958 reatum
1410 903 1721 966 abolentes,
1774 902 1826 956 in
1862 917 1986 956 eum

404 1006 500 1076 qui
550 1001 850 1075 praescivit,
883 1015 968 1066 ea,
1007 1007 1217 1053 tantum
1262 995 1408 1065 quod
1441 994 1714 1066 praescivit
1772 995 1988 1063 culpam

404 1112 624 1154 omnem
673 1090 1074 1164 conjiciemus?
1120 1090 1220 1145 Ast
1257 1088 1480 1143 ubinam
1534 1088 1661 1143 huic
1708 1088 1993 1144 sententiae

405 1183 900 1254 locus?Siquidem
945 1181 1162 1236 intuear
1191 1196 1290 1250 ego
1334 1179 1571 1251 aliquem
1624 1179 1678 1233 in
1735 1178 1990 1248 praecipi-

405 1281 540 1334 tium
592 1286 776 1348 aperte
807 1274 1073 1336 delatum,
1106 1281 1162 1327 et
1211 1288 1277 1327 ex
1317 1287 1381 1326 eo
1413 1280 1689 1326 mortuum
1744 1271 1991 1336 intuear;

405 1373 450 1428 si
518 1371 685 1426 alium
727 1366 1018 1438 evaginato
1069 1364 1252 1436 gladio
1285 1364 1339 1418 in
1388 1363 1700 1434 proximum
1754 1363 1992 1433 aliquem

405 1465 678 1519 furentem
731 1460 981 1523 videam,
1059 1457 1302 1512 occisum
1357 1455 1570 1518 videbo,
1621 1454 1714 1510 sed
1776 1471 1884 1509 non
1937 1464 1997 1509 ut

406 1531 558 1610 actor
589 1565 782 1622 ptenas
812 1549 974 1605 dabo.
1009 1546 1164 1614 Quod
1219 1547 1262 1600 si
1317 1546 1417 1600 hoc
1459 1544 1750 1598 ridiculum
1788 1543 1878 1608 sit,
1940 1551 1995 1598 et

404 1645 653 1702 amentia:
710 1644 956 1714 plenum,
1000 1638 1277 1708 quomodo
1323 1652 1431 1691 non
1475 1636 1650 1691 audax
1683 1635 1833 1690 l'uror
1862 1650 1992 1690 cen-

2090 443 2274 513 ἠγνόει
2304 442 2489 512 σοφία,
2525 438 2633 513 ἆρα
2659 441 2749 494 διά
2787 441 2968 508 τοῦτο,
3002 442 3111 496 τῶν
3139 441 3458 513 ἐθελοκάκῳ
3483 443 3694 514 γνώμῃ

2088 533 2157 588 ea
2186 535 2356 606 χείρω
2386 533 2496 587 τῶν
2525 535 2854 605 κρειττόνων
2882 531 3276 604 ἀλλαξαμένων
3306 534 3613 603 ἀφελόντες
3632 536 3696 588 τὸ

2091 625 2415 692 ὑπεύθυνον,
2451 624 2546 678 τοῦ
2582 625 3008 697 προεγνωκότος
3031 625 3546 696 καταγνωσόμεθας
3576 627 3696 679 Καὶ

2091 717 2196 771 ποῦ
2225 718 2385 771 τοῦτο
2416 717 2603 788 χώραν
2638 717 2791 788 exet;
2821 719 2883 772 Εί
2916 717 3028 789 γὰρ
3055 717 3170 787 ἐγὼ
3208 737 3330 772 τινα
3379 721 3696 792 φερόμενον

2091 809 2188 862 ἐπὶ
2216 808 2464 880 κρημνὸν
2500 808 2644 872 ίδὼν,
2690 808 2887 863 ἔπειτα
2919 809 3010 863 τὸν
3041 810 3262 882 ὄλεθρον
3297 810 3588 882 διαγνοίην
3612 827 3626 840 ⁸

2095 897 2248 968 ξίφος
2273 899 2625 969 σπασάμενον
2665 899 2808 954 κατά
2851 899 2946 953 τοῦ
2990 900 3247 971 πλησίου,
3281 903 3386 956 οὑκ
3427 900 3699 973 ἀγνοήσω

2093 989 2184 1043 τὸν
2229 976 2426 1059 φόνον)
2462 986 2551 1061 ἆρ’
2575 991 2696 1044 avri.
2737 990 2834 1044 τοῦ
2874 991 3198 1064 δεδρακότος
3241 994 3357 1062 ἐγὼ
3385 994 3487 1066 τὴν
3525 995 3698 1063 δίκην

2095 1081 2318 1154 ὑπέχειν
2347 1083 2556 1146 δίκαιος
2614 1083 2728 1154 εἰμί
2753 1101 2769 1150 ;
2799 1084 2862 1136 Εἰ
2892 1083 2949 1136 δὲ
2974 1083 3148 1151 γέλως
3185 1084 3348 1138 τοῦτο
3376 1087 3474 1139 καὶ
3503 1085 3698 1156 παρά-

2093 1190 2234 1238 νοια,
2268 1173 2387 1238 πῶς
2417 1175 2479 1228 οὑ
2514 1175 2683 1245 μανία
2705 1175 2802 1229 καὶ
2828 1175 3004 1251 τόλμα
3034 1177 3156 1230 ἀντὶ
3190 1177 3285 1231 τοῦ
3321 1178 3478 1242 δίκας
3509 1180 3695 1232 ἀπαιο

2093 1267 2232 1331 τείν,
2267 1265 2395 1328 τοὺς
2419 1265 2627 1330 αἰτίους
2658 1266 2768 1320 τῶν
2800 1266 3021 1336 φαύλων
3047 1269 3321 1338 πράξεων,
3350 1269 3452 1340 τὴν
3472 1269 3696 1339 δυσφηο

2098 1356 2229 1425 μίαν
2263 1355 2546 1427 μεθέλκειν
2574 1358 2717 1411 κατά
2759 1358 2862 1427 τῆς
2899 1358 3051 1422 θείας
3097 1358 3464 1431 προγνώσεως
3490 1377 3506 1426 ;
3533 1359 3601 1412 EI
3650 1357 3697 1411 δ’

2093 1449 2127 1518 ὴ
2153 1446 2463 1516 πρόγνωσις
2495 1447 2608 1500 τῶν
2635 1448 2903 1502 ὑπαιτίων
2933 1449 3250 1515 ἀνεύθυνος,
3283 1446 3396 1521 ἆρα
3430 1450 3696 1523 πρόρρη-

2099 1558 2184 1604 σις
2211 1538 2229 1578 1
2255 1540 2475 1611 ἐνοχοςς
2515 1540 2590 1593 Οὑ
2619 1540 2728 1612 γὰρ
2760 1540 2894 1594 διότι
2929 1541 3312 1612 προέγνωσται
3343 1542 3374 1611 ἢ
3417 1542 3697 1612 προείρη-

2096 1649 2208 1698 ται,
2240 1631 2330 1686 διά
2361 1631 2521 1685 τοῦτο
2565 1631 3015 1703 διαπέπρακται,
3052 1633 3168 1685 ἀλλ’
3201 1633 3326 1686 ἐπεὶ
3371 1633 3700 1704 αὐθαιρέτῳ

405 1735 640 1794 sebitur,
688 1748 810 1789 cum
855 1729 1066 1801 culpari
1105 1728 1364 1792 debeant,
1418 1725 1512 1797 qui
1556 1725 1608 1779 id
1669 1734 1991 1795 patrarunt,

2110 1724 2282 1796 κρίσει
2317 1723 2546 1796 πράξειν
2588 1723 2810 1795 ἔμελλον
2843 1723 2878 1778 ἀ
2919 1724 2995 1796 μὴ
3023 1724 3280 1793 ὤφειλον,
3313 1725 3375 1778 τὸ
3409 1725 3698 1795 ἀλάθητον

406 1827 538 1882 ntali
594 1823 826 1890 alicujus
892 1836 1059 1876 causa
1126 1819 1192 1873 ad
1253 1817 1492 1872 divinam
1546 1815 1821 1871 attrahere
1858 1831 1995 1885 pne-

406 1916 739 1974 scientiam?
781 1913 866 1968 sin
898 1909 1239 1982 praescientia
1275 1918 1430 1963 vacet
1473 1906 1762 1976 culpa,'an
1797 1906 1994 1977 praedi-

405 2009 518 2064 ctio
550 2017 703 2062 reatu
739 2003 910 2060 teneri
949 2001 1194 2073 poterit?
1225 1999 1344 2055 Non
1373 1999 1495 2055 ideo
1522 1998 1582 2053 ﬁt
1603 1998 1806 2068 aliquid
1845 1999 1992 2068 quod

408 2097 694 2166 praescitur
724 2103 779 2150 et
804 2093 1159 2165 pamidetur,
1199 2093 1294 2146 sed
1330 2089 1460 2160 quia
1500 2097 1803 2159 spontaneo
1835 2098 1988 2142 motu

419 2189 619 2244 facturi
651 2187 888 2254 fuerant,
921 2199 1043 2256 qua:
1074 2183 1249 2238 Iacere
1278 2197 1386 2237 non
1417 2180 1676 2236 deberent
1703 2179 1992 2248 homines;

2099 1817 2192 1870 καὶ
2225 1815 2643 1869 πανεπίσκοπον
2659 1815 2815 1886 όμμα
2834 1816 2929 1870 τοῦ
2959 1815 3099 1871 Θεοῦ
3125 1827 3164 1854 ω
3180 1817 3366 1870 λαϐεῖν
3385 1817 3487 1870 οὑκ
3524 1817 3698 1887 ἔσχον

2099 1909 2161 1962 τὸ
2186 1907 2467 1963 δυνάσθαι.
2488 1908 2589 1962 Διά
2615 1908 2774 1962 τοῦτο
2795 1908 3086 1980 τοιγαροῦν
3105 1909 3200 1963 καὶ
3221 1909 3252 1961 ό
3273 1911 3549 1980 μακάριος
3590 1907 3699 1961 Πέ-

2101 2017 2248 2071 τρος,
2281 2001 2381 2072 οὑχ
2412 2003 2497 2056 ὃτι
2533 2004 2796 2074 προεῖπεν
2818 2005 2846 2055 ό
2884 2004 3188 2073 Δεσπότης,
3231 2003 3540 2072 ἠρνήσατο.
3575 1999 3700 2054 ἀλλ’

2099 2091 2184 2145 ὃτι
2207 2094 2616 2166 προσολισθαίνε
2627 2112 2674 2147 ιν
2694 2097 2760 2166 τῇ
2789 2095 3023 2166 ἀρνήσει
3047 2093 3264 2165 ἔμελλε,
3295 2093 3388 2146 καὶ
3412 2089 3700 2164 προγινιίν

2101 2201 2290 2238 σκεται
2317 2185 2396 2257 τῷ
2423 2185 2783 2258 Διδασκάλῳιι
2816 2187 2913 2240 καὶ
2943 2186 3510 2260 προανακηρύττεται.

408 2296 474 2336 ca
520 2278 744 2333 minime
802 2277 973 2331 latere
1021 2283 1252 2345 possunt
1303 2274 1487 2327 omnia
1523 2280 1895 2341 permeantem
1924 2280 1978 2326 et
2013 2283 2345 2346 retegentem
2390 2279 2484 2334 Dei
2533 2281 2776 2336 oculum.
2821 2278 3091 2346 Quocirca
3137 2288 3193 2336 et
3248 2280 3440 2335 beatus
3472 2277 3700 2341 Petrus,

409 2388 520 2428 non
551 2371 679 2442 quia
743 2367 992 2440 praedixit
1045 2366 1330 2427 Dominus.
1391 2364 1682 2434 abnegavit
1743 2379 1894 2430 eum,
1962 2365 2056 2420 sed
2103 2370 2362 2437 quoniam
2438 2372 2746 2429 exorbitare
2809 2389 2907 2444 per
2967 2373 3384 2444 abnegationem
3435 2372 3700 2436 volebat,

409 2464 532 2520 ideo
562 2463 818 2532 Magister
855 2462 975 2532 ejus
1004 2460 1058 2516 id
1083 2461 1356 2531 praescivit
1379 2469 1434 2514 et
1475 2459 1726 2527 praedixit
1774 2458 1974 2528 palam.

410 2576 738 2648 QUIESTIO
808 2575 1036 2634 XCVIII.
1071 2575 1260 2648 [σοίδί.
1305 2574 1530 2631 CCLXI.
1566 2574 1730 2628 Taur.
1763 2575 1989 2648 CCLII.]

2646 2583 2979 2639 ΕΡΩΤΗΣΙΣ
3009 2587 3132 2653 ur.

526 2694 670 2746 Edita
711 2707 738 2742 a
783 2694 1098 2755 Montacutio,
1141 2707 1221 2758 ep.
1270 2693 1377 2755 180,
1421 2693 1486 2744 ad
1522 2692 2285 2806 Conslant.,ep.102£ﬁ;263.ul)ﬁ
2307 2693 2545 2758 antilogia
2582 2696 2716 2745 inter
2753 2696 2908 2747 verba
2956 2697 3136 2749 Christi
3185 2699 3356 2747 Joaun.
3401 2714 3451 2758 ν,
3506 2700 3566 2748 3t

2048 2793 2059 2804 ο
2104 2791 2198 2817 ...δ’
2229 2791 2301 2805 I‘.‘

484 2872 809 2944 Expeditam
879 2866 1198 2939 quaestionis
1263 2875 1371 2921 tua:
1435 2865 1765 2920 solutionem
1835 2865 1997 2920 dabo.

421 2989 440 3019 ι
482 2965 540 3020 Si
569 2981 672 3036 ego
703 2961 1078 3019 testimonium
1109 2959 1244 3013 mihi
1276 2958 1343 3013 de
1400 2971 1488 3012 me
1527 2956 1810 3027 perhibeo,
1847 2957 2004 3013 testi-

2183 2864 2456 2938 Σύντομόν
2484 2883 2566 2920 σοι
2590 2868 2688 2936 τῆς
2719 2866 2955 2937 ἀπορίας
2985 2865 3082 2937 τὴν
3113 2864 3266 2919 λύσιν
3296 2865 3440 2938 ὲρῶο
3469 2867 3527 2919 τὸ
3571 2867 3700 2937 μέν,

2117 2975 2136 3007 ι
2178 2955 2307 3012 Ἐὰν
2339 2955 2451 3026 ἐγὼ
2479 2956 2742 3028 μαρτυρῶ
2772 2956 2903 3028 περὶ
2935 2955 3258 3028 ὲμαυτοῦ,ή
3292 2957 3571 3028 μαρτυρία
3596 2975 3702 3028 μου

416 3058 665 3114 monium
703 3069 884 3110 meum
925 3067 1112 3107 verum
1149 3065 1257 3104 non
1289 3048 1476 3103 est“:
1521 3066 1539 3100 ι
1571 3049 1688 3118 lege
1721 3063 1817 3116 per
1843 3049 2002 3104 inter-

2110 3047 2209 3102 οὑκ
2253 3047 2402 3102 ἔστιν
2431 3048 2637 3120 ἀληθής
2660 3066 2673 3080 ·
2715 3068 2733 3100 ι
2769 3048 3088 3118 ἀνάγνωσον
3143 3049 3265 3102 κατ’
3298 3048 3598 3120 ἐρώτησιν,
3635 3051 3704 3104 δι’

418 3151 756 3223 rogationem
791 3165 806 3203 :
860 3160 958 3216 per
991 3143 1138 3199 istud
1169 3141 1427 3196 Servator
1461 3138 1778 3195 Iudaeorum
1812 3139 1999 3209 suspi-

420 3246 637 3300 cionem
669 3239 952 3309 redarguit
979 3246 1032 3292 et
1061 3234 1287 3291 refellit.
1324 3233 1419 3288 Est
1445 3241 1630 3288 autem
1663 3251 1677 3289 :
1719 3252 1737 3286 ι
1773 3232 2005 3287 Etiamsi

420 3338 490 3392 de
526 3337 734 3405 meipso
793 3330 1173 3388 testimonium
1222 3327 1359 3396 fero,
1413 3326 1790 3382 testimonium
1823 3340 2005 3380 meum

420 3442 610 3482 verum
638 3432 721 3479 est
741 3423 808 3477 θ’.
847 3441 867 3473 ι
917 3419 1109 3490 Cogita
1161 3418 1453 3473 Dominum
1499 3416 1603 3472 hoc
1637 3415 1844 3470 inloco
1882 3429 2009 3485 pro-

422 3517 599 3589 priam
635 3531 790 3571 suam
835 3513 1070 3568 sententi
1112 3527 1164 3566 m
1200 3525 1404 3581 ponere
1428 3524 1493 3564 ac
1524 3507 1882 3580 pronuntiare
1912 3525 1925 3562 :
1957 3517 2011 3562 ct

421 3619 719 3683 praetextns
748 3609 837 3663 ille
862 3606 1216 3663 dubitationis
1255 3619 1539 3661 accessum
1574 3618 1684 3658 non
1715 3602 1954 3658 admittit
1994 3619 2006 3655 :

423 3714 517 3759 aut
551 3702 598 3758 si
654 3711 709 3756 tu
743 3699 918 3755 mavis
961 3697 1272 3768 tdilIieulter
1305 3695 1452 3751 enim
1505 3694 1748 3765 suppetit
1779 3694 2011 3748 facultas

423 3796 492 3850 ad
551 3792 796 3848 omnium
864 3790 1267 3847 dubitationum
1342 3785 1670 3856 solutiones)
1721 3784 2013 3854 dupliciter

425 3881 763 3937 consumtus
805 3888 925 3934 erat
956 3878 1222 3932 Dominus
1257 3885 1450 3930 noster
1474 3873 1636 3929 Jesus
1669 3873 1948 3937 Christus,
1984 3887 2014 3926 e

430 3974 636 4029 Deitate
665 3971 924 4026 nimirum
977 3978 1031 4024 et
1068 3968 1430 4024 humanitate.
1462 3966 1600 4020 Illud
1626 3965 1834 4020 dictum
1863 3983 1878 4020 :
1909 3985 1927 4016 ι
1957 3963 2014 4019 Si

429 4058 805 4114 testimonium
833 4071 935 4128 ego
991 4056 1274 4126 perhibeo,
1311 4074 1329 4108 ι
1371 4064 1502 4120 etc.,
1538 4054 1842 4110 secundum
1869 4054 2014 4125 leges

426 4152 683 4206 humanae
723 4158 932 4204 natura:
975 4147 1412 4220 intelligendum,
1447 4146 1726 4218 quomodo
1758 4157 1812 4202 et
1844 4148 2016 4202 multa

427 4247 656 4315 insuper
712 4242 818 4298 alia
887 4243 1274 4312 suscipiemus.
1341 4241 1514 4297 Nemo
1551 4241 1698 4296 enim
1731 4241 2014 4296 hominum

428 4338 494 4392 de
525 4336 708 4407 seipso
736 4335 917 4392 ferens
935 4335 1310 4392 testimonium
1342 4335 1498 4391 testis
1531 4334 1634 4390 ﬁde
1671 4333 1869 4403 dignus
1894 4342 2014 4390 est:

2107 3134 2195 3212 ἦς,
2230 3139 2338 3212 πρὸ
2360 3141 2634 3206 ἁπάντων,
2659 3141 2686 3194 ό
2717 3140 2908 3213 Σωτὴρ
2929 3141 3027 3213 τὴν
3052 3140 3163 3195 τῶν
3193 3141 3464 3195 Ἰουδαίων
3493 3142 3706 3212 ὑπόληο-

2109 3232 2200 3303 div
2230 3232 2442 3302 ἐλέγχει
2469 3232 2563 3286 καὶ
2592 3232 2943 3304 διακρούεται
2968 3249 2982 3263 ο
3015 3235 3076 3287 τὸ
3105 3232 3182 3297 δὲ,
3216 3251 3235 3284 ‹
3265 3231 3387 3286 Κάν
3403 3231 3515 3302 ὲγὼ
3549 3250 3705 3305 μαρ-

2109 3322 2261 3394 τυρῶ
2291 3323 2421 3394 περὶ
2466 3322 2729 3399 ἐμαυτοῦ,
2759 3325 2791 3393 ἡ
2822 3321 3096 3396 μαρτυρία
3123 3340 3224 3394 μου
3262 3323 3474 3394 ἀληθής
3499 3324 3624 3376 ἐστι
3644 3341 3657 3354 ·
3679 3342 3700 3375 ο

2110 3415 2212 3486 τὴν
2246 3414 2380 3468 ίδίαν
2406 3415 2622 3469 τιθέντα
2659 3414 2846 3484 ψῆφον
2904 3415 3004 3468 καὶ
3034 3415 3474 3485 ἀποφαινόμενον
3523 3417 3709 3468 εἰπεῖν

2113 3508 2204 3562 τὸν
2232 3508 2507 3579 Δεσπότην
2551 3507 2760 3579 νόμιζε,
2791 3507 2888 3561 καὶ
2931 3507 3286 3580 παρείσδυσιν
3319 3508 3417 3578 οὑχ
3459 3508 3572 3575 ἕξει
3606 3509 3707 3575 τῆς

2114 3601 2349 3673 ἀπορίας
2379 3604 2411 3674 ἡ
2451 3600 2744 3674 πρόφασις.
2786 3601 2858 3654 ’Ἦ
2888 3602 2938 3654 εἶ
2984 3600 3163 3672 βούλει
3190 3601 3313 3671 (οὐκ
3360 3603 3568 3673 ἄπορον
3593 3604 3707 3673 γὰρ

2113 3696 2194 3758 είς
2226 3693 2505 3757 ὲπιλύσεις
2528 3695 2628 3764 τῆς
2648 3694 2976 3771 ἀληθείαςὴ
3007 3694 3284 3766 δύναμις),
3310 3694 3636 3758 ὲπιδιπλοῦς
3655 3698 3705 3731 ιι·

2112 3784 2198 3859 ἦν,
2225 3789 2254 3841 ό
2286 3788 2491 3858 Κύριος
2526 3788 2685 3860 ἡμῶν
2722 3790 2932 3860 Ἰησοῦς
2958 3793 2986 3844 ό
3018 3789 3253 3860 Χριστὸς
3279 3826 3295 3852 ,
3333 3789 3397 3841 ὲκ
3444 3786 3708 3857 θεότητος

2115 3884 2211 3936 καὶ⁷
2263 3881 2704 3953 ἀνθρωπότητος.
2748 3883 2823 3936 Τὸ
2869 3882 2968 3952 μὲν
2993 3921 3009 3948 ,
3048 3899 3067 3932 ι
3107 3879 3236 3936 Ἐὰν
3274 3878 3387 3948 ἐγὼ
3429 3877 3706 3950 μαρτυρῶ

2118 3975 2248 4047 περὶ
2276 3973 2543 4046 ἐμαυτοῦ,
2587 3975 2621 4044 ἡ
2655 3975 2930 4046 μαρτυρία
2960 3991 3061 4044 μου
3091 3973 3193 4026 οὑκ
3221 3971 3369 4027 ἔστιν
3399 3969 3610 4041 ἀληθής
3640 3986 3655 3998 ·
3682 3988 3700 4020 ι

2117 4067 2267 4139 νόμῳ
2294 4065 2510 4136 φύσεως
2527 4067 2626 4136 τῆς
2648 4067 3001 4138 ἀνθρωπίνης
3019 4108 3032 4132 ,
3058 4064 3366 4135 ὥσπεροκαὶ
3390 4063 3564 4117 πολλά
3583 4062 3705 4116 ’ἐτε-

2120 4176 2210 4231 ρα,
2245 4166 2270 4192 ο
2300 4157 2693 4228 διαληψόμεθα.
2723 4157 2913 4221 Οὐδεὶς
2962 4157 3072 4228 γὰρ
3118 4154 3423 4227 ἀνθρώπων
3463 4157 3544 4219 είς
3602 4154 3704 4226 τὴν

2119 4250 2280 4315 αὐτὸς
2338 4249 2502 4304 αὑτοῦ
2543 4249 2852 4322 μαρτυρίαν
2903 4249 3252 4313 ἀξιόπιστος’
3285 4250 3347 4302 τὸ
3383 4248 3461 4313 δὲ,
3502 4267 3523 4300 ι
3577 4247 3704 4300 Ἐἀν

2121 4343 2234 4411 ἐγὼ
2279 4341 2542 4414 μαρτυρῶ
2575 4343 2704 4410 περὶ
2747 4341 3013 4413 ἐμαυτοῦ,
3047 4343 3080 4411 ἡ
3114 4341 3390 4412 μαρτυρία
3425 4357 3530 4410 μου
3562 4339 3702 4411 ἀλη-

430 4438 486 4485 at
518 4449 536 4483 ι
575 4432 620 4485 si
651 4445 752 4501 ego
782 4429 1160 4486 testimonium
1198 4428 1266 4484 de
1289 4443 1374 4483 me
1393 4427 1678 4499 perhibeo,
1707 4446 1726 4479 ι
1765 4436 1896 4494 etc.,
1927 4442 2002 4482 se-

2121 4431 2222 4503 θής
2271 4432 2439 4496 ἐστιν,
2489 4430 2764 4502 ἀξιώματι
2832 4433 2927 4486 καὶ
2975 4431 3197 4503 ἐξουσίᾳ
3252 4432 3350 4503 τῆς
3400 4431 3701 4503 θεότητος·

429 4523 673 4580 cundum
707 4521 1030 4593 dignitatem
1073 4529 1128 4577 et
1172 4520 1472 4590 potentiam
1523 4519 1761 4576 deitatis.
1821 4517 2016 4574 Nullus

430 4614 577 4668 enim
611 4612 819 4682 indiget
848 4611 1107 4682 suprenla
1133 4612 1380 4666 omnium
1423 4609 1631 4666 Natura
1663 4619 1718 4665 et
1755 4610 2018 4666 Dominus

430 4707 514 4760 vel
550 4705 852 4760 testimonii
894 4703 982 4758 vel
1023 4703 1458 4759 conﬁrmationis
1516 4702 1780 4768 aliunde;
1834 4709 2020 4771 utpote

432 4813 555 4867 quae
613 4796 684 4850 ab
738 4796 886 4850 intus
937 4804 992 4850 et
1025 4811 1065 4851 e
1096 4795 1261 4851 domo
1299 4796 1457 4850 ﬁdem
1505 4793 1608 4849 sibi
1656 4793 2018 4848 adhibendam

435 4895 695 4957 procurat
724 4903 740 4952 ;
796 4886 891 4942 sed
939 4887 1174 4944 ulterius
1201 4888 1324 4942 aliis
1357 4886 1618 4941 omnibus
1653 4885 1854 4956 quibus
1887 4883 2020 4940 ﬁdes

441 4976 751 5047 adhibetur,
783 4989 1047 5051 tanquam
1078 4980 1202 5036 fons
1231 4979 1560 5036 exsistendae
1586 4986 1640 5033 et
1661 4976 2022 5034 subsistendae

443 5071 568 5128 ﬁdei
595 5081 680 5127 est
712 5088 776 5128 ac
834 5075 1010 5144 origo.
1059 5072 1127 5128 Et
1171 5074 1289 5129 haec
1344 5073 1595 5127 sullicere
1631 5079 1890 5141 tanquam
1925 5085 2023 5140 per

445 5164 721 5236 epitomen
770 5166 1016 5222 sublecta
1060 5166 1407 5222 crediderim.
1457 5165 1596 5220 Sunt
1630 5159 2022 5235 prieterea'non

443 5272 632 5328 paucae
695 5259 1000 5316 solutiones
1062 5258 1485 5323 antedictorum,
1523 5272 1645 5327 quae
1682 5254 1856 5328 magis
1881 5254 2022 5310 dila-

513 5371 744 5430 “Joan.
786 5392 837 5441 v,
869 5375 957 5431 51.
1034 5376 1079 5408 ⁸³
1108 5375 1268 5432 Joan.
1297 5392 1396 5432 vm
1452 5375 1540 5430 14.

2122 4523 2431 4593 ἀπροσδεὴς
2459 4523 2568 4594 γάρ
2598 4524 2632 4594 ἠ
2667 4523 2854 4577 πασῶν
2887 4525 3150 4578 ἀνωτάτω
3205 4523 3388 4591 φύσις,
3431 4523 3527 4577 καὶ
3560 4523 3702 4577 πάν-

2120 4629 2230 4668 των
2262 4613 2565 4683 Δεσπότης,
2595 4616 2694 4686 τῆς
2724 4614 3331 4686 ἑτέρωθενμαρτυρίας
3353 4613 3445 4668 καὶ
3473 4613 3706 4685 βεδαιὼ-

2124 4720 2286 4771 σεως,
2310 4705 2410 4758 οὑκ
2428 4705 2639 4758 οἴκοθεν
2661 4705 2823 4777 μόνον
2837 4705 3252 4776 προϐαλλομένη
3276 4707 3336 4760 τὸ
3353 4705 3703 4770 αὑτόπιστον,

2126 4797 2262 4852 ἀλλά
2283 4797 2393 4868 γὰρ
2423 4797 2518 4850 καὶ
2543 4800 2657 4861 τοῖς
2679 4798 2863 4862 ἄλλοις
2889 4798 3117 4863 ἅπασιν,
3143 4793 3226 4862 οἷς
3270 4797 3330 4851 τὸ
3378 4797 3573 4851 πιστὸν
3605 4815 3704 4850 πε-

2130 4889 2420 4962 ριγίνεται,
2457 4888 2646 4960 ὥσπερ
2699 4887 2852 4960 πηγὴ
2882 4888 3192 4954 οὑσιώσεως
3238 4891 3332 4942 καὶ
3378 4889 3702 4958 ὑπάρξεως,

2128 4977 2269 5032 οὑτω
2293 4978 2351 5032 δὲ
2397 4979 2492 5032 καὶ
2543 4977 2886 5043 ἀξιοπιστίας
2936 4979 3280 5049 ὑπάρχουσα.
3328 4977 3487 5032 Ἀλλά
3533 4979 3706 5032 ταῦτα

2132 5071 2256 5143 μὲν,
2285 5071 2359 5136 ὡς
2405 5069 2526 5124 κατ’
2557 5070 2826 5142 ἐπιτομὴν
2861 5069 3063 5134 ίκανῶς
3100 5071 3245 5141 ἔχειν
3286 5066 3460 5142 οἶμαι.
3498 5069 3621 5124 Εἰσὶ
3651 5069 3705 5122 δὲ

2132 5165 2228 5217 καὶ⁵
2256 5162 2366 5216 τῶν
2395 5163 2704 5235 εἰρημένων
2731 5164 2812 5226 είς
2839 5162 3040 5226 πλάτος
3070 5163 3274 5233 μᾶλλον
3293 5163 3704 5234 ἀποτεινόμεναι

2131 5254 2223 5308 τοῦ
2257 5253 2628 5326 προκειμένου
2657 5253 2842 5318 λύσεις
2858 5255 2960 5309 οὐκ
2992 5255 3201 5324 ὀλίγαιο
3233 5249 3321 5318 αἷς
3345 5256 3426 5310 ὅτι
3448 5257 3570 5318 ταῖς
3604 5271 3705 5308 παι

1767 5464 2004 5522 νΑιιιΑε
2045 5462 2450 5521 LECTIONES.

524 5634 545 5671 ι
575 5631 636 5686 C.
661 5631 732 5686 Μ,
777 5633 888 5686 οὐδ’

445 5705 499 5740 ¹⁸⁶
524 5701 586 5762 C.
622 5701 693 5758 Μ.
721 5701 758 5758 ι.
925 5701 960 5760 tt
983 5701 1109 5759 ἐπεῖ
1125 5701 1372 5769 διπλοῦς.
1449 5716 1469 5735 °
1497 5701 1790 5779 εἰρῆσθαι..

927 5634 962 5704 ἡ
987 5632 1316 5710 πρόρρησις,
1338 5633 1457 5689 sine
1486 5632 1643 5710 signo
1673 5635 2137 5710 interrogationis.

2260 5646 2297 5667 "
2332 5636 2419 5691 ίσ.
2450 5635 2656 5690 λαθεῖν.
2774 5645 2795 5671 ι’
2828 5633 2891 5690 C.
2932 5631 3001 5687 SI.
3035 5631 3121 5686 hic
3179 5630 3304 5688 add.
3357 5628 3702 5702 προλέγεται.
