3880 6206
214 229 322 296 613

1051 228 1148 286 AD
1188 223 1782 286 AMPHILOCHIUM
1811 219 2158 295 ΟΗΑΞΞΤΙΟ
2197 216 2464 290 XCVIII,
2508 215 2712 276 XCIX.

3373 209 3479 274 Oli

211 339 431 410 τρικαῖς
464 332 806 406 ἐνομιλοὺντι
841 331 1044 404 βίϐλοις
1085 334 1215 404 ῥᾷόν
1237 335 1389 386 ἐστιν
1410 332 1675 403 ἐντυχεῖν,
1700 330 1793 384 καὶ
1821 383 1824 394 ,

1930 338 2102 394 mtur,
2137 328 2190 382 in
2231 341 2372 396 quas
2400 323 2559 379 facile
2611 334 2691 388 tu,
2724 321 2816 391 qui
2850 320 3072 377 Patrum
3125 321 3345 377 lectiont
3378 337 3484 377 as-

211 429 470 502 οὑδεμίαν
497 428 746 497 ἀνάγκην
776 425 888 496 ὁρῶ
900 428 1016 488 τοῖς
1040 427 1246 498 ἐτέρων
1267 425 1546 498 φροντίσιν
1569 423 1794 496 ἐμαυτῷ

215 517 646 588 συναπαρτίζειν
680 515 742 568 τὸ
791 515 1023 586 ῥᾷστονο
1053 512 1195 568 ἑκὼν
1235 512 1331 566 νῦν
1379 509 1603 582 ἀφίημι.
1644 509 1797 564 Είδὲ-

213 629 306 666 ναι
326 611 512 681 μέντοι
536 607 662 680 χρὴ,
678 608 760 661 ὅτι
785 607 879 660 καὶ
896 605 1148 670 τὸ,‹Ἑὰν
1173 602 1284 674 ἐγὼ
1302 605 1509 670 δοξάζω
1531 606 1556 657 ὲ
1565 605 1795 674 μαυτὺν,

213 707 249 775 ἡ
288 704 414 769 δόξα
445 720 547 774 μου
609 701 760 756 οὐδέν
807 699 1055 771 ἐστινοῆ
1095 699 1186 754 διὰ
1223 701 1325 770 τῆς
1363 693 1483 753 κατ’
1529 697 1799 768 ἐρώτησιν

215 795 606 865 ἀναγνώσεως,
644 793 676 864 ἢ
709 792 855 846 κατὰ
903 794 1030 856 τοὺς
1071 793 1454 862 προσήκοντας
1506 789 1705 860 νόμους
1729 792 1796 862 τῇ

214 893 539 964 ἀνθρωπίνῃ
571 889 754 960 φύσει,
793 890 854 942 τὸ
882 889 1044 960 ῥητὸν
1077 887 1328 958 εἰρῆσθαι
1349 885 1799 951 ὲξακοὺοντεςείς

214 985 479 1057 οὐδεμίαν
511 984 577 1038 ἂν
610 982 910 1051 συςήτησιν
939 977 1450 1048 περιενεχθείημεν.

768 1274 1104 1328 ΒΡΩΤΗΣιΣ
1129 1273 1246 1341 ιιθυ.

1902 410 2113 484 ειιείὶε,ξ
2147 415 2385 471 incidere
2414 413 2590 484 possis
2615 429 2631 479 ;
2668 427 2769 467 nec
2796 413 2960 467 ullam
2994 413 3263 483 perspicio
3293 429 3486 470 neces-

1901 509 2137 571 sitatam,
2205 523 2303 562 cur
2362 521 2464 578 ego
2518 508 2588 562 ab
2663 507 2896 562 aliorum
2954 507 3190 562 inventis
3240 516 3487 564 astruam

1905 601 2154 656 mihimet
2201 599 2556 666 facilitatem;
2611 599 2784 655 libens
2817 614 2946 670 ergo
2993 600 3263 654 omittam.
3298 599 3490 654 Scien-
3540 663 3546 670 _

1906 693 2035 748 dum
2067 706 2233 762 porro
2263 703 2444 746 tamen
2467 701 2571 758 est,
2604 695 2752 762 quod
2782 691 3001 746 effatum
3037 692 3190 748 illud.
3231 712 3249 744 ι
3287 693 3343 746 Si
3375 693 3494 763 glo-
3531 715 3538 752 :

1909 781 2064 837 ritico
2095 781 2388 851 meipsum,
2421 783 2593 854 gloria
2627 798 2747 839 mea
2801 783 2938 837 nihil
2973 791 3058 838 est
3076 783 3122 814 ⁸⁸
3154 800 3166 836 :
3204 800 3223 834 ι
3281 783 3364 839 vel
3396 798 3493 853 per

1907 873 2386 944 interrogationem
2461 875 2775 945 legendum,
2833 884 2929 930 aut
2991 876 3290 932 secundum
3346 877 3494 946 leges

1907 981 2030 1036 quae
2084 974 2398 1036 congruunt
2449 966 2706 1022 humanae
2777 977 2986 1024 natura:
3050 969 3490 1040 intelligendum.

1911 1058 2089 1128 Atque
2119 1057 2192 1112 ita
2221 1073 2330 1114 non
2383 1058 2511 1124 erit,
2555 1074 2654 1114 cur
2682 1059 2750 1114 ab
2781 1060 2908 1116 ullis
2947 1061 3349 1132 qumstinnibus
3380 1063 3494 1117 cir-

1912 1163 2290 1221 cumagamur.

1922 1265 2252 1332 QUIESTIO
2288 1268 2473 1324 XCIX.
2506 1268 2696 1341 [CoisL
2748 1269 2996 1324 CCLXII.
3048 1269 3210 1327 Taur.
3250 1268 3493 1342 CCLIII.]

223 1391 367 1442 Edita
391 1406 415 1440 a
441 1357 761 1448 Montacutio,
811 1402 891 1450 ep.
949 1387 1054 1448 181,
1092 1386 1158 1436 ad
1185 1384 1429 1446 Eulamp.,
1466 1397 1514 1444 p.
1537 1379 1898 1492 25:33:72.8
1921 1381 2335 1505 Ii;l§;igrr2.verba
2374 1380 2606 1444 discipuli
2638 1384 2814 1434 Joann.
2846 1396 2944 1442 xxv,
2984 1385 3029 1443 5,
3077 1398 3186 1433 cum
3209 1386 3498 1447 praeceden-

304 1565 386 1635 Τῇ
417 1563 724 1631 Δεσποτικῇ
760 1562 910 1630 φωνῇ
939 1562 1004 1631 τῇ
1035 1535 1296 1629 λεγούσῃ,
1336 1575 1353 1606 ι
1389 1556 1565 1608 Ὅπου
1610 1551 1808 1620 ὑπάγω

1986 1550 2044 1606 In
2072 1551 2354 1609 Dominico
2386 1555 2478 1609 illo
2521 1555 2896 1624 pronuntiato,
2930 1572 2948 1606 ι
2969 1553 3089 1621 Quo
3115 1571 3216 1631 ego
3246 1557 3384 1612 vado
3410 1557 3498 1612 in-

227 1655 346 1723 ἐγὼ
375 1655 576 1722 οἴδατε,
604 1655 699 1707 καὶ
723 1653 822 1722 τὴν
854 1651 972 1705 ὁδὸν
1012 1651 1214 1716 οἴδατε,
1249 1669 1268 1700 ι
1299 1649 1400 1702 οὐκ
1450 1643 1812 1708 ἁνακόλουθος

225 1747 354 1800 οὑδὲ
382 1745 640 1800 τάναντία
665 1744 961 1814 φθέγγεται
989 1744 1021 1812 ἡ
1047 1742 1141 1795 τοῦ
1162 1739 1409 1812 μαθητοῦ
1428 1737 1776 1806 ὑποερώνησις
1793 1749 1809 1767 ο

231 1853 252 1885 ‹
293 1835 490 1906 Κύριε,
521 1835 621 1888 οὑκ
677 1833 901 1903 οἴδαμεν
934 1831 1039 1885 ποῦ
1076 1833 1332 1899 ὑπάγεις.
1370 1829 1464 1884 καὶ
1508 1827 1624 1890 πῶς
1652 1825 1814 1879 δυνά-

229 1927 378 1996 μεθα
409 1926 505 1997 τὴν
527 1925 648 1979 ὁδὸν
679 1924 885 1993 γνῶναι
911 1941 925 1989 ;
965 1942 982 1975 ι
1021 1923 1097 1978 Οὑ
1140 1923 1254 1994 γάρ
1284 1921 1506 1984 ἁπλῶς,
1539 1919 1645 1973 οὐδ’
1673 1920 1814 1972 cirro-

226 2021 408 2082 λὺτως
452 2018 631 2081 τοῦτο,
681 2018 804 2072 οὑδὲ
847 2017 1021 2090 χωρίς
1055 2034 1200 2080 τινος
1244 2014 1665 2086 προηγουμένης
1691 2011 1816 2063 ὑπο-

228 2112 438 2172 θέσεως
477 2110 696 2181 εἴρηται
722 2126 737 2140 ·
771 2109 887 2163 ἀλλ’
916 2109 1030 2180 ἔχει
1059 2098 1553 2178 προηγούμενον,ᾧ
1573 2105 1666 2157 καὶ
1690 2121 1816 2156 συν-

227 2203 467 2255 ἅπτεται
527 2200 613 2263 τὸ,
683 2219 702 2252 t
759 2201 930 2254 Πάλιν
975 2199 1232 2271 ἔρχομαι,
1281 2199 1378 2250 καὶ
1416 2195 1816 2268 παραλήψομαι

231 2294 400 2363 ὑμᾶς.
439 2313 456 2344 ι
488 2292 660 2346 Τοῦτο
690 2293 799 2362 γάρ
829 2291 1022 2358 εἰπὼν,
1048 2289 1406 2345 ἐπισυνάπτει
1427 2289 1516 2342 διὰ
1543 2287 1634 2342 τοῦ
1655 2327 1668 2351 ,
1693 2289 1815 2351 ἵνα,

233 2386 334 2438 καὶ
371 2387 470 2457 τὴν
503 2387 684 2440 αἰτίαν
714 2387 812 2456 τῆς
846 2386 1215 2457 παραλήψεως
1249 2387 1327 2449 εἰς
1355 2384 1482 2456 τρία
1512 2382 1686 2437 ταῦτα
1737 2383 1820 2435 δι-

231 2478 374 2530 ελὼν
401 2479 574 2550 αὑτήν
605 2496 618 2509 ·
661 2479 743 2542 εἷς
769 2497 829 2533 τε
859 2479 921 2532 τὸ
957 2475 1096 2533 εἶναι
1121 2480 1244 2542 τοὺς
1277 2477 1549 2548 μαθητὰς,
1573 2476 1701 2530 ἔνθα
1725 2475 1821 2530 καὶ

231 2572 262 2622 ὁ
292 2571 625 2634 Διδάσκαλος
649 2587 662 2600 ·
700 2572 798 2625 καὶ
845 2573 926 2634 εἰς
958 2571 1020 2624 τὸ
1053 2570 1251 2624 εἰδέναι
1280 2571 1414 2624 ὅπου
1455 2569 1689 2638 ὑπάγει’
1725 2569 1821 2623 καὶ

233 2664 318 2725 εἰς
353 2664 412 2715 τὸ
445 2664 544 2732 τὴν
568 2664 685 2717 ὁδὸν
710 2665 931 2720 είδέναι.
961 2665 1097 2736 Φησὶ
1129 2663 1259 2736 γὰρ,
1300 2684 1316 2714 ι
1358 2663 1525 2716 [Ιάλιν
1561 2662 1818 2733 ἔρχομαι,

235 2757 334 2809 καὶ
395 2757 788 2828 παραλήψομαι
853 2759 998 2828 ὑμᾶς
1045 2758 1181 2827 πρὸς
1239 2755 1502 2826 ἐμαυτόν.
1543 2775 1561 2807 ι
1593 2755 1692 2808 Διά
1729 2755 1820 2821 τίς

243 2869 263 2902 ι
300 2851 424 2904 Ἵνα
475 2853 610 2903 ὅπου
653 2851 772 2920 εἰμὶ
802 2849 936 2920 ἐγὼ,
971 2851 1065 2905 καί¹
1095 2850 1254 2920 ὑμεῖς
1283 2844 1381 2920 ἦτε
1403 2865 1417 2880 ·
1453 2847 1551 2901 καὶ
1577 2847 1663 2901 ἵνα
1688 2848 1822 2900 ὅπου

237 2943 439 3010 ὑπάγω
469 2943 671 3008 οἴδατε,
709 2944 802 2996 καὶ
833 2944 919 2996 ἵνα
956 2942 1054 3013 τὴν
1093 2943 1210 2996 ὁδὸν
1252 2941 1433 2995 οἴδατε
1465 2957 1478 2971 ·
1523 2959 1542 2992 ›
1577 2939 1674 2993 τοῦ
1698 2941 1819 3005 ἵνα,

236 3037 370 3105 δηλο
389 3036 483 3088 ;ὁτι
518 3040 636 3100 ταῖς
669 3038 847 3106 τρισὶν
877 3035 1102 3100 αἰτίαις,
1132 3035 1205 3099 ὡς
1228 3034 1488 3098 πολλάκις
1510 3033 1688 3093 εἴωθε.
1711 3050 1826 3086 κοι-

238 3131 655 3200 νοποιουμένου.
716 3129 928 3183 Οὐκοῦν
979 3129 1058 3194 τὸ,
1093 3129 1298 3182 εἰδέναι
1321 3127 1422 3199 τὴν
1449 3127 1606 3181 ὀδόν·
1636 3127 1733 3180 καὶ
1764 3127 1826 3180 τὸ

215 3221 376 3274 ’ὅπου
432 3221 656 3290 ὑπάγει,
684 3219 839 3273 οὑπω
879 3221 1068 3288 ἔλεγεν
1103 3220 1288 3282 αὐτοῖς
1314 3221 1604 3290 παρεῖναι·
1637 3217 1826 3288 ὥσπερ

237 3313 365 3367 οὑδὲ
399 3313 480 3378 τὸ,
515 3314 596 3377 είς
642 3311 908 3384 οὐρανοὺς
950 3311 1099 3382 αὑτῷ
1149 3314 1430 3366 συνεῖναι·
1465 3311 1580 3365 ἀλλ’
1606 3312 1687 3374 εἰς
1735 3311 1828 3364 τὸν

239 3404 338 3458 τοῦ
371 3402 766 3474 ἐπανέρχεσθαι
799 3404 1017 3475 καιρδν,
1072 3403 1168 3455 καὶ
1226 3402 1680 3488 παραλαμϐάνειν
1728 3403 1828 3455 αὑ-

239 3499 396 3560 τοὺς,
451 3494 848 3566 τεταμιεῦσθαι
907 3497 1094 3559 αὑτοῖς
1135 3495 1332 3549 ταῦτα.
1365 3495 1545 3566 Τριῶν
1588 3495 1684 3550 οὑν
1715 3499 1830 3561 τοῖς

245 3589 552 3660 μαθηταῖς,
612 3589 754 3643 κατὰ
778 3590 879 3661 τὴν
910 3589 1191 3654 ἐπάνοδον,
1242 3587 1624 3659 ὑπισχομένων
1648 3607 1663 3620 ·
1694 3590 1831 3642 ἀπο-

243 3680 546 3752 θαυμάζων
570 3683 599 3735 ὀ
629 3681 832 3752 Θωμᾶς
855 3681 915 3735 τὸ
945 3682 1177 3754 μέγεθος
1231 3682 1341 3736 τῶν
1375 3683 1828 3754 ἐπηγγελμένων,

243 3776 347 3828 ᾶτε
362 3774 426 3844 δὴ
445 3773 580 3844 μηδὲ
605 3773 698 3826 τοὺ
726 3773 1008 3837 ἐλάττονός
1034 3791 1119 3827 πω
1154 3777 1213 3828 ὲν
1240 3775 1544 3845 καταλήψει
1568 3774 1830 3844 γεγονὼς,

243 3866 478 3928 εἰκότως
505 3863 904 3934 διαμφισϐητεῖ
938 3865 1056 3929 πῶς
1106 3866 1165 3919 ὲν
1229 3866 1452 3937 μεθέξει
1508 3868 1832 3937 γενήσονται

244 3956 360 4008 τῶν
424 3955 721 4026 μειζόνων·
755 3956 978 4009 ἔλαττον
1017 3958 1125 4027 γὰρ
1171 3959 1232 4012 τὸ
1279 3961 1480 4013 εἰδέναι
1518 3960 1833 4022 ἁπλῶςποῦ

1915 1645 2174 1715 telligitis,
2227 1655 2282 1701 et
2327 1645 2476 1700 viam
2513 1647 2688 1702 nostis
2713 1647 2778 1711 “,
2821 1665 2840 1697 ›
2872 1649 3020 1702 nulla
3048 1647 3498 1718 inconsequentia

1915 1737 2209 1807 reperitur,
2242 1739 2324 1793 vel
2369 1740 2733 1795 contrarietas
2780 1743 2836 1796 in
2881 1741 3133 1813 discipuli
3181 1743 3496 1813 subloquio,

1921 1846 1940 1878 c
1984 1827 2231 1896 Domine,
2284 1846 2390 1885 non
2439 1831 2693 1888 novimus
2748 1849 2860 1902 quo
2905 1835 3080 1901 vadis,
3121 1843 3174 1889 et
3220 1830 3500 1905 quomodo

1916 1920 2059 1974 viam
2109 1936 2440 1992 cognoscere
2494 1926 2796 1994 poterimus
2843 1927 2932 1980 ‘5?
2989 1946 3010 1979 ι
3079 1925 3200 1980 Non
3245 1927 3391 1981 enim
3445 1927 3500 1981 id

1917 2013 2257 2083 simpliciter,
2290 2031 2396 2070 non
2427 2016 2706 2073 indeﬁnite
2749 2018 2974 2083 dieitur,
3008 2033 3109 2074 nec
3144 2019 3264 2073 sine
3295 2034 3502 2089 praece-

1917 2105 2078 2162 dente
2117 2109 2354 2177 quodam
2402 2119 2765 2181 argumento;
2801 2112 2967 2166 habet
2993 2113 3138 2166 enim
3169 2112 3300 2182 quid
3348 2128 3504 2182 pra:—

1919 2199 2120 2254 cedens
2147 2201 2236 2255 cui
2281 2201 2648 2265 subnectitur,
2689 2203 2950 2258 nimirum
2998 2204 3178 2258 illud:
3219 2223 3238 2256 ς
3287 2202 3503 2259 Rursus

1919 2295 2219 2362 reveniam,
2273 2302 2328 2350 et
2379 2312 2658 2352 assumam
2692 2312 2789 2352 vos
2841 2299 2909 2352 ad
2960 2313 3046 2352 me
3076 2299 3142 2353 “.
3201 2318 3220 2350 ›
3265 2297 3380 2353 Hoc
3411 2298 3504 2352 ubi

1921 2384 2156 2453 dixerat,
2185 2388 2428 2442 annectit
2457 2404 2552 2458 per
2581 2389 2689 2452 ἵνα,
2735 2397 2999 2459 tanquam
3037 2404 3258 2449 causam
3286 2404 3506 2445 assura-

1922 2480 2126 2548 ptionis
2156 2481 2441 2550 tripliciter
2479 2481 2866 2536 distributam:
2900 2482 3100 2551 primo,
3136 2490 3192 2536 ut
3223 2481 3504 2552 discipuli,

1924 2571 2016 2625 ubi
2049 2569 2326 2642 Magister,
2359 2573 2692 2635 consistant,
2728 2583 2786 2626 ut
2815 2582 3152 2644 cognoscant
3178 2588 3288 2642 quo
3316 2573 3504 2639 vadit;

1923 2674 1979 2720 et
2008 2674 2066 2719 ut
2095 2665 2401 2734 intelligant
2426 2665 2592 2719 viam.
2615 2666 2706 2720 Ait
2731 2667 2878 2724 enim
2919 2685 2932 2722 :
2968 2685 2987 2718 ι
3023 2666 3239 2722 Rursus
3261 2667 3503 2726 veniam.

1925 2765 1981 2812 et
2012 2773 2292 2813 assumam
2323 2773 2422 2812 vos
2452 2758 2520 2812 ad
2558 2775 2664 2813 me.
2699 2778 2719 2810 ›
2760 2759 2870 2814 Cur
2905 2759 3023 2814 ita?
3053 2760 3336 2824 nimirum,
3383 2780 3401 2812 ‹
3435 2758 3511 2814 Ut

1928 2848 2022 2905 ubi
2040 2864 2151 2925 ego
2195 2866 2341 2912 sum,
2377 2859 2432 2906 et
2461 2866 2557 2906 vos
2588 2852 2744 2906 sitis:
2778 2859 2833 2907 et
2864 2867 2975 2922 quo
3007 2852 3202 2907 vadam
3235 2852 3415 2915 scitis,
3453 2862 3510 2906 et.

1929 2942 2074 2997 viam
2099 2943 2251 2999 scitis
2288 2943 2353 2995 ⁸⁷.
2390 2962 2410 2994 ›
2442 2943 2582 3010 Ἵνα,
2615 2951 2672 2998 ut
2709 2943 3024 3014 frequenter
3064 2945 3145 3007 iit,
3179 2944 3353 2999 tribus
3400 2943 3509 2998 illis

1927 3037 2112 3092 causis
2164 3037 2595 3092 communicato.
2643 3036 2848 3108 Igitur,
2881 3037 3026 3091 viam
3080 3038 3243 3102 scire,
3298 3045 3354 3092 et
3397 3049 3510 3106 quo

1927 3131 2098 3198 vadit,
2135 3131 2231 3194 ait,
2263 3130 2408 3185 haud
2437 3131 2566 3184 dum
2596 3129 2663 3184 iis
2692 3130 2968 3200 cognitum
3006 3146 3020 3182 :
3058 3137 3118 3184 ut
3149 3144 3250 3184 nec
3275 3129 3422 3200 quod
3453 3129 3512 3183 in

1928 3225 2087 3281 caelis
2117 3239 2247 3280 cum
2281 3239 2348 3279 eo
2381 3223 2750 3279 versabuntur
2798 3240 2814 3279 :
2845 3223 2941 3279 sed
2972 3224 3088 3278 inec
3121 3223 3361 3293 seposita
3387 3237 3514 3279 esse

1929 3314 2064 3384 ipsis
2095 3314 2319 3384 praemia
2349 3313 2417 3368 ad
2450 3323 2666 3383 tempus
2696 3313 3054 3369 reversionis.
3093 3312 3222 3368 Tria
3248 3319 3378 3368 sunt
3406 3312 3514 3383 igi-

1931 3412 2022 3458 tur
2051 3419 2174 3475 qua:
2209 3403 2498 3473 discipulis
2527 3404 2644 3459 suis
2675 3403 2962 3474 pollicetur
3005 3403 3062 3458 in
3099 3403 3280 3458 reditu
3314 3419 3339 3458 :-
3364 3402 3517 3456 Tho-

1932 3512 2075 3563 mas,
2137 3495 2574 3566 magnitudinem
2631 3495 3030 3564 promissorum
3088 3495 3393 3551 admiratus
3461 3502 3518 3549 et

1931 3584 2335 3648 excellentiam,
2371 3593 2559 3654 utpote
2579 3584 2675 3654 qui
2708 3599 2775 3639 ne
2808 3585 3035 3653 minima
3071 3585 3230 3654 plane
3268 3600 3517 3655 compre-

1934 3678 2173 3733 hendere
2216 3686 2450 3748 poterat,
2512 3677 2866 3749 probabiliter
2911 3677 3195 3734 addubitat
3239 3680 3517 3750 quomodo

1937 3771 2240 3840 majoribus
2297 3770 2672 3842 periruentur.
2724 3771 2860 3826 Nam
2913 3773 3144 3828 omnino
3198 3774 3385 3830 minus
3432 3786 3520 3830 est

1935 3864 2260 3934 simpliciter
2319 3864 2460 3920 scire
2519 3864 2610 3920 ubi
2659 3864 2866 3934 aliquid
2908 3874 3012 3931 est,
3057 3881 3221 3935 quam
3252 3866 3396 3921 viam
3452 3881 3520 3922 eo

1939 3957 2250 4012 tendentem
2285 3965 2470 4012 tenere
2505 3975 2518 4011 :
2554 3966 2610 4012 et
2643 3957 2746 4013 hoc
2769 3957 2932 4011 etiam
2967 3957 3152 4013 minus
3191 3974 3355 4029 quam
3386 3959 3521 4013 illud

244 4049 371 4101 τόδε
405 4050 554 4101 ἐστὶν
575 4089 588 4111 ,
623 4050 768 4120 ἤπερ
814 4049 915 4120 τὴν
970 4051 1296 4118 ἀπάγουσαν
1319 4052 1437 4105 ὁδὸν
1463 4052 1702 4106 εἰδέναι·
1742 4053 1824 4106 καῖ

1938 4052 1993 4105 in
2021 4051 2252 4121 quaesito
2286 4049 2408 4104 loco
2441 4049 2809 4120 acquiescere.
2870 4049 3283 4120 Consequenter
3319 4065 3519 4120 capro—

245 4139 412 4194 τοῦτο
462 4141 642 4206 πάλιν,
700 4141 794 4195 τοῦ
841 4143 901 4195 ὲν
932 4142 1082 4213 αὑτῷ
1105 4143 1205 4214 ἤδη
1229 4142 1308 4214 τῷ
1333 4143 1656 4216 ζητουμένῳ
1684 4148 1836 4214 τόπῳ

1941 4150 2061 4212 pter
2089 4141 2397 4210 discipulus
2428 4140 2663 4204 dubitat,
2697 4155 2799 4194 nec
2834 4139 3085 4196 consistit
3111 4141 3178 4195 ad
3211 4142 3522 4210 oppositum

245 4233 586 4290 διαιτᾶσθαι.
633 4233 956 4298 Ἀκόλουθος
987 4232 1138 4306 οὑνὴ
1179 4235 1274 4289 τοῦ
1322 4236 1567 4306 μαθητοῦ
1604 4237 1824 4306 διαμφι-

1941 4251 2048 4291 vox
2081 4234 2452 4289 inl'ormantis.
2491 4234 2613 4287 Non
2645 4233 2789 4287 enim
2817 4231 3050 4287 allirmat
3077 4233 3220 4288 viam
3267 4234 3390 4289 illos
3426 4235 3524 4288 ad-

251 4325 543 4396 σϐήτησις,
572 4327 667 4386 καὶ
689 4327 841 4380 οὐδὲν
875 4329 942 4397 τῇ
977 4327 1336 4397 διδασκαλικῇ
1385 4329 1536 4397 φωνῇ
1574 4327 1830 4397 μάχεται.

249 4419 328 4473 Οὑ
354 4419 461 4489 γὰρ
491 4421 696 4482 ἐκεῖνος
725 4419 824 4489 τὴν
861 4419 979 4473 ὁδὸν
1003 4420 1202 4484 αὐτοὺς
1236 4420 1338 4492 ἤδη
1366 4420 1570 4491 ἔφησεν
1604 4421 1831 4482 εἰδέναι,

249 4510 284 4579 ἦ
317 4510 460 4562 ὅπου
491 4511 715 4578 ὑπάγει,
757 4509 883 4583 ἢτὸ
929 4512 988 4563 ἐν
1044 4512 1293 4582 οὐρανοῖς
1345 4513 1492 4583 αὑτῷ
1552 4517 1790 4567 συνεῖναι
1817 4531 1830 4543 ’

249 4602 373 4656 ἀλλ’
396 4601 620 4656 ἔσεσθαι
675 4603 860 4664 αὑτοῖς
910 4602 1106 4669 ταῦτα,
1148 4603 1314 4658 Enen?
1340 4603 1406 4658 ἂν
1463 4605 1629 4659 αὑτοῦ
1672 4607 1835 4677 μὲνὴ

251 4693 540 4756 ἐπάνοδος,
571 4692 798 4746 ἐκείνων
827 4692 883 4746 δὲ
914 4693 1279 4766 διαπραχθείη
1305 4696 1685 4771 ὴπρόσληψις.
1715 4698 1838 4750 Ἐπ-

252 4784 443 4848 άνοδος
477 4783 521 4837 δ’
553 4784 618 4837 ἂν
641 4785 728 4856 εἱή
755 4785 848 4838 τοῦ
887 4787 1182 4851 Δεσπὸτου,
1215 4789 1250 4858 ἡ
1289 4789 1426 4857 μετὰ
1465 4788 1556 4841 τὸν
1605 4789 1838 4859 σταυρὸν

252 4879 353 4930 καὶ
383 4878 483 4948 τὴν
518 4878 818 4932 ἀνάστασιν
865 4879 1184 4933 τελεσθεῖσα
1220 4884 1336 4943 τοῖς
1391 4881 1663 4952 μαθηταῖς
1717 4882 1840 4934 ἐπι-

253 4968 456 5037 φάνεια
479 4982 493 4996 ⁸
523 4967 645 5020 καθ’
676 4969 743 5039 ἣν
772 4967 906 5022 Θεὸν
962 4970 1128 5040 αὑτὸν
1158 4970 1374 5041 ἀληθῶς
1433 4972 1837 5039 ἐπεγνωκότες,

252 5063 357 5131 τήν
381 5076 440 5112 τε
472 5061 614 5124 ὁδὸν,
643 5062 737 5114 καὶ
761 5057 821 5115 οὑ
853 5064 1169 5133 πορεύεται,
1206 5064 1441 5134 ἔμαθον,
1474 5066 1570 5116 καὶ
1601 5065 1684 5117 ὅτι
1713 5082 1839 5118 συν-

255 5155 476 5207 ἐσονται
505 5154 658 5224 αὑτῷ
688 5159 746 5208 ἐν
775 5155 1096 5226 ἀδιηγήτοις
1126 5157 1392 5224 ἀγαθοῖς,
1445 5157 1631 5210 οὑκὲτι
1665 5158 1845 5211 διστα-

256 5260 400 5314 γμον
422 5242 594 5316 εἶχον,
620 5245 734 5299 ἀλλ’
765 5247 841 5310 ὡς
874 5248 1124 5313 συνόντες
1157 5249 1260 5320 ἤδη
1293 5253 1410 5311 ταῖς
1443 5250 1657 5304 ἐλπίσιν
1696 5251 1845 5322 ἔχω’

262 5356 378 5408 ρον.
413 5338 484 5391 Ἢ
510 5339 604 5392 οὖν
655 5339 817 5394 τοῦτο
845 5340 997 5412 δηλοῖ
1025 5341 1112 5407 τὸ,
1150 5361 1167 5392 ι
1205 5341 1370 5396 Πάλιν
1389 5343 1645 5415 ἔρχομαι,
1686 5364 1704 5396 ι
1750 5346 1846 5399 καὶ

262 5429 391 5498 ἑξῆς
415 5445 430 5461 θ
458 5431 492 5502 ἢ
526 5433 667 5485 κατὰ
691 5433 790 5503 τὴν
818 5433 1079 5505 δευτέραν
1109 5434 1274 5487 αὑτοῦ
1325 5437 1420 5489 καὶ
1451 5439 1684 5508 φρικτὴν
1713 5455 1846 5508 παρ-

263 5521 454 5578 ουσίαν
497 5526 757 5581 ἐπάνοδον
787 5545 802 5558 ο
834 5528 922 5582 ὅτε
971 5527 1068 5581 καὶ
1096 5527 1195 5599 τὴν
1239 5529 1377 5596 ὁδὸν,
1411 5535 1505 5584 καὶ
1536 5533 1626 5586 τὸν
1664 5534 1844 5604 μακά-

352 5683 395 5718 ⁸³
430 5685 590 5742 Joan.
622 5703 742 5756 vm,
786 5688 874 5743 Si.

955 5691 1000 5718 “
1025 5688 1186 5744 Joan.
1221 5707 1332 5758 ειν,
1360 5692 1412 5745 μί.
1493 5697 1536 5727 ⁸⁵
1579 5695 1710 5749 ibid.

1879 5697 1922 5727 "°
1961 5694 2092 5751 ibid.
2133 5695 2185 5749 ὖ.

1943 4329 2049 4384 huc
2082 4338 2295 4393 tenere,
2324 4327 2409 4381 vel
2441 4342 2551 4396 quo
2573 4325 2751 4393 vadit;
2784 4326 2866 4380 vel
2890 4327 3366 4381 conversationem
3401 4343 3526 4380 cum

1941 4437 2007 4476 eo
2037 4422 2089 4474 in
2134 4419 2313 4485 cmlis,
2350 4419 2444 4474 sed
2481 4418 2731 4472 futurum
2787 4418 2942 4485 olim,
2996 4418 3111 4472 haec
3142 4417 3278 4487 ipsis
3308 4419 3526 4474 innote-

1957 4523 2136 4578 scant,
2195 4528 2318 4566 cum
2369 4520 2676 4567 revertetur
2709 4512 2847 4582 ipse,
2880 4519 2936 4566 ct
2972 4513 3274 4582 assumptio
3304 4513 3528 4566 illorum

1945 4605 2386 4661 continuabitur.
2436 4603 2534 4660 Est
2555 4613 2736 4658 autem
2766 4619 3052 4674 regressus
3081 4604 3172 4658 ille
3202 4605 3526 4669 sacerdotis,

1949 4707 2298 4768 postcrucem
2320 4707 2374 4752 et
2391 4697 2849 4771 resurrectionem
2870 4696 3108 4766 perfecta
3130 4697 3272 4766 apud
3289 4696 3531 4766 discipu-

1947 4791 2032 4844 los
2053 4791 2368 4859 apparentia
2397 4804 2554 4844 :cum
2572 4788 2741 4843 Deum
2766 4789 3087 4858 planissime
3118 4787 3206 4842 ille
3224 4803 3528 4858 agnoscen-

1952 4893 2054 4948 tes,
2083 4895 2138 4938 ct
2174 4884 2316 4938 viam
2345 4884 2663 4946 didicerint,
2702 4891 2756 4938 et
2784 4897 2895 4952 quo
2919 4883 3066 4937 vadit
3103 4899 3116 4936 :
3149 4891 3204 4938 et
3234 4883 3378 4952 quod
3405 4896 3532 4935 cum

1952 4977 2071 5046 ipso
2093 4978 2340 5032 mansuri
2376 4977 2490 5032 sint
2522 4977 2576 5030 in
2611 4975 2872 5032 fruitione
2936 4976 3205 5030 bonorum
3247 4977 3532 5030 ine‘narrao

1953 5069 2177 5134 bilium;
2226 5084 2328 5123 nec
2358 5068 2769 5124 distractionem
2823 5069 2909 5124 hic
2953 5068 3118 5123 ullam
3161 5067 3534 5137 patiebantur,

1952 5164 2046 5219 sed
2079 5179 2184 5217 non
2210 5163 2366 5217 aliter
2388 5178 2552 5233 quam
2591 5163 2638 5218 si
2670 5161 2782 5232 jam
2808 5177 2930 5218 cum
2963 5176 3029 5215 eo
3058 5160 3131 5215 ibi
3155 5169 3530 5225 versarentur,

1951 5257 2026 5312 ita
2063 5271 2160 5328 per
2188 5272 2339 5327 spem
2375 5257 2812 5312 laetiﬁcabantur.
2853 5254 3094 5310 Omnino
3124 5264 3274 5309 certe
3316 5254 3398 5308 vel
3432 5253 3535 5307 hoc

1955 5351 2067 5404 vult
2091 5351 2263 5406 illud:
2303 5369 2320 5402 ι
2361 5349 2576 5406 Rursus
2611 5351 2794 5415 venio,
2840 5369 2858 5402 ι
2899 5348 2981 5403 vel
3030 5362 3340 5418 regressum
3375 5346 3536 5399 intel-

1958 5440 2072 5508 tigit
2097 5441 2151 5495 in
2181 5441 2424 5497 secundo
2453 5441 2627 5511 ipsius
2668 5450 2724 5495 ct
2755 5439 3085 5495 formidabili
3121 5437 3377 5500 adventu,
3411 5450 3536 5490 cum

1956 5543 2008 5587 et
2041 5534 2219 5588 locum
2256 5533 2406 5588 illum
2456 5534 2675 5589 beatum
2731 5544 2785 5588 et
2836 5533 3002 5598 viam,
3047 5541 3099 5587 et
3122 5529 3538 5585 oblectationem

2262 5694 2305 5727 ⁸⁷
2342 5694 2472 5749 ibid.
2516 5695 2568 5747 4.
