3778 6304
376 286 481 355 615

1532 289 1815 351 PHOTII'
1831 286 2336 348 PATRIARCH/E
2373 285 2483 346 CP.

3550 275 3646 342 616

377 407 431 458 in
484 404 698 468 eodem,
756 418 852 476 per
906 414 1168 461 aeternum
1223 402 1462 460 habituri
1511 404 1624 460 sint
1674 403 1927 476 experieu

2089 416 2188 454 ιιον
2220 400 2429 453 ἐκεῖνον
2457 398 2657 469 χῶρον,
2686 396 2781 451 καὶ
2807 394 2918 449 τῶν
2938 396 2996 449 ἐν
3024 392 3173 464 αὐτῷ
3197 389 3307 463 τὴν
3334 390 3646 445 ἀπόλαυσινι

383 508 535 552 tiam.

377 605 710 673 QUJESTIO
750 608 790 662 ο
840 607 1027 680 [eam
1085 603 1370 672 CCLXIII,
1438 604 1602 659 Taur.
1659 602 1959 677 CCLXIV].

449 700 558 753 Cur
590 701 808 771 angelus
849 716 953 754 non
989 700 1123 754 venit
1157 699 1230 771 μά
1267 697 1467 771 Joseplt
1492 708 1795 771 antequam
1842 703 1896 752 in

643 768 1028 825 dubitationem
1057 771 1121 824 de
1157 768 1370 839 Virgine
1396 768 1692 823 incideret?

2065 490 2158 546 διὰ
2198 491 2300 563 τῆς
2326 491 2525 562 πείρας
2551 491 2721 559 αὐτῆς
2754 488 2939 552 ἀῖδίως
2967 488 3225 542 εἴσονται.

2633 603 2969 657 ΕΡΩΤΗΣΙΣ
3013 586 3091 655 ιν.

2066 696 2172 751 Διὰ
2200 697 2257 750 τί
2280 695 2366 767 μὴ
2410 695 2532 767 στρρ
2568 691 2676 767 τοῦ
2721 692 2937 767 πεσεῖν
2973 692 3084 767 τοᾷ
3118 689 3488 767 Ἰωσὴφ-’,εις
3528 688 3656 767 ἀετο-

2131 756 2569 891 ρίριὲἰτὲρὶὶῆς
2594 764 2929 833 Παρθένου,
2968 765 3001 817 ὀ
3047 756 3315 833 tim-8.10),:
3342 756 3496 831 ἦλθε
3524 760 3655 826 πρὸς

2139 855 2247 892 αυτ
2363 853 2382 892 .°

1021 946 1167 998 Edita
1202 961 1229 997 a
1254 943 1573 1009 Montacutio,
1612 959 1691 1011 ep.
1722 946 1833 1010 182,
1855 948 1922 998 ad
1942 946 2192 1013 Eulamp.,
2214 963 2262 1013 p.
2286 947 2516 998 270-27l.
2549 949 2603 998 In
2628 946 2800 997 Matth.
2836 958 2869 1006 ι,
2892 944 2972 994 20.

446 1053 584 1109 Cum
617 1037 818 1123 ioseph
865 1052 1293 1123 cogitationibus
1333 1053 1810 1110 inextricabilibus
1842 1053 1960 1111 dis-

378 1147 706 1209 traheretur,
762 1142 917 1199 ail‘uit
968 1153 1169 1214 pra-sto
1222 1144 1450 1213 angelus
1484 1144 1710 1199 illarum
1742 1144 1959 1201 discor-

379 1239 526 1294 diam
586 1236 896 1291 sedaturus.
950 1232 1086 1288 Cum
1141 1233 1288 1288 enim
1340 1234 1407 1287 de
1461 1242 1618 1303 partu
1666 1232 1958 1301 dubitaret,

377 1336 706 1401 atquetotus
738 1325 1127 1381 incertitudine
1159 1324 1466 1390 laboraret,
1495 1340 1525 1379 e
1549 1324 1804 1394 cogitatis
1827 1325 1961 1379 satis

374 1429 547 1492 patet,
587 1418 720 1489 quid
755 1426 983 1472 acturus
1013 1415 1313 1485 parturirct
1347 1430 1361 1467 :
1398 1434 1416 1465 ι
1454 1413 1741 1484 Cogitabat
1778 1424 1959 1468 autem

375 1510 683 1565 clanculum
712 1507 988 1563 dimittere
1028 1506 1175 1560 illam
1208 1506 1275 1559 ⁸⁸.
1312 1524 1332 1557 ι
1367 1503 1506 1571 Quin
1544 1518 1644 1559 nec
1690 1504 1831 1558 clam
1865 1518 1967 1557 nec

376 1604 602 1655 omnino
651 1599 801 1652 illam
850 1598 1174 1665 dimisisset,
1228 1596 1275 1650 si
1325 1606 1595 1651 tumorem
1634 1594 1788 1649 illum
1824 1594 1962 1648 uteri

2143 1054 2273 1108 Ὅτε
2323 1056 2405 1119 είς
2462 1052 2696 1125 ἀπορίαν
2750 1049 3031 1121 λογισμῶν
3083 1048 3334 1119 κατέστη
3378 1048 3409 1101 6
3450 1045 3656 1118 ‘ltoci;;,

2069 1146 2191 1201 τότε
2217 1147 2245 1199 6
2275 1146 2508 1215 ἄγγελος
2538 1130 2743 1215 ἐπέστη
2766 1143 2909 1197 λύων
2935 1143 3038 1213 τὴν
3064 1141 3182 1212 ἔριν
3210 1141 3330 1195 τῶν
3353 1139 3655 1210 λογισμῶνο

2069 1239 2160 1292 ὅτε
2196 1237 2307 1307 γὰρ
2355 1237 2671 1308 διηπορεῖτο
2724 1236 2855 1307 περὶ
2904 1234 2979 1305 τῷ
3005 1234 3169 1305 τόκῳ,
3204 1234 3306 1286 καὶ
3358 1233 3660 1302 ἀμηχανίας

2071 1329 2191 1393 ὅλος
2217 1328 2454 1397 ἐγένετο,
2490 1328 2648 1399 δῆλον
2683 1326 2740 1392 ἐξ
2769 1320 2844 1379 ὧν
2877 1326 3155 1390 διενοεῖτο,
3207 1323 3311 1377 καὶ
3362 1325 3491 1377 ὅσον
3521 1323 3659 1375 οθπω

2072 1420 2303 1491 πράξειν
2331 1419 2554 1489 ἔμελλεν
2578 1435 2592 1449 ο
2633 1436 2652 1470 ι
2699 1417 3002 1488 Ἐὗουλήθη
3031 1417 3161 1487 γὰρ,
3187 1418 3352 1486 φησὶ,
3380 1414 3555 1484 λάθρα
3570 1416 3658 1467 αὐ-

2072 1510 2172 1583 τὴν
2220 1511 2533 1565 ἀπολῦσαι·
2572 1511 2747 1577 [οἰκ
2815 1496 2880 1562 ἂν
2948 1508 3072 1562 οὔτε
3115 1508 3295 1577 λάθρα
3364 1506 3492 1560 circa
3540 1507 3656 1567 ὅλως

2073 1602 2355 1673 ἐκπέμψαι
2384 1601 2707 1671 διανοηθεὶς,
2744 1602 2791 1654 εί
2819 1600 2974 1654 νόθου
2999 1599 3164 1670 γονῆς
3210 1599 3306 1652 τὸν
3344 1599 3513 1667 ὅγκον
3546 1599 3659 1650 ἐπέ·

376 1693 444 1746 de
489 1691 764 1746 adulterio
817 1700 1175 1760 procuratum
1213 1688 1526 1759 suspicatus
1577 1687 1792 1743 fuisset.
1829 1688 1927 1742 CuI

2089 1710 2264 1746 πειστο
2301 1694 2401 1763 τῆς
2444 1692 2719 1763 γαστρός·
2759 1692 2908 1764 νόμῳ
2930 1693 2985 1746 δὲ
3020 1692 3115 1746 καὶ
3137 1692 3414 1763 τιμωρίᾳ,
3470 1690 3657 1745 δικαιο-

375 1787 523 1839 enim
584 1795 731 1839 esset
798 1783 1029 1853 justitiee
1083 1798 1210 1837 cum
1269 1782 1462 1853 primis
1510 1790 1724 1836 amator
1785 1780 1851 1835 ad
1888 1780 1966 1836 le-

376 1894 469 1949 ges
522 1891 575 1933 et
661 1876 991 1947 supplicium
1047 1874 1196 1929 illam
1256 1873 1693 1943 transcripsisset
1745 1882 1968 1943 propter

376 1972 507 2027 illud
560 1971 847 2041 ﬂagitium.
887 1969 1244 2038 Nequaquam
1280 1982 1410 2022 vero
1447 1966 1553 2022 sibi
1603 1966 1707 2021 hoc
1736 1980 1967 2035 persua-

376 2076 545 2131 serat,
599 2079 725 2119 cum
782 2076 931 2118 esset
966 2062 1306 2116 incredibilis
1353 2062 1703 2131 desponsatae
1737 2060 1913 2114 virtus
1948 2075 1961 2112 :

374 2170 430 2214 et
480 2159 631 2228 proci
664 2172 975 2227 congruens
1016 2156 1293 2221 custodia,
1350 2169 1576 2224 pravam
1610 2167 1831 2207 omnem
1866 2166 1966 2207 su-

376 2251 675 2321 spicionem
709 2247 1053 2312 excludebat,
1103 2247 1200 2301 scd
1244 2261 1349 2301 nec
1375 2245 1683 2314 intelligere
1728 2253 1963 2315 poterat,

374 2343 521 2414 quod
557 2341 847 2412 conceptio
884 2357 913 2396 a
942 2339 1127 2395 divina
1155 2340 1477 2410 operatione
1500 2348 1618 2394 erat
1640 2354 1657 2405 ;
1683 2347 1969 2394 transcen-

374 2437 540 2490 debat
589 2435 886 2489 humanam
940 2448 1163 2487 omnem
1214 2432 1604 2501 cogitationem
1664 2432 1754 2485 illa
1800 2431 1964 2484 actio.

377 2528 701 2583 Fluctuabat
724 2527 887 2598 igitur
907 2526 1333 2596 cogitabundus,
1358 2525 1486 2595 quid
1518 2524 1699 2581 facere
1719 2524 1965 2589 deberet,

375 2619 522 2672 unde
576 2617 819 2688 placeret
876 2615 1010 2671 Deo.
1055 2615 1192 2670 Cum
1229 2615 1545 2684 huiusmodi
1577 2614 1819 2668 volveret
1850 2620 1968 2666 tur-

374 2710 537 2765 batus
588 2707 973 2779 cogitationes,
1031 2706 1285 2776 angelum
1349 2707 1401 2759 in
1471 2720 1588 2759 rem
1640 2712 1965 2774 praesentem

376 2802 695 2858 amandavit
728 2799 895 2867 Deus,
928 2799 1025 2870 qui
1060 2798 1388 2853 IniI-aculose
1420 2805 1693 2851 tumorem
1731 2795 1883 2848 illum
1912 2794 1967 2848 in

376 2895 623 2965 virgineo
656 2901 815 2948 utero
871 2892 1125 2946 minister
1158 2889 1384 2955 fecerat,
1438 2897 1500 2942 ut
1549 2888 1603 2941 in
1650 2886 1758 2941 illis
1810 2884 1968 2957 Josc-

377 2986 544 3055 phum
570 2983 976 3048 constabiliret,
1011 2983 1064 3035 in
1091 2981 1297 3051 quibus
1336 2980 1549 3035 stabilis
1582 2982 1811 3034 omnino
1842 2994 1963 3049 perv

2071 1785 2241 1855 σύνης
2270 1785 2345 1838 ὢν
2378 1785 2615 1855 μάλιστα
2656 1786 2895 1855 ἐραστὴς
2928 1785 3121 1839 θᾶττον
3155 1784 3223 1838 ἂν
3268 1786 3574 1857 παρεδίδου
3606 1786 3660 1837 τό

2066 1877 2325 1948 τόλμημα
2351 1895 2365 1908 ·
2396 1878 2530 1933 ἀλλὰ
2568 1877 2729 1933 τοῦτο
2770 1878 2869 1949 μὲν
2906 1879 3005 1932 οὐκ
3031 1877 3338 1932 ἐπέπειστο
3360 1896 3375 1908 ·
3411 1878 3446 1950 ἦ
3475 1896 3533 1932 τε
3562 1878 3657 1949 γὰρ

2067 1970 2480 2042 ἀνυπέρϐλητος
2502 1972 2673 2043 ἁρετὴ
2708 1971 2811 2041 τῆς
2837 1973 3268 2043 μνηστευθείσης
3289 2014 3305 2037 ,
3340 1973 3443 2026 καὶ
3472 1975 3506 2044 ἡ
3537 1973 3657 2042 πρέ-

2068 2078 2248 2115 πουσα
2309 2062 2527 2134 φυλακὴ
2584 2063 2679 2116 τοῦ
2744 2062 3057 2134 μνηστῆρος
3098 2066 3283 2118 πᾶσαν
3314 2064 3657 2135 ἀπετείχιζεν

2068 2154 2307 2225 ὑποψίαν
2354 2157 2456 2209 οὐκ
2501 2155 2711 2227 εὐαγῆο
2746 2157 2867 2210 οὐδὲ
2903 2158 3112 2210 ἐκείνου
3144 2159 3199 2211 δὲ
3239 2158 3418 2211 πάλιν
3456 2159 3656 2210 σύνεσιν

2071 2241 2256 2316 εἶχεν,
2295 2247 2372 2311 ὡς
2420 2247 2528 2317 ἄρα
2577 2247 2727 2312 Θείας
2766 2250 3046 2319 ἐνεργείας
3079 2252 3111 2319 ἡ
3152 2248 3358 2317 κύησις
3393 2244 3497 2320 ἦνλ
3531 2248 3655 2318 ὑπὲρ

2073 2336 2282 2391 ἔννοιαν
2304 2338 2411 2410 γὰρ
2439 2340 2791 2411 ἀνθρωπίνην
2825 2341 3197 2411 ἐχρημάτιζεν
3230 2344 3261 2411 ἡ
3319 2342 3525 2411 πρᾶξις
3547 2358 3560 2370 ·
3586 2340 3657 2391 διὸ

2066 2431 2178 2493 τοῖς
2195 2430 2475 2501 λογισμοῖς
2491 2432 2837 2500 ἐκυμαίνετο,
2862 2432 2954 2485 καὶ
2975 2434 3026 2485 τί
3052 2432 3138 2497 ἂν,
3164 2433 3512 2503 διηπορεῖτο,
3532 2448 3655 2501 πρα-

2070 2520 2323 2592 ξάμενος,
2355 2522 2425 2575 τὰ
2450 2523 2659 2593 ἀρεστὰ
2692 2523 2924 2594 πράττοι
2949 2523 3028 2596 τῷ
3060 2524 3201 2595 Θεῷ.
3230 2523 3370 2577 Ὅτε
3394 2524 3525 2592 γοῦν
3549 2522 3656 2575 τού-

2067 2631 2181 2679 τοις
2209 2615 2481 2670 ἐκλονεῖτο
2510 2618 2625 2680 τοῖς
2672 2616 2978 2687 λογισμοῖς,
3032 2617 3154 2669 τότε
3195 2616 3325 2669 λίαν
3366 2614 3655 2686 ἐπικαίροις

2068 2706 2301 2776 ἄγγελον
2324 2708 2538 2778 ἀφῆκεν
2574 2718 2621 2773 Ρ,
2649 2707 2678 2759 6
2704 2711 2769 2779 τῇ
2818 2703 3121 2779 παρθενικῇ
3153 2710 3359 2780 γαστρὶ
3387 2708 3482 2761 τὸν
3508 2708 3657 2775 ὄγκον

2070 2799 2534 2872 θαυματουργῶν,
2579 2801 2908 2873 στηρίζοντα
2936 2802 3097 2856 αὑτὸν
3115 2802 3201 2869 ἐφ’
3229 2795 3317 2866 οἷς
3348 2802 3460 2856 ἔδει
3490 2804 3654 2872 μένειν

2069 2893 2366 2963 ἀκλόνητον
2423 2895 2518 2947 καὶ
2564 2893 2863 2963 σταθερόν·
2896 2895 2975 2948 διό
3031 2911 3189 2965 φησι,
3230 2912 3247 2945 ι
3279 2896 3382 2964 Μὴ
3424 2893 3652 2964 φοϐηθῇς

2079 2983 2444 3053 παραλαϐεῖν,
2484 3002 2502 3034 ι
2539 2984 2634 3037 καὶ
2664 2984 2791 3055 ὲΞῆς
2819 3001 2833 3016 ·
2869 3003 2888 3037 t
2938 2985 3009 3037 Σὺ
3044 2986 3163 3053 μὲν,
3194 2986 3357 3055 φησὶ,
3393 2982 3649 3055 λαθραίως

377 3050 573 3132 sistere
614 3075 824 3130 debuit.
858 3074 948 3128 Ait
986 3050 1124 3143 ergo
1152 3090 1165 3126 :
1204 3090 1222 3124 ι
1254 3070 1333 3127 Ne
1363 3071 1556 3126 timeas
1588 3071 1837 3140 accipere
1852 3071 1917 3133 “.

2089 3050 2305 3145 ιελετᾷς
2348 3074 2629 3144 ἐκπέμψαι
2651 3050 2759 3146 τὴν⁷
2786 3050 3076 3146 παρθένον,
3108 3094 3126 3127 ι
3151 3050 3346 3140 δεδινὼς
3391 3050 3650 3145 κατέχειν,

377 3178 485 3223 etc.
520 3168 625 3233 Tu,
670 3167 948 3236 inquiens,
1002 3173 1216 3220 secreto
1247 3163 1493 3218 statuisti
1549 3163 1695 3234 apud
1722 3162 1965 3217 animum

378 3260 658 3314 dimittere
686 3258 981 3327 virginem,
1023 3256 1238 3311 veritus
1269 3255 1417 3309 illam
1459 3254 1724 3319 detinere,
1757 3269 1878 3324 qua:
1901 3253 1971 3308 ab

380 3354 567 3421 ignoto
616 3351 1048 3420 impnegnatur;
1103 3362 1204 3417 ego
1255 3356 1307 3401 te
1356 3345 1523 3413 iubeo
1596 3346 1746 3400 illam
1795 3346 1861 3401 ad
1918 3354 1973 3399 te

379 3456 663 3498 assumere
694 3459 709 3494 :
750 3460 767 3492 ι
801 3456 927 3494 nam
955 3440 1097 3510 quod
1132 3439 1186 3493 in
1214 3455 1278 3495 ea
1319 3448 1506 3493 natum
1539 3446 1647 3504 est,
1667 3437 1734 3493 de
1764 3436 1969 3508 Spiritu

380 3543 569 3589 sancto
598 3535 780 3601 est";
814 3551 833 3584 ι
875 3547 976 3588 nec
1004 3531 1384 3587 tantummodo
1409 3531 1709 3586 immunem
1745 3545 1778 3585 a
1810 3529 1971 3601 culpa

377 3636 745 3699 praegnantem
799 3625 1024 3689 statuit,
1063 3624 1158 3680 sed
1205 3620 1379 3695 gloria
1436 3638 1557 3679 eam
1606 3631 1661 3679 et
1706 3622 1972 3695 dignitate

381 3717 521 3771 ultra
555 3717 853 3771 humanam
891 3723 1144 3768 naturam
1186 3714 1393 3783 replet:
1426 3716 1555 3784 quia
1582 3714 1770 3768 mundi
1802 3713 1971 3769 totius

379 3810 725 3864 Servatorem
787 3816 842 3862 et
904 3807 1309 3876 redemptorem
1393 3807 1584 3877 gignit.
1652 3804 1973 3877 Opportune

378 3897 638 3965 quocirca
687 3895 919 3965 angelus
970 3906 1023 3950 et
1066 3911 1173 3950 non
1230 3896 1384 3965 prius
1436 3895 1693 3966 apparuit
1736 3894 1968 3965 .Joseph,

381 3998 495 4043 tum
530 4004 653 4043 cum
684 3987 1055 4057 cogitationes
1100 3988 1370 4052 ambiguae
1400 3987 1695 4043 distractas
1731 3988 1809 4043 illi
1850 3990 1973 4043 red-

378 4081 573 4133 derent
598 4077 995 4147 cogitationes,
1046 4092 1171 4131 cum
1214 4077 1363 4131 enim
1394 4078 1774 4135 vehementius
1813 4080 1973 4135 attol-

379 4174 570 4228 luntur
611 4173 833 4239 ﬂuctus,
888 4172 1259 4244 tranquillitas
1305 4182 1390 4229 est
1436 4176 1868 4245 exoptatissima.
1910 4176 1970 4231 ln

382 4280 449 4320 eo
479 4265 624 4334 quod
675 4262 831 4329 dicit,
898 4282 916 4316 ι
970 4262 1208 4320 Uxorem
1238 4273 1411 4329 tuam,
1474 4283 1497 4316 ι
1548 4265 1781 4321 intendit
1820 4267 1969 4321 illam

382 4358 518 4411 nulli
549 4358 823 4413 addictam
866 4374 882 4412 :
919 4374 1019 4413 nec
1046 4360 1227 4413 visum
1258 4374 1359 4414 nec
1380 4359 1773 4429 cogitationem
1796 4359 1965 4414 alior-

382 4468 503 4506 sum
533 4451 887 4520 impendisse,
940 4451 1037 4507 sed
1092 4451 1281 4506 uxoris
1332 4458 1537 4505 statum
1588 4451 1864 4522 integrum
1909 4459 1964 4506 et

378 4542 700 4596 inviolatum
745 4542 1056 4598 custodisse
1081 4542 1263 4606 docet,
1290 4541 1364 4597 ita
1392 4551 1453 4597 ut
1481 4556 1583 4598 nec
1623 4542 1809 4597 animo
1844 4542 1965 4596 νιο-

374 4634 569 4689 laverit
614 4634 762 4704 leges
818 4633 1181 4704 sponsalium.
1231 4632 1441 4689 Uxores
1485 4648 1653 4703 porro
1682 4634 1867 4689 dicere
1895 4634 1964 4689 ab

372 4726 602 4795 antiquo
624 4742 726 4781 usu
748 4738 856 4790 est,
888 4742 1027 4797 quas
1053 4726 1337 4782 vinculum
1362 4726 1620 4796 sponsale
1643 4726 1822 4782 solum
1848 4726 1961 4781 col-

371 4816 578 4888 ligavit,
612 4817 739 4873 licet
771 4834 1105 4889 congressus
1132 4819 1249 4889 lege
1277 4833 1386 4872 non
1411 4827 1680 4873 servatur.

442 4928 776 4995 QUAESTIO
814 4930 878 4987 Cl
917 4930 1106 5005 [CoisL
1139 4930 1412 4987 CCLXIV.
1454 4930 1619 4986 Taur.
1658 4929 1885 5003 CCLV].

374 5018 515 5083 Quid
566 5021 666 5073 sibi
706 5023 814 5075 cult
848 5038 867 5075 :
925 5042 942 5073 ι
1004 5021 1217 5077 l'endite
1245 5039 1361 5094 qua:
1412 5024 1714 5093 possidetis,
1756 5032 1804 5077 et
1835 5024 1959 5077 date

902 5094 1241 5162 pauperibus,
1288 5114 1306 5145 ι
1342 5104 1451 5149 etc.

2070 3166 2139 3236 ἣν
2179 3166 2339 3229 τόκος
2386 3166 2581 3236 ἄδηλος
2609 3166 2725 3237 ἔχει
2748 3183 2761 3196 ο
2801 3167 2912 3235 ἐγὼ
2945 3168 3002 3220 δέ
3039 3167 3145 3240 [σε]
3172 3168 3537 3239 παραλαϐεῖν,
3570 3166 3653 3219 καὶ

2072 3258 2225 3330 παρὰ
2248 3259 2460 3329 σεαυτῷ
2480 3258 2625 3328 ἔχειν
2646 3261 2995 3330 προστάσσω·
3036 3280 3053 3312 ι
3077 3259 3254 3333 τὸγὰρ
3275 3264 3339 3315 ἐν
3371 3262 3510 3333 αὐτῇ
3540 3276 3649 3329 γεν-

2073 3352 2255 3423 νηθὲν,
2291 3353 2356 3406 ἐκ
2404 3351 2728 3423 Πνεύματός
2767 3354 2915 3407 ἐστιν
2950 3354 3145 3423 όιγίου⁸
3190 3374 3209 3406 ι
3258 3357 3360 3409 καὶ
3395 3356 3456 3408 οὐ
3509 3354 3652 3423 μόνον

2073 3445 2372 3499 ἀνεύθυνον
2410 3444 2510 3522 ⁶εὴν
2544 3444 2925 3517 κυοφοροῦσαν
2946 3447 3113 3513 τελεῖ,
3141 3447 3251 3501 οὐδ’
3281 3449 3429 3520 ὑπὲρ
3461 3449 3650 3517 ἄνθρω-

2075 3553 2176 3590 πον
2220 3536 2377 3609 δόξης
2412 3537 2509 3590 καὶ
2548 3537 2938 3610 λαμπρότητος
2995 3539 3215 3610 πληροῖ,
3258 3539 3401 3594 ἀλλὰ
3448 3540 3538 3593 καὶ
3566 3539 3647 3590 κό-

2077 3646 2206 3700 σμῳ
2240 3629 2405 3683 παντὶ
2440 3628 2632 3701 Σωτὴρ
2670 3630 2916 3683 τίκτεται
2956 3630 3052 3685 καὶ
3098 3631 3409 3703 λυτρωτής.
3460 3628 3645 3685 Εὑκαί-

2081 3737 2190 3791 ρως
2226 3721 2337 3793 ἄρα
2365 3721 2426 3774 οὐ
2452 3721 2729 3793 πρότερον
2750 3724 2777 3775 ό
2798 3722 3030 3791 ἄγγελος
3055 3724 3412 3794 ἐπιφαίνεται
3440 3724 3516 3795 τῷ
3552 3724 3648 3775 Ἰω-

2075 3813 2207 3885 σὴφ,
2237 3814 2352 3868 ἀλλ’
2378 3814 2466 3867 ὅτε
2487 3815 2649 3871 αὑτὸν
2673 3815 2968 3886 ἀμφίϐολοι
2988 3816 3349 3887 διετάρασσον
3370 3816 3608 3888 λογισμοί
3629 3831 3640 3843 ·

2071 3908 2162 3961 ὅτε
2191 3908 2299 3977 γὰρ
2336 3907 2544 3978 σφοδρὰ
2577 3909 2611 3977 ἡ
2647 3907 2807 3978 ζάλη,
2840 3909 2962 3962 τότε
2993 3911 3227 3977 μάλιστα
3250 3911 3533 3981 γλυκεῖαή
3560 3925 3645 3976 γα·-

2073 3996 2230 4070 λήνη.
2265 3998 2374 4051 Καὶ
2408 3996 2491 4062 τὸ,
2529 4016 2547 4050 ι
2585 3998 2684 4068 τὴν
2708 4000 2945 4067 γυναῖκά
2990 4017 3083 4053 σου
3109 4020 3127 4052 ι
3157 4001 3215 4055 δέ
3240 4018 3256 4033 ο
3299 4004 3425 4056 ἀντὶ
3471 4002 3557 4055 τοῦ
3581 4002 3639 4062 Ρ⁶,

2072 4090 2175 4144 ὅσα
2206 4107 2269 4158 γε
2304 4091 2370 4143 ἐκ
2397 4088 2492 4143 τοῦ
2549 4090 2624 4160 μὴ
2682 4090 2820 4162 πρὸς
2864 4091 3052 4163 ἕτερον
3101 4093 3293 4165 ἄνδρα,
3332 4096 3471 4167 μήτε
3507 4092 3641 4163 όμμα

2078 4184 2215 4255 μήτε
2247 4183 2508 4255 λογισμὸν
2540 4183 2985 4253 ἐπισεὸληκέναι,
3016 4187 3156 4240 σῶόν
3191 4204 3272 4241 σοι
3318 4189 3418 4242 καὶ
3440 4189 3638 4241 άκαινο-

2073 4276 2308 4347 τόμητον
2334 4274 2433 4345 τὴν
2456 4275 2554 4345 τῆς
2587 4277 2850 4343 γυναικὸς
2911 4277 3143 4349 διατηρή
3154 4295 3330 4332 σασαν
3346 4279 3499 4343 τάξιν
3518 4294 3531 4307 ·
3556 4274 3637 4328 καὶ

2077 4365 2199 4435 μηδ’
2230 4366 2448 4437 ἐπινοίᾳ
2485 4364 2729 4421 λύσασαν
2754 4368 2881 4432 τοὺς
2911 4368 3150 4440 θεσμοὺς
3191 4371 3299 4439 τῆς
3332 4368 3633 4442 μνηστείας.

2071 4457 2287 4520 Ἀλλως
2322 4474 2383 4511 τε
2411 4458 2468 4512 δὲ
2499 4459 2594 4512 καὶ
2625 4463 2894 4528 γυναῖκας
2929 4460 3051 4525 ἐθος
3086 4457 3156 4532 ἦν
3186 4463 3377 4517 καλεῖν
3405 4463 3633 4517 παλαιόν.

2068 4550 2164 4603 καὶ
2224 4548 2290 4613 ἃς
2355 4550 2588 4621 μόνοςὴ
2636 4551 2737 4621 τῆς
2822 4554 3122 4623 μνηστείας
3188 4554 3391 4627 δεσμὸς
3441 4551 3628 4608 ωνεδὲ·

2069 4659 2196 4711 σμει
2225 4642 2330 4697 κᾶν
2355 4642 2384 4694 6
2409 4644 2512 4714 τῆς
2533 4643 2765 4715 ὁμιλίας
2796 4645 2987 4711 αὐταῖς
3040 4647 3140 4700 οὐκ
3190 4648 3515 4717 ἐγινώσκετο
3557 4643 3630 4699 νό-

2071 4752 2193 4804 μος.

2615 4938 2953 4994 ΕΡΩΤΗΣΙΣ
2996 4941 3123 4994 PA'.

2074 5028 2135 5081 Τί
2174 5029 2342 5084 ἐστι·
2410 5051 2429 5084 ι
2474 5032 2802 5097 Πωλήσατε
2860 5030 2934 5085 τὰ
2976 5028 3327 5098 ὑπάρχοντα
3371 5028 3465 5084 καί
3511 5025 3628 5079 δότε

2569 5102 2845 5171 πτωχοῖς,
2886 5120 2904 5153 ι
2936 5118 2990 5155 κ.
3031 5118 3081 5153 τ.
3122 5101 3172 5153 λ.

961 5206 1103 5258 Edita
1137 5223 1164 5257 a
1188 5208 1505 5270 Montacutio,
1546 5223 1627 5273 ep.
1673 5210 1780 5271 187,
1808 5209 1873 5260 ad
1911 5209 2272 5275 Clu'istoplior.,
2296 5229 2345 5277 p.
2368 5216 2595 5266 275-286.
2622 5215 2676 5265 In
2703 5215 2821 5265 Luc.
2856 5229 2940 5274 xu,
2969 5216 3046 5263 35.

447 5312 683 5368 Dubium
714 5331 742 5369 a
777 5326 827 5370 te
861 5318 1199 5386 propositum
1229 5320 1344 5373 seio
1371 5320 1497 5373 olim
1535 5329 1584 5374 et
1613 5320 1864 5375 acerbius
1915 5331 1968 5376 et

443 5493 487 5525 ⁸⁸
528 5492 715 5549 Matth.
749 5511 787 5559 I,
827 5496 913 5550 19.
988 5496 1031 5527 ⁵⁸
1070 5495 1313 5549 il)id.20.
1395 5498 1438 5527 το
1479 5497 1610 5551 ibid.

2149 5324 2258 5393 Τὴν
2291 5324 2389 5395 σὴν
2419 5324 2675 5397 ἀπορίαν,
2710 5325 2801 5377 καὶ
2826 5325 3155 5397 πικρότερον
3188 5325 3282 5377 καὶ
3324 5322 3619 5396 διαμύτερον

1676 5611 1913 5668 νΑίῖΙιλΕ
1950 5614 2358 5672 LECTIONES.

450 5722 658 5807 PC._M.
691 5725 727 5780 Γ.
750 5724 883 5782 157ιι
905 5724 1131 5796 ἐφῆκεν.
1208 5724 1270 5769 Ρ*
1294 5725 1379 5779 τσ.
1421 5726 1542 5796 τήν.
