3880 6206
238 357 353 421 ,617

1233 366 1331 425 AD
1358 359 1952 424 AMPIIILOCHIUM
1982 359 2327 432 QUxESTIO
2355 361 2416 434 C,
2449 361 2544 420 CI-

3396 361 3502 424 618

250 467 367 525 οἶδα
398 468 530 523 ποτέ
571 469 846 542 ’Ῑουλιανῷ
869 471 944 542 τῷ
990 471 1286 544 Παραϐάτῃ
1325 469 1823 542 διεσκευασμένην⁹

1941 467 2251 534 ιζίιτιιιιιηιίυε
2282 483 2378 538 per
2404 466 2685 522 Julianum
2717 466 3032 537 parabatem
3064 465 3428 538 propositum,
3457 475 3510 525 ct-
3538 528 3554 542 ,

245 561 283 616 ἃ
305 560 435 630 γοῦν
475 562 535 616 ἐν
575 565 685 627 τοῖς
709 564 843 635 πρὸς
874 565 1080 618 ἐκεῖνον
1108 560 1281 629 εἷπον,
1324 566 1419 619 καὶ
1443 561 1519 619 ὧν
1560 566 1594 634 ή
1627 565 1816 634 μνήμη

239 652 342 723 τὴν
365 653 639 723 σωτηρίαν
661 653 795 725 ἔχει,
829 656 1000 709 ταῦτα
1027 656 1091 724 δή
1124 671 1205 708 σοι
1245 655 1355 727 ἄρα
1385 655 1637 725 γράφων,
1683 655 1820 708 ἀπο-

239 746 465 817 χρῶσαν
491 745 642 815 οἶμαι
664 747 764 817 τὴν
807 747 964 802 λύσιν
1011 749 1441 820 παρεσχηκέναι.
1480 748 1705 816 Ἔλεγεν
1727 745 1820 799 οὖν

238 839 471 899 ἐκεῖνος,
503 837 694 910 ὥσπερ
719 839 1180 910 ἐμπανηγυρίζων
1205 844 1324 904 ταῖς
1342 840 1484 894 κατά
1526 839 1627 910 τῆς
1662 840 1821 909 ’Λλη-

239 929 390 992 θείας
420 928 663 1000 ὕϐρεσιν,
693 931 1004 1001 τοιαῦτασιι·
1029 933 1329 986 Ἀκούσατε
1357 931 1524 985 καλοῦ
1549 931 1643 984 καὶ
1665 930 1820 984 πολι-

198 1049 206 1065 -
238 1020 394 1074 τικοῦ
429 1022 918 1094 παραγγέλματοςο
947 1024 1246 1096 Πωλήσατε
1275 1024 1344 1078 τά
1359 1025 1692 1096 ὑπάρχοντα,
1726 1021 1821 1076 καὶ

237 1110 361 1165 δότε
404 1115 642 1183 πτωχοῖς
669 1129 682 1143 ·
717 1117 982 1185 ποιήσατε
1027 1117 1241 1180 ἑαυτοῖς
1281 1116 1540 1187 βαλάντια
1585 1116 1659 1186 μὴ
1712 1131 1821 1169 πα-

237 1201 567 1272 λαιούμεναο
601 1204 806 1277 ταύτης
858 1206 943 1272 τίς
1000 1209 1174 1261 εἰπεῖν
1222 1208 1339 1279 ἔχει
1389 1209 1821 1279 πολιτικωτέραν

133 1354 140 1362 ,
235 1293 341 1362 τῆς
368 1293 589 1364 ἐντολῆς
615 1313 629 1360 ;
655 1294 716 1348 Et
737 1296 848 1366 γάρ
879 1297 1083 1362 πάντες
1101 1314 1182 1351 σοι
1209 1298 1504 1364 πεισθεῖεν,
1525 1298 1610 1362 τίς
1631 1299 1658 1352 ὁ
1676 1297 1822 1369 ὠνηκ

241 1384 506 1454 σόμενος;
541 1388 753 1441 ἐπαινεῖ
799 1388 883 1452 τίς
937 1389 1144 1460 ταύτην
1195 1391 1294 1461 τὴν
1346 1385 1822 1462 διδασκαλίαν,ἦς

238 1475 662 1544 κρ-ατυνθείσης,
687 1478 748 1530 οὐ
783 1479 959 1544 πόλις,
998 1481 1098 1532 οὐκ
1135 1480 1307 1546 ἔθνος,
1368 1481 1470 1534 οὐκ
1515 1481 1665 1534 οἰκία
1723 1482 1822 1548 μία

239 1566 605 1634 συστήσεταις
647 1568 766 1632 πῶς
809 1569 938 1640 γάρ,
986 1569 1305 1641 πραθέντων
1349 1571 1643 1638 ἁπάντων,
1675 1565 1825 1638 οἶκος⁴

237 1655 460 1726 ἔντιμος
509 1657 731 1712 δύναταί
787 1677 868 1727 τε,
899 1659 932 1731 ἢ
969 1662 1114 1714 οίκία
1145 1673 1172 1712 (ι
1201 1679 1214 1726 ;
1245 1663 1307 1715 τὸ
1346 1663 1423 1726 δὲ,
1459 1663 1545 1716 ὅτι
1605 1662 1823 1716 πάντων

235 1747 382 1818 ὁμοῦ
415 1748 523 1801 τῶν
551 1751 609 1802 ἐν
635 1753 699 1820 τῇ
737 1751 892 1806 πόλει
926 1755 1416 1824 πιπρασκομένων,
1448 1755 1548 1808 οὐκ
1578 1755 1644 1809 ἂν
1670 1755 1825 1826 εὑρε-

1926 559 2251 614 meditatum
2289 578 2302 613 :
2346 557 2478 625 Quae
2512 559 2565 613 in
2615 559 2767 613 illum
2814 559 3109 636 aliquando
3158 560 3426 626 dicebam,
3459 573 3513 618 et

1926 665 2050 718 qua:
2100 651 2364 705 memoria
2421 660 2629 705 retenta
2689 651 3047 716 conservavi,
3103 652 3290 707 eadem
3341 653 3407 708 ad
3461 667 3514 708 te

1926 759 2072 799 nunc
2097 744 2420 814 perscripta,
2445 759 2507 798 su
2519 743 2834 804 flicicntem-,
2855 744 3071 814 opinor,
3092 746 3514 814 suppeditabunt

1927 836 2279 892 solutionem.
2324 835 2548 891 Dicebat
2579 851 2710 906 ergo
2781 837 2890 903 ille,
2933 837 3292 892 contumelias
3324 838 3512 908 conje-

1925 937 2082 984 ctans
2115 927 2167 982 in
2187 927 2504 995 Veritatem,
2528 929 2685 1000 quasi
2720 944 2815 999 per
2843 944 3169 1001 panegyrem
3205 929 3380 984 istan
3401 931 3513 984 Au.

1927 1019 2040 1075 dite
2069 1035 2171 1075 vos
2200 1021 2546 1092 praeclarum,
2577 1033 2630 1077 et
2671 1039 2794 1077 cum
2825 1023 3110 1092 prudentia
3142 1023 3360 1091 politica
3385 1039 3515 1080 con-

1922 1107 2174 1179 junctum
2230 1113 2570 1168 consilium:
2626 1111 2856 1170 Vendite
2904 1130 3027 1184 qua:
3075 1115 3404 1185 possidetis,
3463 1127 3518 1171 et

1933 1206 2059 1261 date
2109 1207 2458 1277 pauperibus.
2510 1207 2832 1277 Comparate
2881 1206 3034 1262 vobis
3080 1221 3371 1262 erumenas
3408 1222 3515 1263 non

1929 1306 2352 1354 veterascentes.
2406 1297 2606 1369 Ecquis
2663 1296 2837 1365 magis
2889 1311 3013 1350 cum
3053 1296 3237 1365 politia
3281 1296 3517 1366 conjun-

1937 1400 2086 1444 ctum
2109 1400 2441 1460 praeceptum
2473 1390 2725 1444 dederit?
2749 1387 2848 1444 Cui
2888 1387 2933 1442 si
2964 1403 3154 1444 omnes
3187 1379 3515 1456 obtenpera?

1930 1491 2083 1548 rent,
2130 1483 2566 1553 quotusquisque
2600 1489 2834 1536 restaret
2876 1480 3127 1550 emptor?
3154 1478 3353 1549 Ecquis
3380 1480 3524 1534 hanc

1943 1575 2249 1632 doctrinam
2277 1575 2616 1631 laudaverit?
2640 1589 2762 1646 qua:
2787 1573 2834 1629 si
2867 1573 3129 1634 obtineat,
3167 1587 3273 1627 non
3307 1572 3522 1632 civitas.

1933 1681 2044 1721 non
2074 1681 2237 1736 gens,
2276 1683 2382 1722 non
2430 1666 2626 1722 domus
2672 1665 3012 1720 subsisteret.
3045 1661 3330 1728 Quomodo
3373 1660 3518 1715 enim

1933 1757 2226 1813 divenditis
2261 1767 2315 1812 et
2343 1757 2622 1812 distractis
2651 1755 2930 1821 omnibus,
2963 1753 3162 1808 domus
3190 1752 3370 1822 aliqua
3404 1749 3528 1806 fue-

237 1840 387 1894 θεῖεν
423 1842 472 1893 οἱ
504 1841 890 1912 ἀγοράζοντες,
933 1846 1166 1915 φανερόν
1199 1847 1347 1899 ἐστιν
1400 1847 1494 1899 καὶ
1537 1845 1826 1916 σιωπώμε-

1941 1849 2000 1903 rit
2042 1850 2216 1919 pretio
2263 1848 2621 1904 redimenda?
2665 1847 2863 1917 Liquet
2905 1854 3111 1910 autem,
3142 1845 3270 1899 licet
3309 1859 3408 1900 nos
3438 1852 3521 1897 ta-

236 1949 355 1988 νον.
387 1950 406 1984 ι
434 1933 531 1986 Διά
557 1933 813 1988 τοιούτων
841 1936 940 2005 μὲν
967 1935 1268 2006 λογισμῶν,
1297 1938 1325 1990 ὁ
1353 1935 1691 2008 Παραϐάτης
1722 1937 1822 2005 τῆς

237 2024 394 2087 θείας
418 2025 635 2094 ἐντολῆς
665 2027 1086 2092 κατασκεδάξων
1114 2032 1166 2079 (ι’
1191 2029 1291 2100 τὴν
1319 2029 1542 2100 χλεύην,
1570 2029 1740 2082 οἴεταί
1770 2046 1825 2080 τι

239 2116 410 2186 σοφὸν
450 2117 545 2170 καὶ
576 2121 824 2185 γενναῖον
849 2122 1049 2174 ποιεῖν.
1090 2120 1148 2174 '0
1191 2120 1248 2173 δέ
1284 2121 1383 2193 τῆς
1427 2119 1712 2190 Ἀληθείας
1741 2121 1827 2174 λό-

237 2226 360 2277 γος,
387 2202 488 2262 ὧδέ
538 2227 654 2273 πως
702 2212 1086 2282 ἐπιρραπίξων
1131 2211 1193 2264 τὸ
1251 2213 1614 2284 μειρακιῶδες
1661 2211 1824 2266 αὐτοῦ

239 2301 343 2354 καὶ
372 2299 573 2370 σαθρὸν
600 2301 712 2354 τῶν
744 2301 918 2371 λόγων
938 2317 952 2332 °
981 2303 1198 2374 πρῶτον
1241 2305 1339 2375 μέν
1369 2323 1534 2376 φησιν
1563 2304 1640 2369 ὡς
1675 2304 1827 2358 οὐδὲν

239 2391 582 2459 θαυμαστὸν,
620 2393 668 2445 εί
692 2392 762 2444 δι’
800 2388 870 2466 ἦς
911 2393 1156 2464 ἐντολῆς,
1194 2394 1271 2465 τῷ
1307 2394 1656 2465 σοφρονοῦντι
1681 2395 1831 2464 μέγα

239 2483 438 2552 ὄφελος
464 2485 828 2555 περιγίνεται,
886 2489 982 2539 καὶ
1026 2487 1213 2556 θαῦμα
1250 2486 1423 2555 γλυκὺ
1461 2489 1598 2558 πρὸς
1626 2485 1828 2557 ὕμνους

239 2577 512 2646 διεγεῖρον
539 2577 633 2632 τοῦ
664 2579 980 2648 νομοθέτου,
1000 2580 1088 2633 διά
1116 2583 1214 2650 τῆς
1236 2581 1405 2652 αὐτῆς
1429 2583 1458 2634 ὁ
1479 2580 1826 2652 παραϐάτης,

239 2669 367 2721 ἀντὶ
403 2669 499 2736 μὲν
519 2671 797 2742 σωτηρίας
825 2672 1053 2743 βλάϐην,
1081 2675 1202 2727 ἀντὶ
1237 2673 1292 2726 δὲ
1331 2674 1555 2745 κέρδους
1603 2674 1826 2744 ζημίαν,

242 2763 342 2814 καὶ
373 2763 493 2814 ἀντὶ
518 2761 614 2816 τοῦ
645 2764 807 2841 χάριν
846 2765 1045 2820 εἰδέναι
1067 2767 1135 2820 τὰ
1173 2767 1471 2839 βλάσφημα
1492 2767 1672 2835 λέγειν
1695 2769 1828 2822 ἐαυ-

245 2853 326 2924 τῷ
351 2857 976 2926 προσεπορίσατο.Ἕστι
1006 2860 1104 2930 μὲν
1127 2859 1257 2931 γάρ,
1285 2859 1432 2914 ἐστιν
1455 2862 1588 2933 ὁρᾷν
1609 2861 1671 2914 τὸ
1693 2862 1830 2928 ἀγα-

246 2946 364 3011 θὸν,
397 2948 503 3000 ὑπὸ
531 2949 632 3018 τῆς
669 2951 800 3020 περὶ
845 2951 979 3004 αὐτὸ
1013 2951 1122 3003 τῶν
1173 2952 1476 3023 ἀνθρώπων
1516 2954 1831 3019 διαθέσεως,

245 3039 369 3092 δυσὶ
421 3040 631 3106 τούτοις
677 3043 1238 3115 περιστοιχιζόμενος),
1273 3045 1505 3117 αἱρέσει,
1541 3045 1705 3114 λέγω,
1737 3047 1834 3100 καὶ

1927 1955 2183 2004 ceamus,
2220 1939 2368 2010 quod
2413 1939 2460 1993 si
2508 1937 3121 2002 omniavenderentur,
3153 1934 3298 1989 haud
3345 1922 3520 1987 faturi

1928 2039 2056 2085 sunt
2087 2029 2320 2084 ulterius
2349 2040 2643 2098 emptores.
2693 2045 2713 2078 ι
2768 2024 2973 2080 Taliter
3002 2023 3314 2080 discursum
3356 2022 3519 2078 insti-

1929 2131 2088 2177 tuens
2131 2121 2410 2188 parabata,
2459 2119 2775 2174 mandatum
2827 2117 3072 2174 divinum
3120 2116 3356 2172 ludibrio
3429 2131 3527 2172 ex-

1929 2213 2104 2283 ponit,
2166 2229 2334 2282 sequc
2385 2212 2438 2266 in
2490 2226 2554 2265 eo
2635 2210 2936 2280 prudenter
2980 2220 3034 2264 et
3075 2223 3334 2281 generose
3376 2216 3526 2262 retur

1928 2305 2186 2374 gessisse.
2230 2303 2432 2359 Verum
2477 2303 2724 2359 veritatis
2755 2301 3047 2366 sententia,
3094 2301 3252 2370 quasi
3294 2299 3524 2370 colapho

1930 2395 2190 2466 impacto,
2225 2393 2464 2450 adhunc
2497 2394 2718 2450 modum
2753 2393 3011 2464 rejectam
3054 2391 3307 2447 exsibilat
3337 2391 3524 2462 pueri-

1930 2488 2036 2544 lem
2087 2497 2140 2543 et
2183 2487 2426 2558 putidam
2471 2487 2972 2542 ratiocinationem.
3024 2483 3278 2555 inprimis
3334 2485 3525 2540 Statuit

1932 2580 2241 2636 mirandum
2293 2593 2401 2633 non
2455 2593 2612 2642 esse,
2663 2577 2711 2634 si
2767 2585 3096 2647 praeceptum
3153 2576 3323 2637 illud,
3382 2577 3526 2629 unde

1931 2671 2113 2744 quivis
2148 2671 2518 2746 modesmslac
2555 2669 2795 2740 prudens
2843 2669 3134 2723 utilitatem
3167 2677 3526 2738 percepturus

1932 2774 2037 2828 est,
2063 2764 2152 2818 ille
2181 2760 2464 2833 transfuga
2515 2759 2905 2830 nequissimus,
2942 2774 3042 2829 pro
3088 2759 3266 2812 salute
3301 2773 3521 2822 noxam,

1934 2872 2034 2927 pro
2065 2856 2299 2911 utilitate
2330 2855 2608 2919 damnum,
2646 2867 2746 2923 pro
2794 2851 3093 2923 gratiarum
3127 2851 3342 2905 actione
3373 2849 3524 2905 blas-

1934 2953 2183 3023 phemias
2239 2959 2489 3006 eructare
2542 2947 2646 3004 sibi
2703 2945 3008 3016 proposuit.
3079 2944 3526 2998 Animadvertere

1937 3047 2084 3100 enim
2121 3044 2247 3098 licet
2275 3043 2478 3096 bonum
2507 3040 2870 3110 quodcunque
2899 3036 3056 3107 juxta
3105 3036 3390 3090 hominum
3439 3036 3524 3089 di-

244 3136 402 3205 φυγῇ
435 3150 449 3165 ο
473 3128 550 3188 ὧν
580 3138 612 3206 ή
647 3135 749 3205 μέν
773 3137 899 3202 τοὺς
930 3139 1308 3209 αἱρουμένους,
1340 3128 1452 3193 ’ἐπὶ
1485 3141 1586 3212 τὴν
1625 3141 1834 3211 ἀμείνω

1941 3153 2154 3194 versam
2208 3153 2336 3206 erga
2368 3135 2548 3205 ipsum
2600 3131 3055 3203 dispositionem,
3111 3130 3326 3185 duobus
3375 3128 3528 3188 hisce

246 3227 407 3293 τάξιν
433 3227 734 3296 ἀνάγουσα,
763 3228 960 3294 θεατὰς
982 3229 1076 3283 τοῦ
1115 3231 1345 3294 κάλλους
1377 3231 1457 3284 ἔτι
1494 3233 1716 3300 μᾶλλον,
1741 3233 1836 3285 καὶ

251 3319 517 3388 γνησίους
551 3319 790 3390 ἐραστὰς
839 3322 1246 3394 ἀπεργάζεταιο
1283 3325 1350 3394 τῇ
1402 3323 1690 3395 προσθήκῃ
1737 3323 1840 3394 τῆς

253 3411 313 3463 ἐν
373 3409 578 3483 θεωρίᾳ
628 3411 1011 3484 καταλήψεως,
1075 3414 1396 3486 προσθήκην
1450 3414 1719 3468 ἐντιθείσα
1745 3413 1841 3468 τοῦ

255 3502 460 3572 ἔρωτος
483 3520 498 3534 °
532 3506 565 3574 ἡ
596 3503 652 3556 δὲ
685 3506 811 3569 τοὺς
861 3506 1118 3570 οίκείους,
1147 3507 1220 3569 ὼς
1268 3506 1608 3577 πορρωτάτω
1636 3523 1845 3575 συμφυ-

257 3595 583 3664 γαδεύουσα,
627 3598 723 3651 καὶ
774 3599 918 3652 κατὰ
968 3598 1228 3669 κρημνῶν
1275 3600 1372 3652 καὶ
1419 3597 1704 3652 σκοπέλων
1751 3597 1842 3652 καὶ

259 3687 466 3759 μυρίας
495 3688 708 3760 πλάνης
736 3689 1005 3759 φέρουσα,
1040 3691 1134 3745 ἆτε
1178 3690 1243 3762 δὴ
1285 3691 1514 3760 ἐφάπαξ
1565 3692 1666 3762 τῆς
1708 3689 1846 3763 πρὸς

253 3778 319 3830 τὸ
355 3777 557 3846 ἀγαθὸν
594 3779 845 3843 νεύσεως
872 3780 1238 3851 διαστήσασα,
1278 3782 1372 3836 καὶ
1417 3781 1588 3852 λήθην
1627 3781 1847 3852 βαθεῖαν

254 3865 355 3920 τοῦ
387 3867 554 3921 καλοῦ
587 3867 870 3939 θεάματος
936 3872 1304 3942 ἐμποιήσασα,
1339 3871 1484 3944 μόνῳ
1525 3872 1591 3942 δὴ
1633 3874 1848 3944 χαίρειν

256 3958 340 4029 τῷ
371 3959 468 4026 τῆς
498 3961 706 4025 κακίας
742 3959 978 4026 ἐνεθίζει
1016 3962 1186 4032 ζόφῳ,
1229 3963 1321 4016 καὶ
1364 3962 1595 4032 τυφλοὺς
1622 3965 1721 4036 οὐχ
1753 3959 1853 4037 ἦτ⁸

257 4067 355 4103 τον
403 4051 436 4122 ἢ
477 4051 790 4122 πολεμίους
843 4053 945 4121 τῆς
991 4052 1140 4123 σφῶν
1190 4054 1465 4125 σωτηρίας
1511 4056 1846 4126 περιίστησι.

261 4140 454 4215 Ταύτῃ
485 4160 568 4196 τοι
609 4145 706 4197 καὶ
745 4137 1054 4211 Ἰουλιανὸς,
1097 4144 1177 4215 τῷ
1224 4146 1324 4216 τῆς
1368 4147 1706 4211 ἀποστασίας
1728 4149 1852 4217 γνό-

263 4248 354 4300 φῳ
385 4231 513 4301 ὃλην
541 4232 642 4302 τὴν
680 4232 864 4302 ψυχὴν
894 4225 1286 4303 τεθολωμένος,
1311 4235 1408 4287 καὶ
1448 4233 1547 4298 τὰς
1575 4233 1750 4304 ὄψεις,
1780 4237 1848 4290 δι’

263 4317 343 4376 ὧν
369 4325 401 4394 ή
431 4323 737 4394 κατάληψις
778 4324 873 4378 τοῦ
930 4325 1135 4396 κυρίως
1171 4325 1324 4388 ὄντος
1349 4327 1725 4401 ἀφῃρημένος,
1758 4330 1849 4399 ἐχ-

266 4416 401 4488 θρὸς
424 4417 517 4470 καὶ
567 4416 831 4486 πολέμιος
877 4420 998 4481 ταῖς
1034 4419 1111 4480 είς
1143 4420 1205 4472 τὸ
1246 4420 1468 4490 ἄριστον
1517 4419 1851 4490 ἀναγούσαις

1945 3228 2422 3297 circumscriptum
2449 3265 2464 3290 ,
2514 3225 2778 3280 electione
2821 3222 3080 3276 nimirum
3120 3228 3174 3275 et
3199 3221 3484 3274 aversione
3512 3237 3525 3272 :

1944 3335 2177 3393 quarum
2211 3318 2323 3382 illa,
2356 3317 2646 3388 seligentes
2678 3314 2743 3369 ad
2768 3313 2996 3368 meliora
3026 3309 3282 3378 traducit,
3312 3316 3527 3380 specta-

1946 3426 2091 3480 tores
2138 3425 2494 3484 quoscunque
2541 3417 2815 3463 amatores
2851 3406 3029 3461 adhuc
3063 3404 3236 3475 magis
3288 3403 3527 3473 majores

1945 3513 2191 3576 operata,
2223 3519 2319 3573 per
2344 3501 2706 3572 adjectionem
2738 3497 3049 3553 theoretica:
3079 3493 3532 3565 apprehensionis

1947 3613 2188 3654 amorem
2239 3596 2392 3650 illum
2440 3589 2860 3649 accumulando.
2889 3588 3014 3643 Haec
3036 3595 3218 3642 autem
3250 3600 3380 3641 suos
3408 3584 3530 3639 affi-

1951 3707 2049 3745 nes
2093 3698 2148 3744 et
2187 3687 2489 3742 familiares
2517 3698 2682 3754 quam
2715 3682 2871 3752 longe
2900 3679 3220 3749 clIugando,
3266 3692 3362 3748 per
3393 3690 3534 3746 pra:-

1949 3781 2155 3852 cipitia,
2185 3777 2466 3847 scopulos,
2495 3785 2549 3830 et
2579 3773 2823 3828 infinitos
2851 3785 3066 3826 errores
3105 3769 3348 3829 trahens,
3384 3775 3535 3838 post-

1952 3889 2116 3944 quam
2166 3871 2333 3928 semel
2383 3869 2452 3924 ab
2513 3865 2866 3922 inclinatione
2912 3861 2981 3916 ab
3035 3863 3236 3916 bonum
3287 3869 3536 3930 separata

1950 3965 2138 4028 fuerit,
2186 3971 2241 4018 et
2278 3959 2605 4032 profundam
2645 3955 2774 4011 boni
2807 3953 3174 4009 animadversi
3207 3952 3536 4007 oblivionem

1953 4057 2186 4122 induxit,
2222 4054 2356 4126 solis
2408 4053 2678 4108 malorum
2710 4050 2951 4106 tenebris
2993 4045 3255 4103 oblectari
3288 4043 3536 4100 assuefa-

1953 4153 2046 4216 cit,
2083 4158 2138 4204 ct
2164 4162 2340 4203 caecos
2371 4160 2479 4201 non
2512 4145 2695 4200 minus
2727 4157 2891 4213 quam
2917 4155 3030 4195 suae
3060 4137 3256 4195 salutis
3283 4136 3536 4193 inimicos

1953 4242 2152 4299 reddit.
2192 4240 2482 4304 Julianus,
2516 4252 2639 4291 cum
2690 4243 2871 4304 partes
2915 4233 3112 4286 anima:
3159 4229 3399 4299 singulas
3443 4243 3540 4297 per

1954 4349 2111 4390 suam
2144 4331 2480 4402 apostasiam
2509 4329 2743 4399 pollutas
2787 4325 3012 4380 haberet
3041 4333 3094 4378 et
3134 4323 3422 4378 obvolutas
3452 4330 3536 4374 te-

1959 4426 2166 4487 nebris.
2195 4423 2460 4494 exemplis
2482 4409 2548 4477 iis
2579 4420 2788 4483 oculis,
2827 4433 2924 4489 per
2951 4431 3120 4486 quos,
3151 4415 3202 4469 id
3235 4415 3378 4484 quod
3410 4428 3537 4467 vere

266 4509 514 4572 ἐντολαῖς
561 4502 932 4563 ἐπιδείκνύται
960 4525 972 4538 ·
1008 4511 1065 4575 ὃς
1116 4512 1234 4564 οὖδὲ
1288 4511 1621 4583 τηλικαύτης
1686 4513 1835 4582 ἐφεί-

1952 4517 2220 4580 subsistit,
2249 4516 2578 4577 intueretur,
2611 4511 2816 4565 hostem
2846 4525 2904 4564 se
2928 4507 3168 4562 declarat
3198 4515 3258 4560 et
3283 4502 3537 4575 perduel-

267 4617 401 4654 σατο
449 4600 809 4654 καθυλακτεῖν
864 4603 1275 4672 παραινέσεως·
1305 4602 1422 4655 ἀλλ’
1476 4605 1557 4666 είς
1621 4603 1848 4675 μώμους

265 4693 504 4760 ἀπάγειν
532 4693 915 4764 ἐφιλονείκησε
959 4693 1058 4763 τὴν
1089 4695 1288 4757 παντὸς
1316 4694 1474 4759 ἀξίαν
1496 4695 1723 4750 ἐπαίνου
1755 4697 1851 4751 καὶ

267 4785 572 4856 θαύματος.
598 4787 640 4839 Τ
643 4787 670 4839 ὸ
691 4789 818 4858 γὰρ,
848 4805 866 4837 ι
904 4785 1197 4857 Πωλήσατε
1225 4789 1292 4842 τά
1327 4788 1642 4858 ὑπάρχοντα
1672 4789 1846 4859 ὑμῶν,

269 4878 364 4931 καὶ
392 4876 511 4930 δότε
545 4878 941 4949 ἐλεημοσύνην,
957 4895 974 4928 ι
1001 4877 1122 4930 τίνα
1147 4878 1513 4948 συμπαθείας,
1537 4879 1657 4932 τίνα
1679 4879 1732 4933 δὲ
1751 4879 1849 4950 τῆς

269 4970 410 5041 πρὸς
445 4970 709 5044 ἀλλήλους
732 4971 980 5042 ’ἀληθοῦς
1025 4972 1244 5036 εὐνοίας
1280 4972 1536 5044 ἀφορμὴν
1567 4972 1804 5027 ἐλλείπει
1831 4991 1847 5008 ο

270 5061 387 5114 ἀλλ’
419 5062 770 5133 ἐγκράτειαν,
807 5062 942 5116 ἀλλά
989 5063 1371 5136 σωφροσύνην,
1405 5065 1490 5129 τίς
1544 5066 1602 5119 δὲ
1648 5066 1849 5137 μᾶλλον

269 5155 372 5223 τῆς
424 5153 647 5224 ἐντολῆς
699 5153 905 5224 ταύτης
960 5155 1285 5224 φιλοσοφίας
1329 5156 1685 5223 διδάσκαλος;
1715 5159 1853 5229 Οὐχὶ

272 5241 329 5295 δὲ
359 5243 580 5298 πάντων
607 5244 715 5297 τῶν
740 5245 950 5310 παθῶν,
977 5246 1079 5301 ὅσα
1101 5246 1316 5300 τίκτειν
1344 5243 1452 5300 οἶδε
1488 5248 1548 5302 τὸ
1577 5249 1847 5320 φιλάργυ-

276 5347 391 5401 ρον,
423 5333 743 5404 ἐλευθερίαν
778 5335 1066 5405 χαρίζεται
1091 5353 1105 5402 ;
1135 5334 1234 5389 ποῦ
1273 5339 1381 5407 γὰρ
1432 5338 1607 5410 κλοπὴ
1651 5341 1848 5412 φιλαρ-

276 5425 470 5496 γυρίας
491 5427 866 5498 ἀνῃρημένης,
895 5427 998 5480 πού
1016 5427 1062 5481 δ’
1083 5428 1310 5498 ἁρπαγή
1345 5445 1360 5494 ;
1386 5429 1487 5483 πού
1511 5429 1566 5482 δὲ
1591 5429 1846 5502 luctata;

1958 4612 2062 4666 lem
2099 4615 2291 4663 contra
2315 4606 2405 4661 illa
2441 4611 2740 4673 praecepta,
2789 4615 2911 4670 qua:
2951 4598 3020 4653 ad
3061 4596 3263 4668 optima
3308 4610 3540 4665 quaeque

1958 4700 2255 4758 reformant
2287 4716 2301 4754 :
2335 4712 2436 4751 nec
2477 4694 2693 4751 desistit
2736 4693 2990 4747 allatrare
3028 4687 3279 4759 quamvis
3321 4687 3538 4741 adhibi-

1957 4804 2064 4848 tam
2093 4789 2551 4852 exhortationcm,
2591 4793 2645 4840 et
2673 4783 2819 4854 quod
2859 4797 3043 4836 revera
3070 4777 3228 4832 laude
3253 4792 3318 4831 ac
3358 4775 3533 4830 admi-

1960 4885 2171 4938 ratione
2201 4881 2586 4952 dignissimum
2606 4877 2854 4939 habetur,
2884 4873 3116 4928 momice
3143 4869 3532 4925 traducendum

1963 4979 2171 5034 statuit.
2200 4975 2338 5030 lllud
2385 4974 2532 5028 enim
2564 4971 2829 5028 effatum:
2885 4985 2903 5019 ι
2943 4965 3170 5021 Vendite
3215 4979 3338 5032 qua:
3373 4963 3540 5017 habe-

1955 5069 2046 5133 tis,
2074 5078 2128 5122 et
2155 5067 2559 5136 eleemosynam
2595 5061 2778 5128 facite,
2820 5079 2838 5112 ι
2878 5060 2930 5113 in
2956 5073 3066 5126 quo
3097 5055 3367 5110 defectum
3397 5054 3537 5123 pati-

1955 5171 2043 5217 tur
2103 5159 2335 5227 alicujns
2403 5155 2838 5227 compassionis,
2914 5161 3007 5207 aut
3052 5148 3273 5221 genuini
3333 5144 3538 5202 amoris

1956 5254 2239 5308 hominum
2271 5266 2396 5320 erga
2432 5250 2718 5314 homines;
2744 5243 3140 5302 continentiam
3171 5253 3301 5295 vero
3328 5247 3380 5292 et
3405 5245 3541 5290 tem-

1955 5341 2256 5409 perantiam
2282 5338 2407 5408 quis
2441 5339 2492 5391 in
2524 5335 2868 5407 philosophia
2892 5333 3171 5402 magister,
3205 5326 3536 5384 luculentius

1961 5447 2122 5502 quam
2161 5431 2263 5486 hoc
2289 5439 2617 5501 praeceptum
2669 5427 2866 5484 docet?
2895 5424 3084 5481 Nonne
3115 5422 3398 5494 passiones
3421 5417 3541 5473 illas

1567 5649 1798 5706 VARI/£3
1838 5649 2242 5706 LECTIONES.

354 5839 381 5882 ιι
407 5829 470 5889 C.
505 5829 578 5886 Μ.
615 5825 759 5898 οἶκος
786 5831 1000 5904 ἔντιμος
1027 5829 1250 5887 δύναταί
1279 5847 1330 5884 τι
1358 5829 1389 5902 ἢ
1419 5829 1640 5885 δύναταί
1667 5847 1720 5884 τε
1747 5831 1778 5907 ή
1807 5830 1970 5885 οἰκία.
2056 5829 2110 5880 tt“
2139 5829 2198 5886 (ἶ.
2236 5826 2306 5883 Μ.
2346 5826 2788 5892 κατασκευάζων.
