3880 6206
350 388 457 450 613

1497 333 1789 447 ‘PHOTl-I‘
1817 338 2322 445 PA'f‘RIARCII/E
2358 386 2467 447 (ΣΡ.

3525 387 3636 449 620

318 513 577 564 -omnes,
626 513 761 568 quas
810 514 1001 569 parere
1041 500 1179 555 solet
1209 499 1459 565 avaritia,
1495 499 1775 554 liberrime
1823 508 1943 553 aur-

2054 499 2105 551 ἐν
2159 492 2242 561 οἷς
2296 498 2392 551 καὶ
2447 497 2556 551 τῶν
2620 497 3097 569 ἱδίωνήδιανομὴ
3159 498 3641 568 περισπούδαστον

348 592 647 662 plectitur?
670 592 893 661 rapinae,
920 593 1289 658 latrocinium,
1318 602 1448 658 etc.,
1470 592 1563 646 ubi
1595 592 1939 647 consistent?

350 684 397 739 si
422 698 544 756 qua:
572 684 919 753 possidemus
944 686 1187 741 studiose
1208 685 1523 754 dispergere
1548 683 1942 738 tolerabimus?

349 778 812 845 concertationes,
870 778 1025 842 rixae.
1058 779 1333 849 pugnandi
1366 778 1607 833 studium
1629 819 1644 843 ,
1677 778 1941 831 continuo

349 878 712 932 evanescunt,
765 870 809 924 si
856 870 1062 925 divitiis
1096 887 1199 925 non
1235 886 1525 940 parcamus
1554 868 1889 939 dissipandis
1924 882 1939 921 :

350 958 590 1026 lasciva,
638 963 884 1031 prodiga,
919 963 1196 1018 luxuriosa
1244 964 1459 1018 vivendi
1491 964 1630 1017 ratio
1668 979 1939 1034 nusquam

352 1051 653 1122 subrepere
702 1056 931 1123 poterit,
992 1055 1084 1109 ubi
1138 1055 1454 1110 dominatur
1494 1055 1841 1128 elecmosyna
1888 1065 1946 1112 et

350 1144 616 1214 quidquid
648 1156 924 1216 superstat
954 1148 1006 1202 in
1040 1164 1200 1204 usum
1242 1163 1577 1219 pauperum,
1613 1158 1667 1202 et
1698 1150 1939 1204 necessi-

352 1238 495 1287 tates
523 1233 855 1290 alleviandas
883 1236 1213 1305 impenditur
1255 1255 1268 1290 :
1320 1253 1444 1307 qua:
1477 1252 1582 1291 non
1614 1237 1820 1307 patitur
1848 1238 1946 1291 bo—

350 1322 554 1378 minem
602 1326 1048 1382 contumeliosius
1089 1344 1148 1381 se
1194 1343 1414 1396 gerere,
1450 1336 1671 1397 propter
1714 1328 1945 1382 luxuria:

356 1418 663 1472 satietatem
704 1427 794 1472 aut
824 1417 1054 1485 alicujus
1085 1420 1311 1474 alterius
1341 1421 1636 1488 voluptatis
1672 1420 1815 1474 unde
1848 1434 1942 1475 so-

349 1509 462 1565 lent
492 1508 778 1578 passiones
808 1510 913 1564 illa:
937 1509 1232 1578 pullulare,
1261 1510 1343 1564 vel
1366 1510 1735 1578 turpitudines
1764 1518 1945 1585 tactus

348 1600 797 1656 accommodatam.
844 1598 1134 1665 Quocirca,
1195 1600 1472 1669 quomodo
1511 1599 1625 1654 fieri
1669 1610 1848 1669 potest
1887 1606 1947 1653 ut

349 1693 688 1752 humanitas.
716 1694 1033 1748 communio
1060 1693 1352 1757 bonorum,
1387 1694 1675 1763 dispositio
1704 1694 1768 1747 ad
1796 1709 1915 1748 eum
1939 1724 1942 1728 λ

350 1786 730 1845 miserandum
755 1802 921 1855 super
946 1796 1188 1855 egentes,
1228 1784 1497 1847 civitates,
1523 1794 1730 1855 gentes,
1754 1785 1947 1840 domos

348 1886 615 1936 everteret
663 1886 719 1933 et
764 1877 1035 1932 familias?
1063 1876 1352 1943 Quomodo
1381 1877 1606 1945 rapinae,
1645 1876 1940 1937 latrocinii,

348 1971 636 2041 injustitlm
667 1979 721 2025 et
756 1970 1061 2043 tyrannidis
1095 1969 1333 2024 sublatio
1376 1969 1553 2024 civilis
1586 1984 1707 2024 esse
1750 1968 1950 2037 poterit

350 2063 767 2134 gubernationis
801 2062 1128 2117 subversio?
1158 2062 1295 2116 Nam
1331 2062 1423 2132 qui
1457 2076 1556 2131 pro
1586 2061 1732 2115 bono
1775 2060 1949 2129 publi-

353 2170 420 2212 co
447 2154 828 2226 propriissuis
860 2153 1215 2208 facultatibus
1249 2170 1355 2208 non
1390 2154 1727 2224 pepercerit,
1763 2154 1856 2224 qui
1891 2154 1945 2207 in

352 2244 567 2299 vicinos
606 2243 672 2299 de
704 2243 942 2313 propriis
999 2243 1115 2298 suis
1168 2243 1330 2298 rebus
1386 2244 1713 2305 contulerit,
1759 2243 1853 2313 qui
1887 2260 1947 2299 se

352 2334 727 2392 sublimiorem
776 2334 1118 2405 praestiterit,
1147 2350 1312 2404 quam
1352 2342 1414 2389 ut
1462 2335 1705 2389 materire
1746 2334 1947 2391 affixus

351 2428 713 2488 adhaerescat.
752 2426 1029 2497 quomodo
1074 2427 1121 2481 is
1152 2443 1250 2499 per
1276 2428 1529 2496 quamvis
1562 2427 1945 2497 praedictarum

349 2521 672 2593 passionum
725 2519 1004 2589 captivum
1042 2536 1101 2575 se
1132 2521 1329 2576 abduci
1382 2520 1657 2590 patietur?
1686 2519 1800 2575 lmo
1845 2536 1943 2592 po-

348 2616 490 2682 tius,
534 2630 659 2669 cum
694 2614 763 2669 ab
808 2614 927 2669 istis
958 2614 1216 2668 omnibus
1246 2628 1417 2682 purus
1461 2610 1650 2675 fuerit,
1687 2621 1740 2666 et
1768 2614 1945 2667 omni-

351 2707 519 2763 modo
550 2706 661 2770 illa,
692 2720 815 2776 quze
850 2719 972 2758 vere
1006 2703 1148 2757 bona
1185 2710 1335 2766 sunt,
1375 2700 1476 2755 sibi
1510 2701 1823 2771 conquirat,
1854 2700 1946 2769 qui

349 2815 460 2859 non
509 2798 670 2851 modo
719 2797 933 2851 civibus
986 2786 1355 2864 indigentibus
1404 2793 1668 2847 auxilium
1719 2792 1943 2857 aﬂ‘crat,

351 2891 446 2947 sed
482 2898 538 2946 et
577 2905 673 2961 per
711 2890 982 2961 privatam
1028 2887 1113 2942 sui
1158 2885 1331 2957 ipsius
1364 2885 1857 2947 conversationem,
1895 2894 1949 2939 et

351 2984 650 3039 maximam
697 2982 1015 3053 praestiterit
1056 2981 1346 3036 utilitatem
1375 3018 1391 3041 ,
1438 2994 1502 3033 ac
1556 2978 1950 3049 pliilOSOpbica:

354 3085 409 3129 et
432 3073 685 3129 sublimis
712 3074 838 3128 vita:
878 3072 1209 3143 exemplum.
1252 3070 1365 3137 llli,
1393 3070 1486 3140 qui
1517 3070 1675 3140 quasi
1729 3070 1947 3140 publica

2044 588 2274 658 ὁρᾶταιο
2314 587 2461 659 ἕρεις
2495 586 2552 641 δὲ
2595 588 2691 641 καὶ
2724 588 2918 657 μάχαι,
2957 587 3051 640 καὶ
3097 587 3448 656 φιλονεικίαι,
3480 590 3540 642 οὐ
3566 594 3640 660 τῇ

2044 677 2154 730 τῶν
2184 677 2488 749 χρημάτων
2520 677 2740 746 ἀφειδίᾳ
2769 676 2967 729 αὐτίκα
3009 678 3465 746 συναφανίζονται
3486 696 3502 709 ·
3539 682 3567 732 ό
3587 681 3641 734 δ’

2044 769 2346 832 ἀκόλαστος
2390 768 2485 824 καὶ
2524 768 2732 829 ἄσωτος
2764 766 2878 837 βίος
2930 767 3039 838 ἄρα
3089 770 3450 840 παρείσδυσιν
3494 770 3638 836 ἕξει,

2045 863 2147 933 τῆς
2187 862 2561 934 ἐλεημοσύνης
2611 857 3044 934 ἐπικρατούσης,
3101 863 3195 914 καὶ
3247 863 3308 913 τὸ
3368 862 3642 933 περισσὸν

2048 954 2195 1008 ἅπαν
2228 957 2309 1018 είς
2338 953 2436 1026 τὴν
2466 954 2575 1008 τῶν
2628 953 2823 1007 ἐνδεῶν
2866 952 3374 1024 καταναλισκούσης
3419 954 3641 1024 χρείαν,

2048 1047 2144 1100 καὶ
2172 1047 2273 1100 οὐκ
2298 1046 2476 1118 ἐώσης
2510 1048 2589 1110 είς
2641 1045 2801 1117 κόρον
2836 1046 3073 1116 τρυφῆς,
3110 1045 3141 1114 ἢ
3174 1046 3271 1114 τῆς
3314 1045 3481 1115 ἄλλης
3510 1046 3646 1116 ἡδυ-

2052 1137 2287 1200 παθείας
2320 1138 2410 1191 τὸν
2439 1137 2729 1209 ἄνθρωπον
2777 1136 3105 1208 ἐξυϐρίζειν,
3145 1137 3213 1189 δι’
3240 1131 3316 1191 ὧν
3350 1138 3513 1191 εἴωθε
3545 1139 3644 1191 καὶ

2047 1229 2117 1280 τὰ
2150 1228 2279 1299 περὶ
2301 1227 2444 1297 ἁφὴν
2488 1226 2819 1298 αἰσχρότερα
2859 1226 3007 1294 πάθη
3057 1226 3471 1296 παραφύεσθαι.
3512 1228 3642 1290 Πῶς

2049 1319 2145 1373 οῦν
2171 1321 2230 1372 τὸ
2259 1320 2646 1390 φιλάνθρωπον
2700 1319 2794 1373 καὶ
2843 1318 3198 1383 κοινωνικὸν,
3230 1318 3290 1370 τὸ
3349 1318 3488 1388 πρὸς
3546 1320 3642 1371 τὸν

2050 1412 2199 1465 ἔλεον
2229 1411 2339 1465 τῶν
2370 1410 2740 1483 ἠπορημένων
2780 1409 3025 1480 ἕτοιμον,
3058 1408 3392 1481 ἀναστρέψει
3416 1409 3516 1473 τὰς
3540 1411 3644 1462 πό-

2054 1502 2172 1566 λεις
2201 1503 2298 1557 καὶ
2324 1502 2393 1556 τὰ
2425 1503 2577 1572 ἔθνη,
2612 1502 2709 1555 καὶ
2742 1502 2839 1565 τὰς
2871 1501 3048 1565 οἰκίας
3072 1519 3086 1567 ;
3112 1501 3228 1564 πῶς
3257 1501 3314 1554 δὲ
3338 1504 3371 1570 ὴ
3398 1502 3500 1571 τῆς
3534 1503 3641 1572 ἀρ-

2050 1594 2289 1665 παγῆςῆ
2327 1595 2427 1665 τῆς
2455 1594 2713 1665 λῃστείας
2747 1604 2769 1630 τ
2798 1593 2830 1664 ἢ
2862 1594 3046 1661 πάσης
3066 1591 3253 1655 ἁπλῶς
3281 1592 3500 1655 ἀδικίας
3532 1594 3633 1645 καὶ

2050 1689 2372 1758 τυραννίδος
2397 1688 2688 1758 ἀναίρησις
2716 1686 2879 1756 ’,τῆς
2903 1684 3249 1756 ἀνθρωπίνης
3278 1684 3431 1738 ἔσται
3466 1702 3641 1741 κατα-

2053 1776 2260 1849 στροφὴ
2289 1776 2602 1843 πολιτείας;
2648 1777 2708 1829 Ὀ
2736 1776 2845 1847 γάρ
2876 1794 2959 1829 τοι
3000 1777 3097 1828 καὶ
3128 1775 3237 1829 τῶν
3269 1774 3469 1829 ἐαυτοῦ
3497 1792 3641 1845 κτη-

2058 1869 2243 1938 μάτων
2279 1870 2422 1940 ὑπὲρ
2440 1869 2533 1922 τοῦ
2561 1868 2716 1939 κοινῆ
2739 1868 3145 1932 λυσιτελοῦντος
3177 1869 3515 1938 ἠφειδηκὼς,
3540 1871 3640 1923 καὶ

2051 1961 2164 2022 τοῖς
2197 1959 2426 2031 πλησίον
2459 1960 2818 2031 ἐξιστάμενος
2867 1961 2968 2031 τῆς
3022 1960 3157 2023 ἰδίας
3204 1959 3494 2030 ὠφελείας.
3540 1965 3641 2015 καὶ

2050 2052 2174 2107 ὅλον
2204 2053 2399 2105 ἐαυτὸν
2426 2052 2759 2124 ὑψηλότερον
2789 2053 2993 2124 φέρων,
3024 2054 3124 2123 τῆς
3164 2053 3294 2122 περὶ
3338 2052 3444 2124 τὴν
3500 2052 3640 2122 ὕλην

2052 2138 2450 2209 προσπαθείας,
2477 2140 2595 2204 πῶς
2628 2140 2694 2194 ἂν
2721 2140 2801 2193 ἐνί
2834 2160 2939 2194 τινι
2982 2141 3090 2193 τῶν
3129 2141 3439 2211 εἰρημένων
3478 2143 3639 2213 ἁλοίη

2051 2229 2273 2297 παθῶν;
2305 2231 2525 2284 Μᾶλλον
2550 2232 2629 2294 δὲ,
2657 2232 2775 2297 πῶς
2820 2232 2941 2303 οὐχὶ
2974 2232 3178 2285 τούτων
3208 2233 3469 2285 ἁπάντων
3534 2250 3641 2285 κα-

2052 2320 2322 2392 θαρεύων,
2358 2323 2539 2394 ἐαυτῷ
2584 2340 2642 2377 τε
2671 2324 3044 2394 διαφερόντως
3095 2324 3537 2394 καταπράττοιτο
3568 2324 3644 2376 τὰ

2050 2413 2220 2477 ὅντως
2248 2414 2376 2468 ὄντα
2405 2415 2607 2483 ἀγαθὰ,
2648 2415 2746 2469 καὶ
2790 2417 2904 2479 τοῖς
2953 2414 3220 2482 πολίταις,
3259 2416 3319 2469 οὐ
3375 2416 3540 2485 μόνον
3570 2415 3642 2467 δι’

2049 2497 2124 2557 ὧν
2152 2504 2524 2576 ἐπεκούρησεν
2583 2507 3002 2578 ἀπορουμένοις,
3049 2506 3184 2560 ἀλλά
3229 2508 3324 2560 καὶ
3363 2507 3433 2560 δι’
3468 2505 3642 2562 αὐτοῦ

2051 2597 2171 2650 καθ’
2200 2596 2396 2651 ἑαυτὸν
2434 2597 2831 2668 πολιτεύματος
2892 2604 3033 2668 μέγα
3060 2598 3126 2653 ἂν
3174 2600 3256 2669 εἴη
3288 2599 3481 2667 ὄφελος
3542 2599 3645 2650 καὶ

2052 2689 2357 2759 ὑπόδειγμα
2390 2688 2682 2759 φιλοσόφου
2736 2692 2831 2744 καὶ
2870 2690 3078 2762 ὑψηλοῦ
3116 2690 3233 2762 βίου
3269 2691 3645 2761 προτεθειμέ-

2050 2798 2160 2842 νος.
2206 2780 2300 2833 Ἐκ
2326 2780 2385 2832 δὲ
2418 2780 2675 2833 τοιούτων
2706 2781 2939 2850 ἀνδρῶν,
2962 2783 3120 2835 κοινὰ
3139 2781 3238 2851 μὲν
3262 2780 3333 2833 τὰ
3353 2781 3485 2833 ὄντα
3505 2798 3648 2849 προ-

2050 2872 2332 2936 τιθέντων,
2372 2870 2555 2935 ἐλέους
2581 2872 2639 2925 se
2671 2873 2912 2944 πλήρους
2944 2873 3044 2937 τὰς
3087 2873 3269 2941 δεξιὰς
3315 2874 3646 2945 προτεινόν-

2050 2980 2181 3027 των,
2210 2963 2304 3015 καὶ
2337 2961 2460 3033 βίαν
2515 2963 2614 3034 μὲν
2651 2966 2833 3018 πᾶσαν
2877 2965 3233 3029 ἐλαυνόντων,
3260 2966 3320 3019 τὸ
3342 2966 3554 3018 δίκαιον
3584 2966 3648 3018 δὲ

2050 3055 2358 3126 τιμώντων,
2387 3056 2482 3109 καὶ
2507 3057 2786 3127 συντόμως
2821 3059 3015 3121 εἰπεῖν,
3050 3058 3107 3110 ἐν
3141 3057 3240 3127 ἴσῳ
3274 3059 3488 3120 ἑαυτοῖς
3510 3057 3647 3120 τοὺς

354 3167 798 3241 complectuntur
841 3165 1046 3230 omnia,
1091 3164 1184 3233 qui
1218 3163 1479 3249 dexteras
1509 3164 1698 3233 plenas
1727 3165 1945 3219 miseri-

2054 3147 2281 3218 πλησίον
2342 3149 2682 3219 ποιουμένων
2706 3164 2718 3177 ·
2754 3151 2787 3219 ἡ
2830 3150 2893 3201 ἐκ
2925 3149 3183 3203 τοιούτων
3252 3150 3460 3220 ἀνδρῶν
3486 3148 3650 3208 πόλις

355 3236 541 3311 cordia
573 3255 849 3319 attollunt,
887 3254 982 3323 qui
1015 3254 1123 3306 vim
1159 3264 1214 3307 et
1239 3236 1553 3307 violentiam
1579 3254 1946 3309 exterminant

354 3357 608 3407 omnem,
652 3341 745 3410 qui
770 3341 1045 3410 justitiam
1085 3341 1391 3402 honorant,
1435 3348 1486 3394 et
1530 3348 1588 3393 ut
1621 3343 1945 3411 compendio

356 3430 571 3495 dicam,
605 3429 697 3498 qui
752 3444 811 3483 se
859 3443 982 3483 cum
1039 3426 1251 3481 caeteris
1307 3428 1411 3481 sub
1465 3427 1581 3497 pari
1637 3429 1947 3501 conditione

356 3526 593 3589 gerunt:
630 3515 720 3571 ubi
756 3531 849 3584 per
893 3514 1027 3569 tales
1065 3512 1323 3569 incolitur
1355 3515 1537 3585 aliqua
1582 3517 1793 3583 civitas,
1836 3534 1945 3573 non

355 3617 617 3678 sequetur
646 3607 910 3662 desolatio
946 3605 1248 3659 vicinorum
1277 3623 1289 3659 :
1325 3607 1436 3660 imo
1467 3607 1556 3677 qui
1590 3608 1782 3662 diutini
1814 3617 1951 3664 tem-

2053 3240 2394 3311 οίκιζομένη,
2444 3242 2562 3312 ἄρα
2612 3241 2820 3312 φθορᾶς
2855 3244 2917 3294 ἐκ
2962 3242 3219 3309 γειτόνων
3252 3241 3440 3294 ἔσται·
3467 3241 3501 3309 ἤ
3535 3258 3651 3310 μα-

2054 3331 2173 3402 κρῷ
2212 3332 2307 3384 καὶ
2331 3332 2454 3383 ὅσαι
2486 3330 2705 3384 πώποτε
2731 3332 2948 3401 συχνοῖς
2972 3331 3118 3383 ἔτεσι
3156 3331 3255 3391 τὴν
3286 3329 3651 3400 εὐδαιμονίαν

2054 3426 2213 3495 ἔσχον
2255 3424 2793 3497 παραμετρουμένην
2823 3425 2919 3478 καὶ
2968 3424 3173 3479 τούτων
3217 3424 3443 3478 ἀπασῶν
3471 3422 3649 3492 ἀμείς⁹

2056 3538 2133 3574 νω
2156 3536 2215 3572 τε
2242 3520 2336 3574 καὶ
2367 3519 2787 3583 διαιωνίζουσαν
2820 3519 3021 3591 μᾶλλον
3044 3519 3140 3597 τὴν
3170 3518 3433 3591 διαμονήν
3457 3534 3518 3570 τε
3545 3517 3652 3570 καὶ

2056 3611 2119 3665 τὸ
2150 3612 2309 3675 κλέος
2344 3611 2478 3679 ἕξει.

355 3702 503 3771 puris
549 3700 807 3756 felicitate
851 3708 981 3755 sunt
1013 3698 1222 3769 gavisi,
1257 3701 1504 3755 eamdem
1584 3704 1828 3757 numeris
1870 3704 1983 3760 suis
2021 3705 2434 3775 perfectionem,
2480 3715 2532 3759 et
2599 3706 2756 3774 longa
2788 3704 3076 3759 duratione
3110 3703 3481 3758 continuatam
3512 3714 3648 3755 cum

356 3793 529 3863 glOria
565 3794 799 3849 trahent.

431 3880 633 3937 Verum
665 3885 905 3954 prudens
949 3887 1039 3942 ille
1069 3886 1313 3943 lulianus
1340 3904 1447 3943 non
1479 3888 1584 3943 hoc
1608 3889 1961 3954 intendebat,.

359 3977 421 4023 ut
452 3970 664 4025 videtur
699 3988 713 4025 :
744 3974 892 4028 cives
923 3990 1054 4030 suos
1087 3977 1303 4031 volebat
1351 3977 1501 4047 gravi
1534 3986 1587 4031 et
1616 3979 1751 4033 dura
1785 3994 1945 4033 manu

357 4062 580 4132 injecta,
621 4065 689 4120 de
738 4066 933 4120 alienis
959 4067 1244 4123 laboribus
1274 4068 1562 4125 facultates
1605 4070 1707 4124 sibi
1757 4071 1949 4140 acqui-

358 4171 514 4221 rere,
566 4173 666 4213 nec
714 4174 938 4228 parcere
982 4160 1067 4215 vel
1108 4161 1470 4218 latrocinandi
1519 4162 1792 4227 audaciae,
1840 4178 1947 4217 non

361 4245 581 4316 quidem
627 4246 891 4314 insidias,
948 4266 1053 4304 non
1108 4251 1217 4305 vim
1270 4261 1516 4322 apertam
1549 4250 1945 4321 subterfugere.

362 4338 518 4403 Quod
550 4338 594 4392 si
619 4354 713 4408 per
743 4340 1088 4410 tyrannidem
1121 4342 1385 4397 insultare
1412 4352 1677 4412 oporteat,
1713 4341 1759 4396 si
1794 4342 1949 4412 quid-

360 4444 526 4499 quam
558 4429 846 4484 Phalaride
876 4433 1241 4489 truculentius
1267 4444 1319 4489 et
1362 4434 1639 4489 crudelius
1676 4434 1747 4488 sit
1787 4448 1950 4504 agen-

2140 3885 2281 3940 ’Λλλ’
2324 3886 2351 3937 ὁ
2396 3885 2578 3952 σοφὸς,
2613 3886 2688 3948 ὡς
2718 3884 2912 3950 ἔοικεν,
2953 3882 3239 3946 Ἰουλιανὸς
3280 3883 3341 3935 οὐ
3386 3880 3645 3952 βούλεται

2057 3977 2212 4030 τοῦτο
2233 3992 2247 4007 ⁸
2274 3976 2447 4028 ἐθέλει
2479 3976 2535 4028 δὲ
2565 3976 2692 4038 τοὺς
2723 3974 2887 4027 αὐτοῦ
2932 3973 3157 4035 πολίτας
3205 3975 3361 4043 χεῖρα
3408 3971 3507 4041 μὲν
3541 3970 3648 4041 βα-

2058 4070 2214 4138 ρεῖαν
2240 4065 2650 4137 προϐεϐλῆσθαι
2674 4067 2738 4117 ἐκ
2767 4065 2876 4117 τῶν
2900 4064 3198 4134 ἀλλοτρίων
3228 4064 3407 4116 πόνων
3454 4061 3649 4124 αὐτοῖς

2055 4160 2156 4232 τὴν
2184 4158 2503 4232 περιουσίαν
2532 4157 2896 4225 συλλέγουσαν
2927 4156 3079 4227 ι,.μὴ
3108 4154 3387 4223 φείδεσθαι
3414 4153 3468 4206 δέ
3498 4154 3647 4224 μήτε

2056 4250 2353 4325 λῃστρικοῦ
2396 4250 2603 4320 τόλμης
2627 4290 2641 4314 ,
2678 4251 2817 4320 μήτε
2862 4248 3129 4318 λαθραίας
3154 4289 3170 4315 ,
3204 4248 3331 4318 μήτ’
3360 4246 3647 4319 ἐμφανοῦς

2056 4341 2369 4412 ἐπιϐουλῆς.
2411 4340 2574 4393 Ἀλλά
2603 4343 2706 4394 κᾶν
2740 4340 3016 4409 τυραννίδι
3049 4338 3333 4393 ἐπιθέσθαι
3362 4338 3505 4393 δέοι·
3538 4340 3647 4391 κᾶν

2054 4434 2354 4505 Φαλάριδος
2387 4432 2667 4505 ὠμότερον
2701 4431 2909 4503 πρᾶξαι
2933 4449 2993 4484 τε
3025 4432 3119 4485 καὶ
3144 4431 3325 4495 δόξαι·
3365 4429 3468 4489 κᾶν
3501 4432 3645 4483 πάν-

362 4524 516 4584 dum,
565 4520 608 4573 si
648 4521 946 4590 superandi
994 4537 1186 4576 omnes
1221 4523 1288 4575 ab
1328 4523 1439 4577 ullo
1486 4521 1730 4578 facinore
1787 4522 1945 4576 fami-

2054 4543 2150 4588 τας
2186 4525 2613 4595 ἀποκρύψασθαι
2647 4526 2772 4588 τοὺς
2819 4526 2912 4577 ἐπὶ
2943 4525 3093 4597 πάσῃ
3145 4524 3316 4595 κακίᾳ.
3365 4524 3645 4596 βεΰοημέ-

362 4611 556 4681 gerati,
607 4611 741 4665 nihil
782 4612 1011 4667 omnino
1054 4613 1474 4682 praetermittere
1523 4629 1617 4668 eos
1668 4614 1801 4679 vult,
1850 4622 1945 4667 aut

362 4701 652 4775 diffugere,
698 4712 758 4758 ut
790 4719 902 4758 rem
936 4720 1087 4759 suam
1126 4704 1330 4760 faciant
1362 4706 1703 4775 ampliorem,
1731 4714 1788 4758 ut
1828 4720 1947 4758 om-

361 4792 574 4863 nigeme
601 4794 897 4864 voluptatis
920 4807 1158 4865 segetem
1184 4797 1517 4861 uberiorem,
1544 4805 1598 4851 et
1632 4797 1946 4866 cupiditatis

362 4885 643 4939 materiem
693 4897 1013 4956 comparent
1055 4896 1109 4942 et
1135 4889 1432 4943 recoudant
1474 4906 1488 4942 :
1540 4903 1652 4958 quo
1697 4890 1945 4943 securius

362 4977 622 5047 deinceps
659 4978 895 5034 licentia:
922 4991 1144 5050 possent
1185 4981 1498 5050 indulgere,
1543 4981 1717 5035 ventri
1751 4989 1804 5035 et
1843 4996 1946 5050 pu-

363 5069 557 5125 dendis
590 5070 855 5138 viventes,
900 5074 1064 5127 vitam
1097 5089 1221 5128 cum
1259 5074 1464 5128 honore
1497 5089 1561 5128 ac
1601 5073 1949 5128 aemulatione

365 5164 709 5232 conjunctam
744 5174 797 5219 et
841 5165 1167 5236 longissimo
1219 5176 1396 5223 tractu
1429 5169 1783 5232 duraturam,
1838 5182 1943 5221 non

366 5255 529 5309 aliam
554 5270 717 5323 quam
745 5266 1066 5324 praesentem
1096 5258 1198 5311 sibi
1229 5259 1690 5313 circumscribunt
1722 5276 1735 5312 :
1771 5273 1946 5326 neque

366 5348 513 5402 enim
558 5348 770 5401 laudari
806 5348 964 5402 debet
998 5350 1285 5403 consilium
1319 5350 1472 5413 illud,
1517 5366 1627 5420 quo
1653 5365 1748 5419 per
1788 5354 1950 5405 sedu-

366 5441 475 5496 lam
500 5455 690 5494 curam
729 5440 923 5496 civitas
946 5441 1271 5511 azdilicatur,
1302 5443 1459 5511 cujus
1489 5459 1701 5497 summa
1737 5454 1790 5497 et
1817 5459 1949 5513 pro-

368 5533 532 5587 funda
563 5533 849 5603 prudentia
895 5543 1081 5603 gentes
1124 5534 1402 5601 continet,
1451 5546 1504 5590 et
1558 5535 1750 5590 domus
1783 5536 1950 5590 stabi—

2057 4636 2200 4682 νους,
2242 4618 2382 4688 ὑπὲρ
2428 4617 2522 4670 τοῦ
2555 4617 2723 4670 πλείω
2761 4618 2829 4671 τὰ
2865 4617 3180 4688 ὑπάρχοντα
3214 4618 3439 4687 ποιῆσαι
3472 4616 3643 4687 μηδὲν

2060 4708 2329 4779 μηδαμῶς
2376 4708 2783 4779 παραιτεῖσθαι,
2825 4708 2900 4771 ὡς
2930 4708 2997 4761 ἂν
3030 4690 3269 4777 ¹ἁπάσης
3317 4706 3510 4777 ἡδονῆς
3549 4708 3646 4759 καὶ

2056 4799 2355 4871 ἐπιθυμίας
2388 4799 2521 4870 ὕλην
2544 4800 2777 4869 ἄφθονον
2799 4802 3014 4863 ἐαυτοίς
3036 4797 3522 4870 παρεσκευακότες
3547 4796 3645 4849 καὶ

2055 4892 2408 4963 ἀποθέμενοι,
2441 4892 2613 4955 ἀδεῶς
2646 4893 2738 4946 τοῦ
2762 4891 2951 4945 λοιποῦ
2980 4892 3230 4963 τρυφῶσί
3259 4909 3317 4943 τε
3344 4890 3438 4944 καὶ
3464 4906 3643 4943 κατα-

2058 4985 2401 5050 σπαταλῶσι,
2430 4989 2635 5057 γαστρὶ
2664 4985 2761 5039 καὶ
2796 4984 3023 5049 αἰδοίοις
3050 4984 3275 5048 ζῶντες,
3308 4984 3403 5038 καὶ
3436 4983 3525 5036 τὸν
3556 4983 3648 5035 εύ-

2057 5079 2192 5132 κλεᾶ
2222 5080 2316 5133 καὶ
2340 5078 2706 5150 ἀξιοζήλωτον
2738 5078 2873 5148 βίον,
2914 5079 3010 5132 καὶ
3042 5080 3120 5142 εἰς
3158 5081 3427 5148 μήκιστον
3456 5093 3642 5147 παρα-

2057 5168 2373 5239 τεινόμενον
2401 5169 2614 5241 χρόνον,
2649 5170 2749 5222 οὐκ
2776 5169 2938 5223 ἄλλον
2971 5170 3087 5223 ἀλλ’
3114 5165 3195 5231 οἷς
3225 5162 3372 5223 οὗτοι
3408 5166 3641 5238 βιοῦσιν,

2060 5248 2485 5330 περιορίζοντες.
2509 5259 2584 5311 Ut)
2613 5258 2722 5330 γὰρ
2748 5259 2885 5330 καλὴ
2918 5275 2981 5326 γε
3019 5262 3051 5331 ἡ
3088 5258 3367 5330 συμϐουλὴ
3396 5242 3513 5321 τοῦ,
3542 5259 3643 5321 τὰς

2060 5351 2266 5415 πόλεις,
2296 5351 2360 5403 δι’
2394 5344 2468 5403 ὧν
2500 5350 2800 5420 φροντίζει,
2824 5349 3155 5414 πολίζοντος,
3187 5351 3282 5403 καὶ
3307 5344 3367 5403 οὗ
3390 5351 3422 5421 η
3447 5348 3640 5419 βαθεῖα

2058 5444 2151 5497 καὶ
2180 5443 2394 5513 μεγάλη
2419 5442 2645 5512 πρόνοια
2675 5446 2741 5495 τὰ
2776 5442 2904 5513 ἔθνη
2941 5442 3175 5512 συνέχει,
3212 5442 3307 5495 καλ¹
3332 5442 3429 5506 τὰς
3463 5442 3642 5505 οἰκίας

2063 5536 2399 5607 συνίστησιν,
2449 5535 2508 5598 ὃς
2540 5535 2599 5601 ἐξ
2634 5528 2711 5589 ὧν
2744 5535 2889 5600 ἔδοξε
2942 5537 3142 5605 λέγειν,
3198 5537 3322 5590 ἀντὶ
3373 5536 3472 5606 μὲν
3522 5535 3643 5605 φιλ·

1668 5734 1899 5791 VARLE
1942 5732 2347 5790 LECTIONES.

480 5866 498 5893 τ
532 5856 591 5910 L2.
622 5853 694 5913 Μ.
754 5855 788 5927 ἡ
829 5854 923 5924 τῆς
957 5852 1109 5923 λῃστ.
1227 5860 1248 5888 ³
1281 5850 1341 5904 (ᾇ.
1394 5848 1463 5905 Μ.
1526 5847 1826 5920 ἀναίρεσις.

1949 5853 1962 5882 ι
2008 5848 2093 5905 ἲσ.
2131 5848 2518 5916 συλλέγοντας,
2554 5848 2616 5906 (1.
2648 5848 2718 5905 Μ.
2780 5849 3161 5919 συλλέγουσαν.
