3778 6292
243 347 324 414 ΞῙ
1204 356 1302 414 AD
1353 354 1948 414 AMPIIILOCHIUM
2004 358 2350 429 QU/ESTIO
2401 361 2500 421 CI:

3357 361 3462 419 6'22

181 463 540 533 ανθρωπων,
570 463 962 534 φιλαργύρους,
1010 466 1129 517 ἀντὶ
1170 465 1226 518 δὲ
1261 465 1620 536 φιλαλλήλων,
1659 467 1673 518 ἐ

1969 483 2010 522 ts
2041 466 2189 534 facit,
2234 471 2363 540 qui,
2401 468 2546 540 quod
2589 482 2619 539 e
2665 467 3011 523 sermonibus
3054 467 3227 537 colligi
3263 479 3461 536 potest.

180 553 456 619 δούλους,
489 543 729 610 καῖ’ἀντὶ
759 556 1084 626 έλεημόνων,
1110 557 1497 628 ἀνελεήμονας,
1518 562 1632 625 καὶ,
1658 578 1785 614 συν-

175 647 389 716 τόμως
420 649 616 712 εἰπεῖν,
640 649 759 701 ἀντὶ
791 647 884 700 τοῦ
910 648 1001 702 διὰ
1027 648 1245 702 πάντων
1265 651 1543 720 ἀρίστους,
1563 653 1622 704 ὲν
1650 654 1784 705 πᾶσι

181 739 503 801 κακίστους
529 735 703 802 εῖναι,
738 739 1146 811 είσηγούμενος.
1180 741 1350 810 Δῆλον
1384 741 1515 811 γὰρ,
1546 743 1628 796 ὅτι
1662 743 1784 796 καθ’

183 830 262 882 ὃν
309 831 516 899 τρόπον
543 831 606 884 τὸ
640 831 1014 903 ἀφιλάργυρον
1057 828 1188 902 ἦθος
1236 833 1629 903 συνεφέλκεται
1684 833 1782 898 τὰς

181 921 373 984 ἄλλας
420 923 657 992 ἀρετάς·
701 921 875 986 οὕτως
917 923 950 992 ἡ
999 921 1337 994 φιλάργυρος
1376 925 1529 986 νόσος
1565 940 1785 979 συνεπι-

180 1011 431 1082 σύρεται
466 1015 646 1067 πᾶσαν
674 1013 772 1084 τὴν
809 1015 1046 1085 συγγενῆ
1082 1015 1303 1070 κακίαν.
1323 1016 1464 1069 Ἀλλ’
1496 1012 1610 1084 οὖν,
1645 1019 1782 1088 ὅπερ

179 1101 388 1169 ἔλεγον
411 1116 460 1165 ιι,
484 1104 512 1156 ὁ
544 1104 707 1168 καλὸς
735 1097 892 1169 οὗτος
924 1106 986 1158 σύ
996 1105 1247 1176 μ6ουλος,
1277 1107 1369 1161 καὶ
1400 1110 1500 1179 τῆς
1522 1109 1783 1162 Δεσποτι-

180 1194 304 1262 κῆς
336 1195 560 1264 ἐντολῆς
591 1195 924 1268 χλευαστὴς,
953 1197 1075 1250 ἀντὶ
1103 1199 1198 1251 τοῦ
1234 1185 1538 1268 βελτίστου,
1570 1201 1640 1253 τὰ
1669 1201 1783 1271 χεί-

183 1301 367 1353 ριστα
397 1285 526 1348 τοὺς
560 1284 883 1356 ἀνθρώπους
926 1285 1216 1356 αἱρεῖσθαι,
1260 1289 1404 1342 κατά
1445 1288 1510 1342 τὸ
1557 1289 1783 1343 ἀκόλους

184 1375 330 1438 θον,
406 1377 832 1446 ὑποτιθέμενος,
897 1379 1020 1450 μηδ’
1081 1379 1147 1432 ἂν
1209 1380 1386 1454 ἄλλως
1444 1382 1778 1454 εὐδαιμόνως

186 1465 418 1537 βιῶσιν,
454 1469 592 1538 μήτε
625 1469 798 1532 πόλιν,
835 1471 974 1539 μήτε
1007 1469 1159 1535 ἔθνος
1183 1511 1198 1536 ,
1237 1472 1362 1543 μηδ’
1407 1474 1604 1539 οἰκίαν,
1646 1491 1780 1527 κατ-

181 1558 617 1625 επαγγέλλεται·
644 1561 781 1615 ἀλλὰ
805 1563 941 1634 μηδὲ
973 1565 1259 1635 προελθεῖν
1293 1567 1386 1619 ἐπὶ
1415 1569 1777 1638 μακρότατον,

182 1645 242 1696 εἰ
278 1646 355 1714 μὴ
380 1646 589 1700 ἕλοιντο
621 1649 842 1719 μᾶλλον,
871 1653 994 1706 ἀντὶ
1022 1652 1115 1706 τοῦ
1152 1655 1328 1708 πάντα
1355 1651 1493 1709 εἶναι
1527 1659 1777 1728 χρηστοὶ,

182 1735 262 1788 τὰ
301 1737 485 1791 πάντα
517 1735 659 1794 εἶναι
690 1741 1035 1809 φαυλότατοι.
1069 1746 1163 1811 Et;
1188 1747 1428 1800 τοιοῦτον
1470 1749 1638 1818 αὐτῷ,
1684 1753 1778 1804 καὶ

186 1827 428 1897 βουλῆς,
460 1832 553 1884 καὶ
599 1832 896 1900 πολιτείας,
933 1839 1304 1909 καταστρέφει
1333 1840 1506 1905 τέλος,
1537 1841 1598 1892 τὸ
1633 1843 1775 1896 κατά

182 1920 293 1988 τῆς
319 1920 474 1986 θείας
507 1925 724 1994 ἐντολῆς
755 1927 982 1997 θράσος,
1013 1931 1108 1984 καὶ
1137 1933 1170 2002 ἡ
1207 1933 1368 2002 εἴρων
1399 1933 1652 2002 γλῶσσα,
1682 1937 1777 1989 καὶ

184 2012 264 2063 τὰ
301 2011 403 2082 τῆς
436 2015 750 2088 ἀνατροπῆς
790 2021 930 2088 σοφά
961 2023 1567 2092 ὲνθυμήματα’·καίτοι
1598 2043 1683 2095 γε,
1726 2029 1775 2080 εί

190 2104 271 2175 μή
302 2121 357 2157 τι
388 2105 536 2172 ἄλλο,
572 2110 701 2172 τοὺς
729 2111 857 2174 σοὺς
884 2115 1072 2176 κύνας,
1106 2113 1200 2180 οὓς
1229 2115 1558 2187 ἐθαύμαζες,
1577 2119 1684 2172 ἔδει
1714 2138 1774 2174 σε

191 2195 535 2265 μεμνῆσθαι,
568 2198 662 2250 καὶ
690 2200 1041 2270 αἰσχύνεσθαι
1070 2203 1162 2256 τὸν
1193 2207 1447 2278 Διογένη,
1478 2208 1574 2262 τὸν
1600 2211 1776 2264 Ἀντι-

190 2285 383 2359 σθένη,
416 2289 508 2343 τὸν
539 2290 826 2362 Κράτητα,
879 2294 971 2347 τὸν
1021 2295 1182 2350 ἀλλον
1230 2299 1395 2370 χορὸν
1419 2300 1530 2355 τῶν
1563 2301 1774 2373 θαυμα-

191 2379 330 2432 σίων
389 2397 486 2434 σου
531 2383 726 2438 κυνῶν.
789 2386 852 2438 Οἳ
911 2389 958 2439 εί
1009 2388 1102 2441 καὶ
1144 2389 1222 2460 τῷ
1277 2393 1627 2464 ἐπιδεικτικῷ
1679 2396 1774 2448 τοῦ

189 2470 364 2542 ῆθους
418 2473 513 2527 τὸν
569 2476 670 2545 τῆς
721 2477 958 2548 ἀληθοῦς
1009 2481 1396 2554 ἀκτημοσύνης
1449 2490 1775 2558 χαρακτῆρα

191 2563 572 2635 ἐκιϐδήλευονο
638 2567 750 2622 ἀλλ’
799 2569 892 2623 οὖν
949 2573 1318 2644 μεμισηκότες
1371 2576 1656 2643 ἐφαίνοντο
1714 2580 1776 2633 τὸ

192 2655 572 2721 φιλόπλουτον,
625 2659 719 2713 καὶ
746 2659 836 2713 τὸν
860 2661 1008 2715 λιτὸν
1041 2663 1218 2717 δοκεῖν
1252 2666 1598 2731 ἀσπάζεσθαι
1619 2712 1634 2735 ,
1680 2672 1774 2724 καὶ

195 2745 574 2819 ἀφιλάργυρον
605 2749 718 2819 βίον
751 2745 894 2822 μέγά
919 2753 1201 2808 ἐποιοῦντο
1223 2772 1239 2787 ·
1265 2757 1497 2822 ἐκείνοις
1523 2761 1690 2831 ἐχρῆν
1716 2780 1775 2815 σε

199 2836 398 2904 μᾶλλον
425 2838 627 2906 λέγειν,
653 2842 772 2896 ἀντὶ
803 2843 902 2896 τοῦ
934 2844 1192 2910 θειάζειν,
1220 2848 1296 2912 ὠς
1333 2851 1380 2902 εί
1413 2852 1615 2917 πάντες
1647 2854 1774 2922 ὑμῖν

198 2927 507 2981 πεισθεῖεν·
546 2932 647 2984 οὐκ
677 2931 742 2985 ἂν
780 2933 963 2998 ἔθνος,
1014 2936 1076 2988 οὐ
1118 2939 1272 3002 πόλις
1294 2981 1308 3005 ,
1342 2941 1443 2994 οὐκ
1473 2943 1620 2996 οίκία
1676 2945 1776 3016 μία

197 3021 579 3119 συστήσεταιὶ
623 3023 739 3119 πῶς
806 3026 914 3119 γὰρ
975 3027 1095 3092 ἔτι,
1160 3033 1566 3102 μιμησαμένων
1630 3036 1774 3119 sua;

196 3108 450 3164 ἁπάντων
485 3112 812 3184 ἀνθρώπων,
845 3113 992 3180 οἶκος
1038 3118 1255 3190 ἔντιμος
1297 3123 1523 3178 δύναταί
1562 3144 1615 3178 τι
1635 3108 1649 3119 ’
1678 3128 1774 3181 καὶ
1797 3141 1842 3204 C

192 3199 366 3265 οίκία;
397 3201 460 3254 τδ
487 3203 649 3272 σοφόν
679 3223 772 3259 σου
803 3208 982 3274 τοῦτο,
1000 3212 1093 3264 καὶ
1117 3213 1296 3283 πάσης
1328 3217 1549 3280 ναυτίας
1574 3218 1770 3289 γέμον,

196 3293 331 3383 κατὰ
382 3295 484 3364 τῆς
513 3297 735 3367 ἐντολῆς
779 3302 1118 3374 ὲπαπόρημα
1142 3319 1158 3336 ο
1194 3306 1314 3370 πῶς
1355 3305 1504 3370 οἶκος
1552 3311 1772 3383 ξντιμος

193 3381 417 3437 δύναταί
447 3403 502 3439 τι
549 3388 645 3441 καὶ
675 3391 853 3457 οἰκίας
884 3393 1020 3448 ἀλλά
1053 3397 1161 3466 γὰρ
1191 3397 1333 3464 πῶς,
1365 3399 1486 3453 ἀντὶ
1515 3401 1611 3455 τοῦ
1641 3381 1773 3456 ταῦ-

192 3488 286 3538 τα,
313 3476 431 3538 τοῖς
479 3480 593 3540 σοῖς
634 3479 895 3552 ἐπιτιμᾷν
929 3499 986 3536 σε
1020 3485 1168 3547 κυσὶ,
1207 3486 1432 3551 τούτους
1469 3489 1567 3559 μὲν
1603 3491 1770 3562 ὑπερ-

194 3563 535 3634 θαυμάζεις·
585 3569 621 3622 ἃ
654 3570 712 3623 δὲ
748 3571 848 3642 τὴν
898 3575 1110 3643 ἀμείνω
1159 3577 1341 3648 πολλῷ
1387 3580 1612 3647 τούτων,
1677 3585 1772 3637 καὶ

193 3653 366 3726 ἀμιγῆ
431 3659 616 3730 πάσης
676 3663 1014 3734 μοχθηρίας,
1087 3669 1392 3740 εἰσηγεῖται
1469 3673 1768 3740 πολιτείαν,

195 3745 364 3799 ταῦτα
392 3748 449 3800 δὲ
484 3749 551 3803 τὰ
585 3751 741 3818 λόγια
771 3754 1077 3826 διασύρεις;
1116 3760 1167 3812 τί
1212 3761 1268 3814 δὲ
1312 3763 1408 3814 καὶ
1458 3765 1551 3817 ἐπὶ
1602 3765 1767 3836 μόνης

194 3836 286 3907 ’τῆς
307 3838 662 3906 διδαΰκαλίας
690 3845 914 3916 ταύτης,
967 3849 1028 3902 τὸ
1055 3849 1218 3922 δριμύ
1262 3871 1356 3906 σου
1390 3856 1499 3908 τῶν
1535 3856 1774 3927 ἐνθυμη-

195 3929 399 3996 μάτων,
432 3935 528 3985 καὶ
559 3936 658 4004 τῆς
699 3935 943 3992 ίθυὸόλου
994 3941 1207 4009 φύσεως
1238 3946 1296 3997 τὸ
1325 3946 1465 4015 βαθὺ
1501 3949 1594 4002 καὶ
1620 3950 1769 4003 ἔντο-

194 4037 297 4083 νον,
329 4024 627 4093 ὲπεδείξως
657 4027 834 4098 ἠδύνω
863 4033 970 4104 γὰρ
998 4033 1068 4086 τὰ
1088 4035 1228 4088 αὐτὰ
1261 4039 1646 4108 ματαιολογεῖν
1675 4044 1769 4096 καὶ

192 4113 277 4166 ἐπὶ
306 4115 577 4172 πλειόνων
607 4120 804 4178 ἄλλων.
842 4143 860 4175 ι
898 4126 1184 4196 Λαμψάτω
1225 4129 1287 4182 τὸ
1334 4132 1447 4200 φῶς
1477 4134 1631 4204 ὑμῶν
1671 4136 1769 4204 έμ-

196 4205 425 4274 προσθεν
452 4209 562 4262 τῶν
587 4212 909 4284 ἀνθρώπων,
944 4217 1093 4290 ὅπως
1137 4220 1286 4274 ἴδωσι
1325 4223 1394 4277 τὰ
1439 4225 1580 4279 καλά
1615 4227 1769 4297 ὑμῶν

191 4297 338 4366 ἔργα,
371 4302 469 4353 καὶ
499 4303 766 4369 δοξάσωσι
796 4307 887 4361 τὸν
921 4309 1137 4382 Πατέρα
1195 4314 1351 4384 ὑμῶν
1379 4315 1470 4369 τὸν
1504 4319 1560 4370 ἐν
1600 4320 1764 4391 οὐρα-

192 4391 316 4451 νοίς.
346 4409 364 4441 ι
387 4391 531 4446 Ἀλλ’
549 4396 597 4446 εί
623 4397 822 4462 πάντες
853 4399 1214 4471 ὲκλὰμψουσι,
1233 4405 1376 4472 τίνες
1410 4409 1458 4459 οἱ
1477 4407 1733 4479 ὀψόμενοι
1750 4453 1764 4477 ,

1887 574 1988 626 pro
2012 559 2262 616 homines
2290 560 2600 616 amantibus
2619 559 2829 628 argenti
2857 559 3142 613 substituit
3167 568 3461 624 amatores,
3550 614 3554 618 .

1886 664 1984 718 pro
2032 659 2222 705 mutuo
2279 665 2468 705 amore
2517 649 2782 713 insidias,
2829 663 2928 718 pro
2987 649 3464 706 commiseratione

1886 741 2423 806 immisericordiam,
2455 750 2510 797 et
2540 742 2774 796 breviter
2810 749 2867 793 ut
2895 741 3198 808 expediam,
3236 757 3334 812 pro
3367 758 3465 812 op-

1886 833 2020 888 timo
2073 835 2371 904 pessimum
2435 849 2616 889 rerum
2663 841 2866 888 statum
2933 833 3249 887 introducit.
3312 833 3467 889 Patet

1885 925 2055 990 enim,
2090 927 2236 996 quod
2271 925 2737 996 quemadmodum
2788 924 2858 978 ab
2897 925 3123 979 avaritia
3163 927 3465 980 abhorrens

1883 1017 2117 1071 virtutes
2150 1033 2342 1072 omnes
2386 1016 2690 1078 contrahit,
2743 1017 2815 1070 ita
2854 1025 2907 1069 et
2952 1016 3194 1070 avaritiae
3241 1017 3466 1072 morbus

1884 1107 2103 1162 afﬁnem
2158 1115 2213 1164 et
2259 1122 2616 1178 congenerem
2667 1106 3068 1176 improbitatem
3115 1121 3332 1161 omnem
3380 1123 3467 1162 se-

1884 1214 2010 1254 cum
2043 1199 2230 1253 trahit.
2267 1201 2444 1268 Atque
2471 1197 2568 1263 ita,
2600 1199 2744 1267 quod
2781 1198 3048 1262 dicebam,
3081 1199 3330 1269 egregius
3363 1199 3467 1253 iste

1884 1290 2266 1354 consiliarius,
2312 1290 2578 1344 Dominici
2607 1290 2862 1360 praecepti
2909 1290 3142 1355 irrisor,
3192 1289 3282 1358 qni
3327 1304 3466 1358 prae-

1883 1382 2030 1436 clara
2063 1397 2298 1451 quaeque
2329 1395 2620 1451 suggerere
2647 1379 2852 1445 debuit,
2877 1381 3114 1449 pessima
3149 1380 3465 1434 hominibus

1879 1461 2131 1543 eligenda
2193 1471 2382 1538 oﬁ'ert,
2435 1473 2510 1528 ita
2554 1481 2613 1526 ut
2653 1472 2797 1526 haud
2832 1472 2987 1525 aliter
3028 1487 3151 1526 cum
3209 1470 3467 1525 felicitate

1883 1563 2097 1628 vivere,
2127 1574 2236 1616 non
2264 1560 2454 1616 urbem
2476 1601 2492 1627 ,
2539 1569 2751 1629 gentem
2771 1601 2787 1626 ,
2839 1560 3062 1615 domum
3107 1561 3462 1620 constituere.

1883 1670 2004 1723 quae
2034 1653 2355 1719 consistent,
2387 1638 2641 1723 possint:
2685 1654 2795 1707 imo
2839 1653 3022 1708 nullos
3067 1653 3292 1706 omnino
3335 1668 3464 1722 pro-

1883 1756 2104 1810 gressus
2135 1742 2336 1807 facere,
2387 1743 2432 1798 si
2471 1757 2602 1804 non.
2635 1743 2728 1810 qui
2759 1729 3027 1798 debebant
3069 1743 3314 1797 omnium
3344 1759 3467 1798 esse

1881 1833 2103 1904 optimi,
2153 1834 2372 1903 pessimi
2426 1836 2673 1889 omnium
2729 1834 2899 1890 velint
2948 1850 3092 1889 esse.
3146 1833 3265 1889 lluc
3317 1833 3465 1888 enim

1879 1933 2086 1993 spectat
2115 1925 2290 1994 ipsius
2327 1934 2382 1980 et
2428 1925 2718 1981 consilium
2752 1936 2807 1981 et
2837 1927 3022 1995 politia
3044 1967 3058 1990 ,
3109 1939 3204 1996 per
3228 1926 3467 1980 insolen-

1881 2015 2009 2070 tiam
2039 2025 2228 2070 contra
2254 2015 2569 2071 mandatum
2603 2016 2873 2081 divinum,
2901 2031 2997 2086 per
3029 2016 3226 2086 linguae
3255 2016 3465 2084 diasyr-

1878 2121 2000 2162 mos
2032 2115 2085 2162 et
2130 2107 2421 2176 praaclaras
2455 2094 2865 2163 conclusiones.
2901 2107 3030 2172 Sed,
3068 2108 3141 2160 mi
3189 2107 3374 2168 homo,
3418 2111 3464 2161 si

1879 2206 2060 2252 tamen
2107 2196 2243 2251 nihil
2271 2197 2445 2262 aliud,
2482 2213 2648 2254 canes
2679 2197 2801 2253 illos
2833 2206 2975 2262 tuos,
3007 2213 3146 2267 quos
3180 2197 3261 2252 sic
3290 2196 3466 2251 admi-

1877 2291 2041 2354 raris,
2073 2289 2395 2359 Diogenem,
2423 2290 2826 2355 Antisthenem,
2863 2290 3162 2356 Cratetem,
3205 2299 3462 2345 caeteros-

1877 2398 1984 2452 que
2017 2382 2278 2452 praeclaro
2307 2381 2398 2434 illo
2427 2395 2714 2448 consessu,
2764 2381 3002 2436 recolere
3031 2390 3084 2436 et
3112 2381 3462 2436 verecundari

1877 2473 2168 2529 debueras.
2202 2471 2280 2526 llli
2334 2482 2611 2544 utcunque
2661 2489 2756 2544 per
2811 2489 3006 2528 vanam
3042 2474 3460 2530 ostentationem

1877 2583 2021 2622 vera:
2051 2569 2393 2637 paupertatis
2423 2567 2796 2623 characterem
2828 2566 3206 2621 adulterabant
3239 2585 3251 2621 :
3286 2575 3460 2622 tamen

1879 2672 2120 2712 amorem
2156 2659 2472 2712 divitiarum
2509 2656 2943 2720 detestabantur,
2996 2672 3118 2712 cum
3154 2657 3321 2712 videri
3351 2659 3464 2712 vel-

1877 2749 1991 2806 lent
2051 2749 2305 2818 amplecti
2366 2748 2583 2818 inopem
2641 2757 2693 2802 et
2743 2747 3042 2802 immunem
3109 2748 3178 2803 ab
3235 2748 3465 2804 avaritia

1878 2842 2026 2896 omni
2069 2842 2256 2895 vitam.
2298 2840 2455 2910 Apud
2483 2841 2608 2895 illos
2632 2850 2872 2910 poteras,
2902 2855 3041 2909 quos
3068 2839 3290 2904 adoras,
3329 2839 3465 2895 eﬂ'n-

1879 2936 1981 2988 tire
2012 2935 2335 3004 praeclarum
2372 2933 2502 2988 illud
2550 2943 2701 2987 tttutn
2738 2933 3168 3003 apophthegma,
3198 2934 3242 2988 si
3270 2949 3464 2989 omnes

1876 3025 2075 3079 vellent
2120 3025 2276 3080 vobis
2307 3025 2708 3095 obtemperare,
2755 3040 2864 3078 non
2901 3024 3079 3079 adhuc
3109 3039 3260 3094 gens,
3310 3027 3460 3087 urbs.

1877 3115 2073 3171 domus
2117 3115 2465 3170 subsisteret.
2535 3113 2658 3170 llaec
2707 3123 2786 3171 est
2813 3115 2958 3168 enim
3001 3112 3095 3168 illa
3131 3124 3222 3169 tua
3254 3115 3460 3168 vomitu

1881 3207 2135 3264 {tedanda
2174 3208 2238 3262 ad
2287 3217 2614 3278 praeceptum
2671 3206 2928 3278 qutrstio,
2977 3205 3067 3260 illa
3112 3211 3374 3276 praeclara
3405 3217 3464 3261 ut

1881 3300 2095 3356 videtur
2143 3301 2262 3355 tibi.
2295 3299 2580 3367 Quomodo
2628 3300 2821 3355 domus
2853 3299 2938 3354 vel
2983 3300 3246 3355 habitatio
3281 3298 3463 3355 subsi-

1881 3394 2019 3448 stet?
2045 3392 2149 3448 Sed
2178 3401 2256 3457 tu,
2279 3393 2371 3462 qui
2397 3393 2510 3447 haec
2529 3392 2758 3447 canibus
2775 3393 2882 3446 tuis
2911 3391 3152 3462 objicere
3171 3391 3455 3456 debueras,

1881 3487 2003 3542 illos
2031 3485 2356 3550 admiratus,
2394 3485 2616 3539 oracula
2651 3493 2831 3538 autem
2888 3483 2976 3537 illa
3029 3483 3210 3538 divina
3258 3483 3460 3538 derisui

1882 3579 2070 3644 habes,
2104 3593 2225 3647 quae
2251 3577 2408 3646 longe
2440 3575 2720 3629 meliorem
2749 3575 2964 3629 vivendi
2997 3575 3265 3629 rationem
3311 3583 3365 3628 et
3393 3574 3462 3626 ab

1828 3698 1839 3711 -
1881 3669 2224 3739 improbitate
2263 3667 2644 3722 abhorrentem
2703 3667 3079 3720 introducunt.
3130 3664 3269 3732 Quid
3333 3667 3462 3720 est"

1880 3763 2025 3831 quod
2053 3763 2106 3815 in
2139 3761 2297 3816 istam
2331 3759 2708 3815 tantummodo
2742 3759 3048 3815 doctrinam
3079 3760 3461 3816 conclusiones

1880 3863 1986 3907 tua:
2034 3852 2337 3907 virulentiaa
2385 3851 2660 3915 intendas,
2694 3861 2749 3906 et
2788 3851 3162 3922 dispositionis
3200 3849 3462 3919 improha:

1873 3944 2054 4014 jacula
2095 3944 2312 3999 incussa
2352 3941 2620 3998 violenter
2671 3943 2932 4012 stringas,
2982 3956 3106 3996 cum
3139 3954 3248 3995 non
3276 3939 3459 3994 minus

1879 4047 2072 4091 contra
2116 4035 2222 4089 alia
2263 4049 2427 4105 quam
2459 4035 2583 4100 ista,
2613 4033 2660 4090 si
2691 4033 2904 4098 liberet,
2939 4033 3207 4088 blaterare
3235 4031 3456 4089 debeas.

1883 4147 1902 4181 ι
1943 4129 2142 4184 Luceat
2167 4128 2248 4183 sic
2269 4128 2359 4181 lux
2393 4134 2572 4181 vestra
2591 4141 2774 4180 coram
2802 4124 3137 4190 hominibus,
3157 4131 3218 4178 u-t
3242 4124 3460 4179 videant

1876 4221 2019 4276 bona
2066 4227 2248 4276 vestra
2293 4233 2458 4289 opera
2503 4228 2558 4272 et
2605 4218 2910 4288 gloriﬁcent
2957 4216 3167 4272 l‘atrem
3213 4225 3456 4270 vestrum

1877 4315 1965 4384 qui
1997 4323 2080 4369 est
2109 4313 2161 4367 in
2211 4314 2451 4369 etelis'”.
2485 4332 2504 4366 ι
2542 4311 2696 4378 Quod
2745 4312 2789 4364 si
2822 4325 3012 4365 omnes
3061 4319 3115 4364 et
3152 4308 3348 4378 singuli
3377 4309 3459 4362 sie

1878 4390 2139 4467 lucerent,
2171 4405 2262 4458 ubi
2299 4414 2460 4460 erunt
2493 4405 2587 4474 qui
2610 4403 2850 4465 videant,
2900 4410 2954 4456 et
2989 4401 3178 4464 Deum,
3223 4415 3320 4470 pro
3350 4399 3457 4453 illis

191 4480 277 4534 καὶ
303 4483 396 4536 τὸν
432 4484 586 4548 Θεὸν,
618 4489 704 4558 ἐφ’
728 4485 809 4554 οἷς
833 4493 962 4559 ίδον,
991 4496 1080 4550 διὰ
1114 4496 1274 4568 δόξης
1303 4499 1683 4570 θεραπεύσοντε

1956 4512 1993 4550 ιε
2022 4496 2225 4559 vident,
2252 4494 2589 4566 gloriﬁcent?
2617 4513 2635 4545 ι
2666 4494 2815 4557 Date,
2835 4502 2888 4547 et
2917 4493 3131 4546 dabitur
3154 4491 3408 4554 vobis”;
3433 4509 3448 4540 ι

195 4588 213 4621 ι
246 4572 447 4634 Δίδοτε,
483 4576 577 4628 καὶ
601 4577 884 4651 δοθήσεται
910 4585 1060 4654 ὑμῖν⁹
1089 4606 1108 4639 ι
1142 4588 1190 4639 εί
1222 4589 1422 4654 πάντες
1447 4589 1651 4647 ἕλοιντο
1683 4595 1762 4648 δι-

189 4660 330 4715 Μναι
353 4704 370 4728 ,
403 4665 488 4727 τίς
516 4668 544 4718 ὁ
575 4666 910 4739 ληψόμενος;
951 4692 969 4725 ι
1009 4676 1243 4745 Ἀφίετε,
1277 4682 1372 4733 καὶ
1428 4682 1762 4754 ἀφεθήσεται

192 4755 340 4824 ὑμῖνο
379 4776 400 4810 ι
463 4760 512 4812 εί
564 4762 766 4828 πάντες
817 4768 1052 4836 ἀφῶσιν,
1091 4771 1236 4836 τίνες
1289 4769 1370 4836 οἷς
1420 4776 1761 4846 ἀφήσουσιν;

197 4867 213 4898 ι
233 4849 505 4918 Ἀγαπᾶτε
533 4855 658 4919 τοὺς
685 4856 916 4929 ἐχθροὺς
944 4861 1096 4932 ὑμῶν
1117 4879 1132 4895 ο
1171 4883 1188 4916 ι
1227 4867 1277 4920 εί
1311 4867 1511 4933 πάντες
1539 4873 1762 4941 ἀγαπή-

193 4957 354 5009 σουσι,
387 4943 490 4996 ποῦ
519 4947 568 4998 οί
604 4947 814 5020 ὲχθρῶς
853 4951 1098 5021 ἔχοντες;
1139 4974 1158 5006 ι
1193 4957 1255 5009 Εἰ
1282 4957 1481 5023 πάντες
1511 4962 1626 5023 τοῖς
1664 4961 1763 5030 τὴν

193 5037 409 5103 σιαγόνα
443 5037 665 5094 παίουσι
691 5041 789 5112 τὴν
817 5043 1020 5110 δεξιὰν,
1049 5047 1142 5100 καὶ
1164 5048 1263 5120 τὴν
1293 5050 1460 5122 ἄλλην
1494 5053 1574 5115 είς
1601 5050 1762 5122 ὓὸριν

193 5125 304 5194 ίσην
342 5131 679 5198 ἐκδώσουσι,
726 5134 830 5188 ποῦ
862 5139 910 5191 oi
940 5141 1344 5210 τυπτήσοντες;
1387 5161 1403 5192 ι
1437 5144 1546 5200 Καὶ
1595 5145 1764 5214 μυρία

1872 4589 1918 4644 si
1943 4603 2132 4643 omnes
2189 4587 2457 4650 dederint,
2504 4587 2627 4655 quis
2681 4583 2945 4654 accipiet?
3000 4601 3018 4634 ι
3054 4581 3350 4646 ltentittite,
3400 4590 3456 4635 et

1872 4679 2264 4743 remittetur";
2306 4696 2324 4729 ι
2381 4677 2426 4733 si
2477 4691 2668 4732 omnes
2719 4675 3095 4743 indulgentes,
3151 4673 3241 4727 ubi
3292 4684 3455 4728 erunt

1872 4772 2068 4841 quibus
2100 4769 2454 4840 indulgetur?
2506 4787 2524 4821 ι
2564 4767 2778 4839 Diligite
2815 4767 3064 4821 inimicos
3097 4766 3392 4831 vestros";
3429 4785 3445 4815 ι

1873 4863 1917 4918 si
1949 4879 2141 4918 omnes
2168 4863 2417 4933 diligant,
2443 4861 2534 4916 ubi
2569 4862 2960 4930 comparebunt
2983 4861 3076 4930 qui
3108 4866 3239 4914 sunt
3263 4859 3449 4912 animo

1871 4955 2132 5010 inimico?
2164 4970 2182 5004 ι
2204 4952 2259 5008 Si
2288 4967 2478 5008 omnes
2506 4949 2682 5005 affecti
2705 4950 3053 5015 contumelia,
3079 4949 3324 5003 dextram
3354 4963 3447 5016 ge-

1871 5065 1993 5103 nam
2019 5055 2072 5103 et
2093 5047 2370 5104 sinistram
2396 5047 2680 5102 obvertere
2701 5045 2958 5101 debent”
2978 5065 2997 5098 ι
3024 5044 3234 5112 injuria:
3266 5044 3446 5105 illata»,

1874 5141 1964 5195 ubi
2014 5148 2177 5194 erunt
2219 5139 2313 5210 qui
2349 5139 2560 5209 plagam
2609 5137 2891 5208 iulligent?
2940 5134 3080 5190 Sunt
3136 5134 3446 5204 hujusmodi

194 5217 348 5274 ἄλλαο
413 5226 617 5293 μᾶλλον
649 5227 703 5281 δὲ
724 5237 770 5293 ν,
815 5228 891 5294 ὡς
925 5229 1056 5294 ἔπος
1105 5232 1302 5298 είπεῖν,
1356 5235 1585 5305 οὐδεμία
1643 5235 1686 5288 θε

1952 5234 2078 5289 inita
2114 5251 2126 5287 :
2155 5241 2208 5287 et
2237 5243 2294 5286 ut
2324 5247 2435 5287 uno
2464 5233 2627 5286 verbo
2667 5229 2948 5300 expediam
2997 5227 3203 5292 omnia,
3236 5226 3444 5281 nullum

195 5314 525 5383 παραίνεσις,
575 5319 632 5371 ὲν
665 5322 730 5390 τῇ
777 5319 918 5390 πρὸς
965 5322 1153 5393 ἓτερον
1201 5325 1295 5379 ἀφ’
1327 5325 1516 5380 έτέοου
1553 5325 1750 5397 πράξει

257 5493 294 5524 τ’
339 5493 529 5551 Matth.
558 5513 611 5562 v,
647 5497 731 5552 l6.
809 5499 877 5530 ’⁸⁸
909 5497 1040 5554 Luc.
1064 5515 1135 5563 vt,
1165 5499 1253 5555 '58.
1332 5503 1383 5533 τ’
1402 5500 1593 5557 Matth.
1624 5519 1776 5570 xvnt,
1819 5505 1908 5559 55.

1869 5326 2029 5395 plane
2054 5326 2157 5380 erit
2180 5323 2424 5379 divinum
2459 5322 2798 5387 mandatum,
2850 5319 2996 5375 nulla
3028 5315 3334 5374 exhortatio
3359 5316 3448 5369 in-

1991 5503 2036 5536 ⁷³
2067 5501 2251 5557 Matth.
2287 5520 2338 5568 γ,
2381 5502 2471 5556 Η.
2543 5500 2586 5531 ⁷³
2615 5497 2746 5554 lbid.
2773 5498 2862 5554 39.

1505 5638 1732 5696 VARI/IS
1770 5637 2177 5698 LECTIONES.

200 5772 224 5803 ἰ
251 5764 396 5823 (λιι.
430 5768 634 5840 ἔλεγεν.
750 5785 776 5813 ν
807 5776 866 5830 C.
905 5775 974 5830 Μ.
1008 5777 1106 5830 οὐκ
1130 5775 1300 5834 ἔστιν.
