3880 6206
351 241 458 308 623

1507 240 1769 300 ΡΗΟΤΙΙ
1797 239 2300 302 ΡΑΤΒΙΑΗΟΗᾸΞ
2339 243 2446 303 CP.

3495 240 3609 301 624

353 362 434 408 ter
490 350 739 406 homines
788 348 1150 412 observanda,
1205 362 1315 418 quo
1364 362 1472 402 non
1527 349 1789 418 pervadat
1819 361 1926 403 naec

2036 355 2446 424 κατορθουμένῃ
2473 391 2490 416 ,
2541 350 2662 406 καθ’
2695 344 2764 424 ἦς
2795 349 2896 404 οῦκ
2940 348 3087 402 ἔστιν
3120 347 3248 401 ἰδεῖν
3279 346 3381 419 τὴν
3411 345 3608 416 ἄλογον

348 445 512 501 Stulta
564 451 616 496 et
651 457 679 496 a
711 441 922 495 ratione
949 440 1128 498 aliena
1159 437 1566 508 improperatio.

420 535 523 601 Qui
560 534 706 587 enim
739 533 843 587 lSla
894 529 1088 584 dividit
1119 545 1150 584 a
1209 538 1400 583 mutuo
1440 528 1582 583 inter
1639 544 1699 584 se
1733 528 1925 584 habitu

352 644 416 683 ac
451 626 816 692 connexione,
862 639 984 693 qua:
1039 622 1093 677 in
1135 638 1496 692 personarum
1536 622 1733 693 copula
1774 638 1928 676 man-

352 720 544 775 datum
581 719 942 781 constituunt,
1000 725 1054 772 et
1094 715 1165 769 ita
1215 715 1332 769 vult
1373 714 1635 770 omnibus
1696 715 1926 784 pedibus

353 811 656 867 concedere
690 812 743 863 in
777 810 1004 863 alteram
1049 815 1257 876 partem
1305 805 1619 869 divisionis,
1651 822 1773 875 quae
1807 815 1929 875 post

354 902 515 954 talem
549 899 921 969 operationem
973 895 1342 960 constituitur,
1380 895 1470 950 ille
1508 897 1658 949 nullo
1712 896 1928 966 negotio

355 992 422 1047 ad
453 991 781 1062 abolendum
827 989 1145 1043 mandatum
1179 987 1234 1040 id
1267 988 1415 1057 quod
1464 987 1746 1042 residuum
1800 987 1926 1052 erit,

356 1089 620 1145 assuntet,
655 1079 1104 1149 consequentiam
1157 1077 1354 1132 falsam
1416 1077 1681 1132 eliciendo
1727 1085 1780 1131 et
1829 1076 1928 1130 ab-

357 1173 756 1246 surdatmejus,
789 1188 951 1242 quam
998 1171 1461 1235 comminiscitur,
1514 1169 1926 1241 propositionis,

355 1266 781 1336 qumstionisque
807 1277 914 1320 tam
940 1265 1206 1319 fastttosaz.
1235 1279 1360 1318 cum
1379 1263 1554 1319 ironia
1575 1271 1630 1317 et
1653 1262 1930 1317 inﬂatione

355 1371 495 1415 vana
526 1355 856 1423 conjunctae.
893 1353 948 1409 Si
971 1370 1164 1410 omnes
1191 1355 1392 1410 etenim
1416 1355 1812 1425 operabuntur,
1835 1353 1942 1408 ubi-

354 1446 480 1509 crit,
516 1444 570 1497 in
605 1458 765 1514 quem
799 1442 986 1497 tendat
1033 1442 1328 1513 operatio?
1377 1444 1457 1496 Ad
1505 1441 1653 1496 hunc
1702 1441 1926 1496 modum

353 1533 513 1592 facile
539 1535 644 1590 erit
692 1533 950 1603 impetum
983 1533 1164 1589 facere
1198 1534 1252 1589 in
1282 1549 1501 1590 munem
1537 1533 1775 1604 Spiritus
1826 1533 1928 1586 do-

349 1628 608 1693 ctrinam,
641 1643 736 1697 per
790 1627 857 1680 de
899 1627 1023 1682 loco
1052 1627 1320 1697 superiori
1344 1627 1641 1682 violentam
1669 1628 1924 1681 incursa-

347 1719 576 1785 tioncm,
642 1719 784 1774 unde
831 1720 942 1783 tiet,
1013 1728 1073 1773 ut
1106 1720 1159 1774 in
1190 1719 1449 1790 pleraque
1483 1718 1527 1772 si
1565 1733 1675 1772 non
1708 1718 1762 1771 in
1803 1732 1923 1771 om-

348 1813 479 1879 nia,
516 1812 606 1866 tali
663 1812 823 1865 modo
854 1812 958 1866 hoc
996 1820 1150 1866 tuum
1204 1827 1430 1866 examen
1476 1809 1804 1885 incussisti:
1831 1809 1926 1864 sed

351 1903 497 1956 intra
527 1903 693 1956 unius
714 1901 957 1955 mandati
977 1901 1373 1972 exceptionem,
1404 1916 1528 1972 qua:
1557 1911 1648 1956 tua
1680 1900 1782 1955 fuit
1811 1899 1928 1970 pie-

351 2003 436 2050 tas
460 2003 516 2049 et
552 1993 770 2049 devotio
799 1993 1156 2049 conclusisti:
1209 2003 1359 2050 certe
1411 1993 1488 2050 ita
1545 1992 1720 2064 magis
1752 1991 1931 2047 admi-

350 2099 543 2142 ramur
571 2084 794 2140 modum
854 2094 961 2140 tuze
1008 2086 1241 2140 actionis
1291 2094 1403 2140 tam
1443 2085 1658 2142 facilem
1707 2093 1763 2139 et
1800 2099 1921 2155 prov

351 2175 604 2232 fundum.
643 2175 749 2230 Sed
783 2185 904 2231 erat
943 2177 1059 2233 htec
1090 2191 1120 2237 a
1169 2176 1378 2235 malitia
1408 2186 1499 2231 tua
1551 2175 1736 2246 potius
1760 2190 1926 2246 quam

353 2267 716 2337 imprudentia
750 2266 993 2337 profecta
1019 2267 1370 2331 machinatio.
1393 2266 1740 2338 lntelligebas
1756 2267 1927 2335 enim,

353 2360 399 2415 si
429 2360 673 2415 eamdem
709 2360 1076 2430 objectionem
1111 2361 1164 2415 in
1205 2361 1436 2430 quodvis
1490 2360 1738 2416 divinum
1768 2375 1929 2414 man-

353 2450 540 2511 datum
590 2450 893 2520 ejacnlatus
957 2465 1128 2513 esses,
1160 2449 1321 2505 facile
1380 2451 1624 2520 potuisse
1678 2450 1928 2505 animad—

352 2541 490 2597 verti
542 2541 818 2610 inceptum
856 2540 987 2594 illud
1046 2551 1153 2596 tam
1205 2542 1500 2610 ineptum;
1550 2527 1727 2597 cuivis
1777 2542 1924 2596 enim

352 2641 498 2690 esset
523 2634 897 2703 perspicuum,
931 2632 1079 2703 quod
1122 2635 1306 2690 omnia
1355 2633 1449 2688 Dei
1493 2635 1749 2689 mandata
1775 2649 1928 2688 eam-

352 2724 475 2778 dem
528 2724 816 2778 arrodendi
887 2723 1211 2779 exltiherent
1279 2725 1630 2780 occasionem
1697 2724 1926 2778 innova-

353 2818 540 2874 tionis.
580 2817 734 2884 Quod
769 2817 814 2873 si
854 2818 1184 2876 calumniam
1245 2819 1296 2872 in
1337 2833 1450 2874 uno
1513 2819 1698 2890 aliquo
1734 2819 1925 2874 termi-

353 2919 530 2973 naret,
567 2910 739 2963 multo
792 2924 852 2965 se
915 2909 1111 2964 melius
1166 2911 1449 2966 latiturum
1491 2921 1543 2965 et
1593 2912 1926 2980 paratiorem

354 3003 562 3057 aditum
622 3003 971 3058 inventurum
1033 3003 1312 3073 nequitiae,
1349 3018 1445 3073 per
1484 3019 1644 3073 quem
1699 3003 1928 3072 impete-

355 3102 566 3157 rentur,
600 3108 724 3162 qua:
752 3092 1020 3146 vacabant
1046 3092 1223 3162 capita
1273 3095 1455 3162 culpa,
1488 3093 1561 3147 ita
1617 3093 1672 3147 in
1726 3093 1929 3164 quibus

352 3185 572 3240 latitare
627 3182 822 3248 voluit,
890 3183 1005 3252 ipse
1060 3184 1214 3253 quasi
1267 3183 1321 3238 in
1373 3184 1710 3255 triumphum
1771 3184 1932 3239 duxit

355 3290 584 3336 suorum
614 3289 934 3330 sermonum
969 3273 1179 3329 futilem
1215 3275 1642 3344 improbitatem.

429 3367 535 3423 Sed
581 3383 679 3438 par
728 3365 975 3438 proiecto
1015 3365 1137 3432 fuit,
1175 3357 1237 3421 'ut
1270 3367 1336 3431 is,
1386 3367 1481 3436 qui
1547 3367 1930 3422 oblectabatur

352 3461 664 3527 istiusmodi
704 3461 899 3530 ineptis
930 3467 981 3515 et
1008 3460 1211 3530 putidis
1233 3460 1688 3529 sephismatihus,
1709 3460 1934 3515 minime

353 3570 421 3613 ex
454 3554 681 3608 adversa
716 3551 893 3608 fronte
921 3553 975 3606 in
1001 3552 1387 3607 contumeliam
1415 3568 1780 3623 personarum
1821 3553 1930 3607 .de-

355 3647 679 3713 incenderet;
713 3645 806 3701 sed
826 3647 1014 3700 eadem
1051 3646 1252 3701 mentis
1297 3647 1602 3714 celeritate,
1640 3656 1696 3702 et
1747 3648 1932 3702 animo

355 3739 412 3806 in
443 3747 625 3810 partes
653 3738 897 3793 versatili
932 3739 1307 3800 addubitando
1347 3739 1555 3795 diceret
1585 3759 1599 3794 :
1640 3741 1686 3794 si
1739 3755 1932 3796 omnes

354 3831 478 3885 loco
527 3829 856 3884 venditionis
913 3831 1248 3899 emptionem
1323 3831 1632 3895 instituant,
1704 3831 1928 3902 quinam

355 3928 519 3977 erunt
547 3919 1054 3975 vendentes?Nam
1115 3920 1244 3988 quid
1303 3921 1530 3976 interest
1601 3921 1742 3974 inter
1803 3936 1930 3976 eum

355 4012 450 4081 qui
508 4010 562 4064 in
613 4020 824 4082 partem
877 4011 1230 4066 vendentium
1294 4026 1486 4067 omnes
1527 4011 1843 4082 compingit,
1877 4022 1933 4067 et

354 4103 507 4157 illum
542 4103 637 4171 qui
686 4109 959 4172 emptores
998 4101 1244 4172 quaerit?
1282 4112 1376 4157 aut
1423 4118 1454 4158 e
1485 4113 1675 4158 contra
1719 4105 1771 4159 in
1811 4104 1932 4159 lici-

349 4195 530 4244 tantes
559 4186 908 4255 referentem,
937 4204 1031 4243 eos
1065 4189 1416 4261 investigare,
1456 4192 1550 4262 qui
1587 4193 1755 4247 velint
1800 4209 1930 4248 vcn-

290 4289 294 4292 ’
350 4280 518 4336 dere?
550 4278 751 4334 Verum
787 4282 1013 4338 missum
1074 4283 1180 4342 hoc
1215 4282 1502 4350 faciamus.
1555 4284 1737 4354 Quid?
1765 4303 1834 4341 an
1872 4297 1928 4342 tu

347 4375 435 4430 vis
461 4389 654 4431 omnes
686 4374 939 4431 homines
989 4376 1187 4441 bonos,
1225 4377 1485 4436 honestos
1517 4388 1572 4435 et
1615 4378 1757 4452 frugi
1787 4383 1926 4448 fieri,

349 4478 453 4518 nec
503 4463 751 4534 lapsibus
786 4465 1105 4536 subjectos?
1132 4483 1199 4522 an
1252 4469 1357 4525 hoc
1387 4471 1483 4526 tibt
1509 4471 1692 4541 potius
1734 4474 1930 4543 displi-

350 4555 483 4610 cet?
511 4556 667 4622 Quod
700 4558 746 4612 si
773 4573 965 4614 omnes
989 4571 1176 4616 essent
1204 4563 1386 4632 probi,
1406 4565 1550 4619 nulla
1581 4566 1719 4622 foret
1745 4568 1924 4639 legum

348 4650 684 4716 necessitas,
739 4652 1158 4722 legumlatorum
1218 4672 1372 4722 cura,
1426 4660 1689 4726 studium,
1740 4663 1926 4729 provi-

305 4807 311 4818 η
346 4740 560 4797 dentia:
589 4752 644 4798 et
670 4752 872 4811 tamen,
907 4755 966 4800 ut
1001 4747 1136 4802 tales
1165 4747 1377 4814 ﬁerent,
1408 4749 1552 4820 leges
1587 4751 1662 4805 illi
1698 4753 1923 4821 provide

294 4827 314 4897 ,⁸
343 4836 751 4891 condiderunt:
786 4835 1004 4893 Justitia
1035 4855 1102 4895 an
1137 4856 1243 4894 non
1278 4841 1333 4895 in
1355 4841 1928 4912 Tragelapbostrans-

2027 445 2232 515 ταύτην
2265 445 2357 498 καὶ
2394 442 2583 515 μωράν
2617 443 2884 513 ἐπήρειαν
2909 439 3317 494 διαϐαίνουσαν.

2099 535 2212 606 Τῆς
2247 534 2354 606 γάρ
2383 533 2614 604 ἐχούσης
2636 529 2878 601 ἐντολῆς,
2906 531 2964 584 ἐν
3006 528 3238 597 συζυγίᾳ
3269 525 3606 600 προσώπων,

2027 628 2126 699 τὴν
2161 627 2418 698 ὕπαρξιν,
2457 628 2486 680 ό
2529 623 2820 695 διασχίζων
2870 621 3042 676 ταῦτα
3089 623 3190 692 τῆς
3215 621 3358 691 πρὸς
3399 621 3609 691 ἄλληλα

2033 720 2325 789 συναφείας
2350 718 2446 773 καὶ
2477 717 2734 788 σχέσεως,
2762 710 2880 768 εἶτα
2912 714 3120 776 πάντας
3145 713 3312 778 ἀξιῶν
3341 713 3425 775 είς
3453 712 3612 766 θατέ-

2031 827 2132 882 ραν
2185 810 2444 863 συνωθεῖν
2502 809 2698 880 μοῖραν
2755 803 2852 859 τοῦ
2904 805 3221 876 τμήματος,
3269 798 3383 856 οἷον
3430 802 3491 865 ἐξ
3537 796 3612 874 ἧς

2029 899 2392 971 προϐάλλεται
2421 897 2473 970 ’ή
2519 897 2804 968 ἐνέργεια⁸
2859 889 3012 959 οὗτός
3054 911 3118 962 γε
3161 893 3261 964 τὴν
3311 892 3611 947 ὑπόλοιπον

2033 993 2253 1056 πάντως
2311 991 2554 1062 εὐχερῶς
2621 992 2702 1053 εἰς
2773 988 3161 1058 καταστροφὴν
3215 987 3317 1058 τῆς
3383 987 3611 1058 ἐντολῆς

2030 1083 2436 1157 παραλήψεται,
2461 1081 2648 1152 ψευδεῖ
2680 1081 2778 1134 καὶ
2804 1080 2992 1149 ἀτόπῳ
3017 1083 3083 1150 τῇ
3111 1081 3240 1152 παρ’
3267 1079 3433 1132 αὐτοῦ
3465 1095 3610 1150 συμρ

2030 1175 2331 1249 πλασθείσῃ
2373 1173 2541 1238 θέσει,
2587 1171 2884 1225 ἀκόλουθον
2932 1169 3043 1240 ἔχω
3088 1169 3148 1224 τό
3186 1171 3612 1241 περαινόμενον,

2030 1270 2125 1324 καὶ
2167 1267 2486 1338 διερωτήσει
2519 1281 2582 1333 γε
2619 1262 2766 1334 μάλα
2797 1262 3007 1332 σεμνῶς
3035 1301 3051 1326 ,
3089 1263 3186 1316 σὺν
3216 1261 3475 1332 είρωνείᾳ
3514 1262 3614 1314 καὶ

2029 1360 2262 1429 διακένῳ
2287 1357 2570 1428 φυσήματι
2591 1371 2604 1385 °
2632 1355 2696 1409 El
2727 1352 2928 1417 πάντες
2962 1352 3342 1424 ἐνεργήσουσι,
3376 1351 3526 1414 τίνες
3547 1353 3614 1404 ἐν

2030 1445 2112 1514 οἷς
2143 1452 2175 1520 ἡ
2203 1449 2488 1519 ἐνέργεια;
2516 1444 2672 1500 Οῦτω
2702 1442 2990 1515 τοιγαροῦν
3025 1441 3212 1516 ῥᾳδίας
3238 1441 3404 1510 οὔσης
3443 1442 3610 1512 φέρε-

2033 1542 2158 1597 σθαι
2188 1540 2332 1595 κατὰ
2355 1539 2536 1610 πάσης
2563 1535 2748 1608 σχεδὸν
2784 1534 2884 1606 τῆς
2921 1533 3271 1597 διδασκαλίας
3299 1531 3396 1586 τοῦ
3433 1533 3610 1586 Πνεύ·

2035 1649 2224 1702 ματος,
2280 1629 2382 1698 τῆς
2433 1627 2644 1698 ὑψηλῆς
2711 1641 2806 1678 σου
2865 1622 3070 1692 ταύτης
3123 1621 3218 1675 καὶ
3269 1620 3608 1692 δραστηρίου

2033 1721 2405 1793 καταδρομῆς,
2435 1719 2552 1782 πῶς
2584 1719 2632 1772 εί
2665 1718 2761 1770 καὶ
2799 1715 2874 1786 μὴ
2898 1714 2991 1768 ἐπὶ
3017 1712 3230 1776 πασῶν,
3250 1711 3390 1765 άλλά
3409 1727 3474 1779 γε
3499 1709 3612 1762 τῶν

2033 1815 2322 1875 πλείστων,
2347 1813 2447 1865 οὐκ
2476 1808 2696 1879 ἀφῆκας
2727 1805 2825 1877 τὴν
2851 1804 3186 1875 τηλικαύτην
3219 1820 3316 1857 σου
3347 1802 3606 1874 βάσανον

2035 1909 2133 1980 μιᾷ
2188 1905 2246 1959 δὲ
2293 1904 2432 1977 μόνῃ
2470 1901 2578 1955 τῶν
2613 1897 2865 1965 ἐντολῶν,
2925 1896 3030 1951 ὑπὸ
3075 1893 3279 1966 πολλῆς
3321 1894 3612 1958 εὐλαϐείας

2034 1994 2497 2066 συγκατέκλεισας
2519 2009 2534 2058 ;
2557 1991 2700 2045 οὕτω
2724 1989 2832 2061 γὰρ
2874 1990 2940 2045 ἄν
2973 2003 3066 2041 σου
3098 1986 3208 2039 τῶν
3235 1985 3611 2056 ἐπιχειρημά-

2029 2109 2138 2147 των
2177 2090 2238 2143 ea
2281 2087 2515 2156 εὔπορον
2551 2085 2646 2138 καὶ
2677 2082 2814 2154 βαθὺ
2866 2080 3067 2152 μᾶλλον
3113 2077 3606 2146 άπεθαυμάζομεν.

2045 2182 2186 2237 Ἀλλ’
2237 2177 2306 2253 ἢν
2356 2180 2450 2233 καὶ
2494 2175 2655 2231 τοῦτο
2701 2173 3039 2244 κακουργίας
3080 2171 3282 2242 μᾶλλον
3331 2170 3366 2240 ἢ
3425 2168 3612 2231 ἀνοίας

2031 2270 2411 2345 ἐπιτέχνασμα
2431 2286 2446 2301 ο
2477 2269 2594 2341 ᾔδει
2634 2266 2766 2338 γὰρ,
2803 2265 2921 2337 ᾔδει
2950 2262 3093 2318 κατὰ
3124 2261 3344 2316 πάντων
3375 2260 3477 2331 μὲν
3500 2259 3612 2312 τῶν

2030 2367 2380 2423 Δεσποτικῶν
2423 2361 2863 2435 προσταγμάτων
2901 2356 2999 2429 τὴν
3047 2355 3217 2426 αὐτὴν
3265 2355 3610 2427 κατάρῤησιν

2031 2457 2505 2533 προϐαλλόμενος,
2541 2452 2858 2522 εὐφώρατον
2903 2449 3046 2514 ἕξειν
3087 2448 3150 2501 τὸ
3199 2445 3607 2525 ῥᾳδιούργημα,

2032 2557 2129 2610 ἆτε
2160 2548 2464 2622 δυναμένου
2509 2546 2604 2599 καὶ
2640 2543 2736 2597 τοῦ
2782 2542 3035 2612 τυχόντος
3081 2540 3335 2609 συνορᾷν,
3383 2537 3459 2600 ὼς
3509 2535 3610 2588 οὐκ

2033 2645 2099 2699 ἂν
2123 2643 2265 2697 οῦτω
2293 2659 2358 2711 γε
2392 2637 2668 2692 πάντατὰ
2695 2634 2942 2704 σωτήρια
2992 2630 3435 2702 παραγγέλματα
3454 2667 3472 2691 ,
3510 2626 3610 2695 τὴν

2031 2737 2204 2808 αὐτὴν
2239 2717 2502 2804 παρεῖχεν
2542 2729 2743 2789 αἰτίαν,
2795 2726 2887 2780 τοῦ
2919 2725 2986 2778 δι’
3021 2723 3232 2778 ἐαυτῶν
3279 2718 3608 2792 περιτρέπε-

2033 2831 2194 2886 σθαι·
2242 2828 2336 2882 ἐπὶ
2384 2827 2515 2898 μιᾶς
2555 2823 2614 2877 δέ
2664 2819 2862 2890 μᾶλλον
2888 2817 3084 2887 ἢλπισε
3117 2813 3323 2876 λαθεῖν,
3368 2812 3417 2864 εί
3453 2826 3608 2881 περι-

2030 2923 2232 2996 γράψοι
2254 2921 2316 2974 τὸ
2347 2916 2776 2986 συκοφάντημα·
2797 2912 2891 2965 καὶ
2920 2908 2981 2962 τδ
3009 2908 3209 2960 οἰκεῖον
3237 2903 3608 2996 κακούργημα

1955 3017 2000 3076 C
2033 2993 2388 3085 παρείσδυσιν
2418 3007 2561 3060 οῦτω
2605 3003 2768 3057 πλέον
2796 3001 2976 3070 εὑρεῖν
3009 2998 3090 3061 είς
3119 2996 3286 3066 ψόγον
3309 2993 3435 3085 τῶν.
3450 2995 3606 3085 ἀμωο

2038 3077 2221 3178 μήτων
2257 3094 2904 3170 ἁντιπεριενεχθήσεσθαι
2930 3105 2944 3120 °
2991 3088 3134 3143 ὥστε
3179 3088 3274 3142 καὶ
3304 3084 3372 3138 δι’
3399 3077 3476 3136 ὧν
3512 3082 3608 3135 λα-

2033 3173 2146 3252 θεῖν
2180 3194 2498 3266 ἐμελέτησε,
2548 3187 2610 3242 τδ
2652 3181 3083 3256 φιλοκακουργὺν
3127 3179 3221 3233 καὶ
3265 3176 3469 3248 σαθρὸν
3502 3173 3609 3228 τῶν

2031 3290 2206 3357 λόγων
2239 3285 2346 3338 τῶν
2376 3281 2537 3344 αὐτὸς
2566 3277 2733 3333 αὐτοῦ
2761 3274 3176 3346 ἐθριάμϐευσεν.

2116 3379 2313 3452 Ἐχρῆν
2355 3375 2413 3429 δὲ
2454 3371 2730 3434 τοιαύταις
2773 3369 2957 3433 αὐτὸν,
3013 3365 3351 3420 ἐκδεδωκότα
3383 3361 3607 3432 λέσχαις

2034 3475 2130 3529 καὶ
2175 3467 2535 3540 κακοσχόλοις
2563 3464 2902 3535 σοφίσμασι,
2933 3459 3070 3531 μηδέ
3105 3459 3202 3528 τὴν
3231 3457 3321 3511 διὰ
3359 3456 3460 3524 τῆς
3495 3452 3612 3507 ἐτέφ

1979 3620 1988 3628 ,
2037 3583 2138 3638 ρας
2191 3563 2383 3635 μοίρας
2438 3557 2545 3611 τῶν
2595 3554 2904 3626 προσώπων
2953 3553 3216 3624 ἐπήρειαν
3273 3547 3608 3638 παρελθεῖνσ

2033 3637 2150 3711 ἀλλ’
2199 3654 2258 3720 ἐξ
2303 3651 2490 3720 όμοίου
2539 3647 2739 3717 τάχους
2784 3643 3044 3706 διανοίας,
3098 3641 3197 3695 καὶ
3243 3637 3610 3710 άγχιστρόφου

2035 3746 2377 3820 φρονήματος
2423 3740 2746 3809 ἐπαπορεῖν,
2794 3736 2887 3789 καὶ
2932 3734 3150 3803 λέγε.ν’
3189 3732 3253 3788 Et
3298 3731 3356 3783 δέ
3387 3729 3611 3820 πάντες,

2033 3818 2153 3892 ἀντὶ
2178 3834 2273 3889 τοῦ
2304 3831 2660 3902 πιπράσκειν,
2709 3827 2916 3881 ἕλοιντο
2966 3823 3244 3886 ὠνεῖσθαι,
3279 3821 3426 3884 τίνες
3465 3819 3534 3874 ἂν
3561 3818 3612 3870 oi

2033 3926 2340 3988 πωλοῦντες
2386 3919 2529 3982 εἴενς
2569 3920 2636 3974 Τί
2681 3918 2788 3989 γάρ
2834 3917 3120 3988 διαφέρει,
3169 3914 3376 3976 πάντας
3403 3913 3485 3975 είς
3513 3909 3612 3982 τὴν

2031 4018 2142 4072 τῶν
2166 4013 2544 4088 ἀγοραζόντων
2576 4012 2770 4082 μοῖραν
2806 4007 3222 4072 συνελαύνοντα,
3247 4005 3372 4068 τοὺς
3400 4003 3612 4071 ὠνησοερ

2036 4108 2231 4180 μένους
2279 4104 2584 4174 ἐπιζητεῖν,
2645 4101 2678 4172 ἢ
2734 4099 3041 4165 ἀνάπαλιν,
3106 4098 3186 4160 είς
3239 4092 3612 4166 ἀγοράζοντας

2032 4199 2404 4270 ἀναφέροντα,
2454 4196 2578 4259 τοὺς
2619 4192 2822 4246 πωλεῖν
2875 4190 3158 4250 ἐθέλοντας
3204 4187 3608 4260 διερευνᾶσθαι,

2035 4295 2130 4349 καὶ
2155 4288 2654 4364 περιεργάζεσθαι;
2697 4285 2835 4340 Ἀλλ’
2865 4284 3045 4340 ἐάσθω
3072 4283 3253 4338 τοῦτο.
3298 4281 3365 4335 Τί
3409 4282 3467 4333 δὲ
3505 4279 3606 4347 σῦς

2037 4382 2147 4458 ἆρα
2182 4383 2363 4454 βούλει
2395 4381 2602 4443 πάντας
2643 4377 2962 4447 ἀνθρώπους
3011 4375 3213 4439 καλοὺς
3243 4375 3338 4428 καὶ
3369 4372 3609 4444 ἀγαθοὺς

2037 4473 2199 4538 εἶναι,
2223 4474 2319 4527 καὶ⁹
2345 4469 2701 4541 πταισμάτων
2735 4467 3053 4538 κρείττους;
3081 4465 3114 4536 ἢ
3143 4463 3451 4532 ἀπαρέσκει
3486 4480 3600 4528 σοις

2049 4567 2212 4628 Ἀλλ’,
2238 4565 2285 4617 εί
2316 4563 2519 4626 πάντες
2550 4559 2704 4628 κστλώ⁸
2729 4558 2823 4612 καὶ
2847 4556 3065 4626 ἀγαθοὶ,
3097 4557 3201 4610 ποῦ
3226 4559 3260 4628 ὴ
3291 4545 3403 4610 τῶν
3429 4557 3608 4627 νόμων

2035 4657 2195 4730 χρεία
2223 4674 2238 4724 ;
2272 4653 2376 4707 ποῦ
2405 4653 2461 4705 δὲ
2490 4653 2600 4706 τῶν
2626 4650 2932 4738 νομοθετῶν
2965 4651 2994 4702 ὁ
3023 4649 3207 4712 πόνος,
3257 4650 3351 4701 καὶ
3378 4650 3412 4718 ἡ
3447 4665 3610 4700 σπου-

2032 4753 2121 4821 δὴ,
2150 4749 2243 4802 καὶ
2275 4749 2308 4819 ἡ
2338 4747 2599 4818 πρόνοια;
2630 4745 2876 4814 καίτοιγε
2923 4741 3054 4796 αύτὺ
3087 4741 3247 4796 τοῦτο
3279 4740 3482 4803 καλοὺς
3517 4739 3608 4794 καὶ

2027 4841 2268 4911 ἀγαθοὺς
2313 4834 2455 4894 εἶναι
2494 4838 2621 4901 τοὺς
2671 4835 2997 4906 ἀνθρώπους
3052 4833 3447 4906 προνοούμενοι
3485 4832 3604 4893 τοὺς

303 4994 309 5016 Ι
345 4928 466 4988 ibit,
502 4938 554 4982 et
595 4927 966 4998 Scindapsos?
1022 4933 1112 4986 ubi
1143 4935 1288 4988 enim
1320 4935 1674 5006 δικαιοσύνης
1713 4937 1758 4992 si
1815 4954 1922 4993 non

2035 4937 2226 5008 νόμους
2259 4933 2538 4987 ἐτίθεσαν·
2580 4935 2614 5002 ἠ
2644 4928 2962 4998 δικαιοσύνη
2991 4927 3049 4980 δέ
3075 4926 3163 4997 ἄρ’
3196 4927 3299 4979 οὐκ
3328 4927 3408 4988 εἰς
3435 4940 3604 5016 τραγῖ

344 5019 416 5073 sit
440 5017 588 5088 δίκη,
616 5019 707 5074 ubi
772 5021 915 5076 illa?
959 5022 1006 5077 si
1055 5039 1218 5080 nemo
1265 5025 1524 5092 injuriam
1578 5027 1817 5084 inferat:
1876 5030 1922 5085 si

2035 5029 2258 5099 ιλάφους
2329 5044 2412 5080 σοι
2482 5029 2578 5080 καὶ
2628 5020 2956 5092 σκινδάψους
3015 5019 3442 5090 περιστήσεται;
3495 5011 3602 5068 Ποῦ

344 5109 547 5178 singuli
583 5111 636 5163 in
675 5111 870 5167 melius
896 5113 1350 5182 immutabuntur,
1381 5134 1488 5173 una
1506 5135 1728 5190 quoque
1753 5121 1926 5178 abibit

2035 5122 2133 5194 γὰρ
2161 5119 2502 5190 δικαιοσύνη,
2539 5117 2697 5187 δίκης
2726 5117 2825 5169 οὐκ
2854 5113 3052 5185 οῦσης;
3087 5110 3190 5164 ποῦ
3222 5111 3280 5164 δὲ
3314 5110 3463 5180 δίκη,
3502 5125 3602 5180 μη-

342 5214 396 5257 et
426 5204 834 5259 mansuetudo:
880 5221 1005 5259 nam
1043 5208 1145 5262 nisi
1196 5209 1269 5262 sit
1326 5211 1612 5266 iracundia
1666 5228 1914 5278 movens,

344 5309 454 5348 non
508 5297 1051 5378 est‘mansuetudo:
1091 5300 1182 5352 ttbi
1222 5301 1327 5356 erit
1387 5304 1479 5360 ille
1536 5321 1768 5361 movens
1823 5309 1919 5377 qui

343 5386 715 5444 irritahit?de
746 5404 853 5459 qua
883 5404 1074 5457 causa,
1110 5408 1219 5447 non
1253 5395 1400 5450 enim
1426 5399 1473 5452 si
1528 5400 1653 5454 velit
1683 5401 1918 5456 maxime

341 5478 426 5533 vir
455 5480 632 5537 bonus
667 5481 718 5536 in
746 5483 950 5539 bonum
984 5484 1309 5552 irritabitur,
1352 5505 1457 5543 non
1492 5499 1674 5546 autem
1725 5493 1814 5547 ille
1845 5494 1919 5549 ita

343 5577 492 5643 velit,
526 5577 608 5633 sic
637 5592 822 5633 secum
859 5577 990 5632 dum
1055 5580 1532 5650 improbissimum
1581 5586 1756 5642 isthoc
1784 5588 1918 5643 deli-

344 5677 678 5738 ramentum,
711 5667 869 5751 culpa
905 5683 1013 5724 non
1063 5681 1238 5739 vacat,
1275 5672 1365 5743 qui
1401 5681 1614 5730 tenetur
1656 5675 1916 5742 maxima,

2029 5215 2179 5279 δενὸς
2224 5213 2573 5276 ἀδικοῦντος;
2604 5207 2805 5263 ἀδικῶν
2847 5207 2903 5259 δὲ
2934 5205 3041 5270 τίς,
3077 5204 3297 5257 πάντων
3341 5205 3423 5265 εἰς
3453 5200 3604 5268 ἀμεί-

2030 5326 2153 5372 νους
2205 5302 2702 5376 μεταταξαμὲνων;
2740 5298 2861 5369 ούχὶ
2889 5297 2946 5350 δέ
2975 5296 3072 5350 καὶ
3103 5297 3137 5366 ἡ
3184 5295 3431 5366 πραότης
3481 5309 3603 5345 συν-

2029 5405 2342 5475 οικήσεται;
2383 5398 2491 5451 τινὶ
2516 5396 2625 5466 γὰρ
2670 5394 2862 5466 πρᾶος,
2910 5391 3010 5444 οῦκ
3037 5391 3191 5454 δντος
3212 5389 3308 5442 τοῦ
3344 5385 3605 5460 παροργί-

2031 5495 2253 5562 ζοντος;
2287 5493 2390 5546 ποῦ
2416 5494 2473 5545 δὲ
2499 5495 2526 5546 ὁ
2558 5490 2916 5564 παροργίζων
2950 5493 3045 5545 καὶ
3069 5490 3190 5543 τίνα
3216 5505 3230 5552 ;
3268 5489 3365 5542 καὶ
3397 5490 3430 5558 η
3461 5483 3602 5538 αίτία

2029 5587 2199 5652 ποίας
2249 5585 2442 5656 ἀγαθῴ
2475 5586 2582 5656 γὰρ
2613 5585 2839 5655 ἀγαθὸς,
2872 5585 2972 5638 οὐκ
3021 5583 3168 5637 ἔστιν
3203 5582 3286 5650 ἐφ’
3334 5581 3464 5650 ὅτῳ,
3503 5578 3601 5632 κᾶν

2032 5676 2286 5749 βουληθῇ,
2319 5679 2704 5751 παροργίσειεν
2727 5696 2740 5711 ‘
2777 5678 2936 5750 δῆλον
2965 5677 3021 5731 δὲ
3043 5715 3060 5743 ,
3089 5675 3162 5739 ὡς
3191 5673 3312 5728 οὐδὲ
3349 5672 3599 5744 βουλήσε-
