3880 6206
510 341 613 411 r27

1670 343 1868 403 PllUT
1876 342 1932 401 ll
1965 340 2470 403 PATRlAliCH/E
2508 344 2617 404 (ΣΡ.
3687 336 3771 395 Coit"

508 475 604 530 per
637 455 871 512 ironiam
927 455 1192 519 cavillari,
1241 455 1386 525 quod
1447 454 1732 521 poltttcum
1790 456 1866 508 nil
1918 456 2089 524 sapiat

2209 474 2275 521 τις
2329 457 2397 530 ἦν
2452 459 2749 529 λογισμὸς,
2784 458 2887 511 κᾶν
2931 456 3059 524 γοῦν
3100 454 3159 505 ἐν
3211 456 3330 514 ταῖς
3395 452 3774 520 συκοφαντίας

509 549 715 605 Christi
768 562 989 603 sermo:
1023 546 1117 600 sed
1162 545 1306 615 quod
1340 545 1464 600 vita:
1510 545 1656 599 illius
1689 556 1743 600 et
1802 561 2096 601 conversa-

512 642 678 696 tionis
732 639 935 694 fundus
970 636 1412 707 phi|050phicam
1460 636 1629 691 vitam
1677 652 1788 692 non
1840 638 2093 706 attingat.

510 736 591 790 Ac
618 744 697 797 tu,
750 734 801 787 in
827 731 1032 801 quibus
1067 731 1295 783 minime
1329 731 1723 799 vituperandus
1768 731 1887 801 ejus
1915 747 2098 786 sermo

517 828 716 889 fuerat,
751 842 984 881 accusas
1019 835 1243 878 tamen:
1298 822 1395 877 tibi
1447 839 1687 893 namque
1748 824 2094 893 propositum

514 923 621 976 fuit
671 921 902 988 ineptias
933 918 1169 979 effutire,
1205 916 1354 969 nulla
1394 916 1539 971 illius
1591 917 1789 987 injema
1825 919 2100 972 mentione

512 1015 657 1084 quod
708 1012 1008 1067 concedere
1057 1011 1111 1063 in
1161 1008 1493 1078 vituperium
1546 1009 1808 1077 praecepti
1863 1017 2095 1078 poterat.

512 1106 590 1160 Ita
627 1105 918 1158 invalidam
951 1112 1005 1156 et
1063 1102 1294 1155 ﬂuidam
1329 1101 1601 1171 protulisti
1648 1103 1939 1167 rationem,
1976 1118 2099 1171 qua:

513 1205 752 1250 mentem
781 1195 875 1248 tibi
909 1192 1286 1247 calumniandi
1335 1191 1550 1245 avidam
1591 1194 1973 1247 malefaciendi
2003 1209 2100 1247 cu-

513 1287 693 1357 pidam
724 1296 776 1340 et
807 1285 1074 1354 putridam
1107 1283 1353 1338 declaras
1384 1301 1397 1338 :
1448 1294 1501 1339 et
1536 1292 1595 1338 ut
1646 1300 1753 1338 non
1797 1292 1990 1354 sponte
2020 1295 2100 1338 ta-

514 1393 637 1431 men
673 1376 1013 1439 mandatum,
1034 1376 1174 1429 ultra
1194 1392 1412 1429 omnem
1438 1377 1692 1446 vituperii
1725 1388 1779 1431 et
1809 1378 2101 1432 calumniae

512 1468 687 1521 aleam
744 1468 1002 1536 positum.
1034 1465 1252 1522 Videsis
1286 1467 1536 1529 ulterius,
1590 1468 1827 1536 qualiter
1882 1468 1972 1522 ille
2004 1469 2098 1537 qui

513 1560 618 1614 sibi
662 1559 1001 1628 impossibile
1048 1569 1416 1629 pI-Oposuerat
1445 1558 1604 1613 aliter
1647 1559 1864 1613 videtur
1901 1575 2099 1614 conse-

512 1640 1024 1716 quens'absurdum
1078 1647 1300 1701 inferre.
1339 1646 1476 1701 Nam
1500 1663 1624 1701 cum
1645 1649 1880 1715 dixerat,
1914 1650 1957 1703 si
1983 1665 2101 1703 om-

511 1756 610 1793 nes
640 1740 899 1804 vendant,
935 1742 1060 1810 quis
1092 1740 1428 1810 eritemptor
1455 1758 1469 1806 ;
1506 1755 1602 1810 per
1633 1741 1810 1795 thesin
1841 1741 2097 1810 impossi-

512 1830 676 1885 bilem
718 1833 1015 1886 absurdum
1046 1833 1189 1902 quod
1218 1843 1304 1888 est
1343 1832 1510 1887 infert
1559 1852 1572 1887 :
1616 1833 1872 1902 opinatur
1911 1846 2095 1888 autem

512 1938 625 1977 non
654 1923 895 1994 ejusdem
928 1939 1049 1979 esse
1098 1924 1365 1986 stultitiae,
1406 1925 1616 1978 crimen
1666 1925 1961 1980 calumniis
2002 1941 2097 1995 pe-

514 2016 675 2069 titum
732 2017 1050 2071 mandatum
1082 2018 1241 2086 quasi
1303 2018 1476 2085 culpae
1544 2032 1791 2072 causam.
1842 2016 1959 2072 Non
2012 2028 2098 2074 est

512 2108 695 2173 enim,
728 2108 854 2162 licet
900 2108 1152 2163 Christus
1206 2109 1335 2162 illud
1379 2109 1538 2163 toties
1592 2108 2095 2176 connnonefecerit,

516 2198 648 2252 licet
680 2199 868 2253 multis
909 2199 1072 2253 minis
1120 2200 1450 2265 devinxerit,
1488 2200 1615 2253 licet
1678 2199 1932 2269 fulgetra,
1991 2200 2098 2254 ful-

517 2291 689 2354 mina,
722 2291 982 2358 tonitrua,
1023 2291 1205 2347 hiatus
1254 2300 1416 2346 terra:
1448 2292 1799 2347 sermonibus
1850 2292 1966 2346 suis
2004 2293 2101 2346 ad-

510 2383 801 2454 junxerit,
841 2399 948 2438 non
1003 2394 1086 2439 est
1124 2384 1407 2455 possibile,
1439 2394 1499 2438 ut
1549 2399 1740 2440 omnes
1799 2400 1896 2454 per
1955 2386 2097 2439 idem

516 2486 853 2531 momentum
882 2478 1116 2532 vendere
1159 2479 1350 2543 velint,
1400 2481 1474 2532 ita
1508 2486 1567 2534 ut
1605 2495 1766 2541 nemo
1814 2496 2016 2535 avarus
2050 2491 2103 2535 et

514 2568 828 2623 divitiarum
887 2570 1118 2639 cupidus
1156 2571 1533 2641 relinquatur;
1600 2588 1817 2642 semper
1848 2575 1993 2628 enim
2049 2584 2103 2628 et

516 2661 719 2731 ubique
745 2662 882 2716 tales
904 2661 1197 2717 exsistunt.
1225 2661 1343 2717 Non
1387 2673 1471 2717 est
1515 2663 1690 2717 virtus
1716 2665 1975 2720 omnibus
2003 2674 2102 2736 pa-

514 2752 703 2809 rabilis
734 2771 747 2806 :
790 2752 991 2807 sullicit
1019 2754 1062 2807 si
1104 2769 1225 2809 eam
1257 2756 1502 2808 ambiant
1534 2755 1717 2823 plures
1771 2756 2052 2826 sigillatim
2085 2776 2098 2811 :

516 2847 612 2899 sed
647 2860 747 2900 nec
778 2844 910 2899 illud
938 2845 1179 2909 obviam,
1223 2862 1322 2901 nec
1358 2846 1411 2899 in
1440 2846 1625 2916 aliqua
1660 2848 1863 2901 virtute
1912 2850 2104 2903 obser-

513 2938 803 3003 vandum;
871 2940 1155 3008 pauciores
1222 2941 1477 2995 virtutem
1562 2956 1728 3011 quam
1805 2942 1935 2996 vitia
2002 2944 2101 2998 ad-

516 3038 725 3082 amant.
766 3027 875 3083 Nec
925 3038 1102 3085 tamen
1149 3030 1308 3084 debet
1363 3032 1587 3084 humani
1642 3032 1857 3102 generis
1913 3049 2100 3089 curam

2205 552 2469 624 μελετῶν,
2526 553 2817 621 φυλάττειν
2846 551 2909 605 τὸ
2942 548 3260 614 ἀκόλουθον,
3302 546 3379 617 μὴ
3416 548 3508 599 δτι
3543 547 3646 598 οῦκ
3684 547 3775 599 ἔστι

2201 643 2521 714 πολιτικὴή
2555 642 2862 713 Δεσποτικὴ
2900 641 3089 710 ἐντολὴ
3138 641 3196 692 ὲν
3247 640 3433 710 εῖρωνι
3498 637 3648 705 λόγῳ
3682 636 3776 687 δια-

2201 734 2571 807 θρύπτεσθαι·
2602 734 2718 788 ἀλλ’
2764 735 2844 786 ὅτι
2893 733 2954 786 ού
3003 732 3294 800 φιλόσοφος
3338 729 3462 781 οὐδὲ
3502 726 3777 795 φιλοσόςω

2202 828 2318 898 βίου
2352 827 2563 900 κρηπίς
2584 843 2598 857 ·
2628 827 2693 879 σὺ
2724 826 2804 890 δὲ,
2842 825 2901 890 ἐξ
2932 819 3005 876 ὧν
3047 823 3147 894 μὲν
3192 823 3378 889 ἐκείνη
3408 820 3591 889 ψόγον
3631 821 3687 871 ού

2201 940 2379 992 χεται,
2426 922 2585 974 τοῦτο
2614 918 3030 985 αἰτιασάμενος,
3079 916 3255 969 καίτοι
3304 915 3411 967 κάν
3480 913 3666 982 τούτῳ
3695 930 3778 980 μι-

2200 1013 2500 1081 ταιολογεῖν
2549 1010 3052 1081 προεληλεγμένεςο
3111 1008 3180 1060 δι’
3231 1001 3307 1061 ὧν
3367 1007 3416 1059 δ’
3478 1005 3554 1059 ἄν
3612 1005 3779 1073 ἐντολὴ

2202 1106 2428 1177 τοιαύτη
2460 1104 2712 1174 ψεχθείη,
2750 1103 2885 1173 μηδὲ
2933 1099 3244 1172 μεμνῆσθαι
3273 1099 3581 1169 θαρρήσας
3614 1101 3703 1148 καὶ
3736 1098 3780 1148 τὲ

2201 1196 2303 1265 τῆς
2352 1196 2453 1265 σῆς
2496 1194 2723 1264 γνώμης
2762 1192 3035 1262 φιλαίτιον
3074 1190 3169 1243 καὶ
3219 1187 3671 1258 φι).οκακοῦργον
3708 1192 3782 1239 zz".

2206 1288 2405 1357 σαθρὸν
2441 1287 2639 1355 ἀμάχῳ
2697 1285 2841 1355 λόγῳ
2870 1282 3151 1354 διήλεγξαι
3172 1298 3185 1311 ·
3218 1281 3313 1334 καὶ
3352 1279 3412 1332 τὸ
3444 1279 3555 1349 τῆς
3586 1279 3783 1349 ἐντολῆς

2202 1382 2450 1450 κρεῖττον
2514 1377 2707 1448 μώμου
2756 1378 2849 1429 καὶ
2903 1375 3159 1444 διαϐολῆς
3213 1373 3431 1440 ἀπάσης
3494 1370 3598 1422 καὶ
3659 1372 3783 1423 ἄγων

2204 1469 2759 1540 προσεμαρτύρησας.
2816 1468 2959 1537 Ὅρα
3010 1466 3068 1519 δὲ
3134 1464 3361 1529 λοιπὸν,
3413 1465 3580 1525 ὅπως
3644 1462 3784 1523 mlta;

2204 1557 2386 1628 ἑαυτῷ
2422 1558 2755 1627 ὑποθέμενος
2808 1556 2870 1610 τὸ
2916 1555 3178 1609 ἀδύνατον
3229 1553 3355 1607 καθ’
3392 1553 3598 1623 ἑτέρου
3656 1552 3785 1604 δοκεῖ

2206 1650 2459 1719 συνάγειν
2489 1650 2549 1702 τὸ
2580 1649 2846 1719 ἑπόμενον
2870 1649 3090 1702 ἄτοπον.
3143 1646 3335 1715 Λέγων
3366 1646 3505 1715 γὰρ,
3544 1646 3631 1696 δτι
3679 1645 3784 1695 [Irt-

2202 1742 2440 1795 λούντων
2466 1742 2743 1807 ἁπάντων,
2787 1740 2871 1804 τίς
2906 1742 2934 1793 ὁ
2976 1740 3355 1809 ὠνησόμενοςς
3411 1738 3674 1805 ἀδυνάτῳ
3702 1738 3783 1805 μὲν

2203 1838 2366 1900 αὐτὸς
2393 1836 2541 1890 θέσει
2569 1836 2668 1903 τὴν
2693 1835 2927 1890 ἀτοπίαν
2960 1833 3250 1902 ἐφέλκεται
3271 1850 3285 1862 ’
3314 1834 3495 1885 οἴεται
3524 1829 3586 1882 δὲ
3619 1831 3680 1881 οὐ
3700 1832 3784 1897 τῆς

2200 1930 2364 1983 αὐτοῦ
2399 1930 2752 2001 ῥᾳδιουργίας
2781 1923 2927 1980 εἶναι
2960 1927 3022 1979 τὸ
3059 1925 3312 1995 ἔγκλημα
3358 1923 3457 1993 τὴν
3494 1922 3783 1991 ἐπηρεαζο-

2204 2021 2373 2090 μένην
2402 2019 2446 2072 δ’
2473 2019 2694 2090 ἐντολὴν
2745 2017 3010 2088 παρέχειν
3042 2019 3103 2069 τὸ
3136 2016 3326 2069 αἴτιον.
3362 2015 3437 2067 Ού
3474 2015 3597 2083 γὰρ
3636 2013 3782 2073 ἔστιν,

2200 2113 2302 2166 οὐκ
2330 2112 2477 2166 ἔστιν
2507 2112 2611 2166 κᾶν
2636 2110 2898 2173 πολλάκις
2929 2109 3087 2163 τοῦτο
3109 2107 3343 2179 Χριστὸς
3375 2107 3778 2177 παραινέσειεν,

2202 2207 2308 2261 κᾶν
2361 2207 2583 2278 μυρίαις
2632 2205 2883 2268 ἀπειλαῖς
2917 2204 3298 2276 καταδήσειεν,
3352 2202 3461 2257 κᾶν
3508 2201 3783 2271 ἀστραπὰς

2203 2301 2295 2355 καὶ
2338 2298 2568 2371 βροντὰς
2612 2299 2708 2351 καὶ
2740 2297 3045 2368 κεραυνοὺς
3080 2298 3172 2349 καὶ
3205 2296 3309 2363 γῆς
3380 2295 3651 2363 χάσματα
3684 2294 3778 2353 τοῖς

2201 2393 2383 2463 λόγοις
2418 2390 2895 2459 συνεπαφήσειενο
2948 2389 3053 2441 οὐκ
3095 2388 3211 2440 ἔστι
3263 2386 3494 2439 δυνατὸν
3548 2386 3779 2444 ἅπαντας

2207 2482 2307 2555 μὲν
2339 2482 2429 2551 ὑφ’
2459 2481 2556 2534 ἕνα
2585 2479 2781 2551 καιρὸν
2811 2478 3031 2532 ἑλέσθαι
3062 2479 3285 2541 πωλεῖν,
3316 2476 3515 2529 οὐδένα
3566 2475 3624 2528 δὲ
3668 2476 3779 2527 ὐπο-

2202 2574 2485 2644 λελεῖφθαι
2510 2575 2601 2629 τὸν
2629 2573 2925 2645 φιλοκερδῆ
2959 2570 3428 2640 καὶφιλόπλουτον
3451 2585 3465 2598 ο
3501 2568 3617 2620 εἰσὶ
3666 2568 3775 2635 γὰρ,

2204 2670 2310 2722 εἰσὶ
2338 2669 2479 2721 κατά
2507 2668 2688 2721 πάντα
2733 2666 2922 2736 καιρὸν
2957 2658 3104 2718 οὗτοί
3131 2680 3190 2715 τε
3247 2664 3495 2715 κάκεῖνοι
3518 2677 3533 2688 ’
3566 2660 3779 2729 βάσιμος

2204 2759 2260 2812 δὲ
2288 2758 2547 2810 οὐδέποτε
2583 2757 2755 2810 πᾶσιν
2790 2755 2905 2825 ἅμα
2929 2756 2962 2825 ἠ
2990 2753 3159 2825 ἀρετὴ
3191 2750 3503 2819 ἀγαπητὸν,
3559 2749 3653 2801 δι⁸
3692 2748 3779 2799 κᾶν

2204 2854 2253 2905 οί
2300 2850 2519 2914 πλείους
2567 2850 2662 2903 καὶ
2706 2849 2811 2902 ἀνά
2855 2846 3050 2918 μέρος·
3095 2845 3210 2899 ἀλλ’
3243 2844 3364 2896 οὐδὲ
3418 2844 3586 2895 τοῦτο
3642 2842 3773 2911 ῥᾷον,

2205 2946 2315 3000 οὐδ’
2349 2946 2440 2998 ἐπί
2468 2962 2612 3008 τινος
2646 2943 2794 2996 ἔστιν
2827 2942 2954 2995 ἰδεῖν
2983 2940 3187 3011 ἀρετῆς
3220 2956 3233 2969 ·
3261 2939 3524 3000 ἐλάττους
3562 2936 3671 3006 γὰρ
3708 2938 3778 2987 ἀεὶ

2206 3038 2409 3107 ταύτης
2442 3037 2470 3107 ἦ
2504 3038 2551 3089 οἱ
2590 3036 2689 3106 τῆς
2732 3034 2928 3097 κακίας
2958 3031 3206 3104 ἐρασταί.
3236 3028 3314 3084 Οὐ
3355 3029 3465 3100 μὴν
3512 3028 3607 3081 διὰ
3646 3026 3779 3079 τοῦτο

518 3120 850 3189 suscipiens,
881 3121 1171 3175 consilium
1197 3122 1450 3176 omittere
1473 3123 1708 3177 danaum
1733 3135 1827 3179 aut
1856 3124 2101 3183 informa-

2222 3131 2490 3199 προσήκει
2531 3126 2626 3180 τοῦ
2676 3125 3018 3194 ἀνθρωπίνου
3063 3124 3253 3191 γένους
3304 3120 3635 3192 προνοητῇδ
3672 3120 3778 3179 τοὶς

440 3210 447 3215 ’
521 3212 661 3266 tioni
697 3214 1075 3281 supersedere,
1134 3215 1282 3281 quod
1324 3230 1429 3269 non
1459 3231 1652 3271 omnes
1678 3217 2099 3288 obtemperant:

523 3303 631 3356 Sed
664 3303 811 3371 quod
841 3304 993 3357 multi
1023 3304 1093 3357 ab
1138 3306 1241 3359 hoc
1272 3316 1393 3361 ortu
1426 3306 1678 3376 profecti,
1716 3309 1926 3363 malum
1956 3312 2103 3380 quod

519 3403 605 3449 est
633 3394 866 3465 fugiunt,
917 3396 1119 3451 bonum
1158 3398 1381 3468 eligant,
1424 3400 1628 3455 idcirco
1657 3403 1959 3469 generatim
2008 3406 2105 3459 ad-

520 3486 777 3540 monendi
820 3495 950 3541 sunt
981 3504 1174 3543 omnes
1228 3498 1287 3543 ut
1334 3490 1590 3545 virtutem
1647 3493 1851 3548 colant.
1896 3495 2003 3549 Sed
2052 3504 2107 3549 et

520 3577 655 3632 illud
686 3579 886 3632 intueri
912 3580 1073 3634 etiam
1100 3581 1250 3645 licet,
1282 3582 1427 3651 quod
1467 3563 1708 3651 prudens
1744 3586 1847 3641 iste
1882 3597 1936 3642 et
1974 3603 2107 3641 acu-

520 3680 610 3726 tus
636 3671 703 3725 in'
738 3671 1104 3727 discet-uendo
1148 3674 1286 3728 nihil
1341 3675 1582 3741 videbat,
1646 3693 1771 3732 cum
1830 3679 2106 3746 proferret

519 3764 653 3818 illud
675 3765 885 3819 dictum
909 3783 923 3820 :
958 3765 1244 3831 Quomodo
1265 3782 1456 3823 omnes
1486 3770 1768 3823 vendent?
1795 3771 1876 3824 An
1908 3786 2102 3828 omnes

521 3855 744 3921 divites,
778 3872 875 3911 nec
900 3858 1191 3925 quisquam
1220 3873 1451 3927 pauper,
1482 3860 1665 3915 nullus
1708 3862 1801 3931 qui
1830 3863 1949 3917 suis
1971 3879 2103 3918 con-

520 3956 707 4003 tentus
772 3949 940 4002 vivit?
984 3965 1110 4005 cum
1155 3950 1342 4006 videas
1411 3951 1711 4022 plerosque
1778 3954 1834 4008 in
1896 3956 2103 4012 talibus

520 4055 726 4096 vivere.

592 4216 799 4273 Divites
848 4219 1021 4274 multo
1064 4222 1352 4290 pauciores
1394 4234 1573 4280 sunt:
1608 4225 1697 4280 ubi
1740 4242 1870 4297 ergo
1913 4244 2103 4285 omnes

522 4308 826 4379 locupletes
855 4311 1119 4377 invenies,
1156 4314 1303 4369 unde
1344 4316 1439 4370 tibi
1468 4326 1577 4371 tam
1614 4318 2003 4389 obsequentes.
2042 4331 2101 4375 ut

523 4417 614 4458 res
661 4418 792 4458 suas
820 4404 1096 4459 vendant?
1139 4405 1246 4462 Sed
1278 4408 1481 4464 videris
1514 4409 1617 4463 ista
1654 4425 1685 4466 ο
1725 4410 1966 4467 Platonis
2000 4412 2106 4468 lte-

2212 3217 2594 3289 νουθετηρίους
2627 3216 2822 3283 λόγους
2853 3216 3109 3284 ἀφαιρεῖν
3157 3212 3251 3264 καὶ
3295 3211 3392 3281 τὴν
3438 3207 3777 3263 διδασκαλίαν

2212 3310 2528 3382 προελεῖνο,
2570 3308 2704 3360 διότι
2748 3308 2823 3377 μὴ
2862 3305 3072 3367 πάντας
3103 3303 3461 3373 πειθομένους
3488 3301 3606 3371 ἔχοι
3631 3315 3643 3328 ο
3681 3300 3775 3351 ἀλλ’

2211 3404 2293 3457 ὅτι
2326 3401 2540 3463 πολλοῖς
2585 3399 2860 3467 ἐγγίνεται
2891 3397 2957 3449 δι’
2995 3396 3202 3459 αὐτῶν,
3239 3394 3385 3463 φυγὴ
3420 3395 3524 3463 μὲν
3550 3392 3646 3445 τοῦ
3684 3390 3779 3459 χείρ

2218 3512 2390 3566 ρονος,
2424 3494 2635 3564 αἵρεσις
2664 3491 2722 3545 δὲ
2752 3489 2844 3542 τοῦ
2876 3488 3167 3558 βελτίονος,
3196 3487 3285 3540 διὰ
3324 3485 3489 3538 τοῦτο
3537 3488 3621 3539 δεῖ
3663 3486 3777 3537 πάνυ

2212 3603 2313 3648 τας
2357 3585 2445 3638 ἐπ’
2494 3583 2695 3654 ἀρετὴν
2755 3578 3119 3650 παρακαλεῖν.
3172 3580 3408 3631 Κάκεῖνο
3470 3577 3529 3629 δὲ
3578 3576 3776 3629 σκοπεῖν

2214 3675 2446 3739 ἔξεστιν,
2477 3674 2624 3735 ὅπως
2658 3670 2825 3740 μηδὲν
2869 3666 3253 3739 προορώμενος
3292 3668 3319 3719 ὀ
3367 3666 3596 3729 συνετὸς
3645 3659 3775 3725 οὗτος

2216 3767 2311 3819 καὶ
2337 3764 2507 3835 ταχὺς
2537 3765 2593 3816 ὲν
2621 3761 2843 3832 θεωρίᾳ,
2874 3760 2934 3812 τὸ
2964 3758 3118 3812 ἐπιὸν
3146 3758 3321 3826 λέγοι·
3364 3757 3494 3821 Πῶς
3524 3757 3636 3828 γὰρ
3660 3756 3778 3808 πᾶν·

2214 3875 2306 3921 τες
2343 3856 2707 3926 πωλήσωσιν;
2734 3850 2884 3923 Ἀρα
2936 3851 3138 3913 πάντες
3180 3850 3447 3913 πλούσιοι,
3486 3850 3581 3902 καὶ
3631 3848 3774 3914 πένης

2216 3951 2424 4017 ούδείς;
2456 3948 2635 4011 οὐδεὶς
2664 3948 2720 4001 δὲ
2750 3946 2872 3999 οὐδὲ
2903 3944 3015 3997 τῶν
3038 3946 3095 3997 ἐν
3124 3942 3425 4013 αὐταρκείᾳ
3455 3942 3599 4013 μόνῃ
3630 3939 3776 4011 βιούν-

2216 4057 2358 4105 των;
2396 4038 2586 4093 Καίτοι
2616 4038 2674 4091 τὸ
2704 4037 2962 4089 πλεῖστον
3000 4034 3111 4088 τῶν
3142 4032 3452 4105 ἀνθρώπων
3513 4035 3574 4086 ὲν
3619 4029 3772 4085 τοιούο

2215 4153 2329 4197 τοις
2360 4132 2577 4203 ὁρῶμεν
2607 4130 3019 4200 ἐξεταζόμενον.

2289 4226 2541 4281 Πλούσιοι
2563 4224 2619 4278 δὲ
2651 4222 2802 4294 παρὰ
2825 4223 2957 4275 πολὺ
2980 4220 3087 4275 τῶν
3111 4219 3286 4274 ἄλλων
3307 4218 3589 4281 ἐλάττους.
3629 4215 3773 4269 Πόθεν

2215 4320 2307 4378 οὗν
2342 4322 2551 4384 πάντας
2575 4318 2895 4389 ἀνθρώπους
2924 4316 3213 4378 πλουσίους
3247 4308 3428 4384 εὗρες,
3462 4313 3560 4365 καὶ
3598 4312 3773 4363 πωλεῖν

2216 4415 2415 4477 αὐτοὺς
2457 4412 2530 4465 τὰ
2568 4411 2883 4481 ὑπάρχοντα
2928 4407 3241 4478 πειθηνίους
3289 4406 3487 4475 ἔσχες;
3534 4404 3689 4467 Ἀλλ’,
3714 4403 3772 4463 ὡς

523 4493 742 4564 publica
803 4496 1132 4566 collegisse,
1190 4514 1385 4570 nempe
1447 4502 1641 4557 nullibi
1701 4504 2101 4567 inveniendos,

2212 4514 2407 4577 ἔοικεν,
2433 4512 2497 4564 ὲκ
2512 4510 2609 4580 τῆς
2632 4506 2919 4569 Πλάτωνος
2944 4504 3167 4567 τούτους
3201 4503 3467 4568 συνελέξω
3500 4502 3771 4563 πολιτείας,

523 4601 791 4656 nusquam
816 4587 1113 4643 exsistente
1142 4589 1235 4644 tali
1264 4592 1562 4661 republica.
1589 4592 1645 4647 Si
1672 4594 1797 4663 quis
1824 4595 2103 4664 egregium

524 4686 680 4732 tuum
742 4679 846 4733 hoc
900 4688 953 4734 et
1000 4682 1281 4736 curiosum
1341 4699 1609 4749 examen,
1665 4694 1720 4738 et
1776 4686 2106 4755 exquisitam

524 4772 851 4841 ignorantia:
892 4773 1063 4844 legem
1099 4776 1152 4830 in
1182 4778 1297 4846 ipsa
1326 4780 1534 4833 sancita
1559 4778 1689 4833 velit
1718 4781 2018 4845 remittere,
2055 4790 2111 4836 et

525 4863 869 4920 admirabilia
907 4868 1197 4925 doctorum
1230 4877 1285 4924 et
1314 4870 1585 4939 majorum
1622 4871 2107 4942 apophthegmata,

526 4958 673 5013 risus
712 4969 763 5013 et
795 4959 1017 5014 ludibrii
1054 4971 1439 5030 argumentum
1472 4964 1687 5019 abunde
1721 4967 2106 5035 suppeditare-

528 5061 916 5110 tur;examen
962 5055 1091 5108 illud
1149 5065 1303 5111 tuum
1357 5057 1412 5111 in
1461 5073 1563 5112 nos
1615 5058 1913 5124 collatum,
1974 5061 2111 5115 nihil

526 5150 722 5210 ιιι-αξιοι·
748 5142 1001 5199 hostilem
1028 5145 1384 5214 calumniam,
1410 5148 1761 5205 ambitionem
1795 5151 2107 5220 gloriosuli,

530 5233 665 5287 nihil
692 5236 811 5289 sani
838 5248 1091 5306 suggeret
1124 5256 1137 5294 :
1165 5240 1310 5308 quod
1344 5241 1390 5295 si
1426 5242 1479 5295 in
1507 5244 2105 5313 auctores'regeratur,

528 5325 613 5380 lex
646 5326 752 5381 erit
779 5330 1013 5385 amantis
1043 5330 1169 5398 viri,
1197 5333 1465 5402 judicium
1504 5334 1813 5392 inimicitiis
1844 5352 2110 5402 vacuum,

526 5408 842 5488 redargutio
883 5436 1032 5487 vera,
1070 5438 1171 5478 nec
1200 5426 1423 5494 injuria.
1464 5425 1581 5481 Tua
1616 5428 1754 5483 scita
1788 5428 1978 5499 igitur,
2016 5446 2111 5499 per

528 5518 619 5565 tua
650 5510 787 5568 scita
834 5523 1175 5583 evertuntur,
1228 5528 1283 5573 et
1310 5518 1699 5574 diffunduntur
1748 5522 1950 5588 irrisa;
1985 5538 2110 5577 cum

2206 4608 2269 4659 ὲκ
2298 4604 2397 4674 τῆς
2427 4602 2651 4674 μηδαμῆ
2700 4598 2963 4672 μηδαμῶς
3004 4597 3344 4667 ὑφεστώσης,
3376 4598 3503 4659 τοὺς
3540 4591 3758 4663 οὐδαμοῦ

2208 4695 2655 4768 εὑρισκομένους.
2688 4692 2752 4746 Et
2786 4690 2847 4744 δέ
2880 4706 2963 4753 τις
2994 4688 3093 4758 τὴν
3120 4688 3296 4757 καλήν
3333 4704 3427 4740 σοι)
3466 4688 3669 4755 ταύτην
3696 4683 3772 4734 καὶ

2208 4788 2501 4859 περίεργον
2532 4785 2762 4856 βάσανον
2786 4781 2881 4836 καὶ
2912 4780 3003 4833 τὸν
3034 4778 3237 4851 ἀκριὸἧ
3279 4778 3378 4846 τῆς
3406 4777 3590 4840 ἀνοίας
3612 4777 3771 4843 ννῖμον.

2212 4880 2305 4933 ἐπὶ
2333 4878 2430 4941 τὰς
2462 4876 2563 4939 σὰς
2600 4874 2873 4944 ὲπαφήσει
2909 4870 3254 4941 νομοθεσίας,
3282 4870 3377 4922 καὶ
3425 4868 3494 4921 τά
3526 4865 3771 4938 θαυμαξὸ-

2220 4972 2356 5042 μενά
2381 4988 2462 5024 σοι
2488 4968 2596 5024 τῶν
2622 4966 2957 5021 διδασκάλων
2980 4964 3075 5017 καὶ
3095 4962 3351 5033 πατέρων
3373 4961 3771 5035 ἀποφθέγματα,

2215 5060 2303 5133 ἆρ’
2334 5061 2483 5115 ἔστιν
2514 5060 2541 5112 ὃ
2579 5060 2653 5131 μὴ
2688 5058 2925 5127 γέλωτος
2975 5055 3069 5107 καὶ
3098 5054 3299 5125 χλεύης
3342 5053 3599 5115 ὑπόθεσις
3638 5053 3766 5117 εὐρε-

2213 5153 2369 5222 θείη;
2405 5149 2581 5203 καίτοι
2628 5148 2751 5201 καθ’
2786 5146 2944 5217 ἡμῶν
2980 5143 3392 5217 προϐαλλομένη
3428 5160 3523 5195 σου
3559 5145 3590 5210 ἠ
3625 5140 3767 5210 βάσα-

2213 5263 2323 5309 νος,
2361 5241 2555 5313 ἐχθροῦ
2585 5239 2838 5311 διαϐολὴν
2867 5238 2959 5293 καὶ
2982 5236 3252 5307 φιλαιτίου
3282 5234 3442 5298 δόξαν
3469 5234 3670 5301 ἀνδρὸς,
3692 5228 3767 5281 καὶ

2210 5341 2397 5410 ἕτερον
2438 5336 2586 5405 ὑγιὲς
2622 5335 2777 5388 οὐδὲν
2816 5331 3012 5403 μηνύει
3037 5345 3051 5358 ·
3096 5328 3237 5382 κατὰ
3272 5326 3331 5380 δὲ
3375 5326 3486 5379 τῶν
3518 5327 3655 5379 ἰδίων
3689 5324 3767 5373 ἐπ-

2216 5429 2509 5500 αφιεμένη,
2543 5427 2821 5496 φιλοῦντος
2849 5424 3033 5494 νόμος,
3062 5422 3155 5475 καὶ
3188 5418 3370 5490 κρίσις
3400 5418 3596 5487 ἔχθρας
3622 5433 3766 5484 κεχω-

2220 5524 2476 5597 ρισμένη,
2508 5523 2602 5577 καὶ
2634 5519 2841 5591 ἀληθὴς
2883 5517 3123 5588 ἔλεγχος,
3156 5514 3251 5568 καὶ
3283 5509 3429 5581 μάλα
3470 5510 3679 5571 δικαίως
3713 5505 3764 5557 ἂν

1799 5706 2033 5761 νΑιιιΑε
2070 5702 2478 5765 LECTIONES.

634 5874 665 5904 ι
691 5861 863 5939 (λιι,
895 5863 1182 5933 ἀγαπητον
1212 5860 1289 5916 δέ.

1404 5863 1430 5903 ι’
1467 5863 1527 5921 (Σ.
1566 5864 1612 5919 Μ
1672 5867 1863 5934 γένους
1892 5868 1966 5939 τῷ
2006 5872 2299 5940 προνοητῇ.

2416 5881 2435 5906 ε
2469 5868 2528 5923 L'.
2573 5866 2645 5920 M.
2679 5861 2976 5934 περιελεῖν.
