3880 6206
81 380 213 445 629
1198 385 1297 443 ΑΙ)
1318 387 1913 451 AMPHILOCHIUM
1936 393 2280 464 QUASS'I‘IO
2317 394 2413 453 CI.
3281 387 3383 449 630

80 491 423 563 νομισθείη.
462 491 626 542 Ὥστε
655 488 724 542 τὰ
757 488 856 558 μὲν
886 488 974 550 σά,
1008 488 1099 542 διὰ
1128 491 1235 543 τῶν
1269 492 1378 545 σῶν
1408 494 1706 566 ἀνατέτρα-

1815 510 2003 556 nostra
2040 503 2189 558 nullo
2218 503 2413 557 horum
2440 502 2805 571 impetantur;
2837 499 2931 554 sed
2963 498 3379 569 impudentiam,

83 600 235 637 πται
271 586 369 639 καὶ
386 583 800 636 διαπέπαικται·
830 580 938 634 τῶν
962 581 1007 634 δ’
1031 583 1311 655 ἡμετέρων
1346 586 1406 639 οὐ
1433 587 1591 655 μόνον
1615 588 1705 641 οὒ-

1812 592 2119 655 audaciam,
2147 592 2475 647 calumniam
2509 591 2850 645 accusatoris
2881 591 3236 644 convincunt.
3273 586 3381 641 Sed

83 676 261 738 δενὸς
293 674 654 737 καθάπτεται,
679 672 813 726 ἀλλὰ
836 673 929 727 καὶ
954 673 1136 737 ἀνοίας
1166 676 1263 728 καὶ
1283 675 1519 747 Θράσους
1545 679 1610 731 δι’
1630 675 1705 732 ὧν

1812 684 1857 739 si
1890 699 2080 737 omnes
2119 682 2447 748 venderent,
2497 698 2618 753 qua:
2648 681 2845 735 domus
2897 689 2991 734 aut
3042 680 3255 748 pretio,
3290 690 3386 733 aut

86 767 322 836 ἔφθασε
351 766 727 831 συκοφαντεῖν,
760 764 977 833 ἔλεγχον
998 766 1211 837 ὑπέχει.
1254 768 1393 820 Ἀλλ’
1423 770 1473 820 εἰ
1503 770 1706 833 πάντες

1810 774 1993 829 valore
2044 789 2144 829 suo
2189 784 2441 829 constare
2488 772 2706 842 posset?
2754 770 2887 824 llem
2947 779 3096 822 tuam
3146 784 3385 822 exaecu-

84 858 450 927 πωλήσειαν,
482 859 633 919 ποῖος
674 852 821 918 οἶκος
883 857 1100 926 ἔντιμος
1153 854 1293 910 εἶναι
1349 858 1599 925 δύναται;
1633 856 1705 912 Ὠ

1810 872 1985 916 ratam
2025 863 2399 917 dialecticam!
2449 862 2518 916 oh
2574 861 2925 929 gravitatem!
2970 858 3159 925 Papae!
3208 856 3384 923 Quam

84 952 462 1020 διαλεκτικῆς
502 949 790 1020 ἀκριϐείας
835 950 930 1001 καὶ
963 949 1302 1019 δεινότητοςί
1350 950 1548 1021 βαϐαίί
1605 952 1703 1021 τῆς

1810 954 2080 1009 rhetorica
2126 955 2432 1021 persuasio,
2484 969 2647 1022 quam
2703 951 2970 1007 severitas
3007 951 3122 1003 hrec
3168 950 3383 1018 pungit,

87 1042 414 1113 ῥητορικῆς
472 1058 563 1093 σου
595 1039 952 1110 πιθανότητος
979 1041 1072 1093 καὶ
1100 1040 1457 1111 δριμύτητοςί
1488 1044 1515 1095 6
1537 1042 1703 1105 πολὺς

1810 1057 1865 1101 et
1914 1062 2077 1116 saepe,
2112 1057 2165 1101 et
2190 1047 2346 1115 longe
2380 1063 2409 1098 a
2461 1044 2853 1113 consequentia
2895 1044 3172 1096 intuetur!
3218 1057 3383 1110 quam

90 1134 263 1204 ὸρᾷν,
308 1134 402 1186 καὶ
433 1132 743 1204 πόρρωθεν,
765 1131 825 1184 τὸ
852 1133 1143 1203 ἑπόμενονί
1174 1134 1202 1185 6
1230 1137 1341 1195 τοῖς
1368 1136 1575 1204 ῥήμασι
1612 1152 1703 1187 σο-

1810 1138 2107 1191 verborum
2141 1152 2395 1207 pompam
2432 1137 2484 1190 in
2519 1134 2806 1189 refutando
2850 1148 2960 1202 prae
2999 1148 3056 1187 se
3094 1132 3230 1186 fert!
3263 1146 3385 1199 qme
3428 1192 3431 1207 ί

90 1198 306 1293 ϐαρὺς,
354 1226 450 1277 καὶ
491 1198 613 1284 ταῖς
653 1198 989 1297 άνατροπαῖς
1029 1198 1398 1287 ἀνυπόστατος
1416 1198 1501 1277 ίήὸ
1533 1225 1600 1277 τὰ
1638 1228 1703 1279 ἐκ

1810 1227 2053 1282 convicia
2098 1228 2164 1281 de
2198 1227 2357 1281 trivio
2402 1237 2615 1293 arrepta
2660 1225 2711 1278 in
2752 1238 2851 1278 nos
2895 1223 3184 1293 congerit!
3226 1223 3385 1277 Certe
3424 1198 3434 1312 ί

92 1317 328 1386 τριόδου
373 1312 755 1380 κατονειδίζων
806 1316 970 1385 ὴμῖνῐ
1001 1312 1149 1386 Ἀρα
1193 1316 1367 1385 γραῦς
1418 1318 1475 1370 ἐν
1509 1318 1703 1389 τριόδῳ

1810 1320 2124 1375 triobolaris
2169 1335 2310 1373 anus
2354 1319 2421 1372 de
2472 1316 2676 1387 vigiliis
2724 1316 2951 1370 deorum
3008 1325 3226 1369 tuorum
3287 1330 3383 1383 per

92 1408 161 1460 ἐκ
206 1407 561 1476 παννυχίδων
591 1407 801 1476 ⁴ῆκουσα
833 1405 941 1456 τῶν
978 1404 1084 1457 σῶν
1116 1403 1273 1467 θεῶν,
1304 1404 1399 1457 καὶ
1423 1405 1551 1476 οἴνῳ
1582 1406 1701 1460 διά-

1810 1412 2045 1481 compita
2076 1427 2384 1481 permeans,
2414 1410 2542 1463 vino
2590 1407 2925 1469 madefacta,
2967 1422 3035 1460 an
3071 1421 3177 1459 non
3208 1406 3382 1475 magis

95 1500 332 1569 βροχος,
365 1496 727 1567 οὐχιτούτων
762 1497 1155 1567 ἐντρεχέστερά
1177 1514 1233 1549 τε
1270 1498 1365 1550 καί
1386 1498 1703 1568 άστειότερα

95 1591 447 1658 φθέγξαιτο;
482 1589 638 1651 Ποῖος
658 1585 802 1651 οἶκος
828 1587 1043 1657 ἔντιμος
1071 1583 1208 1641 εῖναι
1234 1588 1490 1655 δύναταις
1521 1590 1631 1643 Καὶ
1650 1589 1702 1641 τί

96 1684 201 1753 τῆς
238 1682 512 1752 ἰσότητος,
543 1680 664 1733 εἰπέ
697 1697 807 1750 μοι,
839 1683 953 1744 τοῖς
987 1680 1231 1750 ἰσότιμον
1256 1680 1482 1751 λαχοῦσι
1518 1681 1699 1750 φύσιν,

98 1773 472 1843 τιμιώτερονς
505 1773 622 1825 τίδ’
644 1774 725 1835 εἰς
755 1772 967 1841 αἵρεσιν
1000 1772 1243 1842 ἄμεινον,
1289 1767 1369 1836 οἷς
1399 1773 1499 1843 τὴν
1531 1772 1700 1844 αὐτὴν

100 1867 268 1920 πόλιν
301 1868 523 1935 γέγονεν
553 1867 743 1931 οἰκεῖν,
772 1864 912 1935 ὑπὲρ
943 1864 1036 1918 τοῦ
1070 1864 1254 1935 κοινῆς
1285 1866 1576 1918 ἀπολαύειν
1607 1866 1702 1918 καὶ⁸

100 1960 310 2028 ὁμοίας
368 1958 681 2022 πολιτείας;
724 1957 865 2011 Ἀλλ’
900 1960 933 2027 ἡ
968 1957 1249 2022 πλεονεξία
1278 1958 1326 2020 ἀ,
1378 1960 1411 2029 ὴ
1447 1959 1703 2029 τυραννίς

100 2067 188 2103 σοι
220 2051 298 2103 τὰ
322 2050 538 2118 ἔντιμα.
566 2050 599 2121 ἢ
634 2051 682 2103 οἰ
706 2050 846 2103 δόλοι
876 2050 971 2103 καὶ
1001 2052 1072 2104 τὰ
1104 2050 1215 2103 τῶν
1268 2050 1701 2121 παλιγκαπήλων

102 2143 203 2195 καὶ
238 2142 587 2212 μεταϐολέων
630 2144 883 2213 ὲπᾶρατα
909 2141 1048 2194 κατὰ
1082 2141 1192 2193 τῶν
1250 2142 1475 2211 πλησίον
1525 2160 1705 2212 μηχα-

102 2236 337 2303 νήματα
367 2234 458 2286 καὶ
486 2235 836 2303 τεχνάσματα
863 2250 876 2264 ’
920 2235 1027 2296 πᾶς
1052 2233 1161 2303 γὰρ
1200 2233 1275 2296 ὡς
1306 2234 1508 2287 ἐπίπαν
1540 2234 1701 2288 πλοῦ-

104 2342 195 2387 τος
220 2325 255 2395 ἦ
298 2326 644 2394 προσφάτους
674 2326 706 2395 ἢ
736 2325 1064 2395 παλαιτέρας
1094 2327 1295 2390 ταύτας
1330 2327 1440 2398 ἔχει
1467 2330 1563 2392 τὰς
1598 2347 1703 2399 πη-

104 2416 212 2483 γὰς
251 2418 358 2487 τῆς
397 2415 687 2483 γενέσεως,
714 2415 781 2467 δι’
807 2411 881 2469 ὧν
902 2417 931 2467 6
962 2416 1285 2487 παραϐάτης
1304 2418 1701 2487 ἀποσεμνύνειν

107 2508 253 2575 ἐγνω
275 2509 337 2561 τὸ
372 2507 609 2577 ἔντιμον.
646 2506 784 2559 Ἀλλ’
819 2508 954 2569 ὅλως
977 2509 1267 2577 ἠγνόηκεν.
1303 2508 1492 2578 ὥσπερ
1524 2507 1701 2561 ἄπαν-

107 2617 195 2664 τα,
226 2599 285 2651 τί
323 2600 421 2668 μὲν
449 2598 511 2651 τὸ
531 2599 763 2669 άληθῶς,
799 2600 891 2652 καί
924 2600 1075 2668 παρᾶ
1107 2599 1225 2669 Θεῴ
1257 2600 1453 2669 τίμιον,
1481 2601 1533 2653 τί
1562 2600 1617 2653 δὲ
1641 2601 1701 2654 τὸ

115 2690 190 2762 μὴ
217 2690 397 2753 οὕτως
429 2691 569 2761 ἔχον.
604 2690 916 2761 ’Ἄνθρωποι
953 2692 1204 2760 μὲνγὰρ,
1249 2694 1341 2745 καὶ
1369 2692 1430 2745 τό
1468 2710 1527 2744 τε
1560 2694 1608 2745 οἰ
1644 2694 1701 2759 ἐξ

110 2782 338 2852 ἀγέλης·
396 2783 455 2835 οὐ
503 2782 613 2852 γὰρ
649 2781 714 2834 ἂν
762 2782 816 2835 οἵ
858 2799 921 2851 γε
963 2782 1279 2851 φιλοσοφίας
1328 2782 1567 2854 καθαρὸν
1610 2783 1702 2837 τὸν

112 2874 299 2943 ἔρωτα
334 2876 791 2946 συντηρήσειντες,
828 2875 962 2945 πρὸς
1006 2876 1062 2928 ἓν
1122 2876 1279 2944 μόνον
1326 2876 1416 2929 τὸν
1450 2876 1697 2941 πλοῦτον,

113 2970 210 3021 καὶ
243 2968 345 3038 τὴν
380 2969 438 3032 ἐξ
482 2968 645 3021 αὑτοῦ
688 2968 900 3039 τρυφὴν
935 2968 1027 3020 καὶ
1066 2967 1224 3033 δόξαν
1255 2968 1565 3039 κεχηνότες,
1598 2968 1700 3021 κᾶν

121 3060 343 3131 μυρίοις
377 3062 404 3112 6
431 3058 765 3128 κεκτημένος
799 3058 937 3129 βρύῃ
969 3060 1178 3121 κακοῖς,
1208 3058 1386 3127 τίμιον
1414 3059 1577 3111 αὑτὸν
1607 3059 1702 3113 καὶ

1808 1502 2056 1573 apposite
2117 1511 2170 1554 et
2201 1509 2390 1554 exacte
2439 1498 2836 1568 responderet?
2862 1498 2993 1562 Quae
3026 1496 3221 1549 domus
3254 1511 3379 1564 pre-

1809 1592 1885 1646 tio
1927 1600 2181 1647 constare
2228 1589 2465 1659 poterit?
2513 1597 2569 1643 et
2606 1588 2866 1657 quidnam
2925 1587 3098 1656 magis
3150 1586 3383 1638 honora-

1809 1694 1947 1750 tum,
1983 1700 2147 1753 quam
2184 1683 2470 1752 aequalitas
2513 1683 2653 1734 inter
2691 1696 2788 1734 eos
2818 1680 3018 1747 quibus
3061 1688 3144 1733 est
3187 1688 3382 1730 natura

1805 1776 2067 1844 aequalis?
2096 1774 2225 1844 quid
2252 1774 2424 1842 magis
2451 1771 2707 1841 optabile,
2735 1786 2897 1840 quam
2926 1780 2984 1823 ut
3013 1769 3107 1838 qui
3137 1768 3382 1821 eamdem

1807 1868 2087 1921 civitatem
2123 1867 2335 1929 colunt,
2380 1863 2574 1935 arquali
2619 1874 2761 1918 statu
2809 1870 2863 1916 et
2906 1860 3221 1916 conditione
3260 1874 3384 1928 per-

1804 1959 2097 2014 fruantur?
2131 1958 2234 2013 Sed
2269 1957 2640 2027 imequalitas,
2671 1955 2766 2009 sed
2802 1953 3048 2021 tyrannis
3072 1952 3212 2020 apud
3246 1960 3297 2005 te
3326 1951 3381 2003 in

1805 2052 2006 2123 pretio,
2043 2051 2127 2104 vel
2158 2050 2290 2113 doli,
2350 2049 2442 2103 sed
2480 2046 2907 2116 cauponantium
2955 2054 3011 2097 et
3049 2044 3382 2097 licitatorum

1805 2147 1862 2200 in
1899 2145 2112 2200 vicinos
2147 2143 2415 2197 machinae
2464 2151 2518 2196 et
2562 2139 2876 2195 artificiosae
2903 2138 3144 2191 fraudes.
3179 2134 3384 2190 Omnes

1804 2240 1948 2295 enim
1984 2253 2137 2308 Opes,
2182 2228 2264 2291 vel
2306 2251 2501 2298 novos,
2535 2234 2617 2287 vel
2668 2234 2922 2302 antiquos
2953 2229 3127 2283 foiites
3161 2228 3383 2282 eosdem

1805 2331 2030 2394 habent,
2067 2345 2159 2395 per
2185 2344 2325 2397 quos
2352 2334 2599 2395 apostata
2633 2341 2793 2378 suum
2822 2321 3136 2376 honorabile
3169 2319 3383 2389 magni-

1806 2424 1969 2476 ficare
1998 2421 2134 2473 vult.
2165 2419 2269 2486 Qui
2293 2420 2472 2487 plane,
2510 2426 2567 2470 ut
2597 2425 2649 2469 et
2683 2424 2877 2469 cmtcra
2910 2413 3218 2483 ignorabat,
3251 2411 3381 2480 quid

1804 2514 1949 2585 apud
2000 2512 2171 2568 Deum
2226 2511 2586 2566 honorificum
2634 2517 2779 2563 esset
2836 2508 3085 2567 veritate,
3135 2520 3198 2557 ac
3252 2504 3382 2571 quid

1805 2623 1935 2662 non.
1982 2604 2243 2659 llomines
2276 2603 2443 2668 enim,
2472 2602 2600 2655 licet
2633 2616 2736 2652 non
2785 2597 3041 2667 gregarii,
3090 2596 3182 2647 sed
3213 2594 3383 2663 philo-

1805 2699 1984 2768 SOplli,
2035 2698 2128 2766 qui
2175 2696 2438 2749 illibatum
2485 2698 2812 2747 conservant
2869 2702 3135 2746 amorem,
3184 2685 3376 2740 unicas

1804 2800 2014 2845 tantum
2068 2789 2287 2843 divitias
2345 2800 2641 2854 earumque
2693 2782 2933 2836 lautitias
2993 2789 3043 2833 et
3087 2778 3373 2848 gloi'inlam

1805 2884 2038 2946 inhiant,
2067 2891 2119 2934 et
2154 2892 2429 2947 utcunque
2462 2876 2552 2947 qui
2593 2891 2685 2929 cas
2718 2874 2996 2943 possident
3028 2886 3160 2940 opes
3190 2870 3374 2924 multis

1804 2974 1960 3026 malis
1996 2982 2260 3035 scateant,
2309 2967 2689 3022 honorandum
2728 2976 2908 3019 tamen
2959 2972 3014 3017 et
3042 2964 3254 3015 beatum
3292 2959 3383 3029 ju-

1805 3060 2013 3116 dicant.
2048 3062 2186 3114 Deus
2230 3059 2432 3129 pietate
2460 3056 2719 3127 prmrlitos
2751 3055 3011 3119 honorat,
3056 3062 3108 3106 ct
3154 3051 3380 3123 gloriam

122 3151 399 3220 μακάριον
430 3148 709 3219 ἡγοῦνται.
738 3147 868 3210 Θεὸς
913 3147 970 3200 δὲ
1020 3147 1111 3199 τὸν
1160 3148 1358 3219 εὐσεϐῆ
1403 3149 1559 3218 τιμᾷ,
1606 3151 1699 3201 καὶ

1810 3155 1899 3209 dat
1927 3154 2182 3208 virtutem
2237 3150 2609 3219 diligentibus,
2647 3149 2771 3202 licet
2817 3163 2979 3217 opum
3031 3147 3154 3200 illos
3204 3156 3384 3198 tumor

120 3245 231 3305 τοῖς
261 3240 574 3311 φιλαρέτοις
600 3239 660 3292 τὸ
685 3239 905 3302 εὐκλεὲς
936 3239 1219 3306 ἀπονέμει,
1249 3239 1351 3293 κᾶν
1381 3243 1406 3292 ὁ
1431 3240 1539 3292 τῶν
1565 3258 1701 3310 χρης

126 3334 312 3402 μάτων
347 3332 544 3394 αὐτοὺς
590 3330 755 3398 ὖγκος
806 3329 867 3382 οὗ
907 3330 1251 3401 φλεγμαίνει,
1293 3331 1400 3383 οὐδ’
1434 3333 1462 3384 6
1496 3332 1705 3385 ἐκεῖθεν

121 3424 289 3494 τῦφος
339 3426 435 3477 καὶ
482 3426 513 3495 ἡ
543 3423 724 3494 τρυφὴ
758 3421 1154 3493 περιϐλέπτους
1187 3425 1352 3477 ποιεῖ.
1405 3423 1621 3476 Μᾶλλον
1650 3424 1707 3477 δὲ

125 3510 203 3578 οἷς
239 3518 272 3586 ἡ
303 3515 430 3579 δόξα
474 3514 561 3567 διὰ
592 3514 813 3577 τούτων,
840 3513 947 3566 οὐδ’
981 3514 1008 3566 6
1032 3514 1131 3584 τῆς
1161 3514 1361 3585 ἀρετῆς
1391 3513 1568 3567 ἐθέλει
1611 3514 1707 3567 πό-

127 3607 238 3671 θος,
270 3607 380 3659 οὐδ’
409 3609 436 3660 ὁ
465 3608 564 3677 τῆς
596 3606 874 3669 εὐσεϐείας
910 3605 1067 3676 ζῆλος
1101 3608 1394 3677 περιεῖναι.
1430 3607 1577 3659 Ἔδει
1599 3624 1706 3659 τοι·

128 3699 357 3771 γαροῦν,
396 3699 523 3762 ἔδει,
565 3699 696 3751 Θεὸν
744 3699 871 3750 ὄντα
907 3698 997 3751 τὸν
1038 3696 1241 3767 Κύριον
1288 3697 1445 3768 ἡμῶν
1501 3698 1709 3768 Ἰησοῦν

128 3791 385 3861 Χριστὸν,
402 3790 491 3842 τὸν
518 3790 609 3843 ἐπὶ
632 3789 877 3860 σωτηρίᾳ
902 3788 996 3841 τοῦ
1029 3790 1216 3856 γένους
1246 3788 1560 3842 κενώσαντα
1582 3791 1707 3841 ἐαυι

131 3884 220 3936 τὸν
241 3884 341 3936 καὶ
374 3882 770 3954 παραπλησίως
801 3883 932 3953 ἡμῖν
961 3883 1161 3951 σαρκὸς
1196 3884 1289 3934 καὶ
1320 3882 1551 3951 αἵματος
1598 3899 1709 3934 κοι-

131 3979 468 4047 νωνήσαντα,
498 3974 572 4045 μὴ
600 3974 737 4043 πρὸς
759 3975 818 4025 τὸ
842 3973 940 4044 ἡδὶ)
972 3974 1057 4026 καὶ
1087 3975 1478 4044 κεχαρισμένον
1504 3978 1616 4036 τοῖς
1643 3974 1711 4026 τά

134 4070 349 4137 ἐπίγεια
390 4067 678 4138 φρονοῦσιν
717 4066 862 4128 ἰδεῖν,
899 4065 1020 4136 μηδ’
1050 4066 1155 4118 ὅσα
1204 4066 1402 4120 κακίαν
1434 4066 1559 4135 φύει
1590 4067 1710 4119 τού·-

132 4179 238 4214 των
278 4165 359 4225 εἰς
402 4159 556 4233 ρίζας
603 4161 885 4231 περιορᾷν,
917 4160 1011 4212 καὶ
1050 4158 1262 4230 καρπὸν
1306 4159 1374 4211 τὰ
1422 4160 1711 4230 σπέρματα

133 4252 456 4305 διαδίδοσθαι
477 4269 491 4282 ⁸
522 4254 707 4305 ἐκεῖνα
730 4252 786 4304 δὲ
811 4250 975 4319 νόμον
1001 4251 1096 4303 καὶ
1122 4250 1490 4322 παράγγελμα
1516 4253 1709 4314 ποιεῖν,

135 4345 199 4397 δι’
228 4339 300 4398 ὧν
332 4345 605 4416 πρόρριζα
647 4344 743 4413 μὲν
788 4343 1045 4412 τέμνεται
1088 4342 1156 4394 τὰ
1214 4341 1383 4412 πάθη,
1425 4344 1625 4412 ἀρετῆς
1656 4343 1712 4395 δὲ

138 4439 313 4505 πάσης
354 4439 449 4491 καὶ
480 4436 713 4506 θεωρίας
739 4434 1065 4505 εἰλικρινοῦς
1102 4434 1471 4505 κατορθοῦτας
1501 4445 1524 4472 ε
1566 4436 1599 4504 ὴ
1625 4451 1710 4485 τεο

1810 3265 1915 3302 non
1950 3247 2117 3310 inflet,
2148 3262 2245 3299 nec
2269 3245 2466 3316 typhus
2488 3253 2583 3298 aut
2614 3243 2777 3296 luxus
2808 3240 3163 3295 observabilis
3196 3238 3381 3292 fuerit.

1807 3338 1941 3393 Nam
1968 3340 2063 3409 qui
2099 3339 2325 3408 gloriam
2362 3336 2488 3390 inde
2512 3343 2876 3401 aucupantur,
2912 3347 3011 3386 nec
3042 3332 3262 3384 virtutis
3297 3329 3384 3383 de.

1809 3434 2048 3494 siderio,
2125 3447 2225 3485 nec
2305 3429 2522 3499 pietatis
2580 3427 2762 3494 aliquo
2840 3432 3141 3494 tanguntur
3221 3422 3378 3483 zelo;

1808 3540 2025 3595 aequum
2050 3530 2169 3578 erat
2199 3538 2349 3591 ergo,
2382 3531 2440 3574 ut
2463 3518 2727 3572 Dominus
2752 3527 2807 3571 et
2835 3516 2979 3570 Deus
3009 3525 3194 3569 noster
3223 3512 3383 3567 Jesns

1809 3618 2086 3676 Christus,
2118 3614 2212 3684 qui
2246 3614 2314 3667 ob
2344 3610 2763 3688 generisaiostri
2796 3609 3026 3663 salutem
3068 3622 3126 3661 se
3154 3620 3385 3660 evacua-

1812 3721 1963 3766 verat
1990 3719 2043 3763 et
2070 3708 2253 3764 carnis
2282 3716 2481 3759 nostra:
2513 3714 2675 3773 atque
2702 3700 2984 3771 sanguinis
3022 3698 3185 3752 ﬁebat
3212 3696 3383 3763 parti-

1811 3818 1961 3870 ceps,
2005 3815 2113 3853 non
2162 3799 2213 3852 id
2250 3796 2391 3867 quod
2436 3810 2602 3850 suave
2640 3802 2693 3847 et
2737 3800 3017 3859 acceptum
3066 3798 3149 3841 est
3196 3788 3261 3841 iis
3291 3787 3383 3855 qui

1813 3903 2028 3946 terrena
2071 3892 2310 3959 sapiunt,
2342 3898 2437 3941 aut
2480 3901 2602 3954 quae
2626 3884 2923 3953 nequitiam
2950 3880 3381 3951 progerminant,

1812 4002 2001 4040 eorum
2072 3981 2283 4037 radices
2349 3978 2755 4040 consideraret,
2813 3984 2866 4029 et
2919 3973 3125 4027 semina
3179 3979 3386 4024 sereret

1814 4076 2080 4143 ejusmodi
2128 4076 2367 4128 fructum
2422 4067 2810 4140 producentia;
2862 4064 2977 4127 sed,
3028 4072 3087 4116 ut
3141 4062 3288 4131 leges
3333 4070 3386 4113 et

1814 4164 1991 4217 edicta
2043 4162 2134 4215 illa
2189 4161 2402 4215 sancire
2457 4174 2552 4228 per
2608 4173 2730 4227 qua:
2792 4154 3053 4209 radicitus
3104 4152 3386 4220 passiones

1814 4257 2142 4317 evelluntur,
2178 4252 2396 4306 virtutis
2446 4260 2499 4305 et
2528 4245 3004 4315 contemplationis
3037 4258 3187 4314 pune
3210 4242 3387 4311 perfe-

1813 4351 1922 4405 ctio
1974 4355 2386 4403 consummatur
2442 4342 2647 4396 :nullo
2700 4341 2917 4394 illorum
2968 4338 3207 4406 indiget,
3277 4334 3388 4386 imo

1816 4441 2189 4511 multipliciter
2241 4454 2305 4492 ea
2365 4434 2613 4490 continet
2670 4446 2911 4501 praesens
2972 4426 3272 4484 admonitio
3335 4433 3389 4476 et

135 4530 345 4594 λείωσις
369 4548 384 4563 ·
418 4525 493 4583 ὧν
524 4529 781 4597 οὐδεμιᾶς
818 4527 978 4593 ἐνδεῖ,
1015 4526 1216 4596 μᾶλλον
1247 4526 1304 4579 δὲ
1335 4525 1619 4589 πλειόνων,
1652 4524 1706 4591 ἐξ

1818 4532 2130 4588 consilium.
2176 4529 2278 4581 Sed
2313 4523 2566 4580 fortassis
2612 4522 2748 4577 nihil
2793 4530 2877 4575 est
2921 4520 2973 4573 in
3018 4519 3123 4572 hoc
3156 4515 3387 4571 consilio

138 4615 207 4676 ὧν
248 4624 484 4693 εἴρηται,
537 4620 597 4673 τὸ
645 4620 844 4688 κράτος
897 4618 1082 4688 ἐπέχει
1133 4619 1227 4670 καὶ
1278 4619 1310 4687 ἠ
1368 4618 1708 4690 προκειμένη

139 4716 469 4785 παραίνεσις.
518 4712 654 4764 Ἀλλ’
687 4712 795 4781 ἄρα
826 4712 1036 4781 μήποτε
1070 4710 1303 4780 ῥηθῆναι
1334 4710 1433 4780 μὲν
1460 4712 1493 4780 ἡ
1523 4710 1709 4781 ἐντολὴ

142 4806 279 4860 ᾶπαν
318 4807 600 4874 διαφεύγει
628 4805 961 4875 παράλογον,
992 4806 1088 4857 καὶ
1112 4805 1208 4872 τῆς
1235 4805 1298 4857 ἐκ
1328 4803 1501 4871 λόγων
1537 4803 1710 4873 λαϐῆς

78 4882 113 4949 ὧ
140 4898 361 4969 ἕστηκεν
389 4897 721 4968 ὑψηλοτέρα⁸
745 4896 1094 4966 παραχρῆναι
1120 4896 1174 4949 δὲ
1203 4896 1301 4965 οὺχ
1328 4895 1520 4963 ὁμοίαν
1551 4894 1709 4965 ἔλαχε

144 4990 295 5056 φύσιν
318 5009 331 5023 ο
363 4991 501 5043 ἐνδεί
519 4990 572 5041 δὲ
608 4990 707 5058 τῆς
738 4991 794 5042 ἐν
820 4989 1054 5059 ῥήμασιν
1085 4987 1422 5050 ἀκολουθίας,
1447 4989 1479 5057 ἠ
1510 4990 1567 5040 ὲν
1590 4990 1708 5049 ταῖς

146 5081 397 5148 πράξεσιν
427 5080 681 5151 ὗπαρξις,
719 5081 811 5133 καί
844 5098 926 5142 τις
948 5080 1120 5142 οὕτως
1146 5080 1270 5149 ἔσχε
1306 5080 1371 5133 δι’
1397 5080 1575 5133 αὐτῶν
1602 5080 1709 5131 τῶν

146 5168 310 5238 ἔργων
344 5173 747 5241 ἐναργεστάτην
785 5172 1088 5240 παρασχεῖν
1123 5163 1220 5240 τῆν
1255 5170 1575 5233 ὑπόστασιν,
1614 5169 1710 5222 καὶ

146 5260 198 5309 τδ
225 5263 278 5313 ἐν
305 5261 483 5329 λόγοις
513 5260 804 5314 ἀκόλουθον
827 5260 1085 5331 ὁμόλογον
1108 5263 1173 5329 τῇ
1208 5264 1484 5331 πρακτικῇ
1517 5259 1711 5312 οὐσιῶ-

149 5366 222 5402 σει
253 5352 642 5416 ἐπιδείξασθαι.
693 5354 847 5406 Ἐπεὶ
875 5353 982 5424 γὰρ
1022 5356 1054 5423 ὴ
1092 5356 1361 5424 σωτήριος
1395 5354 1531 5423 αὑτὴ
1572 5369 1714 5424 παρ-

151 5442 339 5505 αίνεσις
385 5446 470 5499 διὰ
512 5446 622 5498 τῶν
670 5446 1015 5498 Δεσποτικῶν
1056 5446 1150 5499 καί
1174 5448 1458 5516 ἁχράντων
1492 5446 1713 5517 χειλέων

150 5538 522 5609 προελήλυθεν,
555 5538 613 5605 ἐξ
649 5539 858 5591 ἐκείνου
890 5538 1051 5608 μέχρι
1097 5538 1192 5591 νῦν
1223 5540 1323 5591 οὐκ
1364 5538 1478 5591 ἐστι
1522 5539 1714 5610 χρόνον

152 5623 337 5695 sipara,
372 5632 428 5683 ἐν
464 5614 509 5697 ᾧ
537 5630 637 5682 οὐκ
664 5629 781 5681 ἐστι
807 5629 1009 5699 ταύτην
1045 5630 1171 5682 ἰδεῖν
1224 5629 1283 5681 ἐν
1319 5632 1440 5692 ταῖς
1483 5631 1591 5684 τῶν
1626 5631 1716 5684 ἀν’

1818 4625 2085 4679 absonum
2152 4627 2245 4671 aut
2287 4616 2605 4678 absurdum,
2634 4628 2735 4667 nec
2764 4624 2951 4665 ansam
2983 4608 3125 4678 quod
3154 4605 3389 4676 praebeat

1814 4716 1960 4786 juste
1998 4710 2273 4780 carpendi.
2313 4708 2418 4762 Sed
2459 4722 2569 4759 non
2602 4714 2710 4758 tam
2747 4702 2902 4756 facile
2947 4712 3139 4753 natura
3172 4697 3295 4759 fert,
3332 4702 3387 4747 ,ιι

1821 4812 1932 4871 liat,
1964 4815 2017 4860 et
2056 4803 2269 4858 actione
2304 4799 2645 4868 compleatur
2673 4796 2849 4851 delicit
2883 4800 3059 4855 actus,
3107 4805 3207 4844 nec
3239 4786 3384 4856 aspi—

1817 4913 1901 4954 rat
1932 4899 1998 4952 ad
2033 4895 2302 4950 orationis
2352 4892 2652 4962 sequelam,
2693 4904 2791 4942 nec
2832 4889 2955 4956 quis
2995 4897 3156 4953 opere
3206 4879 3387 4933 subsi-

1816 5003 2046 5048 stentem
2098 4987 2364 5042 actionem
2418 4988 2693 5052 suggeret,
2746 4987 2839 5031 aut
2877 4973 3213 5031 conformem
3271 4983 3387 5022 ser-

1818 5083 1988 5141 moni.
2035 5078 2337 5135 Consilium
2394 5078 2497 5129 hoc
2549 5070 2893 5128 salutiferum
2941 5082 3034 5137 per
3091 5062 3385 5133 purissima

1818 5176 2031 5231 Domini
2056 5172 2196 5225 labia
2229 5169 2521 5240 prolatum,
2549 5166 2618 5220 ab
2645 5164 2792 5218 omni
2821 5158 3089 5231 praeterita
3122 5155 3385 5211 memoria

1818 5266 2060 5321 adhunc
2104 5276 2279 5330 usque
2324 5259 2466 5313 diem
2514 5269 2730 5324 semper
2762 5252 3022 5306 animitus
3073 5245 3387 5301 hominibus

1819 5356 2141 5418 radicatum,
2197 5358 2253 5405 et
2309 5348 2597 5419 profunde,
2650 5347 2773 5409 late,
2828 5344 2985 5413 longe
3028 5347 3377 5408 augmentum

1817 5448 2057 5516 capiens,
2092 5444 2325 5499 virtutes
2379 5451 2602 5496 caeteras
2635 5437 2904 5509 perfectas
2940 5430 3383 5489 consummavit;

1817 5548 1897 5592 ter
1926 5534 2073 5589 mille
2114 5531 2408 5603 quinquies
2443 5529 2590 5583 mille
2630 5527 2783 5591 o!im,
2820 5535 2875 5579 et
2909 5532 3096 5593 postea
3137 5520 3389 5574 innume-

1815 5628 2006 5684 rabilis
2056 5625 2339 5681 hominum
2375 5621 2688 5685 multitudo,
2744 5620 2798 5673 in
2843 5630 3136 5672 commune
3184 5624 3384 5667 conve-

1340 5746 1571 5801 V'£\!!l.=l‘l
1626 5743 2029 5801 LECTIONES.

251 5831 276 5877 ά
306 5837 389 5891 ἷσ.
596 5846 618 5875 ο
654 5837 715 5893 C.
742 5836 813 5895 Μ,
857 5835 1247 5913 κατορθοῦσαν.
