3880 6206
476 334 577 402 631

1634 330 1900 393 PHOTII
1932 325 2440 390 PATRIARCIIE
2476 325 2588 385 ΕΡ.

3664 324 3781 385 αἶέ

476 451 733 514 nientcs,
780 455 835 501 et
898 445 966 501 de
1018 443 1257 515 propriis
1313 434 1677 508 deredcntes,
1747 438 2062 496 communia

2182 434 2404 505 ὶρώπων
2438 433 2641 504 ψυχαῖς
2673 431 3150 504 διαρῤιζουμενην,
3191 434 3288 487 καί
3317 434 3782 503 ἑμϐαθύνουσαν,

476 541 773 593 voluerunt
824 553 948 593 esse
996 552 1119 607 qua:
1160 533 1559 605 possidebant,
1616 548 1719 588 nec
1774 533 1918 586 inter
1968 545 2061 586 eos

477 631 752 702 quispiam
797 644 1005 700 pauper
1049 638 1167 682 erat
1197 627 1336 696 (erat
1370 625 1486 679 haec
1523 622 1791 678 mirabilis
1834 620 2061 692 azquali-

480 734 585 787 tas,
628 737 729 776 nec
767 722 1037 791 speranda
1082 720 1186 774 nisi
1221 733 1346 772 cum
1387 715 1785 784 adhiberetur),
1825 714 1919 770 sed
1963 728 2063 769 nec

479 813 655 868 dives.
685 830 706 864 ι
738 811 1063 881 Quicunque
1106 810 1273 873 enim,
1305 826 1324 859 ι
1365 808 1442 861 ait
1478 804 1784 875 Scriptura,
1822 824 1840 858 ι
1871 805 2062 861 domos

478 902 563 957 vel
596 916 759 972 agros
802 900 1176 970 possidebant,
1218 896 1550 963 vendebant,
1592 906 1647 951 et
1684 896 1917 967 pretium
1963 895 2065 950 ad-

480 995 707 1048 ductum
733 993 796 1045 ad
821 992 986 1061 pedes
1009 989 1384 1060 apostolorum
1406 988 1777 1065 deponebant,
1798 997 1851 1042 et
1874 986 2062 1041 distri-

481 1084 749 1138 buebatur
805 1081 1006 1150 cuique
1050 1089 1211 1148 prout
1259 1079 1535 1149 indigebat
1554 1080 1622 1132 ⁷⁵.
1660 1097 1678 1129 ›
1734 1077 1929 1143 Audis,
1958 1076 2065 1131 Ju-

482 1174 628 1228 liane
670 1192 686 1230 :
730 1172 833 1240 Qui
885 1187 1235 1243 possessores
1283 1181 1461 1238 erant,
1500 1171 1830 1226 vendebant.
1868 1170 2065 1226 Nonne

482 1266 715 1320 omnes?
770 1265 864 1321 sed
917 1273 1032 1318 tum
1089 1265 1159 1319 ab
1213 1264 1368 1317 initio
1414 1264 1728 1318 mandatum
1794 1263 1925 1317 illud
1993 1264 2065 1316 ita

488 1357 779 1428 splendide
812 1356 1107 1419 ferebatur,
1146 1367 1205 1411 ut
1236 1372 1398 1426 opere
1429 1356 1647 1411 ﬂoreret
1683 1375 1696 1411 :
1729 1356 1810 1411 Ab
1834 1371 1899 1410 eo
1931 1365 2067 1410 tem-

484 1463 616 1517 pore
670 1440 737 1502 ad
808 1448 954 1501 hunc
1020 1461 1195 1516 usque
1248 1446 1415 1512 diem,
1488 1461 1597 1500 non
1656 1434 1819 1501 modo
1875 1445 2063 1501 ﬂorem

485 1555 699 1594 summe
764 1538 1277 1593 immarcescibilem
1328 1546 1715 1594 conservatum
1774 1538 2064 1604 videmus,

486 1630 630 1684 unde
668 1629 865 1683 anima:
920 1628 1206 1683 hominum
1242 1629 1580 1684 circumfuso
1622 1628 1790 1684 odore
1834 1629 2069 1699 perfusa:

485 1723 552 1776 ad
586 1722 846 1775 virtutum
873 1723 1123 1776 omnium
1149 1721 1490 1776 salutiferam
1544 1731 1598 1777 et
1641 1722 1913 1777 viviﬁcam
1952 1721 2067 1777 fra-

2164 527 2257 581 καὶ
2287 528 2367 589 είς
2393 526 2595 589 πλάτος
2637 525 2734 578 καὶ
2778 524 2952 594 μῆκος
2991 524 3353 589 αὐξάνουσαν,
3380 528 3781 596 συναύξουσάν

2163 636 2221 673 τε
2259 618 2358 682 τὰς
2400 618 2569 681 ἄλλας
2603 616 2808 689 ἀρετὰς
2856 617 2952 670 καὶ
2989 619 3541 689 συναπαρτίζουσανσ
3587 623 3665 675 τό
3717 640 3781 675 τε

2168 712 2268 782 μὲν
2290 712 2397 781 γὰρ
2423 710 2711 781 τρισχίλιοι
2740 712 2832 763 καὶ
2867 711 3316 782 πεντακισχίλιοι,
3346 708 3464 766 εἷτα
3488 714 3585 768 καὶ
3625 714 3779 784 ττλῆ-

2166 802 2255 866 θος
2290 800 2557 871 ὲκφεῧγον
2592 801 2692 870 τὴν
2726 800 3128 872 ἀπαρίθμησιν,
3168 804 3444 870 συνιόντες
3475 804 3776 876 ἀλλήλοις,

2165 896 2261 948 καὶ
2298 894 2409 947 τῶν
2450 894 2594 948 ἰδίων
2626 894 2987 965 ἐξιστάμενοι,
3017 894 3173 949 κοινὰ
3205 896 3274 949 τά
3302 896 3433 951 ὅντα
3462 897 3779 969 προύτίθε-

2168 1004 2286 1049 σαν,
2308 990 2414 1040 καὶ
2440 987 2613 1058 πένης
2637 982 2705 1059 ἧν
2730 987 2905 1051 οὐδεὶς
2928 989 2985 1040 ὲν
3014 988 3197 1052 αὐτοῖς
3222 990 3288 1059 (ῶ
3312 989 3637 1060 θαυμασίας
3666 993 3783 1044 ίσο-

2171 1078 2387 1148 μοιρίας
2413 1078 2502 1131 καὶ
2529 1079 2658 1148 πρὶν
2687 1077 3001 1148 πραχθῆναι
3031 1080 3155 1149 μηδ’
3181 1079 3603 1153 ἐλπιζομένης),
3639 1081 3778 1135 οὐδὲ

2169 1168 2443 1233 πλούσιος.
2481 1188 2499 1220 ι
2551 1168 2714 1221 Ὅσοι
2744 1170 2876 1239 γὰρ,
2923 1170 3078 1238 φησὶ,
3141 1172 3404 1243 κτήτορες
3455 1172 3691 1243 χωρίων
3740 1172 3777 1241 ἢ

2168 1261 2353 1315 οίκιῶν
2403 1259 2670 1331 ὑπῆρχον,
2720 1259 3028 1325 πωλοῦντες
3059 1260 3255 1331 ἔφερον
3297 1261 3398 1326 τὰς
3441 1263 3613 1332 τιμὰς
3656 1262 3780 1316 τῶν

2170 1353 2658 1424 πιπρασκομένων,
2708 1353 2804 1429 καὶ
2853 1352 3064 1406 ὲτίθουν
3098 1353 3251 1424 παρὰ
3284 1356 3409 1418 τοὺς
3445 1355 3620 1423 πόδας
3654 1354 3780 1408 τῶν

2170 1445 2507 1508 ἀποστόλων,
2555 1444 2807 1498 διεδίδοτο
2840 1444 2896 1497 δὲ
2936 1445 3173 1516 ἑκάστῳ,
3222 1445 3343 1500 καθ’
3377 1448 3405 1500 ὅ
3442 1464 3526 1510 τις
3566 1446 3781 1517 χρείαν

2172 1532 2336 1606 εἶχεν.
2371 1556 2390 1589 ι
2444 1535 2708 1602 Ἀκούεις,
2768 1537 3040 1600 Ἰουλιανὲ,
3102 1539 3215 1591 ὅσοι
3266 1540 3553 1611 κτήτορες,
3610 1534 3779 1594 οὗτοι

2170 1629 2437 1683 ἐπώλουν.
2490 1629 2626 1699 Οὐχὶ
2668 1629 2939 1697 ἆπαντες;
2996 1630 3132 1685 ἀλλὰ
3178 1630 3299 1685 τότε
3355 1634 3454 1703 μὲν
3494 1633 3553 1700 ἐξ
3588 1634 3779 1702 αὐτῆς

2171 1721 2349 1792 ἀρχῆς
2388 1720 2560 1785 οὕτως
2584 1723 2663 1785 είς
2698 1722 2902 1793 πλῆθος
2928 1724 2961 1792 ἡ
2985 1723 3176 1792 ἐντολὴ
3204 1723 3776 1795 τελεσιουργουμένη,

487 1819 756 1887 grantiam
805 1817 1107 1870 trahuntur
1156 1830 1187 1869 a
1245 1823 1504 1884 corrupta
1564 1815 1886 1885 passionum
1932 1814 2068 1869 all‘e-

2182 1815 2440 1887 λαμπρῶς
2468 1815 2709 1869 ἐπεδίδου
2740 1816 2833 1869 καὶ
2863 1816 3183 1887 ὑφειστήκει
3204 1820 3323 1879 ταῖς
3345 1818 3661 1889 ἐνεργείαις
3686 1819 3781 1870 ὲν-

487 1911 671 1963 ctione
700 1949 715 1973 ,
777 1924 899 1979 quae
956 1908 1193 1978 plurima
1242 1908 1588 1963 maleolentia
1655 1909 1877 1964 exhalat
1924 1912 2070 1963 :scd

489 2017 684 2056 omnes
742 2012 1010 2056 terrarum
1072 2001 1233 2057 orbes
1284 2010 1403 2056 acta
1450 2000 1645 2056 diffusa
1695 2001 2068 2071 pertransivit,

490 2108 598 2145 non
650 2102 862 2146 tantum
903 2092 1130 2155 viritim,
1182 2093 1274 2148 sed
1324 2093 1649 2162 populatim,
1691 2103 1744 2147 et
1796 2092 2066 2146 infinitam

488 2185 649 2254 plane
704 2184 1107 2238 multitudinem
1163 2185 1448 2239 hominum
1508 2184 1891 2248 monasticam,
1960 2184 2067 2239 hoc

489 2287 572 2331 est
611 2276 890 2331 caelestem
945 2276 1111 2330 vitam
1150 2276 1596 2345 amplcctentium
1638 2292 1803 2345 super
1843 2284 2069 2340 terram,

489 2367 582 2437 qui
617 2383 779 2436 opera
822 2383 920 2423 sua
952 2368 1338 2431 extenderunt,
1371 2378 1424 2421 et
1467 2367 1783 2437 praescripto
1829 2366 2071 2423 mandati

488 2474 613 2513 cum
670 2474 884 2513 summa
938 2459 1187 2513 omnium
1238 2459 1397 2513 laude
1435 2468 1485 2513 et
1529 2460 1916 2528 praedicatione
1950 2478 1963 2514 :
1997 2459 2073 2514 ita

490 2549 705 2603 Domini
750 2548 921 2604 nostri
964 2549 1126 2604 verba
1175 2549 1415 2605 efﬁcacia
1463 2561 1518 2605 et
1565 2561 1789 2605 actuosa
1844 2566 2075 2622 magno-

480 2657 617 2711 pere
668 2649 817 2707 sunt,
870 2642 939 2695 ob
983 2642 1088 2695 hoc
1131 2642 1331 2712 ipsum,
1378 2643 1775 2711 admirationis,
1835 2645 2074 2710 animas,

488 2734 777 2788 hominum
814 2733 1140 2787 meritorum
1188 2734 1257 2789 ad
1305 2750 1364 2789 se
1408 2737 1806 2804 convertentia,
1840 2746 1895 2791 et
1922 2738 2074 2793 verbi

489 2841 680 2880 semen
733 2826 1106 2895 inspergentia
1156 2827 1292 2882 satis
1342 2826 1607 2897 profunde
1650 2828 1880 2895 faciunt,
1930 2841 1990 2885 ut
2043 2847 2073 2885 a

490 2916 764 2971 fructibus
806 2917 973 2970 arbor
1019 2924 1430 2986 cognoscatur:
1473 2926 1527 2972 et
1576 2934 1671 2989 per
1711 2920 1948 2973 fructum
1997 2930 2077 2975 at-

490 3023 598 3076 que
628 3008 882 3062 arborem
919 3007 1193 3062 hortulani
1228 3011 1474 3077 potentia
1508 3019 1562 3066 et
1588 3012 1856 3079 sapientia
1884 3012 2075 3067 laude-

2171 1907 2498 1977 ακμάςουσα
2520 1925 2534 1938 ο
2573 1905 2593 1946 ί
2641 1906 2840 1977 ἑφεξῆς
2868 1907 2926 1960 δὲ
2961 1907 3125 1978 μέχρι
3158 1907 3276 1973 νῦν,
3303 1909 3402 1964 οὐκ
3439 1911 3777 1981 ἀμάραντον

2176 1997 2336 2066 μόνον
2368 1996 2429 2049 τὸ
2456 1996 2555 2067 τῆς
2584 1996 2769 2067 ἀκμῆς
2793 1994 2953 2059 ἄνθος
2983 1996 3299 2060 διεσώσατο,
3337 1997 3405 2053 δι’
3444 1992 3506 2053 οὗ
3530 1999 3637 2063 τὰς
3670 2003 3778 2054 ἀνα

2175 2088 2453 2160 θρωπίνας
2478 2087 2657 2159 ψυχὰς
2690 2088 3136 2160 περιανθίξουσα,
3172 2090 3281 2145 ἀπὸ
3304 2094 3404 2162 τῆς
3428 2092 3536 2146 τῶν
3572 2094 3778 2148 παθῶν

2174 2180 2466 2251 σηπεδόνος
2494 2180 2630 2235 πολὺ
2675 2180 2737 2233 τὸ
2774 2180 3010 2244 δυσῶδες
3040 2183 3508 2253 ὲναποπνεούσης,
3538 2186 3638 2239 ἐπὶ
3668 2186 3778 2254 τὴν

2174 2274 2282 2327 τῶν
2302 2272 2511 2344 ἀρετῶν
2530 2274 2797 2343 σωτήριον
2821 2273 2917 2327 καὶ
2944 2272 3209 2336 ζωοποιδν
3237 2275 3468 2330 εὐωδίαν
3497 2279 3777 2347 συνεφέλ-

2174 2381 2361 2418 κεταιο
2396 2364 2533 2419 ἀλλά
2584 2382 2648 2435 γε
2695 2364 2759 2437 δὴ
2821 2366 2917 2418 καὶ
2960 2369 3141 2420 πάντα
3174 2367 3274 2437 τῆς
3323 2370 3661 2439 οἰκουμένης
3709 2371 3778 2424 τὰ

2176 2459 2410 2530 πέρατα,
2445 2460 2563 2521 ταῖς
2594 2458 2896 2529 ἐνεργείαις
2926 2459 3297 2530 περιλαϐοῦσα
3324 2464 3420 2515 καὶ
3441 2463 3775 2534 διατρέχουο

2178 2566 2266 2613 σα,
2301 2549 2362 2601 ού
2398 2549 2518 2601 κατ’
2549 2549 2719 2618 ἄνδρα
2751 2549 2936 2619 μόνον,
2988 2550 3087 2621 ἤδη
3128 2551 3184 2604 δὲ
3229 2553 3326 2606 καὶ
3368 2554 3512 2607 κατὰ
3554 2556 3776 2626 δήμους

2176 2642 2350 2705 ὅλους,
2382 2642 2475 2695 καὶ
2503 2642 2740 2711 ἀριθμοῦ
2768 2643 3022 2713 κρείττω,
3054 2647 3374 2717 συστήματα
3399 2647 3507 2700 τῶν
3537 2648 3617 2710 ὡς
3639 2650 3778 2719 ἀλη-

2178 2733 2285 2797 θῶς
2320 2733 2522 2803 μονάδα
2552 2733 2664 2804 βίον
2695 2734 2789 2789 καὶ
2818 2737 3074 2807 οὐράνιον
3109 2738 3407 2803 πολίζουσά
3438 2758 3498 2793 τε
3530 2744 3648 2804 τοῖς
3680 2742 3777 2794 ent

2177 2824 2301 2893 γῆς,
2344 2825 2438 2877 καὶ
2496 2823 2840 2878 πλατύνουσα
2895 2825 2963 2879 δι’
3001 2826 3180 2881 αὐτῶν
3227 2826 3336 2881 τῶν
3386 2828 3592 2899 ἔργων,
3647 2830 3778 2884 ὅσον

2178 2916 2325 2968 ἐστὶν
2361 2916 2530 2985 αὐτῆς
2571 2916 2633 2969 τὸ
2668 2918 2726 2969 ὲν
2767 2919 2880 2981 τοῖς
2916 2917 3098 2986 λόγοις
3142 2919 3437 2974 ἀκόλουθον
3469 2922 3705 2992 μᾶλλον,
3742 2922 3776 2993 ἢ

2177 3008 2266 3061 διὰ
2290 3009 2389 3079 τῆς
2418 3008 2562 3062 κατὰ
2588 3009 2679 3062 τὸν
2706 3009 2864 3078 λόγον
2896 3010 3224 3076 ἀκολουθίας
3251 3012 3311 3066 τὸ
3336 3013 3568 3083 ύφεστὸς
3599 3013 3781 3085 αὐτῆς

493 3110 601 3165 tur,
644 3102 803 3170 cujus
852 3101 1031 3156 laudis
1070 3102 1391 3172 opulentum
1427 3103 1564 3158 satis
1601 3114 1839 3175 segetem
1883 3121 2075 3177 sugge-

2182 3103 2238 3155 ἐν
2258 3105 2370 3165 τοῖς
2396 3101 2577 3171 ἔργοις
2608 3103 2700 3155 καὶ
2731 3102 3044 3173 περιούσιον
3075 3105 3342 3176 λαμπρῶς
3375 3105 3778 3161 ἐπιδείκνυσιν.

490 3200 642 3258 runt,
688 3200 744 3247 et
782 3201 963 3247 tamen
1010 3196 1253 3249 nondum
1290 3210 1385 3264 per
1419 3195 1537 3265 haec
1558 3205 1638 3250 tot
1680 3205 1735 3250 et
1790 3198 1920 3253 talia
1980 3215 2078 3254 en-

494 3285 692 3349 comia,
720 3287 984 3341 naturalis
1034 3286 1179 3341 enim
1216 3287 1625 3357 magnificentia
1672 3290 1806 3346 satis
1863 3292 2080 3348 abunde

495 3375 908 3442 manifestatur;
957 3392 1084 3430 nam
1136 3379 1440 3431 multarum
1496 3387 1758 3447 pra'terea
1814 3380 2079 3434 virtutum

496 3469 911 3523 subsistentiam
964 3478 1237 3524 sustentat
1279 3479 1332 3524 et
1362 3470 1742 3541 complectitur
1778 3490 1791 3527 :
1825 3482 1880 3529 et
1911 3482 2080 3542 certe,

497 3558 606 3613 nisi
637 3559 760 3629 quis
792 3560 908 3629 pari
949 3575 1075 3613 cum
1110 3558 1329 3613 Juliano
1357 3560 1568 3629 judicio
1620 3560 1807 3616 divino
1841 3577 2081 3617 occarca-

497 3660 631 3716 tus,
696 3652 753 3705 in
814 3651 1124 3705 clarissima
1170 3651 1294 3707 luce
1344 3652 1663 3723 aberrabil,
1731 3668 2084 3723 summopere

496 3744 870 3806 admiraturus
936 3751 1022 3797 est
1080 3744 1388 3798 naturalem
1442 3744 1563 3813 ejus
1611 3747 1739 3810 vim,
1793 3746 2082 3802 sublimem

499 3835 649 3888 illam
687 3843 741 3889 et
784 3836 1174 3890 salutiferam?
1236 3835 1340 3902 Qui
1385 3839 1662 3892 cmlestcm
1710 3840 2086 3894 conversatio-

499 3944 624 3983 nem
679 3930 925 3984 terrestri
976 3945 1074 3984 sua
1107 3930 1218 3984 vita
1280 3939 1696 3998 repraesentant,
1744 3930 1781 3985 ii
1845 3931 2084 3988 discerni

499 4020 661 4075 facile
694 4032 947 4091 possunt,
997 4022 1102 4077 hoc
1154 4022 1514 4075 fundamento
1562 4022 1813 4092 inprimis
1860 4023 2082 4078 innixi:

505 4131 523 4163 ι
558 4111 784 4167 Vendite
814 4128 937 4183 qua:
972 4113 1290 4184 possidetis,
1337 4122 1392 4168 et
1423 4114 1828 4185 eleemosynam
1860 4115 2004 4170 date.
2058 4134 2077 4167 ι

500 4203 602 4259 Cui
638 4206 718 4261 sic
757 4205 929 4274 jacto,
985 4214 1213 4260 αξιοι-αδ
1262 4214 1654 4275 superstruunt
1707 4210 1960 4274 virtutes,
2011 4208 2087 4263 ita

502 4308 559 4352 ut
588 4298 705 4352 sine
740 4299 832 4351 illo
890 4298 1192 4353 subsistere
1223 4314 1331 4352 non
1365 4314 1527 4369 posse
1562 4315 1697 4368 pure
1730 4300 1833 4354 illa:
1859 4300 2086 4355 videan-

504 4398 611 4442 tur.
650 4390 920 4456 Quocirca
953 4405 1079 4443 cum
1122 4389 1479 4445 vendiileritis
1526 4390 1704 4459 primo
1738 4406 1861 4460 qua:
1902 4390 2084 4460 possi-

2184 3195 2258 3248 Οὐ
2289 3194 2396 3265 μὴν
2429 3197 2453 3234 ⁸
2493 3194 2630 3249 ἀλλά
2660 3211 2723 3263 γε
2762 3196 2856 3248 καὶ
2884 3195 2994 3249 τῶν
3040 3198 3390 3252 Δεσποτικῶν
3421 3199 3694 3270 ῥημάτων
3720 3199 3781 3252 τὸ

2184 3287 2426 3357 ἐνεργὸν,
2481 3287 2577 3340 καὶ⁵
2628 3285 2727 3359 τὴν
2780 3285 3014 3358 δύναμιν
3062 3288 3216 3341 οὐδὲν
3258 3283 3425 3361 ἦττον
3466 3290 3535 3343 δι’
3571 3292 3780 3361 ἑαυτῆς

2184 3377 2415 3449 παρέχει
2456 3377 2868 3448 θαυμάζεσθαι·
2897 3380 3002 3443 τὰς
3031 3379 3138 3451 γὰρ
3170 3380 3521 3453 ἀνθρωπίνας
3569 3381 3777 3453 ψυχὰς,

2183 3471 2306 3524 ὅσαι
2346 3469 2514 3536 ἄξιαι,
2550 3471 2689 3542 πρδς
2730 3471 2936 3541 ἑαυτὴν
2971 3472 3403 3543 ἐπιστρέφουσα,
3433 3472 3532 3528 καὶ
3560 3474 3657 3527 τὸν
3685 3475 3778 3527 τοῦ

2184 3562 2343 3631 λόγου
2378 3561 2580 3633 σπόρον
2625 3563 2830 3617 ὲνιεῖσά
2858 3579 2918 3616 τε
2959 3563 3057 3617 καλ⁸
3084 3562 3489 3633 ἑμὸαθύνουσα,
3537 3564 3651 3617 ἀπὸ
3684 3564 3777 3617 τοῦ

2185 3653 2400 3723 καρποῦ
2425 3654 2486 3706 τὸ
2512 3653 2728 3724 δένδρον
2754 3652 3235 3722 ὲπιγινώσκεσθαι,
3260 3656 3356 3708 καὶ
3379 3655 3446 3709 δι’
3467 3655 3658 3709 αὐτῶν
3684 3655 3777 3709 τού

2187 3743 2501 3814 φυτοκόμου
2534 3743 2696 3797 πάλιν
2726 3745 2827 3815 τὴν
2856 3745 3009 3815 ἰσχὺν
3046 3744 3141 3798 καὶ
3176 3745 3368 3812 σοφίαν
3400 3745 3778 3821 ὲξυμνείσθαι,

2187 3835 2546 3908 παρασκευὴν
2595 3837 2798 3907 πολλὴν
2827 3837 3191 3909 συνεξεύρατο
3216 3854 3229 3869 ο
3265 3837 3358 3890 καὶ
3396 3836 3549 3891 οὔπω
3581 3855 3649 3905 γε
3693 3838 3780 3893 διὰ

2185 3928 2412 3993 τούτων,
2446 3928 2652 4000 καίπερ
2690 3928 3028 4000 τηλικούτων
3057 3929 3248 3995 ὅντων,
3285 3931 3372 3999 ἐφ’
3403 3930 3527 3983 ὅσον
3553 3932 3686 4001 ἣκει
3718 3930 3779 3983 τὸ

2190 4022 2477 4091 μεγαλεῖον
2530 4021 2631 4092 τῆς
2694 4021 2909 4090 φύσεως
2976 4022 3147 4092 αὐτῆς
3213 4020 3575 4095 ἐμφανίζεται
3607 4039 3621 4052 ·
3662 4022 3777 4077 ἀλλ’

2185 4112 2267 4164 ὅτι
2285 4111 2379 4164 καὶ
2393 4109 2501 4163 τῶν
2517 4110 2661 4164 ἄλλο)
2678 4109 2918 4182 νάρετῶν
2944 4111 3041 4164 καὶ
3067 4110 3511 4182 κατορθωμάτων
3539 4112 3768 4183 ὑπερεί-

2183 4202 2261 4255 δει
2302 4219 2364 4254 τε
2403 4202 2501 4255 καὶ
2542 4203 2755 4273 συνέχει
2805 4204 2903 4273 τὴν
2964 4201 3223 4274 ὓπαρξιν.
3282 4204 3427 4269 Πῶς,
3477 4204 3527 4257 εί
3573 4206 3649 4275 μή
3697 4222 3777 4266 τις

2202 4294 2474 4366 Ἰουλιανῷ
2521 4294 2620 4365 τὴν
2658 4295 2780 4365 ἴσην
2826 4296 2984 4367 δίκην
3019 4297 3237 4366 ὑπέχων
3272 4296 3471 4364 τυφλὸς
3514 4297 3592 4365 τῷ
3634 4299 3777 4367 φωτὶ

2189 4386 2679 4455 περιπλανώμενος
2724 4386 3076 4458 διελέγχοιτο,
3124 4388 3223 4440 ούκ
3262 4386 3328 4441 ἂν
3362 4388 3772 4458 ύπεραγασθείη

501 4480 666 4545 detis,
723 4491 778 4537 et
806 4482 1178 4551 indigentibus
1225 4481 1641 4546 distribueritis,
1702 4482 1926 4537 omnino
1981 4482 2075 4537 ho<

2193 4477 2252 4531 τὸ
2289 4479 2348 4530 ὲν
2376 4480 2441 4549 τῇ
2481 4481 2642 4547 φύσει
2679 4480 2882 4548 κράτος
2913 4479 3082 4545 αὐτῆς
3112 4480 3206 4531 καὶ
3232 4479 3433 4549 ὑψηλὸν
3475 4481 3569 4533 καὶ
3599 4482 3776 4551 σωτή-

501 4572 709 4629 Christi
739 4575 1060 4637 consilium,
1097 4584 1157 4629 ut
1188 4573 1283 4630 Dei
1324 4589 1483 4645 Opus,
1516 4582 1576 4627 ut
1600 4574 1942 4628 humanitate
1972 4574 2087 4643 ple-

503 4679 659 4725 num,
694 4664 1082 4720 celebrabitur.
1138 4666 1218 4719 Ad
1256 4665 1404 4720 hunc
1433 4664 1655 4719 modum
1699 4664 1827 4717 nudi
1860 4664 2085 4719 demum

503 4756 775 4821 homines,
809 4757 1005 4827 Opibus
1046 4767 1101 4812 et
1131 4757 1486 4828 passionibus
1525 4756 1681 4811 vacui
1729 4756 1984 4821 terrenis,
2017 4757 2085 4811 ad

504 4848 806 4901 certamina
854 4849 1116 4904 athletica
1155 4864 1215 4903 se
1242 4857 1604 4918 componunt,
1640 4848 1693 4901 in
1726 4848 1859 4903 illud
1906 4849 2086 4904 solum

504 4948 687 4994 mente
718 4940 939 5005 intenti,
975 4951 1029 4996 et
1069 4957 1294 5011 scopum
1328 4940 1599 4994 directum
1630 4939 1912 5005 habentes,
1940 4941 2085 5010 quod

504 5027 675 5095 Paulo
720 5030 965 5085 dicitur:
1013 5031 1233 5100 «Cupio
1284 5030 1545 5095 dissolvi,
1590 5038 1646 5084 et
1694 5046 1818 5086 cum
1869 5031 2091 5088 Christo

507 5123 741 5177 essc"".
775 5142 793 5174 ι
850 5121 1005 5177 Unde
1056 5123 1197 5177 visio
1225 5132 1481 5192 paterna,
1532 5124 1586 5177 in
1636 5122 1843 5194 Spiritu
1895 5133 2090 5179 sancto

512 5212 664 5283 (felix
698 5216 922 5268 omnino
952 5214 1135 5283 visio),
1164 5213 1425 5283 perfecta,
1454 5223 1508 5268 et
1537 5215 1655 5270 sine
1682 5217 1904 5286 speculo
1934 5232 2089 5272 reve-

508 5306 640 5371 lata,
667 5315 721 5361 ct
765 5307 1014 5362 revelans
1051 5307 1322 5362 bonorum
1354 5308 1613 5377 primum,
1648 5318 1703 5365 et
1745 5310 2090 5366 desiderato-

582 5483 628 5517 "
649 5484 770 5538 Act.
804 5498 877 5547 ιν,
902 5483 993 5550 54,
1025 5483 1116 5539 55.
1195 5486 1259 5516 ⁷⁸·
1284 5484 1479 5556 Philip.
1514 5503 1553 5551 ι,
1587 5488 1679 5543 25.

2193 4586 2341 4639 ριον;
2375 4569 2486 4621 Καὶ
2514 4569 2622 4639 γὰρ
2654 4569 2770 4622 ὅσοι
2819 4570 2918 4640 τὴν
2969 4570 3221 4640 οὐράνιον
3268 4569 3565 4633 πολιτείαν,
3608 4571 3679 4625 δι’
3706 4568 3777 4625 ὧν

2192 4661 2400 4733 βιοῦσιν
2421 4663 2513 4715 ἐπὶ
2539 4662 2648 4732 γῆς,
2669 4662 3069 4733 ὑπογράφουσι,
3094 4662 3316 4725 τούτους
3337 4663 3422 4736 δὴ,
3442 4664 3668 4728 τούτους
3699 4665 3777 4719 ἓν·

2192 4770 2339 4807 εστιν
2387 4753 2520 4824 ὁρᾷν
2562 4752 2695 4806 αὐτὸ
2738 4754 2894 4806 τοῦτο
2940 4755 3181 4826 πρῶτον,
3227 4754 3499 4826 θεμέλιον,
3532 4751 3643 4810 οἷον
3684 4757 3779 4810 καὶ

2192 4845 2521 4916 ὑπόϐαθρον,
2562 4845 2642 4910 τὸ,
2681 4864 2699 4897 ι
2736 4841 3031 4918 Πωλήσατε
3066 4848 3133 4902 τὰ
3164 4848 3501 4919 ὑπάρχοντα,
3534 4850 3629 4902 καὶ
3658 4849 3775 4903 δότε

2194 4938 2587 5012 ἐλεημοσύνην,
2618 4958 2637 4990 ι
2671 4939 3171 5010 ὑποδαλλομὲνους·
3204 4941 3299 4995 καὶ
3320 4942 3462 4995 οὕτω
3488 4942 3586 5006 τὰς
3613 4942 3774 5005 ἄλλας

2197 5032 2398 5103 ἀρετὰς
2428 5030 2921 5101 ἐποικοδομοῦντας
2941 5048 2954 5061 ·
2989 5032 3067 5095 ώς
3099 5032 3225 5086 ἄνευ
3255 5033 3477 5101 ταύτης,
3507 5033 3773 5104 μηδεμιᾶς

2198 5124 2365 5194 ἄλλης
2402 5123 2703 5191 ὑφεστάναι
2730 5122 2987 5193 καθαρῶς
3019 5123 3249 5195 δύναμιν
3272 5124 3525 5194 ἐχούσης.
3552 5124 3642 5177 Διὸ
3664 5142 3771 5178 πωο

2198 5218 2416 5279 λοῦντες
2443 5215 2707 5287 πρότερον
2736 5215 2805 5268 τὰ
2840 5216 3175 5287 ὑπάρχοντα,
3218 5216 3312 5269 καὶ
3353 5216 3464 5278 τοῖς
3506 5215 3771 5285 δεομένοις

2197 5309 2564 5377 διανέμοντες,
2593 5305 2709 5368 πῶς
2739 5303 2805 5359 ἄν
2834 5321 2917 5369 τις
2942 5304 3103 5370 ἀξίως
3135 5304 3410 5375 εξυμνήσῃ
3434 5302 3494 5356 τὸ
3520 5305 3659 5357 θεῖον
3686 5301 3768 5356 καὶ
3793 5339 3799 5345 υ

1868 5644 2030 5701 VARI
2053 5644 2105 5697 Ε
2144 5641 2549 5701 LECTIONES.

552 5755 574 5799 ί
606 5757 694 5815 ῑσ.
740 5758 799 5826 ἐξ
848 5759 1082 5832 ἐκείνης.

509 5881 537 5899 ρ

1197 5764 1219 5803 ε
1245 5761 1306 5818 C.
1346 5760 1414 5817 Μ.
1446 5761 1506 5815 οὐ
1546 5760 1671 5830 μὴν.
