3880 6206
112 278 220 341 6'33

1150 271 1249 332 AD
1278 264 1873 329 AMPHILOCHIUM
1897 261 2244 335 QUIESTIO
2277 261 2407 322 CII.

3282 260 3391 326 634

115 380 445 456 θεουργικδν
485 379 580 434 καὶ
610 377 996 449 φιλάνθρωπον
1027 386 1124 447 της
1154 374 1567 447 παραινέσεωςς
1596 371 1704 425 0'6-
1732 405 1744 433 Α

1831 385 1934 425 ὐιῐι
1971 384 2251 425 summum
2292 367 2634 425 intuentibus
2665 369 2983 434 fruendum.
3009 382 3390 442 repraesentat.

111 496 193 532 τω
237 476 438 547 γνμνοὶ
492 473 679 529 λοιπὸν
730 475 826 527 καὶ
858 472 1160 545 χρημάτων
1190 472 1285 526 καὶ
1322 468 1702 543 προσπαθείας

112 569 285 640 ἄλλης
331 569 546 639 γηῖνης,
583 568 710 632 τοὺς
749 565 1084 637 ἀσκητικοὺς
1126 564 1323 628 ἄθλους
1358 563 1701 626 ὑποδύονται,

114 660 254 730 πρὸς
288 660 344 711 ἓν
371 660 532 729 μόνον
550 658 642 710 τὸν
670 655 792 710 νοῦν
820 654 1245 726 ἀνατεινόμενοι,
1272 656 1368 708 καὶ
1392 654 1488 725 τὴν
1519 653 1703 721 ἔφεσιν

113 752 358 820 ἔχοντες,
401 752 480 812 είς
523 749 587 802 τὸ
632 749 775 802 κατὰ
816 745 1053 810 Παῦλον,
1106 766 1125 798 ι
1157 747 1423 802 ἀναλῦσαι
1466 745 1563 799 καὶ
1608 744 1705 797 σὺν

116 842 343 913 Χριστῷ
387 837 547 896 εἶναι.
588 860 606 892 ι
648 842 724 893 Δι’
750 834 834 903 οὗ,
861 839 956 893 τοῦ
996 838 1212 909 Πατρδς
1255 840 1312 891 ἐν
1354 838 1495 908 ἁγίῳ
1537 835 1708 889 Ilvati-

120 952 253 1004 ματι
269 928 338 999 (ὦ
357 932 628 1004 μακαρίου
654 932 921 1002 θεάματος
942 933 954 986 !
974 929 995 1002 )
1017 933 1050 1001 ἠ
1070 930 1401 1001 τελειοτέρα,
1428 929 1521 983 καὶ
1538 928 1709 998 χωρῖς

116 1025 228 1078 τῶν
288 1026 570 1095 ἐσόπτρων
614 1024 838 1092 γνῶσις,
887 1020 1478 1092 συνανακαλυπτομένη
1512 1035 1572 1071 τε
1613 1016 1710 1070 καὶ

120 1118 686 1189 συναναστράπτουσα
723 1117 785 1170 τὸ
812 1117 1029 1188 πρῶτον
1063 1114 1267 1183 ἀγαθὸν
1300 1115 1381 1177 εἰς
1407 1111 1710 1166 ἀπόλαυσιν

116 1213 234 1274 τοῖς
265 1210 509 1272 θεαταῖς,
538 1209 635 1262 καὶ
666 1207 774 1262 τῶν
804 1207 1013 1277 ἐφετῶν
1051 1205 1336 1277 χαρίζεται
1375 1203 1435 1258 τὸ
1472 1203 1711 1274 ἀκρότα-

119 1320 236 1356 τον.
264 1304 423 1356 Οὕτω
450 1302 538 1370 δὴ,
569 1301 742 1364 οὕτως
774 1303 808 1371 ὴ
838 1300 1105 1370 σωτήριος
1138 1298 1274 1368 αὕτη
1301 1298 1394 1350 καλ⁸
1410 1293 1715 1366 Δεσποτικὴ

120 1393 315 1464 ἐντολὴ
340 1394 401 1446 οὐ
435 1392 667 1464 ῥηθῆναι
702 1391 862 1462 μόνον
897 1390 956 1444 τὸ
978 1388 1201 1458 εὔλογόν
1225 1405 1285 1441 τε
1308 1388 1402 1440 καὶ
1424 1385 1714 1440 ἀκόλουθον

121 1484 297 1556 πολλῇ
317 1485 547 1554 δυνάμει
573 1483 967 1537 συνδιεσὼσατο
991 1483 1136 1535 ἆπαν
1167 1465 1476 1550 μαχόμενον
1505 1478 1598 1531 καὶ
1628 1494 1720 1530 πο-

120 1576 315 1647 λεμεῖν
344 1575 583 1647 ἠρμένον
606 1573 926 1646 τρεψαμένη
956 1588 1017 1624 τε
1050 1570 1189 1625 κατὰ
1211 1569 1436 1640 κράτος,
1468 1569 1564 1622 καὶ
1588 1584 1719 1621 κατ·-

120 1664 430 1737 αισχύνασα
450 1680 463 1694 ο
496 1664 634 1718 ἀλλὰ
662 1665 756 1718 καὶ
782 1663 917 1716 πολύ
953 1678 1016 1730 γε
1050 1660 1212 1714 πλέον
1248 1659 1339 1712 τὸν
1384 1659 1576 1730 εἱρμὸν
1608 1657 1718 1710 τῶν

1804 463 1983 533 Atque
2017 462 2093 516 ita
2128 460 2443 517 Servatoris
2470 462 2683 516 Domini
2716 465 3062 527 mandatum,
3096 480 3204 519 non
3230 466 3395 521 modo

1805 554 1953 609 dictu
1998 552 2328 607 rationabile
2374 560 2426 606 et
2465 564 2814 624 consequens
2858 556 3078 610 videtur
3125 572 3246 612 esse
3274 596 3289 619 .
3342 564 3397 612 et

1805 646 1978 700 multa
2018 645 2251 699 veritate
2286 643 2562 709 fulcitum,
2608 646 2701 699 sed
2747 647 3015 718 quidquid
3061 649 3127 703 ad
3172 648 3395 718 opposi-

1808 747 1923 793 tum
1952 745 2242 808 repugnat,
2274 737 2428 807 l'ugat
2460 738 2803 806 pragvalendo
2846 748 2900 793 et
2944 741 3152 810 pudore
3184 741 3397 796 suﬁ‘un—

1808 829 1932 885 dit:
1965 828 2059 883 sed
2101 836 2155 884 ct
2185 827 2360 882 multo
2405 828 2582 898 magis
2615 828 2812 883 seriem
2844 831 3138 885 verborum
3172 841 3225 885 et
3269 847 3397 886 sen-

1809 919 2106 974 tentiarum
2132 934 2365 973 censura
2396 933 2652 984 vacuam,
2676 935 2773 989 per
2798 922 3144 991 Operationes
3166 922 3398 978 eximias

1810 1020 1865 1067 et
1893 1010 2312 1066 subsistentiam
2343 1010 2658 1065 universam
2690 1012 2794 1065 sub
2826 1013 2940 1067 snle
2966 1013 3403 1068 consummatio-

1812 1120 1928 1160 rcm
1959 1114 2012 1159 et
2042 1104 2513 1159 admirabiliorem
2546 1105 2809 1169 ostendit,
2840 1115 3003 1176 atque
3029 1107 3173 1160 ultra
3206 1106 3316 1160 vim
3348 1115 3403 1161 et

1813 1205 2072 1267 naturam
2118 1195 2584 1266 epicherematum
2618 1237 2636 1262 ,
2686 1196 2761 1249 ita
2807 1205 2868 1250 ut
2914 1197 3179 1251 audentes
3226 1197 3401 1266 ipsam

1814 1270 2024 1342 violare
2085 1288 2325 1343 dedecus
2383 1302 2511 1341 cum
2573 1287 2783 1358 pudore
2858 1290 3045 1345 subire
3103 1289 3401 1359 coegerint.

1816 1380 1991 1449 Atque
2031 1380 2148 1435 hzec
2184 1381 2471 1447 hactenus,
2506 1396 2574 1435 ex
2619 1381 2687 1436 iis
2722 1398 2845 1452 qua:
2873 1383 3077 1438 oblivio
3115 1399 3223 1439 non
3263 1399 3405 1453 prae-

1816 1474 1985 1537 venit,
2012 1481 2202 1528 contra
2226 1472 2503 1529 lulianum
2527 1475 2850 1544 Apostotam
2886 1477 3137 1546 nequiter
3160 1485 3213 1533 ct
3239 1476 3409 1545 impie

1821 1571 2012 1616 contra
2039 1564 2330 1617 veritatem
2371 1564 2791 1633 insolescentem
2837 1564 2985 1619 dicta
3027 1574 3214 1619 sunto.
3258 1562 3406 1626 Tibi,

1821 1654 2065 1709 discendi
2095 1657 2321 1726 cupido,
2352 1666 2406 1711 et
2437 1656 2620 1711 divina
2651 1657 2899 1723 oracula,
2935 1667 2993 1711 ut
3015 1657 3216 1712 divinis
3244 1656 3411 1711 rebus

120 1757 324 1826 λόγων,
349 1757 561 1828 καὶτῆς
585 1754 810 1826 γνώμης
835 1755 897 1807 τὸ
925 1753 1310 1823 ἀνεπίληπτον,
1337 1749 1426 1803 διὰ
1451 1748 1552 1818 τῆς
1575 1747 1716 1802 κατὰ

1831 1750 2104 1812 convenit,
2140 1750 2357 1812 edocto,
2390 1751 2557 1805 etiam
2588 1765 2764 1819 pauca
2806 1766 2837 1805 e
2873 1750 3057 1817 dictis,
3095 1748 3230 1815 scio,
3259 1746 3411 1803 sum-

119 1852 228 1912 τὰς
303 1847 588 1920 ἐνεργείας
678 1844 1037 1917 περιφανείας
1108 1861 1167 1896 τε
1257 1842 1350 1895 καὶ
1431 1839 1717 1910 ὑπάρξεως

1831 1839 1973 1895 cient
2000 1840 2068 1913 ad
2099 1841 2424 1910 quwstionis
2457 1841 2812 1897 solutionem.

119 1941 227 2011 τῆς
274 1942 377 1995 ἀνὰ
425 1943 603 1995 πᾶσαν
647 1940 746 2012 τὴν
790 1937 881 2007 ὑφ’
934 1938 1070 2011 ἡλίῳ
1120 1934 1495 2007 ἐντελεστερόν
1533 1951 1589 1986 τε
1628 1932 1726 1986 καὶ
1757 1932 2209 2004 θαυμασιώτερον
2240 1934 2574 2000 ἐπεδείξατο,
2607 1935 2701 1988 καὶ
2745 1938 2993 2005 κρεῖττον
3025 1935 3056 2004 ἢ
3090 1934 3212 1988 κατ’
3256 1930 3412 2002 ἰσχύν

119 2049 180 2085 τε
230 2033 325 2085 καὶ
361 2031 522 2101 φύσιν
550 2032 1025 2103 ἐπιχειρημάτων,
1048 2028 1175 2093 τοὺς
1206 2027 1614 2099 τετολμηκότας
1649 2026 1820 2097 αὐτὴν
1859 2026 2165 2098 ἐξυϐρίζειν
2204 2027 2303 2099 τῆς
2337 2027 2688 2099 μηχανούσης
2713 2028 2976 2099 αἰσχύνης
3001 2027 3060 2080 τὸ
3092 2025 3419 2098 σκυθρωπὸν

120 2126 379 2179 ὑπελθεῖν
419 2124 669 2197 ἐρύθημα
704 2126 1106 2198 κατεπράξατο.
1155 2124 1324 2179 Ἀλλὰ
1359 2122 1602 2177 τοσαῦτα
1638 2122 1760 2192 μὲν,
1808 2121 1868 2188 ἐξ
1894 2115 1968 2175 ὧν
2017 2125 2050 2194 ὴ
2098 2122 2238 2194 λήθη
2273 2127 2349 2194 μὴ
2384 2124 2764 2195 προκατέλασε
2800 2124 2953 2195 πρὸς
2986 2122 3278 2176 Ἰουλιανδν
3315 2120 3409 2173 τὸν

132 2218 479 2290 Ἀποστάτην
506 2220 919 2292 κακουργοῦντά
945 2236 1005 2272 τε
1030 2220 1125 2273 καὶ
1156 2217 1298 2273 κατὰ
1332 2218 1429 2289 τῆς
1462 2217 1747 2281 εὐσεϐείας
1780 2217 1937 2287 ἡμῶν
1969 2217 2372 2288 θρασυνόμενον
2401 2220 2642 2290 εἴρηται.
2667 2219 2758 2271 Σοὶ
2792 2218 2849 2271 δὲ
2873 2216 3286 2288 φιλομαθοῦντι,
3314 2215 3411 2269 καὶ

126 2312 182 2366 rb
208 2311 365 2368 Θεῖον
394 2313 716 2385 θεοπρεπῶς
738 2312 1072 2385 ὀργιάζοντι,
1100 2313 1195 2367 καὶ
1223 2312 1383 2381 ὀλίγα
1408 2311 1518 2366 τῶν
1546 2311 1859 2383 εἰρημένων
1920 2310 2243 2383 ἐξαρκέσειν
2267 2305 2423 2383 οἶμαι
2450 2310 2587 2384 πρὸς
2611 2312 2710 2381 τὴν
2749 2312 2848 2382 τῆς
2883 2312 3116 2379 ἀπορίας
3144 2308 3417 2364 ἐπίλυσιν.

675 2426 1011 2480 ΕΡΩΤΗΣΙΣ
1041 2427 1164 2483 ΡΒ’.

563 2570 569 2576 .
629 2518 695 2574 Τι
715 2519 897 2589 δηλοῖ
921 2519 988 2573 τὸ
1014 2520 1243 2590 ἐφούδ;

1865 2424 2194 2492 ΩΠᾹΞΒΤΙΟ
2225 2422 2335 2481 Cll.
2395 2424 2581 2497 [(ῖοὶδι.
2620 2422 2872 2480 CCLXV.
2935 2424 3100 2480 Taur.
3132 2420 3383 2493 CCLVI.]

2289 2517 2432 2583 Quid
2461 2518 2719 2588 signiﬁcet
2740 2517 2905 2587 eplwd
2929 2517 2954 2569 Ξ)

972 2637 1116 2688 Edita
1141 2652 1169 2688 a
1195 2638 1517 2702 Montacutio,
1549 2653 1632 2703 ep.
1660 2640 1773 2701 192,
1792 2638 1858 2689 ad
1880 2635 2202 2697 Galatonem.,
2224 2650 2271 2698 p.
2306 2636 2536 2685 291-292.

194 2737 274 2791 Τὸ
305 2738 488 2807 ἐφοὺδ,
521 2739 649 2809 περὶ
675 2731 737 2792 οὗ
766 2737 965 2805 μαθεῖν
996 2738 1423 2811 περιεζήτησας,
1457 2741 1583 2813 τρία
1617 2759 1718 2813 ση-

126 2832 367 2901 μαίνειν,
398 2829 458 2895 ἐξ
486 2823 560 2884 ὧν
591 2831 932 2902 ἀνέγνωμεν,
961 2832 1224 2903 εὖρομενο
1260 2832 1319 2886 ἒν
1351 2834 1473 2904 μὲν,
1506 2835 1607 2904 τὴν
1639 2837 1716 2887 ἱε-

128 2923 364 2995 ρατικὴν
398 2926 492 2978 καὶ
527 2924 690 2992 ἁγίαν
723 2925 937 2995 στολὴν,
1035 2926 1337 2997 κεχρῆσθαι
1370 2926 1591 2996 θεμιτὸν
1619 2927 1719 2979 οὐκ

1899 2738 2046 2793 inter
2105 2738 2393 2807 legendum
2448 2739 2869 2794 observavunus
2923 2738 3123 2808 ephod,
3186 2737 3252 2792 de
3308 2736 3418 2807 qua

1821 2848 1957 2887 voce
1990 2832 2320 2898 interrogas,
2359 2830 2465 2884 tria
2501 2830 2855 2900 signiﬁcare:
2888 2830 3162 2900 imprimis
3197 2845 3417 2885 sacram

1826 2933 1881 2978 ct
1907 2922 2281 2994 pontiﬁcalem
2338 2922 2559 2985 Stolam,
2613 2936 2723 2991 qua
2777 2922 2854 2975 uti
2899 2922 3035 2976 nulli
3089 2923 3263 2985 licuit,
3311 2921 3420 2977 nisi

125 3014 221 3086 ἦν,
254 3017 373 3071 ἁλλ’
402 3016 435 3087 ἦ
464 3019 573 3080 τοῖς
608 3017 813 3087 ἱερεῦσι
845 3018 1047 3088 μόνοις.
1105 3018 1388 3090 Ἐδηλοῦτο
1424 3019 1481 3072 δὲ
1510 3019 1576 3071 δι’
1613 3019 1715 3071 αὑ-

1831 3014 2119 3071 sacerdoti.
2154 3014 2247 3068 Illa
2282 3013 2700 3084 signiﬁcabatur
2733 3014 2878 3083 quod
2911 3014 3179 3083 agendum
3215 3022 3333 3068 erat
3363 3015 3418 3068 in

126 3108 234 3177 τῆς
270 3108 333 3161 τὸ
363 3108 655 3179 πρακτέον,
691 3111 775 3179 ἐφ’
810 3103 887 3162 ὦν
922 3110 1239 3182 ἀνθρωπίνη
1276 3110 1460 3181 κρίσις
1489 3110 1549 3163 τὸ
1580 3127 1721 3179 συμ-

128 3196 301 3267 φέρον
332 3197 459 3249 ίδεῖν
508 3196 808 3267 ἐξησθένει,
838 3192 950 3252 οἷον
996 3200 1306 3270 ἐκεχειρίαν
1342 3199 1531 3252 θέσθαι
1566 3199 1726 3252 πολε-

132 3287 305 3358 μίοις,
341 3288 377 3357 ἢ
411 3288 489 3357 τῷ
514 3288 699 3358 δόρατι
730 3290 828 3361 τὴν
858 3290 953 3344 τοῦ
985 3291 1222 3361 πολέμου
1275 3284 1459 3360 κρίσιν
1500 3290 1724 3362 ἐπιτρέ-

129 3376 258 3446 ψαι,
289 3377 382 3431 καὶ
407 3377 461 3430 εί
483 3395 535 3431 τι
566 3378 693 3432 ἄλλο
720 3380 1125 3452 παραπλήσιον.
1168 3380 1330 3434 Ἀλλὰ
1363 3381 1580 3453 πρῶτον
1629 3380 1731 3451 μὲν

134 3467 543 3537 σημαινόμενον
570 3468 665 3521 τοῦ
702 3470 866 3539 ἐφοὺδ
892 3469 1073 3524 τοῦτο.
1118 3471 1349 3541 Ἕτερον
1390 3472 1449 3525 δὲ
1489 3471 1730 3543 σχήματί

135 3575 262 3621 πως
285 3558 364 3629 τῷ
393 3559 668 3631 εἰρημένῳ
699 3560 1014 3632 παρεοικὸς,
1036 3562 1214 3616 κοινὸν
1242 3563 1318 3626 δὲ,
1348 3563 1440 3616 καὶ
1462 3565 1561 3634 οὐχ
1586 3565 1733 3633 ἱερα-

134 3650 329 3703 τικόν’
387 3650 417 3702 ὃ
464 3653 716 3719 φαίνεται
765 3654 860 3706 καὶ
908 3654 1073 3707 Δαϐὶδ
1114 3654 1546 3724 ἀμπισχόμενος.
1610 3655 1733 3707 Ἐπὶ

136 3743 251 3815 γὰρ
276 3742 463 3810 Δαὸὶδ,
501 3744 687 3814 φησὶν,
727 3746 921 3814 Ἐφοὺδ
952 3746 1132 3816 μόνον’
1161 3746 1333 3800 ὃένιοι
1366 3746 1590 3819 (βύσσου
1625 3749 1734 3818 γὰρ

135 3837 473 3906 ἐπεποίητο·
508 3837 673 3905 φυτὸν
706 3838 762 3891 δέ
791 3840 824 3910 ἡ
860 3837 1081 3910 βύσσος)
1138 3840 1331 3909 στολὴν
1365 3842 1431 3893 ἐκ
1472 3841 1573 3912 τῆς
1603 3840 1736 3912 ὕλης

137 3927 435 3997 ὠνόμασαν
480 3926 739 4000 βυσσίνην
763 3946 778 3962 ο
812 3931 863 3982 οἰ
912 3929 969 3982 δὲ
1019 3930 1097 4001 τῷ
1126 3931 1313 4002 τρόπῳ
1358 3934 1458 4002 τῆς
1486 3932 1736 4003 χρήσεως

137 4020 246 4089 τὴν
287 4020 502 4087 γένεσιν
534 4022 773 4084 διδόντες
802 4022 895 4076 τοῦ
937 4022 1200 4094 ὀνόματος
1235 4024 1483 4095 ἐπωμίδα
1533 4041 1594 4078 τε
1642 4025 1737 4077 καὶ

139 4112 445 4182 ἐπένδυμα.
501 4115 657 4185 Παρὰ
705 4115 763 4168 δὲ
804 4114 1016 4182 ταῦτα,
1074 4116 1187 4170 ἔστι
1231 4118 1327 4170 καίΙ
1369 4117 1553 4189 τρίτον
1609 4117 1737 4170 ίδεῖν

143 4205 573 4276 σημαινόμενον.
607 4207 671 4260 Oi
701 4208 810 4279 γὰρ
831 4208 938 4261 τῶν
960 4207 1193 4262 εἰδώλων
1216 4210 1571 4281 θεραπευταὶ,
1596 4210 1739 4264 κατὰ

144 4299 387 4368 μίμησιν
416 4298 524 4351 τῶν
558 4298 750 4370 ἱερέων
778 4299 873 4352 τοῦ
895 4299 1053 4366 Θεοῦ,
1077 4304 1190 4365 τοῖς
1212 4301 1364 4371 σφῶν
1388 4301 1594 4373 ἱερεῦσι
1620 4320 1739 4356 στοι-

1829 3110 1900 3163 iis
1924 3109 2113 3171 rebus,
2160 3123 2271 3177 quo
2302 3108 2592 3162 consilium
2632 3107 2931 3160 humanum
2966 3107 3276 3177 pertingere
3307 3123 3418 3161 non

1829 3209 2067 3273 poterat,
2101 3216 2315 3270 nempe,
2355 3216 2423 3254 an
2457 3216 2486 3254 a
2519 3199 2676 3254 bellis
2700 3198 3027 3254 cessandum
3052 3240 3067 3265 ,
3121 3214 3189 3253 an
3230 3200 3422 3269 prtelio

1831 3306 1948 3349 erat
1972 3294 2390 3361 decertandum,
2418 3302 2472 3346 et
2524 3292 2770 3346 similia?
2830 3291 2896 3346 Et
2932 3292 3048 3346 haec
3108 3293 3424 3363 principalis

1831 3384 2013 3455 ephod
2035 3383 2385 3453 signiﬁcatio.
2420 3381 2695 3449 Secunda,
2728 3383 3061 3453 praecedenti
3090 3383 3203 3438 fere
3230 3385 3422 3439 eadem

1832 3485 1953 3532 erat
1982 3475 2157 3530 forma
2182 3475 2392 3543 ephod,
2420 3491 2556 3530 usus
2584 3475 2915 3541 communis,
2946 3486 3001 3529 et
3029 3491 3138 3529 non
3167 3477 3427 3531 sacerdo-

1838 3572 1962 3628 talis
2010 3589 2024 3626 :
2088 3585 2154 3625 eo
2208 3571 2444 3625 amictus
2519 3570 2737 3625 videtur
2791 3569 2995 3637 David;
3059 3571 3136 3625 ait
3202 3572 3353 3626 enim
3407 3589 3422 3625 :

1834 3661 2024 3732 Ephod
2072 3670 2193 3717 erat
2259 3676 2427 3732 super
2464 3662 2654 3726 David,
2693 3663 2837 3732 quod
2892 3678 2923 3717 e
2988 3662 3153 3733 bysso
3189 3663 3351 3717 ﬁebat
3381 3664 3426 3695 ⁷⁸

1816 3759 1981 3827 (erat
2032 3764 2215 3809 autem
2272 3754 2468 3824 byssus
2527 3754 2766 3825 planta)‘;
2830 3754 3027 3808 stolam
3063 3769 3131 3809 ex
3186 3754 3278 3809 illa
3306 3769 3427 3808 ma-

1838 3848 1978 3904 teria
2031 3846 2336 3902 confectam
2379 3846 2659 3916 byssinam
2706 3846 3069 3901 nominabant
3129 3863 3144 3901 :
3211 3855 3267 3900 at
3324 3848 3419 3918 qui

1838 3939 2080 3994 nominis
2110 3937 2404 4010 originem,
2442 3953 2575 3994 usus
2605 3939 2770 3994 modo
2795 3947 2848 3993 et
2888 3938 3082 3993 formae
3118 3939 3425 4006 ascribunt,

1842 4040 2043 4088 vocant
2069 4030 2347 4102 epomida,
2379 4039 2435 4085 et
2459 4032 2790 4101 ependuma.
2844 4030 2940 4086 Est
2970 4040 3021 4086 et
3054 4032 3215 4085 tertia
3247 4031 3430 4085 adhuc

1840 4125 1989 4181 illius
2020 4125 2351 4196 signilieatio
2392 4143 2405 4179 :
2470 4124 2745 4179 idolorum
2784 4125 3047 4189 cnltores,
3082 4125 3137 4179 in
3163 4116 3427 4180 imitatio-

1843 4230 1965 4270 nem
2001 4216 2348 4270 sacer-datum
2388 4213 2507 4279 Dei,
2557 4214 2934 4270 sacerdotibus
2963 4213 3129 4266 etiam
3161 4212 3277 4268 suis
3317 4223 3431 4267 sto-

1842 4308 1924 4364 las
1982 4307 2493 4379 appropriaverunt,
2548 4317 2819 4362 texturam
2867 4323 3057 4361 earum
3113 4308 3169 4361 in
3201 4306 3429 4378 ﬁguram

141 4390 247 4453 λὰς
270 4390 664 4461 ἀφωρισμένας
702 4391 943 4446 ἐτίθεντο
974 4394 1054 4457 εἰς
1092 4394 1279 4465 σχῆμα
1322 4394 1417 4447 τοῦ
1456 4395 1641 4465 ἐφοὺδ,
1676 4396 1737 4449 τὸ

1843 4401 2023 4471 ephod
2062 4398 2498 4461 conformantes,
2546 4414 2661 4452 rem
2701 4414 2919 4469 quoque
2959 4400 3132 4468 ipsam
3164 4408 3433 4454 vocarunt

143 4481 381 4553 ὕφασμα
410 4484 866 4555 περιγράφοντες,
898 4485 992 4539 καὶ
1013 4485 1111 4557 τὴν
1142 4487 1335 4558 κλῆσιν
1363 4487 1573 4541 ἐκεῖθεν
1604 4487 1735 4559 μεθ-

142 4574 423 4642 έλκοντες,
453 4576 619 4645 ἐφοὺδ
650 4578 742 4631 καὶ
763 4577 897 4631 αὐτὸ
929 4578 1359 4649 προσηγόρευον.
1407 4580 1736 4653 Ἐκὲχρηντό

142 4685 209 4720 τε
256 4667 340 4738 τῷ
380 4669 683 4740 μιμήματι,
716 4670 783 4724 δι’
807 4670 975 4725 αὑτοῦ
1002 4670 1071 4725 τὰ
1102 4671 1387 4743 δαιμόνιαο
1433 4673 1528 4727 καὶ
1580 4672 1737 4726 αὐτοὶ

146 4760 539 4830 ἐπερωτῶντες
574 4763 655 4826 είς
686 4763 784 4833 τὴν
818 4762 926 4817 τῶν
956 4764 1245 4834 πρακτέων
1282 4763 1610 4834 κατάληψιν,
1646 4763 1743 4818 καὶ

148 4856 342 4911 καινὸν
395 4855 576 4909 οὐδέν·
612 4855 802 4927 ῶσπερ
849 4856 958 4927 γὰρ
1006 4858 1089 4923 τὸ,
1134 4857 1287 4922 Θεὸς,
1323 4857 1515 4928 ὄνομα,
1548 4858 1644 4911 καὶ
1680 4857 1742 4911 τὸ

148 4947 370 5018 ἀληθῶς
401 4946 476 5019 [c.'
511 4947 614 5020 ιιι]
638 4948 769 5003 ὄντα
809 4950 1085 5021 σημαίνει,
1118 4950 1343 5021 ἐφέρετο
1373 4950 1431 5005 δὲ
1460 4951 1556 5004 καὶ
1597 4950 1740 5005 κατὰ

148 5039 262 5093 τῶν
288 5039 661 5110 ψευδωνύμων
688 5041 982 5111 δαιμονίων
1005 5059 1020 5074 θ
1049 5041 1192 5095 οὕτω
1220 5042 1314 5096 καὶ
1349 5042 1412 5095 τὸ
1452 5042 1615 5111 ἐφοὺδ
1661 5045 1742 5106 εἰς

149 5130 388 5202 διάφορα
417 5131 704 5202 διαιρεῖται
741 5134 1137 5204 σημαινόμενα.
1171 5134 1245 5188 Οὐ
1266 5134 1346 5199 τὸ,
1376 5134 1530 5199 Θεὸς,
1559 5134 1617 5187 δέ
1648 5135 1742 5205 μό-

150 5238 243 5273 νον
277 5222 452 5291 ὄνομα
487 5222 622 5293 πρὸς
641 5223 899 5276 τάναντία
935 5224 1238 5295 μερίζεται,
1273 5224 1409 5279 ἀλλὰ
1436 5224 1531 5278 καὶ
1555 5223 1618 5276 τὺ
1645 5226 1740 5276 Ὃν

153 5314 254 5367 καὶ
284 5314 348 5366 τὸ
380 5314 679 5385 κάδδησιμ’
710 5315 917 5369 τούτων
945 5317 1053 5388 γὰρ
1083 5317 1364 5388 ἑκάτερον,
1395 5317 1487 5369 καὶ
1518 5316 1611 5369 τὸν
1640 5333 1739 5368 κυ-

1842 4490 2042 4561 cphod.
2091 4488 2251 4544 Hanc
2289 4488 2651 4543 imitationem
2702 4487 3073 4544 adhibuerunt
3101 4489 3427 4544 daemones:

1842 4582 1935 4652 qui
1970 4581 2107 4636 nihil
2131 4580 2255 4635 novi
2281 4581 2346 4634 ad
2372 4594 2488 4635 rem
2522 4579 2935 4650 intelligendam
2980 4580 3331 4636 attulerunt:
3369 4587 3432 4635 ut

1841 4690 2065 4739 nomen,
2088 4675 2253 4741 Deus,
2278 4687 2408 4728 vere
2435 4672 2791 4729 exsistentem
2824 4674 3115 4745 signiﬁcat,
3144 4682 3199 4728 at
3224 4674 3291 4729 dc
3314 4673 3428 4729 daa-

1844 4767 2104 4823 monibus
2154 4765 2310 4822 falsis
2363 4763 2472 4821 diis
2527 4775 2871 4835 usurpatur,
2925 4766 3008 4821 sic
3057 4774 3112 4821 et
3153 4766 3331 4835 epltod
3374 4766 3428 4820 in

1851 4859 2004 4914 varia
2055 4858 2360 4928 signiﬁcata
2423 4859 2792 4914 distribuitur.
2839 4857 3027 4929 Neque
3051 4857 3425 4925 nomeuillud,

1844 4946 2008 5012 Deus,
2042 4955 2258 5001 tantum
2299 4947 2353 5001 in
2404 4948 2771 5018 discrepantia
2822 4946 3105 5011 dividitur,
3151 4948 3245 5001 sed
3278 4946 3340 5000 όν
3374 4954 3431 5001 et

1843 5039 2120 5111 κάδδησιμ
2173 5048 2404 5109 utraque
2456 5055 2583 5104 vox,
2642 5049 2694 5094 ct
2725 5039 2947 5110 preprie
2977 5054 3098 5106 ens,
3121 5049 3180 5094 et
3210 5037 3432 5108 proprie

1845 5143 2097 5188 sanctum
2158 5132 2434 5202 signiﬁcat
2467 5150 2479 5185 :
2536 5142 2591 5187 et
2634 5146 2745 5186 non
2775 5131 2935 5186 aliter
2968 5146 3132 5201 quam
3163 5128 3363 5200 ephod,
3393 5143 3427 5183 a

1854 5224 2218 5279 servientibus
2244 5224 2532 5279 daemoniis
2576 5224 2645 5279 ad
2694 5226 2959 5280 honorem
2987 5238 3177 5279 eorum
3209 5223 3300 5291 qui
3334 5237 3429 5276 co-

1851 5316 2040 5370 luntur
2066 5315 2329 5370 trahitur.
2365 5314 2445 5369 Tu
2477 5324 2661 5370 autem
2700 5331 2929 5387 corpore
2967 5326 3020 5371 et
3045 5316 3225 5369 anima
3286 5316 3423 5368 vale.

158 5411 290 5480 ρίως
320 5412 450 5465 ὅντα
469 5452 484 5477 ,
545 5414 638 5465 καὶ
699 5413 908 5483 κυρίως
935 5414 1110 5483 ὅιγιον,
1164 5414 1346 5484 δηλοῖ·
1375 5413 1471 5469 καὶ
1498 5415 1610 5475 τοῖς
1648 5412 1968 5482 λατρευταῖς
2002 5410 2111 5465 τῶν
2153 5411 2449 5482 δαιμόνων,
2483 5413 2580 5466 ἐπὶ
2607 5416 2740 5484 τιμῇ
2765 5415 2875 5465 τῶν
2898 5411 3111 5467 οἰκείων
3143 5408 3432 5480 σεδασμά-

155 5515 289 5567 των,
319 5499 444 5553 καθ’
463 5500 521 5553 ὃν
547 5500 611 5572 δὴ
669 5502 869 5572 τρόπον
936 5503 1032 5557 καὶ
1092 5503 1155 5557 τὸ
1193 5503 1377 5574 ἐφοὺδ,
1442 5504 1856 5575 μετενήνεκται.
1893 5502 1965 5555 Σὺ
1993 5501 2051 5555 δέ
2083 5518 2176 5573 μοι
2203 5501 2350 5575 ψυχῇ
2376 5503 2468 5557 καὶ
2496 5504 2707 5575 σώματι
2731 5504 2958 5575 ἔρρωσο.

234 5707 280 5741 ⁷³
302 5706 342 5763 ιι
363 5706 541 5764 Paral.
579 5726 664 5778 xv,
698 5711 766 5764 ‘27
