3880 6206
501 267 606 332 635

503 472 784 539 Quomodo
826 484 929 521 non
975 474 1052 520 est
1108 465 1434 518 contrarium
1638 479 1656 516 :
1684 480 1702 512 ι
1727 461 1953 539 Oculum
1983 478 2078 539 pro

573 541 724 595 oculo
755 547 805 594 et
833 539 1040 592 dentem
1084 552 1178 603 pro
1229 539 1399 597 dente,
1431 553 1450 586 ι
1482 534 1563 586 illi
1589 533 1860 586 sententia’
1893 548 1912 586 :
1956 553 1972 582 ι
2017 531 2077 585 Si

573 612 691 680 quis
721 619 771 663 te
800 608 1116 680 percusserit
1148 607 1200 658 in
1232 622 1392 658 unam
1416 604 1720 668 maxillam,
1751 605 1958 672 porrige
1994 603 2075 655 illi

575 675 623 734 et
661 675 888 734 atterunt
931 675 1066 748 (20).
1114 694 1133 727 ι

1655 249 1919 317 ΡΗΟΤῙΙ
1947 246 2454 315 PATRIARCH/E
2491 253 2601 314 ΟΡ.

539 367 872 446 ρυᾹΞΒΤΙΟ
901 373 1013 430 Clll
1066 371 1254 445 [σοῖσι.
1285 369 1537 427 CCLXV’I
1570 369 1734 424 Taur.
1767 369 2041 440 CCLVII].
2109 375 2155 430 Λ

3660 250 3763 312 655

2728 362 3064 418 ΕΡΩΤΠΣΙΣ
3096 363 3209 417 PI".

2166 432 2318 524 ’Πῶς
2363 459 2475 512 οὐκ
2535 456 2707 509 ἔστιν
2753 455 3035 508 ἐναντίον
3075 455 3142 506 τὸ
3199 474 3217 506 ι
3247 453 3584 523 Ὀφθαλμὸν
3637 452 3767 506 ἀντὶ

2258 527 2570 598 ὀφθαλμοῦ
2627 525 2750 598 acati
2782 525 3008 598 ὀδόντα.
3055 524 3188 598 ἀντὶ
3244 524 3513 598 ῥδρντος,
3563 541 3583 575 ι
3623 531 3771 598 πριλς

2256 595 2343 662 τι),
2366 617 2382 648 ι
2397 599 2598 662 Ὅστις
2629 596 2965 668 σεραπίσει
2985 595 3084 647 ἐπὶ
3109 595 3228 668 τὴν
3250 595 3459 660 δεξιὰν
3478 595 3758 660 σιαγόνα,

2258 668 2529 737 στρέψον
2565 665 2663 719 καὶ
2692 668 2808 733 τὴν
2836 666 3058 731 ἄλλην.
3108 665 3126 717 δ

1174 787 1316 838 Edita
1339 800 1366 835 a
1393 783 1709 845 Montacutio,
1735 797 1814 846 ep.
1846 783 1954 841 196,
1979 782 2044 832 ad
2070 785 2090 834 ί

2202 784 2336 840 tant,
2364 791 2414 840 p.
2438 777 2547 827 29L.
2576 775 2630 825 In
2656 776 2828 826 Matth.
2854 789 2901 834 γ,
2923 777 3001 834 58,
3023 775 3102 825 59.

574 900 685 954 Lex
741 897 833 952 illa
876 911 982 966 qua
1019 894 1360 967 praecipitur,
1399 911 1418 944 ι
1459 891 1666 947 Oculus
1689 909 1788 962 pro
1815 893 1998 958 oculo,
2033 901 2085 947 et

503 991 640 1044 dens
679 1003 777 1058 pro
809 988 970 1041 dente
1009 1004 1056 1052 ι,
1089 1000 1198 1039 non
1237 986 1571 1049 adversatur,
1601 992 1662 1038 ut
1686 985 1924 1054 imperiti
1960 984 2082 1054 qui-

502 1082 628 1135 dam
661 1079 1019 1140 arbitrantur,
1048 1078 1145 1138 illi,
1181 1094 1199 1126 ι
1245 1075 1300 1129 Si
1334 1076 1460 1146 quis
1507 1083 1558 1128 te
1588 1076 1640 1128 in
1675 1091 1839 1130 unam
1878 1076 2079 1129 malam

503 1174 857 1243 percusserit,
890 1173 1113 1227 obverte
1167 1169 1242 1222 illi
1285 1178 1340 1222 et
1378 1169 1658 1230 alteram,»
1695 1177 1750 1223 et
1793 1182 1914 1237 quae
1955 1177 2083 1223 sunt

503 1264 626 1336 ejus
664 1265 900 1335 generis.
943 1263 1067 1318 Haec
1096 1264 1241 1318 enim
1279 1261 1519 1330 judicem
1556 1270 1701 1315 recte
1725 1260 1992 1329 disponit,
2027 1270 2082 1314 et

504 1357 620 1424 lege
650 1357 756 1411 lata
788 1357 1041 1420 intendit,
1073 1364 1131 1411 ut
1161 1353 1487 1426 impartialis
1518 1353 1588 1408 sit
1616 1367 1744 1422 erga
1785 1353 2080 1422 litigantes,

2266 890 2381 942 Οὐκ
2410 886 2558 940 ἔστιν
2582 887 2846 946 ἐναντίον,
2879 885 2954 946 ὡς
2988 884 3135 951 ἔδοξέ
3165 902 3278 938 τισι
3307 885 3416 938 τῶν
3455 885 3529 956 μὴ
3563 903 3775 956 σωφρο-

2189 979 2446 1042 νούντων,
2484 980 2540 1049 ἡ,
2583 998 2600 1029 ι
2650 977 2962 1047 Ὀφθαλμὸν
2997 978 3118 1029 ἀντὶ
3146 976 3451 1048 ὀφθαλμοῦ,
3475 979 3569 1030 καὶ
3590 979 3775 1030 ὀδόντα

2188 1074 2307 1127 ἀντὶ
2327 1073 2560 1136 ὀδόντος,
2587 1091 2603 1123 ι
2640 1071 2966 1141 ζημιοῦσθαι
3007 1073 3428 1142 προστάσσουσα
3464 1072 3775 1141 νομοθεσία,

2190 1166 2326 1233 πρὸς
2359 1167 2458 1233 τὴν
2476 1163 2709 1234 ,γνώμην
2727 1179 2740 1191 ο
2770 1163 2994 1226 «Ὅστις
3021 1179 3080 1214 σε
3101 1161 3329 1233 ραπίσει
3361 1163 3455 1215 ἐπὶ
3472 1163 3570 1232 τὴν
3598 1162 3778 1225 δεξιὰν

2192 1251 2436 1317 σιαγόνα,
2486 1249 2718 1320 στρέψον
2774 1249 2925 1320 αὐτῷ
2965 1251 3054 1303 και1
3090 1249 3189 1318 τὴν
3229 1251 3419 1320 ἄλλην,
3462 1270 3479 1301 ι
3517 1253 3609 1304 καὶ
3664 1252 3778 1303 ὅσαι

2189 1342 2363 1412 ταύτῃ
2417 1340 2902 1412 παραπλήσιοι.Ἱι
2943 1340 3044 1410 μὲν
3074 1341 3182 1412 γὰρ
3223 1342 3312 1393 τὸν
3353 1342 3549 1412 κριτὴν
3579 1342 3781 1411 ῥυθμί-

503 1456 558 1502 et
588 1449 844 1518 injuriam
895 1464 1058 1519 passo
1099 1458 1159 1503 ut
1204 1447 1458 1512 satisfiat,
1511 1445 1604 1514 qui
1656 1459 1874 1514 pinnam
1909 1445 2085 1514 poscit

2202 1432 2295 1500 ζει,
2350 1435 2443 1486 καὶ
2478 1433 2614 1500 πρὸς
2671 1434 2835 1486 αὐτὸν
2882 1436 3254 1498 ἀποτείνεται,
3285 1432 3587 1486 ἀδέκαστον
3617 1435 3782 1486 αὑτὸν

504 1540 854 1610 inﬂigendam
913 1541 1170 1595 allicienti
1218 1541 1444 1610 injuria.
1483 1538 1668 1591 Altera
1699 1551 1801 1590 nec
1835 1535 2080 1604 judicent

502 1632 745 1702 respicit,
779 1648 954 1703 neque
997 1633 1083 1688 lex
1106 1643 1222 1698 cst;
1258 1633 1330 1686 ita
1359 1631 1505 1686 enim
1539 1632 1952 1696 contrairetur;
1987 1629 2084 1684 sed

503 1722 759 1791 injuriam
781 1724 872 1792 qui
897 1722 1121 1792 patitur,
1154 1724 1221 1778 ad
1252 1722 1570 1778 comitatem
1603 1723 1817 1788 incitat,
1842 1731 1898 1777 et
1927 1737 2084 1776 com-

501 1813 818 1882 passionem
868 1813 1178 1870 informat:
1226 1815 1391 1884 idque
1442 1816 1576 1886 agit,
1631 1825 1690 1870 ut
1742 1815 2084 1869 iracundiam

503 1915 726 1973 superet
771 1915 826 1960 et
867 1906 1133 1972 furorem,
1199 1907 1490 1962 consilium
1546 1902 1984 1977 pltilOSOpbicum
2035 1913 2088 1960 et

503 1999 924 2051 accommodum
980 1998 1270 2053 adhibens.
1334 1997 1468 2052 Nam
1519 1998 1602 2052 vel
1643 2013 1769 2062 non,
1803 2003 2090 2066 recuperat

505 2091 651 2158 quod
699 2089 955 2144 ablatum.
990 2098 1076 2145 est
1125 2091 1194 2144 ab
1241 2105 1307 2146 eo
1342 2109 1355 2145 :
1402 2099 1498 2144 aut
1529 2091 1572 2144 si
1607 2097 1915 2160 recuperet,
1944 2088 2088 2142 haud

504 2180 808 2251 possidebit
857 2183 977 2252 plus
1033 2198 1197 2252 quam
1249 2184 1316 2237 ab
1367 2183 1522 2237 initio
1554 2183 1807 2237 habebat.
1864 2180 1967 2236 Sed
1996 2181 2090 2251 qui

506 2288 605 2342 per
635 2273 976 2328 tolerantiam
1005 2313 1020 2339 ,
1093 2278 1400 2330 comitatem
1434 2316 1448 2340 ,
1510 2285 1564 2329 ct
1610 2274 2047 2344 compassionem
2073 2312 2089 2338 ,

507 2365 793 2419 inimicum
839 2375 1083 2435 superat,
1130 2377 1252 2436 post
1307 2367 1617 2429 victoriam,
1675 2373 2088 2420 monumentum

507 2458 610 2512 sibi
679 2460 910 2513 suscitat
954 2460 1262 2514 immortale
1305 2459 1521 2514 virtutis
1553 2475 1703 2522 sum,
1757 2466 1812 2513 ct
1843 2457 2093 2512 Judiccm

510 2549 876 2603 universalem
936 2549 1236 2619 propitium
1291 2549 1394 2604 sibi
1456 2558 1510 2603 et
1571 2548 1842 2617 placatum
1891 2547 2091 2613 reddit,

509 2637 735 2707 dignum
759 2655 817 2693 se
843 2655 1156 2709 praeparans
1174 2640 1264 2710 qui
1288 2641 1525 2710 patiatur
1551 2639 1664 2702 illa,
1693 2655 1814 2709 qua:
1835 2638 1887 2691 in
1916 2637 2098 2708 proxi-

509 2741 658 2780 mum
709 2726 1044 2782 intendebat.

2187 1527 2300 1588 τοῖς
2332 1525 2674 1597 κρινομένοις
2703 1524 2972 1595 παρέχειν
2999 1523 3371 1594 νομοθετοῦσα
3391 1563 3406 1587 ,
3429 1527 3527 1578 καὶ
3549 1525 3628 1593 τῷ
3667 1526 3782 1577 ἀδιο

2187 1617 2438 1686 κουμένῳ
2489 1618 2775 1686 τιμωρεῖν,
2809 1615 2908 1686 τὴν
2943 1617 3066 1686 ῐσην
3092 1617 3432 1670 ἀπαιτοῦντα
3455 1619 3659 1688 ποινὴν
3695 1617 3780 1669 τὸν

2187 1709 2505 1778 ἠδικηκότα.
2552 1709 2614 1760 ’11
2647 1707 2724 1772 δὲ,
2760 1709 2819 1760 οὺ
2868 1709 2969 1778 μὲν
3014 1704 3109 1762 οὖν
3154 1710 3256 1762 οὐκ
3301 1708 3450 1762 ἔστιν
3500 1710 3640 1780 πρὸς
3697 1709 3782 1761 τὸν

2189 1803 2404 1872 κριτὴν,
2443 1799 2564 1854 οὐδὲ
2614 1799 2798 1870 νόμος,
2836 1800 2958 1854 οὐδὲ
3016 1800 3213 1854 πολλοῦ
3264 1818 3328 1869 γε
3376 1803 3472 1854 καὶ
3499 1801 3614 1854 δεῖ·
3641 1801 3786 1854 οὕτω

2189 1892 2299 1963 γὰρ
2321 1892 2386 1945 ἂν
2414 1887 2482 1962 ἦν
2508 1891 2751 1945 ἐναντίον
2772 1907 2786 1922 ’
2821 1893 2956 1946 ἀλλά
3001 1892 3092 1947 τὸν
3142 1893 3469 1965 ἀδικηθέντα
3524 1898 3788 1960 παραινεῖ

2192 1985 2272 2045 εἰς
2291 1983 2597 2036 ἐπιείκειαν
2619 1983 2712 2035 καὶ
2739 1981 3084 2051 συμπάθειαν
3106 1983 3482 2052 ὲπαλείφουσα
3503 1985 3596 2035 καὶ
3611 1985 3785 2052 κρείτ-

2191 2095 2321 2131 τονα
2353 2074 2852 2148 παρασκευάζουσα
2893 2075 3064 2144 ὀργῆς
3123 2076 3218 2128 καὶ
3263 2073 3438 2144 θυμοῦ
3476 2074 3785 2143 φιλοσόφως

2193 2172 2316 2225 λίαν
2348 2172 2441 2224 καὶ
2468 2168 2760 2239 ὠφελίμως
2791 2167 3160 2238 εἰσηγουμένη
3198 2167 3297 2237 τὴν
3344 2167 3684 2238 συμϐουλήν.
3717 2168 3784 2218 Τὸ

2198 2263 2298 2332 μὲν
2334 2264 2441 2331 γὰρ
2473 2261 2738 2333 στερηθὲν
2764 2260 2796 2331 ἢ
2825 2261 2924 2312 οὐκ
2963 2259 3110 2312 ἔστιν
3150 2258 3443 2312 ἀναλαϐεῖν
3465 2301 3480 2324 ,
3514 2259 3548 2328 ἦ
3584 2258 3784 2310 ἀναλαο

2196 2356 2361 2408 ϐάντα
2391 2355 2542 2408 οὐδὲν
2574 2353 2732 2407 πλέον
2760 2353 2908 2405 ἐστὶν
2937 2351 3032 2404 τοῦ
3065 2352 3302 2420 ὲξαρχῆς
3333 2350 3694 2422 προσλαϐεῖν.
3732 2350 3784 2402 '0

2195 2447 2252 2500 δὲ
2275 2446 2343 2500 δι’
2378 2446 2682 2510 ἐπιεικείας
2709 2446 2807 2499 καὶ
2857 2443 3180 2514 συμπαθοῦς
3232 2442 3461 2512 γνώμης
3494 2443 3788 2513 ’περιγεγιὶ⁴
3847 2489 3853 2500 ,

2196 2539 2306 2604 νὼς
2331 2539 2425 2593 τοῦ
2457 2537 2678 2609 ἐχθροῦ,
2717 2537 2857 2608 μετά
2886 2535 2982 2589 τοῦ
3017 2536 3238 2605 νικῆσαι
3261 2534 3533 2606 λαμπρῶς
3555 2537 3656 2588 καὶ
3678 2535 3788 2588 ἀείο

2203 2647 2447 2704 μνηστον
2483 2631 2581 2700 τῆς
2612 2628 2813 2698 ἀρετῆς
2849 2628 3057 2699 ἐγείρει
3093 2629 3509 2698 μνημεῖον,.καὶ
3541 2627 3634 2680 τὸν
3677 2644 3785 2680 κοι-

2200 2725 2289 2778 νὸν
2311 2723 2504 2794 κριτὴν
2531 2722 2779 2774 εῦῒλατον
2802 2721 2983 2789 ἐαυτῷ
3004 2720 3100 2774 καὶ
3123 2721 3325 2791 εὐμενῆ
3341 2718 3781 2792 παρασκευάζει,

509 2817 694 2869 ἐκεῖνα
720 2817 916 2870 παθεῖν
943 2818 1136 2871 ἑαυτὸν
1153 2817 1301 2883 ἀξιον
1321 2818 1672 2889 εὐτρεπίσας,
1698 2818 1734 2872 ἃ.
1761 2816 2088 2891 προσλαϐὼν
2123 2815 2288 2878 αὐτὸς
2317 2814 2396 2885 τῷ
2420 2813 2653 2883 πλησίον
2687 2812 3022 2878 ἐπεδείξατο.

510 2908 844 2976 ρυΑεδΤιο
871 2908 982 2964 ιιν
1017 2910 1204 2982 [συεει.
1245 2909 1542 2970 οοωινιι,
1580 2911 1744 2964 Taur.
1776 2910 2083 2983 CCLVIll].

2760 2908 3098 2960 ΕΡΩΤΗΣΙΣ
3124 2909 3245 2963 PA'.

462 3005 464 3007 ἀ
512 3023 654 3073 Edita
695 3040 722 3074 a
760 3024 1092 3086 Montacutio,
1126 3038 1208 3087 ep.
1251 3027 1373 3086 205,
1407 3026 1471 3074 ad
1500 3026 1746 3078 Tlteodor.
1784 3027 2006 3138 hegnm.,f
2038 3043 2089 3091 p.

2005 3105 2090 3139 unc

2202 3025 2392 3149 νέιῗοι.
2437 3026 2510 3075 De
2552 3024 2709 3076 Abele
2737 3025 2872 3086 justo
2911 3032 3028 3075 ante
3053 3033 3364 3088 peccatorem
3408 3027 3656 3076 Adamum
3687 3029 3781 3080 vita

2005 3105 2154 3139 uncto
2190 3105 2263 3151 ιιι
2279 3105 2312 3149 ).

597 3191 871 3248 Secretior
892 3193 1074 3249 omnis
1114 3203 1168 3248 et
1205 3193 1527 3264 profundior
1548 3210 1726 3252 causa:
1753 3197 1917 3260 ratio,
1945 3199 2090 3268 apud
2120 3201 2166 3262 C

516 3285 686 3340 Deum
728 3295 1025 3354 seponatur
1053 3301 1068 3339 :
1096 3285 1188 3340 sed
1226 3286 1282 3339 in
1316 3295 1584 3356 quantum
1631 3288 1880 3343 humano
1911 3289 2093 3360 captui

515 3379 1085 3446 comprehendendam
1115 3378 1246 3433 dare
1278 3379 1467 3444 voluit,
1495 3379 1640 3433 illam
1663 3395 1763 3452 ego
1782 3383 2092 3449 attulerint;

513 3472 661 3541 quod
688 3471 890 3526 idcirco
911 3471 1132 3525 Abelem
1155 3472 1330 3526 virum
1359 3472 1592 3542 justum,
1611 3473 1819 3528 Adamn
1836 3475 2092 3545 priorem,

516 3578 642 3618 cum
696 3571 877 3618 tamen
911 3567 1165 3633 princeps
1197 3563 1245 3618 is
1279 3573 1620 3633 peccaverat,
1678 3575 1732 3620 et
1763 3567 2096 3621 sententiam

514 3655 637 3710 ideo
668 3655 862 3709 mortis
887 3663 1195 3724 acceperat,
1217 3657 1376 3710 morti
1402 3657 1664 3712 traditum
1691 3659 1886 3726 voluit,
1919 3668 1978 3713 ut
1999 3662 2094 3730 qtti

514 3750 691 3806 reatui
723 3750 1062 3820 subjacebat,
1119 3765 1216 3820 per
1237 3759 1293 3804 et
1329 3750 1382 3805 in
1410 3752 1523 3807 tilio
1550 3769 1651 3810 suo
1677 3753 1954 3825 inculpata
1981 3771 2099 3811 ma-

512 3842 692 3912 jorem
743 3843 1020 3897 tristitiam
1075 3844 1386 3913 conciperet
1439 3844 1662 3910 animo,
1723 3855 1779 3901 et
1830 3847 2095 3917 majorem

517 3941 852 3988 monstraret
898 3935 1317 4004 paenitentiam;
1365 3936 1440 3989 ita
1488 3945 1548 3988 ut
1588 3951 1714 3990 cum
1744 3937 1995 4001 minimo,
2039 3937 2094 3990 in

516 4033 783 4094 quantum
835 4025 951 4078 ﬁeri
985 4025 1185 4094 potuit,
1241 4027 1702 4095 transgressionis
1753 4027 1936 4082 debito
1969 4028 2096 4083 hinc
2130 4057 2135 4062 ~

517 4119 782 4173 transiret
821 4135 833 4171 :
885 4118 1084 4173 deinde
1117 4127 1175 4172 ut
1201 4127 1425 4188 puteum
1464 4119 1614 4173 illum
1643 4120 1838 4176 mortis
1865 4119 2096 4190 profun-

515 4209 670 4274 dum,
702 4225 796 4279 per
821 4209 955 4279 justi
986 4209 1222 4265 hominis
1247 4225 1313 4264 eo
1365 4211 1648 4266 introitum
1677 4211 1875 4281 injuria
1916 4213 2094 4268 ati‘ecti

519 4309 800 4370 receptum
853 4300 1106 4356 redderet
1157 4302 1437 4372 putridum
1484 4312 1538 4358 et
1568 4303 1808 4359 inanem.
1868 4304 2021 4370 Quod
2047 4306 2096 4360 si

517 4408 642 4447 eum
699 4391 791 4458 qui
845 4405 1067 4461 peccato
1112 4409 1240 4449 reus
1297 4393 1404 4449 fuit
1436 4395 1739 4465 principem
1772 4397 2089 4465 recepisset,

515 4485 733 4537 ﬁrmum
775 4485 1101 4553 subjecisset
1137 4486 1186 4540 ei
1236 4485 1642 4542 firmamentum
1677 4504 1690 4539 :
1740 4491 1832 4544 sed
1865 4490 2092 4560 abrepto

2287 3195 2348 3248 Ὀ
2388 3193 2490 3264 μὲν
2531 3195 2973 3266 ἀπορῤητότερος
3001 3187 3095 3248 καὶ
3126 3193 3422 3265 βαθύτερος
3457 3197 3558 3267 τῆς
3614 3199 3790 3259 αἰτίας

2198 3288 2358 3356 λόγος
2382 3286 2620 3341 ἀνείσθω
2669 3287 2788 3358 Θεῷ
2814 3304 2828 3318 ⁸
2862 3287 2922 3353 ἐξ
2957 3281 3032 3341 ὧν
3079 3304 3143 3356 γε
3186 3288 3426 3351 διανοίας
3479 3291 3788 3361 ἀνθρώπων

2200 3382 2371 3436 ἔδωκε
2395 3383 2649 3450 γενέσθαι
2675 3383 2879 3454 ληπτὰ,
2901 3383 3104 3453 φαμὲν,
3122 3382 3195 3442 ὡς
3212 3383 3300 3437 διὰ
3319 3382 3480 3436 τοῦτο
3501 3381 3600 3434 τὸν
3627 3384 3790 3436 Ἀἷελ

2197 3475 2407 3530 δίκαιον
2457 3476 2605 3543 ὄντα,
2655 3480 2763 3549 πρὸ
2815 3480 2909 3533 τοῦ
2959 3478 3409 3551 ἐξημαρτηκότος
3451 3480 3667 3551 ’Λδάμ,
3701 3486 3790 3536 καὶ

2195 3569 2299 3638 τὴν
2355 3569 2634 3639 ἀπόφασιν
2684 3570 3017 3640 δεξαμένου,
3049 3571 3431 3643 συνεχώρησεν
3455 3573 3534 3635 εἰς
3559 3573 3790 3626 θάνατον

2197 3659 2374 3712 ἐλθεῖν
2402 3677 2417 3692 ·
2450 3660 2538 3713 ἵνα
2569 3660 2758 3730 μαθὼν
2779 3663 2808 3714 ὁ
2835 3661 3092 3725 ὑπόδικος
3121 3665 3178 3715 ἐν
3226 3663 3303 3734 τῷ
3332 3664 3613 3735 ἀνευθύνῳ
3641 3667 3791 3718 παιδὶ

2197 3751 2514 3821 τδλφοϐερδν
2545 3751 2640 3804 τοῦ
2684 3753 2962 3823 ἐπιτιμίου
3004 3754 3100 3806 καὶ
3134 3753 3396 3824 ἄφυκτον,
3434 3755 3604 3808 πλέον
3650 3773 3712 3808 τε
3736 3757 3790 3807 τὸ

2198 3839 2364 3907 ἄλγος
2417 3839 2749 3911 είσδέξηται,
2781 3841 2876 3894 καὶ
2925 3844 3025 3912 τὴν
3066 3845 3356 3912 μετάνοιαν
3411 3843 3786 3914 ἐπιδείξηταιο

2200 3929 2454 3983 κάκεῖθεν
2489 3930 2709 3984 ἔλαττον
2757 3931 2971 4002 ἀπέλθῃ
3024 3933 3126 4002 τῆς
3175 3932 3546 4004 παραϐάσεως
3611 3952 3786 4005 χρεω-

2201 4023 2343 4074 στῶν
2375 4038 2392 4055 ο
2455 4023 2538 4076 ἔτι
2585 4024 2664 4089 δὲ,
2690 4025 2783 4077 καὶ
2833 4025 2922 4078 ἶνα
2951 4025 3045 4078 τοῦ
3079 4024 3314 4080 θανάτου
3354 4027 3418 4079 τὸ
3448 4026 3676 4098 βάθρον,
3703 4029 3787 4080 τὸν

2198 4113 2532 4184 ἠδικημένον
2560 4114 2774 4186 πρῶτον
2809 4115 3107 4186 δεξάμενον
3137 4118 3336 4188 σαθρὸν
3359 4123 3631 4191 καταστῇ.
3660 4121 3786 4172 Ὠσ-

2201 4224 2308 4279 περ
2339 4209 2445 4278 γάρ
2472 4211 2520 4261 εἰ
2548 4209 2642 4261 τὸν
2674 4209 2982 4262 ὑπεύθυνον
3025 4210 3242 4278 πρῶτον
3282 4211 3535 4274 ἐδέξατο,
3565 4216 3785 4284 saepe?”

2201 4299 2268 4353 ἂν
2305 4299 2556 4369 θεμέλιον
2602 4299 2943 4354 ὑπεϐάλετο’
2974 4300 3120 4353 οῦτω
3169 4302 3261 4353 τὸν
3289 4301 3500 4354 δίκαιον
3538 4303 3786 4374 ἁρπασαο

2205 4411 2386 4465 μενος,
2449 4393 2657 4464 σαθρὰν
2722 4393 2915 4446 ἑαυτὸν
2991 4392 3151 4445 ἔλαθε
3206 4394 3300 4445 καὶ
3356 4395 3785 4464 εὐπερίτρεπτον

2199 4486 2300 4554 τὴν
2329 4485 2539 4538 οἰκείαν
2573 4484 2816 4555 κρηπῖδα
2843 4483 3159 4554 πηξάμενος
3188 4485 3238 4537 ιι.
3271 4485 3342 4537 Σὺ
3378 4484 3436 4537 δέ
3458 4501 3551 4553 μοι
3577 4488 3784 4550 σκᾶπει,

514 4575 645 4629 illuc
665 4576 784 4629 viro
807 4575 986 4644 justo,
1007 4577 1285 4645 putridum
1321 4579 1497 4633 solum
1524 4594 1622 4634 nec
1645 4578 1932 4635 ditiiculter
1963 4583 2090 4636 sub-

2206 4574 2299 4628 καὶ
2329 4575 2381 4627 εἴ
2409 4592 2527 4639 πως
2560 4576 2576 4615 ί
2610 4577 2638 4628 ὁ
2659 4575 2757 4646 τῆς
2786 4574 3136 4639 ἀναστάσεως
3175 4574 3264 4627 διὰ
3287 4574 3482 4627 τούτου
3519 4593 3790 4643 προκατα-

513 4669 804 4731 ruendum,
828 4671 1080 4725 nesciens
1103 4679 1284 4724 tamen
1311 4670 1564 4727 confecit.
1615 4670 1697 4725 Tu
1716 4681 1896 4727 autem
1931 4688 2094 4743 porro

511 4761 568 4816 in
600 4772 834 4817 mentem
859 4763 1063 4818 advoca
1089 4763 1400 4834 cogitando,
1435 4780 1502 4818 an
1531 4779 1640 4818 non
1672 4773 1848 4840 status
1870 4775 1926 4820 et
1952 4767 2093 4821 ratio

514 4852 982 4916 resurrectionis,
1041 4863 1153 4906 tam
1206 4852 1368 4920 longo
1420 4851 1762 4921 praecedente
1807 4852 2093 4906 intervallo

511 4953 895 5012 praestruatur,
939 4953 993 4998 et
1027 4959 1124 5014 per
1155 4943 1473 5015 mysterium
1505 4942 2001 5012 priesigniiicetur?
2034 4943 2091 4999 Si

511 5036 656 5088 enim
685 5036 863 5090 bonus
907 5052 972 5091 ac
1001 5037 1187 5106 justus
1238 5036 1383 5090 Dens
1429 5035 1614 5101 fuerit,
1667 5045 1760 5091 aut
1807 5037 2092 5106 utriusque

514 5126 699 5195 potius
749 5126 875 5183 fons
929 5136 984 5182 et
1032 5130 1233 5199 origo,
1293 5129 1435 5183 haud
1491 5129 1922 5182 immuneratum
1965 5128 2093 5183 hinc

518 5218 672 5274 abire
703 5221 876 5274 virum
927 5221 1137 5291 justum
1186 5237 1254 5277 ne
1303 5223 1370 5276 ad
1423 5221 1632 5277 liorulae
1661 5220 1826 5276 unius
1854 5220 2092 5290 spatium

2206 4665 2464 4719 ϐάλλεται
2527 4666 2626 4720 καὶ
2669 4670 3112 4736 μυσταγωγεῖται
3144 4665 3325 4734 λόγος.
3364 4667 3564 4736 Είγάρ
3584 4670 3786 4735 ἀγαθὲ-ς

2203 4760 2297 4812 καὶ
2323 4759 2533 4822 δίκαιος
2553 4759 2580 4811 ὁ
2605 4759 2760 4822 Θεὸς,
2789 4758 2992 4829 μᾶλλον
3015 4757 3081 4811 δι’
3105 4758 3446 4828 ἀγαθδτητος
3472 4763 3570 4813 καὶ
3583 4761 3786 4813 δικαιςο

2206 4851 2374 4923 σύνης
2411 4853 2585 4923 πηγὴ,
2645 4853 2745 4907 οὐκ
2791 4852 2858 4905 ἂν
2899 4852 3209 4922 ἀγέραστον
3257 4851 3516 4905 ἀπελθεῖν
3562 4856 3654 4906 καὶ
3684 4855 3787 4925 πρὸ

2205 4947 2358 5019 ὥρας
2411 4947 2506 5000 τὸν
2541 4947 2751 5000 δίκαιον
2806 4945 2989 4999 εἴασεν
3023 4946 3214 5000 Ἀϐελ.
3252 4948 3361 5000 Καὶ
3403 4948 3455 4999 τί
3491 4947 3632 5015 λέγω
3657 4947 3784 5012 ἀγέ-

2210 5057 2442 5110 ραστον;
2473 5040 2586 5093 ἀλλ’
2617 5040 2716 5093 οὐκ
2745 5039 2813 5093 ἂν
2840 5039 3048 5102 ἀδίκως
3085 5041 3180 5092 καὶ
3221 5038 3282 5091 τὸ
3331 5040 3517 5109 μεῖζον
3569 5039 3687 5092 ἀνθ’
3713 5033 3784 5090 ὧν

2204 5131 2362 5203 ὤφθη
2390 5132 2670 5203 θεοφιλὴς,
2710 5133 2812 5186 οὐκ
2836 5131 2904 5185 ἂν
2934 5131 3242 5200 ὑπερείδειν
3287 5131 3682 5202 ἀναιρούμενον
3700 5147 3711 5160 ·
3738 5135 3782 5183 εἰ

2210 5225 2284 5293 μή
2330 5241 2415 5288 τις
2470 5223 2681 5277 ἐκεῖθεν
2725 5220 2861 5292 ἄλλη
2928 5221 3282 5286 κατάστασις,
3334 5221 3429 5275 καὶ
3469 5221 3581 5291 βίος
3625 5220 3781 5286 ἄλλος

1796 5353 2034 5409 VARUE
2074 5355 2481 5415 LECTIUNES.

621 5423 649 5464 1³
677 5423 738 5476 C.
786 5424 861 5480 Μ.
894 5425 1206 5496 δεξάμενος.
1283 5428 1300 5466 ί
1342 5427 1426 5480 ῖσ.
1465 5427 1680 5490 μήπως.
1711 5425 1776 5482 C.
1822 5425 1893 5480 Μ.
1940 5427 1992 5479 ετ
2021 5444 2158 5490 πως.

2040 5516 2274 5574 NOTAE.

590 5605 702 5677 (20)
736 5607 872 5661 Cum
932 5609 1031 5662 hac
1079 5610 1377 5678 quaestione
1433 5609 1775 5667 conferenda:
1845 5619 1972 5667 sunt
2024 5623 2092 5666 ex

516 5679 950 5748 prmccdcntibus
967 5695 1057 5750 qq.
1092 5680 1333 5734 XXXVII
1360 5689 1410 5738 ct
1445 5679 1627 5735 XLVI.

2205 5691 2222 5735 ι
2276 5612 2386 5683 (ει)
2424 5613 2564 5668 ldcm
2615 5623 2998 5684 argumentum
3035 5613 3336 5684 quwstionc
3381 5610 3450 5666 XI
3483 5623 3779 5682 νειμ-πιδ-

2230 5699 2314 5735 ur.

2230 5699 2314 5736 ιη’.
