3880 6206
146 277 256 340 63Ἱ

1046 275 1147 334 AD
1182 270 1781 333 AMPIIILOCIIIUM
1821 268 2172 342 QUJESTIO
2218 267 2358 329 CIII
2389 268 2500 331 CV.
3040 291 3072 326 ο

3336 275 3440 337 638

149 395 442 458 ἀπέκειτο,
472 394 529 446 ἐν
636 392 747 446 τῶν
781 390 1076 462 πρακτέων
1102 392 1202 451 τὰς
1233 388 1493 461 ἀμοιὸἀς,
1521 388 1616 441 καὶ
1644 387 1742 450 τάς

1854 386 1960 456 pati
1995 384 2204 441 debuit.
2240 384 2381 451 Quid
2409 393 2591 439 autem
2631 384 3063 440 immuueratum
3092 386 3260 442 dico?
3293 403 3442 443 certe

148 491 485 550 ἀντιδόσεις.
521 489 716 558 ἁφάτῳ
747 488 965 558 πλούτῳ
999 486 1258 557 προνοίας
1286 484 1632 555 εὐτρεπίσας,
1654 501 1752 536 τα-

153 581 363 651 μιεύει.
397 578 609 634 Ούκοῦν
646 580 831 633 ούκέτι
859 576 1372 647 διαμφισϐητήσεις,
1399 574 1490 629 διὰ
1512 576 1566 628 τί
1597 573 1747 645 πρῶ-

150 691 247 737 τος
288 672 477 735 Ἅϐελ,
516 672 666 739 φίλος
707 670 1055 739 δικαιοσύνης
1105 668 1343 739 γεγονὼς
1366 710 1382 735 ,
1420 667 1637 740 πρῶτος
1670 664 1747 737 τῷ

152 764 375 834 θανάτῳ
430 764 872 834 ἐλειτούργησεν.
925 764 988 816 Ei.
1032 763 1089 816 δὲ
1140 766 1235 816 καὶ
1277 760 1414 832 πρὸς
1437 760 1529 813 τὸν
1573 756 1747 829 Ἑνὼχ

149 855 510 925 ἀποϐλέψεις,
545 856 888 908 δικαιότατον
938 855 1201 925 γεγονότα
1225 894 1240 921 ,
1284 854 1449 908 πλέον
1487 854 1631 919 ἕξεις
1677 853 1745 907 δι’

149 940 229 997 ὧν
273 947 333 999 ού
360 947 639 1017 ζητήσεις,
665 946 781 1010 πῶς
805 946 916 1000 τῶν
946 947 1193 1013 δικαὶων,
1230 946 1433 1017 μᾶλλον
1462 946 1496 1017 ἢ
1521 945 1629 999 τῶν
1651 945 1744 997 ὑπ’

150 1037 362 1102 αἰτίαν,
402 1038 431 1091 ὁ
463 1037 693 1101 θάνατος
750 1040 1099 1109 ἐκυρίευσεν·
1132 1039 1409 1109 ἀνώτερος
1452 1039 1559 1108 γὰρ
1590 1030 1747 1100 οὗτος

152 1126 218 1190 ἐξ
247 1127 453 1199 ἀρετῆς
484 1128 578 1181 καὶ
610 1128 923 1197 φιλοτιμίας
951 1129 1086 1183 Θεοῦ
1143 1129 1265 1197 (καὶ
1295 1130 1381 1181 ἵνα
1421 1127 1494 1198 μὴ
1535 1125 1594 1178 τὸ
1617 1125 1746 1177 δυσο

153 1218 437 1291 θεωρητον
474 1222 669 1291 ἔχωσιν
705 1225 760 1275 αί
813 1224 906 1276 σαὶ
947 1223 1193 1293 ἀπορίαι)
1240 1222 1347 1276 τῶν
1384 1222 1480 1275 τοῦ
1511 1220 1743 1273 θανάτου

152 1308 372 1381 βρόχων
394 1312 487 1364 καὶ
510 1314 607 1381 τῆς
634 1312 946 1384 τυραννίδος
992 1311 1385 1382 ἐχρημάτισεν.

1847 477 1991 532 haud
2023 476 2221 540 fuisset
2273 494 2470 547 passus
2524 477 2728 547 injuste
2789 477 3029 548 aliquem
3068 479 3209 543 tolli,
3238 480 3441 534 nedum

1853 568 2031 622 virum
2065 567 2150 622 sui
2183 577 2481 632 amantem,
2533 568 2578 621 si
2609 583 2715 622 non
2756 569 2899 622 alius
2926 569 3047 623 vitae
3076 580 3275 634 status,
3308 585 3443 625 cou-

1855 662 1991 716 ditio
2016 660 2123 715 alia
2150 664 2389 731 reposita
2423 660 2616 717 fuisset
2650 662 2747 726 illi,
2786 662 2878 715 ubi
2916 679 3099 717 rerum
3122 679 3151 717 a
3179 679 3238 718 se
3256 677 3442 735 gesta-

1856 770 1976 809 rum
2014 756 2433 810 retributionem
2483 763 2538 808 et
2605 755 3107 809 remunerationem
3143 771 3239 825 per
3289 758 3442 811 inex-

1854 847 2137 916 plicabiles
2169 848 2365 901 divina:
2417 846 2774 917 providentiae
2824 846 3046 901 divitias
3076 858 3439 919 pra-paratam

1852 940 2220 1011 disposuerat.
2277 941 2545 1006 Quocirca
2578 958 2685 994 non
2718 950 2802 995 est
2835 957 2936 994 cur
2965 950 3019 995 tu
3053 942 3235 996 adhuc
3270 943 3441 997 addu-

1853 1033 2017 1098 biles,
2070 1033 2213 1088 unde
2244 1032 2446 1089 factum
2486 1043 2545 1087 ut
2573 1034 2703 1088 Abel
2728 1034 2954 1101 justitizc
2986 1034 3164 1087 cultor
3190 1034 3437 1087 omnium

1854 1126 2141 1181 hominum
2178 1127 2428 1197 princeps
2457 1137 2689 1181 mortem
2734 1126 3117 1181 famularctur.
3172 1127 3328 1193 Quod
3391 1127 3437 1180 si

1853 1220 2162 1289 respexeris
2191 1220 2256 1274 ad
2287 1219 2570 1275 Euochum
2603 1220 2694 1290 qui
2720 1228 2773 1275 et
2800 1220 2913 1289 ipse
2938 1220 3279 1289 iustissimus
3314 1218 3437 1282 fuit,

1853 1312 1977 1381 plus
2027 1312 2209 1367 adhuc
2266 1312 2362 1365 tibi
2420 1322 2761 1382 suggeretur,
2824 1328 2923 1367 cur
2972 1328 3078 1365 non
3126 1311 3437 1377 addubites,

153 1407 307 1461 unde
350 1406 554 1462 factum
606 1416 665 1462 ut
718 1423 868 1462 mors
918 1407 1071 1477 prius
1116 1407 1169 1461 in
1220 1406 1398 1476 justos
1428 1420 1593 1474 quam
1632 1405 1685 1459 in
1725 1420 1851 1460 reos
1884 1407 2190 1462 dominium
2244 1417 2524 1462 exerceret
2569 1426 2581 1461 :
2623 1408 2881 1475 superior
2920 1409 3065 1462 enim
3120 1408 3304 1475 justus
3356 1415 3439 1461 est

152 1512 385 1573 propter
440 1505 698 1559 virtutem
759 1513 815 1559 et
868 1518 1111 1558 amorem
1177 1502 1275 1555 Dei
1336 1501 1598 1556 eximium
1658 1503 1748 1573 (ne
1783 1502 2013 1558 dubiaa
2048 1514 2099 1558 te
2161 1504 2442 1574 proposita
2510 1502 2802 1557 difﬁculter
2829 1503 3192 1574 explicentur)
3224 1504 3441 1575 laqueis

153 1593 356 1650 mortis
384 1594 630 1649 irretitus
679 1602 734 1649 et
765 1594 886 1664 ejus
911 1592 1255 1664 tyrannidem
1286 1599 1547 1662 eXpertus
1577 1590 1745 1647 fuisse
1784 1592 2007 1650 dicitur.

696 1709 1035 1764 ΕΡΩΤΗΣΙΣ
1073 1709 1195 1765 PE'.

562 1790 569 1798 ’
585 1802 723 1871 Περὶ
770 1801 880 1857 τῆρ
924 1802 1270 1873 περιτομῆς.

1992 1712 2313 1780 ΟΟᾸΞΞΤΙΟ
2346 1712 2456 1768 CV.
2491 1712 2678 1786 [σοιτί.
2717 1723 2765 1767 et
2800 1713 2965 1769 Taur.
2993 1712 3279 1771 CXXVII.1

2370 1802 2447 1857 De
2478 1804 2895 1857 circumcisione.

960 1916 1105 1966 Edita
1124 1932 1150 1967 a
1174 1916 1493 1979 Montacutio,
1529 1929 1611 1980 ep.
1638 1916 1749 1975 205,
1769 1914 1834 1964 ad
1866 1914 2108 1965 Theudor.
2133 1915 2343 1979 hegum.,
2371 1930 2403 1979 p
2445 1917 2673 1966 302-304.

242 2022 312 2075 Ἥ
342 2022 616 2093 περιτομὴ
635 2020 761 2093 τρία
787 2022 911 2075 τινά
936 2023 1429 2095 πραγματεύεσθαί
1453 2041 1543 2093 μοι
1571 2022 1746 2076 δοκεῖ’

154 2112 221 2165 ἓν
258 2114 379 2183 μὲν,
412 2114 578 2166 οἱονεὶ
604 2113 819 2184 σημείῳ
852 2115 961 2166 τινὶ
993 2115 1086 2167 καὶ
1137 2115 1394 2182 σφραγῖδι
1430 2116 1555 2177 τοὺς
1587 2112 1750 2181 ἐκγό-

155 2222 288 2267 νους
334 2203 587 2274 Ἀϐραὰμ
618 2205 976 2274 ἀφορίζουσα,
1013 2206 1106 2258 καὶ
1136 2206 1241 2259 τῶν
1268 2207 1470 2260 λοιπῶν
1506 2205 1751 2260 διαστέλ-

153 2296 357 2349 λουσα·
386 2294 589 2347 ἐθνῶψ
621 2294 873 2364 δεύτερον
911 2296 987 2361 δὲ,
1018 2298 1075 2349 ὲν
1126 2299 1291 2369 ἑαυτῇ
1344 2301 1443 2370 τὴν
1475 2300 1568 2353 τοῦ
1604 2299 1747 2353 θείου

156 2390 543 2458 βαπτίσματος
586 2390 1036 2459 προδιατυποῦσα
1067 2393 1161 2445 καὶ
1183 2393 1749 2463 προανακηρύττουσα

154 2480 325 2551 χάριν
373 2482 467 2534 καλ⁵
498 2482 982 2554 δυνάμιν.Ὦσπερ
1034 2485 1142 2556 γὰρ
1195 2488 1222 2538 ὁ
1257 2487 1747 2557 περιτεμνόμενοςν

159 2574 246 2635 εἰς
277 2572 401 2626 λαὸν
438 2572 573 2627 Θεοῦ
604 2574 693 2627 διά
714 2575 815 2646 τῆς
844 2578 1747 2651 σφραγῖδοςπάλαιέχρημάτιζεν’

160 2660 342 2725 οὕτως
370 2664 397 2714 ὁ
431 2661 848 2733 βαπτιζόμενος,
900 2667 1176 2734 σφραγῖδα
1220 2666 1315 2719 τοῦ
1366 2667 1646 2739 Χριστοῦὶ
1691 2671 1749 2722 ἐν

160 2754 349 2824 ἑαυτῷ
377 2757 792 2826 τυπωσάμενος,
826 2759 905 2819 είς
936 2758 1211 2812 υἱοθεσίαν
1262 2760 1399 2813 Θεοῦ
1430 2763 1747 2833 ἀναγράφε-

158 2861 281 2897 ται.
315 2844 421 2896 Καὶ
449 2845 652 2915 τρίτον,
686 2846 959 2916 σύμϐολον
985 2848 1092 2900 τῶν
1116 2851 1173 2902 ἐν
1194 2852 1257 2921 τῇ
1277 2851 1459 2921 χάριτι
1483 2852 1747 2905 καθιστα-

162 2936 353 3005 μένων
381 2937 609 3002 πιστῶν,
646 2938 696 2992 οί
718 2939 828 2991 τῶν
872 2942 1153 3011 σαρκικῶν
1181 2943 1386 3012 ἡδονῶν
1417 2946 1513 2997 καὶ
1560 2944 1748 2999 παθῶν

156 3028 263 3092 τὰς
297 3030 714 3097 ἐπαναστάσεις,
744 3031 821 3101 τῷ
870 3033 1147 3105 τιμητικῷ
1195 3036 1297 3104 τῆς
1331 3036 1568 3102 πίστεως
1604 3037 1749 3109 λόγῳ

156 3122 259 3174 καὶ
276 3122 459 3185 πόνοις
484 3122 804 3193 ἀσκητικοῖς
825 3126 1145 3195 ἐκτέμνουσι
1192 3129 1285 3180 καὶ
1310 3128 1705 3198 ἀπονεκροῦσιν
1728 3145 1743 3159 ο

156 3212 225 3263 ού
276 3212 438 3281 σῶμα
486 3214 802 3282 τέμνοντες,
840 3216 975 3268 ἀλλά
1013 3217 1110 3286 τὴν
1157 3218 1415 3287 καρδίανο
1453 3219 1550 3271 καὶ
1582 3218 1746 3272 πνεύ-

1929 2020 2059 2075 Tria
2091 2037 2203 2091 prae
2224 2037 2283 2076 se
2307 2020 2451 2076 ferre
2472 2022 2687 2075 videtur
2719 2022 2856 2076 mihi
2902 2023 3289 2080 circumcisio:
3324 2028 3438 2096 pri-

1854 2124 2030 2173 mum,
2062 2108 2208 2179 quod
2242 2117 2504 2179 tanquam
2534 2109 2751 2181 signum
2793 2120 2847 2165 et
2872 2112 3111 2179 sigillum
3136 2113 3435 2169 Abrahami

1855 2203 2170 2272 progeniem
2223 2211 2525 2270 separaret,
2561 2211 2613 2256 ct
2653 2218 2683 2256 a
2715 2204 2927 2258 caeteris
2957 2205 3212 2273 gentibus
3239 2207 3436 2262 distin-

1855 2301 2047 2364 gueret
2085 2311 2100 2347 :
2142 2292 2443 2348 secundum
2474 2334 2491 2359 ,
2532 2293 2586 2347 in
2629 2309 2687 2348 se
2718 2294 2891 2348 divini
2936 2295 3280 2365 baptismatis
3315 2314 3441 2367 gra-

1812 2428 1815 2429 ν
1854 2385 1984 2438 tiam
2020 2395 2074 2439 et
2104 2384 2401 2440 elﬁcaciam
2446 2401 2543 2455 per
2583 2385 2814 2456 ﬁgurant
2861 2387 3210 2455 praedicabat.
3256 2387 3433 2444 Veluti

1852 2477 1998 2531 enim
2039 2474 2171 2531 olim
2204 2476 2589 2539 circumcisus,
2627 2490 2723 2545 per
2756 2475 2990 2544 sigillum
3023 2478 3076 2531 iu
3110 2477 3204 2532 Dei
3232 2479 3435 2548 populo

1853 2568 2195 2634 censebatur,
2226 2569 2309 2624 sic
2335 2577 2391 2623 et
2416 2567 2743 2639 baptizatus,
2774 2568 2975 2624 Christi
3001 2570 3054 2623 in
3099 2585 3159 2625 se
3193 2571 3433 2639 sigillum

1851 2674 2177 2731 expressum
2208 2660 2441 2726 habens,
2473 2661 2763 2729 adoptatus
2799 2660 3120 2715 inscribitur
3161 2661 3254 2717 Dei
3295 2663 3435 2717 Illio-

1851 2769 1973 2808 rum
1996 2754 2120 2808 albo
2145 2771 2158 2807 :
2184 2753 2427 2816 tertium,
2462 2753 2768 2823 symbolum
2800 2763 2919 2808 erat
2950 2754 3189 2808 lidelium
3222 2756 3275 2809 iu
3307 2773 3433 2826 gra-

1855 2844 1926 2897 tia
1954 2844 2360 2907 exsistentium,
2392 2843 2490 2913 qui
2526 2844 2830 2897 carnalium
2861 2844 3198 2913 voluptatum
3221 2854 3274 2899 et
3301 2862 3439 2913 pas-

1851 2935 2067 2989 sionum
2106 2936 2541 2991 iusurrectiones
2597 2935 2966 2991 tumultuosss
3010 2937 3281 2992 excisorio
3313 2939 3436 2993 fidei

1852 3041 2127 3093 sermone,
2160 3011 2212 3081 et
2244 3028 2499 3082 asceticis
2531 3028 2810 3083 laboribus
2834 3029 3163 3085 abscindunt
3203 3039 3256 3085 et
3289 3046 3436 3085 mor-

1853 3118 2102 3172 liﬁcant:
2131 3135 2236 3173 non
2266 3135 2471 3188 corpus
2502 3121 2780 3183 scindunt,
2812 3121 2907 3176 sed
2939 3137 3032 3176 cor
3062 3140 3075 3175 :
3108 3136 3208 3177 nec
3236 3138 3434 3177 secun-

1850 3208 1978 3261 dum
2012 3207 2245 3261 litteram
2276 3208 2369 3262 sed
2402 3208 2651 3276 spiritum
2679 3209 3431 3281 circumciduntur:quorum

162 3320 324 3373 ματι,
366 3305 427 3357 ού
476 3305 764 3375 γράμματι
834 3310 1323 3379 περιτεμνόμενοι·
1370 3304 1445 3363 ὧν
1504 3311 1601 3365 καὶ
1652 3313 1743 3364 τὸν

1854 3300 2092 3354 laudatio
2132 3292 2236 3354 non
2283 3300 2445 3354 habet
2479 3315 2616 3369 npus
2662 3302 2897 3355 humano
2930 3304 3239 3372 praeconio,
3271 3303 3365 3359 sed
3401 3319 3434 3360 α

159 3396 391 3449 ἔπαινον
433 3395 533 3449 ούκ
586 3397 937 3471 ἀνθρωπίνης
984 3402 1315 3471 ἐπικρίσεως
1350 3402 1578 3466 δεῖσθαι,
1615 3402 1751 3454 ἀλλὰ

155 3485 266 3553 τῆς
298 3485 508 3539 ἄνωθεν
560 3486 835 3556 ἠρτῆσθαι
884 3489 1091 3558 ψήφου,
1135 3489 1347 3553 Παῦλος
1377 3491 1405 3543 ὁ
1442 3490 1604 3556 θεῖος,
1634 3493 1661 3544 ὁ
1683 3493 1751 3545 τὰ

156 3576 389 3628 τοιαῦτα
413 3577 790 3645 μυσταγωγὸς,
820 3577 1051 3649 λαμπρᾷ
1081 3582 1147 3650 τῇ
1183 3584 1333 3651 φωνῇ
1376 3581 1750 3653 διαμαρτύρε-

154 3683 272 3723 ται.
305 3668 367 3719 Εἰ
402 3666 459 3719 δὲ
500 3684 578 3738 τῳ
617 3670 840 3722 κάκεῖνο
872 3670 895 3709 Ιι
932 3671 1097 3736 δοκεῖ,
1138 3673 1212 3735 ὠς
1260 3673 1453 3740 γένους
1480 3673 1578 3741 μὲν
1606 3675 1753 3727 Χαλ-

156 3757 331 3811 δαίων
388 3756 759 3828 ἐχρημάτιζεν
799 3760 1053 3833 Ἀϐραάμ
1079 3780 1092 3793 ·
1125 3762 1186 3814 τὸ
1227 3763 1303 3828 δὲ,
1364 3765 1457 3817 καὶ
1509 3765 1751 3836 μητράσι

156 3850 259 3903 καὶ
298 3851 602 3923 θυγατράσι
643 3853 737 3905 καὶ
766 3853 1027 3922 ἀδελφαῖς
1081 3855 1336 3927 ὲκθέσμῳ
1368 3856 1518 3928 νόμῳ
1553 3875 1749 3912 συναν-

157 3939 541 4009 ειρύρετο.Ίνα
564 3937 655 3995 οὖν
690 3942 765 4013 μὴ
798 3946 910 4006 τοῖς
966 3944 1241 4016 πατρῴοις
1294 3946 1443 3999 ἔθεσι
1484 3950 1621 4019 μήτε
1650 3948 1750 4001 αύ-

156 4032 275 4097 τὸς,
302 4032 439 4102 μήτε
469 4032 531 4085 τὸ
559 4034 617 4099 ἐξ
650 4034 815 4087 αὑτοῦ
839 4039 1018 4102 γένος,
1070 4038 1510 4105 καταμιαίνοιτο,
1556 4040 1751 4108 τέμνε-

155 4139 276 4187 ται,
308 4124 463 4192 φασὶ,
496 4124 594 4192 τὴν
625 4126 993 4195 ἀκροϐυστίαν
1021 4127 1101 4190 είς
1144 4126 1401 4198 ἀθέτησιν
1431 4128 1532 4200 τῆς
1564 4131 1748 4183 τοιαύ-

155 4233 262 4287 της
292 4217 710 4288 ἀρρητοποιίας,
734 4219 830 4271 καὶ
860 4219 1074 4286 γίνεται
1094 4219 1246 4290 αύτῷ
1266 4221 1365 4291 τῆς
1388 4220 1598 4284 οἰκείας
1618 4238 1750 4291 σαρ-

158 4306 268 4382 ab;
292 4308 325 4377 ὴ
351 4309 646 4378 περιτομὴ,
669 4308 934 4379 διαίρεσις
962 4310 1061 4380 τῆς
1087 4310 1391 4382 προσεχοῦς
1424 4312 1750 4380 συγγενείας

158 4380 269 4449 ὲαϊ
314 4398 654 4467 ἀποστροφὴ,
699 4398 799 4451 ὅσα
836 4415 901 4466 γε
932 4400 1013 4463 είς
1059 4380 1581 4473 ὁμιλίαν-γαμικὴν.
1611 4400 1747 4454 Οὐδὲ

157 4489 275 4559 γὰρ
300 4490 411 4543 οὐδ’
437 4486 506 4559 ἦν
535 4491 787 4560 φωράσαι
833 4492 977 4554 τινὰ,
1011 4492 1152 4561 μετὰ
1190 4491 1291 4562 τὴν
1321 4494 1655 4563 περιτομὴν,
1688 4494 1747 4545 ἐν

154 4586 279 4646 τοῖς
310 4582 369 4647 ἐξ
400 4584 631 4652 αἵματος
673 4583 925 4653 ’Δόραάμ
965 4586 1084 4645 ταῖς
1123 4584 1401 4647 τοιαύταις
1448 4584 1744 4654 ἐνισχημὲ-

157 4692 255 4729 νον
288 4676 719 4747 ἀρῤητουργίαις
741 4691 756 4707 ο
790 4677 889 4746 τῆς
916 4677 1228 4747 Χαλδαῐκῆς
1267 4677 1539 4749 ἀκρασίας
1570 4677 1744 4740 ἀδεῶς

155 4766 260 4820 καὶ
303 4766 749 4836 ἀνεπαισχύντως
788 4770 1042 4839 μακροῖς,
1079 4769 1177 4821 καὶ
1214 4767 1352 4840 μετά
1376 4766 1570 4832 ταῦτα,
1612 4766 1743 4837 χρό-

154 4876 275 4921 νοις
307 4857 375 4910 τά
405 4857 633 4912 τοιαῦτα
671 4859 1216 4931 δραματουργούσης.
1258 4858 1417 4912 Ἀ)λά
1454 4858 1615 4911 τοῦτο
1643 4858 1744 4928 μὲν

152 4948 237 5011 ὡς
264 4947 417 5017 φίλον
451 4950 667 5021 ἑκάστῳ
692 4951 787 5003 καὶ
808 4948 1080 5020 νομιζέτω
1104 4966 1118 4979 ·
1144 4950 1510 5022 ἀφορισθῆναι
1561 4951 1743 5021 μέντοι

154 5042 224 5095 τὸ
268 5041 517 5111 Ἀϐραὰμ
575 5042 682 5095 ἔδει
744 5044 935 5111 γένος’
974 5043 1190 5114 πρῶτον
1232 5043 1348 5114 μὲν,
1386 5043 1473 5095 ἵνα
1521 5043 1597 5114 μὴ
1630 5044 1743 5107 τοῖς

158 5133 347 5198 ἄλλοις
376 5133 588 5187 ἔθνεσιν
619 5136 1074 5206 ἐπιμιγνύμενον,
1116 5136 1209 5188 καὶ
1247 5134 1392 5188 κατά
1419 5137 1615 5208 μικρὸν
1633 5138 1745 5199 τοῖς

158 5226 391 5278 ἐκείνων
423 5224 643 5289 τρόποις
675 5224 1104 5296 ύποσυρόμενον,
1154 5223 1251 5294 τῆς
1294 5240 1354 5277 τε
1400 5223 1607 5283 οἰκείας
1659 5223 1748 5275 εύ-

162 5316 386 5380 σεὸείας
444 5317 807 5388 παρατροπην
883 5316 1053 5387 πάθῃ,
1112 5317 1358 5378 καὶτοῖς
1399 5315 1621 5368 ἐκείνων
1656 5314 1749 5368 λα·

162 5413 372 5485 τρεύσῃ
404 5412 770 5484 βδελύγμασιν
795 5428 809 5443 ·
840 5414 1053 5479 ἔπειτα,
1082 5415 1169 5467 ἴνα
1201 5414 1297 5484 τῆς
1336 5414 1489 5478 θείας
1514 5415 1749 5484 ύποσχέοο

1854 3387 1947 3442 Dei
1980 3386 2189 3441 calculo
2223 3387 2512 3456 dependet,
2558 3398 2615 3441 ut
2646 3386 2847 3441 Paulus
2874 3390 3066 3445 harum
3104 3407 3287 3446 rerum
3315 3408 3435 3463 my-

1852 3487 2116 3549 stagogus
2150 3479 2296 3533 clara
2328 3493 2461 3534 voce
2503 3487 2753 3535 testatur.
2784 3479 3023 3535 Ulterius
3044 3522 3058 3544 .
3084 3491 3138 3536 et
3166 3482 3294 3537 illud
3326 3482 3434 3537 for-

1858 3570 2021 3624 tassis
2048 3570 2298 3624 arriserit
2329 3570 2491 3624 alicui
2515 3610 2530 3633 ,
2573 3571 2718 3640 quod
2756 3588 2787 3626 e
2813 3582 2971 3642 gente
3004 3574 3256 3629 Chaldtca
3287 3577 3434 3631 orie-

1856 3662 2016 3717 batur
2036 3662 2337 3736 Abraham,
2358 3662 2448 3717 ubi
2477 3663 2763 3728 matribus,
2802 3665 3036 3731 filiabus,
3073 3676 3126 3721 et
3153 3669 3434 3724 sororibus

1851 3755 1918 3809 de
1981 3756 2381 3810 consuetudine
2443 3756 2609 3824 impia
2684 3758 2976 3813 carnaliter
3039 3760 3433 3821 miscebantur.

1851 3849 2155 3916 Quocirca,
2201 3864 2269 3904 ne
2298 3864 2394 3918 per
2435 3850 2649 3919 patulos
2696 3866 2874 3905 mores
2913 3852 2998 3906 vel
3032 3852 3258 3922 ipsemet
3298 3855 3423 3925 pol-

1852 3942 2115 4005 lueretur,
2151 3942 2233 3997 vel
2266 3942 2336 3997 ab
2368 3942 2460 3996 illo
2489 3942 2905 4009 descendentes,
2938 3946 3435 4003 circumcidebatur

1851 4035 1898 4089 ei
1925 4036 2273 4104 praeputium,
2308 4052 2420 4106 quo
2447 4037 2527 4092 sic
2556 4036 2809 4092 aboletur
2841 4038 3157 4109 hujusmodi
3195 4040 3431 4096 nefanda

1851 4125 2174 4193 turpitudo,
2218 4133 2382 4194 atque
2430 4129 2503 4180 ita
2549 4128 2897 4183 accrescebat
2938 4130 2989 4184 ei
3037 4146 3151 4185 sua:
3200 4132 3435 4201 propria:

1850 4216 2035 4270 carnis
2071 4216 2457 4286 circumcisio,
2496 4227 2554 4272 ut
2596 4220 2796 4276 divisio
2830 4222 2899 4275 ab
2939 4221 3191 4279 afﬁnibus
3219 4224 3336 4279 suis
3381 4233 3435 4278 et

1851 4309 2307 4379 consanguineis,
2354 4326 2419 4366 ac
2450 4321 2714 4380 quantum
2744 4313 2809 4367 ad
2846 4314 3149 4369 maritalem
3182 4317 3431 4386 copulam

1850 4400 2150 4469 spectabat,
2186 4402 2423 4457 aversio.
2473 4400 2590 4456 Non
2623 4402 2768 4456 enim
2820 4404 2902 4457 vel
2936 4402 3120 4458 furtim
3152 4407 3278 4474 quis
3312 4415 3434 4474 post

1849 4495 2328 4549 circumcisiouem
2351 4510 2381 4549 e
2396 4494 2663 4565 sanguine
2682 4495 2959 4549 Abraham
2980 4494 3219 4552 infandis
3241 4498 3432 4550 istius-

1851 4587 1998 4642 modi
2038 4587 2477 4666 impediebatur:
2514 4603 2640 4642 cum
2674 4586 3057 4641 Chaldazorum
3094 4587 3317 4643 lascivia
3350 4588 3433 4643 af-
3481 4654 3487 4666 ο

1853 4680 2006 4735 fatim
2070 4689 2126 4736 et
2170 4680 2513 4751 impudenter
2558 4683 2626 4735 ad
2682 4682 2851 4736 multa
2903 4690 3026 4751 post
3074 4681 3192 4737 haec
3235 4683 3433 4737 saecula

1853 4773 2292 4844 prostitueretur.
2327 4771 2431 4828 Sed
2458 4772 2673 4827 fruatur
2702 4773 2789 4827 hic
2812 4775 3045 4843 quisque
3063 4772 3270 4843 judicio
3294 4790 3429 4829 suo:

1852 4878 2000 4919 certe
2031 4869 2149 4918 erat
2177 4879 2402 4919 necesse
2450 4872 2509 4918 ut
2540 4864 2834 4918 Abrahami
2876 4864 3163 4934 progenies
3209 4880 3432 4934 separa-

1852 4966 2005 5011 retur
2045 4974 2058 5011 :
2111 4957 2360 5026 inprimis
2389 4996 2405 5022 ,
2462 4972 2529 5011 ne
2566 4957 2826 5026 permista
2870 4956 3084 5011 cazteris
3118 4957 3433 5012 nationibus

1852 5050 2067 5105 illarum
2106 5051 2353 5106 moribus
2395 5050 2657 5120 paulatim
2699 5049 3097 5113 abduceretur,
3134 5048 3271 5103 facta
3314 5050 3433 5120 pie-

1853 5144 1982 5198 tatis
2021 5144 2312 5215 cultusque
2344 5142 2649 5197 mutatione
2673 5183 2687 5207 ,
2723 5149 2777 5197 et
2812 5142 2884 5195 ita
2929 5140 3282 5196 exsecrandis
3312 5141 3401 5194 illa

1855 5251 1976 5289 rum
2024 5235 2197 5290 sacris
2242 5234 2562 5301 inserviret;
2608 5234 2885 5300 secundo,
2934 5242 2995 5287 ut
3046 5230 3434 5303 promissionis

1855 5324 2055 5379 divinae
2079 5339 2348 5395 apparens
2391 5333 2446 5380 et
2476 5324 2786 5396 cuicunque
2814 5323 3171 5395 intelligibilis
3214 5323 3337 5377 finis
3378 5330 3434 5376 et

1854 5414 2117 5484 perfectio
2148 5415 2487 5483 redderetur,
2507 5414 2803 5471 Abrahami
2828 5412 3037 5471 semine
3089 5412 3144 5468 in
3184 5412 3436 5466 innume-

1468 5594 1703 5651 VARIAZ
1747 5595 2150 5656 LECTIONES.

280 5706 298 5748 ι
339 5695 400 5752 C.
433 5694 504 5752 Μ.
543 5696 635 5751 τὸν
662 5696 920 5767 Χριστόν.
1000 5694 1022 5735 ¹π
1047 5696 1111 5753 C.
1155 5695 1220 5750 M.
1259 5695 1444 5750 εἰδετω
1483 5694 1717 5751 κάκεῖνο.
