3880 6206
2481 125 2532 149 Ὦ

843 246 876 280 ο
994 261 1010 273 ι,

473 269 579 333 639
846 269 874 280 ⁷
994 269 1008 273 ⁷
1098 276 1129 288 ”
1636 270 1899 333 ΡΠΟΤΙΙ
1940 272 2059 333 PA']

2164 273 2445 333 .ARCHXE
2479 273 2586 335 (ΖΡ.
3644 275 3755 340 640

475 385 709 442 rabilem
738 385 1138 441 multitudinem
1183 384 1548 457 multiplicato
1603 395 1659 442 et
1689 397 2059 444 cxcrescente.

2170 405 2308 453 σεως
2338 390 2589 459 ἐναργὲς,
2624 388 2714 442 καὶ
2745 389 2882 442 πᾶσι
2920 388 3202 460 γνώριμον
3245 388 3306 442 τὸ
3349 389 3530 462 πέρας
3563 388 3750 462 δειχθῇ

476 477 631 546 Quod
668 477 714 533 si
759 491 886 532 cum
931 477 1145 533 caeteris
1190 477 1508 532 nationibus
1542 478 1790 549 permisti
1827 480 2059 536 mansis-

2168 482 2248 545 είς
2279 481 2653 554 ἀναρίθμητον
2681 480 2890 551 πλῆθος
2917 481 3012 536 τοῦ
3039 482 3101 548 ἐξ
3139 482 3346 554 Ἀϐραὰ
3357 501 3397 554 μ
3433 482 3751 554 σπέρματος

479 582 623 640 sent,
654 571 860 627 veritas
901 571 1287 642 promissionis
1319 571 1612 642 adimpleta
1650 587 1760 627 non
1800 587 2062 643 agnosce-

476 672 662 729 retur,
709 678 811 718 nec
851 663 1144 718 multitude
1173 671 1340 717 tanta;
1369 670 1518 717 esset
1546 662 1936 727 admirationi,
1967 662 2060 718 ubi

477 756 772 824 separatim
828 755 874 810 si
930 764 1195 824 agerent,
1251 762 1307 808 et
1358 753 1743 822 rempublicam
1793 755 2059 826 privatam

480 851 781 897 tuerentur.
809 839 1021 906 Tertio,
1057 841 1204 912 quod
1233 851 1361 895 ante
1395 841 1532 896 alias
1559 856 1758 897 causas
1781 852 2058 908 censetur,

480 933 924 1004 quandoquidem
944 932 1039 988 Dei
1068 934 1264 989 dilecto
1295 942 1349 989 et
1375 934 1618 1004 diligenti
1639 934 1804 989 Deum
1829 935 2063 990 Abrahm

476 1035 698 1096 pactum
741 1027 916 1082 fuerat
958 1045 972 1081 :
1007 1045 1024 1078 ι
1047 1025 1106 1080 ln
1139 1029 1347 1082 semine
1377 1036 1477 1083 tuo
1513 1029 1902 1084 benedicentur
1934 1029 2061 1083 nui-

477 1133 652 1173 versa:
681 1118 871 1173 mundi
904 1117 1156 1173 nationes
1175 1117 1300 1171 π’.»
1325 1116 1438 1173 Hoc
1454 1128 1670 1189 pactum
1703 1135 1732 1174 a
1757 1121 1905 1174 nullo
1932 1135 2062 1190 pro-

479 1204 896 1282 gredi'poterat,
929 1227 1095 1282 quam
1137 1228 1168 1266 a
1197 1211 1528 1276 Conditore,
1568 1222 1624 1266 et
1654 1212 1912 1268 inell‘abili
1960 1227 2060 1268 sua

477 1302 817 1373 providentia
855 1301 1060 1372 ubique
1109 1301 1310 1357 diﬂ'usa
1361 1313 1416 1358 et
1459 1303 1818 1358 disseminata
1870 1319 2062 1359 omnes

478 1397 870 1466 complectente
899 1414 912 1450 :
945 1395 1257 1450 communis
1293 1395 1438 1449 enim
1464 1395 1754 1450 Formator
1779 1397 1925 1451 solus
1958 1411 2060 1466 poe-

479 1498 618 1544 terat
691 1499 799 1544 tam
854 1503 1200 1543 communem
1270 1487 1700 1542 benedictionem
1768 1487 2057 1556 impertiri.

482 1580 813 1648 Enimvero,
863 1596 990 1636 cum
1036 1581 1138 1635 boc
1190 1581 1371 1650 ipsum
1411 1579 1754 1635 Provisorem
1802 1581 1954 1635 illum
1991 1567 2059 1636 ad

477 1674 918 1730 incarnationem
950 1714 966 1739 ,
1016 1673 1162 1745 quod
1221 1675 1520 1729 maximum
1561 1683 1685 1739 est,
1715 1674 2057 1741 destinaret;

2166 571 2577 641 πληθυνομένου
2609 573 2703 624 καὶ
2733 570 3006 636 αὔξοντος.
3036 573 3113 626 Οὐ
3150 572 3260 644 γὰρ
3287 577 3356 627 ἂν
3405 573 3612 643 ὁμοίως
3638 577 3754 635 τοῖς

2165 659 2349 724 ἄλλοις
2376 658 2558 712 ἔθνεσι
2593 661 3034 732 συμφυρομὲνων
3065 661 3128 715 τό
3157 678 3218 716 τε
3269 662 3371 733 τῆς
3417 663 3756 732 ἐπαγγελίας

2165 750 2396 818 ἀψευδὲς
2437 750 2788 820 ἐγινώσκετο,
2819 751 3002 806 καί-τὸ
3030 753 3125 806 τοῦ
3178 753 3419 826 πλήθους
3444 757 3753 826 παράδοξον

2165 843 2530 914 ἐθαυμάζετο.
2557 843 2746 915 ὥσπερ
2775 844 2900 900 καθ’
2933 845 3163 910 ἑαυτοὺς
3221 848 3317 900 καὶ
3368 850 3754 920 ἀφορισμένην

2165 937 2265 1005 τὴν
2296 935 2571 989 πολιτείαν
2596 937 2848 1007 ἐχόντων.
2884 938 2994 992 Καὶ
3022 938 3231 1008 τρίτον,
3265 939 3294 992 ὃ
3319 940 3418 993 καὶ
3437 940 3551 993 τῶν
3575 940 3753 994 ἄλλων

2166 1025 2314 1079 ἐστιν
2375 1026 2505 1080 ἰδεῖν
2557 1026 2920 1093 αἰτιώτατον,
2967 1029 3201 1100 ἐπείπερ
3249 1030 3638 1102 ὑπεσχημένον
3685 1028 3754 1104 ἦν

2164 1116 2245 1188 τῷ
2265 1116 2506 1186 θεοφιλεῖ
2555 1119 2826 1190 Ἀϐραὰμ,
2859 1121 2917 1172 ἐν
2943 1120 3025 1191 τῷ
3056 1122 3332 1193 σπέρματι
3363 1124 3534 1176 αὐτοῦ
3575 1125 3755 1179 πάντα

2161 1209 2233 1262 τὰ
2279 1209 2407 1280 ἔθνη
2447 1209 2930 1283 εὐλογηθήσεσθαι.
2986 1211 3159 1266 Τοῦτο
3186 1215 3244 1267 δὲ
3267 1214 3334 1268 δι’
3364 1216 3754 1280 οὐδενὸςάλλου

2161 1300 2388 1354 δυνατὸν
2408 1297 2476 1371 ἦν
2507 1301 2813 1372 προελθεῖν,
2846 1301 2960 1356 ἀλλ’
2996 1302 3029 1374 ἦ
3059 1303 3127 1356 δι’
3158 1303 3324 1357 αὐτοῦ
3356 1295 3451 1358 τοῦ
3479 1308 3576 1361 καὶ
3609 1307 3753 1360 πλά-

2164 1407 2376 1458 σαντος,
2409 1395 2503 1448 καὶ
2535 1395 2595 1448 τὸ
2615 1395 2716 1466 τῆς
2745 1395 3006 1466 προνοίας
3047 1397 3286 1466 ἄφατον,
3323 1397 3488 1469 μέχρι
3525 1399 3622 1452 καὶ
3654 1399 3755 1451 αὐ-

2162 1485 2272 1540 τῶν
2335 1487 2449 1541 τῶν
2501 1488 2595 1541 ἐπὶ
2653 1487 2757 1558 γῆς
2789 1488 3071 1553 καθιέντος
3100 1491 3194 1544 καὶ
3232 1492 3548 1562 ἐκχέοντος·
3580 1494 3609 1545 ό
3642 1492 3753 1561 γὰρ

2163 1581 2342 1644 κοινὸς
2365 1568 2615 1654 Πλάστης
2646 1581 2809 1647 αὐτὸς
2833 1583 3070 1650 ,δυνατὸς
3103 1585 3261 1655 μόνος
3293 1587 3390 1639 καὶ
3428 1587 3621 1658 κοινὴν
3652 1588 3753 1659 τὴν

2163 1673 2418 1742 εὐλογίαν
2445 1675 2792 1746 χαρίζεσθαι.
2842 1675 3007 1740 Ἀλλ’,
3057 1677 3245 1749 ἐπειδὴ
3294 1681 3454 1733 τοῦτο
3499 1683 3665 1735 πάλιν
3693 1684 3755 1735 τδ

482 1769 502 1834 (
517 1767 663 1838 quod
699 1767 769 1822 ab
801 1768 953 1822 omni
999 1776 1148 1822 retro
1175 1767 1480 1822 aeternitate
1513 1767 1700 1822 divino
1734 1775 1789 1822 et
1832 1769 2059 1822 abscon-

2171 1765 2432 1834 μέγιστον
2456 1745 2560 1836 τῆξ·
2589 1769 2716 1837 περὶ
2741 1770 2890 1838 ἡμᾶς
2922 1773 3182 1842 προνοίας
3219 1745 3300 1836 εἰς
3332 1763 3754 1844 ἐνανθρώπησιν

477 1860 597 1914 dito
629 1867 764 1914 nutu
797 1859 1158 1915 ordinabatur
1185 1859 1223 1932 :)
1265 1861 1386 1916 ideo
1430 1875 1602 1931 genus
1631 1859 1866 1914 Abrahae
1904 1875 2063 1930 sepa-

478 1961 656 2015 ratur,
685 1962 742 2008 et
767 1968 799 2006 a
825 1953 1211 2007 commistione
1236 1953 1494 2008 eximitur
1514 1951 1745 2007 aliarum
1779 1951 2022 2023 gentium
2046 1967 2060 2005 :

479 2055 541 2100 ut
566 2044 796 2102 Greater
842 2055 897 2101 et
944 2045 1211 2102 Dominus
1252 2054 1509 2101 naturam
1561 2055 1804 2102 nostram
1857 2063 1924 2102 ex
1973 2047 2061 2100 illa

480 2137 651 2206 stirpe
683 2147 1015 2201 assumeret,
1044 2147 1100 2192 et
1123 2138 1375 2194 similiter
1406 2153 1604 2214 aenos
1631 2140 1816 2193 carnis
1847 2147 1902 2192 et
1931 2138 2064 2193 s'an-

479 2229 664 2298 guinis
691 2230 963 2300 particeps
995 2230 1186 2294 ﬁeret,
1227 2245 1338 2299 quo
1366 2229 1509 2300 pacti
1539 2239 1593 2286 et
1633 2230 1888 2300 promissi
1918 2229 2058 2284 veri-

477 2333 562 2378 tas
590 2323 844 2378 omnibus
871 2323 1138 2389 numeris,
1166 2323 1309 2392 apud
1335 2337 1528 2379 omnes
1549 2331 2059 2378 consummaretnr:

478 2430 675 2482 nempe
705 2415 925 2471 Christo
960 2416 1069 2470 Deo
1117 2423 1345 2479 nostro.
1391 2415 1444 2468 in
1493 2431 1604 2486 quo
1645 2426 1830 2487 gentes
1871 2432 2063 2470 omnes

479 2507 876 2563 benedictionis
913 2523 1012 2578 per
1041 2508 1273 2578 gratiam
1306 2508 1604 2578 participes
1633 2509 1812 2574 ﬁunt,
1853 2524 1882 2563 e
1917 2508 2062 2563 lum-

476 2598 563 2654 bis
592 2599 736 2656 illius
769 2615 864 2668 per
900 2600 1173 2670 principia
1234 2600 1602 2670 generationis
1655 2601 1918 2661 humanas,
1963 2601 2064 2654 de-

476 2689 789 2744 scendente.
823 2688 1001 2759 Atque
1037 2689 1149 2744 Itaac
1181 2688 1397 2758 quidem
1432 2689 1718 2754 hactenus,
1754 2691 2057 2744 secundum

477 2781 695 2852 pietatis
738 2795 957 2836 sensum
993 2799 1006 2834 :
1065 2781 1197 2851 quin
1224 2790 1278 2835 et
1317 2781 1450 2836 illud
1490 2781 1586 2836 tibi
1634 2781 1799 2835 etiam
1854 2780 2065 2848 liquere

475 2873 734 2935 arbitror,
758 2872 904 2940 quod
928 2872 1274 2928 circum-cisio
1291 2873 1481 2929 divino
1503 2872 1622 2928 viro
1642 2871 1877 2926 Abrahae
1896 2885 2062 2926 causa

476 2977 824 3034 nequaquam
854 2963 979 3018 ﬁdei
1012 2962 1212 3028 fuerat,
1240 2979 1342 3018 nec
1368 2964 1460 3017 illa
1493 2963 1795 3018 secundum
1826 2962 1947 3017 ﬁdei
1974 2977 2064 3016 or-

482 3055 665 3128 dinem
696 3057 906 3110 eenseri
941 3055 1172 3121 debeat;
1205 3057 1358 3126 prius
1387 3056 1696 3111 crediderat
1730 3063 1785 3110 et
1812 3071 1936 3110 cum
1971 3055 2060 3108 illa
2087 3089 2131 3148 ο

478 3149 610 3203 ﬁdes
685 3148 926 3204 anterior
997 3149 1139 3219 apud
1211 3149 1360 3202 illum
1426 3147 1760 3212 resedisset,
1819 3147 2059 3216 sigillum

477 3242 582 3294 hoc
635 3240 961 3311 impressum
1017 3239 1251 3308 accepit.
1307 3236 1593 3293 Afﬁrmare
1652 3239 1855 3311 igitur,
1911 3240 2056 3308 quod

479 3330 686 3386 idcirco
725 3332 1055 3403 praeputium
1100 3329 1566 3395 abscindebatur,
1599 3338 1660 3384 ut
1687 3330 1922 3386 nudatus
1963 3347 2060 3386 na-

464 3425 752 3480 turalibus
787 3424 1159 3487 ornamentis,
1191 3421 1387 3479 sordes
1419 3422 1671 3492 genitalis
1706 3423 1798 3478 illa
1827 3424 2058 3488 clueret,

475 3516 592 3571 scio
634 3530 874 3586 paganos
906 3524 960 3570 et
997 3512 1218 3568 Jndaans
1266 3531 1280 3567 :
1318 3514 1411 3567 sed
1456 3513 1818 3568 deblaterant.
1850 3513 2056 3570 Contra

472 3622 612 3679 quos
629 3622 754 3661 cum
779 3607 942 3661 multa
961 3605 1093 3660 mihi
1119 3605 1343 3660 dicenda
1369 3613 1682 3676 suppetant,
1701 3621 1823 3676 qua:
1839 3606 2057 3662 abunde

475 3696 730 3753 refellant
778 3701 920 3776 liapc
963 3698 1257 3753 absurdam
1290 3698 1612 3768 Opinionem
1637 3738 1654 3763 ,
1691 3694 1794 3755 hoc
1829 3700 2054 3755 unicum

473 3791 773 3846 edisseram
801 3827 818 3854 ,
850 3792 995 3859 quod
1039 3805 1144 3844 non
1183 3789 1458 3853 illibentcr
1501 3791 1742 3846 audirem
1782 3791 1856 3847 ita
1891 3792 2054 3848 dicti-

475 3892 678 3948 tantes,
707 3882 754 3936 si
783 3890 973 3936 contra
1017 3879 1223 3936 fontem
1255 3880 1564 3938 ellluxiouis
1601 3882 1905 3947 seminalis,
1929 3883 2045 3953 gla-

472 3974 622 4028 dimn
655 3973 737 4026 vel
769 3971 1054 4028 cultellum
1087 3972 1396 4027 adhibitum
1423 3973 1707 4037 vidissent,
1743 3975 1826 4028 vel
1862 3983 2054 4029 contra

474 4075 720 4120 ventrem
744 4105 760 4129 ,
801 4079 966 4134 quem
1003 4067 1238 4135 plurima
1278 4065 1657 4133 immunditie,
1687 4075 1742 4120 et
1770 4066 2055 4121 abomina»

473 4162 569 4216 bili
613 4161 794 4215 adhuc
854 4161 1032 4232 magis
1109 4160 1375 4215 renlctum
1420 4169 1476 4216 et
1539 4161 1848 4230 subjectum
1915 4170 2056 4217 ster-

473 4261 630 4308 nunt.

2164 1857 2255 1909 τὸν
2294 1858 2608 1932 Προνοητὴν
2655 1860 2842 1914 ἐκάλει
2887 1860 3052 1934 (οὕτω
3099 1865 3209 1936 γὰρ
3267 1865 3476 1919 ἄνωθεν
3520 1866 3619 1918 καὶ
3646 1865 3755 1935 πρὸ

2161 1952 2273 2004 τῶν
2303 1952 2515 2007 αἰώνων
2534 1956 2646 2017 τοῖς
2697 1954 2864 2020 θείοις
2927 1956 3022 2009 καὶ
3068 1957 3407 2029 ἀπορρήτοις
3439 1958 3758 2028 προώριστο

2164 2044 2462 2115 νεύμασι),
2497 2045 2586 2099 διὰ
2635 2047 2800 2101 τοῦτο
2838 2048 2919 2100 το
2945 2047 3304 2120 Ἀδραμιαῖον
3353 2050 3514 2118 γένος
3559 2050 3758 2119 ἀφορί-

2166 2134 2336 2199 ζεται,
2378 2135 2474 2189 καὶ
2505 2135 2616 2189 τῶν
2647 2135 2821 2188 ἐθνῶν
2850 2136 2960 2190 τῶν
2991 2135 3166 2190 ἄλλων
3185 2137 3287 2207 τῆς
3318 2137 3606 2208 ἐπιμιξίας
3636 2137 3755 2190 δια-

2164 2225 2414 2296 κρίνεται
2437 2240 2451 2254 “
2483 2225 2571 2278 ἵνα
2593 2224 2686 2278 τοῦ
2711 2226 3062 2298 Δημιουργοῦ
3087 2227 3178 2279 καὶ
3197 2227 3472 2280 Δεσπότου
3494 2226 3596 2300 τὴν
3615 2228 3756 2297 ἡμε·

2163 2319 2330 2389 τέραν
2365 2318 2526 2388 φύσιν
2556 2319 2617 2385 ἐξ
2656 2319 2819 2372 αὐτοῦ
2856 2320 3372 2391 προσλαμϐάνοντος
3393 2361 3408 2386 ,
3440 2321 3538 2374 καὶ
3567 2336 3756 2389 παρα-

2166 2411 2412 2482 πλησίως
2450 2414 2584 2484 ήμῖν
2646 2413 2851 2484 σαρκὸς
2917 2412 3304 2477 κοινωνοῦντος
3349 2415 3444 2467 καὶ
3496 2413 3754 2482 αἵματος,

2166 2503 2423 2574 ἐπίδηλόν
2455 2493 2663 2558 τε’λίαν
2713 2504 2810 2558 καὶ
2855 2505 3154 2576 περιφανὲς
3197 2505 3371 2559 ἅπασι
3401 2505 3464 2559 τὸ
3489 2505 3592 2576 τῆς
3624 2506 3760 2558 ὐπο-

2168 2596 2408 2667 σχὲσεως
2439 2597 2671 2665 ἀψευδὲς
2707 2599 2975 2670 καταστῇ.
3018 2600 3130 2653 Καὶ
3186 2600 3268 2653 ὅτι
3317 2600 3554 2670 Χριστὸς
3620 2599 3756 2660 Θεὸς

2165 2690 2343 2761 ἡμῶν,
2375 2691 2432 2742 ἐν
2459 2683 2504 2759 ᾧ
2537 2691 2712 2746 πάντα
2745 2693 2815 2746 τὰ
2844 2693 2972 2762 ἔθνη
3012 2693 3112 2763 τῆς
3141 2694 3197 2746 ἐν
3253 2692 3440 2764 χάριτι
3490 2692 3754 2760 εὐλογίας

2165 2779 2610 2852 κατηξιώθησαν,
2641 2785 2705 2836 ἐκ
2748 2785 2846 2854 τῆς
2875 2783 3079 2853 ὀσφύος
3126 2785 3337 2838 ἐκείνου
3393 2785 3492 2848 τὰς
3528 2783 3754 2855 πρώτας

2165 2875 2259 2927 καὶ
2304 2874 2653 2944 ἀνθρωπίνας
2713 2877 2888 2947 ἀρχὰς
2917 2877 3017 2931 οὐκ
3067 2877 3384 2949 ἀπηξίωσεν
3412 2874 3566 2946 αὐτῷ
3600 2873 3754 2942 γενέο

2167 2963 2290 3017 σθαι
2317 2967 2418 3036 τῆς
2445 2967 2589 3021 κατὰ
2625 2967 2803 3036 σάρκα
2846 2969 3176 3039 γεννήσεως.
3219 2969 3380 3022 Ἀλλὰ
3429 2968 3612 3022 ταῦτα
3651 2967 3753 3039 μὲν

2165 3057 2261 3110 καὶ
2286 3057 2355 3111 τὰ
2378 3057 2623 3123 τοιαῦτα,
2660 3060 2710 3112 οἱ
2736 3061 2982 3124 εὐσεϐεῖς
3009 3061 3282 3131 λογισμοί.
3317 3062 3554 3115 Κάκεῖνο
3585 3062 3642 3114 δέ
3669 3079 3753 3114 σοι

2163 3149 2323 3220 δῆλον
2379 3147 2534 3221 οἴμαι
2591 3150 2948 3216 καθεστάναι,
2990 3152 3067 3218 ὡς
3110 3155 3211 3226 τὴν
3255 3143 3562 3224 περιτομὴν
3594 3156 3624 3207 δ
3661 3153 3753 3207 θε-

2163 3242 2389 3305 σπέσιος
2430 3242 2704 3314 Ἀϐραὰμ,
2757 3238 2881 3295 οὐτε
2935 3242 3174 3308 πίστεως
3217 3242 3376 3313 ἔσχεν
3422 3244 3631 3306 αἰτίαν,
3687 3243 3749 3295 οὐ

2161 3333 2272 3403 μὴν
2308 3332 2415 3384 οὐδ’
2445 3332 2577 3386 αὐτὸ
2610 3349 2672 3401 γε
2704 3331 2863 3386 τοῦτο
2907 3333 3060 3397 τάξιν
3099 3333 3404 3404 ἐπέχουσαν
3459 3334 3703 3392 πίστεως
3724 3351 3739 3366 ⁸

2162 3425 2562 3494 προεπίστευσε
2619 3424 2749 3496 γὰρ.
2782 3423 2921 3479 ἀλλά
2965 3424 3068 3496 τῆς
3106 3425 3545 3496 προύπαρξάσης
3602 3423 3754 3495 αὐτῷ

2167 3519 2331 3590 μόνον
2383 3520 2657 3590 σφραγίδα
2703 3519 2907 3588 ταύτην
2952 3518 3193 3584 ἐδέξατο.
3229 3519 3301 3572 Τὸ
3335 3519 3521 3588 μέντοι
3550 3536 3616 3587 γε
3663 3518 3752 3572 λέο

2162 3628 2306 3680 γειν,
2335 3610 2409 3674 ὡς
2438 3611 2527 3664 διὰ
2553 3610 2711 3664 τοῦτο
2733 3611 3085 3682 περιετμήθη
3119 3611 3221 3680 τὴν
3249 3611 3648 3680 ἀκροϐυστίαν,
3679 3612 3756 3676 ὡς

2162 3700 2229 3756 ἂν
2259 3701 2470 3772 γυμνὸν
2501 3701 2742 3772 γεγονὼς
2770 3703 2878 3756 τῶν
2931 3706 2994 3756 ἐκ
3027 3703 3244 3773 φύσεως
3295 3704 3750 3775 περιὸ).ημάτων,

2160 3792 2224 3846 τὸ
2269 3793 2586 3862 παιδογόνον
2631 3794 2740 3847 τῶν
2770 3794 2980 3848 ἐκεῖθεν
3021 3795 3212 3864 ρύπων
3259 3795 3558 3870 καθαρεύοι
3585 3837 3600 3861 ,
3637 3794 3754 3853 οῖδα

2166 3887 2266 3956 μὲν
2303 3885 2582 3958 Ἐλλήνων
2616 3889 2795 3951 παισὶ,
2827 3888 2922 3941 καί
2951 3904 3094 3942 τισιν
3131 3889 3402 3943 Ἰουδαίων
3429 3892 3754 3963 πεφλυαρηο

2167 3977 2348 4047 μένον.
2382 3977 2493 4030 Καὶ
2533 3977 2705 4048 μυρία
2740 3977 2923 4046 λέγειν
2945 3977 3083 4047 ἔχων
3107 3979 3245 4049 πρὸς
3268 3978 3469 4043 αὐτοὺς
3490 3979 3597 4050 τῆς
3624 3981 3752 4034 ana-

2164 4089 2266 4126 που
2320 4069 2502 4142 δόξης,
2559 4070 2621 4122 τὸ
2678 4070 2785 4123 τῶν
2829 4069 3068 4140 ἐλέγχων
3105 4070 3336 4140 ἄφθονον
3378 4073 3750 4143 χορηγούσης,

2162 4165 2347 4218 ἐκεῖνο.
2365 4163 2526 4234 μόνον
2555 4163 2684 4231 ἐρω,
2721 4162 2796 4225 ώς
2825 4162 2996 4232 ἡδέως
3030 4164 3096 4216 ἂν
3134 4162 3315 4216 αὐτῶν
3331 4162 3532 4232 ἢκουον
3595 4165 3750 4218 τοῦτο

2165 4252 2458 4322 λεγόντων,
2484 4252 2533 4305 εἰ
2557 4253 2678 4305 κατ’
2703 4251 2874 4322 αὐτῆς
2905 4252 3013 4306 τῶν
3037 4251 3427 4323 σπερματικῶν
3452 4254 3747 4321 ῥευμάτων

471 4348 572 4416 τῆς
628 4350 836 4419 πηγῆς,
868 4347 1086 4420 πρῶτον
1138 4347 1200 4401 τὸ
1237 4347 1392 4416 ξίφος
1440 4347 1669 4401 ἔϐλεπον
1703 4347 2052 4431 φέροντας,ἢ
2094 4348 2236 4403 κατὰ
2261 4347 2569 4418 γαστέρων,
2589 4344 2657 4410 ἃς
2714 4346 2874 4400 αὐτοὶ
2928 4348 3138 4412 ἑαυτοῖς
3177 4349 3273 4401 καὶ
3318 4348 3583 4402 πλειόνων
3611 4351 3746 4401 ἀκα-

473 4443 713 4516 θαρπιῶν
742 4443 834 4497 καὶ
862 4443 1014 4513 βδελυ
1027 4443 1280 4516 ρωτέρων
1305 4443 1610 4515 ὑπονόμους
1639 4443 2038 4515 ὑπεστήσαντο.

578 4584 908 4653 ΟΗᾹΞΞΤΙΟ
949 4584 1063 4641 CVI
1124 4585 1315 4657 [CoisL
1352 4595 1406 4639 ct
1436 4583 1602 4638 Taur.
1636 4581 1948 4654 CXXYHI].
2087 4572 2132 4625 Ῑ)

521 4680 663 4746 Quid
703 4679 972 4749 signiﬁcat
1029 4679 1389 4732 redundantia
1439 4677 1583 4732 verbi
1620 4676 1736 4745 είμί
1785 4675 2014 4746 (suml?

2690 4581 3031 4640 ΕΡΩτιιΣιΣ
3072 4583 3210 4650 Ρςο.

2412 4680 2473 4736 Τί
2501 4677 2788 4748 σημαίνει
2816 4677 2855 4744 ἡ
2884 4674 2989 4728 τοῦ
3027 4674 3143 4743 εἰμὶ
3180 4672 3456 4740 παρολκὴ
3483 4688 3504 4736 ;

948 4794 1090 4844 Edita
1119 4807 1146 4843 a
1167 4793 1488 4853 Montacutio,
1514 4805 1595 4853 ep.
1620 4791 1731 4852 208,
1758 4792 1824 4840 ad
1862 4795 2062 4844 Leonem
2085 4792 2282 4858 philos,
2307 4811 2354 4860 p.
2383 4796 2610 4846 505-506.
2649 4797 2872 4856 Quaestio
2893 4791 3223 4856 grammatica.

538 4899 889 4956 Abundantia
943 4901 1094 4957 vocis
1137 4899 1280 4972 εἰμί,
1311 4916 1449 4965 sum,
1500 4900 1551 4954 in
1600 4901 2059 4971 compositaora-

2247 4902 2314 4960 Ἦ
2343 4905 2439 4959 τοῦ
2466 4905 2584 4974 εἰμί
2621 4902 2908 4976 παρολκὴ,
2943 4901 3041 4971 τῆς
3071 4898 3188 4968 ἐγὼ
3219 4897 3572 4967 ἀντωνυμίας
3613 4897 3751 4950 κατὰ

471 4996 640 5060 tione,
667 5011 791 5051 cum
815 4998 1140 5066 pronomine
1159 5012 1253 5066 ego
1277 4995 1640 5066 praecedente,
1686 4995 1948 5067 frequens
1977 5006 2059 5051 est

2167 4998 2419 5053 σύνθεσιν
2446 4996 2913 5071 προηγησαμένης
2933 5038 2948 5061 ,
2978 4992 3208 5065 σύνηθες
3235 4991 3337 5062 μέν
3373 4991 3492 5044 ἐστι
3527 4994 3595 5062 τῇ
3633 4991 3750 5060 θεία

470 5088 524 5143 in
556 5089 757 5145 divinis
791 5089 1038 5154 Litteris,
1080 5105 1183 5145 nec
1217 5099 1398 5144 tamen
1453 5089 1658 5144 crimen
1693 5090 1842 5145 subit
1893 5089 2059 5147 sola:-

2165 5092 2396 5163 Γραφῇ,
2443 5086 2559 5144 ἀλλ’
2592 5086 2850 5159 οὐδεμίαν
2897 5086 2986 5141 διὰ
3018 5085 3176 5141 τοῦτο
3205 5084 3447 5138 σολοίκου
3497 5083 3750 5153 γλώσσης

467 5183 627 5240 cismi
673 5202 685 5237 :
737 5183 782 5239 si
827 5183 896 5238 de
935 5184 1041 5239 hoc
1071 5183 1310 5247 dubites,
1372 5183 1640 5256 recogita,
1669 5182 1843 5237 Ἔνιοι
1890 5199 2056 5247 τινες*

2175 5183 2353 5236 αἰτίαν
2386 5181 2706 5253 παρέχεται.
2735 5181 2795 5234 Εἰ
2825 5179 2884 5233 δέ
2920 5197 2985 5248 γε
3008 5178 3428 5247 διαμφισϐητεῖς
3447 5219 3460 5242 ,
3489 5177 3748 5246 ἐννοήσας

470 5278 618 5346 Σφᾶς
666 5277 867 5341 αὐτούς
893 5294 908 5309 °
958 5275 1233 5346 ’Δπῆλθεν
1282 5275 1442 5347 ἔχων,
1476 5291 1600 5346 qua).
1644 5274 1955 5331 redundant
1998 5275 2055 5330 in

2166 5276 2227 5329 τὸ
2253 5317 2268 5339 ,
2322 5275 2493 5328 Ἕνιοί
2545 5290 2691 5338 τινες
2723 5289 2736 5302 ·
2775 5275 2870 5327 καὶ
2903 5273 2998 5335 τὸ,
3050 5272 3198 5338 Σφᾶς
3243 5270 3470 5332 αὐτοὺς,
3502 5270 3601 5321 καὶ
3655 5269 3745 5331 τὸ,

467 5369 782 5424 Graecorum
817 5368 995 5433 libris,
1048 5377 1103 5424 et
1131 5368 1205 5424 ita
1237 5368 1442 5424 desiste
1468 5367 1796 5423 addubitare
1842 5385 1856 5420 :
1909 5375 2058 5438 patet

2177 5367 2446 5438 Ἀπῆλθεν
2471 5365 2609 5437 ἔχων
2628 5405 2644 5430 ,
2667 5365 2702 5419 ὃ.
2734 5367 2850 5428 τοῖς
2890 5365 3218 5432 Ἑλληνικοῖς
3253 5361 3542 5424 πλεονάζει
3565 5361 3748 5430 γράμ-

467 5462 635 5527 enim,
661 5462 804 5531 quod
822 5461 974 5527 ἔνιοι,
1005 5478 1128 5517 cum
1159 5477 1292 5518 voce
1319 5461 1486 5528 τινες,
1506 5463 1668 5532 σφᾶς,
1693 5473 1816 5518 cum
1835 5462 2056 5528 αὐτοὺς,

2170 5477 2305 5532 μασι
2334 5501 2350 5526 ,
2399 5459 2598 5529 στῆσον
2634 5459 2830 5513 σαυτὸν
2850 5457 2952 5525 τῆς
2986 5440 3403 5526 ἀμφισϐήσέως.
3439 5453 3610 5523 Δῆλον
3640 5451 3748 5519 γὰρ

470 5569 579 5608 non
627 5553 837 5622 aliquid
887 5554 1037 5610 aliud
1091 5556 1426 5629 signiﬁcant,
1468 5570 1632 5627 quam
1667 5555 1813 5626 quod
1863 5554 2059 5626 primis

2165 5552 2242 5616 ὼς
2268 5552 2330 5606 τὸ
2348 5593 2363 5618 ,
2399 5551 2560 5620 τινὲς
2579 5593 2594 5620 ,
2629 5551 2768 5623 μετὰ
2802 5549 2895 5604 τοῦ
2925 5549 3075 5603 ἔνιοι
3096 5587 3111 5613 ,
3157 5547 3250 5600 καὶ
3275 5547 3336 5600 τὸ
3364 5542 3529 5614 σφᾶς
3550 5585 3564 5610 ,
3612 5543 3750 5615 μετὰ

539 5736 604 5769 ⁷⁸·
639 5734 774 5792 Gen.
802 5752 899 5802 xu,
927 5737 982 5791 '5.
