3880 6206
158 268 280 351 541‘

1000 275 1100 345 AD
1125 262 1721 345 AMPHILOCHIUM
1749 276 2096 356 QUIESTIO
2124 278 2541 346 CXVI-CVIII.

3326 287 3433 349 642

161 401 250 457 τοῦ
280 400 504 471 αὐτοὺς
528 440 545 465 ,
569 397 722 454 οὐδὲν
743 397 933 471 ἕτερον
959 440 972 464 ,
1001 399 1121 453 ἀλλ’
1146 401 1281 472 ὅπερ
1310 399 1534 471 ἐδήλουν
1561 400 1744 454 αὐτῶν

1848 398 2079 454 vocibus
2104 399 2518 469 designabatur.
2540 398 2608 454 Et
2627 407 2774 469 patet
2800 398 2944 455 hanc
2976 404 3142 455 unam
3173 415 3293 456 esse
3312 418 3447 470 ενα-ι

156 500 207 552 ai
232 495 674 567 προτεταγμέναι
697 491 1025 565 σημαίνουσι
1053 492 1247 558 λέξεις.
1275 493 1348 545 Τὸ
1373 493 1430 545 δὲ
1456 489 1747 547 τοιούτων¹

157 586 373 656 εὔδηλον
399 626 413 649 ,
464 586 539 649 ὡς
575 586 673 656 μία
701 586 785 647 τίς
833 586 980 638 ἐστιν
1018 586 1130 638 ἰδέα
1171 586 1271 656 τῆς
1315 585 1599 656 παρολκῆς
1653 583 1747 638 καὶ

159 680 339 749 σχῆμα
359 678 543 747 λόγου,
570 677 685 731 ἀλλ’
718 678 778 730 οὐ
812 678 1054 740 σόλοικος
1083 675 1276 746 ἄγνοια
1300 693 1315 708 ⁵
1340 678 1434 730 καὶ
1466 676 1527 730 τὸ
1547 718 1561 741 ,
1591 678 1749 745 ἔχων

155 773 207 826 δὲ
242 772 500 834 πολλάκις
532 771 670 839 μετὰ
696 771 791 825 τοῦ
829 772 1127 838 ἀπῆλθες,
1174 771 1207 843 ἢ
1239 769 1334 824 τοῦ
1377 769 1664 838 βαδίζεις,
1711 771 1745 842 ἢ

157 865 243 917 τοῦ
272 864 580 930 σπεύδεις,
606 864 702 917 καὶ
733 864 872 935 μετὰ
896 863 1157 916 πλειόνων
1181 862 1356 918 ἄλλων
1372 905 1385 926 ,
1409 866 1467 916 ὲν
1498 864 1744 935 ὑποταγῇ

158 956 555 1026 συντιθέμενον,
577 956 726 1026 παρὰ
752 960 863 1019 τοῖς
882 959 993 1020 σοῖς
1016 958 1297 1025 σοφισταῖς
1318 956 1470 1009 οὐδὲν
1487 957 1625 1019 ὅλως
1646 974 1746 1029 σηο-

161 1052 351 1119 μαῖνον
382 1050 719 1119 εὑρίσκεται,
754 1049 867 1102 ἀλλ’
890 1049 1023 1102 αὐτὸ
1051 1047 1213 1101 τοῦτο
1243 1048 1523 1121 παρολκῆς
1551 1047 1747 1118 ἐπέχον

160 1141 333 1193 τόπον.
350 1139 480 1193 Εἰδὲ
496 1142 589 1193 καὶ
612 1143 913 1211 ἐγγυτέρας
934 1140 1111 1211 βούλει
1134 1137 1745 1211 κατασιωπηθῌαιτοῖς

157 1233 599 1303 παραδείγμασιν
625 1275 638 1295 ,
670 1233 791 1286 οὐδὲ
819 1234 976 1287 τοῦτο
1012 1235 1267 1303 παρήσω.
1302 1232 1481 1307 Αὑτοῦ
1514 1233 1623 1301 γὰρ
1647 1232 1742 1286 τοῦ

155 1325 267 1393 εΙμὶ
316 1325 416 1394 τὴν
446 1325 844 1394 ἁπαρέμφατον
877 1325 1120 1395 ἔγκλισιν
1146 1365 1161 1390 ,
1189 1327 1284 1379 καὶ
1305 1326 1407 1397 τὴν
1435 1326 1592 1380 ἑκὼν
1620 1336 1746 1394 μετ-ι

156 1416 284 1513 οχὴν
314 1456 327 1477 ,
380 1419 460 1479 εἰς
501 1420 723 1513 μνήμην
776 1417 1084 1488 ἀνειληφὼς
1130 1419 1374 1490 (καίπερ
1419 1418 1591 1488 ὀλίγοι
1636 1418 1744 1471 τῶν

171 1504 526 1558 Ἀττικιστῶν
548 1548 561 1570 ,
594 1504 673 1570 οἷς
723 1508 823 1561 οὐκ
861 1507 978 1561 ἔστι
1005 1507 1065 1561 τὸ
1100 1507 1255 1563 ἑκὼν
1280 1505 1434 1563 εἶναι
1469 1510 1580 1564 τῶν
1612 1520 1743 1579 συγέ-

156 1600 504 1668 γραμμάτων
527 1606 586 1653 ἐν
619 1600 785 1671 μοίρᾳ
822 1602 1081 1673 λαμπροῦ
1114 1603 1611 1675 καλλωπίσματος)
1632 1646 1647 1670 ,
1680 1602 1743 1657 εὖ

155 1687 250 1745 οἷδ’
278 1692 363 1745 ὅτι
396 1694 590 1746 σαυτὸν
622 1695 844 1767 αἰτιάσῃ
866 1737 881 1762 ,
913 1696 995 1749 ὅτι
1024 1699 1137 1760 τοῖς
1172 1698 1401 1751 ἐκείνων
1430 1697 1617 1762 πόνοις
1656 1700 1741 1750 ὲν-

1850 495 1992 548 ciem
2022 492 2280 562 parolcite
2306 508 2401 547 seu
2437 494 2833 548 redundantite.
2864 494 3065 565 Figura
3101 505 3186 550 est
3233 499 3443 551 oratio-

1848 585 1957 647 nis,
2005 597 2116 636 non
2171 584 2374 639 soluaca
2440 585 2711 655 ignoratio
2752 603 2764 638 :
2807 598 2857 637 et
2908 601 3052 656 sape
3115 586 3255 656 ἔχων
3309 604 3434 643 cum

1848 670 2092 743 ἀπῆλθες
2126 673 2408 727 substrata
2434 682 2540 727 vox
2562 672 2615 726 in
2642 675 3043 744 compositiOne
3065 677 3205 743 apud
3259 678 3435 745 sophi-

1852 772 1966 822 Stas
2016 775 2140 818 tuos
2189 765 2327 819 nihil
2368 765 2515 820 aliud
2561 770 2714 820 notat
2760 782 2924 836 quam
2961 766 3213 837 βαδίζεις,
3266 770 3439 822 σπεύ-

1845 860 1979 925 δεις,
2011 871 2144 927 etc.,
2178 859 2243 913 ad
2290 857 2523 913 fortnam
2559 857 2815 912 nimirum
2848 859 3149 929 παρσλκῆς.
3204 860 3299 914 Sin
3344 839 3452 931 per

1848 953 2116 1009 viciniora
2146 953 2397 1021 exempla
2437 954 2523 1007 vis
2571 962 2630 1006 ut
2660 952 2940 1007 silentium
2972 954 3069 1006 tibi
3101 954 3436 1022 imponatur,

1850 1048 1906 1102 id
1956 1064 2064 1102 non
2119 1048 2554 1117 prastermittam.
2587 1044 2750 1101 Vocis
2781 1046 2899 1116 eiul.
2931 1046 3262 1100 infinitivum
3311 1063 3436 1100 cum

1848 1142 2138 1211 participio
2183 1141 2237 1193 in
2274 1140 2600 1194 memoriam
2631 1150 2897 1193 remeans
2930 1140 3077 1208 (licet
3122 1142 3280 1209 pauci
3325 1141 3438 1194 sint

1847 1235 1989 1289 inter
2020 1234 2327 1299 Atticislas,
2353 1233 2446 1302 qui
2486 1248 2593 1286 non
2631 1230 2773 1285 ἑκὼν
2810 1227 2971 1297 εἶναι,
3015 1242 3075 1286 ut
3108 1244 3436 1288 ornamento

1845 1327 2110 1382 orationis
2135 1326 2414 1397 utuntur),
2436 1328 2575 1394 scio,
2592 1328 2828 1397 teipsum
2849 1330 3114 1400 culpabis,
3142 1331 3289 1401 quod
3310 1348 3438 1386 cum

1845 1420 1899 1474 in
1938 1424 2130 1475 eorum
2164 1420 2388 1489 scriptis
2416 1426 2669 1474 versatus
2704 1420 2895 1487 fueris,
2931 1422 3023 1477 ubi
3059 1418 3200 1476 εἶναι
3249 1425 3438 1494 saepis-

1845 1514 1985 1569 Sime
2002 1513 2309 1568 redundare
2325 1514 2699 1583 deprehendes
2719 1514 3193 1581 manifestissime,
3210 1533 3312 1572 nec
3337 1517 3439 1570 ali-

1844 1607 1976 1677 quid
2008 1606 2234 1662 omnino
2254 1606 2567 1678 signiﬁcare
2589 1646 2604 1673 ,
2637 1623 2807 1663 ausus
2849 1607 3019 1664 fueris
3060 1611 3437 1665 soloecismum

1847 1699 1917 1755 iis
1947 1700 2238 1770 imputare,
2272 1701 2450 1754 autin
2496 1700 2617 1770 ejus
2652 1704 2841 1756 venire
2870 1702 3242 1772 suspicionem
3271 1703 3294 1756 ?
3327 1703 3440 1757 Cur

151 1783 365 1852 ομιλῶν
387 1824 401 1847 ,
432 1786 529 1838 καὶ
555 1784 617 1838 τδ
640 1782 798 1840 εἶναι
829 1786 1044 1857 βλέπων
1070 1790 1345 1862 παρέλκον
1371 1790 1555 1854 αὐτοῖς
1573 1829 1588 1854 ,
1614 1804 1747 1860 τραέ

1850 1791 2139 1863 igitu‘rnon
2161 1792 2405 1847 metuisti
2430 1804 2653 1863 propter
2688 1794 2837 1848 vocis
2873 1794 2990 1865 εἰμι
3019 1793 3438 1848 redundantiam

155 1872 261 1936 νῶς
299 1874 584 1946 πολλαχοῦ
613 1919 629 1945 ,
676 1878 771 1929 καὶ
823 1877 979 1931 οὐδὲν
1012 1880 1203 1950 νοῆσαι
1247 1896 1262 1911 ο
1305 1880 1585 1952 τολμήσας
1611 1881 1744 1935 ποτὲ

153 1968 460 2039 ὀνειδισμὸν
494 1970 737 2040 σολοίκου
784 1974 1073 2045 φωνῆς,ἥ
1133 1976 1393 2030 ὑπόνοιαν
1443 1976 1628 2040 αὐτοῖς
1680 1975 1743 2029 τὸ

152 2058 398 2112 τοιοῦτον
433 2061 719 2131 ἐμποιεῖν;
760 2065 876 2119 Οὐκ
926 2066 1323 2139 ἐδυσωπήθης,
1359 2067 1449 2121 διὰ
1497 2068 1597 2139 τὴν
1646 2068 1742 2121 τοῦ

149 2150 269 2221 ειμι
310 2153 625 2225 παρολκὴν,
652 2155 966 2238 τὴν(είπερ
997 2155 1064 2232 ἦν
1093 2162 1268 2214 ταῦτα
1309 2160 1563 2233 γλώσσης
1620 2162 1741 2217 Ἐλ-

151 2243 367 2314 ληνίδος
400 2247 743 2321 ἁμάρτημα)
770 2251 972 2322 ὁμοίως
1004 2254 1289 2326 ἑκατέροις
1320 2254 1740 2326 ὲφαρμόζουσαν

148 2335 242 2389 τοῦ
307 2338 627 2404 σολοικίζειν
679 2345 933 2415 γραφὴν,
968 2346 1156 2420 ὥσπερ
1194 2352 1258 2402 ὲκ
1301 2348 1578 2422 βαρϐάρου
1617 2353 1741 2405 ἐπι-ι

148 2429 436 2499 τάγματος
461 2435 605 2487 κατὰ
632 2438 800 2507 μόνης
825 2439 927 2509 τῆς
958 2440 1110 2505 θείας
1132 2441 1291 2513 ἡμῶν
1319 2444 1413 2496 καὶ
1440 2444 1742 2513 ἱερωτάτης

150 2520 225 2589 μὴ
259 2524 741 2593 καταψηφίζεσθαι
773 2531 1027 2603 Γραφῆς;
1065 2534 1206 2587 Ἀλλ’
1240 2530 1334 2589 οὖν
1363 2534 1519 2599 εἰδώς
1552 2553 1643 2589 σου
1680 2538 1740 2587 τὸ

148 2614 244 2683 τῆς
275 2614 501 2687 γνώμης
526 2619 851 2687 ἀδέκαστον,
881 2622 1104 2689 εὔελπίς
1137 2627 1255 2697 εἰμι
1284 2625 1379 2679 τοῦ
1407 2626 1595 2680 λοιποῦ
1623 2665 1638 2690 ,
1673 2626 1734 2680 οὒ

148 2705 317 2774 μόνον
349 2709 544 2778 μηκέτι
577 2729 635 2764 σε
666 2714 735 2768 τὰ
766 2716 991 2771 τοιαῦτα
1026 2718 1119 2770 ὑπ’
1168 2718 1350 2787 αἰτίαν
1379 2720 1515 2791 ὁρᾷν
1544 2737 1559 2751 ·
1592 2719 1730 2773 ἀλλὰ

1852 1884 1922 1957 (si
1948 1891 2096 1940 esset
2124 1884 2180 1938 in
2203 1898 2461 1940 sermone
2486 1884 2677 1940 Graeco
2696 1885 3029 1956 peccatum),
3049 1902 3169 1956 quae
3191 1887 3437 1955 utrisque

1850 1979 2132 2048 competit,
2158 1994 2221 2033 ac
2240 1978 2286 2032 si
2322 1979 2555 2034 barbare
2589 1980 2928 2050 loqueretur,
2959 1995 3174 2036 sacram
3209 1986 3264 2033 et
3292 1979 3437 2033 divi-

1850 2086 1977 2124 nam
2013 2067 2355 2142 Scripturam
2389 2071 2691 2125 iniensare?
2720 2070 2824 2126 Sed
2854 2088 2979 2127 cum
3026 2070 3325 2140 intelligam
3352 2068 3437 2121 in-

1850 2176 2174 2231 corruptum
2207 2171 2362 2217 tuum
2386 2177 2509 2218 esse
2534 2161 2827 2231 judicium,
2855 2178 2980 2232 spes
2999 2171 3247 2216 metenet
3268 2160 3432 2225 bona,

1848 2264 1900 2310 te
1934 2255 2249 2325 hujusmodi
2274 2255 2609 2311 locutionem
2637 2256 2839 2311 dehinc
2874 2272 2981 2312 non
3013 2257 3430 2310 incusaturum:

1842 2351 1939 2404 sed
1979 2352 2023 2405 si
2074 2351 2167 2419 qui
2204 2348 2313 2403 sint
2349 2350 2443 2418 qui
2470 2348 2608 2404 illud
2636 2350 2757 2406 ausi
2789 2348 3015 2416 fuerint,
3053 2358 3106 2404 te
3148 2347 3309 2403 facile
3339 2364 3435 2402 eos

1845 2442 2146 2497 instructos
2175 2442 2229 2496 in
2256 2443 2400 2496 viam
2430 2443 2811 2508 reducturum,
2863 2457 3096 2509 quorum
3128 2440 3438 2511 ignorantia

1845 2535 1995 2604 (nam
2028 2534 2272 2588 audacia:
2307 2542 2483 2588 mater
2518 2543 2604 2590 est
2643 2532 2973 2605 ignorantia)
3009 2534 3078 2588 ad
3126 2533 3232 2587 hoc
3272 2533 3435 2586 modo

1842 2625 2275 2696 delinquendum
2335 2627 2484 2698 ipsos
2532 2627 2815 2693 excitavit,
2874 2635 2929 2681 et
2984 2626 3144 2697 quasi
3186 2625 3289 2679 alis
3350 2624 3439 2678 iu-

1839 2721 2060 2775 struxit.

146 2799 244 2885 ῗῑαῖ
269 2800 326 2852 εἶ
352 2819 495 2867 τινες
526 2804 774 2877 τολμῷεν
806 2810 1206 2883 παραπλησίως
1238 2812 1638 2885 ἐξαμαρτάνειν
1670 2851 1686 2875 ,
1724 2812 1924 2884 ῥᾳδίως
1944 2814 2146 2877 αὐτοὺς
2182 2813 2493 2882 μεθέλκειν,
2521 2816 2613 2867 καὶ
2643 2812 3022 2867 ἀναδιδάσκειν
3068 2807 3142 2866 ὧν
3180 2814 3211 2868 ἡ
3246 2812 3436 2878 ἄγνοιαι

147 2880 408 2964 (θράσους
436 2899 545 2970 γὰρ
568 2901 779 2971 ἀμαθία
837 2880 1067 2977 μήτηρ),
1104 2909 1184 2970 εἰς
1210 2907 1271 2962 τὸ
1300 2880 1644 2978 πλημμελεῖν
1674 2880 1874 2971 αὖτοὺς
1904 2909 2003 2962 ἁνε
2024 2880 2227 2979 πτέρου
2257 2908 2351 2962 καὶ⁴
2386 2908 2727 2981 ἀνηρέθιζεν.

707 3019 1043 3077 ΕΡΩΤΗΣΙΣ
1077 3023 1199 3080 PZ'.

142 3106 249 3161 Διὰ
272 3106 336 3161 τί
364 3107 782 3186 τῷ-τληπαθεῖ
821 3114 1104 3183 Ἠρακλεῖ
1137 3115 1206 3170 τὸ
1230 3116 1342 3184 τῆς
1382 3116 1740 3186 Ἀμαλθείας

401 3178 579 3248 κέρας
629 3184 684 3236 ot
723 3178 969 3253 ποιηταὶ
1019 3178 1493 3257 ἐγχειρίζὸὺσιὴ

1993 3023 2323 3092 ρυΑςεΤιο
2361 3024 2500 3080 cvu
2552 3024 2770 3096 (00551.,
2820 3022 2983 3077 Taur.
3047 3020 3313 3092 CXXIX].

1889 3115 2290 3173 Curlaborioso
2332 3117 2553 3171 Herculi
2598 3127 2766 3181 poeta:
2804 3116 3099 3170 Amalthea:
3148 3131 3315 3169 cornu
3346 3114 3403 3169 in

2380 3190 2629 3243 manibus
2657 3198 2856 3257 ponant
2881 3188 2905 3241 ?

417 3326 556 3382 Edita
581 3346 609 3382 a
633 3334 692 3383 B.
721 3334 784 3383 de
808 3333 1139 3393 Montfaucon,
1163 3331 1397 3383 Biblioth.
1433 3329 1583 3381 Coisl.
1608 3345 1658 3393 p.
1682 3330 1792 3390 547,
1826 3325 1882 3379 et
1902 3343 1931 3379 a
1960 3326 2286 3389 Montacutio,
2315 3343 2398 3392 ep.
2419 3329 2532 3391 209,
2553 3331 2619 3378 ad
2650 3331 2865 3389 Leonem,
2893 3344 2942 3392 p.
2971 3328 3080 3389 506,
3105 3329 3210 3381 507.

224 3434 371 3489 Ἴσθι
398 3436 477 3500 ὡς
529 3437 588 3491 οὐ
634 3439 795 3510 μόνον
824 3439 903 3513 τῷ
933 3439 1202 3511 τληπαθεῖ
1268 3439 1530 3513 Ἠρακλεῖ
1552 3481 1568 3506 ,
1606 3439 1744 3494 ἀλλὰ

144 3529 246 3582 καὶ
284 3528 369 3599 τῷ
400 3526 568 3602 λογίῳ
616 3530 792 3604 Ἑρμῇ
830 3532 890 3586 τὸ
940 3534 1039 3603 τῆς
1083 3532 1413 3603 Ἀμαλθείας
1460 3533 1633 3605 κέρας
1690 3534 1742 3587 οἱ

141 3624 374 3694 ποιηταὶ
422 3626 809 3696 ἐγχειρίζουσι.
849 3626 943 3698 Μὴ
970 3628 1151 3681 τοίνυν
1181 3626 1493 3700 στρατείαις
1522 3627 1617 3681 καὶ
1644 3627 1744 3680 πό-

139 3733 257 3778 νοις
314 3720 650 3786 σωματικοῖς
700 3718 821 3773 ὅλον
871 3720 1099 3774 σεαυτὸν
1131 3720 1343 3786 διδοὺς,
1397 3720 1507 3775 τῶν
1557 3719 1744 3775 καλῶν

140 3807 497 3879 μαθημάτων
525 3810 797 3878 ἀφίστασο
823 3852 838 3875 ,
870 3811 1094 3865 ἐκεῖθέν
1112 3830 1195 3865 σοι
1230 3812 1420 3885 ῥεῦσαι
1460 3813 1622 3884 μόνον
1643 3813 1743 3885 τὴν

136 3901 496 3972 εὐδαιμονίαν
537 3904 631 3958 τοῦ
663 3902 780 3975 βίου
810 3905 1058 3977 οἰόμενος
1086 3922 1101 3938 ’
1140 3906 1277 3961 ἀλλὰ
1321 3909 1416 3962 καὶ
1445 3911 1565 3972 ταῖς
1599 3909 1741 3978 ἠμε-

133 3993 333 4064 τέραις
353 3994 600 4063 εὐγενέσι
630 3993 886 4065 μούσαις,
910 3997 966 4051 αἳ
1001 3998 1112 4053 τῶν
1148 3998 1467 4070 Ἐλληνίδων
1487 4001 1741 4054 τοσοῦτον

130 4086 533 4159 διαφέρουσιν,
582 4092 707 4144 ὅσον
792 4091 1067 4164 ἐλεύθεροι
1104 4092 1296 4161 φύσεις
1333 4094 1536 4147 δούλων
1586 4095 1735 4164 ὴθῶν

131 4180 235 4233 καὶ
266 4180 564 4246 κολακείας
593 4184 826 4253 ἀλήθεια
845 4224 860 4250 ,
880 4183 1025 4238 δίδου
1052 4185 1156 4239 κᾶν
1175 4187 1234 4239 ἐν
1276 4186 1432 4257 μέρει
1467 4188 1535 4240 τὰ
1561 4187 1738 4257 σεμνά

130 4273 234 4326 καὶ
266 4273 406 4343 ἡδέα
436 4273 546 4327 τῶν
571 4274 834 4345 ᾀσμάτων
864 4276 1213 4355 κατεπᾴδειν
1236 4295 1340 4333 σοι.
1383 4275 1457 4332 Τὸ
1497 4279 1596 4350 μὲν
1626 4281 1732 4355 γὰρ

143 4364 493 4435 Ἀμαλθείας
550 4368 719 4437 κέρας
763 4368 859 4420 καὶ
909 4368 986 4439 τῷ
1021 4363 1276 4441 Ἀχελῴῳ
1323 4372 1554 4442 ποταμῷ
1586 4412 1602 4435 ,
1654 4374 1736 4426 ὅτι

126 4460 236 4529 τὴν
270 4458 646 4532 ὑποκειμένην
678 4463 988 4535 περιρρέων
1014 4461 1203 4535 χώραν
1240 4464 1532 4536 πάμφορον
1567 4465 1735 4537 ἐργά-

125 4553 333 4616 ζεται,
388 4554 449 4607 τὸ
502 4570 745 4626 ποιητων
796 4557 1095 4628 αὐτόνομον
1118 4557 1269 4622 ἔθνος
1302 4559 1535 4628 ἑτοίμως
1581 4562 1735 4631 χαρί-

125 4644 351 4709 ζονται.
380 4647 491 4700 Καὶ
537 4648 690 4702 οὐδὲν
721 4648 996 4720 ἀνθρώπῳ
1028 4648 1175 4719 μέγα
1205 4653 1394 4720 τυχεῖν
1428 4644 1503 4703 ὧν
1530 4653 1593 4703 ὲκ
1635 4652 1736 4721 φύ-

126 4753 276 4799 σεως
318 4738 430 4806 ἔχει
459 4740 552 4790 καὶ
581 4738 649 4791 τὰ
678 4738 883 4809 ἄψυχα.
915 4740 1027 4810 Τὴν
1056 4740 1101 4793 δ’
1134 4740 1313 4812 ἀληθῆ
1342 4742 1437 4795 καὶ
1464 4742 1616 4795 θείαν
1643 4744 1733 4795 εὐ.-

1922 3424 2100 3505 Nosti,
2132 3456 2243 3496 non
2273 3440 2450 3494 solum
2491 3440 2772 3495 laborioso
2818 3438 3062 3505 Herculi,
3112 3439 3209 3495 sed
3262 3440 3431 3494 etiam

1850 3534 2069 3589 erudito
2100 3532 2373 3589 Mercurio
2404 3533 2705 3587 Amaltheae
2747 3529 2919 3587 cornu
2942 3547 3132 3603 poetas
3161 3533 3214 3586 in
3249 3533 3431 3589 mani-

1846 3624 1949 3682 bus
1976 3642 2203 3695 ponere.
2260 3622 2341 3679 Ne
2398 3626 2566 3696 igitur
2620 3627 2828 3681 militia:
2864 3626 3257 3695 laboribusque
3308 3640 3431 3681 cora

1845 3719 2028 3788 poreis
2058 3727 2233 3772 totum
2260 3726 2313 3771 te
2334 3716 2561 3784 dedens,
2597 3734 2626 3772 a
2646 3718 2804 3772 bonis
2825 3718 3134 3787 disciplinis
3167 3718 3427 3781 absistas,

1843 3818 1996 3863 ratus
2032 3808 2184 3864 illinc
2233 3814 2447 3862 tantum
2485 3807 2580 3862 tibi
2615 3809 2885 3862 Orituram
2917 3808 3044 3863 vita:
3064 3807 3378 3863 felicitatem
3412 3823 3427 3864 :

1841 3901 1938 3958 sed
1974 3902 2141 3956 etiam
2175 3900 2457 3955 nobilibus
2507 3903 2682 3958 musis
2716 3904 2942 3966 nostris,
2976 3920 3098 3972 qua:
3155 3914 3365 3958 tantum
3398 3922 3429 3959 a

1842 3994 2186 4050 Graecanicis
2216 3994 2326 4049 illis
2356 3992 2641 4064 differunt,
2674 4006 2943 4066 quantum
2996 3998 3183 4052 libera:
3222 4006 3430 4053 natura:

1838 4103 1869 4142 a
1924 4088 2217 4144 servilibus
2264 4089 2514 4146 moribus
2542 4132 2561 4157 ,
2613 4098 2670 4144 et
2717 4089 2786 4144 ab
2845 4089 3157 4144 adulatione
3202 4091 3428 4153 veritas,

1839 4182 2083 4237 concede
2114 4192 2171 4237 ut
2195 4183 2277 4236 vel
2312 4198 2381 4238 ex
2414 4193 2573 4254 parte
2602 4183 2830 4252 honesta
2867 4182 3167 4255 dulciaque
3209 4184 3425 4239 cantica

1839 4274 1936 4329 tibi
2002 4273 2378 4329 modulentur.
2442 4275 2581 4328 Nam
2636 4274 2942 4329 Amalthea:
3018 4290 3193 4330 cornu
3258 4276 3426 4330 etiam

1843 4367 2085 4423 Acheloo
2130 4365 2323 4434 fluvio,
2379 4369 2508 4438 quia
2567 4367 2875 4437 subjectam
2934 4376 3135 4422 terram
3192 4368 3430 4422 circum-

1836 4461 2013 4518 ﬂuens
2042 4462 2287 4517 feracem
2325 4462 2527 4525 reddit,
2555 4460 2723 4515 libera
2754 4469 3041 4530 poetarum
3074 4460 3225 4513 natio
3252 4460 3429 4514 liben-

1837 4567 1921 4611 ter
1948 4556 2222 4611 attribuit.
2259 4554 2446 4625 Neque
2492 4554 2680 4626 magni
2718 4553 2981 4608 momenti
3018 4553 3227 4607 homini
3264 4570 3428 4623 repu-

1836 4656 2010 4712 tatur,
2038 4662 2101 4701 ea
2143 4647 2362 4718 assequi
2397 4662 2519 4717 quae
2546 4645 2631 4700 vel
2667 4645 2967 4699 inanimata
2993 4644 3109 4716 ipsa
3134 4660 3197 4700 ex
3228 4652 3425 4700 natura

1837 4738 2061 4794 habent.
2091 4739 2290 4795 Veram
2348 4749 2556 4801 autem,
2606 4737 2846 4792 divinam
2880 4746 2933 4791 et
2969 4738 3178 4791 homini
3209 4752 3421 4792 conve-

122 4827 430 4900 δαιμονίαν
465 4829 561 4881 καὶ¹
589 4831 864 4901 ἀνθρώπῳ
895 4832 1243 4903 πρέπουσαν,
1285 4834 1381 4885 καὶ
1410 4834 1548 4904 πρὸς
1595 4834 1663 4904 ἢν

1848 4836 2081 4891 nientem
2123 4835 2468 4902 felicitatem,
2488 4839 2579 4890 cui
2614 4844 2933 4901 comparata
2963 4833 3251 4886 Amalthea
3280 4847 3425 4886 mor-

132 4916 453 4987 Ἀμάλθεια
475 4921 886 4993 παρατιθεμένη
909 4924 1063 4986 νόσος
1080 4923 1177 4978 καὶ
1200 4925 1363 4978 πενία
1391 4925 1727 4997 εὑρίσκεται,

118 5011 186 5064 ἐκ
244 5011 434 5083 μόνων
459 5011 606 5066 ἐστιν
639 5014 749 5067 τῶν
803 5015 963 5068 θείων
1002 5017 1215 5085 Λογίων
1250 5018 1341 5071 καὶ
1383 5017 1484 5089 τῆς
1523 5018 1729 5072 ἐκεῖθεν

118 5103 414 5174 γεωργίας
461 5106 801 5179 ἀμήσασθαι.

692 5220 1027 5274 ΕΡΩΤΗΣΙΣ
1061 5223 1103 5276 Ρ
1110 5224 1189 5278 H'.

118 5309 185 5363 Τί
210 5309 362 5363 ἐστι
393 5308 462 5363 τὸ
505 5309 804 5376 ἐξουσίαν
832 5312 1147 5454 ἐχῗέήτὴν
1172 5315 1432 5387 γυναῖκα
1477 5316 1577 5371 ἐπὶ
1605 5315 1722 5385 τὴν

802 5400 915 5453 κεερ
1044 5404 1082 5439 ν
1098 5403 1118 5452 ;

802 5400 1082 5453 κεφαλὴν
1098 5403 1118 5452 ;

1840 4927 1946 4982 bus
1989 4940 2042 4982 et
2067 4938 2369 4999 paupertas
2415 4941 2539 4982 esse
2570 4924 3024 4995 deprehenditur,
3081 4940 3147 4979 ex
3188 4926 3320 4979 solas
3342 4925 3426 4979 di-
3476 4996 3477 4999 η

1839 5021 1983 5097 vinis
2010 5020 2282 5090 Eloquiis,
2338 5035 2518 5090 exque
2562 5018 2902 5089 agricultura
2933 5017 3060 5072 inde
3082 5026 3297 5087 sumpta
3329 5017 3426 5071 de-

1837 5125 2039 5171 metere
2062 5116 2210 5171 licet.

1974 5228 2308 5296 QUASSTIO
2346 5226 2510 5284 cvm
2545 5228 2737 5301 [CoisL
2763 5238 2812 5283 et
2839 5226 3007 5281 Tuur.
3040 5223 3279 5296 CXXX].

1832 5322 1975 5389 Quid
1999 5333 2077 5377 est
2104 5323 2380 5377 mulierem
2398 5321 2588 5377 habere
2614 5330 2929 5392 potestatem
2960 5320 3018 5374 in
3043 5330 3202 5373 cavut
3224 5334 3380 5374 suum
3400 5318 3426 5371 Ρ

655 5474 803 5525 Edita
824 5491 852 5526 a
874 5477 1192 5541 Montacutio,
1214 5494 1294 5544 ep.
1320 5482 1430 5543 2w,
1454 5481 1518 5532 ad
1546 5481 1797 5547 Eulamp.,
1818 5497 1869 5546 p.
1892 5479 2436 5543 507-309.Explanatio
2455 5479 2506 5529 in
2529 5477 2550 5528 Ι
2571 5477 2684 5528 Cor.
2713 5491 2784 5537 ιι,
2807 5475 2885 5527 10.

188 5560 299 5626 Τὸ,
346 5559 598 5629 ἐξουσίαν
629 5561 779 5634 ἔχειν
841 5566 942 5637 τὴν
978 5570 1216 5635 γυναῖκα
1259 5570 1351 5622 ἐπὶ
1394 5571 1493 5641 τὴν
1548 5587 1718 5641 κεφαο

1906 5568 2068 5634 lllud,
2098 5587 2119 5620 ι
2156 5568 2440 5623 mulierem
2462 5565 2661 5620 habere
2690 5563 2886 5635 capitis
2918 5565 3003 5621 sui
3036 5567 3414 5637 potestatem,»

1436 5686 1522 5742 VA
1532 5686 1671 5744 lile
1706 5683 2134 5743 LECTIONEsa

228 5791 258 5837 ι
284 5791 358 5849 C.
394 5792 465 5847 Μ.
498 5795 603 5852 555
640 5797 679 5851 f.
722 5797 824 5852 180
879 5791 1146 5857 τοιοῦτον.

375 5886 649 5950 Parnm.
688 5892 733 5953 (ἶ
747 5910 807 5952 ιι.
844 5890 909 5951 Cl
924 5935 937 5948 .

3058 5882 3129 5941 21
