3880 6206
472 261 575 326 643

1614 259 1878 322 PHOTII
1909 261 2414 323 PATRIARCHIE
2444 263 2553 324 CP.

3600 249 3709 318 645

467 390 600 437 non,
628 382 689 427 ut
739 370 915 441 prima
956 369 1094 425 facie
1120 369 1288 425 verba
1339 383 1538 426 sonare
1560 369 1837 435 videntur,
1877 372 1951 426 ita
1980 370 2034 424 in

2156 372 2258 444 ιὴν.
2319 372 2418 444 οὐχ
2451 371 2529 436 ὡς
2596 370 2657 425 τδ
2696 370 2984 443 πρόχειρον
3029 368 3139 422 τῶν
3174 366 3434 439 ῥημάτων
3465 364 3608 418 νοεῖι
3632 363 3711 414 δίο

465 464 719 539 praesenti
770 473 996 532 usurpat
1048 463 1264 517 divinus
1315 460 1536 517 Paulus.
1566 460 1703 517 Cum
1758 461 2034 524 audimus,

474 576 493 610 ι
531 564 851 627 potestatem
912 554 1131 620 habere,
1208 572 1227 605 ι
1283 553 1430 608 forte
1476 554 1902 609 dominationem
1984 560 2040 606 et

469 650 833 720 principatum
881 647 1103 717 quidam
1132 647 1436 718 intelligent
1481 665 1497 701 :
1539 657 1595 701 at
1622 646 1711 702 ille
1754 647 1842 701 hic
1879 664 1898 697 ο
1934 659 2037 716 po-

468 749 724 798 testatem
774 739 973 794 habere
1020 730 1052 792 ἰ
1113 740 1267 810 ponit
1317 756 1417 811 pro
1464 758 1483 792 ι
1540 740 1698 796 subdi
1748 750 1803 795 et
1846 738 2039 808 subjici

468 832 745 904 potestati.
785 848 804 881 ι
841 828 1022 899 thue
1047 831 1192 900 quod
1216 830 1417 885 dicitur
1445 830 1791 885 manifestius
1838 829 1954 895 ﬁat,
1986 837 2041 883 et

471 924 539 979 ad
576 924 806 977 aliorum
840 936 964 992 quae
1001 922 1205 977 ahinde
1236 923 1514 988 oriuntur,
1554 923 1923 977 dubitationes
1950 938 2040 977 so-

471 1018 608 1072 lutio
656 1016 1005 1085 expediatur,
1050 1014 1333 1069 dicendum
1374 1032 1386 1068 :
1434 1013 1619 1068 Mundi
1667 1014 1856 1068 doctor
1896 1014 2042 1068 viros

473 1111 617 1163 inter
645 1107 913 1162 orandum
946 1116 1000 1161 et
1036 1105 1471 1176 prophetandum
1514 1120 1623 1160 non
1666 1106 1860 1160 velatis
1891 1104 2042 1175 capi-

472 1202 626 1255 tibus
662 1214 785 1254 esse
823 1199 959 1265 vult,
1013 1197 1268 1251 mulieres
1318 1207 1497 1251 autem
1549 1197 1761 1253 velatis.
1812 1197 2040 1251 Causam

472 1293 629 1347 allert
667 1291 967 1362 geminam,
1009 1307 1109 1345 cur
1148 1290 1251 1345 hoc
1306 1288 1585 1359 praecipiat
1621 1307 1635 1343 :
1676 1308 1694 1340 ι
1735 1287 1830 1342 Vir
1882 1296 2044 1358 caput

472 1397 630 1437 suum
663 1380 857 1444 tondit,
907 1389 1002 1434 aut
1052 1380 1217 1435 etiam
1276 1379 1440 1441 radit,
1476 1396 1495 1429 ι
1552 1386 1807 1433 neutrum
1864 1377 2045 1431 facere

472 1472 690 1528 mulieri
723 1472 1078 1542 permittitur.
1133 1473 1214 1525 lta
1246 1486 1354 1525 non
1403 1469 1628 1541 perinde
1660 1468 1875 1523 mulieri
1920 1469 2046 1523 licet

365 1632 370 1638 .
473 1565 766 1618 iuvelatum
798 1571 981 1633 caput,
1014 1572 1074 1616 ut
1118 1562 1234 1616 viro
1302 1562 1447 1616 licet.
1490 1560 1588 1614 Vir
1621 1579 1639 1612 ι
1670 1575 1738 1615 ne
1768 1569 1923 1630 caput
1949 1559 2044 1613 de-

467 1655 711 1718 decoret,
756 1673 774 1705 ι
812 1669 921 1707 non
950 1651 1101 1722 tegit.
1148 1650 1267 1706 Non
1325 1660 1411 1707 est
1463 1652 1609 1705 enim
1643 1666 1768 1706 cum
1835 1650 2045 1704 ratione

359 1784 370 1817 ι
462 1745 847 1815 conjunctum,
882 1755 940 1799 ut
963 1759 1089 1799 cum
1138 1757 1293 1799 coma
1333 1742 1577 1806 tollatur,
1630 1756 1794 1812 quam
1847 1750 2047 1795 natura

472 1835 643 1899 dedit,
677 1843 961 1890 externum
1007 1832 1310 1889 asciscatur
1351 1832 1753 1902 operimentum
1787 1849 1800 1886 :
1830 1830 2046 1885 mulieri

460 1926 658 1980 decori
714 1934 799 1981 est
855 1925 1293 1995 operimentum;
1347 1934 1507 1994 caput
1567 1923 1888 1978 dehonestat
1937 1936 2047 1975 non

476 2018 640 2072 modo
662 2026 841 2083 tonsa,
904 2031 1053 2079 rasa,
1096 2018 1192 2071 sed
1244 2017 1406 2071 etiam
1473 2031 1581 2070 non
1642 2015 1839 2069 velata.
1894 2012 2048 2068 Licet

480 2108 626 2161 enim
656 2107 787 2162 illud
812 2115 1005 2162 natura
1037 2108 1372 2174 institutum,
1405 2107 1509 2162 hoc
1550 2116 1730 2162 autem
1791 2122 1820 2161 a
1864 2108 2049 2161 mode-

484 2201 588 2254 stia
635 2208 689 2254 et
719 2199 925 2269 pudore
954 2200 1027 2254 sit
1059 2218 1072 2255 :
1101 2210 1394 2270 utrumque
1434 2209 1612 2254 tamen
1642 2200 1834 2271 capitis
1868 2200 2049 2270 operi-

470 2300 724 2346 mentum
752 2301 835 2346 est
867 2310 881 2346 :
924 2300 979 2346 et
1014 2291 1179 2346 veluti
1221 2308 1343 2347 rasa
1384 2292 1633 2347 naturale
1670 2292 1893 2362 deponit
1921 2306 2050 2362 ope-

485 2386 782 2439 rimentum
808 2424 823 2449 ,
870 2384 950 2438 sic
991 2382 1234 2453 inoperta
1278 2383 1500 2453 pudoris
1545 2384 1789 2437 velamen
1838 2392 1893 2437 et
1931 2398 2049 2437 mo-

488 2477 676 2532 destiae
701 2476 860 2539 tollit,
887 2485 1081 2545 «atque
1110 2476 1183 2529 ita
1217 2477 1336 2545 pari
1360 2484 1575 2533 constat
1602 2484 1745 2529 statu
1770 2490 1893 2530 cum
1928 2490 2052 2529 era-

474 2584 563 2625 sa.
602 2587 620 2620 ι
647 2567 761 2623 Uua
793 2567 956 2637 igitur
983 2576 1038 2623 et
1059 2567 1249 2622 eadem
1281 2566 1511 2621 habetur
1537 2582 1724 2633 causa,
1753 2581 1852 2622 cur
1882 2566 2049 2621 velari

470 2659 675 2714 debeat
708 2658 837 2722 illa,
875 2657 980 2712 iste
1017 2671 1126 2711 non
1167 2657 1319 2712 item.
1342 2656 1478 2723 lmo,
1518 2673 1575 2712 re
1608 2667 1886 2728 perspecta
1926 2658 2052 2712 dili-

478 2758 699 2821 genter,
736 2748 879 2802 haud
915 2748 1020 2803 ista
1062 2749 1248 2804 subire
1289 2763 1470 2803 causa:
1501 2749 1773 2805 rationem
1806 2749 2049 2815 dabunt;

480 2841 866 2897 refutationem
915 2847 1044 2895 vero
1071 2850 1124 2896 et
1162 2843 1502 2912 negationem
1526 2843 1808 2898 continere
1836 2858 2047 2908 eorum,

486 2934 581 3003 qui
608 2942 871 2986 statutum
919 2932 1229 3002 vituperare
1268 2934 1481 2999 volunt,
1515 2942 1568 2986 et
1604 2932 1755 3002 paria
1794 2933 2052 2988 mulieres

492 3037 618 3077 cum
652 3022 784 3076 viris
819 3022 1069 3078 factitare
1112 3024 1337 3088 volunt,
1372 3032 1656 3094 propterea
1694 3024 1838 3093 quod
1885 3022 2053 3077 utris-

488 3129 597 3184 que
621 3113 693 3168 sit
736 3123 939 3168 natura
986 3116 1293 3169 communis
1337 3135 1349 3169 :
1393 3116 1486 3170 sed
1530 3117 1644 3171 sive
1694 3131 1917 3171 causam
1973 3082 2128 3169 in-c

497 3207 722 3271 ducant,
752 3220 849 3259 seu
878 3204 1315 3275 redargutionem
1340 3206 1640 3261 tollentium
1672 3206 1907 3272 illorum,
1940 3206 2056 3262 haec

493 3312 676 3349 tatnen
717 3310 783 3349 eo
810 3310 975 3349 sensu
996 3294 1273 3349 dicunlur.
1297 3293 1635 3350 Sententiam
1666 3296 1890 3350 alteram
1915 3295 2057 3350 hanc

490 3394 739 3440 statuunt
771 3404 784 3440 :
820 3384 1024 3440 Natura
1061 3397 1167 3441 stat
1196 3396 1258 3441 ut
1300 3388 1496 3442 mulier
1525 3389 1599 3444 sit
1624 3390 1869 3459 subjecta
1894 3391 2012 3445 viro
2040 3408 2054 3445 :

486 3492 611 3531 nam
650 3477 718 3531 ab
750 3478 845 3530 illo
883 3476 1155 3547 originem
1188 3486 1342 3533 ortus
1377 3479 1460 3532 sui
1494 3494 1557 3533 ea
1599 3480 1825 3535 derivat.
1873 3480 2057 3536 Multis

486 3570 704 3640 quidem
731 3570 852 3625 aliis
877 3571 1154 3640 imperitat
1185 3571 1268 3624 vir
1297 3588 1310 3624 :
1340 3570 1772 3627 illustrissimum
1806 3574 1926 3644 ejus
1956 3574 2054 3628 im.

487 3664 698 3733 perium
738 3672 792 3716 et
845 3672 1091 3733 potestas
1131 3664 1330 3719 eximia
1361 3674 1447 3718 est
1486 3664 1541 3719 in
1585 3666 1888 3721 mulierem.
1945 3666 2061 3723 lloc

487 3768 649 3809 sensu
685 3754 887 3810 dicitur
917 3771 933 3809 :
975 3755 1122 3810 «Viri
1164 3756 1333 3828 gloria
1362 3757 1559 3813 mulier
1591 3769 1726 3814 est.»
1762 3758 1897 3814 Cum
1930 3774 2061 3830 ergo

487 3849 830 3918 principatus
869 3847 973 3902 viri
1019 3864 1158 3918 apex
1194 3850 1393 3904 mulier
1436 3850 1546 3917 sit,
1593 3850 1830 3905 debitrix
1870 3860 1955 3906 est
1998 3867 2061 3906 ea

488 3938 689 4002 facere,
724 3953 1067 4009 quacunque
1097 3940 1302 4006 virum,
1331 3949 1391 3995 ut
1414 3941 1736 4011 principem,
1770 3942 2059 3997 honorent.

488 4030 674 4085 Faciet
715 4042 896 4085 autem
947 4031 1155 4087 habens
1195 4042 1521 4102 potestatem
1562 4034 1735 4102 ipsius
1768 4049 1934 4102 super
1975 4050 2065 4088 ca-

488 4131 628 4195 put,
662 4131 717 4175 et
752 4122 1037 4177 declarans
1068 4122 1468 4192 subjectionem
1490 4164 1505 4188 ,
1553 4124 1608 4177 in
1651 4138 1716 4177 eo
1749 4123 1895 4193 quod
1929 4138 2062 4193 pro-

489 4216 673 4287 prium
700 4222 863 4283 caput
886 4214 1047 4279 velet,
1088 4214 1239 4268 illum
1273 4226 1457 4269 autem
1485 4224 1701 4285 reputet
1729 4216 1848 4284 ejus
1876 4224 2062 4285 caput,

487 4315 545 4363 et
590 4308 643 4360 in
687 4321 812 4361 eum
846 4307 1164 4361 omnimodo
1199 4316 1459 4377 tanquam
1504 4318 1701 4377 caput,
1738 4307 2062 4362 relationem

2138 462 2322 529 δωσιν,
2351 463 2494 517 οὕτω
2521 462 2615 516 νῦν
2638 462 2668 515 ὁ
2701 461 2987 524 θεσπέσιος
3022 458 3234 520 Παῦλος
3283 458 3553 528 ἐξείληφε.
3598 452 3712 507 Καὶ

2138 552 2269 623 γὰρ,
2317 552 2562 618 ἐξουσίαν
2594 551 2759 623 ἐχειν,
2812 548 3217 617 ἀκούοντες,ιτὸ
3269 545 3713 611 κατεξουσιάζειν

2140 632 2235 695 καὶ
2262 644 2535 715 κυριεύειν
2565 647 2694 706 ἴσως
2727 643 2870 705 τινὲς
2896 641 3245 708 ἐξακούουσιν
3272 657 3287 670 ’
3316 639 3480 699 αὐτὸς
3504 638 3562 689 δὲ
3591 635 3708 695 νῦν,

2139 734 2387 800 ἐξουσίαν
2405 737 2577 807 ἔχειν,
2628 736 2874 809 φησὶτὴν
2918 737 3173 804 γυναῖκα,
3220 733 3282 786 τὸ
3323 732 3414 785 ὑπ’
3459 728 3712 793 ἐξουσίαν

2144 827 2437 881 τάττεσθαι
2463 830 2558 883 καί
2589 830 2783 881 τελεῖν.
2823 827 2933 881 Καὶ
2959 828 3047 881 ἵνα
3091 826 3420 895 σαφέστερον
3480 822 3714 889 γένηται

2140 914 2202 967 τὸ
2232 912 2543 984 λεγόμενον,
2586 917 2681 970 καὶ
2708 917 2816 969 τῶν
2845 915 3019 970 ἄλλων
3052 916 3109 967 αἰ
3134 914 3339 975 λύσεις,
3370 913 3407 966 ἀ
3434 928 3517 964 σοι
3570 907 3714 961 κατά

2142 1000 2205 1053 τὸ
2259 1002 2391 1053 αὐτὸ
2426 1002 2625 1073 χωρίον
2681 1004 3127 1074 συνδιηπόρηται,
3170 1003 3360 1074 ῥητέον
3419 998 3713 1053 ἐντεῦθεν·

2143 1092 2283 1156 Τοὺς
2306 1092 2501 1163 ἄνδρας
2520 1095 2548 1146 ὁ
2571 1095 2665 1165 τῆς
2684 1095 3009 1165 οἰκουμένης
3026 1094 3342 1157 διδάσκαλος
3367 1092 3718 1153 ἀκαλύπτους

2144 1182 2288 1253 ἔχειν
2316 1184 2413 1247 τάς
2435 1185 2676 1254 κεφαλάς
2704 1188 2762 1239 ἐν
2781 1186 2860 1257 τῷ
2902 1186 3266 1257 προφητεύειν
3299 1202 3357 1237 τε
3400 1184 3493 1236 καὶ
3542 1199 3717 1253 προσ-

2144 1274 2399 1345 εύχεσθαι
2425 1275 2794 1340 διατάσσεται,
2834 1278 2931 1338 τὰς
2972 1280 3235 1345 γυναῖκας
3261 1276 3318 1329 δὲ
3359 1273 3722 1343 κεκαλυμμέ-

2145 1383 2263 1429 νας.
2306 1366 2413 1418 Καὶ
2445 1366 2660 1438 τίθησιν
2685 1368 2863 1432 αἰτίας
2889 1367 2956 1420 δι’
2984 1367 3050 1431 ἃς
3090 1367 3247 1420 τοῦτο
3280 1363 3722 1436 παρακελεύεται

2145 1456 2329 1521 διττάς
2353 1473 2367 1488 ο
2408 1478 2426 1508 ι
2466 1459 2525 1512 Ὀ
2554 1459 2712 1529 ἀνὴρ,
2748 1459 2905 1529 φησί,
2936 1458 3179 1529 κείρεται
3211 1457 3310 1529 τὴν
3348 1457 3599 1526 κεφαλὴν
3630 1456 3728 1508 καὶ

2150 1548 2378 1618 ξυρᾶται
2404 1566 2417 1578 ·
2452 1567 2471 1600 ι
2508 1549 2729 1617 γυναικὶ
2758 1549 2815 1602 δὲ
2843 1548 2951 1601 οὐδ’
2975 1548 3163 1618 ἕτερον
3194 1548 3398 1601 τούτων
3430 1549 3607 1601 ποιεῖν
3638 1546 3729 1598 θέ-

2153 1657 2263 1709 μις.
2317 1639 2506 1705 Οὕτως
2547 1636 2640 1694 οὖν
2682 1643 2730 1695 εἰ
2760 1641 2856 1694 καὶ
2904 1644 2933 1695 ό
2969 1642 3105 1712 ἀνὴρ
3148 1640 3456 1694 ἀκάλυπτον
3482 1638 3599 1709 ἔχοι
3628 1637 3731 1705 τὴν

2081 1726 2123 1782 Β
2149 1733 2415 1803 κεφαλὴν,
2445 1732 2561 1786 ἀλλ’
2592 1732 2778 1786 οὐκέτι
2804 1732 2897 1786 καὶ
2936 1732 3159 1801 γυναικί
3191 1731 3509 1802 τολμητέον.
3541 1731 3603 1783 '0
3631 1731 3730 1799 μὲν

2148 1823 2278 1894 γὰρ,
2314 1824 2402 1876 ἵνα
2443 1824 2518 1895 μὴ
2547 1823 2752 1896 ταύτην
2794 1823 3060 1895 αἰσχύνῃ,
3091 1823 3349 1893 φυλάττει
3387 1821 3731 1876 ἀκάλυπτον.

2148 1916 2222 1969 Ού
2254 1914 2361 1987 γὰρ
2385 1914 2541 1983 λόγον
2564 1915 2676 1986 ἔχει
2706 1917 2805 1988 τὴν
2832 1916 2929 1987 μὲν
2970 1917 3170 1986 κόμην,
3202 1918 3267 1985 ἣν
3302 1916 3334 1985 ἡ
3367 1914 3532 1985 φύσις
3576 1914 3736 1966 δίδω-

2158 2026 2267 2073 σιν,
2312 2009 2595 2081 ἀφαιρεῖνξ·
2628 2008 2828 2073 ἔξωθεν
2854 2009 2911 2062 δὲ
2944 2008 3286 2078 περιϐόλαιον
3332 2008 3570 2059 ἐπινοεῖν
3590 2021 3604 2034 ⁸
3634 2023 3732 2073 γυο

2149 2102 2299 2155 ναικὶ
2342 2100 2401 2154 δὲ
2430 2101 2589 2172 χρέος
2618 2101 2680 2153 τὸ
2718 2101 3017 2171 κάλυμμα·
3073 2098 3425 2169 καταισχύνει
3471 2099 3584 2169 γὰρ
3634 2101 3735 2168 τὴν

2150 2193 2394 2263 κεφαλὴν
2425 2194 2615 2264 αὐτῆς,
2644 2192 2833 2262 ὥσπερ
2860 2192 3147 2263 ξυρωμένη
3175 2210 3234 2245 τε
3275 2192 3367 2245 καὶ
3406 2191 3734 2262 κειρομένη,

2152 2283 2293 2337 οὕτω
2326 2284 2390 2355 δὴ
2424 2285 2516 2338 καί
2547 2284 2620 2357 μὴ
2662 2284 3069 2355 καλυπτομένη.
3113 2286 3174 2337 Εἰ
3197 2285 3305 2354 γάρ
3338 2284 3430 2336 καὶ
3466 2283 3528 2335 τὸ
3564 2283 3667 2353 μὲν
3702 2285 3737 2352 ὴ

2153 2375 2314 2445 φύσις
2382 2377 2747 2449 προϐάλλεται
2773 2394 2787 2408 ο
2819 2377 2880 2430 τδ
2927 2377 3006 2439 δὲ,
3047 2379 3079 2448 ἠ
3110 2375 3341 2446 σώφρων
3381 2376 3545 2439 αἰδώς
3568 2392 3580 2401 ·
3618 2374 3737 2430 ἀλλ’

2151 2462 2245 2520 οὖν
2272 2467 2440 2538 ἄμφω
2463 2468 2707 2537 κεφαλῆς
2742 2468 3064 2538 περιϐόλαια
3086 2485 3099 2498 ·
3128 2467 3224 2519 καὶ
3250 2467 3437 2536 ὥσπερ
3464 2468 3498 2536 ἡ
3533 2466 3740 2534 ἐξυρη-

2156 2555 2291 2627 μένη
2325 2558 2388 2609 τὸ
2421 2557 2655 2626 φυσικὸν
2694 2557 2928 2610 ἀπέθετο
2980 2557 3362 2628 περιϐόλαιον,
3399 2555 3545 2608 οὕτω
3574 2560 3670 2609 καὶ
3704 2558 3740 2627 ὴ

2152 2647 2463 2712 ἀκάλυπτος
2496 2648 2596 2718 τῆς
2622 2649 2895 2720 σώφρονος
2924 2649 3105 2713 αἰδοῦς
3149 2650 3390 2721 περιεῖλε
3420 2652 3482 2703 τὸ
3516 2651 3741 2721 ἀμφία-

2156 2757 2288 2809 σμα,
2321 2739 2646 2809 καὶγίνεται
2677 2742 2820 2795 κατὰ
2859 2742 3019 2795 τοῦτο
3048 2744 3241 2796 ταυτὸν
3273 2746 3339 2814 τῇ
3387 2742 3737 2815 ἐξυρημένῃ.

2152 2832 2271 2886 Μία
2312 2832 2409 2902 μὲν
2437 2828 2530 2886 οὗν
2574 2834 2725 2887 αἰτία
2765 2832 2859 2887 τοῦ
2904 2834 3003 2904 τὴν
3032 2833 3133 2905 μὲν
3162 2834 3273 2889 δεῖν
3314 2834 3744 2889 κατακαλύπτε-

2156 2928 2299 2994 σθαι,
2353 2929 2446 2982 τδν
2498 2916 2559 2983 δέ
2583 2930 2818 2999 μηκέτι,
2847 2929 3008 3000 αὕτη.
3045 2930 3263 2984 Μᾶλλον
3291 2932 3347 2984 δέ
3376 2949 3458 2995 τις
3488 2932 3746 3004 ἁκριῦὦς

2155 3019 2491 3083 ἐπισκοπῶν,
2548 3021 2670 3073 ούδέ
2718 3021 2896 3086 αἰτίας
2946 3022 3199 3077 ἀπόδοσιν
3220 3025 3338 3091 ἐρεῖ
3367 3023 3581 3076 ταῦτα’
3617 3027 3749 3077 ἀναο

2157 3112 2366 3183 τροπὴν
2400 3112 2456 3166 δὲ
2518 3113 2612 3167 καὶ
2649 3115 2928 3185 ἀναίρεσιν
2960 3114 3067 3168 τῶν
3101 3115 3376 3168 αἰτιᾶσθαι
3432 3117 3534 3187 τὴν
3579 3134 3751 3187 νομο-

2159 3206 2348 3261 θεσίαν
2396 3206 2819 3278 ἐπιχειρούντων
2845 3246 2860 3271 ,
2890 3207 2984 3260 καί
3028 3206 3100 3261 τὰ
3135 3208 3274 3261 αύτά
3318 3210 3431 3272 τοῖς
3474 3209 3752 3280 ἀνδράσι-θ

2159 3297 2452 3364 ἀξιούντων
2484 3299 2579 3353 καὶ
2623 3301 2681 3353 ἐν
2740 3298 2951 3362 τούτοις
3000 3300 3262 3371 πράττειν
3314 3303 3412 3363 τὰς
3470 3304 3752 3369 γυναῖκας

2159 3390 2248 3444 διὰ
2272 3392 2371 3459 τὴν
2397 3391 2685 3445 κοινωνίαν
2714 3392 2812 3462 τῆς
2850 3390 3087 3459 φύσεως.
3125 3392 3265 3444 Ἀλλ’
3300 3393 3408 3445 εἴτε
3433 3394 3612 3459 αἰτία,
3636 3394 3753 3447 εἴτε

2160 3483 2270 3537 τῶν
2308 3483 2648 3554 αἰτιωμένων
2683 3484 2925 3554 ἐλεγχος,
2962 3483 3189 3556 τοιαύτη
3221 3484 3288 3539 ἂν
3318 3486 3350 3555 ἡ
3382 3485 3596 3539 διάνοια
3635 3488 3752 3557 εἴη.

2161 3575 2432 3647 Δευτέραν
2479 3575 2533 3629 δὲ
2568 3576 2753 3647 τίθησι
2794 3578 3048 3648 τοιαύτην
3072 3594 3087 3609 ·
3122 3576 3185 3629 Ἦ
3225 3576 3383 3648 γυνὴ,
3417 3578 3578 3648 φησί,
3642 3580 3756 3632 ὑπὸ

2162 3668 2260 3740 τὴν
2282 3667 2531 3733 ἐξουσίαν
2560 3669 2771 3739 πέφυκε
2793 3669 2963 3722 τελεῖν
2985 3669 3080 3723 τοῦ
3102 3669 3295 3741 ἀνδρός
3316 3687 3331 3702 ο
3359 3670 3419 3735 ἐξ
3439 3672 3613 3724 αὑτοῦ
3641 3673 3756 3744 γάρ

2162 3762 2289 3831 ἔσχε
2320 3760 2462 3815 κατά
2495 3759 2720 3830 πρώτας
2749 3760 2845 3823 τὰς
2879 3761 3197 3831 σωματικάς
3241 3761 3415 3831 ἀρχὰς
3450 3761 3555 3831 τῆς
3592 3764 3751 3829 γενέ-

2165 3868 2303 3914 σεως
2327 3868 2341 3881 ·
2376 3852 2471 3904 καὶ
2500 3851 2712 3904 πολλῶν
2741 3850 2842 3921 μὲν
2862 3851 3165 3916 ἐξουσιάζει
3199 3854 3290 3905 καὶ
3311 3852 3489 3905 ἀλλων
3511 3853 3539 3903 ὁ
3564 3854 3714 3922 ἀνήρ
3738 3868 3755 3882 ’

2162 3943 2223 3995 τὸ
2252 3942 2310 3995 δὲ
2335 3941 2673 4013 ἐνδοξότερον
2706 3941 2871 3995 αὐτοῦ
2923 3944 3019 3996 καί
3075 3942 3400 4015 τιμιώτερον
3449 3943 3554 4011 τῆς
3602 3943 3759 4008 ἐξου-

2167 4033 2288 4096 σίας
2315 4032 2410 4085 καὶ
2427 4033 2623 4102 ἀρχῆς,
2656 4033 2842 4105 ήγυνή
2866 4034 3005 4087 ἐστι.
3031 4033 3200 4085 Τοῦτο
3224 4036 3330 4104 γὰρ
3350 4033 3500 4102 λέγει
3523 4051 3534 4062 ’
3562 4053 3583 4084 ‹
3608 4034 3757 4103 Γυνὴ

2165 4125 2220 4177 δὲ
2235 4124 2362 4189 δόξα
2379 4124 2570 4195 ἀνδρός
2598 4127 2764 4179 ἐστιν.
2808 4144 2826 4176 ι
2874 4125 3026 4177 Ἐπεὶ
3044 4121 3136 4177 οὖν
3185 4125 3246 4177 τὸ
3279 4125 3626 4195 ἐνδοξότερον
3659 4130 3758 4179 καὶ

2167 4217 2566 4288 ἐπισημότερον
2594 4218 2693 4288 τῆς
2721 4216 2814 4270 τοῦ
2848 4218 3041 4288 ἀνδρὸς
3080 4217 3301 4289 ἀρχῆςή
3328 4219 3463 4287 γυνή
3496 4220 3638 4279 ἐστι,
3664 4235 3757 4269 κε-

2168 4307 2515 4380 χρεώστηκεν
2566 4309 2665 4361 ὅσα
2711 4308 2964 4377 τιμῶσιν,
3019 4308 3095 4371 ὡς
3156 4308 3350 4379 ἀρχὴν,
3418 4308 3512 4360 τὸν
3576 4310 3756 4379 ἄνδρα

488 4394 719 4448 habens.
753 4394 1045 4465 lmpudeus
1071 4405 1218 4451 certe
1246 4405 1300 4452 et
1334 4397 1607 4467 ingratum
1640 4413 1779 4467 opus
1812 4407 1918 4465 est,
1953 4414 2053 4453 non

2173 4401 2450 4472 πράττειν.
2484 4400 2720 4471 Πράττοι
2748 4400 2793 4452 δ’
2824 4400 2888 4453 ἂν
2917 4402 3115 4470 ἔχουσα
3149 4400 3247 4470 τὴν
3284 4401 3537 4467 ἐξουσίαν
3581 4402 3756 4454 αὑτοῦ

488 4501 784 4559 agnoscere
827 4488 980 4543 illum
1014 4490 1351 4559 principium
1384 4499 1438 4546 et
1480 4505 1703 4545 causam
1747 4506 1862 4546 suae
1914 4494 2062 4547 exsi-

484 4580 705 4635 stentizc
729 4620 744 4644 ,
781 4591 836 4635 et
875 4589 934 4634 ut
970 4581 1207 4651 principi
1239 4582 1508 4637 honorem
1543 4582 1820 4638 tribuere:
1852 4583 1899 4639 si
1931 4584 2067 4638 nihil

474 4674 667 4742 valiud,
702 4689 826 4745 quae
860 4675 1032 4729 multa
1065 4683 1225 4742 sunt,
1255 4678 1549 4746 recogitet,
1590 4677 1637 4733 si
1662 4678 1931 4734 detractet
1962 4679 2067 4733 viri

490 4766 546 4821 in
593 4781 652 4821 se
695 4768 1021 4837 imperium,
1071 4776 1127 4823 et
1174 4783 1329 4823 suam
1368 4769 1784 4838 subjectionem.
1830 4770 1902 4826 At
1936 4784 2066 4827 vero

493 4858 743 4926 angelos,
766 4858 944 4928 inquit
968 4899 983 4925 ,
1021 4867 1189 4914 testes
1219 4874 1333 4914 sua:
1365 4874 1397 4915 a
1421 4861 1541 4915 viro
1568 4862 1818 4931 originis,
1846 4878 2063 4932 aequum

491 4958 577 5004 est
600 4958 659 5003 ut
703 4960 911 5004 metuat
939 4964 1002 5004 ac
1031 4962 1368 5018 revereatur,
1411 4961 1466 5007 et
1507 4963 1730 5024 propter
1763 4955 1888 5010 illos
1918 4957 2066 5011 vela»

488 5049 734 5094 mentum
750 5041 943 5111 capitis
972 5043 1265 5114 gestare‘iu
1296 5047 1511 5115 signum
1542 5059 1654 5101 sua:
1683 5046 2063 5117 subjectionis.

493 5125 631 5181 Nam
660 5128 766 5183 hoc
797 5129 1078 5185 declarant
1124 5131 1264 5186 illa:
1309 5130 1612 5198 «Quocirca
1665 5132 1827 5188 debet
1869 5134 2067 5189 mulier

495 5228 827 5303 potestatem
857 5222 1062 5278 habere
1094 5222 1149 5277 iu
1184 5225 1363 5294 capite
1382 5264 1399 5292 ,
1423 5235 1648 5295 propter
1675 5224 1919 5294 angelos.
1946 5242 1966 5276 ›
1994 5225 2065 5282 At

476 5326 604 5367 |non
646 5313 874 5382 perinde
916 5315 1001 5368 vir
1023 5316 1214 5370 eadem
1251 5317 1368 5387 lege
1399 5316 1758 5386 subjectionis
1804 5326 2062 5374 leuetur:

492 5416 603 5456 non
637 5412 722 5457 est
746 5416 887 5473 opus
918 5419 1047 5475 ergo
1081 5414 1141 5459 ut
1168 5416 1333 5477 caput
1361 5416 1526 5479 tegat.
1564 5408 1677 5463 lmo
1702 5424 1853 5476 vero,
1888 5412 2068 5482 inquit

493 5493 637 5564 quis,
670 5508 769 5549 cur
805 5494 924 5559 vir,
957 5498 1049 5567 qui
1084 5509 1248 5567 caput
1275 5514 1435 5553 suum
1466 5498 1746 5555 Christum
1790 5502 1986 5570 habet,
2013 5515 2069 5560 et

475 5602 618 5641 xcum
664 5586 740 5643 sit
785 5588 906 5657 ejus
954 5590 1299 5660 principatus
1352 5606 1480 5661 pars
1511 5593 1911 5662 gloriosissima
1964 5596 2069 5661 (est

488 5678 638 5733 enim
668 5679 753 5734 vir
791 5680 971 5751 imago
1005 5693 1061 5739 et
1103 5683 1279 5753 gloria
1308 5681 1441 5751 Dei,
1490 5692 1549 5740 ut
1576 5692 1631 5741 et
1660 5685 1859 5742 mulier
1885 5686 2059 5757 ipsius

2168 4496 2262 4547 ἐπὶ
2288 4493 2550 4563 κεφαλῆς,
2591 4494 2687 4547 καί
2730 4493 3082 4546 ἐπιδεικνῦσα
3127 4494 3225 4565 τὴν
3249 4494 3532 4564 ὑποταγὴν
3571 4495 3636 4547 ἐν
3674 4493 3757 4563 τῷ

2169 4584 2466 4641 καλύπτειν
2500 4583 2599 4654 μὲν
2632 4583 2730 4654 τὴν
2767 4583 2901 4638 ἰδίαν
2927 4600 2941 4614 ·
2967 4586 3174 4639 ἐκεῖνον
3210 4584 3267 4638 δὲ
3298 4585 3545 4657 κεφαλὴν
3577 4586 3755 4654 αὐτῆς

2167 4676 2435 4748 νομίζειν,
2472 4678 2567 4731 καὶ
2602 4678 2684 4739 εἰς
2734 4678 2943 4730 ἐκεῖνον
2983 4676 3110 4748 ὃλην
3138 4677 3337 4748 ἑαυτὴν
3368 4678 3444 4740 ὡς
3474 4680 3552 4734 εἰς
3582 4694 3758 4746 κεφα-

2166 4768 2265 4839 λὴν
2287 4769 2665 4841 ἀναφέρουσαν
2710 4767 3044 4823 ἀνατιθέναι.
3091 4769 3473 4838 ’Δναίσχυντον
3496 4769 3610 4840 γὰρ
3656 4772 3757 4822 καὶ

2167 4860 2482 4930 ἀχάριστον,
2518 4860 2591 4929 μὴ
2623 4860 2745 4929 ούχὶ
2768 4858 2962 4913 τοῦτον
2985 4861 3161 4931 ἀρχὴν
3194 4860 3290 4912 καὶ
3324 4860 3619 4930 παραίτιον
3649 4862 3756 4930 τῆς

2167 4950 2458 5022 ὑπάρξεως
2491 4951 2711 5013 εἰδέναι,
2732 4952 2827 5003 καὶ
2850 4950 2949 5021 τὴν
2969 4951 3203 5021 ἀρχικήν
3226 4950 3395 5020 τιμὴν
3423 4950 3753 5017 ἀπονέμειν.

2166 5044 2230 5097 Εἰ
2262 5045 2371 5113 γάρ
2414 5044 2506 5096 καὶ
2551 5043 2719 5113 μηδὲν
2760 5042 2970 5115 ἕτερον,
3014 5040 3224 5095 πολλῶν
3268 5042 3460 5105 ὄντων,
3489 5042 3757 5110 ὑπολογί-

2169 5134 2336 5203 ζοιτο,
2374 5134 2509 5207 μηδέ
2559 5152 2711 5199 τινας
2740 5133 3057 5206 εάνθρώπων
3100 5134 3411 5205 αἰσχύνοιτο
3443 5134 3545 5203 τὴν
3568 5136 3756 5207 ἀρχὴν

2168 5230 2355 5295 αὐτοῦ,
2384 5229 2479 5282 καὶ
2506 5230 2567 5283 τὸ
2600 5229 2965 5301 ὑποτετάχθαι
3004 5228 3443 5299 παραιτουμένηο
3465 5228 3607 5282 ἀλλά
3622 5229 3759 5291 τοὺς

2168 5321 2298 5391 γοῦν
2329 5322 2619 5391 ἀγγέλους,
2651 5324 2838 5392 φησιν,
2868 5322 2918 5375 οἰ
2942 5320 3172 5373 ἐπόπται
3201 5320 3295 5374 καί
3334 5320 3610 5391 μάρτυρές
3643 5323 3759 5374 εἰσι

2167 5413 2269 5485 τῆς
2302 5415 2360 5481 ἐξ
2386 5415 2578 5488 ἀνδρὸς
2609 5414 2875 5483 γενέσεως
2904 5414 3075 5483 αὐτῆς
3117 5413 3213 5467 καὶ
3268 5413 3497 5484 προόδου
3517 5454 3532 5478 ,
3561 5413 3760 5466 δίκαια

2169 5507 2238 5561 ἀν
2260 5508 2345 5579 εἴη
2376 5506 2740 5562 δυσωπεῖσθαι
2766 5509 2860 5561 καί
2909 5505 3260 5576 αἰσχύνεσθαι
3284 5544 3301 5571 ,
3334 5505 3660 5559 ύπόκεισθαί
3687 5522 3760 5557 τε

2170 5598 2263 5652 διὰ
2294 5599 2456 5653 τοῦτο
2476 5598 2553 5669 τῷ
2578 5599 2753 5671 ἀνδρὶ,
2799 5599 2894 5652 καὶ
2922 5598 3025 5667 τῆς
3073 5597 3355 5667 ὑποταγῆς
3399 5596 3666 5667 σύμϐολα,
3689 5597 3761 5647 τὸ

2171 5690 2267 5744 ἐπὶ
2290 5691 2390 5761 τῆς
2418 5690 2662 5761 κεφαλῆς
2696 5691 2958 5764 κάλυμμα
3004 5690 3210 5760 φέρειν.
3252 5688 3424 5743 Τοῦτο
3467 5688 3577 5759 γὰρ
3623 5686 3763 5759 ἐδή-
