3880 6206
97 283 206 345 645

951 280 1050 339 AD
1088 270 1683 340 AMPHILOCHIUM
1728 268 2073 361 QUIESTIO
2108 276 2315 349 CVIII,
2344 276 2489 337 CIX.

3256 270 3359 342 646

99 395 276 449 λωσεν
306 390 498 456 εἰπὼν,
529 409 548 443 ι
583 386 681 443 Διὰ
714 390 873 445 τοῦτο
903 393 935 461 ἠ
986 392 1124 463 γυνὴ
1176 391 1381 461 ὀφείλει
1432 388 1683 457 ἐξουσίαν
1714 446 1717 457 η

1806 390 1889 460 ist)
1918 431 1933 457 ,
1963 406 2069 445 non
2132 401 2185 445 et
2215 390 2333 459 ipse
2379 404 2540 443 suum
2591 400 2755 459 caput
2798 390 2968 459 tegit?
3007 389 3104 445 Cui
3130 402 3360 461 respou‘

97 487 247 556 ἒχειν
280 486 374 537 ἐπὶ
404 485 501 553 τῆς
533 482 794 554 κεφαλῆς,
819 483 907 537 διὰ
943 485 1068 547 τοὺς
1101 484 1389 553 ἀγγέλους.
1424 501 1442 534 ›
1474 483 1531 537 '0
1551 482 1678 553 μέν·

99 598 187 633 τοι
235 596 297 644 γε
326 577 487 648 ἀνὴρ,
520 578 703 631 οὐκέτι
732 577 809 648 τῷ
840 578 989 646 αὑτῷ
1017 578 1119 647 τῆς
1153 577 1432 649 ὑποταγῆς
1457 576 1683 630 ὑπόκει-

100 687 197 723 ται
227 670 378 739 νόμῳ
405 685 419 699 ο
461 667 541 721 διὸ
594 669 715 722 οὑδὲ
748 668 937 739 χρείαν
961 668 1075 738 ἔχει
1096 668 1467 722 καλύπτεσθαι
1485 669 1584 738 τὴν
1600 684 1684 720 κε-

99 759 299 830 φαλήν.
318 759 497 825 Ἀλλὰ,
534 760 663 825 Ναὶ,
699 760 887 831 φησὶν,
921 761 1063 812 εἴποι
1082 760 1148 814 ἄν
1179 776 1286 824 τις,
1312 760 1401 813 διὰ
1418 760 1471 812 τί
1494 761 1523 813 ὀ
1545 759 1684 830 ἀνὴρ

98 853 347 924 κεφαλὴν
379 852 519 923 ἔχων
546 853 637 905 τὸν
663 852 921 924 Χριστὸν,
952 854 1048 907 καὶ
1080 853 1181 923 τῆς
1220 854 1398 924 ἀρχῆς
1428 852 1596 907 αὑτοῦ
1624 852 1685 906 τὸ

98 947 443 1011 ἐνδοξότατον
472 946 737 1016 ὑπάρχων
778 945 965 1017 (εἰκὼν
990 946 1097 1018 γὰρ
1120 948 1216 1001 καὶ
1240 945 1368 1011 δόξα
1391 945 1553 1011 Θεοῦ,
1581 962 1687 1016 φη·-

108 1039 215 1102 σ“ιν,
250 1037 442 1109 ῶσπερ
470 1038 564 1091 καὶ
587 1036 753 1090 αὑτοῦ
776 1037 1108 1109 χρηματίζει
1160 1040 1193 1110 ἡ
1221 1038 1401 1110 γυνὴ),
1442 1038 1563 1108 οὐχὶ
1592 1037 1687 1091 καὶ

99 1129 269 1193 αὑτὸς
319 1129 731 1183 κατακαλύπτει
780 1128 882 1200 τὴν
930 1128 1210 1199 κεφαλήν;
1240 1131 1384 1201 Πρὸς
1435 1129 1494 1182 ὃν
1539 1128 1688 1183 ἔστιν

98 1221 301 1284 εἰπεῖν,
331 1221 413 1272 ὃτι
446 1219 515 1273 δι’
552 1220 685 1273 αὑτὸ
726 1218 825 1290 μὲν
865 1218 1023 1271 τοῦτο
1083 1220 1284 1289 μᾶλλον
1333 1220 1431 1273 οὑκ
1485 1219 1688 1290 ὀφείλει

100 1310 575 1376 κατᾶκαλύπτειν,
600 1310 685 1364 ἴνα
718 1309 812 1362 καὶ
838 1310 1000 1373 αὑτὸς
1022 1311 1078 1362 ἐν
1099 1310 1175 1381 τῷ
1196 1311 1381 1381 ἄρχειν
1409 1312 1503 1365 καὶ
1533 1310 1688 1376 E500-

101 1402 337 1466 σιάζειν,
374 1402 510 1455 ἀλλὰ
545 1402 619 1473 μὴ
656 1401 831 1455 τελεῖν
857 1402 945 1470 ὑφ’
981 1403 1201 1474 έτέρους
1229 1405 1321 1457 τὸν
1342 1404 1519 1457 κοινὸν
1546 1407 1691 1457 εἰκο-

99 1495 270 1559 νίζων
300 1495 577 1565 Δεσπότην
604 1494 817 1565 δειχθῇί·
840 1487 1011 1566 οὗπερ
1032 1494 1251 1560 ἔνδειξίς
1268 1498 1383 1549 ἐστι
1409 1496 1471 1549 τὸ
1503 1497 1689 1568 φέρειν

99 1586 419 1640 ἁκάλυπτον
469 1587 566 1656 τὴν
613 1587 880 1657 κεφαλήν.
911 1586 1032 1640 ’Ότι
1083 1588 1181 1657 μὲν
1217 1587 1325 1659 γὰρ
1360 1588 1515 1657 ἄρχει
1559 1589 1691 1651 Θεὸς

102 1678 205 1731 καὶ
239 1678 512 1750 κυριεύει,
541 1678 753 1749 κεφαλὴ
810 1679 1067 1749 πεφηνὼς
1096 1679 1191 1733 τοῦ
1225 1681 1442 1752 ἀνδρὸς,
1467 1681 1566 1734 οὑκ
1597 1680 1695 1733 αύ-

1789 483 2049 545 deudum,
2084 482 2230 550 quod
2270 482 2341 536 ob
2374 482 2479 536 hoc
2514 480 2692 550 ipsum
2742 483 3032 552 tegendum
3076 482 3150 535 illi
3198 492 3364 553 caput

1789 589 1900 628 non
1936 582 2053 634 est.
2093 586 2152 626 ut
2187 573 2246 625 in
2281 570 2604 641 imperando
2631 579 2686 625 et
2728 580 3053 642 potestatem
3088 572 3362 634 habendo,

1789 679 1898 720 non
1930 664 2271 735 subjicienda
2298 679 2358 719 se
2392 663 2539 732 aliis,
2576 677 2928 719 communem
2945 664 3242 718 Dominum
3268 680 3365 719 exe

1791 760 2027 830 primere
2056 759 2413 825 ostendatur;
2455 768 2539 815 est
2579 759 2699 829 ejus
2731 760 2976 815 ostensio
3009 769 3173 831 caput
3203 770 3367 817 suum

1792 864 2041 926 opertum
2072 856 2294 910 habere.
2335 852 2490 921 Quod
2514 854 2657 909 Deus
2687 854 2918 923 imperet
2951 864 3004 910 et
3032 855 3366 919 deminetur,

1795 949 2019 1018 utquod
2053 957 2219 1017 caput
2240 947 2347 1002 viri
2384 947 2477 1012 sit,
2504 961 2616 1001 non
2652 946 2757 1000 viri
2790 946 2985 1013 solius,
3028 945 3124 1001 sed
3165 953 3217 1001 et
3245 958 3368 999 om-J

1795 1039 1946 1093 nium
1978 1052 2159 1093 rerum
2189 1078 2205 1105 ,
2255 1054 2363 1092 non
2405 1047 2488 1093 est
2529 1038 2583 1091 in
2626 1038 2884 1106 ambiguo
2913 1037 3173 1106 posltum.
3207 1036 3371 1102 Quo-

1794 1129 1940 1184 circa
1962 1170 1978 1194 ,
2014 1144 2113 1184 nec
2144 1146 2173 1183 a
2218 1128 2486 1199 symbolis
2519 1141 2658 1198 opus
2686 1138 2767 1183 est
2797 1104 3039 1183 indicare
3074 1128 3370 1198 subjectio—

1795 1238 1942 1285 nem,
1968 1237 2091 1276 cum
2124 1230 2432 1291 apponatur
2453 1222 2594 1290 apud
2618 1230 2810 1274 omnes
2836 1220 2889 1274 in
2919 1218 3170 1275 confesso
3199 1220 3368 1287 ipsius

1796 1322 2055 1384 potestas,
2116 1324 2168 1367 et
2224 1313 2529 1367 dominatio
2580 1312 2897 1382 principalis
2953 1320 3118 1381 super
3161 1310 3368 1366 omnia.

1798 1408 1915 1473 Ast,
1957 1405 2103 1475 quod
2154 1406 2351 1459 mulier
2380 1405 2574 1459 debeat
2602 1406 2719 1460 viro
2757 1406 3020 1475 supponi,
3049 1413 3159 1459 n'on
3187 1415 3269 1460 est
3302 1420 3369 1460 ex

1797 1510 1955 1566 aequo
1984 1496 2240 1551 omnibus
2263 1496 2497 1561 clarum,
2529 1496 2705 1565 ipsam
2737 1512 2867 1551 vero
2914 1498 3019 1551 hoc
3050 1496 3209 1552 fateri
3232 1508 3370 1567 opus

1796 1600 1900 1655 est,
1930 1598 1985 1644 et
2012 1604 2106 1659 per
2131 1588 2376 1660 symbola
2400 1588 2541 1642 idem
2573 1589 2873 1643 declarare.
2911 1588 3050 1644 Sunt
3072 1590 3217 1643 enim
3250 1595 3373 1658 qure

1798 1698 1925 1738 cum
1968 1682 2123 1753 signa
2153 1697 2217 1736 ea
2259 1680 2696 1747 circumferant,
2726 1696 2756 1735 a
2788 1681 2976 1735 multis
3012 1682 3285 1749 resiliunt,
3320 1692 3376 1736 et

101 1770 201 1823 τοῦ
237 1772 418 1841 μόνον,
445 1771 580 1825 ἀλλὰ
611 1773 706 1824 καὶ
752 1773 1110 1841 συμπάντων,
1144 1772 1321 1836 οὐδεὶς
1364 1772 1694 1843 ἀμφιϐολίας

1806 1776 2042 1831 ordinent
2091 1774 2412 1835 invertunt,
2458 1774 2602 1827 unde
2643 1773 2816 1827 turba:
2854 1783 2908 1827 et
2948 1776 3217 1828 tumultus
3262 1789 3374 1828 non

102 1862 289 1931 λόγος.
326 1864 527 1935 Διόπερ
576 1864 696 1917 οὐδὲ
756 1865 1043 1935 συμϐόλων
1088 1868 1169 1930 είς
1198 1866 1358 1919 τοῦτο
1383 1868 1692 1940 καθέστηκε

102 1956 294 2027 χρεία,
329 1958 429 2026 τὴν
472 1957 757 2027 ὑποταγὴν
806 1958 1428 2028 ἐνδεικνυμένωνοπᾶσι
1474 1960 1582 2031 γὰρ
1630 1961 1693 2013 τὸ

103 2049 257 2101 κατὰ
304 2049 525 2102 πάντων
574 2050 740 2103 αὑτοῦ
779 2050 998 2120 κράτος,
1049 2050 1143 2104 καὶ⁵
1187 2052 1219 2120 ὴ
1261 2052 1568 2121 Δεσποτικὴ
1598 2054 1685 2106 ἀνα

104 2141 461 2212 ωμολόγηται
511 2145 790 2215 κυριότης.
859 2144 980 2197 Ὅτι
1026 2144 1082 2197 δὲ
1140 2147 1376 2213 γυναῖκα
1429 2146 1533 2198 ὑπὸ
1594 2145 1692 2215 τὴν

106 2233 363 2298 ἐξουσίαν
396 2236 480 2288 δεῖ
504 2236 761 2306 τετάχθαι
790 2237 883 2289 τοὺ
906 2236 1120 2305 ἀνδρὸς,
1145 2234 1268 2290 οὔτε
1301 2238 1464 2290 πᾶσιν
1489 2236 1692 2307 ὁμοίως

106 2327 373 2398 φανερὸν,
399 2328 568 2396 αὑτήν
589 2345 649 2381 τε
683 2329 884 2382 εἰδέναι
910 2329 1147 2399 μάλιστα
1172 2332 1437 2401 προσήκει
1460 2331 1692 2394 καὶτοῖς

110 2418 409 2487 συμϐόλοις
444 2419 838 2475 ἐπιδεικνύναι.
874 2420 1053 2475 Ἐνιαι
1082 2422 1191 2491 γὰρ
1230 2421 1325 2475 καὶ
1344 2421 1412 2475 τά
1443 2419 1690 2492 σύμϐολα

109 2512 522 2583 περιφέρουσαι
570 2513 784 2567 πολλῶν
834 2531 895 2567 τε
930 2514 1435 2580 κατεξανίστανται,
1469 2516 1563 2567 καὶ
1591 2516 1691 2587 τὴν

1795 1868 2035 1939 privatas
2070 1867 2250 1922 solum
2281 1862 2448 1932 mdes,
2480 1866 2575 1920 sed
2616 1862 2783 1920 urbes
2811 1866 3156 1935 repleverunt
3188 1866 3375 1936 :quod

1796 1964 1904 2018 nisi
1945 1964 2019 2017 ita
2047 1971 2214 2025 esset,
2251 1972 2310 2015 ιιι
2332 1960 2727 2027 subiectionem
2770 1978 2990 2017 servare
3016 1963 3368 2031 iuberentur,

1795 2055 1927 2124 quid
1970 2069 2080 2108 non
2119 2050 2431 2108 accideret?
2499 2053 2765 2119 Quocirca
2811 2069 2933 2108 Clllll
2981 2053 3192 2107 ratione
3237 2064 3374 2107 ροη-

1789 2148 2039 2215 junctum
2067 2183 2081 2210 ,
2115 2156 2168 2200 et
2196 2162 2225 2199 e
2263 2146 2540 2199 communi
2571 2143 2801 2199 utilitate
2841 2136 3077 2208 Paulus,
3110 2148 3235 2198 com
3270 2142 3375 2197 alia

1792 2239 1941 2293 dedit
1976 2239 2029 2292 in
2061 2238 2357 2303 mandatis,
2386 2246 2440 2292 et
2468 2237 2747 2306 sapientia:
2782 2236 2979 2306 plenis,
3012 2250 3119 2289 non
3156 2245 3370 2289 tantum

1794 2332 2052 2403 physicae,
2085 2331 2178 2387 sed
2208 2340 2262 2385 et
2293 2331 2527 2400 politiore
2558 2330 2949 2399 entliytnemasi
2991 2329 3209 2383 definita
3258 2329 3370 2383 cir-

1795 2423 2168 2492 cumscripsit,
2193 2416 2395 2492 quibus
2424 2422 2506 2474 vir
2538 2420 2802 2475 nudatum
2836 2427 3019 2490 caput,
3047 2410 3246 2475 mulier
3272 2434 3371 2473 au-

1796 2526 1907 2570 tem
1940 2515 2178 2570 velatum
2207 2515 2409 2568 habere
2435 2513 2683 2582 jubetur.

108 2604 329 2658 οἰκείαν
359 2605 513 2671 τάξιν
578 2606 906 2676 ἀμείϐουσαι
957 2607 1202 2678 θορύϐων
1250 2610 1344 2660 καὶ
1393 2607 1636 2677 ταραχῆς
1674 2608 1735 2660 οὑ
1775 2609 1875 2672 τὰς
1939 2608 2119 2671 οἰκίας
2177 2607 2357 2677 μόνον,
2409 2601 2544 2660 ἀλλὰ
2590 2606 2685 2659 καὶ
2731 2596 2915 2668 πόλεις
2944 2592 3289 2675 ἐπλήρωσαν.
3318 2591 3385 2655 Εί

111 2696 175 2750 δὲ
206 2697 285 2769 μὴ
314 2698 473 2751 τοῦτο
497 2694 587 2769 ἦν,
620 2700 714 2754 καὶ
761 2701 859 2770 τὴν
884 2699 1163 2772 ὑποταγὴν
1191 2702 1265 2772 μὴ
1289 2701 1701 2772 προσετέτακτο
1740 2702 2049 2770 φυλάττειν,
2081 2702 2134 2755 τί
2197 2700 2263 2754 ἂν
2299 2701 2539 2769 ἐγεγόνει
2567 2716 2581 2765 ;
2646 2701 2896 2768 Εὑλόγως
2936 2688 3043 2769 ἄρα
3064 2699 3156 2751 καὶ
3180 2697 3381 2768 βιωφεσδ

117 2789 233 2854 λῶς
264 2792 293 2845 ό
326 2791 598 2862 μακάριος
639 2790 949 2861 Παῦλοςλτά
994 2809 1056 2845 τε
1090 2792 1228 2847 ἄλλα
1266 2793 1578 2862 διωρίσατο,
1612 2791 1707 2845 καὶ
1745 2793 1931 2860 σοφοῖς
1959 2810 2019 2846 τε
2045 2792 2139 2846 καὶ
2164 2795 2435 2863 φυσικοῖς,
2468 2785 2603 2846 ἀλλὰ
2649 2791 2744 2845 καὶ⁵
2810 2792 3107 2852 πολιτικοῖς
3138 2804 3378 2857 συγκατα

116 2888 461 2942 εσκευάσατο
490 2886 888 2959 ἐνθυμήμασιν,
960 2888 1037 2952 ὠς
1063 2889 1218 2961 ἀνδρὶ
1259 2886 1361 2959 μὲν
1390 2887 1701 2940 ἁκάλυπτον
1740 2888 1884 2959 ἔχειν
1941 2890 2037 2960 τὴν
2073 2888 2339 2961 κεφαλὴν,
2363 2890 2581 2957 γυναικὶ
2605 2888 2662 2941 δὲ
2690 2886 2811 2957 οὑχὶ
2866 2887 3085 2958 θεμιτὸν
3112 2886 3189 2956 μὴ
3209 2900 3381 2938 κατα-ί

116 2978 521 3034 καλύπτεσθαι.

671 3095 1007 3148 ΕΡΩῚἩΣΙΣ
1042 3095 1163 3149 ΡΘ’.

200 3183 269 3238 Τί
320 3182 496 3252 δηλοῖ
554 3182 657 3249 τὸ,
702 3203 721 3235 ι
771 3187 893 3239 Οὐκ
948 3184 1025 3238 ἂν
1064 3184 1250 3266 ὀρρῶς
1302 3184 1628 3253 προσενέγ-

737 3273 873 3324 κῃς,
901 3274 919 3307 ι
956 3274 1012 3310 κ.
1044 3273 1073 3308 τ
1110 3268 1193 3321 .λ;

1933 3091 2259 3161 QUASSTIO
2293 3091 2408 3147 CIX
2437 3091 2625 3164 [GoisL
2672 3100 2721 3145 et
2760 3087 3238 3162 Taur.'CXXXl].

1810 3187 1950 3253 Quid
1982 3187 2082 3240 sibi
2116 3188 2223 3240 vult
2255 3185 2387 3239 illud
2414 3201 2432 3239 :
2471 3202 2490 3236 ι
2523 3186 2645 3239 Non
2673 3184 2722 3237 si
2754 3192 2890 3238 recte
2913 3181 3184 3246 obtuleris,
3224 3202 3243 3233 ι
3275 3191 3381 3237 etc.

126 3367 271 3416 Edita
302 3380 332 3417 a
358 3364 676 3425 Monlacutio,
724 3378 805 3429 ep.
831 3364 942 3426 211,
968 3363 1035 3414 ad
1082 3366 1354 3425 Constant,
1393 3378 1442 3427 p.
1493 3364 1720 3434 509-5133.
1750 3361 2041 3485 Exp)lanatio
2087 3362 2139 3410 in
2163 3360 2343 3410 Cenes.
2375 3372 2436 3421 Iv,
2494 3360 2521 3407 7
2561 3358 2719 3420 (juxta
2762 3356 3229 3421 interpretationem
3264 3358 3387 3409 LXX

1626 3438 1840 3474 urorum
1874 3459 1886 3471 .

1626 3438 1840 3474 νιῐοῐυειι
1851 3438 1863 3474 ι
1874 3459 1886 3471 .

197 3513 329 3577 Τοῖς
382 3511 772 3583 φιλομαθοῦσιν
811 3512 987 3582 ἔγωγε
1031 3512 1171 3582 (πῶς
1201 3512 1706 3581 ἀνεπιφθονώτερον

129 3608 275 3659 εἴπω
296 3608 339 3675 ;)
368 3607 583 3677 χαρίεις
612 3606 750 3677 εἰμί.
787 3605 865 3658 Δι’
899 3605 927 3658 6
952 3605 1060 3658 τῶν
1087 3606 1454 3676 ἠπορημένων
1494 3621 1576 3658 σοι
1607 3603 1707 3671 τὴν

128 3698 311 3761 λύσιν,
342 3700 481 3767 μετὰ
511 3698 604 3751 τοῦ
635 3698 818 3771 ῥᾳδίου
843 3698 1107 3768 σύντομον
1131 3699 1403 3769 εὑρήσεις.
1431 3698 1504 3751 Τὸ
1528 3697 1708 3750 τοίνυν

130 3790 269 3858 πρὸς
319 3788 411 3840 τὸν
469 3789 713 3858 ἀρχηγὸν
766 3787 866 3857 τῆς
920 3788 1339 3857 ἀδελφοκτονίας
1398 3785 1706 3858 εἰρημένον,

133 3898 151 3930 ι
174 3880 293 3933 Οὐκ
329 3878 394 3931 ἂν
424 3879 599 3949 ὀρθῶς
634 3879 1030 3950 προσενέγκῃς,
1075 3880 1251 3952 ὀρθῶς
1290 3879 1348 3933 δὲ
1389 3885 1462 3951 μὴ
1506 3879 1706 3950 διέλῃς,

128 3972 406 4040 ἥμαρτες,
438 3970 733 4041 ήσύχασον,
772 3990 790 4022 ι
827 3970 1119 4041 διαφόρους
1157 3972 1265 4024 ἴσθι
1297 3972 1594 4041 δυνάμενον
1625 3972 1711 4023 δέ·

131 4060 333 4125 ξασθαι
377 4062 476 4125 τὰς
531 4063 881 4129 ἀναπτύξεις.
927 4062 985 4116 Ὀ
1045 4066 1146 4134 μὲν
1181 4066 1290 4135 γὰρ
1328 4062 1712 4134 ἀποφαντικῶς

129 4155 265 4207 αὑτὸ
294 4154 547 4225 εἰρῆσθαι
572 4156 907 4226 ὑπειληφὼς,
947 4156 1190 4210 τοιοῦτόν
1236 4175 1357 4209 τινα
1390 4158 1482 4209 τὸν
1532 4158 1590 4209 ὲν
1625 4157 1715 4209 αὑ-

129 4244 202 4315 τῷ
218 4246 519 4316 θεωρήσειε
549 4249 673 4302 νοῦν
690 4266 704 4279 ·
729 4250 842 4303 Οὑκ
865 4250 930 4303 ἂν
956 4250 1134 4321 ὀρθῶς
1160 4250 1571 4321 προσενέγκῃς,
1598 4250 1702 4302 ὅτι·

134 4354 241 4407 περ
276 4338 412 4407 μηδὲ
443 4338 637 4403 διεῖλες
661 4339 858 4412 ὀρθῶς.
886 4342 1197 4395 Τουτέστιν.
1239 4341 1391 4394 Ἐπεὶ
1427 4342 1500 4412 μὴ
1521 4340 1714 4403 διεῖλες

133 4428 333 4497 ὀρθῶς,
362 4430 485 4482 οὐδὲ
518 4434 893 4501 προσήνεγκες
921 4432 1121 4504 ὀρθῶς·
1160 4434 1193 4503 ἡ
1226 4432 1334 4504 γὰρ
1373 4432 1508 4504 ὀρθὴ
1543 4448 1713 4503 προσ-

136 4519 312 4586 ἑνεξις
349 4521 448 4591 τῆς
472 4521 638 4593 ὀρθῆς
670 4522 870 4594 ᾕρηται
906 4531 945 4554 ἰ
972 4524 1291 4593 διαιρέσεως
1331 4541 1345 4554 ·
1378 4524 1445 4578 δι’
1478 4524 1507 4576 ὃ
1531 4524 1713 4594 ἦμαρ-

135 4629 246 4676 τες,
290 4614 584 4685 ὴσύχασον.
619 4619 681 4670 Εἰ
737 4617 793 4670 δέ
838 4636 923 4681 τις
960 4619 1060 4671 οὑκ
1102 4618 1564 4687 ἀποφαινόμενον,
1600 4612 1715 4668 ἀλλ’

136 4703 189 4753 ὲν
226 4701 388 4774 τύπῳ
410 4709 882 4778 προενηνεγμένον
917 4709 1236 4778 ἐρωτήσεως
1264 4706 1527 4775 τὸνλόγον
1557 4706 1717 4760 ἐκλά-

1885 3506 1942 3560 In
1971 3520 2067 3561 eos
2105 3504 2199 3575 qui
2236 3504 2483 3559 discendi
2508 3513 2635 3558 sunt
2663 3504 2843 3573 cupidi
2874 3542 2889 3569 ,
2946 3504 3100 3559 valde
3142 3505 3231 3576 (ne
3255 3498 3387 3576 quid

1812 3599 1986 3669 magis
2027 3598 2359 3652 invidiosum
2403 3596 2603 3665 dicam)
2651 3600 2751 3664 ego
2799 3596 3073 3664 gratiosus
3116 3606 3169 3651 et
3204 3597 3272 3650 ab
3320 3597 3387 3651 iis

1810 3700 2067 3762 acceptus
2096 3704 2217 3745 sum
2265 3706 2279 3742 ;
2326 3689 2585 3758 quocirca
2632 3692 2995 3759 qumstiOnum
3028 3705 3058 3744 a
3093 3691 3144 3745 te
3185 3706 3388 3760 propo-

1812 3787 2041 3840 sitarum
2094 3781 2445 3847 solutionem,
2480 3788 2533 3835 et
2585 3781 2797 3835 facilem
2842 3791 2899 3837 et
2934 3780 3212 3837 concisam
3248 3784 3389 3837 reci—

1812 3876 1948 3946 pies.
1980 3874 2137 3939 Illud,
2168 3872 2234 3927 ad
2269 3888 2391 3927 eum
2420 3872 2513 3941 qui
2548 3872 2799 3940 princeps
2832 3870 3194 3925 fratricidium
3233 3870 3387 3924 inve-

1814 3967 1933 4033 uit,
1970 3965 2179 4020 dictum
2216 3982 2229 4019 :
2271 3962 2361 4017 «Si
2410 3972 2556 4015 recte
2591 3961 2877 4025 obtuleris,
2910 3977 3017 4015 non
3068 3970 3214 4015 recte
3254 3959 3391 4013 divi-

1815 4060 1974 4122 seris,
2012 4056 2270 4127 peccasti,
2296 4055 2521 4125 quiesce
2550 4072 2598 4107 τι
2633 4053 2990 4122 multiplices,
3025 4052 3185 4105 velim
3220 4053 3387 4116 scias,

1815 4150 2066 4205 admittet
2099 4148 2492 4216 expositiones.
2526 4144 2630 4212 Qui
2667 4146 2875 4199 dictum
2919 4154 3073 4215 putat
3103 4146 3385 4209 assertive,

1816 4243 1976 4297 talem
1998 4241 2323 4296 sententiam
2347 4240 2601 4293 latentem
2626 4237 2880 4292 extundel
2915 4255 2928 4291 :
2957 4236 3389 4306 Haudquaquam

1816 4345 1963 4391 recte
1992 4334 2187 4388 oﬂ‘erre
2216 4340 2370 4401 potes
2394 4369 2408 4394 ,
2456 4331 2584 4399 quia
2633 4344 2742 4383 non
2785 4336 2931 4383 recte
2974 4326 3210 4382 divisisti
3242 4344 3255 4380 :
3290 4327 3393 4382 hoc

1815 4440 1901 4487 est
1931 4451 1943 4486 :
1979 4430 2117 4497 Quia
2153 4430 2335 4481 minus
2367 4435 2515 4482 recte
2544 4426 2808 4487 divisisti,
2832 4432 2887 4481 et
2916 4426 3100 4482 minus
3122 4434 3270 4486 recte
3297 4426 3393 4480 οι)-

1819 4526 2029 4590 tulisti,
2060 4539 2183 4577 nam
2215 4530 2361 4577 recta
2395 4520 2603 4575 oblatio
2642 4519 2842 4589 pendet
2872 4535 2903 4574 a
2936 4530 3082 4574 recta
3127 4518 3391 4574 distribui

1819 4619 1987 4682 tione,
2017 4616 2275 4685 quocirca
2308 4612 2543 4682 peccasti
2575 4620 2629 4665 et
2652 4611 2728 4666 sis
2752 4606 2995 4680 quietus.
3026 4608 3183 4675 Quod
3214 4610 3257 4662 si
3288 4626 3393 4661 non

1819 4709 2087 4764 assertive
2124 4708 2354 4769 dictum,
2398 4714 2456 4757 at
2489 4703 2936 4771 interrogationis
2987 4698 3159 4757 forma
3209 4699 3390 4769 prolaa

137 4794 214 4847 ϐοι
278 4797 398 4865 (καὶ
451 4797 559 4868 γὰρ
597 4799 692 4851 καὶ
739 4799 898 4852 τοῦτο
957 4799 1191 4869 μάλιστα
1226 4798 1501 4869 ἐγχωρεῖ),
1544 4796 1717 4850 τοιοῦ-

1828 4818 1941 4863 tum
1972 4806 2101 4860 velit
2133 4805 2278 4874 (nam
2310 4813 2363 4856 et
2390 4801 2443 4856 id
2468 4800 2732 4870 videtur),
2766 4810 2881 4853 tum
2912 4798 3001 4853 hic
3026 4813 3223 4853 sensus
3251 4796 3390 4850 erit:

138 4901 221 4938 τον
257 4888 486 4959 εὑρήσει
515 4889 607 4941 τὸν
642 4889 791 4943 νοῦνο
826 4890 991 4961 Οὑχὶ,
1025 4891 1181 4960 φησὶ,
1213 4889 1314 4943 κᾶν
1345 4888 1523 4956 ὀρθῶς
1546 4903 1715 4957 προσ-

140 4978 393 5051 ενέγκῃς,
422 4979 599 5051 ὀρθῶς
629 4980 685 5033 δὲ
716 4981 865 5052 ὅμως
912 4982 988 5053 μὴ
1023 4983 1231 5054 διέλῃς,
1262 4983 1548 5052 ﬁgam“;
1580 4975 1712 5045 οἷον,

145 5068 280 5139 ’Δρα
328 5072 440 5140 γάρ
497 5072 632 5123 διότι
691 5071 867 5142 ὀρθῶς
896 5073 1300 5144 προσήνεγκας,
1336 5071 1512 5143 ὀρθῶς
1550 5072 1606 5124 δὲ
1638 5072 1713 5142 μὴ

143 5158 354 5226 διεῖλες,
381 5162 441 5214 ού
488 5162 1012 5235 δοκείςδὰμαρτεῖη
1048 5165 1216 5217 Οὐδὲν
1278 5169 1388 5234 γὰρ
1438 5165 1567 5226 ῑεως
1610 5181 1720 5215 κωσ

146 5250 250 5306 λύει
296 5254 479 5324 ὀρθῶς
533 5256 633 5325 μὲν
690 5259 1103 5335 προσενεγκεῖν,
1128 5260 1221 5310 τὸν
1272 5258 1346 5327 μὴ
1381 5258 1553 5328 ἑτέρῳ
1582 5257 1710 5318 τινὶ,

151 5343 285 5411 μόνῳ
316 5344 377 5396 δὲ
410 5345 739 5409 θυσιάζοντα
770 5348 847 5417 τῷ
874 5350 1095 5401 πάντων
1117 5348 1237 5417 Θεῷ
1256 5364 1269 5377 ·
1300 5347 1376 5418 μὴ
1429 5348 1612 5415 μέντοι
1633 5345 1713 5398 δι-

1814 4900 2026 4965 Nonne,
2063 4899 2188 4953 licet
2220 4903 2367 4951 recte
2405 4893 2691 4958 obtuleris,
2714 4901 2770 4948 et
2794 4906 2901 4947 non
2941 4900 3088 4946 recte
3122 4889 3390 4950 diviseris.

1818 4992 2055 5065 peccasti
2082 4992 2105 5043 ?
2134 5005 2197 5045 ac
2226 4989 2273 5045 si
2304 4988 2513 5044 diceret
2542 5004 2556 5041 :
2587 4986 2669 5040 An
2714 4984 2882 5056 igitur
2902 4976 3032 5055 quia
3062 4991 3209 5037 recte
3231 4981 3393 5035 obtu-

1816 5086 1971 5154 listi‘,
2020 5092 2167 5139 recte
2205 5090 2385 5135 autem
2418 5096 2527 5134 non
2559 5077 2835 5144 divisisti,
2871 5093 2979 5131 non
3016 5073 3393 5142 \'ideris,pec-

1818 5177 2018 5234 casse?
2042 5174 2188 5229 Nihil
2218 5179 2362 5229 vetat
2393 5171 2545 5226 illum
2578 5179 2728 5225 recte
2757 5168 2956 5225 offerre
2986 5166 3116 5231 dici,
3165 5163 3257 5234 qui
3284 5163 3395 5215 Deo

1820 5270 1966 5335 soli,
2015 5268 2109 5338 qui
2147 5282 2310 5336 super
2336 5264 2521 5319 omnia
2556 5272 2682 5327 est,
2718 5260 3047 5318 sacriﬁcium
3078 5269 3131 5313 et
3158 5272 3265 5311 non
3300 5250 3393 5307 sm

1822 5363 1979 5417 oﬂ'ert
2008 5378 2022 5427 ;
2056 5370 2109 5413 at
2155 5373 2265 5412 non
2295 5358 2479 5413 statim
2510 5364 2658 5411 recte
2691 5354 2952 5421 dividere,
2982 5366 3108 5408 cum
3147 5362 3255 5405 non
3291 5344 3394 5402 ob-

1422 5486 1660 5540 VAltlAS
1701 5480 2113 5539 LEGTIONES.

212 5590 250 5619 ιιι
277 5581 364 5634 ἵσ.
394 5584 650 5655 ἢρτηται.

1664 5644 1890 5700 ΝΟΤᾸΕ.

217 5748 290 5814 fl)
322 5748 591 5807 Eumdem
618 5760 828 5807 textum
886 5750 1112 5820 exponit
1146 5746 1370 5802 I’botius
1423 5760 1610 5812 supra,
1646 5750 1839 5810 quzt‘st.
1877 5729 1965 5790 Ἠ.
