3880 6206
491 268 594 331 647

1640 256 1835 317 ΡΠοΤ
1844 255 1900 314 ΙΙ
1938 249 2442 321 PATRIARCHIE
2474 250 2583 309 CP.

3642 241 3751 305 M8

494 387 671 436 servet
703 378 755 431 in
787 372 1076 429 dividendo
1122 378 1512 441 congruentem
1560 371 1755 441 legem.
1803 369 1907 437 Qui
1943 368 2060 423 sine

2171 364 2311 416 ελεῖν
2333 361 2530 434 ὀρθῶς,
2563 358 2653 414 τὸν
2686 357 2761 429 μὴ
2787 354 3062 429 τηροῦντα
3077 354 3168 408 τὸν
3192 353 3468 425 πρέποντα
3498 356 3569 425 τῇ
3599 356 3739 407 διαι-

495 468 919 542 reprebensione
951 467 1062 520 Deo
1104 465 1217 519 vult
1239 464 1469 529 servire,
1504 464 1769 534 inprimis
1798 471 1947 519 recte
1974 461 2059 516 di-

494 563 715 624 videre,
764 568 820 613 et
869 557 1124 612 similiter
1170 563 1317 610 recte
1371 554 1565 608 offerre
1598 553 1778 608 debet.
1826 552 1979 618 Quod
2014 550 2062 605 si

497 668 600 705 una
642 648 866 719 periodo
893 645 1251 700 concludatur
1298 642 1451 696 locus
1473 682 1489 707 ,
1538 642 1849 697 taliusmodi
1878 640 2062 710 subja-

494 740 638 795 cebit
662 736 1039 807 speculationi.
1064 734 1218 799 Quod
1249 732 1421 800 siinon
1457 748 1621 787 unam
1646 741 1699 787 et
1728 731 2056 800 simplicem,

495 828 588 882 sed
628 825 792 880 veluti
850 839 879 878 e
931 824 1145 877 duabus
1188 829 1519 875 contractam
1555 820 1785 890 ﬁguram
1821 819 1907 873 hic
1939 818 2062 887 quis

496 926 751 988 agnoscet
778 957 793 981 ,
828 922 883 969 et
916 913 981 967 ad
1018 914 1165 966 hunc
1202 911 1423 965 modum
1456 910 1737 980 periodum
1778 908 2063 963 absolven-

497 1021 627 1076 tem,
660 1018 720 1062 ut
764 1007 960 1076 partim
989 1005 1246 1073 elliptice,
1295 1003 1489 1071 partim
1520 1001 1763 1072 plenarie
1802 1002 2014 1056 dicatur
2045 1015 2063 1065 ;

505 1117 606 1156 nec
632 1101 707 1155 ita
742 1100 824 1153 vis
853 1097 1086 1152 infertur
1111 1096 1346 1156 veritati,
1378 1095 1452 1148 ita
1493 1112 1506 1147 :
1552 1092 1691 1159 Non,
1725 1093 1771 1147 si
1806 1107 1951 1147 recte
1976 1105 2063 1146 at-

497 1192 708 1257 tuleris,
737 1191 952 1244 laudem
995 1187 1371 1256 consequeris,
1422 1186 1522 1239 nisi
1568 1195 1621 1239 et
1661 1196 1807 1242 recte
1847 1198 2066 1253 quoque

495 1284 746 1339 diviseris
778 1301 791 1337 :
820 1297 944 1336 nam
979 1292 1038 1334 nt
1065 1283 1318 1350 pietatem
1351 1279 1492 1348 sapit
1530 1286 1675 1332 recte
1719 1277 1916 1331 offerre
1941 1318 1956 1341 ,
1990 1276 2065 1329 ita

496 1390 607 1428 non
654 1382 802 1428 recte
853 1373 1095 1426 dividere
1139 1370 1433 1440 impietatis
1474 1376 1684 1423 reatum
1716 1368 1890 1421 affert.
1941 1366 2067 1421 llzec

493 1476 579 1521 est
624 1466 964 1521 constructio
1013 1464 1171 1518 istius
1221 1463 1387 1527 dicti,
1434 1462 1522 1515 hic
1567 1476 1761 1515 sensus
1804 1459 1931 1514 inde
1969 1459 2067 1513 eli-

494 1559 659 1614 citus.

566 1818 765 1873 Verum
793 1818 1024 1872 ulterius
1049 1858 1066 1884 ,
1101 1836 1120 1871 ι
1164 1829 1308 1874 recte
1339 1818 1536 1874 oli‘erre
1563 1839 1583 1872 ι
1622 1835 1720 1890 per
1746 1835 1805 1875 se
1834 1821 2064 1876 manife-

476 1921 639 1966 stum
669 1921 755 1967 est
782 1928 798 1978 ;
835 1929 852 1961 ι
879 1920 1022 1965 recte
1052 1910 1325 1967 dividere)
1360 1912 1565 1981 indiget
1590 1912 1865 1968 ulterioris
1889 1915 2063 1983 expli-

494 2002 748 2057 cationis.
792 2001 889 2057 Ille
916 2002 1080 2072 igitur
1105 2012 1251 2056 recte
1270 2001 1483 2067 dividit,
1509 2002 1601 2072 qui
1627 2004 1767 2057 dona
1795 2018 1902 2057 non
1924 2019 2065 2072 quae-

494 2096 625 2150 libet
652 2094 765 2149 Deo
795 2104 976 2149 sacrat
995 2133 1011 2158 ,
1036 2094 1131 2151 sed
1161 2104 1307 2150 recto
1330 2094 1537 2164 judicio
1566 2094 1655 2147 illa
1686 2094 1948 2149 discernit
2001 2109 2065 2148 ac

494 2187 724 2251 dividit,
754 2195 915 2255 atque
949 2186 1024 2240 ita
1055 2186 1209 2256 longe
1252 2187 1459 2255 Optima
1502 2184 1681 2241 oti‘ert.
1729 2184 1874 2239 Fieri
1918 2186 2062 2239 enim

494 2294 602 2333 non
648 2286 867 2348 potest,
910 2277 1046 2348 quin
1094 2279 1338 2331 omnium
1371 2276 1819 2347 praestantissima
1860 2286 1913 2329 et
1938 2292 2063 2345 pre—

493 2369 791 2425 tiosissima
836 2370 1176 2439 productori,
1225 2368 1403 2424 datori
1458 2378 1511 2424 et
1543 2383 1725 2425 causa:
1780 2368 2065 2421 universo-

496 2479 613 2515 rum
659 2460 767 2515 Deo
817 2461 1050 2515 debeant
1089 2459 1269 2516 oﬂerri
1326 2470 1377 2515 et
1430 2460 1657 2516 sacrari.
1707 2459 1857 2515 Talis
1894 2458 2065 2515 fuisse

492 2554 718 2608 docetur
747 2553 902 2618 Abel,
929 2554 1111 2606 animo
1139 2567 1277 2622 puro
1308 2563 1362 2607 et
1405 2554 1622 2608 sincero
1648 2552 1819 2607 Deum
1851 2567 2062 2606 amans.

491 2643 755 2699 Narratur
779 2644 846 2697 de
877 2643 989 2708 illo,
1017 2643 1162 2713 quod
1219 2662 1238 2694 ι
1272 2644 1338 2697 de
1402 2642 1778 2714 primogenitis
1826 2650 1881 2697 et
1942 2644 2067 2711 pin-

492 2737 776 2808 guioribus
804 2736 1133 2791 oblationem
1164 2736 1327 2802 tulit;
1364 2753 1381 2787 ι
1426 2737 1527 2790 hoc
1569 2744 1654 2790 est
1686 2752 1699 2789 :
1740 2734 1830 2789 illa
1858 2749 1979 2804 quae
2010 2734 2064 2787 in

492 2830 830 2902 primogenia
887 2828 1241 2898 productione
1269 2869 1285 2896 ,
1335 2837 1389 2882 et
1440 2828 1494 2881 in
1542 2842 1608 2881 eo
1654 2827 1804 2896 quod
1846 2826 2065 2895 pinguia

492 2934 649 2978 erant
681 2933 735 2978 et
758 2922 928 2977 altilia
958 2921 1172 2975 caeteris
1204 2918 1558 2989 praestabant,
1587 2920 1804 2974 obtulit.
1837 2917 1972 2972 Nam
2000 2919 2066 2972 de

494 3016 839 3080 omentosis,
870 3014 1008 3069 bene
1049 3014 1224 3083 pastis
1264 3023 1320 3067 et
1363 3010 1746 3081 pinguefaetis,
1792 3021 1847 3067 et
1896 3012 2066 3065 multa

2162 456 2311 526 ρέσει
2364 454 2587 524 θεσμόν.
2624 454 2715 504 Δεῖ
2768 452 2825 504 δὲ
2866 451 2959 501 τὸν
3010 449 3388 518 ἀνεπιμώμως
3428 451 3541 511 τοῖς
3575 447 3744 508 θείοις

2162 546 2603 617 ὐπηρετούμενον
2630 584 2645 607 ,
2680 543 2855 612 ὀρθῶς
2905 560 2966 595 τε
3036 541 3372 611 προδιελεῖν,
3430 542 3525 592 καὶ
3566 538 3745 610 ὀρθῶς

2161 640 2364 709 ὁμοίως
2390 639 2802 708 προσενεγκεῖν.
2852 634 2992 687 Ἀλλ’
3032 634 3081 685 εί
3124 632 3220 703 μὲν
3255 630 3395 685 κατά
3428 630 3557 701 μίαν
3584 630 3745 700 περί-

2160 729 2277 781 οδον
2311 729 2398 797 εἴη
2427 729 2488 779 τὸ
2520 728 2722 798 χωρίον
2752 724 3193 795 τεθεωρημένον,
3225 720 3509 782 τοιαύταις
3547 720 3611 772 ἀν
3636 722 3743 771 ὑπο

2162 822 2347 887 ἀγοιτο
2380 820 2660 890 θεωρίαις.
2712 819 2776 871 Ei
2803 817 2858 870 δέ
2887 834 2971 879 τις
2992 816 3090 885 οὐχ
3113 814 3293 884 ἁπλῆν
3316 815 3407 866 καὶ
3442 812 3595 882 μίαν,
3625 812 3745 863 ἀλλ’

2161 906 2271 965 οἷον
2312 913 2374 964 ὲκ
2411 910 2504 963 δύο
2551 909 2710 963 τινῶν
2752 909 3102 979 βραχυτέρων
3160 906 3551 974 συγκειμένην,
3610 904 3745 956 ὐπο-

2163 1005 2316 1058 λάϐοι
2353 1005 2414 1057 τὸ
2445 1002 2538 1058 τοῦ
2568 1002 3006 1073 ἀποφαινομένου
3050 1000 3236 1069 σχῆμα
3257 1042 3271 1062 ,
3304 998 3400 1051 καὶ
3440 996 3586 1048 οὕτω
3639 1013 3747 1063 φυ-

2164 1099 2466 1152 λάττουσαν
2499 1097 2601 1167 τὴν
2662 1094 2909 1167 περίοδον
2929 1134 2944 1158 ,
2967 1093 3064 1145 καὶ
3085 1092 3145 1144 τὸ
3177 1091 3275 1161 μὲν
3300 1090 3471 1156 αὐτῆς
3504 1088 3626 1140 κατ’
3655 1087 3744 1137 ἔλα

2164 1188 2364 1259 λειψιν,
2410 1189 2470 1240 τὸ
2520 1187 2579 1240 δὲ
2625 1186 2929 1248 αὐτοτελῶς
2991 1182 3282 1253 εἰρῆσθαι·
3323 1182 3435 1235 οὐδ’
3474 1180 3621 1233 οὓτω
3682 1180 3749 1247 τῇ

2166 1279 2329 1348 φύσει
2360 1279 2461 1349 τῆς
2494 1277 2755 1348 ἀληθείας
2787 1277 3106 1345 λυμανεῖται
3132 1290 3146 1303 ο
3183 1267 3293 1325 οἷον
3314 1287 3326 1300 ·
3366 1272 3506 1339 Οὐχὶ
3540 1272 3609 1322 ἀν
3657 1270 3750 1336 ὀρ-

2167 1372 2275 1434 θῶς
2313 1372 2410 1442 μὲν
2450 1370 2824 1441 προσενέγκῃς
2857 1366 3244 1435 εὐδοκιμήσας,
3286 1364 3351 1416 ἂν
3384 1364 3442 1416 δὲ
3466 1362 3544 1432 μὴ
3570 1360 3750 1430 ὀρθῶς

2166 1466 2365 1539 διέλῃς,
2388 1467 2657 1538 ἥμαρτες.
2691 1464 2803 1519 Καὶ
2826 1464 2934 1533 γὰρ
2961 1462 3151 1529 ὥσπερ
3174 1460 3233 1513 τὸ
3254 1459 3427 1530 ὀρθῶς
3451 1473 3754 1531 προσενεγ-

2170 1561 2284 1610 κεῖν
2336 1559 2579 1622 εὐσεϐὲς,
2640 1556 2784 1609 οὕτω
2841 1556 2902 1608 τὸ
2936 1555 3013 1625 μὴ
3036 1555 3213 1625 ὀρθῶς
3262 1555 3457 1609 διελεῖν
3489 1553 3751 1613 ἀσεϐείας

2168 1652 2492 1705 ὑπεύθυνον.
2527 1651 2638 1705 Καὶ
2662 1652 2690 1703 6
2716 1649 2814 1720 μὲν
2844 1648 2943 1719 τῆς
2975 1649 3070 1702 τοῦ
3108 1647 3274 1720 ῥητοῦ
3323 1647 3635 1711 συντάξεως
3662 1646 3753 1698 16-

2095 1731 2138 1786 Β
2167 1760 2281 1811 γος,
2297 1743 2391 1797 καὶ
2412 1746 2445 1813 ἡ
2459 1742 2554 1796 ἀπ’
2581 1742 2752 1811 αὐτῆς
2768 1741 3173 1812 ἀναφαινομένη
3186 1741 3415 1805 διάνοια,
3434 1742 3493 1793 ὲν
3508 1738 3751 1802 τούτοις.

2253 1832 2412 1886 Ἀλλά
2444 1832 2552 1904 γὰρ
2598 1834 2658 1885 τὸ
2707 1832 2829 1903 μὲν,
2882 1833 3270 1903 προσενεγκεῖν
3312 1831 3511 1903 ὀρθῶς,
3578 1830 3745 1883 αὐτὸ·

2171 1921 2261 1975 θεν
2314 1920 2594 1991 δῆλοντὸ
2641 1920 2720 1986 δὲ,
2781 1921 2858 1991 μὴ
2909 1920 3108 1974 διελεῖν
3154 1920 3355 1987 ὀρθῶς,
3419 1920 3551 1983 ἴσως
3578 1920 3755 1972 δεῖται

2171 2013 2486 2081 σαφηνείας.
2524 2012 2763 2075 Ἐκεῖνος
2797 2012 3085 2082 τοιγαροῦν
3131 2011 3311 2083 ὀρθῶς
3353 2011 3579 2082 διαιρεῖ,
3615 2013 3646 2064 6
3678 2012 3755 2083 μὴ

2169 2106 2239 2159 τὰ
2264 2105 2497 2174 τυχόντα
2566 2105 2715 2175 δῶρα
2745 2104 2925 2175 φέρων
2949 2103 3089 2175 Θεῷ,
3116 2105 3231 2158 ἀλλ’
3248 2104 3381 2176 ὀρθῇ
3400 2104 3586 2176 κρίσει
3611 2106 3755 2157 διαι-

2175 2197 2435 2268 ρούμενός
2461 2214 2520 2249 τε
2548 2198 2645 2263 καὶ
2672 2196 2986 2266 διακρίνων,
3013 2197 3107 2249 καὶ
3132 2195 3620 2267 δωροφορούμενος
3668 2197 3758 2247 αὖ.

2170 2285 2249 2357 τῷ
2292 2286 2360 2339 τὰ
2403 2285 2584 2356 πολλῷ
2614 2285 2723 2338 τῶν
2769 2285 2945 2339 ἄλλων
3006 2285 3439 2357 προφερέστερα.
3481 2285 3613 2347 Πῶς
3645 2285 3758 2353 γὰρ

2173 2378 2298 2448 οὐχὶ
2345 2378 2414 2431 τά
2469 2377 2689 2431 πάντων
2745 2378 2806 2430 έν
2848 2378 3093 2448 ὑπεροχῇ
3125 2376 3450 2450 τιμιώτερα,
3478 2378 3560 2448 τῷ
3593 2394 3757 2446 γενεο

2174 2467 2413 2539 σιουργῷ
2466 2469 2563 2521 καὶ
2613 2465 2801 2537 δοτῆρι
2848 2467 2943 2519 καὶ
2971 2467 3211 2534 ,πάντων
3236 2467 3395 2536 αἰτίῳ
3425 2466 3536 2520 τῶν
3570 2465 3759 2520 καλῶν

2172 2558 2313 2629 Θεῷ,
2347 2559 2422 2629 μὴ
2463 2558 2740 2628 προσῆκεν
2779 2555 3019 2627 ἐξαίρειν
3054 2559 3149 2609 καὶ
3186 2558 3523 2627 ίεροθυτεῖν;
3561 2556 3759 2609 Τοιοῦ-

2171 2667 2260 2712 τος
2291 2649 2559 2703 δέδεικται
2584 2647 2677 2700 καὶ
2702 2644 2890 2709 Ἀϐελ,
2918 2646 3261 2716 εὐγνομονῶν
3306 2647 3484 2699 τεκαὶ
3504 2648 3569 2699 τὸ
3600 2646 3761 2699 Θεῖον

2171 2737 2430 2810 καθαρῶς
2459 2736 2629 2807 φιλῶν
2652 2752 2666 2766 ⁸
2695 2737 2790 2788 καί
2818 2734 2927 2802 γὰρ
2988 2734 3204 2807 εἴρηται
3253 2735 3385 2806 περὶ
3432 2733 3628 2798 αὐτοῦ,
3682 2735 3759 2799 ὡς

2178 2851 2198 2884 ι
2247 2833 2382 2886 Ἀπὸ
2406 2831 2516 2884 τῶν
2544 2832 2903 2900 πρωτοτόκων
2927 2830 3021 2883 καὶ
3045 2828 3151 2881 ἀπὸ
3174 2828 3281 2880 τῶν
3311 2829 3554 2882 στεάτων
3582 2846 3760 2898 προσ·-

2172 2926 2439 2995 ήνεγκεν·
2471 2940 2489 2973 ›
2526 2923 2829 2985 τουτέστιν,
2861 2921 2896 2975 ἃ
2920 2921 3030 2973 τῶν
3070 2919 3245 2974 ἄλλων
3289 2918 3346 2973 ἐν
3390 2937 3449 2973 τε
3481 2919 3561 2989 τῷ
3600 2939 3760 2991 πρω-

2180 3015 2379 3068 τότοκα
2405 3008 2566 3080 εῖναι,
2590 3014 2685 3066 καὶ
2702 3014 2759 3064 έν
2783 3013 2881 3084 τῷ,
2906 3011 2980 3074 ὡς
2995 3010 3062 3065 ἂν
3085 3011 3227 3063 είποι
3249 3026 3357 3075 τις,
3379 3011 3761 3064 ὲστεατῶσθαι

496 3110 784 3166 sedulitate
812 3118 1003 3162 curata
1029 3122 1151 3177 qua:
1173 3104 1411 3171 fuerant,
1445 3103 1734 3159 selectiora
1767 3112 1823 3157 et
1860 3102 2066 3171 optima

2171 3107 2266 3161 καὶ
2304 3102 2773 3159 καταλελιπάνθαι
2804 3102 3042 3173 διέφερε,
3087 3101 3263 3154 ταῦτα
3310 3103 3650 3172 προσέφερε.
3684 3104 3762 3155 Τὸ

496 3203 661 3256 dedit.
709 3200 950 3268 Uterque
984 3197 1154 3253 frater
1186 3197 1427 3251 studium
1457 3196 1513 3251 in
1544 3194 1822 3251 oﬂ‘erendo
1855 3209 1953 3264 par
1974 3194 2073 3248 ba-

495 3287 740 3341 buit:at
783 3285 1053 3340 dividendi
1113 3295 1166 3339 et
1210 3284 1443 3355 eligendi
1490 3286 1729 3355 optima,
1790 3299 1900 3338 non
1954 3294 2073 3339 erat

497 3394 633 3450 par;
663 3377 756 3434 sed
789 3376 943 3444 Abel,
975 3387 1034 3431 ut
1064 3385 1211 3431 recte
1242 3376 1457 3442 obtulit,
1493 3378 1563 3430 ita
1593 3386 1647 3430 et
1676 3384 1824 3430 recte
1852 3376 2071 3433 divisit:

496 3469 629 3523 Cain
684 3468 772 3522 vel
804 3477 910 3522 non
942 3474 1094 3522 recte
1123 3465 1356 3532 obtulit,
1389 3465 1516 3536 quia
1545 3480 1653 3520 nou
1682 3473 1828 3520 recte
1861 3464 2069 3531 divisxt,

494 3560 580 3616 vel
626 3561 671 3615 si
723 3560 881 3614 detur
925 3576 1051 3615 eum
1098 3570 1247 3616 recte
1281 3560 1583 3626 obtulisse,
1620 3570 1799 3614 tamen
1848 3559 1903 3614 in
1934 3562 2071 3626 .ele-

499 3656 678 3709 ctione
725 3662 782 3708 et
831 3655 1176 3723 separatione
1206 3654 1440 3707 multum
1499 3652 1736 3719 defecit;
1784 3668 1908 3706 nam
1960 3667 2071 3707 non

497 3745 849 3815 praestantia,
920 3746 1014 3799 sed
1069 3745 1387 3814 imperfecta
1441 3743 1657 3798 obtulit.
1732 3741 1789 3797 ld
1844 3752 2071 3813 apparet

497 3836 645 3907 quod
692 3841 747 3890 in
776 3855 794 3888 ι
831 3836 951 3906 ejus
994 3836 1263 3890 sacriticia
1296 3834 1436 3889 Deus
1468 3850 1577 3889 non
1609 3834 1870 3904 respexit,
1913 3853 1935 3887 ›
1970 3848 2071 3889 nee

498 3932 761 3987 divinitus
816 3933 940 4002 igne
973 3932 1241 3993 immisso,
1292 3938 1351 3984 ut
1396 3930 1581 3985 Abelis
1616 3929 1917 4000 assumpsit
1946 3946 1962 3983 :
1994 3928 2069 3984 ita

498 4028 645 4080 enim
684 4025 922 4095 produnt
969 4024 1193 4086 factum,
1245 4031 1299 4076 et
1350 4021 1478 4076 inde
1512 4024 1823 4077 convictum
1854 4021 1921 4077 de
1958 4036 2069 4077 non

500 4125 645 4172 recte
680 4114 823 4169 facta
850 4112 1135 4168 divisione.
1168 4112 1346 4181 Atque
1375 4111 1451 4165 ita
1482 4126 1541 4166 se
1582 4111 1764 4174 liabet,
1800 4130 1820 4164 ‹
1855 4110 2067 4177 Nonne,

499 4208 543 4262 si
570 4214 714 4261 recte
746 4201 1032 4267 obtuleris,
1058 4217 1165 4255 non
1195 4210 1249 4254 et
1277 4208 1423 4254 recte
1447 4200 1715 4265 diviseris,
1739 4201 2015 4269 peccasti?
2044 4218 2064 4252 ι

498 4296 653 4365 Quod
722 4297 968 4365 sequitur
999 4310 1013 4348 :
1042 4292 1281 4358 Quiesce,
1316 4290 1473 4361 quasi
1505 4290 1710 4345 diceret
1740 4290 1808 4345 ad
1836 4306 2067 4360 peccan-

497 4403 631 4455 tem,
662 4387 749 4443 Sis
782 4386 928 4457 apud
962 4396 1013 4439 te
1046 4384 1221 4439 solum
1254 4383 1498 4453 quietus,
1540 4391 1592 4436 et
1621 4383 1911 4453 diligenter
1936 4398 2066 4437 cou-

2171 3199 2280 3269 γὰρ
2309 3197 2418 3252 ἀπὸ
2446 3196 2553 3250 τῶν
2579 3195 2840 3262 στεάτων,
2871 3196 2980 3247 τῶν
3018 3193 3305 3263 εὐτραφῶν
3337 3195 3431 3246 καὶ
3478 3196 3759 3247 ὲστεατω-

2175 3292 2351 3363 μένων
2369 3288 2747 3361 φησι-καὶὴ
2772 3286 2943 3358 πολλῇ
2966 3285 3251 3357 ἐπιμελείᾳ
3270 3286 3673 3357 παρεχομένων
3697 3288 3765 3339 τὸ

2173 3382 2516 3453 ἐξῃρημένον
2553 3381 2647 3434 καὶ
2687 3380 2930 3451 ἄριστον.
2982 3377 3145 3431 Ἀλλά
3180 3377 3274 3430 τοῦ
3310 3378 3408 3448 μὲν
3441 3394 3761 3448 προσενεγ-

2173 3478 2315 3540 κεῖν,
2338 3475 2540 3544 ἀμφοῖν
2568 3473 2816 3541 ὲγεγόνει
2853 3472 2889 3542 ἡ
2918 3469 3137 3541 φροντίς
3160 3485 3174 3499 °
3200 3468 3295 3522 τοῦ
3342 3469 3400 3521 δὲ
3422 3469 3624 3524 διελεῖν
3663 3472 3764 3523 καὶ

2173 3564 2499 3631 ἐκλέξασθαι
2533 3566 2603 3617 τὰ
2641 3565 2870 3635 ἀμείνω,
2906 3562 3092 3615 οὐκέτι
3119 3561 3318 3633 ὁμοίως
3359 3565 3565 3631 ἀμφοῖν
3588 3576 3602 3591 ⁸
3638 3564 3761 3617 ἀλλ’

2171 3658 2198 3709 6
2231 3656 2329 3726 μὲν
2372 3654 2560 3717 ⁸Ἅϐελ,
2588 3654 2776 3725 ὥσπερ
2806 3653 2999 3706 διεῖλεν
3041 3652 3238 3722 ὀρθῶς,
3272 3652 3414 3705 οὕτω
3457 3654 3554 3706 καὶ
3584 3672 3761 3724 προσ-

2172 3749 2425 3818 ενήνοχεν
2445 3765 2460 3780 ’
2491 3749 2518 3801 6
2541 3747 2599 3801 δὲ
2634 3746 2854 3816 Κάῖν,ἢ
2884 3746 3006 3798 οὐδὲ
3036 3746 3413 3817 προσήνεγκεν
3432 3746 3645 3817 ὀρθῶς,
3676 3750 3762 3801 ὅτι

2173 3840 2312 3910 μηδὲ
2342 3839 2533 3893 διεῖλεν
2554 3856 2569 3871 ’
2621 3838 2653 3909 ἦ
2684 3839 2731 3891 εί
2755 3838 2847 3890 καὶ
2874 3837 2992 3907 δοίη
3016 3855 3097 3901 τις
3125 3837 3301 3908 ὀρθῶς
3332 3844 3757 3907 προσενεγκεῖν,

2169 3931 2305 3985 ἀλλά
2344 3931 2472 4003 περί
2509 3948 2574 3999 γε
2617 3930 2716 4002 τὴν
2765 3929 3037 4001 ἐξαίρεσιν
3080 3930 3176 3983 καὶ
3206 3930 3433 3999 ὲκλογὴν
3495 3931 3758 3985 πλεῖστον

2170 4025 2294 4078 ὅσον
2347 4023 2687 4097 διήμαρτενο
2717 4022 2841 4076 οὐδὲ
2884 4022 2992 4093 γὰρ
3043 4023 3113 4076 τὰ
3166 4023 3520 4091 κρείσσω,τά
3566 4024 3631 4077 δὲ
3682 4030 3756 4095 μὴ

2168 4114 2419 4179 τοιαῦτα,
2474 4115 2841 4187 προσήνεγκε.
2887 4114 2999 4168 Καὶ
3054 4112 3214 4183 δῆλον
3266 4114 3325 4179 ἐξ
3350 4108 3425 4168 ὧν
3470 4132 3533 4168 τε
3563 4134 3586 4167 ‹
3619 4117 3753 4180 Θεὸς

2168 4210 2289 4271 ταῖς
2313 4207 2477 4260 αὐτοῦ
2510 4206 2725 4270 θυσίαις
2776 4207 2852 4277 μὴ
2868 4205 3159 4275 έπέϐλεψε,
3193 4224 3212 4257 ι
3255 4207 3391 4279 μηδὲ
3431 4208 3569 4278 πυρὶ
3596 4209 3756 4278 θείῳ,

2169 4299 2359 4368 ὥσπερ
2392 4300 2461 4351 τὰ
2494 4298 2591 4351 τοῦ
2625 4297 2792 4351 Ἀϐελ
2822 4296 3186 4351 ὡλοκαύτωσε
3208 4313 3224 4331 ·
3257 4300 3415 4352 τοῦτο
3458 4301 3571 4371 γάρ
3606 4318 3753 4363 τινες

2169 4389 2526 4452 ἐκδεδώκασι,
2557 4388 2652 4441 καὶ
2697 4387 2757 4452 ἐξ
2814 4380 2889 4441 ὧν
2943 4387 3036 4440 τὸν
3063 4387 3282 4458 ἔλεγχον
3311 4388 3412 4457 τῆς
3449 4391 3550 4442 οὐκ
3582 4390 3751 4460 ὀρθῆς

499 4483 677 4539 sidera
737 4478 1128 4534 absurditatem
1164 4477 1294 4531 facti
1329 4477 1406 4530 tui
1454 4485 1506 4530 et
1551 4490 1645 4545 per
1690 4475 2060 4546 ptenitentiam

2171 4481 2394 4535 ἀπέτισε
2432 4480 2772 4552 διαιρέσεως.
2820 4479 2979 4534 Ἀλλὰ
3017 4479 3079 4531 τὸ
3106 4480 3227 4548 μὲν,
3265 4499 3283 4530 ι
3320 4481 3433 4533 Οὐκ
3469 4481 3539 4534 ἂν
3568 4480 3749 4552 ὀρθῶς

498 4581 719 4646 peccato
767 4573 984 4627 veniam
1037 4570 1284 4640 acquire.
1349 4570 1452 4624 Per
1481 4569 1719 4639 quietem
1765 4579 1819 4624 et
1851 4571 2069 4624 sedatas

497 4666 785 4736 passiones
849 4661 1069 4716 facilius
1103 4661 1155 4715 id
1187 4671 1241 4715 et
1274 4659 1611 4714 discernitur
1664 4668 1719 4713 et
1764 4658 2069 4726 iudicatur,

497 4756 645 4827 quod
702 4754 1132 4825 praetermissum
1171 4751 1292 4806 fuit.
1325 4751 1429 4805 Sed
1490 4759 1543 4804 et
1570 4752 1710 4804 forte
1732 4752 1951 4807 volebat
1978 4766 2067 4806 re-

499 4848 735 4919 primere
764 4846 911 4900 illius
933 4845 1221 4914 impetum,
1253 4860 1361 4912 quo
1396 4843 1485 4897 ille
1514 4842 1715 4897 misere
1753 4842 2067 4897 ferebatur:

504 4936 811 4997 «Peccasti,
844 4935 1040 5005 inquit,
1094 4933 1314 5003 quiesce
1350 4951 1363 4986 :
1405 4951 1423 4983 ι
1487 4947 1555 4986 ne
1594 4930 1876 5000 injustitite
1901 4947 2067 4986 accu-

498 5030 673 5084 mules
699 5028 857 5082 aliam
889 5046 902 5080 :
937 5026 1205 5080 insaniam
1235 5025 1287 5078 in
1313 5039 1399 5078 me
1431 5034 1577 5079 tuam
1604 5024 2066 5091 circumscribito,

498 5140 528 5178 a
556 5124 792 5176 fraterno
821 5119 1086 5189 sanguine
1119 5128 1173 5173 et
1230 5133 1423 5173 manus
1465 5126 1520 5173 et
1582 5129 1817 5172 mentem
1868 5120 2069 5174 immn-

498 5229 595 5270 nes
632 5221 844 5283 praesta.
881 5211 948 5264 At
982 5210 1111 5264 illud
1147 5228 1160 5263 :
1200 5228 1219 5261 ι
1257 5209 1337 5263 Ad
1376 5218 1426 5263 te
1469 5210 1574 5265 erit
1606 5212 1892 5265 conversio
1924 5211 2063 5281 ejus,

497 5314 562 5360 et
592 5313 647 5358 tu
700 5302 777 5355 illi
804 5300 1192 5365 dominaberis,
1236 5319 1254 5350 ι
1295 5299 1381 5353 vel
1420 5299 1487 5353 de
1519 5299 1699 5353 oblato
1744 5316 1970 5356 munere
1993 5301 2070 5355 di-

499 5394 661 5459 citur,
693 5392 848 5462 quasi
876 5390 1059 5454 vellet,
1091 5389 1375 5457 indignum
1418 5398 1523 5455 est,
1577 5389 1721 5457 quod
1768 5406 1869 5459 ego
1918 5406 2074 5446 acce-

499 5498 670 5559 ptem,
724 5484 985 5555 quocirca
1020 5498 1275 5538 aversum
1303 5490 1386 5535 est
1415 5481 1481 5535 ad
1520 5490 1591 5544 te,
1624 5492 1679 5535 et
1709 5493 1765 5535 tu
1798 5483 1945 5537 illius
1975 5483 2074 5537 do-

500 5581 685 5636 minus
737 5579 1033 5634 etiamnum
1087 5575 1220 5641 eris,
1262 5583 1320 5627 ut
1350 5573 1525 5639 fuisti,
1555 5572 1875 5642 priusquam
1906 5574 2069 5629 offer-

498 5680 693 5727 retur:
754 5671 859 5736 vel,
906 5684 1014 5723 non
1063 5668 1209 5737 quod
1262 5667 1633 5733 offerebatur,
1693 5665 1787 5723 sed
1854 5667 1907 5720 in
1964 5682 2071 5737 quo

2167 4571 2563 4643 προσενέγκῃς,
2591 4570 2767 4641 ὀρθῶς
2788 4570 2846 4622 δὲ
2875 4570 2949 4640 μὴ
2975 4569 3176 4642 διέλῃς,
3200 4570 3479 4642 ἦμαρτες;
3514 4590 3532 4622 ι
3564 4570 3755 4625 10:05-

2165 4680 2280 4718 τον.
2327 4666 2401 4717 Τὸ
2428 4664 2504 4730 δὲ,
2546 4664 2911 4732 Ἡσύχασον,
2953 4664 3038 4716 ἵνα
3073 4664 3234 4735 εἴπῃς
3264 4662 3398 4733 πρὸς
3428 4663 3751 4731 ἡμαρτηκόα

2166 4774 2255 4821 τα,
2299 4756 2607 4827 Ἠρέμησον
2638 4753 2782 4810 κατὰ
2807 4754 3056 4816 σεαυτὸν,
3087 4754 3182 4806 καὶ
3197 4753 3567 4823 διασκόπησον
3593 4753 3753 4823 ἀκρι-

2170 4848 2281 4912 ϐῶς
2314 4848 2409 4901 τοῦ
2463 4847 2855 4917 πεπραγμένου
2894 4845 2956 4898 τὸ
3002 4845 3226 4909 ἄτοπον,
3253 4845 3347 4896 καὶ
3398 4844 3661 4914 μετανοίᾳ⁵
3688 4846 3753 4897 τὸ

2178 4941 2498 5013 ἁμαρτηθὲν
2538 4941 2845 5005 ὲξιλέωσαι.
2883 4938 2970 4990 Ἐν
3006 4937 3209 5007 ἠσυχίᾳ
3249 4937 3359 5007 γὰρ
3387 4936 3481 4989 καὶ
3512 4936 3591 5005 τῷ
3614 4937 3752 4989 ἀτα-

2181 5033 2332 5102 ράχῳ
2387 5031 2496 5083 τῶν
2552 5026 2830 5096 λογισμῶν
2888 5026 3088 5097 μᾶλλον
3146 5026 3440 5097 συνορᾶται
3474 5024 3571 5077 καὶ
3630 5026 3755 5094 κρί-

2175 5139 2326 5176 νεται
2359 5122 2420 5176 τὸ
2451 5121 2787 5191 παροραθέν.
2836 5119 2989 5188 Τάχα
3016 5118 3071 5171 δὲ
3102 5118 3196 5171 καὶ
3223 5116 3753 5187 προαναστέλλοντος

2173 5211 2241 5285 ἦν
2273 5214 2372 5284 τὴν
2404 5214 2580 5285 ὀρμὴν
2605 5213 2703 5282 τὴν
2730 5213 2815 5281 ἐφ’
2835 5204 2989 5282 ᾧπερ
3006 5210 3168 5273 αὐτὸς
3188 5209 3385 5272 ἀθλίως
3402 5208 3710 5279 ἐκϐέϐηκεν
3730 5226 3749 5240 ν

2179 5325 2197 5358 ι
2229 5307 2542 5375 Ἥμαρτες,
2581 5303 2769 5372 φησὶν,
2797 5302 3072 5374 ἡσύχασον
3090 5319 3104 5332 ·
3142 5319 3161 5352 ι
3187 5300 3262 5370 μὴ
3292 5299 3535 5371 πρόσθῃς
3562 5300 3755 5369 ἕτερον

2173 5397 2252 5466 τῷ
2283 5396 2579 5465 ἀδικήματι
2603 5411 2615 5423 ·
2657 5394 2819 5466 μέχρι
2848 5394 2946 5463 τῆς
2968 5396 3046 5457 εἰς
3070 5392 3171 5463 ἐμὲ
3197 5389 3572 5462 πλημμελείας
3593 5390 3753 5458 περί-

2175 5487 2387 5558 γραψον
2440 5486 2539 5555 τὴν
2610 5485 2915 5550 ἀπόνοιαν,
2984 5483 3292 5552 ὰδελφικῶν
3354 5482 3606 5552 αἱμάτων
3674 5481 3756 5550 μὴ

2174 5579 2274 5641 τὰς
2306 5581 2495 5648 χεῖρας
2548 5579 2729 5648 μόνον,
2767 5578 2901 5630 ἀλλὰ
2942 5577 3037 5629 καὶ
3075 5577 3173 5645 τὴν
3224 5573 3449 5646 γνώμην
3499 5572 3755 5643 καθαρὰν

2175 5669 2522 5739 διαφύλαξον.
2558 5669 2631 5723 Τὸ
2656 5669 2735 5735 δὲ,
2771 5687 2788 5722 ι
2820 5670 2963 5739 Πρὸς
3010 5668 3070 5723 σὲ
3105 5670 3139 5738 ἡ
3184 5667 3505 5738 ἀποστροφὴ
3554 5665 3750 5732 αὐτοῦ,
