3880 6206
132 292 237 351 649

1081 301 1179 358 AD
1232 299 1816 361 AMPHIIDCIIIUM
1854 304 2196 374 QUzESTIO
2232 307 2381 363 CIX.

3257 318 3367 381 650

133 412 229 461 καὶ
258 409 320 461 σὺ
349 408 510 459 αὑτοῦ
534 410 733 479 ἄρξεις,
765 431 781 460 ι
802 412 833 479 ἢ
861 415 987 480 περὶ
1006 412 1166 465 αὖτοῦ
1190 412 1283 465 τοῦ
1307 414 1694 482 προσενεχθέν-

1800 412 2137 481 pcccabatur,
2175 429 2298 469 cum
2349 416 2655 478 oli‘crretur.
2704 420 2925 489 intelligi
2974 420 3178 476 debet:
3211 439 3274 477 ac
3317 427 3363 480 si

131 516 225 561 τος
273 500 508 567 εῐρηται,
566 495 695 562 οἷον,
753 502 1013 567 ’Λνάξιον,
1051 503 1239 574 φησὶν,
1284 504 1384 569 τῆς
1410 504 1548 573 ἐμῆς
1576 506 1690 558 ἐστι

132 592 471 662 ποοσφορᾶς,
519 592 601 644 διὸ
646 594 1042 663 ἀποστρέφεταί
1079 614 1157 648 σοι
1182 596 1275 648 καὶ
1317 598 1475 659 αὐτὸς
1504 596 1689 661 αὑτοῦ,

130 681 321 751 ὥσπερ
389 683 481 734 καὶ
532 682 723 752 πρὶνῆ
773 684 1200 753 προσενεχθῆναι
1254 684 1441 754 κύριος
1491 684 1691 755 ἔσῃοῆ

130 771 257 841 οὐχὶ
320 772 381 825 τὸ
444 774 845 842 προσενεχθὲν,
896 776 1010 827 ἀλλ’
1077 776 1208 829 αὐτὸ
1274 776 1336 829 τὺ
1387 776 1693 846 διαμαρτη-

133 863 226 916 θὲν
296 866 425 934 περὶ
468 864 567 934 τὴν
591 865 901 933 προσένεξιν
928 868 956 918 6
978 867 1134 934 λόγος
1177 865 1327 937 δηλοῖ
1348 883 1362 896 ’
1389 866 1691 927 τουτέστιν,

136 957 209 1010 Σὺ
253 957 347 1010 τοῦ
399 959 820 1030 ἁμαρτήματος,
848 960 948 1012 οὐκ
999 961 1175 1023 ἄλλος,
1223 962 1453 1029 γέγονας
1486 961 1693 1025 αἴτιος*

130 1049 217 1100 διὸ
271 1052 302 1119 ἡ
353 1051 668 1121 ἀποστροφὴ
722 1052 916 1114 αὐτοῦ,
947 1054 1041 1105 καὶ
1084 1054 1116 1124 ή
1162 1053 1409 1124 ἀναφορὰ
1470 1053 1607 1123 πρὸς
1639 1053 1698 1106 σὲ

131 1145 415 1213 ἐπανήξει,
452 1146 635 1198 καὶσὺ
668 1145 833 1198 αὑτοῦ
884 1146 1067 1212 ἄρξεις
1105 1147 1348 1217 ἀρχηγὸς
1384 1147 1570 1215 ὀφθεὶς
1599 1146 1700 1216 τῆς

132 1235 263 1301 περὶ
280 1235 337 1288 τὸ
356 1235 507 1288 Θεῖον
526 1236 834 1307 ὀλιγωρίας,
862 1238 920 1301 ἐξ
940 1231 999 1290 οὗ
1017 1239 1111 1292 καὶ
1132 1239 1198 1292 τὰ
1216 1239 1378 1291 λοιπὰ
1392 1239 1499 1291 τῶν
1521 1240 1700 1310 ἀμαρ-

130 1325 394 1394 τημάτων
434 1328 778 1398 προέρχεται.
810 1330 870 1381 Εἰ
899 1329 954 1381 δέ
984 1346 1067 1392 τις
1102 1330 1248 1383 εἴποι
1280 1331 1374 1383 καὶ
1417 1330 1491 1394 ώς
1518 1348 1700 1401 παρα-

127 1417 310 1486 ψυχῆς
339 1418 501 1470 ἕνεκα
527 1418 682 1471 τοῦτο
725 1420 938 1490 εἴρηται
964 1420 1286 1490 (ὲλελύπητο
1331 1421 1439 1492 γὰρ
1473 1424 1500 1474 6
1528 1422 1696 1485 Κάῖν,

129 1510 178 1560 εἰ
203 1510 298 1562 καὶ
329 1510 403 1580 μὴ
427 1510 560 1563 διότι
609 1511 953 1582 ἡμάρτηκεν,
998 1512 1115 1565 ἀλλ’
1143 1513 1223 1565 ὅτι
1256 1512 1315 1565 τὸ
1345 1508 1510 1582 ἦττον
1544 1511 1701 1581 ἔσχεν

128 1601 226 1654 ἐπὶ
256 1605 375 1665 ταῖς
406 1603 617 1665 θυσίαις
644 1604 794 1673 παρά
820 1605 911 1657 τὸν
944 1604 1214 1673 ἀδελφὸν),
1245 1604 1366 1657 οὐδὲ
1406 1604 1563 1656 τοῦτο
1596 1621 1701 1674 μα-

127 1695 264 1763 κρδν
302 1697 400 1764 τῆς
428 1696 655 1765 ἀπείρου
703 1697 797 1749 καὶ
844 1697 1245 1767 ἀνεξιχνιάστου
1291 1696 1700 1768 φιλανθρωπίας

1791 502 1995 558 diceret
2024 522 2038 559 :
2070 505 2150 560 Tu
2178 508 2383 575 peccati
2414 508 2594 572 istius,
2632 520 2684 563 et
2716 526 2823 563 non
2853 512 3017 577 alius,
3051 512 3203 567 fuisti
3227 530 3362 569 cau-

1792 612 1886 660 sa;
1928 612 2101 667 quare
2152 599 2273 667 ejus
2320 604 2605 656 conversio
2657 612 2710 656 ct
2788 605 2980 657 relatio
3024 607 3088 657 ad
3135 617 3185 660 te
3223 610 3363 671 erit,

1791 705 1961 765 tuque
2013 695 2424 761 dominaberis;
2469 696 2579 749 dux
2631 696 2753 765 ejus
2803 706 3149 766 contemptus
3195 698 3366 751 divini

1797 792 2058 856 numinis,
2105 791 2250 846 unde
2300 801 2494 845 ctetera
2546 799 2764 858 peccata
2811 800 3219 859 processerunt.
3271 791 3365 845 Sin

1795 882 1922 935 velit
1972 883 2191 954 aliquis,
2231 884 2334 935 hoc
2377 883 2697 936 consolandi
2753 899 2919 936 causa
2964 883 3173 938 dictum
3219 884 3366 954 (nam

1798 974 2026 1019 moestus
2082 973 2199 1019 erat
2252 965 2413 1030 Cain,
2467 980 2576 1019 non
2606 980 2672 1020 eo
2702 966 2847 1036 quod
2901 977 3237 1036 peccaverat,
3270 970 3363 1024 sed

1799 1056 1943 1125 quod
1998 1059 2052 1109 in
2103 1057 2357 1111 secundis
2416 1066 2537 1125 post
2589 1055 2809 1111 fratrem
2857 1059 3039 1128 quoad
3088 1060 3363 1114 sacrificia

1801 1149 2020 1218 fuerat),
2044 1165 2149 1203 non
2190 1152 2289 1203 hoc
2322 1151 2479 1219 longe
2510 1150 2711 1205 recedit
2741 1151 2808 1204 ab
2839 1152 3044 1206 inﬁnita
3070 1161 3123 1207 et
3151 1154 3365 1208 inseru-

1801 1241 1948 1296 tabili
1969 1241 2356 1296 misericordia
2378 1242 2499 1306 Dei;
2536 1257 2600 1296 ac
2631 1243 2674 1296 si
2705 1243 2989 1313 indulgens
3016 1254 3167 1312 pater
3195 1244 3364 1298 tilium

1802 1333 2200 1403 delinquentem
2266 1336 2667 1405 alloqucretur,
2728 1335 2845 1390 Noli
2910 1338 3215 1403 cnncidere,
3274 1347 3370 1389 aut.

1804 1440 2041 1479 mmrore
2069 1423 2371 1485 absorberi,
2417 1425 2559 1493 quod
2602 1424 2769 1478 frater
2802 1436 2852 1480 te
2882 1427 3040 1481 donis
3062 1426 3181 1481 'suis
3206 1441 3369 1494 supe-

1806 1514 2044 1568 raverit:
2103 1514 2147 1567 si
2198 1514 2342 1568 enim
2373 1514 2476 1567 rite
2512 1514 2820 1584 praefertur,
2863 1516 2931 1571 ob
2968 1516 3016 1571 id
3044 1517 3189 1585 quod
3225 1524 3369 1571 recte

1804 1605 1947 1669 fecit,
2006 1614 2186 1659 tamen
2236 1605 2432 1660 iterum
2464 1607 2553 1660 illc
2602 1608 2668 1661 ad
2709 1617 2758 1662 te
2789 1620 3156 1671 eonvertetur,
3183 1608 3287 1662 sub
3318 1620 3369 1661 te

1801 1697 1923 1758 erit,
1949 1703 2002 1749 et
2031 1694 2474 1765 primogenitum
2501 1698 2875 1766 prterogativis
2918 1697 3191 1765 praicedes
3217 1712 3366 1759 eum,

125 1786 224 1838 τοῦ
291 1787 459 1840 Θεοῦ·
493 1789 568 1851 ώς
624 1791 690 1843 ἂν
741 1791 884 1843 εἴποι
937 1789 1289 1861 φιλόστοργος
1351 1788 1531 1859 πατὴρ
1562 1789 1694 1858 προς

1800 1786 1840 1841 si
1873 1801 1968 1855 per
1998 1787 2427 1855 resipiscentiam
2463 1796 2515 1841 te
2537 1790 2843 1843 correxeris
2873 1804 2901 1841 a
2934 1798 3159 1858 peccato
3188 1809 3201 1843 :
3234 1805 3369 1856 pra:-

124 1878 487 1949 ἠμαρτηκότα
509 1879 691 1943 παῖδα,
720 1880 810 1950 Μὴ
851 1880 1160 1951 συμπέσῃς,
1205 1879 1340 1949 μηδὲ
1374 1878 1691 1949 καταποθῇς

120 1971 192 2037 τῇ
259 1969 428 2041 λύπῃ,
457 1974 567 2034 τοῖς
615 1970 809 2039 δώροις
860 1989 921 2024 σε
983 1972 1555 2041 παρευδοκιμήσαντος
1599 1971 1690 2023 τοῦ

118 2061 357 2129 ἀδελφοῦ
382 2080 396 2093 ν
434 2065 481 2116 εί
512 2063 619 2133 γὰρ
645 2067 739 2117 καὶ
763 2064 821 2129 ἐξ
850 2058 923 2119 ὧν
951 2063 1111 2126 αὐτὸς
1141 2064 1302 2127 ὁσίως
1344 2062 1581 2132 ἔπραξεν
1609 2062 1689 2114 δι-

1801 1881 2039 1947 rogativa
2076 1880 2163 1932 illa
2196 1880 2288 1933 tibi
2320 1896 2425 1933 non
2462 1879 2765 1943 auferetur,
2802 1897 2965 1951 quam
2998 1881 3261 1951 accepisti
3312 1880 3364 1932 in

1796 1986 1862 2025 eo
1887 1972 2032 2041 quod
2064 1983 2338 2027 maternos
2369 1974 2584 2028 dolores
2619 1974 2828 2043 primus
2864 1975 3113 2029 solveris.
3392 1968 3395 1973 ’

120 2155 476 2225 καιοπρεπῶς
500 2156 917 2228 προτετίμηται,
940 2153 1169 2210 ἀλλὀὗν
1205 2154 1689 2227 ἀποστραφήσεταί
1732 2170 1813 2205 σοι
1849 2153 2012 2207 πάλιν
2038 2155 2133 2206 καὶ
2165 2154 2270 2207 ὑπὸ
2302 2154 2363 2207 σὲ
2423 2153 2597 2218 ἔσται,
2668 2154 2758 2206 καὶ
2802 2154 2880 2223 τῷ
2937 2155 3218 2223 προνομίῳ
3260 2152 3368 2205 τῶν

120 2249 512 2317 πρωτοτοκίων
565 2250 725 2312 αὐτὸς
771 2250 936 2303 πάλιν
992 2250 1054 2303 τὸ
1104 2250 1392 2320 πρεσϐεῖον
1424 2249 1587 2314 ἕξεις,
1622 2247 1691 2301 ἂν
1733 2247 2066 2317 μεταμελείᾳ
2090 2248 2285 2300 σαυτὸν
2322 2248 2413 2300 τοῦ
2478 2248 2816 2317 πταίσματος
2874 2245 3224 2319 ἀνορθώσῃς·
3274 2246 3369 2299 ἀν·

118 2343 421 2413 ἀφαίρετον
448 2343 556 2411 γὰρ
589 2344 740 2397 ἔσται
775 2362 856 2397 σοι
882 2344 941 2398 τὸ
988 2345 1108 2397 κατ’
1136 2344 1300 2398 αὐτοῦ
1333 2344 1528 2414 κύρος,
1553 2344 1688 2411 ὅπερ
1726 2339 1951 2411 εἴληφας
1970 2342 2029 2406 ἐξ
2077 2335 2152 2395 ὧν
2176 2342 2391 2413 πρῶτος
2434 2343 2532 2405 τὰς
2570 2343 2843 2412 μητρικάς
2899 2343 3092 2405 ἔλυσας
3150 2342 3365 2402 ὠδῖνας.

205 2432 368 2485 Ἀλλά
393 2434 513 2486 κατ’
533 2435 819 2506 ἐπιστολὴν
851 2436 1013 2490 ἱκανά
1033 2438 1320 2491 καὶταῦτα
1356 2433 1531 2508 οἶμαι.
1559 2432 1690 2489 Οἶδα

115 2523 175 2575 δέ
202 2524 355 2586 τινάς
406 2541 535 2577 ποτε
588 2524 694 2577 τῶν
747 2526 1121 2580 παλαιοτάτων
1175 2528 1443 2581 Ἰουδαίων
1486 2543 1691 2597 γεγρα-

117 2616 317 2682 φότας,
354 2617 485 2669 οἶ”τὸ
518 2617 797 2687 ἐλλόγιμον
820 2620 928 2671 τῶν
961 2620 1133 2673 ἄλλων
1159 2620 1305 2688 ἔχειν
1340 2621 1580 2680 ἐδόκουν,
1606 2619 1693 2672 διὰ

117 2706 282 2759 τοῦτο
311 2706 559 2777 εἰρῆσθαι
582 2708 674 2759 τὸν
713 2710 853 2762 Κάῖν
880 2709 952 2779 μὴ
978 2710 1170 2763 διελεῖν
1215 2710 1389 2781 ὀρθῶς
1417 2711 1551 2764 διότι
1583 2710 1691 2764 ἀπὺ

116 2797 233 2851 τῶν
283 2799 527 2868 ἀψύχων,
578 2800 693 2853 ἀλλ’
731 2803 829 2854 οὑκ
861 2803 969 2855 ἀπὸ
991 2803 1098 2855 τῶν
1127 2802 1408 2873 ἐμψύχων,
1443 2802 1632 2875 ὥσπερ
1664 2806 1691 2857 6

122 2889 318 2952 ’Δϐελ,
359 2891 427 2943 τὰ
451 2891 597 2962 δῶρα
646 2895 986 2963 προσέφερεν
1023 2894 1393 2965 (καθυστερεῖν
1445 2895 1553 2967 γὰρ
1599 2897 1691 2948 καὶ

118 2980 482 3034 ἐλαττοῦσθαι
531 2984 711 3055 πολλῷ
745 2986 851 3038 τῶν
894 2985 1152 3056 ἐμψύχων
1185 2987 1254 3039 τὰ
1294 2987 1499 3058 ἀψυχα)
1528 3004 1540 3017 ·
1566 2988 1633 3041 δι’
1663 2988 1691 3040 ὃ

120 3074 222 3127 καὶ
266 3073 358 3126 τὸν
386 3075 493 3128 τῶν
522 3076 658 3129 ὅλων
683 3077 815 3130 Θεὸν
849 3079 940 3131 τοῦ
978 3080 1078 3149 μὲν
1128 3079 1428 3151 ἐφησθῆναι
1462 3083 1571 3144 τοῖς
1593 3079 1693 3132 δώ-

123 3181 243 3231 ροις
268 3163 340 3224 ώς
376 3165 658 3234 ἐμψύχοις,
689 3166 781 3219 τοῦ
819 3168 875 3220 δὲ
905 3168 1001 3238 τὴν
1026 3169 1213 3221 θυσίαν
1238 3170 1512 3240 ὑπεριδεῖν
1535 3168 1610 3232 ὠς
1632 3171 1695 3222 ἐκ

119 3256 235 3307 τῶν
261 3255 483 3325 ἀψύχων
510 3258 1026 3330 είσκεκομισμένην.
1068 3261 1208 3314 ’Λλλ’
1242 3262 1401 3331 εἴπερ
1422 3259 1593 3324 οὕτως
1618 3256 1696 3313 εῖ-

122 3364 240 3415 χεν,
271 3348 371 3400 οὐκ
403 3348 469 3401 ἂν
495 3351 521 3400 6
542 3349 681 3402 Κάῖν
709 3353 805 3420 τὴν
843 3351 1127 3422 διαίρεσιν,
1160 3352 1275 3405 ἀλλ’
1303 3352 1473 3423 αὐτὴν
1506 3353 1572 3406 ἂν
1598 3351 1695 3421 τὴν

124 3438 320 3491 θυσίαν
343 3438 665 3503 ὠνειδίζετο,
700 3442 894 3511 ὅτιπερ
926 3444 1049 3496 ἀντὶ
1079 3443 1187 3496 τῶν
1225 3445 1454 3514 καρπῶν
1489 3444 1563 3512 μὴ
1581 3444 1696 3507 ζῶα

125 3531 523 3600 προσήνεγκεν.
572 3532 717 3584 Ἀλλ’
748 3532 986 3602 οὐδαμοῦ
1030 3533 1277 3601 φαίνεται
1311 3534 1469 3588 τοῦτο
1507 3538 1539 3606 ἡ
1572 3537 1694 3589 θεία

126 3622 608 3692 καταμεμψαμένη
658 3625 805 3694 φωνή
830 3638 844 3652 °
878 3624 1013 3677 ἀλλά
1049 3624 1157 3677 τῶν
1196 3625 1296 3693 μὲν
1332 3624 1519 3696 δώρων
1542 3628 1695 3681 οὐδὲν

125 3715 414 3784 ᾐτιάσατο,
443 3717 578 3787 ὑπὲρ
617 3717 673 3769 δὲ
703 3719 801 3787 τῆς
842 3717 1163 3786 διαιρέσεως
1203 3717 1301 3787 τὴν
1355 3718 1563 3788 μέμψιν
1594 3721 1694 3772 ἐπ-

128 3806 383 3873 ήνεγκεν.
438 3807 575 3859 ’Λλλ’
605 3806 745 3859 ὥστε
772 3806 827 3858 δὲ
857 3809 903 3859 εί
931 3808 958 3858 6
987 3807 1085 3876 μὲν
1107 3807 1358 3877 ἀπαρχῆς
1378 3807 1490 3877 βίον
1512 3808 1571 3861 τὸ
1592 3826 1693 3878 γης

128 3899 334 3960 πονεῖν,
374 3898 401 3949 ὁ
422 3897 476 3949 δὲ
501 3897 560 3949 τί)
585 3898 895 3966 ποιμαίνειν
922 3897 1149 3961 ἐτίθετο,
1188 3897 1305 3960 πῶς
1355 3898 1456 3951 οὐκ
1502 3899 1697 3964 ἄλογον

127 3987 535 4056 ὑπολαμϐάνειν
569 3987 660 4041 ὑπ’
700 3988 876 4041 αῑτίαν
927 3987 1178 4054 γενέσθαι
1214 3988 1307 4041 τὸν
1354 3990 1518 4055 Κάῖν,
1562 3989 1696 4042 διότι

130 4079 203 4147 μὴ
231 4079 342 4131 ἀπὸ
372 4079 478 4132 τῶν
516 4079 830 4147 ἀλλοτρίων,
860 4080 972 4132 ἀλλ’
1000 4080 1106 4133 ἀπὸ
1134 4081 1245 4133 τῶν
1269 4080 1483 4133 οίκείων
1520 4099 1692 4150 προσ-

127 4171 361 4239 ήνεγκεν
387 4173 652 4238 ;Κάκεῖνο
672 4171 728 4225 δέ
753 4191 837 4236 τις
855 4173 1137 4243 προσθείη,
1166 4174 1239 4234 ὡς
1260 4174 1359 4227 οὐκ
1376 4174 1433 4225 ἐν
1453 4177 1517 4244 τῇ
1539 4192 1700 4245 προσ-

127 4262 299 4328 ενέξει
316 4263 413 4333 τῆς
431 4264 619 4326 θυσίας
663 4266 881 4334 μᾶλλον,
904 4266 1019 4318 ἀλλ’
1042 4266 1295 4336 ἀπαρχῆς
1318 4266 1417 4335 τῆς
1438 4267 1545 4319 τῶν
1564 4266 1694 4335 βίων

1864 2436 2037 2504 Atque
2086 2434 2197 2489 inec
2247 2435 2560 2490 suffecerint
2608 2435 2870 2503 epistolze.
2922 2434 3056 2488 Novi
3101 2434 3366 2504 quosdam

1791 2541 1877 2581 res
1921 2526 2232 2581 Judzeorum
2299 2528 2713 2596 antiquissimas
2764 2528 3041 2582 memoria:
3102 2528 3366 2581 mandan-

1790 2626 1891 2679 tes,
1944 2617 2035 2686 qui
2105 2627 2228 2671 ante
2293 2616 2429 2670 alios
2490 2618 2715 2671 scientia
2783 2617 2994 2686 praediti
3043 2616 3144 2670 visi
3219 2626 3366 2678 sunt,

1789 2710 1879 2778 qui
1928 2709 2048 2763 ideo
2086 2709 2403 2764 existimant
2455 2708 2589 2764 Cain
2643 2709 2870 2764 minime
2922 2717 3067 2764 recte
3120 2709 3369 2764 divisisse

1798 2802 1929 2865 dici,
1960 2801 2088 2870 quia
2121 2817 2228 2855 non
2250 2817 2279 2855 a
2310 2802 2637 2864 viventibus,
2676 2809 2738 2856 ut
2769 2802 2924 2861 Abel,
2957 2801 3049 2855 sed
3084 2801 3154 2855 ab
3190 2800 3371 2853 inani-

1799 2894 1961 2947 matis
2008 2908 2231 2947 munera
2283 2903 2503 2962 accepta
2549 2893 2697 2947 dedit
2745 2893 2953 2961 (multis
3003 2892 3149 2947 enim
3195 2891 3370 2945 modis

1798 2983 2097 3037 inanimata
2125 2985 2327 3038 cedunt
2362 2984 2636 3052 animatis)
2666 3002 2677 3037 :
2710 2983 2877 3038 Deum
2912 2984 3091 3051 itaque
3118 2982 3370 3036 universa

1798 3076 1943 3131 illius
1965 3078 2104 3131 dona
2129 3078 2369 3131 animata
2404 3086 2624 3146 accepta
2660 3077 2938 3137 habuisse,
2968 3074 3130 3143 hujus
3161 3072 3369 3128 sacrifi-

1795 3167 1938 3221 cium
1990 3166 2275 3237 rcjecisse,
2312 3166 2457 3237 quod
2502 3166 2571 3220 de
2624 3164 2939 3220 inanimatis
2993 3170 3366 3234 appararetur.

1798 3258 1902 3313 Sed
1932 3259 1976 3313 si
2014 3260 2065 3312 id
2099 3260 2170 3312 ita
2202 3259 2312 3321 ﬁet,
2353 3257 2775 3328 haudquaquam
2812 3256 3029 3320 divisio,
3062 3257 3156 3310 sed
3189 3254 3368 3324 ipsum

1797 3350 2125 3406 sacrificium
2184 3358 2576 3415 accusaretur,
2627 3347 2773 3419 quod
2822 3364 2930 3402 non
2980 3345 3233 3401 animalia
3270 3360 3369 3415 pro

1798 3442 2039 3513 frugibus
2071 3441 2306 3495 offerret.
2349 3440 2456 3495 Sed
2500 3458 2608 3496 non
2644 3442 2856 3495 videtur
2910 3442 3011 3494 hoc
3063 3439 3242 3493 divina
3280 3440 3367 3491 illa

1795 3544 1930 3582 voce
1962 3528 2332 3597 increpatum;
2364 3529 2431 3583 de
2469 3530 2623 3583 donis
2656 3544 2761 3582 non
2797 3537 3039 3591 accusat,
3078 3528 3360 3596 reprehen-

1797 3621 1872 3673 dit
1907 3629 2115 3674 tantum
2150 3622 2497 3677 divisionem.
2539 3623 2695 3676 Certe
2738 3623 2782 3676 si
2814 3622 2882 3675 ab
2914 3622 3071 3675 initio
3099 3621 3365 3689 agricola-

1798 3714 1999 3767 tionem
2042 3713 2151 3777 ille,
2183 3714 2522 3781 pastoritiam
2564 3713 2667 3768 iste
2697 3713 3044 3782 sequebatur,
3082 3727 3112 3764 a
3161 3711 3368 3764 ratione

1799 3804 2023 3857 omnino
2068 3805 2306 3859 alienum
2356 3815 2440 3860 est
2481 3804 2799 3859 existimare
2844 3804 3068 3858 Cainum
3121 3803 3173 3856 in
3209 3802 3368 3871 culpa

1800 3894 1988 3959 fuisse,
2027 3894 2154 3964 quia
2186 3910 2295 3949 non
2327 3895 2395 3950 de
2423 3895 2637 3961 alienis,
2663 3895 2759 3949 sed
2790 3897 2856 3948 de
2890 3894 3006 3948 suis
3035 3893 3365 3947 oblationem

1799 3985 2072 4040 offerebat.
2108 3985 2318 4041 Addere
2347 3985 2491 4047 licet,
2527 3986 2671 4054 quod
2704 4002 2808 4039 non
2858 3986 2909 4038 in
2944 3983 3242 4049 offerendo,
3275 3984 3368 4038 sed

1800 4076 1854 4131 iu
1899 4077 2148 4148 eligendo
2189 4078 2311 4132 vita:
2355 4078 2603 4131 instituto
2645 4077 2984 4132 accusandus
3036 4087 3153 4131 erat
3187 4094 3200 4129 :
3240 4077 3368 4144 quia

1799 4166 2186 4235 agriculturam
2221 4166 2463 4236 elegerit,
2491 4173 2545 4219 et
2583 4164 2735 4219 fratri
2764 4164 3040 4234 reliquerit
3068 4174 3365 4234 pasturam.

1801 4256 2109 4309 Diil‘erentia
2158 4256 2358 4325 quippe
2400 4256 2663 4310 institutae
2713 4257 2835 4309 vita:
2875 4272 3096 4310 causam
3141 4256 3290 4309 dedit
3316 4266 3370 4308 et

127 4356 395 4425 αἱρέσεως
429 4354 532 4407 ἔδει
558 4356 647 4409 τὸν
678 4356 774 4425 μὲν
793 4356 1071 4425 φαυλίζειν
1089 4358 1191 4410 ’ὅτι
1220 4361 1477 4427 γηπονεῖν
1498 4360 1688 4423 εἵλετο,

1801 4351 2151 4420 principium,
2194 4350 2337 4421 quod
2389 4352 2683 4421 opinantur
2715 4351 2865 4405 illum
2906 4367 3188 4421 peccasse,
3239 4351 3366 4404 dum

126 4444 212 4495 τὸν
242 4445 300 4497 δὲ
329 4446 680 4514 ποιμαίνοντα
728 4448 1105 4517 ἀποδέχεσθαι.
1142 4448 1215 4502 Τδ
1241 4450 1348 4518 γὰρ
1370 4450 1477 4503 τῶν
1501 4453 1693 4521 ἐπιτη-

1800 4443 1861 4496 de
1904 4441 2171 4497 fructibus
2204 4442 2533 4497 sacrificium
2568 4442 2801 4507 offerret,
2829 4458 2954 4497 cum
2984 4442 3073 4497 ilic
3096 4442 3365 4506 laudetur,

126 4534 413 4603 δευμάτων
443 4537 693 4607 διάφορον
728 4538 867 4609 ἀρχὴ
903 4539 999 4593 καὶ
1029 4538 1179 4592 αἰτία
1223 4541 1565 4611 καθέστηκεν
1594 4543 1689 4595 τοῦ

127 4625 213 4676 τὶν
253 4624 373 4693 μὲν,
408 4625 480 4685 ώς
502 4626 779 4694 ἐνόμισαν,
817 4628 1080 4696 ἁμαρτεῖν
1099 4629 1329 4698 καρποῖς
1353 4626 1692 4692 θυσιάζοντα,

128 4716 213 4766 τδν
273 4715 331 4767 δὲ
388 4717 857 4788 παρευδοκιμήσαι
911 4717 1026 4782 ζῶα
1060 4718 1129 4771 τά
1171 4717 1320 4787 δῶρα
1350 4719 1692 4787 ποιούμενον.

133 4804 252 4866 ῐῐώς
301 4804 359 4856 δὲ
407 4805 507 4858 κάν
543 4810 665 4870 ταῖς
706 4807 1049 4876 νομοθεσίαις
1072 4807 1297 4878 ὕστερον
1325 4807 1608 4876 σεμίδαλίς
1633 4826 1694 4860 τε

134 4897 219 4947 καὶ
252 4896 487 4965 στάχυες
507 4898 602 4949 καὶ
630 4898 782 4968 ἄρτοι
810 4898 1119 4969 προθέσεως
1140 4900 1219 4961 είς
1245 4898 1559 4968 προσφορὰν
1581 4898 1698 4967 Θεῷ

137 4986 477 5054 ἐλογίζοντος
520 4989 581 5040 Εἰ
611 4988 667 5041 δὲ
716 4989 809 5041 καὶ
837 5007 856 5041 ‹
888 4989 1029 5043 καλά
1059 4987 1173 5042 λίαν
1206 5009 1223 5041 ι
1257 4990 1377 5060 οὐχί
1422 5006 1541 5042 τινα
1586 4989 1697 5041 τῶν

137 5080 436 5149 δημιουργη
447 5082 650 5151 μάτων,
686 5082 821 5135 ἀλλά
848 5084 1027 5136 πάντα
1056 5082 1130 5151 τῷ
1155 5081 1522 5151 γενεσιουργῷ
1554 5081 1697 5150 λόγῳ

140 5171 370 5241 εἴρηται,
422 5175 516 5225 καὶ
557 5172 871 5239 πεποίηται,
904 5173 1025 5226 τίνα
1064 5173 1220 5240 λόγον
1257 5170 1391 5241 ἔχει,
1437 5172 1562 5234 τοὺς
1592 5170 1702 5223 ἀπὸ

141 5262 230 5331 γῆς
260 5265 529 5335 καρποὺς,
571 5266 665 5317 καὶ
692 5263 728 5318 ἀ
755 5264 953 5333 μᾶλλόν
993 5266 1143 5318 ἐστιν
1196 5263 1465 5334 ἀνθρώπῳ
1501 5262 1698 5331 τροφὴ,

145 5356 194 5405 ἐν
230 5357 411 5427 ἀτίμῳ
446 5358 609 5428 μοίρᾳ
639 5360 734 5411 καὶ
767 5358 1095 5427 βδελύγματι
1123 5357 1214 5410 τὸν
1260 5357 1702 5426 δημιουργήσανο

147 5461 205 5497 τα
234 5449 704 5520 παραπέμπεσθαι
733 5469 746 5512 ;
778 5451 868 5503 Διὸ
896 5452 995 5521 τῆς
1019 5450 1271 5517 τοιαύτης
1312 5448 1571 5518 ἐπιϐολῆς
1601 5447 1700 5519 τὴν

150 5537 667 5608 προτεθεωρημένην
696 5538 953 5609 ἐξήγησιν
988 5537 1185 5608 μᾶλλον
1220 5537 1522 5607 ἐγκριτέον.
1551 5535 1700 5605 Αὕτη

151 5625 248 5696 γὰρ
296 5628 391 5682 καὶ
425 5622 506 5691 οἷς
556 5628 584 5680 6
610 5628 710 5698 τῆς
752 5628 999 5699 καθαρᾶς
1035 5627 1193 5698 ἡμῶν
1240 5628 1335 5680 καὶ
1363 5626 1701 5695 ἀναιμάκτου

154 5717 331 5786 θυσίας
360 5722 518 5790 λόγος
560 5724 843 5793 ἠγνόηται,
881 5724 1028 5777 δοκεῖ
1066 5740 1182 5786 πως
1232 5722 1377 5793 ᾄδειν
1404 5721 1660 5791 ὁμόφωνα
1684 5739 1698 5752 ’

157 5803 292 5875 ίξῶν
324 5814 413 5871 καὶ
444 5814 472 5865 6
499 5815 594 5883 τῆς
618 5814 948 5878 ἁποστασίας
990 5813 1275 5877 Ἰουλιανὸς
1310 5812 1448 5865 κατά
1487 5813 1581 5881 τῆς
1606 5813 1691 5865 εὑ-

1797 4536 1888 4604 qni
1918 4535 2173 4589 animalia
2202 4534 2368 4588 dedit.
2397 4534 2503 4589 Sed
2527 4534 2780 4603 deinceps
2802 4536 2962 4588 etiam
2987 4534 3040 4588 in
3069 4534 3204 4603 lege,
3233 4550 3368 4603 quo-

1798 4628 1959 4681 modo
1995 4627 2191 4687 simila,
2221 4626 2434 4686 aristae,
2485 4640 2651 4695 panes
2676 4626 3064 4695 propositionis
3108 4627 3173 4681 ad
3216 4628 3371 4680 obla-

1798 4717 1974 4772 tiones
2004 4716 2215 4771 divinas
2250 4715 2865 4784 deputabantur?Quod
2908 4715 2954 4769 si
3005 4735 3023 4767 ι
3062 4716 3218 4770 valde
3270 4716 3370 4769 bo-

1798 4824 1867 4862 na
1901 4828 1918 4859 ι
1954 4826 2064 4862 non
2112 4809 2307 4878 aliquae
2336 4817 2544 4862 tantum
2578 4824 2663 4862 res
2703 4819 2916 4873 creatm,
2950 4810 3040 4863 sed
3074 4810 3367 4864 universim

1800 4900 1979 4961 omnia
2011 4899 2175 4953 verbo
2202 4899 2515 4953 Conditoris
2551 4899 3020 4960 commendantur,
3069 4915 3190 4968 qua“:
3230 4900 3372 4954 ratio

1801 4990 2035 5044 suaserit
2090 4998 2147 5044 ut
2189 4989 2399 5044 fructus
2453 5004 2482 5043 e
2529 4998 2695 5053 terra,
2733 5006 2850 5058 quae
2886 4990 3133 5044 humanae
3162 4989 3370 5045 alitioni

1806 5091 1916 5135 tum
1960 5081 2385 5149 deputabantur,
2430 5080 2805 5135 inliouoranda
2852 5091 2945 5135 aut
2983 5080 3108 5135 vilia
3136 5081 3372 5152 despue-

1804 5171 2028 5224 rcntur?
2061 5170 2328 5236 Quocirca
2360 5171 2594 5242 priorem
2632 5172 2776 5226 illam
2812 5174 3204 5243 eXpositionem
3248 5175 3367 5228 lon-

1803 5280 1865 5332 ge
1896 5264 2223 5331 praetulerim
2268 5264 2370 5319 bac
2396 5264 2689 5333 adjectitia.
2748 5263 2882 5319 Nam
2917 5266 3044 5327 ista,
3088 5265 3154 5319 iis
3177 5266 3372 5335 quibus

1802 5357 1941 5410 ratio
1973 5357 2253 5427 ignoratur
2283 5356 2401 5421 puri
2439 5358 2608 5411 nostri
2633 5366 2687 5410 et
2717 5357 2833 5412 sine
2872 5358 3134 5428 sanguine
3162 5358 3338 5413 sacriii
3358 5388 3370 5401 -

1806 5449 1898 5510 cii,
1949 5448 2354 5517 quodammodo
2394 5450 2606 5504 videtur
2655 5450 2963 5504 consentire
2997 5468 3008 5503 :
3048 5450 3191 5504 unde
3234 5466 3367 5519 apo-

1805 5550 1947 5595 stata
1982 5538 2232 5594 Julianus
2263 5540 2352 5595 ille
2379 5548 2569 5595 contra
2597 5538 2911 5610 religionem
2947 5538 3212 5603 scribens,
3246 5554 3368 5592 cum

1805 5626 1967 5681 stulta
2001 5635 2055 5680 et
2094 5625 2320 5681 ridicula
2364 5625 2666 5696 proferret,
2718 5626 3001 5680 videbatur
3036 5634 3214 5679 tamen
3262 5640 3367 5678 non

1807 5716 1984 5783 inepte
2014 5729 2112 5768 nec
2150 5712 2385 5769 absurde
2416 5714 2756 5768 Christianos
2786 5712 3194 5783 reprehendere,
3226 5710 3371 5779 quod

1804 5821 2147 5877 nequaquam
2195 5804 2403 5861 Numen
2442 5805 2766 5861 animalibus
2816 5805 2972 5860 caesis
3018 5803 3367 5857 liouorarent.
