3880 6206
470 319 565 389 tibi

1620 319 1883 382 PHOTII
1914 313 2415 380 PATRIARCHA!
2440 313 2526 374 CP

3624 314 3717 376 652

474 432 691 499 σεσείας
718 436 982 507 γράφων,
1014 436 1282 491 ἀλλόκοτα
1310 437 1409 509 μὲν
1447 439 1543 491 καὶ
1585 436 1746 508 μωρὰ
1790 435 2040 505 γράφων,
2078 433 2227 499 ὅμως
2270 426 2452 493 ἔδοξέν
2513 446 2567 481 τι
2634 428 2795 498 σοφὸν
2836 432 2932 483 καὶ
2967 429 3394 501 δυσεπιτίμητον
3456 428 3720 485 ¹ιὶτιᾶσθαι

471 532 854 601 Χριστιανοὺς,
881 533 965 586 ὅτι
1013 532 1089 604 μὴ
1144 531 1469 596 ζωοθυσίαις
1530 532 1590 587 τὸ
1644 532 1797 586 Θεῖον
1858 530 2229 603 γεραίρουσιν.

620 644 945 713 ΩυΑΞδΤΙΟ
968 648 1058 703 CX
1100 647 1289 721 [σοῖσι.
1322 658 1370 703 et
1407 647 1568 703 Taur.
1595 646 1882 719 CXXXII].

2719 643 3057 695 ΕΡΩΤΗΣΙΣ
3092 643 3197 695 PI'.

562 758 709 809 Edita
728 774 756 809 a
778 760 1093 822 Montacutio,
1115 774 1199 824 ep.
1219 763 1330 823 215,
1362 761 1427 811 ad
1449 760 1767 828 Euschemorz.
1792 774 1844 822 p.
1872 757 2127 828 315g“.
2167 759 2241 810 De
2266 758 2449 811 Christi
2486 756 2796 819 apparitione
2820 755 2872 805 in
2893 755 3255 817 Hierosolymis
3278 755 3568 819 promissam
3592 757 3639 804 in

1610 820 1810 872 Galilaea
1832 820 2189 883 apparitionem
2232 827 2580 884 praevertente.

546 902 886 963 Promissum
943 909 1201 977 praevenit
1228 908 1485 965 Servator
1518 916 1736 979 propter
1760 907 2054 976 discipulo-

2234 906 2528 976 Συντέμνει
2551 903 2651 975 τὴν
2682 902 2975 974 ὑπόσχεσιν
3002 904 3030 955 6
3059 902 3271 974 Σωτὴρ,
3305 901 3394 955 διὰ
3419 902 3519 972 τὴν
3556 901 3725 967 61:70-

474 1013 597 1052 rum
644 1000 1158 1068 parvanimitatem:
1211 1010 1267 1056 et
1314 1011 1438 1056 ante
1483 1015 1764 1056 accessum
1811 1000 1865 1054 in
1911 998 2059 1052 Gali-

475 1089 631 1144 laeam
680 1092 821 1161 apud
864 1092 1267 1163 llierosolymas
1318 1108 1376 1149 se
1429 1092 1739 1147 manifestat
1779 1108 1792 1145 :
1847 1106 1956 1145 non
2006 1092 2058 1144 in

476 1178 581 1235 hoc
614 1180 948 1249 promissum
987 1198 1145 1236 suum
1185 1184 1431 1249 violavit,
1466 1198 1568 1238 nec
1592 1184 1752 1254 longe
1792 1182 2059 1246 diﬂertur,

475 1271 622 1340 quod
671 1280 892 1341 propter
949 1289 1200 1344 magnam
1272 1276 1710 1332 misericordiam
1790 1283 1901 1329 tam
1953 1275 2062 1328 cito

475 1360 898 1430 adimplebatur.
940 1361 995 1417 Si
1023 1364 1148 1436 quis
1185 1365 1370 1423 animo
1398 1380 1655 1436 perverso
1686 1365 1966 1420 veritatem
2005 1365 2059 1418 in

476 1454 825 1511 mendacium
858 1465 1072 1525 vertere
1096 1458 1245 1521 velit,
1284 1468 1338 1513 et
1365 1459 1510 1514 dicat
1542 1475 1650 1513 non
1680 1472 1802 1514 esse
1824 1458 2058 1522 veracis,

472 1546 793 1614 promittere
840 1548 1104 1611 visionem
1137 1550 1189 1605 in
1230 1549 1484 1619 Galilaea,
1524 1551 1671 1606 illam
1703 1565 1832 1605 vero
1864 1548 2059 1605 fliero~

474 1639 702 1709 Solymis
760 1640 1062 1705 exhibere:
1119 1644 1456 1710 consideret,
1526 1643 1671 1713 quod
1714 1643 1804 1698 ubi
1850 1644 2061 1698 dixerat

477 1729 740 1786 Servator
773 1747 831 1787 se
866 1732 1177 1802 i‘ruitionem
1212 1736 1381 1799 beata:
1412 1736 1585 1807 ipsius
1614 1736 1842 1799 visionis
1870 1736 1923 1790 in
1954 1734 2060 1789 Ga-

472 1821 613 1876 lilzea
646 1824 1039 1893 exhibiturum,
1081 1837 1133 1883 et
1183 1831 1406 1893 omnino
1458 1846 1564 1886 non
1604 1831 1934 1886 exhiberet:
1976 1829 2058 1883 vel

472 1915 518 1969 si
554 1916 819 1985 adiiceret
862 1916 1257 1993 Hierosolymis
1307 1923 1728 1993 haudquaquam
1763 1923 1941 1993 ipsum
1979 1923 2061 1974 vi-

474 2021 666 2073 suros,
704 2018 759 2063 et
801 2018 981 2066 tamen
1028 2014 1295 2079 viderent,
1349 2028 1457 2068 non
1506 2015 1625 2070 sine
1658 2014 1805 2084 justa
1829 2013 2057 2069 forsitan

473 2098 689 2165 ratione
719 2102 844 2171 quis
867 2103 934 2158 de
971 2105 1255 2163 mendacio
1283 2107 1605 2177 postularet.
1649 2106 1807 2173 Quod
1834 2106 1879 2161 si
1913 2104 2058 2161 Gali-

472 2191 666 2247 laicam
700 2196 1088 2265 apparitionem
1130 2198 1467 2268 praemittens
1504 2211 1558 2255 et
1589 2200 1737 2254 illam
1775 2199 2054 2269 praestitit,

470 2301 536 2340 ac
567 2291 730 2342 etlam
756 2292 809 2343 in
834 2289 1229 2363 Hierosolymis
1254 2292 1526 2356 addiderit
1552 2295 1738 2360 aliam,
1781 2295 1874 2352 ubi
1902 2311 2055 2349 men-
2089 2298 2129 2356 Β

481 2378 623 2447 dacii
670 2395 983 2449 processus,
1008 2384 1133 2440 licet
1175 2385 1231 2439 in
1262 2386 1393 2445 exili
1442 2386 1736 2457 phantasia
1778 2387 2057 2457 relinqua-

468 2470 597 2523 tur?
644 2469 762 2527 lmo
811 2490 983 2543 quare
1032 2491 1142 2531 non
1189 2476 1666 2547 potius'veritatis
1704 2479 1906 2550 duplex
1951 2480 2057 2543 erit

469 2560 806 2632 adimpletio,
844 2564 993 2623 illius
1020 2583 1186 2637 quam
1211 2570 1484 2639 promisit,
1512 2580 1568 2627 et
1591 2574 1711 2642 ejus
1747 2587 1914 2643 quam
1938 2572 2058 2626 sine

468 2654 743 2724 promisso
779 2658 1069 2725 praestitit?
1097 2657 1204 2713 Sed
1251 2659 1484 2715 ulterius
1529 2661 1751 2717 adverte
1786 2679 1799 2716 :
1844 2662 1891 2717 si
1922 2661 2057 2725 sim-

468 2740 686 2809 pliciter
748 2743 1033 2815 discipulis
1078 2747 1356 2816 pollicitus
1387 2758 1531 2804 esset
1568 2764 1626 2805 se
1664 2749 1842 2805 visum
1892 2750 1957 2805 iri
1998 2750 2051 2805 in

468 2829 713 2899 Galilaea,
749 2842 804 2887 et
836 2833 925 2889 ille
954 2834 1105 2904 prius
1135 2835 1339 2891 alicubi
1372 2837 1669 2905 videretur,
1713 2838 1767 2892 in
1800 2837 2055 2898 confesso

467 2918 575 2972 erit
616 2936 727 2975 non
779 2924 1089 2989 mentitum.
1134 2922 1232 2980 Sin
1271 2924 1535 2983 abeuntes
1565 2926 1775 2983 diceret
1814 2926 2054 2999 visuros,

469 3012 527 3056 at
556 3006 628 3060 illi
662 3021 771 3091 non
803 3009 1037 3077 abirent,
1070 3011 1275 3082 quippe
1310 3013 1402 3082 qui
1437 3013 1761 3069 miraculum
1796 3014 1925 3069 illud
1965 3030 2055 3070 re-

469 3096 829 3152 surrectionis
859 3113 1204 3172 nequaquam
1231 3101 1461 3163 firmiter
1485 3102 1788 3170 credentes,
1820 3113 1901 3171 ut,
1926 3105 2054 3160 reli-

475 3192 580 3245 ctis
608 3192 1024 3267 Hierosolymis,
1049 3197 1202 3263 illum
1228 3199 1281 3254 in
1307 3200 1525 3263 Galilaaa
1548 3203 1840 3259 videndum
1865 3220 2057 3275 exspe-

472 3294 684 3347 ctarent
719 3305 734 3341 :
767 3291 1041 3359 quomodo
1078 3308 1187 3353 non
1242 3292 1574 3357 irrationalis
1619 3305 1703 3350 est
1756 3297 1939 3364 opinio
1990 3298 2057 3351 de

473 3377 763 3435 mendacio
818 3388 872 3436 et
922 3384 1318 3454 sycophantia?
1384 3387 1490 3441 Sed
1549 3396 1602 3441 et
1652 3387 1860 3458 absque
1930 3390 2053 3446 istis

472 3468 786 3540 pradictis,
841 3474 1042 3530 intueri
1087 3476 1342 3549 inprimis
1384 3488 1639 3549 oportet,
1700 3481 1868 3551 quod,
1927 3481 2055 3543 licet

474 3559 866 3635 Hierosolymis
913 3567 1118 3635 adfuit,
1166 3578 1222 3625 et
1268 3570 1421 3626 visus
1480 3569 1563 3629 est
1614 3573 1897 3643 discipulis
1936 3574 2053 3631 suis

2160 997 2359 1068 ψυχίαν
2384 996 2496 1050 τῶν
2525 995 2784 1067 μαθητῶν
2802 1011 2817 1026 ⁶
2844 995 2938 1049 καὶ
2973 994 3079 1066 πρὸ
3106 995 3206 1062 τῆς
3236 993 3527 1058 Γαλιλαίας
3554 995 3611 1047 ὲν
3640 994 3727 1047 αὖ·

2159 1088 2547 1161 τοῖςἸεροσολύ
2558 1106 2678 1160 μοις
2713 1088 2896 1152 αὐτοῖς
2926 1087 3288 1159 ἐμφανίζεται
3308 1105 3322 1119 ’
3355 1087 3450 1140 καὶ
3475 1087 3537 1139 οὐ
3560 1087 3726 1157 δήπου

2159 1183 2317 1237 τοῦτο
2369 1184 2470 1253 τῆς
2524 1181 2857 1251 ἐπαγγελίας
2916 1181 3155 1251 ὑπάρχει
3203 1181 3562 1251 παράϐασις,
3614 1179 3729 1232 οὐδὲ

2161 1274 2358 1327 πολλοῦ
2393 1274 2512 1327 δεῖ·
2554 1276 2748 1345 ταχεῖα
2775 1274 2833 1328 δὲ
2868 1273 3071 1343 μᾶλλον
3101 1276 3164 1327 ὲκ
3191 1272 3392 1343 πολλῆς
3422 1272 3728 1343 φιλανθρω-

2161 1363 2291 1428 πίας
2321 1364 2693 1434 ἐκπλήρωσις.
2722 1364 2785 1416 El
2813 1362 2857 1415 δ’
2881 1362 2963 1416 ἔτι
2989 1379 3075 1425 τις
3111 1360 3447 1431 ἀγνωμονῶν
3477 1362 3561 1424 είς
3597 1359 3730 1428 44:5-

2159 1456 2248 1519 δος
2280 1457 2461 1510 ἓλκειν
2487 1457 2586 1527 τὴν
2616 1455 2877 1525 ἀλήθειαν
2910 1453 3246 1518 ἐκϐιάζοιτο,
3273 1454 3372 1505 οὐκ
3392 1448 3533 1506 εἶναι
3561 1452 3733 1518 λέγων

2162 1546 2625 1615 ἐπαληθεύοντας,
2660 1548 2720 1599 ὲν
2756 1546 2855 1617 μὲν
2884 1535 2969 1617 τῇ
2989 1544 3254 1616 Γαλιλαίᾳ
3296 1545 3601 1614 παρασχεῖν
3637 1542 3732 1611 τὴν

2159 1640 2282 1709 ὄψιν
2314 1639 2763 1711 ἐπαγγείλασθαι,
2796 1641 2854 1692 ἐν
2891 1638 3285 1710 Ἱεροσολύμοις
3308 1638 3364 1691 δὲ
3393 1635 3598 1705 ταύτην
3627 1634 3730 1687 6m-

2161 1732 2437 1802 ρήσασθαι
2460 1750 2475 1764 ο
2514 1734 2692 1786 ἐκεῖνο
2726 1733 2928 1804 μᾶλλον
2962 1732 3212 1797 συνιέτω,
3250 1730 3348 1793 ὡς,
3382 1730 3540 1797 εἰπερ
3565 1726 3734 1779 εἰπὼν

2158 1827 2185 1877 6
2217 1825 2427 1896 Σωτὴρ,
2460 1827 2518 1879 ἐν
2545 1828 2612 1896 τῇ
2646 1825 2912 1896 Γαλιλαίᾳ
2943 1824 3128 1877 δοῦναι
3168 1826 3285 1886 τοῖς
3330 1822 3599 1893 μαθηταῖς
3637 1821 3734 1889 τὴν

2158 1916 2460 1970 ἀπόλαυσιν
2488 1918 2589 1987 τῆς
2619 1917 2896 1988 μακαρίας
2927 1916 3054 1979 θέας
3080 1923 3109 1953 η
3149 1915 3369 1984 ἐκείνης
3390 1954 3405 1977 ,
3457 1908 3578 1966 εἶτα
3612 1913 3734 1982 μηδ’

2158 2008 2295 2071 ὅλως
2321 2008 2597 2080 παρέσχεν
2619 2026 2631 2038 ·
2670 2009 2703 2078 ἢ
2733 2008 2991 2080 προσθεὶς
3035 2010 3094 2061 ὲν
3127 2005 3523 2077 Ἰεροσολύμοις
3562 2005 3734 2073 μηδα-

2162 2099 2280 2169 μῶς
2311 2100 2494 2165 αὐτοῖς
2516 2099 2771 2170 ὀφθῆναι,
2805 2100 3000 2153 ἔπειτα
3028 2098 3182 2169 ὤφθη
3204 2139 3219 2161 ,
3253 2099 3355 2151 οὐκ
3381 2096 3447 2150 ἂν
3480 2098 3737 2166 ἀφρόνως

2159 2192 2279 2257 λίαν
2312 2196 2393 2257 είς
2421 2194 2677 2248 ὑπόνοιαν
2705 2210 2790 2257 τις
2818 2192 3108 2263 ἐξεφέρετο
3157 2191 3251 2245 τοῦ
3283 2190 3550 2260 ψεύδουςο
3595 2190 3644 2242 εί
3680 2189 3736 2241 δὲ

2158 2289 2258 2359 τὴν
2290 2289 2349 2341 ὲν
2377 2291 2444 2359 τῇ
2492 2287 2753 2360 Γαλιλαίᾳ
2800 2288 3125 2357 ἐπιφάνειαν
3177 2285 3584 2352 προαγγείλας,
3642 2283 3738 2335 xui.

2157 2380 2365 2451 ταύτην
2391 2379 2702 2451 ἐπλήρωσε,
2733 2378 2831 2432 καὶ
2873 2377 2974 2449 τὴν
3011 2379 3072 2432 ἐν
3114 2376 3510 2449 Ἰεροσολύμοις
3547 2375 3739 2445 ἐχαρί-

2160 2489 2311 2536 σατο,
2342 2470 2444 2525 ποῦ
2472 2470 2550 2542 τῷ
2578 2470 2767 2541 ψεύδει
2800 2471 3056 2543 πάροδος,
3084 2470 3186 2524 κᾶν
3218 2469 3349 2539 γοῦν
3374 2470 3433 2522 ὲν
3461 2468 3594 2538 ψιλῇ
3627 2485 3738 2521 τινι

2158 2565 2541 2619 καταλείποιτο
2569 2564 2881 2636 φαντασίᾳ;
2913 2564 3132 2619 Μᾶλλον
3160 2564 3215 2617 δὲ
3235 2604 3250 2629 ,
3279 2562 3399 2626 πῶς
3426 2562 3527 2615 οὐκ
3564 2561 3737 2626 ἐστιν,

2155 2658 2233 2722 ὡς
2259 2658 2324 2712 ἄν
2349 2675 2434 2721 τις
2462 2656 2629 2720 εἴποι,
2651 2657 2814 2728 διπλή
2842 2673 2928 2720 τις
2955 2657 3054 2727 τῆς
3077 2654 3333 2726 ἀληθείας
3361 2654 3535 2725 ὲκπλή
3547 2670 3736 2725 ρωσις,

2157 2744 2233 2804 ὦν
2264 2765 2326 2802 τε
2360 2748 2648 2819 ὑπέσχετο,
2698 2748 2796 2801 καὶ
2839 2740 2915 2801 ὧν
2969 2745 3106 2817 μηδὲ
3149 2745 3521 2815 ὑποσχόμενος
3555 2742 3739 2813 ἐχαρίο

2158 2856 2325 2903 σατο;
2354 2839 2497 2908 Ὅρα
2521 2838 2580 2893 δὲ
2609 2838 2832 2892 κάκεῖνο
2850 2853 2866 2870 ⁸
2892 2838 2942 2890 εί
2969 2838 3068 2908 μὲν
3102 2834 3292 2898 ἁπλῶς
3320 2831 3390 2907 ἦν
3430 2833 3737 2905 προαγγεὶ-

2154 2930 2255 2994 λας
2283 2932 2342 2983 ὲν
2368 2932 2434 3001 τῇ
2469 2930 2731 3001 Γαλιλαίᾳ
2757 2930 2869 2993 τοῖς
2896 2928 3166 3000 μαθηταῖς
3197 2928 3593 2999 ὁραθήσεσθαι,
3625 2927 3655 2979 6
3679 2925 3737 2978 δὲ

2155 3020 2394 3093 ἀλλαχοῦ
2425 3022 2689 3093 πρότερον
2719 3021 2933 3091 ὼράθη,
2979 3018 3434 3090 συγκεχωρείσθω
3472 3019 3573 3071 καὶ
3601 3016 3741 3087 μηδὲ

2156 3114 2341 3187 χώραν
2373 3112 2496 3183 ἔχον
2524 3113 2586 3166 τὸ
2616 3113 2832 3183 ψεῦδος.
2882 3113 2943 3165 Ei
2973 3111 3032 3165 δὲ
3071 3110 3409 3172 ἀπελθόντας
3458 3108 3566 3181 ἔφη
3608 3108 3741 3176 ὅψε-

2158 3207 2303 3269 σθαι,
2336 3209 2385 3261 οί
2418 3207 2475 3261 δὲ
2500 3205 2655 3259 οὔπω
2685 3204 3072 3276 παρεγένοντο,
3117 3202 3240 3256 οὐδὲ
3286 3202 3394 3270 γὰρ
3436 3198 3506 3272 ἦν
3551 3201 3742 3263 αὐτοῖς

2154 3299 2613 3371 ἐνεστηριγμένον
2654 3297 2715 3351 τὸ
2744 3297 2846 3367 τῆς
2892 3297 3246 3358 ἀναστάσεως
3275 3293 3483 3364 θαῦμα,
3515 3292 3607 3345 ἴνα
3644 3291 3742 3343 τὸν

2156 3393 2487 3461 ἀναστάντα,
2520 3392 2589 3446 τὰ
2630 3390 2976 3463 Ἱεροσολύμα
2998 3389 3267 3455 λιπόντες,
3312 3390 3390 3451 εἰς
3432 3387 3533 3458 τὴν
3572 3385 3743 3440 Γαλι-

2156 3485 2315 3542 λαίαν
2348 3485 2478 3541 ίδείν
2512 3483 2959 3556 προσδοκήσωσιο
3009 3481 3129 3546 πῶς
3167 3483 3271 3535 οὐκ
3298 3478 3563 3543 ἀσύνετος
3599 3478 3742 3546 σφό-

2159 3579 2262 3648 δρα
2291 3578 2392 3648 τῆς
2415 3577 2511 3631 ἐπὶ
2539 3577 2619 3648 τῷ
2656 3576 2842 3648 ψεύδει
2893 3575 3262 3645 συκοφαντίας
3290 3575 3323 3643 ὴ
3353 3571 3510 3638 δόξας
3547 3570 3745 3640 Χωρὶς

476 3652 760 3723 Servator,
798 3673 907 3713 non
952 3668 1131 3715 tamen
1176 3662 1550 3731 principaliter
1579 3664 1655 3718 illi
1701 3680 1826 3727 eum
1870 3665 2052 3722 intue-

2158 3667 2215 3721 δὲ
2244 3667 2354 3721 τῶν
2382 3667 2691 3739 εἰρημένων
2719 3666 2951 3737 συνορᾷν
2989 3663 3227 3734 μάλιστα
3266 3661 3451 3731 δεήσει
3474 3698 3489 3723 ,
3520 3656 3602 3721 ὡς
3638 3655 3745 3709 κᾶν

475 3748 696 3803 bantur.
734 3748 839 3815 Qui
880 3753 1024 3805 enim
1056 3764 1315 3822 possent,
1360 3756 1454 3825 qui
1496 3770 1556 3810 se
1582 3756 1836 3826 spiritum
1869 3758 2053 3812 videre

474 3841 776 3911 putabant?
804 3841 959 3909 Quod
990 3844 1037 3900 si
1064 3855 1243 3901 autem
1289 3857 1474 3917 postea
1506 3848 1819 3913 credebant,
1870 3859 2051 3903 tamen

476 3950 578 3989 nec
622 3935 755 3997 illud
811 3952 1067 4005 magnum
1113 3939 1238 3996 fuit.
1302 3940 1443 4007 Quid
1490 3941 1637 3997 enim
1686 3951 1882 4013 praeter
1925 3942 2050 4007 hoc,

482 4044 501 4077 ι
540 4025 803 4096 Spiritum
835 4044 1057 4097 carnem
1105 4040 1160 4087 et
1190 4047 1314 4088 ossa
1352 4048 1457 4088 non
1492 4033 1772 4101 habere",
1810 4052 1829 4085 ι
1882 4035 2050 4103 quod,

476 4119 568 4193 qui
595 4130 820 4175 mortem
854 4122 1083 4190 obierat,
1116 4125 1461 4180 resurrexit?
1498 4126 1765 4192 Quocirca
1799 4127 1921 4182 illos
1970 4128 2053 4181 in-

476 4226 708 4281 crepans
737 4213 814 4272 ait
848 4232 908 4268 :c
969 4215 1109 4282 Quid
1135 4218 1339 4272 turbati
1368 4219 1543 4274 estis?
1578 4218 1849 4285 Quorsum
1900 4222 2053 4290 cogi-

477 4304 711 4360 tationes
758 4307 1060 4369 ascendunt
1088 4310 1143 4364 in
1183 4311 1347 4366 corda
1394 4320 1578 4367 vestra
1595 4313 1678 4367 ’7?
1713 4332 1731 4365 ι
1780 4311 1896 4367 lloc
1942 4328 2051 4367 non

474 4404 596 4455 erat
622 4412 813 4463 eorum
852 4401 946 4470 qui
981 4401 1179 4463 animis
1212 4402 1431 4463 fuerant
1460 4404 1790 4468 confirmati,
1826 4405 1916 4473 qui
1952 4405 2055 4458 im-

476 4488 771 4554 mobilibus
794 4492 1007 4548 veritati
1033 4494 1338 4555 rationibus
1360 4496 1729 4551 adliazrebant.
1754 4495 1811 4549 In
1834 4496 2052 4551 Gulilzea

474 4596 661 4638 revera
703 4584 958 4643 viderunt
982 4600 1131 4651 eum,
1172 4587 1369 4651 ibidem
1401 4589 1639 4649 revelato
1682 4589 1845 4643 modo
1877 4590 2053 4642 mani-

473 4672 817 4738 festabatur:
871 4676 1018 4745 quod
1072 4692 1235 4747 quem
1287 4679 1637 4742 intuebantur
1680 4682 1887 4741 oculis.
1940 4681 2053 4748 ipse

472 4774 638 4829 esset,
697 4783 717 4819 ι
775 4766 870 4838 qui
934 4769 1130 4835 mortis
1200 4770 1506 4832 dominium
1569 4772 1984 4841 spoliaverat";
2025 4791 2044 4824 ι

474 4853 611 4927 ipse,
640 4875 660 4908 ι
700 4857 794 4926 qui
834 4873 1015 4927 rerum
1050 4863 1296 4923 omnium
1330 4878 1453 4933 quae
1494 4864 1546 4917 in
1574 4863 1712 4925 cmlo
1746 4872 1876 4918 sunt
1902 4878 1966 4918 ac
1995 4863 2049 4916 in

476 4953 625 4998 terra
657 4954 977 5015 potestatem
1007 4960 1292 5019 acceperat
1320 4962 1374 5006 et
1400 4951 1701 5009 dominium
1720 4952 1786 5016 ⁷ο,
1824 4971 1843 5003 ι
1876 4967 2050 5021 quan-

2154 3761 2213 3813 ὲν
2247 3758 2640 3828 Ἱεροσολύμοις
2669 3758 2910 3829 ἐπέστη,
2939 3756 3036 3810 καὶ
3067 3754 3226 3823 ὤφθη
3254 3755 3367 3815 τοῖς
3398 3749 3677 3821 μαθηταῖς
3717 3750 3747 3800 6

2152 3853 2381 3924 Σωτὴρ,
2428 3852 2544 3906 ἀλλ’
2589 3851 2682 3905 οὖν
2734 3851 2793 3903 οὑ
2849 3849 3056 3921 κυρίως
3092 3848 3292 3901 ἐκεῖνοι
3340 3842 3531 3897 τοῦτον
3576 3840 3746 3893 ἐθεά-

2154 3962 2348 3999 σαντοο
2386 3945 2503 4007 πῶς
2527 3944 2638 4015 γὰρ
2665 3945 2875 4013 ἐώρων,
2931 3942 2984 3995 οἵ
3008 3957 3073 4008 γε
3107 3937 3328 4008 πνεῦμα
3363 3935 3595 4004 θεωρεῖν
3625 3932 3745 3984 €66-

2152 4055 2314 4105 κουν;
2346 4038 2410 4091 Εἰ
2439 4037 2497 4090 δὲ
2531 4036 2625 4091 καί¹
2682 4035 2908 4107 ὕστερον
2940 4034 3245 4097 ἐπίστευον,
3288 4028 3405 4084 ἀλλ’
3429 4026 3555 4081 οὐδὲ
3595 4024 3745 4079 οὕτω

2155 4133 2327 4200 μέγα·
2362 4129 2415 4184 τί
2450 4128 2581 4201 γὰρ,
2612 4128 2754 4199 πλὴν
2807 4129 2891 4182 ὅτι
2923 4146 2941 4180 ι
2976 4125 3201 4197 Πνεῦμα
3242 4123 3420 4191 σάρκα
3439 4119 3536 4174 καὶ
3570 4116 3745 4171 ὀστέα

2150 4225 2247 4275 οὐκ
2268 4221 2432 4292 Exn,»
2466 4222 2564 4275 καὶ
2593 4222 2676 4274 ὅτι
2707 4220 2870 4282 αὐτὸς
2892 4221 2921 4273 6
2950 4216 3281 4277 θανατωθεὶς
3305 4214 3400 4267 καὶ
3428 4212 3735 4279 ἀνέστηκες

2151 4314 2243 4365 Διὸ
2272 4313 2367 4366 καὶ
2393 4311 2665 4381 ἐπιτιμῶν
2707 4310 2892 4374 αὐτοῖς
2941 4308 3127 4376 ἔλεγε·
3182 4325 3199 4357 ι
3231 4305 3295 4357 Τί
3329 4300 3745 4372 τεταραγμένοι

2153 4408 2298 4473 ἐστὲ,
2332 4408 2428 4460 καὶ
2459 4405 2548 4459 διὰ
2575 4405 2628 4457 τί
2655 4404 2907 4473 λογισμοῖ¹
2931 4401 3318 4456 ἀναϐαίνουσιν
3347 4399 3406 4453 ὲν
3427 4396 3551 4457 ταῖς
3602 4408 3747 4461 καρ-

2150 4499 2291 4562 δίαις
2314 4498 2505 4569 (quibit;
2537 4517 2554 4549 ›
2593 4498 2730 4567 ὅπερ
2762 4496 2862 4549 οὐκ
2894 4489 2962 4566 ἦν
2988 4490 3411 4563 ἐστερεωμένων
3443 4488 3572 4549 ταῖς
3594 4482 3747 4554 γνὼ-

2154 4605 2303 4659 μαις,
2350 4588 2458 4640 οὐδ’
2494 4587 2772 4656 ἀκινήτοις
2819 4583 3121 4655 χρωμένων
3163 4580 3294 4651 περὶ
3326 4580 3426 4649 τὴν
3467 4576 3746 4645 ἀλήθειαν

2149 4681 2261 4740 τοῖς
2290 4677 2591 4746 λογισμοῖς.
2610 4673 2700 4729 Ἐν
2720 4676 2785 4745 τῇ
2818 4671 3083 4743 Γαλιλαίᾳ
3106 4671 3163 4724 δὲ
3192 4667 3408 4739 ἀληθῶς
3433 4666 3748 4723 ἐθεάσαντο

2150 4770 2245 4823 καὶ
2267 4763 2406 4820 εἶδον
2424 4783 2440 4799 ο
2463 4767 2641 4819 ἐκεῖσε
2658 4764 2768 4836 γὰρ
2792 4765 2975 4827 αὐτοῖς
3002 4759 3388 4827 ἀποκαλυφθὲν
3415 4757 3743 4828 ἐτρανώθη,

2148 4862 2224 4925 ὡς
2244 4861 2303 4914 ὃν
2331 4860 2585 4930 βλέπουσι
2608 4858 2702 4911 καὶ
2723 4857 2947 4928 ὁρῶσιν,
2976 4854 3140 4917 αὐτὸς
3175 4855 3273 4923 μέν
3303 4853 3449 4904 ἐστιν
3487 4867 3505 4900 ι
3546 4851 3579 4902 6
3643 4846 3747 4900 τοῦ

2154 4951 2387 5006 θανάτου
2429 4948 2731 5011 σκυλεύσας
2762 4948 2823 5000 τὸ
2857 4946 3094 5017 κράτος·
3123 4944 3286 5009 αὐτὸς
3326 4942 3383 4995 δὲ
3433 4943 3462 4993 6
3509 4939 3747 4991 πάντων

476 5038 548 5090 do
596 5053 864 5095 summam
914 5050 969 5101 et
1026 5044 1297 5099 excelsam
1349 5046 1684 5114 apostolatus
1729 5044 2047 5115 dignitatem

2156 5044 2379 5097 ἆπασαν
2409 5041 2516 5095 τῶν
2545 5040 2637 5093 ἐπὶ
2663 5042 2768 5109 γῆς
2799 5039 2894 5091 καὶ
2940 5036 3177 5107 οὐρανῷ,
3211 5036 3311 5104 τὴν
3341 5032 3597 5097 ἐξουσίαν
3642 5028 3747 5081 καὶ

477 5140 640 5197 super
669 5127 856 5182 orbem
892 5130 1207 5203 universum
1236 5133 1487 5187 ccllatam
1518 5134 1874 5202 accipiebant.
1898 5132 2046 5200 Qua-

438 5208 447 5243 ‘
477 5229 538 5271 re
562 5216 840 5273 doctorem
880 5233 1040 5285 suum
1070 5221 1318 5292 discipuli
1345 5239 1532 5279 revera
1567 5225 1617 5278 in
1649 5224 1872 5280 Galilaaa
1903 5225 2048 5279 vide-

477 5304 629 5377 bant,
678 5303 967 5364 Dominum
1000 5320 1051 5366 et
1083 5328 1205 5377 cun.
1242 5321 1507 5382 potestate
1536 5315 1790 5369 omnibus
1825 5313 2048 5385 imposi-

2155 5135 2454 5205 κυριότητα
2497 5130 2922 5201 ἀναδεδεγμένος
2946 5138 2970 5164 ο
2994 5145 3008 5160 °
3044 5147 3063 5181 ι
3098 5129 3187 5182 ὅτε
3219 5128 3313 5179 καὶ
3343 5125 3405 5178 τὸ
3446 5123 3602 5195 μέγα
3644 5119 3744 5173 καὶ

2156 5227 2360 5297 ὑψηλὸν
2385 5226 2485 5295 τῆς
2516 5224 2819 5292 ἀποστολῆς
2859 5220 3095 5291 ἀξίωμα,
3134 5219 3236 5288 τῆς
3267 5216 3371 5271 ἀνά
3409 5217 3599 5268 πᾶσαν
3638 5210 3745 5297 τῂν

2156 5296 2484 5385 οἰκουμένην
2512 5311 2915 5383 περιεϐάλοντο.
2934 5306 3256 5379 Τοιγαροῦν,
3285 5306 3342 5369 ὲν
3367 5306 3434 5387 τῇ
3467 5296 3743 5367 Γαλιλαίᾳ

548 5464 592 5494 ’⁸
616 5461 751 5519 Luc.
779 5482 925 5535 xxxv,
949 5468 1038 5523 39.
1129 5472 1171 5501 ⁷⁷
1204 5470 1336 5526 ibid.
1366 5472 1454 5527 58.
1531 5473 1577 5504 ⁷⁸
1624 5471 1785 5527 Hebr.
1845 5489 1907 5535 ιι,
1957 5473 2045 5526 Η.

2156 5478 2165 5507 ν
2196 5471 2385 5525 Matth.
2413 5486 2598 5541 xxvnl,
2634 5469 2825 5525 18-20.

1778 5624 2020 5682 VARIAE
2073 5624 2363 5687 LECTION
2370 5626 2471 5682 ES.

560 5768 589 5819 μ
614 5760 678 5828 β.
718 5763 789 5827 Μ.
822 5766 1074 5837 θεωρίας.
1154 5775 1177 5803 ο
1208 5767 1270 5822 (3.
1303 5767 1371 5822 Μ.
1402 5765 1867 5837 ἁναδεδειγμένος,
