3880 6206
189 285 300 348 653

1133 287 1230 345 AD
1268 287 1859 350 AMPHILOCHIUM
1892 291 2238 362 QUIESTIO
2270 293 2387 367 CX,
2426 294 2576 354 CXI.

3341 297 3453 363 ΟΜ

189 398 281 449 τὸν
314 395 665 459 διδάσκαλον,
698 395 774 459 ὡς
801 395 1017 465 ἀληθῶς
1040 435 1054 458 ,
1087 398 1135 449 οἱ
1170 395 1409 466 μαθηταὶ
1452 396 1765 452 ἐθεάσαντο·

1881 410 1987 456 tum
2038 402 2235 458 divinae
2292 401 2529 473 Spiritus
2586 405 2762 460 sancti
2822 406 3007 476 gratiae
3058 406 3446 479 elargitorem:

188 489 403 560 Κύριον
429 491 537 559 γὰρ
567 489 1047 558 καὶοέξουσιαστὴν
1080 488 1173 541 τοῦ
1198 489 1421 551 παντὸς,
1452 490 1552 560 τῆς
1577 507 1635 542 τε
1670 490 1771 559 χά-

189 598 341 651 ριτος
393 582 491 636 τοῦ
538 581 807 649 παναγίου
856 580 1174 651 Πνεύματος
1224 581 1482 651 χορηγὸν,
1532 582 1773 634 καὶτῶν

187 674 369 727 ἄλλων
400 673 624 742 ἀγαθῶν
654 672 861 745 ταμίαν
891 674 1015 726 τότε
1057 672 1258 743 μᾶλλον
1306 673 1339 742 ἢ
1389 675 1655 743 πρότερον
1688 673 1771 726 δι-

188 764 490 835 δαχθέντες
516 806 530 827 .
582 766 944 835 κατενόησαν.
987 763 1322 835 Παναληθῶς
1370 764 1479 835 ἄρα
1525 766 1619 818 καὶ
1658 765 1773 818 θεο-

189 854 424 924 πρεπῶς
455 854 558 925 ἐφη
594 857 622 907 ὁ
642 853 900 925 Χριστὸς,
930 854 1036 907 κᾶν
1064 856 1121 907 ἐν
1149 852 1544 923 Ἱεροσολύμοις
1576 853 1769 908 ἐαυτὸν

189 945 607 1015 προῦπέδειξεν,
665 947 860 1016 ὅτιπερ
906 947 956 999 οἱ
1012 945 1255 1016 μαθηταὶ
1317 946 1416 1015 τὴν
1482 946 1769 1000 Γαλιλαίαν

188 1037 620 1104 καταλαὸόντες,
644 1038 764 1092 ἐκεῖ
795 1040 956 1091 αὑτὸν
982 1038 1224 1108 ὄψονται.

732 1150 1063 1204 ΕΡΩΤΗΣΙΣ
1102 1154 1251 1206 PIA'.

1870 495 2100 549 aliorum
2130 510 2350 565 quoque
2383 497 2654 552 bonorum
2688 510 2940 568 promum
2983 498 3221 554 condum
3254 520 3269 555 :
3302 503 3451 571 quod

1870 586 2073 642 clarius
2104 602 2269 657 quam
2292 598 2451 643 antea
2478 590 2904 659 cognoscebant.
2932 590 3203 657 Quocirca
3228 593 3453 650 verissi-

1870 694 1957 733 me
1986 685 2067 743 iet
2092 679 2274 735 divine
2301 680 2440 735 dixit
2466 681 2740 747 Christus,
2768 693 3045 752 utcunque
3072 698 3131 739 se
3159 695 3456 755 praeosten-

1869 769 2032 824 debat
2059 768 2472 843 Hierosolymis,
2516 774 2663 843 quod
2693 773 2896 844 ipsum,
2928 790 3053 831 cum
3087 777 3370 833 venissent
3396 779 3453 831 in

1871 861 2171 932 Galilaeam,
2201 865 2377 920 visuri
2406 876 2567 922 erunt

1989 1146 2317 1214 QUAESTIO
2346 1148 2462 1204 CXI
2501 1148 2690 1221 [CoisL
2726 1159 2775 1204 et
2807 1150 2973 1204 Taur.
3009 1149 3316 1223 CXXXlll].

336 1263 481 1312 Edita
526 1278 552 1322 a
581 1265 894 1325 Montacutio,
932 1280 1013 1328 ep.
1040 1265 1131 1314 2H
1152 1302 1165 1325 ,
1189 1269 1255 1314 ad
1296 1266 1612 1330 Stephanum,
1650 1282 1698 1330 p.
1726 1265 1948 1317 515-317.
1994 1242 2048 1316 Ϊο
2077 1267 2199 1329 psal.
2226 1283 2426 1330 cxxxw,
2459 1268 2537 1331 15,
2564 1276 2616 1318 et
2638 1271 2757 1332 psal.
2783 1284 2895 1329 cxv,
2921 1271 2967 1328 4,
2990 1270 3128 1329 juxta
3148 1266 3289 1317 LXX.

269 1384 288 1417 ι
313 1366 398 1420 Τὰ
429 1366 627 1420 εἴδωλα
649 1368 755 1421 τῶν
777 1368 946 1421 ἐθνῶν
974 1368 1238 1438 ἀργύριον
1266 1371 1362 1421 καὶ
1385 1367 1608 1439 χρυσίον
1637 1367 1774 1438 ἔργα

188 1458 392 1529 χειρῶν
437 1458 760 1528 ἀνθρώπων.
800 1479 818 1511 ι
873 1460 939 1513 Τί
987 1461 1043 1513 δὲ
1094 1460 1163 1513 τὰ
1230 1462 1481 1514 σπονδεῖα
1529 1459 1629 1528 τῆς
1667 1459 1773 1513 τῶν

189 1551 543 1621 Χριστιανῶν
577 1551 895 1619 θρησκείας,
928 1553 1019 1605 καὶ
1048 1555 1097 1605 οἱ
1124 1555 1418 1623 κρατῆρες,
1448 1552 1540 1604 καὶ
1568 1552 1622 1603 αἱ
1652 1550 1771 1603 θυῖ-

191 1658 345 1703 σκαι,
390 1642 486 1692 καὶ
512 1642 561 1693 οἱ
589 1643 681 1694 τοῦ
716 1642 950 1710 σταυροῦ
981 1642 1141 1695 τύποι
1167 1644 1261 1695 καὶ
1295 1643 1465 1713 μυρία
1504 1642 1668 1709 ἄλλα;
1698 1642 1772 1694 ἐῶ

1960 1367 2134 1421 «ldola
2170 1369 2413 1437 gentium
2452 1376 2744 1438 argentum
2778 1374 2832 1419 rt
2870 1382 3103 1427 aurum,
3136 1380 3298 1434 opera
3336 1380 3454 1417 ma—

1878 1474 2048 1513 nuum
2101 1460 2490 1514 humanarum.
2527 1480 2545 1511 ι
2578 1458 2720 1514 Vasa
2774 1458 3027 1512 libatoria
3088 1460 3140 1509 in
3193 1456 3456 1524 religione

1875 1553 2189 1608 Christiana
2210 1595 2225 1619 ,
2262 1564 2540 1618 crateres,
2585 1551 2889 1619 thurihula,
2930 1550 3112 1606 crucis
3142 1550 3367 1620 efﬁgies,
3400 1559 3455 1603 et

1876 1658 2133 1701 sexcenta
2181 1647 2287 1701 alia
2325 1665 2339 1701 :
2382 1648 2740 1716 przetermitto
2776 1645 2921 1700 enim
2948 1642 3193 1715 symbola
3228 1641 3453 1697 Mosaici

191 1734 302 1805 γὰρ
336 1736 518 1787 εἰπεῖν
543 1734 641 1803 τῆς
680 1736 981 1805 Μωσαῖκῆς
1015 1735 1205 1799 Θυσίας
1234 1737 1302 1788 τὰ
1334 1736 1605 1806 σύμϐολα·
1650 1735 1772 1805 οὐχὶ

1881 1738 2170 1805 sacriﬁcii;
2211 1754 2396 1794 nonne
2439 1750 2727 1810 argentum
2768 1746 2900 1792 sunt
2925 1746 2979 1792 et
3011 1752 3231 1799 aurum,
3281 1734 3450 1803 ligna,

190 1822 488 1897 ἄργύριον,
523 1827 618 1878 καὶ
643 1828 886 1896 χρυσίον,
918 1828 1008 1880 καὶ
1036 1826 1190 1890 ξύλα,
1221 1828 1312 1880 καὶ
1346 1828 1635 1897 χρώματα,
1678 1827 1773 1879 καὶ

191 1917 329 1987 ἔργα
358 1918 563 1987 χειρῶν
609 1917 946 1988 ἀνθρώπων;
990 1918 1080 1989 Μὴ
1108 1918 1351 1987 γένοιτο’
1382 1918 1442 1971 οὐ
1471 1919 1578 1990 γὰρ
1604 1917 1775 1988 ἀργύ-

194 2005 311 2074 ριόν
371 2006 532 2068 εἰσιν,
581 2005 697 2058 ἀλλ’
746 2006 803 2073 ἐξ
848 2006 1133 2078 ἀργύρου·
1184 2008 1301 2061 οίδὲ
1353 2008 1597 2079 χρυσίον,
1638 2008 1777 2062 ἀλλά

194 2096 399 2165 χρυσοῦ
450 2097 833 2168 πεποιημένα’
870 2100 988 2151 οὐδὲ
1021 2099 1173 2163 ξύλα,
1228 2101 1260 2170 ἢ
1307 2101 1577 2171 χρώματα
1604 2142 1619 2167 ,
1660 2101 1773 2156 ἀλλ’

194 2187 330 2257 ῦλην
367 2188 471 2258 μὲν
507 2189 619 2259 ἔχει
648 2187 842 2243 ταῦτα.
870 2190 1096 2261 Ἕτερον
1119 2192 1174 2244 δέ
1204 2192 1255 2244 τί
1282 2194 1431 2245 ἐστιν
1457 2194 1520 2246 ἐκ
1549 2194 1773 2259 τούτων,

195 2279 507 2351 Θαυμάσιον
553 2277 666 2335 οἷον
714 2283 1227 2354 συντετελεσμένον·
1269 2286 1329 2338 οὐ
1365 2285 1468 2356 μὴν
1512 2287 1621 2340 οὐδ’
1660 2286 1775 2339 ἔστι

194 2372 397 2442 χειρῶν
426 2372 730 2441 ἀνθρώπων
755 2374 1059 2437 παιζόντων
1085 2376 1213 2448 περὶ
1230 2376 1329 2448 τὴν
1346 2375 1503 2448 ὓλην,
1531 2378 1697 2450 χωρίς
1716 2396 1775 2431 τε

194 2464 379 2534 πάσης
421 2464 707 2535 ἐνεργείας
738 2466 888 2531 θείας
922 2467 981 2519 τὸ
1027 2468 1415 2539 παρεμπίπτον
1444 2469 1623 2523 αὐτῶν
1654 2473 1776 2535 ταῖς

193 2554 460 2619 διανοίαις
506 2558 983 2613 ἀναπλαττόντων.
1029 2561 1129 2613 Διά
1163 2559 1342 2624 τοῦτο,
1385 2561 1455 2614 τὰ
1493 2563 1591 2631 μὲν
1626 2561 1777 2615 οὐδὲν

194 2650 384 2719 ἕτερόν
418 2652 536 2704 ἐστι
565 2652 706 2724 πλὴν
735 2654 873 2724 αὐτὴ
908 2656 940 2724 ὴ
972 2653 1072 2725 ῦλη
1100 2655 1537 2728 περιυϐρισμένη
1562 2697 1577 2721 ,
1619 2657 1713 2711 καὶ
1750 2661 1779 2713 ὀ

196 2742 300 2794 τῶν
330 2744 697 2815 ἀνθρωπίνων
727 2750 928 2820 χειρῶν
959 2751 1364 2817 ἀνεπίσκεπτός
1412 2771 1473 2806 τε
1519 2754 1615 2807 καλ⁵
1647 2755 1765 2808 ἀλό·

198 2852 385 2903 γιστος
417 2837 704 2899 πόνοςοτὰ
734 2840 791 2893 δὲ
854 2842 1193 2912 μορφάζεται
1243 2845 1343 2916 μὲν
1391 2847 1487 2900 ἐπὶ
1538 2851 1605 2918 τῇ
1653 2846 1777 2918 ὖλῃ,

199 2930 294 2982 καὶ
335 2930 440 2999 τὴν
487 2934 647 3001 χεῖρα
678 2933 1061 3005 ὑπηρετοῦσαν
1110 2936 1222 3007 ἔχει
1248 2978 1264 3002 ,
1303 2939 1420 2992 ἀλλ’
1449 2940 1658 2994 ἀνωθεν
1689 2958 1778 2994 κι-

198 3023 468 3094 νουμένην
490 3040 504 3053 ·
553 3025 911 3097 ὑπηρετεῖται
938 3028 1045 3100 γὰρ
1078 3032 1198 3093 ταῖς
1226 3030 1432 3085 ἄνωθεν
1467 3032 1779 3096 ἐπιπνοίαις

1874 1819 2088 1885 colores
2112 1872 2125 1892 ,
2185 1846 2348 1900 opera
2384 1846 2640 1885 manuum
2680 1831 3042 1884 humanarum
3072 1830 3095 1883 ?
3128 1828 3243 1883 lmo
3286 1828 3450 1893 absit,

1872 1932 2157 1991 argentum
2201 1939 2305 1977 non
2336 1933 2483 1988 sunt,
2524 1925 2617 1979 sed
2645 1933 2922 1992 argentea,
2955 1938 3061 1977 non
3092 1938 3312 1986 aurum,
3348 1921 3445 1975 sed

1872 2025 1940 2063 ex
2014 2025 2147 2065 auro
2205 2010 2384 2074 facta,
2457 2026 2567 2064 non
2630 2010 2812 2082 ligna,
2877 2026 2986 2064 non
3045 2010 3297 2070 colores,
3357 2008 3455 2063 sed

1874 2102 2155 2157 materiem
2209 2101 2358 2156 illam
2410 2101 2631 2157 habent.
2708 2100 2869 2155 Aliud
2908 2112 2994 2157 est
3036 2117 3100 2155 ex
3132 2100 3272 2166 istis,
3307 2099 3457 2170 quod

1874 2195 2153 2264 perﬁcitur
2197 2210 2336 2264 opus
2379 2195 2579 2248 mirum
2627 2212 2641 2248 :
2690 2210 2801 2248 non
2854 2201 2983 2249 sunt
3031 2208 3292 2247 manuum
3348 2193 3453 2246 hu-

1876 2301 2161 2339 manarum
2214 2286 2268 2339 in
2327 2286 2556 2341 materia
2606 2285 2907 2340 ludentium
2939 2325 2954 2349 ,
3022 2293 3075 2338 et
3121 2284 3243 2338 sine
3303 2283 3455 2337 omni

1876 2375 2195 2445 operatione
2247 2376 2433 2430 divina
2473 2375 2525 2429 id
2576 2376 2720 2444 quod
2772 2374 3161 2443 cogitationem
3227 2372 3458 2428 subierit

1876 2466 2284 2521 fabricantium.
2327 2466 2597 2533 Quocirca
2644 2466 2735 2521 illa
2767 2465 2905 2520 nihil
2934 2465 3081 2520 aliud
3106 2474 3256 2520 sunt.
3288 2479 3454 2534 quam

1876 2560 2100 2613 materia
2143 2559 2537 2613 contumeliose
2573 2568 2824 2624 tractata,
2866 2567 2921 2611 et
2955 2572 3214 2610 manuum
3270 2556 3457 2609 huma-

1878 2668 2070 2707 narum
2094 2652 2247 2705 labor
2268 2652 2388 2707 sine
2417 2651 2624 2705 ratione
2641 2660 2695 2704 et
2721 2649 3159 2704 consideratione
3184 2648 3292 2702 ulla
3314 2666 3328 2703 :
3351 2647 3455 2701 ista

1878 2756 2059 2801 autem
2092 2745 2375 2799 eﬂormata
2407 2744 2460 2797 in
2486 2742 2736 2807 materia,
2768 2750 2827 2797 et
2849 2755 3045 2795 manus
3074 2739 3278 2794 habent
3316 2738 3452 2792 sub-

1879 2838 2278 2900 ministrantes,
2317 2836 2414 2890 sed
2446 2845 2622 2889 motas
2662 2850 2692 2888 a
2726 2832 2870 2887 caelo
2907 2851 2919 2885 :
2955 2848 3079 2885 nam
3116 2829 3459 2885 subservitur

1879 2930 2192 2985 cmlestibus
2212 2927 2685 2998 inspirationibus,
2708 2934 2761 2979 et
2784 2924 2979 2978 rationi
3006 2922 3278 2993 prudenti,
3297 2920 3458 2991 etju—

1878 3023 2080 3078 dicium
2097 3023 2314 3092 pietatis
2330 3017 3048 3091 promoventibus.Attende,
3065 3014 3451 3076 lconomache,

201 3114 294 3166 ml.
316 3112 601 3183 λογισμοῖς
640 3116 900 3188 ἐμφροσι.
932 3121 1029 3175 καὶ
1062 3121 1199 3191 πρὸς
1224 3123 1324 3192 τὴν
1358 3123 1559 3195 εὐσεΰῆ
1597 3124 1775 3195 κρίσιν

1882 3132 1983 3170 nec
2027 3116 2269 3170 ediscere
2320 3124 2369 3167 te
2416 3111 2616 3182 pudeat
2656 3111 2744 3165 illa
2788 3126 2884 3181 per
2914 3125 3034 3180 qua:
3074 3108 3393 3163 liberaberis
3426 3123 3457 3160 a

200 3207 551 3278 ἀνηγμένοις.
594 3210 871 3282 Προσύχες
926 3222 977 3276 P,
1012 3214 1372 3285 Εἰκονομάχε,
1418 3216 1511 3268 καὶ
1558 3216 1633 3286 μὴ
1677 3218 1781 3270 ἐπ-

200 3299 497 3371 αισχυνθῇς
553 3302 769 3373 μαθεῖν,
821 3304 888 3357 δι’
939 3298 1015 3358 ὧν
1061 3307 1327 3377 αἰσχύνης
1388 3309 1623 3377 φρικτῆς
1674 3310 1780 3363 ἀπ-

199 3392 438 3465 αλλάττῃ
457 3404 507 3458 (ι,
556 3396 649 3448 καὶ
711 3396 867 3465 δίκην
913 3397 1154 3465 ἄφυκτον
1200 3402 1392 3466 φυγεῖν
1437 3400 1775 3471 ἐξευρήσεις.

203 3483 410 3554 Ὥσπερ
455 3484 514 3536 δὲ
552 3486 618 3538 τὰ
659 3487 905 3559 ἡμέτερα
951 3489 1203 3543 σπονδεῖα
1254 3492 1347 3543 καὶ
1384 3491 1435 3543 οἱ
1482 3494 1777 3562 κρατῆρες,

201 3573 296 3626 καὶ
336 3576 393 3627 αί
438 3575 683 3640 θυῖσκαι,
730 3579 825 3631 καὶ
858 3581 906 3631 oi
941 3578 1035 3631 τοῦ
1068 3580 1307 3650 σταυροῦ
1356 3581 1538 3642 τύποι,
1585 3584 1680 3635 καὶ
1711 3583 1780 3635 τὰ

202 3666 584 3737 παραπλήσια,
615 3669 675 3721 οὐ
711 3670 930 3740 χρυσὸς,
979 3672 1081 3724 οὐκ
1128 3673 1390 3740 ἄργυρος,
1431 3673 1550 3725 οὐδὲ
1581 3672 1776 3739 ξύλων,

202 3755 233 3823 ἢ
260 3758 570 3826 χρωμάτων
605 3756 727 3829 ῦλη,
760 3759 869 3811 οὐδ’
904 3759 1041 3830 ἔργα
1071 3760 1273 3831 χειρῶν
1308 3761 1649 3831 ἀνθρώπων
1684 3763 1780 3815 οῦ-

201 3862 305 3910 τως
333 3848 453 3901 οὐδὲ
487 3848 558 3902 τὰ
586 3850 707 3918 ἱερὰ
736 3851 893 3921 ἡμῶν
940 3850 1049 3903 τῶν
1099 3850 1498 3920 είκονισμάτων
1526 3852 1777 3906 ἐκτυπώ-

206 3956 367 4006 ματα,
397 3943 499 3995 οὐκ
530 3941 685 3996 ἐστιν
713 3942 998 4014 ἀργύριον,
1031 3943 1152 3997 οὐδὲ
1181 3944 1423 4014 χρυσίον,
1479 3945 1602 3998 οὐδὲ
1643 3945 1778 4017 χαλ-

203 4031 318 4094 κὸς,
340 4034 399 4085 οὐ
430 4033 538 4104 μὴν
561 4034 681 4087 οὐδὲ
706 4035 973 4105 χρώματα
997 4035 1108 4088 οὐδ’
1133 4035 1270 4105 ἔργα
1303 4036 1456 4107 (μήτι
1485 4037 1712 4107 γένηται
1733 4040 1774 4107 Ῑ)

205 4122 400 4191 χειρῶν
435 4125 816 4196 ἀνθρωπίνων.
842 4127 953 4196 Τῆς
978 4126 1089 4197 γὰρ
1119 4127 1384 4181 ἀνέκαθεν
1409 4128 1775 4199 ἀποστολικῆς

204 4229 259 4263 τε
290 4215 383 4268 καὶ
428 4219 704 4287 πατρικῆς
752 4217 1105 4288 παραδόσεως
1131 4258 1147 4282 ,
1197 4218 1258 4272 τὸ
1290 4217 1433 4271 θεῖον
1478 4219 1574 4273 καὶ
1624 4220 1778 4273 ἀδιά-

207 4321 411 4361 πτωτον
440 4310 725 4380 κήρυγμα,
760 4306 869 4363 οἷόν
903 4328 985 4373 τις
1012 4310 1252 4380 ἔμπνους
1284 4312 1477 4380 σοφία,
1507 4312 1605 4383 τὴν
1645 4311 1778 4385 ὓλην

207 4398 684 4470 ἀπολαμϐάνουσα,
720 4405 811 4457 καὶ
856 4407 999 4458 κατὰ
1038 4406 1167 4470 τοὺς
1218 4406 1381 4470 ἰδίους
1438 4407 1534 4461 καὶ
1598 4409 1778 4479 ἱεροὺς

209 4491 435 4563 θεσμοὺς
466 4498 813 4569 ἐργαζομένη
841 4540 856 4564 ,
892 4498 1096 4569 ταύτην
1130 4499 1225 4553 καὶ
1258 4500 1662 4571 τεχνιτεύουσα,
1701 4503 1777 4553 εί-

208 4586 406 4650 κονίζει
448 4607 508 4642 τε
550 4592 643 4643 καὶ
691 4594 1014 4661 μορφοποιεῑ
1062 4591 1215 4644 οὐδὲν
1262 4591 1361 4662 τῆς
1404 4591 1596 4663 ὑλικῆς
1641 4592 1774 4646 ἀκο-

212 4674 403 4741 σμίας,
440 4681 474 4750 ἢ
521 4680 618 4749 τῆς
649 4680 998 4751 ἀνθρωπίνης
1046 4681 1432 4751 περιεργείας,
1481 4682 1537 4733 ἐν
1587 4682 1774 4745 αὐτοῖς

209 4764 348 4820 ἐῶσα
402 4771 913 4842 παρρησιάζεσθαιο
961 4772 1082 4825 ὅλον
1136 4772 1191 4825 δὲ
1250 4771 1309 4825 τὸ
1361 4772 1521 4842 ἔργον
1570 4772 1772 4841 ἐαυτῆς

1881 3208 2089 3278 pudore
2124 3207 2387 3269 terribili,
2425 3218 2478 3260 et
2528 3205 2669 3258 unde
2700 3203 2963 3257 rationem
2997 3201 3159 3255 inibis
3189 3199 3456 3269 judicium

1882 3300 2191 3356 inevitabile
2219 3297 2530 3355 declinandi
2561 3314 2573 3350 :
2606 3295 2772 3350 veluti
2808 3311 2933 3349 cum
2966 3292 3215 3347 libatoria
3246 3301 3454 3355 nostra,

1881 3398 2103 3461 calices,
2137 3405 2189 3450 et
2225 3394 2525 3456 thuribula,
2556 3392 2735 3447 crucis
2770 3391 2976 3459 ﬁgurae,
3007 3404 3071 3442 ac
3096 3386 3319 3450 similia,
3349 3402 3458 3440 non

1881 3498 2009 3543 sunt
2050 3503 2279 3549 aurum,
2332 3502 2441 3540 non
2483 3493 2804 3554 argentum,
2851 3496 2957 3535 non
3001 3479 3310 3549 lignorum,
3346 3491 3460 3530 non

1881 3581 2125 3636 colorum
2159 3577 2450 3643 materies,
2492 3590 2671 3645 neque
2697 3589 2861 3643 opera
2898 3588 3156 3626 manuum
3191 3570 3461 3623 humana-

1881 3687 2002 3727 rum
2039 3686 2052 3723 :
2086 3669 2157 3723 ita
2193 3676 2421 3724 sacratae
2459 3666 2757 3736 imaginum
2806 3660 3311 3733 reprazsentationes
3341 3675 3451 3713 non

1883 3771 2014 3817 sunt
2036 3776 2257 3825 aurum,
2291 3768 2597 3828 argentum,
2634 3772 2730 3822 tes,
2755 3757 2989 3820 colores,
3022 3770 3128 3808 non
3156 3767 3323 3822 opera
3346 3767 3461 3805 ma-

1880 3871 2051 3909 nuum
2094 3854 2262 3925 (Deus
2290 3852 2518 3908 meliora
2544 3851 2581 3921 l)
2612 3851 2998 3905 humanarum.
3026 3845 3347 3901 Praedicatio
3378 3844 3462 3899 di-

1879 3945 2003 3999 vina
2058 3952 2113 3999 et
2157 3943 2424 3997 iuvariata
2486 3940 2799 3995 traditionis
2844 3939 2913 3994 ah
2952 3937 3108 3992 initio
3151 3934 3469 4006 apostolica:-

1878 4047 1933 4093 et
1959 4035 2200 4107 patritae,
2259 4044 2513 4104 tanquam
2556 4032 2732 4086 vivida
2762 4030 3007 4100 quaedam
3055 4027 3459 4097 sapientiafma-

1882 4130 2069 4184 teriem
2103 4127 2498 4197 apprehensam
2523 4125 2677 4195 juxta
2711 4122 2965 4193 proprias
2991 4128 3045 4175 et
3076 4119 3291 4174 divinas
3315 4118 3460 4188 leges

1880 4232 2121 4292 operata,
2158 4230 2210 4274 et
2237 4220 2528 4274 artiﬁciose
2570 4227 2828 4279 tractans,
2870 4214 3102 4268 formam
3138 4222 3193 4267 et
3226 4212 3459 4281 ﬁguram

1881 4312 2133 4384 imaginis
2170 4313 2227 4365 in
2255 4326 2375 4366 earn
2404 4310 2638 4373 inducit,
2674 4308 2806 4361 nihil
2846 4306 3006 4376 plane
3048 4304 3129 4359 vel
3174 4302 3459 4357 deordina-

1885 4406 2049 4461 tionis
2084 4403 2405 4467 materialis,
2434 4403 2517 4455 vel
2546 4402 2800 4457 humanae.
2835 4398 3172 4454 curiositatis
3210 4396 3282 4451 ibi
3330 4410 3456 4463 per-

1883 4500 2105 4553 mittens
2136 4496 2302 4549 libere
2328 4503 2544 4550 exstare
2571 4511 2595 4559 ς,
2614 4493 2707 4548 sed
2742 4508 2880 4561 opus
2919 4506 3081 4545 suum
3136 4488 3363 4542 omnino
3400 4494 3455 4540 et

1884 4592 1936 4646 in
1966 4589 2199 4647 solidum
2242 4595 2563 4649 ostentans,
2610 4600 2778 4655 puras
2811 4592 2864 4639 et
2922 4580 3292 4651 impermistas
3330 4594 3456 4646 pro-

1884 4690 2193 4756 totyporum
2222 4678 2752 4749 repraesentationes,
2784 4684 2839 4730 ut
2869 4675 2946 4729 rei
2979 4689 3153 4728 sacrae
3205 4670 3467 4726 convenit,

1880 4783 1934 4827 et
1968 4780 2196 4828 sacrata
2234 4769 2413 4832 famae,
2445 4767 2685 4823 exhibet.

210 4856 457 4915 δεικνῦσα
504 4866 598 4918 καὶ
632 4864 1010 4934 ἀποφαίνουσα
1058 4862 1305 4932 καθαρὰς
1348 4865 1480 4933 ἡμῖν
1512 4863 1608 4916 καὶ
1653 4865 1984 4935 ἀκιϐδήλους
2012 4865 2202 4926 ἐντοῖς
2236 4862 2450 4923 σεπτοῖς
2501 4859 2844 4930 εἰκονίσμασι
2904 4858 3001 4918 τὰς
3066 4854 3174 4910 τῶν
3240 4869 3456 4925 πρωτο-

210 4950 390 5007 τύπων
421 4956 688 5026 ἐμφάσεις
724 4956 1065 5027 ἱεροπρεπῶς
1094 4973 1151 5008 τε
1181 4956 1273 5008 καὶ
1303 4954 1606 5026 ἱεροτύπως
1629 4956 1947 5028 παρέχεται.

282 5043 464 5113 Ἔχεις
518 5043 634 5110 οὖν,
676 5047 752 5109 ὡς
807 5048 864 5099 ἐν
920 5046 1199 5117 βραχέσιν,
1246 5045 1422 5116 οἶμαι,
1473 5045 1539 5100 δι’
1595 5039 1670 5098 ὧν
1718 5062 1777 5097 τε

1946 5046 2021 5101 lta
2058 5046 2225 5100 babes
2245 5086 2260 5110 ,
2293 5045 2490 5114 opinor
2512 5084 2527 5107 ,
2563 5041 2708 5096 unde
2737 5040 2950 5094 fructus
2978 5035 3210 5107 pit-tatis
3233 5044 3452 5091 tuorqu

216 5137 399 5188 σαυτὸν
445 5138 543 5208 τὴν
603 5141 935 5209 προγονικὴν
987 5139 1273 5193 εὐσέϐειαν
1322 5137 1775 5208 καρποφοροῦντα

1881 5134 2284 5205 progenitorum
2329 5132 2612 5202 percipere
2653 5131 2897 5185 declares
2924 5170 2940 5194 ,
2984 5140 3037 5182 ct
3073 5128 3452 5181 lueretieorum

218 5224 409 5288 μᾶλλον
448 5230 759 5296 ἐπιδείξεις,
797 5232 891 5284 καὶ
922 5231 1049 5294 τοὺς
1084 5231 1461 5299 αἱρετίςοντας
1491 5230 1775 5297 ἐπιστομί-

1881 5242 1972 5280 ora
2004 5227 2224 5280 obtures
2246 5267 2261 5289 ,
2298 5222 2537 5277 breviter
2570 5237 2848 5291 expressa.
2893 5217 3027 5272 Nam
3064 5261 3077 5283 ,
3112 5219 3256 5289 quod
3286 5226 3458 5270 male-

216 5329 341 5378 σεις.
381 5320 470 5390 Τῷ
503 5323 602 5392 μὲν
653 5324 764 5393 γὰρ
812 5324 910 5393 τῆς
949 5322 1082 5393 ὕλης
1130 5323 1271 5393 λόγῳ
1310 5325 1403 5376 καὶ
1436 5322 1516 5391 τῷ
1560 5322 1775 5374 ὑποκει-

1881 5321 2065 5374 rialem
2096 5318 2365 5372 rationem
2410 5323 2641 5386 spectat,
2676 5329 2860 5369 mensa
2890 5312 3005 5373 Dei,
3032 5321 3083 5367 et
3125 5326 3313 5365 mensa
3347 5309 3457 5362 dae-

219 5406 376 5480 μένφ,
405 5413 593 5486 ὥσπερ
618 5416 867 5486 τράπεζα
889 5416 1047 5482 Θεοῦ,
1067 5418 1160 5470 καὶ
1184 5416 1433 5487 τράπεζα
1459 5414 1774 5485 δαιμονίων,

1881 5424 2127 5473 mouum,
2165 5407 2498 5462 sacriﬁcium
2532 5405 2801 5468 divinum,
2834 5411 2889 5458 et
2915 5402 3246 5457 diabolicum
3274 5396 3448 5452 sacri-

1501 5584 1730 5642 VAllle
1757 5580 2157 5640 LECTIOXES.

256 5721 368 5777 PC.
415 5725 482 5785 Μ.
533 5729 789 5800 πρόσχες.
866 5728 971 5783 at).
1008 5726 1075 5781 Μ.
1114 5724 1415 5794 ἑπαλλάγη.
