3880 6206
415 255 524 325 .555

1571 260 1832 322 PHOTIl
1876 256 2379 319 PATRIARCHJE
2412 255 2519 314 ΟΡ.

3573 250 3687 314 656

418 368 629 431 licium,
660 382 1001 437 paganorum
1036 370 1190 439 orgia
1212 408 1230 435 ,
1269 379 1319 424 et
1351 372 1704 442 mystagogiae
1726 370 1975 425 Christia‘

2091 364 2252 418 θυσία
2302 381 2361 417 τε
2404 363 2553 428 Θεία,
2614 363 2711 416 καὶ
2760 362 2918 416 θυσία
2983 359 3348 430 δαιμονώδης,
3397 360 3567 431 ὄργιά
3619 378 3685 413 τε

412 470 633 533 uorum,
668 466 723 511 et
750 458 917 511 multa
944 458 1068 523 alia,
1104 474 1228 527 quae
1254 473 1347 526 per
1374 472 1622 514 summos
1642 459 1845 527 gradus
1874 459 1975 513 dis-

2089 457 2279 520 ὲθνῶν,
2313 456 2406 510 καὶ
2435 454 2780 528 Χριστιανῶν
2813 453 3196 524 μυσταγωγίαι
3231 496 3245 515 ,
3277 453 3375 505 καὶ
3405 453 3581 505 πολλά
3620 454 3681 504 δὲ

411 558 713 617 parantur,
753 564 863 603 non
903 565 1097 620 magna
1137 559 1319 605 tamen
1360 560 1610 606 constant
1636 550 1937 606 diﬂ'erentia
1971 572 1984 605 :

411 656 513 699 usu
544 655 608 694 ac
637 640 828 702 titulo,
859 641 1274 694 consecratione
1294 684 1310 708 ,
1343 656 1409 696 ac
1432 640 1660 712 mystica
1688 639 1984 709 participa-

410 734 560 788 tione
583 772 599 796 ,
625 743 681 787 et
712 733 764 787 in
808 732 995 788 multis
1045 733 1168 787 aliis
1192 775 1207 799 ,
1265 732 1644 802 inexplicabile
1687 732 1984 785 discrimen

408 825 675 889 obtinent.
711 824 795 879 Ad
833 824 978 883 hunc
1011 825 1228 880 modum
1266 825 1407 879 idola
1447 826 1711 895 gentium,
1741 836 1794 878 et
1819 822 1986 878 Chri-

408 917 718 973 Stianorum
768 917 1067 987 imagines,
1122 919 1380 986 templum
1426 917 1558 982 Dei,
1607 925 1662 972 et
1708 916 1982 988 idolorum

407 1024 537 1074 arae,
575 1010 786 1066 nidoris
817 1010 1119 1066 Graacanici
1168 1012 1418 1081 liturgica
1472 1025 1639 1076 vasa,
1701 1025 1765 1064 ac
1808 1008 1982 1062 nostri

406 1104 663 1163 sacriﬁcii
713 1104 832 1173 puri
877 1104 1024 1159 illius
1068 1112 1123 1159 et
1168 1105 1287 1171 sine
1328 1103 1597 1175 sanguine
1633 1112 1843 1159 sacrata
1894 1116 1983 1156 re-

402 1196 679 1262 ceptacula
715 1212 729 1250 :
765 1197 877 1249 haec
924 1206 1172 1265 utraque,
1204 1212 1325 1267 qua:
1351 1196 1434 1253 sic
1462 1196 1518 1250 in
1556 1195 1866 1266 Oppositum
1897 1207 1983 1251 se-

401 1296 704 1341 cernuntur
731 1325 747 1349 ,
789 1286 1073 1342 materiem
1126 1287 1326 1342 habent
1368 1287 1665 1356 aliquando
1711 1285 1979 1352 eamdem,

402 1395 468 1434 ac
498 1380 551 1433 in
578 1379 729 1434 nullo
768 1380 1173 1449 discrepantem
1218 1400 1231 1435 :
1282 1389 1339 1435 at
1367 1381 1669 1436 secundum
1702 1379 1978 1447 formalia,

402 1477 459 1523 et
492 1469 731 1538 speciem
786 1470 1142 1537 inducentia,
1200 1480 1295 1525 aut
1338 1472 1669 1527 alteritatem
1719 1470 1979 1525 inducere

402 1563 676 1625 valentia,
709 1562 1111 1631 inexplicabilis
1157 1564 1385 1619 resultat
1445 1578 1546 1618 nec
1587 1562 1770 1617 verbis
1797 1561 1981 1631 expri-

399 1654 595 1707 menda
627 1653 958 1710 differentia.
996 1655 1335 1726 Quapmpter
1377 1656 1604 1712 materia
1648 1656 1873 1710 minime
1921 1654 1978 1710 in

2088 549 2225 604 ἄλλα
2253 549 2363 603 τῶν
2394 550 2475 611 είς
2501 548 2563 601 τὸ
2590 548 2892 617 ἀκρότατον
2920 545 3338 616 ἀντικειμένων,
3377 546 3514 616 παρ’
3557 545 3679 596 ὀλί-

2086 658 2185 709 γον
2230 640 2416 710 ἐχουσι
2462 640 2523 693 τὸ
2574 638 3065 710 παρηλλαγμένονο
3100 639 3297 709 χρήσει
3328 638 3387 691 δὲ
3417 638 3514 691 καὶ
3542 639 3677 707 κλήο

2090 754 2192 804 σει,
2233 736 2578 807 ἐπιθειάσμῷ
2610 751 2670 789 τε
2715 736 2808 788 καὶ
2847 734 3230 805 τελεσιουργίᾳ
3253 774 3269 799 ,
3306 735 3404 787 καὶ
3450 733 3678 804 μυρίοις

2085 828 2267 891 ἄλλοις
2295 829 2504 898 ἄφατον
2526 825 2711 880 αὐτῶν
2738 826 2979 896 ὑπάρχει
3009 826 3069 879 τὸ
3092 825 3474 896 διωρισμένον.
3515 824 3679 877 Οὕτω

2084 918 2171 987 δὴ,
2198 918 2342 987 οὕτω
2370 919 2466 972 καὶ
2493 917 2686 972 εἴδωλα
2717 917 2911 977 ἐθνῶν,
2945 918 3038 971 καὶ
3068 916 3415 988 Χριστιανῶν
3438 918 3676 979 εἰκόνες,

2083 1011 2212 1074 ναός
2241 1028 2301 1063 τε
2324 1010 2485 1076 Θεοῦ,
2515 1012 2610 1063 καὶ
2644 1009 2831 1081 βωμὸς
2869 1008 3129 1076 εἰδώλων,
3175 1011 3270 1063 καὶ
3296 1011 3362 1079 δὴ
3398 1012 3497 1062 καὶ
3525 1010 3679 1062 xvi:-

2087 1120 2188 1173 σης
2226 1103 2542 1174 Ἑλληνικοῦ
2564 1112 2586 1140 ι’
2634 1101 2986 1173 λειτουργικὰ
3025 1101 3219 1172 σκεύη,
3254 1102 3350 1154 καὶ
3372 1102 3474 1171 τῆς
3504 1101 3677 1153 καθα-

2083 1196 2183 1264 ρᾶς
2229 1194 2324 1247 καλ⁵
2388 1194 2735 1266 ἀναιμάκτου
2777 1194 2970 1258 Θυσίας
3012 1194 3173 1264 ἡμῶν
3217 1194 3544 1265 ἱερουργικά
3585 1194 3678 1246 δο-

2081 1290 2203 1357 χεία
2223 1301 2238 1316 ⁸
2275 1286 2372 1341 καὶ
2403 1286 2514 1357 γὰρ
2543 1288 2638 1340 καὶ
2662 1286 2871 1340 τούτων
2896 1285 3160 1356 ἑκάτερον
3183 1286 3294 1341 τῶν
3324 1290 3405 1351 είς
3458 1287 3677 1340 ἀντίθε-

2079 1395 2174 1432 τον
2198 1377 2515 1448 συστοιχίαν
2546 1378 3065 1449 ἀποκεκρινομένων
3084 1388 3105 1417 ⁸
3141 1377 3276 1447 ὕλην
3304 1379 3405 1448 μὲν
3428 1379 3675 1447 ἔχουσιν,

2080 1468 2234 1522 ἔστιν
2264 1469 2353 1522 ὅτε
2388 1468 2634 1539 μηδόλως
2676 1471 2910 1541 ἔχουσαν
2941 1470 3003 1523 τὸ
3046 1470 3475 1541 διηλλαγμένον·
3530 1472 3675 1523 κατὰ

2082 1561 2267 1630 μέντοι
2312 1560 2383 1615 τὰ
2441 1559 2792 1632 μορφοῦντα,
2830 1560 2923 1614 καὶ
2984 1561 3396 1625 είδοποιοῦντα,
3438 1564 3534 1616 καὶ
3572 1562 3677 1629 τὴν

2080 1653 2374 1722 ἑτερότητα
2403 1651 2733 1723 ἐργάζεσθαι
2762 1652 3065 1722 πεφυκότα,
3093 1653 3322 1723 ἄπειρος
3347 1655 3553 1723 δρᾶται
3578 1654 3675 1706 καὶ

399 1744 683 1799 meliorem
724 1754 921 1799 statum
958 1755 1187 1811 mutata,
1230 1748 1361 1817 quin
1388 1747 1570 1817 potius
1598 1746 1816 1809 abunde
1847 1761 1972 1815 par-

2078 1741 2215 1814 λόγῳ
2264 1743 2420 1813 μόλις
2446 1744 2586 1815 ῥητὴ
2612 1744 2645 1814 ἡ
2676 1744 2734 1796 ὲν
2772 1745 2957 1807 αὐτοῖς
2985 1743 3355 1816 ἀλλοτριότης.
3414 1747 3492 1797 Δι’
3524 1744 3554 1797 ὅ
3593 1744 3664 1824 τά

400 1835 655 1905 ticipans,
704 1852 812 1893 non
862 1837 1140 1893 immerito
1189 1839 1420 1909 lignum,
1478 1839 1706 1909 lapides,
1759 1853 1976 1904 aurum,

400 1941 680 2001 argentum
707 1971 721 1992 ,
752 1945 856 1999 ass,
890 1946 1056 2001 opera
1082 1948 1346 1987 manuum
1384 1933 1748 1986 humanarum
1784 1930 1971 2000 appel-

398 2019 599 2085 lantur,
622 2027 676 2075 et
698 2019 923 2091 profana
947 2030 1097 2087 sunt,
1122 2023 1311 2093 impia,
1339 2022 1576 2092 impura,
1616 2020 1814 2091 partim
1852 2035 1980 2090 pro-

396 2122 519 2191 pter
534 2113 1044 2183 materiem,partim
1068 2126 1291 2187 propter
1308 2116 1594 2180 artiﬁcem,
1613 2115 1807 2184 partim
1826 2114 1896 2168 ab
1913 2113 1979 2177 iis

397 2205 597 2274 quibus
628 2206 792 2276 impie
823 2218 880 2261 et
900 2207 1163 2263 scelerate
1202 2208 1562 2272 ascribuntur
1582 2208 1979 2269 denominatio-

398 2314 519 2353 nem
546 2301 761 2356 sortita.
781 2298 934 2356 Hanc
957 2301 1026 2359 ob
1043 2317 1287 2365 causam,
1307 2301 1433 2356 licet
1453 2316 1517 2356 os
1544 2302 1800 2365 habeant,
1826 2310 1977 2355 muta

398 2390 686 2458 dicuntur;
720 2392 848 2447 licet
880 2392 1046 2463 pedes
1067 2402 1120 2448 et
1140 2409 1359 2456 manus,
1394 2409 1500 2451 non
1524 2395 1728 2457 moveri
1748 2402 1966 2448 tamen:

396 2483 523 2540 licet
542 2499 721 2547 aures.
742 2500 930 2552 nasos,
966 2492 1145 2541 tamen
1176 2487 1293 2543 sine
1313 2501 1497 2552 sensu,
1520 2487 1637 2541 sine
1651 2486 1868 2545 actione
1888 2486 1974 2540 in—

396 2574 521 2633 ania
538 2589 659 2630 esse
675 2574 1204 2642 dicuntur.Quorum
1222 2578 1365 2633 enim
1383 2578 1697 2648 archetypa,
1712 2578 1795 2633 vel
1815 2579 1972 2645 nihil,

395 2666 484 2728 vel
508 2667 731 2730 misera,
769 2669 853 2733 vel
885 2670 1148 2742 sacrilega
1186 2680 1334 2735 sunt,
1372 2687 1563 2726 eorum
1594 2670 1789 2726 artifex
1831 2672 1975 2726 inter

395 2760 598 2829 impios
638 2763 812 2832 magis
845 2763 1013 2818 miser
1044 2773 1164 2824 est,
1220 2772 1274 2817 et
1323 2766 1506 2818 cultus
1555 2764 1831 2819 exhibitus
1866 2764 1975 2829 Deo

394 2854 569 2924 magis
623 2870 863 2924 exosus;
901 2856 1051 2912 hisce
1108 2857 1260 2912 nullo
1304 2858 1465 2912 modo
1515 2866 1695 2928 potest
1725 2857 1973 2928 adaptari

394 2948 582 3015 gratia:
606 2956 659 3002 et
692 2948 879 3017 gloriae
922 2949 1222 3021 quidquam
1266 2951 1633 3021 Operationis,
1668 2959 1763 3006 aut
1806 2951 1975 3005 bone-

394 3038 532 3101 stior
562 3040 871 3110 appellatio.
929 3042 1000 3096 At
1033 3041 1474 3097 Christianorum
1513 3058 1669 3097 sacra
1722 3050 1777 3098 et
1806 3058 1970 3098 vene-
1998 3073 2039 3130 ο

395 3130 590 3186 rabilia
624 3148 751 3187 vasa
786 3134 1203 3189 sacramentalia
1232 3175 1247 3197 ,
1280 3135 1512 3205 templa,
1561 3135 1825 3206 imagines
1853 3176 1867 3195 .
1916 3144 1972 3190 et

394 3222 499 3280 alia
560 3224 779 3292 pietatis
837 3224 1131 3294 cultusque
1178 3226 1358 3295 signa,
1401 3234 1683 3295 utcunque
1721 3226 1968 3285 eamdem

396 3314 681 3370 materiem
714 3315 1040 3379 sortiantur,
1072 3317 1126 3370 in
1162 3317 1359 3373 melius
1383 3326 1564 3372 tamen
1591 3318 1763 3372 multo
1792 3327 1973 3372 trans-

394 3402 743 3469 formantur;
786 3421 913 3473 usu,
946 3405 1190 3470 nomine,
1238 3408 1573 3478 mystagogia
1611 3416 1666 3461 et
1690 3408 1972 3478 exempla-

394 3494 538 3549 rium
563 3495 868 3561 divinitate,
896 3512 1131 3568 quorum
1162 3512 1259 3567 per
1282 3498 1627 3553 characteres
1652 3499 1973 3568 exprimun-

395 3597 505 3653 tur,
535 3598 590 3643 et
618 3589 1343 3659 sanctiﬁcatafscparataque
1390 3590 1765 3657 perﬁciuntur.
1819 3588 1972 3646 Hanc

392 3679 464 3736 ob
493 3696 716 3736 causam
754 3683 898 3738 haud
922 3682 1166 3737 ulterius
1200 3682 1427 3753 lignum,
1468 3682 1630 3752 lapis,
1661 3693 1969 3755 argentum,

392 3789 624 3836 aurum,
668 3790 775 3829 non
819 3776 984 3831 modo
1012 3775 1223 3830 colores
1269 3784 1536 3845 patestate
1575 3786 1629 3831 et
1663 3778 1832 3845 gratia
1879 3791 1971 3835 as-

393 3866 623 3920 sistente
650 3874 705 3921 et
735 3865 1088 3932 speciﬁcante
1115 3866 1361 3922 destituti
1389 3869 1629 3938 reputari
1655 3868 1858 3924 debent
1886 3869 1971 3924 vel

392 3957 665 4011 nominari
702 3976 716 4012 :
746 3967 936 4013 sancta
976 3959 1178 4028 potius,
1206 3960 1547 4028 honoranda,
1582 3960 1845 4030 gloriosa,
1882 3975 1974 4016 ve-

393 4050 680 4115 nerabilia.
711 4048 846 4106 Cum
889 4052 1032 4115 enim
1080 4053 1407 4123 participem
1452 4054 1730 4109 caelestem
1778 4068 1971 4123 opera-

391 4138 599 4193 tionem
624 4180 640 4206 ,
673 4152 727 4196 et
752 4156 874 4205 eam
906 4142 972 4211 iis
1000 4144 1442 4209 communicent,
1473 4144 1677 4213 quibus
1707 4144 1968 4202 dedican-

392 4243 485 4286 tur
509 4273 525 4297 ,
562 4249 799 4305 quorum
840 4250 1040 4290 nomen
1070 4233 1353 4302 referunt,
1389 4237 1627 4309 speciem
1670 4252 1972 4307 reprazsen—

2083 1834 2183 1905 μὲν
2227 1834 2324 1906 τῆς
2355 1834 2491 1904 ὕλης
2534 1834 2689 1889 οὐδὲν
2718 1836 2813 1889 ἐπὶ
2842 1835 2902 1890 τὸ
2929 1836 3153 1907 ἄμεινον
3190 1837 3659 1908 μετενηνεγμένα,

2078 1924 2218 1999 ἀλλὰ
2251 1926 2346 1980 καὶ
2392 1926 2528 1981 πολὺ
2562 1926 2657 1980 τοῦ
2692 1928 2935 2000 χείρονος
2986 1927 3385 1998 μετειληφότα,
3435 1928 3667 1990 δικαίως

2082 2018 2149 2071 ἂν
2182 2017 2338 2084 ξύλα,
2361 2018 2458 2071 καὶ
2487 2018 2647 2083 λίθοι,
2675 2020 2769 2073 καὶ
2799 2019 3021 2091 χρυσὸς,
3050 2020 3147 2073 καὶ
3171 2021 3434 2091 ἄργυρος,
3462 2021 3495 2091 ἢ
3529 2019 3672 2089 ἔργα

2079 2110 2284 2179 χειρῶν
2338 2108 2646 2179 ἀνθρώπων
2690 2110 3153 2180 ἐπονομάζοιντο,
3212 2110 3418 2181 βέϐηλά
3466 2127 3527 2162 τε
3572 2112 3671 2163 καὶ

2079 2202 2287 2273 ἐναργῆ
2330 2203 2425 2256 καὶ
2462 2202 2782 2275 ἀκάθαρτω
2820 2203 2880 2256 τὸ
2913 2204 3014 2273 μὲν
3039 2205 3105 2257 ὲκ
3143 2204 3241 2274 τῆς
3274 2202 3409 2272 ὕλης
3436 2244 3451 2265 ,
3494 2204 3556 2255 τὸ
3585 2204 3667 2265 δὲ,

2080 2294 2145 2358 ὲκ
2173 2294 2266 2346 τοῦ
2302 2292 2629 2357 πλάττοντος
2650 2335 2667 2357 ,
2725 2294 2786 2348 τὸ
2817 2294 2874 2348 δὲ
2909 2294 2969 2357 ἐξ
3002 2294 3247 2357 ἐκείνων,
3280 2289 3362 2356 οἷς
3391 2292 3670 2353 δυσσεῦιῖις

2080 2385 2177 2439 καὶ
2224 2383 2399 2448 ἀθέως
2445 2383 2827 2456 ἀνιερώθησαν
2878 2384 3326 2454 ὲξωνομασμένα.
3364 2383 3466 2435 Διὰ
3502 2382 3672 2444 τοῦτο

2080 2476 2185 2529 κᾶν
2218 2476 2317 2546 ἔχῃ
2364 2478 2539 2546 στόμα
2562 2519 2577 2543 ,
2619 2477 2720 2546 τὴν
2764 2477 3011 2545 ἀφωνίαν
3042 2474 3395 2541 όνειδίζετιπ.ι⁸
3434 2474 3543 2527 κᾶν
3575 2475 3670 2531 πός

2078 2568 2193 2635 δας,
2226 2570 2332 2623 κᾶν
2373 2572 2582 2640 χεῖρας,
2635 2568 2734 2640 τὴν
2762 2569 3086 2639 ἀκινησίαν’
3120 2569 3223 2621 κᾶν
3257 2561 3390 2629 ὦτα,
3427 2566 3534 2619 κᾶν
3580 2569 3667 2635 ῥῖ-

2079 2677 2196 2729 νας,
2230 2662 2336 2713 κᾶν
2360 2660 2413 2712 εἴ
2445 2678 2497 2714 τι
2526 2661 2675 2723 ἄλλο,
2700 2659 2801 2729 τὴν
2833 2661 3212 2730 ἀναισθησίαν,
3236 2660 3331 2712 καὶ
3363 2658 3665 2728 ἀπραξίαν,

2078 2753 2174 2806 καὶ
2205 2753 2265 2806 τὸ
2297 2746 2653 2824 μάταιον.Ὦν
2682 2753 2791 2825 γὰρ
2814 2753 2846 2825 ἢ
2870 2753 3021 2813 οὐδὲν
3045 2754 3076 2824 ἢ
3105 2753 3343 2821 δύστηνα
3373 2752 3470 2803 καὶ
3492 2750 3666 2820 ἐναγῆ

2076 2846 2147 2899 τὰ
2175 2847 2483 2918 ἀρχέτυπα,
2511 2847 2607 2901 καὶ
2635 2848 2665 2899 ὁ
2696 2846 2909 2903 τούτων
2943 2846 3193 2914 πλάστης
3227 2845 3364 2915 μετὰ
3401 2843 3498 2897 τοῦ
3530 2845 3667 2897 δυσ-

2081 2937 2275 3001 σεὸοὖς
2306 2936 2640 3008 ἀθλιώτερος
2660 2940 2754 2993 καὶ
2782 2940 2842 2992 τὸ
2869 2940 2970 3009 τῆς
2998 2939 3257 3009 λατρείας
3287 2937 3408 2991 ὅλον
3434 2938 3665 2989 θεοστυο

2081 3029 2577 3101 γέστερονοτούτοις
2603 3030 2767 3084 πόθεν
2795 3031 2931 3095 ὅλως
2952 3031 3177 3101 χάριτός
3202 3047 3346 3092 τινος
3367 3028 3401 3098 ἢ
3427 3027 3664 3098 δόξης,ἦ

2072 3123 2372 3199 ἐνεργείας,
2390 3124 2424 3194 ἦ
2437 3141 2582 3186 τινος
2595 3142 2653 3177 σε
2662 3126 2821 3196 μνοτέ
2832 3142 2930 3194 ρας
2948 3125 3196 3194 κλήσεως
3212 3122 3428 3177 οίκείωσ
3439 3138 3489 3183 ις
3508 3137 3665 3189 πορι-

2074 3214 2446 3285 σθήσεται;Τά
2476 3214 2533 3277 δὲ
2562 3215 2714 3285 ἅγια,
2732 3217 2829 3270 καὶ
2859 3215 3034 3268 σεπτά
3060 3215 3171 3268 τῶν
3199 3214 3547 3286 Χριστιανῶν
3584 3214 3667 3265 ἱε-

2075 3304 2343 3377 ρουργικὰ
2356 3321 2416 3358 τε
2433 3304 2601 3376 σκεύη
2611 3346 2626 3371 ,
2641 3308 2735 3360 καὶ
2746 3307 2970 3379 τεμένη,
2986 3308 3079 3361 καὶ
3093 3324 3116 3360 ε
3126 3308 3468 3378 ίκονίσματα,
3488 3308 3586 3360 καὶ
3599 3308 3668 3371 τά

2070 3395 2207 3451 ἄλλα
2220 3395 2321 3465 τῆς
2338 3395 2487 3461 θείας
2504 3399 2535 3468 ἡ
2546 3398 2664 3469 μῶν
2680 3399 2977 3471 θρησκείας
2996 3399 3389 3470 σύμϐολα,ὲπει
3406 3399 3510 3452 κᾶν
3528 3397 3667 3469 ὕλην

2070 3487 2168 3557 οὐχ
2192 3488 2386 3558 ἑτέραν
2414 3490 2783 3562 ὑποδέδληται
2805 3530 2820 3556 ,
2854 3492 2969 3545 ἀλλ’
3000 3488 3096 3545 οὖν
3124 3509 3190 3561 γε
3220 3490 3357 3563 πρὸς
3389 3492 3451 3544 τὸ
3480 3490 3665 3560 πολλῷ

2070 3580 2293 3651 ἄμεινον
2355 3584 2790 3650 μετεσκεύασται
2810 3601 2825 3616 ο
2857 3586 3052 3655 χρήσει
3081 3584 3192 3655 γὰρ
3219 3585 3313 3637 καὶ
3340 3582 3536 3655 κλήσει
3565 3582 3665 3636 καὶ

2075 3674 2443 3745 μυσταγωγίᾳ
2468 3716 2483 3741 ,
2509 3676 2605 3730 καὶ
2654 3680 2719 3748 τῇ
2760 3678 2868 3731 τῶν
2912 3678 3381 3751 παραδειγμάτων
3415 3679 3659 3749 θεότητι,

2069 3758 2145 3819 ὧν
2164 3766 2279 3829 τοῖς
2312 3769 2661 3841 χαρακτῆρσι
2691 3770 3167 3842 διαμεμόρφωται,
3202 3772 3297 3825 καὶ
3328 3770 3545 3842 μυρίοις
3569 3771 3664 3825 ἆλ-

2071 3860 2186 3923 λοις
2230 3858 2674 3929 καθαγιασθέντα
2718 3866 3082 3921 τετελείωται.
3125 3867 3225 3921 Διά
3268 3866 3428 3920 τοῦτο
3471 3866 3662 3919 οὐκέτι

2073 3953 2225 4021 ξύλα,
2281 3956 2314 4025 ἢ
2360 3955 2529 4022 λίθος,
2562 3957 2674 4011 οὐδ’
2701 3958 2961 4031 ἄργυρος,
3008 3960 3129 4013 οὐδὲ
3158 3959 3391 4030 χρυσός·
3433 3960 3497 4012 οὕ
3550 3958 3661 4030 μὴν

2071 4048 2190 4103 οὐδὲ
2242 4050 2512 4122 χρώματα
2559 4051 2745 4121 γυμνά
2796 4051 2897 4121 τῆς
2944 4051 3313 4122 είδοίτοιούσης
3364 4052 3460 4104 καὶ
3514 4068 3663 4121 παρ-

2071 4142 2397 4213 εδρευούσης
2422 4144 2705 4215 δυνάμεώς
2734 4162 2796 4197 τε
2829 4146 2924 4198 καὶ
2952 4145 3196 4217 χάριτος,
3228 4144 3339 4198 οὒτ’
3365 4144 3433 4198 ἂν
3466 4146 3659 4213 ἐννοη-

2074 4232 2195 4306 θείη
2230 4238 2383 4301 ποτὲ,
2416 4235 2541 4290 οὕτε
2571 4236 3152 4307 παρονομασθήσεται·
3173 4237 3304 4303 ἀγια
3332 4236 3390 4289 δὲ
3426 4236 3656 4306 μᾶλλον,

394 4333 527 4387 tant,
559 4341 797 4397 cumque
825 4328 1067 4381 animum
1102 4335 1351 4380 nostrum
1378 4327 1444 4381 ad
1495 4326 1587 4383 illa
1618 4328 1972 4383 transveham

2078 4325 2166 4380 καὶ
2214 4327 2373 4398 τίμια
2434 4328 2530 4381 καὶ
2573 4327 2959 4399 δεδοξασμένα,
3010 4329 3104 4382 καὶ
3157 4328 3347 4383 σεπτά.
3399 4328 3512 4397 Τῆς
3544 4327 3658 4396 γάρ

390 4428 443 4473 et
483 4428 871 4488 transportent,
903 4428 958 4474 et
996 4419 1240 4473 divinum
1288 4419 1531 4475 favorem
1570 4420 1727 4475 nobis
1759 4436 1963 4491 procu-

2078 4417 2274 4472 ivwilsv
2318 4420 2620 4491 ἐνεργείας,
2661 4422 2756 4480 καὶ
2783 4415 2865 4483 οἷς
2894 4421 3269 4474 ἀνατέθεινται
3290 4463 3303 4483 ,
3347 4414 3421 4474 ὧν
3454 4438 3516 4472 τε
3551 4419 3657 4489 τὴν

388 4519 531 4573 rent,
559 4521 613 4567 et
639 4512 780 4566 bona
812 4512 1110 4572 attraham.
1141 4526 1249 4565 non
1272 4526 1300 4573 ο
1336 4512 1563 4566 materia
1602 4512 1965 4568 denominan-

2078 4511 2256 4580 ιλῆσιν
2278 4511 2373 4565 καὶ
2404 4512 2466 4565 τὺ
2497 4508 2639 4576 εἶδος
2662 4512 2945 4583 φέρουσιν,
2972 4516 3031 4567 ὲν
3064 4513 3327 4584 μετουσία
3355 4513 3653 4581 γενόμενα,

389 4611 500 4668 tur,
544 4621 649 4660 non
693 4606 760 4659 al)
800 4605 976 4674 aliqua
1022 4604 1129 4659 alia
1162 4605 1497 4673 proprietate
1525 4605 1962 4671 inconvenienti,

2078 4604 2155 4657 tat
2198 4604 2291 4657 τὸν
2334 4606 2603 4676 ἡμέτερον
2651 4605 2775 4660 νοῦν
2821 4609 2960 4675 πρὸς
3005 4608 3191 4660 ἐκεῖνα
3238 4605 3652 4668 διαϐιϐάζοντα,

388 4706 441 4763 et
470 4713 590 4766 quae
620 4696 908 4751 centrariis
941 4712 1246 4765 congruere
1275 4697 1479 4767 possit,
1511 4698 1604 4751 sed
1634 4714 1757 4766 quae
1788 4702 1963 4766 parti-

2078 4699 2531 4769 ῑιαπορθμεύοντά
2575 4717 2633 4752 τε
2685 4701 2815 4770 ἡμῖν
2849 4701 2947 4769 τὴν
2976 4698 3188 4752 ἐκεῖθεν
3224 4695 3516 4765 ἀγαθοειδῆ
3555 4696 3650 4747 καὶ

388 4789 593 4859 cipant,
633 4790 698 4843 ad
732 4804 851 4858 quae
881 4788 1262 4861 traducuntur,
1295 4788 1495 4858 quibus
1527 4789 1877 4846 subservinnt
1911 4802 1965 4846 et

2078 4790 2212 4843 λείαν
2242 4791 2551 4862 εὐμένειαν,
2601 4793 2699 4847 οὐκ
2729 4793 2792 4845 ὲκ
2824 4791 2927 4861 τῆς
2965 4791 3099 4863 ὕλης
3142 4790 3210 4845 ἂν
3248 4790 3475 4850 εἰκότως
3516 4786 3653 4855 κλη-

390 4883 741 4943 devoventur,
771 4883 838 4935 ab
861 4880 968 4935 illis
990 4880 1208 4949 quidem
1234 4881 1437 4951 optime
1470 4887 1526 4934 et
1556 4892 1964 4950 cognoscuntur

2078 4883 2175 4951 latr;
2203 4901 2215 4914 ο
2244 4884 2307 4936 οὕ
2343 4883 2449 4955 μὴν
2483 4885 2592 4938 οὐδ’
2623 4886 2731 4938 ἀπό
2778 4903 2923 4950 τινος
2951 4881 3406 4954 ἀπεμφαινούσης
3455 4879 3650 4946 ἄλλης,

390 4981 420 5020 a
451 4968 585 5021 viris
618 4968 745 5037 piis,
781 4978 834 5022 et
858 4967 1364 5021 denominationem
1398 4968 1726 5023 sortiuntur.

2078 4976 2152 5027 :1".
2198 4978 2307 5039 τοῖς
2352 4977 2756 5047 ἀντικειμένοις
2788 4976 3139 5047 ἁρμοζούσης
3173 4974 3471 5044 ἰδιότητος⁵
3531 4970 3657 5023 ἀλλ’

388 5054 463 5112 ὧν
495 5077 555 5113 τε
614 5062 863 5131 μετέσχε,
909 5062 1006 5116 καὶ
1038 5063 1174 5133 πρὸς
1212 5062 1247 5116 ἀ
1280 5063 1600 5133 παρῆκταιο
1644 5056 1726 5125 οἷς
1755 5080 1816 5116 τε
1850 5064 2204 5135 ὑπηρετεῖται
2236 5070 2330 5122 καὶ
2357 5071 2664 5142 ἀφιέρωται
2689 5089 2701 5100 ο
2733 5072 2949 5125 ἐκεῖθεν
3015 5065 3074 5122 εὖ
3145 5067 3311 5139 μάλα,
3366 5065 3464 5117 καὶ
3526 5061 3653 5114 λίαν

391 5154 613 5219 ἐνδίκως
660 5158 754 5211 καὶ
792 5159 1121 5225 γινώσκεται
1169 5163 1282 5221 τοῖς
1326 5157 1610 5213 εὕσεὸέσιν
1650 5159 1825 5221 ὄντως
1862 5162 1957 5213 καὶ
1997 5162 2342 5234 ὀνομάζεται.

497 5264 824 5333 ρυλιΕδΤιο
850 5268 989 5322 CXII
1030 5268 1218 5340 [CoisL
1251 5279 1300 5323 et
1334 5268 1498 5325 Taur.
1529 5267 1841 5343 CXXXIV].

2597 5283 2930 5334 ΕΡΩἹἩΣΙΣ
2965 5280 3111 5333 PIB'.

621 5377 626 5380 ’
729 5386 867 5435 Edita
898 5401 925 5435 a
952 5386 1266 5463 Montacutio,
1295 5400 1377 5448 ep.
1405 5384 1517 5445 216,
1559 5383 1625 5433 ad
1646 5387 1819 5449 Georg.
1868 5388 2065 5441 Nicom.
2090 5408 2139 5456 p.
2168 5395 2394 5448 διδ-523.
2430 5398 2722 5460 Explanatio
2749 5399 2798 5445 in
2835 5397 2970 5444 Rom.
2998 5408 3068 5453 ix,
3094 5395 3124 5443 5
3146 5408 3287 5456 seqq.

463 5467 634 5543 Quem
679 5470 813 5527 nihil
865 5486 1116 5540 separare
1148 5481 1323 5541 potest
1350 5471 1418 5524 ab
1461 5486 1649 5525 amore
1682 5469 1798 5537 Dei,
1853 5489 1963 5529 non

2148 5481 2244 5532 Ὃν
2281 5482 2432 5536 οὐδὲν
2458 5482 2683 5537 δύναται
2715 5481 2951 5552 χωρίσαι
2977 5481 3076 5550 τῆς
3126 5480 3346 5549 ἀγάπης
3378 5475 3513 5530 θεοῦ
3539 5491 3551 5504 ο
3580 5473 3645 5528 οὕ

1666 5600 1904 5663 VARI/IS
1942 5606 2343 5672 LECTIONES.

434 5729 457 5782 τ
489 5720 551 5798 ρ,
579 5718 895 5799 ﬂuvium;
933 5720 1232 5792 Ἑλληνίου.
1314 5731 1337 5759 ³
1369 5721 1433 5777 C.
1576 5725 2054 5801 ἀποκεκριμένων.
