3880 6206
228 223 347 288 657

1151 244 1252 323 AD
1280 245 1871 308 AMPHILOCIIIUM
1921 247 2269 319 QUIESTIO
2305 259 2488 320 CXII.

3377 272 3485 339 658

232 341 473 407 θάνατος
519 345 943 420 ἀπειλούμενος·
978 354 1036 408 ού
1086 355 1233 427 ζωῆς
1273 360 1598 431 ὑπόσχεσις·
1640 364 1701 416 οὐ
1739 363 1798 415 τὰ

233 434 451 456 L_A_.'ﬂ__.
490 437 511 456 ι
561 438 627 456 \"'
777 444 790 456 ι
873 445 884 456 ι
930 447 942 456 ι
1062 447 1117 456 _-
1277 451 1299 456 ..
1409 454 1418 456 -
1469 453 1478 456 _

1913 381 2061 423 mors
2091 372 2255 429 minis
2287 374 2573 441 intentata,
2609 391 2717 432 non
2749 375 2860 431 vita
2897 378 3197 447 promissa,
3230 398 3333 438 non
3361 401 3484 456 qua:

232 434 453 489 ἐκεῖθεν
479 437 667 503 ἁπλῶς
688 458 701 470 ·
738 444 799 497 ού
828 445 898 498 τὰ
926 447 1164 502 ἐνταῦθα
1182 467 1196 481 ο
1224 451 1341 515 πῶς
1362 453 1524 517 αὐτὸς
1553 455 1798 521 ἑκουσίως

1916 456 1985 510 ibi
2012 468 2159 524 sunt,
2197 476 2305 514 non
2335 478 2457 530 quae
2494 463 2618 517 hic:
2651 465 2926 532 quomodo
2966 465 3011 522 is
3041 478 3235 536 sponte
3266 434 3488 539 separa-

232 526 562 597 ἀφίσταται,
594 535 689 587 καὶ
737 537 863 590 τότε
913 558 933 592 ι
967 541 1107 613 ὑπὲρ
1148 542 1259 595 τῶν
1289 545 1433 598 κατά
1463 546 1645 618 σάρκα
1684 566 1812 618 συγ·

233 621 453 689 γενῶνς
494 642 511 674 t
547 626 643 679 καὶ
666 627 725 680 ού
752 632 913 698 μόνον
938 633 1030 687 τὸν
1050 636 1328 706 χωρισμὸν
1359 638 1645 709 ὑπομένει,
1676 642 1813 695 ἀλλά

232 712 336 763 καὶ
384 714 642 787 ἐπιθυμεῖ
687 721 779 772 καὶ
817 722 1107 794 ἐπεύχεται
1154 728 1492 799 χωρισθῆναι
1536 730 1808 801 Χριστοῦ’

240 820 260 849 ι
298 804 562 877 Ηὺχόμην
612 809 720 881 γὰρ
778 813 943 877 αὐτὸς
999 815 1111 883 ἐγὼ
1182 818 1435 889 ἀνάθεμα
1489 818 1630 875 εἶναι
1702 821 1813 875 ἀπὸ

231 894 499 965 Χριστοῦ,
530 899 669 972 ὑπὲρ
701 902 811 956 τῶν
832 906 1078 976 ἀδελφῶν
1108 926 1235 979 μου,
1262 911 1371 964 τῶν
1401 912 1681 981 συγγενῶν
1708 930 1810 984 μου

230 988 347 1041 τῶν
375 991 515 1044 κατά
544 994 742 1065 σάρκα.
779 1016 797 1049 ι
834 998 990 1053 Οὕτω
1014 1001 1114 1070 μὲν
1137 1002 1203 1057 ἀν
1230 1019 1316 1067 τις
1347 1004 1447 1075 τὴν
1478 1004 1577 1075 σὴν
1606 1006 1811 1059 ἐπιτεί-

230 1096 345 1132 νων
397 1082 632 1152 ἀπορίαν
688 1087 836 1157 ἐρεῖ⁶
883 1089 947 1142 Τί
993 1090 1120 1159 οῦν;
1166 1094 1284 1157 πῶς
1347 1096 1687 1169 συμϐήσεται
1741 1100 1810 1154 τὰ

230 1173 558 1242 ἀσύμϐατα;
588 1179 657 1230 Ἣ
689 1179 904 1252 πρῶτον
958 1183 1056 1253 μὲν
1098 1187 1276 1240 ἐκεῖνο
1326 1189 1491 1257 φάναι
1536 1190 1687 1245 ἔστιν
1725 1192 1810 1245 ὅτι

230 1263 361 1317 οὐδέ
393 1267 511 1319 ἐστι
556 1268 730 1325 ταῦτα
765 1275 1048 1344 μαχόμενα
1070 1292 1084 1306 ·
1125 1278 1186 1330 ού
1219 1279 1330 1349 γὰρ
1364 1281 1607 1335 ἐναντίον
1632 1284 1809 1338 ἀδιαί-

233 1372 395 1448 ρετος
425 1358 588 1425 πόθος
622 1363 883 1433 Χριστοῦ,
911 1370 1005 1421 κα)⁸
1033 1368 1095 1422 τὸ
1119 1371 1343 1442 ἀγαπᾷν
1375 1371 1519 1427 οὕτω
1540 1374 1633 1429 τὸν
1666 1376 1808 1448 πλη-

232 1447 374 1510 σίον,
429 1449 570 1504 ῶστε
632 1454 727 1507 καὶ
782 1456 886 1526 τῆς
937 1458 1074 1523 ἰδίας
1124 1461 1393 1530 ὠφελείας
1443 1465 1520 1536 μὴ
1566 1447 1809 1538 νομίζειν

229 1537 493 1594 ἐλάττονα
519 1544 617 1614 τὴν
647 1546 871 1603 ἐκείνων
897 1550 1195 1622 σωτηρίαν.
1233 1554 1450 1609 Μᾶλλον
1472 1557 1531 1610 δέ
1562 1537 1657 1612 καὶ
1684 1577 1810 1614 συν·-

231 1631 354 1704 ᾴδει
383 1633 556 1690 ταῦτα.
587 1638 723 1709 πρὸς
746 1640 980 1711 ἄλληλα·
1011 1646 1039 1697 6
1065 1646 1175 1717 γὰρ
1206 1648 1440 1715 ἀγαπῶν
1459 1650 1552 1704 τὸν
1581 1652 1809 1723 ἀδελφὸν

231 1725 425 1790 αὐτοῦ,
472 1729 693 1800 ἐντολὴν
745 1733 968 1804 πληρῶν
1016 1738 1374 1811 Δεσποτικὴν,
1416 1741 1478 1795 τὸ
1532 1744 1671 1815 πρὸς
1714 1745 1807 1800 τὸν

230 1816 514 1887 Δεσπότην
565 1819 784 1892 φίλτρον
812 1825 1050 1895 καθαρὸν
1100 1830 1194 1882 καὶ
1225 1831 1483 1903 ἀκέραιον
1526 1835 1802 1902 διασώζει.

236 1925 257 1959 ι
315 1910 405 1963 Ἐν
433 1910 605 1981 τούτῳ
631 1914 740 1985 γὰρ
769 1916 1070 1983 γνώσονται
1100 1922 1328 1988 πάντες,
1363 1925 1445 1978 ὅτι
1468 1927 1593 1995 ἐμοὶ
1629 1930 1807 2000 μαθη-

230 2000 327 2051 ταί
356 2002 501 2065 ἐστε,
534 2004 630 2057 ἐὰν
653 2006 905 2075 ἀγαπᾶτε
931 2011 1197 2082 ἀλλήλους
1218 2030 1232 2045 ⁸
1270 2032 1289 2067 ι
1325 2019 1419 2070 καὶ
1452 2019 1637 2086 πάλιν,
1673 2039 1692 2073 ι
1717 2023 1806 2076 Ἐν

229 2091 462 2156 ταύταις
512 2098 633 2159 ταῖς
684 2097 832 2153 δυσὶν
875 2102 1121 2167 ἐντολαῖς
1167 2106 1287 2170 ὅλος
1323 2110 1352 2162 6
1401 2110 1565 2181 νόμος
1610 2113 1706 2168 καὶ
1756 2116 1805 2168 οί

231 2184 513 2253 προφῆται
548 2190 909 2259 κρέμανται.»
932 2196 1244 2263 Κεφάλαιον
1277 2201 1386 2271 γάρ
1412 2204 1526 2256 ἐστι
1557 2206 1652 2259 καὶ
1681 2205 1808 2261 σύν-

228 2275 451 2369 δεσμος,
498 2283 593 2333 καὶ
645 2285 766 2353 ῥίζα
792 2286 901 2339 τῶν
935 2288 1111 2342 ἄλλων
1142 2292 1399 2348 ἁπάντων
1441 2300 1806 2369 κατορθωμά-

227 2382 360 2431 των,
393 2368 426 2439 ἦ
463 2388 521 2423 τε
546 2372 640 2424 τοῦ
686 2374 821 2428 Θεοῦ
848 2377 1036 2449 ἀγάπη
1071 2383 1166 2435 καὶ
1193 2384 1225 2453 ἠ
1262 2384 1354 2437 τοῦ
1384 2368 1630 2444 πλησίον.
1672 2368 1802 2459 Ναὶ,

229 2461 400 2530 φησίν
431 2480 445 2494 ·
504 2465 620 2518 ἀλλ’
674 2469 909 2523 ἐνταῦθα
971 2475 1256 2543 προκρίνει
1316 2479 1415 2547 μὲν
1484 2483 1611 2544 τοὺς
1669 2501 1804 2554 συγο

228 2555 435 2620 γενεῖς·
478 2554 699 2626 εὔχεται
740 2558 797 2611 δὲ
838 2561 972 2614 Θεοῦ
1021 2565 1374 2636 χωρισθῆναι,
1428 2571 1514 2625 ἵνα
1565 2575 1803 2649 κερδάνῃ

226 2641 483 2708 τούτουςν
527 2648 556 2698 ὁ
587 2648 643 2741 δὲ
691 2650 925 2719 Χριστὸς
979 2654 1113 2727 ἔφη·
1154 2678 1172 2711 t
1209 2660 1268 2714 Ὀ
1314 2661 1485 2729 φιλῶν
1517 2641 1729 2738 πατέρα

228 2737 443 2807 μητέρα
511 2739 650 2812 ὑπὲρ
712 2744 849 2812 ἐμὲ,
893 2748 993 2801 οὐκ
1050 2750 1165 2807 ἔστι
1218 2771 1321 2823 μου
1372 2756 1540 2821 ἄξιος.
1579 2779 1596 2811 ι
1643 2737 1804 2821 Ἀλλά

225 2829 336 2898 γὰρ
369 2830 487 2894 πῶς
524 2832 641 2887 ἔστι
682 2835 842 2891 τοῦτο
873 2843 1050 2908 φιλεῖν
1094 2845 1234 2917 ὑπὲρ
1285 2848 1376 2901 τὸν
1420 2852 1689 2922 Χριστόν;
1740 2856 1802 2908 Et

229 2923 329 3015 μὲν
372 2923 479 2995 γὰρ
525 2924 592 2977 δι’
648 2927 835 2998 ἕτερόν
884 2950 939 2985 τι
990 2934 1187 3005 Παύλῳ
1243 2940 1595 3011 ἐστέργοντο,
1658 2940 1803 3015 εἶχεν

1912 558 2021 615 tur,
2063 552 2226 604 etiam
2262 571 2280 603 ι
2308 567 2409 622 pro
2436 552 2688 609 afﬁnibus
2719 556 3018 611 secundum
3051 573 3270 614 carnem
3305 580 3350 615 ιο
3385 579 3486 619 nec

1913 649 2120 694 tantum
2154 642 2302 697 subit
2345 645 2740 714 separationem
2771 686 2786 710 ,
2837 648 2929 702 sed
2962 648 3109 703 illam
3142 654 3385 721 expetit,
3431 665 3486 709 et

1912 742 2033 786 orat
2063 749 2093 787 a
2124 734 2344 790 Christo
2378 738 2669 807 separari?
2746 758 2765 791 ‹
2797 738 3065 808 Cuperem
3094 757 3196 812 ego
3240 760 3327 799 me
3354 761 3485 799 ana-

1911 829 2095 881 thema
2129 828 2242 883 fieri
2282 845 2313 883 a
2342 829 2562 886 Christo
2595 847 2693 899 pro
2736 831 2997 888 fratribus
3031 836 3167 888 meis
3190 877 3205 903 ,
3238 840 3485 907 cognatis

1911 916 2047 969 mihi
2084 919 2388 973 secundum
2414 936 2658 976 carnem.
2692 941 2710 974 ι
2741 922 2823 977 Ad
2860 924 3007 979 hunc
3034 928 3253 982 modum
3285 929 3486 999 aliquis

1912 1014 2059 1059 tuam
2090 1007 2326 1089 dilatans
2353 1009 2748 1067 dubitationem
2792 1014 2990 1069 dixerit
3025 1034 3038 1069 :
3091 1016 3231 1082 Quid
3268 1019 3482 1089 igitur?

1911 1084 2187 1169 quomodo
2222 1116 2534 1170 competent
2586 1105 3057 1176 incompetibilia?
3106 1109 3358 1180 Inprimis
3396 1113 3481 1167 vi-

1910 1193 2071 1247 detur
2110 1190 2442 1259 dicendum,
2484 1211 2591 1249 non
2639 1198 2754 1254 hate
2802 1201 2868 1254 ad
2913 1201 3147 1257 invicem
3190 1219 3481 1275 pugnare:
3537 1207 3542 1225 "

1910 1296 2018 1335 non
2054 1283 2200 1338 enim
2235 1283 2438 1340 Christi
2471 1285 2763 1343 indivisum
2814 1290 3149 1347 desiderium
3181 1296 3489 1350 contraria-

1910 1382 2001 1428 ῐιιι·
2024 1411 2039 1435 ,
2068 1389 2257 1431 amare
2299 1376 2355 1431 in
2396 1388 2604 1433 tantum
2635 1380 2877 1435 vicinum
2903 1422 2918 1446 ,
2948 1393 3010 1438 ut
3049 1400 3116 1439 ne
3140 1387 3487 1443 existimetur

1910 1463 2057 1520 illius
2094 1466 2245 1522 salus
2290 1471 2634 1537 procuranda
2678 1471 2733 1524 in
2781 1473 3039 1530 secundis
3072 1490 3196 1531 esse
3244 1480 3487 1548 preprize

1910 1556 2182 1611 utilitatis.
2217 1556 2359 1624 Quin
2386 1560 2685 1614 concinunt
2708 1562 2892 1632 potius
2923 1565 3037 1620 haec
3065 1566 3205 1621 inter
3232 1584 3329 1623 se:
3360 1585 3484 1623 nam

1911 1643 2005 1713 qui
2038 1644 2215 1715 diligit
2245 1644 2468 1700 fratrem
2504 1663 2664 1702 suum
2688 1689 2704 1715 ,
2733 1657 2789 1703 et
2819 1650 2875 1704 in
2915 1667 2981 1706 eo
3008 1651 3221 1708 Domini
3258 1657 3486 1712 manda-

1911 1744 2026 1789 tum
2067 1736 2275 1806 implet,
2312 1752 2506 1805 purum
2553 1748 2608 1793 et
2639 1739 2914 1796 sincerum
2957 1744 3047 1799 ille
3084 1761 3328 1801 amorem
3361 1763 3490 1803 con-

1862 1874 1867 1875 ,
1907 1836 2087 1883 servat
2122 1844 2249 1899 erga
2289 1827 2606 1886 Dominum.
2673 1851 2691 1884 ‹
2720 1834 2780 1888 In
2819 1836 2922 1891 hoc
2962 1837 3110 1892 enim
3150 1850 3490 1907 c0gnoscent

1907 1935 2100 1978 omnes
2123 1962 2140 1987 ,
2186 1924 2334 1991 quod
2368 1924 2475 1979 mei
2504 1925 2637 1981 estis
2662 1926 2917 1998 discipuli
2943 1970 2957 1993 ,
3007 1930 3053 1986 si
3087 1931 3316 1986 invicem
3354 1933 3489 1988 dili-

1906 2015 2046 2085 gatis
2071 2031 2088 2069 :
2113 2026 2205 2071 iet
2228 2016 2446 2083 iterum,
2487 2036 2506 2071 ι
2534 2019 2591 2073 In
2617 2020 2770 2076 hisce
2798 2022 3014 2079 duobus
3036 2026 3321 2095 praeceptis
3372 2034 3484 2082 tota

1906 2108 1991 2163 lex
2020 2106 2218 2177 pendet
2277 2110 2717 2182 etlprophetaan
2767 2112 2862 2169 Dei
2921 2114 3123 2168 etenim
3169 2125 3222 2170 et
3250 2118 3484 2187 proximi

1905 2200 2125 2255 dilectio
2151 2210 2317 2271 caput
2348 2212 2452 2264 est.
2498 2203 2799 2271 vinculum,
2845 2208 3002 2262 radix
3068 2210 3317 2265 omnium
3346 2211 3483 2266 alio-

1905 2308 2031 2347 rum
2068 2303 2215 2348 recte
2250 2295 2552 2350 factorum.
2581 2296 2951 2355 Conceditur:
2991 2310 3076 2355 ast
3116 2301 3168 2355 in
3206 2303 3311 2358 hoc
3335 2344 3348 2367 ,
3397 2304 3485 2357 in-

1905 2388 2120 2457 quiunt,
2160 2390 2396 2458 praetulit
2427 2390 2615 2447 aliines
2656 2411 2669 2447 :
2700 2409 2823 2447 nam
2854 2409 2885 2448 a
2930 2393 3037 2451 Deo
3074 2406 3294 2465 exoptat
3324 2413 3484 2466 sepa—

1905 2483 2039 2547 rari,
2067 2490 2126 2537 ut
2155 2483 2401 2538 lucretur
2429 2499 2547 2549 eos,
2581 2502 2706 2541 cum
2736 2485 2991 2542 Christus
3020 2490 3185 2550 dir-at,
3231 2490 3361 2555 «Qui
3396 2490 3481 2545 di-
3526 2542 3533 2553 ,

1906 2574 2021 2644 ligit
2050 2582 2258 2644 patrem
2288 2576 2373 2630 vel
2408 2586 2635 2633 matrem
2670 2579 2794 2649 plus
2822 2596 2985 2649 quam
3011 2596 3116 2645 me,
3147 2597 3254 2635 non
3280 2591 3364 2637 est
3397 2598 3483 2637 me

1904 2668 2124 2739 dignus.
2151 2688 2169 2720 ι
2204 2668 2403 2725 Verum
2431 2709 2446 2733 ,
2490 2673 2767 2741 quomodo
2807 2688 2972 2742 supra
3001 2673 3278 2728 Christum
3328 2675 3479 2745 diligi

1904 2760 2198 2815 dicuntur?
2223 2761 2279 2816 Si
2316 2763 2386 2816 ob
2411 2763 2555 2816 aliud
2590 2762 2794 2834 aliquid
2824 2765 3196 2833 diligebantur
3227 2780 3255 2818 a
3286 2764 3501 2827 Paulo,.

1903 2854 2109 2908 valeret
2131 2855 2560 2924 consequentia;
2591 2856 2698 2920 sin,
2743 2854 3026 2911 utChristi
3071 2858 3346 2927 peculium
3382 2856 3479 2911 lie--

1904 2954 2045 3007 rent,
2072 2946 2212 2999 haud
2237 2946 2476 3015 intelligo
2498 2947 2772 3016 quomodo
2791 2951 3003 3018 cognati
3027 2949 3146 3018 ejus
3174 2950 3295 3019 plus
3314 2964 3478 3019 quam

225 3014 293 3107 ἀν
333 3018 360 3068 6
399 3016 554 3085 λόγος
588 3019 649 3071 τὸ
681 3024 899 3092 ἰσχυρόν
923 3042 937 3056 ·
969 3029 1019 3079 εί
1043 3028 1088 3080 δ’
1124 3030 1211 3082 ἵνα
1232 3033 1502 3099 γένωνται
1534 3014 1795 3107 Χριστοῦ,

1902 3032 2156 3088 Christus
2209 3014 2531 3104 diliguntur.
2569 3035 2707 3102 Quid
2757 3014 2903 3091 aliud
2948 3014 3092 3092 enim
3131 3014 3373 3095 insinuat
3416 3056 3481 3093 a-

223 3106 326 3160 οὐκ
384 3107 491 3178 ἔχω
546 3111 798 3179 συνιδεῖν,
837 3116 987 3179 ὅπως
1025 3120 1073 3170 οἱ
1108 3126 1391 3189 συγγενεῖς
1433 3130 1797 3201 προτετίμην-

222 3218 318 3254 ται
362 3202 452 3255 τοῦ
490 3205 861 3275 Δημιουργοῦ,
902 3209 965 3261 Ἰῖί
997 3212 1104 3280 γὰρ
1150 3216 1241 3265 καὶ
1287 3210 1354 3285 ἦν
1381 3216 1568 3288 ἕτερον
1604 3221 1665 3273 τὸ
1713 3239 1800 3290 φι-

221 3295 335 3348 λεῖν
387 3296 646 3361 ἐκείνους,
699 3301 731 3369 ἥ
775 3301 836 3353 τὸ
892 3304 1156 3372 ὑποτάξαι
1208 3310 1424 3376 αὐτοὺς,
1478 3314 1573 3367 καὶ
1625 3334 1798 3388 προσ-

221 3387 499 3442 οικειῶσαι
531 3389 607 3459 τῷ
638 3392 803 3463 κοινῷ
856 3396 1137 3471 Δεσπότῃ;
1179 3400 1300 3463 Πῶς
1336 3400 1428 3458 οὖν
1459 3406 1573 3461 ἔστι
1622 3387 1798 3479 φιλεῖν

220 3479 465 3543 ἐκείνους
502 3481 644 3552 ὑπὲρ
675 3484 766 3537 τὸν
812 3486 1067 3556 Χριστὸν,
1095 3491 1228 3545 ὅπου
1254 3511 1319 3562 γε
1351 3497 1446 3549 καὶ
1491 3499 1689 3564 αὐτοὺς
1717 3504 1796 3568 είς

219 3573 320 3644 τὴν
366 3574 613 3647 ὑπακοὴν
644 3577 738 3630 καὶ
777 3578 999 3651 ἀγάπην
1030 3576 1178 3637 εἷλκε
1215 3587 1314 3657 τὴν
1340 3590 1543 3659 αὑτοῦ;
1576 3594 1797 3648 Μᾶλλον

218 3662 274 3716 δέ
298 3662 578 3734 ἀδεκάστῳ
603 3666 781 3737 κρίσει
805 3685 890 3733 τις
912 3671 1228 3730 ἐπισκοπῶν
1255 3679 1506 3734 ἐντεῦθεν
1534 3683 1601 3737 ἂν
1624 3702 1795 3740 κατα-

219 3756 329 3827 θεῷ
343 3759 616 3827 τοτρανῶς
634 3760 727 3815 τὸν
741 3762 1175 3836 ἀναφλεγόμενον
1198 3770 1286 3823 ἀεὶ
1313 3771 1406 3825 τοῦ
1429 3774 1572 3828 θείου
1596 3776 1797 3848 ἔρωτος

218 3850 276 3903 ἐν
334 3850 527 3920 Παύλῳ
586 3854 816 3924 πυρσόν.
851 3856 926 3908 Ού
958 3858 1067 3930 γὰρ
1118 3862 1341 3929 ἠρκεῖτο
1404 3866 1595 3922 ἐαυτὸν
1634 3871 1795 3941 μόνον

220 3946 531 4016 προσάγων,
562 3945 698 4000 ἀλλά
735 3948 828 4001 καὶ
871 3950 1090 4021 ἐτέρους
1131 3954 1193 4007 οῦ
1238 3955 1456 4032 γλώσσῃ
1504 3962 1667 4030 μόνον
1701 3968 1795 4020 καὶ

216 4037 361 4108 χειρὶ
385 4038 665 4108 σημείωνι
695 4056 709 4070 ο
737 4040 873 4094 ἀλλά
925 4042 1019 4095 καὶ
1069 4043 1169 4115 βίῳ
1214 4048 1308 4100 καὶ
1348 4051 1568 4118 τρόποις
1595 4055 1789 4125 ἅπασι,

217 4129 312 4182 καὶ
353 4130 560 4201 μεθόδῳ
592 4132 740 4203 πάσῃ
788 4132 1044 4189 ἔσπευδεν
1097 4147 1560 4211 συνεισενεγκεῖν·
1609 4150 1791 4215 καλῶς

217 4242 381 4295 φησιν
422 4228 473 4278 εί
515 4227 590 4297 μὴ
616 4226 874 4298 ἐχώριζεν
908 4230 1098 4283 ἑαυτὸν
1128 4231 1221 4284 τοῦ
1262 4234 1532 4302 Χριστοῦ·
1583 4240 1646 4291 τὸ
1692 4242 1791 4309 μὲν

215 4319 323 4386 γὰρ
346 4316 521 4371 θέλειν
555 4318 774 4389 ἐτέρους
811 4322 1257 4393 προσενεχθῆναι,
1286 4326 1388 4381 οὐκ
1417 4328 1564 4383 ἐστιν
1604 4334 1783 4385 ἐπιτι-

1901 3143 2052 3182 mare
2084 3128 2205 3182 illos
2230 3143 2394 3196 quam
2429 3129 2687 3193 subdere,
2719 3139 2771 3184 et
2799 3131 3151 3200 appropriare
3181 3133 3303 3187 illos
3328 3147 3480 3187 com-

1898 3220 2050 3273 muni
2115 3219 2387 3273 Domino?
2444 3219 2730 3285 Quomodo
2783 3236 2913 3290 ergo
2962 3221 3155 3276 dilexit
3206 3238 3300 3278 eos
3352 3224 3479 3292 plus

1897 3326 2061 3380 quam
2084 3310 2387 3375 Christum,
2415 3326 2541 3365 cum
2575 3313 2628 3366 in
2665 3312 3028 3367 odedientiam
3062 3313 3207 3369 illius
3238 3323 3293 3369 et
3322 3329 3478 3369 amo-

1899 3418 2012 3457 rem
2063 3418 2159 3458 eos
2206 3404 2581 3472 pertraheret?
2614 3404 2756 3471 Quin
2802 3404 3010 3473 judicio
3063 3407 3382 3476 incorrupto
3432 3405 3475 3461 si

1897 3496 2024 3565 quis
2066 3495 2172 3550 hoc
2204 3496 2492 3565 ponderet,
2533 3498 2601 3549 ab
2645 3512 2711 3550 eo
2753 3497 2958 3564 poterit
3015 3497 3214 3551 intueri
3259 3496 3475 3552 flamma

1898 3587 2067 3643 divini
2120 3590 2328 3642 amoris
2380 3603 2609 3643 accensa
2654 3588 2884 3644 Paulum
2941 3598 3205 3660 perpetuo
3249 3589 3474 3644 exarde-

1897 3687 2161 3733 scentem.
2222 3677 2339 3732 Non
2384 3679 2657 3734 continuit
2695 3680 2938 3747 seipsum
2978 3681 3045 3735 ad
3076 3679 3248 3735 Deum
3290 3689 3473 3734 trans-

1896 3773 2104 3839 ferens,
2150 3771 2379 3827 adduxit
2419 3771 2562 3826 alios
2600 3785 2709 3824 non
2751 3772 2935 3843 lingua
2978 3781 3215 3838 tantum,
3267 3782 3322 3827 et
3354 3787 3472 3826 ma-

1895 3883 2068 3924 nuum
2118 3866 2379 3937 operibus
2410 3866 2779 3930 miraculosis,
2827 3866 2922 3921 sed
2956 3866 3091 3927 vita,
3134 3866 3383 3920 moribus
3420 3872 3469 3919 et

1894 3962 2046 4018 omni
2070 3960 2281 4016 ratione
2306 3968 2367 4013 ut
2394 3959 2446 4014 id
2487 3969 2671 4029 ageret
2701 3959 3070 4014 contendebat
3099 3976 3111 4012 :
3136 3969 3285 4013 recte
3310 3959 3470 4021 dixit,

1896 4062 2173 4122 utcunque
2225 4065 2286 4107 se
2339 4065 2370 4105 a
2420 4048 2640 4105 Christo
2693 4064 2800 4104 non
2859 4052 3151 4118 separavit.
3211 4047 3331 4102 Non
3384 4057 3470 4102 est

1891 4144 2332 4214 vituperandum,
2386 4142 2532 4212 quod
2582 4141 2724 4195 alios
2765 4142 2981 4196 volebat
3032 4141 3350 4207 adducere,
3414 4152 3470 4194 at

1893 4253 2148 4307 separare
2199 4252 2259 4292 se
2305 4237 2540 4290 voluisse
2593 4236 2661 4290 ab
2709 4250 2776 4290 eo
2830 4235 2897 4289 ad
2947 4251 3109 4305 quem
3158 4235 3466 4289 adducebat

1895 4333 2052 4398 alios,
2095 4331 2372 4401 quomodo
2412 4346 2519 4383 non
2565 4328 3073 4398 reprehendendum
3101 4329 3122 4381 ?
3149 4328 3287 4393 Quid
3318 4327 3466 4381 dice-

219 4409 354 4478 μᾷν·
382 4409 442 4461 τὺ
466 4408 523 4460 δέ
561 4409 814 4479 χωρίζειν
849 4412 1039 4466 ἑαυτὸν
1095 4408 1246 4483 ᾧτινι
1292 4420 1566 4490 προσῆγεν
1595 4424 1786 4490 ἄλλους

1899 4437 2016 4475 mus
2042 4399 2213 4491 ergo?
2263 4422 2344 4473 An
2389 4419 2533 4485 quod
2578 4434 2919 4488 nequaquam
2973 4418 3303 4486 separabat?
3354 4431 3464 4472 non

214 4500 313 4553 οὐκ
342 4500 488 4552 ἔστιν
520 4502 593 4572 μὴ
622 4504 897 4573 ἐπιτιμᾷν.
931 4502 996 4556 Τί
1022 4500 1116 4557 οὖν
1152 4522 1365 4574 φαμενς
1416 4510 1447 4581 ἦ
1484 4512 1561 4571 ὡς
1587 4514 1648 4564 ού
1686 4516 1784 4584 μὲν

214 4590 307 4646 οὖν
338 4594 438 4646 οὐκ
471 4592 758 4662 ἐχώριζενς
800 4595 919 4648 οὐδὲ
955 4595 1063 4666 γὰρ
1100 4596 1271 4657 εἷπεν.
1317 4599 1561 4672 Εῦχομαι
1620 4623 1784 4678 χωρι-

216 4682 430 4752 σθῆναι,
457 4684 570 4737 ἀλλ’
599 4687 876 4753 ηὐχόμην
895 4685 972 4739 ἄν
989 4704 1003 4718 ·
1037 4690 1337 4752 τουτέστιν,
1370 4693 1430 4744 Ei
1449 4693 1671 4748 δυνατὸν
1690 4693 1781 4769 ἦν,

213 4777 259 4827 εἰ
297 4775 609 4828 συνέϐαινεν
640 4777 770 4847 θείῳ
800 4777 946 4848 πόθῳ
980 4779 1144 4833 πόθον
1179 4780 1360 4835 ἔνθεον
1396 4786 1746 4860 ἐκνικηθῆναι
1767 4808 1783 4823 ο

212 4866 260 4917 εί
304 4863 442 4934 ἔρως
478 4865 788 4937 θεοπρεπὴς
823 4867 1105 4924 θεσπέσιον
1146 4871 1323 4940 ἔρωτα
1359 4881 1782 4953 παρηυδοκίμει,

213 4955 306 5009 καὶ
336 4958 524 5011 τοῦτον
546 4958 612 5011 ἂν
640 4960 891 5013 ὑπελθεῖν
920 4963 1297 5034 ἠγωνισάμην.
1341 4970 1524 5024 Πάντα
1551 4964 1651 5042 μὲν
1678 4977 1787 5047 γὰρ

214 5049 509 5118 ἐπράττετο
559 5052 775 5123 Παύλῳ,
810 5053 897 5106 ἵνα
926 5055 1169 5121 ἅπαντας
1215 5061 1435 5132 Χριστῷ
1484 5066 1739 5140 οἱκειώσῃ
1766 5085 1781 5098 ο

215 5138 450 5208 μάλιστα
475 5141 533 5193 δέ
570 5144 879 5209 Ἰουδαίους.
914 5140 1075 5201 υῦτοι
1105 5150 1213 5219 γὰρ
1250 5156 1344 5206 καὶ
1375 5161 1660 5224 συγγενεῖς
1692 5138 1785 5214 καὶ

211 5229 395 5300 νόμοις
432 5233 681 5303 ἠγμένοι,
715 5239 810 5291 καὶ
841 5239 975 5309 πρὸς
1012 5240 1104 5305 οὒς
1133 5244 1188 5296 at
1220 5246 1541 5315 ἐπαγγελίαι
1578 5251 1785 5309 ἀνωθεν

208 5320 303 5371 καὶ
332 5320 398 5373 ἐκ
427 5322 680 5392 πατέρων
701 5339 713 5352 ·
748 5327 884 5381 ἀλλὰ
914 5331 1007 5382 καὶ
1028 5331 1140 5383 τῶν
1166 5333 1341 5389 ἄλλων
1377 5338 1536 5393 πλέον
1575 5342 1653 5412 τῷ
1681 5361 1782 5415 κη-

212 5410 449 5482 ρύγματι
471 5415 863 5489 ἀνθεστηκότες
886 5438 900 5453 ·
926 5420 993 5475 δι’
1013 5424 1042 5477 6
1065 5426 1158 5479 καὶ
1179 5428 1208 5479 6
1238 5430 1365 5499 περὶ
1388 5433 1587 5497 αὐτοὺς
1606 5410 1780 5503 ἀγὼν,

1884 4514 2030 4570 enim
2057 4512 2194 4566 dixit
2230 4533 2241 4567 :
2273 4509 2414 4581 Opto
2458 4510 2725 4579 separari,
2767 4509 2862 4564 sed
2896 4518 3155 4576 optarem,
3204 4508 3307 4563 hoc
3357 4515 3461 4571 est,

1884 4609 1928 4664 si
1972 4605 2232 4676 possibile
2279 4612 2446 4665 esset.
2508 4603 2553 4659 si
2608 4603 2975 4697 ﬁerikposset,
3016 4611 3075 4655 ttt
3124 4600 3460 4656 desiderium

1884 4701 2127 4755 divinum
2162 4699 2350 4754 divino
2378 4697 2654 4753 desiderio
2696 4696 3045 4761 vinceretur;
3081 4697 3125 4751 si
3172 4712 3327 4750 amor
3360 4696 3457 4749 de-

1886 4808 2016 4848 cens
2050 4791 2216 4845 Deum
2250 4790 2497 4843 divinum
2538 4802 2776 4842 amorem
2822 4788 3266 4849 transcenderet,
3318 4787 3463 4841 hunc

1885 4901 1987 4957 ego
2016 4896 2076 4939 ut
2104 4885 2343 4941 subirem
2380 4880 2787 4937 contenderem.
2820 4881 3014 4935 Omnia
3048 4882 3192 4934 enim
3224 4879 3459 4934 faciebat

1886 4978 2110 5045 Paulus,
2160 4987 2222 5032 ut
2266 4992 2456 5032 omnes
2502 4976 2722 5031 Christo
2765 4972 3149 5038 lucrifaceret,
3205 4973 3461 5042 inprimis

1885 5070 2125 5127 Iudaeos.
2160 5069 2329 5125 Erant
2375 5069 2451 5124 illi
2495 5067 2703 5135 amnes,
2755 5069 2873 5137 lege
2916 5066 3337 5129 ordinabantur,
3392 5065 3459 5119 ad

1885 5182 1980 5221 eos
2028 5163 2300 5235 promissa
2348 5163 2598 5231 patribus
2648 5164 2715 5215 ab
2764 5160 2925 5215 initio
2978 5168 3302 5227 spectabant
3334 5177 3345 5212 :
3380 5159 3457 5213 illi

1885 5259 2029 5311 ultra
2059 5256 2197 5310 alios
2228 5254 2598 5324 praedicationi
2624 5254 2967 5307 obsistebant
3003 5270 3018 5305 :
3046 5268 3307 5321 quoetrca
3341 5268 3457 5305 ma-

1886 5351 1969 5421 gis
2013 5347 2079 5403 de
2134 5348 2241 5403 illis
2289 5346 2648 5402 laborandum
2706 5354 2763 5400 et
2817 5344 3255 5423 contendendum
3310 5343 3457 5413 fuit;

1891 5440 2142 5512 inprimis
2176 5454 2245 5495 ne
2268 5437 2545 5495 videretur
2567 5438 2653 5494 lex
2684 5438 2890 5507 aliquid
2924 5438 3113 5509 gratia:
3139 5440 3454 5494 communi-

1505 5614 1739 5675 VARl/E
1778 5618 2182 5677 LECTIONES.

286 5681 308 5736 3
347 5680 436 5753 ζον.
475 5685 777 5771 σημαίνων.
821 5689 882 5747 C.
913 5690 962 5749 Μ
1010 5698 1287 5781 σημείων.
