3880 6206
403 264 509 328 659

1552 252 1816 315 PHOTII
1853 248 2356 342 PATRIARCHE
2400 250 2509 308 cr.

3549 245 3659 309 660

404 392 580 441 casse,
616 390 719 430 nec
747 376 959 432 animas
982 377 1049 429 ab
1074 375 1163 429 illa
1200 373 1574 429 informandas
1605 367 1775 426 nihilo
1800 377 1975 435 magis

2099 362 2171 415 ιάὶ
2199 364 2231 433 ἡ
2264 362 2490 433 σπουδὴ,
2522 362 2615 416 καὶ
2640 380 2669 416 ο
2697 361 2875 426 πόνος,
2908 361 3108 433 μᾶλλον
3134 360 3223 415 διὰ
3252 360 3410 414 τοῦτο
3446 360 3536 413 ίνα
3577 364 3657 431 μὴ

405 475 560 537 aptas
599 467 771 530 reddi,
822 477 880 521 ut
926 467 1321 537 promissiones
1353 466 1601 535 patribus
1644 464 1797 518 facta:
1826 461 1975 516 falsae

406 567 750 627 putarentur,
778 575 845 615 ne
873 560 1126 616 Christus
1152 560 1323 630 magis
1349 562 1416 613 ab
1450 559 1517 614 iis
1544 558 1970 627 blasphemetur,

407 664 438 701 a
469 650 672 719 quibus
702 650 878 720 magis
904 650 1166 705 honorari
1194 650 1373 709 debet.
1411 664 1479 703 ne
1505 649 1599 716 qui
1629 644 1976 715 conjunctio-

405 755 496 795 res
525 741 756 795 Domino
797 749 975 805 erant,
1030 742 1083 796 in
1136 754 1482 795 communem
1518 737 1809 792 Dominum
1844 750 1976 790 con-

406 832 1031 902 tumeliosius‘agerent,
1061 834 1180 902 ipse
1212 833 1489 887 videretur
1541 831 1796 885 maxima:
1835 827 1975 898 parti

406 925 943 994 consanguineorum
992 925 1279 980 insultare.
1332 923 1541 977 Taliter
1581 924 1727 977 enim
1774 919 1976 975 Paulus

407 1024 526 1069 erat
551 1017 846 1082 animatus,
903 1027 963 1072 ut
1003 1019 1203 1088 ubique
1253 1018 1307 1071 in
1340 1017 1600 1070 omnibus
1648 1014 1877 1083 gloriam
1923 1020 1978 1066 et

408 1113 615 1167 cultum
648 1112 956 1168 absolutum
996 1110 1105 1165 Deo
1132 1109 1375 1163 debitum
1405 1104 1652 1176 praestari
1692 1104 1849 1159 vellet
1882 1118 1979 1173 per

408 1205 676 1274 seipsum,
703 1219 799 1273 per
847 1216 1017 1273 genus
1045 1215 1227 1263 suum,
1256 1212 1353 1267 per
1376 1205 1587 1266 gentes,
1614 1210 1682 1249 ne
1710 1195 1764 1248 in
1795 1194 1979 1263 aliquo

411 1296 627 1351 deesset
656 1296 993 1365 apostolatus
1039 1293 1125 1347 sui
1161 1291 1452 1354 functioni,
1500 1287 1752 1359 inprimis
1787 1286 1981 1342 inﬁde-

410 1386 537 1441 litas
559 1386 1094 1456 consanguineorum
1124 1384 1279 1438 illum
1315 1382 1455 1436 male
1495 1380 1751 1445 habebat,
1788 1392 1977 1433 eorum

414 1494 581 1534 causa
616 1480 1077 1533 inllammabatur.
1129 1477 1244 1533 Hoc
1275 1476 1524 1530 indicans
1557 1474 1689 1528 dicit
1719 1491 1732 1526 :
1770 1490 1787 1524 ι
1814 1471 1981 1540 Opta-

411 1583 527 1622 rem
573 1582 672 1638 ego
721 1570 1008 1623 anathema
1052 1568 1215 1623 ﬁeri:
1254 1587 1274 1620 ι
1328 1568 1430 1621 boc
1486 1574 1546 1620 ut
1586 1562 1978 1634 pronuntiem,

411 1660 667 1715 stimulus
695 1660 896 1716 amoris
927 1662 1030 1716 mei
1065 1676 1151 1715 me
1172 1670 1435 1731 provocat
1464 1678 1479 1716 :
1514 1660 1819 1715 aﬂ'ectionis
1850 1674 1984 1713 meae

412 1754 631 1808 ﬂamma
658 1755 869 1809 viscera
893 1756 1193 1825 depascens
1225 1754 1298 1809 ita
1319 1768 1407 1808 me
1431 1754 1578 1824 cogit
1598 1752 1939 1822 proclamare
1963 1769 1978 1805 :

413 1860 571 1899 amor
599 1861 725 1916 erga
753 1846 1028 1901 Christum
1060 1859 1214 1899 meus
1238 1844 1531 1914 persuasit,
1569 1851 1628 1896 ut
1658 1844 1709 1897 in
1738 1832 1997 1896 animum

414 1938 669 1993 inducam
711 1938 957 2008 singulos
1014 1938 1116 2007 ipsi
1149 1945 1498 1992 consecratos
1516 1936 1982 2005 dare:optarem,

417 2031 464 2084 si
524 2030 939 2095 concederetur,
1003 2031 1049 2084 si
1108 2029 1315 2092 liceret,
1372 2029 1419 2083 si
1471 2028 1747 2097 apostasia
1803 2027 1985 2097 aliqua

417 2120 676 2175 salutaris
721 2130 886 2187 esset,
921 2136 1042 2190 qua:
1080 2135 1203 2175 cum
1242 2118 1353 2173 Deo
1382 2126 1706 2189 procuraret
1749 2118 1985 2188 conjun-

418 2210 676 2275 ctionem,
723 2210 770 2265 si
807 2226 913 2279 qua
935 2211 1208 2279 separatio
1266 2212 1473 2265 arctius
1524 2211 1887 2279 constringat,
1939 2210 1987 2265 si

420 2316 529 2370 qua
580 2302 840 2357 alienatio
885 2302 1181 2374 perfectius
1225 2302 1384 2357 uniat
1412 2320 1427 2357 :
1460 2318 1587 2357 nam
1638 2318 1739 2373 pro
1781 2302 1988 2357 Christi

421 2396 615 2463 gloria,
652 2403 707 2451 et
736 2397 1127 2451 contribulium
1159 2398 1358 2463 salute,
1394 2412 1463 2452 ne
1492 2397 1598 2452 hoc
1639 2410 1740 2466 ego
1767 2396 1988 2466 quidem

420 2490 916 2558 praetermitterem.
942 2489 1237 2561 Postquam
1265 2500 1415 2549 certe
1450 2509 1714 2560 amorem,
1746 2509 1908 2564 quem
1934 2495 1991 2549 in

421 2582 703 2636 Christum
734 2583 979 2652 gerebat,
1002 2586 1324 2640 omnimodo
1357 2586 1759 2653 manifestarat,
1788 2605 1913 2643 nam
1940 2598 1993 2645 et

422 2673 607 2728 verbis
641 2676 916 2745 expressis
942 2677 1054 2731 ait:
1092 2695 1111 2729 ι
1141 2676 1443 2735 Persuasus
1494 2695 1637 2742 sum,
1668 2699 1687 2732 ι
1727 2681 1801 2736 ita
1845 2681 1992 2738 enim

423 2766 587 2821 ﬁdem
638 2782 733 2836 per
771 2783 937 2838 opera
976 2770 1285 2837 conlirmat,
1346 2789 1365 2822 ι
1407 2772 1552 2841 quod
1594 2788 1770 2842 neque
1841 2788 1991 2828 mors

425 2872 605 2926 neque
651 2857 781 2924 vita,
824 2874 923 2914 nec
972 2861 1311 2931 principatus
1356 2877 1455 2918 nec
1499 2872 1821 2933 potestates,
1894 2881 1996 2921 nec

424 2951 713 3019 praesentia
764 2966 867 3007 nec
919 2954 1120 3018 futura,
1150 2968 1259 3009 non
1311 2955 1543 3010 altitudo
1572 2972 1678 3011 non
1709 2956 1997 3027 profundi—

2073 451 2199 523 δόξῃ
2229 454 2257 505 ὁ
2277 453 2437 523 νόμος
2460 452 2614 506 οὐδὲν
2638 455 2705 525 τῇ
2737 451 2920 524 χάριτι
2952 454 3408 520 συνεισενεγκεῖν,
3436 451 3530 505 καὶ
3554 451 3659 514 τάς

2076 544 2284 598 ἐκεῖθεν
2327 544 2841 615 παιδαγωγηθείσας
2871 544 3071 615 ψυχὰς,
3102 543 3255 597 οὐδὲν
3283 544 3657 614 ἐπιτηδειοτέ-

2078 653 2177 706 ρας
2206 637 2642 708 παρασκευάσαι,
2673 637 2759 690 ίνα
2795 636 2870 707 μὴ
2903 636 3142 706 ψευδεῖς,
3174 639 3221 689 εἰ
3254 637 3349 690 καὶ
3381 637 3560 707 μάτην
3595 638 3655 688 al

2076 726 2214 796 πρὸς
2241 728 2365 788 τοὺς
2394 728 2638 798 πατέρας
2673 726 2997 795 ἐπαγγελίαι
3030 726 3359 796 νομισθῶσιν
3381 740 3396 755 ⁶
3436 727 3525 779 ἵνα
3579 726 3654 797 μὴ

2075 818 2310 885 Χριστὸς
2341 818 2428 887 ὑφ’
2453 812 2528 871 ὧν
2562 818 2669 870 ἔδει
2698 817 2898 888 μᾶλλον
2933 817 3360 888 προσκυνεῖσθαι
3394 857 3411 882 ,
3450 817 3655 888 μᾶλλον

2080 910 2503 981 βλασφημῆταν
2540 911 2625 963 ἵνα
2661 910 2735 981 μὴ
2783 911 2879 963 καὶ
2916 910 3015 979 τῆς
3066 909 3293 979 ἔγγιστα
3334 910 3657 978 συγγενείας

2077 1005 2159 1067 είς
2195 1004 2287 1056 τὸν
2320 1003 2497 1057 κοινὸν
2529 1003 2807 1075 Δεσπότην
2845 1002 3305 1073 ἐμπαροινούσης,
3352 1002 3513 1073 μέρει
3546 1000 3659 1054 τινὶ

2077 1094 2170 1148 τοῦ
2216 1093 2515 1165 προσεχοῦς
2542 1095 2793 1165 αἵματος,
2824 1096 2919 1148 καὶ
2947 1095 3068 1147 τότε
3114 1095 3354 1165 μεγίστῳ
3391 1093 3523 1165 δόξῃ
3561 1092 3661 1146 καὶ

2079 1188 2243 1250 αὐτὸς
2313 1189 2719 1258 ἐμπαροινεῖν..
2766 1185 3001 1257 Τοιαύτη
3061 1185 3172 1256 γὰρ
3232 1181 3299 1256 ἧν
3334 1187 3393 1257 ιη
3440 1185 3661 1257 Παύλου

2079 1280 2223 1351 ψυχή
2248 1297 2261 1309 ·
2292 1280 2381 1334 διὰ
2407 1281 2624 1335 πάντων
2652 1280 2842 1353 ἢθελεν
2867 1280 3087 1351 ὁλοτελῆ
3110 1282 3209 1351 τὴν
3238 1279 3397 1346 δόξαν
3444 1281 3543 1333 καὶ
3563 1280 3664 1351 τὴν

2080 1372 2335 1444 λατρείαν
2379 1374 2751 1445 προσάγεσθαι
2784 1374 2904 1445 Θεῷ
2949 1374 3038 1427 διὰ
3075 1372 3269 1426 ἑαυτοῦ
3294 1390 3307 1404 ·
3334 1373 3423 1425 διὰ
3451 1373 3564 1427 τῶν
3598 1375 3667 1424 ἐκ

2082 1466 2273 1535 γένους
2295 1483 2312 1499 ο
2342 1466 2429 1519 διὰ
2454 1465 2562 1518 τῶν
2584 1456 2753 1518 ἐθνῶν
2773 1482 2788 1497 ·
2817 1465 2988 1518 οὐδενὶ
3029 1465 3186 1536 μέρει
3215 1465 3434 1535 ἐλλειπῆ
3479 1481 3666 1534 παρα-

2086 1557 2283 1627 στῆσαι
2315 1559 2413 1627 τὴν
2455 1558 2556 1627 τῆς
2580 1556 2885 1626 ἀποστολῆς
2938 1557 3104 1611 αὐτοῦ
3138 1557 3412 1610 διακονίαν
3445 1557 3666 1627 ἠνείχε-

2086 1667 2166 1714 το,
2201 1649 2435 1721 μάλιστα
2466 1650 2521 1702 δὲ
2552 1649 2714 1703 αὑτὸν
2743 1651 2777 1720 ἡ
2806 1649 2916 1701 τῶν
2949 1648 3226 1717 συγγενῶν
3253 1649 3379 1718 ἡνία
3410 1648 3664 1708 ἀπιστία,

2088 1741 2182 1793 καὶ
2227 1740 2430 1793 τούτων
2468 1739 2596 1810 πέρι
2642 1739 2857 1792 ἐκαίετο
2878 1751 2926 1793 ιι.
2960 1740 3069 1792 Kal
3117 1739 3276 1791 τοῦτο
3315 1740 3669 1808 παριστάνων

2088 1831 2293 1901 ἔλεγεν,
2332 1849 2350 1882 ι
2380 1831 2637 1901 Ηύχόμην
2657 1832 2818 1893 αὐτὸς
2848 1830 2957 1899 ἐγὼ
2981 1831 3228 1900 ἀνάθεμα
3255 1824 3412 1883 εἶναι.
3449 1849 3467 1880 ι
3510 1829 3671 1882 Οῦτω

2092 1943 2182 1995 με,
2229 1926 2414 1996 φησὶν,
2439 1927 2635 1989 εἰπεῖν,
2664 1924 2758 1978 τοῦ
2784 1924 2951 1977 πόθου
2984 1926 3044 1977 τὸ
3067 1926 3288 1994 κέντρον
3321 1922 3633 1975 συνελαύνει
3654 1938 3670 1953 ·

2091 2016 2263 2079 οὕτως
2283 2018 2315 2087 ή
2338 2016 2437 2085 τῆς
2462 2017 2694 2085 στοργῆς
2720 2015 2849 2084 φλὸξ
2870 2015 2939 2067 τὰ
2962 2015 3241 2084 σπλάγχνα
3264 2014 3674 2083 ἑπιὸοσκομένη

2095 2107 2340 2175 βιάζεται
2385 2108 2747 2178 ἀνακράζεινο
2782 2105 2954 2170 οὕτως
2993 2108 3022 2158 ό
3060 2108 3193 2177 πρὸς
3227 2109 3461 2175 Χριστὸν
3503 2109 3673 2178 ἔρως,

2094 2202 2189 2253 καὶ
2223 2199 2284 2252 τὸ
2316 2198 2567 2252 σπεύδειν
2611 2198 2759 2269 αύτῷ
2790 2198 2998 2262 πάντας
3031 2198 3255 2269 ίερῶσαι
3284 2202 3502 2269 φρονεῖν
3536 2199 3676 2251 ἀνα-

2095 2293 2292 2347 πείθει.
2326 2294 2617 2361 Ηὺχόμην
2658 2291 2755 2355 ἂν,
2788 2292 2836 2343 εί
2871 2291 3164 2362 ἐνεδέχετο,
3213 2293 3260 2345 εί
3302 2291 3581 2363 ἐνεχώρει,
3624 2292 3683 2345 εί

2094 2398 2178 2443 τις
2205 2376 2273 2450 ἦν
2317 2382 2611 2443 ἀπόστασις
2652 2380 2938 2451 σωτήριος,
2982 2379 3116 2433 Θεοῦ
3164 2380 3513 2452 χαριζομένη⁸
3540 2398 3676 2433 συν-

2096 2473 2311 2542 άφειαν,
2339 2472 2391 2525 εί
2422 2490 2504 2535 τις
2544 2472 2820 2543 χωρισμὸς
2870 2473 3105 2526 συνδέων
3177 2472 3552 2544 σφοδρότερον,
3624 2474 3682 2526 εί

2096 2582 2181 2627 τις
2215 2563 2565 2634 ἀλλοτρίωσις
2594 2564 2867 2617 οἰκειοῦσα
2891 2563 3253 2637 τελειότερον·
3280 2565 3399 2618 ούδέ
3425 2566 3535 2637 γὰρ
3554 2565 3680 2619 οὐδὲ

2097 2656 2287 2709 τοῦτον
2333 2656 2431 2725 τῆς
2470 2657 2707 2727 Χριστοῦ
2758 2655 2941 2726 δόξης,
2971 2656 3195 2725 καὶτῆς
3235 2656 3344 2709 τῶν
3384 2657 3679 2728 ὁμοφύλων

2102 2751 2396 2823 σωτηρίας,
2420 2753 2479 2804 ού
2515 2750 2614 2821 μέν
2637 2747 2731 2803 οὖν
2766 2751 2866 2803 ούκ
2902 2750 2968 2804 ἄν
3015 2767 3079 2819 γε
3113 2750 3390 2823 παρῆλθον
3429 2752 3519 2804 τὸν
3545 2753 3679 2824 τρό⁴

2101 2861 2224 2898 πον.
2281 2842 2498 2913 Ἐπειδὴ
2556 2841 2665 2912 γὰρ
2712 2844 2776 2895 ἐκ
2817 2842 2925 2894 τῶν
2970 2841 3138 2895 όντων
3164 2843 3417 2896 ἁπάντων
3455 2842 3552 2913 τὴν
3595 2844 3680 2907 είς

2102 2935 2341 3006 Χριστὸν
2368 2934 2608 3004 ἀγάπην,
2631 2933 2945 2998 ἐπεδείξατο
2964 2951 2978 2965 ·
3012 2952 3031 2985 ‹
3056 2935 3388 3004 Πέπεισμαι,
3430 2953 3449 2987 ι
3478 2935 3679 3003 λέγων,

427 3052 534 3107 tas,
566 3058 674 3098 non
723 3046 927 3115 quaevis
973 3046 1077 3101 alia
1099 3058 1352 3103 creatura
1383 3050 1583 3119 poterit
1614 3065 1700 3104 me
1740 3065 1996 3120 separare

2106 3029 2200 3081 καὶ
2238 3030 2349 3092 τοῖς
2391 3027 2589 3097 λόγοις,
2620 3027 2712 3081 καὶ
2740 3026 2830 3079 διὰ
2858 3027 2968 3080 τῶν
2996 3026 3172 3097 ἐργων
3218 3024 3316 3097 τὴν
3351 3026 3534 3079 πίστιν
3574 3029 3679 3079 ἐπ-

430 3136 502 3190 ab
534 3152 723 3192 amore
748 3138 841 3208 qui
865 3149 949 3195 est
978 3139 1031 3193 in
1062 3138 1280 3195 Christo
1300 3140 1427 3197 Jesu
1451 3143 1683 3197 Domino
1714 3155 1906 3199 nostro
1930 3163 1946 3212 ;
1977 3165 1996 3198 ι

432 3238 729 3299 postquam
780 3230 995 3301 singula
1046 3232 1197 3287 entia
1238 3234 1508 3288 collectim
1551 3234 1906 3290 distribuerat
1945 3236 2001 3291 in

433 3331 641 3390 partes,
670 3336 769 3375 nec
799 3337 1020 3377 cursum
1054 3326 1270 3379 amoris-
1294 3326 1379 3380 sui
1408 3326 1640 3391 stitcrat,
1689 3328 1756 3382 de
1785 3338 2001 3393 caetero,

437 3427 469 3465 a
500 3428 607 3466 non
637 3414 853 3470 cutibus
891 3416 947 3469 in
982 3426 1366 3486 argumentum
1414 3421 1796 3475 tantummodo
1827 3422 2002 3476 addu-

438 3504 565 3569 ctis,
597 3503 762 3559 veluti
794 3505 1088 3561 insatiatus
1116 3507 1338 3577 quidam
1386 3518 1615 3573 amator,
1648 3508 1867 3565 Christo
1904 3513 2007 3566 mi-

437 3609 545 3649 nus
593 3609 652 3650 se
682 3596 894 3652 deferre
942 3599 1265 3665 arbitratur,
1312 3607 1368 3655 et
1409 3615 1532 3655 eum
1568 3600 1837 3656 defeetum
1877 3618 2008 3673 eup-

437 3688 588 3756 plere
645 3692 1001 3756 contendens,
1053 3691 1219 3747 infert
1264 3700 1475 3748 tantum
1526 3710 1637 3748 non
1690 3694 2004 3750 verbatim:

442 3777 616 3847 Ipsam
646 3796 820 3850 spem,
844 3797 1067 3837 cursum
1093 3784 1300 3854 ipsum,
1322 3784 1552 3840 salutem
1578 3786 1751 3855 ipsam
1782 3788 2009 3842 libenter

440 3871 789 3941 deponerem,
846 3876 891 3929 si
953 3875 1178 3931 Christo
1230 3877 1357 3932 hinc
1394 3878 1517 3948 plus
1569 3880 1755 3948 gloriae
1797 3880 2010 3935 accede-

440 3973 550 4027 ret,
583 3974 637 4018 et
671 3967 917 4020 conversi
952 3964 1124 4022 Judaei
1157 3968 1502 4023 salvarentur
1539 3988 1551 4025 :
1579 3971 1694 4025 haec
1724 3978 1778 4024 et
1808 3971 2011 4025 sentire

439 4064 497 4111 et
523 4056 722 4123 dicere,
752 4074 859 4113 non
895 4069 978 4114 est
1008 4076 1037 4114 a
1069 4060 1178 4115 Deo
1212 4062 1508 4130 separatio.
1547 4062 1793 4127 Quonam
1823 4064 2012 4119 enim?

442 4150 626 4219 potius
673 4152 920 4219 quzedam
974 4153 1112 4207 mira
1157 4153 1493 4223 conjunctio,
1544 4162 1600 4210 et
1660 4155 1791 4209 unio
1844 4172 2008 4227 supra

442 4253 692 4296 naturam
719 4245 974 4299 innovata
1010 4263 1023 4299 :
1055 4246 1259 4301 amoris
1288 4262 1416 4317 erga
1448 4246 1639 4313 Deum,
1667 4263 1793 4317 erga
1838 4249 2013 4303 homi-

442 4349 541 4388 nes
599 4336 1044 4406 incomparabilis
1089 4338 1354 4394 exhibitio
1405 4338 1696 4394 manifesta
1744 4356 1758 4393 :
1799 4339 2012 4410 insigne

444 4425 718 4493 quoddam
786 4429 1066 4497 proprium
1122 4428 1294 4483 beata:
1342 4428 1584 4482 ctelcstis
1655 4429 1801 4483 illius
1858 4428 2009 4483 Pauli

445 4518 663 4572 animae.
704 4517 880 4588 Atque
936 4520 1009 4574 ita
1043 4529 1160 4575 esto
1212 4524 1386 4589 prima
1434 4522 1635 4575 solutio
1689 4521 1860 4587 dubii,
1905 4536 2012 4576 non

446 4610 700 4674 multum,
734 4613 809 4666 uti
856 4614 1111 4678 arbitror,
1154 4613 1413 4669 recedens
1458 4615 1527 4668 ab
1557 4614 1805 4684 Apostoli
1846 4630 2010 4669 sensu

446 4714 497 4755 et
528 4706 815 4759 sententia.
839 4706 909 4759 At
940 4721 1063 4760 cum
1096 4705 1248 4759 Pauli
1278 4706 1537 4775 plantatio
1578 4722 1684 4760 non
1716 4707 1786 4761 sit
1821 4707 2015 4761 unius-

448 4796 613 4859 tuodi,
650 4798 741 4851 sed
776 4813 881 4851 non
916 4814 1062 4858 raro,
1095 4797 1283 4852 multis
1309 4806 1363 4851 et
1403 4797 2013 4867 diversisramusculis,

447 4891 706 4951 tanquam
738 4884 807 4938 ab
831 4890 993 4942 unico
1027 4888 1223 4943 litterae
1255 4904 1467 4958 campo,
1509 4904 1767 4943 sensuum
1805 4890 2012 4944 fructus

447 4974 648 5026 maturi
681 4977 1121 5045 progrediantur,
1160 4979 1411 5047 agedum,
1445 4995 1567 5032 cum
1610 4981 1857 5032 oratione
1898 4979 2010 5032 col-

448 5062 739 5118 lectionem
774 5067 1077 5131 fructuum,
1106 5078 1159 5123 et
1197 5071 1376 5143 siquid
1410 5071 1535 5123 inde
1566 5071 1713 5123 aliud
1746 5071 2014 5139 agricola-

451 5153 599 5210 tione
666 5155 888 5226 dignum
938 5170 1268 5227 enascatur,
1328 5161 1697 5214 instituamus.
1754 5159 2016 5215 Videmus

451 5250 703 5315 Paulum,
759 5266 868 5304 non
918 5252 1238 5321 simpliciter
1285 5252 1576 5315 dicentem,
1632 5253 1769 5306 velle
1819 5269 1877 5307 se
1919 5269 2018 5323 pro

454 5337 743 5403 tribulibus
763 5348 899 5412 suis,
927 5358 1214 5418 postquam
1243 5349 1565 5413 crediderat,
1597 5347 1840 5418 separari
1874 5366 1887 5401 :
1919 5349 2022 5401 hoc

453 5451 571 5495 erat
597 5440 740 5494 enim
772 5441 944 5511 magis
974 5443 1251 5510 terribile;
1291 5443 1385 5497 sed
1447 5457 1553 5496 nou
1616 5443 1713 5500 ait.
1777 5440 1847 5495 ab
1910 5441 2018 5495 hoc

456 5542 701 5604 tempore
754 5532 1009 5603 Optarent
1056 5535 1172 5589 ﬁeri
1228 5536 1538 5593 anathema.
1592 5536 1683 5591 sed
1735 5533 2021 5602 Optassem

2105 3122 2275 3189 ἀγων,
2318 3138 2337 3172 ι
2367 3121 2448 3173 ὅτι
2473 3119 2597 3173 οῦτε
2629 3119 2857 3181 θάνατος
2885 3118 3010 3171 οῦτε
3034 3117 3169 3190 ζωὴ,
3200 3118 3324 3172 οὔτε
3357 3120 3523 3189 ἀρχαὶ
3549 3118 3679 3172 οὒτε

2102 3210 2381 3279 δυνάμεις,
2400 3208 2523 3262 οῦτε
2557 3208 2827 3261 ἐνεστῶτα
2864 3205 2990 3259 οὔτε
3010 3206 3289 3276 μέλλοντα,
3312 3203 3438 3258 οῦτε
3477 3204 3683 3274 ὕψωμα

2103 3302 2225 3355 οὔτε
2277 3302 2460 3373 βάθος,
2493 3299 2617 3353 οὕτε
2664 3299 2840 3361 κτίσις
2882 3316 2966 3360 τις
3014 3297 3175 3368 ἑτέρα
3213 3297 3500 3368 δυνήσεται
3533 3298 3686 3366 ἡμᾶς

2105 3394 2337 3466 χωρίσαι
2366 3393 2473 3446 ἀπὸ
2495 3393 2593 3463 τῆς
2622 3392 2845 3461 ἀγάπης
2896 3389 2991 3443 τοῦ
3032 3387 3193 3452 Θεοῦ,
3220 3391 3318 3459 τῆς
3358 3389 3415 3441 ἐν
3460 3387 3686 3461 Χριστῷ

2118 3486 2293 3558 Ἰησοῦ
2321 3487 2399 3559 τῷ
2424 3487 2612 3558 Κυρίῳ
2642 3486 2818 3556 ἡμῶν.
2857 3503 2875 3536 ι
2921 3484 3075 3537 Ἐπεὶ
3107 3480 3201 3536 οὖν
3248 3482 3544 3553 σύμπαντα
3580 3480 3685 3551 μὲν

2104 3578 2175 3633 τὰ
2198 3579 2348 3643 ὄντα,
2377 3579 2470 3631 καὶ
2494 3576 2753 3649 μερίζων,
2785 3576 2880 3628 καὶ
2899 3573 3197 3645 κεφαλαιού
3206 3591 3363 3645 μενος
3382 3572 3683 3643 διεξῆλθεν,

2106 3671 2258 3725 οὔπω
2276 3670 2333 3723 δὲ
2361 3671 2453 3723 τὸν
2478 3670 2569 3723 τοῦ
2599 3668 2764 3721 πόθου
2789 3668 2984 3739 ἔστησε
3006 3667 3226 3738 δρόμον,
3256 3666 3441 3720 λοιπὸν
3464 3666 3565 3738 ήδη
3588 3665 3687 3718 xal

2110 3765 2174 3816 ἐκ
2195 3762 2306 3816 τῶν
2343 3761 2419 3832 μὴ
2448 3761 2617 3814 ὄντων
2649 3762 2747 3831 μὲν
2782 3760 2918 3830 μηδὲ
2946 3759 3271 3829 γεγονότων,
3305 3760 3386 3822 είς
3423 3759 3688 3812 ὑπόθεσιν

2108 3855 2165 3910 δὲ
2192 3853 2792 3926 παραλαμϐανομένων,
2823 3847 2913 3906 οἷά
2941 3868 3028 3913 τις
3054 3852 3215 3923 κόρον
3238 3851 3338 3904 ούκ
3373 3849 3528 3913 εἰδὼς
3555 3854 3689 3921 ἐρα-

2113 3948 2263 4018 στὴς,
2288 3947 2377 4000 ἀεὶ
2411 3945 2469 3999 δὲ
2501 3945 2736 4016 νομίζων
2778 3942 3133 3997 ἐλαττοῦσθαι
3178 3942 3273 3996 τοῦ
3318 3942 3535 4014 χρέους,
3590 3941 3689 3995 καὶ

2110 4040 2171 4093 τὸ
2190 4039 2376 4092 λοιπὸν
2392 4036 2852 4108 προσφιλονεικῶν
2874 4034 3269 4106 ἀναπληρῶσαι
3305 4034 3645 4105 προσεπάγει
3668 4075 3685 4098 ,

2115 4129 2395 4200 μονονουχὶ
2437 4126 2631 4195 λέγων,
2674 4124 2750 4189 ὼς
2802 4124 2913 4178 Καὶ
2937 4121 3106 4193 αὐτὴν
3142 4121 3241 4193 τὴν
3278 4121 3490 4184 ἐλπίδα,
3524 4120 3690 4173 αὐτὸν

2111 4219 2203 4272 τὸν
2248 4219 2447 4289 δρόμον
2472 4257 2487 4283 ,
2516 4218 2685 4287 αὐτὴν
2733 4216 2833 4287 τὴν
2884 4214 3161 4285 σωτηρίαν
3186 4212 3497 4282 κατεθέμην
3524 4210 3612 4274 ἂν,
3639 4211 3690 4262 εί

2115 4311 2349 4383 Χριστὸς
2378 4309 2541 4363 πλέον
2570 4308 2661 4363 διὰ
2690 4308 2792 4378 τῆς
2814 4305 3075 4377 τοιαύτης
3092 4302 3375 4372 ἐδοξάζετο
3411 4303 3688 4374 πράξεως,

2043 4411 2087 4469 D
2116 4405 2211 4457 καὶ
2237 4403 2297 4455 τὸ
2337 4400 2606 4456 Ἰουδαίων
2640 4398 2787 4461 ἔθνος
2813 4396 3146 4466 ἐπιστρέφον
3184 4395 3474 4455 διεσώζετο
3492 4413 3508 4428 ο
3541 4395 3605 4446 τὸ
3630 4394 3689 4446 δὲ

2117 4494 2340 4548 τοιαῦτα
2373 4494 2469 4546 καὶ
2496 4493 2717 4563 φρονεῖν
2780 4490 2873 4543 καὶ¹
2908 4488 3126 4556 λέγειν,
3166 4482 3288 4535 οὔτε
3339 4481 3473 4531 Θεοῦ
3524 4497 3689 4551 χωρι-

2120 4588 2252 4655 σμός
2277 4588 2426 4639 ἐστι’
2458 4583 2656 4649 πόθεν;
2691 4579 2813 4636 οὔτε
2828 4580 3137 4641 διάστασις·
3170 4574 3363 4637 ’ἐνωσις
3400 4571 3456 4625 δὲ
3490 4572 3688 4641 μᾶλλον

2121 4676 2402 4746 θαυμασία
2432 4692 2514 4737 τις
2543 4674 2639 4727 καὶ
2678 4672 2983 4743 ὑπερφυὴς,
3030 4669 3126 4722 καὶ
3173 4662 3689 4735 καινοπρεπεστάτη

2121 4772 2405 4841 συνάφεια,
2442 4771 2535 4822 καὶ
2559 4768 2653 4820 τοῦ
2684 4766 2820 4836 πρὸς
2841 4763 2972 4817 Θεὸν
3006 4762 3102 4815 καὶ
3129 4758 3449 4830 ἀνθρώπους
3473 4760 3693 4825 ἀπαρα-

2119 4865 2320 4933 6λήτου
2349 4848 2570 4932 φίλτρου
2594 4857 2963 4929 ἐναργεστάτη
2982 4852 3350 4925 παράστασις,
3370 4848 3467 4902 καὶ
3499 4847 3690 4917 μόνης,

2118 4962 2193 5025 ὡς
2223 4960 2461 5031 ἀληθῶς,
2490 4959 2588 5026 τῆς
2613 4955 2892 5027 μακαρίας
2914 4951 3129 5019 ἐκείνης
3146 4948 3241 5001 xal
3261 4946 3513 5015 οὐρανίου
3542 4943 3690 4996 Παύι·

2118 5057 2212 5108 λου
2252 5053 2432 5123 ψυχῆς
2475 5050 2911 5120 ἀπαράγραπτον
2958 5042 3268 5113 γνώρισμα.
3318 5037 3458 5091 Ἀλλ’
3504 5037 3537 5105 ή
3596 5035 3693 5103 μὲν

2124 5147 2313 5218 πρώτη
2362 5144 2514 5206 λύσις
2558 5145 2651 5195 τοῦ
2700 5134 3050 5209 ἡπορημένου
3074 5173 3089 5197 ,
3118 5134 3218 5185 οὐκ
3263 5130 3330 5184 ἀν
3362 5125 3517 5198 οἶμαι
3549 5126 3692 5187 λίαν,

2123 5243 2243 5297 οὐδὲ
2266 5241 2365 5310 τῆς
2403 5234 2765 5303 ἀποστολικῆς
2786 5230 2996 5283 ἐκείνου
3036 5225 3257 5295 γνώμης
3280 5223 3469 5295 πόρρω
3496 5220 3665 5272 τεθεω

2130 5336 2361 5408 ρημὲνη,
2384 5330 2625 5397 τοιαύτη.
2644 5326 2805 5382 Ἐπεὶ
2832 5324 2888 5377 δὲ
2904 5324 3004 5375 οὐκ
3026 5320 3172 5372 ἐστιν
3197 5316 3473 5389 μονοειδὴς
3493 5316 3532 5408 ἡ.
3547 5311 3692 5408 Παύ-

2128 5402 2221 5483 λου
2252 5402 2467 5497 φυτεία,
2503 5420 2621 5475 ἀλλ’
2647 5419 2756 5472 ἔσθ’
2796 5418 2886 5469 ὅτε
2920 5408 3297 5480 πολυστέλεχοί
3345 5423 3405 5458 τε
3450 5404 3552 5503 καὶ.
3582 5402 3695 5503 otii-

1763 5647 1990 5703 VARle
2026 5636 2430 5701 LECTIONES.

537 5747 558 5783 ³
580 5746 642 5801 (2.
683 5746 754 5800 .11.
790 5746 1149 5817 περιεκαίετο.
