3880 6206
264 280 367 344 ϐἧί
1228 301 1327 361 AD
1373 302 1967 369 AMPHILOCHIUM
2011 309 2355 381 QUIESTIO
2381 315 2560 377 CXII.
3408 324 3513 387 662

263 389 552 461 νοημάτων
582 392 772 464 ὡραῖοι
806 400 1007 471 καρποὶ
1040 402 1376 474 ἀναφύονται
1402 427 1414 441 ·
1452 411 1607 483 φέρε,
1641 414 1718 485 τῷ
1742 415 1795 468 λό

1978 416 2138 485 tisse;
2164 435 2227 474 ac
2257 421 2301 476 si
2343 422 2587 479 diceret:
2624 423 2794 495 Magis
2835 436 3131 497 optassem,
3169 441 3226 486 ut
3258 434 3303 488 si
3322 451 3418 490 vos
3445 439 3510 493 ad

263 498 347 550 γῳ
395 487 948 558 συνεκκαρπούμεθα,
978 493 1074 547 καὶ
1120 497 1175 549 ετ
1208 515 1258 551 τι
1293 499 1388 553 τοῦ
1427 504 1637 558 ἐκεῖθεν
1657 522 1795 577 γεωρ

263 573 382 597 -.⁸-..
413 572 533 597 ἐπὶ-
567 572 709 597 ιδ-..
778 577 834 597 On
855 596 863 597 κ
884 579 910 592 οι
1306 587 1328 597 -
1448 589 1461 597 .
1554 590 1572 597 -
1706 594 1716 597 Α

1979 510 2381 567 medicationem
2430 516 2843 581 cucurrissetis,
2894 529 2952 573 ιιι
2984 536 3082 592 ego
3113 524 3506 597 aliquantisper

262 573 383 671 γεού
410 572 537 625 ἄλλο
562 572 731 641 ἄξιον.
778 577 1027 649 Ὀρῶμεν
1075 587 1369 657 τοιγαροῦν
1412 589 1505 642 τὸν
1549 572 1794 647 θεσπέσιι

1978 599 2291 657 dhaesissem
2326 604 2519 661 litterre
2550 607 2685 678 legis
2730 607 2783 663 in
2822 572 3054 677 foribus:
3088 621 3142 667 et
3182 572 3286 670 siub
3319 572 3510 674 umbra

264 661 495 726 Παῦλον,
540 664 639 735 οὐχ
684 666 872 731 ἁπλῶς
915 670 1058 726 οὕτω
1108 674 1355 744 λέγοντα,
1390 684 1723 754 κεχωρίσθαι
1749 687 1796 740 θέ

1976 690 2301 760 elituissem,
2349 713 2513 766 quam
2556 708 2618 753 ut
2653 701 2991 769 praeveniens
3028 720 3146 770 vos,
3190 716 3245 760 et
3286 724 3508 763 cursum

260 754 377 806 λειν
405 755 545 827 ὑπὲρ
571 758 677 811 τῶν
709 762 1000 832 ὁμοφύλων
1026 766 1265 837 Χριστοῦ
1285 788 1300 803 ο
1331 773 1455 827 οὐδὲ
1488 777 1626 845 μετὰ
1658 779 1720 831 τὸ
1744 797 1792 832 πι

1979 788 2061 843 dei
2086 802 2308 842 currere
2347 789 2674 859 anticipans,
2705 808 2802 848 vos
2833 796 3009 851 adhuc
3054 796 3289 864 intuear,
3329 799 3511 855 hostili

263 847 484 904 στεῦσαι
504 850 809 908 διίστασθαι
830 874 844 889 ο
868 857 1025 911 τοῦτο
1043 861 1148 933 γὰρ
1168 862 1299 927 ἴσως
1321 868 1415 919 καὶ
1436 867 1795 941 φοὸερώτεροι

1978 880 2122 933 nimo
2152 896 2294 945 esse,
2328 895 2429 936 nec
2454 882 2520 936 ad
2552 884 2781 950 gratiam
2816 889 3235 943 convertendos.
3273 889 3431 945 Certe
3464 894 3510 949 si

260 939 394 1055 οὐδέ⁵
410 941 539 1011 γὰρ,
584 944 717 998 ’Δπό
746 963 810 1013 γε
832 948 926 1002 τοῦ
958 949 1074 1015 νῦν,
1100 955 1288 1024 φησιν,
1322 956 1553 1030 εὔχομαι
1582 939 1792 1029 γενέσθε

1980 973 2209 1028 lrdasset
2267 973 2356 1028 ille
2407 974 2473 1029 ad
2526 976 2674 1031 hunc
2720 979 2966 1046 modum,
3019 997 3127 1036 non
3179 998 3512 1055 magnopere

260 1031 698 1143 άνάθεμαι,οάλλῖ
728 1040 978 1111 ηὐχόμην
1019 1040 1157 1099 εἶναι
1181 1064 1196 1078 ·
1244 1048 1381 1119 ὅπερ
1433 1051 1549 1106 ἴσον
1597 1056 1717 1109 ἐστὶ
1740 1073 1792 1110 τε

2725 1031 2730 1032 ,
3020 1031 3127 1036 _--._
3180 1031 3512 1055 -----,,-.-,.-.-

1980 1063 2249 1129 eiecisset,
2279 1080 2405 1119 nam
2451 1082 2575 1122 cum
2609 1070 2768 1123 multi
2819 1086 2942 1126 eum
2980 1076 3390 1143 praevenissent,
3437 1079 3512 1132 ita

264 1122 444 1232 λέγειν
464 1140 479 1154 ’
497 1126 870 1200 Δίρετώτερον
896 1135 1146 1207 ἡγούμην
1166 1138 1242 1210 τῷ
1261 1142 1499 1212 Χριστοῦ
1520 1146 1796 1217 κηρύγμαπ

2236 1122 2247 1129 γ
2760 1122 2767 1123 ,
2980 1122 3390 1143 ,-w.---.---..-,
3437 1122 3509 1132 .-..

1983 1171 2132 1211 more
2161 1156 2447 1212 tenebatur
2478 1174 2549 1213 ne
2574 1158 2642 1213 ab
2677 1161 2787 1215 ullo
2815 1174 3185 1232 superaretur,
3224 1177 3282 1221 ut
3321 1168 3509 1231 etiam,

260 1216 825 1323 :cpoobabpapqxérwv
855 1225 1009 1295 ὑμῶν
1044 1229 1163 1300 ἐμὲ.
1178 1230 1350 1303 βραχύ
1381 1252 1433 1288 τι
1487 1238 1792 1312 προσδιατρι

1979 1255 2079 1301 cut
2104 1262 2230 1302 cum
2265 1248 2492 1304 veritate
2526 1250 2770 1321 loquitur
2810 1254 2999 1323 libere,
3036 1273 3202 1312 cursu
3253 1267 3307 1313 et
3335 1259 3511 1313 stadio

258 1306 375 1363 δειν
402 1310 481 1363 ἔτι
507 1314 618 1376 τοῖς
646 1314 740 1367 τοῦ
758 1318 984 1387 νομικοῦ
1011 1323 1338 1395 γράμματος
1397 1306 1714 1400 προθύροις,
1740 1306 1790 1386 κε

1979 1348 2164 1396 unctos
2230 1350 2355 1410 post
2394 1356 2454 1396 se
2499 1343 2805 1413 reliquerit.
2862 1346 2939 1401 lta
2998 1349 3225 1404 tarditas
3268 1351 3342 1403 illi
3375 1352 3511 1406 nihil

256 1399 323 1467 τῇ
352 1401 480 1470 σκιᾷ
502 1401 905 1475 ύποκαθῆσθαι,
929 1408 962 1480 ἦ
984 1414 1360 1482 προσλαϐόντα
1384 1420 1482 1471 καὶ
1498 1399 1788 1491 ταχύναντε

1978 1432 2267 1487 tcomtnodi
2316 1432 2471 1499 tulit;
2525 1435 2724 1490 timore
2764 1437 2942 1492 valido
2987 1441 3381 1509 percellebatur
3414 1458 3510 1511 pro

257 1490 350 1604 τὸν
371 1492 463 1545 ἐπὶ
483 1496 549 1565 τῇ
583 1497 764 1551 πίστει
790 1499 990 1571 δρόμον
1020 1504 1163 1575 ὑμᾶς
1185 1506 1359 1573 οὓτως
1387 1511 1520 1582 όρᾷν
1550 1515 1789 1585 πολεμία

2458 1490 2471 1499 ,
2856 1490 2889 1492 η
2918 1490 2933 1492 _
2987 1490 3372 1509 ,_---__-_m__
3414 1490 3507 1511 Γπ

1980 1524 2143 1604 s_qu_i
2171 1526 2241 1604 in
2286 1526 2446 1581 ﬁdem
2486 1538 2644 1582 erant
2678 1530 2755 1583 ita
2786 1533 3036 1595 animati,
3076 1549 3144 1587 ne
3192 1534 3236 1588 si
3266 1550 3361 1604 per
3386 1536 3510 1589 vita:

259 1581 504 1651 ἔχοντας,
534 1589 629 1640 καὶ
658 1593 1070 1664 ἀνεπιστρόφως
1101 1600 1238 1670 πρὸς
1253 1602 1352 1673 τὴν
1380 1581 1559 1674 χάριν.
1593 1581 1699 1661 Καί
1723 1609 1791 1677 γά

2067 1581 2079 1594 ,
2499 1581 2506 1582 κ
2633 1581 2639 1582 γ
3077 1581 3142 1587 --ν
3192 1581 3236 1588 η-
3266 1581 3351 1604 .m-
3399 1581 3510 1589 π--ιν

1980 1595 2438 1672 Ξῗξὶἶοὺάυταιί
2466 1628 2770 1684 manerent,
2805 1631 3061 1676 mternam
3104 1625 3205 1678 sibi
3248 1626 3512 1694 perditio-

258 1676 467 1740 ἐκεῖνος
502 1679 601 1748 μὲν
620 1683 998 1754 ἐμϐραδύνων,
1024 1689 1134 1742 οὐδ’
1172 1691 1343 1758 οὕτως
1385 1695 1451 1748 ἂν
1484 1698 1633 1751 οὐδὲν
1676 1676 1790 1754 ὐστὲ

1977 1723 2054 1761 em
2104 1714 2775 1781 procurarentzpraatulit
2826 1730 2954 1784 ergo
3008 1717 3225 1771 illorum
3277 1719 3509 1773 salutem

260 1782 394 1863 ρησε
424 1769 585 1836 μέγα,
616 1772 751 1825 ὃπου
798 1792 860 1843 γε
908 1778 1003 1830 καὶ
1036 1779 1248 1834 πολλῶν
1313 1788 1792 1859 προκατειληφότω

1362 1788 1827 1859 ροκατειληφότων
1861 1765 1902 1820 Β
1932 1812 2044 1850 sua:
2070 1796 2429 1863 festinationi,
2470 1765 2553 1854 ut‘
2569 1802 2894 1858 salvaretur.

254 1855 417 1966 τίδεῖ
440 1859 1105 1966 ⁸λέγειν,διευλαϐούμενον
1135 1872 1210 1938 ὡς
1254 1875 1464 1939 οὐδενὸς
1490 1855 1808 1951 ὑστέρησεν,
1863 1885 1999 1941 ἀλλὰ
2054 1888 2129 1960 μὴ
2165 1855 2684 1963 παρρησιασάμενον
2743 1855 3143 1966 τὴνάλὴθειαν,
3195 1898 3276 1951 ὃτι
3304 1900 3511 1965 πάντας

349 1951 546 2063 δρόμῳ
573 1958 755 2063 misti}
789 1963 990 2033 σπουδῇ
1036 1965 1410 2038 ύπερήλασενς
1455 1972 1595 2025 Ἀλλ’
1642 1949 1834 2045 ἐκείνῳ
1874 1981 1971 2050 μὲν
2015 1949 2067 2053 ἡ.
2099 1949 2371 2055 βραδύτης
2396 1988 2474 2049 εἰς
2514 1949 2667 2041 οὐδὲν
2717 1949 2934 2061 ἀπηντα
2957 1949 3281 2047 ,δύσκολονλ
3310 1949 3319 1952 ν
3346 1949 3511 2063 φόϐος

253 2044 415 2154 δ’.ἧν
440 2052 499 2104 ού
535 2054 731 2123 μικρὸς
767 2058 1026 2128 περὶτῶν
1052 2060 1192 2114 οὕτω
1223 2065 1407 2129 κακῶς
1431 2068 1522 2121 ἐπὶ
1578 2073 1643 2140 τῇ
1683 2072 1866 2127 πίστει
1902 2076 2284 2149 διακειμένων,
2326 2082 2401 2153 μὴ
2426 2084 2520 2136 καὶ
2567 2083 2654 2136 διὰ
2724 2086 2841 2155 βίου
2887 2086 2985 2157 τὴν
3026 2088 3195 2159 αὐτὴν
3230 2088 3510 2151 νοσοῦντες

254 2140 536 2212 πώρωσιν,
566 2147 785 2200 αἰώνιον
806 2151 989 2216 αὐτοῖς
1011 2154 1102 2205 τὸν
1125 2154 1346 2227 ὄλεθρον
1397 2165 1859 2232 συνεργάσωνται·
1899 2169 1967 2223 δι’

255 2252 350 2307 ρον
375 2237 539 2292 αὐτὸν
572 2240 725 2305 ἐντὸς
746 2243 999 2311 γενέσθαι
1024 2247 1125 2317 τῆς
1152 2251 1445 2321 σωτηρίας.

335 2329 498 2382 Ἀλλά
526 2330 591 2384 σύ
619 2349 682 2402 γε
716 2336 1022 2407 προσέχων,
1055 2339 1187 2412 ὡςή
1238 2342 1355 2397 Θεία
1383 2345 1651 2418 πολλαχοῦ
1690 2351 1833 2422 Γρα-

2010 2353 2480 2409 Considerandum
2529 2365 2633 2422 est,
2676 2358 2821 2426 quod
2858 2357 3041 2412 divina
3093 2359 3375 2430 Scriptura
3415 2378 3511 2432 pro

251 2437 351 2493 φη,
383 2423 476 2476 καὶ
518 2424 639 2478 ἀντὶ
676 2427 976 2494 κακώσεως
1018 2433 1112 2485 καὶ
1155 2436 1429 2506 τιμωρίας
1481 2443 1783 2512 σωματικῆς

1980 2445 2250 2511 ialel'acto,
2282 2455 2337 2501 et
2363 2447 2631 2517 supplicio
2672 2423 2961 2505 anathema
2988 2423 3257 2521 usurpat':
3287 2423 3431 2509 unde
3459 2464 3512 2509 et

254 2514 318 2565 τὸ
353 2515 610 2585 ἀνάθεμα
637 2518 869 2588 τίθησιν,
900 2523 960 2573 οὐ
1012 2526 1268 2593 χαλεπῶς
1315 2529 1536 2582 κάκεῖνο
1582 2535 1776 2603 συνήσε

1985 2537 2073 2590 lnd
2112 2514 2485 2608 cogitandum,
2518 2540 2663 2608 quod
2692 2542 2792 2596 hac
2818 2558 2954 2596 voce
2984 2541 3186 2597 Paulus
3208 2560 3307 2614 pro
3337 2546 3511 2601 salute

248 2603 336 2657 ὅτι
364 2606 435 2658 τὰ
460 2605 568 2660 τῶν
599 2609 927 2681 κακούργων
952 2615 1145 2668 παθεῖν
1169 2619 1195 2670 ὁ
1240 2616 1381 2682 θεῖος
1428 2620 1659 2691 Παῦλος,
1692 2625 1780 2679 ύπὲ

1981 2603 2221 2682 'ibulium
2254 2629 2416 2683 vellet
2467 2630 2757 2699 impiorum
2800 2634 3068 2702 supplicia
3104 2635 3375 2703 tolerare;
3413 2653 3513 2693 nec

248 2694 350 2749 τοῦ
378 2698 650 2753 σεσῶσθαι
675 2702 803 2765 τοὺς
834 2708 1139 2773 συγγενεῖς,
1186 2708 1273 2762 διά
1309 2712 1417 2765 τῶν
1445 2714 1702 2768 τοιούτων
1732 2720 1780 2789 ρι

1986 2717 2277 2787 mpliciter,
2309 2717 2401 2772 sed
2436 2732 2466 2771 a
2496 2694 2718 2773 Christo
2749 2694 2931 2787 judice
2960 2719 3182 2775 inﬂicta.
3227 2720 3340 2776 lloc
3362 2694 3511 2777 enim

256 2790 447 2859 μάτων
474 2790 674 2863 ηὔχετο
697 2810 712 2826 ·
747 2795 843 2849 καὶ
871 2798 969 2869 οὐχ
995 2799 1184 2864 ἁπλῶς
1199 2802 1321 2855 οὐδὲ
1348 2804 1509 2859 τοῦτο
1530 2821 1545 2835 '
1577 2807 1713 2862 ἀλλὰ
1740 2827 1788 2863 κε

1978 2810 2248 2879 Lgnilicare
2282 2817 2484 2879 potest,
2529 2828 2547 2861 ι
2578 2825 2609 2863 a
2640 2809 2880 2873 Christo,
2917 2832 2935 2862 ι
2969 2827 3162 2881 nempe
3189 2815 3510 2868 sententiam

252 2882 363 2934 ἀπὸ
388 2884 628 2952 Χριστοῦ
655 2885 971 2953 δικάζοντος
995 2906 1010 2921 ·
1046 2890 1206 2944 τοῦτο
1241 2895 1349 2966 γὰρ
1373 2895 1439 2949 ἂν
1464 2899 1547 2969 είη
1575 2899 1636 2952 τὸ
1672 2920 1690 2953 ι
1728 2902 1784 2960 ἀτ

1984 2898 2327 2952 renuntiante
2355 2898 2673 2967 punitivam.
2714 2898 2810 2953 Est
2849 2900 2953 2955 hoc
2984 2900 3134 2954 dictu
3169 2918 3426 2971 magnum
3460 2913 3516 2957 et

254 2975 496 3046 Χριστοῦ
521 2992 536 3009 ·
584 2996 603 3030 ι
644 2980 739 3032 καὶ
763 2980 865 3052 τὴν
883 2982 1124 3053 τιμωρὸν
1149 2984 1402 3053 ἀφιέντος
1436 2990 1636 3059 ψῆφον.
1658 2992 1786 3045 Τοῦτ

254 3066 309 3093 ω.
343 3066 482 3093 ηιμ-
523 3068 620 3093 ..ιη
652 3071 743 3093 --Α
787 3071 1007 3093 omni-
1040 3091 1051 3093 Α
1084 3091 1116 3093 ,_
1204 3077 1227 3088 η
1343 3079 1355 3093 .
1467 3079 1489 3093 ..
1612 3083 1663 3093 .-
1751 3086 1762 3093 .

1983 2989 2134 3043 uirum
2170 3000 2339 3056 certe,
2386 2989 2478 3043 sed
2515 2989 2723 3043 nullam
2753 2990 3070 3045 subinducit
3116 3008 3143 3045 a
3173 2992 3377 3047 Christi
3418 2995 3515 3048 de-

252 3066 310 3117 δὲ
342 3066 485 3137 μέγα
521 3068 620 3138 μὲν
652 3071 748 3124 καὶ
786 3071 1119 3143 θαυμάσιον*
1149 3077 1270 3141 πῶς
1294 3079 1404 3152 γὰρ
1433 3079 1494 3133 οὐ
1527 3099 1540 3148 ;
1573 3083 1784 3153 οὐδεμία

1986 3078 2140 3133 derio
2160 3078 2246 3133 vel
2269 3079 2659 3150 conjunctione
2684 3082 3107 3150 separationem,
3134 3098 3233 3138 nec
3262 3086 3517 3154 superius

255 3156 314 3211 δὲ
341 3158 437 3211 τοῦ
462 3159 600 3230 πρὸς
627 3162 864 3233 Χριστὸν
895 3165 1065 3219 πόθου
1092 3167 1125 3239 ἢ
1164 3169 1263 3239 τῆς
1291 3174 1589 3242 συναφείας
1612 3174 1787 3230 διάστε

1986 3170 2237 3224 )sitarnm
2290 3170 2701 3226 dubitationum
2762 3173 3005 3243 aliquam
3055 3173 3324 3242 admittit;
3382 3175 3518 3229 velle

260 3264 350 3339 σιν
384 3252 720 3321 συνεισάγει,
747 3255 869 3311 οὐδέ
896 3274 1018 3312 τινα
1067 3260 1302 3331 πάροδον
1340 3268 1463 3323 ταῖς
1496 3267 1703 3322 ἄνωθεν
1727 3274 1792 3339 ἀφ

1984 3261 2081 3315 ιὶιιι
2117 3263 2413 3330 quemlibet
2463 3273 2707 3320 extrema
2741 3281 2972 3335 quaeque
3024 3267 3078 3320 in
3134 3280 3370 3337 corpore
3418 3283 3516 3321 suo

263 3335 409 3407 ίησιν
464 3340 741 3412 ἀπορίαις.
789 3345 926 3399 Οὐδὲ
971 3347 1082 3419 γάρ
1120 3349 1259 3421 οὐδὲν
1290 3351 1354 3405 τὸ
1381 3353 1671 3423 βούλεσθαί
1716 3335 1795 3411 τιν

1985 3355 2048 3407 ati
2089 3369 2188 3423 pro
2235 3355 2413 3409 salute
2465 3356 2724 3422 aliorum,
2781 3372 2891 3410 non
2942 3357 3304 3412 minutionem
3347 3356 3517 3411 divini

262 3432 405 3503 ὑπὲρ
432 3432 531 3504 τῆς
571 3435 776 3507 ἑτέρων
835 3442 1114 3511 σωτηρίας
1142 3446 1210 3498 τὰ
1258 3445 1462 3517 ἔσχατα
1504 3448 1583 3519 τῷ
1623 3448 1794 3520 σῶμα·

1987 3442 2165 3499 fectus
2224 3454 2505 3515 operatur,
2561 3447 2686 3500 licet
2734 3462 2764 3501 a
2821 3447 2977 3501 caelis
3044 3447 3337 3517 inlligatur,
3387 3448 3519 3516 quin

260 3524 513 3594 πάσχειν,
570 3527 675 3580 κᾶν
736 3528 942 3583 ἄνωθεν
979 3532 1114 3604 ἕλκῃ
1166 3534 1266 3605 τὴν
1319 3538 1520 3607 κρίσιν,
1543 3539 1785 3594 ἐλάττωσ

1986 3540 2124 3593 otius
2154 3526 2409 3611 adauget.
2441 3539 2656 3595 Dedidit
2679 3557 2738 3595 se
2763 3543 3023 3609 quocirca
3047 3542 3268 3597 divinus
3293 3542 3518 3605 Paulus,

260 3633 379 3669 τινα
429 3617 530 3689 τῆς
567 3620 717 3684 θείας
754 3625 1012 3695 στοργῆς,
1069 3627 1155 3680 ἵνα
1188 3628 1263 3699 μὴ
1310 3629 1453 3699 λέγω
1492 3633 1729 3702 μάλιστα
1764 3635 1792 3687 (Ι

1986 3637 1995 3681 L
2025 3630 2232 3697 optavit
2263 3630 2449 3697 gravia
2478 3638 2533 3683 et
2558 3628 2929 3685 insull'erenda
2965 3632 3229 3702 supplicia
3253 3632 3518 3701 perferre,

261 3710 355 3762 xui.
398 3711 724 3785 συναύξησιν
739 3715 973 3785 εἰσάγει.
1004 3717 1207 3773 Ἐδίδου
1229 3721 1407 3775 τοίνυν
1436 3724 1629 3777 ἐαυτὸν
1648 3726 1674 3777 ὁ
1695 3725 1793 3778 θεῖε

1988 3767 1990 3772 λ
2049 3720 2258 3774 videret
2317 3736 2448 3775 suos
2504 3722 2863 3787 contribules,
2916 3724 3201 3788 invidiam,
3269 3724 3520 3779 hostilem

264 3801 495 3866 Παῦλος,
534 3806 628 3858 καὶ
656 3804 855 3877 ηὔχετο
883 3812 1110 3879 πικραῖς
1140 3811 1400 3867 ὑπελθεῖν
1448 3815 1543 3868 καὶ
1597 3816 1796 3887 βαρείαι

1991 3812 2188 3866 nimum
2233 3812 2287 3867 in
2317 3811 2599 3869 Christum
2633 3814 2931 3885 deponere,
2965 3818 3009 3873 si
3041 3833 3204 3889 grave
3238 3828 3291 3873 et
3328 3818 3523 3872 intole-

263 3897 578 3965 τιμωρίαις,
619 3900 668 3951 εί
697 3900 859 3971 μόνον
891 3904 1017 3965 τοὺς
1052 3906 1359 3975 ὁμοφύλους
1407 3908 1530 3974 ίδοι,
1566 3910 1657 3964 τὸν
1701 3929 1795 3964 κατ

1991 3904 2113 3959 tbile
2149 3904 2283 3976 legis
2319 3920 2460 3960 onus
2488 3917 2766 3972 excutere,
2793 3918 2846 3962 et
2874 3910 2981 3963 sub
3018 3910 3223 3977 Christi
3256 3920 3310 3965 et
3336 3911 3523 3980 gratize

266 3986 501 4056 Χριστοῦ
549 3989 744 4057 φθόνον
783 3993 880 4046 καὶ
912 3994 1149 4066 πόλεμον
1194 3997 1624 4070 καταθεμένους,
1654 4002 1750 4054 καὶ
1784 4021 1798 4053 1

1988 3994 2100 4049 lavi
2126 4004 2180 4050 et
2208 3996 2311 4050 levi
2333 3995 2465 4067 jugo
2501 3998 2731 4066 positos.
2767 3998 3059 4069 Reliquum
3099 4011 3181 4057 est
3212 4002 3520 4072 despicere,

268 4077 407 4151 βαρὺ
439 4080 534 4134 τοῦ
564 4083 730 4154 νόμου
764 4087 860 4139 καὶ
890 4087 1122 4142 παλαιὸν
1150 4089 1315 4160 ἄχθος
1344 4091 1800 4164 ἀποσεισαμένους

1988 4086 2090 4141 uod
2124 4087 2170 4141 si
2206 4087 2349 4156 quis,
2394 4089 2489 4158 qui
2529 4090 2666 4143 nihil
2708 4106 2737 4144 a
2769 4093 2992 4163 scriptis
3023 4093 3260 4147 alienum
3298 4095 3520 4165 cogitat,

267 4171 372 4224 ὑπὸ
403 4172 494 4225 τὸν
524 4175 758 4246 χρηστὸν
786 4178 882 4248 τῆς
910 4179 1130 4249 χάριτος
1162 4184 1257 4236 καὶ
1287 4182 1524 4254 ἐλαφρὸν
1548 4183 1715 4254 ζυγὸν
1747 4203 1799 4253 γε

1992 4195 2061 4233 »εει
2097 4188 2277 4233 autem
2312 4195 2406 4249 per
2431 4196 2510 4244 se,
2544 4182 2664 4236 sine
2696 4183 2806 4237 ulla
2829 4185 3326 4240 circumlocutione
3354 4187 3524 4240 inter-

265 4264 622 4333 γενημένους.
668 4268 991 4324 ’Υπόλοιπον
1061 4272 1118 4326 δὲ
1164 4274 1270 4327 τῶν
1324 4277 1637 4347 είρημένων
1693 4279 1797 4332 ἔστι

1962 4281 2190 4340 ιιοῑιιιιε,
2216 4273 2430 4328 sincero
2446 4274 2675 4343 judicio,
2709 4278 2794 4331 vel
2827 4279 3126 4333 secundum
3177 4280 3356 4348 ipsum
3384 4278 3494 4333 Pan

272 4356 421 4422 ἰδεῖν,
453 4357 529 4423 ὡς
563 4360 616 4412 εί
646 4379 731 4425 τις
759 4364 855 4416 καὶ
886 4365 1055 4434 μηδὲν
1079 4364 1278 4430 ἔξωθεν
1301 4368 1410 4421 τῶν
1432 4370 1804 4442 γεγραμμένω

2000 4380 2052 4418 ιιι
2071 4365 2363 4434 spirituali,
2382 4368 2709 4421 sententiam
2730 4368 2888 4435 ferat,
2910 4384 2976 4423 ne
2992 4370 3071 4424 sic
3088 4371 3303 4439 quidem
3321 4370 3524 4439 aliquid

269 4448 735 4522 ἐπιλογιζόμενος,
767 4456 904 4508 αὐτὰ
922 4456 980 4509 δὲ
1007 4457 1128 4511 καθ’
1163 4461 1352 4523 ἑαυτὰ,
1382 4462 1475 4516 καὶ
1503 4464 1673 4533 χωρίς
1698 4482 1801 4518 τινι

1993 4456 2301 4512 ιειιιεῑιιιιίιο
2348 4469 2623 4514 occurret.
2663 4459 2734 4514 Ut
2764 4464 3011 4515 omittam
3060 4464 3376 4532 prazclaram
3430 4480 3525 4533 pa-

270 4543 551 4610 περινοίας
584 4545 1001 4617 μετερχόμενος,
1029 4551 1315 4622 ἁδεκάστῳ
1344 4554 1526 4624 κρίσει
1554 4555 1650 4609 καὶ
1684 4574 1802 4610 πνει

1992 4547 2202 4602 'iarchaa
2222 4561 2450 4602 uxorem
2472 4546 2796 4613 Rebeccam,
2818 4550 3167 4603 maledictum
3194 4551 3524 4604 horrendum

2037 2171 2065 2225 ὃ
2097 2173 2196 2245 τὴν
2251 2176 2475 2231 ἐκείνων
2523 2180 2767 2250 προτιμᾷ
2814 2180 3086 2252 σωτηρίαν
3132 2182 3226 2236 τοῦ
3282 2184 3510 2253 ταχύτε-

274 4638 561 4702 ματικαϊς,
592 4640 710 4690 κατ’
747 4639 910 4693 αὐτὸν
950 4643 1157 4695 ἐκεῖνον
1202 4647 1378 4697 εἰπεῖν
1414 4647 1505 4700 τὸν
1524 4647 1806 4701 θεσπέσιον

1998 4660 2008 4694 ι
2035 4653 2094 4695 se
2124 4639 2566 4704 transferentem,
2601 4648 2659 4694 ut
2682 4640 2852 4693 lilium
2890 4641 3172 4696 induceret
3201 4642 3267 4695 ad
3294 4654 3530 4711 paterna:

272 4725 621 4800 ἀνακρίσεσι,
654 4730 756 4799 τὴν
791 4734 920 4802 περὶ
954 4732 1136 4785 αὐτῶν
1174 4737 1459 4807 ἐπιτρέψοι
1506 4736 1705 4809 ψῆφον,
1738 4741 1804 4793 οὐι

1994 4732 2346 4787 enedictionis
2389 4741 2591 4787 sortem
2635 4740 2751 4787 arte
2772 4735 3051 4802 quadam;
3117 4733 3296 4789 Moses
3355 4743 3526 4800 certe,

273 4817 443 4883 οὕτως
468 4820 622 4874 οὐδὲν
645 4822 904 4894 δυσχερὲς
932 4824 965 4896 ἦ
993 4825 1104 4879 τῶν
1133 4827 1359 4899 ἀπόρων
1399 4830 1685 4899 ἐπόψεται.
1728 4832 1805 4885 Ἰν

1998 4828 2044 4881 ni
2089 4825 2261 4880 Deum
2314 4825 2470 4889 vidit,
2519 4825 2709 4880 eadem
2764 4825 2957 4880 iisdem
3010 4842 3150 4895 pene
3198 4827 3381 4881 verbis
3431 4842 3530 4896 pro

274 4912 381 4982 γὰρ
412 4912 510 4985 τὴν
537 4914 630 4969 τοῦ
648 4918 985 4989 πατριάρχου
1004 4920 1319 4991 θαυμασίαν
1352 4923 1498 4977 ἐάσω
1527 4922 1806 4976 Ῥεϐέκκαπ

2000 4918 2151 4972 idecis
2192 4917 2542 4986 loquebatur,
2596 4926 2649 4971 et
2700 4917 2773 4971 ita
2825 4931 3017 4971 omnes
3067 4927 3255 4971 contra
3284 4918 3528 4986 Aposwli

278 5004 512 5076 φοϐεράν
537 5007 676 5076 ἀρὰν
710 5011 793 5078 ἐφ’
824 5010 1022 5083 ἑαυτὴν
1047 5012 1334 5077 ἕλκουσαν,
1356 5014 1429 5076 ὼς
1458 5015 1525 5067 ἂν
1554 5014 1645 5069 τὸν
1678 5017 1810 5071 παῖδ

2003 5009 2116 5061 :rha
2143 5008 2517 5063 dubitationes
2542 5008 2769 5079 injectas
2800 5009 3051 5063 dissolvit
3081 5008 3322 5062 abunde.
3353 5009 3535 5076 lnquit

278 5099 439 5171 πείσῃ
473 5100 749 5170 πατρικῆς
795 5102 1045 5171 εὐλογίας
1081 5104 1248 5177 τέχνῃ
1286 5106 1377 5158 τὸν
1402 5106 1606 5179 κλῆρον
1640 5107 1810 5162 ὶδιὼσς

2000 5108 2154 5162 item,
2214 5118 2233 5151 ‹
2266 5099 2325 5154 Si
2372 5101 2642 5166 remittes,
2681 5102 2896 5155 remitte
2938 5100 3088 5155 illis:
3125 5119 3145 5152 ι
3193 5101 3281 5154 sin
3330 5102 3532 5163 minus,

280 5189 419 5246 σθαι.
468 5191 605 5244 Ἀλλ’
638 5193 733 5262 ὅγε
754 5195 959 5263 Μωσῆς
984 5198 1012 5248 ὁ
1040 5194 1275 5267 θεόπτης
1293 5197 1362 5250 τὰ
1380 5199 1522 5252 αὐτά
1541 5200 1682 5271 ὑπὲρ
1718 5201 1812 5254 Ἰου

2008 5208 2097 5247 me
2142 5193 2296 5259 dele;
2329 5212 2347 5245 ι
2402 5196 2548 5249 unde
2598 5196 2820 5249 autem?
2873 5205 3018 5250 certe
3074 5209 3379 5264 congenera
3431 5192 3535 5247 fuit

279 5278 438 5336 δαίων
495 5284 695 5355 μικροῦ
744 5286 836 5339 καὶ
866 5285 1046 5350 λέξεσι
1087 5288 1695 5361 προαναφθεγξάμενος,
1729 5293 1811 5344 πῶ

2003 5286 2160 5355 .oysis
2213 5286 2397 5341 anima
2442 5287 2619 5354 Pauli,
2676 5307 2693 5338 ι
2724 5303 2754 5341 e
2798 5287 2940 5342 libro
2986 5288 3131 5340 vitaz.
3186 5306 3203 5338 ι
3234 5286 3372 5351 Quid
3431 5288 3535 5339 hoc

281 5375 379 5427 οὐκ
408 5376 529 5429 ἀντὶ
556 5377 775 5430 πάντων
808 5380 1045 5451 ἀρκήσει
1074 5389 1104 5421 τ
1131 5380 1231 5444 τὰς
1270 5383 1680 5455 ἐπιφερομένας
1712 5385 1813 5437 ἀπε

2003 5378 2105 5431 iud
2135 5388 2239 5443 est,
2272 5395 2460 5448 quam,
2495 5380 2550 5435 Si
2577 5380 2715 5435 meis
2760 5379 3160 5434 contribulibns
3190 5394 3294 5432 nec
3319 5377 3535 5431 veniam

288 5465 404 5533 ρίας
429 5466 538 5520 τῶν
562 5467 656 5521 τοῦ
684 5468 1011 5523 Ἀποστόλου
1048 5474 1311 5542 ῥημάτων
1341 5473 1809 5545 προδιαλύσασθοιι

2005 5471 2304 5539 idulgebis,
2334 5489 2435 5530 nec
2460 5475 2556 5529 tibi
2589 5475 2711 5530 illos
2743 5472 2992 5536 adunies,
3043 5490 3062 5524 ι
3091 5487 3279 5542 separa
3310 5480 3362 5524 et
3393 5485 3481 5524 me
3506 5485 3537 5523 a

285 5556 346 5608 Τί
366 5559 471 5629 γάρ
506 5577 715 5629 φησιν;
754 5580 772 5613 ι
812 5564 875 5616 Εἰ
908 5564 1008 5633 μὲν
1036 5566 1193 5633 ἀφεὶς
1223 5567 1423 5630 αὐτοὺς
1468 5568 1624 5636 ἄφες,
1666 5586 1685 5620 ι
1725 5566 1817 5620 εἱὸ

2005 5571 2093 5625 ι’ἓ»
2145 5582 2254 5628 tam
2300 5570 2517 5626 sincero
2556 5566 2752 5621 affectu
2803 5566 2859 5619 in
2902 5564 3169 5634 sanguine
3216 5562 3537 5631 conjunctns

294 5648 385 5719 μὴ,
408 5668 427 5700 ι
453 5649 733 5722 ἔξάλειψον
751 5654 892 5723 κάμέ
915 5671 928 5686 ·
960 5674 979 5707 ι
1005 5656 1140 5713 ἀλλὰ
1162 5657 1327 5714 πόθεν
1348 5675 1363 5726 ;
1393 5659 1561 5724 ὅντως
1578 5658 1826 5731 συγγενὴς

2003 5663 2236 5721 :rebatur
2291 5663 2393 5731 Qui
2417 5662 2483 5717 de
2518 5660 2659 5715 libro
2689 5656 2919 5723 deletur,
2950 5656 3219 5728 judicium
3252 5654 3355 5710 sub
3378 5652 3447 5709 sit
3474 5667 3535 5706 ru

392 5752 420 5785 “¹
443 5742 578 5806 C.M.
613 5744 855 5818 ἀρκέσει.
