  <div class='ocr_page' id='page_1' title='image "/cluster/home/n/w/nwhite01/storage/ocr_20150623/101/hvd.32044018872879/355.png"; bbox 0 0 3880 6206; ppageno 0'>
   <div class='ocr_carea' id='block_1_1' title="bbox 371 264 478 327">
    <p class='ocr_par' dir='ltr' id='par_1_1' title="bbox 371 264 478 327">
     <span class='ocr_line' id='line_1_1' title="bbox 371 264 478 327; baseline 0.047 -4"><span class='ocrx_word' id='word_1_1' title='bbox 371 264 478 327; x_wconf 82' lang='lat'><strong>663</strong></span> 
     </span>
    </p>
   </div>
   <div class='ocr_carea' id='block_1_2' title="bbox 1521 270 2463 338">
    <p class='ocr_par' dir='ltr' id='par_1_2' title="bbox 1521 270 2463 338">
     <span class='ocr_line' id='line_1_2' title="bbox 1521 270 2463 338; baseline 0.007 -7"><span class='ocrx_word' id='word_1_2' title='bbox 1521 270 1784 334; x_wconf 84' lang='lat' dir='ltr'><strong>PHOTII</strong></span> <span class='ocrx_word' id='word_1_3' title='bbox 1821 273 2328 337; x_wconf 74' lang='lat' dir='ltr'><strong>PATRIARCH/E</strong></span> <span class='ocrx_word' id='word_1_4' title='bbox 2355 278 2463 338; x_wconf 67' lang='grc' dir='ltr'><strong>ΕΡ.</strong></span> 
     </span>
    </p>
   </div>
   <div class='ocr_carea' id='block_1_3' title="bbox 3509 277 3618 341">
    <p class='ocr_par' dir='ltr' id='par_1_3' title="bbox 3509 277 3618 341">
     <span class='ocr_line' id='line_1_3' title="bbox 3509 277 3618 341; baseline -0.009 0"><span class='ocrx_word' id='word_1_5' title='bbox 3509 277 3618 341; x_wconf 66' lang='grc'>664</span> 
     </span>
    </p>
   </div>
   <div class='ocr_carea' id='block_1_4' title="bbox 373 366 1948 459">
    <p class='ocr_par' dir='ltr' id='par_1_4' title="bbox 373 366 1948 439">
     <span class='ocr_line' id='line_1_4' title="bbox 373 366 1948 439; baseline 0.007 -17"><span class='ocrx_word' id='word_1_6' title='bbox 373 367 674 439; x_wconf 81' lang='lat' dir='ltr'><strong>parationis</strong></span> <span class='ocrx_word' id='word_1_7' title='bbox 718 381 749 422; x_wconf 89' lang='lat' dir='ltr'><strong>a</strong></span> <span class='ocrx_word' id='word_1_8' title='bbox 792 366 925 421; x_wconf 91' lang='lat' dir='ltr'><strong>Deo.</strong></span> <span class='ocrx_word' id='word_1_9' title='bbox 966 367 1076 423; x_wconf 86' lang='lat' dir='ltr'><strong>Nec</strong></span> <span class='ocrx_word' id='word_1_10' title='bbox 1123 367 1369 436; x_wconf 74' lang='lat' dir='ltr'><strong>interest,</strong></span> <span class='ocrx_word' id='word_1_11' title='bbox 1405 372 1675 433; x_wconf 79' lang='lat' dir='ltr'><strong>dixeritne</strong></span> <span class='ocrx_word' id='word_1_12' title='bbox 1716 395 1731 432; x_wconf 89' lang='lat'><strong>:</strong></span> <span class='ocrx_word' id='word_1_13' title='bbox 1773 398 1791 430; x_wconf 78' lang='grc' dir='ltr'><strong>ε</strong></span> <span class='ocrx_word' id='word_1_14' title='bbox 1828 380 1948 437; x_wconf 84' lang='lat' dir='ltr'><strong>Dele</strong></span> 
     </span>
    </p>
   </div>
   <div class='ocr_carea' id='block_1_5' title="bbox 2054 366 3620 459">
    <p class='ocr_par' dir='ltr' id='par_1_5' title="bbox 2054 376 3620 459">
     <span class='ocr_line' id='line_1_5' title="bbox 2054 376 3620 459; baseline 0.011 -24"><span class='ocrx_word' id='word_1_15' title='bbox 2054 376 2122 450; x_wconf 81' lang='grc' dir='ltr'><strong>ῆν</strong></span> <span class='ocrx_word' id='word_1_16' title='bbox 2153 385 2185 453; x_wconf 79' lang='grc' dir='ltr'>ἡ</span> <span class='ocrx_word' id='word_1_17' title='bbox 2224 386 2471 448; x_wconf 82' lang='grc' dir='ltr'><strong>Μωσέως</strong></span> <span class='ocrx_word' id='word_1_18' title='bbox 2524 385 2669 456; x_wconf 78' lang='grc' dir='ltr'>ψυχὴ</span> <span class='ocrx_word' id='word_1_19' title='bbox 2721 386 2820 455; x_wconf 80' lang='grc' dir='ltr'><strong>τῆς</strong></span> <span class='ocrx_word' id='word_1_20' title='bbox 2853 386 3072 441; x_wconf 83' lang='grc' dir='ltr'><strong>Παύλου</strong></span> <span class='ocrx_word' id='word_1_21' title='bbox 3102 389 3280 459; x_wconf 74' lang='grc' dir='ltr'>ψυχῆς</span> <span class='ocrx_word' id='word_1_22' title='bbox 3304 405 3317 417; x_wconf 92' lang='grc'><strong>·</strong></span> <span class='ocrx_word' id='word_1_23' title='bbox 3347 408 3366 440; x_wconf 74' lang='grc' dir='ltr'>σ</span> <span class='ocrx_word' id='word_1_24' title='bbox 3402 390 3499 443; x_wconf 81' lang='grc' dir='ltr'><strong>Ἐκ</strong></span> <span class='ocrx_word' id='word_1_25' title='bbox 3520 391 3620 456; x_wconf 74' lang='grc' dir='ltr'><strong>τῆς</strong></span> 
     </span>
    </p>
   </div>
   <div class='ocr_carea' id='block_1_6' title="bbox 376 457 1951 529">
    <p class='ocr_par' dir='ltr' id='par_1_6' title="bbox 376 457 1951 529">
     <span class='ocr_line' id='line_1_6' title="bbox 376 457 1951 529; baseline 0.007 -15"><span class='ocrx_word' id='word_1_26' title='bbox 376 476 464 514; x_wconf 89' lang='lat' dir='ltr'><strong>me</strong></span> <span class='ocrx_word' id='word_1_27' title='bbox 490 459 555 514; x_wconf 91' lang='lat' dir='ltr'><strong>de</strong></span> <span class='ocrx_word' id='word_1_28' title='bbox 579 457 718 512; x_wconf 87' lang='lat' dir='ltr'><strong>libro</strong></span> <span class='ocrx_word' id='word_1_29' title='bbox 741 459 884 523; x_wconf 66' lang='lat' dir='ltr'><strong>vitae,</strong></span> <span class='ocrx_word' id='word_1_30' title='bbox 928 477 945 509; x_wconf 76' lang='grc' dir='ltr'><strong>ι</strong></span> <span class='ocrx_word' id='word_1_31' title='bbox 987 472 1043 514; x_wconf 85' lang='lat' dir='ltr'><strong>et.</strong></span> <span class='ocrx_word' id='word_1_32' title='bbox 1080 477 1099 510; x_wconf 78' lang='grc' dir='ltr'><strong>ι</strong></span> <span class='ocrx_word' id='word_1_33' title='bbox 1128 476 1321 529; x_wconf 86' lang='lat' dir='ltr'><strong>separa</strong></span> <span class='ocrx_word' id='word_1_34' title='bbox 1359 479 1445 518; x_wconf 79' lang='lat' dir='ltr'><strong>me</strong></span> <span class='ocrx_word' id='word_1_35' title='bbox 1478 475 1607 521; x_wconf 90' lang='lat' dir='ltr'><strong>ate.</strong></span> <span class='ocrx_word' id='word_1_36' title='bbox 1643 487 1660 521; x_wconf 75' lang='grc' dir='ltr'><strong>ι</strong></span> <span class='ocrx_word' id='word_1_37' title='bbox 1700 469 1951 524; x_wconf 86' lang='lat' dir='ltr'><strong>Libertas</strong></span> 
     </span>
    </p>
   </div>
   <div class='ocr_carea' id='block_1_7' title="bbox 377 548 1953 626">
    <p class='ocr_par' dir='ltr' id='par_1_7' title="bbox 377 548 1953 626">
     <span class='ocr_line' id='line_1_7' title="bbox 377 548 1953 626; baseline 0 -22"><span class='ocrx_word' id='word_1_38' title='bbox 377 552 491 604; x_wconf 74' lang='lat' dir='ltr'><strong>lucc</strong></span> <span class='ocrx_word' id='word_1_39' title='bbox 537 565 643 603; x_wconf 92' lang='lat' dir='ltr'><strong>non</strong></span> <span class='ocrx_word' id='word_1_40' title='bbox 682 558 892 603; x_wconf 90' lang='lat' dir='ltr'><strong>tantum</strong></span> <span class='ocrx_word' id='word_1_41' title='bbox 936 551 1003 602; x_wconf 87' lang='lat' dir='ltr'><strong>ab</strong></span> <span class='ocrx_word' id='word_1_42' title='bbox 1035 548 1234 605; x_wconf 70' lang='lat' dir='ltr'><strong>affectu</strong></span> <span class='ocrx_word' id='word_1_43' title='bbox 1272 552 1457 607; x_wconf 91' lang='lat' dir='ltr'><strong>divino</strong></span> <span class='ocrx_word' id='word_1_44' title='bbox 1504 560 1826 626; x_wconf 84' lang='lat' dir='ltr'><strong>procedens,</strong></span> <span class='ocrx_word' id='word_1_45' title='bbox 1860 575 1953 615; x_wconf 75' lang='lat' dir='ltr'><strong>ve.</strong></span> 
     </span>
    </p>
   </div>
   <div class='ocr_carea' id='block_1_8' title="bbox 378 640 1953 710">
    <p class='ocr_par' dir='ltr' id='par_1_8' title="bbox 378 640 1953 710">
     <span class='ocr_line' id='line_1_8' title="bbox 378 640 1953 710; baseline 0.006 -16"><span class='ocrx_word' id='word_1_46' title='bbox 378 658 497 695; x_wconf 91' lang='lat' dir='ltr'><strong>rum</strong></span> <span class='ocrx_word' id='word_1_47' title='bbox 545 652 600 694; x_wconf 67' lang='lat' dir='ltr'><strong>e9.</strong></span> <span class='ocrx_word' id='word_1_48' title='bbox 644 640 881 710; x_wconf 88' lang='lat' dir='ltr'><strong>propriis</strong></span> <span class='ocrx_word' id='word_1_49' title='bbox 916 642 1125 697; x_wconf 89' lang='lat' dir='ltr'><strong>meritis</strong></span> <span class='ocrx_word' id='word_1_50' title='bbox 1180 644 1519 710; x_wconf 80' lang='lat' dir='ltr'><strong>subinduxit,</strong></span> <span class='ocrx_word' id='word_1_51' title='bbox 1558 658 1617 702; x_wconf 89' lang='lat' dir='ltr'><strong>ut</strong></span> <span class='ocrx_word' id='word_1_52' title='bbox 1650 666 1756 704; x_wconf 88' lang='lat' dir='ltr'><strong>non</strong></span> <span class='ocrx_word' id='word_1_53' title='bbox 1790 652 1953 705; x_wconf 87' lang='lat' dir='ltr'><strong>modo</strong></span> 
     </span>
    </p>
   </div>
   <div class='ocr_carea' id='block_1_9' title="bbox 377 733 1953 800">
    <p class='ocr_par' dir='ltr' id='par_1_9' title="bbox 377 733 1953 800">
     <span class='ocr_line' id='line_1_9' title="bbox 377 733 1953 800; baseline 0.008 -15"><span class='ocrx_word' id='word_1_54' title='bbox 377 748 485 786; x_wconf 85' lang='lat' dir='ltr'><strong>non</strong></span> <span class='ocrx_word' id='word_1_55' title='bbox 510 733 849 800; x_wconf 87' lang='lat' dir='ltr'><strong>rejiceretur,</strong></span> <span class='ocrx_word' id='word_1_56' title='bbox 878 733 973 787; x_wconf 87' lang='lat' dir='ltr'><strong>sed</strong></span> <span class='ocrx_word' id='word_1_57' title='bbox 1004 750 1127 789; x_wconf 91' lang='lat' dir='ltr'><strong>cum</strong></span> <span class='ocrx_word' id='word_1_58' title='bbox 1163 736 1369 791; x_wconf 84' lang='lat' dir='ltr'><strong>honore</strong></span> <span class='ocrx_word' id='word_1_59' title='bbox 1392 740 1789 797; x_wconf 81' lang='lat' dir='ltr'><strong>admitteretur.</strong></span> <span class='ocrx_word' id='word_1_60' title='bbox 1839 743 1953 798; x_wconf 78' lang='lat' dir='ltr'><strong>Vox</strong></span> 
     </span>
    </p>
   </div>
   <div class='ocr_carea' id='block_1_10' title="bbox 379 824 1955 898">
    <p class='ocr_par' dir='ltr' id='par_1_10' title="bbox 379 824 1955 898">
     <span class='ocr_line' id='line_1_10' title="bbox 379 824 1955 898; baseline 0.009 -21"><span class='ocrx_word' id='word_1_61' title='bbox 379 824 470 878; x_wconf 88' lang='lat' dir='ltr'><strong>illa</strong></span> <span class='ocrx_word' id='word_1_62' title='bbox 511 824 767 892; x_wconf 86' lang='lat' dir='ltr'><strong>populum</strong></span> <span class='ocrx_word' id='word_1_63' title='bbox 820 824 1033 879; x_wconf 81' lang='lat' dir='ltr'><strong>amnem</strong></span> <span class='ocrx_word' id='word_1_64' title='bbox 1085 828 1154 880; x_wconf 87' lang='lat' dir='ltr'><strong>ab</strong></span> <span class='ocrx_word' id='word_1_65' title='bbox 1208 828 1284 881; x_wconf 90' lang='lat' dir='ltr'><strong>ira</strong></span> <span class='ocrx_word' id='word_1_66' title='bbox 1329 830 1475 898; x_wconf 87' lang='lat' dir='ltr'><strong>justa</strong></span> <span class='ocrx_word' id='word_1_67' title='bbox 1525 834 1796 898; x_wconf 85' lang='lat' dir='ltr'><strong>liberavit,</strong></span> <span class='ocrx_word' id='word_1_68' title='bbox 1853 850 1955 891; x_wconf 89' lang='lat' dir='ltr'><strong>nec</strong></span> 
     </span>
    </p>
   </div>
   <div class='ocr_carea' id='block_1_11' title="bbox 380 912 1950 988">
    <p class='ocr_par' dir='ltr' id='par_1_11' title="bbox 380 912 1950 988">
     <span class='ocr_line' id='line_1_11' title="bbox 380 912 1950 988; baseline 0.008 -24"><span class='ocrx_word' id='word_1_69' title='bbox 380 912 647 966; x_wconf 83' lang='lat' dir='ltr'><strong>dicentem</strong></span> <span class='ocrx_word' id='word_1_70' title='bbox 680 914 942 981; x_wconf 82' lang='lat' dir='ltr'><strong>expunxit</strong></span> <span class='ocrx_word' id='word_1_71' title='bbox 971 915 1038 967; x_wconf 89' lang='lat' dir='ltr'><strong>ab</strong></span> <span class='ocrx_word' id='word_1_72' title='bbox 1066 914 1158 968; x_wconf 93' lang='lat' dir='ltr'><strong>illo</strong></span> <span class='ocrx_word' id='word_1_73' title='bbox 1191 933 1208 966; x_wconf 79' lang='grc' dir='ltr'><strong>ι</strong></span> <span class='ocrx_word' id='word_1_74' title='bbox 1242 916 1380 971; x_wconf 90' lang='lat' dir='ltr'><strong>libro</strong></span> <span class='ocrx_word' id='word_1_75' title='bbox 1410 918 1553 974; x_wconf 66' lang='lat' dir='ltr'><strong>vita).</strong></span> <span class='ocrx_word' id='word_1_76' title='bbox 1618 941 1635 972; x_wconf 74' lang='grc' dir='ltr'><strong>ι</strong></span> <span class='ocrx_word' id='word_1_77' title='bbox 1680 923 1950 988; x_wconf 84' lang='lat' dir='ltr'><strong>Quocirca</strong></span> 
     </span>
    </p>
   </div>
   <div class='ocr_carea' id='block_1_12' title="bbox 380 1002 1950 1077">
    <p class='ocr_par' dir='ltr' id='par_1_12' title="bbox 380 1002 1950 1077">
     <span class='ocr_line' id='line_1_12' title="bbox 380 1002 1950 1077; baseline 0.008 -21"><span class='ocrx_word' id='word_1_78' title='bbox 380 1012 440 1056; x_wconf 92' lang='lat' dir='ltr'><strong>ut</strong></span> <span class='ocrx_word' id='word_1_79' title='bbox 472 1002 653 1057; x_wconf 80' lang='lat' dir='ltr'><strong>Mosen</strong></span> <span class='ocrx_word' id='word_1_80' title='bbox 705 1005 819 1057; x_wconf 67' lang='lat' dir='ltr'><strong>haec</strong></span> <span class='ocrx_word' id='word_1_81' title='bbox 863 1004 1133 1059; x_wconf 86' lang='lat' dir='ltr'><strong>dicentem</strong></span> <span class='ocrx_word' id='word_1_82' title='bbox 1179 1017 1232 1060; x_wconf 91' lang='lat' dir='ltr'><strong>et</strong></span> <span class='ocrx_word' id='word_1_83' title='bbox 1263 1008 1545 1064; x_wconf 80' lang='lat' dir='ltr'><strong>facientem</strong></span> <span class='ocrx_word' id='word_1_84' title='bbox 1588 1014 1950 1077; x_wconf 87' lang='lat' dir='ltr'><strong>admiramur.</strong></span> 
     </span>
    </p>
   </div>
   <div class='ocr_carea' id='block_1_13' title="bbox 381 1096 1955 1178">
    <p class='ocr_par' dir='ltr' id='par_1_13' title="bbox 381 1096 1955 1178">
     <span class='ocr_line' id='line_1_13' title="bbox 381 1096 1955 1178; baseline 0.01 -30"><span class='ocrx_word' id='word_1_85' title='bbox 381 1098 454 1151; x_wconf 90' lang='lat' dir='ltr'><strong>ita</strong></span> <span class='ocrx_word' id='word_1_86' title='bbox 485 1107 539 1151; x_wconf 90' lang='lat' dir='ltr'><strong>et</strong></span> <span class='ocrx_word' id='word_1_87' title='bbox 576 1096 803 1152; x_wconf 85' lang='lat' dir='ltr'><strong>Paulum</strong></span> <span class='ocrx_word' id='word_1_88' title='bbox 833 1099 1005 1169; x_wconf 85' lang='lat' dir='ltr'><strong>magis</strong></span> <span class='ocrx_word' id='word_1_89' title='bbox 1032 1101 1309 1168; x_wconf 91' lang='lat' dir='ltr'><strong>suspicere</strong></span> <span class='ocrx_word' id='word_1_90' title='bbox 1339 1103 1625 1169; x_wconf 87' lang='lat' dir='ltr'><strong>debemus.</strong></span> <span class='ocrx_word' id='word_1_91' title='bbox 1673 1108 1765 1178; x_wconf 92' lang='lat' dir='ltr'><strong>qui</strong></span> <span class='ocrx_word' id='word_1_92' title='bbox 1790 1110 1955 1165; x_wconf 79' lang='lat' dir='ltr'><strong>vehe-</strong></span> 
     </span>
    </p>
   </div>
   <div class='ocr_carea' id='block_1_14' title="bbox 381 1190 1954 1254">
    <p class='ocr_par' dir='ltr' id='par_1_14' title="bbox 381 1190 1954 1254">
     <span class='ocr_line' id='line_1_14' title="bbox 381 1190 1954 1254; baseline 0.008 -12"><span class='ocrx_word' id='word_1_93' title='bbox 381 1190 625 1243; x_wconf 84' lang='lat' dir='ltr'><strong>mentius</strong></span> <span class='ocrx_word' id='word_1_94' title='bbox 676 1190 727 1242; x_wconf 92' lang='lat' dir='ltr'><strong>in</strong></span> <span class='ocrx_word' id='word_1_95' title='bbox 774 1193 1022 1246; x_wconf 89' lang='lat' dir='ltr'><strong>eumdem</strong></span> <span class='ocrx_word' id='word_1_96' title='bbox 1070 1191 1320 1247; x_wconf 70' lang='lat' dir='ltr'><strong>allectum</strong></span> <span class='ocrx_word' id='word_1_97' title='bbox 1369 1194 1666 1251; x_wconf 78' lang='lat' dir='ltr'><strong>ferebatur.</strong></span> <span class='ocrx_word' id='word_1_98' title='bbox 1719 1200 1803 1252; x_wconf 85' lang='lat' dir='ltr'><strong>An</strong></span> <span class='ocrx_word' id='word_1_99' title='bbox 1847 1215 1954 1254; x_wconf 91' lang='lat' dir='ltr'><strong>non</strong></span> 
     </span>
    </p>
   </div>
   <div class='ocr_carea' id='block_1_15' title="bbox 382 1280 1954 1359">
    <p class='ocr_par' dir='ltr' id='par_1_15' title="bbox 382 1280 1954 1359">
     <span class='ocr_line' id='line_1_15' title="bbox 382 1280 1954 1359; baseline 0.008 -28"><span class='ocrx_word' id='word_1_100' title='bbox 382 1281 599 1333; x_wconf 81' lang='lat' dir='ltr'><strong>videtur</strong></span> <span class='ocrx_word' id='word_1_101' title='bbox 645 1280 738 1333; x_wconf 89' lang='lat' dir='ltr'><strong>tibi</strong></span> <span class='ocrx_word' id='word_1_102' title='bbox 784 1281 1075 1335; x_wconf 84' lang='lat' dir='ltr'><strong>anathema</strong></span> <span class='ocrx_word' id='word_1_103' title='bbox 1126 1284 1367 1352; x_wconf 86' lang='lat' dir='ltr'><strong>seipsum</strong></span> <span class='ocrx_word' id='word_1_104' title='bbox 1415 1286 1826 1351; x_wconf 85' lang='lat' dir='ltr'><strong>quodammodo</strong></span> <span class='ocrx_word' id='word_1_105' title='bbox 1854 1304 1954 1359; x_wconf 79' lang='lat' dir='ltr'><strong>po-</strong></span> 
     </span>
    </p>
   </div>
   <div class='ocr_carea' id='block_1_16' title="bbox 383 1375 1953 1453">
    <p class='ocr_par' dir='ltr' id='par_1_16' title="bbox 383 1375 1953 1453">
     <span class='ocr_line' id='line_1_16' title="bbox 383 1375 1953 1453; baseline 0.006 -24"><span class='ocrx_word' id='word_1_106' title='bbox 383 1375 579 1437; x_wconf 90' lang='lat' dir='ltr'><strong>suisse,</strong></span> <span class='ocrx_word' id='word_1_107' title='bbox 617 1382 671 1428; x_wconf 93' lang='lat' dir='ltr'><strong>et</strong></span> <span class='ocrx_word' id='word_1_108' title='bbox 700 1390 757 1429; x_wconf 90' lang='lat' dir='ltr'><strong>se</strong></span> <span class='ocrx_word' id='word_1_109' title='bbox 792 1391 822 1429; x_wconf 91' lang='lat' dir='ltr'><strong>a</strong></span> <span class='ocrx_word' id='word_1_110' title='bbox 866 1377 1039 1445; x_wconf 83' lang='lat' dir='ltr'><strong>gratia</strong></span> <span class='ocrx_word' id='word_1_111' title='bbox 1086 1392 1371 1445; x_wconf 80' lang='lat' dir='ltr'><strong>separasse</strong></span> <span class='ocrx_word' id='word_1_112' title='bbox 1403 1396 1502 1449; x_wconf 90' lang='lat' dir='ltr'><strong>pro</strong></span> <span class='ocrx_word' id='word_1_113' title='bbox 1540 1383 1786 1453; x_wconf 77' lang='lat' dir='ltr'><strong>cognatis</strong></span> <span class='ocrx_word' id='word_1_114' title='bbox 1814 1384 1953 1449; x_wconf 91' lang='lat' dir='ltr'><strong>suis,</strong></span> 
     </span>
    </p>
   </div>
   <div class='ocr_carea' id='block_1_17' title="bbox 384 1465 1955 1545">
    <p class='ocr_par' dir='ltr' id='par_1_17' title="bbox 384 1465 1955 1545">
     <span class='ocr_line' id='line_1_17' title="bbox 384 1465 1955 1545; baseline 0.008 -25"><span class='ocrx_word' id='word_1_115' title='bbox 384 1482 508 1521; x_wconf 90' lang='lat' dir='ltr'><strong>cum</strong></span> <span class='ocrx_word' id='word_1_116' title='bbox 556 1465 903 1521; x_wconf 83' lang='lat' dir='ltr'><strong>Timotheum</strong></span> <span class='ocrx_word' id='word_1_117' title='bbox 955 1468 1395 1535; x_wconf 82' lang='lat' dir='ltr'><strong>circumcideret,</strong></span> <span class='ocrx_word' id='word_1_118' title='bbox 1448 1481 1503 1527; x_wconf 90' lang='lat' dir='ltr'><strong>et</strong></span> <span class='ocrx_word' id='word_1_119' title='bbox 1546 1489 1669 1529; x_wconf 91' lang='lat' dir='ltr'><strong>cum</strong></span> <span class='ocrx_word' id='word_1_120' title='bbox 1720 1475 1955 1545; x_wconf 81' lang='lat' dir='ltr'><strong>gloriose</strong></span> 
     </span>
    </p>
   </div>
   <div class='ocr_carea' id='block_1_18' title="bbox 382 1557 1951 1634">
    <p class='ocr_par' dir='ltr' id='par_1_18' title="bbox 382 1557 1951 1634">
     <span class='ocr_line' id='line_1_18' title="bbox 382 1557 1951 1634; baseline 0.008 -24"><span class='ocrx_word' id='word_1_121' title='bbox 382 1557 685 1627; x_wconf 50' lang='lat' dir='ltr'><strong>praedicans</strong></span> <span class='ocrx_word' id='word_1_122' title='bbox 721 1558 1099 1630; x_wconf 82' lang='lat' dir='ltr'><strong>Evangelium,</strong></span> <span class='ocrx_word' id='word_1_123' title='bbox 1134 1558 1449 1618; x_wconf 71' lang='lat' dir='ltr'><strong>Judzeorum</strong></span> <span class='ocrx_word' id='word_1_124' title='bbox 1489 1574 1613 1619; x_wconf 86' lang='lat' dir='ltr'><strong>vota</strong></span> <span class='ocrx_word' id='word_1_125' title='bbox 1652 1567 1951 1634; x_wconf 86' lang='lat' dir='ltr'><strong>simulavit,</strong></span> 
     </span>
    </p>
   </div>
   <div class='ocr_carea' id='block_1_19' title="bbox 381 1650 1955 1717">
    <p class='ocr_par' dir='ltr' id='par_1_19' title="bbox 381 1650 1955 1717">
     <span class='ocr_line' id='line_1_19' title="bbox 381 1650 1955 1717; baseline 0.008 -15"><span class='ocrx_word' id='word_1_126' title='bbox 381 1660 544 1717; x_wconf 88' lang='lat' dir='ltr'><strong>caput</strong></span> <span class='ocrx_word' id='word_1_127' title='bbox 577 1650 865 1715; x_wconf 88' lang='lat' dir='ltr'><strong>abradens,</strong></span> <span class='ocrx_word' id='word_1_128' title='bbox 912 1660 965 1705; x_wconf 89' lang='lat' dir='ltr'><strong>et</strong></span> <span class='ocrx_word' id='word_1_129' title='bbox 992 1661 1191 1707; x_wconf 88' lang='lat' dir='ltr'><strong>statuta</strong></span> <span class='ocrx_word' id='word_1_130' title='bbox 1234 1652 1470 1710; x_wconf 81' lang='lat' dir='ltr'><strong>oll‘crens</strong></span> <span class='ocrx_word' id='word_1_131' title='bbox 1508 1658 1814 1713; x_wconf 81' lang='lat' dir='ltr'><strong>sacriﬁcia?</strong></span> <span class='ocrx_word' id='word_1_132' title='bbox 1855 1675 1955 1715; x_wconf 88' lang='lat' dir='ltr'><strong>nec</strong></span> 
     </span>
    </p>
   </div>
   <div class='ocr_carea' id='block_1_20' title="bbox 379 1736 2030 1816">
    <p class='ocr_par' dir='ltr' id='par_1_20' title="bbox 379 1736 2030 1816">
     <span class='ocr_line' id='line_1_20' title="bbox 379 1736 2030 1816; baseline 0.012 -29"><span class='ocrx_word' id='word_1_133' title='bbox 379 1751 481 1806; x_wconf 87' lang='lat' dir='ltr'><strong>pro</strong></span> <span class='ocrx_word' id='word_1_134' title='bbox 528 1754 585 1793; x_wconf 89' lang='lat' dir='ltr'><strong>se</strong></span> <span class='ocrx_word' id='word_1_135' title='bbox 635 1740 774 1804; x_wconf 87' lang='lat' dir='ltr'><strong>solo,</strong></span> <span class='ocrx_word' id='word_1_136' title='bbox 826 1741 920 1795; x_wconf 91' lang='lat' dir='ltr'><strong>sed</strong></span> <span class='ocrx_word' id='word_1_137' title='bbox 953 1757 1050 1810; x_wconf 91' lang='lat' dir='ltr'><strong>pro</strong></span> <span class='ocrx_word' id='word_1_138' title='bbox 1095 1742 1218 1798; x_wconf 90' lang='lat' dir='ltr'><strong>aliis</strong></span> <span class='ocrx_word' id='word_1_139' title='bbox 1252 1746 1415 1797; x_wconf 86' lang='lat' dir='ltr'><strong>etiam</strong></span> <span class='ocrx_word' id='word_1_140' title='bbox 1463 1761 1700 1816; x_wconf 92' lang='lat' dir='ltr'><strong>quorum</strong></span> <span class='ocrx_word' id='word_1_141' title='bbox 1748 1749 1952 1805; x_wconf 82' lang='lat' dir='ltr'><strong>sodalis</strong></span> <span class='ocrx_word' id='word_1_142' title='bbox 1992 1736 2030 1788; x_wconf 73' lang='grc' dir='ltr'><strong>Β</strong></span> 
     </span>
    </p>
   </div>
   <div class='ocr_carea' id='block_1_21' title="bbox 380 1831 1953 1907">
    <p class='ocr_par' dir='ltr' id='par_1_21' title="bbox 380 1831 1953 1907">
     <span class='ocr_line' id='line_1_21' title="bbox 380 1831 1953 1907; baseline 0.011 -28"><span class='ocrx_word' id='word_1_143' title='bbox 380 1837 519 1892; x_wconf 87' lang='lat' dir='ltr'><strong>erat,</strong></span> <span class='ocrx_word' id='word_1_144' title='bbox 550 1831 641 1898; x_wconf 92' lang='lat' dir='ltr'><strong>qui</strong></span> <span class='ocrx_word' id='word_1_145' title='bbox 685 1842 738 1883; x_wconf 91' lang='lat' dir='ltr'><strong>et</strong></span> <span class='ocrx_word' id='word_1_146' title='bbox 773 1842 1021 1901; x_wconf 90' lang='lat' dir='ltr'><strong>sumptus</strong></span> <span class='ocrx_word' id='word_1_147' title='bbox 1051 1834 1103 1888; x_wconf 94' lang='lat' dir='ltr'><strong>in</strong></span> <span class='ocrx_word' id='word_1_148' title='bbox 1138 1836 1408 1890; x_wconf 73' lang='lat' dir='ltr'><strong>sacrificia</strong></span> <span class='ocrx_word' id='word_1_149' title='bbox 1449 1839 1827 1907; x_wconf 79' lang='lat' dir='ltr'><strong>suppeditabat</strong></span> <span class='ocrx_word' id='word_1_150' title='bbox 1863 1840 1953 1896; x_wconf 87' lang='lat' dir='ltr'><strong>iis.</strong></span> 
     </span>
    </p>
   </div>
   <div class='ocr_carea' id='block_1_22' title="bbox 380 1918 1947 1995">
    <p class='ocr_par' dir='ltr' id='par_1_22' title="bbox 380 1918 1947 1995">
     <span class='ocr_line' id='line_1_22' title="bbox 380 1918 1947 1995; baseline 0.008 -22"><span class='ocrx_word' id='word_1_151' title='bbox 380 1918 439 1973; x_wconf 87' lang='lat' dir='ltr'><strong>In</strong></span> <span class='ocrx_word' id='word_1_152' title='bbox 469 1936 631 1987; x_wconf 88' lang='lat' dir='ltr'><strong>quam</strong></span> <span class='ocrx_word' id='word_1_153' title='bbox 671 1924 934 1976; x_wconf 86' lang='lat' dir='ltr'><strong>causam?</strong></span> <span class='ocrx_word' id='word_1_154' title='bbox 961 1924 1107 1979; x_wconf 91' lang='lat' dir='ltr'><strong>Illam</strong></span> <span class='ocrx_word' id='word_1_155' title='bbox 1146 1942 1357 1995; x_wconf 80' lang='lat' dir='ltr'><strong>nempe.</strong></span> <span class='ocrx_word' id='word_1_156' title='bbox 1409 1938 1466 1982; x_wconf 88' lang='lat' dir='ltr'><strong>ut</strong></span> <span class='ocrx_word' id='word_1_157' title='bbox 1504 1944 1695 1984; x_wconf 91' lang='lat' dir='ltr'><strong>omnes</strong></span> <span class='ocrx_word' id='word_1_158' title='bbox 1729 1930 1947 1987; x_wconf 87' lang='lat' dir='ltr'><strong>Christo</strong></span> 
     </span>
    </p>
   </div>
   <div class='ocr_carea' id='block_1_23' title="bbox 381 2011 1955 2085">
    <p class='ocr_par' dir='ltr' id='par_1_23' title="bbox 381 2011 1955 2085">
     <span class='ocr_line' id='line_1_23' title="bbox 381 2011 1955 2085; baseline 0.01 -22"><span class='ocrx_word' id='word_1_159' title='bbox 381 2011 757 2075; x_wconf 80' lang='lat' dir='ltr'><strong>lucrifaceret,</strong></span> <span class='ocrx_word' id='word_1_160' title='bbox 792 2024 850 2069; x_wconf 92' lang='lat' dir='ltr'><strong>nt</strong></span> <span class='ocrx_word' id='word_1_161' title='bbox 885 2017 1153 2085; x_wconf 89' lang='lat' dir='ltr'><strong>plurimos</strong></span> <span class='ocrx_word' id='word_1_162' title='bbox 1187 2018 1503 2084; x_wconf 88' lang='lat' dir='ltr'><strong>adduceret,</strong></span> <span class='ocrx_word' id='word_1_163' title='bbox 1551 2030 1608 2075; x_wconf 92' lang='lat' dir='ltr'><strong>ut</strong></span> <span class='ocrx_word' id='word_1_164' title='bbox 1638 2022 1955 2079; x_wconf 89' lang='lat' dir='ltr'><strong>omnimodo</strong></span> 
     </span>
    </p>
   </div>
   <div class='ocr_carea' id='block_1_24' title="bbox 381 2104 1955 2185">
    <p class='ocr_par' dir='ltr' id='par_1_24' title="bbox 381 2104 1955 2185">
     <span class='ocr_line' id='line_1_24' title="bbox 381 2104 1955 2185; baseline 0.01 -30"><span class='ocrx_word' id='word_1_165' title='bbox 381 2104 597 2172; x_wconf 80' lang='lat' dir='ltr'><strong>aliquos</strong></span> <span class='ocrx_word' id='word_1_166' title='bbox 638 2115 922 2161; x_wconf 83' lang='lat' dir='ltr'><strong>servaret:</strong></span> <span class='ocrx_word' id='word_1_167' title='bbox 954 2107 1076 2162; x_wconf 91' lang='lat' dir='ltr'><strong>ideo</strong></span> <span class='ocrx_word' id='word_1_168' title='bbox 1104 2108 1307 2166; x_wconf 67' lang='lat' dir='ltr'><strong>Iudaeis</strong></span> <span class='ocrx_word' id='word_1_169' title='bbox 1360 2110 1581 2167; x_wconf 66' lang='lat' dir='ltr'><strong>Judzeus</strong></span> <span class='ocrx_word' id='word_1_170' title='bbox 1627 2112 1708 2178; x_wconf 82' lang='lat' dir='ltr'><strong>ﬁt,</strong></span> <span class='ocrx_word' id='word_1_171' title='bbox 1752 2114 1820 2169; x_wconf 92' lang='lat' dir='ltr'><strong>iis</strong></span> <span class='ocrx_word' id='word_1_172' title='bbox 1860 2116 1955 2185; x_wconf 86' lang='lat' dir='ltr'><strong>qui</strong></span> 
     </span>
    </p>
   </div>
   <div class='ocr_carea' id='block_1_25' title="bbox 381 2197 1953 2272">
    <p class='ocr_par' dir='ltr' id='par_1_25' title="bbox 381 2197 1953 2272">
     <span class='ocr_line' id='line_1_25' title="bbox 381 2197 1953 2272; baseline 0.007 -23"><span class='ocrx_word' id='word_1_173' title='bbox 381 2198 503 2250; x_wconf 83' lang='lat' dir='ltr'><strong>sine</strong></span> <span class='ocrx_word' id='word_1_174' title='bbox 540 2197 677 2265; x_wconf 84' lang='lat' dir='ltr'><strong>lege,</strong></span> <span class='ocrx_word' id='word_1_175' title='bbox 722 2207 984 2267; x_wconf 87' lang='lat' dir='ltr'><strong>tanquam</strong></span> <span class='ocrx_word' id='word_1_176' title='bbox 1026 2202 1145 2255; x_wconf 90' lang='lat' dir='ltr'><strong>sine</strong></span> <span class='ocrx_word' id='word_1_177' title='bbox 1180 2202 1319 2272; x_wconf 80' lang='lat' dir='ltr'><strong>lege,</strong></span> <span class='ocrx_word' id='word_1_178' title='bbox 1370 2218 1492 2257; x_wconf 89' lang='lat' dir='ltr'><strong>cum</strong></span> <span class='ocrx_word' id='word_1_179' title='bbox 1520 2202 1754 2260; x_wconf 84' lang='lat' dir='ltr'><strong>inﬁrmis</strong></span> <span class='ocrx_word' id='word_1_180' title='bbox 1796 2204 1953 2259; x_wconf 83' lang='lat' dir='ltr'><strong>inﬁr-</strong></span> 
     </span>
    </p>
   </div>
   <div class='ocr_carea' id='block_1_26' title="bbox 378 2288 1950 2367">
    <p class='ocr_par' dir='ltr' id='par_1_26' title="bbox 378 2288 1950 2367">
     <span class='ocr_line' id='line_1_26' title="bbox 378 2288 1950 2367; baseline 0.008 -28"><span class='ocrx_word' id='word_1_181' title='bbox 378 2288 652 2342; x_wconf 84' lang='lat' dir='ltr'><strong>mabatnr.</strong></span> <span class='ocrx_word' id='word_1_182' title='bbox 704 2288 849 2342; x_wconf 86' lang='lat' dir='ltr'><strong>Nihil</strong></span> <span class='ocrx_word' id='word_1_183' title='bbox 878 2289 1071 2345; x_wconf 88' lang='lat' dir='ltr'><strong>borum</strong></span> <span class='ocrx_word' id='word_1_184' title='bbox 1130 2300 1250 2346; x_wconf 85' lang='lat' dir='ltr'><strong>erat</strong></span> <span class='ocrx_word' id='word_1_185' title='bbox 1280 2292 1444 2365; x_wconf 91' lang='lat' dir='ltr'><strong>(absit</strong></span> <span class='ocrx_word' id='word_1_186' title='bbox 1483 2303 1542 2350; x_wconf 91' lang='lat' dir='ltr'><strong>ut</strong></span> <span class='ocrx_word' id='word_1_187' title='bbox 1571 2294 1755 2367; x_wconf 77' lang='lat' dir='ltr'><strong>fuerit)</strong></span> <span class='ocrx_word' id='word_1_188' title='bbox 1805 2298 1950 2367; x_wconf 90' lang='lat' dir='ltr'><strong>apud</strong></span> 
     </span>
    </p>
   </div>
   <div class='ocr_carea' id='block_1_27' title="bbox 379 2379 1952 2450">
    <p class='ocr_par' dir='ltr' id='par_1_27' title="bbox 379 2379 1952 2450">
     <span class='ocr_line' id='line_1_27' title="bbox 379 2379 1952 2450; baseline 0.01 -21"><span class='ocrx_word' id='word_1_189' title='bbox 379 2379 625 2431; x_wconf 89' lang='lat' dir='ltr'><strong>animum</strong></span> <span class='ocrx_word' id='word_1_190' title='bbox 664 2386 719 2433; x_wconf 90' lang='lat' dir='ltr'><strong>et</strong></span> <span class='ocrx_word' id='word_1_191' title='bbox 742 2379 1005 2447; x_wconf 89' lang='lat' dir='ltr'><strong>judicium</strong></span> <span class='ocrx_word' id='word_1_192' title='bbox 1039 2396 1199 2445; x_wconf 88' lang='lat' dir='ltr'><strong>suum</strong></span> <span class='ocrx_word' id='word_1_193' title='bbox 1230 2400 1244 2436; x_wconf 93' lang='lat'>:</span> <span class='ocrx_word' id='word_1_194' title='bbox 1279 2386 1396 2450; x_wconf 90' lang='lat' dir='ltr'><strong>sed,</strong></span> <span class='ocrx_word' id='word_1_195' title='bbox 1430 2404 1447 2436; x_wconf 85' lang='grc'><strong><em>‹</em></strong></span> <span class='ocrx_word' id='word_1_196' title='bbox 1477 2384 1746 2444; x_wconf 90' lang='lat' dir='ltr'><strong>Omnibus</strong></span> <span class='ocrx_word' id='word_1_197' title='bbox 1767 2389 1952 2444; x_wconf 85' lang='lat' dir='ltr'><strong>omnia</strong></span> 
     </span>
    </p>
   </div>
   <div class='ocr_carea' id='block_1_28' title="bbox 380 2462 1955 2548">
    <p class='ocr_par' dir='ltr' id='par_1_28' title="bbox 380 2462 1955 2548">
     <span class='ocr_line' id='line_1_28' title="bbox 380 2462 1955 2548; baseline 0.011 -29"><span class='ocrx_word' id='word_1_198' title='bbox 380 2468 558 2523; x_wconf 80' lang='lat' dir='ltr'><strong>factus</strong></span> <span class='ocrx_word' id='word_1_199' title='bbox 592 2477 699 2531; x_wconf 89' lang='lat' dir='ltr'><strong>est,</strong></span> <span class='ocrx_word' id='word_1_200' title='bbox 756 2480 814 2523; x_wconf 93' lang='lat' dir='ltr'><strong>ut</strong></span> <span class='ocrx_word' id='word_1_201' title='bbox 848 2472 926 2526; x_wconf 91' lang='lat' dir='ltr'><strong>sic</strong></span> <span class='ocrx_word' id='word_1_202' title='bbox 972 2462 1157 2543; x_wconf 74' lang='lat' dir='ltr'><strong>aliquo</strong></span> <span class='ocrx_word' id='word_1_203' title='bbox 1189 2476 1349 2529; x_wconf 90' lang='lat' dir='ltr'><strong>modo</strong></span> <span class='ocrx_word' id='word_1_204' title='bbox 1397 2477 1635 2548; x_wconf 85' lang='lat' dir='ltr'><strong>aliquem</strong></span> <span class='ocrx_word' id='word_1_205' title='bbox 1665 2479 1955 2536; x_wconf 84' lang='lat' dir='ltr'><strong>lucriface-</strong></span> 
     </span>
    </p>
   </div>
   <div class='ocr_carea' id='block_1_29' title="bbox 378 2559 1950 2637">
    <p class='ocr_par' dir='ltr' id='par_1_29' title="bbox 378 2559 1950 2637">
     <span class='ocr_line' id='line_1_29' title="bbox 378 2559 1950 2637; baseline 0.011 -27"><span class='ocrx_word' id='word_1_206' title='bbox 378 2564 482 2611; x_wconf 92' lang='lat' dir='ltr'><strong>ret.</strong></span> <span class='ocrx_word' id='word_1_207' title='bbox 520 2576 538 2609; x_wconf 78' lang='grc' dir='ltr'><strong>ι</strong></span> <span class='ocrx_word' id='word_1_208' title='bbox 578 2559 825 2614; x_wconf 86' lang='lat' dir='ltr'><strong>Imitator</strong></span> <span class='ocrx_word' id='word_1_209' title='bbox 849 2563 1117 2630; x_wconf 75' lang='lat' dir='ltr'><strong>egregius,</strong></span> <span class='ocrx_word' id='word_1_210' title='bbox 1144 2572 1223 2626; x_wconf 92' lang='lat' dir='ltr'><strong>ut,</strong></span> <span class='ocrx_word' id='word_1_211' title='bbox 1255 2565 1400 2635; x_wconf 82' lang='lat' dir='ltr'><strong>quod</strong></span> <span class='ocrx_word' id='word_1_212' title='bbox 1423 2578 1588 2637; x_wconf 89' lang='lat' dir='ltr'><strong>caput</strong></span> <span class='ocrx_word' id='word_1_213' title='bbox 1615 2579 1715 2637; x_wconf 90' lang='lat' dir='ltr'><strong>cst,</strong></span> <span class='ocrx_word' id='word_1_214' title='bbox 1749 2571 1950 2637; x_wconf 90' lang='lat' dir='ltr'><strong>dicam,</strong></span> 
     </span>
    </p>
   </div>
   <div class='ocr_carea' id='block_1_30' title="bbox 378 2651 1952 2732">
    <p class='ocr_par' dir='ltr' id='par_1_30' title="bbox 378 2651 1952 2732">
     <span class='ocr_line' id='line_1_30' title="bbox 378 2651 1952 2732; baseline 0.009 -28"><span class='ocrx_word' id='word_1_215' title='bbox 378 2652 690 2707; x_wconf 88' lang='lat' dir='ltr'><strong>communis</strong></span> <span class='ocrx_word' id='word_1_216' title='bbox 737 2651 946 2707; x_wconf 87' lang='lat' dir='ltr'><strong>Domini</strong></span> <span class='ocrx_word' id='word_1_217' title='bbox 989 2665 1042 2707; x_wconf 89' lang='lat' dir='ltr'><strong>et</strong></span> <span class='ocrx_word' id='word_1_218' title='bbox 1067 2655 1374 2713; x_wconf 76' lang='lat' dir='ltr'><strong>Servatoris</strong></span> <span class='ocrx_word' id='word_1_219' title='bbox 1410 2660 1605 2723; x_wconf 88' lang='lat' dir='ltr'><strong>nostri,</strong></span> <span class='ocrx_word' id='word_1_220' title='bbox 1640 2662 1736 2732; x_wconf 92' lang='lat' dir='ltr'><strong>qui</strong></span> <span class='ocrx_word' id='word_1_221' title='bbox 1766 2664 1952 2717; x_wconf 90' lang='lat' dir='ltr'><strong>omnia</strong></span> 
     </span>
    </p>
   </div>
   <div class='ocr_carea' id='block_1_31' title="bbox 376 2744 1953 2818">
    <p class='ocr_par' dir='ltr' id='par_1_31' title="bbox 376 2744 1953 2818">
     <span class='ocr_line' id='line_1_31' title="bbox 376 2744 1953 2818; baseline 0.011 -24"><span class='ocrx_word' id='word_1_222' title='bbox 376 2756 479 2810; x_wconf 90' lang='lat' dir='ltr'><strong>pro</strong></span> <span class='ocrx_word' id='word_1_223' title='bbox 508 2744 669 2797; x_wconf 87' lang='lat' dir='ltr'><strong>nobis</strong></span> <span class='ocrx_word' id='word_1_224' title='bbox 699 2760 918 2813; x_wconf 84' lang='lat' dir='ltr'><strong>passus,</strong></span> <span class='ocrx_word' id='word_1_225' title='bbox 957 2745 1026 2798; x_wconf 92' lang='lat' dir='ltr'><strong>ob</strong></span> <span class='ocrx_word' id='word_1_226' title='bbox 1087 2746 1496 2818; x_wconf 83' lang='lat' dir='ltr'><strong>inexplicabiles</strong></span> <span class='ocrx_word' id='word_1_227' title='bbox 1530 2752 1751 2809; x_wconf 88' lang='lat' dir='ltr'><strong>divitias</strong></span> <span class='ocrx_word' id='word_1_228' title='bbox 1787 2756 1953 2811; x_wconf 89' lang='lat' dir='ltr'><strong>mise-</strong></span> 
     </span>
    </p>
   </div>
   <div class='ocr_carea' id='block_1_32' title="bbox 378 2834 1953 2917">
    <p class='ocr_par' dir='ltr' id='par_1_32' title="bbox 378 2834 1953 2917">
     <span class='ocr_line' id='line_1_32' title="bbox 378 2834 1953 2917; baseline 0.011 -33"><span class='ocrx_word' id='word_1_229' title='bbox 378 2834 631 2887; x_wconf 63' lang='lat' dir='ltr'><strong>ricordize</strong></span> <span class='ocrx_word' id='word_1_230' title='bbox 668 2851 782 2889; x_wconf 72' lang='lat' dir='ltr'><strong>suae</strong></span> <span class='ocrx_word' id='word_1_231' title='bbox 818 2845 873 2890; x_wconf 92' lang='lat' dir='ltr'><strong>et</strong></span> <span class='ocrx_word' id='word_1_232' title='bbox 919 2836 1331 2906; x_wconf 77' lang='lat' dir='ltr'><strong>exinanitionis,</strong></span> <span class='ocrx_word' id='word_1_233' title='bbox 1369 2858 1478 2896; x_wconf 93' lang='lat' dir='ltr'><strong>non</strong></span> <span class='ocrx_word' id='word_1_234' title='bbox 1524 2847 1800 2900; x_wconf 83' lang='lat' dir='ltr'><strong>recusavit</strong></span> <span class='ocrx_word' id='word_1_235' title='bbox 1826 2862 1953 2917; x_wconf 83' lang='lat' dir='ltr'><strong>pec-</strong></span> 
     </span>
    </p>
   </div>
   <div class='ocr_carea' id='block_1_33' title="bbox 376 2926 1949 3006">
    <p class='ocr_par' dir='ltr' id='par_1_33' title="bbox 376 2926 1949 3006">
     <span class='ocr_line' id='line_1_33' title="bbox 376 2926 1949 3006; baseline 0.011 -31"><span class='ocrx_word' id='word_1_236' title='bbox 376 2933 559 2977; x_wconf 89' lang='lat' dir='ltr'><strong>catum</strong></span> <span class='ocrx_word' id='word_1_237' title='bbox 599 2935 653 2979; x_wconf 91' lang='lat' dir='ltr'><strong>et</strong></span> <span class='ocrx_word' id='word_1_238' title='bbox 698 2926 1004 2981; x_wconf 88' lang='lat' dir='ltr'><strong>maledictio</strong></span> <span class='ocrx_word' id='word_1_239' title='bbox 1046 2943 1147 2997; x_wconf 90' lang='lat' dir='ltr'><strong>pro</strong></span> <span class='ocrx_word' id='word_1_240' title='bbox 1200 2933 1359 2986; x_wconf 84' lang='lat' dir='ltr'><strong>nobis</strong></span> <span class='ocrx_word' id='word_1_241' title='bbox 1399 2935 1506 2989; x_wconf 91' lang='lat' dir='ltr'><strong>dici</strong></span> <span class='ocrx_word' id='word_1_242' title='bbox 1561 2944 1616 2989; x_wconf 88' lang='lat' dir='ltr'><strong>et</strong></span> <span class='ocrx_word' id='word_1_243' title='bbox 1669 2938 1949 3006; x_wconf 87' lang='lat' dir='ltr'><strong>reputari,</strong></span> 
     </span>
    </p>
   </div>
   <div class='ocr_carea' id='block_1_34' title="bbox 376 3018 1950 3090">
    <p class='ocr_par' dir='ltr' id='par_1_34' title="bbox 376 3018 1950 3090">
     <span class='ocr_line' id='line_1_34' title="bbox 376 3018 1950 3090; baseline 0.008 -20"><span class='ocrx_word' id='word_1_244' title='bbox 376 3031 501 3070; x_wconf 88' lang='lat' dir='ltr'><strong>cum</strong></span> <span class='ocrx_word' id='word_1_245' title='bbox 545 3026 722 3072; x_wconf 87' lang='lat' dir='ltr'><strong>tamen</strong></span> <span class='ocrx_word' id='word_1_246' title='bbox 767 3018 889 3075; x_wconf 88' lang='lat' dir='ltr'><strong>fons</strong></span> <span class='ocrx_word' id='word_1_247' title='bbox 919 3034 1065 3078; x_wconf 86' lang='lat' dir='ltr'><strong>esset</strong></span> <span class='ocrx_word' id='word_1_248' title='bbox 1106 3024 1285 3079; x_wconf 91' lang='lat' dir='ltr'><strong>omnis</strong></span> <span class='ocrx_word' id='word_1_249' title='bbox 1327 3023 1745 3090; x_wconf 86' lang='lat' dir='ltr'><strong>benedictionis,</strong></span> <span class='ocrx_word' id='word_1_250' title='bbox 1774 3036 1829 3080; x_wconf 92' lang='lat' dir='ltr'><strong>et</strong></span> <span class='ocrx_word' id='word_1_251' title='bbox 1855 3028 1950 3083; x_wconf 88' lang='lat' dir='ltr'><strong>de-</strong></span> 
     </span>
    </p>
   </div>
   <div class='ocr_carea' id='block_1_35' title="bbox 2054 472 3619 545">
    <p class='ocr_par' dir='ltr' id='par_1_35' title="bbox 2054 472 3619 545">
     <span class='ocr_line' id='line_1_35' title="bbox 2054 472 3619 545; baseline 0.006 -20"><span class='ocrx_word' id='word_1_252' title='bbox 2054 472 2237 541; x_wconf 77' lang='grc' dir='ltr'>βίὸλου</span> <span class='ocrx_word' id='word_1_253' title='bbox 2260 475 2389 544; x_wconf 76' lang='grc' dir='ltr'>γὰρ,</span> <span class='ocrx_word' id='word_1_254' title='bbox 2416 476 2571 545; x_wconf 71' lang='grc' dir='ltr'>φησὶ,</span> <span class='ocrx_word' id='word_1_255' title='bbox 2605 475 2709 545; x_wconf 88' lang='grc' dir='ltr'><strong>τῆς</strong></span> <span class='ocrx_word' id='word_1_256' title='bbox 2731 477 2896 545; x_wconf 75' lang='grc' dir='ltr'>ζωῆς.</span> <span class='ocrx_word' id='word_1_257' title='bbox 2943 497 2961 529; x_wconf 76' lang='grc' dir='ltr'><strong>ι</strong></span> <span class='ocrx_word' id='word_1_258' title='bbox 2998 478 3169 532; x_wconf 89' lang='grc' dir='ltr'>Τοῦτο</span> <span class='ocrx_word' id='word_1_259' title='bbox 3193 480 3248 533; x_wconf 82' lang='grc' dir='ltr'>δὲ</span> <span class='ocrx_word' id='word_1_260' title='bbox 3274 479 3493 532; x_wconf 79' lang='grc' dir='ltr'>τίὲστιν</span> <span class='ocrx_word' id='word_1_261' title='bbox 3520 479 3619 534; x_wconf 75' lang='grc' dir='ltr'><strong>ἄλ-</strong></span> 
     </span>
    </p>
   </div>
   <div class='ocr_carea' id='block_1_36' title="bbox 2052 564 3618 640">
    <p class='ocr_par' dir='ltr' id='par_1_36' title="bbox 2052 564 3618 640">
     <span class='ocr_line' id='line_1_36' title="bbox 2052 564 3618 640; baseline 0.005 -23"><span class='ocrx_word' id='word_1_262' title='bbox 2052 564 2131 628; x_wconf 88' lang='grc' dir='ltr'><strong>λο,</strong></span> <span class='ocrx_word' id='word_1_263' title='bbox 2158 566 2375 637; x_wconf 83' lang='grc' dir='ltr'>παράτδ</span> <span class='ocrx_word' id='word_1_264' title='bbox 2404 567 2615 635; x_wconf 76' lang='grc' dir='ltr'>λέγειν,</span> <span class='ocrx_word' id='word_1_265' title='bbox 2647 569 2723 634; x_wconf 88' lang='grc' dir='ltr'><strong>ώς</strong></span> <span class='ocrx_word' id='word_1_266' title='bbox 2747 571 2844 623; x_wconf 72' lang='lat' dir='ltr'><strong>“Av</strong></span> <span class='ocrx_word' id='word_1_267' title='bbox 2877 570 2950 640; x_wconf 81' lang='grc' dir='ltr'>μὴ</span> <span class='ocrx_word' id='word_1_268' title='bbox 2977 573 3092 632; x_wconf 85' lang='grc' dir='ltr'>τοῖς</span> <span class='ocrx_word' id='word_1_269' title='bbox 3129 572 3386 638; x_wconf 83' lang='grc' dir='ltr'>ὲκγένους</span> <span class='ocrx_word' id='word_1_270' title='bbox 3416 581 3443 607; x_wconf 69' lang='grc' dir='ltr'>ι</span> <span class='ocrx_word' id='word_1_271' title='bbox 3479 590 3618 625; x_wconf 83' lang='grc' dir='ltr'>κατ-</span> 
     </span>
    </p>
   </div>
   <div class='ocr_carea' id='block_1_37' title="bbox 2051 656 3615 733">
    <p class='ocr_par' dir='ltr' id='par_1_37' title="bbox 2051 656 3615 733">
     <span class='ocr_line' id='line_1_37' title="bbox 2051 656 3615 733; baseline 0.004 -23"><span class='ocrx_word' id='word_1_272' title='bbox 2051 656 2364 728; x_wconf 81' lang='grc' dir='ltr'>αλλαγείης.</span> <span class='ocrx_word' id='word_1_273' title='bbox 2400 661 2496 712; x_wconf 70' lang='lat' dir='ltr'><strong>mi</strong></span> <span class='ocrx_word' id='word_1_274' title='bbox 2556 661 2741 732; x_wconf 81' lang='grc' dir='ltr'><strong>σαυτῷ</strong></span> <span class='ocrx_word' id='word_1_275' title='bbox 2780 662 3024 733; x_wconf 79' lang='grc' dir='ltr'>συνάψῃς</span> <span class='ocrx_word' id='word_1_276' title='bbox 3065 664 3266 727; x_wconf 78' lang='grc' dir='ltr'>αὐτοὺς</span> <span class='ocrx_word' id='word_1_277' title='bbox 3288 706 3301 728; x_wconf 88' lang='grc'><strong>,</strong></span> <span class='ocrx_word' id='word_1_278' title='bbox 3325 684 3343 714; x_wconf 73' lang='grc' dir='ltr'><strong>ι</strong></span> <span class='ocrx_word' id='word_1_279' title='bbox 3374 659 3440 733; x_wconf 78' lang='grc' dir='ltr'><strong>(ὦ</strong></span> <span class='ocrx_word' id='word_1_280' title='bbox 3471 664 3615 731; x_wconf 82' lang='grc' dir='ltr'>γνώ-</span> 
     </span>
    </p>
   </div>
   <div class='ocr_carea' id='block_1_38' title="bbox 2056 750 3621 825">
    <p class='ocr_par' dir='ltr' id='par_1_38' title="bbox 2056 750 3621 825">
     <span class='ocr_line' id='line_1_38' title="bbox 2056 750 3621 825; baseline -0.006 -7"><span class='ocrx_word' id='word_1_281' title='bbox 2056 765 2164 817; x_wconf 86' lang='grc' dir='ltr'><strong>μης</strong></span> <span class='ocrx_word' id='word_1_282' title='bbox 2196 750 2431 819; x_wconf 81' lang='grc' dir='ltr'>ἄκρατον</span> <span class='ocrx_word' id='word_1_283' title='bbox 2452 751 2551 822; x_wconf 78' lang='grc' dir='ltr'>τὴν</span> <span class='ocrx_word' id='word_1_284' title='bbox 2577 752 2688 804; x_wconf 89' lang='grc' dir='ltr'><strong>τῶν</strong></span> <span class='ocrx_word' id='word_1_285' title='bbox 2729 753 2789 818; x_wconf 75' lang='grc' dir='ltr'><strong>ἐξ</strong></span> <span class='ocrx_word' id='word_1_286' title='bbox 2828 754 3060 825; x_wconf 76' lang='grc' dir='ltr'>αἵματος</span> <span class='ocrx_word' id='word_1_287' title='bbox 3100 756 3358 825; x_wconf 89' lang='grc' dir='ltr'>πρόνοιαν</span> <span class='ocrx_word' id='word_1_288' title='bbox 3388 756 3621 825; x_wconf 76' lang='grc' dir='ltr'>μεθυοὺο</span> 
     </span>
    </p>
   </div>
   <div class='ocr_carea' id='block_1_39' title="bbox 2055 840 3617 918">
    <p class='ocr_par' dir='ltr' id='par_1_39' title="bbox 2055 840 3617 918">
     <span class='ocr_line' id='line_1_39' title="bbox 2055 840 3617 918; baseline 0.006 -26"><span class='ocrx_word' id='word_1_289' title='bbox 2055 841 2208 910; x_wconf 82' lang='grc' dir='ltr'>σηςί)</span> <span class='ocrx_word' id='word_1_290' title='bbox 2238 858 2256 892; x_wconf 81' lang='grc' dir='ltr'><strong>ι</strong></span> <span class='ocrx_word' id='word_1_291' title='bbox 2287 840 2520 912; x_wconf 82' lang='grc' dir='ltr'>χώρισον</span> <span class='ocrx_word' id='word_1_292' title='bbox 2566 844 2709 914; x_wconf 84' lang='grc' dir='ltr'><strong>κάμὲ</strong></span> <span class='ocrx_word' id='word_1_293' title='bbox 2752 845 2861 899; x_wconf 82' lang='grc' dir='ltr'>ἀπὸ</span> <span class='ocrx_word' id='word_1_294' title='bbox 2909 846 3028 913; x_wconf 89' lang='grc' dir='ltr'>σοῦ;</span> <span class='ocrx_word' id='word_1_295' title='bbox 3066 865 3084 897; x_wconf 70' lang='grc' dir='ltr'><strong>ι</strong></span> <span class='ocrx_word' id='word_1_296' title='bbox 3109 845 3349 918; x_wconf 77' lang='grc' dir='ltr'><strong>Εὔδηλον</strong></span> <span class='ocrx_word' id='word_1_297' title='bbox 3400 848 3509 917; x_wconf 81' lang='grc' dir='ltr'>γὰρ</span> <span class='ocrx_word' id='word_1_298' title='bbox 3542 849 3617 912; x_wconf 89' lang='grc' dir='ltr'><strong>ώς</strong></span> 
     </span>
    </p>
   </div>
   <div class='ocr_carea' id='block_1_40' title="bbox 2053 936 3619 1013">
    <p class='ocr_par' dir='ltr' id='par_1_40' title="bbox 2053 936 3619 1013">
     <span class='ocr_line' id='line_1_40' title="bbox 2053 936 3619 1013; baseline 0.007 -27"><span class='ocrx_word' id='word_1_299' title='bbox 2053 936 2081 986; x_wconf 90' lang='grc' dir='ltr'><strong>ό</strong></span> <span class='ocrx_word' id='word_1_300' title='bbox 2109 936 2315 990; x_wconf 79' lang='grc' dir='ltr'>ἐκεῖθεν</span> <span class='ocrx_word' id='word_1_301' title='bbox 2342 937 2777 1010; x_wconf 82' lang='grc' dir='ltr'>ἀπαλειφόμενος</span> <span class='ocrx_word' id='word_1_302' title='bbox 2821 942 2913 995; x_wconf 82' lang='grc' dir='ltr'><strong>τὸν</strong></span> <span class='ocrx_word' id='word_1_303' title='bbox 2955 943 3237 1013; x_wconf 81' lang='grc' dir='ltr'>χωρισμὸν</span> <span class='ocrx_word' id='word_1_304' title='bbox 3284 943 3619 1008; x_wconf 74' lang='grc' dir='ltr'>συγκαταϐι-</span> 
     </span>
    </p>
   </div>
   <div class='ocr_carea' id='block_1_41' title="bbox 2055 1027 3619 1103">
    <p class='ocr_par' dir='ltr' id='par_1_41' title="bbox 2055 1027 3619 1103">
     <span class='ocr_line' id='line_1_41' title="bbox 2055 1027 3619 1103; baseline 0.008 -27"><span class='ocrx_word' id='word_1_305' title='bbox 2055 1027 2281 1088; x_wconf 79' lang='grc' dir='ltr'>κάζεται</span> <span class='ocrx_word' id='word_1_306' title='bbox 2307 1028 2401 1081; x_wconf 89' lang='grc' dir='ltr'><strong>τοῦ</strong></span> <span class='ocrx_word' id='word_1_307' title='bbox 2424 1027 2560 1081; x_wconf 86' lang='grc' dir='ltr'>Θεοῦ</span> <span class='ocrx_word' id='word_1_308' title='bbox 2575 1046 2590 1061; x_wconf 71' lang='grc'><strong><em>⁸</em></strong></span> <span class='ocrx_word' id='word_1_309' title='bbox 2609 1032 2706 1083; x_wconf 66' lang='grc' dir='ltr'>καὶ</span> <span class='ocrx_word' id='word_1_310' title='bbox 2733 1032 2885 1084; x_wconf 78' lang='grc' dir='ltr'>οὐδὲν</span> <span class='ocrx_word' id='word_1_311' title='bbox 2902 1031 3210 1103; x_wconf 82' lang='grc' dir='ltr'><strong>διενήνοχεν</strong></span> <span class='ocrx_word' id='word_1_312' title='bbox 3231 1036 3430 1096; x_wconf 85' lang='grc' dir='ltr'>είπεῖν,</span> <span class='ocrx_word' id='word_1_313' title='bbox 3463 1036 3619 1100; x_wconf 77' lang='grc' dir='ltr'><strong>«Ἐξο</strong></span> 
     </span>
    </p>
   </div>
   <div class='ocr_carea' id='block_1_42' title="bbox 2055 1115 3620 1199">
    <p class='ocr_par' dir='ltr' id='par_1_42' title="bbox 2055 1115 3620 1199">
     <span class='ocr_line' id='line_1_42' title="bbox 2055 1115 3620 1199; baseline 0.006 -30"><span class='ocrx_word' id='word_1_314' title='bbox 2055 1115 2273 1185; x_wconf 75' lang='grc' dir='ltr'>άλειψόν</span> <span class='ocrx_word' id='word_1_315' title='bbox 2334 1136 2400 1189; x_wconf 89' lang='grc' dir='ltr'><strong>με</strong></span> <span class='ocrx_word' id='word_1_316' title='bbox 2442 1120 2542 1189; x_wconf 88' lang='grc' dir='ltr'><strong>τῆς</strong></span> <span class='ocrx_word' id='word_1_317' title='bbox 2585 1120 2767 1189; x_wconf 77' lang='grc' dir='ltr'>βίϐλου</span> <span class='ocrx_word' id='word_1_318' title='bbox 2806 1124 2907 1194; x_wconf 89' lang='grc' dir='ltr'><strong>τῆς</strong></span> <span class='ocrx_word' id='word_1_319' title='bbox 2948 1122 3117 1194; x_wconf 77' lang='grc' dir='ltr'>ζωῆς,</span> <span class='ocrx_word' id='word_1_320' title='bbox 3160 1126 3255 1179; x_wconf 79' lang='grc' dir='ltr'><strong>καὶ</strong></span> <span class='ocrx_word' id='word_1_321' title='bbox 3279 1124 3517 1199; x_wconf 84' lang='grc' dir='ltr'>χώρισόν</span> <span class='ocrx_word' id='word_1_322' title='bbox 3555 1144 3620 1196; x_wconf 77' lang='grc' dir='ltr'><strong>με</strong></span> 
     </span>
    </p>
   </div>
   <div class='ocr_carea' id='block_1_43' title="bbox 2054 1206 3623 1285">
    <p class='ocr_par' dir='ltr' id='par_1_43' title="bbox 2054 1206 3623 1285">
     <span class='ocr_line' id='line_1_43' title="bbox 2054 1206 3623 1285; baseline 0.006 -26"><span class='ocrx_word' id='word_1_323' title='bbox 2054 1206 2163 1259; x_wconf 85' lang='grc' dir='ltr'>ἀπὸ</span> <span class='ocrx_word' id='word_1_324' title='bbox 2197 1207 2314 1261; x_wconf 89' lang='grc' dir='ltr'>σοῦ.</span> <span class='ocrx_word' id='word_1_325' title='bbox 2347 1227 2366 1260; x_wconf 75' lang='grc' dir='ltr'><strong>ι</strong></span> <span class='ocrx_word' id='word_1_326' title='bbox 2399 1207 2464 1262; x_wconf 79' lang='grc' dir='ltr'><strong><em>Ὦ</em></strong></span> <span class='ocrx_word' id='word_1_327' title='bbox 2490 1211 2806 1282; x_wconf 76' lang='grc' dir='ltr'>παρρησίας</span> <span class='ocrx_word' id='word_1_328' title='bbox 2834 1213 2936 1266; x_wconf 84' lang='grc' dir='ltr'><strong>οὐκ</strong></span> <span class='ocrx_word' id='word_1_329' title='bbox 2959 1215 3025 1267; x_wconf 84' lang='grc' dir='ltr'>ὲκ</span> <span class='ocrx_word' id='word_1_330' title='bbox 3042 1214 3191 1279; x_wconf 81' lang='grc' dir='ltr'>θείας</span> <span class='ocrx_word' id='word_1_331' title='bbox 3213 1216 3379 1285; x_wconf 89' lang='grc' dir='ltr'>μόνης</span> <span class='ocrx_word' id='word_1_332' title='bbox 3418 1215 3623 1285; x_wconf 70' lang='grc' dir='ltr'>φιλοτισ</span> 
     </span>
    </p>
   </div>
   <div class='ocr_carea' id='block_1_44' title="bbox 2060 1296 3621 1371">
    <p class='ocr_par' dir='ltr' id='par_1_44' title="bbox 2060 1296 3621 1371">
     <span class='ocr_line' id='line_1_44' title="bbox 2060 1296 3621 1371; baseline 0.004 -23"><span class='ocrx_word' id='word_1_333' title='bbox 2060 1298 2209 1366; x_wconf 83' lang='grc' dir='ltr'>μίας,</span> <span class='ocrx_word' id='word_1_334' title='bbox 2244 1296 2379 1351; x_wconf 86' lang='grc' dir='ltr'><strong>ἀλλά</strong></span> <span class='ocrx_word' id='word_1_335' title='bbox 2425 1298 2521 1352; x_wconf 75' lang='grc' dir='ltr'><strong>καὶ</strong></span> <span class='ocrx_word' id='word_1_336' title='bbox 2549 1299 2733 1363; x_wconf 80' lang='grc' dir='ltr'>πόνοις</span> <span class='ocrx_word' id='word_1_337' title='bbox 2762 1300 3009 1366; x_wconf 73' lang='grc' dir='ltr'><strong>οἰκείοις,</strong></span> <span class='ocrx_word' id='word_1_338' title='bbox 3036 1300 3157 1371; x_wconf 84' lang='grc' dir='ltr'><strong>οὐχὶ</strong></span> <span class='ocrx_word' id='word_1_339' title='bbox 3192 1302 3254 1354; x_wconf 79' lang='grc' dir='ltr'>τὺ</span> <span class='ocrx_word' id='word_1_340' title='bbox 3293 1303 3621 1369; x_wconf 82' lang='grc' dir='ltr'>ἀκατάγνω-</span> 
     </span>
    </p>
   </div>
   <div class='ocr_carea' id='block_1_45' title="bbox 2059 1389 3619 1464">
    <p class='ocr_par' dir='ltr' id='par_1_45' title="bbox 2059 1389 3619 1464">
     <span class='ocr_line' id='line_1_45' title="bbox 2059 1389 3619 1464; baseline 0.003 -23"><span class='ocrx_word' id='word_1_341' title='bbox 2059 1405 2191 1441; x_wconf 90' lang='grc' dir='ltr'>στον</span> <span class='ocrx_word' id='word_1_342' title='bbox 2226 1389 2410 1460; x_wconf 85' lang='grc' dir='ltr'>μόνον,</span> <span class='ocrx_word' id='word_1_343' title='bbox 2444 1392 2584 1445; x_wconf 87' lang='grc' dir='ltr'><strong>ἀλλά</strong></span> <span class='ocrx_word' id='word_1_344' title='bbox 2617 1393 2715 1446; x_wconf 69' lang='grc' dir='ltr'>καὶ</span> <span class='ocrx_word' id='word_1_345' title='bbox 2737 1392 2798 1445; x_wconf 83' lang='grc' dir='ltr'>τὸ</span> <span class='ocrx_word' id='word_1_346' title='bbox 2832 1393 3118 1462; x_wconf 85' lang='grc' dir='ltr'><strong>εὐδόκιμον</strong></span> <span class='ocrx_word' id='word_1_347' title='bbox 3133 1394 3619 1464; x_wconf 77' lang='grc' dir='ltr'>ἀπενεγκαμένηςί</span> 
     </span>
    </p>
   </div>
   <div class='ocr_carea' id='block_1_46' title="bbox 2056 1481 3623 1558">
    <p class='ocr_par' dir='ltr' id='par_1_46' title="bbox 2056 1481 3623 1558">
     <span class='ocr_line' id='line_1_46' title="bbox 2056 1481 3623 1558; baseline 0.004 -24"><span class='ocrx_word' id='word_1_348' title='bbox 2056 1481 2226 1546; x_wconf 76' lang='grc' dir='ltr'>ἐξεῖλε</span> <span class='ocrx_word' id='word_1_349' title='bbox 2258 1501 2316 1536; x_wconf 88' lang='grc' dir='ltr'><strong>τε</strong></span> <span class='ocrx_word' id='word_1_350' title='bbox 2346 1484 2454 1554; x_wconf 88' lang='grc' dir='ltr'>γὰρ</span> <span class='ocrx_word' id='word_1_351' title='bbox 2474 1483 2567 1537; x_wconf 79' lang='grc' dir='ltr'>τὸν</span> <span class='ocrx_word' id='word_1_352' title='bbox 2600 1484 2837 1554; x_wconf 81' lang='grc' dir='ltr'><strong>φυλέτην</strong></span> <span class='ocrx_word' id='word_1_353' title='bbox 2884 1485 3012 1539; x_wconf 85' lang='grc' dir='ltr'>λαὸν</span> <span class='ocrx_word' id='word_1_354' title='bbox 3058 1485 3161 1555; x_wconf 87' lang='grc' dir='ltr'><strong>τῆς</strong></span> <span class='ocrx_word' id='word_1_355' title='bbox 3197 1486 3414 1551; x_wconf 79' lang='grc' dir='ltr'>δικαίας</span> <span class='ocrx_word' id='word_1_356' title='bbox 3448 1487 3623 1558; x_wconf 81' lang='grc' dir='ltr'>ὀργῆς</span> 
     </span>
    </p>
   </div>
   <div class='ocr_carea' id='block_1_47' title="bbox 2055 1573 3625 1647">
    <p class='ocr_par' dir='ltr' id='par_1_47' title="bbox 2055 1573 3625 1647">
     <span class='ocr_line' id='line_1_47' title="bbox 2055 1573 3625 1647; baseline -0.001 -19"><span class='ocrx_word' id='word_1_357' title='bbox 2055 1573 2090 1643; x_wconf 85' lang='grc' dir='ltr'><strong>ή</strong></span> <span class='ocrx_word' id='word_1_358' title='bbox 2125 1574 2295 1647; x_wconf 86' lang='grc' dir='ltr'>φωνὴ,</span> <span class='ocrx_word' id='word_1_359' title='bbox 2358 1578 2453 1629; x_wconf 82' lang='grc' dir='ltr'>καὶ</span> <span class='ocrx_word' id='word_1_360' title='bbox 2487 1576 2581 1629; x_wconf 81' lang='grc' dir='ltr'><strong>τὸν</strong></span> <span class='ocrx_word' id='word_1_361' title='bbox 2636 1578 2861 1630; x_wconf 81' lang='grc' dir='ltr'><strong>εἰπόντα</strong></span> <span class='ocrx_word' id='word_1_362' title='bbox 2906 1577 3007 1629; x_wconf 78' lang='grc' dir='ltr'><strong>οὐκ</strong></span> <span class='ocrx_word' id='word_1_363' title='bbox 3056 1576 3331 1645; x_wconf 75' lang='grc' dir='ltr'>ἀπήλειψε</span> <span class='ocrx_word' id='word_1_364' title='bbox 3386 1577 3485 1645; x_wconf 90' lang='grc' dir='ltr'><strong>τῆς</strong></span> <span class='ocrx_word' id='word_1_365' title='bbox 3512 1575 3625 1628; x_wconf 85' lang='grc' dir='ltr'><strong>τῶν</strong></span> 
     </span>
    </p>
   </div>
   <div class='ocr_carea' id='block_1_48' title="bbox 2056 1665 3625 1738">
    <p class='ocr_par' dir='ltr' id='par_1_48' title="bbox 2056 1665 3625 1738">
     <span class='ocr_line' id='line_1_48' title="bbox 2056 1665 3625 1738; baseline 0.001 -19"><span class='ocrx_word' id='word_1_366' title='bbox 2056 1665 2300 1731; x_wconf 79' lang='grc' dir='ltr'>ἀειζώων</span> <span class='ocrx_word' id='word_1_367' title='bbox 2334 1666 2687 1737; x_wconf 81' lang='grc' dir='ltr'>συγγραφῆς’</span> <span class='ocrx_word' id='word_1_368' title='bbox 2719 1668 2796 1731; x_wconf 89' lang='grc' dir='ltr'><strong>ώς</strong></span> <span class='ocrx_word' id='word_1_369' title='bbox 2845 1666 2937 1721; x_wconf 79' lang='grc' dir='ltr'><strong>οὖν</strong></span> <span class='ocrx_word' id='word_1_370' title='bbox 2972 1668 3181 1738; x_wconf 81' lang='grc' dir='ltr'><strong>Μωσῆς</strong></span> <span class='ocrx_word' id='word_1_371' title='bbox 3224 1667 3399 1722; x_wconf 85' lang='grc' dir='ltr'>ταῦτα</span> <span class='ocrx_word' id='word_1_372' title='bbox 3442 1668 3625 1734; x_wconf 80' lang='grc' dir='ltr'>λέγων</span> 
     </span>
    </p>
   </div>
   <div class='ocr_carea' id='block_1_49' title="bbox 2057 1757 3624 1830">
    <p class='ocr_par' dir='ltr' id='par_1_49' title="bbox 2057 1757 3624 1830">
     <span class='ocr_line' id='line_1_49' title="bbox 2057 1757 3624 1830; baseline 0.001 -20"><span class='ocrx_word' id='word_1_373' title='bbox 2057 1758 2151 1810; x_wconf 67' lang='grc' dir='ltr'><strong>καὶ</strong></span> <span class='ocrx_word' id='word_1_374' title='bbox 2176 1757 2433 1827; x_wconf 83' lang='grc' dir='ltr'><strong>πράττων</strong></span> <span class='ocrx_word' id='word_1_375' title='bbox 2466 1760 2767 1830; x_wconf 81' lang='grc' dir='ltr'><strong>Θαυμάσιος</strong></span> <span class='ocrx_word' id='word_1_376' title='bbox 2792 1775 2807 1791; x_wconf 72' lang='grc' dir='ltr'><strong>ο</strong></span> <span class='ocrx_word' id='word_1_377' title='bbox 2837 1759 2984 1813; x_wconf 83' lang='grc' dir='ltr'>οῦτω</span> <span class='ocrx_word' id='word_1_378' title='bbox 3016 1760 3112 1812; x_wconf 77' lang='grc' dir='ltr'><strong>καὶ</strong></span> <span class='ocrx_word' id='word_1_379' title='bbox 3154 1759 3366 1822; x_wconf 85' lang='grc' dir='ltr'><strong>Παῦλος</strong></span> <span class='ocrx_word' id='word_1_380' title='bbox 3406 1761 3464 1812; x_wconf 80' lang='grc' dir='ltr'><strong>ὲν</strong></span> <span class='ocrx_word' id='word_1_381' title='bbox 3508 1760 3624 1821; x_wconf 84' lang='grc' dir='ltr'>τοῖς</span> 
     </span>
    </p>
   </div>
   <div class='ocr_carea' id='block_1_50' title="bbox 2056 1846 3625 1920">
    <p class='ocr_par' dir='ltr' id='par_1_50' title="bbox 2056 1846 3625 1920">
     <span class='ocr_line' id='line_1_50' title="bbox 2056 1846 3625 1920; baseline 0 -20"><span class='ocrx_word' id='word_1_382' title='bbox 2056 1846 2263 1916; x_wconf 81' lang='grc' dir='ltr'><strong>ὁμοίοις</strong></span> <span class='ocrx_word' id='word_1_383' title='bbox 2292 1848 2646 1920; x_wconf 81' lang='grc' dir='ltr'>σφοδρότερος</span> <span class='ocrx_word' id='word_1_384' title='bbox 2672 1849 2879 1919; x_wconf 81' lang='grc' dir='ltr'>ὀφθεὶς,</span> <span class='ocrx_word' id='word_1_385' title='bbox 2913 1849 3007 1901; x_wconf 70' lang='grc' dir='ltr'><strong>ἐπὶ</strong></span> <span class='ocrx_word' id='word_1_386' title='bbox 3042 1848 3285 1902; x_wconf 87' lang='grc' dir='ltr'>τοιοῦτον</span> <span class='ocrx_word' id='word_1_387' title='bbox 3307 1847 3625 1917; x_wconf 83' lang='grc' dir='ltr'>θαυμασιώ-</span> 
     </span>
    </p>
   </div>
   <div class='ocr_carea' id='block_1_51' title="bbox 2057 1939 3626 2011">
    <p class='ocr_par' dir='ltr' id='par_1_51' title="bbox 2057 1939 3626 2011">
     <span class='ocr_line' id='line_1_51' title="bbox 2057 1939 3626 2011; baseline 0.002 -21"><span class='ocrx_word' id='word_1_388' title='bbox 2057 1956 2234 2009; x_wconf 88' lang='grc' dir='ltr'>τερος.</span> <span class='ocrx_word' id='word_1_389' title='bbox 2267 1940 2334 1992; x_wconf 86' lang='grc' dir='ltr'><em>Ἢ</em></span> <span class='ocrx_word' id='word_1_390' title='bbox 2365 1940 2425 1992; x_wconf 76' lang='grc' dir='ltr'><strong>οὐ</strong></span> <span class='ocrx_word' id='word_1_391' title='bbox 2453 1941 2603 1993; x_wconf 85' lang='grc' dir='ltr'>δοκεῖ</span> <span class='ocrx_word' id='word_1_392' title='bbox 2634 1957 2716 1993; x_wconf 89' lang='grc' dir='ltr'><strong>σοι</strong></span> <span class='ocrx_word' id='word_1_393' title='bbox 2741 1941 2991 2011; x_wconf 75' lang='grc' dir='ltr'><strong>ἀνάθεμα</strong></span> <span class='ocrx_word' id='word_1_394' title='bbox 3017 1943 3194 1995; x_wconf 78' lang='grc' dir='ltr'>ποιεῖν</span> <span class='ocrx_word' id='word_1_395' title='bbox 3230 1940 3445 2006; x_wconf 79' lang='grc' dir='ltr'>ἑαυτὸν,</span> <span class='ocrx_word' id='word_1_396' title='bbox 3480 1939 3626 2011; x_wconf 83' lang='grc' dir='ltr'>ὑπὲρ</span> 
     </span>
    </p>
   </div>
   <div class='ocr_carea' id='block_1_52' title="bbox 2054 2032 3625 2103">
    <p class='ocr_par' dir='ltr' id='par_1_52' title="bbox 2054 2032 3625 2103">
     <span class='ocr_line' id='line_1_52' title="bbox 2054 2032 3625 2103; baseline -0.008 -8"><span class='ocrx_word' id='word_1_397' title='bbox 2054 2034 2155 2102; x_wconf 78' lang='grc' dir='ltr'><strong>τῆς</strong></span> <span class='ocrx_word' id='word_1_398' title='bbox 2179 2032 2455 2103; x_wconf 80' lang='grc' dir='ltr'>σωτηρίας</span> <span class='ocrx_word' id='word_1_399' title='bbox 2492 2032 2602 2086; x_wconf 86' lang='grc' dir='ltr'><strong>τῶν</strong></span> <span class='ocrx_word' id='word_1_400' title='bbox 2654 2034 2952 2101; x_wconf 82' lang='grc' dir='ltr'><strong>συγγενῶν,</strong></span> <span class='ocrx_word' id='word_1_401' title='bbox 3002 2034 3099 2086; x_wconf 77' lang='grc' dir='ltr'><strong>καὶ</strong></span> <span class='ocrx_word' id='word_1_402' title='bbox 3141 2032 3343 2103; x_wconf 84' lang='grc' dir='ltr'>τρόπον</span> <span class='ocrx_word' id='word_1_403' title='bbox 3371 2032 3497 2085; x_wconf 81' lang='grc' dir='ltr'>τινὰ</span> <span class='ocrx_word' id='word_1_404' title='bbox 3520 2034 3625 2102; x_wconf 81' lang='grc' dir='ltr'><strong>τῆς</strong></span> 
     </span>
    </p>
   </div>
   <div class='ocr_carea' id='block_1_53' title="bbox 2055 2124 3623 2196">
    <p class='ocr_par' dir='ltr' id='par_1_53' title="bbox 2055 2124 3623 2196">
     <span class='ocr_line' id='line_1_53' title="bbox 2055 2124 3623 2196; baseline -0.001 -19"><span class='ocrx_word' id='word_1_405' title='bbox 2055 2125 2278 2194; x_wconf 87' lang='grc' dir='ltr'>χάριτος</span> <span class='ocrx_word' id='word_1_406' title='bbox 2304 2125 2699 2196; x_wconf 80' lang='grc' dir='ltr'>διασχίζεσθαι,</span> <span class='ocrx_word' id='word_1_407' title='bbox 2729 2127 2819 2179; x_wconf 82' lang='grc' dir='ltr'>ὅτε</span> <span class='ocrx_word' id='word_1_408' title='bbox 2846 2125 3109 2193; x_wconf 88' lang='grc' dir='ltr'>Τιμόθεον</span> <span class='ocrx_word' id='word_1_409' title='bbox 3141 2124 3465 2195; x_wconf 79' lang='grc' dir='ltr'>περιέτεμεν</span> <span class='ocrx_word' id='word_1_410' title='bbox 3489 2141 3504 2186; x_wconf 74' lang='grc' dir='ltr'><strong>ς</strong></span> <span class='ocrx_word' id='word_1_411' title='bbox 3530 2125 3623 2177; x_wconf 83' lang='grc' dir='ltr'>ὅτε</span> 
     </span>
    </p>
   </div>
   <div class='ocr_carea' id='block_1_54' title="bbox 2056 2217 3621 2289">
    <p class='ocr_par' dir='ltr' id='par_1_54' title="bbox 2056 2217 3621 2289">
     <span class='ocr_line' id='line_1_54' title="bbox 2056 2217 3621 2289; baseline 0.001 -19"><span class='ocrx_word' id='word_1_412' title='bbox 2056 2217 2217 2279; x_wconf 79' lang='grc' dir='ltr'>αὐτὸς</span> <span class='ocrx_word' id='word_1_413' title='bbox 2266 2218 2475 2281; x_wconf 78' lang='grc' dir='ltr'>ἐκεῖνος</span> <span class='ocrx_word' id='word_1_414' title='bbox 2506 2218 2777 2289; x_wconf 79' lang='grc' dir='ltr'>λαμπρῶς</span> <span class='ocrx_word' id='word_1_415' title='bbox 2821 2218 3115 2289; x_wconf 85' lang='grc' dir='ltr'><strong>κηρύσσων</strong></span> <span class='ocrx_word' id='word_1_416' title='bbox 3160 2220 3223 2272; x_wconf 87' lang='grc' dir='ltr'>τὸ</span> <span class='ocrx_word' id='word_1_417' title='bbox 3260 2220 3621 2287; x_wconf 83' lang='grc' dir='ltr'>Εὐαγγέλιον,</span> 
     </span>
    </p>
   </div>
   <div class='ocr_carea' id='block_1_55' title="bbox 2068 2310 3627 2384">
    <p class='ocr_par' dir='ltr' id='par_1_55' title="bbox 2068 2310 3627 2384">
     <span class='ocr_line' id='line_1_55' title="bbox 2068 2310 3627 2384; baseline 0.002 -22"><span class='ocrx_word' id='word_1_418' title='bbox 2068 2310 2362 2375; x_wconf 86' lang='grc' dir='ltr'>Ἰουδαῖκάς</span> <span class='ocrx_word' id='word_1_419' title='bbox 2399 2312 2562 2382; x_wconf 77' lang='grc' dir='ltr'>εὐχὰς</span> <span class='ocrx_word' id='word_1_420' title='bbox 2594 2311 2954 2384; x_wconf 77' lang='grc' dir='ltr'>ὑπεκρίνετο,</span> <span class='ocrx_word' id='word_1_421' title='bbox 2995 2314 3097 2383; x_wconf 85' lang='grc' dir='ltr'>τήν</span> <span class='ocrx_word' id='word_1_422' title='bbox 3127 2329 3188 2365; x_wconf 87' lang='grc' dir='ltr'><strong>τε</strong></span> <span class='ocrx_word' id='word_1_423' title='bbox 3226 2316 3404 2382; x_wconf 85' lang='grc' dir='ltr'>κόμην</span> <span class='ocrx_word' id='word_1_424' title='bbox 3445 2312 3627 2381; x_wconf 77' lang='grc' dir='ltr'>ξυρώ-</span> 
     </span>
    </p>
   </div>
   <div class='ocr_carea' id='block_1_56' title="bbox 2058 2404 3625 2476">
    <p class='ocr_par' dir='ltr' id='par_1_56' title="bbox 2058 2404 3625 2476">
     <span class='ocr_line' id='line_1_56' title="bbox 2058 2404 3625 2476; baseline 0.003 -21"><span class='ocrx_word' id='word_1_425' title='bbox 2058 2421 2219 2474; x_wconf 88' lang='grc' dir='ltr'>μενος</span> <span class='ocrx_word' id='word_1_426' title='bbox 2254 2404 2352 2473; x_wconf 84' lang='grc' dir='ltr'><strong>τῆς</strong></span> <span class='ocrx_word' id='word_1_427' title='bbox 2381 2405 2658 2475; x_wconf 82' lang='grc' dir='ltr'>κεφαλῆς,</span> <span class='ocrx_word' id='word_1_428' title='bbox 2697 2408 2792 2460; x_wconf 75' lang='grc' dir='ltr'><strong>καὶ</strong></span> <span class='ocrx_word' id='word_1_429' title='bbox 2832 2406 2929 2470; x_wconf 85' lang='grc' dir='ltr'>τὰς</span> <span class='ocrx_word' id='word_1_430' title='bbox 2978 2405 3378 2476; x_wconf 82' lang='grc' dir='ltr'>νενομισμένας</span> <span class='ocrx_word' id='word_1_431' title='bbox 3429 2406 3625 2469; x_wconf 79' lang='grc' dir='ltr'>θυσίας</span> 
     </span>
    </p>
   </div>
   <div class='ocr_carea' id='block_1_57' title="bbox 2056 2494 3627 2567">
    <p class='ocr_par' dir='ltr' id='par_1_57' title="bbox 2056 2494 3627 2567">
     <span class='ocr_line' id='line_1_57' title="bbox 2056 2494 3627 2567; baseline 0.002 -20"><span class='ocrx_word' id='word_1_432' title='bbox 2056 2494 2402 2566; x_wconf 85' lang='grc' dir='ltr'>προσφέρων.</span> <span class='ocrx_word' id='word_1_433' title='bbox 2458 2497 2553 2549; x_wconf 70' lang='grc' dir='ltr'><strong>καὶ</strong></span> <span class='ocrx_word' id='word_1_434' title='bbox 2588 2498 2687 2566; x_wconf 84' lang='grc' dir='ltr'><strong>οὐχ</strong></span> <span class='ocrx_word' id='word_1_435' title='bbox 2736 2497 2876 2566; x_wconf 78' lang='grc' dir='ltr'>ὑπὲρ</span> <span class='ocrx_word' id='word_1_436' title='bbox 2904 2496 3099 2550; x_wconf 78' lang='grc' dir='ltr'>ἑαυτοῦ</span> <span class='ocrx_word' id='word_1_437' title='bbox 3141 2498 3334 2567; x_wconf 89' lang='grc' dir='ltr'>μόνον,</span> <span class='ocrx_word' id='word_1_438' title='bbox 3369 2497 3509 2549; x_wconf 84' lang='grc' dir='ltr'>ἀλλὰ</span> <span class='ocrx_word' id='word_1_439' title='bbox 3530 2497 3627 2550; x_wconf 76' lang='grc' dir='ltr'><strong>καὶ</strong></span> 
     </span>
    </p>
   </div>
   <div class='ocr_carea' id='block_1_58' title="bbox 2056 2582 3628 2660">
    <p class='ocr_par' dir='ltr' id='par_1_58' title="bbox 2056 2582 3628 2660">
     <span class='ocr_line' id='line_1_58' title="bbox 2056 2582 3628 2660; baseline 0 -20"><span class='ocrx_word' id='word_1_440' title='bbox 2056 2588 2193 2658; x_wconf 84' lang='grc' dir='ltr'>ὑπὲρ</span> <span class='ocrx_word' id='word_1_441' title='bbox 2223 2587 2428 2658; x_wconf 81' lang='grc' dir='ltr'>ἐτέρων</span> <span class='ocrx_word' id='word_1_442' title='bbox 2460 2582 2542 2649; x_wconf 82' lang='grc' dir='ltr'><strong>οἷς</strong></span> <span class='ocrx_word' id='word_1_443' title='bbox 2580 2587 2955 2659; x_wconf 74' lang='grc' dir='ltr'>συνηγνίζετο,</span> <span class='ocrx_word' id='word_1_444' title='bbox 2984 2588 3082 2648; x_wconf 82' lang='grc' dir='ltr'>τὰς</span> <span class='ocrx_word' id='word_1_445' title='bbox 3108 2588 3198 2641; x_wconf 69' lang='grc' dir='ltr'>ἐπὶ</span> <span class='ocrx_word' id='word_1_446' title='bbox 3232 2591 3300 2659; x_wconf 80' lang='grc' dir='ltr'>τῇ</span> <span class='ocrx_word' id='word_1_447' title='bbox 3334 2588 3499 2660; x_wconf 74' lang='grc' dir='ltr'>θυσίᾳ</span> <span class='ocrx_word' id='word_1_448' title='bbox 3524 2605 3628 2640; x_wconf 87' lang='grc' dir='ltr'>κα-</span> 
     </span>
    </p>
   </div>
   <div class='ocr_carea' id='block_1_59' title="bbox 2052 2679 3625 2752">
    <p class='ocr_par' dir='ltr' id='par_1_59' title="bbox 2052 2679 3625 2752">
     <span class='ocr_line' id='line_1_59' title="bbox 2052 2679 3625 2752; baseline -0.001 -18"><span class='ocrx_word' id='word_1_449' title='bbox 2052 2681 2293 2743; x_wconf 78' lang='grc' dir='ltr'>τατιθεὶς</span> <span class='ocrx_word' id='word_1_450' title='bbox 2317 2679 2581 2743; x_wconf 82' lang='grc' dir='ltr'>δαπάνας,</span> <span class='ocrx_word' id='word_1_451' title='bbox 2620 2681 2715 2733; x_wconf 74' lang='grc' dir='ltr'><strong>καὶ</strong></span> <span class='ocrx_word' id='word_1_452' title='bbox 2737 2680 2806 2732; x_wconf 74' lang='grc' dir='ltr'>τὰ</span> <span class='ocrx_word' id='word_1_453' title='bbox 2835 2679 3170 2749; x_wconf 84' lang='grc' dir='ltr'>ἀναλώματα</span> <span class='ocrx_word' id='word_1_454' title='bbox 3191 2698 3205 2743; x_wconf 88' lang='grc'>;</span> <span class='ocrx_word' id='word_1_455' title='bbox 3226 2680 3345 2734; x_wconf 89' lang='grc' dir='ltr'>Ἷνα</span> <span class='ocrx_word' id='word_1_456' title='bbox 3369 2682 3423 2733; x_wconf 90' lang='grc' dir='ltr'><strong>τί</strong></span> <span class='ocrx_word' id='word_1_457' title='bbox 3461 2681 3625 2752; x_wconf 80' lang='grc' dir='ltr'>γένη-</span> 
     </span>
    </p>
   </div>
   <div class='ocr_carea' id='block_1_60' title="bbox 2053 2770 3624 2843">
    <p class='ocr_par' dir='ltr' id='par_1_60' title="bbox 2053 2770 3624 2843">
     <span class='ocr_line' id='line_1_60' title="bbox 2053 2770 3624 2843; baseline -0.001 -16"><span class='ocrx_word' id='word_1_458' title='bbox 2053 2791 2140 2827; x_wconf 85' lang='grc' dir='ltr'><strong>ται</strong></span> <span class='ocrx_word' id='word_1_459' title='bbox 2165 2789 2181 2837; x_wconf 85' lang='lat'><strong>;</strong></span> <span class='ocrx_word' id='word_1_460' title='bbox 2219 2790 2237 2823; x_wconf 79' lang='grc' dir='ltr'><strong>ι</strong></span> <span class='ocrx_word' id='word_1_461' title='bbox 2260 2770 2384 2823; x_wconf 81' lang='grc' dir='ltr'>Ἵνα</span> <span class='ocrx_word' id='word_1_462' title='bbox 2396 2774 2504 2824; x_wconf 82' lang='grc' dir='ltr'><strong>πᾶν</strong></span> <span class='ocrx_word' id='word_1_463' title='bbox 2530 2775 2578 2812; x_wconf 73' lang='grc' dir='ltr'><strong>ι·</strong></span> <span class='ocrx_word' id='word_1_464' title='bbox 2610 2770 2830 2841; x_wconf 83' lang='grc' dir='ltr'>Χριστῷ</span> <span class='ocrx_word' id='word_1_465' title='bbox 2849 2772 3090 2843; x_wconf 84' lang='grc' dir='ltr'>κερδήσῃ</span> <span class='ocrx_word' id='word_1_466' title='bbox 3122 2787 3135 2802; x_wconf 76' lang='grc' dir='ltr'><strong>ο</strong></span> <span class='ocrx_word' id='word_1_467' title='bbox 3175 2773 3262 2824; x_wconf 79' lang='grc' dir='ltr'><strong>ἵνα</strong></span> <span class='ocrx_word' id='word_1_468' title='bbox 3288 2773 3415 2835; x_wconf 80' lang='grc' dir='ltr'>τοὺς</span> <span class='ocrx_word' id='word_1_469' title='bbox 3435 2773 3624 2825; x_wconf 80' lang='grc' dir='ltr'>πλείο-</span> 
     </span>
    </p>
   </div>
   <div class='ocr_carea' id='block_1_61' title="bbox 2053 2859 3629 2936">
    <p class='ocr_par' dir='ltr' id='par_1_61' title="bbox 2053 2859 3629 2936">
     <span class='ocr_line' id='line_1_61' title="bbox 2053 2859 3629 2936; baseline -0.001 -19"><span class='ocrx_word' id='word_1_470' title='bbox 2053 2881 2152 2927; x_wconf 90' lang='grc' dir='ltr'><strong>νας</strong></span> <span class='ocrx_word' id='word_1_471' title='bbox 2202 2863 2471 2933; x_wconf 84' lang='grc' dir='ltr'>προσάξῃ,</span> <span class='ocrx_word' id='word_1_472' title='bbox 2524 2859 2612 2916; x_wconf 76' lang='grc' dir='ltr'><strong>ἵνα</strong></span> <span class='ocrx_word' id='word_1_473' title='bbox 2658 2863 2874 2925; x_wconf 86' lang='grc' dir='ltr'>πάντως</span> <span class='ocrx_word' id='word_1_474' title='bbox 2915 2863 3070 2926; x_wconf 79' lang='grc' dir='ltr'>τινὰς</span> <span class='ocrx_word' id='word_1_475' title='bbox 3117 2862 3268 2936; x_wconf 91' lang='grc' dir='ltr'>σώσῃ</span> <span class='ocrx_word' id='word_1_476' title='bbox 3293 2879 3307 2893; x_wconf 82' lang='lat'><strong><em>°</em></strong></span> <span class='ocrx_word' id='word_1_477' title='bbox 3334 2863 3424 2918; x_wconf 86' lang='grc' dir='ltr'><strong>διά</strong></span> <span class='ocrx_word' id='word_1_478' title='bbox 3465 2864 3629 2916; x_wconf 79' lang='grc' dir='ltr'>τοῦτο</span> 
     </span>
    </p>
   </div>
   <div class='ocr_carea' id='block_1_62' title="bbox 2053 2954 3625 3024">
    <p class='ocr_par' dir='ltr' id='par_1_62' title="bbox 2053 2954 3625 3024">
     <span class='ocr_line' id='line_1_62' title="bbox 2053 2954 3625 3024; baseline 0.001 -16"><span class='ocrx_word' id='word_1_479' title='bbox 2053 2956 2148 3008; x_wconf 79' lang='grc' dir='ltr'><strong>καὶ</strong></span> <span class='ocrx_word' id='word_1_480' title='bbox 2187 2954 2438 3017; x_wconf 86' lang='grc' dir='ltr'>Ἰουδαῖος</span> <span class='ocrx_word' id='word_1_481' title='bbox 2484 2954 2697 3022; x_wconf 86' lang='grc' dir='ltr'>γίνεται</span> <span class='ocrx_word' id='word_1_482' title='bbox 2741 2954 3016 3017; x_wconf 79' lang='grc' dir='ltr'>Ἰουδαίοις</span> <span class='ocrx_word' id='word_1_483' title='bbox 3040 2972 3055 2985; x_wconf 78' lang='grc' dir='ltr'><strong>ο</strong></span> <span class='ocrx_word' id='word_1_484' title='bbox 3091 2955 3187 3008; x_wconf 69' lang='grc' dir='ltr'><strong>καὶ</strong></span> <span class='ocrx_word' id='word_1_485' title='bbox 3246 2957 3360 3016; x_wconf 87' lang='grc' dir='ltr'>τοῖς</span> <span class='ocrx_word' id='word_1_486' title='bbox 3401 2955 3625 3024; x_wconf 81' lang='grc' dir='ltr'>ἀνόμοις</span> 
     </span>
    </p>
   </div>
   <div class='ocr_carea' id='block_1_63' title="bbox 1978 3046 3629 3125">
    <p class='ocr_par' dir='ltr' id='par_1_63' title="bbox 1978 3046 3629 3125">
     <span class='ocr_line' id='line_1_63' title="bbox 1978 3046 3629 3125; baseline 0.001 -24"><span class='ocrx_word' id='word_1_487' title='bbox 1978 3074 2018 3125; x_wconf 64' lang='grc' dir='ltr'><strong>η</strong></span> <span class='ocrx_word' id='word_1_488' title='bbox 2052 3048 2127 3112; x_wconf 90' lang='grc' dir='ltr'>ὼς</span> <span class='ocrx_word' id='word_1_489' title='bbox 2152 3048 2357 3117; x_wconf 76' lang='grc' dir='ltr'>ἄνομος</span> <span class='ocrx_word' id='word_1_490' title='bbox 2382 3046 2685 3101; x_wconf 85' lang='grc' dir='ltr'>διατίθεται</span> <span class='ocrx_word' id='word_1_491' title='bbox 2712 3065 2727 3081; x_wconf 76' lang='grc' dir='ltr'><strong><em>ο</em></strong></span> <span class='ocrx_word' id='word_1_492' title='bbox 2759 3052 2855 3101; x_wconf 77' lang='grc' dir='ltr'>καὶ</span> <span class='ocrx_word' id='word_1_493' title='bbox 2882 3049 3205 3103; x_wconf 85' lang='grc' dir='ltr'>συνασθενεῖ</span> <span class='ocrx_word' id='word_1_494' title='bbox 3230 3048 3629 3114; x_wconf 82' lang='grc' dir='ltr'>τοτςάσθενοῦ-</span> 
     </span>
    </p>
   </div>
   <div class='ocr_carea' id='block_1_64' title="bbox 378 3110 1948 3213">
    <p class='ocr_par' dir='ltr' id='par_1_64' title="bbox 378 3110 1948 3184">
     <span class='ocr_line' id='line_1_64' title="bbox 378 3110 1948 3184; baseline 0.007 -23"><span class='ocrx_word' id='word_1_495' title='bbox 378 3110 608 3162; x_wconf 89' lang='lat' dir='ltr'><strong>structio</strong></span> <span class='ocrx_word' id='word_1_496' title='bbox 637 3112 863 3178; x_wconf 85' lang='lat' dir='ltr'><strong>peccati.</strong></span> <span class='ocrx_word' id='word_1_497' title='bbox 905 3110 1061 3169; x_wconf 85' lang='lat' dir='ltr'><strong>llunc</strong></span> <span class='ocrx_word' id='word_1_498' title='bbox 1086 3116 1188 3169; x_wconf 87' lang='lat' dir='ltr'><strong>sibi</strong></span> <span class='ocrx_word' id='word_1_499' title='bbox 1234 3130 1330 3184; x_wconf 86' lang='lat' dir='ltr'><strong>per</strong></span> <span class='ocrx_word' id='word_1_500' title='bbox 1356 3124 1526 3168; x_wconf 92' lang='lat' dir='ltr'><strong>totum</strong></span> <span class='ocrx_word' id='word_1_501' title='bbox 1557 3116 1678 3171; x_wconf 82' lang='lat' dir='ltr'><strong>vitae</strong></span> <span class='ocrx_word' id='word_1_502' title='bbox 1724 3134 1948 3173; x_wconf 86' lang='lat' dir='ltr'><strong>cursum</strong></span> 
     </span>
    </p>
   </div>
   <div class='ocr_carea' id='block_1_65' title="bbox 2054 3110 3623 3213">
    <p class='ocr_par' dir='ltr' id='par_1_65' title="bbox 2058 3110 3623 3213">
     <span class='ocr_line' id='line_1_65' title="bbox 2058 3110 3623 3213; baseline 0.001 -19"><span class='ocrx_word' id='word_1_503' title='bbox 2058 3110 2162 3195; x_wconf 75' lang='grc' dir='ltr'>σιν.</span> <span class='ocrx_word' id='word_1_504' title='bbox 2196 3161 2215 3192; x_wconf 75' lang='grc' dir='ltr'><strong>ι</strong></span> <span class='ocrx_word' id='word_1_505' title='bbox 2243 3110 2427 3211; x_wconf 58' lang='grc' dir='ltr'>Μηδὲν</span> <span class='ocrx_word' id='word_1_506' title='bbox 2468 3141 2672 3195; x_wconf 84' lang='grc' dir='ltr'>τούτων</span> <span class='ocrx_word' id='word_1_507' title='bbox 2724 3142 2984 3211; x_wconf 71' lang='grc' dir='ltr'>(ἄπαγεί)</span> <span class='ocrx_word' id='word_1_508' title='bbox 3041 3143 3176 3213; x_wconf 78' lang='grc' dir='ltr'>μήτε</span> <span class='ocrx_word' id='word_1_509' title='bbox 3225 3110 3401 3196; x_wconf 25' lang='grc' dir='ltr'>ὢνγὲν</span> <span class='ocrx_word' id='word_1_510' title='bbox 3421 3143 3623 3212; x_wconf 87' lang='grc' dir='ltr'>κρίσει,</span> 
     </span>
    </p>
   </div>
   <div class='ocr_carea' id='block_1_66' title="bbox 378 3201 1949 3278">
    <p class='ocr_par' dir='ltr' id='par_1_66' title="bbox 378 3201 1949 3278">
     <span class='ocr_line' id='line_1_66' title="bbox 378 3201 1949 3278; baseline 0.01 -26"><span class='ocrx_word' id='word_1_511' title='bbox 378 3201 657 3269; x_wconf 78' lang='lat' dir='ltr'><strong>exemplar</strong></span> <span class='ocrx_word' id='word_1_512' title='bbox 712 3218 1020 3271; x_wconf 88' lang='lat' dir='ltr'><strong>proponens</strong></span> <span class='ocrx_word' id='word_1_513' title='bbox 1078 3210 1347 3276; x_wconf 82' lang='lat' dir='ltr'><strong>genuinus</strong></span> <span class='ocrx_word' id='word_1_514' title='bbox 1426 3206 1546 3277; x_wconf 86' lang='lat' dir='ltr'><strong>ejus</strong></span> <span class='ocrx_word' id='word_1_515' title='bbox 1605 3207 1949 3278; x_wconf 89' lang='lat' dir='ltr'><strong>discipulus,</strong></span> 
     </span>
    </p>
   </div>
   <div class='ocr_carea' id='block_1_67' title="bbox 376 3290 1953 3356">
    <p class='ocr_par' dir='ltr' id='par_1_67' title="bbox 376 3290 1953 3356">
     <span class='ocr_line' id='line_1_67' title="bbox 376 3290 1953 3356; baseline 0.009 -14"><span class='ocrx_word' id='word_1_516' title='bbox 376 3290 757 3347; x_wconf 86' lang='lat' dir='ltr'><strong>admirabilem</strong></span> <span class='ocrx_word' id='word_1_517' title='bbox 796 3294 944 3349; x_wconf 90' lang='lat' dir='ltr'><strong>illam</strong></span> <span class='ocrx_word' id='word_1_518' title='bbox 987 3306 1040 3350; x_wconf 90' lang='lat' dir='ltr'><strong>et</strong></span> <span class='ocrx_word' id='word_1_519' title='bbox 1072 3298 1490 3352; x_wconf 84' lang='lat' dir='ltr'><strong>desiderabilem</strong></span> <span class='ocrx_word' id='word_1_520' title='bbox 1519 3302 1953 3356; x_wconf 82' lang='lat' dir='ltr'><strong>conversationis</strong></span> 
     </span>
    </p>
   </div>
   <div class='ocr_carea' id='block_1_68' title="bbox 378 3385 1953 3458">
    <p class='ocr_par' dir='ltr' id='par_1_68' title="bbox 378 3385 1953 3458">
     <span class='ocr_line' id='line_1_68' title="bbox 378 3385 1953 3458; baseline 0.007 -23"><span class='ocrx_word' id='word_1_521' title='bbox 378 3385 924 3451; x_wconf 68' lang='lat' dir='ltr'><strong>repraesentationcm</strong></span> <span class='ocrx_word' id='word_1_522' title='bbox 960 3388 1154 3443; x_wconf 70' lang='lat' dir='ltr'><strong>anima:</strong></span> <span class='ocrx_word' id='word_1_523' title='bbox 1184 3404 1298 3443; x_wconf 72' lang='lat' dir='ltr'><strong>suae</strong></span> <span class='ocrx_word' id='word_1_524' title='bbox 1323 3388 1565 3458; x_wconf 92' lang='lat' dir='ltr'><strong>quotidie</strong></span> <span class='ocrx_word' id='word_1_525' title='bbox 1586 3391 1953 3446; x_wconf 83' lang='lat' dir='ltr'><strong>transcribere</strong></span> 
     </span>
    </p>
   </div>
   <div class='ocr_carea' id='block_1_69' title="bbox 374 3475 1948 3538">
    <p class='ocr_par' dir='ltr' id='par_1_69' title="bbox 374 3475 1948 3538">
     <span class='ocr_line' id='line_1_69' title="bbox 374 3475 1948 3538; baseline 0.006 -9"><span class='ocrx_word' id='word_1_526' title='bbox 374 3483 431 3530; x_wconf 90' lang='lat' dir='ltr'><strong>et</strong></span> <span class='ocrx_word' id='word_1_527' title='bbox 458 3475 746 3533; x_wconf 80' lang='lat' dir='ltr'><strong>eﬂ&#39;ormare</strong></span> <span class='ocrx_word' id='word_1_528' title='bbox 792 3495 901 3534; x_wconf 90' lang='lat' dir='ltr'><strong>non</strong></span> <span class='ocrx_word' id='word_1_529' title='bbox 932 3481 1156 3536; x_wconf 88' lang='lat' dir='ltr'><strong>destitit.</strong></span> <span class='ocrx_word' id='word_1_530' title='bbox 1207 3481 1311 3535; x_wconf 90' lang='lat' dir='ltr'><strong>Sed</strong></span> <span class='ocrx_word' id='word_1_531' title='bbox 1351 3482 1417 3536; x_wconf 91' lang='lat' dir='ltr'><strong>de</strong></span> <span class='ocrx_word' id='word_1_532' title='bbox 1453 3490 1548 3537; x_wconf 91' lang='lat' dir='ltr'><strong>tuo</strong></span> <span class='ocrx_word' id='word_1_533' title='bbox 1594 3482 1763 3537; x_wconf 87' lang='lat' dir='ltr'><strong>dubio</strong></span> <span class='ocrx_word' id='word_1_534' title='bbox 1802 3483 1948 3538; x_wconf 88' lang='lat' dir='ltr'><strong>haud</strong></span> 
     </span>
    </p>
   </div>
   <div class='ocr_carea' id='block_1_70' title="bbox 376 3569 1945 3646">
    <p class='ocr_par' dir='ltr' id='par_1_70' title="bbox 376 3569 1945 3646">
     <span class='ocr_line' id='line_1_70' title="bbox 376 3569 1945 3646; baseline 0.004 -23"><span class='ocrx_word' id='word_1_535' title='bbox 376 3569 492 3623; x_wconf 90' lang='lat' dir='ltr'><strong>scio</strong></span> <span class='ocrx_word' id='word_1_536' title='bbox 525 3586 592 3625; x_wconf 94' lang='lat' dir='ltr'><strong>an</strong></span> <span class='ocrx_word' id='word_1_537' title='bbox 623 3573 768 3640; x_wconf 85' lang='lat' dir='ltr'><strong>quod</strong></span> <span class='ocrx_word' id='word_1_538' title='bbox 802 3574 1187 3644; x_wconf 85' lang='lat' dir='ltr'><strong>requirebatur</strong></span> <span class='ocrx_word' id='word_1_539' title='bbox 1223 3574 1427 3638; x_wconf 89' lang='lat' dir='ltr'><strong>minus,</strong></span> <span class='ocrx_word' id='word_1_540' title='bbox 1458 3585 1608 3629; x_wconf 90' lang='lat' dir='ltr'><strong>certe</strong></span> <span class='ocrx_word' id='word_1_541' title='bbox 1640 3575 1782 3629; x_wconf 88' lang='lat' dir='ltr'><strong>ultra</strong></span> <span class='ocrx_word' id='word_1_542' title='bbox 1825 3576 1945 3646; x_wconf 90' lang='lat' dir='ltr'><strong>epi-</strong></span> 
     </span>
    </p>
   </div>
   <div class='ocr_carea' id='block_1_71' title="bbox 375 3664 1875 3732">
    <p class='ocr_par' dir='ltr' id='par_1_71' title="bbox 375 3664 1875 3732">
     <span class='ocr_line' id='line_1_71' title="bbox 375 3664 1875 3732; baseline 0.004 -15"><span class='ocrx_word' id='word_1_543' title='bbox 375 3664 529 3718; x_wconf 69' lang='lat' dir='ltr'><strong>stola:</strong></span> <span class='ocrx_word' id='word_1_544' title='bbox 553 3666 837 3732; x_wconf 88' lang='lat' dir='ltr'><strong>terminos,</strong></span> <span class='ocrx_word' id='word_1_545' title='bbox 872 3667 973 3722; x_wconf 89' lang='lat' dir='ltr'><strong>ista</strong></span> <span class='ocrx_word' id='word_1_546' title='bbox 1001 3667 1204 3723; x_wconf 86' lang='lat' dir='ltr'><strong>habeas</strong></span> <span class='ocrx_word' id='word_1_547' title='bbox 1232 3668 1519 3724; x_wconf 83' lang='lat' dir='ltr'><strong>solutionis</strong></span> <span class='ocrx_word' id='word_1_548' title='bbox 1549 3669 1690 3724; x_wconf 90' lang='lat' dir='ltr'><strong>vice.</strong></span> <span class='ocrx_word' id='word_1_549' title='bbox 1725 3668 1875 3723; x_wconf 84' lang='lat' dir='ltr'><strong>Vale.</strong></span> 
     </span>
    </p>
   </div>
   <div class='ocr_carea' id='block_1_72' title="bbox 2051 3232 3627 3302">
    <p class='ocr_par' dir='ltr' id='par_1_72' title="bbox 2051 3232 3627 3302">
     <span class='ocr_line' id='line_1_72' title="bbox 2051 3232 3627 3302; baseline -0.001 -16"><span class='ocrx_word' id='word_1_550' title='bbox 2051 3233 2192 3300; x_wconf 85' lang='grc' dir='ltr'>μήτε</span> <span class='ocrx_word' id='word_1_551' title='bbox 2247 3233 2569 3302; x_wconf 70' lang='grc' dir='ltr'>γινόμενοςο</span> <span class='ocrx_word' id='word_1_552' title='bbox 2600 3234 2697 3285; x_wconf 75' lang='grc' dir='ltr'>καὶ</span> <span class='ocrx_word' id='word_1_553' title='bbox 2731 3249 2749 3284; x_wconf 77' lang='grc' dir='ltr'><strong>ε</strong></span> <span class='ocrx_word' id='word_1_554' title='bbox 2800 3234 2914 3295; x_wconf 74' lang='grc' dir='ltr'>τοῖς</span> <span class='ocrx_word' id='word_1_555' title='bbox 2970 3234 3104 3285; x_wconf 83' lang='grc' dir='ltr'>πᾶσι</span> <span class='ocrx_word' id='word_1_556' title='bbox 3158 3233 3338 3287; x_wconf 83' lang='grc' dir='ltr'>πάντα</span> <span class='ocrx_word' id='word_1_557' title='bbox 3393 3232 3627 3300; x_wconf 87' lang='grc' dir='ltr'>γίνεται,</span> 
     </span>
    </p>
   </div>
   <div class='ocr_carea' id='block_1_73' title="bbox 2051 3323 3630 3395">
    <p class='ocr_par' dir='ltr' id='par_1_73' title="bbox 2051 3323 3630 3395">
     <span class='ocr_line' id='line_1_73' title="bbox 2051 3323 3630 3395; baseline 0.001 -19"><span class='ocrx_word' id='word_1_558' title='bbox 2051 3324 2138 3376; x_wconf 85' lang='grc' dir='ltr'><strong>ἵνα</strong></span> <span class='ocrx_word' id='word_1_559' title='bbox 2186 3324 2402 3387; x_wconf 87' lang='grc' dir='ltr'>πάντως</span> <span class='ocrx_word' id='word_1_560' title='bbox 2420 3325 2574 3388; x_wconf 86' lang='grc' dir='ltr'>τινὰς</span> <span class='ocrx_word' id='word_1_561' title='bbox 2600 3326 2701 3393; x_wconf 86' lang='grc' dir='ltr'><strong>τῆς</strong></span> <span class='ocrx_word' id='word_1_562' title='bbox 2729 3324 2942 3393; x_wconf 83' lang='grc' dir='ltr'>πλάνης</span> <span class='ocrx_word' id='word_1_563' title='bbox 2971 3323 3266 3395; x_wconf 79' lang='grc' dir='ltr'>ἀνελκύσῃ.</span> <span class='ocrx_word' id='word_1_564' title='bbox 3307 3342 3327 3375; x_wconf 74' lang='grc' dir='ltr'><strong>ι</strong></span> <span class='ocrx_word' id='word_1_565' title='bbox 3365 3324 3630 3394; x_wconf 78' lang='grc' dir='ltr'>Μιμητῆς</span> 
     </span>
    </p>
   </div>
   <div class='ocr_carea' id='block_1_74' title="bbox 2050 3411 3628 3487">
    <p class='ocr_par' dir='ltr' id='par_1_74' title="bbox 2050 3411 3628 3487">
     <span class='ocr_line' id='line_1_74' title="bbox 2050 3411 3628 3487; baseline 0.001 -17"><span class='ocrx_word' id='word_1_566' title='bbox 2050 3417 2157 3486; x_wconf 79' lang='grc' dir='ltr'>γὰρ</span> <span class='ocrx_word' id='word_1_567' title='bbox 2190 3411 2259 3487; x_wconf 83' lang='grc' dir='ltr'><strong>ἦν</strong></span> <span class='ocrx_word' id='word_1_568' title='bbox 2297 3415 2605 3487; x_wconf 79' lang='grc' dir='ltr'>περιδέξιος</span> <span class='ocrx_word' id='word_1_569' title='bbox 2635 3417 2746 3487; x_wconf 82' lang='grc' dir='ltr'>(ἵνα</span> <span class='ocrx_word' id='word_1_570' title='bbox 2773 3417 2836 3469; x_wconf 80' lang='grc' dir='ltr'><strong>τὸ</strong></span> <span class='ocrx_word' id='word_1_571' title='bbox 2859 3417 3155 3485; x_wconf 84' lang='grc' dir='ltr'>κεφάλαιον</span> <span class='ocrx_word' id='word_1_572' title='bbox 3193 3417 3356 3486; x_wconf 85' lang='grc' dir='ltr'>είπω)</span> <span class='ocrx_word' id='word_1_573' title='bbox 3383 3416 3479 3471; x_wconf 90' lang='grc' dir='ltr'><strong>τοῦ</strong></span> <span class='ocrx_word' id='word_1_574' title='bbox 3507 3434 3628 3471; x_wconf 86' lang='grc' dir='ltr'>κοι-</span> 
     </span>
    </p>
   </div>
   <div class='ocr_carea' id='block_1_75' title="bbox 2052 3506 3632 3579">
    <p class='ocr_par' dir='ltr' id='par_1_75' title="bbox 2052 3506 3632 3579">
     <span class='ocr_line' id='line_1_75' title="bbox 2052 3506 3632 3579; baseline 0.001 -21"><span class='ocrx_word' id='word_1_575' title='bbox 2052 3506 2145 3559; x_wconf 87' lang='grc' dir='ltr'><strong>νοῦ</strong></span> <span class='ocrx_word' id='word_1_576' title='bbox 2175 3507 2426 3577; x_wconf 83' lang='grc' dir='ltr'>Σωτῆρος</span> <span class='ocrx_word' id='word_1_577' title='bbox 2456 3508 2615 3579; x_wconf 79' lang='grc' dir='ltr'>ἡμῶν</span> <span class='ocrx_word' id='word_1_578' title='bbox 2653 3508 2749 3561; x_wconf 76' lang='grc' dir='ltr'><strong>καὶ</strong></span> <span class='ocrx_word' id='word_1_579' title='bbox 2795 3507 3092 3561; x_wconf 86' lang='grc' dir='ltr'>Δεσπότου·</span> <span class='ocrx_word' id='word_1_580' title='bbox 3120 3506 3194 3570; x_wconf 83' lang='grc' dir='ltr'>ὣς</span> <span class='ocrx_word' id='word_1_581' title='bbox 3233 3517 3264 3556; x_wconf 73' lang='grc'><strong><em>1</em></strong></span> <span class='ocrx_word' id='word_1_582' title='bbox 3302 3508 3483 3561; x_wconf 86' lang='grc' dir='ltr'>πάντα</span> <span class='ocrx_word' id='word_1_583' title='bbox 3519 3526 3632 3560; x_wconf 77' lang='grc' dir='ltr'>παο</span> 
     </span>
    </p>
   </div>
   <div class='ocr_carea' id='block_1_76' title="bbox 2055 3598 3631 3669">
    <p class='ocr_par' dir='ltr' id='par_1_76' title="bbox 2055 3598 3631 3669">
     <span class='ocr_line' id='line_1_76' title="bbox 2055 3598 3631 3669; baseline 0.001 -18"><span class='ocrx_word' id='word_1_584' title='bbox 2055 3598 2162 3651; x_wconf 89' lang='grc' dir='ltr'>θὼν</span> <span class='ocrx_word' id='word_1_585' title='bbox 2190 3598 2333 3669; x_wconf 77' lang='grc' dir='ltr'>ὑπὲρ</span> <span class='ocrx_word' id='word_1_586' title='bbox 2375 3599 2535 3668; x_wconf 82' lang='grc' dir='ltr'>ἡμῶν</span> <span class='ocrx_word' id='word_1_587' title='bbox 2583 3600 2775 3667; x_wconf 85' lang='grc' dir='ltr'>ἀφάτῳ</span> <span class='ocrx_word' id='word_1_588' title='bbox 2813 3598 3030 3669; x_wconf 87' lang='grc' dir='ltr'>πλούτῳ</span> <span class='ocrx_word' id='word_1_589' title='bbox 3077 3598 3488 3669; x_wconf 84' lang='grc' dir='ltr'>φιλανθρωπίας</span> <span class='ocrx_word' id='word_1_590' title='bbox 3531 3601 3631 3652; x_wconf 71' lang='grc' dir='ltr'><strong>καὶ</strong></span> 
     </span>
    </p>
   </div>
   <div class='ocr_carea' id='block_1_77' title="bbox 2056 3689 3631 3762">
    <p class='ocr_par' dir='ltr' id='par_1_77' title="bbox 2056 3689 3631 3762">
     <span class='ocr_line' id='line_1_77' title="bbox 2056 3689 3631 3762; baseline -0.001 -18"><span class='ocrx_word' id='word_1_591' title='bbox 2056 3689 2359 3757; x_wconf 84' lang='grc' dir='ltr'>κενώσεως,</span> <span class='ocrx_word' id='word_1_592' title='bbox 2387 3691 2496 3744; x_wconf 79' lang='grc' dir='ltr'>οὐδ’</span> <span class='ocrx_word' id='word_1_593' title='bbox 2526 3691 2793 3761; x_wconf 84' lang='grc' dir='ltr'>ἁμαρτία,</span> <span class='ocrx_word' id='word_1_594' title='bbox 2830 3691 2952 3744; x_wconf 76' lang='grc' dir='ltr'>οὐδὲ</span> <span class='ocrx_word' id='word_1_595' title='bbox 2995 3692 3211 3762; x_wconf 83' lang='grc' dir='ltr'>κατάρα</span> <span class='ocrx_word' id='word_1_596' title='bbox 3249 3690 3519 3762; x_wconf 88' lang='grc' dir='ltr'>κληθῆναι</span> <span class='ocrx_word' id='word_1_597' title='bbox 3557 3692 3631 3744; x_wconf 72' lang='grc' dir='ltr'>δι’</span> 
     </span>
    </p>
   </div>
   <div class='ocr_carea' id='block_1_78' title="bbox 374 3776 3632 3855">
    <p class='ocr_par' dir='ltr' id='par_1_78' title="bbox 374 3776 3632 3855">
     <span class='ocr_line' id='line_1_78' title="bbox 374 3776 3632 3855; baseline 0.002 -26"><span class='ocrx_word' id='word_1_598' title='bbox 374 3776 545 3845; x_wconf 80' lang='grc' dir='ltr'>ἡμᾶς,</span> <span class='ocrx_word' id='word_1_599' title='bbox 602 3779 695 3831; x_wconf 76' lang='grc' dir='ltr'><strong>καὶ</strong></span> <span class='ocrx_word' id='word_1_600' title='bbox 741 3781 1067 3852; x_wconf 86' lang='grc' dir='ltr'>νομισθῆναι</span> <span class='ocrx_word' id='word_1_601' title='bbox 1115 3782 1509 3853; x_wconf 83' lang='grc' dir='ltr'>παρῃτήσατο·</span> <span class='ocrx_word' id='word_1_602' title='bbox 1574 3784 1757 3837; x_wconf 89' lang='grc' dir='ltr'>καίτοι</span> <span class='ocrx_word' id='word_1_603' title='bbox 1817 3784 1973 3855; x_wconf 81' lang='grc' dir='ltr'>πηγὴ</span> <span class='ocrx_word' id='word_1_604' title='bbox 2042 3784 2224 3853; x_wconf 84' lang='grc' dir='ltr'>πάσης</span> <span class='ocrx_word' id='word_1_605' title='bbox 2290 3783 2565 3850; x_wconf 81' lang='grc' dir='ltr'>εὐλογίας.</span> <span class='ocrx_word' id='word_1_606' title='bbox 2625 3784 2719 3838; x_wconf 70' lang='grc' dir='ltr'>καὶ</span> <span class='ocrx_word' id='word_1_607' title='bbox 2781 3785 2963 3855; x_wconf 86' lang='grc' dir='ltr'>πάσης</span> <span class='ocrx_word' id='word_1_608' title='bbox 3013 3784 3293 3855; x_wconf 86' lang='grc' dir='ltr'>ἁμαρτίας</span> <span class='ocrx_word' id='word_1_609' title='bbox 3361 3785 3632 3854; x_wconf 60' lang='grc' dir='ltr'>ὑπάρχων</span> 
     </span>
    </p>
   </div>
   <div class='ocr_carea' id='block_1_79' title="bbox 373 3869 3629 3947">
    <p class='ocr_par' dir='ltr' id='par_1_79' title="bbox 373 3869 3629 3947">
     <span class='ocr_line' id='line_1_79' title="bbox 373 3869 3629 3947; baseline 0.002 -26"><span class='ocrx_word' id='word_1_610' title='bbox 373 3869 676 3939; x_wconf 84' lang='grc' dir='ltr'>ἀναίρεσις.</span> <span class='ocrx_word' id='word_1_611' title='bbox 716 3873 817 3925; x_wconf 89' lang='grc' dir='ltr'>Ὃν</span> <span class='ocrx_word' id='word_1_612' title='bbox 882 3872 971 3926; x_wconf 83' lang='grc' dir='ltr'>διὰ</span> <span class='ocrx_word' id='word_1_613' title='bbox 1032 3874 1149 3943; x_wconf 88' lang='grc' dir='ltr'>βίου</span> <span class='ocrx_word' id='word_1_614' title='bbox 1198 3875 1362 3928; x_wconf 84' lang='grc' dir='ltr'>καλὸν</span> <span class='ocrx_word' id='word_1_615' title='bbox 1429 3876 1787 3946; x_wconf 86' lang='grc' dir='ltr'>παράδειγμα</span> <span class='ocrx_word' id='word_1_616' title='bbox 1828 3878 2281 3947; x_wconf 85' lang='grc' dir='ltr'>προστησάμενος</span> <span class='ocrx_word' id='word_1_617' title='bbox 2322 3876 2352 3928; x_wconf 88' lang='grc' dir='ltr'><strong>ό</strong></span> <span class='ocrx_word' id='word_1_618' title='bbox 2405 3876 2648 3946; x_wconf 89' lang='grc' dir='ltr'>γνήσιος,</span> <span class='ocrx_word' id='word_1_619' title='bbox 2706 3876 2783 3940; x_wconf 89' lang='grc' dir='ltr'>ὼς</span> <span class='ocrx_word' id='word_1_620' title='bbox 2838 3874 3078 3945; x_wconf 88' lang='grc' dir='ltr'>ἀληθῶς,</span> <span class='ocrx_word' id='word_1_621' title='bbox 3128 3874 3398 3946; x_wconf 82' lang='grc' dir='ltr'>μαθητὴς,</span> <span class='ocrx_word' id='word_1_622' title='bbox 3438 3876 3528 3927; x_wconf 77' lang='grc' dir='ltr'><strong>ἀεὶ</strong></span> <span class='ocrx_word' id='word_1_623' title='bbox 3566 3876 3629 3928; x_wconf 64' lang='grc' dir='ltr'>τὸ</span> 
     </span>
    </p>
   </div>
   <div class='ocr_carea' id='block_1_80' title="bbox 373 3958 3630 4041">
    <p class='ocr_par' dir='ltr' id='par_1_80' title="bbox 373 3958 3630 4041">
     <span class='ocr_line' id='line_1_80' title="bbox 373 3958 3630 4041; baseline 0.003 -30"><span class='ocrx_word' id='word_1_624' title='bbox 373 3958 688 4030; x_wconf 85' lang='grc' dir='ltr'>θαυμαστὸν</span> <span class='ocrx_word' id='word_1_625' title='bbox 733 3964 910 4017; x_wconf 77' lang='grc' dir='ltr'>ἐκεῖνο</span> <span class='ocrx_word' id='word_1_626' title='bbox 942 3966 1036 4019; x_wconf 82' lang='grc' dir='ltr'>καὶ</span> <span class='ocrx_word' id='word_1_627' title='bbox 1072 3968 1441 4039; x_wconf 85' lang='grc' dir='ltr'>πολυέραστον</span> <span class='ocrx_word' id='word_1_628' title='bbox 1484 3972 1583 4040; x_wconf 89' lang='grc' dir='ltr'><strong>τῆς</strong></span> <span class='ocrx_word' id='word_1_629' title='bbox 1641 3971 1942 4034; x_wconf 89' lang='grc' dir='ltr'>πολιτείας,</span> <span class='ocrx_word' id='word_1_630' title='bbox 1982 3973 2038 4023; x_wconf 82' lang='grc' dir='ltr'>ἐν</span> <span class='ocrx_word' id='word_1_631' title='bbox 2093 3973 2160 4040; x_wconf 82' lang='grc' dir='ltr'>τῇ</span> <span class='ocrx_word' id='word_1_632' title='bbox 2220 3969 2365 4041; x_wconf 80' lang='grc' dir='ltr'>ψυχῇ</span> <span class='ocrx_word' id='word_1_633' title='bbox 2401 3972 2770 4041; x_wconf 84' lang='grc' dir='ltr'>μεταγράφων</span> <span class='ocrx_word' id='word_1_634' title='bbox 2824 3972 2919 4025; x_wconf 75' lang='grc' dir='ltr'><strong>καὶ</strong></span> <span class='ocrx_word' id='word_1_635' title='bbox 2948 3969 3241 4024; x_wconf 84' lang='grc' dir='ltr'>ἀνατυπῶν</span> <span class='ocrx_word' id='word_1_636' title='bbox 3285 3971 3386 4023; x_wconf 84' lang='grc' dir='ltr'><strong>οὐκ</strong></span> <span class='ocrx_word' id='word_1_637' title='bbox 3416 3971 3630 4039; x_wconf 73' lang='grc' dir='ltr'><strong>άπέλη⁴</strong></span> 
     </span>
    </p>
   </div>
   <div class='ocr_carea' id='block_1_81' title="bbox 371 4055 3633 4138">
    <p class='ocr_par' dir='ltr' id='par_1_81' title="bbox 371 4055 3633 4138">
     <span class='ocr_line' id='line_1_81' title="bbox 371 4055 3633 4138; baseline -0.001 -18"><span class='ocrx_word' id='word_1_638' title='bbox 371 4071 469 4120; x_wconf 79' lang='grc' dir='ltr'><strong>τεν</strong></span> <span class='ocrx_word' id='word_1_639' title='bbox 523 4055 765 4125; x_wconf 71' lang='grc' dir='ltr'><strong>ὁὶΥσιλμα.</strong></span> <span class='ocrx_word' id='word_1_640' title='bbox 805 4058 963 4112; x_wconf 85' lang='grc' dir='ltr'>Ἀλλὰ</span> <span class='ocrx_word' id='word_1_641' title='bbox 1016 4064 1144 4132; x_wconf 79' lang='grc' dir='ltr'>γὰρ,</span> <span class='ocrx_word' id='word_1_642' title='bbox 1196 4065 1326 4133; x_wconf 74' lang='grc' dir='ltr'>περὶ</span> <span class='ocrx_word' id='word_1_643' title='bbox 1370 4065 1466 4118; x_wconf 85' lang='grc' dir='ltr'><strong>τοῦ</strong></span> <span class='ocrx_word' id='word_1_644' title='bbox 1494 4066 1907 4137; x_wconf 80' lang='grc' dir='ltr'>διηπορημένου</span> <span class='ocrx_word' id='word_1_645' title='bbox 1948 4083 2053 4130; x_wconf 87' lang='grc' dir='ltr'>σοι,</span> <span class='ocrx_word' id='word_1_646' title='bbox 2100 4065 2205 4136; x_wconf 87' lang='grc' dir='ltr'><strong>τῆς</strong></span> <span class='ocrx_word' id='word_1_647' title='bbox 2238 4066 2452 4138; x_wconf 89' lang='grc' dir='ltr'>χρείας,</span> <span class='ocrx_word' id='word_1_648' title='bbox 2524 4067 2626 4121; x_wconf 87' lang='grc' dir='ltr'>οὐκ</span> <span class='ocrx_word' id='word_1_649' title='bbox 2655 4063 2755 4121; x_wconf 75' lang='grc' dir='ltr'>οἷδ’</span> <span class='ocrx_word' id='word_1_650' title='bbox 2810 4068 2859 4121; x_wconf 79' lang='grc' dir='ltr'>εἰ</span> <span class='ocrx_word' id='word_1_651' title='bbox 2898 4067 3138 4133; x_wconf 74' lang='grc' dir='ltr'>ἔλαττον,</span> <span class='ocrx_word' id='word_1_652' title='bbox 3166 4066 3354 4137; x_wconf 85' lang='grc' dir='ltr'>τῆς·δ’</span> <span class='ocrx_word' id='word_1_653' title='bbox 3378 4061 3474 4120; x_wconf 83' lang='grc' dir='ltr'><strong>οὖν</strong></span> <span class='ocrx_word' id='word_1_654' title='bbox 3504 4068 3633 4119; x_wconf 67' lang='lat' dir='ltr'><strong>hm-</strong></span> 
     </span>
    </p>
   </div>
   <div class='ocr_carea' id='block_1_82' title="bbox 476 4265 1832 4353">
    <p class='ocr_par' dir='ltr' id='par_1_82' title="bbox 476 4265 1832 4353">
     <span class='ocr_line' id='line_1_82' title="bbox 476 4265 1832 4353; baseline 0.012 -33"><span class='ocrx_word' id='word_1_655' title='bbox 476 4265 803 4332; x_wconf 68' lang='lat' dir='ltr'><strong>QUAESTIO</strong></span> <span class='ocrx_word' id='word_1_656' title='bbox 822 4270 983 4326; x_wconf 79' lang='lat' dir='ltr'>CXIII</span> <span class='ocrx_word' id='word_1_657' title='bbox 1016 4272 1204 4344; x_wconf 70' lang='grc' dir='ltr'><strong>[σοῖσι.</strong></span> <span class='ocrx_word' id='word_1_658' title='bbox 1244 4286 1291 4329; x_wconf 80' lang='lat' dir='ltr'><strong>et</strong></span> <span class='ocrx_word' id='word_1_659' title='bbox 1330 4275 1493 4333; x_wconf 90' lang='lat' dir='ltr'><strong>Taur.</strong></span> <span class='ocrx_word' id='word_1_660' title='bbox 1541 4278 1832 4353; x_wconf 75' lang='lat' dir='ltr'><strong>CXXXV].</strong></span> 
     </span>
    </p>
   </div>
   <div class='ocr_carea' id='block_1_83' title="bbox 754 4361 1555 4426">
    <p class='ocr_par' dir='ltr' id='par_1_83' title="bbox 754 4361 1555 4426">
     <span class='ocr_line' id='line_1_83' title="bbox 754 4361 1555 4426; baseline 0.012 -11"><span class='ocrx_word' id='word_1_661' title='bbox 754 4361 829 4417; x_wconf 85' lang='lat' dir='ltr'><strong>De</strong></span> <span class='ocrx_word' id='word_1_662' title='bbox 876 4364 1213 4420; x_wconf 75' lang='lat' dir='ltr'><strong>tabernaculo</strong></span> <span class='ocrx_word' id='word_1_663' title='bbox 1250 4370 1555 4426; x_wconf 76' lang='lat' dir='ltr'><strong>testimonii.</strong></span> 
     </span>
    </p>
   </div>
   <div class='ocr_carea' id='block_1_84' title="bbox 270 4151 2076 4234">
    <p class='ocr_par' dir='ltr' id='par_1_84' title="bbox 270 4151 2076 4234">
     <span class='ocr_line' id='line_1_84' title="bbox 270 4151 2076 4234; baseline 0.005 -28"><span class='ocrx_word' id='word_1_664' title='bbox 270 4230 273 4234; x_wconf 27' lang='grc' dir='ltr'><strong>Ι</strong></span> <span class='ocrx_word' id='word_1_665' title='bbox 372 4151 565 4219; x_wconf 76' lang='grc' dir='ltr'>στολῆς</span> <span class='ocrx_word' id='word_1_666' title='bbox 604 4154 696 4205; x_wconf 77' lang='grc' dir='ltr'>καὶ</span> <span class='ocrx_word' id='word_1_667' title='bbox 754 4154 848 4208; x_wconf 78' lang='grc' dir='ltr'><strong>ἐπὶ</strong></span> <span class='ocrx_word' id='word_1_668' title='bbox 891 4156 1085 4221; x_wconf 78' lang='grc' dir='ltr'>πλέον,</span> <span class='ocrx_word' id='word_1_669' title='bbox 1119 4158 1218 4222; x_wconf 85' lang='grc' dir='ltr'>τὰς</span> <span class='ocrx_word' id='word_1_670' title='bbox 1264 4159 1445 4223; x_wconf 83' lang='grc' dir='ltr'>λύσεις</span> <span class='ocrx_word' id='word_1_671' title='bbox 1497 4160 1807 4232; x_wconf 88' lang='grc' dir='ltr'>δεχόμενος,</span> <span class='ocrx_word' id='word_1_672' title='bbox 1844 4161 2076 4233; x_wconf 76' lang='grc' dir='ltr'>ἔρρωσο.</span> 
     </span>
    </p>
   </div>
   <div class='ocr_carea' id='block_1_85' title="bbox 2576 4275 3094 4332">
    <p class='ocr_par' dir='ltr' id='par_1_85' title="bbox 2576 4275 3094 4332">
     <span class='ocr_line' id='line_1_85' title="bbox 2576 4275 3094 4332; baseline -0.008 0"><span class='ocrx_word' id='word_1_673' title='bbox 2576 4277 2914 4332; x_wconf 82' lang='grc' dir='ltr'><strong>ΕΡΩΤΗΣΙΣ</strong></span> <span class='ocrx_word' id='word_1_674' title='bbox 2946 4275 3094 4328; x_wconf 75' lang='lat' dir='ltr'><strong>PII&quot;.</strong></span> 
     </span>
    </p>
   </div>
   <div class='ocr_carea' id='block_1_86' title="bbox 2290 4368 3389 4439">
    <p class='ocr_par' dir='ltr' id='par_1_86' title="bbox 2290 4368 3389 4439">
     <span class='ocr_line' id='line_1_86' title="bbox 2290 4368 3389 4439; baseline -0.003 -14"><span class='ocrx_word' id='word_1_675' title='bbox 2290 4370 2430 4439; x_wconf 72' lang='grc' dir='ltr'>Περὶ</span> <span class='ocrx_word' id='word_1_676' title='bbox 2456 4368 2566 4438; x_wconf 86' lang='grc' dir='ltr'><strong>τῆς</strong></span> <span class='ocrx_word' id='word_1_677' title='bbox 2614 4368 2855 4438; x_wconf 79' lang='grc' dir='ltr'>σκηνῆς</span> <span class='ocrx_word' id='word_1_678' title='bbox 2894 4369 3000 4423; x_wconf 82' lang='grc' dir='ltr'><strong>τοῦ</strong></span> <span class='ocrx_word' id='word_1_679' title='bbox 3041 4369 3389 4438; x_wconf 82' lang='grc' dir='ltr'>μαρτυρίου.</span> 
     </span>
    </p>
   </div>
   <div class='ocr_carea' id='block_1_87' title="bbox 850 4477 3106 4549">
    <p class='ocr_par' dir='ltr' id='par_1_87' title="bbox 850 4477 3106 4549">
     <span class='ocr_line' id='line_1_87' title="bbox 850 4477 3106 4549; baseline 0.003 -21"><span class='ocrx_word' id='word_1_680' title='bbox 850 4477 987 4529; x_wconf 85' lang='lat' dir='ltr'><strong>Edita</strong></span> <span class='ocrx_word' id='word_1_681' title='bbox 1012 4495 1039 4529; x_wconf 89' lang='lat' dir='ltr'><strong>a</strong></span> <span class='ocrx_word' id='word_1_682' title='bbox 1064 4479 1381 4546; x_wconf 79' lang='lat' dir='ltr'><strong>Montacutio,</strong></span> <span class='ocrx_word' id='word_1_683' title='bbox 1422 4498 1503 4548; x_wconf 90' lang='lat' dir='ltr'><strong>ep.</strong></span> <span class='ocrx_word' id='word_1_684' title='bbox 1526 4486 1637 4548; x_wconf 79' lang='lat'><strong>219,</strong></span> <span class='ocrx_word' id='word_1_685' title='bbox 1661 4488 1726 4537; x_wconf 87' lang='lat' dir='ltr'><strong>ad</strong></span> <span class='ocrx_word' id='word_1_686' title='bbox 1749 4488 1948 4539; x_wconf 81' lang='lat' dir='ltr'><strong>Leonem</strong></span> <span class='ocrx_word' id='word_1_687' title='bbox 1973 4492 2018 4538; x_wconf 83' lang='lat' dir='ltr'><strong>et</strong></span> <span class='ocrx_word' id='word_1_688' title='bbox 2048 4486 2203 4537; x_wconf 82' lang='lat' dir='ltr'><strong>Galat.</strong></span> <span class='ocrx_word' id='word_1_689' title='bbox 2226 4500 2276 4549; x_wconf 90' lang='lat' dir='ltr'><strong>p.</strong></span> <span class='ocrx_word' id='word_1_690' title='bbox 2302 4487 2531 4535; x_wconf 67' lang='lat'><strong>321-528.</strong></span> <span class='ocrx_word' id='word_1_691' title='bbox 2569 4486 2625 4536; x_wconf 88' lang='lat' dir='ltr'><strong>In</strong></span> <span class='ocrx_word' id='word_1_692' title='bbox 2655 4486 2811 4536; x_wconf 81' lang='lat' dir='ltr'><strong>Exod.</strong></span> <span class='ocrx_word' id='word_1_693' title='bbox 2839 4501 2918 4545; x_wconf 68' lang='lat' dir='ltr'><strong>xc,</strong></span> <span class='ocrx_word' id='word_1_694' title='bbox 2944 4486 3106 4535; x_wconf 84' lang='lat'><strong>19-19.</strong></span> 
     </span>
    </p>
   </div>
   <div class='ocr_carea' id='block_1_88' title="bbox 438 4584 1947 4658">
    <p class='ocr_par' dir='ltr' id='par_1_88' title="bbox 438 4584 1947 4658">
     <span class='ocr_line' id='line_1_88' title="bbox 438 4584 1947 4658; baseline 0.011 -21"><span class='ocrx_word' id='word_1_695' title='bbox 438 4584 600 4650; x_wconf 89' lang='lat' dir='ltr'><strong>Quid,</strong></span> <span class='ocrx_word' id='word_1_696' title='bbox 638 4585 962 4658; x_wconf 83' lang='lat' dir='ltr'><strong>interrogas,</strong></span> <span class='ocrx_word' id='word_1_697' title='bbox 993 4593 1383 4650; x_wconf 85' lang='lat' dir='ltr'><strong>vestimentum</strong></span> <span class='ocrx_word' id='word_1_698' title='bbox 1414 4612 1445 4651; x_wconf 91' lang='lat' dir='ltr'><strong>e</strong></span> <span class='ocrx_word' id='word_1_699' title='bbox 1482 4597 1716 4655; x_wconf 83' lang='lat' dir='ltr'><strong>diversis</strong></span> <span class='ocrx_word' id='word_1_700' title='bbox 1744 4598 1947 4654; x_wconf 87' lang='lat' dir='ltr'><strong>colori-</strong></span> 
     </span>
    </p>
   </div>
   <div class='ocr_carea' id='block_1_89' title="bbox 364 4676 1945 4763">
    <p class='ocr_par' dir='ltr' id='par_1_89' title="bbox 364 4676 1945 4763">
     <span class='ocr_line' id='line_1_89' title="bbox 364 4676 1945 4763; baseline 0.012 -32"><span class='ocrx_word' id='word_1_701' title='bbox 364 4676 467 4732; x_wconf 89' lang='lat' dir='ltr'><strong>bus</strong></span> <span class='ocrx_word' id='word_1_702' title='bbox 501 4690 813 4736; x_wconf 79' lang='lat' dir='ltr'><strong>contextum</strong></span> <span class='ocrx_word' id='word_1_703' title='bbox 838 4684 1206 4742; x_wconf 88' lang='lat' dir='ltr'><strong>adulterinum</strong></span> <span class='ocrx_word' id='word_1_704' title='bbox 1237 4705 1441 4746; x_wconf 86' lang='lat' dir='ltr'><strong>vocans</strong></span> <span class='ocrx_word' id='word_1_705' title='bbox 1472 4692 1768 4763; x_wconf 81' lang='lat' dir='ltr'><strong>legislator,</strong></span> <span class='ocrx_word' id='word_1_706' title='bbox 1798 4695 1945 4763; x_wconf 86' lang='lat' dir='ltr'><strong>ejus-</strong></span> 
     </span>
    </p>
   </div>
   <div class='ocr_carea' id='block_1_90' title="bbox 364 4774 1944 4855">
    <p class='ocr_par' dir='ltr' id='par_1_90' title="bbox 364 4774 1944 4855">
     <span class='ocr_line' id='line_1_90' title="bbox 364 4774 1944 4855; baseline 0.011 -32"><span class='ocrx_word' id='word_1_707' title='bbox 364 4788 470 4839; x_wconf 85' lang='lat' dir='ltr'><strong>que</strong></span> <span class='ocrx_word' id='word_1_708' title='bbox 506 4789 661 4855; x_wconf 79' lang='lat' dir='ltr'><strong>usum</strong></span> <span class='ocrx_word' id='word_1_709' title='bbox 681 4774 958 4843; x_wconf 87' lang='lat' dir='ltr'><strong>prohibuit</strong></span> <span class='ocrx_word' id='word_1_710' title='bbox 992 4778 1059 4832; x_wconf 90' lang='lat' dir='ltr'><strong>iis</strong></span> <span class='ocrx_word' id='word_1_711' title='bbox 1085 4782 1181 4849; x_wconf 93' lang='lat' dir='ltr'><strong>qui</strong></span> <span class='ocrx_word' id='word_1_712' title='bbox 1214 4782 1384 4851; x_wconf 91' lang='lat' dir='ltr'><strong>ipsius</strong></span> <span class='ocrx_word' id='word_1_713' title='bbox 1417 4785 1660 4855; x_wconf 65' lang='lat' dir='ltr'><strong>paedagio</strong></span> <span class='ocrx_word' id='word_1_714' title='bbox 1682 4785 1944 4841; x_wconf 79' lang='lat' dir='ltr'><strong>informa-</strong></span> 
     </span>
    </p>
   </div>
   <div class='ocr_carea' id='block_1_91' title="bbox 364 4849 1941 4934">
    <p class='ocr_par' dir='ltr' id='par_1_91' title="bbox 364 4849 1941 4934">
     <span class='ocr_line' id='line_1_91' title="bbox 364 4849 1941 4934; baseline 0.011 -20"><span class='ocrx_word' id='word_1_715' title='bbox 364 4862 585 4925; x_wconf 85' lang='lat' dir='ltr'><strong>bantur.</strong></span> <span class='ocrx_word' id='word_1_716' title='bbox 617 4849 684 4919; x_wconf 74' lang='lat' dir='ltr'><strong>ne</strong></span> <span class='ocrx_word' id='word_1_717' title='bbox 714 4866 1039 4934; x_wconf 89' lang='lat' dir='ltr'><strong>induerent;</strong></span> <span class='ocrx_word' id='word_1_718' title='bbox 1075 4877 1253 4926; x_wconf 89' lang='lat' dir='ltr'><strong>tamen</strong></span> <span class='ocrx_word' id='word_1_719' title='bbox 1284 4876 1582 4929; x_wconf 89' lang='lat' dir='ltr'><strong>testimonii</strong></span> <span class='ocrx_word' id='word_1_720' title='bbox 1614 4877 1941 4932; x_wconf 88' lang='lat' dir='ltr'><strong>tabernacu-</strong></span> 
     </span>
    </p>
   </div>
   <div class='ocr_carea' id='block_1_92' title="bbox 363 4950 1938 5038">
    <p class='ocr_par' dir='ltr' id='par_1_92' title="bbox 363 4950 1938 5038">
     <span class='ocr_line' id='line_1_92' title="bbox 363 4950 1938 5038; baseline 0.012 -35"><span class='ocrx_word' id='word_1_721' title='bbox 363 4950 480 5006; x_wconf 91' lang='lat' dir='ltr'><strong>lum</strong></span> <span class='ocrx_word' id='word_1_722' title='bbox 545 4954 818 5007; x_wconf 88' lang='lat' dir='ltr'><strong>talismodi</strong></span> <span class='ocrx_word' id='word_1_723' title='bbox 870 4957 1219 5025; x_wconf 83' lang='lat' dir='ltr'><strong>operimentis</strong></span> <span class='ocrx_word' id='word_1_724' title='bbox 1278 4961 1444 5015; x_wconf 89' lang='lat' dir='ltr'><strong>velari</strong></span> <span class='ocrx_word' id='word_1_725' title='bbox 1478 4963 1681 5032; x_wconf 86' lang='lat' dir='ltr'><strong>jubet:</strong></span> <span class='ocrx_word' id='word_1_726' title='bbox 1726 4966 1779 5020; x_wconf 92' lang='lat' dir='ltr'><strong>in</strong></span> <span class='ocrx_word' id='word_1_727' title='bbox 1827 4983 1938 5038; x_wconf 92' lang='lat' dir='ltr'><strong>quo</strong></span> 
     </span>
    </p>
   </div>
   <div class='ocr_carea' id='block_1_93' title="bbox 363 5045 1942 5117">
    <p class='ocr_par' dir='ltr' id='par_1_93' title="bbox 363 5045 1942 5117">
     <span class='ocr_line' id='line_1_93' title="bbox 363 5045 1942 5117; baseline 0.01 -18"><span class='ocrx_word' id='word_1_728' title='bbox 363 5045 649 5100; x_wconf 81' lang='lat' dir='ltr'><strong>videbatur</strong></span> <span class='ocrx_word' id='word_1_729' title='bbox 677 5045 823 5103; x_wconf 90' lang='lat' dir='ltr'><strong>Deus</strong></span> <span class='ocrx_word' id='word_1_730' title='bbox 858 5065 1128 5117; x_wconf 76' lang='lat' dir='ltr'><strong>praesens,</strong></span> <span class='ocrx_word' id='word_1_731' title='bbox 1168 5064 1222 5108; x_wconf 91' lang='lat' dir='ltr'><strong>et</strong></span> <span class='ocrx_word' id='word_1_732' title='bbox 1269 5054 1466 5111; x_wconf 89' lang='lat' dir='ltr'><strong>Sancta</strong></span> <span class='ocrx_word' id='word_1_733' title='bbox 1496 5068 1810 5113; x_wconf 90' lang='lat' dir='ltr'><strong>sanctorum</strong></span> <span class='ocrx_word' id='word_1_734' title='bbox 1853 5077 1942 5115; x_wconf 90' lang='lat' dir='ltr'><strong>re-</strong></span> 
     </span>
    </p>
   </div>
   <div class='ocr_carea' id='block_1_94' title="bbox 362 5138 1945 5221">
    <p class='ocr_par' dir='ltr' id='par_1_94' title="bbox 362 5138 1945 5221">
     <span class='ocr_line' id='line_1_94' title="bbox 362 5138 1945 5221; baseline 0.011 -30"><span class='ocrx_word' id='word_1_735' title='bbox 362 5138 756 5194; x_wconf 86' lang='lat' dir='ltr'><strong>condebautur.</strong></span> <span class='ocrx_word' id='word_1_736' title='bbox 782 5142 920 5197; x_wconf 88' lang='lat' dir='ltr'><strong>Audi</strong></span> <span class='ocrx_word' id='word_1_737' title='bbox 943 5153 1120 5199; x_wconf 89' lang='lat' dir='ltr'><strong>autem</strong></span> <span class='ocrx_word' id='word_1_738' title='bbox 1152 5150 1557 5205; x_wconf 89' lang='lat' dir='ltr'><strong>rationemhuic</strong></span> <span class='ocrx_word' id='word_1_739' title='bbox 1572 5153 1858 5221; x_wconf 72' lang='lat' dir='ltr'><strong>quaestioni</strong></span> <span class='ocrx_word' id='word_1_740' title='bbox 1891 5165 1945 5210; x_wconf 88' lang='lat' dir='ltr'><strong>et</strong></span> 
     </span>
    </p>
   </div>
   <div class='ocr_carea' id='block_1_95' title="bbox 364 5225 1941 5303">
    <p class='ocr_par' dir='ltr' id='par_1_95' title="bbox 364 5225 1941 5303">
     <span class='ocr_line' id='line_1_95' title="bbox 364 5225 1941 5303; baseline 0.009 -23"><span class='ocrx_word' id='word_1_741' title='bbox 364 5225 638 5281; x_wconf 86' lang='lat' dir='ltr'><strong>similibus</strong></span> <span class='ocrx_word' id='word_1_742' title='bbox 684 5241 1113 5299; x_wconf 75' lang='lat' dir='ltr'><strong>congruentem:</strong></span> <span class='ocrx_word' id='word_1_743' title='bbox 1160 5232 1377 5303; x_wconf 86' lang='lat' dir='ltr'><strong>divinus</strong></span> <span class='ocrx_word' id='word_1_744' title='bbox 1432 5235 1608 5292; x_wconf 81' lang='lat' dir='ltr'><strong>Moses</strong></span> <span class='ocrx_word' id='word_1_745' title='bbox 1647 5254 1770 5292; x_wconf 92' lang='lat' dir='ltr'><strong>cum</strong></span> <span class='ocrx_word' id='word_1_746' title='bbox 1814 5241 1941 5295; x_wconf 91' lang='lat' dir='ltr'><strong>talia</strong></span> 
     </span>
    </p>
   </div>
   <div class='ocr_carea' id='block_1_96' title="bbox 364 5318 1941 5394">
    <p class='ocr_par' dir='ltr' id='par_1_96' title="bbox 364 5318 1941 5394">
     <span class='ocr_line' id='line_1_96' title="bbox 364 5318 1941 5394; baseline 0.009 -21"><span class='ocrx_word' id='word_1_747' title='bbox 364 5318 670 5384; x_wconf 85' lang='lat' dir='ltr'><strong>mandaret,</strong></span> <span class='ocrx_word' id='word_1_748' title='bbox 701 5319 927 5390; x_wconf 83' lang='lat' dir='ltr'><strong>praecise</strong></span> <span class='ocrx_word' id='word_1_749' title='bbox 962 5323 1132 5379; x_wconf 91' lang='lat' dir='ltr'><strong>voluit</strong></span> <span class='ocrx_word' id='word_1_750' title='bbox 1164 5326 1471 5394; x_wconf 78' lang='lat' dir='ltr'><strong>signiﬁcare</strong></span> <span class='ocrx_word' id='word_1_751' title='bbox 1502 5344 1609 5383; x_wconf 92' lang='lat' dir='ltr'><strong>non</strong></span> <span class='ocrx_word' id='word_1_752' title='bbox 1643 5346 1765 5386; x_wconf 87' lang='lat' dir='ltr'><strong>esse</strong></span> <span class='ocrx_word' id='word_1_753' title='bbox 1798 5331 1941 5387; x_wconf 85' lang='lat' dir='ltr'><strong>litte-</strong></span> 
     </span>
    </p>
   </div>
   <div class='ocr_carea' id='block_1_97' title="bbox 2120 4596 3625 4670">
    <p class='ocr_par' dir='ltr' id='par_1_97' title="bbox 2120 4596 3625 4670">
     <span class='ocr_line' id='line_1_97' title="bbox 2120 4596 3625 4670; baseline 0.001 -19"><span class='ocrx_word' id='word_1_754' title='bbox 2120 4596 2187 4651; x_wconf 86' lang='grc' dir='ltr'>Τί</span> <span class='ocrx_word' id='word_1_755' title='bbox 2218 4598 2436 4668; x_wconf 86' lang='grc' dir='ltr'>δήποτε,</span> <span class='ocrx_word' id='word_1_756' title='bbox 2470 4597 2715 4670; x_wconf 85' lang='grc' dir='ltr'>πυνθάνῃ</span> <span class='ocrx_word' id='word_1_757' title='bbox 2769 4598 2831 4649; x_wconf 84' lang='grc' dir='ltr'>τὸ</span> <span class='ocrx_word' id='word_1_758' title='bbox 2882 4598 2947 4651; x_wconf 83' lang='grc' dir='ltr'><strong>ἐκ</strong></span> <span class='ocrx_word' id='word_1_759' title='bbox 3000 4596 3276 4666; x_wconf 80' lang='grc' dir='ltr'>διαφόρων</span> <span class='ocrx_word' id='word_1_760' title='bbox 3317 4597 3625 4667; x_wconf 86' lang='grc' dir='ltr'>χρωμάτων</span> 
     </span>
    </p>
   </div>
   <div class='ocr_carea' id='block_1_98' title="bbox 2047 4686 3625 4761">
    <p class='ocr_par' dir='ltr' id='par_1_98' title="bbox 2047 4686 3625 4761">
     <span class='ocr_line' id='line_1_98' title="bbox 2047 4686 3625 4761; baseline 0.001 -21"><span class='ocrx_word' id='word_1_761' title='bbox 2047 4686 2298 4758; x_wconf 81' lang='grc' dir='ltr'>ὕφασμα,</span> <span class='ocrx_word' id='word_1_762' title='bbox 2329 4687 2580 4757; x_wconf 79' lang='grc' dir='ltr'>κίϐδηλόν</span> <span class='ocrx_word' id='word_1_763' title='bbox 2608 4706 2667 4741; x_wconf 89' lang='grc' dir='ltr'><strong>τε</strong></span> <span class='ocrx_word' id='word_1_764' title='bbox 2694 4688 2895 4750; x_wconf 86' lang='grc' dir='ltr'>καλῶν,</span> <span class='ocrx_word' id='word_1_765' title='bbox 2929 4688 3023 4742; x_wconf 75' lang='grc' dir='ltr'><strong>καὶ</strong></span> <span class='ocrx_word' id='word_1_766' title='bbox 3047 4689 3376 4759; x_wconf 78' lang='grc' dir='ltr'>ἀποτρέπων</span> <span class='ocrx_word' id='word_1_767' title='bbox 3400 4690 3428 4741; x_wconf 86' lang='grc' dir='ltr'><strong>ὁ</strong></span> <span class='ocrx_word' id='word_1_768' title='bbox 3463 4706 3625 4761; x_wconf 55' lang='lat' dir='ltr'><strong>vatio-</strong></span> 
     </span>
    </p>
   </div>
   <div class='ocr_carea' id='block_1_99' title="bbox 2045 4778 3622 4848">
    <p class='ocr_par' dir='ltr' id='par_1_99' title="bbox 2045 4778 3622 4848">
     <span class='ocr_line' id='line_1_99' title="bbox 2045 4778 3622 4848; baseline -0.001 -16"><span class='ocrx_word' id='word_1_769' title='bbox 2045 4779 2207 4848; x_wconf 81' lang='grc' dir='ltr'>θέτης</span> <span class='ocrx_word' id='word_1_770' title='bbox 2233 4779 2355 4841; x_wconf 85' lang='grc' dir='ltr'>τοὺς</span> <span class='ocrx_word' id='word_1_771' title='bbox 2383 4780 2475 4832; x_wconf 76' lang='grc' dir='ltr'>ὑπ’</span> <span class='ocrx_word' id='word_1_772' title='bbox 2509 4779 2674 4832; x_wconf 84' lang='grc' dir='ltr'>αὐτοῦ</span> <span class='ocrx_word' id='word_1_773' title='bbox 2713 4778 3270 4847; x_wconf 84' lang='grc' dir='ltr'>παιδαγωγουμένους</span> <span class='ocrx_word' id='word_1_774' title='bbox 3316 4779 3622 4848; x_wconf 83' lang='grc' dir='ltr'>ἀμφιέννυ-</span> 
     </span>
    </p>
   </div>
   <div class='ocr_carea' id='block_1_100' title="bbox 2047 4869 3622 4942">
    <p class='ocr_par' dir='ltr' id='par_1_100' title="bbox 2047 4869 3622 4942">
     <span class='ocr_line' id='line_1_100' title="bbox 2047 4869 3622 4942; baseline -0.002 -19"><span class='ocrx_word' id='word_1_775' title='bbox 2047 4872 2193 4937; x_wconf 84' lang='grc' dir='ltr'>σθαι,</span> <span class='ocrx_word' id='word_1_776' title='bbox 2227 4873 2324 4941; x_wconf 84' lang='grc' dir='ltr'>τὴν</span> <span class='ocrx_word' id='word_1_777' title='bbox 2355 4871 2449 4923; x_wconf 90' lang='grc' dir='ltr'><strong>τοῦ</strong></span> <span class='ocrx_word' id='word_1_778' title='bbox 2484 4873 2785 4942; x_wconf 85' lang='grc' dir='ltr'>μαρτυρίου</span> <span class='ocrx_word' id='word_1_779' title='bbox 2825 4870 3031 4942; x_wconf 84' lang='grc' dir='ltr'>σκηνὴν</span> <span class='ocrx_word' id='word_1_780' title='bbox 3076 4869 3343 4933; x_wconf 77' lang='grc' dir='ltr'>τοιούτοις</span> <span class='ocrx_word' id='word_1_781' title='bbox 3392 4871 3622 4941; x_wconf 74' lang='grc' dir='ltr'>ἐπιϐλή-</span> 
     </span>
    </p>
   </div>
   <div class='ocr_carea' id='block_1_101' title="bbox 2048 4956 3623 5034">
    <p class='ocr_par' dir='ltr' id='par_1_101' title="bbox 2048 4956 3623 5034">
     <span class='ocr_line' id='line_1_101' title="bbox 2048 4956 3623 5034; baseline 0.001 -19"><span class='ocrx_word' id='word_1_782' title='bbox 2048 4981 2181 5031; x_wconf 85' lang='grc' dir='ltr'>μασι</span> <span class='ocrx_word' id='word_1_783' title='bbox 2206 4964 2536 5034; x_wconf 83' lang='grc' dir='ltr'>προστάσσει</span> <span class='ocrx_word' id='word_1_784' title='bbox 2569 4964 2964 5025; x_wconf 81' lang='grc' dir='ltr'>καλύπτεσθαι,</span> <span class='ocrx_word' id='word_1_785' title='bbox 3003 4956 3121 5034; x_wconf 81' lang='grc' dir='ltr'>ὲνῇ</span> <span class='ocrx_word' id='word_1_786' title='bbox 3161 4962 3294 5025; x_wconf 85' lang='grc' dir='ltr'>Θεός</span> <span class='ocrx_word' id='word_1_787' title='bbox 3326 4979 3383 5015; x_wconf 88' lang='grc' dir='ltr'><strong>τε</strong></span> <span class='ocrx_word' id='word_1_788' title='bbox 3429 4962 3623 5017; x_wconf 86' lang='grc' dir='ltr'>ώπτά-</span> 
     </span>
    </p>
   </div>
   <div class='ocr_carea' id='block_1_102' title="bbox 2044 5052 3621 5124">
    <p class='ocr_par' dir='ltr' id='par_1_102' title="bbox 2044 5052 3621 5124">
     <span class='ocr_line' id='line_1_102' title="bbox 2044 5052 3621 5124; baseline -0.003 -15"><span class='ocrx_word' id='word_1_789' title='bbox 2044 5072 2186 5121; x_wconf 88' lang='grc' dir='ltr'>νετο,</span> <span class='ocrx_word' id='word_1_790' title='bbox 2216 5056 2312 5109; x_wconf 72' lang='grc' dir='ltr'>καὶ</span> <span class='ocrx_word' id='word_1_791' title='bbox 2340 5055 2407 5108; x_wconf 72' lang='grc' dir='ltr'>τὰ</span> <span class='ocrx_word' id='word_1_792' title='bbox 2435 5055 2542 5109; x_wconf 89' lang='grc' dir='ltr'><strong>τῶν</strong></span> <span class='ocrx_word' id='word_1_793' title='bbox 2559 5056 2741 5124; x_wconf 72' lang='grc' dir='ltr'>ῥιγὶων</span> <span class='ocrx_word' id='word_1_794' title='bbox 2769 5056 3028 5110; x_wconf 78' lang='grc' dir='ltr'>ἀπέκειτο</span> <span class='ocrx_word' id='word_1_795' title='bbox 3059 5054 3259 5121; x_wconf 80' lang='grc' dir='ltr'>”Αγια;</span> <span class='ocrx_word' id='word_1_796' title='bbox 3303 5052 3552 5115; x_wconf 79' lang='grc' dir='ltr'>’Δκούοις</span> <span class='ocrx_word' id='word_1_797' title='bbox 3574 5052 3621 5105; x_wconf 83' lang='grc' dir='ltr'>δ’</span> 
     </span>
    </p>
   </div>
   <div class='ocr_carea' id='block_1_103' title="bbox 2043 5144 3622 5218">
    <p class='ocr_par' dir='ltr' id='par_1_103' title="bbox 2043 5144 3622 5218">
     <span class='ocr_line' id='line_1_103' title="bbox 2043 5144 3622 5218; baseline -0.001 -17"><span class='ocrx_word' id='word_1_798' title='bbox 2043 5149 2110 5201; x_wconf 84' lang='grc' dir='ltr'>ἂν</span> <span class='ocrx_word' id='word_1_799' title='bbox 2136 5148 2334 5211; x_wconf 84' lang='grc' dir='ltr'>κοινὸν,</span> <span class='ocrx_word' id='word_1_800' title='bbox 2368 5151 2454 5202; x_wconf 78' lang='grc' dir='ltr'><strong>ἐπ’</strong></span> <span class='ocrx_word' id='word_1_801' title='bbox 2492 5148 2659 5203; x_wconf 84' lang='grc' dir='ltr'>αὑτοῦ</span> <span class='ocrx_word' id='word_1_802' title='bbox 2693 5165 2754 5201; x_wconf 89' lang='grc' dir='ltr'><strong>τε</strong></span> <span class='ocrx_word' id='word_1_803' title='bbox 2781 5148 2876 5202; x_wconf 79' lang='grc' dir='ltr'>καὶ</span> <span class='ocrx_word' id='word_1_804' title='bbox 2903 5147 3011 5200; x_wconf 86' lang='grc' dir='ltr'><strong>τῶν</strong></span> <span class='ocrx_word' id='word_1_805' title='bbox 3040 5146 3267 5218; x_wconf 83' lang='grc' dir='ltr'>ὁμοίων,</span> <span class='ocrx_word' id='word_1_806' title='bbox 3299 5144 3456 5214; x_wconf 82' lang='grc' dir='ltr'>λόγον</span> <span class='ocrx_word' id='word_1_807' title='bbox 3478 5148 3622 5200; x_wconf 85' lang='grc' dir='ltr'>ἀπο-</span> 
     </span>
    </p>
   </div>
   <div class='ocr_carea' id='block_1_104' title="bbox 2043 5239 3621 5312">
    <p class='ocr_par' dir='ltr' id='par_1_104' title="bbox 2043 5239 3621 5312">
     <span class='ocr_line' id='line_1_104' title="bbox 2043 5239 3621 5312; baseline -0.001 -19"><span class='ocrx_word' id='word_1_808' title='bbox 2043 5241 2319 5310; x_wconf 85' lang='grc' dir='ltr'>διδόμενον</span> <span class='ocrx_word' id='word_1_809' title='bbox 2341 5260 2355 5272; x_wconf 76' lang='grc' dir='ltr'><strong><em>ο</em></strong></span> <span class='ocrx_word' id='word_1_810' title='bbox 2380 5243 2457 5305; x_wconf 85' lang='grc' dir='ltr'>ὡς</span> <span class='ocrx_word' id='word_1_811' title='bbox 2481 5243 2549 5296; x_wconf 84' lang='grc' dir='ltr'><strong>τά</strong></span> <span class='ocrx_word' id='word_1_812' title='bbox 2571 5242 2796 5295; x_wconf 88' lang='grc' dir='ltr'>τοιαῦτα</span> <span class='ocrx_word' id='word_1_813' title='bbox 2826 5240 3139 5312; x_wconf 87' lang='grc' dir='ltr'>νομοθετῶν</span> <span class='ocrx_word' id='word_1_814' title='bbox 3168 5240 3198 5292; x_wconf 84' lang='grc' dir='ltr'>ὁ</span> <span class='ocrx_word' id='word_1_815' title='bbox 3223 5239 3365 5302; x_wconf 86' lang='grc' dir='ltr'>θεῖος</span> <span class='ocrx_word' id='word_1_816' title='bbox 3416 5240 3621 5309; x_wconf 85' lang='grc' dir='ltr'>Μωσῆς</span> 
     </span>
    </p>
   </div>
   <div class='ocr_carea' id='block_1_105' title="bbox 2043 5327 3617 5404">
    <p class='ocr_par' dir='ltr' id='par_1_105' title="bbox 2043 5327 3617 5404">
     <span class='ocr_line' id='line_1_105' title="bbox 2043 5327 3617 5404; baseline -0.003 -19"><span class='ocrx_word' id='word_1_817' title='bbox 2043 5331 2289 5403; x_wconf 79' lang='grc' dir='ltr'>ἀκριϐῶς</span> <span class='ocrx_word' id='word_1_818' title='bbox 2318 5331 2529 5404; x_wconf 79' lang='grc' dir='ltr'>ἐδήλου,</span> <span class='ocrx_word' id='word_1_819' title='bbox 2562 5332 2637 5404; x_wconf 84' lang='grc' dir='ltr'>μὴ</span> <span class='ocrx_word' id='word_1_820' title='bbox 2662 5330 2860 5403; x_wconf 85' lang='grc' dir='ltr'>χρῆναι</span> <span class='ocrx_word' id='word_1_821' title='bbox 2891 5333 3071 5402; x_wconf 81' lang='grc' dir='ltr'>γυμνῇ</span> <span class='ocrx_word' id='word_1_822' title='bbox 3117 5327 3510 5400; x_wconf 78' lang='grc' dir='ltr'>προσεδρεύειν</span> <span class='ocrx_word' id='word_1_823' title='bbox 3551 5332 3617 5400; x_wconf 78' lang='grc' dir='ltr'>τῇ</span> 
     </span>
    </p>
   </div>
   <div class='ocr_carea' id='block_1_106' title="bbox 1664 5510 2356 5570">
    <p class='ocr_par' dir='ltr' id='par_1_106' title="bbox 1664 5510 2356 5570">
     <span class='ocr_line' id='line_1_106' title="bbox 1664 5510 2356 5570; baseline 0.01 -7"><span class='ocrx_word' id='word_1_824' title='bbox 1664 5510 1899 5565; x_wconf 68' lang='grc' dir='ltr'><strong>ΥΑΠΙΑΞ</strong></span> <span class='ocrx_word' id='word_1_825' title='bbox 1956 5510 2356 5570; x_wconf 84' lang='lat' dir='ltr'><strong>LECTIONES.</strong></span> 
     </span>
    </p>
   </div>
   <div class='ocr_carea' id='block_1_107' title="bbox 447 5686 987 5760">
    <p class='ocr_par' dir='ltr' id='par_1_107' title="bbox 447 5686 987 5760">
     <span class='ocr_line' id='line_1_107' title="bbox 447 5686 987 5760; baseline 0.009 -20"><span class='ocrx_word' id='word_1_826' title='bbox 447 5692 476 5725; x_wconf 81' lang='grc'>³</span> <span class='ocrx_word' id='word_1_827' title='bbox 497 5686 558 5743; x_wconf 77' lang='lat' dir='ltr'><strong>G.</strong></span> <span class='ocrx_word' id='word_1_828' title='bbox 581 5687 652 5745; x_wconf 83' lang='grc' dir='ltr'><strong>Μ.</strong></span> <span class='ocrx_word' id='word_1_829' title='bbox 686 5690 751 5744; x_wconf 78' lang='grc' dir='ltr'>ἐκ</span> <span class='ocrx_word' id='word_1_830' title='bbox 778 5691 987 5760; x_wconf 79' lang='grc' dir='ltr'>γένους.</span> 
     </span>
    </p>
   </div>
   <div class='ocr_carea' id='block_1_108' title="bbox 1066 5691 2139 5761">
    <p class='ocr_par' dir='ltr' id='par_1_108' title="bbox 1066 5691 2139 5761">
     <span class='ocr_line' id='line_1_108' title="bbox 1066 5691 2139 5761; baseline 0 -12"><span class='ocrx_word' id='word_1_831' title='bbox 1066 5697 1118 5731; x_wconf 69' lang='grc' dir='ltr'><strong>ι’</strong></span> <span class='ocrx_word' id='word_1_832' title='bbox 1148 5693 1211 5750; x_wconf 83' lang='lat' dir='ltr'><strong>C.</strong></span> <span class='ocrx_word' id='word_1_833' title='bbox 1253 5692 1325 5750; x_wconf 83' lang='lat' dir='ltr'><strong>M.</strong></span> <span class='ocrx_word' id='word_1_834' title='bbox 1349 5695 1576 5761; x_wconf 78' lang='grc' dir='ltr'>πάντας.</span> <span class='ocrx_word' id='word_1_835' title='bbox 1616 5702 1644 5743; x_wconf 69' lang='grc'>7</span> <span class='ocrx_word' id='word_1_836' title='bbox 1676 5694 1736 5751; x_wconf 88' lang='lat' dir='ltr'><strong>C.</strong></span> <span class='ocrx_word' id='word_1_837' title='bbox 1772 5691 1843 5748; x_wconf 78' lang='grc' dir='ltr'><strong>Μ.</strong></span> <span class='ocrx_word' id='word_1_838' title='bbox 1875 5704 2020 5752; x_wconf 71' lang='lat' dir='ltr'><strong>recte</strong></span> <span class='ocrx_word' id='word_1_839' title='bbox 2059 5695 2139 5759; x_wconf 87' lang='grc' dir='ltr'><strong>ὃς.</strong></span> 
     </span>
    </p>
   </div>
  </div>
