3880 6206
289 274 397 337 665

1212 276 1311 336 ΑΙ)
1334 276 1925 339 AMPHILOCHIUM
1960 274 2303 347 QUESTIO
2329 277 2541 338 CXIII.

3421 280 3525 343 666

289 384 433 449 λέξει
462 382 558 435 τοῦ
608 384 961 454 γράμματος,
1016 382 1151 453 μηδὲ
1194 384 1274 454 τῷ
1314 384 1589 456 προχείρῳ
1624 402 1851 458 προσαν·

1963 397 2039 438 ra:
2058 382 2441 438 adhaerendum
2476 383 2712 453 penitus,
2758 398 2859 439 nec
2886 386 3268 442 attendendum
3294 389 3360 444 ad
3402 407 3527 447 sen-

288 476 435 546 ἐχειν
449 474 548 545 τῆς
570 474 916 544 καταλέψεως
935 484 957 511 ι
978 490 991 504 ·
1009 477 1122 538 τοῖς
1136 475 1244 549 γὰρ
1262 476 1709 545 διαφιλονεικοῦσι
1725 479 1858 533 ταύ-

286 587 356 642 τῃ
386 569 478 621 τὸν
510 567 636 622 νοῦν
662 568 771 622 τών
802 571 1283 640 προσταττομένων
1317 570 1501 624 λαϐεῖν
1514 572 1615 626 οὐκ
1640 573 1707 627 ἄν
1725 589 1858 626 ποτε

289 661 598 731 θηράσιμος
628 660 859 729 γένοιτο.
892 661 1143 716 Τοιοῦτον
1172 662 1281 733 γὰρ
1298 665 1390 717 καὶ
1409 664 1489 730 τὸ,
1512 667 1572 718 ὲν
1592 665 1858 737 Σαϐϐάτῳ

287 755 535 808 κελεύειν
568 754 735 825 μηδὲν
763 755 899 818 ὅλως
924 756 1257 825 ἐργάζεσθαι
1277 772 1291 786 ·
1314 759 1439 821 τοὺς
1468 758 1525 811 δὲ
1554 760 1724 829 ἱερεῖς
1744 763 1861 812 ἐπι-

285 847 509 915 τρέπειν
561 846 654 899 ὲπὶ
705 849 822 910 ταῖς
859 846 1070 911 θυσίαις
1097 849 1190 901 καὶ
1222 847 1558 913 ξυλοκοπεῖν,
1594 853 1688 903 καὶ
1719 866 1857 918 σιρα-

285 937 499 1007 γιάζειν
528 950 553 978 ι
589 937 681 999 οὓς
711 938 818 991 ἔδει
852 940 1050 1009 μᾶλλον
1090 940 1196 992 τῶν
1223 940 1397 994 ἄλλων
1426 941 1713 1011 γνώμονας
1745 942 1855 994 ώσ-

284 1043 394 1097 περ
423 1028 519 1080 καὶ
543 1027 850 1098 ἀρχέτυπον
880 1028 972 1081 τοῦ
1006 1029 1240 1099 πλήθους
1271 1030 1450 1095 ὄντας,
1479 1030 1541 1083 τὸ
1562 1030 1659 1101 τῆς
1697 1048 1859 1100 νομο-

285 1118 476 1181 θεσίας
509 1120 798 1187 φυλάττειν
835 1121 1108 1191 ἀκήρατον
1131 1142 1142 1153 ·
1168 1121 1249 1174 ἔτι
1283 1122 1340 1175 δὲ
1377 1122 1553 1176 καὶτὸ
1584 1123 1855 1193 προστάσ-

286 1225 424 1273 σειν,
455 1209 519 1261 ὲκ
543 1207 705 1263 λίθων
732 1209 957 1279 τμητῶν
989 1210 1065 1281 μὴ
1104 1214 1537 1278 κατασκευάζειν
1573 1213 1857 1284 θυσιαστή·

286 1316 401 1370 ρια,
449 1301 529 1353 ὅτι
566 1299 893 1371 μεμίανται*
926 1304 1022 1355 καὶ
1069 1302 1164 1357 τοῦ
1215 1306 1513 1373 μεμιάνθαι
1545 1305 1643 1376 τὴν
1673 1306 1854 1360 αἰτίαν

283 1392 515 1458 ἐπάγειν
546 1392 607 1443 τὸ
635 1391 977 1463 ἐγχειρίδιον,
1029 1395 1220 1464 ὅτιπερ
1257 1398 1440 1460 αὐτοῖς
1474 1397 1633 1451 τοῦτο
1663 1398 1855 1469 ξυομέ-

284 1500 397 1547 νοις
432 1485 458 1523 δ
482 1482 842 1554 ἐπιϐέϐληται
866 1501 879 1513 ·
910 1485 988 1556 τῷ
1016 1487 1319 1557 ἐγχειριδίῳ
1334 1489 1391 1541 δὲ
1413 1490 1509 1543 καὶ
1538 1491 1669 1544 αὐτὸ
1688 1492 1750 1544 τὸ
1768 1508 1853 1544 τι-

288 1575 561 1646 μιώτατον
614 1576 710 1629 καὶ
736 1576 993 1646 μέγιστον
1036 1579 1167 1649 παρ’
1218 1578 1490 1648 Ἑϐραίοις
1516 1583 1614 1651 τὴν
1637 1598 1853 1650 περιτο·

287 1670 395 1739 μὴν
422 1668 853 1740 ἀπεργάζεσθαι,
895 1672 989 1723 καὶ
1030 1672 1137 1742 μὴν
1179 1672 1271 1726 καὶ
1308 1674 1488 1737 πάσας
1538 1676 1851 1747 ἱερουργίας

281 1762 625 1833 ἐγχειριδίοις
695 1740 1187 1835 τελεσιουργεῖσθαι
1248 1765 1344 1819 καὶ
1401 1740 1849 1838 καταρτίζενσθαι.
1881 1740 1923 1795 Β

283 1853 395 1905 Καὶ
443 1853 507 1922 δὴ
555 1853 810 1920 κάκεῖνο,
860 1854 950 1907 τὸν
993 1854 1092 1924 μὲν
1130 1857 1435 1927 ἁπτόμενον
1477 1860 1672 1929 νεκροῦ
1714 1862 1849 1914 ἀκά-

280 1944 479 2014 θαρτον
503 1939 667 2010 εἶναι,
694 1941 812 1999 εἶτα
842 1946 1200 2018 καθαίρεσθαι
1221 1950 1371 2020 παρὰ
1386 1950 1480 2004 τοῦ
1509 1953 1697 2022 ἱερέως
1722 1968 1738 1983 ⁸
1759 1953 1850 2006 τὸν

279 2036 341 2092 δὲ
382 2038 455 2110 μὴ
477 2039 735 2094 δύνασθαι
767 2040 1053 2112 καθαίρειν
1101 2042 1274 2107 ἄλλως
1290 2045 1338 2097 εί
1362 2044 1437 2115 μὴ
1455 2044 1544 2099 διὰ
1568 2046 1846 2117 θυμάτων,

280 2129 321 2182 a
350 2130 414 2202 δὴ
443 2131 607 2195 αὑτός
630 2148 689 2184 τε
722 2135 1033 2203 νεκροποιεῖ
1067 2134 1302 2204 πρῶτος,
1343 2136 1437 2189 καὶ
1458 2136 1716 2200 ἅπτεται,
1753 2139 1851 2193 καὶ

279 2221 389 2275 ἀπὸ
409 2221 515 2275 τῶν
543 2224 753 2294 νεκρῶν
773 2224 1039 2295 αἱμάτων,
1062 2227 1178 2297 ῆτῇ
1207 2226 1387 2299 σποδῷ
1410 2229 1714 2299 περιραίνει
1733 2230 1846 2295 τὸν,

278 2316 362 2367 ὄτι
386 2315 582 2384 νεκροῦ
612 2315 813 2385 ἥψατο,
849 2318 1143 2388 προσιόντα
1165 2318 1627 2391 καθαρθήσεσθαι.
1662 2323 1849 2392 Αἰνίγ-

280 2422 415 2475 ματι
431 2406 541 2475 γὰρ
560 2406 720 2460 τοῦτο
736 2410 1037 2476 παντελῶς,
1056 2410 1205 2475 εἴτις
1230 2413 1553 2482 ὲναπομένοι
1571 2412 1649 2484 τῷ
1670 2415 1851 2484 γράμ-

280 2513 435 2565 ματι,
482 2497 648 2552 εοικε.
692 2499 943 2552 Τοιοῦτόν
982 2502 1095 2553 ἐστι
1126 2502 1223 2555 καὶ⁵
1247 2502 1328 2565 τὸ,
1355 2504 1573 2567 πάντως
1600 2505 1850 2575 ὁμοίωμα

276 2589 463 2639 ποιεῖν
492 2588 765 2659 ἀπάρχειν
796 2590 887 2643 τὸν
934 2591 1179 2661 Ἰσραήλσ
1211 2593 1375 2647 αὐτὸν
1405 2594 1459 2647 δὲ
1485 2594 1661 2647 ταῦτα
1687 2613 1850 2666 νομο-

276 2677 565 2742 θετοῦντα,
596 2679 809 2749 πρῶτον
836 2684 935 2750 μὲν
958 2682 1054 2735 καὶ
1096 2682 1267 2754 αὐτὴν
1299 2684 1397 2754 τὴν
1436 2685 1670 2739 κιϐωτὸν
1712 2686 1853 2739 κατὰ

276 2769 452 2826 τύπον
484 2771 579 2824 καὶ
608 2771 833 2843 μίμημα
864 2773 1196 2843 ποιήσασθαι
1219 2775 1326 2829 τῶν
1351 2776 1671 2847 δειχθέντων
1702 2777 1852 2847 αὐτῷ

279 2865 339 2915 ὲν
373 2861 454 2931 τῷ
486 2861 601 2932 θρει
624 2880 637 2894 ·
680 2863 872 2917 ἔπειτα
909 2866 1006 2928 τὰς
1042 2867 1277 2931 εἰκόνας,
1306 2867 1399 2919 καὶ
1435 2869 1502 2921 τά
1528 2868 1851 2939 ὁμοιώματα

278 2954 391 3008 τῶν
417 2956 698 3027 Χερουϐὶμ
725 2958 1017 3028 διαγλύψαι
1063 2976 1122 3012 τε
1153 2960 1248 3013 καὶ
1297 2960 1584 3030 τορεῦσαι,
1622 2963 1852 3026 καὶτοῖς

1960 492 2080 533 sum
2112 477 2288 547 prima
2324 477 2459 532 facie
2487 476 2811 532 exhihitum.
2844 478 2922 532 illi
2965 489 3129 545 certe,
3164 481 3259 550 qui
3290 484 3530 551 pertina-

1959 570 2079 625 cius
2100 570 2434 625 contendunt
2456 570 2753 625 secundum
2783 572 3011 626 litteram
3035 572 3137 627 ista
3161 573 3528 643 intelligenda.

1959 664 2280 718 sententiam
2331 678 2610 731 nunquam
2666 663 3025 720 venabuutur.
3066 664 3195 719 Tale
3220 667 3528 720 mandatmn

1958 765 2062 817 est,
2091 771 2202 824 quo
2227 756 2543 824 praecipitur
2564 755 2701 809 nihil
2732 755 2891 825 plane
2919 773 3014 826 per
3042 756 3335 812 Sahhatum
3369 774 3532 827 agon.

1958 848 2108 909 dum,
2157 854 2490 900 cumtamen
2535 847 2843 903 sacerdotes
2892 848 3337 917 permitterentur
3385 850 3528 919 ligna

1960 940 2182 1006 (indere,
2232 954 2427 995 carnes
2467 938 2733 1006 dividere,
2787 941 3042 995 animalia
3095 942 3387 997 occidere:
3435 945 3528 1012 qui

1957 1037 2136 1084 tamen
2185 1029 2382 1095 regula:
2432 1030 2603 1086 instar
2656 1039 2712 1084 et
2761 1031 3039 1101 archetypi
3088 1031 3355 1087 debebant
3406 1048 3527 1088 esse

1958 1118 2326 1181 multitudini,
2384 1128 2475 1183 ut,
2519 1120 2662 1187 quod
2695 1119 2811 1189 lege
2841 1122 3285 1190 praecipiebatur,
3313 1124 3525 1177 sincere

1957 1210 2219 1265 colerent:
2249 1211 2322 1266 ita
2348 1226 2471 1265 cum
2499 1212 2785 1265 mandetur
2809 1227 2877 1266 ne
2904 1228 2935 1267 e
2957 1213 3222 1282 lapidibus
3248 1213 3528 1267 sectilibus

1956 1302 2147 1355 altaria
2176 1311 2583 1368 construantur,
2630 1318 2695 1357 eo
2732 1303 2879 1372 quod
2914 1304 2993 1358 sic
3046 1303 3434 1373 polluerentur,
3474 1316 3529 1359 et

1956 1396 2271 1465 pollutionis
2316 1396 2582 1463 ejusmodi
2631 1411 2795 1450 causa
2851 1396 3151 1451 enchiridio
3210 1398 3527 1466 imputetur,

1954 1504 2063 1558 quo
2094 1489 2148 1542 in
2180 1489 2506 1545 exascianda
2539 1490 2766 1543 materia
2796 1491 2872 1543 uti
2899 1490 3111 1545 solent:
3154 1505 3277 1544 cum
3347 1500 3401 1543 et
3432 1507 3528 1544 ei.-

1952 1582 2185 1637 chiridio
2220 1582 2273 1637 id
2295 1581 2440 1652 quod
2465 1582 2702 1636 maximo
2731 1583 2784 1635 in
2817 1581 3022 1637 honore
3040 1581 3243 1638 Judaeis
3280 1592 3334 1636 et
3360 1598 3525 1637 vene-

1954 1675 2165 1729 ratione
2214 1684 2351 1741 erat,
2399 1689 2595 1743 nempe
2642 1674 3008 1739 circumcisio,
3054 1677 3423 1745 perﬁceretur,
3473 1683 3527 1728 tt

1953 1764 2136 1817 omnia
2189 1764 2455 1819 sacrilicia
2516 1779 2612 1832 per
2682 1764 2869 1818 eadem
2942 1775 3319 1820 consummata
3369 1766 3529 1820 abso-

1953 1856 2175 1926 lutaque
2221 1856 2481 1911 darentur
2538 1856 2922 1910 instrumenta.
2995 1854 3184 1910 Simile
3239 1865 3320 1911 est
3367 1873 3381 1910 :
3429 1875 3446 1907 ι
3476 1856 3526 1913 is

1951 1948 2045 2017 qui
2093 1956 2367 2001 mortuum
2431 1947 2704 2016 tetigerit,
2763 1946 3078 2003 immundus
3128 1948 3268 2015 erit,
3320 1955 3376 2002 et
3426 1963 3528 2017 pu-

1952 2037 2249 2092 riﬁcandus
2313 2036 2545 2092 traditur
2606 2039 2923 2106 sacerdoti;
2985 2058 3005 2091 ›
3079 2040 3175 2109 qui
3242 2054 3347 2094 non
3417 2040 3525 2095 alio

1951 2130 2113 2183 modo
2166 2143 2290 2183 eum
2346 2129 2636 2198 purilicare
2690 2130 2887 2199 potuit,
2940 2145 3104 2200 quam
3170 2145 3265 2200 per
3315 2131 3527 2186 sacriﬁ-

1950 2220 2035 2274 cia
2059 2257 2075 2284 ,
2109 2235 2229 2289 quae
2263 2221 2576 2289 peraipsum
2610 2221 2921 2276 morticinia
2957 2221 3208 2291 inprimis
3258 2222 3426 2287 ﬁunt,
3454 2224 3528 2277 ita

1952 2311 2148 2381 tangit,
2180 2320 2237 2366 et
2267 2326 2363 2380 per
2385 2311 2705 2379 sanguinem
2736 2312 3005 2367 demortui
3043 2322 3096 2366 et
3123 2314 3360 2367 cinerem
3397 2329 3533 2384 pur-

1952 2410 2043 2472 gat
2070 2417 2216 2466 eum,
2252 2401 2346 2471 qui
2377 2404 2689 2471 purgandus
2737 2404 2905 2467 venit,
2943 2419 3051 2457 non
3080 2404 3244 2458 aliam
3294 2404 3365 2458 ob
3398 2420 3533 2459 cau-

1953 2505 2072 2545 cam
2104 2505 2267 2560 quam
2298 2490 2441 2559 quod
2476 2491 2724 2561 tetigerat
2756 2499 3053 2547 mortuum.
3103 2493 3226 2548 llaec
3267 2494 3534 2563 resipiunt

1951 2583 2259 2653 :enigmata,
2296 2585 2341 2637 si
2381 2584 2505 2652 quis
2534 2586 2725 2638 litterae
2760 2585 3131 2650 immauserit;
3164 2598 3327 2656 atque
3355 2588 3533 2642 simile

1952 2683 2037 2730 est
2058 2690 2152 2744 per
2177 2673 2382 2737 omnia,
2412 2675 2554 2744 quod
2586 2675 2942 2730 simulacrum
2972 2677 3330 2745 prohibentur
3357 2676 3534 2733 Israe-

1952 2768 2061 2822 lita:
2086 2766 2265 2821 facere
2298 2785 2311 2820 :
2344 2781 2464 2819 cum
2508 2776 2688 2821 tamen
2739 2768 2785 2821 is
2806 2809 2820 2833 ,
2852 2769 2943 2838 qui
2982 2769 3094 2823 haac
3125 2771 3356 2824 sancivit
3395 2770 3531 2840 lege,

1952 2874 2141 2914 arcam
2176 2859 2369 2929 jubeat
2397 2858 2667 2913 fabricare
2720 2859 3020 2914 secundum
3058 2869 3241 2931 typum
3270 2872 3325 2916 et
3350 2861 3535 2916 imita-

1952 2953 2154 3008 tionem
2214 2962 2560 3009 ostensorum
2630 2953 2733 3021 ipsi
2802 2952 2856 3005 iu
2914 2962 3139 3008 monte:
3197 2962 3307 3007 tum
3367 2954 3535 3010 etiam

279 3049 750 3119 παραπετάσμασι
802 3051 1207 3119 προσεξυφᾶναί
1260 3070 1318 3105 τε
1358 3054 1450 3107 καὶ
1487 3054 1808 3123 ραφιδεῦσαι
1832 3072 1847 3087 ο

1955 3043 2173 3098 mandet
2203 3044 2467 3115 imagines
2500 3054 2555 3099 et
2582 3042 2967 3113 expressiones
2997 3044 3293 3099 Cheruhim
3318 3046 3536 3101 exscul-

282 3142 518 3211 ροῖσκων
556 3158 616 3194 τε
658 3140 980 3213 ὁμοιώματα
1022 3147 1134 3207 τοῖς
1177 3146 1341 3215 ἱεροῖς
1382 3145 1634 3199 σκεύεσιν
1695 3150 1851 3200 ἐντυ-

281 3236 466 3289 πςὺσαι
497 3236 590 3287 καὶ
641 3237 809 3306 μυρία
852 3237 1007 3292 ἄλλα.
1054 3238 1261 3291 Ἐκεῖνο
1296 3239 1374 3305 δὲ,
1416 3240 1531 3302 πῶς
1552 3240 1612 3293 οὑ
1638 3240 1852 3311 θαυμά-

282 3326 401 3381 σειέ
414 3344 518 3391 τις,
542 3330 654 3390 τοῖς
674 3327 767 3381 τοῦ
792 3328 1065 3399 θαύματος
1091 3330 1385 3401 προθύροις
1405 3332 1566 3402 μόνον
1589 3334 1854 3404 ἀναστρε-

281 3421 536 3490 φόμενος,
569 3424 664 3476 καὶ
689 3426 805 3487 τοῖς
851 3425 999 3478 ἔνδον
1030 3429 1436 3499 κεκρυμμένοις
1475 3430 1567 3483 τὸν
1590 3431 1717 3484 νοῦν
1750 3431 1852 3485 οὐκ

281 3514 424 3584 ἔχων
457 3516 877 3585 ἀνατενίζοντα;
917 3521 999 3574 ὅτι
1033 3520 1125 3575 τὸν
1159 3522 1257 3592 μὲν
1286 3524 1564 3593 ἀρτιγενεῖ
1588 3524 1765 3595 λέπρᾳ
1791 3523 1853 3578 τὸ

284 3605 448 3671 σῶμα
477 3604 811 3677 στιζόμενον,
847 3608 1000 3663 οὕπω
1023 3611 1081 3665 δὲ
1110 3613 1210 3682 τὴν
1242 3612 1371 3683 ὃλην
1395 3614 1714 3683 ἐπιφάνειαν
1743 3614 1833 3668 δια

280 3698 559 3768 φθαρέντα
588 3701 669 3771 τῷ
702 3709 993 3773 νοσήματι,
1023 3704 1331 3776 ἀκάθαρτον
1360 3708 1454 3761 καὶ⁹
1489 3708 1683 3777 μιαρὸν
1714 3708 1853 3761 ἀπο-

280 3790 464 3857 φαίνει
489 3808 503 3822 ο
528 3792 619 3845 τὸν
638 3793 682 3846 δ’
715 3795 838 3848 ὅλον
864 3796 926 3848 τὸ
954 3796 1116 3867 σῶμα
1145 3799 1535 3869 περισχεθέντα
1562 3801 1639 3873 τῷ
1672 3801 1849 3873 κακῷ,

283 3884 381 3936 καὶ
402 3883 780 3956 βδελύγματιςο
807 3888 873 3942 ἄν
902 3890 1193 3960 γενόμενον
1216 3909 1230 3923 ο
1254 3895 1346 3947 καὶ
1373 3896 1421 3947 εί
1442 3894 1498 3947 δὲ
1514 3893 1640 3964 χθὲς
1673 3898 1722 3934 ε·
1754 3895 1852 3965 μὲν

285 3976 577 4046 ὁραθῆναι,
610 3980 776 4047 ἐγγὺς
797 3981 855 4033 δὲ
892 3983 1152 4050 γεγονότα
1176 3984 1416 4049 καὶτοὺς
1435 3987 1696 4054 φυσικοὺς
1725 4004 1851 4041 συν-

287 4067 519 4138 δέσμους
556 4069 812 4124 λύεσθαι·
852 4073 1041 4127 τοῦτον
1079 4074 1137 4129 δὲ
1185 4078 1295 4146 ἄρα
1337 4077 1576 4146 καθαρὸν
1624 4079 1719 4133 καὶ
1751 4079 1854 4150 τῆς

287 4163 608 4234 συναγωγῆς
644 4164 794 4231 ἄξιον
844 4165 1162 4236 κρίνεσθαι;
1224 4171 1287 4223 El
1318 4169 1497 4240 βούλει
1524 4170 1582 4224 δὲ
1635 4173 1854 4225 κάκεῖνο

281 4252 393 4305 τῶν
416 4255 473 4307 ὲν
502 4255 652 4326 νόμῳ
710 4256 968 4326 βιούντων
1011 4259 1156 4327 ἰδεῖν,
1184 4261 1260 4325 ὡς
1319 4263 1420 4317 οὐκ
1450 4264 1577 4333 ἐξῆν
1608 4266 1707 4335 μέν
1731 4282 1852 4319 τινα

284 4346 438 4416 παρά
470 4348 568 4417 τὴν
594 4350 798 4421 σκηνὴν
830 4352 1062 4423 ἀλλαχοῦ
1091 4354 1295 4425 τολμᾷν
1332 4355 1607 4421 θυσιάζειν
1630 4374 1646 4389 ο
1672 4360 1705 4428 ἡ
1743 4358 1850 4429 γὰρ

1954 3150 2112 3204 pere,
2166 3146 2217 3189 et
2258 3134 2531 3199 formare,
2582 3143 2638 3189 et
2676 3134 2806 3188 velis
2849 3134 3121 3203 praetextis
3169 3145 3453 3205 contegere
3478 3143 3535 3190 et

1951 3225 2105 3279 radio
2134 3224 2497 3289 intertcxere;
2533 3225 2626 3277 sed
2659 3234 2713 3277 et
2741 3224 3007 3277 malorum
3042 3235 3394 3294 granatorum
3424 3224 3537 3279 for-

1952 3333 2072 3372 mas
2096 3318 2269 3372 sacris
2299 3316 2629 3372 utensilibus
2658 3318 2987 3386 insculpere,
3014 3326 3069 3372 et
3089 3318 3287 3373 similia
3337 3318 3531 3373 multa.

1951 3408 2084 3464 illud
2115 3424 2243 3464 vero
2274 3424 2382 3463 non
2415 3417 2498 3464 est
2525 3410 2659 3479 quin
2696 3410 2997 3465 admiretur
3019 3410 3089 3474 is,
3123 3410 3216 3480 qui
3240 3411 3325 3467 vel
3364 3412 3534 3467 mira-

1951 3502 2075 3557 cula
2114 3502 2183 3557 ab
2210 3502 2431 3557 introitu
2493 3502 2770 3569 salutavit,
2808 3518 2908 3557 nec
2937 3504 3179 3558 animum
3220 3504 3437 3559 allixum
3480 3514 3537 3560 et

1952 3596 2219 3650 intentum
2261 3594 2424 3648 habet
2465 3593 2531 3648 ad
2590 3608 2655 3649 ea
2707 3609 2829 3662 quae
2862 3595 3093 3650 interius
3146 3596 3531 3664 occultantur;

1951 3689 2097 3759 quod
2142 3704 2264 3743 eum
2302 3688 2393 3758 qui
2438 3687 2586 3757 lepra
2644 3689 2934 3758 incipiente
2981 3690 3398 3757 compungitur,
3433 3704 3537 3745 nec

1952 3789 2121 3837 totam
2171 3781 2417 3851 corporis
2459 3782 2801 3850 superﬁciem
2836 3785 3026 3836 morbo
3055 3781 3308 3837 infectam
3356 3782 3536 3840 adhuc

1951 3873 2147 3938 habet,
2200 3875 2542 3929 immundum
2612 3878 2957 3945 pronuntiat,
3008 3886 3064 3929 et
3118 3875 3538 3941 declinandum,

1952 3981 2075 4022 cum
2120 3967 2313 4033 illum,
2373 3969 2469 4038 qui
2513 3984 2544 4023 a
2600 3969 2777 4039 capite
2828 3970 2896 4024 ad
2948 3968 3147 4023 calcem
3198 3969 3387 4023 odioso
3430 3968 3534 4023 hoc

1950 4058 2147 4112 morbo
2180 4057 2426 4124 laborat,
2470 4068 2635 4128 atque
2672 4067 2755 4115 est
2789 4058 2856 4113 ad
2888 4058 3205 4113 intuendum
3235 4057 3533 4113 detestabi-

1952 4148 2059 4215 lis,
2105 4150 2309 4219 quique
2355 4164 2521 4220 prope
2564 4159 2647 4205 est
2700 4160 2759 4204 ut
2803 4150 3019 4205 vincula
3067 4158 3277 4204 natura:
3317 4150 3530 4217 solvat,

1953 4241 2119 4307 hunc,
2153 4242 2396 4311 inquam,
2428 4243 2691 4298 mundum
2724 4243 2809 4298 lex
2846 4251 3075 4313 reputet,
3108 4252 3163 4298 et
3195 4243 3415 4313 dignum
3439 4242 3530 4312 ju-

1953 4333 2099 4387 dicet
2129 4349 2418 4404 synagoga.
2468 4334 2523 4389 Si
2571 4335 2751 4389 adhuc
2789 4335 3000 4405 placeat
3037 4335 3234 4389 intueri
3268 4336 3388 4391 illos
3434 4337 3529 4405 qui

278 4440 359 4501 είς
390 4435 530 4509 αἷμα
562 4441 687 4513 δίκη
732 4446 948 4514 ἀπήντα
986 4446 1062 4517 τῷ
1112 4448 1421 4517 παραϐάντι
1446 4464 1460 4480 ’
1489 4450 1548 4502 ού
1580 4425 1703 4520 μὴν-
1730 4425 1850 4504 οὐδε

1955 4425 2059 4480 sub
2088 4426 2202 4495 lege
2249 4426 2536 4494 vivebant,
2590 4427 2792 4498 quibus
2831 4428 3039 4482 licitum
3088 4444 3197 4481 non
3243 4437 3359 4482 erat
3401 4429 3530 4484 alibi

279 4532 388 4599 ἔξω
411 4533 505 4587 τοῦ
529 4536 681 4598 ναοῦ,
711 4538 850 4607 μετὰ
870 4539 971 4607 τὴν
991 4537 1181 4592 τούτου
1205 4541 1511 4613 οἰκοδομὴν,
1532 4543 1630 4606 τὰς
1648 4545 1852 4614 ἱερουρ-

275 4627 403 4695 γίας
434 4630 734 4682 ποιεῖσθαι·
762 4631 852 4681 τὸν
887 4629 945 4682 δὲ
986 4631 1289 4701 θαυμάσιον
1318 4634 1602 4703 Σαμουὴλ,
1634 4634 1729 4687 καὶ
1758 4634 1852 4688 θυ-

277 4724 597 4792 σιαστήριον
623 4724 722 4792 τῆς
747 4726 951 4795 σκηνῆς
976 4724 1223 4795 ἑστώσης
1245 4726 1435 4795 πῆξαι,
1464 4728 1726 4797 κάκείνην
1750 4727 1849 4795 μὲν

276 4814 487 4867 λιπεῖν·
510 4816 689 4868 ἐκεῖσε
720 4816 776 4869 δὲ
798 4818 896 4880 τὰς
931 4818 1123 4879 θυσίας
1165 4818 1497 4886 ἀνενεγκεῖν.
1549 4819 1660 4871 Οὐκ
1686 4818 1847 4872 αὐτὸν

274 4906 335 4959 δὲ
373 4907 553 4978 μόνον,
580 4909 716 4963 ἀλλὰ
748 4910 847 4963 καὶ
873 4910 965 4963 τὸν
999 4910 1141 4980 ἱερὸν
1172 4910 1359 4964 Ἠλίαν
1383 4910 1478 4963 τοῦ
1512 4910 1570 4962 ἐν
1615 4910 1845 4982 Ἱεροσο-

272 4997 470 5068 λύμοις
507 5000 638 5053 ναοῦ
662 5000 931 5072 λαμπρῶς
966 5002 1277 5074 ἑστηκότος,
1308 5003 1402 5056 ἐπὶ
1425 5002 1520 5056 τοῦ
1545 5002 1845 5074 Καρμήλου

276 5089 497 5159 βωμούς
518 5107 578 5144 τε
602 5094 810 5163 ἐγεῖραι
837 5095 931 5148 καὶ
954 5096 1338 5166 προσενεγκεῖν
1361 5094 1569 5157 θυσίας.
1598 5094 1707 5147 Καὶ
1722 5094 1845 5146 τού-

271 5198 384 5235 των
411 5184 622 5251 οὐδένα,
658 5190 754 5257 οὑχ
781 5188 863 5240 ὅτι
890 5186 964 5258 μὴ
1013 5187 1366 5256 ἐγκληθῆναι,
1398 5186 1533 5240 ἀλλὰ
1577 5186 1673 5240 καὶ
1710 5185 1849 5256 πρὸς

271 5273 433 5341 Θεοῦ,
457 5276 551 5330 τοῦ
578 5277 667 5331 διὰ
696 5278 938 5343 Μωσέως
973 5279 1140 5349 μηδὲν
1171 5278 1378 5334 τούτων
1422 5278 1727 5351 τολμᾶσθαι
1752 5295 1842 5331 vo-

1955 4532 2118 4586 quam
2166 4519 2308 4587 apud
2358 4520 2766 4574 tabernaculum
2818 4520 3171 4575 sacriﬁcare:
3206 4532 3349 4591 certe
3398 4536 3529 4574 san-

1954 4610 2118 4679 guine
2144 4610 2198 4663 in
2231 4625 2357 4663 eum
2387 4609 2788 4675 vindicabatur,
2818 4611 2914 4679 qui
2952 4620 3326 4677 transgressus
3351 4606 3530 4663 fuerat

1952 4701 2168 4770 legem;
2212 4700 2308 4756 sed
2354 4716 2454 4760 nec
2499 4709 2649 4755 extra
2698 4701 2958 4770 templum
2998 4700 3186 4767 licuit,
3240 4709 3528 4769 postquam

1953 4806 2213 4884 templum
2244 4806 2686 4871 construebatur,
2720 4806 2991 4861 sacriﬁcia
3022 4818 3309 4873 peragere.
3338 4803 3531 4858 Admi-

1954 4911 2143 4966 rabilis
2168 4920 2347 4964 tamen
2372 4909 2456 4963 vir
2479 4909 2720 4974 Samuel,
2751 4924 2877 4964 cum
2904 4916 3072 4963 staret
3092 4908 3526 4973 tabernaculum,

1953 5004 2125 5058 altare
2153 5004 2279 5059 alibi
2313 5002 2450 5067 ﬁxit,
2482 5012 2538 5057 et
2580 5003 2724 5073 quod
2756 5002 2811 5056 in
2842 5002 3199 5059 tabernaculo
3238 5001 3359 5066 fuit,
3394 4999 3526 5055 reli-

1955 5097 2095 5167 quit,
2128 5104 2182 5152 et
2212 5096 2265 5151 in
2303 5110 2333 5150 ι
2364 5111 2423 5150 se
2469 5104 2783 5151 constructo
2833 5094 3103 5150 sacriﬁcia
3149 5094 3349 5150 obtulit
3382 5111 3400 5151 :
3428 5095 3524 5151 sed

1954 5201 2007 5244 et
2025 5197 2250 5244 sanctus
2268 5203 2532 5259 sacerque
2556 5188 2636 5242 vir
2667 5171 2848 5243 Helias
2868 5188 3070 5256 templo
3087 5186 3527 5257 splendidissime

1953 5288 2292 5345 constructo,
2330 5283 2383 5335 in
2420 5289 2606 5335 monte
2648 5278 2897 5335 Carmelo
2926 5278 3119 5334 altaria
3153 5278 3329 5334 erexit
3359 5286 3414 5335 et
3437 5290 3526 5335 sa-

1552 5481 1789 5539 VARUE
1831 5480 2237 5540 LECTIONES.

348 5654 370 5681 ³
401 5642 464 5698 C.
496 5642 564 5697 Μ.
587 5643 691 5699 553
722 5642 757 5697 ί.
787 5642 928 5714 203a
990 5654 1134 5714 recte
1168 5644 1330 5700 habet
1361 5644 1739 5714 καταλήψεως.

1822 5656 1847 5683 ι
1877 5642 1937 5697 C.
1981 5642 2053 5697 M.
2098 5644 2192 5695 καὶ
2257 5641 2571 5707 ξυλοκοπεῖν
2624 5655 2721 5692 και
2759 5640 3085 5710 κρεανομεῖν
3136 5636 3229 5710 καὶ
3266 5634 3519 5710 ⁸σφαγιάο

277 5714 415 5775 ζειν.
494 5714 521 5753 ιι
563 5715 623 5769 c.
660 5714 729 5770 Μ.
776 5712 816 5771 r.
848 5713 955 5769 ξοδ
984 5714 1013 5755 b
1044 5713 1340 5785 ξεομένοις.
1396 5728 1419 5756 c
1452 5702 2131 5786 ισ.’βδελὺγματιαῖον.‹;.
2163 5711 2232 5767 ιι.
2264 5702 2357 5767 καὶ
2385 5711 2741 5781 βδεὶζύγματι.
2801 5702 3136 5778 ὶ⁶είδέχθές.
3167 5704 3230 5762 c.
3266 5702 3409 5759 Μ.εί
3438 5702 3519 5759 δι.
