3880 6206
351 271 461 337 667

1518 259 1784 325 PHOTII
1819 256 2325 320 PATRIARCH/E
2354 258 2463 320 ΟΡ.

3527 253 3631 318 063

353 379 641 438 criﬁcavit.
670 377 878 434 Horum
911 375 1119 433 nemini
1143 374 1276 431 vitio
1308 373 1428 429 haec
1455 374 1831 436 vertebantur,
1856 367 1951 424 sed

2068 361 2515 436 μοθετοῦντος,εὗ
2542 365 2688 439 μάλα
2725 385 2785 423 τε
2813 368 3238 441 προσδεχθῆναι,
3269 367 3365 421 καὶ
3397 366 3635 438 οὐρανίῳ

353 500 383 539 a
418 474 548 541 Deo,
585 474 679 545 qui
714 489 807 543 per
835 471 1024 527 Mosen
1059 470 1135 525 nil
1184 469 1290 522 tale
1321 466 1628 522 audendum
1653 463 1948 524 sancierat,

366 568 568 639 accepti
624 565 880 631 fuerant,
926 578 1164 634 cumque
1216 561 1520 617 oblationes
1574 558 1685 627 igni
1742 554 1952 611 caelesti

363 660 803 720 absumerentur,
824 653 997 708 multo
1034 659 1192 707 erant
1222 649 1550 705 illustriores
1584 656 1638 700 et
1663 644 1953 717 gloriosio—

363 766 449 805 res
484 764 649 820 quam
682 747 760 802 illi
797 748 852 800 in
885 746 1002 801 suis
1032 743 1317 801 sacriﬁciis
1340 784 1355 809 ,
1384 741 1478 812 qui
1518 739 1654 809 legis
1704 737 1956 809 praescri-

362 853 512 914 ptum
537 840 913 897 sacriﬁcantes
937 834 1557 908 scquebantur.Samuel
1586 832 1834 895 ulterius,
1859 830 1953 900 qui

364 937 712 1007 pontiﬁcatus
756 933 978 1011 sublimi
1020 932 1179 985 titulo
1226 937 1280 985 et
1310 927 1608 999 prOphetia:
1668 924 1955 979 attolleba-

365 1039 475 1092 tur,
511 1027 743 1083 sacratis
775 1025 1034 1080 manibus
1066 1025 1217 1093 Agag
1259 1021 1571 1085 interemit;
1603 1027 1655 1072 et
1686 1017 1777 1071 illo
1808 1017 1956 1086 prior

363 1118 597 1173 Phinees
634 1132 732 1187 per
759 1115 965 1171 caedem
997 1115 1275 1185 duplicem
1312 1112 1581 1182 indigenae
1612 1119 1667 1165 et
1698 1108 1956 1177 alienige-

368 1228 450 1265 nae
504 1210 871 1267 sacerdotium
927 1218 1191 1264 aeternum
1235 1206 1480 1261 muneris
1532 1205 1650 1259 loco
1706 1203 1953 1271 accepit:

369 1302 465 1357 sed
507 1311 562 1356 et
592 1301 832 1354 anterius
879 1298 1091 1362 adhuc,
1147 1295 1431 1367 splendida
1482 1292 1859 1348 benedictione
1904 1299 1959 1345 et

368 1392 578 1445 honore
611 1388 803 1457 majori
850 1388 999 1458 digni
1035 1386 1204 1441 habiti
1255 1392 1403 1449 sunt,
1447 1382 1540 1451 qui
1572 1391 1805 1454 cognato
1831 1396 1959 1435 san-

369 1485 533 1555 guine
571 1477 769 1537 inanus
815 1481 1213 1551 impleverant;
1253 1493 1378 1532 cum
1420 1491 1590 1531 causa
1621 1485 1765 1531 esset
1802 1490 1957 1528 com-

369 1577 556 1631 munis
576 1590 765 1630 eorum
799 1575 895 1644 qui
926 1572 1299 1643 patiebantur,
1336 1578 1392 1625 et
1418 1570 1512 1641 qui
1542 1569 1837 1623 vindictam
1870 1567 1958 1620 in-

369 1669 657 1723 ferebant:
710 1667 763 1721 hi
793 1667 1011 1736 quidem
1044 1664 1247 1719 talibus
1279 1661 1820 1717 remunerationibus
1861 1674 1959 1729 pro

369 1761 638 1832 sanguine
672 1760 797 1815 fuso
827 1759 1169 1814 colebantur.
1208 1756 1468 1811 Davidem
1502 1769 1685 1825 regem
1718 1752 1959 1809 necessi-

368 1860 455 1906 tas
501 1850 803 1919 adurgebat
841 1848 983 1903 bello
1026 1846 1278 1917 persequi
1310 1846 1537 1911 hostes;
1571 1843 1794 1910 idcirco,
1832 1857 1956 1895 cum

371 1944 427 2000 id
470 1945 822 1999 vehementer
870 1948 1118 2011 cuperet,
1188 1940 1453 2009 templum
1512 1936 1962 2007 Hierosolymita-

373 2051 505 2091 num
540 2043 859 2090 construere
881 2033 1186 2088 vetabatur.
1221 2030 1353 2086 Saul
1381 2040 1435 2085 et
1460 2030 1672 2095 Achab,
1695 2027 1837 2099 quod
1859 2027 1964 2081 mi-

375 2127 748 2183 sericordibus
799 2125 977 2180 oculis
1032 2124 1387 2178 intuebantur
1458 2122 1702 2192 captivos
1746 2120 1959 2183 hostes,

377 2221 677 2276 amissione
724 2220 875 2289 regni
925 2218 1323 2280 multabautur,
1371 2224 1426 2270 et
1454 2215 1634 2286 gladio
1669 2214 1845 2284 perire
1870 2212 1965 2266 de-

379 2313 743 2369 cernebantur
769 2330 781 2366 :
805 2325 930 2365 cum
965 2310 1155 2376 David,
1183 2310 1276 2381 qui
1305 2309 1456 2379 justo
1478 2305 1687 2378 judicio
1716 2304 1967 2359 similiter

377 2404 753 2474 delinquentes
800 2413 1132 2465 mactasset.
1187 2403 1443 2472 indignus
1480 2406 1830 2457 censeretur.
1871 2397 1966 2467 qui

377 2506 685 2553 exstrueret
734 2498 1020 2567 templum.
1076 2497 1134 2551 Si
1184 2495 1422 2550 volueris
1453 2504 1657 2560 autem,
1690 2494 1893 2563 poteris
1938 2506 1968 2545 e

378 2597 571 2644 contra
596 2588 781 2644 videre
811 2589 1039 2659 dignum
1062 2588 1372 2658 judicatum
1406 2587 1500 2656 qui
1532 2587 1704 2641 altare
1732 2586 1970 2655 erigeret

380 2681 435 2735 in
514 2694 643 2735 area
713 2680 858 2735 Orna
900 2680 1121 2735 Jebusei
1171 2696 1184 2732 :
1245 2678 1339 2732 ubi
1394 2676 1722 2732 sacriﬁcium
1775 2674 1970 2729 obtulit

2053 461 2187 530 πυρὶ
2219 460 2319 531 τὴν
2345 460 2454 513 τῶν
2488 460 2747 529 θυμάτων
2779 461 3146 515 ὁλοκαύτωσιν
3166 460 3637 532 περιφανεστέραν

2050 570 2111 607 τε
2164 554 2259 607 καὶ
2313 553 2836 626 παραδοξοτέραν,ἢ
2899 557 3194 626 συμπάσας
3226 556 3327 618 τάς
3352 554 3544 617 ἄλλας,
3583 552 3637 607 αἱ

2052 645 2144 698 τὸν
2189 645 2355 716 νόμον
2389 645 2535 717 εἶχον
2567 647 2665 717 τῆς
2712 647 2937 717 τελετῆς
2982 647 3161 701 αὐτῶν
3198 646 3636 719 καθηγούμενον,

2053 738 2458 809 ἀποφανθῆναι.
2484 735 2615 793 Εἶτα
2643 740 2734 793 τὸν
2756 742 3014 812 Σαμουὴλ
3034 741 3196 795 πάλιν
3225 740 3641 812 ἀρχιερωσύνης
3712 746 3713 749 “

2056 829 2179 899 ὕψει
2205 832 2300 884 καὶ
2322 832 2659 903 προφητείας
2698 834 3006 903 ἀνηγμένον
3028 874 3043 896 ,
3107 833 3297 904 χερσὶν
3340 834 3517 902 ἱεραῖς
3554 835 3643 885 τὸν

2059 925 2238 992 Ἀγαγ
2262 924 2631 993 ἀποσφάττειν
2656 942 2670 956 ·
2704 926 2799 977 καὶ
2844 926 2952 996 πρό
2995 943 3058 993 γε
3099 924 3267 979 αὐτοῦ
3314 926 3407 978 τον
3456 924 3646 987 Φινεὲς

2056 1016 2251 1086 διπλῆς
2283 1016 2522 1086 σφαγῆς,
2564 1017 2833 1086 ἐμφυλίου
2867 1035 2926 1070 τε
2958 1019 3054 1071 καὶ
3076 1017 3405 1086 ἀλλοφύλου,
3441 1018 3541 1086 τὴν
3568 1020 3648 1069 ἱε-

2058 1109 2309 1181 ρωσύνην
2341 1109 2515 1181 δῶρον
2542 1110 2763 1163 αἰώνιον
2811 1110 3130 1180 ἀποφέρειν.
3172 1112 3245 1163 Ού
3277 1112 3384 1180 μὴν
3411 1111 3551 1163 ἀλλά
3584 1126 3647 1176 γε

2058 1203 2153 1255 καὶ
2178 1200 2415 1271 πρόσθεν
2444 1201 2524 1254 ἔτι
2557 1201 2819 1272 λαμπρᾶς
2851 1201 3105 1269 εὐλογίας
3138 1202 3234 1253 καὶ
3261 1201 3430 1271 τιμῆς
3462 1201 3649 1270 μείζο-

2059 1312 2149 1359 νος
2212 1294 2481 1365 ἠξιῶσθαι
2539 1294 2688 1356 τοὺς,
2720 1294 2838 1346 ὅσοι
2893 1294 3233 1361 συγγενικῶν
3274 1294 3529 1362 αἱμάτων
3552 1294 3651 1355 τὰς

2058 1388 2247 1459 χεῖρας
2270 1386 2623 1457 ἐπλήρωσαν,
2656 1386 2836 1439 καίτοι
2889 1388 3075 1456 κοινῆς
3110 1384 3280 1454 οὔσης
3322 1386 3425 1455 τῆς
3468 1387 3652 1448 αἰτίας

2058 1480 2168 1533 τῶν
2215 1496 2277 1532 τε
2318 1480 2476 1549 δίκην
2526 1479 3043 1549 εἰσπραττομένων,
3070 1479 3164 1531 καὶ
3213 1478 3321 1531 τῶν
3350 1478 3649 1532 ἀπαιτούν-

2058 1590 2168 1627 των
2189 1586 2203 1601 ⁸
2237 1572 2462 1635 τούτους
2490 1570 2588 1641 μὲν
2612 1569 2877 1634 τοιούτοις
2924 1570 3107 1634 ἄθλοις
3133 1571 3229 1624 ἐπὶ
3254 1573 3319 1641 τῇ
3352 1572 3462 1623 τῶν
3480 1571 3649 1639 αίμά-

2060 1682 2169 1717 των
2195 1664 2350 1735 χύσει
2385 1664 2699 1735 τιμηθῆναι.
2726 1663 2831 1718 Τὸν
2854 1663 2911 1716 δέ
2937 1681 3002 1732 γε
3033 1663 3261 1734 βασιλέα
3293 1664 3459 1717 Δαΰὶδ
3485 1656 3656 1732 ἀνάγ-

2067 1774 2173 1828 κην
2224 1756 2417 1827 έχοντα
2469 1757 2733 1828 πολέμοις
2805 1758 2933 1820 τοὺς
2980 1758 3387 1828 ἀνθεστηκότας
3436 1757 3657 1821 ἐπεξιέα

2063 1868 2174 1915 ναι,
2203 1850 2293 1903 διὰ
2325 1849 2483 1903 τοῦτο
2513 1850 2604 1903 τὸν
2635 1850 2694 1901 ὲν
2736 1849 3136 1920 Ἱεροσολύμοις
3194 1849 3303 1902 νεὼ
3350 1850 3657 1918 ἀναστῆσαι

2063 1942 2537 2013 προθυμούμενον,
2559 1942 2925 1997 κεκωλύσθαι.
2956 1943 3068 1996 Καὶ
3096 1943 3193 1995 τὸν
3229 1942 3329 2013 μὲν
3354 1942 3528 1995 Σαοὺλ
3560 1942 3660 1995 καὶ

2062 2037 2153 2089 τὸν
2196 2035 2424 2107 Ἀχαά6,
2446 2037 2528 2089 ὅτι
2560 2035 2967 2107 φιλανθρώποις
2991 2035 3236 2106 ὄμμασιν
3268 2035 3381 2087 ῐδον
3400 2033 3529 2095 τοὺς
3558 2034 3658 2086 ἐα-

2064 2127 2291 2191 λοκότας
2322 2127 2429 2180 τῶν
2462 2126 2763 2197 πολεμίων,
2796 2126 3071 2179 ὲκπτώσει
3122 2144 3184 2179 τε
3230 2126 3333 2194 τῆς
3372 2125 3661 2195 βασιλείας

2068 2222 2445 2294 ζημιωθῆναι,
2479 2220 2691 2274 καὶτὸν
2717 2220 2805 2274 διὰ
2835 2220 3110 2291 μαχαίρας
3146 2220 3377 2274 θάνατον
3423 2220 3661 2291 ἀπαιτη-

2068 2315 2225 2382 θῆναι
2245 2330 2259 2343 ⁸
2296 2315 2387 2367 τὸν
2410 2314 2467 2367 δὲ
2494 2314 2678 2380 Δαϐἱδ,
2706 2314 2790 2367 ὅτι
2832 2314 3150 2385 δικαιοτέρα
3180 2314 3361 2383 κρίσει
3398 2314 3526 2375 τοὺς
3560 2331 3663 2365 πα-

2072 2406 2413 2478 ραπλησίους
2440 2406 2653 2477 ὑπῆγεν
2680 2405 2728 2471 ἀ,
2762 2406 2984 2469 ἀνάξιον
3005 2406 3262 2478 κριθῆναι
3286 2406 3383 2476 τῆς
3406 2407 3499 2458 τοῦ
3524 2403 3662 2457 ναοῦ

2074 2499 2444 2571 ἀνεγέρσεως.
2470 2499 2534 2554 El
2562 2499 2741 2569 βούλει
2770 2500 2827 2553 δὲ
2856 2500 2951 2553 καὶ
2981 2499 3129 2564 ἄξιον
3172 2500 3334 2554 αὐτὸν
3365 2498 3467 2568 μὲν
3495 2498 3664 2551 πάλιν

2068 2591 2259 2644 τοῦτον
2283 2590 2679 2662 ἐπιδειχθῆναι,
2716 2590 3104 2662 θυσιαστήριον
3140 2592 3198 2643 ὲν
3230 2592 3299 2661 τῇ
3343 2589 3439 2642 τοῦ
3491 2590 3664 2659 Ὄρνᾶ

2072 2683 2186 2754 ἅλῳ
2226 2683 2529 2753 ἀναστῆσαι
2552 2683 2649 2735 καὶ
2700 2682 2860 2736 θύσαι
2895 2681 3198 2749 παράδοξον
3239 2680 3455 2743 θυσίαν,
3488 2680 3662 2749 ούρα-

379 2774 727 2845 praaclarum,
758 2773 884 2844 igne
927 2772 994 2828 de
1023 2773 1167 2827 coelo
1194 2770 1327 2825 illud
1386 2771 1746 2836 absumente;
1788 2768 1861 2822 ita
1911 2775 1963 2823 ut

2072 2775 2187 2828 νίου
2210 2776 2383 2846 πυρὸς
2399 2774 2499 2846 τὴν
2514 2774 2881 2830 ὁλοκαύτωσιν
2902 2773 3443 2846 συγκαλλιεροῦντος,
3457 2774 3552 2825 καὶ
3564 2772 3666 2825 θυ-

381 2866 518 2919 iram
550 2866 970 2931 irresistibilem,
1025 2880 1056 2919 e
1090 2867 1239 2934 justo
1283 2860 1380 2917 Dei
1424 2861 1614 2916 lurore
1646 2874 1967 2924 accensam,

380 2974 506 3029 qua:
534 2966 709 3013 totum
743 2956 994 3015 lsraelem
1029 2956 1379 3028 depascebat,
1415 2954 1790 3023 exstingueret
1821 2970 1834 3006 :
1876 2951 1971 3022 qui

2076 2866 2176 2936 μὸν
2199 2866 2429 2936 ἄσχετον
2456 2868 2522 2919 ὲκ
2552 2865 2703 2929 θείας
2729 2867 2902 2938 ὀργῆς
2929 2868 3027 2919 καὶ
3044 2865 3281 2929 δικαίας,
3314 2864 3535 2918 ἅπαντα
3563 2863 3667 2916 τὸν

2086 2957 2306 3029 Ἰσραὴλ
2353 2956 2788 3025 ἐπινεμόμενον,
2826 2955 3256 3024 ἐξιλεωσάμενον
3299 2954 3535 3023 στῆσαι·
3564 2951 3666 3005 τὸν

382 3050 499 3119 ipse
532 3059 712 3104 tamen
749 3048 1107 3103 inexorabilis
1140 3063 1265 3103 cum
1302 3054 1449 3101 esset
1488 3046 1541 3100 in
1574 3043 1812 3101 hostimn
1841 3058 1963 3099 san-

2075 3050 2239 3103 αὐτὸν
2270 3049 2328 3103 δὲ
2374 3047 2567 3102 τοῦτον
2614 3048 2767 3102 οὐδὲν
2828 3048 2995 3101 πλέον
3060 3048 3140 3110 εἱς
3189 3038 3331 3115 αἷμα
3385 3043 3668 3114 πολεμίων

384 3138 547 3205 guine
574 3136 871 3203 fundendo,
904 3135 1297 3201 prohibebatur
1329 3132 1419 3188 Dei
1462 3132 1723 3203 templum
1761 3131 1963 3187 exedi-

2077 3138 2436 3208 ἀδυσώπητον
2459 3138 2720 3209 γεγονότα
2744 3135 3086 3205 ὲξείργεσθαι
3102 3133 3196 3188 τοῦ
3229 3133 3355 3187 ναὸν
3369 3132 3487 3203 Θεῷ
3508 3133 3668 3185 ἀνοι-

382 3229 566 3280 iicare.

452 3317 578 3371 llazc
610 3325 691 3370 tot
714 3324 770 3369 et
800 3315 951 3381 talia,
986 3314 1076 3369 ubi
1131 3314 1331 3385 legitur
1371 3314 1547 3369 littera
1597 3320 1786 3368 contra
1820 3312 1969 3368 litte-

387 3426 527 3476 ram,
559 3409 837 3481 quomodo
872 3411 999 3479 quis
1022 3409 1090 3463 ab
1122 3409 1271 3463 omni
1312 3408 1701 3466 contrarietate
1735 3422 1970 3463 excusa-

384 3502 488 3567 bit,
519 3512 572 3556 et
605 3502 825 3566 seriem,
862 3516 984 3571 qua:
1017 3516 1118 3571 par
1148 3510 1231 3556 est
1275 3500 1329 3555 in
1360 3500 1468 3555 illis
1504 3500 1807 3566 obsonari,
1835 3514 1969 3555 con-

385 3608 576 3664 gruam
619 3593 1038 3656 demonstrabit,
1068 3602 1125 3646 et
1168 3606 1275 3646 non
1307 3591 1487 3661 potius
1525 3592 1706 3645 omnia
1732 3592 1970 3645 tumultu

386 3698 442 3743 et
464 3688 825 3757 suspensione
855 3687 1024 3741 animi
1060 3686 1318 3757 impleat?
1345 3685 1639 3750 Przeterea,
1668 3700 1791 3755 qua:
1830 3686 1971 3739 ratio

387 3781 542 3837 reddi
598 3789 801 3851 potest,
862 3780 1031 3834 Deum
1088 3780 1305 3849 nuptias
1364 3780 1709 3849 permittere,
1761 3787 1815 3833 et
1870 3792 1971 3832 sua

387 3874 602 3945 dignari
628 3873 1035 3939 benedictione;
1070 3882 1126 3927 et
1155 3882 1335 3927 tamen
1380 3872 1472 3941 qui
1514 3872 1707 3942 c0pula
1741 3869 1970 3940 nuptiali

386 3967 738 4037 iungebatur,
766 3966 1068 4021 secundum
1111 3963 1207 4020 Dei
1234 3974 1288 4019 et
1322 3976 1533 4019 naturae
1586 3965 1762 4035 ipsius
1800 3964 1969 4033 leges,

389 4068 451 4113 ut
486 4056 833 4112 immundum
862 4071 892 4111 a
928 4056 1312 4127 mysteriorum
1344 4055 1763 4126 participatione
1788 4056 1973 4111 exclu-

389 4156 565 4214 deret,
588 4166 687 4205 nec
710 4150 777 4204 ad
803 4164 957 4205 sacra
988 4149 1297 4204 admitteret
1326 4148 1431 4203 nisi
1467 4149 1620 4220 prius
1645 4148 1970 4219 purgatum?

389 4246 468 4300 lta
504 4259 723 4315 quoque
768 4258 865 4298 vas
901 4252 1231 4307 testaceum,
1279 4242 1335 4296 in
1373 4258 1482 4313 quo
1533 4243 1793 4314 pollutum
1839 4242 1971 4313 quid

390 4338 797 4401 continebatur,
850 4335 1122 4405 confringi
1161 4335 1406 4405 juhcbat,
1462 4350 1525 4389 ac
1556 4336 1599 4389 si
1651 4350 1759 4389 non
1788 4343 1974 4404 posset

2076 3232 2405 3303 κοδομῆσαι.

2073 3339 2104 3389 ιε
2148 3325 2274 3390 Πῶς
2296 3326 2406 3396 γάρ
2427 3324 2606 3379 ταῦτα
2635 3324 2731 3378 καὶ
2758 3323 2827 3377 τά
2853 3322 3079 3377 τοιαῦτα
3103 3322 3137 3392 ἡ
3182 3318 3279 3373 τοῦ
3333 3318 3667 3391 γράμματος

2076 3420 2220 3476 κατά
2250 3420 2311 3473 τὸ
2334 3420 2568 3491 γράμμα
2596 3419 2925 3487 ἀνάγνωσις,
2971 3417 3151 3478 αἰτίας
3176 3431 3237 3466 τε
3281 3412 3374 3466 καὶ
3398 3408 3662 3465 ἐναντιώ-

2081 3531 2222 3578 σεως
2249 3513 2572 3579 ἀπαλλάξει,
2610 3513 2705 3567 καὶ
2735 3512 2829 3565 τὸν
2860 3510 3143 3581 πρέποντα
3169 3508 3365 3578 εἱρμὸν
3390 3506 3449 3558 ὲν
3479 3504 3667 3566 αὐτοῖς

2077 3606 2454 3679 θεωρούμενον
2490 3605 2769 3671 ἐπιδείξει,
2799 3603 2936 3657 ἀλλά
2967 3602 3043 3673 μὴ
3077 3602 3171 3655 καὶ
3212 3598 3414 3669 πολλῆς
3448 3596 3669 3668 ἐμπλη-

2080 3718 2163 3754 σει
2188 3701 2437 3771 ταραχῆς
2474 3716 2535 3752 τε
2572 3700 2667 3753 καὶ
2707 3697 3061 3769 ἀμηχανίας;
3110 3694 3235 3748 Ἐπὶ
3281 3692 3513 3755 τούτοις,
3545 3689 3668 3751 πῶς

2078 3793 2146 3847 ἂν
2201 3792 2314 3863 ἔχοι
2364 3793 2543 3861 λόγον,
2593 3792 2686 3845 τὸν
2728 3792 2825 3862 μὲν
2853 3790 3031 3861 γάμον
3060 3788 3196 3842 Θεὸν
3228 3786 3541 3858 ἐπιτρέψαι,
3574 3784 3669 3836 εὐ-

2077 3884 2268 3955 λογίας
2304 3902 2364 3937 τε
2392 3884 2494 3953 τῆς
2537 3884 2670 3955 παρ’
2704 3884 2870 3937 αὐτοῦ
2925 3881 3191 3947 ἀξιῶσαι·
3243 3877 3555 3950 ἀκάθαρτον
3606 3876 3670 3930 δὲ

2082 3978 2175 4032 τὸν
2203 3977 2544 4049 ὡμιληκότα,
2581 3976 2724 4029 κατά
2754 3977 2883 4038 τοὺς
2912 3974 3089 4036 θείους
3140 3974 3399 4043 θεσμοὺς,
3427 3969 3542 4032 τοὶς
3566 3967 3671 4035 τῆς

2082 4068 2301 4137 φύσεως
2330 4065 2654 4138 μυστηρίοις
2687 4064 3028 4119 ἀποκαλέσαι
3061 4074 3107 4129 ε,
3133 4064 3227 4115 καὶ
3253 4065 3367 4125 τοῖς
3404 4063 3568 4130 ἱεροῖς
3591 4056 3669 4126 μὴ

2084 4164 2390 4234 προσιέναι,
2427 4161 2477 4213 εἱ
2506 4159 2581 4231 μὴ
2611 4157 2936 4229 καθαρθείη,
2968 4156 3336 4211 ἀποθεσπίσαι
3361 4170 3376 4221 ;
3412 4152 3582 4206 Πάλιν
3609 4149 3670 4201 δὲ

2079 4255 2143 4307 τὸ
2201 4254 2298 4323 μὲν
2359 4253 2682 4323 ὀστράκινον
2744 4252 2934 4319 ἄγγος,
2977 4249 3115 4303 ὲπάν
3172 4246 3486 4317 ἀκαθάρτου
3522 4242 3672 4306 τινὸς

2080 4345 2290 4419 ψαύσῃ,
2324 4344 2729 4415 συντρίϐεσθαι,
2778 4344 2853 4406 ὡς
2891 4341 3087 4412 μηκέτι
3142 4340 3368 4394 δυνατὸν
3401 4335 3542 4391 εἶναι
3568 4336 3673 4403 τῆς

390 4429 599 4498 alioqui
658 4428 927 4499 pollutum
993 4427 1251 4495 expiari:
1293 4428 1373 4481 sin
1434 4441 1645 4481 aeneum
1700 4443 1830 4492 vas,
1890 4428 1963 4481 vel

2084 4438 2431 4508 ἀκαθαρσίας
2479 4437 2541 4490 τὸ
2592 4436 3004 4507 μεμολυσμένον
3041 4430 3376 4489 ἀπολύεσθαι
3417 4431 3434 4468 ί
3466 4446 3481 4461 ·
3517 4429 3584 4482 ἂν
3612 4428 3671 4479 δὲ

391 4522 631 4591 ligneum
661 4528 826 4583 esset,
859 4518 1120 4574 facillime
1151 4519 1386 4573 lavando
1434 4518 1812 4573 mundaretur.
1870 4518 1963 4573 Elia

2085 4530 2320 4602 χαλκοῦν
2364 4528 2633 4600 ἢξύλινον
2682 4524 2739 4600 ᾗ,
2789 4528 2986 4599 ῥαδίως
3039 4528 3139 4596 τῆς
3189 4522 3532 4593 ἀκαθαρσίας
3580 4518 3673 4573 διὰ

394 4613 491 4668 sa:i
526 4628 655 4667 ossa
686 4612 969 4667 communi
999 4611 1065 4665 de
1094 4611 1421 4666 morticiniis
1461 4611 1564 4681 legi
1598 4611 1963 4681 subjacebant

2082 4621 2178 4675 τοῦ
2231 4621 2423 4685 ὓδατος
2480 4620 2942 4675 ἀπαλλάττεσθαι.
2999 4618 3110 4673 Καὶ
3149 4617 3218 4671 τὰ
3251 4617 3350 4687 μὲν
3392 4612 3671 4668 Ἐλισαίου

392 4713 445 4760 et
476 4703 837 4774 pollutionem
880 4702 1309 4773 impertiebant;
1343 4712 1523 4757 tamen
1555 4703 1754 4757 mortui
1785 4703 1963 4758 iisden

2084 4715 2220 4767 ὀστᾶ
2267 4712 2343 4783 τῷ
2394 4713 2558 4783 κοινῷ
2604 4714 2713 4765 τῶν
2756 4711 2967 4782 νεκρῶν
3016 4712 3167 4781 νόμῳ
3215 4712 3296 4772 είς
3322 4706 3670 4775 ἀκαθαρσίαν

394 4797 845 4868 approximantes
890 4796 960 4850 ab
991 4796 1099 4851 illis
1142 4811 1307 4866 puros
1352 4796 1473 4850 vita:
1512 4796 1693 4851 radios
1747 4796 1963 4865 recipie-

2087 4808 2241 4876 ἄγειν
2261 4824 2275 4837 ·
2305 4807 2430 4869 τοὺς
2458 4806 2515 4859 δὲ
2551 4805 2996 4876 πεπλησιακότας
3026 4804 3211 4867 αὐτοῖς
3242 4802 3475 4871 νεκροὺς
3496 4797 3673 4851 καθα-

394 4889 547 4954 bant,
589 4898 644 4942 et
672 4888 738 4942 ad
772 4889 894 4942 vitae
926 4889 1100 4943 lucem
1131 4903 1162 4942 a
1203 4888 1511 4944 tenebrosis
1539 4888 1731 4944 mortis
1768 4887 1963 4944 foribu:

2091 4899 2190 4971 ράς
2249 4897 2462 4950 ἐκεῖθεν
2503 4898 2603 4967 τῆς
2631 4897 2778 4968 ζωῆς
2826 4896 3077 4966 δέχεσθαι
3118 4895 3220 4957 τάς
3268 4896 3536 4957 ἀκτῖνας,
3573 4889 3671 4944 καὶ

394 4982 822 5038 reducebantur.
843 4982 1072 5038 Dicesne
1096 4983 1279 5054 igitur,
1297 4982 1489 5053 polluti
1520 4982 1616 5046 illi,
1634 4982 1728 5052 qui
1744 4984 1963 5051 proxim

2085 4992 2225 5063 πρὸς
2259 4990 2432 5044 τὸτοῦ
2464 4990 2579 5060 βίου
2610 4990 2725 5060 φῶς
2748 4992 2813 5043 ἐκ
2841 4989 2951 5042 τῶν
2982 4988 3230 5061 ζοφερῶν
3274 4986 3460 5041 πυλῶν
3502 4987 3671 5037 ὲπαν-

394 5078 505 5133 illis
536 5078 758 5133 ossibus
785 5076 933 5140 lacti,
965 5093 995 5131 a
1028 5078 1224 5133 mortis
1258 5075 1625 5147 limmunditie
1666 5077 1963 5147 purgaban-

2081 5083 2310 5151 ἀγεσθαι
2345 5082 2439 5135 τοῦ
2462 5084 2715 5136 θανάτου.
2752 5083 2817 5135 Τί
2859 5080 2989 5147 οὗν;
3020 5084 3163 5153 ὲρείς
3193 5079 3541 5150 ἀκαθάρτους
3586 5077 3669 5129 δτι

399 5171 526 5225 tur?
553 5185 733 5225 annon
768 5172 948 5242 potius
983 5171 1317 5227 sacriﬁcium
1371 5170 1724 5242 gratitudinis
1778 5185 1963 5240 prore

2083 5176 2486 5245 πλησιάσαντες
2538 5176 2747 5240 ὀστέοις
2784 5176 3004 5246 νεκροῦ,
3051 5176 3153 5244 τῆς
3176 5172 3521 5242 ἀκαθαρσίας
3572 5169 3663 5221 τοῦ

397 5265 970 5320 staurationeillorum
1002 5265 1220 5333 offeres,
1258 5279 1419 5337 quam
1460 5264 1823 5335 expiatorium
1855 5279 1963 5318 con

2090 5266 2325 5321 θανάτου
2358 5267 2763 5339 ὲκαθάρθησαν,
2793 5268 2826 5337 ἦ
2860 5268 2955 5320 καὶ
2985 5268 3293 5339 προσοίσεις
3325 5264 3467 5334 ὑπὲρ
3485 5262 3664 5315 αὐτῶν

398 5366 577 5411 tactus
601 5365 695 5427 per
725 5371 887 5428 quem
915 5357 1238 5413 surrexere?
1272 5355 1559 5423 Quomodo
1606 5371 1715 5411 non
1757 5356 1861 5409 erit
1884 5356 1963 5410 Ιιυ‹

2084 5358 2185 5412 οὐκ
2210 5360 2506 5432 εὐχαριστή
2518 5376 2628 5431 ριον
2651 5360 2750 5430 τῆς
2778 5359 3072 5430 ὲγέρσεως,
3095 5357 3231 5413 ἀλλά
3248 5355 3548 5426 καθάρσιον
3566 5351 3662 5419 τῆς

1676 5556 1915 5613 VARIAS
1966 5556 2373 5613 LECTIONES.

414 5751 421 5759 .
463 5676 489 5715 ά
609 5677 673 5783 bl.
702 5672 1360 5749 παραπλησίουςάλόντας
1390 5670 1627 5742 ὑπῆγεν.
1708 5684 1731 5712 ε
1760 5672 1849 5727 ισ.
1904 5674 2251 5729 ἀποκλεῖσαι.
2278 5675 2338 5731 C.
2370 5673 2437 5730 M.
2470 5673 2828 5729 ἀποκαλέσαι.

414 5765 507 5800 ιπο
529 5766 637 5800 ιυεσ
654 5756 754 5800 J12.

400 5765 730 5801 αποθιυεσυαι
743 5789 754 5800 .

2915 5673 2931 5713 ἲ
2972 5674 3058 5728 ῖσ.
3090 5670 3477 5727 ἀπολούεσθαι.
3502 5669 3562 5727 C.
3588 5667 3653 5723 Μ.
