3880 6206
206 298 308 363 669

1044 296 1144 356 AD
1185 288 1775 355 AMPHILOCHIUM
1811 286 2155 361 QUKESTIO
2186 286 2404 361 CXIII,
2442 286 2639 353 CXIV.

3338 288 3443 352 670

206 408 371 476 ἁφῆς,
404 403 462 471 ἐξ
488 396 553 476 ἦς
571 403 910 475 ἀνέστησαν;
938 405 1046 459 Καὶ
1074 406 1193 469 πῶς
1234 406 1335 459 οὐκ
1375 404 1441 458 ἂν
1484 405 1569 474 εἴη
1608 402 1769 456 τοῦτο
1798 464 1803 475 η

1883 407 2064 454 contra
2116 397 2333 468 planam
2386 396 2723 466 Scripturam
2771 409 2885 450 rem
2935 402 3286 466 apparentem
3348 414 3446 461 per

204 498 348 551 κατά
364 513 427 565 γε
445 497 555 549 τῶν
582 496 980 567 γεγραμμένων
995 500 1055 550 τὸ
1077 498 1421 568 φαινόμενον,
1445 496 1613 566 πολλὴ
1631 496 1773 564 ἀμα-

206 588 293 640 θία
328 589 420 641 καὶ
447 588 639 649 ἄνοια;
690 587 756 638 Ἦ
789 585 847 638 δὲ
876 587 974 656 τῆς
999 588 1121 639 δνου
1144 585 1349 653 σιαγὼν
1365 584 1602 656 τριπλῆς
1633 585 1772 637 ἀκα-

206 681 433 751 θαρσίας
462 679 643 732 αἰτίαν
674 678 1017 748 πηγάζουσα,
1061 679 1178 742 πῶς
1222 677 1464 747 καθαροῦ
1500 677 1594 729 καὶ
1619 676 1774 729 ποτί-

207 790 308 842 μου
341 774 579 839 νάματος
607 770 829 839 διψῶντι
854 769 929 841 τῷ
960 770 1261 841 Ναζαραίῳ
1285 770 1521 823 ἀνέδωκε
1540 768 1771 840 ῥύακας,

206 865 339 926 ἴσοις
368 863 467 933 τῆς
492 862 834 933 ἀκαθαρσίας
857 863 1205 934 διαϐοηθεῖσα
1228 862 1469 932 θαύμασι
1495 862 1652 928 ςδνου
1675 860 1774 931 μὲν

204 956 311 1026 γὰρ
343 950 430 1023 ἦν,
460 953 555 1006 καὶ
583 952 777 1024 νεκροῦ
799 954 949 1018 ὀστᾶ,
973 955 1068 1007 καλ¹
1104 955 1304 1024 τρίτον,
1330 954 1505 1021 φόνων
1524 953 1734 1023 ὄργανα
1758 966 1771 981 ·

204 1047 300 1098 οὐκ
341 1047 399 1097 ἐν
448 1046 518 1114 γῇ
581 1044 639 1096 δὲ
690 1043 917 1115 πλησίον
962 1044 1173 1106 ὕδατος,
1214 1042 1334 1097 οὐδέ
1386 1061 1531 1106 τινες
1575 1042 1777 1103 νοτίδες

204 1135 427 1205 ἀφανῶς
458 1136 829 1207 ὑπαρδόμεναι
873 1137 966 1190 τοῦ
1010 1136 1167 1190 ὀστοῦ
1218 1136 1592 1190 κατελείϐοντο
1614 1154 1629 1168 ο
1662 1134 1774 1188 ἀλλ’

204 1226 394 1298 ἀνδρὸς
428 1228 572 1296 χειρὶ
604 1226 847 1298 μαχητοῦ
871 1228 1033 1281 ὅπλον
1060 1228 1201 1280 κατά
1217 1226 1492 1297 πολεμίων
1514 1227 1740 1296 ἐφέρετο
1758 1240 1772 1253 '

206 1319 297 1371 καὶ
321 1316 593 1387 τοσαύτην
626 1317 808 1386 πηγὴν
833 1317 1042 1370 ὑδάτων
1074 1315 1386 1382 ἀνέϐλυσεν,
1434 1314 1574 1368 ὥστε
1595 1315 1687 1367 τὸν
1720 1315 1777 1365 έν

205 1409 442 1479 τοσούτῳ
497 1411 651 1477 κόπῳ
677 1411 701 1447 ⁸
736 1409 831 1461 καὶ
871 1408 1124 1477 καμάτῳ,
1171 1407 1267 1459 καὶ
1304 1404 1538 1476 τοσαύτῃ
1583 1401 1777 1472 καιροῦ

207 1501 511 1573 παρατάσει
544 1500 889 1569 δεδιψηκότα,
912 1498 1143 1569 ἀφθόνου
1208 1500 1303 1551 καὶ
1350 1495 1628 1565 δαψιλοῦς,
1684 1494 1779 1547 καὶ

208 1592 350 1664 πέρα
375 1593 473 1663 τῆς
506 1592 718 1663 χρείας,
745 1592 1033 1662 ὲμοιρῆσαι
1060 1591 1086 1629 h
1120 1590 1382 1659 πόματος.
1432 1588 1591 1641 Ἀλλά
1607 1585 1781 1640 τοιού-

206 1702 281 1754 τῳ
323 1686 422 1755 μὲν
448 1686 518 1737 τὰ
545 1683 640 1737 τοῦ
667 1682 979 1753 ἀκαθάρτου
1010 1681 1148 1747 ζώου
1189 1684 1281 1735 καλ⁸
1311 1681 1491 1752 νεκρά
1547 1679 1642 1733 καὶ
1680 1695 1776 1749 φο-

1874 489 2241 560 ignorantiam
2271 496 2327 543 et
2358 487 2688 557 imperitiam
2739 486 3043 542 inducere?
3072 488 3227 542 Asini
3262 499 3448 544 autem

1874 582 2094 637 maxilla
2127 581 2323 651 triplici
2360 589 2578 635 scatens
2601 580 2947 634 immunditia
2974 580 3252 650 quomodo
3281 581 3449 636 defae-

1875 685 2012 731 catae
2037 683 2089 730 et
2118 673 2373 744 potabilis
2396 688 2550 743 aquae
2571 672 2931 743 scaturigines
2953 673 3155 727 sitienti
3189 674 3452 729 Nazaraeo

1876 767 2290 837 suppeditabat,
2329 781 2452 834 quae
2508 765 2734 835 paribus
2786 765 3118 834 impuritatis
3171 766 3453 821 miraculis

1876 856 2298 911 illustrabatur?
2328 870 2390 909 os
2432 854 2576 909 enim
2613 855 2717 909 fuit
2753 855 2934 918 asini,
2967 863 3021 909 et
3050 855 3270 925 quidem
3311 856 3454 909 asini

1878 949 2101 1010 mortui,
2150 957 2205 1001 et
2264 947 2444 1001 adhuc
2495 946 2680 1012 tertio,
2760 947 2911 1002 necis
2978 948 3450 1001 instrumentum:

1877 1057 1986 1093 non
2038 1048 2217 1094 autem
2247 1052 2279 1092 e
2314 1038 2492 1093 vicina
2521 1048 2663 1092 terra
2712 1053 2902 1108 aqueaa
2947 1039 3335 1094 distillationes
3367 1038 3453 1092 in-

1878 1133 2208 1188 sensibiliter
2235 1147 2298 1186 os
2324 1130 2457 1184 iilud
2515 1129 2949 1185 madefaciebant
2978 1148 2993 1184 :
3027 1131 3119 1186 sed
3152 1130 3253 1185 viri
3284 1130 3453 1184 bella-

1883 1226 2016 1279 toris
2052 1239 2202 1277 arma
2260 1231 2446 1277 contra
2498 1222 2724 1277 hostiles
2756 1222 2993 1277 insultus
3044 1222 3452 1278 adhibebatur:

1880 1326 2084 1370 tantam
2114 1329 2242 1369 vero
2289 1329 2556 1383 aquarum
2612 1314 3003 1382 scaturiginem
3043 1314 3229 1379 edidit,
3263 1322 3321 1368 ut
3360 1312 3457 1383 qui

1879 1416 2002 1476 post
2034 1408 2195 1461 talem
2232 1407 2698 1477 defatigationem,
2758 1419 2814 1463 et
2852 1409 3119 1472 laborem,
3151 1417 3206 1462 et
3260 1407 3313 1461 in
3363 1407 3457 1462 tali

1880 1501 2145 1569 temporis
2178 1502 2450 1568 exigentia
2481 1502 2676 1565 sitiret,
2698 1500 3024 1563 abundanti,
3049 1500 3224 1564 varia,
3242 1508 3297 1553 et
3315 1499 3457 1553 ultra

1882 1593 2263 1646 necessitatem
2294 1608 2562 1662 aquarum
2592 1594 2747 1662 copia
2771 1593 3112 1663 irrigaretur.
3141 1591 3208 1646 Et
3237 1592 3456 1662 quidem

1885 1684 2155 1739 talismodi
2212 1685 2476 1740 miraculo
2523 1700 2585 1739 os
2635 1685 2895 1740 animalis
2923 1684 3123 1755 impuri
3171 1693 3225 1739 et
3253 1683 3457 1739 mortui

207 1777 331 1830 νικά
377 1777 512 1828 ὀστᾶ
554 1774 948 1845 ὑπηρετήσατο
995 1772 1267 1839 θαύματιο
1303 1774 1414 1834 τοῖς
1461 1770 1570 1842 γὰρ
1608 1770 1777 1839 ὄνομα

1883 1774 2319 1830 subministravit
2346 1794 2359 1829 :
2391 1792 2490 1831 nec
2523 1778 2823 1846 quidquam
2856 1777 2983 1832 inde
3011 1777 3328 1831 detrimenti
3360 1792 3457 1831 ae-

208 1869 412 1939 πηγῆς,
444 1867 542 1938 τὴν
569 1866 691 1920 δνου
742 1865 972 1934 σιαγόνα
1007 1863 1274 1926 ποιοῦσιν,
1304 1861 1558 1916 κάκεῖθεν
1582 1860 1660 1930 τῷ
1692 1861 1777 1912 δε-

206 1960 458 2030 διψηκότι
495 1959 723 2029 φέρουσι
752 1958 813 2010 τὸ
846 1959 1014 2027 νᾶμα,
1068 1956 1247 2010 καίτοι
1294 1955 1385 2007 τὸν
1420 1952 1778 2024 προκείμενον

206 2051 362 2118 λόγον
395 2050 516 2103 κατ’
546 2048 698 2101 οὐδὲν
743 2046 1182 2116 λυμαινομένοις.
1209 2043 1379 2113 Δῆλον
1420 2043 1528 2112 γάρ
1565 2040 1641 2102 ὡς
1685 2039 1780 2091 καὶ

208 2143 362 2196 αὐτοὶ
384 2141 544 2194 τοῦτο
584 2140 863 2207 λέγοντες,
897 2139 1086 2210 πόρρω
1126 2135 1221 2190 τοῦ
1273 2134 1604 2206 γράμματος
1668 2132 1779 2199 ἰχν-

206 2234 495 2305 ηλατοῦσιν
515 2250 528 2262 ·
562 2234 666 2295 ἓως
699 2232 765 2285 ἂν
814 2234 847 2300 ή
882 2230 990 2284 τῶν
1014 2228 1329 2300 παραδόξων
1375 2227 1552 2297 ἔργων
1597 2222 1780 2285 πίστις

206 2327 450 2397 ὲνισχύῃ,
482 2326 581 2379 οὐκ
618 2324 684 2378 ἂν
732 2324 905 2394 ἡδέως
956 2322 1327 2391 συμφήσαιμι.
1377 2317 1487 2371 Καὶ
1524 2316 1664 2369 τίάν
1695 2332 1780 2377 τις

208 2418 548 2489 ἀπαριθμοίη
581 2417 649 2469 τὰ
684 2416 942 2479 τοιαῦτα;
981 2413 1165 2483 σχεδὸν
1190 2412 1297 2480 γὰρ
1326 2411 1394 2463 δι’
1422 2409 1544 2463 ὅλου
1580 2407 1675 2461 τοῦ
1694 2425 1780 2462 νο-

212 2511 373 2583 μικοῦ
435 2511 785 2582 γράμματος,
839 2509 873 2578 ἡ
918 2506 1143 2576 τοιαύτη
1206 2506 1313 2560 τῶν
1366 2499 1781 2572 αίνιγματωδῶν

210 2603 455 2672 θεωριῶν
498 2600 870 2669 κατακέχυται
925 2598 1155 2651 θύελλα*
1191 2597 1307 2651 ἀλλ’
1366 2597 1501 2666 ὅπερ
1546 2594 1642 2649 καὶ
1677 2593 1780 2663 ἀρ-

207 2696 437 2765 χόμενος
485 2691 637 2746 εἷπον
664 2733 678 2755 ,
713 2692 802 2744 διὰ
858 2690 1063 2744 τούτων
1125 2706 1184 2741 τε
1237 2688 1330 2742 καὶ
1365 2688 1474 2740 τῶν
1525 2686 1782 2740 τοιούτων

209 2784 486 2845 ἁπάντων,
523 2783 552 2833 ὁ
582 2779 745 2851 σοφὸς
788 2779 1088 2850 νομοθέτης
1137 2777 1377 2848 ἐναργῶς
1428 2777 1780 2848 παρίστησιν,

211 2873 284 2935 ὡς
317 2870 452 2941 ἄλλη
488 2870 586 2940 μὲν
614 2872 646 2940 ή
678 2870 819 2923 κατὰ
841 2868 901 2922 τὸ
922 2868 1159 2939 γράμμα
1181 2868 1360 2921 καὶτὸ
1374 2868 1661 2938 πρόχειρον
1682 2867 1784 2937 τῆς

212 2964 500 3033 ἐπιστολῆς
527 2962 859 3031 ἀπαγγελία,
890 2961 965 3026 ὡς
989 2962 1400 3033 παραπέτασμα
1428 2959 1783 3031 διηπλωμένη

213 3056 459 3127 κρυφίων
498 3055 904 3125 θεωρημάτων·
942 3054 1106 3126 ἑτέρα
1154 3054 1211 3107 δὲ
1264 3056 1297 3124 ἡ
1334 3053 1427 3107 τοῦ
1470 3053 1782 3123 πνεύματος

1881 1875 2162 1935 ceperunt,
2194 1867 2284 1935 qui
2320 1882 2518 1921 nomen
2551 1867 2720 1923 fontis
2753 1869 2989 1923 maxillae
3011 1869 3150 1924 asini
3182 1869 3454 1932 detulere.

1879 1963 1934 2008 et
1958 1955 2156 2009 abinde
2211 1956 2417 2009 sitienti
2451 1957 2653 2012 ﬂuenta
2684 1958 2901 2012 dedere.
2962 1958 3122 2013 Certe
3177 1958 3224 2013 si
3252 1960 3343 2028 qui
3382 1958 3457 2013 ita

1880 2038 2169 2110 alIirmant,
2228 2048 2383 2118 longe
2407 2064 2438 2103 a
2472 2049 2654 2104 littera
2702 2050 3094 2121 investigantes
3147 2053 3456 2118 recedunt;

1881 2136 2080 2205 quibus
2121 2154 2222 2208 ego
2255 2139 2431 2194 libens
2458 2156 2565 2193 non
2603 2141 2873 2195 adhibebo
2893 2157 3248 2207 consensum,
3281 2158 3459 2212 quan-

1881 2228 1973 2283 diu
1996 2232 2395 2299 paradoxorum
2428 2246 2654 2301 operum
2688 2232 2822 2287 ﬁdes
2844 2234 3208 2302 prmvaluerit.
3240 2234 3305 2288 Et
3329 2233 3459 2303 quid

1881 2334 2021 2390 Opus
2058 2322 2141 2376 his
2178 2322 2377 2377 similia
2408 2325 2766 2378 enumerare?
2793 2326 2905 2379 lere
2937 2326 3084 2379 enim
3120 2341 3211 2394 per
3238 2326 3462 2379 univer-

1882 2428 1998 2468 sam
2026 2414 2159 2484 legis
2192 2412 2535 2485 Scripturam
2567 2417 3288 2487 ejusmodispeculationum
3324 2419 3462 2475 aani-

1882 2504 2243 2573 gmaticarum
2290 2515 2586 2576 tempestas
2624 2507 2993 2562 diffunditur:
3048 2509 3142 2563 sed
3188 2509 3333 2577 quod
3395 2510 3464 2561 ab

1883 2596 2041 2649 initio
2088 2597 2238 2663 dixi,
2290 2608 2509 2667 propter
2540 2598 2655 2653 hate
2708 2608 2762 2654 et
2805 2601 3039 2664 similia,
3096 2603 3315 2671 sapiens
3370 2602 3463 2657 ille

1884 2686 2165 2758 legislator
2203 2698 2388 2758 aperte
2430 2689 2672 2756 indicat,
2719 2692 2863 2761 quod
2892 2692 3051 2746 aliter
3080 2693 3257 2748 littera
3293 2708 3460 2763 appa-

1887 2785 2070 2831 renter
2116 2780 2397 2849 suggerit,
2444 2789 2701 2850 tanquam
2748 2783 3111 2838 velamentum
3163 2785 3460 2840 obductum

1884 2868 2299 2923 obscuratarum
2376 2872 2807 2941 speculationum
2838 2915 2854 2941 ,
2907 2876 3064 2930 aliter
3118 2877 3342 2945 spiritus
3408 2879 3465 2932 in

1884 2961 2211 3017 abscondito
2267 2962 2450 3018 divina
2511 2966 2834 3034 sapientia:
2894 2983 2924 3022 a
2970 2985 3079 3038 quo
3132 2968 3356 3025 Judaica
3411 2981 3466 3025 et

1884 3052 2137 3110 haeretica
2186 3056 2477 3112 multitudo
2543 3060 2801 3115 excidens
2845 3061 3063 3132 longum
3108 3074 3163 3118 et
3194 3063 3465 3121 difﬁcilem

214 3126 310 3202 καὶ
361 3150 419 3200 ἐν
458 3146 534 3217 τῷ
563 3147 714 3217 βάθει
767 3147 1117 3217 κρυπτομένη
1175 3145 1464 3214 θεοσοφία*
1500 3140 1569 3216 ἦς
1619 3142 1786 3214 ἡτῶν

1897 3159 2139 3201 errorem
2167 3162 2353 3204 errare
2382 3164 2490 3204 non
2519 3150 2721 3206 desinit
2750 3153 2950 3209 adhuc.

225 3239 512 3305 Ἰουδαίων,
535 3238 632 3291 καὶ
661 3237 764 3290 τῶν
780 3236 1172 3301 Ἰουδαῖζόντων
1209 3235 1547 3306 αἱρεσιωτῶν
1581 3234 1790 3303 πληθὺς

218 3329 488 3383 ὲπεκοῦσα
527 3328 545 3367 ί
580 3329 795 3400 μακρὰν
818 3329 913 3381 καὶ
949 3327 1195 3399 χαλεπὴν
1222 3327 1284 3381 ού
1318 3327 1553 3383 παύεται
1573 3327 1784 3398 πλάνην

216 3422 563 3492 πλανωμένη.

760 3531 1093 3584 ΕΡΩΤΗΣῘΣ
1115 3530 1257 3584 PIA'.

1976 3532 2301 3599 QUIESTIO
2338 3536 2498 3591 CXIV
2522 3536 2725 3609 ,[CoisL
2760 3548 2807 3593 et
2834 3539 2993 3596 Taur.
3032 3540 3357 3620 CXXXVI

359 3640 504 3693 Edita
530 3657 557 3693 a
589 3642 909 3702 Monlacutio,
931 3656 1011 3705 ep.
1035 3644 1144 3702 228,
1188 3642 1252 3692 ad
1280 3642 1530 3704 Arsaber.,
1566 3645 2296 3769 pﬁiﬂﬁgiwlﬁégnorantia
2325 3638 2427 3699 diei
2466 3661 2519 3701 et
2540 3652 2674 3702 hora
2716 3653 2906 3716 judicii.
2940 3656 3085 3708 Marc.
3112 3674 3211 3721 xm,
3232 3663 3311 3723 32;

285 3792 358 3845 Οὐ
409 3791 609 3861 πολλήν
650 3808 741 3860 μοι
779 3791 925 3844 δοκεῖ
948 3792 1048 3860 τὴν
1089 3790 1411 3862 δυσχέρειαν
1442 3791 1605 3862 ἔχειν,
1653 3793 1789 3863 ὅπερ

219 3900 298 3935 σοι
332 3882 558 3951 πολλὴν,
584 3882 657 3945 ὡς
692 3882 945 3952 γράφεις,
978 3885 1198 3953 ἐμποιεῖ
1223 3882 1323 3953 τὴν
1357 3883 1611 3954 ἀπορίαν⁶
1644 3884 1791 3954 πρῶ-

216 3989 305 4027 τον
344 3973 444 4043 μὲν
486 3973 622 4043 γὰρ,
653 3974 710 4026 ἐν
739 3972 1026 4042 ἀνθρώπου
1061 3971 1223 4040 φύσει
1261 3974 1357 4026 καὶ⁹
1401 3975 1582 4045 μορφῇ
1612 3990 1789 4044 πεφη-

218 4061 339 4127 νὼς,
388 4064 416 4115 ὁ
466 4064 524 4116 ὲν
569 4064 751 4133 μορφῇ
798 4062 894 4115 τοῦ
944 4063 1079 4115 Θεοῦ
1136 4064 1231 4117 καὶ
1277 4065 1485 4134 Πατρὸς
1528 4064 1791 4135 ὑπάρχων

218 4152 363 4217 Υἱὸς,
401 4153 477 4215 ὡς
509 4152 796 4224 ἄνθρωπος
836 4155 904 4206 τὰ
932 4154 1105 4207 πολλὰ
1150 4158 1265 4219 τοῖς
1306 4156 1579 4225 μαθηταῖς
1618 4155 1792 4209 συνὼν

217 4244 518 4312 διελέγετο,
547 4245 647 4314 τὴν
690 4244 813 4298 καθ’
857 4247 1005 4315 ἡμᾶς
1050 4246 1210 4315 φύσιν
1242 4246 1575 4301 ἀναλαϐεῖνὶ
1626 4247 1789 4301 ἐνδει-

1958 3791 2077 3847 Non
2108 3794 2322 3850 videtur
2359 3797 2492 3851 mihi
2542 3814 2792 3869 magnam
2845 3803 3047 3861 habere
3091 3807 3464 3867 diﬂicultatem

1887 3887 2033 3954 quod
2068 3887 2200 3951 tibi,
2236 3890 2314 3942 uti
2351 3890 2583 3957 scribis,
2626 3893 3001 3950 dnbitationen
3023 3900 3328 3967 {plurimam
3380 3902 3464 3957 af-

1887 3976 1993 4032 fert
2036 3995 2051 4031 :
2094 3979 2348 4049 inprimis
2378 3981 2424 4036 si
2455 3983 2509 4035 in
2536 3993 2728 4039 natura
2760 3996 2809 4041 et
2837 3987 3007 4042 forma
3037 3990 3276 4047 humana
3298 4009 3467 4065 appa-

1892 4072 2024 4138 ruit,
2091 4075 2206 4143 qui,
2235 4089 2358 4129 cum
2399 4075 2567 4132 Filius
2592 4089 2775 4144 esset,
2819 4090 2935 4136 erat
2967 4084 3021 4137 in
3062 4084 3237 4142 forma
3282 4087 3377 4142 Dei
3414 4100 3469 4145 et

1889 4163 2103 4221 Patris:
2132 4180 2188 4221 ut
2213 4172 2376 4223 homo
2400 4185 2524 4224 cum
2557 4172 2837 4243 discipulis
2869 4192 3094 4233 versans
3123 4180 3426 4239 disserebat
3446 4225 3461 4245 ,

1890 4260 2133 4306 nostram
2173 4253 2229 4307 in
2264 4266 2601 4312 senaturam
2636 4266 2947 4332 suscepisse
2980 4270 3293 4325 ostendens.
3318 4271 3461 4338 Quid

220 4336 501 4406 κνύμενος.
551 4338 661 4390 Καὶ
696 4336 748 4389 τί
796 4337 905 4407 γὰρ
932 4338 1156 4408 ἄπορον,
1190 4338 1283 4392 τὸν
1330 4338 1648 4404 κοπιῶντα,
1694 4339 1791 4393 καὶ

1888 4342 2055 4435 ineo
2097 4344 2319 4400 dubium
2363 4356 2483 4411 est,
2544 4351 2694 4405 illum
2742 4356 2835 4423 qui
2887 4336 3459 4435 defatigabaturaqui

224 4427 487 4496 ἱδροῦντα,
522 4427 618 4479 καὶ
650 4425 803 4496 ὕπνῳ
827 4428 1313 4500 διαναπαυόμενον,
1353 4429 1554 4502 βρώσει
1589 4448 1648 4483 τε
1695 4431 1790 4484 καὶ

1888 4433 2158 4501 sudabat,
2209 4438 2304 4506 qui
2360 4453 2555 4495 somno
2607 4446 3026 4514 requiescebat,
3059 4425 3182 4520 ⁷(ιιιί
3231 4425 3353 4508 cibo
3381 4425 3464 4512 lae

221 4518 371 4572 πόσει
392 4559 407 4582 ,
436 4518 533 4589 τὴν
558 4519 650 4572 τοῦ
687 4519 935 4589 σώματος
965 4520 1147 4589 φύσιν,
1192 4521 1254 4575 τὸ
1280 4523 1400 4576 ὅλον
1440 4524 1636 4589 εἰπεῖν,
1666 4540 1790 4577 συν⁶

1889 4532 2020 4591 potu
2072 4527 2320 4594 corporis
2362 4536 2636 4593 naturam,
2668 4542 2725 4586 ut
2775 4542 2945 4589 totum
2978 4518 3122 4606 quod
3153 4550 3235 4594 est
3261 4542 3464 4608 dicam,

221 4610 408 4681 έχοντα
438 4611 687 4679 ῥέουσαν,
727 4612 916 4665 τοῦτον
944 4612 1007 4683 δὴ
1038 4612 1247 4680 τοῦτον,
1290 4614 1386 4667 καὶ
1433 4614 1657 4684 άγνοιαν
1687 4615 1788 4685 τῆς

1892 4611 2136 4669 ﬂuxilem
2183 4617 2451 4684 ﬁrmabat,
2490 4619 2634 4674 hunc
2658 4621 3020 4691 ignorantiam
3055 4628 3159 4682 diei
3189 4629 3380 4698 judicii
3411 4634 3465 4689 in

225 4699 520 4770 μελλούσης
575 4702 788 4771 ἡμέρας
841 4701 1237 4772 ἀναδέχεσθαι,
1291 4704 1383 4758 καὶ
1445 4704 1507 4757 τὸ
1569 4704 1788 4777 μέτρον,

1889 4719 1947 4760 se
1976 4709 2306 4777 suscepisse,
2339 4719 2394 4764 et
2423 4726 2736 4767 mensuram
2756 4754 2770 4780 ,
2800 4716 2877 4769 uti
2912 4727 2966 4773 et
2992 4728 3308 4777 caeterorum
3334 4765 3350 4789 ,
3392 4726 3466 4781 ita

222 4789 404 4862 ὥσπερ
431 4791 497 4863 δὴ
525 4792 635 4844 τῶν
664 4792 860 4855 ἄλλων,
895 4790 1040 4845 οὕτω
1084 4793 1140 4845 δὲ
1188 4793 1284 4846 καὶ
1313 4794 1414 4863 τῆς
1444 4794 1792 4865 ἀνθρωπίνης

1886 4806 1943 4851 et
1975 4798 2233 4855 humana:
2259 4803 2593 4872 cognitionis
2636 4807 2880 4863 noluisse
2911 4812 3273 4880 pudefacere?
3299 4815 3462 4873 Certe
3520 4842 3523 4845 ·

223 4884 493 4949 γνώσεως,
546 4883 849 4955 ἐξυϐρίζειν
892 4885 994 4938 οὐκ
1042 4884 1371 4955 ἀνέχεσθαι;
1413 4886 1489 4948 ὡς
1539 4886 1639 4954 μὲν
1682 4886 1792 4956 γὰρ

1889 4897 1949 4943 ut
1975 4889 2238 4947 Conditor
2260 4896 2505 4949 omnium
2531 4913 2596 4951 ac
2618 4897 2761 4954 Deus
2783 4903 2966 4957 omnia
2992 4919 3117 4959 cum
3148 4905 3306 4962 Patre
3326 4909 3468 4965 scie-

222 4975 562 5047 Δημιουργός
610 4977 865 5031 ἁπάντων
913 4977 1009 5031 καὶ
1052 4977 1187 5041 Θεὸς
1229 4978 1446 5032 ἅπαντα
1495 4978 1572 5048 τῷ
1615 4978 1792 5048 Πατρὶ

1888 4979 2019 5049 bat;
2053 4991 2108 5036 at
2137 4992 2396 5055 tanquam
2436 4987 2603 5043 homo
2635 4990 2928 5048 humanam
2958 5013 2985 5049 a
3016 5008 3076 5052 se
3101 4998 3465 5069 ignorantiam

226 5066 434 5137 συνῄδει
454 5082 468 5097 ο
504 5067 577 5131 ὡς
602 5067 886 5140 ἄνθρωπος
914 5069 992 5134 δὲ,
1030 5068 1153 5122 οὐδὲ
1181 5068 1281 5140 τὴν
1313 5068 1621 5140 ἀνθρώποις
1650 5069 1788 5140 πρέ-

1895 5087 2004 5127 non
2031 5074 2239 5142 rejecit.
2270 5076 2406 5132 Nam
2444 5081 2539 5161 qui
2568 5090 2740 5137 totum
2770 5084 3024 5155 dignatus
3065 5066 3150 5144 est
3189 5091 3463 5162 recipere,

225 5171 426 5211 πουσαν
457 5157 700 5227 ἄγνοιαν,
733 5160 793 5213 οὐ
827 5160 924 5229 μὲν
957 5156 1051 5213 οῦν
1086 5161 1184 5213 οὐκ
1214 5159 1420 5230 ὴθέτει.
1464 5162 1561 5224 Ὃς
1591 5160 1698 5232 γὰρ
1724 5160 1789 5232 δὴ

1895 5166 2171 5233 quomodo
2197 5182 2366 5222 unum
2396 5154 2599 5241 aliquid
2640 5154 2849 5231 eorum,
2884 5180 3208 5252 abnegaret,
3242 5154 3343 5241 nec
3375 5154 3453 5242 ae

225 5245 283 5298 τὸ
328 5248 446 5300 ὅλον
485 5248 657 5303 εἵλετο
694 5248 898 5315 λαϐεῖν,
941 5249 1057 5313 πῶς
1101 5249 1161 5303 ἓν
1208 5267 1260 5302 τι
1306 5249 1416 5302 τῶν
1452 5250 1583 5321 περὶ
1613 5251 1790 5305 ἐκεῖνο

1895 5253 2126 5323 ciperet,
2160 5266 2256 5311 aut
2286 5259 2376 5313 ubi
2410 5264 2729 5334 accepisset,
2764 5245 3055 5341 accepisse.
3070 5290 3177 5328 non
3210 5280 3463 5333 credere-

228 5342 576 5412 παρῃτήσατο
631 5341 706 5414 μὴ
732 5341 918 5396 λαϐεῖν
988 5341 1022 5414 ἢ
1056 5342 1133 5413 μὴ
1170 5340 1495 5397 πιστοῦσθαι
1526 5343 1607 5396 ὅτι
1644 5360 1788 5415 παρ-

1895 5346 2027 5401 tur?
2059 5345 2313 5407 Secundo
2342 5354 2389 5409 si
2419 5357 2543 5426 quis
2572 5358 2773 5417 dixerit
2798 5374 3032 5421 mentem
3057 5374 3113 5424 et
3139 5372 3463 5426 sententiam

1482 5505 1716 5563 VARIAE
1754 5508 2158 5571 LECTIONES.

309 5623 520 5711 παρις
554 5625 1111 5711 κόπῳῇκαὶλδρῶτι..
1165 5626 1689 5711 h.zg‘.‘£5l10tpﬁdat.
1731 5628 1789 5684 C.
1830 5628 2232 5701 Μ.ὲμοιρῆσαι.
2319 5635 2334 5675 ί
2368 5636 2431 5693 C.
2459 5637 2526 5694 Μ,
2562 5640 2773 5711 πληθὺς
2817 5647 3143 5703 ἐκπεσοῦσα,
3222 5660 3237 5699 ι
3296 5650 3356 5705 (ς.
3392 5650 3460 5708 Μ.

232 5692 323 5763 τὴν
351 5694 467 5747 καθ’
493 5697 639 5766 ἡμᾶς
660 5692 819 5766 φύσιν
849 5692 1064 5768 ἀληθῶς
1087 5698 1396 5752 ἀναλαϐεῖν.
