3880 6206
410 272 511 341 671

412 493 536 535 eam
571 478 717 531 diem
746 472 1033 544 discipulis
1059 470 1320 534 revelare,
1361 474 1649 537 propterea
1672 463 1816 533 quod
1842 461 1987 517 scire

412 585 509 625 eos
541 581 650 622 non
682 574 803 621 erat
833 564 965 618 utile
988 602 1004 626 ,
1036 577 1107 616 ne
1136 562 1253 615 haec
1273 557 1496 629 quidem
1538 555 1677 609 ratio
1724 569 1754 607 a
1805 553 1990 623 provi-

411 661 596 716 dentia
652 658 707 712 in
772 656 1023 712 homines
1071 654 1254 708 divina
1314 650 1627 704 abhorret:
1682 645 1991 700 methodice

415 763 597 808 autem
641 749 951 819 disponitur
995 761 1093 817 per
1128 743 1495 800 mconomiam
1527 782 1542 805 ,
1590 753 1712 808 quae
1763 751 1875 807 pra:
1931 749 1991 790 se

420 848 535 900 fert
570 842 937 913 ignorantiam
966 879 981 903 ,
1033 848 1089 892 et
1129 837 1351 891 minime
1384 834 1719 902 intelligere,
1762 846 1828 884 ne
1857 843 1991 883 ma:-

417 953 546 994 rore
583 936 885 1004 discipulos
919 931 1175 991 atIiceret,
1201 930 1291 999 qui
1328 924 1713 981 desiderabant
1743 922 1817 985 id,
1846 921 1989 990 quod

417 1028 766 1101 ignorabant,
795 1024 1118 1093 intelligere.
1143 1020 1305 1075 Certe
1342 1020 1700 1086 incongruum
1739 1023 1857 1067 erat
1902 1012 1993 1065 illa

417 1123 561 1177 scire
582 1161 599 1188 ,
638 1133 760 1189 qua:
788 1124 1004 1185 tempus
1035 1112 1168 1167 illud
1198 1119 1356 1166 erant
1379 1122 1717 1179 prmeessura
1739 1147 1753 1171 ,
1798 1114 1853 1159 et
1884 1114 1991 1156 tam

418 1221 679 1267 accurate
733 1208 825 1264 illa
873 1219 1192 1276 exponere:
1246 1202 1433 1255 horam
1492 1213 1621 1252 vero
1664 1197 1837 1266 ipsam
1888 1194 1995 1247 illis

418 1306 816 1366 adherentem,
850 1314 973 1369 qua:
1007 1312 1134 1367 pars
1162 1293 1478 1349 eorumdem
1504 1290 1827 1345 brevissima
1860 1288 1993 1351 fuit,

419 1413 527 1453 non
582 1407 932 1465 cognoscere.
988 1390 1100 1444 Nec
1154 1388 1270 1441 ﬁeri
1318 1392 1501 1455 potest
1557 1392 1617 1436 ut
1664 1396 1753 1436 res
1814 1381 1993 1449 aliqua

416 1487 688 1543 exsistens
735 1484 979 1539 animum
1028 1481 1274 1535 divinum
1339 1486 1393 1530 et
1430 1490 1593 1545 quem
1647 1474 1815 1528 latere
1861 1472 1997 1526 nihil

416 1586 642 1649 potest,
682 1576 892 1640 lateat;
934 1586 1033 1627 nec
1072 1571 1189 1625 ﬁeri
1229 1578 1449 1639 potest,
1496 1575 1555 1620 ut
1589 1564 1997 1620 obvenientium

417 1683 626 1732 rerum,
657 1678 710 1721 et
741 1666 1029 1728 obventus,
1071 1671 1127 1717 et
1161 1657 1517 1715 connexionis
1546 1671 1771 1712 causam
1810 1655 1997 1725 cogni-

419 1772 529 1815 tam
567 1725 804 1824 babeat;
852 1725 1068 1825 tempus
1114 1762 1297 1808 autem
1350 1750 1684 1806 destinatum
1730 1757 1790 1803 ut
1835 1760 1993 1802 suam
2026 1725 2068 1781 Β

416 1866 683 1923 superans
707 1849 1119 1919 conceptionem
1142 1847 1357 1916 ignoret
1384 1860 1401 1909 ;
1441 1854 1500 1897 ut
1526 1841 1720 1913 judicii
1749 1849 1994 1910 potestas

418 1942 497 1997 illi
539 1940 892 2004 concedatur,
948 1957 966 1990 ι
1016 1936 1176 1991 Pater
1219 1935 1406 1997 enim,
1458 1933 1673 2004 inquit,
1722 1931 1992 1986 neminem

414 2032 674 2103 judicat',
708 2030 803 2085 sed
838 2044 999 2084 omne
1024 2026 1292 2098 judicium
1339 2024 1482 2079 Filio
1510 2024 1659 2079 dedit
1682 2022 1761 2088 ⁸⁸,
1791 2040 1811 2074 ι
1847 2023 1996 2077 horae

419 2134 606 2179 autem
636 2124 866 2177 scientia
890 2160 906 2185 ,
956 2130 1011 2174 et
1049 2119 1331 2184 discretio,
1364 2116 1686 2187 sapientiam
1715 2116 1836 2185 ejus
1862 2114 1996 2170 εσυ-

420 2216 535 2288 giat
574 2225 629 2269 et
681 2213 1008 2268 dominium.
1047 2212 1153 2267 Sed
1181 2212 1313 2281 quid
1346 2226 1448 2281 ego
1486 2211 1601 2265 haec
1635 2210 1724 2263 hic
1749 2223 1994 2263 comme-

419 2308 617 2362 moro?
639 2310 719 2361 An
752 2308 798 2361 is
834 2307 928 2375 qui
956 2306 1168 2359 Patrem
1197 2305 1271 2359 ita
1303 2304 1549 2368 videt,ac
1584 2303 1742 2356 Pater
1770 2300 1994 2363 Filium,

418 2400 563 2456 diem
585 2411 640 2455 et
669 2399 881 2464 horam,
928 2397 1224 2468 particulas
1254 2399 1517 2463 quasdam
1556 2396 1715 2450 facile
1763 2395 1999 2449 circum-

419 2491 763 2555 scribendas,
787 2489 1039 2560 ignorat?
1068 2487 1234 2553 Sane,
1264 2488 1575 2557 patetquod
1602 2487 1669 2552 is,
1691 2484 1787 2555 qui
1816 2485 1998 2538 omnia

421 2583 634 2637 sciebat
664 2580 986 2650 priusquam
1016 2586 1203 2634 essent
1228 2618 1246 2645 ,
1273 2592 1397 2632 cum
1428 2577 1503 2631 sit
1529 2575 1708 2630 Patris
1736 2574 1999 2643 sapientia

422 2674 636 2728 interna
666 2672 979 2727 subsistens
1001 2710 1018 2736 ,
1042 2671 1138 2740 qui
1165 2670 1353 2724 omnia
1402 2669 1649 2738 possidet
1693 2682 1820 2736 quae
1873 2675 2002 2719 sunt

420 2764 639 2828 Patris,
685 2764 790 2818 nisi
841 2763 988 2832 quod
1028 2762 1301 2832 ingenitus
1327 2798 1345 2825 ,
1394 2772 1453 2815 ut
1497 2761 1697 2824 Pater,
1740 2772 1850 2811 non
1886 2756 1999 2823 sit,

422 2858 659 2912 istorum
715 2854 1080 2923 ignorantiam
1112 2867 1223 2907 non
1256 2852 1447 2907 habuit
1475 2870 1490 2905 :
1531 2850 1627 2906 sed
1664 2850 1813 2920 quod
1843 2848 2003 2904 disci-

420 2948 585 3017 pulos
616 2946 759 3001 scire
781 2960 890 2999 non
918 2952 1285 3015 congrueret,
1319 2940 1823 3012 comperendinavit
1849 2955 2002 2995 reve-

1250 332 1257 335 _
1582 263 1841 325 PHOTII
1880 258 2383 322 PATRIARCHZE
2418 259 2531 321 ΟΡ.
3137 316 3145 325 .

410 388 683 443 dictorum
746 380 1101 453 rejectionem
1150 376 1467 449 respicere,
1524 374 1600 428 ita
1648 362 1717 427 ut
1751 371 1990 426 noluerit

2098 367 2210 438 έχοι
2239 367 2264 406 ιι
2289 366 2468 419 λαθών
2486 384 2501 433 ;
2519 364 2781 437 Δεύτερον
2806 363 3004 429 δέ,κᾶν
3024 362 3104 424 εἰς
3121 359 3388 431 ἀναϐολὴν
3414 358 3511 411 τὸν
3536 360 3665 411 νοῦν

3557 242 3666 309 672

2087 463 2196 516 τῶν
2227 463 2531 533 εἰρημένων
2559 462 2672 530 ἐρεῖ
2699 477 2781 523 τις
2812 460 3042 530 ἀφορᾷν,
3068 458 3163 511 καὶ
3186 456 3247 508 τὸ
3275 455 3350 526 μὴ
3379 453 3669 524 βούλεσθαι

2087 556 2200 615 τοῖς
2235 553 2505 623 μαθηταῖς
2528 554 2721 614 εἰπεῖν,
2761 550 2907 621 άπερ
2934 551 3118 612 αὐτοῖς
3140 550 3241 601 οὐκ
3261 543 3330 617 ἦν
3356 548 3497 609 τέως
3528 563 3669 615 συμ-

2089 646 2255 716 φέρον
2285 645 2497 714 μαθεῖν,
2533 644 2652 697 οὐδὲ
2680 641 2838 696 τοῦτο
2864 643 2963 713 τῆς
2993 640 3377 710 φιλανθρώπου
3410 640 3669 708 προνοίας

2090 739 2123 809 ἡ
2154 738 2375 809 μέθοδος
2409 740 2776 807 παραιτεῖται·
2818 734 3157 805 μεθοδεύοιτο
3182 733 3226 787 δ’
3266 733 3354 799 ἂν,
3381 734 3441 798 ἐξ
3470 735 3673 785 οἰκονο-

2094 832 2224 901 μίας
2274 829 2720 900 σχηματιζομένη
2771 829 2870 897 τὴν
2913 828 3157 895 ἄγνοιαν,
3215 828 3310 879 καὶ
3355 826 3419 877 τὸ
3469 825 3671 894 μᾶλλον

2091 921 2238 987 δόξαι
2265 923 2338 990 μὴ
2366 921 2584 982 εἰδέναι,
2620 920 2759 989 ὑπὲρ
2788 919 2883 971 τοῦ
2916 918 2991 988 μὴ
3014 917 3203 970 λυπεῖν
3233 920 3358 979 τοὺς
3394 916 3670 986 μαθητὰς,

2091 1014 2153 1069 τὸ
2187 996 2756 1083 ἐγνωσμένον’μαθείν
2778 1010 3075 1079 ζητοῦντας
3099 1052 3115 1076 ,
3143 1009 3242 1064 οὐκ
3263 1008 3669 1062 ὲκδιδάσκοντα·

2094 1106 2215 1159 ἐπεὶ
2250 1106 2362 1168 πῶς
2385 1106 2558 1167 ἄλλως
2590 1104 2654 1158 ἂν
2692 1105 2802 1173 ἔχοι
2835 1104 3011 1171 λόγον,
3038 1104 3106 1156 τὰ
3138 1102 3236 1172 μὲν
3260 1102 3366 1169 πρὸ
3397 1101 3495 1169 τῆς
3522 1098 3673 1169 ὥρας

2094 1198 2297 1250 εἰδέναι
2343 1214 2439 1259 τε,
2484 1196 2578 1249 καὶ
2613 1196 2709 1248 σὺν
2748 1194 2914 1264 πολλῇ
2957 1193 3230 1247 διδάσκειν
3268 1196 3334 1262 τῇ
3381 1191 3670 1259 ἀκριϐείᾳ,

2096 1290 2264 1359 αὐτὴν
2292 1289 2347 1341 δὲ
2376 1289 2474 1359 τὴν
2500 1288 2649 1359 ὥραν
2675 1288 2900 1340 ἐκείνων
2930 1286 3218 1356 ἐχομένην,
3250 1286 3345 1337 καὶ
3372 1284 3434 1337 τὸ
3465 1282 3671 1354 βραχύ-

2095 1400 2255 1435 τατον
2289 1381 2453 1453 μέρος
2479 1377 2666 1441 οὖσαν,
2701 1381 2802 1432 οὐκ
2835 1378 3259 1448 ὲπιγινώσκειν;
3296 1378 3413 1439 πῶς
3443 1377 3487 1429 δ’
3522 1376 3586 1429 ἂν
3621 1393 3674 1428 τι

2097 1474 2205 1527 τῶν
2251 1474 2422 1527 ὄντων
2454 1472 2546 1525 τὸν
2587 1470 2858 1541 ἁλάθητον
2910 1474 3003 1523 καὶ
3050 1469 3191 1523 θεῖον
3231 1466 3475 1522 διαλάθοι
3512 1466 3673 1527 νοῦν;

2096 1566 2130 1638 ἢ
2159 1567 2279 1620 τίνα
2306 1567 2463 1634 λόγον
2502 1566 2637 1635 ἔχοι,
2667 1565 2776 1618 τῶν
2807 1565 2904 1635 μὲν
2934 1564 3329 1633 παραγομένων
3358 1562 3542 1623 αὑτὸν,
3578 1564 3679 1614 καὶ

2097 1661 2197 1730 τῆς
2228 1660 2570 1730 παραγωγῆς
2594 1698 2609 1722 ,
2638 1660 2732 1712 καὶ
2762 1658 2862 1727 τῆς
2889 1658 3147 1727 συνοχῆς,
3172 1657 3273 1725 τὴν
3300 1656 3480 1707 αἰτίαν
3505 1653 3677 1723 ἔχειν,

2096 1752 2193 1804 καὶ
2245 1752 2344 1822 τὴν
2374 1751 2601 1820 γνῶσινο
2637 1750 2729 1803 τὸν
2768 1749 2823 1801 δὲ
2870 1748 3058 1819 καιρὸν
3094 1747 3275 1817 μόνον,
3306 1745 3539 1814 κρείττω
3574 1743 3680 1811 τῆς

2094 1843 2302 1895 ἐκείνου
2337 1840 2717 1910 καταλήψεως,
2749 1839 3039 1910 ὑπάρχειν,
3071 1839 3285 1907 καὶτῆς
3313 1837 3413 1909 μὲν
3438 1837 3679 1907 κρίσεως

2095 1934 2260 1985 αὐτὸν
2283 1932 2625 2003 ἀνηρτῆσθαι
2648 1933 2710 1984 τὸ
2739 1933 2941 2003 κράτος
2997 1935 3043 2003 (ι
3075 1935 3104 1985 6
3136 1931 3321 2003 Πατὴρ
3347 1931 3457 2000 γάρ
3483 1929 3681 1981 οὐδένα

2094 2024 2304 2094 κρίνει,
2327 2024 2426 2094 τὴν
2463 2024 2520 2076 δὲ
2552 2025 2733 2095 κρίσιν
2763 2026 2943 2078 πᾶσαν
2973 2025 3173 2078 δέδωκε
3207 2022 3285 2092 τῷ
3316 2022 3432 2092 Υἱῷ
3476 2022 3548 2089 ι),
3577 2022 3681 2089 τῆς

2095 2114 2243 2186 ὥρας
2273 2116 2330 2168 δὲ
2350 2115 2449 2184 τὴν
2472 2116 2781 2182 διάγνωσιν,
2812 2117 2910 2169 καὶ
2937 2118 3140 2187 κρίσιν,
3166 2116 3262 2186 τὴν
3284 2114 3449 2169 αὐτοῦ
3484 2113 3682 2187 σοφίαν

2098 2183 2192 2261 καὶ
2220 2183 2515 2277 κυριότητα
2541 2207 2881 2277 διαφεύγειν;
2918 2183 3026 2262 Kal
3060 2209 3113 2260 τί
3138 2183 3309 2260 ταύτα
3335 2206 3520 2273 λέγω;
3550 2183 3682 2272 Ἆρ’

2097 2298 2126 2349 6
2163 2300 2255 2351 τὸν
2289 2299 2504 2366 Πατέρα
2536 2296 2712 2362 εἰδὼς,
2741 2297 2931 2369 ὥσπερ
2962 2301 2988 2351 6
3015 2298 3206 2367 Πατὴρ
3232 2299 3322 2349 τὸν
3363 2296 3512 2357 Υἱὺν,
3542 2294 3685 2363 ἡμέ-

2102 2407 2199 2461 ραν
2227 2392 2322 2442 καὶ
2356 2390 2525 2457 ὥραν,
2565 2393 2736 2459 μικρά
2763 2407 2884 2443 τινα
2915 2393 3007 2443 καὶ
3041 2390 3425 2460 εὑπεριὸριστα
3455 2388 3684 2453 διαστή-

2102 2500 2250 2553 ματα
2272 2525 2285 2547 ,
2317 2485 2607 2553 ἀγνοήσεις
2640 2484 2672 2553 ή
2722 2483 2900 2545 δῆλον,
2946 2484 3022 2546 ὼς
3068 2484 3167 2535 οὐκ
3206 2482 3365 2543 αρτὺς
3386 2525 3400 2545 ,
3434 2482 3463 2532 6
3496 2481 3679 2533 πάντα

2100 2574 2253 2637 εἰδὼς
2280 2617 2293 2637 ,
2328 2577 2421 2629 καὶ
2459 2576 2590 2646 πρὶν
2625 2577 2945 2645 ὑποστῆναι,
2979 2578 3010 2646 ή
3046 2578 3408 2638 ὲνυπόστατος
3440 2573 3536 2626 τοῦ
3572 2575 3685 2627 lla-

2098 2668 2225 2737 τρὸς
2257 2669 2447 2736 σοφία,
2476 2670 2503 2720 ό
2534 2669 2710 2722 πάντα
2740 2670 2810 2721 τὰ
2835 2670 2928 2722 τοῦ
2962 2670 3171 2741 Πατρὺς
3211 2669 3372 2739 ἔχων,
3415 2668 3555 2739 πλὴν
3580 2666 3685 2735 τῆς

2100 2761 2460 2829 ἀγεννησίας,
2511 2763 2572 2814 o6
2627 2763 2727 2831 μὲν
2780 2758 2871 2817 οὖν
2931 2763 3054 2816 οὐδὲ
3106 2762 3215 2816 τῶν
3268 2760 3524 2814 τοιούτων
3579 2762 3686 2828 τὴν

2101 2848 2322 2917 ἄγνοιαν
2351 2848 2497 2920 εἶχεν
2520 2870 2533 2883 ·
2565 2852 2701 2905 ἀλλά
2726 2856 2836 2917 τοῖς
2869 2855 3143 2923 μαθηταῖς
3171 2852 3489 2922 ἀσύμφορον
3515 2849 3687 2904 οὖσαν

2102 2941 2525 3012 ὑπερτιθέμενος
2566 2943 2664 3013 τὴν
2697 2944 2899 3012 γνῶσιν
2933 2944 3121 3015 κοινὴν
3159 2947 3222 2997 ὲκ
3273 2944 3688 3014 φιλανθρωπίας

374 3028 381 3049 ’
422 3041 681 3094 lationem
731 3045 786 3092 et
818 3038 1103 3091 scientiam
1132 3050 1477 3091 communem
1508 3049 1634 3088 cum
1665 3035 1851 3095 Patre,
1881 3047 1996 3101 qua:

2102 3033 2200 3103 τὴν
2245 3034 2467 3100 ἄγνοιαν
2493 3034 2747 3098 ,ἐποιεῖτο
2772 3076 2786 3097 ,
2822 3043 2919 3089 καὶ
2957 3036 3094 3107 πρὸς
3141 3037 3201 3088 τὸ
3247 3035 3455 3089 ἄλυπον
3499 3036 3689 3097 αὐτοῖς

422 3140 541 3186 erat
568 3129 971 3194 misericordia,
1022 3127 1385 3196 ignorantiam
1419 3126 1580 3192 fecit,
1611 3134 1667 3180 et
1693 3140 1763 3180 ne
1796 3124 2001 3179 contri-

424 3231 720 3287 starentur,
754 3221 1059 3291 apologiam
1107 3235 1216 3287 una
1286 3228 1711 3274 commentatur.
1756 3217 1999 3272 Tertium

425 3315 735 3371 consideret
784 3314 908 3383 quis
974 3320 1028 3366 et
1060 3313 1222 3379 illud,
1282 3312 1427 3380 quod
1472 3325 1598 3365 cum
1632 3308 1828 3375 Patri,
1879 3320 2001 3364 tan-

425 3422 593 3478 quam
638 3420 820 3460 causa:
869 3405 1040 3459 Filius
1090 3405 1501 3474 praerogativam
1552 3402 1826 3457 ascribat:
1869 3417 2003 3456 con-

423 3500 574 3553 venit
620 3499 768 3552 enim
818 3493 997 3561 Filio,
1041 3496 1137 3565 qui
1183 3494 1399 3549 Patrem
1450 3508 1611 3549 suum
1656 3494 1865 3563 diligit,
1913 3502 2003 3547 ut-

424 3604 548 3662 pote
607 3593 773 3645 totius
832 3588 1195 3643 ordinationis
1239 3596 1293 3641 et
1348 3596 1559 3641 naturae
1611 3586 1882 3654 operatori
1947 3596 2003 3641 et

423 3682 808 3754 dispensatori,
831 3696 1016 3735 causa:
1037 3678 1743 3750 praeminentiishonorare
1760 3676 1998 3742 l‘atrem,

424 3791 490 3831 ac
519 3777 598 3831 sic
628 3776 733 3830 diei
767 3774 911 3828 illius
960 3783 1016 3827 et
1061 3773 1210 3827 hora:
1263 3770 1657 3841 cognitionem,
1693 3781 1751 3826 ut
1795 3782 1850 3826 et
1895 3772 1999 3825 alia

424 3865 620 3928 multa,
656 3861 834 3918 eidem
868 3861 1185 3915 ascribere:
1224 3874 1332 3913 non
1358 3897 1375 3921 ,
1428 3857 1481 3912 id
1525 3857 1669 3911 enim
1700 3857 1856 3912 nefas
1893 3866 1999 3923 est,

425 3956 668 4024 seipsum
701 3954 793 4007 illa
822 3951 1053 4007 scientia
1097 3951 1314 4021 privare
1340 3990 1355 4017 ,
1415 3958 1477 4005 ut
1510 3964 1608 4005 nec
1655 3949 1764 4003 alio
1820 3949 2001 4019 aliquo

425 4047 591 4119 dlgno
619 4056 674 4103 et
702 4046 1024 4101 honorando
1049 4060 1298 4111 munere,
1324 4059 1515 4103 verum
1544 4043 1697 4098 illum
1730 4043 1831 4098 sibi
1863 4059 2002 4114 pra:-

424 4141 591 4205 ferre,
622 4139 700 4194 ita
735 4152 899 4194 nemo
931 4136 1055 4191 Filii
1090 4136 1289 4191 bonam
1335 4135 1751 4205 dispositionem
1814 4134 1869 4189 in
1909 4150 2002 4190 ar-

424 4241 744 4300 gumentum
794 4231 951 4285 mala:
1011 4230 1212 4283 trahat.
1250 4227 1345 4283 Sic
1385 4226 1481 4295 qui
1526 4226 1886 4296 ignorantiam
1922 4226 2000 4281 illi

429 4322 657 4390 aﬂingit,
687 4331 741 4375 ct
768 4321 962 4375 littera:
984 4320 1244 4385 adhaeret,
1272 4332 1381 4372 non
1412 4318 1685 4373 tenebitur
1709 4333 1836 4373 reus
1857 4318 2001 4375 blas-

2105 3125 2462 3178 συνδιετίθετο
2493 3125 2590 3194 τὴν
2624 3127 2938 3195 ἀπολογίαν.
2988 3127 3185 3197 Τρίτον
3227 3127 3269 3179 δ’
3316 3128 3383 3181 ἂν
3426 3127 3559 3180 είδοι
3598 3145 3689 3190 τις

2103 3217 2323 3269 κάκεῖνο
2355 3217 2431 3281 ὡς
2458 3220 2538 3289 τῷ
2575 3220 2747 3289 [lath
2793 3218 2971 3280 διδοὺς
3022 3221 3051 3271 6
3082 3218 3240 3281 Υἱὸς,
3294 3219 3369 3282 ὡς
3400 3219 3580 3288 αἰτίῳ,
3612 3220 3690 3271 τά

2103 3311 2386 3378 πρεσὸεἴα.
2438 3310 2645 3381 Πρέπει
2695 3311 2805 3381 γάρ
2855 3311 2971 3381 Υίῷ
3020 3312 3374 3382 φιλοπάτορι,
3410 3312 3592 3382 πάσης
3619 3328 3686 3364 τε

2105 3400 2318 3469 φύσεως
2360 3403 2454 3456 καὶ
2481 3403 2734 3470 εὐταξίας
2766 3404 3099 3475 Δημιουργῷ
3144 3407 3236 3458 καὶ
3264 3404 3556 3474 νομοθέτῃ,
3589 3405 3689 3455 καὶ

2102 3496 2213 3556 τοῖς
2251 3495 2350 3565 τῆς
2385 3496 2561 3559 αἰτίας
2594 3495 2909 3565 προνομίοις
2949 3498 3113 3569 τιμᾷν
3158 3496 3249 3549 τὸν
3280 3497 3533 3567 Πατέρα,
3586 3494 3689 3549 καὶ

2101 3584 2200 3657 τὴν
2237 3586 2335 3657 τῆς
2361 3588 2573 3658 ἡμέρας
2596 3587 2810 3659 ἐκείνης
2847 3588 2943 3642 καὶ
2975 3588 3125 3659 ὥρας
3169 3588 3391 3657 γνῶσιν,
3423 3587 3576 3659 ὥπερ
3615 3588 3686 3659 δὴ

2103 3680 2197 3731 καὶ
2243 3677 2379 3731 ἄλλα
2407 3678 2580 3733 πολλά
2626 3680 2823 3750 ἐκείνῳ
2867 3681 3294 3752 προσανατίθησι
3317 3696 3329 3709 ·
3359 3683 3457 3749 οὐχ
3487 3681 3685 3733 ἑαυτὸν

2103 3769 2305 3839 (ἄπαγε
2332 3773 2368 3839 Ξ)
2418 3772 2624 3840 ταύτης
2661 3764 3000 3845 ἀποστερῶν,
3054 3774 3136 3827 ὅτι
3179 3772 3303 3844 μηδ’
3339 3772 3502 3826 ἄλλον
3536 3773 3686 3835 τινὸς

2100 3861 2211 3915 τῶν
2236 3864 2431 3931 τιμίων
2475 3881 2535 3916 τε
2577 3863 2671 3917 καὶ
2699 3865 2901 3927 καλῶν,
2938 3865 3052 3919 ἀλλ’
3102 3867 3308 3918 ἐκεῖνον
3356 3867 3459 3918 κάν
3504 3864 3688 3935 ταύτῃ

2102 3953 2411 4022 προτιμῶνο
2440 3954 2533 4007 καὶ
2573 3956 2633 4007 o6
2661 3954 2831 4026 δήπου
2865 3972 2949 4019 τις
2975 3956 3037 4008 τὸ
3076 3954 3356 4025 εῠγνωμον
3400 3953 3496 4007 τοῦ
3544 3952 3680 4006 Υίοῦ

2103 4043 2359 4097 ὑπόθεσιν
2386 4045 2781 4117 ἀγνωμοσύνης
2814 4046 3154 4114 ποιούμενος.
3182 4042 3315 4101 Εἶτα
3335 4046 3431 4117 τὴν
3455 4047 3682 4114 ἄγνοιαν

2103 4134 2428 4204 περιάπτων
2460 4136 2631 4207 αὐτῷ,
2661 4137 2756 4191 καὶ
2785 4138 2921 4208 πρὸς
2936 4138 3033 4201 τὰς
3062 4138 3158 4207 τῆς
3183 4137 3376 4201 λέξεως
3398 4136 3682 4203 καταφεύ-

2105 4243 2222 4295 γων
2244 4226 2262 4266 ι
2285 4229 2577 4294 συλλαϐάς,
2600 4231 2701 4299 τῆς
2721 4229 3069 4300 βλασφημίας
3098 4230 3522 4299 ἀπολυθήσεται.
3541 4228 3683 4281 Οὐδὲ

2101 4319 2211 4389 γάρ
2235 4319 2343 4372 οὐδ’
2376 4322 2408 4391 ή
2438 4320 2540 4390 τῆς
2569 4322 2767 4387 λέξεως
2796 4323 3080 4393 ἀκρίϐεια,
3109 4321 3184 4385 ὡς
3215 4320 3442 4390 ὕστερον
3471 4321 3680 4373 ἐπιδει-

426 4414 658 4483 ρὴθωίευ
681 4430 695 4467 :
719 4422 865 4467 certe
893 4412 1157 4467 dictionis
1185 4418 1446 4465 accurata
1481 4410 1646 4475 ratio,
1668 4418 1726 4465 ut
1741 4409 1996 4479 deinceps

2104 4410 2367 4483 χθήσεται
2390 4451 2405 4477 ,
2434 4413 2661 4483 ἀφορμή
2688 4431 2830 4467 τισιν
2853 4417 2933 4476 εὶς
2955 4415 3015 4467 τὸ
3040 4416 3115 4483 μὴ
3138 4414 3425 4484 βούλεσθαι
3454 4415 3521 4467 τά
3542 4413 3682 4483 ὀρθά

426 4506 659 4569 docebo,
696 4518 805 4557 non
840 4502 1098 4573 przebebit
1119 4503 1282 4557 alicui
1299 4501 1644 4557 occasionem
1660 4502 1841 4557 minus
1855 4510 2000 4556 recte

424 4596 717 4652 sentiendi.
746 4594 898 4650 Licet
934 4595 1078 4648 enim
1114 4608 1260 4649 nunc
1283 4608 1603 4648 concessum
1638 4593 1731 4655 sit,
1758 4593 1997 4648 litteram

424 4689 669 4745 indicare
688 4686 813 4741 Filii
838 4686 1227 4757 ignorantiam,
1259 4685 1397 4740 nihil
1417 4695 1599 4739 tamen
1626 4684 1870 4750 absurdi,
1905 4693 1999 4739 aut

422 4779 613 4849 pietati
645 4777 1010 4842 contrarium,
1036 4776 1223 4830 animo
1261 4785 1408 4831 recte
1431 4775 1997 4845 contemplante,con-

425 4870 720 4925 stituamus
752 4888 767 4925 :
805 4868 898 4923 sed
940 4882 1043 4923 nec
1074 4867 1256 4921 littera
1287 4867 1433 4923 favet
1464 4867 1534 4923 iis
1551 4866 1994 4938 qui,utgloriam

425 4961 753 5015 imminuant
784 4957 1080 5031 Unigcniti,
1132 4958 1359 5013 adhiant
1420 4960 1579 5012 istam
1615 4957 1995 5029 ignorantiam.

2104 4507 2323 4575 φρονεῖν
2352 4506 2763 4575 πορισθήσεται.
2805 4507 2866 4559 Εί
2901 4508 3009 4577 γάρ
3042 4508 3137 4560 καὶ
3183 4509 3679 4577 συγκεχωρημένον

2102 4595 2199 4648 νῦν
2230 4596 2328 4659 τὰς
2358 4597 2532 4661 λέξεις
2572 4598 2764 4667 δηλοῦν
2797 4600 3011 4667 ἀγνοεῖν
3040 4600 3129 4652 τὸν
3159 4598 3310 4663 Υἱὺν,
3344 4600 3495 4669 ὅμως
3524 4598 3678 4650 οὐδὲν

2101 4688 2210 4742 τῶν
2241 4690 2459 4744 ἀτόπων
2490 4690 2871 4760 παρεπόμενον
2903 4692 3141 4753 εὐσεϐῶς
3165 4692 3258 4745 τὸν
3306 4692 3430 4743 νοῦν
3463 4690 3674 4759 θεωρή-

2104 4794 2293 4840 σαντες
2342 4782 2785 4850 παρεστήσαμεν.
2831 4781 2968 4832 Ἀλλ’
3000 4778 3114 4843 οὖν,
3149 4781 3260 4833 οὐδ’
3295 4782 3352 4834 αἱ
3402 4780 3575 4844 λέξεις
3624 4798 3675 4832 τι

2100 4869 2417 4939 χαριοῦνται
2447 4872 2559 4933 τοῖς
2604 4871 2697 4922 ἐπὶ
2733 4871 3049 4943 καθαιρέσει
3094 4873 3192 4941 τῆς
3234 4874 3393 4943 δόξης
3428 4876 3523 4927 τοῦ
3554 4876 3674 4927 Μο-

2097 4961 2374 5029 νογενοῦς,
2406 4962 2505 5031 τὴν
2552 4964 2773 5031 ἄγνοιαν
2809 4967 3236 5035 περιχαίνουσιν.
3286 4968 3428 5035 Ἐγὼ
3459 4968 3517 5022 δὲ
3555 4967 3675 5021 οἶδα

426 5053 542 5123 Ego
571 5054 709 5117 scio,
733 5053 934 5122 quippe
960 5052 1055 5122 qui
1080 5052 1211 5106 olim
1242 5066 1373 5105 sene
1405 5050 1638 5119 quodam
1670 5050 1996 5120 theologiam

2098 5052 2266 5107 πάλαι
2280 5052 2409 5106 ποτὲ
2431 5055 2644 5124 γέροντι
2668 5040 2815 5125 σοφῷ
2838 5060 2902 5108 τὰ
2921 5056 3038 5109 θεῖα
3060 5058 3437 5128 ἑνωμιληκὼς,
3464 5060 3523 5122 ὃς
3549 5062 3667 5113 καί·

426 5146 675 5215 apprime
707 5146 915 5201 sciente
952 5147 1162 5208 utebar,
1198 5143 1295 5214 qui
1331 5158 1455 5197 cum
1484 5152 1735 5198 externas
1757 5143 1996 5212 discipli-

2098 5160 2177 5197 τοι
2201 5145 2308 5197 τῶν
2331 5156 2372 5184 ιη
2392 5145 2500 5209 ἔξω
2529 5145 2900 5216 θεωρημάτων
2928 5150 3128 5220 πολλὴν
3177 5150 3319 5221 ἔχων
3368 5152 3466 5221 τήν
3521 5154 3672 5219 ὀλιγ-

427 5253 527 5293 nas
567 5238 855 5303 fastidiret,
902 5239 971 5294 de
1022 5237 1277 5307 praesenti
1308 5236 1612 5307 quaestione
1643 5236 1803 5289 talem
1842 5234 1996 5290 insti-

2098 5237 2467 5306 ωρίχν,ὅμως
2496 5237 2753 5310 τοιαύτην
2798 5244 2922 5295 τινὰ
2971 5244 3099 5314 περὶ
3147 5244 3240 5297 τοῦ
3305 5244 3674 5317 προκειμένου

498 5442 543 5474 ⁸⁸
571 5440 729 5497 Joan.
757 5457 810 5507 ν,
838 5440 927 5494 22.

1750 5590 1983 5648 VARUS
2026 5581 2427 5645 LECTIONES.

496 5721 518 5760 κ
566 5723 655 5777 ῖσ.
690 5721 883 5782 ὅτιπερ
911 5720 1041 5784 ἔχοι.
1070 5717 1129 5771 C.
1164 5715 1232 5770 Μ.
1261 5717 1343 5769 ὅτι
1373 5716 1622 5787 παρέχοι.
1703 5712 1721 5753 1
1759 5713 1821 5768 C.
1858 5712 1927 5766 Μ.
1969 5710 2313 5780 ἀποφεύγων.
2390 5716 2428 5746 ⁸³
2465 5709 2526 5765 C.
2553 5711 2627 5763 Μ.
2665 5711 2756 5762 καὶ
2784 5711 2846 5781 τῇ
2870 5711 2996 5766 τῶν.
