3880 6206
124 321 232 383 673

1116 320 1215 380 AD
1243 314 1835 380 AMPHILOCIIIUM
1880 314 2226 388 QUIESTIO
2251 315 2447 377 CXIV.

3298 312 3405 379 θ’ῑί

124 435 386 505 διέγραφε
424 433 687 505 θεωρίαν*
718 433 792 486 Τὸ
845 430 1065 485 ειδέναι
1107 430 1284 484 διττὸν
1309 431 1496 499 ἔλεγεν
1551 426 1712 483 εἶναι·

1846 430 2009 485 nebat
2047 430 2544 485 considerationem
2568 448 2580 483 :
2603 428 2770 493 Scire,
2793 429 2992 499 duplex
3018 444 3138 485 esse
3152 429 3400 487 dicebat:

128 529 188 579 τὸ
222 526 321 596 μὲν
359 528 664 599 ἐπιστήμῃ,
700 526 759 578 τὸ
783 525 839 578 δὲ
861 527 927 595 τῇ
962 524 1148 597 πείρᾳ·
1173 524 1315 577 κατὰ
1343 525 1442 593 μὲν
1470 520 1564 577 οὖν
1593 525 1715 577 ὲπι-

130 620 346 689 στήμην
381 618 584 689 ὁμοίως
626 618 825 671 εἰδέναι
851 617 931 689 τῷ
962 619 1135 688 Πατρὶ
1162 618 1256 671 τὸν
1290 617 1421 670 Υίδν
1450 616 1551 686 τὴν
1580 616 1713 686 ἠμέ-

131 728 231 782 ραν
258 710 475 779 ἐκείνην
506 711 600 762 καὶ
629 708 802 780 ὥραν·
840 709 984 763 κατὰ
1014 711 1215 780 πεῖραν
1262 710 1318 762 δὲ
1366 708 1550 763 οὐκέτι
1572 724 1585 737 '
1620 708 1713 760 τὸν

135 806 233 872 μὲν
258 803 365 871 γὰρ
392 802 613 871 Πατέρα
645 804 743 855 καὶ
775 803 855 865 είς
884 806 1083 873 πεῖραν
1114 799 1307 865 ἐλθεῖν,
1338 801 1433 855 καὶ
1468 800 1713 871 προσλα-

128 895 244 947 ϐεῖν
271 894 371 963 τὴν
412 893 669 964 τοιαύτην
695 894 930 962 γνιῖισινφ
949 896 1114 966 ἡνίκα
1152 896 1335 947 πᾶσαν
1360 892 1610 947 ἐδεδώκει
1638 892 1715 961 τῷ

132 989 245 1057 Vit?)
285 989 386 1057 τὴν
429 989 631 1058 κρίσιν’
671 987 952 1056 ὲκεκρίκει
983 986 1092 1057 γὰρ
1143 985 1265 1039 τότε
1298 986 1327 1037 6
1378 985 1569 1054 Πατὴρ
1614 985 1716 1052 τὴν

132 1080 309 1149 κρίσιν
335 1087 364 1114 ιι
392 1078 612 1131 ἃπασαν
642 1076 951 1147 ἐγχειρίσαι
980 1075 1058 1147 τῷ
1088 1075 1206 1147 Υίῷ
1230 1117 1245 1142 ,
1292 1076 1390 1129 καὶ
1420 1077 1544 1129 ὅσον
1581 1071 1717 1147 ἧκεν

131 1172 211 1234 είς
252 1169 467 1240 ψήφους
512 1169 613 1233 τὰς
662 1169 829 1223 αὑτοῦ
876 1170 1169 1239 ἐνεργῆσαι
1210 1170 1311 1239 τὴν
1354 1169 1492 1223 ἰδίαν
1536 1170 1718 1239 κρίσιν

132 1264 225 1317 καὶ
256 1262 745 1332 συμπεραίνεσθαι,
788 1262 847 1315 '0
870 1262 929 1315 δέ
966 1280 1030 1328 γε
1064 1262 1189 1325 Υίὺς
1209 1302 1224 1325 ,
1269 1262 1431 1331 δῆλον
1458 1262 1533 1325 ὡς
1566 1262 1720 1316 οὗπω

132 1355 408 1424 κέκρικεν,
435 1354 545 1406 οὐδ’
562 1354 931 1424 είςέργοντὴν
956 1356 1178 1425 πρᾶξιν,
1199 1348 1266 1426 ἦς
1286 1356 1447 1409 αὐτὸν
1476 1358 1504 1410 ὁ
1530 1357 1719 1427 Πατὴρ

133 1449 322 1501 ἀνεῖπε
365 1446 592 1517 Κύριον,
628 1448 857 1518 ἤγαγεν.
893 1447 1104 1500 Οὐκοῦν
1165 1449 1193 1499 6
1237 1448 1337 1519 μὲν
1388 1449 1581 1521 Πατὴρ
1625 1451 1721 1503 καὶ

136 1541 301 1611 πείρᾳ
327 1542 423 1611 τὴν
450 1539 601 1611 ὦραν
627 1536 788 1592 οἶδεν·
822 1542 851 1592 6
877 1540 934 1593 δὲ
969 1539 1125 1604 Υίὺς,
1153 1542 1201 1592 εί
1226 1541 1320 1592 καὶ
1345 1542 1469 1594 κατ’
1496 1543 1724 1611 ἐπιστή-

138 1651 266 1703 μην,
296 1633 483 1703 ὥσπερ
527 1636 555 1687 6
588 1633 800 1704 Πατὴρ,
843 1632 959 1686 ἀλλ’
999 1628 1094 1686 οὖν
1135 1631 1289 1686 οὔπω
1322 1634 1379 1687 δὲ
1412 1634 1505 1687 καὶ
1532 1633 1720 1705 πείρᾳ·

136 1723 343 1777 εἴσεται
390 1724 446 1778 δὲ
494 1724 712 1777 ἐπειδὰν
750 1724 996 1795 δηλονότι
1044 1724 1146 1793 τὴν
1189 1724 1373 1793 κρίσιν
1419 1725 1541 1795 οἴσῃ
1572 1765 1588 1790 ,
1622 1726 1723 1794 τῆς

136 1814 257 1867 κατ’
288 1816 603 1885 ἐπιστήμην
627 1814 888 1884 εἱδήσεως
913 1815 992 1876 είς
1019 1813 1119 1883 τὴν
1140 1814 1281 1866 κατὰ
1302 1816 1498 1885 πεῖραν
1520 1814 1724 1883 γνῶσιν

137 1906 528 1978 προελθούσης.

219 2000 384 2054 Ἀλλὰ
416 1999 623 2070 ταύτην
659 1999 760 2069 μὲν
786 1998 1055 2070 ὲξεθέμην
1074 2017 1159 2052 σοι
1186 1999 1285 2070 τὴν
1316 1998 1637 2070 ἑρμηνείαν,
1664 1997 1726 2049 οὐ

136 2093 235 2163 τὴν
281 2095 343 2147 ὲν
382 2093 520 2163 αὑτῇ
567 2093 800 2156 θειάζων
850 2093 1132 2163 ἀλήθειαν,
1179 2092 1297 2146 ἀλλ’
1336 2094 1487 2153 ὅπως
1537 2090 1729 2161 ἀνδρὸς

140 2187 379 2257 ἁπλότης
405 2186 664 2258 τοσαύτη,
690 2186 945 2259 ποικίλην
974 2187 1118 2240 οὕτω
1146 2188 1241 2240 καὶ
1265 2186 1730 2255 περινενοημένην

143 2280 395 2333 ὑπελθεῖν
438 2282 755 2350 ἐφρόντισεν
800 2279 1031 2333 ἔννοιαν·
1078 2281 1159 2334 ὃτι
1204 2280 1261 2333 δὲ
1300 2279 1410 2332 οὐδ’
1459 2280 1514 2331 αἱ
1556 2276 1732 2342 λέξεις

141 2370 306 2425 αὑταὶ
342 2373 669 2442 καταφυγῆς
715 2366 827 2424 εἶεν
855 2373 1021 2435 τόπος
1056 2374 1167 2433 τοῖς
1202 2370 1518 2441 δυσφημίαν
1545 2386 1733 2423 ποιου-

146 2464 333 2535 μένοις
366 2465 462 2534 τὴν
489 2466 735 2533 ἄγνοιαν,
765 2466 829 2517 ὲκ
858 2464 1024 2517 τῶνδε
1063 2463 1244 2534 ῥᾴδιον
1273 2464 1485 2532 μαθεῖν.
1533 2463 1590 2516 '0
1637 2463 1735 2532 μὲν

144 2553 236 2611 οὖν
268 2558 315 2608 ίε
328 2556 419 2627 ρὸς
456 2557 737 2618 Ματθαῖος
777 2554 876 2622 τὴν
903 2557 1245 2627 Δεσποτικὴν
1277 2556 1461 2626 φωνὴν
1486 2556 1736 2627 ἀναγρά-

145 2666 275 2718 φων,
308 2668 331 2699 ι
358 2647 548 2710 Οὐδεὶς
569 2643 697 2711 οἶδε,
722 2648 877 2717 φησι,
903 2650 1001 2719 τὴν
1031 2648 1264 2719 ἡμέραν,
1293 2650 1417 2701 οὐδὲ
1438 2648 1538 2719 τὴν
1562 2648 1735 2718 ὤραν,

145 2741 262 2795 οὐδὲ
290 2741 346 2792 οἱ
378 2738 623 2807 ἄγγελοι,
655 2740 703 2791 εί
757 2740 832 2810 μὴ
860 2741 887 2793 6
917 2742 1106 2811 Πατήρ
1138 2758 1239 2811 μου
1283 2741 1463 2810 μόνος.
1489 2759 1506 2792 ι
1538 2741 1739 2793 Σκόπει

152 2835 257 2903 γὰρ
281 2834 493 2886 λοιπόν
524 2833 743 2903 πρῶτον
776 2834 894 2903 μὲν,
924 2834 1073 2895 ὅπως
1131 2832 1327 2897 εἰπὼν,
1379 2832 1507 2886 οὐδ’
1538 2834 1592 2887 ol
1633 2831 1737 2902 ἄγ-

154 2928 314 2991 γελοι
337 2963 352 2985 ,
377 2924 562 2976 οὐκέτι
597 2922 981 2994 προστίθησιν,
1028 2923 1221 2977 Οὑδὲ’ὀ
1247 2924 1399 2986 Υἱός.
1440 2922 1601 2977 Οὕτω
1631 2924 1741 2993 γὰρ

155 3014 219 3080 ἦν
260 3018 295 3086 ή
336 3015 481 3079 λέξις
514 3015 645 3077 ῐσως
688 3015 1039 3085 ἀναχώρησις
1079 3014 1173 3067 τοῦ
1214 3013 1662 3085 δυσσεὸήματος,
1693 3014 1742 3067 εί

158 3108 249 3161 καὶ
278 3107 371 3160 τὸν
404 3108 533 3159 Υίὸν
565 3108 676 3169 τοῖς
707 3106 965 3174 ἀγγέλοις
1000 3105 1256 3176 προσθεὶς
1292 3107 1596 3177 ἐπήγαγεν,
1623 3124 1642 3157 ι
1679 3107 1741 3160 Ei

160 3202 232 3269 μὴ
263 3202 291 3252 6
324 3200 516 3268 Πατήρ
577 3217 680 3269 μου
731 3198 913 3269 μόνος.
953 3218 972 3250 ι
1029 3200 1143 3253 Νῦν
1182 3200 1239 3252 δὲ
1277 3201 1376 3270 οὐχ
1418 3198 1561 3253 οὕτω
1605 3202 1740 3271 φησί

161 3291 360 3358 ποθενς
412 3292 546 3345 ἀλλά
598 3292 763 3363 μέχρι
800 3292 913 3345 τῶν
960 3293 1210 3359 ἀγγέλων
1256 3294 1595 3364 παρατείνας
1643 3294 1741 3363 τὴν

161 3384 403 3450 ἄγνοιαν,
448 3380 635 3435 οὐκέτι
675 3382 846 3454 ταύτῃ
890 3384 981 3436 τὸν
1020 3384 1147 3437 Υίὸν
1179 3384 1415 3453 ὑπάγει*
1443 3385 1520 3449 ὡς
1552 3384 1617 3438 ἀν
1665 3386 1741 3457 μὴ

163 3474 344 3544 χώραν
378 3474 491 3543 ἔχοι
523 3473 644 3527 κατ’
676 3476 874 3538 αὐτοὺς
912 3476 941 3527 6
981 3474 1171 3546 Πατὴρ
1214 3476 1613 3547 ἐπιφερόμενον
1645 3479 1743 3549 τὴν

166 3570 295 3639 πρὸς
318 3570 413 3621 τὸν
436 3568 559 3621 Υἱδν
578 3568 948 3638 ἀπαγορεύειν
969 3568 1280 3640 διαστολήν.
1336 3569 1497 3622 Ἀλλὰ
1512 3570 1623 3641 γάρ
1643 3569 1744 3623 κά-

166 3662 351 3723 τωθεν,
380 3660 490 3714 ἀπὸ
516 3661 626 3713 τῶν
654 3660 959 3731 ἀνθρώπων
988 3660 1179 3726 ἀνιὼν,
1210 3662 1453 3725 καὶτοὺς
1481 3662 1747 3730 ἀγγέλους

168 3756 373 3824 φθάσας
395 3798 409 3821 ,
444 3755 629 3809 οὐκέτι
675 3755 892 3824 πρόεισι
934 3756 1268 3826 περαιτέρωο
1313 3757 1493 3809 ἐκεῖσε
1529 3756 1587 3808 δὲ
1619 3773 1749 3824 συγ-

171 3849 531 3912 κατακλείσας
563 3849 660 3919 τὴν
691 3848 938 3915 ἄγνοιαν,
978 3849 1079 3918 τὴν
1106 3858 1127 3878 ⁶
1170 3848 1496 3920 ὐπερούσιον
1526 3849 1623 3901 καὶ
1653 3849 1747 3920 δη-

172 3943 429 4013 μιουργὸν
460 3941 647 3995 οὐσίαν
679 3942 898 4016 μακρὰν
932 3944 1138 4013 ἀπάγει
1168 3942 1370 4015 ταύτης
1404 3945 1499 3999 καὶ
1529 3945 1753 4015 ὑπερτί-

171 4035 345 4104 θησινο
377 4035 685 4106 ἀνθρώπων
731 4036 831 4106 μὲν
874 4039 984 4107 γὰρ
1013 4032 1082 4108 ἦν
1111 4039 1143 4109 ή
1177 4038 1287 4090 τῶν
1324 4037 1583 4109 μαθητῶν
1611 4039 1753 4109 ἐρώ-

173 4141 345 4195 τησις,
376 4123 443 4199 ἧς
471 4127 787 4196 ἀπόκρισις,
818 4146 835 4179 ι
869 4128 1059 4191 Οὐδεὶς
1082 4124 1245 4194 οἶδεν,
1278 4146 1296 4181 ι
1327 4129 1633 4200 ἀνθρώπων
1657 4130 1752 4199 δη·-

174 4216 363 4271 λονότι·
393 4216 534 4285 εἶτα,
569 4220 681 4274 οὐδ’
710 4223 758 4274 οἱ
791 4222 1034 4290 ἄγγελοι*
1065 4222 1271 4292 βαθμδς
1299 4216 1454 4287 οὗτος
1482 4222 1500 4291 (
1524 4223 1662 4293 μετά
1691 4239 1753 4291 γε

176 4310 234 4362 τὸ
268 4308 606 4381 ἀνθρώπινον
639 4313 673 4382 ἡ
719 4312 828 4364 τῶν
872 4313 1184 4383 ἀσωμάτων
1228 4313 1429 4384 φύσις)
1475 4312 1753 4383 δεύτερος.

1816 538 2012 589 unum,
2048 539 2147 593 per
2187 523 2616 593 experientiam,
2661 523 2895 577 alterum
2928 537 3023 592 per
3058 533 3270 591 artem;
3316 541 3404 581 se-

1817 617 2058 671 cundum
2092 625 2261 671 artem
2308 626 2402 671 aut
2445 619 2815 686 cognitionem
2857 616 3091 682 dicebat,
3148 633 3303 687 :eqne
3342 635 3406 673 ac

1817 707 2034 763 Patrem
2055 708 2253 764 Filium
2285 711 2434 766 illum
2460 712 2603 765 diem
2626 721 2679 765 ct
2702 711 2892 766 horam
2910 726 3266 782 cognoscere.
3293 728 3404 766 non

1819 803 2118 859 secundum
2156 804 2588 873 experientiam;
2629 803 2844 858 Patrem
2891 806 3037 859 enim
3071 807 3406 876 experientia

1819 896 2165 966 cognovisse,
2206 905 2261 951 et
2291 896 2451 952 talem
2484 896 2770 952 scientiam
2821 899 3189 967 assumpsisse
3212 940 3227 962 ,
3282 915 3407 953 cum

1818 999 1984 1041 omne
2015 986 2282 1056 judicium
2331 987 2386 1043 in
2420 987 2622 1044 Filium
2665 989 3052 1045 transcribere!
3084 1007 3099 1044 :
3122 990 3409 1059 judicabat

1820 1079 1967 1132 enim
2010 1087 2141 1133 tunc
2165 1078 2325 1134 Pater
2351 1082 2670 1146 convenire,
2735 1091 2794 1136 nt
2826 1082 3098 1151 judicium
3142 1084 3224 1138 sic
3262 1093 3411 1137 trau-
3508 1122 3512 1125 η

1827 1172 2115 1239 scriberet,
2147 1181 2203 1225 et
2232 1181 2498 1242 quantum
2552 1174 2730 1242 ipsius
2782 1175 3099 1244 suffragium
3126 1176 3410 1245 attinebat,

1823 1263 2110 1332 preprium
2150 1280 2309 1318 suum
2335 1263 2605 1333 judicium
2629 1280 3064 1323 consummasse.
3098 1268 3167 1320 At
3195 1276 3414 1322 constat

1825 1352 2022 1409 Filium
2044 1362 2183 1410 actu
2219 1357 2776 1424 noudnmjudicasse,
2799 1373 2898 1413 nec
2928 1359 2982 1413 in
3012 1357 3262 1414 effectum
3298 1374 3410 1414 rem

1826 1445 1997 1510 illam,
2031 1446 2117 1501 cui
2152 1448 2329 1517 ipsum
2365 1449 2609 1520 praefecit
2642 1450 2819 1517 Pater,
2854 1450 3080 1506 duxisse
3113 1452 3413 1521 :quocirra

1826 1536 1989 1592 Pater
2013 1541 2348 1609 experientia
2380 1541 2570 1596 horam
2600 1543 2770 1597 novit.
2804 1542 2975 1599 Filius
3006 1545 3132 1599 licet
3164 1554 3224 1598 ιιι
3254 1544 3417 1599 Pater

1825 1630 2128 1684 secundum
2168 1639 2342 1685 artem
2379 1632 2547 1697 nevit,
2583 1633 2824 1688 nondum
2863 1642 3042 1689 tamen
3079 1635 3415 1704 experientia

1832 1718 2000 1774 novit.
2036 1718 2183 1775 Sciet
2213 1729 2398 1775 autem
2429 1730 2567 1785 tum,
2599 1737 2722 1776 cum
2770 1722 3041 1792 judicium
3087 1722 3266 1786 faciet,
3304 1732 3414 1777 tum

1829 1810 2089 1881 cognitio,
2118 1827 2243 1881 qua:
2263 1821 2346 1867 est
2376 1827 2472 1882 per
2505 1813 2820 1878 scientiam,
2853 1813 3112 1869 transibit
3142 1816 3194 1869 in
3222 1817 3416 1883 cogni-

1827 1900 2035 1955 tionem
2068 1915 2165 1971 per
2192 1902 2613 1972 experientiam.

1905 1993 2057 2049 Hanc
2082 1994 2181 2049 tibi
2207 1993 2632 2065 explicationem
2667 1996 2966 2066 proposui,
3001 2010 3109 2050 non
3142 1996 3288 2066 quod
3325 2012 3419 2052 ve-

1832 2102 1950 2141 ram
1983 2103 2079 2156 per
2101 2086 2289 2140 omnia
2321 2101 2603 2151 censeam,
2628 2088 2722 2142 sed
2765 2096 2823 2142 ut
2854 2088 3091 2143 hominis
3120 2090 3240 2159 ejus
3269 2098 3421 2145 tanta

1833 2180 2194 2251 simplicitas,
2246 2192 2357 2234 tam
2409 2180 2617 2234 variam
2665 2190 2720 2236 et
2752 2182 3127 2251 multipliciter
3159 2185 3421 2253 agitatam

1834 2273 2223 2344 cogitationem
2274 2288 2611 2342 sensumque
2667 2274 2994 2345 satagebat:
3028 2290 3192 2345 porro
3238 2286 3423 2331 autem

1834 2366 1983 2437 quod
2022 2381 2122 2421 nec
2155 2366 2272 2436 ipsa
2309 2367 2482 2421 dictio
2512 2366 2709 2435 refugii
2757 2368 2937 2442 locum
2988 2368 3280 2435 prmbitnra
3330 2370 3423 2434 sit,

1837 2462 1930 2531 qui
1963 2477 2030 2515 ex
2086 2461 2394 2530 ignorantia
2452 2461 2872 2528 blaspln-tnant,
2926 2462 3086 2516 facile
3134 2471 3318 2532 potest
3358 2479 3425 2517 ex

1842 2553 1993 2608 hisce
2053 2552 2236 2606 disci:
2283 2566 2441 2604 sacer
2485 2550 2567 2603 vir
2623 2549 2914 2606 Matthants
2960 2549 3175 2606 Domini
3220 2553 3427 2606 dictum

1838 2645 2156 2700 edisserens
2212 2643 2379 2697 refert
2433 2661 2446 2697 :
2500 2661 2517 2692 ι
2570 2640 2740 2695 Nemo
2789 2643 2942 2697 novit
2986 2643 3209 2707 horam,
3253 2660 3431 2713 neque

1840 2738 2006 2798 tliem,
2038 2751 2145 2790 non
2193 2734 2392 2803 angeli,
2440 2733 2544 2788 nisi
2595 2733 2746 2788 solus
2768 2731 2930 2787 Pater
2957 2749 3134 2788 mens.
3162 2735 3204 2766 ⁶¹
3239 2754 3257 2786 ι
3294 2735 3429 2790 Nota

1843 2829 2103 2899 primum,
2152 2827 2297 2897 quod
2332 2826 2422 2881 ubi
2467 2826 2680 2879 dixerat
2717 2845 2729 2881 :
2778 2824 2890 2879 Nec
2916 2826 3110 2896 angeli,
3140 2842 3247 2881 non
3279 2828 3430 2896 adje-

1845 2922 1919 2973 cit
1950 2937 1963 2972 :
1997 2920 2110 2975 Nec
2160 2918 2332 2975 Filius
2366 2938 2378 2973 :
2414 2920 2517 2975 hoc
2550 2922 2696 2975 enim
2737 2921 2942 2975 dictum
2975 2920 3115 2976 forte
3148 2923 3291 2975 viam
3326 2924 3429 2977 im-

1849 3014 2031 3082 pietati
2065 3015 2324 3077 muniret,
2350 3012 2395 3067 si
2430 3028 2554 3068 cum
2582 3012 2793 3081 angelis
2831 3013 2921 3067 ubi
2951 3011 3147 3068 Filium
3177 3023 3437 3084 posuerat

1772 3134 1813 3192 ο
1850 3107 2169 3162 intulisset:
2208 3123 2227 3158 ι
2268 3106 2381 3161 Nisi
2416 3107 2581 3161 Pater
2636 3122 2790 3161 mens
2825 3107 3018 3174 solus;
3056 3126 3074 3159 ι
3125 3117 3180 3162 at
3208 3125 3312 3162 non
3361 3110 3435 3163 ita

1853 3199 2121 3270 loquitur,
2170 3200 2265 3253 sed
2319 3198 2684 3268 ignorantiam
2722 3197 2790 3251 ad
2846 3199 3069 3269 angelos
3116 3215 3295 3269 neque
3345 3202 3434 3255 ubi

1850 3293 2176 3355 deduxerat,
2224 3305 2333 3344 non
2373 3290 2548 3344 eidem
2586 3289 2821 3360 subjecit
2858 3288 3097 3356 Filium;
3153 3307 3242 3358 ne,
3289 3294 3434 3362 quod

1851 3384 2080 3449 volunt,
2140 3383 2265 3438 inde
2311 3382 2472 3437 Pater
2508 3380 2744 3435 infertur
2791 3399 2914 3437 cum
2964 3382 3103 3436 Filio
3147 3384 3436 3439 diastolem

1854 3479 2192 3548 prohibere;
2229 3478 2518 3532 desursum
2556 3477 2626 3531 ab
2657 3476 2969 3531 hominibus
3002 3492 3352 3547 progressus,
3385 3491 3438 3532 et

1854 3572 1923 3627 ad
1971 3572 2193 3643 angelos
2223 3572 2584 3641 perveniens,
2624 3570 2854 3625 ulterius
2905 3588 3013 3625 non
3070 3574 3433 3643 progreditur.

1856 3666 1957 3721 Hic
1993 3665 2105 3735 jam
2141 3663 2472 3719 concludens
2514 3663 2902 3734 ignorantiam,
2935 3664 3436 3734 supersnbstautia-

1856 3759 1960 3812 lem
1990 3768 2045 3813 et
2079 3758 2398 3811 creatricem
2434 3755 2796 3810 substantiam
2825 3756 2985 3826 longe
3017 3756 3085 3811 ab
3134 3757 3222 3811 illa
3264 3773 3443 3812 semo-

1860 3861 1969 3904 tam
2001 3848 2596 3918 transcendentemqne
2622 3848 2776 3916 ponit
2803 3865 2817 3901 ε
2853 3864 2976 3901 nam
3016 3849 3244 3918 quaestio
3274 3849 3441 3903 disci-

1860 3945 2114 4013 pulorum
2148 3942 2390 3997 humana
2415 3942 2536 4006 fuit,
2561 3941 2721 4010 cujus
2749 3940 3037 4011 responsio
3066 3954 3218 3997 erat:
3243 3941 3443 3997 «Nemo

1861 4036 2034 4100 novit,
2076 4056 2097 4088 ι
2164 4049 2367 4100 nemo,
2426 4034 2688 4089 nimirum
2722 4074 2737 4097 ,
2802 4034 3118 4099 hominum,
3191 4035 3285 4090 sed
3344 4050 3446 4091 nec

1863 4129 2064 4198 angeli,
2097 4127 2297 4203 gradus
2327 4127 2463 4182 alter
2485 4168 2499 4193 ,
2530 4136 2658 4198 post
2704 4128 2956 4181 homines
3012 4128 3443 4196 iucorporalium

1862 4223 2020 4285 ordo,
2051 4223 2301 4277 subsistit
2330 4220 2384 4275 in
2421 4221 2699 4277 secundis.
2735 4221 2875 4287 Quid
2918 4228 3101 4274 autem
3137 4219 3445 4274 Filius?si-

1865 4316 2110 4386 quidem,
2152 4315 2297 4384 quod
2328 4314 2558 4379 obtinet,
2584 4329 2681 4384 per
2703 4314 2871 4385 legem
2901 4313 3178 4368 liliationis
3211 4325 3447 4383 paterna:

178 4401 239 4453 Τί
269 4400 358 4454 οὖν
387 4405 416 4455 ὁ
441 4402 594 4469 Υἰό;;
626 4404 674 4455 εἰ
705 4404 803 4473 μὲν
829 4403 1019 4475 ὥσπερ
1056 4404 1119 4474 δὴ
1151 4405 1243 4457 καὶ
1272 4409 1437 4472 νόμος
1478 4404 1629 4463 υίῶν.
1658 4407 1734 4475 τῆ⁴

1866 4409 2056 4479 gloria:
2085 4419 2135 4462 et
2173 4415 2381 4461 naturae
2433 4405 2608 4460 haeres
2660 4405 2772 4470 sit,
2832 4404 3037 4460 frustra
3080 4406 3445 4473 ignorantiam

182 4495 447 4565 πατρικῆς
480 4495 635 4565 δόξης
676 4496 1015 4566 κληρονόμος
1047 4498 1142 4549 καὶ
1170 4496 1383 4564 φύσεως
1407 4514 1435 4564 ,‘
1459 4499 1638 4569 μάτην
1665 4516 1733 4551 πε

1865 4501 2039 4556 hianti
2073 4516 2167 4555 ore
2195 4498 2367 4553 infers
2392 4515 2406 4552 :
2427 4499 2511 4552 sin
2544 4514 2650 4551 non
2689 4497 2761 4551 ita
2789 4498 2878 4563 sit,
2914 4497 3129 4551 tertium
3161 4508 3446 4551 creatura-

184 4588 433 4657 ριχαίνεις
470 4588 567 4659 τὴν
596 4588 854 4657 ἄγνοιανο
887 4592 935 4643 εἰ
967 4588 1009 4641 δ’
1042 4589 1139 4642 οὐκ
1167 4590 1232 4642 ἂν
1267 4590 1364 4660 ἔχῃ
1389 4633 1403 4654 ,
1450 4593 1641 4661 τρίτην
1674 4608 1734 4643 σο

1865 4609 1988 4648 rum
2014 4591 2262 4647 ordinem
2306 4589 2619 4659 adimpleat.
2658 4588 2727 4643 At
2760 4590 2901 4642 unde
2942 4587 3169 4652 factum,
3210 4599 3269 4642 ut
3306 4589 3446 4644 saltu

182 4679 282 4733 τῶν
301 4682 615 4750 κτισμάτων
644 4682 1030 4751 ἀναπληρώσει
1062 4681 1243 4745 τάξιν
1275 4683 1369 4735 καὶ
1399 4684 1517 4745 πῶς
1546 4671 1578 4736 6
1600 4682 1734 4751 λόγο‹

1866 4694 2021 4740 trans
2071 4685 2225 4738 illum
2282 4683 2426 4737 facto
2457 4724 2472 4750 ,
2518 4697 2701 4737 sermo
2742 4682 2807 4736 ad
2842 4683 3061 4737 Patrem
3103 4681 3454 4750 pervenerit?

184 4774 337 4827 αὑτὸν
362 4775 801 4847 ὑπερσλλόμενος
831 4777 924 4828 ἐπὶ
944 4775 1035 4828 τὸν
1062 4776 1276 4847 πατέρα
1303 4777 1456 4847 διέὅη
1482 4794 1495 4841 ;
1520 4777 1627 4830 ἔδει
1650 4776 1734 4845 γάι

1867 4792 2174 4848 congruum
2206 4777 2351 4831 enim
2394 4776 2593 4842 fuerat,
2629 4776 2675 4831 si
2715 4790 2821 4830 non
2862 4786 3126 4844 paternus
3167 4773 3322 4837 ordu,
3356 4773 3450 4828 sed

188 4864 361 4928 αὑτὸν,
400 4868 448 4918 εἰ
484 4867 559 4936 μὴ
590 4868 624 4936 ἡ
655 4869 749 4919 τοῦ
797 4867 1009 4935 [ἰατρὸς
1034 4906 1047 4927 ,
1083 4866 1219 4919 ἀλλά
1246 4868 1407 4938 τρίτη
1435 4868 1591 4933 τάξις
1618 4862 1755 4937 εἶχε,

188 4957 273 5010 τὴν
308 4960 589 5029 Μονογενῆ
616 5002 629 5024 ,
669 4960 935 5031 πρότερον
970 4961 1168 5023 εἰπεῖν,
1221 4978 1239 5010 ι
1291 4960 1411 5013 οὐδὲ
1462 4961 1491 5013 ὁ
1540 4960 1697 5023 Υἱός·
1732 4978 1750 5010 ι

194 5032 292 5101 εἶθ’.
316 5050 456 5103 οὓτω
500 5052 599 5122 τὴν
639 5052 842 5120 γνῶσιν
889 5051 1171 5105 ἀναθεῖναι
1218 5051 1294 5122 τῷ
1332 5055 1527 5123 Πατρί·
1568 5053 1665 5106 νῦν
1702 5053 1761 5107 δὲ

195 5140 504 5211 ἀνθρώπων,
534 5146 688 5215 φησι,
721 5146 812 5198 καὶ
847 5144 1156 5214 ἀσωμάτων
1184 5146 1321 5197 νόων
1354 5145 1600 5212 διελθὼν,
1631 5146 1763 5199 οὑκ-

1871 4868 2067 4923 tertins
2095 4868 2220 4936 quis
2250 4867 2469 4920 tenebat
2502 4865 2724 4930 Filium,
2759 4866 2910 4919 illum
2950 4873 3076 4919 ante
3105 4864 3320 4917 Patrem
3351 4877 3451 4916 no.

1870 4960 2115 5026 minare;
2168 4959 2247 5014 sic
2270 5000 2285 5026 ,
2332 4979 2350 5011 ι
2382 4957 2566 5028 Neque
2599 4958 2804 5026 Filitts,
2839 4976 2857 5009 ι
2909 4956 2981 5011 ita
3030 4955 3173 5010 Patri
3211 4954 3451 5027 cngnitio
3483 4950 3499 5103 ἵ

1871 5050 2283 5103 attribueretnr.
2318 5047 2418 5103 Ast
2447 5050 2501 5102 in
2533 5050 2788 5103 praesenti
2828 5048 3111 5102 hominum
3143 5057 3197 5102 et
3227 5048 3450 5103 angelo-

1871 5050 2283 5104 attribueretnr.
2318 5047 2418 5104 Ast
2447 5050 2501 5102 in
2533 5050 2788 5120 prtesenti
2828 5048 3111 5102 hominum
3143 5057 3197 5102 et
3227 5048 3450 5117 angelo-

1872 5158 1995 5196 rum
2037 5140 2261 5195 ordines
2291 5151 2696 5211 transgressus,
2736 5142 3101 5213 ignorantiam
3134 5157 3241 5196 nou
3269 5152 3449 5194 traus-
3485 5108 3495 5211 ι

200 5231 273 5283 έτι
300 5233 599 5300 διαϐιϐάζει
623 5236 720 5306 τὴν
751 5237 974 5304 ἄγνοιαν
1004 5236 1099 5287 ἐπὶ
1145 5236 1235 5289 τὸν
1269 5235 1418 5299 Υίὸν,
1453 5236 1570 5288 ἀλλ’
1603 5236 1730 5289 εὐθὺ

1874 5235 1980 5290 fert
2021 5237 2087 5291 ad
2126 5234 2349 5303 Filium,
2389 5238 2482 5292 sed
2533 5237 2816 5303 continuo,
2862 5254 2986 5291 eum
3032 5236 3203 5292 Filius
3242 5245 3452 5290 natura:
3489 5216 3495 5232 ’

198 5324 259 5391 τῇ
288 5331 519 5397 πατρικῇ
549 5329 730 5397 φύσει,
769 5323 837 5400 ἧς
864 5328 1202 5400 κληρονόμος
1227 5328 1448 5399 γνήσιος
1480 5326 1630 5395 Υἱὸς.
1663 5328 1732 5398 τὴ

1875 5342 2113 5402 paterna:
2126 5331 2399 5403 genuinus
2422 5332 2595 5388 haeres
2613 5333 2704 5398 sit,
2740 5331 3062 5389 testificatur
3089 5332 3154 5387 de
3177 5346 3245 5387 eo
3261 5330 3450 5399 cogni-

204 5452 207 5453 ⁷
265 5476 305 5508 ο·
348 5478 533 5536 Matth.
565 5498 714 5545 ιχιν,
745 5482 834 5537 ⁸56.

1459 5579 1694 5634 VARUS
1756 5578 2160 5638 LECTIONES.

272 5693 298 5722 ⁸
326 5686 383 5741 C.
408 5687 475 5743 M.
502 5690 529 5741 6
555 5690 736 5761 πατὴρ
764 5690 842 5761 τῷ
870 5691 968 5761 τὴν
996 5693 1196 5763 κρίσιν.
1268 5703 1288 5723 °
1309 5693 1367 5748 ϐ.
1401 5692 1470 5748 Μ.
1501 5696 1601 5766 τὴν
1638 5697 1863 5764 ἄγνοιαν
1896 5699 1988 5752 καὶ
2018 5698 2136 5769 τήν.

477 5809 745 5873 Ρλτιιοι.
790 5812 905 5869 (in.
938 5810 1035 5871 Cl.
3016 5814 3092 5870 22
