3880 6206
386 320 497 382 0ἳὸ

1557 294 1823 358 ΡΗΟΤΙΙ
1858 284 2368 353 ΡΑΤΒΙΑΒΟΗίΕ
2400 283 2511 341 CP.

3564 256 3679 318 676

389 436 614 490 tionem.
639 425 796 483 Unde
825 423 991 494 igitur
1013 428 1075 482 tu.
1097 426 1374 487 arreptam
1400 411 1764 485 ignorantiam
1786 410 1840 463 in
1860 405 1984 462 Filii

2121 398 2295 453 ’νῶσιν
2335 394 2626 467 μαρτυρεῖ.
2664 389 2836 444 Πόθεν
2869 379 2964 439 οὖν
2992 383 3056 436 σὺ
3084 379 3183 451 τὴν
3216 377 3440 445 ἄγνοιαν
3474 372 3685 434 λαῦὼν,

2155 491 2166 494 -
2213 489 2277 494 --
2713 480 2767 494 -ι-
2953 476 2977 486 -
3034 470 3194 494 w-.~.-
3248 469 3294 494 -ι
3337 468 3408 494 ...ι
3460 466 3564 494 ι--
3601 481 3681 494 η,

390 542 512 582 eam
541 518 811 578 transfers
839 513 1230 573 contumeliam
1258 550 1273 575 ,
1305 510 1409 564 nisi
1447 505 1753 562 secundum
1786 512 1838 556 te
1870 515 1977 555 una

2121 491 2168 560 φ’
2211 489 2368 559 ’ύῦρει
2417 480 2848 545 κατασκευάζεις
2885 476 2981 530 τοῦ

3034 470 3196 538 Υἱοῦς
3245 469 3297 522 εί
3335 468 3412 537 μὴ
3457 466 3564 535 ἄρα
3600 481 3687 517 σοι

393 558 512 582 cum
544 558 579 578 ιι
595 558 811 577 ωηο-νην
840 558 1228 573 νν-η--ην-..ηη
1258 558 1273 575 ,
1306 558 1409 564 η---
1448 558 1561 562 _v_,
1588 558 1595 559 ,
1632 558 1639 559 ,

393 632 520 674 cum
558 610 880 669 hominibus
910 617 966 661 et
989 605 1199 674 angelis
1220 602 1323 656 hoc
1353 608 1437 655 est
1471 598 1646 655 servis
1670 594 1981 652 censebitur

2121 558 2195 645 οῖς
2224 558 2482 649 ἀγγέλοις
2520 575 2616 629 καὶ
2646 572 2857 635 δούλοις
2885 570 2913 621 6
2938 564 3251 634 Μονογενὴς
3274 561 3372 615 καὶ
3398 558 3689 626 Δεσπότης

393 704 705 764 Dominus?
735 701 883 773 quod
915 700 1182 753 hactenus
1205 693 1349 765 apud
1374 706 1567 747 omnes
1592 688 1794 758 impios
1824 686 1979 740 inau-

394 802 573 858 ditum
610 804 697 852 est
730 813 744 851 :
784 793 870 849 sin
904 792 1008 846 hoc
1043 805 1153 844 non
1183 786 1409 848 audeas,
1434 782 1529 838 sed
1564 780 1762 835 Filium
1788 777 1860 832 ab
1883 792 1985 831 an-

395 890 568 961 gelica
599 882 909 943 substantia
943 894 1197 950 separes,
1250 877 1380 932 licet
1423 874 1569 930 Patri
1629 872 1811 929 adhuc
1855 882 1983 924 eum

397 983 668 1054 aequalem
700 995 809 1034 non
850 978 1056 1042 facias,
1104 991 1217 1029 non
1264 972 1653 1042 consequeris,
1703 982 1829 1023 cum
1875 975 1985 1020 tam

399 1077 547 1131 clare
573 1073 640 1128 de
678 1070 888 1142 angelis
918 1067 1286 1139 ignorantiam
1348 1064 1514 1119 verba
1558 1061 1875 1133 praadicent,
1929 1066 1990 1112 ut

401 1168 566 1222 liceat
582 1164 681 1219 tibi
703 1162 807 1232 ipsi
829 1160 1079 1216 eamdem
1106 1158 1382 1228 aﬂingere,
1405 1165 1686 1225 utcunque
1708 1149 1989 1206 multoties

401 1259 672 1314 violenter
705 1252 1008 1310 transferre
1056 1252 1204 1307 illam
1256 1249 1511 1314 coneris,
1574 1248 1629 1302 in
1667 1246 1917 1301 ordinem
1959 1258 1991 1298 a

406 1353 567 1408 Patre
593 1364 694 1403 suo
723 1348 1005 1403 diversum
1032 1361 1049 1412 ;
1084 1355 1138 1401 et
1176 1355 1354 1399 tamen
1383 1341 1465 1398 vel
1493 1341 1593 1405 sic,
1632 1336 1989 1409 ut‘refugias,

406 1444 534 1501 licet
562 1441 861 1499 secundum
884 1448 937 1495 te
950 1433 1278 1510 Unigenitus
1296 1435 1442 1490 Patri
1466 1432 1795 1490 coadunitus
1816 1432 1993 1487 scien-

411 1540 501 1594 tia:
535 1547 788 1592 naturam
811 1545 1031 1587 omnem
1063 1528 1530 1585 etsublimitatem
1564 1522 1993 1589 transcendenti,

410 1628 541 1700 quia
568 1636 795 1696 paterna
831 1630 933 1688 est,
967 1620 1167 1680 ridebit
1197 1629 1345 1674 tuam
1376 1618 1591 1673 tertiam
1621 1624 1778 1671 extra
1820 1613 1995 1667 lineas

338 1776 341 1777 ν
412 1719 786 1780 ambulantem
812 1712 1259 1777 ordinationem;
1310 1719 1366 1765 et
1416 1710 1636 1765 ubinam
1675 1707 1783 1762 hoc
1834 1721 1868 1776 p

412 1820 660 1884 apparet,
693 1807 839 1879 quod
873 1804 1260 1869 haereticorum
1293 1801 1509 1858 insania
1534 1800 1707 1871 fingit,
1736 1799 1996 1869 ignoran-

413 1908 494 1964 tia
539 1903 763 1961 Christo
816 1899 1089 1963 insiliens,
1126 1896 1211 1951 vel
1262 1893 1564 1951 secundum
1602 1892 1871 1955 litteram,
1904 1896 2001 1944 aut

417 1997 686 2054 sensum?
719 1994 832 2048 lmo
858 1992 1032 2057 aiunt,
1066 1988 1195 2060 quia
1220 1987 1387 2053 addit,
1417 2004 1435 2038 ι
1460 1984 1576 2041 Nisi
1608 1984 1767 2039 Pater
1788 1984 1993 2047 solus,»

420 2100 592 2157 recte,
623 2098 676 2144 et
710 2086 865 2141 valde
895 2083 1207 2155 sapienter:
1236 2096 1304 2135 ne
1335 2078 1619 2136 existimes
1642 2117 1657 2144 ,
1689 2076 1835 2147 quod
1875 2090 2001 2130 cum

420 2179 811 2252 intelligentias
845 2174 1167 2249 praeterierit
1195 2173 1549 2242 incorporeas
1576 2213 1590 2239 ,
1623 2170 1804 2225 locum
1841 2168 2000 2223 babi-

425 2289 611 2331 turnm
634 2286 810 2342 usque
831 2269 899 2324 ad
927 2275 1180 2322 naturam
1211 2264 1444 2336 primam
1473 2276 1824 2334 prOgressum
1852 2259 2001 2315 facit.

425 2372 587 2425 (terte
616 2367 685 2421 ab
719 2366 820 2419 hac
865 2363 981 2418 sola
1020 2360 1325 2417 conditrice
1354 2367 1410 2414 et
1438 2358 1756 2413 dominante
1788 2357 2007 2411 univer-

428 2478 614 2517 sorum
647 2459 725 2514 uti
755 2456 938 2512 omnia
963 2462 1159 2511 caetera
1181 2468 1302 2522 quae
1322 2453 1647 2524 consignant
1673 2460 2004 2515 creaturam,

427 2550 505 2609 ita
547 2560 603 2606 et
655 2549 963 2620 ignorantia
1019 2545 1343 2616 longissime
1376 2544 1732 2615 disjungitnr.
1764 2541 1921 2610 Quod
1960 2541 2006 2595 si

429 2642 748 2709 vox,solus,
789 2640 979 2695 turbas
1004 2637 1254 2701 conciet,
1314 2636 1650 2691 intellectum
1703 2635 1775 2690 sit
1824 2633 2009 2705 potius

430 2735 579 2806 quod
604 2750 635 2789 a
662 2732 885 2803 quibus,
914 2729 1281 2802 ignorantiam
1309 2729 1509 2794 citans,
1553 2728 1769 2784 Patrem
1798 2728 2011 2797 disjun-

434 2828 533 2891 ait,
563 2834 755 2879 contra
783 2823 904 2877 illos
930 2830 982 2876 et
1013 2820 1202 2876 divisit
1256 2819 1413 2883 illud,
1471 2819 1652 2883 solus;
1702 2832 1825 2887 quae
1871 2815 2013 2871 ratio

432 2927 540 2980 est,
562 2908 771 2985 angelis
803 2914 1443 2985 tribuereignorantiam,
1470 2922 1586 2967 tum
1615 2918 1673 2964 ut
1702 2908 1810 2963 illis
1842 2908 2013 2964 omis-

435 3011 535 3075 sis,
560 3008 627 3063 ad
663 3005 1025 3062 differentiam
1061 3005 1205 3070 Filii,
1245 3005 1313 3060 de
1352 3019 1465 3074 quo
1496 3011 1592 3057 aut
1620 3009 1809 3057 contra
1851 3014 2013 3069 quem

2085 672 2493 740 συντετάξεται’
2534 668 2584 735 ὃ,
2624 666 2786 738 μέχρι
2814 673 2841 713 P
2878 660 2996 724 νῦν,
3024 655 3253 726 οὐδεμία
3286 651 3444 723 ὤφθη
3480 649 3679 704 δυσσέ-

2087 768 2210 821 ϐεια
2256 763 2622 836 μελετήσασα.
2652 759 2716 812 El.
2750 756 2808 810 δὲ
2850 755 2925 825 μὴ
2971 750 3130 805 τοῦτο
3156 748 3360 819 τολμᾷς
3383 787 3399 811 ,
3452 741 3688 807 ὑπεξαί-

2091 876 2203 931 ρεις
2226 834 2267 907 qv
2288 856 2344 909 δὲ
2376 854 2469 907 τὸν
2512 852 2640 906 Υίὸν
2682 850 2783 920 τῆς
2827 843 3127 914 ἀγγελικῆς
3171 840 3395 902 οὐσίας’
3445 835 3549 890 κᾶν
3585 834 3688 901 τῆς

2089 925 2365 1019 πατρικῆς
2410 944 2625 998 οὐδέπω
2657 940 2769 993 ἴσον
2811 938 2878 992 ἂν
2920 936 3042 1008 ἔχῃ·
3085 935 3184 1003 οὐχ
3226 931 3371 995 ’ἐξεις
3414 925 3691 998 δήπουθεν

2090 1039 2359 1113 λαμπρῶς
2390 1036 2533 1091 οὕτω
2554 1034 2661 1087 τῶν
2685 1030 2910 1097 λέξεων,
2953 1027 3046 1079 ἐπὶ
3068 1024 3177 1078 τῶν
3225 1020 3475 1090 ἀγγέλων
3501 1020 3695 1085 ἀπαγ-

2090 1112 2389 1205 γελλὸντων
2418 1130 2516 1199 τὴν
2550 1126 2773 1195 ἄγνοιαν
2821 1117 3122 1190 οὐδαμόθεν
3155 1114 3307 1185 αύτῷ
3341 1112 3548 1181 ταύτην
3592 1126 3695 1161 περ

2094 1199 2365 1298 ριάπτειν,
2394 1221 2498 1276 κᾶν
2526 1217 2788 1290 μυριάκις
2810 1216 2886 1276 είς
2905 1211 3073 1280 ἀλλην
3086 1208 3240 1274 τάξιν
3266 1204 3507 1273 ἀπάγειν
3535 1199 3699 1272 παρὰ

2092 1295 2184 1375 τὸν
2240 1316 2466 1389 πατρῶν
2508 1312 2711 1384 κλῆρον
2741 1307 2997 1379 ἐκδιάσῃο
3038 1304 3133 1358 καὶ
3167 1300 3311 1355 ούτω
3343 1297 3532 1362 πάλιν,
3586 1295 3700 1348 xiv

2097 1413 2172 1483 μὴ
2214 1386 2381 1483 βούλη
2423 1409 2490 1479 τῇ
2524 1401 2793 1460 καὶκατὰ
2832 1399 2894 1452 σὲ
2938 1395 3212 1466 ὑπερφυεῖ
3251 1392 3347 1446 καὶ⁸
3395 1386 3700 1458 ύπερτάτῳ

2095 1478 2697 1570 καὶῗπατρικῇγνώσει
2746 1492 2775 1545 6
2812 1485 3146 1555 Μονογενὴς
3208 1481 3288 1554 τῷ
3335 1478 3531 1570 Ila-cpt
3561 1493 3697 1570 quv-

2096 1564 2555 1662 απτόμενῠοςξτῆν
2587 1583 2687 1655 σὴν
2717 1579 3007 1662 ὑπερόριον
3042 1571 3403 1646 ὲκμυκτηριεί
3445 1567 3545 1621 xui.
3571 1564 3703 1635 τρί’⁸

1872 1655 1995 1761 ἓξῐᾶ
2027 1747 2067 1761 _
2100 1702 2202 1756 την
2243 1655 2523 1747 διάταξιν,
2560 1675 2671 1731 Ποῦ
2717 1660 2899 1728 τοίνυν
2944 1666 3184 1723 ἐνταῦθα
3246 1661 3497 1734 φαίνεται
3551 1655 3704 1711 κατὰ

2027 1747 2069 1805 Β
2105 1747 2309 1847 λέξινῆ
2355 1773 2617 1835 διάνοιαν,
2655 1766 2731 1831 ὡς
2771 1767 2806 1837 ἡ
2834 1763 2944 1817 τῶν
2988 1756 3376 1832 αἱρετιζόντων
3423 1751 3708 1821 παράνοια

2098 1870 2179 1942 τῷ
2214 1842 2333 1939 Υἱῷ
2362 1868 2396 1938 ἡ
2421 1865 2615 1933 ἄγνοια
2661 1855 2986 1928 ἔπιπηδῶσα
3019 1870 3034 1921 ;
3072 1850 3203 1917 Ναὶ,
3236 1847 3425 1918 φησιν,
3455 1842 3708 1942 ἀλλ’ἐκ-

2101 1931 2332 2035 ήγαγεν,
2357 1931 2480 2012 (ΕΙ.
2501 1954 2578 2027 μὴ
2602 1955 2630 2007 6
2649 1951 2841 2022 Πατήρ
2874 1964 2975 2019 μου
3007 1944 3188 2018 μόνοςο
3224 1958 3243 1992 ι
3275 1937 3455 1999 καλῶς
3485 1950 3550 2003 γε
3576 1931 3705 1985 λίαν

2102 2027 2197 2112 καὶ
2219 2027 2420 2124 σοφῶς·
2457 2051 2547 2105 ἵνα
2582 2047 2658 2120 μὴ
2693 2043 2925 2115 νομίσῃς
2965 2039 3043 2103 ὡς
3073 2035 3171 2091 καὶ
3205 2027 3707 2124 τοὺςῃάσωμάτοὲς

2103 2147 2231 2210 νόας
2286 2115 2661 2214 διαδραμοῢνσα
2684 2176 2701 2203 ,
2734 2132 2934 2206 ’χώραν
2975 2129 3091 2199 ἔχοι
3135 2124 3231 2179 καὶ
3286 2121 3488 2214 μέχρις-
3531 2115 3706 2214 αὐτῆς

2105 2206 2465 2309 τῆςνπρώτης
2486 2206 2709 2301 -φύσεως
2735 2224 3006 2297 προϊέναι.
3041 2216 3260 2287 Ταύτης
3294 2213 3405 2285 γὰρ
3442 2210 3529 2280 δὴ,
3563 2206 3729 2261 ταύο.

2105 2300 2205 2398 της
2248 2300 2432 2399 μόνης-
2466 2323 2564 2394 τῆς
2610 2314 2947 2389 δημιουργοῦ
3000 2312 3095 2366 καὶ
3148 2307 3345 2377 κυρίας
3388 2303 3498 2357 τῶν
3532 2300 3700 2363 ὅλων,

2107 2392 2299 2492 ὥσπερ
2352 2392 2423 2471 τὰ
2467 2392 2603 2469 ἄλλα
2655 2411 2835 2466 πάντα
2895 2409 2955 2462 ἔν
3002 2398 3083 2468 οἷς
3132 2404 3168 2473 ἡ
3221 2398 3399 2459 κτίσις
3442 2392 3709 2464 γνωρίζε-

2106 2532 2239 2583 ται,
2267 2485 2442 2566 -οὖτω
2488 2508 2545 2562 δὲ
2584 2506 2679 2560 κα)⁵
2722 2504 2785 2557 τὸ
2831 2500 2932 2571 τῆς
2992 2495 3218 2567 ἀγνοίας
3263 2491 3571 2562 διὲρῤιπται
3626 2485 3705 2549 ὡς

2110 2579 2476 2680 πορρωτάτω.
2509 2598 2573 2652 Εἰ
2615 2596 2674 2650 δὲ
2713 2594 2776 2647 t6
2799 2633 2815 2659 ,
2849 2593 3039 2662 μόνος
3066 2627 3083 2653 ,
3125 2587 3206 2640 ἔτι
3250 2586 3491 2654 τάραχον
3522 2579 3709 2641 κινεῖ,

2113 2672 2341 2757 συνιέτω
2373 2692 2597 2766 μᾶλλον,
2625 2691 2709 2744 ὅτι
2737 2682 2812 2742 ὧν
2846 2686 2948 2757 τὴν
2985 2683 3213 2751 ἄγνοιαν
3244 2674 3417 2732 εἰπὼν
3445 2672 3712 2727 διέστειλε

2110 2799 2204 2851 τὸν
2236 2791 2459 2859 Πατέρα
2485 2830 2500 2855 ,
2531 2785 2669 2858 πρὸς
2712 2781 2957 2842 ἐκείνους
3005 2774 3228 2844 διώρισε
3272 2770 3362 2824 καὶ
3393 2768 3456 2859 t6
3492 2766 3708 2836 μόνος.

2126 2888 2281 2942 Ἐπεὶ
2312 2856 2434 2939 τίνα
2473 2856 2633 2949 λόγον
2662 2876 2799 2937 ὅλως
2824 2871 2972 2942 ἔχοι,
2999 2865 3254 2934 ἀγγέλοις
3288 2860 3385 2931 μὲν
3419 2856 3710 2949 ἐπιφέρειν

2114 2978 2214 3049 τὴν
2244 2976 2470 3043 ἄγνοιαν
2494 2965 2827 3028 συνειδέναι,
2853 2956 2973 3014 εἶτα
2999 2955 3224 3015 τούτους
3252 2949 3461 3020 ἀφέντα
3482 2947 3560 3007 εἰς
3588 2944 3713 2997 διαο

436 3038 535 3075 ala,
560 3038 627 3063 au
663 3038 1025 3062 ulucusuuatu
1061 3038 1205 3070 ι-ιιιι,
1245 3038 1313 3060 uc
1352 3038 1465 3074 ιμιυ
1496 3038 1592 3057 au.
1620 3038 1809 3057 υυιηιει
1851 3038 2011 3069 tiu»...

436 3102 576 3157 nihil
607 3101 765 3166 dixit,
793 3098 926 3154 illud
955 3108 1176 3170 putetur
1202 3098 1411 3154 dictum
1440 3114 1454 3151 :
1484 3116 1503 3148 ι
1540 3094 1655 3151 Nisi
1686 3095 1843 3151 Pater
1864 3108 2011 3148 meus

2123 3038 2315 3141 στολὴν
2346 3086 2407 3123 ου
2438 3064 2605 3139 μηδὲν
2630 3060 2891 3115 κατεῖπεν
2916 3051 3072 3115 Υίοῦ,
3102 3047 3183 3113 τὸ,
3208 3064 3227 3097 ι
3252 3045 3312 3098 Et
3345 3041 3422 3114 μὴ
3454 3041 3483 3094 6
3517 3038 3714 3106 Πατήρ

2309 3160 2321 3170 .
2615 3152 2684 3170 .y,
2718 3167 2744 3170 ξ.
2773 3145 3045 3170 -ι-ε-ο-..
3075 3141 3149 3170 ι...
3178 3136 3232 3170 at.
3259 3136 3415 3170 era-ven
3441 3131 3501 3170 τὸ
3531 3130 3714 3170 uris-m-

440 3194 616 3248 solus.
660 3209 677 3242 ι
716 3189 869 3255 Quod
895 3190 941 3245 si
970 3190 1114 3243 solus
1146 3189 1349 3254 turbet,
1378 3188 1549 3241 turba:
1588 3185 1693 3239 illa:
1724 3183 2021 3254 dispellun-

442 3295 531 3339 tur
557 3297 655 3352 per
709 3299 727 3332 ι
767 3280 926 3334 Pater
966 3295 1142 3335 meus.
1184 3296 1204 3331 ι
1262 3278 1413 3333 Patet
1452 3277 1598 3332 enim
1633 3276 1776 3347 quod
1816 3290 1922 3329 non
1953 3273 2020 3329 ad
2078 3312 2081 3315 ι

444 3376 685 3446 seipsum
718 3374 982 3427 relatione
1004 3373 1166 3438 facta,
1182 3371 1339 3443 cujus
1353 3370 1657 3426 naturalem
1683 3367 2025 3440 conjunctio-

446 3483 570 3522 nem
640 3464 937 3520 insinuavit
1001 3463 1234 3519 dicens:
1279 3482 1297 3515 ι
1334 3461 1496 3517 Pater
1540 3477 1716 3528 meus,
1751 3480 1770 3513 ›
1818 3460 1912 3516 sed
1957 3459 2023 3514 ad

447 3560 571 3614 illos
603 3573 836 3628 quorum
867 3556 1231 3625 ignorantiam
1263 3556 1491 3621 notavit,
1516 3554 1673 3620 dixit,
1712 3552 1879 3608 solus.
1906 3549 2025 3605 Non

447 3652 593 3707 enim
641 3652 697 3705 in
734 3650 827 3704 illo
865 3650 1031 3713 dicto,
1069 3666 1088 3700 ι
1120 3647 1234 3703 Nisi
1280 3647 1439 3703 Pater
1473 3662 1629 3703 meus
1655 3647 1829 3712 solus,
1870 3663 1889 3697 ι
1940 3646 2027 3698 in-

450 3744 775 3811 telligendus
818 3751 902 3797 est
949 3741 1193 3811 seipsum
1227 3740 1610 3795 disterminare
1635 3738 1704 3793 ab
1726 3752 1793 3793 eo
1823 3752 1947 3792 cum
1977 3744 2031 3790 et

451 3836 635 3891 verbis
682 3846 736 3889 et
780 3834 942 3889 factis
989 3840 1219 3888 testetur
1263 3848 1279 3887 :
1336 3850 1354 3883 ι
1395 3831 1506 3902 Ego
1545 3840 1599 3886 et
1652 3831 1813 3885 Pater
1858 3844 2030 3885 unum

453 3945 646 3986 sumus
670 3925 1046 3996 “';——0mnia
1070 3940 1193 3994 quae
1212 3924 1375 3979 habet
1407 3924 1583 3991 Pater,
1614 3938 1734 3978 mea
1761 3931 1892 3978 sunt
1912 3920 1980 3975 ⁸³.
2009 3939 2027 3972 ι

457 4024 695 4078 Scientia
748 4036 877 4091 pars
911 4029 1020 4086 est,
1068 4018 1196 4073 licet
1240 4017 1455 4089 exigua,
1496 4031 1689 4072 eorum
1743 4029 1866 4085 quae
1906 4028 2034 4068 cum

455 4115 685 4173 infinitis
707 4114 831 4170 aliis
876 4128 1140 4183 generans
1162 4112 1324 4167 habet
1355 4128 1369 4165 :
1394 4108 1487 4165 sed
1515 4109 1719 4179 absque
1743 4106 1829 4163 bis
1855 4105 2036 4169 dictis,

457 4209 508 4267 si
571 4217 691 4265 erat
759 4206 1081 4278 unigenitus
1138 4206 1233 4276 qui
1300 4203 1411 4258 illis
1459 4199 1849 4272 ignorantiam,
1890 4197 2039 4253 Patri

456 4300 743 4358 scientiam
792 4301 1055 4370 assignat,
1098 4312 1220 4369 quae
1251 4305 1336 4352 est
1377 4294 1477 4349 illa
1503 4292 1776 4363 superﬂua
1821 4290 2041 4360 sapien-

462 4395 556 4462 tia,
592 4408 719 4449 cuni
761 4409 821 4448 se
868 4393 1124 4463 dignatus
1181 4391 1252 4446 sit
1275 4402 1464 4445 eorum
1494 4384 1811 4457 participem
1837 4381 2037 4445 facere,

461 4502 583 4558 qua:
631 4486 839 4556 majora
881 4493 1011 4540 sunt
1061 4491 1115 4538 et
1161 4481 1271 4537 Deo
1319 4479 1424 4535 soli
1475 4490 1680 4533 interno
1726 4482 2042 4545 competunt

464 4579 750 4650 indignum
796 4577 1049 4632 arbitrari
1086 4573 1400 4645 cognitione
1429 4570 1507 4627 rei
1538 4570 1670 4626 olim
1700 4567 1958 4623 omnibus
1989 4574 2044 4622 et

461 4672 646 4739 bonis,
677 4680 729 4726 et
759 4671 919 4725 malis
949 4666 1289 4724 revelandze?

535 4940 730 5009 Itaque
755 4935 1074 4993 omnimodo
1110 4943 1296 5005 patet,
1346 4931 1488 5004 quod
1540 4928 1863 4999 neutiquam
1896 4924 2053 4997 igno-

468 5032 703 5087 rantiam
725 5029 798 5098 ei,
824 5037 989 5100 prout
1020 5026 1260 5082 haeretici
1292 5024 1507 5085 volunt.
1548 5027 1860 5091 competet;
1898 5030 2051 5070 com-

468 5126 654 5181 munis
682 5125 875 5181 doctor
903 5131 961 5178 et
1002 5120 1217 5193 generis
1271 5118 1445 5173 nostri
1492 5114 1681 5179 salus,
1730 5109 2049 5174 instituens,

470 5236 613 5290 quos
648 5220 919 5290 selegerat
947 5213 1268 5284 discipulos,
1322 5208 1582 5279 prOprios
1616 5220 1747 5263 suos
1794 5201 2048 5258 modulos

472 5327 795 5385 agnoscere,
839 5318 897 5365 et
944 5323 975 5361 a
1025 5302 1425 5378 quaestionibus
1472 5300 1783 5363 abstinere,
1838 5292 2044 5364 quibus

542 5451 591 5482 ⁸⁸
620 5448 782 5504 Joan.
816 5462 873 5515 ιι,
904 5444 994 5500 ὅθ.
1070 5443 1118 5475 ⁸³
1168 5440 1329 5497 Joan.
1364 5455 1477 5507 xvr,
1510 5439 1593 5495 15.

2066 4431 2120 4490 Ῑ)
2150 4454 2306 4528 ριττὴ

2125 3179 2228 3235 μου
2256 3130 2485 3232 μόνοςξ»
2501 3130 2747 3226 νομίζειν
2769 3145 3045 3218 εἰρῆσθαι⁸
3074 3141 3153 3195 ἔτι
3177 3136 3234 3192 δὲ
3258 3136 3415 3204 εἴπερ
3441 3130 3717 3235 τδᾲμόῖος

2124 3221 2487 3326 θορυδεί,διὰ
2518 3221 2611 3302 τοῦ
2645 3263 2665 3297 ι
2702 3245 2731 3298 6
2770 3239 2964 3309 Πατήρ
3006 3251 3108 3307 μου
3146 3251 3164 3284 ι
3211 3230 3272 3285 τὺ
3300 3221 3715 3326 θορυϐοῦνδιαο

2123 3308 2559 3411 λυέσθωίΔῆλον
2586 3336 2697 3407 γὰρ
2741 3333 2816 3397 ὡς
2857 3308 2959 3384 οὐκ
2998 3327 3065 3381 ἂν
3111 3325 3250 3396 πρὸς
3283 3318 3474 3375 ἑαυτὸν
3520 3308 3582 3368 οὗ
3613 3314 3717 3384 τὴν

2127 3437 2364 3511 φυσικὴν
2413 3407 2691 3487 οίκείωσιν
2741 3420 3081 3511 ἀνεκήρυςεν
3136 3412 3307 3469 εἰπὼν
3367 3429 3386 3464 ι
3440 3412 3469 3463 6
3522 3407 3718 3511 Πατήρ

2132 3495 2258 3605 μου,
2298 3495 2334 3583 ι’
2353 3526 2491 3583 ἀλλὰ
2519 3523 2655 3595 πρὸς
2685 3518 2930 3579 ἐκείνους
2957 3553 2973 3581 ,
2998 3506 3073 3568 ὧν
3113 3509 3213 3580 τὴν
3242 3500 3571 3605 ἄγνοιανὲιίΐ
3662 3503 3716 3549 ει·

2106 3593 2675 3691 ,συναπεφήνατοήκαὶ
2700 3613 2761 3667 τὸ
2776 3612 2988 3682 μόνοςσ
3018 3605 3141 3668 πῶς
3163 3601 3208 3657 δ’
3231 3600 3299 3655 ἂν
3329 3599 3390 3651 ὲν
3411 3594 3490 3667 τῷ
3508 3593 3715 3661 λέγειν,

2139 3736 2159 3769 ι
2200 3712 2272 3769 Ei
2310 3686 2455 3784 μηδ
2498 3708 2689 3778 Πατήρ
2738 3721 2838 3775 μου
2884 3701 3080 3772 μόνος,
3128 3715 3148 3749 ι
3201 3691 3394 3748 ἑαυτὸν
3435 3686 3722 3759 νομισθείη

2136 3780 2492 3869 διαστέλλειν,
2528 3803 2557 3854 6
2604 3799 2699 3852 καὶ
2742 3797 2855 3859 τοῖς
2894 3792 3108 3860 λόγοις,
3137 3786 3373 3848 καὶτοῖς
3414 3781 3597 3853 ἔργοις
3637 3780 3722 3846 ἐφ’

2140 3901 2261 3969 ἴσης
2301 3894 2461 3967 βοῶν,
2509 3912 2528 3946 ι
2578 3888 2723 3961 Ἐγὼ
2756 3889 2849 3944 καὶ
2887 3888 2917 3941 6
2966 3882 3157 3954 Πατὴρ
3198 3881 3257 3934 ἔν
3304 3880 3509 3948 ἔσμενς
3550 3895 3568 3927 ι
3604 3876 3722 3940 καὶ,

2143 4010 2161 4043 ι
2201 3966 2385 4043 Πάντα
2416 3988 2517 4041 ὅσα
2548 3984 2662 4054 ἔχει
2686 3984 2714 4036 6
2746 3980 2957 4050 Πατὴρ,
2988 3976 3100 4047 ἔμά
3134 3976 3289 4039 tati;
3329 3990 3347 4024 ι
3382 3968 3552 4040 Δῆλον
3578 3966 3723 4054 γὰρ,

2138 4085 2213 4149 ὡς
2260 4084 2356 4136 καὶ
2393 4083 2427 4152 ἠ
2468 4053 2709 4148 γνῶσις,
2752 4075 2813 4129 ἔν
2855 4090 2909 4127 τι
2947 4070 3046 4125 καὶ¹
3077 4067 3138 4122 τὸ
3194 4062 3535 4137 βραχύτατον
3579 4053 3656 4114 ὦν
3697 4059 3726 4113 6

2139 4171 2491 4247 γεγεννηκὼς
2520 4170 2656 4243 ἔχει,
2694 4168 2790 4222 καὶ⁹
2821 4164 2993 4237 μυρία
3021 4160 3178 4218 ἄλλα.
3210 4157 3395 4228 Χωρὶς
3417 4154 3480 4220 δὲ
3512 4154 3623 4207 τῶν
3650 4153 3727 4205 εί·

2144 4244 2419 4344 ρημένων,
2456 4264 2505 4317 εί
2549 4262 2713 4341 αὐτὸς
2744 4256 2812 4331 ἦν
2845 4260 2873 4311 6
2916 4252 3243 4326 μονογενὴς,
3286 4250 3315 4302 6
3355 4250 3466 4310 τοῖς
3500 4247 3601 4318 μὲν
3627 4244 3727 4315 τὴν

2145 4338 2393 4431 ἀγνοιαν,
2417 4356 2498 4427 τῷ
2527 4338 2703 4426 Πάτρὶ
2731 4352 2789 4406 δὲ
2822 4346 3044 4404 διαιτῶν
3069 4344 3170 4417 τὴν
3195 4341 3420 4412 γνῶσιν,
3450 4338 3534 4401 τίς
3564 4339 3598 4407 ἡ
3624 4352 3727 4388 πε-

2353 4450 2518 4520 σοφία
2557 4447 2722 4517 αὕτη,
2754 4443 2946 4498 ἑαυτὸν
2986 4437 3242 4504 ἀξιοῦντα
3282 4432 3392 4487 τῶν
3440 4429 3725 4503 μειζόνων.

2149 4520 2245 4601 καὶ
2336 4541 2483 4615 μόνῳ
2513 4538 2633 4609 Θεῷ
2664 4538 2750 4591 ἀεὶ
2773 4534 3093 4605 διαπρέπει,
3127 4526 3457 4615 πράγματος
3483 4521 3564 4581 είς
3587 4520 3725 4572 πάν-

2148 4656 2249 4702 τας
2298 4610 2527 4707 ὕστερον
2572 4632 2668 4689 καὶ
2712 4625 3035 4686 σπουδαίους
3091 4619 3187 4673 καὶ
3238 4614 3481 4685 φαύλους
3526 4610 3730 4681 ὁμοίως

2150 4700 2714 4799 ἐκκαλυφθησομένου
2740 4763 2755 4790 ,
2783 4721 2884 4792 τῆς
2928 4713 3183 4787 γνώσεως
3222 4708 3441 4774 ἀνάξιον
3489 4700 3732 4772 ἀποφαί-

2146 4842 2260 4883 νειν
2279 4841 2295 4891 ;

2220 4885 2355 4989 ’Ᾰρ’
2403 4915 2463 4969 ού
2508 4906 2849 4981 πανταχόθεν
2901 4900 3200 4973 γνώριμον,
3242 4895 3319 4958 ὡς
3357 4885 3735 4989 ούδαμόθενιὴ

2163 4979 2355 5080 ἄγνοια
2397 5009 2508 5069 τοῖς
2555 4979 2889 5074 αίρετίζουσι
2933 4991 3350 5064 συνδραμεῖταις
3393 4984 3453 5036 '0
3485 4981 3587 5053 μὲν
3628 4979 3738 5080 γὰρ

2160 5072 2338 5166 κοινὸς
2361 5072 2704 5158 διδάσκαλος,
2747 5090 2842 5146 καὶ
2868 5087 2965 5143 τοῦ
2995 5085 3188 5154 γένους
3222 5077 3495 5152 ἡμετέρου
3522 5072 3737 5166 Σωτὴρ,

2154 5193 2249 5258 οὓς
2293 5164 2539 5263 ἀφώρισε
2578 5184 2827 5257 μαθητὰς
2865 5177 3136 5254 παιδεύων
3177 5173 3247 5227 τὰ
3284 5170 3460 5224 οἰκεῖα
3501 5164 3737 5220 συνιέναι

2157 5255 2371 5359 μέτρα,
2423 5255 2525 5338 καὶ
2564 5255 2895 5351 ζητημάτων
2941 5269 3269 5341 ἀναχωρεῖν,
3315 5262 3352 5318 ἃ
3400 5260 3517 5333 βίον
3572 5255 3673 5329 μὲν
3714 5260 3737 5291 ³

1749 5613 1985 5671 VARle
2020 5607 2426 5667 LECTIONES.

554 5772 581 5811 ρ
611 5761 673 5817 C.
703 5758 771 5814 ll.
800 5759 859 5815 ὃν
904 5758 1086 5832 μέχρι.
1163 5758 1271 5818 qc.
1332 5759 1405 5815 Μ.
1455 5755 1758 5830 ύπεξαίρει.
1836 5758 1887 5804 ιιο
1917 5753 1977 5809 c.
2013 5750 2079 5806 Μ.
2122 5748 2247 5818 ἔφη.
2329 5755 2352 5786 ι
2383 5745 2442 5802 c.
2469 5741 2542 5799 M.
2576 5741 2610 5799 δι
2643 5741 2741 5812 βίῳ
2770 5737 2888 5810 μένα
