  <div class='ocr_page' id='page_1' title='image "/cluster/home/n/w/nwhite01/storage/ocr_20150623/101/hvd.32044018872879/363.png"; bbox 0 0 3880 6206; ppageno 0'>
   <div class='ocr_carea' id='block_1_1' title="bbox 408 275 513 336">
    <p class='ocr_par' dir='ltr' id='par_1_1' title="bbox 408 275 513 336">
     <span class='ocr_line' id='line_1_1' title="bbox 408 275 513 336; baseline 0.019 -2"><span class='ocrx_word' id='word_1_1' title='bbox 408 275 513 336; x_wconf 67' lang='lat'><strong>679</strong></span> 
     </span>
    </p>
   </div>
   <div class='ocr_carea' id='block_1_2' title="bbox 407 387 791 442">
    <p class='ocr_par' dir='ltr' id='par_1_2' title="bbox 407 387 791 442">
     <span class='ocr_line' id='line_1_2' title="bbox 407 387 791 442; baseline 0 -1"><span class='ocrx_word' id='word_1_2' title='bbox 407 390 509 442; x_wconf 74' lang='lat' dir='ltr'><strong>nisi</strong></span> <span class='ocrx_word' id='word_1_3' title='bbox 567 387 726 441; x_wconf 84' lang='lat' dir='ltr'><strong>Pater</strong></span> <span class='ocrx_word' id='word_1_4' title='bbox 780 406 791 441; x_wconf 90' lang='lat'>:</span> 
     </span>
    </p>
   </div>
   <div class='ocr_carea' id='block_1_3' title="bbox 407 479 1985 549">
    <p class='ocr_par' dir='ltr' id='par_1_3' title="bbox 407 479 1985 549">
     <span class='ocr_line' id='line_1_3' title="bbox 407 479 1985 549; baseline 0.001 -18"><span class='ocrx_word' id='word_1_5' title='bbox 407 481 646 549; x_wconf 71' lang='lat' dir='ltr'><strong>seipsum</strong></span> <span class='ocrx_word' id='word_1_6' title='bbox 682 481 958 548; x_wconf 83' lang='lat' dir='ltr'><strong>ignorare,</strong></span> <span class='ocrx_word' id='word_1_7' title='bbox 986 479 1030 533; x_wconf 90' lang='lat' dir='ltr'><strong>si</strong></span> <span class='ocrx_word' id='word_1_8' title='bbox 1068 495 1176 532; x_wconf 86' lang='lat' dir='ltr'><strong>non</strong></span> <span class='ocrx_word' id='word_1_9' title='bbox 1211 489 1335 548; x_wconf 84' lang='lat' dir='ltr'><strong>post</strong></span> <span class='ocrx_word' id='word_1_10' title='bbox 1364 480 1471 533; x_wconf 87' lang='lat' dir='ltr'><strong>alia</strong></span> <span class='ocrx_word' id='word_1_11' title='bbox 1510 481 1773 545; x_wconf 85' lang='lat' dir='ltr'><strong>absurda,</strong></span> <span class='ocrx_word' id='word_1_12' title='bbox 1805 480 1985 533; x_wconf 84' lang='lat' dir='ltr'><strong>mino-</strong></span> 
     </span>
    </p>
   </div>
   <div class='ocr_carea' id='block_1_4' title="bbox 404 570 1987 641">
    <p class='ocr_par' dir='ltr' id='par_1_4' title="bbox 404 570 1987 641">
     <span class='ocr_line' id='line_1_4' title="bbox 404 570 1987 641; baseline -0.001 -15"><span class='ocrx_word' id='word_1_13' title='bbox 404 590 518 626; x_wconf 83' lang='lat' dir='ltr'><strong>rem</strong></span> <span class='ocrx_word' id='word_1_14' title='bbox 562 581 766 625; x_wconf 87' lang='lat' dir='ltr'><strong>statuat</strong></span> <span class='ocrx_word' id='word_1_15' title='bbox 797 571 1081 625; x_wconf 78' lang='lat' dir='ltr'><strong>scientiam</strong></span> <span class='ocrx_word' id='word_1_16' title='bbox 1130 570 1307 625; x_wconf 79' lang='lat' dir='ltr'><strong>Patris</strong></span> <span class='ocrx_word' id='word_1_17' title='bbox 1341 589 1354 625; x_wconf 89' lang='lat'>:</span> <span class='ocrx_word' id='word_1_18' title='bbox 1384 571 1515 626; x_wconf 92' lang='lat' dir='ltr'><strong>dum</strong></span> <span class='ocrx_word' id='word_1_19' title='bbox 1551 570 1693 627; x_wconf 88' lang='lat' dir='ltr'><strong>Filio</strong></span> <span class='ocrx_word' id='word_1_20' title='bbox 1726 572 1987 641; x_wconf 91' lang='lat' dir='ltr'><strong>relinqui-</strong></span> 
     </span>
    </p>
   </div>
   <div class='ocr_carea' id='block_1_5' title="bbox 405 664 1983 735">
    <p class='ocr_par' dir='ltr' id='par_1_5' title="bbox 405 664 1983 735">
     <span class='ocr_line' id='line_1_5' title="bbox 405 664 1983 735; baseline 0.001 -19"><span class='ocrx_word' id='word_1_21' title='bbox 405 676 492 717; x_wconf 88' lang='lat' dir='ltr'><strong>tur</strong></span> <span class='ocrx_word' id='word_1_22' title='bbox 536 665 646 725; x_wconf 86' lang='lat' dir='ltr'><strong>illa,</strong></span> <span class='ocrx_word' id='word_1_23' title='bbox 682 679 803 733; x_wconf 68' lang='lat' dir='ltr'><strong>qum</strong></span> <span class='ocrx_word' id='word_1_24' title='bbox 842 665 907 717; x_wconf 85' lang='lat' dir='ltr'><strong>ad</strong></span> <span class='ocrx_word' id='word_1_25' title='bbox 943 665 1027 717; x_wconf 90' lang='lat' dir='ltr'><strong>sui</strong></span> <span class='ocrx_word' id='word_1_26' title='bbox 1059 664 1234 731; x_wconf 83' lang='lat' dir='ltr'><strong>ipsius</strong></span> <span class='ocrx_word' id='word_1_27' title='bbox 1258 664 1532 733; x_wconf 85' lang='lat' dir='ltr'><strong>propriam</strong></span> <span class='ocrx_word' id='word_1_28' title='bbox 1564 670 1675 718; x_wconf 87' lang='lat' dir='ltr'><strong>hon</strong></span> <span class='ocrx_word' id='word_1_29' title='bbox 1702 665 1983 735; x_wconf 84' lang='lat' dir='ltr'><strong>pertingit.</strong></span> 
     </span>
    </p>
   </div>
   <div class='ocr_carea' id='block_1_6' title="bbox 401 754 1984 825">
    <p class='ocr_par' dir='ltr' id='par_1_6' title="bbox 401 754 1984 825">
     <span class='ocr_line' id='line_1_6' title="bbox 401 754 1984 825; baseline 0.003 -16"><span class='ocrx_word' id='word_1_30' title='bbox 401 756 456 809; x_wconf 83' lang='lat' dir='ltr'><strong>Si</strong></span> <span class='ocrx_word' id='word_1_31' title='bbox 508 771 637 825; x_wconf 77' lang='lat' dir='ltr'><strong>ergo</strong></span> <span class='ocrx_word' id='word_1_32' title='bbox 693 755 747 809; x_wconf 91' lang='lat' dir='ltr'><strong>in</strong></span> <span class='ocrx_word' id='word_1_33' title='bbox 803 756 908 809; x_wconf 92' lang='lat' dir='ltr'><strong>hoc</strong></span> <span class='ocrx_word' id='word_1_34' title='bbox 951 754 1134 821; x_wconf 81' lang='lat' dir='ltr'><strong>etlato,</strong></span> <span class='ocrx_word' id='word_1_35' title='bbox 1176 772 1193 806; x_wconf 78' lang='grc' dir='ltr'><strong>ι</strong></span> <span class='ocrx_word' id='word_1_36' title='bbox 1233 755 1405 810; x_wconf 83' lang='lat' dir='ltr'><strong>Nemo</strong></span> <span class='ocrx_word' id='word_1_37' title='bbox 1434 757 1588 810; x_wconf 83' lang='lat' dir='ltr'><strong>novit</strong></span> <span class='ocrx_word' id='word_1_38' title='bbox 1622 755 1844 823; x_wconf 87' lang='lat' dir='ltr'><strong>Filium,</strong></span> <span class='ocrx_word' id='word_1_39' title='bbox 1879 758 1984 813; x_wconf 85' lang='lat' dir='ltr'><strong>nisi</strong></span> 
     </span>
    </p>
   </div>
   <div class='ocr_carea' id='block_1_7' title="bbox 400 847 1985 916">
    <p class='ocr_par' dir='ltr' id='par_1_7' title="bbox 400 847 1985 916">
     <span class='ocr_line' id='line_1_7' title="bbox 400 847 1985 916; baseline 0.003 -17"><span class='ocrx_word' id='word_1_40' title='bbox 400 847 583 913; x_wconf 82' lang='lat' dir='ltr'><strong>Pater,</strong></span> <span class='ocrx_word' id='word_1_41' title='bbox 618 868 635 899; x_wconf 74' lang='grc' dir='ltr'><strong>ι</strong></span> <span class='ocrx_word' id='word_1_42' title='bbox 674 847 873 902; x_wconf 88' lang='lat' dir='ltr'><strong>Filium</strong></span> <span class='ocrx_word' id='word_1_43' title='bbox 928 863 958 901; x_wconf 88' lang='lat' dir='ltr'><strong>a</strong></span> <span class='ocrx_word' id='word_1_44' title='bbox 1009 862 1106 903; x_wconf 87' lang='lat' dir='ltr'><strong>sua</strong></span> <span class='ocrx_word' id='word_1_45' title='bbox 1156 848 1387 903; x_wconf 89' lang='lat' dir='ltr'><strong>scientia</strong></span> <span class='ocrx_word' id='word_1_46' title='bbox 1414 863 1522 904; x_wconf 88' lang='lat' dir='ltr'><strong>non</strong></span> <span class='ocrx_word' id='word_1_47' title='bbox 1545 848 1873 916; x_wconf 84' lang='lat' dir='ltr'><strong>excludunt;</strong></span> <span class='ocrx_word' id='word_1_48' title='bbox 1912 849 1985 903; x_wconf 86' lang='lat' dir='ltr'><strong>ita</strong></span> 
     </span>
    </p>
   </div>
   <div class='ocr_carea' id='block_1_8' title="bbox 402 939 1986 1009">
    <p class='ocr_par' dir='ltr' id='par_1_8' title="bbox 402 939 1986 1009">
     <span class='ocr_line' id='line_1_8' title="bbox 402 939 1986 1009; baseline 0.001 -16"><span class='ocrx_word' id='word_1_49' title='bbox 402 956 502 995; x_wconf 88' lang='lat' dir='ltr'><strong>nec</strong></span> <span class='ocrx_word' id='word_1_50' title='bbox 557 941 608 994; x_wconf 90' lang='lat' dir='ltr'><strong>in</strong></span> <span class='ocrx_word' id='word_1_51' title='bbox 666 940 780 1005; x_wconf 86' lang='lat' dir='ltr'><strong>illo,</strong></span> <span class='ocrx_word' id='word_1_52' title='bbox 817 960 835 991; x_wconf 74' lang='grc' dir='ltr'><strong>ι</strong></span> <span class='ocrx_word' id='word_1_53' title='bbox 878 939 1050 995; x_wconf 91' lang='lat' dir='ltr'><strong>Nemo</strong></span> <span class='ocrx_word' id='word_1_54' title='bbox 1084 940 1236 994; x_wconf 85' lang='lat' dir='ltr'><strong>novit</strong></span> <span class='ocrx_word' id='word_1_55' title='bbox 1268 940 1461 995; x_wconf 90' lang='lat' dir='ltr'><strong>horam</strong></span> <span class='ocrx_word' id='word_1_56' title='bbox 1508 940 1614 997; x_wconf 87' lang='lat' dir='ltr'><strong>nisi</strong></span> <span class='ocrx_word' id='word_1_57' title='bbox 1646 942 1828 1009; x_wconf 89' lang='lat' dir='ltr'><strong>Pater,</strong></span> <span class='ocrx_word' id='word_1_58' title='bbox 1863 960 1881 993; x_wconf 74' lang='grc' dir='ltr'><strong>ι</strong></span> <span class='ocrx_word' id='word_1_59' title='bbox 1917 942 1986 996; x_wconf 86' lang='lat' dir='ltr'><strong>ah</strong></span> 
     </span>
    </p>
   </div>
   <div class='ocr_carea' id='block_1_9' title="bbox 400 1029 1985 1101">
    <p class='ocr_par' dir='ltr' id='par_1_9' title="bbox 400 1029 1985 1101">
     <span class='ocr_line' id='line_1_9' title="bbox 400 1029 1985 1101; baseline 0.002 -16"><span class='ocrx_word' id='word_1_60' title='bbox 400 1032 490 1085; x_wconf 86' lang='lat' dir='ltr'><strong>illa</strong></span> <span class='ocrx_word' id='word_1_61' title='bbox 525 1030 839 1101; x_wconf 83' lang='lat' dir='ltr'><strong>cognitione</strong></span> <span class='ocrx_word' id='word_1_62' title='bbox 861 1031 1147 1087; x_wconf 81' lang='lat' dir='ltr'><strong>excludent</strong></span> <span class='ocrx_word' id='word_1_63' title='bbox 1178 1029 1378 1086; x_wconf 85' lang='lat' dir='ltr'><strong>Filium</strong></span> <span class='ocrx_word' id='word_1_64' title='bbox 1409 1050 1424 1088; x_wconf 93' lang='lat'>:</span> <span class='ocrx_word' id='word_1_65' title='bbox 1453 1033 1536 1087; x_wconf 89' lang='lat' dir='ltr'><strong>sin</strong></span> <span class='ocrx_word' id='word_1_66' title='bbox 1573 1033 1641 1088; x_wconf 89' lang='lat' dir='ltr'><strong>ab</strong></span> <span class='ocrx_word' id='word_1_67' title='bbox 1671 1033 1775 1088; x_wconf 87' lang='lat' dir='ltr'><strong>hac</strong></span> <span class='ocrx_word' id='word_1_68' title='bbox 1804 1034 1985 1088; x_wconf 90' lang='lat' dir='ltr'><strong>elimi-</strong></span> 
     </span>
    </p>
   </div>
   <div class='ocr_carea' id='block_1_10' title="bbox 399 1124 1987 1197">
    <p class='ocr_par' dir='ltr' id='par_1_10' title="bbox 399 1124 1987 1197">
     <span class='ocr_line' id='line_1_10' title="bbox 399 1124 1987 1197; baseline 0.003 -19"><span class='ocrx_word' id='word_1_69' title='bbox 399 1134 549 1188; x_wconf 83' lang='lat' dir='ltr'><strong>nent,</strong></span> <span class='ocrx_word' id='word_1_70' title='bbox 584 1125 696 1195; x_wconf 82' lang='lat' dir='ltr'><strong>jam</strong></span> <span class='ocrx_word' id='word_1_71' title='bbox 733 1124 883 1196; x_wconf 90' lang='lat' dir='ltr'><strong>prius</strong></span> <span class='ocrx_word' id='word_1_72' title='bbox 916 1126 985 1179; x_wconf 88' lang='lat' dir='ltr'><strong>ab</strong></span> <span class='ocrx_word' id='word_1_73' title='bbox 1018 1124 1106 1179; x_wconf 84' lang='lat' dir='ltr'><strong>illa</strong></span> <span class='ocrx_word' id='word_1_74' title='bbox 1136 1125 1514 1190; x_wconf 84' lang='lat' dir='ltr'><strong>excluserunt,</strong></span> <span class='ocrx_word' id='word_1_75' title='bbox 1547 1136 1829 1197; x_wconf 81' lang='lat' dir='ltr'><strong>utcunque</strong></span> <span class='ocrx_word' id='word_1_76' title='bbox 1873 1142 1987 1183; x_wconf 72' lang='lat' dir='ltr'><strong>suae</strong></span> 
     </span>
    </p>
   </div>
   <div class='ocr_carea' id='block_1_11' title="bbox 398 1217 1987 1287">
    <p class='ocr_par' dir='ltr' id='par_1_11' title="bbox 398 1217 1987 1287">
     <span class='ocr_line' id='line_1_11' title="bbox 398 1217 1987 1287; baseline 0.003 -17"><span class='ocrx_word' id='word_1_77' title='bbox 398 1217 581 1287; x_wconf 72' lang='lat' dir='ltr'><strong>impia:</strong></span> <span class='ocrx_word' id='word_1_78' title='bbox 625 1218 912 1272; x_wconf 67' lang='lat' dir='ltr'><strong>sententiae</strong></span> <span class='ocrx_word' id='word_1_79' title='bbox 953 1217 1227 1277; x_wconf 85' lang='lat' dir='ltr'><strong>labiorum</strong></span> <span class='ocrx_word' id='word_1_80' title='bbox 1272 1218 1577 1273; x_wconf 89' lang='lat' dir='ltr'><strong>ministeria</strong></span> <span class='ocrx_word' id='word_1_81' title='bbox 1614 1234 1724 1273; x_wconf 90' lang='lat' dir='ltr'><strong>non</strong></span> <span class='ocrx_word' id='word_1_82' title='bbox 1766 1234 1987 1274; x_wconf 85' lang='lat' dir='ltr'><strong>accom-</strong></span> 
     </span>
    </p>
   </div>
   <div class='ocr_carea' id='block_1_12' title="bbox 399 1308 1985 1382">
    <p class='ocr_par' dir='ltr' id='par_1_12' title="bbox 399 1308 1985 1382">
     <span class='ocr_line' id='line_1_12' title="bbox 399 1308 1985 1382; baseline 0.004 -20"><span class='ocrx_word' id='word_1_83' title='bbox 399 1311 734 1364; x_wconf 87' lang='lat' dir='ltr'><strong>modaruut:</strong></span> <span class='ocrx_word' id='word_1_84' title='bbox 767 1308 941 1379; x_wconf 78' lang='lat' dir='ltr'><strong>ﬁgura</strong></span> <span class='ocrx_word' id='word_1_85' title='bbox 976 1310 1268 1377; x_wconf 84' lang='lat' dir='ltr'><strong>orationis,</strong></span> <span class='ocrx_word' id='word_1_86' title='bbox 1307 1311 1455 1366; x_wconf 90' lang='lat' dir='ltr'><strong>unde</strong></span> <span class='ocrx_word' id='word_1_87' title='bbox 1488 1310 1760 1382; x_wconf 90' lang='lat' dir='ltr'><strong>imprimis</strong></span> <span class='ocrx_word' id='word_1_88' title='bbox 1791 1327 1985 1368; x_wconf 89' lang='lat' dir='ltr'><strong>errore</strong></span> 
     </span>
    </p>
   </div>
   <div class='ocr_carea' id='block_1_13' title="bbox 400 1400 1987 1473">
    <p class='ocr_par' dir='ltr' id='par_1_13' title="bbox 400 1400 1987 1473">
     <span class='ocr_line' id='line_1_13' title="bbox 400 1400 1987 1473; baseline 0.004 -20"><span class='ocrx_word' id='word_1_89' title='bbox 400 1415 457 1453; x_wconf 89' lang='lat' dir='ltr'><strong>se</strong></span> <span class='ocrx_word' id='word_1_90' title='bbox 477 1400 888 1469; x_wconf 86' lang='lat' dir='ltr'><strong>implicueruut,</strong></span> <span class='ocrx_word' id='word_1_91' title='bbox 925 1408 978 1454; x_wconf 90' lang='lat' dir='ltr'><strong>et</strong></span> <span class='ocrx_word' id='word_1_92' title='bbox 998 1416 1151 1471; x_wconf 90' lang='lat' dir='ltr'><strong>spem</strong></span> <span class='ocrx_word' id='word_1_93' title='bbox 1177 1401 1599 1471; x_wconf 89' lang='lat' dir='ltr'><strong>blasphemandi</strong></span> <span class='ocrx_word' id='word_1_94' title='bbox 1629 1403 1987 1473; x_wconf 89' lang='lat' dir='ltr'><strong>arripuerunt</strong></span> 
     </span>
    </p>
   </div>
   <div class='ocr_carea' id='block_1_14' title="bbox 397 1491 1986 1566">
    <p class='ocr_par' dir='ltr' id='par_1_14' title="bbox 397 1491 1986 1566">
     <span class='ocr_line' id='line_1_14' title="bbox 397 1491 1986 1566; baseline 0.005 -22"><span class='ocrx_word' id='word_1_95' title='bbox 397 1491 673 1545; x_wconf 86' lang='lat' dir='ltr'><strong>simillima</strong></span> <span class='ocrx_word' id='word_1_96' title='bbox 702 1503 818 1557; x_wconf 85' lang='lat' dir='ltr'><strong>est;</strong></span> <span class='ocrx_word' id='word_1_97' title='bbox 852 1501 907 1547; x_wconf 92' lang='lat' dir='ltr'><strong>et</strong></span> <span class='ocrx_word' id='word_1_98' title='bbox 933 1492 1055 1547; x_wconf 87' lang='lat' dir='ltr'><strong>Filii</strong></span> <span class='ocrx_word' id='word_1_99' title='bbox 1086 1495 1394 1561; x_wconf 75' lang='lat' dir='ltr'><strong>scientiam,</strong></span> <span class='ocrx_word' id='word_1_100' title='bbox 1420 1510 1489 1550; x_wconf 91' lang='lat' dir='ltr'><strong>ne</strong></span> <span class='ocrx_word' id='word_1_101' title='bbox 1519 1496 1564 1550; x_wconf 89' lang='lat' dir='ltr'><strong>si</strong></span> <span class='ocrx_word' id='word_1_102' title='bbox 1597 1496 1773 1566; x_wconf 82' lang='lat' dir='ltr'><strong>magis</strong></span> <span class='ocrx_word' id='word_1_103' title='bbox 1805 1496 1986 1552; x_wconf 90' lang='lat' dir='ltr'><strong>adhuc</strong></span> 
     </span>
    </p>
   </div>
   <div class='ocr_carea' id='block_1_15' title="bbox 396 1583 1984 1658">
    <p class='ocr_par' dir='ltr' id='par_1_15' title="bbox 396 1583 1984 1658">
     <span class='ocr_line' id='line_1_15' title="bbox 396 1583 1984 1658; baseline 0.003 -22"><span class='ocrx_word' id='word_1_104' title='bbox 396 1584 638 1638; x_wconf 84' lang='lat' dir='ltr'><strong>insanire</strong></span> <span class='ocrx_word' id='word_1_105' title='bbox 685 1583 872 1650; x_wconf 85' lang='lat' dir='ltr'><strong>velint,</strong></span> <span class='ocrx_word' id='word_1_106' title='bbox 906 1600 1013 1639; x_wconf 90' lang='lat' dir='ltr'><strong>non</strong></span> <span class='ocrx_word' id='word_1_107' title='bbox 1048 1586 1463 1651; x_wconf 86' lang='lat' dir='ltr'><strong>inﬁciabuntur,</strong></span> <span class='ocrx_word' id='word_1_108' title='bbox 1507 1588 1650 1643; x_wconf 89' lang='lat' dir='ltr'><strong>ultra</strong></span> <span class='ocrx_word' id='word_1_109' title='bbox 1700 1588 1984 1658; x_wconf 82' lang='lat' dir='ltr'><strong>cognitio-</strong></span> 
     </span>
    </p>
   </div>
   <div class='ocr_carea' id='block_1_16' title="bbox 1574 268 2513 335">
    <p class='ocr_par' dir='ltr' id='par_1_16' title="bbox 1574 268 2513 335">
     <span class='ocr_line' id='line_1_16' title="bbox 1574 268 2513 335; baseline 0.001 -2"><span class='ocrx_word' id='word_1_110' title='bbox 1574 272 1839 333; x_wconf 82' lang='grc' dir='ltr'><strong>ῘἮΟΤΙΙ</strong></span> <span class='ocrx_word' id='word_1_111' title='bbox 1871 268 2377 335; x_wconf 67' lang='grc' dir='ltr'><strong>ΡΑΤΒΙΑΒΕΗᾹΞ</strong></span> <span class='ocrx_word' id='word_1_112' title='bbox 2402 272 2513 334; x_wconf 86' lang='lat' dir='ltr'><strong>CP.</strong></span> 
     </span>
    </p>
   </div>
   <div class='ocr_carea' id='block_1_17' title="bbox 856 385 1983 458">
    <p class='ocr_par' dir='ltr' id='par_1_17' title="bbox 856 386 1983 456">
     <span class='ocr_line' id='line_1_17' title="bbox 856 386 1983 456; baseline 0.002 -19"><span class='ocrx_word' id='word_1_113' title='bbox 856 406 873 437; x_wconf 76' lang='grc' dir='ltr'><strong>ι</strong></span> <span class='ocrx_word' id='word_1_114' title='bbox 934 400 1031 440; x_wconf 86' lang='lat' dir='ltr'><strong>nec</strong></span> <span class='ocrx_word' id='word_1_115' title='bbox 1101 387 1441 441; x_wconf 84' lang='lat' dir='ltr'><strong>contradicct</strong></span> <span class='ocrx_word' id='word_1_116' title='bbox 1501 387 1738 456; x_wconf 81' lang='lat' dir='ltr'><strong>aliquis,</strong></span> <span class='ocrx_word' id='word_1_117' title='bbox 1798 386 1983 441; x_wconf 75' lang='lat' dir='ltr'><strong>Filium</strong></span> 
     </span>
    </p>
   </div>
   <div class='ocr_carea' id='block_1_18' title="bbox 2087 385 3675 458">
    <p class='ocr_par' dir='ltr' id='par_1_18' title="bbox 2098 385 3675 458">
     <span class='ocr_line' id='line_1_18' title="bbox 2098 385 3675 458; baseline 0.001 -19"><span class='ocrx_word' id='word_1_118' title='bbox 2098 387 2299 444; x_wconf 76' lang='grc' dir='ltr'>ειδέναι</span> <span class='ocrx_word' id='word_1_119' title='bbox 2323 387 2417 441; x_wconf 78' lang='grc' dir='ltr'>καὶ</span> <span class='ocrx_word' id='word_1_120' title='bbox 2454 385 2830 457; x_wconf 73' lang='grc' dir='ltr'>φοϐερώτερον</span> <span class='ocrx_word' id='word_1_121' title='bbox 2859 386 2939 450; x_wconf 85' lang='grc' dir='ltr'><strong>είς</strong></span> <span class='ocrx_word' id='word_1_122' title='bbox 2974 385 3133 458; x_wconf 74' lang='grc' dir='ltr'>ὕϐριν</span> <span class='ocrx_word' id='word_1_123' title='bbox 3182 386 3277 440; x_wconf 74' lang='grc' dir='ltr'>τοῦ</span> <span class='ocrx_word' id='word_1_124' title='bbox 3332 387 3588 458; x_wconf 79' lang='grc' dir='ltr'><strong>δευτέρου</strong></span> <span class='ocrx_word' id='word_1_125' title='bbox 3617 389 3675 441; x_wconf 82' lang='grc' dir='ltr'>τὸ</span> 
     </span>
    </p>
   </div>
   <div class='ocr_carea' id='block_1_19' title="bbox 3569 276 3677 339">
    <p class='ocr_par' dir='ltr' id='par_1_19' title="bbox 3569 276 3677 339">
     <span class='ocr_line' id='line_1_19' title="bbox 3569 276 3677 339; baseline 0.009 -1"><span class='ocrx_word' id='word_1_126' title='bbox 3569 276 3677 339; x_wconf 73' lang='lat'><strong>680</strong></span> 
     </span>
    </p>
   </div>
   <div class='ocr_carea' id='block_1_20' title="bbox 2096 479 3675 550">
    <p class='ocr_par' dir='ltr' id='par_1_20' title="bbox 2096 479 3675 550">
     <span class='ocr_line' id='line_1_20' title="bbox 2096 479 3675 550; baseline -0.001 -18"><span class='ocrx_word' id='word_1_127' title='bbox 2096 480 2359 549; x_wconf 85' lang='grc' dir='ltr'>πρότερον</span> <span class='ocrx_word' id='word_1_128' title='bbox 2391 498 2405 546; x_wconf 86' lang='grc'><strong>;</strong></span> <span class='ocrx_word' id='word_1_129' title='bbox 2437 480 2500 532; x_wconf 82' lang='lat' dir='ltr'><strong>Ei</strong></span> <span class='ocrx_word' id='word_1_130' title='bbox 2528 479 2574 532; x_wconf 84' lang='grc' dir='ltr'>δ’</span> <span class='ocrx_word' id='word_1_131' title='bbox 2602 482 2779 533; x_wconf 76' lang='grc' dir='ltr'>ἐκεῖνο</span> <span class='ocrx_word' id='word_1_132' title='bbox 2811 480 3006 550; x_wconf 88' lang='grc' dir='ltr'>μανίας</span> <span class='ocrx_word' id='word_1_133' title='bbox 3036 479 3131 531; x_wconf 75' lang='grc' dir='ltr'>καὶ</span> <span class='ocrx_word' id='word_1_134' title='bbox 3159 479 3482 542; x_wconf 75' lang='grc' dir='ltr'>δυσσεϐείας</span> <span class='ocrx_word' id='word_1_135' title='bbox 3504 479 3675 531; x_wconf 78' lang='grc' dir='ltr'>οὐδενὶ</span> 
     </span>
    </p>
   </div>
   <div class='ocr_carea' id='block_1_21' title="bbox 2091 571 3673 642">
    <p class='ocr_par' dir='ltr' id='par_1_21' title="bbox 2091 571 3673 642">
     <span class='ocr_line' id='line_1_21' title="bbox 2091 571 3673 642; baseline 0 -19"><span class='ocrx_word' id='word_1_136' title='bbox 2091 571 2412 625; x_wconf 79' lang='grc' dir='ltr'>καταλείπει</span> <span class='ocrx_word' id='word_1_137' title='bbox 2441 571 2768 642; x_wconf 78' lang='grc' dir='ltr'>ὑπερϐολὴν,</span> <span class='ocrx_word' id='word_1_138' title='bbox 2799 571 2853 623; x_wconf 83' lang='grc' dir='ltr'><strong>τί</strong></span> <span class='ocrx_word' id='word_1_139' title='bbox 2882 572 2948 626; x_wconf 79' lang='grc' dir='ltr'>ἄν</span> <span class='ocrx_word' id='word_1_140' title='bbox 2981 588 3065 632; x_wconf 86' lang='grc' dir='ltr'><strong>τις</strong></span> <span class='ocrx_word' id='word_1_141' title='bbox 3109 573 3224 642; x_wconf 85' lang='grc' dir='ltr'>ὲρεῖ</span> <span class='ocrx_word' id='word_1_142' title='bbox 3255 572 3382 642; x_wconf 55' lang='grc' dir='ltr'>περλ</span> <span class='ocrx_word' id='word_1_143' title='bbox 3447 571 3673 637; x_wconf 88' lang='grc' dir='ltr'>τούτου;</span> 
     </span>
    </p>
   </div>
   <div class='ocr_carea' id='block_1_22' title="bbox 2091 661 3673 736">
    <p class='ocr_par' dir='ltr' id='par_1_22' title="bbox 2091 661 3673 736">
     <span class='ocr_line' id='line_1_22' title="bbox 2091 661 3673 736; baseline -0.001 -16"><span class='ocrx_word' id='word_1_144' title='bbox 2091 665 2261 720; x_wconf 82' lang='grc' dir='ltr'>Πάλιν</span> <span class='ocrx_word' id='word_1_145' title='bbox 2288 665 2475 736; x_wconf 80' lang='grc' dir='ltr'>φησὶν,</span> <span class='ocrx_word' id='word_1_146' title='bbox 2502 681 2521 716; x_wconf 78' lang='grc' dir='ltr'><strong>ι</strong></span> <span class='ocrx_word' id='word_1_147' title='bbox 2548 664 2736 729; x_wconf 74' lang='grc' dir='ltr'>Οὐδεὶς</span> <span class='ocrx_word' id='word_1_148' title='bbox 2761 661 2869 719; x_wconf 76' lang='grc' dir='ltr'>οἶδε</span> <span class='ocrx_word' id='word_1_149' title='bbox 2891 666 2983 718; x_wconf 80' lang='grc' dir='ltr'>τὸν</span> <span class='ocrx_word' id='word_1_150' title='bbox 3020 665 3147 718; x_wconf 79' lang='grc' dir='ltr'>Υἱὸν</span> <span class='ocrx_word' id='word_1_151' title='bbox 3178 666 3227 717; x_wconf 88' lang='grc' dir='ltr'><strong>εί</strong></span> <span class='ocrx_word' id='word_1_152' title='bbox 3254 665 3329 736; x_wconf 81' lang='grc' dir='ltr'>μὴ</span> <span class='ocrx_word' id='word_1_153' title='bbox 3348 665 3587 736; x_wconf 79' lang='grc' dir='ltr'>ὁΠατήρ</span> <span class='ocrx_word' id='word_1_154' title='bbox 3610 680 3625 696; x_wconf 74' lang='grc' dir='ltr'><strong>ο</strong></span> <span class='ocrx_word' id='word_1_155' title='bbox 3651 683 3673 718; x_wconf 73' lang='grc' dir='ltr'><strong>ι</strong></span> 
     </span>
    </p>
   </div>
   <div class='ocr_carea' id='block_1_23' title="bbox 2091 752 3677 827">
    <p class='ocr_par' dir='ltr' id='par_1_23' title="bbox 2091 752 3677 827">
     <span class='ocr_line' id='line_1_23' title="bbox 2091 752 3677 827; baseline 0.001 -18"><span class='ocrx_word' id='word_1_156' title='bbox 2091 758 2185 810; x_wconf 74' lang='grc' dir='ltr'>καὶ</span> <span class='ocrx_word' id='word_1_157' title='bbox 2222 758 2323 810; x_wconf 89' lang='grc' dir='ltr'><strong>οὐκ</strong></span> <span class='ocrx_word' id='word_1_158' title='bbox 2365 752 2431 810; x_wconf 81' lang='grc' dir='ltr'>ἄν</span> <span class='ocrx_word' id='word_1_159' title='bbox 2457 774 2545 819; x_wconf 91' lang='grc' dir='ltr'><strong>τις</strong></span> <span class='ocrx_word' id='word_1_160' title='bbox 2598 757 2789 809; x_wconf 78' lang='grc' dir='ltr'>ἑαυτὸν</span> <span class='ocrx_word' id='word_1_161' title='bbox 2839 758 3058 826; x_wconf 76' lang='grc' dir='ltr'>ἀγνοεῖν</span> <span class='ocrx_word' id='word_1_162' title='bbox 3101 758 3535 827; x_wconf 72' lang='grc' dir='ltr'><strong>καταψηφιεῖται</strong></span> <span class='ocrx_word' id='word_1_163' title='bbox 3586 759 3677 811; x_wconf 68' lang='grc' dir='ltr'><strong>τὸν</strong></span> 
     </span>
    </p>
   </div>
   <div class='ocr_carea' id='block_1_24' title="bbox 2092 848 3672 921">
    <p class='ocr_par' dir='ltr' id='par_1_24' title="bbox 2092 848 3672 921">
     <span class='ocr_line' id='line_1_24' title="bbox 2092 848 3672 921; baseline 0.001 -20"><span class='ocrx_word' id='word_1_164' title='bbox 2092 849 2240 915; x_wconf 75' lang='grc' dir='ltr'>Υῖὸν,</span> <span class='ocrx_word' id='word_1_165' title='bbox 2271 851 2321 902; x_wconf 81' lang='grc' dir='ltr'><strong>εί</strong></span> <span class='ocrx_word' id='word_1_166' title='bbox 2355 849 2429 920; x_wconf 83' lang='grc' dir='ltr'>μὴ</span> <span class='ocrx_word' id='word_1_167' title='bbox 2461 848 2601 921; x_wconf 85' lang='grc' dir='ltr'>μετὰ</span> <span class='ocrx_word' id='word_1_168' title='bbox 2631 850 2729 921; x_wconf 74' lang='grc' dir='ltr'>τῆς</span> <span class='ocrx_word' id='word_1_169' title='bbox 2750 850 2920 921; x_wconf 78' lang='grc' dir='ltr'>ἄλλης</span> <span class='ocrx_word' id='word_1_170' title='bbox 2970 849 3225 913; x_wconf 77' lang='grc' dir='ltr'><strong>ἀτοπίας,</strong></span> <span class='ocrx_word' id='word_1_171' title='bbox 3262 850 3526 903; x_wconf 69' lang='grc' dir='ltr'>ἐλάττονα</span> <span class='ocrx_word' id='word_1_172' title='bbox 3555 850 3672 920; x_wconf 85' lang='grc' dir='ltr'>θείη</span> 
     </span>
    </p>
   </div>
   <div class='ocr_carea' id='block_1_25' title="bbox 2088 942 3679 1015">
    <p class='ocr_par' dir='ltr' id='par_1_25' title="bbox 2088 942 3679 1015">
     <span class='ocr_line' id='line_1_25' title="bbox 2088 942 3679 1015; baseline 0 -20"><span class='ocrx_word' id='word_1_173' title='bbox 2088 943 2181 995; x_wconf 71' lang='grc' dir='ltr'>καὶ</span> <span class='ocrx_word' id='word_1_174' title='bbox 2203 943 2303 1011; x_wconf 82' lang='grc' dir='ltr'>τὴν</span> <span class='ocrx_word' id='word_1_175' title='bbox 2344 943 2546 1010; x_wconf 83' lang='grc' dir='ltr'>γνῶσιν</span> <span class='ocrx_word' id='word_1_176' title='bbox 2590 944 2689 1012; x_wconf 81' lang='grc' dir='ltr'>τὴν</span> <span class='ocrx_word' id='word_1_177' title='bbox 2722 943 2854 1013; x_wconf 75' lang='grc' dir='ltr'>περὶ</span> <span class='ocrx_word' id='word_1_178' title='bbox 2908 942 3006 996; x_wconf 80' lang='grc' dir='ltr'>τοῦ</span> <span class='ocrx_word' id='word_1_179' title='bbox 3060 943 3276 1015; x_wconf 78' lang='grc' dir='ltr'>Πατρός</span> <span class='ocrx_word' id='word_1_180' title='bbox 3306 960 3324 975; x_wconf 75' lang='grc' dir='ltr'><strong>ο</strong></span> <span class='ocrx_word' id='word_1_181' title='bbox 3381 942 3498 1011; x_wconf 79' lang='grc' dir='ltr'>εῖγε</span> <span class='ocrx_word' id='word_1_182' title='bbox 3539 942 3679 1013; x_wconf 79' lang='grc' dir='ltr'>αὕτη</span> 
     </span>
    </p>
   </div>
   <div class='ocr_carea' id='block_1_26' title="bbox 2092 1032 3677 1106">
    <p class='ocr_par' dir='ltr' id='par_1_26' title="bbox 2092 1032 3677 1106">
     <span class='ocr_line' id='line_1_26' title="bbox 2092 1032 3677 1106; baseline 0.001 -19"><span class='ocrx_word' id='word_1_183' title='bbox 2092 1035 2190 1103; x_wconf 84' lang='grc' dir='ltr'>μὲν</span> <span class='ocrx_word' id='word_1_184' title='bbox 2217 1034 2295 1105; x_wconf 82' lang='grc' dir='ltr'>τῷ</span> <span class='ocrx_word' id='word_1_185' title='bbox 2329 1034 2443 1105; x_wconf 81' lang='grc' dir='ltr'>Υἱῷ</span> <span class='ocrx_word' id='word_1_186' title='bbox 2477 1034 2860 1105; x_wconf 81' lang='grc' dir='ltr'><strong>κατείληπται,</strong></span> <span class='ocrx_word' id='word_1_187' title='bbox 2890 1035 2989 1106; x_wconf 81' lang='grc' dir='ltr'>τῆς</span> <span class='ocrx_word' id='word_1_188' title='bbox 3018 1034 3076 1087; x_wconf 76' lang='grc' dir='ltr'>δὲ</span> <span class='ocrx_word' id='word_1_189' title='bbox 3102 1032 3238 1097; x_wconf 78' lang='grc' dir='ltr'>ἰδίας</span> <span class='ocrx_word' id='word_1_190' title='bbox 3262 1033 3419 1088; x_wconf 80' lang='grc' dir='ltr'>οὐπω</span> <span class='ocrx_word' id='word_1_191' title='bbox 3435 1034 3677 1103; x_wconf 70' lang='grc' dir='ltr'>ἐφίκετο.</span> 
     </span>
    </p>
   </div>
   <div class='ocr_carea' id='block_1_27' title="bbox 2089 1121 3684 1196">
    <p class='ocr_par' dir='ltr' id='par_1_27' title="bbox 2089 1121 3684 1196">
     <span class='ocr_line' id='line_1_27' title="bbox 2089 1121 3684 1196; baseline -0.001 -17"><span class='ocrx_word' id='word_1_192' title='bbox 2089 1127 2151 1179; x_wconf 76' lang='lat' dir='ltr'><strong>Et</strong></span> <span class='ocrx_word' id='word_1_193' title='bbox 2210 1127 2393 1180; x_wconf 83' lang='grc' dir='ltr'>τοίνυν</span> <span class='ocrx_word' id='word_1_194' title='bbox 2437 1128 2496 1180; x_wconf 79' lang='grc' dir='ltr'>ἐν</span> <span class='ocrx_word' id='word_1_195' title='bbox 2532 1125 2630 1196; x_wconf 80' lang='grc' dir='ltr'>τῷ,</span> <span class='ocrx_word' id='word_1_196' title='bbox 2674 1144 2694 1179; x_wconf 75' lang='grc' dir='ltr'><strong>ι</strong></span> <span class='ocrx_word' id='word_1_197' title='bbox 2742 1125 2932 1190; x_wconf 78' lang='grc' dir='ltr'>Οὐδεὶς</span> <span class='ocrx_word' id='word_1_198' title='bbox 2993 1121 3104 1180; x_wconf 78' lang='grc' dir='ltr'>οἶδε</span> <span class='ocrx_word' id='word_1_199' title='bbox 3149 1125 3242 1179; x_wconf 82' lang='grc' dir='ltr'>τὸν</span> <span class='ocrx_word' id='word_1_200' title='bbox 3272 1126 3404 1179; x_wconf 80' lang='grc' dir='ltr'>Υίὺν</span> <span class='ocrx_word' id='word_1_201' title='bbox 3450 1127 3500 1179; x_wconf 80' lang='grc' dir='ltr'><strong>εί</strong></span> <span class='ocrx_word' id='word_1_202' title='bbox 3530 1125 3605 1196; x_wconf 78' lang='grc' dir='ltr'>μὴ</span> <span class='ocrx_word' id='word_1_203' title='bbox 3650 1126 3684 1178; x_wconf 82' lang='grc' dir='ltr'><strong>ό</strong></span> 
     </span>
    </p>
   </div>
   <div class='ocr_carea' id='block_1_28' title="bbox 2091 1215 3680 1290">
    <p class='ocr_par' dir='ltr' id='par_1_28' title="bbox 2091 1215 3680 1290">
     <span class='ocr_line' id='line_1_28' title="bbox 2091 1215 3680 1290; baseline 0 -19"><span class='ocrx_word' id='word_1_204' title='bbox 2091 1219 2300 1288; x_wconf 81' lang='grc' dir='ltr'>Πατὴρ,</span> <span class='ocrx_word' id='word_1_205' title='bbox 2332 1238 2351 1273; x_wconf 74' lang='grc' dir='ltr'><strong>ι</strong></span> <span class='ocrx_word' id='word_1_206' title='bbox 2378 1219 2632 1289; x_wconf 85' lang='grc' dir='ltr'>οὐδαμῶς</span> <span class='ocrx_word' id='word_1_207' title='bbox 2653 1220 2753 1290; x_wconf 82' lang='grc' dir='ltr'>τῆς</span> <span class='ocrx_word' id='word_1_208' title='bbox 2779 1219 2904 1290; x_wconf 72' lang='grc' dir='ltr'>περὶ</span> <span class='ocrx_word' id='word_1_209' title='bbox 2935 1218 3097 1272; x_wconf 81' lang='grc' dir='ltr'>αὐτὸν</span> <span class='ocrx_word' id='word_1_210' title='bbox 3129 1218 3389 1288; x_wconf 78' lang='grc' dir='ltr'>είδήσεως</span> <span class='ocrx_word' id='word_1_211' title='bbox 3414 1215 3680 1285; x_wconf 79' lang='grc' dir='ltr'>ὲξωθοῦσι</span> 
     </span>
    </p>
   </div>
   <div class='ocr_carea' id='block_1_29' title="bbox 2087 1306 3680 1383">
    <p class='ocr_par' dir='ltr' id='par_1_29' title="bbox 2087 1306 3680 1383">
     <span class='ocr_line' id='line_1_29' title="bbox 2087 1306 3680 1383; baseline -0.002 -19"><span class='ocrx_word' id='word_1_212' title='bbox 2087 1313 2177 1365; x_wconf 80' lang='grc' dir='ltr'>τὸν</span> <span class='ocrx_word' id='word_1_213' title='bbox 2201 1306 2331 1365; x_wconf 83' lang='grc' dir='ltr'>Υίόν</span> <span class='ocrx_word' id='word_1_214' title='bbox 2372 1329 2387 1344; x_wconf 82' lang='grc'><em>’</em></span> <span class='ocrx_word' id='word_1_215' title='bbox 2411 1312 2518 1366; x_wconf 87' lang='grc' dir='ltr'>οὐδ’</span> <span class='ocrx_word' id='word_1_216' title='bbox 2552 1314 2611 1365; x_wconf 81' lang='grc' dir='ltr'>ὲν</span> <span class='ocrx_word' id='word_1_217' title='bbox 2639 1312 2740 1383; x_wconf 85' lang='grc' dir='ltr'>τῷ,</span> <span class='ocrx_word' id='word_1_218' title='bbox 2775 1330 2793 1363; x_wconf 76' lang='grc' dir='ltr'><strong>ι</strong></span> <span class='ocrx_word' id='word_1_219' title='bbox 2829 1311 3022 1375; x_wconf 75' lang='grc' dir='ltr'>Οὐδεὶς</span> <span class='ocrx_word' id='word_1_220' title='bbox 3052 1306 3163 1365; x_wconf 74' lang='grc' dir='ltr'>οἶδε</span> <span class='ocrx_word' id='word_1_221' title='bbox 3192 1310 3294 1382; x_wconf 76' lang='grc' dir='ltr'>τὴν</span> <span class='ocrx_word' id='word_1_222' title='bbox 3323 1310 3497 1379; x_wconf 74' lang='grc' dir='ltr'>ὥραν,</span> <span class='ocrx_word' id='word_1_223' title='bbox 3528 1312 3579 1362; x_wconf 79' lang='grc' dir='ltr'><strong>ει</strong></span> <span class='ocrx_word' id='word_1_224' title='bbox 3603 1310 3680 1380; x_wconf 79' lang='grc' dir='ltr'>μὴ</span> 
     </span>
    </p>
   </div>
   <div class='ocr_carea' id='block_1_30' title="bbox 2088 1401 3681 1477">
    <p class='ocr_par' dir='ltr' id='par_1_30' title="bbox 2088 1401 3681 1477">
     <span class='ocr_line' id='line_1_30' title="bbox 2088 1401 3681 1477; baseline -0.001 -21"><span class='ocrx_word' id='word_1_225' title='bbox 2088 1406 2117 1456; x_wconf 86' lang='grc' dir='ltr'>ὁ</span> <span class='ocrx_word' id='word_1_226' title='bbox 2141 1404 2357 1477; x_wconf 77' lang='grc' dir='ltr'>Πατὴρ,</span> <span class='ocrx_word' id='word_1_227' title='bbox 2385 1424 2404 1458; x_wconf 76' lang='grc' dir='ltr'><strong>ι</strong></span> <span class='ocrx_word' id='word_1_228' title='bbox 2434 1406 2534 1475; x_wconf 78' lang='grc' dir='ltr'>τῆς</span> <span class='ocrx_word' id='word_1_229' title='bbox 2560 1404 2689 1476; x_wconf 77' lang='grc' dir='ltr'>περὶ</span> <span class='ocrx_word' id='word_1_230' title='bbox 2712 1404 2805 1458; x_wconf 77' lang='grc' dir='ltr'>τὸν</span> <span class='ocrx_word' id='word_1_231' title='bbox 2836 1403 3030 1474; x_wconf 77' lang='grc' dir='ltr'>καιρὸν</span> <span class='ocrx_word' id='word_1_232' title='bbox 3072 1404 3280 1457; x_wconf 72' lang='grc' dir='ltr'>ὶκεῖνον</span> <span class='ocrx_word' id='word_1_233' title='bbox 3311 1401 3681 1473; x_wconf 71' lang='grc' dir='ltr'>προγνώσεως</span> 
     </span>
    </p>
   </div>
   <div class='ocr_carea' id='block_1_31' title="bbox 2090 1495 3685 1569">
    <p class='ocr_par' dir='ltr' id='par_1_31' title="bbox 2090 1495 3685 1569">
     <span class='ocr_line' id='line_1_31' title="bbox 2090 1495 3685 1569; baseline -0.004 -18"><span class='ocrx_word' id='word_1_234' title='bbox 2090 1497 2447 1569; x_wconf 77' lang='grc' dir='ltr'>ὲξωθήσουσι.</span> <span class='ocrx_word' id='word_1_235' title='bbox 2482 1501 2544 1552; x_wconf 77' lang='lat' dir='ltr'><strong>Et</strong></span> <span class='ocrx_word' id='word_1_236' title='bbox 2583 1499 2642 1553; x_wconf 82' lang='grc' dir='ltr'>δὲ</span> <span class='ocrx_word' id='word_1_237' title='bbox 2683 1498 2890 1567; x_wconf 78' lang='grc' dir='ltr'><strong>ταύτης</strong></span> <span class='ocrx_word' id='word_1_238' title='bbox 2936 1495 3243 1563; x_wconf 65' lang='grc' dir='ltr'>ἐλαύνουσι,</span> <span class='ocrx_word' id='word_1_239' title='bbox 3278 1496 3685 1567; x_wconf 76' lang='grc' dir='ltr'>προαπὴλασαν</span> 
     </span>
    </p>
   </div>
   <div class='ocr_carea' id='block_1_32' title="bbox 2088 1588 3685 1663">
    <p class='ocr_par' dir='ltr' id='par_1_32' title="bbox 2088 1588 3685 1663">
     <span class='ocr_line' id='line_1_32' title="bbox 2088 1588 3685 1663; baseline 0 -21"><span class='ocrx_word' id='word_1_240' title='bbox 2088 1591 2372 1661; x_wconf 74' lang='grc' dir='ltr'>κάκείνης,</span> <span class='ocrx_word' id='word_1_241' title='bbox 2404 1590 2508 1645; x_wconf 78' lang='grc' dir='ltr'>κᾶν</span> <span class='ocrx_word' id='word_1_242' title='bbox 2542 1591 2697 1645; x_wconf 76' lang='grc' dir='ltr'>οὔπω</span> <span class='ocrx_word' id='word_1_243' title='bbox 2727 1592 3106 1663; x_wconf 79' lang='grc' dir='ltr'>τεθαρῤήκασι</span> <span class='ocrx_word' id='word_1_244' title='bbox 3146 1590 3347 1644; x_wconf 79' lang='grc' dir='ltr'>διδόναι</span> <span class='ocrx_word' id='word_1_245' title='bbox 3392 1591 3462 1642; x_wconf 79' lang='grc' dir='ltr'>τὰ</span> <span class='ocrx_word' id='word_1_246' title='bbox 3523 1588 3685 1659; x_wconf 82' lang='grc' dir='ltr'>χείλη</span> 
     </span>
    </p>
   </div>
   <div class='ocr_carea' id='block_1_33' title="bbox 396 1675 1983 1756">
    <p class='ocr_par' dir='ltr' id='par_1_33' title="bbox 396 1675 1981 1751">
     <span class='ocr_line' id='line_1_33' title="bbox 396 1675 1981 1751; baseline 0.004 -22"><span class='ocrx_word' id='word_1_247' title='bbox 396 1690 521 1729; x_wconf 87' lang='lat' dir='ltr'><strong>nem</strong></span> <span class='ocrx_word' id='word_1_248' title='bbox 558 1675 707 1731; x_wconf 91' lang='lat' dir='ltr'><strong>illius</strong></span> <span class='ocrx_word' id='word_1_249' title='bbox 734 1676 908 1743; x_wconf 65' lang='lat' dir='ltr'><strong>horae,</strong></span> <span class='ocrx_word' id='word_1_250' title='bbox 947 1678 1013 1732; x_wconf 90' lang='lat' dir='ltr'><strong>ad</strong></span> <span class='ocrx_word' id='word_1_251' title='bbox 1048 1677 1156 1733; x_wconf 90' lang='lat' dir='ltr'><strong>alia</strong></span> <span class='ocrx_word' id='word_1_252' title='bbox 1187 1680 1362 1751; x_wconf 84' lang='lat' dir='ltr'><strong>magis</strong></span> <span class='ocrx_word' id='word_1_253' title='bbox 1393 1678 1602 1747; x_wconf 83' lang='lat' dir='ltr'><strong>divina,</strong></span> <span class='ocrx_word' id='word_1_254' title='bbox 1636 1688 1692 1736; x_wconf 86' lang='lat' dir='ltr'><strong>et</strong></span> <span class='ocrx_word' id='word_1_255' title='bbox 1720 1679 1981 1736; x_wconf 78' lang='lat' dir='ltr'><strong>sublimia</strong></span> 
     </span>
    </p>
   </div>
   <div class='ocr_carea' id='block_1_34' title="bbox 2087 1675 3683 1756">
    <p class='ocr_par' dir='ltr' id='par_1_34' title="bbox 2088 1681 3683 1756">
     <span class='ocr_line' id='line_1_34' title="bbox 2088 1681 3683 1756; baseline -0.001 -22"><span class='ocrx_word' id='word_1_256' title='bbox 2088 1684 2202 1745; x_wconf 85' lang='grc' dir='ltr'>τοῖς</span> <span class='ocrx_word' id='word_1_257' title='bbox 2224 1682 2515 1736; x_wconf 78' lang='grc' dir='ltr'>δυσσεϐέσι</span> <span class='ocrx_word' id='word_1_258' title='bbox 2544 1683 2830 1754; x_wconf 79' lang='grc' dir='ltr'>λογισμοῖς</span> <span class='ocrx_word' id='word_1_259' title='bbox 2855 1681 3315 1756; x_wconf 79' lang='grc' dir='ltr'>ὐπηρετήσασθαι</span> <span class='ocrx_word' id='word_1_260' title='bbox 3340 1698 3355 1713; x_wconf 89' lang='grc'><strong>·</strong></span> <span class='ocrx_word' id='word_1_261' title='bbox 3384 1683 3446 1734; x_wconf 83' lang='grc' dir='ltr'><strong>τό</strong></span> <span class='ocrx_word' id='word_1_262' title='bbox 3474 1697 3537 1733; x_wconf 88' lang='grc' dir='ltr'><strong>τε</strong></span> <span class='ocrx_word' id='word_1_263' title='bbox 3566 1682 3683 1749; x_wconf 68' lang='grc' dir='ltr'>γὰρ</span> 
     </span>
    </p>
   </div>
   <div class='ocr_carea' id='block_1_35' title="bbox 394 1768 718 1824">
    <p class='ocr_par' dir='ltr' id='par_1_35' title="bbox 394 1768 718 1824">
     <span class='ocr_line' id='line_1_35' title="bbox 394 1768 718 1824; baseline 0.012 -5"><span class='ocrx_word' id='word_1_264' title='bbox 394 1768 718 1824; x_wconf 79' lang='lat' dir='ltr'><strong>extendere.</strong></span> 
     </span>
    </p>
   </div>
   <div class='ocr_carea' id='block_1_36' title="bbox 2083 1769 3685 1846">
    <p class='ocr_par' dir='ltr' id='par_1_36' title="bbox 2083 1769 3685 1846">
     <span class='ocr_line' id='line_1_36' title="bbox 2083 1769 3685 1846; baseline -0.004 -16"><span class='ocrx_word' id='word_1_265' title='bbox 2083 1772 2273 1845; x_wconf 83' lang='grc' dir='ltr'>σχῆμα</span> <span class='ocrx_word' id='word_1_266' title='bbox 2291 1773 2387 1828; x_wconf 81' lang='grc' dir='ltr'>τοῦ</span> <span class='ocrx_word' id='word_1_267' title='bbox 2425 1773 2609 1844; x_wconf 88' lang='grc' dir='ltr'>λόγου,</span> <span class='ocrx_word' id='word_1_268' title='bbox 2648 1776 2734 1846; x_wconf 72' lang='grc' dir='ltr'><strong>ἐφ’</strong></span> <span class='ocrx_word' id='word_1_269' title='bbox 2755 1769 2799 1844; x_wconf 82' lang='grc' dir='ltr'><strong>ᾧ</strong></span> <span class='ocrx_word' id='word_1_270' title='bbox 2830 1772 3066 1845; x_wconf 82' lang='grc' dir='ltr'>μάλιστα</span> <span class='ocrx_word' id='word_1_271' title='bbox 3087 1776 3187 1846; x_wconf 81' lang='grc' dir='ltr'>τὴν</span> <span class='ocrx_word' id='word_1_272' title='bbox 3212 1775 3435 1845; x_wconf 81' lang='grc' dir='ltr'>ἀπάτην</span> <span class='ocrx_word' id='word_1_273' title='bbox 3464 1776 3685 1835; x_wconf 74' lang='grc' dir='ltr'>ἑαυτοῖς</span> 
     </span>
    </p>
   </div>
   <div class='ocr_carea' id='block_1_37' title="bbox 397 1861 3679 1942">
    <p class='ocr_par' dir='ltr' id='par_1_37' title="bbox 397 1861 3679 1942">
     <span class='ocr_line' id='line_1_37' title="bbox 397 1861 3679 1942; baseline 0.003 -29"><span class='ocrx_word' id='word_1_274' title='bbox 397 1861 931 1929; x_wconf 78' lang='grc' dir='ltr'>συγκατεσκεύαζον,</span> <span class='ocrx_word' id='word_1_275' title='bbox 962 1863 1181 1927; x_wconf 77' lang='grc' dir='ltr'>καὶτὰς</span> <span class='ocrx_word' id='word_1_276' title='bbox 1225 1864 1321 1917; x_wconf 81' lang='grc' dir='ltr'>τοῦ</span> <span class='ocrx_word' id='word_1_277' title='bbox 1362 1864 1718 1938; x_wconf 79' lang='grc' dir='ltr'>δυσσεὸήσειν</span> <span class='ocrx_word' id='word_1_278' title='bbox 1756 1866 1978 1932; x_wconf 82' lang='grc' dir='ltr'>ἐλπίδας</span> <span class='ocrx_word' id='word_1_279' title='bbox 2016 1867 2230 1939; x_wconf 82' lang='grc' dir='ltr'>ἀνεῖχον</span> <span class='ocrx_word' id='word_1_280' title='bbox 2285 1870 2606 1940; x_wconf 74' lang='grc' dir='ltr'>ὁμοιότατον</span> <span class='ocrx_word' id='word_1_281' title='bbox 2638 1887 2653 1903; x_wconf 79' lang='grc'><em>’</em></span> <span class='ocrx_word' id='word_1_282' title='bbox 2686 1872 2780 1925; x_wconf 80' lang='grc' dir='ltr'>καὶ</span> <span class='ocrx_word' id='word_1_283' title='bbox 2801 1871 2905 1942; x_wconf 82' lang='grc' dir='ltr'>τὴν</span> <span class='ocrx_word' id='word_1_284' title='bbox 2941 1870 3072 1941; x_wconf 79' lang='grc' dir='ltr'>περὶ</span> <span class='ocrx_word' id='word_1_285' title='bbox 3140 1872 3234 1924; x_wconf 84' lang='grc' dir='ltr'>τὸν</span> <span class='ocrx_word' id='word_1_286' title='bbox 3270 1871 3401 1924; x_wconf 79' lang='grc' dir='ltr'>Υἱδν</span> <span class='ocrx_word' id='word_1_287' title='bbox 3448 1872 3679 1939; x_wconf 75' lang='grc' dir='ltr'>γνῶσιν,</span> 
     </span>
    </p>
   </div>
   <div class='ocr_carea' id='block_1_38' title="bbox 395 1954 3679 2037">
    <p class='ocr_par' dir='ltr' id='par_1_38' title="bbox 395 1954 3679 2037">
     <span class='ocr_line' id='line_1_38' title="bbox 395 1954 3679 2037; baseline 0.005 -30"><span class='ocrx_word' id='word_1_288' title='bbox 395 1954 508 2007; x_wconf 80' lang='grc' dir='ltr'>οὐδ’</span> <span class='ocrx_word' id='word_1_289' title='bbox 538 1955 605 2010; x_wconf 81' lang='grc' dir='ltr'><strong>ἀν</strong></span> <span class='ocrx_word' id='word_1_290' title='bbox 630 1957 792 2012; x_wconf 85' lang='grc' dir='ltr'>πλέον</span> <span class='ocrx_word' id='word_1_291' title='bbox 835 1959 1144 2029; x_wconf 84' lang='grc' dir='ltr'>ὲκμανεῖεν,</span> <span class='ocrx_word' id='word_1_292' title='bbox 1176 1957 1286 2013; x_wconf 76' lang='grc' dir='ltr'>οὐδ’</span> <span class='ocrx_word' id='word_1_293' title='bbox 1314 1960 1469 2013; x_wconf 71' lang='grc' dir='ltr'>αὐτοὶ</span> <span class='ocrx_word' id='word_1_294' title='bbox 1506 1961 1571 2015; x_wconf 87' lang='grc' dir='ltr'>ἂν</span> <span class='ocrx_word' id='word_1_295' title='bbox 1600 1961 1897 2033; x_wconf 79' lang='grc' dir='ltr'>ἀρνηθείην</span> <span class='ocrx_word' id='word_1_296' title='bbox 1933 1970 1980 2028; x_wconf 68' lang='grc' dir='ltr'>ν,</span> <span class='ocrx_word' id='word_1_297' title='bbox 2022 1962 2097 2034; x_wconf 82' lang='grc' dir='ltr'>μὴ</span> <span class='ocrx_word' id='word_1_298' title='bbox 2128 1964 2325 2036; x_wconf 82' lang='grc' dir='ltr'>μακρῷ</span> <span class='ocrx_word' id='word_1_299' title='bbox 2360 1965 2457 2036; x_wconf 80' lang='grc' dir='ltr'>τῆς</span> <span class='ocrx_word' id='word_1_300' title='bbox 2492 1965 2618 2037; x_wconf 74' lang='grc' dir='ltr'>περὶ</span> <span class='ocrx_word' id='word_1_301' title='bbox 2685 1965 2785 2034; x_wconf 81' lang='grc' dir='ltr'>τὴν</span> <span class='ocrx_word' id='word_1_302' title='bbox 2821 1963 2972 2035; x_wconf 82' lang='grc' dir='ltr'>ὥραν</span> <span class='ocrx_word' id='word_1_303' title='bbox 3036 1963 3253 2034; x_wconf 71' lang='grc' dir='ltr'>ἐκείνην</span> <span class='ocrx_word' id='word_1_304' title='bbox 3288 1961 3679 2033; x_wconf 74' lang='grc' dir='ltr'>προγνώσεως,</span> 
     </span>
    </p>
   </div>
   <div class='ocr_carea' id='block_1_39' title="bbox 398 2046 3621 2123">
    <p class='ocr_par' dir='ltr' id='par_1_39' title="bbox 398 2046 3621 2123">
     <span class='ocr_line' id='line_1_39' title="bbox 398 2046 3621 2123; baseline 0.007 -23"><span class='ocrx_word' id='word_1_305' title='bbox 398 2048 681 2120; x_wconf 79' lang='grc' dir='ltr'>θειοτέραν</span> <span class='ocrx_word' id='word_1_306' title='bbox 709 2068 767 2104; x_wconf 93' lang='grc' dir='ltr'><strong>τε</strong></span> <span class='ocrx_word' id='word_1_307' title='bbox 801 2052 894 2105; x_wconf 74' lang='grc' dir='ltr'>καὶ</span> <span class='ocrx_word' id='word_1_308' title='bbox 923 2050 1261 2123; x_wconf 75' lang='grc' dir='ltr'>ὑψηλοτέραν</span> <span class='ocrx_word' id='word_1_309' title='bbox 1287 2046 1453 2110; x_wconf 78' lang='grc' dir='ltr'>εἶναι.</span> <span class='ocrx_word' id='word_1_310' title='bbox 3618 2068 3621 2071; x_wconf 63' lang='grc'><em>’</em></span> 
     </span>
    </p>
   </div>
   <div class='ocr_carea' id='block_1_40' title="bbox 468 2140 1983 2217">
    <p class='ocr_par' dir='ltr' id='par_1_40' title="bbox 468 2144 1983 2217">
     <span class='ocr_line' id='line_1_40' title="bbox 468 2144 1983 2217; baseline 0.008 -22"><span class='ocrx_word' id='word_1_311' title='bbox 468 2146 649 2213; x_wconf 80' lang='lat' dir='ltr'><strong>Atque</strong></span> <span class='ocrx_word' id='word_1_312' title='bbox 696 2144 813 2199; x_wconf 65' lang='lat' dir='ltr'><strong>haec</strong></span> <span class='ocrx_word' id='word_1_313' title='bbox 858 2145 1079 2216; x_wconf 80' lang='lat' dir='ltr'><strong>quidem</strong></span> <span class='ocrx_word' id='word_1_314' title='bbox 1128 2147 1231 2202; x_wconf 91' lang='lat' dir='ltr'><strong>fuit</strong></span> <span class='ocrx_word' id='word_1_315' title='bbox 1259 2149 1504 2205; x_wconf 80' lang='lat' dir='ltr'><strong>Matthaei</strong></span> <span class='ocrx_word' id='word_1_316' title='bbox 1556 2151 1852 2217; x_wconf 86' lang='lat' dir='ltr'><strong>sententia,</strong></span> <span class='ocrx_word' id='word_1_317' title='bbox 1890 2151 1983 2207; x_wconf 88' lang='lat' dir='ltr'><strong>tali</strong></span> 
     </span>
    </p>
   </div>
   <div class='ocr_carea' id='block_1_41' title="bbox 2087 2140 3685 2217">
    <p class='ocr_par' dir='ltr' id='par_1_41' title="bbox 2176 2140 3685 2216">
     <span class='ocr_line' id='line_1_41' title="bbox 2176 2140 3685 2216; baseline -0.001 -16"><span class='ocrx_word' id='word_1_318' title='bbox 2176 2145 2316 2201; x_wconf 85' lang='grc' dir='ltr'>Ἀλλ’</span> <span class='ocrx_word' id='word_1_319' title='bbox 2345 2141 2413 2215; x_wconf 77' lang='grc' dir='ltr'>ἦν</span> <span class='ocrx_word' id='word_1_320' title='bbox 2446 2158 2473 2185; x_wconf 75' lang='grc' dir='ltr'><strong>ι</strong></span> <span class='ocrx_word' id='word_1_321' title='bbox 2503 2145 2604 2215; x_wconf 83' lang='grc' dir='ltr'>μὲν</span> <span class='ocrx_word' id='word_1_322' title='bbox 2639 2144 2736 2197; x_wconf 85' lang='grc' dir='ltr'><strong>τού</strong></span> <span class='ocrx_word' id='word_1_323' title='bbox 2770 2144 2919 2216; x_wconf 69' lang='grc' dir='ltr'>ἱεροῦ</span> <span class='ocrx_word' id='word_1_324' title='bbox 2951 2140 3233 2198; x_wconf 84' lang='grc' dir='ltr'>Ματθαίου</span> <span class='ocrx_word' id='word_1_325' title='bbox 3266 2140 3445 2214; x_wconf 68' lang='grc' dir='ltr'>ῥῆσις,</span> <span class='ocrx_word' id='word_1_326' title='bbox 3469 2146 3533 2197; x_wconf 78' lang='grc' dir='ltr'>ὲν</span> <span class='ocrx_word' id='word_1_327' title='bbox 3556 2145 3685 2198; x_wconf 83' lang='grc' dir='ltr'>τού-</span> 
     </span>
    </p>
   </div>
   <div class='ocr_carea' id='block_1_42' title="bbox 399 2232 1983 2307">
    <p class='ocr_par' dir='ltr' id='par_1_42' title="bbox 399 2232 1981 2307">
     <span class='ocr_line' id='line_1_42' title="bbox 399 2232 1981 2307; baseline 0.006 -19"><span class='ocrx_word' id='word_1_328' title='bbox 399 2237 610 2291; x_wconf 77' lang='lat' dir='ltr'><strong>theoria</strong></span> <span class='ocrx_word' id='word_1_329' title='bbox 652 2238 1017 2295; x_wconf 81' lang='lat' dir='ltr'><strong>considerata.</strong></span> <span class='ocrx_word' id='word_1_330' title='bbox 1053 2239 1123 2294; x_wconf 89' lang='lat' dir='ltr'><strong>At</strong></span> <span class='ocrx_word' id='word_1_331' title='bbox 1155 2240 1349 2295; x_wconf 88' lang='lat' dir='ltr'><strong>beatus</strong></span> <span class='ocrx_word' id='word_1_332' title='bbox 1378 2232 1618 2307; x_wconf 82' lang='lat' dir='ltr'><strong>Marcus,</strong></span> <span class='ocrx_word' id='word_1_333' title='bbox 1671 2244 1981 2299; x_wconf 89' lang='lat' dir='ltr'><strong>eodemmet</strong></span> 
     </span>
    </p>
   </div>
   <div class='ocr_carea' id='block_1_43' title="bbox 2087 2232 3686 2307">
    <p class='ocr_par' dir='ltr' id='par_1_43' title="bbox 2087 2234 3686 2305">
     <span class='ocr_line' id='line_1_43' title="bbox 2087 2234 3686 2305; baseline -0.004 -11"><span class='ocrx_word' id='word_1_334' title='bbox 2087 2256 2201 2303; x_wconf 91' lang='grc' dir='ltr'>τοις</span> <span class='ocrx_word' id='word_1_335' title='bbox 2244 2256 2303 2291; x_wconf 84' lang='grc' dir='ltr'><strong>τε</strong></span> <span class='ocrx_word' id='word_1_336' title='bbox 2334 2238 2429 2291; x_wconf 75' lang='grc' dir='ltr'>καὶ</span> <span class='ocrx_word' id='word_1_337' title='bbox 2467 2234 2726 2305; x_wconf 83' lang='grc' dir='ltr'>τοιαύτην</span> <span class='ocrx_word' id='word_1_338' title='bbox 2754 2236 2953 2305; x_wconf 74' lang='grc' dir='ltr'>ἔχουσα</span> <span class='ocrx_word' id='word_1_339' title='bbox 2982 2234 3083 2305; x_wconf 84' lang='grc' dir='ltr'>τὴν</span> <span class='ocrx_word' id='word_1_340' title='bbox 3114 2234 3369 2305; x_wconf 78' lang='grc' dir='ltr'>θεωρίαν.</span> <span class='ocrx_word' id='word_1_341' title='bbox 3419 2235 3476 2287; x_wconf 82' lang='grc' dir='ltr'><strong>ὐ</strong></span> <span class='ocrx_word' id='word_1_342' title='bbox 3530 2234 3587 2288; x_wconf 72' lang='grc' dir='ltr'><strong>δέ</strong></span> <span class='ocrx_word' id='word_1_343' title='bbox 3616 2251 3686 2302; x_wconf 86' lang='grc' dir='ltr'><strong>γε</strong></span> 
     </span>
    </p>
   </div>
   <div class='ocr_carea' id='block_1_44' title="bbox 398 2330 1987 2405">
    <p class='ocr_par' dir='ltr' id='par_1_44' title="bbox 398 2330 1987 2405">
     <span class='ocr_line' id='line_1_44' title="bbox 398 2330 1987 2405; baseline 0.004 -23"><span class='ocrx_word' id='word_1_344' title='bbox 398 2330 593 2399; x_wconf 82' lang='lat' dir='ltr'><strong>spiritu</strong></span> <span class='ocrx_word' id='word_1_345' title='bbox 642 2330 978 2400; x_wconf 85' lang='lat' dir='ltr'><strong>inspiratus,</strong></span> <span class='ocrx_word' id='word_1_346' title='bbox 1008 2333 1197 2389; x_wconf 89' lang='lat' dir='ltr'><strong>eadem</strong></span> <span class='ocrx_word' id='word_1_347' title='bbox 1247 2334 1537 2390; x_wconf 87' lang='lat' dir='ltr'><strong>abundans</strong></span> <span class='ocrx_word' id='word_1_348' title='bbox 1594 2336 1787 2405; x_wconf 83' lang='lat' dir='ltr'><strong>gratia,</strong></span> <span class='ocrx_word' id='word_1_349' title='bbox 1834 2345 1987 2391; x_wconf 88' lang='lat' dir='ltr'><strong>eum-</strong></span> 
     </span>
    </p>
   </div>
   <div class='ocr_carea' id='block_1_45' title="bbox 397 2422 1990 2493">
    <p class='ocr_par' dir='ltr' id='par_1_45' title="bbox 397 2422 1990 2493">
     <span class='ocr_line' id='line_1_45' title="bbox 397 2422 1990 2493; baseline 0.007 -19"><span class='ocrx_word' id='word_1_350' title='bbox 397 2422 519 2476; x_wconf 78' lang='lat' dir='ltr'><strong>dum</strong></span> <span class='ocrx_word' id='word_1_351' title='bbox 556 2424 962 2493; x_wconf 72' lang='lat' dir='ltr'><strong>praedicationis</strong></span> <span class='ocrx_word' id='word_1_352' title='bbox 1005 2441 1318 2482; x_wconf 83' lang='lat' dir='ltr'><strong>sermonem</strong></span> <span class='ocrx_word' id='word_1_353' title='bbox 1350 2428 1455 2484; x_wconf 88' lang='lat' dir='ltr'><strong>sibi</strong></span> <span class='ocrx_word' id='word_1_354' title='bbox 1486 2431 1861 2486; x_wconf 82' lang='lat' dir='ltr'><strong>concreditum</strong></span> <span class='ocrx_word' id='word_1_355' title='bbox 1889 2430 1990 2485; x_wconf 84' lang='lat' dir='ltr'><strong>ha-</strong></span> 
     </span>
    </p>
   </div>
   <div class='ocr_carea' id='block_1_46' title="bbox 396 2515 1991 2592">
    <p class='ocr_par' dir='ltr' id='par_1_46' title="bbox 396 2515 1991 2592">
     <span class='ocr_line' id='line_1_46' title="bbox 396 2515 1991 2592; baseline 0.004 -24"><span class='ocrx_word' id='word_1_356' title='bbox 396 2515 556 2580; x_wconf 80' lang='lat' dir='ltr'><strong>bens,</strong></span> <span class='ocrx_word' id='word_1_357' title='bbox 596 2516 733 2570; x_wconf 85' lang='lat' dir='ltr'><strong>nihil</strong></span> <span class='ocrx_word' id='word_1_358' title='bbox 772 2517 933 2587; x_wconf 88' lang='lat' dir='ltr'><strong>plane</strong></span> <span class='ocrx_word' id='word_1_359' title='bbox 964 2534 1278 2590; x_wconf 69' lang='lat' dir='ltr'><strong>repugnans</strong></span> <span class='ocrx_word' id='word_1_360' title='bbox 1312 2521 1639 2592; x_wconf 91' lang='lat' dir='ltr'><strong>prolocutus</strong></span> <span class='ocrx_word' id='word_1_361' title='bbox 1682 2532 1790 2583; x_wconf 91' lang='lat' dir='ltr'><strong>est,</strong></span> <span class='ocrx_word' id='word_1_362' title='bbox 1824 2522 1991 2591; x_wconf 87' lang='lat' dir='ltr'><strong>idque</strong></span> 
     </span>
    </p>
   </div>
   <div class='ocr_carea' id='block_1_47' title="bbox 398 2608 1989 2686">
    <p class='ocr_par' dir='ltr' id='par_1_47' title="bbox 398 2608 1989 2686">
     <span class='ocr_line' id='line_1_47' title="bbox 398 2608 1989 2686; baseline 0.006 -26"><span class='ocrx_word' id='word_1_363' title='bbox 398 2608 515 2662; x_wconf 90' lang='lat' dir='ltr'><strong>sine</strong></span> <span class='ocrx_word' id='word_1_364' title='bbox 578 2620 835 2664; x_wconf 86' lang='lat' dir='ltr'><strong>accurata</strong></span> <span class='ocrx_word' id='word_1_365' title='bbox 892 2610 1022 2665; x_wconf 88' lang='lat' dir='ltr'><strong>dicti</strong></span> <span class='ocrx_word' id='word_1_366' title='bbox 1078 2611 1416 2682; x_wconf 87' lang='lat' dir='ltr'><strong>inspectione</strong></span> <span class='ocrx_word' id='word_1_367' title='bbox 1470 2622 1637 2684; x_wconf 88' lang='lat' dir='ltr'><strong>patet,</strong></span> <span class='ocrx_word' id='word_1_368' title='bbox 1696 2614 1989 2686; x_wconf 84' lang='lat' dir='ltr'><strong>synhiero-</strong></span> 
     </span>
    </p>
   </div>
   <div class='ocr_carea' id='block_1_48' title="bbox 397 2703 1987 2778">
    <p class='ocr_par' dir='ltr' id='par_1_48' title="bbox 397 2703 1987 2778">
     <span class='ocr_line' id='line_1_48' title="bbox 397 2703 1987 2778; baseline 0.006 -27"><span class='ocrx_word' id='word_1_369' title='bbox 397 2703 638 2771; x_wconf 72' lang='lat' dir='ltr'><strong>phantae,</strong></span> <span class='ocrx_word' id='word_1_370' title='bbox 674 2714 729 2758; x_wconf 90' lang='lat' dir='ltr'><strong>et</strong></span> <span class='ocrx_word' id='word_1_371' title='bbox 755 2717 1219 2776; x_wconf 76' lang='lat' dir='ltr'><strong>symmystagogo,</strong></span> <span class='ocrx_word' id='word_1_372' title='bbox 1248 2722 1425 2777; x_wconf 90' lang='lat' dir='ltr'><strong>neque</strong></span> <span class='ocrx_word' id='word_1_373' title='bbox 1452 2706 1668 2762; x_wconf 84' lang='lat' dir='ltr'><strong>veritati</strong></span> <span class='ocrx_word' id='word_1_374' title='bbox 1699 2723 1865 2778; x_wconf 90' lang='lat' dir='ltr'><strong>quam</strong></span> <span class='ocrx_word' id='word_1_375' title='bbox 1911 2706 1987 2760; x_wconf 92' lang='lat' dir='ltr'><strong>illi</strong></span> 
     </span>
    </p>
   </div>
   <div class='ocr_carea' id='block_1_49' title="bbox 399 2793 1989 2867">
    <p class='ocr_par' dir='ltr' id='par_1_49' title="bbox 399 2793 1989 2867">
     <span class='ocr_line' id='line_1_49' title="bbox 399 2793 1989 2867; baseline 0.006 -23"><span class='ocrx_word' id='word_1_376' title='bbox 399 2793 787 2859; x_wconf 83' lang='lat' dir='ltr'><strong>tradiderunt,</strong></span> <span class='ocrx_word' id='word_1_377' title='bbox 839 2803 893 2851; x_wconf 90' lang='lat' dir='ltr'><strong>et</strong></span> <span class='ocrx_word' id='word_1_378' title='bbox 947 2797 1322 2867; x_wconf 84' lang='lat' dir='ltr'><strong>multipliciter</strong></span> <span class='ocrx_word' id='word_1_379' title='bbox 1368 2799 1669 2853; x_wconf 91' lang='lat' dir='ltr'><strong>etiamnum</strong></span> <span class='ocrx_word' id='word_1_380' title='bbox 1752 2796 1989 2853; x_wconf 84' lang='lat' dir='ltr'><strong>manife-</strong></span> 
     </span>
    </p>
   </div>
   <div class='ocr_carea' id='block_1_50' title="bbox 399 2884 1987 2959">
    <p class='ocr_par' dir='ltr' id='par_1_50' title="bbox 399 2884 1987 2959">
     <span class='ocr_line' id='line_1_50' title="bbox 399 2884 1987 2959; baseline 0.004 -21"><span class='ocrx_word' id='word_1_381' title='bbox 399 2894 574 2939; x_wconf 75' lang='lat' dir='ltr'><strong>statze.</strong></span> <span class='ocrx_word' id='word_1_382' title='bbox 630 2884 737 2940; x_wconf 84' lang='lat' dir='ltr'><strong>Sed</strong></span> <span class='ocrx_word' id='word_1_383' title='bbox 768 2886 815 2941; x_wconf 88' lang='lat' dir='ltr'><strong>si</strong></span> <span class='ocrx_word' id='word_1_384' title='bbox 861 2885 1026 2941; x_wconf 86' lang='lat' dir='ltr'><strong>verba</strong></span> <span class='ocrx_word' id='word_1_385' title='bbox 1055 2888 1175 2957; x_wconf 88' lang='lat' dir='ltr'><strong>ejus</strong></span> <span class='ocrx_word' id='word_1_386' title='bbox 1196 2889 1513 2958; x_wconf 84' lang='lat' dir='ltr'><strong>exponenda</strong></span> <span class='ocrx_word' id='word_1_387' title='bbox 1549 2889 1987 2959; x_wconf 86' lang='lat' dir='ltr'><strong>susceperimus,</strong></span> 
     </span>
    </p>
   </div>
   <div class='ocr_carea' id='block_1_51' title="bbox 400 2976 1990 3047">
    <p class='ocr_par' dir='ltr' id='par_1_51' title="bbox 400 2976 1990 3047">
     <span class='ocr_line' id='line_1_51' title="bbox 400 2976 1990 3047; baseline 0.003 -17"><span class='ocrx_word' id='word_1_388' title='bbox 400 2976 583 3031; x_wconf 87' lang='lat' dir='ltr'><strong>adhuc</strong></span> <span class='ocrx_word' id='word_1_389' title='bbox 618 2978 791 3047; x_wconf 77' lang='lat' dir='ltr'><strong>magis</strong></span> <span class='ocrx_word' id='word_1_390' title='bbox 823 2979 968 3034; x_wconf 88' lang='lat' dir='ltr'><strong>illius</strong></span> <span class='ocrx_word' id='word_1_391' title='bbox 995 2989 1421 3045; x_wconf 88' lang='lat' dir='ltr'><strong>consensum,et</strong></span> <span class='ocrx_word' id='word_1_392' title='bbox 1451 2998 1576 3035; x_wconf 79' lang='lat' dir='ltr'><strong>cum</strong></span> <span class='ocrx_word' id='word_1_393' title='bbox 1603 2984 1833 3036; x_wconf 76' lang='lat' dir='ltr'><strong>veritate</strong></span> <span class='ocrx_word' id='word_1_394' title='bbox 1857 2995 1990 3036; x_wconf 91' lang='lat' dir='ltr'><strong>con-</strong></span> 
     </span>
    </p>
   </div>
   <div class='ocr_carea' id='block_1_52' title="bbox 401 3069 1988 3142">
    <p class='ocr_par' dir='ltr' id='par_1_52' title="bbox 401 3069 1988 3142">
     <span class='ocr_line' id='line_1_52' title="bbox 401 3069 1988 3142; baseline 0.004 -22"><span class='ocrx_word' id='word_1_395' title='bbox 401 3069 758 3137; x_wconf 79' lang='lat' dir='ltr'><strong>Spirationem</strong></span> <span class='ocrx_word' id='word_1_396' title='bbox 812 3069 1180 3138; x_wconf 70' lang='lat' dir='ltr'><strong>intelligemus</strong></span> <span class='ocrx_word' id='word_1_397' title='bbox 1216 3089 1229 3125; x_wconf 91' lang='lat'><strong>:</strong></span> <span class='ocrx_word' id='word_1_398' title='bbox 1266 3078 1394 3129; x_wconf 80' lang='lat' dir='ltr'><strong>nota</strong></span> <span class='ocrx_word' id='word_1_399' title='bbox 1452 3071 1588 3125; x_wconf 88' lang='lat' dir='ltr'><strong>mihi</strong></span> <span class='ocrx_word' id='word_1_400' title='bbox 1618 3086 1747 3142; x_wconf 77' lang='lat' dir='ltr'><strong>ergo</strong></span> <span class='ocrx_word' id='word_1_401' title='bbox 1770 3113 1786 3137; x_wconf 89' lang='lat'><strong>,</strong></span> <span class='ocrx_word' id='word_1_402' title='bbox 1838 3072 1988 3141; x_wconf 88' lang='lat' dir='ltr'><strong>quod</strong></span> 
     </span>
    </p>
   </div>
   <div class='ocr_carea' id='block_1_53' title="bbox 399 3160 1986 3232">
    <p class='ocr_par' dir='ltr' id='par_1_53' title="bbox 399 3160 1986 3232">
     <span class='ocr_line' id='line_1_53' title="bbox 399 3160 1986 3232; baseline 0.001 -18"><span class='ocrx_word' id='word_1_403' title='bbox 399 3160 620 3216; x_wconf 83' lang='lat' dir='ltr'><strong>divinus</strong></span> <span class='ocrx_word' id='word_1_404' title='bbox 678 3160 781 3215; x_wconf 85' lang='lat' dir='ltr'><strong>iste</strong></span> <span class='ocrx_word' id='word_1_405' title='bbox 822 3161 925 3227; x_wconf 80' lang='lat' dir='ltr'><strong>vir,</strong></span> <span class='ocrx_word' id='word_1_406' title='bbox 962 3178 1029 3217; x_wconf 89' lang='lat' dir='ltr'><strong>ne</strong></span> <span class='ocrx_word' id='word_1_407' title='bbox 1060 3172 1379 3232; x_wconf 65' lang='lat' dir='ltr'><strong>praetextum</strong></span> <span class='ocrx_word' id='word_1_408' title='bbox 1425 3164 1647 3232; x_wconf 89' lang='lat' dir='ltr'><strong>quidem</strong></span> <span class='ocrx_word' id='word_1_409' title='bbox 1707 3162 1986 3217; x_wconf 61' lang='lat' dir='ltr'><strong>haereticis</strong></span> 
     </span>
    </p>
   </div>
   <div class='ocr_carea' id='block_1_54' title="bbox 399 3253 1991 3323">
    <p class='ocr_par' dir='ltr' id='par_1_54' title="bbox 399 3253 1991 3323">
     <span class='ocr_line' id='line_1_54' title="bbox 399 3253 1991 3323; baseline 0.002 -17"><span class='ocrx_word' id='word_1_410' title='bbox 399 3254 713 3323; x_wconf 85' lang='lat' dir='ltr'><strong>relinquere</strong></span> <span class='ocrx_word' id='word_1_411' title='bbox 756 3253 962 3319; x_wconf 85' lang='lat' dir='ltr'><strong>voluit,</strong></span> <span class='ocrx_word' id='word_1_412' title='bbox 1008 3257 1104 3311; x_wconf 89' lang='lat' dir='ltr'><strong>sed</strong></span> <span class='ocrx_word' id='word_1_413' title='bbox 1156 3270 1350 3312; x_wconf 89' lang='lat' dir='ltr'><strong>oumes</strong></span> <span class='ocrx_word' id='word_1_414' title='bbox 1421 3257 1639 3311; x_wconf 92' lang='lat' dir='ltr'><strong>illorum</strong></span> <span class='ocrx_word' id='word_1_415' title='bbox 1708 3256 1991 3311; x_wconf 82' lang='lat' dir='ltr'><strong>machinas</strong></span> 
     </span>
    </p>
   </div>
   <div class='ocr_carea' id='block_1_55' title="bbox 402 3339 1988 3419">
    <p class='ocr_par' dir='ltr' id='par_1_55' title="bbox 402 3339 1988 3419">
     <span class='ocr_line' id='line_1_55' title="bbox 402 3339 1988 3419; baseline 0.002 -19"><span class='ocrx_word' id='word_1_416' title='bbox 402 3339 651 3401; x_wconf 76' lang='lat' dir='ltr'><strong>funditus</strong></span> <span class='ocrx_word' id='word_1_417' title='bbox 717 3348 1060 3415; x_wconf 85' lang='lat' dir='ltr'><strong>concutiens,</strong></span> <span class='ocrx_word' id='word_1_418' title='bbox 1119 3365 1187 3403; x_wconf 91' lang='lat' dir='ltr'><strong>ne</strong></span> <span class='ocrx_word' id='word_1_419' title='bbox 1253 3350 1475 3419; x_wconf 66' lang='lat' dir='ltr'><strong>quidem</strong></span> <span class='ocrx_word' id='word_1_420' title='bbox 1549 3364 1762 3415; x_wconf 86' lang='lat' dir='ltr'><strong>vocem,</strong></span> <span class='ocrx_word' id='word_1_421' title='bbox 1820 3349 1988 3413; x_wconf 83' lang='lat' dir='ltr'><strong>solus,</strong></span> 
     </span>
    </p>
   </div>
   <div class='ocr_carea' id='block_1_56' title="bbox 2092 2325 3683 2403">
    <p class='ocr_par' dir='ltr' id='par_1_56' title="bbox 2092 2325 3683 2403">
     <span class='ocr_line' id='line_1_56' title="bbox 2092 2325 3683 2403; baseline -0.004 -18"><span class='ocrx_word' id='word_1_422' title='bbox 2092 2331 2363 2403; x_wconf 87' lang='grc' dir='ltr'>μακάριος</span> <span class='ocrx_word' id='word_1_423' title='bbox 2390 2328 2640 2401; x_wconf 82' lang='grc' dir='ltr'>Μάρκος,</span> <span class='ocrx_word' id='word_1_424' title='bbox 2683 2328 2958 2399; x_wconf 83' lang='grc' dir='ltr'>πνεύματί</span> <span class='ocrx_word' id='word_1_425' title='bbox 2984 2343 3046 2382; x_wconf 83' lang='grc' dir='ltr'><strong>τε</strong></span> <span class='ocrx_word' id='word_1_426' title='bbox 3073 2325 3150 2397; x_wconf 87' lang='grc' dir='ltr'>τῷ</span> <span class='ocrx_word' id='word_1_427' title='bbox 3179 2326 3331 2397; x_wconf 87' lang='grc' dir='ltr'><strong>αὐτῷ</strong></span> <span class='ocrx_word' id='word_1_428' title='bbox 3364 2328 3683 2397; x_wconf 75' lang='grc' dir='ltr'>ἐμπνεόμεο</span> 
     </span>
    </p>
   </div>
   <div class='ocr_carea' id='block_1_57' title="bbox 2088 2420 3684 2494">
    <p class='ocr_par' dir='ltr' id='par_1_57' title="bbox 2088 2420 3684 2494">
     <span class='ocr_line' id='line_1_57' title="bbox 2088 2420 3684 2494; baseline -0.004 -15"><span class='ocrx_word' id='word_1_429' title='bbox 2088 2442 2197 2490; x_wconf 86' lang='grc' dir='ltr'>νος,</span> <span class='ocrx_word' id='word_1_430' title='bbox 2232 2423 2326 2478; x_wconf 83' lang='grc' dir='ltr'>καὶ</span> <span class='ocrx_word' id='word_1_431' title='bbox 2369 2423 2471 2494; x_wconf 81' lang='grc' dir='ltr'>τὴν</span> <span class='ocrx_word' id='word_1_432' title='bbox 2520 2423 2691 2494; x_wconf 82' lang='grc' dir='ltr'>αὐτὴν</span> <span class='ocrx_word' id='word_1_433' title='bbox 2743 2420 2993 2474; x_wconf 79' lang='grc' dir='ltr'>πλουτῶν</span> <span class='ocrx_word' id='word_1_434' title='bbox 3034 2420 3219 2491; x_wconf 82' lang='grc' dir='ltr'>χάριν,</span> <span class='ocrx_word' id='word_1_435' title='bbox 3240 2420 3336 2475; x_wconf 75' lang='grc' dir='ltr'>καὶ</span> <span class='ocrx_word' id='word_1_436' title='bbox 3378 2421 3470 2474; x_wconf 80' lang='grc' dir='ltr'>τὸν</span> <span class='ocrx_word' id='word_1_437' title='bbox 3510 2422 3684 2475; x_wconf 80' lang='grc' dir='ltr'>αὐτὸν</span> 
     </span>
    </p>
   </div>
   <div class='ocr_carea' id='block_1_58' title="bbox 2088 2506 3682 2588">
    <p class='ocr_par' dir='ltr' id='par_1_58' title="bbox 2088 2506 3682 2588">
     <span class='ocr_line' id='line_1_58' title="bbox 2088 2506 3682 2588; baseline -0.004 -17"><span class='ocrx_word' id='word_1_438' title='bbox 2088 2516 2183 2571; x_wconf 77' lang='grc' dir='ltr'><strong>τοῦ</strong></span> <span class='ocrx_word' id='word_1_439' title='bbox 2213 2515 2576 2588; x_wconf 84' lang='grc' dir='ltr'>κηρύγματος</span> <span class='ocrx_word' id='word_1_440' title='bbox 2602 2512 3117 2585; x_wconf 77' lang='grc' dir='ltr'>ὲμπεπιστευμένος</span> <span class='ocrx_word' id='word_1_441' title='bbox 3160 2512 3341 2582; x_wconf 85' lang='grc' dir='ltr'>λόγον,</span> <span class='ocrx_word' id='word_1_442' title='bbox 3366 2506 3527 2584; x_wconf 85' lang='grc' dir='ltr'>δῆλον</span> <span class='ocrx_word' id='word_1_443' title='bbox 3576 2514 3682 2583; x_wconf 79' lang='grc' dir='ltr'>μὲν</span> 
     </span>
    </p>
   </div>
   <div class='ocr_carea' id='block_1_59' title="bbox 2088 2603 3683 2677">
    <p class='ocr_par' dir='ltr' id='par_1_59' title="bbox 2088 2603 3683 2677">
     <span class='ocr_line' id='line_1_59' title="bbox 2088 2603 3683 2677; baseline -0.001 -18"><span class='ocrx_word' id='word_1_444' title='bbox 2088 2607 2171 2660; x_wconf 82' lang='grc' dir='ltr'>ὃτι</span> <span class='ocrx_word' id='word_1_445' title='bbox 2216 2607 2314 2660; x_wconf 77' lang='grc' dir='ltr'>καὶ</span> <span class='ocrx_word' id='word_1_446' title='bbox 2356 2606 2528 2677; x_wconf 70' lang='grc' dir='ltr'>χωρὶς</span> <span class='ocrx_word' id='word_1_447' title='bbox 2571 2605 2672 2673; x_wconf 81' lang='grc' dir='ltr'>τῆς</span> <span class='ocrx_word' id='word_1_448' title='bbox 2709 2604 2805 2658; x_wconf 83' lang='grc' dir='ltr'>τοῦ</span> <span class='ocrx_word' id='word_1_449' title='bbox 2857 2603 3021 2676; x_wconf 74' lang='grc' dir='ltr'>ρητοῦ</span> <span class='ocrx_word' id='word_1_450' title='bbox 3064 2606 3422 2674; x_wconf 81' lang='grc' dir='ltr'>διασκέψεως,</span> <span class='ocrx_word' id='word_1_451' title='bbox 3453 2606 3553 2658; x_wconf 81' lang='grc' dir='ltr'><strong>οὐκ</strong></span> <span class='ocrx_word' id='word_1_452' title='bbox 3609 2606 3683 2659; x_wconf 85' lang='grc' dir='ltr'>ἂν</span> 
     </span>
    </p>
   </div>
   <div class='ocr_carea' id='block_1_60' title="bbox 2090 2695 3679 2768">
    <p class='ocr_par' dir='ltr' id='par_1_60' title="bbox 2090 2695 3679 2768">
     <span class='ocr_line' id='line_1_60' title="bbox 2090 2695 3679 2768; baseline -0.002 -17"><span class='ocrx_word' id='word_1_453' title='bbox 2090 2696 2214 2751; x_wconf 80' lang='grc' dir='ltr'>οὐτε</span> <span class='ocrx_word' id='word_1_454' title='bbox 2231 2696 2311 2768; x_wconf 84' lang='grc' dir='ltr'>τῷ</span> <span class='ocrx_word' id='word_1_455' title='bbox 2358 2696 2754 2768; x_wconf 77' lang='grc' dir='ltr'>συνιεροφόιντῃ</span> <span class='ocrx_word' id='word_1_456' title='bbox 2794 2696 2890 2750; x_wconf 71' lang='grc' dir='ltr'><strong>καὶ</strong></span> <span class='ocrx_word' id='word_1_457' title='bbox 2920 2696 3409 2767; x_wconf 80' lang='grc' dir='ltr'>σνμμυσταγωγῷ,</span> <span class='ocrx_word' id='word_1_458' title='bbox 3442 2695 3567 2748; x_wconf 77' lang='grc' dir='ltr'>οὐτε</span> <span class='ocrx_word' id='word_1_459' title='bbox 3608 2700 3679 2765; x_wconf 83' lang='grc' dir='ltr'>τῇ</span> 
     </span>
    </p>
   </div>
   <div class='ocr_carea' id='block_1_61' title="bbox 2092 2786 3684 2859">
    <p class='ocr_par' dir='ltr' id='par_1_61' title="bbox 2092 2786 3684 2859">
     <span class='ocr_line' id='line_1_61' title="bbox 2092 2786 3684 2859; baseline -0.002 -17"><span class='ocrx_word' id='word_1_460' title='bbox 2092 2789 2223 2859; x_wconf 82' lang='grc' dir='ltr'>παρ’</span> <span class='ocrx_word' id='word_1_461' title='bbox 2279 2789 2459 2844; x_wconf 85' lang='grc' dir='ltr'>αὐτῶν</span> <span class='ocrx_word' id='word_1_462' title='bbox 2526 2786 3043 2859; x_wconf 79' lang='grc' dir='ltr'>μυσταγωγηθείσῃ,</span> <span class='ocrx_word' id='word_1_463' title='bbox 3067 2788 3156 2841; x_wconf 84' lang='grc' dir='ltr'><strong>διὰ</strong></span> <span class='ocrx_word' id='word_1_464' title='bbox 3193 2787 3405 2841; x_wconf 82' lang='grc' dir='ltr'>πολλῶν</span> <span class='ocrx_word' id='word_1_465' title='bbox 3454 2787 3515 2840; x_wconf 83' lang='grc' dir='ltr'>δὲ</span> <span class='ocrx_word' id='word_1_466' title='bbox 3577 2788 3684 2839; x_wconf 79' lang='grc' dir='ltr'>καὶ</span> 
     </span>
    </p>
   </div>
   <div class='ocr_carea' id='block_1_62' title="bbox 2091 2878 3683 2951">
    <p class='ocr_par' dir='ltr' id='par_1_62' title="bbox 2091 2878 3683 2951">
     <span class='ocr_line' id='line_1_62' title="bbox 2091 2878 3683 2951; baseline -0.003 -16"><span class='ocrx_word' id='word_1_467' title='bbox 2091 2883 2183 2935; x_wconf 78' lang='grc' dir='ltr'>νοῦ</span> <span class='ocrx_word' id='word_1_468' title='bbox 2230 2891 2260 2931; x_wconf 64' lang='lat'><strong>3&#39;</strong></span> <span class='ocrx_word' id='word_1_469' title='bbox 2304 2881 2729 2951; x_wconf 57' lang='grc' dir='ltr'>ηὲπιδεδειγμένῃ</span> <span class='ocrx_word' id='word_1_470' title='bbox 2784 2880 3059 2951; x_wconf 76' lang='grc' dir='ltr'>λαμπρῶς</span> <span class='ocrx_word' id='word_1_471' title='bbox 3112 2878 3362 2951; x_wconf 81' lang='grc' dir='ltr'>ἀληθείᾳ,</span> <span class='ocrx_word' id='word_1_472' title='bbox 3417 2879 3683 2949; x_wconf 82' lang='grc' dir='ltr'>οὐδαμῶς</span> 
     </span>
    </p>
   </div>
   <div class='ocr_carea' id='block_1_63' title="bbox 2092 2972 3683 3046">
    <p class='ocr_par' dir='ltr' id='par_1_63' title="bbox 2092 2972 3683 3046">
     <span class='ocr_line' id='line_1_63' title="bbox 2092 2972 3683 3046; baseline -0.003 -16"><span class='ocrx_word' id='word_1_473' title='bbox 2092 2975 2159 3030; x_wconf 75' lang='grc' dir='ltr'>ἂν</span> <span class='ocrx_word' id='word_1_474' title='bbox 2196 2972 2483 3046; x_wconf 80' lang='grc' dir='ltr'>μαχόμενα</span> <span class='ocrx_word' id='word_1_475' title='bbox 2522 2976 2837 3044; x_wconf 82' lang='grc' dir='ltr'>φθέγξαιτο.</span> <span class='ocrx_word' id='word_1_476' title='bbox 2871 2974 3061 3043; x_wconf 89' lang='grc' dir='ltr'>Ὅμως</span> <span class='ocrx_word' id='word_1_477' title='bbox 3088 2973 3145 3026; x_wconf 79' lang='grc' dir='ltr'>δὲ</span> <span class='ocrx_word' id='word_1_478' title='bbox 3175 2973 3271 3027; x_wconf 79' lang='grc' dir='ltr'>καὶ</span> <span class='ocrx_word' id='word_1_479' title='bbox 3300 2974 3334 3044; x_wconf 77' lang='grc' dir='ltr'><strong>ἡ</strong></span> <span class='ocrx_word' id='word_1_480' title='bbox 3382 2972 3476 3025; x_wconf 84' lang='grc' dir='ltr'>τοῦ</span> <span class='ocrx_word' id='word_1_481' title='bbox 3506 2973 3683 3042; x_wconf 81' lang='grc' dir='ltr'>ῥητοῦ</span> 
     </span>
    </p>
   </div>
   <div class='ocr_carea' id='block_1_64' title="bbox 2094 3066 3681 3140">
    <p class='ocr_par' dir='ltr' id='par_1_64' title="bbox 2094 3066 3681 3140">
     <span class='ocr_line' id='line_1_64' title="bbox 2094 3066 3681 3140; baseline -0.002 -19"><span class='ocrx_word' id='word_1_482' title='bbox 2094 3068 2500 3140; x_wconf 79' lang='grc' dir='ltr'>μεταχείρησις,</span> <span class='ocrx_word' id='word_1_483' title='bbox 2546 3068 2747 3139; x_wconf 76' lang='grc' dir='ltr'>μᾶλλόν</span> <span class='ocrx_word' id='word_1_484' title='bbox 2773 3084 2830 3119; x_wconf 89' lang='grc' dir='ltr'><strong>τε</strong></span> <span class='ocrx_word' id='word_1_485' title='bbox 2864 3066 3044 3119; x_wconf 83' lang='grc' dir='ltr'>αὐτῶν</span> <span class='ocrx_word' id='word_1_486' title='bbox 3077 3066 3176 3136; x_wconf 79' lang='grc' dir='ltr'>τὴν</span> <span class='ocrx_word' id='word_1_487' title='bbox 3204 3066 3551 3135; x_wconf 79' lang='grc' dir='ltr'>συμφωνίαν,</span> <span class='ocrx_word' id='word_1_488' title='bbox 3575 3067 3681 3118; x_wconf 74' lang='grc' dir='ltr'>καὶ</span> 
     </span>
    </p>
   </div>
   <div class='ocr_carea' id='block_1_65' title="bbox 2091 3157 3683 3232">
    <p class='ocr_par' dir='ltr' id='par_1_65' title="bbox 2091 3157 3683 3232">
     <span class='ocr_line' id='line_1_65' title="bbox 2091 3157 3683 3232; baseline -0.003 -17"><span class='ocrx_word' id='word_1_489' title='bbox 2091 3160 2153 3215; x_wconf 76' lang='grc' dir='ltr'>τὸ</span> <span class='ocrx_word' id='word_1_490' title='bbox 2185 3162 2325 3232; x_wconf 82' lang='grc' dir='ltr'>πρὸς</span> <span class='ocrx_word' id='word_1_491' title='bbox 2376 3162 2477 3230; x_wconf 81' lang='grc' dir='ltr'>τὴν</span> <span class='ocrx_word' id='word_1_492' title='bbox 2521 3159 2784 3231; x_wconf 85' lang='grc' dir='ltr'>ἀλήθειαν</span> <span class='ocrx_word' id='word_1_493' title='bbox 2829 3157 3117 3229; x_wconf 77' lang='grc' dir='ltr'>ἐνάμιλλον</span> <span class='ocrx_word' id='word_1_494' title='bbox 3167 3158 3528 3229; x_wconf 76' lang='grc' dir='ltr'>παραστήσει.</span> <span class='ocrx_word' id='word_1_495' title='bbox 3561 3158 3683 3211; x_wconf 79' lang='grc' dir='ltr'>Καί</span> 
     </span>
    </p>
   </div>
   <div class='ocr_carea' id='block_1_66' title="bbox 2096 3246 3684 3324">
    <p class='ocr_par' dir='ltr' id='par_1_66' title="bbox 2096 3246 3684 3324">
     <span class='ocr_line' id='line_1_66' title="bbox 2096 3246 3684 3324; baseline -0.003 -17"><span class='ocrx_word' id='word_1_496' title='bbox 2096 3272 2186 3322; x_wconf 87' lang='grc' dir='ltr'><strong>μοι</strong></span> <span class='ocrx_word' id='word_1_497' title='bbox 2222 3253 2421 3324; x_wconf 83' lang='grc' dir='ltr'>συνόρα</span> <span class='ocrx_word' id='word_1_498' title='bbox 2449 3252 2654 3319; x_wconf 82' lang='grc' dir='ltr'>λοιπὸν,</span> <span class='ocrx_word' id='word_1_499' title='bbox 2686 3253 2762 3316; x_wconf 87' lang='grc' dir='ltr'>ὡς</span> <span class='ocrx_word' id='word_1_500' title='bbox 2787 3246 2943 3315; x_wconf 74' lang='grc' dir='ltr'>οὗτος</span> <span class='ocrx_word' id='word_1_501' title='bbox 2973 3251 3003 3304; x_wconf 88' lang='grc' dir='ltr'><strong>ὁ</strong></span> <span class='ocrx_word' id='word_1_502' title='bbox 3041 3250 3183 3313; x_wconf 85' lang='grc' dir='ltr'>θεῖος</span> <span class='ocrx_word' id='word_1_503' title='bbox 3209 3250 3373 3321; x_wconf 79' lang='grc' dir='ltr'>ἀνὴρ,</span> <span class='ocrx_word' id='word_1_504' title='bbox 3405 3250 3526 3302; x_wconf 82' lang='grc' dir='ltr'>οὐδὲ</span> <span class='ocrx_word' id='word_1_505' title='bbox 3546 3252 3684 3321; x_wconf 80' lang='grc' dir='ltr'>πρό-</span> 
     </span>
    </p>
   </div>
   <div class='ocr_carea' id='block_1_67' title="bbox 2094 3342 3679 3417">
    <p class='ocr_par' dir='ltr' id='par_1_67' title="bbox 2094 3342 3679 3417">
     <span class='ocr_line' id='line_1_67' title="bbox 2094 3342 3679 3417; baseline -0.003 -18"><span class='ocrx_word' id='word_1_506' title='bbox 2094 3346 2258 3417; x_wconf 75' lang='grc' dir='ltr'>φασίν</span> <span class='ocrx_word' id='word_1_507' title='bbox 2300 3363 2423 3399; x_wconf 85' lang='grc' dir='ltr'>τινα</span> <span class='ocrx_word' id='word_1_508' title='bbox 2463 3345 2640 3399; x_wconf 85' lang='grc' dir='ltr'>λιπεῖν</span> <span class='ocrx_word' id='word_1_509' title='bbox 2695 3347 2809 3409; x_wconf 88' lang='grc' dir='ltr'>τοῖς</span> <span class='ocrx_word' id='word_1_510' title='bbox 2859 3342 3192 3413; x_wconf 84' lang='grc' dir='ltr'>αἱρετίζουσι</span> <span class='ocrx_word' id='word_1_511' title='bbox 3247 3342 3679 3415; x_wconf 84' lang='grc' dir='ltr'>προνοούμενος,</span> 
     </span>
    </p>
   </div>
   <div class='ocr_carea' id='block_1_68' title="bbox 400 3431 1983 3511">
    <p class='ocr_par' dir='ltr' id='par_1_68' title="bbox 400 3436 1983 3511">
     <span class='ocr_line' id='line_1_68' title="bbox 400 3436 1983 3511; baseline 0.002 -19"><span class='ocrx_word' id='word_1_512' title='bbox 400 3452 510 3507; x_wconf 82' lang='lat' dir='ltr'><strong>quo</strong></span> <span class='ocrx_word' id='word_1_513' title='bbox 557 3436 682 3492; x_wconf 89' lang='lat' dir='ltr'><strong>licet</strong></span> <span class='ocrx_word' id='word_1_514' title='bbox 733 3436 1047 3493; x_wconf 86' lang='lat' dir='ltr'><strong>frustraneo</strong></span> <span class='ocrx_word' id='word_1_515' title='bbox 1105 3439 1399 3493; x_wconf 89' lang='lat' dir='ltr'><strong>utebantur</strong></span> <span class='ocrx_word' id='word_1_516' title='bbox 1431 3439 1640 3511; x_wconf 75' lang='lat' dir='ltr'><strong>refugio</strong></span> <span class='ocrx_word' id='word_1_517' title='bbox 1688 3439 1983 3509; x_wconf 88' lang='lat' dir='ltr'><strong>impietatis</strong></span> 
     </span>
    </p>
   </div>
   <div class='ocr_carea' id='block_1_69' title="bbox 2087 3431 3681 3511">
    <p class='ocr_par' dir='ltr' id='par_1_69' title="bbox 2089 3435 3681 3509">
     <span class='ocr_line' id='line_1_69' title="bbox 2089 3435 3681 3509; baseline -0.002 -17"><span class='ocrx_word' id='word_1_518' title='bbox 2089 3439 2268 3493; x_wconf 84' lang='grc' dir='ltr'>πάντα</span> <span class='ocrx_word' id='word_1_519' title='bbox 2297 3439 2353 3492; x_wconf 79' lang='grc' dir='ltr'>δὲ</span> <span class='ocrx_word' id='word_1_520' title='bbox 2399 3437 2705 3492; x_wconf 89' lang='grc' dir='ltr'>κατασείων</span> <span class='ocrx_word' id='word_1_521' title='bbox 2727 3438 2792 3491; x_wconf 84' lang='grc' dir='ltr'>ὲκ</span> <span class='ocrx_word' id='word_1_522' title='bbox 2832 3437 3048 3509; x_wconf 82' lang='grc' dir='ltr'>βᾶθρων</span> <span class='ocrx_word' id='word_1_523' title='bbox 3082 3435 3371 3489; x_wconf 83' lang='grc' dir='ltr'>αὐτῶντά</span> <span class='ocrx_word' id='word_1_524' title='bbox 3422 3438 3681 3508; x_wconf 79' lang='grc' dir='ltr'>μηχανή-</span> 
     </span>
    </p>
   </div>
   <div class='ocr_carea' id='block_1_70' title="bbox 400 3531 1979 3601">
    <p class='ocr_par' dir='ltr' id='par_1_70' title="bbox 400 3531 1979 3601">
     <span class='ocr_line' id='line_1_70' title="bbox 400 3531 1979 3601; baseline 0.003 -19"><span class='ocrx_word' id='word_1_525' title='bbox 400 3546 535 3594; x_wconf 81' lang='lat' dir='ltr'><strong>suae,</strong></span> <span class='ocrx_word' id='word_1_526' title='bbox 597 3545 710 3585; x_wconf 69' lang='lat' dir='ltr'><strong>sure</strong></span> <span class='ocrx_word' id='word_1_527' title='bbox 789 3531 1077 3601; x_wconf 90' lang='lat' dir='ltr'><strong>scriptioni</strong></span> <span class='ocrx_word' id='word_1_528' title='bbox 1133 3532 1395 3587; x_wconf 87' lang='lat' dir='ltr'><strong>insertam</strong></span> <span class='ocrx_word' id='word_1_529' title='bbox 1455 3534 1723 3589; x_wconf 88' lang='lat' dir='ltr'><strong>adhibuit.</strong></span> <span class='ocrx_word' id='word_1_530' title='bbox 1778 3531 1979 3588; x_wconf 87' lang='lat' dir='ltr'><strong>Vocem</strong></span> 
     </span>
    </p>
   </div>
   <div class='ocr_carea' id='block_1_71' title="bbox 399 3627 1984 3699">
    <p class='ocr_par' dir='ltr' id='par_1_71' title="bbox 399 3627 1984 3699">
     <span class='ocr_line' id='line_1_71' title="bbox 399 3627 1984 3699; baseline 0.003 -22"><span class='ocrx_word' id='word_1_531' title='bbox 399 3639 528 3693; x_wconf 80' lang='lat' dir='ltr'><strong>ergo</strong></span> <span class='ocrx_word' id='word_1_532' title='bbox 562 3633 874 3695; x_wconf 83' lang='lat' dir='ltr'><strong>amputans,</strong></span> <span class='ocrx_word' id='word_1_533' title='bbox 902 3636 953 3679; x_wconf 91' lang='lat' dir='ltr'><strong>et</strong></span> <span class='ocrx_word' id='word_1_534' title='bbox 990 3642 1097 3681; x_wconf 91' lang='lat' dir='ltr'><strong>una</strong></span> <span class='ocrx_word' id='word_1_535' title='bbox 1135 3628 1388 3682; x_wconf 82' lang='lat' dir='ltr'><strong>eximens</strong></span> <span class='ocrx_word' id='word_1_536' title='bbox 1415 3627 1711 3697; x_wconf 88' lang='lat' dir='ltr'><strong>impietatis</strong></span> <span class='ocrx_word' id='word_1_537' title='bbox 1737 3627 1984 3699; x_wconf 79' lang='lat' dir='ltr'><strong>occasio-</strong></span> 
     </span>
    </p>
   </div>
   <div class='ocr_carea' id='block_1_72' title="bbox 402 3716 1984 3789">
    <p class='ocr_par' dir='ltr' id='par_1_72' title="bbox 402 3716 1984 3789">
     <span class='ocr_line' id='line_1_72' title="bbox 402 3716 1984 3789; baseline 0.003 -22"><span class='ocrx_word' id='word_1_538' title='bbox 402 3732 549 3777; x_wconf 62' lang='lat' dir='ltr'><strong>nrm.</strong></span> <span class='ocrx_word' id='word_1_539' title='bbox 592 3730 621 3768; x_wconf 86' lang='lat' dir='ltr'><strong>a</strong></span> <span class='ocrx_word' id='word_1_540' title='bbox 652 3716 908 3771; x_wconf 86' lang='lat' dir='ltr'><strong>deorsum</strong></span> <span class='ocrx_word' id='word_1_541' title='bbox 941 3727 996 3770; x_wconf 91' lang='lat' dir='ltr'><strong>et</strong></span> <span class='ocrx_word' id='word_1_542' title='bbox 1026 3718 1160 3788; x_wconf 91' lang='lat' dir='ltr'><strong>ipse,</strong></span> <span class='ocrx_word' id='word_1_543' title='bbox 1200 3717 1660 3788; x_wconf 80' lang='lat' dir='ltr'><strong>quemadmodum</strong></span> <span class='ocrx_word' id='word_1_544' title='bbox 1700 3719 1984 3789; x_wconf 84' lang='lat' dir='ltr'><strong>synltiero-</strong></span> 
     </span>
    </p>
   </div>
   <div class='ocr_carea' id='block_1_73' title="bbox 403 3807 1986 3881">
    <p class='ocr_par' dir='ltr' id='par_1_73' title="bbox 403 3807 1986 3881">
     <span class='ocr_line' id='line_1_73' title="bbox 403 3807 1986 3881; baseline 0.006 -24"><span class='ocrx_word' id='word_1_545' title='bbox 403 3807 603 3875; x_wconf 86' lang='lat' dir='ltr'><strong>phanta</strong></span> <span class='ocrx_word' id='word_1_546' title='bbox 635 3809 882 3862; x_wconf 88' lang='lat' dir='ltr'><strong>ascendit</strong></span> <span class='ocrx_word' id='word_1_547' title='bbox 912 3824 1085 3878; x_wconf 92' lang='lat' dir='ltr'><strong>usque</strong></span> <span class='ocrx_word' id='word_1_548' title='bbox 1107 3811 1174 3864; x_wconf 90' lang='lat' dir='ltr'><strong>ad</strong></span> <span class='ocrx_word' id='word_1_549' title='bbox 1204 3811 1445 3881; x_wconf 83' lang='lat' dir='ltr'><strong>angelos,</strong></span> <span class='ocrx_word' id='word_1_550' title='bbox 1466 3821 1521 3865; x_wconf 91' lang='lat' dir='ltr'><strong>et</strong></span> <span class='ocrx_word' id='word_1_551' title='bbox 1541 3809 1681 3879; x_wconf 89' lang='lat' dir='ltr'><strong>apud</strong></span> <span class='ocrx_word' id='word_1_552' title='bbox 1709 3826 1803 3865; x_wconf 86' lang='lat' dir='ltr'><strong>eos</strong></span> <span class='ocrx_word' id='word_1_553' title='bbox 1833 3810 1986 3879; x_wconf 83' lang='lat' dir='ltr'><strong>igno-</strong></span> 
     </span>
    </p>
   </div>
   <div class='ocr_carea' id='block_1_74' title="bbox 405 3899 1977 3973">
    <p class='ocr_par' dir='ltr' id='par_1_74' title="bbox 405 3899 1977 3973">
     <span class='ocr_line' id='line_1_74' title="bbox 405 3899 1977 3973; baseline 0.004 -22"><span class='ocrx_word' id='word_1_554' title='bbox 405 3899 637 3953; x_wconf 85' lang='lat' dir='ltr'><strong>rantiam</strong></span> <span class='ocrx_word' id='word_1_555' title='bbox 672 3900 1092 3965; x_wconf 85' lang='lat' dir='ltr'><strong>circumscribit,</strong></span> <span class='ocrx_word' id='word_1_556' title='bbox 1114 3916 1237 3955; x_wconf 88' lang='lat' dir='ltr'><strong>eum</strong></span> <span class='ocrx_word' id='word_1_557' title='bbox 1268 3917 1375 3972; x_wconf 85' lang='lat' dir='ltr'><strong>qua</strong></span> <span class='ocrx_word' id='word_1_558' title='bbox 1400 3901 1666 3957; x_wconf 89' lang='lat' dir='ltr'><strong>orationis</strong></span> <span class='ocrx_word' id='word_1_559' title='bbox 1686 3901 1977 3973; x_wconf 86' lang='lat' dir='ltr'><strong>periodum</strong></span> 
     </span>
    </p>
   </div>
   <div class='ocr_carea' id='block_1_75' title="bbox 407 3990 1983 4062">
    <p class='ocr_par' dir='ltr' id='par_1_75' title="bbox 407 3990 1983 4062">
     <span class='ocr_line' id='line_1_75' title="bbox 407 3990 1983 4062; baseline 0.005 -21"><span class='ocrx_word' id='word_1_560' title='bbox 407 3991 545 4051; x_wconf 86' lang='lat' dir='ltr'><strong>linit,</strong></span> <span class='ocrx_word' id='word_1_561' title='bbox 577 3990 645 4044; x_wconf 85' lang='lat' dir='ltr'><strong>ab</strong></span> <span class='ocrx_word' id='word_1_562' title='bbox 676 3990 783 4045; x_wconf 86' lang='lat' dir='ltr'><strong>alio</strong></span> <span class='ocrx_word' id='word_1_563' title='bbox 817 3991 1070 4061; x_wconf 86' lang='lat' dir='ltr'><strong>deinceps</strong></span> <span class='ocrx_word' id='word_1_564' title='bbox 1098 3993 1366 4062; x_wconf 90' lang='lat' dir='ltr'><strong>principio</strong></span> <span class='ocrx_word' id='word_1_565' title='bbox 1398 4008 1650 4059; x_wconf 81' lang='lat' dir='ltr'><strong>exorsus,</strong></span> <span class='ocrx_word' id='word_1_566' title='bbox 1672 4009 1779 4047; x_wconf 93' lang='lat' dir='ltr'><strong>non</strong></span> <span class='ocrx_word' id='word_1_567' title='bbox 1805 3994 1983 4050; x_wconf 91' lang='lat' dir='ltr'><strong>solum</strong></span> 
     </span>
    </p>
   </div>
   <div class='ocr_carea' id='block_1_76' title="bbox 407 4080 1987 4153">
    <p class='ocr_par' dir='ltr' id='par_1_76' title="bbox 407 4080 1987 4153">
     <span class='ocr_line' id='line_1_76' title="bbox 407 4080 1987 4153; baseline 0.003 -19"><span class='ocrx_word' id='word_1_568' title='bbox 407 4081 610 4134; x_wconf 88' lang='lat' dir='ltr'><strong>nullam</strong></span> <span class='ocrx_word' id='word_1_569' title='bbox 648 4080 941 4149; x_wconf 83' lang='lat' dir='ltr'><strong>Unigenito</strong></span> <span class='ocrx_word' id='word_1_570' title='bbox 972 4083 1335 4153; x_wconf 86' lang='lat' dir='ltr'><strong>ignorantiam</strong></span> <span class='ocrx_word' id='word_1_571' title='bbox 1379 4084 1632 4151; x_wconf 86' lang='lat' dir='ltr'><strong>ascribit,</strong></span> <span class='ocrx_word' id='word_1_572' title='bbox 1661 4085 1754 4139; x_wconf 90' lang='lat' dir='ltr'><strong>sed</strong></span> <span class='ocrx_word' id='word_1_573' title='bbox 1788 4100 1818 4140; x_wconf 90' lang='lat' dir='ltr'><strong>e</strong></span> <span class='ocrx_word' id='word_1_574' title='bbox 1856 4102 1987 4141; x_wconf 78' lang='lat' dir='ltr'><strong>eon-</strong></span> 
     </span>
    </p>
   </div>
   <div class='ocr_carea' id='block_1_77' title="bbox 402 4174 1979 4247">
    <p class='ocr_par' dir='ltr' id='par_1_77' title="bbox 402 4174 1979 4247">
     <span class='ocr_line' id='line_1_77' title="bbox 402 4174 1979 4247; baseline 0.002 -19"><span class='ocrx_word' id='word_1_575' title='bbox 402 4187 483 4228; x_wconf 85' lang='lat' dir='ltr'><strong>tra</strong></span> <span class='ocrx_word' id='word_1_576' title='bbox 504 4174 659 4243; x_wconf 87' lang='lat' dir='ltr'><strong>plane</strong></span> <span class='ocrx_word' id='word_1_577' title='bbox 683 4174 859 4229; x_wconf 88' lang='lat' dir='ltr'><strong>Patris</strong></span> <span class='ocrx_word' id='word_1_578' title='bbox 881 4176 1242 4247; x_wconf 82' lang='lat' dir='ltr'><strong>cognitionem</strong></span> <span class='ocrx_word' id='word_1_579' title='bbox 1275 4177 1471 4234; x_wconf 86' lang='lat' dir='ltr'><strong>habere</strong></span> <span class='ocrx_word' id='word_1_580' title='bbox 1491 4176 1639 4232; x_wconf 91' lang='lat' dir='ltr'><strong>illum</strong></span> <span class='ocrx_word' id='word_1_581' title='bbox 1665 4176 1979 4247; x_wconf 82' lang='lat' dir='ltr'><strong>proﬁtetur;</strong></span> 
     </span>
    </p>
   </div>
   <div class='ocr_carea' id='block_1_78' title="bbox 402 4266 1983 4331">
    <p class='ocr_par' dir='ltr' id='par_1_78' title="bbox 402 4266 1983 4331">
     <span class='ocr_line' id='line_1_78' title="bbox 402 4266 1983 4331; baseline 0.004 -13"><span class='ocrx_word' id='word_1_582' title='bbox 402 4282 509 4319; x_wconf 89' lang='lat' dir='ltr'><strong>non</strong></span> <span class='ocrx_word' id='word_1_583' title='bbox 565 4266 709 4320; x_wconf 88' lang='lat' dir='ltr'><strong>illam</strong></span> <span class='ocrx_word' id='word_1_584' title='bbox 759 4267 955 4331; x_wconf 88' lang='lat' dir='ltr'><strong>modo,</strong></span> <span class='ocrx_word' id='word_1_585' title='bbox 989 4270 1083 4323; x_wconf 90' lang='lat' dir='ltr'><strong>sed</strong></span> <span class='ocrx_word' id='word_1_586' title='bbox 1124 4269 1271 4325; x_wconf 90' lang='lat' dir='ltr'><strong>illius</strong></span> <span class='ocrx_word' id='word_1_587' title='bbox 1314 4268 1536 4325; x_wconf 88' lang='lat' dir='ltr'><strong>modum</strong></span> <span class='ocrx_word' id='word_1_588' title='bbox 1585 4278 1640 4323; x_wconf 89' lang='lat' dir='ltr'><strong>et</strong></span> <span class='ocrx_word' id='word_1_589' title='bbox 1669 4284 1983 4324; x_wconf 90' lang='lat' dir='ltr'><strong>mensuram</strong></span> 
     </span>
    </p>
   </div>
   <div class='ocr_carea' id='block_1_79' title="bbox 398 4357 1983 4430">
    <p class='ocr_par' dir='ltr' id='par_1_79' title="bbox 398 4357 1983 4430">
     <span class='ocr_line' id='line_1_79' title="bbox 398 4357 1983 4430; baseline 0.002 -21"><span class='ocrx_word' id='word_1_590' title='bbox 398 4357 660 4421; x_wconf 84' lang='lat' dir='ltr'><strong>declarat,</strong></span> <span class='ocrx_word' id='word_1_591' title='bbox 692 4357 853 4427; x_wconf 85' lang='lat' dir='ltr'><strong>cujus</strong></span> <span class='ocrx_word' id='word_1_592' title='bbox 893 4365 952 4413; x_wconf 86' lang='lat' dir='ltr'><strong>ut</strong></span> <span class='ocrx_word' id='word_1_593' title='bbox 988 4368 1042 4413; x_wconf 91' lang='lat' dir='ltr'><strong>et</strong></span> <span class='ocrx_word' id='word_1_594' title='bbox 1076 4360 1388 4413; x_wconf 83' lang='lat' dir='ltr'><strong>divinarum</strong></span> <span class='ocrx_word' id='word_1_595' title='bbox 1420 4359 1865 4430; x_wconf 87' lang='lat' dir='ltr'><strong>naturaliumque</strong></span> <span class='ocrx_word' id='word_1_596' title='bbox 1898 4360 1983 4414; x_wconf 91' lang='lat' dir='ltr'><strong>di-</strong></span> 
     </span>
    </p>
   </div>
   <div class='ocr_carea' id='block_1_80' title="bbox 403 4447 1981 4524">
    <p class='ocr_par' dir='ltr' id='par_1_80' title="bbox 403 4447 1981 4524">
     <span class='ocr_line' id='line_1_80' title="bbox 403 4447 1981 4524; baseline 0.005 -24"><span class='ocrx_word' id='word_1_597' title='bbox 403 4447 672 4517; x_wconf 64' lang='lat' dir='ltr'><strong>gnitatum</strong></span> <span class='ocrx_word' id='word_1_598' title='bbox 698 4450 901 4504; x_wconf 88' lang='lat' dir='ltr'><strong>fontem</strong></span> <span class='ocrx_word' id='word_1_599' title='bbox 928 4465 1047 4506; x_wconf 88' lang='lat' dir='ltr'><strong>esse</strong></span> <span class='ocrx_word' id='word_1_600' title='bbox 1070 4448 1284 4507; x_wconf 89' lang='lat' dir='ltr'><strong>Patrem</strong></span> <span class='ocrx_word' id='word_1_601' title='bbox 1317 4452 1454 4508; x_wconf 90' lang='lat' dir='ltr'><strong>Filio</strong></span> <span class='ocrx_word' id='word_1_602' title='bbox 1482 4452 1781 4524; x_wconf 85' lang='lat' dir='ltr'><strong>theologiee</strong></span> <span class='ocrx_word' id='word_1_603' title='bbox 1802 4454 1981 4508; x_wconf 90' lang='lat' dir='ltr'><strong>docet.</strong></span> 
     </span>
    </p>
   </div>
   <div class='ocr_carea' id='block_1_81' title="bbox 396 4541 1983 4614">
    <p class='ocr_par' dir='ltr' id='par_1_81' title="bbox 396 4541 1983 4614">
     <span class='ocr_line' id='line_1_81' title="bbox 396 4541 1983 4614; baseline 0.005 -23"><span class='ocrx_word' id='word_1_604' title='bbox 396 4541 536 4608; x_wconf 82' lang='lat' dir='ltr'><strong>Quid</strong></span> <span class='ocrx_word' id='word_1_605' title='bbox 586 4552 771 4597; x_wconf 88' lang='lat' dir='ltr'><strong>autem</strong></span> <span class='ocrx_word' id='word_1_606' title='bbox 831 4544 985 4611; x_wconf 79' lang='lat' dir='ltr'><strong>dicit;</strong></span> <span class='ocrx_word' id='word_1_607' title='bbox 1027 4562 1044 4595; x_wconf 78' lang='grc' dir='ltr'><strong>ι</strong></span> <span class='ocrx_word' id='word_1_608' title='bbox 1078 4559 1255 4614; x_wconf 88' lang='lat' dir='ltr'><strong>neque</strong></span> <span class='ocrx_word' id='word_1_609' title='bbox 1276 4543 1447 4600; x_wconf 85' lang='lat' dir='ltr'><strong>Filius</strong></span> <span class='ocrx_word' id='word_1_610' title='bbox 1477 4546 1660 4610; x_wconf 83' lang='lat' dir='ltr'><strong>sciret,</strong></span> <span class='ocrx_word' id='word_1_611' title='bbox 1687 4545 1792 4601; x_wconf 89' lang='lat' dir='ltr'><strong>nisi</strong></span> <span class='ocrx_word' id='word_1_612' title='bbox 1822 4543 1983 4599; x_wconf 84' lang='lat' dir='ltr'><strong>Pater</strong></span> 
     </span>
    </p>
   </div>
   <div class='ocr_carea' id='block_1_82' title="bbox 396 4634 1978 4708">
    <p class='ocr_par' dir='ltr' id='par_1_82' title="bbox 396 4634 1978 4708">
     <span class='ocr_line' id='line_1_82' title="bbox 396 4634 1978 4708; baseline 0.001 -19"><span class='ocrx_word' id='word_1_613' title='bbox 396 4634 697 4689; x_wconf 76' lang='lat' dir='ltr'><strong>revelaret?</strong></span> <span class='ocrx_word' id='word_1_614' title='bbox 740 4654 759 4687; x_wconf 74' lang='grc' dir='ltr'><strong>ι</strong></span> <span class='ocrx_word' id='word_1_615' title='bbox 825 4635 930 4690; x_wconf 93' lang='lat' dir='ltr'><strong>hoc</strong></span> <span class='ocrx_word' id='word_1_616' title='bbox 977 4645 1083 4702; x_wconf 92' lang='lat' dir='ltr'><strong>est,</strong></span> <span class='ocrx_word' id='word_1_617' title='bbox 1138 4637 1206 4691; x_wconf 88' lang='lat' dir='ltr'><strong>ab</strong></span> <span class='ocrx_word' id='word_1_618' title='bbox 1241 4652 1307 4691; x_wconf 90' lang='lat' dir='ltr'><strong>eo</strong></span> <span class='ocrx_word' id='word_1_619' title='bbox 1354 4636 1505 4693; x_wconf 88' lang='lat' dir='ltr'><strong>fonte</strong></span> <span class='ocrx_word' id='word_1_620' title='bbox 1548 4636 1670 4692; x_wconf 85' lang='lat' dir='ltr'><strong>ﬂuit</strong></span> <span class='ocrx_word' id='word_1_621' title='bbox 1720 4636 1978 4708; x_wconf 81' lang='lat' dir='ltr'><strong>cognitio,</strong></span> 
     </span>
    </p>
   </div>
   <div class='ocr_carea' id='block_1_83' title="bbox 2092 3528 3678 3604">
    <p class='ocr_par' dir='ltr' id='par_1_83' title="bbox 2092 3528 3678 3604">
     <span class='ocr_line' id='line_1_83' title="bbox 2092 3528 3678 3604; baseline 0 -18"><span class='ocrx_word' id='word_1_622' title='bbox 2092 3549 2259 3603; x_wconf 79' lang='grc' dir='ltr'>ματα,</span> <span class='ocrx_word' id='word_1_623' title='bbox 2290 3534 2410 3589; x_wconf 78' lang='grc' dir='ltr'>οὐδὲ</span> <span class='ocrx_word' id='word_1_624' title='bbox 2454 3532 2515 3587; x_wconf 80' lang='grc' dir='ltr'>τὸ</span> <span class='ocrx_word' id='word_1_625' title='bbox 2559 3535 2760 3602; x_wconf 73' lang='grc' dir='ltr'>μόνος,</span> <span class='ocrx_word' id='word_1_626' title='bbox 2792 3536 2929 3603; x_wconf 81' lang='grc' dir='ltr'>ὅπερ</span> <span class='ocrx_word' id='word_1_627' title='bbox 2958 3533 3025 3587; x_wconf 80' lang='grc' dir='ltr'>ἂν</span> <span class='ocrx_word' id='word_1_628' title='bbox 3062 3528 3130 3604; x_wconf 78' lang='grc' dir='ltr'>ἦν</span> <span class='ocrx_word' id='word_1_629' title='bbox 3177 3533 3411 3597; x_wconf 77' lang='grc' dir='ltr'>ἐκείνοις</span> <span class='ocrx_word' id='word_1_630' title='bbox 3436 3534 3678 3587; x_wconf 72' lang='grc' dir='ltr'>ἐνταῦθα</span> 
     </span>
    </p>
   </div>
   <div class='ocr_carea' id='block_1_84' title="bbox 2089 3625 3673 3697">
    <p class='ocr_par' dir='ltr' id='par_1_84' title="bbox 2089 3625 3673 3697">
     <span class='ocr_line' id='line_1_84' title="bbox 2089 3625 3673 3697; baseline 0.001 -18"><span class='ocrx_word' id='word_1_631' title='bbox 2089 3625 2504 3697; x_wconf 83' lang='grc' dir='ltr'>προσκείμενον,</span> <span class='ocrx_word' id='word_1_632' title='bbox 2541 3627 2588 3678; x_wconf 84' lang='grc' dir='ltr'><strong>εί</strong></span> <span class='ocrx_word' id='word_1_633' title='bbox 2617 3626 2711 3678; x_wconf 77' lang='grc' dir='ltr'>καὶ</span> <span class='ocrx_word' id='word_1_634' title='bbox 2741 3625 2942 3695; x_wconf 81' lang='grc' dir='ltr'>μάτην,</span> <span class='ocrx_word' id='word_1_635' title='bbox 2977 3626 3270 3697; x_wconf 82' lang='grc' dir='ltr'>καταφυγὴ</span> <span class='ocrx_word' id='word_1_636' title='bbox 3302 3626 3348 3680; x_wconf 82' lang='grc' dir='ltr'>δ’</span> <span class='ocrx_word' id='word_1_637' title='bbox 3390 3627 3542 3696; x_wconf 79' lang='grc' dir='ltr'>ὅμως</span> <span class='ocrx_word' id='word_1_638' title='bbox 3571 3627 3673 3680; x_wconf 72' lang='grc' dir='ltr'><strong>τοῦ</strong></span> 
     </span>
    </p>
   </div>
   <div class='ocr_carea' id='block_1_85' title="bbox 2086 3716 3678 3790">
    <p class='ocr_par' dir='ltr' id='par_1_85' title="bbox 2086 3716 3678 3790">
     <span class='ocr_line' id='line_1_85' title="bbox 2086 3716 3678 3790; baseline -0.001 -19"><span class='ocrx_word' id='word_1_639' title='bbox 2086 3718 2522 3788; x_wconf 78' lang='grc' dir='ltr'>δυσσεϐἡματος,</span> <span class='ocrx_word' id='word_1_640' title='bbox 2553 3716 2672 3770; x_wconf 77' lang='grc' dir='ltr'>οὐδὲ</span> <span class='ocrx_word' id='word_1_641' title='bbox 2691 3717 2850 3770; x_wconf 82' lang='grc' dir='ltr'>τοῦτο</span> <span class='ocrx_word' id='word_1_642' title='bbox 2882 3718 2946 3788; x_wconf 75' lang='grc' dir='ltr'>τῇ</span> <span class='ocrx_word' id='word_1_643' title='bbox 2988 3719 3165 3789; x_wconf 72' lang='grc' dir='ltr'>οἰκεία</span> <span class='ocrx_word' id='word_1_644' title='bbox 3198 3720 3384 3789; x_wconf 75' lang='grc' dir='ltr'>γραφῇ</span> <span class='ocrx_word' id='word_1_645' title='bbox 3434 3730 3678 3790; x_wconf 71' lang='grc' dir='ltr'>προσηρο</span> 
     </span>
    </p>
   </div>
   <div class='ocr_carea' id='block_1_86' title="bbox 2091 3808 3685 3881">
    <p class='ocr_par' dir='ltr' id='par_1_86' title="bbox 2091 3808 3685 3881">
     <span class='ocr_line' id='line_1_86' title="bbox 2091 3808 3685 3881; baseline 0.001 -20"><span class='ocrx_word' id='word_1_646' title='bbox 2091 3810 2294 3879; x_wconf 84' lang='grc' dir='ltr'>μόσατο</span> <span class='ocrx_word' id='word_1_647' title='bbox 2326 3825 2343 3842; x_wconf 70' lang='grc' dir='ltr'><strong>ο</strong></span> <span class='ocrx_word' id='word_1_648' title='bbox 2405 3808 2674 3880; x_wconf 85' lang='grc' dir='ltr'>περιελὼν</span> <span class='ocrx_word' id='word_1_649' title='bbox 2725 3809 2784 3861; x_wconf 86' lang='grc' dir='ltr'>δὲ</span> <span class='ocrx_word' id='word_1_650' title='bbox 2836 3810 2934 3881; x_wconf 81' lang='grc' dir='ltr'>τὴν</span> <span class='ocrx_word' id='word_1_651' title='bbox 3002 3809 3146 3875; x_wconf 83' lang='grc' dir='ltr'>λέξιν</span> <span class='ocrx_word' id='word_1_652' title='bbox 3204 3810 3299 3863; x_wconf 77' lang='grc' dir='ltr'>καὶ</span> <span class='ocrx_word' id='word_1_653' title='bbox 3370 3809 3685 3876; x_wconf 74' lang='grc' dir='ltr'>συνεξελὼν</span> 
     </span>
    </p>
   </div>
   <div class='ocr_carea' id='block_1_87' title="bbox 2086 3897 3677 3970">
    <p class='ocr_par' dir='ltr' id='par_1_87' title="bbox 2086 3897 3677 3970">
     <span class='ocr_line' id='line_1_87' title="bbox 2086 3897 3677 3970; baseline 0.001 -19"><span class='ocrx_word' id='word_1_654' title='bbox 2086 3899 2267 3961; x_wconf 86' lang='grc' dir='ltr'>αὐτοῖς</span> <span class='ocrx_word' id='word_1_655' title='bbox 2302 3907 2324 3935; x_wconf 77' lang='grc' dir='ltr'><strong>ι</strong></span> <span class='ocrx_word' id='word_1_656' title='bbox 2346 3898 2444 3967; x_wconf 84' lang='grc' dir='ltr'>τῆς</span> <span class='ocrx_word' id='word_1_657' title='bbox 2471 3897 2735 3969; x_wconf 80' lang='grc' dir='ltr'>πονηρίας</span> <span class='ocrx_word' id='word_1_658' title='bbox 2756 3897 2854 3970; x_wconf 79' lang='grc' dir='ltr'>τὴν</span> <span class='ocrx_word' id='word_1_659' title='bbox 2882 3900 3178 3970; x_wconf 73' lang='grc' dir='ltr'>πρόφασιν,</span> <span class='ocrx_word' id='word_1_660' title='bbox 3224 3900 3401 3953; x_wconf 77' lang='grc' dir='ltr'>ἄνεισι</span> <span class='ocrx_word' id='word_1_661' title='bbox 3427 3899 3528 3969; x_wconf 82' lang='grc' dir='ltr'>μὲν</span> <span class='ocrx_word' id='word_1_662' title='bbox 3576 3903 3677 3953; x_wconf 79' lang='grc' dir='ltr'>καὶ</span> 
     </span>
    </p>
   </div>
   <div class='ocr_carea' id='block_1_88' title="bbox 2086 3988 3677 4064">
    <p class='ocr_par' dir='ltr' id='par_1_88' title="bbox 2086 3988 3677 4064">
     <span class='ocr_line' id='line_1_88' title="bbox 2086 3988 3677 4064; baseline 0.001 -20"><span class='ocrx_word' id='word_1_663' title='bbox 2086 3991 2272 4063; x_wconf 79' lang='grc' dir='ltr'>αὐτὸς,</span> <span class='ocrx_word' id='word_1_664' title='bbox 2307 3988 2497 4062; x_wconf 79' lang='grc' dir='ltr'>ὥσπερ</span> <span class='ocrx_word' id='word_1_665' title='bbox 2528 3989 2556 4044; x_wconf 87' lang='grc' dir='ltr'>ὀ</span> <span class='ocrx_word' id='word_1_666' title='bbox 2595 3992 3045 4063; x_wconf 81' lang='grc' dir='ltr'>συνιεροφάντης,</span> <span class='ocrx_word' id='word_1_667' title='bbox 3080 3995 3146 4046; x_wconf 78' lang='grc' dir='ltr'>ὲκ</span> <span class='ocrx_word' id='word_1_668' title='bbox 3208 3990 3321 4046; x_wconf 85' lang='grc' dir='ltr'><strong>τῶν</strong></span> <span class='ocrx_word' id='word_1_669' title='bbox 3371 3994 3677 4064; x_wconf 81' lang='grc' dir='ltr'>κατωτέρω</span> 
     </span>
    </p>
   </div>
   <div class='ocr_carea' id='block_1_89' title="bbox 2090 4082 3683 4165">
    <p class='ocr_par' dir='ltr' id='par_1_89' title="bbox 2090 4082 3683 4165">
     <span class='ocr_line' id='line_1_89' title="bbox 2090 4082 3683 4165; baseline 0.002 -31"><span class='ocrx_word' id='word_1_670' title='bbox 2090 4083 2253 4153; x_wconf 87' lang='grc' dir='ltr'>μέχρι</span> <span class='ocrx_word' id='word_1_671' title='bbox 2283 4083 2339 4136; x_wconf 84' lang='grc' dir='ltr'>δὲ</span> <span class='ocrx_word' id='word_1_672' title='bbox 2365 4083 2474 4137; x_wconf 84' lang='grc' dir='ltr'><strong>τῶν</strong></span> <span class='ocrx_word' id='word_1_673' title='bbox 2513 4083 2762 4153; x_wconf 79' lang='grc' dir='ltr'>ἀγγέλων</span> <span class='ocrx_word' id='word_1_674' title='bbox 2799 4083 3035 4152; x_wconf 80' lang='grc' dir='ltr'>φθάσας,</span> <span class='ocrx_word' id='word_1_675' title='bbox 3070 4082 3164 4139; x_wconf 74' lang='grc' dir='ltr'>καὶ</span> <span class='ocrx_word' id='word_1_676' title='bbox 3210 4085 3269 4138; x_wconf 82' lang='grc' dir='ltr'>σὲ</span> <span class='ocrx_word' id='word_1_677' title='bbox 3302 4086 3683 4165; x_wconf 46' lang='grc' dir='ltr'>περιγράφει,</span> 
     </span>
    </p>
   </div>
   <div class='ocr_carea' id='block_1_90' title="bbox 2084 4172 3675 4247">
    <p class='ocr_par' dir='ltr' id='par_1_90' title="bbox 2084 4172 3675 4247">
     <span class='ocr_line' id='line_1_90' title="bbox 2084 4172 3675 4247; baseline 0.001 -19"><span class='ocrx_word' id='word_1_678' title='bbox 2084 4175 2184 4247; x_wconf 83' lang='grc' dir='ltr'>τὴν</span> <span class='ocrx_word' id='word_1_679' title='bbox 2249 4176 2473 4244; x_wconf 76' lang='grc' dir='ltr'>ἄγνοιαν</span> <span class='ocrx_word' id='word_1_680' title='bbox 2521 4175 2937 4246; x_wconf 79' lang='grc' dir='ltr'>συναπαρτίζων</span> <span class='ocrx_word' id='word_1_681' title='bbox 2971 4172 3133 4247; x_wconf 77' lang='grc' dir='ltr'>αὐτῇ,</span> <span class='ocrx_word' id='word_1_682' title='bbox 3162 4176 3256 4229; x_wconf 77' lang='grc' dir='ltr'>καὶ</span> <span class='ocrx_word' id='word_1_683' title='bbox 3289 4176 3390 4245; x_wconf 80' lang='grc' dir='ltr'>τὴν</span> <span class='ocrx_word' id='word_1_684' title='bbox 3429 4176 3528 4229; x_wconf 81' lang='grc' dir='ltr'><strong>τοῦ</strong></span> <span class='ocrx_word' id='word_1_685' title='bbox 3580 4173 3675 4229; x_wconf 78' lang='grc' dir='ltr'>λό-</span> 
     </span>
    </p>
   </div>
   <div class='ocr_carea' id='block_1_91' title="bbox 2085 4266 3671 4340">
    <p class='ocr_par' dir='ltr' id='par_1_91' title="bbox 2085 4266 3671 4340">
     <span class='ocr_line' id='line_1_91' title="bbox 2085 4266 3671 4340; baseline 0 -20"><span class='ocrx_word' id='word_1_686' title='bbox 2085 4282 2183 4337; x_wconf 89' lang='grc' dir='ltr'><strong>γου</strong></span> <span class='ocrx_word' id='word_1_687' title='bbox 2214 4268 2462 4339; x_wconf 79' lang='grc' dir='ltr'>περίοδον</span> <span class='ocrx_word' id='word_1_688' title='bbox 2492 4283 2506 4298; x_wconf 72' lang='grc' dir='ltr'><strong>ο</strong></span> <span class='ocrx_word' id='word_1_689' title='bbox 2533 4269 2627 4321; x_wconf 85' lang='grc' dir='ltr'><strong>ἀπ’</strong></span> <span class='ocrx_word' id='word_1_690' title='bbox 2666 4268 2833 4338; x_wconf 83' lang='grc' dir='ltr'>ἄλλης</span> <span class='ocrx_word' id='word_1_691' title='bbox 2876 4266 2922 4322; x_wconf 86' lang='grc' dir='ltr'>δ’</span> <span class='ocrx_word' id='word_1_692' title='bbox 2972 4269 3148 4340; x_wconf 83' lang='grc' dir='ltr'>ἀρχῆς</span> <span class='ocrx_word' id='word_1_693' title='bbox 3181 4267 3369 4323; x_wconf 78' lang='grc' dir='ltr'>λοιπὸν</span> <span class='ocrx_word' id='word_1_694' title='bbox 3418 4269 3671 4339; x_wconf 79' lang='grc' dir='ltr'>ἀπαρχό-</span> 
     </span>
    </p>
   </div>
   <div class='ocr_carea' id='block_1_92' title="bbox 2089 4357 3673 4431">
    <p class='ocr_par' dir='ltr' id='par_1_92' title="bbox 2089 4357 3673 4431">
     <span class='ocr_line' id='line_1_92' title="bbox 2089 4357 3673 4431; baseline 0.001 -20"><span class='ocrx_word' id='word_1_695' title='bbox 2089 4375 2269 4428; x_wconf 90' lang='grc' dir='ltr'>μενος,</span> <span class='ocrx_word' id='word_1_696' title='bbox 2295 4359 2357 4412; x_wconf 94' lang='grc' dir='ltr'><strong>οὐ</strong></span> <span class='ocrx_word' id='word_1_697' title='bbox 2418 4359 2578 4429; x_wconf 86' lang='grc' dir='ltr'>μόνον</span> <span class='ocrx_word' id='word_1_698' title='bbox 2633 4357 2891 4431; x_wconf 81' lang='grc' dir='ltr'>οὐδεμίαν</span> <span class='ocrx_word' id='word_1_699' title='bbox 2931 4359 3156 4429; x_wconf 80' lang='grc' dir='ltr'>ἄγνοιαν</span> <span class='ocrx_word' id='word_1_700' title='bbox 3216 4360 3543 4430; x_wconf 78' lang='grc' dir='ltr'>ἐπιφημίζει</span> <span class='ocrx_word' id='word_1_701' title='bbox 3590 4358 3673 4430; x_wconf 82' lang='grc' dir='ltr'>τῷ</span> 
     </span>
    </p>
   </div>
   <div class='ocr_carea' id='block_1_93' title="bbox 2084 4450 3671 4523">
    <p class='ocr_par' dir='ltr' id='par_1_93' title="bbox 2084 4450 3671 4523">
     <span class='ocr_line' id='line_1_93' title="bbox 2084 4450 3671 4523; baseline -0.003 -16"><span class='ocrx_word' id='word_1_702' title='bbox 2084 4453 2382 4522; x_wconf 81' lang='grc' dir='ltr'>Μονογενεῖ</span> <span class='ocrx_word' id='word_1_703' title='bbox 2400 4493 2414 4515; x_wconf 92' lang='grc'><strong>,</strong></span> <span class='ocrx_word' id='word_1_704' title='bbox 2441 4453 2577 4507; x_wconf 87' lang='grc' dir='ltr'><strong>ἀλλά</strong></span> <span class='ocrx_word' id='word_1_705' title='bbox 2606 4453 2702 4507; x_wconf 77' lang='grc' dir='ltr'>καὶ</span> <span class='ocrx_word' id='word_1_706' title='bbox 2728 4455 2837 4508; x_wconf 77' lang='grc' dir='ltr'>πᾶν</span> <span class='ocrx_word' id='word_1_707' title='bbox 2879 4453 3192 4507; x_wconf 85' lang='grc' dir='ltr'>τούναντίον</span> <span class='ocrx_word' id='word_1_708' title='bbox 3221 4450 3481 4523; x_wconf 83' lang='grc' dir='ltr'>καθαρῶς</span> <span class='ocrx_word' id='word_1_709' title='bbox 3514 4452 3671 4522; x_wconf 84' lang='grc' dir='ltr'><strong>αὐτῷ</strong></span> 
     </span>
    </p>
   </div>
   <div class='ocr_carea' id='block_1_94' title="bbox 2083 4543 3670 4617">
    <p class='ocr_par' dir='ltr' id='par_1_94' title="bbox 2083 4543 3670 4617">
     <span class='ocr_line' id='line_1_94' title="bbox 2083 4543 3670 4617; baseline -0.001 -20"><span class='ocrx_word' id='word_1_710' title='bbox 2083 4545 2182 4616; x_wconf 82' lang='grc' dir='ltr'>τὴν</span> <span class='ocrx_word' id='word_1_711' title='bbox 2227 4545 2487 4616; x_wconf 80' lang='grc' dir='ltr'>πατρῴαν</span> <span class='ocrx_word' id='word_1_712' title='bbox 2521 4544 2722 4613; x_wconf 82' lang='grc' dir='ltr'>γνῶσιν</span> <span class='ocrx_word' id='word_1_713' title='bbox 2768 4545 3205 4617; x_wconf 79' lang='grc' dir='ltr'>ὲπιμαρτύρεται</span> <span class='ocrx_word' id='word_1_714' title='bbox 3234 4560 3250 4575; x_wconf 82' lang='grc'><em>’</em></span> <span class='ocrx_word' id='word_1_715' title='bbox 3304 4543 3400 4597; x_wconf 80' lang='grc' dir='ltr'>καὶ</span> <span class='ocrx_word' id='word_1_716' title='bbox 3444 4543 3506 4597; x_wconf 86' lang='grc' dir='ltr'><strong>οὐ</strong></span> <span class='ocrx_word' id='word_1_717' title='bbox 3565 4545 3670 4613; x_wconf 83' lang='grc' dir='ltr'>τὴν</span> 
     </span>
    </p>
   </div>
   <div class='ocr_carea' id='block_1_95' title="bbox 2084 4634 3667 4707">
    <p class='ocr_par' dir='ltr' id='par_1_95' title="bbox 2084 4634 3667 4707">
     <span class='ocr_line' id='line_1_95' title="bbox 2084 4634 3667 4707; baseline -0.001 -19"><span class='ocrx_word' id='word_1_718' title='bbox 2084 4636 2285 4704; x_wconf 82' lang='grc' dir='ltr'>γνῶσιν</span> <span class='ocrx_word' id='word_1_719' title='bbox 2331 4637 2513 4705; x_wconf 90' lang='grc' dir='ltr'>μόνον,</span> <span class='ocrx_word' id='word_1_720' title='bbox 2542 4635 2679 4691; x_wconf 85' lang='grc' dir='ltr'>ἀλλὰ</span> <span class='ocrx_word' id='word_1_721' title='bbox 2734 4637 2830 4690; x_wconf 78' lang='grc' dir='ltr'>καὶ</span> <span class='ocrx_word' id='word_1_722' title='bbox 2885 4636 2976 4689; x_wconf 81' lang='grc' dir='ltr'><strong>τδν</strong></span> <span class='ocrx_word' id='word_1_723' title='bbox 3025 4637 3228 4707; x_wconf 89' lang='grc' dir='ltr'>τρόπον</span> <span class='ocrx_word' id='word_1_724' title='bbox 3285 4634 3667 4689; x_wconf 81' lang='grc' dir='ltr'>συναναπτύσ-</span> 
     </span>
    </p>
   </div>
   <div class='ocr_carea' id='block_1_96' title="bbox 398 4726 1983 4800">
    <p class='ocr_par' dir='ltr' id='par_1_96' title="bbox 398 4726 1980 4797">
     <span class='ocr_line' id='line_1_96' title="bbox 398 4726 1980 4797; baseline 0.003 -19"><span class='ocrx_word' id='word_1_725' title='bbox 398 4727 545 4781; x_wconf 90' lang='lat' dir='ltr'><strong>unde</strong></span> <span class='ocrx_word' id='word_1_726' title='bbox 599 4736 655 4780; x_wconf 91' lang='lat' dir='ltr'><strong>et</strong></span> <span class='ocrx_word' id='word_1_727' title='bbox 702 4727 1074 4797; x_wconf 81' lang='lat' dir='ltr'><strong>generatiOnis</strong></span> <span class='ocrx_word' id='word_1_728' title='bbox 1129 4742 1330 4793; x_wconf 86' lang='lat' dir='ltr'><strong>causa;</strong></span> <span class='ocrx_word' id='word_1_729' title='bbox 1373 4742 1505 4781; x_wconf 91' lang='lat' dir='ltr'><strong>nam</strong></span> <span class='ocrx_word' id='word_1_730' title='bbox 1548 4742 1658 4783; x_wconf 88' lang='lat' dir='ltr'><strong>non</strong></span> <span class='ocrx_word' id='word_1_731' title='bbox 1695 4736 1780 4783; x_wconf 91' lang='lat' dir='ltr'><strong>est</strong></span> <span class='ocrx_word' id='word_1_732' title='bbox 1810 4726 1980 4783; x_wconf 86' lang='lat' dir='ltr'><strong>Filius</strong></span> 
     </span>
    </p>
   </div>
   <div class='ocr_carea' id='block_1_97' title="bbox 2087 4726 3667 4800">
    <p class='ocr_par' dir='ltr' id='par_1_97' title="bbox 2087 4726 3667 4800">
     <span class='ocr_line' id='line_1_97' title="bbox 2087 4726 3667 4800; baseline -0.003 -16"><span class='ocrx_word' id='word_1_733' title='bbox 2087 4749 2169 4784; x_wconf 87' lang='grc' dir='ltr'><strong>σει</strong></span> <span class='ocrx_word' id='word_1_734' title='bbox 2218 4730 2318 4800; x_wconf 81' lang='grc' dir='ltr'>τῆς</span> <span class='ocrx_word' id='word_1_735' title='bbox 2348 4730 2625 4799; x_wconf 85' lang='grc' dir='ltr'>γνώσεως,</span> <span class='ocrx_word' id='word_1_736' title='bbox 2652 4729 2753 4800; x_wconf 74' lang='grc' dir='ltr'>τὴν</span> <span class='ocrx_word' id='word_1_737' title='bbox 2795 4728 2905 4785; x_wconf 78' lang='grc' dir='ltr'><strong>τῶν</strong></span> <span class='ocrx_word' id='word_1_738' title='bbox 2950 4727 3127 4783; x_wconf 83' lang='grc' dir='ltr'>ἄλλων</span> <span class='ocrx_word' id='word_1_739' title='bbox 3163 4726 3411 4797; x_wconf 82' lang='grc' dir='ltr'>φυσικῶν</span> <span class='ocrx_word' id='word_1_740' title='bbox 3465 4740 3522 4781; x_wconf 90' lang='grc' dir='ltr'><strong>τε</strong></span> <span class='ocrx_word' id='word_1_741' title='bbox 3567 4727 3667 4780; x_wconf 71' lang='grc' dir='ltr'>καὶ</span> 
     </span>
    </p>
   </div>
   <div class='ocr_carea' id='block_1_98' title="bbox 393 4810 1979 4887">
    <p class='ocr_par' dir='ltr' id='par_1_98' title="bbox 393 4810 1979 4887">
     <span class='ocr_line' id='line_1_98' title="bbox 393 4810 1979 4887; baseline 0 -14"><span class='ocrx_word' id='word_1_742' title='bbox 393 4820 511 4873; x_wconf 89' lang='lat' dir='ltr'><strong>sine</strong></span> <span class='ocrx_word' id='word_1_743' title='bbox 535 4818 827 4887; x_wconf 85' lang='lat' dir='ltr'><strong>principio,</strong></span> <span class='ocrx_word' id='word_1_744' title='bbox 853 4827 909 4872; x_wconf 86' lang='lat' dir='ltr'><strong>et</strong></span> <span class='ocrx_word' id='word_1_745' title='bbox 938 4832 1126 4885; x_wconf 90' lang='lat' dir='ltr'><strong>causa,</strong></span> <span class='ocrx_word' id='word_1_746' title='bbox 1158 4826 1216 4872; x_wconf 93' lang='lat' dir='ltr'><strong>ut</strong></span> <span class='ocrx_word' id='word_1_747' title='bbox 1239 4827 1324 4873; x_wconf 89' lang='lat' dir='ltr'><strong>est</strong></span> <span class='ocrx_word' id='word_1_748' title='bbox 1350 4815 1543 4885; x_wconf 88' lang='lat' dir='ltr'><strong>Pater;</strong></span> <span class='ocrx_word' id='word_1_749' title='bbox 1565 4817 1658 4874; x_wconf 88' lang='lat' dir='ltr'><strong>sed</strong></span> <span class='ocrx_word' id='word_1_750' title='bbox 1691 4817 1744 4873; x_wconf 92' lang='lat' dir='ltr'><strong>in</strong></span> <span class='ocrx_word' id='word_1_751' title='bbox 1774 4810 1979 4887; x_wconf 87' lang='lat' dir='ltr'><strong>princi-</strong></span> 
     </span>
    </p>
   </div>
   <div class='ocr_carea' id='block_1_99' title="bbox 393 4910 1991 4983">
    <p class='ocr_par' dir='ltr' id='par_1_99' title="bbox 393 4910 1991 4983">
     <span class='ocr_line' id='line_1_99' title="bbox 393 4910 1991 4983; baseline 0.001 -20"><span class='ocrx_word' id='word_1_752' title='bbox 393 4911 540 4977; x_wconf 90' lang='lat' dir='ltr'><strong>pium</strong></span> <span class='ocrx_word' id='word_1_753' title='bbox 558 4910 794 4966; x_wconf 82' lang='lat' dir='ltr'><strong>refertur</strong></span> <span class='ocrx_word' id='word_1_754' title='bbox 812 4919 865 4965; x_wconf 90' lang='lat' dir='ltr'><strong>et</strong></span> <span class='ocrx_word' id='word_1_755' title='bbox 887 4926 1106 4965; x_wconf 81' lang='lat' dir='ltr'><strong>causam</strong></span> <span class='ocrx_word' id='word_1_756' title='bbox 1122 4926 1506 4983; x_wconf 79' lang='lat' dir='ltr'><strong>congenerem,</strong></span> <span class='ocrx_word' id='word_1_757' title='bbox 1524 4927 1737 4982; x_wconf 87' lang='lat' dir='ltr'><strong>nempe.</strong></span> <span class='ocrx_word' id='word_1_758' title='bbox 1760 4911 1991 4968; x_wconf 89' lang='lat' dir='ltr'><strong>Patrem.</strong></span> 
     </span>
    </p>
   </div>
   <div class='ocr_carea' id='block_1_100' title="bbox 398 5001 1971 5074">
    <p class='ocr_par' dir='ltr' id='par_1_100' title="bbox 398 5001 1971 5074">
     <span class='ocr_line' id='line_1_100' title="bbox 398 5001 1971 5074; baseline -0.002 -17"><span class='ocrx_word' id='word_1_759' title='bbox 398 5028 413 5057; x_wconf 77' lang='grc' dir='ltr'><strong>ι</strong></span> <span class='ocrx_word' id='word_1_760' title='bbox 446 5005 555 5061; x_wconf 87' lang='lat' dir='ltr'><strong>Nec</strong></span> <span class='ocrx_word' id='word_1_761' title='bbox 607 5003 779 5061; x_wconf 84' lang='lat' dir='ltr'><strong>Filius</strong></span> <span class='ocrx_word' id='word_1_762' title='bbox 827 5004 1015 5070; x_wconf 90' lang='lat' dir='ltr'><strong>sciret,</strong></span> <span class='ocrx_word' id='word_1_763' title='bbox 1066 5004 1174 5059; x_wconf 89' lang='lat' dir='ltr'><strong>nisi</strong></span> <span class='ocrx_word' id='word_1_764' title='bbox 1226 5005 1378 5074; x_wconf 88' lang='lat' dir='ltr'><strong>prius</strong></span> <span class='ocrx_word' id='word_1_765' title='bbox 1411 5004 1702 5060; x_wconf 89' lang='lat' dir='ltr'><strong>revelasset</strong></span> <span class='ocrx_word' id='word_1_766' title='bbox 1720 5001 1919 5057; x_wconf 87' lang='lat' dir='ltr'><strong>Pater:</strong></span> <span class='ocrx_word' id='word_1_767' title='bbox 1953 5020 1971 5054; x_wconf 77' lang='grc' dir='ltr'><strong>ι</strong></span> 
     </span>
    </p>
   </div>
   <div class='ocr_carea' id='block_1_101' title="bbox 389 5094 1979 5167">
    <p class='ocr_par' dir='ltr' id='par_1_101' title="bbox 389 5094 1979 5167">
     <span class='ocr_line' id='line_1_101' title="bbox 389 5094 1979 5167; baseline -0.002 -16"><span class='ocrx_word' id='word_1_768' title='bbox 389 5099 518 5167; x_wconf 86' lang='lat' dir='ltr'><strong>quid</strong></span> <span class='ocrx_word' id='word_1_769' title='bbox 570 5097 675 5153; x_wconf 90' lang='lat' dir='ltr'><strong>isto</strong></span> <span class='ocrx_word' id='word_1_770' title='bbox 720 5097 1031 5153; x_wconf 89' lang='lat' dir='ltr'><strong>testimonio</strong></span> <span class='ocrx_word' id='word_1_771' title='bbox 1077 5097 1378 5164; x_wconf 91' lang='lat' dir='ltr'><strong>illustrius,</strong></span> <span class='ocrx_word' id='word_1_772' title='bbox 1435 5106 1527 5151; x_wconf 90' lang='lat' dir='ltr'><strong>aut</strong></span> <span class='ocrx_word' id='word_1_773' title='bbox 1582 5095 1815 5151; x_wconf 83' lang='lat' dir='ltr'><strong>validius</strong></span> <span class='ocrx_word' id='word_1_774' title='bbox 1851 5094 1979 5150; x_wconf 76' lang='lat' dir='ltr'><strong>est?</strong></span> 
     </span>
    </p>
   </div>
   <div class='ocr_carea' id='block_1_102' title="bbox 388 5187 1974 5259">
    <p class='ocr_par' dir='ltr' id='par_1_102' title="bbox 388 5187 1974 5259">
     <span class='ocr_line' id='line_1_102' title="bbox 388 5187 1974 5259; baseline -0.003 -14"><span class='ocrx_word' id='word_1_775' title='bbox 388 5191 546 5246; x_wconf 77' lang='lat' dir='ltr'><strong>Novit</strong></span> <span class='ocrx_word' id='word_1_776' title='bbox 576 5191 756 5252; x_wconf 85' lang='lat' dir='ltr'><strong>Pater,</strong></span> <span class='ocrx_word' id='word_1_777' title='bbox 812 5201 865 5246; x_wconf 91' lang='lat' dir='ltr'><strong>et</strong></span> <span class='ocrx_word' id='word_1_778' title='bbox 891 5189 1056 5246; x_wconf 83' lang='lat' dir='ltr'><strong>Filius</strong></span> <span class='ocrx_word' id='word_1_779' title='bbox 1086 5191 1272 5259; x_wconf 89' lang='lat' dir='ltr'><strong>novit;</strong></span> <span class='ocrx_word' id='word_1_780' title='bbox 1309 5190 1356 5245; x_wconf 93' lang='lat' dir='ltr'><strong>si</strong></span> <span class='ocrx_word' id='word_1_781' title='bbox 1386 5189 1518 5245; x_wconf 90' lang='lat' dir='ltr'><strong>latet</strong></span> <span class='ocrx_word' id='word_1_782' title='bbox 1561 5187 1757 5243; x_wconf 86' lang='lat' dir='ltr'><strong>Filium</strong></span> <span class='ocrx_word' id='word_1_783' title='bbox 1811 5187 1974 5258; x_wconf 84' lang='lat' dir='ltr'><strong>quid-</strong></span> 
     </span>
    </p>
   </div>
   <div class='ocr_carea' id='block_1_103' title="bbox 387 5276 1970 5351">
    <p class='ocr_par' dir='ltr' id='par_1_103' title="bbox 387 5276 1970 5351">
     <span class='ocr_line' id='line_1_103' title="bbox 387 5276 1970 5351; baseline -0.003 -17"><span class='ocrx_word' id='word_1_784' title='bbox 387 5298 553 5351; x_wconf 87' lang='lat' dir='ltr'><strong>quam</strong></span> <span class='ocrx_word' id='word_1_785' title='bbox 594 5282 648 5337; x_wconf 91' lang='lat' dir='ltr'><strong>id</strong></span> <span class='ocrx_word' id='word_1_786' title='bbox 677 5297 706 5336; x_wconf 92' lang='lat' dir='ltr'><strong>a</strong></span> <span class='ocrx_word' id='word_1_787' title='bbox 738 5280 897 5336; x_wconf 85' lang='lat' dir='ltr'><strong>Patre</strong></span> <span class='ocrx_word' id='word_1_788' title='bbox 926 5281 1089 5337; x_wconf 91' lang='lat' dir='ltr'><strong>habet</strong></span> <span class='ocrx_word' id='word_1_789' title='bbox 1117 5301 1129 5336; x_wconf 92' lang='lat'><strong>:</strong></span> <span class='ocrx_word' id='word_1_790' title='bbox 1177 5284 1269 5336; x_wconf 91' lang='lat' dir='ltr'><strong>sed</strong></span> <span class='ocrx_word' id='word_1_791' title='bbox 1301 5280 1480 5335; x_wconf 87' lang='lat' dir='ltr'><strong>Patris</strong></span> <span class='ocrx_word' id='word_1_792' title='bbox 1510 5279 1801 5335; x_wconf 87' lang='lat' dir='ltr'><strong>scientiam</strong></span> <span class='ocrx_word' id='word_1_793' title='bbox 1835 5276 1970 5331; x_wconf 88' lang='lat' dir='ltr'><strong>nihil</strong></span> 
     </span>
    </p>
   </div>
   <div class='ocr_carea' id='block_1_104' title="bbox 388 5367 1969 5443">
    <p class='ocr_par' dir='ltr' id='par_1_104' title="bbox 388 5367 1969 5443">
     <span class='ocr_line' id='line_1_104' title="bbox 388 5367 1969 5443; baseline -0.003 -16"><span class='ocrx_word' id='word_1_794' title='bbox 388 5374 523 5442; x_wconf 82' lang='lat' dir='ltr'><strong>fugit</strong></span> <span class='ocrx_word' id='word_1_795' title='bbox 555 5392 568 5429; x_wconf 89' lang='lat'><strong>:</strong></span> <span class='ocrx_word' id='word_1_796' title='bbox 610 5374 892 5443; x_wconf 82' lang='lat' dir='ltr'><strong>quocirca,</strong></span> <span class='ocrx_word' id='word_1_797' title='bbox 926 5388 1024 5427; x_wconf 92' lang='lat' dir='ltr'><strong>nec</strong></span> <span class='ocrx_word' id='word_1_798' title='bbox 1061 5372 1178 5428; x_wconf 84' lang='lat' dir='ltr'><strong>Filii</strong></span> <span class='ocrx_word' id='word_1_799' title='bbox 1206 5372 1515 5428; x_wconf 89' lang='lat' dir='ltr'><strong>communis</strong></span> <span class='ocrx_word' id='word_1_800' title='bbox 1548 5367 1969 5435; x_wconf 87' lang='lat' dir='ltr'><strong>natura,Deitas</strong></span> 
     </span>
    </p>
   </div>
   <div class='ocr_carea' id='block_1_105' title="bbox 2084 4818 3664 4893">
    <p class='ocr_par' dir='ltr' id='par_1_105' title="bbox 2084 4818 3664 4893">
     <span class='ocr_line' id='line_1_105' title="bbox 2084 4818 3664 4893; baseline -0.003 -17"><span class='ocrx_word' id='word_1_801' title='bbox 2084 4819 2402 4893; x_wconf 82' lang='grc' dir='ltr'>θεοπρεπῶν</span> <span class='ocrx_word' id='word_1_802' title='bbox 2436 4822 2762 4892; x_wconf 78' lang='grc' dir='ltr'>ἀξιωμάτων</span> <span class='ocrx_word' id='word_1_803' title='bbox 2806 4821 2992 4892; x_wconf 84' lang='grc' dir='ltr'>πηγὴν</span> <span class='ocrx_word' id='word_1_804' title='bbox 3048 4819 3141 4873; x_wconf 80' lang='grc' dir='ltr'>τὸν</span> <span class='ocrx_word' id='word_1_805' title='bbox 3171 4820 3415 4890; x_wconf 82' lang='grc' dir='ltr'>Πατέρα,</span> <span class='ocrx_word' id='word_1_806' title='bbox 3470 4818 3664 4872; x_wconf 80' lang='grc' dir='ltr'>τοῦτον</span> 
     </span>
    </p>
   </div>
   <div class='ocr_carea' id='block_1_106' title="bbox 2081 4910 3657 4987">
    <p class='ocr_par' dir='ltr' id='par_1_106' title="bbox 2081 4910 3657 4987">
     <span class='ocr_line' id='line_1_106' title="bbox 2081 4910 3657 4987; baseline -0.001 -21"><span class='ocrx_word' id='word_1_807' title='bbox 2081 4917 2254 4968; x_wconf 81' lang='grc' dir='ltr'>αἴτιον</span> <span class='ocrx_word' id='word_1_808' title='bbox 2300 4911 2439 4968; x_wconf 82' lang='grc' dir='ltr'>εῖναι</span> <span class='ocrx_word' id='word_1_809' title='bbox 2467 4914 2547 4987; x_wconf 80' lang='grc' dir='ltr'>τῷ</span> <span class='ocrx_word' id='word_1_810' title='bbox 2602 4914 2719 4984; x_wconf 83' lang='grc' dir='ltr'><strong>Υίῷ</strong></span> <span class='ocrx_word' id='word_1_811' title='bbox 2756 4914 2853 4967; x_wconf 75' lang='grc' dir='ltr'>καὶ</span> <span class='ocrx_word' id='word_1_812' title='bbox 2900 4914 3001 4983; x_wconf 82' lang='grc' dir='ltr'>τῆς</span> <span class='ocrx_word' id='word_1_813' title='bbox 3051 4911 3308 4981; x_wconf 83' lang='grc' dir='ltr'>γνώσεως</span> <span class='ocrx_word' id='word_1_814' title='bbox 3365 4910 3657 4980; x_wconf 81' lang='grc' dir='ltr'>θεολογῶν.</span> 
     </span>
    </p>
   </div>
   <div class='ocr_carea' id='block_1_107' title="bbox 2081 4996 3656 5075">
    <p class='ocr_par' dir='ltr' id='par_1_107' title="bbox 2081 4996 3656 5075">
     <span class='ocr_line' id='line_1_107' title="bbox 2081 4996 3656 5075; baseline -0.003 -19"><span class='ocrx_word' id='word_1_815' title='bbox 2081 5004 2287 5075; x_wconf 76' lang='grc' dir='ltr'>Τίγάρ,</span> <span class='ocrx_word' id='word_1_816' title='bbox 2306 5002 2492 5073; x_wconf 66' lang='grc' dir='ltr'>φησὶν,</span> <span class='ocrx_word' id='word_1_817' title='bbox 2531 5023 2548 5054; x_wconf 78' lang='grc' dir='ltr'><strong>ι</strong></span> <span class='ocrx_word' id='word_1_818' title='bbox 2574 5002 2709 5057; x_wconf 85' lang='grc' dir='ltr'>Οὐδὲ</span> <span class='ocrx_word' id='word_1_819' title='bbox 2735 5006 2762 5057; x_wconf 84' lang='grc' dir='ltr'>ὁ</span> <span class='ocrx_word' id='word_1_820' title='bbox 2785 5001 2911 5063; x_wconf 81' lang='grc' dir='ltr'>Υἱὸς</span> <span class='ocrx_word' id='word_1_821' title='bbox 2931 5000 3003 5055; x_wconf 75' lang='grc' dir='ltr'>ἂν</span> <span class='ocrx_word' id='word_1_822' title='bbox 3021 4996 3137 5073; x_wconf 73' lang='grc' dir='ltr'>ᾔδει</span> <span class='ocrx_word' id='word_1_823' title='bbox 3154 5003 3203 5054; x_wconf 83' lang='grc' dir='ltr'><strong>εί</strong></span> <span class='ocrx_word' id='word_1_824' title='bbox 3226 5001 3300 5072; x_wconf 74' lang='grc' dir='ltr'>μὴ</span> <span class='ocrx_word' id='word_1_825' title='bbox 3320 5001 3349 5054; x_wconf 86' lang='grc' dir='ltr'><strong>ό</strong></span> <span class='ocrx_word' id='word_1_826' title='bbox 3377 4998 3603 5070; x_wconf 70' lang='grc' dir='ltr'>Πατὴρς</span> <span class='ocrx_word' id='word_1_827' title='bbox 3633 5016 3656 5050; x_wconf 68' lang='grc' dir='ltr'><strong>ι</strong></span> 
     </span>
    </p>
   </div>
   <div class='ocr_carea' id='block_1_108' title="bbox 2079 5090 3657 5167">
    <p class='ocr_par' dir='ltr' id='par_1_108' title="bbox 2079 5090 3657 5167">
     <span class='ocr_line' id='line_1_108' title="bbox 2079 5090 3657 5167; baseline -0.004 -16"><span class='ocrx_word' id='word_1_828' title='bbox 2079 5098 2375 5159; x_wconf 84' lang='grc' dir='ltr'>τουτέστιν,</span> <span class='ocrx_word' id='word_1_829' title='bbox 2432 5095 2642 5150; x_wconf 77' lang='grc' dir='ltr'>ἐκεῖθεν</span> <span class='ocrx_word' id='word_1_830' title='bbox 2703 5095 3013 5167; x_wconf 75' lang='grc' dir='ltr'>πηγάζεται</span> <span class='ocrx_word' id='word_1_831' title='bbox 3064 5092 3144 5166; x_wconf 81' lang='grc' dir='ltr'>τῷ</span> <span class='ocrx_word' id='word_1_832' title='bbox 3196 5090 3311 5164; x_wconf 84' lang='grc' dir='ltr'><strong>Υίῷ</strong></span> <span class='ocrx_word' id='word_1_833' title='bbox 3363 5093 3657 5165; x_wconf 82' lang='grc' dir='ltr'>ήγνῶσις,</span> 
     </span>
    </p>
   </div>
   <div class='ocr_carea' id='block_1_109' title="bbox 2077 5184 3658 5258">
    <p class='ocr_par' dir='ltr' id='par_1_109' title="bbox 2077 5184 3658 5258">
     <span class='ocr_line' id='line_1_109' title="bbox 2077 5184 3658 5258; baseline -0.004 -16"><span class='ocrx_word' id='word_1_834' title='bbox 2077 5190 2198 5242; x_wconf 77' lang='grc' dir='ltr'>ὅθεν</span> <span class='ocrx_word' id='word_1_835' title='bbox 2263 5186 2416 5257; x_wconf 84' lang='grc' dir='ltr'>αὐτῷ</span> <span class='ocrx_word' id='word_1_836' title='bbox 2461 5187 2683 5257; x_wconf 76' lang='grc' dir='ltr'>καὶτῆς</span> <span class='ocrx_word' id='word_1_837' title='bbox 2725 5191 3034 5258; x_wconf 79' lang='grc' dir='ltr'>γεννήσεως</span> <span class='ocrx_word' id='word_1_838' title='bbox 3080 5184 3119 5257; x_wconf 75' lang='grc' dir='ltr'>ἧ</span> <span class='ocrx_word' id='word_1_839' title='bbox 3154 5186 3322 5241; x_wconf 84' lang='grc' dir='ltr'>αίτία.</span> <span class='ocrx_word' id='word_1_840' title='bbox 3356 5185 3494 5237; x_wconf 81' lang='grc' dir='ltr'>Οὐδὲ</span> <span class='ocrx_word' id='word_1_841' title='bbox 3548 5186 3658 5255; x_wconf 73' lang='grc' dir='ltr'>γὰρ</span> 
     </span>
    </p>
   </div>
   <div class='ocr_carea' id='block_1_110' title="bbox 2080 5276 3656 5350">
    <p class='ocr_par' dir='ltr' id='par_1_110' title="bbox 2080 5276 3656 5350">
     <span class='ocr_line' id='line_1_110' title="bbox 2080 5276 3656 5350; baseline -0.006 -16"><span class='ocrx_word' id='word_1_842' title='bbox 2080 5280 2316 5349; x_wconf 80' lang='grc' dir='ltr'>ἄναρχος</span> <span class='ocrx_word' id='word_1_843' title='bbox 2346 5282 2439 5335; x_wconf 78' lang='grc' dir='ltr'>καὶ</span> <span class='ocrx_word' id='word_1_844' title='bbox 2471 5278 2729 5344; x_wconf 82' lang='grc' dir='ltr'>ἀναίτιος,</span> <span class='ocrx_word' id='word_1_845' title='bbox 2750 5279 2979 5350; x_wconf 84' lang='grc' dir='ltr'>ὥσπερὸ</span> <span class='ocrx_word' id='word_1_846' title='bbox 2999 5277 3213 5349; x_wconf 76' lang='grc' dir='ltr'>Πατὴρ,</span> <span class='ocrx_word' id='word_1_847' title='bbox 3234 5276 3351 5331; x_wconf 87' lang='grc' dir='ltr'>ἀλλ’</span> <span class='ocrx_word' id='word_1_848' title='bbox 3377 5279 3457 5338; x_wconf 79' lang='grc' dir='ltr'><strong>είς</strong></span> <span class='ocrx_word' id='word_1_849' title='bbox 3481 5278 3656 5345; x_wconf 74' lang='grc' dir='ltr'>ἀρχὴν</span> 
     </span>
    </p>
   </div>
   <div class='ocr_carea' id='block_1_111' title="bbox 2078 5366 3652 5443">
    <p class='ocr_par' dir='ltr' id='par_1_111' title="bbox 2078 5366 3652 5443">
     <span class='ocr_line' id='line_1_111' title="bbox 2078 5366 3652 5443; baseline -0.004 -18"><span class='ocrx_word' id='word_1_850' title='bbox 2078 5372 2407 5442; x_wconf 73' lang='grc' dir='ltr'>ἀναφέρεται</span> <span class='ocrx_word' id='word_1_851' title='bbox 2469 5372 2561 5425; x_wconf 72' lang='grc' dir='ltr'>καὶ</span> <span class='ocrx_word' id='word_1_852' title='bbox 2611 5371 2858 5443; x_wconf 83' lang='grc' dir='ltr'>συμφυὲς</span> <span class='ocrx_word' id='word_1_853' title='bbox 2912 5366 3084 5425; x_wconf 79' lang='grc' dir='ltr'>αἴτιον</span> <span class='ocrx_word' id='word_1_854' title='bbox 3132 5371 3223 5424; x_wconf 86' lang='grc' dir='ltr'>τὸν</span> <span class='ocrx_word' id='word_1_855' title='bbox 3261 5367 3652 5439; x_wconf 73' lang='grc' dir='ltr'>γεγεννηκότα·</span> 
     </span>
    </p>
   </div>
   <div class='ocr_carea' id='block_1_112' title="bbox 1665 5573 2353 5629">
    <p class='ocr_par' dir='ltr' id='par_1_112' title="bbox 1665 5573 2353 5629">
     <span class='ocr_line' id='line_1_112' title="bbox 1665 5573 2353 5629; baseline 0.004 -3"><span class='ocrx_word' id='word_1_856' title='bbox 1665 5573 1902 5629; x_wconf 62' lang='grc' dir='ltr'>νΑιιιΑη]</span> <span class='ocrx_word' id='word_1_857' title='bbox 1944 5573 2353 5629; x_wconf 79' lang='lat' dir='ltr'><strong>LECTIONES.</strong></span> 
     </span>
    </p>
   </div>
   <div class='ocr_carea' id='block_1_113' title="bbox 448 5705 1854 5781">
    <p class='ocr_par' dir='ltr' id='par_1_113' title="bbox 448 5705 1854 5781">
     <span class='ocr_line' id='line_1_113' title="bbox 448 5705 1854 5781; baseline -0.004 -15"><span class='ocrx_word' id='word_1_858' title='bbox 448 5721 473 5749; x_wconf 69' lang='grc' dir='ltr'>τ</span> <span class='ocrx_word' id='word_1_859' title='bbox 501 5708 559 5766; x_wconf 88' lang='lat' dir='ltr'><strong>C.</strong></span> <span class='ocrx_word' id='word_1_860' title='bbox 602 5709 668 5764; x_wconf 84' lang='grc' dir='ltr'><strong>Μ.</strong></span> <span class='ocrx_word' id='word_1_861' title='bbox 698 5710 999 5781; x_wconf 77' lang='grc' dir='ltr'>ἀρνηθεῖεν.</span> <span class='ocrx_word' id='word_1_862' title='bbox 1084 5721 1109 5748; x_wconf 84' lang='grc' dir='ltr'><strong><em>ι</em></strong></span> <span class='ocrx_word' id='word_1_863' title='bbox 1135 5706 1194 5763; x_wconf 86' lang='lat' dir='ltr'><strong>C.</strong></span> <span class='ocrx_word' id='word_1_864' title='bbox 1227 5705 1295 5760; x_wconf 86' lang='grc' dir='ltr'><strong>Μ.</strong></span> <span class='ocrx_word' id='word_1_865' title='bbox 1346 5708 1401 5775; x_wconf 80' lang='grc' dir='ltr'><strong>ἡ.</strong></span> <span class='ocrx_word' id='word_1_866' title='bbox 1480 5715 1507 5754; x_wconf 67' lang='grc' dir='ltr'><em>Υ</em></span> <span class='ocrx_word' id='word_1_867' title='bbox 1538 5706 1599 5762; x_wconf 88' lang='lat' dir='ltr'><strong>C.</strong></span> <span class='ocrx_word' id='word_1_868' title='bbox 1633 5705 1702 5761; x_wconf 88' lang='lat' dir='ltr'><strong>M.</strong></span> <span class='ocrx_word' id='word_1_869' title='bbox 1741 5706 1854 5761; x_wconf 73' lang='grc' dir='ltr'>νῦν.</span> 
     </span>
    </p>
   </div>
   <div class='ocr_carea' id='block_1_114' title="bbox 1940 5706 2387 5779">
    <p class='ocr_par' dir='ltr' id='par_1_114' title="bbox 1940 5706 2387 5779">
     <span class='ocr_line' id='line_1_114' title="bbox 1940 5706 2387 5779; baseline -0.002 -15"><span class='ocrx_word' id='word_1_870' title='bbox 1940 5717 1960 5743; x_wconf 71' lang='grc'><strong>³</strong></span> <span class='ocrx_word' id='word_1_871' title='bbox 1992 5707 2051 5765; x_wconf 88' lang='lat' dir='ltr'><strong>C.</strong></span> <span class='ocrx_word' id='word_1_872' title='bbox 2088 5706 2161 5763; x_wconf 86' lang='lat' dir='ltr'><strong>M.</strong></span> <span class='ocrx_word' id='word_1_873' title='bbox 2194 5707 2387 5779; x_wconf 85' lang='grc' dir='ltr'>αὐτῆς.</span> 
     </span>
    </p>
   </div>
  </div>
