3880 6206
248 298 346 365 681

1233 314 1333 373 AD
1363 315 1954 380 AMPHILOCHIUM
1987 318 2332 389 QU/ESTIO
2367 322 2566 383 CXIV.

3406 324 3514 388 682

250 438 270 470 ο
303 418 432 477 οὐδὲ
458 421 485 473 ὁ
515 421 640 487 Υἱὸς
666 423 733 481 ἂν
768 425 908 496 ᾔδει,
944 426 1017 500 μὴ
1059 429 1089 487 6
1120 429 1331 501 Πατήρ.
1365 450 1382 482 ι
1411 432 1476 491 Τί
1498 431 1702 503 ταύτης
1724 433 1824 502 τῆς

1928 436 2260 500 communis,
2292 437 2598 495 communis
2633 439 2965 506 substantia,
3005 439 3201 494 harum
3250 455 3513 499 commn-

250 513 557 583 μαρτυρίας
616 514 1000 589 λαμπρότερόν
1050 536 1109 572 τε
1191 522 1286 574 καὶ
1343 522 1814 595 ὲμόριθέστερον;

245 609 285 656 υ
310 606 396 655 δεν
452 606 481 655 6
523 606 733 677 Πατὴρ,
790 606 899 663 οἶδε
942 609 1036 663 καὶ
1073 611 1102 663 6
1132 611 1260 676 Υίός
1287 627 1303 643 ⁸
1337 613 1601 683 εἰλέληθέ
1635 632 1687 667 τι
1727 615 1818 668 τὸν

246 697 390 761 Υίὸν,
451 701 514 752 ὲκ
546 698 639 752 τοῦ
679 702 892 772 Πατρδς
928 703 1080 758 ἕλκει
1109 704 1206 775 τὴν
1237 707 1416 764 αἰτίαν
1451 726 1466 741 ·
1507 707 1624 762 ἀλλ’
1666 708 1819 761 οὐδὲν

243 791 342 857 τὴν
386 792 483 844 τοῦ
512 785 733 867 ’Πατρδς
765 796 1051 867 διαφεύγει
1108 799 1310 866 γνῶσιν
1347 817 1362 834 ο
1411 800 1521 855 οὐδ’
1571 802 1678 873 ἄρα
1724 800 1818 857 τοῦ

247 882 372 935 Υίοῦ
409 885 588 939 κοινὸν
652 889 685 956 ἡ
750 887 913 955 φύσις
942 905 956 920 ⁸
996 890 1175 944 κοινὸν
1224 892 1257 962 ἡ
1296 892 1528 962 Θεότης’
1561 893 1738 948 κοινὸν
1785 895 1818 964 ἡ

241 974 398 1028 οὐσία
424 990 439 1005 ⁸
468 974 677 1030 τούτων
706 978 818 1050 δὲή
848 983 1126 1046 κοινωνία,
1157 981 1254 1034 καὶ
1280 983 1347 1037 τὰ
1376 982 1510 1037 ἄλλα
1540 983 1819 1054 θεοπρεπῆ

243 1066 526 1136 ἀξιώματα
576 1070 731 1123 κοινὰ
749 1074 988 1126 ποιεῖται
1009 1074 1105 1126 καὶ
1132 1073 1433 1144 ἀδιαίρετα.
1493 1093 1510 1125 ι
1543 1074 1651 1137 06;
1680 1074 1821 1129 ϐέλει

243 1159 492 1222 ζωοποιεί
536 1162 565 1214 6
622 1161 841 1231 Πατήρ·
919 1164 1014 1217 καὶ
1067 1164 1161 1229 οὒς
1217 1164 1359 1218 θέλει
1410 1166 1573 1219 πάλιν
1613 1168 1641 1220 6
1694 1167 1821 1231 Υἱὸς

246 1252 522 1315 ζωοποιεῖ.
554 1254 745 1317 Οὐδεὶς
792 1255 1012 1325 ἔρχεται
1058 1258 1195 1329 πρὸς
1225 1258 1316 1311 τὸν
1361 1257 1600 1329 ’Πατέρα
1653 1259 1701 1312 εί
1749 1258 1823 1331 μὴ

240 1343 325 1398 διὰ.
346 1344 442 1398 τοῦ
475 1344 605 1398 Υἱοῦ
628 1360 641 1376 ⁸
698 1347 792 1400 καὶ
824 1348 1000 1412 οὐδεὶς
1027 1348 1248 1420 ἔρχεται
1280 1350 1416 1420 πρὸς
1456 1350 1549 1405 16v
1574 1350 1741 1414 ηΥίὸν,
1775 1352 1824 1404 εί

243 1436 316 1504 μὴ
363 1435 450 1489 διὰ
491 1437 587 1490 τοῦ
628 1439 860 1510 Πατρός.
908 1441 1172 1495 Γινώσκει
1212 1444 1241 1496 6
1270 1441 1461 1514 Πατὴρ
1490 1442 1582 1496 16v
1604 1443 1764 1497 Υἱόνο
1799 1461 1820 1498 ι

240 1527 373 1581 ἀλλὰ
399 1528 582 1593 καθὼς
612 1530 868 1598 γινώσκει
895 1534 1077 1597 αὐτὸν,
1104 1533 1248 1605 οὕτω
1275 1535 1369 1588 καὶ
1406 1554 1425 1587 ι
1459 1538 1487 1589 6
1513 1535 1638 1599 Υἱὸς
1664 1538 1826 1604 γινὼ-

243 1635 360 1673 σκει
392 1619 485 1673 τὸν
516 1621 757 1692 Πατέρα.
804 1644 823 1676 ι
854 1625 996 1679 Ὅσα
1047 1625 1161 1696 ἔχει
1210 1626 1239 1679 6
1294 1626 1506 1697 Πατὴρ,
1533 1626 1674 1703 πλὴν
1730 1628 1827 1698 τῆς

1922 527 2015 581 nio
2040 536 2093 582 et
2121 529 2227 583 alia
2257 530 2370 585 Deo
2397 546 2637 601 congrua
2664 532 2939 587 axiomala
2970 531 3204 586 indivisa
3228 534 3425 599 reddit,
3454 548 3508 590 et
3558 562 3565 568 -

1921 620 2258 674 communia.
2330 640 2348 670 ι
2391 620 2541 687 Quos
2576 623 2694 677 vult
2743 622 2903 678 Pater
2948 623 3207 689 vivilicat,
3243 634 3298 680 et
3329 625 3504 681 Filius

1922 705 2164 762 viviﬁeat
2199 724 2339 778 quos
2379 711 2507 766 item
2540 712 2738 766 vnit“.
2770 712 2949 768 Nemo
2981 714 3129 769 venit
3158 716 3224 769 ad
3259 716 3471 770 Patrem
3498 763 3511 783 ,

1923 797 2027 853 nisi
2073 814 2172 869 per
2231 800 2452 869 Filium,
2483 813 2538 859 et
2573 805 2638 860 ad
2676 804 2871 861 Filium
2918 822 3103 871 nemo,
3140 807 3243 879 nisi
3281 824 3379 879 per
3410 809 3510 863 Pa-

1925 897 2087 943 trem.
2121 892 2416 961 (Iognoseit
2441 895 2599 949 Pater
2624 896 2821 949 Filium
2861 915 2878 947 ι
2918 897 3010 951 sed
3038 906 3091 952 et
3126 901 3200 952 ita
3247 917 3266 950 ι
3303 914 3509 969 cogno-

1924 976 2030 1031 scit
2086 976 2257 1036 Filius
2310 979 2611 1038 Patrem”.
2654 1002 2671 1035 ι
2715 983 2910 1037 Omnia
2947 1000 3070 1053 quae
3121 985 3287 1040 habet
3326 987 3509 1052 Pater,

1925 1076 2123 1134 prmter
2150 1070 2476 1142 ingenitum,
2510 1073 2675 1129 habet
2712 1074 2900 1140 Filius,
2929 1087 2984 1131 et
3004 1079 3185 1131 omnia
3209 1094 3331 1149 qua:
3354 1079 3513 1134 habet

1928 1157 2096 1214 Filius
2123 1171 2317 1232 printer
2345 1164 2608 1233 genitum,
2650 1166 2814 1221 habet
2837 1167 2997 1221 Pater
3036 1186 3049 1224 :
3092 1188 3111 1221 ι
3145 1167 3261 1223 Tua
3285 1171 3453 1236 enim,
3491 1192 3507 1221 ι

1929 1252 2128 1322 inquit,
2195 1272 2213 1305 ι
2246 1269 2366 1309 mea
2398 1264 2546 1320 sunt,
2574 1265 2628 1310 et
2659 1273 2777 1311 mea
2821 1267 2949 1312 sunt
2990 1268 3102 1314 tua.
3137 1277 3157 1312 ι
3191 1257 3399 1317 Horum
3436 1264 3513 1316 nti

1928 1353 2045 1398 erat
2079 1344 2325 1401 initiatus
2356 1346 2492 1416 ipse,
2528 1348 2601 1403 ita
2636 1363 2739 1404 nos
2784 1349 3021 1404 initiavit
3046 1350 3274 1409 scientia
3320 1352 3513 1408 beatus

1930 1435 2164 1504 Marcus,
2221 1438 2549 1511 theologiam
2601 1450 2877 1505 accurate,
2922 1451 2979 1497 et
3024 1442 3348 1499 circumcise
3380 1444 3512 1499 deli-

1931 1528 2105 1594 niens,
2157 1530 2303 1587 clare
2349 1533 2571 1601 clamat,
2630 1533 2776 1603 quod
2808 1551 2826 1586 ι
2862 1533 2975 1590 Nec
3008 1535 3178 1593 Filius
3202 1538 3374 1603 novit,
3408 1538 3513 1592 nisi

1931 1618 2110 1685 Pater,
2135 1641 2154 1675 ι
2183 1622 2329 1693 quod
2364 1626 2677 1694 copulatum
2710 1634 2830 1681 erat
2856 1627 3073 1696 extulit,
3105 1630 3371 1685 orationis
3399 1646 3510 1684 me-

241 1712 587 1781 ἀγεννησίας,
618 1716 797 1769 πάντα
828 1716 940 1788 ἔχει
985 1720 1013 1771 6
1050 1702 1179 1782 Υἱός
1207 1734 1221 1748 ·
1255 1718 1393 1773 ἀλλὰ
1413 1722 1506 1773 κα)⁸
1534 1719 1633 1773 ὅσα
1661 1719 1773 1791 ἔχει
1800 1722 1824 1775 6

1932 1712 2183 1783 talepsin,
2222 1723 2409 1785 utpote
2441 1716 2658 1772 cunctis
2692 1717 2918 1781 claram,
2948 1733 3052 1773 nec
3085 1719 3141 1773 in
3175 1720 3341 1794 dubio
3367 1721 3511 1791 posi-

245 1803 388 1865 1'i6g,
432 1779 571 1875 πλὴν
614 1806 715 1876 τῆς
749 1779 1082 1878 γεννησεως,
1142 1779 1325 1863 πάντα
1363 1808 1475 1880 ἔχει
1534 1811 1562 1863 6
1607 1779 1822 1881 Πατήρ.

1933 1814 2043 1859 tam
2093 1806 2302 1862 omisit.
2352 1806 2474 1862 Non
2520 1817 2605 1864 est
2644 1809 2810 1873 enim,
2844 1826 2943 1865 nec
2975 1811 3081 1866 erit
3104 1791 3200 1866 ille.
3220 1813 3513 1886 impietatis

247 1913 263 1943 ι
309 1894 389 1946 Τὰ
420 1895 529 1965 γὰρ
566 1896 694 1966 ἐμὰ,
731 1898 885 1967 φησὶ,
924 1899 991 1952 σά
1024 1901 1159 1964 ἐστι,
1190 1902 1283 1953 καὶ
1309 1902 1378 1956 τὰ
1400 1901 1487 1966 σὰ,
1518 1901 1627 1971 ὲμά
1647 1919 1663 1933 ·
1694 1920 1713 1953 ι
1751 1896 1826 1955 ὦν

240 1984 294 2039 δὲ
321 1991 901 2062 μεμυσταγωγημὲνος
925 1990 1022 2045 καὶ
1037 1993 1418 2063 μυσταγωγῶν
1454 1996 1603 2071 ἡμᾶς
1630 1994 1658 2047 6
1681 1994 1824 2058 Θείος

241 2080 468 2149 Μάρκος
507 2080 607 2151 τὴν
639 2080 952 2151 θεολογίαν,
984 2084 1065 2148 είς
1105 2101 1165 2138 τε
1204 2085 1264 2138 16
1288 2086 1515 2156 ἀκριὸὲς
1565 2087 1683 2156 ἅμα
1728 2087 1824 2140 καὶ

238 2170 505 2240 σύντομον
532 2174 925 2246 ἀφοριζόμενος
953 2176 1053 2248 τὴν
1071 2177 1442 2243 διδασκαλίαν,
1476 2179 1554 2242 ὡς
1586 2196 1604 2231 ι
1634 2179 1770 2234 Οὐδὲ
1795 2180 1824 2234 6

240 2261 367 2325 Υίδς
416 2262 483 2316 ἂν
534 2263 670 2334 ᾔδει,
699 2265 1021 2337 διαπρύσιον
1054 2268 1172 2340 βοᾷ,
1193 2270 1242 2323 εί
1278 2270 1353 2342 μὴ
1377 2272 1405 2324 6
1436 2271 1645 2342 Πατὴρ,
1676 2289 1694 2324 ι
1730 2273 1823 2325 καὶ
1864 2280 1867 2281 ⁷

237 2352 297 2405 16
324 2356 694 2425 συνημμένον,
728 2358 897 2411 εἰπὼν
921 2359 1015 2413 τοῦ
1045 2360 1227 2430 λόγου,
1269 2362 1345 2426 ὡς
1390 2362 1619 2417 αὐτόθεν
1650 2363 1823 2417 ἅπασι

234 2442 404 2515 δήλην
432 2441 620 2515 οὖσαν,
647 2448 741 2502 καὶ
782 2450 906 2521 μηδ’
943 2452 1418 2524 ἀμφιδοξουμένην
1447 2454 1556 2507 τινὶ
1591 2454 1689 2531 τὴν
1723 2472 1821 2525 με·

236 2534 473 2605 ιτάιληψιν
502 2539 752 2609 παρῆκεν
783 2556 798 2573 ο
828 2540 890 2594 οὐ
935 2541 1044 2613 γὰρ
1074 2542 1244 2609 ἐστιν,
1274 2545 1376 2597 οὐκ
1406 2543 1573 2611 ἔστιν,
1608 2545 1717 2598 οὐδ’
1758 2547 1820 2599 οὐ

242 2625 317 2696 μὴ
343 2627 595 2697 γένηται,
626 2630 735 2682 οὐδ’
768 2631 833 2686 ἂν
862 2633 1027 2696 αὐτὸς
1057 2634 1086 2685 6
1126 2635 1226 2705 τῆς
1253 2636 1453 2700 κακίας
1483 2637 1822 2709 ἀρχιτέκτων

237 2718 427 2781 πάλιν,
461 2720 539 2781 είς
565 2721 736 2785 ἀκοάς
764 2738 930 2775 τινων
964 2723 1147 2786 αὐτοῖς
1177 2724 1452 2796 ὲρεύξοιτο
1480 2727 1740 2798 χείλεσιν,
1763 2728 1822 2793 6;

235 2809 363 2879 οὐχὶ
394 2809 475 2879 τῷ
498 2811 676 2882 Πατρὶ
703 2812 804 2883 τὴν
852 2813 1054 2882 γνῶσιν
1083 2815 1300 2886 ἐκείνης
1329 2817 1429 2886 τῆς
1462 2816 1675 2888 ἡμέρας
1728 2819 1823 2872 καὶ

240 2898 395 2970 ὥρας
435 2902 842 2972 προσαναθήσει
871 2907 977 2945 δ’δ’
1030 2906 1188 2960 τοῦτο
1217 2906 1272 2960 δὲ
1293 2906 1467 2971 διδοὺς
1495 2908 1591 2960 καὶ
1641 2918 1664 2947 ο
1693 2907 1821 2960 δυσ-

244 2994 532 3063 χεραίνων,
551 2995 613 3048 οὐ
638 2995 797 3067 λήξη⁶
821 3000 1170 3068 συγχωρήσει
1189 3000 1405 3063 πάντως
1422 3001 1515 3054 καὶ
1536 3001 1705 3067 ἄκων,
1724 3002 1822 3071 τὴν

1928 1896 2157 1962 artifex,
2190 1912 2296 1953 nec
2350 1898 2513 1954 labiis
2569 1900 2847 1960 eructabit
2890 1902 3028 1968 tale,
3060 1902 3155 1973 qui
3207 1919 3311 1958 nec
3372 1904 3512 1959 Pani

1926 1989 2213 2045 scientiam
2231 1989 2339 2045 diei
2365 1990 2513 2046 illius
2535 1992 2757 2047 ethera:
2786 1993 3065 2060 attribuit;
3097 1994 3198 2047 hoc
3228 2008 3509 2059 concess",

1925 2096 2049 2136 cum
2074 2079 2395 2136 difﬁcultate
2417 2090 2471 2137 et
2493 2083 2695 2139 invitus
2712 2083 2859 2151 licet,
2887 2085 3147 2140 concedet
3171 2092 3351 2139 tamen
3373 2084 3511 2140 Filio

1925 2188 2043 2227 eam
2078 2172 2475 2242 cognitionem:
2512 2189 2659 2243 nam,
2691 2194 2710 2227 ι
2739 2175 2929 2245 Neque
2951 2174 3123 2232 Filius
3148 2177 3253 2233 nisi
3283 2176 3461 2241 Pater,
3491 2197 3507 2228 ι

1926 2277 2051 2317 cum
2081 2261 2139 2317 in
2177 2262 2601 2333 circumscripta
2645 2264 2855 2319 ratione
2880 2263 3043 2319 Pater
3080 2266 3239 2331 sciat,
3273 2266 3327 2319 in
3356 2281 3512 2320 eam-

1924 2354 2047 2409 dem
2071 2355 2405 2426 cognitionis
2456 2370 2772 2411 mensuram
2805 2366 2861 2411 et
2889 2356 3089 2411 Filium
3121 2356 3361 2412 ascribet
3393 2376 3404 2410 :
3438 2360 3513 2411 ita

1924 2458 2035 2497 non
2063 2453 2146 2499 est
2171 2444 2487 2511 dicendum,
2510 2446 2653 2515 quod
2679 2445 3083 2501 accuratiorem
3110 2455 3165 2501 et
3189 2446 3511 2501 diviniorem

1913 2531 2147 2585 modum
2225 2533 2433 2603 tangit,
2498 2532 2785 2588 scientiam
2837 2536 2892 2589 in
2948 2533 3110 2589 Patre
3168 2549 3512 2589 communem

1925 2624 2181 2692 praedicat
2211 2640 2335 2679 cum
2371 2624 2544 2693 Filio;
2579 2634 2635 2680 tu
2685 2634 2890 2689 autem,
2929 2627 3070 2694 quod
3109 2634 3295 2689 restat,
3338 2628 3507 2679 sancti

1926 2715 2020 2770 Dei
2057 2716 2293 2786 Spiritus
2325 2717 2623 2788 sapientem
2662 2730 2713 2773 et
2751 2719 3101 2789 multiplicem
3143 2717 3514 2788 dispensatio-

1931 2823 2054 2863 nem
2114 2808 2336 2863 recolito
2363 2826 2376 2862 :
2405 2825 2526 2878 qum
2577 2810 2630 2864 in
2664 2818 2900 2881 utroque
2946 2810 3278 2881 evangelista
3313 2824 3512 2879 cpera-

1924 2902 2117 2965 batur;
2166 2916 2263 2971 per
2318 2916 2481 2955 unam
2527 2912 2579 2957 et
2625 2903 2851 2958 alteram
2892 2902 3106 2958 dicendi
3165 2902 3420 2966 formam,
3462 2902 3516 2957 in

1924 3008 2088 3048 unam
2143 3002 2199 3048 et
2249 2995 2494 3049 eamdem
2531 2994 2750 3066 pietatis
2797 2995 3177 3064 cegitationem
3209 2993 3514 3059 deducens;

245 3082 423 3153 αὐτὴν
472 3086 671 3139 ἐνεῖναι
720 3085 921 3155 γνῶσιν
951 3088 1030 3160 τῷ
1062 3089 1175 3160 Υῑῷ
1209 3106 1223 3121 ’
1283 3090 1345 3143 τὸ
1390 3091 1522 3164 γὰρ,
1559 3109 1579 3143 ι
1630 3093 1752 3146 οὐδὲ
1794 3095 1823 3144 6

1928 3094 2156 3141 sanctus
2185 3086 2478 3141 Mattbaans
2511 3103 2698 3143 vocem
2741 3087 2887 3141 solus
2933 3086 3252 3152 adnectens,
3290 3102 3396 3141 non
3434 3087 3517 3140 in-

247 3176 398 3239 Υίὸς,
432 3178 480 3229 εί
524 3177 601 3250 μὴ
657 3179 685 3231 6
731 3180 942 3251 Πατὴρ,
1012 3199 1032 3232 ι
1075 3182 1501 3255 ἀπαραγράπτῳ
1549 3182 1692 3255 λόγῳ
1729 3186 1823 3238 τοῦ

1931 3177 2169 3243 terserit,
2209 3196 2228 3229 ι
2267 3177 2453 3247 Neque
2502 3179 2690 3243 Filius,
2726 3198 2744 3229 ι
2778 3193 2844 3232 ne
2886 3178 3138 3233 videatur
3185 3195 3311 3233 cum
3344 3177 3517 3231 haere—

246 3270 462 3341 Πατρδς
495 3271 694 3335 είδότος
729 3273 808 3336 είς
838 3275 936 3344 τὴν
975 3274 1146 3347 αὐτὴν
1210 3278 1431 3345 συνάγει
1490 3278 1692 3347 γνῶσιν
1735 3279 1824 3333 τὸν

1930 3271 2055 3326 ticis
2089 3286 2118 3324 a
2152 3279 2375 3339 paterna
2410 3271 2578 3347 gloria
2609 3270 2804 3325 Filium
2838 3285 3114 3340 separare,
3148 3278 3201 3325 ct
3225 3271 3278 3323 in
3315 3270 3516 3324 cohor-

250 3362 397 3417 Υίὸν.
437 3363 602 3415 Ὥστε
634 3363 745 3417 οὐδ’
779 3363 806 3404 ιι
842 3364 993 3419 ἐστιν
1020 3366 1216 3432 εἰπεῖν,
1244 3367 1365 3419 ὅσον
1390 3369 1467 3431 εἰς
1503 3367 1566 3421 16
1598 3367 1824 3438 ἀκριϐέ-

1929 3372 2037 3418 tem
2065 3366 2411 3435 compingare
2433 3363 2749 3434 angelorum
2776 3380 2789 3416 :
2818 3361 3030 3417 Marcus
3056 3362 3319 3430 adjiciens
3337 3359 3469 3415 illud
3499 3378 3514 3415 ι

247 3455 444 3508 στατόν
469 3472 527 3508 τε
572 3455 666 3510 καὶ
697 3455 1164 3527 θεοπρεπέστατον
1190 3457 1289 3528 τὴν
1323 3460 1381 3510 ὲν
1411 3459 1589 3530 Πατρὶ
1625 3458 1824 3528 γνῶσιν

1938 3475 1956 3507 ι
1990 3452 2177 3525 Neque
2200 3454 2390 3517 Filius,
2425 3472 2443 3505 ι
2474 3462 2528 3509 et
2558 3454 2886 3525 principium
2917 3453 3142 3509 alterius
3170 3452 3375 3523 periodi
3406 3463 3519 3506 sta-

251 3546 439 3617 κοινὴν
472 3547 838 3619 ἁνακηρύττει
878 3550 972 3602 καὶ
1002 3549 1096 3603 τοῦ
1134 3549 1289 3605 Υἰοῦ.
1319 3550 1392 3602 Σὺ
1423 3549 1481 3602 δέ
1510 3566 1601 3619 μοι
1642 3549 1828 3602 λοιπὸν

251 3639 348 3708 τὴν
371 3641 469 3692 τοῦ
498 3642 767 3709 παναγίου
801 3641 895 3695 καὶ
931 3641 1077 3695 Θείου
1107 3642 1423 3712 Πνεύματος
1464 3642 1634 3712 σοφὴν
1680 3644 1830 3695 οίκο-

253 3731 450 3801 νομίαν
476 3732 571 3785 καὶ
602 3733 886 3805 πολυμερῆ
912 3734 1322 3799 συνεπιλογίζου
1349 3753 1362 3765 ’
1394 3736 1544 3799 ὅπως
1573 3736 1830 3804 ἐνεργοῦν

253 3824 311 3877 ἐν
343 3826 592 3896 ἑκατέρῳ
615 3826 724 3879 τῶν
747 3826 1170 3896 εύαγγελιστῶν,
1189 3826 1257 3880 δι’
1287 3828 1478 3909 ἐτέρας
1511 3827 1605 3881 καὶ
1636 3828 1829 3898 ἑτέρας

252 3916 411 3984 λόγου
446 3920 837 3988 συμφράσεως,
878 3920 959 3982 είς
984 3918 1084 3990 τὴν
1113 3919 1282 3992 αὐτὴν
1308 3921 1506 3983 αὐτοὺς
1552 3919 1651 3990 τῆς
1675 3920 1831 3972 εὐσε-

254 4007 404 4071 ϐείας
435 4009 638 4064 ἔννοιαν
684 4010 928 4078 συνάγει.
969 4009 1027 4062 Ὀ
1064 4009 1163 4079 μὲν
1196 4009 1304 4080 γὰρ
1350 4010 1491 4078 ἱερὸς
1532 4007 1830 4076 Ματθαῖος,

253 4101 335 4163 16,
361 4101 578 4170 μόνος,
609 4104 719 4165 τοῖς
738 4102 917 4171 λόγοις
963 4103 1272 4168 συνάπτων,
1313 4102 1564 4174 οὐδαμῶς
1587 4102 1833 4174 ἐντίθησι

254 4193 340 4259 16,
372 4213 388 4244 ι
428 4195 563 4248 Οὐδὲ
596 4197 623 4249 6
646 4195 824 4258 Υίὸςί
861 4194 946 4248 ἴνα
972 4195 1047 4268 μὴ
1077 4195 1203 4270 δόξῃ
1217 4196 1306 4249 τὸν
1332 4197 1460 4251 Υίὸν
1488 4199 1599 4261 τοῖς
1630 4198 1836 4270 αἱρετί-

254 4286 440 4352 ζουσιν
470 4289 567 4361 τῆς
593 4290 693 4357 μὲν
723 4290 998 4362 πατρικῆς
1023 4290 1183 4361 δόξης
1231 4291 1479 4365 διαιρεῖν,
1520 4292 1601 4354 εἰς
1637 4290 1693 4344 δὲ
1737 4290 1837 4363 τὴν

254 4380 361 4433 τῶν
387 4382 638 4450 ἀγγέλων
664 4382 817 4451 τάξιν
843 4383 1205 4437 συνελαύνειν.
1242 4366 1303 4436 Ὅ
1334 4382 1391 4436 δὲ
1419 4383 1561 4447 θεῖος
1585 4383 1835 4455 Μάρκος,

1932 3557 2112 3612 tuens,
2143 3545 2288 3602 tollit
2318 3545 2485 3613 solus,
2516 3562 2584 3600 ne
2614 3548 2658 3600 si
2692 3546 3012 3611 accesserit,
3051 3546 3119 3600 ab
3153 3544 3336 3614 impiis
3380 3545 3521 3597 arri-

1934 3648 2154 3709 peretur
2182 3656 2196 3693 :
2227 3647 2282 3692 et
2320 3653 2426 3692 non
2474 3635 2805 3707 principium
2848 3635 3074 3691 alterius
3108 3635 3316 3704 periodi
3350 3643 3517 3701 esset,

1940 3751 1958 3783 ι
1995 3729 2185 3801 Neque
2207 3728 2429 3793 Filius,»
2457 3728 2553 3783 sed
2581 3726 2938 3798 prmcedentis
2961 3726 3206 3782 clausula
3230 3740 3295 3779 ac
3332 3726 3523 3779 termi-

1934 3839 2040 3879 nus
2064 3822 2277 3889 inanis;
2315 3821 2389 3876 ibi
2419 3819 2568 3876 enim
2600 3818 2826 3875 scientia
2862 3827 3084 3890 paterna
3110 3816 3247 3872 Filio
3272 3830 3515 3871 commn.

1936 3918 2151 3973 nicatnr
2209 3922 2625 3981 consummate,
2652 3929 2748 3985 per
2783 3913 3180 3983 improbitatem
3215 3911 3521 3979 ignorantia

1935 4008 2262 4079 suscipitur,
2301 4018 2356 4063 et
2387 4005 2589 4077 gradus
2620 4003 2935 4076 assignatur
2967 4003 3287 4074 angelorum
3337 4014 3523 4056 serve-

1936 4116 2191 4171 rumque,
2225 4101 2330 4155 hoc
2390 4106 2662 4154 conantur
2710 4097 2805 4167 qui
2850 4095 2959 4151 Deo
3001 4096 3204 4153 bellum
3252 4094 3521 4155 indicunt.

1937 4192 2168 4246 Domino
2220 4199 2275 4246 et
2313 4187 2562 4246 Creatori
2605 4188 2884 4260 efﬁngere.
2911 4185 3159 4252 Quorum
3192 4184 3533 4254 impietatem.

1937 4292 2230 4354 amputans
2281 4282 2635 4354 evangelista,
2688 4288 3009 4351 praetextum
3061 4277 3131 4332 ab
3180 4276 3319 4339 illis,
3358 4271 3525 4334 solus,

1938 4375 2257 4448 prmseindit
2303 4383 2357 4430 et
2406 4374 2678 4445 przctollit.
2731 4372 2910 4442 Atque
2964 4371 3038 4424 ita
3088 4382 3186 4438 per
3233 4376 3529 4431 utrumque

258 4449 569 4541 προσταξας
597 4471 678 4537 16,
709 4492 727 4525 ι
751 4449 929 4527 Οὐδὲὸ
953 4473 1130 4539 Υίὸς,ι
1158 4473 1253 4528 καὶ
1280 4472 1453 4544 ἀρχὴν
1473 4471 1630 4526 τοῦτο
1656 4449 1824 4525 δευτέέ

1944 4470 2225 4534 divinum,
2268 4477 2324 4523 et
2369 4481 2591 4522 sacrum
2652 4464 3009 4533 Scriptorem,
3039 4473 3166 4515 cum
3204 4471 3300 4510 ora
3340 4455 3529 4508 videas

263 4581 363 4633 ρας
390 4565 645 4637 περιόδου
686 4565 1075 4638 ποιησάμενος,
1101 4566 1417 4635 ἀφαιρεῖται
1440 4564 1500 4617 16
1519 4564 1731 4634 μόνος,
1752 4564 1824 4617 ἵνα

1946 4560 2375 4618 hazretisantinm
2400 4560 2678 4623 obturata,
2709 4565 2762 4610 et
2792 4569 2917 4611 cum
2949 4550 3292 4607 abundanter
3325 4546 3530 4647 habeas

258 4655 338 4727 μὴ
396 4654 555 4709 τοῦτο
597 4656 761 4710 πάλιν
819 4656 1052 4711 ἐνταῦθα
1088 4657 1505 4729 προσκείμενον,
1567 4655 1824 4726 ἅρπαγμα

1944 4654 2234 4711 dubiorum
2280 4668 2313 4708 a
2343 4663 2394 4708 te
2424 4649 2834 4723 propositorum
2870 4643 3198 4708 solutiones,
3234 4639 3530 4710 impietatis

262 4748 373 4807 τοῖς
396 4745 684 4799 δυσσεὸἐσι
710 4746 935 4817 γένηται
962 4763 978 4781 ο
1010 4747 1107 4801 καὶ
1129 4747 1228 4800 οὐκ
1243 4746 1386 4817 ἀρχὴ
1417 4745 1617 4816 μᾶλλον
1644 4745 1824 4815 ἑτέρας

1944 4743 2391 4802 communionem
2438 4740 2786 4797 constantius
2828 4736 3078 4801 evitabis,
3112 4741 3169 4790 et
3219 4732 3439 4803 pietatis
3482 4739 3533 4781 te

266 4836 539 4907 περιόδου,
570 4837 735 4891 «Οὐδὲ
756 4838 784 4891 6
802 4838 929 4895 Υἱὸς
943 4856 961 4890 ι
992 4837 1247 4908 νομισθῇ,
1266 4838 1366 4908 τῆς
1385 4835 1824 4908 προτεταγμένηι

1948 4837 2123 4905 magis
2157 4835 2423 4891 fervidum
2468 4844 2802 4897 amatorem,
2863 4839 2919 4886 et
2978 4826 3321 4884 defensorem
3394 4835 3533 4892 pra:-

263 4930 318 4982 δὲ
349 4928 525 4999 πέρας
554 4931 648 4984 καὶ
674 4930 1120 5002 συναπαρτισμδς
1151 4928 1546 5002 ρᾳδιουργηθῇ.
1596 4928 1708 4981 Καὶ
1730 4927 1839 4998 γὰρ
1948 4925 2140 4981 stabis.

268 5028 494 5091 ἐκείνως
522 5038 545 5067 ο
577 5027 676 5099 μὲν
711 5028 746 5098 ἡ
775 5025 1016 5098 πατρική
1047 5025 1256 5095 γνῶσις
1307 5025 1387 5097 τῷ
1452 5025 1568 5096 Υίῷ
1624 5022 1780 5095 κοινὴ
1842 5021 2140 5076 καθίστατο
2188 5021 2285 5075 καὶ
2345 5018 2677 5089 αὐτοτελήςο
2719 5014 2917 5075 διὰδὲ
2966 5013 3065 5084 τῆς
3109 5006 3533 5110 κακουργίαςνῆή

270 5122 462 5192 ἄγνοια
513 5123 751 5194 δέχεται,
804 5123 968 5177 καὶὸ
1022 5121 1133 5175 τῶν
1184 5121 1433 5191 ἀγγέλων
1488 5122 1585 5174 καὶ
1624 5118 1835 5173 δούλων
1883 5117 2111 5189 βαθμὸς,
2137 5115 2276 5187 ὅπερ
2296 5116 2414 5168 ἐστὶ
2450 5114 2559 5169 τῶν
2577 5109 2992 5184 θεομαχούντων
3044 5103 3386 5171 σπούδασμα,
3440 5103 3531 5194 τον

272 5222 548 5292 Δεσπότην
565 5192 1164 5293 κα“ιΔημιουργόν.Ὦν
1180 5217 1558 5290 τὸκακοῦργον
1574 5217 1854 5288 ἐκτέμνων
1892 5218 1919 5269 6
1949 5213 2366 5285 εὑαγγελιστὴς,
2426 5211 2526 5283 τὴν
2568 5210 2662 5264 τοῦ
2705 5208 2894 5279 μόνος
2931 5201 3207 5275 πρόφασιν
3240 5192 3531 5293 προδιοξδξ⁶“

275 5336 400 5373 πτει
560 5286 906 5390 προαναιρεί
938 5286 1147 5380 *Οὕτως
1173 5310 1269 5373 οὖν
1317 5316 1384 5370 δι’
1417 5286 1680 5388 ἑκατέρου
1708 5286 1843 5368 Ῠτῶν
1882 5311 2181 5366 Θεσπεσίων
2207 5310 2304 5366 καὶ
2332 5308 2624 5381 ἱερολόγων
2652 5304 2883 5376 ἀνδρῶν,
2947 5298 3019 5353 τὰ
3078 5294 3188 5350 τῶν
3232 5286 3533 5364 αἱρετιζόν-

277 5435 381 5469 των
424 5417 563 5487 ὀρῶν
617 5416 1041 5486 ὂμφραττὸμενα
1072 5413 1340 5484 στόματα,
1378 5415 1471 5465 καὶ
1525 5413 1623 5477 τὰς
1673 5411 1858 5474 λύσεις
1897 5403 1972 5463 ὧν
2033 5409 2281 5479 ἠπόρεις,
2316 5407 2382 5460 δι’
2456 5406 2633 5459 αὐτῶν
2682 5402 2906 5459 ἐκείνων
2950 5391 3539 5466 καταπλοντιζόμενος,

363 5541 406 5570 8"
435 5538 591 5594 Jnan.
616 5556 672 5601 v,
708 5540 797 5592 “ll.
875 5537 920 5569 ⁸⁵
950 5534 1108 5592 Joan.
1150 5552 1263 5598 xw,
1296 5536 1349 5589 6.

1520 5672 1755 5729 VMlljF.
1816 5669 2222 5726 LECTIONES.

359 5775 444 5816 ⁸⁸³
471 5776 529 5832 C.
564 5774 634 5832 Μ.
672 5774 1156 5849 προσανατεοήσει.
1258 5773 1353 5829 CC.
1386 5772 1452 5827 Μ.
1496 5772 1616 5827 κᾶν.
1695 5768 1796 5825 αα.
1824 5769 1892 5824 Μ.
1925 5768 2143 5836 συνάγει
2173 5767 2301 5821 οὐδ’.
2382 5776 2403 5804 ο
2436 5764 2499 5819 G.
2528 5761 2597 5818 M.
2644 5769 2789 5818 recte
2822 5761 3053 5822 ἐκεῖνος,
