3880 6206
390 320 497 383 683

1567 319 1826 379 ΡΗΟΤΙΙ
1859 318 2365 380 ΡΑΤΗΙΑΗΟΗίΕ
2381 323 2480 387 CP.

3560 315 3664 380 634

384 434 485 501 τήν
511 449 569 485 τε
607 431 707 499 τῆς
730 431 1050 496 δυσσεὸεεας
1074 432 1153 495 είς
1179 431 1240 485 τὸ
1295 430 1661 503 βεϐαιώτερον
1696 430 1968 501 ἐκτρέπου
2014 429 2306 485 κακόνοιαν
2362 431 2383 471 ί
2405 474 2423 500 ,
2472 433 2578 487 καί.
2611 434 2710 508 τῆς
2765 434 3050 499 εὐσεϐείας
3109 434 3442 506 θερμότερον
3500 432 3667 488 αὑτὸν

315 578 318 581 λ
380 525 623 594 ἐραστὴν
649 525 743 578 καὶ
771 525 1092 614 ὑπέρμαχον
1121 524 1487 581 ἐπιδείκνυσο.

490 638 819 706 QUAESTIO
850 642 1015 697 cxv.
1070 644 1259 718 [CoisL
1313 646 1479 700 Taur.
1523 642 1863 717 cxxxvnq
1994 627 2045 687 Α

813 728 890 783 De
916 732 1180 801 sapientia
1213 730 1539 786 Salomonis.

2604 632 2942 698 εΡΩΤΗΣιΣ
2989 642 3137 697 PIE'.

2357 736 2640 807 Περίλτῆς
2690 735 3079 807 Σολομῶντος
3128 734 3376 804 σοφίας.

508 842 652 896 Edita
675 859 703 895 a
735 844 1033 897 Montacutio
1056 847 1161 910 (ep.
1184 848 1294 908 2H,
1314 849 1382 898 ad
1414 847 1720 913 Theotmum,
1753 862 1805 911 p.
1831 847 1917 897 361
1946 850 2080 913 seq.)
2104 850 2493 915 Explanationes
2515 857 2564 905 in
2587 854 2653 905 ιιι
2672 856 2887 918 Regum,
2906 867 2972 915 tv,
2994 854 3077 915 51,
3098 859 3151 903 et
3182 853 3201 902 Ι
3225 853 3351 915 Reg.
3388 867 3460 912 ιι,
3493 852 3571 902 24.

456 950 598 1018 Quid
631 961 687 1006 tu
718 967 935 1022 passus,
985 968 1094 1023 qua
1150 955 1482 1026 cogitatione
1538 964 1719 1011 metus
1749 965 1829 1022 tu,
1886 957 1977 1011 vir

390 1041 506 1110 Dei,
551 1053 678 1113 post
720 1054 829 1098 tam
861 1045 1084 1116 longum
1145 1055 1364 1118 tempus
1391 1057 1446 1103 et
1485 1050 1658 1104 nostri
1698 1058 1806 1104 tam
1839 1064 1971 1118 pro-

388 1135 610 1190 fundam
647 1135 1000 1201 oblivionem,
1050 1146 1176 1207 post
1226 1140 1556 1195 amnestiam
1616 1142 1973 1207 horrendam,

390 1242 488 1281 nec
538 1225 695 1281 facile
753 1228 1313 1296 commemorandam,
1348 1230 1417 1285 ab
1440 1231 1571 1285 olim
1609 1231 1741 1285 mihi
1778 1232 1976 1287 amicis

392 1320 694 1390 profectam
720 1360 738 1386 ,
772 1329 896 1391 post
922 1321 1068 1375 mala
1122 1329 1202 1375 tot
1230 1322 1503 1377 exantlata
1559 1331 1768 1377 tantum
1801 1323 1971 1378 silen-

389 1414 548 1479 tium,
599 1413 741 1467 haud
786 1412 1018 1467 dixerim
1071 1428 1173 1484 ego
1221 1415 1419 1485 aequali
1467 1429 1587 1469 mea
1641 1414 1977 1470 condemna-

389 1504 556 1567 tione,
593 1518 980 1574 eaprOponere
1014 1505 1110 1561 tibi
1132 1506 1304 1560 visum
1334 1506 1657 1579 fuerit,quae
1684 1507 1965 1563 curiosius

386 1594 455 1650 ab
510 1596 579 1650 iis
642 1596 848 1666 inquiri
913 1598 1112 1660 solent,
1172 1598 1267 1668 qui
1314 1597 1557 1668 jucunde
1590 1600 1757 1654 vitam
1805 1599 1970 1654 istam

388 1689 732 1759 transigunt,
788 1699 842 1744 et
872 1692 1187 1745 accuratius
1221 1691 1684 1761 philosophantur
1720 1711 1733 1746 :
1762 1701 1816 1747 at
1843 1707 1967 1758 nos,

387 1798 620 1857 quorum
649 1782 760 1853 jam
787 1783 916 1838 olim
940 1783 1053 1837 vita
1085 1784 1244 1840 malis
1268 1785 1559 1850 emarcuit,
1616 1786 1708 1855 qui
1737 1785 1969 1855 plurima

387 1890 452 1931 ex
491 1884 645 1945 parte
682 1876 887 1931 mortui
939 1891 1132 1932 sumus
1166 1894 1180 1932 :
1227 1878 1322 1949 qui
1355 1893 1523 1944 nunc,
1565 1887 1626 1933 ut
1672 1879 1968 1934 obscurum

388 1967 663 2036 quoddam
698 1968 1051 2024 simulacrum
1073 2010 1091 2034 ,
1143 1971 1309 2025 etvix
1347 1972 1781 2042 agnoscendum,
1816 1982 1964 2027 vete-

388 2060 466 2119 ris
493 2060 644 2116 illius
671 2071 875 2117 nostra:
901 2062 1284 2128 institutionis,
1334 2073 1388 2120 et
1422 2063 1666 2119 discendi
1699 2064 1971 2133 cupiditao

388 2150 482 2217 tis,
545 2151 601 2205 in
660 2152 764 2207 hac
825 2168 990 2209 carne
1041 2153 1251 2209 misella
1322 2160 1375 2225 (ο
1433 2169 1718 2224 quousque
1749 2155 1967 2210 vivendi

387 2241 663 2300 desiderio
692 2244 962 2305 teneberis
990 2246 1032 2314 ί)
1058 2245 1523 2316 circumagimur:
1559 2262 1725 2300 unum
1760 2256 1868 2310 est,
1897 2246 1965 2300 de
2003 2228 2042 2283 Β

388 2348 499 2403 quo
536 2333 1012 2404 philosophemur,
1066 2352 1243 2404 mors,
1284 2346 1341 2391 et
1372 2337 1647 2408 angimur,
1703 2338 1852 2407 quod
1888 2339 1968 2393 sic

388 2426 590 2489 tardet,
622 2441 723 2487 nec
754 2442 854 2483 nos
891 2428 1053 2484 citius
1082 2427 1149 2483 de
1179 2428 1304 2484 istis
1336 2428 1577 2484 miseriis
1605 2430 1817 2497 educit,
1849 2432 1972 2501 qui-

388 2516 494 2583 bus
521 2517 765 2587 quotidie
793 2534 895 2575 nos
926 2518 1254 2588 premimur,
1280 2519 1409 2574 dum
1440 2519 1576 2573 nihil
1605 2535 1662 2574 se
1688 2523 1971 2575 remittunt

390 2620 799 2680 persequentes.
848 2610 1006 2683 Quod
1040 2613 1084 2667 si
1117 2612 1320 2681 cupitis
1374 2613 1451 2681 (et
1480 2628 1599 2680 cur,
1635 2628 1845 2684 quaeso,
1875 2629 1971 2668 eu-

392 2702 571 2771 pictis,
603 2702 696 2773 qui
728 2718 943 2763 summa
973 2702 1221 2759 fruimini
1252 2703 1537 2771 felicitate,
1584 2721 1824 2776 quorum
1858 2706 1965 2759 liu-

389 2810 508 2866 guae
541 2794 777 2852 libenter
818 2797 1101 2854 rhetorum
1150 2813 1341 2869 greges
1370 2796 1764 2869 fattmlantur?)
1796 2799 1864 2852 de
1889 2807 1974 2852 tu-

392 2888 541 2952 tnulo
598 2903 788 2946 vocem
842 2890 1065 2952 audire,
1113 2890 1370 2960 loquetur
1413 2897 1561 2945 certe
1613 2891 1969 2945 simulacrum

389 2978 522 3043 mei,
580 2979 654 3034 ita
708 2980 854 3037 enim
909 2981 1088 3051 magis
1130 2996 1431 3052 congruum
1479 2983 1731 3051 praesenti
1778 2982 1969 3037 statui.

389 3067 666 3136 Fortassis
722 3070 940 3134 silentio
970 3071 1266 3129 insidiatur
1320 3073 1613 3142 scriptum,
1661 3084 1715 3129 et
1744 3074 1973 3129 alterius

388 3162 669 3232 tragmdite
708 3162 1313 3231 quaerit'occasionem.
1361 3161 1422 3237 _Si
1453 3180 1553 3234 per
1603 3164 1832 3220 insidias
1855 3180 1973 3220 ser-

391 3266 581 3318 mones
611 3249 886 3317 feruntur,
914 3250 1237 3320 jamdudum
1266 3262 1371 3319 est,
1404 3270 1528 3308 eum
1556 3256 1763 3325 experti
1797 3256 1973 3311 simus

390 3342 708 3401 istiusmodi
757 3342 1087 3398 insessores.
1124 3343 1418 3413 Quocirca,
1476 3346 1728 3416 loquetur
1764 3347 1970 3417 potius,

390 3448 556 3503 quam
590 3433 804 3501 silebit;
833 3443 889 3495 at
918 3434 1173 3504 loquetur
1196 3436 1560 3503 breviuscule,
1586 3451 1641 3493 et
1670 3440 1969 3503 humiliter,

390 3534 452 3591 ut
484 3540 581 3595 par
606 3537 691 3583 est
723 3525 873 3592 illum
906 3527 1243 3597 respondere
1278 3530 1548 3600 quaesitis,
1600 3532 1695 3601 qui
1742 3532 1797 3585 in
1845 3547 1967 3586 mea

391 3618 749 3679 constituitur
784 3620 1123 3681 conditione.

462 3700 645 3766 Unum
689 3726 721 3766 e
768 3712 953 3779 dubiis
1002 3714 1134 3769 illud
1180 3722 1308 3769 est:
1351 3734 1370 3767 ι
1411 3714 1688 3785 Sapientia
1717 3716 1975 3771 excelluit

388 3798 649 3867 Salomon
713 3813 907 3864 omnes
965 3800 1216 3859 homines
1262 3818 1278 3867 ;
1354 3810 1475 3857 erat
1527 3818 1688 3872 super
1739 3796 2015 3863 Getham’

391 3886 748 3952 lsraelitam,»
778 3898 887 3953 etc,
914 3886 1239 3957 Respondeo
1257 3888 1311 3942 in
1338 3890 1553 3959 primis,
1586 3905 1672 3945 me
1697 3906 1971 3960 nusquam

390 3978 660 4048 reperisse
692 3978 961 4053 scriptum
993 3976 1325 4043 Israelitam,
1376 3981 1523 4051 quod
1567 3996 1597 4034 a
1639 3991 1691 4041 te
1728 3982 1971 4052 positum

388 4076 509 4135 est;
561 4069 663 4125 nisi
716 4070 847 4133 mihi
902 4072 1225 4126 memoriam
1274 4073 1660 4128 tribulatioues
1708 4089 1970 4130 excusse-

392 4159 505 4223 rint
545 4177 561 4215 :
614 4161 706 4223 sed
754 4176 849 4229 pro
885 4159 1164 4228 Israelita,
1202 4161 1483 4228 Zaraitam
1523 4164 1626 4233 legi
1663 4183 1676 4220 :
1716 4164 1976 4225 Israelitae

392 4260 549 4315 erant
571 4254 723 4317 natio
744 4254 994 4318 Judaica.
1024 4266 1077 4315 et
1108 4256 1472 4317 communiter
1491 4256 1564 4317 ita
1595 4257 1973 4315 vocabantur:

392 4353 449 4410 at
482 4346 797 4411 charactere
828 4350 1106 4411 communi
1135 4349 1399 4410 denotare
1430 4349 1670 4419 aliquem
1697 4389 1713 4415 ,
1750 4366 1876 4411 cum
1905 4350 1974 4409 ad

392 4434 547 4503 illum,
577 4452 770 4494 omnes
800 4454 961 4503 suum,
993 4456 1165 4510 genus
1200 4439 1468 4507 referant,
1492 4438 1641 4507 juste
1673 4430 1974 4512 reprehen-

391 4527 560 4585 ditur.
583 4528 851 4595 Quocirca
872 4548 968 4601 pro
991 4532 1289 4597 lsraelites,
1308 4534 1534 4587 omnino
1557 4534 1971 4591 rescribendum

392 4617 673 4689 Zaraites;
704 4621 908 4690 Ait/ian
928 4663 943 4687 ,
992 4624 1046 4677 iu
1077 4625 1406 4695 quibusdam
1435 4625 1844 4694 exemplaribus
1871 4626 1973 4682 Ge-

392 4710 519 4775 tltan
579 4712 780 4778 dicitur
823 4730 837 4766 :
903 4712 1155 4777 fortassis
1203 4715 1457 4770 eumdem
1508 4698 1792 4776 binomine
1840 4732 1976 4775 voce

390 4802 749 4870 exprimente.
836 4801 993 4868 Quod
1062 4803 1230 4870 igitur
1299 4806 1558 4876 deinceps
1614 4807 1863 4876 sequitur
1920 4807 1973 4860 in

2001 3581 2047 3640 ϐ

2150 959 2439 1031 ’Ἄνθρωπε
2482 960 2574 1015 τοῦ
2606 958 2777 1025 Θεοῦ,
2805 959 2858 1013 τί
2887 958 3108 1024 παθὼν,
3147 959 3202 1011 τί
3232 959 3289 1013 δὲ
3321 956 3670 1026 διανοηθεὶςρ

2077 1050 2217 1121 μετά
2264 1052 2520 1106 τοσοῦτον
2571 1051 2762 1124 χρόνον
2808 1051 3040 1122 μακρὸν,
3074 1051 3215 1121 μετὰ
3278 1050 3451 1120 λήθην
3502 1047 3667 1119 ἡμῶν

2072 1144 2215 1198 οὕτω
2256 1144 2499 1215 βαθεῖαν,
2525 1144 2664 1214 μετὰ
2726 1143 2966 1215 φοϐεράν
2997 1143 3091 1196 καὶ⁸
3139 1143 3503 1214 ἀνιστόρητον
3556 1140 3666 1192 ὑπὸ

2071 1236 2181 1291 τῶν
2208 1254 2338 1290 ποτε
2370 1237 2668 1306 φιλούντων
2696 1235 3025 1307 ἀμνηστίαν,
3059 1235 3199 1306 μετά
3243 1234 3516 1288 τοσούτων
3542 1233 3665 1285 πεῖ-

2074 1345 2177 1399 ραν
2206 1328 2509 1399 δυσχερῶν,
2539 1327 2681 1399 μετά
2728 1327 3065 1399 τηλικαύτην
3116 1328 3184 1380 ἐκ
3231 1326 3534 1393 καταδίκης
3572 1323 3661 1393 (οὐ

2071 1420 2224 1489 λέγω
2238 1420 2418 1488 ποίας)
2468 1420 2651 1490 σιγὴν,
2676 1420 2861 1473 ἐκεῖνα
2911 1416 3221 1489 προτείνειν
3258 1415 3451 1485 ἔγνως,
3477 1414 3516 1469 ἀ
3542 1415 3659 1478 τοῖς

2071 1512 2466 1584 ἐνευημεροῦσι
2515 1511 2594 1582 τῷ
2658 1511 2892 1582 παρόντι
2955 1511 3056 1581 βίῳ
3110 1510 3207 1564 καὶ
3268 1505 3663 1577 φιλοσοφοῦσιν

2071 1604 2455 1676 ἀκμαιότερον,
2524 1601 3101 1673 πολυπραγμονεῖσθαι
3166 1600 3394 1665 εῖωθενς
3458 1599 3661 1667 Ἦμεξ

2072 1697 2153 1762 δὲ,
2176 1696 2273 1749 καὶ
2322 1696 2493 1766 αὐτῆς
2539 1695 2700 1766 ἡμῶν
2748 1694 2851 1764 τῆς
2894 1692 3045 1761 ζωῆς
3076 1693 3250 1747 πάλαι
3292 1692 3408 1755 τοῖς
3462 1691 3662 1752 κακοῖς

2073 1784 2642 1855 ἐναπομαρανθείσης,
2681 1784 2742 1837 τὸ
2770 1782 2936 1837 πλέον
2985 1782 3362 1853 τεθνήκαμεν·
3402 1782 3496 1835 καὶ
3532 1780 3663 1845 νῦν,

2072 1874 2160 1933 οἷά
2198 1896 2283 1943 τις
2336 1876 2501 1932 είκὼν
2560 1877 2802 1948 ἀμυδρὰ,
2855 1877 2951 1931 καὶ
2989 1875 3187 1948 μικροῦ
3244 1875 3367 1947 μηδ’
3391 1876 3667 1944 ἐπιγινω-

2073 1972 2334 2042 σκομένη,
2377 1972 2476 2042 τῆς
2526 1970 2768 2033 παλαιᾶς
2809 1970 3028 2038 ἐκείνης
3086 1968 3309 2037 ἀγωγῆς
3363 1968 3459 2020 καὶ
3501 1966 3665 2034 φιλο-

2075 2064 2325 2135 μαθείας,
2360 2063 2439 2134 τῷ
2476 2061 2808 2133 ταλαιπώρῳ
2859 2060 3037 2133 τούτῳ
3095 2060 3306 2133 σαρκίῳ
3358 2052 3424 2128 (ᾧ
3493 2059 3668 2129 μέχρι

2072 2153 2215 2217 τίνος
2252 2153 2605 2223 φιλοζωήσεις
2629 2152 2667 2223 ;)
2694 2150 3182 2223 περιπλανώμεθα,
3223 2148 3282 2202 ἒν
3328 2148 3490 2217 μόνον
3516 2146 3660 2217 ἡμῖν

2070 2246 2465 2314 φιλοσοφεῖται,
2507 2246 2535 2298 δ
2588 2244 2845 2309 θάνατος,
2882 2243 3136 2305 κάκεῖνος
3181 2238 3521 2311 παραλυπῶν
3571 2238 3666 2291 ὅτι

2072 2336 2325 2408 βραδὺνει
2348 2352 2364 2368 ο
2392 2338 2488 2389 καὶ
2517 2336 2619 2389 οὐκ
2666 2334 2870 2403 ἀπάγει
2908 2335 3102 2388 θᾶττον
3126 2331 3238 2385 τῶν
3282 2330 3541 2399 θλίψεων,
3567 2322 3667 2390 αῖς

2068 2427 2437 2490 ἀδιαλείπτως
2487 2426 2587 2480 οὐκ
2628 2426 2945 2480 ἐνδιδόντων
2972 2424 3071 2495 τῆς
3098 2422 3496 2491 ἐπιτιθεμένων
3530 2436 3667 2473 συν⁹

2069 2516 2327 2588 εχόμεθα.
2365 2515 2515 2588 Πλὴν
2543 2516 2592 2569 εί
2626 2516 2820 2586 γέγονέ
2872 2516 3043 2569 ποθεν
3086 2515 3261 2584 φίλον,
3296 2513 3372 2576 ὡς
3408 2516 3511 2565 οὐκ
3557 2507 3675 2564 οἷδ’

2069 2608 2190 2663 ἀνθ’
2218 2610 2345 2662 ὅτου
2395 2604 2475 2672 οἷς
2509 2608 2749 2679 ἀκμάζει
2773 2607 2876 2678 μὲν
2904 2607 2975 2660 τά
3009 2607 3108 2676 τῆς
3148 2605 3521 2676 εὐδαιμονίας,
3556 2606 3665 2676 ρη-

2068 2701 2244 2772 τόρων
2283 2700 2329 2753 δ’
2373 2700 2566 2769 ἀγέλαι
2614 2700 2897 2770 χαίρουσιν
2946 2698 3244 2769 ὑπηρετεῖν
3290 2699 3358 2767 τῇ
3412 2695 3670 2765 γλώττῃ.

2070 2794 2166 2848 καί
2197 2792 2297 2864 τῆς
2326 2794 2391 2846 ἐκ
2416 2793 2605 2863 τάφων
2641 2792 2825 2862 φωνῆς
2855 2788 3165 2851 ἐπακοῦσαι
3185 2805 3201 2821 ο
3226 2788 3525 2858 φθέγξεται
3557 2787 3673 2856 μὲν

2071 2885 2132 2938 τδ
2163 2885 2296 2955 ἐμὸν
2334 2885 2553 2938 εἴδωλον
2583 2901 2600 2918 ο
2636 2882 2782 2936 οὕτω
2828 2880 2939 2953 γὰρ
2986 2881 3165 2937 εἰπεῖν
3222 2881 3337 2944 τοῖς
3386 2878 3677 2947 παροῦσιν

2071 2974 2425 3045 οἰκειότερον.
2475 2972 2631 3043 Τάχα
2680 2974 2788 3043 γὰρ
2835 2971 2931 3025 καὶ
2972 2970 3160 3043 γραφὴ
3214 2971 3314 3041 τὴν
3360 2969 3523 3038 σιγὴν
3577 2968 3673 3020 ἐνο

2071 3064 2304 3135 εδρεύει,
2331 3067 2427 3117 καὶ
2451 3065 2607 3135 ζητεῖ
2637 3064 2914 3136 πρόφασιν
2952 3063 3116 3133 ἄλλης
3137 3060 3473 3132 τραγῳδίας.
3500 3059 3566 3111 Et
3596 3056 3671 3111 δὲ

2071 3156 2165 3208 καὶ
2194 3155 2326 3227 λοχᾷ
2354 3157 2479 3219 τοὺς
2520 3157 2738 3224 λόγους,
2774 3157 2945 3211 πάλαι
2978 3155 3101 3208 τῶν
3140 3153 3429 3224 λοχώντων
3456 3166 3664 3203 πεπει-

2076 3244 2309 3315 ράμεθα.
2338 3248 2417 3297 Δι’
2448 3246 2477 3299 ὃ
2505 3246 2797 3315 φθέγξεται
2824 3246 3045 3317 μᾶλλον,
3075 3244 3109 3315 ἢ
3140 3244 3414 3314 σιωπήσει
3443 3257 3460 3274 ⁸
3496 3239 3676 3310 (90¢?-

2072 3335 2219 3400 ξεται
2268 3337 2325 3390 δέ
2370 3337 2577 3409 βραχέα
2618 3340 2714 3392 καὶ
2760 3337 3014 3403 ταπεινὰ,
3045 3335 3140 3391 καί⁸
3191 3329 3281 3388 οἷα
3343 3332 3513 3400 είκδς,
3541 3332 3672 3395 τοῖς

2071 3427 2212 3482 οὕτω
2243 3429 2633 3502 διακειμένοις,
2665 3430 3084 3503 ἀποκρίνεσθαι.

2149 3708 2247 3761 Ἓν
2273 3704 2370 3775 μὲν
2398 3698 2491 3757 οὖν
2518 3701 2600 3765 τὸ,
2627 3717 2646 3751 ι
2686 3696 3005 3767 Ὲσοφίσατο
3049 3694 3301 3766 Σολομῶν
3325 3693 3468 3764 ὑπὲρ
3521 3692 3666 3747 πάνυ·

2076 3816 2174 3862 τας
2210 3794 2559 3864 ἀνθρώπους,
2585 3790 2679 3844 καί
2713 3789 2852 3859 ὑπὲρ
2885 3787 3057 3841 Γεθάν
3085 3787 3178 3839 τὸν
3229 3784 3600 3858 Ἰσραηλίτην,
3637 3802 3661 3835 ι

2075 3891 2170 3945 καὶ⁹
2196 3888 2343 3957 ἐξῆς.
2379 3883 2605 3956 Πρῶτον
2646 3883 2743 3954 μὲν
2759 3879 2938 3933 ἐκεῖνό
2967 3895 3170 3950 φαμεν,
3196 3877 3271 3942 ώς
3294 3877 3395 3929 οὐκ
3431 3877 3665 3944 ἰσραης

2074 3980 2256 4047 λίτην
2286 3974 2518 4047 εὓρομέν
2535 3991 2639 4026 που
2659 3970 3072 4041 γεγραμμένον,
3096 3971 3172 4033 ὡς
3227 3968 3384 4021 αὐτοὶ
3408 3969 3470 4021 τὸ
3498 3967 3662 4040 ῥῆμα

2077 4069 2383 4144 παρέθεσθε
2407 4086 2423 4101 ο
2461 4068 2512 4121 εί
2553 4067 2715 4137 μήπω
2738 4064 2833 4117 καὶ
2878 4063 3052 4133 αὐτὴν
3102 4060 3262 4133 ἡμῶν
3304 4060 3403 4133 τὴν
3430 4063 3663 4131 μνήμην

2078 4158 2504 4232 προσαφείλοντο
2523 4156 2580 4209 αί
2607 4154 2815 4224 θλίψεις
2860 4170 2873 4184 ·
2889 4152 3011 4206 ἀλλ’
3034 4152 3155 4206 ἀντὶ
3170 4150 3265 4205 τοῦ
3296 4151 3662 4219 ’1ραηλίτηγ,

2077 4252 2381 4324 Zapattmf
2408 4250 2727 4318 ἀνέγνωμεν
2747 4263 2763 4279 ·
2806 4246 3143 4317 Ἰσραηλῖται
3168 4245 3266 4317 μὲν
3293 4245 3401 4317 γάρ
3424 4246 3487 4296 τὸ
3521 4245 3662 4297 ’1ου-

2075 4346 2242 4400 δαίων
2282 4342 2436 4397 ἅπαν
2464 4339 2654 4409 φῦλον,
2684 4339 2779 4392 καί⁸
2806 4336 2992 4407 κοινὴν
3026 4336 3175 4389 ἕλκει
3221 4337 3322 4407 τὴν
3365 4335 3561 4405 κλῆσιν
3601 4334 3665 4387 τὸ

2076 4433 2250 4499 ἔθνος,
2308 4430 2578 4500 κοινότητι
2641 4427 2699 4480 δέ
2741 4424 3172 4497 χαρακτηρίζειν
3226 4423 3399 4485 τινὰς,
3454 4425 3536 4486 είς
3594 4423 3663 4492 ἢν

2077 4527 2326 4587 ἅπαντας
2374 4520 2737 4591 συναναφέρει
2778 4519 3061 4586 τὸγένος,
3119 4516 3220 4568 οὐκ
3268 4513 3384 4567 ἔστι
3438 4513 3661 4566 δικαίαν

2075 4617 2245 4691 λαϐὴν
2295 4617 2556 4685 ἐκφυγεῖν
2582 4631 2596 4645 ·
2626 4612 2764 4669 ἀλλά
2788 4611 2947 4665 τοῦτο
2982 4610 3079 4681 μὲν
3106 4607 3279 4680 ὀρθῶς
3302 4607 3368 4660 ἂν
3396 4609 3483 4677 εῖη
3510 4605 3657 4674 ἔχον,

2075 4709 2266 4769 είάντὶ
2292 4707 2385 4762 τοῦ
2441 4706 2842 4774 ἰσραηλίτης,
2878 4702 3190 4770 Ζαραΐτης,
3235 4695 3608 4768 μεταληφθείη
3639 4710 3663 4728 δ

2075 4802 2168 4861 τὸν
2196 4800 2254 4855 δέ
2291 4799 2496 4865 Δίθὰν,
2533 4798 2650 4851 ἔνια
2698 4795 2808 4848 τῶν
2852 4793 3205 4863 ἀντιγράφων
3248 4788 3474 4842 Γαιθὰν
3536 4787 3660 4839 ὀνοο

392 4892 514 4948 loco
558 4894 687 4956 isto,
737 4893 1000 4950 dividitur
1034 4894 1089 4949 in
1113 4895 1387 4966 duplicem
1419 4913 1626 4961 aream,
1659 4906 1714 4952 et
1752 4897 1965 4967 gemina

2084 4893 2267 4961 μάζειν
2316 4890 2570 4961 διωνὺμῳ
2627 4887 2771 4957 τάχα
2811 4886 3025 4956 κλήσει,
3085 4882 3179 4934 τὸν
3240 4879 3405 4933 αὐτὸν
3453 4877 3658 4978 ὑποδη-

390 4984 831 5049 consideratione
857 4986 1121 5043 variatur.
1171 4986 1227 5041 Si
1260 4986 1483 5056 Euam,
1538 4996 1593 5043 et
1619 4987 1883 5055 Chalcad,
1919 4996 1973 5042 et

2080 4983 2296 5038 λοῦντα.
2342 4981 2417 5036 Τὸ
2463 4982 2646 5052 μέντοι
2703 4978 2829 5050 ἐξῆς
2884 4976 2977 5030 τοῦ
3054 4973 3255 5045 χωρίου
3313 4972 3407 5024 καὶ
3441 4971 3520 5032 είς
3565 4968 3663 5021 δύο

390 5075 618 5130 Cardala
648 5077 929 5143 exhibeat,
956 5077 1229 5150 significat
1260 5080 1514 5155 antiquos
1548 5082 1617 5134 oh
1646 5080 1972 5149 sapientiam

394 5168 525 5226 olim
566 5167 811 5224 celebres
868 5159 1255 5250 Egyptiorum
1297 5171 1586 5250 prophetas
1626 5181 1751 5225 ante
1784 5180 1976 5225 natum

392 5257 612 5328 Moysen
639 5275 656 5325 ;
702 5259 911 5329 posteri
939 5246 1096 5316 erant
1125 5261 1283 5328 Zara,
1333 5246 1429 5332 qui
1456 5261 1747 5317 Thamans
1777 5278 1806 5316 e
1833 5260 1974 5317 Juda

393 5353 537 5407 tilius
566 5361 684 5407 erat
707 5395 721 5419 ,
781 5360 836 5407 et
883 5353 960 5407 illi
991 5364 1187 5424 przeter
1215 5337 1558 5425 prophetiam
1615 5366 1669 5412 et
1696 5358 1859 5412 aliam
1891 5371 1980 5411 sa-c

392 5439 674 5519 picutiam,
731 5440 946 5509 prmditi
993 5452 1152 5503 erant
1211 5446 1442 5509 scicntia
1498 5449 1767 5528 pangendi
1820 5449 1978 5513 odas,

2083 5074 2329 5149 σχίζεται
2370 5074 2564 5144 ἐδάφη,
2600 5072 2694 5127 καὶ
2739 5069 2902 5141 διπλῇ
2933 5066 3270 5121 ποικίλλεται
3322 5062 3547 5131 θεωρίᾳ.
3592 5059 3664 5113 Ei

2084 5146 2184 5237 μέν
2207 5164 2320 5233 γάρ
2341 5165 2506 5217 Δίναν
2534 5164 2627 5217 καὶ
2650 5162 2891 5226 Χάλκαδ,
2921 5158 3018 5214 καὶ
3053 5155 3334 5227 Κάρδαλα,
3369 5153 3431 5206 τὸ
3457 5152 3657 5221 εδαφος

2083 5258 2423 5313 ἀναπτύσσει
2447 5258 2710 5319 παλαιοὺς
2742 5255 2942 5326 ἄνδρας
2970 5252 3063 5306 ἐπὶ
3109 5249 3271 5319 σοφίᾳ
3322 5245 3660 5314 γεγεννημέ-

2047 5400 2050 5403 λ
2085 5367 2211 5412 von;
2244 5351 2554 5420 ὑποφαίνει,
2584 5350 2634 5402 οἳ
2685 5348 2826 5403 κατά
2866 5346 2964 5417 τὴν
2996 5344 3272 5412 Αἴγυπτον
3316 5338 3659 5408 προεφήτευ-

2089 5460 2212 5509 σαν,
2262 5443 2414 5497 οὖπω
2451 5444 2695 5509 Μωσέως
2724 5446 2803 5507 είς
2861 5442 3036 5510 αὐγὰς
3075 5437 3227 5509 ἡλίου
3276 5432 3661 5503 προελθόντος

1706 5628 1947 5687 vitam:
1978 5604 2385 5687 manemus

466 5778 492 5833 ξ
523 5779 607 5832 ἵσ.
636 5780 943 5837 κοινωνίαντ
