3880 6206
185 298 300 363 685

1189 310 1282 371 AD
1317 297 1911 372 AMPHILOCHIUM
1943 312 2292 384 QU/ESTIO
2343 315 2508 377 CXV.

3349 316 3457 384 686

141 484 147 489 ἱ
186 413 357 480 γονῆς
370 408 417 462 δ’
440 408 549 480 ἄρα
587 406 698 467 εἷεν
727 405 873 468 οὗτοι
904 412 997 468 τοῦ
1028 416 1198 486 Ζαρὰ,
1222 415 1281 480 ὃς
1330 420 1395 470 ἐκ
1423 419 1523 489 τῆς
1554 401 1759 490 Θάμαρ

1883 438 1978 493 [uo
2023 438 2119 480 eos
2162 424 2435 481 naturalis
2467 423 2752 482 inclinatio
2782 425 3035 491 ducebat,
3088 425 3223 481 adeo
3249 436 3309 483 ut
3332 429 3456 498 qui-

185 499 408 567 ἐγένετο
458 503 483 542 8
531 502 608 573 τῷ
671 504 874 577 Ἰούδᾳ·
929 507 1058 576 ἐνῆν
1121 507 1179 567 δὲ
1242 509 1427 572 αὐτοῖς
1486 512 1623 581 μετά
1674 511 1775 582 τῆς

189 592 557 663 προφητείας,
590 595 684 648 καὶ
714 596 815 666 τῆς
844 597 1013 669 ἄλλης
1036 599 1249 669 σοφίας,
1281 603 1375 653 καλ⁸
1405 603 1534 674 περὶ
1557 604 1775 674 ποίησιν

188 682 402 753 ῲδώνή
432 684 595 754 φύσις
622 685 864 758 λαχοῦσα
894 689 993 761 τὴν
1028 691 1343 761 εὐκληρίαν,
1373 693 1448 758 ὡς
1478 696 1571 748 καί
1618 712 1773 759 τινας

189 774 304 830 τῶν
324 775 557 846 ψαλμῶν
610 780 690 842 είς
726 779 788 832 τὸ
837 781 1066 836 ἐκείνων
1113 783 1283 852 ὄνομα
1321 786 1419 856 τὴν
1459 788 1774 859 ἐπιγραφὴν

192 867 517 939 ἀναφέρειν.
537 869 677 939 Φησὶ
710 872 1002 944 τοιγαροῦν
1026 874 1058 944 ή
1090 874 1207 927 θεία
1238 877 1450 948 Γραφὴ,
1470 879 1545 942 ὡς
1570 880 1631 934 οὐ
1674 880 1773 950 μό-

192 975 288 1012 νον
329 959 438 1012 τῶν
462 960 641 1015 ἀλλων
684 962 781 1016 ἀνθ
791 963 1012 1032 ρώπων,
1033 963 1167 1018 ἀλλὰ
1187 966 1506 1020 καὶτούτων
1524 968 1775 1040 Σολομῶν

192 1050 416 1122 ἐκράτει
445 1055 510 1123 τῇ
537 1052 717 1125 σοφίᾳ.
759 1054 819 1108 Ei
852 1055 911 1108 δέ
936 1058 1078 1111 κατά
1106 1057 1336 1129 θάτερον
1354 1059 1464 1113 τῶν
1492 1061 1779 1132 λογισμῶν

191 1135 334 1205 εἶδος
384 1143 805 1213 ἀποκρύψασθαι
863 1144 964 1215 μὲν
1015 1146 1225 1216 λέγοιτο
1263 1148 1519 1220 Σολομῶν
1558 1151 1774 1223 ἀνθρὼ-

192 1245 334 1294 πους
382 1231 610 1298 πάντας,
651 1234 976 1303 σοφίσασθαι
1012 1236 1071 1290 δὲ
1108 1237 1206 1291 καὶ
1250 1238 1393 1309 ὑπὲρ
1434 1240 1627 1305 Αίθάν,
1680 1239 1776 1292 καὶ

194 1320 340 1393 ὑπὲρ
386 1323 570 1393 Δίμάν
600 1341 614 1356 ο
665 1326 846 1380 έκεῖνο
890 1330 1165 1400 προσῆκεν
1222 1329 1441 1396 εἰδέναι,
1483 1331 1560 1395 ὡς
1607 1330 1776 1385 Ᾱίθάν

192 1431 253 1468 τε
291 1414 390 1470 καὶ
422 1416 602 1485 Αίμάν
651 1418 753 1472 οὐκ
781 1420 841 1473 ἐν
873 1421 1087 1492 μνήμῃ,
1118 1421 1372 1494 καθάπερ
1404 1423 1455 1476 οἱ
1487 1423 1617 1494 περὶ
1634 1423 1778 1476 Χαλ-

195 1504 321 1572 κὰδ,
349 1507 671 1562 κατέλειπον
718 1510 819 1581 τὴν
850 1510 1029 1564 αὑτῶν
1084 1513 1397 1584 σωζομένην
1432 1513 1590 1579 δόξαν
1611 1530 1626 1545 ’
1658 1513 1773 1568 ἀλλ’

194 1596 302 1650 ὑπὸ
325 1599 451 1661 τοὺς
474 1598 674 1662 αὐτοὺς
699 1600 945 1671 χρόνους,
971 1603 1030 1655 ἐν
1051 1598 1131 1667 οἷς
1152 1604 1248 1658 καὶ
1281 1604 1533 1675 Σολομῶν
1554 1606 1647 1659 ἐπὶ
1680 1624 1777 1659 σο-

202 1687 305 1759 φίᾳ
320 1688 402 1729 ὶιυί
427 1689 638 1753 πάντας
659 1693 998 1761 κατέπληττε
1022 1693 1280 1763 θαύματι,
1313 1696 1407 1750 καὶ
1425 1696 1601 1762 αὐτοὶ,
1621 1696 1779 1750 τοῦτο

1874 513 1998 568 dam
2030 515 2225 585 psalmi
2255 531 2445 571 eorum
2482 515 2550 571 de
2580 517 2897 573 nominibus
2937 518 3330 572 inscribantur.
3365 520 3453 574 Ait

1873 619 2003 675 ergo
2064 606 2250 660 divina
2303 605 2605 677 Scriptura,
2663 608 2807 676 quod
2855 609 3146 679 praestabat
3194 608 3454 663 Salomon

1875 709 1983 748 non
2016 696 2181 751 modo
2206 696 2421 751 caeteris
2455 697 2793 760 hominibus,
2828 698 2921 754 sed
2952 707 3005 753 et
3036 699 3178 754 istis.
3223 697 3282 753 Si
3310 700 3457 754 diea-

1874 791 1965 839 tur
1998 785 2259 841 Salomon
2312 787 2614 843 secundum
2646 787 2912 844 utramvis
2951 788 3186 859 speciem
3224 791 3457 844 rationis

1874 892 2165 948 superasse
2210 892 2403 935 omnes
2449 881 2755 950 sapientia,
2806 880 2970 936 etiam
3023 892 3079 937 et
3125 880 3329 939 IEthan
3403 888 3458 940 et

1874 968 2074 1024 Eman
2108 978 2538 1039 praetergressus
2566 989 2581 1038 ;
2619 972 2905 1027 sciendum
2937 980 3040 1037 est,
3070 974 3215 1042 quod
3252 973 3455 1029 ASthan

1873 1062 1929 1111 et
1953 1053 2152 1108 Aﬁman
2190 1070 2298 1110 non
2340 1067 2843 1112 commemorantur
2870 1069 2929 1113 ut
2957 1057 3198 1114 Chalcad
3234 1060 3455 1130 opinio-

1877 1159 2001 1200 nem
2052 1144 2121 1200 de
2175 1159 2237 1200 se
2293 1152 2401 1199 tam
2457 1147 2729 1203 celebrem
2781 1147 3105 1217 reliquisse;
3140 1148 3233 1204 sed
3263 1148 3455 1203 eadem

1875 1244 2031 1291 aetate
2056 1249 2164 1306 qua
2197 1233 2459 1291 Salomon
2514 1237 2826 1294 admirabili
2876 1238 3141 1309 sapientia
3174 1238 3458 1310 praecessit

1876 1343 2088 1396 omnes,
2132 1338 2186 1384 et
2213 1328 2317 1399 ipsi
2347 1328 2447 1395 illi,
2479 1330 2677 1400 partim
2708 1341 2916 1386 naturae
2946 1331 3231 1399 beneﬁcio,
3253 1333 3453 1402 partim

1878 1417 2162 1486 sapientiae
2220 1416 2428 1473 divitiis
2477 1419 2620 1474 ultra
2683 1434 2878 1476 omnes
2945 1435 3281 1491 congeneres
3327 1419 3455 1475 elati

1876 1507 2265 1567 cernebantur.
2295 1506 2414 1575 Qua
2441 1519 2624 1564 autem
2656 1509 2763 1563 alia
2794 1510 2852 1563 in
2879 1523 2957 1575 re,
3013 1508 3119 1564 nisi
3152 1509 3277 1573 bac,
3307 1508 3455 1578 quod

1879 1600 2104 1671 gloriosi
2133 1616 2165 1658 a
2187 1616 2317 1672 rege
2345 1602 2629 1658 constituti
2659 1601 2713 1655 in
2749 1601 3007 1658 secundis
3032 1600 3367 1663 ferebantur.
3396 1613 3453 1658 et

1880 1694 2124 1763 undique
2180 1709 2291 1750 non
2356 1695 2610 1765 aequandi
2658 1694 3100 1764 praedicabantur
3154 1711 3168 1748 :
3229 1693 3459 1762 psalmis

199 1782 302 1851 μὲν
340 1782 563 1852 μεγέθει
593 1783 831 1851 φύσεως,
865 1785 1025 1841 τοῦτο
1066 1787 1125 1841 δέ
1159 1789 1351 1856 σοφίας
1380 1789 1619 1859 πλούτῳ,
1663 1789 1771 1842 τῶν

1883 1785 2235 1842 concinendis
2263 1788 2454 1856 periti,
2505 1801 2671 1856 quam
2698 1786 2769 1840 ob
2794 1800 3018 1841 causam
3054 1794 3211 1839 erant
3234 1785 3453 1839 cunctis

194 1872 480 1940 ὁμογενῶν
501 1875 757 1929 ἀπάντων
770 1876 1129 1948 ὑπερέχοντες
1149 1879 1391 1949 ὠρῶντο.
1422 1881 1532 1934 Καὶ
1548 1879 1599 1933 τί
1622 1879 1771 1942 ἀλλο,

195 1960 228 2030 ἢ
267 1962 366 2033 τὴν
391 1963 666 2030 δόξαν·δι’
697 1960 773 2020 ὧν
816 1965 1010 2039 ἔφερον
1057 1968 1125 2022 τά
1159 1968 1391 2040 δεύτερα
1442 1968 1520 2040 τῷ
1567 1969 1777 2041 βασιλεῖ

195 2053 670 2125 περιφανεστέραν
717 2057 1087 2127 ἀνεκήρυττόν
1123 2075 1206 2125 τε,
1252 2061 1348 2113 καὶ
1395 2062 1509 2124 τοῖς
1574 2061 1776 2131 πέρασι

194 2144 482 2213 περιηχεῖν
535 2146 737 2216 κράτος
780 2143 919 2219 ἦσαν
966 2148 1182 2220 ἀμαχον
1234 2150 1723 2222 ἐμπεριειληφότες
1758 2168 1772 2182 ·

192 2232 482 2305 ψαλμῳδοὶ
499 2236 557 2290 δὲ
578 2239 714 2309 πρὸς
738 2237 819 2304 οἷς
841 2241 1231 2312 ἐθαυμάζοντο,
1261 2246 1374 2308 τοῖς
1403 2244 1584 2309 ἄλλοις
1612 2247 1777 2317 ἐχρη-

199 2324 431 2393 μάτιζον
465 2330 558 2382 καὶ
590 2324 734 2385 οὗτοι
761 2331 851 2387 διὰ
878 2334 1108 2405 κινύρας
1147 2335 1242 2389 καὶ
1275 2335 1476 2399 νάϐλας
1505 2337 1600 2390 καὶ
1629 2352 1773 2405 κυμ-

191 2414 379 2471 ὗάλων
400 2418 470 2473 τά
496 2419 588 2473 τοῦ
606 2422 739 2476 Θεοῦ
758 2423 1033 2495 θαυμάσια
1066 2426 1460 2498 μελῳδοῦντεςς
1480 2425 1592 2481 Ἦν
1619 2427 1675 2481 δὲ
1694 2427 1773 2497 τῷ

192 2508 303 2577 μὲν
364 2511 537 2565 Αίθάν
597 2514 886 2585 πρόγονος,
950 2515 1153 2589 οἶμαι,
1212 2521 1241 2573 ὁ
1285 2520 1542 2590 Μεραρί·
1600 2519 1658 2584 ὃς
1696 2520 1776 2583 εἰς

1883 1876 2230 1953 admirationi
2266 1893 2281 1931 :
2311 1892 2435 1933 cum
2468 1876 2571 1947 ipsi
2602 1876 2843 1947 cynaris,
2902 1876 3098 1930 nabliis
3123 1918 3137 1942 ,
3193 1876 3459 1945 cymbalis

1884 1967 2155 2022 mirabilia
2207 1967 2303 2022 Dei
2349 1967 2724 2023 decantarent.
2793 1966 2924 2021 Erat
2952 1975 3157 2029 autem,
3190 1967 3465 2032 arbitror,

1882 2057 2082 2113 Merari
2142 2057 2398 2114 IEthanis
2461 2059 2798 2128 progenitor,
2858 2057 2952 2127 qui
3005 2057 3168 2111 tertio
3218 2056 3458 2111 ﬁliorum

1882 2149 2013 2204 Levi
2041 2149 2234 2205 ordine
2267 2149 2595 2205 censebatur
2632 2167 2646 2202 :
2709 2147 2909 2203 [Eman
2942 2149 3089 2204 ﬁlius
3116 2147 3287 2203 Joelis
3317 2155 3455 2211 erat,

1881 2257 2052 2311 nepos
2110 2242 2387 2313 propheta‘.
2432 2241 2738 2307 Samuelis;
2793 2256 2956 2311 quem
3015 2256 3173 2297 saera
3234 2238 3460 2294 oracula

1880 2333 2129 2402 stirpitus
2160 2332 2299 2388 Core
2326 2330 2629 2402 assignant,
2656 2331 2854 2386 exinde
2890 2346 2988 2400 per
3021 2330 3298 2385 carnalem
3331 2342 3458 2396 pro-

1880 2425 2091 2497 geniem
2148 2423 2511 2481 descendebat
2577 2422 2798 2479 Eman.
2854 2421 2976 2478 Haec
3038 2423 3109 2478 ad
3161 2421 3455 2493 quresitum

1886 2529 2039 2572 tuum
2072 2518 2336 2589 primum.

192 2603 500 2676 ἀρίθμησιν
550 2607 659 2660 τῶν
696 2609 902 2663 παίδων
953 2612 1048 2665 τοῦ
1089 2612 1221 2666 Λευῒ
1270 2614 1459 2685 τρίτην
1506 2614 1812 2684 ἀνεπλήρου
1851 2612 2028 2681 τάξιν.
2088 2613 2148 2667 '0
2196 2613 2254 2667 δέ
2300 2612 2481 2683 Αίμάν
2512 2614 2639 2675 παῖς
2671 2610 2769 2681 μὲν
2829 2605 2899 2681 ἦν
2958 2606 3135 2680 Ἰωήλ,
3198 2603 3378 2669 ὑϊδοῦς
3402 2604 3460 2657 δὲ

193 2694 291 2749 τοῦ
334 2700 614 2770 προφήτου
646 2700 932 2772 Σαμουὴλ·
966 2703 1025 2756 δν
1091 2703 1161 2757 τά
1205 2706 1377 2773 Λόγια
1422 2706 1502 2769 εἰς
1557 2705 1658 2775 τὴν
1706 2706 1849 2780 Κορέ
1890 2705 2148 2760 συνάπτει
2211 2704 2567 2773 συγγένειανο
2622 2701 2897 2772 ἀνεψιαδοὶ
2962 2701 3019 2755 δὲ
3075 2701 3319 2762 Μωσέως
3364 2696 3458 2750 τοῦ

196 2789 514 2860 νομοθέτου,
543 2794 593 2847 οί
627 2795 757 2865 περὶ
777 2795 942 2869 Κορὲ,
970 2796 1111 2850 ὥστε
1134 2797 1227 2852 καὶ
1255 2798 1333 2869 τῷ
1358 2797 1538 2869 Δίμάν
1555 2796 1763 2851 ἐκεῖθεν
1799 2797 1834 2866 ή
1880 2797 2170 2867 σωματικὴ
2212 2796 2469 2867 ἀπορροὴ
2510 2794 2606 2847 τοῦ
2671 2794 2884 2863 γένους.
2952 2790 3116 2845 Ἀλλά
3175 2789 3303 2861 περί¹
3365 2790 3463 2860 μὲν

196 2882 294 2936 τοῦ
341 2883 561 2953 πρώτου
620 2885 932 2956 ζητήματος
969 2886 1163 2943 ταῦτα.

270 2976 379 3030 Τὸν
414 2977 470 3030 δὲ
504 2978 669 3032 Δασὶδ
691 2978 838 3044 ἅπαξ
870 2979 1026 3048 ἴσμεν
1078 2981 1391 3054 χρισθέντα,
1425 2981 1675 3054 δεύτερον
1722 2980 1779 3034 δὲ

198 3071 639 3142 ἀναγορευθέντα
669 3073 749 3135 είς
771 3072 998 3143 βασιλέα
1031 3090 1046 3105 ο
1088 3075 1184 3128 καὶ
1227 3074 1521 3146 χρισθέντα
1548 3074 1647 3146 μὲν
1675 3073 1779 3128 ὑπὸ

1958 2975 2217 3031 Davidem
2245 2974 2413 3030 semel
2435 2973 2718 3028 inunctum
2750 2971 2956 3028 scimus
2986 2987 3002 3036 ;
3038 2967 3281 3025 secundo
3306 2967 3459 3023 inau-

1886 3079 2141 3143 guratum
2192 3083 2288 3139 per
2343 3067 2604 3137 suffragia
2660 3064 2839 3120 tribus
2896 3061 3052 3117 Iuda:
3107 3060 3164 3116 in
3202 3059 3462 3128 llebron;

202 3162 458 3234 Σαμουὴλ
482 3165 577 3217 τοῦ
604 3167 884 3237 προφήτου
918 3182 933 3197 ο
964 3166 1345 3238 ἀναρρηθέντα
1384 3168 1463 3233 δὲ,
1510 3167 1777 3238 πρότερον

1885 3171 2012 3233 post
2040 3171 2243 3232 septem
2276 3175 2453 3216 annos
2480 3174 2510 3214 a
2543 3158 2766 3227 reliquis
2798 3156 3051 3213 tribubus
3074 3153 3464 3210 communibus

206 3256 304 3323 μὲν
341 3255 506 3327 ψήφῳ
549 3258 646 3328 τῆς
710 3259 883 3313 Ἰούδα
913 3259 1086 3330 φυλῆς
1107 3261 1165 3314 ἐν
1217 3258 1483 3332 Χεϐρών*
1516 3258 1657 3314 ἐτττά
1722 3258 1778 3311 δὲ

1886 3254 2163 3325 suffragiis
2197 3254 2436 3323 priorem
2468 3252 2590 3322 ejus
2616 3250 2939 3306 electionem
2972 3246 3461 3303 conﬁrmantibus:

207 3349 672 3421 μεταγενέστερον
708 3351 867 3417 ἐτῶν,
904 3352 1067 3423 παρά
1095 3352 1206 3406 τῶν
1250 3352 1559 3406 ὑπολοίπων
1597 3350 1781 3421 φυλῶν

203 3438 302 3509 τὴν
336 3438 622 3510 φθάσασαν
651 3443 834 3514 κρίσιν
869 3442 1180 3515 συμφώνοις
1210 3445 1459 3515 γνώμαις
1489 3445 1782 3512 ἐπικροτη-

207 3530 437 3586 σάντων.
486 3534 807 3607 Κοινότερον
834 3534 912 3602 δὲ,
957 3535 1024 3589 τὰ
1060 3536 1255 3604 Λόγια,
1308 3536 1405 3589 καὶ
1438 3535 1535 3606 τὴν
1584 3534 1783 3605 προτέ-

209 3636 330 3690 ραν,
364 3622 459 3676 καὶ
486 3624 585 3694 τὴν
611 3624 845 3695 ὑστέραν
878 3625 983 3677 ὑπὸ
1028 3624 1124 3679 τοῦ
1158 3618 1396 3697 πλήθους
1444 3624 1777 3694 ἀνάρρησιν,

202 3712 387 3782 χρίσιν
426 3713 704 3785 ὀνομάζει.
733 3715 1015 3769 Βασίλειον
1042 3717 1226 3787 μέντοι
1291 3715 1555 3784 στέφανον
1593 3712 1782 3782 φαίνε-

207 3821 293 3859 ται
314 3807 675 3879 περιθέμενος
704 3808 891 3875 Δαϐὶδ,
917 3808 1018 3861 ὅσα
1038 3824 1103 3877 γε
1135 3808 1235 3878 ἐμὲ
1255 3805 1587 3877 μεμνῆσθαι,
1617 3804 1782 3876 ἡνίκα

205 3893 721 3973 προπολεμήσαντος
800 3899 961 3954 Ἰωὰϐ
1046 3902 1104 3954 ἐν
1203 3898 1408 3968 Ῥεμάθ
1472 3897 1583 3951 τῶν
1647 3895 1780 3949 υίῶν

220 3991 427 4061 ⁹Λμὼν,
458 3991 559 4063 τὴν
588 3981 839 4061 βασιλίδα
864 3991 1045 4058 πόλιν,
1094 3990 1264 4061 ἐγγύς
1319 4007 1381 4044 τε
1429 3987 1780 4058 ἐγκαταστή-

208 4095 402 4146 σαντος
432 4082 529 4137 τοῦ
563 4082 788 4148 ἁλῶναι,
830 4084 1058 4145 ἐπιστὰς
1103 4083 1133 4136 ὁ
1187 4082 1439 4153 βασιλεὺς
1490 4080 1646 4144 τέλος
1680 4080 1783 4132 ἐπ-

210 4174 376 4244 έθηκε
406 4178 473 4246 τῇ
497 4174 805 4247 πολιορκίαο
835 4176 957 4230 τότε
984 4175 1348 4246 γάρλάφυρον
1377 4173 1520 4243 έχων
1546 4172 1637 4225 τὸν
1670 4170 1786 4223 στέ-

210 4282 375 4334 φανον
401 4267 497 4321 τοῦ
530 4266 757 4339 Μελχὼλ
779 4267 1085 4337 (ὲὸασίλευε
1115 4265 1172 4320 δὲ
1199 4266 1293 4320 καὶ
1327 4265 1489 4329 αὐτὸς
1542 4262 1653 4316 τῶν
1691 4262 1782 4315 ἑα-

207 4354 510 4428 λωκότων),
534 4359 630 4413 ἆτε
656 4358 722 4428 δὴ
742 4357 862 4411 κατ’
888 4356 1056 4411 αὑτοῦ
1081 4373 1142 4409 τε
1173 4356 1270 4410 καὶ
1297 4354 1500 4418 παντὸς
1523 4352 1620 4407 τοῦ
1644 4352 1784 4423 πλή-

1882 3350 2164 3407 communi
2202 3349 2439 3420 quadam
2493 3347 2704 3401 ratione
2753 3343 3039 3413 Scriptura
3090 3341 3334 3417 priorem
3374 3340 3466 3395 de-

1883 3444 2242 3502 clarationem
2292 3449 2345 3495 et
2392 3440 2698 3509 generalem
2749 3437 2805 3491 in
2856 3449 3036 3505 regem
3084 3432 3461 3491 inunctionem

1883 3544 2060 3591 vocat.
2105 3532 2333 3589 Videtur
2376 3531 2541 3585 David
2585 3531 2795 3597 regium
2842 3525 3092 3582 diadema
3140 3523 3245 3579 sibi
3292 3522 3464 3592 impo-

1885 3629 2087 3693 suisse,
2120 3636 2389 3695 quantum
2420 3621 2680 3676 memoria
2708 3618 2842 3673 mihi
2872 3616 3136 3687 suggerit,
3172 3629 3295 3669 cum
3326 3611 3463 3667 Jeab

1884 3718 2025 3789 apud
2061 3716 2409 3770 Ammonitos
2451 3713 2651 3769 bellum
2688 3718 2910 3781 gerente
2948 3706 3179 3769 Rematb
3224 3705 3356 3761 urbs
3380 3718 3466 3759 re~

1885 3811 1969 3881 gia
2001 3815 2307 3878 caperetur,
2359 3805 2454 3862 sed
2488 3805 2640 3875 prius
2670 3818 2833 3877 quam
2876 3799 3017 3855 Joab
3044 3801 3194 3859 illam
3223 3806 3461 3867 caperet,

1883 3918 1983 3957 rex
2012 3916 2108 3971 per
2136 3914 2294 3954 suum
2324 3899 2617 3953 adventum
2659 3894 2935 3953 obsidioni
2964 3892 3260 3948 terminum
3287 3892 3465 3960 impo-

1884 3993 2020 4056 suit,
2050 4001 2165 4047 tum
2196 3990 2341 4045 enim
2375 3990 2518 4044 inter
2545 3986 2721 4059 spolia
2747 4000 3011 4047 coronam
3034 3982 3265 4039 Melcbol
3295 3982 3458 4050 cepit,

1885 4091 1941 4137 et
1971 4078 2218 4149 regnavit
2250 4077 2365 4147 ipse
2391 4091 2558 4146 super
2594 4074 2877 4145 captivos;
2925 4083 2980 4127 et
3019 4080 3079 4126 ut
3120 4069 3459 4149 splendidam

1886 4181 2052 4241 atque
2084 4169 2363 4233 indubiam
2401 4167 2686 4222 victoriam
2728 4180 2787 4221 se
2815 4163 3064 4220 obtinere
3087 4162 3327 4225 doceret,
3357 4174 3460 4215 suo

1886 4260 2255 4317 circumdedit
2301 4258 2467 4328 capiti
2523 4257 2755 4327 lapidem
2821 4253 3120 4325 fulgentem
3182 4251 3459 4322 pretioso,

1890 4352 2219 4423 pendentem
2253 4349 2373 4403 auri
2404 4348 2979 4402 talentum'coronam:

211 4447 337 4514 θους
364 4450 622 4521 ἀδήριτον
672 4449 769 4505 καὶ
790 4449 1053 4521 λαμπράν
1082 4447 1235 4519 αὐτῷ
1280 4443 1786 4517 περιπεποιημένος
1823 4443 1925 4515 τήν
1949 4442 2131 4512 νίκην,
2166 4442 2234 4510 τῇ
2273 4438 2381 4510 ἰδίᾳ
2406 4437 2642 4509 περιῆψε
2671 4435 2909 4508 κεφαλῇ,
2941 4434 3074 4503 λίθῳ
3138 4433 3236 4505 μὲν
3298 4429 3465 4501 τιμίῳ

213 4540 687 4612 περιηνθισμένον,
735 4541 968 4596 ἕλκοντα
998 4540 1058 4594 δὲ
1112 4539 1353 4610 σταθμὸν
1405 4539 1488 4603 είς
1523 4538 1784 4591 τάλαντον
1820 4534 2073 4612 χρυσίου.

278 4634 390 4706 Τὴν
420 4633 478 4688 δὲ
528 4633 742 4688 κωλέαν
784 4635 818 4703 ἠ
874 4631 969 4686 τοῦ
1014 4630 1240 4685 Ἀκύλου
1293 4630 1503 4695 έκδοσις
1558 4631 1778 4700 κνήμην

1956 4627 2185 4682 Κωλέαν
2231 4623 2418 4681 versio
2464 4622 2674 4694 Aquilae
2723 4621 2941 4692 κνήμην
3005 4618 3335 4675 transtulit:
3368 4617 3461 4675 sed

213 4724 542 4798 ἀναγράφει.
581 4723 682 4794 Είη
715 4723 761 4777 δ’
792 4724 883 4789 ἂν,
912 4723 1304 4794 ἀκριϐέστερον
1334 4724 1532 4786 εἰπεῖν,
1554 4721 1744 4784 σκέλος
1764 4735 1778 4750 ⁸

211 4815 345 4887 ὅπερ
366 4817 461 4871 καὶ
472 4816 624 4870 δυσὶν
644 4814 853 4887 ἐτέροις
868 4813 1095 4885 ὀνόμασι
1118 4812 1394 4885 δηλοῦται.
1419 4816 1581 4883 Λέγω
1601 4815 1665 4886 δὴ
1686 4816 1783 4887 τὴν

216 4907 535 4980 μετάμηρον
571 4907 776 4979 κωλήν,
804 4907 901 4961 καὶ
932 4906 993 4959 τὸ
1023 4908 1162 4977 μετά
1206 4906 1298 4961 τὸν
1332 4905 1506 4977 μηρὸν
1541 4906 1786 4978 ἀκροκώ-

214 5000 364 5055 λεονο
396 5001 459 5054 τὸ
487 5001 598 5073 γάρ
626 5000 725 5071 τῆς
751 5000 966 5072 κνήμης
1004 4999 1175 5069 ὄνομα
1208 4998 1484 5069 διαφόροις
1516 5000 1782 5071 πράγμα-

217 5108 299 5146 σιν
353 5092 742 5148 ἐπιπλανᾶται.
774 5092 1011 5145 Εἱώθασι
1038 5092 1148 5162 γὰρ
1192 5090 1378 5145 καλεῖν
1420 5091 1636 5161 κνήμην
1691 5090 1787 5143 καὶ

214 5182 274 5234 τὸ
304 5182 580 5255 ἔμπροσθε
613 5180 627 5233 i
672 5181 772 5252 μέν
792 5180 887 5235 τοῦ
919 5181 1142 5245 σκέλους
1172 5180 1251 5243 είς
1297 5179 1403 5251 μῦν
1450 5178 1783 5251 ἐπηρμένον,

217 5272 401 5347 ὥσπερ
428 5274 490 5329 τὸ
510 5273 735 5329 ὄπισθεν
771 5274 1131 5345 ἀντικνήμιον
1157 5287 1171 5302 ⁸
1206 5270 1304 5325 καὶ
1358 5270 1492 5325 αὐτὸ
1537 5270 1595 5324 δὲ
1627 5268 1787 5323 τοῦτο

217 5366 274 5421 τὸ
299 5366 657 5439 συγκείμενον
706 5366 770 5419 ἐκ
794 5383 854 5419 τε
889 5365 986 5420 τοῦ
1018 5364 1360 5437 προκνημῖου
1395 5361 1491 5417 καὶ
1533 5363 1631 5432 τῆς
1675 5375 1782 5413 πα-

1890 4716 2139 4773 exactius
2160 4713 2437 4785 loquendo
2468 4712 2659 4775 σκέλος
2680 4719 2857 4776 esset;
2899 4708 3045 4778 quod
3076 4722 3175 4777 per
3209 4707 3317 4762 alia
3354 4707 3463 4761 duo

1890 4811 2114 4865 nomina
2171 4806 2447 4863 indicatur
2510 4822 2525 4860 :
2581 4803 2824 4872 intelligo
2906 4808 3087 4855 autem
3147 4798 3463 4868 μετάμηρον

1890 4899 2071 4972 κωλήν
2094 4909 2147 4955 et
2172 4898 2308 4968 μετά
2340 4896 2433 4949 τὸν
2463 4893 2637 4965 μηρὸν
2662 4891 3030 4967 ἀκροκώλεον.
3064 4888 3271 4944 Nomen
3312 4888 3463 4947 enim

1892 4990 2024 5045 illud
2077 4989 2303 5059 κνήμη,
2365 4985 2423 5040 in
2472 4983 2641 5039 rebus
2685 4981 2853 5037 variis
2901 4980 3233 5049 divagatur:
3283 4979 3462 5034 solent

1888 5081 2036 5138 enim
2065 5080 2350 5135 nominare
2380 5076 2617 5147 κνήμην,
2648 5074 2701 5129 id
2737 5073 2882 5144 quod
2932 5080 3059 5127 ante
3116 5070 3308 5134 σκέλος
3353 5081 3459 5133 est,

1887 5182 1943 5228 et
1970 5172 2038 5227 ad
2069 5170 2174 5242 μῦν
2204 5166 2459 5239 pertingit
2493 5185 2507 5221 :
2556 5173 2620 5220 ut
2645 5165 2791 5236 quod
2822 5179 2852 5219 a
2880 5173 3028 5219 retro
3060 5170 3144 5219 est
3174 5163 3469 5226 nominant

1890 5262 2266 5333 ἀντικνήμιον.
2290 5257 2437 5315 Idem
2471 5270 2693 5329 quoque
2730 5255 2928 5312 dicitur
2976 5255 3028 5310 id
3062 5253 3207 5326 quod
3234 5267 3463 5324 compo-

1894 5356 2045 5415 nitur
2071 5370 2101 5411 e
2130 5353 2495 5425 προκνημίου,
2525 5361 2580 5409 et
2604 5350 3037 5423 παρακνημίδος,
3067 5364 3175 5405 una
3210 5362 3335 5405 cum
3366 5347 3481 5403 ob-.

1522 5566 1755 5625 VARUE
1794 5559 2176 5621 LECTIONES

288 5714 316 5753 ⁸
344 5712 405 5768 C.
446 5712 517 5769 Μ.
549 5712 835 5786 ἐγεννήθη.
907 5714 987 5755 h'i
1024 5712 1146 5769 llaec
1176 5712 1284 5768 duo
1316 5712 1478 5767 verba
1508 5711 1699 5766 desunt
1722 5708 1773 5761 in
1796 5705 1938 5762 Men.
2024 5704 2035 5755 i
2076 5704 2137 5763 (ἐ.
2177 5702 2244 5757 Μ.
2286 5715 2428 5760 recte
2455 5699 2791 5776 ἔμπροσθεν.
