  <div class='ocr_page' id='page_1' title='image "/cluster/home/n/w/nwhite01/storage/ocr_20150623/101/hvd.32044018872879/367.png"; bbox 0 0 3778 6344; ppageno 0'>
   <div class='ocr_carea' id='block_1_1' title="bbox 391 315 495 380">
    <p class='ocr_par' dir='ltr' id='par_1_1' title="bbox 391 315 495 380">
     <span class='ocr_line' id='line_1_1' title="bbox 391 315 495 380; baseline 0 0"><span class='ocrx_word' id='word_1_1' title='bbox 391 315 495 380; x_wconf 83' lang='grc'><strong>687</strong></span> 
     </span>
    </p>
   </div>
   <div class='ocr_carea' id='block_1_2' title="bbox 1545 315 2498 377">
    <p class='ocr_par' dir='ltr' id='par_1_2' title="bbox 1545 315 2498 377">
     <span class='ocr_line' id='line_1_2' title="bbox 1545 315 2498 377; baseline -0.003 -1"><span class='ocrx_word' id='word_1_2' title='bbox 1545 317 1807 377; x_wconf 86' lang='grc' dir='ltr'><strong>ΡΗΟΤΙΙ</strong></span> <span class='ocrx_word' id='word_1_3' title='bbox 1840 315 2345 377; x_wconf 73' lang='lat' dir='ltr'><strong>PATRIARCII/E</strong></span> <span class='ocrx_word' id='word_1_4' title='bbox 2386 316 2498 374; x_wconf 86' lang='lat' dir='ltr'><strong>CP.</strong></span> 
     </span>
    </p>
   </div>
   <div class='ocr_carea' id='block_1_3' title="bbox 3535 306 3638 367">
    <p class='ocr_par' dir='ltr' id='par_1_3' title="bbox 3535 306 3638 367">
     <span class='ocr_line' id='line_1_3' title="bbox 3535 306 3638 367; baseline 0 0"><span class='ocrx_word' id='word_1_5' title='bbox 3535 306 3638 367; x_wconf 72' lang='lat'><strong>633</strong></span> 
     </span>
    </p>
   </div>
   <div class='ocr_carea' id='block_1_4' title="bbox 388 416 1975 497">
    <p class='ocr_par' dir='ltr' id='par_1_4' title="bbox 388 424 1971 497">
     <span class='ocr_line' id='line_1_4' title="bbox 388 424 1971 497; baseline 0.003 -20"><span class='ocrx_word' id='word_1_6' title='bbox 388 426 603 481; x_wconf 77' lang='lat' dir='ltr'><strong>velante</strong></span> <span class='ocrx_word' id='word_1_7' title='bbox 633 424 764 480; x_wconf 90' lang='lat' dir='ltr'><strong>illud</strong></span> <span class='ocrx_word' id='word_1_8' title='bbox 794 440 981 491; x_wconf 85' lang='lat' dir='ltr'><strong>carne,</strong></span> <span class='ocrx_word' id='word_1_9' title='bbox 1026 433 1087 481; x_wconf 86' lang='lat' dir='ltr'><strong>et</strong></span> <span class='ocrx_word' id='word_1_10' title='bbox 1111 428 1348 482; x_wconf 76' lang='lat' dir='ltr'><strong>cuticula</strong></span> <span class='ocrx_word' id='word_1_11' title='bbox 1376 467 1390 491; x_wconf 92' lang='lat'><strong>,</strong></span> <span class='ocrx_word' id='word_1_12' title='bbox 1445 442 1609 497; x_wconf 88' lang='lat' dir='ltr'><strong>quam</strong></span> <span class='ocrx_word' id='word_1_13' title='bbox 1642 439 1797 482; x_wconf 86' lang='lat' dir='ltr'><strong>vetus</strong></span> <span class='ocrx_word' id='word_1_14' title='bbox 1820 425 1971 481; x_wconf 59' lang='lat' dir='ltr'><strong>Grat-</strong></span> 
     </span>
    </p>
   </div>
   <div class='ocr_carea' id='block_1_5' title="bbox 2085 416 3635 497">
    <p class='ocr_par' dir='ltr' id='par_1_5' title="bbox 2085 416 3635 495">
     <span class='ocr_line' id='line_1_5' title="bbox 2085 416 3635 495; baseline -0.007 -17"><span class='ocrx_word' id='word_1_15' title='bbox 2085 423 2431 495; x_wconf 75' lang='grc' dir='ltr'>ρακνημίδος,</span> <span class='ocrx_word' id='word_1_16' title='bbox 2463 422 2579 492; x_wconf 78' lang='grc' dir='ltr'><strong>ἅμα</strong></span> <span class='ocrx_word' id='word_1_17' title='bbox 2635 420 2734 490; x_wconf 86' lang='grc' dir='ltr'>τῆς</span> <span class='ocrx_word' id='word_1_18' title='bbox 2767 416 3173 487; x_wconf 72' lang='grc' dir='ltr'>ἐπαλειφούσης</span> <span class='ocrx_word' id='word_1_19' title='bbox 3230 416 3375 470; x_wconf 74' lang='grc' dir='ltr'>αὐτὰ</span> <span class='ocrx_word' id='word_1_20' title='bbox 3424 416 3635 485; x_wconf 71' lang='grc' dir='ltr'>σαρκὸς,</span> 
     </span>
    </p>
   </div>
   <div class='ocr_carea' id='block_1_6' title="bbox 388 517 1967 589">
    <p class='ocr_par' dir='ltr' id='par_1_6' title="bbox 388 517 1967 589">
     <span class='ocr_line' id='line_1_6' title="bbox 388 517 1967 589; baseline 0.002 -20"><span class='ocrx_word' id='word_1_21' title='bbox 388 533 576 571; x_wconf 76' lang='lat' dir='ltr'><strong>eorum</strong></span> <span class='ocrx_word' id='word_1_22' title='bbox 601 517 785 587; x_wconf 77' lang='lat' dir='ltr'><strong>lingua</strong></span> <span class='ocrx_word' id='word_1_23' title='bbox 834 518 1055 587; x_wconf 65' lang='grc' dir='ltr'>τνΰμην</span> <span class='ocrx_word' id='word_1_24' title='bbox 1088 527 1267 573; x_wconf 87' lang='lat' dir='ltr'><strong>vocat.</strong></span> <span class='ocrx_word' id='word_1_25' title='bbox 1292 519 1563 588; x_wconf 82' lang='lat' dir='ltr'><strong>Apposuit</strong></span> <span class='ocrx_word' id='word_1_26' title='bbox 1586 535 1718 589; x_wconf 81' lang='lat' dir='ltr'><strong>ergo</strong></span> <span class='ocrx_word' id='word_1_27' title='bbox 1744 517 1967 572; x_wconf 79' lang='lat' dir='ltr'><strong>Samuel</strong></span> 
     </span>
    </p>
   </div>
   <div class='ocr_carea' id='block_1_7' title="bbox 390 610 1969 676">
    <p class='ocr_par' dir='ltr' id='par_1_7' title="bbox 390 610 1969 676">
     <span class='ocr_line' id='line_1_7' title="bbox 390 610 1969 676; baseline 0.001 -13"><span class='ocrx_word' id='word_1_28' title='bbox 390 610 602 663; x_wconf 82' lang='grc' dir='ltr'>κωλέαν</span> <span class='ocrx_word' id='word_1_29' title='bbox 650 625 837 666; x_wconf 86' lang='lat' dir='ltr'><strong>coram</strong></span> <span class='ocrx_word' id='word_1_30' title='bbox 889 610 1043 676; x_wconf 91' lang='lat' dir='ltr'><strong>Saul,</strong></span> <span class='ocrx_word' id='word_1_31' title='bbox 1079 612 1156 665; x_wconf 85' lang='lat' dir='ltr'><strong>illi</strong></span> <span class='ocrx_word' id='word_1_32' title='bbox 1184 613 1452 667; x_wconf 79' lang='lat' dir='ltr'><strong>honorem</strong></span> <span class='ocrx_word' id='word_1_33' title='bbox 1484 622 1610 667; x_wconf 90' lang='lat' dir='ltr'><strong>ante</strong></span> <span class='ocrx_word' id='word_1_34' title='bbox 1644 613 1784 667; x_wconf 86' lang='lat' dir='ltr'><strong>alios</strong></span> <span class='ocrx_word' id='word_1_35' title='bbox 1813 613 1969 667; x_wconf 81' lang='lat' dir='ltr'><strong>exhi-</strong></span> 
     </span>
    </p>
   </div>
   <div class='ocr_carea' id='block_1_8' title="bbox 392 702 1969 775">
    <p class='ocr_par' dir='ltr' id='par_1_8' title="bbox 392 702 1969 775">
     <span class='ocr_line' id='line_1_8' title="bbox 392 702 1969 775; baseline 0.003 -20"><span class='ocrx_word' id='word_1_36' title='bbox 392 702 547 765; x_wconf 87' lang='lat' dir='ltr'><strong>bens,</strong></span> <span class='ocrx_word' id='word_1_37' title='bbox 595 718 758 771; x_wconf 82' lang='lat' dir='ltr'><strong>quem</strong></span> <span class='ocrx_word' id='word_1_38' title='bbox 795 702 1086 759; x_wconf 86' lang='lat' dir='ltr'><strong>honorem.</strong></span> <span class='ocrx_word' id='word_1_39' title='bbox 1136 704 1289 773; x_wconf 75' lang='lat' dir='ltr'><strong>regni</strong></span> <span class='ocrx_word' id='word_1_40' title='bbox 1330 704 1541 775; x_wconf 78' lang='lat' dir='ltr'><strong>insigne</strong></span> <span class='ocrx_word' id='word_1_41' title='bbox 1590 706 1735 760; x_wconf 88' lang='lat' dir='ltr'><strong>velut</strong></span> <span class='ocrx_word' id='word_1_42' title='bbox 1779 721 1969 759; x_wconf 91' lang='lat' dir='ltr'><strong>conse-</strong></span> 
     </span>
    </p>
   </div>
   <div class='ocr_carea' id='block_1_9' title="bbox 391 790 1970 863">
    <p class='ocr_par' dir='ltr' id='par_1_9' title="bbox 391 790 1970 863">
     <span class='ocr_line' id='line_1_9' title="bbox 391 790 1970 863; baseline 0.002 -20"><span class='ocrx_word' id='word_1_43' title='bbox 391 790 588 854; x_wconf 88' lang='lat' dir='ltr'><strong>cravit,</strong></span> <span class='ocrx_word' id='word_1_44' title='bbox 626 792 784 858; x_wconf 89' lang='lat' dir='ltr'><strong>quasi</strong></span> <span class='ocrx_word' id='word_1_45' title='bbox 835 791 1014 859; x_wconf 90' lang='lat' dir='ltr'><strong>ipsum</strong></span> <span class='ocrx_word' id='word_1_46' title='bbox 1068 801 1344 861; x_wconf 89' lang='lat' dir='ltr'><strong>oporteret</strong></span> <span class='ocrx_word' id='word_1_47' title='bbox 1401 809 1498 862; x_wconf 88' lang='lat' dir='ltr'><strong>pro</strong></span> <span class='ocrx_word' id='word_1_48' title='bbox 1524 794 1724 863; x_wconf 90' lang='lat' dir='ltr'><strong>populo</strong></span> <span class='ocrx_word' id='word_1_49' title='bbox 1751 794 1970 849; x_wconf 79' lang='lat' dir='ltr'><strong>labores</strong></span> 
     </span>
    </p>
   </div>
   <div class='ocr_carea' id='block_1_10' title="bbox 392 880 1967 952">
    <p class='ocr_par' dir='ltr' id='par_1_10' title="bbox 392 880 1967 952">
     <span class='ocr_line' id='line_1_10' title="bbox 392 880 1967 952; baseline 0.004 -21"><span class='ocrx_word' id='word_1_50' title='bbox 392 894 586 932; x_wconf 87' lang='lat' dir='ltr'><strong>omnes</strong></span> <span class='ocrx_word' id='word_1_51' title='bbox 620 880 829 945; x_wconf 85' lang='lat' dir='ltr'><strong>subire,</strong></span> <span class='ocrx_word' id='word_1_52' title='bbox 860 890 915 935; x_wconf 90' lang='lat' dir='ltr'><strong>et</strong></span> <span class='ocrx_word' id='word_1_53' title='bbox 943 881 1095 935; x_wconf 83' lang='lat' dir='ltr'><strong>adire</strong></span> <span class='ocrx_word' id='word_1_54' title='bbox 1113 881 1378 951; x_wconf 81' lang='lat' dir='ltr'><strong>pericula.</strong></span> <span class='ocrx_word' id='word_1_55' title='bbox 1410 881 1535 937; x_wconf 85' lang='lat' dir='ltr'><strong>Ideo</strong></span> <span class='ocrx_word' id='word_1_56' title='bbox 1559 884 1967 952; x_wconf 85' lang='lat' dir='ltr'><strong>superaddidit:</strong></span> 
     </span>
    </p>
   </div>
   <div class='ocr_carea' id='block_1_11' title="bbox 400 969 1966 1045">
    <p class='ocr_par' dir='ltr' id='par_1_11' title="bbox 400 969 1966 1045">
     <span class='ocr_line' id='line_1_11' title="bbox 400 969 1966 1045; baseline 0.004 -25"><span class='ocrx_word' id='word_1_57' title='bbox 400 989 419 1020; x_wconf 76' lang='grc' dir='ltr'><strong><em>ο</em></strong></span> <span class='ocrx_word' id='word_1_58' title='bbox 459 969 697 1025; x_wconf 79' lang='lat' dir='ltr'><strong>Comede</strong></span> <span class='ocrx_word' id='word_1_59' title='bbox 724 971 773 1025; x_wconf 88' lang='lat' dir='ltr'><strong>id</strong></span> <span class='ocrx_word' id='word_1_60' title='bbox 797 973 944 1043; x_wconf 87' lang='lat' dir='ltr'><strong>quod</strong></span> <span class='ocrx_word' id='word_1_61' title='bbox 981 973 1077 1028; x_wconf 91' lang='lat' dir='ltr'><strong>tibi</strong></span> <span class='ocrx_word' id='word_1_62' title='bbox 1106 974 1158 1027; x_wconf 92' lang='lat' dir='ltr'><strong>in</strong></span> <span class='ocrx_word' id='word_1_63' title='bbox 1188 974 1558 1029; x_wconf 77' lang='lat' dir='ltr'><strong>teStimonium</strong></span> <span class='ocrx_word' id='word_1_64' title='bbox 1594 975 1908 1045; x_wconf 78' lang='lat' dir='ltr'><strong>apponitur.</strong></span> <span class='ocrx_word' id='word_1_65' title='bbox 1946 995 1966 1026; x_wconf 75' lang='grc' dir='ltr'><strong>ι</strong></span> 
     </span>
    </p>
   </div>
   <div class='ocr_carea' id='block_1_12' title="bbox 395 1062 1973 1136">
    <p class='ocr_par' dir='ltr' id='par_1_12' title="bbox 395 1062 1973 1136">
     <span class='ocr_line' id='line_1_12' title="bbox 395 1062 1973 1136; baseline 0.004 -20"><span class='ocrx_word' id='word_1_66' title='bbox 395 1062 550 1129; x_wconf 81' lang='lat' dir='ltr'><strong>Quod</strong></span> <span class='ocrx_word' id='word_1_67' title='bbox 589 1066 863 1134; x_wconf 76' lang='lat' dir='ltr'><strong>sequitur,</strong></span> <span class='ocrx_word' id='word_1_68' title='bbox 897 1067 949 1121; x_wconf 89' lang='lat' dir='ltr'><strong>in</strong></span> <span class='ocrx_word' id='word_1_69' title='bbox 979 1068 1313 1136; x_wconf 88' lang='lat' dir='ltr'><strong>quibusdam</strong></span> <span class='ocrx_word' id='word_1_70' title='bbox 1344 1069 1618 1125; x_wconf 87' lang='lat' dir='ltr'><strong>veteribus</strong></span> <span class='ocrx_word' id='word_1_71' title='bbox 1648 1069 1804 1123; x_wconf 88' lang='lat' dir='ltr'><strong>libris</strong></span> <span class='ocrx_word' id='word_1_72' title='bbox 1835 1069 1973 1135; x_wconf 80' lang='lat' dir='ltr'><strong>legi-</strong></span> 
     </span>
    </p>
   </div>
   <div class='ocr_carea' id='block_1_13' title="bbox 399 1156 1974 1231">
    <p class='ocr_par' dir='ltr' id='par_1_13' title="bbox 399 1156 1974 1231">
     <span class='ocr_line' id='line_1_13' title="bbox 399 1156 1974 1231; baseline 0.004 -21"><span class='ocrx_word' id='word_1_73' title='bbox 399 1167 490 1212; x_wconf 87' lang='lat' dir='ltr'><strong>tur</strong></span> <span class='ocrx_word' id='word_1_74' title='bbox 545 1156 698 1229; x_wconf 86' lang='grc' dir='ltr'><strong>παρά</strong></span> <span class='ocrx_word' id='word_1_75' title='bbox 746 1158 839 1212; x_wconf 83' lang='grc' dir='ltr'><strong>τοῦ</strong></span> <span class='ocrx_word' id='word_1_76' title='bbox 893 1157 1024 1212; x_wconf 79' lang='grc' dir='ltr'>λαοῦ</span> <span class='ocrx_word' id='word_1_77' title='bbox 1100 1160 1155 1214; x_wconf 90' lang='lat' dir='ltr'><strong>in</strong></span> <span class='ocrx_word' id='word_1_78' title='bbox 1186 1161 1311 1216; x_wconf 85' lang='lat' dir='ltr'><strong>aliis</strong></span> <span class='ocrx_word' id='word_1_79' title='bbox 1335 1161 1486 1231; x_wconf 89' lang='grc' dir='ltr'><strong>παρά</strong></span> <span class='ocrx_word' id='word_1_80' title='bbox 1517 1163 1643 1223; x_wconf 82' lang='grc' dir='ltr'>τοὺς</span> <span class='ocrx_word' id='word_1_81' title='bbox 1668 1161 1882 1225; x_wconf 80' lang='grc' dir='ltr'>ἄλλους,</span> <span class='ocrx_word' id='word_1_82' title='bbox 1926 1162 1974 1216; x_wconf 87' lang='lat' dir='ltr'><strong>si</strong></span> 
     </span>
    </p>
   </div>
   <div class='ocr_carea' id='block_1_14' title="bbox 398 1250 1970 1322">
    <p class='ocr_par' dir='ltr' id='par_1_14' title="bbox 398 1250 1970 1322">
     <span class='ocr_line' id='line_1_14' title="bbox 398 1250 1970 1322; baseline 0.002 -19"><span class='ocrx_word' id='word_1_83' title='bbox 398 1250 645 1320; x_wconf 79' lang='lat' dir='ltr'><strong>legamus</strong></span> <span class='ocrx_word' id='word_1_84' title='bbox 674 1251 824 1322; x_wconf 86' lang='grc' dir='ltr'><strong>παρά</strong></span> <span class='ocrx_word' id='word_1_85' title='bbox 862 1251 958 1305; x_wconf 81' lang='grc' dir='ltr'>τοῦ</span> <span class='ocrx_word' id='word_1_86' title='bbox 1004 1253 1156 1317; x_wconf 80' lang='grc' dir='ltr'>λαοῦ,</span> <span class='ocrx_word' id='word_1_87' title='bbox 1206 1254 1311 1308; x_wconf 93' lang='lat' dir='ltr'><strong>hoc</strong></span> <span class='ocrx_word' id='word_1_88' title='bbox 1357 1255 1520 1308; x_wconf 84' lang='lat' dir='ltr'><strong>vult:</strong></span> <span class='ocrx_word' id='word_1_89' title='bbox 1577 1254 1970 1308; x_wconf 78' lang='lat' dir='ltr'><strong>Testimonium</strong></span> 
     </span>
    </p>
   </div>
   <div class='ocr_carea' id='block_1_15' title="bbox 399 1337 1973 1415">
    <p class='ocr_par' dir='ltr' id='par_1_15' title="bbox 399 1337 1973 1415">
     <span class='ocr_line' id='line_1_15' title="bbox 399 1337 1973 1415; baseline 0.004 -25"><span class='ocrx_word' id='word_1_90' title='bbox 399 1337 497 1391; x_wconf 89' lang='lat' dir='ltr'><strong>tibi</strong></span> <span class='ocrx_word' id='word_1_91' title='bbox 540 1339 760 1393; x_wconf 75' lang='lat' dir='ltr'><strong>exhibui</strong></span> <span class='ocrx_word' id='word_1_92' title='bbox 794 1340 846 1394; x_wconf 91' lang='lat' dir='ltr'><strong>in</strong></span> <span class='ocrx_word' id='word_1_93' title='bbox 875 1344 1165 1411; x_wconf 57' lang='lat' dir='ltr'><strong>presentia</strong></span> <span class='ocrx_word' id='word_1_94' title='bbox 1202 1344 1385 1412; x_wconf 84' lang='lat' dir='ltr'><strong>populi</strong></span> <span class='ocrx_word' id='word_1_95' title='bbox 1423 1361 1436 1397; x_wconf 90' lang='lat'><strong>:</strong></span> <span class='ocrx_word' id='word_1_96' title='bbox 1491 1344 1603 1408; x_wconf 86' lang='lat' dir='ltr'><strong>sin,</strong></span> <span class='ocrx_word' id='word_1_97' title='bbox 1656 1343 1809 1415; x_wconf 84' lang='grc' dir='ltr'><strong>παρά</strong></span> <span class='ocrx_word' id='word_1_98' title='bbox 1846 1345 1973 1407; x_wconf 84' lang='grc' dir='ltr'>τοὺς</span> 
     </span>
    </p>
   </div>
   <div class='ocr_carea' id='block_1_16' title="bbox 399 1430 1975 1505">
    <p class='ocr_par' dir='ltr' id='par_1_16' title="bbox 399 1430 1975 1505">
     <span class='ocr_line' id='line_1_16' title="bbox 399 1430 1975 1505; baseline 0.003 -21"><span class='ocrx_word' id='word_1_99' title='bbox 399 1430 615 1495; x_wconf 79' lang='grc' dir='ltr'>ἄλλους,</span> <span class='ocrx_word' id='word_1_100' title='bbox 668 1447 766 1500; x_wconf 86' lang='lat' dir='ltr'><strong>per</strong></span> <span class='ocrx_word' id='word_1_101' title='bbox 804 1443 1011 1501; x_wconf 86' lang='lat' dir='ltr'><strong>partem</strong></span> <span class='ocrx_word' id='word_1_102' title='bbox 1046 1434 1139 1488; x_wconf 93' lang='lat' dir='ltr'><strong>tibi</strong></span> <span class='ocrx_word' id='word_1_103' title='bbox 1177 1435 1504 1503; x_wconf 67' lang='lat' dir='ltr'><strong>praecipuam</strong></span> <span class='ocrx_word' id='word_1_104' title='bbox 1539 1436 1845 1505; x_wconf 83' lang='lat' dir='ltr'><strong>appositam</strong></span> <span class='ocrx_word' id='word_1_105' title='bbox 1876 1437 1975 1488; x_wconf 76' lang='lat' dir='ltr'><strong>lio-</strong></span> 
     </span>
    </p>
   </div>
   <div class='ocr_carea' id='block_1_17' title="bbox 400 1525 1973 1582">
    <p class='ocr_par' dir='ltr' id='par_1_17' title="bbox 400 1525 1973 1582">
     <span class='ocr_line' id='line_1_17' title="bbox 400 1525 1973 1582; baseline 0.003 -7"><span class='ocrx_word' id='word_1_106' title='bbox 400 1537 590 1576; x_wconf 90' lang='lat' dir='ltr'><strong>norem</strong></span> <span class='ocrx_word' id='word_1_107' title='bbox 641 1532 765 1578; x_wconf 88' lang='lat' dir='ltr'><strong>ante</strong></span> <span class='ocrx_word' id='word_1_108' title='bbox 811 1525 950 1578; x_wconf 85' lang='lat' dir='ltr'><strong>alios</strong></span> <span class='ocrx_word' id='word_1_109' title='bbox 998 1526 1259 1581; x_wconf 77' lang='lat' dir='ltr'><strong>eximium</strong></span> <span class='ocrx_word' id='word_1_110' title='bbox 1286 1527 1529 1582; x_wconf 81' lang='lat' dir='ltr'><strong>exhibui.</strong></span> <span class='ocrx_word' id='word_1_111' title='bbox 1558 1527 1692 1580; x_wconf 83' lang='lat' dir='ltr'><strong>Nam</strong></span> <span class='ocrx_word' id='word_1_112' title='bbox 1728 1527 1973 1581; x_wconf 85' lang='lat' dir='ltr'><strong>membra</strong></span> 
     </span>
    </p>
   </div>
   <div class='ocr_carea' id='block_1_18' title="bbox 401 1612 1973 1690">
    <p class='ocr_par' dir='ltr' id='par_1_18' title="bbox 401 1612 1973 1690">
     <span class='ocr_line' id='line_1_18' title="bbox 401 1612 1973 1690; baseline 0.004 -24"><span class='ocrx_word' id='word_1_113' title='bbox 401 1612 582 1669; x_wconf 64' lang='lat' dir='ltr'><strong>hancce</strong></span> <span class='ocrx_word' id='word_1_114' title='bbox 611 1617 859 1684; x_wconf 89' lang='lat' dir='ltr'><strong>corporis</strong></span> <span class='ocrx_word' id='word_1_115' title='bbox 888 1618 1038 1687; x_wconf 78' lang='lat' dir='ltr'><strong>regni</strong></span> <span class='ocrx_word' id='word_1_116' title='bbox 1062 1633 1173 1686; x_wconf 70' lang='lat' dir='ltr'><strong>pra:</strong></span> <span class='ocrx_word' id='word_1_117' title='bbox 1205 1633 1264 1674; x_wconf 87' lang='lat' dir='ltr'><strong>se</strong></span> <span class='ocrx_word' id='word_1_118' title='bbox 1291 1617 1469 1674; x_wconf 78' lang='lat' dir='ltr'><strong>ferunt</strong></span> <span class='ocrx_word' id='word_1_119' title='bbox 1488 1620 1779 1690; x_wconf 78' lang='lat' dir='ltr'><strong>imaginem</strong></span> <span class='ocrx_word' id='word_1_120' title='bbox 1807 1637 1820 1673; x_wconf 93' lang='lat'><strong>:</strong></span> <span class='ocrx_word' id='word_1_121' title='bbox 1849 1635 1973 1673; x_wconf 88' lang='lat' dir='ltr'><strong>nam</strong></span> 
     </span>
    </p>
   </div>
   <div class='ocr_carea' id='block_1_19' title="bbox 402 1708 1977 1783">
    <p class='ocr_par' dir='ltr' id='par_1_19' title="bbox 402 1708 1977 1783">
     <span class='ocr_line' id='line_1_19' title="bbox 402 1708 1977 1783; baseline 0.004 -21"><span class='ocrx_word' id='word_1_122' title='bbox 402 1718 463 1762; x_wconf 91' lang='lat' dir='ltr'><strong>ut</strong></span> <span class='ocrx_word' id='word_1_123' title='bbox 486 1709 589 1765; x_wconf 85' lang='lat' dir='ltr'><strong>ista</strong></span> <span class='ocrx_word' id='word_1_124' title='bbox 616 1708 670 1762; x_wconf 92' lang='lat' dir='ltr'><strong>in</strong></span> <span class='ocrx_word' id='word_1_125' title='bbox 696 1724 926 1778; x_wconf 89' lang='lat' dir='ltr'><strong>corpore</strong></span> <span class='ocrx_word' id='word_1_126' title='bbox 948 1710 1199 1765; x_wconf 83' lang='lat' dir='ltr'><strong>breviora</strong></span> <span class='ocrx_word' id='word_1_127' title='bbox 1232 1721 1363 1768; x_wconf 89' lang='lat' dir='ltr'><strong>sunt</strong></span> <span class='ocrx_word' id='word_1_128' title='bbox 1389 1728 1554 1783; x_wconf 87' lang='lat' dir='ltr'><strong>quam</strong></span> <span class='ocrx_word' id='word_1_129' title='bbox 1582 1714 1772 1779; x_wconf 87' lang='lat' dir='ltr'><strong>multa,</strong></span> <span class='ocrx_word' id='word_1_130' title='bbox 1801 1722 1977 1768; x_wconf 89' lang='lat' dir='ltr'><strong>tamen</strong></span> 
     </span>
    </p>
   </div>
   <div class='ocr_carea' id='block_1_20' title="bbox 404 1802 1979 1871">
    <p class='ocr_par' dir='ltr' id='par_1_20' title="bbox 404 1802 1979 1871">
     <span class='ocr_line' id='line_1_20' title="bbox 404 1802 1979 1871; baseline 0.002 -15"><span class='ocrx_word' id='word_1_131' title='bbox 404 1802 682 1856; x_wconf 84' lang='lat' dir='ltr'><strong>substrata</strong></span> <span class='ocrx_word' id='word_1_132' title='bbox 710 1803 983 1856; x_wconf 87' lang='lat' dir='ltr'><strong>sustinent</strong></span> <span class='ocrx_word' id='word_1_133' title='bbox 1013 1803 1211 1857; x_wconf 83' lang='lat' dir='ltr'><strong>molem</strong></span> <span class='ocrx_word' id='word_1_134' title='bbox 1240 1804 1409 1858; x_wconf 84' lang='lat' dir='ltr'><strong>tetius</strong></span> <span class='ocrx_word' id='word_1_135' title='bbox 1449 1804 1738 1871; x_wconf 84' lang='lat' dir='ltr'><strong>compositi</strong></span> <span class='ocrx_word' id='word_1_136' title='bbox 1770 1823 1783 1858; x_wconf 94' lang='lat'><strong>:</strong></span> <span class='ocrx_word' id='word_1_137' title='bbox 1816 1804 1892 1858; x_wconf 90' lang='lat' dir='ltr'><strong>ita</strong></span> <span class='ocrx_word' id='word_1_138' title='bbox 1925 1815 1979 1860; x_wconf 89' lang='lat' dir='ltr'><strong>et</strong></span> 
     </span>
    </p>
   </div>
   <div class='ocr_carea' id='block_1_21' title="bbox 404 1893 1981 1967">
    <p class='ocr_par' dir='ltr' id='par_1_21' title="bbox 404 1893 1981 1967">
     <span class='ocr_line' id='line_1_21' title="bbox 404 1893 1981 1967; baseline 0.003 -21"><span class='ocrx_word' id='word_1_139' title='bbox 404 1893 604 1963; x_wconf 81' lang='lat' dir='ltr'><strong>regalis</strong></span> <span class='ocrx_word' id='word_1_140' title='bbox 639 1893 889 1959; x_wconf 86' lang='lat' dir='ltr'><strong>lirmitas,</strong></span> <span class='ocrx_word' id='word_1_141' title='bbox 945 1903 1225 1965; x_wconf 86' lang='lat' dir='ltr'><strong>utcunque</strong></span> <span class='ocrx_word' id='word_1_142' title='bbox 1278 1895 1332 1948; x_wconf 93' lang='lat' dir='ltr'><strong>in</strong></span> <span class='ocrx_word' id='word_1_143' title='bbox 1369 1911 1481 1950; x_wconf 89' lang='lat' dir='ltr'><strong>uno</strong></span> <span class='ocrx_word' id='word_1_144' title='bbox 1510 1896 1697 1965; x_wconf 83' lang='lat' dir='ltr'><strong>aliquo</strong></span> <span class='ocrx_word' id='word_1_145' title='bbox 1737 1897 1981 1967; x_wconf 71' lang='lat' dir='ltr'><strong>compri-</strong></span> 
     </span>
    </p>
   </div>
   <div class='ocr_carea' id='block_1_22' title="bbox 404 1968 1981 2056">
    <p class='ocr_par' dir='ltr' id='par_1_22' title="bbox 404 1968 1981 2056">
     <span class='ocr_line' id='line_1_22' title="bbox 404 1968 1981 2056; baseline 0.003 -19"><span class='ocrx_word' id='word_1_146' title='bbox 404 1994 587 2037; x_wconf 87' lang='lat' dir='ltr'><strong>matur</strong></span> <span class='ocrx_word' id='word_1_147' title='bbox 613 1992 909 2049; x_wconf 87' lang='lat' dir='ltr'><strong>coarctata,</strong></span> <span class='ocrx_word' id='word_1_148' title='bbox 963 1992 1018 2040; x_wconf 88' lang='lat' dir='ltr'><strong>et</strong></span> <span class='ocrx_word' id='word_1_149' title='bbox 1046 1984 1129 2039; x_wconf 89' lang='lat' dir='ltr'><strong>sic</strong></span> <span class='ocrx_word' id='word_1_150' title='bbox 1153 1986 1393 2051; x_wconf 87' lang='lat' dir='ltr'><strong>vacillet,</strong></span> <span class='ocrx_word' id='word_1_151' title='bbox 1449 1996 1632 2041; x_wconf 89' lang='lat' dir='ltr'><strong>tamen</strong></span> <span class='ocrx_word' id='word_1_152' title='bbox 1665 1968 1868 2056; x_wconf 70' lang='lat' dir='ltr'><strong>corpus</strong></span> <span class='ocrx_word' id='word_1_153' title='bbox 1901 2000 1981 2043; x_wconf 89' lang='lat' dir='ltr'><strong>to-</strong></span> 
     </span>
    </p>
   </div>
   <div class='ocr_carea' id='block_1_23' title="bbox 406 2075 1980 2146">
    <p class='ocr_par' dir='ltr' id='par_1_23' title="bbox 406 2075 1980 2146">
     <span class='ocr_line' id='line_1_23' title="bbox 406 2075 1980 2146; baseline 0.004 -17"><span class='ocrx_word' id='word_1_154' title='bbox 406 2076 516 2131; x_wconf 90' lang='lat' dir='ltr'><strong>tius</strong></span> <span class='ocrx_word' id='word_1_155' title='bbox 568 2075 883 2143; x_wconf 76' lang='lat' dir='ltr'><strong>reipublicae</strong></span> <span class='ocrx_word' id='word_1_156' title='bbox 929 2086 1273 2146; x_wconf 87' lang='lat' dir='ltr'><strong>compactum</strong></span> <span class='ocrx_word' id='word_1_157' title='bbox 1325 2079 1568 2132; x_wconf 85' lang='lat' dir='ltr'><strong>continet</strong></span> <span class='ocrx_word' id='word_1_158' title='bbox 1622 2086 1677 2134; x_wconf 89' lang='lat' dir='ltr'><strong>et</strong></span> <span class='ocrx_word' id='word_1_159' title='bbox 1704 2081 1980 2135; x_wconf 82' lang='lat' dir='ltr'><strong>substrata</strong></span> 
     </span>
    </p>
   </div>
   <div class='ocr_carea' id='block_1_24' title="bbox 403 2169 1978 2253">
    <p class='ocr_par' dir='ltr' id='par_1_24' title="bbox 403 2169 1978 2253">
     <span class='ocr_line' id='line_1_24' title="bbox 403 2169 1978 2253; baseline 0.005 -32"><span class='ocrx_word' id='word_1_160' title='bbox 403 2176 701 2253; x_wconf 57' lang='lat' dir='ltr'><strong>sustentat,</strong></span> <span class='ocrx_word' id='word_1_161' title='bbox 722 2183 821 2222; x_wconf 92' lang='lat' dir='ltr'><strong>nec</strong></span> <span class='ocrx_word' id='word_1_162' title='bbox 846 2169 1116 2237; x_wconf 80' lang='lat' dir='ltr'><strong>permittit</strong></span> <span class='ocrx_word' id='word_1_163' title='bbox 1140 2183 1260 2224; x_wconf 88' lang='lat' dir='ltr'><strong>eam</strong></span> <span class='ocrx_word' id='word_1_164' title='bbox 1286 2170 1339 2224; x_wconf 89' lang='lat' dir='ltr'><strong>in</strong></span> <span class='ocrx_word' id='word_1_165' title='bbox 1371 2186 1431 2225; x_wconf 88' lang='lat' dir='ltr'><strong>se</strong></span> <span class='ocrx_word' id='word_1_166' title='bbox 1450 2170 1698 2226; x_wconf 76' lang='lat' dir='ltr'><strong>collisam</strong></span> <span class='ocrx_word' id='word_1_167' title='bbox 1716 2172 1978 2242; x_wconf 81' lang='lat' dir='ltr'><strong>dill‘ringi.</strong></span> 
     </span>
    </p>
   </div>
   <div class='ocr_carea' id='block_1_25' title="bbox 402 2260 1975 2331">
    <p class='ocr_par' dir='ltr' id='par_1_25' title="bbox 402 2260 1975 2331">
     <span class='ocr_line' id='line_1_25' title="bbox 402 2260 1975 2331; baseline 0.001 -18"><span class='ocrx_word' id='word_1_168' title='bbox 402 2261 503 2316; x_wconf 79' lang='lat' dir='ltr'><strong>Ast</strong></span> <span class='ocrx_word' id='word_1_169' title='bbox 522 2261 634 2315; x_wconf 64' lang='lat' dir='ltr'><strong>haac</strong></span> <span class='ocrx_word' id='word_1_170' title='bbox 652 2260 902 2329; x_wconf 79' lang='lat' dir='ltr'><strong>fortassis</strong></span> <span class='ocrx_word' id='word_1_171' title='bbox 922 2262 1094 2316; x_wconf 91' lang='lat' dir='ltr'><strong>multo</strong></span> <span class='ocrx_word' id='word_1_172' title='bbox 1116 2263 1410 2328; x_wconf 89' lang='lat' dir='ltr'><strong>curiosius,</strong></span> <span class='ocrx_word' id='word_1_173' title='bbox 1431 2277 1595 2331; x_wconf 82' lang='lat' dir='ltr'><strong>quam</strong></span> <span class='ocrx_word' id='word_1_174' title='bbox 1620 2277 1719 2315; x_wconf 82' lang='lat' dir='ltr'><strong>vox</strong></span> <span class='ocrx_word' id='word_1_175' title='bbox 1738 2262 1975 2327; x_wconf 77' lang='grc' dir='ltr'>εἴδωλον,</span> 
     </span>
    </p>
   </div>
   <div class='ocr_carea' id='block_1_26' title="bbox 405 2351 1982 2425">
    <p class='ocr_par' dir='ltr' id='par_1_26' title="bbox 405 2351 1982 2425">
     <span class='ocr_line' id='line_1_26' title="bbox 405 2351 1982 2425; baseline 0.002 -17"><span class='ocrx_word' id='word_1_176' title='bbox 405 2353 767 2423; x_wconf 74' lang='lat' dir='ltr'><strong>explicantur.</strong></span> <span class='ocrx_word' id='word_1_177' title='bbox 801 2351 882 2407; x_wconf 89' lang='lat' dir='ltr'><strong>Tu</strong></span> <span class='ocrx_word' id='word_1_178' title='bbox 915 2362 1097 2408; x_wconf 85' lang='lat' dir='ltr'><strong>autem</strong></span> <span class='ocrx_word' id='word_1_179' title='bbox 1122 2355 1310 2409; x_wconf 90' lang='lat' dir='ltr'><strong>animo</strong></span> <span class='ocrx_word' id='word_1_180' title='bbox 1344 2356 1528 2409; x_wconf 87' lang='lat' dir='ltr'><strong>valeas</strong></span> <span class='ocrx_word' id='word_1_181' title='bbox 1555 2364 1719 2424; x_wconf 88' lang='lat' dir='ltr'><strong>atque</strong></span> <span class='ocrx_word' id='word_1_182' title='bbox 1750 2370 1982 2425; x_wconf 90' lang='lat' dir='ltr'><strong>corpore</strong></span> 
     </span>
    </p>
   </div>
   <div class='ocr_carea' id='block_1_27' title="bbox 406 2444 1980 2518">
    <p class='ocr_par' dir='ltr' id='par_1_27' title="bbox 406 2444 1980 2518">
     <span class='ocr_line' id='line_1_27' title="bbox 406 2444 1980 2518; baseline 0.004 -21"><span class='ocrx_word' id='word_1_183' title='bbox 406 2459 509 2499; x_wconf 90' lang='lat' dir='ltr'><strong>uec</strong></span> <span class='ocrx_word' id='word_1_184' title='bbox 558 2444 789 2499; x_wconf 89' lang='lat' dir='ltr'><strong>ulterius</strong></span> <span class='ocrx_word' id='word_1_185' title='bbox 842 2445 1154 2502; x_wconf 82' lang='lat' dir='ltr'><strong>istiusmodi</strong></span> <span class='ocrx_word' id='word_1_186' title='bbox 1194 2447 1264 2503; x_wconf 85' lang='lat' dir='ltr'><strong>iis</strong></span> <span class='ocrx_word' id='word_1_187' title='bbox 1302 2446 1525 2514; x_wconf 67' lang='lat' dir='ltr'><strong>olleras,</strong></span> <span class='ocrx_word' id='word_1_188' title='bbox 1557 2452 1647 2518; x_wconf 87' lang='lat' dir='ltr'><strong>qui</strong></span> <span class='ocrx_word' id='word_1_189' title='bbox 1677 2458 1808 2503; x_wconf 86' lang='lat' dir='ltr'><strong>sunt</strong></span> <span class='ocrx_word' id='word_1_190' title='bbox 1836 2448 1980 2518; x_wconf 88' lang='lat' dir='ltr'><strong>apud</strong></span> 
     </span>
    </p>
   </div>
   <div class='ocr_carea' id='block_1_28' title="bbox 405 2536 1983 2611">
    <p class='ocr_par' dir='ltr' id='par_1_28' title="bbox 405 2536 1983 2611">
     <span class='ocr_line' id='line_1_28' title="bbox 405 2536 1983 2611; baseline 0.004 -21"><span class='ocrx_word' id='word_1_191' title='bbox 405 2536 610 2591; x_wconf 81' lang='lat' dir='ltr'><strong>inferos</strong></span> <span class='ocrx_word' id='word_1_192' title='bbox 647 2556 659 2590; x_wconf 91' lang='lat'>:</span> <span class='ocrx_word' id='word_1_193' title='bbox 696 2538 789 2592; x_wconf 88' lang='lat' dir='ltr'><strong>sed</strong></span> <span class='ocrx_word' id='word_1_194' title='bbox 815 2538 957 2607; x_wconf 89' lang='lat' dir='ltr'><strong>apud</strong></span> <span class='ocrx_word' id='word_1_195' title='bbox 988 2539 1110 2594; x_wconf 90' lang='lat' dir='ltr'><strong>illos</strong></span> <span class='ocrx_word' id='word_1_196' title='bbox 1142 2555 1375 2610; x_wconf 80' lang='lat' dir='ltr'><strong>expone,</strong></span> <span class='ocrx_word' id='word_1_197' title='bbox 1405 2542 1608 2611; x_wconf 89' lang='lat' dir='ltr'><strong>quibus</strong></span> <span class='ocrx_word' id='word_1_198' title='bbox 1634 2542 1758 2596; x_wconf 73' lang='lat' dir='ltr'><strong>vita:</strong></span> <span class='ocrx_word' id='word_1_199' title='bbox 1786 2557 1983 2597; x_wconf 88' lang='lat' dir='ltr'><strong>cursus</strong></span> 
     </span>
    </p>
   </div>
   <div class='ocr_carea' id='block_1_29' title="bbox 403 2626 1978 2701">
    <p class='ocr_par' dir='ltr' id='par_1_29' title="bbox 403 2626 1978 2701">
     <span class='ocr_line' id='line_1_29' title="bbox 403 2626 1978 2701; baseline 0.004 -20"><span class='ocrx_word' id='word_1_200' title='bbox 403 2636 484 2682; x_wconf 84' lang='lat' dir='ltr'><strong>est</strong></span> <span class='ocrx_word' id='word_1_201' title='bbox 510 2626 578 2681; x_wconf 90' lang='lat' dir='ltr'><strong>ad</strong></span> <span class='ocrx_word' id='word_1_202' title='bbox 604 2628 1008 2698; x_wconf 86' lang='lat' dir='ltr'><strong>beneplacitum</strong></span> <span class='ocrx_word' id='word_1_203' title='bbox 1030 2667 1045 2694; x_wconf 86' lang='lat'><strong>,</strong></span> <span class='ocrx_word' id='word_1_204' title='bbox 1071 2646 1306 2701; x_wconf 82' lang='lat' dir='ltr'><strong>quorum</strong></span> <span class='ocrx_word' id='word_1_205' title='bbox 1335 2646 1510 2699; x_wconf 88' lang='lat' dir='ltr'><strong>meas,</strong></span> <span class='ocrx_word' id='word_1_206' title='bbox 1541 2632 1743 2701; x_wconf 88' lang='lat' dir='ltr'><strong>oratio,</strong></span> <span class='ocrx_word' id='word_1_207' title='bbox 1784 2647 1978 2689; x_wconf 85' lang='lat' dir='ltr'><strong>manus</strong></span> 
     </span>
    </p>
   </div>
   <div class='ocr_carea' id='block_1_30' title="bbox 405 2718 883 2777">
    <p class='ocr_par' dir='ltr' id='par_1_30' title="bbox 405 2718 883 2777">
     <span class='ocr_line' id='line_1_30' title="bbox 405 2718 883 2777; baseline -0.006 0"><span class='ocrx_word' id='word_1_208' title='bbox 405 2734 513 2777; x_wconf 85' lang='lat' dir='ltr'><strong>non</strong></span> <span class='ocrx_word' id='word_1_209' title='bbox 544 2718 883 2776; x_wconf 87' lang='lat' dir='ltr'><strong>defecerunt.</strong></span> 
     </span>
    </p>
   </div>
   <div class='ocr_carea' id='block_1_31' title="bbox 489 3002 1871 3089">
    <p class='ocr_par' dir='ltr' id='par_1_31' title="bbox 489 3002 1871 3089">
     <span class='ocr_line' id='line_1_31' title="bbox 489 3002 1871 3089; baseline 0.008 -26"><span class='ocrx_word' id='word_1_210' title='bbox 489 3002 823 3074; x_wconf 55' lang='lat' dir='ltr'><strong>00.4:er0</strong></span> <span class='ocrx_word' id='word_1_211' title='bbox 858 3011 1046 3067; x_wconf 76' lang='lat' dir='ltr'><strong>cxw.</strong></span> <span class='ocrx_word' id='word_1_212' title='bbox 1086 3012 1276 3085; x_wconf 78' lang='lat' dir='ltr'><strong>[CoisL</strong></span> <span class='ocrx_word' id='word_1_213' title='bbox 1317 3014 1482 3069; x_wconf 76' lang='lat' dir='ltr'><strong>Taur.</strong></span> <span class='ocrx_word' id='word_1_214' title='bbox 1515 3015 1871 3089; x_wconf 57' lang='lat' dir='ltr'><strong>cxxxvmq</strong></span> 
     </span>
    </p>
   </div>
   <div class='ocr_carea' id='block_1_32' title="bbox 927 3105 1446 3174">
    <p class='ocr_par' dir='ltr' id='par_1_32' title="bbox 927 3105 1446 3174">
     <span class='ocr_line' id='line_1_32' title="bbox 927 3105 1446 3174; baseline 0.008 -17"><span class='ocrx_word' id='word_1_215' title='bbox 927 3105 1021 3159; x_wconf 84' lang='lat' dir='ltr'><strong>&#39;De</strong></span> <span class='ocrx_word' id='word_1_216' title='bbox 1043 3109 1223 3174; x_wconf 79' lang='lat' dir='ltr'><strong>patria</strong></span> <span class='ocrx_word' id='word_1_217' title='bbox 1257 3107 1418 3161; x_wconf 77' lang='lat' dir='ltr'><strong>Pauli</strong></span> <span class='ocrx_word' id='word_1_218' title='bbox 1433 3138 1446 3149; x_wconf 88' lang='lat'><strong>-</strong></span> 
     </span>
    </p>
   </div>
   <div class='ocr_carea' id='block_1_33' title="bbox 2078 507 3637 585">
    <p class='ocr_par' dir='ltr' id='par_1_33' title="bbox 2078 507 3637 585">
     <span class='ocr_line' id='line_1_33' title="bbox 2078 507 3637 585; baseline -0.006 -15"><span class='ocrx_word' id='word_1_219' title='bbox 2078 518 2170 571; x_wconf 72' lang='grc' dir='ltr'><strong>καὶ</strong></span> <span class='ocrx_word' id='word_1_220' title='bbox 2197 518 2296 585; x_wconf 81' lang='grc' dir='ltr'>τῆς</span> <span class='ocrx_word' id='word_1_221' title='bbox 2312 515 2367 568; x_wconf 84' lang='grc' dir='ltr'><strong>δε</strong></span> <span class='ocrx_word' id='word_1_222' title='bbox 2375 514 2657 585; x_wconf 86' lang='grc' dir='ltr'>ρματίδος,</span> <span class='ocrx_word' id='word_1_223' title='bbox 2675 515 2741 583; x_wconf 73' lang='grc' dir='ltr'>ἦν</span> <span class='ocrx_word' id='word_1_224' title='bbox 2758 511 2967 573; x_wconf 87' lang='grc' dir='ltr'>παλαιά</span> <span class='ocrx_word' id='word_1_225' title='bbox 2984 511 3085 579; x_wconf 84' lang='grc' dir='ltr'>τῆς</span> <span class='ocrx_word' id='word_1_226' title='bbox 3111 508 3366 571; x_wconf 69' lang='grc' dir='ltr'>ῑΕλλάδος</span> <span class='ocrx_word' id='word_1_227' title='bbox 3394 509 3595 576; x_wconf 75' lang='grc' dir='ltr'>γλῶττα</span> <span class='ocrx_word' id='word_1_228' title='bbox 3612 507 3637 547; x_wconf 66' lang='grc' dir='ltr'>ι</span> 
     </span>
    </p>
   </div>
   <div class='ocr_carea' id='block_1_34' title="bbox 2079 601 3639 676">
    <p class='ocr_par' dir='ltr' id='par_1_34' title="bbox 2079 601 3639 676">
     <span class='ocr_line' id='line_1_34' title="bbox 2079 601 3639 676; baseline -0.008 -15"><span class='ocrx_word' id='word_1_229' title='bbox 2079 609 2293 676; x_wconf 81' lang='grc' dir='ltr'>κνήμην</span> <span class='ocrx_word' id='word_1_230' title='bbox 2326 605 2605 676; x_wconf 80' lang='grc' dir='ltr'>ὀνομάζει.</span> <span class='ocrx_word' id='word_1_231' title='bbox 2637 603 2959 673; x_wconf 77' lang='grc' dir='ltr'>Παρὲθηκεν</span> <span class='ocrx_word' id='word_1_232' title='bbox 2984 602 3029 654; x_wconf 79' lang='grc' dir='ltr'>δ’</span> <span class='ocrx_word' id='word_1_233' title='bbox 3058 601 3152 655; x_wconf 74' lang='grc' dir='ltr'>οὖν</span> <span class='ocrx_word' id='word_1_234' title='bbox 3186 604 3215 654; x_wconf 83' lang='grc' dir='ltr'>ὁ</span> <span class='ocrx_word' id='word_1_235' title='bbox 3252 601 3499 671; x_wconf 75' lang='grc' dir='ltr'><strong>Σαμουὴλ</strong></span> <span class='ocrx_word' id='word_1_236' title='bbox 3542 602 3639 668; x_wconf 76' lang='grc' dir='ltr'><strong>τὴν</strong></span> 
     </span>
    </p>
   </div>
   <div class='ocr_carea' id='block_1_35' title="bbox 2078 693 3640 765">
    <p class='ocr_par' dir='ltr' id='par_1_35' title="bbox 2078 693 3640 765">
     <span class='ocr_line' id='line_1_35' title="bbox 2078 693 3640 765; baseline -0.007 -13"><span class='ocrx_word' id='word_1_237' title='bbox 2078 699 2287 752; x_wconf 80' lang='grc' dir='ltr'>κωλέαν</span> <span class='ocrx_word' id='word_1_238' title='bbox 2315 697 2547 751; x_wconf 77' lang='grc' dir='ltr'>ἐνώπιον</span> <span class='ocrx_word' id='word_1_239' title='bbox 2574 696 2672 749; x_wconf 79' lang='grc' dir='ltr'>τοῦ</span> <span class='ocrx_word' id='word_1_240' title='bbox 2700 695 2875 749; x_wconf 81' lang='grc' dir='ltr'>Σαούλ</span> <span class='ocrx_word' id='word_1_241' title='bbox 2899 712 2915 726; x_wconf 76' lang='grc' dir='ltr'><strong>ο</strong></span> <span class='ocrx_word' id='word_1_242' title='bbox 2947 696 3120 765; x_wconf 80' lang='grc' dir='ltr'>τιμὴν</span> <span class='ocrx_word' id='word_1_243' title='bbox 3149 694 3304 765; x_wconf 75' lang='grc' dir='ltr'>αὐτῷ</span> <span class='ocrx_word' id='word_1_244' title='bbox 3331 694 3438 746; x_wconf 84' lang='grc' dir='ltr'>τῶν</span> <span class='ocrx_word' id='word_1_245' title='bbox 3474 693 3640 747; x_wconf 76' lang='grc' dir='ltr'>ἄλλων</span> 
     </span>
    </p>
   </div>
   <div class='ocr_carea' id='block_1_36' title="bbox 2079 786 3640 863">
    <p class='ocr_par' dir='ltr' id='par_1_36' title="bbox 2079 786 3640 863">
     <span class='ocr_line' id='line_1_36' title="bbox 2079 786 3640 863; baseline -0.005 -18"><span class='ocrx_word' id='word_1_246' title='bbox 2079 791 2477 863; x_wconf 83' lang='grc' dir='ltr'>προαπονέμων</span> <span class='ocrx_word' id='word_1_247' title='bbox 2509 806 2523 820; x_wconf 72' lang='grc'><strong><em>⁸</em></strong></span> <span class='ocrx_word' id='word_1_248' title='bbox 2554 789 2825 859; x_wconf 79' lang='grc' dir='ltr'>σύμϐολον</span> <span class='ocrx_word' id='word_1_249' title='bbox 2844 789 2903 842; x_wconf 82' lang='grc' dir='ltr'>δὲ</span> <span class='ocrx_word' id='word_1_250' title='bbox 2932 788 3031 859; x_wconf 77' lang='grc' dir='ltr'>τὴν</span> <span class='ocrx_word' id='word_1_251' title='bbox 3072 787 3242 857; x_wconf 76' lang='grc' dir='ltr'>τιμὴν</span> <span class='ocrx_word' id='word_1_252' title='bbox 3274 786 3640 856; x_wconf 66' lang='grc' dir='ltr'>ἐξοσιούμενος</span> 
     </span>
    </p>
   </div>
   <div class='ocr_carea' id='block_1_37' title="bbox 2078 876 3643 954">
    <p class='ocr_par' dir='ltr' id='par_1_37' title="bbox 2078 876 3643 954">
     <span class='ocr_line' id='line_1_37' title="bbox 2078 876 3643 954; baseline -0.005 -17"><span class='ocrx_word' id='word_1_253' title='bbox 2078 887 2176 953; x_wconf 81' lang='grc' dir='ltr'><strong>τῆς</strong></span> <span class='ocrx_word' id='word_1_254' title='bbox 2201 884 2480 954; x_wconf 79' lang='grc' dir='ltr'><strong>βασιλείας</strong></span> <span class='ocrx_word' id='word_1_255' title='bbox 2505 900 2519 915; x_wconf 78' lang='grc' dir='ltr'><strong>ο</strong></span> <span class='ocrx_word' id='word_1_256' title='bbox 2547 882 2643 936; x_wconf 78' lang='grc' dir='ltr'>καὶ</span> <span class='ocrx_word' id='word_1_257' title='bbox 2693 882 2787 935; x_wconf 77' lang='grc' dir='ltr'>τοῦ</span> <span class='ocrx_word' id='word_1_258' title='bbox 2823 883 2931 935; x_wconf 83' lang='grc' dir='ltr'>δεῖν</span> <span class='ocrx_word' id='word_1_259' title='bbox 2962 881 3128 935; x_wconf 84' lang='grc' dir='ltr'>αὑτὸν</span> <span class='ocrx_word' id='word_1_260' title='bbox 3176 880 3321 948; x_wconf 80' lang='grc' dir='ltr'>ὑπὲρ</span> <span class='ocrx_word' id='word_1_261' title='bbox 3378 876 3469 931; x_wconf 76' lang='grc' dir='ltr'><strong>τοῦ</strong></span> <span class='ocrx_word' id='word_1_262' title='bbox 3511 876 3643 931; x_wconf 74' lang='grc' dir='ltr'><strong>λαροῦ</strong></span> 
     </span>
    </p>
   </div>
   <div class='ocr_carea' id='block_1_38' title="bbox 2080 969 3646 1043">
    <p class='ocr_par' dir='ltr' id='par_1_38' title="bbox 2080 969 3646 1043">
     <span class='ocr_line' id='line_1_38' title="bbox 2080 969 3646 1043; baseline -0.005 -15"><span class='ocrx_word' id='word_1_263' title='bbox 2080 977 2293 1037; x_wconf 83' lang='grc' dir='ltr'>πάντας</span> <span class='ocrx_word' id='word_1_264' title='bbox 2321 975 2652 1043; x_wconf 82' lang='grc' dir='ltr'><strong>ὑφίστασθαι</strong></span> <span class='ocrx_word' id='word_1_265' title='bbox 2693 974 2911 1036; x_wconf 84' lang='grc' dir='ltr'>πόνους,</span> <span class='ocrx_word' id='word_1_266' title='bbox 2932 974 3030 1025; x_wconf 77' lang='grc' dir='ltr'><strong>καὶ</strong></span> <span class='ocrx_word' id='word_1_267' title='bbox 3069 969 3524 1041; x_wconf 77' lang='grc' dir='ltr'>προκινδυνεύειν.</span> <span class='ocrx_word' id='word_1_268' title='bbox 3557 972 3646 1021; x_wconf 59' lang='grc' dir='ltr'><strong>Διὰ</strong></span> 
     </span>
    </p>
   </div>
   <div class='ocr_carea' id='block_1_39' title="bbox 2082 1061 3635 1137">
    <p class='ocr_par' dir='ltr' id='par_1_39' title="bbox 2082 1061 3635 1137">
     <span class='ocr_line' id='line_1_39' title="bbox 2082 1061 3635 1137; baseline -0.005 -17"><span class='ocrx_word' id='word_1_269' title='bbox 2082 1068 2173 1120; x_wconf 77' lang='grc' dir='ltr'><strong>καὶ</strong></span> <span class='ocrx_word' id='word_1_270' title='bbox 2192 1068 2497 1137; x_wconf 76' lang='grc' dir='ltr'>ἐπήγαγεν,</span> <span class='ocrx_word' id='word_1_271' title='bbox 2547 1086 2565 1116; x_wconf 84' lang='grc' dir='ltr'><strong>ι</strong></span> <span class='ocrx_word' id='word_1_272' title='bbox 2603 1066 2771 1134; x_wconf 75' lang='grc' dir='ltr'>Φάγε,</span> <span class='ocrx_word' id='word_1_273' title='bbox 2816 1066 2900 1119; x_wconf 86' lang='grc' dir='ltr'>ὅτι</span> <span class='ocrx_word' id='word_1_274' title='bbox 2931 1065 3013 1127; x_wconf 84' lang='grc' dir='ltr'><strong>είς</strong></span> <span class='ocrx_word' id='word_1_275' title='bbox 3046 1064 3352 1135; x_wconf 80' lang='grc' dir='ltr'>μαρτύριον</span> <span class='ocrx_word' id='word_1_276' title='bbox 3406 1061 3635 1114; x_wconf 79' lang='grc' dir='ltr'>τέθειταί</span> 
     </span>
    </p>
   </div>
   <div class='ocr_carea' id='block_1_40' title="bbox 2082 1154 3645 1228">
    <p class='ocr_par' dir='ltr' id='par_1_40' title="bbox 2082 1154 3645 1228">
     <span class='ocr_line' id='line_1_40' title="bbox 2082 1154 3645 1228; baseline -0.003 -15"><span class='ocrx_word' id='word_1_277' title='bbox 2082 1177 2185 1215; x_wconf 89' lang='grc' dir='ltr'>σοι.</span> <span class='ocrx_word' id='word_1_278' title='bbox 2229 1179 2249 1213; x_wconf 75' lang='grc' dir='ltr'><strong>ι</strong></span> <span class='ocrx_word' id='word_1_279' title='bbox 2285 1160 2358 1212; x_wconf 85' lang='grc' dir='ltr'>Τὸ</span> <span class='ocrx_word' id='word_1_280' title='bbox 2382 1159 2428 1212; x_wconf 82' lang='grc' dir='ltr'>δ’</span> <span class='ocrx_word' id='word_1_281' title='bbox 2462 1158 2686 1228; x_wconf 72' lang='grc' dir='ltr'>ἐφεξῆς,</span> <span class='ocrx_word' id='word_1_282' title='bbox 2720 1157 2839 1210; x_wconf 72' lang='grc' dir='ltr'>ἔνια</span> <span class='ocrx_word' id='word_1_283' title='bbox 2886 1157 2986 1227; x_wconf 78' lang='grc' dir='ltr'><strong>μὲν</strong></span> <span class='ocrx_word' id='word_1_284' title='bbox 3013 1156 3123 1209; x_wconf 81' lang='grc' dir='ltr'><strong>τῶν</strong></span> <span class='ocrx_word' id='word_1_285' title='bbox 3172 1154 3425 1209; x_wconf 80' lang='grc' dir='ltr'>παλαιῶν</span> <span class='ocrx_word' id='word_1_286' title='bbox 3471 1171 3645 1224; x_wconf 73' lang='grc' dir='ltr'>γραμο</span> 
     </span>
    </p>
   </div>
   <div class='ocr_carea' id='block_1_41' title="bbox 2084 1244 3645 1319">
    <p class='ocr_par' dir='ltr' id='par_1_41' title="bbox 2084 1244 3645 1319">
     <span class='ocr_line' id='line_1_41' title="bbox 2084 1244 3645 1319; baseline -0.006 -16"><span class='ocrx_word' id='word_1_287' title='bbox 2084 1250 2291 1319; x_wconf 76' lang='grc' dir='ltr'>μάτων,</span> <span class='ocrx_word' id='word_1_288' title='bbox 2329 1268 2348 1301; x_wconf 79' lang='grc' dir='ltr'><strong>ι</strong></span> <span class='ocrx_word' id='word_1_289' title='bbox 2390 1249 2545 1319; x_wconf 85' lang='grc' dir='ltr'><strong>παρά</strong></span> <span class='ocrx_word' id='word_1_290' title='bbox 2578 1247 2673 1301; x_wconf 77' lang='grc' dir='ltr'>τοῦ</span> <span class='ocrx_word' id='word_1_291' title='bbox 2724 1246 2858 1300; x_wconf 79' lang='grc' dir='ltr'>λαοῦ</span> <span class='ocrx_word' id='word_1_292' title='bbox 2884 1262 2899 1275; x_wconf 87' lang='grc'><strong>·</strong></span> <span class='ocrx_word' id='word_1_293' title='bbox 2940 1265 2960 1298; x_wconf 73' lang='grc' dir='ltr'><strong>ι</strong></span> <span class='ocrx_word' id='word_1_294' title='bbox 2995 1245 3113 1298; x_wconf 72' lang='grc' dir='ltr'>ἔνια</span> <span class='ocrx_word' id='word_1_295' title='bbox 3143 1244 3223 1310; x_wconf 87' lang='grc' dir='ltr'><strong>δὲ,</strong></span> <span class='ocrx_word' id='word_1_296' title='bbox 3271 1263 3291 1295; x_wconf 71' lang='grc' dir='ltr'><strong>ι</strong></span> <span class='ocrx_word' id='word_1_297' title='bbox 3329 1244 3477 1313; x_wconf 75' lang='grc' dir='ltr'><strong>παρά</strong></span> <span class='ocrx_word' id='word_1_298' title='bbox 3520 1245 3645 1305; x_wconf 64' lang='grc' dir='ltr'>τοὺς</span> 
     </span>
    </p>
   </div>
   <div class='ocr_carea' id='block_1_42' title="bbox 2079 1334 3644 1411">
    <p class='ocr_par' dir='ltr' id='par_1_42' title="bbox 2079 1334 3644 1411">
     <span class='ocr_line' id='line_1_42' title="bbox 2079 1334 3644 1411; baseline -0.006 -17"><span class='ocrx_word' id='word_1_299' title='bbox 2079 1342 2296 1404; x_wconf 74' lang='grc' dir='ltr'>ἄλλους,</span> <span class='ocrx_word' id='word_1_300' title='bbox 2330 1358 2348 1392; x_wconf 73' lang='grc' dir='ltr'><strong>ι</strong></span> <span class='ocrx_word' id='word_1_301' title='bbox 2403 1340 2739 1411; x_wconf 82' lang='grc' dir='ltr'>ὑπαγορεύει</span> <span class='ocrx_word' id='word_1_302' title='bbox 2770 1357 2786 1370; x_wconf 76' lang='grc' dir='ltr'>ο</span> <span class='ocrx_word' id='word_1_303' title='bbox 2816 1338 2931 1392; x_wconf 80' lang='grc' dir='ltr'>ἀλλ’</span> <span class='ocrx_word' id='word_1_304' title='bbox 2962 1338 3012 1390; x_wconf 79' lang='grc' dir='ltr'>εἰ</span> <span class='ocrx_word' id='word_1_305' title='bbox 3055 1338 3155 1407; x_wconf 82' lang='grc' dir='ltr'><strong>μὲν</strong></span> <span class='ocrx_word' id='word_1_306' title='bbox 3183 1337 3269 1405; x_wconf 83' lang='grc' dir='ltr'><strong>εἴη</strong></span> <span class='ocrx_word' id='word_1_307' title='bbox 3305 1355 3324 1386; x_wconf 78' lang='grc' dir='ltr'><strong>ι</strong></span> <span class='ocrx_word' id='word_1_308' title='bbox 3363 1335 3509 1404; x_wconf 75' lang='grc' dir='ltr'>παρὰ</span> <span class='ocrx_word' id='word_1_309' title='bbox 3552 1334 3644 1386; x_wconf 75' lang='grc' dir='ltr'><strong>τοῦ</strong></span> 
     </span>
    </p>
   </div>
   <div class='ocr_carea' id='block_1_43' title="bbox 2080 1426 3645 1499">
    <p class='ocr_par' dir='ltr' id='par_1_43' title="bbox 2080 1426 3645 1499">
     <span class='ocr_line' id='line_1_43' title="bbox 2080 1426 3645 1499; baseline -0.005 -13"><span class='ocrx_word' id='word_1_310' title='bbox 2080 1432 2233 1499; x_wconf 83' lang='grc' dir='ltr'>λαοῦ,</span> <span class='ocrx_word' id='word_1_311' title='bbox 2277 1452 2296 1483; x_wconf 78' lang='grc' dir='ltr'><strong>ι</strong></span> <span class='ocrx_word' id='word_1_312' title='bbox 2338 1434 2460 1488; x_wconf 60' lang='grc' dir='ltr'><strong>ἀντὶ¹</strong></span> <span class='ocrx_word' id='word_1_313' title='bbox 2493 1432 2611 1496; x_wconf 80' lang='grc' dir='ltr'>τοῦ,</span> <span class='ocrx_word' id='word_1_314' title='bbox 2647 1431 2910 1484; x_wconf 81' lang='grc' dir='ltr'>Ἐνώπιον</span> <span class='ocrx_word' id='word_1_315' title='bbox 2935 1429 3030 1483; x_wconf 79' lang='grc' dir='ltr'>τοῦ</span> <span class='ocrx_word' id='word_1_316' title='bbox 3060 1428 3192 1482; x_wconf 80' lang='grc' dir='ltr'>λαοῦ</span> <span class='ocrx_word' id='word_1_317' title='bbox 3222 1428 3283 1481; x_wconf 83' lang='grc' dir='ltr'><strong>τὸ</strong></span> <span class='ocrx_word' id='word_1_318' title='bbox 3312 1427 3401 1480; x_wconf 79' lang='grc' dir='ltr'><strong>διὰ</strong></span> <span class='ocrx_word' id='word_1_319' title='bbox 3451 1426 3645 1497; x_wconf 83' lang='grc' dir='ltr'>μαρτύ-</span> 
     </span>
    </p>
   </div>
   <div class='ocr_carea' id='block_1_44' title="bbox 2084 1521 3643 1598">
    <p class='ocr_par' dir='ltr' id='par_1_44' title="bbox 2084 1521 3643 1598">
     <span class='ocr_line' id='line_1_44' title="bbox 2084 1521 3643 1598; baseline -0.005 -19"><span class='ocrx_word' id='word_1_320' title='bbox 2084 1528 2199 1598; x_wconf 88' lang='grc' dir='ltr'>ριόν</span> <span class='ocrx_word' id='word_1_321' title='bbox 2244 1544 2326 1580; x_wconf 81' lang='grc' dir='ltr'><strong>σοι</strong></span> <span class='ocrx_word' id='word_1_322' title='bbox 2355 1528 2750 1597; x_wconf 80' lang='grc' dir='ltr'>προσενήνοχα,</span> <span class='ocrx_word' id='word_1_323' title='bbox 2804 1525 3064 1596; x_wconf 79' lang='grc' dir='ltr'>σημαίνει</span> <span class='ocrx_word' id='word_1_324' title='bbox 3087 1539 3101 1552; x_wconf 90' lang='grc'>·</span> <span class='ocrx_word' id='word_1_325' title='bbox 3130 1525 3179 1575; x_wconf 84' lang='grc' dir='ltr'>εἰ</span> <span class='ocrx_word' id='word_1_326' title='bbox 3201 1523 3261 1575; x_wconf 73' lang='grc' dir='ltr'>δὲ</span> <span class='ocrx_word' id='word_1_327' title='bbox 3305 1540 3324 1573; x_wconf 77' lang='grc' dir='ltr'><strong>ι</strong></span> <span class='ocrx_word' id='word_1_328' title='bbox 3356 1521 3499 1591; x_wconf 71' lang='grc' dir='ltr'>παρὰ</span> <span class='ocrx_word' id='word_1_329' title='bbox 3525 1521 3643 1580; x_wconf 66' lang='grc' dir='ltr'>τοὺς</span> 
     </span>
    </p>
   </div>
   <div class='ocr_carea' id='block_1_45' title="bbox 2081 1614 3645 1688">
    <p class='ocr_par' dir='ltr' id='par_1_45' title="bbox 2081 1614 3645 1688">
     <span class='ocr_line' id='line_1_45' title="bbox 2081 1614 3645 1688; baseline -0.005 -16"><span class='ocrx_word' id='word_1_330' title='bbox 2081 1619 2293 1682; x_wconf 85' lang='grc' dir='ltr'>ἄλλους,</span> <span class='ocrx_word' id='word_1_331' title='bbox 2316 1640 2333 1671; x_wconf 72' lang='grc' dir='ltr'><strong>ι</strong></span> <span class='ocrx_word' id='word_1_332' title='bbox 2356 1620 2475 1673; x_wconf 77' lang='grc' dir='ltr'>ἀντὶ</span> <span class='ocrx_word' id='word_1_333' title='bbox 2499 1619 2618 1687; x_wconf 82' lang='grc' dir='ltr'>τοῦ,</span> <span class='ocrx_word' id='word_1_334' title='bbox 2652 1618 2964 1688; x_wconf 81' lang='grc' dir='ltr'>Ἐξαίρετόν</span> <span class='ocrx_word' id='word_1_335' title='bbox 2995 1635 3102 1680; x_wconf 86' lang='grc' dir='ltr'>σοι,</span> <span class='ocrx_word' id='word_1_336' title='bbox 3134 1616 3289 1687; x_wconf 76' lang='grc' dir='ltr'>παρὰ</span> <span class='ocrx_word' id='word_1_337' title='bbox 3313 1617 3437 1677; x_wconf 76' lang='grc' dir='ltr'>τοὺς</span> <span class='ocrx_word' id='word_1_338' title='bbox 3465 1614 3645 1676; x_wconf 74' lang='grc' dir='ltr'>ἄλλους</span> 
     </span>
    </p>
   </div>
   <div class='ocr_carea' id='block_1_46' title="bbox 2082 1706 3644 1783">
    <p class='ocr_par' dir='ltr' id='par_1_46' title="bbox 2082 1706 3644 1783">
     <span class='ocr_line' id='line_1_46' title="bbox 2082 1706 3644 1783; baseline -0.003 -20"><span class='ocrx_word' id='word_1_339' title='bbox 2082 1711 2366 1783; x_wconf 87' lang='grc' dir='ltr'>προκρίτῳ</span> <span class='ocrx_word' id='word_1_340' title='bbox 2418 1711 2598 1783; x_wconf 80' lang='grc' dir='ltr'>μερίδι</span> <span class='ocrx_word' id='word_1_341' title='bbox 2629 1711 2729 1780; x_wconf 74' lang='grc' dir='ltr'>τὴν</span> <span class='ocrx_word' id='word_1_342' title='bbox 2760 1710 2927 1781; x_wconf 82' lang='grc' dir='ltr'>τιμὴν</span> <span class='ocrx_word' id='word_1_343' title='bbox 2962 1708 3167 1780; x_wconf 73' lang='grc' dir='ltr'>ἀνῆψα.</span> <span class='ocrx_word' id='word_1_344' title='bbox 3226 1709 3330 1776; x_wconf 61' lang='lat' dir='ltr'><strong>Elin</strong></span> <span class='ocrx_word' id='word_1_345' title='bbox 3382 1707 3424 1760; x_wconf 76' lang='grc' dir='ltr'>δ’</span> <span class='ocrx_word' id='word_1_346' title='bbox 3468 1707 3527 1759; x_wconf 84' lang='grc' dir='ltr'>ἂν</span> <span class='ocrx_word' id='word_1_347' title='bbox 3577 1706 3644 1757; x_wconf 71' lang='grc' dir='ltr'><strong>τὰ</strong></span> 
     </span>
    </p>
   </div>
   <div class='ocr_carea' id='block_1_47' title="bbox 2086 1797 3645 1875">
    <p class='ocr_par' dir='ltr' id='par_1_47' title="bbox 2086 1797 3645 1875">
     <span class='ocr_line' id='line_1_47' title="bbox 2086 1797 3645 1875; baseline -0.004 -18"><span class='ocrx_word' id='word_1_348' title='bbox 2086 1805 2221 1875; x_wconf 84' lang='grc' dir='ltr'><strong>μέλη</strong></span> <span class='ocrx_word' id='word_1_349' title='bbox 2248 1804 2422 1858; x_wconf 83' lang='grc' dir='ltr'>ταῦτα</span> <span class='ocrx_word' id='word_1_350' title='bbox 2461 1804 2557 1857; x_wconf 82' lang='grc' dir='ltr'>τοῦ</span> <span class='ocrx_word' id='word_1_351' title='bbox 2592 1803 2845 1874; x_wconf 82' lang='grc' dir='ltr'>σώματος</span> <span class='ocrx_word' id='word_1_352' title='bbox 2893 1804 2989 1855; x_wconf 75' lang='grc' dir='ltr'>καὶ</span> <span class='ocrx_word' id='word_1_353' title='bbox 3034 1802 3220 1854; x_wconf 76' lang='grc' dir='ltr'>εἰκόνα</span> <span class='ocrx_word' id='word_1_354' title='bbox 3275 1799 3499 1868; x_wconf 83' lang='grc' dir='ltr'>φέροντα</span> <span class='ocrx_word' id='word_1_355' title='bbox 3546 1797 3645 1864; x_wconf 67' lang='grc' dir='ltr'>τῆς</span> 
     </span>
    </p>
   </div>
   <div class='ocr_carea' id='block_1_48' title="bbox 2085 1887 3644 1968">
    <p class='ocr_par' dir='ltr' id='par_1_48' title="bbox 2085 1887 3644 1968">
     <span class='ocr_line' id='line_1_48' title="bbox 2085 1887 3644 1968; baseline -0.007 -19"><span class='ocrx_word' id='word_1_356' title='bbox 2085 1896 2384 1968; x_wconf 81' lang='grc' dir='ltr'><strong>βασιλείας.</strong></span> <span class='ocrx_word' id='word_1_357' title='bbox 2424 1897 2638 1967; x_wconf 81' lang='grc' dir='ltr'>Ὥσπερ</span> <span class='ocrx_word' id='word_1_358' title='bbox 2674 1898 2783 1966; x_wconf 88' lang='grc' dir='ltr'><strong>γάρ</strong></span> <span class='ocrx_word' id='word_1_359' title='bbox 2838 1893 3013 1949; x_wconf 81' lang='grc' dir='ltr'>ταῦτα</span> <span class='ocrx_word' id='word_1_360' title='bbox 3044 1892 3123 1964; x_wconf 81' lang='grc' dir='ltr'>τῷ</span> <span class='ocrx_word' id='word_1_361' title='bbox 3162 1892 3375 1961; x_wconf 85' lang='grc' dir='ltr'>σώματι</span> <span class='ocrx_word' id='word_1_362' title='bbox 3402 1888 3490 1941; x_wconf 79' lang='grc' dir='ltr'>τοῦ</span> <span class='ocrx_word' id='word_1_363' title='bbox 3508 1887 3644 1951; x_wconf 81' lang='grc' dir='ltr'>ζὼου</span> 
     </span>
    </p>
   </div>
   <div class='ocr_carea' id='block_1_49' title="bbox 2086 1982 3641 2061">
    <p class='ocr_par' dir='ltr' id='par_1_49' title="bbox 2086 1982 3641 2061">
     <span class='ocr_line' id='line_1_49' title="bbox 2086 1982 3641 2061; baseline -0.007 -19"><span class='ocrx_word' id='word_1_364' title='bbox 2086 1988 2399 2061; x_wconf 75' lang='grc' dir='ltr'>βραχύτερα</span> <span class='ocrx_word' id='word_1_365' title='bbox 2433 1988 2644 2041; x_wconf 85' lang='grc' dir='ltr'><strong>πολλῶν</strong></span> <span class='ocrx_word' id='word_1_366' title='bbox 2672 1987 2853 2057; x_wconf 82' lang='grc' dir='ltr'>μελῶν</span> <span class='ocrx_word' id='word_1_367' title='bbox 2880 1987 3033 2047; x_wconf 76' lang='grc' dir='ltr'>ὄντα,</span> <span class='ocrx_word' id='word_1_368' title='bbox 3061 1987 3211 2055; x_wconf 83' lang='grc' dir='ltr'>ὅμως</span> <span class='ocrx_word' id='word_1_369' title='bbox 3240 1982 3641 2051; x_wconf 76' lang='grc' dir='ltr'>ὑπεστήρικται,</span> 
     </span>
    </p>
   </div>
   <div class='ocr_carea' id='block_1_50' title="bbox 2085 2074 3641 2146">
    <p class='ocr_par' dir='ltr' id='par_1_50' title="bbox 2085 2074 3641 2146">
     <span class='ocr_line' id='line_1_50' title="bbox 2085 2074 3641 2146; baseline -0.008 -12"><span class='ocrx_word' id='word_1_370' title='bbox 2085 2081 2178 2134; x_wconf 68' lang='grc' dir='ltr'>καὶ</span> <span class='ocrx_word' id='word_1_371' title='bbox 2205 2079 2575 2145; x_wconf 77' lang='grc' dir='ltr'>ἀναϐαστάςει</span> <span class='ocrx_word' id='word_1_372' title='bbox 2611 2079 2705 2133; x_wconf 82' lang='grc' dir='ltr'><strong>τὸν</strong></span> <span class='ocrx_word' id='word_1_373' title='bbox 2746 2079 2869 2132; x_wconf 84' lang='grc' dir='ltr'>ὅλον</span> <span class='ocrx_word' id='word_1_374' title='bbox 2898 2076 2994 2131; x_wconf 82' lang='grc' dir='ltr'>τοῦ</span> <span class='ocrx_word' id='word_1_375' title='bbox 3038 2077 3413 2146; x_wconf 74' lang='grc' dir='ltr'>συγκρίματος</span> <span class='ocrx_word' id='word_1_376' title='bbox 3448 2074 3604 2140; x_wconf 82' lang='grc' dir='ltr'>δγκον</span> <span class='ocrx_word' id='word_1_377' title='bbox 3626 2088 3641 2101; x_wconf 76' lang='grc'><em>’</em></span> 
     </span>
    </p>
   </div>
   <div class='ocr_carea' id='block_1_51' title="bbox 2083 2162 3642 2244">
    <p class='ocr_par' dir='ltr' id='par_1_51' title="bbox 2083 2162 3642 2244">
     <span class='ocr_line' id='line_1_51' title="bbox 2083 2162 3642 2244; baseline -0.008 -17"><span class='ocrx_word' id='word_1_378' title='bbox 2083 2173 2229 2227; x_wconf 77' lang='grc' dir='ltr'>οὕτω</span> <span class='ocrx_word' id='word_1_379' title='bbox 2254 2174 2399 2244; x_wconf 75' lang='grc' dir='ltr'>καὶὴ</span> <span class='ocrx_word' id='word_1_380' title='bbox 2425 2172 2679 2243; x_wconf 77' lang='grc' dir='ltr'>βασιλικὴ</span> <span class='ocrx_word' id='word_1_381' title='bbox 2709 2170 3028 2243; x_wconf 72' lang='grc' dir='ltr'>στερρότης,</span> <span class='ocrx_word' id='word_1_382' title='bbox 3056 2169 3239 2222; x_wconf 77' lang='grc' dir='ltr'>καίτοι</span> <span class='ocrx_word' id='word_1_383' title='bbox 3267 2168 3352 2235; x_wconf 78' lang='grc' dir='ltr'><strong>ἐφ’</strong></span> <span class='ocrx_word' id='word_1_384' title='bbox 3400 2167 3480 2220; x_wconf 70' lang='grc' dir='ltr'><strong>ἐνὶ</strong></span> <span class='ocrx_word' id='word_1_385' title='bbox 3497 2162 3642 2233; x_wconf 75' lang='grc' dir='ltr'>ἀνδρὶ</span> 
     </span>
    </p>
   </div>
   <div class='ocr_carea' id='block_1_52' title="bbox 2079 2257 3643 2334">
    <p class='ocr_par' dir='ltr' id='par_1_52' title="bbox 2079 2257 3643 2334">
     <span class='ocr_line' id='line_1_52' title="bbox 2079 2257 3643 2334; baseline 0 -18"><span class='ocrx_word' id='word_1_386' title='bbox 2079 2264 2503 2334; x_wconf 82' lang='grc' dir='ltr'>συστελλομένη,</span> <span class='ocrx_word' id='word_1_387' title='bbox 2534 2264 2629 2316; x_wconf 76' lang='grc' dir='ltr'>καὶ</span> <span class='ocrx_word' id='word_1_388' title='bbox 2663 2262 2967 2315; x_wconf 80' lang='grc' dir='ltr'>σαλεύουσα</span> <span class='ocrx_word' id='word_1_389' title='bbox 3020 2260 3243 2329; x_wconf 84' lang='grc' dir='ltr'>σύμπαν</span> <span class='ocrx_word' id='word_1_390' title='bbox 3264 2258 3326 2312; x_wconf 85' lang='grc' dir='ltr'>τὺ</span> <span class='ocrx_word' id='word_1_391' title='bbox 3370 2258 3521 2328; x_wconf 81' lang='grc' dir='ltr'>σῶμα</span> <span class='ocrx_word' id='word_1_392' title='bbox 3546 2257 3643 2323; x_wconf 83' lang='grc' dir='ltr'>τῆς</span> 
     </span>
    </p>
   </div>
   <div class='ocr_carea' id='block_1_53' title="bbox 2080 2338 3640 2423">
    <p class='ocr_par' dir='ltr' id='par_1_53' title="bbox 2080 2338 3640 2423">
     <span class='ocr_line' id='line_1_53' title="bbox 2080 2338 3640 2423; baseline -0.007 -16"><span class='ocrx_word' id='word_1_393' title='bbox 2080 2354 2356 2419; x_wconf 82' lang='grc' dir='ltr'>πολιτείας</span> <span class='ocrx_word' id='word_1_394' title='bbox 2386 2354 2569 2423; x_wconf 79' lang='grc' dir='ltr'><strong>ἀνέχει</strong></span> <span class='ocrx_word' id='word_1_395' title='bbox 2597 2370 2658 2406; x_wconf 82' lang='grc' dir='ltr'><strong>τε</strong></span> <span class='ocrx_word' id='word_1_396' title='bbox 2689 2352 2785 2406; x_wconf 67' lang='grc' dir='ltr'><strong>καὶ</strong></span> <span class='ocrx_word' id='word_1_397' title='bbox 2814 2338 3092 2422; x_wconf 81' lang='grc' dir='ltr'>ὑπερείδει</span> <span class='ocrx_word' id='word_1_398' title='bbox 3119 2364 3133 2378; x_wconf 80' lang='lat'>&#39;</span> <span class='ocrx_word' id='word_1_399' title='bbox 3170 2349 3268 2402; x_wconf 79' lang='grc' dir='ltr'><strong>καὶ</strong></span> <span class='ocrx_word' id='word_1_400' title='bbox 3332 2348 3432 2400; x_wconf 78' lang='grc' dir='ltr'>οὐκ</span> <span class='ocrx_word' id='word_1_401' title='bbox 3471 2347 3529 2415; x_wconf 71' lang='grc' dir='ltr'>ἑᾷ</span> <span class='ocrx_word' id='word_1_402' title='bbox 3563 2346 3640 2405; x_wconf 81' lang='grc' dir='ltr'><strong>είς</strong></span> 
     </span>
    </p>
   </div>
   <div class='ocr_carea' id='block_1_54' title="bbox 2080 2436 3644 2516">
    <p class='ocr_par' dir='ltr' id='par_1_54' title="bbox 2080 2436 3644 2516">
     <span class='ocr_line' id='line_1_54' title="bbox 2080 2436 3644 2516; baseline -0.007 -18"><span class='ocrx_word' id='word_1_403' title='bbox 2080 2445 2249 2516; x_wconf 79' lang='grc' dir='ltr'>αὐτὴν</span> <span class='ocrx_word' id='word_1_404' title='bbox 2299 2445 2635 2499; x_wconf 80' lang='grc' dir='ltr'>καταπεσεῖν</span> <span class='ocrx_word' id='word_1_405' title='bbox 2682 2459 2744 2497; x_wconf 80' lang='grc' dir='ltr'><strong>τε</strong></span> <span class='ocrx_word' id='word_1_406' title='bbox 2790 2444 2885 2498; x_wconf 78' lang='grc' dir='ltr'><strong>καὶ</strong></span> <span class='ocrx_word' id='word_1_407' title='bbox 2928 2440 3423 2513; x_wconf 78' lang='grc' dir='ltr'>περιθραυσθῆναι.</span> <span class='ocrx_word' id='word_1_408' title='bbox 3492 2436 3644 2490; x_wconf 79' lang='grc' dir='ltr'><strong>Ἀλλά</strong></span> 
     </span>
    </p>
   </div>
   <div class='ocr_carea' id='block_1_55' title="bbox 2080 2528 3640 2605">
    <p class='ocr_par' dir='ltr' id='par_1_55' title="bbox 2080 2528 3640 2605">
     <span class='ocr_line' id='line_1_55' title="bbox 2080 2528 3640 2605; baseline -0.008 -16"><span class='ocrx_word' id='word_1_409' title='bbox 2080 2536 2255 2590; x_wconf 83' lang='grc' dir='ltr'>ταῦτα</span> <span class='ocrx_word' id='word_1_410' title='bbox 2288 2536 2386 2605; x_wconf 79' lang='grc' dir='ltr'>μὲν</span> <span class='ocrx_word' id='word_1_411' title='bbox 2416 2538 2571 2598; x_wconf 75' lang='grc' dir='ltr'>ἴσως,</span> <span class='ocrx_word' id='word_1_412' title='bbox 2603 2536 2701 2588; x_wconf 75' lang='grc' dir='ltr'>καὶ</span> <span class='ocrx_word' id='word_1_413' title='bbox 2732 2534 2919 2604; x_wconf 75' lang='grc' dir='ltr'>φωνῆς</span> <span class='ocrx_word' id='word_1_414' title='bbox 2949 2533 3174 2588; x_wconf 79' lang='grc' dir='ltr'><strong>εἰδώλου</strong></span> <span class='ocrx_word' id='word_1_415' title='bbox 3217 2528 3640 2602; x_wconf 76' lang='grc' dir='ltr'>περιεργότερον.</span> 
     </span>
    </p>
   </div>
   <div class='ocr_carea' id='block_1_56' title="bbox 2085 2618 3644 2696">
    <p class='ocr_par' dir='ltr' id='par_1_56' title="bbox 2085 2618 3644 2696">
     <span class='ocr_line' id='line_1_56' title="bbox 2085 2618 3644 2696; baseline -0.008 -17"><span class='ocrx_word' id='word_1_416' title='bbox 2085 2628 2158 2679; x_wconf 77' lang='grc' dir='ltr'><strong>Σὺ</strong></span> <span class='ocrx_word' id='word_1_417' title='bbox 2186 2626 2244 2679; x_wconf 74' lang='grc' dir='ltr'>δὲ</span> <span class='ocrx_word' id='word_1_418' title='bbox 2259 2625 2436 2696; x_wconf 81' lang='grc' dir='ltr'>ψυχὴν</span> <span class='ocrx_word' id='word_1_419' title='bbox 2469 2627 2564 2678; x_wconf 77' lang='grc' dir='ltr'><strong>καὶ</strong></span> <span class='ocrx_word' id='word_1_420' title='bbox 2592 2624 2807 2695; x_wconf 84' lang='grc' dir='ltr'>σώματι</span> <span class='ocrx_word' id='word_1_421' title='bbox 2829 2624 3044 2696; x_wconf 68' lang='grc' dir='ltr'>ἔρρωσο</span> <span class='ocrx_word' id='word_1_422' title='bbox 3072 2641 3087 2655; x_wconf 79' lang='grc'><strong>⁸</strong></span> <span class='ocrx_word' id='word_1_423' title='bbox 3138 2622 3239 2677; x_wconf 82' lang='grc' dir='ltr'>καὶ</span> <span class='ocrx_word' id='word_1_424' title='bbox 3292 2620 3486 2693; x_wconf 75' lang='grc' dir='ltr'>μηκέτι</span> <span class='ocrx_word' id='word_1_425' title='bbox 3534 2618 3644 2676; x_wconf 78' lang='grc' dir='ltr'>τοῖς</span> 
     </span>
    </p>
   </div>
   <div class='ocr_carea' id='block_1_57' title="bbox 2086 2706 3645 2790">
    <p class='ocr_par' dir='ltr' id='par_1_57' title="bbox 2086 2706 3645 2790">
     <span class='ocr_line' id='line_1_57' title="bbox 2086 2706 3645 2790; baseline -0.01 -15"><span class='ocrx_word' id='word_1_426' title='bbox 2086 2720 2145 2772; x_wconf 72' lang='grc' dir='ltr'>ἐν</span> <span class='ocrx_word' id='word_1_427' title='bbox 2182 2719 2313 2790; x_wconf 76' lang='grc' dir='ltr'>ᾅδου</span> <span class='ocrx_word' id='word_1_428' title='bbox 2339 2719 2409 2773; x_wconf 90' lang='grc' dir='ltr'><strong>τά</strong></span> <span class='ocrx_word' id='word_1_429' title='bbox 2435 2717 2665 2772; x_wconf 77' lang='grc' dir='ltr'>τοιαῦτα</span> <span class='ocrx_word' id='word_1_430' title='bbox 2713 2717 2970 2786; x_wconf 82' lang='grc' dir='ltr'>πρότεινε</span> <span class='ocrx_word' id='word_1_431' title='bbox 2995 2733 3011 2747; x_wconf 75' lang='grc' dir='ltr'><strong>ο</strong></span> <span class='ocrx_word' id='word_1_432' title='bbox 3043 2716 3158 2770; x_wconf 81' lang='grc' dir='ltr'>ἀλλ’</span> <span class='ocrx_word' id='word_1_433' title='bbox 3193 2715 3444 2777; x_wconf 71' lang='grc' dir='ltr'>ἐκείνοις,</span> <span class='ocrx_word' id='word_1_434' title='bbox 3476 2706 3551 2774; x_wconf 73' lang='grc' dir='ltr'>οἷς</span> <span class='ocrx_word' id='word_1_435' title='bbox 3579 2708 3645 2761; x_wconf 72' lang='grc' dir='ltr'>τὰ</span> 
     </span>
    </p>
   </div>
   <div class='ocr_carea' id='block_1_58' title="bbox 2088 2803 3642 2886">
    <p class='ocr_par' dir='ltr' id='par_1_58' title="bbox 2088 2803 3642 2886">
     <span class='ocr_line' id='line_1_58' title="bbox 2088 2803 3642 2886; baseline -0.006 -19"><span class='ocrx_word' id='word_1_436' title='bbox 2088 2818 2228 2869; x_wconf 83' lang='grc' dir='ltr'><strong>κατά</strong></span> <span class='ocrx_word' id='word_1_437' title='bbox 2259 2816 2353 2868; x_wconf 83' lang='grc' dir='ltr'><strong>τὸν</strong></span> <span class='ocrx_word' id='word_1_438' title='bbox 2376 2815 2490 2886; x_wconf 77' lang='grc' dir='ltr'>βίον</span> <span class='ocrx_word' id='word_1_439' title='bbox 2517 2816 2718 2885; x_wconf 78' lang='grc' dir='ltr'>εὑροεϊ,</span> <span class='ocrx_word' id='word_1_440' title='bbox 2754 2815 2850 2867; x_wconf 76' lang='grc' dir='ltr'><strong>καὶ</strong></span> <span class='ocrx_word' id='word_1_441' title='bbox 2886 2814 2917 2866; x_wconf 84' lang='grc' dir='ltr'><strong>ὁ</strong></span> <span class='ocrx_word' id='word_1_442' title='bbox 2946 2811 3093 2877; x_wconf 80' lang='grc' dir='ltr'>νοῦς,</span> <span class='ocrx_word' id='word_1_443' title='bbox 3150 2810 3248 2864; x_wconf 74' lang='grc' dir='ltr'>καὶ</span> <span class='ocrx_word' id='word_1_444' title='bbox 3282 2809 3333 2862; x_wconf 80' lang='grc' dir='ltr'>οἱ</span> <span class='ocrx_word' id='word_1_445' title='bbox 3361 2807 3523 2876; x_wconf 81' lang='grc' dir='ltr'>λόγοι,</span> <span class='ocrx_word' id='word_1_446' title='bbox 3552 2803 3642 2857; x_wconf 77' lang='grc' dir='ltr'>καὶ</span> 
     </span>
    </p>
   </div>
   <div class='ocr_carea' id='block_1_59' title="bbox 2088 2905 2853 2978">
    <p class='ocr_par' dir='ltr' id='par_1_59' title="bbox 2088 2905 2853 2978">
     <span class='ocr_line' id='line_1_59' title="bbox 2088 2905 2853 2978; baseline -0.005 -18"><span class='ocrx_word' id='word_1_447' title='bbox 2088 2908 2146 2960; x_wconf 85' lang='grc' dir='ltr'>αἱ</span> <span class='ocrx_word' id='word_1_448' title='bbox 2184 2909 2363 2978; x_wconf 87' lang='grc' dir='ltr'>χεῖρες</span> <span class='ocrx_word' id='word_1_449' title='bbox 2390 2907 2452 2959; x_wconf 81' lang='grc' dir='ltr'>οὐ</span> <span class='ocrx_word' id='word_1_450' title='bbox 2484 2905 2853 2977; x_wconf 87' lang='grc' dir='ltr'>παρείθησαν.</span> 
     </span>
    </p>
   </div>
   <div class='ocr_carea' id='block_1_60' title="bbox 2631 3009 3171 3081">
    <p class='ocr_par' dir='ltr' id='par_1_60' title="bbox 2631 3009 3171 3081">
     <span class='ocr_line' id='line_1_60' title="bbox 2631 3009 3171 3081; baseline -0.009 -10"><span class='ocrx_word' id='word_1_451' title='bbox 2631 3014 2965 3071; x_wconf 74' lang='grc' dir='ltr'><strong>ΕΡΩΤΗΣΙΣ</strong></span> <span class='ocrx_word' id='word_1_452' title='bbox 3004 3009 3171 3081; x_wconf 76' lang='lat' dir='ltr'><strong>Ptq&#39;.</strong></span> 
     </span>
    </p>
   </div>
   <div class='ocr_carea' id='block_1_61' title="bbox 2482 3107 3273 3178">
    <p class='ocr_par' dir='ltr' id='par_1_61' title="bbox 2482 3107 3273 3178">
     <span class='ocr_line' id='line_1_61' title="bbox 2482 3107 3273 3178; baseline -0.008 -13"><span class='ocrx_word' id='word_1_453' title='bbox 2482 3110 2621 3178; x_wconf 76' lang='grc' dir='ltr'>Περι</span> <span class='ocrx_word' id='word_1_454' title='bbox 2674 3107 2959 3177; x_wconf 80' lang='grc' dir='ltr'>πατρίδος</span> <span class='ocrx_word' id='word_1_455' title='bbox 3008 3107 3273 3161; x_wconf 75' lang='grc' dir='ltr'>Παύλου.</span> 
     </span>
    </p>
   </div>
   <div class='ocr_carea' id='block_1_62' title="bbox 1269 3220 2841 3289">
    <p class='ocr_par' dir='ltr' id='par_1_62' title="bbox 1269 3220 2841 3289">
     <span class='ocr_line' id='line_1_62' title="bbox 1269 3220 2841 3289; baseline 0.001 -19"><span class='ocrx_word' id='word_1_456' title='bbox 1269 3220 1411 3271; x_wconf 86' lang='lat' dir='ltr'><strong>Edita</strong></span> <span class='ocrx_word' id='word_1_457' title='bbox 1434 3237 1461 3272; x_wconf 87' lang='lat' dir='ltr'><strong>a</strong></span> <span class='ocrx_word' id='word_1_458' title='bbox 1483 3223 1782 3275; x_wconf 77' lang='lat' dir='ltr'><strong>Montacutio</strong></span> <span class='ocrx_word' id='word_1_459' title='bbox 1805 3227 1931 3289; x_wconf 86' lang='lat' dir='ltr'><strong>(ep..</strong></span> <span class='ocrx_word' id='word_1_460' title='bbox 1952 3225 2063 3287; x_wconf 59' lang='lat'><strong>256,</strong></span> <span class='ocrx_word' id='word_1_461' title='bbox 2080 3225 2149 3277; x_wconf 86' lang='lat' dir='ltr'><strong>ad</strong></span> <span class='ocrx_word' id='word_1_462' title='bbox 2173 3224 2509 3287; x_wconf 62' lang='lat' dir='ltr'><strong>Euschem.,p«</strong></span> <span class='ocrx_word' id='word_1_463' title='bbox 2532 3223 2645 3285; x_wconf 79' lang='lat'><strong>577,</strong></span> <span class='ocrx_word' id='word_1_464' title='bbox 2664 3223 2795 3285; x_wconf 82' lang='lat'><strong>378).</strong></span> <span class='ocrx_word' id='word_1_465' title='bbox 2837 3284 2841 3289; x_wconf 12' lang='grc' dir='ltr'><strong>ἡ</strong></span> 
     </span>
    </p>
   </div>
   <div class='ocr_carea' id='block_1_63' title="bbox 478 3320 1984 3400">
    <p class='ocr_par' dir='ltr' id='par_1_63' title="bbox 478 3320 1984 3400">
     <span class='ocr_line' id='line_1_63' title="bbox 478 3320 1984 3400; baseline 0.01 -26"><span class='ocrx_word' id='word_1_466' title='bbox 478 3320 685 3377; x_wconf 80' lang='lat' dir='ltr'><strong>Paulus</strong></span> <span class='ocrx_word' id='word_1_467' title='bbox 717 3323 808 3378; x_wconf 90' lang='lat' dir='ltr'><strong>ille</strong></span> <span class='ocrx_word' id='word_1_468' title='bbox 841 3322 1058 3381; x_wconf 87' lang='lat' dir='ltr'><strong>divinus</strong></span> <span class='ocrx_word' id='word_1_469' title='bbox 1095 3330 1401 3396; x_wconf 82' lang='lat' dir='ltr'><strong>apostolus,</strong></span> <span class='ocrx_word' id='word_1_470' title='bbox 1436 3332 1528 3400; x_wconf 89' lang='lat' dir='ltr'><strong>qui</strong></span> <span class='ocrx_word' id='word_1_471' title='bbox 1559 3347 1623 3385; x_wconf 84' lang='lat' dir='ltr'><strong>ex</strong></span> <span class='ocrx_word' id='word_1_472' title='bbox 1650 3328 1984 3389; x_wconf 82' lang='lat' dir='ltr'><strong>inﬂammato</strong></span> 
     </span>
    </p>
   </div>
   <div class='ocr_carea' id='block_1_64' title="bbox 409 3413 1979 3494">
    <p class='ocr_par' dir='ltr' id='par_1_64' title="bbox 409 3413 1979 3494">
     <span class='ocr_line' id='line_1_64' title="bbox 409 3413 1979 3494; baseline 0.006 -24"><span class='ocrx_word' id='word_1_473' title='bbox 409 3413 702 3480; x_wconf 82' lang='lat' dir='ltr'><strong>desiderio,</strong></span> <span class='ocrx_word' id='word_1_474' title='bbox 732 3424 786 3469; x_wconf 92' lang='lat' dir='ltr'><strong>et</strong></span> <span class='ocrx_word' id='word_1_475' title='bbox 813 3430 1000 3470; x_wconf 88' lang='lat' dir='ltr'><strong>amore</strong></span> <span class='ocrx_word' id='word_1_476' title='bbox 1028 3416 1261 3482; x_wconf 78' lang='lat' dir='ltr'><strong>Christi,</strong></span> <span class='ocrx_word' id='word_1_477' title='bbox 1290 3428 1344 3473; x_wconf 86' lang='lat' dir='ltr'><strong>et</strong></span> <span class='ocrx_word' id='word_1_478' title='bbox 1384 3420 1810 3490; x_wconf 82' lang='lat' dir='ltr'><strong>inexsuperabili</strong></span> <span class='ocrx_word' id='word_1_479' title='bbox 1841 3440 1979 3494; x_wconf 69' lang='lat' dir='ltr'><strong>pra:-</strong></span> 
     </span>
    </p>
   </div>
   <div class='ocr_carea' id='block_1_65' title="bbox 406 3502 1986 3569">
    <p class='ocr_par' dir='ltr' id='par_1_65' title="bbox 406 3502 1986 3569">
     <span class='ocr_line' id='line_1_65' title="bbox 406 3502 1986 3569; baseline 0.008 -14"><span class='ocrx_word' id='word_1_480' title='bbox 406 3502 697 3558; x_wconf 86' lang='lat' dir='ltr'><strong>dicationis</strong></span> <span class='ocrx_word' id='word_1_481' title='bbox 741 3520 907 3559; x_wconf 89' lang='lat' dir='ltr'><strong>cursu</strong></span> <span class='ocrx_word' id='word_1_482' title='bbox 958 3508 1234 3563; x_wconf 63' lang='lat' dir='ltr'><strong>caelestem</strong></span> <span class='ocrx_word' id='word_1_483' title='bbox 1293 3508 1440 3562; x_wconf 89' lang='lat' dir='ltr'><strong>illam</strong></span> <span class='ocrx_word' id='word_1_484' title='bbox 1482 3508 1786 3566; x_wconf 83' lang='lat' dir='ltr'><strong>Jerusalem</strong></span> <span class='ocrx_word' id='word_1_485' title='bbox 1820 3529 1986 3569; x_wconf 87' lang='lat' dir='ltr'><strong>occu-</strong></span> 
     </span>
    </p>
   </div>
   <div class='ocr_carea' id='block_1_66' title="bbox 406 3594 1982 3669">
    <p class='ocr_par' dir='ltr' id='par_1_66' title="bbox 406 3594 1982 3669">
     <span class='ocr_line' id='line_1_66' title="bbox 406 3594 1982 3669; baseline 0.008 -24"><span class='ocrx_word' id='word_1_486' title='bbox 406 3602 584 3662; x_wconf 87' lang='lat' dir='ltr'><strong>patam</strong></span> <span class='ocrx_word' id='word_1_487' title='bbox 633 3610 787 3649; x_wconf 87' lang='lat' dir='ltr'><strong>suam</strong></span> <span class='ocrx_word' id='word_1_488' title='bbox 816 3594 963 3662; x_wconf 74' lang='lat' dir='ltr'><strong>fecit,</strong></span> <span class='ocrx_word' id='word_1_489' title='bbox 1007 3597 1235 3666; x_wconf 85' lang='lat' dir='ltr'><strong>patriam</strong></span> <span class='ocrx_word' id='word_1_490' title='bbox 1269 3598 1460 3667; x_wconf 87' lang='lat' dir='ltr'><strong>habuit</strong></span> <span class='ocrx_word' id='word_1_491' title='bbox 1492 3600 1603 3669; x_wconf 89' lang='lat' dir='ltr'><strong>jam</strong></span> <span class='ocrx_word' id='word_1_492' title='bbox 1637 3602 1767 3656; x_wconf 92' lang='lat' dir='ltr'><strong>olim</strong></span> <span class='ocrx_word' id='word_1_493' title='bbox 1801 3618 1831 3657; x_wconf 90' lang='lat' dir='ltr'><strong>a</strong></span> <span class='ocrx_word' id='word_1_494' title='bbox 1864 3620 1982 3659; x_wconf 88' lang='lat' dir='ltr'><strong>ma-</strong></span> 
     </span>
    </p>
   </div>
   <div class='ocr_carea' id='block_1_67' title="bbox 401 3685 1980 3764">
    <p class='ocr_par' dir='ltr' id='par_1_67' title="bbox 401 3685 1980 3764">
     <span class='ocr_line' id='line_1_67' title="bbox 401 3685 1980 3764; baseline 0.009 -29"><span class='ocrx_word' id='word_1_495' title='bbox 401 3685 617 3754; x_wconf 84' lang='lat' dir='ltr'><strong>joribus</strong></span> <span class='ocrx_word' id='word_1_496' title='bbox 679 3686 795 3741; x_wconf 91' lang='lat' dir='ltr'><strong>suis</strong></span> <span class='ocrx_word' id='word_1_497' title='bbox 848 3692 1151 3743; x_wconf 87' lang='lat' dir='ltr'><strong>secundum</strong></span> <span class='ocrx_word' id='word_1_498' title='bbox 1215 3692 1462 3760; x_wconf 86' lang='lat' dir='ltr'><strong>corporis</strong></span> <span class='ocrx_word' id='word_1_499' title='bbox 1533 3696 1980 3764; x_wconf 83' lang='lat' dir='ltr'><strong>propagationem</strong></span> 
     </span>
    </p>
   </div>
   <div class='ocr_carea' id='block_1_68' title="bbox 405 3778 1987 3847">
    <p class='ocr_par' dir='ltr' id='par_1_68' title="bbox 405 3778 1987 3847">
     <span class='ocr_line' id='line_1_68' title="bbox 405 3778 1987 3847; baseline 0.008 -18"><span class='ocrx_word' id='word_1_500' title='bbox 405 3778 616 3832; x_wconf 85' lang='lat' dir='ltr'><strong>Giscala</strong></span> <span class='ocrx_word' id='word_1_501' title='bbox 653 3779 887 3847; x_wconf 89' lang='lat' dir='ltr'><strong>(viculus</strong></span> <span class='ocrx_word' id='word_1_502' title='bbox 916 3790 1001 3836; x_wconf 86' lang='lat' dir='ltr'><strong>est</strong></span> <span class='ocrx_word' id='word_1_503' title='bbox 1032 3782 1120 3837; x_wconf 88' lang='lat' dir='ltr'><strong>ille</strong></span> <span class='ocrx_word' id='word_1_504' title='bbox 1153 3798 1300 3837; x_wconf 92' lang='lat' dir='ltr'><strong>nunc</strong></span> <span class='ocrx_word' id='word_1_505' title='bbox 1328 3782 1382 3837; x_wconf 92' lang='lat' dir='ltr'><strong>in</strong></span> <span class='ocrx_word' id='word_1_506' title='bbox 1412 3783 1603 3839; x_wconf 81' lang='lat' dir='ltr'><strong>Judaea</strong></span> <span class='ocrx_word' id='word_1_507' title='bbox 1653 3786 1783 3841; x_wconf 79' lang='lat' dir='ltr'><strong>olim</strong></span> <span class='ocrx_word' id='word_1_508' title='bbox 1825 3787 1987 3841; x_wconf 89' lang='lat' dir='ltr'><strong>urbe-</strong></span> 
     </span>
    </p>
   </div>
   <div class='ocr_carea' id='block_1_69' title="bbox 406 3866 1985 3949">
    <p class='ocr_par' dir='ltr' id='par_1_69' title="bbox 406 3866 1985 3949">
     <span class='ocr_line' id='line_1_69' title="bbox 406 3866 1985 3949; baseline 0.008 -26"><span class='ocrx_word' id='word_1_509' title='bbox 406 3870 527 3924; x_wconf 86' lang='lat' dir='ltr'><strong>cula</strong></span> <span class='ocrx_word' id='word_1_510' title='bbox 556 3872 945 3940; x_wconf 85' lang='lat' dir='ltr'><strong>censebatur):</strong></span> <span class='ocrx_word' id='word_1_511' title='bbox 981 3866 1124 3929; x_wconf 87' lang='lat' dir='ltr'><strong>bello</strong></span> <span class='ocrx_word' id='word_1_512' title='bbox 1161 3884 1339 3930; x_wconf 89' lang='lat' dir='ltr'><strong>autem</strong></span> <span class='ocrx_word' id='word_1_513' title='bbox 1383 3877 1628 3933; x_wconf 81' lang='lat' dir='ltr'><strong>Romano</strong></span> <span class='ocrx_word' id='word_1_514' title='bbox 1660 3880 1985 3949; x_wconf 89' lang='lat' dir='ltr'><strong>parentibus</strong></span> 
     </span>
    </p>
   </div>
   <div class='ocr_carea' id='block_1_70' title="bbox 408 3961 1984 4038">
    <p class='ocr_par' dir='ltr' id='par_1_70' title="bbox 408 3961 1984 4038">
     <span class='ocr_line' id='line_1_70' title="bbox 408 3961 1984 4038; baseline 0.009 -24"><span class='ocrx_word' id='word_1_515' title='bbox 408 3961 581 4030; x_wconf 86' lang='lat' dir='ltr'><strong>ipsius</strong></span> <span class='ocrx_word' id='word_1_516' title='bbox 612 3979 735 4018; x_wconf 92' lang='lat' dir='ltr'><strong>cum</strong></span> <span class='ocrx_word' id='word_1_517' title='bbox 774 3963 1048 4033; x_wconf 86' lang='lat' dir='ltr'><strong>plerisque</strong></span> <span class='ocrx_word' id='word_1_518' title='bbox 1076 3966 1199 4021; x_wconf 89' lang='lat' dir='ltr'><strong>aliis</strong></span> <span class='ocrx_word' id='word_1_519' title='bbox 1228 3968 1280 4021; x_wconf 91' lang='lat' dir='ltr'><strong>in</strong></span> <span class='ocrx_word' id='word_1_520' title='bbox 1325 3970 1690 4038; x_wconf 88' lang='lat' dir='ltr'><strong>captivitatem</strong></span> <span class='ocrx_word' id='word_1_521' title='bbox 1727 3972 1984 4029; x_wconf 89' lang='lat' dir='ltr'><strong>abductis</strong></span> 
     </span>
    </p>
   </div>
   <div class='ocr_carea' id='block_1_71' title="bbox 408 4049 1983 4127">
    <p class='ocr_par' dir='ltr' id='par_1_71' title="bbox 408 4049 1983 4127">
     <span class='ocr_line' id='line_1_71' title="bbox 408 4049 1983 4127; baseline 0.009 -24"><span class='ocrx_word' id='word_1_522' title='bbox 408 4049 639 4111; x_wconf 80' lang='lat' dir='ltr'><strong>Tarsum</strong></span> <span class='ocrx_word' id='word_1_523' title='bbox 671 4053 997 4120; x_wconf 74' lang='lat' dir='ltr'><strong>migrarunt,</strong></span> <span class='ocrx_word' id='word_1_524' title='bbox 1032 4055 1120 4112; x_wconf 89' lang='lat' dir='ltr'><strong>hic</strong></span> <span class='ocrx_word' id='word_1_525' title='bbox 1144 4057 1233 4112; x_wconf 89' lang='lat' dir='ltr'><strong>ille</strong></span> <span class='ocrx_word' id='word_1_526' title='bbox 1257 4056 1437 4114; x_wconf 88' lang='lat' dir='ltr'><strong>editus</strong></span> <span class='ocrx_word' id='word_1_527' title='bbox 1470 4059 1524 4113; x_wconf 92' lang='lat' dir='ltr'><strong>in</strong></span> <span class='ocrx_word' id='word_1_528' title='bbox 1556 4060 1732 4116; x_wconf 90' lang='lat' dir='ltr'><strong>lucem</strong></span> <span class='ocrx_word' id='word_1_529' title='bbox 1760 4062 1983 4127; x_wconf 88' lang='lat' dir='ltr'><strong>dicitur,</strong></span> 
     </span>
    </p>
   </div>
   <div class='ocr_carea' id='block_1_72' title="bbox 406 4143 1986 4220">
    <p class='ocr_par' dir='ltr' id='par_1_72' title="bbox 406 4143 1986 4220">
     <span class='ocr_line' id='line_1_72' title="bbox 406 4143 1986 4220; baseline 0.006 -21"><span class='ocrx_word' id='word_1_530' title='bbox 406 4151 460 4199; x_wconf 83' lang='lat' dir='ltr'><strong>et</strong></span> <span class='ocrx_word' id='word_1_531' title='bbox 490 4143 681 4212; x_wconf 69' lang='lat' dir='ltr'><strong>patria:</strong></span> <span class='ocrx_word' id='word_1_532' title='bbox 709 4145 1085 4201; x_wconf 85' lang='lat' dir='ltr'><strong>ascribebatur</strong></span> <span class='ocrx_word' id='word_1_533' title='bbox 1131 4166 1145 4201; x_wconf 89' lang='lat'><strong>:</strong></span> <span class='ocrx_word' id='word_1_534' title='bbox 1201 4167 1219 4198; x_wconf 79' lang='grc' dir='ltr'><strong>ι</strong></span> <span class='ocrx_word' id='word_1_535' title='bbox 1251 4147 1365 4220; x_wconf 79' lang='lat' dir='ltr'><strong>Ego</strong></span> <span class='ocrx_word' id='word_1_536' title='bbox 1394 4165 1539 4217; x_wconf 90' lang='lat' dir='ltr'><strong>sum,</strong></span> <span class='ocrx_word' id='word_1_537' title='bbox 1572 4151 1708 4208; x_wconf 80' lang='lat' dir='ltr'><strong>dixit</strong></span> <span class='ocrx_word' id='word_1_538' title='bbox 1734 4153 1870 4219; x_wconf 90' lang='lat' dir='ltr'><strong>ipse,</strong></span> <span class='ocrx_word' id='word_1_539' title='bbox 1903 4156 1986 4209; x_wconf 91' lang='lat' dir='ltr'><strong>vir</strong></span> 
     </span>
    </p>
   </div>
   <div class='ocr_carea' id='block_1_73' title="bbox 407 4235 1987 4316">
    <p class='ocr_par' dir='ltr' id='par_1_73' title="bbox 407 4235 1987 4316">
     <span class='ocr_line' id='line_1_73' title="bbox 407 4235 1987 4316; baseline 0.007 -24"><span class='ocrx_word' id='word_1_540' title='bbox 407 4235 651 4301; x_wconf 71' lang='lat' dir='ltr'><strong>Judzeus,</strong></span> <span class='ocrx_word' id='word_1_541' title='bbox 713 4249 870 4293; x_wconf 88' lang='lat' dir='ltr'><strong>natus</strong></span> <span class='ocrx_word' id='word_1_542' title='bbox 903 4236 1057 4294; x_wconf 89' lang='lat' dir='ltr'><strong>Tarsi</strong></span> <span class='ocrx_word' id='word_1_543' title='bbox 1088 4240 1141 4294; x_wconf 90' lang='lat' dir='ltr'><strong>in</strong></span> <span class='ocrx_word' id='word_1_544' title='bbox 1166 4241 1354 4297; x_wconf 87' lang='lat' dir='ltr'><strong>Cilicia</strong></span> <span class='ocrx_word' id='word_1_545' title='bbox 1384 4260 1397 4297; x_wconf 88' lang='lat'><strong>:</strong></span> <span class='ocrx_word' id='word_1_546' title='bbox 1436 4262 1456 4294; x_wconf 79' lang='grc' dir='ltr'><strong>ι</strong></span> <span class='ocrx_word' id='word_1_547' title='bbox 1493 4244 1827 4316; x_wconf 83' lang='lat' dir='ltr'><strong>benignitate</strong></span> <span class='ocrx_word' id='word_1_548' title='bbox 1858 4262 1987 4303; x_wconf 87' lang='lat' dir='ltr'><strong>vero</strong></span> 
     </span>
    </p>
   </div>
   <div class='ocr_carea' id='block_1_74' title="bbox 412 4327 1983 4406">
    <p class='ocr_par' dir='ltr' id='par_1_74' title="bbox 412 4327 1983 4406">
     <span class='ocr_line' id='line_1_74' title="bbox 412 4327 1983 4406; baseline 0.011 -26"><span class='ocrx_word' id='word_1_549' title='bbox 412 4327 785 4389; x_wconf 79' lang='lat' dir='ltr'><strong>Romanorum</strong></span> <span class='ocrx_word' id='word_1_550' title='bbox 852 4347 975 4386; x_wconf 91' lang='lat' dir='ltr'><strong>cum</strong></span> <span class='ocrx_word' id='word_1_551' title='bbox 1030 4334 1257 4388; x_wconf 87' lang='lat' dir='ltr'><strong>victoria</strong></span> <span class='ocrx_word' id='word_1_552' title='bbox 1327 4338 1734 4406; x_wconf 89' lang='lat' dir='ltr'><strong>contendente,</strong></span> <span class='ocrx_word' id='word_1_553' title='bbox 1813 4351 1865 4396; x_wconf 93' lang='lat' dir='ltr'><strong>et</strong></span> <span class='ocrx_word' id='word_1_554' title='bbox 1914 4342 1983 4396; x_wconf 86' lang='lat' dir='ltr'><strong>ad</strong></span> 
     </span>
    </p>
   </div>
   <div class='ocr_carea' id='block_1_75' title="bbox 408 4420 1982 4491">
    <p class='ocr_par' dir='ltr' id='par_1_75' title="bbox 408 4420 1982 4491">
     <span class='ocr_line' id='line_1_75' title="bbox 408 4420 1982 4491; baseline 0.009 -15"><span class='ocrx_word' id='word_1_555' title='bbox 408 4420 744 4491; x_wconf 76' lang='lat' dir='ltr'><strong>alienigenas</strong></span> <span class='ocrx_word' id='word_1_556' title='bbox 786 4437 845 4478; x_wconf 85' lang='lat' dir='ltr'><strong>se</strong></span> <span class='ocrx_word' id='word_1_557' title='bbox 874 4427 1222 4491; x_wconf 81' lang='lat' dir='ltr'><strong>extendente,</strong></span> <span class='ocrx_word' id='word_1_558' title='bbox 1274 4442 1536 4485; x_wconf 82' lang='lat' dir='ltr'><strong>concessa</strong></span> <span class='ocrx_word' id='word_1_559' title='bbox 1594 4432 1696 4487; x_wconf 82' lang='lat' dir='ltr'><strong>fuit</strong></span> <span class='ocrx_word' id='word_1_560' title='bbox 1747 4432 1982 4490; x_wconf 81' lang='lat' dir='ltr'><strong>facultas</strong></span> 
     </span>
    </p>
   </div>
   <div class='ocr_carea' id='block_1_76' title="bbox 406 4516 1983 4595">
    <p class='ocr_par' dir='ltr' id='par_1_76' title="bbox 406 4516 1983 4595">
     <span class='ocr_line' id='line_1_76' title="bbox 406 4516 1983 4595; baseline 0.01 -27"><span class='ocrx_word' id='word_1_561' title='bbox 406 4516 604 4584; x_wconf 80' lang='lat' dir='ltr'><strong>partim</strong></span> <span class='ocrx_word' id='word_1_562' title='bbox 661 4517 857 4588; x_wconf 74' lang='lat' dir='ltr'><strong>gratis.</strong></span> <span class='ocrx_word' id='word_1_563' title='bbox 928 4520 1105 4588; x_wconf 89' lang='lat' dir='ltr'><strong>pretio</strong></span> <span class='ocrx_word' id='word_1_564' title='bbox 1173 4522 1372 4590; x_wconf 90' lang='lat' dir='ltr'><strong>partim</strong></span> <span class='ocrx_word' id='word_1_565' title='bbox 1427 4525 1871 4595; x_wconf 86' lang='lat' dir='ltr'><strong>transcriptionis</strong></span> <span class='ocrx_word' id='word_1_566' title='bbox 1927 4528 1983 4582; x_wconf 90' lang='lat' dir='ltr'><strong>in</strong></span> 
     </span>
    </p>
   </div>
   <div class='ocr_carea' id='block_1_77' title="bbox 2156 3325 3641 3400">
    <p class='ocr_par' dir='ltr' id='par_1_77' title="bbox 2156 3325 3641 3400">
     <span class='ocr_line' id='line_1_77' title="bbox 2156 3325 3641 3400; baseline -0.002 -12"><span class='ocrx_word' id='word_1_567' title='bbox 2156 3335 2364 3398; x_wconf 81' lang='grc' dir='ltr'>Παῦλος</span> <span class='ocrx_word' id='word_1_568' title='bbox 2388 3337 2417 3388; x_wconf 84' lang='grc' dir='ltr'>ὁ</span> <span class='ocrx_word' id='word_1_569' title='bbox 2447 3335 2588 3396; x_wconf 88' lang='grc' dir='ltr'>θεῖος</span> <span class='ocrx_word' id='word_1_570' title='bbox 2607 3333 2930 3395; x_wconf 82' lang='grc' dir='ltr'>ἀπόστολος,</span> <span class='ocrx_word' id='word_1_571' title='bbox 2960 3332 2988 3383; x_wconf 82' lang='grc' dir='ltr'><strong>ὁ</strong></span> <span class='ocrx_word' id='word_1_572' title='bbox 3016 3329 3095 3400; x_wconf 79' lang='grc' dir='ltr'>τῷ</span> <span class='ocrx_word' id='word_1_573' title='bbox 3116 3328 3367 3399; x_wconf 79' lang='grc' dir='ltr'>διαπύρῳ</span> <span class='ocrx_word' id='word_1_574' title='bbox 3396 3327 3536 3397; x_wconf 74' lang='grc' dir='ltr'>πόθῳ</span> <span class='ocrx_word' id='word_1_575' title='bbox 3553 3325 3641 3394; x_wconf 75' lang='grc' dir='ltr'><strong>τῆς</strong></span> 
     </span>
    </p>
   </div>
   <div class='ocr_carea' id='block_1_78' title="bbox 2087 3419 3642 3497">
    <p class='ocr_par' dir='ltr' id='par_1_78' title="bbox 2087 3419 3642 3497">
     <span class='ocr_line' id='line_1_78' title="bbox 2087 3419 3642 3497; baseline -0.006 -17"><span class='ocrx_word' id='word_1_576' title='bbox 2087 3428 2168 3490; x_wconf 81' lang='grc' dir='ltr'><strong>είς</strong></span> <span class='ocrx_word' id='word_1_577' title='bbox 2195 3427 2433 3497; x_wconf 84' lang='grc' dir='ltr'>Χριστὸν</span> <span class='ocrx_word' id='word_1_578' title='bbox 2476 3426 2814 3495; x_wconf 78' lang='grc' dir='ltr'>ἀγαπήσεως</span> <span class='ocrx_word' id='word_1_579' title='bbox 2854 3424 2951 3478; x_wconf 73' lang='grc' dir='ltr'><strong>καὶ</strong></span> <span class='ocrx_word' id='word_1_580' title='bbox 2979 3422 3058 3493; x_wconf 80' lang='grc' dir='ltr'>τῷ</span> <span class='ocrx_word' id='word_1_581' title='bbox 3096 3421 3489 3491; x_wconf 73' lang='grc' dir='ltr'>ἀνυπερϐλήτῳ</span> <span class='ocrx_word' id='word_1_582' title='bbox 3533 3419 3642 3489; x_wconf 70' lang='grc' dir='ltr'>δρό-</span> 
     </span>
    </p>
   </div>
   <div class='ocr_carea' id='block_1_79' title="bbox 2087 3511 3637 3591">
    <p class='ocr_par' dir='ltr' id='par_1_79' title="bbox 2087 3511 3637 3591">
     <span class='ocr_line' id='line_1_79' title="bbox 2087 3511 3637 3591; baseline -0.006 -18"><span class='ocrx_word' id='word_1_583' title='bbox 2087 3538 2175 3590; x_wconf 85' lang='grc' dir='ltr'>μῳ</span> <span class='ocrx_word' id='word_1_584' title='bbox 2203 3520 2298 3572; x_wconf 79' lang='grc' dir='ltr'><strong>τοῦ</strong></span> <span class='ocrx_word' id='word_1_585' title='bbox 2331 3519 2709 3591; x_wconf 85' lang='grc' dir='ltr'>κηρύγματος,</span> <span class='ocrx_word' id='word_1_586' title='bbox 2748 3518 2846 3587; x_wconf 85' lang='grc' dir='ltr'>τὴν</span> <span class='ocrx_word' id='word_1_587' title='bbox 2901 3517 3016 3570; x_wconf 83' lang='grc' dir='ltr'><strong>ἀνω</strong></span> <span class='ocrx_word' id='word_1_588' title='bbox 3077 3514 3439 3585; x_wconf 84' lang='grc' dir='ltr'>Ἰερουσαλὴμ</span> <span class='ocrx_word' id='word_1_589' title='bbox 3480 3511 3637 3581; x_wconf 76' lang='grc' dir='ltr'>ἑαυτῴ</span> 
     </span>
    </p>
   </div>
   <div class='ocr_carea' id='block_1_80' title="bbox 2087 3606 3635 3681">
    <p class='ocr_par' dir='ltr' id='par_1_80' title="bbox 2087 3606 3635 3681">
     <span class='ocr_line' id='line_1_80' title="bbox 2087 3606 3635 3681; baseline -0.004 -18"><span class='ocrx_word' id='word_1_590' title='bbox 2087 3610 2532 3681; x_wconf 77' lang='grc' dir='ltr'>καταλαϐόμενος</span> <span class='ocrx_word' id='word_1_591' title='bbox 2565 3610 2824 3681; x_wconf 85' lang='grc' dir='ltr'>πατρίδα,</span> <span class='ocrx_word' id='word_1_592' title='bbox 2843 3610 2943 3680; x_wconf 82' lang='grc' dir='ltr'>τὴν</span> <span class='ocrx_word' id='word_1_593' title='bbox 2968 3611 3034 3662; x_wconf 79' lang='grc' dir='ltr'><strong>ἐκ</strong></span> <span class='ocrx_word' id='word_1_594' title='bbox 3071 3606 3321 3660; x_wconf 82' lang='grc' dir='ltr'>παλαιῶν</span> <span class='ocrx_word' id='word_1_595' title='bbox 3353 3606 3635 3678; x_wconf 82' lang='grc' dir='ltr'>προγόνων.</span> 
     </span>
    </p>
   </div>
   <div class='ocr_carea' id='block_1_81' title="bbox 2085 3697 3641 3772">
    <p class='ocr_par' dir='ltr' id='par_1_81' title="bbox 2085 3697 3641 3772">
     <span class='ocr_line' id='line_1_81' title="bbox 2085 3697 3641 3772; baseline -0.003 -19"><span class='ocrx_word' id='word_1_596' title='bbox 2085 3700 2302 3771; x_wconf 75' lang='grc' dir='ltr'>καὶτῆς</span> <span class='ocrx_word' id='word_1_597' title='bbox 2333 3701 2655 3772; x_wconf 84' lang='grc' dir='ltr'>σωματικῆς</span> <span class='ocrx_word' id='word_1_598' title='bbox 2684 3702 2954 3770; x_wconf 81' lang='grc' dir='ltr'>γενέσεως</span> <span class='ocrx_word' id='word_1_599' title='bbox 2985 3700 3056 3753; x_wconf 83' lang='grc' dir='ltr'>τὰ</span> <span class='ocrx_word' id='word_1_600' title='bbox 3094 3699 3337 3770; x_wconf 82' lang='grc' dir='ltr'>Γίσχαλα</span> <span class='ocrx_word' id='word_1_601' title='bbox 3387 3699 3562 3769; x_wconf 78' lang='grc' dir='ltr'>(κώμη</span> <span class='ocrx_word' id='word_1_602' title='bbox 3594 3697 3641 3749; x_wconf 79' lang='grc' dir='ltr'>δὲ</span> 
     </span>
    </p>
   </div>
   <div class='ocr_carea' id='block_1_82' title="bbox 2084 3797 3641 3870">
    <p class='ocr_par' dir='ltr' id='par_1_82' title="bbox 2084 3797 3641 3870">
     <span class='ocr_line' id='line_1_82' title="bbox 2084 3797 3641 3870; baseline -0.003 -19"><span class='ocrx_word' id='word_1_603' title='bbox 2084 3797 2181 3851; x_wconf 83' lang='grc' dir='ltr'>νῦν</span> <span class='ocrx_word' id='word_1_604' title='bbox 2205 3798 2267 3851; x_wconf 86' lang='grc' dir='ltr'><strong>τὸ</strong></span> <span class='ocrx_word' id='word_1_605' title='bbox 2286 3799 2487 3869; x_wconf 85' lang='grc' dir='ltr'>χωρίον</span> <span class='ocrx_word' id='word_1_606' title='bbox 2514 3802 2613 3870; x_wconf 83' lang='grc' dir='ltr'>τῆς</span> <span class='ocrx_word' id='word_1_607' title='bbox 2651 3798 2934 3863; x_wconf 75' lang='grc' dir='ltr'>Ἰουδαίας,</span> <span class='ocrx_word' id='word_1_608' title='bbox 2954 3797 3124 3850; x_wconf 81' lang='grc' dir='ltr'>πάλαι</span> <span class='ocrx_word' id='word_1_609' title='bbox 3153 3797 3426 3867; x_wconf 85' lang='grc' dir='ltr'>πολίχνιον</span> <span class='ocrx_word' id='word_1_610' title='bbox 3447 3811 3641 3865; x_wconf 85' lang='grc' dir='ltr'>χρημα-</span> 
     </span>
    </p>
   </div>
   <div class='ocr_carea' id='block_1_83' title="bbox 2086 3886 3640 3961">
    <p class='ocr_par' dir='ltr' id='par_1_83' title="bbox 2086 3886 3640 3961">
     <span class='ocr_line' id='line_1_83' title="bbox 2086 3886 3640 3961; baseline -0.005 -18"><span class='ocrx_word' id='word_1_611' title='bbox 2086 3890 2265 3959; x_wconf 86' lang='grc' dir='ltr'>τίσαν)</span> <span class='ocrx_word' id='word_1_612' title='bbox 2290 3890 2528 3960; x_wconf 86' lang='grc' dir='ltr'>πατρίδα</span> <span class='ocrx_word' id='word_1_613' title='bbox 2552 3889 2731 3961; x_wconf 81' lang='grc' dir='ltr'>λαχὼν</span> <span class='ocrx_word' id='word_1_614' title='bbox 2762 3886 2876 3960; x_wconf 76' lang='grc' dir='ltr'>εἶχε</span> <span class='ocrx_word' id='word_1_615' title='bbox 2909 3905 2923 3920; x_wconf 83' lang='lat'>&#39;</span> <span class='ocrx_word' id='word_1_616' title='bbox 2952 3891 3032 3959; x_wconf 83' lang='grc' dir='ltr'>τῷ</span> <span class='ocrx_word' id='word_1_617' title='bbox 3070 3888 3370 3959; x_wconf 79' lang='grc' dir='ltr'>Ῥωμαϊκῷ</span> <span class='ocrx_word' id='word_1_618' title='bbox 3396 3887 3453 3940; x_wconf 84' lang='grc' dir='ltr'>δὲ</span> <span class='ocrx_word' id='word_1_619' title='bbox 3478 3888 3640 3956; x_wconf 84' lang='grc' dir='ltr'>δόρατι</span> 
     </span>
    </p>
   </div>
   <div class='ocr_carea' id='block_1_84' title="bbox 2084 3974 3641 4052">
    <p class='ocr_par' dir='ltr' id='par_1_84' title="bbox 2084 3974 3641 4052">
     <span class='ocr_line' id='line_1_84' title="bbox 2084 3974 3641 4052; baseline -0.001 -22"><span class='ocrx_word' id='word_1_620' title='bbox 2084 3979 2194 4031; x_wconf 78' lang='grc' dir='ltr'><strong>τῶν</strong></span> <span class='ocrx_word' id='word_1_621' title='bbox 2246 3980 2672 4050; x_wconf 82' lang='grc' dir='ltr'>γεννησαμένων</span> <span class='ocrx_word' id='word_1_622' title='bbox 2729 3980 2847 4052; x_wconf 80' lang='grc' dir='ltr'><strong>ἅμα</strong></span> <span class='ocrx_word' id='word_1_623' title='bbox 2886 3982 2984 4033; x_wconf 75' lang='grc' dir='ltr'>καὶ</span> <span class='ocrx_word' id='word_1_624' title='bbox 3034 3980 3253 4044; x_wconf 84' lang='grc' dir='ltr'>πολλοῖς</span> <span class='ocrx_word' id='word_1_625' title='bbox 3308 3981 3510 4051; x_wconf 76' lang='grc' dir='ltr'>ἑτέροις</span> <span class='ocrx_word' id='word_1_626' title='bbox 3560 3974 3641 4029; x_wconf 82' lang='grc' dir='ltr'><strong>τοῦ</strong></span> 
     </span>
    </p>
   </div>
   <div class='ocr_carea' id='block_1_85' title="bbox 2086 4067 3636 4142">
    <p class='ocr_par' dir='ltr' id='par_1_85' title="bbox 2086 4067 3636 4142">
     <span class='ocr_line' id='line_1_85' title="bbox 2086 4067 3636 4142; baseline 0.001 -23"><span class='ocrx_word' id='word_1_627' title='bbox 2086 4067 2273 4132; x_wconf 78' lang='grc' dir='ltr'>ἔθνους</span> <span class='ocrx_word' id='word_1_628' title='bbox 2311 4070 2752 4133; x_wconf 85' lang='grc' dir='ltr'>συνεαλωκότων,</span> <span class='ocrx_word' id='word_1_629' title='bbox 2777 4070 3025 4142; x_wconf 73' lang='grc' dir='ltr'>Ταρσοὺς</span> <span class='ocrx_word' id='word_1_630' title='bbox 3063 4070 3212 4140; x_wconf 86' lang='grc' dir='ltr'>αὐτῷ</span> <span class='ocrx_word' id='word_1_631' title='bbox 3240 4070 3301 4123; x_wconf 85' lang='grc' dir='ltr'>τὸ</span> <span class='ocrx_word' id='word_1_632' title='bbox 3320 4068 3636 4139; x_wconf 78' lang='grc' dir='ltr'>συνενεχθὲν,</span> 
     </span>
    </p>
   </div>
   <div class='ocr_carea' id='block_1_86' title="bbox 2086 4154 3638 4232">
    <p class='ocr_par' dir='ltr' id='par_1_86' title="bbox 2086 4154 3638 4232">
     <span class='ocr_line' id='line_1_86' title="bbox 2086 4154 3638 4232; baseline 0 -21"><span class='ocrx_word' id='word_1_633' title='bbox 2086 4160 2143 4212; x_wconf 81' lang='grc' dir='ltr'>ὲν</span> <span class='ocrx_word' id='word_1_634' title='bbox 2173 4154 2255 4222; x_wconf 67' lang='grc' dir='ltr'>οἷς</span> <span class='ocrx_word' id='word_1_635' title='bbox 2284 4161 2380 4213; x_wconf 75' lang='grc' dir='ltr'><strong>καὶ</strong></span> <span class='ocrx_word' id='word_1_636' title='bbox 2414 4162 2514 4224; x_wconf 75' lang='grc' dir='ltr'>τὰς</span> <span class='ocrx_word' id='word_1_637' title='bbox 2538 4162 2814 4232; x_wconf 83' lang='grc' dir='ltr'>μητρικάς</span> <span class='ocrx_word' id='word_1_638' title='bbox 2871 4163 3060 4216; x_wconf 77' lang='grc' dir='ltr'>ἔλυσεν</span> <span class='ocrx_word' id='word_1_639' title='bbox 3093 4163 3308 4227; x_wconf 80' lang='grc' dir='ltr'>ὠδῖνας,</span> <span class='ocrx_word' id='word_1_640' title='bbox 3345 4163 3518 4216; x_wconf 84' lang='grc' dir='ltr'>δίδωσι</span> <span class='ocrx_word' id='word_1_641' title='bbox 3550 4176 3638 4211; x_wconf 83' lang='grc' dir='ltr'>πα-</span> 
     </span>
    </p>
   </div>
   <div class='ocr_carea' id='block_1_87' title="bbox 2086 4252 3639 4325">
    <p class='ocr_par' dir='ltr' id='par_1_87' title="bbox 2086 4252 3639 4325">
     <span class='ocr_line' id='line_1_87' title="bbox 2086 4252 3639 4325; baseline -0.001 -21"><span class='ocrx_word' id='word_1_642' title='bbox 2086 4252 2261 4322; x_wconf 86' lang='grc' dir='ltr'>τρίδα.</span> <span class='ocrx_word' id='word_1_643' title='bbox 2293 4272 2311 4304; x_wconf 79' lang='grc' dir='ltr'><strong>ι</strong></span> <span class='ocrx_word' id='word_1_644' title='bbox 2335 4252 2478 4321; x_wconf 84' lang='grc' dir='ltr'>Ἐγὼ</span> <span class='ocrx_word' id='word_1_645' title='bbox 2493 4255 2601 4323; x_wconf 87' lang='grc' dir='ltr'>γάρ</span> <span class='ocrx_word' id='word_1_646' title='bbox 2623 4254 2761 4324; x_wconf 87' lang='grc' dir='ltr'>είμι,</span> <span class='ocrx_word' id='word_1_647' title='bbox 2793 4257 2982 4325; x_wconf 74' lang='grc' dir='ltr'>φησὶν,</span> <span class='ocrx_word' id='word_1_648' title='bbox 3005 4256 3144 4325; x_wconf 81' lang='grc' dir='ltr'>ἀνὴρ</span> <span class='ocrx_word' id='word_1_649' title='bbox 3174 4256 3446 4319; x_wconf 82' lang='grc' dir='ltr'>Ἰουδαῖος,</span> <span class='ocrx_word' id='word_1_650' title='bbox 3474 4270 3639 4322; x_wconf 79' lang='grc' dir='ltr'>γεγενο</span> 
     </span>
    </p>
   </div>
   <div class='ocr_carea' id='block_1_88' title="bbox 2085 4343 3637 4417">
    <p class='ocr_par' dir='ltr' id='par_1_88' title="bbox 2085 4343 3637 4417">
     <span class='ocr_line' id='line_1_88' title="bbox 2085 4343 3637 4417; baseline -0.008 -7"><span class='ocrx_word' id='word_1_651' title='bbox 2085 4343 2317 4413; x_wconf 81' lang='grc' dir='ltr'>νημένος</span> <span class='ocrx_word' id='word_1_652' title='bbox 2341 4347 2399 4399; x_wconf 75' lang='grc' dir='ltr'>ἐν</span> <span class='ocrx_word' id='word_1_653' title='bbox 2425 4346 2622 4417; x_wconf 87' lang='grc' dir='ltr'>Ταρσῷ</span> <span class='ocrx_word' id='word_1_654' title='bbox 2644 4350 2742 4417; x_wconf 82' lang='grc' dir='ltr'><strong>τῆς</strong></span> <span class='ocrx_word' id='word_1_655' title='bbox 2760 4348 3032 4410; x_wconf 72' lang='grc' dir='ltr'>Κιλικίαςο</span> <span class='ocrx_word' id='word_1_656' title='bbox 3057 4366 3076 4399; x_wconf 76' lang='grc' dir='ltr'><strong>ι</strong></span> <span class='ocrx_word' id='word_1_657' title='bbox 3099 4343 3219 4401; x_wconf 79' lang='grc' dir='ltr'>εἶτα</span> <span class='ocrx_word' id='word_1_658' title='bbox 3243 4350 3346 4417; x_wconf 81' lang='grc' dir='ltr'>τῆς</span> <span class='ocrx_word' id='word_1_659' title='bbox 3382 4347 3637 4415; x_wconf 81' lang='grc' dir='ltr'>Ῥωμαίων</span> 
     </span>
    </p>
   </div>
   <div class='ocr_carea' id='block_1_89' title="bbox 2087 4437 3635 4511">
    <p class='ocr_par' dir='ltr' id='par_1_89' title="bbox 2087 4437 3635 4511">
     <span class='ocr_line' id='line_1_89' title="bbox 2087 4437 3635 4511; baseline -0.01 -7"><span class='ocrx_word' id='word_1_660' title='bbox 2087 4438 2419 4507; x_wconf 78' lang='grc' dir='ltr'>φιλοτιμίας,</span> <span class='ocrx_word' id='word_1_661' title='bbox 2446 4439 2522 4510; x_wconf 84' lang='grc' dir='ltr'>τῷ</span> <span class='ocrx_word' id='word_1_662' title='bbox 2552 4439 2773 4511; x_wconf 81' lang='grc' dir='ltr'>μεγέθει</span> <span class='ocrx_word' id='word_1_663' title='bbox 2817 4440 2912 4493; x_wconf 75' lang='grc' dir='ltr'>τοῦ</span> <span class='ocrx_word' id='word_1_664' title='bbox 2946 4442 3184 4511; x_wconf 83' lang='grc' dir='ltr'>κράτους</span> <span class='ocrx_word' id='word_1_665' title='bbox 3232 4437 3635 4511; x_wconf 81' lang='grc' dir='ltr'>παραμιλλωμέ-</span> 
     </span>
    </p>
   </div>
   <div class='ocr_carea' id='block_1_90' title="bbox 2086 4530 3637 4601">
    <p class='ocr_par' dir='ltr' id='par_1_90' title="bbox 2086 4530 3637 4601">
     <span class='ocr_line' id='line_1_90' title="bbox 2086 4530 3637 4601; baseline -0.002 -20"><span class='ocrx_word' id='word_1_666' title='bbox 2086 4545 2206 4598; x_wconf 89' lang='grc' dir='ltr'>νης,</span> <span class='ocrx_word' id='word_1_667' title='bbox 2238 4530 2334 4582; x_wconf 59' lang='grc' dir='ltr'><strong>καὶ⁵</strong></span> <span class='ocrx_word' id='word_1_668' title='bbox 2372 4530 2568 4601; x_wconf 77' lang='grc' dir='ltr'>μέχρις</span> <span class='ocrx_word' id='word_1_669' title='bbox 2597 4531 2779 4586; x_wconf 81' lang='grc' dir='ltr'>αὐτῶν</span> <span class='ocrx_word' id='word_1_670' title='bbox 2812 4533 2924 4585; x_wconf 84' lang='grc' dir='ltr'>τῶν</span> <span class='ocrx_word' id='word_1_671' title='bbox 2954 4531 3271 4601; x_wconf 80' lang='grc' dir='ltr'>ἀλλοφύλων</span> <span class='ocrx_word' id='word_1_672' title='bbox 3293 4533 3356 4586; x_wconf 79' lang='grc' dir='ltr'>τὸ</span> <span class='ocrx_word' id='word_1_673' title='bbox 3388 4531 3637 4600; x_wconf 73' lang='grc' dir='ltr'>φιλότιμον</span> 
     </span>
    </p>
   </div>
   <div class='ocr_carea' id='block_1_91' title="bbox 408 4604 1975 4695">
    <p class='ocr_par' dir='ltr' id='par_1_91' title="bbox 408 4608 1975 4689">
     <span class='ocr_line' id='line_1_91' title="bbox 408 4608 1975 4689; baseline 0.008 -27"><span class='ocrx_word' id='word_1_674' title='bbox 408 4608 742 4665; x_wconf 90' lang='lat' dir='ltr'><strong>nobilitatem</strong></span> <span class='ocrx_word' id='word_1_675' title='bbox 775 4620 826 4666; x_wconf 86' lang='lat' dir='ltr'><strong>et</strong></span> <span class='ocrx_word' id='word_1_676' title='bbox 852 4613 1164 4682; x_wconf 66' lang='lat' dir='ltr'><strong>reipublicae</strong></span> <span class='ocrx_word' id='word_1_677' title='bbox 1186 4624 1240 4670; x_wconf 86' lang='lat' dir='ltr'><strong>et</strong></span> <span class='ocrx_word' id='word_1_678' title='bbox 1255 4619 1499 4673; x_wconf 90' lang='lat' dir='ltr'><strong>nominis</strong></span> <span class='ocrx_word' id='word_1_679' title='bbox 1521 4619 1975 4689; x_wconf 86' lang='lat' dir='ltr'><strong>participandam.</strong></span> 
     </span>
    </p>
   </div>
   <div class='ocr_carea' id='block_1_92' title="bbox 2085 4604 3636 4695">
    <p class='ocr_par' dir='ltr' id='par_1_92' title="bbox 2090 4621 3636 4695">
     <span class='ocr_line' id='line_1_92' title="bbox 2090 4621 3636 4695; baseline -0.001 -22"><span class='ocrx_word' id='word_1_680' title='bbox 2090 4621 2601 4693; x_wconf 86' lang='grc' dir='ltr'>καθυπατευούσης,</span> <span class='ocrx_word' id='word_1_681' title='bbox 2657 4626 2738 4689; x_wconf 86' lang='grc' dir='ltr'><strong>εἰς</strong></span> <span class='ocrx_word' id='word_1_682' title='bbox 2783 4625 2882 4695; x_wconf 87' lang='grc' dir='ltr'><strong>τὴν</strong></span> <span class='ocrx_word' id='word_1_683' title='bbox 2934 4625 3144 4679; x_wconf 89' lang='grc' dir='ltr'>τούτων</span> <span class='ocrx_word' id='word_1_684' title='bbox 3206 4626 3502 4693; x_wconf 76' lang='grc' dir='ltr'>εὐγένειαν,</span> <span class='ocrx_word' id='word_1_685' title='bbox 3560 4621 3636 4673; x_wconf 74' lang='grc' dir='ltr'><strong>καὶ</strong></span> 
     </span>
    </p>
   </div>
   <div class='ocr_carea' id='block_1_93' title="bbox 406 4696 1983 4783">
    <p class='ocr_par' dir='ltr' id='par_1_93' title="bbox 406 4696 1983 4783">
     <span class='ocr_line' id='line_1_93' title="bbox 406 4696 1983 4783; baseline 0.011 -33"><span class='ocrx_word' id='word_1_686' title='bbox 406 4696 541 4755; x_wconf 87' lang='lat' dir='ltr'><strong>Hinc</strong></span> <span class='ocrx_word' id='word_1_687' title='bbox 573 4700 801 4768; x_wconf 80' lang='lat' dir='ltr'><strong>factum,</strong></span> <span class='ocrx_word' id='word_1_688' title='bbox 850 4713 910 4761; x_wconf 88' lang='lat' dir='ltr'><strong>ut</strong></span> <span class='ocrx_word' id='word_1_689' title='bbox 946 4715 1201 4777; x_wconf 84' lang='lat' dir='ltr'><strong>parentes</strong></span> <span class='ocrx_word' id='word_1_690' title='bbox 1229 4708 1406 4776; x_wconf 85' lang='lat' dir='ltr'><strong>Pauli,</strong></span> <span class='ocrx_word' id='word_1_691' title='bbox 1460 4720 1515 4765; x_wconf 91' lang='lat' dir='ltr'><strong>et</strong></span> <span class='ocrx_word' id='word_1_692' title='bbox 1542 4711 1657 4780; x_wconf 85' lang='lat' dir='ltr'><strong>ipse</strong></span> <span class='ocrx_word' id='word_1_693' title='bbox 1691 4728 1790 4781; x_wconf 88' lang='lat' dir='ltr'><strong>per</strong></span> <span class='ocrx_word' id='word_1_694' title='bbox 1818 4713 1983 4783; x_wconf 75' lang='lat' dir='ltr'><strong>sylla-</strong></span> 
     </span>
    </p>
   </div>
   <div class='ocr_carea' id='block_1_94' title="bbox 403 4793 1980 4876">
    <p class='ocr_par' dir='ltr' id='par_1_94' title="bbox 403 4793 1980 4876">
     <span class='ocr_line' id='line_1_94' title="bbox 403 4793 1980 4876; baseline 0.01 -30"><span class='ocrx_word' id='word_1_695' title='bbox 403 4793 501 4848; x_wconf 85' lang='lat' dir='ltr'><strong>bas</strong></span> <span class='ocrx_word' id='word_1_696' title='bbox 558 4811 805 4864; x_wconf 83' lang='lat' dir='ltr'><strong>paucas,</strong></span> <span class='ocrx_word' id='word_1_697' title='bbox 856 4800 1159 4856; x_wconf 89' lang='lat' dir='ltr'><strong>secundum</strong></span> <span class='ocrx_word' id='word_1_698' title='bbox 1210 4801 1482 4860; x_wconf 88' lang='lat' dir='ltr'><strong>humanas</strong></span> <span class='ocrx_word' id='word_1_699' title='bbox 1544 4804 1693 4876; x_wconf 80' lang='lat' dir='ltr'><strong>leges</strong></span> <span class='ocrx_word' id='word_1_700' title='bbox 1749 4805 1980 4861; x_wconf 81' lang='lat' dir='ltr'><strong>Romam</strong></span> 
     </span>
    </p>
   </div>
   <div class='ocr_carea' id='block_1_95' title="bbox 406 4888 1977 4965">
    <p class='ocr_par' dir='ltr' id='par_1_95' title="bbox 406 4888 1977 4965">
     <span class='ocr_line' id='line_1_95' title="bbox 406 4888 1977 4965; baseline 0.008 -28"><span class='ocrx_word' id='word_1_701' title='bbox 406 4888 635 4954; x_wconf 85' lang='lat' dir='ltr'><strong>patriam</strong></span> <span class='ocrx_word' id='word_1_702' title='bbox 694 4889 1027 4956; x_wconf 89' lang='lat' dir='ltr'><strong>obtinerent,</strong></span> <span class='ocrx_word' id='word_1_703' title='bbox 1083 4901 1138 4946; x_wconf 91' lang='lat' dir='ltr'><strong>et</strong></span> <span class='ocrx_word' id='word_1_704' title='bbox 1188 4895 1580 4965; x_wconf 85' lang='lat' dir='ltr'><strong>rempublicam</strong></span> <span class='ocrx_word' id='word_1_705' title='bbox 1633 4896 1977 4951; x_wconf 80' lang='lat' dir='ltr'><strong>Romanam:</strong></span> 
     </span>
    </p>
   </div>
   <div class='ocr_carea' id='block_1_96' title="bbox 404 4977 1982 5058">
    <p class='ocr_par' dir='ltr' id='par_1_96' title="bbox 404 4977 1982 5058">
     <span class='ocr_line' id='line_1_96' title="bbox 404 4977 1982 5058; baseline 0.01 -29"><span class='ocrx_word' id='word_1_706' title='bbox 404 4977 507 5032; x_wconf 88' lang='lat' dir='ltr'><strong>hoc</strong></span> <span class='ocrx_word' id='word_1_707' title='bbox 534 4988 638 5044; x_wconf 88' lang='lat' dir='ltr'><strong>est,</strong></span> <span class='ocrx_word' id='word_1_708' title='bbox 676 4982 819 5051; x_wconf 88' lang='lat' dir='ltr'><strong>quod</strong></span> <span class='ocrx_word' id='word_1_709' title='bbox 863 4983 1084 5038; x_wconf 88' lang='lat' dir='ltr'><strong>divinus</strong></span> <span class='ocrx_word' id='word_1_710' title='bbox 1123 4984 1214 5039; x_wconf 89' lang='lat' dir='ltr'><strong>ille</strong></span> <span class='ocrx_word' id='word_1_711' title='bbox 1248 4989 1330 5039; x_wconf 84' lang='lat' dir='ltr'><strong>vir</strong></span> <span class='ocrx_word' id='word_1_712' title='bbox 1362 4986 1693 5052; x_wconf 84' lang='lat' dir='ltr'><strong>insinuavit,</strong></span> <span class='ocrx_word' id='word_1_713' title='bbox 1726 4988 1982 5058; x_wconf 87' lang='lat' dir='ltr'><strong>inquiens</strong></span> 
     </span>
    </p>
   </div>
   <div class='ocr_carea' id='block_1_97' title="bbox 404 5068 1985 5151">
    <p class='ocr_par' dir='ltr' id='par_1_97' title="bbox 404 5068 1985 5151">
     <span class='ocr_line' id='line_1_97' title="bbox 404 5068 1985 5151; baseline 0.012 -34"><span class='ocrx_word' id='word_1_714' title='bbox 404 5068 546 5134; x_wconf 87' lang='lat' dir='ltr'><strong>apud</strong></span> <span class='ocrx_word' id='word_1_715' title='bbox 580 5069 960 5138; x_wconf 82' lang='lat' dir='ltr'><strong>ehiliarcham,</strong></span> <span class='ocrx_word' id='word_1_716' title='bbox 1015 5075 1112 5144; x_wconf 86' lang='lat' dir='ltr'><strong>qui</strong></span> <span class='ocrx_word' id='word_1_717' title='bbox 1165 5076 1232 5131; x_wconf 88' lang='lat' dir='ltr'><strong>de</strong></span> <span class='ocrx_word' id='word_1_718' title='bbox 1273 5076 1497 5132; x_wconf 88' lang='lat' dir='ltr'><strong>civitate</strong></span> <span class='ocrx_word' id='word_1_719' title='bbox 1529 5076 1775 5134; x_wconf 77' lang='lat' dir='ltr'><strong>Romana</strong></span> <span class='ocrx_word' id='word_1_720' title='bbox 1804 5080 1985 5151; x_wconf 89' lang='lat' dir='ltr'><strong>pretio</strong></span> 
     </span>
    </p>
   </div>
   <div class='ocr_carea' id='block_1_98' title="bbox 404 5158 1978 5238">
    <p class='ocr_par' dir='ltr' id='par_1_98' title="bbox 404 5158 1978 5238">
     <span class='ocr_line' id='line_1_98' title="bbox 404 5158 1978 5238; baseline 0.008 -25"><span class='ocrx_word' id='word_1_721' title='bbox 404 5158 623 5215; x_wconf 63' lang='lat' dir='ltr'><strong>obtenta</strong></span> <span class='ocrx_word' id='word_1_722' title='bbox 652 5166 1002 5231; x_wconf 72' lang='lat' dir='ltr'><strong>praedicabat,</strong></span> <span class='ocrx_word' id='word_1_723' title='bbox 1049 5185 1068 5219; x_wconf 78' lang='grc' dir='ltr'><strong>ι</strong></span> <span class='ocrx_word' id='word_1_724' title='bbox 1096 5166 1209 5238; x_wconf 78' lang='lat' dir='ltr'><strong>Ego</strong></span> <span class='ocrx_word' id='word_1_725' title='bbox 1234 5179 1416 5225; x_wconf 87' lang='lat' dir='ltr'><strong>autem</strong></span> <span class='ocrx_word' id='word_1_726' title='bbox 1453 5172 1591 5228; x_wconf 86' lang='lat' dir='ltr'><strong>liber</strong></span> <span class='ocrx_word' id='word_1_727' title='bbox 1618 5180 1781 5228; x_wconf 86' lang='lat' dir='ltr'><strong>natus</strong></span> <span class='ocrx_word' id='word_1_728' title='bbox 1817 5172 1927 5238; x_wconf 79' lang='lat' dir='ltr'><strong>fui;</strong></span> <span class='ocrx_word' id='word_1_729' title='bbox 1959 5192 1978 5225; x_wconf 73' lang='grc' dir='ltr'><strong>ι</strong></span> 
     </span>
    </p>
   </div>
   <div class='ocr_carea' id='block_1_99' title="bbox 408 5247 1985 5325">
    <p class='ocr_par' dir='ltr' id='par_1_99' title="bbox 408 5247 1985 5325">
     <span class='ocr_line' id='line_1_99' title="bbox 408 5247 1985 5325; baseline 0.011 -24"><span class='ocrx_word' id='word_1_730' title='bbox 408 5247 459 5301; x_wconf 91' lang='lat' dir='ltr'><strong>id</strong></span> <span class='ocrx_word' id='word_1_731' title='bbox 513 5258 629 5315; x_wconf 88' lang='lat' dir='ltr'><strong>est,</strong></span> <span class='ocrx_word' id='word_1_732' title='bbox 684 5262 831 5309; x_wconf 87' lang='lat' dir='ltr'><strong>sorte</strong></span> <span class='ocrx_word' id='word_1_733' title='bbox 889 5268 1112 5325; x_wconf 87' lang='lat' dir='ltr'><strong>paterna</strong></span> <span class='ocrx_word' id='word_1_734' title='bbox 1143 5259 1393 5321; x_wconf 72' lang='lat' dir='ltr'><strong>Romana</strong></span> <span class='ocrx_word' id='word_1_735' title='bbox 1421 5263 1509 5317; x_wconf 83' lang='lat' dir='ltr'><strong>illa</strong></span> <span class='ocrx_word' id='word_1_736' title='bbox 1567 5263 1802 5318; x_wconf 85' lang='lat' dir='ltr'><strong>atlinitas</strong></span> <span class='ocrx_word' id='word_1_737' title='bbox 1852 5264 1985 5318; x_wconf 89' lang='lat' dir='ltr'><strong>mihi</strong></span> 
     </span>
    </p>
   </div>
   <div class='ocr_carea' id='block_1_100' title="bbox 406 5340 1985 5426">
    <p class='ocr_par' dir='ltr' id='par_1_100' title="bbox 406 5340 1985 5426">
     <span class='ocr_line' id='line_1_100' title="bbox 406 5340 1985 5426; baseline 0.011 -33"><span class='ocrx_word' id='word_1_738' title='bbox 406 5340 649 5412; x_wconf 81' lang='lat' dir='ltr'><strong>contigit,</strong></span> <span class='ocrx_word' id='word_1_739' title='bbox 692 5359 791 5398; x_wconf 85' lang='lat' dir='ltr'><strong>nec</strong></span> <span class='ocrx_word' id='word_1_740' title='bbox 829 5345 896 5400; x_wconf 88' lang='lat' dir='ltr'><strong>dc</strong></span> <span class='ocrx_word' id='word_1_741' title='bbox 923 5359 1172 5404; x_wconf 86' lang='lat' dir='ltr'><strong>materno</strong></span> <span class='ocrx_word' id='word_1_742' title='bbox 1209 5363 1365 5408; x_wconf 86' lang='lat' dir='ltr'><strong>utero</strong></span> <span class='ocrx_word' id='word_1_743' title='bbox 1396 5355 1714 5424; x_wconf 80' lang='lat' dir='ltr'><strong>vulgaribus</strong></span> <span class='ocrx_word' id='word_1_744' title='bbox 1741 5356 1985 5426; x_wconf 87' lang='lat' dir='ltr'><strong>parenti-</strong></span> 
     </span>
    </p>
   </div>
   <div class='ocr_carea' id='block_1_101' title="bbox 406 5434 1980 5521">
    <p class='ocr_par' dir='ltr' id='par_1_101' title="bbox 406 5434 1980 5521">
     <span class='ocr_line' id='line_1_101' title="bbox 406 5434 1980 5521; baseline 0.011 -34"><span class='ocrx_word' id='word_1_745' title='bbox 406 5434 510 5487; x_wconf 77' lang='lat' dir='ltr'><strong>bus</strong></span> <span class='ocrx_word' id='word_1_746' title='bbox 548 5435 763 5503; x_wconf 66' lang='lat' dir='ltr'><strong>genitus</strong></span> <span class='ocrx_word' id='word_1_747' title='bbox 811 5438 865 5497; x_wconf 90' lang='lat' dir='ltr'><strong>in</strong></span> <span class='ocrx_word' id='word_1_748' title='bbox 918 5440 1091 5499; x_wconf 88' lang='lat' dir='ltr'><strong>luccm</strong></span> <span class='ocrx_word' id='word_1_749' title='bbox 1150 5446 1348 5521; x_wconf 83' lang='lat' dir='ltr'><strong>prodii,</strong></span> <span class='ocrx_word' id='word_1_750' title='bbox 1412 5449 1507 5511; x_wconf 87' lang='lat' dir='ltr'><strong>sed</strong></span> <span class='ocrx_word' id='word_1_751' title='bbox 1564 5450 1653 5519; x_wconf 83' lang='lat' dir='ltr'><strong>qui</strong></span> <span class='ocrx_word' id='word_1_752' title='bbox 1714 5451 1980 5506; x_wconf 83' lang='lat' dir='ltr'><strong>benelicio</strong></span> 
     </span>
    </p>
   </div>
   <div class='ocr_carea' id='block_1_102' title="bbox 481 5752 1197 5832">
    <p class='ocr_par' dir='ltr' id='par_1_102' title="bbox 481 5752 1197 5832">
     <span class='ocr_line' id='line_1_102' title="bbox 481 5752 1197 5832; baseline 0.031 -31"><span class='ocrx_word' id='word_1_753' title='bbox 481 5752 501 5801; x_wconf 62' lang='grc' dir='ltr'><strong>ι</strong></span> <span class='ocrx_word' id='word_1_754' title='bbox 531 5754 749 5832; x_wconf 68' lang='grc' dir='ltr'>γλῶσσα</span> <span class='ocrx_word' id='word_1_755' title='bbox 776 5759 926 5817; x_wconf 88' lang='lat' dir='ltr'><strong>deest</strong></span> <span class='ocrx_word' id='word_1_756' title='bbox 953 5762 1007 5817; x_wconf 91' lang='lat' dir='ltr'><strong>in</strong></span> <span class='ocrx_word' id='word_1_757' title='bbox 1052 5762 1197 5823; x_wconf 80' lang='lat' dir='ltr'><strong>Mea.</strong></span> 
     </span>
    </p>
   </div>
   <div class='ocr_carea' id='block_1_103' title="bbox 2088 4714 3633 4790">
    <p class='ocr_par' dir='ltr' id='par_1_103' title="bbox 2088 4714 3633 4790">
     <span class='ocr_line' id='line_1_103' title="bbox 2088 4714 3633 4790; baseline 0.006 -23"><span class='ocrx_word' id='word_1_758' title='bbox 2088 4714 2193 4786; x_wconf 79' lang='grc' dir='ltr'>τῆς</span> <span class='ocrx_word' id='word_1_759' title='bbox 2220 4717 2498 4781; x_wconf 84' lang='grc' dir='ltr'>πολιτείας</span> <span class='ocrx_word' id='word_1_760' title='bbox 2526 4719 2623 4772; x_wconf 82' lang='grc' dir='ltr'><strong>καὶ</strong></span> <span class='ocrx_word' id='word_1_761' title='bbox 2656 4719 2749 4772; x_wconf 81' lang='grc' dir='ltr'>τοῦ</span> <span class='ocrx_word' id='word_1_762' title='bbox 2785 4719 3073 4790; x_wconf 85' lang='grc' dir='ltr'>ὀνόματος,</span> <span class='ocrx_word' id='word_1_763' title='bbox 3098 4720 3259 4773; x_wconf 78' lang='grc' dir='ltr'>τοῦτο</span> <span class='ocrx_word' id='word_1_764' title='bbox 3308 4720 3411 4789; x_wconf 75' lang='grc' dir='ltr'><strong>μὲν</strong></span> <span class='ocrx_word' id='word_1_765' title='bbox 3437 4719 3633 4788; x_wconf 78' lang='grc' dir='ltr'>προῖκα.</span> 
     </span>
    </p>
   </div>
   <div class='ocr_carea' id='block_1_104' title="bbox 2088 4807 3637 4883">
    <p class='ocr_par' dir='ltr' id='par_1_104' title="bbox 2088 4807 3637 4883">
     <span class='ocr_line' id='line_1_104' title="bbox 2088 4807 3637 4883; baseline -0.001 -22"><span class='ocrx_word' id='word_1_766' title='bbox 2088 4807 2249 4863; x_wconf 79' lang='grc' dir='ltr'>τοῦτο</span> <span class='ocrx_word' id='word_1_767' title='bbox 2269 4810 2329 4863; x_wconf 75' lang='grc' dir='ltr'>δὲ</span> <span class='ocrx_word' id='word_1_768' title='bbox 2360 4811 2453 4864; x_wconf 75' lang='grc' dir='ltr'>καὶ</span> <span class='ocrx_word' id='word_1_769' title='bbox 2479 4813 2723 4882; x_wconf 84' lang='grc' dir='ltr'>χρήμασι</span> <span class='ocrx_word' id='word_1_770' title='bbox 2766 4811 2982 4876; x_wconf 88' lang='grc' dir='ltr'>πολλοῖς</span> <span class='ocrx_word' id='word_1_771' title='bbox 3020 4812 3356 4883; x_wconf 83' lang='grc' dir='ltr'>ἀναδραμεῖν</span> <span class='ocrx_word' id='word_1_772' title='bbox 3402 4808 3637 4883; x_wconf 77' lang='grc' dir='ltr'>ἐχαρίσθη</span> 
     </span>
    </p>
   </div>
   <div class='ocr_carea' id='block_1_105' title="bbox 2089 4900 3636 4972">
    <p class='ocr_par' dir='ltr' id='par_1_105' title="bbox 2089 4900 3636 4972">
     <span class='ocr_line' id='line_1_105' title="bbox 2089 4900 3636 4972; baseline -0.003 -17"><span class='ocrx_word' id='word_1_773' title='bbox 2089 4900 2313 4967; x_wconf 78' lang='grc' dir='ltr'>ἐξουσία</span> <span class='ocrx_word' id='word_1_774' title='bbox 2340 4919 2355 4933; x_wconf 90' lang='grc'><strong>·</strong></span> <span class='ocrx_word' id='word_1_775' title='bbox 2388 4903 2600 4972; x_wconf 87' lang='grc' dir='ltr'>γίνεται</span> <span class='ocrx_word' id='word_1_776' title='bbox 2629 4906 2808 4959; x_wconf 83' lang='grc' dir='ltr'>τοίνυν</span> <span class='ocrx_word' id='word_1_777' title='bbox 2845 4907 2911 4959; x_wconf 81' lang='grc' dir='ltr'>ἐκ</span> <span class='ocrx_word' id='word_1_778' title='bbox 2939 4906 3130 4959; x_wconf 87' lang='grc' dir='ltr'>τούτου</span> <span class='ocrx_word' id='word_1_779' title='bbox 3176 4906 3272 4959; x_wconf 73' lang='grc' dir='ltr'>καὶ</span> <span class='ocrx_word' id='word_1_780' title='bbox 3303 4908 3415 4969; x_wconf 88' lang='grc' dir='ltr'>τοῖς</span> <span class='ocrx_word' id='word_1_781' title='bbox 3447 4901 3636 4972; x_wconf 79' lang='grc' dir='ltr'>γονεῦσι</span> 
     </span>
    </p>
   </div>
   <div class='ocr_carea' id='block_1_106' title="bbox 2082 4994 3635 5067">
    <p class='ocr_par' dir='ltr' id='par_1_106' title="bbox 2082 4994 3635 5067">
     <span class='ocr_line' id='line_1_106' title="bbox 2082 4994 3635 5067; baseline 0.005 -20"><span class='ocrx_word' id='word_1_782' title='bbox 2082 4994 2176 5047; x_wconf 82' lang='grc' dir='ltr'><strong>τοῦ</strong></span> <span class='ocrx_word' id='word_1_783' title='bbox 2212 4995 2503 5049; x_wconf 84' lang='grc' dir='ltr'>θεσπεσίου</span> <span class='ocrx_word' id='word_1_784' title='bbox 2539 4997 2755 5051; x_wconf 82' lang='grc' dir='ltr'>Παύλου</span> <span class='ocrx_word' id='word_1_785' title='bbox 2804 4998 3094 5062; x_wconf 75' lang='grc' dir='ltr'>συλλαϐαῖς</span> <span class='ocrx_word' id='word_1_786' title='bbox 3117 4999 3329 5067; x_wconf 75' lang='grc' dir='ltr'>ὀλίγαις</span> <span class='ocrx_word' id='word_1_787' title='bbox 3357 4999 3450 5052; x_wconf 85' lang='grc' dir='ltr'>καὶ</span> <span class='ocrx_word' id='word_1_788' title='bbox 3476 4997 3635 5065; x_wconf 77' lang='grc' dir='ltr'>νόμοις</span> 
     </span>
    </p>
   </div>
   <div class='ocr_carea' id='block_1_107' title="bbox 2082 5085 3635 5160">
    <p class='ocr_par' dir='ltr' id='par_1_107' title="bbox 2082 5085 3635 5160">
     <span class='ocr_line' id='line_1_107' title="bbox 2082 5085 3635 5160; baseline -0.001 -21"><span class='ocrx_word' id='word_1_789' title='bbox 2082 5085 2446 5156; x_wconf 84' lang='grc' dir='ltr'>ἀνθρωπίνοις</span> <span class='ocrx_word' id='word_1_790' title='bbox 2477 5088 2675 5155; x_wconf 79' lang='grc' dir='ltr'>πατρὶς</span> <span class='ocrx_word' id='word_1_791' title='bbox 2707 5090 2740 5159; x_wconf 80' lang='grc' dir='ltr'>ἡ</span> <span class='ocrx_word' id='word_1_792' title='bbox 2779 5088 2992 5160; x_wconf 82' lang='grc' dir='ltr'>Ῥώμη.</span> <span class='ocrx_word' id='word_1_793' title='bbox 3028 5090 3122 5143; x_wconf 73' lang='grc' dir='ltr'><strong>καὶ</strong></span> <span class='ocrx_word' id='word_1_794' title='bbox 3151 5090 3213 5143; x_wconf 84' lang='grc' dir='ltr'>τὸ</span> <span class='ocrx_word' id='word_1_795' title='bbox 3255 5090 3536 5160; x_wconf 83' lang='grc' dir='ltr'>Ῥωμαίων</span> <span class='ocrx_word' id='word_1_796' title='bbox 3555 5103 3635 5138; x_wconf 86' lang='grc' dir='ltr'>πο-</span> 
     </span>
    </p>
   </div>
   <div class='ocr_carea' id='block_1_108' title="bbox 2083 5176 3634 5246">
    <p class='ocr_par' dir='ltr' id='par_1_108' title="bbox 2083 5176 3634 5246">
     <span class='ocr_line' id='line_1_108' title="bbox 2083 5176 3634 5246; baseline 0.005 -18"><span class='ocrx_word' id='word_1_797' title='bbox 2083 5176 2334 5246; x_wconf 87' lang='grc' dir='ltr'>λίτευμα.</span> <span class='ocrx_word' id='word_1_798' title='bbox 2364 5176 2475 5231; x_wconf 74' lang='grc' dir='ltr'><strong>Καὶ</strong></span> <span class='ocrx_word' id='word_1_799' title='bbox 2502 5179 2659 5231; x_wconf 78' lang='grc' dir='ltr'>τοῦτό</span> <span class='ocrx_word' id='word_1_800' title='bbox 2679 5179 2851 5246; x_wconf 74' lang='grc' dir='ltr'>ἔστιν,</span> <span class='ocrx_word' id='word_1_801' title='bbox 2877 5180 2906 5233; x_wconf 85' lang='grc' dir='ltr'><strong>ὃ</strong></span> <span class='ocrx_word' id='word_1_802' title='bbox 2941 5180 3038 5235; x_wconf 75' lang='grc' dir='ltr'><strong>καὶ</strong></span> <span class='ocrx_word' id='word_1_803' title='bbox 3058 5182 3086 5233; x_wconf 79' lang='grc' dir='ltr'>ὁ</span> <span class='ocrx_word' id='word_1_804' title='bbox 3116 5180 3262 5243; x_wconf 84' lang='grc' dir='ltr'>θεῖος</span> <span class='ocrx_word' id='word_1_805' title='bbox 3285 5183 3489 5243; x_wconf 82' lang='grc' dir='ltr'>ἐκεῖνος</span> <span class='ocrx_word' id='word_1_806' title='bbox 3516 5176 3634 5244; x_wconf 78' lang='grc' dir='ltr'>ἀνὴρ</span> 
     </span>
    </p>
   </div>
   <div class='ocr_carea' id='block_1_109' title="bbox 2084 5267 3633 5344">
    <p class='ocr_par' dir='ltr' id='par_1_109' title="bbox 2084 5267 3633 5344">
     <span class='ocr_line' id='line_1_109' title="bbox 2084 5267 3633 5344; baseline 0 -24"><span class='ocrx_word' id='word_1_807' title='bbox 2084 5269 2473 5339; x_wconf 80' lang='grc' dir='ltr'>ἐπεσημήνατο</span> <span class='ocrx_word' id='word_1_808' title='bbox 2490 5267 2663 5336; x_wconf 81' lang='grc' dir='ltr'>λέγων</span> <span class='ocrx_word' id='word_1_809' title='bbox 2683 5271 2819 5341; x_wconf 80' lang='grc' dir='ltr'>πρὸς</span> <span class='ocrx_word' id='word_1_810' title='bbox 2848 5271 2941 5325; x_wconf 84' lang='grc' dir='ltr'><strong>τὸν</strong></span> <span class='ocrx_word' id='word_1_811' title='bbox 2972 5271 3255 5344; x_wconf 86' lang='grc' dir='ltr'>χιλίαρχον</span> <span class='ocrx_word' id='word_1_812' title='bbox 3272 5271 3534 5343; x_wconf 77' lang='grc' dir='ltr'>αὐχοῦντα</span> <span class='ocrx_word' id='word_1_813' title='bbox 3552 5268 3633 5333; x_wconf 78' lang='grc' dir='ltr'><strong>τὴν</strong></span> 
     </span>
    </p>
   </div>
   <div class='ocr_carea' id='block_1_110' title="bbox 2084 5357 3629 5431">
    <p class='ocr_par' dir='ltr' id='par_1_110' title="bbox 2084 5357 3629 5431">
     <span class='ocr_line' id='line_1_110' title="bbox 2084 5357 3629 5431; baseline 0.003 -20"><span class='ocrx_word' id='word_1_814' title='bbox 2084 5358 2142 5424; x_wconf 80' lang='grc' dir='ltr'><strong>ἐξ</strong></span> <span class='ocrx_word' id='word_1_815' title='bbox 2170 5359 2443 5430; x_wconf 76' lang='grc' dir='ltr'>ἐμπορίας</span> <span class='ocrx_word' id='word_1_816' title='bbox 2492 5359 2782 5431; x_wconf 87' lang='grc' dir='ltr'>Ῥωμαίων</span> <span class='ocrx_word' id='word_1_817' title='bbox 2829 5363 3191 5431; x_wconf 82' lang='grc' dir='ltr'>συγγένειαν,</span> <span class='ocrx_word' id='word_1_818' title='bbox 3244 5365 3321 5428; x_wconf 86' lang='grc' dir='ltr'>ὡς</span> <span class='ocrx_word' id='word_1_819' title='bbox 3372 5383 3393 5416; x_wconf 74' lang='grc' dir='ltr'><strong>ι</strong></span> <span class='ocrx_word' id='word_1_820' title='bbox 3435 5357 3629 5429; x_wconf 66' lang='grc' dir='ltr'>Ἐγὼδὲ</span> 
     </span>
    </p>
   </div>
   <div class='ocr_carea' id='block_1_111' title="bbox 2088 5451 3625 5529">
    <p class='ocr_par' dir='ltr' id='par_1_111' title="bbox 2088 5451 3625 5529">
     <span class='ocr_line' id='line_1_111' title="bbox 2088 5451 3625 5529; baseline 0.002 -27"><span class='ocrx_word' id='word_1_821' title='bbox 2088 5451 2183 5505; x_wconf 72' lang='grc' dir='ltr'>καὶ</span> <span class='ocrx_word' id='word_1_822' title='bbox 2220 5452 2574 5522; x_wconf 83' lang='grc' dir='ltr'>γεγέννημαι,</span> <span class='ocrx_word' id='word_1_823' title='bbox 2619 5474 2637 5507; x_wconf 75' lang='grc' dir='ltr'><strong>ι</strong></span> <span class='ocrx_word' id='word_1_824' title='bbox 2678 5455 2801 5508; x_wconf 72' lang='grc' dir='ltr'>ἀντὶ</span> <span class='ocrx_word' id='word_1_825' title='bbox 2835 5455 2951 5522; x_wconf 82' lang='grc' dir='ltr'>τοῦ,</span> <span class='ocrx_word' id='word_1_826' title='bbox 2987 5456 3144 5513; x_wconf 84' lang='grc' dir='ltr'>Κατά</span> <span class='ocrx_word' id='word_1_827' title='bbox 3173 5458 3374 5529; x_wconf 76' lang='grc' dir='ltr'>κλῆρόν</span> <span class='ocrx_word' id='word_1_828' title='bbox 3420 5472 3503 5529; x_wconf 84' lang='grc' dir='ltr'><strong>μοι</strong></span> <span class='ocrx_word' id='word_1_829' title='bbox 3540 5468 3625 5505; x_wconf 68' lang='grc' dir='ltr'>που</span> 
     </span>
    </p>
   </div>
   <div class='ocr_carea' id='block_1_112' title="bbox 1677 5642 2351 5722">
    <p class='ocr_par' dir='ltr' id='par_1_112' title="bbox 1677 5642 2351 5722">
     <span class='ocr_line' id='line_1_112' title="bbox 1677 5642 2351 5722; baseline 0.012 -9"><span class='ocrx_word' id='word_1_830' title='bbox 1677 5655 1909 5713; x_wconf 63' lang='lat' dir='ltr'><strong>unus</strong></span> <span class='ocrx_word' id='word_1_831' title='bbox 1948 5642 2351 5722; x_wconf 78' lang='lat' dir='ltr'><strong>LECTIONES.</strong></span> 
     </span>
    </p>
   </div>
  </div>
