3880 6206
150 297 266 364 (283

982 288 1082 349 AD
1119 285 1717 350 AMPIIILOCHIUM
1755 282 2102 358 QUESTIO
2134 281 2337 357 CXVI,
2368 281 2601 344 CXVII.

3349 282 3456 348 690

153 408 346 480 τρῷον
373 408 408 478 ἡ
441 403 727 477 Ῥωμαϊκὴ
755 401 1048 472 συγγένεια
1080 401 1321 465 κάτεισι,
1348 403 1444 456 καὶ
1477 402 1579 456 οὐκ
1609 401 1748 454 ίδιω-

1859 398 2240 454 codicillorum
2276 397 2654 450 Romanorum
2709 393 2781 448 de
2815 411 3015 473 eorum
3031 395 3298 452 alllnitate
3333 398 3452 468 glo-

152 500 385 554 τεύουσι
421 499 535 561 τοῖς
567 494 822 565 γονεῦσιν
867 491 1114 562 λαγόνων
1171 491 1447 563 μητρῴων
1485 491 1757 562 προῆλθον

154 591 239 652 εἰς
268 589 411 658 φῶς,
447 587 566 642 ἀλλ’
615 587 718 658 ήδη
768 585 862 639 καὶ
897 581 993 636 τοῦ
1058 579 1374 652 Ῥωμαϊκοῦ
1420 585 1534 646 τοῖς
1571 581 1756 654 γράμο

157 697 336 752 μασιν
363 680 560 743 αὐτοὺς
586 677 948 749 σεμνύνοντος
980 671 1243 741 αἵματος.
1277 675 1445 728 Ὥστε
1491 675 1553 728 οὐ
1593 673 1756 744 μόνον

150 777 252 830 δύο
286 775 574 848 πατρίδες,
601 777 739 848 ὅπερ
763 778 927 844 αὐτὸς
960 774 1356 851 ἀμφισδητεῖς,
1389 771 1470 841 τῷ
1497 770 1596 840 τῆς
1621 770 1754 840 ἀλη-

152 869 314 933 θείας
339 870 690 942 εὑρίσκονται
729 872 923 942 ῥήτορι
957 888 969 901 ·
1011 870 1128 925 ἀλλ’
1181 867 1286 939 ήδη
1324 863 1464 934 πρὸς
1515 861 1749 924 ταύταις

152 963 250 1016 καὶ
277 964 442 1034 τρίτη
465 975 480 991 ’
510 959 588 1016 ὧν
617 958 699 1028 εἷς
732 965 831 1035 μὲν
856 965 926 1018 τὰ
955 962 1220 1034 Γίσχαλα,
1251 962 1312 1012 ὲν
1337 960 1405 1029 τῇ
1431 955 1612 1027 μερίδι
1656 953 1752 1008 καὶ⁴

147 1058 353 1129 δικαίῳ
380 1059 481 1128 τῆς
499 1057 880 1130 Βενιαμίτιδος
906 1059 1082 1130 φυλῆς
1106 1053 1447 1125 ἀναφέρεται
1473 1067 1487 1082 ·
1532 1035 1584 1102 οἱ
1605 1049 1752 1118 Ταρ-

1856 493 2164 548 riabantur.
2243 490 2320 545 ita
2343 491 2468 544 dua:
2505 488 2716 558 patriae,
2757 489 2825 544 de
2859 505 2968 558 qua
3002 506 3061 545 re
3094 491 3190 546 tibi
3215 501 3452 561 qumstto

1856 583 2195 647 instituitur,
2253 581 2503 636 veritatis
2568 580 2646 634 illi
2701 582 2942 650 praeconi
3007 582 3447 651 contingebant;

1853 675 1948 731 sed
1998 680 2117 728 erat
2169 670 2351 726 adhuc
2397 671 2592 736 tertia;
2654 671 2829 740 prima
2867 687 3084 739 nempe,
3121 671 3346 726 Giscala
3393 672 3449 726 in

1855 766 1998 820 tribu
2062 761 2402 833 Bcnjamini;
2463 761 2672 818 Tarsus
2753 763 3025 819 beneﬁcio
3075 763 3447 833 captivitatis;

1854 858 2104 913 Romana
2165 857 2364 911 civuas
2420 871 2516 926 per
2562 864 2842 926 parentes,
2865 857 2958 926 qui
2991 872 3160 910 censu
3195 855 3449 910 Romano

1855 951 2338 1015 describebantnr,
2367 964 2490 1020 quae
2517 949 2754 1020 dignitas
2784 966 2881 1022 per
2915 960 3118 1006 sortem
3164 959 3446 1020 paternam

1858 1043 1925 1099 ad
1950 1043 2101 1097 illum
2128 1039 2419 1096 transibat.

151 1152 238 1203 σοὶ
277 1151 340 1204 δὲ
369 1153 470 1222 τῆς
502 1151 885 1222 αἰχμαλωσίας
910 1152 1085 1224 δῶρον
1125 1151 1378 1218 ἐγένοντο
1403 1160 1419 1174 °
1465 1143 1739 1212 Ῥωμαῖον
1778 1137 1837 1192 δὲ
1884 1136 1996 1190 τῶν
2063 1134 2336 1189 τεκόντων
2374 1135 2409 1204 ή
2465 1133 2546 1198 είς
2583 1132 2710 1196 τοὺς
2773 1131 3080 1205 Ῥωμαίους
3150 1131 3448 1204 ἀναγραφὴ

148 1247 322 1310 ποιεῖ,
350 1245 532 1300 καὶτὸ
561 1247 832 1314 πατρικὸν
852 1246 942 1300 διὰ
969 1246 1064 1301 τοῦ
1096 1245 1302 1315 κλήρου
1343 1239 1622 1296 διαϐαῖνον
1668 1237 1751 1300 είς
1789 1232 1954 1288 αὐτὸν
1984 1229 2227 1300 ἀξίωμα.

691 1361 1025 1415 ΕΡΩΤΗΣΙΣ
1054 1359 1202 1416 ΡΙΖ’.

523 1451 594 1508 Ἦ
615 1452 771 1521 αὖτὴ
801 1452 1022 1521 ἀπορία
1056 1450 1156 1505 καὶ
1190 1451 1392 1516 λύσις.

1997 1341 2326 1412 QUIESTIO
2357 1341 2570 1398 cxvu.
2606 1340 2798 1414 [σοῖσι.
2827 1337 3151 1411 cxxxrxq
3183 1339 3299 1410 (τι)

2239 1435 2444 1491 Eadem
2472 1435 2738 1490 dubitatio
2769 1444 2820 1488 et
2846 1434 3062 1489 solutio.

1034 1563 1174 1624 Edita
1202 1579 1227 1613 a
1253 1561 1554 1612 Montacutlo
1579 1557 1685 1620 (ep.
1711 1553 1824 1613 ΞΠ,
1848 1553 1908 1600 ad
1934 1552 2186 1613 eumdem,
2211 1564 2261 1613 p.
2285 1552 2396 1610 578,
2417 1551 2551 1612 280).

220 1651 441 1722 Ὠσπερ
489 1652 518 1704 6
549 1652 762 1717 κλεινὸς
803 1651 1118 1724 Βαρνάϐας,
1167 1653 1230 1706 τδ
1275 1653 1377 1723 τῆς
1431 1648 1738 1722 πραότητος

1912 1641 2386 1709 Quemadmodum
2449 1638 2747 1711 praeclarus
2792 1635 2883 1691 ille
2915 1634 3220 1698 Barnabas,
3259 1635 3438 1690 comi-

145 1746 240 1798 καὶ
275 1745 628 1815 συμπαθείας
661 1745 737 1808 ὼς
765 1745 983 1813 άληθῶς
1022 1743 1241 1810 σκεῦος,
1276 1744 1474 1814 α’ίματι
1530 1737 1740 1812 προγό-

144 1854 254 1889 νων
335 1837 590 1900 Ἰουδαῖος
640 1835 739 1900 ὢν,
783 1837 1033 1908 Κύπριον
1079 1835 1142 1891 τὸ
1182 1836 1292 1890 ἀπὸ
1325 1835 1429 1905 τῆς
1481 1830 1744 1904 πατρίδος

143 1922 300 1982 εἷλκε
335 1927 531 1998 γένος⁹
566 1930 662 1983 καὶ
694 1932 722 1983 6
759 1928 941 2000 λόγιος
989 1929 1288 1994 Ἀπολλὼς,
1334 1931 1363 1982 6
1409 1927 1488 1998 τῷ
1533 1924 1744 1996 κηρύγ-

145 2037 280 2089 ματι
325 2021 428 2087 τὴν
476 2021 712 2090 Ἔφεσον
736 2019 972 2091 φθάσας,
1037 2021 1306 2090 καὶπρὸς
1347 2019 1448 2091 τὴν
1517 2017 1741 2086 Ἀχαΐαν

144 2110 367 2174 διαϐάς,
413 2111 714 2182 Ἰουδαϊκῆς
745 2112 1012 2184 ὑπάρχων
1040 2111 1240 2183 φυλῆς,
1295 2111 1395 2164 ὅσα
1458 2109 1538 2171 είς
1579 2106 1740 2175 φύσιν

142 2201 484 2271 ἀναφέρεται
513 2203 622 2256 τῶν
668 2203 1116 2274 γεννησαμένων,
1149 2203 1239 2258 διὰ
1289 2205 1389 2273 τῆς
1442 2197 1740 2270 παροικίας

143 2294 243 2362 τὴν
289 2293 705 2365 Ἀλεξάνδρειαν
752 2297 1101 2366 ἐπεγράφετο
1148 2295 1384 2367 πατρίδα
1411 2311 1426 2324 ο
1457 2292 1601 2346 οὕτω
1643 2289 1740 2344 xui.

142 2385 170 2436 6
213 2385 364 2456 ἱερὸς
397 2385 632 2450 Παῦλος,
665 2384 726 2450 ἐξ
759 2387 1034 2442 Ἰουδαίων
1082 2405 1142 2441 τε
1176 2388 1302 2456 φὺς,
1363 2385 1458 2440 καὶ
1505 2387 1587 2447 εἰς
1640 2383 1738 2454 τὴν

144 2478 503 2548 Βενιαμίτιδα
530 2478 703 2550 φυλὴν
735 2481 1067 2550 ἀνηγμένος,
1103 2480 1353 2550 Ταρσοὺς
1405 2479 1516 2531 τῶν
1547 2477 1740 2530 τεκόν-

145 2588 254 2623 των
276 2570 380 2640 τὴν
419 2570 702 2640 Ἑλληνίδα
727 2570 884 2624 πόλιν
911 2568 1306 2640 ὲπῳκηκδτων,
1332 2569 1604 2638 ἐκτήσατο
1632 2585 1739 2620 πα-

143 2662 323 2733 τρίδα.
350 2662 566 2732 Ὠσπερ
588 2661 644 2714 δὲ
670 2662 834 2716 πάλιν
858 2663 887 2714 6
905 2661 1205 2732 χιλίαρχος,
1233 2661 1322 2714 διὰ
1347 2661 1446 2729 μὲν
1469 2659 1580 2712 τῶν
1609 2657 1741 2728 φύν-

144 2770 254 2806 των
276 2751 377 2805 xui.
405 2751 508 2822 τῆς
535 2751 889 2821 ἐνεγκούσης,
924 2752 1000 2816 ὡς
1059 2751 1404 2825 πορρωτάτω
1463 2748 1558 2802 τοῦ
1603 2748 1738 2802 Ῥω-

151 2841 355 2914 μαϊκοῦ
386 2841 630 2896 διίστατο
664 2841 857 2910 γένους
881 2857 894 2870 ·
917 2841 1168 2912 χρήμασι
1191 2841 1269 2896 δὲ.
1298 2840 1374 2902 ὡς
1400 2837 1564 2899 αὐτὸς
1596 2838 1740 2889 ἐκεῖ-

147 2941 234 3001 νος
267 2935 622 3006 διωμολόγει,
654 2937 735 2999 είς
755 2934 854 3007 τὴν
881 2935 1108 2988 ἐκείνων
1129 2933 1382 2986 εὔκλειαν
1412 2930 1693 3000 ἀνελήςςθη
1719 2945 1734 2960 ⁸

1852 1738 1984 1788 tatis
2007 1743 2062 1788 et
2084 1729 2483 1802 compassionis
2515 1745 2635 1794 vas,
2685 1744 2782 1796 per
2812 1727 3082 1795 majorum
3115 1726 3441 1794 sanguinem

1849 1824 2074 1880 Iudaeus
2104 1833 2243 1889 erat,
2273 1823 2366 1878 sed
2412 1821 2587 1894 patria
2634 1830 2789 1876 ortus
2837 1817 3018 1890 Cypro
3059 1835 3074 1873 :
3113 1827 3166 1872 et
3196 1807 3443 1873 disertus

1851 1919 1940 1974 ille
1971 1917 2190 1988 Apollo,
2239 1918 2334 1988 qui
2369 1933 2463 1986 per
2492 1930 2648 1970 suam
2678 1911 3124 1984 pranlicationem
3158 1909 3437 1980 Ephesum

1848 2011 2161 2081 occupavit,
2222 2020 2277 2064 et
2300 2010 2426 2064 inde
2456 2007 2675 2062 transiit
2697 2006 2750 2060 in
2777 2004 3065 2071 Achaiam,
3107 2019 3256 2069 cum,
3287 2003 3439 2072 quod

1850 2114 2104 2173 parentes
2157 2113 2390 2174 spectat,
2449 2102 2518 2157 de
2565 2101 2710 2154 tribu
2734 2097 2888 2153 Judze
2922 2106 3089 2163 esset,
3152 2096 3439 2166 provincia

1851 2204 2030 2250 tamen
2063 2195 2432 2250 Alexandrina
2464 2191 2788 2257 oriebatur;
2840 2190 2922 2245 sic
2965 2198 3020 2243 et
3053 2197 3279 2243 sanctus
3304 2187 3440 2241 Pau-

1849 2289 1956 2356 lus,
2009 2304 2038 2342 a
2068 2286 2273 2343 Judzeis
2295 2295 2476 2351 ortus,
2527 2295 2582 2340 et
2615 2284 2680 2338 ad
2717 2284 2916 2338 tribum
2952 2279 3263 2352 Benjamini
3298 2281 3440 2334 rela-

1849 2392 1956 2444 tus.
1986 2398 2052 2437 eo
2077 2382 2222 2452 quod
2255 2387 2508 2451 parentes
2536 2378 2768 2432 Tarsum
2807 2373 3055 2432 Graecam
3109 2375 3301 2428 urbem
3354 2373 3436 2426 in-

1846 2474 2121 2538 colebant,
2179 2489 2298 2528 eam
2355 2471 2461 2526 sibi
2519 2470 2748 2542 patriam
2808 2467 3001 2522 habuit
3051 2483 3065 2520 :
3133 2465 3434 2520 chiliarcha

1848 2567 2034 2620 itidem
2090 2581 2185 2634 per
2241 2565 2520 2632 genitores
2580 2575 2711 2615 suos
2769 2569 2978 2630 patrem
3029 2569 3085 2612 et
3136 2566 3367 2611 matrem
3405 2572 3436 2608 a

1848 2656 2096 2712 Romana
2145 2657 2360 2728 origine
2413 2654 2732 2723 longissime
2781 2653 2993 2716 aberat,
3051 2650 3145 2706 sed
3179 2650 3305 2703 data
3338 2664 3434 2718 pe-

1847 2751 2032 2813 cunia,
2088 2751 2235 2818 quod
2302 2747 2507 2802 fatetur
2567 2747 2704 2816 ipse,
2764 2746 2818 2798 in
2846 2743 3066 2798 illorum
3098 2741 3436 2796 nobilitatem

1845 2841 2229 2899 assninehatur
2262 2859 2277 2896 :
2311 2849 2366 2895 et
2417 2841 2566 2894 velut
2617 2839 2749 2893 urbs
2784 2837 3041 2905 Philippi,
3096 2834 3432 2889 Macedonici

1847 2934 2130 3006 regiminis
2189 2931 2528 3002 metropolis,
2593 2946 2695 2986 nec
2742 2928 3061 2983 aﬂinitatem
3090 2926 3280 2981 habuit
3307 2941 3433 2980 cum

147 3029 243 3083 καὶ
274 3027 526 3100 ὥσπερὴ
555 3027 840 3081 Φιλίππων
870 3029 1027 3090 πόλις
1057 3026 1157 3098 τῆς
1191 3025 1523 3080 Μακεδόνων
1565 3026 1735 3094 ἐπαρ-

1847 3025 2112 3080 llomauis
2145 3024 2311 3078 ullam
2336 3064 2351 3088 ,
2400 3034 2582 3078 tamen
2623 3026 2689 3076 de
2729 3019 2978 3073 Romano
3012 3019 3235 3072 nomine
3260 3016 3436 3086 potuit

148 3122 272 3192 χίας
326 3120 666 3192 μητρόπολις
717 3115 874 3186 οὐσα,
933 3120 1026 3172 xui.
1078 3118 1231 3172 οὐδὲν
1282 3117 1495 3170 δίκαιον
1538 3116 1741 3186 ἔχουσα

150 3215 288 3283 πρὸς
351 3215 679 3282 συγγένειαν
755 3212 1064 3283 Ῥωμαίων,
1143 3211 1295 3281 ὅμως
1355 3209 1600 3282 ἠδυνήθη
1646 3196 1742 3279 ’τῷ

150 3306 361 3376 ταύτης
408 3306 636 3376 όνόματι
669 3303 1114 3374 λαμπρυνθῆναι.
1167 3302 1276 3356 Καὶ
1318 3302 1425 3372 γὰρ
1460 3302 1510 3354 οί
1557 3299 1742 3369 κύριοι

151 3394 250 3465 τῆς
313 3395 628 3464 παιδίσκης,
689 3395 747 3461 ἐξ
780 3389 849 3466 ἧς
907 3394 972 3448 τὸ
1032 3392 1126 3446 τοῦ
1175 3391 1429 3455 Πυθῶνος
1482 3391 1740 3463 ἀπηλάθη

153 3486 393 3558 πνεῦμα,
430 3486 866 3555 ἀγανακτοῦντες
893 3484 1036 3539 κατὰ
1061 3484 1170 3538 τῶν
1201 3485 1302 3554 τῆς
1330 3484 1592 3555 ἀληθείας
1635 3500 1740 3552 κη-

155 3579 359 3646 ρύκων,
393 3579 490 3632 καὶ
537 3579 677 3649 πρὸς
727 3579 854 3642 τούς
910 3578 1257 3649 στρατηγοὺς
1294 3577 1548 3642 ἕλκοντες
1612 3579 1742 3641 τοὺς

153 3670 577 3736 ἀπαλλάξαντας
618 3671 680 3725 τδ
706 3671 937 3741 πλάσμα
958 3670 1054 3724 τοῦ
1079 3670 1384 3740 δαιμονίου,
1411 3669 1642 3741 ἐπείπερ
1704 3670 1738 3740 ὴ

154 3764 425 3834 θεραπεία
474 3762 552 3832 τῷ
606 3761 769 3816 πάθει
793 3763 1211 3832 συναπήλαυνεν
1267 3762 1451 3816 αὐτῶν
1483 3765 1580 3816 καὶ
1638 3761 1738 3833 τήν

151 3856 445 3928 ὶμπορίαν,
486 3874 504 3907 ι
533 3848 696 3909 Οὗτοι
749 3855 796 3906 oi
829 3853 1134 3924 ἄνθρωποι,
1215 3856 1406 3923 φασὶν,
1464 3855 1740 3925 ἐκταράσ-

157 3963 339 4001 σουσιν
369 3947 530 4018 ἡμῶν
575 3947 674 4018 τὴν
712 3947 892 4008 πόλιν,
933 3945 1179 4001 Ἰουδαῖοι
1222 3945 1588 4018 ὑπάρχοντες,
1643 3947 1740 4001 καὶ

155 4037 618 4107 καταγγέλλουσιν
653 4037 773 4110 ἔθη.
805 4037 841 4092 ἃ
868 4038 969 4091 οὐκ
1006 4037 1221 4104 ἔξεστιν
1249 4039 1382 4108 ἡμῖν
1430 4038 1740 4110 παραδέχε-

157 4123 276 4184 σθαι
295 4131 418 4185 οὐδὲ
458 4133 656 4197 ποιεῖν,
701 4131 996 4201 Ῥωμαίοις
1021 4125 1194 4185 οὖσιν.
1235 4153 1253 4183 ι
1305 4132 1470 4203 Ὁρᾷς
1511 4133 1658 4195 ὅπως
1686 4133 1738 4184 οί

153 4222 524 4293 Φιλιππήσιοι,
558 4227 628 4295 τῇ
689 4223 977 4294 Ῥωμαίων
1029 4223 1258 4288 ἑαυτοὺς
1316 4223 1738 4295 ὲπισεμνύνουσι

155 4314 365 4386 κλήσει.
393 4316 606 4387 Ὠσπερ
639 4316 696 4370 6's
727 4318 910 4378 πάλιν,
937 4315 1146 4369 τούτων
1169 4314 1423 4387 ὕστερον,
1468 4314 1735 4387 Ἰώσηπος

1846 3118 2111 3174 illustrari
2147 3135 2160 3172 :
2220 3133 2350 3171 nam
2389 3118 2558 3172 herus
2597 3115 2743 3170 illius
2770 3112 2981 3168 ancillae
3009 3126 3041 3168 e
3071 3125 3177 3180 qua
3203 3108 3435 3179 spiritus

1845 3212 2188 3284 Pythonicus
2235 3211 2359 3278 fuit,
2416 3209 2736 3280 indignatus
2776 3215 2963 3263 contra
2998 3203 3245 3259 veritatis
3290 3218 3432 3270 pra:-

1845 3322 2033 3368 cones,
2089 3315 2143 3358 et
2173 3303 2397 3359 trahens
2429 3302 2550 3357 illos
2575 3300 2642 3356 ad
2685 3299 3066 3369 magistratum
3100 3294 3431 3364 puniendus,

1841 3398 1937 3469 qui
1987 3404 2294 3452 creaturam
2329 3392 2420 3448 Dei
2480 3409 2510 3446 a
2555 3391 2775 3446 diabolo
2811 3389 3162 3450 liberaverat,
3195 3401 3262 3439 eo
3288 3383 3434 3454 φημι

1841 3503 1938 3558 per
1989 3487 2329 3542 curationem
2389 3483 2538 3538 illam
2572 3483 2791 3537 illorum
2833 3494 3055 3550 quoque
3086 3479 3301 3532 lucrum
3334 3476 3430 3530 ab-

1842 3580 2100 3647 sciderat,
2145 3599 2164 3631 ι
2193 3579 2288 3634 Isti
2321 3578 2590 3642 homines,
2623 3576 2903 3646 inquiens,
2927 3589 3055 3630 cum
3098 3573 3211 3627 sint
3235 3569 3432 3630 Judaei,

1843 3684 2087 3729 nostram
2138 3672 2472 3730 conturbant
2518 3669 2820 3731 civitatem,
2867 3677 2924 3722 et
2957 3667 3222 3736 quasdam
3277 3665 3438 3731 nobis

1841 3765 2146 3820 obtrudunt
2211 3761 2682 3828 consuetudines,
2751 3775 2892 3829 quas
2967 3758 3258 3812 admittere
3321 3771 3431 3810 non

1841 3858 2131 3923 debemus,
2201 3872 2327 3912 cum
2401 3855 2642 3923 Romani
2689 3854 2865 3908 simus
2905 3853 2974 3906 ⁸⁸.
3028 3870 3044 3902 ι
3121 3849 3286 3904 Vides
3344 3847 3435 3902 hic

1840 3951 2221 4019 l’hilippenscs
2290 3949 2450 4002 titulo
2511 3963 2571 4001 se
2628 3947 2878 4000 Romano
2929 3943 3302 3998 venditantes.
3363 3940 3434 3998 Et

1840 4053 1964 4117 post
2011 4061 2076 4099 ea
2131 4053 2401 4114 tempora.
2455 4040 2733 4111 Josephus
2780 4055 2810 4095 a
2863 4037 3094 4095 Iudaica
3131 4036 3438 4107 propagine

1840 4138 2076 4210 genuina
2115 4137 2352 4206 genitus,
2391 4145 2448 4190 et
2504 4134 2735 4204 patriam
2768 4133 3000 4188 sortitus
3043 4129 3371 4191 Jerusalem,
3403 4145 3436 4182 υ

1840 4233 2187 4288 sacerdotum
2250 4229 2421 4298 stirpe
2463 4227 2725 4282 sacerdos
2783 4227 2900 4296 ipse
2933 4265 2952 4290 ,
3043 4232 3228 4277 tamen
3281 4237 3436 4276 moro

1843 4327 2094 4381 Romano
2153 4320 2375 4376 Flavius
2428 4321 2715 4375 dicebatur
2763 4336 2778 4373 :
2847 4333 3014 4388 quem
3071 4316 3151 4370 illi
3205 4314 3434 4369 honoris

164 4405 429 4476 Ἐϐραίων
454 4424 514 4460 τε
543 4407 776 4477 γνησίας
807 4407 1020 4476 σπορᾶς
1041 4404 1440 4476 ὲκϐλαστήσας,
1473 4405 1569 4458 καὶ
1591 4403 1736 4458 αὐτὰ

1844 4419 2099 4480 titulum,
2156 4413 2480 4485 Vespasiani
2536 4426 2850 4482 praznomen
2905 4409 3076 4472 dedit,
3134 4423 3259 4462 cum
3320 4405 3434 4458 illis

160 4499 386 4569 πατρίδα
414 4499 484 4552 τὰ
522 4497 876 4570 Ἰεροσόλυμα
915 4497 1361 4569 κεκληρωμένος,
1427 4497 1485 4564 ἐξ
1537 4497 1733 4568 ἱερέων

154 4605 210 4641 τε
239 4591 334 4643 καὶ
365 4591 546 4661 ίερεύς
593 4591 726 4643 αὐτὸ
760 4589 923 4643 τοῦτο
979 4588 1353 4661 χρηματίσας,
1392 4589 1534 4660 πλὴν
1596 4589 1734 4660 πρὸς

153 4683 216 4752 τῇ
246 4681 546 4753 ’Ῥωμαίων
582 4681 798 4753 κλήσει,
844 4681 942 4735 καὶ
967 4683 1068 4751 τὴν
1104 4679 1363 4748 Φλάϐιος
1387 4681 1735 4752 ἐπεγράφετο

157 4777 570 4848 προσηγορίαν·
619 4775 648 4830 ὃ
693 4774 866 4846 γέρας
914 4775 948 4845 ή
996 4773 1094 4828 τοῦ
1145 4775 1564 4830 Οὐεσπασιανοῦ
1632 4777 1736 4830 ἑπ-

155 4871 360 4940 ωνυμία
375 4871 487 4934 τοῖς
515 4868 831 4940 Ῥωμαϊκὴν
864 4867 1126 4940 αὐχοῦσιν
1151 4869 1251 4940 τὴν
1275 4869 1600 4938 συγγένειαν
1626 4868 1735 4922 ἐδί-

154 4960 262 5018 δου.
318 4963 430 5017 Καὶ
482 4963 544 5017 οὐ
578 4964 740 5034 μόνον
802 4963 1076 5032 Ῥωμαῖον
1137 4963 1302 5016 αὐτὸν
1355 4963 1451 5016 καὶ
1502 4961 1734 5016 Φλάϐιον

159 5055 483 5126 ἀναγράφων
516 5053 757 5126 οὐδαμοῦ
791 5055 970 5122 ξενίας
1023 5057 1052 5109 ό
1103 5053 1369 5126 Ἰώσηπος
1397 5055 1575 5109 ἑάλω·
1609 5055 1735 5108 καί·

157 5163 234 5201 τοι
257 5149 468 5202 πολλῶν
523 5148 602 5220 τῷ
633 5147 817 5219 φθόνῳ
864 5148 984 5201 κατ’
1035 5147 1204 5202 αὐτοῦ
1239 5147 1542 5218 βαλλόντων
1569 5163 1585 5180 ·
1616 5147 1734 5202 ἀλλ’

159 5241 262 5294 οὐδ’
293 5243 518 5310 ἔνδειξιν
547 5241 800 5314 εἰσήχθη.
845 5242 909 5294 Εἰ
961 5240 1144 5312 βούλει
1179 5241 1237 5294 δὲ
1271 5244 1369 5295 καὶ
1423 5241 1564 5312 αὐτὴ
1620 5241 1734 5294 τῶν

170 5329 553 5405 Ἱεροσολύμων
615 5335 650 5403 ἡ
718 5332 895 5397 πόλις,
942 5335 1159 5402 γενεαῖς
1199 5333 1460 5404 ὑστέραις
1515 5335 1581 5387 ὲκ
1631 5335 1732 5405 τῆς

69 5495 73 5501 .
173 5426 439 5498 ’Λδριανοῦ
470 5426 858 5500 προσωνυμίας
891 5426 991 5496 τὴν
1021 5426 1222 5480 Αίλίων
1245 5426 1438 5498 κλῆσιν
1465 5426 1728 5498 λαχοῦσα,

227 5537 272 5569 ⁸⁸
309 5544 430 5597 Act.
466 5558 578 5609 xvt,
605 5542 697 5597 20.

228 5699 335 5768 (Ἡ)
366 5703 489 5758 Ilaec
507 5713 739 5831 quaestio
764 5705 816 5758 in
842 5707 963 5760 cod.
1008 5703 1232 5759 Taurin.
1267 5704 1447 5759 indice
1488 5719 1596 5757 non
1624 5718 1720 5756 nu-

228 5783 392 5831 :tatur
414 5775 504 5831 :in
544 5790 576 5831 ο
600 5776 990 5831 aCoisliniano
1010 5776 1209 5831 dill‘ert.
1231 5792 1357 5831 cum
1389 5790 1496 5831 uuo
1524 5777 1577 5830 iu
1607 5790 1710 5828 nu-

165 5783 392 5832 meratur
414 5776 576 5844 ;inde
600 5792 631 5832 a
647 5776 1209 5844 Coislinianodilfert,
1231 5792 1357 5832 cum
1389 5790 1496 5848 quo
1524 5777 1577 5830 iu
1607 5790 1710 5828 nu-

1841 4524 2214 4571 communem,
2282 4506 2378 4576 qui
2449 4503 2925 4575 consanguinitate
2976 4515 3103 4557 cum
3165 4498 3429 4552 Romanis

1840 4601 2248 4661 eﬂ'erebantur?
2302 4598 2412 4653 Nec
2433 4597 2695 4667 Josepho,
2726 4597 2817 4666 qtti
2856 4595 3166 4649 Romanum
3215 4601 3270 4645 et
3301 4589 3427 4643 Fla~

1841 4697 1992 4750 vium
2031 4693 2375 4764 indigitabat,
2413 4691 2592 4746 dicam
2617 4689 2785 4759 aliqui
2821 4687 3003 4752 ξενίας
3055 4683 3424 4753 inscripsere;

1837 4803 1964 4843 cum
2016 4797 2199 4841 tamen
2251 4801 2320 4841 ex
2354 4785 2554 4838 invidia
2599 4784 2676 4838 illi
2728 4784 2914 4853 plures
2962 4781 3427 4839 adversarentur;

1838 4880 1936 4936 sed
1966 4893 2066 4934 nec
2084 4878 2400 4948 rapiebatur
2426 4875 2545 4930 κατ’
2564 4875 2815 4942 ἔνδειξιν,
2851 4874 2916 4929 ad
2937 4871 3128 4942 judieii
3151 4867 3423 4924 tribunal:

1840 4988 2030 5028 verum
2074 4981 2128 5027 et
2188 4971 2308 5042 ipsa
2376 4973 2506 5025 urbs
2576 4966 3110 5038 Hierosolymitana,
3169 4961 3421 5032 sequenti

1838 5067 2061 5128 sa-culo,
2129 5066 2196 5120 de
2247 5063 2474 5119 Adriani
2523 5062 2744 5117 nomine
2781 5059 2943 5115 Elia:
2969 5059 3128 5113 titulo
3157 5053 3421 5125 insigniu-

1841 5161 2035 5225 batnr,
2087 5168 2143 5214 et
2199 5174 2371 5230 genus
2425 5158 2529 5213 hoc
2584 5167 2742 5227 pacto
2803 5156 3055 5209 indutum
3108 5152 3420 5206 Romanum

1839 5249 2206 5306 communiter
2259 5263 2476 5318 semper
2536 5247 2856 5302 vocabatur.
2940 5240 3414 5310 Quemadmodum

1837 5351 2019 5398 autem
2074 5343 2163 5397 isti
2191 5358 2404 5406 onities,
2447 5343 2667 5396 natione
2696 5350 2750 5395 et
2778 5339 2955 5410 patria
2995 5352 3122 5392 cum
3155 5334 3442 5402 alicnige-_

1837 5451 1922 5489 na:
1971 5447 2177 5501 essent,
2227 5437 2280 5490 in
2309 5436 2586 5492 civitatem
2633 5432 2938 5489 Romanam
2971 5428 3128 5486 asciti
3171 5427 3420 5489 fuerant;

1632 5571 1634 5574 ’
1675 5607 1906 5664 now.

1830 5719 1980 5829 mero
2001 5711 2055 5759 ct
2084 5703 2276 5762 ordine
2298 5704 2444 5760 circa
2472 5704 2570 5760 138
2599 5704 2809 5774 priores
2827 5704 3163 5775 quaestiones
3185 5719 3423 5759 coruscu-

1830 5789 1948 5829 sera
1981 5814 1992 5828 .

1824 5789 1992 5831 serat.
