3880 6206
429 251 530 318 691

1581 267 1849 329 ΡΠΟΤῘῙ
1879 269 2002 329 ΡᾹΊ

2109 267 2391 329 ΪΛΒΟΗᾸΞ
2430 268 2543 332 CP.
3593 273 3700 337 692

429 365 511 419 sic
543 372 597 420 et
628 365 769 421 beati
803 366 954 422 Pauli
991 380 1244 439 parentes
1270 388 1395 429 cum
1426 375 1593 430 vitam
1610 394 1765 432 suam
1787 388 2002 448 agerent

2109 379 2510 448 δημοποιητὺν,
2543 378 2620 443 ὡς
2650 378 2818 447 φάναι
2846 379 2909 433 τδ
2938 378 3093 446 ἔπος,
3125 378 3188 433 τὸ
3215 379 3512 451 Ῥωμαίων
3545 386 3697 450 γένος

426 471 537 509 non
573 456 626 510 in
675 458 906 513 obscura
957 471 1115 531 gente
1153 461 1489 532 Judzeorum,
1550 468 1644 522 sed
1690 470 1829 523 ultra
1857 484 2002 523 eom-

2110 469 2299 523 ὑπέδυ.
2323 471 2537 539 Ὠσπερ
2558 464 2813 525 οῦνοῦτοι
2843 473 3064 539 πάντες,
3091 473 3277 537 ἔθνους
3306 476 3401 527 καὶ
3438 476 3697 544 πατρίδος

350 634 356 640 ι
428 565 650 604 munem
703 553 1049 621 popularium
1089 566 1291 611 sortem
1322 558 1472 627 digni
1509 560 1875 625 habebantur,
1910 561 2002 631 qui

2110 562 2265 624 ὄντες
2293 562 2597 632 ἀλλόφυλον
2632 561 2675 626 ι,
2708 564 2788 628 είς
2818 563 2917 636 τὴν
2959 565 3277 638 Ῥωμαϊκὴν
3316 567 3573 620 ἐτέλεσαν
3601 586 3698 620 πο-

426 640 679 696 tribubus
735 641 996 698 Romanis
1056 646 1278 716 ascripti
1352 660 1407 703 et
1470 651 1731 707 societate
1814 667 2002 707 eorum

2110 651 2474 725 λιτογραφίαν
2507 670 2523 687 '
2558 654 2703 709 οὕτω
2753 656 2848 709 καὶ
2896 657 2947 709 οἱ
2995 656 3090 711 τοῦ
3131 658 3427 712 Θεσπεσίου
3483 660 3696 713 Παύλου

425 733 726 800 gauderent
762 751 776 787 :
816 733 1018 790 Paulus
1072 741 1370 808 prudenter
1404 744 1570 799 sortis
1611 754 1852 814 paterna:
1880 762 2002 802 suc-

2110 748 2309 813 γονεῖς,
2340 748 2442 800 οὐκ
2471 749 2529 800 ὲν
2550 747 2629 819 τῷ
2653 748 2901 819 λεληθότι
2927 750 3027 821 τῆς
3073 750 3374 821 Ἰουδαϊκῆς
3414 752 3691 815 πολιτείας

425 825 754 888 cessionem,
794 836 849 881 et
894 828 1231 885 nobilitatem
1258 832 1323 887 ad
1360 848 1418 888 se
1449 849 1478 888 a
1510 837 1829 904 parentibus
1859 838 2002 893 deri-

2114 836 2380 907 βιοῦντες,
2417 838 2552 892 ἀλλὰ
2583 841 2678 893 καὶ
2698 840 2807 893 τῶν
2830 840 3042 893 πολλῶν
3063 840 3279 912 ἔχοντές
3300 859 3356 895 τι
3384 842 3571 901 πλέον,
3601 842 3698 911 τῆς

425 923 605 969 vatam
648 933 753 971 non
788 918 1092 989 ignorabat.
1142 921 1403 993 Deinceps
1436 925 1602 996 igitur
1633 927 1728 981 tibi
1756 942 1909 983 cura:
1936 928 2008 983 sit

425 1020 537 1059 non
598 1009 759 1063 modo
821 1012 981 1066 dubia
1034 1027 1359 1083 proponere,
1410 1017 1504 1072 sed
1561 1026 1617 1073 et
1675 1020 2008 1089 peculiarem

424 1097 645 1154 illorum
703 1102 1032 1159 solutionem
1101 1119 1407 1177 acceptare,
1462 1117 1517 1164 et
1555 1110 1643 1164 illa
1684 1121 2005 1167 contentum

424 1206 547 1247 esse
604 1210 619 1246 :
681 1210 807 1249 nam
852 1197 899 1251 si
955 1198 1082 1268 quis
1141 1200 1456 1257 dialecueas
1515 1204 1878 1273 quaestiones,
1938 1205 2009 1259 ab

426 1283 772 1349 immediatis,
802 1296 857 1342 et
874 1289 1067 1357 primis
1098 1300 1152 1345 et
1182 1292 1317 1345 καθ’
1342 1293 1477 1346 αὐτὸ
1508 1304 1741 1349 conetur
1772 1297 2004 1363 solvere,

424 1374 667 1431 ludibrio
688 1378 997 1443 habebitur,
1020 1397 1121 1437 nec
1139 1384 1405 1440 mendacii
1435 1386 1658 1456 ell‘ugiet
1686 1389 1957 1443 actionem
1983 1407 1999 1456 ;

422 1476 479 1521 et
538 1468 586 1523 si
641 1469 769 1538 quis
834 1470 889 1525 in
941 1471 1230 1530 rhetoricis
1284 1477 1504 1547 regulas
1557 1478 1920 1535 elementares
1945 1489 2005 1536 ut

424 1561 763 1617 necessarias
814 1563 1094 1633 requirat;
1155 1568 1203 1623 si
1262 1568 1318 1622 in
1355 1569 1762 1627 mathematicis
1787 1571 2007 1642 politica

422 1652 759 1708 theoremata
796 1667 850 1710 et
876 1658 1245 1727 superﬁciales
1270 1661 1652 1730 persuasiones
1684 1663 1739 1717 in
1761 1663 2003 1717 medium

2126 928 2453 999 Ῥωμαῖκῆς
2480 932 2717 1001 φατρίας
2752 931 2980 1002 φυλέται
2998 932 3088 985 διά
3108 934 3207 1001 τῆς
3233 933 3527 1003 ἐγγραφῆς
3551 933 3700 1003 ἐκρί-

2119 1022 2295 1091 θησαν
2328 1022 2427 1075 οὐκ
2453 1023 2665 1091 ἀνάξιοι
2691 1025 3031 1094 χρηματίσαι
3052 1041 3067 1056 ·
3115 1025 3178 1090 ἐξ
3205 1019 3266 1078 οῦ
3317 1026 3415 1079 καὶ
3444 1025 3475 1077 ὁ
3536 1016 3699 1091 σοφὸς

2114 1110 2333 1175 Παῦλος
2362 1112 2616 1183 διαδοχῆς
2663 1114 2854 1185 κλήρῳ
2908 1115 3008 1185 τὴν
3075 1114 3365 1185 Ῥωμαίων
3412 1116 3699 1182 εὐγένειαν

2112 1203 2382 1274 πατρόθεν
2413 1203 2563 1275 αύτῷ
2588 1204 2883 1259 κατιοῦσαν
2904 1205 3005 1259 οὒκ
3038 1205 3242 1275 ἠγνόει.
3276 1207 3351 1259 Τὸ
3374 1206 3565 1260 λοιπὸν
3596 1225 3703 1277 μη-

2114 1295 2236 1348 κέτι
2262 1313 2347 1349 σοι
2397 1296 2458 1349 τὸ
2500 1297 2727 1367 ἀπορεῖν
2760 1298 2924 1367 μόνον
2949 1313 2963 1327 ο
2995 1298 3133 1352 ἀλλά
3182 1298 3322 1353 πολὺ
3375 1299 3582 1369 μᾶλλον
3634 1300 3694 1352 τὸ

2111 1387 2392 1458 ἐπιζητεῖν
2421 1388 2482 1441 τὸ
2530 1390 2729 1443 οἰκεῖον
2758 1388 2871 1443 τῶν
2906 1388 3142 1455 λύσεων,
3184 1392 3282 1444 καὶ
3328 1391 3550 1461 ἀγαπᾷν
3579 1392 3702 1444 επι-

2114 1480 2304 1551 μέλεια
2343 1481 2602 1549 γινέσθω.
2644 1482 2860 1552 Ὥσπερ
2891 1482 3001 1554 γὰρ
3031 1482 3189 1546 εἴτις
3217 1484 3286 1537 τά
3332 1483 3477 1537 κατά
3520 1483 3703 1536 διαλε-

2111 1573 2310 1644 κτικὴν
2340 1573 2658 1646 ζητήματα,
2705 1575 2765 1640 ἐξ
2803 1577 3030 1646 ἀμέσων
3057 1594 3118 1629 τε
3175 1577 3271 1630 καὶ
3317 1575 3557 1644 πρώτων
3604 1577 3702 1631 καὶ

2109 1662 2219 1716 τῶν
2247 1661 2371 1716 καθ’
2392 1664 2549 1728 αὐτὸ,
2590 1662 2831 1733 πειρῷτο
2857 1662 3242 1727 διαλύσασθαι,
3287 1663 3466 1725 διδοὺς
3496 1662 3559 1715 τὸ
3605 1679 3706 1731 γε-

420 1743 668 1811 prol'erre
702 1747 955 1814 voluerit,
1002 1766 1071 1806 ne
1136 1753 1265 1820 quid
1324 1753 1527 1809 foedius
1560 1754 1763 1822 dicam,
1806 1755 1881 1810 ita
1921 1763 2002 1809 est

2110 1755 2277 1818 λοῖον,
2309 1754 2430 1807 οὐδὲ
2457 1756 2558 1823 τὴν
2580 1754 2673 1808 τοῦ
2702 1754 2935 1825 ψεύδους
2966 1755 3123 1826 δίκην
3147 1754 3435 1824 διαφεύγει
3460 1771 3474 1783 ·
3502 1753 3599 1807 καὶ
3646 1755 3703 1807 ὲν

419 1846 476 1887 et
508 1836 630 1899 hic;
670 1840 788 1903 sed,
826 1849 883 1895 et
909 1842 954 1895 si
976 1843 1101 1912 quis
1132 1844 1296 1898 etiam
1328 1845 1619 1902 historicas
1646 1847 2010 1916 quaestiones,

420 1940 533 1980 non
567 1943 633 1983 cx
680 1929 907 1986 historia
942 1935 1039 1988 sed
1071 1935 1294 1991 aliunde
1312 1936 1513 2001 solvat,
1543 1953 1652 1992 non
1678 1947 1762 1993 est
1791 1953 2014 2009 speran-

420 2017 551 2071 dum
610 2034 775 2089 posse
827 2023 980 2079 illum
1038 2027 1107 2081 ad
1152 2027 1473 2084 bistoricam
1521 2030 1811 2085 veritatem
1874 2045 2003 2100 per-

419 2112 640 2180 venire;
669 2114 743 2168 ita
766 2127 820 2169 et
853 2116 962 2172 hic.

2116 1846 2378 1919 ῥητορεία
2406 1848 2734 1918 γραμμικάς
2758 1850 2787 1902 ὁ
2815 1847 3066 1901 ἀπαιτῶν
3099 1849 3371 1917 ἀνάγκας,
3402 1848 3500 1901 καὶ
3529 1847 3560 1901 ό
3594 1847 3703 1900 τῶν

2112 1940 2252 1993 κατά
2283 1940 2353 1993 τά
2405 1939 2705 2011 μαθήματα
2736 1939 3116 2011 θεωρημάτων
3162 1941 3450 2003 πολιτικάς
3512 1956 3573 1991 τε
3610 1938 3703 1992 καὶ

2113 2032 2475 2097 ἐπιπολαίους
2502 2033 2720 2097 πίστεις
2755 2032 3051 2104 ἐπιχειρῶν
3096 2032 3455 2103 προκομίζειν
3517 2048 3702 2101 παρα-

2113 2123 2346 2192 πλήσιόν
2379 2142 2454 2184 τι,
2522 2124 2613 2176 ἵνα
2670 2123 2745 2193 μὴ
2782 2121 3263 2192 ἀσχημονέστερον
3308 2121 3468 2183 είπω,
3527 2133 3702 2173 κατα-

416 2201 693 2271 λαμϐάνει
719 2220 732 2234 ·
754 2206 850 2258 καὶ
878 2206 1003 2267 τοὺς
1034 2206 1151 2260 ὅσοι
1180 2206 1288 2260 τῶν
1316 2209 1441 2263 καθ’
1467 2211 1717 2282 ἱστορίαν
1749 2210 2083 2281 ζητημάτων
2147 2213 2251 2280 οὐχ
2316 2215 2629 2285 ίστορικῶς,
2678 2213 2797 2269 ἀλλ’
2867 2215 2929 2277 ἐξ
2974 2214 3165 2285 ἑτέρου
3222 2212 3437 2281 γένους,
3507 2210 3705 2264 ἑλπίδι

420 2298 729 2365 ἀνέχουσιν,
759 2301 839 2361 είς
874 2300 1113 2371 μάθησιν
1140 2302 1316 2355 ἐλθεῖν
1345 2302 1447 2373 τῆς
1469 2305 1750 2375 ἀληθείας.

417 2389 752 2460 QUASSTIO
776 2390 1009 2448 cxvul.
1060 2393 1437 2466 [Coisl.CXL,
1498 2396 2006 2469 Taur.CXXXlX.]

773 2484 881 2540 Cur
901 2488 1241 2541 circumcisus
1271 2498 1350 2542 est
1379 2488 1623 2543 Christus
1641 2493 1667 2546 2

2646 2389 2985 2444 ΕΡΩΤΗΣΙΣ
3015 2389 3171 2441 PlH'.

2413 2484 2520 2540 Διὰ
2548 2484 2607 2539 τί
2633 2482 2993 2552 περιετμήθη
3024 2485 3056 2536 ό
3113 2480 3367 2549 Χριστός
3394 2496 3416 2544 ;

1187 2602 1328 2653 Edita
1352 2619 1379 2654 a
1400 2604 1703 2656 Montacutio
1725 2607 1828 2670 (ep.
1862 2605 1974 2667 218,
2003 2606 2069 2655 ad
2089 2607 2267 2669 Georg.
2289 2602 2570 2663 Nicomed.,
2594 2614 2640 2664 p.
2671 2598 2923 2659 580-585).

488 2706 843 2764 Profunditas
874 2710 1077 2767 divinas
1100 2710 1486 2776 Providentiae,
1522 2728 1621 2782 per
1649 2728 1814 2783 quam
1843 2711 2005 2769 Jesus

414 2800 671 2856 Christus
700 2802 839 2857 Deus
867 2813 1055 2859 noster
1084 2805 1139 2858 in
1164 2820 1331 2859 carne
1359 2820 1460 2861 sua
1482 2805 2002 2871 circumcidebatur,

417 2894 474 2949 in
499 2893 836 2963 judiciorum
853 2897 1113 2968 abyssum
1139 2897 1690 2969 iunpervestigabilem
1706 2898 2003 2953 humanam

416 2998 845 3056 exsuperantem
907 2989 1297 3061 cogitationem
1347 2989 1690 3060 immergitur
1745 3008 1760 3045 :
1816 2991 1924 3045 hoc
1972 3006 2004 3046 e

2180 2712 2256 2764 Τὸ
2290 2711 2388 2779 μὲν
2419 2707 2719 2779 βαθύτερον
2750 2705 2853 2774 τῆς
2880 2704 3166 2776 Προνοίας,
3204 2702 3273 2757 δι’
3298 2702 3367 2774 ἢν
3410 2700 3625 2773 Ἰησοῦς
3670 2699 3705 2756 ὁ

2109 2803 2347 2875 Χριστὸς
2377 2802 2466 2854 καλ
2492 2800 2625 2862 Θεὸς
2659 2798 2840 2870 ἡμῶν,
2874 2798 3041 2868 σαρκὶ
3066 2796 3165 2867 τὴν
3188 2795 3493 2869 περιτομὴν
3517 2794 3701 2867 ἔσχεν,

2108 2898 2189 2961 είς
2221 2897 2314 2949 τὸν
2354 2892 2779 2963 ἀνεξερεύνητον
2816 2890 2983 2945 αὑτοῦ
3037 2890 3147 2943 τῶν
3179 2890 3466 2961 κριμάτων
3509 2888 3699 2957 βυθὸν,

2106 2989 2206 3058 τῆς
2240 2986 2593 3058 ἀνθρωπίνης
2650 2983 2972 3056 ἀναχωροῦν
3019 2983 3281 3045 διανοίας,
3322 2981 3695 3035 καταδύεταιο

415 3080 662 3138 doctrina
693 3081 976 3139 beatorum
1010 3083 1232 3137 Patrum
1273 3092 1579 3152 acceptum;
1618 3082 1855 3152 denique
1899 3083 2002 3151 ipsi

2109 3083 2144 3137 ἃ
2167 3081 2247 3147 δὲ,
2280 3082 2375 3133 καὶ
2390 3079 2500 3133 τῶν
2523 3078 2813 3150 μακαρίων
2836 3077 2994 3149 ἡμῶν
3021 3076 3286 3148 Πατέρων
3322 3075 3701 3129 διδασκόντων

418 3178 486 3233 ad
525 3177 891 3245 cognitionem
945 3175 1305 3245 cogitationes
1339 3182 1561 3229 nostras
1592 3181 1999 3240 convertentcs,

419 3282 816 3339 cognoscemus
837 3281 946 3320 non
973 3281 1092 3320 esse
1114 3265 1332 3334 penitus
1362 3265 1656 3320 insolubile
1686 3283 1701 3319 :
1729 3265 2002 3336 imprimis

419 3360 567 3415 enim
608 3373 739 3414 caro
769 3358 848 3412 illi
889 3357 1405 3423 circumcidebatur,
1453 3355 1520 3411 ad
1558 3356 2001 3427 redarguendum

418 3467 516 3508 eos
572 3452 667 3522 Qui
716 3450 881 3506 Vetus
938 3449 1352 3505 Testamentum
1414 3449 1890 3519 blasphemabaut,
1950 3457 2005 3504 et

419 3544 677 3599 ronvitiis
728 3542 1094 3614 legislatorem
1124 3541 1625 3610 prosequebantur.
1682 3538 1823 3594 Cum
1850 3539 2000 3594 enim

322 3661 350 3685 η
418 3633 895 3689 circutncisionem
915 3633 987 3687 ibi
1008 3632 1337 3696 institutam,
1369 3629 1515 3700 quod
1537 3646 1734 3701 negare
1756 3646 1861 3684 non
1879 3646 2006 3699 pos-

420 3736 584 3789 sunt,
633 3725 680 3779 is
732 3725 961 3787 subiret,
1003 3722 1098 3792 qui
1144 3721 1357 3786 bonus,
1417 3729 1471 3775 et
1517 3720 1660 3775 Deus
1711 3720 2001 3787 existebat,

422 3828 609 3887 aperte
674 3823 861 3886 patet,
945 3815 1119 3886 legem
1198 3813 1268 3884 de
1344 3812 1765 3869 circumcisione
1826 3811 2005 3867 feren-

425 3925 532 3965 tem
572 3918 627 3966 et
672 3909 877 3965 bonum
930 3924 1153 3980 quoque
1195 3923 1340 3974 esse,
1382 3916 1439 3964 et
1487 3908 1618 3963 boni
1683 3906 2002 3976 largitorem

422 4008 612 4070 fuisse,
653 4005 920 4075 ejusdem,
960 4005 1124 4073 cujus
1173 4004 1253 4059 illi
1302 4013 1480 4069 erant,
1534 4002 1861 4073 participem
1898 4016 2001 4056 na-

418 4110 577 4156 turas.
610 4098 730 4153 Non
762 4098 907 4152 enim
944 4098 994 4153 si
1028 4097 1153 4168 quis
1191 4112 1260 4152 ex
1289 4096 1546 4166 apposito
1586 4094 1806 4157 fuisset,
1840 4093 2003 4148 boni-

424 4193 557 4247 tatis
589 4191 712 4246 fons
742 4190 810 4245 ab
836 4191 954 4261 ipso
985 4200 1166 4261 guttas
1194 4189 1410 4259 aliquas
1432 4188 1501 4242 de
1533 4202 1699 4241 carne
1726 4186 2005 4242 distillan-

423 4297 503 4339 Ies
555 4284 920 4339 ostenderet:
976 4284 1276 4354 quocirca,
1349 4289 1409 4335 ut
1482 4280 1723 4351 patentia
1807 4289 2002 4335 contra

421 4380 634 4435 Patrem
667 4392 784 4444 ora,
806 4377 892 4431 vel
924 4385 1115 4432 contra
1145 4375 1341 4429 Filium
1378 4374 1693 4444 blaspheme
1722 4371 2003 4443 loquentia

2107 3176 2203 3227 καὶ
2228 3171 2387 3227 αὐτοὶ
2434 3170 2862 3232 διασκοποῦντες
2916 3169 3173 3230 συνιδεῖν,
3215 3169 3313 3238 οὐχ
3356 3167 3694 3237 εὑρίσκομεν

2108 3265 2340 3335 ἄπορον.
2362 3262 2584 3334 Πρῶτον
2618 3262 2715 3333 μὲν
2746 3262 2834 3315 ἐπ’
2858 3261 3069 3331 ἐλέγχῳ
3090 3261 3353 3331 τέμνεται
3384 3259 3483 3329 τὴν
3515 3260 3699 3330 σάρκα

2104 3356 2215 3409 τῶν
2237 3355 2335 3426 τὴν
2373 3354 2623 3409 Παλαιὰν
2648 3352 3080 3423 δυσφημούντων
3109 3351 3409 3421 Διαθὴκην,
3453 3352 3555 3403 καὶ
3607 3350 3697 3403 τὸν

2105 3449 2164 3501 ὲν
2193 3448 2330 3517 αὐτῇ
2355 3446 2791 3517 νομοθετήσαντα
2811 3444 3004 3515 ῦερεσι
3031 3442 3354 3513 βαλλόντων.
3384 3443 3462 3494 Δι’
3486 3434 3567 3494 ὧν
3587 3441 3696 3512 γὰρ

2105 3541 2207 3611 τὴν
2246 3538 2459 3593 ἐκεῖθεν
2482 3538 2730 3592 δοθεῖσαν
2767 3537 3096 3607 περιτομὴν,
3161 3535 3238 3597 ὡς
3271 3534 3380 3587 οὐδ’
3434 3533 3503 3587 ἂν
3537 3534 3696 3586 αὐτοὶ

2104 3630 2420 3703 ἀρνηθεῖεν,
2469 3632 2498 3683 ὁ
2531 3629 2732 3697 ἀγαθός
2763 3646 2824 3682 τε
2868 3629 2963 3682 καὶ
2995 3628 3207 3698 ἀληθὴς
3267 3627 3400 3690 Θεὸς
3452 3626 3692 3695 ὑπέστη,

2104 3727 2222 3787 τοῖς
2253 3724 2439 3794 ἔργοις
2468 3722 2655 3785 αὐτοῖς
2683 3722 2975 3792 μαρτυρεῖ,
3009 3718 3104 3771 τδν
3132 3717 3233 3787 τῆς
3266 3718 3578 3789 περιτομῆς
3603 3734 3693 3768 vo-

2111 3814 2349 3885 μοθέτην
2372 3812 2579 3882 ἀγαθόν
2620 3828 2684 3865 τε
2725 3807 2887 3876 εἶναι,
2940 3810 3036 3863 καὶ
3078 3807 3300 3877 ἀγαθῶν
3332 3807 3562 3879 δοτῆρα,
3602 3810 3693 3860 καί

2105 3908 2207 3978 τῆς
2223 3907 2395 3977 αὐτῆς
2431 3904 2648 3975 φύσεως
2691 3902 2968 3958 κοινωνόν.
2996 3902 3072 3957 Οὐ
3106 3900 3217 3971 γὰρ
3258 3901 3325 3956 ἄν
3350 3917 3495 3962 τινος
3535 3899 3692 3962 δντος

2106 3997 2381 4061 ἐναντίας,
2424 3996 2456 4065 ἡ
2487 3993 2587 4064 τῆς
2618 3992 2956 4063 ἀγαθότητος
2982 3991 3136 4063 πηγὴ
3184 3989 3285 4053 τὰς
3338 3989 3556 4043 ἐκεῖθεν
3595 3988 3690 4042 τοῦ

2106 4088 2273 4158 νόμου
2314 4086 2538 4158 ῥανίδας
2575 4085 2666 4139 διά
2722 4086 2821 4156 τῆς
2866 4083 3069 4157 σαρκὸς
3121 4082 3407 4137 ἐπεδείκνυ
3463 4097 3691 4153 προχεο-

2109 4181 2299 4251 μένας.
2318 4180 2455 4233 -Ἶνα
2478 4177 2574 4232 οὖν
2591 4178 2660 4231 τὰ
2689 4176 2954 4232 ἀπύλωτα
2997 4178 3264 4247 στόματα,
3314 4174 3387 4228 τά
3414 4174 3563 4227 κατὰ
3595 4172 3689 4226 τοῦ

2108 4271 2339 4342 Πατρὸς,
2366 4272 2400 4343 ἢ
2432 4271 2528 4325 καὶ
2538 4270 2659 4325 κατ’
2682 4268 2846 4323 αὐτοῦ
2871 4286 2934 4337 γε
2950 4268 3044 4321 τοῦ
3072 4266 3203 4321 Υίοῦ
3219 4266 3317 4337 τὴν
3334 4266 3689 4337 βλασφημίαν

2103 4366 2413 4436 λαλήσαντα
2460 4363 2789 4434 ἐπιστομίσῃ
2842 4363 2904 4433 (ι
2945 4362 3132 4415 Πάντα
3177 4360 3287 4431 γὰρ
3324 4360 3393 4413 τὰ
3437 4357 3536 4411 τοῦ
3574 4359 3688 4410 Ila-

419 4474 705 4527 obturaret
733 4473 779 4541 (ι
799 4470 996 4525 Omnia
1025 4470 1173 4524 enim
1205 4468 1385 4523 Patris
1422 4465 1547 4521 Filii
1579 4473 1732 4531 sunt,
1781 4480 1849 4520 ea
1878 4478 2002 4535 quae

2109 4458 2234 4529 τρὸς
2277 4455 2373 4510 τοῦ
2397 4453 2527 4508 Υίοῦ
2554 4455 2692 4508 ἐστι’
2724 4454 2840 4517 καὶ,
2875 4452 2912 4507 ἀ
2940 4454 3085 4506 ποιεῖ
3108 4452 3137 4504 ό
3167 4450 3358 4519 Πατὴρ
3380 4450 3477 4503 καὶ
3501 4451 3532 4502 ό
3560 4449 3686 4508 Υἱὸς

410 4567 549 4622 facit
573 4564 753 4628 Pater,
785 4563 919 4619 facit
948 4571 1004 4618 et
1054 4562 1227 4616 Filius
1258 4561 1327 4631 ι),
1360 4576 1584 4616 carnem
1613 4561 1699 4615 sui
1742 4556 1997 4643 prazputii

2109 4552 2252 4603 ποιεί
2281 4547 2350 4618 ι),
2374 4548 2634 4619 τέμνεται
2656 4546 2754 4600 καὶ
2782 4544 2883 4616 τὴν
2919 4544 3099 4615 σάρκα
3130 4544 3230 4615 τῆς
3267 4541 3640 4614 ἀκροϐυστίας
3668 4558 3681 4571 ·

418 4658 809 4724 circumcidit;
848 4665 902 4712 et
940 4671 1049 4711 una
1076 4654 1301 4710 sustulit
1349 4655 1647 4708 multarum
1695 4651 1996 4722 impiarum

421 4752 713 4807 liaeresium
757 4748 1083 4805 occasiones
1118 4757 1190 4803 -et
1237 4762 1419 4801 ansas.
1482 4745 1761 4808 Secundo,
1817 4745 2001 4799 recole

418 4859 637 4899 mecum
670 4852 726 4897 et
781 4840 968 4897 istud:
1000 4838 1251 4895 Audebat
1300 4840 1430 4892 olim
1461 4838 1666 4908 impius
1708 4837 1800 4891 ille
1834 4838 2001 4892 haere-

417 4935 637 4992 siarcba
667 4933 1066 5004 Apollinarius°
1092 4931 1409 5002 prodigiosa
1451 4930 1700 5000 quaedam
1760 4928 1998 4986 commi-

418 5025 578 5089 nisci,
629 5024 772 5094 quod
802 5037 931 5078 caro
978 5029 1257 5091 assumpta
1292 5036 1390 5090 per
1445 5018 1713 5075 Deitatem
1753 5019 1997 5076 consub-

416 5117 831 5173 stantialitatem
884 5114 1109 5170 Deitatis
1172 5112 1340 5168 simul
1393 5113 1703 5181 possideat:
1767 5127 1991 5167 carnem

414 5198 632 5264 scilicet
686 5207 975 5271 conlinxit,
1027 5207 1245 5277 qualem
1300 5206 1542 5270 volebat,
1601 5220 1711 5260 non
1772 5205 1991 5274 qualem

413 5300 665 5374 agnoscit
696 5315 853 5357 suam
894 5309 1087 5354 natura
1117 5300 1383 5363 humana,
1419 5298 1513 5355 sed
1563 5298 1783 5369 qualem
1839 5298 1994 5354 elon-

2104 4642 2508 4713 συνδιατέμνων
2578 4642 2719 4711 αὐτῇ
2794 4638 3007 4692 πολλῶν
3066 4637 3345 4691 δυσσεὸῶν
3415 4636 3685 4707 αἱρέσεων

2100 4734 2659 4805 ἀφορμάς.Δεύτερον
2683 4732 2739 4786 δὲ
2768 4731 2943 4785 ἐκεῖνό
2972 4747 3063 4802 μοι
3100 4731 3247 4783 νόει·
3279 4728 3549 4798 ἐτόλμησέ
3584 4744 3685 4780 πο-

2098 4847 2159 4882 τε
2210 4830 2240 4881 ό
2276 4827 2541 4900 δυσσεϐὴς
2592 4825 2967 4896 Ἀπολινάριος
3017 4822 3486 4891 τερατεύσασθαι,
3542 4822 3619 4885 ὡς
3648 4821 3682 4891 ἠ

2103 4921 2515 4992 προσληφθεῖσα
2575 4919 2735 4990 σὰρξ,
2793 4921 2860 4989 τῇ
2908 4917 3295 4989 προσλαόούσῃ
3352 4917 3573 4987 θεότητι
3622 4915 3685 4966 τὸ

2102 5016 2389 5081 ὁμοούσιον
2441 5011 2766 5076 συνδιέσωξε
2791 5027 2806 5041 ο
2843 5012 3022 5081 σάρκα
3069 5012 3181 5081 γὰρ
3214 5010 3571 5070 ἀνέπλαττεν,
3604 5008 3680 5070 ὡς

2103 5105 2385 5177 ἠϐούλετο,
2412 5104 2511 5175 οὐχ
2538 5105 2657 5157 οἵαν
2688 5105 2721 5174 ἡ
2755 5102 3071 5174 ἀνθρωπίνη
3121 5103 3283 5169 φύσις
3340 5097 3483 5156 οἶδεν
3506 5118 3521 5132 ·
3559 5100 3677 5154 ἀλλ’

2102 5199 2222 5253 οἵαν
2267 5200 2300 5268 ἡ
2345 5196 2619 5267 φαντασία
2657 5196 2768 5249 τῶν
2797 5195 3170 5265 ἐξεστηκότων
3218 5194 3501 5264 λογισμῶν
3550 5192 3675 5262 ἐδη-

2104 5290 2358 5363 μιούργει
2383 5306 2396 5321 ’
2432 5290 2468 5361 ἢ
2488 5289 2671 5344 τοίνυν
2698 5300 2738 5330 ω
2761 5289 2903 5361 τομὴ
2931 5288 3031 5359 τῆς
3066 5287 3287 5357 σαρκὸς,
3317 5285 3412 5341 καὶ
3443 5285 3507 5340 τὸ
3537 5283 3675 5354 πρὸς

1693 5522 1925 5578 νΑῐὶΙᾸΞ
1950 5521 2356 5579 LECTIONES.

498 5701 515 5741 ι
557 5702 705 5761 (1.3:.
740 5704 844 5759 εδδ
879 5701 1047 5760 £9.39
1082 5702 1405 5773 ἀλλοφύλου.
1484 5713 1519 5734 ιι
1549 5703 1588 5759 c
1635 5703 1703 5757 λι.
1738 5682 1841 5757 553'
1878 5700 1915 5755 ι.
1950 5701 2085 5755 εισι
2116 5659 2372 5768 ἡτοίνυν.
