3880 6206
160 285 267 353 693

1142 291 1242 351 AD
1274 290 1871 351 AMPHILOCIIIUM
1912 291 2260 365 QUIESTIO
2287 291 2549 354 CXVIII.

3310 291 3421 355 694

160 401 262 469 τὴν
293 397 529 469 θεότητα
557 398 829 471 λαμπρῶς
864 398 1233 471 ἁνακηρύττει
1263 403 1580 473 ἐτεροφυὲς,
1639 401 1731 453 καὶ

1840 410 1978 472 gataz
2002 403 2233 458 rationis
2286 401 2599 472 phantasia,
2634 401 2738 471 ipsi
2765 401 3111 471 suggerebat.
3148 400 3420 469 Quocirca

158 491 223 543 τὸ
267 491 403 561 πρὸς
432 491 532 562 τὴν
580 492 858 563 ἡμετέραν
908 494 1088 563 σάρκα
1135 493 1423 563 ὀμοούσιον
1468 497 1732 566 παριστᾷ.

158 583 356 654 Τρίτον
412 584 474 636 δὲ
532 585 670 655 πρὸς
711 586 829 648 τοῖς
885 583 1219 655 εἰρημένοις,
1282 586 1333 638 oi
1388 585 1499 639 τῶν
1556 587 1733 639 Μανι-

158 677 327 745 χαίων
375 676 586 744 παῖδες,
633 677 907 749 φαντασία
963 678 1064 750 τὴν
1115 678 1295 751 σάρκα
1354 680 1447 732 τὸν
1498 679 1733 751 Χριστὸν

136 767 545 837 προειληφέναι
568 768 1032 840 δογμαποιοῦνται
1047 785 1062 799 ⁸
1082 768 1195 823 ἀλλ’
1211 770 1286 833 ὼς
1301 770 1456 841 δρᾷς,
1483 786 1732 841 προαπο-

154 858 451 928 τειχίζεται
481 862 546 931 τῇ
581 862 878 930 περιτομῇ,
915 859 1011 914 καὶ
1042 859 1203 912 τοῦτο
1229 858 1291 912 τὸ
1322 859 1629 930 δύσφημον.
1665 859 1733 913 Ἦ

155 949 424 1017 φαντασία
451 949 561 1020 γὰρ
613 951 787 1021 τομὴν
820 952 913 1004 καὶ
944 951 1115 1014 πάθος
1178 953 1273 1005 καὶ
1304 951 1460 1022 ῥύσιν
1509 951 1724 1022 ὁρωμέ-

153 1055 253 1109 νην
289 1039 521 1110 αἵματος
576 1040 679 1095 οὐκ
731 1041 1017 1112 ἀνέχεται·
1051 1043 1172 1096 οὐδὲ
1209 1042 1280 1095 τὰ
1319 1046 1419 1113 τῆς
1463 1042 1729 1114 ἀληθείας

153 1129 309 1200 ἔργα,
370 1132 432 1185 τὸ
482 1133 711 1205 πλάσμα
768 1134 1029 1206 καθαρῶς
1091 1136 1479 1206 παραδέχεται.
1556 1136 1731 1190 Πάλιν

151 1225 501 1290 Οὐαλεντῖνος
533 1231 857 1297 κενοφωνεῖ,
894 1228 996 1282 οὐκ
1023 1230 1088 1281 ἐκ
1118 1229 1228 1283 τῶν
1257 1230 1608 1302 παρθενικῶν
1634 1230 1732 1283 καὶ

150 1317 435 1386 ἀχράντων
470 1317 719 1387 αἱμάτων
756 1318 859 1388 τὴν
904 1318 1198 1373 ἑνωθεῖσαν
1230 1321 1309 1391 τῷ
1350 1320 1509 1391 Λόγῳ
1550 1321 1732 1392 σάρκα

150 1407 393 1478 παγῆναι
410 1423 426 1439 ·
444 1408 593 1462 κάτω
618 1409 678 1462 δὲ
697 1410 798 1480 τῆς
816 1398 1095 1474 εὐσεϐείας
1124 1410 1326 1476 πεσὼν,
1356 1412 1564 1466 ἀνωθεν
1582 1413 1731 1484 αὐτῷ

150 1496 319 1550 ποθεν
352 1498 710 1564 καταϐιϐάζει
740 1499 804 1553 τὸ
829 1501 1019 1572 σῶμα·
1043 1500 1182 1556 ἀλλά
1237 1504 1328 1556 καὶ
1354 1502 1548 1558 τούτου
1589 1505 1731 1577 πόρ-

149 1588 346 1656 ρωθεν,
378 1589 455 1654 ὡς
480 1591 662 1662 δῆλον,
698 1593 732 1663 ἡ
763 1594 1038 1666 περιτομὴ
1079 1594 1140 1648 τὸ
1170 1595 1369 1666 θράσος
1415 1598 1731 1668 παραποτέ-

152 1697 381 1749 μνεταιβ
437 1684 531 1736 καὶ
570 1685 710 1754 πρὸς
760 1683 977 1749 τούτοις
1036 1686 1449 1758 περιτέμνεται,
1529 1688 1620 1743 ἴνα
1668 1689 1731 1742 τὸ

152 1772 371 1841 βέϐαιον
410 1775 514 1846 τῆς
566 1777 819 1848 δοθείσης
848 1778 1070 1849 ἐντολῆς
1118 1781 1489 1851 παραστήσῃ·
1536 1780 1730 1849 διαμέ-
1762 1760 1804 1815 Β

150 1881 261 1917 νειν
292 1866 402 1936 γὰρ
453 1868 593 1939 αὐτῇ
643 1869 705 1922 τὸ
753 1869 1111 1940 ἀπαράϐατον
1173 1871 1337 1941 μέχρι
1391 1872 1492 1942 τῆς
1564 1872 1733 1927 αὐτοῦ

147 1958 474 2027 παρουσίας.
504 1960 563 2027 ἐξ
599 1953 675 2015 ὧν
713 1960 1119 2039 ὑπηρετήσατο,
1149 1963 1288 2033 μετά
1321 1964 1416 2016 τοῦ
1468 1965 1756 2036 ἀνεπιλή-’

148 2065 312 2113 πτου,
348 2050 876 2118 συγκατασκευάζει.
915 2051 978 2105 Et
1006 2052 1117 2123 γὰρ
1146 2054 1175 2106 6
1218 2053 1292 2125 μὴ
1338 2053 1553 2123 δεηθεὶς
1595 2054 1733 2117 ὅλως

145 2142 471 2212 περιτομῆς,
495 2141 646 2211 ὅμως
671 2140 967 2212 ὑπέρχεται
984 2151 1012 2178 υ
1037 2142 1261 2214 ταύτην,
1289 2144 1452 2215 σχολῇ
1489 2145 1533 2213 γ’
1557 2145 1622 2199 ἄν
1648 2162 1733 2209 τις

143 2230 300 2300 ἁλοίη
354 2231 463 2285 τῶν
511 2231 616 2286 ὑπὸ
670 2232 747 2304 τῷ
799 2234 953 2305 νόμῳ
1006 2234 1215 2305 ταύτην
1293 2236 1731 2307 παρεωραμένος

144 2323 244 2377 οὐκ
278 2324 509 2392 ὀφείλων
561 2326 737 2391 δίκας.
776 2327 945 2381 Πάλιν
1007 2327 1114 2381 τῶν
1157 2329 1433 2385 Ἰουδαίων
1479 2333 1509 2384 6
1560 2331 1733 2401 δῆμος

144 2415 565 2485 φιλαιτιὼτατος
590 2418 689 2484 ὢν,
716 2420 812 2473 καὶ
832 2419 934 2483 τὰς
956 2420 1031 2491 μὴ
1048 2420 1215 2484 οὔσας
1235 2422 1406 2486 δεινὸς
1428 2423 1733 2493 προφάσεις

143 2506 534 2574 ἀναπλάττειν,
562 2509 610 2561 εί
655 2508 730 2580 μὴ
764 2510 864 2581 τὴν
907 2510 1213 2584 περιτομὴν
1253 2513 1518 2582 ὑποστὰς,
1575 2511 1731 2580 οὗτος

142 2597 333 2661 αὐτοῖς
364 2599 434 2652 τὰ
464 2601 707 2673 σωτήρια
738 2603 1011 2673 εἰσηγεῖτο
1034 2619 1051 2635 ο
1082 2605 1229 2669 τίνος
1255 2605 1322 2659 ἂν
1352 2608 1455 2660 οὐκ
1478 2608 1732 2678 ἐνόμιζον

144 2690 601 2763 περιδράττεσθαι
616 2688 976 2763 δικαιολογίας
994 2696 1346 2768 διωθούμενοι
1364 2699 1463 2770 τὴν
1480 2699 1736 2755 διδασκα-

142 2784 260 2837 λίαν
281 2786 477 2857 ὅτιπερ
508 2787 916 2860 ἀπερίτμητον⁶
937 2789 1077 2867 ,ὄντα
1093 2790 1190 2844 καὶ
1219 2791 1475 2862 ὲξ-αὑτῆς
1491 2793 1679 2857 ἑστίας
1700 2803 1730 2843 Ρ

142 2877 325 2932 πάντα
352 2877 548 2932 λύοντα
570 2879 795 2949 θεσμὸν,
834 2881 952 2945 πῶς
1001 2883 1130 2953 ἐνῆν
1180 2883 1588 2955 παραδέχεσθαι
1624 2902 1733 2938 σωο

142 2970 323 3040 τῆρα;
350 2970 470 3025 ἰνα
488 2967 584 3024 οὖν
614 2972 796 3026 αὐτῶν
812 2973 1163 3046 ἀναχώρησιν
1198 2977 1379 3030 πᾶσαν
1401 2977 1730 3049 ἀποκλείσῃ,

142 3062 235 3162 καὶ
268 3062 334 3162 τὸ
365 3063 564 3162 οίκείρν
593 3063 927 3135 ἁμάρτημα,
975 3065 1252 3136 μηδεμίαν
1298 3065 1466 3137 ἔχωσι
1520 3069 1727 3149 χώραν,
1759 3101 1805 3162 c

143 3155 222 3217 είς
245 3153 345 3207 τὸν
385 3154 628 3208 ἀναίτιον
681 3156 1067 3225 περιτρέπειν,
1107 3157 1574 3228 περιτεμνόμενος
1634 3158 1731 3229 τὴν

143 3245 531 3318 ἀκροϐυστίαν,
590 3248 990 3319 συναποτὲμνει
1044 3248 1153 3303 τῶν
1181 3248 1496 3321 ἀχαρίστων
1545 3253 1745 3305 πᾶσαν

143 3337 505 3407 εὐπρόσωπον
568 3338 977 3408 πιθανολογίαν.
1004 3341 1297 3395 Σκόπειδὲ
1338 3359 1431 3411 μοι
1475 3346 1729 3397 κακεῖνοο

144 3430 192 3481 εί
218 3430 321 3500 μὲν
349 3430 423 3501 μὴ
452 3430 832 3502 περιτμηθεὶς,
870 3431 1042 3485 ἔπαυε
1071 3433 1172 3500 τὴν
1206 3432 1411 3499 πρᾶξιν
1434 3471 1451 3497 ,
1480 3433 1629 3504 τάχα
1666 3435 1733 3489 ἄν

145 3535 287 3572 τισιν
333 3521 361 3573 6
412 3520 712 3592 Δεσπότης,
750 3520 826 3583 ὡς
859 3521 1053 3575 ἑαυτὸν
1100 3521 1467 3576 ἀπαλλάσσων
1523 3524 1730 3589 αἰτίας,

147 3611 242 3666 καὶ
299 3612 401 3682 τῆς
451 3612 588 3677 ἰδίας
647 3612 963 3684 προθέσεως
1015 3614 1440 3686 προϊστάμενος,
1482 3613 1583 3685 τὴν
1632 3614 1732 3684 τῆς

147 3705 455 3776 περιτομῆς
507 3706 793 3776 ἀναίρεσιν
832 3706 923 3760 διὰ
960 3705 1072 3760 τῶν
1128 3707 1391 3779 μαθητῶν
1448 3708 1733 3761 ὑπενοεῖτο

154 3797 519 3867 μεθοδειῗηαι·
558 3798 683 3852 ἐπεὶ
712 3799 771 3852 δὲ
827 3801 925 3853 καὶ
958 3801 1373 3871 περιτέμνεται,
1429 3802 1527 3854 καὶ
1558 3801 1728 3854 παύει

147 3889 209 3943 τὸ
231 3889 415 3961 ἔργον,
440 3890 537 3945 καὶ
559 3890 768 3962 ταύτην
784 3895 1209 3963 προαφαιρεϊται
1229 3894 1607 3966 τὴνξὺπόνοιαν
1622 3896 1733 3949 τῶν

148 3980 456 4048 φιλαιτίων.
491 3984 564 4038 Σὺ
596 3983 653 4037 δὲ
704 3985 829 4055 μηδ’
873 3988 1055 4040 ἐκεῖνο
1110 3987 1476 4059 παραδράμῃς
1502 4006 1517 4020 ·
1561 3987 1734 4053 τύπος

146 4069 214 4145 ῆν
237 4075 332 4127 καὶ
356 4073 626 4145 σύμϐολον
651 4075 747 4129 τοῦ
776 4075 1162 4148 βαπτίσματος
1199 4079 1235 4149 ἡ
1270 4080 1543 4151 περιτομή
1569 4095 1583 4110 ·
1619 4080 1733 4151 μή-

150 4182 236 4221 πω
301 4168 593 4238 τοιγαροῦν
649 4168 795 4238 τῆς»
821 4169 1085 4243 ἀληθείας
1139 4171 1584 4244 φανερωθείσης,
1642 4173 1733 4227 τὸν

148 4257 327 4313 τύπον
350 4261 670 4331 ἐπικρατεῖν
703 4262 813 4315 εδει
830 4278 849 4295 θ
874 4263 1179 4335 ἐπιστάσης
1206 4264 1252 4318 δ’
1279 4266 1504 4335 ἐκείνης
1527 4267 1736 4337 ταύτην

152 4352 478 4423 ὑποχωρεῖν.
512 4353 603 4407 Διὸ
656 4354 1048 4426 περιτέμνεται
1085 4356 1187 4427 μὲν
1239 4357 1303 4410 τὸ
1353 4357 1590 4429 κρύφιον
1623 4362 1725 4428 τῆς

1843 494 2029 550 carnis
2050 494 2322 550 abscissio
2348 494 2632 563 perspicue
2660 492 2920 562 prredicat
2950 493 3111 547 aliam
3139 505 3417 560 naturam,

1840 585 2156 641 distinctam
2176 602 2207 640 a
2226 585 2458 650 Deitate,
2477 600 2641 661 quam
2670 585 3194 639 consubstantialem
3219 594 3422 640 nostra:

1840 680 2023 736 carnis
2054 689 2263 735 natura:
2297 687 2538 749 praestat.
2567 678 2757 733 Tertio
2799 679 3068 733 accedunt
3106 678 3417 741 Manichaei,

1840 772 1932 844 qui
1958 771 2227 827 docebant
2260 771 2545 827 Christum
2572 779 2784 825 tantum
2817 773 3121 826 secundum
3148 785 3422 841 apparen-

1841 867 1970 921 tiam
2006 880 2228 921 carnem
2265 865 2568 933 sumpsisse
2595 883 2609 919 :
2642 864 2789 930 Quod
2810 880 2905 934 per
2935 864 3417 918 circumcisioncm

1840 959 2182 1015 exscinditur
2218 969 2278 1013 ut
2332 958 2755 1028 blasplremum:
2805 973 3042 1027 namque
3098 954 3418 1025 apparentia

1840 1054 2165 1116 sectionem,
2198 1052 2535 1121 passionem,
2589 1050 2874 1120 sanguinis
2909 1050 3270 1105 emissionem
3308 1062 3418 1101 non

1839 1145 2116 1200 admittit:
2158 1160 2259 1198 nec
2297 1143 2548 1198 veritatis
2586 1155 2750 1211 Opera
2776 1142 3241 1197 consistuntcum
3278 1138 3420 1192 veri-

1841 1248 1969 1294 tate.
2000 1238 2202 1293 iternm
2250 1235 2577 1290 Valentinus
2627 1236 2781 1290 fatue
2835 1236 3142 1290 deblaterat
3195 1245 3417 1287 carnem

1839 1330 2019 1387 Verbo
2058 1330 2366 1390 adunitam,
2426 1344 2535 1382 non
2566 1343 2596 1383 e
2644 1328 2941 1398 purissimo
2994 1325 3224 1397 virginis
3288 1339 3418 1378 san-

1839 1424 2004 1493 guine
2047 1422 2358 1487 solidatam,
2392 1421 2489 1475 sed
2531 1421 2646 1490 ipse
2675 1420 2929 1475 deorsum
2980 1434 3008 1472 a
3035 1418 3235 1487 pietate
3268 1415 3419 1471 deci-

1839 1515 1996 1579 dens,
2034 1513 2102 1568 de
2132 1514 2270 1569 calo
2318 1527 2542 1568 sursum
2605 1526 2808 1582 corpus
2838 1510 2887 1564 ei
2935 1510 3165 1563 devocat
3198 1524 3213 1573 ;
3258 1505 3418 1575 cujus

1839 1608 2070 1676 impium
2123 1607 2541 1677 pronuntiatum
2600 1605 2864 1675 rejectum
2917 1602 3211 1657 manifeste
3240 1599 3421 1669 rejicit

1840 1701 2215 1757 circumcisio.
2257 1700 2336 1754 Ad
2377 1701 2480 1754 hoc
2511 1700 2700 1769 itaque
2720 1696 3161 1760 circumciditur,
3186 1702 3246 1748 ut
3275 1708 3421 1747 man-

1836 1794 2023 1846 datum
2077 1792 2143 1846 de
2171 1791 2595 1847 circumcisione
2655 1790 2843 1844 datum
2906 1796 3087 1842 ratum
3137 1787 3303 1839 fixum
3363 1793 3421 1837 et

1837 1882 2057 1937 firmum
2094 1897 2321 1937 manere
2366 1884 2566 1937 debere
2611 1882 2824 1947 doceat,
2865 1889 2919 1935 et
2950 1896 3057 1934 non
3099 1878 3415 1934 violandum

1836 1990 2010 2045 usque
2029 1975 2095 2027 ad
2143 1973 2262 2043 ejus
2290 1974 2604 2039 adventum,
2646 1974 2734 2029 cui
2768 1973 3162 2034 famulabatur,
3208 1984 3310 2025 nec
3337 1970 3419 2022 in—

1837 2073 1981 2119 terea
2012 2064 2305 2133 calumniis
2352 2064 2678 2134 subiaceret.
2709 2062 2842 2116 Nam
2865 2061 2909 2116 si
2940 2061 3004 2126 is,
3033 2060 3121 2115 cui
3163 2075 3270 2113 non
3300 2066 3419 2113 erat

1835 2171 1973 2227 opus
2000 2156 2446 2220 circumcisione,
2473 2155 2955 2210 circumcisionem
2982 2163 3162 2208 tamen
3190 2151 3363 2205 subiit
3396 2168 3409 2203 :

1835 2250 1883 2304 is
1913 2248 2007 2319 qui
2036 2249 2141 2302 sub
2173 2248 2288 2319 lege
2314 2248 2585 2302 exsistens
2615 2262 2736 2300 eam
2758 2244 3260 2311 transgrederetur,
3296 2255 3415 2309 pce-

1836 2356 1935 2395 nas
1985 2341 2208 2394 meritas
2267 2340 2399 2394 dare
2455 2339 2710 2394 debebat.
2768 2336 2957 2391 Tertio
3004 2351 3127 2389 cum
3182 2332 3416 2402 querula

1834 2443 1979 2486 esset
2029 2447 2162 2502 gens
2189 2429 2527 2496 Judmorum,
2575 2438 2628 2483 et
2695 2427 2992 2483 calumniis
3057 2424 3417 2481 contexendis

1835 2524 2040 2584 dedita,
2074 2539 2174 2578 nec
2237 2538 2346 2577 non
2398 2524 2654 2592 egregius
2713 2519 2911 2575 artifex
2960 2515 3415 2574 comminiscendi

1835 2622 2131 2682 praetextus
2174 2611 2368 2676 falsos,
2424 2612 2471 2666 si
2530 2608 2955 2664 incircumcisus
2994 2607 3226 2663 salutem
3280 2604 3418 2673 ipsis

1835 2706 2244 2770 annuntiasset,
2278 2703 2493 2758 facilem
2513 2703 2588 2757 illi
2618 2703 2995 2757 causationem
3023 2699 3413 2769 arripuissent,

1838 2806 1896 2851 ut
1929 2796 2234 2851 doctrinam
2274 2794 2499 2847 allatam
2542 2792 2705 2863 longe
2741 2806 2771 2846 a
2812 2806 2872 2846 se
2916 2789 3229 2860 rejicerent,
3282 2802 3412 2841 cum

1836 2888 2007 2958 legem
2028 2888 2299 2958 imprimis
2323 2886 2476 2940 illum
2504 2885 2743 2940 violasse
2758 2883 3172 2938 contenderent.
3208 2880 3417 2946 Quare,

1836 2991 1898 3036 ut
1924 2990 2237 3051 amputaret
2275 2994 2469 3034 eorum
2503 2993 2532 3031 a
2564 2977 2800 3032 veritate
2840 2974 3223 3039 defectionem,
3265 2982 3319 3027 et
3351 2988 3419 3027 ne

1835 3088 2027 3128 ansam
2061 3073 2368 3143 arriperent
2389 3085 2551 3126 suum
2585 3071 2831 3139 ipsorum
2858 3078 3142 3138 peccatum
3166 3066 3219 3119 in
3254 3066 3416 3119 inno-

1836 3175 2052 3221 centem
2111 3163 2502 3229 transferendi,
2557 3162 2920 3217 circumcisus
2978 3160 3272 3230 praeputio,
3310 3172 3419 3212 una

1836 3266 2086 3327 amputat
2141 3255 2482 3324 ingratorum
2538 3253 2789 3308 omnium
2844 3266 2971 3306 cum
3033 3250 3220 3319 aliquo
3280 3263 3419 3318 prte-

1836 3357 1986 3405 textu
2034 3348 2383 3418 plausibilem
2442 3343 2879 3399 accusationem.
2919 3340 3024 3396 Sed
3079 3352 3134 3395 et
3185 3339 3422 3393 ulterius

1835 3442 2080 3503 attende,
2136 3441 2181 3495 si
2216 3454 2324 3492 non
2362 3437 2730 3492 circumcisus
2789 3434 2952 3488 finem
3006 3431 3419 3487 circumcisioni

1838 3533 2172 3602 imponeret,
2205 3529 2471 3584 Dominus
2510 3526 2651 3583 forte
2682 3525 3049 3595 suspicionem
3081 3522 3227 3594 apud
3250 3538 3422 3593 quos-

1837 3625 1963 3679 dam
2016 3625 2296 3678 incurrere
2333 3628 2567 3691 poterat,
2609 3618 2757 3690 quod
2812 3633 2873 3673 se
2918 3626 2980 3671 ut
3025 3616 3184 3686 culpa
3215 3615 3421 3670 exime-

1835 3730 1940 3780 ret,
1972 3731 2037 3771 ac
2086 3730 2243 3770 suam
2289 3713 2619 3768 sententiam
2675 3710 3023 3773 obtruderet,
3049 3719 3105 3765 et
3130 3709 3420 3778 discipulis

1835 3811 1980 3865 viam
2014 3826 2079 3865 ac
2114 3810 2385 3864 rationem
2412 3816 2696 3878 praestaret
2755 3806 2981 3861 tollendi
3038 3804 3257 3877 penitus
3309 3805 3421 3856 cir-

1836 3901 2276 3967 cumeisionem;
2354 3900 2715 3956 circumcisus
2769 3900 2909 3969 ipse,
2963 3913 3030 3953 ac
3091 3912 3200 3951 non
3258 3896 3423 3950 aliter

1837 4011 2058 4053 cessare
2096 3996 2227 4051 fecit
2288 3995 2429 4051 banc
2477 3994 2845 4064 suspicionem
2887 4001 2944 4048 et
2970 3992 3041 4047 ab
3071 3988 3418 4045 accusatoris

1837 4089 2080 4146 sustulit.
2136 4086 2241 4143 Sed
2292 4102 2395 4142 nec
2456 4086 2591 4141 illud
2646 4079 2872 4154 insuper
2922 4092 3258 4155 praetereas:
3294 4091 3416 4135 erat

1838 4180 2191 4237 circumcisio
2222 4179 2533 4251 symbolum
2576 4192 2642 4232 ac
2673 4178 2844 4247 figura
2876 4177 3170 4246 baptismi:
3201 4190 3298 4245 par
3313 4173 3420 4228 fuit

1839 4284 1900 4329 ut
1952 4288 2299 4343 nequaquam
2324 4271 2433 4325 vim
2476 4285 2632 4325 suam
2665 4270 2935 4323 obtineret
2988 4276 3148 4338 typus
3190 4266 3420 4319 veritate

1840 4365 2212 4429 manifestata,
2267 4363 2365 4418 sed
2420 4362 2493 4415 illi
2528 4361 2708 4414 locum
2766 4360 2942 4414 daret.
2986 4355 3422 4412 Circumciditur

152 4446 375 4517 σαρκὸς,
404 4443 559 4499 οὔπω
590 4447 692 4517 τῆς
719 4448 779 4501 ὲν
826 4446 1012 4518 χάριτι
1051 4451 1357 4520 περιτομῆς
1390 4451 1729 4523 φανερωθεί-

1837 4471 1968 4527 ergo
2007 4469 2138 4509 caro
2168 4454 2223 4507 in
2252 4451 2470 4506 occulta
2500 4459 2655 4520 parte
2698 4448 2969 4516 corporis,
3005 4461 3128 4501 cum
3170 4444 3418 4499 nondum

150 4552 279 4608 σης’
308 4538 530 4609 ἐκείνης
586 4539 644 4591 δὲ
698 4538 776 4609 τῷ
802 4541 1121 4612 Δεσποτικῷ
1158 4542 1499 4612 βαπτίσματι
1543 4542 1726 4597 πάντα

152 4630 648 4701 περιαυγαζούσης,
682 4631 779 4684 καὶ
830 4630 1092 4703 λαμπρὰν
1123 4632 1223 4702 τὴν
1275 4632 1536 4705 ἀλήθειαν
1591 4636 1729 4688 ὑπο-

151 4722 524 4793 δεικνυούσης,
553 4723 625 4777 τά
657 4725 716 4775 ὲν
768 4725 899 4795 σκιᾷ
950 4723 1047 4777 καὶ
1091 4723 1377 4794 αἰνίγματι
1414 4727 1730 4798 παρρησιά-

1836 4544 2189 4603 cireumcisio
2215 4558 2311 4613 per
2338 4542 2574 4613 gratiam
2607 4546 2975 4607 compararet,
3018 4536 3111 4591 sed
3158 4550 3282 4588 cum
3328 4534 3419 4587 illa

1837 4656 1936 4711 per
1984 4639 2205 4694 Domini
2257 4637 2593 4708 baptismum
2645 4633 2832 4689 omnia
2911 4631 3308 4692 collustrasset,
3363 4634 3421 4682 et

1839 4736 2109 4791 illustrem
2164 4732 2493 4787 reddidisset
2527 4730 2839 4792 veritatem,
2883 4740 3006 4797 quae
3047 4723 3267 4779 fuerant
3293 4738 3421 4775 um-

155 4816 342 4880 ζεσθαι
371 4816 544 4871 τόπον
573 4817 669 4887 οὐχ
700 4816 967 4888 εὑρίσκει.
1010 4816 1197 4887 Χωρὶς
1233 4817 1291 4870 δὲ
1339 4818 1451 4871 τῶν
1499 4820 1729 4891 εἰρημέ-

1837 4830 1945 4883 brae
1964 4836 2019 4882 et
2073 4825 2363 4895 aenigmata
2386 4822 2567 4877 libere‘
2607 4837 2667 4876 se
2693 4818 2956 4875 exerendi
2988 4816 3223 4871 ulterius
3241 4812 3421 4868 facul-

154 4926 280 4973 νων,
310 4909 730 4981 ἀναμνησθῆναι
761 4912 925 4963 κακεῖ
970 4910 1176 4983 δεήσει,
1211 4912 1271 4965 ὲν
1315 4911 1396 4983 τῷ
1445 4914 1732 4985 σπέρματι

155 5000 245 5057 τοῦ
289 5002 543 5075 Ἀϐραὰμ
587 5002 658 5056 τὰ
702 5004 834 5075 ἔθνη
866 5003 1047 5058 πάντα
1108 5006 1727 5079 ὲνευλογηθήσεσθαιτι·

155 5094 313 5165 ὅρκον
343 5095 467 5149 καθ’
488 5095 684 5150 ἑαυτοῦ
718 5097 895 5160 διδοὺς
927 5099 956 5150 6
989 5095 1121 5160 Θεὸς
1170 5098 1249 5168 τῷ
1275 5098 1492 5171 δικαίῳ,
1549 5103 1728 5154 ποιεῖ-

156 5204 240 5241 ται
269 5188 467 5257 λογάδα
500 5188 720 5244 πάντων
752 5189 923 5242 ἐθνῶν
950 5189 1051 5259 τὴν
1101 5190 1312 5243 ἐκείνου
1356 5192 1532 5262 φυλήν
1553 5209 1567 5223 ’
1633 5194 1731 5247 καὶ

158 5279 317 5332 οἱονεὶ
347 5280 667 5351 σφραγίζων
699 5282 870 5353 αὐτὴν
894 5280 985 5334 διὰ
1010 5279 1108 5333 τοῦ
1149 5283 1429 5356 φυλάρχου
1463 5288 1531 5356 τῇ
1563 5302 1730 5356 περι-

158 5374 315 5445 τομῇ,
345 5373 444 5445 τήν
471 5392 532 5428 τε
566 5374 747 5429 πίστιν
768 5376 1196 5449 ἐπισημαίνεται
1228 5378 1324 5432 τοῦ
1354 5380 1724 5453 πατριάρχου,

1833 4929 1997 4975 tatem
2038 4935 2146 4972 non
2179 4917 2462 4971 baberent.
2506 4914 2709 4969 Praeter
2751 4914 3024 4967 hactenus
3076 4921 3420 4965 commemo-

1832 5018 1973 5070 rata,
2022 5006 2396 5062 revocandum
2449 5014 2535 5059 est
2578 5005 2631 5058 in
2688 5003 3039 5067 memoriam,
3093 5001 3149 5054 in
3206 4999 3421 5053 semine

1836 5098 2070 5152 Abrahae
2099 5096 2504 5152 benedicendas
2527 5110 2649 5150 esse
2694 5094 2824 5147 olim
2869 5107 3062 5148 omnes
3093 5100 3303 5162 gentes,
3342 5090 3421 5144 ita

1837 5192 1985 5248 enim
2037 5189 2199 5260 justo
2242 5188 2320 5243 illi
2351 5189 2491 5253 viro,
2520 5204 2618 5259 per
2647 5185 3196 5256 seipsumjuraverat
3248 5182 3414 5247 Deus,

1839 5284 1914 5340 ita
1945 5285 2063 5355 ejus
2086 5284 2407 5355 progeniem
2437 5283 2727 5335 nationum
2759 5279 3009 5334 omnium
3045 5276 3418 5333 collectriecm
3494 5282 3499 5287 '

1844 5377 1992 5444 facit,
2030 5391 2192 5446 quam
2229 5390 2326 5445 per
2369 5374 2617 5429 tribuum
2664 5373 2886 5429 illarum
2911 5380 2968 5428 et
3012 5370 3231 5443 generis
3267 5374 3423 5441 prino

1445 5585 1527 5641 VA
1537 5585 1674 5643 RUE
1711 5584 2118 5642 LECTIONES.

233 5768 261 5799 ³
293 5760 361 5817 C.
399 5762 471 5819 M.
534 5764 926 5836 ὑπερὲρχεται.

996 5776 1013 5797 °
1050 5767 1113 5825 C.
1136 5766 1206 5821 Μ.
1248 5766 1604 5839 περίτμητον.
1680 5779 1707 5818 P
1738 5767 1799 5825 C.
1834 5765 1905 5825 Μ.
1930 5764 2127 5829 αἰτίας.

2206 5765 2321 5820 ΨΟ.
2365 5762 2435 5820 Μ.
2474 5761 2965 5834 εύλογηθήσεσθαι.
