3880 6206
452 286 557 349 (‘95

1612 288 1880 350 PHOTII
1909 290 2418 352 PATIlIARCHzE
2456 294 2564 355 CP.

3623 314 3728 373 6%

454 399 631 468 cipem
682 397 1113 454 circumcisione
1155 401 1466 472 consignat,
1503 399 1595 469 qui
1643 412 1700 454 et
1729 399 1888 455 (idem
1940 402 2035 455 de-

2154 405 2235 455 ιιαὶ
2260 402 2323 455 τὸ
2348 403 2506 471 γένος
2533 405 2650 473 ἅμα
2703 407 2761 458 ἐν
2794 406 3089 477 ἀφορισμῷ
3117 408 3504 479 συντηρεί.ο⁹υ
3554 414 3731 462 τοίνυν

454 490 627 543 clarat
672 488 1008 559 patriarchae
1037 497 1091 543 et
1125 492 1534 560 generationem
1567 489 1690 560 ejus
1726 499 2037 561 separatam

454 590 785 637 ιτιιιιεεινοιε
820 580 1200 649 juramentum
1230 591 1378 637 certe
1411 583 1875 651 tranSgressionis
1917 598 2043 637 can-

455 689 572 727 sam
608 674 973 742 praestitisset,
1009 675 1057 730 si
1101 690 1293 731 omnes
1327 685 1516 743 gentes
1552 691 1646 746 per
1690 690 2039 731 communem

456 760 805 817 Servatorem
844 763 1125 819 Christum
1176 765 1617 831 baptizarentur.
1649 766 1948 833 Quocirca,
1977 774 2037 820 ut

454 856 531 922 id,
581 858 728 926 quod
751 857 992 927 gratuito
1032 858 1310 927 pollicitus
1341 857 1519 912 fuerat
1546 860 1884 922 Ahrahamo,
1905 874 2039 915 con-

453 960 791 1004 summatum
845 951 1008 1005 ﬁnem
1037 951 1352 1016 sortiretur,
1413 961 1692 1008 ctcontra
1746 953 2036 1007 veritatem

454 1044 737 1096 subortam
796 1043 1168 1111 suspicionem
1223 1042 1365 1099 Deus
1418 1059 1447 1097 a
1480 1043 2038 1115 falsitatejuramenti

454 1132 756 1189 immunem
804 1143 1113 1203 praestaret,
1176 1135 1224 1204 (ι
1248 1132 1383 1188 Nam
1430 1152 1553 1205 ego,
1584 1155 1600 1186 ι
1671 1136 1893 1191 dicebat
1946 1136 2041 1189 ali-

452 1224 694 1293 quando,
758 1242 777 1277 ι
821 1240 944 1280 sum
986 1227 1190 1281 veritas
1248 1228 1473 1288 etvita.
1510 1226 1556 1297 ι)
1622 1226 2040 1281 circumciditur

454 1334 619 1373 carne
652 1319 899 1387 prasputii
933 1320 1042 1385 sui,
1074 1319 1129 1374 in
1187 1319 1306 1389 ipso
1344 1320 1525 1388 primo
1561 1321 1813 1389 ingressu
1850 1322 2038 1388 etpri-

454 1409 630 1463 mitiis
656 1411 886 1480 gratiae:
929 1412 1046 1467 hazc
1079 1421 1265 1467 autem
1304 1420 1391 1466 est
1425 1414 1664 1473 vocatio,
1706 1411 2035 1473 benedictio,

420 1498 506 1555 et
532 1503 754 1571 adoptio
779 1504 1043 1573 gentium,
1090 1505 1316 1573 legalem
1368 1504 1629 1575 politiatn
1680 1504 2036 1559 circumscri-

452 1593 589 1647 bens
612 1602 665 1648 et
688 1594 1090 1651 determiuaus.
1133 1596 1294 1649 Plura
1323 1596 1487 1663 hujus
1527 1596 1743 1665 generis
1774 1593 1901 1662 quis
1943 1608 2038 1663 per

449 1685 623 1739 otium
677 1687 990 1755 excogitata
1046 1688 1285 1754 recolet;
1319 1704 1442 1759 qua:
1477 1688 1563 1742 lex
1613 1687 1924 1758 epistolica,
1977 1696 2033 1741 et

451 1790 540 1833 tua
584 1782 873 1851 prudentia
900 1784 1193 1852 (namquid
1222 1784 1273 1837 iu
1312 1784 1607 1839 antedictis
1640 1785 1896 1847 habetur,
1919 1799 2031 1853 quo
2071 1762 2109 1818 η

452 1887 562 1925 ιιοιι
593 1881 647 1926 et
676 1873 837 1926 tacita
866 1874 1369 1942 vestigareliceat?)
1394 1891 1515 1929 cum
1546 1886 1759 1945 gratum
1790 1892 1894 1929 non
1927 1878 2025 1931 lia-

452 1959 600 2024 beat,
629 1975 1097 2029 supervacaneum
1132 1964 1413 2019 addidisse
1444 1966 1574 2017 mihi
1615 1966 1793 2020 visum
1825 1977 1929 2021 est.

518 2073 851 2141 QUIESTIO
892 2076 1080 2131 CXIX.
1125 2078 1523 2149 [CoisLCXLL
1566 2080 1727 2136 Tuur.
1770 2081 1955 2153 exn]

666 2165 742 2220 De
770 2182 829 2221 eo
864 2183 883 2221 :
919 2186 939 2220 ι
974 2167 1141 2225 Deum
1170 2186 1321 2226 nemo
1349 2171 1477 2224 vidit
1504 2188 1758 2241 unquam.
1792 2191 1811 2222 ι

2146 496 2308 565 ὅρκος
2352 498 2718 567 παραϐάσεως
2766 499 2833 555 ἂν
2884 504 3149 570 παρεῖχεν
3195 501 3380 555 αἰτίαν
3407 502 3723 571 εὐλογουμὲ-

2145 604 2249 637 νων
2286 596 2305 623 ι’
2361 587 2461 655 μὲν
2513 588 2769 642 ἁπάντων
2822 589 2995 644 ἐθνῶν
3040 592 3129 645 διὰ
3160 592 3327 659 μόνον
3402 593 3499 645 τοῦ
3551 596 3732 647 κοινοῦ

2146 678 2400 748 Σωτῆρος
2428 679 2698 749 Χριστοῦ’
2734 682 2796 735 οὐ
2832 682 3092 753 φέροντος
3125 683 3182 737 δέ
3220 684 3283 735 τὸ
3326 684 3606 753 ἐπίσημον
3638 687 3734 754 τῆς

2161 770 2519 839 ’Λϐραμιαίας
2559 774 2786 842 σπορᾶς,
2805 773 2927 842 ἥτις
2952 770 3019 845 ἦν
3048 777 3082 845 ή
3135 777 3436 847 περιτομή.
3494 777 3616 829 ’Ὶνα
3641 776 3735 828 οὖν

2142 863 2240 915 καὶ
2269 862 2346 932 τῷ
2389 864 2641 935 Ἀϐραὰμ.
2676 866 2733 918 τὸ
2764 868 3164 937 κεχαρισμένον
3202 869 3378 938 πέρας
3411 871 3459 936 if
3502 868 3725 936 ὑπόσχεα

2145 969 2229 1013 σις
2261 952 2535 1023 ἀπολάϐῃ,
2560 954 2656 1005 καὶ
2687 956 2786 1024 τὴν
2820 958 2967 1013 κατὰ
3021 958 3122 1027 τῆς
3154 959 3412 1027 ἀληθείας
3461 958 3736 1025 ὑπόληψιν

2145 1047 2197 1114 (ἠ
2235 1044 2291 1096 δέ
2320 1046 2467 1098 ἐστιν
2500 1049 2528 1097 ὁ
2550 1046 2702 1112 Θεὸς,
2732 1048 2833 1116 τῆς
2867 1048 3194 1119 ψευδορκίας
3225 1049 3488 1120 διαλύσῃ·
3521 1066 3540 1102 ι
3594 1049 3735 1115 Ἐγὼ

2141 1134 2248 1204 γάρ
2270 1136 2407 1203 εἰμι,
2470 1139 2656 1205 φησιν,
2710 1139 2743 1206 ἡ
2777 1138 3006 1209 ἀλήθεια
3030 1141 3178 1210 καὶή
3209 1140 3322 1210 ζωή
3369 1158 3390 1192 ι
3428 1140 3472 1207 )’
3528 1140 3731 1208 τέμνε-

2139 1243 2229 1277 ται
2260 1226 2357 1296 τὴν
2392 1228 2572 1290 σάρκα
2594 1229 2694 1298 τῆς
2722 1230 3093 1300 ἀκροϐυστίας
3138 1234 3197 1284 ἐν
3254 1234 3320 1302 τῇ
3375 1234 3475 1301 τῆς
3508 1233 3735 1301 χάριτος

2139 1318 2364 1389 ἀπαρχῇ
2399 1320 2493 1372 καὶ
2523 1322 2800 1392 εἰσαγωγῇ
2828 1338 2840 1350 '
2866 1321 3008 1391 αὕτη
3048 1323 3104 1379 δέ
3141 1325 3289 1376 ἐστιν
3324 1326 3356 1393 ἡ
3411 1324 3609 1393 κλῆσις
3639 1323 3737 1375 καὶ

2140 1412 2174 1481 ἡ
2197 1411 2416 1479 εὐλογία
2459 1414 2556 1465 καὶ
2608 1414 2641 1484 ἡ
2673 1415 2919 1469 υἱοθεσία
2946 1412 3056 1468 τῶν
3120 1415 3315 1476 ἐθνῶν,
3342 1415 3442 1485 τὴν
3500 1416 3735 1485 νομικὴν

2140 1502 2419 1555 πολιτείαν
2469 1505 2947 1574 συμπεριγράφων
3002 1506 3097 1560 καὶ
3156 1507 3575 1575 συνεκπληρῶν.
3615 1507 3728 1558 Καὶ

2140 1594 2315 1646 πολλὰ
2337 1595 2400 1648 ἄν
2422 1612 2505 1657 τις
2539 1595 2700 1663 ἐτερα
2726 1594 2955 1649 τοιαῦτα
2982 1596 3122 1650 κατά
3181 1596 3378 1666 σχολὴν
3415 1597 3735 1665 ἐπιθεωρή-
3794 1584 3797 1587 ’

2140 1697 2266 1738 σοι⁸
2309 1679 2385 1739 ὧν
2419 1687 2447 1739 ὃ
2473 1704 2533 1739 τε
2562 1686 2662 1756 τῆς
2694 1688 2988 1758 ἐπιστολῆς
3036 1688 3223 1758 νόμος,
3262 1689 3358 1742 καὶ
3404 1689 3437 1758 ἡ
3492 1687 3563 1756 σὴ
3606 1686 3738 1739 adv-

2140 1797 2254 1841 εσις
2306 1780 2379 1850 (τί
2436 1781 2543 1851 γὰρ
2567 1782 2634 1833 ὲκ
2671 1780 2780 1833 τῶν
2828 1781 3132 1851 εἰρημένων
3196 1782 3297 1833 οὐκ
3343 1780 3471 1850 ἐνῆν
3523 1781 3624 1832 καὶ
3669 1782 3738 1832 τὰ

2140 1873 2476 1941 σεσιγημένα
2499 1874 2735 1941 θηρᾶσαι
2757 1874 2796 1941 ;)
2821 1875 2943 1927 ἐπεὶ
2967 1873 3043 1944 μὴ
3077 1874 3176 1944 ἡδὺ
3203 1872 3437 1943 νομίζει,
3469 1872 3737 1943 περιττὸν

2142 1965 2332 2035 ἐκρίθη
2366 1968 2399 2036 ἡ
2434 1967 2756 2036 παράθεσις.

2675 2078 3005 2135 ΕΡΩῚῚΙΣΙΣ
3047 2080 3192 2137 ΡΙΘ’.

2466 2174 2617 2226 Θεὸν
2648 2173 2848 2238 οὐδεὶς
2882 2173 3105 2242 ἑώρακε
3140 2174 3399 2227 πώποτέ.

562 2277 814 2331 Editarum
837 2295 864 2329 a
888 2280 1066 2331 Wolﬁo
1087 2288 1259 2345 quarta
1279 2284 1418 2347 (Cur.
1450 2282 1718 2350 Philolog.,
1743 2292 1774 2334 t.
1800 2286 1931 2397 V,bp.
1954 2286 2198 2398 7013,1715.
2232 2286 2454 2398 Gallfgd,
2484 2292 2516 2335 t.
2547 2288 2676 2343 Xlll.
2700 2301 2747 2351 p.
2774 2287 3003 2348 715-717,
3026 2301 3075 2335 ιι.
3101 2288 3205 2346 20).
3243 2314 3298 2323 -
3325 2288 3625 2349 Explanal.o

1770 2362 1857 2396 ver
1891 2362 2050 2398 orum.
2152 2363 2244 2398 uau
2279 2363 2308 2398 ι.

1770 2362 2090 2408 veroorum,t
2122 2362 2244 2399 Juau
2279 2363 2308 2409 ι,

528 2425 755 2495 Egregia
798 2433 892 2480 tua
932 2427 1199 2483 industria
1242 2436 1299 2485 et
1338 2444 1494 2497 cura,
1527 2433 1594 2485 ad
1642 2432 1925 2502 sapientia:
1951 2432 2034 2487 dio

455 2516 701 2586 vinaaque
738 2518 1001 2574 doctrina:
1030 2522 1207 2590 capita
1240 2520 1435 2589 relata,
1477 2539 1587 2577 non
1632 2538 1719 2578 me
1757 2524 1935 2579 solum
1966 2524 2033 2578 ad

457 2608 603 2662 idem
651 2610 891 2664 studium
930 2612 1155 2680 excitat,
1189 2614 1284 2669 sed
1323 2624 1379 2670 et
1430 2615 1744 2685 unicuique,
1786 2628 1845 2669 ut
1883 2628 2034 2685 puto,

454 2702 545 2756 cui
581 2703 800 2759 animus
828 2705 899 2759 ab
947 2720 1139 2762 amore
1168 2723 1350 2762 rerum
1381 2709 1770 2778 prazclararum
1801 2708 2036 2774 alienus,

456 2812 564 2850 non
602 2798 815 2867 suadet,
862 2808 921 2853 ut
963 2814 1051 2857 res
1100 2817 1290 2857 amore
1323 2802 1579 2874 indignas
1638 2804 1819 2872 magni
1850 2802 2036 2867 faciat,

455 2892 613 2945 laude
668 2907 796 2946 vero
845 2893 1039 2964 dignas
1093 2903 1411 2960 aversetur,
1466 2894 1610 2950 idem
1664 2894 2037 2952 commendat.

458 2983 625 3054 quue
664 2994 817 3040 tanto
867 2987 1065 3058 magis,
1108 2989 1253 3056 quod
1304 2996 1361 3041 tu
1400 2988 1642 3057 quidem,
1683 2988 1852 3043 tantis
1891 2986 2041 3043 curis

2230 2433 2293 2485 'li
2322 2433 2461 2502 καλή
2490 2449 2581 2487 σου
2616 2433 2743 2503 περὶ
2761 2431 2831 2487 τὰ
2852 2430 2997 2485 οὕτω
3019 2431 3161 2501 σοφὰ
3184 2431 3277 2485 καὶ
3294 2431 3414 2484 θεῖα
3433 2432 3741 2501 μαθήμστα

2142 2524 2429 2595 φιλοπονία
2460 2526 2553 2577 καὶ
2585 2524 2815 2594 σπουδὴ,
2841 2525 2942 2577 οὐκ
2973 2523 3077 2592 ἐμὲ
3102 2523 3264 2593 μόνον
3296 2525 3435 2593 πρὸς
3468 2525 3741 2591 ἐπιστροο

2148 2618 2256 2687 φὴν
2287 2616 2460 2687 αὐτῆς
2485 2616 2848 2685 διανίστησιν,
2896 2615 3036 2669 ἀλλὰ
3067 2616 3163 2669 καὶ
3211 2616 3375 2669 παντί
3422 2632 3508 2682 γε,
3549 2611 3740 2685 οἶμαι,

2144 2711 2253 2780 ὅτῳ
2297 2710 2372 2780 μὴ
2420 2710 2562 2765 πάνυ
2610 2710 2722 2764 τῶν
2756 2708 2938 2762 καλῶν
2986 2708 3178 2780 ἔτερος
3210 2709 3353 2779 ἔρως
3398 2706 3461 2760 τὸ
3508 2707 3744 2777 φίλτρον

2144 2803 2353 2857 ἐκλύων
2382 2801 2787 2871 ἀντεπέστησεν
2809 2801 2870 2855 τὸ
2898 2801 3200 2871 ἀνέραστον
3231 2799 3343 2872 (2‘2)
3378 2799 3624 2862 θειάςειν
3680 2816 3739 2851 τε

2148 2897 2242 2950 xui.
2295 2898 2465 2951 κινεῖν
2509 2894 2736 2947 ἐπαίνου
2782 2892 2933 2958 ἄξια,
2990 2890 3343 2946 καθίσταται.
3378 2890 3645 2945 Μάλιστα
3677 2907 3743 2957 γε

2147 2987 2229 3040 ὅτι
2276 2986 2373 3039 καὶ
2432 2984 2702 3047 τοσαύτας
2761 2982 3051 3056 φροντίδας
3102 2981 3586 3052 ἐγκεχειρισμένος
3636 2981 3747 3033 οὐκ

456 3076 763 3141 districtus,
816 3077 953 3134 nihil
992 3078 1060 3135 de
1106 3079 1291 3134 studio
1334 3079 1437 3135 hoc
1486 3078 1743 3145 remittis,
1785 3077 2038 3149 quamvis

2154 3079 2376 3143 ίνδίδως,
2395 3072 2476 3141 οἷς
2492 3076 2616 3130 καθ’
2640 3076 2882 3145 ἑκάστην
2910 3072 3317 3145 προνοούμενος
3337 3074 3742 3141 ἐπαγρυπνείς,

457 3168 565 3223 illis
614 3169 831 3239 quidem
871 3171 1104 3239 singulis
1153 3180 1343 3227 curate
1398 3171 1685 3241 invigiles,
1746 3186 1924 3241 neque
1972 3172 2039 3229 ad

455 3260 628 3313 utinm
658 3262 936 3329 animique
965 3264 1357 3319 relaxationem
1402 3271 1637 3332 spectes,
1670 3264 1762 3317 sed
1794 3280 1880 3327 ea,
1918 3279 2041 3333 qum

459 3352 525 3403 ad
568 3351 735 3407 vitam
785 3353 1021 3408 activam
1076 3372 1140 3409 ac
1185 3357 1375 3425 patria:
1425 3356 1713 3411 commoda
1744 3357 2037 3427 pertineant,

458 3440 621 3495 etiam
687 3441 885 3511 magis,
935 3458 1099 3512 quam
1160 3445 1543 3501 meditationes
1616 3455 1761 3513 tuas,
1822 3462 2038 3517 urgeas.

454 3531 646 3603 Neque
678 3548 809 3588 vero
857 3550 887 3589 a
916 3537 1194 3605 praeclaris
1248 3537 1357 3593 illis
1402 3538 1505 3592 tuis
1535 3546 1591 3594 et
1644 3538 2041 3608 philosophieis

458 3628 867 3684 meditamentis
907 3630 1129 3700 penitus
1176 3631 1569 3702 investigandis
1597 3632 1749 3701 prius
1776 3631 2040 3697 abstines,

458 3734 624 3787 quam
663 3719 730 3774 ad
762 3721 970 3791 apicem
1007 3723 1282 3788 veritatis,
1330 3723 1513 3793 quoad
1540 3724 1662 3794 ejus
1698 3725 1811 3779 fieri
1841 3734 2041 3794 potest,

458 3812 794 3883 perveneris.
834 3814 1031 3873 Beatos
1066 3816 1233 3887 igitur
1266 3817 1503 3884 praedico
1532 3832 1652 3879 eos,
1682 3816 1886 3887 quibus
1929 3816 2044 3875 haec

459 3903 515 3955 in
552 3911 605 3957 te
635 3904 838 3970 videre,
869 3912 925 3960 et
953 3922 1015 3959 ex
1045 3915 1097 3961 te
1127 3906 1315 3962 audire
1340 3908 1487 3963 licet.
1520 3907 1658 3960 Tum
1690 3922 1821 3961 vero
1873 3906 2042 3965 etiam

462 3994 662 4060 sentio,
701 4012 865 4065 quam
896 4013 1040 4069 aegre
1079 3998 1214 4053 mihi
1252 3997 1483 4054 fecerint
1519 3998 1751 4063 inimici,
1786 4008 1841 4052 et
1876 4014 2042 4068 quam

461 4088 699 4159 pulchro
722 4088 1081 4161 jucundoque
1112 4093 1428 4162 spectaculo
1454 4090 1658 4146 invidia
1690 4106 1777 4146 me
1799 4091 2044 4161 privarit,

458 4182 557 4249 qui
589 4181 769 4238 videre
817 4200 927 4238 non
961 4185 1165 4254 possim
1200 4184 1602 4255 philosophiam
1648 4184 1701 4239 in
1734 4184 1913 4239 media
1956 4198 2045 4238 re-

461 4274 683 4344 publica
732 4276 963 4331 chorum
1016 4276 1329 4342 ducentem,
1385 4286 1445 4332 et
1495 4276 1718 4347 quidem
1775 4284 2042 4342 nostram,

465 4376 633 4435 atque
673 4368 811 4424 adeo
841 4369 1025 4433 talem,
1074 4369 1235 4438 cujus
1259 4369 1473 4425 fructus
1507 4368 1754 4424 cmlestia
1790 4368 2041 4440 largitur.

2148 3170 2271 3225 οὐδέ
2312 3170 2449 3240 πρὸς
2479 3169 2581 3233 τὴν
2606 3168 2714 3223 τῶν
2777 3168 2955 3223 πόνων
3009 3167 3195 3222 ἄνεσιν
3224 3167 3319 3219 καὶ
3373 3166 3747 3235 ψυχαγωγίαν

2130 3262 2449 3331 ·ἁναφορᾷς,
2482 3259 2620 3314 ἀλλὰ
2649 3261 2744 3315 καὶ
2774 3261 3038 3313 ἐπέκεινα
3067 3260 3194 3317 τοὺς
3221 3257 3517 3325 λογισμοὺς
3554 3256 3645 3317 είς
3685 3254 3747 3306 τὸ

2147 3354 2475 3426 δραστήριόν
2501 3370 2560 3407 τε
2595 3352 2775 3407 καὶτὸ
2799 3354 2864 3422 τῇ
2896 3351 3119 3421 πατρίδι
3160 3351 3411 3404 συνοῖσον
3457 3348 3748 3415 ἀντιστρὲ-

2149 3464 2293 3515 φεις.
2323 3447 2432 3501 Καὶ
2454 3446 2563 3499 τῶν
2588 3443 2732 3498 οὓτω
2763 3442 3095 3513 θαυμαστῶν
3127 3444 3221 3495 καὶ
3251 3442 3556 3510 φιλοσόφων
3598 3439 3749 3491 θεω-

2150 3540 2418 3609 ρημάτων
2454 3537 2515 3591 τὸ
2555 3536 2720 3607 βάθος
2764 3533 3193 3606 διερευνώμενος
3244 3533 3345 3587 οὐκ
3389 3532 3580 3596 ἀνίεις,
3632 3530 3747 3594 ἕως

2151 3631 2239 3693 ἂν,
2264 3630 2337 3695 ὡς
2359 3624 2473 3684 οἷόν
2504 3629 2564 3682 τέ
2589 3630 2762 3693 ἐστιν,
2785 3630 2866 3691 είς
2890 3627 3059 3697 αὐτὴν
3090 3626 3189 3696 τῆς
3209 3626 3469 3696 ἀληθείας
3488 3623 3737 3691 ἀναδραο

2154 3724 2276 3793 μεῖν
2317 3737 2400 3775 σοι
2436 3722 2780 3791 περιγένοιτο
2823 3719 2922 3791 τὴν
2962 3720 3230 3789 κορυφήν.
3274 3719 3385 3771 Καὶ
3441 3716 3751 3787 μακαρίζω

2149 3815 2278 3878 τοὺς
2315 3813 2563 3884 ὁρῶντας
2606 3813 2701 3867 ἐπὶ
2758 3812 2844 3869 σοὶ
2896 3815 3074 3867 ταῦτα
3111 3813 3207 3865 καὶ
3263 3809 3584 3872 ἀκούοντας.
3635 3810 3750 3860 Καὶ

2150 3909 2271 3961 τότε
2290 3906 2558 3975 λαμϐάνω
2588 3903 2941 3976 συναίσθησιν
2961 3904 3060 3973 τῆς
3082 3903 3192 3955 τῶν
3216 3902 3426 3973 ἐχθρῶν
3449 3902 3748 3972 ἐπηρείας,

2154 4001 2245 4055 καὶ
2265 4000 2378 4053 οἴου
2406 4015 2471 4069 με
2491 3997 2658 4054 καλοῦ
2686 3998 2782 4051 καὶ
2810 3996 3028 4066 ἡδίστου
3043 3995 3312 4063 θεάματος
3328 3992 3562 4062 ὀφθόνος
3582 3994 3745 4046 ἐστέ-

2152 4109 2343 4164 ρησεν,
2373 4092 2431 4146 ἐν
2460 4089 2708 4160 πολιτείᾳ
2732 4089 2866 4159 δρᾷν
2892 4085 3214 4157 φιλοσοφίαν
3244 4085 3598 4157 χορεύουσαν,
3647 4084 3744 4136 καὶ

2151 4186 2273 4238 τότε
2289 4184 2388 4254 τὴν
2404 4183 2701 4253 ἡμετέραν,
2719 4181 2815 4235 καὶ
2827 4174 2893 4251 ἦς
2906 4180 2935 4232 ὁ
2955 4178 3247 4249 καρπδςτὰ
3264 4176 3514 4247 οὐράνια.
3546 4174 3746 4241 Ἡμεῖς

2154 4272 2256 4343 μὲν
2286 4268 2379 4325 οὖν
2417 4271 2559 4325 κατὰ
2584 4270 2711 4333 τοὺς
2736 4268 2960 4339 Δίγιὲας
2987 4267 3113 4322 οὔτε
3153 4267 3357 4337 τρίτος,
3388 4265 3514 4319 οὔτε
3539 4265 3742 4333 τέταρο

2158 4384 2249 4429 τος
2275 4365 2410 4435 (25).
2435 4366 2529 4429 Εἰς
2556 4362 2763 4431 ταύτην
2779 4362 2888 4433 γὰρ
2904 4361 2975 4415 τὰ
3003 4360 3249 4431 ἡμέτερα
3285 4358 3383 4429 τὴν
3414 4357 3590 4427 λῆξιν.
3625 4356 3743 4409 Οὐκ

463 4460 577 4517 Nos
605 4463 825 4532 quidem
863 4466 928 4519 ad
964 4467 1274 4534 exemplum
1308 4462 1654 4535 Egieorum,
1693 4477 1795 4518 nec
1824 4463 2038 4517 tertium

2154 4455 2273 4514 οἶδα
2336 4458 2396 4512 τὸ
2447 4457 2613 4526 φῦλον
2658 4456 2900 4527 (QUOS:
2928 4449 3045 4513 οἶδα
3068 4454 3129 4508 τὸ
3149 4453 3444 4523 ὄστρακον,
3480 4450 3581 4503 οὐκ
3622 4444 3745 4501 οἶδα

464 4571 567 4613 nec
599 4567 853 4626 quartum
886 4558 1065 4614 locum
1102 4570 1375 4615 tenemus.
1424 4558 1498 4613 Ita
1530 4557 1679 4612 enim
1725 4573 1814 4613 res
1850 4565 2052 4614 nostra:

465 4660 795 4719 comparata:
820 4661 968 4708 sunt.
997 4649 1115 4707 Non
1147 4651 1273 4707 novi
1297 4666 1402 4721 ego
1427 4649 1651 4715 tribum,
1683 4665 1790 4703 non
1818 4658 2046 4714 testam;

2160 4554 2208 4609 εί
2251 4551 2365 4622 (25)
2398 4550 2478 4620 τῷ
2500 4549 2744 4620 καδίσκῳ
2778 4546 2867 4600 διὰ
2900 4545 2997 4602 τοῦ
3047 4545 3229 4619 κηροῦ
3276 4542 3577 4613 καθημένη
3624 4540 3743 4608 (26)

2157 4644 2474 4714 ψῆφος,οὐκ
2488 4637 2625 4707 οἶδα,
2643 4642 2695 4699 εί
2709 4659 2762 4695 τι
2788 4639 3017 4699 illo/1'6
3036 4640 3145 4709 γὰρ
3162 4637 3541 4713 πυθόχρηστον
3562 4632 3748 4701 λόῖιον

1744 4760 1978 4816 VARle
2008 4757 2415 4816 LECTlUNES.

556 4892 576 4920 "
603 4881 666 4938 C.
692 4881 762 4936 Μ.
794 4881 1209 4952 εὐλογουμένον.
1280 4894 1301 4920 ⁸
1333 4881 1397 4937 C.
1420 4879 1489 4935 Μ.
1524 4879 1898 4951 ἐπιθεωρήσῃ.

2002 4967 2237 5024 NOTAE.

537 5065 650 5135 (‘22)
686 5065 778 5119 Sic
810 5065 993 5121 scribo
1018 5081 1117 5135 pro
1151 5067 1502 5135 ἀναίραστος,
1537 5075 1592 5121 et
1647 5082 1773 5121 mox
1812 5064 2043 5118 ἐπαίνου

468 5153 568 5208 pro
596 5136 878 5208 ἐπαίνους,
908 5135 1015 5208 Res
1044 5153 1139 5206 per
1165 5154 1224 5192 se
1248 5148 1412 5205 patet.

509 5206 750 5287 ’(Ξῦμιιι
777 5207 970 5275 scripsi
1004 5223 1105 5277 pro
1130 5208 1313 5277 τρίτος
1345 5208 1777 5290 οὗτε-τέταρτος.
1796 5206 2045 5290 __Prove_r_-

471 5278 619 5332 bium
649 5277 705 5330 in
738 5278 963 5348 ignavos
997 5286 1052 5332 et
1102 5288 1446 5348 contemptus
1482 5277 1729 5334 homines
1777 5278 1885 5333 dici
1923 5278 2053 5332 soli-

472 5361 609 5422 tum,
630 5346 931 5422 secundum
958 5349 1240 5422 o_raculum
1273 5346 1427 5416 illud,
1467 5350 1615 5422 quod
1647 5359 1771 5420 post
1798 5350 1936 5404 alios
1964 5365 2051 5402 re-

470 5420 609 5490 eitat
638 5418 947 5490 Stephanus
976 5419 1204 5490 Byzant.
1232 5437 1285 5489 p.
1312 5422 1381 5476 36
1413 5440 1426 5475 :

591 5489 780 5562 Ὑμεῖς
903 5489 1119 5559 Αίγιέες
1137 5490 1269 5562 οὔτε
1299 5493 1494 5562 τρίτοι,
1524 5491 1650 5546 οὔτε
1672 5491 1940 5560 τέταρτοι.

545 5558 680 5633 Vide
706 5558 1005 5633 ibii'l‘hom.
1040 5562 1107 5616 de
1134 5558 1360 5633 Pinedo,
1394 5580 1445 5633 p.
1478 5565 1569 5618 56.

546 5632 658 5698 (21)
692 5631 875 5686 Codex
914 5632 1077 5687 habet
1132 5630 1350 5700 φύλλον,
1396 5630 1577 5701 quod,
1616 5632 1893 5702 quomodo
1947 5634 2053 5685 huc

472 5703 864 5774 quadret,non
896 5702 1074 5757 video.
1137 5704 1209 5757 i‘lx
1264 5706 1623 5774 sequentibus
1676 5705 1821 5756 enim
1878 5710 2047 5774 patet,

468 5778 556 5845 agi
595 5776 681 5829 hic
718 5773 785 5828 de
806 5774 968 5833 rebus
990 5774 1056 5830 ad
1083 5774 1261 5830 forum
1284 5771 1698 5847 pertinentibus.
1734 5774 1921 5844 Itaque
1950 5771 2050 5842 φῦς

2152 5064 2244 5116 λον
2269 5062 2489 5132 scripsi,
2525 5076 2591 5115 ρο
2622 5074 2811 5132 sensu,
2866 5067 2925 5113 ut
2957 5057 3134 5113 tribus
3165 5055 3249 5111 vel
3280 5054 3414 5109 ordo
3459 5052 3663 5124 aliquis
3695 5062 3751 5107 et

2156 5135 2352 5189 classis
2386 5131 2669 5188 hominum
2696 5131 2997 5185 iudicetur.

2225 5205 2346 5273 (25)
2377 5204 2427 5256 εἰ
2462 5203 2658 5273 scripsi
2691 5200 2890 5273 proiij,
2916 5200 3061 5273 sicut
3087 5214 3212 5273 tuo;
3251 5198 3523 5273 sequitur.
3549 5192 3613 5273 _sl'
3629 5210 3709 5273 τι.

2228 5265 2342 5347 (26)
2376 5274 2541 5330 Coisl.
2570 5265 2911 5345 καθήεμένὴ,
2943 5271 3079 5326 alter
3106 5265 3421 5347 καθημένη,
3452 5268 3615 5347 male.
3657 5265 3750 5343 ln-

2157 5338 2374 5403 dicatur
2404 5361 2522 5399 IIIOS
2581 5338 2850 5405 veterum,
2877 5338 2971 5396 ὀι
3015 5357 3127 5410 quo
3153 5338 3367 5411 judices
3390 5338 3398 5341 ’
3420 5338 3666 5411 calculos
3697 5338 3750 5385 in

2160 5412 2358 5474 eadum
2384 5416 2747 5471 demittebant
2791 5429 2887 5483 per
2930 5409 3303 5481 κημόνζδίιίι
3360 5409 3645 5483 vasculum
3682 5420 3751 5455 rx

2162 5492 2330 5557 junco
2356 5487 2440 5541 vel
2466 5487 2667 5540 vimine
2693 5495 2921 5549 textum,
2948 5483 3157 5557 specilli
3201 5483 3375 5557 instar
3423 5482 3493 5557 in,
3531 5493 3752 5531 summu

2164 5550 2347 5624 latius,
2374 5558 2560 5611 inimo
2588 5557 2899 5629 augustius.
2952 5553 3082 5607 Vide
3128 5553 3396 5629 hni_lql|ili.
3432 5550 3749 5629 dius-terum

2164 5634 2228 5685 il‘l
2288 5616 2691 5697 Aristophanis“
2731 5627 2973 5694 Equites,
3038 5640 3087 5678 v.
3141 5616 3551 5693 ll17,'p.115.
3600 5616 3751 5671 Adde

2165 5704 2645 5772 llarpocratlouenl
2676 5716 2724 5752 ι’.
2760 5698 3035 5759 καδίσκος.
