3880 6206
146 309 250 375 697

1130 304 1231 362 AD
1272 291 1868 361 AMPHILOCHIUM
1908 289 2256 366 ΟυίΕΞΤΙΟ
2288 294 2494 353 CXIX.

3311 296 3415 360 698

145 424 320 486 ἄλλως
341 438 402 475 τε
426 419 687 492 χαιρέτω,
714 419 809 472 καὶ
831 417 915 472 ὅτι
953 417 1107 471 οὐδὲν
1127 417 1268 489 πρὸς
1286 417 1456 487 ήμᾶς,
1484 415 1624 484 πλὴν
1645 415 1720 468 ὅτι

1833 423 1941 461 non
1989 406 2140 470 novi,
2172 420 2306 458 num
2357 404 2497 459 cado
2541 417 2640 473 per
2687 395 2974 474 specillum
3011 406 3260 464 immissa
3307 411 3417 465 sint

143 513 530 587 παραπλήσιόν
552 530 604 566 τι
621 513 729 566 τῶν
750 511 872 584 είρη
881 509 1156 582 μένων,ὼς
1169 511 1262 563 καὶ
1279 509 1438 573 αὐτὸς
1452 509 1518 562 ἂν
1535 507 1722 577 φαίης,

143 611 226 671 εἰς
254 607 321 660 τὰ
356 603 452 658 νῦν
475 603 722 678 παρόντα
749 602 845 656 τὸν
872 601 1144 674 ἡμέτερον
1185 602 1300 673 βίον
1335 600 1721 674 περιέστησεν.

155 700 289 770 Ἐμὲ
325 700 444 771 μὲν,
504 699 594 752 ὅτε
644 697 707 753 τὺ
757 693 996 770 γράμμα
1047 694 1207 769 ἧκεν,
1261 695 1418 760 νόσος
1459 694 1722 767 ἐμάστιζε

142 792 374 863 χαλεπὴ,
409 789 607 864 μικροῦ
637 794 759 863 μηδ’
782 794 956 845 εἰπεῖν
987 809 1040 846 τι
1059 791 1170 863 (27)
1207 791 1345 863 πρὸς
1375 789 1475 862 τήν
1500 791 1722 859 αἴτησιν

142 885 264 944 ταῖς
280 884 658 954 ἐπικειμέναις
679 880 940 955 ἀλγηδόσι
972 884 1069 956 τὴν
1093 882 1277 939 ἄδειαν
1299 881 1718 954 ἐμπαρέχουσα.

155 971 298 1026 Ἀλλ’
327 969 442 1039 οὖν,
468 972 544 1037 ὡς
579 975 636 1029 ὲν
669 973 812 1045 νόσῳ
835 972 1181 1045 πιεζόμενος,
1203 972 1384 1026 ἐκεῖνο
1417 971 1484 1025 ἂν
1533 971 1722 1040 φαίην,

141 1066 225 1118 ὅτι
255 1065 314 1119 τδ
353 1067 496 1120 κατὰ
517 1064 616 1137 τὴν
645 1063 840 1119 ἑαυτοῦ
870 1065 1199 1137 ὑπερούσιόν
1249 1079 1308 1116 τε
1345 1064 1441 1117 καὶ
1477 1062 1724 1132 ἄληπτον

140 1155 332 1210 οὐσίαν
377 1157 479 1211 οὐκ
531 1155 882 1228 ἀνθρωπίνην
937 1156 1098 1228 μόνον
1151 1156 1275 1226 ὄψιν
1300 1154 1397 1210 καὶ
1472 1155 1717 1209 διάνοιαν

141 1245 424 1316 ἐκφεύγει,
463 1246 601 1300 ἀλλά
654 1248 750 1302 καὶ
779 1248 952 1313 αὐτὰς
999 1249 1100 1313 τὰς
1141 1247 1402 1302 ἀνωτάτω
1451 1247 1547 1302 καὶ
1577 1245 1721 1316 πλη-ι

142 1339 438 1404 σιαζούσας
505 1339 792 1410 δυνάμεις,
835 1340 898 1394 αἶ
955 1340 1140 1412 πολλῷ
1171 1340 1251 1412 τῷ
1310 1341 1513 1413 μέτρῳ
1552 1342 1721 1411 ὑπερ-

139 1432 475 1500 ανεστήκασι
495 1433 712 1500 φύσεως
738 1447 753 1463 °
786 1433 847 1486 οὐ
874 1432 1018 1487 κατὰ
1045 1435 1136 1487 τὸν
1152 1434 1396 1506 παρόντα
1420 1435 1579 1505 μόνον
1599 1451 1722 1488 και-

143 1522 258 1592 ρὺν,
287 1520 410 1574 καθ’
430 1521 489 1574 ὃν
520 1521 598 1593 τῷ
622 1523 925 1578 πολυπαθεῐ
961 1524 1138 1596 τούτῳ
1169 1525 1383 1597 σαρκίῳ
1428 1525 1718 1596 δεδέμεθα,

138 1611 277 1665 ἀλλὰ
305 1611 564 1666 καὶκατὰ
591 1615 717 1678 τοὺς
749 1613 1046 1682 μέλλοντας
1071 1615 1297 1682 αἰῶνας,
1323 1616 1411 1670 ὅτε
1444 1616 1512 1670 τὰ
1548 1616 1720 1670 πολλὰ

136 1702 248 1756 τῶν
273 1702 615 1772 αἰνιγμάτων
661 1705 759 1758 καὶ
814 1705 1098 1776 ἐσόπτρων
1155 1709 1718 1779 ἀποτκευασαμίνοις,

1833 499 2133 569 suffragia;
2182 512 2295 552 non
2357 497 2509 563 novi,
2561 499 2810 568 nunquid
2863 499 3010 553 aliud
3058 499 3269 556 factum
3319 517 3414 560 sit.

1832 592 2132 646 ()raculnm
2188 590 2336 645 enim
2380 589 2512 658 illud
2564 589 2885 659 Delphicum
2939 599 2999 645 ut
3041 591 3182 646 alias
3235 593 3418 647 valere

1827 685 2016 755 jubeo,
2060 685 2133 738 ita
2175 684 2242 738 ad
2283 695 2369 738 me
2412 681 2550 736 nihil
2599 683 2818 747 attinet,
2863 682 2968 737 nisi
3013 685 3158 754 quod
3210 685 3415 755 aliquid

1831 777 1990 831 dictis
2019 775 2221 842 simile,
2257 775 2404 846 quod
2450 784 2507 830 et
2534 775 2651 844 ipse
2679 773 2837 830 facile
2869 773 3111 843 fatearis,
3159 779 3415 846 praesenti

1831 871 1953 926 vitae
1983 885 2118 925 mea:
2149 869 2448 925 conditioni
2474 869 2756 925 acciderit.
2797 869 2934 924 Cum
2977 863 3172 925 litterre
3202 880 3308 925 tuae
3347 872 3414 926 ad

1830 977 1916 1016 me
1953 959 2347 1030 perferrentur,
2377 959 2516 1014 adeo
2538 959 2721 1028 gravis
2763 974 2851 1014 me
2882 959 3118 1013 vexabat
3159 961 3412 1026 morbus,

1832 1062 1891 1106 ut
1933 1067 2026 1121 per
2056 1053 2277 1105 dolores
2328 1051 2623 1105 continuos
2673 1065 2784 1104 non
2827 1056 3187 1120 permitteret,
3242 1063 3300 1108 ut
3345 1053 3414 1107 ad

1828 1145 2150 1214 petitionem
2207 1150 2358 1198 tuam
2410 1143 2497 1196 vel
2539 1143 2826 1198 verbulnm
2876 1142 3122 1213 proferre
3172 1159 3412 1216 possein.

1827 1235 1966 1289 Cum
2011 1232 2202 1289 eodem
2255 1233 2422 1304 igitur
2471 1234 2650 1289 adhuc
2706 1233 3036 1290 conflictanti
3089 1236 3190 1292 hoc
3243 1253 3413 1291 unum

1828 1326 2015 1382 dicere
2048 1326 2195 1392 licet,
2233 1325 2383 1396 quod
2426 1325 2662 1391 Numen,
2698 1341 2890 1382 omnes
2935 1330 3206 1384 essentias
3251 1345 3414 1400 snpe-

1830 1434 1960 1472 rans
2003 1426 2058 1473 et
2106 1417 2683 1487 incomprehensibilc,
2744 1434 2856 1474 non
2901 1422 3184 1474 hominum
3234 1425 3410 1477 solum

1830 1519 2066 1565 mentem
2111 1519 2167 1565 et
2207 1510 2424 1572 oculos,
2477 1509 2572 1565 sed
2623 1519 2679 1565 et
2723 1524 2993 1580 supernas
3043 1511 3164 1566 illas
3194 1510 3415 1582 Deoqne

1828 1601 2111 1671 proximas
2152 1609 2471 1670 potestates,
2498 1615 2636 1671 (μιαι-
2663 1615 2754 1656 res
2784 1602 3061 1656 naturales
3094 1603 3258 1674 longo
3291 1615 3413 1673 post

1828 1711 1889 1751 se
1919 1694 2210 1749 intervallo
2245 1693 2587 1763 relinquunt,
2623 1692 2799 1765 fugiat
2827 1713 2840 1749 :
2867 1695 3031 1765 idque
3077 1710 3188 1750 non
3225 1698 3275 1750 in
3311 1697 3413 1751 hoc

137 1797 236 1849 καὶ
264 1794 327 1850 τδ
355 1795 634 1868 ἄφθαρτον
677 1798 799 1852 ἀντὶ
829 1798 928 1854 τοῦ
987 1797 1231 1871 φθαρτοῦ
1268 1798 1718 1873 περιϐαλομένοις

1827 1795 2037 1842 tantum
2069 1786 2295 1851 saeculo,
2328 1800 2439 1855 quo
2470 1785 2823 1856 corpusculo,
2859 1788 3028 1843 variis
3061 1787 3410 1843 imbecillita-

135 1881 524 1954 καθαρώτερόν
572 1903 634 1939 τε
700 1885 798 1942 καὶ
841 1887 1182 1961 τελειότερον
1253 1891 1620 1955 ὲναστράπτει
1679 1893 1712 1964 ή

135 1974 388 2044 ἀλήθεια.
420 1976 486 2030 Τί
517 1973 628 2048 γὰρ
650 1975 757 2050 χρὴ
785 1979 984 2049 λέγειν,
1025 1980 1100 2044 ὡς
1151 1976 1275 2035 οὗτε
1313 1983 1544 2054 Μωσῆς,
1579 1986 1608 2038 ὀ
1639 1985 1720 2048 εἰς

133 2064 457 2136 τηλικοῦτον
475 2067 610 2138 ὕψος
635 2071 839 2141 ἀρετῆς
864 2070 1218 2143 ἀναδραμὼν,
1246 2073 1388 2129 ὥστε
1415 2076 1486 2129 τά
1505 2093 1563 2129 τε
1587 2075 1720 2129 ἄλλα

134 2153 245 2205 τῶν
296 2155 620 2225 παραδόξων
670 2159 834 2229 χάριν
891 2159 1032 2230 ἔχων
1083 2157 1223 2215 εἶναι
1273 2161 1576 2235 αὐτουργὸς
1624 2165 1720 2218 καὶ

136 2243 358 2318 γλώττῃ
383 2249 651 2319 γεωργεῖν
675 2248 864 2321 ὥσπερ
894 2252 1137 2323 ἄρουραν
1190 2253 1282 2307 τὸν
1312 2253 1568 2326 οὐρανὸν,
1626 2258 1720 2310 καὶ⁵

139 2335 350 2406 τροφὴν
373 2338 600 2393 αὐτόθεν
625 2340 975 2412 αὐτοσχέδιον
1005 2344 1231 2409 πολλαῖς
1277 2347 1503 2417 μυριάσι
1552 2333 1723 2418 ’ἐπαρσ

145 2430 288 2480 κεῖν.
319 2427 459 2481 Οὔτε
502 2430 692 2495 Ἠλίας
738 2427 783 2500 ᾧ
832 2433 927 2486 τοῦ
965 2435 1136 2508 πυρὸς
1185 2435 1220 2506 ή
1279 2435 1462 2508 φύσις,
1515 2439 1595 2502 είς
1626 2431 1726 2492 fit?

139 2534 276 2582 πους
307 2521 731 2591 ἐπιμερισθιῖσα
759 2525 852 2578 καὶ
882 2526 1129 2598 ἅρματα,
1155 2531 1256 2601 τὴν
1279 2531 1416 2601 πρὸς
1454 2530 1722 2604 οὐρανοὺς

134 2610 288 2680 αὐτῷ
319 2612 816 2686 καθυπηρετήσατο
845 2618 1053 2674 ἄνοδον.
1094 2619 1236 2673 Οὔτε
1268 2621 1378 2674 τῶν
1417 2621 1578 2676 θείων
1627 2622 1722 2676 καὶ

136 2703 442 2772 μακαρίων,
464 2708 762 2776 προφητῶν
785 2711 814 2763 ὁ
842 2711 1026 2780 χορὸς,
1055 2711 1327 2782 οὐμενοῦν
1358 2713 1539 2777 οὐδεὶς
1562 2715 1722 2784 ἔσχεν

133 2794 214 2855 είς
249 2795 563 2866 κατάληψιν
585 2799 784 2866 ἐλθεῖν,
824 2797 910 2866 τίς
934 2803 992 2855 τέ
1026 2804 1176 2858 ὲστιν
1229 2805 1325 2858 καὶ
1367 2806 1517 2869 ὅπως
1569 2806 1722 2860 ἐστὶν

132 2885 169 2954 ή
197 2886 487 2958 ὑπερφυής
511 2903 569 2942 τε
595 2893 690 2944 καὶ
717 2894 999 2965 ἀκήρατος
1037 2896 1199 2965 φύσις
1223 2897 1509 2965 Θεότητος.
1555 2897 1729 2953 Ἀλλὰ·

137 2974 246 3044 γὰρ
277 2975 361 3029 ὅτι
386 2977 487 3046 μὲν
515 2977 630 3033 ἔστι
662 2982 756 3033 καὶ
779 2983 1109 3056 ὑφέστηκεν,
1138 2988 1219 3048 είς
1250 2986 1558 3058 κατάληψιν
1585 2988 1722 3060 ἡμῖν

136 3067 454 3138 ἐχαρίσατο,
490 3072 541 3124 εί
589 3075 684 3126 καὶ
736 3079 848 3138 τοῖς
903 3079 1003 3146 μὲν
1049 3076 1250 3148 μᾶλλον
1281 3067 1570 3148 ὲναυγάζει
1620 3080 1723 3152 τὴν

137 3161 322 3229 χάριν,
377 3164 492 3227 τοῖς
531 3164 588 3217 δὲ
635 3139 1020 3242 ἐπιδεέστε-ρον
1050 3139 1210 3224 ’κατὰ
1271 3172 1372 3242 τὴν
1423 3139 1720 3244 ἀναλογίαν
1750 3139 1789 3196 C

137 3252 360 3324 ἑκάστῳ
387 3255 482 3310 τοῦ
513 3259 964 3332 κατορθώματος.

209 3524 278 3577 Τί
311 3541 441 3578 ποτε
465 3526 523 3580 δέ
546 3529 702 3582 ἐστιν
723 3565 738 3591 ,
773 3529 807 3600 ἦ
841 3530 988 3595 ὅπως
1015 3534 1148 3586 ποτε
1191 3535 1341 3588 ἐστιν
1360 3577 1374 3600 ,
1403 3537 1582 3592 οὐδενὶ
1611 3539 1724 3594 τῶν

139 3616 397 3672 ἁπάντων
424 3619 625 3691 ἑαυτήν
663 3619 1063 3694 ἀπεγύμνωσεν
1084 3667 1100 3692 ,
1130 3626 1268 3681 ἀλλά
1295 3629 1390 3681 καὶ
1419 3629 1528 3683 τῶν
1565 3631 1721 3703 εἰρησ-

144 3714 322 3780 μένων
352 3712 530 3782 ἁγίων
589 3713 905 3786 ἔμπροσθεν
962 3718 1136 3788 Μωσῇ
1201 3719 1600 3791 ὲπιποθήσαντι
1661 3722 1722 3774 τὸ

139 3803 368 3857 ἀθέατον
410 3805 471 3858 οὐ
513 3805 838 3879 δεδώρηται.
893 3807 1248 3880 Παραμύθιον
1293 3810 1352 3864 δὲ
1403 3811 1572 3864 πόθου
1625 3807 1721 3865 τοῦ

140 3897 512 3967 ἀτυχήσαντος
537 3897 636 3969 τῆς
660 3900 1012 3971 σαρκώσεως,
1038 3902 1132 3955 καὶ⁸
1162 3903 1286 3956 τότε
1317 3901 1407 3957 διὰ
1437 3903 1722 3974 συμϐόλων

142 3989 235 4039 καὶ
273 3989 460 4043 τύπων
506 3990 905 4048 ἐκκαλύπτεται
938 3995 998 4047 τὸ
1040 3999 1360 4068 μυστήριον.
1392 3999 1520 4062 Τοῖς
1561 4000 1619 4052 δὲ
1661 4000 1723 4053 ἐν

139 4079 333 4143 τύποις
367 4099 426 4134 τε
459 4084 557 4137 καὶ
589 4084 930 4156 ὁμοιώμασιν
950 4126 966 4151 ,
995 4088 1096 4140 ὅσα
1126 4089 1274 4143 ἐστιν
1299 4089 1428 4144 ἰδεῖν
1448 4089 1723 4162 ἀνθρώπῳ

139 4170 362 4234 δυνατὰ,
393 4173 493 4242 τὴν
515 4175 720 4230 οἰκείαν
744 4173 904 4243 δόξαν
933 4179 994 4232 τὸ
1023 4180 1182 4234 Θεῖον
1207 4182 1567 4254 ἐνήστραψεν.
1594 4183 1720 4238 Ὀτι

140 4260 195 4314 δὲ
241 4261 375 4314 Θεὸν
421 4264 726 4334 ἀνθρώπων
764 4267 938 4332 οὐδεὶς
968 4268 1212 4341 ἑώρακεν
1233 4310 1248 4336 ,
1279 4269 1403 4325 οὔτε
1429 4272 1721 4344 δυνήσεται

145 4351 294 4415 ἰδεῖν,
325 4353 485 4424 γέμει
520 4356 620 4426 μὲν
647 4356 748 4426 τῆς
780 4359 1083 4430 μαρτυρίας
1105 4361 1176 4416 τὰ
1217 4363 1422 4417 παλαιά
1468 4365 1564 4418 καὶ
1597 4365 1719 4435 ἱερά

144 4445 468 4514 γράμματα,
499 4448 661 4518 γέμει
687 4449 745 4502 δὲ
777 4451 810 4520 ἡ
841 4452 1022 4522 χάρις.
1048 4453 1159 4506 Καὶ
1193 4453 1375 4524 βίϐλος
1399 4454 1465 4509 ἂν
1491 4454 1718 4526 ὁλόκλη-
1751 4475 1797 4531 ε)

148 4550 236 4603 ρος
278 4534 364 4605 ετη
395 4537 427 4606 ή
460 4537 570 4590 τῶν
601 4539 1127 4613 ἐπιμαρτυραμένων
1153 4543 1365 4613 Λογίων
1397 4544 1497 4616 τήν
1523 4547 1724 4614 γνῶσιν

146 4624 468 4695 παράθεσις.
513 4630 626 4682 Καὶ
661 4630 770 4701 μὴν
801 4632 895 4686 καὶ
921 4633 952 4685 ό
987 4634 1098 4687 τῶν
1123 4633 1222 4688 τοῦ
1263 4635 1416 4689 θείου
1464 4637 1725 4707 ῥημάτων

146 4718 354 4772 Παύλου
385 4720 596 4792 μύστης
627 4725 722 4776 καὶ
758 4725 1050 4794 κατήκοος,
1077 4727 1110 4779 ὁ
1138 4727 1324 4798 ῥήτωρ
1350 4729 1452 4797 μὲν
1478 4729 1605 4792 τοὺς
1639 4729 1723 4783 λό·

143 4827 290 4876 γους,
325 4812 611 4882 φιλόσοφος
635 4815 691 4872 δὲ
719 4816 787 4870 τὰ
815 4818 1093 4889 νοήματα,
1130 4820 1332 4889 μᾶλλον
1359 4820 1417 4876 δὲ
1449 4823 1544 4875 καὶ
1570 4822 1599 4874 ό
1625 4822 1721 4875 τοῦ

143 4899 231 4952 νοῦ
268 4899 361 4955 καὶ
391 4903 490 4973 τῆς
522 4904 774 4978 γλώσσης
803 4907 901 4978 τὴν
933 4908 1140 4962 ἄνωθεν
1169 4910 1494 4975 ἀποστάζων
1522 4913 1680 4982 χάριν
1704 4953 1718 4976 ,

147 4990 240 5042 καὶ
277 4991 378 5061 τῆς
410 4993 563 5058 θείας
591 4996 726 5066 ήμῖν
757 4997 951 5066 σοφίας
979 4998 1295 5062 ἀναόλύζων
1327 4999 1426 5072 τὴν
1462 5000 1721 5062 ἄϐυσσον,

143 5076 295 5145 οἶιτος
339 5079 432 5137 οὖν
473 5087 502 5139 ό
533 5087 708 5155 μέγας
749 5089 1024 5154 Διονύσιος
1071 5089 1180 5159 (28)
1219 5092 1488 5163 λαμπρῶς
1535 5109 1594 5145 τε
1628 5094 1726 5146 καὶ

147 5172 384 5244 δριμέως
426 5177 758 5249 μετέρχεται
796 5180 878 5245 τὸ,
921 5182 1146 5253 μηδαμῆ
1179 5183 1242 5236 τὸ
1266 5184 1456 5245 Θεῖον,
1502 5183 1553 5237 τί
1584 5184 1714 5237 ποτε

146 5265 289 5320 ἐστιν
311 5307 326 5332 ,
359 5268 630 5339 μηδέποτε
656 5268 1022 5343 ἀνθρωπίναις
1055 5274 1450 5330 ὑποδάλλεσθαι
1480 5276 1716 5348 καταλή-

1827 1879 1976 1935 tibus
1997 1878 2254 1944 obnoxio,
2281 1877 2460 1948 juncti
2495 1893 2712 1942 sumus,
2736 1879 2831 1934 sed
2859 1887 2912 1934 et
2941 1880 3155 1935 saeculis
3185 1879 3407 1946 futuris,

1825 1971 2049 2042 quando
2077 1986 2199 2038 nos,
2236 1969 2502 2041 depositis
2538 1971 2929 2041 tenigmatibus
2971 1981 3026 2026 et
3061 1974 3410 2043 perspicillis,

1828 2064 2246 2136 incorruptibile
2305 2078 2406 2136 pro
2456 2066 2801 2136 corruptibili
2869 2065 3066 2133 induti,
3116 2067 3408 2122 veritatem

1828 2157 2018 2227 purius
2059 2165 2114 2212 et
2140 2156 2438 2227 perfectius
2483 2159 2905 2229 perspiciemus.
2955 2157 3098 2225 Quid
3140 2160 3286 2213 enim
3327 2161 3412 2212 die

1827 2263 1951 2306 cere
2003 2250 2217 2314 attinet,
2270 2251 2417 2320 quod
2465 2266 2644 2322 neque
2696 2251 2896 2318 Moses,
2942 2252 3035 2323 qui
3084 2251 3139 2306 in
3194 2259 3407 2306 tantum

1828 2343 2118 2412 potestatis
2147 2343 2474 2410 virtutisque
2522 2345 2750 2413 gradum
2803 2353 3024 2398 evectus
3067 2352 3171 2410 est,
3201 2351 3282 2410 ut,
3315 2346 3409 2413 qui

1828 2433 1964 2489 alias
2011 2448 2232 2504 quoque
2277 2435 2543 2489 miracula
2591 2436 2788 2489 edendi
2849 2434 3108 2490 facultate
3165 2436 3405 2500 valeret,

1829 2524 2015 2594 lingua
2048 2539 2148 2578 sua
2175 2524 2398 2590 caelum,
2446 2525 2622 2578 instar
2660 2514 2844 2590 terrae,
2879 2525 3060 2580 colere
3088 2535 3252 2595 atque
3283 2525 3411 2581 inde

1830 2617 2018 2671 multis
2049 2617 2335 2669 hominum
2386 2615 2631 2671 millibus
2667 2617 2852 2671 cibum
2889 2625 3082 2687 sponte
3125 2626 3180 2671 et
3226 2619 3410 2670 subito

1828 2717 2016 2762 natum
2044 2705 2469 2762 subministrare
2500 2716 2718 2774 posset;
2752 2723 2930 2778 neque
2955 2707 3125 2772 Elias,
3153 2707 3241 2760 cui
3269 2707 3410 2776 ignis

1828 2809 2043 2866 natura,
2079 2815 2350 2869 equorum
2383 2807 2439 2854 et
2466 2799 2846 2856 currusvices
2879 2808 3168 2870 praestans,
3201 2799 3408 2854 aditum

1829 2891 1884 2946 in
1921 2892 2120 2946 crelum
2165 2891 2414 2960 paravit;
2452 2905 2634 2962 neque
2672 2892 2984 2946 divinorum
3027 2901 3082 2946 et
3125 2891 3407 2945 beatorum

1827 2985 2223 3054 prophetarum
2261 2987 2470 3038 chorus
2507 2983 2867 3054 intelligendo
2902 2983 3119 3054 assequi
3151 2985 3408 3054 potuerit,

1829 3090 1951 3144 quae
1978 3084 2033 3129 et
2055 3075 2234 3144 qualis
2262 3076 2336 3130 sit
2356 3077 2788 3143 supernatat-alis
2819 3077 2907 3130 illa
2934 3083 2987 3129 et
3011 3075 3407 3145 perfectissima

1826 3164 2029 3220 snmmi
2068 3164 2316 3220 Numinis
2353 3174 2573 3220 natura.
2611 3165 2770 3232 Quod
2803 3175 2980 3220 tamen
3005 3176 3056 3220 et
3091 3168 3180 3229 sit,
3209 3177 3263 3222 et
3289 3183 3408 3236 per-

1824 3255 2003 3316 sistat.
2042 3254 2093 3309 id
2121 3255 2340 3324 quidem
2372 3270 2534 3310 nosse
2566 3257 2728 3310 nobis
2763 3255 2947 3322 dedit;
2975 3256 3229 3325 quamvis
3269 3257 3410 3310 alios

1825 3347 2054 3418 largius,
2088 3348 2227 3401 alios
2266 3346 2486 3416 parcius
2515 3361 2615 3416 pro
2660 3347 2910 3413 modulo,
2942 3349 3147 3417 cuique
3179 3361 3406 3402 accom-

1829 3440 2073 3506 modato,
2109 3439 2283 3509 gratia
2309 3453 2406 3493 sua
2437 3439 2746 3495 collustret.

1899 3528 2033 3594 Quae
2072 3544 2204 3584 vero
2248 3528 2342 3584 illa
2389 3527 2640 3584 Numinis
2692 3539 2886 3584 natura
2933 3530 3036 3596 sit,
3090 3537 3185 3584 aut
3231 3530 3408 3599 qualis

1824 3617 2044 3672 tandem
2107 3618 2199 3683 sit,
2266 3619 2473 3673 nemini
2511 3620 2756 3673 omnium
2802 3628 2986 3688 patere
3013 3618 3219 3685 voluit;
3257 3622 3406 3690 quod

1826 3724 1929 3765 nec
1975 3709 2114 3764 Mosi
2156 3709 2281 3778 ipsi,
2327 3711 2426 3779 qui
2497 3719 2625 3764 ante
2661 3719 2880 3765 sanctos
2912 3711 3053 3778 illos,
3099 3726 3240 3781 quos
3266 3713 3409 3767 dixi-

1825 3815 1972 3865 mus,
2020 3801 2170 3856 viros
2219 3801 2551 3857 invisibilem
2611 3803 2793 3857 videre
2857 3803 3127 3872 cupiebat,
3183 3820 3405 3860 conces-

1825 3906 1948 3948 sum
2021 3900 2126 3948 est.
2201 3891 2260 3948 In
2327 3895 2584 3948 solatium
2665 3903 2848 3949 tamen
2905 3894 3201 3962 desiderii,
3258 3898 3405 3967 quod

1825 3983 1880 4038 in
1951 3993 2307 4054 conspectum
2371 3986 2770 4042 incarnationis
2821 3986 3026 4042 frustra
3091 3985 3401 4053 ferebatur,

1823 4076 1986 4132 etiam
2037 4085 2167 4133 tunc
2204 4078 2524 4149 mysterium
2563 4079 2694 4134 illud
2736 4095 2831 4149 per
2873 4078 3122 4150 synibola
3165 4087 3218 4135 et
3249 4089 3405 4152 typos

1823 4169 2186 4224 revelabatur.
2248 4171 2306 4224 In
2373 4171 2460 4226 bis
2520 4187 2649 4227 vero
2704 4172 2846 4242 typis
2905 4181 2962 4227 et
3023 4171 3451 4228 adumbratio?

1823 4261 1986 4316 nibus
2033 4260 2322 4316 Summum
2383 4262 2600 4318 Numen
2676 4265 2906 4333 gloriam
2948 4280 3156 4331 suam,
3220 4269 3400 4337 quoad

1821 4355 2044 4424 quidem
2067 4355 2378 4410 hominibus
2402 4358 2710 4426 perspicere
2739 4373 2862 4412 eam
2895 4357 3046 4425 licet,
3080 4359 3409 4415 illuccscere

1822 4446 2020 4501 voluit.
2068 4446 2225 4512 Quod
2265 4462 2395 4502 vero
2425 4447 2593 4502 Deum
2641 4465 2802 4504 nemo
2843 4449 3129 4504 hominum
3185 4449 3400 4514 viderit,

1825 4551 1928 4592 nec
1956 4537 2139 4592 videre
2167 4552 2410 4607 unquam
2451 4541 2652 4608 possit,
2683 4541 2733 4594 id
2765 4542 2988 4611 quidem
3021 4541 3436 4611 frequentibus

1825 4629 2124 4699 Scriptura:
2174 4646 2366 4697 sacrae,
2427 4642 2540 4686 tum
2584 4631 2800 4689 Veteris
2847 4644 2960 4689 tum
2998 4635 3143 4690 Novi
3191 4636 3399 4691 Instru-

1824 4722 2017 4788 menti,
2053 4721 2386 4778 testimoniis
2431 4723 2648 4779 abunde
2688 4735 2922 4781 constat.
2955 4725 3161 4782 Horum
3202 4740 3409 4782 oracu-

1821 4810 2044 4876 lorum",
2095 4811 2150 4866 id
2202 4813 2423 4882 quidem
2476 4815 2839 4882 testantium,
2895 4817 3147 4871 collectio
3189 4816 3400 4887 justum

1821 4903 2020 4958 librum
2056 4903 2314 4959 eﬂiceret.
2347 4905 2441 4961 Ille
2479 4921 2719 4976 quoque,
2746 4909 2838 4977 qui
2878 4908 3047 4964 divini
3076 4907 3230 4977 Pauli
3281 4911 3402 4965 elo-

1821 4996 1950 5066 quia
1992 4995 2170 5050 audiit
2211 5005 2266 5051 et
2298 4997 2527 5052 edoctus
2579 5006 2683 5064 est,
2719 4999 2902 5055 verbis
2930 5003 3151 5070 quidem
3192 5002 3396 5065 rhetor,

1822 5088 2111 5143 sententiis
2154 5104 2284 5144 vero
2327 5089 2709 5162 philosophus,
2749 5092 2835 5146 vel
2886 5093 3011 5148 talis
3042 5096 3247 5164 patius,
3297 5099 3392 5166 qui

1824 5191 1877 5239 et
1917 5183 2273 5253 intelligentia
2315 5194 2369 5240 et
2407 5184 2590 5257 lingua
2641 5185 3018 5244 sublimiorem
3064 5190 3234 5246 stillat
3269 5207 3402 5261 gra-

1828 5277 1980 5341 tiam,
2007 5277 2277 5350 nobisque
2297 5278 2583 5337 divinioris
2605 5282 2888 5353 sapientiae
2910 5282 3176 5355 profunda
3198 5287 3397 5357 aperit,

1643 5451 1882 5510 NOTAE.

215 5605 325 5679 (Ξῖ)
357 5606 510 5679 galli.
543 5625 641 5678 pro
679 5609 754 5679 μὴ
795 5611 1029 5663 δειπνεῖν
1051 5629 1124 5665 τι.

215 5677 325 5744 ('28)
362 5675 456 5751 Est
596 5675 884 5750 Dionysius
910 5681 1259 5750 Areopagita,
1293 5682 1454 5751 cujus
1485 5681 1708 5750 scripta,

148 5759 265 5815 qua:
295 5748 455 5803 hodie
485 5749 622 5805 falso
647 5748 748 5806 sub
772 5753 892 5819 ejus
941 5748 1162 5806 nomine
1224 5748 1708 5818 circumferuntur,

1823 5613 2211 5690 priigeriitatiis
2245 5614 2700 5690 lia_l__mit_Ph_otins
2745 5627 2950 5690 noster,
2978 5618 3072 5690 qni
3108 5627 3159 5690 et
3192 5617 3244 5690 in
3279 5618 3390 5690 My-

1823 5685 2060 5758 riolnblo
2091 5699 2192 5736 suo
2223 5685 2412 5738 codice
2443 5686 2464 5737 l
2497 5685 2789 5758 Theodori
2846 5685 3155 5758 Presbyteri
3189 5685 3396 5742 libi-uin

1820 5754 2152 5823 singularem
2193 5769 2290 5823 pro
2319 5757 2634 5826 γνησιότητι
2659 5772 2849 5813 corum
2867 5754 3105 5812 enarrat.
