3880 6206
444 242 556 308 699

1609 240 1874 302 PHOTI-I
1903 241 2413 304 PATRIARCHE
2443 244 2555 308 ΕΡ.

3619 246 3738 310 760

446 370 707 427 inagnus.
759 353 1009 424 inquam,
1058 351 1353 425 Dionysius
1391 351 1653 422 praeclare
1701 361 1758 407 et
1795 353 2033 424 graviter

2139 354 2294 425 ψεσιν
2327 355 2467 427 (9.9).
2502 355 2614 409 Καὶ
2648 354 2714 423 δὴ
2744 353 2860 427 (50)
2894 354 2991 410 καὶ
3018 352 3113 409 τοῦ
3149 354 3391 425 μεγάλου
3419 354 3521 428 τῆς
3566 359 3733 412 εὐσε-

449 449 635 513 docet,
667 445 848 501 Div'ini
898 444 1153 502 Numinis
1185 446 1485 501 essentiam
1532 447 1812 502 mentibus
1852 448 2034 503 homi-

446 558 577 596 num
621 556 902 610 nunquam
939 540 1161 610 subjici.
1195 538 1363 595 Porro
1400 554 1466 594 ex
1520 556 1719 610 magno
1753 541 2033 609 religionis

443 630 669 693 athleta,
692 629 784 698 qui
809 643 905 697 per
921 644 1142 683 omnem
1168 629 1338 683 vitam
1365 630 1536 683 multa
1557 631 1804 700 pertulit,
1825 631 2031 697 divino,

444 730 598 790 puta,
645 721 948 776 Athanasio
980 720 1097 793 (51)
1148 720 1317 775 multa
1361 721 1636 791 ejusmodi
1670 721 1830 776 ctl‘ata
1876 722 2033 777 colli-

443 827 572 881 gere
624 812 772 879 licet,
816 829 937 883 quae
980 812 1193 869 Numen
1241 828 1520 868 summum
1570 813 1691 870 sine
1727 815 2033 869 velamento

443 905 669 975 aliquo,
721 915 1074 976 legumento,
1122 915 1218 960 aut
1257 907 1623 962 similitudine
1666 907 1736 962 ab
1790 909 2032 963 humano

444 1010 666 1067 genere,
702 997 846 1066 quod
882 998 950 1051 ad
991 998 1289 1052 essentiam
1341 1006 1397 1053 et
1448 1007 1701 1053 naturam
1749 1015 2031 1069 nunquam

445 1090 674 1160 intelligi
706 1105 870 1161 posse
907 1091 1287 1160 pronuntiant.
1318 1091 1453 1159 Quis
1482 1108 1611 1146 vero
1650 1094 1885 1161 ignorat,
1917 1109 2035 1155 ma-

444 1198 613 1252 gnum
648 1192 701 1236 et
729 1182 1115 1237 admirabilem
1160 1182 1448 1249 Basilium,
1482 1183 1683 1253 regiatn
1733 1184 1879 1238 illam
1928 1183 2033 1239 Ec-

442 1274 627 1329 clesia:
671 1275 897 1336 stolam,
940 1274 1322 1344 optimumque
1346 1283 1401 1329 et
1426 1276 1870 1330 amantissimum
1911 1276 2034 1330 ani-

444 1381 659 1421 marum
691 1366 989 1431 medicum,
1021 1374 1217 1420 contra
1245 1364 1501 1421 Eunomii
1530 1368 1763 1422 heresin
1806 1368 2035 1424 medici-

442 1474 569 1513 nam
602 1472 907 1528 parantem,
944 1459 1086 1511 inter
1122 1468 1318 1513 extera
1353 1457 1573 1513 Paeonia
1619 1460 1857 1513 remedia
1892 1461 1943 1513 id
1979 1461 2029 1514 in

441 1547 636 1617 primis
665 1548 1067 1617 suppeditasse,
1090 1549 1237 1618 quod
1280 1548 1465 1603 divina
1512 1549 1605 1603 illa
1642 1562 1698 1603 et
1738 1550 2032 1606 ineﬂ‘abilis

441 1649 636 1694 natura
673 1655 774 1694 nec
805 1640 1029 1710 intelligi
1066 1656 1166 1695 nec
1202 1641 1597 1711 comprehendi
1633 1642 1851 1711 possit?

512 1731 779 1789 Prwterea
812 1734 882 1788 ab
917 1734 1011 1787 illo
1037 1748 1292 1805 quoque,
1324 1734 1414 1789 cui
1449 1734 1686 1805 theologi
1716 1735 1939 1791 nomine
1964 1750 2033 1791 ex

439 1823 645 1880 divinis
686 1824 861 1895 magis
893 1827 1276 1892 sermonibus,
1312 1842 1477 1896 quam
1508 1841 1575 1882 ex
1610 1827 1756 1883 nuda
1789 1829 2035 1899 appella-

444 1921 592 1974 tione
628 1920 907 1992 deslgnari
948 1920 1180 1991 contigit
1220 1922 1371 1990 (novi
1405 1930 1457 1975 te
1510 1919 1834 1990 Gregoriqu
1883 1923 2035 1994 cogi-

443 2013 605 2081 tare),
636 2013 838 2081 quique
880 2012 1125 2082 cepiosis
1159 2020 1215 2067 et
1246 2014 1425 2067 acutis
1450 2015 1793 2084 argumentis
1832 2015 2037 2069 verita-
2090 2065 2095 2069 .

442 2110 553 2156 tein
617 2101 760 2154 hanc
823 2116 1073 2158 asserere
1144 2102 1418 2167 instituit,
1477 2102 1545 2157 de
1600 2102 1794 2157 eodem
1858 2105 2038 2174 capite

442 2192 841 2247 commentatio
862 2194 1168 2263 perscripta
1206 2202 1311 2248 est.
1353 2192 1598 2262 Denique
1631 2202 1687 2248 et
1729 2193 1818 2247 ille
1847 2193 2039 2249 Eccle-

443 2281 542 2335 sire
565 2290 772 2344 orator,
806 2284 888 2337 vel
921 2282 1011 2336 ille
1036 2283 1237 2353 potius,
1269 2282 1364 2352 qui
1397 2290 1571 2336 tottnn
1610 2285 1801 2337 orbem
1829 2298 2041 2339 sermo-

449 2376 635 2439 nibus,
660 2376 935 2445 praeconio
973 2375 1252 2446 Evangelii
1282 2375 1517 2446 aliisque
1544 2376 1812 2433 doctrinis
1840 2377 2038 2447 plenis,

444 2469 733 2533 instruxit,
776 2468 895 2532 ille,
940 2469 1188 2539 inquam,
1218 2485 1381 2540 quem
1422 2484 1704 2526 sermones
1747 2470 1833 2525 sui
1882 2473 2037 2526 aurei

442 2562 558 2615 oris
597 2563 822 2617 nomine
855 2562 1228 2616 communiter
1252 2562 1516 2633 appellari
1548 2564 1818 2628 fecerunt,
1850 2563 2041 2635 singu-

444 2652 545 2706 lari
576 2653 847 2719 oratioue,
883 2653 953 2707 ad
985 2656 1270 2709 veritatem
1306 2670 1412 2710 non
1447 2656 1654 2715 minus.
1682 2670 1847 2725 quam
1880 2656 2042 2712 obse-

442 2746 635 2815 quium
670 2744 948 2811 ﬂectente,
976 2762 1100 2813 qua:
1132 2746 1208 2801 De
1236 2748 1751 2818 incompreltcnst'bili
1784 2748 2042 2803 inscribi-

448 2847 560 2900 tur,
595 2837 730 2890 nihil
764 2837 1104 2909 diligcntius,
1144 2855 1309 2910 quam
1344 2840 1487 2896 idem
1522 2840 1625 2896 hoc
1656 2849 2039 2912 argumentum

446 2939 640 2998 urget,
690 2940 746 2985 et
795 2935 1157 2987 demonstrat.
1205 2933 1409 2989 Praeter
1458 2935 1559 2989 bos
1608 2934 1924 2990 innumeros
1970 2949 2039 2989 ex

2136 447 2289 511 6είας
2315 447 2653 517 άγωνιστοῦ,
2686 447 2745 512 δς
2776 447 2892 518 βίον
2924 449 3050 513 τοὺς
3080 448 3279 514 ἄθλους
3306 451 3601 520 ήνέγκατο,
3638 454 3734 506 τὸν

2132 538 2424 595 θεσπέσιόν
2443 557 2586 611 φημι
2602 540 3010 611 Ἀθανάσιον(5ι
3022 540 3042 612 )
3054 541 3277 606 ,πολλάς
3295 541 3413 595 εστι
3430 542 3615 597 λαϐεῖν
3630 545 3733 607 τάς

2133 632 2345 703 ῥήσεις,
2373 633 2430 685 αἳ
2464 633 2526 685 τὸ
2543 632 2701 687 Θείον
2728 632 2900 703 χωρίς
2928 649 3074 696 τινος
3095 634 3605 705 παραπετάσματος
3635 638 3736 688 καὶ

2135 724 2521 796 προϐλήματος
2555 724 2588 795 ἢ
2632 724 2982 795 όμοιώματος
3009 724 3256 796 ἄληπτον
3288 726 3597 792 παντελῶς,
3628 728 3734 781 ὅσα

2133 833 2196 885 γε
2223 818 2305 880 είς
2334 817 2523 871 οὐσίαν
2560 820 2655 871 καὶ
2691 818 2889 887 φύσιν,
2923 818 3003 888 τῷ
3040 817 3373 889 ἀνθρωπίνῳ
3409 818 3562 887 γένει
3590 821 3732 873 ἀναι

2132 927 2203 981 κη
2213 910 2485 981 ρύττουσι.
2505 911 2615 983 Τήν
2636 911 2693 965 δὲ
2714 913 2814 983 τῆς
2850 910 3181 983 Ἐκκλησίας
3208 912 3484 981 βασίλειον
3508 912 3733 983 στολὴν,

2133 1002 2226 1056 τὸν
2258 1002 2573 1073 θαυμαστὸν
2608 1004 2701 1058 καὶ
2738 1004 2913 1074 μέγαν
2943 989 3254 1069 Βασίλειον,
3288 1004 3383 1057 τὸν
3413 1004 3644 1076 ἄριστόν
3674 1023 3735 1058 τε

2135 1094 2252 1165 ἅμα
2278 1095 2373 1149 καὶ
2391 1096 2609 1165 ήδιστον
2636 1095 2745 1148 τῶν
2760 1095 2951 1166 ψυχῶν
2971 1094 3179 1168 ἰατρὸν,
3202 1096 3288 1161 τίς
3309 1097 3409 1150 οὐκ
3435 1092 3734 1159 οίδεν,ὅτι-

2135 1205 2244 1259 περ
2277 1188 2419 1241 κατὰ
2449 1189 2550 1259 τῆς
2594 1189 2864 1259 Εὐνομίου
2908 1188 3113 1260 λύσσης
3152 1192 3361 1261 κιρνῶν
3392 1190 3456 1243 τὸ
3501 1190 3734 1259 φάρμαο

2134 1298 2249 1345 κον,
2283 1282 2359 1345 ὡς
2388 1280 2447 1335 ἐν
2480 1299 2533 1334 τι
2566 1281 2677 1335 τῶν
2709 1282 2996 1335 Παιωνίων
3027 1281 3411 1353 ἀλεξημάτων,
3441 1284 3540 1335 καὶ
3571 1281 3736 1333 τοῦτο

2132 1371 2198 1443 δὴ
2244 1370 2402 1425 τοῦτο
2444 1373 2507 1425 τὸ
2556 1372 2670 1439 (52)
2722 1373 2821 1442 τῆς
2867 1372 3019 1437 θείας
3070 1374 3168 1427 καὶ
3213 1374 3461 1445 ἀρρήτου
3512 1373 3736 1443 φύσεως

2134 1463 2375 1534 ἄληπτόν
2402 1480 2460 1517 τε
2491 1464 2588 1518 καὶ
2617 1464 2977 1536 ἀνεπινόητον
3000 1466 3387 1537 παρεστήσατο
3418 1481 3434 1530 ;

2060 1700 2109 1760 Β
2209 1730 2323 1784 Καὶ
2352 1728 2462 1801 μὴν
2495 1727 2592 1783 καὶ
2622 1726 2702 1799 τῷ
2737 1727 2850 1799 (55)
2886 1726 2996 1781 ἀπὸ
3026 1726 3129 1798 τῆς
3176 1726 3456 1801 θειότητος
3490 1734 3605 1783 τῶν
3641 1730 3737 1784 λό-

2139 1838 2252 1891 γων
2280 1820 2483 1892 μᾶλλον
2513 1820 2545 1892 ή
2572 1820 2661 1874 διά
2682 1821 2783 1890 τῆς
2808 1820 3055 1892 κλήσεως
3076 1820 3495 1893 κληρωσαμένῳ
3524 1823 3588 1876 τὸ
3615 1824 3733 1894 (54)

2138 1913 2641 1988 χαρακτηρίζεσθαι
2674 1914 2768 1969 τὸν
2813 1914 3077 1982 Θεολόγον
3119 1910 3260 1986 (οῖδα
3297 1916 3606 1987 Γρηγόριον
3655 1917 3734 1980 ὡς

2137 2007 2391 2078 ἐνόησας)
2426 2007 2608 2075 λόγοις
2648 2006 2732 2060 ὄτι
2765 2007 3005 2077 μάλιστα
3038 2010 3263 2071 πυκνοῖς
3294 2025 3354 2061 τε
3386 2010 3480 2062 καὶ
3506 2010 3733 2081 δριμέσι

2138 2103 2250 2165 τοῖς
2305 2100 2659 2171 ἐνθυμήμασι
2701 2099 3081 2171 ίχνηλατοῦντι
3132 2099 3233 2170 τὴν
3284 2101 3548 2171 ἀλήθειαν
3600 2104 3733 2174 περὶ

2138 2194 2344 2264 ταύτης
2373 2192 2791 2265 ἀναγέγραπται
2818 2192 2918 2262 τῆς
2949 2192 3262 2257 ὑποθέσεως
3290 2194 3426 2264 (55).
3468 2194 3635 2249 Ἀλλά
3667 2213 3731 2264 γε

2138 2287 2204 2359 δὴ
2247 2286 2345 2341 καὶ
2392 2286 2472 2357 τῷ
2519 2288 2712 2357 ῥήτορι
2756 2285 2854 2355 τῆς
2906 2285 3260 2355 Ἐκκλησίας,
3308 2286 3513 2357 μᾶλλον
3546 2288 3609 2340 δὲ
3654 2290 3732 2358 τῷ

2142 2374 2282 2445 μετά
2304 2372 2514 2427 Παῦλον
2532 2374 2628 2444 τὴν
2660 2374 2939 2444 περίγειον
2960 2376 3143 2428 πᾶσαν
3167 2378 3283 2439 τοῖς
3307 2375 3402 2429 τοῦ
3428 2377 3731 2449 κηρύγμα-

2138 2484 2231 2531 τος
2251 2466 2429 2536 λόγοις
2456 2468 2549 2521 καὶ
2571 2467 2672 2538 τῆς
2694 2467 2861 2539 ἄλλης
2889 2468 3267 2537 παιδαγωγίας
3298 2469 3609 2535 πολίσαντι,
3634 2475 3731 2525 καὶ

2136 2560 2316 2631 τούτῳ
2342 2561 2431 2629 δὴ,
2482 2560 2687 2632 τούτῳ,
2731 2556 2793 2615 οὗ
2845 2561 2909 2614 τὸ
2959 2561 3137 2629 στόμα
3184 2564 3237 2615 oi
3292 2561 3444 2631 λόγοι
3492 2564 3732 2633 χρυσοῦν

2138 2649 2219 2721 τῷ
2258 2651 2450 2723 κόσμῳ
2488 2650 2827 2721 ἐγνώρισαν,
2867 2650 3027 2721 λόγος
3072 2653 3215 2723 ῥέων
3242 2652 3378 2708 πολὺ
3424 2654 3569 2724 μετά
3624 2655 3730 2727 τῆς

2138 2742 2400 2814 ἀληθείας
2455 2743 2516 2797 τὸ
2564 2744 2885 2815 πειθήνιον,
2920 2746 2981 2809 ὃς
3028 2747 3058 2799 ὁ
3103 2745 3247 2814 Περὶ
3288 2746 3732 2816 ἀκαταλήπτου

2139 2836 2513 2908 ἐπιγράφεται
2544 2836 2691 2909 (56),
2726 2837 2882 2891 οὐδὲν
2914 2838 3103 2909 ἕτερον
3151 2837 3384 2909 μᾶλλον,
3414 2839 3449 2911 ἦ
3486 2840 3549 2893 τὸ
3592 2857 3731 2911 προ-

2142 2927 2399 2997 κείμενον
2431 2927 2757 2992 σπουδάζει,
2790 2928 2886 2981 καὶ
2917 2926 3321 2983 ἀποδείκνυσιν.
3358 2929 3469 2980 Καὶ
3502 2928 3733 2998 μυρίους

444 3024 766 3079 doctoribus
798 3026 1002 3080 nostris
1024 3025 1162 3080 alios
1203 3040 1300 3095 per
1336 3027 1522 3083 otium
1544 3028 1843 3094 inveneris,
1884 3044 2033 3085 eam-

2141 3020 2336 3083 ἄλλους
2358 3019 2468 3074 τῶν
2499 3019 2660 3073 θείων
2692 3019 2851 3090 ήμῶν
2885 3020 3142 3091 Πατέρων
3175 3019 3324 3091 εὖροι
3365 3020 3431 3075 ἄν
3460 3037 3545 3084 τις
3585 3022 3734 3075 κατά

444 3117 571 3170 dem
606 3118 935 3171 sententiam
967 3118 1245 3189 sulfragiis
1294 3120 1413 3175 suis
1462 3122 1863 3190 approbantes,
1895 3137 2033 3192 quos

2144 3110 2365 3181 σχολὴν,
2410 3108 2776 3181 ὁμογνώμονα
2809 3111 2923 3174 τοῖς
2959 3110 3275 3180 εἰρημένοις
3305 3109 3405 3181 τήν
3432 3110 3619 3181 ψῆφον
3649 3110 3735 3176 ἐξ·

447 3205 676 3258 totidem
730 3202 912 3260 verbis
960 3220 1082 3260 eam
1118 3208 1473 3277 proposuisse
1506 3209 1885 3264 demonstrare
1908 3226 2039 3278 pos-

446 3312 587 3362 sem,
620 3297 726 3351 nisi
760 3313 847 3352 me
875 3298 1022 3353 acris
1068 3299 1296 3353 morbus
1333 3301 1617 3356 doloribus
1650 3302 2039 3359 intensissimis

446 3401 691 3446 vexaret.
722 3389 943 3445 Interim
977 3402 1034 3446 et
1080 3392 1176 3446 tibi
1211 3391 1337 3462 ipsi,
1367 3408 1454 3460 ea,
1498 3410 1622 3464 quae
1647 3394 1794 3460 dixi,
1832 3404 1889 3450 et
1916 3411 2038 3465 qua:

446 3484 554 3537 alia
586 3494 735 3547 sunt,
766 3482 1025 3539 memoria
1065 3486 1351 3555 repetenti,
1382 3484 1541 3541 facile
1582 3487 1762 3552 fuerit,
1794 3488 2039 3544 testimo-

449 3575 538 3630 nia
568 3576 658 3629 illa
685 3575 963 3646 colligere,
1004 3585 1059 3631 et
1093 3577 1286 3632 miram
1317 3577 1563 3633 omnium
1610 3579 2035 3634 consensionem

447 3670 778 3741 perspicere.
812 3668 937 3723 Mihi
981 3668 1203 3739 quidem
1249 3685 1395 3724 nunc
1436 3670 1713 3725 suffecerit
1763 3686 2037 3741 apponere

445 3777 635 3815 vocem
680 3762 861 3827 illam,
894 3778 1059 3832 quam
1102 3761 1282 3833 angeli
1328 3762 1632 3832 incorporei
1666 3777 1734 3818 eo
1768 3773 2032 3833 tempore,

444 3873 554 3927 quo
588 3866 731 3912 totus
769 3858 1141 3927 apostolorum
1191 3858 1418 3924 chorus,
1454 3858 1746 3913 Dominum
1774 3869 1830 3914 et
1862 3859 2032 3915 Deum

448 3959 697 4006 nostrum
735 3967 843 4006 una
882 3967 1006 4006 cum
1044 3968 1132 4018 eo,
1166 3952 1313 4023 quod
1347 3969 1412 4006 ex
1447 3953 1605 4008 nobis
1636 3965 2031 4023 assumpserat,

445 4045 501 4099 iu
531 4045 731 4099 coelum
780 4054 1059 4114 receptum
1102 4046 1292 4101 videns
1326 4045 1627 4100 mirabatur
1674 4055 1729 4101 et
1758 4038 2030 4117 stupebat,

442 4138 592 4192 clare
630 4136 1084 4207 promulgarunt,
1140 4138 1249 4192 illis
1294 4138 1539 4193 dicentes
1579 4155 1593 4191 :
1640 4157 1661 4191 ι
1700 4136 1841 4204 Quid
1873 4140 2032 4194 statis

443 4229 651 4284 cmlum
704 4230 1013 4285 intuentes?
1058 4230 1148 4286 hic
1176 4229 1361 4298 .lesus,
1395 4246 1428 4287 a
1458 4232 1612 4287 vobis
1652 4232 1922 4295 sublatus,
1966 4247 2031 4287 eo

448 4317 615 4372 modo
643 4326 970 4384 revertetur,
1020 4334 1133 4388 quo
1163 4319 1313 4373 illum
1349 4319 1402 4373 in
1444 4320 1645 4375 malum
1678 4322 2033 4390 proﬁciscen-

2141 3206 2397 3274 ἀγοντας,
2414 3202 2508 3268 οὒς
2532 3207 2581 3257 εί
2613 3205 2690 3275 μή
2715 3204 2825 3275 (57)
2856 3203 2917 3256 τὸ
2946 3203 3143 3274 πικρὸν
3167 3203 3268 3274 τῆς
3295 3203 3454 3257 νόσου
3478 3206 3580 3275 τὴν
3604 3204 3729 3257 ὀδύ-

2139 3312 2239 3366 νην
2271 3296 2549 3349 ἐπέτεινεν
2570 3336 2585 3361 ,
2618 3296 2761 3366 τάχα
2796 3294 2867 3349 ἂν
2898 3295 2994 3348 καὶ
3024 3296 3215 3357 αὑταῖς
3248 3293 3428 3359 λέξεσι
3459 3295 3561 3365 τὴν
3590 3293 3734 3361 γνώσ

2142 3405 2253 3459 μην
2282 3390 2542 3459 παρεῖχον
2567 3385 2934 3450 δεικνύοντας.
2966 3374 3116 3456 Πλὴν
3154 3386 3294 3440 ἀλλά
3329 3386 3413 3440 σοί
3452 3403 3515 3455 γε
3549 3386 3733 3458 ῥᾴδιον

2140 3482 2447 3553 ὑπόμνησιν
2495 3481 2713 3535 λαϐόντι
2758 3481 2867 3534 τῶν
2907 3496 2968 3533 τε
3008 3482 3337 3554 εἰρημένων,
3374 3483 3469 3535 καὶ
3507 3483 3620 3535 τῶν
3653 3482 3732 3534 ἔτι

2137 3574 2497 3645 λειπομένων,
2529 3574 2629 3637 τάς
2660 3574 2973 3646 μαρτυρίας
3006 3575 3085 3637 είς
3111 3572 3170 3626 ἓν
3196 3573 3598 3646 άθροισάμενον
3633 3575 3733 3645 τὴν

2138 3667 2204 3721 ἐκ
2248 3668 2471 3721 πάντων
2514 3667 2838 3737 συμφωνίαν
2884 3665 3202 3736 θαυμασίαν
3240 3666 3361 3719 οἷαν
3398 3665 3729 3722 θεάσασθαι.

2149 3761 2316 3831 Ἡμῖν
2341 3760 2386 3814 δ’
2432 3761 2598 3831 ἀρκεῖ
2633 3760 2703 3813 τά
2742 3758 2839 3813 νῦν
2869 3759 2963 3812 καὶ
2994 3758 3105 3812 τῶν
3141 3759 3453 3830 ἀσωμάτων
3490 3761 3662 3829 μόνον
3698 3762 3731 3831 ή

2136 3855 2291 3925 φωνὴ
2320 3852 2715 3923 παρατεθεῖσα,
2746 3851 2817 3921 ἡν
2838 3850 3029 3922 ἐπειδὴ
3056 3851 3168 3904 τῶν
3203 3852 3524 3906 ἀποστόλων
3578 3855 3608 3906 ό
3636 3870 3730 3924 χο-

2138 3948 2231 4013 ρδς
2274 3946 2369 4001 τὸν
2407 3945 2586 3999 κοινὸν
2630 3944 2913 4015 Δεσπότην
2960 3943 3056 3996 καὶ
3094 3942 3228 3996 Θεὸν
3273 3942 3434 4014 ήμῶν
3462 3944 3603 4013 μετά
3634 3945 3728 3998 τοῦ

2135 4039 2588 4112 προσλήμματος,
2649 4036 3175 4108 ἀναλαμϐανόμενον
3221 4036 3551 4107 βλέποντες,
3593 4054 3727 4090 κατ-

2133 4132 2463 4200 επλήττοντο
2488 4132 2585 4184 καὶ
2627 4129 2999 4200 ἐτεθήπεσαν,
3040 4126 3343 4200 διαρρήδην
3373 4128 3728 4198 ἀπεφήναντο

2132 4225 2274 4297 πρὸς
2306 4226 2532 4293 αὐτούς’,
2577 4241 2597 4274 t
2649 4221 2717 4275 Τί
2762 4223 3039 4294 ἑστήκατε
3076 4220 3448 4292 ἐμϐλέποντες
3498 4222 3582 4285 είς
3633 4222 3725 4274 τὸν

2134 4317 2397 4389 οὐρανόνς
2447 4308 2604 4378 οὗτος
2629 4316 2658 4369 ὁ
2701 4312 2910 4385 Ἰησοῦς
2938 4314 2966 4366 ὁ
3010 4309 3345 4381 ἀναληφθεὶς
3388 4310 3484 4380 ἀφ’
3532 4310 3721 4380 ὑμῶν,

444 4416 553 4461 tem
604 4406 896 4463 vidistis".
936 4427 955 4461 ι
1003 4408 1204 4462 Abibat
1249 4408 1491 4475 scilicet,
1525 4418 1586 4463 ut
1631 4425 1740 4465 una
1790 4425 1915 4464 cum
1940 4426 2031 4476 eo,

2139 4406 2291 4472 οὗτος
2315 4406 2695 4469 ἐλεύσεται,ὃν
2722 4404 2928 4476 τρόπον
2956 4403 3257 4459 ἐθεάσασθε
3288 4403 3452 4458 αὐτὸν
3483 4403 3722 4474 πορευόο

440 4494 590 4563 quod
642 4506 1039 4566 assumpserat,
1090 4497 1146 4551 in
1207 4498 1387 4551 sinum
1434 4496 1614 4553 Patris
1677 4498 2030 4568 reciperetur,

440 4590 901 4659 quemadmodum
930 4600 1089 4645 antea
1140 4589 1195 4644 itt
1233 4589 1318 4645 his
1352 4590 1511 4646 terris
1552 4589 1623 4644 ita
1655 4591 2035 4662 conspicieba-

446 4692 554 4749 tur,
589 4693 648 4737 ut
687 4697 856 4738 carne
900 4692 1089 4738 nostra
1116 4682 1359 4737 exterius
1408 4682 1670 4749 munitus,
1716 4693 1771 4739 et
1798 4684 2032 4738 humana

443 4777 621 4832 forma
684 4774 910 4832 indutus
955 4785 1265 4847 appareret.
1332 4774 1588 4832 Divinum
1643 4776 1832 4849 itaque
1894 4777 2031 4833 illud

544 4888 588 4920 "
625 4887 746 4944 Act.
788 4902 828 4953 t,
855 4888 911 4942 2.

2132 4518 2296 4574 μενον
2364 4501 2444 4563 είς
2490 4499 2583 4552 τὸν
2628 4497 2880 4569 οὐρανόν.
2930 4514 2949 4548 ι
3002 4496 3327 4568 Ἐπορεύετο
3362 4496 3428 4567 δὴ
3476 4495 3723 4565 δηλονότι

2130 4598 2243 4658 τοῖς
2275 4593 2563 4664 πατρικοῖς
2596 4592 2693 4645 καὶ
2742 4588 2885 4660 μετά
2912 4586 3008 4641 τοῦ
3042 4587 3473 4659 προσλήμματος
3506 4585 3721 4657 ἐνιδρυο

2129 4684 2393 4759 θήσεσθαι
2411 4684 2655 4749 κόλποις,
2678 4681 2869 4751 ὥσπερ
2896 4681 2991 4734 καὶ
3014 4680 3278 4751 πρότερον
3298 4680 3395 4732 ἐπὶ
3414 4679 3515 4749 γῆς
3536 4679 3721 4750 ὼρᾶτο

2130 4778 2425 4853 πρόόλημα
2452 4775 2639 4847 φέρων
2666 4775 2767 4846 τὴν
2792 4772 2998 4845 σάρκα,
3023 4774 3118 4828 καὶ
3138 4772 3239 4846 τὴν
3268 4770 3562 4844 ἀνθρώπου
3588 4787 3722 4843 μορε

1987 4984 2221 5041 ΝΟΤΕ.

511 5126 625 5199 (29)
656 5127 1159 5204 VitleDinnysium.
1192 5128 1272 5204 De
1306 5130 1501 5185 divinis
1540 5132 1865 5199 nominibus,
1898 5149 2019 5204 cap.

442 5201 496 5263 I,
532 5213 665 5281 toto.
711 5200 732 5254 l
764 5199 900 5271 Opp.
923 5199 1044 5271 ejus
1065 5203 1197 5256 edit.
1234 5200 1587 5257 Corderianze
1613 5219 1666 5274 p.
1699 5205 1826 5269 457,
1859 5199 2018 5277 seqq.

439 5284 495 5325 et
520 5270 660 5324 aliis.
850 5270 859 5271 ί
956 5270 963 5271 ί

519 5342 629 5410 (50)
658 5342 751 5414 καὶ
777 5341 867 5414 δή,
887 5342 1124 5399 Colbert.
1477 5412 1490 5414 ᾼ
1546 5378 1549 5381 η

515 5415 627 5481 (51)
664 5411 781 5486 V_id.
811 5411 1218 5486 Athanasium,
1247 5421 1380 5469 tom.
1411 5414 1431 5468 1
1461 5412 1600 5486 Opp.
1624 5419 1712 5471 ed.
1744 5416 2024 5472 Montei‘al-

440 5496 565 5557 con.
593 5500 645 5553 p.
681 5484 773 5549 94,
799 5485 926 5551 227,
985 5494 1093 5540 etc.
1134 5497 1189 5541 et
1250 5495 1382 5540 tom.
1427 5484 1525 5551 ll,‘
1552 5503 1604 5557 p.
1647 5488 1778 5555 245,
1814 5490 1920 5544 208
1972 5497 2028 5545 et

440 5553 627 5693 27:32)
648 5624 931 5682 Posterius
956 5628 1061 5682 hoc
1084 5628 1145 5680 τὸ
1162 5635 1246 5683 cst
1266 5642 1334 5682 ex
1366 5624 1524 5686 Colb.

514 5696 625 5765 (55)
658 5698 751 5754 Sic
783 5701 963 5773 scribo
989 5714 1114 5773 cuin
1144 5700 1335 5755 eodem
1367 5714 1465 5770 pro
1491 5701 1573 5770 τό,
1623 5702 1821 5773 pendet
1870 5702 2018 5759 cnim

467 5778 735 5841 sequente
762 5770 864 5843 κλη
885 5769 1215 5842 ρωσαμένῳ.

2198 5136 2749 5213 (ﬁnemﬁnem
2774 5132 2890 5213 vi».
3066 5201 3079 5213 .
3209 5200 3221 5213 .

2201 5204 2313 5277 (55)
2348 5204 2559 5263 Passim
2588 5204 2692 5262 hoc
2722 5204 3175 5277 agitGregorius,
3193 5204 3261 5277 _in
3284 5204 3479 5270 primis
3498 5209 3633 5249 vero
3663 5204 3710 5277 in

2130 5263 2310 5347 λόγοις
2363 5278 2697 5346 θεολογικοῖς
2743 5263 3009 5345 quinque,
3051 5263 3446 5342 aui'leguntur
3492 5277 3645 5322 torno
3692 5263 3709 5317 Ι

2130 5350 2269 5421 0w-
2298 5349 2483 5422 p-_519
2508 5364 2663 5418 seqq-
2884 5416 2915 5422 __
2977 5415 3031 5422 κ,
3336 5412 3348 5422 .

2204 5405 2323 5493 (56)
2349 5405 2603 5489 Quinque
2625 5405 2847 5493 exstant
2884 5416 2946 5470 ι).
2970 5412 3350 5493 Chrysostonti
3378 5408 3563 5477 λόγοις
3581 5405 3712 5493 ’περὶ

2131 5481 2546 5562 meantime,
2570 5498 2761 5543 contra
2782 5481 3261 5562 Anemozos'dieti.
3289 5481 3431 5551 Lege
3461 5494 3558 5562 eos
3580 5487 3705 5562 tom.

2134 5561 2200 5615 νι
2253 5547 2384 5615 edit:
2413 5547 2720 5621 Savil'tanaz,
2752 5576 2805 5627 p.
2834 5558 2937 5613 589
2979 5572 3160 5625 seqq,
3189 5547 3471 5627 Dueaaa'tgt:
3510 5547 3708 5627 ιοηιιηι,

2128 5649 2182 5702 1)-
2212 5632 2318 5686 992
2343 5649 2525 5705 $3351.,
2559 5640 2613 5687 ct
2682 5617 3211 5685 hlontcl‘alcont'ianae
3265 5634 3399 5680 tom.
3426 5621 3471 5690 ι,
3510 5634 3571 5691 p.
3608 5617 3708 5673 ll“

2128 5720 2257 5757 belli]
2270 5743 2284 5755 .

2356 5772 2513 5829 Colh.
2539 5787 2638 5842 pro
2659 5773 2708 5826 οί
2738 5772 2836 5843 μή.
