3880 6206
183 286 291 351 701

1194 290 1294 350 AD
1326 292 1924 356 AMPHILOCIIIUM
1955 293 2300 363 OUESTIO
2328 294 2501 355 CXX.

3364 292 3475 352 ’702

184 407 300 478 φὴν
339 405 748 477 περικείμενος.
797 404 1008 459 Οὐκοῦν
1047 405 1143 459 καὶ
1180 407 1262 469 εἰς
1296 400 1457 469 αὖθις
1490 406 1632 459 κατά
1677 405 1777 476 τὴν

1882 406 2165 459 oraculum
2186 405 2498 470 conﬁrmat,
2522 418 2873 460 communem
2898 401 3190 458 Dominum
3219 412 3473 458 nostrum

187 498 339 552 ίδέαν
362 514 424 550 τε
457 498 553 551 καὶ
598 497 763 567 φύσιν
804 497 1310 568 ὲμφανισθήσεσθαι
1330 536 1346 561 ,
1382 498 1461 561 είς
1487 497 1690 566 γνῶσίν
1717 514 1779 550 τε

183 592 287 645 καὶ
314 590 621 660 κατάληψιν
644 590 1052 659 ἀφικέσθαιτὸν
1073 590 1253 643 κοινὸν
1274 590 1553 661 Δεσπότην
1578 592 1606 643 ὁ
1637 589 1780 661 ἱερὸς

181 681 441 752 χρησμὸς
480 680 834 736 ἐϐεϐαίωσεν.
885 682 996 736 Καὶ
1037 682 1159 735 τότε
1191 682 1293 751 δρα
1324 698 1451 751 μοι,
1481 682 1647 736 τίσιν.
1701 683 1777 735 Οὺ

184 774 300 846 γὰρ
328 776 441 837 τοῖς
478 773 773 843 τυχοῦσιν,
812 774 925 828 οὐδ’
954 775 1071 828 ὅσοι
1116 773 1298 845 μικρῷ
1340 774 1417 844 τῷ
1454 774 1638 844 μέτρῳ
1669 774 1779 828 τῶν

182 865 369 920 ἄλλων
399 864 706 936 ἀνθρώπων
734 867 815 928 είς
840 865 1128 919 ὲπίπνοιάν
1153 880 1215 918 τε
1247 863 1399 917 Θείαν
1424 865 1518 918 κα)⁸
1541 864 1779 935 θεωρίας

184 952 324 1023 ὕψος
344 993 359 1017 ,
394 954 490 1007 καὶ
526 956 648 1018 ταῖς
679 954 866 1018 ἄλλαις
896 956 1124 1026 ἀρεταῖς
1156 956 1590 1025 ὑπερανέχουσιν
1612 997 1627 1018 ,
1661 954 1778 1009 ἀλλ’

182 1045 376 1107 αὐτοῖς
401 1042 654 1109 ἐκείνοις,
678 1048 726 1098 οἱ
750 1044 845 1099 ἀπ’
876 1046 1057 1117 ἀρχῆς
1081 1046 1352 1101 αὐτόπται
1379 1049 1475 1100 καὶ
1506 1047 1780 1118 ὑπηρέται

182 1133 286 1187 τοῦ
337 1134 496 1204 λόγου
547 1136 883 1207 γεγενῆσθαι
937 1139 1236 1209 συμπάσης
1279 1138 1382 1208 τῆς
1428 1137 1780 1209 ἀνθρωπίνης

182 1227 407 1295 φύσεως
452 1227 546 1280 ὑπ’
580 1229 747 1284 αὐτοῦ
787 1227 885 1282 τοῦ
935 1230 1191 1283 Πλάστου
1224 1228 1657 1301 προεκρίθησαν.
1705 1228 1778 1281 Σὺ

182 1319 245 1372 δέ
278 1338 369 1389 μοι
400 1320 469 1374 τά
491 1338 551 1373 τε
580 1321 717 1375 ἄλλα
746 1322 981 1394 ἔρρωσο,
1005 1323 1101 1376 καὶ
1128 1322 1308 1394 ψυχὴν
1337 1322 1433 1375 καὶ
1463 1323 1624 1392 σῶμα
1655 1321 1777 1393 Θεῷ

183 1410 431 1481 καθαρὸν
472 1414 755 1484 συντηρῶν
790 1415 908 1485 εῖης
937 1413 1031 1467 τοῦ
1066 1412 1186 1484 βίου
1218 1415 1290 1468 τά
1332 1414 1555 1485 κύματα
1592 1414 1779 1485 ἱλαρὸν

184 1501 483 1565 πνεούσαις
511 1500 709 1573 αὔραις
750 1502 1027 1575 διαπερῶν
1046 1544 1064 1570 ,
1096 1503 1193 1558 καὶ
1225 1502 1323 1573 τῆς
1351 1501 1563 1557 ἐκεῖθεν
1596 1502 1781 1574 ἅλμης

185 1594 660 1666 ὐπερνηχόμενος.

748 1708 1085 1761 ΕΡΩΤΠΣΙΣ
1115 1709 1247 1762 ΡΚ⁹.

1884 501 2075 553 eadem
2121 498 2305 567 specie
2354 499 2643 568 formaque
2674 497 2873 552 iterum
2921 494 3040 551 fore
3087 494 3491 564 conspicuum,

1883 589 2175 660 oculisque
2203 591 2409 645 nostris
2432 599 2489 645 et
2518 589 2817 660 cognitioni
2859 588 3109 643 obvium.
3145 585 3280 641 Vide
3321 601 3471 653 vero,

1881 680 2083 749 quibus
2116 680 2247 735 illud
2293 683 2368 737 sit
2414 692 2761 738 eventurum.
2804 680 2921 735 Non
2955 694 3089 735 sane
3136 679 3472 748 quibusque,

1881 789 2059 844 neque
2088 775 2197 829 illis
2225 774 2415 838 etiam,
2458 774 2552 844 qui
2588 775 2784 844 exigua
2831 786 3089 827 mensura
3118 770 3259 826 alios
3290 769 3475 824 homi-

1880 881 2002 932 nes,
2025 868 2169 937 quod
2203 868 2272 923 ad
2301 868 2539 923 albatum
2572 868 2816 921 divinum
2858 865 3299 936 cognitionisque
3337 878 3477 933 pra:-

1882 960 2169 1024 stantiam,
2218 969 2275 1014 ut
2324 961 2392 1015 de
2437 960 2736 1015 virtutibus
2767 960 2891 1013 aliis
2935 974 3041 1014 non
3072 958 3274 1023 dicam,
3311 973 3477 1027 supe-

1882 1059 2049 1117 rant;
2094 1050 2189 1105 sed
2242 1050 2377 1120 ipsis
2430 1051 2572 1115 illis,
2606 1051 2699 1120 qui
2733 1052 2801 1105 ab
2834 1051 2955 1120 ipso
2981 1048 3279 1104 Conditore
3327 1047 3476 1117 digni

1881 1158 1995 1212 prae
2021 1142 2145 1197 aliis
2184 1143 2359 1197 habiti
2391 1152 2571 1207 erant,
2603 1153 2663 1197 ut
2692 1143 2759 1197 ab
2788 1142 2946 1196 initio
2974 1150 3311 1210 Spectatores
3340 1138 3476 1194 Ver-

1879 1233 1957 1299 bi,
1987 1243 2042 1289 et
2081 1234 2148 1288 ad
2183 1244 2357 1289 totum
2393 1231 2677 1289 hominum
2724 1250 2897 1304 genus
2927 1232 3173 1302 ejusdem
3208 1232 3477 1302 interpres

1880 1335 1936 1382 et
1966 1326 2275 1382 administri
2298 1338 2503 1384 essent.
2538 1329 2613 1383 Ita
2643 1337 2697 1383 tu
2728 1336 2784 1382 et
2815 1327 2953 1382 alias
2977 1326 3114 1387 vale.
3144 1334 3199 1380 et
3228 1325 3475 1379 animum

1881 1435 2194 1491 corpusque
2232 1419 2345 1475 Deo
2392 1420 2775 1476 intemeratum
2825 1433 3075 1484 servans,
3111 1417 3476 1485 secundisque

1880 1512 2061 1567 ventis
2090 1528 2243 1577 usus,
2285 1514 2571 1582 praesentis
2602 1513 2727 1567 vitae
2765 1511 2964 1567 ﬂuctus
2992 1523 3213 1579 supera,
3241 1508 3477 1564 salsum-

1881 1620 1991 1676 que
2023 1604 2126 1659 hoc
2160 1621 2313 1661 mare
2361 1607 2610 1660 emetire.

1956 1716 2285 1784 QUAESTIO
2324 1717 2488 1775 CXX.
2520 1718 2710 1791 [CoisL
2744 1717 2949 1775 CXLII.
2981 1717 3148 1774 Taur.
3184 1714 3392 1789 CXL|.]

188 1800 256 1857 Τί
283 1799 469 1881 δηλοῖ
519 1801 585 1881 τι)
634 1800 1282 1881 duodecima-interr,
1310 1800 1376 1881 τῤ
1401 1839 1417 1864 ,
1455 1798 1777 1881 edideram.

1887 1808 2031 1875 Quid
2076 1811 2343 1881 signiﬁcat
2375 1804 2576 1865 dictum
2624 1813 2867 1878 Apostoli
2897 1827 2916 1866 :
2962 1832 2979 1863 ι
3017 1811 3229 1881 Semper
3256 1822 3305 1865 et
3337 1826 3475 1863 nunc

258 1874 359 1925 καὶ
397 1875 514 1924 νῦν
548 1872 998 1941 δοξασθήσεται
1030 1868 1281 1941 Χριστὸς
1316 1871 1397 1940 ,ἐν
1437 1868 1517 1937 τῷ
1549 1868 1780 1940 σώματί

249 1961 395 2011 μου,
425 1963 443 1994 ι
482 1962 538 1997 κ.
572 1943 620 1996 ἐ.
655 1943 808 2013 (58);

1919 1896 2125 1952 quoque
2151 1880 2396 1936 Christus
2421 1881 2809 1953 glori/icabitur
2832 1884 2888 1937 in
2907 1898 3123 1953 corpore
3142 1880 3309 1948 meo,»
3339 1890 3445 1935 etc.

250 2059 512 2110 Editarum
534 2075 562 2110 a
586 2059 764 2109 Wolfio
782 2061 955 2123 quinta
976 2061 1034 2125 (1.
1055 2073 1122 2123 c.,
1146 2074 1199 2124 p.
1226 2058 1457 2119 715-719,
1480 2058 1707 2109 Galland.
1734 2072 1784 2122 p.
1806 2060 2036 2125 717—718,
2058 2075 2109 2112 ιι.
2132 2063 2214 2124 21,
2237 2077 2287 2127 p.
2322 2062 2458 2127 H2).
2483 2064 2814 2126 —Expositto
2837 2069 3008 2113 textus
3026 2063 3243 2126 Philipp.
3270 2074 3305 2123 ι,
3330 2063 3409 2110 20.

269 2163 336 2217 'H
357 2163 451 2218 τοῦ
470 2166 699 2235 ῥήτορος
719 2163 817 2235 τῆς
836 2162 1091 2231 ἀληθείας
1114 2161 1289 2235 φωνὴ,
1316 2164 1371 2233 ἡ,
1394 2161 1469 2225 ὠς
1503 2180 1521 2213 ι
1548 2161 1788 2215 Πάντοτε

181 2253 286 2308 καὶ
316 2252 412 2306 νῦν
454 2252 851 2324 δοξασθήσεται
889 2252 1126 2323 Χριστὸς
1164 2253 1224 2305 ὲν
1257 2251 1337 2323 τῷ
1385 2248 1601 2322 σώματί
1644 2269 1783 2323 μου,

183 2348 304 2399 εἴτε
336 2345 423 2400 διὰ
456 2345 623 2416 ζωῆς,
653 2345 765 2398 εἴτε
793 2343 881 2398 διά
932 2344 1164 2398 θανάτου
1213 2342 1365 2414 (39).¹
1391 2361 1410 2394 ι
1466 2342 1635 2394 πόθου
1685 2343 1786 2413 μὲν

184 2438 333 2509 αὐτὴ
357 2439 469 2509 (40)
500 2440 790 2508 προχεῖται
818 2436 1121 2508 σεϐασμίου
1148 2454 1207 2491 τε
1238 2437 1333 2491 καὶ⁵
1363 2434 1533 2507 ἱεροῦ,
1568 2434 1787 2498 ἐλπίδος

181 2532 239 2584 δὲ
268 2531 509 2602 βέϐηκεν
534 2533 699 2600 φύσιν
726 2529 1030 2599 ἀγνοούσης
1059 2529 1283 2601 θνητὴν,
1311 2527 1570 2599 τοιαύτην
1596 2528 1653 2580 δὲ
1680 2527 1781 2599 τὴν

179 2619 431 2671 διάνοιαν
452 2618 737 2689 ύποδηλοῖο
772 2618 1016 2673 Πάντοτε
1045 2622 1072 2672 ὀ
1101 2620 1338 2690 Χριστὸς
1368 2619 1426 2672 ἐν
1458 2617 1538 2689 τῷ
1568 2618 1783 2689 σώματι

179 2710 411 2765 Παύλου
452 2710 859 2781 ἐμεγαλύνετο,
907 2710 1004 2764 καὶ
1056 2710 1147 2764 ὅτε
1199 2710 1419 2781 δεσμοῖς
1470 2710 1633 2764 αὑτὸν
1686 2708 1784 2761 καὶ

185 2799 417 2871 μάστιξι
466 2798 997 2869 ὲνταλαιπωρεῖσθαι
1034 2798 1368 2870 συνεχώρει,
1406 2800 1503 2853 καὶ
1547 2799 1780 2853 θανάτου

185 2889 301 2959 πρὸ
346 2888 535 2943 πυλῶν
582 2888 875 2962 ἐρρῖφθαι,
930 2890 1025 2942 καὶ
1067 2890 1158 2942 ὅτε
1212 2889 1420 2955 ἑξεῖλκε
1461 2889 1625 2944 αὑτὸν
1683 2889 1781 2943 καὶ

182 2978 511 3050 ἀνήρπαζεν
563 2980 629 3057 εκ
680 2978 862 3049 μέσων
908 2978 1017 3032 τῶν
1069 2978 1329 3048 ἀνιαρῶν.
1370 2975 1465 3042 Οἷς
1520 2980 1619 3050 μὲν
1671 2980 1781 3051 γάρ

185 3072 437 3124 ὲναθλεῖν
478 3070 668 3142 ήςρίετο
692 3109 708 3135 ,
749 3071 843 3124 καὶ
872 3072 989 3135 τοῖς
1017 3072 1099 3135 είς
1134 3070 1364 3125 θάνατον
1396 3071 1592 3140 ἄγουσι
1655 3089 1781 3125 συν-

186 3165 474 3230 επλέκετο,
500 3166 827 3235 πειρασμοῖς
860 3163 1177 3216 ὲϐεϐαιοῦτο
1205 3164 1299 3217 καὶ
1320 3163 1648 3235 ἐκρατύνετο
1678 3165 1779 3234 τῆς

187 3258 474 3322 εὐσεϐείας
514 3257 576 3311 τὸ
621 3257 909 3330 κήρυγμα.
948 3256 1332 3328 Λογιζομένων
1370 3256 1481 3310 τῶν
1523 3258 1777 3327 ὁρώντων

187 3354 257 3406 τὰ
290 3348 503 3404 Παύλου
532 3349 739 3420 δεσμὰ,
774 3350 871 3404 καὶ
910 3352 1008 3414 τὰς
1046 3348 1292 3420 θλίψεις,
1332 3350 1425 3403 καὶ
1457 3349 1553 3421 τὴν
1581 3352 1640 3403 ἐν
1671 3350 1773 3404 αύ-

186 3448 308 3508 τοίς
335 3442 612 3515 ὑπομονὴν
642 3442 1122 3513 ἐκπληττομένων,
1147 3442 1243 3497 καὶ
1259 3441 1340 3513 τῷ
1365 3420 1607 3513 θαύματι
1634 3442 1771 3513 πρὸς
1798 3420 1843 3482 C

190 3535 533 3608 ἐπιστροφὴν
580 3534 1014 3606 διανισταμένων
1041 3574 1058 3601 ,
1087 3533 1163 3597 ὡς
1198 3535 1247 3587 εί
1286 3536 1363 3605 μὴ
1410 3535 1555 3589 θεῖόν
1600 3553 1651 3589 τι
1682 3533 1778 3587 καὶ

189 3628 503 3699 πινάληθες
528 3627 590 3680 τὸ
620 3627 751 3698 παρ’
779 3626 947 3682 αὐτοῦ
982 3626 1395 3698 κηρυσσόμενον
1422 3628 1775 3699 καθεστήκει,

188 3723 294 3775 οὒκ
330 3721 396 3775 ἂν
424 3721 616 3775 ἑαυτὸν
648 3721 865 3792 μυρίοις
910 3720 1117 3792 χαίρων
1153 3722 1247 3774 καὶ
1276 3722 1573 3793 ἀφορήτοις
1606 3720 1776 3773 ἐδίδου

162 3816 405 3878 -κακοῖς,
439 3813 556 3868 ἐνὸν
596 3814 946 3884 παυσάμενον
978 3812 1418 3867 ἀπαλλάττεσθαι
1450 3811 1561 3865 τῶν
1590 3814 1776 3881 ἀλγει-

189 3907 303 3960 νῶν
332 3908 425 3959 καὶ
456 3906 533 3977 μὴ
557 3906 785 3960 θάνατον
808 3908 887 3969 είς
915 3906 1105 3976 ἀγῶνα
1133 3904 1339 3960 καλεῖν.
1381 3906 1777 3975 Ἐμεγαλύνετο

189 3988 373 4052 τοίνύν
406 3998 632 4061 εἰκότως
655 3997 745 4050 διὰ
770 3995 977 4050 τούτων
1006 3997 1035 4049 ὁ
1064 3995 1322 4067 Χριστὸς,
1355 3994 1449 4049 τοῦ
1482 3995 1775 4066 κηρύγμα-

190 4109 284 4157 τος
326 4094 405 4155 είς
446 4091 742 4161 βεϐαίωσιν
773 4093 888 4154 τοῖς
927 4090 1141 4152 πολλοῖς
1192 4089 1631 4159 ἀφικνουμένου,
1678 4090 1776 4143 καὶ⁸

189 4186 313 4246 ταῖς
341 4183 450 4235 τῶν
480 4180 787 4253 ἀνθρώπων
812 4180 1297 4252 ὲμπλατυνομένου
1335 4180 1562 4251 ψυχαῖς.
1606 4181 1775 4235 Πάλιν

190 4274 271 4340 δὲ,
323 4275 488 4346 ήνίκα
528 4274 770 4339 ἐξεῖλκεν
811 4275 973 4328 αὑτὸν
1008 4276 1102 4327 καὶ
1146 4274 1465 4344 ἀνήρπαζεν
1512 4274 1774 4327 κινδύνων

194 4367 487 4438 ὀλεθρίων,
518 4366 744 4421 αὐτόθεν
784 4367 1167 4440 ἐμεγαλύνετο.
1202 4368 1340 4422 Οὐδὲ
1367 4367 1477 4438 γάρ
1505 4384 1649 4431 τινος
1678 4369 1775 4421 ἀν-

195 4458 474 4530 θρωπίνης
526 4454 596 4529 ἦν
646 4458 891 4522 ἐπινοίας
941 4461 1007 4513 ὲκ
1054 4461 1223 4530 μέσου
1266 4460 1451 4531 χειρὸς
1502 4458 1774 4529 φονώσης,

195 4552 291 4604 καὶ
331 4551 426 4604 τοῦ
465 4551 699 4620 αἵματος
742 4550 1023 4621 διψώντων
1055 4551 1262 4617 κακῶν,
1303 4550 1489 4622 ἀπαθῆ
1512 4551 1773 4615 πολλάκις

193 4645 527 4699 ἀπολύεσθαι
556 4644 646 4697 τὸν
674 4641 1013 4715 ἀγωνιστὴν,
1046 4642 1182 4697 ἀλλά
1214 4642 1335 4696 θεία
1387 4661 1469 4708 τις
1510 4647 1605 4697 καὶ
1634 4643 1774 4715 ὑπὲρ

194 4740 480 4805 ἄνθρωπον
508 4738 668 4810 χάρις
700 4733 768 4808 ἦν
790 4775 806 4801 ,
847 4738 882 4807 ή
926 4738 1058 4808 παρ’
1090 4735 1311 4798 ἐλπίδας
1347 4735 1438 4789 τὸν
1466 4734 1771 4805 θεράποντα
1796 4759 1850 4819 D

200 4830 437 4901 ῥυομένη
477 4831 571 4884 καὶ
610 4829 900 4883 διαλύουσα
941 4832 1011 4883 τὰ
1068 4828 1236 4882 δεινά.
1292 4827 1416 4890 Πῶς
1465 4826 1655 4880 ἐλύετο
1699 4827 1770 4880 τὰ

196 4921 399 4991 Ecqui;
466 4920 590 4985 Πῶς
645 4920 937 4988 ἐξέπιπτον
989 4919 1048 4972 αἱ
1103 4919 1353 4984 ἀλύσεις;
1404 4918 1467 4971 τὸ
1522 4917 1638 4986 φῶς
1686 4918 1771 4982 τίς

198 5014 442 5085 ὑφῆπτεν
468 5013 547 5085 τῷ
572 5014 833 5084 οἰκήματι
855 5012 966 5083 (41)
989 5029 1005 5079 ;
1031 5012 1149 5076 πῶς
1177 5012 1618 5081 περιήστραπτεν
1650 5009 1772 5063 ὅλον

193 5109 258 5177 τῇ
287 5107 450 5179 αἴγλῃ
480 5106 740 5178 πληροῦν,
769 5106 1037 5177 μηδεμιᾶς
1068 5104 1198 5175 ὕλης
1228 5101 1676 5173 ύπηρετουμένης
1700 5102 1766 5172 τῇ

1967 2160 2083 2218 Vox
2125 2164 2219 2218 illa
2249 2164 2519 2235 praeconis
2547 2164 2817 2229 veritatis,
2873 2179 2996 2235 qua:
3024 2164 3100 2219 ait
3130 2182 3145 2219 :
3190 2183 3208 2215 ι
3247 2163 3476 2234 Semper

1888 2262 1944 2310 et
1969 2271 2115 2311 nunc
2144 2272 2364 2327 quoque
2396 2256 2649 2312 Christus
2684 2258 2735 2311 in
2767 2271 2995 2327 corpore
3035 2270 3158 2310 meo
3201 2256 3477 2327 glorifica-

1886 2346 2055 2413 hitur,
2083 2349 2199 2404 sive
2228 2366 2325 2419 per
2354 2350 2544 2415 vitam,
2577 2351 2691 2405 sive
2720 2367 2815 2420 per
2860 2361 3113 2414 mortem,
3148 2368 3167 2401 ι
3214 2366 3281 2405 ex
3325 2351 3475 2406 desi-

1886 2438 2043 2494 derio
2097 2441 2339 2511 quodam
2392 2442 2651 2510 religioso
2703 2451 2757 2496 et
2803 2458 2961 2497 sacro
3008 2442 3249 2512 proﬂuit,
3309 2442 3475 2499 simul

1884 2543 2016 2584 vero
2044 2530 2114 2585 ad
2142 2545 2291 2600 spem
2321 2531 2549 2599 aspirat,
2572 2546 2694 2600 qua:
2726 2531 3007 2584 mortalem
3036 2540 3287 2584 naturam
3318 2531 3476 2600 igno-

1884 2631 1990 2678 rat.
2052 2623 2285 2678 Sensum
2342 2639 2473 2679 vero
2516 2624 2662 2679 hunc
2708 2624 2895 2690 refert,
2931 2625 3078 2694 quod
3131 2624 3386 2680 Christus
3416 2625 3472 2680 in

1884 2729 2117 2786 corpore
2162 2715 2316 2771 Pauli
2363 2732 2580 2787 semper
2621 2718 2695 2773 sit
2735 2716 3152 2786 magniﬁcatus,
3201 2718 3317 2773 sive
3346 2734 3473 2772 eum

1882 2808 2117 2864 vinculis
2158 2818 2213 2863 et
2262 2808 2454 2864 ferulis
2483 2809 2668 2881 alnigi,
2716 2809 3017 2879 mortisque
3051 2810 3186 2864 adeo
3217 2809 3476 2880 periculis

1882 2900 2047 2970 objici
2089 2910 2368 2971 pateretur
2414 2900 2581 2967 Deus,
2622 2902 2737 2957 sive
2772 2902 2924 2956 illum
2970 2917 3036 2956 ex
3085 2902 3278 2957 mediis
3308 2916 3475 2956 vexa-

1881 2994 2125 3049 tionibus
2161 2997 2417 3065 eriperet,
2443 3005 2498 3051 et
2535 2996 2859 3051 vindicaret.
2899 2995 3011 3050 illis
3040 2996 3184 3052 enim
3219 2996 3474 3051 tentatio—

1880 3086 2077 3152 nibus,
2122 3086 2204 3140 vel
2236 3094 2471 3141 mortem
2519 3086 2690 3156 ipsam
2721 3086 3080 3151 minantibus,
3111 3102 3236 3141 cum
3271 3087 3473 3157 quibus

1878 3177 2181 3234 conﬂictari
2212 3188 2266 3232 et
2291 3179 2607 3248 depugnare
2637 3178 2952 3247 jubebatur,
2989 3178 3324 3248 praeconium
3352 3180 3474 3249 pie-

1878 3268 2006 3322 tatis
2054 3268 2474 3322 iirmabatur-et
2526 3268 2928 3323 stabiliebalur.
2973 3268 3079 3335 Qui
3133 3268 3281 3323 enim
3319 3265 3470 3323 Pauli

1878 3361 2096 3415 vincula
2130 3360 2586 3431 calamitatesque
2616 3376 2741 3416 eum
2773 3362 2985 3416 ratione
3026 3361 3471 3432 perspiciebant,

1879 3465 1934 3507 et
1977 3453 2295 3523 patientiam
2345 3454 2398 3507 in
2441 3453 2549 3509 illis
2602 3454 2888 3523 probatam
2921 3453 3355 3518 admirabantur,
3393 3451 3471 3507 illi

1878 3539 1999 3609 ipsa
2022 3543 2124 3595 hac
2144 3542 2509 3596 admiratione
2532 3542 2599 3595 ad
2626 3542 3042 3597 conversionem
3064 3543 3467 3608 excitabantur,

1877 3630 2203 3699 cogitantes,
2239 3629 2344 3685 nisi
2374 3630 2650 3700 praeconio
2688 3630 2809 3699 ejus
2838 3630 3009 3685 divini
3050 3631 3255 3701 aliquid
3288 3640 3345 3685 et
3373 3648 3470 3686 ve-

1877 3719 2083 3774 rissimi
2127 3722 2418 3786 subesset,
2468 3736 2529 3775 se
2570 3720 2749 3790 ipsum
2785 3720 3011 3775 inﬁnitis
3066 3731 3121 3777 et
3155 3722 3242 3776 vix
3274 3721 3471 3781 tolera.

1875 3811 2079 3867 bilibus
2122 3826 2232 3867 non
2277 3810 2449 3867 luisse
2482 3811 2861 3881 objecturum,
2898 3827 3064 3879 cum,
3119 3830 3149 3867 a
3196 3814 3467 3869 sententia

1874 3904 2197 3972 discedens,
2250 3905 2517 3959 molestiis
2568 3904 2675 3959 illis
2724 3905 2943 3960 liberari
3007 3905 3310 3976 potuisset,
3364 3922 3467 3962 nec

1876 3997 2072 4052 mortis
2092 3996 2396 4067 periculum
2421 3996 2605 4051 subire
2629 3996 2925 4051 debuisset.
2955 3995 3069 4052 lloc
3091 3998 3275 4067 itaque
3304 3998 3465 4053 modo

1874 4088 2079 4143 Christi
2162 4089 2334 4157 gloria
2404 4088 2922 4143 convenientissime
2990 4090 3462 4159 ampliﬁcabatur,

1874 4180 2322 4251 quandoquidem
2356 4181 2693 4250 praeconium
2729 4180 2862 4234 illud
2894 4196 3059 4251 quam
3091 4182 3341 4251 plurimis
3376 4197 3466 4236 ra-

1876 4279 1991 4324 tum
2026 4270 2207 4334 ﬁebat,
2245 4270 2643 4339 hominumque
2672 4269 2874 4323 animis
2905 4268 3251 4339 iungebatur.
3282 4269 3461 4335 Quan-

1873 4363 1945 4417 do
1989 4364 2060 4416 ah
2091 4362 2261 4415 altera
2318 4370 2473 4430 parte
2505 4360 2647 4415 Deus
2700 4362 2850 4415 illum
2897 4377 2963 4415 ex
3019 4362 3460 4431 praesentissimis

1874 4453 2136 4524 periculis
2168 4452 2455 4523 eripiebat,
2494 4452 2660 4508 etiam
2689 4461 2803 4507 tum
2834 4452 3086 4508 Christus
3118 4454 3462 4524 gloriﬁcaba-

1874 4554 1985 4600 tur.
2014 4545 2201 4615 Neque
2220 4545 2367 4599 enim
2400 4546 2625 4599 humani
2653 4554 2770 4599 erat
2798 4545 3016 4599 consilii
3041 4556 3095 4599 et
3120 4547 3262 4614 opis,
3289 4546 3463 4599 athle-

1872 4648 1984 4692 tam
2035 4638 2181 4690 hunc
2225 4652 2292 4691 ex
2354 4637 2551 4692 mediis
2605 4652 2804 4691 manus
2847 4638 3309 4703 sanguinolentus,
3366 4647 3462 4691 aut

1876 4728 2252 4799 improborum
2284 4728 2590 4791 hominum,
2620 4728 2941 4798 sanguinem
2972 4729 3297 4793 sitientium,
3328 4744 3463 4782 con-

1875 4821 2013 4877 siliis
2052 4820 2281 4875 illaesum
2329 4821 2499 4875 exire.
2544 4819 2752 4875 Divina:
2804 4820 2987 4888 potius
3030 4831 3083 4875 et
3120 4821 3243 4890 plus
3293 4835 3460 4890 quam

1879 4914 2132 4969 humana:
2158 4914 2347 4986 gratia:
2376 4914 2697 4969 beneﬁcium
2719 4914 2769 4967 id
2798 4922 2937 4976 erat,
2960 4930 3083 4984 quae
3112 4915 3321 4969 scilicet
3346 4930 3463 4971 ser-

1880 5020 2009 5060 vum
2039 5004 2191 5059 illum
2231 5005 2431 5059 amotis
2481 5004 2641 5059 malis
2694 5004 2979 5069 omnibus,
3022 5014 3220 5075 praeter
3264 5020 3463 5075 exspe-

1874 5099 2192 5163 ctationem,
2222 5098 2507 5153 liberabat.
2564 5095 2848 5163 Quomodo
2898 5097 3045 5153 enim
3074 5097 3294 5155 vincula
3344 5102 3460 5155 sol-

1730 5277 1963 5334 NOTAE.

266 5396 379 5467 (38)
415 5396 653 5467 Philipp.
689 5412 726 5460 ι,
760 5395 852 5461 ‘20,
888 5396 979 5451 ubi
1016 5407 1195 5452 tamen
1226 5412 1325 5466 pro
1372 5395 1765 5467 δοξασθήσεται

198 5466 394 5538 legitur
422 5468 581 5521 hodie
602 5466 1101 5537 μεγαλυνθήσεται,
1126 5468 1194 5522 ad
1215 5484 1379 5538 quem
1420 5466 1603 5523 locum
1620 5467 1768 5521 nulla

200 5485 394 5538 regitur
422 5485 581 5521 llOdle
614 5485 1101 5537 μεγαλυνυησεται,
1126 5485 1194 5522 au
1215 5485 1379 5591 ciuem
1420 5485 1599 5523 locum
1620 5485 1766 5521 nuna

200 5538 445 5594 codicum
473 5539 715 5593 varietas
764 5539 819 5592 in
860 5538 1179 5608 collectione
1256 5538 1471 5593 lilliana
1520 5545 1766 5608 apparet.

203 5608 418 5664 Scilicet
445 5609 624 5670 etbic,
652 5617 711 5663 ut
750 5609 906 5671 alias,
954 5607 1179 5664 l’hotius
1229 5611 1509 5664 memoria:
1539 5607 1652 5662 sua:
1684 5608 1770 5661 ni-

1938 5392 2052 5464 (39)
2079 5389 2277 5446 Deesse
2295 5390 2520 5464 videtur
2548 5390 2811 5460 λέγουσα.

1937 5462 2047 5534 (40)
2081 5464 2172 5534 Sic
2199 5462 2391 5534 scribo
2414 5479 2508 5532 pro
2535 5464 2694 5533 αὐτῇ.

1940 5532 2054 5602 (41)
2080 5532 2317 5588 llumani
2347 5533 2551 5603 aliquid
2593 5532 2785 5604 paSstis
2812 5534 2901 5589 hic
2950 5544 3036 5591 est
3061 5535 3315 5591 Photius.
3349 5535 3463 5591 Nec

1868 5605 2149 5674 que-enim
2189 5606 2227 5660 Ι.
2280 5619 2332 5659 c.
2380 5606 2561 5659 lumen
2595 5605 2805 5660 carceri
2843 5606 3052 5661 illatum
3086 5607 3330 5672 aliunde,
3359 5625 3386 5661 s
3427 5606 3461 5663 ά

202 5680 365 5732 miunt
394 5680 603 5734 tribuit.
643 5677 761 5747 Ipse
792 5688 971 5733 tamen
1017 5695 1141 5733 mox
1193 5680 1420 5737 verbum
1446 5677 1769 5743 δοξάζεσθαι
1871 5675 2095 5747 candela
2128 5689 2159 5727 ξι
2190 5675 2416 5747 custode
2443 5676 2681 5747 carceris
2704 5674 3000 5747 postulata.
3024 5692 3074 5730 v.
3103 5677 3196 5741 29,
3224 5678 3417 5731 dicitm
3439 5715 3459 5734 .

195 5763 295 5816 per
316 5748 715 5821 μεγαλύνεσθαι
751 5750 991 5819 exponit.

1872 5744 1949 5799 Ea
1980 5745 2087 5801 huc
2113 5744 2467 5816 retulit,qua:
2488 5743 2650 5801 Petro
2673 5743 2997 5804 acciderunt
3022 5749 3141 5804 Act.
3180 5762 3284 5817 xu,
3327 5747 3418 5804 17.
