3880 6206
425 293 529 357 703

1588 291 1852 352 PHOTII
1894 293 2400 357 PATRIABCIME
2428 298 2537 359 ΟΡ.

3599 300 3703 362 70$

421 404 734 458 vehantur?
792 403 1071 473 quomodo
1142 402 1469 458 decidebant
1520 402 1829 459 czrtenaz”?
1887 404 1998 473 quis

2116 407 2274 477 φλογί
2298 426 2312 471 ;
2336 410 2507 462 Πόθεν
2534 409 2695 478 μόνον
2726 409 3043 463 κατεσείετο
3064 410 3124 463 τὸ
3147 409 3553 482 ὰσμωτῆριοη
3584 414 3706 478 Πῶς

419 497 604 548 lumen
662 494 929 549 inferebat
984 495 1231 549 carceri?
1287 494 1563 564 quomodo
1621 495 1749 549 illud
1824 496 2010 565 splen-

416 586 551 640 dore
641 601 741 640 suo
827 593 999 639 totum
1088 584 1490 656 perfundebat,
1580 601 1704 640 cum
1795 585 2009 638 nullum

416 678 647 729 flammae
704 676 1023 731 alimentum
1081 676 1443 747 suppeteret?
1498 677 1643 731 unde
1697 691 1885 731 carcer
1940 675 2011 729 il-

419 768 467 821 le
524 768 675 823 solus
737 768 1205 823 concotiebatnr?
1269 767 1555 834 Quomodo
1624 768 2012 839 aperiebantur

417 857 611 915 fores?
681 859 963 931 quomodo
1019 869 1097 913 tot
1152 870 1205 914 et
1285 867 1434 913 tanta
1485 859 1846 927 accidebant,
1902 859 2008 915 nisi

421 952 503 1006 vis
573 968 807 1019 manus,
857 952 1038 1007 omnia
1090 952 1463 1022 perficientis,
1512 966 1573 1006 se
1631 950 2010 1007 exseruisset?

418 1041 671 1109 Utraque
716 1042 885 1113 igitur
919 1059 985 1097 ex
1016 1052 1170 1113 parte
1220 1042 1425 1098 Christi
1460 1043 1633 1113 gloria
1684 1043 1738 1097 in
1774 1058 2008 1114 corpore

418 1133 570 1187 Pauli
612 1133 1072 1203 ampliticabatur,
1109 1133 1228 1187 sive
1275 1148 1455 1211 praeco
1507 1134 1727 1189 divinus
1790 1134 2007 1190 acerbis

418 1234 473 1279 et
534 1225 696 1279 morti
731 1225 998 1295 proximis
1056 1226 1400 1280 cruciatibus
1454 1233 1824 1292 exerceretur,
1888 1226 2006 1281 sive

418 1319 680 1373 Christus
740 1317 1002 1371 athletam
1035 1317 1183 1371 hunc
1255 1318 1696 1388 sanguinolentis
1738 1317 2006 1372 insidian-

418 1412 556 1465 tium
594 1408 842 1467 consiliis
867 1420 1065 1479 prazter
1099 1420 1354 1462 naturam
1388 1417 1442 1463 et
1483 1417 1681 1478 prteter
1716 1422 2006 1479 exspecm-

416 1506 620 1556 tionem
670 1504 1011 1571 superiorem
1056 1501 1393 1555 ostenderet.
1444 1501 1557 1555 Hoc
1591 1502 1775 1571 itaque
1814 1502 1999 1567 modo,

416 1606 531 1649 tum
566 1610 662 1665 per
695 1595 889 1657 vitam,
922 1595 1026 1648 hoc
1059 1601 1145 1648 est
1164 1609 1260 1664 per
1276 1608 1365 1659 ea,
1396 1608 1517 1663 qua:
1546 1596 1717 1647 vitam
1750 1593 1824 1648 illi
1863 1608 2003 1663 prae-

414 1688 637 1744 stabant
659 1694 714 1741 et
745 1685 1115 1750 vindicabant,
1144 1694 1259 1740 tum
1281 1700 1376 1755 per
1402 1686 1591 1754 plagas
1620 1696 1674 1741 et
1694 1686 1998 1751 cruciatus,

2114 502 2460 573 ἀνεῴγνυντο
2508 504 2566 556 αἱ
2597 503 2803 575 θύραις
2854 504 2973 567 πῶς
3030 507 3215 557 ἐκεῖνα
3262 506 3332 558 τὰ
3390 508 3565 575 μυρία
3609 511 3705 560 καὶ

2114 596 2398 665 παράδοξα
2434 597 2713 665 ἐγεγόνει,
2757 599 2807 650 εί
2847 597 2922 667 μὴ
2961 598 3060 668 τῆς
3101 599 3282 652 πάντα
3318 599 3633 669 κρατούσης
3665 603 3701 669 ἡ

2112 687 2344 760 δύναμις
2374 691 2724 744 ἐπεδείκνυτο
2758 691 2978 761 χειρόςς
3010 692 3090 744 Δι’
3136 693 3345 761 ἀμφοῖν
3385 692 3482 746 οὖν
3509 695 3542 746 ό
3570 695 3705 763 Χρι-

2114 782 2238 844 στὸς
2265 783 2325 834 ὲν
2351 782 2429 852 τῷ
2461 782 2676 853 σώματι
2706 783 2923 835 Παύλου
2952 783 3341 853 ἐμεγαλύνετο,
3374 787 3499 848 ταῖς
3523 802 3584 837 τε
3612 803 3703 837 πι-

2110 876 2271 944 κραῖς
2324 875 2421 929 καὶ
2476 876 2875 946 θανατηφόροις
2928 874 3182 945 βασάνοις
3230 876 3702 946 ἐγκαρτεροῦντος

2108 966 2203 1019 τοῦ
2227 968 2494 1038 κήρυκος,
2526 970 2625 1023 καὶ
2650 969 2719 1023 δι’
2747 960 2821 1022 ὧν
2856 969 3157 1039 ὑπερφυῶς
3188 972 3309 1033 ταῖς
3338 969 3451 1023 τῶν
3481 970 3707 1023 ἐπιδουο

2108 1060 2376 1113 λευόντων
2411 1061 2745 1131 μιαιφονίαις
2782 1062 2874 1115 καὶ
2900 1060 3052 1132 παρὰ
3085 1061 3243 1125 δόξαν
3282 1061 3559 1115 ἀνάλωτον
3590 1062 3702 1114 ὲτί-

2109 1149 2192 1203 θει
2226 1151 2323 1203 καὶ
2351 1150 2705 1204 ἀπεδείκνυεν
2725 1152 2829 1205 ’τὸν
2871 1152 3209 1221 ἀγωνιστήν.
3242 1151 3432 1214 Οὕτως
3462 1146 3558 1204 οὖν
3609 1155 3705 1205 καὶ

2106 1244 2195 1299 διὰ
2228 1244 2327 1315 τῆς
2363 1244 2534 1314 ζωῆς,
2565 1245 2813 1298 τουτέστι
2855 1244 2966 1298 τῶν
3021 1245 3432 1309 ζωοποιούντων
3467 1244 3562 1297 καὶ
3592 1244 3709 1296 δια-

2107 1338 2412 1403 σωζόντων,
2445 1337 2539 1391 καὶ
2571 1336 2662 1390 διά
2689 1337 2797 1391 τῶν
2832 1337 3068 1391 θανάτου
3113 1336 3423 1407 παραιτίων
3467 1335 3705 1404 πληγῶν

2107 1428 2200 1481 καὶ
2224 1427 2495 1497 βασάνων,
2522 1428 2555 1498 ή
2582 1428 2679 1499 τῆς
2707 1427 2902 1495 σοφίας
2932 1427 3029 1480 καὶ⁸
3058 1427 3342 1497 δυνάμεως
3380 1426 3531 1497 πηγὴ
3562 1428 3706 1495 Χρι-

2107 1520 2231 1582 στὸς
2254 1524 2281 1573 ὁ
2301 1521 2434 1584 Θεὸς
2455 1521 2615 1591 ήμῶν
2642 1522 2700 1574 ὲν
2720 1519 2799 1592 τῷ
2818 1520 3031 1573 Παύλου
3061 1518 3273 1590 σώματι
3304 1518 3705 1589 ἐμεγαλύνετο.

2106 1612 2275 1665 Οὐδὲν
2318 1612 2376 1666 δὲ
2416 1611 2618 1665 κωλύει
2675 1612 2743 1665 τὰ
2793 1611 2889 1665 τοῦ
2945 1611 3274 1665 διδασκάλου
3330 1612 3557 1681 ῥήματα
3606 1611 3705 1663 καὶ

2106 1704 2415 1775 πρόρῥησιν
2459 1704 2824 1775 ὑπογράφειν.
2871 1703 3025 1756 Ἐπεὶ
3057 1702 3166 1775 γάρ
3197 1702 3453 1775 δεύτερον
3484 1701 3566 1773 τῷ
3596 1702 3704 1753 Νέο

412 1781 507 1851 qui
552 1787 785 1833 mortem
841 1777 1140 1832 conciliare
1194 1785 1469 1847 poterant,
1518 1776 1793 1843 Christus,
1853 1777 1998 1832 Deus

2110 1766 2279 1865 ρωνος
2310 1766 2534 1864 ’βήματι
2572 1766 2844 1865 παρέστη,
2879 1793 2975 1847 καὶ
3017 1766 3117 1863 τήν
3138 1766 3261 1864 ’μὲν
3305 1766 3548 1863 πρώτην.
3583 1792 3705 1863 (ιῖ)

416 1882 629 1938 noster,
685 1881 950 1941 tanquam
1011 1869 1135 1923 fons
1172 1870 1474 1938 sapientia:
1536 1878 1594 1924 et
1636 1868 1894 1938 potentia;
1947 1870 1999 1923 in

415 1962 571 2018 Pauli
650 1978 883 2032 corpore
933 1960 1364 2031 glorificabatur.
1400 1960 1547 2015 Nihil
1604 1976 1734 2015 vero
1794 1963 2000 2028 obstat,

415 2058 549 2126 quin
595 2056 835 2111 doctoris
890 2056 1065 2109 nostri
1096 2055 1261 2109 verba
1302 2064 1358 2110 et
1396 2053 1823 2125 'przedictionem
1871 2054 2004 2109 sub-

409 2146 693 2217 jiciamus.
754 2144 894 2198 Cum
930 2146 1076 2199 enim
1104 2147 1280 2200 altera
1309 2146 1423 2199 vice
1470 2143 1703 2200 Neronis
1735 2145 1999 2201 tribunali

415 2240 726 2304 sisteretur,
792 2246 913 2307 post
989 2239 1219 2307 primam
1286 2238 1622 2308 apologiam,
1683 2238 1996 2306 dimissus;

415 2340 589 2385 altera
619 2346 751 2384 vero
797 2331 885 2385 illa
938 2331 1076 2396 vice,
1133 2332 1355 2401 quando
1392 2330 1631 2386 Neronis
1691 2332 1991 2388 crudelitas

416 2423 643 2476 immani
689 2421 893 2492 impetu
924 2421 977 2474 in
1013 2422 1248 2491 pessima
1298 2436 1531 2490 quaeque
1575 2419 1877 2483 ferebatur,
1920 2421 2001 2474 vi-

418 2524 527 2569 tam
559 2514 742 2586 gladio
766 2514 955 2569 amisit
984 2530 999 2580 ;
1030 2514 1213 2568 dicere
1245 2513 1435 2583 utique
1476 2522 1709 2584 poterat,
1745 2513 2001 2569 Christus

413 2610 468 2662 in
514 2620 748 2677 corpore
795 2621 917 2660 meo
963 2606 1424 2677 magnificabitur,
1480 2608 1599 2663 sive
1658 2622 1755 2679 per
1802 2609 1998 2674 vitam,

413 2702 560 2756 sicut
592 2714 761 2765 nunc,
788 2699 1013 2769 quando
1036 2714 1103 2754 ex
1158 2715 1325 2754 manu
1360 2704 1691 2756 adversante
1736 2711 2001 2757 mortem-

412 2807 521 2861 que
566 2792 872 2845 intentante
900 2806 986 2844 me
1018 2791 1260 2861 eripuit;
1293 2792 1408 2846 sive
1454 2808 1550 2862 per
1583 2804 1841 2860 mortem,
1878 2809 2001 2864 qua:

412 2900 543 2938 mox
574 2891 964 2950 consequetur,
996 2884 1220 2952 quando
1265 2886 1595 2953 agonotheta
1626 2885 1719 2939 ille
1751 2902 1840 2940 me
1880 2901 2000 2939 ma-

412 2976 563 3031 ximo
605 2976 910 3031 certamine
966 2990 1080 3028 non
1112 2976 1390 3030 destituet.
1448 2976 1794 3032 Conveniens
1850 2978 1997 3032 enim

413 3070 590 3124 fuisse
632 3070 872 3131 videtur,
910 3076 971 3123 ut
1014 3068 1216 3124 athleta
1250 3069 1337 3124 hic
1370 3084 1478 3124 non
1510 3080 1638 3125 ante
1688 3071 1994 3135 fatisceret,

417 3175 597 3231 neque
655 3176 905 3225 cursum,
959 3161 1218 3215 humanis
1266 3162 1479 3216 viribus
1534 3164 1879 3231 superiorem
1930 3178 1997 3219 eo

416 3254 614 3308 mortis
645 3268 868 3323 genere,
894 3254 1037 3323 quod
1087 3261 1281 3307 natura
1316 3269 1608 3309 commune
1634 3254 1785 3320 facit,
1826 3256 1998 3309 inter-

418 3355 682 3412 verteret,
720 3346 815 3401 sed
878 3346 959 3400 fas
993 3346 1175 3416 potius
1226 3357 1367 3410 erat,
1406 3354 1465 3401 ut
1510 3346 1629 3417 ipsa
1665 3347 1789 3417 ejus
1822 3363 1998 3412 mors,

415 3438 643 3508 ipseque
677 3439 743 3492 ad
767 3436 1149 3493 desideratum
1200 3439 1488 3509 pricmium
1519 3440 1704 3496 abitus
1757 3448 1811 3495 et
1851 3441 2000 3496 lucta

416 3531 674 3584 humana:
716 3543 927 3584 natura:
972 3531 1119 3585 vires
1149 3540 1461 3601 superaret.
1488 3529 1603 3586 Hoc
1647 3532 1836 3601 igitur,
1871 3534 1996 3599 hoc,

416 3621 665 3689 inquam,
696 3617 926 3685 Paulus,
954 3622 1048 3689 qui
1077 3636 1187 3674 non
1218 3621 1344 3688 sibi,
1382 3622 1478 3677 sed
1510 3621 1738 3678 Christo
1761 3625 1998 3689 vivebat,

415 3718 508 3786 qui
546 3719 805 3773 omnibus
856 3719 1044 3772 omnia
1076 3719 1237 3772 fiebat
1265 3728 1325 3773 et
1349 3729 1491 3787 erat,
1522 3730 1649 3775 ante
1707 3722 1913 3776 indicat
1946 3731 2002 3777 et

416 3814 579 3867 docet
636 3811 964 3881 discipulos,
1025 3827 1094 3866 ne
1152 3812 1363 3867 scilicet
1396 3814 1449 3866 in
1488 3825 1766 3883 posterum
1822 3814 1999 3887 (Pauli

416 3905 565 3959 enim
628 3906 739 3958 vita
798 3920 924 3959 vere
966 3905 1181 3976 insigne
1220 3922 1424 3962 munus
1487 3919 1605 3963 erat
1638 3920 1691 3963 et
1722 3910 1997 3981 praecipua

414 4007 540 4067 post
576 3997 744 4050 Deunt
802 3999 978 4064 salus,
1032 4000 1119 4052 cui
1152 3999 1364 4053 scilicet
1411 4000 1683 4055 malorum
1725 4004 1881 4071 copia
1917 4003 2001 4057 in-

414 4090 561 4145 ﬂicta
614 4089 755 4160 erat)
787 4089 1130 4159 perturbatio
1181 4092 1428 4161 quaedam
1485 4101 1539 4146 et
1574 4096 1865 4163 aagritudo,
1902 4111 2000 4165 spe

416 4184 567 4238 omni
617 4184 852 4252 abjccta,
888 4183 1106 4237 animos
1162 4198 1358 4236 eorum
1398 4186 1753 4254 opprimeret,
1791 4203 1912 4257 quw
1943 4187 1998 4240 in

414 4289 692 4329 summam
734 4289 830 4327 eos
854 4273 1135 4327 tristitiam
1171 4274 1546 4344 praecipitans,
1584 4290 1735 4345 spem
1776 4292 1995 4330 onmem

402 4364 705 4432 'evcrterct,
745 4367 1008 4437 ipsosque
1044 4368 1097 4421 in
1155 4368 1376 4436 pietatis
1413 4370 1599 4425 studio
1656 4385 1853 4441 segnes
1886 4371 1998 4424 elli-

2105 1886 2593 1957 ἀπολογησάμενος
2620 1886 2845 1957 ἠφείθη,
2876 1885 2935 1939 τὸ
2958 1884 3213 1956 δεύτερον
3241 1885 3319 1949 δὲ,
3356 1884 3494 1955 πρὸς
3520 1884 3704 1937 πάντα

2103 1981 2204 2052 τῆς
2264 1980 2516 2051 Νέρωνος
2561 1980 2847 2050 ὠμότητος
2890 1980 3109 2050 ἀσχέτῳ
3154 1977 3304 2049 ῥύμῃ
3346 1977 3703 2047 φερομένης,

2106 2074 2249 2145 ξίφει
2280 2076 2370 2129 τὸν
2405 2075 2522 2145 βίον
2546 2074 2939 2145 ἀπολιμπάνει,
2974 2072 3135 2127 τοῦτο
3164 2071 3258 2125 νῦν
3289 2072 3356 2125 ἂν
3384 2072 3472 2142 εἴη
3498 2070 3699 2138 λέγων,

2103 2169 2187 2222 δτι
2218 2168 2709 2240 Μεγαλυνθήσεται
2733 2167 2971 2241 Χριστὸς
2998 2169 3056 2221 ὲν
3080 2166 3157 2238 τῷ
3188 2165 3403 2237 σώματί
3432 2182 3559 2235 μου,
3588 2165 3703 2216 εἴτε

2104 2261 2196 2315 διὰ
2234 2260 2405 2331 ζωῆς,
2467 2260 2660 2330 ὥσπερ
2716 2261 2813 2315 νῦν
2861 2262 2926 2314 ὲκ
2972 2260 3154 2331 χειρὸς
3189 2256 3550 2328 παλαμναίας
3603 2256 3702 2308 καὶ

2104 2354 2355 2424 φονώσης
2378 2352 2725 2426 ἀφαρπάζων
2754 2371 2842 2425 με,
2872 2353 2983 2406 εἴτε
3011 2352 3103 2405 διά
3135 2351 3392 2412 θανάτου,
3423 2349 3500 2412 ὡς
3534 2348 3699 2401 ὓστε-

2104 2461 2198 2517 ρον
2225 2444 2380 2499 έσται
2402 2486 2418 2511 ,
2461 2446 2597 2516 μηδὲ
2636 2445 2735 2499 τοῦ
2765 2444 3065 2515 κεφαλαίου
3098 2444 3207 2497 τῶν
3237 2443 3418 2499 ἄθλων
3457 2444 3697 2497 ἀποστε-

2104 2536 2327 2610 ροῦντός
2361 2555 2427 2608 με
2459 2537 2555 2591 τοῦ
2598 2537 2960 2607 ἀγωνοθέτου.
3001 2537 3151 2590 Ἔδει
3183 2536 3313 2605 γὰρ,
3349 2535 3427 2597 ὡς
3471 2534 3655 2587 ἔοικεν
3680 2574 3696 2598 ,

2106 2628 2182 2701 μὴ
2217 2632 2637 2701 προαποκαμεῖν
2680 2630 2774 2683 τδν
2815 2630 3078 2702 ἀθλητὴν,
3129 2629 3267 2699 μηδὲ
3309 2629 3402 2681 τὸν
3431 2627 3572 2697 ὑπὲρ
3602 2627 3697 2680 dv-

2102 2722 2320 2794 θρωπον
2343 2722 2543 2795 δρόμον
2562 2722 2726 2794 κοινῷ
2738 2723 2840 2794 τῆς
2864 2722 3081 2792 φύσεως
3097 2720 3425 2790 διακοπῆναι
3451 2720 3693 2788 θανάτῳ,

2102 2815 2239 2868 ἀλλὰ
2268 2817 2363 2869 καὶ
2384 2816 2562 2888 αὐτὴν
2583 2817 2682 2888 τὴν
2707 2817 2844 2887 πρὸς
2869 2817 2930 2869 τὸ
2952 2814 3294 2884 ποθούμενον
3320 2813 3503 2877 ἔξοδον
3524 2807 3693 2865 ἆθλον

2102 2902 2242 2981 εἶναι
2270 2906 2365 2961 καὶ
2389 2909 2677 2979 ἀγώνισμα
2696 2910 2933 2979 κρείττω
2959 2908 3175 2977 φύσεως
3201 2906 3495 2978 γηγενοῦς.
3520 2906 3695 2960 Τοῦτο

2101 2999 2165 3071 δὴ
2196 2996 2311 3062 οὖν,
2340 3000 2501 3053 τοῦτο
2527 3003 2555 3053 ὁ
2596 3002 2671 3073 μὴ
2703 3002 2812 3065 ζῶν
2844 3002 3024 3072 ἐαυτῷ
3051 3042 3064 3065 ,
3109 3001 3248 3055 ἀλλά
3276 3001 3355 3071 τῷ
3390 2999 3639 3070 Χριστῷ,
3667 3002 3696 3053 ὀ

2101 3094 2213 3155 τοῖς
2243 3093 2377 3145 πᾶσι
2412 3094 2591 3146 πάντα
2621 3094 2715 3148 καὶ
2742 3094 3044 3164 γινόμενος,
3076 3095 3170 3147 καὶ⁵
3197 3092 3294 3160 ὣν,
3339 3094 3695 3164 προῦποφαί-

2104 3208 2204 3257 νει,
2232 3194 2327 3244 καὶ
2359 3189 2816 3258 προαναδιδάσκει
2843 3189 2969 3251 τοὺς
2999 3186 3278 3258 μαθητάς,
3310 3187 3399 3241 ἵνα
3441 3188 3515 3256 μὴ
3553 3187 3697 3256 μετά

2102 3283 2275 3337 ταῦτα
2328 3284 2509 3355 (μέγα
2554 3281 2664 3353 γάρ
2697 3276 2765 3349 ἦν
2806 3280 2883 3343 ὡς
2920 3278 3137 3349 ἀληθῶς
3180 3278 3277 3331 καὶ⁷
3316 3276 3509 3349 πρώτη
3553 3279 3698 3348 μετά

2105 3376 2237 3429 Θεὸν
2279 3375 2525 3447 σωτηρία
2555 3375 2588 3445 ἡ
2617 3372 2831 3427 Παύλου
2868 3370 2985 3443 ζωὴ
3012 3370 3108 3424 τοῦ
3149 3370 3322 3433 πάθος
3350 3369 3549 3440 ἀθρόον
3570 3370 3697 3423 δισυ-

2100 3468 2384 3537 δοθέντος)
2417 3466 2645 3538 θόρυόός
2690 3481 2775 3529 τις
2822 3463 2917 3517 καὶ
2971 3463 3210 3533 τάραχος
3258 3460 3338 3531 τῷ
3384 3460 3698 3530 ἀνελπίστῳ

2101 3562 2198 3625 τὰς
2219 3562 2399 3631 ψυχάς
2424 3560 2604 3613 αὐτῶν
2628 3556 2895 3628 διασείσῃ,
2920 3556 3016 3609 καὶ
3038 3557 3118 3618 εἰς
3140 3557 3427 3626 ἀμήχανον
3454 3555 3700 3623 ἀθυμίαν

2102 3652 2356 3723 ἐμϐαλὼν
2394 3653 2574 3704 πᾶσαν
2614 3650 2797 3712 αὐτοῖς
2833 3648 3028 3701 ἐλπίδα
3071 3646 3697 3717 συγκαταστρέψῃμῦ),

2104 3742 2361 3811 καὶπρὸς
2394 3742 2497 3810 τὴν
2527 3739 2811 3793 εὐσέϐειαν
2848 3739 3168 3810 καταστήσῃ
3206 3736 3496 3808 όκνηρούς.
3533 3737 3699 3790 Ἔστι

2101 3835 2159 3889 δὲ
2188 3836 2285 3888 καὶ
2309 3834 2498 3904 ἕτερον
2538 3831 2646 3884 τῶν
2680 3830 2945 3902 ῥημάτων
2985 3831 3226 3901 θηρᾶσαι
3257 3828 3499 3894 σκοπὸν,
3532 3830 3582 3881 εί
3617 3830 3696 3899 μή

2102 3944 2154 3979 τι
2191 3926 2321 3979 ἄλλο
2345 3963 2359 3987 ,
2400 3923 2518 3977 ἀλλ’
2568 3922 2662 3975 οὖν
2708 3921 2861 3992 παρὰ
2907 3920 3043 3974 πόδα
3085 3921 3224 3984 τέως
3262 3921 3582 3991 ὑπάρχοντα
3615 3920 3699 3990 τῷ

2103 4018 2274 4089 ῥητῷ.
2304 4017 2401 4080 Τίς
2427 4012 2522 4070 οὖν
2547 4009 2738 4080 οὖτος;
2784 4016 2874 4077 Ὠς
2896 4013 3148 4079 πάντοτε,
3178 4013 3360 4083 φησιν,
3390 4015 3449 4065 ὲν
3480 4014 3589 4083 ὅλῳ
3615 4014 3698 4086 τῷ

2101 4110 2195 4162 τοῦ
2240 4109 2355 4179 βίου
2392 4108 2723 4178 διαστήματι
2762 4105 3135 4175 ἐμεγαλύνετο
3162 4107 3193 4158 ὁ
3234 4105 3470 4174 Χριστὸς
3517 4106 3579 4156 ἐν
3616 4104 3697 4175 τῷ

2100 4201 2196 4255 τοῦ
2238 4201 2456 4254 Παύλου
2494 4200 2731 4271 σώματι,
2781 4198 3088 4268 πάσχοντος
3118 4196 3217 4267 μὲν
3262 4196 3559 4267 ἀνδρείως,
3597 4199 3698 4251 καὶ

2104 4296 2352 4365 κρεῖττον
2382 4293 2414 4361 ἦ
2461 4294 2604 4346 κατά
2636 4292 2750 4361 βίον
2782 4290 3065 4361 φιλοῦντος
3096 4290 3155 4342 τὸ
3186 4289 3307 4360 ζῇν,
3341 4290 3696 4342 ἀπαλλασσο-

2106 4388 2266 4455 μένου
2294 4378 2359 4439 δὲ
2384 4385 2535 4449 ξένον
2565 4386 2677 4455 (44)
2707 4384 2938 4437 ἀκοῦσαι
2967 4383 3079 4454 (45)
3107 4384 3201 4436 καὶ
3230 4383 3469 4446 ⁶πίστεως
3507 4384 3696 4453 μεῖζον

413 4472 578 4518 ceret.
622 4460 927 4515 Possumus
975 4476 1109 4515 vero
1174 4461 1340 4515 etiam
1397 4463 1565 4516 alium
1623 4464 1815 4517 horum
1873 4479 1997 4518 ver-

2104 4477 2301 4547 θιητῆς
2328 4494 2339 4506 ·
2382 4476 2523 4529 οὕτω
2553 4478 2665 4548 (46)
2700 4477 2795 4529 καὶ
2823 4475 2920 4528 νῦν
2957 4475 3471 4546 μεγαλυνθήσεται,
3508 4476 3603 4529 καὶ
3635 4477 3695 4527 ἐν

413 4558 606 4611 borum
658 4570 883 4623 scopum
946 4553 1298 4623 investigare,
1339 4555 1455 4626 qui,
1488 4564 1547 4610 ut
1595 4558 1704 4610 alia
1764 4566 1996 4622 taceam,

412 4658 540 4702 ante
574 4646 741 4718 pedes
773 4646 988 4717 positus
1019 4655 1155 4699 erat.
1194 4646 1331 4712 Quis
1378 4662 1508 4701 vero
1534 4648 1623 4702 ille
1648 4648 1671 4701 ?
1699 4647 1750 4703 Is
1784 4649 1993 4719 utique,

409 4744 556 4811 quod
619 4740 824 4795 Paulus
850 4740 1020 4803 dicat,
1058 4740 1203 4793 sicut
1236 4738 1493 4793 Christus
1544 4754 1761 4808 semper
1799 4749 1854 4793 et
1903 4755 2001 4807 per

409 4848 633 4886 onmem
669 4833 795 4887 vita:
850 4849 965 4888 sua:
1005 4848 1228 4887 cursum
1288 4832 1346 4885 in
1386 4847 1620 4902 corpore
1644 4848 1746 4887 suo
1786 4833 1999 4900 magni-

410 4930 609 4982 ficatus
666 4927 757 4992 sit,
820 4944 943 4982 cum
984 4925 1201 4981 fortiter
1236 4925 1422 4991 onuiia
1460 4936 1857 4995 perpeteretur,
1910 4926 1988 4980 vi~

414 5033 637 5091 tamque
702 5033 914 5075 amaret
954 5030 1225 5090 prwsente
1284 5019 1747 5089 praestantiorem,
1801 5020 1995 5073 eodem

409 5132 542 5170 vero
583 5128 827 5183 tempore
856 5115 1123 5169 liberatus
1145 5115 1475 5170 insolentius
1502 5115 1732 5185 aliquid,
1766 5124 1819 5169 ct
1846 5131 1995 5170 mor-

414 5211 507 5263 tali
543 5210 646 5263 lide
700 5210 875 5275 majus
932 5210 1278 5277 perciperet;
1339 5207 1413 5264 ita
1456 5223 1605 5263 nunc
1656 5224 1876 5278 quoque
1939 5208 1993 5263 in

412 5302 533 5369 ipso
584 5300 741 5353 lucta:
787 5298 894 5352 fine
928 5298 1181 5353 eumdem
1233 5298 1645 5370 magnificatum
1679 5298 1767 5353 iri.
1816 5297 1993 5353 Glori-

477 5438 519 5468 ⁸⁸
548 5440 666 5492 Act.
700 5454 811 5503 xvr,
845 5436 935 5494 26.

2100 4569 2251 4640 αὐτῷ
2279 4570 2389 4622 τῶν
2429 4570 2828 4639 ἀγωνισμάτων
2868 4568 2946 4639 τῷ
2978 4568 3143 4621 τέλει.
3197 4568 3693 4641 Μεγαλυνθήσεται

2098 4663 2157 4715 δὲ
2190 4662 2254 4715 ἐκ
2279 4680 2338 4716 τε
2376 4662 2467 4716 τοῦ
2504 4663 2577 4733 μὴ
2610 4661 2804 4714 παθεῖν
2842 4652 2933 4714 τὸν
2964 4662 3316 4732 ὑπασπιστὴν
3343 4662 3548 4731 ὁμοίως
3595 4665 3694 4715 καὶ

2102 4757 2166 4809 ἐκ
2194 4755 2287 4807 τοῦ
2318 4755 2526 4808 παθεῖν.
2560 4755 2750 4807 ’Ἡκων
2784 4752 2893 4823 γὰρ
2920 4755 2947 4806 ὁ
2969 4752 3233 4821 γεννάδας
3262 4746 3419 4815 οὗτος
3442 4754 3530 4806 ἐπ’
3560 4755 3695 4805 αὐτὸ

2100 4850 2161 4901 τὸ
2200 4848 2515 4901 τελευταῖον
2567 4848 2783 4901 στάδιον
2827 4846 2937 4900 τῶν
2967 4846 3145 4899 ἄθλων
3170 4887 3183 4910 ,
3219 4846 3443 4915 ἀφίεται
3482 4848 3583 4916 μὲν
3622 4848 3691 4899 τά

2106 4940 2303 5011 πρῶτα
2335 4941 2429 4994 τοῦ
2461 4941 2692 4995 θανάτου
2727 4940 2823 4992 καὶ
2850 4941 2953 5011 τῆς
2990 4939 3227 5010 σφαγῆς,
3260 4939 3405 5011 λόγῳ
3429 4939 3691 5009 ἀληθείας

2105 5035 2199 5086 καὶ
2240 5032 2433 5105 γνώμῃ
2470 5033 2712 5087 θεοσεόεῖ
2744 5033 3138 5101 διαλυσάμενος
3175 5032 3274 5096 τὰς
3301 5033 3516 5095 αἰτίας,
3554 5033 3691 5101 μᾶλ-

2108 5124 2198 5177 λον
2228 5125 2284 5177 δὲ
2314 5126 2412 5196 τῆς
2445 5126 2887 5197 παντοκράτορος
2915 5125 3426 5195 φιλοτιμησαμένης
3451 5126 3691 5179 ἐνταῦθα

2104 5216 2305 5281 δεξιᾶς,
2352 5220 2447 5271 καὶ
2481 5218 2724 5287 δηλονότι
2758 5217 3123 5290 ἐμεγαλύνετο
3150 5218 3207 5269 ὲν
3233 5217 3311 5287 τῷ
3341 5216 3556 5271 Παύλου
3584 5218 3691 5269 σώ-

2108 5324 2237 5376 ματι
2271 5309 2299 5359 ὁ
2333 5308 2586 5378 Χριστός.
2620 5307 2788 5361 Πάλιν
2831 5308 2887 5361 δὲ
2924 5308 2985 5360 τὸ
3012 5307 3284 5377 δεύτερον*
3328 5308 3390 5361 ού
3431 5307 3542 5377 γάρ
3583 5307 3690 5361 ἔδει

1937 5536 2171 5594 ΝΟΤΔΕ.

464 5630 592 5717 ’(ἰὲ)
619 5629 851 5702 Πρώτην
882 5630 1064 5685 addidi
1112 5647 1178 5684 ex
1209 5630 1451 5697 Colbcrt,
1484 5630 1644 5687 Conf.
1676 5633 1719 5687 Π
1754 5633 1896 5690 Tim.
1922 5652 1992 5701 tv,

415 5702 499 5755 I6.

481 5775 593 5843 (45)
628 5774 733 5830 Pro
762 5774 1261 5845 συγκαταστρέψει,
1300 5786 1357 5831 ttt
1392 5792 1516 5830 mox
1565 5777 1917 5845 καταστήσει.

2172 5634 2283 5705 (Η)
2321 5634 2477 5688 Colb.
2514 5648 2613 5703 pro
2639 5633 2780 5697 ζέον.

2168 5708 2280 5775 (45)
2326 5707 2685 5767 ’Λκούσαντος
2725 5705 2934 5769 malim,
2960 5721 3025 5761 ex
3060 5720 3253 5760 vocum
3305 5712 3614 5760 struetura.

2172 5778 2282 5847 (46)
2307 5778 2398 5833 Sic
2427 5778 2581 5834 Colb.
2620 5791 2718 5847 pro
2746 5776 2919 5833 οὔπω.
