3880 6206
233 304 337 370 705
1230 310 1325 371 AD
1353 309 1947 375 AMPHILOCHIUM
1982 312 2330 386 QUIESTIO
2369 302 2574 374 CXXI.
3405 311 3509 375 706

230 413 295 465 τι
319 410 451 482 περὶ
480 411 570 465 τὸν
598 409 807 466 Παῦλον
837 411 1025 485 θαῦμα
1056 414 1371 487 φιλοτιμίας
1402 400 1565 487 μόνον
1594 418 1805 489 ὁρᾶσθα

1934 419 2182 475 ficandus
2220 420 2405 489 itaque
2431 430 2549 475 erat
2577 417 2857 486 Christus,
2893 418 3011 475 sive
3042 419 3134 476 ille
3166 420 3260 476 Dei
3290 423 3513 479 satelles

229 500 571 571 Δεσποτικῆς
594 542 611 568 ,
640 501 747 556 ἔδει
791 502 849 557 δὲ
894 502 1004 575 ἄρα
1034 504 1129 558 καὶ
1160 506 1229 558 τὰ
1255 506 1465 560 ἐκείνου
1494 506 1806 577 ἐναστράψα

1930 520 2211 582 pateretur
2239 512 2470 581 aliquid,
2524 513 2638 568 sive
2661 512 2867 568 minus.
2926 512 3196 569 Strenuus
3235 514 3384 568 enim
3420 516 3514 571 ille

228 592 638 667 λαμπρότερον.
686 595 890 651 Λοιπὸν
926 596 1095 667 ὁμόσε
1129 598 1267 669 πρὸς
1292 599 1473 653 πάντα
1502 599 1594 655 διὰ
1630 601 1694 654 τὸ
1728 603 1810 672 κή⁴

1924 604 2152 668 athleta,
2192 604 2444 659 ultimum
2506 604 2825 660 certaminis
2888 606 3133 660 stadium
3204 604 3508 678 ingressus,

225 702 414 757 ρυγμα
453 688 642 759 χωρεῖ,
672 687 769 743 καὶ
803 688 971 743 αὑτοῦ
1007 689 1099 744 τοῦ
1128 688 1313 759 ξίφους
1333 730 1349 757 ,
1387 693 1481 746 καὶ
1521 693 1692 761 αὑτῆς
1720 693 1810 764 τῆς

1923 696 2160 767 primum
2191 697 2411 767 quidem
2442 712 2475 753 a
2501 706 2677 753 morte
2708 706 2764 753 et
2794 698 2942 755 caede
2974 698 3331 765 liberabatur,
3360 711 3511 771 post-

228 779 444 847 σφαγῆς
487 779 793 850 ὑπερορῶν,
832 783 927 835 καὶ
963 782 1127 853 μόνον
1174 783 1271 837 ἕνα
1320 783 1535 839 διώκων
1577 786 1810 839 σκοπὺνε

1922 805 2086 858 quam
2111 790 2326 860 objecta
2358 790 2595 845 crimina
2637 791 2804 847 verbo
2833 792 3085 848 veritatis
3130 792 3346 863 piisque
3380 811 3512 849 sen—

226 870 406 924 πάντα
432 870 662 942 δεύτερα
687 873 787 942 τῆς
828 874 1088 948 ἀληθείας
1123 876 1391 950 ἐλέγχειν,
1424 878 1521 933 καὶ
1558 879 1697 950 πρὸς
1723 878 1810 931 τὸν

1926 880 2113 936 tentiis
2158 881 2433 949 diluisset,
2470 881 2557 937 vel
2589 883 2986 953 omnipotentis
3032 883 3220 952 potius
3252 885 3511 943 Numinis

226 963 631 1034 κηρυττόμενον
659 966 918 1037 ῥεόμενον
947 968 1045 1022 τοῦ
1075 969 1312 1039 αἵματος
1347 971 1628 1039 ἀπελθεῖν,
1659 960 1727 1025 δι’
1754 966 1810 1025 οὗ

1924 971 2117 1027 dextra
2185 973 2614 1030 intercessisset.
2673 974 2833 1031 Tunc
2885 977 3079 1047 utique
3135 977 3394 1033 Christus
3453 979 3509 1036 iu

221 1056 470 1125 δηλονότι
505 1058 671 1114 πάλιν
703 1062 1072 1133 ἐμεγαλύνετο
1112 1068 1141 1119 ὁ
1170 1067 1428 1138 Χριστός.

1927 1079 2162 1135 corpore
2191 1067 2347 1123 Pauli
2381 1067 2858 1137 magniﬁcabatur.
2893 1069 3042 1125 Idem
3089 1086 3222 1125 vero
3262 1069 3428 1126 fiebat
3454 1081 3506 1125 et

216 1153 397 1211 altera
430 1159 569 1214 vice.
604 1158 793 1233 Neque
828 1162 978 1218 enim
1014 1164 1296 1235 singulare
1326 1175 1379 1219 et
1411 1163 1798 1220 admirandum
1840 1163 2054 1219 Domini
2080 1163 2326 1218 studium
2382 1164 2437 1219 in
2468 1163 2643 1220 Paulo
2711 1166 2960 1236 conspici
3021 1176 3259 1233 tantum,
3305 1168 3402 1223 sed
3454 1176 3508 1223 et

223 1250 399 1319 ipsius
456 1252 611 1311 Pauli
661 1272 752 1313 res
805 1258 1008 1314 clarius
1061 1260 1301 1316 emicare
1349 1262 1642 1317 debebant.
1708 1261 2001 1331 Reliquum
2044 1259 2228 1330 itaque
2307 1269 2448 1325 erat,
2507 1270 2568 1316 ut
2612 1260 2729 1331 ipse
2769 1272 2992 1333 propter
3028 1261 3309 1331 Evangelii
3364 1277 3507 1332 prm-

224 1345 445 1399 conium
475 1347 661 1403 omnia
692 1350 1010 1419 sustineret,
1040 1351 1331 1423 ipsumque
1363 1353 1503 1408 adeo
1534 1352 1798 1423 gladium,
1839 1360 1896 1406 et
1922 1365 2116 1406 necem
2176 1351 2353 1421 ipsam
2411 1349 2850 1421 parvipenderet,
2897 1359 2952 1407 et
3012 1352 3080 1407 ad
3148 1366 3321 1407 unum
3378 1362 3503 1407 tan-

230 1445 346 1491 tum
399 1454 628 1512 scOpum
688 1447 1032 1503 contendens
1066 1448 1252 1504 omnia
1307 1449 1415 1505 sibi
1482 1450 1714 1504 veritate
1761 1447 2027 1503 inferiora
2093 1462 2221 1504 esse
2259 1447 2597 1512 ostenderet,
2636 1455 2807 1518 atque
2871 1448 3011 1504 adeo
3069 1448 3335 1520 sanguine
3386 1460 3503 1504 ma-

224 1534 363 1591 dens
384 1537 454 1592 ad
502 1554 652 1606 eum,
680 1556 843 1612 quem
869 1543 1284 1613 praedicaverat,
1320 1555 1661 1616 properaret.
1696 1541 1811 1600 Hoc
1850 1559 1982 1600 vero
2012 1546 2134 1615 ipso
2163 1542 2420 1599 Christus
2449 1542 2650 1599 iterum
2684 1543 3170 1615 magniﬁcabatur.

732 1655 1068 1712 ΕΡΩΤΗΣΙΣ
1106 1658 1286 1714 ΡΚΑ’.

224 1748 367 1804 Τίνα
406 1742 487 1819 ἦν
538 1747 611 1801 τὰ
655 1748 1042 1821 ὑστερήματα
1089 1749 1201 1821 τοῦ
1244 1749 1530 1820 Χριστοῦ,
1573 1750 1724 1821 ἅπερ
1774 1753 1809 1807 ό

676 1819 919 1886 Παῦλος
941 1819 1306 1889 ἐπλήρωσεν
1326 1832 1367 1885 ;‘

1908 1656 2237 1730 QUIESTIO
2290 1658 2457 1715 CXXI
2512 1657 2708 1733 [CoisL
2748 1658 2990 1726 CXLIII,
3046 1658 3214 1716 Taur.
3264 1657 3499 1732 CXLII].

1950 1752 2084 1819 Qua:
2126 1752 2344 1823 fuerunt
2377 1754 2509 1825 illa,
2546 1769 2665 1823 qua:
2702 1751 3205 1825 Christojeerant,
3249 1768 3469 1825 qumque

2370 1822 2575 1880 Paulus
2616 1823 2897 1893 complevit
2930 1822 2998 1855 ⁸⁸·
3026 1823 3052 1877 ἳ

864 1931 1117 1983 Editarum
1141 1946 1169 1981 ει
1194 1932 1374 1983 Wolﬁo
1395 1939 1539 1984 sexta
1564 1934 1619 1997 (ι.
1644 1914 2029 1997 c.,p.719o726.
2054 1935 2279 1987 Galland.
2306 1950 2356 2001 p.
2381 1937 2494 2000 719,
2513 1936 2625 1999 πει,
2648 1951 2698 1986 n.
2724 1937 2830 1999 22;.

293 2016 418 2072 Τῶν
464 2016 842 2071 ἀποστολικῶν
906 2018 1171 2089 ῥημάτων
1217 2020 1250 2091 ἡ
1288 2018 1617 2090 προτεθεῖσα
1662 2037 1810 2091 trepi-

1990 2021 2278 2095 Proposita
2308 2023 2426 2078 haec
2450 2023 2741 2079 verborum
2783 2020 3029 2092 Apostoli
3080 2021 3253 2078 series
3294 2021 3499 2092 duplici

214 2112 366 2183 κοπὴ
422 2111 616 2181 διπλῆν
664 2111 963 2184 ἐκφέρεται
1009 2112 1249 2177 διανοίας
1292 2113 1433 2168 ὁδόν.
1484 2114 1551 2167 Οἱ
1602 2114 1702 2184 μὲν
1747 2113 1809 2166 τὸ

216 2205 512 2275 ὑστέρημα
541 2203 798 2267 λαϐόντες
827 2203 1003 2268 οὕτως
1036 2203 1226 2269 ἁπλῶς
1251 2246 1267 2272 ,
1300 2204 1375 2269 ὡς
1417 2204 1479 2259 τὸ
1520 2206 1810 2277 πρόχειρον

218 2296 522 2351 ὑποϐάλλει
554 2298 655 2365 τῆς
690 2296 896 2367 φωνῆς,
917 2297 1055 2367 φασὶ
1085 2296 1178 2350 τὸν
1207 2296 1500 2353 θεσπέσιον
1525 2297 1811 2369 εἰρηκέναι

212 2385 460 2451 Παῦλον,
492 2387 575 2440 ὅτι
616 2386 697 2440 Τὰ
733 2386 1095 2457 ὑστερήματα
1129 2385 1238 2441 τῶν
1268 2386 1503 2458 θλίψεων
1536 2387 1631 2441 τοῦ
1675 2389 1813 2458 Χρι-

215 2477 351 2532 στοῦ
391 2478 450 2531 ἐν
473 2481 539 2549 τῇ
578 2477 744 2549 σαρκί
783 2494 886 2548 μου
921 2477 1327 2550 ἀνταναπληρῶ
1361 2479 1500 2549 (47),
1531 2478 1631 2533 καὶ
1684 2478 1811 2549 βού-

210 2568 413 2624 λεσθαι
438 2567 655 2639 δηλοῦν,
682 2568 757 2633 ὡς
784 2569 852 2623 El.’
876 2585 931 2622 τι
958 2570 1173 2624 ἐνέλιπε
1200 2570 1436 2640 Χριστὸς
1462 2570 1557 2624 τοῦ
1593 2570 1810 2636 παθεῖν,

212 2659 337 2729 ἐγὼ
360 2662 418 2715 ἐν
445 2660 523 2731 τῷ
548 2659 767 2730 σώματι
805 2678 909 2731 μου
938 2662 1344 2733 ἀνταναπληρῶ
1383 2664 1518 2734 (48)“
1561 2665 1657 2719 καὶ
1686 2681 1813 2717 συν-

212 2752 579 2823 επισχὺοντες
602 2752 717 2825 (49)
741 2753 841 2824 τὴν
869 2752 1111 2809 διάνοιαν
1138 2754 1365 2827 ταύτην,
1394 2755 1630 2828 Ὠσπερ,
1652 2755 1809 2825 φασὶ,

208 2843 433 2897 δέδοται
483 2845 599 2907 τοῖς
669 2843 992 2909 ἀποστόλοις
1055 2845 1279 2916 μείζονα
1342 2845 1516 2899 τελεῖν
1574 2846 1608 2916 ἢ
1669 2845 1814 2900 κατά

214 2931 465 3005 Χριστὸν
495 2935 721 3004 σημεῖα·
762 2934 858 2987 καὶ
884 2935 1071 3000 πάλιν,
1109 2935 1326 3007 Ὥσπερ
1351 2936 1513 2999 αὑτὸς
1542 2937 1570 2988 ὁ
1595 2936 1810 3000 Παῦλος

218 3025 422 3096 δρᾶται
467 3026 580 3080 τῶν
609 3026 962 3080 Δεσποτικῶν
1004 3027 1238 3082 ἐντολῶν
1267 3026 1598 3097 ὑψηλότερον
1623 3044 1675 3080 τι
1700 3027 1815 3081 δια-

214 3115 600 3187 πραττόμενος
625 3133 639 3146 °
660 3116 780 3183 ἐξὸν
801 3118 916 3189 (50)
941 3116 1051 3189 γὰρ
1080 3117 1232 3189 αὑτῷ
1262 3120 1327 3172 ἐκ
1350 3117 1447 3172 τοῦ
1477 3117 1815 3187 Εὑαγγελίου

215 3208 523 3278 ⁴ερέιιοεσθσιι
564 3208 664 3261 οὑκ
707 3206 1009 3280 ἐτρέφετοο
1042 3209 1138 3261 καὶ
1184 3207 1412 3262 τοιαῦτα
1441 3208 1608 3278 ἕτερά
1651 3224 1811 3264 τινα·

1912 2117 2126 2170 ratione
2152 2114 2470 2184 exponitur.
2497 2113 2605 2168 Alii
2628 2114 2775 2169 enim
2802 2128 2990 2168 vocem
3023 2112 3315 2184 ὑστέρημα
3332 2128 3499 2169 sensu

1911 2205 2344 2277 simplicissime,
2382 2204 2477 2276 qui
2512 2204 2755 2261 maxime
2786 2204 2982 2260 obvius
3015 2213 3119 2270 est,
3141 2205 3498 2276 accipientes,

1911 2299 2161 2355 divinum
2191 2297 2423 2354 Paulum
2461 2305 2713 2355 statuunt
2730 2297 2935 2354 dixisse
2969 2313 3030 2353 se
3081 2297 3346 2368 reliquias
3376 2314 3502 2367 per—

1913 2393 2235 2463 pessionutn
2286 2390 2493 2447 Christi
2546 2391 2795 2447 vicissim
2856 2389 2914 2445 in
2948 2404 3183 2460 corpore
3233 2406 3335 2446 suo
3370 2403 3498 2445 esse

1914 2484 2317 2555 suppletur-um,
2387 2491 2553 2553 atque
2583 2482 2719 2537 adeo
2775 2480 2829 2536 id
2892 2479 3000 2537 sibi
3047 2479 3224 2536 velle:
3256 2480 3314 2535 Si
3359 2478 3496 2550 quid

1910 2575 2167 2629 Christus
2201 2574 2256 2627 in
2297 2572 2652 2643 perpessione
2690 2586 2791 2626 sua
2840 2570 3115 2641 reliquum
3170 2570 3387 2638 fecerit,
3444 2570 3501 2625 id

1914 2678 2017 2734 ego
2060 2665 2378 2734 incorpore
2419 2677 2542 2717 meo
2602 2661 2858 2731 suppleo.
2891 2660 3045 2717 Hanc
3098 2661 3500 2731 expositionem

1916 2754 2297 2809 confirmaturi
2330 2755 2487 2809 aiunt
2514 2772 2529 2808 :
2553 2751 2712 2808 Sicut
2734 2751 2997 2822 Apostolo
3028 2761 3268 2822 potestas
3293 2751 3501 2817 major!

1913 2846 2121 2903 Christi
2180 2846 2290 2901 illis
2342 2843 2608 2901 miracula
2654 2843 2902 2913 patrandi
2958 2842 3101 2898 facta
3173 2850 3299 2911 est;
3356 2843 3502 2899 sicut

1914 2943 2080 2993 etiam
2114 2937 2317 2994 Paulus
2362 2937 2478 3008 ipse
2514 2937 2751 3007 amplius
2798 2934 3027 3006 aliquid,
3082 2950 3248 3006 quam
3282 2935 3503 2991 Demin‘.

1916 3037 2186 3101 praecepta
2259 3028 2629 3099 postulabant,
2693 3028 2949 3099 praestitit
3019 3029 3168 3097 (cum
3222 3029 3370 3085 enim
3432 3042 3502 3083 ex

1917 3118 2197 3189 Evangelii
2225 3120 2501 3190 praeconio
2544 3120 2692 3175 alere
2724 3135 2784 3175 se
2827 3119 3121 3191 potuisset,
3177 3133 3288 3174 non
3318 3127 3504 3174 tamen

1919 3208 2048 3265 inde
2082 3224 2143 3266 se
2166 3209 2323 3280 aluit)
2352 3225 2368 3264 :
2392 3209 2487 3276 ita,
2516 3220 2578 3264 ut
2600 3208 2707 3265 alia
2739 3209 2827 3266 his
2847 3210 3051 3265 similia
3074 3217 3384 3275 taceantur,
3411 3223 3506 3267 re-

213 3297 373 3352 υὺτω
419 3300 514 3354 καὶ
546 3301 616 3355 τὰ
664 3300 1025 3372 ὑστερήματα
1072 3297 1168 3354 τοῦ
1204 3299 1477 3354 Δεσπότου
1508 3300 1587 3373 τῷ
1628 3300 1810 3372 οἰκείῳ

1922 3299 2125 3372 liquias
2151 3299 2369 3356 Domini
2401 3301 2457 3356 in
2491 3316 2595 3356 suo
2642 3314 2879 3371 corpore
2930 3299 3203 3372 supplevit
3224 3300 3294 3356 ⁸⁸.
3324 3302 3506 3372 Atque

215 3392 538 3464 ἀνεπλήρου
589 3393 826 3465 σώματι.
870 3393 1015 3447 Ἀλλ’
1066 3392 1210 3448 οὑτω
1258 3394 1358 3465 μὲν
1401 3372 1810 3465 τεθεωρήκασιν

1920 3394 1992 3449 ita
2018 3393 2243 3464 quidem
2280 3393 2531 3450 sentiunt
2576 3392 2852 3448 nonnulli.
2879 3392 2988 3448 Alii
3020 3408 3150 3450 vero
3176 3409 3287 3449 non
3320 3392 3504 3449 feren-

215 3484 383 3537 ἔνιοι.
435 3485 499 3537 Oi
550 3485 608 3538 δὲ
642 3486 872 3540 αὐτόθεν
900 3486 1039 3559 βαρὺ
1077 3485 1393 3556 νομίζοντες
1436 3487 1499 3540 τὸ
1550 3486 1814 3557 στερῆσαι

214 3592 374 3638 τινος
402 3575 515 3646 (51)
542 3577 632 3630 τὸν
660 3579 899 3648 Χριστὸν
946 3579 1007 3633 ἐν
1038 3577 1117 3649 τῷ
1148 3578 1365 3633 παθεῖν·
1416 3579 1482 3631 Τί
1508 3579 1616 3647 γὰρ
1636 3576 1811 3647 ὠφει-

215 3668 339 3733 λεν,
371 3671 424 3725 τι
456 3670 504 3724 δ’
534 3672 634 3743 οὑχ
666 3670 879 3743 ὑπέστη
908 3671 1372 3744 ἐπηρεαζόμενος,
1394 3671 1814 3742 χλευαζόμενος.

215 3762 528 3826 ἐπιϐουλὰς
559 3763 766 3834 φέρων,
802 3763 1024 3835 ἐνέδρας
1047 3807 1064 3831 ,
1093 3762 1307 3835 ὕϐρεις,
1335 3762 1511 3834 ὀνείδη
1533 3803 1549 3830 ,
1580 3762 1811 3829 οἴκοθεν,

212 3853 452 3920 ἔξωθεν,
486 3856 583 3909 καὶ
615 3856 677 3909 τὸ
702 3856 1040 3923 τελευταῖον,
1070 3856 1306 3927 σταυρὸν
1349 3856 1443 3909 καὶ
1489 3854 1813 3924 κακούργων

216 3946 464 3999 θάνατον
491 3945 584 4013 ;Ὀ
612 3945 677 4018 δὴ
706 3947 880 4002 ταῦτα
912 3946 1122 4014 παθὼν,
1154 3946 1337 4001 καίτοι
1365 3946 1549 4018 ῥᾴδιον
1580 3945 1721 4016 ἔχων
1751 3943 1814 3998 τὸ

217 4042 447 4112 φυγεῖν,
481 4041 574 4096 καὶ
600 4039 782 4096 πάντα
805 4042 1012 4113 προῖκα
1037 4039 1135 4094 καὶ
1164 4037 1375 4112 δωρεὰν
1405 4038 1474 4091 δι’
1505 4039 1675 4108 ἡμᾶς,
1696 4034 1814 4101 πῶς

217 4138 532 4208 ὑστερῆσαι
560 4135 761 4205 λέγοιτ’
789 4134 855 4189 ἄν
883 4149 1027 4197 τινος
1047 4172 1065 4195 ,
1095 4132 1131 4203 ἢ
1175 4131 1507 4202 παραλιπεῖν
1535 4129 1696 4194 ὅλως,
1737 4123 1815 4184 ὧν

214 4229 336 4283 ἔδει
374 4229 605 4295 παθετν;
636 4228 710 4282 Τὸ
751 4226 809 4280 δὲ
851 4225 1082 4297 δύναμιν
1112 4224 1302 4279 λαϐεῖν
1338 4223 1561 4295 μείζονα
1600 4222 1812 4295 τέρατα

216 4322 428 4386 τελεῖν,
482 4321 531 4373 εἰ
584 4322 661 4391 μὴ
691 4320 927 4391 Χριστὸς
976 4317 1141 4381 αὑτὸς
1188 4312 1258 4387 ἧν
1303 4315 1332 4369 ὁ
1378 4316 1479 4386 τῆς
1528 4315 1813 4384 δυνάμεως

214 4413 466 4486 χορηγὸς
491 4455 507 4479 ,
542 4416 604 4465 οὑ
656 4413 757 4481 τὴν
816 4409 1120 4481 εἰρημένην
1158 4408 1330 4478 μόνην
1377 4405 1619 4459 διάνοιαν
1653 4421 1812 4476 περι-

214 4505 423 4576 θάλψοι
466 4505 552 4567 ἂν,
600 4504 738 4558 ἀλλὰ
766 4505 863 4558 καὶ⁹
898 4500 1257 4571 ἀτοπωτέραν
1285 4499 1467 4570 πολλῷ
1498 4498 1813 4568 δυσφημίαν

213 4597 645 4669 ἀναῤῥιπίσειεν
680 4596 792 4669 (52)
828 4596 915 4660 ἂν,
949 4590 1019 4668 ἧς
1097 4593 1206 4663 φυὴ
1235 4592 1349 4662 (55)
1379 4582 1558 4662 (ῥίζης
1585 4590 1696 4661 γὰρ
1719 4592 1812 4643 ἐκ·

204 4691 456 4759 φύονται
485 4691 584 4760 τῆς
618 4688 826 4759 αὐτῆς)
855 4685 994 4761 πρὸς
1023 4686 1121 4756 τὴν
1149 4684 1510 4755 ἡγησαμένην
1542 4683 1812 4754 ἀναφέρε-

215 4791 353 4835 σθαι
403 4782 590 4835 δικαία
636 4783 806 4845 ἐστὶν,
858 4779 955 4833 καὶ
1005 4777 1129 4848 οὐχὶ
1171 4777 1280 4830 τῶν
1330 4776 1717 4846 λαμϐανόντων
1748 4773 1810 4828 τὸ

212 4875 435 4947 θαῦμα,
463 4874 579 4927 ἀλλ’
613 4877 645 4945 ὴ
687 4872 782 4927 τοῦ
811 4870 1175 4943 χορηγοῦντος
1202 4870 1384 4940 χάρις,
1414 4869 1505 4922 τοῦ
1534 4866 1808 4940 θαυμάζεα

213 4967 353 5023 σθαι
383 4966 484 5035 τὴν
516 4964 823 5036 ὑπερϐολὴν
858 4963 993 5033 ἕχει.
1018 4962 1140 5014 Ὀτι
1167 4960 1224 5013 δὲ
1254 4962 1317 5013 ἐκ
1346 4959 1441 5013 τοῦ
1470 4957 1805 5028 Εὑαγγελίου

291 5082 364 5114 ⁸⁸·
395 5081 612 5138 Coloss.
642 5098 681 5146 ι,
709 5080 798 5134 24.
876 5079 920 5111 ⁸⁸
953 5078 971 5132 l
1007 5076 1132 5132 Cor.
1171 5092 1250 5142 ιχ,
1279 5076 1366 5141 14,
1397 5076 1483 5128 l5.

1914 3488 2046 3543 dum
2100 3495 2318 3557 putant,
2355 3496 2415 3540 ut
2442 3487 2509 3541 de
2541 3485 2744 3539 Christi
2798 3486 3152 3555 perpessione
3200 3485 3506 3557 quidquam

1914 3579 2276 3634 diminuatur.
2304 3576 2455 3655 Quid
2488 3578 2638 3631 enim
2674 3578 2769 3632 ille
2801 3578 2913 3646 pati
2951 3577 3159 3642 debuit,
3205 3578 3353 3647 quod
3391 3592 3503 3633 non

1914 3668 1987 3724 sit
2037 3682 2356 3737 perpessus,
2389 3667 2698 3723 maledictis
2736 3666 2988 3731 obrutus,
3043 3667 3288 3735 delusus,
3316 3670 3502 3739 pravis

1913 3758 2185 3823 consiliis,
2218 3757 2457 3823 insidiis,
2488 3756 2733 3828 injuriis,
2761 3756 3001 3827 probris,
3032 3764 3145 3812 tum
3180 3759 3353 3822 domi,
3382 3768 3502 3813 tum

1913 3851 2071 3918 foris,
2128 3852 2429 3922 expositus,
2467 3850 2706 3921 denique
2737 3864 2870 3905 vero
2928 3865 3175 3919 crucem,
3229 3851 3504 3908 maleﬁco-

1914 3957 2036 3999 rum
2076 3942 2431 4013 supplicium,
2486 3941 2773 3997 tolerans?
2832 3940 2938 4008 Qui
2993 3956 3128 3997 vero
3188 3942 3325 3998 talia
3372 3958 3503 4014 per-

1914 4051 2115 4108 pessus
2134 4045 2237 4103 est,
2268 4050 2392 4107 quae
2412 4035 2652 4105 effugere
2684 4033 2846 4091 facile
2866 4042 3105 4107 poterat,
3126 4034 3294 4107 idque
3314 4044 3503 4093 nostra

1917 4137 2128 4183 tantum
2182 4143 2371 4191 causa,
2431 4127 2708 4198 quomodo
2762 4126 2812 4183 is
2857 4127 3082 4183 destitui
3138 4127 3348 4198 aliquo,
3409 4137 3506 4181 aut

1919 4218 2217 4289 quidquam
2250 4218 2523 4287 reliquum
2563 4216 2761 4271 fecisse
2786 4214 3044 4270 dicatur?
3078 4213 3233 4280 Quod
3262 4228 3394 4267 vero
3420 4214 3505 4268 di-

1918 4313 2062 4366 citur
2093 4309 2407 4365 facultatem
2445 4307 2726 4378 accepisse
2750 4308 2963 4376 majora
2994 4306 3258 4361 miracula
3278 4304 3501 4369 edendi,

1917 4406 2023 4460 nisi
2060 4401 2319 4459 Christus
2336 4399 2615 4455 facultatis
2643 4399 2789 4453 illius
2816 4411 3007 4451 auctor
3030 4397 3101 4452 sit
3126 4408 3181 4451 et
3211 4396 3500 4461 habeatur,

1919 4498 1971 4553 id
1999 4499 2222 4568 quidem
2276 4510 2382 4550 non
2416 4495 2591 4550 solum
2626 4494 2799 4558 illam,
2830 4508 2993 4561 quatn
3039 4490 3200 4544 modo
3235 4488 3500 4549 diximus,

1917 4591 2318 4662 expositionem
2355 4587 2539 4643 fovere
2562 4587 2758 4658 possit,
2794 4584 2889 4640 sed
2925 4584 3089 4637 aliam
3128 4596 3348 4651 quoque
3374 4594 3504 4635 sen-

1919 4682 2172 4747 tentiam,
2218 4680 2307 4733 illa
2366 4678 2806 4739 insolentiorem,
2857 4676 3017 4745 cujus
3048 4673 3207 4742 origo
3254 4676 3309 4725 et
3360 4668 3503 4723 ratio

1920 4773 2008 4843 (ex
2037 4773 2227 4828 eadem
2264 4771 2410 4825 enim
2452 4780 2688 4839 utraque
2715 4768 2900 4822 radice
2930 4777 3057 4820 nata
3103 4769 3206 4834 est)
3246 4763 3313 4817 ad
3342 4770 3502 4815 ante-

1919 4865 2199 4920 cedentem
2254 4863 2402 4919 illam
2441 4861 2633 4916 referri
2688 4860 2887 4916 debet!
2957 4856 3179 4912 Scilicet
3213 4872 3321 4910 non
3353 4854 3498 4919 illos,

1918 4960 2011 5028 qui
2046 4959 2364 5013 facultatem
2396 4955 2539 5010 hanc
2570 4963 2925 5024 acceperunt,
2959 4952 3218 5007 admirari
3262 4958 3499 5022 oportet,

1748 5189 1979 5247 ΝΟΤᾸΞ.

288 5324 591 5395 (47)(3011).
617 5338 718 5393 pro
757 5319 1078 5395 dvenit-md),
1109 5328 1255 5395 recte
1287 5317 1526 5395 quidem.
1556 5315 1633 5369 ita
1664 5317 1810 5395 enim

212 5385 446 5454 codices
472 5385 717 5465 plerique
768 5385 1376 5459 lcguutflectiouisque
1434 5387 1595 5456 hujus
1626 5385 1810 5439 vilica-

213 5469 372 5523 ciam
406 5467 602 5520 Noster
630 5479 756 5517 mox
788 5469 963 5537 urget.
1128 5531 1135 5537 _
1438 5529 1450 5537 _
1592 5526 1603 5537 ‘
1692 5526 1722 5537 η
1773 5527 1783 5537 ,

296 5538 414 5605 (48)
442 5537 519 5590 lta
560 5540 756 5589 iterum
779 5526 932 5587 Colb.
963 5546 1059 5601 pro
1086 5531 1279 5605 altero,
1308 5529 1451 5599 quod
1480 5526 1644 5605 modo
1672 5526 1809 5582 dixi.

288 5600 417 5681 (49)
452 5607 732 5681 Coib._pro
764 5600 1315 5671 συνεπαισχὺνοντες,
1348 5601 1495 5669 quod
1525 5600 1630 5652 huc
1655 5612 1810 5666 pror-

215 5676 322 5736 sus
348 5692 457 5732 non
483 5676 733 5747 quadrat.

288 5749 412 5820 (50)
451 5734 568 5813 ἐξὸν
600 5744 797 5815 scripsi
836 5757 958 5815 pro,
981 5741 1042 5807 ἐξ
1066 5734 1163 5797 ὧν.
1194 5740 1355 5798 Conf.
1382 5749 1496 5795 not.
1535 5739 1622 5794 54.

531 5861 975 5944 PATROL.‘GB.
995 5857 1097 5921 Cl.

1993 5312 2106 5383 (Si)
2140 5312 2219 5366 ita
2266 5311 2612 5366 scribendum
2645 5309 2829 5381 putavi
2868 5308 3099 5383 ριό,τοῦ
3132 5306 3496 5383 στερῆσαι-τι,

1920 5378 2067 5453 quod
2090 5378 2269 5438 'Coisl.
2306 5392 2358 5437 ct
2376 5397 2494 5453 pro,
2520 5382 2582 5435 τὸ
2632 5378 2899 5453 στερῆσαι
2932 5398 3004 5443 τι,
3041 5379 3186 5449 quod
3218 5379 3373 5433 Colb.
3396 5378 3500 5432 ha-

1919 5459 2098 5597 ιηόξέίίέ..)
2129 5523 2241 5580 Hoc
2257 5523 2423 5597 malui
2450 5538 2549 5597 pro
2572 5523 2980 5597 ἀναριπήσειεν.

1994 5591 2109 5667 ζὸῖί)
2142 5597 2251 5666 φνδή
2284 5591 2477 5667 scripsi
2512 5608 2633 5663 pro,
2680 5591 2846 5667 φυγή.
2880 5594 2958 5645 lta
2994 5591 3151 5667 jubet
3180 5600 3235 5646 et
3279 5602 3497 5657 sensus,

1919 5678 1972 5725 et
2003 5663 2574 5735 verbum—imprimam,
2612 5665 2758 5735 quod
2795 5679 2919 5718 mox
2944 5663 3213 5731 sequitur.

3018 5843 3099 5903 23
