3880 6206
399 324 505 391 707

1565 309 1829 372 ΡΗΟΤΙΙ
1866 304 2373 368 PATBIARCH/E
2402 303 2509 366 CP;

3567 300 3675 365 708

402 438 497 493 sed
531 433 709 505 gratia
748 428 1086 486 conferentis
1113 426 1299 489 habet,
1341 426 1495 496 quod
1528 426 1768 479 maxime
1813 425 1995 478 admi-

2114 423 2220 488 εξδν
2264 420 2378 492 (54)
2412 416 2711 491 τρέφεσθαι
2758 414 2859 470 οὑκ
2901 414 3183 487 ἐτρέφετο,
3214 412 3378 487 εργον
3435 413 3539 485 μὲν
3581 417 3684 469 ἐπ-

401 543 612 584 remur.
644 526 798 592 Quod
848 539 1012 594 porro
1062 521 1263 576 Paulus
1305 535 1373 575 ex
1421 517 1718 588 Evangelio
1779 516 1985 570 victum

2096 511 2312 568 αινετδν
2362 511 2458 566 καὶ
2506 510 2798 582 μακάριον.
2840 508 2955 565 Ἰνα
2981 508 3091 581 γὰρ
3127 507 3203 578 μὴ
3235 506 3407 578 λαϐὴν
3442 507 3556 578 (55)
3606 507 3685 576 δῷ

402 620 508 675 sibi
545 634 652 674 non
683 614 979 687 paraverit,
1018 628 1141 667 cum
1181 620 1360 666 tamen
1405 609 1693 680 potuisset,
1742 608 1793 661 id
1828 606 1988 661 laude

2114 608 2206 671 τοῖς
2242 605 2352 677 (56)
2388 605 2646 676 ζητοῦσιν
2679 603 2861 658 αἰτίαν
2907 603 3113 673 εὑρεῖν,
3146 601 3246 670 τῆς
3284 598 3541 664 ἐξουσίας
3580 600 3684 668 ἀφ-

403 711 628 782 quidem
680 708 906 778 dignum
932 715 1072 769 erat,
1119 704 1333 774 ipsique
1384 699 1747 759 salutarc.Ne
1778 699 1990 755 scilicet

403 800 736 859 criminandi
798 798 1149 855 occasionem
1181 796 1409 857 faceret.
1468 794 1565 865 qui
1598 808 1717 848 eam
1750 791 1987 848 sollicite

406 896 751 967 quaerebant,
809 908 839 947 a
878 892 1131 947 libertate
1174 890 1277 944 hac
1319 886 1609 952 abstinuit,
1662 886 1829 941 etiam
1894 885 1985 940 hic

409 989 627 1045 Domini
662 986 749 1043 sui
778 995 1053 1056 praecepto
1087 983 1358 1047 munitus,
1409 979 1504 1051 qni
1552 994 1611 1034 re
1644 978 1763 1049 ipsa
1796 978 1989 1034 admo-

409 1076 551 1141 nuit,
609 1083 687 1139 ut,
742 1072 1003 1143 quamvis
1059 1086 1157 1141 per
1197 1070 1370 1139 legem
1412 1077 1469 1124 et
1517 1076 1770 1122 naturam
1815 1067 1988 1122 multa

410 1164 593 1221 facere
617 1162 778 1220 nobis
801 1162 984 1225 liceat,
1016 1160 1280 1217 seandalo
1321 1167 1527 1223 tamen,
1564 1157 1713 1228 quod
1736 1158 1991 1228 proximo

411 1258 577 1328 objici
618 1255 813 1326 possit,
872 1255 1195 1325 recogitata,
1244 1267 1273 1307 a
1305 1252 1558 1308 libertate
1580 1250 1669 1305 illa
1710 1249 1994 1305 abstinea-

412 1360 561 1399 mus.
623 1362 643 1395 ι
703 1340 783 1397 Ne
840 1341 1007 1407 enim,
1064 1340 1258 1411 inquit,
1318 1339 1660 1396 oll'endamus
1712 1339 1857 1406 illos,
1908 1339 1997 1394 abi

415 1437 483 1492 ad
517 1451 688 1503 mare,
714 1436 920 1507 projice
953 1434 1202 1502 hamum,
1231 1432 1358 1489 tolle
1381 1433 1607 1505 piscem,
1638 1433 1731 1504 qui
1778 1432 1997 1504 primus

415 1527 689 1593 ascendit,
719 1535 771 1582 et
808 1542 997 1597 quem,
1025 1534 1216 1597 aperto
1240 1539 1338 1581 ore
1375 1524 1518 1595 ejus,
1551 1524 1835 1580 inveneris
1881 1534 1996 1580 sta-

419 1630 615 1686 terem,
648 1620 803 1675 illum
833 1618 1022 1689 accipe
1050 1626 1104 1674 et
1128 1618 1259 1675 dato
1296 1618 1405 1674 illis
1434 1631 1534 1688 pro
1566 1632 1655 1673 me
1688 1626 1743 1673 et
1788 1626 1841 1673 te
1865 1616 1997 1671 εν.»

414 1710 643 1767 Interim
677 1711 793 1767 haec
843 1710 999 1766 Paull
1052 1710 1198 1767 actio
1245 1708 1463 1766 laudem
1494 1716 1863 1779 promeretur.
1893 1705 2000 1774 Qui

2096 698 2305 754 ίστατο.
2360 697 2639 752 Δεσπότου
2683 697 2741 751 δὲ
2795 694 3078 749 κάνταῦθα
3133 691 3687 764 περιφρουρούμενος

2094 792 2309 864 ἐντολῇ,
2358 791 2426 844 δι’
2475 802 2566 863 ης,
2630 788 2734 844 κᾶν
2784 788 2935 860 νόμῳ
2992 787 3089 841 καὶ
3148 785 3311 855 φύσει
3359 784 3535 837 πολλὰ
3587 784 3687 837 τοῦ

2095 884 2364 956 πράττειν
2402 881 2682 954 ἐλεύθεροί
2711 881 2915 951 ἐσμεν,
2946 878 3008 932 τὸ
3046 880 3158 942 τοῖς
3191 878 3424 948 πλησίον
3456 876 3685 931 σκάνδα-

2094 976 2187 1032 λον
2238 974 2631 1047 ἀντιπαραθεὶς
2682 973 2832 1045 ἔργῳ
2876 971 3261 1044 προὺτρέψατο
3288 971 3391 1042 τῆς
3431 969 3683 1034 ἐξουσίας

2097 1070 2254 1139 ἄγειν
2285 1067 2503 1139 σχολήν.
2537 1065 2684 1121 «Ἵνα
2708 1066 2817 1137 γάρ
2845 1064 2920 1136 μὴ
2952 1062 3403 1133 σκανδαλίσωμεν
3463 1061 3684 1126 αὐτοὺς,

2100 1161 2289 1231 φησὶν,
2318 1158 2608 1233 πορευθεὶς
2636 1159 2717 1223 είς
2751 1157 3055 1225 θάλασσαν,
3083 1154 3214 1227 βάλε
3238 1155 3562 1225 ἄγκιστρον,
3591 1155 3685 1206 καὶ

2097 1252 2192 1306 τὸν
2227 1250 2597 1306 ἀναϐαίνοντα
2628 1249 2849 1321 πρῶτον
2881 1247 3038 1321 ιχθὺν
3072 1244 3228 1319 ἆρον,
3256 1248 3352 1303 καὶ
3376 1247 3600 1313 ἀνοίξας
3624 1244 3688 1297 τὸ

2099 1345 2278 1414 στόμα
2308 1343 2501 1409 αὑτοῦ,
2540 1342 2795 1414 εὑρήσεις
2824 1341 3093 1413 στατῆρα.
3109 1341 3348 1394 Ἐκεῖνον
3378 1334 3688 1402 λαϐὼν,δδς

2099 1436 2287 1501 αὑτοῖς
2332 1436 2456 1490 ἀντὶ
2481 1432 2619 1506 ἐμοῦ
2653 1434 2750 1488 καὶ
2776 1432 2893 1487 σοῦ.
2926 1452 2947 1487 ι
3006 1431 3150 1485 Ἀλλ’
3202 1430 3474 1500 ἐπαινετὴ
3513 1430 3616 1500 μὲν
3652 1429 3689 1498 ή

2101 1526 2318 1583 Παύλου
2350 1527 2552 1600 πρᾶξις
2604 1525 2746 1599 (πῶς
2788 1525 2899 1596 γὰρ
2945 1522 3008 1578 οὑ
3036 1522 3101 1595 ;),
3152 1521 3305 1577 οὐδὲν
3326 1521 3373 1575 δ’
3418 1519 3690 1590 ἐχέγγυον

2102 1623 2456 1693 παρεχομένη
2488 1619 2626 1690 πρὸς
2651 1617 2714 1672 τδ
2749 1616 3050 1687 ὑστερῆσαί
3087 1632 3142 1670 τι
3174 1615 3266 1669 τὸν
3300 1612 3561 1686 Χριστόν.
3591 1612 3693 1664 Διά

2102 1711 2238 1782 γοῦν
2287 1712 2417 1776 τοὺς
2473 1709 2800 1783 είρημένους
2859 1707 3160 1780 λογισμοὺς
3210 1706 3311 1760 οὑκ
3362 1702 3692 1774 ἀγαπῶντες

420 1805 567 1859 enim
616 1804 777 1859 non?
823 1802 1046 1859 Nullum
1096 1813 1279 1858 tamen
1322 1810 1707 1873 argumentum
1754 1809 2001 1872 prestat,

2114 1804 2243 1859 ἔνιοι
2269 1803 2331 1857 τὸ
2353 1802 2537 1874 ῥηθὲν,
2566 1803 2649 1867 εις
2674 1802 2871 1874 ἑτέραν
2893 1801 3057 1866 δόξαν
3078 1800 3276 1869 ἄγουσι
3301 1797 3363 1851 τὸ
3386 1796 3578 1868 ῥητὸν,
3596 1796 3694 1849 καὶ

429 1912 541 1967 quo
573 1904 795 1951 constet
844 1896 1068 1951 Christo
1119 1894 1421 1966 quidquam
1463 1892 1728 1951 deluisse.
1780 1892 2010 1964 Propter

428 1988 607 2043 dictas
631 1987 815 2057 itaque
838 1986 1081 2041 rationes
1110 1986 1382 2052 nonnulli,
1416 1986 1559 2042 hanc
1581 1986 1717 2043 dicti
1744 1987 2012 2056 vocisque

432 2079 724 2149 ὑστερήμα
778 2078 1056 2133 notionem
1109 2086 1449 2145 aversantes,
1507 2076 1672 2134 aliam
1748 2078 2009 2149 all‘erunt,

427 2180 485 2224 et
547 2174 866 2239 sequenteni
903 2166 1231 2225 sententiam
1301 2170 1601 2242 signiﬁcari
1647 2174 2008 2229 contendunt.

423 2258 562 2316 Tria
597 2267 731 2316 sunt
782 2275 997 2328 eorum,
1028 2276 1151 2332 qua:
1197 2271 1317 2317 acta
1376 2273 1554 2330 erant,
1608 2280 1829 2335 genera.
1886 2266 2009 2321 Alia

426 2354 575 2405 enim
609 2360 740 2407 sunt
789 2351 1025 2422 majora,
1061 2352 1168 2407 alia
1207 2352 1409 2420 media,
1436 2354 1543 2409 alia
1585 2370 1715 2410 vero
1755 2357 2008 2411 ultimum

430 2445 613 2499 locum
662 2451 904 2500 tuentur.
935 2444 1168 2511 Quando
1203 2444 1387 2515 itaque
1438 2446 1601 2502 divus
1648 2447 1849 2504 Paulus
1892 2450 2006 2505 ait:

433 2557 453 2589 ο
495 2537 883 2608 ’Υστερήματα
912 2537 1238 2607 passionum
1284 2536 1488 2593 Christi
1519 2539 1572 2592 in
1601 2553 1833 2609 corpore
1888 2554 2012 2595 meo

431 2630 724 2700 suppleo,»
786 2639 1071 2700 postrema
1129 2628 1450 2699 passionum
1506 2630 1732 2697 Christi,
1795 2642 1849 2686 et
1880 2632 2013 2686 ulti-

432 2738 581 2777 mum
611 2723 791 2779 locum
822 2722 1171 2794 occupantia,
1215 2738 1340 2779 eum
1390 2723 1620 2779 innuere
1665 2724 1839 2791 aiunt,
1884 2734 2011 2779 tan-

429 2830 596 2885 quam
635 2830 759 2884 qua!
792 2815 845 2869 in
884 2830 1116 2887 corpore
1153 2831 1256 2871 suo
1285 2816 1580 2886 suppleat;
1609 2817 1765 2887 quasi
1785 2816 2009 2884 diceret,

429 2905 784 2962 Calamitates
826 2922 983 2974 mea},
1036 2915 1249 2963 tantum
1290 2909 1465 2975 abest,
1504 2917 1564 2963 ut
1617 2923 1742 2963 cum
1806 2906 2013 2964 Christi

429 3000 540 3055 illis
568 3000 877 3070 comparari
906 3000 1143 3070 possint,
1175 3000 1375 3057 utillas
1400 3014 1509 3055 non
1543 3014 1669 3055 cum
1706 2997 2012 3069 majoribus

2110 1896 2174 1952 τδ
2204 1896 2491 1968 ὑστέρημα
2527 1894 2746 1964 λέγουσι
2788 1894 2906 1950 νυνὶ
2934 1891 3182 1948 τοιοῦτον
3221 1888 3595 1946 ἀναπτύσσειν
3633 1886 3697 1940 τὸ

2112 1990 2537 2061 σημαινόμενον*
2575 1986 2739 2061 Τρεῖς
2768 1988 2876 2041 είσι
2903 1986 3016 2041 τῶν
3045 1983 3439 2057 πραττομένων
3470 1981 3527 2035 αί
3559 1980 3700 2050 πρά·

2114 2082 2247 2147 ξεις.
2280 2081 2362 2134 Τὰ
2391 2081 2491 2152 μὲν
2516 2079 2624 2152 γάρ
2649 2070 2831 2133 αὑτῶν
2864 2080 2980 2131 ἐστι
3012 2077 3206 2149 μείζω,
3237 2075 3308 2129 τά
3344 2075 3402 2128 δὲ
3428 2072 3596 2145 μέσα,
3626 2070 3696 2123 τά

2112 2175 2170 2229 δὲ
2194 2174 2291 2247 τήν
2315 2174 2556 2243 ὑστάτην
2587 2173 2857 2244 ἀπείληφε
2892 2171 3099 2244 χώραν.
3125 2170 3200 2224 Τὸ
3224 2168 3357 2240 γοῦν
3382 2168 3565 2221 εἰπεῖν
3602 2165 3697 2218 τὸν

2115 2268 2402 2322 Θεσπέσιον
2444 2264 2659 2319 Παῦλον
2682 2303 2698 2330 ,
2733 2266 2814 2319 ὅτι
2851 2282 2871 2316 ι
2908 2262 2992 2317 Τά
3033 2263 3387 2334 ὑστερήματα
3437 2260 3550 2312 τῶν
3582 2258 3701 2310 θλί-

2114 2358 2262 2430 ψεων
2294 2358 2389 2412 τοῦ
2413 2356 2649 2430 Χριστοῦ
2677 2356 2789 2428 (57)
2817 2358 2877 2410 ὲν
2906 2358 2975 2427 τῇ
3005 2355 3169 2427 σαρκί
3200 2372 3304 2427 μου
3332 2352 3694 2422 ἀναπληρῶ,ι

2118 2452 2406 2523 σημαίνειν
2450 2450 2607 2521 φασὶ,
2645 2450 2730 2504 ὅτι
2771 2449 2852 2503 Τὰ
2898 2448 3111 2503 ῦστατα
3158 2447 3269 2501 τῶν
3319 2446 3555 2515 θλίψεων
3604 2442 3700 2496 τοῦ

2116 2543 2356 2615 Χριστοῦ
2410 2543 2505 2597 καὶ
2560 2541 2659 2611 τὴν
2707 2542 2947 2613 ἐσχάτην
2974 2540 3239 2611 ἐπέχοντα
3272 2537 3479 2610 χώραν,
3525 2534 3704 2589 ταῦτα

2116 2636 2229 2704 ἐγὼ
2253 2636 2310 2689 ὲν
2339 2635 2417 2706 τῷ
2453 2633 2666 2707 σώματί
2700 2652 2803 2707 μου
2830 2634 3129 2706 ἀναπληρῶ
3148 2632 3284 2703 (58)⁶
3313 2631 3584 2698 τουτέστι,
3619 2631 3705 2684 Τά

2117 2724 2230 2797 ἐμὰ
2280 2725 2431 2797 πάθη
2464 2725 2716 2780 τοσοῦτον
2745 2725 2941 2797 ἀπέχει
2976 2723 3071 2778 τοῦ
3102 2720 3550 2795 παραϐάλλεσθαι
3588 2722 3705 2783 τοῖς

2116 2816 2396 2889 Χριστοῦ,
2444 2817 2585 2872 ὥστε
2618 2818 2680 2871 οὑ
2733 2817 2892 2889 μόνον
2935 2816 3035 2887 τὴν
3066 2816 3181 2887 (59)
3228 2815 3365 2887 πρὸς
3412 2814 3481 2867 τά
3528 2812 3707 2884 μείζω

2120 2908 2411 2980 σύγκρισιν
2437 2910 2499 2961 οὑ
2529 2907 2714 2979 τολμῶ
2751 2906 2888 2978 (60),
2915 2906 3031 2961 ἀλλ’
3059 2905 3181 2959 οὑδὲ
3208 2908 3321 2968 τοῖς
3356 2903 3544 2975 μέσοις
3574 2919 3707 2957 συν-

2116 2999 2432 3066 τάττεσθαι.
2459 3003 2573 3065 τοῖς
2603 3000 2857 3063 ὑστάτοις
2879 3000 2938 3054 δὲ
2968 2998 3065 3054 κα)⁸
3091 2997 3448 3061 τελευταίοις,
3478 2996 3708 3066 ἀγαπη-

430 3107 754 3162 comparare
780 3092 1035 3158 audeam,
1061 3092 1173 3148 imo
1197 3108 1297 3149 nec
1326 3108 1451 3148 cum
1481 3094 1674 3149 mediis
1703 3093 2006 3161 conferam,

2118 3095 2211 3151 τὸν
2241 3095 2364 3167 ἐμοὶ
2388 3094 2450 3148 τὸ
2488 3092 2960 3159 συνεξετάζεσθαι.
2982 3092 3153 3147 Ὅσον
3179 3091 3290 3163 γὰρ
3312 3091 3379 3144 ἂν
3408 3088 3707 3161 ἀνθρώπου

433 3184 527 3237 sed
554 3197 679 3237 cum
709 3182 915 3238 ultimis
944 3191 1160 3239 tantum
1182 3191 1237 3239 et
1269 3185 1566 3254 postremis
1598 3184 2006 3257 conjungendas

2518 3146 2777 3255 Χριστοῦ.
2802 3146 2985 3257 πράξῇ
3017 3146 3112 3239 καὶ
3148 3146 3298 3255 πάθῇ
3346 3181 3484 3254 (61),
3514 3146 3528 3161 '
3548 3182 3712 3237 οὐδέν

432 3285 560 3326 esse
603 3285 882 3327 censeam.
925 3270 1278 3342 Quaecunque
1332 3272 1479 3327 enim
1533 3272 1774 3329 hominis
1818 3281 2006 3328 natura

2121 3276 2272 3330 ἐστιν
2316 3272 2589 3341 ἀντάξιον,
2626 3273 2738 3329 οὐδ’
2771 3275 2978 3344 ἐγγὺς,
3023 3267 3101 3330 ὧν
3146 3273 3311 3338 αὑτὸς
3362 3274 3503 3345 ὑπὲρ
3543 3273 3713 3344 ήμῶν

450 3378 550 3433 pro
583 3361 803 3419 Christo
837 3362 923 3418 vel
952 3363 1138 3430 faciat,
1174 3364 1262 3421 vel
1313 3365 1577 3436 patiatur,
1626 3380 1819 3421 eorum
1877 3364 2017 3421 nihil
2120 3362 2346 3419 ἔπαθεν.

434 3469 540 3525 est,
591 3460 736 3531 quod
798 3460 855 3515 in
886 3460 1140 3517 eumdem
1184 3476 1411 3519 censum
1459 3463 1649 3519 venire
1698 3461 1897 3534 possit,
1951 3474 2052 3519 nec
2088 3460 2391 3534 quidquam
2450 3459 2518 3516 ad
2553 3461 2646 3517 illa
2681 3461 2916 3530 accedit,
2950 3475 3075 3531 qua
3126 3460 3246 3532 ipse
3268 3473 3369 3530 pro
3419 3457 3586 3515 nobis
3621 3465 3714 3515 est

433 3571 749 3626 perpessus.

498 3649 666 3705 Multa
704 3665 833 3706 vero
862 3659 1015 3719 sunt,
1044 3646 1201 3708 aiunt
1221 3650 1320 3719 illi,
1343 3668 1465 3723 qua!
1490 3652 1605 3710 hac
1626 3653 1867 3727 cogitata
1888 3667 2006 3710 com

2193 3651 2372 3707 Πολλά
2384 3652 2429 3706 δ’
2444 3651 2511 3706 ἂν
2528 3652 2634 3725 εἴη,
2649 3652 2835 3723 φασὶν,
2853 3654 2919 3724 τῇ
2934 3650 3161 3723 τοιαύτῃ
3178 3650 3714 3724 συνᾴδονταθεωρίᾳ.

446 3744 692 3797 lirment.
732 3742 877 3816 «Ego
926 3743 1073 3800 enim
1105 3760 1252 3812 sum,
1288 3744 1465 3815 inquit
1494 3746 1815 3815 Apostolus,
1844 3755 2006 3802 extre

2126 3762 2147 3799 ι
2169 3744 2313 3814 Ἐγὼ
2328 3745 2436 3817 γάρ
2459 3746 2598 3815 είμι,
2622 3742 3081 3815 φησὶ,ἀπόστολος
3096 3745 3125 3796 ὁ
3146 3744 3430 3815 ἐλάχιστος
3444 3742 3556 3797 τῶν
3572 3744 3717 3797 ἀπο-

436 3850 563 3889 IIIIS
611 3838 983 3906 apostolorum
1011 3877 1028 3902 ,
1072 3853 1172 3893 nec
1227 3838 1425 3909 dignus
1481 3839 1576 3909 qui
1606 3853 1770 3896 vocer
1803 3849 2006 3912 aposto

2123 3836 2359 3903 στόλων,
2388 3838 2484 3891 καὶ
2514 3837 2616 3890 οὐκ
2650 3836 2768 3907 είμὶ
2804 3834 2987 3901 ἱκανὸς
3017 3835 3304 3890 καλεῖσθαι
3345 3835 3709 3900 ἀπόστολοςοι

439 3924 527 3981 lus
547 3927 593 3957 ’θ
621 3943 636 3980 :
670 3945 689 3978 ι
730 3926 857 3981 item
878 3966 895 3991 ,
925 3944 942 3978 ι
974 3925 1312 3998 Persequor,
1350 3939 1409 3982 ut
1436 3928 1763 3998 assequar"
1791 3945 1809 3996 ;
1842 3948 1861 3982 ι
1916 3942 2006 3985 ηε(

2126 3927 2244 3993 καὶ,
2267 3945 2285 3978 ι
2298 3928 2489 3980 Διώκω
2505 3928 2555 3980 εί
2572 3927 2667 3981 καὶ
2682 3926 3001 3981 καταλάϐω.
3014 3944 3033 3979 ι
3056 3927 3188 3993 Καὶ,
3208 3944 3227 3977 ι
3244 3928 3308 3980 ὐ
3323 3926 3422 3994 τὴν
3439 3927 3716 3996 νέκρωσιν

439 4031 551 4073 ιιοη
598 4034 611 4071 :
649 4034 667 4067 ι
698 4016 923 4072 Mortem
974 4016 1102 4073 Jesu
1146 4021 1457 4090 incorpore
1503 4018 1920 4089 circumferens,
1957 4029 2006 4076 ut

2125 4016 2223 4071 τοῦ
2269 4017 2444 4089 Ἰησοῦ
2475 4020 2532 4072 ἐν
2569 4018 2647 4091 τῷ
2677 4018 2892 4090 σώματι
2920 4018 3260 4089 περιφέρων,
3294 4018 3380 4071 ἴνα
3415 4018 3511 4071 καὶ
3535 4019 3571 4088 ή
3595 4018 3716 4087 ζωὴ

438 4109 603 4163 etiam
649 4109 757 4163 vita
801 4109 928 4165 Jesu
961 4110 1016 4165 in
1053 4126 1285 4182 corpore
1331 4112 1453 4184 ejus
1494 4111 2006 4184 manifestetur"..i

2125 4110 2222 4166 τοῦ
2263 4111 2440 4183 Ἰησοῦ
2484 4113 2543 4166 ἐν
2572 4114 2651 4184 τῷ
2697 4115 2911 4185 σώματι
2957 4112 3124 4167 αὑτοῦ
3169 4110 3485 4182 φανερωθῇ.
3528 4132 3549 4164 ι
3584 4112 3715 4176 Πῶς

440 4200 730 4267 Quomodo
761 4202 948 4273 itaque
978 4202 1182 4259 Paulus
1216 4202 1363 4259 illius
1384 4242 1399 4269 ,
1432 4204 1527 4275 qui
1554 4205 1738 4260 omnia
1764 4206 1936 4277 gratis
1963 4215 2006 4263 el

2125 4204 2223 4258 τοῦ
2273 4202 2384 4276 (62)
2434 4206 2613 4259 πάντα
2647 4208 2851 4277 προῖκα
2883 4205 2977 4259 καὶ
3006 4205 3220 4276 δωρεὰν
3265 4202 3575 4273 πράξαντος
3616 4204 3716 4256 καὶ

441 4302 628 4348 nostra
664 4308 827 4349 causa
858 4270 995 4349 iecit
1029 4304 1084 4349 et
1129 4296 1393 4351 sustinuit
1418 4270 1741 4367 {reliquias
1767 4270 2006 4369 vsupple-

2126 4270 2395 4360 παθόντος
2424 4270 2719 4369 ὑπέστημά
2765 4296 2878 4369 (63)
2923 4270 3128 4366 λέγοιτ’
3172 4296 3239 4350 ἂν
3291 4270 3715 4365 ἀναπληρῶσαι,

442 4390 589 4444 visse
617 4389 726 4445 dici
763 4406 1002 4461 unquam
1029 4392 1249 4462 potest?
1287 4386 1467 4448 Taceo
1513 4393 1619 4447 alia
1663 4394 1748 4448 his
1793 4394 2017 4449 similia.

441 4476 563 4531 Jam
596 4478 751 4534 valde
780 4480 1001 4549 quidem
1037 4482 1311 4551 posterior
1341 4483 1457 4538 haec
1497 4483 1769 4553 expositio
1803 4485 1880 4539 rei
1916 4482 2021 4553 ipsi

442 4580 808 4626 corisentanea
844 4582 963 4627 erat
994 4572 1177 4628 futura
1198 4612 1215 4640 ,
1244 4573 1351 4628 nisi
1378 4590 1482 4629 vox
1513 4574 1803 4647 ὑστέρημα
1833 4576 1890 4631 in
1910 4574 2019 4632 Ve-

445 4661 546 4716 teri
586 4672 641 4716 ct
666 4660 819 4718 Novo
856 4662 1056 4720 Codice
1097 4663 1413 4736 frequenter
1438 4678 1770 4723 occurreret.
1810 4686 1829 4720 (
1868 4667 2021 4723 Nun-

440 4754 597 4824 quid,
633 4755 829 4825 inquit,
849 4755 1005 4812 vobis
1031 4756 1311 4813 defuit”?
1340 4776 1358 4810 ι
1396 4758 1459 4814 Et
1486 4777 1501 4815 :
1532 4776 1551 4810 ι
1580 4757 1690 4816 Nec
1719 4760 2021 4831 quidquam

441 4842 628 4897 delicit
671 4844 989 4900 timentibus
1020 4844 1173 4900 illum
1200 4845 1299 4898 ⁸⁸.»
1339 4843 1444 4901 Et:
1484 4864 1502 4899 ι
1526 4844 1647 4903 Νοιι
1686 4859 1821 4920 puto
1858 4850 2019 4920 quid-

2126 4387 2224 4442 καὶ
2273 4388 2447 4442 πολλὰ
2490 4390 2758 4455 τοιαῦτα;
2794 4390 2904 4445 Kal
2944 4390 3066 4444 λίαν
3099 4389 3198 4463 μὲν
3226 4385 3295 4461 ἦν
3330 4390 3717 4461 ἁρμοζόμενον

2125 4480 2187 4534 τὸ
2218 4482 2317 4552 τῆς
2344 4482 2609 4555 δευτέρας
2640 4483 2879 4548 διανοίας
2905 4481 3074 4549 εἶδος,
3132 4485 3182 4537 εί
3224 4484 3301 4555 μὴ
3334 4481 3607 4553 πολλαχοῦ
3652 4483 3719 4535 τὸ

2127 4574 2416 4648 ὑστέρημα
2445 4577 2503 4629 έν
2534 4594 2592 4629 τε
2639 4580 2702 4649 τῇ
2737 4578 2948 4649 Παλαιᾷ
2990 4578 3086 4631 καὶ
3124 4580 3192 4649 τῇ
3241 4576 3358 4647 Νέᾳ
3410 4575 3719 4645 φερόμενον

2130 4667 2344 4740 Γραφῇ.
2376 4686 2396 4719 ι
2427 4670 2516 4740 Μή
2559 4686 2702 4732 τινος
2717 4671 2857 4741 γάρ,
2888 4672 3088 4742 φησὶν,
3125 4671 3462 4741 ὑστερήσατε
3490 4686 3507 4735 ;
3536 4689 3555 4721 ι
3592 4668 3715 4729 καὶ,

2138 4777 2157 4812 ι
2187 4760 2301 4814 Οὑκ
2331 4760 2478 4815 ἔστιν
2505 4762 2912 4834 ὑστέρηματοῖς
2929 4763 3283 4833 φοϐουμένοις
3306 4762 3489 4817 αὑτόν.
3522 4780 3541 4812 ι
3578 4761 3719 4827 Καὶ,

2140 4873 2162 4908 ι
2200 4856 2505 4926 Λογίζομαι
2530 4857 2641 4928 γάρ
2675 4858 2844 4929 μηδὲν
2874 4858 3256 4930 ὑστερηκέναι.
3282 4877 3301 4910 ι
3334 4858 3467 4920 Καὶ,
3493 4874 3513 4908 ι
3532 4856 3722 4909 Ὕστε-

520 4956 802 5043 "‘Mattb.
831 4974 963 5028 xvn,
992 4958 1085 5016 27.
1159 4960 1206 4994 '°
1241 4959 1263 5017 l
1293 4960 1421 5021 Cor.
1454 4978 1545 5030 xv,
1581 4964 1636 5020 9.
1709 4965 1751 4997 "
1791 4964 2027 5038 Philipp.
2060 4971 2270 5043 ntuli.
2347 4973 2394 5006 ”
2418 4972 2459 5028 ll
2479 4970 2609 5030 Cor.
2653 4987 2728 5043 tv,
2758 4974 2847 5031 lo.
2923 4974 2971 5011 "
3002 4974 3136 5031 Luc.
3174 4989 3310 5042 xxn,
3346 4974 3438 5030 '55.
3479 4970 3524 5005 ’⁸
3561 4971 3714 5027 Psal.

446 5040 634 5095 xxxiv,
665 5029 747 5086 ιο.

1960 5162 2196 5223 NOTAE.

522 5266 636 5337 (54)
668 5264 822 5322 Colb.
841 5283 942 5338 pro
971 5269 1031 5335 ἐξ
1060 5286 1156 5325 ων.
1191 5270 1350 5327 Conf.
1384 5283 1497 5329 not.
1546 5274 1636 5330 50.

519 5338 635 5409 (ὃὸ)
663 5337 824 5409 Colb.
844 5337 957 5409 pro
985 5341 1194 5395 λαϐεῖν.

452 5407 776 5532 ίῃξξξὰιξοο
803 5407 950 5466 malo
976 5428 1043 5466 ex
1068 5412 1238 5467 Coisl.
1270 5427 1369 5482 pro
1404 5414 1750 5486 συζητοῦσιν,
1774 5419 1918 5490 quod
1941 5434 2029 5480 est

451 5495 507 5537 tn
534 5495 690 5532 ιιυιι).

525 5549 637 5622 (57)
664 5549 1184 5629 .Verba_il|a,_év_‘_rﬁ
1215 5553 1379 5629 σαρκί
1426 5571 1529 5625 μου
1562 5587 1629 5595 —
1662 5558 1894 5629 θλίψεων
1931 5557 2027 5613 τοῦ

452 5618 725 5695 Χριστοῦ,
746 5621 1060 5695 festinantis
1081 5618 1300 5677 librarii
1322 5618 1499 5695 lapsu,
1532 5642 1596 5679 ex
1618 5618 1847 5688 Coisl'in.
1874 5634 2029 5688 exci-

460 5692 684 5764 derant,
712 5693 767 5745 in
796 5691 955 5764 Colb.
982 5691 1424 5764 rectejisnppleta.

523 5759 637 5826 (58)
660 5759 1083 5833 ἀνταναπληρῶ,
1108 5759 1276 5823 Coll):
1301 5766 1411 5822 vid.
1448 5776 1565 5823 not.
1598 5768 1663 5823 l7
1683 5779 1735 5825 et
1761 5770 1853 5828 48.

2198 5285 2312 5359 (59)
2338 5287 2437 5359 τήν
2464 5286 2618 5344 Colb.
2649 5298 2797 5345 recte
2821 5304 2920 5358 pro
2947 5290 3038 5345 τά.

2199 5358 2414 5433 (conia
2448 5360 2632 5433 scribo
2654 5376 2751 5430 pro
2781 5360 2976 5433 τολμᾷ.

2190 5428 2302 5499 (σι)
2326 5428 2422 5502 ξῦον
2440 5431 2628 5502 scribo
2652 5428 2752 5500 pro
2783 5428 2981 5502 πράξει
3003 5433 3100 5487 καὶ
3130 5429 3320 5485 πάθει.

2196 5501 2308 5567 (62)
2332 5500 2488 5555 Colb.
2518 5502 2612 5554 τοῦ
2639 5516 2738 5571 pro
2753 5500 2837 5556 οὑ.

2199 5571 2313 5642 (65)
2357 5570 2447 5644 Sic
2476 5570 2649 5626 Coisl.
2702 5570 2950 5641 Legerim
2983 5589 3084 5643 ego
3114 5573 3421 5644 ὑστέρημα,
3458 5587 3545 5625 vei
3578 5571 3715 5623 ὑπό-

2126 5656 2336 5711 στημα,
2373 5642 2643 5711 siquidem
2676 5646 2945 5711 pOsterior
2978 5642 3090 5699 lucc
3133 5642 3334 5698 voxad
3362 5658 3593 5698 sensum
3622 5658 3715 5699 es-

2130 5719 2214 5766 set
2238 5713 2680 5783 accommodata.
