3880 6206
436 345 535 413 711

1594 349 1663 410 ΡΙ
1670 348 1855 409 ΙΟΤ11
1898 349 2034 410 PAT

2145 348 2403 410 ARCHIE
2426 347 2535 409 (ΖΡ.
3601 341 3709 406 712

436 478 558 520 sum
583 463 649 517 ’9.
686 481 705 514 ι
742 460 876 515 Vide
936 474 1065 513 vero
1110 470 1369 529 prmterea
1424 461 1824 531 expositionem
1881 463 2022 516 hanc

2145 465 2205 527 ;ίς
2252 463 2313 516 τὸ
2360 462 2481 525 ἔθος
2526 460 2697 530 ἀνῆκε
2742 456 3004 530 φέρεσθαι
3048 456 3146 527 τῆς
3206 455 3447 527 Γωφῆς,
3499 458 3593 508 καὶ
3641 458 3709 508 τὰ

440 558 511 609 ita
542 562 916 624 comparatam
946 568 1103 616 esse,
1149 563 1209 606 ut
1248 553 1384 606 nihil
1436 552 1668 609 affectati
1703 569 1891 609 secum
1934 552 2014 607 fe-

438 655 543 700 rat.
579 644 695 700 Vox
719 645 882 699 -cnint
910 644 1197 715 ὑστέρημα
1239 644 1444 698 nullam
1494 645 1604 697 vim
1638 646 1843 714 patitur
1867 685 1883 710 ,
1923 644 2016 699 sed

437 751 505 788 ιιι
546 740 811 788 consueto
841 731 1139 802 Scriptura:
1170 746 1270 785 usu
1299 732 1624 801 explicatur.
1658 731 1864 786 Paulus
1891 747 2017 787 vero

438 827 530 882 illa
568 825 930 895 ὑστερήματα
966 824 1221 894 supplet,
1269 840 1377 879 non
1429 839 1550 894 quae
1590 824 1912 894 simpliciter
1936 839 2019 880 re-

440 918 587 988 liqua
619 916 763 972 facta
797 916 927 983 sint,
957 924 1070 981 aut,
1101 916 1243 986 quod
1285 914 1552 970 Salvatori
1591 916 1889 987 quidquam
1921 916 2019 971 de-

442 1008 629 1070 fuerit,
663 1007 808 1077 quod
850 1007 1147 1062 absurdum
1179 1007 1326 1061 dictu
1365 1006 1505 1062 foret
1536 1024 1551 1073 ;
1589 1008 1681 1063 sed
1733 1008 1845 1073 illa,
1871 1025 2015 1079 quae,

441 1100 488 1155 si
532 1100 899 1156 ministerium
928 1100 1034 1154 hoc
1093 1097 1265 1154 Paulo
1315 1100 1543 1170 aliisque
1583 1100 1866 1170 discipulis
1901 1102 2018 1157 suis

440 1208 548 1247 non
580 1193 968 1259 commisisset,
992 1207 1356 1263 perpessurus
1383 1202 1519 1258 erat,
1543 1202 1598 1248 et
1620 1194 2019 1262 exantlaturus,

444 1284 908 1354 quemadmodum
956 1291 1118 1340 antea
1160 1284 1435 1355 praeconio
1497 1287 1613 1355 ipse
1661 1283 1920 1355 fungens,
1970 1293 2026 1341 et

2123 556 2477 625 ὑστερήματα
2520 555 2548 607 ὁ
2582 550 2795 614 Παῦλος
2846 551 3192 621 ἀναπληροῖ,
3229 550 3327 620 ούχ
3374 552 3476 603 ὅσα
3520 549 3709 611 ἁπλῶς

2124 646 2446 716 ὑστέρησεν,
2474 631 2585 697 οὐδ’
2617 646 2699 698 ὅτι
2732 642 3038 713 ὑπέρησὲν
3061 658 3115 693 τι
3156 642 3185 695 δ
3224 642 3436 711 Σωτὴρ,
3464 641 3603 711 ὅπερ
3642 636 3712 712 ἧι

2124 738 2381 809 φορτικόν
2406 755 2420 769 ⁸
2444 737 2560 792 ἀλλ’
2590 738 2689 791 ὅσα
2725 735 2799 807 μὴ
2846 733 3225 806 παραθέμενος
3273 735 3373 803 τὴν
3433 735 3712 787 διακονίαν

2125 830 2325 900 Παύλῳ
2372 831 2466 884 καὶ
2523 832 2635 893 τοῖς
2681 828 2861 892 ἄλλοις
2893 825 3204 897 ὁμιληταῖς,
3260 824 3463 879 ἔπαθεν
3512 827 3580 879 ἂν
3620 829 3715 879 καὶ

2126 922 2360 993 ὑπέστη,
2390 921 2513 976 καθ’
2560 922 2618 975 ὃν
2647 921 2849 993 τρόπον
2874 920 2970 974 καὶ
3021 918 3152 989 πρὶν
3182 918 3475 988 κηρύσσων
3503 920 3600 970 καὶ
3629 918 3715 970 εύ-

2124 1012 2553 1085 αγγελιζόμενος
2603 1011 2709 1084 τὴν
2763 1010 3048 1081 βασιλείαν
3091 1009 3201 1062 τῶν
3255 1010 3525 1080 οὑρανῶν.
3575 1007 3713 1061 Ἀλλ’

2125 1104 2250 1175 ἐμοὶ
2298 1104 2399 1175 μὲν
2433 1104 2556 1156 ὅσον
2605 1100 3023 1173 ἁφοσιώσασθαί
3071 1117 3164 1153 σου
3212 1100 3311 1170 τὴν
3346 1099 3518 1170 καλὴν
3558 1100 3714 1169 φιλο-

2130 1195 2325 1251 πονίαν
2376 1194 2620 1267 εἰρήσθω
2670 1195 2865 1249 ταῦτα.
2918 1194 2981 1246 EI
3028 1193 3087 1246 δέ
3140 1210 3225 1258 τις
3292 1194 3388 1247 καὶ
3445 1193 3717 1262 ὀψιγόνων

2136 1286 2362 1359 ἄμεινόν
2387 1304 2441 1341 τι
2470 1286 2738 1358 θεωροίη,
2766 1286 2893 1357 ἐμοὶ
2919 1285 2976 1339 δέ
3007 1284 3119 1355 ἄρα
3144 1286 3240 1339 καὶ
3270 1284 3434 1338 τοῦτο
3462 1285 3645 1354 φίλον.

444 1395 673 1452 regnum
734 1380 999 1436 caelorum
1080 1380 1454 1447 annuntians,
1528 1381 1957 1451 perpetiebatur.
2024 1380 2133 1437 Sed
2207 1385 2325 1439 haec
2369 1382 2590 1455 quidem
2655 1363 2859 1440 studio,
2904 1391 3002 1438 tuo
3047 1382 3312 1453 praeclaro
3356 1380 3718 1436 velim-antem

443 1470 653 1526 dixisse
676 1513 693 1539 ,
722 1469 1016 1526 suﬂecerit.
1045 1469 1103 1526 Si
1144 1470 1268 1541 quis
1300 1480 1643 1541 posterorum
1686 1472 1917 1527 rectiora
1947 1473 2308 1542 perspexerit,
2348 1487 2452 1529 nec
2490 1472 2585 1528 illa
2614 1472 2747 1527 mihi
2781 1472 3170 1543 displicebant.

442 1608 772 1677 QUIESTIO
805 1607 993 1664 CXXII
1042 1607 1233 1681 [Coisl.
1273 1606 1505 1675 CXLIV,
1551 1606 1716 1662 Taur.
1763 1604 2024 1678 CXLIII].

449 1702 607 1756 «Non
638 1711 715 1757 est
741 1702 890 1756 nobis
926 1701 1074 1756 lucta
1102 1700 1350 1756 adversus
1372 1715 1584 1754 carnem
1618 1707 1666 1752 et
1694 1698 2028 1769 sanguinem,

514 1773 607 1828 sed
654 1773 906 1827 adversus
946 1772 1294 1842 principatus,
1327 1778 1377 1826 et
1412 1778 1696 1842 potestates
1718 1770 2030 1842 ,“adverstts

514 1844 701 1897 mundi
730 1843 887 1911 hujus
920 1840 1183 1910 rectores,
1228 1841 1479 1897 adversus
1505 1840 1815 1909 spiritualia
1850 1840 2034 1911 nequi-

520 1914 610 1968 tia:
640 1915 697 1968 in
731 1913 1022 1969 cwlestibus
1048 1914 1088 1967 ⁸.
1118 1930 1141 1965 ι

2651 1609 2991 1665 ΕΡΩΤΗΣΙΣ
3026 1608 3201 1663 ΡΚΒ’.

2139 1718 2159 1753 ι
2192 1701 2315 1755 οὐκ
2353 1702 2529 1757 ἐστιν
2560 1700 2711 1772 ἡμῖν
2756 1700 2922 1767 πάλη
2970 1702 3123 1772 πρὸς
3168 1696 3313 1772 αᾷια
3338 1700 3458 1772 καί,
3495 1700 3722 1769 σάρκα,

2203 1771 2367 1827 ἀλλὰ
2422 1772 2573 1860 πρὸς
2614 1771 2720 1837 τὰς
2769 1772 2979 1894 ὰρέὰς,
3016 1771 3186 1854 πρὸς
3229 1771 3348 1839 τὰς
3407 1771 3725 1835 ἐξουσίας,

2204 1842 2357 1894 nodo
2385 1860 2529 1894 τουί·
2556 1858 2827 1894 κοσιιοκο
2873 1859 3048 1894 τοοαιε
3072 1860 3180 1894 του
3215 1845 3449 1894 κόσμου
3476 1844 3725 1894 τούτου.

2204 1842 2357 1913 πρὸς
2385 1842 2529 1909 τοὺς
2556 1842 3048 1911 κοσμοκράτορας
3072 1844 3180 1897 τοῦ
3215 1845 3449 1913 κόσμου
3476 1844 3725 1913 τούτου,

2204 1909 2357 1980 πρὸς
2400 1915 2472 1967 τὰ
2526 1909 2902 1980 πνευματικὰ
2938 1909 3072 1981 τῆς
3129 1909 3426 1983 nor-anar;
3474 1913 3546 1967 ὲν
3595 1909 3727 1977 τοῖς

2036 2012 2039 2013 ν
2059 1998 2102 2056 Β
2200 1983 2601 2054 ἐπουρανίοις.
2646 1999 2667 2034 ι

1041 2115 1291 2167 Editarum
1336 2129 1365 2165 a
1405 2098 1581 2167 WoIllo
1604 2115 1811 2179 septima
1847 2117 1903 2179 (ι.
1931 2129 1998 2178 c.,
2023 2130 2073 2181 p.
2112 2117 2342 2173 796452.
2379 2121 2601 2174 Galland.
2634 2136 2683 2186 p.
2710 2122 2940 2182 72l-722,
2964 2134 3013 2169 n.
3049 2120 3151 2182 25).

523 2223 871 2294 Principatus
908 2234 963 2279 et
1013 2233 1315 2293 potestates
1343 2234 1504 2280 vocat
1549 2224 1775 2295 spiritus
1822 2224 1878 2278 in
1908 2239 2035 2279 aere

450 2327 738 2373 versantes
782 2325 837 2371 et
881 2316 1080 2382 malos,
1117 2332 1229 2372 non
1270 2317 1431 2388 quasi
1481 2317 1556 2373 illi
1607 2325 1931 2387 potestatem
1977 2316 2034 2372 in

452 2424 555 2465 nos
580 2408 663 2463 Vel
692 2424 796 2463 suo
821 2408 1065 2479 quodam
1101 2410 1226 2479 jure
1255 2448 1271 2476 ,
1303 2410 1387 2465 vel
1435 2410 1699 2467 divinitus
1746 2409 2033 2475 haberent,

451 2500 549 2557 sed
582 2502 730 2569 quod
760 2516 863 2557 nos
894 2500 994 2570 ipsi
1020 2503 1259 2571 peccatis
1296 2516 1399 2556 nos
1429 2502 1710 2558 reddimus
1740 2501 2030 2567 obnoxios,

450 2603 699 2659 quorum
751 2596 966 2644 satores
1016 2595 1072 2641 et
1114 2596 1350 2643 statores
1382 2597 1513 2644 sunt
1558 2588 1885 2653 daamoncs;
1936 2587 2030 2657 qui

450 2680 681 2751 proinde
713 2678 1019 2734 dominium
1068 2688 1124 2735 et
1170 2688 1497 2749 potestatem
1538 2694 1635 2749 per
1680 2694 1781 2743 ea,
1834 2678 2036 2748 quibus

452 2772 589 2843 ipsis
642 2772 1084 2844 morigeramur,
1123 2772 1179 2827 in
1226 2787 1331 2827 nos
1365 2781 1641 2827 exercent.
1695 2770 1843 2826 Idem
1886 2769 2035 2826 enim

450 2866 536 2921 vir
575 2874 801 2921 sanctus
838 2866 914 2920 ait
943 2881 958 2921 :
994 2883 1014 2916 ι
1034 2865 1081 2919 Α
1111 2878 1222 2934 quo
1252 2864 1397 2919 enim
1434 2863 1671 2919 vincitur
1702 2862 1901 2932 aliquis
1922 2900 1938 2927 ,
1972 2861 2040 2916 il-

451 2959 560 3014 lius
591 2972 813 3028 quoque
842 2971 1033 3013 servus
1068 2956 1248 3011 factus
1273 2959 1423 3012 est’.
1446 2974 1465 3008 ι
1498 2954 1736 3023 Quando
1772 2954 1939 3024 igitur
1966 2954 2037 3009 ab

452 3048 669 3103 illorum
703 3047 1073 3103 incitamentis
1102 3054 1159 3101 et
1206 3046 1454 3101 consiliis
1485 3061 1846 3116 superamur,
1884 3054 1939 3101 et
1978 3046 2034 3099 in

450 3149 700 3210 peccata,
728 3154 851 3208 quze
876 3138 1089 3202 volunt,
1114 3136 1482 3207 perpetranda
1510 3137 1750 3202 ruimus,
1784 3135 1899 3192 ﬁeri
1926 3151 2037 3191 non

453 3240 666 3301 potest,
708 3230 842 3300 quin
888 3229 1107 3285 eosdem
1135 3229 1392 3284 dominos
1432 3238 1486 3283 et
1530 3238 1792 3299 tyrannos
1822 3241 2035 3293 eorum,

452 3325 545 3395 qui
583 3324 708 3379 inde
740 3324 793 3377 in
826 3324 985 3378 nobis
1020 3324 1353 3386 excitantur,
1407 3322 1700 3378 aﬂectuum
1731 3321 2037 3377 constitua-

2223 2230 2424 2300 Ἀρχὰς
2450 2231 2546 2285 καὶ
2567 2229 2819 2298 ἐξουσίας
2853 2228 3118 2282 ἐκάλεσεν
3154 2228 3226 2283 τὰ
3246 2229 3473 2300 ἐναέρια
3502 2230 3603 2283 καὶ
3626 2248 3728 2283 που

2135 2321 2276 2391 νηρὰ
2304 2322 2613 2393 πνεύματα,
2639 2322 2738 2393 οὑχ
2757 2322 2831 2387 ὡς
2862 2322 3039 2393 ἀρχὴν
3064 2322 3220 2393 ἡμῶν
3253 2320 3286 2392 ἢ
3320 2322 3570 2388 ἐξουσίαν
3601 2324 3729 2376 τινὰ

2133 2412 2347 2467 οἴκοθεν
2364 2412 2401 2485 ἦ
2425 2412 2635 2469 ἄνωθεν
2663 2414 3002 2485 ἐσχηκότων,
3031 2412 3148 2467 ἀλλ’
3168 2412 3247 2477 ὡς
3269 2415 3390 2476 ταῖς
3419 2413 3731 2483 ἁμαρτίαις

2135 2505 2366 2569 ἑαυτοὺς
2417 2505 2578 2576 ἡμῶν
2621 2498 3135 2571 ἐκδεδωκότων,δῶν
3184 2505 3324 2558 εἰσιν
3378 2505 3429 2557 οἱ
3471 2505 3732 2575 δαίμονες

2135 2597 2467 2669 omen-opai;
2491 2615 2552 2651 τε
2586 2597 2702 2669 (70)
2732 2598 2827 2652 καὶ
2876 2597 3176 2667 ὑποφῆται,
3209 2598 3440 2651 ἐκείνων
3472 2597 3588 2668 (71)
3626 2598 3735 2665 τὴν

2135 2688 2310 2760 ἀρχὴν
2342 2690 2439 2745 καὶ
2475 2690 2581 2761 τὴν
2602 2690 2878 2758 ἐξουσίαν,
2906 2689 2976 2743 δι’
3009 2682 3087 2743 ὧν
3115 2689 3430 2761 πράττομεν
3446 2690 3517 2743 τὰ
3544 2690 3735 2743 αὑτῶν

2136 2780 2436 2851 θελήματα,
2462 2782 2918 2853 παρεσχημένων.
2968 2781 3081 2835 Καὶ
3119 2781 3228 2853 γάρ
3266 2798 3433 2852 φησιν
3480 2783 3509 2835 ὁ
3561 2782 3733 2845 αὑτὸς

2135 2873 2279 2943 ἱερὸς
2315 2872 2628 2943 ἄνθρωπος’
2683 2892 2702 2926 ι
2739 2868 2811 2945 ᾮ
2858 2874 2970 2946 γάρ
3004 2891 3089 2938 τις
3123 2874 3379 2945 ἥττηται,
3425 2874 3602 2945 τούτῳ
3634 2877 3735 2928 καὶ

2133 2964 2473 3021 δεδούλωται.
2513 2985 2534 3021 ι
2583 2967 2918 3040 Ἠττώμενοι
2964 2964 3098 3037 γοῦν
3131 2968 3244 3031 τοῖς
3287 2966 3515 3021 ἐκείνων
3545 2968 3735 3037 ἐρεθι-

2138 3061 2295 3130 σμοῖς
2334 3061 2429 3115 καὶ
2457 3060 2788 3133 ὑποθήκαις,
2833 3060 2952 3128 καὶ,
2995 3060 3134 3133 πρὸς
3182 3059 3220 3114 ἃ.
3281 3059 3568 3130 βούλονται
3627 3060 3735 3129 τῆς

2134 3151 2411 3223 ἁμαρτίας
2456 3151 2619 3222 ἔργα,
2656 3153 2972 3225 φερόμενοι,
3018 3151 3245 3216 εἰκότως
3266 3151 3332 3206 ἂν
3361 3152 3489 3215 τοὺς
3526 3151 3736 3220 ἄρχον-

2134 3258 2234 3306 τας
2261 3243 2357 3297 καὶ
2386 3242 2743 3310 ἐξουσιαστὰς
2772 3244 2883 3298 τῶν
2913 3245 2972 3298 ἐν
3000 3246 3136 3315 ἡμῖν
3177 3242 3392 3298 ἐκεῖθεν
3433 3245 3733 3314 φυομένων

2136 3333 2325 3388 παθῶν
2355 3335 2726 3406 καθιστῶμεν,
2755 3337 2851 3390 ἆτε
2893 3335 2963 3406 δὴ
2987 3337 3086 3406 τῆς
3125 3335 3226 3406 μὲν
3274 3332 3591 3405 ἐλευθερίας
3633 3334 3738 3387 τοῦ

458 3430 603 3472 mus.
646 3415 994 3471 Sanctissimi
1015 3416 1161 3472 enim
1191 3414 1429 3485 Spiritus
1461 3414 1713 3470 libertate
1740 3413 1846 3469 hoc
1873 3413 2034 3468 modo

2145 3424 2410 3493 παναγίου
2460 3426 2803 3496 Πνεύματος,
2832 3427 2929 3480 καὶ
2980 3425 3046 3478 τὸ
3100 3426 3200 3494 τῆς
3239 3424 3739 3497 αὑτεξουσιότητος

453 3511 685 3583 privati,
752 3520 1071 3581 nostroque,
1122 3526 1231 3582 quo
1288 3509 1443 3565 liberi
1500 3508 1857 3575 l‘ruebamur,
1918 3508 2034 3580 jure

2145 3516 2491 3588 ἀφῃρημένοι
2506 3494 2715 3589 κύριον,
2747 3517 2827 3581 εἰς
2851 3514 3070 3579 δούλους
3091 3515 3147 3569 δέ
3176 3516 3403 3580 ἑαυτοὺς
3432 3517 3527 3570 καὶ
3562 3494 3741 3571 ὑπευ-

452 3605 701 3676 spoliati,
756 3619 859 3660 nos
914 3604 1065 3675 ipsos
1106 3604 1162 3660 in
1222 3618 1508 3660 servorum
1548 3603 1895 3675 peccatisque
1942 3603 2043 3659 ob-

454 3700 744 3754 noxiorum
795 3698 1046 3755 ordinem
1086 3697 1525 3755 transcribimus.
1569 3695 1868 3768 Propterea
1918 3696 2043 3753 illos

456 3792 714 3862 nequitia:
762 3791 992 3861 spiritus
1038 3806 1149 3847 non
1208 3791 1532 3862 simpliciter
1594 3790 1940 3861 principatus
1990 3796 2046 3845 et

456 3892 781 3953 potestates,
825 3882 921 3937 sed
962 3883 1149 3938 mundi
1212 3892 1454 3939 rectores
1500 3891 1555 3940 et
1601 3882 1821 3954 quidem
1851 3882 2043 3938 mundi

461 3972 624 4043 hujus
641 3974 895 4044 appellat.
913 3972 1169 4028 Mundum
1187 3988 1317 4029 vero
1331 3974 1422 4029 hic
1439 3972 1733 4045 non,;quod
1747 3972 1884 4029 alias
1898 3973 2045 4028 Seri-

456 4072 633 4135 plura:
649 4074 925 4135 receptum
944 4073 1386 4129 est,structuram
1405 4080 1471 4121 ex
1487 4065 1650 4129 caelo,
1666 4073 1834 4133 terra,
1846 4065 2043 4135 iisque,

458 4172 581 4225 quae
600 4156 777 4211 media
792 4158 1175 4227 intercedunt,
1193 4166 1563 4225 constantem,
1584 4157 1818 4229 appellat
1842 4174 1855 4212 :
1877 4157 2042 4224 absit,

461 4255 522 4300 ut
579 4246 653 4300 ita
705 4248 1183 4314 statuamus;sed
1238 4249 1508 4305 mundum
1559 4258 1718 4305 vocat
1768 4248 2042 4315 homines,

459 4337 767 4395 mundanas
822 4350 877 4393 ct
941 4342 1193 4396 carnales
1252 4340 1581 4411 cupiditates
1640 4349 2043 4407 consectautes,

458 4439 623 4502 atque
660 4446 723 4486 ea
750 4472 766 4497 ,
806 4446 927 4502 quae
970 4432 1225 4488 sensibus
1263 4432 1623 4488 blandiuntur
1649 4473 1664 4498 ,
1697 4442 2047 4504 mentemque

459 4522 825 4577 elleminatam
877 4524 1133 4590 reddunt,
1160 4525 1549 4594 depereuntes.
1586 4523 1704 4581 Hoc
1731 4540 1896 4581 sensu
1928 4523 2049 4580 Sal-

457 4622 615 4669 vator
642 4614 708 4668 dc
734 4615 1017 4685 discipulis
1060 4616 1176 4672 suis
1206 4616 1461 4683 dicebat,
1518 4634 1538 4670 ι
1589 4615 1735 4688 quod
1776 4630 1887 4672 non
1936 4615 2048 4672 sint

458 4706 528 4762 de
557 4706 816 4762 mundo'.
837 4726 855 4762 ι
889 4707 1235 4765 Manifestum
1266 4710 1411 4764 enim
1442 4719 1565 4777 est,
1603 4709 1751 4781 quod
1790 4719 1845 4766 et
1873 4708 1952 4765 illi
1978 4709 2047 4765 ad

2145 3607 2338 3672 θύνους
2367 3607 2470 3679 τῆς
2529 3607 2806 3679 ἁμαρτίας
2854 3606 3221 3680 γραψάμενοι.
3265 3606 3367 3661 Διὰ
3423 3606 3587 3660 τοῦτο
3630 3608 3741 3678 οὑχ

2143 3699 2333 3764 ἁπλῶς
2358 3700 2427 3753 τὰ
2479 3698 2581 3770 τῆς
2615 3699 2885 3772 πονηρίας
2921 3698 3213 3769 πνεύματα
3262 3699 3363 3763 τὰς
3418 3698 3599 3770 ἀρχὰς
3635 3702 3741 3753 καὶ

2145 3791 2397 3857 ἐξουσίας
2432 3790 2612 3859 καλεῖ,
2655 3790 2792 3847 ἀλλὰ
2840 3791 2967 3854 τοὺς
3019 3790 3478 3861 κοσμοκράτορας
3506 3790 3603 3842 καὶ
3637 3789 3740 3842 τοῦ

2144 3884 2354 3953 κόσμου
2386 3884 2521 3955 (72).
2557 3885 2779 3955 Κόσμον
2824 3880 3081 3949 ἐνταῦθα,
3125 3881 3202 3945 ὡς
3233 3881 3355 3945 ἔθος
3386 3884 3452 3953 τῆ
3506 3882 3740 3951 Γραφῇ,

2144 3976 2206 4029 οὑ
2225 3978 2285 4030 τὸ
2305 3976 2702 4048 δημιούργημα
2722 3976 2784 4030 τὸ
2800 3975 2859 4041 ἐξ
2876 3974 3132 4048 οὑρανοῦ,
3156 3974 3250 4027 καὶ
3273 3973 3398 4045 γῆς,
3422 3972 3643 4041 καὶτῶν
3679 3975 3741 4027 ἐν

2149 4067 2301 4139 μέσῳ
2343 4067 2641 4140 προαχθὲν,
2688 4068 2874 4137 ἄπαγε
2906 4083 2923 4101 ο
2961 4066 3108 4121 ἀλλὰ
3140 4068 3344 4136 κόσμον
3376 4066 3505 4131 τοὺς
3542 4067 3613 4118 τὰ
3640 4083 3741 4117 κο-

2149 4160 2327 4233 σμικὰ
2353 4162 2682 4234 φρονήματα
2712 4161 2807 4214 καὶ
2850 4160 3090 4233 σαρκικὰ
3128 4160 3610 4234 ἐπανῃρημένους,
3639 4160 3739 4213 καὶ

2146 4252 2286 4325 πρὸς
2339 4251 2410 4306 τὰ
2436 4253 2533 4317 τὰς
2588 4251 2874 4323 αἰσθήσεις
2922 4251 3188 4319 θέλγοντά
3244 4268 3305 4305 τε
3362 4252 3458 4306 καὶ
3498 4250 3737 4321 ἐκθηλύ-

2147 4363 2307 4399 νοντα
2334 4345 2446 4418 (73)
2469 4344 2863 4417 ἐπτοημένους,
2910 4344 3032 4399 καθ’
3073 4344 3103 4397 ὃ
3141 4343 3547 4415 σημαινόμενον
3586 4343 3683 4396 καὶ
3709 4344 3739 4395 δ

2147 4435 2340 4506 Σωτὴρ
2363 4434 2573 4503 ἔλεγεν,
2608 4433 2740 4505 περὶ
2791 4436 2902 4487 τῶν
2935 4433 3219 4504 μαθητῶν,
3276 4451 3295 4484 ι
3344 4434 3428 4487 ὅτι
3462 4433 3565 4485 οὑκ
3598 4432 3737 4486 εἰσιν

2148 4528 2216 4581 ἐκ
2248 4527 2341 4581 τοῦ
2367 4528 2597 4600 κόσμου.
2627 4546 2647 4580 ι
2675 4525 2914 4597 Εὔδηλον
2939 4525 3039 4595 μὲν
3057 4526 3188 4597 γὰρ,
3215 4524 3415 4580 ὅτιοκαὶ
3440 4515 3594 4576 οὗτοι
3623 4523 3735 4593 (74)

2149 4621 2216 4674 ἐκ
2242 4619 2336 4674 τοῦ
2370 4619 2858 4692 δημιουργήματος
2890 4613 3055 4690 ἦσαν,
3089 4616 3279 4688 ὥσπερ
3313 4616 3427 4689 (75)
3461 4615 3560 4669 καὶ
3602 4616 3741 4685 σύμ·

2150 4727 2261 4789 παν
2290 4710 2352 4764 τὸ
2373 4708 2714 4781 ἀνθρώπινον
2758 4709 2935 4779 γένος.
2973 4726 2993 4761 ι
3042 4707 3185 4761 Ἀλλ’
3212 4708 3313 4761 οὑκ
3347 4702 3515 4778 ἦσαν,
3547 4708 3736 4775 φησὶν,

459 4799 758 4867 mundum,
792 4809 1049 4868 tanquam
1084 4802 1364 4873 opiﬁcium
1396 4802 1494 4859 Dei
1521 4842 1537 4868 ,
1562 4804 1707 4860 sicut
1741 4813 1915 4859 totum
1948 4805 2034 4859 ho-

2149 4804 2216 4857 ἐκ
2246 4802 2340 4857 τοῦ
2370 4802 2631 4873 κόσμου,›
2662 4802 2963 4867 τουτέστιν,
2991 4800 3094 4855 οὐκ
3128 4796 3269 4872 ἦσαν
3298 4801 3363 4852 ἐκ
3394 4798 3505 4852 τῶν
3534 4800 3740 4869 ἐπτοη-

458 4892 668 4946 minum
704 4907 899 4962 genus,
925 4892 1289 4962 pertinebant.
1325 4893 1593 4951 «Eosdem
1632 4909 1764 4951 vero
1788 4910 1853 4950 ex
1882 4910 2041 4950 mun-

462 4984 532 5039 do
571 5000 679 5039 non
708 5001 827 5041 esse
866 5005 885 5037 ι
916 4988 1010 5052 ait,
1054 4988 1157 5043 hoc
1185 4996 1290 5053 est,
1328 5004 1435 5042 non
1476 4998 1724 5043 erantex
1766 4987 1873 5043 illis
1900 5026 1916 5050 ,
1949 4986 2044 5057 qui

463 5079 627 5135 ﬂuxis
652 5090 707 5135 et
737 5080 988 5135 inanibus
1019 5082 1309 5136 mundana:
1333 5081 1588 5136 vanitatis
1619 5089 1672 5135 et
1706 5080 1919 5136 fraudis
1946 5082 2045 5135 de-

462 5170 759 5225 linimentis
799 5182 1144 5241 caperentur.
1195 5170 1371 5227 Voces
1412 5186 1579 5243 porro
1618 5172 1775 5235 illas,
1830 5174 1889 5224 εν
1933 5170 2049 5232 τοῖς

2153 4893 2329 4962 μένων
2352 4892 2489 4963 πρὸς
2508 4892 2577 4946 τὰ
2592 4891 2806 4963 φθαρτὰ
2844 4890 2937 4945 καὶ
2962 4888 3204 4961 ἐπίκηρα
3228 4889 3326 4959 τῆς
3342 4888 3619 4958 κοσμικῆς
3647 4905 3743 4959 μα·

2151 4987 2440 5057 ταιότητος
2463 4987 2560 5040 καὶ
2590 4986 2829 5057 ἀπάτης.
2866 4984 2941 5038 Τὸ
2965 4984 3044 5051 δὲ,
3070 5001 3089 5036 ι
3119 4986 3177 5036 ἐν
3195 4984 3307 5045 τοῖς
3330 4982 3734 5053 ἐπονρανίοις,ι

2153 5078 2296 5140 τινὲς
2331 5076 2433 5148 μὲν
2470 5078 2531 5130 τὸ
2576 5076 2871 5147 πρόχειρον
2913 5075 3009 5129 τοῦ
3060 5071 3447 5145 φιλανθρώπου
3475 5072 3743 5143 προτιμήο

2159 5185 2376 5232 σαντες,
2410 5167 2880 5239 μεταπλάττοντες
2903 5168 3005 5239 τὴν
3032 5167 3130 5239 τῆς
3166 5166 3367 5232 λέξεως
3396 5164 3595 5237 ἀρχὴν,
3619 5163 3739 5226 οὐκ,

552 5353 597 5385 ⁸⁸
628 5352 671 5407 11
696 5351 823 5407 Cor.
861 5369 959 5418 xu,
985 5354 1071 5408 Il.
1148 5354 1164 5384 ¹
1197 5351 1398 5422 Ephes.
1429 5367 1508 5414 vr,
1548 5350 1638 5404 12.
1701 5352 1723 5382 ¹
1757 5347 1799 5404 11
1829 5347 1977 5405 Pctr.
2008 5366 2034 5404 ιη

2145 5348 2195 5403 9.
2258 5348 2279 5380 ³
2303 5346 2461 5402 Joan.
2491 5363 2582 5413 xv,
2616 5348 2703 5402 19.

1950 5466 2181 5523 ΝυΤᾹΞ.

534 5561 648 5633 (70)
679 5559 833 5633 Coll).
857 5576 955 5631 pro
989 5561 1439 5633 ὑποσπορείσθαι.

560 5632 648 5702 Ἡ)
673 5632 898 5686 ἐκείνων
926 5632 1123 5702 scripsi
1149 5648 1245 5703 pro
1269 5633 1475 5703 éxeivpt.

560 5637 648 5702 71)
673 5637 898 5686 ἐκείνων
926 5637 1123 5702 scripsi
1149 5648 1245 5703 pro
1269 5637 1475 5686 ἐκεῖνα.

686 5703 970 5762 Excidisse
996 5712 1126 5775 puto
1151 5703 1363 5757 τούτου.
1396 5701 1487 5759 Sic
1516 5702 1664 5771 enim
1712 5702 1879 5760 habet
1909 5718 2047 5759 con-

2220 5558 2333 5630 (73)
2361 5556 2540 5630 Coile
2579 5557 2962 5628 ἐνθηὶύνοντα.

2229 5623 2341 5699 (74)
2367 5628 2460 5681 καὶ
2483 5623 2652 5692 οὗτοι,
2685 5623 2869 5683 addidi
2910 5647 2975 5684 ex
3011 5625 3169 5682 Colb.

2221 5701 2332 5771 (75)
2368 5701 2507 5753 idem
2536 5715 2635 5769 pro
2660 5700 2755 5762 ὡς.
