3880 6206
225 331 331 397 713

1144 343 1245 404 AD
1285 344 1876 408 AMPHILOCHIUM
1912 348 2259 419 QUJESTIO
2285 352 2554 416 CXXIII:

3390 353 3495 425 7M

236 440 579 538 ἐπουρανίοις
599 441 736 513 (76),
760 442 897 512 ἀλλ’,
917 444 1289 519 ὐπουρανίοις,
1310 454 1681 523 ἐξακούουσιν,
1704 460 1804 529 οὐχ·

1923 462 2252 532 ὶπουρανίοιξ
2286 467 2557 530 nonnulli,
2586 465 2663 531 id,
2685 465 2832 536 quod
2863 468 3102 538 primum
3130 470 3350 527 obvium
3384 484 3488 538 est,

227 533 400 595 οὕτως
428 534 529 603 τῆς
561 535 713 607 ἱερᾶς
736 538 894 607 ἡμῶν
918 541 1141 613 Γραφῆς
1163 546 1417 619 ἐχούσης,
1458 552 1550 605 καί
1580 571 1711 623 φασι
1739 556 1808 609 τὰ

190 659 196 664 -
226 627 479 697 δαιμόνια
505 630 789 687 καλεῖσθαι
824 636 1152 708 ὐπουράνια,
1190 642 1436 697 τουτέστι
1462 643 1532 697 τὰ
1558 662 1806 716 πνευμα-

227 718 356 772 τικὰ
380 721 476 792 τῆς
500 725 789 794 πονηρίας.
815 726 925 780 Καὶ
950 728 1061 796 γὰρ
1085 730 1187 784 κᾶν
1206 749 1264 785 τε
1286 734 1415 806 περὶ
1435 736 1597 807 ἀέρα,
1629 739 1730 792 κᾶν
1748 757 1807 795 τε

230 810 370 904 περὶ,
524 815 704 869 αὐτῶν
737 819 770 888 ἡ
806 817 1084 891 διατριϐὴ,
1108 822 1260 877 οὐδὲν
1281 820 1443 896 ἦττον
1475 830 1542 882 ἂν
1569 831 1808 904 ὑπουρά-

228 917 317 953 νια
346 902 561 976 ῥηθείη.
602 904 765 960 Ἀλλὰ
814 910 1022 964 τούτων
1084 912 1182 982 μὲν
1211 914 1315 968 κᾶν
1362 918 1395 987 η
1450 917 1659 975 διάνοια
1706 902 1825 977 οὐχ’

228 992 455 1064 ἀσεϐὴς,
509 998 660 1065 ὅμως
688 1000 720 1054 6
767 1003 1164 1074 μεταπλασμδς
1202 1007 1303 1061 οὐκ
1336 1010 1587 1083 εὐσεϐής.
1621 1015 1694 1068 Οὐ
1728 1017 1809 1070 δεῖ

227 1085 335 1157 γὰρ
364 1088 477 1181 οὐδ’
505 1090 663 1181 ϐλως,
692 1094 801 1147 οὐδ’
836 1097 923 1164 ἐφ’
957 1098 1038 1152 ἐνὶ
1082 1100 1392 1172 γράμματι,
1448 1110 1809 1181 παραχαράτ-

228 1192 341 1229 τειν
379 1178 480 1241 τὰς
508 1179 680 1246 λέξεις
708 1182 809 1247 τὰς
842 1185 1015 1255 ἱερὰς,
1070 1188 1310 1257 μάλιστά
1335 1209 1397 1260 γε
1425 1195 1536 1265 (77)
1589 1178 1687 1251 ὅτι*
1712 1200 1808 1252 καὶ

345 1270 822 1362 Αάπαραχαράκτου
850 1278 1050 1345 λέξεως
1073 1282 1326 1351 ἐχούσης,
1348 1285 1423 1350 ὠς
1450 1286 1610 1359 ἔφην,
1641 1290 1809 1362 ἀνεμ-

225 1359 497 1454 ποδίστως
549 1365 715 1434 ήτοῦ
774 1369 941 1439 ῥητοῦ
992 1372 1209 1441 πρόεισι
1256 1374 1484 1430 διάνοια.
1546 1380 1655 1434 Καὶ
1699 1359 1808 1454 γάρ

226 1453 526 1523 ἐπουράνια
557 1457 651 1509 καὶ
684 1459 753 1512 τὰ
783 1460 935 1525 ἐντὸς
969 1462 1066 1516 τοῦ
1117 1464 1348 1534 οὐρανοῦ
1396 1469 1588 1525 εἴωθεν
1621 1453 1810 1528 καλεί-

227 1544 375 1636 σθαι,
411 1540 522 1600 οἷον
543 1550 572 1600 ὀ
600 1550 711 1620 ἀήρ
732 1566 746 1582 δ
784 1552 879 1605 καὶ
912 1555 1064 1609 οὐδὲν
1088 1558 1309 1626 κωλύει,
1341 1560 1409 1614 τὰ
1432 1565 1490 1617 ἐν
1513 1564 1665 1636 αὐτῷ
1694 1566 1811 1621 δια-

223 1635 480 1728 τρίϐοντα
514 1638 647 1709 (78),
674 1643 922 1699 τουτέστι
958 1645 1027 1700 τὰ
1049 1650 1397 1718 πνευματικὰ
1416 1654 1516 1724 τῆς
1539 1635 1810 1728 πονηρίας

223 1727 506 1821 δαιμόνια,
541 1731 652 1787 ἀπὸ
679 1735 779 1807 τῆς
806 1738 865 1790 ἐν
910 1738 1061 1810 αὐτῷ
1080 1739 1366 1814 διατριϐῆς
1389 1743 1565 1812 οὕτως
1608 1727 1810 1821 ὀνομά-

222 1818 435 1884 ζεσθαι.

294 2120 656 2191 Πνευματικὰ
685 2124 743 2179 δὲ
773 2123 1010 2199 εἴρηται,
1057 2130 1139 2183 ὅτι
1182 2131 1391 2201 σαρκὸς
1438 2133 1533 2187 καὶ
1576 2135 1809 2205 αἵματος

213 2214 277 2267 οὐ
314 2215 553 2284 μετέχει,
582 2216 719 2271 ἀλλὰ
750 2219 914 2274 ᾶῦλόν
943 2238 1065 2275 τινα
1089 2222 1182 2276 κα)⁵
1212 2224 1460 2296 ἄσαρκον
1497 2225 1596 2297 τὴν
1618 2227 1809 2281 οὐσίαν

215 2305 315 2358 ἀπ’
344 2307 521 2378 ἀρχῆς
563 2309 969 2381 ἐκληρώσαντο.
1008 2314 1458 2388 Ἀκολουθότερον
1492 2319 1539 2372 δ’
1594 2319 1660 2373 ἄν
1721 2338 1808 2385 τις

215 2397 314 2449 καὶ
343 2397 438 2450 τοῦ
490 2400 860 2471 προκειμένου
899 2404 1058 2477 φαίη,
1096 2406 1173 2470 ὼς
1226 2409 1527 2481 ἐπουράνια
1574 2411 1809 2466 ἐνταῦθα

211 2488 317 2557 τὴν
366 2489 648 2545 εὐσέϐειάν
692 2509 753 2545 τε
783 2495 880 2547 καὶ
933 2496 1035 2560 τὰς
1064 2498 1268 2569 ἀρετὰς
1301 2502 1651 2573 ἐπωνόμασε.
1698 2506 1810 2561 Καὶ

212 2581 329 2651 γὰρ
357 2582 447 2635 διὰ
473 2583 648 2638 ταῦτα
679 2586 778 2657 τὴν
802 2587 913 2642 τῶν
931 2590 1180 2660 οὐρανῶν
1206 2590 1684 2668 κληρώοτούμεθα
1709 2598 1802 2669 βα-

215 2673 451 2741 σιλείαν,
481 2678 574 2729 καὶ
599 2676 714 2732 ἐστι
751 2680 884 2750 ἡμῖν
911 2680 945 2751 ἡ
970 2682 1117 2754 πάλη
1145 2700 1165 2735 ι
1205 2683 1343 2755 πρὸς
1361 2686 1430 2740 τὰ
1459 2690 1810 2759 πνευματικά

211 2765 319 2835 τῆς
347 2769 613 2839 πονηρίας
643 2789 662 2821 ι
697 2771 755 2823 ἐν
775 2773 896 2835 ταῖς
912 2774 1135 2843 ἀρεταῖς
1157 2791 1218 2829 τε
1243 2779 1337 2831 καὶ
1360 2778 1419 2832 ἐν
1441 2781 1508 2852 τῇ
1531 2781 1805 2855 εὐσεϐείᾳ,

212 2857 382 2929 ἡμῶν
411 2858 512 2929 μὲν
539 2862 842 2931 κατορθοῦν
864 2864 1041 2919 ταῦτα
1089 2867 1522 2938 σπουδαζόντων,
1579 2875 1807 2931 ἐκείνων

212 2953 272 3009 δὲ
324 2953 417 3006 τὸν
469 2954 696 3009 δυνατὸν
743 2956 932 3023 αὐτοῖς
987 2961 1193 3029 τρόπον
1247 2965 1656 3036 άντιτιθέντων,
1709 2971 1808 3025 καὶ

214 3044 398 3098 πάντα
436 3044 676 3116 πόλεμον
706 3048 821 3119 (79)
847 3050 1276 3124 άναδεχομένων.
1309 3060 1402 3112 Διὸ
1428 3061 1607 3130 σοφῶς
1635 3062 1748 3134 (80)
1779 3066 1806 3117 6

1917 551 2034 617 illi,
2070 556 2213 623 quod
2244 556 2538 613 humanius
2580 567 2695 626 est,
2734 558 3084 629 praeferentes
3108 601 3123 625 ,
3157 573 3365 620 mutato
3396 581 3492 622 voc

1916 645 1997 701 eis
2022 646 2176 702 initio
2205 665 2312 704 non
2346 652 2694 722 ἐπουρανίοις
2715 694 2730 716 ,
2762 654 2857 711 sed
2894 654 3245 727 ὑπουρανίοις
3308 659 3495 731 legunt

1916 737 2190 807 (quamvis
2218 741 2292 796 ita
2314 743 2531 812 quidem
2552 744 2768 801 codices
2794 746 2938 801 sacri
2958 760 3067 819 non
3097 746 3379 817 habeant),
3407 750 3493 802 di-

1915 843 2158 903 cuntque
2199 835 2469 892 daemonia
2516 838 2856 909 ὑπουράνια,
2923 839 3027 894 hoc
3059 849 3142 895 est
3189 841 3495 906 spiritualia

1916 927 2183 996 nequitiae,
2217 928 2498 997 appellari.
2518 928 2779 993 Quamvis
2802 929 2945 985 enim
2974 930 3089 985 sive
3114 931 3263 985 circa
3286 946 3492 993 aerem,

1915 1020 2032 1074 sive
2081 1018 2228 1074 circa
2275 1029 2476 1074 terram
2526 1019 2614 1074 illa
2662 1030 2987 1088 versentur,
3026 1022 3282 1091 utrinque
3322 1022 3493 1074 ὑπου-

1919 1112 2078 1184 ρανία
2111 1111 2297 1168 vucari
2339 1126 2517 1182 posse.
2552 1110 2657 1166 Sed
2691 1129 3001 1182 quanquam
3036 1115 3148 1169 ham
3178 1130 3369 1169 eorum
3402 1129 3496 1168 co-

1917 1208 2084 1280 gitata
2129 1222 2237 1261 non
2284 1204 2448 1276 impia
2490 1208 2622 1269 sint,
2657 1207 2886 1261 mutatio
2923 1217 3102 1261 tamen
3136 1206 3227 1261 illa
3271 1223 3380 1262 non
3412 1217 3497 1262 est

1917 1302 2029 1371 pia.
2092 1299 2255 1353 Nullo
2306 1298 2450 1352 enim
2514 1297 2719 1363 modo,
2775 1314 2845 1353 ne
2904 1299 2974 1352 ad
3049 1314 3213 1353 unam
3274 1301 3495 1369 quidem

1914 1394 2153 1450 litteram
2201 1391 2472 1447 dictiones
2502 1406 2690 1446 sacras
2724 1400 2936 1445 mutare
2967 1391 3047 1446 fas
3074 1400 3180 1456 est,
3217 1393 3491 1463 inprimis.

1916 1504 2041 1544 cum
2068 1503 2134 1543 ex
2164 1486 2396 1541 lectione
2422 1524 2439 1550 ,
2478 1498 2643 1552 quam
2684 1482 2837 1549 dixi,
2870 1485 3020 1538 salva
3071 1494 3125 1540 et
3167 1484 3493 1542 intemerata

1917 1576 2242 1634 commodus
2294 1575 2398 1631 loci
2439 1589 2636 1631 sensus
2687 1575 2929 1643 prodeat.
2974 1575 3310 1647 Ἐπουράνια
3346 1576 3492 1630 enim

1916 1671 2079 1727 etiam
2131 1670 2222 1723 illa
2277 1667 2456 1723 vocari
2497 1668 2707 1731 solent,
2758 1683 2880 1736 qua)
2925 1667 3066 1722 coelo
3115 1668 3492 1734 continentur,

1917 1762 2065 1818 verbi
2101 1776 2269 1817 causa
2304 1777 2397 1815 aer
2429 1778 2441 1813 :
2480 1759 2725 1829 nihilque
2748 1762 2931 1814 obstat
3021 1761 3342 1830 quominus,
3376 1777 3495 1831 qum

1913 1853 1970 1907 in
2009 1851 2149 1907 coelo
2198 1859 2487 1906 versantur
2514 1889 2528 1915 ,
2591 1851 2695 1903 hoc
2738 1858 2823 1903 est
2863 1848 3172 1917 spiritualia
3232 1850 3494 1920 nequitia:

1910 1945 2200 2011 daemonia,
2254 1961 2285 1999 a
2318 1959 2412 1999 sua
2466 1944 2519 1998 in
2570 1943 2664 1997 illo
2707 1943 3137 2000 commoratione
3183 1943 3256 1997 ita
3310 1944 3495 2013 appel—

1911 2034 2110 2093 lentur.

1985 2128 2299 2200 Spiritualia
2330 2142 2459 2182 vero
2500 2122 2787 2193 vocantur,
2826 2127 2974 2196 quod
3020 2143 3241 2183 carnem
3282 2137 3337 2184 et
3366 2143 3496 2184 san-

1912 2223 2131 2293 guinem
2178 2236 2283 2275 non
2324 2220 2543 2285 habent,
2592 2220 2685 2275 sed
2724 2221 2793 2275 ab
2836 2220 2992 2276 initio
3033 2223 3330 2276 essentiam
3375 2238 3494 2276 ma-

1910 2314 2058 2369 teriae
2078 2322 2130 2367 ct
2160 2313 2345 2369 Carnis
2381 2323 2659 2382 expertem
2689 2322 2847 2368 nacta
2889 2322 3037 2369 sunt.
3073 2312 3143 2367 At
3173 2323 3497 2383 argumento

1910 2407 2323 2464 convenientius
2352 2407 2576 2470 dixeris,
2611 2406 2915 2477 ἐπουράνια
2944 2406 3046 2459 hoc
3084 2408 3205 2461 loco
3240 2408 3493 2477 pietatem

1909 2509 1963 2555 et
1985 2501 2213 2556 virtutes
2263 2499 2544 2570 appellari.
2602 2497 2832 2568 Propter
2902 2499 2994 2553 illa
3060 2499 3207 2553 enim
3265 2515 3494 2570 regnum

1911 2594 2175 2650 cmlorum
2228 2593 2628 2663 adipiscimur,
2693 2594 2950 2664 luctaque
3004 2593 3141 2649 adeo
3202 2595 3362 2650 nobis
3414 2603 3499 2650 est

1916 2706 1934 2739 ‹
1966 2687 2230 2743 adversus
2278 2685 2583 2755 spiritualia
2622 2686 2881 2756 nequitiae
2913 2705 2931 2740 ›
2983 2687 3038 2742 in
3069 2686 3335 2742 virtutum
3382 2687 3497 2757 pie-

1910 2780 2151 2850 tatisque
2199 2779 2401 2844 studio,
2436 2776 2658 2848 quando
2705 2793 2807 2833 nos
2854 2778 3073 2849 quidem
3127 2778 3236 2835 illis
3273 2793 3496 2849 operam

1909 2874 2126 2939 damus,
2189 2871 2281 2927 illa
2340 2884 2496 2935 vero,
2545 2869 2727 2941 quoad
2769 2878 3023 2940 possunt,
3073 2885 3133 2925 se
3191 2880 3496 2941 opponunt,

1909 2977 1962 3022 et
1991 2965 2190 3021 bellum
2243 2960 2607 3032 undequaque
2642 2971 2880 3016 movent.
2913 2959 3210 3031 Propterea
3248 2976 3496 3017 conmm-

1910 3058 1996 3113 nis
2038 3055 2187 3113 orbis
2231 3056 2426 3110 doctor
2470 3053 2745 3122 sapienter
2792 3061 2847 3107 et
2890 3055 3282 3108 convenienter
3313 3052 3493 3107 dixit:

212 3135 344 3228 τῆς
370 3136 698 3228 οἰκουμένης
759 3138 1081 3206 διδάσκαλος
1112 3145 1235 3199 καὶ
1261 3147 1536 3218 ἁρμοδίως
1571 3151 1697 3224 ἔφη,
1736 3155 1808 3221 ὡς

1925 3169 1941 3201 ι
1973 3148 2094 3204 Non
2136 3157 2221 3203 est
2254 3146 2416 3202 nobis
2447 3145 2593 3200 lucta
2634 3144 2901 3200 adversus
2934 3144 3257 3214 sanguinem
3294 3151 3350 3199 et
3373 3158 3497 3198 car-

219 3242 239 3276 ‹
275 3226 395 3280 Οὐκ
414 3226 561 3282 ἐστιν
577 3230 708 3299 ἡμῖν
742 3230 776 3302 ἠ
804 3232 951 3303 πάλη
984 3233 1121 3305 πρὸς
1148 3231 1288 3307 αἷμα
1318 3240 1413 3293 καὶ
1433 3241 1631 3313 σάρκα,
1671 3245 1808 3302 ἀλλὰ

1923 3256 2062 3307 nem,
2107 3238 2203 3295 sed
2238 3238 2507 3295 adversus
2554 3236 2864 3307 spiritualia
2897 3236 3179 3305 nequitiae,
3215 3254 3233 3285 ι
3267 3235 3372 3290 Ιιοε
3416 3245 3502 3290 εει

213 3318 358 3388 πρὸς
390 3324 460 3373 τὰ
501 3324 851 3391 πνευματικὰ
884 3326 983 3397 τῆς
1015 3329 1303 3400 πονηρίας,
1342 3349 1363 3384 ι
1416 3335 1686 3403 τουτέστι,
1740 3341 1809 3393 τά

219 3411 362 3481 μήτε
387 3413 552 3481 σαρκὶ
584 3414 726 3484 μήτε
764 3415 960 3486 αἵματι
992 3419 1353 3490 συνδεδεμένα
1393 3422 1665 3496 δαιμόνια.
1700 3432 1806 3485 Καὶ

214 3500 342 3554 τότε
371 3503 428 3555 ἐν
455 3505 568 3559 τίσι
598 3506 695 3560 καὶ
734 3507 863 3579 περὶ
888 3509 1055 3563 τίνων
1101 3514 1129 3565 ὀ
1170 3513 1447 3585 πόλεμος;
1502 3535 1520 3568 ι
1572 3519 1660 3572 Ἐν
1694 3526 1807 3588 τοῖς

216 3593 586 3665 ἐπουρανίοις,
636 3618 654 3651 ι
716 3601 904 3670 φησὶν,
954 3603 1238 3659 τουτέστιν
1267 3607 1325 3661 ἐν
1365 3612 1478 3673 τοῖς
1519 3614 1810 3682 προξένοις

216 3685 310 3740 τοῦ
343 3689 596 3757 οὐρανίου
632 3691 1016 3764 σκηνώματος,
1072 3695 1210 3768 ὅπερ
1268 3698 1439 3766 ἐστὶν,
1470 3702 1546 3768 ὡς
1571 3705 1809 3777 εἴρηται,

216 3781 251 3848 ἡ
280 3779 559 3849 εὐσέϐεια,
581 3784 675 3836 καὶ
701 3784 809 3840 τῶν
838 3787 1052 3859 ἀρετῶν
1081 3788 1109 3844 ὀ
1139 3788 1321 3862 χορός.
1349 3795 1412 3848 El
1437 3795 1496 3849 δέ
1527 3814 1613 3862 τις
1665 3800 1805 3872 (8i),

225 3890 245 3924 ι
287 3873 350 3926 ἐν
379 3876 492 3938 τοῖς
526 3876 874 3947 ἐπουρανίοις
912 3898 931 3932 ›
969 3886 1393 3956 προχειρότερον
1428 3889 1683 3945 ἐκλαϐεῖν
1716 3892 1806 3948 θέ-

219 3967 302 4057 λοι
335 3967 507 4040 αὐτὴν
532 3970 634 4043 τὴν
663 3974 987 4044 ἐπουράνιον
1015 3980 1322 4044 κατοικίαν,
1350 3983 1445 4037 καὶ
1471 3984 1615 4039 οὕτω
1646 3985 1758 4057 (89)
1781 3987 1811 4042 6

218 4056 318 4126 τῆς
354 4058 635 4126 εὐσεϐείας
682 4064 808 4129 νοῦς
850 4066 1147 4125 εὐοδοῦται.
1181 4071 1291 4126 Καὶ
1327 4073 1433 4144 γὰρ
1464 4076 1496 4146 ἡ
1537 4056 1676 4147 πρὸς
1705 4056 1810 4133 αὐ-

219 4148 348 4241 τούς
377 4151 495 4241 ἐστι
530 4154 698 4225 πάλη,
728 4157 888 4227 ἡμῶν
920 4160 1018 4230 μὲν
1045 4162 1466 4235 ἀγωνιζομένων
1494 4171 1679 4238 τυχεῖν
1709 4170 1810 4241 τῆς

219 4238 471 4310 οὐρανίου
501 4243 876 4316 κληροδοσίας,
906 4251 1130 4307 ἐκείνων
1150 4254 1206 4307 δὲ
1239 4257 1336 4308 τοῦ
1380 4252 1649 4330 στερῆσαι
1675 4238 1812 4316 ταύ-

218 4343 320 4400 της
348 4332 442 4385 καὶ
471 4333 639 4404 ἡμᾶς,
668 4334 729 4407 ἐξ
754 4330 820 4408 ἧς
849 4339 1001 4392 αὐτοὶ
1032 4340 1558 4400 καταπεπτώκασιν.

771 4428 1105 4483 ΕΡΩΤΗΣΙΣ
1146 4431 1274 4486 ΚΓ.

221 4514 335 4594 Διίί
351 4515 708 4594 τέᾼῌράξεις.
749 4517 871 4573 τῶν
912 4522 1276 4594 ἀποοξτόνζων
1324 4524 1711 4594 ἐπιγράφεται
1742 4527 1812 4585 τὸ

286 4586 559 4662 βιϐλίον,
607 4589 984 4662 κᾳίτοιγεᾼοὺ
1012 4590 1131 4645 τῶν
1158 4592 1389 4647 δώδεκα
1414 4586 1663 4662 πράξεις
1697 4614 1804 4651 πε-

286 4657 497 4734 ριέχει,
529 4658 694 4734 άλελᾲ
711 4657 1195 4734 κατῖᾀρχὰς-μὲν
1224 4657 1494 4734 θαύματᾶ
1516 4657 1616 4720 καὶ
1640 4657 1806 4721 διδα-

292 4728 563 4808 (Ξξιατῑίαρς
596 4729 813 4808 ὀλίγην
841 4728 973 4808 (ὃξ)
996 4728 1147 4808 ubi:
1165 4728 1549 4808 ἀποστόλων,
1580 4737 1804 4808 ἐφεξῆς

293 4795 363 4848 δὲ
383 4800 471 4863 εὶς
507 4795 1026 4855 Ιιαῦλόνήκιύοεῖται
1064 4802 1233 4859 πᾶσα
1258 4806 1297 4874 ἡ
1328 4795 1733 4876 πραγμὰτὲίιιξ

1912 3333 2177 3388 adversus
2204 3331 2496 3395 daemonia,
2529 3345 2632 3385 nec
2667 3327 2821 3385 carni
2866 3343 2965 3384 nec
3002 3326 3255 3398 sanguini
3283 3327 3496 3398 juncta.

1911 3425 2121 3480 Bellum
2162 3438 2292 3479 vero
2331 3422 2464 3478 illud
2507 3422 2561 3476 in
2595 3420 2797 3492 quibus
2836 3428 2891 3475 et
2933 3418 3002 3475 de
3040 3419 3241 3489 quibus
3282 3417 3502 3491 agitur?

1918 3537 1936 3570 ι
1973 3518 2025 3571 In
2057 3516 2394 3582 ccclestibus,
2422 3535 2439 3567 ι
2472 3515 2675 3585 inquit,
2702 3514 2807 3567 hoc
2835 3521 2917 3569 est
2942 3512 2997 3566 in
3028 3511 3139 3567 illis
3168 3511 3355 3574 rebus,
3375 3527 3500 3581 quae

1913 3609 2138 3665 emleste
2182 3606 2556 3661 habitaculmn
2602 3604 2765 3659 nobis
2800 3602 3117 3659 conciliant.
3165 3600 3328 3658 Tales
3366 3618 3499 3655 vero

1914 3708 2062 3764 sunt,
2104 3708 2162 3755 ut
2197 3699 2468 3753 monitum
2517 3704 2622 3763 est,
2670 3697 2846 3767 pietas
2886 3704 2941 3751 et
2974 3694 3242 3750 virtutum
3271 3696 3494 3751 chorus.

1914 3790 1971 3845 Si
2016 3790 2140 3860 quis
2183 3802 2312 3843 vero
2357 3785 2605 3858 phrasin,
2660 3803 2680 3839 ι
2711 3787 2765 3841 in
2818 3784 3160 3853 coelestibus,
3196 3803 3216 3839 ι
3268 3786 3500 3857 prepius

1912 3879 2165 3950 accipere
2214 3877 2372 3932 malit
2399 3875 2468 3933 de
2516 3875 2724 3933 caelesti
2766 3876 3125 3945 habitatione,
3166 3884 3223 3933 et
3254 3878 3331 3933 sic
3357 3890 3500 3947 quo-

1911 3986 2018 4043 que
2048 3976 2239 4026 sancta
2257 3968 2414 4025 Pauli
2445 3982 2600 4024 mens
2628 3967 3007 4040 perspicietur.
3034 3967 3206 4024 Lueta
3236 3970 3382 4023 enim
3403 3968 3505 4021 ad-r

1910 4077 2108 4118 versus
2130 4061 2411 4117 daemonas
2441 4058 2763 4130 suscipitur,
2794 4059 2954 4115 nobis
2980 4059 3204 4130 quidem
3234 4059 3300 4115 ad
3334 4061 3499 4115 coale-

1911 4163 2052 4211 stem
2081 4151 2454 4208 haareditatem
2480 4149 2960 4216 contendentibus,
2989 4149 3100 4206 illis
3124 4164 3256 4204 vero
3281 4150 3498 4219 eadem,

1913 4262 2023 4318 qua
2056 4244 2161 4317 ipsi
2189 4244 2539 4309 exciderunt,
2567 4244 2734 4299 etiam
2767 4258 2871 4300 nos
2901 4243 3122 4314 privare
3152 4242 3500 4299 conantibus.

1913 4382 2491 4496 QUIESTIOCXXIII
2530 4422 2719 4495 [00:81.
2768 4420 2977 4489 CXLV,
3025 4421 3191 4477 Taur.
3242 4419 3497 4495 CXLIV}.

1919 4522 2097 4590 Quare
2142 4519 2273 4573 liber
2300 4516 2533 4590 Actuunt
2564 4514 2995 4590 Aapostoticorum
3046 4515 3127 4568 ita
3168 4513 3500 4575 inscribitur,

1984 4608 2106 4646 cum
2148 4598 2322 4643 tamen
2353 4586 2627 4640 duodecim
2665 4584 3028 4654 apostolorum
3083 4594 3203 4638 acta
3246 4600 3350 4637 non
3379 4600 3504 4637 cono

1984 4665 2170 4720 tiueat,
2223 4658 2312 4712 sed
2366 4656 2519 4727 initio
2558 4656 2773 4727 quidem
2822 4656 3084 4709 miracula
3128 4665 3177 4709 et
3231 4656 3502 4727 doctrinas

1982 4747 2181 4801 paucas
2218 4725 2829 4801 apostoloruntnpostea
2857 4742 2978 4781 vero
3014 4736 3127 4781 tota
3158 4728 3410 4779 tractatio
3447 4725 3505 4778 in

1986 4798 2221 4858 Paulum
2260 4805 2597 4853 convertatur
2616 4798 2640 4851 ?

362 4909 619 4961 Editarum
643 4928 672 4961 a
706 4911 884 4961 Wolfio
905 4917 1073 4962 octava
1098 4913 1154 4976 (ι.
1181 4926 1246 4975 ε.,
1268 4928 1318 4978 p.
1339 4915 1566 4964 750-732.
1591 4917 1815 4967 Galland.
1837 4932 1889 4981 p.
1927 4915 2040 4973 722,
2061 4912 2172 4972 725,
2193 4923 2245 4959 n.
2268 4908 2372 4969 24)-
2394 4934 2457 4944 --
2478 4907 2553 4957 De
2576 4905 2727 4957 ῐίωιο
2746 4910 2965 4957 Alituum
2990 4908 3348 4971 δροεῑοιονυω·

293 4992 420 5047 ’Ὁτι
443 4992 700 5065 Πράξεις,
732 4994 898 5066 φησὶν
924 4995 1059 5066 (84),
1085 4990 1195 5052 τῶν
1231 4998 1547 5052 ἀποστόλων
1574 5000 1802 5070 ἐπιγρά-

221 5084 465 5155 φεταιτδ
495 5086 723 5157 βιϐλίον,
754 5086 1001 5157 καίτοιγε
1045 5088 1107 5142 οὐ
1150 5089 1258 5145 τῶν
1310 5088 1523 5145 δώδεκα
1570 5092 1804 5163 πράξεις

1984 4998 2221 5052 Aetuum
2276 4991 2733 5064 apostolieorum,
2790 4991 2988 5060 inquit,
3044 4990 3181 5046 liber
3240 5000 3515 5055 vocatur,.

1911 5090 2165 5162 quamvis
2206 5086 2496 5143 duodecim
2526 5084 2903 5156 apostolorum
2935 5094 3059 5143 acta
3102 5100 3215 5141 non
3253 5088 3497 5157 comple-

1738 5182 1975 5241 ΝΟΤιΕ.

284 5273 398 5341 (76)
420 5273 473 5327 ld
504 5272 730 5341 quidem
756 5276 809 5328 in
830 5275 981 5330 nullo
1006 5274 1198 5332 codice
1217 5277 1396 5332 adhuc
1412 5277 1692 5333 inventum
1711 5289 1815 5335 est.

221 5343 586 5419 Gu_ndlingiu_s
634 5354 816 5419 tamen
854 5348 935 5419 ita
985 5346 1373 5419 legi_volebat_,
1416 5358 1609 5403 contra
1652 5364 1816 5419 quem

222 5413 614 5489 Vldqugﬂnin
635 5415 801 5469 Curis
835 5416 971 5470 meis
991 5413 1066 5489 ad
1103 5415 1304 5489 Ephes.
1346 5417 1385 5471 Ι.
1422 5432 1471 5473 c.
1512 5413 1814 5489 disputavi.

297 5485 408 5556 (77)
431 5484 587 5556 C_olb.
614 5498 763 5556 recte
810 5502 908 5556 pro
942 5484 1209 5541 κάλλιστά
1230 5504 1315 5555 γε.

300 5553 411 5626 (78)
448 5553 886 5626 διατρίϐονταξὲν
909 5556 1080 5626 αὐτῷ,
1115 5573 1184 5612 ex
1218 5553 1374 5613 Coll).
1396 5558 1600 5614 addidi.

302 5624 413 5695 (79)
447 5626 590 5695 Idem
616 5640 715 5694 pro
740 5625 1023 5695 πολέμιον.

233 5692 559 5820 damnate
609 5692 961 5779 scribendum
1024 5712 1126 5766 pro
1184 5699 1368 5770 σοφός,
1429 5698 1577 5772 quod
1630 5709 1716 5758 est
1757 5700 1812 5755 in

277 5781 458 5819 OISIIII.

306 5835 415 5907 (8|)
450 5854 528 5901 τις
552 5836 707 5894 Colb.
732 5846 879 5895 recte
918 5852 1019 5909 pro
1044 5838 1178 5902 τοῖς.

1989 5278 2100 5348 (82)
2125 5277 2269 5331 οὕτω
2298 5276 2505 5348 scribo,
2541 5292 2643 5348 pro
2670 5269 2847 5342 οὗτος.

1988 5346 2100 5430 (εξ)
2140 5349 2331 5430 ὀλίγην
2365 5346 2941 5430 Ιιαυειήεροεξιξιιμὴπιιηι
2994 5361 3198 5430 meum,
3253 5346 3397 5430 quod
3435 5362 3500 5398 ex

1913 5417 2142 5475 Coislin.
2170 5419 2357 5489 codice
2382 5417 2609 5489 petitum
2646 5427 2800 5489 puto.
2829 5417 2905 5471 Ex
2937 5433 3004 5473 eo
3032 5427 3211 5473 tamen
3232 5425 3504 5489 praestan-

1915 5490 2163 5545 tissimus
2212 5486 2693 5559 Montefaleonius,
2736 5504 2791 5559 p.
2850 5489 2952 5543 557
3005 5490 3204 5556 ὀλίγων
3259 5486 3500 5559 exhibet.

1914 5559 2094 5613 Malim
2128 5560 2358 5614 alterum
2398 5559 2551 5613 illud.
2595 5558 2720 5614 Mox
2742 5558 2896 5614 enim
2936 5559 2989 5612 in
3012 5559 3197 5612 limine
3228 5558 3503 5611 tractatio-

1924 5633 2038 5684 nis.
2068 5629 2253 5684 itidem
2280 5628 2485 5699 legitur
2515 5629 2727 5699 ὀλίγην,
2784 5638 2838 5685 ει
2864 5631 3028 5699 paulo
3081 5640 3203 5697 post
3250 5628 3503 5696 διήγησις

1922 5697 2401 5771 τῆςίδιδασκαλίὰς
2427 5700 2515 5771 ἐπ’
2540 5697 2721 5771 ὀλίγον
2761 5697 3185 5771 παρατείνεσθκαι
3210 5699 3427 5771 dicitur.

1996 5770 2117 5842 (84).
2142 5770 2220 5824 Ex
2254 5771 2358 5825 hoc
2378 5770 2546 5825 verbo
2573 5766 2809 5842 fortasse
2844 5766 3070 5842 colligas
3111 5768 3366 5826 Photium
3388 5766 3506 5823 haec

1927 5840 2146 5900 aliunde
2168 5849 2360 5897 mutua
2391 5840 2718 5911 sumpsisse.
