3880 6206
399 314 504 381 ’115

1564 329 1828 391 PHOTII
1855 332 2361 396 PATBIARCHIE
2400 337 2507 404 cr,

3565 332 3668 400 716

400 440 604 497 ctatur,
655 428 750 487 sed
785 431 1023 516 primum
1065 434 1284 505 quidem
1327 437 1593 495 miracula
1631 451 1687 497 et
1723 442 1977 514 exiguam

2103 445 2367 516 περιέχει·
2405 444 2546 500 ἀλλά
2598 444 2725 500 κατ’
2747 445 2922 515 ἀρχάς
2950 444 3053 516 μὲν
3096 442 3355 515 θαύματα
3395 442 3495 500 καὶ
3529 444 3677 501 διδα-

400 534 611 597 partem
672 510 938 586 doctrinae
985 530 1386 600 apostolorum,
1443 542 1634 605 postea
1682 510 1839 593 νοω*
1870 544 1983 595 tota

403 619 656 676 tractatio
703 618 758 675 in
794 620 1022 677 Paulum
1064 622 1451 681 transferatur.
1499 625 1798 683 Enimvero
1845 627 1986 684 liber

402 722 688 784 propterea
742 714 978 775 Actuum
1034 715 1462 785 apostolicorum
1518 718 1737 775 titulum
1788 719 1981 785 refert,

400 805 551 873 quia,
584 814 721 862 teste
755 805 947 874 Paulo,
982 825 1001 859 ι
1035 807 1281 872 Membro
1310 826 1421 867 uno
1462 810 1778 881 glorificata
1800 814 1985 870 omnia

405 897 649 952 membra
700 898 862 953 simul
905 899 1287 970 gloriﬁcantur
1310 902 1352 957 ‘.
1384 921 1403 955 ι
1455 901 1723 960 Similiter
1769 920 1988 976 quoque

401 987 492 1042 hic
524 989 782 1060 scriptor,
817 989 963 1053 Petri
990 1002 1044 1055 et
1072 990 1225 1048 Pauli
1255 1002 1378 1050 acta
1411 997 1726 1061 communia
1757 996 1985 1065 faciens,

403 1077 605 1133 librum
632 1079 783 1135 hunc
830 1080 1206 1151 apostolorum
1238 1082 1375 1146 Acta
1418 1084 1722 1157 inscripsit.
1759 1085 1915 1154 Quod
1939 1085 1988 1143 si

402 1184 569 1238 porro
620 1170 722 1225 sub
775 1171 955 1242 capite
1003 1181 1176 1235 totum
1229 1187 1431 1245 corpus
1480 1178 1987 1247 comprehenditur,

401 1262 793 1317 convenienter
838 1273 960 1319 acta
1014 1263 1417 1335 praecipuorum
1474 1268 1645 1325 Actus
1707 1271 1989 1341 apostolo-

402 1368 524 1407 rum
546 1364 837 1420 vocantur,
871 1357 1333 1427 quemadmodum
1358 1369 1410 1415 et
1426 1360 1702 1429 doctrina,
1725 1372 1987 1434 tanquam

401 1447 667 1515 apostolis
721 1451 1079 1513 communis.
1144 1450 1199 1505 in
1256 1452 1367 1509 illis
1401 1454 1670 1520 traditur,
1734 1456 1990 1526 quamvis

401 1539 681 1597 enarratio
712 1540 833 1611 eius
870 1542 1155 1605 succincte
1188 1553 1243 1598 et
1270 1545 1459 1620 paucis
1490 1545 1605 1612 ﬁat,
1645 1547 1989 1603 commodam

403 1641 586 1686 tamen
625 1633 792 1705 hujus
834 1634 1212 1706 inscriptionis
1256 1637 1615 1701 occasionem,
1657 1641 1988 1710 suppeditat.

406 1723 749 1795 Scriptorem
783 1743 916 1783 vero
940 1729 1178 1787 Actuum
1218 1729 1312 1784 alii
1340 1729 1660 1793 Clementem
1689 1732 1989 1787 Romanum

2087 537 2317 592 σκαλίαν
2342 536 2532 609 ὀλίγην
2563 536 2672 591 τῶν
2697 538 3038 603 ἀποστόλων,
3088 537 3290 608 ἐφεξῆς
3319 537 3377 590 δέ
3409 539 3493 602 εἰς
3517 538 3669 593 Παῦ-

2086 628 2177 683 λον
2209 630 2441 683 κινεῖται
2477 630 2629 686 πᾶσα
2666 630 2701 700 ή
2745 630 3121 701 πραγματεία.
3181 628 3332 702 Πλὴν
3384 629 3477 683 διὰ
3519 630 3678 685 τοῦτο

2087 720 2321 793 Πράξεις
2365 720 2475 774 τῶν
2522 721 2837 775 ἀποστόλων
2872 720 3266 791 ἐπιγράφεται,
3316 720 3477 784 διότι,
3532 724 3679 776 κατὰ

2086 814 2177 866 τδν
2210 812 2444 877 Παῦλον,
2480 828 2500 863 ι
2538 810 2908 883 Δοξαζομένου
2941 812 3065 875 ἐνὸς
3102 811 3301 882 μέλους
3348 812 3674 876 συνδοξάζε-

2087 923 2179 961 ται
2208 905 2321 976 (85)
2356 904 2536 959 πάντα
2557 905 2628 961 τὰ
2662 904 2821 976 μέλη.
2857 923 2876 957 ι
2914 903 3072 958 Οὕτω
3096 905 3154 957 δὲ
3193 905 3289 958 καὶ
3329 905 3430 968 τὰς
3463 905 3677 974 Πέτρου

2086 1000 2183 1054 καὶ
2200 997 2413 1058 Παύλου
2456 996 2685 1070 πράξεις
2726 996 3203 1068 κοινοποιούμενος
3232 995 3262 1048 ὁ
3296 995 3682 1066 συγγραφεὺς.

2087 1092 2199 1147 τῶν
2227 1092 2542 1148 ἀποστόλων
2566 1093 2627 1145 τὸ
2660 1089 2866 1161 βιϐλίον
2892 1087 3204 1160 ἐπέγραψε,
3244 1088 3503 1160 Πράξεις.
3526 1088 3591 1141 Ei
3624 1088 3685 1141 δέ

2090 1183 2185 1238 καὶ
2225 1186 2293 1255 τῇ
2334 1185 2549 1256 κορυφῇ
2594 1181 3182 1254 συμπεριλαμϐάνεται
3228 1181 3291 1235 τὸ
3339 1181 3462 1235 ὅλον
3500 1180 3682 1250 σῶμα,

2090 1275 2327 1344 εὐλόγως
2358 1274 2433 1331 ἂν
2479 1276 2579 1338 τὰς
2629 1273 2948 1346 κορυφαίων
2997 1273 3236 1346 Πράξεις
3262 1273 3537 1327 ἐκάλεσαν
3571 1273 3687 1326 τῶν

2090 1368 2429 1431 ἀποστόλων,
2483 1367 2625 1439 πλήν
2666 1383 2734 1436 γε
2788 1368 2884 1421 καὶ
2922 1367 2958 1437 ή
3014 1367 3171 1437 κοινὴ
3212 1367 3324 1420 τῶν
3365 1366 3688 1420 ἀποστόλων

2091 1459 2531 1530 ἐμπεριεχομένη
2554 1457 2783 1522 ταύταις
2805 1457 3148 1525 διδασκαλία,
3181 1458 3285 1512 κᾶν
3303 1458 3607 1526 ἐπ’νόλίγον
3645 1460 3680 1529 ή

2090 1550 2297 1620 ταύτης
2338 1549 2592 1620 διήγησις
2645 1548 3076 1621 παρατείνεται,
3115 1550 3234 1604 ἀλλ’
3285 1551 3548 1623 ἀφορμὴν
3582 1550 3689 1619 τῆς

2093 1642 2410 1711 ἐπιγραφῆς
2459 1641 2756 1713 παρέχεται
2796 1640 3042 1712 εὔλογον.
3094 1642 3200 1696 Τὸν
3251 1643 3310 1696 δέ
3360 1634 3691 1713 συγγραφέα

2091 1734 2199 1788 τῶν
2228 1734 2490 1804 Πράξεων
2512 1736 2560 1788 οἱ
2580 1734 2682 1805 μὲν
2708 1734 3030 1805 Κλήμεντα
3050 1735 3271 1805 λέγουσι
3299 1737 3393 1791 τὸν
3430 1736 3689 1806 Ῥώμης.

406 1819 706 1888 appellant,
740 1819 1051 1880 Barnabam
1092 1822 1206 1886 alii,
1250 1822 1342 1881 alii
1374 1838 1503 1878 vero
1546 1822 1739 1887 Lucam
1768 1842 1990 1896 evange-

2103 1827 2240 1882 ἱλλοι
2264 1826 2321 1881 δέ
2353 1827 2693 1895 Βαρνάϐαν,
2734 1829 2829 1881 καὶ
2849 1827 3005 1882 ἄλλοι
3032 1826 3277 1886 Λουκᾶν
3302 1828 3413 1883 τὸν
3435 1830 3692 1899 εὐαγγε-

405 1908 611 1968 ίξειαηι.
647 1910 765 1981 Ipse
805 1926 935 1966 vero
969 1911 1144 1972 Lucas
1194 1928 1311 1968 rem
1356 1913 1573 1982 delinit,
1613 1916 1838 1987 quando
1873 1916 1991 1986 pri-

408 2018 559 2059 mum
584 2004 809 2074 quidem
834 2005 888 2059 in
923 2005 1113 2060 limine
1135 2006 1260 2062 libri
1295 2018 1618 2076 praemonet,
1641 2008 1787 2076 quod
1823 2008 1989 2063 aliam

407 2094 925 2150 connnentationem
953 2133 971 2159 ,
1028 2095 1240 2152 Domini
1284 2104 1437 2166 gesta
1490 2095 1944 2165 complectentem
1974 2136 1990 2163 ,

408 2186 731 2257 scripserit;
763 2186 962 2245 deinde
990 2202 1124 2244 vero
1155 2203 1185 2242 a
1214 2188 1426 2244 caeteris
1452 2186 1804 2257 evangelistis
1840 2186 1893 2241 in
1927 2201 1994 2242 eo

408 2278 643 2347 diﬁcrt,
712 2279 861 2351 quod
918 2295 1082 2337 nemo
1138 2295 1328 2336 eorum
1390 2280 1778 2336 tractationem
1834 2292 1993 2332 suam

409 2387 583 2442 usque
625 2373 693 2429 ad
728 2374 1109 2430 ascensionem
1141 2372 1352 2430 Christi
1393 2372 1673 2445 producit,
1703 2372 1822 2443 ipse
1860 2385 1994 2428 vero

408 2466 565 2529 solues
621 2474 673 2522 et
722 2467 1103 2531 ascensionem
1140 2467 1290 2524 illam
1328 2473 1584 2522 accurate
1620 2465 1898 2536 exposuit,
1941 2474 1998 2521 ct

408 2563 480 2622 ab
522 2560 713 2619 eadem
757 2559 994 2628 Actuum
1039 2559 1252 2617 initium
1294 2556 1447 2614 fecit.
1477 2555 1728 2613 Mattluei
1769 2556 1995 2629 quidem

410 2655 773 2726 Evangelium
828 2653 884 2709 in
938 2668 1007 2710 eo
1047 2652 1271 2718 desinit,
1326 2660 1389 2709 ut
1432 2650 1688 2722 discipuli
1740 2649 1995 2708 undecim

408 2746 643 2823 profecti
692 2746 970 2813 dicantur,
1019 2744 1258 2816 ﬁnisque
1294 2744 1416 2815 eius
1464 2752 1595 2800 est:
1640 2761 1660 2797 ι
1695 2742 1881 2814 Usque
1926 2741 1995 2799 ad

411 2838 947 2897 consummationem
1008 2836 1202 2892 mundi
1258 2854 1274 2893 :
1326 2834 1501 2892 Amen
1524 2836 1568 2892 '.
1608 2852 1629 2890 ι
1684 2836 1872 2907 Itaque
1929 2835 1999 2892 de

410 2934 735 2998 ascensione
768 2931 905 2987 nihil
933 2930 1103 2987 addit.
1138 2929 1356 2986 Marcus
1384 2944 1515 2985 vero
1554 2942 1663 2984 non
1697 2937 1804 2985 tam
1832 2942 1998 2984 enar-

413 3033 502 3087 rat
528 3038 681 3089 eam.
704 3037 869 3094 (luam
902 3022 1079 3079 obiter
1102 3021 1264 3092 quasi
1303 3027 1723 3087 commemorat,
1752 3018 1947 3075 dicens
1980 3034 1996 3072 :

2092 1918 2336 1989 λιστήν.
2366 1917 2541 1983 Αὐτὸς
2573 1918 2634 1973 δέ
2684 1917 2928 1987 Λουκᾶς
2973 1919 3271 1991 ἐπικρίνει,
3312 1921 3536 1993 πρῶτον
3585 1921 3693 1991 μὲν

2094 2013 2153 2079 ἐξ
2173 2004 2250 2066 ὧν
2270 2009 2717 2082 προοιμιάζεται,
2739 2011 2813 2077 ὡς
2831 2012 2928 2066 xal
2942 2012 3110 2085 ἐτέρα
3132 2011 3282 2085 αὐτῷ
3300 2013 3687 2085 πραγματεία,

2093 2104 2193 2169 τὰς
2224 2106 2565 2169 Δεσποτικάς
2595 2105 2928 2177 περιέχουσα
2976 2105 3208 2178 πράξεις
3242 2108 3689 2181 καταϐέϐληται.

2095 2196 2360 2269 Δεύτερον
2387 2196 2465 2263 δὲ,
2485 2196 2550 2263 ἐξ
2571 2191 2649 2254 ὧν
2665 2198 2761 2253 καὶ
2786 2196 2897 2253 τῶν
2923 2197 3103 2255 ἀλλων
3128 2199 3539 2269 εὐαγγελιστῶν
3567 2200 3690 2253 δια-ο

2099 2289 2398 2358 στέλλεται,
2420 2290 2514 2353 ὅτι,
2535 2289 2701 2362 μέχρι
2719 2290 2821 2362 τῆς
2851 2290 3180 2363 ἀναλήψεως
3210 2291 3389 2354 οὐδεὶς
3410 2291 3599 2345 αὐτῶν
3624 2289 3691 2344 τὸ

2100 2381 2391 2454 σύνταγμα
2436 2380 2725 2453 προελθεῖν
2777 2383 3100 2453 ἐποιήσατο,
3161 2382 3280 2436 ἀλλ’
3310 2376 3468 2447 οὗτος
3525 2382 3691 2453 μόνος

2098 2475 2194 2535 καὶ
2223 2474 2324 2546 τὴν
2351 2472 2623 2544 ἀνάληψιν
2653 2474 2900 2545 ἀκριϐῶς
2924 2474 3252 2547 ἐξηγήσατο,
3275 2478 3372 2529 καὶ
3400 2475 3565 2527 πάλιν
3589 2474 3690 2546 τὴν

2096 2566 2207 2621 τῶν
2274 2565 2535 2637 Πράξεων
2586 2566 2845 2637 ἀπαρχὴν
2897 2567 3008 2627 ἀπὸ
3050 2567 3257 2638 ταύτης
3315 2568 3687 2637 ὑπεστήσατο.

2098 2659 2406 2717 Ματθαίου
2446 2658 2547 2730 μὲν
2589 2658 2701 2730 γὰρ
2743 2659 2900 2724 τέλος
2963 2658 3079 2730 ἔχει
3121 2658 3182 2716 τὸ
3219 2658 3578 2728 Εὐαγγέλιον·
3626 2658 3691 2711 Οῑ

2099 2753 2295 2809 ἕνδεκα
2324 2752 2565 2826 μαθηταὶ
2596 2751 2997 2824 ἐπορεύθησαψ
3027 2751 3233 2817 τέλος,ι
3261 2753 3407 2816 Ἕως
3432 2752 3538 2822 τῆς
3570 2768 3698 2805 συν-

2100 2842 2314 2909 τελείας
2336 2842 2431 2905 τοῦ
2463 2843 2681 2908 αἰῶνος.
2715 2842 2910 2915 ’Δμήνο
2950 2861 2971 2895 s
3004 2843 3116 2897 Kal
3143 2842 3274 2915 περὶ
3299 2842 3402 2912 μὲν
3431 2842 3535 2912 τῆς
3552 2842 3701 2896 ἀνα-

2100 2936 2320 3009 λήψεως
2345 2937 2499 2991 ούδέν
2530 2936 2881 3009 προστίθησι.
2908 2935 3153 3003 Μάρκος
3184 2935 3243 2991 δὲ
3267 2937 3317 2989 εί
3344 2936 3439 2988 καὶ
3473 2951 3701 3006 μνημο-

2102 3029 2270 3097 νεύει,
2298 3028 2417 3084 ἀλλ’
2442 3028 2519 3093 ὡς
2536 3030 2595 3083 ἐν
2624 3028 2918 3100 ἐπιδρομῇ,
2948 3027 3125 3098 λέγων
3146 3043 3162 3057 ⁸
3208 3027 3280 3083 Ὀ.
3300 3028 3402 3099 μέν
3446 3023 3543 3082 οὖν
3574 3026 3702 3082 Κύ-

418 3136 440 3169 τ
480 3115 745 3181 Dominus
815 3115 1047 3188 itaque,
1091 3123 1387 3185 postquam
1439 3127 1565 3168 cum
1622 3110 1732 3166 illis
1778 3109 1998 3167 locutus

514 3216 528 3224 .
679 3215 886 3224 ,,-_._s_
962 3213 1036 3224 __.
1083 3205 1130 3224 2_
1208 3204 1397 3224 -..1--...
1509 3211 1555 3224 ,ι
1623 3199 1867 3224 -----.ιιι
1932 3197 1998 3224 -.1

2109 3141 2225 3196 ριος
2256 3122 2395 3193 μετά
2423 3121 2484 3176 τὸ
2502 3121 2743 3193 λαλῆσαι
2771 3122 2955 3186 αὐτοῖς
2987 3120 3266 3193 ἀνελήφθη
3290 3122 3372 3184 είς
3401 3120 3495 3173 τὸν
3523 3119 3703 3191 οὐρα-

412 3216 575 3275 erat,
636 3215 891 3287 receptus
954 3205 1139 3265 estin
1201 3204 1444 3269 coelum,
1504 3211 1558 3257 et
1619 3199 1872 3258 consedit
1931 3197 2003 3255 ad

416 3299 666 3354 dextram
709 3295 803 3352 Dei
828 3297 870 3350 '.
909 3314 929 3345 ι
972 3296 1165 3366 Itaque
1220 3308 1323 3351 nec
1366 3292 1615 3357 modum,
1664 3305 1764 3346 uec
1790 3291 1999 3358 locum,

418 3403 523 3446 nec
552 3388 682 3454 alia,
717 3402 841 3466 qua:
893 3400 1019 3453 cum
1068 3374 1287 3455 actione
1326 3386 1430 3451 hac
1470 3383 1770 3454 conjuncta
1818 3390 1998 3450 erant,

418 3481 788 3558 persequitur.
846 3480 1075 3537 Joannis
1130 3479 1368 3550 denique
1418 3478 1774 3555 Evangelium
1821 3477 2003 3534 histo-

418 3576 557 3638 riam
599 3573 942 3631 ascensionis
981 3574 1038 3629 in
1095 3574 1205 3629 line
1254 3587 1368 3628 non
1417 3571 1662 3639 tradidit,
1715 3570 2003 3629 subinnuit

420 3684 573 3734 vero,
609 3667 781 3723 multa
826 3667 933 3723 alia
975 3665 1172 3723 fecisse
1209 3663 1435 3731 Jesum,
1479 3664 1682 3736 quibus
1727 3664 1783 3727 in
1834 3677 2004 3719 unum

422 3761 665 3827 collatis,
698 3776 808 3827 non
837 3759 1062 3823 credere
1090 3773 1170 3825 se,
1207 3758 1389 3834 ipsum
1424 3756 1692 3825 mundum
1734 3756 1908 3811 libros
1938 3753 2007 3810 de

422 3856 493 3913 iis
542 3853 778 3923 scriptos
835 3866 1033 3925 capere
1080 3851 1305 3923 posse".
1360 3849 1550 3921 Itaque
1605 3863 1751 3907 unus
1796 3846 2007 3915 Lucas,

423 3945 571 4020 quod
604 3944 741 4010 disi,
782 3951 838 3999 et
867 3942 1249 4001 ascensionem
1289 3940 1345 3997 in
1378 3940 1485 3996 line
1524 3938 1804 4009 Evangelii
1844 3937 2009 4003 latius

426 4036 801 4109 persequitur,
824 4048 880 4104 et
909 4036 978 4107 ab
1007 4035 1201 4105 eadem
1232 4034 1472 4107 Actuum
1506 4033 1637 4103 facit
1665 4033 1906 4099 initium.

426 4195 762 4271 oumsrro
791 4194 1007 4253 cxxw
1048 4194 1239 4269 [CoisL
1275 4192 1509 4262 CXLVI,
1564 4193 1730 4250 Taur.
1772 4191 2008 4266 CXLV].

503 4292 727 4359 Quoties
784 4292 1031 4345 Christus
1082 4289 1339 4359 apostolis
1394 4296 1512 4356 post
1572 4288 2012 4359 resurrectionem

699 4378 855 4417 suam
891 4358 1162 4431 apparuit,
1188 4371 1239 4415 et
1264 4360 1376 4427 ubi,
1408 4369 1457 4415 et
1488 4358 1743 4433 quando?

2110 3213 2202 3268 νδν
2228 3212 2325 3267 καὶ
2352 3212 2609 3267 ἐκάθισεν
2636 3213 2697 3266 ἐν
2727 3210 2880 3284 δεξιᾷ
2898 3210 2995 3265 τοῦ
3029 3211 3189 3266 Θεοῦ.
3234 3230 3263 3265 ι,
3280 3210 3421 3267 Οὔτε
3454 3210 3567 3282 γὰρ
3602 3209 3707 3263 τὸν

2108 3301 2337 3375 τρόπον,
2375 3302 2484 3357 οὐδ’
2510 3300 2642 3356 ἀλλο
2671 3318 2725 3355 τι
2755 3300 2867 3355 τῶν
2906 3299 3248 3377 συνεκτικῶν
3277 3298 3596 3369 κεφαλαίων
3625 3300 3702 3368 τῇ

2108 3393 2413 3467 τηλικαύτῃ
2437 3393 2637 3466 πράξει
2654 3393 3023 3451 συνδιέλαὸεν.
3058 3391 3333 3451 Ἰωάννου
3362 3393 3419 3447 δὲ
3435 3396 3497 3448 τὸ
3519 3396 3710 3464 Εὐαγ-

2109 3482 2377 3557 γὲλιον[ἐν
2391 3481 2492 3556 τῷ]
2509 3483 2654 3537 τέλει
2669 3483 2992 3554 ἀναλήψεως
3016 3484 3117 3554 μὲν
3132 3484 3195 3545 οὐ
3209 3484 3529 3555 παρέδωκεν
3550 3488 3709 3540 icto-

2115 3573 2263 3644 ρίαν,
2284 3573 2688 3645 ἐπεσημαίνετο
2712 3572 2792 3637 δὲ,
2816 3574 2941 3641 ὅτι(
2967 3572 3147 3627 Πολλά
3164 3572 3422 3635 καὶάλλα
3442 3577 3712 3645 ἐποίησεν

2106 3662 2136 3716 ὁ
2150 3663 2381 3735 Ἰησοῦς,
2397 3662 2558 3719 ἅτινα
2578 3664 2675 3720 ἐὰν
2691 3664 2974 3737 γράφηται
2986 3664 3111 3718 καθ’
3129 3664 3209 3731 ἓν,
3228 3666 3348 3724 οὐδὲ
3360 3668 3524 3727 αὐτὸν
3544 3666 3712 3741 οἶμαι

2106 3756 2200 3811 τὸν
2215 3755 2421 3828 κόσμον
2437 3756 2688 3830 χωρῆσαι
2699 3758 2769 3812 τὰ
2794 3757 3120 3829 γραφόμενα
3140 3757 3344 3828 βιϐλία.
3374 3779 3394 3814 s
3424 3762 3599 3826 Μόνος
3619 3765 3709 3827 δὲ,

2105 3848 2183 3915 ὡς
2218 3848 2456 3921 εἴρηται,
2478 3848 2718 3917 Λουκᾶς
2745 3852 2839 3906 καὶ
2870 3852 2974 3924 τήν
3022 3852 3291 3924 ἀνάληψιν
3321 3855 3383 3907 ἐν
3425 3853 3505 3925 τῷ
3552 3856 3708 3909 τέλει

2107 3941 2203 3999 τού
2228 3942 2561 4012 Εὑαγγελίου
2584 3944 2921 4017 πλατύτερον
2941 3945 3241 4016 διεξῆλθεν,
3274 3944 3374 4000 καὶ
3396 3948 3499 4018 τὴν
3522 3949 3715 4021 ἀρχὴν

2106 4035 2218 4101 τῶν
2253 4034 2516 4109 Πράξεων
2539 4036 2648 4093 ἀπὸ
2685 4034 2895 4108 ταύτης
2922 4039 3183 4108 προάγει.

2676 4192 3010 4249 ΕΡΩΤΗΣΙΣ
3036 4192 3207 4252 PKA'.

2119 4286 2389 4361 Ποσάκις
2410 4288 2444 4341 ό
2462 4285 2730 4361 ’Χριστὸς
2761 4286 2888 4361 τοῖς
2918 4286 3289 4361 ἀποστόλοις
3318 4291 3469 4361 μετὰ
3495 4293 3611 4359 τὴν
3634 4291 3711 4347 ἐκ

2192 4356 2425 4427 νεκρῶν
2442 4356 2784 4413 ἀνάστασιν
2806 4356 2997 4427 ὤφθη,
3026 4364 3124 4413 καὶ
3150 4356 3292 4428 ποῦ,
3318 4356 3425 4417 ’καί
3453 4356 3598 4417 πότε
3614 4379 3639 4428 ,'

493 4501 747 4556 Editarum
767 4515 795 4551 a
822 4502 1000 4568 Wolﬁo
1020 4516 1151 4554 nona
1170 4501 1227 4566 (Ι.
1252 4513 1327 4568 α,
1342 4514 1393 4565 p.
1418 4501 1530 4564 752,
1555 4500 1664 4551 735.
1690 4498 1998 4611 ϐειιαηιὲὲἇῇ

2103 4496 2287 4610 ρὸΠἸΘΞΞ,
2308 4510 2358 4547 n.
2384 4496 2468 4557 25)
2525 4521 2588 4533 —
2608 4495 2685 4547 De
2706 4508 2915 4547 numero
2936 4497 3303 4561 apparitionum
3322 4498 3503 4551 Christi
3534 4503 3651 4561 post

499 4676 645 4733 intra
672 4674 1039 4747 quadraginta
1066 4676 1184 4731 dies
1212 4673 1464 4730 Salvator
1491 4690 1527 4731 a
1553 4672 1841 4743 discipulis
1876 4687 2012 4728 con-
2043 4670 2090 4728 D

428 4780 652 4840 spectus
680 4779 784 4837 est,
819 4768 1077 4824 undecies
1111 4783 1242 4823 vero
1294 4775 1507 4825 tantum
1549 4782 1608 4823 se
1650 4766 1758 4821 illis
1797 4763 2019 4834 conspi-

427 4858 687 4913 ciendum
743 4857 1015 4929 pratbuit;
1074 4872 1177 4913 nec
1225 4857 1346 4913 sine
1400 4857 1635 4912 ratione.
1690 4854 1828 4912 Cum
1868 4855 2016 4925 enim

433 4950 687 5005 undecim
726 4957 915 5006 essent
953 4948 1235 5023 discipuli,
1277 4947 1538 5004 undecies
1568 4962 1788 5019 quoque
1820 4946 2015 5002 iisdem

409 5042 711 5113 ’apparuit.
759 5040 916 5096 Unde
955 5056 1087 5109 vero
1110 5038 1334 5121 probari
1377 5048 1557 5118 p0tcst
1591 5038 1848 5093 undecies
1895 5048 2018 5091 tan-

435 5142 551 5187 tum
598 5146 725 5188 eum
775 5131 844 5187 ab
895 5131 1005 5186 illis
1045 5130 1120 5186 ita
1171 5144 1528 5201 conspectum
1558 5128 1765 5185 fuisse?
1799 5126 2024 5189 Scilicet

436 5225 676 5295 primum
712 5222 967 5294 apparuit
992 5222 1175 5277 Maria:
1201 5222 1356 5293 juxta
1396 5220 1734 5292 sepulcrum,
1773 5234 1875 5275 nec
1916 5218 2022 5273 mi-

438 5333 546 5375 nus
582 5316 805 5387 feminis
833 5315 959 5371 aliis
978 5315 1023 5370 ⁸.
1061 5314 1119 5371 ld
1144 5315 1293 5385 quod
1317 5324 1373 5371 et
1405 5314 1586 5369 Isaias
1610 5312 2021 5385 pransuntiavit,

441 5411 699 5468 mulieres
734 5409 1037 5481 appellans,
1070 5417 1127 5465 et
1149 5408 1341 5464 dicens
1372 5425 1387 5461 :
1420 5428 1437 5458 1
1470 5406 1725 5463 Mulieres
1747 5420 1778 5460 a
1810 5406 2025 5460 visione

512 5551 572 5607 ⁸1
597 5550 725 5610 Cor.
765 5566 867 5621 xu,
890 5548 985 5608 26.
1060 5546 1294 5603 l‘Matth.
1328 5563 1520 5611 xxvm,
1548 5545 1641 5600 20.
1722 5544 1929 5601 6Mare.
1965 5560 2074 5607 xvr,
2111 5545 2197 5600 l9.
2276 5548 2295 5578 "
2318 5545 2479 5607 Joan.
2516 5562 2628 5613 ut,
2660 5546 2752 5603 25.

2190 4670 2315 4724 Ὅτι
2360 4672 2419 4725 ἐν
2454 4670 2868 4743 τεσσαράκοντα
2920 4669 3160 4743 ἡμέραις
3212 4672 3327 4735 τοῖς
3375 4670 3650 4741 μαθηταῖς
3685 4672 3718 4725 ὁ

2124 4760 2315 4832 Σωτὴρ
2367 4760 2684 4828 ὠπτάνετο,
2742 4762 3026 4825 ἐνδεκάκις
3070 4760 3130 4815 δέ
3178 4762 3343 4832 μόνον
3396 4764 3583 4826 αὐτοῖς
3630 4765 3716 4825 είς

2124 4856 2395 4909 ὀπτασίαν
2422 4856 2682 4926 κατέστη.
2719 4856 2831 4910 Kal
2874 4855 3102 4919 εἰκότως
3123 4871 3139 4886 ·
3171 4855 3367 4909 ἕνδεκα
3397 4855 3509 4925 γὰρ
3538 4855 3717 4909 ὄντων

2122 4945 2233 4997 τῶν
2282 4944 2562 5016 μαθητῶν,
2609 4944 2903 5017 ἑνδεκάτην
2950 4946 3045 5000 καὶ
3094 4944 3259 5010 αὐτὸς
3303 4946 3402 5016 τὴν
3442 4946 3719 5001 ὀπτασίαν

2105 5027 2445 5116 ,ἐποιήσατος
2477 5039 2647 5111 Πόθεν
2683 5039 2741 5093 δὲ
2785 5041 2818 5111 ή
2852 5040 3148 5106 ἀπόδειξις,
3195 5041 3269 5102 ὡς
3304 5039 3502 5093 ἕνδεκα
3551 5037 3716 5110 μόνον

2124 5130 2281 5202 ὤφθη
2307 5131 2595 5198 ἐντεῦθεν;
2630 5133 2743 5185 Kal
2766 5133 2876 5202 γὰρ
2904 5133 3124 5203 πρῶτον
3158 5133 3258 5204 μὲν
3294 5132 3453 5202 ὤφθη
3480 5134 3547 5203 τῇ
3584 5132 3712 5185 Ma-

2131 5224 2224 5295 ρίᾳ
2254 5225 2314 5277 ἐν
2333 5224 2412 5295 τῷ
2442 5224 2707 5295 μνήματι,
2738 5224 2834 5277 καὶ
2855 5226 2976 5289 ταῖς
2996 5224 3185 5289 ἀλλαις
3204 5225 3471 5294 γυναιξίν.
3501 5226 3715 5295 Ὠσπερ

2130 5314 2227 5369 καὶ
2262 5315 2515 5387 Ἡσαΐας
2541 5298 2942 5387 προαναφωνεῖ,
2974 5316 3155 5369 καλῶν
3180 5317 3280 5382 τὰς
3306 5318 3593 5387 γυναῖκας,
3617 5315 3713 5369 καὶ

2128 5405 2334 5476 λέγων·
2365 5425 2383 5458 ι
2419 5406 2679 5470 Γυναῖκες
2707 5406 3005 5480 ἐρχόμεναι
3023 5407 3133 5461 ἀπὸ
3162 5408 3312 5474 θέας,
3332 5407 3513 5477 δεῦτε,
3543 5408 3705 5478 ἀναγ-

2833 5548 2853 5580 ⁸
2879 5545 3041 5615 Joan.
3075 5564 3165 5617 sx,
3199 5549 3286 5607 14.
3352 5607 3359 5613 ,

1976 5664 2213 5723 NOTAE.

520 5790 633 5865 (85)
670 5788 692 5846 ι
723 5790 855 5851 Cor.
891 5806 995 5864 xu,
1029 5790 1123 5862 26,
1153 5788 1245 5849 ubi
1276 5798 1459 5846 tamen
1490 5802 1589 5873 pro
1622 5785 1998 5857 συνδοξάζεται

2109 5788 2217 5847 itur
2257 5786 2563 5861 συγχαίρει.
