  <div class='ocr_page' id='page_1' title='image "/cluster/home/n/w/nwhite01/storage/ocr_20150623/101/hvd.32044018872879/382.png"; bbox 0 0 3880 6206; ppageno 0'>
   <div class='ocr_carea' id='block_1_1' title="bbox 240 298 345 367">
    <p class='ocr_par' dir='ltr' id='par_1_1' title="bbox 240 298 345 367">
     <span class='ocr_line' id='line_1_1' title="bbox 240 298 345 367; baseline 0.019 -2"><span class='ocrx_word' id='word_1_1' title='bbox 240 298 345 367; x_wconf 84' lang='lat'><strong>717</strong></span> 
     </span>
    </p>
   </div>
   <div class='ocr_carea' id='block_1_2' title="bbox 1224 307 2579 383">
    <p class='ocr_par' dir='ltr' id='par_1_2' title="bbox 1224 307 2579 383">
     <span class='ocr_line' id='line_1_2' title="bbox 1224 307 2579 383; baseline 0.002 -15"><span class='ocrx_word' id='word_1_2' title='bbox 1224 310 1326 369; x_wconf 75' lang='lat' dir='ltr'><strong>AD</strong></span> <span class='ocrx_word' id='word_1_3' title='bbox 1358 307 1954 371; x_wconf 83' lang='lat' dir='ltr'><strong>AMPHILOCIIIUM</strong></span> <span class='ocrx_word' id='word_1_4' title='bbox 1990 308 2338 383; x_wconf 71' lang='lat' dir='ltr'><strong>QUIESTIO</strong></span> <span class='ocrx_word' id='word_1_5' title='bbox 2361 309 2579 371; x_wconf 82' lang='lat' dir='ltr'><strong>CXXV-</strong></span> 
     </span>
    </p>
   </div>
   <div class='ocr_carea' id='block_1_3' title="bbox 3410 304 3515 371">
    <p class='ocr_par' dir='ltr' id='par_1_3' title="bbox 3410 304 3515 371">
     <span class='ocr_line' id='line_1_3' title="bbox 3410 304 3515 371; baseline -0.01 -1"><span class='ocrx_word' id='word_1_6' title='bbox 3410 304 3515 371; x_wconf 63' lang='grc' dir='ltr'><strong>τις</strong></span> 
     </span>
    </p>
   </div>
   <div class='ocr_carea' id='block_1_4' title="bbox 238 411 1832 490">
    <p class='ocr_par' dir='ltr' id='par_1_4' title="bbox 238 411 1823 490">
     <span class='ocr_line' id='line_1_4' title="bbox 238 411 1823 490; baseline 0.006 -27"><span class='ocrx_word' id='word_1_7' title='bbox 238 411 457 481; x_wconf 79' lang='grc' dir='ltr'>γείλατε</span> <span class='ocrx_word' id='word_1_8' title='bbox 491 412 624 482; x_wconf 82' lang='grc' dir='ltr'><strong>ἡμῖν</strong></span> <span class='ocrx_word' id='word_1_9' title='bbox 655 411 813 486; x_wconf 76' lang='lat'><strong>(85‘).</strong></span> <span class='ocrx_word' id='word_1_10' title='bbox 829 432 848 467; x_wconf 73' lang='grc' dir='ltr'><strong>ι</strong></span> <span class='ocrx_word' id='word_1_11' title='bbox 885 414 1118 470; x_wconf 82' lang='grc' dir='ltr'><strong>Ἔπειτα</strong></span> <span class='ocrx_word' id='word_1_12' title='bbox 1143 414 1300 488; x_wconf 78' lang='grc' dir='ltr'>ὤφθη</span> <span class='ocrx_word' id='word_1_13' title='bbox 1326 418 1541 490; x_wconf 80' lang='grc' dir='ltr'><strong>Πέτρῳ,</strong></span> <span class='ocrx_word' id='word_1_14' title='bbox 1568 414 1686 473; x_wconf 82' lang='grc' dir='ltr'>εἶτα</span> <span class='ocrx_word' id='word_1_15' title='bbox 1710 421 1823 483; x_wconf 77' lang='grc' dir='ltr'>τοῖς</span> 
     </span>
    </p>
   </div>
   <div class='ocr_carea' id='block_1_5' title="bbox 1941 411 3516 490">
    <p class='ocr_par' dir='ltr' id='par_1_5' title="bbox 1941 412 3516 485">
     <span class='ocr_line' id='line_1_5' title="bbox 1941 412 3516 485; baseline -0.002 -12"><span class='ocrx_word' id='word_1_16' title='bbox 1941 424 2289 484; x_wconf 85' lang='lat' dir='ltr'><strong>revertentes,</strong></span> <span class='ocrx_word' id='word_1_17' title='bbox 2318 417 2520 482; x_wconf 83' lang='lat' dir='ltr'><strong>venite,</strong></span> <span class='ocrx_word' id='word_1_18' title='bbox 2561 413 2883 470; x_wconf 86' lang='lat' dir='ltr'><strong>annuntiate</strong></span> <span class='ocrx_word' id='word_1_19' title='bbox 2917 413 3094 471; x_wconf 90' lang='lat' dir='ltr'><strong>nobis.</strong></span> <span class='ocrx_word' id='word_1_20' title='bbox 3128 430 3148 466; x_wconf 76' lang='grc' dir='ltr'><strong>ι</strong></span> <span class='ocrx_word' id='word_1_21' title='bbox 3184 412 3380 470; x_wconf 90' lang='lat' dir='ltr'><strong>Postea</strong></span> <span class='ocrx_word' id='word_1_22' title='bbox 3420 430 3516 485; x_wconf 84' lang='lat' dir='ltr'><strong>ap-</strong></span> 
     </span>
    </p>
   </div>
   <div class='ocr_carea' id='block_1_6' title="bbox 240 502 1823 583">
    <p class='ocr_par' dir='ltr' id='par_1_6' title="bbox 240 502 1823 583">
     <span class='ocr_line' id='line_1_6' title="bbox 240 502 1823 583; baseline 0.007 -28"><span class='ocrx_word' id='word_1_23' title='bbox 240 503 370 573; x_wconf 74' lang='grc' dir='ltr'>περὶ</span> <span class='ocrx_word' id='word_1_24' title='bbox 410 502 684 568; x_wconf 81' lang='grc' dir='ltr'>Κλεόπαν,</span> <span class='ocrx_word' id='word_1_25' title='bbox 714 506 796 569; x_wconf 81' lang='grc' dir='ltr'><strong>είς</strong></span> <span class='ocrx_word' id='word_1_26' title='bbox 824 523 883 559; x_wconf 90' lang='grc' dir='ltr'><strong>τε</strong></span> <span class='ocrx_word' id='word_1_27' title='bbox 912 506 1013 579; x_wconf 85' lang='grc' dir='ltr'>τὴν</span> <span class='ocrx_word' id='word_1_28' title='bbox 1064 508 1183 562; x_wconf 81' lang='grc' dir='ltr'>ὁδὸν</span> <span class='ocrx_word' id='word_1_29' title='bbox 1226 508 1478 565; x_wconf 74' lang='grc' dir='ltr'><strong>ἐπιοῦσιν</strong></span> <span class='ocrx_word' id='word_1_30' title='bbox 1527 512 1711 576; x_wconf 78' lang='grc' dir='ltr'>αὐτοῖς</span> <span class='ocrx_word' id='word_1_31' title='bbox 1742 514 1823 583; x_wconf 85' lang='grc' dir='ltr'><strong>είς</strong></span> 
     </span>
    </p>
   </div>
   <div class='ocr_carea' id='block_1_7' title="bbox 252 590 1823 674">
    <p class='ocr_par' dir='ltr' id='par_1_7' title="bbox 252 590 1823 674">
     <span class='ocr_line' id='line_1_7' title="bbox 252 590 1823 674; baseline 0.007 -30"><span class='ocrx_word' id='word_1_32' title='bbox 252 590 566 663; x_wconf 80' lang='grc' dir='ltr'>Ἐμμαοὺμ,</span> <span class='ocrx_word' id='word_1_33' title='bbox 593 594 698 648; x_wconf 79' lang='grc' dir='ltr'><strong>κᾶν</strong></span> <span class='ocrx_word' id='word_1_34' title='bbox 749 594 904 650; x_wconf 74' lang='grc' dir='ltr'>οὔπω</span> <span class='ocrx_word' id='word_1_35' title='bbox 935 598 1204 669; x_wconf 81' lang='grc' dir='ltr'>συνῄεσαν</span> <span class='ocrx_word' id='word_1_36' title='bbox 1254 602 1475 669; x_wconf 84' lang='grc' dir='ltr'>ἐκεῖνοι,</span> <span class='ocrx_word' id='word_1_37' title='bbox 1534 604 1630 661; x_wconf 74' lang='grc' dir='ltr'>καὶ</span> <span class='ocrx_word' id='word_1_38' title='bbox 1664 604 1723 655; x_wconf 83' lang='grc' dir='ltr'><strong>ἐν</strong></span> <span class='ocrx_word' id='word_1_39' title='bbox 1756 606 1823 674; x_wconf 80' lang='grc' dir='ltr'>τῇ</span> 
     </span>
    </p>
   </div>
   <div class='ocr_carea' id='block_1_8' title="bbox 241 684 1823 761">
    <p class='ocr_par' dir='ltr' id='par_1_8' title="bbox 241 684 1823 761">
     <span class='ocr_line' id='line_1_8' title="bbox 241 684 1823 761; baseline 0.008 -25"><span class='ocrx_word' id='word_1_40' title='bbox 241 684 432 738; x_wconf 82' lang='grc' dir='ltr'>κλάσει</span> <span class='ocrx_word' id='word_1_41' title='bbox 473 684 566 738; x_wconf 87' lang='grc' dir='ltr'><strong>τοῦ</strong></span> <span class='ocrx_word' id='word_1_42' title='bbox 610 685 799 757; x_wconf 80' lang='grc' dir='ltr'><strong>ἄρτου,</strong></span> <span class='ocrx_word' id='word_1_43' title='bbox 834 689 924 742; x_wconf 81' lang='grc' dir='ltr'>ὅτε</span> <span class='ocrx_word' id='word_1_44' title='bbox 973 689 1322 761; x_wconf 79' lang='grc' dir='ltr'><strong>ἐφανέρωσεν</strong></span> <span class='ocrx_word' id='word_1_45' title='bbox 1374 693 1561 758; x_wconf 78' lang='grc' dir='ltr'>αὐτοῖς</span> <span class='ocrx_word' id='word_1_46' title='bbox 1609 694 1823 748; x_wconf 78' lang='grc' dir='ltr'>ἑαυτόν.</span> 
     </span>
    </p>
   </div>
   <div class='ocr_carea' id='block_1_9' title="bbox 244 772 1825 857">
    <p class='ocr_par' dir='ltr' id='par_1_9' title="bbox 244 772 1825 857">
     <span class='ocr_line' id='line_1_9' title="bbox 244 772 1825 857; baseline 0.006 -28"><span class='ocrx_word' id='word_1_47' title='bbox 244 772 377 830; x_wconf 77' lang='grc' dir='ltr'>Εἶτα</span> <span class='ocrx_word' id='word_1_48' title='bbox 407 780 521 841; x_wconf 75' lang='grc' dir='ltr'>τοῖς</span> <span class='ocrx_word' id='word_1_49' title='bbox 540 777 694 844; x_wconf 77' lang='grc' dir='ltr'>δέκα,</span> <span class='ocrx_word' id='word_1_50' title='bbox 737 777 814 850; x_wconf 81' lang='grc' dir='ltr'>μὴ</span> <span class='ocrx_word' id='word_1_51' title='bbox 845 779 1114 850; x_wconf 81' lang='grc' dir='ltr'><strong>παρόντος</strong></span> <span class='ocrx_word' id='word_1_52' title='bbox 1140 780 1332 852; x_wconf 80' lang='grc' dir='ltr'>Θωμᾶ,</span> <span class='ocrx_word' id='word_1_53' title='bbox 1364 782 1533 854; x_wconf 78' lang='grc' dir='ltr'>οῠοης</span> <span class='ocrx_word' id='word_1_54' title='bbox 1570 783 1731 855; x_wconf 75' lang='grc' dir='ltr'>ὀψίας</span> <span class='ocrx_word' id='word_1_55' title='bbox 1756 788 1825 857; x_wconf 77' lang='grc' dir='ltr'>τῇ</span> 
     </span>
    </p>
   </div>
   <div class='ocr_carea' id='block_1_10' title="bbox 239 867 1826 945">
    <p class='ocr_par' dir='ltr' id='par_1_10' title="bbox 239 867 1826 945">
     <span class='ocr_line' id='line_1_10' title="bbox 239 867 1826 945; baseline 0.006 -23"><span class='ocrx_word' id='word_1_56' title='bbox 239 870 427 941; x_wconf 76' lang='grc' dir='ltr'>ἡμέρᾳ.</span> <span class='ocrx_word' id='word_1_57' title='bbox 456 870 663 945; x_wconf 78' lang='grc' dir='ltr'>ἐκείνῃ.</span> <span class='ocrx_word' id='word_1_58' title='bbox 698 867 835 928; x_wconf 73' lang='grc' dir='ltr'>Εἶτα</span> <span class='ocrx_word' id='word_1_59' title='bbox 866 872 1005 945; x_wconf 89' lang='grc' dir='ltr'>όμοῦ</span> <span class='ocrx_word' id='word_1_60' title='bbox 1038 875 1225 928; x_wconf 89' lang='grc' dir='ltr'>ἐπάνω</span> <span class='ocrx_word' id='word_1_61' title='bbox 1252 877 1636 941; x_wconf 81' lang='grc' dir='ltr'><strong>πεντακοσίοις</strong></span> <span class='ocrx_word' id='word_1_62' title='bbox 1668 878 1826 931; x_wconf 80' lang='grc' dir='ltr'>ἀδελ-</span> 
     </span>
    </p>
   </div>
   <div class='ocr_carea' id='block_1_11' title="bbox 242 961 1829 1036">
    <p class='ocr_par' dir='ltr' id='par_1_11' title="bbox 242 961 1829 1036">
     <span class='ocr_line' id='line_1_11' title="bbox 242 961 1829 1036; baseline 0.006 -25"><span class='ocrx_word' id='word_1_63' title='bbox 242 961 386 1027; x_wconf 82' lang='grc' dir='ltr'>φοῖς,</span> <span class='ocrx_word' id='word_1_64' title='bbox 426 961 667 1030; x_wconf 80' lang='grc' dir='ltr'>ἐφάπαξ,</span> <span class='ocrx_word' id='word_1_65' title='bbox 720 961 797 1027; x_wconf 85' lang='grc' dir='ltr'><strong>ὡς</strong></span> <span class='ocrx_word' id='word_1_66' title='bbox 844 964 1273 1036; x_wconf 88' lang='grc' dir='ltr'>ἐπισημαίνεται</span> <span class='ocrx_word' id='word_1_67' title='bbox 1305 966 1548 1032; x_wconf 87' lang='grc' dir='ltr'>Παῦλος,</span> <span class='ocrx_word' id='word_1_68' title='bbox 1604 969 1687 1023; x_wconf 87' lang='grc' dir='ltr'>ὃτι</span> <span class='ocrx_word' id='word_1_69' title='bbox 1734 970 1829 1024; x_wconf 81' lang='grc' dir='ltr'>καὶ</span> 
     </span>
    </p>
   </div>
   <div class='ocr_carea' id='block_1_12' title="bbox 242 1052 1824 1132">
    <p class='ocr_par' dir='ltr' id='par_1_12' title="bbox 242 1052 1824 1132">
     <span class='ocr_line' id='line_1_12' title="bbox 242 1052 1824 1132; baseline 0.006 -28"><span class='ocrx_word' id='word_1_70' title='bbox 242 1052 424 1105; x_wconf 85' lang='grc' dir='ltr'>αὐτῶν</span> <span class='ocrx_word' id='word_1_71' title='bbox 440 1055 489 1106; x_wconf 77' lang='grc' dir='ltr'><strong>οι</strong></span> <span class='ocrx_word' id='word_1_72' title='bbox 510 1053 733 1119; x_wconf 87' lang='grc' dir='ltr'>πλείους</span> <span class='ocrx_word' id='word_1_73' title='bbox 760 1054 1016 1126; x_wconf 84' lang='grc' dir='ltr'>μένουσιν</span> <span class='ocrx_word' id='word_1_74' title='bbox 1033 1057 1140 1122; x_wconf 69' lang='grc' dir='ltr'><strong>ἕως</strong></span> <span class='ocrx_word' id='word_1_75' title='bbox 1156 1059 1305 1129; x_wconf 80' lang='grc' dir='ltr'>ἄρτι.</span> <span class='ocrx_word' id='word_1_76' title='bbox 1330 1060 1449 1113; x_wconf 87' lang='grc' dir='ltr'><strong>Ἔτι</strong></span> <span class='ocrx_word' id='word_1_77' title='bbox 1470 1060 1528 1113; x_wconf 84' lang='grc' dir='ltr'><strong>δέ</strong></span> <span class='ocrx_word' id='word_1_78' title='bbox 1563 1060 1824 1132; x_wconf 79' lang='grc' dir='ltr'><strong>Ἰακώϐῳ·</strong></span> 
     </span>
    </p>
   </div>
   <div class='ocr_carea' id='block_1_13' title="bbox 243 1145 1826 1221">
    <p class='ocr_par' dir='ltr' id='par_1_13' title="bbox 243 1145 1826 1221">
     <span class='ocr_line' id='line_1_13' title="bbox 243 1145 1826 1221; baseline 0.009 -23"><span class='ocrx_word' id='word_1_79' title='bbox 243 1146 339 1199; x_wconf 73' lang='grc' dir='ltr'><strong>καὶ</strong></span> <span class='ocrx_word' id='word_1_80' title='bbox 370 1145 529 1201; x_wconf 88' lang='grc' dir='ltr'>τοῦτο</span> <span class='ocrx_word' id='word_1_81' title='bbox 575 1149 795 1213; x_wconf 81' lang='grc' dir='ltr'>Παῦλος</span> <span class='ocrx_word' id='word_1_82' title='bbox 824 1150 1067 1205; x_wconf 75' lang='grc' dir='ltr'>διδάσκει</span> <span class='ocrx_word' id='word_1_83' title='bbox 1108 1151 1231 1221; x_wconf 72' lang='grc' dir='ltr'>οὐχὶ</span> <span class='ocrx_word' id='word_1_84' title='bbox 1261 1152 1425 1221; x_wconf 86' lang='grc' dir='ltr'>μόνον</span> <span class='ocrx_word' id='word_1_85' title='bbox 1452 1156 1563 1218; x_wconf 73' lang='grc' dir='ltr'>τοῖς</span> <span class='ocrx_word' id='word_1_86' title='bbox 1593 1153 1826 1213; x_wconf 82' lang='grc' dir='ltr'>δώδεκα.</span> 
     </span>
    </p>
   </div>
   <div class='ocr_carea' id='block_1_14' title="bbox 244 1237 1829 1316">
    <p class='ocr_par' dir='ltr' id='par_1_14' title="bbox 244 1237 1829 1316">
     <span class='ocr_line' id='line_1_14' title="bbox 244 1237 1829 1316; baseline 0.006 -24"><span class='ocrx_word' id='word_1_87' title='bbox 244 1239 357 1315; x_wconf 60' lang='grc' dir='ltr'><strong>Καὶ</strong></span> <span class='ocrx_word' id='word_1_88' title='bbox 387 1240 495 1311; x_wconf 81' lang='grc' dir='ltr'><strong>γὰρ</strong></span> <span class='ocrx_word' id='word_1_89' title='bbox 530 1240 819 1311; x_wconf 75' lang='grc' dir='ltr'>προλαϐὼν</span> <span class='ocrx_word' id='word_1_90' title='bbox 841 1237 995 1297; x_wconf 80' lang='grc' dir='ltr'>εἶπεν</span> <span class='ocrx_word' id='word_1_91' title='bbox 1014 1258 1030 1276; x_wconf 75' lang='lat'>&#39;</span> <span class='ocrx_word' id='word_1_92' title='bbox 1073 1261 1092 1294; x_wconf 73' lang='grc' dir='ltr'><strong>ι</strong></span> <span class='ocrx_word' id='word_1_93' title='bbox 1131 1244 1310 1315; x_wconf 83' lang='grc' dir='ltr'>Ὠφθη</span> <span class='ocrx_word' id='word_1_94' title='bbox 1337 1246 1508 1316; x_wconf 83' lang='grc' dir='ltr'><strong>Κηφᾷ</strong></span> <span class='ocrx_word' id='word_1_95' title='bbox 1527 1261 1539 1275; x_wconf 83' lang='lat'><strong><em>°</em></strong></span> <span class='ocrx_word' id='word_1_96' title='bbox 1573 1242 1694 1301; x_wconf 84' lang='grc' dir='ltr'>εἶτα</span> <span class='ocrx_word' id='word_1_97' title='bbox 1716 1249 1829 1312; x_wconf 83' lang='grc' dir='ltr'>τοῖς</span> 
     </span>
    </p>
   </div>
   <div class='ocr_carea' id='block_1_15' title="bbox 240 1330 1826 1405">
    <p class='ocr_par' dir='ltr' id='par_1_15' title="bbox 240 1330 1826 1405">
     <span class='ocr_line' id='line_1_15' title="bbox 240 1330 1826 1405; baseline 0.008 -24"><span class='ocrx_word' id='word_1_98' title='bbox 240 1330 435 1384; x_wconf 83' lang='grc' dir='ltr'>ἓνδεκα</span> <span class='ocrx_word' id='word_1_99' title='bbox 461 1331 606 1403; x_wconf 82' lang='grc'><strong>(86);</strong></span> <span class='ocrx_word' id='word_1_100' title='bbox 650 1351 670 1385; x_wconf 76' lang='grc' dir='ltr'><strong>ι</strong></span> <span class='ocrx_word' id='word_1_101' title='bbox 699 1334 796 1388; x_wconf 70' lang='grc' dir='ltr'><strong>καὶ</strong></span> <span class='ocrx_word' id='word_1_102' title='bbox 828 1333 1003 1401; x_wconf 79' lang='grc' dir='ltr'>οὕτως</span> <span class='ocrx_word' id='word_1_103' title='bbox 1030 1333 1315 1405; x_wconf 79' lang='grc' dir='ltr'>ἐπήγαγεν</span> <span class='ocrx_word' id='word_1_104' title='bbox 1341 1338 1455 1398; x_wconf 87' lang='grc' dir='ltr'>τοῖς</span> <span class='ocrx_word' id='word_1_105' title='bbox 1485 1336 1826 1402; x_wconf 88' lang='grc' dir='ltr'>ἀποστόλοις.</span> 
     </span>
    </p>
   </div>
   <div class='ocr_carea' id='block_1_16' title="bbox 243 1418 1825 1499">
    <p class='ocr_par' dir='ltr' id='par_1_16' title="bbox 243 1418 1825 1499">
     <span class='ocr_line' id='line_1_16' title="bbox 243 1418 1825 1499; baseline 0.004 -24"><span class='ocrx_word' id='word_1_106' title='bbox 243 1418 383 1476; x_wconf 77' lang='grc' dir='ltr'>Εἶτα</span> <span class='ocrx_word' id='word_1_107' title='bbox 411 1426 526 1488; x_wconf 87' lang='grc' dir='ltr'>τοῖς</span> <span class='ocrx_word' id='word_1_108' title='bbox 554 1425 698 1480; x_wconf 89' lang='grc' dir='ltr'><strong>ἐπτά</strong></span> <span class='ocrx_word' id='word_1_109' title='bbox 723 1425 820 1478; x_wconf 79' lang='grc' dir='ltr'><strong>ἐπὶ</strong></span> <span class='ocrx_word' id='word_1_110' title='bbox 873 1427 973 1498; x_wconf 75' lang='grc' dir='ltr'>τῆς</span> <span class='ocrx_word' id='word_1_111' title='bbox 1009 1427 1289 1499; x_wconf 79' lang='grc' dir='ltr'>Θαλάσσης</span> <span class='ocrx_word' id='word_1_112' title='bbox 1339 1428 1442 1499; x_wconf 83' lang='grc' dir='ltr'>τῆς</span> <span class='ocrx_word' id='word_1_113' title='bbox 1485 1426 1825 1499; x_wconf 78' lang='grc' dir='ltr'>Τιϐεριάδος,</span> 
     </span>
    </p>
   </div>
   <div class='ocr_carea' id='block_1_17' title="bbox 242 1514 1832 1590">
    <p class='ocr_par' dir='ltr' id='par_1_17' title="bbox 242 1514 1832 1590">
     <span class='ocr_line' id='line_1_17' title="bbox 242 1514 1832 1590; baseline 0.004 -24"><span class='ocrx_word' id='word_1_114' title='bbox 242 1514 520 1569; x_wconf 82' lang='grc' dir='ltr'>τουτέστιν</span> <span class='ocrx_word' id='word_1_115' title='bbox 558 1514 750 1588; x_wconf 83' lang='grc' dir='ltr'>Πέτρῳ</span> <span class='ocrx_word' id='word_1_116' title='bbox 775 1516 867 1571; x_wconf 78' lang='grc' dir='ltr'><strong>καὶ</strong></span> <span class='ocrx_word' id='word_1_117' title='bbox 902 1517 1074 1589; x_wconf 80' lang='grc' dir='ltr'><strong>Θωμᾷ</strong></span> <span class='ocrx_word' id='word_1_118' title='bbox 1102 1518 1198 1573; x_wconf 77' lang='grc' dir='ltr'><strong>καὶ</strong></span> <span class='ocrx_word' id='word_1_119' title='bbox 1226 1518 1543 1590; x_wconf 82' lang='grc' dir='ltr'>Ναθαναὴλ,</span> <span class='ocrx_word' id='word_1_120' title='bbox 1589 1520 1832 1589; x_wconf 76' lang='grc' dir='ltr'><strong>Ἰακώϐῳ</strong></span> 
     </span>
    </p>
   </div>
   <div class='ocr_carea' id='block_1_18' title="bbox 243 1607 1830 1682">
    <p class='ocr_par' dir='ltr' id='par_1_18' title="bbox 243 1607 1830 1682">
     <span class='ocr_line' id='line_1_18' title="bbox 243 1607 1830 1682; baseline 0.004 -24"><span class='ocrx_word' id='word_1_121' title='bbox 243 1607 339 1659; x_wconf 74' lang='grc' dir='ltr'>καὶ</span> <span class='ocrx_word' id='word_1_122' title='bbox 383 1607 622 1680; x_wconf 86' lang='grc' dir='ltr'>Ἰωάννῃ,</span> <span class='ocrx_word' id='word_1_123' title='bbox 676 1608 773 1662; x_wconf 81' lang='grc' dir='ltr'>καὶ</span> <span class='ocrx_word' id='word_1_124' title='bbox 817 1610 999 1673; x_wconf 85' lang='grc' dir='ltr'>ἄλλοις</span> <span class='ocrx_word' id='word_1_125' title='bbox 1031 1610 1127 1664; x_wconf 84' lang='grc' dir='ltr'><strong>δύο</strong></span> <span class='ocrx_word' id='word_1_126' title='bbox 1171 1610 1286 1664; x_wconf 89' lang='grc' dir='ltr'><strong>τῶν</strong></span> <span class='ocrx_word' id='word_1_127' title='bbox 1324 1611 1586 1682; x_wconf 80' lang='grc' dir='ltr'>μαθητῶν</span> <span class='ocrx_word' id='word_1_128' title='bbox 1636 1610 1830 1665; x_wconf 85' lang='grc' dir='ltr'>αὐτοῦ.</span> 
     </span>
    </p>
   </div>
   <div class='ocr_carea' id='block_1_19' title="bbox 246 1695 1830 1775">
    <p class='ocr_par' dir='ltr' id='par_1_19' title="bbox 246 1695 1830 1775">
     <span class='ocr_line' id='line_1_19' title="bbox 246 1695 1830 1775; baseline 0.001 -19"><span class='ocrx_word' id='word_1_129' title='bbox 246 1695 382 1756; x_wconf 80' lang='grc' dir='ltr'>Εἶτα</span> <span class='ocrx_word' id='word_1_130' title='bbox 409 1702 519 1765; x_wconf 81' lang='grc' dir='ltr'>τοῖς</span> <span class='ocrx_word' id='word_1_131' title='bbox 541 1701 865 1765; x_wconf 78' lang='grc' dir='ltr'>ἀποστόλοις</span> <span class='ocrx_word' id='word_1_132' title='bbox 927 1704 1122 1766; x_wconf 80' lang='grc' dir='ltr'>πᾶσιν,</span> <span class='ocrx_word' id='word_1_133' title='bbox 1153 1704 1405 1757; x_wconf 82' lang='grc' dir='ltr'>τουτέστι</span> <span class='ocrx_word' id='word_1_134' title='bbox 1439 1706 1554 1767; x_wconf 83' lang='grc' dir='ltr'>τοῖς</span> <span class='ocrx_word' id='word_1_135' title='bbox 1592 1703 1830 1775; x_wconf 77' lang='grc' dir='ltr'>ἐϐδομή-</span> 
     </span>
    </p>
   </div>
   <div class='ocr_carea' id='block_1_20' title="bbox 1932 505 3515 582">
    <p class='ocr_par' dir='ltr' id='par_1_20' title="bbox 1932 505 3515 582">
     <span class='ocr_line' id='line_1_20' title="bbox 1932 505 3515 582; baseline -0.002 -17"><span class='ocrx_word' id='word_1_136' title='bbox 1932 510 2113 582; x_wconf 81' lang='lat' dir='ltr'><strong>paruit</strong></span> <span class='ocrx_word' id='word_1_137' title='bbox 2160 509 2379 575; x_wconf 64' lang='lat' dir='ltr'><strong>Petro”,</strong></span> <span class='ocrx_word' id='word_1_138' title='bbox 2433 507 2629 562; x_wconf 85' lang='lat' dir='ltr'><strong>deinde</strong></span> <span class='ocrx_word' id='word_1_139' title='bbox 2681 506 3001 577; x_wconf 71' lang='lat' dir='ltr'><strong>Cleophae“</strong></span> <span class='ocrx_word' id='word_1_140' title='bbox 3045 505 3275 576; x_wconf 86' lang='lat' dir='ltr'><strong>ejusque</strong></span> <span class='ocrx_word' id='word_1_141' title='bbox 3323 506 3515 572; x_wconf 84' lang='lat' dir='ltr'><strong>sociis.</strong></span> 
     </span>
    </p>
   </div>
   <div class='ocr_carea' id='block_1_21' title="bbox 1933 598 3516 670">
    <p class='ocr_par' dir='ltr' id='par_1_21' title="bbox 1933 598 3516 670">
     <span class='ocr_line' id='line_1_21' title="bbox 1933 598 3516 670; baseline -0.001 -15"><span class='ocrx_word' id='word_1_142' title='bbox 1933 617 2057 656; x_wconf 79' lang='lat' dir='ltr'><strong>rum</strong></span> <span class='ocrx_word' id='word_1_143' title='bbox 2095 604 2201 657; x_wconf 90' lang='lat' dir='ltr'><strong>iter</strong></span> <span class='ocrx_word' id='word_1_144' title='bbox 2239 601 2563 661; x_wconf 82' lang='lat' dir='ltr'><strong>Emauntem</strong></span> <span class='ocrx_word' id='word_1_145' title='bbox 2600 598 2863 663; x_wconf 78' lang='lat' dir='ltr'><strong>facerent,</strong></span> <span class='ocrx_word' id='word_1_146' title='bbox 2906 614 3020 654; x_wconf 89' lang='lat' dir='ltr'><strong>rem</strong></span> <span class='ocrx_word' id='word_1_147' title='bbox 3047 599 3221 670; x_wconf 87' lang='lat' dir='ltr'><strong>ipsam</strong></span> <span class='ocrx_word' id='word_1_148' title='bbox 3272 600 3516 654; x_wconf 82' lang='lat' dir='ltr'><strong>nondum</strong></span> 
     </span>
    </p>
   </div>
   <div class='ocr_carea' id='block_1_22' title="bbox 1933 692 3519 763">
    <p class='ocr_par' dir='ltr' id='par_1_22' title="bbox 1933 692 3519 763">
     <span class='ocr_line' id='line_1_22' title="bbox 1933 692 3519 763; baseline -0.001 -14"><span class='ocrx_word' id='word_1_149' title='bbox 1933 695 2135 759; x_wconf 85' lang='lat' dir='ltr'><strong>edocti,</strong></span> <span class='ocrx_word' id='word_1_150' title='bbox 2188 702 2241 749; x_wconf 87' lang='lat' dir='ltr'><strong>et</strong></span> <span class='ocrx_word' id='word_1_151' title='bbox 2295 709 2422 748; x_wconf 90' lang='lat' dir='ltr'><strong>cum</strong></span> <span class='ocrx_word' id='word_1_152' title='bbox 2473 693 2527 747; x_wconf 88' lang='lat' dir='ltr'><strong>in</strong></span> <span class='ocrx_word' id='word_1_153' title='bbox 2602 692 2871 748; x_wconf 77' lang='lat' dir='ltr'><strong>fraetione</strong></span> <span class='ocrx_word' id='word_1_154' title='bbox 2912 692 3070 763; x_wconf 89' lang='lat' dir='ltr'><strong>panis</strong></span> <span class='ocrx_word' id='word_1_155' title='bbox 3111 693 3353 763; x_wconf 90' lang='lat' dir='ltr'><strong>seipsum</strong></span> <span class='ocrx_word' id='word_1_156' title='bbox 3406 692 3519 748; x_wconf 83' lang='lat' dir='ltr'><strong>illis</strong></span> 
     </span>
    </p>
   </div>
   <div class='ocr_carea' id='block_1_23' title="bbox 1935 784 3518 861">
    <p class='ocr_par' dir='ltr' id='par_1_23' title="bbox 1935 784 3518 861">
     <span class='ocr_line' id='line_1_23' title="bbox 1935 784 3518 861; baseline -0.002 -19"><span class='ocrx_word' id='word_1_157' title='bbox 1935 786 2338 844; x_wconf 84' lang='lat' dir='ltr'><strong>manifestaret.</strong></span> <span class='ocrx_word' id='word_1_158' title='bbox 2373 786 2547 841; x_wconf 87' lang='lat' dir='ltr'><strong>Porro</strong></span> <span class='ocrx_word' id='word_1_159' title='bbox 2575 787 2762 840; x_wconf 88' lang='lat' dir='ltr'><strong>decem</strong></span> <span class='ocrx_word' id='word_1_160' title='bbox 2796 785 3082 861; x_wconf 79' lang='lat' dir='ltr'><strong>discipulis</strong></span> <span class='ocrx_word' id='word_1_161' title='bbox 3106 785 3173 849; x_wconf 84' lang='lat'><strong>“,</strong></span> <span class='ocrx_word' id='word_1_162' title='bbox 3210 800 3337 841; x_wconf 90' lang='lat' dir='ltr'><strong>cum</strong></span> <span class='ocrx_word' id='word_1_163' title='bbox 3378 784 3518 839; x_wconf 76' lang='lat' dir='ltr'><strong>Tho-</strong></span> 
     </span>
    </p>
   </div>
   <div class='ocr_carea' id='block_1_24' title="bbox 1935 874 3517 953">
    <p class='ocr_par' dir='ltr' id='par_1_24' title="bbox 1935 874 3517 953">
     <span class='ocr_line' id='line_1_24' title="bbox 1935 874 3517 953; baseline -0.002 -19"><span class='ocrx_word' id='word_1_164' title='bbox 1935 898 2049 935; x_wconf 86' lang='lat' dir='ltr'><strong>mas</strong></span> <span class='ocrx_word' id='word_1_165' title='bbox 2083 896 2191 934; x_wconf 92' lang='lat' dir='ltr'><strong>non</strong></span> <span class='ocrx_word' id='word_1_166' title='bbox 2226 880 2444 935; x_wconf 90' lang='lat' dir='ltr'><strong>adesset</strong></span> <span class='ocrx_word' id='word_1_167' title='bbox 2462 879 2529 944; x_wconf 73' lang='grc' dir='ltr'>η,</span> <span class='ocrx_word' id='word_1_168' title='bbox 2575 886 2633 934; x_wconf 89' lang='lat' dir='ltr'><strong>et</strong></span> <span class='ocrx_word' id='word_1_169' title='bbox 2656 874 2900 953; x_wconf 74' lang='lat' dir='ltr'><strong>&#39;quidem</strong></span> <span class='ocrx_word' id='word_1_170' title='bbox 2950 878 3055 934; x_wconf 86' lang='lat' dir='ltr'><strong>sub</strong></span> <span class='ocrx_word' id='word_1_171' title='bbox 3078 892 3364 947; x_wconf 84' lang='lat' dir='ltr'><strong>vesperam</strong></span> <span class='ocrx_word' id='word_1_172' title='bbox 3394 876 3517 948; x_wconf 91' lang='lat' dir='ltr'><strong>ipso</strong></span> 
     </span>
    </p>
   </div>
   <div class='ocr_carea' id='block_1_25' title="bbox 1935 969 3521 1040">
    <p class='ocr_par' dir='ltr' id='par_1_25' title="bbox 1935 969 3521 1040">
     <span class='ocr_line' id='line_1_25' title="bbox 1935 969 3521 1040; baseline -0.004 -11"><span class='ocrx_word' id='word_1_173' title='bbox 1935 971 2360 1029; x_wconf 85' lang='lat' dir='ltr'><strong>resurrectionis</strong></span> <span class='ocrx_word' id='word_1_174' title='bbox 2391 971 2501 1027; x_wconf 89' lang='lat' dir='ltr'><strong>die.</strong></span> <span class='ocrx_word' id='word_1_175' title='bbox 2541 970 2679 1027; x_wconf 91' lang='lat' dir='ltr'><strong>Inde</strong></span> <span class='ocrx_word' id='word_1_176' title='bbox 2724 970 3012 1040; x_wconf 87' lang='lat' dir='ltr'><strong>discipulis</strong></span> <span class='ocrx_word' id='word_1_177' title='bbox 3054 969 3333 1036; x_wconf 84' lang='lat' dir='ltr'><strong>undecim,</strong></span> <span class='ocrx_word' id='word_1_178' title='bbox 3375 984 3521 1039; x_wconf 81' lang='lat' dir='ltr'><strong>prae-</strong></span> 
     </span>
    </p>
   </div>
   <div class='ocr_carea' id='block_1_26' title="bbox 1935 1061 3517 1123">
    <p class='ocr_par' dir='ltr' id='par_1_26' title="bbox 1935 1061 3517 1123">
     <span class='ocr_line' id='line_1_26' title="bbox 1935 1061 3517 1123; baseline -0.003 -3"><span class='ocrx_word' id='word_1_179' title='bbox 1935 1069 2094 1120; x_wconf 89' lang='lat' dir='ltr'><strong>sente</strong></span> <span class='ocrx_word' id='word_1_180' title='bbox 2129 1063 2293 1118; x_wconf 86' lang='lat' dir='ltr'><strong>etiam</strong></span> <span class='ocrx_word' id='word_1_181' title='bbox 2320 1070 2383 1119; x_wconf 83' lang='lat' dir='ltr'><strong>et</strong></span> <span class='ocrx_word' id='word_1_182' title='bbox 2408 1072 2770 1119; x_wconf 85' lang='lat' dir='ltr'><strong>annumerato</strong></span> <span class='ocrx_word' id='word_1_183' title='bbox 2794 1062 2903 1120; x_wconf 87' lang='lat' dir='ltr'><strong>illis</strong></span> <span class='ocrx_word' id='word_1_184' title='bbox 2927 1062 3158 1123; x_wconf 67' lang='lat' dir='ltr'><strong>Thema.</strong></span> <span class='ocrx_word' id='word_1_185' title='bbox 3183 1063 3377 1119; x_wconf 84' lang='lat' dir='ltr'><strong>Postea</strong></span> <span class='ocrx_word' id='word_1_186' title='bbox 3403 1061 3517 1117; x_wconf 79' lang='lat' dir='ltr'><strong>fra-</strong></span> 
     </span>
    </p>
   </div>
   <div class='ocr_carea' id='block_1_27' title="bbox 1936 1154 3521 1226">
    <p class='ocr_par' dir='ltr' id='par_1_27' title="bbox 1936 1154 3521 1226">
     <span class='ocr_line' id='line_1_27' title="bbox 1936 1154 3521 1226; baseline -0.002 -15"><span class='ocrx_word' id='word_1_187' title='bbox 1936 1154 2114 1211; x_wconf 87' lang='lat' dir='ltr'><strong>tribus</strong></span> <span class='ocrx_word' id='word_1_188' title='bbox 2152 1154 2470 1226; x_wconf 83' lang='lat' dir='ltr'><strong>quingentis</strong></span> <span class='ocrx_word' id='word_1_189' title='bbox 2511 1164 2568 1209; x_wconf 89' lang='grc' dir='ltr'><strong>ει</strong></span> <span class='ocrx_word' id='word_1_190' title='bbox 2621 1155 2854 1225; x_wconf 87' lang='lat' dir='ltr'><strong>amplius</strong></span> <span class='ocrx_word' id='word_1_191' title='bbox 2901 1155 3086 1222; x_wconf 88' lang='lat' dir='ltr'><strong>simul,</strong></span> <span class='ocrx_word' id='word_1_192' title='bbox 3130 1171 3364 1226; x_wconf 88' lang='lat' dir='ltr'><strong>quorum</strong></span> <span class='ocrx_word' id='word_1_193' title='bbox 3407 1155 3521 1224; x_wconf 80' lang='lat' dir='ltr'><strong>ple-</strong></span> 
     </span>
    </p>
   </div>
   <div class='ocr_carea' id='block_1_28' title="bbox 1936 1246 3520 1318">
    <p class='ocr_par' dir='ltr' id='par_1_28' title="bbox 1936 1246 3520 1318">
     <span class='ocr_line' id='line_1_28' title="bbox 1936 1246 3520 1318; baseline 0.001 -15"><span class='ocrx_word' id='word_1_194' title='bbox 1936 1263 2139 1318; x_wconf 86' lang='lat' dir='ltr'><strong>rosque</strong></span> <span class='ocrx_word' id='word_1_195' title='bbox 2159 1247 2339 1302; x_wconf 89' lang='lat' dir='ltr'><strong>adhuc</strong></span> <span class='ocrx_word' id='word_1_196' title='bbox 2364 1262 2653 1317; x_wconf 84' lang='lat' dir='ltr'><strong>superesse</strong></span> <span class='ocrx_word' id='word_1_197' title='bbox 2681 1248 2883 1303; x_wconf 86' lang='lat' dir='ltr'><strong>Paulus</strong></span> <span class='ocrx_word' id='word_1_198' title='bbox 2908 1257 3138 1303; x_wconf 79' lang='lat' dir='ltr'><strong>testatur</strong></span> <span class='ocrx_word' id='word_1_199' title='bbox 3162 1248 3226 1304; x_wconf 75' lang='grc'><strong>⁸³.</strong></span> <span class='ocrx_word' id='word_1_200' title='bbox 3249 1246 3520 1307; x_wconf 77' lang='lat' dir='ltr'><strong>Praeterea</strong></span> 
     </span>
    </p>
   </div>
   <div class='ocr_carea' id='block_1_29' title="bbox 1936 1337 3521 1410">
    <p class='ocr_par' dir='ltr' id='par_1_29' title="bbox 1936 1337 3521 1410">
     <span class='ocr_line' id='line_1_29' title="bbox 1936 1337 3521 1410; baseline -0.001 -16"><span class='ocrx_word' id='word_1_201' title='bbox 1936 1337 2224 1406; x_wconf 74' lang='lat' dir='ltr'><strong>Jacobo“;</strong></span> <span class='ocrx_word' id='word_1_202' title='bbox 2256 1339 2404 1410; x_wconf 86' lang='lat' dir='ltr'><strong>quod</strong></span> <span class='ocrx_word' id='word_1_203' title='bbox 2420 1340 2562 1394; x_wconf 89' lang='lat' dir='ltr'><strong>idem</strong></span> <span class='ocrx_word' id='word_1_204' title='bbox 2586 1338 2789 1395; x_wconf 78' lang='lat' dir='ltr'><strong>Paulus</strong></span> <span class='ocrx_word' id='word_1_205' title='bbox 2804 1340 2981 1405; x_wconf 84' lang='lat' dir='ltr'><strong>docet,</strong></span> <span class='ocrx_word' id='word_1_206' title='bbox 3009 1354 3116 1394; x_wconf 91' lang='lat' dir='ltr'><strong>non</strong></span> <span class='ocrx_word' id='word_1_207' title='bbox 3146 1340 3364 1409; x_wconf 86' lang='lat' dir='ltr'><strong>quidem</strong></span> <span class='ocrx_word' id='word_1_208' title='bbox 3399 1349 3521 1393; x_wconf 88' lang='lat' dir='ltr'><strong>tan-</strong></span> 
     </span>
    </p>
   </div>
   <div class='ocr_carea' id='block_1_30' title="bbox 1939 1414 3519 1487">
    <p class='ocr_par' dir='ltr' id='par_1_30' title="bbox 1939 1414 3519 1487">
     <span class='ocr_line' id='line_1_30' title="bbox 1939 1414 3519 1487; baseline 0.001 -3"><span class='ocrx_word' id='word_1_209' title='bbox 1939 1436 2055 1485; x_wconf 91' lang='lat' dir='ltr'><strong>tum</strong></span> <span class='ocrx_word' id='word_1_210' title='bbox 2125 1432 2269 1487; x_wconf 90' lang='lat' dir='ltr'><strong>inter</strong></span> <span class='ocrx_word' id='word_1_211' title='bbox 2318 1430 2606 1486; x_wconf 84' lang='lat' dir='ltr'><strong>duodecim</strong></span> <span class='ocrx_word' id='word_1_212' title='bbox 2667 1430 2811 1486; x_wconf 88' lang='lat' dir='ltr'><strong>illos.</strong></span> <span class='ocrx_word' id='word_1_213' title='bbox 2862 1430 3007 1485; x_wconf 88' lang='lat' dir='ltr'><strong>Ante</strong></span> <span class='ocrx_word' id='word_1_214' title='bbox 3053 1414 3197 1484; x_wconf 82' lang='lat' dir='ltr'><strong>enim</strong></span> <span class='ocrx_word' id='word_1_215' title='bbox 3256 1430 3519 1486; x_wconf 80' lang='lat' dir='ltr'><strong>dixerat:</strong></span> 
     </span>
    </p>
   </div>
   <div class='ocr_carea' id='block_1_31' title="bbox 1944 1521 3526 1594">
    <p class='ocr_par' dir='ltr' id='par_1_31' title="bbox 1944 1521 3526 1594">
     <span class='ocr_line' id='line_1_31' title="bbox 1944 1521 3526 1594; baseline 0.001 -20"><span class='ocrx_word' id='word_1_216' title='bbox 1944 1540 1963 1574; x_wconf 79' lang='grc' dir='ltr'><strong>ι</strong></span> <span class='ocrx_word' id='word_1_217' title='bbox 1985 1521 2254 1593; x_wconf 86' lang='lat' dir='ltr'><strong>Apparuit</strong></span> <span class='ocrx_word' id='word_1_218' title='bbox 2274 1522 2471 1592; x_wconf 63' lang='lat' dir='ltr'><strong>Cephas</strong></span> <span class='ocrx_word' id='word_1_219' title='bbox 2497 1542 2510 1578; x_wconf 89' lang='lat'><strong>:</strong></span> <span class='ocrx_word' id='word_1_220' title='bbox 2538 1532 2727 1594; x_wconf 86' lang='lat' dir='ltr'><strong>postea</strong></span> <span class='ocrx_word' id='word_1_221' title='bbox 2751 1522 3043 1578; x_wconf 88' lang='lat' dir='ltr'><strong>duodecim</strong></span> <span class='ocrx_word' id='word_1_222' title='bbox 3071 1523 3180 1577; x_wconf 92' lang='lat' dir='ltr'><strong>illis</strong></span> <span class='ocrx_word' id='word_1_223' title='bbox 3206 1521 3249 1553; x_wconf 68' lang='grc'><strong>’⁸</strong></span> <span class='ocrx_word' id='word_1_224' title='bbox 3273 1539 3333 1590; x_wconf 52' lang='grc' dir='ltr'><strong>λ»</strong></span> <span class='ocrx_word' id='word_1_225' title='bbox 3360 1523 3526 1576; x_wconf 80' lang='lat' dir='ltr'><strong>adeo-</strong></span> 
     </span>
    </p>
   </div>
   <div class='ocr_carea' id='block_1_32' title="bbox 1939 1616 3524 1687">
    <p class='ocr_par' dir='ltr' id='par_1_32' title="bbox 1939 1616 3524 1687">
     <span class='ocr_line' id='line_1_32' title="bbox 1939 1616 3524 1687; baseline -0.001 -15"><span class='ocrx_word' id='word_1_226' title='bbox 1939 1632 2047 1687; x_wconf 90' lang='lat' dir='ltr'><strong>que</strong></span> <span class='ocrx_word' id='word_1_227' title='bbox 2089 1618 2358 1687; x_wconf 84' lang='lat' dir='ltr'><strong>apostolis</strong></span> <span class='ocrx_word' id='word_1_228' title='bbox 2409 1617 2564 1673; x_wconf 90' lang='lat' dir='ltr'><strong>illum</strong></span> <span class='ocrx_word' id='word_1_229' title='bbox 2620 1617 3020 1685; x_wconf 86' lang='lat' dir='ltr'><strong>superaddidit.</strong></span> <span class='ocrx_word' id='word_1_230' title='bbox 3059 1616 3263 1671; x_wconf 87' lang='lat' dir='ltr'><strong>Deinde</strong></span> <span class='ocrx_word' id='word_1_231' title='bbox 3314 1625 3524 1684; x_wconf 60' lang='lat' dir='ltr'><strong>septum</strong></span> 
     </span>
    </p>
   </div>
   <div class='ocr_carea' id='block_1_33' title="bbox 1940 1706 3523 1779">
    <p class='ocr_par' dir='ltr' id='par_1_33' title="bbox 1940 1706 3523 1779">
     <span class='ocr_line' id='line_1_33' title="bbox 1940 1706 3523 1779; baseline -0.002 -17"><span class='ocrx_word' id='word_1_232' title='bbox 1940 1708 2070 1773; x_wconf 89' lang='lat' dir='ltr'><strong>illis,</strong></span> <span class='ocrx_word' id='word_1_233' title='bbox 2116 1709 2181 1763; x_wconf 89' lang='lat' dir='ltr'><strong>ad</strong></span> <span class='ocrx_word' id='word_1_234' title='bbox 2214 1724 2364 1764; x_wconf 88' lang='lat' dir='ltr'><strong>mare</strong></span> <span class='ocrx_word' id='word_1_235' title='bbox 2394 1708 2704 1764; x_wconf 88' lang='lat' dir='ltr'><strong>Tiberiadis</strong></span> <span class='ocrx_word' id='word_1_236' title='bbox 2746 1708 3117 1779; x_wconf 84' lang='lat' dir='ltr'><strong>congregatis,</strong></span> <span class='ocrx_word' id='word_1_237' title='bbox 3160 1707 3268 1762; x_wconf 87' lang='lat' dir='ltr'><strong>hoc</strong></span> <span class='ocrx_word' id='word_1_238' title='bbox 3301 1716 3385 1761; x_wconf 87' lang='lat' dir='ltr'><strong>est</strong></span> <span class='ocrx_word' id='word_1_239' title='bbox 3417 1706 3523 1760; x_wconf 88' lang='lat' dir='ltr'><strong>Pc-</strong></span> 
     </span>
    </p>
   </div>
   <div class='ocr_carea' id='block_1_34' title="bbox 242 1788 1832 1867">
    <p class='ocr_par' dir='ltr' id='par_1_34' title="bbox 242 1788 1830 1866">
     <span class='ocr_line' id='line_1_34' title="bbox 242 1788 1830 1866; baseline 0.003 -19"><span class='ocrx_word' id='word_1_240' title='bbox 242 1809 432 1849; x_wconf 77' lang='grc' dir='ltr'>κοντα.</span> <span class='ocrx_word' id='word_1_241' title='bbox 470 1788 602 1853; x_wconf 71' lang='grc' dir='ltr'>Εἶτα</span> <span class='ocrx_word' id='word_1_242' title='bbox 659 1796 740 1858; x_wconf 83' lang='grc' dir='ltr'><strong>είς</strong></span> <span class='ocrx_word' id='word_1_243' title='bbox 770 1795 829 1849; x_wconf 87' lang='grc' dir='ltr'>τὸ</span> <span class='ocrx_word' id='word_1_244' title='bbox 862 1794 990 1866; x_wconf 80' lang='grc' dir='ltr'>ὅρος</span> <span class='ocrx_word' id='word_1_245' title='bbox 1043 1794 1144 1866; x_wconf 78' lang='grc' dir='ltr'>τῆς</span> <span class='ocrx_word' id='word_1_246' title='bbox 1176 1794 1471 1860; x_wconf 81' lang='grc' dir='ltr'>Γαλιλαίας</span> <span class='ocrx_word' id='word_1_247' title='bbox 1503 1789 1565 1850; x_wconf 80' lang='grc' dir='ltr'>οὗ</span> <span class='ocrx_word' id='word_1_248' title='bbox 1605 1796 1830 1862; x_wconf 78' lang='grc' dir='ltr'>ἐτάξατο</span> 
     </span>
    </p>
   </div>
   <div class='ocr_carea' id='block_1_35' title="bbox 1941 1788 3527 1867">
    <p class='ocr_par' dir='ltr' id='par_1_35' title="bbox 1941 1797 3527 1867">
     <span class='ocr_line' id='line_1_35' title="bbox 1941 1797 3527 1867; baseline -0.001 -12"><span class='ocrx_word' id='word_1_249' title='bbox 1941 1810 2045 1866; x_wconf 86' lang='lat' dir='ltr'><strong>lro,</strong></span> <span class='ocrx_word' id='word_1_250' title='bbox 2089 1800 2335 1865; x_wconf 63' lang='lat' dir='ltr'><strong>Thomas,</strong></span> <span class='ocrx_word' id='word_1_251' title='bbox 2384 1800 2737 1864; x_wconf 84' lang='lat' dir='ltr'><strong>Nathanaeli,</strong></span> <span class='ocrx_word' id='word_1_252' title='bbox 2765 1799 2994 1867; x_wconf 84' lang='lat' dir='ltr'><strong>Jacobo,</strong></span> <span class='ocrx_word' id='word_1_253' title='bbox 3033 1797 3253 1864; x_wconf 86' lang='lat' dir='ltr'><strong>Joanni,</strong></span> <span class='ocrx_word' id='word_1_254' title='bbox 3302 1806 3359 1853; x_wconf 92' lang='lat' dir='ltr'><strong>et</strong></span> <span class='ocrx_word' id='word_1_255' title='bbox 3402 1798 3527 1853; x_wconf 89' lang='lat' dir='ltr'><strong>aliis</strong></span> 
     </span>
    </p>
   </div>
   <div class='ocr_carea' id='block_1_36' title="bbox 241 1884 1830 1962">
    <p class='ocr_par' dir='ltr' id='par_1_36' title="bbox 241 1884 1830 1962">
     <span class='ocr_line' id='line_1_36' title="bbox 241 1884 1830 1962; baseline 0.004 -24"><span class='ocrx_word' id='word_1_256' title='bbox 241 1884 470 1947; x_wconf 65' lang='grc' dir='ltr'>αὒτοῖςὸ</span> <span class='ocrx_word' id='word_1_257' title='bbox 495 1884 725 1956; x_wconf 86' lang='grc' dir='ltr'>Ἰησοῦς,</span> <span class='ocrx_word' id='word_1_258' title='bbox 757 1886 851 1940; x_wconf 78' lang='grc' dir='ltr'>καὶ</span> <span class='ocrx_word' id='word_1_259' title='bbox 875 1887 953 1951; x_wconf 85' lang='grc' dir='ltr'><strong>είς</strong></span> <span class='ocrx_word' id='word_1_260' title='bbox 968 1886 1029 1941; x_wconf 82' lang='grc' dir='ltr'><strong>τὸ</strong></span> <span class='ocrx_word' id='word_1_261' title='bbox 1045 1888 1171 1959; x_wconf 80' lang='grc' dir='ltr'>ὅρος</span> <span class='ocrx_word' id='word_1_262' title='bbox 1193 1887 1302 1943; x_wconf 88' lang='grc' dir='ltr'><strong>τῶν</strong></span> <span class='ocrx_word' id='word_1_263' title='bbox 1336 1887 1585 1953; x_wconf 85' lang='grc' dir='ltr'>Ἐλαιῶν,</span> <span class='ocrx_word' id='word_1_264' title='bbox 1611 1888 1830 1962; x_wconf 60' lang='grc' dir='ltr'>ὅτεςίὸη</span> 
     </span>
    </p>
   </div>
   <div class='ocr_carea' id='block_1_37' title="bbox 242 1976 714 2049">
    <p class='ocr_par' dir='ltr' id='par_1_37' title="bbox 242 1976 714 2049">
     <span class='ocr_line' id='line_1_37' title="bbox 242 1976 714 2049; baseline 0.004 -20"><span class='ocrx_word' id='word_1_265' title='bbox 242 1976 335 2027; x_wconf 66' lang='grc' dir='ltr'>καὶ</span> <span class='ocrx_word' id='word_1_266' title='bbox 366 1978 397 2047; x_wconf 72' lang='grc' dir='ltr'><strong>ἡ</strong></span> <span class='ocrx_word' id='word_1_267' title='bbox 429 1978 714 2049; x_wconf 79' lang='grc' dir='ltr'>ἀνάληψις,</span> 
     </span>
    </p>
   </div>
   <div class='ocr_carea' id='block_1_38' title="bbox 1937 1893 3523 1966">
    <p class='ocr_par' dir='ltr' id='par_1_38' title="bbox 1937 1893 3523 1966">
     <span class='ocr_line' id='line_1_38' title="bbox 1937 1893 3523 1966; baseline -0.001 -18"><span class='ocrx_word' id='word_1_268' title='bbox 1937 1894 2156 1949; x_wconf 90' lang='lat' dir='ltr'><strong>duobus</strong></span> <span class='ocrx_word' id='word_1_269' title='bbox 2207 1894 2491 1966; x_wconf 87' lang='lat' dir='ltr'><strong>discipulis</strong></span> <span class='ocrx_word' id='word_1_270' title='bbox 2546 1898 2664 1950; x_wconf 91' lang='lat' dir='ltr'><strong>suis</strong></span> <span class='ocrx_word' id='word_1_271' title='bbox 2694 1898 2758 1951; x_wconf 76' lang='lat'><strong>“.</strong></span> <span class='ocrx_word' id='word_1_272' title='bbox 2809 1896 2983 1950; x_wconf 87' lang='lat' dir='ltr'><strong>Porro</strong></span> <span class='ocrx_word' id='word_1_273' title='bbox 3031 1893 3297 1965; x_wconf 88' lang='lat' dir='ltr'><strong>apostolis</strong></span> <span class='ocrx_word' id='word_1_274' title='bbox 3337 1894 3523 1947; x_wconf 90' lang='lat' dir='ltr'><strong>omni-</strong></span> 
     </span>
    </p>
   </div>
   <div class='ocr_carea' id='block_1_39' title="bbox 1939 1986 3526 2061">
    <p class='ocr_par' dir='ltr' id='par_1_39' title="bbox 1939 1986 3526 2061">
     <span class='ocr_line' id='line_1_39' title="bbox 1939 1986 3526 2061; baseline -0.001 -18"><span class='ocrx_word' id='word_1_275' title='bbox 1939 1989 2043 2044; x_wconf 90' lang='lat' dir='ltr'><strong>bus</strong></span> <span class='ocrx_word' id='word_1_276' title='bbox 2070 1990 2134 2055; x_wconf 82' lang='lat'><strong>&quot;,</strong></span> <span class='ocrx_word' id='word_1_277' title='bbox 2186 1989 2289 2044; x_wconf 88' lang='lat' dir='ltr'><strong>hoc</strong></span> <span class='ocrx_word' id='word_1_278' title='bbox 2335 2001 2421 2045; x_wconf 90' lang='lat' dir='ltr'><strong>est</strong></span> <span class='ocrx_word' id='word_1_279' title='bbox 2474 1988 2821 2061; x_wconf 86' lang='lat' dir='ltr'><strong>septuaginta</strong></span> <span class='ocrx_word' id='word_1_280' title='bbox 2874 1988 3179 2058; x_wconf 91' lang='lat' dir='ltr'><strong>discipulis.</strong></span> <span class='ocrx_word' id='word_1_281' title='bbox 3220 1986 3426 2041; x_wconf 89' lang='lat' dir='ltr'><strong>Deinde</strong></span> <span class='ocrx_word' id='word_1_282' title='bbox 3468 1986 3526 2041; x_wconf 87' lang='lat' dir='ltr'><strong>in</strong></span> 
     </span>
    </p>
   </div>
   <div class='ocr_carea' id='block_1_40' title="bbox 242 2068 3377 2151">
    <p class='ocr_par' dir='ltr' id='par_1_40' title="bbox 242 2068 3377 2151">
     <span class='ocr_line' id='line_1_40' title="bbox 242 2068 3377 2151; baseline 0.004 -29"><span class='ocrx_word' id='word_1_283' title='bbox 242 2078 431 2124; x_wconf 85' lang='lat' dir='ltr'><strong>monte</strong></span> <span class='ocrx_word' id='word_1_284' title='bbox 459 2068 695 2128; x_wconf 64' lang='lat' dir='ltr'><strong>Galilaaaa</strong></span> <span class='ocrx_word' id='word_1_285' title='bbox 717 2072 781 2139; x_wconf 71' lang='grc' dir='ltr'><strong>ιε,</strong></span> <span class='ocrx_word' id='word_1_286' title='bbox 806 2088 916 2145; x_wconf 92' lang='lat' dir='ltr'><strong>quo</strong></span> <span class='ocrx_word' id='word_1_287' title='bbox 935 2074 1231 2133; x_wconf 85' lang='lat' dir='ltr'><strong>convenire</strong></span> <span class='ocrx_word' id='word_1_288' title='bbox 1252 2090 1349 2133; x_wconf 88' lang='lat' dir='ltr'><strong>eos</strong></span> <span class='ocrx_word' id='word_1_289' title='bbox 1363 2074 1526 2134; x_wconf 84' lang='lat' dir='ltr'><strong>Jesus</strong></span> <span class='ocrx_word' id='word_1_290' title='bbox 1549 2074 1813 2148; x_wconf 82' lang='lat' dir='ltr'><strong>jusserat,</strong></span> <span class='ocrx_word' id='word_1_291' title='bbox 1844 2090 1897 2136; x_wconf 90' lang='lat' dir='ltr'><strong>et</strong></span> <span class='ocrx_word' id='word_1_292' title='bbox 1925 2081 1979 2136; x_wconf 90' lang='lat' dir='ltr'><strong>in</strong></span> <span class='ocrx_word' id='word_1_293' title='bbox 2012 2092 2197 2141; x_wconf 88' lang='lat' dir='ltr'><strong>monte</strong></span> <span class='ocrx_word' id='word_1_294' title='bbox 2223 2082 2444 2151; x_wconf 82' lang='lat' dir='ltr'><strong>()liveti,</strong></span> <span class='ocrx_word' id='word_1_295' title='bbox 2479 2083 2622 2138; x_wconf 91' lang='lat' dir='ltr'><strong>unde</strong></span> <span class='ocrx_word' id='word_1_296' title='bbox 2661 2093 2716 2137; x_wconf 92' lang='lat' dir='ltr'><strong>et</strong></span> <span class='ocrx_word' id='word_1_297' title='bbox 2739 2081 3004 2136; x_wconf 85' lang='lat' dir='ltr'><strong>Ascensio</strong></span> <span class='ocrx_word' id='word_1_298' title='bbox 3032 2078 3175 2135; x_wconf 76' lang='lat' dir='ltr'><strong>facta</strong></span> <span class='ocrx_word' id='word_1_299' title='bbox 3205 2086 3290 2135; x_wconf 90' lang='lat' dir='ltr'><strong>est</strong></span> <span class='ocrx_word' id='word_1_300' title='bbox 3310 2078 3377 2132; x_wconf 82' lang='lat'><strong>&quot;.</strong></span> 
     </span>
    </p>
   </div>
   <div class='ocr_carea' id='block_1_41' title="bbox 744 2188 1317 2248">
    <p class='ocr_par' dir='ltr' id='par_1_41' title="bbox 744 2188 1317 2248">
     <span class='ocr_line' id='line_1_41' title="bbox 744 2188 1317 2248; baseline 0.01 -7"><span class='ocrx_word' id='word_1_301' title='bbox 744 2188 1082 2244; x_wconf 83' lang='grc' dir='ltr'><strong>ΕΡΩΤΗΣΙΣ</strong></span> <span class='ocrx_word' id='word_1_302' title='bbox 1139 2193 1317 2248; x_wconf 83' lang='grc' dir='ltr'>ΡΚΕ⁹.</span> 
     </span>
    </p>
   </div>
   <div class='ocr_carea' id='block_1_42' title="bbox 240 2277 1830 2352">
    <p class='ocr_par' dir='ltr' id='par_1_42' title="bbox 240 2277 1830 2352">
     <span class='ocr_line' id='line_1_42' title="bbox 240 2277 1830 2352; baseline 0.004 -19"><span class='ocrx_word' id='word_1_303' title='bbox 240 2277 349 2352; x_wconf 77' lang='grc' dir='ltr'>Διά</span> <span class='ocrx_word' id='word_1_304' title='bbox 380 2280 437 2332; x_wconf 82' lang='grc' dir='ltr'><strong>τί</strong></span> <span class='ocrx_word' id='word_1_305' title='bbox 465 2280 865 2352; x_wconf 75' lang='grc' dir='ltr'><strong>παρήγγειλεν</strong></span> <span class='ocrx_word' id='word_1_306' title='bbox 894 2286 928 2335; x_wconf 84' lang='grc' dir='ltr'><strong>ό</strong></span> <span class='ocrx_word' id='word_1_307' title='bbox 970 2283 1225 2350; x_wconf 81' lang='grc' dir='ltr'>Χριστὸς</span> <span class='ocrx_word' id='word_1_308' title='bbox 1284 2282 1410 2350; x_wconf 79' lang='grc' dir='ltr'>τοῖς</span> <span class='ocrx_word' id='word_1_309' title='bbox 1457 2284 1830 2352; x_wconf 76' lang='grc' dir='ltr'>ἀποστόλοις</span> 
     </span>
    </p>
   </div>
   <div class='ocr_carea' id='block_1_43' title="bbox 315 2348 1830 2422">
    <p class='ocr_par' dir='ltr' id='par_1_43' title="bbox 315 2348 1830 2422">
     <span class='ocr_line' id='line_1_43' title="bbox 315 2348 1830 2422; baseline 0.005 -19"><span class='ocrx_word' id='word_1_310' title='bbox 315 2348 430 2422; x_wconf 56' lang='grc' dir='ltr'>ἀπὸ</span> <span class='ocrx_word' id='word_1_311' title='bbox 472 2351 923 2422; x_wconf 60' lang='grc' dir='ltr'>Ἰεροσολύμων</span> <span class='ocrx_word' id='word_1_312' title='bbox 958 2348 1045 2421; x_wconf 70' lang='grc' dir='ltr'>μὴ</span> <span class='ocrx_word' id='word_1_313' title='bbox 1106 2348 1483 2422; x_wconf 68' lang='grc' dir='ltr'>χωρίζεσθαι,</span> <span class='ocrx_word' id='word_1_314' title='bbox 1533 2355 1634 2410; x_wconf 77' lang='grc' dir='ltr'><strong>καί</strong></span> <span class='ocrx_word' id='word_1_315' title='bbox 1684 2348 1830 2411; x_wconf 68' lang='grc' dir='ltr'>πότε</span> 
     </span>
    </p>
   </div>
   <div class='ocr_carea' id='block_1_44' title="bbox 317 2418 1567 2495">
    <p class='ocr_par' dir='ltr' id='par_1_44' title="bbox 317 2418 1567 2495">
     <span class='ocr_line' id='line_1_44' title="bbox 317 2418 1567 2495; baseline 0.006 -23"><span class='ocrx_word' id='word_1_316' title='bbox 317 2418 430 2488; x_wconf 76' lang='grc' dir='ltr'><strong>τὴν</strong></span> <span class='ocrx_word' id='word_1_317' title='bbox 457 2418 825 2491; x_wconf 53' lang='grc' dir='ltr'>ἐπαγγελίαν·</span> <span class='ocrx_word' id='word_1_318' title='bbox 851 2418 971 2477; x_wconf 71' lang='grc' dir='ltr'><strong>τοῦ</strong></span> <span class='ocrx_word' id='word_1_319' title='bbox 987 2418 1221 2493; x_wconf 56' lang='grc' dir='ltr'>Πατρός</span> <span class='ocrx_word' id='word_1_320' title='bbox 1249 2425 1530 2495; x_wconf 80' lang='grc' dir='ltr'>ἥκουσαν</span> <span class='ocrx_word' id='word_1_321' title='bbox 1544 2443 1567 2493; x_wconf 85' lang='grc'><em>;</em></span> 
     </span>
    </p>
   </div>
   <div class='ocr_carea' id='block_1_45' title="bbox 1932 2189 3522 2274">
    <p class='ocr_par' dir='ltr' id='par_1_45' title="bbox 1932 2189 3522 2274">
     <span class='ocr_line' id='line_1_45' title="bbox 1932 2189 3522 2274; baseline -0.004 -21"><span class='ocrx_word' id='word_1_322' title='bbox 1932 2197 2265 2265; x_wconf 65' lang='lat' dir='ltr'><strong>QUIESTIO</strong></span> <span class='ocrx_word' id='word_1_323' title='bbox 2307 2197 2497 2255; x_wconf 80' lang='lat' dir='ltr'><strong>CXXV</strong></span> <span class='ocrx_word' id='word_1_324' title='bbox 2537 2197 2723 2274; x_wconf 76' lang='lat' dir='ltr'><strong>[CoisL</strong></span> <span class='ocrx_word' id='word_1_325' title='bbox 2766 2194 3022 2262; x_wconf 81' lang='lat' dir='ltr'><strong>CXLVII,</strong></span> <span class='ocrx_word' id='word_1_326' title='bbox 3063 2194 3228 2250; x_wconf 86' lang='lat' dir='ltr'><strong>Taur.</strong></span> <span class='ocrx_word' id='word_1_327' title='bbox 3263 2189 3522 2265; x_wconf 82' lang='lat' dir='ltr'><strong>CXLVI].</strong></span> 
     </span>
    </p>
   </div>
   <div class='ocr_carea' id='block_1_46' title="bbox 1933 2283 3520 2359">
    <p class='ocr_par' dir='ltr' id='par_1_46' title="bbox 1933 2283 3520 2359">
     <span class='ocr_line' id='line_1_46' title="bbox 1933 2283 3520 2359; baseline -0.005 -16"><span class='ocrx_word' id='word_1_328' title='bbox 1933 2288 2113 2356; x_wconf 83' lang='lat' dir='ltr'><strong>Quare</strong></span> <span class='ocrx_word' id='word_1_329' title='bbox 2157 2286 2403 2344; x_wconf 75' lang='lat' dir='ltr'><strong>Christus</strong></span> <span class='ocrx_word' id='word_1_330' title='bbox 2436 2289 2685 2359; x_wconf 66' lang='lat' dir='ltr'><strong>prmeepit</strong></span> <span class='ocrx_word' id='word_1_331' title='bbox 2731 2288 3014 2357; x_wconf 72' lang='lat' dir='ltr'><strong>apostolis,</strong></span> <span class='ocrx_word' id='word_1_332' title='bbox 3061 2305 3080 2339; x_wconf 81' lang='grc' dir='ltr'><strong>ι</strong></span> <span class='ocrx_word' id='word_1_333' title='bbox 3112 2303 3174 2359; x_wconf 75' lang='lat' dir='ltr'><strong>ue</strong></span> <span class='ocrx_word' id='word_1_334' title='bbox 3213 2283 3520 2359; x_wconf 66' lang='lat' dir='ltr'><strong>Hierosoly-</strong></span> 
     </span>
    </p>
   </div>
   <div class='ocr_carea' id='block_1_47' title="bbox 2006 2354 3522 2431">
    <p class='ocr_par' dir='ltr' id='par_1_47' title="bbox 2006 2354 3522 2431">
     <span class='ocr_line' id='line_1_47' title="bbox 2006 2354 3522 2431; baseline -0.004 -18"><span class='ocrx_word' id='word_1_335' title='bbox 2006 2361 2105 2413; x_wconf 83' lang='lat' dir='ltr'><strong>mis</strong></span> <span class='ocrx_word' id='word_1_336' title='bbox 2139 2354 2491 2423; x_wconf 64' lang='lat' dir='ltr'><strong>discederent,</strong></span> <span class='ocrx_word' id='word_1_337' title='bbox 2531 2354 2847 2431; x_wconf 53' lang='lat' dir='ltr'><strong>et,&#39;quaudo</strong></span> <span class='ocrx_word' id='word_1_338' title='bbox 2884 2358 3291 2429; x_wconf 75' lang='lat' dir='ltr'><strong>promissionem</strong></span> <span class='ocrx_word' id='word_1_339' title='bbox 3334 2354 3522 2408; x_wconf 74' lang='lat' dir='ltr'><strong>Patris</strong></span> 
     </span>
    </p>
   </div>
   <div class='ocr_carea' id='block_1_48' title="bbox 2004 2431 2479 2499">
    <p class='ocr_par' dir='ltr' id='par_1_48' title="bbox 2004 2431 2479 2499">
     <span class='ocr_line' id='line_1_48' title="bbox 2004 2431 2479 2499; baseline -0.002 -14"><span class='ocrx_word' id='word_1_340' title='bbox 2004 2431 2426 2499; x_wconf 65' lang='lat' dir='ltr'><strong>audiverunt&quot;?</strong></span> <span class='ocrx_word' id='word_1_341' title='bbox 2461 2451 2479 2484; x_wconf 76' lang='grc' dir='ltr'><strong>ι</strong></span> 
     </span>
    </p>
   </div>
   <div class='ocr_carea' id='block_1_49' title="bbox 507 2537 3224 2612">
    <p class='ocr_par' dir='ltr' id='par_1_49' title="bbox 507 2537 3224 2612">
     <span class='ocr_line' id='line_1_49' title="bbox 507 2537 3224 2612; baseline 0.002 -24"><span class='ocrx_word' id='word_1_342' title='bbox 507 2537 763 2589; x_wconf 83' lang='lat' dir='ltr'><strong>Editarum</strong></span> <span class='ocrx_word' id='word_1_343' title='bbox 787 2554 815 2589; x_wconf 83' lang='lat' dir='ltr'><strong>a</strong></span> <span class='ocrx_word' id='word_1_344' title='bbox 850 2541 1029 2592; x_wconf 83' lang='lat' dir='ltr'><strong>Wolﬁo</strong></span> <span class='ocrx_word' id='word_1_345' title='bbox 1051 2541 1242 2593; x_wconf 88' lang='lat' dir='ltr'><strong>decima</strong></span> <span class='ocrx_word' id='word_1_346' title='bbox 1265 2544 1320 2607; x_wconf 92' lang='lat' dir='ltr'><strong>(l.</strong></span> <span class='ocrx_word' id='word_1_347' title='bbox 1358 2557 1425 2605; x_wconf 92' lang='lat' dir='ltr'><strong>c.,</strong></span> <span class='ocrx_word' id='word_1_348' title='bbox 1448 2557 1499 2607; x_wconf 91' lang='lat' dir='ltr'><strong>p.</strong></span> <span class='ocrx_word' id='word_1_349' title='bbox 1528 2543 1639 2605; x_wconf 67' lang='lat'><strong>754,</strong></span> <span class='ocrx_word' id='word_1_350' title='bbox 1662 2543 1772 2594; x_wconf 74' lang='lat'><strong>755.</strong></span> <span class='ocrx_word' id='word_1_351' title='bbox 1797 2544 2019 2599; x_wconf 89' lang='lat' dir='ltr'><strong>Galland.</strong></span> <span class='ocrx_word' id='word_1_352' title='bbox 2043 2562 2092 2612; x_wconf 89' lang='lat' dir='ltr'><strong>p.</strong></span> <span class='ocrx_word' id='word_1_353' title='bbox 2120 2549 2230 2611; x_wconf 80' lang='lat'><strong>725,</strong></span> <span class='ocrx_word' id='word_1_354' title='bbox 2265 2548 2376 2612; x_wconf 68' lang='grc' dir='ltr'>γει,</span> <span class='ocrx_word' id='word_1_355' title='bbox 2395 2562 2446 2598; x_wconf 93' lang='lat' dir='ltr'><strong>n.</strong></span> <span class='ocrx_word' id='word_1_356' title='bbox 2471 2548 2576 2612; x_wconf 80' lang='lat'><strong>26).</strong></span> <span class='ocrx_word' id='word_1_357' title='bbox 2602 2572 2664 2583; x_wconf 91' lang='lat'><strong>-—</strong></span> <span class='ocrx_word' id='word_1_358' title='bbox 2680 2545 2897 2600; x_wconf 82' lang='lat' dir='ltr'><strong>In.Acla</strong></span> <span class='ocrx_word' id='word_1_359' title='bbox 2918 2548 3078 2607; x_wconf 88' lang='lat' dir='ltr'><strong>apost.</strong></span> <span class='ocrx_word' id='word_1_360' title='bbox 3114 2554 3150 2604; x_wconf 85' lang='grc' dir='ltr'><strong>ι,</strong></span> <span class='ocrx_word' id='word_1_361' title='bbox 3178 2542 3224 2593; x_wconf 72' lang='grc' dir='ltr'><strong>ι.</strong></span> 
     </span>
    </p>
   </div>
   <div class='ocr_carea' id='block_1_50' title="bbox 315 2648 1832 2729">
    <p class='ocr_par' dir='ltr' id='par_1_50' title="bbox 315 2648 1832 2729">
     <span class='ocr_line' id='line_1_50' title="bbox 315 2648 1832 2729; baseline 0.006 -29"><span class='ocrx_word' id='word_1_362' title='bbox 315 2648 694 2719; x_wconf 87' lang='grc' dir='ltr'>Παρήγγειλεν</span> <span class='ocrx_word' id='word_1_363' title='bbox 725 2650 913 2714; x_wconf 82' lang='grc' dir='ltr'>αὐτοῖς</span> <span class='ocrx_word' id='word_1_364' title='bbox 952 2652 1061 2708; x_wconf 82' lang='grc' dir='ltr'>ἀπὸ</span> <span class='ocrx_word' id='word_1_365' title='bbox 1112 2651 1503 2725; x_wconf 83' lang='grc' dir='ltr'>Ἰεροσολύμων</span> <span class='ocrx_word' id='word_1_366' title='bbox 1550 2654 1628 2726; x_wconf 79' lang='grc' dir='ltr'><strong>μὴ</strong></span> <span class='ocrx_word' id='word_1_367' title='bbox 1660 2656 1832 2729; x_wconf 84' lang='grc' dir='ltr'>χωρί-</span> 
     </span>
    </p>
   </div>
   <div class='ocr_carea' id='block_1_51' title="bbox 237 2740 1828 2819">
    <p class='ocr_par' dir='ltr' id='par_1_51' title="bbox 237 2740 1828 2819">
     <span class='ocr_line' id='line_1_51' title="bbox 237 2740 1828 2819; baseline 0.005 -26"><span class='ocrx_word' id='word_1_368' title='bbox 237 2741 303 2803; x_wconf 67' lang='lat' dir='ltr'><strong>Ca</strong></span> <span class='ocrx_word' id='word_1_369' title='bbox 313 2740 459 2808; x_wconf 84' lang='grc' dir='ltr'>σθαι,</span> <span class='ocrx_word' id='word_1_370' title='bbox 491 2742 627 2796; x_wconf 83' lang='grc' dir='ltr'><strong>ἀλλά</strong></span> <span class='ocrx_word' id='word_1_371' title='bbox 653 2744 970 2814; x_wconf 83' lang='grc' dir='ltr'>περιμένειν</span> <span class='ocrx_word' id='word_1_372' title='bbox 989 2744 1087 2816; x_wconf 75' lang='grc' dir='ltr'><strong>τὴν</strong></span> <span class='ocrx_word' id='word_1_373' title='bbox 1108 2746 1441 2815; x_wconf 77' lang='grc' dir='ltr'>ἐπαγγελίαν</span> <span class='ocrx_word' id='word_1_374' title='bbox 1463 2746 1558 2801; x_wconf 89' lang='grc' dir='ltr'><strong>τοῦ</strong></span> <span class='ocrx_word' id='word_1_375' title='bbox 1591 2748 1828 2819; x_wconf 86' lang='grc' dir='ltr'>Πατρὸς,</span> 
     </span>
    </p>
   </div>
   <div class='ocr_carea' id='block_1_52' title="bbox 238 2833 1833 2912">
    <p class='ocr_par' dir='ltr' id='par_1_52' title="bbox 238 2833 1833 2912">
     <span class='ocr_line' id='line_1_52' title="bbox 238 2833 1833 2912; baseline 0.005 -26"><span class='ocrx_word' id='word_1_376' title='bbox 238 2834 312 2905; x_wconf 78' lang='grc' dir='ltr'>ῆν</span> <span class='ocrx_word' id='word_1_377' title='bbox 329 2833 604 2904; x_wconf 76' lang='grc' dir='ltr'>ἠκούσατέ</span> <span class='ocrx_word' id='word_1_378' title='bbox 632 2852 757 2906; x_wconf 87' lang='grc' dir='ltr'>μου.</span> <span class='ocrx_word' id='word_1_379' title='bbox 802 2835 942 2890; x_wconf 83' lang='grc' dir='ltr'>Ἀλλ’</span> <span class='ocrx_word' id='word_1_380' title='bbox 972 2837 1056 2891; x_wconf 86' lang='grc' dir='ltr'>ὃτι</span> <span class='ocrx_word' id='word_1_381' title='bbox 1093 2837 1193 2908; x_wconf 84' lang='grc' dir='ltr'><strong>μὲν</strong></span> <span class='ocrx_word' id='word_1_382' title='bbox 1216 2840 1244 2892; x_wconf 88' lang='grc' dir='ltr'>ὁ</span> <span class='ocrx_word' id='word_1_383' title='bbox 1283 2838 1472 2910; x_wconf 80' lang='grc' dir='ltr'>Σωτὴρ</span> <span class='ocrx_word' id='word_1_384' title='bbox 1514 2840 1643 2912; x_wconf 78' lang='grc' dir='ltr'>ἔφη,</span> <span class='ocrx_word' id='word_1_385' title='bbox 1672 2840 1833 2895; x_wconf 90' lang='grc' dir='ltr'>τοῦτο</span> 
     </span>
    </p>
   </div>
   <div class='ocr_carea' id='block_1_53' title="bbox 235 2922 1829 3003">
    <p class='ocr_par' dir='ltr' id='par_1_53' title="bbox 235 2922 1829 3003">
     <span class='ocr_line' id='line_1_53' title="bbox 235 2922 1829 3003; baseline 0.003 -23"><span class='ocrx_word' id='word_1_386' title='bbox 235 2926 421 2997; x_wconf 79' lang='grc' dir='ltr'>δῆλον,</span> <span class='ocrx_word' id='word_1_387' title='bbox 472 2922 635 2981; x_wconf 79' lang='grc' dir='ltr'>Εῐπεν</span> <span class='ocrx_word' id='word_1_388' title='bbox 672 2928 804 2999; x_wconf 80' lang='grc' dir='ltr'>γὰρ,</span> <span class='ocrx_word' id='word_1_389' title='bbox 839 2929 923 2987; x_wconf 75' lang='grc' dir='ltr'>ἆτι</span> <span class='ocrx_word' id='word_1_390' title='bbox 991 2949 1010 2981; x_wconf 81' lang='grc' dir='ltr'><strong>ι</strong></span> <span class='ocrx_word' id='word_1_391' title='bbox 1054 2929 1359 2985; x_wconf 72' lang='grc' dir='ltr'>Ἀναϐαίνω</span> <span class='ocrx_word' id='word_1_392' title='bbox 1388 2931 1526 3003; x_wconf 79' lang='grc' dir='ltr'>πρὸς</span> <span class='ocrx_word' id='word_1_393' title='bbox 1572 2931 1664 2985; x_wconf 79' lang='grc' dir='ltr'>τὸν</span> <span class='ocrx_word' id='word_1_394' title='bbox 1712 2932 1829 2985; x_wconf 83' lang='grc' dir='ltr'>Πα-</span> 
     </span>
    </p>
   </div>
   <div class='ocr_carea' id='block_1_54' title="bbox 237 3017 1832 3095">
    <p class='ocr_par' dir='ltr' id='par_1_54' title="bbox 237 3017 1832 3095">
     <span class='ocr_line' id='line_1_54' title="bbox 237 3017 1832 3095; baseline 0.005 -25"><span class='ocrx_word' id='word_1_395' title='bbox 237 3017 377 3089; x_wconf 74' lang='grc' dir='ltr'>τέρα</span> <span class='ocrx_word' id='word_1_396' title='bbox 406 3035 533 3088; x_wconf 87' lang='grc' dir='ltr'>μου,</span> <span class='ocrx_word' id='word_1_397' title='bbox 572 3020 667 3073; x_wconf 81' lang='grc' dir='ltr'>καὶ</span> <span class='ocrx_word' id='word_1_398' title='bbox 704 3020 1011 3091; x_wconf 88' lang='grc' dir='ltr'>παρακαλῶ</span> <span class='ocrx_word' id='word_1_399' title='bbox 1058 3022 1244 3089; x_wconf 83' lang='grc' dir='ltr'>αὑτὸν,</span> <span class='ocrx_word' id='word_1_400' title='bbox 1293 3022 1392 3076; x_wconf 71' lang='grc' dir='ltr'><strong>καὶ</strong></span> <span class='ocrx_word' id='word_1_401' title='bbox 1436 3023 1648 3095; x_wconf 84' lang='grc' dir='ltr'>πέμπει</span> <span class='ocrx_word' id='word_1_402' title='bbox 1701 3025 1832 3095; x_wconf 83' lang='grc' dir='ltr'>ὑμῖν</span> 
     </span>
    </p>
   </div>
   <div class='ocr_carea' id='block_1_55' title="bbox 236 3109 1828 3186">
    <p class='ocr_par' dir='ltr' id='par_1_55' title="bbox 236 3109 1828 3186">
     <span class='ocr_line' id='line_1_55' title="bbox 236 3109 1828 3186; baseline 0.004 -24"><span class='ocrx_word' id='word_1_403' title='bbox 236 3109 335 3163; x_wconf 84' lang='grc' dir='ltr'>τὸν</span> <span class='ocrx_word' id='word_1_404' title='bbox 363 3109 742 3183; x_wconf 82' lang='grc' dir='ltr'>Παράκλητον.</span> <span class='ocrx_word' id='word_1_405' title='bbox 782 3132 802 3165; x_wconf 72' lang='grc' dir='ltr'><strong>ι</strong></span> <span class='ocrx_word' id='word_1_406' title='bbox 842 3113 901 3167; x_wconf 90' lang='lat'><strong>&#39;0</strong></span> <span class='ocrx_word' id='word_1_407' title='bbox 937 3114 995 3168; x_wconf 83' lang='grc' dir='ltr'>δὲ</span> <span class='ocrx_word' id='word_1_408' title='bbox 1038 3113 1231 3183; x_wconf 78' lang='grc' dir='ltr'>Πατὴρ</span> <span class='ocrx_word' id='word_1_409' title='bbox 1260 3114 1367 3168; x_wconf 89' lang='grc' dir='ltr'><strong>ποῦ</strong></span> <span class='ocrx_word' id='word_1_410' title='bbox 1415 3115 1828 3186; x_wconf 83' lang='grc' dir='ltr'>ἐπηγγείλατο;</span> 
     </span>
    </p>
   </div>
   <div class='ocr_carea' id='block_1_56' title="bbox 238 3204 1836 3281">
    <p class='ocr_par' dir='ltr' id='par_1_56' title="bbox 238 3204 1836 3281">
     <span class='ocr_line' id='line_1_56' title="bbox 238 3204 1836 3281; baseline 0.005 -26"><span class='ocrx_word' id='word_1_411' title='bbox 238 3204 309 3256; x_wconf 85' lang='grc' dir='ltr'><strong>ἐκ</strong></span> <span class='ocrx_word' id='word_1_412' title='bbox 335 3204 434 3273; x_wconf 84' lang='grc' dir='ltr'><strong>μὲν</strong></span> <span class='ocrx_word' id='word_1_413' title='bbox 456 3205 564 3274; x_wconf 83' lang='grc' dir='ltr'><strong>γὰρ</strong></span> <span class='ocrx_word' id='word_1_414' title='bbox 592 3205 688 3260; x_wconf 88' lang='grc' dir='ltr'><strong>τοῦ</strong></span> <span class='ocrx_word' id='word_1_415' title='bbox 723 3206 1063 3277; x_wconf 75' lang='grc' dir='ltr'>Εὑαγγελίου</span> <span class='ocrx_word' id='word_1_416' title='bbox 1106 3209 1142 3279; x_wconf 82' lang='grc' dir='ltr'>ή</span> <span class='ocrx_word' id='word_1_417' title='bbox 1170 3206 1273 3261; x_wconf 82' lang='grc' dir='ltr'><strong>τοῦ</strong></span> <span class='ocrx_word' id='word_1_418' title='bbox 1321 3209 1542 3281; x_wconf 82' lang='grc' dir='ltr'>Πατρδς</span> <span class='ocrx_word' id='word_1_419' title='bbox 1590 3212 1836 3279; x_wconf 87' lang='grc' dir='ltr'>ἐπαγγε-</span> 
     </span>
    </p>
   </div>
   <div class='ocr_carea' id='block_1_57' title="bbox 2011 2651 3523 2730">
    <p class='ocr_par' dir='ltr' id='par_1_57' title="bbox 2011 2651 3523 2730">
     <span class='ocr_line' id='line_1_57' title="bbox 2011 2651 3523 2730; baseline -0.005 -17"><span class='ocrx_word' id='word_1_420' title='bbox 2011 2659 2279 2730; x_wconf 67' lang='lat' dir='ltr'><strong>Praecepit</strong></span> <span class='ocrx_word' id='word_1_421' title='bbox 2338 2659 2447 2715; x_wconf 91' lang='lat' dir='ltr'><strong>illis</strong></span> <span class='ocrx_word' id='word_1_422' title='bbox 2492 2674 2559 2714; x_wconf 92' lang='lat' dir='ltr'><strong>ne</strong></span> <span class='ocrx_word' id='word_1_423' title='bbox 2603 2655 2998 2727; x_wconf 86' lang='lat' dir='ltr'><strong>Hierosolymis</strong></span> <span class='ocrx_word' id='word_1_424' title='bbox 3028 2653 3394 2717; x_wconf 87' lang='lat' dir='ltr'><strong>discederent,</strong></span> <span class='ocrx_word' id='word_1_425' title='bbox 3426 2651 3523 2706; x_wconf 86' lang='lat' dir='ltr'><strong>sed</strong></span> 
     </span>
    </p>
   </div>
   <div class='ocr_carea' id='block_1_58' title="bbox 1940 2747 3527 2822">
    <p class='ocr_par' dir='ltr' id='par_1_58' title="bbox 1940 2747 3527 2822">
     <span class='ocr_line' id='line_1_58' title="bbox 1940 2747 3527 2822; baseline -0.008 -15"><span class='ocrx_word' id='word_1_426' title='bbox 1940 2759 2327 2822; x_wconf 78' lang='lat' dir='ltr'><strong>exspectarent</strong></span> <span class='ocrx_word' id='word_1_427' title='bbox 2352 2749 2780 2822; x_wconf 87' lang='lat' dir='ltr'><strong>promissionem</strong></span> <span class='ocrx_word' id='word_1_428' title='bbox 2810 2747 3008 2811; x_wconf 87' lang='lat' dir='ltr'><strong>Patris,</strong></span> <span class='ocrx_word' id='word_1_429' title='bbox 3037 2760 3202 2816; x_wconf 89' lang='lat' dir='ltr'><strong>quam</strong></span> <span class='ocrx_word' id='word_1_430' title='bbox 3240 2759 3305 2798; x_wconf 85' lang='lat' dir='ltr'><strong>ex</strong></span> <span class='ocrx_word' id='word_1_431' title='bbox 3336 2757 3395 2798; x_wconf 89' lang='lat' dir='ltr'><strong>se</strong></span> <span class='ocrx_word' id='word_1_432' title='bbox 3425 2756 3527 2795; x_wconf 89' lang='lat' dir='ltr'><strong>au-</strong></span> 
     </span>
    </p>
   </div>
   <div class='ocr_carea' id='block_1_59' title="bbox 1941 2832 3529 2911">
    <p class='ocr_par' dir='ltr' id='par_1_59' title="bbox 1941 2832 3529 2911">
     <span class='ocr_line' id='line_1_59' title="bbox 1941 2832 3529 2911; baseline -0.009 -11"><span class='ocrx_word' id='word_1_433' title='bbox 1941 2845 2197 2900; x_wconf 86' lang='lat' dir='ltr'><strong>diverint.</strong></span> <span class='ocrx_word' id='word_1_434' title='bbox 2255 2843 2413 2911; x_wconf 86' lang='lat' dir='ltr'><strong>Quod</strong></span> <span class='ocrx_word' id='word_1_435' title='bbox 2464 2842 2725 2898; x_wconf 80' lang='lat' dir='ltr'><strong>Servator</strong></span> <span class='ocrx_word' id='word_1_436' title='bbox 2777 2840 2831 2896; x_wconf 91' lang='lat' dir='ltr'><strong>id</strong></span> <span class='ocrx_word' id='word_1_437' title='bbox 2882 2838 3123 2904; x_wconf 83' lang='lat' dir='ltr'><strong>dixerit,</strong></span> <span class='ocrx_word' id='word_1_438' title='bbox 3173 2832 3529 2891; x_wconf 81' lang='lat' dir='ltr'><strong>manifestum</strong></span> 
     </span>
    </p>
   </div>
   <div class='ocr_carea' id='block_1_60' title="bbox 1942 2928 3527 3007">
    <p class='ocr_par' dir='ltr' id='par_1_60' title="bbox 1942 2928 3527 3007">
     <span class='ocr_line' id='line_1_60' title="bbox 1942 2928 3527 3007; baseline -0.009 -14"><span class='ocrx_word' id='word_1_439' title='bbox 1942 2937 2135 3007; x_wconf 91' lang='lat' dir='ltr'><strong>utique</strong></span> <span class='ocrx_word' id='word_1_440' title='bbox 2186 2946 2290 2992; x_wconf 88' lang='lat' dir='ltr'><strong>est.</strong></span> <span class='ocrx_word' id='word_1_441' title='bbox 2335 2935 2556 2990; x_wconf 83' lang='lat' dir='ltr'><strong>Dixerat</strong></span> <span class='ocrx_word' id='word_1_442' title='bbox 2605 2932 2799 2989; x_wconf 90' lang='lat' dir='ltr'><strong>enim:</strong></span> <span class='ocrx_word' id='word_1_443' title='bbox 2835 2950 2854 2985; x_wconf 74' lang='grc' dir='ltr'><strong>ι</strong></span> <span class='ocrx_word' id='word_1_444' title='bbox 2886 2930 3140 2988; x_wconf 86' lang='lat' dir='ltr'><strong>Ascendo</strong></span> <span class='ocrx_word' id='word_1_445' title='bbox 3196 2930 3265 2982; x_wconf 82' lang='lat' dir='ltr'><strong>ad</strong></span> <span class='ocrx_word' id='word_1_446' title='bbox 3310 2928 3527 2982; x_wconf 87' lang='lat' dir='ltr'><strong>Patrem</strong></span> 
     </span>
    </p>
   </div>
   <div class='ocr_carea' id='block_1_61' title="bbox 1937 3018 3531 3100">
    <p class='ocr_par' dir='ltr' id='par_1_61' title="bbox 1937 3018 3531 3100">
     <span class='ocr_line' id='line_1_61' title="bbox 1937 3018 3531 3100; baseline -0.01 -14"><span class='ocrx_word' id='word_1_447' title='bbox 1937 3047 2149 3098; x_wconf 85' lang='lat' dir='ltr'><strong>meum,</strong></span> <span class='ocrx_word' id='word_1_448' title='bbox 2176 3039 2232 3087; x_wconf 90' lang='lat' dir='ltr'><strong>et</strong></span> <span class='ocrx_word' id='word_1_449' title='bbox 2271 3028 2537 3100; x_wconf 88' lang='lat' dir='ltr'><strong>precabor</strong></span> <span class='ocrx_word' id='word_1_450' title='bbox 2567 3027 2744 3090; x_wconf 91' lang='lat' dir='ltr'><strong>illum,</strong></span> <span class='ocrx_word' id='word_1_451' title='bbox 2789 3034 2846 3081; x_wconf 91' lang='lat' dir='ltr'><strong>et</strong></span> <span class='ocrx_word' id='word_1_452' title='bbox 2883 3024 3065 3079; x_wconf 88' lang='lat' dir='ltr'><strong>mittet</strong></span> <span class='ocrx_word' id='word_1_453' title='bbox 3097 3022 3254 3077; x_wconf 81' lang='lat' dir='ltr'><strong>vobis</strong></span> <span class='ocrx_word' id='word_1_454' title='bbox 3290 3018 3531 3073; x_wconf 65' lang='lat' dir='ltr'><strong>Paracli-</strong></span> 
     </span>
    </p>
   </div>
   <div class='ocr_carea' id='block_1_62' title="bbox 1936 3110 3529 3184">
    <p class='ocr_par' dir='ltr' id='par_1_62' title="bbox 1936 3110 3529 3184">
     <span class='ocr_line' id='line_1_62' title="bbox 1936 3110 3529 3184; baseline -0.007 -10"><span class='ocrx_word' id='word_1_455' title='bbox 1936 3128 2055 3175; x_wconf 90' lang='lat' dir='ltr'><strong>tum</strong></span> <span class='ocrx_word' id='word_1_456' title='bbox 2079 3121 2149 3173; x_wconf 80' lang='lat'><strong>&quot;.</strong></span> <span class='ocrx_word' id='word_1_457' title='bbox 2181 3137 2199 3171; x_wconf 74' lang='grc' dir='ltr'><strong>ι</strong></span> <span class='ocrx_word' id='word_1_458' title='bbox 2249 3118 2352 3175; x_wconf 89' lang='lat' dir='ltr'><strong>Ubi</strong></span> <span class='ocrx_word' id='word_1_459' title='bbox 2380 3133 2511 3173; x_wconf 86' lang='lat' dir='ltr'><strong>vero</strong></span> <span class='ocrx_word' id='word_1_460' title='bbox 2542 3116 2706 3172; x_wconf 87' lang='lat' dir='ltr'><strong>Pater</strong></span> <span class='ocrx_word' id='word_1_461' title='bbox 2736 3115 2869 3170; x_wconf 90' lang='lat' dir='ltr'><strong>illud</strong></span> <span class='ocrx_word' id='word_1_462' title='bbox 2905 3112 3192 3184; x_wconf 89' lang='lat' dir='ltr'><strong>promisit?</strong></span> <span class='ocrx_word' id='word_1_463' title='bbox 3225 3110 3349 3166; x_wconf 81' lang='lat' dir='ltr'><strong>Haec</strong></span> <span class='ocrx_word' id='word_1_464' title='bbox 3382 3110 3529 3165; x_wconf 88' lang='lat' dir='ltr'><strong>enim</strong></span> 
     </span>
    </p>
   </div>
   <div class='ocr_carea' id='block_1_63' title="bbox 1938 3196 3533 3279">
    <p class='ocr_par' dir='ltr' id='par_1_63' title="bbox 1938 3196 3533 3279">
     <span class='ocr_line' id='line_1_63' title="bbox 1938 3196 3533 3279; baseline -0.009 -16"><span class='ocrx_word' id='word_1_465' title='bbox 1938 3207 2120 3266; x_wconf 85' lang='lat' dir='ltr'><strong>Patris</strong></span> <span class='ocrx_word' id='word_1_466' title='bbox 2152 3207 2451 3279; x_wconf 82' lang='lat' dir='ltr'><strong>promissio</strong></span> <span class='ocrx_word' id='word_1_467' title='bbox 2483 3221 2548 3261; x_wconf 87' lang='lat' dir='ltr'><strong>ex</strong></span> <span class='ocrx_word' id='word_1_468' title='bbox 2576 3203 2876 3275; x_wconf 85' lang='lat' dir='ltr'><strong>Evangelio</strong></span> <span class='ocrx_word' id='word_1_469' title='bbox 2905 3217 3015 3256; x_wconf 85' lang='lat' dir='ltr'><strong>non</strong></span> <span class='ocrx_word' id='word_1_470' title='bbox 3065 3207 3304 3255; x_wconf 88' lang='lat' dir='ltr'><strong>constat.</strong></span> <span class='ocrx_word' id='word_1_471' title='bbox 3339 3196 3533 3250; x_wconf 81' lang='lat' dir='ltr'><strong>Nonne</strong></span> 
     </span>
    </p>
   </div>
   <div class='ocr_carea' id='block_1_64' title="bbox 239 3287 1832 3373">
    <p class='ocr_par' dir='ltr' id='par_1_64' title="bbox 239 3295 1832 3373">
     <span class='ocr_line' id='line_1_64' title="bbox 239 3295 1832 3373; baseline 0.004 -24"><span class='ocrx_word' id='word_1_472' title='bbox 239 3295 337 3349; x_wconf 77' lang='grc' dir='ltr'><strong>λία</strong></span> <span class='ocrx_word' id='word_1_473' title='bbox 359 3297 457 3368; x_wconf 82' lang='grc' dir='ltr'>οὐχ</span> <span class='ocrx_word' id='word_1_474' title='bbox 485 3298 821 3369; x_wconf 85' lang='grc' dir='ltr'>εὑρίσκεται.</span> <span class='ocrx_word' id='word_1_475' title='bbox 855 3300 926 3354; x_wconf 83' lang='grc' dir='ltr'><strong><em>Ἢ</em></strong></span> <span class='ocrx_word' id='word_1_476' title='bbox 957 3299 1140 3371; x_wconf 81' lang='grc' dir='ltr'>δῆλον,</span> <span class='ocrx_word' id='word_1_477' title='bbox 1169 3301 1246 3366; x_wconf 81' lang='grc' dir='ltr'>ὡς</span> <span class='ocrx_word' id='word_1_478' title='bbox 1279 3301 1339 3354; x_wconf 87' lang='grc' dir='ltr'><strong>ἐν</strong></span> <span class='ocrx_word' id='word_1_479' title='bbox 1382 3304 1498 3366; x_wconf 82' lang='grc' dir='ltr'>τοῖς</span> <span class='ocrx_word' id='word_1_480' title='bbox 1528 3304 1832 3373; x_wconf 82' lang='grc' dir='ltr'>προφήταις</span> 
     </span>
    </p>
   </div>
   <div class='ocr_carea' id='block_1_65' title="bbox 1941 3287 3535 3373">
    <p class='ocr_par' dir='ltr' id='par_1_65' title="bbox 1942 3287 3535 3373">
     <span class='ocr_line' id='line_1_65' title="bbox 1942 3287 3535 3373; baseline -0.009 -17"><span class='ocrx_word' id='word_1_481' title='bbox 1942 3301 2111 3373; x_wconf 78' lang='lat' dir='ltr'><strong>igitur</strong></span> <span class='ocrx_word' id='word_1_482' title='bbox 2155 3298 2537 3370; x_wconf 89' lang='lat' dir='ltr'><strong>consequitur,</strong></span> <span class='ocrx_word' id='word_1_483' title='bbox 2574 3297 2632 3351; x_wconf 88' lang='lat' dir='ltr'><strong>in</strong></span> <span class='ocrx_word' id='word_1_484' title='bbox 2668 3293 2956 3368; x_wconf 81' lang='lat' dir='ltr'><strong>prophetis</strong></span> <span class='ocrx_word' id='word_1_485' title='bbox 3007 3307 3127 3349; x_wconf 87' lang='lat' dir='ltr'><strong>eam</strong></span> <span class='ocrx_word' id='word_1_486' title='bbox 3159 3288 3439 3346; x_wconf 81' lang='lat' dir='ltr'><strong>inveniri?</strong></span> <span class='ocrx_word' id='word_1_487' title='bbox 3475 3287 3535 3342; x_wconf 89' lang='lat' dir='ltr'><strong>ld</strong></span> 
     </span>
    </p>
   </div>
   <div class='ocr_carea' id='block_1_66' title="bbox 239 3388 1834 3463">
    <p class='ocr_par' dir='ltr' id='par_1_66' title="bbox 239 3388 1834 3463">
     <span class='ocr_line' id='line_1_66' title="bbox 239 3388 1834 3463; baseline 0.004 -22"><span class='ocrx_word' id='word_1_488' title='bbox 239 3388 560 3461; x_wconf 81' lang='grc' dir='ltr'>εὑρίσκεται</span> <span class='ocrx_word' id='word_1_489' title='bbox 587 3407 602 3457; x_wconf 88' lang='grc'>;</span> <span class='ocrx_word' id='word_1_490' title='bbox 633 3391 709 3455; x_wconf 85' lang='grc' dir='ltr'>ὡς</span> <span class='ocrx_word' id='word_1_491' title='bbox 741 3395 1011 3463; x_wconf 86' lang='grc' dir='ltr'>μαρτυρεῖ</span> <span class='ocrx_word' id='word_1_492' title='bbox 1042 3393 1140 3446; x_wconf 79' lang='grc' dir='ltr'>καὶ</span> <span class='ocrx_word' id='word_1_493' title='bbox 1163 3393 1376 3456; x_wconf 82' lang='grc' dir='ltr'>Παῦλος</span> <span class='ocrx_word' id='word_1_494' title='bbox 1412 3393 1610 3463; x_wconf 85' lang='grc' dir='ltr'>λέγων·</span> <span class='ocrx_word' id='word_1_495' title='bbox 1645 3414 1663 3447; x_wconf 76' lang='grc' dir='ltr'><strong>ι</strong></span> <span class='ocrx_word' id='word_1_496' title='bbox 1689 3394 1834 3449; x_wconf 85' lang='grc' dir='ltr'>Παῦ-</span> 
     </span>
    </p>
   </div>
   <div class='ocr_carea' id='block_1_67' title="bbox 245 3483 1829 3560">
    <p class='ocr_par' dir='ltr' id='par_1_67' title="bbox 245 3483 1829 3560">
     <span class='ocr_line' id='line_1_67' title="bbox 245 3483 1829 3560; baseline 0.004 -22"><span class='ocrx_word' id='word_1_497' title='bbox 245 3483 379 3552; x_wconf 85' lang='grc' dir='ltr'>λος,</span> <span class='ocrx_word' id='word_1_498' title='bbox 436 3485 623 3551; x_wconf 82' lang='grc' dir='ltr'>δοῦλος</span> <span class='ocrx_word' id='word_1_499' title='bbox 688 3487 864 3559; x_wconf 86' lang='grc' dir='ltr'>Ἰησοῦ</span> <span class='ocrx_word' id='word_1_500' title='bbox 922 3489 1184 3559; x_wconf 86' lang='grc' dir='ltr'>Χριστοῦ,</span> <span class='ocrx_word' id='word_1_501' title='bbox 1243 3489 1440 3560; x_wconf 84' lang='grc' dir='ltr'>κλητὸς</span> <span class='ocrx_word' id='word_1_502' title='bbox 1503 3491 1829 3555; x_wconf 87' lang='grc' dir='ltr'>ἀπόστολος,</span> 
     </span>
    </p>
   </div>
   <div class='ocr_carea' id='block_1_68' title="bbox 242 3578 1836 3651">
    <p class='ocr_par' dir='ltr' id='par_1_68' title="bbox 242 3578 1836 3651">
     <span class='ocr_line' id='line_1_68' title="bbox 242 3578 1836 3651; baseline 0.003 -20"><span class='ocrx_word' id='word_1_503' title='bbox 242 3578 635 3650; x_wconf 82' lang='grc' dir='ltr'>ἀφωρισμένος</span> <span class='ocrx_word' id='word_1_504' title='bbox 665 3580 747 3644; x_wconf 80' lang='grc' dir='ltr'><strong>είς</strong></span> <span class='ocrx_word' id='word_1_505' title='bbox 797 3580 1131 3650; x_wconf 80' lang='grc' dir='ltr'>Εὑαγγέλιον</span> <span class='ocrx_word' id='word_1_506' title='bbox 1182 3579 1343 3646; x_wconf 83' lang='grc' dir='ltr'>Θεοῦ,</span> <span class='ocrx_word' id='word_1_507' title='bbox 1379 3580 1411 3634; x_wconf 79' lang='grc' dir='ltr'><strong>ὃ</strong></span> <span class='ocrx_word' id='word_1_508' title='bbox 1461 3580 1836 3651; x_wconf 87' lang='grc' dir='ltr'>προεπηγγεί-</span> 
     </span>
    </p>
   </div>
   <div class='ocr_carea' id='block_1_69' title="bbox 241 3667 1838 3745">
    <p class='ocr_par' dir='ltr' id='par_1_69' title="bbox 241 3667 1838 3745">
     <span class='ocr_line' id='line_1_69' title="bbox 241 3667 1838 3745; baseline 0.003 -24"><span class='ocrx_word' id='word_1_509' title='bbox 241 3667 376 3722; x_wconf 85' lang='grc' dir='ltr'>λατο</span> <span class='ocrx_word' id='word_1_510' title='bbox 402 3668 491 3723; x_wconf 78' lang='grc' dir='ltr'>διὰ</span> <span class='ocrx_word' id='word_1_511' title='bbox 536 3668 647 3723; x_wconf 91' lang='grc' dir='ltr'><strong>τῶν</strong></span> <span class='ocrx_word' id='word_1_512' title='bbox 697 3672 998 3743; x_wconf 83' lang='grc' dir='ltr'>προφητῶν</span> <span class='ocrx_word' id='word_1_513' title='bbox 1028 3671 1195 3726; x_wconf 82' lang='grc' dir='ltr'>αὐτοῦ</span> <span class='ocrx_word' id='word_1_514' title='bbox 1246 3674 1303 3727; x_wconf 89' lang='grc' dir='ltr'>ἐν</span> <span class='ocrx_word' id='word_1_515' title='bbox 1364 3672 1613 3745; x_wconf 79' lang='grc' dir='ltr'>Γραφαῖς</span> <span class='ocrx_word' id='word_1_516' title='bbox 1648 3671 1838 3741; x_wconf 75' lang='grc' dir='ltr'>ἀγίαις</span> 
     </span>
    </p>
   </div>
   <div class='ocr_carea' id='block_1_70' title="bbox 244 3762 1837 3838">
    <p class='ocr_par' dir='ltr' id='par_1_70' title="bbox 244 3762 1837 3838">
     <span class='ocr_line' id='line_1_70' title="bbox 244 3762 1837 3838; baseline 0.004 -24"><span class='ocrx_word' id='word_1_517' title='bbox 244 3763 381 3834; x_wconf 84' lang='grc' dir='ltr'>περὶ</span> <span class='ocrx_word' id='word_1_518' title='bbox 412 3762 507 3817; x_wconf 87' lang='grc' dir='ltr'><strong>τοῦ</strong></span> <span class='ocrx_word' id='word_1_519' title='bbox 542 3763 674 3818; x_wconf 86' lang='grc' dir='ltr'>Υίοῦ</span> <span class='ocrx_word' id='word_1_520' title='bbox 700 3764 889 3819; x_wconf 84' lang='grc' dir='ltr'>αὑτοῦ.</span> <span class='ocrx_word' id='word_1_521' title='bbox 930 3784 949 3817; x_wconf 75' lang='grc' dir='ltr'><strong>ι</strong></span> <span class='ocrx_word' id='word_1_522' title='bbox 1008 3765 1602 3838; x_wconf 73' lang='grc' dir='ltr'>Προεπαγγειλάμενος</span> <span class='ocrx_word' id='word_1_523' title='bbox 1652 3766 1837 3821; x_wconf 86' lang='grc' dir='ltr'>τοίνυν</span> 
     </span>
    </p>
   </div>
   <div class='ocr_carea' id='block_1_71' title="bbox 245 3855 1832 3930">
    <p class='ocr_par' dir='ltr' id='par_1_71' title="bbox 245 3855 1832 3930">
     <span class='ocr_line' id='line_1_71' title="bbox 245 3855 1832 3930; baseline 0.004 -23"><span class='ocrx_word' id='word_1_524' title='bbox 245 3855 607 3925; x_wconf 81' lang='grc' dir='ltr'>Εὐαγγέλιον,</span> <span class='ocrx_word' id='word_1_525' title='bbox 636 3857 1005 3928; x_wconf 84' lang='grc' dir='ltr'>ἐπηγγείλατο</span> <span class='ocrx_word' id='word_1_526' title='bbox 1037 3859 1133 3912; x_wconf 72' lang='grc' dir='ltr'><strong>καὶ</strong></span> <span class='ocrx_word' id='word_1_527' title='bbox 1154 3856 1381 3930; x_wconf 88' lang='grc' dir='ltr'>Πνεῦμα</span> <span class='ocrx_word' id='word_1_528' title='bbox 1411 3857 1569 3927; x_wconf 80' lang='grc' dir='ltr'>ἆγιον</span> <span class='ocrx_word' id='word_1_529' title='bbox 1604 3858 1832 3914; x_wconf 80' lang='grc' dir='ltr'>διδόναι.</span> 
     </span>
    </p>
   </div>
   <div class='ocr_carea' id='block_1_72' title="bbox 245 3945 1838 4021">
    <p class='ocr_par' dir='ltr' id='par_1_72' title="bbox 245 3945 1838 4021">
     <span class='ocr_line' id='line_1_72' title="bbox 245 3945 1838 4021; baseline 0.003 -23"><span class='ocrx_word' id='word_1_530' title='bbox 245 3945 414 4015; x_wconf 72' lang='grc' dir='ltr'>Λέγει</span> <span class='ocrx_word' id='word_1_531' title='bbox 450 3946 509 4000; x_wconf 87' lang='grc' dir='ltr'><strong>δέ</strong></span> <span class='ocrx_word' id='word_1_532' title='bbox 538 3949 635 4003; x_wconf 76' lang='grc' dir='ltr'>καὶ</span> <span class='ocrx_word' id='word_1_533' title='bbox 676 3949 767 4003; x_wconf 73' lang='grc' dir='ltr'>διὰ</span> <span class='ocrx_word' id='word_1_534' title='bbox 796 3948 890 4003; x_wconf 86' lang='grc' dir='ltr'><strong>τοῦ</strong></span> <span class='ocrx_word' id='word_1_535' title='bbox 948 3950 1231 4021; x_wconf 76' lang='grc' dir='ltr'>προφήτου</span> <span class='ocrx_word' id='word_1_536' title='bbox 1273 3951 1303 4004; x_wconf 91' lang='grc' dir='ltr'><strong>ό</strong></span> <span class='ocrx_word' id='word_1_537' title='bbox 1331 3949 1466 4014; x_wconf 87' lang='grc' dir='ltr'>Θεός</span> <span class='ocrx_word' id='word_1_538' title='bbox 1494 3964 1507 3980; x_wconf 90' lang='grc'><strong>·</strong></span> <span class='ocrx_word' id='word_1_539' title='bbox 1533 3968 1552 4003; x_wconf 80' lang='grc' dir='ltr'><strong>ι</strong></span> <span class='ocrx_word' id='word_1_540' title='bbox 1575 3949 1665 4003; x_wconf 86' lang='grc' dir='ltr'>Ἐν</span> <span class='ocrx_word' id='word_1_541' title='bbox 1716 3951 1838 4014; x_wconf 81' lang='grc' dir='ltr'>ταῖς</span> 
     </span>
    </p>
   </div>
   <div class='ocr_carea' id='block_1_73' title="bbox 245 4043 1839 4119">
    <p class='ocr_par' dir='ltr' id='par_1_73' title="bbox 245 4043 1839 4119">
     <span class='ocr_line' id='line_1_73' title="bbox 245 4043 1839 4119; baseline 0 -21"><span class='ocrx_word' id='word_1_542' title='bbox 245 4043 509 4115; x_wconf 80' lang='grc' dir='ltr'>ἐσχάταις</span> <span class='ocrx_word' id='word_1_543' title='bbox 530 4046 793 4119; x_wconf 78' lang='grc' dir='ltr'>ἡμέραις,</span> <span class='ocrx_word' id='word_1_544' title='bbox 819 4045 968 4117; x_wconf 83' lang='grc' dir='ltr'>λέγει</span> <span class='ocrx_word' id='word_1_545' title='bbox 988 4046 1193 4118; x_wconf 84' lang='grc' dir='ltr'>Κύριος</span> <span class='ocrx_word' id='word_1_546' title='bbox 1208 4046 1627 4118; x_wconf 84' lang='grc' dir='ltr'>παντοκράτωρ,</span> <span class='ocrx_word' id='word_1_547' title='bbox 1662 4046 1839 4116; x_wconf 88' lang='grc' dir='ltr'>ἐκχεῶ</span> 
     </span>
    </p>
   </div>
   <div class='ocr_carea' id='block_1_74' title="bbox 248 4137 1840 4211">
    <p class='ocr_par' dir='ltr' id='par_1_74' title="bbox 248 4137 1840 4211">
     <span class='ocr_line' id='line_1_74' title="bbox 248 4137 1840 4211; baseline -0.003 -18"><span class='ocrx_word' id='word_1_548' title='bbox 248 4138 361 4193; x_wconf 74' lang='grc' dir='ltr'>ἀπὸ</span> <span class='ocrx_word' id='word_1_549' title='bbox 389 4137 487 4191; x_wconf 87' lang='grc' dir='ltr'><strong>τοῦ</strong></span> <span class='ocrx_word' id='word_1_550' title='bbox 526 4138 842 4211; x_wconf 84' lang='grc' dir='ltr'>Πνεύματός</span> <span class='ocrx_word' id='word_1_551' title='bbox 875 4155 977 4209; x_wconf 89' lang='grc' dir='ltr'><strong>μου</strong></span> <span class='ocrx_word' id='word_1_552' title='bbox 1006 4139 1102 4193; x_wconf 76' lang='grc' dir='ltr'><strong>ἐπὶ</strong></span> <span class='ocrx_word' id='word_1_553' title='bbox 1125 4140 1306 4194; x_wconf 79' lang='grc' dir='ltr'>πᾶσαν</span> <span class='ocrx_word' id='word_1_554' title='bbox 1347 4138 1550 4211; x_wconf 90' lang='grc' dir='ltr'>σάρκα,</span> <span class='ocrx_word' id='word_1_555' title='bbox 1580 4137 1676 4192; x_wconf 72' lang='grc' dir='ltr'><strong>καὶ</strong></span> <span class='ocrx_word' id='word_1_556' title='bbox 1699 4153 1840 4209; x_wconf 87' lang='grc' dir='ltr'>προ-</span> 
     </span>
    </p>
   </div>
   <div class='ocr_carea' id='block_1_75' title="bbox 248 4230 1830 4303">
    <p class='ocr_par' dir='ltr' id='par_1_75' title="bbox 248 4230 1830 4303">
     <span class='ocr_line' id='line_1_75' title="bbox 248 4230 1830 4303; baseline -0.001 -18"><span class='ocrx_word' id='word_1_557' title='bbox 248 4231 614 4302; x_wconf 80' lang='grc' dir='ltr'>φητεύσουσιν</span> <span class='ocrx_word' id='word_1_558' title='bbox 641 4233 691 4285; x_wconf 76' lang='grc' dir='ltr'>οἱ</span> <span class='ocrx_word' id='word_1_559' title='bbox 726 4233 832 4287; x_wconf 76' lang='grc' dir='ltr'>υίοὶ</span> <span class='ocrx_word' id='word_1_560' title='bbox 863 4231 1020 4301; x_wconf 80' lang='grc' dir='ltr'>ὑμῶν</span> <span class='ocrx_word' id='word_1_561' title='bbox 1048 4232 1145 4286; x_wconf 76' lang='grc' dir='ltr'>καὶ</span> <span class='ocrx_word' id='word_1_562' title='bbox 1174 4233 1232 4285; x_wconf 78' lang='grc' dir='ltr'><strong>αἱ</strong></span> <span class='ocrx_word' id='word_1_563' title='bbox 1264 4230 1566 4303; x_wconf 85' lang='grc' dir='ltr'>θυγατέρες</span> <span class='ocrx_word' id='word_1_564' title='bbox 1597 4230 1774 4301; x_wconf 82' lang='grc' dir='ltr'>ὑμῶν.</span> <span class='ocrx_word' id='word_1_565' title='bbox 1810 4249 1830 4283; x_wconf 74' lang='grc' dir='ltr'><strong>ι</strong></span> 
     </span>
    </p>
   </div>
   <div class='ocr_carea' id='block_1_76' title="bbox 259 4319 1842 4395">
    <p class='ocr_par' dir='ltr' id='par_1_76' title="bbox 259 4319 1842 4395">
     <span class='ocr_line' id='line_1_76' title="bbox 259 4319 1842 4395; baseline -0.003 -17"><span class='ocrx_word' id='word_1_566' title='bbox 259 4322 396 4378; x_wconf 76' lang='grc' dir='ltr'>Ἰδοὺ</span> <span class='ocrx_word' id='word_1_567' title='bbox 417 4324 451 4395; x_wconf 82' lang='grc' dir='ltr'><strong>ή</strong></span> <span class='ocrx_word' id='word_1_568' title='bbox 474 4321 815 4393; x_wconf 79' lang='grc' dir='ltr'>ἐπαγγελίαι</span> <span class='ocrx_word' id='word_1_569' title='bbox 850 4322 987 4376; x_wconf 75' lang='grc' dir='ltr'>Ἡδὲ</span> <span class='ocrx_word' id='word_1_570' title='bbox 1017 4321 1263 4386; x_wconf 74' lang='grc' dir='ltr'>ἔκϐασις,</span> <span class='ocrx_word' id='word_1_571' title='bbox 1285 4322 1365 4375; x_wconf 81' lang='grc' dir='ltr'><strong>ὅτι</strong></span> <span class='ocrx_word' id='word_1_572' title='bbox 1384 4320 1496 4393; x_wconf 89' lang='grc'><strong>(88)</strong></span> <span class='ocrx_word' id='word_1_573' title='bbox 1526 4319 1590 4374; x_wconf 82' lang='grc' dir='ltr'>τὸ</span> <span class='ocrx_word' id='word_1_574' title='bbox 1613 4319 1842 4390; x_wconf 87' lang='grc' dir='ltr'>Πνεῦμα</span> 
     </span>
    </p>
   </div>
   <div class='ocr_carea' id='block_1_77' title="bbox 248 4412 1840 4485">
    <p class='ocr_par' dir='ltr' id='par_1_77' title="bbox 248 4412 1840 4485">
     <span class='ocr_line' id='line_1_77' title="bbox 248 4412 1840 4485; baseline -0.004 -14"><span class='ocrx_word' id='word_1_575' title='bbox 248 4416 312 4473; x_wconf 81' lang='grc' dir='ltr'>τὺ</span> <span class='ocrx_word' id='word_1_576' title='bbox 357 4416 515 4485; x_wconf 80' lang='grc' dir='ltr'>ἅγιον</span> <span class='ocrx_word' id='word_1_577' title='bbox 563 4416 622 4469; x_wconf 88' lang='grc' dir='ltr'>ἐν</span> <span class='ocrx_word' id='word_1_578' title='bbox 672 4415 800 4469; x_wconf 77' lang='grc' dir='ltr'>εῖδει</span> <span class='ocrx_word' id='word_1_579' title='bbox 855 4414 1116 4485; x_wconf 86' lang='grc' dir='ltr'>γλωσσῶν</span> <span class='ocrx_word' id='word_1_580' title='bbox 1164 4413 1251 4485; x_wconf 82' lang='grc' dir='ltr'>ἐφ’</span> <span class='ocrx_word' id='word_1_581' title='bbox 1310 4414 1408 4467; x_wconf 75' lang='grc' dir='ltr'>ἕνα</span> <span class='ocrx_word' id='word_1_582' title='bbox 1449 4412 1683 4467; x_wconf 71' lang='grc' dir='ltr'>ἕκαστον</span> <span class='ocrx_word' id='word_1_583' title='bbox 1731 4412 1840 4466; x_wconf 89' lang='grc' dir='ltr'><strong>τῶν</strong></span> 
     </span>
    </p>
   </div>
   <div class='ocr_carea' id='block_1_78' title="bbox 252 4502 1837 4580">
    <p class='ocr_par' dir='ltr' id='par_1_78' title="bbox 252 4502 1837 4580">
     <span class='ocr_line' id='line_1_78' title="bbox 252 4502 1837 4580; baseline -0.003 -18"><span class='ocrx_word' id='word_1_584' title='bbox 252 4507 516 4580; x_wconf 82' lang='grc' dir='ltr'>μαθητῶν</span> <span class='ocrx_word' id='word_1_585' title='bbox 559 4508 801 4573; x_wconf 83' lang='grc' dir='ltr'>ἐκάθισε,</span> <span class='ocrx_word' id='word_1_586' title='bbox 855 4507 951 4562; x_wconf 71' lang='grc' dir='ltr'>καὶ</span> <span class='ocrx_word' id='word_1_587' title='bbox 1004 4507 1230 4562; x_wconf 89' lang='grc' dir='ltr'>ἐλάλουν</span> <span class='ocrx_word' id='word_1_588' title='bbox 1285 4505 1356 4560; x_wconf 87' lang='grc' dir='ltr'><strong>τά</strong></span> <span class='ocrx_word' id='word_1_589' title='bbox 1414 4505 1682 4575; x_wconf 77' lang='grc' dir='ltr'>μεγαλεῖα</span> <span class='ocrx_word' id='word_1_590' title='bbox 1739 4502 1837 4558; x_wconf 90' lang='grc' dir='ltr'><strong>τοῦ</strong></span> 
     </span>
    </p>
   </div>
   <div class='ocr_carea' id='block_1_79' title="bbox 250 4597 1835 4671">
    <p class='ocr_par' dir='ltr' id='par_1_79' title="bbox 250 4597 1835 4671">
     <span class='ocr_line' id='line_1_79' title="bbox 250 4597 1835 4671; baseline -0.003 -16"><span class='ocrx_word' id='word_1_591' title='bbox 250 4599 408 4656; x_wconf 82' lang='grc' dir='ltr'>Θεοῦ.</span> <span class='ocrx_word' id='word_1_592' title='bbox 442 4601 567 4655; x_wconf 79' lang='grc' dir='ltr'>’Ότι</span> <span class='ocrx_word' id='word_1_593' title='bbox 621 4600 679 4654; x_wconf 79' lang='grc' dir='ltr'>δὲ</span> <span class='ocrx_word' id='word_1_594' title='bbox 719 4602 748 4655; x_wconf 86' lang='grc' dir='ltr'>ὁ</span> <span class='ocrx_word' id='word_1_595' title='bbox 794 4598 985 4671; x_wconf 86' lang='grc' dir='ltr'>Πατὴρ</span> <span class='ocrx_word' id='word_1_596' title='bbox 1033 4597 1218 4653; x_wconf 84' lang='grc' dir='ltr'>ταῦτα·</span> <span class='ocrx_word' id='word_1_597' title='bbox 1248 4598 1417 4668; x_wconf 85' lang='grc' dir='ltr'>λέγει,</span> <span class='ocrx_word' id='word_1_598' title='bbox 1459 4598 1561 4668; x_wconf 83' lang='grc' dir='ltr'><strong>οὐχ</strong></span> <span class='ocrx_word' id='word_1_599' title='bbox 1611 4598 1642 4651; x_wconf 86' lang='grc' dir='ltr'><strong>ό</strong></span> <span class='ocrx_word' id='word_1_600' title='bbox 1684 4597 1835 4661; x_wconf 77' lang='grc' dir='ltr'>Υίὸςο,</span> 
     </span>
    </p>
   </div>
   <div class='ocr_carea' id='block_1_80' title="bbox 252 4689 1834 4764">
    <p class='ocr_par' dir='ltr' id='par_1_80' title="bbox 252 4689 1834 4764">
     <span class='ocr_line' id='line_1_80' title="bbox 252 4689 1834 4764; baseline -0.003 -17"><span class='ocrx_word' id='word_1_601' title='bbox 252 4695 319 4747; x_wconf 88' lang='grc' dir='ltr'><strong>ἐκ</strong></span> <span class='ocrx_word' id='word_1_602' title='bbox 342 4692 445 4764; x_wconf 81' lang='grc' dir='ltr'>τῆς</span> <span class='ocrx_word' id='word_1_603' title='bbox 470 4692 767 4764; x_wconf 84' lang='grc' dir='ltr'>ἐπαγωγῆς</span> <span class='ocrx_word' id='word_1_604' title='bbox 787 4691 968 4763; x_wconf 83' lang='grc' dir='ltr'>δῆλον.</span> <span class='ocrx_word' id='word_1_605' title='bbox 1002 4709 1022 4744; x_wconf 81' lang='lat' dir='ltr'><strong>t</strong></span> <span class='ocrx_word' id='word_1_606' title='bbox 1052 4692 1164 4746; x_wconf 78' lang='lat' dir='ltr'><strong>Kal.</strong></span> <span class='ocrx_word' id='word_1_607' title='bbox 1185 4690 1351 4744; x_wconf 83' lang='grc' dir='ltr'>δώσω</span> <span class='ocrx_word' id='word_1_608' title='bbox 1368 4689 1500 4762; x_wconf 80' lang='grc' dir='ltr'>γὰρ,</span> <span class='ocrx_word' id='word_1_609' title='bbox 1535 4690 1691 4762; x_wconf 76' lang='grc' dir='ltr'>φησὶ,</span> <span class='ocrx_word' id='word_1_610' title='bbox 1735 4706 1834 4761; x_wconf 78' lang='grc' dir='ltr'>ση-</span> 
     </span>
    </p>
   </div>
   <div class='ocr_carea' id='block_1_81' title="bbox 256 4777 1841 4859">
    <p class='ocr_par' dir='ltr' id='par_1_81' title="bbox 256 4777 1841 4859">
     <span class='ocr_line' id='line_1_81' title="bbox 256 4777 1841 4859; baseline -0.001 -20"><span class='ocrx_word' id='word_1_611' title='bbox 256 4788 388 4857; x_wconf 81' lang='grc' dir='ltr'>μεῖα</span> <span class='ocrx_word' id='word_1_612' title='bbox 411 4786 470 4840; x_wconf 89' lang='grc' dir='ltr'>ἐν</span> <span class='ocrx_word' id='word_1_613' title='bbox 490 4786 570 4859; x_wconf 87' lang='grc' dir='ltr'>τῷ</span> <span class='ocrx_word' id='word_1_614' title='bbox 591 4783 803 4858; x_wconf 81' lang='grc' dir='ltr'>οὐρανῷ</span> <span class='ocrx_word' id='word_1_615' title='bbox 827 4784 962 4853; x_wconf 89' lang='grc' dir='ltr'>άνω,</span> <span class='ocrx_word' id='word_1_616' title='bbox 999 4785 1095 4837; x_wconf 75' lang='grc' dir='ltr'><strong>καὶ</strong></span> <span class='ocrx_word' id='word_1_617' title='bbox 1119 4785 1177 4836; x_wconf 89' lang='grc' dir='ltr'>ἐν</span> <span class='ocrx_word' id='word_1_618' title='bbox 1203 4785 1270 4854; x_wconf 79' lang='grc' dir='ltr'>τῇ</span> <span class='ocrx_word' id='word_1_619' title='bbox 1301 4784 1373 4855; x_wconf 74' lang='grc' dir='ltr'>γῇ</span> <span class='ocrx_word' id='word_1_620' title='bbox 1400 4783 1572 4839; x_wconf 90' lang='grc' dir='ltr'>κάτω.</span> <span class='ocrx_word' id='word_1_621' title='bbox 1616 4802 1636 4836; x_wconf 70' lang='grc' dir='ltr'><strong>ι</strong></span> <span class='ocrx_word' id='word_1_622' title='bbox 1688 4777 1841 4853; x_wconf 78' lang='grc' dir='ltr'>Αἷμα</span> 
     </span>
    </p>
   </div>
   <div class='ocr_carea' id='block_1_82' title="bbox 258 4873 1844 4953">
    <p class='ocr_par' dir='ltr' id='par_1_82' title="bbox 258 4873 1844 4953">
     <span class='ocr_line' id='line_1_82' title="bbox 258 4873 1844 4953; baseline -0.006 -18"><span class='ocrx_word' id='word_1_623' title='bbox 258 4881 357 4951; x_wconf 75' lang='grc' dir='ltr'>μὲν</span> <span class='ocrx_word' id='word_1_624' title='bbox 385 4880 520 4953; x_wconf 81' lang='grc' dir='ltr'>γὰρ,</span> <span class='ocrx_word' id='word_1_625' title='bbox 543 4879 573 4934; x_wconf 81' lang='grc' dir='ltr'><strong>ὃ</strong></span> <span class='ocrx_word' id='word_1_626' title='bbox 601 4877 905 4952; x_wconf 79' lang='grc' dir='ltr'>παραδόξου</span> <span class='ocrx_word' id='word_1_627' title='bbox 962 4876 1189 4948; x_wconf 84' lang='grc' dir='ltr'>σημείου</span> <span class='ocrx_word' id='word_1_628' title='bbox 1232 4874 1391 4945; x_wconf 84' lang='grc' dir='ltr'>λόγον</span> <span class='ocrx_word' id='word_1_629' title='bbox 1431 4874 1642 4946; x_wconf 78' lang='grc' dir='ltr'>ἐπέχει,</span> <span class='ocrx_word' id='word_1_630' title='bbox 1678 4873 1740 4927; x_wconf 80' lang='grc' dir='ltr'><strong>τὸ</strong></span> <span class='ocrx_word' id='word_1_631' title='bbox 1777 4874 1844 4927; x_wconf 85' lang='grc' dir='ltr'><strong>ἐκ</strong></span> 
     </span>
    </p>
   </div>
   <div class='ocr_carea' id='block_1_83' title="bbox 1936 3380 3533 3461">
    <p class='ocr_par' dir='ltr' id='par_1_83' title="bbox 1936 3380 3533 3461">
     <span class='ocr_line' id='line_1_83' title="bbox 1936 3380 3533 3461; baseline -0.011 -11"><span class='ocrx_word' id='word_1_632' title='bbox 1936 3395 2084 3450; x_wconf 88' lang='lat' dir='ltr'><strong>enim</strong></span> <span class='ocrx_word' id='word_1_633' title='bbox 2139 3392 2342 3448; x_wconf 86' lang='lat' dir='ltr'><strong>Paulus</strong></span> <span class='ocrx_word' id='word_1_634' title='bbox 2392 3404 2613 3461; x_wconf 89' lang='lat' dir='ltr'><strong>quoque</strong></span> <span class='ocrx_word' id='word_1_635' title='bbox 2669 3396 2936 3455; x_wconf 89' lang='lat' dir='ltr'><strong>testatur,</strong></span> <span class='ocrx_word' id='word_1_636' title='bbox 2982 3385 3216 3443; x_wconf 84' lang='lat' dir='ltr'><strong>dicens:</strong></span> <span class='ocrx_word' id='word_1_637' title='bbox 3250 3402 3269 3435; x_wconf 76' lang='grc' dir='ltr'><strong>ι</strong></span> <span class='ocrx_word' id='word_1_638' title='bbox 3302 3380 3533 3445; x_wconf 82' lang='lat' dir='ltr'><strong>Paulus,</strong></span> 
     </span>
    </p>
   </div>
   <div class='ocr_carea' id='block_1_84' title="bbox 1939 3476 3533 3548">
    <p class='ocr_par' dir='ltr' id='par_1_84' title="bbox 1939 3476 3533 3548">
     <span class='ocr_line' id='line_1_84' title="bbox 1939 3476 3533 3548; baseline -0.011 -7"><span class='ocrx_word' id='word_1_639' title='bbox 1939 3499 2133 3541; x_wconf 89' lang='lat' dir='ltr'><strong>servus</strong></span> <span class='ocrx_word' id='word_1_640' title='bbox 2165 3481 2299 3538; x_wconf 80' lang='lat' dir='ltr'><strong>Jesu</strong></span> <span class='ocrx_word' id='word_1_641' title='bbox 2328 3480 2556 3545; x_wconf 81' lang='lat' dir='ltr'><strong>Christi,</strong></span> <span class='ocrx_word' id='word_1_642' title='bbox 2597 3487 2826 3535; x_wconf 85' lang='lat' dir='ltr'><strong>vocatus</strong></span> <span class='ocrx_word' id='word_1_643' title='bbox 2872 3476 3185 3548; x_wconf 86' lang='lat' dir='ltr'><strong>apostolus,</strong></span> <span class='ocrx_word' id='word_1_644' title='bbox 3240 3480 3533 3544; x_wconf 90' lang='lat' dir='ltr'><strong>separatus</strong></span> 
     </span>
    </p>
   </div>
   <div class='ocr_carea' id='block_1_85' title="bbox 1938 3568 3531 3644">
    <p class='ocr_par' dir='ltr' id='par_1_85' title="bbox 1938 3568 3531 3644">
     <span class='ocr_line' id='line_1_85' title="bbox 1938 3568 3531 3644; baseline -0.009 -13"><span class='ocrx_word' id='word_1_645' title='bbox 1938 3577 2004 3631; x_wconf 84' lang='lat' dir='ltr'><strong>ad</strong></span> <span class='ocrx_word' id='word_1_646' title='bbox 2036 3574 2397 3644; x_wconf 85' lang='lat' dir='ltr'><strong>Evangelium</strong></span> <span class='ocrx_word' id='word_1_647' title='bbox 2433 3572 2553 3638; x_wconf 89' lang='lat' dir='ltr'><strong>Dei,</strong></span> <span class='ocrx_word' id='word_1_648' title='bbox 2586 3571 2737 3642; x_wconf 89' lang='lat' dir='ltr'><strong>quod</strong></span> <span class='ocrx_word' id='word_1_649' title='bbox 2787 3578 2947 3625; x_wconf 87' lang='lat' dir='ltr'><strong>antea</strong></span> <span class='ocrx_word' id='word_1_650' title='bbox 2980 3568 3239 3639; x_wconf 91' lang='lat' dir='ltr'><strong>promisit</strong></span> <span class='ocrx_word' id='word_1_651' title='bbox 3268 3581 3364 3636; x_wconf 91' lang='lat' dir='ltr'><strong>per</strong></span> <span class='ocrx_word' id='word_1_652' title='bbox 3396 3579 3531 3633; x_wconf 12' lang='lat' dir='ltr'><strong>pro-7</strong></span> 
     </span>
    </p>
   </div>
   <div class='ocr_carea' id='block_1_86' title="bbox 1936 3658 3532 3739">
    <p class='ocr_par' dir='ltr' id='par_1_86' title="bbox 1936 3658 3532 3739">
     <span class='ocr_line' id='line_1_86' title="bbox 1936 3658 3532 3739; baseline -0.006 -16"><span class='ocrx_word' id='word_1_653' title='bbox 1936 3670 2132 3739; x_wconf 90' lang='lat' dir='ltr'><strong>phetas</strong></span> <span class='ocrx_word' id='word_1_654' title='bbox 2175 3682 2308 3723; x_wconf 91' lang='lat' dir='ltr'><strong>suos</strong></span> <span class='ocrx_word' id='word_1_655' title='bbox 2357 3667 2412 3721; x_wconf 92' lang='lat' dir='ltr'><strong>in</strong></span> <span class='ocrx_word' id='word_1_656' title='bbox 2444 3663 2747 3733; x_wconf 87' lang='lat' dir='ltr'><strong>Scripturis</strong></span> <span class='ocrx_word' id='word_1_657' title='bbox 2789 3662 2965 3719; x_wconf 90' lang='lat' dir='ltr'><strong>sacris</strong></span> <span class='ocrx_word' id='word_1_658' title='bbox 3003 3661 3073 3717; x_wconf 90' lang='lat' dir='ltr'><strong>de</strong></span> <span class='ocrx_word' id='word_1_659' title='bbox 3102 3659 3243 3714; x_wconf 89' lang='lat' dir='ltr'><strong>Filio</strong></span> <span class='ocrx_word' id='word_1_660' title='bbox 3283 3658 3470 3713; x_wconf 84' lang='lat' dir='ltr'><strong>suo&quot;.</strong></span> <span class='ocrx_word' id='word_1_661' title='bbox 3506 3674 3532 3713; x_wconf 68' lang='grc' dir='ltr'><strong>ι</strong></span> 
     </span>
    </p>
   </div>
   <div class='ocr_carea' id='block_1_87' title="bbox 1943 3752 3537 3833">
    <p class='ocr_par' dir='ltr' id='par_1_87' title="bbox 1943 3752 3537 3833">
     <span class='ocr_line' id='line_1_87' title="bbox 1943 3752 3537 3833; baseline -0.009 -13"><span class='ocrx_word' id='word_1_662' title='bbox 1943 3764 2176 3831; x_wconf 84' lang='lat' dir='ltr'><strong>Quando</strong></span> <span class='ocrx_word' id='word_1_663' title='bbox 2198 3763 2386 3833; x_wconf 87' lang='lat' dir='ltr'><strong>itaque</strong></span> <span class='ocrx_word' id='word_1_664' title='bbox 2426 3760 2787 3832; x_wconf 78' lang='lat' dir='ltr'><strong>Evangeiium</strong></span> <span class='ocrx_word' id='word_1_665' title='bbox 2821 3768 2948 3817; x_wconf 89' lang='lat' dir='ltr'><strong>ante</strong></span> <span class='ocrx_word' id='word_1_666' title='bbox 2972 3755 3251 3829; x_wconf 87' lang='lat' dir='ltr'><strong>promisit,</strong></span> <span class='ocrx_word' id='word_1_667' title='bbox 3284 3752 3537 3825; x_wconf 88' lang='lat' dir='ltr'><strong>promisit</strong></span> 
     </span>
    </p>
   </div>
   <div class='ocr_carea' id='block_1_88' title="bbox 1941 3845 3536 3928">
    <p class='ocr_par' dir='ltr' id='par_1_88' title="bbox 1941 3845 3536 3928">
     <span class='ocr_line' id='line_1_88' title="bbox 1941 3845 3536 3928; baseline -0.009 -14"><span class='ocrx_word' id='word_1_668' title='bbox 1941 3859 2106 3914; x_wconf 86' lang='lat' dir='ltr'><strong>etiam</strong></span> <span class='ocrx_word' id='word_1_669' title='bbox 2151 3874 2211 3915; x_wconf 91' lang='lat' dir='ltr'><strong>se</strong></span> <span class='ocrx_word' id='word_1_670' title='bbox 2256 3856 2529 3928; x_wconf 87' lang='lat' dir='ltr'><strong>Spiritum</strong></span> <span class='ocrx_word' id='word_1_671' title='bbox 2570 3865 2825 3918; x_wconf 86' lang='lat' dir='ltr'><strong>sanctum</strong></span> <span class='ocrx_word' id='word_1_672' title='bbox 2873 3854 3130 3909; x_wconf 85' lang='lat' dir='ltr'><strong>daturum</strong></span> <span class='ocrx_word' id='word_1_673' title='bbox 3198 3864 3342 3905; x_wconf 90' lang='lat' dir='ltr'><strong>esse.</strong></span> <span class='ocrx_word' id='word_1_674' title='bbox 3390 3845 3536 3901; x_wconf 81' lang='lat' dir='ltr'><strong>Deus</strong></span> 
     </span>
    </p>
   </div>
   <div class='ocr_carea' id='block_1_89' title="bbox 1938 3939 3533 4020">
    <p class='ocr_par' dir='ltr' id='par_1_89' title="bbox 1938 3939 3533 4020">
     <span class='ocr_line' id='line_1_89' title="bbox 1938 3939 3533 4020; baseline -0.011 -13"><span class='ocrx_word' id='word_1_675' title='bbox 1938 3964 2068 4007; x_wconf 82' lang='lat' dir='ltr'><strong>vero</strong></span> <span class='ocrx_word' id='word_1_676' title='bbox 2102 3949 2267 4005; x_wconf 86' lang='lat' dir='ltr'><strong>etiam</strong></span> <span class='ocrx_word' id='word_1_677' title='bbox 2299 3965 2392 4019; x_wconf 92' lang='lat' dir='ltr'><strong>per</strong></span> <span class='ocrx_word' id='word_1_678' title='bbox 2423 3949 2746 4020; x_wconf 85' lang='lat' dir='ltr'><strong>prophetam</strong></span> <span class='ocrx_word' id='word_1_679' title='bbox 2779 3946 2855 4002; x_wconf 90' lang='lat' dir='ltr'><strong>ait</strong></span> <span class='ocrx_word' id='word_1_680' title='bbox 2883 3963 2896 4001; x_wconf 88' lang='lat'><strong>:</strong></span> <span class='ocrx_word' id='word_1_681' title='bbox 2937 3962 2956 3997; x_wconf 77' lang='grc' dir='ltr'><strong>ι</strong></span> <span class='ocrx_word' id='word_1_682' title='bbox 2988 3945 3045 3999; x_wconf 89' lang='lat' dir='ltr'><strong>ln</strong></span> <span class='ocrx_word' id='word_1_683' title='bbox 3082 3940 3292 3998; x_wconf 88' lang='lat' dir='ltr'><strong>ultimis</strong></span> <span class='ocrx_word' id='word_1_684' title='bbox 3314 3939 3533 4004; x_wconf 85' lang='lat' dir='ltr'><strong>diebus,</strong></span> 
     </span>
    </p>
   </div>
   <div class='ocr_carea' id='block_1_90' title="bbox 1938 4031 3533 4114">
    <p class='ocr_par' dir='ltr' id='par_1_90' title="bbox 1938 4031 3533 4114">
     <span class='ocr_line' id='line_1_90' title="bbox 1938 4031 3533 4114; baseline -0.007 -14"><span class='ocrx_word' id='word_1_685' title='bbox 1938 4044 2072 4100; x_wconf 88' lang='lat' dir='ltr'><strong>dicit</strong></span> <span class='ocrx_word' id='word_1_686' title='bbox 2101 4043 2245 4100; x_wconf 88' lang='lat' dir='ltr'><strong>Deus</strong></span> <span class='ocrx_word' id='word_1_687' title='bbox 2274 4042 2645 4114; x_wconf 90' lang='lat' dir='ltr'><strong>omnipotens,</strong></span> <span class='ocrx_word' id='word_1_688' title='bbox 2676 4041 2743 4096; x_wconf 91' lang='lat' dir='ltr'><strong>de</strong></span> <span class='ocrx_word' id='word_1_689' title='bbox 2774 4038 2984 4109; x_wconf 90' lang='lat' dir='ltr'><strong>Spiritu</strong></span> <span class='ocrx_word' id='word_1_690' title='bbox 3014 4051 3136 4092; x_wconf 89' lang='lat' dir='ltr'><strong>meo</strong></span> <span class='ocrx_word' id='word_1_691' title='bbox 3161 4032 3445 4090; x_wconf 83' lang='lat' dir='ltr'><strong>etl&#39;undam</strong></span> <span class='ocrx_word' id='word_1_692' title='bbox 3476 4031 3533 4089; x_wconf 72' lang='lat' dir='ltr'><strong>in</strong></span> 
     </span>
    </p>
   </div>
   <div class='ocr_carea' id='block_1_91' title="bbox 1938 4123 3536 4206">
    <p class='ocr_par' dir='ltr' id='par_1_91' title="bbox 1938 4123 3536 4206">
     <span class='ocr_line' id='line_1_91' title="bbox 1938 4123 3536 4206; baseline -0.009 -15"><span class='ocrx_word' id='word_1_693' title='bbox 1938 4150 2158 4191; x_wconf 90' lang='lat' dir='ltr'><strong>omnem</strong></span> <span class='ocrx_word' id='word_1_694' title='bbox 2180 4151 2425 4203; x_wconf 88' lang='lat' dir='ltr'><strong>carnem,</strong></span> <span class='ocrx_word' id='word_1_695' title='bbox 2456 4142 2511 4191; x_wconf 90' lang='lat' dir='ltr'><strong>et</strong></span> <span class='ocrx_word' id='word_1_696' title='bbox 2538 4132 2948 4206; x_wconf 77' lang='lat' dir='ltr'><strong>proplietabunt</strong></span> <span class='ocrx_word' id='word_1_697' title='bbox 2979 4130 3076 4185; x_wconf 83' lang='lat' dir='ltr'><strong>lilii</strong></span> <span class='ocrx_word' id='word_1_698' title='bbox 3109 4127 3304 4193; x_wconf 85' lang='lat' dir='ltr'><strong>vestri,</strong></span> <span class='ocrx_word' id='word_1_699' title='bbox 3334 4136 3389 4180; x_wconf 88' lang='lat' dir='ltr'><strong>et</strong></span> <span class='ocrx_word' id='word_1_700' title='bbox 3409 4123 3536 4178; x_wconf 69' lang='lat' dir='ltr'><strong>(illa:</strong></span> 
     </span>
    </p>
   </div>
   <div class='ocr_carea' id='block_1_92' title="bbox 1939 4216 3532 4297">
    <p class='ocr_par' dir='ltr' id='par_1_92' title="bbox 1939 4216 3532 4297">
     <span class='ocr_line' id='line_1_92' title="bbox 1939 4216 3532 4297; baseline -0.008 -14"><span class='ocrx_word' id='word_1_701' title='bbox 1939 4237 2133 4283; x_wconf 62' lang='lat' dir='ltr'><strong>vestras</strong></span> <span class='ocrx_word' id='word_1_702' title='bbox 2154 4228 2220 4282; x_wconf 76' lang='grc'><strong>’³.</strong></span> <span class='ocrx_word' id='word_1_703' title='bbox 2249 4247 2269 4282; x_wconf 73' lang='grc' dir='ltr'><strong>ι</strong></span> <span class='ocrx_word' id='word_1_704' title='bbox 2320 4226 2401 4282; x_wconf 86' lang='lat' dir='ltr'><strong>En</strong></span> <span class='ocrx_word' id='word_1_705' title='bbox 2449 4226 2919 4297; x_wconf 51' lang='lat' dir='ltr'><strong>promissionem!&quot;</strong></span> <span class='ocrx_word' id='word_1_706' title='bbox 2975 4222 3203 4293; x_wconf 83' lang='lat' dir='ltr'><strong>hnpleta</strong></span> <span class='ocrx_word' id='word_1_707' title='bbox 3260 4234 3392 4274; x_wconf 84' lang='lat' dir='ltr'><strong>vero</strong></span> <span class='ocrx_word' id='word_1_708' title='bbox 3436 4216 3532 4271; x_wconf 88' lang='lat' dir='ltr'><strong>illa</strong></span> 
     </span>
    </p>
   </div>
   <div class='ocr_carea' id='block_1_93' title="bbox 1938 4312 3524 4391">
    <p class='ocr_par' dir='ltr' id='par_1_93' title="bbox 1938 4312 3524 4391">
     <span class='ocr_line' id='line_1_93' title="bbox 1938 4312 3524 4391; baseline -0.008 -16"><span class='ocrx_word' id='word_1_709' title='bbox 1938 4327 2044 4384; x_wconf 90' lang='lat' dir='ltr'><strong>est,</strong></span> <span class='ocrx_word' id='word_1_710' title='bbox 2069 4319 2291 4391; x_wconf 90' lang='lat' dir='ltr'><strong>quando</strong></span> <span class='ocrx_word' id='word_1_711' title='bbox 2330 4319 2566 4390; x_wconf 89' lang='lat' dir='ltr'><strong>Spiritus</strong></span> <span class='ocrx_word' id='word_1_712' title='bbox 2597 4326 2823 4375; x_wconf 88' lang='lat' dir='ltr'><strong>sanctus</strong></span> <span class='ocrx_word' id='word_1_713' title='bbox 2851 4317 2954 4372; x_wconf 91' lang='lat' dir='ltr'><strong>sub</strong></span> <span class='ocrx_word' id='word_1_714' title='bbox 2981 4314 3166 4386; x_wconf 91' lang='lat' dir='ltr'><strong>specie</strong></span> <span class='ocrx_word' id='word_1_715' title='bbox 3203 4312 3524 4383; x_wconf 81' lang='lat' dir='ltr'><strong>linguarum</strong></span> 
     </span>
    </p>
   </div>
   <div class='ocr_carea' id='block_1_94' title="bbox 1941 4402 3532 4483">
    <p class='ocr_par' dir='ltr' id='par_1_94' title="bbox 1941 4402 3532 4483">
     <span class='ocr_line' id='line_1_94' title="bbox 1941 4402 3532 4483; baseline -0.009 -15"><span class='ocrx_word' id='word_1_716' title='bbox 1941 4412 1997 4467; x_wconf 91' lang='lat' dir='ltr'><strong>in</strong></span> <span class='ocrx_word' id='word_1_717' title='bbox 2051 4426 2387 4483; x_wconf 90' lang='lat' dir='ltr'><strong>unoquoque</strong></span> <span class='ocrx_word' id='word_1_718' title='bbox 2428 4411 2826 4481; x_wconf 88' lang='lat' dir='ltr'><strong>discipulorum</strong></span> <span class='ocrx_word' id='word_1_719' title='bbox 2889 4407 3144 4463; x_wconf 85' lang='lat' dir='ltr'><strong>consedit</strong></span> <span class='ocrx_word' id='word_1_720' title='bbox 3166 4405 3252 4471; x_wconf 72' lang='lat'><strong>“,</strong></span> <span class='ocrx_word' id='word_1_721' title='bbox 3308 4402 3532 4472; x_wconf 88' lang='lat' dir='ltr'><strong>ipsique</strong></span> 
     </span>
    </p>
   </div>
   <div class='ocr_carea' id='block_1_95' title="bbox 1941 4497 3533 4577">
    <p class='ocr_par' dir='ltr' id='par_1_95' title="bbox 1941 4497 3533 4577">
     <span class='ocr_line' id='line_1_95' title="bbox 1941 4497 3533 4577; baseline -0.009 -16"><span class='ocrx_word' id='word_1_722' title='bbox 1941 4521 2139 4577; x_wconf 85' lang='lat' dir='ltr'><strong>magna</strong></span> <span class='ocrx_word' id='word_1_723' title='bbox 2186 4504 2281 4560; x_wconf 88' lang='lat' dir='ltr'><strong>Dei</strong></span> <span class='ocrx_word' id='word_1_724' title='bbox 2328 4520 2494 4575; x_wconf 88' lang='lat' dir='ltr'><strong>opera</strong></span> <span class='ocrx_word' id='word_1_725' title='bbox 2534 4504 2906 4575; x_wconf 78' lang='lat' dir='ltr'><strong>exponebant.</strong></span> <span class='ocrx_word' id='word_1_726' title='bbox 2950 4502 3167 4556; x_wconf 83' lang='lat' dir='ltr'><strong>Patrem</strong></span> <span class='ocrx_word' id='word_1_727' title='bbox 3222 4512 3352 4551; x_wconf 89' lang='lat' dir='ltr'><strong>vero</strong></span> <span class='ocrx_word' id='word_1_728' title='bbox 3395 4497 3533 4559; x_wconf 67' lang='lat' dir='ltr'><strong>haec,</strong></span> 
     </span>
    </p>
   </div>
   <div class='ocr_carea' id='block_1_96' title="bbox 1942 4586 3528 4667">
    <p class='ocr_par' dir='ltr' id='par_1_96' title="bbox 1942 4586 3528 4667">
     <span class='ocr_line' id='line_1_96' title="bbox 1942 4586 3528 4667; baseline -0.009 -14"><span class='ocrx_word' id='word_1_729' title='bbox 1942 4614 2051 4653; x_wconf 93' lang='lat' dir='ltr'><strong>non</strong></span> <span class='ocrx_word' id='word_1_730' title='bbox 2080 4597 2302 4663; x_wconf 87' lang='lat' dir='ltr'><strong>Filium,</strong></span> <span class='ocrx_word' id='word_1_731' title='bbox 2335 4597 2509 4667; x_wconf 92' lang='lat' dir='ltr'><strong>loqui,</strong></span> <span class='ocrx_word' id='word_1_732' title='bbox 2530 4611 2598 4651; x_wconf 83' lang='lat' dir='ltr'><strong>ex</strong></span> <span class='ocrx_word' id='word_1_733' title='bbox 2623 4594 2982 4665; x_wconf 85' lang='lat' dir='ltr'><strong>sequentibus</strong></span> <span class='ocrx_word' id='word_1_734' title='bbox 3013 4597 3242 4662; x_wconf 88' lang='lat' dir='ltr'><strong>apparet</strong></span> <span class='ocrx_word' id='word_1_735' title='bbox 3270 4606 3283 4642; x_wconf 90' lang='lat'><strong>:</strong></span> <span class='ocrx_word' id='word_1_736' title='bbox 3324 4606 3343 4639; x_wconf 78' lang='grc' dir='ltr'><strong>ι</strong></span> <span class='ocrx_word' id='word_1_737' title='bbox 3378 4586 3528 4640; x_wconf 87' lang='lat' dir='ltr'><strong>Dabo</strong></span> 
     </span>
    </p>
   </div>
   <div class='ocr_carea' id='block_1_97' title="bbox 1940 4678 3530 4761">
    <p class='ocr_par' dir='ltr' id='par_1_97' title="bbox 1940 4678 3530 4761">
     <span class='ocr_line' id='line_1_97' title="bbox 1940 4678 3530 4761; baseline -0.011 -13"><span class='ocrx_word' id='word_1_738' title='bbox 1940 4692 2110 4757; x_wconf 84' lang='lat' dir='ltr'><strong>enim,</strong></span> <span class='ocrx_word' id='word_1_739' title='bbox 2147 4688 2346 4761; x_wconf 86' lang='lat' dir='ltr'><strong>inquit,</strong></span> <span class='ocrx_word' id='word_1_740' title='bbox 2381 4688 2541 4760; x_wconf 83' lang='lat' dir='ltr'><strong>signa</strong></span> <span class='ocrx_word' id='word_1_741' title='bbox 2581 4688 2637 4742; x_wconf 93' lang='lat' dir='ltr'><strong>in</strong></span> <span class='ocrx_word' id='word_1_742' title='bbox 2677 4686 2819 4743; x_wconf 71' lang='lat' dir='ltr'><strong>cualo</strong></span> <span class='ocrx_word' id='word_1_743' title='bbox 2867 4698 3055 4755; x_wconf 89' lang='lat' dir='ltr'><strong>supra,</strong></span> <span class='ocrx_word' id='word_1_744' title='bbox 3089 4690 3144 4737; x_wconf 90' lang='lat' dir='ltr'><strong>et</strong></span> <span class='ocrx_word' id='word_1_745' title='bbox 3175 4680 3231 4735; x_wconf 92' lang='lat' dir='ltr'><strong>in</strong></span> <span class='ocrx_word' id='word_1_746' title='bbox 3265 4688 3411 4734; x_wconf 88' lang='lat' dir='ltr'><strong>terra</strong></span> <span class='ocrx_word' id='word_1_747' title='bbox 3444 4678 3530 4732; x_wconf 55' lang='lat' dir='ltr'><strong>in.-</strong></span> 
     </span>
    </p>
   </div>
   <div class='ocr_carea' id='block_1_98' title="bbox 1939 4772 3522 4855">
    <p class='ocr_par' dir='ltr' id='par_1_98' title="bbox 1939 4772 3522 4855">
     <span class='ocr_line' id='line_1_98' title="bbox 1939 4772 3522 4855; baseline -0.009 -16"><span class='ocrx_word' id='word_1_748' title='bbox 1939 4784 2043 4839; x_wconf 84' lang='lat' dir='ltr'><strong>fra.</strong></span> <span class='ocrx_word' id='word_1_749' title='bbox 2080 4803 2098 4836; x_wconf 78' lang='grc' dir='ltr'><strong>ι</strong></span> <span class='ocrx_word' id='word_1_750' title='bbox 2133 4784 2369 4855; x_wconf 86' lang='lat' dir='ltr'><strong>Sanguis</strong></span> <span class='ocrx_word' id='word_1_751' title='bbox 2399 4782 2567 4847; x_wconf 91' lang='lat' dir='ltr'><strong>enim,</strong></span> <span class='ocrx_word' id='word_1_752' title='bbox 2613 4780 2710 4852; x_wconf 87' lang='lat' dir='ltr'><strong>qui</strong></span> <span class='ocrx_word' id='word_1_753' title='bbox 2749 4778 2893 4853; x_wconf 81' lang='lat' dir='ltr'><strong>signi</strong></span> <span class='ocrx_word' id='word_1_754' title='bbox 2946 4775 3215 4832; x_wconf 89' lang='lat' dir='ltr'><strong>mirabilis</strong></span> <span class='ocrx_word' id='word_1_755' title='bbox 3249 4772 3522 4827; x_wconf 91' lang='lat' dir='ltr'><strong>rationem</strong></span> 
     </span>
    </p>
   </div>
   <div class='ocr_carea' id='block_1_99' title="bbox 1941 4865 3524 4947">
    <p class='ocr_par' dir='ltr' id='par_1_99' title="bbox 1941 4865 3524 4947">
     <span class='ocr_line' id='line_1_99' title="bbox 1941 4865 3524 4947; baseline -0.008 -15"><span class='ocrx_word' id='word_1_756' title='bbox 1941 4878 2126 4944; x_wconf 84' lang='lat' dir='ltr'><strong>habet,</strong></span> <span class='ocrx_word' id='word_1_757' title='bbox 2164 4877 2256 4933; x_wconf 75' lang='lat' dir='ltr'><strong>ille</strong></span> <span class='ocrx_word' id='word_1_758' title='bbox 2299 4885 2404 4944; x_wconf 90' lang='lat' dir='ltr'><strong>est,</strong></span> <span class='ocrx_word' id='word_1_759' title='bbox 2447 4874 2549 4947; x_wconf 86' lang='lat' dir='ltr'><strong>qui</strong></span> <span class='ocrx_word' id='word_1_760' title='bbox 2582 4891 2650 4931; x_wconf 86' lang='lat' dir='ltr'><strong>ex</strong></span> <span class='ocrx_word' id='word_1_761' title='bbox 2680 4873 2897 4934; x_wconf 86' lang='lat' dir='ltr'><strong>Domini</strong></span> <span class='ocrx_word' id='word_1_762' title='bbox 2943 4872 3113 4925; x_wconf 91' lang='lat' dir='ltr'><strong>latere</strong></span> <span class='ocrx_word' id='word_1_763' title='bbox 3156 4876 3280 4938; x_wconf 86' lang='lat' dir='ltr'><strong>post</strong></span> <span class='ocrx_word' id='word_1_764' title='bbox 3310 4865 3524 4919; x_wconf 90' lang='lat' dir='ltr'><strong>obitum</strong></span> 
     </span>
    </p>
   </div>
   <div class='ocr_carea' id='block_1_100' title="bbox 254 4955 1832 5044">
    <p class='ocr_par' dir='ltr' id='par_1_100' title="bbox 254 4965 1832 5044">
     <span class='ocr_line' id='line_1_100' title="bbox 254 4965 1832 5044; baseline -0.006 -16"><span class='ocrx_word' id='word_1_765' title='bbox 254 4975 356 5044; x_wconf 85' lang='grc' dir='ltr'>τῆς</span> <span class='ocrx_word' id='word_1_766' title='bbox 393 4973 730 5044; x_wconf 84' lang='grc' dir='ltr'>Δεσποτικῆς</span> <span class='ocrx_word' id='word_1_767' title='bbox 760 4969 903 5044; x_wconf 88' lang='grc' dir='ltr'><strong>μετά</strong></span> <span class='ocrx_word' id='word_1_768' title='bbox 939 4970 1169 5026; x_wconf 89' lang='grc' dir='ltr'>θάνατον</span> <span class='ocrx_word' id='word_1_769' title='bbox 1197 4967 1402 5041; x_wconf 83' lang='grc' dir='ltr'>ρεῦσαν</span> <span class='ocrx_word' id='word_1_770' title='bbox 1425 4968 1689 5039; x_wconf 73' lang='grc' dir='ltr'>πλευρᾶςο</span> <span class='ocrx_word' id='word_1_771' title='bbox 1732 4965 1832 5036; x_wconf 74' lang='grc' dir='ltr'>πῦε</span> 
     </span>
    </p>
   </div>
   <div class='ocr_carea' id='block_1_101' title="bbox 1941 4955 3526 5044">
    <p class='ocr_par' dir='ltr' id='par_1_101' title="bbox 1954 4955 3526 5043">
     <span class='ocr_line' id='line_1_101' title="bbox 1954 4955 3526 5043; baseline -0.009 -20"><span class='ocrx_word' id='word_1_772' title='bbox 1954 4968 2141 5036; x_wconf 80' lang='lat' dir='ltr'><strong>ﬂuxit;</strong></span> <span class='ocrx_word' id='word_1_773' title='bbox 2178 4968 2320 5043; x_wconf 89' lang='lat' dir='ltr'><strong>ignis</strong></span> <span class='ocrx_word' id='word_1_774' title='bbox 2341 4983 2472 5024; x_wconf 87' lang='lat' dir='ltr'><strong>vero</strong></span> <span class='ocrx_word' id='word_1_775' title='bbox 2508 4967 2621 5035; x_wconf 91' lang='lat' dir='ltr'><strong>ille,</strong></span> <span class='ocrx_word' id='word_1_776' title='bbox 2644 4966 2760 5037; x_wconf 90' lang='lat' dir='ltr'><strong>qui,</strong></span> <span class='ocrx_word' id='word_1_777' title='bbox 2792 4973 2850 5019; x_wconf 90' lang='lat' dir='ltr'><strong>ut</strong></span> <span class='ocrx_word' id='word_1_778' title='bbox 2881 4963 3090 5031; x_wconf 86' lang='lat' dir='ltr'><strong>dictum</strong></span> <span class='ocrx_word' id='word_1_779' title='bbox 3114 4967 3222 5023; x_wconf 88' lang='lat' dir='ltr'><strong>est,</strong></span> <span class='ocrx_word' id='word_1_780' title='bbox 3252 4955 3526 5026; x_wconf 85' lang='lat' dir='ltr'><strong>apostolis</strong></span> 
     </span>
    </p>
   </div>
   <div class='ocr_carea' id='block_1_102' title="bbox 258 5058 1843 5133">
    <p class='ocr_par' dir='ltr' id='par_1_102' title="bbox 258 5058 1843 5133">
     <span class='ocr_line' id='line_1_102' title="bbox 258 5058 1843 5133; baseline -0.003 -15"><span class='ocrx_word' id='word_1_781' title='bbox 258 5064 337 5130; x_wconf 77' lang='grc' dir='ltr'>δὲ,</span> <span class='ocrx_word' id='word_1_782' title='bbox 365 5063 427 5118; x_wconf 82' lang='grc' dir='ltr'>τὸ</span> <span class='ocrx_word' id='word_1_783' title='bbox 451 5065 564 5128; x_wconf 86' lang='grc' dir='ltr'>τοῖς</span> <span class='ocrx_word' id='word_1_784' title='bbox 601 5063 952 5129; x_wconf 81' lang='grc' dir='ltr'>ἀποστόλοις,</span> <span class='ocrx_word' id='word_1_785' title='bbox 1009 5060 1090 5126; x_wconf 82' lang='grc' dir='ltr'><strong>ὡς</strong></span> <span class='ocrx_word' id='word_1_786' title='bbox 1142 5061 1494 5133; x_wconf 80' lang='grc' dir='ltr'>προείρηται,</span> <span class='ocrx_word' id='word_1_787' title='bbox 1538 5058 1843 5133; x_wconf 74' lang='grc' dir='ltr'>διαιρεθὲν.</span> 
     </span>
    </p>
   </div>
   <div class='ocr_carea' id='block_1_103' title="bbox 1954 5050 3533 5126">
    <p class='ocr_par' dir='ltr' id='par_1_103' title="bbox 1954 5050 3533 5126">
     <span class='ocr_line' id='line_1_103' title="bbox 1954 5050 3533 5126; baseline -0.009 -9"><span class='ocrx_word' id='word_1_788' title='bbox 1954 5070 2037 5117; x_wconf 84' lang='grc' dir='ltr'><strong>εει</strong></span> <span class='ocrx_word' id='word_1_789' title='bbox 2075 5060 2423 5121; x_wconf 87' lang='lat' dir='ltr'><strong>distributus.</strong></span> <span class='ocrx_word' id='word_1_790' title='bbox 2454 5078 2474 5112; x_wconf 77' lang='grc' dir='ltr'><strong>ι</strong></span> <span class='ocrx_word' id='word_1_791' title='bbox 2510 5058 2619 5117; x_wconf 88' lang='lat' dir='ltr'><strong>Sed</strong></span> <span class='ocrx_word' id='word_1_792' title='bbox 2674 5067 2729 5115; x_wconf 92' lang='lat' dir='ltr'><strong>et</strong></span> <span class='ocrx_word' id='word_1_793' title='bbox 2764 5057 2869 5124; x_wconf 92' lang='lat' dir='ltr'><strong>sol,</strong></span> <span class='ocrx_word' id='word_1_794' title='bbox 2919 5054 3118 5126; x_wconf 84' lang='lat' dir='ltr'><strong>inquit,</strong></span> <span class='ocrx_word' id='word_1_795' title='bbox 3163 5053 3220 5108; x_wconf 89' lang='lat' dir='ltr'><strong>in</strong></span> <span class='ocrx_word' id='word_1_796' title='bbox 3273 5050 3533 5108; x_wconf 83' lang='lat' dir='ltr'><strong>tenebras</strong></span> 
     </span>
    </p>
   </div>
   <div class='ocr_carea' id='block_1_104' title="bbox 329 5202 3537 5286">
    <p class='ocr_par' dir='ltr' id='par_1_104' title="bbox 329 5202 3537 5286">
     <span class='ocr_line' id='line_1_104' title="bbox 329 5202 3537 5286; baseline -0.007 -8"><span class='ocrx_word' id='word_1_797' title='bbox 329 5220 390 5273; x_wconf 83' lang='grc' dir='ltr'><strong>⁹Ι</strong></span> <span class='ocrx_word' id='word_1_798' title='bbox 424 5221 551 5277; x_wconf 89' lang='lat' dir='ltr'><strong>Cor.</strong></span> <span class='ocrx_word' id='word_1_799' title='bbox 584 5222 742 5286; x_wconf 81' lang='lat' dir='ltr'><strong>xv,5.</strong></span> <span class='ocrx_word' id='word_1_800' title='bbox 784 5220 829 5254; x_wconf 82' lang='grc'><strong>¹⁰</strong></span> <span class='ocrx_word' id='word_1_801' title='bbox 852 5219 989 5276; x_wconf 89' lang='lat' dir='ltr'><strong>Luc.</strong></span> <span class='ocrx_word' id='word_1_802' title='bbox 1021 5235 1174 5283; x_wconf 66' lang='grc' dir='ltr'>χχιιι,</span> <span class='ocrx_word' id='word_1_803' title='bbox 1209 5218 1294 5272; x_wconf 81' lang='grc'>16.</span> <span class='ocrx_word' id='word_1_804' title='bbox 1336 5216 1376 5251; x_wconf 83' lang='lat'>“</span> <span class='ocrx_word' id='word_1_805' title='bbox 1401 5216 1561 5272; x_wconf 86' lang='lat' dir='ltr'><strong>Joan.</strong></span> <span class='ocrx_word' id='word_1_806' title='bbox 1592 5217 1792 5281; x_wconf 77' lang='lat' dir='ltr'><strong>xx,l9.</strong></span> <span class='ocrx_word' id='word_1_807' title='bbox 1834 5216 1877 5247; x_wconf 81' lang='grc'>¹²</span> <span class='ocrx_word' id='word_1_808' title='bbox 1905 5215 2150 5272; x_wconf 74' lang='lat' dir='ltr'><strong>ibid.26.</strong></span> <span class='ocrx_word' id='word_1_809' title='bbox 2194 5215 2273 5269; x_wconf 81' lang='lat' dir='ltr'><strong>“l</strong></span> <span class='ocrx_word' id='word_1_810' title='bbox 2295 5214 2424 5271; x_wconf 78' lang='lat' dir='ltr'><strong>Cor.</strong></span> <span class='ocrx_word' id='word_1_811' title='bbox 2462 5230 2551 5286; x_wconf 58' lang='grc' dir='ltr'><strong>κγ,</strong></span> <span class='ocrx_word' id='word_1_812' title='bbox 2583 5214 2637 5270; x_wconf 89' lang='grc'>6.</span> <span class='ocrx_word' id='word_1_813' title='bbox 2680 5212 2876 5286; x_wconf 33' lang='grc' dir='ltr'><strong>’Δδνίιιίὼ</strong></span> <span class='ocrx_word' id='word_1_814' title='bbox 2903 5212 2955 5267; x_wconf 83' lang='grc'>7.</span> <span class='ocrx_word' id='word_1_815' title='bbox 2996 5208 3187 5286; x_wconf 76' lang='lat' dir='ltr'><strong>u‘_ibid.</strong></span> <span class='ocrx_word' id='word_1_816' title='bbox 3316 5207 3359 5237; x_wconf 77' lang='lat'>”</span> <span class='ocrx_word' id='word_1_817' title='bbox 3377 5202 3537 5259; x_wconf 82' lang='lat' dir='ltr'><strong>Joan.</strong></span> 
     </span>
    </p>
   </div>
   <div class='ocr_carea' id='block_1_105' title="bbox 262 5288 1617 5361">
    <p class='ocr_par' dir='ltr' id='par_1_105' title="bbox 262 5288 1617 5361">
     <span class='ocr_line' id='line_1_105' title="bbox 262 5288 1617 5361; baseline -0.005 -14"><span class='ocrx_word' id='word_1_818' title='bbox 262 5308 377 5358; x_wconf 76' lang='lat' dir='ltr'><strong>xxi,</strong></span> <span class='ocrx_word' id='word_1_819' title='bbox 401 5294 455 5347; x_wconf 75' lang='grc'>2.</span> <span class='ocrx_word' id='word_1_820' title='bbox 532 5293 573 5324; x_wconf 73' lang='grc'><strong>’⁷</strong></span> <span class='ocrx_word' id='word_1_821' title='bbox 598 5292 617 5345; x_wconf 92' lang='lat' dir='ltr'><strong>l</strong></span> <span class='ocrx_word' id='word_1_822' title='bbox 640 5293 767 5347; x_wconf 85' lang='lat' dir='ltr'><strong>Cor.</strong></span> <span class='ocrx_word' id='word_1_823' title='bbox 802 5309 891 5361; x_wconf 82' lang='lat' dir='ltr'><strong>xv,</strong></span> <span class='ocrx_word' id='word_1_824' title='bbox 921 5292 975 5349; x_wconf 87' lang='lat'><strong>7.</strong></span> <span class='ocrx_word' id='word_1_825' title='bbox 1055 5292 1098 5322; x_wconf 82' lang='grc'><strong>¹⁸</strong></span> <span class='ocrx_word' id='word_1_826' title='bbox 1120 5289 1309 5345; x_wconf 85' lang='lat' dir='ltr'><strong>Matth.</strong></span> <span class='ocrx_word' id='word_1_827' title='bbox 1342 5304 1536 5361; x_wconf 66' lang='lat' dir='ltr'><strong>xxviii,</strong></span> <span class='ocrx_word' id='word_1_828' title='bbox 1565 5288 1617 5361; x_wconf 84' lang='lat'><strong>7.</strong></span> 
     </span>
    </p>
   </div>
   <div class='ocr_carea' id='block_1_106' title="bbox 1694 5284 2520 5351">
    <p class='ocr_par' dir='ltr' id='par_1_106' title="bbox 1694 5284 2520 5351">
     <span class='ocr_line' id='line_1_106' title="bbox 1694 5284 2520 5351; baseline 0 -12"><span class='ocrx_word' id='word_1_829' title='bbox 1694 5288 1736 5320; x_wconf 79' lang='grc'><strong>¹⁹</strong></span> <span class='ocrx_word' id='word_1_830' title='bbox 1763 5289 1881 5340; x_wconf 80' lang='lat' dir='ltr'><strong>Act.</strong></span> <span class='ocrx_word' id='word_1_831' title='bbox 1918 5301 1959 5351; x_wconf 84' lang='grc' dir='ltr'><strong>ι,</strong></span> <span class='ocrx_word' id='word_1_832' title='bbox 1991 5288 2080 5341; x_wconf 72' lang='grc'><strong>12.</strong></span> <span class='ocrx_word' id='word_1_833' title='bbox 2152 5287 2198 5317; x_wconf 86' lang='grc'><strong>²⁰</strong></span> <span class='ocrx_word' id='word_1_834' title='bbox 2218 5288 2350 5340; x_wconf 80' lang='lat' dir='ltr'><strong>ibid.</strong></span> <span class='ocrx_word' id='word_1_835' title='bbox 2394 5300 2434 5347; x_wconf 89' lang='lat' dir='ltr'><strong>I,</strong></span> <span class='ocrx_word' id='word_1_836' title='bbox 2466 5284 2520 5340; x_wconf 67' lang='grc'><strong>4.</strong></span> 
     </span>
    </p>
   </div>
   <div class='ocr_carea' id='block_1_107' title="bbox 2621 5279 3533 5351">
    <p class='ocr_par' dir='ltr' id='par_1_107' title="bbox 2621 5279 3533 5351">
     <span class='ocr_line' id='line_1_107' title="bbox 2621 5279 3533 5351; baseline -0.016 -10"><span class='ocrx_word' id='word_1_837' title='bbox 2621 5287 2663 5316; x_wconf 82' lang='grc'>¹¹</span> <span class='ocrx_word' id='word_1_838' title='bbox 2684 5282 2852 5346; x_wconf 73' lang='lat' dir='ltr'><strong>10ml.</strong></span> <span class='ocrx_word' id='word_1_839' title='bbox 2885 5297 3001 5349; x_wconf 83' lang='lat' dir='ltr'><strong>xlv,</strong></span> <span class='ocrx_word' id='word_1_840' title='bbox 3032 5280 3125 5346; x_wconf 79' lang='grc'><strong>16,</strong></span> <span class='ocrx_word' id='word_1_841' title='bbox 3161 5279 3319 5351; x_wconf 81' lang='lat' dir='ltr'><strong>cujus</strong></span> <span class='ocrx_word' id='word_1_842' title='bbox 3348 5287 3533 5333; x_wconf 81' lang='lat' dir='ltr'><strong>tamen</strong></span> 
     </span>
    </p>
   </div>
   <div class='ocr_carea' id='block_1_108' title="bbox 264 5350 3139 5434">
    <p class='ocr_par' dir='ltr' id='par_1_108' title="bbox 264 5350 3139 5434">
     <span class='ocr_line' id='line_1_108' title="bbox 264 5350 3139 5434; baseline -0.003 -17"><span class='ocrx_word' id='word_1_843' title='bbox 264 5350 375 5418; x_wconf 71' lang='lat' dir='ltr'><strong>noti</strong></span> <span class='ocrx_word' id='word_1_844' title='bbox 401 5374 510 5419; x_wconf 87' lang='lat' dir='ltr'><strong>tam</strong></span> <span class='ocrx_word' id='word_1_845' title='bbox 533 5363 722 5430; x_wconf 85' lang='lat' dir='ltr'><strong>verba,</strong></span> <span class='ocrx_word' id='word_1_846' title='bbox 758 5350 922 5434; x_wconf 76' lang='lat' dir='ltr'><strong>quam</strong></span> <span class='ocrx_word' id='word_1_847' title='bbox 957 5376 1182 5420; x_wconf 90' lang='lat' dir='ltr'><strong>sensum</strong></span> <span class='ocrx_word' id='word_1_848' title='bbox 1212 5361 1405 5416; x_wconf 89' lang='lat' dir='ltr'><strong>recitat</strong></span> <span class='ocrx_word' id='word_1_849' title='bbox 1428 5350 1678 5414; x_wconf 84' lang='lat' dir='ltr'><strong>PhOtius.</strong></span> <span class='ocrx_word' id='word_1_850' title='bbox 1750 5358 1794 5390; x_wconf 88' lang='grc'>¹¹</span> <span class='ocrx_word' id='word_1_851' title='bbox 1820 5350 1981 5413; x_wconf 85' lang='lat' dir='ltr'><strong>Rom.</strong></span> <span class='ocrx_word' id='word_1_852' title='bbox 2019 5374 2057 5423; x_wconf 84' lang='grc' dir='ltr'><strong>ι,</strong></span> <span class='ocrx_word' id='word_1_853' title='bbox 2093 5356 2147 5410; x_wconf 74' lang='lat'><strong>2.</strong></span> <span class='ocrx_word' id='word_1_854' title='bbox 2187 5355 2365 5411; x_wconf 75' lang='lat' dir='ltr'><strong>“.loel</strong></span> <span class='ocrx_word' id='word_1_855' title='bbox 2415 5372 2499 5423; x_wconf 81' lang='grc' dir='ltr'>ιιι,</span> <span class='ocrx_word' id='word_1_856' title='bbox 2536 5356 2560 5410; x_wconf 79' lang='grc'><strong>1</strong></span> <span class='ocrx_word' id='word_1_857' title='bbox 2600 5370 2725 5426; x_wconf 89' lang='lat' dir='ltr'><strong>sqq.</strong></span> <span class='ocrx_word' id='word_1_858' title='bbox 2759 5354 2807 5386; x_wconf 66' lang='grc' dir='ltr'><strong>’δ</strong></span> <span class='ocrx_word' id='word_1_859' title='bbox 2837 5354 2960 5411; x_wconf 82' lang='lat' dir='ltr'><strong>Act.</strong></span> <span class='ocrx_word' id='word_1_860' title='bbox 2992 5368 3057 5420; x_wconf 87' lang='grc' dir='ltr'><strong>ιι,</strong></span> <span class='ocrx_word' id='word_1_861' title='bbox 3083 5350 3139 5407; x_wconf 79' lang='lat'><strong>5.</strong></span> 
     </span>
    </p>
   </div>
   <div class='ocr_carea' id='block_1_109' title="bbox 1788 5499 2016 5558">
    <p class='ocr_par' dir='ltr' id='par_1_109' title="bbox 1788 5499 2016 5558">
     <span class='ocr_line' id='line_1_109' title="bbox 1788 5499 2016 5558; baseline 0.009 -2"><span class='ocrx_word' id='word_1_862' title='bbox 1788 5499 2016 5558; x_wconf 70' lang='lat' dir='ltr'><strong>NOT/E.</strong></span> 
     </span>
    </p>
   </div>
   <div class='ocr_carea' id='block_1_110' title="bbox 334 5636 1846 5763">
    <p class='ocr_par' dir='ltr' id='par_1_110' title="bbox 334 5636 1846 5763">
     <span class='ocr_line' id='line_1_110' title="bbox 334 5636 1846 5763; baseline -0.001 -69"><span class='ocrx_word' id='word_1_863' title='bbox 334 5638 585 5763; x_wconf 46' lang='lat' dir='ltr'><strong>$85‘Hsa.</strong></span> <span class='ocrx_word' id='word_1_864' title='bbox 610 5657 783 5708; x_wconf 78' lang='lat' dir='ltr'><strong>xxvu,</strong></span> <span class='ocrx_word' id='word_1_865' title='bbox 807 5642 897 5705; x_wconf 77' lang='lat' dir='ltr'><strong>ll,</strong></span> <span class='ocrx_word' id='word_1_866' title='bbox 920 5642 1012 5698; x_wconf 89' lang='lat' dir='ltr'><strong>ubi</strong></span> <span class='ocrx_word' id='word_1_867' title='bbox 1036 5652 1216 5698; x_wconf 89' lang='lat' dir='ltr'><strong>tamen</strong></span> <span class='ocrx_word' id='word_1_868' title='bbox 1239 5639 1435 5698; x_wconf 88' lang='lat' dir='ltr'><strong>ultima</strong></span> <span class='ocrx_word' id='word_1_869' title='bbox 1462 5639 1645 5695; x_wconf 74' lang='lat' dir='ltr'><strong>verba:</strong></span> <span class='ocrx_word' id='word_1_870' title='bbox 1678 5636 1846 5706; x_wconf 73' lang='grc' dir='ltr'>ἀναγ-</span> 
     </span>
     <span class='ocr_line' id='line_1_111' title="bbox 334 5712 1273 5763; baseline 0.003 -3"><span class='ocrx_word' id='word_1_871' title='bbox 334 5734 335 5760; x_wconf 84' lang='grc'>;</span> <span class='ocrx_word' id='word_1_872' title='bbox 362 5712 486 5763; x_wconf 87' lang='grc' dir='ltr'>λατε</span> <span class='ocrx_word' id='word_1_873' title='bbox 512 5715 666 5763; x_wconf 76' lang='grc' dir='ltr'>ἡμῖν-</span> <span class='ocrx_word' id='word_1_874' title='bbox 699 5713 901 5763; x_wconf 81' lang='lat' dir='ltr'><strong>frustra</strong></span> <span class='ocrx_word' id='word_1_875' title='bbox 933 5714 1273 5763; x_wconf 71' lang='lat' dir='ltr'><strong>mtmsiveris.</strong></span> 
     </span>
    </p>
   </div>
   <div class='ocr_carea' id='block_1_111' title="bbox 272 5712 1438 5857">
    <p class='ocr_par' dir='ltr' id='par_1_111' title="bbox 272 5712 1438 5857">
     <span class='ocr_line' id='line_1_112' title="bbox 272 5712 1273 5783; baseline 0.001 -18"><span class='ocrx_word' id='word_1_876' title='bbox 272 5712 486 5780; x_wconf 75' lang='grc' dir='ltr'>γείλατε</span> <span class='ocrx_word' id='word_1_877' title='bbox 512 5715 666 5783; x_wconf 83' lang='grc' dir='ltr'>ἡμῖν,</span> <span class='ocrx_word' id='word_1_878' title='bbox 699 5713 901 5768; x_wconf 80' lang='lat' dir='ltr'><strong>frustra</strong></span> <span class='ocrx_word' id='word_1_879' title='bbox 933 5714 1273 5782; x_wconf 59' lang='lat' dir='ltr'><strong>quaesiveris.</strong></span> 
     </span>
     <span class='ocr_line' id='line_1_113' title="bbox 342 5781 1438 5857; baseline -0.001 -19"><span class='ocrx_word' id='word_1_880' title='bbox 342 5783 489 5857; x_wconf 85' lang='lat' dir='ltr'><strong>(86)l</strong></span> <span class='ocrx_word' id='word_1_881' title='bbox 520 5786 647 5842; x_wconf 80' lang='lat' dir='ltr'><strong>Cor.</strong></span> <span class='ocrx_word' id='word_1_882' title='bbox 679 5800 769 5854; x_wconf 91' lang='lat' dir='ltr'><strong>xv,</strong></span> <span class='ocrx_word' id='word_1_883' title='bbox 806 5784 859 5854; x_wconf 82' lang='lat'><strong>5,</strong></span> <span class='ocrx_word' id='word_1_884' title='bbox 900 5786 1033 5856; x_wconf 81' lang='lat' dir='ltr'><strong>legis</strong></span> <span class='ocrx_word' id='word_1_885' title='bbox 1062 5786 1176 5850; x_wconf 85' lang='grc' dir='ltr'>τοῖς</span> <span class='ocrx_word' id='word_1_886' title='bbox 1205 5781 1438 5841; x_wconf 79' lang='grc' dir='ltr'>δώδεκα.</span> 
     </span>
    </p>
   </div>
   <div class='ocr_carea' id='block_1_112' title="bbox 2031 5634 2807 5706">
    <p class='ocr_par' dir='ltr' id='par_1_112' title="bbox 2031 5634 2807 5706">
     <span class='ocr_line' id='line_1_114' title="bbox 2031 5634 2807 5706; baseline -0.001 -16"><span class='ocrx_word' id='word_1_887' title='bbox 2031 5636 2144 5706; x_wconf 82' lang='grc'><strong>(87)</strong></span> <span class='ocrx_word' id='word_1_888' title='bbox 2176 5634 2383 5706; x_wconf 17' lang='grc' dir='ltr'>γιεςενε</span> <span class='ocrx_word' id='word_1_889' title='bbox 2406 5634 2591 5689; x_wconf 91' lang='lat' dir='ltr'><strong>malim</strong></span> <span class='ocrx_word' id='word_1_890' title='bbox 2619 5634 2765 5689; x_wconf 83' lang='grc' dir='ltr'>ὅθεν.</span> <span class='ocrx_word' id='word_1_891' title='bbox 2802 5651 2807 5661; x_wconf 87' lang='grc'><strong>·</strong></span> 
     </span>
    </p>
   </div>
   <div class='ocr_carea' id='block_1_113' title="bbox 2026 5705 2753 5779">
    <p class='ocr_par' dir='ltr' id='par_1_113' title="bbox 2026 5705 2753 5779">
     <span class='ocr_line' id='line_1_115' title="bbox 2026 5705 2753 5779; baseline -0.004 -18"><span class='ocrx_word' id='word_1_892' title='bbox 2026 5708 2116 5778; x_wconf 85' lang='lat'><strong>(88</strong></span> <span class='ocrx_word' id='word_1_893' title='bbox 2119 5717 2138 5779; x_wconf 80' lang='lat'><strong><em>)</em></strong></span> <span class='ocrx_word' id='word_1_894' title='bbox 2166 5705 2370 5777; x_wconf 83' lang='lat' dir='ltr'><strong>Legcre</strong></span> <span class='ocrx_word' id='word_1_895' title='bbox 2396 5708 2604 5774; x_wconf 86' lang='lat' dir='ltr'><strong>malim,</strong></span> <span class='ocrx_word' id='word_1_896' title='bbox 2640 5706 2753 5759; x_wconf 82' lang='grc' dir='ltr'>ὅτε.</span> 
     </span>
    </p>
   </div>
  </div>
