3880 6206
341 263 449 331 719
1502 267 1766 329 ΡΗΟΤΙΙ
1797 270 1949 329 ΡΑΊἾ

2056 268 2305 329 ίΒΟΗιΕ
2336 268 2443 328 CP.
3508 265 3626 330 720

343 382 722 443 convertetur,
761 384 815 431 et
853 374 982 431 luna
1019 375 1075 430 in
1120 376 1470 449 sanguinem,
1503 387 1794 447 antequam
1827 394 1920 434 vc-

2108 380 2268 434 Ἀλλὰ
2316 379 2410 432 καὶ
2448 378 2477 430 ὁ
2523 375 2695 450 ἥλιος,
2743 378 2935 449 φησὶν,
2976 378 3500 450 μεταστραφήσεται
3538 383 3623 442 είς

344 467 457 522 niat
512 467 629 523 dies
667 466 886 523 Domini
937 484 1134 539 magna
1187 479 1242 524 ct
1300 471 1552 534 illustris,
1585 490 1604 521 ι
1663 471 1767 525 hoc
1815 480 1920 535 est,

2056 471 2242 537 rxdtog,
2300 471 2395 524 καὶ
2448 471 2483 541 ἡ
2534 470 2731 541 σελήνη
2775 472 2856 533 είς
2914 464 3074 540 αἷμα,
3113 471 3247 543 πρὶν
3299 468 3477 525 ἐλθεῖν
3520 472 3625 541 τῆν

346 557 493 612 Filii.
544 556 670 613 [late
708 568 892 613 autem
947 574 975 613 a
1022 558 1209 625 Patre,
1251 576 1358 614 non
1396 576 1425 614 a
1476 561 1763 631 propheta,
1795 559 1925 626 dici,

2056 562 2244 633 ιμέραν
2275 561 2485 631 Κυρίου
2505 559 2604 632 τὴν
2632 558 2878 631 μεγάλην
2919 560 3016 615 καὶ
3045 562 3312 632 ἐπιφανῆ,
3344 562 3623 627 τουτέστι,

345 651 563 706 initium
598 652 808 708 oraculi
838 652 1005 722 hujus
1040 662 1290 710 testatur.
1319 653 1376 711 Id
1423 655 1567 709 enim
1606 656 1679 709 ita
1722 654 1923 711 habet:

2056 648 2127 703 τοῦ
2159 646 2310 702 Υίοῦ.
2344 666 2365 700 ι
2401 648 2526 702 Ὀτι
2554 648 2611 702 δὲ
2638 648 2746 702 ἀπὸ
2789 646 2885 703 τοῦ
2920 649 3134 720 Πατρός
3174 648 3396 721 εἴρηται
3422 650 3621 714 ταῦτα,

351 762 368 791 ο
401 742 460 797 In
501 744 712 800 ultimis
748 743 964 809 diebus,
1006 745 1183 816 inquit
1216 745 1502 811 Dominus,
1547 746 1820 802 cﬁ‘undam
1860 746 1929 802 de

2056 740 2129 795 tat
2152 740 2251 793 οὐκ
2279 739 2388 793 ἀπὸ
2413 740 2508 794 τοῦ
2541 740 2846 813 προφήτου,
2895 741 2930 812 ἡ
2960 740 3107 812 ἀρχὴ
3143 740 3241 794 τοῦ
3273 741 3444 813 ῥητοῦ
3482 761 3622 811 μειρ⁹

346 835 555 906 Spiritu
583 852 703 892 meo
750 853 914 909 super
943 853 1162 893 omnem
1195 852 1445 907 carnem,
1471 857 1492 893 ι
1545 848 1654 895 etc.
1694 838 1925 895 Manilo-

2056 834 2203 904 rupsl’.
2240 833 2396 905 Ἔχει
2429 832 2556 905 γάρ·
2589 851 2609 885 ι
2631 832 2722 887 Ἐν
2750 835 2873 898 ταῖς
2898 834 3156 905 ἐσχάταις
3181 836 3441 908 ἡμέραις,
3471 834 3625 901 λέγει

348 939 495 984 stum
542 930 667 987 hinc
709 940 795 987 est
827 947 923 1003 per
951 930 1269 995 Dominum,
1314 947 1426 988 non
1456 934 1799 1006 prophetam,
1830 932 1923 1004 qui

2056 925 2259 998 Κύριος,
2315 925 2491 999 ἐκχεῶ
2533 926 2642 982 ἀπὸ
2670 928 2764 981 τοῦ
2798 927 3116 998 Πνεύματός
3164 946 3268 1000 μου
3299 930 3397 982 ἐπὶ
3442 931 3627 982 πᾶσαν

348 1038 654 1078 conservus
704 1034 891 1080 noster
926 1034 1030 1091 est,
1072 1023 1171 1081 sed
1222 1024 1391 1081 Deum
1443 1036 1497 1081 et
1536 1026 1773 1092 Patrem,
1832 1026 1928 1098 qui

2056 1019 2237 1091 πὰρκα,
2271 1037 2292 1073 ι
2322 1024 2421 1073 καὶ
2454 1016 2605 1090 ἑξῆς.
2636 1018 2842 1092 Κύριος
2871 1020 2930 1074 δὲ
2951 1020 3133 1090 δῆλον,
3165 1021 3250 1075 ὅτι
3282 1021 3384 1091 οὐχ
3422 1021 3453 1073 ό
3493 1036 3632 1089 προ-

348 1127 476 1167 cntn
506 1112 739 1179 miserit,
768 1112 1023 1169 iudicari.

2056 1112 2236 1184 ρήτης,
2264 1112 2553 1183 όμόδουλος
2574 1112 2652 1168 ὢν
2672 1114 2828 1185 ἡμῖν,
2851 1112 2967 1167 ἀλλ’
2996 1115 3024 1167 ὁ
3045 1111 3237 1168 τοῦτον
3262 1110 3628 1173 ἀπεσταλκὼς

2036 1205 2168 1270 Θεὸς
2205 1206 2301 1261 καὶ
2325 1206 2539 1278 Πατήρ.

2558 1317 2897 1373 ΕΡΩΤΗΣΙΣ
2925 1317 3125 1385 PKQ".

2044 1405 2197 1463 Πότε
2266 1406 2723 1477 ἐϐαπτίσθησαν
2772 1409 2848 1531 ίοἱ
2899 1407 3233 1462 ἀπόστολοι
3304 1404 3405 1460 καί
3469 1404 3639 1473 παρὰ

2737 1493 2769 1530 τ
2795 1493 2939 1531 roc:

2737 1493 2903 1544 τινος
2916 1493 2939 1543 ;

351 1307 681 1376 ΩΗᾹΞΒΤΙΟ
710 1309 924 1365 CXXVI
965 1310 1447 1385 [CoisLCXLVHL
1469 1313 1937 1388 Taur.CXLVIl]’.

497 1402 722 1469 Quando
755 1404 1014 1473 baptizali
1034 1416 1156 1460 sunt
1190 1410 1440 1476 apostoli,
1478 1419 1529 1463 et
1568 1426 1600 1462 a
1646 1425 1747 1478 quo
1770 1410 1796 1462 ?

523 1584 781 1636 Editarum
806 1602 835 1636 a
871 1586 1051 1639 Wolﬁo
1072 1590 1332 1641 undecima
1355 1590 1427 1654 (p.
1459 1590 1688 1642 755-757.
1723 1590 1943 1644 Galland.
1966 1605 2016 1656 p.
2041 1593 2152 1656 72i,
2177 1606 2228 1645 n.
2252 1594 2357 1658 27).
2378 1615 2444 1631 -
2474 1593 2552 1645 De
2573 1591 2820 1656 baptismo
2851 1591 3094 1657 apostolis
3113 1590 3294 1644 Christi
3318 1592 3453 1642 dato.

427 1698 687 1755 Videmus
717 1700 997 1770 apostolos
1024 1711 1153 1757 ante
1176 1702 1489 1772 passionem
1521 1703 1729 1759 Christi
1761 1704 1942 1775 bapti-

2116 1706 2460 1779 Εύρίσκομεν
2486 1707 2618 1772 τοὺς
2660 1705 2992 1769 ἀποστόλους
3036 1704 3304 1767 λαϐόντας
3344 1702 3635 1775 βάπτισμα

352 1806 530 1847 smum
560 1788 795 1845 Joannis
814 1791 1109 1862 accepisse.
1134 1790 1324 1863 Neque
1352 1793 1500 1849 enim
1530 1792 1782 1852 Salvator
1813 1805 1942 1852 ante

354 1883 665 1953 passionem
714 1882 882 1938 alium
943 1882 1279 1955 baptismum
1343 1885 1593 1953 contulit,
1628 1903 1699 1944 ne
1732 1888 1943 1945 scilicet

350 1973 686 2042 praeconium
748 1972 980 2031 Joannis
1033 1975 1251 2031 irritum
1309 1978 1581 2046 redderet,
1613 1990 1706 2035 aut
1740 1978 1943 2036 Judaeis

354 2065 772 2123 adversantibus
800 2067 1149 2124 occasionem
1198 2068 1466 2140 praeberet
1492 2070 1732 2137 dicendi,
1792 2073 1942 2143 quod

355 2159 412 2214 in
441 2159 797 2230 opprobrium
836 2157 1065 2217 Joannis
1118 2161 1454 2232 baptismum
1491 2164 1784 2235 quemdam
1814 2181 1943 2235 pro-

356 2252 537 2322 prium
598 2252 882 2308 invexerit.
920 2251 1080 2320 Quod
1122 2268 1253 2310 vero
1283 2253 1361 2310 illi
1389 2254 1601 2321 deerat,
1630 2257 1942 2327 supplebat,

354 2359 465 2400 non
524 2358 665 2414 aqua
716 2344 1029 2414 baptizans,
1080 2345 1177 2402 sed
1231 2345 1461 2416 Spiritu.
1514 2347 1607 2403 Sic
1647 2349 1793 2404 enim
1826 2349 1945 2420 ipse

353 2435 429 2488 ait
461 2452 475 2489 :
521 2454 540 2488 ι
581 2433 690 2491 Vos
720 2450 851 2489 vero
884 2435 1302 2506 baptizabimini
1343 2435 1554 2508 Spiritu
1583 2448 1797 2506 sancto,
1830 2455 1943 2496 non

358 2535 483 2595 post
516 2528 717 2583 multos
746 2528 865 2584 dies
887 2528 933 2560 ⁸⁸
958 2566 976 2593 ,
1017 2545 1043 2580 ι
1068 2542 1263 2596 nempe
1291 2528 1501 2586 decem.
1560 2530 1756 2589 Decem
1814 2549 1946 2588 vero

355 2619 474 2674 dies
514 2619 643 2675 huic
702 2620 853 2688 operi
912 2618 1271 2687 deﬁniuntur,
1308 2630 1368 2677 ut
1395 2620 1532 2679 ﬁdes
1562 2625 1944 2696 apostolorum

355 2704 909 2781 probaretur.'Gratia
934 2711 1079 2768 enim
1102 2712 1438 2783 quiescente,
1457 2716 1714 2787 nulloque
1728 2733 1944 2787 eorum,

356 2817 479 2868 qua:
538 2804 813 2872 promissa
873 2811 1054 2871 erant,
1116 2814 1491 2875 comparente,
1559 2806 1694 2863 ﬁdes
1752 2824 1944 2865 eorum

358 2896 740 2962 exercebatur,
774 2911 898 2967 spes
925 2911 1055 2953 vero
1102 2897 1452 2953 occasionem
1496 2900 1944 2969 nanciscebatur,

360 2993 525 3049 fidem
548 3008 655 3048 non
684 2992 908 3048 dubiam
943 2992 1216 3065 pariendi.
1277 2994 1487 3065 Spiritu
1534 2995 1721 3064 itaque
1754 3006 1948 3052 sancto

359 3083 650 3153 baptizari,
681 3083 824 3138 idem
873 3093 980 3152 est,
1029 3084 1178 3155 quod
1221 3084 1487 3156 Spiritum
1522 3097 1773 3142 sanctum
1800 3086 1945 3143 acci-

361 3184 508 3238 pere.
563 3170 773 3241 Spiritu
831 3171 1003 3242 igitur
1052 3180 1109 3229 et
1167 3187 1311 3244 aqua
1365 3185 1493 3230 ante
1541 3176 1949 3247 perpessionem

365 3260 571 3316 Christi
610 3262 871 3332 baptizati
905 3273 1063 3319 erant
1090 3265 1346 3335 apostoli,
1383 3266 1771 3339 lavacrumque
1817 3268 1951 3325 illud

364 3350 560 3407 iisdem
624 3352 681 3407 in
746 3353 1127 3411 remissionem
1187 3366 1560 3428 peccatorum,
1602 3373 1711 3414 non
1763 3367 1951 3415 autem

366 3442 600 3510 Spiritus
626 3444 801 3500 sancti
832 3444 1208 3515 collationem,
1235 3447 1488 3506 cedebat.
1524 3448 1792 3505 Joannem
1823 3466 1952 3507 vero

365 3537 641 3607 apostolos
681 3538 1010 3610 baptizasse,
1074 3540 1344 3599 Dominus
1408 3550 1598 3598 noster
1651 3542 1828 3607 docet,
1885 3542 1953 3598 ad

364 3628 604 3694 Petrum,
647 3644 775 3685 eum
808 3630 1075 3688 lavandus
1099 3640 1269 3698 esset,
1325 3633 1661 3691 abnuentem
1714 3633 1903 3689 dicens
1936 3650 1957 3691 :.

371 3740 390 3772 ι
427 3721 530 3788 Qui
568 3723 711 3779 lotus
732 3733 835 3789 est,
867 3740 1093 3782 necesse
1116 3741 1225 3782 non
1255 3725 1417 3781 habet
1446 3726 1640 3793 lavari,
1671 3725 1777 3781 nisi
1807 3725 1954 3796 quod

363 3815 434 3869 ad
467 3815 632 3885 pedes
655 3818 721 3870 ".
761 3835 780 3869 ι
822 3815 937 3873 Hac
959 3818 1108 3875 enim
1140 3833 1276 3875 voce
1304 3818 1567 3884 ostendit,
1593 3833 1702 3873 non
1732 3817 1953 3875 Petrum

364 3907 567 3971 solum,
603 3908 697 3963 sed
729 3909 894 3966 etiam
954 3920 1207 3974 caeteros,
1261 3925 1500 3982 quorum
1560 3910 1749 3967 itidem
1789 3910 1956 3980 pedes

366 4007 580 4052 tantum
632 3999 871 4066 lavabat,
929 4000 1160 4059 Joannis
1224 4002 1498 4073 baptismo
1555 4016 1676 4059 esse
1716 4002 1954 4058 ablutos.

370 4088 621 4143 Salvator
648 4089 814 4161 igitur
832 4092 1164 4161 baptismum
1185 4093 1543 4164 ptenitentia,
1565 4093 1660 4163 qui
1689 4108 1720 4148 a
1746 4090 1956 4149 Joanne

368 4183 424 4236 in
455 4182 837 4239 remissionem
889 4196 1240 4256 peccatorum
1280 4186 1787 4255 administrabatur,
1820 4187 1958 4244 adeo

368 4290 477 4330 non
505 4275 808 4347 abrogavit,
845 4288 906 4334 ut
931 4278 1120 4337 addito
1149 4279 1392 4353 Spiritus
1439 4279 1623 4339 sancti
1649 4280 1795 4337 dono
1828 4295 1955 4336 eum

368 4366 681 4437 perfecerit.

490 4481 825 4551 QUASSTIO
855 4485 1093 4544 CXXVII
1136 4486 1325 4560 [Οοίδί.
1371 4487 1605 4555 CXLIX,
1645 4488 1811 4545 Taur.

1003 4578 1311 4654 CXLvnn.

369 4668 669 4740 Quomodo,
722 4674 813 4743 qui
842 4672 901 4729 in
931 4670 1202 4798 Christiani
1234 4674 1629 4799 ⁸ίέιιριὶιτωιιιιν.
1687 4675 1958 4732 Christum

1027 4761 1081 4799 ιη
1124 4761 1230 4799 uun

1027 4761 1230 4799 mauun

2044 1800 2154 1874 πρὸ
2171 1799 2266 1855 τοῦ
2298 1799 2505 1865 πάθους
2537 1797 2777 1871 Χριστοῦ
2823 1798 2884 1851 τὸ
2924 1797 3199 1853 Ἰωάννου.
3243 1796 3303 1850 '0
3336 1795 3393 1849 δὲ
3435 1794 3637 1867 Σωτὴρ

2045 1892 2152 1965 πρὸ
2181 1891 2278 1946 τοῦ
2325 1890 2535 1956 πάθους
2569 1891 2631 1945 οὐ
2662 1890 2847 1945 δίδωσι
2875 1889 3158 1962 βάπτισμα
3185 1890 3394 1959 ἕτερον,
3431 1888 3521 1941 ἴνα
3554 1888 3635 1958 μὴ

2044 1985 2182 2056 λύσῃ
2213 1984 2275 2038 τὸ
2326 1983 2576 2039 Ἰωάννου
2617 1984 2902 2056 κήρυγμα,
2944 1983 3039 2037 καὶ
3091 1981 3166 2052 δῷ
3210 1980 3467 2052 ἀφορμήν
3517 1982 3637 2042 τοῖς

2043 2077 2415 2147 ἀντιλέγουσιν
2461 2076 2761 2143 Ἰουδαίοις,
2789 2076 2873 2131 ὅτι
2910 2075 3050 2148 πρὸς
3079 2075 3237 2146 ὓϐριν
3269 2074 3365 2127 τοῦ
3418 2074 3641 2126 Βαπτι-

2047 2169 2176 2227 στοῦ
2208 2168 2339 2225 ἴδιον
2362 2169 2741 2240 ἐπεισήγαγεν
2769 2167 3075 2241 βάπτισμα.
3120 2166 3460 2239 ’Δναπληροῖ
3478 2165 3537 2218 δὲ
3571 2164 3645 2218 τδ

2044 2260 2254 2327 λεῖπον,
2288 2261 2391 2316 οὐκ
2428 2262 2487 2315 ὲν
2537 2259 2692 2315 ὕδατι
2741 2259 3041 2332 βαπτίζων,
3066 2259 3183 2315 ἀλλ’
3232 2260 3291 2313 ὲν
3324 2257 3641 2329 Πνεύματι.

2046 2353 2246 2418 Καθὼς
2276 2354 2373 2408 καὶ
2425 2353 2589 2419 αὐτός
2646 2370 2835 2425 φησιν,
2870 2371 2889 2406 ι
2940 2351 3131 2425 Ὑμεῖς
3177 2352 3235 2405 δὲ
3266 2349 3644 2423 βαπτισθήσε-

2049 2448 2144 2503 σθε
2171 2449 2233 2502 ὲν
2274 2446 2557 2519 Πνεύματι
2580 2446 2723 2516 ἁγίῳ
2749 2447 2811 2501 οὗ
2844 2444 2984 2517 μετά
3012 2444 3213 2507 πολλὰς
3242 2443 3449 2507 ταύτας
3490 2442 3643 2513 ἡμέ-

2052 2560 2175 2613 ρας,
2214 2561 2235 2595 ι
2277 2541 2520 2610 δηλονότι
2552 2540 2705 2595 δέκα.
2739 2540 2987 2595 Δίδονται
3024 2538 3082 2593 δὲ
3128 2536 3459 2610 προθεσμίαι
3498 2536 3644 2588 δέκα

2048 2635 2255 2706 ἡμέραι
2278 2634 2367 2689 διὰ
2399 2631 2711 2702 γυμνασίαν
2737 2633 2840 2703 τῆς
2865 2631 2978 2686 τῶν
3003 2629 3322 2685 ἀποστόλων
3356 2628 3630 2690 πίστεως.

2060 2728 2471 2799 Ἠσυχαζούσης
2498 2726 2603 2797 τῆς
2634 2726 2883 2798 χάριτος,
2915 2726 3013 2780 καὶ
3040 2724 3271 2796 μηδενὸς
3320 2724 3430 2777 τῶν
3457 2725 3645 2793 ἐπηγ-

2048 2820 2333 2892 γελμένων
2360 2818 2723 2891 φαινομένων,
2771 2818 3111 2889 ἐγυμνάζετο
3142 2816 3325 2869 αὐτῶν
3354 2817 3388 2886 ή
3425 2815 3645 2879 πίστις,

2052 2912 2145 2967 καὶ
2178 2914 2212 2984 ή
2243 2911 2399 2976 ἐλπὶς
2423 2911 2488 2964 τὸ
2517 2911 2845 2966 ἀδίστακτον
2878 2909 2991 2978 (89)
3023 2908 3399 2979 καρποφορεῖν
3439 2906 3646 2977 καιρὸν

2051 3004 2379 3076 ἐλάμϐανεν.
2413 3003 2505 3075 Τῷ
2529 3003 2661 3073 γοῦν
2697 3001 3063 3075 βαπτισθῆναι
3089 3001 3151 3055 ὲν
3176 2999 3458 3070 Πνεύματι
3489 2999 3653 3069 ἁγίῳ.

2051 3098 2169 3154 ἴσον
2197 3096 2315 3150 ἐστὶ
2343 3095 2404 3150 τὸ
2431 3095 2617 3150 λαϐεῖν
2643 3093 2869 3164 Πνεῦμα
2901 3092 3078 3163 ἆγιον.
3110 3088 3292 3146 Ἦσαν
3322 3090 3416 3145 οὖν
3459 3090 3645 3144 Ilvati-

2055 3207 2189 3262 ματι
2217 3189 2314 3244 καὶ
2341 3187 2495 3243 ὕδατι
2514 3187 2623 3259 πρὸ
2650 3185 2745 3241 τοῦ
2770 3184 2979 3249 πάθους
3009 3183 3399 3257 βαπτισθέντες
3429 3184 3479 3237 oi
3502 3183 3649 3237 ἀπό-
3758 3179 3767 3185 ’

2053 3282 2256 3337 στολοι.
2303 3281 2418 3337 Καὶ
2440 3277 2510 3353 ἦν
2567 3282 2630 3336 τὸ
2674 3280 2898 3351 λουτρὸν
2951 3280 3130 3334 ἐκεῖνο
3182 3279 3265 3342 είς
3293 3277 3491 3348 ἄφεσιν
3536 3276 3647 3346 μὲν

2054 3373 2361 3445 ἁμαρτιῶν,
2387 3371 2488 3427 οὐκ
2516 3372 2598 3435 είς
2619 3373 2854 3443 μετοχὴν
2881 3371 2939 3424 δὲ
2960 3369 3278 3440 [Ινεύματος
3305 3366 3487 3437 ἁγίου.
3513 3366 3647 3419 Ὀτι

2056 3460 2114 3515 δὲ
2143 3462 2270 3524 τοὺς
2303 3460 2639 3525 ἀποστόλους
2664 3462 2693 3515 ὁ
2744 3461 3000 3532 Ἰωάννης
3028 3460 3312 3523 ἐϐάπτισε,
3340 3456 3576 3527 φανερὸν
3610 3458 3651 3510 ὁ

2056 3553 2336 3623 Δεσπότης
2367 3556 2532 3621 ποιεῖ,
2569 3554 2628 3609 ὲν
2650 3552 2728 3625 τῷ
2748 3553 2929 3623 λέγειν
2952 3553 3088 3623 πρὸς
3118 3552 3209 3606 τὸν
3240 3552 3468 3621 Πέτρον,
3496 3549 3648 3604 κατά

2055 3645 2147 3700 τὸν
2190 3646 2384 3716 καιρὸν
2412 3644 2506 3700 τοῦ
2536 3646 2795 3717 νιπτῆρος
2851 3643 3180 3701 ἀνανεύοντα
3216 3642 3363 3715 (90)*
3409 3660 3430 3695 ι
3456 3642 3516 3695 ’0
3550 3641 3648 3694 λε-

2056 3736 2318 3809 λουμένος
2349 3737 2449 3791 οὐκ
2483 3737 2597 3809 ἔχει
2629 3738 2819 3809 χρείαν
2851 3736 3132 3808 νίψασθαι,
3175 3737 3227 3792 εἰ
3261 3736 3338 3807 μὴ
3372 3735 3499 3799 τοὺς
3537 3733 3644 3787 πός-

2056 3832 2173 3896 δας.
2215 3850 2235 3884 ι
2278 3830 2491 3897 Ἐδειξε
2516 3830 2627 3903 γὰρ
2649 3829 2739 3886 διὰ
2773 3830 2874 3903 τῆς
2895 3830 3081 3901 φωνῆς
3111 3829 3175 3885 οὐ
3212 3829 3375 3901 μόνον
3411 3828 3504 3882 τὸν
3532 3827 3645 3880 Πέο

2057 3940 2187 3997 τρον
2213 3923 2556 3994 λελουμένον,
2595 3922 2732 3979 ἀλλὰ
2753 3922 2852 3976 καὶ
2877 3913 3004 3987 τοὺς
3028 3922 3221 3985 ἄλλους
3248 3922 3305 3977 ιν
3327 3920 3407 3989 τῷ
3426 3919 3643 3972 νίπτειν

2058 4017 2238 4073 αὐτῶν
2290 4016 2418 4080 τοὺς
2449 4016 2618 4081 πόδας
2665 4015 2847 4087 μόνον,
2897 4014 2978 4086 τῷ
3016 4014 3113 4068 τοῦ
3154 4013 3403 4068 Ἰωάννου
3437 4010 3643 4083 βαπτί-

2061 4125 2254 4179 σματι.
2302 4107 2363 4163 '0
2408 4107 2602 4181 Σωτὴρ
2636 4106 2731 4161 οὖν
2758 4106 2822 4161 τὸ
2856 4108 2957 4178 μὲν
2997 4106 3283 4179 βάπτισμα
3319 4105 3422 4175 τῆς
3468 4120 3646 4172 μετα-

2058 4200 2210 4262 νοίας
2238 4198 2336 4254 καὶ⁵
2360 4201 2442 4264 είς
2463 4200 2657 4270 ἄφεσιν
2696 4198 2986 4271 ἁμαρτιῶν
3011 4198 3339 4269 τελούμενον
3365 4195 3519 4268 παρά
3544 4193 3644 4249 τοῦ

2070 4294 2323 4349 Ἰωάννου
2354 4294 2455 4347 οὐκ
2478 4292 2769 4364 ήθέτησεν,
2793 4291 2933 4348 ἀλλὰ
2955 4291 3054 4346 καὶ
3070 4290 3357 4346 ἐτελείωσε
3380 4288 3643 4361 προσθεὶς

1988 4409 2034 4465 ι)
2062 4388 2129 4456 τῇ
2160 4384 2254 4439 τοῦ
2282 4383 2550 4452 παναγίου
2575 4383 2896 4455 Πνεῦματος
2921 4385 3124 4461 δωρεᾷ.

2594 4499 2932 4553 ΕΡΩΤΗΣΙΣ
2958 4500 3136 4553 PKZ’.

2069 4674 2203 4742 Πῶς
2249 4677 2304 4729 οι
2349 4677 2439 4741 είς
2483 4672 3202 4799 Χριστὸνδβαπτιζόμενοι
3249 4669 3508 4742 Χριστὸν
3544 4669 3640 4724 ὲν-

2770 4761 2975 4799 υονται
2999 4761 3018 4799 :

2770 4761 2975 4799 υονται
2999 4761 3018 4811 ;

1056 4886 1310 4939 Editarum
1328 4901 1358 4937 a
1382 4886 1562 4938 Wolﬁo
1578 4887 1869 4937 duodecima
1891 4888 1967 4950 (p.
1989 4886 2099 4947 757,
2126 4885 2235 4936 738.
2262 4883 2485 4937 Galland.
2518 4884 2629 4946 724,
2656 4883 2767 4946 725,
2790 4896 2839 4933 n.
2864 4884 2970 4947 28).

443 4998 499 5053 Si
529 4999 767 5068 Spiritus
798 5015 907 5057 non
946 5012 1031 5058 est
1055 5002 1226 5067 Deus,
1262 5003 1307 5059 si
1345 5018 1454 5058 non
1497 5011 1581 5059 est
1611 5003 1811 5059 divina:
1831 5019 1957 5076 gra-

372 5094 461 5147 tiae
496 5090 641 5158 fons,
695 5093 975 5164 quomodo
1021 5095 1098 5152 illi
1138 5096 1234 5167 qui
1271 5092 1552 5153 Christum
1592 5098 1840 5155 divinum
1872 5098 1958 5153 in-

372 5183 694 5239 dumentum
722 5186 1044 5252 induerunt,
1076 5189 1305 5260 vulgare
1342 5189 1477 5246 illud
1519 5190 1755 5262 Spiritus
1781 5191 1957 5248 sancti

372 5274 654 5332 induunt?
685 5275 744 5333 Si
780 5280 955 5345 enim,
988 5290 1264 5351 quotquot
1294 5280 1349 5336 in
1382 5282 1664 5340 Christum
1695 5283 1957 5354 baptizati

445 5456 493 5489 ³⁵
522 5454 645 5511 Act.
680 5471 720 5523 ι,
759 5456 812 5511 5.
948 5458 994 5490 “
1023 5455 1185 5513 Joan.
1214 5474 1333 5527 xm,
1391 5459 1476 5515 10.

2138 5002 2202 5056 El
2240 5000 2317 5072 μὴ
2348 5000 2483 5065 Θεὸς
2517 4998 2580 5053 τὸ
2606 4998 2856 5069 Πνεῦμα,
2886 4999 2936 5051 εί
2970 4996 3044 5070 μὴ
3064 4996 3252 5067 θεῖκῆς
3280 4995 3505 5066 χάριτος
3540 5010 3641 5063 πη·

2067 5095 2161 5165 γὴ,
2196 5094 2313 5158 πῶς
2340 5095 2391 5148 οί
2424 5094 2605 5147 θεῖκὺν
2636 5090 2840 5163 ἔνδυμα
2880 5091 2972 5146 τὸν
3019 5089 3256 5161 Χριστὸν
3296 5087 3643 5156 ἐνδυσάμενοι

2068 5187 2338 5243 ἰδιωτικὸν
2386 5186 2448 5242 τὸ
2488 5185 2582 5241 τοῦ
2628 5184 2951 5255 Πνεύματος
3003 5184 3395 5247 ὲπενδύονται;
3428 5182 3490 5234 Et
3515 5178 3641 5248 γὰρ,

2065 5281 2181 5335 ὅσοι
2222 5282 2300 5345 είς
2316 5280 2554 5353 Χριστὸν
2584 5278 3019 5351 ἐϐαπτίσθησαν,
3043 5277 3278 5349 Χριστὸν
3301 5275 3641 5337 ὲνεδύσανττ,

1892 5550 2126 5609 NOTAE.

1892 5551 1949 5608 Nl

471 5639 559 5715 89)
590 5639 682 5715 Sic
708 5640 1009 5715 scribo‘pro
1037 5642 1419 5715 ἀδιάστακτον.
1453 5639 1647 5699 Nostra
1680 5644 1771 5700 illa
1796 5659 1927 5701 voce

2056 5552 2126 5609 Ε.

2056 5645 2191 5700 otius
2215 5643 2383 5710 infra,
2422 5660 2565 5715 resp.
2599 5642 2719 5713 154,
2751 5651 2804 5700 ct
2835 5642 2997 5713 alias,
3021 5643 3213 5699 utitur.

471 5639 561 5779 89;
590 5639 682 5696 Sic
708 5640 889 5695 scribo
912 5655 1009 5710 pro
1037 5642 1419 5696 ἁδιάστακτον.
1453 5639 1528 5696 No

471 5709 539 5767 90
594 5710 671 5769 Ita
706 5712 995 5782 legendum
1026 5728 1127 5784 pro
1152 5712 1528 5778 ἀνανεύοντος.
