3880 6206
103 309 208 373 ’ΤΞΙ

925 306 1025 374 AD
1063 310 1665 372 AMPHIIDCIIIU‘M
1695 305 2047 380 QUIESTIO
2075 304 2595 367 CXXVI-CXXIX;

3304 305 3412 370 722

108 430 261 500 λέγει
284 429 340 484 δὲ
379 431 408 483 6
456 428 670 500 Σωτὴρ,
706 446 725 480 ι
765 428 1002 484 Μείνατε
1045 430 1104 482 ἐν
1129 428 1502 500 .ἰερουσαλὴμ
1540 428 1705 482 ὲπελ-
1737 459 1744 488 Α

1851 432 1956 487 ιιιι,
2010 424 2293 480 Christum
2351 422 2694 488 induerunt;
2732 421 2999 477 Dominus
3063 436 3192 478 vero
3224 436 3414 479 noster

109 524 300 586 θὸντος
349 520 443 577 τοῦ
493 522 654 590 ἁγίου
696 520 1015 592 Πνεύματος
1058 519 1148 589 ἐφ’
1183 521 1329 590 ὑμᾶς
1354 560 1369 585 ,
1411 539 1429 572 ι
1483 521 1602 583 πῶς
1644 523 1702 574 ὲν

1851 518 1987 573 isit:
2037 536 2056 569 ι
2095 515 2306 572 Manete
2358 513 2791 586 Hierosolymis,
2851 515 3028 571 donec
3098 532 3267 586 super
3314 534 3413 574 vos

108 613 193 683 τῷ
224 612 401 685 καιρῷ
426 611 521 665 τιδῦ
552 611 887 665 Δεσποτικοῦ
917 608 1218 681 ἐνδύματος
1254 610 1502 664 δουλικὸν
1523 611 1704 664 ἐνδυό-

118 705 295 775 μεθα;
344 702 510 757 Ἀλλά
544 702 705 774 δῆλον
734 705 845 775 ἀρα
864 704 1129 773 ἑκάτερον
1159 702 1367 771 ἔνδυμα
1414 706 1703 776 ὁμότιμον,

114 795 216 847 καὶ
248 794 381 865 μίαν
411 794 509 847 καὶ
536 794 637 864 τὴν
664 793 837 866 αὐτὴν
864 793 965 863 τῆς
994 792 1323 863 εὐεργεσίας
1354 795 1448 846 καὶ
1478 794 1706 866 χάριτος

115 886 458 956 παρίστησιν
493 885 835 940 αύθεντείαν.
891 885 1142 957 Ἔνδυμα
1197 886 1342 940 δὲτὸ
1385 885 1613 956 Πνεῦμα
1649 885 1710 939 τὸ

115 976 278 1045 ᾇγιον
297 978 521 1045 λέγεται
550 976 660 1031 τῶν
688 977 923 1043 πιστῶν,
952 979 1051 1050 οὐχ
1094 980 1170 1044 ὠς
1204 978 1442 1051 ἱμάτιον,
1490 977 1607 1031 ἀλλ’
1634 976 1712 1041 ὡς

117 1070 367 1125 ἐνδύεται
397 1069 622 1142 σίδηρος
644 1069 706 1123 τὸ
735 1068 850 1145 πῦρ
874 1085 889 1101 ο
926 1071 1028 1126 ούκ
1073 1071 1276 1137 ἔξωθεν
1308 1069 1712 1141 περιϐαλλόμε-

116 1181 235 1229 νος,
265 1163 381 1217 ἀλλ’
415 1163 535 1227 ὅλος
556 1163 627 1216 δι’
659 1164 805 1219 ὅλου.
834 1162 994 1217 Οὕτω
1038 1164 1149 1236 γὰρ
1205 1164 1303 1219 καὶ
1339 1164 1433 1217 τὸν
1475 1163 1711 1234 Χριστὸν

118 1256 182 1309 τὸ
211 1255 481 1326 πανάγιον
502 1252 728 1327 Πνεῦμα
752 1256 851 1326 οὐχ
867 1256 943 1319 ὡς
966 1257 981 1308 ί
990 1257 1213 1327 μάτιον,
1240 1257 1441 1324 ἔξωθεν
1466 1254 1710 1326 περικείο

124 1365 315 1418 μενον,
346 1347 811 1419 περιδαλλὸμεθα,
843 1348 959 1402 ἀλλ’
981 1349 1058 1413 ὡς
1078 1349 1179 1421 τὴν
1207 1348 1437 1419 καρδίαν
1462 1347 1558 1401 καὶ
1585 1348 1717 1409 τοὺς

120 1441 423 1512 λογισμοὺς
453 1439 827 1511 πληρούμενοί
855 1458 916 1494 τε
969 1440 1148 1510 φωτὸς
1179 1442 1276 1494 xal.
1318 1440 1380 1492 τὸ
1422 1441 1719 1511 πρόσωπον

126 1532 374 1606 χάριτος.
403 1533 496 1587 Διὸ
531 1534 625 1588 καὶ
651 1532 994 1598 ἀτενίζοντες
1044 1535 1125 1597 είς
1166 1533 1228 1587 τὸ
1273 1535 1568 1605 πρόσωπον
1591 1533 1722 1586 Στε-

129 1628 304 1697 φάνου
335 1626 386 1679 οἱ
410 1626 844 1698 ἐπανιστάμενοι
868 1621 1009 1680 εἶδον
1036 1625 1098 1679 τὸ
1122 1625 1416 1697 πρόσωπον
1445 1624 1607 1680 αὐτοῦ
1644 1625 1723 1690 ὡς

132 1720 429 1790 πρόσωπον
460 1718 719 1790 ἀγγέλου.

647 1987 988 2044 ΕΡΩΤΗΣΙΣ
1039 1978 1223 2045 PKH'.

136 2084 202 2148 Τί
232 2082 539 2139 καλοῦσιν
568 2082 622 2138 οὶ
652 2078 1339 2224 ἇγσηξδῗέυέτιῐριὕλριίουςξ
1376 2078 1520 2147 τοὺς
1572 2079 1728 2134 ἀπο-

1806 611 1990 667 veniat
2021 609 2263 681 Spiritus
2289 620 2517 665 sanctus
2539 610 2583 641 ’⁷
2617 624 2631 661 :
2672 627 2692 662 ι
2730 610 3014 679 quomodo
3044 625 3111 664 eo
3142 619 3411 681 tempore,

1806 720 1919 773 quo
1978 702 2270 758 Dominmn
2329 701 2505 757 instar
2554 701 2726 758 veStis
2791 702 3097 768 induimus,
3158 705 3413 757 servilem

1810 795 2048 866 aliquam
2077 794 2323 862 recipere
2350 792 2694 862 possumus?
2723 791 2803 846 Ex
2854 794 2939 849 bis
2965 794 3156 863 itaque
3187 807 3416 864 apparet

1812 896 2111 957 utrumque
2161 886 2555 941 vestimentum
2605 883 2851 954 ejusdem
2889 885 3047 954 pretii
3089 900 3233 948 esse,
3272 901 3418 939 eam-

1814 982 2050 1050 demque
2071 986 2126 1034 et
2156 978 2535 1032 beneﬁcentia:
2556 990 2607 1032 et
2632 978 2820 1046 gratiae
2846 977 3167 1047 dignitatem
3190 979 3413 1035 afferre.

1820 1072 2062 1143 Spiritus
2089 1087 2220 1126 vero
2256 1080 2483 1127 sanctus
2523 1070 2900 1125 indumentum
2943 1072 3290 1126 credentium
3322 1090 3419 1140 ap-

1816 1167 2074 1236 pellatur,
2132 1179 2265 1229 non,
2328 1163 2479 1230 quod
2535 1164 2708 1219 instar
2766 1166 2935 1222 vestis
2963 1165 3055 1230 sit,
3097 1167 3192 1221 sed
3235 1167 3329 1227 ita.
3362 1180 3421 1222 ut

1818 1258 2026 1313 ferrum
2069 1258 2251 1328 ignem
2302 1254 2523 1323 induit;
2574 1272 2705 1325 non,
2754 1260 2897 1329 quod
2946 1262 3290 1317 extrinsecus
3316 1263 3423 1316 eir-

1819 1351 2191 1421 cumjiciatur,
2225 1351 2319 1407 sed
2364 1352 2513 1419 quod
2568 1363 2718 1408 totus
2790 1361 2963 1407 totum
3014 1354 3297 1423 pervadat.
3340 1354 3419 1408 lta

1820 1442 1968 1500 enim
2013 1451 2067 1498 et
2123 1442 2428 1510 Christum,
2467 1442 2885 1499 sanctissimum
2925 1442 3080 1497 illum
3130 1442 3420 1513 Spiritum,

1822 1551 1934 1592 non
1972 1537 2149 1591 instar
2177 1537 2368 1602 vestis,
2423 1537 2770 1593 extrinsecus
2819 1536 3055 1607 injectm,
3114 1537 3420 1602 induimus,

1824 1625 1921 1682 sed
1988 1634 2047 1681 ut
2100 1626 2259 1694 tales,
2322 1628 2416 1699 qui
2476 1628 2624 1697 quod
2682 1643 2747 1683 ae
2780 1642 2880 1683 cor
2924 1638 2979 1683 et
3005 1629 3252 1683 animum
3283 1630 3422 1692 luce,

1825 1718 1971 1789 quod
1997 1719 2064 1774 ad
2092 1720 2305 1775 vultum
2337 1735 2467 1775 vero
2490 1720 2668 1791 gratia
2724 1720 3077 1790 impleantur.
3131 1722 3427 1792 Propterea

1754 1798 1799 1853 Β
1828 1820 1881 1869 ct
1910 1812 2210 1867 adversarii
2241 1813 2343 1877 illi,
2377 1812 2473 1883 qui
2508 1813 2771 1883 Stephani
2796 1813 3008 1868 vultum
3041 1813 3418 1875 intuebantur.

1832 1902 2025 1959 [aciem
2056 1904 2176 1971 ejus
2206 1912 2267 1960 ut
2297 1904 2493 1959 faciem
2527 1905 2705 1975 angeli
2737 1906 3159 1975 conspiciebant
3179 1907 3249 1960 ’⁸.

1904 1993 2240 2061 ρυιεΕδτιο
2269 1994 2541 2051 CXXVIII
2585 1996 2779 2069 [CoisL
2828 1996 2937 2062 CL,
2975 1996 3140 2051 Taur.
3169 1995 3430 2071 CXLIX].

2018 2084 2199 2153 Quare
2224 2088 2400 2156 angeli
2434 2086 2705 2157 apostolos
2734 2084 2990 2142 Galilazas
3023 2088 3256 2141 vocant?

530 2271 786 2323 Editarum
810 2285 839 2320 a
858 2270 1038 2321 Wolfio
1058 2270 1249 2321 decima
1276 2270 1423 2321 tertia
1447 2270 1518 2334 (p.
1541 2270 1654 2337 758,
1680 2270 1787 2322 759.
1811 2272 2062 2336 Galland.,
2084 2288 2134 2337 p.
2156 2273 2268 2335 725,
2291 2287 2340 2323 ιι.
2363 2273 2466 2337 29).
2497 2300 2552 2312 -—
2572 2272 2631 2324 In
2652 2273 2775 2325 Acta
2797 2289 2831 2335 ι,
2856 2272 2937 2334 It),
2963 2274 3041 2325 II.

212 2401 232 2434 ι
256 2382 372 2435 Kal.
395 2376 734 2441 ἀτενίζοντες
760 2371 905 2444 ἦσαν
934 2375 1013 2437 είς
1029 2375 1122 2429 τὸν
1143 2375 1375 2447 οὐρανὸν
1412 2374 1719 2445 πορευομέ-

134 2490 230 2529 νου
261 2469 454 2524 αύτοῦ.
490 2488 509 2520 ι
533 2466 761 2531 Οὐκέτι,
792 2465 1729 2539 φησὶνξάναλαμὸανομένου,λέγει,

136 2567 309 2628 arma,
340 2562 738 2633 πορευομένου.
777 2562 891 2616 Kal
914 2562 1022 2632 γὰρ
1064 2564 1129 2633 τῇ
1164 2561 1332 2633 σαρκὶ
1365 2562 1464 2630 μὲν
1497 2561 1608 2629 (9'2)
1637 2561 1735 2613 ἀναν

138 2661 378 2733 ελὴφθη,
402 2662 467 2728 τῇ
504 2657 795 2728 αὑθεντείᾳ
848 2656 906 2709 δὲ
957 2654 1272 2724 ἐπορεύετο.
1312 2653 1635 2717 Γαλιλαίους
1676 2652 1735 2706 δὲ

140 2753 377 2809 καλοῦσι
428 2751 556 2815 τοὺς
597 2748 848 2823 μαθητὰς
888 2748 939 2803 οι
978 2747 1205 2817 ἄγγελοι
1246 2746 1606 2817 σεμνύνοντες
1641 2746 1738 2799 αύ-

140 2847 267 2910 τούς
290 2860 307 2875 ο
331 2843 608 2899 Γαλιλαῖοι
653 2842 760 2912 γὰρ
786 2843 842 2896 οἱ
866 2840 1434 2910 ἀποκεκαλυμμένοι
1484 2838 1598 2910 (9'6)
1644 2854 1740 2910 ση-

148 2938 357 3009 μαίνει.
395 2935 506 2989 Καὶ
541 2934 651 3005 γὰρ
683 2934 781 2988 καὶ
820 2932 1041 3005 πρῶτον
1095 2934 1322 3002 σημεῖον
1357 2932 1415 2983 ὲν
1448 2931 1608 3003 Κανᾷ
1639 2930 1740 3000 τῆς

1906 2397 1925 2430 ι
1957 2377 2035 2431 Et.
2087 2378 2361 2434 intuentes
2403 2386 2562 2433 erant
2609 2379 2665 2433 in
2726 2378 2953 2443 caelum,
3012 2393 3079 2434 eo
3109 2379 3367 2434 abeunte.
3411 2396 3431 2431 ι

1830 2469 1950 2526 Non
2005 2470 2145 2541 jam,
2205 2472 2402 2542 inquit,
2458 2471 2670 2526 sublato
2729 2487 2810 2535 eo,
2861 2471 3018 2538 dicit,
3052 2473 3146 2528 sed
3178 2473 3429 2528 abeunte.

1832 2564 1970 2623 Nam
2004 2564 2152 2634 quod
2192 2565 2259 2619 ad
2289 2581 2491 2633 corpus
2516 2582 2729 2620 sursum
2764 2565 3071 2631 tollebatur,
3090 2582 3156 2621 ex
3182 2584 3282 2621 sua
3310 2584 3438 2621 vero

1836 2664 2109 2727 potestate
2137 2654 2343 2710 abibat.
2374 2655 2632 2711 Galilaeos
2664 2671 2791 2711 vero
2820 2657 2998 2728 angeli
3026 2658 3304 2728 apostolos
3336 2659 3443 2713 hu-

1846 2748 1998 2803 noris
2021 2762 2189 2803 causa
2223 2749 2520 2818 appellant.
2556 2747 2671 2804 Vox
2707 2749 2857 2803 enim
2920 2748 3140 2804 Galilwi
3192 2752 3445 2805 homines

1844 2838 2178 2893 rcvelatione
2232 2838 2527 2893 instructos
2577 2842 2821 2894 denotat.
2883 2838 3019 2894 Nam
3092 2850 3146 2895 et
3204 2843 3445 2911 primum

1843 2930 2172 2984 miraculum
2200 2928 2468 2985 Dominus
2500 2931 2665 2985 Canae
2701 2932 2755 2986 in
2789 2930 3010 2987 Galilara
3034 2932 3224 2997 edidit,
3260 2933 3449 3003 ibique

146 3028 446 3091 Γαλιλαίας
474 3027 733 3098 ἐποίησεν
759 3026 788 3078 6
814 3024 1072 3096 Χριστὸς,
1128 3024 1224 3078 καὶ
1260 3023 1381 3076 ἐκεῖ
1421 3023 1739 3094 ὲφανέρωσε

1851 3020 2073 3093 gloriam
2108 3036 2262 3076 suam
2296 3021 2665 3077 manifestavit
2689 3032 2744 3077 et
2787 3024 3137 3079 revelavit".
3168 3023 3433 3095 Propter—

150 3122 247 3176 καὶ
275 3118 601 3191 ἀπεκάλυψε
623 3092 731 3189 ’τὴν
772 3092 932 3183 δόξαν
963 3114 1152 3170 αὑτοῦ.
1183 3115 1376 3168 Ἔνθεν
1418 3113 1517 3169 καὶ
1546 3092 1739 3185 61:90-

1851 3130 1911 3170 ea
1966 3115 2137 3170 etiam
2183 3115 2362 3171 Isaias
2392 3116 2661 3185 propheta
2699 3117 2832 3170 olim
2871 3116 3131 3171 clamavit
3164 3135 3178 3172 :
3223 3136 3242 3170 |
3288 3117 3451 3172 Luxit

151 3214 331 3286 φήτης
347 3214 571 3274 Ἡσαΐας
593 3209 957 3283 προανακριίιζ⁹
962 3226 1011 3262 ει
1030 3226 1044 3240 ·
1074 3228 1093 3261 ι
1116 3208 1449 3277 Ἐπένθησεν
1464 3209 1499 3279 ἡ
1529 3207 1623 3277 γῆ,
1643 3208 1742 3278 ᾐσ-

156 3307 366 3379 σχύνθη
396 3309 423 3360 6
446 3305 681 3369 Λίϐανος
701 3321 714 3335 ·
748 3303 847 3375 ἕλη
872 3303 1091 3372 ἐγένετο
1116 3304 1145 3357 6
1187 3301 1493 3374 Ἀσσαρών.
1523 3301 1745 3372 Φανερά

157 3397 317 3450 ἔσται
346 3397 380 3466 ἡ
415 3393 683 3449 Γαλιλαία
707 3394 805 3448 καὶ
857 3393 884 3445 ὁ
915 3390 1215 3462 Κάρμηλος
1238 3391 1373 3461 (94).
1420 3410 1438 3442 ι
1477 3389 1747 3445 Ἐνταῦθα

159 3493 240 3545 δεῖ
271 3488 639 3556 ὑποταγῆναι,
675 3504 695 3539 ι
721 3486 787 3538 Τί
826 3484 1100 3554 ἑστήκατε
1138 3481 1544 3552 ὲμ6λέποντες;
1580 3500 1598 3533 ι
1636 3482 1750 3536 Kal.

163 3586 190 3636 ὁ
220 3584 323 3655 μὲν
369 3581 557 3644 Ἠλίας
597 3580 673 3643 ὼς
720 3578 909 3642 δοῦλος
960 3578 1041 3641 εἰς
1066 3575 1201 3645 ὕψος
1226 3576 1414 3647 ἀέριον
1443 3574 1749 3647 ἀνελήφθη,

167 3675 265 3726 οὐκ
295 3674 377 3736 είς
404 3672 497 3725 τὸν
527 3669 759 3743 οὐρανόν
784 3667 932 3741 (95)·
963 3667 992 3719 6
1017 3665 1074 3720 δὲ
1119 3666 1399 3736 Δεσπότης
1438 3664 1515 3728 ὡς
1546 3664 1755 3734 Κύριος

169 3767 409 3832 πάντων,
438 3764 537 3835 οὐχ
563 3763 644 3830 ὡς
671 3763 753 3827 είς
778 3760 872 3815 τὸν
894 3758 1126 3830 οὐρανόν
1145 3758 1283 3831 [ἀλλ’
1304 3759 1385 3822 είς
1407 3757 1500 3812 τὸν
1528 3755 1756 3828 οὐρανὸν

170 3853 434 3927 ἀληθῶς.]
476 3853 585 3908 Kal.
623 3852 812 3925 τρίτον
849 3850 909 3905 δὲ
946 3847 1373 3920 ἐπισημαίνεται
1411 3848 1473 3902 τὸ
1524 3845 1759 3919 πορεύει,

177 3952 322 4013 σθαι,
342 3950 375 4021 ἢ
399 3945 885 4019 ἀναλαμϐάνεσθαι
905 3945 999 3999 τὸν
1020 3943 1301 4012 Δεσπότην
1328 3941 1408 4004 είς
1425 3940 1516 3994 τὸν
1531 3938 1762 4011 οὐρανὸν

177 4046 242 4113 τῇ
260 4041 463 4113 τριπλῇ
483 4040 579 4094 τοῦ
600 4041 849 4112 ῥήματος
872 4037 1111 4107 ὲπιφορᾷ
1128 4034 1189 4088 τὸ
1206 4032 1424 4105 βέϐαιόν
1439 4050 1498 4086 τε
1517 4032 1611 4087 καὶ
1631 4032 1766 4102 ἀλη-

180 4133 268 4195 θὲς
312 4133 406 4186 καὶ
459 4132 898 4202 ἁφαντασίαστον
925 4126 1230 4201 παριστῶν.
1272 4126 1496 4196 ’ἰδίωμα
1528 4124 1638 4196 γὰρ
1670 4125 1768 4179 καὶ

184 4222 527 4295 βεϐαιώσεώς
549 4242 609 4278 τε
640 4224 734 4283 καὶ
758 4222 1061 4293 ἀσφαλείας
1086 4221 1147 4276 τὸ
1174 4218 1418 4275 τοιοῦτον
1451 4217 1640 4289 σχῆμα
1671 4214 1767 4270 τοῦ

182 4317 341 4388 λόγου
386 4318 421 4390 ἡ
450 4317 572 4390 ἱερά
594 4316 753 4387 ἡμῶν
784 4311 924 4369 οῐδεν
953 4315 1168 4386 Γραφή.

696 4431 1033 4489 ΕΡΩΊῊΣΙΣ
1066 4430 1243 4485 PKO’.

200 4532 371 4601 Τίνος
400 4532 437 4599 ἡ
471 4530 695 4601 ascribo
759 4528 1056 4664 ἐστιν
1075 4522 1257 4591 οὗτος
1277 4526 1310 4580 ό
1327 4522 1636 4591 ,ϐασιλεὺς
1650 4521 1768 4593 τῆς

913 4616 985 4664 ης
1007 4613 1027 4663 ἰ
1074 4616 1092 4649 ³

913 4613 1027 4666 ης;
1074 4616 1092 4649 ³

1846 3217 1993 3262 terra
2036 3224 2050 3261 :
2112 3206 2441 3276 pudefactus
2494 3216 2578 3262 est
2638 3206 2885 3262 Libanus
2920 3226 2933 3262 :
2967 3209 3245 3266 desertum
3277 3212 3457 3277 evasti

1850 3299 2070 3355 Saruu:
2120 3298 2352 3354 illustris
2396 3299 2503 3354 erit
2555 3298 2776 3354 Galilma
2826 3310 2881 3355 et
2932 3301 3241 3359 Carmelus.
3286 3324 3304 3355 ι
3340 3304 3456 3361 Hoc

1848 3393 1971 3448 loco
2025 3406 2189 3462 porro
2250 3392 2447 3461 subjici
2479 3391 2645 3448 debet
2678 3393 2812 3447 illud
2849 3412 2861 3448 :
2903 3414 2921 3447 ι
2959 3395 3105 3461 Quid
3138 3397 3296 3453 Statis
3331 3415 3456 3468 spe-

1851 3483 2100 3540 ctantes?
2138 3501 2157 3535 ›
2223 3482 2370 3537 Elias
2421 3484 2687 3553 quidem,
2747 3491 2806 3537 ut
2856 3500 3072 3552 servus,
3140 3488 3195 3542 in
3268 3504 3456 3546 aerem

1854 3578 2028 3633 altum
2063 3575 2378 3639 tollebatur,
2421 3591 2529 3629 non
2567 3576 2623 3629 in
2664 3576 2887 3641 coelum,
2926 3576 3019 3632 sed
3052 3580 3208 3649 quasi
3245 3581 3299 3635 in
3333 3597 3457 3638 cceq

1858 3667 2301 3738 lum;Dominus
2348 3681 2478 3722 vero
2513 3674 2721 3735 noster,
2768 3679 2829 3723 ut
2878 3667 3145 3726 Dominus
3181 3673 3459 3741 omnium,

1861 3779 1971 3821 non
2013 3763 2311 3820 tollebatur
2333 3762 2487 3833 quasi
2516 3763 2571 3817 iu
2594 3762 2817 3830 crelum,
2846 3764 2942 3819 sed
2973 3764 3027 3819 in
3060 3766 3264 3821 cmlum
3305 3782 3455 3825 vere.

1861 3856 2066 3914 Tribus
2096 3871 2261 3928 porro
2286 3856 2501 3911 vicibus
2528 3870 2625 3925 per
2651 3855 2885 3926 triplicis
2913 3856 3065 3913 verbi
3108 3874 3268 3913 usum
3305 3858 3455 3912 indi-

1863 3962 2038 4017 catur,
2076 3950 2372 4006 Dominum
2405 3949 2460 4002 in
2489 3949 2690 4005 etelnm
2724 3948 3030 4019 profectum
3062 3951 3146 4005 vel
3178 3951 3465 4007 sublatum

1865 4058 2009 4111 esse,
2059 4051 2119 4098 ut
2163 4043 2244 4099 sic
2281 4042 2635 4113 intelligatur,
2692 4053 2839 4098 certe
2899 4052 2954 4097 et
3002 4059 3133 4097 vero
3167 4044 3218 4098 id
3253 4042 3469 4099 factum.

1867 4148 2011 4197 esse,
2036 4149 2135 4189 nec
2164 4132 2217 4187 id
2246 4134 2503 4202 opinione
2540 4133 2777 4202 quadam
2822 4132 3052 4188 absolvi.
3083 4132 3249 4187 Sacra
3306 4150 3451 4187 enuu

1873 4223 2153 4292 Scriptura
2189 4224 2290 4278 bac
2320 4224 2577 4294 loquendi
2606 4226 2820 4278 ratione
2860 4224 2928 4279 ad
2963 4224 3123 4278 ﬁdem
3152 4226 3229 4277 rei
3260 4223 3473 4278 faeien-_

1873 4319 1999 4375 dam
2039 4317 2117 4374 uti
2144 4320 2449 4373 consuevit.

1804 4439 1852 4497 D
2006 4430 2337 4500 ΟυΑΞδΤιΟ
2366 4428 2604 4486 CXXIX.
2637 4428 2824 4501 [CoisL
2857 4427 2989 4494 CLI,
3019 4428 3181 4483 Taur.
3215 4428 3350 4499 CL]

1876 4526 2175 4595 Cujusuam
2202 4524 2315 4578 haec
2344 4538 2443 4578 v0.1:
2485 4538 2504 4575 :
2562 4540 2597 4574 ι.
2633 4522 2764 4589 Quis
2791 4529 2870 4575 est
2908 4521 3005 4574 iste
3036 4535 3127 4573 rea:
3167 4520 3401 4591 gloriw?
3446 4537 3466 4570 ι

683 4714 827 4767 Edita
850 4728 879 4764 a
908 4712 1036 4764 Maio
1057 4715 1206 4776 (Nov.
1228 4712 1343 4763 coll.
1369 4715 1407 4762 t.
1441 4710 1525 4772 IX,
1550 4725 1597 4773 p.
1618 4707 1850 4765 99).—In
1877 4707 2057 4760 Psalm.
2084 4720 2221 4767 χχιιι,
2246 4708 2276 4756 8
2310 4706 2418 4771 (Gr.
2447 4711 2501 4755 et
2522 4704 2673 4755 Hebr.
2715 4706 2797 4755 Ps.
2822 4704 2981 4767 xxiv).

263 4803 475 4874 ’Ὠσπερ
506 4802 539 4873 ἡ
570 4801 645 4871 γῆ
676 4799 994 4871 θεασαμένη
1033 4798 1125 4852 τὸν
1158 4796 1364 4867 Κύριον
1418 4795 1517 4848 καὶ
1547 4794 1777 4865 Σωτῆρα

197 4896 423 4969 δύναμιν
461 4896 653 4970 ἔχοντα
684 4893 870 4964 θεῖκην
899 4892 995 4947 καὶ
1022 4890 1387 4944 ἐπιτάσσοντα
1414 4891 1529 4950 τοῖς
1555 4888 1781 4957 ἀνέμοις

1956 4792 2433 4860 Quemadmodum
2470 4799 2637 4856 terra,
2673 4788 2790 4843 viso
2825 4788 3057 4841 Domino
3100 4793 3154 4839 et
3184 4782 3472 4838 Salvatorc

1888 4888 2072 4944 divina
2103 4886 2373 4957 gaudente
2406 4884 2674 4954 potentia,
2712 4881 3075 4950 ventibusque
3109 4888 3163 4933 et
3196 4878 3335 4932 mari
3371 4878 3477 4931 imo

200 4993 292 5045 καὶ
318 4994 385 5062 τῇ
420 4988 689 5061 θαλάσσῃ,
724 4984 1041 5058 ξενιζομένη
1063 4983 1239 5053 ἔλεγε·
1278 4983 1403 5047 «Τίς
1438 4984 1589 5035 ἐστιν
1626 4972 1744 5034 οὗτο

1893 4982 2131 5054 perauti,
2163 4980 2395 5037 attonita
2424 4978 2678 5034 dicebat:
2717 4975 2881 5042 «Quis
2920 4982 3003 5029 est
3027 4972 3139 5036 hic,
3169 4972 3299 5041 quia
3331 4979 3477 5024 venti

293 5107 338 5139 ’⁷
395 5107 517 5163 Act.
551 5120 592 5171 ι,
622 5105 679 5160 4.
753 5102 801 5137 ⁸⁸
828 5102 953 5159 Act.
988 5117 1064 5169 vr,
1094 5099 1180 5155 15.
1258 5100 1305 5131 ⁸⁵
1327 5096 1490 5154 Joan.
1519 5112 1580 5163 ιι,
1624 5095 1716 5149 II.

1744 5186 1979 5245 NOTAE.

277 5293 388 5364 (9|)
420 5292 540 5347 Aet.
575 5308 616 5358 ι,
651 5288 817 5364 1!.In
848 5289 1005 5364 Colb:
1040 5289 1157 5343 lucc
1188 5286 1421 5364 quzestio
1464 5284 1538 5338 ita
1583 5297 1785 5364 prope:

1887 5301 2063 5356 nuper
2101 5284 2396 5356 admodum
2423 5278 2850 5356 JoaAlbe‘rt‘ins,
2884 5277 2965 5330 vir
3009 5272 3392 5356 doctissimus,
3428 5266 3484 5321 in

212 5342 394 5436 ιιιίιῖιῦ
563 5342 616 5436 τί
656 5342 1149 5436 ὲῐγέέζτέορέύομᾳι
1208 5342 1336 5436 (leg.
1364 5342 1744 5436 ’πορευομενοι

1891 5342 2071 5436 lucent
2112 5355 2359 5436 protulit,
2402 5354 2575 5436 μηδι.
2597 5349 2862 5436 Γαλιλαία
2885 5362 2981 5419 per
2998 5342 3346 5413 ἀποκάλυψιν
3380 5356 3482 5396 ex—

216 5434 396 5498 αὐτοῦ,
429 5435 523 5488 καὶ
551 5433 674 5497 οὐκ,
701 5428 1221 5501 ἀναλαμϐανομένου
1249 5428 1504 5501 ;Ueinde_
1539 5428 1595 5501 in
1640 5442 1790 5479 mar-

218 5508 337 5570 gnte
368 5497 689 5561 Scribuntur
749 5497 959 5571 reliqua
1006 5520 1021 5558 :
1056 5497 1168 5556 Kal.
1193 5500 1286 5553 διὰ
1314 5499 1366 5552 τί
1417 5497 1699 5563 καλοῦσιν,
1734 5513 1789 5551 κ.

230 5574 391 5713 “352)
426 5644 517 5700 Sic
546 5645 728 5701 scribo
756 5660 855 5715 pro
882 5644 977 5714 μή.

287 5692 396 5785 ξθόδ
437 5717 512 5771 Ita
549 5692 1171 5785 scilicct'voxrl‘alaiaiet
1201 5715 1475 5769 derivatur
1507 5728 1570 5765 ex
1597 5692 1697 5772 n5:
1723 5726 1797 5785 re;

228 5781 427 5858 ιεῑίιυίἰ,
472 5786 935 5861 quemadmodum
982 5787 1038 5843 iu
1096 5784 1364 5842 Gloszurio
1414 5799 1588 5850 sacro,
1648 5781 1795 5853 quod

1890 5426 2144 5498 plicetur.
2171 5426 2375 5482 Confer
2409 5427 2480 5481 ibi
2517 5433 2756 5498 notas.“
2825 5492 2856 5498 __
2882 5491 2893 5498 _
2977 5489 3007 5498 __
3134 5495 3142 5498 _
3187 5486 3200 5498 ι
3276 5484 3308 5498 Δ,

1969 5500 2082 5579 (lli)
2108 5500 2213 5555 lsa.
2249 5514 2449 5563 xxxiii,
2477 5498 2530 5552 9.
2564 5494 2793 5550 Notabis
2824 5491 2897 5548 ibi
2941 5489 3150 5559 aliquot
3187 5486 3487 5541 lectionum

2276 5641 2358 5715 γὼς
2401 5670 2471 5715 έ-
2492 5639 2585 5715 τὸν
2609 5636 2878 5715 δεσπότην
2906 5632 2988 5715 εἰς
3017 5631 3123 5715 τδν.
3150 5622 3393 5715 ,οὐρανόν
3429 5619 3487 5677 in

1906 5699 2132 5775 Coislin.
2168 5728 2200 5769 ιι
2232 5699 2458 5770 librario
2479 5710 2705 5770 omissa.
2727 5724 2794 5763 ex
2821 5699 2978 5762 Colb.
3006 5699 3208 5757 addidi.
