  <div class='ocr_page' id='page_1' title='image "/cluster/home/n/w/nwhite01/storage/ocr_20150623/101/hvd.32044018872879/385.png"; bbox 0 0 3880 6206; ppageno 0'>
   <div class='ocr_carea' id='block_1_1' title="bbox 428 292 1960 388">
    <p class='ocr_par' dir='ltr' id='par_1_1' title="bbox 428 311 1960 388">
     <span class='ocr_line' id='line_1_1' title="bbox 428 311 1960 388; baseline -0.011 0"><span class='ocrx_word' id='word_1_1' title='bbox 428 322 542 388; x_wconf 75' lang='grc'><strong>’123</strong></span> <span class='ocrx_word' id='word_1_2' title='bbox 1602 311 1869 375; x_wconf 86' lang='grc' dir='ltr'><strong>ΡΗΟΤΙΙ</strong></span> <span class='ocrx_word' id='word_1_3' title='bbox 1890 311 1960 373; x_wconf 73' lang='lat' dir='ltr'><strong>P1</strong></span> 
     </span>
    </p>
   </div>
   <div class='ocr_carea' id='block_1_2' title="bbox 2224 292 3756 388">
    <p class='ocr_par' dir='ltr' id='par_1_2' title="bbox 2224 292 3756 370">
     <span class='ocr_line' id='line_1_2' title="bbox 2224 292 3756 370; baseline -0.009 0"><span class='ocrx_word' id='word_1_4' title='bbox 2224 306 2411 370; x_wconf 73' lang='lat' dir='ltr'><strong>lCH/E</strong></span> <span class='ocrx_word' id='word_1_5' title='bbox 2443 306 2549 369; x_wconf 71' lang='grc' dir='ltr'><strong>(ΖΡ.</strong></span> <span class='ocrx_word' id='word_1_6' title='bbox 3627 292 3756 361; x_wconf 68' lang='grc'><strong>’124</strong></span> 
     </span>
    </p>
   </div>
   <div class='ocr_carea' id='block_1_3' title="bbox 431 396 1963 488">
    <p class='ocr_par' dir='ltr' id='par_1_3' title="bbox 431 419 1962 487">
     <span class='ocr_line' id='line_1_3' title="bbox 431 419 1962 487; baseline -0.007 -5"><span class='ocrx_word' id='word_1_7' title='bbox 431 440 486 483; x_wconf 84' lang='lat' dir='ltr'><strong>et</strong></span> <span class='ocrx_word' id='word_1_8' title='bbox 519 442 668 483; x_wconf 81' lang='lat' dir='ltr'><strong>mare</strong></span> <span class='ocrx_word' id='word_1_9' title='bbox 698 424 966 482; x_wconf 86' lang='lat' dir='ltr'><strong>obediunt</strong></span> <span class='ocrx_word' id='word_1_10' title='bbox 1002 424 1097 481; x_wconf 78' lang='lat' dir='ltr'><strong>ei?</strong></span> <span class='ocrx_word' id='word_1_11' title='bbox 1135 442 1153 477; x_wconf 77' lang='grc' dir='ltr'><strong>ι</strong></span> <span class='ocrx_word' id='word_1_12' title='bbox 1183 422 1265 479; x_wconf 84' lang='lat' dir='ltr'><strong>sic</strong></span> <span class='ocrx_word' id='word_1_13' title='bbox 1312 419 1389 478; x_wconf 51' lang='lat' dir='ltr'><strong>et‘</strong></span> <span class='ocrx_word' id='word_1_14' title='bbox 1418 420 1643 487; x_wconf 74' lang='lat' dir='ltr'><strong>cmlum,</strong></span> <span class='ocrx_word' id='word_1_15' title='bbox 1676 420 1962 476; x_wconf 76' lang='lat' dir='ltr'><strong>incarna‘ta</strong></span> 
     </span>
    </p>
   </div>
   <div class='ocr_carea' id='block_1_4' title="bbox 2218 396 3750 488">
    <p class='ocr_par' dir='ltr' id='par_1_4' title="bbox 2244 396 3750 488">
     <span class='ocr_line' id='line_1_4' title="bbox 2244 396 3750 488; baseline -0.011 -18"><span class='ocrx_word' id='word_1_16' title='bbox 2244 418 2337 470; x_wconf 78' lang='grc' dir='ltr'>καὶ</span> <span class='ocrx_word' id='word_1_17' title='bbox 2366 418 2400 488; x_wconf 82' lang='grc' dir='ltr'>ή</span> <span class='ocrx_word' id='word_1_18' title='bbox 2431 414 2674 469; x_wconf 81' lang='grc' dir='ltr'>θάλασσα</span> <span class='ocrx_word' id='word_1_19' title='bbox 2696 411 2791 466; x_wconf 72' lang='grc' dir='ltr'>καὶ</span> <span class='ocrx_word' id='word_1_20' title='bbox 2807 412 2855 466; x_wconf 91' lang='grc' dir='ltr'>οἱ</span> <span class='ocrx_word' id='word_1_21' title='bbox 2886 396 3082 483; x_wconf 80' lang='grc' dir='ltr'>ἄνεμοι</span> <span class='ocrx_word' id='word_1_22' title='bbox 3110 407 3488 464; x_wconf 79' lang='grc' dir='ltr'><strong>ὑπακούουσιν</strong></span> <span class='ocrx_word' id='word_1_23' title='bbox 3505 405 3669 474; x_wconf 77' lang='grc' dir='ltr'>αύτῷ</span> <span class='ocrx_word' id='word_1_24' title='bbox 3698 422 3750 468; x_wconf 83' lang='grc' dir='ltr'>;ι</span> 
     </span>
    </p>
   </div>
   <div class='ocr_carea' id='block_1_5' title="bbox 431 498 1963 585">
    <p class='ocr_par' dir='ltr' id='par_1_5' title="bbox 431 513 1963 585">
     <span class='ocr_line' id='line_1_5' title="bbox 431 513 1963 585; baseline -0.005 -11"><span class='ocrx_word' id='word_1_25' title='bbox 431 522 622 575; x_wconf 79' lang='lat' dir='ltr'><strong>videns</strong></span> <span class='ocrx_word' id='word_1_26' title='bbox 648 520 1014 585; x_wconf 72' lang='lat' dir='ltr'><strong>divinitatem,</strong></span> <span class='ocrx_word' id='word_1_27' title='bbox 1040 516 1333 575; x_wconf 91' lang='lat' dir='ltr'><strong>attonitum</strong></span> <span class='ocrx_word' id='word_1_28' title='bbox 1359 515 1492 571; x_wconf 91' lang='lat' dir='ltr'><strong>dicit</strong></span> <span class='ocrx_word' id='word_1_29' title='bbox 1524 533 1539 571; x_wconf 92' lang='lat'><strong>:</strong></span> <span class='ocrx_word' id='word_1_30' title='bbox 1577 534 1595 568; x_wconf 78' lang='grc' dir='ltr'><strong>ι</strong></span> <span class='ocrx_word' id='word_1_31' title='bbox 1628 513 1767 581; x_wconf 86' lang='lat' dir='ltr'><strong>Quis</strong></span> <span class='ocrx_word' id='word_1_32' title='bbox 1800 524 1885 571; x_wconf 88' lang='lat' dir='ltr'><strong>est</strong></span> <span class='ocrx_word' id='word_1_33' title='bbox 1919 513 1963 568; x_wconf 91' lang='lat' dir='ltr'><strong>is</strong></span> 
     </span>
    </p>
   </div>
   <div class='ocr_carea' id='block_1_6' title="bbox 2222 498 3754 585">
    <p class='ocr_par' dir='ltr' id='par_1_6' title="bbox 2224 498 3754 579">
     <span class='ocr_line' id='line_1_6' title="bbox 2224 498 3754 579; baseline -0.009 -15"><span class='ocrx_word' id='word_1_34' title='bbox 2224 529 2270 563; x_wconf 89' lang='grc' dir='ltr'><strong>ω</strong></span> <span class='ocrx_word' id='word_1_35' title='bbox 2301 510 2396 563; x_wconf 72' lang='grc' dir='ltr'>καὶ</span> <span class='ocrx_word' id='word_1_36' title='bbox 2424 511 2452 562; x_wconf 99' lang='lat'><strong>6</strong></span> <span class='ocrx_word' id='word_1_37' title='bbox 2485 507 2712 579; x_wconf 73' lang='grc' dir='ltr'>οὐρανὸς</span> <span class='ocrx_word' id='word_1_38' title='bbox 2738 507 2794 559; x_wconf 79' lang='grc' dir='ltr'>ὲν</span> <span class='ocrx_word' id='word_1_39' title='bbox 2830 505 3000 576; x_wconf 75' lang='grc' dir='ltr'>σαρκὶ</span> <span class='ocrx_word' id='word_1_40' title='bbox 3059 503 3276 571; x_wconf 88' lang='grc' dir='ltr'>βλέπων</span> <span class='ocrx_word' id='word_1_41' title='bbox 3308 500 3409 572; x_wconf 74' lang='grc' dir='ltr'>τὴν</span> <span class='ocrx_word' id='word_1_42' title='bbox 3478 498 3754 569; x_wconf 79' lang='grc' dir='ltr'>θεύτητα,</span> 
     </span>
    </p>
   </div>
   <div class='ocr_carea' id='block_1_7' title="bbox 435 588 3760 687">
    <p class='ocr_par' dir='ltr' id='par_1_7' title="bbox 435 588 3760 687">
     <span class='ocr_line' id='line_1_7' title="bbox 435 588 3760 687; baseline -0.01 -13"><span class='ocrx_word' id='word_1_43' title='bbox 435 633 527 674; x_wconf 76' lang='lat' dir='ltr'><strong>rex</strong></span> <span class='ocrx_word' id='word_1_44' title='bbox 558 615 793 687; x_wconf 58' lang='lat' dir='ltr'><strong>gloria}?</strong></span> <span class='ocrx_word' id='word_1_45' title='bbox 834 634 854 668; x_wconf 78' lang='grc' dir='ltr'><strong>ι</strong></span> <span class='ocrx_word' id='word_1_46' title='bbox 1992 588 2009 613; x_wconf 75' lang='grc'><em>’</em></span> <span class='ocrx_word' id='word_1_47' title='bbox 2130 602 2471 672; x_wconf 77' lang='grc' dir='ltr'><strong>ξενιζόμενος</strong></span> <span class='ocrx_word' id='word_1_48' title='bbox 2514 602 2683 669; x_wconf 82' lang='grc' dir='ltr'>λέγει·</span> <span class='ocrx_word' id='word_1_49' title='bbox 2721 618 2740 652; x_wconf 80' lang='grc' dir='ltr'><strong>ι</strong></span> <span class='ocrx_word' id='word_1_50' title='bbox 2774 598 2871 662; x_wconf 85' lang='grc' dir='ltr'>Τίς</span> <span class='ocrx_word' id='word_1_51' title='bbox 2898 598 3048 651; x_wconf 75' lang='grc' dir='ltr'>ἐστιν</span> <span class='ocrx_word' id='word_1_52' title='bbox 3088 589 3245 659; x_wconf 74' lang='grc' dir='ltr'>οὗτος</span> <span class='ocrx_word' id='word_1_53' title='bbox 3272 594 3302 649; x_wconf 91' lang='lat'><strong>6</strong></span> <span class='ocrx_word' id='word_1_54' title='bbox 3338 592 3601 665; x_wconf 78' lang='grc' dir='ltr'>βασιλεὺς</span> <span class='ocrx_word' id='word_1_55' title='bbox 3643 592 3760 661; x_wconf 76' lang='grc' dir='ltr'>τῆς</span> 
     </span>
    </p>
   </div>
   <div class='ocr_carea' id='block_1_8' title="bbox 2129 697 2399 750">
    <p class='ocr_par' dir='ltr' id='par_1_8' title="bbox 2129 697 2399 750">
     <span class='ocr_line' id='line_1_8' title="bbox 2129 697 2399 750; baseline -0.011 0"><span class='ocrx_word' id='word_1_56' title='bbox 2129 697 2289 750; x_wconf 77' lang='grc' dir='ltr'>δοεης</span> <span class='ocrx_word' id='word_1_57' title='bbox 2324 713 2340 750; x_wconf 85' lang='lat'><strong>:</strong></span> <span class='ocrx_word' id='word_1_58' title='bbox 2379 714 2399 747; x_wconf 72' lang='grc' dir='ltr'><strong>ι</strong></span> 
     </span>
    </p>
   </div>
   <div class='ocr_carea' id='block_1_9' title="bbox 519 695 2051 866">
    <p class='ocr_par' dir='ltr' id='par_1_9' title="bbox 519 786 1947 866">
     <span class='ocr_line' id='line_1_9' title="bbox 519 786 1947 866; baseline -0.009 -12"><span class='ocrx_word' id='word_1_59' title='bbox 519 796 854 866; x_wconf 75' lang='lat' dir='ltr'><strong>QUASSTIO</strong></span> <span class='ocrx_word' id='word_1_60' title='bbox 885 794 1079 852; x_wconf 83' lang='lat' dir='ltr'><strong>cxxx</strong></span> <span class='ocrx_word' id='word_1_61' title='bbox 1120 791 1333 866; x_wconf 77' lang='lat' dir='ltr'><strong>[CoisL</strong></span> <span class='ocrx_word' id='word_1_62' title='bbox 1374 789 1532 857; x_wconf 81' lang='lat' dir='ltr'><strong>CLII,</strong></span> <span class='ocrx_word' id='word_1_63' title='bbox 1582 789 1752 846; x_wconf 80' lang='lat' dir='ltr'><strong>Taur.</strong></span> <span class='ocrx_word' id='word_1_64' title='bbox 1788 786 1947 860; x_wconf 89' lang='lat' dir='ltr'><strong>CLI].</strong></span> 
     </span>
    </p>
   </div>
   <div class='ocr_carea' id='block_1_10' title="bbox 1629 695 3161 866">
    <p class='ocr_par' dir='ltr' id='par_1_10' title="bbox 1629 695 3161 860">
     <span class='ocr_line' id='line_1_10' title="bbox 2129 695 2399 767; baseline -0.011 -17"><span class='ocrx_word' id='word_1_65' title='bbox 2129 695 2289 767; x_wconf 82' lang='grc' dir='ltr'>δοξης</span> <span class='ocrx_word' id='word_1_66' title='bbox 2324 713 2340 764; x_wconf 88' lang='lat'><strong>;</strong></span> <span class='ocrx_word' id='word_1_67' title='bbox 2379 714 2399 747; x_wconf 78' lang='grc' dir='ltr'><strong>ι</strong></span> 
     </span>
     <span class='ocr_line' id='line_1_11' title="bbox 1629 781 3161 860; baseline -0.005 -16"><span class='ocrx_word' id='word_1_68' title='bbox 1629 805 1752 846; x_wconf 80' lang='lat' dir='ltr'><strong>aur.</strong></span> <span class='ocrx_word' id='word_1_69' title='bbox 1788 786 1947 860; x_wconf 87' lang='lat' dir='ltr'><strong>CLI].</strong></span> <span class='ocrx_word' id='word_1_70' title='bbox 2642 782 2981 838; x_wconf 73' lang='grc' dir='ltr'><strong>ΕΡΩΤΗΣῘΣ</strong></span> <span class='ocrx_word' id='word_1_71' title='bbox 3035 781 3161 836; x_wconf 82' lang='lat' dir='ltr'><strong>PA&#39;.</strong></span> 
     </span>
    </p>
   </div>
   <div class='ocr_carea' id='block_1_11' title="bbox 470 864 2002 962">
    <p class='ocr_par' dir='ltr' id='par_1_11' title="bbox 470 864 1971 962">
     <span class='ocr_line' id='line_1_12' title="bbox 470 864 1971 962; baseline -0.007 -15"><span class='ocrx_word' id='word_1_72' title='bbox 470 864 651 960; x_wconf 75' lang='lat' dir='ltr'><strong>Quare</strong></span> <span class='ocrx_word' id='word_1_73' title='bbox 676 892 868 962; x_wconf 74' lang='lat' dir='ltr'><strong>iejunii</strong></span> <span class='ocrx_word' id='word_1_74' title='bbox 898 899 1100 954; x_wconf 82' lang='lat' dir='ltr'><strong>tempus</strong></span> <span class='ocrx_word' id='word_1_75' title='bbox 1122 864 1319 941; x_wconf 54' lang='lat' dir='ltr'><strong>aiebas</strong></span> <span class='ocrx_word' id='word_1_76' title='bbox 1348 884 1713 957; x_wconf 79' lang='lat' dir='ltr'><strong>quadraginta</strong></span> <span class='ocrx_word' id='word_1_77' title='bbox 1744 892 1971 938; x_wconf 75' lang='lat' dir='ltr'><strong>constet.</strong></span> 
     </span>
    </p>
   </div>
   <div class='ocr_carea' id='block_1_12' title="bbox 2226 864 3758 962">
    <p class='ocr_par' dir='ltr' id='par_1_12' title="bbox 2226 864 3758 962">
     <span class='ocr_line' id='line_1_13' title="bbox 2226 864 3758 962; baseline -0.01 -32"><span class='ocrx_word' id='word_1_78' title='bbox 2226 893 2229 925; x_wconf 74' lang='grc' dir='ltr'><strong><em>ε</em></strong></span> <span class='ocrx_word' id='word_1_79' title='bbox 2254 876 2312 930; x_wconf 84' lang='grc' dir='ltr'>τι</span> <span class='ocrx_word' id='word_1_80' title='bbox 2332 878 2365 931; x_wconf 83' lang='grc' dir='ltr'><em>ὁ</em></span> <span class='ocrx_word' id='word_1_81' title='bbox 2384 876 2497 945; x_wconf 81' lang='grc' dir='ltr'>τῆς</span> <span class='ocrx_word' id='word_1_82' title='bbox 2508 874 2799 941; x_wconf 79' lang='grc' dir='ltr'>νηστείας</span> <span class='ocrx_word' id='word_1_83' title='bbox 2818 872 3035 962; x_wconf 54' lang='grc' dir='ltr'>κρόκος</span> <span class='ocrx_word' id='word_1_84' title='bbox 3051 870 3121 924; x_wconf 80' lang='grc' dir='ltr'><strong>ἐν</strong></span> <span class='ocrx_word' id='word_1_85' title='bbox 3126 868 3186 939; x_wconf 85' lang='grc' dir='ltr'>μ’</span> <span class='ocrx_word' id='word_1_86' title='bbox 3202 866 3457 937; x_wconf 71' lang='grc' dir='ltr'>ἡμέραις</span> <span class='ocrx_word' id='word_1_87' title='bbox 3477 864 3758 934; x_wconf 75' lang='grc' dir='ltr'>ἀριθμεῖ-</span> 
     </span>
    </p>
   </div>
   <div class='ocr_carea' id='block_1_13' title="bbox 2810 959 2954 1008">
    <p class='ocr_par' dir='ltr' id='par_1_13' title="bbox 2810 959 2954 1008">
     <span class='ocr_line' id='line_1_14' title="bbox 2810 959 2954 1008; baseline -0.007 -12"><span class='ocrx_word' id='word_1_88' title='bbox 2810 959 2907 996; x_wconf 85' lang='grc' dir='ltr'><strong>ται</strong></span> <span class='ocrx_word' id='word_1_89' title='bbox 2934 959 2954 1008; x_wconf 86' lang='grc'><strong><em>;</em></strong></span> 
     </span>
    </p>
   </div>
   <div class='ocr_carea' id='block_1_14' title="bbox 1111 1059 3015 1133">
    <p class='ocr_par' dir='ltr' id='par_1_14' title="bbox 1111 1059 3015 1133">
     <span class='ocr_line' id='line_1_15' title="bbox 1111 1059 3015 1133; baseline -0.006 -16"><span class='ocrx_word' id='word_1_90' title='bbox 1111 1066 1257 1118; x_wconf 70' lang='lat' dir='ltr'><strong>Edita</strong></span> <span class='ocrx_word' id='word_1_91' title='bbox 1278 1083 1306 1118; x_wconf 89' lang='lat' dir='ltr'><strong>a</strong></span> <span class='ocrx_word' id='word_1_92' title='bbox 1339 1068 1467 1118; x_wconf 84' lang='lat' dir='ltr'><strong>Maio</strong></span> <span class='ocrx_word' id='word_1_93' title='bbox 1495 1068 1552 1133; x_wconf 93' lang='grc'><strong>(1.</strong></span> <span class='ocrx_word' id='word_1_94' title='bbox 1588 1081 1633 1119; x_wconf 83' lang='grc' dir='ltr'>ο.</span> <span class='ocrx_word' id='word_1_95' title='bbox 1669 1066 1824 1130; x_wconf 89' lang='lat' dir='ltr'><strong>p.99,</strong></span> <span class='ocrx_word' id='word_1_96' title='bbox 1855 1065 1984 1129; x_wconf 88' lang='lat' dir='ltr'><strong>l00).</strong></span> <span class='ocrx_word' id='word_1_97' title='bbox 2019 1090 2082 1102; x_wconf 93' lang='lat'><em>—</em></span> <span class='ocrx_word' id='word_1_98' title='bbox 2112 1066 2190 1117; x_wconf 92' lang='lat' dir='ltr'><strong>De</strong></span> <span class='ocrx_word' id='word_1_99' title='bbox 2214 1065 2409 1129; x_wconf 82' lang='lat' dir='ltr'><strong>jejunio</strong></span> <span class='ocrx_word' id='word_1_100' title='bbox 2442 1061 2771 1125; x_wconf 77' lang='lat' dir='ltr'><strong>quadraginta</strong></span> <span class='ocrx_word' id='word_1_101' title='bbox 2794 1059 3015 1109; x_wconf 86' lang='lat' dir='ltr'><strong>dierum.</strong></span> 
     </span>
    </p>
   </div>
   <div class='ocr_carea' id='block_1_15' title="bbox 510 1159 2042 1248">
    <p class='ocr_par' dir='ltr' id='par_1_15' title="bbox 510 1174 2028 1248">
     <span class='ocr_line' id='line_1_16' title="bbox 510 1174 2028 1248; baseline 0.001 -20"><span class='ocrx_word' id='word_1_102' title='bbox 510 1176 773 1243; x_wconf 72' lang='lat' dir='ltr'><strong>Quaerunt</strong></span> <span class='ocrx_word' id='word_1_103' title='bbox 820 1174 1035 1245; x_wconf 82' lang='lat' dir='ltr'><strong>aliqui:</strong></span> <span class='ocrx_word' id='word_1_104' title='bbox 1085 1176 1267 1243; x_wconf 84' lang='lat' dir='ltr'><strong>Quare</strong></span> <span class='ocrx_word' id='word_1_105' title='bbox 1316 1176 1513 1248; x_wconf 85' lang='lat' dir='ltr'><strong>jejunii</strong></span> <span class='ocrx_word' id='word_1_106' title='bbox 1578 1186 1796 1247; x_wconf 84' lang='lat' dir='ltr'><strong>tempus</strong></span> <span class='ocrx_word' id='word_1_107' title='bbox 1830 1174 2028 1230; x_wconf 88' lang='lat' dir='ltr'><strong>diebus</strong></span> 
     </span>
    </p>
   </div>
   <div class='ocr_carea' id='block_1_16' title="bbox 2222 1159 3754 1248">
    <p class='ocr_par' dir='ltr' id='par_1_16' title="bbox 2222 1159 3754 1243">
     <span class='ocr_line' id='line_1_17' title="bbox 2222 1159 3754 1243; baseline -0.012 -17"><span class='ocrx_word' id='word_1_108' title='bbox 2222 1170 2432 1243; x_wconf 75' lang='grc' dir='ltr'>εητοῢσί</span> <span class='ocrx_word' id='word_1_109' title='bbox 2462 1185 2628 1234; x_wconf 87' lang='grc' dir='ltr'>τινες·</span> <span class='ocrx_word' id='word_1_110' title='bbox 2679 1167 2746 1221; x_wconf 91' lang='grc' dir='ltr'>Τί</span> <span class='ocrx_word' id='word_1_111' title='bbox 2796 1166 3000 1239; x_wconf 83' lang='grc' dir='ltr'>δήποτε</span> <span class='ocrx_word' id='word_1_112' title='bbox 3026 1165 3055 1220; x_wconf 89' lang='lat'><strong>6</strong></span> <span class='ocrx_word' id='word_1_113' title='bbox 3086 1165 3187 1235; x_wconf 78' lang='grc' dir='ltr'>τῆς</span> <span class='ocrx_word' id='word_1_114' title='bbox 3247 1159 3505 1233; x_wconf 79' lang='grc' dir='ltr'><strong>νηστείας</strong></span> <span class='ocrx_word' id='word_1_115' title='bbox 3545 1159 3754 1230; x_wconf 76' lang='grc' dir='ltr'>χρόνος</span> 
     </span>
    </p>
   </div>
   <div class='ocr_carea' id='block_1_17' title="bbox 435 1250 1967 1353">
    <p class='ocr_par' dir='ltr' id='par_1_17' title="bbox 435 1268 1967 1353">
     <span class='ocr_line' id='line_1_18' title="bbox 435 1268 1967 1353; baseline 0.001 -32"><span class='ocrx_word' id='word_1_116' title='bbox 435 1269 794 1338; x_wconf 72' lang='lat' dir='ltr'><strong>quadraginta</strong></span> <span class='ocrx_word' id='word_1_117' title='bbox 881 1268 1043 1323; x_wconf 85' lang='lat' dir='ltr'><strong>nobis</strong></span> <span class='ocrx_word' id='word_1_118' title='bbox 1121 1268 1633 1335; x_wconf 79' lang='lat' dir='ltr'><strong>circumscribitur,</strong></span> <span class='ocrx_word' id='word_1_119' title='bbox 1701 1284 1803 1323; x_wconf 88' lang='lat' dir='ltr'><strong>nec</strong></span> <span class='ocrx_word' id='word_1_120' title='bbox 1851 1283 1967 1353; x_wconf 67' lang='lat' dir='ltr'><strong>usq!</strong></span> 
     </span>
    </p>
   </div>
   <div class='ocr_carea' id='block_1_18' title="bbox 2228 1250 3760 1353">
    <p class='ocr_par' dir='ltr' id='par_1_18' title="bbox 2234 1250 3760 1334">
     <span class='ocr_line' id='line_1_19' title="bbox 2234 1250 3760 1334; baseline -0.038 17"><span class='ocrx_word' id='word_1_121' title='bbox 2234 1263 2479 1334; x_wconf 67' lang='grc' dir='ltr'><strong>ἡμέραις</strong></span> <span class='ocrx_word' id='word_1_122' title='bbox 2530 1262 2663 1331; x_wconf 68' lang='grc' dir='ltr'><strong>ἡμῖν</strong></span> <span class='ocrx_word' id='word_1_123' title='bbox 2720 1265 2773 1331; x_wconf 78' lang='grc' dir='ltr'><strong>μ’</strong></span> <span class='ocrx_word' id='word_1_124' title='bbox 2833 1256 3265 1328; x_wconf 73' lang='grc' dir='ltr'><strong>περιγράφεται·</strong></span> <span class='ocrx_word' id='word_1_125' title='bbox 3322 1252 3419 1307; x_wconf 69' lang='grc' dir='ltr'>καὶ</span> <span class='ocrx_word' id='word_1_126' title='bbox 3469 1250 3599 1304; x_wconf 74' lang='grc' dir='ltr'>οὔτε</span> <span class='ocrx_word' id='word_1_127' title='bbox 3667 1253 3760 1311; x_wconf 79' lang='grc' dir='ltr'><strong>εἰς</strong></span> 
     </span>
    </p>
   </div>
   <div class='ocr_carea' id='block_1_19' title="bbox 436 1344 1968 1431">
    <p class='ocr_par' dir='ltr' id='par_1_19' title="bbox 436 1344 1968 1431">
     <span class='ocr_line' id='line_1_20' title="bbox 436 1344 1968 1431; baseline -0.001 -17"><span class='ocrx_word' id='word_1_128' title='bbox 436 1359 501 1414; x_wconf 82' lang='lat' dir='ltr'><strong>ad</strong></span> <span class='ocrx_word' id='word_1_129' title='bbox 527 1358 924 1428; x_wconf 82' lang='lat' dir='ltr'><strong>quinquaginta</strong></span> <span class='ocrx_word' id='word_1_130' title='bbox 956 1360 1040 1414; x_wconf 89' lang='lat' dir='ltr'><strong>vel</strong></span> <span class='ocrx_word' id='word_1_131' title='bbox 1076 1375 1141 1414; x_wconf 87' lang='lat' dir='ltr'><strong>ac</strong></span> <span class='ocrx_word' id='word_1_132' title='bbox 1183 1360 1462 1431; x_wconf 80' lang='lat' dir='ltr'><strong>sexaginta</strong></span> <span class='ocrx_word' id='word_1_133' title='bbox 1507 1361 1857 1426; x_wconf 76' lang='lat' dir='ltr'><strong>extenditur,</strong></span> <span class='ocrx_word' id='word_1_134' title='bbox 1922 1344 1968 1413; x_wconf 74' lang='lat' dir='ltr'><strong>nt</strong></span> 
     </span>
    </p>
   </div>
   <div class='ocr_carea' id='block_1_20' title="bbox 2227 1344 3759 1431">
    <p class='ocr_par' dir='ltr' id='par_1_20' title="bbox 2281 1344 3759 1425">
     <span class='ocr_line' id='line_1_21' title="bbox 2281 1344 3759 1425; baseline -0.009 -16"><span class='ocrx_word' id='word_1_135' title='bbox 2281 1352 2654 1425; x_wconf 77' lang='grc' dir='ltr'>πεντηκοστὸν</span> <span class='ocrx_word' id='word_1_136' title='bbox 2705 1351 2739 1422; x_wconf 86' lang='grc' dir='ltr'>ἢ</span> <span class='ocrx_word' id='word_1_137' title='bbox 2800 1348 3096 1421; x_wconf 78' lang='grc' dir='ltr'>ἑξηκοστὸν</span> <span class='ocrx_word' id='word_1_138' title='bbox 3143 1345 3561 1418; x_wconf 79' lang='grc' dir='ltr'>παρατείνεται,</span> <span class='ocrx_word' id='word_1_139' title='bbox 3618 1344 3759 1396; x_wconf 72' lang='grc' dir='ltr'>οὐδὲ</span> 
     </span>
    </p>
   </div>
   <div class='ocr_carea' id='block_1_21' title="bbox 436 1436 1968 1523">
    <p class='ocr_par' dir='ltr' id='par_1_21' title="bbox 436 1449 1960 1523">
     <span class='ocr_line' id='line_1_22' title="bbox 436 1449 1960 1523; baseline 0 -17"><span class='ocrx_word' id='word_1_140' title='bbox 436 1449 634 1506; x_wconf 88' lang='lat' dir='ltr'><strong>iterum</strong></span> <span class='ocrx_word' id='word_1_141' title='bbox 684 1451 821 1505; x_wconf 86' lang='lat' dir='ltr'><strong>citra</strong></span> <span class='ocrx_word' id='word_1_142' title='bbox 873 1450 1235 1523; x_wconf 76' lang='lat' dir='ltr'><strong>quadraginta</strong></span> <span class='ocrx_word' id='word_1_143' title='bbox 1290 1451 1612 1508; x_wconf 82' lang='lat' dir='ltr'><strong>clauditur?</strong></span> <span class='ocrx_word' id='word_1_144' title='bbox 1660 1451 1777 1506; x_wconf 81' lang='lat' dir='ltr'><strong>Non</strong></span> <span class='ocrx_word' id='word_1_145' title='bbox 1842 1452 1960 1507; x_wconf 84' lang='lat' dir='ltr'><strong>solu</strong></span> 
     </span>
    </p>
   </div>
   <div class='ocr_carea' id='block_1_22' title="bbox 2230 1436 3762 1523">
    <p class='ocr_par' dir='ltr' id='par_1_22' title="bbox 2230 1436 3762 1516">
     <span class='ocr_line' id='line_1_23' title="bbox 2230 1436 3762 1516; baseline -0.01 -14"><span class='ocrx_word' id='word_1_146' title='bbox 2230 1449 2279 1512; x_wconf 60' lang='grc' dir='ltr'>ὃς</span> <span class='ocrx_word' id='word_1_147' title='bbox 2315 1448 2479 1501; x_wconf 76' lang='grc' dir='ltr'>πάλιν</span> <span class='ocrx_word' id='word_1_148' title='bbox 2515 1445 2624 1499; x_wconf 84' lang='grc' dir='ltr'>τῶν</span> <span class='ocrx_word' id='word_1_149' title='bbox 2660 1450 2713 1515; x_wconf 87' lang='grc' dir='ltr'>μ’</span> <span class='ocrx_word' id='word_1_150' title='bbox 2745 1441 3153 1516; x_wconf 85' lang='grc' dir='ltr'>περικλείεται;</span> <span class='ocrx_word' id='word_1_151' title='bbox 3185 1438 3279 1492; x_wconf 80' lang='grc' dir='ltr'>καὶ</span> <span class='ocrx_word' id='word_1_152' title='bbox 3308 1438 3407 1509; x_wconf 67' lang='grc' dir='ltr'><strong>οὐχ</strong></span> <span class='ocrx_word' id='word_1_153' title='bbox 3447 1438 3585 1508; x_wconf 80' lang='grc' dir='ltr'>ἡμῖν</span> <span class='ocrx_word' id='word_1_154' title='bbox 3643 1436 3762 1505; x_wconf 83' lang='grc' dir='ltr'><strong>μό-</strong></span> 
     </span>
    </p>
   </div>
   <div class='ocr_carea' id='block_1_23' title="bbox 437 1529 1969 1616">
    <p class='ocr_par' dir='ltr' id='par_1_23' title="bbox 437 1541 1969 1616">
     <span class='ocr_line' id='line_1_24' title="bbox 437 1541 1969 1616; baseline 0.001 -20"><span class='ocrx_word' id='word_1_155' title='bbox 437 1541 596 1596; x_wconf 84' lang='lat' dir='ltr'><strong>nobis</strong></span> <span class='ocrx_word' id='word_1_156' title='bbox 622 1542 692 1595; x_wconf 88' lang='lat' dir='ltr'><strong>ita</strong></span> <span class='ocrx_word' id='word_1_157' title='bbox 726 1543 983 1596; x_wconf 82' lang='lat' dir='ltr'><strong>traditum</strong></span> <span class='ocrx_word' id='word_1_158' title='bbox 1016 1553 1123 1606; x_wconf 91' lang='lat' dir='ltr'><strong>est,</strong></span> <span class='ocrx_word' id='word_1_159' title='bbox 1173 1543 1358 1599; x_wconf 86' lang='lat' dir='ltr'><strong>sed-et</strong></span> <span class='ocrx_word' id='word_1_160' title='bbox 1404 1544 1522 1616; x_wconf 92' lang='lat' dir='ltr'><strong>ipse</strong></span> <span class='ocrx_word' id='word_1_161' title='bbox 1555 1545 1804 1598; x_wconf 89' lang='lat' dir='ltr'><strong>omnium</strong></span> <span class='ocrx_word' id='word_1_162' title='bbox 1834 1544 1969 1598; x_wconf 89' lang='lat' dir='ltr'><strong>Dom</strong></span> 
     </span>
    </p>
   </div>
   <div class='ocr_carea' id='block_1_24' title="bbox 2226 1529 3758 1616">
    <p class='ocr_par' dir='ltr' id='par_1_24' title="bbox 2281 1529 3758 1610">
     <span class='ocr_line' id='line_1_25' title="bbox 2281 1529 3758 1610; baseline -0.009 -16"><span class='ocrx_word' id='word_1_163' title='bbox 2281 1541 2423 1594; x_wconf 77' lang='grc' dir='ltr'>οὕτω</span> <span class='ocrx_word' id='word_1_164' title='bbox 2465 1538 2880 1610; x_wconf 87' lang='grc' dir='ltr'>παραδέδοται,</span> <span class='ocrx_word' id='word_1_165' title='bbox 2939 1533 3078 1592; x_wconf 80' lang='grc' dir='ltr'>ἀλλὰ</span> <span class='ocrx_word' id='word_1_166' title='bbox 3128 1532 3228 1591; x_wconf 79' lang='grc' dir='ltr'>καὶ</span> <span class='ocrx_word' id='word_1_167' title='bbox 3257 1531 3422 1596; x_wconf 77' lang='grc' dir='ltr'>αὐτὸς</span> <span class='ocrx_word' id='word_1_168' title='bbox 3472 1532 3502 1584; x_wconf 90' lang='lat'><strong>6</strong></span> <span class='ocrx_word' id='word_1_169' title='bbox 3560 1529 3758 1591; x_wconf 68' lang='lat' dir='ltr'><strong>x0tv6&lt;</strong></span> 
     </span>
    </p>
   </div>
   <div class='ocr_carea' id='block_1_25' title="bbox 436 1622 1968 1708">
    <p class='ocr_par' dir='ltr' id='par_1_25' title="bbox 436 1634 1968 1708">
     <span class='ocr_line' id='line_1_26' title="bbox 436 1634 1968 1708; baseline 0 -21"><span class='ocrx_word' id='word_1_170' title='bbox 436 1649 543 1687; x_wconf 87' lang='lat' dir='ltr'><strong>nus</strong></span> <span class='ocrx_word' id='word_1_171' title='bbox 571 1644 626 1689; x_wconf 93' lang='lat' dir='ltr'><strong>et</strong></span> <span class='ocrx_word' id='word_1_172' title='bbox 654 1634 906 1690; x_wconf 84' lang='lat' dir='ltr'><strong>Salvator</strong></span> <span class='ocrx_word' id='word_1_173' title='bbox 932 1647 1144 1702; x_wconf 87' lang='lat' dir='ltr'><strong>noster,</strong></span> <span class='ocrx_word' id='word_1_174' title='bbox 1178 1637 1462 1708; x_wconf 78' lang='lat' dir='ltr'><strong>legislator</strong></span> <span class='ocrx_word' id='word_1_175' title='bbox 1514 1651 1708 1691; x_wconf 90' lang='lat' dir='ltr'><strong>eorum</strong></span> <span class='ocrx_word' id='word_1_176' title='bbox 1760 1636 1856 1706; x_wconf 88' lang='lat' dir='ltr'><strong>qui</strong></span> <span class='ocrx_word' id='word_1_177' title='bbox 1890 1652 1968 1689; x_wconf 84' lang='lat' dir='ltr'><strong>sm</strong></span> 
     </span>
    </p>
   </div>
   <div class='ocr_carea' id='block_1_26' title="bbox 2224 1622 3756 1708">
    <p class='ocr_par' dir='ltr' id='par_1_26' title="bbox 2224 1622 3756 1705">
     <span class='ocr_line' id='line_1_27' title="bbox 2224 1622 3756 1705; baseline -0.009 -20"><span class='ocrx_word' id='word_1_178' title='bbox 2224 1634 2407 1705; x_wconf 69' lang='grc' dir='ltr'>τπύτης</span> <span class='ocrx_word' id='word_1_179' title='bbox 2456 1633 2553 1685; x_wconf 74' lang='grc' dir='ltr'>καὶ</span> <span class='ocrx_word' id='word_1_180' title='bbox 2619 1629 2813 1701; x_wconf 85' lang='grc' dir='ltr'>Σωτὴρ</span> <span class='ocrx_word' id='word_1_181' title='bbox 2885 1628 3094 1699; x_wconf 83' lang='grc' dir='ltr'>ἡμῶν,</span> <span class='ocrx_word' id='word_1_182' title='bbox 3152 1627 3181 1680; x_wconf 90' lang='lat'><strong>6</strong></span> <span class='ocrx_word' id='word_1_183' title='bbox 3255 1623 3563 1694; x_wconf 73' lang='grc' dir='ltr'>νομοθέτης</span> <span class='ocrx_word' id='word_1_184' title='bbox 3628 1622 3756 1673; x_wconf 77' lang='grc' dir='ltr'>τῶν</span> 
     </span>
    </p>
   </div>
   <div class='ocr_carea' id='block_1_27' title="bbox 437 1709 1969 1798">
    <p class='ocr_par' dir='ltr' id='par_1_27' title="bbox 437 1724 1969 1798">
     <span class='ocr_line' id='line_1_28' title="bbox 437 1724 1969 1798; baseline -0.001 -17"><span class='ocrx_word' id='word_1_185' title='bbox 437 1724 492 1781; x_wconf 89' lang='lat' dir='ltr'><strong>in</strong></span> <span class='ocrx_word' id='word_1_186' title='bbox 525 1725 721 1795; x_wconf 76' lang='lat' dir='ltr'><strong>gratia,</strong></span> <span class='ocrx_word' id='word_1_187' title='bbox 753 1726 1115 1798; x_wconf 79' lang='lat' dir='ltr'><strong>quadraginta</strong></span> <span class='ocrx_word' id='word_1_188' title='bbox 1158 1728 1352 1783; x_wconf 87' lang='lat' dir='ltr'><strong>diebus</strong></span> <span class='ocrx_word' id='word_1_189' title='bbox 1380 1728 1596 1782; x_wconf 88' lang='lat' dir='ltr'><strong>videtur</strong></span> <span class='ocrx_word' id='word_1_190' title='bbox 1623 1728 1924 1797; x_wconf 83' lang='lat' dir='ltr'><strong>jejunasse,</strong></span> <span class='ocrx_word' id='word_1_191' title='bbox 1961 1743 1969 1779; x_wconf 83' lang='grc' dir='ltr'><strong>ι</strong></span> 
     </span>
    </p>
   </div>
   <div class='ocr_carea' id='block_1_28' title="bbox 2220 1709 3752 1798">
    <p class='ocr_par' dir='ltr' id='par_1_28' title="bbox 2220 1709 3752 1796">
     <span class='ocr_line' id='line_1_29' title="bbox 2220 1709 3752 1796; baseline -0.012 -18"><span class='ocrx_word' id='word_1_192' title='bbox 2220 1728 2277 1796; x_wconf 79' lang='grc' dir='ltr'><strong>τῇ</strong></span> <span class='ocrx_word' id='word_1_193' title='bbox 2313 1724 2518 1795; x_wconf 83' lang='grc' dir='ltr'>χάριτι,</span> <span class='ocrx_word' id='word_1_194' title='bbox 2559 1727 2614 1792; x_wconf 83' lang='grc' dir='ltr'>μ’</span> <span class='ocrx_word' id='word_1_195' title='bbox 2642 1719 2856 1792; x_wconf 81' lang='grc' dir='ltr'>ἡμέρας</span> <span class='ocrx_word' id='word_1_196' title='bbox 2885 1716 3138 1787; x_wconf 81' lang='grc' dir='ltr'>φαίνεται</span> <span class='ocrx_word' id='word_1_197' title='bbox 3188 1712 3495 1785; x_wconf 79' lang='grc' dir='ltr'><strong>νηστεύσας</strong></span> <span class='ocrx_word' id='word_1_198' title='bbox 3525 1752 3542 1775; x_wconf 89' lang='grc'><strong>,</strong></span> <span class='ocrx_word' id='word_1_199' title='bbox 3601 1709 3752 1762; x_wconf 78' lang='lat'><em>61:6-</em></span> 
     </span>
    </p>
   </div>
   <div class='ocr_carea' id='block_1_29' title="bbox 436 1802 1968 1888">
    <p class='ocr_par' dir='ltr' id='par_1_29' title="bbox 436 1814 1964 1888">
     <span class='ocr_line' id='line_1_30' title="bbox 436 1814 1964 1888; baseline 0.001 -19"><span class='ocrx_word' id='word_1_200' title='bbox 436 1828 561 1869; x_wconf 89' lang='lat' dir='ltr'><strong>cum</strong></span> <span class='ocrx_word' id='word_1_201' title='bbox 578 1814 652 1868; x_wconf 94' lang='lat' dir='ltr'><strong>illi</strong></span> <span class='ocrx_word' id='word_1_202' title='bbox 672 1814 1022 1871; x_wconf 82' lang='lat' dir='ltr'><strong>insidiaretur</strong></span> <span class='ocrx_word' id='word_1_203' title='bbox 1042 1818 1315 1880; x_wconf 88' lang='lat' dir='ltr'><strong>diabolus,</strong></span> <span class='ocrx_word' id='word_1_204' title='bbox 1335 1817 1401 1872; x_wconf 90' lang='lat' dir='ltr'><strong>ad</strong></span> <span class='ocrx_word' id='word_1_205' title='bbox 1420 1832 1658 1888; x_wconf 71' lang='lat' dir='ltr'><strong>pugnam</strong></span> <span class='ocrx_word' id='word_1_206' title='bbox 1692 1827 1913 1888; x_wconf 82' lang='lat' dir='ltr'><strong>paratus</strong></span> <span class='ocrx_word' id='word_1_207' title='bbox 1929 1818 1964 1872; x_wconf 80' lang='lat' dir='ltr'><strong>il</strong></span> 
     </span>
    </p>
   </div>
   <div class='ocr_carea' id='block_1_30' title="bbox 2225 1802 3757 1888">
    <p class='ocr_par' dir='ltr' id='par_1_30' title="bbox 2233 1802 3757 1885">
     <span class='ocr_line' id='line_1_31' title="bbox 2233 1802 3757 1885; baseline -0.012 -15"><span class='ocrx_word' id='word_1_208' title='bbox 2233 1813 2384 1885; x_wconf 86' lang='grc' dir='ltr'>αύτῷ</span> <span class='ocrx_word' id='word_1_209' title='bbox 2451 1810 2783 1884; x_wconf 81' lang='grc' dir='ltr'>προσϐαλεῖν</span> <span class='ocrx_word' id='word_1_210' title='bbox 2832 1804 3109 1881; x_wconf 69' lang='grc' dir='ltr'>[ἔμελλεν]</span> <span class='ocrx_word' id='word_1_211' title='bbox 3154 1804 3184 1858; x_wconf 88' lang='lat'><strong>6</strong></span> <span class='ocrx_word' id='word_1_212' title='bbox 3240 1802 3548 1875; x_wconf 76' lang='grc' dir='ltr'><strong>πειράζων,</strong></span> <span class='ocrx_word' id='word_1_213' title='bbox 3603 1802 3757 1870; x_wconf 57' lang='grc' dir='ltr'>πρὶς</span> 
     </span>
    </p>
   </div>
   <div class='ocr_carea' id='block_1_31' title="bbox 437 1895 1969 1978">
    <p class='ocr_par' dir='ltr' id='par_1_31' title="bbox 437 1904 1967 1977">
     <span class='ocr_line' id='line_1_32' title="bbox 437 1904 1967 1977; baseline 0.005 -22"><span class='ocrx_word' id='word_1_214' title='bbox 437 1905 579 1958; x_wconf 76' lang='lat' dir='ltr'><strong>venit</strong></span> <span class='ocrx_word' id='word_1_215' title='bbox 594 1913 737 1959; x_wconf 88' lang='lat' dir='ltr'><strong>etur.</strong></span> <span class='ocrx_word' id='word_1_216' title='bbox 755 1904 822 1960; x_wconf 87' lang='lat' dir='ltr'><strong>Et</strong></span> <span class='ocrx_word' id='word_1_217' title='bbox 838 1915 966 1962; x_wconf 87' lang='lat' dir='ltr'><strong>ante</strong></span> <span class='ocrx_word' id='word_1_218' title='bbox 986 1906 1276 1962; x_wconf 89' lang='lat' dir='ltr'><strong>Dominum</strong></span> <span class='ocrx_word' id='word_1_219' title='bbox 1296 1906 1471 1961; x_wconf 87' lang='lat' dir='ltr'><strong>Eliam</strong></span> <span class='ocrx_word' id='word_1_220' title='bbox 1491 1906 1817 1977; x_wconf 83' lang='lat' dir='ltr'><strong>prophetam</strong></span> <span class='ocrx_word' id='word_1_221' title='bbox 1833 1908 1967 1962; x_wconf 90' lang='lat' dir='ltr'><strong>code</strong></span> 
     </span>
    </p>
   </div>
   <div class='ocr_carea' id='block_1_32' title="bbox 2224 1895 3756 1978">
    <p class='ocr_par' dir='ltr' id='par_1_32' title="bbox 2224 1895 3756 1974">
     <span class='ocr_line' id='line_1_33' title="bbox 2224 1895 3756 1974; baseline -0.008 -12"><span class='ocrx_word' id='word_1_222' title='bbox 2224 1907 2324 1962; x_wconf 71' lang='grc' dir='ltr'>ὒνα</span> <span class='ocrx_word' id='word_1_223' title='bbox 2361 1904 2629 1961; x_wconf 80' lang='grc' dir='ltr'>ἀπεδύετο</span> <span class='ocrx_word' id='word_1_224' title='bbox 2656 1921 2673 1937; x_wconf 92' lang='grc'><strong>·</strong></span> <span class='ocrx_word' id='word_1_225' title='bbox 2701 1902 2798 1958; x_wconf 71' lang='grc' dir='ltr'>καὶ</span> <span class='ocrx_word' id='word_1_226' title='bbox 2826 1901 2935 1974; x_wconf 76' lang='grc' dir='ltr'><strong>πρό</strong></span> <span class='ocrx_word' id='word_1_227' title='bbox 2965 1917 3031 1970; x_wconf 86' lang='grc' dir='ltr'><strong>γε</strong></span> <span class='ocrx_word' id='word_1_228' title='bbox 3056 1898 3153 1954; x_wconf 82' lang='grc' dir='ltr'><strong>τοῦ</strong></span> <span class='ocrx_word' id='word_1_229' title='bbox 3174 1897 3447 1952; x_wconf 83' lang='grc' dir='ltr'>Δεσπότου</span> <span class='ocrx_word' id='word_1_230' title='bbox 3474 1898 3505 1951; x_wconf 86' lang='lat'><strong>6</strong></span> <span class='ocrx_word' id='word_1_231' title='bbox 3530 1895 3756 1966; x_wconf 73' lang='grc' dir='ltr'>προφή-</span> 
     </span>
    </p>
   </div>
   <div class='ocr_carea' id='block_1_33' title="bbox 434 1986 1966 2075">
    <p class='ocr_par' dir='ltr' id='par_1_33' title="bbox 434 1998 1966 2072">
     <span class='ocr_line' id='line_1_34' title="bbox 434 1998 1966 2072; baseline 0.002 -20"><span class='ocrx_word' id='word_1_232' title='bbox 434 1998 649 2067; x_wconf 68' lang='lat' dir='ltr'><strong>dierum</strong></span> <span class='ocrx_word' id='word_1_233' title='bbox 680 2014 911 2053; x_wconf 90' lang='lat' dir='ltr'><strong>numero</strong></span> <span class='ocrx_word' id='word_1_234' title='bbox 943 1998 997 2054; x_wconf 93' lang='lat' dir='ltr'><strong>in</strong></span> <span class='ocrx_word' id='word_1_235' title='bbox 1020 1998 1245 2069; x_wconf 87' lang='lat' dir='ltr'><strong>jejuniis</strong></span> <span class='ocrx_word' id='word_1_236' title='bbox 1274 2010 1553 2055; x_wconf 90' lang='lat' dir='ltr'><strong>moratum</strong></span> <span class='ocrx_word' id='word_1_237' title='bbox 1593 2002 1773 2056; x_wconf 81' lang='lat' dir='ltr'><strong>fuisse</strong></span> <span class='ocrx_word' id='word_1_238' title='bbox 1802 2001 1966 2072; x_wconf 84' lang='lat' dir='ltr'><strong>legitu</strong></span> 
     </span>
    </p>
   </div>
   <div class='ocr_carea' id='block_1_34' title="bbox 2220 1986 3752 2075">
    <p class='ocr_par' dir='ltr' id='par_1_34' title="bbox 2220 1986 3752 2069">
     <span class='ocr_line' id='line_1_35' title="bbox 2220 1986 3752 2069; baseline -0.015 -11"><span class='ocrx_word' id='word_1_239' title='bbox 2220 2020 2235 2067; x_wconf 84' lang='lat'><strong><em>;</em></strong></span> <span class='ocrx_word' id='word_1_240' title='bbox 2288 2000 2496 2066; x_wconf 83' lang='grc' dir='ltr'>Ἠλίας,</span> <span class='ocrx_word' id='word_1_241' title='bbox 2528 1996 2802 2060; x_wconf 75' lang='grc' dir='ltr'><strong>τοσαύτας</strong></span> <span class='ocrx_word' id='word_1_242' title='bbox 2825 1994 3045 2069; x_wconf 76' lang='grc' dir='ltr'>ἡμέρας</span> <span class='ocrx_word' id='word_1_243' title='bbox 3061 1990 3313 2046; x_wconf 88' lang='grc' dir='ltr'>διανύσαι</span> <span class='ocrx_word' id='word_1_244' title='bbox 3343 1990 3403 2042; x_wconf 75' lang='grc' dir='ltr'><strong>έν</strong></span> <span class='ocrx_word' id='word_1_245' title='bbox 3442 1986 3752 2059; x_wconf 74' lang='grc' dir='ltr'><strong>νηστείαις</strong></span> 
     </span>
    </p>
   </div>
   <div class='ocr_carea' id='block_1_35' title="bbox 440 2078 1972 2166">
    <p class='ocr_par' dir='ltr' id='par_1_35' title="bbox 440 2089 1966 2164">
     <span class='ocr_line' id='line_1_36' title="bbox 440 2089 1966 2164; baseline 0.003 -20"><span class='ocrx_word' id='word_1_246' title='bbox 440 2101 495 2144; x_wconf 84' lang='lat' dir='ltr'><strong>et</strong></span> <span class='ocrx_word' id='word_1_247' title='bbox 524 2089 689 2145; x_wconf 85' lang='lat' dir='ltr'><strong>etiam</strong></span> <span class='ocrx_word' id='word_1_248' title='bbox 721 2100 847 2145; x_wconf 86' lang='lat' dir='ltr'><strong>ante</strong></span> <span class='ocrx_word' id='word_1_249' title='bbox 878 2092 1031 2157; x_wconf 87' lang='lat' dir='ltr'><strong>illum</strong></span> <span class='ocrx_word' id='word_1_250' title='bbox 1065 2092 1315 2164; x_wconf 76' lang='lat' dir='ltr'><strong>Moysen,</strong></span> <span class='ocrx_word' id='word_1_251' title='bbox 1369 2093 1424 2147; x_wconf 92' lang='lat' dir='ltr'><strong>in</strong></span> <span class='ocrx_word' id='word_1_252' title='bbox 1458 2101 1645 2149; x_wconf 89' lang='lat' dir='ltr'><strong>monte</strong></span> <span class='ocrx_word' id='word_1_253' title='bbox 1692 2092 1869 2160; x_wconf 87' lang='lat' dir='ltr'><strong>Sinai,</strong></span> <span class='ocrx_word' id='word_1_254' title='bbox 1900 2109 1966 2150; x_wconf 87' lang='lat' dir='ltr'><strong>cu</strong></span> 
     </span>
    </p>
   </div>
   <div class='ocr_carea' id='block_1_36' title="bbox 2220 2078 3752 2166">
    <p class='ocr_par' dir='ltr' id='par_1_36' title="bbox 2220 2078 3752 2166">
     <span class='ocr_line' id='line_1_37' title="bbox 2220 2078 3752 2166; baseline -0.012 -17"><span class='ocrx_word' id='word_1_255' title='bbox 2220 2095 2544 2166; x_wconf 82' lang='grc' dir='ltr'>ιγέγραπται</span> <span class='ocrx_word' id='word_1_256' title='bbox 2568 2107 2583 2124; x_wconf 92' lang='grc'><strong>·</strong></span> <span class='ocrx_word' id='word_1_257' title='bbox 2613 2090 2710 2145; x_wconf 75' lang='grc' dir='ltr'>καὶ</span> <span class='ocrx_word' id='word_1_258' title='bbox 2750 2088 2834 2145; x_wconf 72' lang='grc' dir='ltr'>ἔτι</span> <span class='ocrx_word' id='word_1_259' title='bbox 2865 2087 2973 2159; x_wconf 83' lang='grc' dir='ltr'>πρὸ</span> <span class='ocrx_word' id='word_1_260' title='bbox 3015 2084 3211 2139; x_wconf 89' lang='grc' dir='ltr'>τούτου</span> <span class='ocrx_word' id='word_1_261' title='bbox 3263 2080 3510 2150; x_wconf 83' lang='grc' dir='ltr'><strong>Μωῦσῆς</strong></span> <span class='ocrx_word' id='word_1_262' title='bbox 3574 2081 3638 2133; x_wconf 72' lang='grc' dir='ltr'>ἐν</span> <span class='ocrx_word' id='word_1_263' title='bbox 3668 2078 3752 2149; x_wconf 80' lang='grc' dir='ltr'><strong>τῷ</strong></span> 
     </span>
    </p>
   </div>
   <div class='ocr_carea' id='block_1_37' title="bbox 440 2176 1972 2261">
    <p class='ocr_par' dir='ltr' id='par_1_37' title="bbox 440 2184 1972 2257">
     <span class='ocr_line' id='line_1_38' title="bbox 440 2184 1972 2257; baseline 0.003 -19"><span class='ocrx_word' id='word_1_264' title='bbox 440 2184 507 2238; x_wconf 80' lang='lat' dir='ltr'><strong>al</strong></span> <span class='ocrx_word' id='word_1_265' title='bbox 544 2184 754 2239; x_wconf 87' lang='lat' dir='ltr'><strong>tabulas</strong></span> <span class='ocrx_word' id='word_1_266' title='bbox 785 2185 916 2255; x_wconf 84' lang='lat' dir='ltr'><strong>legis</strong></span> <span class='ocrx_word' id='word_1_267' title='bbox 941 2201 971 2239; x_wconf 93' lang='lat' dir='ltr'><strong>a</strong></span> <span class='ocrx_word' id='word_1_268' title='bbox 1004 2186 1112 2241; x_wconf 90' lang='lat' dir='ltr'><strong>Deo</strong></span> <span class='ocrx_word' id='word_1_269' title='bbox 1137 2186 1477 2257; x_wconf 88' lang='lat' dir='ltr'><strong>recipiendas</strong></span> <span class='ocrx_word' id='word_1_270' title='bbox 1507 2201 1636 2241; x_wconf 87' lang='lat' dir='ltr'><strong>sese</strong></span> <span class='ocrx_word' id='word_1_271' title='bbox 1661 2201 1972 2257; x_wconf 82' lang='lat' dir='ltr'><strong>comparare</strong></span> 
     </span>
    </p>
   </div>
   <div class='ocr_carea' id='block_1_38' title="bbox 2220 2176 3752 2261">
    <p class='ocr_par' dir='ltr' id='par_1_38' title="bbox 2220 2176 3752 2261">
     <span class='ocr_line' id='line_1_39' title="bbox 2220 2176 3752 2261; baseline -0.009 -21"><span class='ocrx_word' id='word_1_272' title='bbox 2220 2189 2336 2260; x_wconf 77' lang='grc' dir='ltr'>ιαίῳ</span> <span class='ocrx_word' id='word_1_273' title='bbox 2365 2188 2479 2261; x_wconf 92' lang='grc' dir='ltr'>ὄρει</span> <span class='ocrx_word' id='word_1_274' title='bbox 2526 2185 2690 2259; x_wconf 73' lang='grc' dir='ltr'>ἡνίκα</span> <span class='ocrx_word' id='word_1_275' title='bbox 2740 2184 2841 2249; x_wconf 80' lang='grc' dir='ltr'>τὰς</span> <span class='ocrx_word' id='word_1_276' title='bbox 2897 2180 3116 2248; x_wconf 76' lang='grc' dir='ltr'>πλάκας</span> <span class='ocrx_word' id='word_1_277' title='bbox 3163 2178 3350 2236; x_wconf 80' lang='grc' dir='ltr'>θεόθεν</span> <span class='ocrx_word' id='word_1_278' title='bbox 3378 2176 3573 2230; x_wconf 82' lang='grc' dir='ltr'>λαϐεῖν</span> <span class='ocrx_word' id='word_1_279' title='bbox 3593 2190 3752 2245; x_wconf 57' lang='grc' dir='ltr'>παρ-</span> 
     </span>
    </p>
   </div>
   <div class='ocr_carea' id='block_1_39' title="bbox 438 2268 1970 2350">
    <p class='ocr_par' dir='ltr' id='par_1_39' title="bbox 438 2275 1943 2350">
     <span class='ocr_line' id='line_1_40' title="bbox 438 2275 1943 2350; baseline 0.004 -22"><span class='ocrx_word' id='word_1_280' title='bbox 438 2275 685 2341; x_wconf 66' lang='lat' dir='ltr'><strong>Quaistio</strong></span> <span class='ocrx_word' id='word_1_281' title='bbox 714 2292 846 2346; x_wconf 71' lang='lat' dir='ltr'><strong>ergo</strong></span> <span class='ocrx_word' id='word_1_282' title='bbox 890 2293 953 2332; x_wconf 89' lang='lat' dir='ltr'><strong>ea</strong></span> <span class='ocrx_word' id='word_1_283' title='bbox 985 2287 1088 2333; x_wconf 91' lang='lat' dir='ltr'><strong>est.</strong></span> <span class='ocrx_word' id='word_1_284' title='bbox 1130 2278 1288 2335; x_wconf 84' lang='lat' dir='ltr'><strong>Alius</strong></span> <span class='ocrx_word' id='word_1_285' title='bbox 1342 2277 1483 2335; x_wconf 82' lang='lat' dir='ltr'><strong>forte</strong></span> <span class='ocrx_word' id='word_1_286' title='bbox 1533 2279 1943 2350; x_wconf 78' lang='lat' dir='ltr'><strong>profundiorem</strong></span> 
     </span>
    </p>
   </div>
   <div class='ocr_carea' id='block_1_40' title="bbox 2224 2268 3756 2350">
    <p class='ocr_par' dir='ltr' id='par_1_40' title="bbox 2224 2268 3756 2350">
     <span class='ocr_line' id='line_1_41' title="bbox 2224 2268 3756 2350; baseline -0.012 -14"><span class='ocrx_word' id='word_1_287' title='bbox 2224 2283 2465 2348; x_wconf 78' lang='grc' dir='ltr'>ιευάζετο</span> <span class='ocrx_word' id='word_1_288' title='bbox 2496 2295 2512 2311; x_wconf 91' lang='grc'><strong>·</strong></span> <span class='ocrx_word' id='word_1_289' title='bbox 2549 2280 2585 2346; x_wconf 83' lang='grc' dir='ltr'>ἡ</span> <span class='ocrx_word' id='word_1_290' title='bbox 2616 2279 2716 2350; x_wconf 82' lang='grc' dir='ltr'>μὲν</span> <span class='ocrx_word' id='word_1_291' title='bbox 2750 2277 2845 2331; x_wconf 79' lang='grc' dir='ltr'>οὖν</span> <span class='ocrx_word' id='word_1_292' title='bbox 2901 2275 3130 2347; x_wconf 79' lang='grc' dir='ltr'>ζήτησις</span> <span class='ocrx_word' id='word_1_293' title='bbox 3180 2272 3345 2342; x_wconf 79' lang='grc' dir='ltr'>αὕτη.</span> <span class='ocrx_word' id='word_1_294' title='bbox 3407 2270 3575 2324; x_wconf 73' lang='grc' dir='ltr'>Ἀλλὰ</span> <span class='ocrx_word' id='word_1_295' title='bbox 3636 2268 3756 2343; x_wconf 54' lang='grc' dir='ltr'>γὰρ</span> 
     </span>
    </p>
   </div>
   <div class='ocr_carea' id='block_1_41' title="bbox 443 2362 1975 2450">
    <p class='ocr_par' dir='ltr' id='par_1_41' title="bbox 443 2366 1975 2443">
     <span class='ocr_line' id='line_1_42' title="bbox 443 2366 1975 2443; baseline 0.006 -25"><span class='ocrx_word' id='word_1_296' title='bbox 443 2366 850 2433; x_wconf 82' lang='lat' dir='ltr'><strong>sublimiorem,</strong></span> <span class='ocrx_word' id='word_1_297' title='bbox 882 2384 983 2425; x_wconf 87' lang='lat' dir='ltr'><strong>nec</strong></span> <span class='ocrx_word' id='word_1_298' title='bbox 1007 2386 1119 2426; x_wconf 93' lang='lat' dir='ltr'><strong>non</strong></span> <span class='ocrx_word' id='word_1_299' title='bbox 1150 2380 1205 2426; x_wconf 86' lang='lat' dir='ltr'><strong>et</strong></span> <span class='ocrx_word' id='word_1_300' title='bbox 1228 2370 1479 2427; x_wconf 89' lang='lat' dir='ltr'><strong>altiorem</strong></span> <span class='ocrx_word' id='word_1_301' title='bbox 1500 2383 1555 2429; x_wconf 87' lang='lat' dir='ltr'><strong>et</strong></span> <span class='ocrx_word' id='word_1_302' title='bbox 1580 2373 1755 2443; x_wconf 79' lang='lat' dir='ltr'><strong>magis</strong></span> <span class='ocrx_word' id='word_1_303' title='bbox 1785 2374 1975 2428; x_wconf 78' lang='lat' dir='ltr'><strong>divina</strong></span> 
     </span>
    </p>
   </div>
   <div class='ocr_carea' id='block_1_42' title="bbox 2218 2362 3750 2450">
    <p class='ocr_par' dir='ltr' id='par_1_42' title="bbox 2218 2362 3750 2448">
     <span class='ocr_line' id='line_1_43' title="bbox 2218 2362 3750 2448; baseline -0.012 -18"><span class='ocrx_word' id='word_1_304' title='bbox 2218 2394 2237 2430; x_wconf 73' lang='grc' dir='ltr'><strong>ν</strong></span> <span class='ocrx_word' id='word_1_305' title='bbox 2274 2376 2372 2448; x_wconf 78' lang='grc' dir='ltr'>μὲν</span> <span class='ocrx_word' id='word_1_306' title='bbox 2404 2373 2711 2445; x_wconf 82' lang='grc' dir='ltr'>βαθυτέραν</span> <span class='ocrx_word' id='word_1_307' title='bbox 2743 2370 2842 2425; x_wconf 71' lang='grc' dir='ltr'>καὶ</span> <span class='ocrx_word' id='word_1_308' title='bbox 2870 2365 3326 2441; x_wconf 77' lang='grc' dir='ltr'>ἀπορρητοτέραν</span> <span class='ocrx_word' id='word_1_309' title='bbox 3382 2362 3568 2418; x_wconf 76' lang='grc' dir='ltr'>αἰτίαν</span> <span class='ocrx_word' id='word_1_310' title='bbox 3612 2364 3750 2423; x_wconf 71' lang='grc' dir='ltr'>ἴσως</span> 
     </span>
    </p>
   </div>
   <div class='ocr_carea' id='block_1_43' title="bbox 442 2457 1974 2535">
    <p class='ocr_par' dir='ltr' id='par_1_43' title="bbox 442 2461 1974 2534">
     <span class='ocr_line' id='line_1_44' title="bbox 442 2461 1974 2534; baseline 0.004 -19"><span class='ocrx_word' id='word_1_311' title='bbox 442 2474 689 2523; x_wconf 86' lang='lat' dir='ltr'><strong>causam,</strong></span> <span class='ocrx_word' id='word_1_312' title='bbox 748 2461 924 2518; x_wconf 88' lang='lat' dir='ltr'><strong>oculis</strong></span> <span class='ocrx_word' id='word_1_313' title='bbox 958 2465 1025 2517; x_wconf 89' lang='lat' dir='ltr'><strong>ad</strong></span> <span class='ocrx_word' id='word_1_314' title='bbox 1068 2464 1360 2534; x_wconf 75' lang='lat' dir='ltr'><strong>praedictos</strong></span> <span class='ocrx_word' id='word_1_315' title='bbox 1390 2465 1540 2522; x_wconf 87' lang='lat' dir='ltr'><strong>viros</strong></span> <span class='ocrx_word' id='word_1_316' title='bbox 1569 2466 1795 2522; x_wconf 88' lang='lat' dir='ltr'><strong>attentis</strong></span> <span class='ocrx_word' id='word_1_317' title='bbox 1827 2475 1883 2522; x_wconf 89' lang='lat' dir='ltr'><strong>et</strong></span> <span class='ocrx_word' id='word_1_318' title='bbox 1919 2466 1974 2521; x_wconf 82' lang='lat' dir='ltr'><strong>el</strong></span> 
     </span>
    </p>
   </div>
   <div class='ocr_carea' id='block_1_44' title="bbox 2218 2457 3750 2535">
    <p class='ocr_par' dir='ltr' id='par_1_44' title="bbox 2230 2457 3750 2535">
     <span class='ocr_line' id='line_1_45' title="bbox 2230 2457 3750 2535; baseline -0.011 -10"><span class='ocrx_word' id='word_1_319' title='bbox 2230 2488 2315 2534; x_wconf 88' lang='grc' dir='ltr'><strong>τις</strong></span> <span class='ocrx_word' id='word_1_320' title='bbox 2371 2468 2530 2532; x_wconf 79' lang='grc' dir='ltr'>ἄλλος</span> <span class='ocrx_word' id='word_1_321' title='bbox 2561 2467 2705 2522; x_wconf 84' lang='grc' dir='ltr'>κατὰ</span> <span class='ocrx_word' id='word_1_322' title='bbox 2735 2465 2865 2528; x_wconf 75' lang='grc' dir='ltr'>τοὺς</span> <span class='ocrx_word' id='word_1_323' title='bbox 2898 2460 3339 2535; x_wconf 82' lang='grc' dir='ltr'>προειρημένους</span> <span class='ocrx_word' id='word_1_324' title='bbox 3385 2458 3595 2530; x_wconf 81' lang='grc' dir='ltr'>ἄνδρας</span> <span class='ocrx_word' id='word_1_325' title='bbox 3652 2457 3750 2510; x_wconf 79' lang='grc' dir='ltr'><strong>ἀν-</strong></span> 
     </span>
    </p>
   </div>
   <div class='ocr_carea' id='block_1_45' title="bbox 440 2552 1972 2637">
    <p class='ocr_par' dir='ltr' id='par_1_45' title="bbox 440 2554 1963 2620">
     <span class='ocr_line' id='line_1_46' title="bbox 440 2554 1963 2620; baseline 0.005 -14"><span class='ocrx_word' id='word_1_326' title='bbox 440 2554 604 2618; x_wconf 69' lang='lat' dir='ltr'><strong>vmis,</strong></span> <span class='ocrx_word' id='word_1_327' title='bbox 636 2557 812 2608; x_wconf 89' lang='lat' dir='ltr'><strong>daret.</strong></span> <span class='ocrx_word' id='word_1_328' title='bbox 841 2554 975 2620; x_wconf 66' lang='lat' dir='ltr'><strong>Quae</strong></span> <span class='ocrx_word' id='word_1_329' title='bbox 1012 2566 1193 2611; x_wconf 89' lang='lat' dir='ltr'><strong>autem</strong></span> <span class='ocrx_word' id='word_1_330' title='bbox 1218 2558 1380 2613; x_wconf 87' lang='lat' dir='ltr'><strong>nobis</strong></span> <span class='ocrx_word' id='word_1_331' title='bbox 1409 2559 1465 2614; x_wconf 93' lang='lat' dir='ltr'><strong>in</strong></span> <span class='ocrx_word' id='word_1_332' title='bbox 1497 2568 1735 2615; x_wconf 80' lang='lat' dir='ltr'><strong>mentem</strong></span> <span class='ocrx_word' id='word_1_333' title='bbox 1762 2575 1963 2615; x_wconf 89' lang='lat' dir='ltr'><strong>veneru</strong></span> 
     </span>
    </p>
   </div>
   <div class='ocr_carea' id='block_1_46' title="bbox 2219 2552 3751 2637">
    <p class='ocr_par' dir='ltr' id='par_1_46' title="bbox 2219 2552 3751 2635">
     <span class='ocr_line' id='line_1_47' title="bbox 2219 2552 3751 2635; baseline -0.01 -17"><span class='ocrx_word' id='word_1_334' title='bbox 2219 2564 2384 2635; x_wconf 88' lang='grc' dir='ltr'>μένος</span> <span class='ocrx_word' id='word_1_335' title='bbox 2409 2580 2471 2616; x_wconf 90' lang='grc' dir='ltr'><strong>τε</strong></span> <span class='ocrx_word' id='word_1_336' title='bbox 2522 2560 2620 2615; x_wconf 74' lang='grc' dir='ltr'>καὶ</span> <span class='ocrx_word' id='word_1_337' title='bbox 2649 2559 2945 2631; x_wconf 84' lang='grc' dir='ltr'>μετάρσιος</span> <span class='ocrx_word' id='word_1_338' title='bbox 2969 2556 3070 2629; x_wconf 80' lang='grc' dir='ltr'>τὴν</span> <span class='ocrx_word' id='word_1_339' title='bbox 3099 2555 3369 2626; x_wconf 75' lang='grc' dir='ltr'>θεωρίαν,</span> <span class='ocrx_word' id='word_1_340' title='bbox 3399 2552 3751 2624; x_wconf 71' lang='grc' dir='ltr'>ὑψηλοτέραν</span> 
     </span>
    </p>
   </div>
   <div class='ocr_carea' id='block_1_47' title="bbox 438 2645 1970 2726">
    <p class='ocr_par' dir='ltr' id='par_1_47' title="bbox 438 2645 1970 2722">
     <span class='ocr_line' id='line_1_48' title="bbox 438 2645 1970 2722; baseline 0.007 -23"><span class='ocrx_word' id='word_1_341' title='bbox 438 2645 712 2703; x_wconf 85' lang='lat' dir='ltr'><strong>dicemus.</strong></span> <span class='ocrx_word' id='word_1_342' title='bbox 738 2646 843 2703; x_wconf 78' lang='lat' dir='ltr'><strong>Sex</strong></span> <span class='ocrx_word' id='word_1_343' title='bbox 873 2648 1066 2708; x_wconf 87' lang='lat' dir='ltr'><strong>diebus</strong></span> <span class='ocrx_word' id='word_1_344' title='bbox 1101 2651 1246 2707; x_wconf 91' lang='lat' dir='ltr'><strong>Deus</strong></span> <span class='ocrx_word' id='word_1_345' title='bbox 1276 2651 1422 2707; x_wconf 84' lang='lat' dir='ltr'><strong>hunc</strong></span> <span class='ocrx_word' id='word_1_346' title='bbox 1452 2661 1776 2722; x_wconf 70' lang='lat' dir='ltr'><strong>praesentem</strong></span> <span class='ocrx_word' id='word_1_347' title='bbox 1803 2660 1860 2709; x_wconf 93' lang='lat' dir='ltr'><strong>et</strong></span> <span class='ocrx_word' id='word_1_348' title='bbox 1897 2654 1970 2709; x_wconf 82' lang='lat' dir='ltr'><strong>vis</strong></span> 
     </span>
    </p>
   </div>
   <div class='ocr_carea' id='block_1_48' title="bbox 2209 2645 3741 2726">
    <p class='ocr_par' dir='ltr' id='par_1_48' title="bbox 2229 2647 3741 2726">
     <span class='ocr_line' id='line_1_49' title="bbox 2229 2647 3741 2726; baseline -0.009 -15"><span class='ocrx_word' id='word_1_349' title='bbox 2229 2657 2326 2711; x_wconf 75' lang='grc' dir='ltr'>καὶ</span> <span class='ocrx_word' id='word_1_350' title='bbox 2386 2655 2669 2726; x_wconf 86' lang='grc' dir='ltr'>θειοτέραν</span> <span class='ocrx_word' id='word_1_351' title='bbox 2722 2650 3082 2707; x_wconf 84' lang='grc' dir='ltr'>ἀποδώσειεν·</span> <span class='ocrx_word' id='word_1_352' title='bbox 3134 2649 3259 2703; x_wconf 77' lang='grc' dir='ltr'><strong>ἆδὲ</strong></span> <span class='ocrx_word' id='word_1_353' title='bbox 3315 2650 3397 2711; x_wconf 76' lang='grc' dir='ltr'><strong>εἰς</strong></span> <span class='ocrx_word' id='word_1_354' title='bbox 3450 2647 3741 2718; x_wconf 78' lang='grc' dir='ltr'>ἡμετέραν</span> 
     </span>
    </p>
   </div>
   <div class='ocr_carea' id='block_1_49' title="bbox 439 2737 1971 2825">
    <p class='ocr_par' dir='ltr' id='par_1_49' title="bbox 439 2738 1971 2817">
     <span class='ocr_line' id='line_1_50' title="bbox 439 2738 1971 2817; baseline 0.006 -25"><span class='ocrx_word' id='word_1_355' title='bbox 439 2738 605 2798; x_wconf 80' lang='lat' dir='ltr'><strong>bilem</strong></span> <span class='ocrx_word' id='word_1_356' title='bbox 636 2742 900 2800; x_wconf 80' lang='lat' dir='ltr'><strong>mundum</strong></span> <span class='ocrx_word' id='word_1_357' title='bbox 927 2744 1156 2808; x_wconf 85' lang='lat' dir='ltr'><strong>creavit,</strong></span> <span class='ocrx_word' id='word_1_358' title='bbox 1187 2745 1422 2815; x_wconf 89' lang='lat' dir='ltr'><strong>septima</strong></span> <span class='ocrx_word' id='word_1_359' title='bbox 1456 2754 1642 2800; x_wconf 89' lang='lat' dir='ltr'><strong>autem</strong></span> <span class='ocrx_word' id='word_1_360' title='bbox 1680 2746 1771 2801; x_wconf 91' lang='lat' dir='ltr'><strong>die</strong></span> <span class='ocrx_word' id='word_1_361' title='bbox 1805 2747 1971 2817; x_wconf 49' lang='lat' dir='ltr'><strong>requit</strong></span> 
     </span>
    </p>
   </div>
   <div class='ocr_carea' id='block_1_50' title="bbox 2219 2737 3751 2825">
    <p class='ocr_par' dir='ltr' id='par_1_50' title="bbox 2219 2737 3751 2821">
     <span class='ocr_line' id='line_1_51' title="bbox 2219 2737 3751 2821; baseline -0.01 -17"><span class='ocrx_word' id='word_1_362' title='bbox 2219 2767 2240 2804; x_wconf 85' lang='grc' dir='ltr'><strong>ε</strong></span> <span class='ocrx_word' id='word_1_363' title='bbox 2274 2749 2532 2821; x_wconf 83' lang='grc' dir='ltr'>μάθησιν,</span> <span class='ocrx_word' id='word_1_364' title='bbox 2567 2745 2824 2818; x_wconf 79' lang='grc' dir='ltr'>ἐροῦμεν.</span> <span class='ocrx_word' id='word_1_365' title='bbox 2886 2741 2977 2797; x_wconf 87' lang='grc' dir='ltr'><strong>Ἐν</strong></span> <span class='ocrx_word' id='word_1_366' title='bbox 3017 2741 3078 2807; x_wconf 83' lang='grc' dir='ltr'><strong>ἓξ</strong></span> <span class='ocrx_word' id='word_1_367' title='bbox 3139 2740 3378 2812; x_wconf 80' lang='grc' dir='ltr'>ἡμέραις</span> <span class='ocrx_word' id='word_1_368' title='bbox 3426 2744 3455 2792; x_wconf 72' lang='grc' dir='ltr'><strong>ὁ</strong></span> <span class='ocrx_word' id='word_1_369' title='bbox 3483 2737 3625 2799; x_wconf 79' lang='grc' dir='ltr'>Θεὸς</span> <span class='ocrx_word' id='word_1_370' title='bbox 3656 2737 3751 2789; x_wconf 76' lang='grc' dir='ltr'>τὸν</span> 
     </span>
    </p>
   </div>
   <div class='ocr_carea' id='block_1_51' title="bbox 440 2827 1972 2913">
    <p class='ocr_par' dir='ltr' id='par_1_51' title="bbox 440 2827 1972 2905">
     <span class='ocr_line' id='line_1_52' title="bbox 440 2827 1972 2905; baseline 0.007 -26"><span class='ocrx_word' id='word_1_371' title='bbox 440 2827 519 2880; x_wconf 87' lang='lat' dir='ltr'><strong>vit</strong></span> <span class='ocrx_word' id='word_1_372' title='bbox 546 2827 614 2883; x_wconf 85' lang='lat' dir='ltr'><strong>ab</strong></span> <span class='ocrx_word' id='word_1_373' title='bbox 634 2831 785 2885; x_wconf 84' lang='lat' dir='ltr'><strong>omni</strong></span> <span class='ocrx_word' id='word_1_374' title='bbox 822 2846 1008 2901; x_wconf 80' lang='lat' dir='ltr'><strong>Opere,</strong></span> <span class='ocrx_word' id='word_1_375' title='bbox 1042 2842 1097 2889; x_wconf 93' lang='lat' dir='ltr'><strong>et</strong></span> <span class='ocrx_word' id='word_1_376' title='bbox 1121 2834 1283 2888; x_wconf 87' lang='lat' dir='ltr'><strong>linem</strong></span> <span class='ocrx_word' id='word_1_377' title='bbox 1311 2834 1641 2904; x_wconf 88' lang='lat' dir='ltr'><strong>perpulchro</strong></span> <span class='ocrx_word' id='word_1_378' title='bbox 1665 2836 1814 2905; x_wconf 86' lang='lat' dir='ltr'><strong>operi</strong></span> <span class='ocrx_word' id='word_1_379' title='bbox 1840 2836 1972 2891; x_wconf 57' lang='lat' dir='ltr'><strong>dedi:</strong></span> 
     </span>
    </p>
   </div>
   <div class='ocr_carea' id='block_1_52' title="bbox 2218 2827 3750 2913">
    <p class='ocr_par' dir='ltr' id='par_1_52' title="bbox 2223 2830 3750 2913">
     <span class='ocr_line' id='line_1_53' title="bbox 2223 2830 3750 2913; baseline -0.01 -18"><span class='ocrx_word' id='word_1_380' title='bbox 2223 2842 2385 2913; x_wconf 84' lang='grc' dir='ltr'>ρόντα</span> <span class='ocrx_word' id='word_1_381' title='bbox 2411 2840 2505 2893; x_wconf 74' lang='grc' dir='ltr'><strong>καὶ</strong></span> <span class='ocrx_word' id='word_1_382' title='bbox 2527 2837 2804 2911; x_wconf 83' lang='grc' dir='ltr'>ὁρώμενον</span> <span class='ocrx_word' id='word_1_383' title='bbox 2837 2833 3028 2889; x_wconf 78' lang='grc' dir='ltr'>τοῦτον</span> <span class='ocrx_word' id='word_1_384' title='bbox 3079 2834 3289 2902; x_wconf 83' lang='grc' dir='ltr'>κόσμον</span> <span class='ocrx_word' id='word_1_385' title='bbox 3312 2830 3750 2901; x_wconf 76' lang='grc' dir='ltr'>ἐδημιούργησε,</span> 
     </span>
    </p>
   </div>
   <div class='ocr_carea' id='block_1_53' title="bbox 439 2920 1971 3006">
    <p class='ocr_par' dir='ltr' id='par_1_53' title="bbox 439 2927 1971 2997">
     <span class='ocr_line' id='line_1_54' title="bbox 439 2927 1971 2997; baseline 0.005 -20"><span class='ocrx_word' id='word_1_386' title='bbox 439 2934 872 2979; x_wconf 82' lang='lat' dir='ltr'><strong>connunieratur</strong></span> <span class='ocrx_word' id='word_1_387' title='bbox 899 2936 1082 2981; x_wconf 89' lang='lat' dir='ltr'><strong>autem</strong></span> <span class='ocrx_word' id='word_1_388' title='bbox 1115 2927 1208 2982; x_wconf 91' lang='lat' dir='ltr'><strong>illa</strong></span> <span class='ocrx_word' id='word_1_389' title='bbox 1248 2942 1376 2982; x_wconf 90' lang='lat' dir='ltr'><strong>cum</strong></span> <span class='ocrx_word' id='word_1_390' title='bbox 1406 2928 1475 2984; x_wconf 91' lang='lat' dir='ltr'><strong>iis</strong></span> <span class='ocrx_word' id='word_1_391' title='bbox 1527 2944 1651 2997; x_wconf 70' lang='lat' dir='ltr'><strong>qua:</strong></span> <span class='ocrx_word' id='word_1_392' title='bbox 1682 2937 1813 2984; x_wconf 90' lang='lat' dir='ltr'><strong>sunt</strong></span> <span class='ocrx_word' id='word_1_393' title='bbox 1846 2937 1971 2985; x_wconf 83' lang='lat' dir='ltr'><strong>ante</strong></span> 
     </span>
    </p>
   </div>
   <div class='ocr_carea' id='block_1_54' title="bbox 2222 2920 3754 3006">
    <p class='ocr_par' dir='ltr' id='par_1_54' title="bbox 2268 2920 3754 3006">
     <span class='ocr_line' id='line_1_55' title="bbox 2268 2920 3754 3006; baseline -0.009 -19"><span class='ocrx_word' id='word_1_394' title='bbox 2268 2933 2325 2987; x_wconf 85' lang='grc' dir='ltr'>δὲ</span> <span class='ocrx_word' id='word_1_395' title='bbox 2358 2932 2568 3006; x_wconf 78' lang='grc' dir='ltr'>ἑϐδόμῃ</span> <span class='ocrx_word' id='word_1_396' title='bbox 2621 2930 2939 2985; x_wconf 84' lang='grc' dir='ltr'>κατέπαυσε</span> <span class='ocrx_word' id='word_1_397' title='bbox 2977 2926 3076 2999; x_wconf 75' lang='grc' dir='ltr'>μὲν</span> <span class='ocrx_word' id='word_1_398' title='bbox 3096 2925 3205 2981; x_wconf 83' lang='grc' dir='ltr'><strong>ἀπὸ</strong></span> <span class='ocrx_word' id='word_1_399' title='bbox 3245 2924 3352 2979; x_wconf 84' lang='grc' dir='ltr'><strong>τῶν</strong></span> <span class='ocrx_word' id='word_1_400' title='bbox 3397 2923 3582 2994; x_wconf 74' lang='grc' dir='ltr'>ἔργων</span> <span class='ocrx_word' id='word_1_401' title='bbox 3654 2920 3754 2979; x_wconf 76' lang='grc' dir='ltr'>καὶ</span> 
     </span>
    </p>
   </div>
   <div class='ocr_carea' id='block_1_55' title="bbox 442 3014 1974 3096">
    <p class='ocr_par' dir='ltr' id='par_1_55' title="bbox 442 3014 1971 3094">
     <span class='ocr_line' id='line_1_56' title="bbox 442 3014 1971 3094; baseline 0.007 -27"><span class='ocrx_word' id='word_1_402' title='bbox 442 3014 587 3069; x_wconf 83' lang='lat' dir='ltr'><strong>sicut</strong></span> <span class='ocrx_word' id='word_1_403' title='bbox 613 3026 667 3070; x_wconf 89' lang='lat' dir='ltr'><strong>et</strong></span> <span class='ocrx_word' id='word_1_404' title='bbox 693 3031 855 3072; x_wconf 87' lang='lat' dir='ltr'><strong>omne</strong></span> <span class='ocrx_word' id='word_1_405' title='bbox 875 3019 1141 3088; x_wconf 85' lang='lat' dir='ltr'><strong>temporis</strong></span> <span class='ocrx_word' id='word_1_406' title='bbox 1166 3021 1404 3092; x_wconf 88' lang='lat' dir='ltr'><strong>alicujus</strong></span> <span class='ocrx_word' id='word_1_407' title='bbox 1435 3023 1767 3094; x_wconf 88' lang='lat' dir='ltr'><strong>principium</strong></span> <span class='ocrx_word' id='word_1_408' title='bbox 1795 3033 1851 3079; x_wconf 91' lang='lat' dir='ltr'><strong>et</strong></span> <span class='ocrx_word' id='word_1_409' title='bbox 1879 3025 1971 3080; x_wconf 85' lang='lat' dir='ltr'><strong>iini</strong></span> 
     </span>
    </p>
   </div>
   <div class='ocr_carea' id='block_1_56' title="bbox 2222 3014 3754 3096">
    <p class='ocr_par' dir='ltr' id='par_1_56' title="bbox 2222 3014 3754 3096">
     <span class='ocr_line' id='line_1_57' title="bbox 2222 3014 3754 3096; baseline -0.008 -17"><span class='ocrx_word' id='word_1_410' title='bbox 2222 3044 2315 3094; x_wconf 87' lang='grc' dir='ltr'><strong>ρας</strong></span> <span class='ocrx_word' id='word_1_411' title='bbox 2368 3024 2535 3094; x_wconf 79' lang='grc' dir='ltr'>ἔθηκε</span> <span class='ocrx_word' id='word_1_412' title='bbox 2594 3022 2674 3096; x_wconf 83' lang='grc' dir='ltr'>τῷ</span> <span class='ocrx_word' id='word_1_413' title='bbox 2730 3021 3183 3092; x_wconf 83' lang='grc' dir='ltr'>φιλοτεχνήματι·</span> <span class='ocrx_word' id='word_1_414' title='bbox 3236 3014 3754 3088; x_wconf 77' lang='grc' dir='ltr'>συναριθμεῖταιᾶ</span> 
     </span>
    </p>
   </div>
   <div class='ocr_carea' id='block_1_57' title="bbox 444 3106 1976 3190">
    <p class='ocr_par' dir='ltr' id='par_1_57' title="bbox 444 3108 1976 3190">
     <span class='ocr_line' id='line_1_58' title="bbox 444 3108 1976 3190; baseline 0.009 -29"><span class='ocrx_word' id='word_1_415' title='bbox 444 3108 498 3167; x_wconf 89' lang='lat' dir='ltr'><strong>in</strong></span> <span class='ocrx_word' id='word_1_416' title='bbox 528 3111 908 3167; x_wconf 88' lang='lat' dir='ltr'><strong>numerationc</strong></span> <span class='ocrx_word' id='word_1_417' title='bbox 936 3113 1154 3169; x_wconf 88' lang='lat' dir='ltr'><strong>illorum</strong></span> <span class='ocrx_word' id='word_1_418' title='bbox 1187 3131 1312 3185; x_wconf 67' lang='lat' dir='ltr'><strong>quae</strong></span> <span class='ocrx_word' id='word_1_419' title='bbox 1338 3116 1634 3185; x_wconf 85' lang='lat' dir='ltr'><strong>inter-sunt,</strong></span> <span class='ocrx_word' id='word_1_420' title='bbox 1667 3122 1976 3190; x_wconf 71' lang='lat' dir='ltr'><strong>comprcliet</strong></span> 
     </span>
    </p>
   </div>
   <div class='ocr_carea' id='block_1_58' title="bbox 2220 3106 3752 3190">
    <p class='ocr_par' dir='ltr' id='par_1_58' title="bbox 2220 3106 3752 3186">
     <span class='ocr_line' id='line_1_59' title="bbox 2220 3106 3752 3186; baseline -0.007 -15"><span class='ocrx_word' id='word_1_421' title='bbox 2220 3119 2237 3171; x_wconf 77' lang='grc' dir='ltr'><strong>ί</strong></span> <span class='ocrx_word' id='word_1_422' title='bbox 2282 3115 2423 3186; x_wconf 73' lang='grc' dir='ltr'>αὕτη</span> <span class='ocrx_word' id='word_1_423' title='bbox 2470 3118 2590 3179; x_wconf 80' lang='grc' dir='ltr'>ταῖς</span> <span class='ocrx_word' id='word_1_424' title='bbox 2622 3114 2729 3184; x_wconf 86' lang='grc' dir='ltr'>πρὸ</span> <span class='ocrx_word' id='word_1_425' title='bbox 2780 3113 2951 3184; x_wconf 83' lang='grc' dir='ltr'>αὐτῆς</span> <span class='ocrx_word' id='word_1_426' title='bbox 2980 3151 2997 3177; x_wconf 90' lang='grc'><strong>,</strong></span> <span class='ocrx_word' id='word_1_427' title='bbox 3039 3110 3230 3182; x_wconf 81' lang='grc' dir='ltr'>ὥσπερ</span> <span class='ocrx_word' id='word_1_428' title='bbox 3267 3111 3363 3164; x_wconf 79' lang='grc' dir='ltr'>καὶ</span> <span class='ocrx_word' id='word_1_429' title='bbox 3410 3111 3565 3163; x_wconf 78' lang='grc' dir='ltr'>πᾶσα</span> <span class='ocrx_word' id='word_1_430' title='bbox 3603 3106 3752 3178; x_wconf 76' lang='grc' dir='ltr'><strong>ἀρχὴ</strong></span> 
     </span>
    </p>
   </div>
   <div class='ocr_carea' id='block_1_59' title="bbox 442 3199 1974 3280">
    <p class='ocr_par' dir='ltr' id='par_1_59' title="bbox 442 3201 1974 3273">
     <span class='ocr_line' id='line_1_60' title="bbox 442 3201 1974 3273; baseline 0.008 -19"><span class='ocrx_word' id='word_1_431' title='bbox 442 3201 683 3271; x_wconf 88' lang='lat' dir='ltr'><strong>duntur;</strong></span> <span class='ocrx_word' id='word_1_432' title='bbox 706 3212 760 3257; x_wconf 87' lang='lat' dir='ltr'><strong>et</strong></span> <span class='ocrx_word' id='word_1_433' title='bbox 788 3218 1029 3273; x_wconf 75' lang='lat' dir='ltr'><strong>praesens</strong></span> <span class='ocrx_word' id='word_1_434' title='bbox 1061 3208 1323 3263; x_wconf 73' lang='lat' dir='ltr'><strong>saeculum</strong></span> <span class='ocrx_word' id='word_1_435' title='bbox 1377 3210 1638 3266; x_wconf 90' lang='lat' dir='ltr'><strong>continua</strong></span> <span class='ocrx_word' id='word_1_436' title='bbox 1669 3211 1974 3269; x_wconf 88' lang='lat' dir='ltr'><strong>hebdomad</strong></span> 
     </span>
    </p>
   </div>
   <div class='ocr_carea' id='block_1_60' title="bbox 2221 3199 3753 3280">
    <p class='ocr_par' dir='ltr' id='par_1_60' title="bbox 2221 3199 3753 3275">
     <span class='ocr_line' id='line_1_61' title="bbox 2221 3199 3753 3275; baseline -0.008 -14"><span class='ocrx_word' id='word_1_437' title='bbox 2221 3208 2336 3261; x_wconf 72' lang='lat' dir='ltr'><strong>5v0u</strong></span> <span class='ocrx_word' id='word_1_438' title='bbox 2367 3206 2513 3269; x_wconf 77' lang='grc' dir='ltr'>τινὸς</span> <span class='ocrx_word' id='word_1_439' title='bbox 2537 3204 2634 3258; x_wconf 74' lang='grc' dir='ltr'>καὶ</span> <span class='ocrx_word' id='word_1_440' title='bbox 2664 3204 2838 3275; x_wconf 86' lang='grc' dir='ltr'>πέρας</span> <span class='ocrx_word' id='word_1_441' title='bbox 2869 3205 2928 3256; x_wconf 81' lang='grc' dir='ltr'>ὲν</span> <span class='ocrx_word' id='word_1_442' title='bbox 2966 3205 3033 3274; x_wconf 77' lang='grc' dir='ltr'><strong>τῇ</strong></span> <span class='ocrx_word' id='word_1_443' title='bbox 3068 3200 3471 3273; x_wconf 81' lang='grc' dir='ltr'>συναριθμήσει</span> <span class='ocrx_word' id='word_1_444' title='bbox 3507 3199 3624 3251; x_wconf 81' lang='grc' dir='ltr'><strong>τῶν</strong></span> <span class='ocrx_word' id='word_1_445' title='bbox 3653 3216 3753 3268; x_wconf 78' lang='grc' dir='ltr'>με-</span> 
     </span>
    </p>
   </div>
   <div class='ocr_carea' id='block_1_61' title="bbox 445 3282 1977 3370">
    <p class='ocr_par' dir='ltr' id='par_1_61' title="bbox 445 3294 1975 3370">
     <span class='ocr_line' id='line_1_62' title="bbox 445 3294 1975 3370; baseline 0.01 -24"><span class='ocrx_word' id='word_1_446' title='bbox 445 3295 498 3347; x_wconf 90' lang='lat' dir='ltr'><strong>in</strong></span> <span class='ocrx_word' id='word_1_447' title='bbox 527 3294 748 3349; x_wconf 93' lang='lat' dir='ltr'><strong>modum</strong></span> <span class='ocrx_word' id='word_1_448' title='bbox 781 3295 974 3351; x_wconf 90' lang='lat' dir='ltr'><strong>circuli</strong></span> <span class='ocrx_word' id='word_1_449' title='bbox 1016 3299 1160 3354; x_wconf 90' lang='lat' dir='ltr'><strong>serie</strong></span> <span class='ocrx_word' id='word_1_450' title='bbox 1187 3302 1556 3370; x_wconf 89' lang='lat' dir='ltr'><strong>componitur.</strong></span> <span class='ocrx_word' id='word_1_451' title='bbox 1615 3303 1819 3359; x_wconf 88' lang='lat' dir='ltr'><strong>Octava</strong></span> <span class='ocrx_word' id='word_1_452' title='bbox 1850 3316 1975 3361; x_wconf 91' lang='lat' dir='ltr'><strong>aute</strong></span> 
     </span>
    </p>
   </div>
   <div class='ocr_carea' id='block_1_62' title="bbox 2220 3282 3752 3370">
    <p class='ocr_par' dir='ltr' id='par_1_62' title="bbox 2220 3282 3752 3369">
     <span class='ocr_line' id='line_1_63' title="bbox 2220 3282 3752 3369; baseline -0.01 -14"><span class='ocrx_word' id='word_1_453' title='bbox 2220 3300 2275 3365; x_wconf 78' lang='grc' dir='ltr'>Ξὺ</span> <span class='ocrx_word' id='word_1_454' title='bbox 2354 3282 2973 3369; x_wconf 76' lang='grc' dir='ltr'>συμπεριλαμϐάνεται·</span> <span class='ocrx_word' id='word_1_455' title='bbox 3030 3294 3129 3348; x_wconf 81' lang='grc' dir='ltr'>καὶ</span> <span class='ocrx_word' id='word_1_456' title='bbox 3173 3296 3201 3348; x_wconf 95' lang='lat'><strong>6</strong></span> <span class='ocrx_word' id='word_1_457' title='bbox 3240 3292 3434 3365; x_wconf 88' lang='grc' dir='ltr'>παρὼν</span> <span class='ocrx_word' id='word_1_458' title='bbox 3476 3290 3625 3344; x_wconf 88' lang='grc' dir='ltr'>αίὼν</span> <span class='ocrx_word' id='word_1_459' title='bbox 3652 3292 3752 3361; x_wconf 77' lang='grc' dir='ltr'>τῆς</span> 
     </span>
    </p>
   </div>
   <div class='ocr_carea' id='block_1_63' title="bbox 446 3384 1978 3467">
    <p class='ocr_par' dir='ltr' id='par_1_63' title="bbox 446 3386 1978 3467">
     <span class='ocr_line' id='line_1_64' title="bbox 446 3386 1978 3467; baseline 0.009 -30"><span class='ocrx_word' id='word_1_460' title='bbox 446 3386 692 3443; x_wconf 81' lang='lat' dir='ltr'><strong>futurum</strong></span> <span class='ocrx_word' id='word_1_461' title='bbox 734 3389 999 3444; x_wconf 69' lang='lat' dir='ltr'><strong>saeculum</strong></span> <span class='ocrx_word' id='word_1_462' title='bbox 1054 3390 1325 3461; x_wconf 79' lang='lat' dir='ltr'><strong>designat,</strong></span> <span class='ocrx_word' id='word_1_463' title='bbox 1388 3402 1443 3449; x_wconf 90' lang='lat' dir='ltr'><strong>et</strong></span> <span class='ocrx_word' id='word_1_464' title='bbox 1467 3395 1978 3467; x_wconf 77' lang='lat' dir='ltr'><strong>(translationem)t</strong></span> 
     </span>
    </p>
   </div>
   <div class='ocr_carea' id='block_1_64' title="bbox 2216 3384 3748 3467">
    <p class='ocr_par' dir='ltr' id='par_1_64' title="bbox 2216 3384 3748 3461">
     <span class='ocr_line' id='line_1_65' title="bbox 2216 3384 3748 3461; baseline -0.007 -15"><span class='ocrx_word' id='word_1_465' title='bbox 2216 3391 2434 3461; x_wconf 62' lang='lat' dir='ltr'><strong>iopdﬁog</strong></span> <span class='ocrx_word' id='word_1_466' title='bbox 2501 3389 2745 3460; x_wconf 86' lang='grc' dir='ltr'>συνεχῶς</span> <span class='ocrx_word' id='word_1_467' title='bbox 2794 3387 3280 3458; x_wconf 80' lang='grc' dir='ltr'>ἀνακυκλούμενος</span> <span class='ocrx_word' id='word_1_468' title='bbox 3356 3384 3748 3457; x_wconf 77' lang='grc' dir='ltr'>ἀπαρτίζεται·</span> 
     </span>
    </p>
   </div>
   <div class='ocr_carea' id='block_1_65' title="bbox 444 3477 1976 3560">
    <p class='ocr_par' dir='ltr' id='par_1_65' title="bbox 444 3478 1976 3560">
     <span class='ocr_line' id='line_1_66' title="bbox 444 3478 1976 3560; baseline 0.009 -31"><span class='ocrx_word' id='word_1_469' title='bbox 444 3478 553 3539; x_wconf 76' lang='lat' dir='ltr'><strong>huc</strong></span> <span class='ocrx_word' id='word_1_470' title='bbox 584 3489 852 3547; x_wconf 77' lang='lat' dir='ltr'><strong>praesente</strong></span> <span class='ocrx_word' id='word_1_471' title='bbox 882 3482 1085 3537; x_wconf 76' lang='lat' dir='ltr'><strong>saeculo</strong></span> <span class='ocrx_word' id='word_1_472' title='bbox 1120 3483 1174 3537; x_wconf 91' lang='lat' dir='ltr'><strong>in</strong></span> <span class='ocrx_word' id='word_1_473' title='bbox 1212 3485 1361 3539; x_wconf 89' lang='lat' dir='ltr'><strong>aliud</strong></span> <span class='ocrx_word' id='word_1_474' title='bbox 1410 3486 1685 3556; x_wconf 88' lang='lat' dir='ltr'><strong>quoddam</strong></span> <span class='ocrx_word' id='word_1_475' title='bbox 1722 3490 1898 3560; x_wconf 78' lang='lat' dir='ltr'><strong>magis</strong></span> <span class='ocrx_word' id='word_1_476' title='bbox 1946 3489 1976 3543; x_wconf 92' lang='lat' dir='ltr'><strong>d</strong></span> 
     </span>
    </p>
   </div>
   <div class='ocr_carea' id='block_1_66' title="bbox 2222 3477 3754 3560">
    <p class='ocr_par' dir='ltr' id='par_1_66' title="bbox 2222 3477 3754 3551">
     <span class='ocr_line' id='line_1_67' title="bbox 2222 3477 3754 3551; baseline -0.005 -15"><span class='ocrx_word' id='word_1_477' title='bbox 2222 3483 2263 3536; x_wconf 66' lang='lat' dir='ltr'><strong>is</strong></span> <span class='ocrx_word' id='word_1_478' title='bbox 2290 3480 2483 3551; x_wconf 74' lang='grc' dir='ltr'>ὀγδοὰς</span> <span class='ocrx_word' id='word_1_479' title='bbox 2521 3479 2614 3534; x_wconf 80' lang='grc' dir='ltr'>τὸν</span> <span class='ocrx_word' id='word_1_480' title='bbox 2659 3478 2928 3551; x_wconf 75' lang='grc' dir='ltr'>μέλλοντα</span> <span class='ocrx_word' id='word_1_481' title='bbox 2959 3479 3135 3533; x_wconf 85' lang='grc' dir='ltr'>αίῶνα</span> <span class='ocrx_word' id='word_1_482' title='bbox 3186 3478 3359 3549; x_wconf 80' lang='grc' dir='ltr'>δηλοῖ,</span> <span class='ocrx_word' id='word_1_483' title='bbox 3395 3477 3495 3531; x_wconf 77' lang='grc' dir='ltr'>καὶ</span> <span class='ocrx_word' id='word_1_484' title='bbox 3544 3477 3650 3532; x_wconf 81' lang='grc' dir='ltr'><strong>τὸν</strong></span> <span class='ocrx_word' id='word_1_485' title='bbox 3688 3478 3754 3529; x_wconf 75' lang='grc' dir='ltr'>ὲκ</span> 
     </span>
    </p>
   </div>
   <div class='ocr_carea' id='block_1_67' title="bbox 443 3572 1975 3650">
    <p class='ocr_par' dir='ltr' id='par_1_67' title="bbox 443 3572 1975 3650">
     <span class='ocr_line' id='line_1_68' title="bbox 443 3572 1975 3650; baseline 0.008 -28"><span class='ocrx_word' id='word_1_486' title='bbox 443 3572 632 3625; x_wconf 79' lang='lat' dir='ltr'><strong>vinum</strong></span> <span class='ocrx_word' id='word_1_487' title='bbox 687 3574 862 3631; x_wconf 89' lang='lat' dir='ltr'><strong>otium</strong></span> <span class='ocrx_word' id='word_1_488' title='bbox 913 3586 967 3631; x_wconf 92' lang='lat' dir='ltr'><strong>et</strong></span> <span class='ocrx_word' id='word_1_489' title='bbox 1011 3576 1066 3632; x_wconf 92' lang='lat' dir='ltr'><strong>in</strong></span> <span class='ocrx_word' id='word_1_490' title='bbox 1098 3578 1360 3648; x_wconf 89' lang='lat' dir='ltr'><strong>quietem,</strong></span> <span class='ocrx_word' id='word_1_491' title='bbox 1407 3595 1531 3650; x_wconf 71' lang='lat' dir='ltr'><strong>quze</strong></span> <span class='ocrx_word' id='word_1_492' title='bbox 1578 3592 1769 3639; x_wconf 89' lang='lat' dir='ltr'><strong>octava</strong></span> <span class='ocrx_word' id='word_1_493' title='bbox 1806 3596 1975 3639; x_wconf 71' lang='lat' dir='ltr'><strong>vocat:</strong></span> 
     </span>
    </p>
   </div>
   <div class='ocr_carea' id='block_1_68' title="bbox 2222 3572 3754 3650">
    <p class='ocr_par' dir='ltr' id='par_1_68' title="bbox 2222 3572 3754 3646">
     <span class='ocr_line' id='line_1_69' title="bbox 2222 3572 3754 3646; baseline -0.003 -16"><span class='ocrx_word' id='word_1_494' title='bbox 2222 3575 2546 3646; x_wconf 68' lang='lat' dir='ltr'><strong>inap6w0;</strong></span> <span class='ocrx_word' id='word_1_495' title='bbox 2598 3576 2680 3640; x_wconf 87' lang='grc' dir='ltr'><strong>είς</strong></span> <span class='ocrx_word' id='word_1_496' title='bbox 2717 3573 2890 3643; x_wconf 78' lang='grc' dir='ltr'>ἄλλην</span> <span class='ocrx_word' id='word_1_497' title='bbox 2945 3575 3068 3628; x_wconf 83' lang='grc' dir='ltr'>τινὰ</span> <span class='ocrx_word' id='word_1_498' title='bbox 3118 3574 3398 3644; x_wconf 87' lang='grc' dir='ltr'>θειοτέραν</span> <span class='ocrx_word' id='word_1_499' title='bbox 3450 3572 3612 3642; x_wconf 79' lang='grc' dir='ltr'>λῆξιν</span> <span class='ocrx_word' id='word_1_500' title='bbox 3658 3572 3754 3627; x_wconf 79' lang='grc' dir='ltr'>καὶ</span> 
     </span>
    </p>
   </div>
   <div class='ocr_carea' id='block_1_69' title="bbox 443 3664 1975 3741">
    <p class='ocr_par' dir='ltr' id='par_1_69' title="bbox 443 3664 1975 3741">
     <span class='ocr_line' id='line_1_70' title="bbox 443 3664 1975 3741; baseline 0.007 -24"><span class='ocrx_word' id='word_1_501' title='bbox 443 3673 494 3717; x_wconf 86' lang='lat' dir='ltr'><strong>et</strong></span> <span class='ocrx_word' id='word_1_502' title='bbox 530 3664 704 3733; x_wconf 90' lang='lat' dir='ltr'><strong>prima</strong></span> <span class='ocrx_word' id='word_1_503' title='bbox 765 3677 822 3721; x_wconf 82' lang='lat' dir='ltr'><strong>et</strong></span> <span class='ocrx_word' id='word_1_504' title='bbox 865 3682 997 3722; x_wconf 91' lang='lat' dir='ltr'><strong>una.</strong></span> <span class='ocrx_word' id='word_1_505' title='bbox 1059 3668 1263 3725; x_wconf 88' lang='lat' dir='ltr'><strong>Octava</strong></span> <span class='ocrx_word' id='word_1_506' title='bbox 1308 3671 1555 3741; x_wconf 91' lang='lat' dir='ltr'><strong>quidem,</strong></span> <span class='ocrx_word' id='word_1_507' title='bbox 1610 3690 1732 3729; x_wconf 86' lang='lat' dir='ltr'><strong>eum</strong></span> <span class='ocrx_word' id='word_1_508' title='bbox 1779 3675 1850 3730; x_wconf 92' lang='lat' dir='ltr'><strong>sit</strong></span> <span class='ocrx_word' id='word_1_509' title='bbox 1888 3676 1975 3730; x_wconf 71' lang='lat' dir='ltr'><strong>alii</strong></span> 
     </span>
    </p>
   </div>
   <div class='ocr_carea' id='block_1_70' title="bbox 2220 3664 3752 3741">
    <p class='ocr_par' dir='ltr' id='par_1_70' title="bbox 2220 3664 3752 3739">
     <span class='ocr_line' id='line_1_71' title="bbox 2220 3664 3752 3739; baseline -0.004 -15"><span class='ocrx_word' id='word_1_510' title='bbox 2220 3669 2506 3734; x_wconf 85' lang='grc' dir='ltr'>τάστασιν,</span> <span class='ocrx_word' id='word_1_511' title='bbox 2558 3668 2685 3739; x_wconf 75' lang='grc' dir='ltr'>ἥτις</span> <span class='ocrx_word' id='word_1_512' title='bbox 2737 3668 2834 3721; x_wconf 77' lang='grc' dir='ltr'>καὶ</span> <span class='ocrx_word' id='word_1_513' title='bbox 2893 3667 3088 3736; x_wconf 71' lang='grc' dir='ltr'>ὀγδοὰς</span> <span class='ocrx_word' id='word_1_514' title='bbox 3110 3667 3359 3720; x_wconf 84' lang='grc' dir='ltr'>καλεῖται</span> <span class='ocrx_word' id='word_1_515' title='bbox 3401 3667 3499 3721; x_wconf 75' lang='grc' dir='ltr'><strong>καὶ</strong></span> <span class='ocrx_word' id='word_1_516' title='bbox 3546 3664 3752 3738; x_wconf 81' lang='grc' dir='ltr'>πρώτη</span> 
     </span>
    </p>
   </div>
   <div class='ocr_carea' id='block_1_71' title="bbox 444 3757 1976 3834">
    <p class='ocr_par' dir='ltr' id='par_1_71' title="bbox 444 3757 1976 3834">
     <span class='ocr_line' id='line_1_72' title="bbox 444 3757 1976 3834; baseline 0.009 -26"><span class='ocrx_word' id='word_1_517' title='bbox 444 3757 720 3826; x_wconf 82' lang='lat' dir='ltr'><strong>quoddam</strong></span> <span class='ocrx_word' id='word_1_518' title='bbox 740 3758 1093 3816; x_wconf 86' lang='lat' dir='ltr'><strong>interstitium</strong></span> <span class='ocrx_word' id='word_1_519' title='bbox 1125 3778 1220 3832; x_wconf 90' lang='lat' dir='ltr'><strong>per</strong></span> <span class='ocrx_word' id='word_1_520' title='bbox 1246 3772 1463 3834; x_wconf 86' lang='lat' dir='ltr'><strong>tempus</strong></span> <span class='ocrx_word' id='word_1_521' title='bbox 1488 3776 1614 3822; x_wconf 88' lang='lat' dir='ltr'><strong>ante</strong></span> <span class='ocrx_word' id='word_1_522' title='bbox 1632 3768 1976 3824; x_wconf 84' lang='lat' dir='ltr'><strong>hebdomada</strong></span> 
     </span>
    </p>
   </div>
   <div class='ocr_carea' id='block_1_72' title="bbox 2220 3757 3752 3834">
    <p class='ocr_par' dir='ltr' id='par_1_72' title="bbox 2220 3757 3752 3832">
     <span class='ocr_line' id='line_1_73' title="bbox 2220 3757 3752 3832; baseline -0.003 -18"><span class='ocrx_word' id='word_1_523' title='bbox 2220 3762 2244 3815; x_wconf 70' lang='grc' dir='ltr'>ἱ</span> <span class='ocrx_word' id='word_1_524' title='bbox 2285 3759 2405 3832; x_wconf 87' lang='grc' dir='ltr'>μία·</span> <span class='ocrx_word' id='word_1_525' title='bbox 2455 3759 2649 3829; x_wconf 79' lang='grc' dir='ltr'>ὀγδοὰς</span> <span class='ocrx_word' id='word_1_526' title='bbox 2703 3759 2803 3830; x_wconf 79' lang='grc' dir='ltr'>μὲν</span> <span class='ocrx_word' id='word_1_527' title='bbox 2861 3757 2938 3823; x_wconf 84' lang='grc' dir='ltr'>ὡς</span> <span class='ocrx_word' id='word_1_528' title='bbox 2992 3757 3122 3813; x_wconf 81' lang='grc' dir='ltr'>ἄλλο</span> <span class='ocrx_word' id='word_1_529' title='bbox 3152 3776 3205 3815; x_wconf 87' lang='grc' dir='ltr'><strong>τι</strong></span> <span class='ocrx_word' id='word_1_530' title='bbox 3237 3758 3519 3829; x_wconf 80' lang='grc' dir='ltr'>διάστημα.</span> <span class='ocrx_word' id='word_1_531' title='bbox 3593 3757 3752 3830; x_wconf 66' lang='grc' dir='ltr'>παρὰ</span> 
     </span>
    </p>
   </div>
   <div class='ocr_carea' id='block_1_73' title="bbox 447 3853 1979 3932">
    <p class='ocr_par' dir='ltr' id='par_1_73' title="bbox 447 3856 1979 3932">
     <span class='ocr_line' id='line_1_74' title="bbox 447 3856 1979 3932; baseline 0.008 -27"><span class='ocrx_word' id='word_1_532' title='bbox 447 3863 915 3917; x_wconf 86' lang='lat' dir='ltr'><strong>consummatum,</strong></span> <span class='ocrx_word' id='word_1_533' title='bbox 939 3856 1114 3923; x_wconf 90' lang='lat' dir='ltr'><strong>prima</strong></span> <span class='ocrx_word' id='word_1_534' title='bbox 1146 3873 1299 3923; x_wconf 89' lang='lat' dir='ltr'><strong>vero,</strong></span> <span class='ocrx_word' id='word_1_535' title='bbox 1337 3874 1463 3914; x_wconf 90' lang='lat' dir='ltr'><strong>cum</strong></span> <span class='ocrx_word' id='word_1_536' title='bbox 1490 3862 1560 3915; x_wconf 92' lang='lat' dir='ltr'><strong>sit</strong></span> <span class='ocrx_word' id='word_1_537' title='bbox 1584 3861 1801 3916; x_wconf 88' lang='lat' dir='ltr'><strong>initium</strong></span> <span class='ocrx_word' id='word_1_538' title='bbox 1828 3864 1979 3932; x_wconf 90' lang='lat' dir='ltr'><strong>requi</strong></span> 
     </span>
    </p>
   </div>
   <div class='ocr_carea' id='block_1_74' title="bbox 2221 3853 3753 3932">
    <p class='ocr_par' dir='ltr' id='par_1_74' title="bbox 2221 3853 3753 3929">
     <span class='ocr_line' id='line_1_75' title="bbox 2221 3853 3753 3929; baseline -0.003 -18"><span class='ocrx_word' id='word_1_539' title='bbox 2221 3873 2235 3911; x_wconf 71' lang='grc' dir='ltr'><em>θ</em></span> <span class='ocrx_word' id='word_1_540' title='bbox 2298 3854 2794 3929; x_wconf 85' lang='grc' dir='ltr'>συμπληρούμενον</span> <span class='ocrx_word' id='word_1_541' title='bbox 2868 3854 3063 3928; x_wconf 66' lang='grc' dir='ltr'>χρόνον</span> <span class='ocrx_word' id='word_1_542' title='bbox 3115 3854 3223 3924; x_wconf 86' lang='grc' dir='ltr'>πρὸ</span> <span class='ocrx_word' id='word_1_543' title='bbox 3279 3854 3379 3925; x_wconf 82' lang='grc' dir='ltr'>τῆς</span> <span class='ocrx_word' id='word_1_544' title='bbox 3450 3853 3753 3924; x_wconf 75' lang='grc' dir='ltr'>ἑϐδομάδος</span> 
     </span>
    </p>
   </div>
   <div class='ocr_carea' id='block_1_75' title="bbox 445 3943 1977 4025">
    <p class='ocr_par' dir='ltr' id='par_1_75' title="bbox 445 3943 1977 4025">
     <span class='ocr_line' id='line_1_76' title="bbox 445 3943 1977 4025; baseline 0.009 -30"><span class='ocrx_word' id='word_1_545' title='bbox 445 3953 503 4002; x_wconf 78' lang='lat' dir='ltr'><strong>et</strong></span> <span class='ocrx_word' id='word_1_546' title='bbox 541 3943 663 3999; x_wconf 63' lang='lat' dir='ltr'><strong>vitae</strong></span> <span class='ocrx_word' id='word_1_547' title='bbox 696 3947 866 4016; x_wconf 80' lang='lat' dir='ltr'><strong>magis</strong></span> <span class='ocrx_word' id='word_1_548' title='bbox 895 3946 1093 4002; x_wconf 61' lang='lat' dir='ltr'><strong>divina}</strong></span> <span class='ocrx_word' id='word_1_549' title='bbox 1118 3958 1173 4003; x_wconf 90' lang='lat' dir='ltr'><strong>et</strong></span> <span class='ocrx_word' id='word_1_550' title='bbox 1202 3951 1469 4017; x_wconf 85' lang='lat' dir='ltr'><strong>melioris,</strong></span> <span class='ocrx_word' id='word_1_551' title='bbox 1502 3968 1610 4007; x_wconf 90' lang='lat' dir='ltr'><strong>una</strong></span> <span class='ocrx_word' id='word_1_552' title='bbox 1656 3962 1865 4020; x_wconf 88' lang='lat' dir='ltr'><strong>autem,</strong></span> <span class='ocrx_word' id='word_1_553' title='bbox 1906 3972 1977 4025; x_wconf 88' lang='lat' dir='ltr'><strong>qu</strong></span> 
     </span>
    </p>
   </div>
   <div class='ocr_carea' id='block_1_76' title="bbox 2221 3943 3753 4025">
    <p class='ocr_par' dir='ltr' id='par_1_76' title="bbox 2221 3944 3753 4025">
     <span class='ocr_line' id='line_1_77' title="bbox 2221 3944 3753 4025; baseline -0.003 -23"><span class='ocrx_word' id='word_1_554' title='bbox 2221 3948 2489 4021; x_wconf 68' lang='grc' dir='ltr'>ἄρχουσα·</span> <span class='ocrx_word' id='word_1_555' title='bbox 2534 3948 2726 4019; x_wconf 81' lang='grc' dir='ltr'>πρώτη</span> <span class='ocrx_word' id='word_1_556' title='bbox 2751 3946 2808 4001; x_wconf 76' lang='grc' dir='ltr'>δὲ</span> <span class='ocrx_word' id='word_1_557' title='bbox 2835 3946 2911 4012; x_wconf 84' lang='grc' dir='ltr'>ὠς</span> <span class='ocrx_word' id='word_1_558' title='bbox 2938 3946 3083 4025; x_wconf 79' lang='grc' dir='ltr'><strong>ἁρχὴ</strong></span> <span class='ocrx_word' id='word_1_559' title='bbox 3126 3944 3265 4007; x_wconf 77' lang='grc' dir='ltr'>οὖσα</span> <span class='ocrx_word' id='word_1_560' title='bbox 3310 3946 3521 4021; x_wconf 78' lang='grc' dir='ltr'>λήξεως</span> <span class='ocrx_word' id='word_1_561' title='bbox 3552 3947 3753 4017; x_wconf 71' lang='grc' dir='ltr'>ἑτέρας</span> 
     </span>
    </p>
   </div>
   <div class='ocr_carea' id='block_1_77' title="bbox 452 4022 1984 4116">
    <p class='ocr_par' dir='ltr' id='par_1_77' title="bbox 452 4022 1984 4116">
     <span class='ocr_line' id='line_1_78' title="bbox 452 4022 1984 4116; baseline 0.009 -27"><span class='ocrx_word' id='word_1_562' title='bbox 452 4051 562 4096; x_wconf 88' lang='lat' dir='ltr'><strong>non</strong></span> <span class='ocrx_word' id='word_1_563' title='bbox 611 4045 697 4095; x_wconf 91' lang='lat' dir='ltr'><strong>est</strong></span> <span class='ocrx_word' id='word_1_564' title='bbox 752 4047 878 4107; x_wconf 86' lang='lat' dir='ltr'><strong>post</strong></span> <span class='ocrx_word' id='word_1_565' title='bbox 927 4054 1048 4095; x_wconf 91' lang='lat' dir='ltr'><strong>eam</strong></span> <span class='ocrx_word' id='word_1_566' title='bbox 1092 4042 1199 4096; x_wconf 90' lang='lat' dir='ltr'><strong>alia</strong></span> <span class='ocrx_word' id='word_1_567' title='bbox 1251 4044 1569 4114; x_wconf 89' lang='lat' dir='ltr'><strong>temporalis</strong></span> <span class='ocrx_word' id='word_1_568' title='bbox 1618 4047 1903 4116; x_wconf 89' lang='lat' dir='ltr'><strong>periodus,</strong></span> <span class='ocrx_word' id='word_1_569' title='bbox 1925 4022 1984 4105; x_wconf 57' lang='lat' dir='ltr'><strong>et</strong></span> 
     </span>
    </p>
   </div>
   <div class='ocr_carea' id='block_1_78' title="bbox 2219 4022 3751 4116">
    <p class='ocr_par' dir='ltr' id='par_1_78' title="bbox 2219 4022 3751 4112">
     <span class='ocr_line' id='line_1_79' title="bbox 2219 4022 3751 4112; baseline -0.005 -14"><span class='ocrx_word' id='word_1_570' title='bbox 2219 4044 2240 4097; x_wconf 83' lang='lat' dir='ltr'><strong>l.</strong></span> <span class='ocrx_word' id='word_1_571' title='bbox 2292 4042 2567 4107; x_wconf 84' lang='grc' dir='ltr'>πολιτείας</span> <span class='ocrx_word' id='word_1_572' title='bbox 2595 4041 2877 4112; x_wconf 88' lang='grc' dir='ltr'>θειοτέρας</span> <span class='ocrx_word' id='word_1_573' title='bbox 2930 4022 3026 4094; x_wconf 77' lang='grc' dir='ltr'>καὶ</span> <span class='ocrx_word' id='word_1_574' title='bbox 3096 4039 3402 4110; x_wconf 85' lang='grc' dir='ltr'>ἀμείνονος·</span> <span class='ocrx_word' id='word_1_575' title='bbox 3443 4038 3545 4110; x_wconf 86' lang='grc' dir='ltr'><strong>μία</strong></span> <span class='ocrx_word' id='word_1_576' title='bbox 3569 4039 3631 4092; x_wconf 80' lang='grc' dir='ltr'>δὲ</span> <span class='ocrx_word' id='word_1_577' title='bbox 3678 4039 3751 4103; x_wconf 81' lang='grc' dir='ltr'>ὡς</span> 
     </span>
    </p>
   </div>
   <div class='ocr_carea' id='block_1_79' title="bbox 451 4129 1983 4208">
    <p class='ocr_par' dir='ltr' id='par_1_79' title="bbox 451 4129 1300 4199">
     <span class='ocr_line' id='line_1_80' title="bbox 451 4129 1300 4199; baseline 0.008 -16"><span class='ocrx_word' id='word_1_578' title='bbox 451 4129 568 4199; x_wconf 87' lang='lat' dir='ltr'><strong>ipsa</strong></span> <span class='ocrx_word' id='word_1_579' title='bbox 602 4139 687 4186; x_wconf 89' lang='lat' dir='ltr'><strong>est</strong></span> <span class='ocrx_word' id='word_1_580' title='bbox 727 4131 848 4193; x_wconf 82' lang='lat' dir='ltr'><strong>sine</strong></span> <span class='ocrx_word' id='word_1_581' title='bbox 873 4131 983 4189; x_wconf 89' lang='lat' dir='ltr'><strong>line</strong></span> <span class='ocrx_word' id='word_1_582' title='bbox 1013 4150 1300 4190; x_wconf 89' lang='lat' dir='ltr'><strong>mansura.</strong></span> 
     </span>
    </p>
   </div>
   <div class='ocr_carea' id='block_1_80' title="bbox 2217 4129 3749 4208">
    <p class='ocr_par' dir='ltr' id='par_1_80' title="bbox 2217 4130 3749 4208">
     <span class='ocr_line' id='line_1_81' title="bbox 2217 4130 3749 4208; baseline -0.003 -18"><span class='ocrx_word' id='word_1_583' title='bbox 2217 4154 2248 4190; x_wconf 90' lang='grc' dir='ltr'><strong>κ</strong></span> <span class='ocrx_word' id='word_1_584' title='bbox 2289 4136 2489 4208; x_wconf 73' lang='grc' dir='ltr'>ἔχουσα</span> <span class='ocrx_word' id='word_1_585' title='bbox 2540 4134 2671 4206; x_wconf 80' lang='grc' dir='ltr'>μετ’</span> <span class='ocrx_word' id='word_1_586' title='bbox 2718 4132 2913 4205; x_wconf 76' lang='grc' dir='ltr'>αὐτὴν,</span> <span class='ocrx_word' id='word_1_587' title='bbox 2944 4130 3139 4203; x_wconf 79' lang='grc' dir='ltr'>ἑτέραν</span> <span class='ocrx_word' id='word_1_588' title='bbox 3178 4130 3436 4203; x_wconf 76' lang='grc' dir='ltr'>χρονικὴν</span> <span class='ocrx_word' id='word_1_589' title='bbox 3472 4130 3749 4207; x_wconf 71' lang='grc' dir='ltr'>περίοδον,</span> 
     </span>
    </p>
   </div>
   <div class='ocr_carea' id='block_1_81' title="bbox 2148 4223 3748 4299">
    <p class='ocr_par' dir='ltr' id='par_1_81' title="bbox 2148 4223 3748 4299">
     <span class='ocr_line' id='line_1_82' title="bbox 2148 4223 3748 4299; baseline -0.002 -17"><span class='ocrx_word' id='word_1_590' title='bbox 2148 4228 2264 4282; x_wconf 86' lang='grc' dir='ltr'>ἀλλ’</span> <span class='ocrx_word' id='word_1_591' title='bbox 2295 4227 2434 4299; x_wconf 84' lang='grc' dir='ltr'>αὑτὴ</span> <span class='ocrx_word' id='word_1_592' title='bbox 2465 4226 2843 4297; x_wconf 80' lang='grc' dir='ltr'>ἀτελευτήτως</span> <span class='ocrx_word' id='word_1_593' title='bbox 2911 4225 3236 4297; x_wconf 83' lang='grc' dir='ltr'>ὑπάρχουσα</span> <span class='ocrx_word' id='word_1_594' title='bbox 3264 4225 3361 4278; x_wconf 80' lang='grc' dir='ltr'>καὶ</span> <span class='ocrx_word' id='word_1_595' title='bbox 3386 4223 3748 4295; x_wconf 79' lang='grc' dir='ltr'>διαμένουσα.</span> 
     </span>
    </p>
   </div>
   <div class='ocr_carea' id='block_1_82' title="bbox 519 4310 2051 4389">
    <p class='ocr_par' dir='ltr' id='par_1_82' title="bbox 519 4310 2041 4388">
     <span class='ocr_line' id='line_1_83' title="bbox 519 4310 2041 4388; baseline 0.007 -23"><span class='ocrx_word' id='word_1_596' title='bbox 519 4310 646 4367; x_wconf 85' lang='lat' dir='ltr'><strong>Istis</strong></span> <span class='ocrx_word' id='word_1_597' title='bbox 680 4326 811 4381; x_wconf 81' lang='lat' dir='ltr'><strong>ergo</strong></span> <span class='ocrx_word' id='word_1_598' title='bbox 839 4312 1162 4383; x_wconf 68' lang='lat' dir='ltr'><strong>prtemissis,</strong></span> <span class='ocrx_word' id='word_1_599' title='bbox 1215 4315 1532 4388; x_wconf 90' lang='lat' dir='ltr'><strong>quicunque</strong></span> <span class='ocrx_word' id='word_1_600' title='bbox 1554 4345 1563 4358; x_wconf 76' lang='grc' dir='ltr'><strong>ο</strong></span> <span class='ocrx_word' id='word_1_601' title='bbox 1588 4318 1874 4388; x_wconf 84' lang='lat' dir='ltr'><strong>septimam</strong></span> <span class='ocrx_word' id='word_1_602' title='bbox 1908 4318 2041 4376; x_wconf 85' lang='lat' dir='ltr'><strong>beb-</strong></span> 
     </span>
    </p>
   </div>
   <div class='ocr_carea' id='block_1_83' title="bbox 2219 4310 3751 4389">
    <p class='ocr_par' dir='ltr' id='par_1_83' title="bbox 2220 4316 3751 4389">
     <span class='ocr_line' id='line_1_84' title="bbox 2220 4316 3751 4389; baseline -0.005 -14"><span class='ocrx_word' id='word_1_603' title='bbox 2220 4318 2441 4376; x_wconf 88' lang='grc' dir='ltr'>Τούτων</span> <span class='ocrx_word' id='word_1_604' title='bbox 2499 4318 2643 4372; x_wconf 77' lang='grc' dir='ltr'>οὕτω</span> <span class='ocrx_word' id='word_1_605' title='bbox 2699 4316 3240 4389; x_wconf 85' lang='grc' dir='ltr'>προτεθεωρημένων</span> <span class='ocrx_word' id='word_1_606' title='bbox 3270 4317 3427 4387; x_wconf 77' lang='grc' dir='ltr'>ἡμῖν,</span> <span class='ocrx_word' id='word_1_607' title='bbox 3491 4316 3609 4370; x_wconf 80' lang='grc' dir='ltr'>ὅσοι</span> <span class='ocrx_word' id='word_1_608' title='bbox 3649 4316 3751 4386; x_wconf 86' lang='grc' dir='ltr'>μὲν</span> 
     </span>
    </p>
   </div>
   <div class='ocr_carea' id='block_1_84' title="bbox 448 4402 1980 4484">
    <p class='ocr_par' dir='ltr' id='par_1_84' title="bbox 448 4402 1980 4482">
     <span class='ocr_line' id='line_1_85' title="bbox 448 4402 1980 4482; baseline 0.008 -24"><span class='ocrx_word' id='word_1_609' title='bbox 448 4402 698 4460; x_wconf 83' lang='lat' dir='ltr'><strong>domadae</strong></span> <span class='ocrx_word' id='word_1_610' title='bbox 738 4406 879 4462; x_wconf 88' lang='lat' dir='ltr'><strong>diem</strong></span> <span class='ocrx_word' id='word_1_611' title='bbox 900 4446 915 4472; x_wconf 93' lang='lat'><strong>,</strong></span> <span class='ocrx_word' id='word_1_612' title='bbox 957 4424 1080 4476; x_wconf 85' lang='lat' dir='ltr'><strong>quae</strong></span> <span class='ocrx_word' id='word_1_613' title='bbox 1108 4415 1194 4464; x_wconf 89' lang='lat' dir='ltr'><strong>est</strong></span> <span class='ocrx_word' id='word_1_614' title='bbox 1229 4418 1442 4480; x_wconf 81' lang='lat' dir='ltr'><strong>tempus</strong></span> <span class='ocrx_word' id='word_1_615' title='bbox 1475 4410 1762 4482; x_wconf 79' lang='lat' dir='ltr'><strong>fugitivum</strong></span> <span class='ocrx_word' id='word_1_616' title='bbox 1796 4422 1852 4469; x_wconf 89' lang='lat' dir='ltr'><strong>et</strong></span> <span class='ocrx_word' id='word_1_617' title='bbox 1873 4415 1980 4471; x_wconf 83' lang='lat' dir='ltr'><strong>cad</strong></span> 
     </span>
    </p>
   </div>
   <div class='ocr_carea' id='block_1_85' title="bbox 2220 4402 3752 4484">
    <p class='ocr_par' dir='ltr' id='par_1_85' title="bbox 2220 4407 3752 4484">
     <span class='ocr_line' id='line_1_86' title="bbox 2220 4407 3752 4484; baseline -0.004 -18"><span class='ocrx_word' id='word_1_618' title='bbox 2220 4412 2387 4484; x_wconf 89' lang='grc' dir='ltr'>δόμην</span> <span class='ocrx_word' id='word_1_619' title='bbox 2403 4410 2548 4466; x_wconf 79' lang='grc' dir='ltr'>κατὰ</span> <span class='ocrx_word' id='word_1_620' title='bbox 2594 4410 2695 4482; x_wconf 87' lang='grc' dir='ltr'>τὴν</span> <span class='ocrx_word' id='word_1_621' title='bbox 2734 4409 3008 4482; x_wconf 78' lang='grc' dir='ltr'>ἑϐδομάδα</span> <span class='ocrx_word' id='word_1_622' title='bbox 3036 4408 3312 4481; x_wconf 87' lang='grc' dir='ltr'>βούλοιντο</span> <span class='ocrx_word' id='word_1_623' title='bbox 3365 4408 3460 4463; x_wconf 78' lang='grc' dir='ltr'>τὸν</span> <span class='ocrx_word' id='word_1_624' title='bbox 3522 4407 3752 4479; x_wconf 78' lang='grc' dir='ltr'>ῥευστὺν</span> 
     </span>
    </p>
   </div>
   <div class='ocr_carea' id='block_1_86' title="bbox 450 4496 1982 4576">
    <p class='ocr_par' dir='ltr' id='par_1_86' title="bbox 450 4496 1957 4573">
     <span class='ocr_line' id='line_1_87' title="bbox 450 4496 1957 4573; baseline 0.01 -24"><span class='ocrx_word' id='word_1_625' title='bbox 450 4512 598 4561; x_wconf 87' lang='lat' dir='ltr'><strong>cum,</strong></span> <span class='ocrx_word' id='word_1_626' title='bbox 625 4506 678 4551; x_wconf 88' lang='lat' dir='ltr'><strong>et</strong></span> <span class='ocrx_word' id='word_1_627' title='bbox 710 4512 832 4552; x_wconf 87' lang='lat' dir='ltr'><strong>cum</strong></span> <span class='ocrx_word' id='word_1_628' title='bbox 865 4496 1111 4569; x_wconf 79' lang='lat' dir='ltr'><strong>fugitivis</strong></span> <span class='ocrx_word' id='word_1_629' title='bbox 1156 4508 1214 4555; x_wconf 89' lang='lat' dir='ltr'><strong>et</strong></span> <span class='ocrx_word' id='word_1_630' title='bbox 1261 4498 1553 4573; x_wconf 76' lang='lat' dir='ltr'><strong>fragilibus</strong></span> <span class='ocrx_word' id='word_1_631' title='bbox 1580 4506 1957 4573; x_wconf 84' lang='lat' dir='ltr'><strong>pertransiens</strong></span> 
     </span>
    </p>
   </div>
   <div class='ocr_carea' id='block_1_87' title="bbox 2217 4496 3749 4576">
    <p class='ocr_par' dir='ltr' id='par_1_87' title="bbox 2217 4501 3749 4576">
     <span class='ocr_line' id='line_1_88' title="bbox 2217 4501 3749 4576; baseline -0.001 -19"><span class='ocrx_word' id='word_1_632' title='bbox 2217 4503 2340 4558; x_wconf 72' lang='grc' dir='ltr'>ὖτον</span> <span class='ocrx_word' id='word_1_633' title='bbox 2382 4503 2576 4576; x_wconf 84' lang='grc' dir='ltr'>χρόνον</span> <span class='ocrx_word' id='word_1_634' title='bbox 2611 4503 2708 4557; x_wconf 78' lang='grc' dir='ltr'>καὶ</span> <span class='ocrx_word' id='word_1_635' title='bbox 2749 4503 3022 4575; x_wconf 69' lang='grc' dir='ltr'>ἐπίκηρον</span> <span class='ocrx_word' id='word_1_636' title='bbox 3065 4503 3164 4558; x_wconf 80' lang='grc' dir='ltr'>καὶ</span> <span class='ocrx_word' id='word_1_637' title='bbox 3208 4504 3325 4567; x_wconf 75' lang='grc' dir='ltr'>τοῖς</span> <span class='ocrx_word' id='word_1_638' title='bbox 3376 4503 3629 4571; x_wconf 78' lang='grc' dir='ltr'>ρευστοίς</span> <span class='ocrx_word' id='word_1_639' title='bbox 3655 4501 3749 4555; x_wconf 73' lang='grc' dir='ltr'>καὶ</span> 
     </span>
    </p>
   </div>
   <div class='ocr_carea' id='block_1_88' title="bbox 450 4571 1982 4668">
    <p class='ocr_par' dir='ltr' id='par_1_88' title="bbox 450 4587 1976 4667">
     <span class='ocr_line' id='line_1_89' title="bbox 450 4587 1976 4667; baseline 0.008 -25"><span class='ocrx_word' id='word_1_640' title='bbox 450 4587 701 4655; x_wconf 80' lang='lat' dir='ltr'><strong>ellluens,</strong></span> <span class='ocrx_word' id='word_1_641' title='bbox 742 4606 941 4647; x_wconf 88' lang='lat' dir='ltr'><strong>sensus</strong></span> <span class='ocrx_word' id='word_1_642' title='bbox 970 4607 1162 4649; x_wconf 89' lang='lat' dir='ltr'><strong>omnes</strong></span> <span class='ocrx_word' id='word_1_643' title='bbox 1189 4593 1574 4663; x_wconf 81' lang='lat' dir='ltr'><strong>iniquitatibus</strong></span> <span class='ocrx_word' id='word_1_644' title='bbox 1621 4604 1677 4651; x_wconf 90' lang='lat' dir='ltr'><strong>et</strong></span> <span class='ocrx_word' id='word_1_645' title='bbox 1710 4601 1976 4667; x_wconf 90' lang='lat' dir='ltr'><strong>passionu</strong></span> 
     </span>
    </p>
   </div>
   <div class='ocr_carea' id='block_1_89' title="bbox 2219 4571 3751 4668">
    <p class='ocr_par' dir='ltr' id='par_1_89' title="bbox 2224 4571 3751 4668">
     <span class='ocr_line' id='line_1_90' title="bbox 2224 4571 3751 4668; baseline -0.002 -20"><span class='ocrx_word' id='word_1_646' title='bbox 2224 4571 2492 4667; x_wconf 39' lang='lat' dir='ltr'><strong>uteie-cu</strong></span> <span class='ocrx_word' id='word_1_647' title='bbox 2501 4571 3072 4668; x_wconf 54' lang='lat' dir='ltr'><strong>prtapapetpodiiewv</strong></span> <span class='ocrx_word' id='word_1_648' title='bbox 3088 4611 3148 4649; x_wconf 81' lang='grc' dir='ltr'><strong>τε</strong></span> <span class='ocrx_word' id='word_1_649' title='bbox 3170 4593 3267 4649; x_wconf 76' lang='grc' dir='ltr'>καὶ</span> <span class='ocrx_word' id='word_1_650' title='bbox 3285 4593 3751 4665; x_wconf 61' lang='grc' dir='ltr'>συμπαραρμον-</span> 
     </span>
    </p>
   </div>
   <div class='ocr_carea' id='block_1_90' title="bbox 451 4679 1983 4759">
    <p class='ocr_par' dir='ltr' id='par_1_90' title="bbox 451 4682 1983 4757">
     <span class='ocr_line' id='line_1_91' title="bbox 451 4682 1983 4757; baseline 0.007 -21"><span class='ocrx_word' id='word_1_651' title='bbox 451 4682 672 4739; x_wconf 87' lang='lat' dir='ltr'><strong>turbine</strong></span> <span class='ocrx_word' id='word_1_652' title='bbox 747 4682 1119 4753; x_wconf 83' lang='lat' dir='ltr'><strong>fascinabant;</strong></span> <span class='ocrx_word' id='word_1_653' title='bbox 1170 4686 1423 4742; x_wconf 91' lang='lat' dir='ltr'><strong>auditum</strong></span> <span class='ocrx_word' id='word_1_654' title='bbox 1478 4688 1711 4757; x_wconf 89' lang='lat' dir='ltr'><strong>quidem</strong></span> <span class='ocrx_word' id='word_1_655' title='bbox 1772 4691 1983 4747; x_wconf 84' lang='lat' dir='ltr'><strong>cantibt</strong></span> 
     </span>
    </p>
   </div>
   <div class='ocr_carea' id='block_1_91' title="bbox 2216 4679 3748 4759">
    <p class='ocr_par' dir='ltr' id='par_1_91' title="bbox 2223 4679 3748 4759">
     <span class='ocr_line' id='line_1_92' title="bbox 2223 4679 3748 4759; baseline 0 -20"><span class='ocrx_word' id='word_1_656' title='bbox 2223 4727 2238 4752; x_wconf 94' lang='lat'><strong>,</strong></span> <span class='ocrx_word' id='word_1_657' title='bbox 2258 4679 2405 4741; x_wconf 72' lang='grc' dir='ltr'>οὗτοι</span> <span class='ocrx_word' id='word_1_658' title='bbox 2423 4688 2545 4751; x_wconf 84' lang='grc' dir='ltr'>ταῖς</span> <span class='ocrx_word' id='word_1_659' title='bbox 2565 4685 2864 4759; x_wconf 82' lang='grc' dir='ltr'>ἁμαρτίαις</span> <span class='ocrx_word' id='word_1_660' title='bbox 2884 4685 3110 4741; x_wconf 76' lang='grc' dir='ltr'>καὶτῶν</span> <span class='ocrx_word' id='word_1_661' title='bbox 3133 4685 3325 4740; x_wconf 84' lang='grc' dir='ltr'>παθῶν</span> <span class='ocrx_word' id='word_1_662' title='bbox 3352 4688 3420 4757; x_wconf 77' lang='grc' dir='ltr'>τῇ</span> <span class='ocrx_word' id='word_1_663' title='bbox 3458 4685 3618 4755; x_wconf 74' lang='grc' dir='ltr'>ἀχλρῖ</span> <span class='ocrx_word' id='word_1_664' title='bbox 3649 4686 3748 4749; x_wconf 68' lang='grc' dir='ltr'><strong>τὰς</strong></span> 
     </span>
    </p>
   </div>
   <div class='ocr_carea' id='block_1_92' title="bbox 450 4773 1982 4851">
    <p class='ocr_par' dir='ltr' id='par_1_92' title="bbox 450 4773 1982 4849">
     <span class='ocr_line' id='line_1_93' title="bbox 450 4773 1982 4849; baseline 0.003 -19"><span class='ocrx_word' id='word_1_665' title='bbox 450 4773 782 4830; x_wconf 82' lang='lat' dir='ltr'><strong>meretriciis</strong></span> <span class='ocrx_word' id='word_1_666' title='bbox 811 4783 867 4830; x_wconf 91' lang='lat' dir='ltr'><strong>ct</strong></span> <span class='ocrx_word' id='word_1_667' title='bbox 894 4776 1153 4833; x_wconf 85' lang='lat' dir='ltr'><strong>omnibus</strong></span> <span class='ocrx_word' id='word_1_668' title='bbox 1198 4778 1360 4832; x_wconf 91' lang='lat' dir='ltr'><strong>istius</strong></span> <span class='ocrx_word' id='word_1_669' title='bbox 1398 4778 1616 4847; x_wconf 76' lang='lat' dir='ltr'><strong>generis</strong></span> <span class='ocrx_word' id='word_1_670' title='bbox 1647 4780 1982 4849; x_wconf 86' lang='lat' dir='ltr'><strong>repleverant</strong></span> 
     </span>
    </p>
   </div>
   <div class='ocr_carea' id='block_1_93' title="bbox 2215 4773 3747 4851">
    <p class='ocr_par' dir='ltr' id='par_1_93' title="bbox 2215 4777 3747 4851">
     <span class='ocr_line' id='line_1_94' title="bbox 2215 4777 3747 4851; baseline -0.003 -19"><span class='ocrx_word' id='word_1_671' title='bbox 2215 4780 2429 4851; x_wconf 80' lang='grc' dir='ltr'>σθήσεις</span> <span class='ocrx_word' id='word_1_672' title='bbox 2451 4780 2630 4844; x_wconf 73' lang='grc' dir='ltr'>πάσας</span> <span class='ocrx_word' id='word_1_673' title='bbox 2656 4778 3123 4848; x_wconf 85' lang='grc' dir='ltr'>κατεκηλίδωσαν·</span> <span class='ocrx_word' id='word_1_674' title='bbox 3142 4780 3235 4833; x_wconf 77' lang='grc' dir='ltr'>καὶ</span> <span class='ocrx_word' id='word_1_675' title='bbox 3252 4778 3425 4848; x_wconf 81' lang='grc' dir='ltr'>ἀκοὴν</span> <span class='ocrx_word' id='word_1_676' title='bbox 3450 4777 3555 4847; x_wconf 83' lang='grc' dir='ltr'>μὲν</span> <span class='ocrx_word' id='word_1_677' title='bbox 3575 4778 3747 4847; x_wconf 75' lang='grc' dir='ltr'>ἔπλη-</span> 
     </span>
    </p>
   </div>
   <div class='ocr_carea' id='block_1_94' title="bbox 450 4868 1982 4943">
    <p class='ocr_par' dir='ltr' id='par_1_94' title="bbox 450 4868 1982 4939">
     <span class='ocr_line' id='line_1_95' title="bbox 450 4868 1982 4939; baseline 0.004 -19"><span class='ocrx_word' id='word_1_678' title='bbox 450 4869 606 4923; x_wconf 91' lang='lat' dir='ltr'><strong>visus</strong></span> <span class='ocrx_word' id='word_1_679' title='bbox 640 4876 822 4923; x_wconf 88' lang='lat' dir='ltr'><strong>autem</strong></span> <span class='ocrx_word' id='word_1_680' title='bbox 887 4868 996 4923; x_wconf 88' lang='lat' dir='ltr'><strong>illis</strong></span> <span class='ocrx_word' id='word_1_681' title='bbox 1048 4868 1371 4924; x_wconf 89' lang='lat' dir='ltr'><strong>enervantia</strong></span> <span class='ocrx_word' id='word_1_682' title='bbox 1430 4871 1792 4939; x_wconf 87' lang='lat' dir='ltr'><strong>spectacula;</strong></span> <span class='ocrx_word' id='word_1_683' title='bbox 1857 4881 1982 4928; x_wconf 69' lang='lat' dir='ltr'><strong>tacti</strong></span> 
     </span>
    </p>
   </div>
   <div class='ocr_carea' id='block_1_95' title="bbox 2212 4868 3744 4943">
    <p class='ocr_par' dir='ltr' id='par_1_95' title="bbox 2212 4868 3744 4943">
     <span class='ocr_line' id='line_1_96' title="bbox 2212 4868 3744 4943; baseline -0.001 -21"><span class='ocrx_word' id='word_1_684' title='bbox 2212 4887 2252 4923; x_wconf 80' lang='grc' dir='ltr'><strong>ιν</strong></span> <span class='ocrx_word' id='word_1_685' title='bbox 2272 4870 2531 4941; x_wconf 77' lang='grc' dir='ltr'>ᾀσμάτων</span> <span class='ocrx_word' id='word_1_686' title='bbox 2542 4870 2819 4943; x_wconf 84' lang='grc' dir='ltr'>πορνικῶν</span> <span class='ocrx_word' id='word_1_687' title='bbox 2828 4869 2923 4924; x_wconf 80' lang='grc' dir='ltr'>καὶ</span> <span class='ocrx_word' id='word_1_688' title='bbox 2941 4868 3052 4923; x_wconf 76' lang='grc' dir='ltr'><strong>τῶν</strong></span> <span class='ocrx_word' id='word_1_689' title='bbox 3072 4870 3174 4923; x_wconf 83' lang='grc' dir='ltr'>ὅσα</span> <span class='ocrx_word' id='word_1_690' title='bbox 3196 4868 3406 4932; x_wconf 87' lang='grc' dir='ltr'>τούτοις</span> <span class='ocrx_word' id='word_1_691' title='bbox 3430 4868 3744 4923; x_wconf 81' lang='grc' dir='ltr'>συνέπεται·</span> 
     </span>
    </p>
   </div>
   <div class='ocr_carea' id='block_1_96' title="bbox 450 4957 1982 5037">
    <p class='ocr_par' dir='ltr' id='par_1_96' title="bbox 450 4962 1982 5037">
     <span class='ocr_line' id='line_1_97' title="bbox 450 4962 1982 5037; baseline 0.005 -23"><span class='ocrx_word' id='word_1_692' title='bbox 450 4962 615 5016; x_wconf 82' lang='lat' dir='ltr'><strong>etiam</strong></span> <span class='ocrx_word' id='word_1_693' title='bbox 651 4971 706 5016; x_wconf 92' lang='lat' dir='ltr'><strong>et</strong></span> <span class='ocrx_word' id='word_1_694' title='bbox 736 4973 927 5033; x_wconf 80' lang='lat' dir='ltr'><strong>gustus</strong></span> <span class='ocrx_word' id='word_1_695' title='bbox 972 4971 1028 5017; x_wconf 92' lang='lat' dir='ltr'><strong>et</strong></span> <span class='ocrx_word' id='word_1_696' title='bbox 1083 4962 1338 5030; x_wconf 77' lang='lat' dir='ltr'><strong>olfactus,</strong></span> <span class='ocrx_word' id='word_1_697' title='bbox 1382 4979 1452 5021; x_wconf 85' lang='lat' dir='ltr'><strong>ne</strong></span> <span class='ocrx_word' id='word_1_698' title='bbox 1510 4962 1580 5023; x_wconf 80' lang='lat' dir='ltr'><strong>de</strong></span> <span class='ocrx_word' id='word_1_699' title='bbox 1622 4965 1841 5037; x_wconf 83' lang='lat' dir='ltr'><strong>singulo</strong></span> <span class='ocrx_word' id='word_1_700' title='bbox 1872 4981 1982 5021; x_wconf 74' lang='lat' dir='ltr'><strong>seu:</strong></span> 
     </span>
    </p>
   </div>
   <div class='ocr_carea' id='block_1_97' title="bbox 2212 4957 3744 5037">
    <p class='ocr_par' dir='ltr' id='par_1_97' title="bbox 2212 4957 3744 5032">
     <span class='ocr_line' id='line_1_98' title="bbox 2212 4957 3744 5032; baseline -0.002 -19"><span class='ocrx_word' id='word_1_701' title='bbox 2212 4960 2248 5013; x_wconf 76' lang='grc' dir='ltr'>ιὶ</span> <span class='ocrx_word' id='word_1_702' title='bbox 2273 4959 2395 5030; x_wconf 80' lang='grc' dir='ltr'>ὄψις</span> <span class='ocrx_word' id='word_1_703' title='bbox 2427 4960 2531 5031; x_wconf 81' lang='grc' dir='ltr'>μὲν</span> <span class='ocrx_word' id='word_1_704' title='bbox 2560 4961 2743 5025; x_wconf 82' lang='grc' dir='ltr'>αὐτοῖς</span> <span class='ocrx_word' id='word_1_705' title='bbox 2766 4959 2838 5015; x_wconf 81' lang='grc' dir='ltr'><strong>τὰ</strong></span> <span class='ocrx_word' id='word_1_706' title='bbox 2870 4957 3194 5032; x_wconf 79' lang='grc' dir='ltr'>ψυχοφθόρα</span> <span class='ocrx_word' id='word_1_707' title='bbox 3242 4957 3511 5029; x_wconf 84' lang='grc' dir='ltr'>θεάματα·</span> <span class='ocrx_word' id='word_1_708' title='bbox 3542 4958 3655 5027; x_wconf 74' lang='grc' dir='ltr'><strong>ἁφὴ</strong></span> <span class='ocrx_word' id='word_1_709' title='bbox 3689 4958 3744 5010; x_wconf 70' lang='grc' dir='ltr'>δὲ</span> 
     </span>
    </p>
   </div>
   <div class='ocr_carea' id='block_1_98' title="bbox 454 5049 1986 5128">
    <p class='ocr_par' dir='ltr' id='par_1_98' title="bbox 454 5053 1986 5128">
     <span class='ocr_line' id='line_1_99' title="bbox 454 5053 1986 5128; baseline 0.005 -22"><span class='ocrx_word' id='word_1_710' title='bbox 454 5054 724 5123; x_wconf 82' lang='lat' dir='ltr'><strong>loquendo</strong></span> <span class='ocrx_word' id='word_1_711' title='bbox 748 5069 1056 5109; x_wconf 88' lang='lat' dir='ltr'><strong>sermonem</strong></span> <span class='ocrx_word' id='word_1_712' title='bbox 1082 5053 1297 5125; x_wconf 79' lang='lat' dir='ltr'><strong>longius</strong></span> <span class='ocrx_word' id='word_1_713' title='bbox 1321 5056 1665 5126; x_wconf 88' lang='lat' dir='ltr'><strong>protraham,</strong></span> <span class='ocrx_word' id='word_1_714' title='bbox 1698 5057 1903 5128; x_wconf 90' lang='lat' dir='ltr'><strong>quibus</strong></span> <span class='ocrx_word' id='word_1_715' title='bbox 1930 5073 1986 5113; x_wconf 73' lang='lat' dir='ltr'><strong>nc</strong></span> 
     </span>
    </p>
   </div>
   <div class='ocr_carea' id='block_1_99' title="bbox 2212 5049 3744 5128">
    <p class='ocr_par' dir='ltr' id='par_1_99' title="bbox 2212 5049 3744 5125">
     <span class='ocr_line' id='line_1_100' title="bbox 2212 5049 3744 5125; baseline -0.003 -19"><span class='ocrx_word' id='word_1_716' title='bbox 2212 5053 2248 5106; x_wconf 78' lang='grc' dir='ltr'>ιὶ</span> <span class='ocrx_word' id='word_1_717' title='bbox 2276 5051 2462 5122; x_wconf 69' lang='grc' dir='ltr'>γεῦσις</span> <span class='ocrx_word' id='word_1_718' title='bbox 2521 5051 2616 5106; x_wconf 74' lang='grc' dir='ltr'>καὶ</span> <span class='ocrx_word' id='word_1_719' title='bbox 2648 5051 2940 5125; x_wconf 82' lang='grc' dir='ltr'>ὄσφρησις,</span> <span class='ocrx_word' id='word_1_720' title='bbox 2989 5051 3080 5105; x_wconf 71' lang='grc' dir='ltr'>ἵνα</span> <span class='ocrx_word' id='word_1_721' title='bbox 3134 5049 3211 5122; x_wconf 84' lang='grc' dir='ltr'>μὴ</span> <span class='ocrx_word' id='word_1_722' title='bbox 3259 5049 3604 5105; x_wconf 84' lang='grc' dir='ltr'>καθέκαστον</span> <span class='ocrx_word' id='word_1_723' title='bbox 3658 5049 3744 5102; x_wconf 83' lang='grc' dir='ltr'>αἰ-</span> 
     </span>
    </p>
   </div>
   <div class='ocr_carea' id='block_1_100' title="bbox 453 5138 1985 5217">
    <p class='ocr_par' dir='ltr' id='par_1_100' title="bbox 453 5145 1985 5215">
     <span class='ocr_line' id='line_1_101' title="bbox 453 5145 1985 5215; baseline 0.003 -15"><span class='ocrx_word' id='word_1_724' title='bbox 453 5145 579 5200; x_wconf 85' lang='lat' dir='ltr'><strong>licet</strong></span> <span class='ocrx_word' id='word_1_725' title='bbox 610 5145 977 5215; x_wconf 88' lang='lat' dir='ltr'><strong>applicantur,</strong></span> <span class='ocrx_word' id='word_1_726' title='bbox 1017 5146 1091 5202; x_wconf 90' lang='lat' dir='ltr'><strong>ita</strong></span> <span class='ocrx_word' id='word_1_727' title='bbox 1121 5157 1182 5201; x_wconf 93' lang='lat' dir='ltr'><strong>ut</strong></span> <span class='ocrx_word' id='word_1_728' title='bbox 1221 5147 1298 5203; x_wconf 90' lang='lat' dir='ltr'><strong>illi</strong></span> <span class='ocrx_word' id='word_1_729' title='bbox 1330 5148 1833 5206; x_wconf 87' lang='lat' dir='ltr'><strong>indiscriminatum</strong></span> <span class='ocrx_word' id='word_1_730' title='bbox 1875 5150 1943 5206; x_wconf 90' lang='lat' dir='ltr'><strong>ad</strong></span> <span class='ocrx_word' id='word_1_731' title='bbox 1974 5167 1985 5205; x_wconf 79' lang='grc' dir='ltr'><strong>ι</strong></span> 
     </span>
    </p>
   </div>
   <div class='ocr_carea' id='block_1_101' title="bbox 2213 5138 3745 5217">
    <p class='ocr_par' dir='ltr' id='par_1_101' title="bbox 2217 5138 3745 5217">
     <span class='ocr_line' id='line_1_102' title="bbox 2217 5138 3745 5217; baseline -0.001 -19"><span class='ocrx_word' id='word_1_732' title='bbox 2217 5145 2440 5217; x_wconf 83' lang='grc' dir='ltr'>ητήριον</span> <span class='ocrx_word' id='word_1_733' title='bbox 2484 5143 2658 5214; x_wconf 80' lang='grc' dir='ltr'>λέγων</span> <span class='ocrx_word' id='word_1_734' title='bbox 2683 5146 2765 5209; x_wconf 78' lang='grc' dir='ltr'><strong>είς</strong></span> <span class='ocrx_word' id='word_1_735' title='bbox 2815 5144 2991 5216; x_wconf 83' lang='grc' dir='ltr'>μῆκος</span> <span class='ocrx_word' id='word_1_736' title='bbox 3015 5144 3287 5198; x_wconf 74' lang='grc' dir='ltr'>ἀποτείνω</span> <span class='ocrx_word' id='word_1_737' title='bbox 3313 5143 3405 5198; x_wconf 86' lang='grc' dir='ltr'>τὸν</span> <span class='ocrx_word' id='word_1_738' title='bbox 3454 5142 3629 5213; x_wconf 75' lang='grc' dir='ltr'>λόγον,</span> <span class='ocrx_word' id='word_1_739' title='bbox 3666 5138 3745 5205; x_wconf 77' lang='grc' dir='ltr'>οἷς</span> 
     </span>
    </p>
   </div>
   <div class='ocr_carea' id='block_1_102' title="bbox 455 5229 1987 5315">
    <p class='ocr_par' dir='ltr' id='par_1_102' title="bbox 455 5237 1987 5315">
     <span class='ocr_line' id='line_1_103' title="bbox 455 5237 1987 5315; baseline 0.005 -23"><span class='ocrx_word' id='word_1_740' title='bbox 455 5253 577 5309; x_wconf 84' lang='lat' dir='ltr'><strong>quae</strong></span> <span class='ocrx_word' id='word_1_741' title='bbox 607 5247 802 5293; x_wconf 89' lang='lat' dir='ltr'><strong>natura</strong></span> <span class='ocrx_word' id='word_1_742' title='bbox 859 5238 968 5295; x_wconf 88' lang='lat' dir='ltr'><strong>illis</strong></span> <span class='ocrx_word' id='word_1_743' title='bbox 1009 5237 1188 5305; x_wconf 81' lang='lat' dir='ltr'><strong>alIcrt,</strong></span> <span class='ocrx_word' id='word_1_744' title='bbox 1228 5248 1284 5296; x_wconf 91' lang='lat' dir='ltr'><strong>et</strong></span> <span class='ocrx_word' id='word_1_745' title='bbox 1321 5256 1445 5312; x_wconf 60' lang='lat' dir='ltr'><strong>quae</strong></span> <span class='ocrx_word' id='word_1_746' title='bbox 1472 5258 1502 5298; x_wconf 94' lang='lat' dir='ltr'><strong>a</strong></span> <span class='ocrx_word' id='word_1_747' title='bbox 1558 5243 1677 5315; x_wconf 79' lang='lat' dir='ltr'><strong>lege</strong></span> <span class='ocrx_word' id='word_1_748' title='bbox 1705 5243 1890 5300; x_wconf 90' lang='lat' dir='ltr'><strong>divina</strong></span> <span class='ocrx_word' id='word_1_749' title='bbox 1929 5259 1987 5299; x_wconf 86' lang='lat' dir='ltr'><strong>nc</strong></span> 
     </span>
    </p>
   </div>
   <div class='ocr_carea' id='block_1_103' title="bbox 2209 5229 3741 5315">
    <p class='ocr_par' dir='ltr' id='par_1_103' title="bbox 2209 5229 3741 5310">
     <span class='ocr_line' id='line_1_104' title="bbox 2209 5229 3741 5310; baseline 0 -21"><span class='ocrx_word' id='word_1_750' title='bbox 2209 5263 2213 5288; x_wconf 69' lang='grc' dir='ltr'><strong>ι</strong></span> <span class='ocrx_word' id='word_1_751' title='bbox 2245 5237 2404 5310; x_wconf 85' lang='grc' dir='ltr'>θέμις</span> <span class='ocrx_word' id='word_1_752' title='bbox 2453 5236 2900 5309; x_wconf 80' lang='grc' dir='ltr'>ὲνδιατρίϐουσιν·</span> <span class='ocrx_word' id='word_1_753' title='bbox 2937 5236 3000 5302; x_wconf 69' lang='grc' dir='ltr'><strong>ἐξ</strong></span> <span class='ocrx_word' id='word_1_754' title='bbox 3025 5229 3103 5293; x_wconf 81' lang='grc' dir='ltr'>ὧν</span> <span class='ocrx_word' id='word_1_755' title='bbox 3134 5236 3323 5302; x_wconf 77' lang='grc' dir='ltr'>αὐτοῖς</span> <span class='ocrx_word' id='word_1_756' title='bbox 3354 5236 3741 5308; x_wconf 74' lang='grc' dir='ltr'>ἀκατακρίτως</span> 
     </span>
    </p>
   </div>
   <div class='ocr_carea' id='block_1_104' title="bbox 454 5330 1986 5408">
    <p class='ocr_par' dir='ltr' id='par_1_104' title="bbox 454 5330 1986 5408">
     <span class='ocr_line' id='line_1_105' title="bbox 454 5330 1986 5408; baseline 0.004 -24"><span class='ocrx_word' id='word_1_757' title='bbox 454 5330 838 5402; x_wconf 84' lang='lat' dir='ltr'><strong>prohibentur,</strong></span> <span class='ocrx_word' id='word_1_758' title='bbox 896 5346 1019 5388; x_wconf 85' lang='lat' dir='ltr'><strong>sese</strong></span> <span class='ocrx_word' id='word_1_759' title='bbox 1086 5332 1289 5390; x_wconf 80' lang='lat' dir='ltr'><strong>ferant.</strong></span> <span class='ocrx_word' id='word_1_760' title='bbox 1343 5334 1599 5407; x_wconf 89' lang='lat' dir='ltr'><strong>Quinque</strong></span> <span class='ocrx_word' id='word_1_761' title='bbox 1653 5351 1786 5408; x_wconf 81' lang='lat' dir='ltr'><strong>ergo</strong></span> <span class='ocrx_word' id='word_1_762' title='bbox 1843 5353 1986 5393; x_wconf 72' lang='grc' dir='ltr'>εεηει</span> 
     </span>
    </p>
   </div>
   <div class='ocr_carea' id='block_1_105' title="bbox 2204 5330 3736 5408">
    <p class='ocr_par' dir='ltr' id='par_1_105' title="bbox 2225 5330 3736 5405">
     <span class='ocr_line' id='line_1_106' title="bbox 2225 5330 3736 5405; baseline -0.003 -17"><span class='ocrx_word' id='word_1_763' title='bbox 2225 5350 2284 5388; x_wconf 79' lang='grc' dir='ltr'><strong>τε</strong></span> <span class='ocrx_word' id='word_1_764' title='bbox 2315 5334 2351 5404; x_wconf 81' lang='grc' dir='ltr'>ἠ</span> <span class='ocrx_word' id='word_1_765' title='bbox 2400 5331 2561 5403; x_wconf 81' lang='grc' dir='ltr'>φύσις</span> <span class='ocrx_word' id='word_1_766' title='bbox 2587 5331 2896 5405; x_wconf 86' lang='grc' dir='ltr'>παρέσχετο</span> <span class='ocrx_word' id='word_1_767' title='bbox 2939 5331 3036 5386; x_wconf 76' lang='grc' dir='ltr'>καὶ</span> <span class='ocrx_word' id='word_1_768' title='bbox 3061 5330 3098 5386; x_wconf 73' lang='grc' dir='ltr'>ἃ</span> <span class='ocrx_word' id='word_1_769' title='bbox 3128 5331 3204 5403; x_wconf 80' lang='grc' dir='ltr'>μὴ</span> <span class='ocrx_word' id='word_1_770' title='bbox 3235 5330 3379 5396; x_wconf 81' lang='grc' dir='ltr'>θεῖος</span> <span class='ocrx_word' id='word_1_771' title='bbox 3405 5331 3570 5403; x_wconf 77' lang='grc' dir='ltr'>νόμος</span> <span class='ocrx_word' id='word_1_772' title='bbox 3599 5333 3736 5385; x_wconf 75' lang='grc' dir='ltr'><strong>ἑκώ-</strong></span> 
     </span>
    </p>
   </div>
   <div class='ocr_carea' id='block_1_106' title="bbox 457 5420 1989 5499">
    <p class='ocr_par' dir='ltr' id='par_1_106' title="bbox 457 5424 1983 5499">
     <span class='ocr_line' id='line_1_107' title="bbox 457 5424 1983 5499; baseline 0.004 -20"><span class='ocrx_word' id='word_1_773' title='bbox 457 5438 579 5479; x_wconf 76' lang='grc' dir='ltr'>ειιιη</span> <span class='ocrx_word' id='word_1_774' title='bbox 605 5424 680 5478; x_wconf 89' lang='lat' dir='ltr'><strong>ita</strong></span> <span class='ocrx_word' id='word_1_775' title='bbox 708 5424 978 5494; x_wconf 86' lang='lat' dir='ltr'><strong>inquinati</strong></span> <span class='ocrx_word' id='word_1_776' title='bbox 1009 5426 1120 5484; x_wconf 86' lang='lat' dir='ltr'><strong>sint</strong></span> <span class='ocrx_word' id='word_1_777' title='bbox 1145 5436 1202 5482; x_wconf 90' lang='lat' dir='ltr'><strong>et</strong></span> <span class='ocrx_word' id='word_1_778' title='bbox 1229 5429 1587 5485; x_wconf 82' lang='lat' dir='ltr'><strong>contaminati</strong></span> <span class='ocrx_word' id='word_1_779' title='bbox 1617 5446 1645 5483; x_wconf 85' lang='lat' dir='ltr'><strong>a</strong></span> <span class='ocrx_word' id='word_1_780' title='bbox 1675 5431 1983 5499; x_wconf 82' lang='lat' dir='ltr'><strong>passionibt</strong></span> 
     </span>
    </p>
   </div>
   <div class='ocr_carea' id='block_1_107' title="bbox 2202 5420 3734 5499">
    <p class='ocr_par' dir='ltr' id='par_1_107' title="bbox 2202 5420 3734 5498">
     <span class='ocr_line' id='line_1_108' title="bbox 2202 5420 3734 5498; baseline -0.003 -19"><span class='ocrx_word' id='word_1_781' title='bbox 2202 5445 2297 5496; x_wconf 74' lang='grc' dir='ltr'>ισε,</span> <span class='ocrx_word' id='word_1_782' title='bbox 2330 5427 2461 5498; x_wconf 71' lang='grc' dir='ltr'>περὶ</span> <span class='ocrx_word' id='word_1_783' title='bbox 2488 5426 2665 5481; x_wconf 81' lang='grc' dir='ltr'>ταῦτα</span> <span class='ocrx_word' id='word_1_784' title='bbox 2711 5424 3183 5497; x_wconf 79' lang='grc' dir='ltr'>ἀναστρέφεσθαι.</span> <span class='ocrx_word' id='word_1_785' title='bbox 3236 5424 3361 5478; x_wconf 84' lang='grc' dir='ltr'><strong>Τῶν</strong></span> <span class='ocrx_word' id='word_1_786' title='bbox 3395 5420 3489 5478; x_wconf 83' lang='grc' dir='ltr'><strong>οὖν</strong></span> <span class='ocrx_word' id='word_1_787' title='bbox 3517 5427 3574 5478; x_wconf 81' lang='grc' dir='ltr'>ἐν</span> <span class='ocrx_word' id='word_1_788' title='bbox 3606 5425 3734 5493; x_wconf 78' lang='grc' dir='ltr'>ἡμῖν</span> 
     </span>
    </p>
   </div>
   <div class='ocr_carea' id='block_1_108' title="bbox 456 5513 1988 5594">
    <p class='ocr_par' dir='ltr' id='par_1_108' title="bbox 456 5513 1988 5593">
     <span class='ocr_line' id='line_1_109' title="bbox 456 5513 1988 5593; baseline 0.006 -24"><span class='ocrx_word' id='word_1_789' title='bbox 456 5522 512 5569; x_wconf 83' lang='lat' dir='ltr'><strong>et</strong></span> <span class='ocrx_word' id='word_1_790' title='bbox 561 5513 1011 5572; x_wconf 90' lang='lat' dir='ltr'><strong>inclinationibus</strong></span> <span class='ocrx_word' id='word_1_791' title='bbox 1063 5532 1205 5588; x_wconf 85' lang='lat' dir='ltr'><strong>quas</strong></span> <span class='ocrx_word' id='word_1_792' title='bbox 1259 5518 1315 5573; x_wconf 92' lang='lat' dir='ltr'><strong>in</strong></span> <span class='ocrx_word' id='word_1_793' title='bbox 1363 5520 1468 5575; x_wconf 88' lang='lat' dir='ltr'><strong>hoc</strong></span> <span class='ocrx_word' id='word_1_794' title='bbox 1518 5529 1764 5591; x_wconf 86' lang='lat' dir='ltr'><strong>tempore</strong></span> <span class='ocrx_word' id='word_1_795' title='bbox 1818 5522 1988 5593; x_wconf 56' lang='lat' dir='ltr'><strong>fugiti‘</strong></span> 
     </span>
    </p>
   </div>
   <div class='ocr_carea' id='block_1_109' title="bbox 2199 5513 3731 5594">
    <p class='ocr_par' dir='ltr' id='par_1_109' title="bbox 2241 5517 3731 5594">
     <span class='ocr_line' id='line_1_110' title="bbox 2241 5517 3731 5594; baseline -0.005 -18"><span class='ocrx_word' id='word_1_796' title='bbox 2241 5522 2549 5594; x_wconf 81' lang='grc' dir='ltr'>αἰσθήσεων</span> <span class='ocrx_word' id='word_1_797' title='bbox 2589 5519 2766 5584; x_wconf 76' lang='grc' dir='ltr'>οὕτως</span> <span class='ocrx_word' id='word_1_798' title='bbox 2826 5518 3240 5591; x_wconf 79' lang='grc' dir='ltr'>ὲῤῥυπωμένων</span> <span class='ocrx_word' id='word_1_799' title='bbox 3264 5536 3324 5571; x_wconf 88' lang='grc' dir='ltr'><strong>τε</strong></span> <span class='ocrx_word' id='word_1_800' title='bbox 3353 5520 3448 5573; x_wconf 82' lang='grc' dir='ltr'>καὶ</span> <span class='ocrx_word' id='word_1_801' title='bbox 3499 5517 3731 5586; x_wconf 80' lang='grc' dir='ltr'>λελυμα-</span> 
     </span>
    </p>
   </div>
   <div class='ocr_carea' id='block_1_110' title="bbox 461 5607 1993 5688">
    <p class='ocr_par' dir='ltr' id='par_1_110' title="bbox 461 5607 1986 5685">
     <span class='ocr_line' id='line_1_111' title="bbox 461 5607 1986 5685; baseline 0.006 -22"><span class='ocrx_word' id='word_1_802' title='bbox 461 5607 865 5674; x_wconf 86' lang='lat' dir='ltr'><strong>contrahimus,</strong></span> <span class='ocrx_word' id='word_1_803' title='bbox 907 5610 1153 5667; x_wconf 92' lang='lat' dir='ltr'><strong>&#39;illorum</strong></span> <span class='ocrx_word' id='word_1_804' title='bbox 1188 5612 1504 5682; x_wconf 87' lang='lat' dir='ltr'><strong>purilicatio</strong></span> <span class='ocrx_word' id='word_1_805' title='bbox 1549 5623 1605 5668; x_wconf 89' lang='lat' dir='ltr'><strong>ct</strong></span> <span class='ocrx_word' id='word_1_806' title='bbox 1636 5617 1703 5667; x_wconf 82' lang='lat' dir='ltr'><strong>ad</strong></span> <span class='ocrx_word' id='word_1_807' title='bbox 1746 5616 1986 5685; x_wconf 83' lang='lat' dir='ltr'><strong>pt‘istittu</strong></span> 
     </span>
    </p>
   </div>
   <div class='ocr_carea' id='block_1_111' title="bbox 2202 5607 3734 5688">
    <p class='ocr_par' dir='ltr' id='par_1_111' title="bbox 2202 5609 3734 5682">
     <span class='ocr_line' id='line_1_112' title="bbox 2202 5609 3734 5682; baseline -0.005 -13"><span class='ocrx_word' id='word_1_808' title='bbox 2202 5615 2364 5671; x_wconf 84' lang='grc' dir='ltr'>ιένων</span> <span class='ocrx_word' id='word_1_809' title='bbox 2416 5614 2522 5668; x_wconf 80' lang='grc' dir='ltr'><strong>ὑπὸ</strong></span> <span class='ocrx_word' id='word_1_810' title='bbox 2582 5613 2691 5668; x_wconf 83' lang='grc' dir='ltr'><strong>τῶν</strong></span> <span class='ocrx_word' id='word_1_811' title='bbox 2740 5613 2931 5667; x_wconf 78' lang='grc' dir='ltr'>παθῶν</span> <span class='ocrx_word' id='word_1_812' title='bbox 2955 5630 3016 5667; x_wconf 82' lang='grc' dir='ltr'><strong>τε</strong></span> <span class='ocrx_word' id='word_1_813' title='bbox 3046 5611 3140 5666; x_wconf 78' lang='grc' dir='ltr'>καὶ</span> <span class='ocrx_word' id='word_1_814' title='bbox 3174 5612 3272 5682; x_wconf 83' lang='grc' dir='ltr'>τῆς</span> <span class='ocrx_word' id='word_1_815' title='bbox 3318 5611 3471 5682; x_wconf 77' lang='grc' dir='ltr'>ῥοῆς,</span> <span class='ocrx_word' id='word_1_816' title='bbox 3504 5609 3541 5664; x_wconf 79' lang='grc' dir='ltr'>ἂ</span> <span class='ocrx_word' id='word_1_817' title='bbox 3570 5611 3627 5662; x_wconf 83' lang='grc' dir='ltr'>ὲν</span> <span class='ocrx_word' id='word_1_818' title='bbox 3663 5609 3734 5679; x_wconf 79' lang='grc' dir='ltr'>τῷ</span> 
     </span>
    </p>
   </div>
   <div class='ocr_carea' id='block_1_112' title="bbox 458 5700 1990 5783">
    <p class='ocr_par' dir='ltr' id='par_1_112' title="bbox 458 5700 1925 5776">
     <span class='ocr_line' id='line_1_113' title="bbox 458 5700 1925 5776; baseline 0.007 -23"><span class='ocrx_word' id='word_1_819' title='bbox 458 5700 734 5755; x_wconf 81' lang='lat' dir='ltr'><strong>restitutio</strong></span> <span class='ocrx_word' id='word_1_820' title='bbox 785 5716 893 5759; x_wconf 87' lang='lat' dir='ltr'><strong>non</strong></span> <span class='ocrx_word' id='word_1_821' title='bbox 942 5704 1058 5762; x_wconf 87' lang='lat' dir='ltr'><strong>lieri</strong></span> <span class='ocrx_word' id='word_1_822' title='bbox 1105 5714 1281 5776; x_wconf 89' lang='lat' dir='ltr'><strong>potest</strong></span> <span class='ocrx_word' id='word_1_823' title='bbox 1340 5705 1643 5763; x_wconf 83' lang='lat' dir='ltr'><strong>secundam</strong></span> <span class='ocrx_word' id='word_1_824' title='bbox 1693 5707 1925 5764; x_wconf 81' lang='lat' dir='ltr'><strong>formam</strong></span> 
     </span>
    </p>
   </div>
   <div class='ocr_carea' id='block_1_113' title="bbox 2194 5700 3726 5783">
    <p class='ocr_par' dir='ltr' id='par_1_113' title="bbox 2194 5702 3726 5780">
     <span class='ocr_line' id='line_1_114' title="bbox 2194 5702 3726 5780; baseline -0.003 -18"><span class='ocrx_word' id='word_1_825' title='bbox 2194 5709 2335 5763; x_wconf 84' lang='grc' dir='ltr'>έοντι</span> <span class='ocrx_word' id='word_1_826' title='bbox 2405 5706 2903 5780; x_wconf 83' lang='grc' dir='ltr'>προσλαμϐάνομεν</span> <span class='ocrx_word' id='word_1_827' title='bbox 2956 5705 3156 5780; x_wconf 83' lang='grc' dir='ltr'>χρόνῳ,</span> <span class='ocrx_word' id='word_1_828' title='bbox 3212 5704 3420 5769; x_wconf 83' lang='grc' dir='ltr'>τούτων</span> <span class='ocrx_word' id='word_1_829' title='bbox 3459 5704 3494 5774; x_wconf 80' lang='grc' dir='ltr'>ἡ</span> <span class='ocrx_word' id='word_1_830' title='bbox 3529 5702 3726 5763; x_wconf 68' lang='grc' dir='ltr'>καθαρ-</span> 
     </span>
    </p>
   </div>
   <div class='ocr_carea' id='block_1_114' title="bbox 458 5787 1990 5874">
    <p class='ocr_par' dir='ltr' id='par_1_114' title="bbox 458 5787 1990 5874">
     <span class='ocr_line' id='line_1_115' title="bbox 458 5787 1990 5874; baseline 0.01 -28"><span class='ocrx_word' id='word_1_831' title='bbox 458 5787 824 5853; x_wconf 81' lang='lat' dir='ltr'><strong>imitatioucm</strong></span> <span class='ocrx_word' id='word_1_832' title='bbox 848 5794 1066 5869; x_wconf 77' lang='lat' dir='ltr'><strong>fugitivi</strong></span> <span class='ocrx_word' id='word_1_833' title='bbox 1118 5807 1171 5857; x_wconf 78' lang='lat' dir='ltr'><strong>et</strong></span> <span class='ocrx_word' id='word_1_834' title='bbox 1222 5799 1473 5871; x_wconf 80' lang='lat' dir='ltr'><strong>perversi</strong></span> <span class='ocrx_word' id='word_1_835' title='bbox 1517 5802 1802 5872; x_wconf 80' lang='lat' dir='ltr'><strong>temporis,</strong></span> <span class='ocrx_word' id='word_1_836' title='bbox 1848 5804 1990 5874; x_wconf 77' lang='lat' dir='ltr'><strong>petit</strong></span> 
     </span>
    </p>
   </div>
   <div class='ocr_carea' id='block_1_115' title="bbox 2200 5787 3732 5874">
    <p class='ocr_par' dir='ltr' id='par_1_115' title="bbox 2200 5798 3732 5874">
     <span class='ocr_line' id='line_1_116' title="bbox 2200 5798 3732 5874; baseline -0.003 -20"><span class='ocrx_word' id='word_1_837' title='bbox 2200 5820 2234 5869; x_wconf 48' lang='grc' dir='ltr'><strong>ις</strong></span> <span class='ocrx_word' id='word_1_838' title='bbox 2266 5802 2358 5860; x_wconf 72' lang='grc' dir='ltr'>καὶ</span> <span class='ocrx_word' id='word_1_839' title='bbox 2407 5803 2440 5874; x_wconf 80' lang='grc' dir='ltr'>ἡ</span> <span class='ocrx_word' id='word_1_840' title='bbox 2494 5803 2575 5866; x_wconf 86' lang='grc' dir='ltr'><strong>είς</strong></span> <span class='ocrx_word' id='word_1_841' title='bbox 2624 5802 2685 5856; x_wconf 81' lang='lat'><em>1:6</em></span> <span class='ocrx_word' id='word_1_842' title='bbox 2731 5801 2958 5873; x_wconf 80' lang='grc' dir='ltr'>ἀρχαῖον</span> <span class='ocrx_word' id='word_1_843' title='bbox 3006 5798 3454 5863; x_wconf 72' lang='grc' dir='ltr'>ἀποκατάστασις</span> <span class='ocrx_word' id='word_1_844' title='bbox 3518 5799 3619 5852; x_wconf 73' lang='grc' dir='ltr'>οὐκ</span> <span class='ocrx_word' id='word_1_845' title='bbox 3670 5798 3732 5850; x_wconf 73' lang='grc' dir='ltr'>ἂν</span> 
     </span>
    </p>
   </div>
  </div>
