3778 6306
121 339 241 411 725

951 340 1053 402 AD
1093 341 1687 404 AMPHILOCH‘IUM
1721 340 2072 416 QUESTIO
2108 344 2336 419 CXXX,
2394 345 2656 408 CXXXI.

3296 342 3415 411 726

128 455 343 527 γίνοιτο
395 454 538 509 κατά
585 454 678 509 τὸν
710 454 880 514 τύπον
935 458 1030 512 καὶ
1056 459 1159 530 τήν
1188 459 1418 531 μίμησιν
1456 459 1551 514 τοῦ
1587 463 1714 533 ῥευ-

1820 476 1947 518 vero
1974 464 2279 519 secundum
2305 464 2717 522 ordinationem
2744 474 2798 522 et
2827 464 3171 535 disciplinam
3203 473 3259 520 et
3285 464 3403 519 for-

134 546 264 601 στοῦ
308 546 407 601 καὶ
457 547 940 620 φιλαμαρτήμονος
991 550 1204 621 χρόνου·
1252 553 1391 606 κατὰ
1421 550 1523 623 τὴν
1552 553 1707 619 τάξιν

1820 570 1955 610 mam
1991 556 2348 625 impassibilis
2392 567 2448 613 et.
2480 560 2837 616 immutabilis
2886 568 2943 614 et
2974 558 3163 611 aeterni
3192 566 3404 627 tempe-

131 640 192 694 δέ
242 638 447 709 μᾶλλον
514 640 608 692 καὶ
680 640 1059 712 παιδαγωγίαν
1106 644 1203 696 καὶ
1257 644 1562 716 ἐκμίμησιν
1615 645 1711 700 τοῦ

1820 650 1910 716 ris,
1946 652 2093 721 quod
2153 651 2319 721 paulo
2360 654 2613 722 superius
2658 663 2906 708 octavam
2956 653 3302 723 primamque
3349 661 3407 707 et

132 728 373 793 ἀπαθοῦς
426 747 485 783 τε
538 729 635 789 καὶ
691 729 992 803 άρρεύστου
1045 734 1139 785 καὶ
1195 732 1551 802 ἀτελευτήτου
1580 733 1713 805 χρό-

138 837 225 873 νου
274 836 289 849 ·
345 818 409 872 δν
456 820 485 874 6
554 820 713 891 λόγος
798 821 993 894 μικρὸν
1078 822 1287 877 ἄνωθεν
1375 826 1568 897 ὀγδόην
1654 842 1717 878 τε

136 908 226 963 καὶ
297 907 527 981 πρώτην
586 910 682 965 καὶ
738 910 871 985 μίαν
926 911 1167 977 ἐδίδαξεν
1248 913 1710 984 ἐπονομάζεσθαι.

147 998 300 1052 Ἐπεὶ¹
347 995 443 1054 οὖν
498 1002 556 1055 αί
588 1008 628 1055 ε’
688 1002 974 1073 αἰσθήσεις
1016 1004 1177 1074 ήμῶν
1232 1004 1326 1059 ἐπὶ
1383 1006 1482 1075 τὴν
1530 1000 1721 1074 ὀγδοά-

139 1090 197 1144 δα
223 1089 832 1164 πολλαπλασιαζόμεναι
856 1097 948 1149 τὸν
981 1102 1033 1166 μ’
1058 1096 1414 1155 ἀποτελοῦσιν
1461 1098 1717 1169 ἀριθμόν·

134 1181 217 1235 διά
246 1182 307 1235 δὲ
337 1183 449 1237 τῶν
482 1190 523 1237 ε’
550 1184 855 1256 αἰσθήσεων
911 1186 1103 1257 ζῶμεν
1127 1204 1187 1246 τε
1219 1187 1319 1245 καὶ
1357 1187 1457 1252 τὰς
1487 1189 1718 1260 πράξεις

133 1274 497 1346 ἐπιτελοῦμεν
556 1276 683 1330 ὅσαι
714 1294 775 1330 τε
830 1276 1030 1347 φαῦλοι,
1074 1280 1167 1339 καὶ¹
1212 1281 1336 1335 ὅσαι
1386 1282 1467 1347 είς
1508 1281 1721 1353 ἀρετῶν

134 1367 503 1437 ἀναφέρονται
531 1367 711 1436 λόγον,
736 1370 965 1433 εἰκότως
1018 1371 1108 1425 διὰ
1162 1377 1216 1441 μ’
1255 1372 1480 1444 ἡμερῶν
1519 1372 1723 1438 ταύτας

135 1455 497 1525 καθαίρομεν,
535 1459 632 1511 καὶ
659 1459 840 1511 πᾶσαν
890 1459 1083 1523 αὑταῖς
1138 1460 1383 1532 ίατρείανη
1425 1462 1723 1532 προσάγειν

134 1547 542 1619 παρελάϐομεν,
568 1547 711 1603 οὔτω
743 1550 884 1604 κατὰ
913 1550 1118 1615 ταύτας
1146 1553 1525 1611 πολιτεύεσθαι
1548 1554 1622 1617 ὡς
1656 1554 1723 1607 ἂν

129 1641 162 1709 ἠ
195 1640 418 1708 ὀγδοὰς,
460 1640 600 1695 ἀλλὰ
630 1642 707 1713 μὴ
754 1642 817 1695 τὸ
862 1644 1088 1714 ρευστδν
1114 1647 1215 1715 τῆς
1259 1645 1556 1716 ἑϐδομάδος
1601 1648 1725 1699 ἐπι-

1812 759 1977 798 unam
2018 744 2199 798 vocari
2228 745 2544 801 didicimus.
2584 744 2723 800 Cum
2771 762 2901 815 ergo
2932 746 3173 817 quinque
3211 758 3410 801 sensus

1814 836 1988 891 nostri
2026 852 2119 906 per
2149 846 2397 892 octavam
2434 839 2776 908 nniltiplicati
2808 838 3168 909 quadraginta
3210 851 3405 890 nume-

1819 941 1941 981 rum
1971 926 2226 993 ellleiant,
2285 944 2378 999 per
2409 929 2653 999 quinque
2681 940 2862 985 autem
2908 943 3106 983 sensus
3134 928 3407 991 vivamus,

1818 1026 1874 1073 et
1896 1020 2139 1074 actiones
2169 1020 2287 1074 sive
2320 1031 2529 1092 turpes,
2577 1022 2694 1076 sive
2728 1021 2965 1076 .virtutis
3017 1020 3281 1073 habentes
3316 1034 3408 1071 ra-

1821 1110 2029 1166 tionem
2052 1112 2372 1177 ellieiamus,
2398 1115 2592 1169 merito
2628 1115 2753 1172 illos
2776 1130 2874 1185 per
2902 1112 3263 1184 quadraginta
3290 1111 3410 1164 dies

1820 1203 2198 1272 puriﬁcamus,
2231 1214 2286 1259 et
2311 1205 2421 1261 illis
2463 1220 2681 1261 omnem
2734 1207 3074 1261 sanationem
3108 1217 3406 1273 procurare

1819 1298 2175 1367 suscipimus.
2204 1299 2277 1353 ita
2310 1299 2433 1355 illos
2457 1310 2707 1370 regentes
2736 1309 2797 1353 ut
2822 1308 3037 1360 octava,
3079 1305 3135 1350 at
3166 1311 3274 1348 non
3317 1294 3407 1345 fu-

1820 1389 1985 1458 gitiva
2019 1390 2359 1446 hebdomada
2392 1392 2591 1463 dirigat
2636 1401 2690 1447 et
2717 1392 2969 1460 imperet.
3032 1387 3173 1442 Huic
3220 1394 3406 1439 autem

1821 1482 2105 1536 sententia:
2156 1491 2381 1539 sanctus
2451 1482 2691 1539 Joannes
2743 1477 3407 1548 Constantinopolitanus,

1823 1571 1878 1626 in
1925 1571 2106 1643 aliqua
2158 1588 2221 1629 ex
2285 1574 2401 1629 suis
2430 1575 2774 1631 orationibus
2812 1588 2933 1643 qua:
2965 1571 3181 1625 titulum
3220 1568 3405 1631 habet,

1824 1666 1901 1722 De
1922 1667 2152 1737 jejunio,
2176 1672 2515 1726 concordare
2547 1681 2599 1727 et
2628 1671 2919 1727 teSLilieat-e
2954 1668 3187 1722 videtur.

132 1751 311 1829 scith
348 1769 410 1805 τε
430 1753 526 1813 καὶ
556 1752 962 1826 διακελεύηται·
1016 1753 1189 1828 ταύτῃ
1218 1754 1277 1809 δέ
1303 1756 1463 1827 ήμῶν
1488 1756 1557 1828 τῆ
1622 1756 1829 1829 θεωρίᾳ
1889 1760 1987 1813 καὶ
2030 1760 2060 1813 ό
2094 1760 2250 1829 άγιος
2292 1762 2548 1834 Ἰωάννης
2575 1765 2605 1817 6
2637 1758 3266 1819 Κωνσταντινουπόλεως
3332 1751 3396 1806 ἐν

132 1858 239 1896 τινι
272 1844 381 1899 τῶν
413 1843 583 1899 αὐτοῦ
612 1845 788 1915 λόγων
811 1846 871 1909 ὅς
900 1847 1332 1919 ἐπιγέγραπται,
1361 1848 1498 1921 Περὶ
1519 1848 1794 1921 νηστείας,
1833 1848 2076 1920 συνᾴδων
2099 1868 2158 1904 τε
2189 1853 2283 1906 καὶ
2337 1852 2863 1923 προμαρτυρόμενος
2907 1848 3301 1903 ἐπιδείκνυται.

661 1965 998 2019 ΕΡΩΤΗΣΙΣ
1033 1966 1169 2020 ΡΛΛ
1189 2004 1206 2022 .

584 2055 649 2111 τι
689 2056 927 2125 λέγεται
962 2057 1281 2128 ματνῆτις.

1748 1954 1798 2015 Β
1894 1963 2226 2031 QUIESTIO
2257 1963 2474 2022 cxxxn
2505 1964 2698 2036 [CoisL
2725 1962 2904 2029 cun,
2939 1962 3102 2018 Taur.
3132 1958 3312 2033 CLII].

2358 2058 2501 2124 Quid
2532 2058 2600 2111 sit
2636 2072 2875 2126 magnes.

1189 2174 1333 2227 Edita
1352 2190 1381 2227 ιι
1414 2174 1538 2226 Maio
1567 2175 1717 2239 (Nov.
1743 2176 1870 2229 Coti.
1897 2182 1940 2232 t.
1958 2176 1998 2239 l,
2018 2189 2069 2239 p.
2101 2172 2355 2235 125-127).

199 2283 278 2331 α’.
313 2277 603 2349 Μαγνῆτις
638 2277 777 2349 ὅπερ
805 2278 1087 2352 ἐρώτησας
1118 2281 1366 2335 καλεῖται
1418 2282 1453 2353 ή
1494 2283 1585 2335 τὸν
1633 2282 1718 2335 σί-

133 2370 302 2443 δηρον
342 2371 578 2424 ἕλκουσα
627 2369 808 2435 λίθος·
835 2372 918 2426 ὅτι
952 2373 1251 2442 Μάγνητας
1278 2372 1481 2442 ἄνδρας
1506 2372 1720 2441 λιθοφό-

138 2476 289 2531 ρους,
318 2458 601 2539 ἀρχηγοιὴ
633 2477 767 2531 φησι
796 2460 1068 2534 εὑρέσεως
1098 2462 1268 2535 αὐτῆς
1305 2462 1583 2533 γενέσθαι,
1622 2462 1721 2518 καὶ

134 2550 236 2620 τῆς
270 2551 551 2621 ἐνεργείας
575 2553 655 2615 είς
681 2550 887 2619 γνῶσιν
910 2550 1083 2605 ἐλθεῖν
1102 2568 1119 2584 ·
1147 2552 1456 2623 λιθοφόροις
1481 2552 1616 2624 γὰρ,
1641 2552 1719 2617 ὡς

138 2640 307 2704 ἔοικε,
340 2641 607 2710 κρηπῖσιν
631 2639 1015 2711 ὑποδεδεμένοι
1066 2635 1233 2709 οὗτοι,
1276 2642 1400 2695 ἐπεὶ
1442 2642 1583 2703 κατά
1616 2643 1722 2712 γῆς

141 2731 470 2802 σιδηρίτιδος
492 2730 676 2802 ἠρέμα
705 2730 1011 2802 βαδίζοντες
1040 2733 1304 2803 γένοιντο,
1342 2733 1544 2805 βάρους
1574 2732 1721 2799 τινὸς

141 2826 234 2878 καὶ
261 2823 621 2894 δυσκινησίαν
656 2825 1074 2895 προσεχομένων
1106 2826 1216 2887 τῶν
1253 2828 1451 2898 ψήφων
1478 2829 1594 2891 τοῖς
1641 2844 1723 2880 σι-

141 2917 348 2989 δηρίοις
380 2916 886 2988 ἀντελαμϐάνοντο·
915 2917 1102 2988 θαῦμα
1142 2918 1203 2972 δέ
1246 2918 1589 2995 προσπίπτον
1627 2921 1724 2977 αὑ-

143 3008 277 3069 τοῖς,
303 3008 400 3061 καὶ
432 3006 570 3077 πρὸς
603 3006 833 3078 ζήτησιν
856 3007 956 3077 τῆς
982 3007 1161 3071 αίτίας
1182 3007 1493 3075 ἀνακινοῦν,
1512 3009 1611 3080 τὴν
1633 3007 1725 3062 sii-

147 3113 300 3165 ρεσιν
330 3100 638 3169 παρασχεῖν
657 3098 757 3166 τῆς
783 3098 842 3151 ἐν
872 3100 939 3169 τῇ
961 3097 1094 3169 λίθῳ
1123 3097 1439 3169 δυνάμεως·
1468 3098 1530 3152 οὐ
1562 3099 1724 3170 μόνον

144 3188 200 3240 δέ
238 3190 513 3259 μαγνῆτις
558 3188 697 3258 αὕτη
736 3189 1025 3255 καλεῖται,
1075 3189 1212 3243 ἀλλὰ
1252 3190 1347 3243 καὶ
1375 3189 1581 3257 Λυδία,
1629 3190 1727 3245 καὶ

154 3277 475 3350 Ἡράκλεια,
501 3279 595 3333 καὶ
625 3278 905 3351 σιδηρῖτις·
926 3278 1008 3332 δεῖ
1034 3278 1143 3351 γάρ
1173 3295 1255 3333 σοι
1282 3280 1728 3349 σπουδαιολογου-

148 3369 294 3438 μένῳ
343 3368 478 3439 περὶ
519 3368 715 3436 ταῦτα,
769 3368 867 3423 καὶ¹
894 3370 1042 3441 ήμᾱς
1089 3368 1722 3442 προσφιλοτιμήσασθαι·

148 3459 289 3514 ἀλλὰ
333 3460 447 3531 γὰρ
480 3461 743 3531 σιδηρῖτις
773 3460 876 3530 μὲν
919 3461 1029 3515 ἀπὸ
1055 3464 1154 3532 τῆς
1190 3462 1473 3533 ἐνεργείας
1500 3458 1567 3543 ἧς
1595 3463 1726 3535 περὶ

1892 2282 1948 2337 1.
1984 2280 2208 2351 Magnes
2251 2278 2319 2333 de
2347 2291 2457 2348 quo
2488 2291 2573 2334 me
2612 2274 2913 2344 interrogas
2937 2312 2955 2337 ,
3013 2270 3214 2325 dicitur
3268 2268 3411 2339 lapis

1822 2371 2029 2427 ferrum
2060 2371 2283 2426 trahens
2318 2386 2333 2423 :
2389 2368 2518 2438 quia
2576 2364 2837 2436 Magnesii
2872 2362 3122 2417 homines
3155 2361 3298 2413 hunc
3323 2361 3406 2413 la-

1823 2464 2000 2533 pidem
2032 2461 2381 2531 gestitantes,
2434 2457 2510 2512 rei
2546 2456 2857 2510 inventores
2891 2453 3141 2507 feruntur
3177 2450 3413 2518 ejusque

1821 2554 1929 2606 vim
1958 2551 2118 2621 primi
2154 2549 2414 2604 sensisse.
2467 2544 2602 2599 Nam
2638 2542 2888 2613 lapideis,
2922 2551 2979 2593 ut
3014 2536 3274 2593 credibile
3299 2543 3407 2597 est,

1822 2642 2057 2713 crepidis
2089 2639 2287 2703 induti,
2340 2638 2470 2693 dum
2501 2636 2697 2691 tellure
2727 2633 2874 2688 ferro
2906 2631 3224 2685 abundante
3261 2627 3413 2679 lente

1823 2732 2162 2793 incederent,
2214 2727 2613 2802 ponderitatem
2669 2724 2858 2779 nescio
2918 2737 3082 2790 quam
3117 2727 3411 2785 motusque

1823 2824 2229 2887 dillieultatem,
2293 2818 2626 2875 merentibus
2683 2816 2829 2870 l'erro
2894 2812 3137 2886 lapillis,
3198 2808 3411 2877 experti

1825 2926 1974 2975 sunt.
2007 2914 2108 2970 Rei
2162 2913 2427 2969 miraculo
2475 2908 2732 2968 commoti
2765 2916 2928 2975 atque
2973 2903 3040 2958 ad
3086 2917 3268 2957 causae
3314 2915 3410 2951 ve-

1826 3007 2169 3077 stigationem
2202 3002 2575 3075 impulsi,vint
2606 3000 2767 3070 lapidi
2804 2998 3028 3052 insitam
3055 3009 3175 3049 esse
3204 3006 3409 3062 cogno-

1825 3105 2041 3150 verunt.
2069 3094 2255 3163 Neque
2284 3107 2508 3161 magnes
2538 3086 2919 3145 tantummodo
2948 3086 3035 3138 hic
3058 3083 3198 3152 lapis
3227 3079 3414 3149 appel-

1828 3188 1991 3256 latur,
2026 3201 2217 3242 verum
2245 3185 2412 3241 etiam
2445 3183 2622 3255 lydius
2655 3190 2711 3235 et
2749 3178 3020 3235 heraclius
3044 3189 3097 3230 et
3133 3173 3410 3229 εἰόιιτίιρε.

1826 3276 1963 3333 Nam
2029 3276 2129 3332 tibi
2176 3277 2243 3332 de
2294 3277 2399 3331 hoc
2445 3273 2717 3329 vocabulo
2778 3278 3036 3325 accurate
3091 3264 3411 3336 inquirenti,

1828 3384 2043 3441 aequum
2097 3379 2182 3424 est
2238 3383 2340 3423 nos
2392 3367 2507 3438 pari
2537 3365 2830 3423 sedulitate
2888 3360 3249 3431 respondere.
3284 3355 3409 3410 Jam

1829 3464 2071 3527 sideritaa
2092 3476 2289 3517 nomen
2324 3477 2353 3515 a
2383 3461 2432 3515 vi
2455 3459 2574 3528 ejus
2603 3473 2767 3537 quam
2800 3471 2927 3525 erga
2968 3456 3173 3507 ferrum
3209 3464 3413 3519 expro-

143 3552 211 3605 τὰ
243 3551 470 3623 σιδήρια
506 3551 877 3606 ἐνδείκνυται·
911 3554 961 3606 εί
1010 3552 1192 3623 βούλει
1224 3552 1281 3606 δὲ
1324 3554 1419 3607 καὶ
1469 3541 1578 3608 ἀπὸ
1623 3556 1722 3625 τῆς

1825 3555 1925 3611 mit
1970 3554 2075 3610 dici
2132 3561 2392 3608 constat:
2457 3550 2561 3616 vel,
2628 3550 2675 3605 si
2730 3548 2927 3610 mavis,
2982 3546 3150 3599 etiam
3187 3541 3255 3595 ab
3291 3543 3415 3607 ejus

144 3643 355 3713 ὅψεως·
409 3642 524 3714 ἔχει
554 3644 660 3714 γάρ
690 3662 744 3716 τι
773 3644 1011 3715 ἐμφερὲς
1042 3645 1185 3700 κατά
1224 3644 1323 3716 τὴν
1371 3646 1539 3716 Χρόαν
1568 3646 1724 3718 ἀργῷ

147 3735 237 3787 καὶ
264 3733 423 3789 οὔπω
450 3734 871 3807 διακαθαρθέντι
916 3736 1151 3808 σιδήρῳ·
1181 3737 1319 3791 ἀλλὰ
1358 3740 1453 3792 καὶ
1492 3739 1627 3793 διότι
1665 3739 1726 3805 ἐξ

144 3826 321 3895 ἀρχῆς
355 3825 621 3896 εὑρῆσθαί
667 3843 800 3895 φασι
835 3826 1004 3898 αὐτὴν
1050 3831 1163 3893 τοῖς
1203 3827 1300 3883 τοῦ
1358 3831 1581 3901 σιδήρου
1624 3848 1724 3900 με-

149 3916 366 3980 τάλλοις
392 3918 872 3989 ἀναμεμιγμένην·
914 3919 1212 3989 Ἡράκλεια
1242 3920 1299 3974 δὲ
1337 3921 1412 3985 ὡς
1444 3923 1543 3993 μέν
1581 3938 1725 3976 τισιν

146 4006 290 4071 εδοξε
326 4006 419 4060 διὰ
446 4008 508 4061 τὸ
559 4008 778 4080 ἰσχυρὸν
802 4010 902 4080 τῆς
925 4009 1091 4085 ὁλκῆς
1119 4012 1214 4065 καὶ
1247 4013 1548 4082 κρατερόν·
1587 4016 1726 4083 μᾶλ-

149 4100 235 4151 λον
258 4098 305 4152 δ’
338 4099 406 4154 ἂν
438 4099 633 4171 ῥηθείη
664 4101 764 4171 τὴν
806 4101 1126 4173 ἐπωνυμίαν
1156 4103 1360 4169 ἕλκειν,
1410 4104 1548 4159 διότι
1593 4105 1727 4177 περὶ

162 4191 492 4263 Ἡράκλειαν
518 4192 580 4245 τὸ
606 4193 932 4264 πρῶτον,ὦς
948 4212 1135 4264 φασιν,
1166 4196 1343 4273 ἐφάνη
1361 4212 1375 4226 ·
1395 4197 1725 4269 Ἡράκλειαν

149 4281 206 4335 δέ
248 4282 300 4335 οί
338 4282 441 4352 μὲν
481 4284 581 4353 τὴν
619 4286 678 4338 ἐν
729 4286 916 4358 Πόντῳ
967 4288 1322 4359 ἱστορήκασι·
1358 4292 1470 4352 τοῖς
1498 4290 1555 4344 δὲ
1594 4292 1627 4361 ή
1667 4291 1727 4343 ἐν

153 4374 483 4447 Σαμοθράκῃ
506 4375 684 4441 ἔδοξεν
704 4392 717 4406 ·
747 4378 854 4432 εἰσὶ
881 4378 939 4432 δὲ
971 4373 1053 4443 οἷς
1075 4380 1239 4452 ἑτέρα
1264 4380 1364 4450 τῆς
1392 4382 1723 4452 μαγνήτιδος

152 4465 184 4530 ή
216 4462 482 4533 σιδηρῖτις
533 4464 849 4535 νομίζεται·
904 4468 971 4539 ἢν
1014 4469 1107 4521 καὶ
1144 4467 1405 4540 λαμπρὰν
1452 4470 1590 4533 ὅλως
1628 4472 1726 4524 καὶ

152 4553 346 4623 διαυγῆ
379 4571 545 4623 φασιν
576 4553 852 4621 εἷναι,καὶ
882 4563 1277 4632 μαρμαρυγαῖς
1301 4562 1727 4634 ἀργυριζούσαις

157 4645 571 4717 χαρασσομὲνην
600 4647 670 4701 δι’
696 4648 818 4703 ὅλου
844 4650 939 4703 τοῦ
970 4650 1220 4723 σώματος
1238 4668 1255 4685 ·
1284 4654 1372 4724 είη
1405 4653 1465 4707 δὲ
1495 4656 1589 4708 καὶ
1615 4656 1729 4708 Λυ-

159 4734 243 4786 δία
266 4735 367 4801 τὴν
404 4735 619 4805 κλῆσιν,
660 4739 790 4804 ῐσως
816 4741 926 4794 ἀπὸ
959 4743 1059 4812 τῆς
1105 4744 1298 4816 πόρρω
1328 4744 1587 4815 πατρίδος
1617 4745 1729 4800 τῶν

1825 3647 2004 3716 specie
2033 3661 2047 3701 :
2080 3655 2165 3702 est
2194 3646 2338 3700 enim
2365 3644 2607 3714 ejusdem
2649 3640 2801 3697 color
2829 3654 2995 3709 prope
3023 3638 3221 3693 similis
3254 3649 3416 3692 nam-

1827 3740 1927 3794 rali
1983 3740 2339 3808 nondumque
2387 3736 2649 3791 defaecato
2697 3732 2880 3788 ferro:
2920 3740 3041 3792 tum
3084 3730 3249 3785 etiam
3282 3730 3414 3798 quia

1824 3831 2093 3902 principio
2148 3830 2430 3885 inventum
2492 3827 2664 3882 fuisse
2713 3824 2936 3880 tradunt
2986 3822 3118 3877 ferri
3185 3823 3412 3886 metallo

1824 3932 2161 3980 concretum.
2225 3920 2364 3975 Tum
2419 3919 2697 3974 heraclius
2725 3914 3005 3972 nonnullis
3029 3914 3137 3971 diei
3174 3916 3413 3975 videtur,

1826 4017 1896 4072 ob
1927 4013 2234 4071 attraltendi
2267 4013 2379 4067 vim
2407 4011 2642 4067 validam
2689 4018 2744 4065 et
2794 4010 3059 4079 vigorem.
3110 4006 3214 4061 Sed
3264 4005 3412 4060 enim

1826 4108 2040 4178 aequius
2070 4105 2485 4177 appellationem
2530 4102 2757 4159 sortitus
2803 4101 3057 4166 videtur,
3102 4098 3231 4168 quia
3264 4097 3411 4151 circa

1828 4199 2142 4257 Heracleam
2192 4198 2368 4269 primo
2414 4204 2743 4267 conspectus
2787 4193 3008 4249 dicitur.
3051 4191 3221 4245 Porro
3252 4189 3414 4243 Ilera-

1827 4294 1998 4349 cleam
2029 4293 2118 4346 alii
2150 4290 2308 4345 Ponti
2344 4290 2592 4355 tradunt,
2652 4288 2746 4343 alii
2788 4285 3201 4342 Samothraciam.
3257 4280 3413 4336 Non-

1829 4386 1963 4442 nulli
1985 4385 2302 4441 existimant
2323 4384 2601 4438 diversum
2623 4397 2746 4437 esse
2777 4396 2809 4435 a
2834 4388 3083 4449 magnete
3114 4376 3362 4432 sideritin
3391 4391 3411 4430 :

1829 4490 1990 4546 quem
2048 4480 2385 4543 postremum
2434 4470 2779 4540 splendidum
2858 4480 2912 4523 et
2997 4480 3416 4537 quaquaversus

1830 4568 2105 4622 lucentem
2156 4566 2331 4629 aiunt,
2380 4562 2769 4633 argenteisque
2816 4558 2987 4615 radiis
3041 4568 3155 4613 toto
3183 4572 3415 4625 corpore

1830 4660 2172 4731 insignitum.
2227 4655 2472 4725 Denique
2514 4662 2568 4709 et
2596 4668 2791 4708 nomen
2830 4652 3031 4723 lydius,
3093 4649 3181 4707 vel
3228 4664 3257 4705 a
3293 4647 3415 4701 lon-

1833 4752 2032 4822 ginqua
2079 4749 2297 4803 illorum
2346 4748 2521 4816 patria
2584 4744 2816 4799 inditum
2866 4752 2971 4807 est,
3028 4741 3121 4810 qui
3157 4740 3411 4793 virtutem

162 4829 548 4901 ἐφευρηκότων
570 4833 739 4904 αὐτῆς
765 4834 863 4906 τὴν
902 4837 1183 4909 ἐνέργειαν
1201 4854 1217 4870 ·
1263 4839 1296 4911 ἢ
1326 4840 1453 4894 εἴτι
1486 4840 1615 4895 ἄλλο
1640 4842 1725 4905 τις

1830 4844 1947 4912 ejus
1980 4841 2489 4912 deprehenderunt;
2532 4838 2617 4893 vel
2672 4838 2739 4892 de
2790 4837 2892 4891 liae
2921 4850 2980 4890 re
3009 4835 3227 4905 quidvis
3263 4831 3413 4887 aliud

162 4922 266 4975 ἀπὸ
284 4923 382 4975 τοῦ
407 4923 678 4993 πελάγους
710 4926 809 4997 τῆς
834 4928 1108 5003 ἀρχαϊκῆς
1134 4931 1373 5004 ἱστορίας
1409 4934 1601 5003 καιρὸν
1626 4931 1724 4988 λά-

161 5012 239 5066 ϐοι
265 5015 635 5082 ἀναλέξασθαι
665 5018 801 5091 (96).

1831 4950 1899 4989 ex
1928 4933 2167 5005 antiqua:
2202 4931 2444 4989 historiae
2477 4929 2778 4989 vorticibus
2825 4928 3103 5001 expiscari.
3134 4943 3233 4999 pro
3258 4927 3416 4983 libito

1841 5026 1983 5082 licet.

1674 5176 1905 5237 ΝΟΤᾹΞ.

226 5342 338 5414 (96)
378 5342 528 5398 Inter
554 5350 765 5398 veteres
802 5352 1057 5414 auctores
1102 5342 1239 5397 satis
1268 5340 1373 5397 erit
1412 5341 1597 5396 videre
1622 5339 1733 5395 Pli-

162 5412 439 5469 nium'lib.
468 5429 620 5477 xxw,
651 5421 786 5482 sect.
816 5412 907 5478 25,
939 5413 1006 5467 de
1049 5422 1299 5482 magnete
1338 5427 1446 5482 non
1480 5414 1732 5482 siue_coc

164 5485 244 5552 pia
276 5484 667 5539 disserentem.
700 5480 834 5536 Nam
875 5480 1209 5537 recentiores
1236 5480 1574 5546 Kit'kerium,
1608 5480 1733 5536 Sal-

165 5554 428 5618 inasium,
477 5552 859 5617 Gassendum,
907 5552 1733 5624 reiquegpliysicteliodiernos

166 5624 461 5694 magistros
483 5637 918 5677 commemorare
947 5622 1081 5691 quid
1117 5622 1378 5676 interest?
1408 5622 1524 5674 Vim
1553 5632 1730 5694 tamen

168 5693 324 5763 hujus
359 5693 557 5762 lapidis
604 5694 999 5763 ignoraverunt
1052 5694 1380 5762 praecipuam
1422 5693 1733 5763 prisciau-

168 5761 365 5831 stores,
412 5761 556 5835 quos
599 5761 744 5821 inter
776 5763 1031 5832 Pbotius,
1066 5761 1480 5821 demenstrandi
1526 5761 1738 5819 scilicet

1832 5341 2189 5395 meridianam
2242 5341 2463 5404 lineam,
2500 5340 2829 5411 ideoqueet
2877 5338 3141 5395 areticum
3176 5338 3361 5411 polum
3397 5352 3413 5391 :

1832 5428 1897 5466 ex
1954 5426 2060 5481 qua
2104 5412 2295 5467 notitia
2347 5427 2434 5466 res
2482 5412 2701 5466 nautica
2749 5410 3116 5481 incredibiles
3154 5410 3418 5481 utilitates

1830 5478 2093 5551 percepit.
2123 5484 2392 5537 Caeterum
2416 5481 2623 5537 Plinius
2650 5480 2987 5550 probabilius
3015 5479 3145 5533 dicit
3183 5478 3418 5551 ferratas

1833 5547 2113 5619 pastorum
2146 5553 2397 5621 crepidas
2435 5547 2736 5606 adhaesisse
2776 5551 3037 5620 magneti,
3069 5563 3232 5618 quam
3268 5547 3417 5621 l’ho-

1833 5615 1941 5746 ifius
1990 5625 2066 5703 ait
2118 5615 2453 5694 utagncticas
2480 5623 2743 5693 {crepidas
2788 5615 3242 5677 coﬁmsisse'cum
3296 5615 3418 5670 solo

1863 5708 2093 5746 errario.

1863 5708 2093 5749 cl'l'ill'lo.
