3880 6206
408 271 514 336 727

1569 264 1833 330 PHOTII
1869 267 2381 333 PATRIARCI-LE
2403 275 2521 336 CP.

3591 284 3717 350 798

476 390 533 443 Ξ.
570 387 739 441 Porro
778 396 962 441 autem
1014 384 1172 442 decet
1216 399 1318 441 nos
1368 387 1734 442 attrahenlcm
1797 388 1995 457 lapidis

2140 477 2148 479 λ
2174 391 2238 459 βο,
2267 391 2399 462 (96-)
2436 393 2629 463 Ἀλλνή
2641 395 2748 465 μᾶς
2774 411 2838 465 γε
2867 398 3141 469 προσήκει
3173 400 3270 472 τὴν
3299 404 3564 479 ἑλκτικὴν
3599 406 3713 471 τῖς

410 476 576 543 hujus
605 477 860 529 virtutem
894 475 1309 530 considerantes
1338 486 1505 546 atque
1525 477 1894 547 sympathiam
1929 494 1993 534 ac

410 568 577 621 veluti
608 582 852 621 amorem
885 577 1080 621 natura
1107 568 1285 622 eidem
1332 583 1459 637 erga
1488 567 1693 623 ferrum
1736 568 1993 637 inditum,

411 658 831 713 admirationem
888 668 1130 713 nostram
1178 659 1243 714 ad
1273 661 1572 716 creationis
1604 662 1871 730 optimum
1904 678 1998 717 ar-

411 751 705 805 chitectum
787 750 958 805 Deum
1039 751 1394 808 transferre:
1458 754 1665 823 pudere
1713 764 1894 811 autem
1928 757 1999 812 ob

412 859 594 897 rerum
656 843 1054 899 inscnsibilium
1107 860 1309 900 nexum
1360 854 1526 915 atque
1590 849 1994 916 compaginem,

412 936 544 990 dum
577 953 675 991 nos
705 936 917 992 interim
969 938 1062 1007 qui
1095 940 1310 993 ratione
1356 939 1617 1009 praeditos
1664 954 1765 994 nos
1794 940 1998 1009 gloria-

413 1044 560 1093 mur,
594 1029 984 1085 benevolentize
1009 1031 1328 1101 amorisque
1356 1030 1633 1085 vinculum
1664 1030 1811 1085 haud
1847 1046 2000 1101 alque

415 1136 698 1173 servamus
756 1138 784 1173 ε,
832 1130 885 1175 ct
959 1122 1181 1190 quidem
1249 1120 1452 1175 diserte
1504 1120 1706 1185 edocti,
1742 1122 1997 1190 quamvis

416 1216 557 1271 forte
604 1232 775 1287 genus
840 1232 1003 1271 omne
1062 1218 1324 1271 virtutum
1377 1218 1647 1287 complexi
1705 1218 1997 1285 fuerimus,

414 1311 621 1379 absque
649 1319 833 1364 mntna
866 1310 1133 1365 charitate
1184 1310 1534 1380 spiritalique
1582 1312 1684 1366 hoc
1719 1327 1908 1367 amore
1936 1327 2003 1368 ac

414 1401 657 1461 vinculo.
689 1400 805 1456 fore
835 1411 892 1455 ut
917 1403 1073 1457 nobis
1100 1404 1284 1456 omnia
1311 1402 1538 1458 cﬂluant
1564 1418 1627 1458 ac
1648 1404 1984 1474 dispeream.

424 1493 730 1563 Ceteroqui
779 1495 919 1549 alius
967 1494 1155 1548 nescio
1187 1494 1312 1564 quis
1344 1494 1652 1550 celebratur
1689 1495 1830 1563 lapis
1864 1510 2002 1550 con-

415 1584 641 1637 trariam
676 1585 936 1652 praedicto
983 1589 1091 1640 vim
1147 1586 1400 1650 sortitus,
1456 1586 1549 1654 qui
1580 1586 1820 1640 nondum
1863 1585 2003 1656 lapis

415 1678 482 1731 ad
518 1693 667 1732 meas
711 1694 911 1733 manus
944 1679 1115 1734 venit.
1175 1677 1333 1733 Hunc
1363 1678 1519 1733 aiunt
1545 1680 1857 1747 proximum
1888 1678 2005 1733 fer-

2097 477 2245 532 λίθου
2269 480 2477 551 ταύτης
2516 482 2748 553 δύναμιν
2783 485 3236 555 διασκοποῦντας,
3270 494 3365 547 καὶ
3410 477 3711 567 τὴννσυμ-

2098 573 2353 637 πάθειαν,
2400 575 2492 629 καὶ
2541 575 2632 629 τὸν
2663 571 2776 632 οἷον
2811 577 2994 650 ἔρωτα
3022 581 3081 636 ὃν
3118 584 3152 654 ἡ
3188 585 3350 653 φύσις
3374 589 3515 661 αὐτῇ
3548 589 3716 659 πρὸς

2096 664 2189 717 τὸν
2219 665 2439 738 σίδηρον
2469 666 2755 737 ἐνέθηκεν,
2787 670 3122 738 ἀγάλλεσθαι
3157 677 3257 746 μὲν
3287 679 3387 748 τῆς
3418 682 3718 751 δημιουρ-

2097 754 2225 823 γίας
2255 756 2353 810 τὸν
2380 756 2773 832 ἀριστοτέχνην
2797 762 2951 831 Θεὸν,
2971 764 3331 835 αἰσχύνεσθαι
3363 770 3419 823 δὲ
3450 774 3551 841 τὴν
3586 772 3714 824 τῶν

2098 845 2448 917 ἀναισθήτων
2487 848 2848 922 ἀλληλουχίαν
2879 853 2976 908 καὶ
3020 856 3351 927 συνάφειαν·
3383 861 3621 913 ἐπειδὰν
3659 863 3716 912 οἱ

2097 938 2242 1009 λόγῳ
2290 938 2615 1010 τιμηθέντες
2662 943 2825 1013 ἡμεῖς
2875 945 2970 1000 τὸν
3024 947 3125 1017 τῆς
3162 949 3552 1021 φιλοστοργίας
3602 952 3719 1006 καὶ

2070 1028 2323 1101 ¹ἀγάπης
2374 1031 2573 1104 δεσμὸν
2617 1034 2727 1087 οὐδ’
2757 1036 2960 1106 ὁμοίως
3006 1039 3239 1106 ἐκείνοις
3286 1042 3717 1112 φυλάττωμενο

2101 1120 2276 1173 καίτοι
2320 1139 2385 1191 γε
2450 1124 2639 1193 σαφῶς
2668 1124 3049 1197 διδασκόμενοι
3076 1170 3091 1193 ,
3125 1128 3202 1191 ὡς
3252 1131 3302 1183 εἰ
3351 1132 3445 1184 καὶ
3504 1134 3715 1200 πάσης

2101 1214 2305 1283 ἀρετῆς
2338 1210 2477 1278 εἷδος
2507 1215 2699 1286 εἴημεν
2728 1218 3221 1290 περιειλημμένοι,
3267 1220 3397 1275 ἄνευ
3448 1223 3555 1293 τῆς
3620 1224 3716 1285 εἰς

2104 1303 2368 1374 ἀλλήλους
2396 1305 2619 1376 ἀγάπης
2646 1306 2741 1360 καὶ
2773 1307 2869 1361 τοῦ
2915 1311 3290 1380 πνευματικοῦ
3334 1312 3531 1367 τούτου
3566 1314 3714 1381 φῦ,-

2102 1411 2235 1465 τρου
2266 1397 2361 1448 καὶ
2383 1396 2611 1467 δεσμοῦ,
2644 1397 2822 1452 πάντα
2850 1400 2986 1470 ἡμῖν
3018 1400 3362 1474 διαῤῥυΐσκει
3408 1408 3506 1460 καὶ
3540 1407 3713 1475 οἴχε-

2102 1503 2223 1540 ταισ
2252 1489 2300 1540 εἰ
2332 1487 2388 1540 δέ
2425 1488 2517 1541 καὶ
2552 1489 2715 1559 ἑτέρα
2758 1507 2844 1554 τις
2886 1491 3106 1559 λέγεται
3146 1493 3291 1559 λίθος
3327 1498 3582 1551 ἐναντίαν
3630 1501 3713 1565 τῇ

2104 1579 2448 1652 προκειμένῃ
2475 1578 2572 1651 τὴν
2600 1582 2761 1649 φύσιν
2802 1582 3069 1652 λαχοῦσα,
3100 1580 3167 1657 ἦς
3196 1586 3359 1657 ἡμεῖς
3394 1587 3496 1657 μέν
3535 1588 3715 1641 οὔπω

2105 1672 2184 1733 είς
2215 1673 2415 1741 πεῖραν
2443 1672 2725 1743 ἀφίγμεθα
2754 1674 2956 1745 (τὴνβί
2983 1693 3156 1745 φασιν
3180 1678 3525 1733 ἀπωθεῖσθαι
3548 1681 3711 1748 αὐτῇ

415 1782 538 1821 rum
566 1768 842 1838 repellere.
874 1768 1053 1839 Atque
1082 1770 1171 1824 hic
1194 1768 1399 1838 pariter
1421 1769 1544 1825 usui
1563 1777 1753 1823 nostro
1781 1783 2002 1823 accom-

2118 1764 2496 1835 προσαγόμενα
2524 1766 2593 1818 τά
2626 1765 2868 1837 σιδήρια)
2911 1768 3007 1821 καὶ
3034 1767 3193 1822 τοῦτο
3224 1770 3496 1840 ἡμέτερον
3516 1787 3533 1800 ·
3567 1771 3714 1822 οὐδὲ

416 1861 671 1915 modatus
703 1868 806 1916 cst.
835 1859 974 1915 Nam
1026 1862 1121 1932 qui
1167 1861 1432 1929 spiritalis
1461 1861 1749 1916 charitatis
1780 1860 2003 1915 vinculo

417 1951 634 2019 generis
683 1953 855 2007 nostri
922 1953 1273 2007 consortibus
1336 1954 1580 2023 copulari
1634 1953 2004 2023 conjungique

417 2042 703 2109 debemus,
751 2043 914 2098 iidem
966 2044 1242 2100 interdum
1291 2044 1535 2100 aversari
1587 2045 1711 2099 illos
1737 2045 2004 2101 debemus

419 2141 585 2202 atque
625 2135 885 2202 repellere
916 2154 930 2191 :
997 2151 1195 2206 nempe
1230 2152 1354 2192 cum
1386 2138 1487 2207 ipsi
1525 2138 1911 2192 scandalorum
1952 2146 2004 2191 et

422 2226 883 2282 oll‘endiculorum
912 2228 1088 2285 instar
1124 2228 1322 2295 ell‘ccti,
1374 2230 1533 2286 nobis
1567 2231 1623 2285 in
1660 2230 1746 2283 via
1782 2230 2003 2299 pietatis

418 2318 811 2387 impedimento
846 2330 1019 2388 sunt;
1073 2320 1157 2374 vel
1205 2336 1330 2375 cum
1377 2321 1643 2375 virtutum
1688 2321 2005 2375 subvertere

416 2424 482 2463 ac
519 2410 849 2479 detorquere
886 2426 1111 2482 gressus
1144 2412 1419 2466 nituntur.
1452 2411 1508 2467 Id
1536 2414 1682 2467 enim
1719 2413 2003 2467 Dominico

415 2500 580 2554 etiam
601 2500 765 2555 elIato
822 2502 1162 2572 praecipitur,
1194 2518 1392 2575 nempe
1432 2504 1477 2559 si
1510 2504 1634 2573 quis
1665 2502 1750 2557 vel
1779 2504 2003 2557 amicis-

417 2590 593 2646 simus
626 2593 708 2646 vel
739 2609 954 2648 summa
981 2595 1390 2651 necessitudine
1440 2595 1683 2664 junctus,
1736 2593 2005 2664 nobisque

417 2684 473 2737 in
503 2686 759 2742 civilibus
791 2688 990 2743 studiis
1020 2704 1085 2743 ac
1120 2688 1375 2759 negotiis,
1432 2688 1581 2745 haud
1636 2704 1797 2745 secus
1835 2704 2003 2759 quam

415 2777 604 2831 dexter
651 2778 846 2835 oculus
914 2780 1001 2835 vel
1048 2780 1241 2836 dextra
1292 2797 1489 2838 manus
1517 2822 1534 2850 ,
1578 2782 1732 2837 utilis
1789 2780 2002 2849 fuerit,

415 2870 782 2927 nihilominus
821 2873 969 2929 hunc
1000 2889 1224 2946 quoque
1255 2875 1393 2931 velis
1437 2875 1716 2947 remisque
1744 2889 1866 2930 esse
1903 2873 2004 2932 deo

417 2965 721 3021 vitandum.

452 3077 781 3144 QUASSTIO
809 3080 1068 3137 CXXXII.
1104 3082 1292 3154 [ϐοἱδί.
1325 3081 1506 3148 CLIV,
1560 3082 1726 3136 Taur.
1755 3079 1965 3153 ειμι]
2029 3096 2076 3157 c

421 3172 657 3246 Quinam
681 3176 887 3246 vocari”
912 3175 1101 3231 debent
1147 3176 1360 3239 τεκνία,
1388 3188 1436 3230 et
1483 3177 1575 3246 qui
1627 3185 1750 3230 sunt
1784 3175 1998 3246 παιδία,

487 3244 638 3311 quive
666 3245 810 3296 ulol?
847 3243 912 3297 Et
951 3261 1053 3314 quo
1110 3263 1266 3299 sensu
1320 3249 1447 3300 dicit
1493 3243 1726 3301 Petrus:
1771 3265 1789 3298 ι
1822 3244 2004 3301 Habe-

492 3328 610 3366 mus
635 3329 924 3369 sermonem
957 3318 1320 3384 propheticum
1351 3319 1664 3386 ﬁrmiorem.
1704 3336 1722 3368 ι

420 3427 680 3481 Editarmn
713 3430 956 3493 a,Wolllo
977 3432 1171 3483 decima
1192 3443 1367 3498 quarta
1394 3437 1519 3499 (Cur
1542 3433 1725 3485 Philol.
1754 3440 1790 3485 t.
1816 3431 1878 3499 V,

2104 1859 2212 1930 γὰρ
2242 1858 2352 1911 οὐδ’
2388 1860 2550 1929 ἡμεῖς
2595 1859 2760 1930 μόνον
2796 1860 2876 1932 τῷ
2922 1861 3110 1933 δεσμῷ
3154 1862 3258 1933 τῆς
3310 1864 3713 1934 πνευματικῆς

2104 1951 2325 2019 ἀγάπης
2349 1948 2640 2020 ὀφείλομεν
2670 1951 2912 2020 ἡνῶσθαι
2955 1952 3053 2006 καὶ
3084 1952 3431 2007 συνδεδέσθαι
3463 1955 3606 2024 πρὸς
3641 1955 3716 2005 τὸ

2104 2040 2397 2111 ὁμόφυλον,
2448 2040 2565 2094 ἀλλ’
2610 2041 2723 2094 ἔσθ’
2752 2042 2841 2096 ὅτε
2876 2043 2972 2098 καὶ
3016 2044 3259 2098 ἀπωθεῖν
3292 2046 3388 2099 καὶ
3426 2046 3711 2117 ἐκτρέπε-

2106 2130 2230 2185 σθαι
2255 2145 2270 2160 ο
2325 2130 2547 2186 ἐπειδὰν
2600 2131 2914 2191 σκανδάλων
2966 2135 3060 2188 καὶ
3110 2137 3561 2210 προσκομμάτων
3594 2138 3713 2190 ὑπο

2105 2220 2355 2284 ελθόντες
2403 2221 2518 2292 βίον
2567 2221 2821 2293 ἐμποδὼν
2861 2224 3216 2296 ἐπιχειρῶσιν
3250 2226 3505 2281 ἵστασθαι
3558 2228 3711 2299 πρὸς

2084 2313 2204 2390 ,τὰς
2236 2314 2333 2383 τῆς
2363 2314 2646 2378 εὐσεϐείας
2690 2314 2937 2386 τρίϐους,
2966 2315 3000 2386 ἢ
3030 2318 3157 2380 τοὺς
3180 2317 3290 2370 τῶν
3317 2319 3535 2389 ἀρετῶν
3561 2320 3708 2372 ὑπο·

2108 2404 2380 2469 σκελίζειν
2410 2406 2506 2459 καὶ
2552 2406 2901 2480 διαστρέφειν
2949 2409 3206 2481 δρόμους.
3238 2410 3410 2465 Τοῦτο
3450 2413 3564 2482 γὰρ
3601 2412 3709 2467 καὶ

2105 2494 2167 2548 τὸ
2212 2496 2491 2575 κυριακὸν
2528 2499 2808 2557 ἐπιτάττει
2855 2504 3065 2573 λόγιον·
3116 2505 3192 2569 ὡς
3241 2508 3291 2561 εἰ
3338 2507 3431 2561 καί
3483 2527 3570 2572 τις
3608 2512 3706 2581 εἴη

2108 2587 2277 2656 φίλων
2317 2590 2413 2642 καὶ
2467 2591 2681 2646 οἰκείων
2713 2595 2742 2646 ὁ
2773 2594 3045 2665 μάλιστα,
3079 2597 3221 2653 ὥστε
3262 2600 3357 2654 καὶ
3408 2606 3709 2674 συνεργεῖν

2106 2683 2239 2753 ἡμῖν
2265 2683 2345 2747 είς
2367 2682 2464 2748 τάς
2496 2684 2778 2751 πολιτικὰς
2809 2687 3045 2759 θεωρίας
3076 2708 3135 2743 τε
3164 2692 3260 2745 καὶ
3292 2692 3553 2764 πράξεις,
3599 2696 3699 2747 ίσα.

2108 2777 2206 2830 καὶ
2258 2777 2522 2850 ὀφθαλμῷ
2570 2776 2730 2851 δεξιῷ
2782 2782 2877 2836 καὶ
2918 2784 3064 2854 χειρὶ
3103 2784 3276 2856 δεξιᾷ,
3324 2786 3421 2838 καὶ
3468 2787 3711 2851 τούτους

2108 2869 2400 2939 ἐκτέμνειν
2466 2871 2561 2925 καὶ
2624 2872 3039 2945 ἀποτρέπεσθαι
3101 2879 3170 2949 τῇ
3245 2876 3401 2951 πάσῃ
3462 2876 3711 2951 δυνάμει

2110 2964 2312 3038 χρεών.

2636 3082 2967 3139 ΕΡΩΤΗΣΙΣ
2990 3080 3157 3137 ΡΛΒ¹.

2114 3171 2176 3228 Τί
2198 3171 2293 3226 δεῖ
2317 3172 2529 3243 καλεῖν
2565 3172 2769 3237 τέκνα,
2798 3174 2896 3228 καὶ
2931 3174 3075 3229 ποῖα
3118 3172 3328 3229 παιδία
3346 3214 3361 3239 ,
3396 3175 3500 3230 καὶ
3528 3176 3714 3243 τινας

2181 3244 2386 3316 υἱούς-ί
2417 3242 2544 3307 Καὶ,
2568 3245 2625 3297 τί
2640 3246 2803 3316 λέγει
2819 3244 3045 3312 Πέτρος
3060 3262 3074 3276 ⁸
3088 3265 3107 3297 ι
3124 3242 3713 3316 Ἔχομενβεόαιότεὲ

2176 3330 2291 3383 ρον
2327 3314 2435 3368 τὸν
2465 3314 2839 3383 προφητικὸν
2864 3316 3087 3385 λόγον;
3125 3334 3144 3369 ι

1911 3431 2003 3496 ριἿ

2118 3429 2234 3496 ita,
2262 3429 2487 3482 Galland.
2532 3429 2771 3481 Biblioth.
2799 3434 2837 3480 t.
2861 3430 2994 3495 xm,
3017 3444 3069 3496 p.
3097 3428 3210 3495 ns,
3234 3432 3327 3483 726
3346 3432 3528 3495 11.50).
3552 3459 3622 3470 —
3654 3430 3714 3482 ιιι

1868 3492 2075 3545 ΙΓΡειΐ.
2104 3507 2141 3555 ι,
2182 3492 2257 3541 18.

492 3604 620 3659 Tria
651 3615 800 3671 sunt,
830 3608 1035 3679 quibus
1056 3608 1312 3663 homines
1371 3608 1676 3662 redduntur
1722 3607 2014 3678 perfectio-

423 3712 533 3761 res,
600 3702 880 3754 inundatio
913 3718 940 3754 a
986 3703 1251 3770 peccatis,
1314 3702 1446 3756 fides
1502 3702 1610 3771 pia,
1668 3716 1769 3756 nec
1823 3699 2011 3766 dubia,

2184 3602 2325 3675 Τρία
2355 3602 2467 3675 (97)
2500 3603 2677 3659 ταῦτά
2705 3604 2876 3671 ἐστιν,
2900 3599 3072 3674 οἷςῖτδ
3086 3604 3433 3676 ἀνθρώπινον
3452 3604 3711 3661 τελειοῶ

2110 3712 2240 3750 ταν
2268 3696 2542 3769 κάθαρσις
2590 3698 3052 3769 ἁμαρτημάτων,
3090 3699 3274 3762 πίστις
3319 3699 3573 3771 εύσεὸὴς,
3613 3702 3715 3753 καὶ

424 3791 685 3859 nullaque
720 3808 776 3845 re
805 3808 944 3847 vana
979 3804 1074 3847 aut
1105 3809 1294 3847 recens
1319 3794 1531 3848 invecta
1565 3794 1878 3855 immutata,
1914 3791 2003 3847 de-

2118 3786 2460 3851 ἀδίστακτος,
2489 3786 2629 3857 πρὸς
2662 3787 2834 3859 μηδὲν
2862 3787 3020 3842 κενὸν
3044 3787 3159 3860 (98)
3212 3788 3355 3859 μηδὲ
3383 3788 3713 3859 πρόσφατον

424 3880 592 3949 niqne
622 3896 749 3935 vero
780 3882 923 3935 lucta
979 3892 1035 3936 et
1088 3883 1320 3937 victoria
1380 3884 1646 3957 adversus
1691 3894 1917 3953 peccata
1961 3893 2003 3939 el

2118 3880 2577 3950 ὑπαλλοιουμένη,
2611 3878 2763 3949 ἀγὼν
2819 3879 2918 3935 καὶ
2961 3881 3088 3953 νίκη
3145 3882 3290 3935 κατὰ
3348 3881 3463 3935 τῶν
3510 3882 3714 3936 παθῶν

425 3971 729 4026 diabolum.
779 3971 1059 4029 Mundatio
1088 3975 1308 4045 quidem
1361 3990 1389 4026 a
1452 3975 1689 4044 peccatis
1736 3977 2003 4045 generatic

2121 3971 2348 4030 καὶτοῦ
2380 3972 2651 4031 διαϐόλου.
2697 3974 2771 4027 Ἠ
2816 3972 2920 4045 μὲν
2976 3968 3072 4028 οὖν
3117 3973 3227 4028 τῶν
3280 3974 3713 4045 ἁμαρτημάτων

425 4064 675 4133 quaedam
702 4065 1006 4134 Spiritualis
1038 4076 1138 4131 est,
1181 4068 1264 4120 vel
1286 4067 1466 4136 potius
1496 4070 1866 4138 regeneratio,
1894 4083 2003 4138 qua

2124 4063 2415 4135 κάθαρσις,
2438 4062 2697 4133 γέννησίς
2716 4062 2802 4127 τίς
2830 4065 2949 4119 ἐστι
2994 4063 3358 4136 πνευματικὴ,
3410 4064 3621 4136 μᾶλλον
3651 4066 3710 4121 δὲ

427 4165 667 4209 veterem
730 4156 1008 4212 hominem
1063 4167 1310 4213 renovat.
1371 4159 1431 4214 In
1485 4159 1628 4214 hanc
1687 4162 2003 4215 sententiam

2122 4156 2508 4227 ἀναγέννησις,
2525 4156 2617 4209 τὸν
2634 4154 3020 4211 παλαιωθέντα
3036 4156 3469 4222 ἀνακαινίζουσα
3488 4156 3584 4212 ἀνθ
3596 4174 3711 4228 ρω-

425 4246 633 4305 Paulus
660 4264 879 4319 quoque
913 4250 991 4304 ait
1023 4267 1037 4304 :
1090 4269 1109 4302 ι
1149 4248 1354 4316 Filioli,
1386 4267 1528 4322 quos
1575 4252 1775 4308 iterum
1836 4254 2012 4323 pario,

2120 4266 2241 4303 πον.
2271 4248 2407 4302 Καθ’
2438 4246 2466 4300 ὃ
2492 4248 2585 4301 καὶ
2608 4247 2820 4311 Παῦλος
2842 4247 3059 4317 ἔλεγεν·
3101 4269 3121 4302 ι
3163 4249 3387 4315 Τεκνία,
3416 4248 3512 4313 οὓς
3537 4249 3709 4303 πάλιν

425 4340 603 4394 donec
661 4340 915 4395 Christus
964 4340 1019 4395 in
1052 4342 1205 4396 vobis
1259 4340 1613 4399 formetur”.
1654 4361 1673 4396 ι
1720 4344 1819 4397 Per
1874 4345 2003 4398 bant

2118 4337 2317 4405 ὠδίνω,
2351 4337 2458 4403 ἕως
2485 4338 2550 4393 ἂν
2579 4340 2608 4392 ὁ
2637 4340 2876 4409 Χριστὸς
2917 4341 2977 4393 ἐν
3026 4341 3156 4413 ὑμῖν
3220 4340 3507 4413 μορφωθῇ.
3551 4359 3571 4394 ι
3600 4340 3709 4395 Διὰ

426 4444 558 4484 vero
616 4431 1102 4501 regenerationem,
1163 4433 1328 4486 etiam
1371 4434 1425 4488 in
1476 4433 1619 4489 filios
1665 4432 2019 4504 ad0ptamur,

427 4521 570 4575 servi
602 4521 818 4577 Domini
850 4522 1057 4578 Christi
1090 4523 1242 4579 facti.
1279 4525 1573 4595 Propterea
1619 4535 1767 4582 recte
1794 4540 2022 4596 quoque

425 4622 481 4669 et
510 4613 671 4683 ﬁlioli
727 4624 784 4672 et
820 4617 969 4686 pueri
992 4626 1284 4682 vocantur,
1312 4618 1406 4688 qui
1458 4617 1624 4688 hujus
1668 4618 1859 4687 gratiae
1893 4617 2024 4674 facti

428 4718 557 4762 sunt
620 4709 945 4781 participes.
1010 4708 1117 4777 Qui
1164 4726 1295 4765 vero
1329 4711 1635 4766 doctrinam
1670 4710 1908 4780 pietatis,
1952 4711 2022 4766 ab

430 4801 586 4854 initio
609 4802 985 4871 praedicatam,
1017 4812 1289 4859 sectantes
1324 4802 1469 4873 quod
1516 4802 1584 4858 ad
1616 4804 1859 4858 animum
1887 4820 2022 4858 con-

428 4903 748 4960 senuerunt,
780 4894 903 4949 vani
933 4888 1092 4959 nihil,
1147 4896 1282 4949 nihil
1319 4910 1509 4950 recens
1572 4895 1800 4961 inventi,
1858 4892 2019 4960 nihil,

428 4981 575 5049 quod
602 4981 899 5051 juvenilem
926 4985 1179 5039 humanae
1205 4983 1408 5039 mentis
1426 4982 1744 5054 iactantiam
1792 4981 2018 5049 referat,

428 5072 799 5140 admittentes,
832 5075 909 5129 illi
946 5076 1166 5146 quidem
1218 5076 1405 5132 itidem
1460 5091 1522 5131 se
1569 5076 1719 5145 ipsos
1742 5074 2020 5145 spirituali

430 5162 536 5219 ista
566 5165 1011 5224 denominatione
1038 5169 1233 5241 dignos
1264 5184 1391 5226 esse
1420 5168 1649 5226 cordato
1702 5168 1904 5239 cuique
1928 5167 2020 5238 ju-

2117 4430 2325 4501 ταύτης
2349 4430 2406 4484 δὲ
2436 4431 2539 4503 τῆς
2564 4432 2981 4503 ἀναγεννήσεως
3015 4435 3111 4488 καὶ
3135 4433 3551 4504 υίοθετούμεθα,
3575 4432 3709 4487 δοῦ-

2118 4522 2202 4575 λοι
2226 4523 2381 4586 ὄντες
2419 4523 2497 4594 τῷ
2541 4523 2789 4597 Δεσπότῃ
2834 4525 3080 4597 Χριστῷ.
3119 4525 3212 4579 Διὸ
3243 4527 3471 4589 εἰκότως
3504 4524 3573 4578 ἂν
3607 4526 3709 4579 καὶ

2119 4614 2309 4668 τεκνία
2338 4615 2434 4669 καὶ
2458 4616 2651 4671 παιδία
2681 4604 2730 4671 oi
2760 4616 2968 4688 ταύτης
3002 4619 3101 4689 τῆς
3137 4617 3364 4689 χάριτος
3404 4616 3706 4689 ἠξιωμένοι

2123 4706 2365 4758 καλοῖντ’
2392 4704 2478 4759 ἄν.
2512 4708 2576 4760 Ut
2604 4707 2661 4759 δὲ
2707 4707 2807 4779 τὴν
2849 4708 3093 4780 ἀρχῆθεν
3131 4707 3706 4780 προκατηγγελμέντ,ν

2122 4795 2405 4850 εὐσέϐειαν
2435 4798 2858 4868 πρεσϐεύοντες,
2882 4800 2982 4871 ἤδη
3020 4798 3081 4853 τὸ
3116 4800 3384 4872 φρόνημαε
3400 4800 3707 4853 nam)in

2120 4906 2231 4953 ται,
2291 4889 2456 4959 μηδὲν
2500 4892 2658 4946 κενὸν
2709 4893 2846 4964 (99),
2878 4894 3015 4964 μηδὲ
3061 4894 3411 4965 πρόσφατον,
3443 4894 3566 4966 μηδ’
3597 4895 3699 4947 ἀν-

2123 4981 2404 5052 θρωπίνης
2437 4984 2682 5043 ἐπινοίας
2708 4985 3006 5055 νεανίευμα
3054 4988 3176 5051 ταῖς
3204 4986 3470 5050 διανοίαις
3500 4986 3577 5058 (1)
3603 4987 3705 5039 αύ-

2120 5076 2232 5130 τῶν
2267 5076 2657 5149 είσδεχόμενοι,
2690 5078 2739 5131 οἳ
2773 5079 2870 5133 κα)⁸
2898 5080 3085 5153 δικαίᾳ
3119 5080 3304 5153 κρίσει
3323 5080 3705 5150 πνευματικῆς

2122 5170 2321 5236 αὐτοὺς
2345 5171 2666 5243 ἐπωνυμίας
2691 5171 2877 5239 ἀξίους
2930 5172 3295 5229 δεικνύουσιν.
3329 5172 3455 5227 Ἐπὶ
3510 5171 3587 5244 (2)
3644 5171 3703 5224 δὲ

506 5293 553 5325 ³ο
584 5288 761 5354 Galat.
788 5301 865 5353 ιν,
900 5285 987 5343 19.

1957 5372 2195 5434 NOTAE.

504 5472 645 5555 (ἔλθ’)
683 5469 1361 5573 Videtquhgtiusrfuisse
1376 5484 1518 5573 [usus
1542 5468 2003 5573 Eulqgiliif‘le‘fag

2118 5471 2372 5541 primitur
2409 5484 2510 5540 per
2537 5468 2876 5573 πρόσφατον.
2908 5468 2977 5524 Ει
3000 5470 3080 5525 sic
3108 5483 3260 5537 mox,
3281 5484 3341 5525 η.
3369 5468 3422 5525 5.

2194 5542 2305 5573 100)
2337 5542 2465 5573 Vidn
2492 5557 2524 5573 n
2594 5540 2645 5573 ις

435 5539 582 5601 drini
602 5539 766 5611 opere
792 5553 981 5598 contra
1001 5540 1336 5597 Novatianos
1376 5541 1493 5609 (lib.
1523 5542 1608 5609 ιι),
1632 5554 1698 5594 ex
1728 5554 1838 5608 quo
1862 5539 2019 5608 plura
2117 5539 2132 5541 ⁷
2193 5542 2305 5611 (99)
2337 5539 2465 5596 Vide
2492 5557 2547 5595 n.
2579 5539 2666 5596 98.

439 5616 599 5671 datin
630 5613 966 5668 Bibliotheca
993 5613 1116 5667 cod.
1143 5612 1271 5667 280.
1532 5680 1555 5681 η
1702 5677 1715 5681 _
1836 5680 1853 5681 ,ν

2191 5610 2266 5681 (ι)
2296 5611 2356 5665 In
2383 5610 2506 5667 cod.
2535 5620 2653 5665 erat
2678 5610 3000 5675 διακονίαις.

516 5684 629 5759 (97)
654 5683 710 5759 l_n
734 5683 909 5759 Catal.
940 5681 1332 5759 Bibl._Co_islin.
1363 5698 1415 5752 p.
1457 5680 1583 5759 357.,
1612 5677 1753 5759 male
1772 5680 1912 5757 τοῖα.

2194 5677 2272 5753 (2)
2298 5681 2485 5737 Codex
2506 5681 2652 5748 ἐπεί,
2686 5682 2846 5738 male.

518 5685 607 5745 (97
654 5684 710 5737 ln
734 5684 909 5738 Catal.
940 5684 1081 5738 Bibl.
1103 5684 1332 5738 Coislin.
1363 5698 1415 5752 p.
1457 5684 1583 5744 357,
1612 5684 1753 5732 male
1772 5684 1912 5732 τοῖα.

518 5684 631 5828 (98;
666 5754 742 5812 ita
769 5756 951 5813 scribo
979 5770 1047 5813 ex
1069 5753 1223 5812 Colb.
1254 5768 1356 5825 pro
1413 5750 1622 5823 καινόν,
1658 5749 1713 5805 id
1741 5747 1888 5805 enim
1928 5762 2023 5803 cx-
