3880 6206
145 300 269 365 729

1079 300 1179 362 AD
1216 288 1810 360 AMPIIILOCIIIUM
1857 292 2205 369 QU/ESTIO
2235 283 2473 355 CXXII.

3330 288 3437 351 730

146 410 389 474 τούτοις,
418 409 467 462 oi
497 406 768 477 γενναίως
791 406 887 463 καὶ
914 405 1180 480 ἀνδρείως
1226 407 1294 459 τὰ
1340 408 1488 476 πάθη
1524 406 1740 460 καὶτὸν

1865 405 1952 458 lici
1982 404 2299 459 ostendunt.
2338 401 2546 457 Practer
2575 403 2675 457 hos
2704 413 2834 457 vero
2860 414 3045 457 nonne
3087 402 3143 458 ct
3168 402 3285 467 isti,
3320 408 3441 475 qui.

148 502 353 573 ἐχθρὸν
387 500 924 571 καταγωνισάμενοι,
954 500 1050 552 καὶ
1073 498 1425 571 στρατιωτῶν
1452 501 1548 552 καὶ
1578 498 1743 569 ἀθλη-

146 594 267 646 τῶν
297 593 370 655 ὡς
410 590 630 662 άληθῶς
655 590 793 662 ἔργα
826 590 1289 661 διαπραξάμενοι,
1320 592 1487 644 πᾶσιν
1539 591 1620 661 (5)
1654 589 1743 643 ἐπ’

146 686 342 747 αὐτοῖς
365 685 478 746 τοῖς
519 681 705 754 ἔργοις
756 681 1017 752 νεανικήν
1054 698 1115 735 τε
1142 681 1240 735 καὶ
1262 681 1627 753 ἀκμάζουσαν
1650 681 1744 734 τὸν

147 778 309 830 τόνον
342 775 559 831 καὶτὸν
592 775 762 830 πόθον
795 773 1024 847 γνώμην
1060 773 1411 841 ἐπεδείξαντο
1432 814 1447 837 ,
1473 774 1596 844 οὐχ).
1649 774 1745 828 καὶ

149 869 257 938 τῆς
287 869 535 939 κλήσεως
554 868 728 939 αὐτῆς
767 869 1210 940 μετασχήσουσιν
1236 884 1252 934 ;
1282 868 1468 939 Ἔχεις
1512 864 1628 931 οὖν,
1666 864 1747 921 οἷ-

154 979 287 1032 μαι,
323 962 409 1015 διὰ
441 961 553 1015 τῶν
583 962 896 1033 εἰρημένων
930 962 1120 1033 σαφῶς
1158 961 1221 1017 τὸ
1250 960 1475 1034 ζήτημά
1514 979 1598 1015 σοι
1630 962 1749 1015 δια-

151 1053 419 1124 λυόμενον
444 1068 458 1083 ο
495 1070 515 1103 ι
560 1052 763 1124 Γράφω
800 1052 950 1124 ὑμῖν,
983 1052 1193 1120 τεκνία,
1223 1055 1304 1109 ὅτι
1369 1054 1647 1123 ἀφέωνται
1691 1053 1747 1105 ai.

154 1145 429 1218 ἁμαρτίαι
468 1144 558 1198 διὰ
597 1144 659 1198 τὸ
727 1144 901 1217 ὄνομα
937 1146 1131 1200 αὑτοῦ.
1186 1146 1391 1217 Γράφω
1433 1146 1601 1216 ὑμῖν,
1633 1162 1740 1199 πα-

152 1238 340 1309 τέρες,
376 1237 459 1290 ὅτι
505 1235 786 1305 ἐγνώκατε
836 1236 932 1291 τὸν
975 1237 1071 1291 ἀπ’
1101 1236 1300 1310 ἀρχῆς.
1344 1237 1548 1310 Γράφω
1594 1237 1745 1309 ὑμῖν,

152 1330 456 1394 νεανίσκοι,
518 1329 601 1383 ὅτι
652 1330 976 1401 νενικήκατε
1029 1330 1123 1384 τὸν
1184 1331 1454 1402 Πονηρόν.
1493 1330 1749 1402 Ἔγραψα

154 1425 325 1493 ὑμῖν,
381 1420 597 1489 παιδία,
639 1422 723 1475 ὅτι
770 1422 1052 1491 ἐγνώκατε
1096 1423 1188 1477 τὸν
1220 1424 1461 1495 Πατέρα.
1493 1424 1752 1495 Ἔγραψα

155 1515 313 1583 ὑμῖν,
341 1514 599 1585 πατέρες,
634 1515 718 1567 ὅτι
750 1513 1030 1583 ἐγνώκατε
1054 1515 1148 1569 τὸν
1181 1516 1277 1569 ἀπ’
1307 1515 1503 1586 ἀρχῆς.
1538 1516 1751 1585 Ἔγρα-

154 1606 236 1677 ψα
274 1608 427 1677 ὑμῖν,
482 1608 780 1673 νεανίσκοι,
825 1608 909 1662 ὃτι
956 1608 1170 1680 ίσχυροί
1224 1610 1372 1673 ἐστε,
1408 1610 1504 1673 καὶ
1531 1610 1560 1663 ὁ
1589 1609 1749 1678 λόγος

154 1700 254 1753 τοῦ
298 1699 439 1753 Θεοῦ
490 1700 550 1753 ἐν
591 1700 724 1770 ὑμῖν
776 1700 952 1771 μένει,
974 1700 1071 1756 καὶ
1096 1703 1423 1772 νενικήκατε
1459 1701 1552 1756 τὸν
1577 1703 1753 1772 Πονη-

1843 503 2069 550 strenue
2098 503 2153 549 et
2179 495 2391 549 fortiter
2422 493 2553 547 vitia
2582 501 2637 547 et
2668 493 2883 547 hostem
2936 494 3296 559 debellantcs,
3334 497 3443 550 mi-

1844 588 2112 657 litumque
2145 597 2199 642 et
2226 586 2553 642 athletarum
2584 584 2766 641 otiicio
2788 588 3005 657 egregie
3042 588 3238 652 functi,
3269 606 3439 658 opere

1846 680 1967 752 ipso
2008 680 2328 751 juvenilem,
2364 680 2623 751 viresque
2652 696 2847 736 omnes
2901 693 2956 735 et
3004 695 3202 753 nervos
3264 683 3444 736 inten-

1844 774 2062 829 dentem
2093 775 2342 829 animum
2388 774 2863 837 demonstrarunt,
2905 773 3152 844 ejusdem
3202 776 3444 829 nominis

1845 868 2141 939 participes
2173 868 2370 922 merito
2393 867 2748 924 habeantur?
2791 866 2911 921 Jam
2980 867 3227 937 quidem,
3284 876 3443 936 puto,

1847 960 2207 1030 quaestionem
2239 963 2575 1033 propositam
2607 961 2694 1017 his
2736 962 2871 1031 ipsis
2900 962 3128 1017 habebis
3183 961 3443 1018 solutam.

1854 1070 1873 1104 ι
1916 1052 2110 1107 Scribo
2160 1052 2341 1119 vobis,
2393 1052 2567 1119 ﬁlioli,
2626 1054 2772 1122 quod
2842 1054 3071 1108 remissa
3125 1064 3253 1108 sunt
3285 1055 3445 1111 vobis

1848 1153 2070 1213 peccata
2103 1153 2325 1215 propter
2355 1160 2557 1199 nomen
2596 1144 2737 1215 ejus.
2768 1142 2967 1200 Scribo
3002 1146 3183 1208 vobis.
3237 1155 3444 1214 patres,

1850 1236 1997 1308 quod
2044 1238 2383 1307 cognovistis
2429 1254 2581 1303 eum,
2651 1239 2747 1308 qui
2795 1248 2881 1294 est
2918 1239 2988 1294 ab
3034 1239 3211 1295 initio.
3251 1239 3451 1296 Scriho

1851 1331 2028 1395 vobis,
2052 1331 2304 1401 juvenes,
2336 1331 2481 1402 quod
2510 1331 2722 1387 vicistis
2762 1333 2991 1386 malum.
3027 1332 3232 1401 Scripsi
3262 1334 3447 1399 vobis,

1850 1423 2028 1494 pueri,
2064 1423 2208 1493 quod
2231 1423 2567 1494 cognovistis
2593 1420 2813 1478 Patrem
2852 1442 2865 1477 :
2897 1424 3093 1494 scripsi
3147 1426 3326 1492 vobis,
3354 1441 3451 1495 pa-

1853 1524 1988 1581 tres,
2039 1516 2185 1586 quod
2235 1515 2571 1586 cognovistis
2624 1530 2775 1581 eum,
2833 1518 2928 1586 qui
2982 1528 3066 1572 est
3126 1517 3195 1571 ab
3246 1518 3447 1573 initio:

1855 1606 2050 1678 scripsi
2077 1608 2253 1675 vobis,
2274 1608 2532 1679 juvenes,
2562 1608 2709 1678 quod
2746 1608 2917 1663 fortes
2944 1609 3102 1675 estis,
3129 1618 3185 1664 et
3219 1610 3449 1665 verbum

1856 1699 1952 1754 Dei
1981 1701 2124 1770 apud
2158 1718 2254 1757 vos
2294 1710 2501 1765 manet,
2556 1711 2613 1758 et
2666 1700 2877 1757 vicistis
2934 1702 3162 1773 impium
3190 1703 3257 1755 “.
3297 1722 3318 1755 ι
3359 1702 3450 1756 Fi-

159 1794 281 1865 ρόν.
324 1812 343 1845 ι
376 1792 581 1846 Τεκνία
614 1759 716 1864 μὲν
739 1759 850 1865 γάρ
883 1759 977 1848 καὶ
1009 1794 1202 1848 παιδία
1228 1759 1376 1848 ποιεῖ
1407 1796 1441 1866 ἡ
1497 1795 1597 1865 τὴν
1641 1759 1751 1864 ἄφ-

1865 1792 2014 1848 liolos
2063 1794 2209 1848 enim
2267 1804 2323 1849 et
2376 1810 2578 1864 pueros
2630 1796 2995 1867 regeneratio,
3065 1795 3451 1852 remissionem

157 1903 285 1939 εσιν
309 1885 422 1939 τῶν
451 1887 876 1958 ἁμαρτημάτων
891 1886 1232 1957 χαριζομένη
1259 1887 1754 1959 ἁναγέννησις,καὶ

155 1975 222 2029 τὸ
258 1978 359 2045 τῆς
406 1977 681 2042 υἱοθεσίας
737 1978 975 2050 ἀξίωμα,
1038 1978 1107 2031 δι’
1135 1972 1211 2033 ὧν
1229 1982 1343 2043 τοῖς
1394 1980 1578 2053 ἔργοις
1629 1982 1755 2033 ἐπι-

117 2104 123 2111 ~
157 2068 459 2139 γινώσκειν
483 2071 707 2141 Πατέρα
730 2070 824 2124 τὸν
871 2070 1103 2142 θέμενον
1146 2071 1337 2144 ὥσπερ
1378 2072 1533 2142 ἰσχὺν
1582 2089 1755 2143 προσ-

158 2162 493 2234 ειλήφαμεν,
517 2162 662 2217 οὕτω
690 2162 785 2218 καὶ
833 2163 995 2235 χρέος
1025 2162 1363 2236 ὑπήλθομεν.
1408 2163 1658 2236 Πατέρας
1691 2180 1755 2232 γε

161 2255 277 2327 μὴν
312 2254 609 2327 καθιστᾷή
643 2256 746 2327 τῆς
799 2256 896 2311 ἀπ’
924 2256 1108 2327 ἀρχῆς
1155 2254 1441 2320 εὐσεϐείας
1489 2256 1653 2315 πολιά
1695 2274 1757 2310 τε

159 2349 259 2400 καὶ
313 2349 373 2401 ἐν
412 2348 492 2417 τῷ
550 2347 760 2419 βεϐαίῳ
796 2347 1167 2420 στηριζομένη
1217 2348 1552 2416 ἐπίγνωσις
1580 2348 1760 2403 νεανί-

161 2459 339 2506 σκους
368 2441 426 2495 δὲ
456 2442 517 2495 τὸ
542 2441 688 2495 κατὰ
715 2440 813 2495 τοῦ
844 2440 1097 2514 Πονηροῦ
1127 2444 1223 2496 καὶ
1262 2441 1372 2494 τῶν
1404 2439 1593 2496 παθῶν
1622 2442 1760 2513 κρά-

159 2550 278 2609 ῖος.
332 2534 475 2587 Ἀλλ’
502 2534 641 2601 αῦτη
670 2534 769 2605 μὲν
798 2536 833 2607 ἡ
855 2534 966 2589 τῶν
1000 2534 1381 2589 ἀποπολικῶν
1407 2535 1607 2603 λογίων
1638 2535 1761 2589 διά-

159 2643 309 2690 νοια,
346 2628 379 2696 η
403 2626 459 2678 δὲ
487 2626 595 2678 τῶν
644 2628 909 2699 ῥημάτων
956 2627 1218 2698 ἐπιμονὴ,
1241 2630 1275 2697 ἡ
1310 2629 1409 2698 μὲν
1458 2628 1763 2700 ἀφηγημα-

162 2732 257 2779 τος
291 2716 481 2785 ἐπέχοι
502 2716 567 2769 ἂν
601 2715 781 2785 λόγον,
805 2718 841 2790 η
864 2717 923 2771 δὲ
964 2719 1426 2790 ἐπαναμνήσεως,
1464 2719 1605 2791 ὅπερ
1635 2720 1763 2773 είω·

164 2802 261 2860 θεν
320 2808 789 2878 προσεχεστέρους
835 2826 895 2862 τε
937 2810 1064 2873 τοὺς
1093 2810 1371 2881 ἀκροατὰς
1403 2812 1762 2882 παρεισκευά⁶

166 2901 309 2965 ζειν,
336 2900 430 2953 καὶ
456 2899 754 2973 βαθύτερον
774 2900 854 2973 τῷ
888 2903 1213 2975 μνημονικῷ
1247 2906 1349 2977 τῆς
1378 2905 1558 2977 ψυχῆς
1579 2905 1765 2961 αὐτῶν

168 2991 545 3063 ἐγχαράσσειν
568 2995 670 3065 τὴν
700 2994 809 3050 τῶν
860 2997 1172 3068 εἰρημένων
1209 2998 1476 3054 διάνοιαν.

1856 1895 2207 1955 peccatorum
2254 1888 2691 1958 dignitatemque
2739 1886 3053 1957 adoptionis
3104 1888 3453 1959 impertiens,

1855 1979 2038 2034 eﬁicit.
2066 1978 2167 2035 Per
2191 1989 2485 2049 utrumque
2503 1978 2649 2034 enim
2678 1977 2895 2033 Patrem
2916 1980 3268 2049 adoptantem
3287 1994 3459 2050 agno-

1858 2072 2048 2126 scendi
2083 2087 2250 2142 opere
2286 2073 2407 2143 ipso
2438 2080 2496 2125 ut
2539 2071 2686 2125 vires
2734 2072 3051 2141 accepimus
3076 2111 3092 2135 ,
3157 2073 3229 2127 ita
3283 2086 3457 2142 agno-

1859 2179 2012 2219 scere
2044 2166 2241 2219 merito
2268 2165 2554 2241 debemus.
2588 2162 2779 2219 Patres
2812 2179 2977 2233 porro
3003 2164 3136 2219 facit
3164 2178 3458 2219 senescens

1860 2258 1952 2312 illa
1983 2266 2039 2313 et
2097 2257 2313 2313 ﬁrmata
2366 2258 2591 2328 pictatis
2639 2257 2853 2328 pridem
2913 2258 3125 2312 tradita:
3158 2256 3455 2327 cognitio:

1855 2352 2085 2424 juvenes
2112 2353 2353 2421 denique
2387 2353 2561 2406 robur
2607 2351 2764 2417 illud,
2798 2350 2946 2422 quod
3004 2358 3197 2406 contra
3244 2350 3453 2404 malum

1861 2449 2165 2503 daemonem
2197 2456 2254 2502 et
2284 2447 2416 2500 vitia
2470 2448 2767 2502 exseritur.
2828 2448 3008 2517 Atque
3064 2446 3183 2500 hare
3237 2445 3460 2515 quidem

1862 2539 2071 2594 oraculi
2099 2538 2384 2609 apostolici
2430 2554 2586 2593 mens
2613 2548 2736 2593 est:
2798 2536 2885 2592 vis
2943 2551 3074 2591 vero
3120 2536 3241 2603 ejus
3292 2535 3347 2589 in
3396 2550 3466 2588 eo

1864 2631 1969 2686 sita
1995 2642 2098 2693 est,
2129 2639 2187 2684 ut
2221 2630 2349 2686 hinc
2377 2632 2661 2693 doctrinm,
2714 2630 2843 2685 hinc
2887 2628 3461 2692 commonefactionis,

1864 2736 1988 2790 qua:
2020 2720 2302 2776 auditores
2329 2722 2658 2777 attentiores
2688 2720 2872 2787 efﬁcit,
2921 2721 3307 2789 dictorumque
3339 2736 3468 2774 sen-

1865 2824 1989 2864 sum
2038 2810 2319 2867 memoria:
2381 2826 2571 2867 eorum
2635 2810 2805 2867 altius
2886 2810 3085 2880 inﬁgit,
3146 2810 3329 2864 locum
3393 2819 3470 2865 tc-

1865 2908 2015 2955 neat.

264 3086 333 3137 "0
364 3086 442 3155 (4)
466 3085 523 3139 δὲ
553 3086 631 3157 τῷ
660 3087 944 3160 κορυφαίῳ
971 3090 1162 3161 Πέτρῳ
1200 3090 1452 3160 εἴρηται,
1491 3092 1558 3146 ἂν
1588 3092 1763 3165 ὀρθῶς

1942 3084 2100 3152 Quod
2128 3099 2261 3139 vero
2314 3099 2345 3138 a
2401 3082 2588 3151 Petro,
2630 3082 3008 3155 apostolorum
3055 3081 3332 3153 principe,
3383 3083 3471 3138 di-

170 3178 577 3250 ἐπισκοπήσῃς,
613 3179 734 3232 οὐδὲ
763 3180 1147 3251 ἀπορούμενον
1198 3182 1478 3253 περιόψει.
1520 3184 1763 3248 Ἐκεῖνος

1873 3188 2026 3233 ctum
2057 3187 2162 3241 est,
2206 3177 2262 3231 in
2292 3192 2359 3231 eo
2387 3176 2632 3248 quidem,
2660 3177 2707 3231 si
2740 3177 2986 3231 animum
3015 3176 3293 3241 advertas,
3336 3177 3473 3232 nihil

171 3270 284 3341 γὰρ
314 3269 511 3337 είπὼν,
550 3288 569 3322 ι
612 3272 719 3325 Καὶ
744 3271 951 3344 ταύτην
998 3274 1098 3345 τὴν
1137 3274 1321 3347 φωνὴν
1347 3276 1511 3347 ἡμεῖς
1528 3277 1771 3347 ἠκούσα-

178 3378 303 3431 μεν,
327 3361 390 3426 ἐξ
410 3362 644 3434 οὐρανοῦ
662 3363 978 3434 ἐνεχθεῖσαν
1001 3380 1018 3397 ⁶
1046 3385 1067 3419 ι
1108 3360 1230 3420 εἶτα
1256 3366 1555 3437 ἐπαγαγών
1573 3385 1588 3400 ο
1615 3386 1634 3420 ι
1662 3370 1773 3423 Καὶ

176 3452 380 3525 ἔχομεν
428 3453 779 3525 βεϐαιότερον
849 3456 945 3509 τὸν
1000 3459 1345 3528 προφητικὸν
1379 3458 1562 3527 λόγον,
1603 3477 1622 3511 ι
1672 3459 1775 3529 οὐχ

178 3544 360 3618 ἑαυτῷ
386 3562 571 3617 φησιν,
606 3547 976 3619 βεϐαιότερον,
1010 3550 1216 3618 ἄπαγε,
1275 3550 1516 3623 μάλιστά
1538 3567 1599 3619 γε
1631 3568 1771 3622 προ-

178 3637 506 3707 αναφωνῶν,
536 3638 613 3702 ὡς
650 3656 667 3689 ‹
690 3638 957 3694 Ἐπόπται
983 3640 1306 3714 γενηθέντες
1326 3642 1426 3714 τῆς
1446 3642 1541 3696 τοῦ
1561 3644 1771 3715 Κυρίου

182 3728 341 3800 ἡμῶν
379 3729 558 3801 Ἰησοῦ
604 3730 846 3803 Χριστοῦ
898 3733 1343 3805 μεγαλειότητος,
1396 3735 1779 3807 ἐγνωρίσαμεν

180 3821 309 3891 ὑμῖν
339 3822 440 3893 τὴν
464 3822 656 3877 τούτου
690 3824 924 3897 δύναμιν
943 3828 1040 3880 καὶ
1060 3825 1387 3899 παρουσίαν.
1421 3847 1441 3882 ι
1472 3827 1539 3881 Τί
1562 3828 1672 3900 γὰρ
1708 3828 1776 3884 ἂν

184 3909 270 3979 είη
305 3910 407 3980 τῆς
440 3910 702 3982 αὐτοψίας
738 3913 1156 3988 [βεϐαιότερον],
1176 3918 1272 3971 καὶ
1296 3916 1392 3971 τοῦ
1433 3918 1607 3983 ἀκοὰς
1638 3918 1776 3984 ιδίας

184 4002 525 4057 ἀναπετάσαι
564 4006 645 4071 είς
671 4006 939 4079 ὑποδοχὴν
961 4009 1059 4079 τῆς
1081 4009 1287 4066 ἄνωθεν
1319 4013 1524 4084 φωνῆς,
1555 4013 1650 4067 καὶ
1677 4013 1777 4085 τὴν

186 4098 459 4170 πατρικὴν
490 4100 893 4173 ἐναυγασθῆναι
931 4105 1241 4177 μαρτυρίαν
1273 4107 1444 4178 (5-6);
1490 4107 1656 4163 Ἀλλὰ
1673 4110 1781 4175 ,βε-

186 4190 497 4260 ϐαιότερον
533 4194 767 4258 ἐκείνοις
822 4196 1011 4265 φησιν,
1050 4194 1131 4260 οἷς
1166 4199 1241 4269 (7)
1272 4199 1545 4270 ἔγραφεν,
1577 4202 1781 4255 ὡσανεὶ

187 4282 362 4351 λέγων
384 4298 397 4313 °
430 4284 581 4349 Εἵτις
610 4286 687 4357 (8)
731 4288 1205 4357 ἐπιδιστάζουσαν,
1237 4286 1318 4354 οἷς
1371 4294 1781 4366 μαρτυροῦμεν,

188 4375 303 4436 ἔγοι
357 4377 459 4449 τὴν
508 4378 771 4452 γνώμην,
807 4382 889 4446 είς
924 4383 1019 4436 τὸν
1057 4384 1399 4456 προφητικὸν
1446 4386 1782 4440 ἀποσκοπεί-

1874 3269 2026 3324 dubii
2079 3269 2377 3324 inveneris.
2420 3268 2655 3334 Quando
2698 3268 2847 3323 enim
2884 3267 2976 3325 ille
3005 3269 3083 3325 ait
3119 3286 3131 3321 :
3172 3286 3191 3319 ι
3238 3270 3302 3322 lit
3332 3268 3476 3323 hanc

1874 3375 2067 3416 νοείτω
2097 3362 2165 3416 de
2188 3362 2328 3416 cmlo
2357 3361 2595 3416 delatam
2629 3361 2972 3426 audivimus;
3004 3380 3024 3413 ι
3058 3375 3123 3415 ac
3149 3360 3472 3431 subiungit:

1884 3471 1904 3506 ι
1940 3452 2007 3508 Ει
2031 3453 2295 3508 habemus
2317 3452 2616 3507 ﬁrmiorem
2641 3466 2954 3507 sermonem
2979 3452 3470 3521 propheticum“,a

1878 3559 1987 3600 non
2030 3544 2134 3600 sibi
2186 3545 2406 3615 quidem
2455 3545 2611 3599 illum
2660 3543 2959 3598 ﬁrmiorem
3007 3542 3283 3612 appellat;
3334 3543 3480 3597 absit

1880 3639 2007 3703 hoc,
2037 3638 2290 3707 inprimis
2322 3653 2446 3692 cum
2479 3646 2605 3691 ante
2630 3635 2835 3691 dixerit
2862 3653 2877 3690 :
2910 3653 2929 3687 ι
2968 3634 3320 3707 Spectatores
3351 3634 3419 3689 fat
3439 3638 3477 3689 ti

1878 3729 1982 3802 ipsi
2016 3728 2321 3799 maiestatis
2358 3728 2577 3783 Domini
2616 3738 2788 3783 llOSll’l
2848 3726 2978 3784 Jesu
3029 3728 3273 3794 Christi,
3322 3730 3481 3785 vobis

1878 3819 2183 3892 potentiam
2232 3830 2287 3874 ct
2337 3820 2633 3875 adventum
2685 3820 2808 3890 ejus
2850 3820 3419 3877 manifestavimus”.
3455 3839 3478 3870 ι
3562 3830 3565 3831 ⁷

1881 3910 2021 3978 Quid
2056 3912 2200 3966 enim
2229 3910 2443 3968 ﬁrmius
2468 3926 2536 3966 eo
2569 3924 2692 3965 esse
2726 3918 2928 3981 petcst,
2960 3912 3183 3981 quando
3208 3913 3332 3981 quis
3363 3928 3481 3967 rem

1879 4006 2056 4079 ipsam
2087 4005 2258 4073 videt,
2304 4018 2579 4077 auresque
2604 4019 2736 4061 suas
2766 4004 2833 4059 ad
2883 4005 3253 4075 recipiendam
3289 4021 3483 4060 vocem

1882 4116 2122 4174 superne
2158 4100 2397 4157 delatam
2431 4100 2682 4172 aperire,
2732 4107 2899 4169 atque
2930 4098 3070 4153 adeo
3101 4098 3279 4155 Patris
3320 4099 3478 4154 testi—-

1882 4198 2072 4252 monio
2101 4197 2318 4253 edoceri
2366 4196 2591 4267 potest?
2631 4197 2825 4265 Itaque
2860 4194 3069 4264 ﬁrmius
3098 4193 3251 4257 dicit,
3294 4193 3486 4247 habito

1886 4290 1952 4344 ad
1981 4304 2102 4357 eos,
2136 4290 2342 4359 quibus
2367 4288 2667 4355 scribebat,
2698 4296 2992 4357 respectu;
3030 4286 3187 4356 quasi
3220 4287 3427 4340 diceret
3463 4304 3479 4339 ιη

1888 4380 1945 4435 Si
1980 4381 2107 4451 quis
2141 4381 2365 4436 dubiam
2400 4381 2468 4435 de
2492 4380 2601 4445 his,
2635 4394 2759 4449 qua:
2783 4386 3072 4441 testamur,
3114 4384 3352 4432 mentem
3388 4377 3487 4429 ha-

188 4482 267 4521 τω
315 4468 474 4537 λόγον
515 4470 618 4542 (9),
673 4472 1025 4545 βεϐαιότερον
1071 4474 1202 4529 ὄντα
1234 4455 1305 4544 γε
1343 4476 1445 4547 τῆς
1488 4477 1598 4532 τῶν
1644 4478 1763 4532 πολ-

1888 4477 2036 4542 beat,
2072 4476 2121 4531 is
2152 4474 2371 4545 quidem
2421 4474 2487 4529 ad
2520 4472 2906 4543 propheticum
2950 4484 3263 4527 sermonem
3305 4469 3484 4539 respi-

189 4556 294 4612 λῶν
354 4562 483 4632 περὶ
531 4563 681 4633 ἡμᾶς
733 4565 1204 4638 ἀμφισϐητήσεως
1253 4567 1495 4633 πάντως.
1550 4569 1665 4623 Οὐκ
1695 4569 1778 4624 ἔτι

190 4650 296 4720 γὰρ
322 4654 417 4704 καὶ
442 4648 597 4717 οὗτος
626 4653 763 4725 (10),
798 4655 875 4719 ὡς
914 4656 980 4711 ἄν
1024 4674 1171 4721 τινες
1216 4657 1607 4732 εὐχερέστερον
1648 4663 1779 4732 περὶ

192 4742 366 4797 ἄλλων
408 4746 802 4819 ὑπολήψονται,
835 4749 1186 4823 ἀνθρωπίνης
1221 4752 1555 4823 προέρχεται
1594 4753 1774 4825 δόξης.

195 4835 313 4890 Ὅτι
343 4839 399 4891 δὲ
429 4841 525 4911 οὐχ
558 4841 736 4913 ἐαυτῷ
760 4843 1152 4913 βεϐαιότερον
1176 4842 1378 4916 ἔφησεν
1396 4885 1412 4912 ,
1443 4847 1779 4917 σαφέστερον

195 4928 504 4987 ὑποκατιὼν
554 4934 880 4988 ἐκδιδάσκει.
923 4936 1208 5008 Ἐπιφέρει
1253 4938 1361 5010 γάρ
1387 4954 1401 4969 ·
1440 4957 1459 4991 ι
1499 4932 1572 5011 ’ᾯ
1596 4940 1779 5003 καλῶς

196 5026 396 5076 ποιεῖτε
430 5026 791 5098 προσέχοντες
816 5047 836 5079 ι
860 5028 1064 5100 (ὑμεῖς,
1098 5029 1286 5101 φησὶν,
1315 5029 1416 5084 οὐκ
1459 5029 1617 5100 ἐγὼ),
1648 5050 1667 5084 ι
1703 5032 1779 5095 ὡς

273 5189 313 5221 ³¹
336 5189 494 5246 Joan.
538 5209 599 5257 η,
633 5193 696 5247 l2
724 5212 840 5266 seq.

1886 4570 2017 4636 ciat,
2049 4569 2147 4640 qui
2179 4568 2391 4624 ﬁrmior
2426 4568 2615 4637 utique
2673 4574 2759 4621 est
2785 4564 3147 4630 dubitatione,
3188 4578 3353 4632 quam
3386 4563 3489 4615 ade

1886 4678 2081 4718 versus
2112 4677 2215 4717 nos
2242 4661 2398 4717 multi
2432 4659 2638 4715 fovent.
2669 4659 2763 4714 Ille
2794 4658 2944 4714 enim
2994 4667 3162 4720 certe,
3200 4656 3346 4725 quod
3382 4656 3485 4709 alio

1886 4755 1978 4825 qui
2007 4754 2075 4811 de
2104 4754 2229 4811 aliis
2260 4752 2531 4825 suspicari
2575 4751 2796 4807 facilius
2827 4750 3059 4821 possint,
3096 4766 3165 4804 ex.
3200 4750 3485 4803 hominum

1887 4846 2148 4916 opinione
2172 4862 2280 4902 non
2316 4855 2399 4903 est
2438 4845 2738 4917 profectus.
2792 4844 2951 4911 Quod
2980 4857 3111 4899 vero
3138 4857 3245 4897 non
3273 4843 3493 4895 ratione

1886 4940 2011 5005 sui,
2061 4940 2156 4995 sed
2215 4940 2433 4995 illorum
2461 4979 2477 5004 ,
2523 4939 2593 4993 ad
2642 4954 2783 5008 quos
2841 4936 3152 5003 scribebat,
3197 4934 3490 5005 ﬁrmiorem

1889 5033 2110 5103 dixerit,
2172 5034 2227 5091 id
2274 5034 2497 5105 quidem
2550 5033 2715 5105 paulo
2774 5040 2899 5104 post
2962 5031 3164 5088 clarius
3225 5028 3489 5086 ostendit.

938 5195 981 5227 δ’
1016 5193 1058 5250 ιι
1108 5193 1259 5253 Petr.
1290 5209 1333 5265 ι,
1369 5195 1456 5262 is,
1493 5195 1584 5255 ιι).
1663 5196 1709 5229 ³³
1750 5199 1883 5256 ibid.
1918 5201 2007 5257 t7.

1721 5383 1955 5443 NOTAE.

274 5516 350 5587 ('5)
376 5519 434 5573 In
469 5536 574 5577 ms.
609 5522 791 5577 πόσιν.

430 5592 584 5646 Colb.
619 5608 719 5663 pro
748 5593 827 5647 τό.

276 5659 783 5741 (5-6)_llpparct,_hic
800 5681 861 5719 ex
885 5664 1039 5741 libris
1058 5666 1331 5723 excidisse
1353 5683 1539 5724 voccm
1567 5667 1781 5741 βεϐαιό-

214 5742 381 5800 τερον,
411 5735 531 5790 ideo
560 5736 709 5803 quod
741 5750 866 5790 mox
892 5738 1093 5791 iterum
1125 5740 1393 5807 sequitur.

1966 5530 2045 5599 (7)
2078 5531 2171 5586 Sic
2196 5530 2478 5601 Colb.'prn
2509 5530 2625 5595 οὓς.

1970 5602 2046 5671 (8)
2089 5602 2234 5657 Idem
2265 5618 2365 5671 pro
2403 5603 2549 5673 ἥτις.

1970 5674 2047 5742 (9)
2081 5673 2225 5727 Idem
2266 5690 2364 5741 pro
2411 5672 2802 5726 ἐπισκοπείτω.

1967 5746 2077 5815 (ιυ)
2113 5743 2202 5799 Sic
2220 5742 2374 5809 Colb.
2410 5760 2509 5813 pro
2546 5745 2738 5807 οὕτως.
