3880 6206
396 266 492 338 ιιι

1562 258 1825 329 ῬΗΟΤΙῙ
1852 257 2366 329 PATRIARCIL‘E
2406 256 2513 323 (ΣΡ.

3574 250 3705 319 732

392 382 690 453 Sulijungit
712 381 860 437 enim
888 399 951 438 τι
985 380 1087 436 Cui
1120 379 1166 438 si
1188 379 1559 447 ‘attcnderitis,
1595 391 1742 436 recte
1768 380 1977 436 facitis:

2088 380 2266 450 λύχνῳ
2323 376 2569 447 φαίνοντι
2615 373 2672 426 ἐν
2726 366 3000 443 αὐχμηρῷ
3039 368 3212 441 τόπῳ,
3260 368 3369 433 ἕως
3402 357 3468 421 οὗ
3500 369 3700 439 ἡμέρα

378 482 523 538 (vos,
545 474 745 544 inquit,
769 489 877 528 non
892 473 1015 544 ego)
1039 491 1083 527 η
1106 481 1365 541 tanquam
1383 472 1645 538 candelae,
1668 474 1721 526 in
1736 474 1983 527 obscuro

382 568 504 621 loco
533 565 760 632 lucenti,
811 566 987 620 donec
1016 565 1133 620 dies
1166 565 1480 631 illucescat,
1531 574 1586 620 et
1632 564 1988 635 pbospborus

381 659 599 712 oriatur
630 658 683 711 in
715 658 974 713 cordibus
1004 657 1201 712 vestris
1226 657 1289 711 ³⁸.
1324 676 1351 708 η»

422 747 756 816 Q‘UxESTIO
792 747 1065 804 CXXXIII
1096 747 1284 821 [CoisL
1309 747 1516 816 CLXV,
1545 748 1710 804 Taur.
1735 747 1950 822 CLIV].

617 839 761 906 Quid
798 840 1085 910 Apostolus
1110 850 1266 893 uocat
1304 858 1320 890 ι
1359 841 1656 911 peripsema
1679 841 1704 894 .9
1730 858 1750 894 ι

2087 473 2394 543 διαυγάσῃ,
2459 468 2555 522 καὶ
2612 466 2902 537 φωσφόρος
2946 461 3205 538 ἀνατείλῃ
3252 464 3314 517 ἐν
3356 465 3479 526 ταῖς
3543 479 3701 532 anap-

2089 565 2231 626 δίαις
2257 563 2433 635 ὑμῶν.
2474 579 2496 613 ι

2620 737 2967 794 ΕΡΩΤΗΣΙΣ
2993 735 3163 792 ΡΛΓ·.

2286 836 2351 893 Τί
2378 834 2545 906 λέγει
2573 837 2606 889 ό
2642 833 3009 899 Ἀπόστολος
3045 850 3065 884 ι
3101 830 3446 899 περίψημας
3472 836 3495 881 ο

504 955 764 1007 Editarum
796 970 824 1006 a
846 950 1026 1005 Wolﬁo
1048 952 1243 1005 decima
1275 956 1451 1018 quinta
1477 956 1534 1019 (Ι.
1572 970 1615 1006 c.
1641 966 1694 1020 p.
1718 955 1929 1006 ἨΞ-’748
1951 955 1978 1007 G

2083 953 2175 1005 ιιιὰ.
2205 951 2245 1002 ι.
2269 963 2315 1003 c.
2334 951 2446 1013 727,
2470 950 2565 1000 728
2597 963 2649 999 n.
2681 948 2790 1012 51).
2810 946 2949 996 -Ῑιι
2976 946 2995 996 Ι
3018 946 3130 999 Cor.
3187 957 3255 1006 ιν,
3288 943 3347 992 15
3367 956 3513 1006 seqq.

458 1057 574 1114 Vox
611 1059 903 1132 περίψημα
942 1070 1123 1131 potest
1153 1061 1376 1130 quidem
1415 1062 1743 1133 simpliciter
1773 1062 1986 1135 signiﬁ-

382 1168 512 1207 care
541 1154 630 1219 id,
670 1155 814 1223 quod
856 1163 1230 1224 contemptum
1280 1164 1404 1223 est,
1455 1164 1512 1212 et
1562 1158 1793 1227 pedibus
1824 1159 1987 1229 quasi

383 1246 715 1316 sobjec‘tum.
760 1245 987 1302 Rectius
1028 1250 1166 1301 vero
1226 1263 1449 1304 sensum
1502 1251 1845 1320 expresseris
1892 1266 1989 1321 per

382 1337 850 1407 redemptionem,
890 1346 945 1391 et
967 1336 1248 1391 victimam
1292 1353 1392 1409 pro
1446 1339 1570 1394 aliis
1629 1339 1986 1410 piacularem.

382 1428 535 1483 Illam
567 1429 713 1482 enim
758 1436 969 1483 veteres
1008 1427 1352 1498 frequentius
1380 1430 1674 1503 περίψημα
1716 1433 1990 1503 appellare

380 1528 810 1586 consueverunt,
854 1519 1347 1591 appellationisque
1383 1522 1532 1576 illius
1577 1522 1721 1578 lianc
1748 1523 1987 1578 reddunt

382 1614 675 1666 rationem.
704 1610 1169 1685 Quandocunque
1202 1625 1413 1670 veteres
1441 1616 1501 1670 i'n
1534 1616 1707 1670 divini
1735 1616 1987 1672 Numinis

2160 1060 2235 1114 Τὸ
2248 1072 2272 1110 ‘t
2301 1057 2591 1130 περίψημα
2608 1075 2627 1109 ι
2660 1055 2887 1111 δύναται
2922 1055 3022 1127 μὲν
3039 1053 3208 1119 οὕτως
3228 1051 3417 1115 ἁπλῶς
3432 1049 3555 1105 νυνὶ
3583 1064 3695 1119 617-

2092 1152 2309 1225 μαίνειν
2331 1151 2394 1205 τὸ
2413 1152 2471 1204 ὲν
2495 1148 2714 1221 ἀτιμίᾳ,
2742 1148 2840 1203 καὶ
2869 1144 2982 1201 οἷον
3010 1145 3118 1199 ὑπὸ
3149 1142 3222 1199 τὰ
3236 1145 3362 1215 ἴχνη
3394 1139 3692 1213 κείμενονο

2089 1246 2388 1317 ἐγγύτερον
2424 1238 2468 1297 δ’
2510 1241 2578 1298 ἂν
2619 1242 2706 1312 εἴη
2752 1240 2856 1312 τῆς
2902 1237 3181 1311 σημασίας
3222 1238 3256 1308 ή
3295 1235 3697 1306 ἀπολύτρωσις

2090 1340 2188 1394 καὶ
2215 1338 2275 1393 τὸ
2297 1331 2411 1392 οἷον
2438 1336 2580 1407 ὑπὲρ
2611 1341 2775 1389 τινων
2801 1334 3023 1403 ἱερεῖον.
3075 1329 3375 1402 Περίψημα
3421 1328 3537 1400 γὰρ
3587 1342 3698 1380 και

2089 1432 2204 1487 λείν
2238 1433 2416 1485 ἐκεῖνο
2460 1428 2664 1500 μᾶλλον
2711 1428 2741 1481 ὁ
2785 1424 3017 1489 παλαιὸς
3057 1418 3166 1478 οἶδε
3202 1421 3383 1492 λόγος,
3431 1420 3531 1474 καὶ
3579 1418 3696 1489 τὴν

2088 1524 2271 1579 αἰτίαν
2296 1520 2557 1592 τοιαύτην
2590 1518 2899 1591 παρέχεται
2925 1516 3004 1590 τῷ
3036 1515 3282 1586 ὀνόματι.
3329 1514 3407 1567 Τὸ
3445 1512 3695 1566 παλαιὸν

2087 1614 2311 1668 ὲπειδὰν
2346 1629 2510 1667 τινων
2534 1610 2745 1666 ἄνωθεν
2797 1610 3122 1681 μηνιμάτων
3151 1607 3233 1670 είς
3258 1608 3460 1677 πεῖραν
3493 1604 3693 1658 ἐνέπι-

383 1704 816 1774 indignationem
859 1706 1188 1772 inciderant,
1228 1724 1505 1779 praveque
1546 1709 1821 1765 iacterum
1865 1726 1978 1781 pm-

2088 1722 2247 1769 πτον,
2303 1704 2398 1757 καὶ
2442 1703 2638 1766 ποινὰς
2681 1701 2882 1765 αὐτοὺς
2913 1699 3026 1753 τῶν
3047 1697 3477 1769 τετολμημένων
3504 1697 3691 1749 ἅπαις-

380 1812 483 1851 nas
536 1812 567 1851 a
618 1812 679 1852 se
714 1798 887 1867 repeti
933 1799 1274 1865 sentiebant,
1326 1808 1443 1855 tum
1495 1800 1643 1855 cives
1673 1816 1844 1855 unum
1872 1801 1979 1856 ali-

379 1904 545 1959 quem
577 1904 833 1955 suorum,
861 1890 957 1959 qui
984 1890 1071 1945 vel
1103 1899 1257 1946 sorte
1305 1891 1549 1947 delectus
1592 1902 1730 1957 erat,
1769 1892 1853 1947 vel
1881 1908 1983 1948 suo

381 1976 615 2031 arbitrio
644 1984 810 2047 atque
838 1979 975 2034 adeo
1005 1987 1200 2049 sponte
1232 1994 1293 2034 se
1322 1994 1419 2049 pro
1439 1979 1697 2035 omnibus
1730 1980 1782 2033 in
1821 1980 1981 2035 ricti-

384 2085 530 2123 mam
572 2071 767 2125 sistere
795 2082 1000 2140 eosque
1024 2072 1251 2142 expiare
1280 2080 1585 2139 statuerat,
1621 2073 1841 2143 agmine
1892 2071 1982 2127 fa-

381 2171 493 2227 cto,
519 2163 802 2233 cingentes
827 2163 1084 2218 manibus
1106 2178 1232 2219 eum
1266 2172 1509 2234 tangere,
1539 2163 1781 2235 palpare,
1813 2175 1868 2219 et
1887 2164 1982 2219 de-

384 2254 546 2309 linire
592 2256 749 2324 quasi
809 2255 1101 2323 solebant,
1155 2256 1450 2312 dicentes:
1518 2274 1539 2309 ι
1579 2256 1668 2312 Sis
1729 2264 1981 2311 nostrum

381 2344 710 2415 peripscma.
744 2362 766 2396 ι
836 2343 968 2400 inde
1022 2345 1185 2415 igitur
1247 2343 1453 2400 factum
1508 2354 1621 2412 est,
1652 2354 1712 2401 ut
1756 2345 1980 2411 Paulus,

379 2437 477 2505 qui
505 2436 686 2491 inulta
709 2451 855 2507 saepe
878 2435 1155 2507 sapienter
1188 2438 1244 2491 in
1282 2438 1608 2510 obsequium
1652 2438 1857 2494 Christi
1891 2452 1980 2493 re-

379 2528 563 2599 degit,
612 2529 755 2584 idem
820 2544 928 2584 non
984 2530 1169 2587 minus
1218 2530 1286 2586 de
1344 2531 1639 2602 phrasibus
1696 2530 1979 2603 gentilium

382 2619 605 2682 faceret,
628 2634 734 2673 non
761 2620 813 2674 in
836 2628 1102 2691 quantum
1124 2631 1356 2693 comptae
1381 2621 1485 2676 illa:
1503 2630 1759 2677 essent'et
1778 2622 1981 2690 jucun-

379 2712 463 2765 dgc
503 2712 731 2776 audita,
783 2713 878 2767 sed
924 2713 978 2768 in
1006 2724 1276 2783 quantum
1318 2714 1387 2769 ad
1424 2729 1539 2769 rem
1580 2723 1729 2768 recte
1768 2712 1982 2783 signiﬁ-

387 2804 621 2857 candam
652 2814 707 2858 et
738 2806 1235 2875 repraesentandam
1280 2808 1487 2877 optime
1535 2814 1719 2863 essent
1759 2821 1982 2862 accom-

384 2896 643 2951 modatae.
678 2897 880 2951 Vocem
912 2898 1097 2968 itaque
1140 2897 1413 2966 ejusmodi
1464 2898 1523 2953 b.
1567 2898 1608 2953 l.
1642 2898 1887 2968 deligens
1912 2897 1982 2953 ad

378 2990 699 3046 Corinthios
731 2991 927 3047 scribit
956 3008 972 3047 :
1014 3010 1035 3045 ι
1070 2991 1334 3047 Omnium
1366 2992 1546 3047 factus
1578 3008 1701 3047 sum
1736 2992 1982 3062 peripse-

2082 1798 2296 1852 τεῖσθαι
2328 1795 2681 1866 συνῄσθοντο,
2717 1793 2907 1864 ἁθρόοι
2935 1793 3295 1864 περιστάντες
3315 1792 3378 1844 τὸ
3398 1788 3692 1860 ὁμόφυλον

2084 1890 2166 1944 ἑνί
2200 1906 2309 1944 τινι
2334 1885 2536 1955 αὐτῶν,
2566 1887 2627 1951 ὃς
2658 1886 2883 1958 ἔμελλεν
2909 1886 2943 1955 ἢ
2974 1884 3166 1956 κλήρῳ
3189 1881 3531 1953 ἀφορισθεὶς,
3550 1881 3585 1951 ἢ
3602 1879 3692 1951 τῷ

2082 1978 2354 2051 προθύμῳ
2402 1978 2504 2049 τῆς
2542 1974 2773 2047 γνώμης
2809 1974 2925 2047 (Η)
2973 1975 3221 2038 ἑκούσιος
3262 1970 3407 2043 ὑπὲρ
3454 1970 3691 2024 πάντων

2084 2066 2447 2142 προθύεσθαι,
2482 2069 2579 2123 καὶ
2599 2066 2901 2139 καθάρσιον
2944 2063 3126 2117 αὐτῶν
3171 2061 3451 2132 γίνεσθαι,
3483 2059 3691 2113 τοῦτον
3754 2066 3763 2073 ’

2083 2164 2243 2233 χερσὶ
2317 2158 2661 2232 περιψῶντες
2719 2159 2814 2213 καὶ
2869 2154 3248 2228 ὲφαψώμενοι,
3308 2173 3329 2209 ι
3372 2153 3688 2227 Περίψημα

2084 2255 2265 2327 ἡμῶν,
2286 2253 2495 2323 ἔλεγον,
2540 2250 2728 2322 γενοῦ.
2760 2270 2781 2304 ι
2822 2250 3067 2305 Ἐκεῖθεν
3088 2248 3232 2304 eam
3260 2247 3433 2301 πολλὰ
3473 2247 3689 2302 πολλά-

2084 2366 2175 2413 κις
2236 2346 2420 2418 σοφῶς
2477 2344 2894 2418 αἰχμαλωτίσας
2928 2343 3143 2406 Παῦλος
3180 2344 3262 2407 είς
3284 2341 3387 2413 τὴν
3418 2340 3685 2411 dicamini

2083 2440 2179 2495 τοῦ
2239 2438 2507 2511 Χριστοῦ,
2540 2439 2692 2493 οὐδὲν
2740 2438 2821 2493 δῖ
2846 2431 3012 2510 ἦττον
3067 2436 3291 2490 καὶτῶν
3322 2435 3427 2502 ἔξω
3450 2433 3681 2504 φωνῶν,

2083 2534 2184 2605 οὐχ
2208 2532 2310 2603 ὅση
2340 2532 2457 2604 (12)
2490 2531 2678 2603 κομψὴ
2733 2530 2829 2584 καὶ
2877 2528 3095 2598 γλῶττα
3133 2529 3230 2584 καὶ
3275 2526 3494 2599 εῦηχος,
3550 2518 3694 2582 ἀλλὶ

2083 2628 2186 2698 ὅση
2210 2626 2413 2698 γνησία
2434 2626 2680 2697 σημᾶναι
2708 2622 2805 2678 καὶ
2825 2622 3178 2695 παραστῆσαι
3202 2622 3262 2675 τὸ
3280 2623 3677 2693 προκείμενον.

2084 2719 2199 2773 Καὶ
2214 2718 2315 2791 τὴν
2338 2720 2522 2790 φωνὴν
2540 2717 2746 2787 ταύτην
2765 2713 3069 2781 συλλαϐὼν,
3094 2714 3249 2785 φησὶ,
3270 2733 3289 2765 ι
3308 2714 3382 2766 Πε
3392 2712 3519 2785 ρίψη
3526 2730 3636 2782 μα,
3652 2729 3674 2761 ι

2085 2812 2226 2884 πρὸς
2262 2809 2586 2883 Κορινθίους
2614 2809 2869 2881 γράφων,
2907 2824 2926 2859 ι
2962 2806 3182 2861 πάντων
3213 2805 3498 2876 ἐγενόμην.
3529 2822 3551 2855 ι
3575 2802 3682 2875 Τῷ

2083 2903 2198 2957 ὄντι
2229 2902 2340 2973 γὰρ
2382 2901 2459 2967 ὡς
2508 2902 2726 2956 πάντων
2781 2899 3074 2972 περίψημα
3116 2897 3261 2952 οὕτω
3315 2896 3402 2951 διὰ
3462 2896 3681 2960 παντὸς

2086 2995 2328 3066 ἔπασχεν
2382 2993 2479 3049 καὶ
2532 2993 2987 3061 ὲταλαιπωρεῖτο,
3028 2990 3127 3045 καὶ
3171 2991 3285 3053 τοῖς
3310 2989 3500 3053 δεινοῖς
3523 3005 3681 3042 κατ-

378 3098 467 3137 ina
487 3083 556 3141 ³⁸.
596 3103 617 3137 ο
663 3082 802 3140 Vere
854 3086 1034 3153 enim,
1076 3093 1337 3156 tanquam
1387 3085 1617 3141 victima
1682 3084 1978 3155 piacularis

2085 3065 2345 3142 ετείνετο.
2386 3085 2491 3141 Ἐὦ
2517 3084 2708 3142 τᾶλλα.
2734 3086 2846 3139 Καὶ
2866 3083 2978 3156 γὰρ
3002 3083 3244 3155 εὑρίσκω
3287 3081 3468 3152 φωνὴν
3495 3078 3682 3134 αὑτοῦ

377 3174 655 3239 omnium,
686 3177 871 3231 omnia
911 3177 1286 3233 calamitatum
1332 3191 1532 3249 genera
1562 3178 1889 3241 sustinebat,
1924 3184 1979 3231 et

378 3266 712 3331 vexabatur,
788 3278 844 3323 et
901 3268 1200 3325 durissima
1271 3284 1502 3341 quaeque
1551 3270 1974 3340 perpetiebatur.

379 3358 534 3414 Mitto
583 3362 714 3415 alia.
764 3360 989 3418 Invenio
1022 3377 1154 3418 vero
1190 3371 1248 3418 et
1292 3362 1455 3418 aliam
1494 3362 1741 3434 ejusdem
1777 3362 1977 3420 dictio-

379 3465 538 3516 nem,
592 3468 717 3506 cum
766 3454 981 3509 caeteris
999 3455 1268 3510 omnibus
1298 3455 1730 3525 comparandam
1766 3468 1782 3509 :
1821 3473 1840 3508 ι
1876 3453 1979 3512 Per

379 3546 767 3615 gloriationcm
796 3558 1044 3605 nostram
1091 3551 1144 3605 in
1178 3551 1298 3606 dies
1328 3551 1561 3605 morior.
1600 3568 1620 3603 ι
1669 3549 1830 3605 Vides
1866 3548 1979 3604 uti‘

379 3652 511 3708 que,
572 3642 852 3708 quomodo
869 3642 1117 3697 omnium
1146 3642 1311 3697 fuerit
1342 3641 1620 3712 piaculum
1651 3651 1705 3698 et
1734 3640 1975 3707 victima,

379 3738 435 3785 et
462 3733 781 3802 peripaema.
806 3732 996 3805 Neque
1025 3735 1172 3791 enim
1218 3750 1321 3806 pro
1347 3733 1552 3790 Judaeis
1601 3734 1778 3790 solum
1830 3734 1976 3789 intra

381 3837 442 3877 se
477 3824 739 3879 urebatur
769 3832 825 3879 et
858 3825 1109 3893 ardebat,
1140 3826 1387 3897 forisque
1439 3825 1649 3882 inﬁnita
1684 3826 1823 3882 mala
1875 3839 1977 3896 pa-

384 3914 653 3980 tiebatur;
690 3932 867 3986 neque
917 3932 1017 3988 pro
1049 3919 1299 3989 cognatis
1330 3927 1541 3975 tantum
1565 3957 1580 3983 ,
1627 3918 1724 3975 sed
1781 3928 1837 3975 et
1879 3932 1978 3989 pro

384 4004 597 4059 Graecis
622 4015 678 4060 et
701 4005 975 4073 barbaris,
996 4008 1367 4078 omnibusque
1385 4007 1615 4063 omnino
1639 4006 1975 4072 hominibus,

385 4112 516 4151 num
548 4114 710 4168 quem
767 4098 1023 4167 fortasse,
1071 4102 1218 4172 quod
1274 4104 1388 4172 ipse
1436 4101 1727 4163 clamabat,
1763 4100 1976 4156 salvare

263 4239 268 4243 .
383 4199 571 4258 posset
591 4190 656 4246 ³⁸.
682 4190 837 4259 Quod
867 4193 1032 4263 igitur
1062 4194 1308 4264 quotidie
1340 4193 1525 4257 ﬁebat,
1554 4193 1607 4247 id
1632 4192 1814 4248 verbis
1840 4208 1976 4263 quo-

382 4296 488 4351 que
516 4286 950 4351 contestabatur,
989 4305 1008 4341 ι
1051 4287 1296 4342 omnium
1330 4302 1390 4343 se
1422 4286 1727 4358 peripsema
1764 4284 1972 4341 factum

380 4390 523 4441 esse,
559 4393 578 4427 ι
612 4376 914 4447 professus.

2081 3180 2297 3235 ἐκείνου
2329 3180 2441 3235 τῶν
2466 3180 2644 3235 ἄλλων
2687 3179 2949 3235 ἁπάντων
2994 3178 3325 3250 ἀντίρροπον
3344 3189 3359 3205 ο
3397 3192 3416 3226 ι
3451 3172 3533 3243 Νὴ
3562 3172 3685 3243 τὴν

2083 3273 2361 3346 ἡμετέραν
2409 3274 2679 3345 καύχησιν
2727 3271 2849 3328 καθ’
2883 3270 3123 3341 ἑκάστην
3169 3267 3385 3340 ἡμέραν
3425 3264 3686 3337 ἀποθνήο

2083 3383 2220 3421 σκω.
2235 3385 2255 3419 ι
2274 3366 2443 3439 Ὁρᾷς
2466 3367 2614 3430 ὅπως
2638 3361 2708 3439 ἦν
2745 3366 2964 3421 πάντων
2982 3362 3302 3436 καθάρσιον,
3317 3360 3411 3415 καὶ
3442 3359 3683 3431 ἱερεῖον,

2080 3460 2178 3515 καὶ
2219 3477 2239 3512 ι
2268 3459 2583 3531 περίψημα.
2623 3476 2643 3513 ι
2677 3458 2813 3513 esse
2848 3458 2959 3530 γὰρ
2984 3458 3126 3528 ὑπὲρ
3178 3444 3450 3509 Ἰουδαίων
3498 3452 3685 3522 μόνον

2078 3549 2446 3622 ὲπυρπολεῖτο
2473 3552 2543 3605 τὰ
2573 3549 2738 3616 ἔνδον,
2769 3549 2864 3603 καὶ
2906 3546 3198 3618 ἐφλέγετο,
3225 3544 3322 3598 καὶ
3366 3543 3435 3596 τὰ
3490 3542 3686 3614 μυρία.

2078 3642 2281 3709 ἔξωθεν
2313 3643 2573 3714 ἔπασχεν.
2596 3642 2721 3698 Οὐδ’
2754 3641 2896 3715 ὑπὲρ
2926 3639 3227 3711 συγγενῶν,
3250 3638 3387 3693 ἀλλά
3410 3636 3502 3691 καὶ
3519 3635 3684 3707 ὑπὲρ

2088 3736 2363 3808 Ἐλλήνων
2386 3737 2483 3791 καὶ
2511 3735 2826 3809 βαρϐάρων,
2856 3734 2955 3789 καὶ
2981 3734 3201 3789 πάντων
3230 3728 3418 3786 ἅπλῶς
3447 3728 3683 3798 ἀνθρώ.

2078 3843 2221 3895 πων,
2264 3829 2318 3882 εί
2338 3827 2456 3893 πώς
2484 3845 2627 3895 τινα,
2660 3827 2737 3893 ὡς
2762 3826 2925 3891 αὐτὸς
2960 3824 3112 3890 ἐϐόα,
3147 3821 3423 3878 διασώσει.
3457 3822 3524 3873 Ὃ
3544 3818 3681 3871 τοῖο

2081 3937 2175 3974 νυν
2199 3919 2415 3990 ἐγένετο
2444 3919 2570 3975 καθ’
2608 3917 2849 3990 ἑκάστην
2884 3916 3123 3990 ᾑμέραν,
3154 3913 3317 3968 τοῦτο
3344 3912 3439 3966 καὶ
3458 3908 3548 3964 διὰ
3560 3907 3677 3962 τοῦ

2076 4013 2239 4083 λόγου
2265 4012 2641 4085 ἀπαγγέλλει,
2665 4013 2885 4069 πάντων
2946 4008 3239 4082 περίψημα
3280 4006 3455 4076 λέγων
3495 4018 3674 4074 7:7:—

2076 4107 2291 4179 vﬁoﬁat.
2520 4132 2522 4136 ν

448 4462 605 4521 Hunc
673 4483 803 4523 vero
863 4471 1228 4542 signiﬁcatum
1284 4470 1468 4528 ﬁrmat
1517 4471 1635 4543 ipsa
1696 4470 1968 4527 sermonis

2153 4469 2374 4526 Βεόαιοῖ
2398 4470 2458 4525 δὲ
2493 4470 2556 4525 τδ
2579 4470 2947 4544 προκείμενον
2987 4466 3082 4523 τοῦ
3131 4467 3533 4541 σημαινομένου
3562 4466 3667 4521 καὶ

376 4554 571 4608 series.
598 4552 717 4610 Non
742 4557 913 4624 enim,
940 4559 1137 4627 inquit,
1168 4558 1523 4629 pudefaciens
1548 4576 1649 4616 vos
1677 4560 1792 4616 luce
1820 4560 1964 4625 dico,

377 4647 480 4703 hoc
526 4657 631 4714 est,
669 4649 786 4704 Non
815 4652 1087 4721 exprobro
1115 4654 1269 4710 vobis
1314 4653 1728 4709 beneﬁcentiam
1764 4667 1964 4719 meam,

376 4754 555 4809 neque
590 4741 851 4797 beneﬁcia
884 4745 1041 4800 vobis
1084 4746 1352 4801 exhibita.
1385 4746 1529 4813 Quid
1568 4742 1773 4817 igitur?
1808 4752 1868 4797 ut
1899 4742 1965 4798 ﬁ-

375 4831 479 4888 lios
510 4834 737 4891 dilectos
770 4838 956 4906 potius
1001 4839 1272 4895 admoneo
1290 4840 1356 4893 ³⁷.
1397 4839 1567 4895 Filios
1604 4839 1751 4894 enim
1782 4849 1966 4908 pater-

374 4938 459 4978 na:
492 4924 861 4984 beneﬁcentiae
918 4932 1235 4988 meminisse
1276 4932 1451 4997 decet,
1500 4933 1553 4988 iu
1579 4932 1795 5002 primis,
1838 4946 1967 4987 cum

374 5032 487 5072 non
513 5020 840 5089 simpliciter
873 5033 1005 5078 sunt
1031 5024 1151 5090 ﬁlii,
1199 5025 1294 5081 sed
1321 5026 1488 5081 etiam
1519 5026 1726 5082 dilecti.
1771 5025 1977 5083 Sensus

374 5109 560 5179 itaque
588 5122 719 5167 est:
759 5112 865 5169 Vos
896 5113 1035 5170 adeo
1070 5115 1204 5171 mibi
1256 5116 1495 5180 vindico,
1547 5126 1714 5187 atque
1766 5117 1840 5173 ita
1885 5134 1978 5172 ve-

374 5198 474 5253 stri
501 5214 692 5255 amore
737 5201 931 5266 ardeo,
976 5211 1036 5256 ut
1082 5220 1189 5259 non
1241 5204 1485 5262 dubitem
1532 5208 1830 5277 peripsema
1875 5221 1975 5276 pro

376 5290 529 5347 vobis
558 5290 715 5373 ﬁeri,
766 5300 820 5347 et
863 5293 919 5348 in
960 5300 1203 5351 Vestrum
1254 5298 1605 5354 commodum
1661 5316 1749 5357 me
1792 5300 1970 5371 ipsum

2076 4561 2111 4633 ἡ
2141 4563 2284 4617 κατὰ
2314 4563 2451 4617 πόδα
2481 4563 2734 4635 συνέχεια
2777 4562 2873 4617 τοῦ
2922 4560 3111 4635 ῥητοῦ.
3138 4563 3215 4615 Οὐ
3247 4560 3357 4632 γὰρ
3381 4560 3665 4632 ἐντρέπων

2076 4658 2241 4728 ὑμᾶς,
2278 4659 2435 4730 φησὶ,
2463 4658 2635 4713 ταῦτα
2658 4659 2833 4729 λέγω·
2867 4653 3000 4722 οἷον,
3025 4658 3139 4711 Οὐκ
3162 4655 3408 4719 ὀνειδίζω
3440 4655 3539 4727 τὴν
3571 4656 3666 4708 εύ-

2074 4748 2355 4820 εργεσίαν,
2377 4750 2501 4804 οὐδὲ
2521 4749 2622 4815 τὰς
2649 4752 2911 4823 χάριταςο
2952 4750 3092 4805 ἀλλὰ
3131 4749 3187 4802 τί
3206 4766 3221 4814 ;
3253 4748 3329 4813 ὡς
3344 4746 3512 4802 τέκνα
3554 4764 3661 4817 μου

2073 4842 2337 4913 ἀγαπητὰ
2366 4842 2626 4897 νουθετῶ.
2658 4844 2751 4896 Δεῖ
2770 4843 2879 4914 γὰρ
2911 4841 2980 4896 τὰ
3007 4842 3173 4896 τέκνα
3200 4841 3472 4912 πατρικῆς
3504 4839 3664 4907 ιεύερ⁴

2076 4932 2269 5000 γεσίας
2303 4934 2637 5006 μεμνῆσθαι,
2674 4935 2768 4988 καὶ
2795 4936 2893 5006 οὐχ
2933 4933 3120 4997 ἁπλῶς
3157 4933 3347 4999 τέκνα,
3374 4930 3513 4987 ἀλλὰ
3563 4929 3664 4985 καὶ

2077 5024 2341 5096 ἀγαπητά
2363 5043 2377 5056 ο
2402 5026 2708 5090 τουτέστιν,
2739 5026 3009 5080 Τοσοῦτον
3037 5024 3347 5095 οίκειοῦμαι
3370 5023 3534 5093 ὑμᾶς,
3564 5025 3661 5075 καὶ

2079 5115 2337 5172 τοσοῦτον
2369 5119 2470 5190 τῆς
2516 5119 2673 5192 ὑμῶν
2707 5120 2930 5191 ἀγάπης
2988 5119 3303 5191 ἑκκαίομαι,
3360 5116 3503 5171 ὥστε
3560 5116 3661 5169 καὶ

2073 5210 2386 5281 περίψημα
2442 5210 2597 5284 ὑμῶν
2644 5213 2706 5267 οὐ
2763 5212 3139 5286 παραιτοῦμαι
3200 5211 3471 5281 γίνεσθαι,
3508 5207 3655 5278 θῦμα

2073 5302 2169 5357 καὶ
2192 5303 2387 5376 ἱερεῖον
2413 5306 2509 5360 καὶ
2535 5306 2834 5377 καθάρσιον
2883 5304 3253 5380 προσάγεσθαι
3297 5304 3439 5378 ὑπὲρ
3479 5300 3655 5374 ὑμῶν.

439 5451 485 5486 ³⁸
524 5450 737 5509 lchtr.
768 5471 808 5520 ι,
856 5454 941 5510 l9.
1020 5456 1065 5487 ³⁸
1121 5455 1138 5511 l
1195 5455 1325 5513 Cor.
1375 5473 1464 5525 xv,
1501 5458 1590 5515 51.
1670 5455 1766 5509 ³⁵1
1817 5458 1942 5515 Cor.

2105 5460 2195 5515 ‘22.
2277 5462 2318 5493 ³⁷
2354 5462 2369 5516 Ι
2405 5462 2532 5520 Cor.
2564 5478 2636 5531 ιν,
2680 5464 2765 5521 14.

1887 5586 2113 5653 ΝΟΤΔΕ.
2170 5567 2175 5572 ’

444 5669 559 5741 (II)
586 5668 813 5741 γνώμης
840 5684 906 5725 ex
932 5667 1093 5741 Coll).
1121 5685 1224 5741 pro
1244 5666 1531 5741 γνώσεως.

591 5711 1652 5814 ὥέηῖρῗὸνὼδςηηῗέἰιὶοι
1691 5739 1806 5792 ἀλλ’
1835 5740 1958 5810 ὅση,

2083 5754 2104 5794 3
2126 5739 2364 5795 ἀλλόσει.

3700 4261 3720 4309 4
