3880 6206
127 275 249 338 733

1073 264 1174 326 AD
1216 257 1812 324 AMPHILOCHIUM
1836 244 2185 329 QUIESTIO
2207 253 2535 316 CXXXIII.

3328 257 3438 323 734

125 390 251 441 Ra;
271 387 337 456 δὴ
370 385 463 439 καὶ
486 384 519 455 ὴ
545 381 777 454 ὀρθότης
800 378 901 449 τῆς
927 379 986 432 ἐν
1014 375 1091 446 τῷ
1111 374 1257 445 λόγῳ
1285 373 1563 444 συνθήκης
1592 371 1732 443 πρὸς

1839 367 2010 421 instar
2038 364 2295 421 sacrilicii
2349 373 2402 418 et
2432 361 2669 418 Victima:
2716 359 3014 433 piacularis
3046 362 3267 421 offerre.
3315 365 3436 437 Ipsa

119 476 294 531 τοῦτο
316 474 520 547 μᾶλλον
551 471 709 544 ῥέπει
742 470 842 541 τῆς
870 466 1114 539 φωνῆςῆ
1140 465 1276 539 πρὸς
1320 464 1383 518 τὸ
1431 463 1597 535 ρηθέν
1632 460 1732 533 τὴν

122 571 334 643 ἀρχὴν,
362 568 488 622 ἐπεὶ
531 567 595 621 τὸ
645 565 745 637 μὲν
785 561 1139 635 ἠτιμωμένον
1199 559 1296 614 καὶ
1346 555 1733 613 κατάπτυστον

122 666 272 718 πᾶσι
337 662 539 734 μᾶλλον
605 657 923 713 ἀποδίδοται
988 654 1136 710 κατὰ
1178 653 1278 724 τὴν
1315 650 1591 715 σύνταξιν,
1617 645 1733 702 ἀλλ’

123 757 258 826 οὐχὶ
284 756 533 808 πάντων.
578 752 637 805 '0
670 751 727 804 δέ
753 748 920 820 σοφὸς
942 747 1041 802 καὶ
1068 747 1358 817 Θεσπέσιος
1387 743 1605 806 Παῦλος
1641 741 1731 806 οὐ,

126 838 436 917 Περίψημα
466 843 578 915 (l5)
614 844 785 898 πᾶσιν
825 840 1121 913 ἐγενόμην,
1165 838 1355 910 φησιν,
1399 836 1558 903 ἀλλὰ,
1581 833 1735 889 πάν-

126 955 278 993 των.
307 939 382 991 Οὐ
407 936 537 1009 μὴν,
560 933 699 988 ἀλλὰ
716 933 812 989 καὶ
835 933 898 987 τὸ
936 928 1352 1005 προηγούμενον
1396 926 1596 999 χωρίον
1633 924 1734 996 τῆς

126 1029 339 1095 λέξεως
375 1032 441 1100 τῇ
470 1026 686 1100 διανοίᾳ
711 1025 887 1097 ταύτῃ
917 1022 1355 1096 συμφθέγγεται.
1392 1018 1579 1073 Εἰπὼν
1600 1017 1731 1088 γάρ,

136 1142 157 1174 ι
188 1121 618 1194 Δοιδορούμενοι
652 1117 1016 1188 εὐλογοῦμεν,
1043 1113 1367 1186 διωκόμενοι
1400 1104 1733 1182 ἀνεχόμεθα,

131 1212 627 1285 βλασφημούμενοι
687 1207 1142 1281 παρακαλοῦμεν,
1179 1225 1199 1259 ι
1235 1205 1551 1274 ἐπήγαγεν·
1592 1219 1611 1253 ι
1645 1200 1736 1283 Ὠς

128 1279 607 1379 περικαθάρματα
665 1279 784 1357 τοῦ
817 1302 1026 1374 κόσμου
1082 1297 1469 1379 ἐγενήθημεν,
1515 1279 1735 1347 πάντων

130 1378 431 1471 περίψημα
460 1397 569 1462 ἕως
595 1398 723 1468 ἄρτι
744 1412 757 1426 ο
793 1413 811 1448 ι
844 1393 1115 1458 τουτέστι,
1135 1391 1203 1445 Τί
1242 1388 1325 1443 δεῖ
1351 1378 1473 1441 καθ’
1503 1386 1734 1439 ἕκαστον

127 1492 267 1554 ⁶τοὺς
335 1490 531 1552 πόνους
574 1483 1039 1557 ἀπαριθμεῖσθαι,
1089 1472 1185 1535 καὶ
1225 1478 1327 1543 τὰς
1368 1476 1600 1546 θλίψεις,
1634 1471 1734 1527 καὶ⁵

129 1582 266 1645 τοὺς
304 1572 548 1651 ἀγῶνας,
578 1578 673 1643 οὒς
702 1578 843 1650 ὑπὲρ
865 1577 964 1648 τῆς
1010 1574 1285 1647 ὑμετέρας
1330 1569 1607 1640 σωτηρίας
1633 1566 1734 1635 ὑφ’

133 1671 415 1743 ίσταμαι.;
436 1672 525 1725 Ἐν
558 1668 837 1739 κεφαλαίῳ
865 1668 1053 1739 φάναι,
1086 1686 1106 1719 ι
1146 1666 1234 1729 Ὠς
1266 1659 1732 1733 περικαθάρματα

1835 474 2003 529 porro
2035 472 2234 513 vocum
2262 465 2542 511 srructura
2573 452 2641 508 ad
2682 454 2830 509 hunc
2853 455 3041 525 potius
3067 457 3438 526 signiﬁcatum

1835 551 2173 613 tenendum,
2213 564 2379 620 quam
2414 548 2566 602 illum
2589 585 2606 613 ,
2637 546 2706 602 de
2738 563 2850 618 quo
2898 547 3078 617 primo
3129 549 3252 603 loco
3296 551 3441 604 dixi-

1835 659 1982 707 mus,
2016 643 2257 699 adducit.
2292 640 2348 695 Si
2383 640 2529 695 cnim
2570 647 2947 710 contemptum
2978 639 3188 711 aliquid
3221 650 3276 695 et
3307 643 3441 697 abo-

1834 737 2161 793 minandum
2202 735 2527 800 inferretur,
2559 744 2839 790 structura
2874 749 3070 790 vocum
3114 735 3310 791 idonea
3343 751 3441 790 vo-

1835 846 1955 887 cem
1987 832 2125 884 πᾶσι
2158 828 2448 901 (omnibus)
2484 830 2670 895 potius
2701 844 2869 899 quam
2906 830 3125 883 πάντων
3153 830 3436 899 (omnium)

1835 925 2166 995 requireret.
2189 920 2313 976 Jam
2341 937 2473 977 vero
2512 923 2732 993 sapiens
2760 930 2817 978 et
2845 922 3068 979 divinus
3093 915 3297 978 Paulus
3327 938 3438 976 non

1835 1016 1955 1071 ait:
1988 1014 2308 1087 Peripsema
2358 1013 2602 1069 omnibus
2646 1012 2825 1070 factus
2856 1030 3015 1078 sum,
3046 1014 3141 1069 sed
3176 1016 3435 1069 ouantium.

1838 1109 1958 1165 lrno
1986 1124 2120 1164 vero
2149 1117 2204 1164 et
2244 1123 2332 1173 ea,
2359 1122 2481 1178 qua:
2521 1107 2665 1162 hanc
2694 1107 2924 1178 phrasin
2957 1110 3061 1163 hoc
3092 1107 3213 1163 loco
3250 1108 3439 1177 proxi-

1838 1218 1929 1260 me
1961 1203 2318 1269 antecedunt,
2356 1201 2545 1258 sensui
2582 1201 2711 1256 huic
2744 1201 3108 1255 veliﬁcantur.
3138 1200 3436 1271 Postquam

1836 1296 1984 1351 enim
2013 1293 2280 1349 dixerat:
2326 1311 2346 1346 ‹
2387 1291 2667 1348 Conviciis
2711 1291 2891 1346 affecti
2924 1290 3063 1345 bene
3112 1306 3435 1361 precamur,

1833 1390 2016 1446 vexati
2060 1388 2423 1452 sustinemus,
2476 1385 2725 1441 infamati
2774 1398 3090 1455 precamur,
3126 1401 3145 1435 ι
3199 1382 3435 1453 subjun-

1834 1486 1910 1557 git
1951 1502 1966 1539 :
2003 1503 2021 1537 ι
2060 1481 2216 1538 Facti
2260 1496 2455 1537 sumus
2486 1488 2546 1534 ut
2595 1487 2955 1549 purgamenta
3006 1475 3237 1541 mundi,
3286 1485 3340 1532 et
3379 1485 3441 1531 ut

1832 1576 2083 1634 omnium
2112 1574 2305 1633 sordes
2334 1588 2508 1643 usque
2538 1570 2728 1636 huc“,
2769 1589 2789 1622 ι
2819 1569 2925 1626 hoc
2951 1578 3057 1633 est,
3082 1568 3221 1635 Quid
3275 1568 3443 1623 mole-

1832 1671 1969 1728 stias
1999 1682 2195 1724 omnes
2225 1664 2639 1735 etpalamitates
2668 1672 2723 1719 et
2750 1663 2950 1728 luctas,
2984 1677 3122 1731 quas
3153 1676 3253 1730 pro
3281 1661 3441 1716 vobis

129 1763 487 1836 ἐγενήθημεν
506 1763 601 1816 τοῦ
624 1762 855 1833 κόσμου,
878 1759 1100 1814 πάντων
1118 1757 1406 1829 περίψημα
1420 1755 1525 1816 ἓως
1536 1752 1681 1823 ἄρτι.
1707 1768 1727 1803 ι

1839 1761 2152 1829 exantlavi,
2190 1759 2469 1831 sigillatim
2514 1771 2778 1813 enarrare
2821 1755 3051 1811 attinet?
3106 1753 3437 1809 Summatim

130 1858 247 1913 Kal.
264 1858 375 1928 γὰρ
400 1856 574 1909 καὶτὸ
596 1852 1119 1925 «περικαθάρματα»
1150 1848 1345 1922 ῥηθείη
1375 1844 1476 1918 μὲν
1490 1845 1558 1898 ἂν
1591 1840 1735 1896 κατὰ

130 1951 232 2005 τοῦ
264 1948 663 2020 ἐϐδελυγμένου
690 1950 787 2003 καὶ
827 1941 1068 2016 φευκτοῦ
1090 1984 1105 2009 ,
1147 1939 1350 2012 μᾶλλον
1381 1932 1427 1992 δ’
1470 1935 1735 2007 ἁρμόσειε

131 2044 257 2098 νυνὶ
297 2044 366 2096 τὰ
406 2041 683 2114 καθάρσια
717 2038 813 2095 καὶ
842 2038 913 2093 τὰ
944 2036 1235 2106 ίλαστήρια
1265 2024 1506 2102 θύματα,
1535 2028 1571 2083 ἃ
1592 2027 1734 2096 ὑπὲρ

129 2135 318 2188 ἄλλων
345 2133 535 2188 εἴωθεν
572 2130 823 2199 θύεσθαι,
878 2128 1179 2201 παριστᾷν.
1233 2122 1383 2195 Πλὴν
1445 2121 1570 2174 ἐπεὶ
1610 2115 1735 2190 μηδ’

128 2228 330 2299 ἕτερον
387 2225 484 2279 τοῦ
533 2221 941 2296 σημαινομένου
1003 2222 1072 2292 τῇ
1123 2215 1355 2288 ἀληθεία
1382 2211 1733 2283 λυμαίνεται,

129 2321 390 2383 ἕκαστος,
523 2317 725 2388 μᾶλλον
775 2312 980 2387 χαίρει,
1025 2309 1188 2364 τοῦτο
1239 2306 1337 2361 καὶ
1368 2302 1639 2377 αίρεῖσθαι
1670 2300 1733 2353 οὐ

136 2410 591 2465 κεκώλυται.”Αν
622 2424 683 2461 τε
709 2406 818 2478 γὰρ
850 2405 926 2469 ὡς
953 2405 1150 2475 ἱερεῖον
1175 2403 1202 2455 ὁ
1226 2397 1436 2463 Παῦλος
1456 2396 1596 2468 ὑπὲρ
1627 2392 1737 2447 τῶν

134 2503 408 2575 μαθητῶν
444 2501 655 2565 ἐθύετο,
687 2500 779 2552 τὸν
800 2497 1081 2568 Δεσπότην
1129 2494 1385 2565 ἐμιμεῖτο
1436 2489 1535 2545 καὶ
1585 2487 1735 2541 διδά-

134 2598 365 2661 σκαλον,
396 2595 463 2650 ἄν
514 2612 573 2648 τε
629 2588 899 2647 διδάσκων
922 2590 1020 2644 καὶ
1045 2586 1362 2660 παραινῶν,
1422 2584 1518 2638 καὶ⁸
1558 2586 1737 2637 πάντα

133 2696 283 2764 ὑπὲρ
313 2697 415 2765 τῆς
437 2691 617 2746 αὐτῶν
642 2687 918 2761 σωτηρίας
940 2681 1497 2760 πραγματευόμενος,
1520 2678 1597 2744 ὡς
1624 2678 1739 2731 ἅτι-

134 2806 237 2861 μος
274 2789 374 2841 καὶ
424 2780 819 2855 ἐϐδελυγμένος
880 2778 1199 2850 ἐνομίζετο,
1236 2774 1375 2846 πρὸς
1422 2772 1515 2827 τὸν
1571 2770 1739 2824 αὑτὸν

131 2883 365 2957 ἀφορῶν
386 2880 691 2949 Δεσπότην,
734 2877 897 2932 πάλιν
933 2873 1108 2929 ταῦτα
1155 2864 1447 2941 ἐπάσχετο,
1478 2867 1537 2930 ὃς
1564 2864 1737 2919 λοιδοο

137 2976 414 3049 ρούμενος
438 2974 535 3029 καὶ
566 2972 950 3044 ὑϐριζόμενος,
990 2962 1087 3023 καλ⁵
1114 2968 1226 3023 πᾶν
1268 2959 1413 3028 εἶδος
1445 2960 1737 3031 ὑπομένων

1836 1853 2046 1919 dicam,
2104 1868 2125 1905 ι
2164 1850 2233 1906 Ut
2272 1858 2635 1921 purgamenta
2679 1847 2869 1903 mundi
2913 1845 3041 1901 facti
3099 1861 3330 1911 sumus,
3380 1854 3441 1899 ut

1837 1946 2032 2004 sordes
2072 1944 2321 2000 omnium
2360 1958 2541 2012 usque
2580 1941 2710 1996 huc.
2762 1959 2783 1993 ι
2822 1938 3088 2006 Quamvis
3139 1939 3287 1993 enim
3332 1954 3438 1993 vox

1837 2033 2307 2105 περικαθάρματα
2365 2031 2531 2085 etiam
2580 2028 2650 2085 de
2697 2028 2920 2083 homine
2967 2025 3339 2081 abominando
3384 2035 3441 2081 et

1839 2122 2100 2197 fugiendo
2124 2124 2373 2181 adhiberi
2398 2121 2596 2194 possit,
2624 2121 2731 2176 hoc
2759 2128 2939 2175 tamen
2956 2119 3079 2174 loco
3107 2119 3439 2174 convenien-

1838 2222 1949 2276 tius
1982 2218 2167 2283 fuerit,
2198 2233 2320 2274 eam
2370 2218 2439 2272 de
2485 2214 2725 2270 victimis
2757 2212 3156 2283 piacularibus,
3209 2227 3333 2282 qua:
3383 2211 3438 2265 in

1838 2313 2073 2369 aliorum
2102 2312 2335 2367 salutem
2375 2308 2564 2365 offerri
2599 2314 3021 2372 consueverant,
3066 2305 3436 2375 interpretari.

1838 2404 2110 2471 Quoniam
2154 2410 2337 2457 autem
2369 2408 2563 2456 neuter
2614 2399 2957 2470 signiﬁcatus
3006 2412 3135 2453 vero
3177 2395 3439 2451 adversa—

1839 2508 1952 2562 tur,
1979 2512 2101 2551 emn
2134 2496 2369 2565 quisque
2413 2493 2613 2565 eligere
2640 2492 2862 2562 poterit,
2899 2490 2995 2562 qui
3031 2492 3265 2545 maxime
3295 2491 3441 2543 arri-

1837 2587 1982 2643 deat.
2019 2585 2146 2641 Sive
2172 2586 2319 2641 enim
2352 2585 2524 2641 instar
2553 2584 2789 2640 victima:
2823 2581 3116 2651 piacularis
3146 2596 3243 2651 pro
3275 2582 3442 2635 disci-

1839 2679 1985 2749 pulis
2020 2676 2354 2732 oﬁerehatur
2385 2674 2589 2731 Paulus
2613 2710 2628 2739 ,
2679 2673 2971 2730 Dominum
3024 2683 3079 2728 et
3114 2674 3438 2744 magistrum

1842 2771 2031 2841 utique
2070 2769 2431 2837 imitabatur;
2471 2768 2588 2823 sive
2616 2771 2824 2823 docens
2869 2766 2986 2836 ipse
3023 2774 3079 2821 et
3111 2766 3439 2829 admonens,

1838 2865 2133 2932 omniaque
2182 2878 2301 2935 pro,
2333 2863 2511 2918 salute
2562 2877 2757 2918 eorum
2809 2860 3050 2927 faciens,
3081 2861 3438 2930 contemptim

1838 2958 2144 3014 habebatur
2183 2965 2239 3013 et
2289 2957 2503 3012 invisus
2542 2963 2689 3021 erat,
2732 2956 2895 3011 etiam
2941 2954 3050 3009 hoc
3083 2952 3153 3009 ad
3183 2954 3437 3007 eumdem

135 3042 347 3141 χλεύης
393 3068 497 3140 τῆς
544 3042 658 3121 τῶν
705 3061 1042 3136 ὑϐριζόντων
1074 3060 1170 3114 καὶ⁵
1209 3054 1736 3130 προπηλακιζόντων

1842 3048 2134 3104 Dominum
2167 3046 2493 3116 respiciens,
2534 3045 2964 3115 perpetiebatur.
3001 3042 3095 3098 Ille
3123 3042 3271 3097 enim
3302 3058 3440 3097 con-

136 3163 421 3237 σωτηρίας
445 3161 542 3216 καὶ
568 3157 831 3231 προνοίας
851 3155 953 3209 οὐκ
984 3153 1277 3225 ἀφίστατο.

1759 3131 1802 3191 C
1836 3139 1997 3196 viciis
2030 3148 2085 3194 et
2128 3137 2346 3208 injuriis
2389 3147 2687 3202 oneratus,
2739 3150 3015 3207 omneque
3069 3135 3437 3190 ludibriorum

137 3228 321 3329 genus
349 3228 686 3327 perpessus,
719 3250 1009 3308 hominum
1070 3245 1405 3321 injuriorum
1465 3242 1797 3317 probrisque
1832 3232 2221 3294 insectantium
2285 3232 2451 3289 saluti
2523 3239 2580 3288 et
2612 3230 2917 3287 commodis
2963 3228 3280 3301 prospicere
3325 3243 3439 3287 non

136 3348 452 3406 desinebat.

239 3365 300 3403 tn
375 3364 452 3403 at.

173 3364 372 3497 es“)?
405 3441 484 3504 είς
511 3436 704 3511 καιρὸν
732 3435 845 3508 ἄρα
885 3435 986 3506 τῆς
1026 3433 1247 3505 μνήμης
1298 3427 1570 3502 προῆλθεν
1609 3423 1729 3490 καὶ,

139 3537 167 3591 ὃ
190 3535 367 3592 πάλαι
393 3531 766 3605 διηρώτησας,
792 3528 847 3583 τί
867 3544 1001 3582 ποτε
1025 3525 1179 3596 δηλοῖ
1204 3523 1267 3578 τὸ
1291 3524 1349 3578 ἐν
1377 3520 1461 3593 τῷ.
1479 3520 1733 3602 Εὐάγγε-

140 3630 239 3702 λίῳ
272 3628 474 3701 ῥηθέν·
508 3644 526 3679 ι
555 3625 666 3679 Καὶ
694 3621 1028 3691 ἐκολάφισαν
1059 3618 1241 3673 αὐτόν.
1276 3635 1297 3670 ι
1329 3613 1504 3670 Τοῦτο
1526 3612 1584 3666 δέ
1614 3627 1701 3702 κοι

143 3698 366 3793 νότε
396 3720 494 3793 μὲν
520 3718 606 3786 τὸ,
636 3714 953 3781 ἐνέπαιξαν,
981 3710 1258 3783 σημαίνει.
1276 3704 1579 3793 Παιδιᾶςδέ
1595 3698 1732 3771 εἶδός

144 3790 283 3868 ἐστι⁷
304 3811 366 3865 τὸ
397 3790 738 3878 κολαφίζειν,
771 3800 1171 3876 μεταϐαλόντος
1198 3796 1295 3851 τοῦ
1338 3795 1517 3858 ἔθους,
1545 3790 1735 3862 ὥσπερ

146 3905 240 3960 καὶ
269 3904 361 3958 ἐπ’
392 3902 570 3957 ἄλλων
600 3897 840 3963 πολλῶν,
866 3894 991 3960 cap
1032 3894 1114 3956 εἰς
1142 3891 1203 3945 τὸ
1222 3907 1267 3961 φ
1292 3905 1308 3921 ⁸
1339 3889 1374 3961 ἡ
1408 3886 1517 3958 γὰρ
1557 3885 1737 3939 Ἀττι-

146 3999 379 4064 κίζουσα
436 3993 662 4064 γλῶσσα
709 3988 800 4043 διὰ
834 3986 928 4041 τοῦ
964 3986 1014 4052 ,Β
1039 3982 1241 4057 μᾶλλον
1287 3978 1386 4053 τὴν
1424 3975 1572 4043 λέξιν
1602 3991 1737 4046 προ-ι

147 4093 329 4162 φέρει.
352 4086 545 4141 Τοίνυν
579 4081 863 4155 μιαιφόνον
880 4078 977 4132 καὶ
998 4075 1294 4148 ἀχάριστον
1318 4069 1428 4125 τῶν
1464 4066 1737 4122 Ἰουδαίων

147 4160 301 4247 ἔθνος
322 4181 415 4235 ἐπὶ
443 4178 698 4233 τοσοῦτον
729 4174 811 4238 είς
842 4172 934 4227 τὸν
959 4168 1260 4241 εὐεργέτην
1287 4166 1400 4229 τοῖς
1429 4162 1621 4233 θυμοῖς
1643 4160 1739 4214 ἅν-

146 4278 426 4350 ηρέθιστο,
460 4273 536 4337 ὡς
563 4271 641 4343 μὴ
681 4270 846 4342 μόνον
874 4268 1066 4339 χεῖρας
1094 4261 1244 4333 αὐτῷ
1276 4258 1492 4331 σφαγῆς
1519 4254 1738 4350 άνατείῗ

148 4347 283 4434 νειν,
313 4368 431 4423 ἀλλ’
464 4368 514 4421 εί
543 4365 639 4421 καί
661 4382 713 4418 τι
740 4363 879 4426 ὅλως
906 4358 1107 4421 αὐτοὺς
1138 4355 1381 4410 διαλάθοι
1414 4350 1613 4423 χλεύης
1640 4347 1738 4402 καὶ

154 4457 543 4533 μυκτηρισμοῦ
575 4457 671 4512 καὶ
704 4451 1016 4523 ἀσελγείας,
1045 4449 1075 4503 ὃ
1115 4448 1190 4519 μὴ
1224 4445 1530 4518 ἐντρίψειεν
1562 4440 1735 4512 αὐτῷ,

148 4553 299 4607 οὐδὲν
333 4552 565 4623 ἡγοῦντο
581 4544 932 4619 κατορθῶσαι
954 4541 1119 4613 μέγα.
1149 4537 1307 4595 Oli-rw
1331 4537 1428 4593 ml.
1444 4536 1536 4590 τὸν
1564 4534 1738 4589 ἀκάν-

151 4645 293 4697 θινον
352 4640 639 4709 στέφανον,
685 4637 780 4691 καὶ
816 4634 907 4689 τὸν
948 4632 1218 4702 κάλαμον,
1258 4629 1357 4682 καὶ
1387 4628 1481 4681 τὸν
1510 4623 1738 4697 βασιλέα

1905 3417 2271 3475 Commodum
2304 3415 2394 3473 hic
2417 3415 2472 3471 in
2505 3424 2746 3470 mentem
2775 3414 2926 3470 venit
2960 3414 3239 3471 recordari
3265 3414 3437 3483 illius,

1835 3513 1983 3585 quod
2014 3512 2145 3567 olim
2174 3527 2242 3567 ex
2280 3525 2368 3566 me
2396 3508 2721 3580 quaesivisti,
2755 3508 2889 3580 quid
2935 3523 3133 3578 nempe
3168 3508 3273 3563 sibi
3311 3508 3439 3563 velit

1836 3603 1990 3670 illud,
2026 3603 2173 3674 quod
2212 3602 2266 3657 in
2294 3599 2594 3672 Evangelio
2616 3599 2862 3654 dicitur:
2906 3615 2925 3651 ι
2961 3598 3029 3653 Ει
3063 3598 3325 3669 colaphos
3357 3597 3435 3654 illi

1838 3699 2186 3769 impegerunt
2204 3696 2271 3748 ”.
2310 3714 2329 3748 ι
2362 3693 2513 3750 Idem
2548 3692 2761 3750 scilicet
2803 3700 2910 3759 est,
2947 3691 3093 3763 quod
3127 3692 3439 3747 communi-

1840 3799 1924 3844 ter
1951 3803 2049 3858 per
2078 3784 2369 3852 ἐνέπαιξαν
2398 3784 2729 3855 exprimitur
2760 3799 2776 3838 ι
2813 3783 3032 3839 ludibrii
3085 3784 3230 3838 enim
3264 3799 3439 3856 genus

1838 3886 1923 3934 est
1953 3876 2290 3945 κολαφίζειν,
2325 3882 2538 3929 mutato
2584 3872 2794 3929 scilicet
2826 3887 2921 3940 per
2958 3871 3437 3935 consuetudinem,

1838 3967 1986 4041 quod
2032 3975 2089 4023 et
2148 3964 2400 4037 plurimis
2447 3962 2671 4019 vocibus
2713 3961 2840 4017 aliis
2894 3976 2998 4017 usu
3050 3961 3232 4026 venit,
3270 3961 3350 4033 τῷ
3405 3962 3440 4033 β

1839 4062 1894 4118 in
1952 4077 2013 4131 φ.
2079 4057 2257 4114 Attica
2319 4056 2467 4113 enim
2527 4055 2796 4112 dialectus
2864 4055 3090 4112 verbum
3147 4056 3279 4111 illud
3340 4071 3439 4126 per

1840 4155 1872 4226 β
1902 4152 2212 4224 exprimere
2241 4158 2412 4206 amat.
2445 4148 2882 4220 Sanguinolenta
2933 4147 3118 4219 itaque
3145 4155 3201 4203 et
3251 4147 3438 4219 ingra-

1841 4243 2392 4302 tissimaludaeorum
2424 4256 2557 4311 gens
2582 4239 2635 4294 in
2664 4237 3072 4295 benefactorem
3104 4253 3266 4293 suum
3297 4237 3436 4293 adeo

1840 4339 2172 4410 impotenter
2198 4335 2497 4400 ferebatur,
2521 4342 2580 4388 ut
2609 4346 2720 4388 non
2744 4332 2923 4387 solum
2956 4332 3297 4387 truculentas
3319 4346 3431 4386 ma-

1840 4448 1947 4487 nus
1989 4430 2067 4486 illi
2114 4428 2398 4497 injiceret,
2445 4424 2544 4482 sed
2576 4425 2622 4481 si
2669 4423 2800 4495 quid
2831 4423 3084 4489 ludibrii,
3125 4422 3435 4478 subsanna—

1842 4525 2010 4582 tionis
2035 4532 2091 4579 et
2122 4520 2475 4594 procacitatis
2498 4518 2776 4589 reliquum
2806 4517 3070 4573 adversus
3097 4516 3248 4571 illum
3274 4514 3436 4572 fecis-

1840 4629 1945 4685 set,
1979 4614 2140 4683 nihil,
2165 4613 2312 4685 quod
2340 4611 2522 4685 magni
2552 4621 2701 4667 esset
2738 4609 3027 4676 momenti,
3054 4608 3347 4679 perfecisse
3375 4625 3438 4663 se

152 4736 244 4790 καὶ
266 4735 336 4789 τὰ
362 4702 597 4787 τοιαῦτα
624 4702 921 4791 ἐνέπαιζον
949 4722 1120 4796 αὐτῷ.
1154 4722 1267 4776 Καὶ
1306 4720 1403 4775 νῦν
1424 4717 1482 4772 δέ
1513 4734 1678 4788 φησιν
1703 4718 1732 4771 ό

1839 4711 2179 4781 opinaretur.
2234 4705 2310 4762 lta
2349 4715 2404 4762 et
2450 4719 2652 4761 corona
2698 4704 2889 4775 spinea
2934 4713 2990 4757 et
3038 4702 3307 4757 arundine
3346 4717 3436 4755 rc-

156 4829 251 4897 μέν
284 4826 490 4897 ὑψηλὸς
512 4823 608 4879 καὶ
637 4821 817 4891 μέγας
849 4819 1107 4888 Ἰωάννης
1130 4856 1147 4883 ,
1182 4814 1374 4885 ῶσπερ
1429 4810 1736 4883 ἐπιτρέχων

150 4920 245 4992 τὴν
266 4918 444 4989 ὓϐριν,
473 4912 854 4986 Καὶδὲδίδουν
872 4907 1034 4976 αὐτῷ
1063 4907 1441 4979 ῥαπίσματα.
1478 4904 1538 4959 '0
1560 4903 1616 4957 δὲ
1647 4903 1736 4957 θε-

156 5012 371 5074 σπέσιος
410 5010 638 5078 Μάρκος
690 5006 785 5060 καὶ
839 5004 1119 5067 Ματθαῖος
1156 5001 1359 5073 (μικρὰ
1406 4999 1516 5072 γὰρ
1561 4999 1596 5070 ἡ
1625 4997 1736 5051 τῶν

156 5103 414 5173 ῥημάτων
447 5097 800 5169 παραλλαγὴ)
832 5096 933 5150 καὶ¹
973 5094 1035 5149 τὸ
1064 5093 1237 5164 ὄνομα
1269 5091 1369 5163 τῆς
1394 5089 1606 5163 ὕϐρεως
1640 5087 1733 5141 λέ-

154 5209 360 5261 γουσιν,
387 5190 483 5245 καὶ
510 5189 608 5261 τὴν
635 5188 733 5260 τῆς
764 5186 979 5259 ὕϐρεως
1025 5185 1249 5255 πρᾶξινξ
1295 5202 1314 5235 ι
1366 5180 1731 5250 Ἐκολάφισαν

157 5289 259 5358 γάρ
307 5283 492 5351 αὑτὸν,
552 5283 649 5337 καὶ
680 5278 918 5353 ῆρξαντο
973 5275 1407 5349 περικαλύπτειν
1465 5272 1633 5328 αὐτοῦ
1670 5273 1733 5327 τὸ

1842 4807 2035 4879 gisque
2062 4803 2424 4876 appellatione
2462 4810 2515 4857 et
2550 4799 2825 4855 similibus
2852 4798 2900 4854 ei
2938 4796 3260 4852 illudebant.
3312 4793 3437 4850 Jam

1840 4912 1971 4954 vero
2004 4896 2257 4953 sublimis
2303 4902 2358 4948 et
2407 4906 2639 4962 magnus
2667 4888 2991 4957 Joannes“,
3037 4889 3235 4944 factam
3287 4888 3435 4957 inju-

1839 4991 1979 5046 riam
2013 4986 2334 5044 summatim
2366 4984 2758 5055 complexurus
2781 5021 2797 5047 ,
2831 4981 2969 5037 dixit
3002 4999 3017 5037 :
3060 4980 3128 5034 Et
3176 4980 3435 5034 dederant

1841 5084 1925 5138 illi
1960 5082 2187 5151 alapas;
2237 5077 2351 5134 divi
2405 5086 2589 5132 autem
2626 5075 2905 5132 Marcus“
2961 5085 3014 5130 et
3060 5071 3433 5136 Matthzeus“,

1840 5176 2059 5249 (exigua
2081 5174 2228 5229 enim
2253 5182 2339 5230 est
2361 5187 2578 5236 vocum,
2605 5170 2808 5241 quibus
2832 5180 3080 5235 utuntur,
3106 5167 3435 5235 differentia)

1840 5277 1895 5327 et
1920 5268 2203 5341 proprium
2236 5264 2457 5337 injuriae
2480 5264 2645 5335 hujus
2672 5277 2894 5330 nomen,
2925 5274 2979 5318 et
3012 5262 3189 5333 ipsum
3218 5261 3439 5332 injuriae

225 5466 270 5502 ³⁸
315 5464 336 5522 l
377 5468 508 5527 Cor.
543 5482 632 5535 tv,
684 5463 773 5522 l2.
851 5465 895 5497 ”
939 5461 1131 5519 Matth.
1178 5476 1328 5528 xxvi,
1362 5460 1453 5517 67.
1529 5460 1574 5491 ⁸ο
1603 5457 1762 5513 Joan.
1796 5473 1912 5522 xix,
1948 5456 2004 5510 5.
2080 5453 2124 5486 “
2169 5452 2337 5513 Marc.
2377 5467 2490 5520 XIV,
2532 5450 2624 5508 65.
2700 5448 2745 5482 δ’
2794 5446 2987 5504 Matth.
3019 5460 3167 5511 xum,
3200 5443 3289 5498 67.

1688 5639 1920 5697 ΝυΤᾹΞ.

233 5741 345 5818 (15)
374 5743 465 5801 Sic
503 5742 662 5803 Colb.
700 5756 803 5816 pro
839 5740 1247 5813 περιψήμασιν.
