3880 6206
412 258 520 335 735

1591 264 1864 332 PIIOTII
1888 264 2408 337 PATRIARCH/E
2435 276 2550 340 CP.

3622 282 3725 353 736

417 382 741 439 exercitium
775 386 1095 456 exprimunt
1127 398 1140 437 :
1188 400 1205 435 ι
1240 381 1503 454 Colaphis
1531 386 1678 439 enim
1715 387 2002 444 eeciderun

2136 394 2430 465 πρόσωπον
2458 393 2554 449 καὶ
2582 390 2902 467 κολαφίζειν
2952 397 3136 455 αὐτόν.
3175 394 3333 469 Εἶτα,
3363 421 3382 454 ι
3410 403 3527 459 Καὶ
3573 407 3731 479 ἐρρά-

411 476 601 541 illum,
664 487 721 532 et
782 477 1107 547 inceperunt
1140 474 1337 531 faciem
1386 477 1506 547 ejus
1550 477 1829 549 obtegere,
1872 482 2025 536 eola-

410 570 668 639 phosque
704 569 780 623 illi
817 568 1141 640 impingere.
1181 588 1200 622 ι
1260 568 1456 624 Postea
1491 586 1506 623 :
1561 588 1580 621 ι
1613 569 1680 625 Et
1732 587 2025 642 percusse-

414 673 548 715 runt
580 661 759 729 illum,
784 671 850 716 ‘et
876 662 1089 717 bacillis
1111 677 1235 716 eum
1261 660 1602 731 ceciderunt,
1634 672 1691 718 et
1716 664 1975 719 dixerunt
2009 682 2022 720 :

410 754 734 823 Propheliza
779 755 960 820 nobis,
988 754 1227 823 Christe,
1254 756 1379 827 quis
1417 763 1503 811 est
1532 756 1624 827 qui
1657 765 1709 812 te
1738 757 1968 813 cecidit?
2001 777 2019 812 ι

412 846 582 901 Divus
633 848 853 917 quidem
906 851 1084 904 Lucas
1150 853 1375 903 verbum
1428 846 1747 918 κολαφίζειν
1799 849 2021 915 omisit,

416 940 636 994 abunde
670 950 851 995 tamen
899 941 1147 1011 ejusdem
1194 942 1347 996 verbi
1390 956 1613 998 sensum
1642 956 1742 1013 per
1778 957 1863 1008 ea,
1895 943 2023 1014 qui-

410 1032 515 1087 bus
548 1032 743 1100 utitur,
771 1033 994 1102 exponit
1022 1052 1035 1089 :
1074 1053 1092 1085 ι
1126 1030 1243 1089 Viri
1272 1034 1444 1099 enim,
1478 1035 1679 1106 inquit,
1714 1037 1805 1106 qui
1832 1035 2020 1093 Jesum

411 1124 698 1189 tenebant,
732 1124 1036 1179 illudebant
1086 1126 1203 1191 illi,
1232 1126 1509 1183 caadentes
1534 1167 1550 1194 ,
1596 1137 1651 1183 et
1706 1129 2024 1186 obvelantes

414 1216 568 1271 illum
602 1233 614 1270 :
670 1217 881 1271 vultum
929 1218 1048 1287 ejus
1072 1218 1475 1289 percutiebant,
1511 1228 1565 1276 et
1610 1219 2025 1293 interrogabant

410 1323 561 1372 cum,
589 1307 838 1363 dicentes
874 1325 888 1361 :
924 1307 1243 1364 Vaticinare
1274 1311 1469 1378 nobis,
1522 1313 1648 1381 quis
1682 1314 1788 1381 sit,
1833 1314 1925 1384 qui
1971 1322 2024 1371 te

409 1398 831 1468 percusserit“.
898 1418 917 1450 ι
982 1401 1055 1454 Ita
1107 1402 1317 1456 scilicet
1361 1402 1636 1458 illusionis
1695 1404 1802 1459 hoe
1851 1419 2023 1474 genus

409 1491 668 1545 habebat.
704 1491 809 1545 Alii
846 1491 991 1547 enim
1040 1494 1232 1549 oculos
1276 1495 1537 1552 manibus
1568 1496 1855 1565 ohtegunt,
1898 1497 2019 1561 alii,

407 1596 575 1652 genas
615 1581 814 1653 pugnis
845 1582 1141 1650 euadentes,
1179 1584 1378 1655 jubent
1422 1586 1675 1642 indicare
1725 1587 1876 1642 illum
1925 1587 2019 1658 qui

405 1674 710 1741 ceciderit;
746 1675 893 1745 quod
935 1674 981 1729 si
1019 1673 1159 1730 forte
1192 1676 1508 1746 conjectura
1561 1686 1889 1747 assequuntur
1914 1693 2022 1732 cae-

406 1767 649 1831 dentem,
702 1766 963 1820 innnunis
1008 1773 1094 1820 est
1136 1780 1167 1819 a
1229 1766 1431 1836 plagis;
1480 1767 1564 1822 sin
1598 1768 1804 1831 minus,
1836 1768 2020 1838 plagas
2056 1771 2098 1827 Β

408 1858 483 1912 illi
522 1858 830 1929 impingere
865 1866 1127 1929 pergunt.
1162 1856 1277 1914 Hoc
1314 1860 1494 1928 ipsum
1524 1859 1661 1923 vult,
1694 1860 1802 1915 hoc
1836 1860 2016 1929 ipsum

408 1952 683 2022 signitlcat
708 1952 993 2021 proprium
1030 1951 1163 2006 illud
1188 1953 1441 2019 verbum,
1476 1952 1833 2022 ἐκολάφισαν.
1859 1951 2018 2019 Quod

406 2042 723 2097 Judzeorum
780 2057 914 2112 gens
956 2058 1059 2098 nec
1092 2043 1310 2113 injuriis
1366 2059 1467 2099 nec
1495 2044 1830 2116 procacitate
1856 2059 2018 2099 exsa-

406 2136 533 2190 tiari
586 2135 863 2204 potuerit,
908 2135 1087 2192 Lucas
1164 2136 1462 2207 inprimis,
1519 2148 1780 2207 tanquam
1830 2148 2018 2207 stupe-

408 2228 590 2282 facms
646 2226 872 2283 indicat.
922 2228 1221 2299 Postquam
1277 2230 1423 2283 enim
1476 2231 1527 2285 is
1574 2230 1814 2295 dixerat,
1869 2230 2017 2300 quod

406 2318 787 2386 percusserint
842 2317 1038 2374 faciem
1087 2320 1241 2390 ejus,
1276 2321 1642 2392 eamdemque
1682 2322 2014 2387 obtexerint,

407 2406 736 2478 subjungit:
788 2428 805 2458 ι
848 2406 913 2461 Ει
955 2410 1125 2463 multa
1172 2409 1278 2464 alia
1323 2412 1703 2466 conviciantes
1751 2411 2016 2466 adversus

405 2512 532 2551 eum
566 2496 903 2551 dixerunt“.
943 2512 962 2548 ι
998 2496 1075 2550 Ita
1100 2497 1258 2563 satis,
1292 2507 1445 2568 puto,
1476 2499 1660 2569 quoad
1694 2513 1791 2568 per
1814 2498 2017 2568 episto-

407 2591 515 2642 lam
553 2590 773 2659 quidem
827 2590 946 2644 ﬁeri
990 2600 1200 2660 potest,
1246 2602 1595 2661 perspectum
1639 2592 1843 2656 habes,
1884 2591 2017 2662 quid

404 2682 512 2739 Sibi
544 2684 672 2738 velit
711 2683 1080 2753 ἐκολάφισαν,
1118 2685 1251 2755 quid
1296 2685 1621 2758 περίψημα,
1672 2686 1804 2757 quid
1859 2703 2015 2757 nept-

404 2775 690 2847 κάθαρμα.
738 2774 821 2829 Tu
868 2792 1034 2844 vero,
1084 2776 1295 2833 Christi
1353 2788 1407 2834 et
1433 2778 1588 2833 Pauli
1659 2779 2013 2845 afﬂictiones,

403 2865 607 2935 probra
637 2872 691 2919 et
718 2866 1052 2921 tentationes
1084 2869 1271 2921 animo
1326 2866 1726 2923 circumferens
1747 2907 1762 2933 ,
1796 2866 2016 2922 fortiter

402 2973 559 3026 agas,
600 2956 681 3010 vel
713 2959 897 3027 potius
928 2957 1204 3029 gaudeas,
1251 2958 1597 3028 recogitans,
1632 2959 1687 3012 in
1727 2973 1893 3029 quem
1922 2972 2014 3011 or-

403 3051 588 3104 dinem
617 3049 695 3105 sis
720 3050 949 3114 ascitos,
974 3065 1246 3121 quemque
1270 3052 1473 3106 habeas
1496 3050 1716 3117 ducem,
1748 3050 2013 3105 adversus

401 3156 627 3197 omnem
671 3141 1041 3198 calamitatem
1089 3143 1387 3206 insultum,
1440 3143 1556 3197 sive
1595 3142 1895 3198 adversarii
1929 3150 2006 3205 tui

402 3233 533 3289 mali
583 3234 860 3289 daemones
891 3238 1037 3300 sint,
1074 3237 1192 3290 sive
1218 3235 1502 3290 daemonas
1550 3236 1790 3289 humana
1828 3232 2005 3288 forma

401 3328 667 3394 referant,
701 3326 1009 3383 imitentur.

404 3437 734 3507 QUA‘ZSTIO
783 3437 1049 3496 CXXXIV
1101 3438 1312 3512 [CoisL
1369 3437 1551 3502 CLVI,
1588 3438 1750 3494 Taur.
1791 3438 2001 3512 CLV].

408 3538 547 3601 Quot
601 3536 729 3590 anni
786 3535 948 3588 initia
988 3534 1246 3588 arbitrari
1306 3549 1401 3587 nos
1460 3543 1701 3603 oporteat
1752 3541 1804 3587 et
1857 3548 1996 3603 (μιαί.

2131 503 2298 539 πισαν
2330 488 2425 541 καὶ
2460 488 2809 560 ῥαπίσμασιν
2834 489 3000 546 αὐτὸν
3053 492 3303 560 ἔϐαλλον,
3350 498 3446 551 καί¹
3497 497 3689 570 ἔλεγον
3712 518 3727 532 '

2129 582 2519 653 Προφήτευσον
2555 584 2710 654 ἡμῖν,
2746 584 2969 655 Χριστέ,
3002 588 3086 651 τίς
3104 589 3254 643 ἐστιν
3276 590 3304 644 ό
3330 591 3545 656 παίσας
3589 610 3671 649 σε.
3704 614 3724 647 ι

2141 672 2198 726 '0
2231 672 2424 742 μέντοι
2464 691 2529 743 γε
2557 675 2849 742 Θεσπέσιος
2898 679 3118 744 Λουκᾶς
3154 680 3255 753 τὴν
3301 683 3403 752 μὲν
3442 683 3542 738 τοῦ
3569 687 3730 739 κολα-

2128 764 2308 835 φίζειν
2343 768 2588 839 παρῆκε,
2631 770 2861 837 ἐξαπλοί
2895 771 2955 827 δὲ
2986 774 3196 843 σαφῶς,
3236 776 3306 829 δι’
3338 770 3416 832 ὧν
3447 776 3601 847 λέγει
3630 780 3729 850 τῆς

2128 859 2316 931 φωνῆς
2352 860 2411 913 τὸ
2444 860 2799 933 δηλούμενον.
2843 882 2862 915 ι
2899 863 3011 919 Καὶ
3061 866 3111 921 οί
3141 867 3337 939 ἄνδρες
3364 869 3501 940 γὰρ,
3533 872 3726 941 φησιν,

2125 954 2177 1005 οί
2214 951 2535 1024 συνέχοντες
2565 955 2658 1009 τὸν
2692 956 2925 1028 Ἰησοῦν,
2950 958 3241 1024 ἐνέπαιζον
3258 962 3444 1033 αὐτῷ,
3474 963 3730 1035 δέροντες

2126 1048 2221 1100 καὶ
2258 1047 2740 1120 περικαλύψαντες
2772 1050 2958 1119 αὑτὸν,
2984 1050 3218 1108 ἔτυπτον
3248 1056 3416 1109 αὐτοῦ
3460 1055 3523 1109 τὸ
3556 1059 3729 1127 πρόσο

2125 1154 2297 1209 ωπον,
2324 1141 2421 1195 καὶ
2450 1142 2757 1215 ἐπηρώτων
2778 1143 2966 1211 αὑτὸν,
3014 1144 3271 1215 λέγοντες
3291 1164 3305 1179 ·
3331 1149 3728 1219 Προφήτευσον

2123 1236 2279 1307 ἡμῖν,
2319 1236 2405 1298 τίς
2435 1236 2585 1290 ἐστιν
2614 1236 2643 1288 ὁ
2668 1232 2872 1300 παίσας
2900 1250 2981 1291 σε.
3025 1255 3043 1289 ι
3074 1238 3187 1293 Καὶ
3207 1240 3318 1311 γὰρ
3340 1241 3585 1295 τοιοῦτόν
3609 1243 3728 1297 ἐστι

2124 1330 2187 1383 τὸ
2212 1324 2352 1393 εἶδος
2372 1329 2472 1401 τῆς
2499 1330 2744 1394 παιδιᾶς.
2778 1328 2844 1383 Οἱ
2897 1332 2997 1402 μὲν
3038 1333 3167 1397 τοὺς
3205 1332 3520 1405 ὀφθαλμοὺς
3564 1337 3728 1406 χερσὶ

2124 1422 2654 1494 περικαλύπτουσιν,
2679 1424 2730 1477 οί
2761 1420 2819 1478 δὲ
2868 1424 2978 1492 πὺξ
3021 1412 3167 1480 κατὰ
3211 1425 3420 1497 κόρρης
3465 1428 3726 1492 παίοντες

2124 1512 2481 1587 ἐπερωτῶσιν
2514 1518 2754 1590 μηνῦσαι
2793 1518 2887 1573 τὸν
2918 1518 3213 1576 παίσαντα.
3256 1520 3379 1574 Κᾶν
3430 1522 3533 1591 μὲν
3582 1522 3725 1595 τύχῃ

2122 1607 2216 1662 τοῦ
2246 1610 2647 1681 τυπτήσαντος,
2684 1611 2938 1683 ἀφίεται⁶
2973 1613 3041 1668 ἂν
3096 1613 3155 1667 δὲ
3207 1614 3282 1687 μὴ
3306 1654 3320 1679 ,
3364 1616 3724 1685 ἐπιμένουσιν

2127 1702 2278 1775 αὐτῷ
2303 1704 2403 1769 τὰς
2435 1705 2652 1775 πληγὰς
2680 1705 3029 1769 ἐντείνοντες.
3068 1706 3242 1761 Τοῦτο
3280 1708 3374 1762 οῦν
3407 1710 3599 1779 δηλοῖ,
3624 1711 3725 1763 καὶ

2110 1793 2289 1861 ¹τοῦτο
2347 1796 2679 1868 παρίστησιν
2732 1800 2766 1867 ἡ
2818 1798 3136 1870 κυριολεξία
3195 1800 3279 1865 τὸ,
3307 1801 3720 1871 ἐκολάφισαν.

2126 1882 2250 1937 Ὅτι
2284 1884 2342 1937 δέ
2404 1886 2570 1956 κόρον
2599 1886 2793 1942 οὐδένα
2831 1888 2959 1942 οὔτε
3003 1886 3215 1967 ὕβρεως
3252 1889 3378 1944 οὔτε
3421 1893 3724 1961 ἀσελγείας
3822 1904 3825 1906 ’

2123 1975 2187 2030 τὸ
2234 1978 2510 2034 Ἰουδαίων
2544 1979 2700 2045 ἕονος
2734 1980 3065 2053 ἐλάμϐανεν,
3098 1984 3542 2055 ἐκπληττόμενος
3566 1989 3595 2039 ό
3626 2004 3724 2040 σοι·

2123 2067 2223 2137 φὺς
2255 2070 2686 2142 ἐπισημαίνεται
2724 2072 2963 2144 μάλιστα
3023 2075 3259 2139 Λουκᾶς.
3311 2075 3467 2130 Μετὰ
3510 2077 3624 2148 γὰρ
3658 2076 3725 2131 τὸ

2120 2163 2318 2228 εἰπεῖν,
2364 2164 2446 2219 ὅτι
2495 2165 2729 2220 ἔτυπτον
2778 2166 2945 2221 αὑτοῦ
2986 2166 3049 2221 τὸ
3087 2168 3403 2237 πρόσωπον,
3428 2170 3526 2223 καὶ
3556 2188 3723 2241 περιο

2121 2254 2453 2322 εκὰλυπτον,
2476 2256 2857 2327 ἐπάγειοιΚαὶ
2876 2258 3041 2329 ἕτερα
3063 2258 3233 2313 πολλὰ
3256 2260 3719 2330 βλασφημοῦντες

2121 2346 2330 2417 ἔλεγον.
2360 2368 2381 2401 ι
2403 2348 2567 2403 Ἀλλὰ
2596 2350 2706 2421 γὰρ
2733 2352 2861 2423 περὶ
2895 2352 2997 2421 μὲν
3020 2351 3116 2405 τοῦ
3145 2371 3164 2403 ι
3195 2350 3587 2422 ἐκολάφισαν,ι
3619 2355 3718 2407 καὶ

2126 2441 2451 2513 «περίψημα
2478 2460 2498 2495 ι
2525 2444 2620 2498 καί⁵
2643 2464 2663 2496 ι
2688 2445 3108 2517 περικάοαρμα,
3144 2466 3163 2500 ι
3191 2447 3357 2519 ἔχεις,
3382 2442 3560 2518 οἶμαι,
3590 2448 3718 2501 κατ’

2119 2532 2416 2604 ἐπιστολὴν
2437 2535 2538 2588 οὐκ
2581 2535 2801 2599 ἐνδεῶς.
2830 2536 2901 2590 Σὺ
2934 2538 2992 2590 δέ
3025 2556 3117 2609 μοι
3138 2539 3211 2593 τὰ
3232 2539 3325 2594 τοῦ
3352 2540 3594 2610 Χριστοῦ
3618 2540 3720 2595 καὶ

2122 2622 2336 2678 Παύλου
2381 2626 2524 2681 κατὰ
2560 2626 2802 2683 διάνοιαν
2836 2628 3021 2699 φέρων
3066 2632 3238 2701 πάθη,
3275 2632 3369 2686 καὶ
3409 2632 3482 2686 τὰ
3510 2633 3715 2703 ὀνείδη,

2117 2719 2215 2772 καὶ
2263 2718 2393 2782 τοὺς
2450 2721 2800 2791 πειρασμοὺς
2840 2722 3032 2777 ἵστασο
3092 2725 3388 2793 γενναίως,
3426 2726 3633 2797 μᾶλλον
3656 2726 3718 2780 δε

2119 2806 2348 2879 χαίρων,
2386 2809 2764 2881 ἐννοούμενος,
2792 2811 2898 2866 τίνι
2935 2814 3209 2888 συντάττῃ
3238 2816 3407 2887 χορῷ,
3455 2817 3552 2870 καὶ
3589 2817 3718 2870 τίνα

2116 2901 2421 2971 κορυφαῖον
2454 2900 2601 2974 ἔχεις
2624 2944 2640 2971 ,
2673 2904 2812 2975 πρὸς
2862 2907 3045 2960 πᾶσαν
3095 2908 3367 2979 ἐπιφορὰν
3404 2908 3712 2980 δυσχερῶν,

2116 2994 2184 3048 ἄν
2201 3012 2262 3047 τε
2290 2995 2548 3067 δαίμονες
2569 2990 2695 3065 ὦσι,
2721 3000 2787 3054 ἄν
2801 3016 2860 3052 τε
2891 3003 3129 3071 μορφαῖς
3152 3002 3250 3057 ἀνθ
3259 3002 3461 3073 ρώπων
3474 3005 3715 3075 ὑποκρί-

2039 3119 2082 3180 c
2116 3086 2335 3158 νόμενοι
2364 3087 2629 3160 δαίμονας
2653 3092 2702 3145 οί
2739 3091 3134 3165 ἐπιτιθέμενοι.

2631 3448 2855 3504 ΕΡΩΊῊ
2864 3451 2965 3504 ΣΙΣ
2992 3453 3159 3510 ΡΛΔί.

2103 3521 2313 3588 Πόσας
2343 3519 2537 3592 ἀρχὰς
2578 3521 2674 3576 δεῖ
2694 3522 2865 3577 νοεῖν
2906 3522 3065 3592 ἡμᾶς
3110 3525 3220 3582 τοῦ
3269 3528 3550 3588 ἐνιαυτοῦ
3600 3534 3706 3591 καὶ

2809 3594 2983 3661 ποίας
3006 3614 3027 3662 ;

1457 3690 1604 3741 Edita
1630 3704 1656 3740 a
1678 3689 1807 3740 Maio
1841 3690 1994 3752 (Nov.
2032 3688 2156 3739 σου.
2184 3694 2221 3735 t.
2251 3686 2368 3750 I,.p.
2398 3686 2507 3747 127,
2537 3686 2670 3751 128).

482 3787 534 3843 1.
572 3785 706 3852 Quae
736 3784 804 3839 ad
850 3792 1131 3839 extremos
1164 3797 1342 3853 usque
1368 3781 1557 3837 mundi
1624 3780 1761 3836 ﬁnes
1815 3780 2002 3850 spicu-

409 3882 520 3935 lum
559 3894 722 3934 suum
777 3876 948 3930 Roma
990 3875 1294 3947 protendit,
1353 3875 1697 3946 proprizeque
1749 3872 2006 3944 potentia!

409 3971 705 4026 terminum
738 3969 889 4023 orbis
918 3978 1193 4023 terrarum
1238 3967 1467 4023 limitem
1497 3965 1643 4031 fecit,
1677 3966 1838 4022 sicuti
1902 3964 2005 4018 tri-

410 4063 512 4117 bus
540 4061 857 4116 nominibus
883 4060 1108 4131 gloriari
1135 4058 1297 4123 solet,
1337 4060 1419 4114 sic
1450 4058 1614 4113 etiam
1647 4059 1749 4112 tria
1794 4056 1999 4127 princi-

301 4208 305 4213 .
411 4160 497 4226 pia
528 4153 705 4224 spatio
734 4168 921 4207 annuo
958 4151 1233 4208 attribuit.
1264 4148 1331 4205 Et
1384 4148 1573 4204 Romae
1622 4148 1843 4219 quidem
1898 4163 2000 4200 no-

2180 3782 2251 3831 α’.
2297 3776 2365 3830 Ἦ
2403 3776 2505 3830 ὅσα
2545 3776 2642 3829 καὶ
2688 3776 2816 3845 ὅρια
2860 3772 2967 3847 γῆς
3022 3777 3084 3831 τὸ
3133 3778 3264 3851 δόρυ
3320 3784 3706 3852 παρατείνασα

2118 3872 2335 3943 Ῥώμη,
2384 3870 2482 3924 καὶ
2509 3870 2569 3923 τὸ
2601 3869 2804 3941 κράτος
2839 3869 3064 3934 δείξασα
3096 3871 3199 3942 τῆς
3233 3874 3564 3949 οἰκουμένης
3594 3882 3702 3948 μέ-

2104 3981 2258 4035 τρον,
2290 3962 2482 4032 ῶσπερ
2508 3962 2650 4016 τισὶν
2694 3962 2957 4033 ὀνόμασιν
2985 3962 3323 4032 ἀγάλλεσθαι
3356 3968 3467 4037 (Η)
3490 3970 3700 4040 χαίρει,

2106 4057 2253 4111 οὕτω
2268 4056 2364 4112 καὶ
2386 4058 2535 4128 τρεῖς
2558 4056 2735 4129 ἀρχὰς
2753 4058 2832 4130 τῷ
2857 4058 3175 4131 ἐνιαυσιαίῳ
3190 4061 3369 4134 χρόνῳ
3388 4064 3697 4134 χαρίζεται.

2116 4148 2389 4219 Ὀνόματα
2416 4147 2516 4219 μὲν
2544 4148 2638 4202 οῦν
2663 4151 2811 4203 ἐστιν
2840 4150 2977 4222 αὐτῇ
3006 4150 3317 4208 τελεστικόν
3342 4172 3403 4208 τε
3424 4159 3519 4211 καὶ
3542 4159 3702 4231 ἱερα-

409 4249 553 4301 mina
578 4255 707 4302 sunt
735 4244 1052 4317 mysticum,
1089 4258 1334 4309 sacrum,
1374 4241 1679 4312 politicum.
1712 4239 1998 4310 Mysticum

2120 4239 2257 4293 rtxdv
2277 4257 2290 4270 ·
2322 4239 2635 4293 τελεστικὸν
2654 4240 2979 4314 μὲνἈμωρ,
3009 4241 3040 4295 ὃ
3072 4245 3327 4314 σημαίνει
3344 4248 3492 4315 ἔρως
3511 4266 3525 4279 ·
3546 4251 3701 4319 ἱερα-

407 4354 609 4395 noinen
641 4348 723 4394 est
743 4339 965 4410 Ἀμωρ,
997 4350 1194 4407 nempe
1231 4350 1383 4389 amor
1405 4348 1424 4387 :
1459 4349 1680 4390 sacrum
1714 4330 1874 4387 Flora
1892 4339 1996 4392 est,

406 4436 550 4508 quod
581 4435 867 4491 ﬂorentem
910 4434 1186 4504 signiﬁcat
1229 4448 1243 4487 :
1286 4431 1573 4503 politicum
1610 4430 1806 4493 Roma,
1846 4425 1992 4498 quod

2108 4332 2262 4386 τικὸν
2281 4330 2338 4385 δὲ
2367 4331 2586 4402 Φλῶρα,
2612 4332 2890 4388 ἁνθοῦσα
2916 4332 2973 4387 δὲ
2998 4334 3157 4389 τοῦτο
3178 4338 3483 4409 παραδηλοῖ
3499 4357 3514 4370 ’
3542 4341 3699 4394 πηλι-

2112 4424 2269 4479 τικδν
2296 4425 2355 4478 δὲ
2400 4424 2614 4497 Ῥῶμα,
2642 4426 2781 4497 ὅπερ
2810 4427 3326 4501 ἁντιστρεφόμενον,
3361 4432 3443 4494 είς
3484 4433 3585 4502 τὴν
3606 4452 3700 4487 τε·

405 4529 689 4585 conversis
724 4527 925 4583 litteris
976 4528 1031 4583 in
1073 4525 1368 4597 mysticum
1429 4539 1629 4580 nomen
1667 4522 1879 4577 recidit.
1934 4518 2000 4573 Et

2120 4520 2363 4590 ιεστικὴν
2395 4520 2793 4590 σχηματίζεται
2827 4519 2973 4587 λέξιν
3005 4522 3139 4592 (15).
3181 4523 3340 4595 Ἐξῆν
3372 4525 3473 4596 μὲν
3511 4526 3606 4580 οὖν
3634 4531 3699 4581 τὸ

405 4637 627 4678 sacrum
678 4619 900 4690 quidem
969 4618 1171 4674 licebat
1203 4618 1270 4673 ad
1322 4616 1471 4687 vulgi
1520 4617 1686 4671 etiam
1751 4613 1999 4669 notitiam

400 4715 592 4771 efferre
619 4731 633 4768 :
662 4726 855 4767 verum
870 4711 915 4765 si
939 4712 1065 4782 quis
1086 4712 1342 4766 sacerdos
1357 4708 1645 4779 mysticum
1674 4704 2007 4772 divulgavis-

2110 4612 2388 4681 ἱερατικὸν
2416 4612 2510 4666 καὶ
2553 4610 2633 4683 τῷ
2681 4612 2879 4685 πλήθει
2913 4614 3226 4669 κοινοῦσθαι
3244 4635 3259 4649 ο
3287 4616 3348 4671 τὸ
3372 4618 3429 4672 δὲ
3455 4620 3700 4675 τελεστι-

2116 4704 2212 4757 κὸν
2257 4705 2287 4756 ό
2340 4702 2608 4767 κοινώσας
2653 4704 2762 4757 τῶν
2818 4705 3009 4777 ἱερέων
3039 4708 3278 4778 ἐσχάτην
3337 4712 3529 4782 ποινὴν
3579 4713 3699 4766 εἱσ-

402 4818 508 4870 sul,
544 4817 720 4873 poena:
754 4775 981 4873 capitali
1014 4803 1178 4856 fiebat
1218 4775 1516 4855 obnoxi-us.
1554 4797 1757 4853 Tribus
1812 4797 1999 4865 igitur,

2120 4794 2347 4866 ἔπραττε
2367 4795 2504 4866 (16).
2521 4796 2716 4866 Τρισὶν
2739 4796 2833 4850 οὖν
2852 4775 3135 4867 όνόμασιν,
3150 4775 3339 4872 ὥσπερ
3356 4775 3587 4874 ἔφημεν,
3612 4824 3700 4859 τι·

403 4909 463 4952 ιιι
496 4898 760 4964 diximus,
811 4904 1005 4950 ornata
1042 4893 1355 4950 nominibus
1388 4892 1586 4955 Roma,
1630 4890 1733 4945 tria
1782 4902 2002 4959 quoque

402 4992 561 5047 initia
596 4990 829 5060 tempori
860 5003 1047 5044 annuo
1070 5003 1128 5044 se
1161 4987 1341 5041 facere
1373 4986 1731 5057 gloriabatur,
1765 4997 2000 5054 quorum

478 5107 525 5139 ’⁵³
577 5105 711 5164 Luc.
752 5124 889 5175 sx",
918 5106 988 5162 65
1022 5123 1137 5177 seq.
1218 5106 1261 5137 “
1301 5105 1433 5160 ibid.
1467 5104 1555 5158 65.

2110 4886 2341 4957 μωμένη
2367 4887 2461 4940 καὶ
2488 4887 2667 4957 τρισὶν
2691 4888 2890 4959 ἀρχαῖς
2917 4889 3007 4943 τὸν
3030 4890 3303 4945 ἐνιαύσιον
3336 4894 3698 4965 σεμνολογου-

2117 4984 2253 5050 μένη
2287 4978 2500 5051 χρόνον,
2550 4979 2647 5051 τὴν
2678 4981 2778 5052 μὲν
2816 4982 2994 5038 αὐτῶν
3048 4984 3331 5056 ἱερατικὴν
3360 4988 3568 5056 ἐκάλει,
3596 4991 3704 5062 τὴν

1928 5192 2161 5250 NOTAE.

470 5297 583 5367 tu)
616 5294 853 5351 Verbum
888 5295 1222 5364 ἀγάλλεσθαι
1265 5293 1655 5365 superadditnr
1704 5291 1850 5345 haud
1883 5294 1996 5347 scio

404 5369 927 5444 quauineccssario.
1125 5435 1224 5444 ,Α
1324 5437 1356 5444 __
1514 5435 1525 5444 _
1639 5431 1676 5444 η
1925 5434 1934 5444 _

500 5439 592 5509 15)
616 5436 951 5509 Erythraeos
988 5437 1133 5508 apud
1188 5435 1457 5491 Ortelium
1512 5435 1565 5489 in
1634 5431 1825 5509 Geogr.
1890 5434 1996 5487 ait:

416 5528 433 5559 ι
473 5506 848 5578 Τιὶρὶοιίιτὶιί
886 5506 1073 5563 ιὶοῐιιὲε
1106 5508 1278 5563 fuisse
1324 5522 1521 5561 nomen
1552 5506 1831 5575 proditum
1871 5516 1949 5559 est
1982 5522 1997 5570 ;

404 5577 703 5634 unumhoc
727 5594 837 5648 quo
877 5581 1083 5633 utimur
1110 5579 1486 5648 pervulgatum
1523 5577 1800 5643 ;alterum
1851 5581 1997 5644 quod

410 5665 674 5704 arcanum
703 5650 825 5713 fuit,
848 5654 992 5705 unde
1020 5650 1356 5720 Amaryllida
1386 5664 1567 5711 suam,
1595 5662 1993 5720 quaeamorem

406 5722 629 5791 proprie
654 5722 944 5791 signiticet,
998 5723 1049 5775 in
1107 5717 1401 5775 Bucolicon
1457 5733 1679 5791 carmen
1735 5717 1995 5785 Virgilius

406 5788 676 5862 detorsit;
709 5788 930 5849 tertium
969 5793 1259 5849 sacrificiis
1296 5788 1654 5857 debituin,de
1688 5804 1796 5858 quo
1824 5803 1991 5842 voca-

2105 5290 2294 5343 bulum
2319 5288 2601 5345 iloralibus
2634 5292 2986 5360 impositum;
3012 5291 3156 5360 quod
3181 5291 3705 5351 AnthusamGrzcce

2104 5360 2501 5431 Philadelphus
2542 5361 2963 5431 interpretatur.
3019 5377 3047 5413 a
3084 5378 3194 5430 quo
3232 5364 3347 5417 haec
3401 5365 3700 5420 discimus.

2104 5432 2157 5486 Id
2194 5443 2249 5485 tu
2280 5429 2473 5502 Lati_ne
2518 5433 2602 5485 vel
2634 5429 2932 5501 ﬂorentem,
2964 5434 3045 5486 vel
3084 5429 3265 5502 aptius
3296 5432 3533 5489 fortasse
3560 5436 3701 5489 Flo-

2104 5511 2339 5565 ramaut
2370 5499 2707 5574 Florentium
2762 5512 2958 5557 vertes.
3006 5499 3134 5556 Sub
3183 5506 3537 5574 Amaryllidis
3589 5526 3699 5560 no-

2106 5574 2253 5627 miue
2274 5587 2401 5643 eam
2442 5572 2729 5643 Virgilium
2762 5574 3077 5629 describere
3100 5572 3379 5629 adnotavit
3405 5576 3656 5631 Servius.
3676 5600 3696 5631 ι

2178 5643 2393 5715 (Nilne
2419 5658 2626 5699 arcano
2670 5645 2859 5707 Romae
2914 5646 3138 5700 nomine
3169 5647 3467 5715 loquuntur
3500 5646 3702 5704 Verius

2102 5714 2247 5838 399d
2273 5714 2533 5782 Festum;
2568 5715 2813 5782 Solinus,
2857 5732 2981 5787 cap.
3013 5717 3073 5783 l;
3120 5714 3347 5774 Servius
3380 5719 3447 5772 ad
3481 5717 3617 5775 Eu.
3654 5738 3700 5786 ι,

2150 5804 2166 5837 ι
2216 5821 2229 5837 ο

2150 5804 2229 5837 ιι.
