3908 6214
385 211 492 275 739

1539 202 1802 265 PHOTII
1842 168 2348 260 PATRIARCH/E
2370 194 2476 253 CP.

3526 185 3646 249 740

382 318 525 372 enim
553 315 793 370 instante
850 312 1201 379 necessitate,
1254 312 1518 368 tributum
1575 328 1801 383 prorsus
1847 325 1957 364 non

2069 305 2333 371 διένειμεν
2350 301 2572 363 ἀλύπως
2601 301 2713 362 τοῖς
2739 295 3225 369 φορολογουμένοις
3248 294 3311 346 τδ
3336 292 3607 363 ἀνάλογον
3631 310 3653 327 ο

382 409 737 480 exigebatur;
761 408 854 463 sed
885 408 975 462 uni
1006 408 1362 478 sibiquisque
1379 406 1621 477 agricola
1652 405 1954 462 laborabat.

385 501 571 571 Itaque
598 501 666 554 ab
695 501 1016 569 imperando
1040 500 1318 570 sigillatim
1344 502 1576 557 subditis
1605 501 1806 556 tributo
1864 513 1961 552 na-

381 600 470 645 cta
493 601 576 645 est
607 605 805 644 nomen
831 590 1159 661 ἐπινέμησις
1190 590 1318 645 anni
1341 591 1618 661 periodus.
1672 588 1779 655 Qui
1832 602 1961 642 vero

382 698 412 736 a
437 682 661 737 victoria
686 683 752 736 ad
790 684 1007 736 Actium
1035 681 1387 738 indictionem
1414 682 1749 752 conﬁngunt,
1768 681 1962 734 duram

381 776 571 830 auditu
603 784 658 830 et
687 775 794 830 Iide
826 776 1061 830 alienam
1090 774 1343 830 vocabuli
1363 775 1627 845 originem
1668 774 1719 828 vi
1765 787 1961 843 procu-

382 870 540 923 dunt.
573 867 675 923 Sed
708 878 886 923 tamen
914 867 1050 933 hzec,
1079 875 1245 937 prout
1284 865 1548 921 memoria
1582 865 1713 919 mihi
1762 878 1963 934 suppe-
1992 874 1996 878 '

381 961 575 1015 ditavit
608 960 675 1014 ad
708 969 856 1014 tuam
891 959 1375 1030 interrogationem
1431 957 1575 1012 dicta
1623 957 1753 1011 sint.
1805 954 1961 1021 Quod

382 1053 507 1107 situ
553 1066 618 1106 ex
655 1062 749 1105 tuo
795 1050 1008 1104 diutino
1038 1048 1285 1103 historiae
1310 1047 1493 1103 studio
1556 1047 1809 1101 haustum
1859 1046 1961 1099 ali-

383 1144 509 1215 quid
546 1142 679 1197 mihi
714 1142 1027 1212 protuleris,
1059 1141 1329 1211 dietisque
1360 1140 1499 1194 meis
1550 1137 1846 1201 addideris,
1905 1136 1957 1190 id

381 1237 517 1292 mihi
546 1233 1012 1305 jncundissimum
1048 1231 1166 1287 fore
1194 1233 1352 1286 scito.

2059 399 2155 451 καὶ
2183 397 2304 450 τότε
2338 397 2428 448 ὅτε
2473 392 2631 464 χρεία
2686 391 2891 455 ἐκάλει,
2946 387 3177 459 μηδενὸς
3227 386 3285 440 δὲ
3333 388 3487 449 ὄντος
3545 387 3653 441 τοῦ

2064 486 2407 559 βιαζομένου,
2438 484 2547 537 οὐδ’
2577 483 2713 544 ὅλως
2733 484 2762 535 ὁ
2792 481 2956 551 φόρος
3004 478 3329 551 ἐπράττετο,
3377 479 3495 533 ἀλλ’
3528 480 3656 548 ἐγίο

2062 597 2183 634 νετο
2210 578 2399 649 κέρδος
2425 578 2454 629 ὁ
2486 576 2645 639 πόνος
2667 575 2787 637 ὅλος
2819 576 2932 637 τοῖς
2958 572 3369 642 γεωργήσασιν.
3423 572 3514 638 Ἐξ
3540 568 3646 625 ubi:

2062 673 2156 726 τοῦ
2190 670 2541 742 διανέμεσθαι
2596 671 2709 731 τοῖς
2757 666 3018 738 ὑπηκόοις
3076 664 3176 736 τὴν
3229 664 3507 731 σύνταξιν,
3538 664 3647 735 τὴν

2065 764 2382 835 ἐπωνυμίαν
2421 762 2578 833 ἔσχεν
2620 763 2654 832 ή
2681 759 2776 813 τοῦ
2805 757 3056 812 ἐνιαυτοῦ
3098 756 3346 829 περίοδος
3388 759 3656 827 ἐπινέμη-

2066 874 2171 921 σις.
2200 857 2263 911 Οἱ
2290 856 2335 908 δ’
2364 855 2473 909 ἀπὸ
2486 854 2586 924 τῆς
2604 853 2733 923 περὶ
2756 853 2978 904 ’Δκτιον
3004 850 3162 919 νίκης
3195 850 3295 921 τὴν
3325 848 3649 903 ίνδικτιῶνα

2065 950 2526 1021 συμπλάττοντες,
2556 946 2637 1009 είς
2662 944 2724 997 τὸ
2755 943 3137 1016 λυπηρότατόν
3168 960 3229 996 τε
3272 946 3340 1015 τῇ
3372 945 3514 1013 ἀκοῇ
3548 942 3656 996 καὶ

2064 1042 2284 1105 πειθοῦς
2316 1040 2552 1110 ἀπέσχον
2575 1036 2795 1093 δοκοῦσί
2828 1054 2919 1108 μοι
2955 1035 3051 1102 τὴν
3073 1036 3217 1101 λέξιν
3264 1034 3653 1098 ὲκϐιάζεσθὲιι.

2078 1134 2239 1188 ⁹Αλλά
2268 1134 2378 1205 γὰρ
2410 1130 2584 1187 ταῦτα
2631 1131 2732 1203 μὲν
2786 1130 2932 1184 κατά
2965 1127 3026 1181 τὸ
3060 1130 3352 1199 πρόχειρον
3385 1128 3482 1198 τῆς
3514 1127 3644 1197 μνήο

2068 1246 2175 1297 PJK
2224 1227 2354 1297 περὶ
2382 1219 2457 1279 ὧν
2485 1225 2784 1299 ἠρώτησας
2838 1220 3076 1291 ἀπεδόθη
3097 1238 3110 1252 ⁸
3144 1223 3193 1272 εἰ
3217 1220 3276 1273 δέ
3320 1237 3373 1273 τι
3420 1220 3517 1273 καὶ
3546 1219 3658 1287 τῆς

356 1328 625 1400 ιπερὶτὴν
652 1324 892 1396 ἱστορίαν
922 1322 1144 1393 βαθείας
1164 1323 1357 1392 σχολῆς
1419 1321 1859 1392 ἀνελκυσάμενος
1912 1318 2221 1384 ἐπιδείξεις,
2252 1319 2350 1372 καὶ
2406 1320 2518 1380 τοῖς
2574 1317 2889 1390 εἰρημένοις
2945 1311 3263 1385 προσθείης,
3333 1312 3427 1367 καὶ
3491 1311 3659 1365 τοῦτο

356 1428 514 1498 ἑήμῖν
542 1422 897 1494 χαριέστατον
922 1418 1099 1474 ἔσται.

360 1537 709 1607 {QUESTIO
733 1535 1000 1594 CXXXV.
1057 1535 1251 1608 [CoisL
1291 1532 1495 1588 CLVII.
1552 1530 1712 1586 Taur.
1761 1527 1966 1600 CLVI.j

2601 1524 2932 1577 ΕΡΩΤΙΙΣΙΣ
2960 1526 3131 1581 ΡΛΕ’.

360 1618 573 1687 {Nonne
622 1632 731 1686 haec
793 1630 1158 1683 contradicunt
1191 1628 1291 1682 sibi
1346 1625 1565 1679 invicem
1598 1638 1616 1677 :
1650 1641 1668 1674 ι
1705 1621 1893 1691 Siquis
1923 1630 1971 1674 te

2074 1617 2208 1684 Πῶς
2237 1618 2350 1691 οὐκ
2377 1615 2549 1691 ἔστιν
2569 1616 2856 1691 ἐναντίον
2888 1616 2953 1668 τὸ
2979 1616 3201 1691 λέγειν·
3235 1637 3253 1670 t
3292 1620 3435 1691 Ἐᾳν
3452 1620 3545 1686 τίς
3568 1634 3655 1673 σε

450 1685 765 1772 percusserit
798 1705 853 1755 in
883 1700 1161 1772 mugillam
1188 1698 1455 1772 deptram,
1510 1704 1647 1772 v_e_rte
1678 1695 1760 1746 illi
1790 1685 1839 1772 et
1878 1692 1972 1772 ol-

2137 1690 2373 1772 ριέπίσῃ
2397 1688 2495 1772 ἐπὶ
2523 1687 2656 1772 τῂγ-
2671 1685 2881 1749 δεξιὰν
2908 1688 3186 1772 σιαγόνα,
3232 1689 3501 1772 στρέψον
3525 1685 3655 1772 7ᾳύ-

455 1757 657 1836 ieram;
699 1791 718 1824 ι
753 1782 808 1827 et
838 1791 851 1825 :
898 1788 916 1821 ι
955 1770 1014 1825 Si
1048 1778 1223 1823 autem
1271 1768 1419 1831 bene,
1443 1757 1576 1836 ’quid
1607 1780 1687 1818 me
1708 1762 1917 1819 ca’dis‘?
1946 1780 1964 1813 ›

2139 1757 2229 1881 ἒὲῖ)
2258 1758 2356 1811 καὶ
2389 1757 2502 1826 τὴν
2540 1758 2761 1826 ἄλλην.
2802 1774 2820 1807 ι
2854 1785 2921 1795 —
2953 1775 2972 1808 ι
3010 1761 3079 1811 Ei
3123 1759 3192 1811 δὲ
3215 1757 3430 1826 καλῶς,
3482 1762 3541 1815 τί
3566 1777 3659 1832 με

2200 1845 2368 1898 patr;
2406 1847 2425 1880 ι

2349 1870 2364 1893 θ

384 1994 639 2047 Editarum
668 2007 695 2043 a
731 1991 910 2042 Wolﬁo
926 1990 1114 2041 decima
1134 1993 1274 2040 sexta
1299 1987 1447 2056 (ραι-ν..
1480 1983 1658 2056 P_Itilot.
1693 1992 1729 2034 t.
1750 1983 1812 2056 γ,
1844 1984 2151 2056 ρ.“7ίι8ς758.
2175 1984 2423 2056 _§alland.
2460 1982 2755 2056 ΒίὸίὶοιΙι.)ζ
2782 1986 2916 2049 XIII,
2948 2002 2997 2051 p.
3029 1988 3259 2048 729-732,
3282 2002 3335 2037 n.
3361 1989 3445 2051 32)
3478 2016 3542 2027 —-
3573 1991 3656 2041 De

1242 2048 1482 2112 antilogia
1511 2047 1645 2099 inter
1673 2052 1865 2096 textum
1892 2047 2061 2096 Matth.
2089 2060 2135 2109 v,
2174 2047 2236 2097 39
2269 2056 2321 2098 et
2345 2050 2488 2098 Joan.
2531 2063 2669 2111 xvtn,
2694 2051 2771 2100 25.

462 2191 621 2247 Levis
680 2196 998 2259 pacataque
1060 2185 1498 2242 conversationis
1546 2183 1964 2238 fundamentum

379 2285 593 2354 jaciens
656 2278 926 2346 Salvator,
962 2278 1215 2349 praieepti
1265 2278 1441 2332 instar
1493 2274 1774 2329 inculcat:
1842 2292 1861 2326 ι
1901 2271 1966 2328 Si

387 2377 514 2447 quis
541 2385 591 2429 te
616 2373 949 2444 percusserit
982 2369 1037 2423 in
1060 2368 1339 2423 maxillam
1372 2366 1677 2431 dexteram,
1707 2374 1856 2420 verte
1882 2364 1964 2418 illi

386 2478 443 2524 et
492 2468 719 2522 alteram
748 2464 860 2529 ⁸⁸’;
898 2481 917 2514 ι
955 2463 1071 2531 ipse
1098 2476 1249 2527 vero,
1280 2459 1350 2514 ab
1400 2458 1716 2516 hominibus
1772 2455 1967 2510 tttaxil-

389 2555 496 2609 lam
532 2552 761 2607 alteram
816 2566 1134 2622 percussus,
1191 2562 1291 2620 pro
1322 2564 1390 2604 eo
1440 2548 1587 2620 quod
1628 2547 1849 2602 alteram
1890 2545 1967 2601 illi

389 2655 642 2713 verteret,
667 2644 987 2713 respondit:
1026 2661 1045 2695 ‹
1078 2642 1217 2709 Quid
1239 2657 1327 2697 me
1354 2643 1518 2699 caedis
1550 2641 1636 2696 “1’
1676 2660 1695 2693 ›
1729 2640 1804 2695 Ita
1838 2653 1968 2695 vero

387 2739 520 2809 egit,
566 2753 675 2792 non
720 2753 873 2805 sane,
908 2736 1072 2807 quasi
1103 2735 1511 2791 inconsiderate
1559 2745 1615 2791 et
1653 2735 1829 2789 obiter
1891 2734 1964 2787 ita

387 2830 519 2883 olim
569 2828 885 2899 cogitasset,
943 2835 1000 2882 et
1057 2841 1204 2881 nunc
1255 2840 1423 2896 opere
1484 2825 1605 2895 ipso
1654 2837 1964 2879 sermonem

389 2936 550 2976 suum
590 2929 876 2976 everteret.
926 2917 1041 2974 Imo
1072 2933 1202 2973 vero
1240 2920 1345 2975 hoc
1388 2919 1505 2988 ipso
1553 2916 1701 2971 facto
1741 2915 1965 2971 verbum

389 3012 523 3066 illud
548 3025 708 3064 suum
740 3009 927 3079 potius
957 3008 1216 3063 astruxit.
1249 3006 1385 3061 Nam
1417 3006 1492 3061 ibi
1554 3006 1774 3076 quidem
1831 3020 1968 3075 prae-

388 3114 605 3175 ceptum
632 3104 748 3174 ejus
774 3111 995 3158 mutuas
1056 3100 1287 3171 injurias
1344 3100 1618 3172 prohibet,
1683 3114 1778 3169 per
1827 3114 1967 3169 quas

387 3198 668 3254 contentio
695 3197 749 3251 in
776 3196 1050 3251 inﬁnitum
1070 3195 1393 3265 producitur
1425 3211 1439 3248 :
1469 3193 1705 3263 ideoque
1729 3206 1761 3245 a
1790 3192 1965 3261 prima

390 3306 629 3362 quoque,
657 3304 778 3360 qua:
812 3289 930 3343 ﬁeri
966 3296 1200 3358 poterat,
1231 3285 1645 3341 retributionem
1693 3283 1968 3339 abstinere

385 3384 562 3453 jubet.
614 3380 761 3436 Idem
790 3394 924 3435 vero
948 3379 1115 3435 etiam
1152 3392 1297 3432 nunc
1319 3376 1574 3431 faciebat.
1609 3372 1798 3444 Neque
1819 3374 1965 3429 enim

2140 2183 2426 2247 Πολιτείας
2476 2184 2687 2255 ἡμέρου
2744 2183 2837 2236 καὶ
2878 2182 3245 2236 ἀστασιάστου
3272 2181 3513 2253 κρηπῖδα
3535 2200 3654 2251 πη-

2067 2276 2201 2344 γνὺς
2232 2276 2261 2327 ὁ
2286 2275 2499 2346 Σωτὴρ,
2536 2294 2555 2327 ι
2605 2274 2731 2330 Ἐάν
2766 2275 2851 2339 τίς
2873 2292 2935 2329 σε
2970 2274 3179 2347 ραπίσῃ
3216 2275 3310 2328 ἐπὶ⁵
3339 2274 3439 2346 τὴν
3462 2274 3657 2341 δεξιάν

2070 2366 2321 2435 σιαγόνα,
2354 2366 2588 2437 στρέψον
2622 2366 2771 2437 αὐτῷ
2791 2368 2885 2421 καὶ
2905 2367 3005 2438 τὴν
3028 2367 3222 2438 ἀλλην,
3253 2385 3272 2418 ι
3298 2366 3397 2437 τὴν
3422 2367 3656 2436 ἐντολὴν

2066 2456 2271 2528 ταύτην
2327 2457 2727 2522 ὑποϐάλλεται,
2754 2457 2923 2521 αὐτὸς
2951 2456 3009 2510 δὲ
3050 2457 3297 2527 πληγὰς,
3334 2456 3433 2519 τὰς
3464 2455 3525 2520 ἐξ
3548 2456 3657 2509 ἀνι

2069 2548 2327 2620 θρὼπων,
2358 2550 2453 2603 ἐπὶ
2502 2551 2706 2622 κόρρης
2752 2548 2935 2603 λαϐὼν
2960 2549 3086 2603 ἀντὶ
3110 2547 3201 2603 τοῦ
3227 2548 3477 2619 στρέψαι,
3515 2567 3535 2599 ι
3575 2548 3655 2601 Τί

2070 2660 2138 2714 με
2164 2644 2342 2715 δέρεις
2370 2660 2385 2711 ;
2412 2664 2433 2697 ι
2466 2644 2764 2714 ἠμείψατο.
2794 2644 3096 2715 Οὐδαμῶς,
3129 2642 3205 2707 ὡς
3255 2642 3322 2697 ἂν
3347 2645 3426 2706 είς
3449 2642 3510 2695 τὺ
3535 2643 3653 2696 ἀπ-

2066 2736 2394 2806 ερίσκεπτον
2433 2735 2545 2807 (19)
2581 2735 2948 2808 περιτραπείη
2984 2735 3046 2788 τὸ
3089 2734 3383 2807 περίεργον
3414 2733 3528 2787 τῶν
3554 2734 3656 2787 λοο

2066 2831 2304 2900 γισμῶν,
2328 2833 2441 2894 τοῖς
2461 2830 2644 2902 ἔργοις
2668 2829 2760 2883 τὸν
2788 2830 2944 2898 λόγον
2965 2828 3078 2899 (20)
3100 2828 3651 2898 καταστρεψάμενος,

2065 2922 2268 2991 τρόπον
2319 2922 2376 2975 δέ
2438 2941 2561 2977 τινα
2611 2923 2811 2994 μᾶλλον
2860 2925 2965 2977 κάν
3002 2925 3069 2994 τῇ
3107 2922 3332 2995 τοιαύτῃ
3360 2921 3555 2993 πράξει
3574 2921 3656 2974 τὸ

2069 3013 2221 3083 ῥῆμα
2250 3011 2709 3086 βεϐαιωσάμενος.
2743 3016 2920 3069 Κάκεῖ
2948 3014 3047 3086 μὲν
3074 3014 3182 3086 γὰρ
3227 3017 3260 3085 ή
3321 3013 3655 3083 παραίνεσις

2064 3105 2165 3174 τὴν
2198 3104 2493 3174 ἀμοιϐαίαν
2530 3107 2805 3178 τιμωρίαν
2848 3109 3236 3179 περιέκοπτεν,
3276 3106 3346 3160 δι’
3373 3102 3439 3177 ἦς
3471 3106 3554 3168 είς
3572 3106 3652 3157 τὸ

2065 3195 2290 3267 ἄπειρον
2312 3199 2345 3266 ἠ
2373 3198 2561 3263 στάσις
2592 3199 2941 3270 προέρχεται.
2972 3199 3067 3251 Διὸ
3106 3198 3207 3268 τῆς
3260 3196 3482 3269 πρώτης
3511 3197 3654 3250 ἀντ·

2067 3287 2461 3356 επιχειρήσεως
2508 3287 2822 3353 ἐξίστασθαι
2869 3286 3168 3352 διετάξατο.
3204 3288 3317 3341 Καὶ
3355 3286 3449 3339 νῦν
3479 3285 3539 3339 δὲ
3574 3285 3651 3338 τὸ

2066 3374 2197 3428 αὐτὸ
2223 3376 2570 3449 διεπράξατο.
2596 3379 2670 3432 Οὐ
2698 3379 2806 3450 γὰρ
2838 3378 3054 3450 ἀμύνης
3098 3379 3243 3450 χειρὶ
3274 3378 3373 3449 τὴν
3408 3378 3651 3448 ῥαπίσαι

393 3476 585 3531 nltrice
618 3489 782 3528 manu
842 3473 1083 3544 injuriae,
1137 3487 1169 3527 a
1223 3469 1583 3542 percutientis
1649 3469 1741 3523 illa
1785 3466 1961 3534 facte,

2072 3483 2170 3520 σαν
2195 3468 2295 3538 τῆς
2322 3467 2533 3540 ὕϐρεως
2573 3468 2729 3540 δίκην
2772 3470 3158 3541 εἰσεπράξατο,
3214 3469 3551 3541 δικαιολογία
3580 3469 3650 3523 δὲ

390 3583 581 3641 ρωπος
604 3566 840 3637 repetiit,
889 3567 984 3621 sed
1019 3566 1076 3619 in
1110 3564 1190 3619 rei
1217 3562 1614 3633 indignitatem,
1639 3574 1819 3617 causa:
1847 3572 1962 3614 suae

388 3664 786 3736 patrocinatus,
820 3661 1006 3716 verbis
1038 3668 1248 3713 tantum
1276 3657 1679 3712 animadvertit.

456 3755 696 3826 Propius
741 3769 878 3809 vero
908 3752 1023 3818 illa,
1073 3766 1196 3822 quae
1251 3751 1355 3807 sibi
1395 3751 1627 3806 invicem
1660 3765 1963 3822 repugnare

389 3857 671 3920 putantur,
712 3845 785 3900 ita
819 3843 1278 3899 conciliabuntur.
1338 3842 1417 3897 Ibi
1450 3842 1657 3897 scilicet
1687 3841 1795 3896 illis
1817 3850 1964 3895 vetat

390 3939 669 4001 resistere,
727 3936 825 4006 qui
879 3936 934 3990 in
977 3950 1179 4004 corpus
1208 3944 1264 3990 et
1302 3949 1392 3999 ea,
1424 3948 1547 4004 quae
1590 3934 1734 3988 circa
1758 3947 1961 4001 corpus

390 4038 540 4095 sunt,
576 4028 812 4099 injurios
836 4042 898 4083 se
934 4036 1216 4098 praestant.
1272 4025 1375 4081 Hic
1404 4040 1534 4081 vero
1568 4024 1675 4080 nisi
1700 4024 1963 4079 crimina~

390 4123 623 4183 tionem,
680 4121 839 4190 quasi
903 4128 1238 4191 perverteret
1287 4128 1343 4175 et
1373 4118 1654 4174 seduceret
1688 4117 1961 4182 homines,

277 4218 281 4223 '
390 4227 529 4282 quos
566 4214 684 4282 ipse
725 4211 869 4266 male
912 4211 1132 4266 habitus
1160 4221 1306 4266 recte
1345 4210 1577 4266 ducebat
1599 4221 1653 4265 et
1689 4209 1960 4275 servabat,

390 4304 474 4358 vel
514 4303 695 4358 verbis
727 4303 939 4357 amoliri
968 4303 1318 4368 instituisset,
1353 4302 1572 4374 quando
1594 4301 1962 4358 calumniato-

389 4409 483 4450 res
506 4394 582 4449 illi
612 4410 713 4450 sua
744 4395 991 4466 colaphis
1017 4395 1237 4451 ﬁrmare
1260 4394 1567 4464 audebant;
1598 4395 1707 4451 illis
1741 4395 1959 4466 quidem

391 4487 620 4544 liberam
686 4487 1016 4543 criminandi
1077 4496 1398 4557 potestatem
1471 4486 1713 4556 fecisset,
1770 4494 1847 4553 et,
1905 4495 1962 4542 ut

390 4580 579 4651 pejora
631 4578 917 4647 auderent,
977 4589 1173 4635 auctor
1214 4578 1428 4647 fuisset,
1475 4594 1539 4636 se
1568 4579 1750 4650 ipsum
1777 4594 1962 4635 veroa

391 4669 663 4725 calumnia
712 4667 803 4723 illa
852 4679 909 4725 et
950 4669 1269 4735 mendaciis,
1331 4683 1455 4739 qua:
1487 4668 1652 4738 impie
1694 4668 1747 4724 in
1779 4668 1959 4739 ipsum

392 4762 736 4828 evomebant,
804 4761 1258 4817 non-liberasset.
1302 4758 1423 4817 ’Ubi
1467 4760 1634 4831 igitur
1674 4760 1816 4816 inter
1846 4760 1961 4817 base

2067 3558 2204 3633 μόνῃ
2232 3556 2492 3630 ῥημάτων
2514 3561 2610 3633 τὴν
2643 3561 2856 3616 ἀδικίαν
2880 3562 3178 3636 διήλεγξεν.

2144 3740 2361 3814 ’Λχθείη
2388 3741 2435 3795 δ’
2478 3742 2543 3796 ἂν
2575 3743 2903 3817 οἰκειότερον
2933 3747 3013 3810 είς
3060 3748 3380 3817 συμφωνίαν
3433 3746 3648 3818 μᾶλλον

2063 3832 2122 3886 τὸ
2147 3834 2402 3904 νομισθὲν
2443 3836 2931 3907 ἀντιφθέγγεσθαι,
2984 3840 3069 3894 ὅτι
3098 3840 3218 3893 ἐκεῖ
3243 3841 3342 3911 μὲν
3388 3844 3496 3904 τοῖς
3522 3842 3647 3897 ἀδι-

2064 3924 2249 3979 κοῦσιν
2265 3927 2344 3991 είς
2367 3926 2430 3980 τὸ
2451 3928 2612 3999 σῶμα
2635 3932 2731 3983 καὶ
2758 3934 2891 4003 περὶ
2921 3931 3083 4004 σῶμα
3108 3934 3183 4004 μὴ
3200 3932 3309 3986 δεῖν
3334 3935 3645 4005 ἀπείρηκεν

2064 4017 2509 4077 ἀντανίστασθαι.
2583 4022 2849 4076 Ἐνταῦθα
2887 4024 2944 4077 δὲ
3002 4025 3213 4096 πλάνης
3264 4028 3502 4097 γραφὴν,
3543 4028 3646 4080 καὶ

2065 4110 2269 4185 βλάϐης
2299 4110 2625 4183 ἀνθρώπων,
2658 4114 2750 4179 οὓς
2771 4116 2974 4189 ὡδήγει
3014 4135 3073 4171 τε
3107 4120 3201 4171 καὶ
3234 4118 3480 4183 διέσωζε,
3512 4118 3644 4172 διω-

2063 4205 2314 4276 κόμενος,
2384 4208 2434 4258 εί
2474 4206 2611 4278 μηδέ
2636 4210 2845 4280 ῥήμασι
2867 4211 3124 4283 διανέστη
3153 4212 3439 4278 λύσασθαι,
3468 4212 3502 4266 ἀ
3529 4230 3633 4268 κα-

2061 4298 2420 4363 τασκευάζειν
2476 4302 2591 4364 τοῖς
2660 4303 3005 4373 ῥαπίσμασιν
3066 4306 3115 4358 οἱ
3170 4304 3641 4375 συκοφαντοῦντες

2062 4390 2500 4463 ἐμηχανήσαντο,
2529 4393 2779 4460 ἐκείνους
2824 4395 2925 4467 μὲν
2947 4398 3029 4461 είς
3053 4397 3246 4465 ἄφεσιν
3276 4396 3512 4452 ἀπέλυεν
3542 4395 3639 4451 τοῦ

2063 4484 2433 4556 ἐγκλήματος,
2469 4486 2564 4539 καὶ
2597 4488 2733 4557 πρὸς
2761 4489 2963 4559 θράσος
2994 4488 3195 4560 μᾶλλον
3224 4488 3512 4562 ἐπέτριϐεν
3532 4490 3641 4560 τῆς

2062 4578 2429 4649 ἀνοσιότητος,
2459 4578 2622 4634 αὐτὸν
2650 4581 2707 4632 δὲ
2731 4581 2829 4652 τῆς
2861 4581 3227 4652 συκοφαντίας
3257 4584 3353 4637 καὶ
3379 4583 3475 4638 τοῦ
3503 4583 3641 4653 41:6-

2061 4668 2204 4734 δους,
2241 4669 2386 4739 ἅπερ
2416 4669 2581 4725 αὐτοῦ
2630 4671 2906 4738 δυσσεϐῶς
2966 4675 3248 4746 κατέχεον,
3300 4676 3403 4731 οὐκ
3436 4676 3504 4732 ἂν
3535 4676 3638 4739 τάς

2062 4761 2239 4826 αἰτίας
2274 4762 2564 4817 ἀπελύετο.
2603 4764 2713 4817 Ποῦ
2755 4766 3046 4839 τοιγαροῦν
3093 4771 3312 4824 ἐναντία
3366 4770 3560 4837 ταῦτα,
3597 4769 3633 4841 ἦ

392 4867 572 4922 pugna
601 4862 706 4919 est,
739 4861 794 4907 et
820 4852 1094 4922 quomodo
1123 4852 1226 4907 sibi
1262 4851 1645 4907 contradicunt
1691 4866 1708 4907 :
1747 4852 1961 4907 caeden-

2069 4853 2372 4923 μαχὸμενα,
2392 4852 2496 4909 Τὸν
2526 4855 2840 4927 ῥαπίσαντα
2880 4838 2958 4930 μὴ
2989 4860 3420 4935 ἀντιρῤαπίσῃς,
3463 4860 3556 4914 τὸν

392 4953 497 5000 tem
540 4953 592 5001 te
642 4960 711 5001 ne
743 4944 983 5002 vicissim
1020 4947 1225 5012 caedas;
1282 4954 1358 5011 et,
1414 4943 1463 5002 si
1492 4946 1616 5015 quis
1649 4944 1828 5000 dicam
1863 4944 1960 5000 tibi

391 5036 755 5116 seductionis'
786 5045 880 5091 aut
933 5038 1674 5109 improbitatislscripserit,
1727 5046 1822 5094 aut
1880 5047 1954 5106 te,

496 5218 568 5252 ⁸⁸⁴
595 5220 790 5290 Matth.
822 5239 876 5288 v,
907 5226 976 5280 59
1000 5243 1014 5291 ;
1042 5223 1170 5281 Luc.
1213 5243 1288 5292 vt,
1316 5226 1405 5281 29.

1516 5228 1561 5259 ⁸⁸
1587 5224 1743 5280 :Ioan.
1774 5242 1928 5292 xvm,
1960 5227 2051 5282 23.

2068 4945 2414 5017 γραφόμενόν
2446 4963 2505 5000 σε
2531 4947 2741 5021 πλάνης
2767 4952 2800 5021 ἢ
2829 4949 3201 5023 δυσσεϐείαςῆ
3230 4953 3330 5025 τὴν
3359 4953 3633 5023 σωτηρίαν

2065 5039 2442 5112 κηρύττοντα,
2501 5042 2579 5107 ὡς
2632 5044 2933 5117 εἰσηγητὴν
2969 5045 3268 5114 ἀπωλείας,
3314 5045 3502 5103 τοῦτον
3554 5047 3630 5117 μὴ

1902 5428 2129 5488 NOTAE.

466 5586 578 5661 αθ)
607 5586 815 5661 Sequor
829 5588 1084 5661 Atolbert.

460 5658 577 5729 (‘20)
615 5657 685 5713 ita
714 5659 894 5714 scribo
918 5674 1017 5730 pro
1040 5657 1156 5715 τῶν
1171 5659 1365 5730 λόγων,
1415 5657 1659 5731 quodest
1683 5663 1738 5717 iu
1769 5657 1944 5720 libris.

1125 5590 1217 5662 qui
1251 5591 1323 5643 ita
1374 5590 1665 5662 habetpro
1688 5590 2147 5662 εὐπερίσκεπτον.
