3908 6214
238 187 339 256 ’141

1174 188 1271 251 AD
1308 183 1901 252 AMPHILOCHIUM
1925 189 2269 262 QUIESTIO
2297 189 2561 251 CXXXV.

3372 190 3481 254 742

239 301 535 372 ἐπιτρέψῃς
564 297 739 355 ταῦτά
769 317 852 353 σοι
877 300 1199 369 περιάπτειν
1221 343 1235 365 ,
1275 302 1398 371 μηδ’
1431 302 1801 355 ὑποκατακλι-

1913 301 2097 356 salutis
2120 314 2450 371 prazconem,
2496 296 2756 371 perniciei
2794 299 3072 356 doctorem
3116 302 3481 372 pronuntiarit

240 394 352 458 θεὶς
390 392 525 465 (21),
580 393 861 463 μὴφωνῇ,
914 391 992 462 μὴ
1019 391 1256 445 διαθέσει
1294 393 1502 465 σιγώσῃ
1539 395 1650 464 (‘22)
1687 394 1809 463 μηδ’

238 486 395 540 ἄλλον
420 481 560 538 εἰναι
588 483 790 553 τρόπον
814 483 1101 549 ῦπαίτιος;
1139 483 1300 538 Ἀλλὰ
1322 484 1399 555 τῷ
1427 486 1525 555 μὲν
1546 485 1645 554 τῆς
1673 485 1810 556 ἀλη-

238 577 388 640 θείας
440 575 796 645 φιλοθεάμονι
838 574 960 628 οὐδὲ
994 576 1267 647 πρόφασιν
1304 575 1383 629 ἔτι
1427 577 1497 629 τὰ
1544 579 1810 647 εἰρημένα

236 667 694 738 ἀμφισϐητήσεως
725 667 1031 722 ὑπολείπει.
1062 670 1104 721 Τ
1108 668 1137 720 ὸ
1167 668 1247 732 δὲ,
1287 686 1306 719 ι
1340 669 1432 738 Μὴ
1451 671 1655 721 ποιεῖτε
1695 670 1805 740 (9.5)

235 761 333 831 τὴν
360 760 732 831 ἐλεημοσύνην
761 758 916 830 ὑμῶν
944 760 1252 831 ἔμπροσθεν
1280 757 1389 815 τῶν
1418 762 1741 834 ἀνθρώπων
1782 782 1801 817 ι

239 852 350 914 καί,
391 869 410 902 ι
452 851 517 903 Ὃ
543 852 689 903 ποιεῖ
722 851 757 917 η
792 850 942 917 δεξιά
987 868 1104 917 σου,
1144 853 1221 922 μὴ
1242 853 1438 921 γνώτω
1482 854 1518 924 ἡ
1542 854 1809 924 ἀριστερά

240 957 330 994 σου
349 956 363 971 ο
402 963 423 993 ο
452 940 568 1005 καὶ,
600 960 620 992 ι
652 934 822 995 Ὅταν
846 941 1137 1013 νηστεύῃς,
1170 943 1245 1014 μὴ
1274 943 1542 1015 σαλπίσῃς
1566 944 1808 1014 ἐμπροσ-

237 1032 326 1085 θέν
356 1050 471 1095 σου,
508 1032 699 1105 ὥσπερ
746 1035 793 1087 οἱ
841 1033 1157 1104 ὑποκριταὶ,
1221 1055 1242 1087 ι
1290 1032 1427 1107 πρὸς
1474 1038 1555 1103 τὸ,
1593 1057 1611 1088 ι
1651 1032 1807 1089 Οὕτω

235 1123 502 1193 λαμψάτω
534 1116 595 1177 τὸ
636 1123 752 1191 φῶς
787 1122 942 1193 ὑμῶν
991 1123 1302 1196 ἔμπροσθεν
1338 1127 1447 1180 τῶν
1508 1127 1802 1199 ἁθρώπων,

235 1216 379 1278 ὅπως
404 1212 557 1267 ῐδωσι
589 1213 659 1267 τὰ
710 1213 850 1266 καλὰ
875 1213 1029 1283 ὑμῶν
1060 1214 1227 1285 ἔργα,
1252 1217 1347 1269 καὶ
1398 1216 1667 1283 δοξάσωσι
1714 1218 1804 1272 τὸν

236 1304 454 1376 Πατέρα
488 1298 642 1375 ὑμῶν
670 1305 762 1358 τὸν
790 1306 848 1357 ὲν
878 1309 990 1369 τὸῖς
1041 1307 1315 1374 οὐρανοῖς,
1368 1327 1386 1359 ι
1423 1308 1678 1361 τοσοῦτον
1704 1310 1805 1361 ἁπ-

238 1401 348 1471 έχει
399 1399 496 1452 τοῦ
536 1398 803 1474 μάχεσθαι
849 1399 985 1467 (94),
1029 1397 1171 1451 ὥστε
1199 1399 1294 1451 καὶ
1327 1398 1424 1470 τὴν
1453 1401 1534 1453 ὃτι
1568 1400 1802 1469 μάλιστα

239 1491 558 1563 συμφωνίαν
590 1488 770 1561 κρίσει
790 1492 858 1560 τῇ
887 1492 994 1561 ἐμῇ
1026 1490 1451 1556 κατασκευάζει.
1487 1491 1673 1544 Κακία
1706 1492 1803 1561 μὲν

236 1584 342 1655 γὰρ
376 1584 410 1652 ἠ
434 1582 697 1647 ἐπίδειξις
721 1582 815 1636 καὶ
852 1581 913 1635 τὸ
944 1581 1181 1652 θηρᾶσαι
1226 1581 1340 1653 (25)
1371 1581 1555 1648 δόξαν,
1585 1582 1804 1652 νέμεσίν

1912 393 2064 447 illum
2108 392 2209 447 ista
2240 392 2338 447 tibi
2369 392 2667 463 impingere
2698 407 2765 446 ne
2797 393 3043 462 patiaris,
3095 407 3293 464 neque,
3352 397 3480 452 sub-

1910 485 2131 540 mittens
2189 496 2263 549 te,
2323 486 2406 540 vel
2439 501 2589 550 voce,
2642 484 2725 540 vel
2756 484 2967 540 silentis
2995 485 3204 552 habitu,
3257 488 3339 542 vel
3372 489 3481 546 ulla

1909 578 2013 631 alia
2052 576 2268 633 ratione
2317 593 2447 634 reus
2494 576 2669 647 culpae
2717 578 2970 647 videaris.
3032 577 3218 649 Itaque
3256 582 3483 636 cordan

1909 668 2106 739 cuique
2153 669 2398 725 veritatis
2462 672 2754 725 scrutatori
2791 687 2888 726 nec
2930 671 3151 725 minima
3189 672 3474 728 dubitandi

1908 776 2074 816 causa
2123 774 2190 817 ex
2224 762 2386 817 dictis
2418 762 2525 817 illis
2546 765 2928 818 subnascetur.
2989 762 3081 819 llla
3108 781 3236 820 vero
3267 764 3480 821 Domini

1907 851 2052 905 dicta
2105 868 2120 905 :
2186 872 2204 902 ι
2237 850 2314 906 Ne
2358 847 2574 908 faciatis
2624 853 2997 925 eleemosynas
3037 864 3248 911 vestras
3296 871 3481 912 coram

1908 942 2222 999 hominibus
2247 944 2328 1010 “;
2363 963 2381 996 ι
2440 955 2494 999 et
2553 963 2568 999 :
2633 961 2652 995 ι
2682 943 2814 1011 Qua:
2852 945 2984 1001 facit
3022 946 3242 1002 dextera
3267 957 3381 1013 tua,
3417 966 3483 1004 ea

1909 1047 2016 1086 non
2063 1032 2209 1086 norit
2259 1033 2481 1087 sinistra
2507 1040 2595 1088 tua
2622 1034 2665 1065 ‘7
2694 1053 2710 1099 ;
2744 1054 2764 1087 ι
2807 1045 2863 1090 et
2911 1056 2926 1092 :
2986 1054 3005 1089 ι
3038 1037 3093 1091 Si
3122 1038 3480 1107 jejunaveris,

1907 1138 1975 1177 ne
2024 1107 2282 1179 buccines
2329 1132 2456 1179 ante
2512 1135 2585 1189 te,
2643 1136 2701 1180 ut
2758 1127 3156 1199 hypocrita“;
3191 1149 3210 1182 ι
3271 1139 3482 1185 tantum

1905 1215 2078 1280 abest,
2127 1224 2186 1270 ut
2222 1231 2347 1270 cum
2393 1216 2503 1271 illis
2546 1236 2560 1272 :
2620 1237 2638 1270 ι
2664 1218 2741 1273 ita
2773 1220 2949 1275 luceat
2971 1221 3063 1275 lux
3096 1233 3270 1275 vestra
3293 1236 3478 1276 coram

1906 1304 2254 1371 hominibus,
2334 1314 2405 1360 uo
2442 1307 2584 1363 bona
2650 1319 2829 1365 vestra
2892 1326 3056 1381 opera
3114 1312 3373 1377 videant,
3428 1321 3486 1367 et

1906 1394 2122 1452 Patrem
2160 1406 2399 1452 vestrum
2432 1399 2485 1453 in
2511 1400 2918 1457 coelislaudent
2940 1402 2985 1435 ⁸⁸
3005 1443 3020 1467 ,
3054 1422 3074 1455 ι
3125 1414 3387 1475 pugnent,
3418 1416 3481 1459 ut

1908 1502 2034 1543 meo
2086 1490 2305 1560 quidem
2354 1491 2804 1560 judiciosecum
2838 1494 3067 1551 invicem
3109 1497 3323 1567 egregie
3345 1513 3480 1553 eon-

1907 1579 2139 1649 spirent.
2191 1580 2391 1637 Vitium
2410 1586 2560 1640 enim
2583 1594 2667 1641 est
2702 1589 2996 1644 ostentatio
3028 1590 3225 1655 omnis,
3281 1598 3337 1645 et
3399 1590 3483 1645 af-

237 1695 295 1731 τε
326 1677 422 1729 σὺν
441 1677 566 1748 δίκῃ
595 1676 689 1728 καὶ
708 1674 898 1745 ψόγον,
920 1675 983 1727 οὐ
1011 1675 1358 1745 γραφόμενον
1383 1674 1491 1727 ἀπὸ
1511 1672 1621 1727 τῶν
1647 1691 1805 1727 σπου-

1918 1668 2177 1726 fectatum
2232 1673 2421 1744 gloria:
2472 1676 2737 1745 studium,
2792 1677 3196 1750 vindictamque
3220 1688 3274 1735 et
3298 1696 3484 1751 repre-

242 1766 427 1833 δαίων,
460 1762 706 1818 κινοῦσα.
750 1763 815 1816 Ἦ
843 1763 902 1816 δὲ
925 1762 1072 1832 φυγὴ
1098 1763 1199 1831 τῆς
1226 1760 1531 1825 κενοδοξίας
1553 1765 1723 1833 ἀρετή
1752 1761 1813 1814 τέ

239 1862 385 1913 ἐστιν
416 1854 512 1911 καὶ
552 1853 752 1925 σεμνοῦ
780 1855 947 1927 ἤθους
977 1850 1207 1907 καὶτῶν
1244 1856 1478 1908 συνετῶν
1508 1852 1814 1924 ἀνθρώπων

236 1949 552 2003 ἀποτίκτειν
580 1941 725 2001 οἶδεν
750 1947 830 2009 είς
855 1946 989 2000 Θεὸν
1017 1945 1116 2017 τὴν
1154 1946 1504 2017 εὐχαριστίαν
1525 1988 1540 2012 ,
1569 1946 1653 1999 ὅτι
1688 1945 1811 2015 βλέ-

235 2058 396 2095 πουσι
426 2041 525 2111 μὲν
568 2038 894 2103 δοξοκοπίαν
924 2038 1362 2108 ἀτιμαζομένην,
1408 2037 1610 2107 ἀρετὴν
1639 2035 1697 2089 δὲ
1729 2054 1811 2089 τι-

238 2134 518 2205 μωμένην.
544 2132 670 2196 Πῶς
691 2130 784 2185 οῦν
820 2132 871 2184 οί
903 2130 1306 2201 ἐνδεικνύμενοι
1329 2132 1488 2197 δόξαν
1518 2129 1577 2195 ὲξ
1605 2128 1813 2200 ἀνθρώ-

236 2242 350 2276 πων
389 2223 689 2293 θηρῶνται,
719 2221 780 2285 ἐξ
825 2212 889 2273 οῦ
936 2220 1139 2292 μᾶλλον
1174 2220 1359 2285 αὐτοῖς
1387 2221 1582 2274 ἕπεται
1607 2219 1809 2290 ψόγοςς

235 2315 344 2368 Καὶ
385 2313 501 2378 πῶς
534 2304 795 2383 ἀπέχουσι
836 2312 929 2367 τὸν
962 2313 1154 2384 μισθὸν
1198 2314 1410 2379 αὺτῶν;
1460 2314 1562 2367 οὐκ
1611 2313 1719 2367 ἀπό
1749 2330 1812 2380 γε

232 2407 339 2459 τῶν
379 2405 642 2475 θεοφιλῶν
672 2406 767 2460 καὶ
808 2403 1110 2458 σπουδαίων
1132 2447 1147 2470 ,
1188 2406 1313 2469 τοὺς
1345 2405 1403 2471 δὲ
1438 2405 1666 2468 πολλοὺς
1709 2404 1805 2458 καὶ

232 2499 519 2568 ἀγελαίους
545 2497 656 2567 (‘26)
686 2496 1114 2561 διαπλανῶντες,
1142 2497 1237 2550 καὶ
1275 2497 1443 2567 μηδὲν
1473 2498 1635 2551 πλέον
1665 2497 1809 2567 έχον-

231 2596 334 2647 τας
359 2584 759 2653 διασκέψασθαι
788 2583 883 2637 τοῦ
915 2585 1268 2654 φαινομένου.
1308 2586 1373 2639 Εἰ
1415 2586 1595 2638 τοίνυν
1624 2586 1685 2639 τὸ
1722 2598 1814 2638 κε-

233 2674 446 2741 νόδοξον
472 2672 709 2745 φαῦλους
738 2676 908 2743 ποιεῖ,
936 2674 1031 2727 καί⁵
1062 2675 1161 2745 τὴν
1185 2674 1245 2740 ἐξ
1263 2674 1567 2746 ἀνθρώπων
1589 2678 1811 2748 νέμεσιν

234 2766 464 2835 ἐγείρει,
500 2765 540 2835 ’ἡ
572 2763 631 2817 δὲ
678 2762 870 2817 τούτου
918 2762 1066 2834 φυγὴ
1099 2764 1361 2819 τάναντία
1414 2764 1662 2835 πράττει,
1717 2767 1813 2820 καὶ

233 2857 360 2920 τοὺς
379 2856 823 2925 ἐπιεικεστέρους
842 2856 923 2917 είς
936 2854 1245 2924 δοξολογίαν
1267 2855 1402 2908 Θεοῦ
1422 2857 1810 2928 παραπέμπει,

1914 1762 2264 1831 hensionem,
2322 1781 2444 1835 qua:
2469 1767 2713 1838 alioquin
2747 1786 2809 1824 ex
2865 1770 3028 1826 rebus
3057 1772 3338 1842 praeclaris
3373 1788 3481 1829 non

1912 1857 2178 1924 nascitur,
2228 1859 2432 1914 excitat
2463 1877 2476 1913 :
2510 1874 2661 1915 vanae
2689 1876 2818 1916 vero
2848 1863 3035 1933 glorias
3077 1861 3203 1932 fuga
3230 1877 3283 1937 et
3311 1865 3485 1921 virtus

1911 1956 2015 2012 est,
2068 1957 2123 2001 et
2178 1948 2440 2006 honestos
2485 1952 2662 2015 decet,
2720 1953 3087 2023 cordatosque
3137 1954 3386 2011 homines
3416 1956 3482 2010 ad

1912 2040 2113 2109 gratias
2140 2039 2248 2095 Deo
2274 2043 2511 2110 agendas
2548 2056 2847 2112 permovet,
2882 2045 3101 2115 quando
3126 2046 3483 2101 ambitionem

1912 2133 2211 2198 contemni,
2259 2133 2518 2189 virtutem
2557 2148 2689 2189 vero
2736 2136 2792 2190 in
2838 2137 3011 2206 pretio
3056 2137 3244 2192 haberi
3279 2138 3481 2193 vident.

1913 2222 2197 2290 Quomodo
2231 2224 2412 2295 itaque
2431 2235 2768 2282 ostentantes
2795 2242 2854 2283 se
2876 2228 3104 2299 gloriam
3134 2228 3202 2283 ab
3240 2227 3450 2283 homini
3470 2260 3484 2272 -

1914 2314 2017 2370 bus
2083 2326 2462 2385 aucupantur,
2526 2318 2672 2373 unde
2730 2319 3062 2374 contumelia
3123 2321 3306 2390 potius
3375 2320 3484 2375 illis

1913 2407 2198 2464 nascitur?
2261 2407 2329 2463 Et
2360 2409 2634 2479 quomodo
2661 2408 2909 2464 referunt
2942 2412 3242 2466 mercedem
3286 2409 3484 2468 suam?

1912 2513 2022 2553 non
2053 2513 2185 2554 sane
2212 2499 2281 2553 ab
2315 2498 2652 2566 hominibus,
2689 2500 2799 2554 Deo
2830 2500 3012 2556 charis
3038 2512 3092 2556 et
3122 2502 3345 2557 virtutis
3371 2501 3485 2557 cul-

1913 2590 2147 2655 toribus,
2197 2591 2291 2645 sed
2319 2604 2350 2645 a
2383 2592 2545 2663 vulgo
2568 2601 2623 2647 et
2656 2593 2919 2664 gregariis
2949 2594 3286 2659 hominibus,
3320 2609 3484 2663 quos,

1915 2693 2175 2753 tauquam
2207 2691 2428 2738 externa
2471 2693 2683 2739 tantum
2724 2684 2974 2756 judicare
3021 2688 3287 2753 valentes,
3333 2688 3484 2743 deci-

1914 2776 2096 2844 piunt.
2166 2773 2324 2842 Quod
2381 2775 2430 2831 si
2490 2779 2673 2847 itaque
2712 2792 2867 2833 vanae
2898 2778 3085 2849 gloriae
3113 2779 3358 2834 studium
3381 2779 3484 2834 ho-

1915 2863 2092 2920 mines
2125 2866 2298 2921 malos
2329 2865 2510 2932 eﬂicit,
2547 2867 2940 2939 hominumque
2979 2869 3237 2924 invidiam
3285 2871 3484 2937 irritat,

236 2948 351 3011 πῶς
382 2948 506 3019 οὐχὶ
543 2948 870 3002 συστατικδν
897 2949 1216 3019 εὑρίσκεται
1250 2948 1450 3019 μᾶλλον
1469 2948 1564 3001 τοῦ
1593 2948 1705 3019 (27)
1735 2948 1805 3020 μὴ

1913 2955 2155 3022 ejusdem
2183 2972 2310 3013 vero
2336 2957 2463 3029 fuga
2502 2959 2820 3037 omniaalia
2849 2962 3128 3023 conciliat.
3157 2971 3209 3017 et
3250 2963 3484 3034 optimos

234 3039 662 3105 ἐπιδείκνυσθαι,
682 3039 817 3110 μηδὲ
837 3037 1138 3102 κενοδοξεῖν
1158 3039 1220 3091 τό
1239 3056 1253 3069 ⁸
1282 3058 1300 3090 ι
1336 3039 1521 3103 Οῦτως
1542 3039 1805 3109 λαμψάτω

1915 3063 2162 3116 quosque
2189 3049 2258 3102 ad
2311 3050 2480 3104 divini
2518 3034 2771 3106 Numinis
2803 3052 3009 3107 laudem
3039 3054 3247 3119 incitat,
3304 3071 3484 3111 nonne

232 3132 293 3186 τὸ
323 3132 439 3203 φῶς
462 3132 615 3202 ὑμῶν
645 3130 956 3202 ἔμπροσθεν
981 3130 1090 3184 τῶν
1118 3130 1424 3201 ἀνθρώπων
1448 3146 1463 3195 ;
1503 3150 1523 3184 ›

1915 3137 2119 3192 dictum
2167 3139 2298 3194 illud
2353 3159 2368 3193 :
2432 3140 2554 3197 clta
2590 3142 2865 3212 splendeat
2924 3145 3014 3198 lux
3065 3157 3247 3200 vestra
3297 3162 3484 3203 coram

236 3228 635 3295 hominibus“
698 3224 1083 3282 commendare
1125 3225 1227 3279 hoc
1310 3227 1367 3281 in
1417 3227 1611 3296 primis
1685 3228 2113 3300 existimabitur,
2178 3252 2248 3291 ne
2320 3238 2444 3306 quis
2521 3253 2581 3293 se
2635 3248 2871 3295 ostentet
2918 3252 2977 3295 et
3016 3258 3213 3296 vanam
3256 3244 3484 3314 gloriam

234 3317 574 3390 aucupetur?

313 3421 476 3476 Ἀλλὰ
501 3420 617 3485 πῶς
650 3420 851 3491 λάμψει
882 3420 944 3473 τὸ
974 3420 1089 3489 φῶς
1122 3418 1436 3490 ἔμπροσθεν
1458 3416 1568 3470 τῶν
1590 3416 1802 3485 ἀνθρώ.

234 3532 369 3579 πων,
398 3514 570 3585 μηδὲν
608 3512 716 3566 τῶν
744 3515 800 3565 ἐν
823 3516 1004 3583 κρυφῇ
1038 3510 1433 3582 πραττομένων
1474 3510 1800 3574 συνιέντωνς

232 3608 467 3680 Εἴρηται
501 3607 600 3678 μὲν
627 3607 749 3677 ἤδη.
777 3604 924 3676 Πλὴν
948 3603 1091 3659 οῦτω
1122 3603 1342 3675 μᾶλλον.
1374 3602 1434 3655 Ὀ
1458 3602 1566 3672 γὰρ
1594 3602 1803 3671 βλέπων

234 3697 293 3749 ἐν
318 3696 396 3768 τῷ
423 3695 654 3767 κρυπτῷ
702 3693 914 3765 Πατὴρ,
968 3693 1131 3755 αὐτὸς
1176 3692 1277 3761 τῆς
1314 3691 1463 3745 ἔνδον
1513 3688 1804 3761 ἀστραπῆς

232 3792 330 3859 τὴν
370 3787 569 3858 αἴγλην
636 3785 858 3847 δυνατός
888 3788 1037 3839 ἐστιν
1074 3785 1155 3844 είς
1187 3785 1249 3835 τὸ
1294 3781 1525 3852 φανερὸν
1568 3780 1803 3848 ὲναυγά-

236 3887 343 3928 σαι.
393 3874 606 3937 Ἀλλως
634 3887 694 3926 τε
732 3871 882 3926 δυσὶν
923 3871 955 3925 ὁ
1005 3871 1292 3933 σπουδαῖος
1341 3868 1803 3942 χαρακτηρίζεται

233 3964 489 4036 τρόποις,
544 3965 638 4019 καὶ
711 3965 833 4019 δυσὶ
896 3966 1136 4035 μάλιστα
1194 3962 1468 4036 γράφεται
1522 3960 1801 4031 χρώμασι,

234 4060 299 4129 τῇ
324 4057 435 4129 (28)
470 4056 593 4112 καθ’
627 4058 887 4128 ὁμοίωσιν
932 4052 1027 4110 τοῦ
1058 4057 1302 4110 Πλάστου
1351 4055 1562 4124 ἀρετῶν
1590 4052 1803 4125 αίρέσει

235 4149 330 4203 καὶ
355 4151 557 4215 κακίας
589 4154 757 4222 φυγῇ.
793 4150 858 4203 Ἡ
892 4150 993 4220 μὲν
1031 4144 1124 4203 οῦν
1153 4148 1253 4217 τῆς
1278 4147 1475 4209 κακίας
1510 4145 1656 4217 φυγὴ
1687 4142 1799 4217 (29)

233 4232 439 4307 λάμπει
471 4239 687 4301 πάντως
726 4237 1038 4309 ἔμπροσθεν
1068 4236 1177 4290 τῶν
1224 4235 1549 4306 ἀνθρώπων,
1572 4234 1679 4288 κᾶν
1694 4233 1803 4287 ἔσω

234 4341 316 4390 τις
348 4327 487 4399 (30),
520 4328 620 4398 ὅση
658 4329 920 4398 δύναμις,
962 4328 1174 4400 κατέχῃ
1218 4328 1320 4398 τὴν
1349 4327 1697 4398 λαμπηδόνα.
1728 4326 1802 4381 Τὸ

234 4415 342 4486 γὰρ
374 4418 453 4489 μὴ
483 4421 644 4490 χεῖρα
683 4420 852 4472 κακὸν
877 4415 1038 4481 εἶναι,
1078 4418 1153 4490 μὴ
1187 4420 1319 4490 περὶ
1348 4416 1529 4489 ῦδριν,
1562 4418 1639 4490 μὴ
1673 4419 1802 4489 περὶ

1983 3415 2272 3481 Quomodo
2330 3432 2461 3471 vero
2510 3420 2712 3475 lucebit
2762 3422 2854 3475 lux
2909 3438 3091 3476 coram
3145 3424 3480 3491 hominibus,

1913 3509 2004 3578 qui
2048 3507 2183 3561 nihil
2212 3523 2425 3573 eorum,
2485 3526 2606 3579 qua).
2635 3512 2691 3565 in
2731 3511 2965 3567 obscuro
2995 3526 3250 3583 aguntur,
3271 3518 3481 3586 perspi-

1907 3601 2099 3656 ciunt?
2159 3600 2217 3656 ιιι
2272 3602 2493 3672 quidem
2549 3603 2658 3674 jam
2690 3603 3000 3674 expositum
3026 3615 3129 3671 est,
3171 3606 3266 3661 sed
3301 3623 3368 3662 ex
3398 3624 3481 3663 se-

1908 3693 2201 3762 quentibus
2239 3695 2474 3762 amplius
2503 3695 2855 3766 intelligetur.
2917 3696 3078 3753 Pater
3122 3698 3350 3763 scilicet,
3383 3701 3481 3771 qui

1907 3784 2139 3838 obseura
2198 3786 2479 3856 perspicit,
2556 3787 2901 3857 splendorem
2950 3790 3098 3845 intus
3136 3790 3391 3847 latentem
3420 3792 3475 3847 in

1906 3871 2154 3942 apricum
2238 3872 2483 3944 proferre
2528 3885 2725 3944 potest.
2794 3875 3062 3933 Praeterea
3117 3894 3245 3935 vero
3302 3881 3479 3936 bonus

1906 3963 2139 4033 quisque
2190 3979 2259 4019 ex
2296 3965 2503 4021 duabus
2536 3966 2699 4023 rebus
2737 3968 3100 4038 cognoscitur,
3161 3982 3217 4029 et
3266 3973 3480 4028 duabus

1905 4055 2252 4125 potissimum
2315 4058 2459 4113 notis
2498 4059 2873 4128 distinguitur,
2938 4062 3066 4118 hinc
3109 4079 3176 4117 ex
3213 4064 3476 4120 virtutum

1905 4147 2108 4210 studio,
2164 4162 2276 4218 quo
2334 4149 2605 4205 conditori
2661 4154 2721 4205 tit
2774 4152 2993 4221 similis,
3046 4155 3176 4210 hinc
3227 4171 3293 4212 ex
3347 4155 3475 4227 fuga

1904 4236 2183 4293 vitiorum.
2241 4236 2361 4293 Jam
2386 4255 2514 4295 vero
2553 4242 2811 4298 vitiorum
2833 4243 2959 4316 fuga
2998 4262 3211 4317 semper
3232 4248 3479 4320 splendet

1906 4344 2092 4383 coram
2154 4331 2495 4397 hominibus,
2561 4334 2778 4391 etiamsi
2829 4337 2974 4407 quis,
3036 4339 3216 4408 quoad
3275 4350 3473 4410 potest,

1906 4424 2210 4494 lampadem
2243 4428 2384 4481 intra
2408 4444 2468 4483 se
2505 4431 2803 4486 contineat.
2865 4432 2924 4486 Si
2972 4434 3099 4502 quis
3121 4434 3268 4488 enim
3308 4450 3476 4491 manu

237 4510 513 4579 χρήματα,
547 4511 670 4581 μηδ’
688 4512 900 4584 ἀκρατῆ
927 4511 1180 4579 γλῶσσαν
1202 4512 1331 4580 περὶ
1359 4510 1637 4582 διαϐολὴν,
1668 4513 1797 4582 περὶ

1913 4533 2007 4571 non
2043 4518 2288 4574 abutitur
2333 4519 2477 4576 circa
2533 4523 2764 4591 injurias
2804 4533 2859 4579 et
2914 4527 3059 4581 circa
3087 4527 3476 4596 pecuniam;si

236 4597 446 4667 ὅρκους,
488 4604 617 4671 περὶ
641 4602 823 4671 ὃμοια,
858 4600 952 4654 καὶ
978 4599 1166 4663 ἁπλῶς
1202 4602 1261 4652 ὲν
1295 4602 1433 4654 πᾶσι
1461 4602 1572 4672 (51)
1605 4602 1796 4673 μηδενὶ

1902 4609 2101 4679 linguae
2163 4620 2428 4681 temperat
2493 4613 2640 4668 circa
2689 4615 3014 4682 calumnias,
3064 4617 3472 4689 jusjurandum,

305 4739 351 4772 ιι
378 4716 567 4797 Matth.
597 4758 672 4809 Vl,
711 4742 765 4796 ι.
798 4742 842 4781 ιτ
874 4740 1006 4797 ibid.
1041 4740 1097 4796 ε.
1131 4741 1175 4772 ιε
1209 4741 1342 4797 ibid.
1376 4743 1464 4798 ιδ.
1497 4742 1541 4775 ι’
1576 4742 1766 4802 Matth.
1796 4747 1966 4812 v,16.

1740 4918 1974 4981 NOTAE.

303 5036 416 5105 (2|)
442 5035 539 5091 Ms.
573 5036 1063 5106 ὑποκατακληθείς.

304 5106 413 5179 (ἓξ)
441 5106 516 5179 Ita
546 5115 694 5179 recte
719 5106 872 5161 Colb.
899 5124 999 5178 pro
1028 5106 1291 5179 στιγώσῃ.

303 5176 414 5243 (23)
449 5176 626 5231 Codex
654 5178 790 5232 alter
817 5176 1075 5234 ποιεῖται.

269 5245 411 5368 a(24)
473 5246 679 5319 Ἀνέχει
734 5248 827 5302 τοῦ
887 5248 1191 5319 μάχεσθαι,
1236 5245 1392 5304 Colb.
1449 5263 1550 5320 pro
1604 5246 1798 5318 ἀπίχε-

301 5332 374 5367 αι.

237 5329 374 5367 adat.

305 5386 414 5460 (ξεί)
440 5387 586 5460 [dem
610 5403 711 5460 pro
742 5387 917 5460 θήρης
945 5389 1059 5444 καί·

304 5456 414 5531 (26)
440 5458 530 5531 Sic
556 5456 737 5531 scribo
757 5456 854 5529 pro
872 5456 1097 5531 ’ἔχοντες
1120 5477 1132 5490 ·
1170 5460 1404 5517 refertur
1429 5460 1574 5517 enim
1602 5460 1668 5514 ad
1694 5472 1791 5512 vo-

235 5540 349 5581 eam
377 5527 682 5595 ἀγελαίους.

306 5595 523 5665 (θητοῦ
550 5599 743 5669 scripsi
764 5615 863 5669 pro
894 5600 975 5666 τό,
1033 5609 1090 5657 et
1137 5616 1261 5656 mox
1316 5601 1397 5669 τό,
1444 5616 1540 5671 pro
1570 5600 1684 5654 τοῦ.
1720 5598 1789 5654 Ita

1887 5037 2032 5090 enim
2068 5050 2263 5091 sensus
2283 5037 2456 5105 jubet.

1963 5108 2078 5176 (28)
2109 5109 2184 5161 Ita
2210 5110 2568 5177 scribendum
2598 5123 2699 5177 pro
2728 5108 2809 5162 τό.

1965 5174 2081 5249 ('29)
2105 5180 2139 5249 ή
2163 5176 2265 5249 μὲν
2296 5174 2393 5231 οὖν
2419 5179 2520 5248 τῆς
2551 5174 2746 5241 κακίας
2766 5182 2914 5249 φυγή
2934 5183 3107 5237 debeo
3132 5181 3466 5246 Colbertino,

1897 5264 2021 5317 quae
2068 5248 2232 5321 verba
2273 5264 2341 5303 ex
2376 5248 2735 5321 alteropmale
2765 5248 3086 5309 exciderant
3123 5254 3194 5307 ob
3223 5256 3469 5321 proxime

1901 5319 2227 5393 antecedens
2255 5335 2268 5371 :
2307 5320 2423 5393 3(4).
2450 5318 2651 5393 κακίας
2682 5323 2851 5393 φυγῇ.

1976 5388 2091 5459 (30)
2114 5387 2260 5461 idem
2295 5388 2450 5445 Colb.
2484 5406 2581 5461 pro
2606 5388 2769 5444 ὲσώὀ.

1970 5458 2082 5538 (3t)
2112 5458 2205 5515 Sic
2234 5458 2583 5520 scribendum
2617 5476 2716 5536 pro
2741 5462 2911 5538 πάσῃ,
2932 5472 2989 5523 et
3019 5480 3142 5521 mox
3173 5467 3344 5538 λαϐήν
3370 5479 3468 5536 pro

1900 5528 2102 5587 λαϐεῖν.

2442 5632 2481 5684 ,ἕ
