3908 6214
410 235 518 300 ria
552 196 555 201 ’

1564 243 1823 305 ΡΠΟΤΙΙ
1865 243 2365 305 ΡΑΤΒῙΑΒΟΠΛΞ
2391 245 2497 305 CP.

3553 236 3665 305 7H

409 357 463 403 et
512 346 674 418 hujus
717 350 933 419 generis
962 351 1105 416 alia;
1168 352 1215 408 si
1240 353 1472 424 denique
1497 356 1700 410 tntllam
1728 356 1976 425 cuiquam

2092 356 2362 428 μηδεμίαν
2391 357 2562 427 λαϐὴν
2592 356 2927 429 ἐμπαρέχειν
2949 371 2961 385 ο
2994 353 3169 408 ταῦτα
3190 358 3285 409 καὶ
3318 353 3385 409 τὰ
3413 356 3663 407 τοιαῦτα.

409 439 869 496 animadvertendi
933 446 987 497 in
1043 463 1099 499 se
1158 451 1500 503 occasionem
1555 453 1784 519 pra-bet;
1844 453 1977 517 haze,

410 533 656 601 inquam,
707 544 761 589 et
817 537 926 605 hic.
954 541 1174 607 similia,
1238 542 1421 598 invitis
1455 545 1616 598 etiam
1657 547 1834 611 nobis,
1862 548 1983 600 illuc

408 632 573 678 strem
609 632 664 679 ct
688 627 1052 684 clarissimam
1083 631 1259 686 lucem
1290 633 1571 688 hominum
1598 638 1771 693 oculis
1801 640 1981 693 olfun-

406 714 561 769 dunt.
616 716 763 771 Idem
791 720 897 776 hoc
926 721 1087 777 divus
1120 722 1342 789 Paulus,
1374 726 1660 781 Timotheo
1691 731 1979 784 sacerdotii

407 809 550 879 leges
575 810 877 877 inculcaus,
913 813 987 867 ait
1050 830 1064 868 :
1130 834 1148 866 ι
1179 813 1402 885 Oportet
1432 834 1559 872 vero
1580 819 1740 874 illum
1777 822 1979 876 bonum

407 902 778 956 testimonium
796 906 960 958 etiam
986 906 1054 959 ab
1081 909 1318 962 externis
1345 911 1623 967 habere".
1654 932 1672 963 ι
1713 914 1978 969 Vitiorum

405 1008 569 1061 porro
602 993 726 1064 fuga
754 996 934 1063 ellicit,
996 1009 1056 1052 ttt
1081 998 1284 1054 Judazis
1315 1011 1365 1055 et
1404 1003 1727 1071 gentilibus,
1781 1016 1837 1061 et
1884 1008 1980 1062 toti

402 1083 661 1142 Ecclesim
698 1089 905 1145 Christi
954 1107 1061 1146 non
1090 1092 1198 1148 siut
1228 1092 1552 1150 olfendiculo
1579 1097 1648 1152 ⁸¹.
1703 1097 1979 1169 Jejunium

402 1194 552 1243 vero,
606 1190 661 1236 et
710 1198 1009 1253 pauperum
1043 1186 1345 1253 miseratio,
1398 1189 1758 1262 lacrymasque
1788 1194 1981 1248 oculo-

404 1287 523 1325 rum
555 1282 609 1326 et
640 1274 848 1329 intenta
896 1280 1138 1347 precatio
1184 1281 1323 1335 clam
1356 1282 1468 1336 fieri
1521 1295 1741 1350 amant;
1789 1289 1979 1341 eadem

400 1378 533 1417 vero
563 1364 745 1419 itidem
776 1366 958 1437 fugam
1000 1371 1255 1426 vitiorum
1283 1374 1367 1428 sui
1393 1375 1597 1429 habent
1626 1377 1979 1447 interpretem

371 1456 569 1511 .altum
602 1457 951 1526 clamantem,
979 1473 1033 1517 et
1068 1479 1372 1534 prreconem
1406 1469 1695 1534 illustrem,
1726 1474 1979 1541 quando-

371 1546 618 1614 lquidem
652 1548 743 1603 illa
786 1551 1072 1607 hominum
1122 1557 1313 1612 oculos
1344 1559 1581 1627 primum
1608 1563 1981 1634 perstringens

362 1638 627 1695 tocculta:
667 1642 831 1695 etiam
873 1644 1091 1701 virtutis
1160 1648 1505 1717 Splendorem
1575 1669 1763 1708 secum
1810 1654 1977 1717 ferre,

397 1740 449 1785 et
470 1733 645 1788 oculis
669 1734 917 1804 ingerere
946 1741 1249 1794 consuevit.

470 1825 614 1878 Sunt
646 1841 776 1881 vero
816 1828 1004 1895 etiam,
1066 1843 1196 1885 sunt
1246 1832 1471 1888 virtutes
1510 1838 1801 1903 nonnulla},
1836 1853 1974 1908 quas

398 1917 455 1971 in
482 1917 723 1972 medium
758 1919 1029 1987 proferre,
1064 1922 1302 1977 maxime
1340 1942 1471 1979 vero
1524 1926 1666 1991 illos,
1724 1930 1817 1997 qui
1854 1931 1975 1984 aliis

400 2009 640 2079 praefecti
668 2020 817 2077 sunt,
854 2024 1087 2084 Oportet.
1122 2014 1398 2071 Justitiam
1431 2028 1583 2087 puto,
1614 2028 1668 2074 et
1692 2021 1972 2089 pietatem,

399 2118 702 2175 earumque
764 2106 1059 2170 vindicem,
1117 2106 1514 2177 fortitudinem,
1583 2112 1834 2184 aliasque
1866 2114 1976 2169 illis

400 2196 609 2252 affines.
659 2195 952 2268 Propterea
1008 2216 1110 2257 nec
1153 2201 1272 2257 illas
1323 2202 1581 2259 Scrvator
1632 2206 1686 2259 in
1738 2208 1977 2261 obscuro

401 2288 593 2343 haberi
646 2288 823 2359 jubet,
866 2292 960 2345 sed
985 2290 1251 2362 jejunium
1290 2296 1492 2362 potius,
1548 2295 1973 2367 eleemosynam,

400 2380 597 2449 hisque
636 2382 861 2437 similes.
913 2382 969 2435 lu
1019 2385 1277 2438 omnibus
1313 2395 1493 2441 tamen
1536 2388 1689 2455 illud,
1724 2391 1868 2458 quod
1904 2392 1975 2446 ad

398 2474 824 2530 ostentationem
881 2487 936 2529 et
990 2478 1400 2553 vanre‘gloria:
1448 2481 1687 2536 studium
1744 2495 1973 2553 spectat,

399 2568 588 2636 procul
629 2584 752 2623 esse
793 2569 927 2632 vult,
986 2581 1147 2641 atque
1173 2548 1258 2625 'id
1302 2573 1523 2641 quidem
1558 2589 1654 2645 per
1708 2576 1975 2631 occultum

399 2656 553 2723 illud,
578 2666 633 2711 et
673 2668 1002 2729 praeceptum
1070 2679 1084 2715 :
1119 2680 1165 2728 ,ι
1190 2659 1267 2717 Ne
1324 2665 1460 2718 sciat
1504 2665 1727 2720 dextera
1757 2678 1847 2721 tua
1888 2683 1974 2731 ea,

398 2762 519 2817 quae
549 2757 679 2802 sunt
732 2749 996 2817 sinistrae,
1028 2771 1046 2803 ι
1110 2752 1332 2807 indicat.
1400 2754 1507 2820 Qui
1567 2772 1693 2811 vero
1737 2768 1975 2812 mentem

398 2855 589 2909 puram
634 2848 689 2895 et
728 2840 923 2897 affectu
956 2846 1295 2915 superiorem
1345 2847 1529 2915 habet,
1577 2850 1694 2905 sive
1725 2848 1773 2903 is
1804 2850 1974 2916 domi,

399 2933 515 2987 sive
545 2934 598 2986 in
619 2935 871 2999 ecclesia,
927 2936 1042 2991 sive
1092 2938 1147 2991 in
1181 2940 1357 2995 media
1398 2942 1533 2997 urbe
1560 2942 1761 2999 bonum
1789 2942 1974 3008 faciat,

2084 448 2180 500 καὶ
2218 446 2487 517 μηδαμῶς
2523 446 2865 516 βουλομένων
2914 443 3072 515 ἡμῶν
3110 442 3362 514 λαμπρὸν
3390 443 3666 513 ἀναστρά-

2086 555 2208 589 πτει
2240 540 2334 592 καὶ
2358 538 2504 609 μέγα
2528 538 2643 608 φῶς
2657 541 2771 601 τοῖς
2792 537 3124 608 ἀνθρώποις.
3150 536 3324 589 Τοῦτο
3350 536 3445 588 καὶ
3476 536 3503 587 ὁ
3523 534 3667 596 θεῖος

2086 628 2319 694 Παῦλος,
2357 628 2595 699 θεσμοὺς
2626 629 2724 699 τῆς
2775 628 3077 699 ἱερωσύνης
3124 629 3463 699 ὑπογράφων
3496 628 3669 696 Τιμοο

2085 722 2208 791 θέῳ,
2250 723 2431 790 λέγει·
2469 742 2487 773 ι
2542 725 2634 775 Δεῖ
2662 723 2718 775 δὲ
2765 721 2932 775 αὐτὸν
2983 722 3077 775 καὶ
3125 720 3439 793 μαρτυρίαν
3492 718 3711 791 καλὴν’

2084 816 2228 885 ἔχειν
2252 816 2316 870 ὲκ
2345 816 2453 869 τῶν
2493 816 2715 879 ἔξωθεν.
2766 835 2784 867 ι
2839 816 3003 869 Ἀλλὰ
3028 817 3122 869 καὶ
3164 815 3225 869 τὸ
3278 815 3668 886 ἀπροσκόπους

2083 906 2336 972 γενέσθαι
2381 908 2655 969 Ἰουδαίοις
2688 923 2748 959 τε
2777 906 2874 960 καὶ
2917 888 3167 977 Ἕλλησι,
3199 908 3292 960 xui.
3320 910 3388 977 τῇ
3427 905 3667 974 Ἐκκλη-

2084 1002 2176 1071 σία
2210 1000 2358 1072 πάσῃ
2386 1000 2481 1053 τοῦ
2522 1000 2784 1073 Χριστοῦ,
2832 1002 2865 1071 ὴ
2896 1001 2997 1069 τῆς
3028 999 3225 1061 κακίας
3253 999 3539 1067 συνίστησι
3573 997 3670 1048 καὶ

2083 1090 2483 1155 κατασκευάζει
2505 1094 2676 1164 φυγή.
2697 1092 2944 1163 Νηστεία
2971 1092 3050 1149 δέ.
3076 1092 3169 1144 καὶ
3196 1092 3445 1160 πενήτων
3462 1086 3666 1152 οἶκτος,

2084 1184 2179 1237 καὶ
2209 1185 2448 1256 δάκρυον
2483 1185 2544 1249 ἐξ
2582 1184 2870 1256 ὀμμάτων,
2904 1186 2998 1237 καὶ
3024 1185 3339 1254 προσευχῆς
3354 1184 3507 1247 τόνος
3525 1181 3671 1252 φιλεῖ

2086 1275 2184 1346 μὲν
2212 1280 2309 1348 τῆς
2343 1278 2611 1348 ἐργασίας
2651 1279 2712 1330 τὸ
2742 1277 2997 1350 κρύφιον,
3021 1275 3174 1329 οὐδὲν
3204 1274 3263 1329 δέ
3290 1271 3459 1348 ἦττον
3502 1292 3669 1344 μηνυ-

2083 1368 2183 1439 τὴν
2238 1369 2627 1438 μεγαλόφωνον
2673 1371 2767 1422 καὶ
2811 1370 3033 1441 κήρυκα
3065 1368 3389 1437 διαπρύσιον
3437 1366 3539 1438 τὴν
3568 1367 3669 1435 τῆς

2083 1464 2278 1524 κακίας
2315 1461 2429 1532 ἔχει
2460 1463 2673 1532 φυγὴν,
2705 1463 2827 1532 ἥτις
2858 1464 2975 1524 τοῖς
3007 1459 3316 1532 ἀνθρώποις
3347 1460 3669 1532 προεκλάμ-

2082 1555 2233 1624 ψασα
2266 1554 2697 1623 συνεφέλκεσθαί
2736 1572 2851 1617 πως
2880 1555 2975 1607 καὶ
3020 1552 3457 1621 συνδιαλάμπειν
3494 1552 3664 1623 φιλεῖ,

2015 1704 2057 1769 Β
2084 1646 2174 1698 καὶ
2208 1646 2307 1715 τῆς
2328 1644 2564 1715 κρυφίου
2600 1645 2802 1716 ἀρετῆς
2830 1644 2930 1716 τὴν
2960 1644 3355 1715 μαρμαρυγήν.

2156 1827 2276 1881 Εἰσὶ
2309 1829 2354 1881 δ’
2390 1828 2504 1893 οὖν,
2535 1829 2641 1882 εἰσί
2686 1845 2833 1893 τινες
2884 1828 3101 1901 ἀρεταὶ,
3145 1829 3212 1893 ἃς
3250 1828 3332 1892 είς
3386 1827 3447 1881 τδ
3501 1827 3668 1897 μέσον

2082 1920 2228 1983 εἰκὸς
2283 1920 2548 1991 πράττειν
2599 1922 2695 1974 καὶ⁹
2746 1920 2985 1991 μάλιστα
3039 1920 3168 1985 τοὺς
3231 1920 3666 1991 προεστηκότας,

2082 2011 2708 2083 δικαιοσύνη,φημὶ,καὶ
2740 2013 3016 2075 εὐσέϐεια,
3048 2013 3194 2084 καὶὴ
3223 2012 3427 2081 ταύτης
3449 2014 3669 2082 πρόμαο

2083 2120 2177 2174 χος
2205 2104 2450 2176 ἀνδρεία,
2470 2106 2565 2159 καὶ
2591 2107 2713 2158 ὅσαι
2750 2106 3048 2177 συνέριθοι.
3082 2105 3278 2175 Διόπερ
3308 2104 3427 2157 οὐδὲ
3461 2103 3667 2165 ταύτας

2081 2197 2110 2247 ὁ
2159 2196 2348 2267 Σωτὴρ
2399 2196 2480 2267 τῷ
2541 2196 2858 2251 λανθάνοντι
2914 2196 3356 2268 περιγράφεσθαι
3424 2194 3660 2254 κελεύει,

2082 2288 2338 2353 νηστείαν
2366 2287 2425 2340 δὲ
2445 2288 2539 2341 καὶ
2570 2287 2965 2359 ἐλεημοσύνην,
2995 2289 3090 2341 καλ⁵
3129 2288 3181 2341 εῐ
3208 2305 3262 2340 τι
3284 2288 3488 2358 ὅμοιον.
3518 2286 3667 2355 Πλὴν

2084 2379 2179 2431 ἐπὶ
2211 2380 2403 2433 πασῶν
2436 2397 2499 2449 γε
2528 2380 2589 2433 τὸ
2629 2380 2765 2452 πρὸς
2786 2380 3046 2445 ἐπίδειξίν
3078 2397 3140 2433 τε
3176 2380 3354 2434 καὶτὸ
3384 2378 3667 2443 κενόδοξον

2084 2470 2338 2544 ἐξορίζει,
2372 2472 2651 2526 καὶτοῦτο
2677 2471 2829 2543 αὐτῷ
2860 2472 2921 2524 τὸ
2941 2474 3199 2542 κρύφιον
3230 2473 3340 2543 (52)
3389 2471 3662 2543 βούλεται.

2082 2566 2178 2619 καὶ
2209 2564 2268 2618 τὸ
2305 2563 2380 2634 μὴ
2400 2562 2605 2632 γνῶναι
2640 2564 2739 2634 τὴν
2781 2564 2966 2628 δεξιὰν
3001 2563 3072 2618 τά
3115 2563 3218 2635 τῆς
3253 2566 3569 2637 ἀριστερᾶς.
3605 2567 3663 2616 ὐ

2082 2660 2139 2713 δέ
2164 2659 2580 2730 καθαρεύουσαν
2596 2660 2697 2729 τὴν
2722 2658 2950 2729 γνώμην
2976 2658 3116 2730 ἔχων
3144 2660 3239 2713 καὶ
3266 2660 3547 2729 ἀνωτέραν
3567 2658 3661 2710 τοῦ

2084 2751 2310 2818 πάθους,
2342 2752 2407 2805 ἄν
2432 2769 2492 2804 τε
2530 2752 2587 2803 ἐν
2610 2751 2777 2821 οἰκίᾳ,
2805 2751 2872 2804 ἄν
2892 2768 2951 2804 τε
2980 2753 3037 2803 ἐν
3072 2750 3339 2821 ἐκκλησίᾳ
3358 2792 3372 2811 ,
3406 2750 3473 2803 ἄν
3498 2767 3557 2802 τε
3607 2752 3663 2801 ἐν

2082 2848 2219 2917 αὐτῇ
2247 2851 2388 2917 μέσῃ
2417 2845 2571 2898 πόλει
2618 2844 2835 2915 πράττῃ
2859 2842 2918 2897 τὸ
2948 2843 3136 2907 καλὸν,
3165 2842 3280 2912 ·τῆς
3327 2841 3665 2908 Δεσποτικῆς

2084 2942 2230 2992 ἐστιν
2260 2940 2483 3009 ἐντολῆς
2529 2938 2929 3009 ἀκριϐέστατος
2974 2935 3171 3005 φύλαξ.
3231 2936 3404 2999 Αὐτός
3452 2952 3515 2987 τε
3555 2936 3665 3004 γὰρ

400 3038 729 3099 praeceptum
766 3029 983 3085 Domini
1015 3033 1364 3089 curatissime
1385 3035 1662 3091 observat.
1711 3035 1802 3090 llle
1830 3039 1975 3091 enim

2085 3034 2146 3085 ού
2175 3034 2311 3104 πρὸς
2356 3032 2618 3097 ἐπίδειξιν
2649 3031 2769 3084 οὐδὲ
2809 3030 2973 3098 κενῆς
3021 3029 3180 3097 δόξης
3227 3028 3501 3099 προϐολὴν
3566 3027 3664 3098 τὴν

403 3136 508 3175 ηοη
551 3122 616 3175 ad
654 3124 1097 3190 ostentationem,
1163 3140 1340 3196 neque
1382 3143 1477 3196 per
1498 3144 1651 3185 vanae
1676 3133 1862 3199 gloria}
1884 3150 1981 3187 au—

401 3214 623 3283 cupium
660 3230 757 3269 sua
796 3217 927 3284 agit,
962 3217 1057 3270 sed
1097 3231 1262 3286 opere
1290 3234 1390 3272 suo
1416 3230 1723 3288 spectantes
1753 3226 1981 3292 quosvis

402 3307 470 3360 ad
525 3307 739 3360 laudem
768 3308 950 3363 Patris
998 3312 1287 3364 convertit.
1345 3310 1613 3377 Quoniam
1686 3331 1817 3371 vero
1871 3333 1979 3372 non

405 3400 607 3455 multos
640 3402 774 3454 tales
798 3402 1042 3454 videmus
1092 3403 1359 3471 tprzeclari
1390 3404 1535 3458 enim
1554 3404 1735 3475 operis
1751 3407 1982 3463 altitudo

402 3498 638 3544 mentem
675 3506 859 3544 secum
913 3492 1113 3557 evehit,
1170 3509 1480 3563 vanumque
1512 3496 1697 3567 gloria:
1735 3499 1978 3554 studium

401 3596 565 3652 grave
630 3582 795 3635 telum
878 3584 1148 3648 demittit,

402 3672 673 3726 munitum
708 3672 900 3726 laedere
926 3684 978 3727 et
1000 3674 1063 3727 ad
1097 3674 1353 3729 inferiora
1378 3677 1719 3746 praecipitare
1756 3685 1978 3749 potest),

402 3763 576 3817 multo
630 3764 799 3819 tutius
846 3775 949 3829 est,
982 3766 1028 3819 si
1084 3766 1222 3819 bona
1281 3777 1443 3838 atque
1482 3784 1546 3824 ea
1579 3769 1634 3823 in
1666 3771 1878 3839 primis,
1913 3772 1981 3827 de

402 3857 602 3925 quibus
658 3857 919 3923 diximus,
968 3857 1025 3912 in
1063 3861 1279 3913 occulto
1310 3871 1652 3931 praestentur.
1709 3862 1812 3929 Qui
1844 3879 1978 3919 vero

402 3959 559 4004 extra
588 3965 805 4005 omnem
853 3952 943 4005 teli
978 3952 1139 4022 hujus
1194 3955 1401 4023 jactum
1448 3955 1609 4025 positi
1661 3968 1823 4024 sunt,
1872 3958 1979 4014 illis

403 4046 662 4097 virtutem
693 4044 855 4097 etiam
890 4044 943 4096 in
982 4048 1167 4113 aprico
1213 4054 1267 4099 et
1297 4046 1473 4116 palam
1496 4050 1799 4104 consectari
1832 4051 1975 4105 licet.

405 4135 485 4190 lla
518 4134 769 4188 Salvator
804 4148 1023 4204 quoque
1069 4143 1252 4189 noster
1285 4150 1681 4206 nonnunquam
1714 4138 1978 4195 miracula

401 4244 499 4283 sua
528 4228 671 4284 inter
700 4228 907 4283 medios
941 4228 1189 4283 homines
1212 4238 1264 4283 et
1288 4228 1341 4282 in
1370 4230 1659 4299 synagogis
1688 4232 1975 4300 patrabat;

403 4338 801 4391 nonnunquam
854 4336 985 4375 vero
1031 4321 1121 4375 illa
1169 4321 1439 4391 publicari
1485 4338 1597 4377 non
1640 4324 1976 4393 patiebatur.

1223 3597 1522 3657 pectusque
1578 3589 1744 3645 etiam
1811 3592 1982 3662 probe

2087 3124 2285 3195 πρᾶξιν
2315 3128 2572 3189 ποιεῖται,
2606 3126 2700 3177 καὶ
2724 3122 2801 3194 τῷ
2832 3122 2976 3193 ἔργῳ
3013 3122 3144 3183 τοὺς
3178 3120 3421 3191 ὁρῶντας
3458 3120 3541 3182 εἰς
3567 3119 3665 3189 τὴν

2082 3216 2177 3270 τοῦ
2242 3216 2456 3287 [ἰατρὸς
2508 3215 2667 3281 δόξαν
2727 3215 3067 3288 ἐπιστρέφει.
3122 3213 3269 3283 Πλὴν
3313 3213 3548 3281 ἐπείπερ
3605 3210 3666 3263 οὐ

2083 3309 2313 3373 πολλοὺς
2353 3310 2571 3382 ὁρῶμεν
2623 3309 2727 3379 (ὅτι
2770 3308 3065 3377 συνανυψοῖ
3090 3306 3268 3375 ἐαυτῷ
3295 3306 3356 3359 τὸ
3395 3304 3532 3375 ὕψος
3572 3303 3666 3355 τοῦ

2083 3400 2505 3472 κατορθώματος
2528 3416 2541 3429 ·
2580 3400 2808 3471 σφοδρὸν
2834 3400 2943 3470 γὰρ
2968 3400 3166 3470 ἀφίησι
3193 3397 3440 3451 κάτωθεν
3470 3398 3505 3467 ἡ
3533 3393 3669 3466 κενὴ

2082 3491 2207 3557 δόξα
2231 3493 2293 3545 τὸ
2323 3491 2501 3561 βέλος,
2536 3492 2630 3544 καὶ
2652 3490 2855 3559 δυνατὴ
2874 3488 2986 3561 (55)
3011 3487 3272 3550 πολλάκις
3299 3488 3392 3540 καὶ
3436 3485 3668 3556 στερρὸν

2079 3581 2212 3656 ἦθος
2233 3583 2499 3649 διελάσαι,
2528 3583 2623 3635 καὶ
2646 3584 2779 3654 πρὸς
2802 3582 2871 3634 τὰ
2899 3581 3051 3634 κάτω
3076 3577 3449 3650 περιτρέψαι),
3482 3578 3666 3644 ἀσφα-

2082 3678 2313 3750 λεστέρα
2343 3677 2523 3747 πολλῷ
2548 3679 2581 3745 ή
2620 3678 2678 3729 ἐν
2721 3674 2799 3745 τῷ
2832 3673 3085 3745 κρυπτῷ,
3138 3672 3231 3725 καὶ
3280 3672 3517 3741 μάλιστα
3557 3669 3669 3722 τᾶν

2083 3771 2455 3841 εἰσαγομένων
2489 3769 2806 3842 εὑρίσκεται
2854 3768 3112 3840 ἐργασία.
3146 3764 3275 3830 Τοῖς
3312 3766 3357 3819 δ’
3393 3764 3502 3832 ἔξω
3531 3782 3670 3818 παν-

2082 3863 2273 3926 τελοῦς
2310 3864 2503 3933 βέλους
2532 3864 2817 3931 γεγονόσιν
2850 3861 3130 3921 ἀκώλυτος
3155 3862 3189 3931 ἡ
3222 3861 3280 3912 ἐν
3306 3855 3531 3929 φανερῷ
3570 3859 3670 3909 καὶ

2080 3956 2318 4026 δημοσίᾳ
2364 3956 2739 4026 πραττομένη.
2784 3956 2937 4007 Ἐπεὶ
2963 3954 3057 4007 καὶ
3087 3955 3115 4007 ὁ
3159 3952 3350 4024 Σωτὴρ
3385 3952 3517 4004 ποτέ
3567 3952 3668 4021 μὲν

2083 4050 2163 4112 είς
2215 4048 2417 4119 μέσους
2472 4049 2566 4100 καὶ
2612 4049 2670 4100 ἐν
2719 4049 2838 4111 ταῖς
2885 4047 3231 4114 συναγωγαῖς
3283 4045 3353 4098 τά
3407 4043 3666 4115 θαύματα

2082 4138 2354 4201 ἐπετέλει,
2388 4137 2503 4191 ἐσθ’
2531 4139 2620 4191 ὅτε
2666 4138 2723 4191 δὲ
2753 4139 2853 4191 οὐκ
2887 4140 2974 4192 εῐα
3012 4136 3437 4208 δημοσιεύεσθαι
3468 4136 3662 4190 ταῦτα.

2081 4232 2155 4284 Τὸ
2192 4231 2311 4301 μὲν,
2343 4232 2426 4284 ὅτι
2454 4230 2708 4300 καθάπερ
2730 4232 2825 4285 καὶ
2847 4233 2959 4293 τοῖς
2984 4229 3167 4293 ἄλλοις
3195 4230 3427 4285 πάθεσιν
3453 4232 3666 4301 ἀπροσ-

2082 4327 2351 4390 πέλαστος
2379 4325 2516 4390 ὅλως
2559 4321 2649 4397 ἦν,
2682 4325 2826 4379 οὕτω
2856 4327 2950 4379 καὶ
2990 4325 3086 4397 τὴν
3111 4324 3421 4389 κενοδοξίαν
3450 4326 3662 4395 ἀπρόσ-

399 4416 643 4471 Alterum
665 4414 886 4485 quidem
917 4429 1105 4469 eorum
1132 4413 1384 4478 faciebat,
1416 4417 1585 4485 quod,
1606 4418 1976 4474 sicutalfecti-

2084 4434 2193 4470 ιτον
2223 4420 2474 4487 κατεῖχεν
2507 4434 2520 4448 ·
2556 4417 2617 4469 τὸ
2643 4416 2722 4481 δέ,
2747 4418 2949 4471 κανόνα
2983 4419 3077 4470 καὶ
3117 4416 3372 4486 γνώμονα
3404 4414 3661 4487 παρέχων

400 4509 503 4563 bus
554 4508 677 4563 aliis
722 4507 977 4563 omnibus
1009 4522 1237 4577 prorsus
1266 4522 1374 4562 non
1408 4516 1528 4563 erat
1562 4509 1858 4576 obnoxius,
1900 4510 1975 4565 ita

398 4618 501 4659 nec
525 4602 873 4659 ostentationi
914 4600 1154 4671 patebat.
1186 4601 1435 4655 Alterum
1466 4616 1617 4666 vero,
1642 4612 1702 4658 ut
1729 4602 1974 4673 regulam

397 4704 453 4749 et
478 4695 789 4765 exemplum
821 4694 979 4748 nobis
1002 4691 1292 4763 prmberet,
1337 4692 1405 4747 ad
1442 4692 1757 4763 fugiendam
1786 4704 1975 4750 osten-

398 4788 692 4853 tationem,
754 4795 807 4843 et
854 4785 1197 4842 errabundos
1247 4786 1395 4855 vulgi
1458 4786 1684 4855 plausus
1743 4787 1974 4842 sollicite

397 4880 670 4935 vitandos.
698 4878 1199 4949 Perfectiusitaque
1213 4886 1270 4933 et
1298 4876 1663 4947 perfectorum
1688 4879 1970 4935 hominum

392 4981 500 5035 est,
543 4973 690 5041 quod
743 4972 1005 5036 diximus,
1059 4971 1338 5040 publicum
1371 4970 1591 5026 virtutis
1635 4971 1879 5026 studium
1920 4980 1975 5026 et

392 5064 736 5126 exercitium,
779 5065 949 5118 tutius
985 5078 1112 5119 vero
1144 5062 1444 5118 occultum.
1498 5061 1573 5119 lbi
1623 5065 1771 5119 enim
1795 5064 1972 5119 latens

458 5268 507 5301 ⁵⁸
540 5267 558 5322 l
587 5266 729 5322 Tim.
759 5281 844 5332 In,
875 5266 924 5321 7.
961 5269 1005 5301 ⁸⁸
1034 5266 1202 5322 lCor.
1236 5286 1290 5335 χ,
1311 5268 1401 5321 52.

2081 4514 2236 4581 ἡμῖν,
2267 4510 2492 4580 φεύγειν
2527 4528 2585 4562 τε
2612 4511 2709 4573 τὰς
2744 4509 3054 4574 ἐπιδείξεις.
3102 4510 3199 4564 xz).
3225 4511 3353 4572 τοὺς
3380 4509 3655 4578 πεπλανηο

2085 4604 2280 4673 μένους
2307 4601 2416 4657 τῶν
2448 4601 2659 4656 πολλῶν
2698 4601 3083 4672 διακρούεσθαι
3129 4602 3407 4673 ἐπαίνους.
3443 4602 3661 4655 Τελειο-

2080 4696 2214 4766 τέρα
2241 4695 2340 4766 μὲν
2368 4694 2462 4748 οὖν
2492 4695 2587 4749 καὶ
2612 4694 2857 4761 τελείων,
2912 4694 3102 4766 ῶσπερ
3137 4694 3370 4765 ἔφαμεν,
3412 4697 3445 4766 ή
3491 4696 3552 4749 ἐν
3582 4694 3659 4764 τῷ

2084 4788 2234 4857 μέσῳ
2260 4786 2480 4858 πρᾶξις,
2512 4786 2895 4859 ἀσφαλεστέρα
2942 4785 2998 4840 δέ
3048 4789 3082 4857 ἠ
3107 4786 3469 4843 λανθάνουσα,
3516 4787 3659 4840 Ἐκεῖ

2082 4878 2183 4949 μὲν
2210 4880 2316 4950 γὰρ
2358 4880 2621 4944 πολλάκις
2653 4878 2891 4932 λαθοῦσα
2925 4880 3298 4934 συνεισδύεται
3328 4884 3394 4950 τῇ
3424 4882 3590 4953 ἀρετῇ
3622 4882 3657 4950 ὴ

2079 4972 2270 5037 κακία,
2305 4972 2539 5026 ἐνταῦθα
2568 4972 2625 5025 δὲ
2662 4974 2787 5041 τόγε
2820 4973 2908 5025 ἐπ’
2940 4974 3079 5044 αὐτῇ
3106 4977 3172 5045 τῇ
3213 4974 3431 5044 κρυφίῳ
3462 4974 3658 5044 πράξει

2080 5066 2526 5136 ἀποτετείχισται
2581 5066 2859 5130 παντελῶς
2900 5067 3037 5137 αὐτῇ
3090 5067 3205 5137 (54)
3266 5069 3299 5139 ἡ
3343 5066 3653 5129 διείσδυσις.

1977 5422 2185 5485 ΝΟΤᾹΞ
2196 5470 2209 5483 .

454 5633 567 5702 (3‘2)
600 5635 657 5686 ἐν
679 5633 758 5704 τῷ
788 5633 1041 5704 κρυπτῷ,
1077 5633 1267 5689 Matth.
1288 5650 1364 5702 Vt,
1396 5636 1450 5690 4.

454 5707 568 5777 (55)
592 5706 727 5761 Cum
751 5706 902 5762 Culb.
930 5722 1030 5775 pro
1061 5707 1147 5759 διὰ
1179 5707 1248 5758 τί,

2070 5710 2094 5727 ⁸
2142 5641 2254 5761 ςόξ)
2290 5642 2474 5697 Malim
2537 5644 2727 5714 αὐτῆς,
2770 5645 2981 5703 scilicet
3030 5644 3254 5711 κακίας,
3300 5644 3385 5703 vel
3435 5647 3571 5715 αὕτη
3609 5645 3645 5705 ἡ

2070 5726 2143 5761 οιε
2172 5728 2373 5761 σουσιε-
3574 5752 3593 5761 Α

2066 5726 2373 5776 οιεισουσις.
