3908 6214
247 289 367 357 τ’ιὸ

1174 294 1275 353 ΔΙ)
1308 291 1906 355 AMPHILOCHIUM
1928 292 2030 364 QU
2044 291 2275 353 {ESTIO
2305 293 2580 353 CXXXV.

3390 286 3498 353 ’746

245 399 440 464 οὕτως
483 398 736 471 οὐδαμῶς
764 400 863 453 οὐκ
899 398 1051 455 ἔστιν
1088 402 1306 455 ἐναντία
1330 402 1439 455 τῶν
1476 402 1821 456 Δεσποτικῶν

1933 402 2120 458 vitium
2152 418 2295 473 saepe
2325 402 2510 459 virtuti
2530 417 2589 460 se
2621 402 2845 469 miscet;
2892 402 2982 456 hic
3006 416 3156 467 vero,
3190 416 3289 471 per
3314 403 3497 455 occul-

247 493 518 563 ῥημάτων
539 495 572 563 ὴ
604 493 917 564 νομοθεσία.

325 756 485 819 ’ῐδοις
513 755 557 809 δ’
612 754 681 810 ἀν
729 757 828 810 καὶ
883 756 1057 821 ἄλλως
1107 758 1260 812 οὐδὲν
1315 753 1480 831 ἦττον
1527 761 1588 814 τὸ
1632 764 1821 836 ῥηθέν.

258 851 532 921 Ἑλέγχων
562 851 674 921 γὰρ
704 853 829 917 τοὺς
869 854 1198 923 Φαρισαίους
1229 856 1257 907 ὁ
1285 856 1497 927 Σωτὴρ,
1531 858 1625 912 καὶ
1656 876 1825 928 μετα-

250 944 537 1015 ρυθμίξων
561 945 743 998 αὐτῶν
764 948 825 999 τὸ
850 963 1091 1019 κατεσχη
1100 966 1263 1018 ματισ
1272 950 1433 1020 μένον
1464 953 1558 1006 καὶ
1593 952 1825 1009 ὓπουλον

243 1038 328 1099 είς
346 1035 410 1089 τὸ
438 1036 667 1108 κόσμιόν
699 1055 758 1090 τε
784 1040 879 1091 καὶ
918 1039 1010 1092 τὸν
1050 1041 1288 1111 χρηστὸν
1333 1043 1551 1114 τρόπον,
1594 1046 1826 1100 ἀπεῖπεν

245 1128 353 1197 μὲν
386 1129 569 1193 αὐτοῖς
602 1131 828 1199 φεύγειν
851 1130 912 1184 τὸ
944 1131 1080 1201 πρὸς
1100 1131 1421 1203 ἀνθρώπους
1451 1134 1572 1206 ζῇ),
1608 1136 1825 1191 διώκειν
1863 1124 1871 1157 ί

246 1221 327 1287 δὲ,
368 1223 469 1275 ὅσα
513 1222 807 1294 θεραπεύει
852 1222 1025 1287 Θεόν.,
1058 1224 1197 1288 Τοὺς
1244 1225 1339 1279 οὖν
1384 1226 1481 1297 τὴν
1520 1227 1826 1294 κενοδοξίαν

245 1313 539 1378 νοσοῦντας
588 1314 954 1369 ἀπαλλάσσων
1000 1317 1102 1387 τῆς
1160 1318 1340 1384 νόσου,
1396 1320 1534 1391 πρὸς
1582 1321 1826 1384 ἐκείνους

244 1407 413 1476 φησίν
430 1425 445 1440 ο
484 1427 502 1459 ι
526 1408 617 1477 Μὴ
645 1410 848 1461 ποιεῖτε
872 1412 970 1479 τὴν
995 1408 1371 1481 ἐλεημοσύνην
1396 1412 1549 1481 ὑμῶν
1578 1411 1827 1483 ἐμπροσ-

244 1498 339 1551 θεν
367 1498 478 1552 τῶν
502 1498 825 1570 ἀνθρώπων·
868 1518 887 1549 ι
909 1500 1023 1562 καὶ,
1051 1519 1068 1551 ι
1088 1501 1152 1554 "O
1178 1505 1322 1554 ποιεῖ
1352 1505 1383 1571 ἡ
1420 1502 1570 1567 δεξιά
1600 1520 1714 1567 σου,
1753 1502 1828 1575 μὴ

242 1588 443 1657 γνώτω
471 1592 505 1661 ἡ
534 1591 799 1663 ἀριστερά
823 1610 939 1656 σου,
978 1610 996 1643 ι
1032 1594 1125 1647 καὶ
1155 1594 1253 1648 ὅσα
1274 1595 1453 1664 ὅμοια.
1483 1595 1622 1658 Τοὺς
1645 1596 1826 1664 ἐμπα-

245 1681 363 1745 θεῖς
434 1683 852 1755 περικαθαίρων
901 1684 996 1738 τοῦ
1047 1686 1275 1751 πάθους,
1334 1688 1461 1751 τοὺς
1522 1689 1827 1760 ὑποκριτὰς

1927 506 2041 550 tum
2104 512 2297 566 nempe
2342 496 2559 551 virtutis
2618 496 2978 558 exercitium,
3044 493 3161 548 vitii
3222 494 3501 563 subreptin

1927 589 2143 659 penitus
2165 596 2408 644 cavetur.
2476 586 2571 641 Illa
2612 587 2795 656 itaque
2834 584 3051 639 Domini
3102 595 3368 654 prazcepta
3394 584 3498 639 sihi

1927 683 2242 752 neutiquam
2270 683 2649 738 adversantur.

1997 775 2144 838 llaec.
2214 791 2336 846 quae
2369 775 2515 830 dicta
2547 780 2696 839 sunt,
2735 768 2862 828 'alia
2892 788 3113 843 quoque
3139 772 3350 828 ratione
3377 772 3501 826 illu-

1925 876 2098 921 strare
2117 876 2169 920 et
2194 865 2499 936 perspicere
2518 865 2662 920 licet.
2698 861 3005 919 Pharisaeos
3028 864 3175 918 enim
3197 864 3498 934 castigans,

1926 971 2217 1025 moresque
2268 971 2457 1011 eorum
2506 954 2796 1010 simulatos
2834 965 2888 1009 et
2912 955 3186 1010 sublestos
3214 955 3283 1010 ad
3315 970 3499 1009 veram

1926 1046 2267 1101 honestatem
2313 1056 2366 1100 et
2416 1045 2745 1114 probitatem
2778 1043 3204 1113 compositurus,
3231 1044 3400 1099 vetuit
3431 1060 3502 1099 ne

1926 1138 1992 1191 ad
2050 1136 2328 1193 hominum
2381 1135 2652 1206 judicium
2713 1138 2878 1190 vitam
2933 1150 3088 1191 suam
3124 1146 3368 1206 agerent,
3400 1136 3499 1191 sed

1927 1243 1989 1281 ea
2040 1228 2225 1298 potius
2288 1237 2781 1293 consectarentur,
2832 1242 2952 1297 quae
3008 1224 3119 1281 Deo
3176 1228 3499 1296 probantur.

1929 1317 2040 1374 llos
2073 1318 2257 1387 itaque
2293 1333 2323 1372 a
2386 1332 2538 1372 vanae
2590 1318 2779 1387 gloria:
2830 1318 3014 1375 studio
3042 1328 3395 1385 avocaturus,
3428 1318 3503 1373 ita

1927 1427 2022 1468 eos
2048 1411 2345 1481 alloquitur
2382 1428 2395 1464 :
2437 1408 2544 1467 «Ne
2575 1410 2791 1469 faciatis
2817 1412 3216 1484 eleemosynam
3265 1422 3501 1467 vestram

1927 1518 2113 1559 coram
2147 1502 2493 1569 hominibus;
2518 1520 2537 1553 ι
2573 1513 2629 1557 et
2678 1520 2691 1557 :
2740 1522 2758 1555 ι
2791 1502 2947 1568 Quod
2973 1502 3101 1559 facit
3130 1504 3357 1559 dextera
3386 1514 3500 1570 tua,

1929 1596 2059 1651 illud
2092 1596 2301 1652 nesciat
2333 1596 2585 1663 sinistra;
2613 1615 2631 1647 ι
2681 1595 2897 1667 aliaque
2927 1597 3013 1653 his
3043 1598 3262 1654 similia.
3314 1597 3503 1653 Homi-

1930 1705 2027 1745 nes
2049 1690 2255 1759 itaque,
2287 1689 2573 1745 affectibus
2606 1690 2973 1760 indulgentes,
3005 1708 3034 1744 a
3065 1693 3212 1746 malo
3239 1693 3343 1747 hoc
3375 1708 3501 1761 puro

243 1773 492 1828 ἐλαύνων
547 1774 649 1844 τῆς
702 1777 929 1849 σκηνῆς,
984 1778 1113 1841 τοὺς
1167 1779 1272 1831 ὑπδ
1317 1780 1465 1849 ζόφῳ
1499 1783 1593 1836 καὶ
1645 1780 1821 1853 πλάνῃ

1933 1792 2035 1851 gat,
2091 1781 2407 1851 hypocritas
2451 1797 2519 1836 ex
2578 1785 2792 1837 theatro
2848 1785 3152 1854 propulsat,
3226 1786 3500 1851 homines,

240 1864 726 1936 πολιτευομένους,
780 1869 861 1931 είς
901 1870 992 1922 τὸν
1042 1870 1259 1940 ἀπλανῆ
1312 1872 1407 1924 καὶ
1441 1872 1684 1943 καθαρὸν
1723 1875 1821 1942 τῆς

241 1957 456 2027 ἀρετῆς
487 1958 601 2028 βίον
633 1960 975 2029 μετακαλῶν,
1013 1964 1071 2028 ἐξ
1115 1957 1175 2017 οὗ
1202 1962 1486 2029 διαυγάζει
1517 1965 1550 2032 ὴ
1581 1964 1821 2018 ἀπάθεια

240 2050 340 2105 καὶ
393 2053 428 2122 ἡ
483 2052 689 2123 ἀληθὴς
738 2053 888 2120 δόξα,
926 2055 1021 2108 καὶ⁹
1064 2057 1096 2125 ὴ
1149 2055 1472 2125 λαμπρότης
1516 2058 1548 2126 ή
1594 2057 1819 2129 ψυχική.

241 2143 437 2207 υῦτως
462 2145 562 2197 οὐκ
606 2145 753 2199 ἔστιν
785 2146 1036 2217 ἀλλήλοις
1069 2148 1287 2201 ἐναντία
1316 2149 1382 2202 τὰ
1417 2148 1533 2200 θεῖα
1572 2151 1667 2203 καὶ
1704 2151 1823 2220 ἱερὰ

243 2237 593 2304 Λόγια,ὅ›στε
625 2239 937 2293 τούναντίον
968 2233 1077 2293 οὔδ’
1106 2241 1172 2294 ἄν
1200 2258 1252 2293 τι
1285 2242 1494 2309 γένοιτο
1518 2240 1626 2293 τῶν
1647 2241 1821 2313 ἔργων

239 2330 608 2401 ἀπαστράψαι
634 2330 731 2400 τὴν
773 2330 1118 2401 λαμπηδόνα,
1153 2334 1200 2385 εἰ
1251 2336 1326 2402 μὴ
1372 2334 1471 2401 τῆς
1519 2334 1822 2399 κενοδοξίας

237 2420 330 2473 τὸν
400 2421 563 2490 ζόφον
603 2422 868 2493 πρότερον
916 2422 1269 2493 διασκεδάσῃ,
1326 2423 1420 2475 καὶ
1478 2425 1715 2494 περιέλοι
1766 2426 1824 2488 ἐξ

237 2532 434 2567 αυτου.

315 2694 531 2759 Ἀλλως
561 2714 620 2749 τε
648 2696 706 2750 δέ
729 2738 745 2763 ,
781 2698 830 2750 εί
856 2698 916 2751 τδ
944 2698 1017 2768 μὴ
1062 2698 1439 2761 σκανδαλίζειν
1476 2698 1567 2751 τὸν
1598 2696 1823 2767 πλησίον

238 2786 543 2859 σύνδρομόν
583 2790 719 2854 ἐστι,
766 2789 964 2858 μᾶλλον
1003 2790 1059 2842 δὲ
1097 2792 1510 2861 προηγούμενον
1536 2789 1629 2842 τοῦ
1665 2806 1820 2859 περι-

240 2880 457 2950 idaea:
491 2882 603 2943 τοῖς
631 2880 815 2953 ἔργοις
837 2883 962 2946 τοὺς
992 2882 1335 2955 ἀνθρώπους.
1358 2883 1418 2935 τὸ
1439 2883 1518 2947 δέ,
1552 2882 1627 2953 μὴ
1652 2884 1823 2935 ποιεῖν

241 2973 383 3045 πρὸς
414 2973 696 3040 ἐπίδειξιν,
729 2976 785 3027 ἐν
817 2973 896 3045 τῷ
927 2976 1002 3047 μὴ
1050 2976 1429 3041 σκανδαλίζειν
1466 2975 1541 3038 ὡς
1576 2978 1633 3028 ἐν
1668 2975 1823 3046 μέρει

242 3063 406 3131 νόμος
436 3065 751 3134 περιέχεται
782 3064 862 3134 τῷ
903 3065 1028 3136 ὅλῳ.
1075 3067 1187 3119 Καὶ
1237 3067 1295 3119 τὸ
1336 3066 1560 3135 φεύγειν
1592 3066 1699 3136 ἄρα
1726 3065 1823 3137 τὴν

242 3154 556 3222 κενοδοξίαν
612 3157 1050 3226 προπαρασκευὴ
1100 3157 1311 3225 γίνεται
1361 3157 1454 3209 τοῦ
1515 3156 1822 3227 ἔμπροσθεν

241 3244 353 3299 τῶν
394 3246 703 3319 ἀνθρώπων
742 3246 831 3301 διὰ
876 3246 985 3301 τῶν
1028 3247 1209 3318 ἔργων
1258 3248 1595 3319 ἀναλάμψαι.
1662 3249 1821 3302 Ἀλλά

241 3338 350 3407 γάρ
375 3338 445 3391 τὰ
478 3339 576 3409 μὲν
611 3340 866 3410 Κυριακὰ
893 3339 1048 3407 λόγια
1080 3340 1177 3411 σὴν
1202 3340 1313 3409 (55)
1360 3340 1735 3411 συνεξαίτησίν
1763 3360 1822 3393 τε

246 3433 340 3485 καὶ
380 3432 545 3502 χάριν
595 3433 874 3504 διαφόροις
918 3432 1198 3495 ἐπιϐολαῖς
1246 3434 1367 3487 ἀντὶ
1394 3434 1490 3486 τοῦ
1535 3435 1824 3503 διαφωνεῖν

246 3522 537 3594 ἐπεδείχθη
577 3523 777 3593 μᾶλλον
799 3525 1155 3595 άσπαζόμενα
1174 3523 1275 3594 τὴν
1306 3526 1645 3595 συμφωνίαν.

318 3809 481 3863 Ἔστι
509 3808 567 3863 δὲ
599 3810 691 3863 καί
718 3810 1062 3864 Δεσποτικῶν
1090 3812 1121 3879 ἠ
1149 3812 1385 3881 μίμησις
1414 3812 1614 3881 νόμων,
1640 3811 1826 3865 κάκεῖο

248 3902 337 3955 θεν
391 3903 511 3972 ἔχει
567 3901 666 3972 τὴν
724 3903 972 3972 πρόοδον,
1022 3903 1083 3956 τὸ
1141 3902 1381 3956 πλείοσιν
1435 3906 1824 3975 ἐπιχειρήμασι

250 3994 564 4064 μεθοδεύειν
612 3994 680 4047 τά
729 3996 1043 4059 στασιάζειν
1081 3996 1329 4067 ἀλλήλοις
1388 3996 1650 4049 δοκοῦντα
1716 3996 1826 4049 τῶν

252 4087 676 4157 προϐλημάτων.
712 4087 824 4141 Καὶ
852 4087 961 4158 γὰρ
1000 4087 1159 4150 αὐτὸς
1181 4090 1209 4141 ὁ
1240 4089 1421 4151 κοινὸς
1456 4088 1549 4141 καὶ
1574 4088 1826 4157 Πλάστης

251 4183 343 4235 καὶ
374 4180 729 4247 Διδάσκαλος,
770 4180 866 4233 καὶ
914 4180 1106 4249 Σωτὴρ
1164 4179 1461 4252 εἰσηγητὴς
1508 4181 1699 4251 ὁρᾶται
1733 4179 1826 4232 τοῦ

253 4272 499 4335 κανόνος,
524 4265 604 4334 οἷς
642 4272 921 4340 ἐποίησεν.
958 4272 1071 4325 Ούκ
1100 4269 1266 4341 ἄχαρι
1313 4269 1359 4323 δ’
1405 4271 1535 4334 ἴσως
1560 4272 1619 4322 ἐν
1642 4267 1828 4338 ταυτῷ

255 4381 334 4416 σοι
363 4364 829 4429 συνδιεξαπλῶσαι
868 4365 963 4417 καὶ¹
992 4363 1090 4434 τὴν
1119 4362 1356 4434 θεωρίαν
1381 4362 1476 4416 τοῦ
1510 4362 1695 4433 τρίτου
1726 4362 1827 4435 ζη-

253 4458 515 4527 τήματος.
550 4459 679 4511 Ὅτε
730 4455 840 4526 γὰρ
873 4456 933 4508 τὸ
987 4455 1280 4525 ἀχάριστον
1325 4456 1420 4509 καὶ
1473 4456 1826 4525 ἀναίσχυντον

254 4550 402 4613 ἔθνος
428 4550 537 4603 τῶν
578 4549 850 4602 Ἰουδαίων
882 4548 980 4618 τῆς
1006 4551 1062 4601 ἐν
1088 4546 1351 4617 Σαϐϐάτῳ
1373 4547 1677 4613 σιτολογίας
1701 4546 1828 4609 τοὺς

259 4642 503 4713 μαθητὰς
532 4640 709 4704 αἰτίας
747 4640 1131 4709 εἰσέπραττεν,
1163 4639 1261 4708 οὐχ
1301 4638 1381 4691 ἐνί
1431 4655 1494 4707 γε
1531 4638 1718 4707 τρόπῳ
1766 4638 1827 4691 τὸ

258 4734 650 4804 ἐπηρεαστικδν
674 4732 855 4785 αὐτῶν
885 4732 1265 4795 ἐπεστόμισεν.
1302 4727 1461 4781 Ἀλλὰ
1491 4728 1703 4798 πρῶτον
1727 4728 1826 4797 μὲν

257 4825 353 4897 τὴν
379 4827 627 4893 ἀνάγκην
662 4825 848 4888 αὐτοῖς
880 4822 1306 4891 ἀντεπέστησεν.
1360 4820 1532 4873 Τοῦτο
1580 4819 1690 4890 γάρ
1731 4820 1825 4873 καὶ

258 4916 727 4980 κατασκευάζεται
773 4917 842 4985 τῇ
877 4913 1017 4967 κατὰ
1048 4912 1141 4965 τὸν
1187 4912 1353 4965 Δαϐὶδ
1387 4911 1584 4981 πράξει
1617 4912 1712 4964 καὶ
1745 4911 1823 4980 τῷ

261 5006 682 5078 παραδείγματι.
709 5006 769 5069 ὃς
796 5005 924 5067 τοὺς
958 5006 1158 5076 ἄρτους
1208 5001 1400 5074 φαγὼν
1428 5004 1529 5056 οὐκ
1555 5003 1675 5067 ἐξὸν
1723 5003 1825 5071 τῆς

264 5097 601 5166 προθέσεως,
617 5097 797 5159 αἰτίας
829 5096 1072 5164 ἀφίεται.
1111 5096 1376 5165 Δεύτερον
1403 5094 1461 5147 δὲ
1487 5094 1594 5147 ἀπὸ
1614 5092 1708 5146 τοῦ
1734 5093 1826 5146 τό·-

265 5204 385 5251 που,
418 5189 543 5260 ἦτοι
586 5188 739 5258 παρὰ
779 5188 842 5241 τὸ
891 5188 951 5243 ἐν
994 5186 1073 5257 τῷ
1118 5188 1271 5257 τόπῳ
1300 5186 1617 5256 προνόμιον.
1648 5186 1830 5256 Παρα-

263 5277 610 5351 δειγματικὸν
647 5282 745 5351 μὲν
776 5280 870 5340 καὶ
906 5278 1087 5340 τοῦτο,
1119 5278 1260 5348 πλὴν
1296 5276 1392 5332 τοῦ
1423 5279 1695 5348 προτέρου
1727 5278 1828 5347 βα-

267 5369 720 5443 θύτερον.Ὤσπερ
739 5373 847 5444 γάρ
869 5373 903 5443 ἡ
917 5372 1053 5440 αὑτὴ
1074 5370 1274 5443 πρᾶξις
1294 5370 1400 5436 ἔξω
1436 5370 1536 5441 μὲν
1555 5370 1650 5425 τοῦ
1691 5368 1840 5440 ίεροῦ

332 5488 376 5520 ⁸⁸
398 5490 583 5547 Matth.
619 5506 719 5555 xu,
745 5491 771 5545 1
806 5504 967 5559 seqq.

1930 1873 2069 1926 inter
2100 1872 2328 1928 nebulas
2387 1881 2441 1927 et
2483 1889 2701 1929 errores
2726 1875 2890 1939 vitam
2927 1885 3169 1945 agentes,
3227 1880 3294 1930 ad
3334 1877 3500 1930 vitam

1929 1966 2262 2035 inculpatam
2282 1975 2338 2021 et
2367 1982 2507 2035 puro
2534 1966 2753 2021 virtutis
2770 1966 2951 2022 studio
2972 1982 3279 2033 coruscam,
3300 1984 3364 2022 ex
3394 1984 3502 2039 qua

1930 2057 2193 2113 immunis
2242 2058 2311 2112 ab
2366 2058 2650 2112 affectibus
2677 2058 2914 2122 animus,
2952 2073 3187 2129 veraque
3218 2060 3409 2130 gloria,
3449 2070 3505 2115 et

1929 2148 2127 2203 mentis
2153 2148 2409 2218 splendor
2440 2148 2660 2211 emicat,
2690 2146 2959 2217 perducit,
2992 2146 3283 2218 Propterea
3318 2148 3502 2203 divina

1928 2246 1983 2292 et
2010 2252 2166 2294 sacra
2209 2238 2299 2292 illa
2344 2238 2567 2292 oracula
2606 2238 2744 2292 adeo
2772 2238 2873 2293 sibi
2900 2239 3131 2294 invicem
3164 2254 3274 2294 non
3310 2240 3504 2293 adver-

1930 2342 2141 2399 santur,
2211 2340 2273 2387 ut
2324 2332 2506 2399 potius
2563 2331 2775 2400 lampas
2805 2331 3071 2387 bonorum
3105 2346 3331 2402 operum
3360 2332 3501 2400 apud

1929 2424 2205 2479 neminem
2256 2423 2440 2479 lucere
2494 2425 2685 2495 possit,
2728 2423 2832 2477 nisi
2868 2424 2961 2494 qui
3006 2424 3156 2493 prius
3191 2439 3341 2477 vana:
3380 2439 3501 2477 am-

1930 2514 2158 2570 bitionis
2225 2516 2509 2584 caliginem
2580 2516 2889 2585 dispulerit,
2956 2531 3125 2585 seque
3184 2516 3253 2571 ab
3307 2517 3399 2571 illa
3442 2517 3517 2587 li-‘

1930 2608 2055 2662 bcra
2066 2608 2153 2662 rit.

2003 2702 2150 2756 Idem
2183 2701 2284 2757 hoc
2335 2702 2499 2758 etiam
2558 2704 2665 2758 alia
2702 2704 2913 2757 ratione
2948 2701 3228 2771 probatur.
3272 2699 3427 2767 Quod
3456 2699 3505 2754 si

1930 2793 2317 2849 ofl‘endiculum
2338 2810 2447 2848 non
2480 2811 2681 2865 ponere
2715 2796 2967 2866 proximo
3018 2794 3371 2864 coniunctum
3397 2802 3500 2859 est,

1930 2886 2013 2939 vel
2042 2884 2305 2954 praevium
2335 2886 2517 2954 potius
2544 2886 2641 2951 illi,
2688 2895 2747 2940 ut
2803 2893 2949 2939 recte
2981 2882 3125 2939 facta
3159 2886 3227 2937 ab
3263 2882 3503 2937 homini-

1932 2975 2035 3030 bus
2068 2975 2508 3046 conspiciantur;
2558 2976 2693 3030 nihil
2737 2987 2917 3030 autem
2963 2972 3029 3028 ad
3081 2975 3501 3030 ostentationem

1932 3067 2130 3132 facere,
2178 3076 2434 3137 tanquam
2485 3083 2613 3136 pars
2648 3076 2897 3136 respectu
2959 3067 3145 3130 totius,
3178 3066 3499 3136 requiritur,

1851 3145 1891 3202 C
1926 3166 1986 3210 ut
2024 3155 2314 3211 offensioni
2343 3171 2451 3211 non
2482 3157 2688 3222 simus;
2722 3156 3075 3225 consequitur
3141 3154 3325 3225 fugam
3348 3171 3505 3209 vana:

1927 3247 2245 3303 ambitionis
2292 3262 2601 3317 prmparare
2650 3246 2949 3311 hominem,
2984 3255 3045 3300 ut
3092 3247 3351 3315 operibus
3390 3248 3506 3301 suis

1927 3357 2112 3397 coram
2159 3341 2475 3396 hominibus
2521 3341 2704 3395 lucere
2748 3340 2944 3409 possit.
3004 3338 3192 3408 Itaque
3235 3340 3301 3395 ad
3358 3340 3502 3410 peti-

1929 3435 2129 3489 tionem
2164 3445 2311 3489 tuam
2344 3443 2546 3505 tuaque
2577 3448 2747 3489 causa
2776 3433 2943 3487 variis
2991 3431 3169 3491 modis
3220 3442 3504 3489 ostensum

1927 3543 1957 3581 a
1983 3544 2069 3583 me
2096 3537 2198 3593 est,
2234 3528 2449 3582 Domini
2506 3528 2681 3583 nostri
2721 3527 2865 3582 dicta
2897 3526 3035 3582 adeo
3108 3526 3213 3581 sibi
3264 3526 3502 3579 invicem

1929 3634 2037 3672 non
2098 3620 2401 3684 adversari,
2477 3628 2535 3671 ut
2620 3616 2913 3672 consensio
2969 3614 3154 3685 potius
3215 3612 3507 3670 manifeste

1930 3721 2210 3781 appareat.

2000 3801 2189 3857 lmitor
2214 3816 2346 3857 vero
2372 3801 2461 3856 hic
2510 3800 2729 3857 Domini
2778 3800 2952 3856 nostri
2989 3797 3321 3869 exemplum,
3358 3798 3503 3868 quod

1928 3894 2077 3961 facit,
2107 3894 2448 3964 utpluribus
2480 3894 2656 3949 modis
2700 3903 2755 3948 et
2784 3892 3119 3963 argumentis
3168 3891 3223 3945 in
3276 3882 3507 3946 concor-

1927 3988 2071 4042 diam
2104 3988 2192 4041 illa
2226 3986 2562 4055 redigantur,
2593 4001 2715 4053 quae
2760 4001 2948 4041 secum
3002 3984 3233 4040 invicem
3262 3999 3507 4053 pugnare

1927 4078 2201 4134 videntur.
2226 4077 2348 4149 ipse
2366 4082 2515 4133 enim
2532 4077 2842 4134 communis
2867 4087 3113 4132 nostrum
3149 4087 3205 4133 et
3225 4078 3504 4139 conditor,

1928 4183 1984 4230 ct
2010 4175 2224 4238 doctor,
2248 4182 2301 4227 et
2330 4170 2610 4237 Servator,
2639 4186 2707 4226 ex
2750 4171 2839 4236 iis,
2875 4186 2997 4240 qua:
3026 4171 3140 4241 ipse
3182 4169 3332 4235 fecit,
3365 4171 3508 4224 hanc

1930 4263 2175 4333 regulam
2210 4262 2472 4317 docuisse
2517 4260 2866 4330 intelligitur.
2905 4260 3041 4313 Dum
3096 4260 3152 4314 in
3206 4260 3313 4315 hoc
3355 4274 3503 4321 sum,

1930 4354 2427 4425 noninjucundum
2475 4352 2572 4407 tibi
2616 4351 2853 4409 fortasse
2878 4352 3065 4419 fuerit,
3123 4352 3284 4407 etiam
3336 4351 3509 4406 tertiae

1852 4478 1907 4538 Β
1932 4446 2254 4519 quzestionis
2281 4460 2512 4500 examen
2557 4428 2859 4515 siiscipere.
2890 4444 3029 4500 Cum
3077 4443 3224 4499 enim
3256 4442 3505 4512 improba

1931 4551 1981 4594 et
2018 4537 2308 4608 impudens
2355 4534 2669 4591 Judaorum
2707 4537 2858 4589 natio
2912 4534 3213 4603 discipulos
3238 4533 3506 4587 rationem

1928 4631 2153 4687 reddere
2170 4630 2399 4699 jubebat
2422 4630 2493 4695 ",
2528 4643 2630 4684 cur
2657 4630 2711 4683 in
2770 4628 3007 4683 Sabbato
3040 4636 3340 4682 sementem
3358 4640 3511 4679 com-

1924 4724 2186 4787 edissent,
2221 4737 2327 4775 non
2379 4736 2491 4776 uno
2520 4720 2682 4775 modo
2711 4720 2943 4789 injurios
2988 4733 3177 4773 eorum
3228 4731 3510 4772 sermones

1927 4813 2330 4880 compescebat.
2361 4812 2547 4867 Primo
2574 4812 2793 4882 quidem
2832 4812 2947 4865 loca
2982 4810 3363 4865 necessitatem
3395 4808 3506 4863 illis

1929 4907 2264 4961 obvertcbat.
2299 4904 2358 4961 Id
2384 4906 2593 4960 scilicet
2621 4905 2741 4974 ipso
2762 4904 2976 4959 Davidis
3010 4902 3153 4958 facto
3182 4911 3238 4958 et
3258 4902 3509 4973 exemplo

1931 4998 2272 5063 firmabatur,
2304 4997 2420 5067 qui,
2451 5013 2579 5052 cum
2636 5011 2804 5067 panes
2854 4995 3265 5067 propositionis,
3307 4994 3511 5065 quibus

1931 5090 2077 5145 vesci
2128 5105 2234 5143 non
2286 5090 2507 5156 licebat,
2561 5090 2913 5154 comedisset,
2962 5103 2991 5143 a
3029 5088 3187 5159 culpa
3246 5087 3513 5143 immunis

1934 5183 2257 5238 habebatur.
2298 5184 2544 5237 Alterum
2576 5190 2962 5253 argumentum
2991 5182 3126 5251 petit
3153 5195 3185 5236 a
3210 5180 3353 5244 loco,
3393 5177 3514 5235 sive

1936 5276 2117 5346 potius
2146 5290 2179 5329 a
2207 5275 2565 5346 praerogativa
2622 5274 2886 5345 quadam,
2939 5274 3064 5329 loco
3108 5273 3352 5345 propria.
3403 5272 3512 5327 Are

1950 5377 2268 5437 gumentum
2327 5368 2432 5423 hoc
2481 5367 2668 5424 itidem
2704 5366 2773 5420 ab
2810 5365 3059 5437 exemplo
3129 5364 3370 5432 ducitur,
3414 5360 3513 5419 sed

1782 5575 2006 5635 ΝΟΤᾹΖ.

310 5696 451 5771 ,(55)
474 5698 570 5771 σὴν
594 5700 763 5755 habes
783 5715 849 5753 ex
879 5698 1122 5771 Colbert.
1164 5696 1367 5771 Vocula
1388 5698 1525 5771 haec
1571 5698 1629 5751 in
1657 5695 1824 5752 altero

1933 5711 2187 5769 Lsequens
2261 5697 2637 5767 συνεξαίτησιν
2697 5692 2906 5750 omissa
2935 5695 3078 5750 erat,
3103 5685 3195 5742 ubi
3225 5695 3407 5740 tamen
3434 5692 3505 5745 at:

272 5777 372 5835 Quo.
394 5767 607 5826 adeo'ct
642 5772 727 5825 hic
762 5769 963 5825 rectius
989 5770 1196 5840 legetur
1226 5769 1323 5841 σὴν
1352 5768 1650 5836 ὲξαίτησιν.
