3908 6214
342 257 452 323 747
1495 265 1758 325 PHOTII
1796 266 1885 324 PA

2056 266 2299 327 LRCH/E
2337 266 2438 326 CP.
3486 253 3599 321 ’188

341 372 512 443 priori
553 370 647 428 ilio
684 381 767 429 est
798 373 1039 444 gravius.
1075 372 1229 430 Sicut
1282 373 1429 429 enim
1461 375 1651 430 eadem
1677 376 1884 440 actio,s

2057 377 2275 447 ινομὲνη
2328 374 2465 444 πρὸς
2510 373 2667 441 δικην
2702 370 2924 440 ὑπάγει,
2970 370 3030 422 ἐν
3070 365 3221 438 αύτῷ
3251 366 3309 420 δὲ
3341 366 3418 437 τῷ
3464 367 3600 437 ἱερῷ

340 455 560 535 quidem
617 475 771 521 extra
846 467 1025 520 locum
1061 476 1309 522 sanctum
1371 467 1484 533 ﬁat,
1519 469 1736 523 crimini
1786 467 1883 522 faci

2065 466 2317 519 νεύθυνον
2344 464 2569 519 ἀπολύει
2600 481 2614 496 ⁸
2647 463 2789 517 οὕτω
2833 464 2927 515 καὶ
2972 461 3269 529 σιτολογεῖν
3300 459 3399 528 μέν
3444 476 3600 521 τινας

341 559 663 622 obnoxium,
694 574 817 634 qua:
862 558 917 613 in
951 571 1142 615 sancto
1178 560 1299 616 loco
1329 568 1563 631 patrata,
1606 576 1759 615 reum
1805 576 1884 615 llOl

2062 559 2209 622 πλῶς
2254 559 2313 611 ἐν
2346 556 2607 628 Σαϐϐάτῳ
2630 555 2880 629 (δεδόσθω
2936 555 3047 625 γὰρ
3100 554 3228 623 ὑμῖν
3255 551 3294 622 ,)
3348 553 3494 604 ποιεῖ
3539 554 3601 602 ὲν

342 651 566 716 reddit;
619 651 715 716 ita,
746 652 790 707 si
829 652 920 722 qui
954 652 1045 705 alii
1072 652 1393 723 simpliciter
1436 653 1490 707 in
1528 652 1767 707 Sabbato
1801 651 1885 707 fru

2055 652 2307 715 ύθύνεμς⁸
2347 653 2476 714 τοὺς
2530 650 2587 702 δὲ
2617 650 2727 701 τῶν
2755 645 3061 716 ἀνθρώπων
3089 644 3339 714 σωτῆρας
3380 643 3475 694 καὶ
3516 642 3598 693 δι-

342 750 529 795 mento
574 752 865 797 vescantur
922 741 1148 812 (largiar
1181 743 1285 797 hoc
1336 741 1541 813 vobis,)
1587 743 1758 812 culpa:
1788 757 1885 796 sun

2057 742 2341 809 ασκάλους,
2374 743 2471 797 καὶ
2519 739 2669 811 αύτῷ
2694 738 2774 809 τῷ
2823 738 2924 808 τῆς
2987 734 3294 807 ἱερωσύνης
3340 735 3600 796 συνόντας

342 834 583 893 obnoxii.
636 835 706 890 At
737 850 869 890 vero
899 836 998 900 illi,
1035 835 1130 906 qui
1188 835 1473 890 hominum
1528 844 1658 889 sunt
1714 848 1885 889 servat

2062 834 2267 907 εσπὸτῃ
2295 834 2391 887 καὶ
2425 832 2692 904 νομοθέτῃ
2720 829 2924 893 παντὸς
2959 828 3284 897 αἱτιάματος
3317 823 3602 879 ἀπαλλάτ-

344 934 515 993 tores,
545 934 601 980 et
628 925 901 992 doctores,
931 926 1135 996 quique
1165 942 1287 981 cum
1332 929 1451 996 ipso
1479 926 1772 982 sacerdotii
1809 927 1887 980 Do

2057 946 2120 982 ει.
2151 926 2338 997 Πολλῷ
2367 925 2476 996 γὰρ
2502 925 2675 995 μείζω
2700 924 2793 976 τοῦ
2824 921 2972 993 ἱεροῦ
2997 920 3066 973 τα
3096 918 3350 975 ἐνταῦθα.
3391 918 3513 970 Ἔτι
3543 916 3600 973 δὲ

342 1017 498 1073 mino
526 1026 582 1073 et
628 1017 944 1089 legislatore
994 1027 1305 1082 versantur,
1359 1019 1443 1073 vel
1500 1026 1791 1088 pr0pterea
1848 1019 1885 1073 a7

2059 1025 2117 1075 αἱ
2155 1022 2264 1076 ἀπὸ
2289 1020 2384 1077 τοῦ
2431 1021 2585 1074 ὲλέου
2608 1020 2709 1091 τὴν
2745 1019 2926 1072 αὐτῶν
2970 1017 3231 1071 ἀπόνοιαν
3271 1014 3599 1084 στηλιτεύει.

345 1109 494 1165 omni
548 1110 781 1165 crimine
813 1108 1087 1165 immunes
1140 1110 1432 1165 habentur.
1491 1110 1623 1176 Quae
1654 1110 1799 1165 enim
1829 1110 1882 1163 hi

2061 1116 2087 1166 Li
2115 1114 2224 1184 γὰρ
2261 1111 2463 1183 μείζων
2492 1112 2592 1182 μὲν
2623 1113 2656 1181 ἠ
2695 1110 2858 1166 θυσία
2890 1109 2991 1177 τῆς
3038 1108 3478 1177 παρατηρήσεως
3504 1108 3604 1171 τῆς

346 1211 498 1268 sunt,
539 1210 730 1257 sancto
755 1202 847 1257 illo
881 1202 1002 1257 loco
1027 1213 1153 1257 sunt
1185 1202 1414 1272 majora.
1450 1203 1621 1258 Porro
1652 1217 1784 1257 vero
1816 1202 1886 1254 mi

2062 1225 2079 1256 ν
2106 1205 2393 1274 Σαϐϐάτῳ,
2446 1202 2744 1273 ἐπίπροσθέ
2794 1210 2850 1254 τε
2896 1201 2994 1270 τῆς
3029 1199 3220 1263 θυσίας
3255 1197 3350 1250 καὶ
3379 1199 3408 1251 ὁ
3440 1197 3605 1266 νόμος

344 1292 660 1348 εθτὶοοιυιιίαι
698 1306 916 1363 quoque
946 1295 1169 1346 nomine
1204 1295 1502 1347 amentiam
1528 1307 1726 1365 eorum
1754 1292 1887 1347 casti

2060 1298 2173 1367 μῶν
2200 1297 2291 1350 τὸν
2348 1296 2496 1351 ἔλεον
2534 1295 2678 1363 ἄγει·
2723 1312 2741 1345 ι
2800 1293 2989 1347 Ἔλεον
3032 1294 3164 1364 γὰρ,
3217 1291 3404 1363 φησὶν,
3438 1289 3602 1349 θέλω,

350 1391 461 1453 gat.
517 1382 577 1437 Si
622 1383 766 1439 enim
815 1384 1170 1448 sacriﬁcium,
1210 1385 1414 1454 inquit,
1444 1394 1669 1455 praestat
1720 1385 1893 1440 obser-

2062 1390 2120 1441 at
2152 1389 2213 1442 ού
2266 1388 2498 1442 θυσίανο
2540 1406 2561 1440 ι
2607 1388 2658 1441 οἱ
2705 1388 2833 1451 τοὺς
2870 1385 3117 1457 μαθητὰς
3177 1384 3412 1456 ὁρῶντες
3459 1380 3604 1451 λιμῶ

348 1475 565 1531 vatione
614 1474 862 1543 Sabbati,
921 1476 1007 1532 lex
1058 1491 1188 1532 vero
1244 1486 1427 1533 vestra
1485 1477 1891 1533 misericordiae

2061 1482 2115 1533 αἰ
2147 1481 2332 1550 ἀσιτία
2366 1478 2747 1549 πιεζομένους,
2779 1474 2899 1532 εἶτα
2926 1480 3045 1532 ἀντὶ
3066 1476 3161 1530 τοῦ
3191 1477 3279 1529 ἐπ’
3304 1476 3452 1528 ἔλεον
3488 1477 3604 1543 (56)

347 1568 623 1625 sacriﬁcio
677 1567 937 1639 praefert:
999 1587 1017 1620 ι
1047 1568 1477 1624 Misericortliam
1508 1571 1679 1636 enim,
1718 1569 1890 1639 inquit

2061 1572 2299 1640 ραπῆναι
2329 1571 2485 1640 δίκην
2537 1570 2993 1641 εἰσπραττόμενοι
3042 1567 3405 1639 παρανομίας,
3458 1564 3604 1619 οῦτοι

348 1662 494 1728 volo,
528 1677 636 1717 non
673 1676 804 1716 vero
854 1662 1185 1717 sacrificium
1222 1662 1269 1693 ⁵³
1302 1679 1317 1729 ;
1350 1680 1369 1713 ι
1424 1662 1504 1717 illi
1563 1663 1774 1732 utique,
1822 1677 1891 1733 qu

2062 1661 2205 1732 πολλῷ
2237 1661 2598 1731 χαλεπωτέρᾳ
2631 1660 2947 1731 παραϐάσει
2983 1658 3083 1731 τὴν
3118 1659 3276 1712 σκιὰν
3306 1658 3401 1712 τοῦ
3436 1658 3605 1729 νόμου

349 1767 449 1822 pro
491 1768 577 1819 eo,
624 1753 767 1824 quod
824 1753 893 1808 ad
948 1753 1385 1810 misericordiam
1435 1754 1578 1810 ﬁecti
1627 1731 1892 1809 debebant

2065 1731 2312 1812 ιεκδικείν
2335 1759 2474 1810 εἰσιν
2502 1758 2828 1820 ὲαλωκότες.
2859 1756 2934 1809 Οὐ
2960 1757 3066 1826 μὴν
3094 1754 3228 1808 ἀλλά
3246 1757 3338 1807 καὶ
3360 1755 3608 1824 τετάρτῳ

349 1842 817 1910 praevaricationis
843 1857 1032 1911 pmnas
1061 1852 1317 1913 poscunt,
1350 1843 1577 1913 majoris
1606 1847 1813 1913 peccati
1840 1859 1892 1899 re

2068 1849 2241 1913 uitae;
2277 1849 2647 1922 ἀποῤῥαπίζει
2678 1848 2821 1920 λόγῳ
2849 1888 2865 1913 ,
2897 1847 2960 1901 οὐ
3002 1845 3093 1900 διὰ
3120 1848 3180 1900 τὸ
3212 1847 3487 1900 Σάδδατον
3518 1846 3611 1898 τὸν

352 1933 549 1988 merito
573 1933 861 1998 habentur,
895 1936 1144 1990 umbram
1182 1936 1321 2005 legis
1372 1935 1740 1991 vindicantes.
1775 1935 1893 1991 Prae

2066 1942 2310 2013 νθρωπον
2334 1941 2621 2011 γεγονέναι
2642 1941 2839 2009 λέγων,
2870 1940 2986 1994 ἀλλ’
3016 1940 3286 2005 ἀνάπαλιν
3313 1937 3609 2009 ἀνθρώπου

350 2033 498 2079 terea
530 2031 728 2094 quarto
755 2025 917 2079 etiam
953 2036 1277 2094 argumento
1310 2026 1365 2082 in
1403 2028 1626 2081 eosdem
1668 2028 1887 2082 animad

2071 2038 2182 2105 ρεὶᾳ
2215 2034 2276 2087 τὸ
2331 2033 2610 2088 Σάϐϐατον
2664 2033 2987 2101 ὑφεστάναι.
3028 2033 3138 2086 Ναὶ
3183 2032 3248 2100 δὴ
3305 2031 3400 2083 καὶ
3448 2029 3614 2099 μέχρι

349 2115 536 2182 vertit,
582 2114 795 2183 dicens,
853 2116 1129 2171 hominem
1180 2134 1288 2173 non
1340 2127 1566 2188 prepter
1622 2119 1892 2174 Sabhatuu

2071 2128 2287 2197 έμπτης
2319 2126 2538 2196 πληγῆς
2570 2125 2672 2195 τῆς
2702 2125 2889 2188 ἀνοίας
2917 2124 3097 2179 αὐτῶν
3134 2126 3202 2194 τῇ
3251 2124 3476 2193 μάστιγι
3504 2122 3614 2172 τῶν

350 2209 580 2275 factum,
612 2211 707 2266 sed
748 2211 1045 2265 Sabhatum
1077 2212 1259 2280 potius
1309 2214 1363 2269 in
1393 2214 1634 2269 hominis
1670 2229 1889 2268 commo

2071 2220 2200 2286 ὒγων
2229 2218 2593 2283 καθικνεῖται,
2651 2217 3119 2289 δεσποτικώτερον
3147 2215 3339 2269 λοιπὸν
3371 2216 3465 2268 καὶ
3498 2213 3614 2283 μετ’

349 2302 482 2356 dum
513 2303 790 2357 conditum
815 2319 935 2358 csse
961 2305 1029 2359 “.
1068 2304 1307 2375 Denique
1323 2314 1377 2361 et
1396 2308 1684 2362 verborum
1711 2307 1892 2377 ﬂagelli

2071 2315 2273 2379 ξουσίας
2292 2315 2489 2378 αὐτοὺς
2520 2314 2885 2383 ἐπιπλήττων.
2916 2331 2934 2363 ‹
2964 2312 3171 2382 Κύριος
3193 2312 3300 2381 γάρ
3331 2312 3472 2369 ἐστι,
3506 2325 3614 2377 φη-

350 2396 604 2450 amentia!
631 2408 822 2451 eorum
850 2398 1096 2466 quintam
1129 2396 1321 2469 inﬁigit
1351 2399 1589 2470 plagam,
1613 2415 1721 2470 qua
1758 2401 1893 2454 simu

2074 2430 2133 2475 ,ν,
2167 2412 2196 2463 ὁ
2223 2409 2352 2470 Υἱὸς
2382 2407 2477 2461 τοῦ
2506 2406 2797 2475 ἀνθρώπου
2831 2405 2927 2459 καὶ
2947 2404 3040 2457 τοῦ
3069 2402 3381 2457 Σαϐϐάτου.
3416 2419 3434 2452 ι
3467 2400 3529 2453 Εἰ
3560 2399 3617 2453 δὲ

351 2488 526 2542 instar
550 2486 763 2541 Domini
793 2503 917 2542 cum
963 2489 1174 2558 majore
1210 2491 1448 2559 quadam
1496 2492 1824 2547 auctoritate
1867 2507 1894 2546 e

2065 2502 2226 2572 μύριος
2253 2503 2282 2554 ὁ
2310 2499 2459 2565 Υἱὸς,
2497 2499 2604 2552 υἱοὶ
2642 2497 2701 2550 δὲ
2742 2497 2839 2550 καὶ
2888 2496 3217 2567 κληρονόμοι
3264 2495 3499 2564 μάλιστα
3560 2494 3608 2541 οἱ

350 2578 593 2634 elﬁcacia
621 2579 840 2635 eosdem
883 2581 1132 2651 castigat.
1174 2599 1193 2632 ι
1225 2580 1489 2637 Dominus
1520 2583 1688 2645 enim,
1721 2584 1893 2653 inquit

2073 2594 2272 2664 αθηταὶ
2301 2585 2491 2663 (οὗτοι
2544 2590 2654 2661 γὰρ
2702 2591 2798 2643 καὶ
2840 2589 3053 2661 πρῶτοι
3100 2587 3202 2641 οῦκ
3229 2585 3292 2650 ἐξ
3336 2585 3616 2654 αἱμάτων,

352 2672 575 2728 Sabbati
607 2681 689 2726 est
716 2671 886 2727 Filius
920 2673 1158 2729 hominis
1178 2675 1247 2727 ⁵⁸.
1274 2693 1293 2727 ι
1321 2672 1475 2740 Quod
1516 2674 1561 2728 si
1595 2690 1727 2729 vero
1750 2675 1890 2731 Filiu

2077 2687 2146 2740 ιδὲ
2216 2689 2279 2739 ὲκ
2334 2685 2641 2755 θελήματος
2706 2681 2941 2756 σαρκδς,
3002 2680 3122 2736 οὐδὲ
3192 2680 3257 2732 ἐκ
3312 2679 3620 2748 θελήματος

350 2775 437 2821 est
465 2764 767 2831 Dominus;
795 2764 1250 2834 «liscipuliautem
1285 2768 1365 2821 vel
1395 2766 1633 2822 maxime
1665 2767 1762 2822 ﬁlii
1795 2785 1893 2824 sun

2078 2776 2255 2847 νδρος,
2291 2774 2411 2829 ἀλλ’
2438 2776 2502 2827 ὲκ
2531 2772 2667 2826 Θεοῦ
2691 2770 3080 2842 ἐγεννήθησαν,
3112 2767 3209 2822 καὶ
3254 2768 3351 2838 τῆς
3414 2763 3621 2820 ἀνωθεν

350 2865 408 2912 et
438 2855 680 2911 haeredes
718 2855 819 2925 (illi
856 2857 1004 2910 enim
1032 2856 1193 2927 primi
1225 2872 1334 2911 non
1366 2872 1434 2912 ex
1480 2859 1773 2929 sanguine,
1820 2875 1889 2915 ne

2079 2869 2302 2932 ,οθεσίας
2346 2865 2682 2938 ἠξιώθησαν)
2727 2883 2740 2895 ·
2772 2866 2872 2917 οὐκ
2922 2863 3003 2920 ἔτι
3035 2860 3439 2924 δουλεύσουσιν,
3486 2856 3622 2911 ἀλλὰ

350 2962 420 3004 ex
443 2947 724 3003 voluntate
762 2948 947 3003 carnis
991 2963 1092 3003 nec
1129 2964 1197 3003 ex
1230 2950 1509 3011 voluntate
1554 2952 1809 3018 viri,'sed
1853 2969 1893 3008 e:

2079 2959 2379 3031 δριεύσουσι
2410 2958 2502 3011 τοῦ
2530 2957 2834 3011 Σαϐϐάτου.
2878 2954 2967 3022 Ἐξ
3011 2950 3106 3008 οὖν
3134 2954 3234 3025 τῆς
3283 2949 3622 3017 Δεσποτικῆς

354 3038 468 3095 Deo
520 3039 688 3111 geniti
730 3049 880 3104 sunt,
939 3050 993 3094 et
1031 3054 1062 3095 a
1106 3039 1218 3095 Deo
1268 3041 1321 3095 in
1362 3042 1504 3097 ﬁlios
1547 3044 1874 3117 adoptati")

2080 3051 2309 3124 ργασίας
2332 3050 2561 3121 ταύτης,
2596 3050 2689 3103 καὶ
2716 3050 2816 3119 ὅση
2853 3045 3237 3117 παραπλησία,
3275 3040 3623 3131 δυναμωθέν-

357 3132 521 3188 iidem
540 3147 673 3187 sane
690 3146 796 3185 non
812 3132 1075 3196 servient,
1094 3132 1188 3187 sed
1216 3133 1645 3190 dominabuntur
1670 3135 1900 3193 Sabbatu

2081 3160 2134 3205 ες
2162 3159 2221 3194 τε
2269 3140 2365 3196 καὶ
2418 3139 2891 3209 στοιχειωθέντες,
2923 3136 3112 3206 ὥσπερ
3158 3134 3387 3209 ᾔτησας,
3444 3130 3624 3198 λόγοις

357 3224 476 3281 Hoc
520 3224 686 3296 igitur
737 3223 955 3280 Domini
1000 3239 1184 3294 opere,
1235 3226 1471 3296 aliisque
1515 3227 1593 3281 illi
1637 3228 1900 3286 similibus

2083 3233 2313 3303 αφὸροις
2342 3232 2442 3301 τὴν
2467 3232 2576 3283 τῶν
2596 3229 2808 3287 σεπτῶν
2833 3225 3318 3296 Λογίωνδοκοῦσαν
3331 3222 3626 3297 διαφωνίαν

358 3318 559 3376 muniti
614 3327 669 3374 et
720 3317 923 3384 edocti,
955 3317 1127 3384 illam,
1168 3328 1227 3373 ut
1279 3320 1523 3382 volebas.
1579 3322 1901 3377 oraeulorur

2085 3331 2120 3391 ἰς
2142 3324 2503 3378 ἀστασίαστον
2528 3324 2910 3391 συνηγάγομεν
2934 3319 3249 3389 συμφωνίαν
3276 3317 3414 3385 ('57).
3463 3312 3628 3368 Ἀλλά

359 3408 756 3465 uenerabilium
833 3418 1186 3480 apparentem
1256 3410 1676 3477 dissensionem,
1768 3415 1902 3469 varii

2086 3419 2150 3489 ἀρ
2187 3420 2255 3471 τὰ
2300 3419 2431 3486 παρ’
2475 3415 2632 3486 ἡμῶν
2676 3432 2758 3467 σοι
2807 3414 2899 3466 ἐπὶ
2928 3412 3204 3466 τοσοῦτον.
3239 3412 3301 3465 Εἰ
3345 3409 3401 3465 δὲ
3443 3408 3507 3462 τὸ
3538 3407 3629 3463 σὺν

360 3501 543 3557 modis
575 3501 630 3556 in
673 3501 1094 3557 consensionem
1152 3501 1499 3557 manifeSIam
1566 3505 1903 3562 traduximus

2085 3512 2144 3582 ἧς
2182 3510 2426 3572 διανοίας
2448 3509 2632 3578 τάχος,
2668 3508 2760 3561 καὶ
2806 3506 2866 3559 τὸ
2899 3507 2957 3558 ὲν
3009 3504 3322 3575 φρονήματι
3382 3500 3628 3561 συνετὸν,

361 3594 540 3663 Atque
564 3594 657 3649 illa
680 3594 899 3665 quidem
931 3603 1115 3649 nostra
1147 3594 1221 3647 ita
1253 3594 1444 3649 habes.
1476 3594 1533 3649 Si
1564 3610 1696 3650 vero
1728 3595 1904 3666 ingeni

2088 3603 2139 3656 αὶ
2172 3602 2280 3656 τῶν
2325 3600 2489 3672 ἱερῶν
2534 3599 2907 3670 θεωρημάτων
2959 3592 3265 3659 ὁπλοῦτος,
3298 3594 3392 3648 καὶ
3442 3593 3631 3663 ῥήτωρ

363 3687 443 3741 ιιιὶ
480 3686 733 3751 felicitas,
767 3694 822 3741 et
846 3684 1037 3755 judicii
1072 3700 1324 3752 acumen,
1354 3701 1635 3755 sacraeque
1679 3687 1906 3742 doctrin:

2087 3697 2210 3767 ἐχνη
2246 3692 2556 3765 γλυκύτερά
2580 3710 2642 3745 τε
2673 3693 2768 3745 καὶ
2790 3690 3104 3762 ὑψηλότερα
3129 3685 3630 3759 προσεπιθεωροίη,

362 3781 521 3849 copia
567 3788 624 3835 et
656 3779 873 3833 dicendi
910 3778 1483 3846 ubertasjucundiora
1518 3788 1573 3833 et
1624 3781 1905 3835 sublimior

2089 3786 2600 3859 τροσεπιθεωρήσειε
2625 3784 2672 3837 δ’
2701 3784 2766 3837 ἂν
2795 3784 2955 3853 μόνον
2990 3781 3302 3852 βουληθείη,
3330 3780 3490 3849 εἴπερ
3521 3776 3632 3844 ἐγὼ

365 3873 640 3927 invenerit
692 3870 959 3939 (inveniet
1012 3885 1143 3925 vero
1195 3870 1443 3937 omnino,
1492 3870 1657 3925 modo
1688 3872 1908 3927 voluerit

2087 3881 2141 3933 ὺν
2175 3881 2310 3949 ἐμὸν
2344 3880 2444 3932 οὐκ
2473 3878 2656 3948 ἀγνοῶ
2694 3878 2870 3945 φίλον,
2910 3878 2992 3939 είς
3042 3875 3106 3928 τὸ
3145 3874 3525 3945 πληρέστατον
3559 3870 3630 3927 ἂν

367 3964 640 4036 siquidem
673 3978 774 4032 ego
802 3972 876 4026 te,
900 3962 1141 4017 amicum
1172 3976 1379 4028 meum,
1414 3970 1561 4017 recte
1592 3963 1741 4031 novi)
1776 3981 1791 4030 ;
1818 3980 1908 4017 mn

1818 3980 1941 4017 mll-
2053 3973 2177 4044 εἴην
2202 3973 2314 4043 (38)
2346 3972 2445 4041 τὴν
2479 3970 2775 4041 ἀμοιῦαίαν
2810 3966 3128 4037 ἀπειληφὼς
3165 3966 3343 4039 χάριν.

370 4066 519 4110 tuam
555 4056 698 4109 bane
721 4053 1157 4108 benevolentiam
1188 4052 1364 4109 instar
1395 4053 1721 4124 amplissimi
1739 4054 1945 4124 praemii

303 4174 307 4179 ε
370 4158 660 4214 accepero.

371 4255 698 4329 QUASSTIO
724 4255 989 4311 CXXXVI
1032 4256 1219 4330 [CoisL
1261 4257 1492 4314 CLVIII.
1524 4258 1688 4313 Taur.
1722 4253 1968 4325 CLVIII].
2558 4259 2895 4313 ΕΡΩἸῚΙΣΙΣ
2941 4256 3125 4324 [⁵Λ(ἶ’.

442 4353 625 4418 Quare
647 4347 853 4403 Paulus
877 4350 1147 4417 apostolus
1178 4352 1233 4403 in
1276 4351 1511 4419 epistolis
1528 4351 1640 4406 suis
1672 4368 1858 4407 nomen
1962 4417 1975 4419 ᾼ

2088 4352 2159 4407 ,ιὰ
2186 4355 2243 4406 τί
2271 4355 2340 4403 ἐν
2376 4350 2504 4417 ταῖς
2520 4350 2901 4414 Ἐπιστολαῖς
2940 4348 3124 4401 αὑτοῦ
3158 4346 3395 4419 lini-29¢
3421 4350 3455 4398 ό
3486 4344 3631 4397 ἀστό-

864 4414 1018 4473 suum
1054 4414 1328 4489 pra’mitti't
1349 4422 1374 4475 ?
1959 4417 2004 4473 D
2243 4426 2407 4477 etalt

1959 4417 2004 4473 D
2243 4426 2467 4488 στολος
2481 4414 2797 4491 ⁷προτάττει
2813 4421 2877 4473 τὸ
2896 4421 2918 4472 ἵ
2920 4420 3051 4472 διον
3073 4419 3255 4485 ὄνομα
3270 4414 3362 4484 (39
3410 4432 3425 4479 ;

373 4532 629 4585 Editarum
652 4548 679 4583 a
703 4534 885 4584 Wolﬁo
915 4535 971 4595 (ι.
998 4548 1043 4585 c.
1077 4549 1125 4599 p.
1152 4534 1366 4585 750-770
1394 4535 1616 4585 Galland.
1642 4535 1679 4586 l.
1700 4548 1744 4585 c.
1767 4551 1815 4599 p.
1841 4538 1951 4596 752,
1975 4536 2086 4648 7.316,
2123 4551 2171 4586 η,
2199 4538 2302 4599 55).
2326 4539 2465 4590 -—De
2486 4537 2641 4588 Paulo
2661 4538 2765 4586 suis
2785 4535 3011 4598 epistolis
3036 4533 3287 4596 preprium
3314 4544 3491 4577 nomen
3517 4541 3621 4590 prae

1851 4611 2019 4648 nonen
2047 4612 2094 4648 e.

1851 4612 2094 4661 ponente.

444 4677 675 4735 Divinus
701 4678 903 4734 Paulus
928 4679 1190 4748 Epistolis
1218 4681 1334 4734 suis
1380 4696 1577 4734 nomen
1606 4696 1767 4735 suum
1799 4697 1940 4750 prae-

2121 4683 2420 4749 Προτάττει
2449 4683 2560 4735 τῶν
2596 4680 2928 4735 Ἐπιστολῶν
2977 4677 3147 4733 αὐτοῦ
3184 4676 3392 4737 Παῦλος
3425 4678 3454 4728 ὀ
3495 4675 3634 4735 θεῖος

376 4771 511 4842 ﬁgit,
553 4772 697 4833 ideo,
751 4771 900 4841 quod
955 4787 1020 4825 os
1047 4787 1208 4826 suum
1241 4772 1361 4825 sine
1385 4782 1810 4826 commemorata
1837 4772 1919 4825 Do

2094 4774 2122 4827 δ
2150 4774 2343 4843 ὄνομα,
2387 4774 2523 4844 μηδὲ
2543 4773 2727 4843 διᾶραι
2772 4772 2945 4842 στόμα
2982 4772 3151 4841 χωρὶς
3186 4770 3279 4823 τοῦ
3327 4767 3635 4837 μεμνῆσθαι

375 4864 507 4921 mini
542 4865 897 4919 beneﬁcentia
956 4866 1168 4932 aperire
1216 4865 1412 4919 noluit.
1462 4864 1648 4918 Gratia
1690 4866 1834 4919 enim
1873 4866 1918 4919 ill

2093 4868 2158 4937 ἧς
2192 4867 2528 4935 Δεσποτικῆς
2579 4866 2905 4937 εὐεργεσίας
2963 4864 3307 4933 βουλόμενος.
3368 4861 3477 4913 Καὶ
3533 4861 3636 4929 γὰρ

377 4970 572 5012 nomen
600 4972 820 5026 quoque
859 4971 1064 5010 novum
1112 4958 1394 5025 imposuit,
1446 4972 1567 5026 qua:
1609 4957 1837 5009 Saulum
1898 4956 1913 5010 i

2092 4957 2337 5027 ιὺτῴυκαὶ
2365 4957 2463 5027 τὴν
2488 4956 2679 5024 κλῆσιν
2708 4957 2741 5025 ἡ
2784 4958 2944 5027 χάρις
2976 4954 3271 5017 ἐκαίνισεν,
3314 4954 3395 5013 εἰς
3429 4949 3635 5003 Παῦλον

377 5045 604 5107 Paulum
638 5064 745 5100 non
778 5048 958 5102 solum
1015 5050 1195 5118 quoad
1226 5064 1428 5113 mores,
1473 5050 1568 5103 sed
1612 5049 1776 5103 etiam
1809 5065 1920 5118 quo

2090 5047 2160 5101 πον
2187 5047 2417 5109 Σαῦλον,
2468 5047 2661 5116 ὥσπερ
2686 5048 2815 5109 τοὺς
2865 5046 3123 5117 τρόπους,
3178 5042 3319 5095 οὕτω
3345 5041 3633 5111 διαμειψα-

379 5140 447 5193 ad
478 5140 900 5209 appellationem
933 5150 1299 5195 converterat.
1351 5141 1645 5210 Propterea
1702 5148 1863 5194 vocat
1894 5155 1921 5195 s

2091 5142 2202 5210 ιένη
2234 5140 2330 5193 καὶ
2363 5140 2432 5193 τὰ
2457 5142 2702 5212 ῥήματα.
2744 5139 2835 5191 Διό
2869 5153 3005 5208 φησι
3030 5134 3265 5199 Παῦλος,
3298 5135 3327 5186 ὁ
3349 5134 3447 5186 καὶ
3476 5131 3634 5201 αὐτὴν

379 5231 636 5299 Paulum,
674 5241 937 5309 tanquam
964 5234 1059 5303 qui
1105 5235 1281 5304 ipsqu
1332 5249 1533 5288 nomen
1563 5232 1777 5289 Domini
1814 5233 1867 5287 in
1894 5251 1919 5289 s

2094 5234 2227 5287 ίονεὶ
2252 5234 2355 5305 τὴν
2393 5234 2588 5306 κλῆσιν
2615 5235 2680 5286 ἐκ
2711 5231 3046 5303 Δεσποτικῆς
3075 5227 3387 5297 φιλοτιμίας
3436 5225 3633 5293 φέρων,

450 5392 498 5425 ⁸³
518 5388 661 5446 Osee
682 5406 758 5456 VI,
782 5390 851 5459 6;
877 5390 1067 5444 Matth.
1101 5408 1196 5457 χιι,
1239 5393 1290 5447 7.
1366 5393 1411 5424 “
1444 5393 1608 5447 Mare.
1641 5410 1698 5457 ιι,
1723 5394 1813 5448 Q7.
1891 5395 1937 5426 ⁸⁵
1979 5395 1993 5448 i

1188 5433 1196 5457 ,
1239 5393 1290 5447 7.
1366 5393 1411 5424 “
1444 5393 1608 5447 Marc.
1641 5410 1698 5457 ιι,
1723 5394 1813 5448 Q7.
1891 5395 1937 5426 ⁸⁸
1979 5394 2112 5448 ibid.
2144 5394 2231 5449 28.
2316 5391 2545 5448 "Joun.
2587 5392 2731 5455 ι,15.

1894 5486 2131 5544 ΝΟΤᾹΩ.

450 5578 563 5645 (36)
586 5577 667 5631 Ita
697 5576 853 5633 Coll).
887 5592 990 5646 pro
1016 5575 1187 5630 altero
1215 5575 1461 5649 ἔλαττον,
1587 5647 1598 5649 _
1815 5647 1827 5649 _
1880 5648 1889 5649 ί

2140 5579 2253 5649 (59)
2280 5579 2500 5633 Initium
2534 5579 2694 5649 hujus
2721 5580 2970 5648 responsi
2996 5587 3175 5633 exstat
3211 5577 3350 5645 apud
3371 5575 3631 5635 (Εειιωεη

456 5650 573 5715 (57)
602 5650 683 5711 εἰς
720 5650 886 5702 ἀσασ.
922 5646 1310 5717 συνηγάγομεν
1344 5647 1686 5717 συμφωνίαν,
1715 5664 1778 5702 ex
1800 5647 1956 5705 Colb.

462 5721 572 5787 (ὖὸ)
596 5719 739 5774 Idem
765 5734 862 5787 pro
901 5718 1037 5787 εἴης.

1893 5649 1956 5704 1).
2070 5646 2353 5707 ιιὶιιιιιειιι)
2374 5649 2550 5705 Photii
2592 5646 2830 5714 nomine,
2858 5668 2908 5719 p.
2940 5649 3044 5705 20:7.
3067 5649 3436 5703 Commentar.

484 5723 572 5787 38)
596 5723 739 5774 ldem
765 5734 862 5789 pro
901 5723 1037 5788 εἴης.
