3908 6214
265 317 369 386 ’149

1146 328 1244 390 AD
1278 329 1871 392 AMPHILOCHIUM
1909 332 2253 404 QUIESTIO
2299 329 2613 394 CXXXVI.

3405 332 3511 400 750

265 438 293 490 ὁ
318 437 496 492 πάντα
521 436 829 511 πλουτήσας
863 441 975 495 ἀπὸ
1004 441 1098 497 τοῦ
1120 443 1382 514 Χριστοῦ,
1412 444 1476 498 τὸ
1510 445 1706 517 ὄνομα,
1733 447 1834 517 τὴν
1863 473 1875 507 Α

1963 447 2109 503 ιῐηοτὶ
2149 448 2393 515 deberet,
2444 448 2650 518 quique
2689 460 2719 500 a
2770 445 2993 502 Christo
3038 447 3247 513 omnia,
3311 464 3507 503 nomen

268 528 472 595 πίστιν,
499 530 591 583 τὸν
617 532 803 599 πόθον,
848 534 939 588 τὸν
984 534 1205 605 δρόμον,
1253 534 1354 606 τὴν
1411 537 1737 609 ἀποστολὴν,
1770 539 1840 591 τὰ

267 619 660 692 πολιτεύματα,
691 624 918 686 εἰκότως
950 625 1239 697 τοιγαροῦν
1272 625 1367 678 καὶ
1414 644 1433 677 ι
1477 625 1664 690 δοῦλος
1706 627 1839 697 Χρι-

270 713 419 768 στοῦ.
455 733 475 767 ι
520 714 580 770 Ὀ
608 716 716 787 γὰρ
763 718 968 787 προῖκα
1001 716 1243 773 τοσαῦτα
1288 717 1492 784 λαϐὼν,
1538 719 1634 772 καὶ
1675 719 1841 790 μηδὲν

269 805 770 877 προκαταθέμενος,
824 807 940 869 πῶς
970 807 1093 879 οὐχὶ
1135 808 1319 873 δοῦλος
1371 809 1509 881 (40),
1553 810 1649 863 καὶ
1693 811 1747 864 εἰ¹
1788 829 1843 864 τι

269 897 519 964 ἇλλο,τοῦ
543 897 633 952 διὰ
660 898 939 953 τοσούτων
977 902 1340 972 τιμήσαντοςς
1373 902 1563 956 Δοῦλοι
1610 902 1709 973 μὲν
1735 903 1844 975 γὰρ

272 994 365 1044 καὶ
401 991 628 1055 ἄκοντες
673 993 939 1059 ἅπαντες,
975 994 1136 1058 ὅσους
1182 997 1211 1049 ὁ
1253 995 1645 1067 δημιουργικὺς
1675 997 1844 1065 Λόγος

272 1086 336 1137 ἐκ
365 1085 440 1156 μὴ
461 1084 630 1139 ὅντων
655 1087 735 1149 εἰς
757 1086 993 1157 ὓπαρξιν
1026 1087 1274 1156 θέμενος,
1293 1089 1432 1160 πρὸς
1460 1090 1551 1143 τὸν
1570 1090 1846 1161 Δεσπότην

270 1172 405 1243 όρᾷν
455 1174 783 1242 ἀναγκάζει,
831 1176 926 1230 καὶ
975 1176 1070 1230 τοῦ
1105 1178 1353 1234 Πλόιστου
1406 1179 1469 1232 τὸ
1497 1180 1699 1251 κράτος
1726 1181 1847 1234 ὲπί-

273 1261 524 1321 στασθαι.
555 1264 665 1319 Καὶ
713 1265 823 1335 γὰρ
871 1266 1101 1339 ἀνάγκη,
1139 1269 1201 1322 τὸ
1234 1268 1627 1342 δημιούργημα
1663 1270 1848 1325 δοῦλον

273 1350 533 1410 εἶναικαὶ
562 1356 882 1422 ὑπεξούσιον
917 1360 1018 1429 τῆς
1055 1360 1151 1415 τοῦ
1192 1362 1721 1436 δεδημιουργηκότος
1749 1382 1849 1418 κυ-

276 1449 543 1520 ριότητος.
574 1450 767 1506 Δοῦλον
795 1453 855 1507 δὲ
882 1454 977 1506 καὶ
1002 1454 1126 1508 ὅσον
1149 1456 1249 1526 τῆς
1270 1454 1366 1508 τοῦ
1390 1456 1695 1526 κρείττονος
1717 1458 1851 1510 ἀπο-

274 1539 429 1594 λαύει
462 1545 741 1614 προνοίας,
770 1546 865 1599 καὶ
902 1546 1004 1615 τῆς
1042 1546 1197 1617 ζωῆς
1234 1546 1425 1618 ὥσπερ
1478 1548 1688 1603 ἐκεῖθεν
1737 1549 1850 1619 ἔχει

274 1634 377 1701 τὴν
400 1632 661 1707 ὓπαρξιν,
690 1636 835 1692 οὕτω
862 1639 959 1692 καὶ
987 1641 1087 1711 τῆς
1113 1640 1378 1711 διαμονῆς
1405 1640 1505 1708 τὴν
1543 1641 1845 1711 συνέχειαν.

274 1722 401 1780 Εἶεν
420 1727 464 1781 δ’
482 1729 549 1783 ἂν
568 1730 1038 1802 εύγνωμονοῦντες
1066 1733 1271 1800 δοῦλοι,
1308 1734 1406 1788 καὶ
1429 1735 1624 1799 οἵτινες
1655 1753 1850 1805 τυραν-

274 1820 420 1884 νίδος
457 1824 666 1895 πικρᾶς
705 1824 801 1878 καὶ
863 1827 1110 1895 χαλεπῆς
1152 1828 1536 1897 αἰχμαλωσίας
1594 1827 1852 1897 μεγάλοις

274 1912 736 1986 ἐλευθερωθέντες
755 1918 994 1990 λύτροις,
1022 1919 1115 1972 τὸν
1137 1920 1418 1990 λυτρωτὴν
1450 1922 1852 1992 ἐπιγράφεσθαι

273 2006 558 2076 Δεσπότην
599 2008 927 2076 ἐγνώκασιν.
989 2010 1129 2065 Ἀλλ’
1182 2012 1211 2064 ὃ
1243 2027 1307 2078 γε
1360 2012 1505 2075 θεῖος
1535 2012 1747 2075 Παῦλος
1789 2014 1852 2067 ού

273 2094 488 2160 τούτοις
517 2097 708 2153 ἑαυτὸν
731 2102 844 2163 τοῖς
872 2100 1095 2172 τρόποις
1128 2100 1416 2179 ⁴ύττοτόιξαιι
1460 2102 1678 2173 Χριστῷ
1711 2104 1853 2172 μέγα

273 2189 537 2245 ἐποιεῖτο.
574 2192 748 2246 Κοινὰ
771 2209 831 2245 τε
871 2194 979 2265 γὰρ
1023 2194 1217 2261 ταῦτα,
1254 2195 1351 2248 καὶ
1384 2195 1536 2249 οὐδὲν
1575 2195 1854 2265 ἐξαίρετον

273 2280 401 2336 οὐδὲ
424 2281 741 2353 θαυμαστὸν
785 2285 1195 2356 ἐνδεικνύμενα.
1248 2288 1491 2359 Ἐτέροις
1542 2288 1601 2341 δὲ
1652 2288 1854 2357 μᾶλλον

273 2371 476 2427 ἑαυτὸν
505 2373 813 2444 διακοσμεῖ,
852 2377 950 2429 καὶ
981 2376 1298 2431 διαπλάττει
1326 2378 1513 2432 δοῦλον
1554 2379 1761 2433 πλείοσί
1794 2398 1854 2433 τε

272 2465 375 2520 καὶ
415 2464 650 2537 μείζοσι,
679 2466 855 2521 καὶτὸ
885 2468 985 2537 τῆς
1010 2469 1252 2533 δουλείας
1282 2471 1545 2542 καθαρὸν,
1573 2473 1665 2525 καὶ
1688 2472 1856 2536 ὄντως

273 2555 568 2627 ἐλεύθερον
609 2558 878 2630 λαμπρῶς
908 2560 1302 2615 ἐπιδείκνυται.
1340 2562 1449 2614 Καὶ
1485 2562 1701 2633 πρῶτον
1734 2564 1855 2633 μὲν,

272 2641 367 2711 οἷς
403 2646 561 2719 ἔσχεν
600 2649 745 2712 ἰδίως
788 2651 1190 2722 φιλοτιμεῖσθαι
1224 2655 1338 2716 τοῖς
1366 2652 1673 2724 δεδομένοις
1707 2655 1857 2723 αύτῷ

274 2739 437 2808 παρὰ
461 2739 557 2793 τοῦ
584 2740 828 2795 Πλόιστου
870 2744 1192 2815 χαρίσμασι.
1230 2744 1514 2816 Δεύτερον,
1543 2746 1621 2817 τῷ
1658 2747 1859 2819 ἐξηρηο

280 2828 436 2901 μένῳ
479 2831 591 2885 τῶν
636 2832 812 2887 ἄλλων
841 2832 1149 2905 ἀνθρώπων
1192 2839 1287 2890 καὶ
1331 2836 1584 2908 διαπύρῳ
1622 2838 1722 2907 τῆς
1778 2840 1859 2901 εἰς

277 2921 447 2977 αὐτὸν
474 2921 828 2993 ἀγαπήσεως.
864 2926 975 2981 Καὶ
1024 2927 1209 2997 τρίτον
1240 2931 1305 2999 τῇ
1334 2928 1732 2999 ἁπροφασίστῳ
1760 2932 1859 2998 τῆς

280 3013 587 3085 ἀποστολῆς
631 3016 928 3087 ὑπηρεσίᾳ,
974 3020 1067 3071 καὶ
1118 3020 1196 3090 τῷ
1242 3022 1620 3092 ἀπαραϐλήτῳ
1673 3021 1862 3093 δρόμῳ

1939 546 2089 607 puta,
2143 535 2331 600 ﬁdem,
2388 536 2750 602 desiderium,
2804 552 3052 600 cursum,
3119 538 3509 608 apostolatum,

1940 628 2309 699 reliquamque
2364 628 2488 685 vita:
2509 628 2881 685 conditionem
2940 636 3140 684 nactus
3199 640 3513 695 esset;nec

1942 723 2122 778 minus
2149 722 2539 779 convenienter
2571 740 2591 775 ι
2621 738 2838 779 servum
2860 722 3198 779 Christi".‘i
3232 723 3507 790 Qui-enim

1941 813 2109 885 gratis
2132 816 2317 869 omnia
2367 824 2670 885 acceperat,
2704 814 2948 884 nihilque
2980 824 3104 870 ante
3139 817 3495 886 praestiterat,

1942 905 2218 976 quomodo
2248 905 2295 962 is
2332 900 2441 960 non
2469 906 2630 961 etiam
2665 920 2877 971 servus,
2902 915 2975 972 et,
3016 907 3061 961 si
3092 906 3224 977 quid
3266 908 3411 962 aliud
3433 920 3523 963 est

1944 997 2196 1062 inferius,
2233 998 2403 1065 illius,
2429 999 2523 1068 qui
2558 998 2723 1055 tantis
2749 1014 2874 1053 eum
2905 999 3185 1055 beneficiis
3201 1010 3521 1065 ornaverat.»

1945 1091 2264 1159 appelletur.
2301 1089 2507 1146 Omnes
2554 1090 2725 1153 enim,
2757 1090 2921 1144 etiam
2970 1089 3145 1155 inviti,
3182 1091 3323 1147 servi
3365 1099 3521 1155 sunt,

1947 1188 2219 1253 quotquot
2242 1181 2486 1237 Verbum
2524 1179 2680 1247 illud,
2712 1181 2859 1251 quod
2904 1183 3089 1237 omnia
3145 1183 3409 1245 condidit,
3451 1197 3538 1237 ex.

1946 1274 2121 1329 nihilo
2150 1273 2477 1343 producens,
2533 1272 2600 1326 ad
2635 1271 2924 1327 Dominum
2971 1275 3267 1343 respicere,
3312 1273 3519 1328 Condi-

1951 1366 2195 1435 torisque
2247 1366 2328 1419 sui
2368 1365 2667 1435 potentiam
2703 1379 3002 1435 agnoscere
3060 1366 3227 1435 cogit.
3284 1363 3521 1422 Necesse

1948 1458 2095 1514 enim
2133 1465 2219 1513 est
2251 1465 2495 1513 creatum
2547 1456 2805 1527 quodque
2842 1471 3061 1511 servum
3111 1471 3253 1521 esse,
3311 1456 3533 1512 Condl-a

1954 1549 2197 1619 lorisque
2244 1548 2327 1603 sui
2369 1547 2623 1618 potestati
2685 1547 3010 1603 obnoxium.
3065 1547 3267 1603 Servus
3296 1563 3423 1603 vero
3471 1563 3523 1604 ei

1953 1641 2041 1696 ille
2072 1650 2177 1707 est,
2215 1640 2313 1711 qui
2340 1640 2565 1711 majoris
2618 1655 2765 1695 curae
2818 1638 3055 1695 fructum
3108 1640 3272 1709 capit,
3320 1638 3527 1710 quique

1952 1733 2131 1790 cidem
2165 1748 2275 1789 non
2330 1733 2506 1789 solum
2558 1732 2613 1787 id
2659 1731 2841 1797 debet,
2894 1732 3040 1801 quod
3087 1731 3181 1795 sit,
3231 1730 3325 1786 sed
3378 1729 3528 1800 quod

1956 1825 2119 1880 etiam
2154 1840 2276 1881 esse
2320 1831 2652 1894 perseveret.
2713 1822 2865 1878 Servi
2897 1838 3063 1893 porro
3088 1824 3255 1877 etiam
3294 1822 3373 1878 illi
3396 1823 3526 1891 jure

1958 1918 2153 1974 merito
2195 1917 2520 1984 habeantur,
2548 1916 2862 1986 quicunque
2888 1915 2957 1970 ab
3013 1915 3207 1971 acerba
3245 1914 3531 1986 tyrannide

1955 2014 2009 2062 et
2024 2007 2316 2063 durissima
2339 2007 2648 2076 captivitate
2671 2019 2869 2077 magno
2886 2006 3060 2075 pretio
3089 2004 3355 2075 redempti
3396 2005 3532 2060 libe-

1959 2111 2193 2155 ratorem
2222 2100 2512 2153 Dominum
2547 2113 2764 2168 quoque
2798 2113 2960 2153 suum
2990 2096 3384 2167 appellandum
3409 2110 3533 2151 esse

1958 2190 2289 2260 intelligunt.
2334 2189 2563 2244 Divinns
2634 2205 2760 2244 tero
2821 2187 3026 2245 Paulus
3076 2188 3211 2244 tanti
3256 2189 3373 2245 haec
3420 2203 3530 2242 non

1962 2283 2110 2348 fecit,
2149 2294 2208 2337 ut
2233 2283 2301 2337 iis
2334 2291 2543 2337 tantum
2568 2281 2886 2337 nominibus
2912 2298 2973 2337 se
3015 2280 3339 2351 snhjiceret;
3377 2294 3530 2335 com-

1959 2377 2144 2428 munia
2198 2371 2343 2428 enim
2400 2373 2517 2427 haec
2580 2371 2814 2426 habebat
2849 2387 2974 2427 cum
3015 2370 3165 2436 aliis,
3225 2386 3349 2437 quae
3394 2368 3534 2424 nihil

1958 2466 2217 2535 prazcipui
2257 2473 2352 2519 aut
2410 2464 2777 2519 admiratione
2813 2462 2965 2533 digni
3025 2479 3209 2519 secum
3264 2464 3533 2520 ferebant;

1959 2560 2077 2613 Alia
2115 2573 2242 2614 vero
2274 2566 2452 2620 erant,
2506 2573 2679 2627 eaque
2715 2558 2869 2626 plura
2916 2565 2973 2612 et
3024 2557 3258 2627 majora,
3309 2565 3535 2627 propter

1961 2668 2085 2721 quae
2122 2650 2264 2707 servi
2313 2665 2372 2706 se
2404 2651 2625 2704 nomine
2664 2650 2987 2703 cohonestat
3032 2657 3088 2703 et
3144 2658 3329 2710 ornat,
3363 2650 3535 2703 servi-

1962 2744 2201 2813 tutisque
2217 2741 2536 2811 dignitatem
2570 2746 2622 2795 et
2643 2741 2951 2794 libertatem
2979 2754 3106 2795 vere
3132 2738 3297 2793 talem
3322 2740 3533 2808 magni-

1962 2835 2062 2891 lice
2131 2842 2392 2889 ostentat.
2456 2833 2602 2887 Inter
2653 2833 2768 2887 haec
2814 2831 3053 2901 primum
3114 2830 3293 2886 locum
3354 2837 3539 2887 tenent

1962 2927 2191 2998 egregiae
2222 2927 2327 2981 illae
2378 2925 2556 2989 dotes,
2592 2923 2794 2994 quibus
2836 2938 2867 2977 a
2902 2921 3202 2978 Conditore
3246 2921 3352 2978 sibi
3398 2936 3535 2976 con-

1964 3022 2135 3076 cessis
2164 3019 2391 3090 gloriari
2418 3033 2528 3088 pra:
2560 3017 2684 3072 aliis
2725 3025 2955 3087 poterat.
2998 3016 3240 3071 Alterum
3269 3024 3355 3071 est
3384 3030 3539 3069 amor

281 3106 386 3173 τῆς
411 3104 678 3171 δουλείας,
728 3108 996 3181 ἐλευθέρῳ
1042 3114 1352 3182 φρονήματι
1381 3113 1479 3184 τὴν
1518 3113 1594 3177 ὡς
1643 3113 1859 3183 ἀληθῶς

1965 3111 2366 3174 emcacissime,
2403 3117 2458 3162 et
2505 3110 2703 3177 magis,
2750 3120 2915 3176 quam
2966 3105 3022 3159 in
3076 3104 3327 3158 homines
3376 3101 3540 3165 alios.

282 3196 573 3266 ἐμφανίζει
616 3199 920 3268 εὐγένειαν.
965 3202 1077 3256 Καὶ
1109 3203 1249 3275 πρός
1295 3221 1359 3272 γε
1392 3208 1506 3269 τοῖς
1550 3206 1863 3277 εἰρημένοις

281 3291 353 3359 τῇ
386 3291 641 3364 ἀκριϐείᾳ
685 3293 779 3346 καὶ
822 3293 1156 3365 καθαρότητι
1205 3296 1298 3349 τοῦ
1330 3298 1752 3369 πολιτεύματος,
1796 3300 1863 3353 δι’

283 3372 367 3433 ὧν
393 3381 587 3437 ἑαυτὸν
605 3384 792 3438 δοῦλον
812 3384 909 3438 καί¹
932 3386 1090 3457 σῶμα
1106 3387 1201 3440 καὶ
1222 3387 1398 3460 ψυχὴν
1423 3389 1518 3444 καὶ
1546 3390 1863 3460 λογισμοὺς,

284 3472 387 3525 καὶ
415 3474 593 3529 πάντα
638 3476 705 3527 τὰ
758 3475 838 3546 τῷ
882 3477 1106 3546 Χριστῷ
1163 3479 1546 3549 παρεστήσατο
1584 3494 1598 3509 ’
1630 3480 1866 3550 οὐδαμοῦ

286 3562 392 3628 τὴν
418 3564 648 3637 ἐκλογὴν
674 3566 961 3637 αἰσχύνας,
986 3568 1110 3622 οὐδὲ
1146 3569 1245 3640 τὴν
1276 3570 1485 3625 ἄνωθεν
1522 3571 1701 3642 ψῆφον
1732 3590 1870 3641 φαυ-

287 3652 471 3720 λίσας,
507 3659 784 3729 πανταχοῦ
815 3660 869 3713 δὲ
906 3660 1109 3731 μᾶλλον
1134 3659 1283 3715 θείαν
1306 3662 1383 3725 ὡς
1411 3662 1628 3732 ἀληθῶς
1653 3664 1870 3736 ἀποφή-

288 3764 412 3811 νας.
454 3748 548 3802 καὶ
574 3751 687 3815 τοῖς
714 3751 899 3824 ἔργοις
921 3752 1022 3825 τὴν
1062 3750 1243 3822 κρίσιν
1281 3753 1747 3825 βεϐαιωσάμενος,
1778 3759 1872 3810 καὶ

293 3839 467 3910 μηδὲν
492 3840 689 3909 λιπὼν,
726 3843 778 3895 τί
812 3845 894 3898 δεῖ
914 3844 1093 3913 λέγειν
1124 3845 1233 3899 τῶν
1276 3845 1506 3899 ἐντολῶν
1554 3848 1873 3918 ἁκατόρθω-

290 3950 409 4001 τον,
431 3935 567 3989 ὅπου
588 3935 953 4005 λαϐεῖνέστιν,
980 3938 1047 4002 ἃς
1064 3940 1157 3992 καί¹
1187 3939 1288 3991 ύπε
1298 3939 1587 4009 ρεϐἀλλετο
1614 3941 1871 4007 ;Δείκνυ-

291 4042 389 4080 ται
437 4025 731 4098 τοιγαροῦν
764 4028 793 4079 ό
837 4028 1138 4098 θαυμάσιος
1189 4028 1424 4095 Παῦλος,
1471 4029 1595 4083 καθ’
1632 4031 1731 4085 ἕνα
1774 4032 1872 4103 μὲν

293 4116 500 4187 τρόπον
522 4117 727 4183 δοῦλος,
750 4118 825 4183 ὡς
866 4120 965 4190 τῆς
1001 4120 1401 4192 δημιουργικῆς
1430 4122 1691 4194 παλάμης
1723 4125 1873 4193 φιλο-

294 4206 568 4277 τέχνημα.
601 4207 739 4263 Καθ’
770 4208 957 4279 ἓτερον
982 4208 1061 4273 δὲ,
1095 4208 1172 4273 ὡς
1197 4212 1263 4281 τῇ
1292 4211 1500 4264 ἐκεῖθεν
1526 4213 1755 4285 προνοίᾳ
1773 4214 1873 4284 τὴν

299 4297 538 4368 ὓπαρξιν
560 4300 939 4371 συνεχόμενος.
966 4296 1085 4354 εἷτα
1104 4300 1179 4364 ὡς
1200 4303 1663 4374 ὴγορασμένοςτῷ
1680 4308 1874 4359 Δεσπο-

297 4395 439 4465 τικῷ
486 4396 701 4467 αἵματι,
746 4398 931 4450 λοιπον
974 4397 1225 4452 ἐντεῦθεν
1281 4399 1348 4451 τὰ
1407 4400 1714 4466 ἰδιάζοντα*
1754 4404 1873 4457 οὐδὲ

1966 3204 2232 3258 adversus
2257 3216 2318 3256 se
2348 3200 2635 3271 probatus.
2672 3197 2923 3253 Tertium
2955 3196 3168 3253 functio
3194 3195 3541 3266 apostolatus

1967 3296 2086 3349 sine
2107 3292 2555 3364 tergiversatione
2581 3298 2858 3360 suscepta,
2888 3305 2990 3345 nec
3015 3290 3368 3343 intermissus
3398 3301 3539 3357 prae-

1967 3385 2116 3441 conii
2143 3383 2441 3455 evangelici
2468 3398 2685 3439 cursus.
2720 3382 2799 3436 Ex
2819 3381 2905 3438 his
2923 3381 3298 3452 praerogativis
3329 3379 3541 3450 magni-

1969 3479 2068 3532 tice
2099 3476 2408 3548 etingenue
2440 3475 2508 3531 de
2536 3475 2799 3530 servitute
2822 3489 2922 3529 sua
2954 3474 3202 3528 sentiens
3227 3487 3409 3526 veram
3442 3486 3538 3524 no—

1972 3570 2235 3624 bilitatem
2280 3569 2642 3624 demonstrat.
2694 3567 2780 3622 Ad
2830 3568 2945 3622 hmc
3000 3566 3186 3622 omnia
3247 3564 3545 3619 accedebat

1971 3670 2159 3717 curata
2174 3669 2229 3716 et
2248 3660 2480 3731 ingenua
2505 3674 2593 3715 res
2616 3674 2747 3716 suas
2775 3658 2966 3729 agendi
2992 3659 3148 3725 ratio,
3170 3672 3442 3728 perquam
3460 3672 3565 3711 se-.

1971 3752 2144 3821 ipsum
2174 3765 2392 3805 servum
2412 3751 2558 3819 quod
2587 3750 2653 3805 ad
2679 3764 2900 3820 corpus,
2924 3751 3159 3804 animam
3201 3760 3548 3820 mentemque

1970 3852 2025 3899 et
2044 3851 2242 3897 caetera
2269 3840 2507 3911 denique
2539 3841 2723 3895 omnia
2768 3841 2991 3897 Christo
3019 3842 3285 3906 sistebat;
3318 3840 3545 3896 electio-

1970 3949 2094 3987 nem
2142 3934 2230 3987 sui
2261 3932 2399 3987 adeo
2431 3948 2542 3986 non
2595 3933 2916 4002 deturpans,
2970 3941 3065 3986 aut
3116 3933 3341 3989 caeleste
3375 3931 3439 3986 de
3486 3946 3549 3987 se

1969 4027 2237 4099 judicium
2285 4024 2440 4097 parvi
2476 4024 2703 4090 faciens,
2744 4036 2802 4080 ut
2832 4025 3013 4095 potius
3055 4040 3158 4095 pro
3196 4025 3383 4080 divino
3418 4039 3546 4079 mu-

1972 4136 2104 4176 nere
2138 4136 2180 4179 .a
2208 4134 2267 4175 se
2318 4119 2510 4174 haberi
2568 4128 2825 4174 testatum
2896 4117 3119 4182 faceret,
3175 4117 3341 4188 idque
3384 4132 3548 4187 opere

1974 4211 2094 4280 ipso
2142 4208 2404 4271 ﬁnmaret,
2440 4223 2541 4263 nec
2609 4208 2909 4278 quidquam
2992 4217 3382 4279 praeceptorum
3428 4207 3549 4277 ejus

1975 4301 2290 4373 negligeret,
2323 4308 2382 4355 ut
2423 4300 2613 4355 eadem
2667 4302 2719 4354 in
2755 4300 3031 4356 nonnullis
3084 4300 3247 4354 etiam
3287 4312 3551 4369 superare

1978 4396 2329 4466 intelligatur.
2382 4396 2756 4451 Admirandus
2815 4395 2998 4465 itaque
3073 4395 3276 4448 Paulus
3322 4410 3389 4446 ex
3442 4408 3551 4447 una

302 4486 438 4556 γὰρ,
477 4488 598 4541 οὐδὲ
634 4489 797 4559 μέχρι
826 4489 1031 4543 τούτων
1061 4490 1294 4553 ἵσταται,
1321 4476 1442 4545 οὐδὲ
1461 4493 1571 4565 (41)
1602 4498 1714 4558 τοῖς
1758 4513 1874 4549 κοιο

1980 4500 2131 4559 parte
2185 4505 2404 4547 servum
2455 4506 2515 4547 se
2552 4491 2719 4559 sistit,
2752 4499 3015 4561 tanquam
3056 4506 3253 4545 manus
3298 4487 3552 4558 omnipo-

299 4580 413 4641 νοίς
437 4578 536 4651 τὴν
562 4580 727 4633 αὑτοῦ
774 4581 1019 4635 δουλείαν
1051 4584 1406 4654 περιγράφει,
1454 4585 1591 4639 ἀλλὰ
1640 4586 1735 4643 καί
1777 4606 1876 4658 χαο

303 4671 587 4740 ρισμάτων
633 4672 862 4726 πλοῦτον
892 4673 1351 4745 περιϐαλλόμενος
1372 4714 1387 4739 ,
1440 4676 1606 4745 ἄλλης
1634 4676 1875 4742 δουλείας

300 4765 455 4834 ζυγῷ
498 4766 594 4818 καὶ
643 4765 831 4837 τρόπῳ
886 4766 1076 4820 ἑαυτὸν
1144 4767 1540 4836 ὑποζεύγνυσιν
1573 4810 1588 4833 ,
1667 4771 1879 4824 ἀντιδε-

304 4853 555 4919 ξιοῦσθαι
615 4855 937 4921 φιλονεικῶν
968 4857 1068 4910 οὐκ
1123 4857 1339 4911 εἰωθόσι
1394 4858 1734 4929 θεραπείαις,
1789 4860 1879 4913 τὸν

304 4945 651 5015 καινοτέραις
682 4946 847 4998 αὑτὸν
893 4946 1387 5018 φιλοτιμησάμενον
1416 4949 1626 5019 χάρισι.
1676 4950 1784 5003 Ναὶ
1813 4950 1878 5021 δὴ

306 5035 402 5089 καὶ
422 5034 546 5089 ἀντὶ
566 5036 784 5089 πάντων
804 5035 952 5107 φιλεί
968 5036 1059 5090 τὸν
1072 5038 1371 5109 Δεσπότην,
1398 5038 1621 5109 φίλτρου
1645 5040 1881 5113 ὑπερϐοο

305 5128 407 5198 λὴν
434 5129 495 5181 ού
526 5129 727 5184 λείπων
762 5130 900 5201 (42),
949 5132 1045 5184 καὶ
1082 5130 1266 5200 μεῖξον
1297 5133 1347 5185 εἰ
1396 5134 1543 5185 κατὰ
1591 5133 1748 5201 λόγον
1785 5135 1879 5188 τοῦ

309 5220 706 5291 θαυμάζεσθαι.
785 5223 898 5277 Καὶ
945 5223 1125 5279 πάντα
1181 5222 1425 5278 σκύϐαλα
1477 5226 1735 5293 ἡγεῖται,
1793 5227 1880 5279 ἵνα

309 5314 544 5386 Χριστὸν
580 5315 674 5369 τὸν
722 5316 1057 5388 ποθούμενον
1085 5316 1344 5389 κερδήσῃ.
1394 5317 1555 5369 Ἀλλὰ
1606 5319 1701 5370 καὶ
1744 5319 1881 5372 ἁπο-

417 5430 462 5463 ⁸⁷
493 5427 655 5486 Boni.
674 5446 713 5496 1,
748 5432 799 5486 Ι.

1979 4584 2143 4639 tentis
2177 4598 2354 4654 opus:
2395 4598 2462 4639 ex
2494 4583 2662 4638 altera
2689 4598 2820 4637 vero
2847 4583 3034 4646 talem,
3058 4583 3151 4653 qui
3188 4597 3281 4652 per
3311 4581 3551 4635 divinam

1976 4676 2379 4746 providentiam
2402 4690 2527 4732 esse
2570 4684 2904 4746 perseveret,
2941 4676 3147 4745 quique
3183 4672 3401 4727 Domini
3430 4687 3556 4728 san-

1978 4767 2142 4836 guine
2167 4768 2240 4822 sit
2282 4766 2615 4837 redemptus.
2653 4764 2748 4820 His
2777 4780 2906 4821 vero
2938 4779 3024 4830 ea,
3054 4779 3175 4834 quae
3203 4762 3424 4833 pr0pria
3450 4762 3554 4817 sibi

1982 4860 2163 4924 habet,
2192 4860 2393 4930 jungit,
2430 4875 2605 4930 neque
2629 4860 2683 4913 in
2725 4859 2891 4915 dictis
2930 4858 3251 4927 acquiescit,
3290 4864 3387 4911 aut
3407 4871 3556 4911 com-

1985 4953 2245 5008 munibus
2302 4953 2411 5009 illis
2447 4952 2725 5008 beneﬁciis
2754 4952 3072 5007 servitutem
3125 4965 3282 5004 suam
3318 4948 3557 5004 circum-

1984 5044 2195 5100 scribit.
2245 5044 2428 5100 Multis
2483 5044 2631 5100 enim
2667 5044 2852 5114 gratiae
2899 5043 3059 5098 donis
3100 5058 3160 5097 se
3207 5041 3560 5096 cumulatum

1985 5150 2311 5206 agnoscens,
2340 5136 2480 5191 alius
2519 5136 2802 5191 servitutis
2848 5135 2978 5205 jugo
3008 5144 3061 5188 et
3102 5133 3288 5203 generi
3325 5147 3385 5187 se
3428 5131 3557 5186 sub-

1982 5228 2122 5295 jicit,
2157 5243 2379 5298 operam
2406 5229 2563 5291 dans,
2597 5238 2655 5282 ut
2705 5244 2812 5283 non
2844 5227 3053 5299 vulgari
3081 5237 3135 5281 et
3163 5234 3426 5281 consueto
3456 5226 3559 5280 oh-

1986 5320 2178 5390 sequio
2223 5336 2372 5386 eum,
2404 5322 2497 5391 qui
2555 5337 2617 5378 se
2665 5322 2821 5377 nmis
2874 5329 2928 5375 ct
2988 5320 3221 5378 insolitis
3285 5318 3559 5374 beneﬁciis

1852 5531 2090 5589 ΝΟΤΑΞ.

387 5619 498 5690 (40)
524 5623 552 5674 ὁ
584 5623 692 5691 γὰρ
725 5625 926 5693 προῖκα
951 5654 1017 5664 -
1056 5625 1177 5695 οὐχὶ
1231 5626 1413 5689 δοῦλος
1440 5627 1622 5696 accepi
1659 5641 1727 5681 ex
1762 5626 1885 5681 Col-

320 5693 453 5744 bert.

390 5761 499 5829 (-H)
537 5763 691 5818 Coll).
722 5764 828 5815 οὐδ’
858 5766 935 5816 ὲν.

1994 5700 2011 5752 1
2068 5628 2179 5693 (42)
2214 5627 2303 5714 §ic
2356 5628 2537 5683 scribo
2590 5640 2685 5694 pro
2738 5626 2940 5678 Αεῖπον.
2983 5620 3103 5676 Mox
3161 5634 3258 5688 pro
3288 5620 3337 5671 εἰ
3376 5614 3560 5670 malim

2017 5714 2171 5752 caere
2212 5716 2264 5752 η.

2017 5714 2171 5770 cgere
2212 5716 2264 5769 η.
