3908 6214
332 207 434 276 751

1477 226 1739 289 PHOTII
1777 231 2285 293 PATRIARCH/E
2318 232 2429 292 CP-

3478 224 3596 289 752

332 328 687 391 mactaverat,
741 325 984 380 vicissim
1018 327 1316 399 exciperet.
1369 330 1665 403 Propterea
1730 337 1897 391 etiam

2022 338 2284 392 ςτὲλλεται
2340 338 2540 410 κῆρυξ,
2591 337 2685 390 καὶ
2728 332 3063 403 οἰκουμένην
3114 333 3313 403 πληροῖ
3353 330 3430 400 τῷ
3477 349 3584 389 κη-

333 411 621 471 Dominum
649 430 759 484 pne
788 417 915 474 aliis
955 422 1213 477 omnibus
1250 432 1417 487 amat,
1453 426 1519 481 de
1560 429 1765 483 amoris
1788 429 1897 494 sui,

323 502 447 574 ipsa
507 506 890 578 admiratione,
945 522 1005 567 ut
1063 516 1400 573 conveniens
1449 531 1585 585 erat,
1654 521 1900 591 majoris,

330 598 706 665 magnitudine
735 602 873 657 nihil
905 605 1208 662 remittens.
1257 606 1453 665 Omnia
1485 627 1651 681 porro
1683 629 1781 683 pro
1818 629 1903 668 re-

329 685 517 757 jiculis
539 690 724 759 habet,
766 705 828 750 ut
855 696 1160 763 Christum,
1201 701 1306 757 sibi
1347 702 1901 771 desideratissimum,

334 776 595 837 lucretur.
627 782 862 843 Mittitur
886 802 1017 853 vero
1066 792 1228 846 etiam
1260 802 1321 846 ut
1356 808 1559 861 praeco,
1611 804 1905 867 totumque

332 870 521 927 orbem
579 878 855 947 praeconio
908 896 1010 937 suo
1052 882 1265 953 implet,
1314 884 1731 958 Hierosolymis,
1783 900 1907 943 tan-

334 987 499 1042 quam
533 989 562 1027 a
591 974 928 1042 carceribus,
964 993 1137 1053 usque
1168 980 1238 1033 ad
1264 994 1458 1036 omnes
1484 990 1753 1035 terrarum
1776 980 1909 1036 lines

332 1078 652 1132 excurrens,
692 1076 746 1122 et
763 1068 1103 1139 evangelium
1139 1086 1313 1140 usque
1354 1073 1420 1129 ad
1449 1071 1651 1129 Oceani
1684 1073 1911 1131 ﬂumina

331 1157 698 1214 obuccinans.
730 1157 1011 1229 Ejusmodi
1065 1162 1386 1219 servitutem
1435 1166 1643 1221 servire
1691 1166 1911 1223 Christo

337 1243 536 1301 Paulus
568 1247 852 1316 didicerat.
902 1248 1000 1306 His
1032 1267 1163 1307 vero
1200 1263 1254 1307 et
1293 1254 1582 1325 septimum
1613 1257 1912 1327 servitutis,

333 1353 505 1406 genus
533 1339 775 1405 accedit,
810 1343 1030 1410 quando
1080 1343 1227 1413 leges
1269 1355 1319 1397 et
1378 1346 1628 1401 instituta
1670 1348 1814 1412 vitae,
1858 1349 1912 1402 in

331 1428 554 1493 Christo
589 1439 743 1497 actae,
795 1440 904 1487 tam
961 1443 1153 1490 sancte
1229 1436 1591 1508 solliciteque,
1654 1451 1715 1495 ut
1758 1457 1917 1496 nemo

2011 432 2270 503 ρύγματι,
2310 431 2417 485 ἀπὸ
2457 428 2815 501 Ἰερουσαλὴμ
2845 427 2904 491 ἐξ
2945 425 3244 497 ἀφετηρίου
3274 424 3420 495 τινὸς
3449 424 3596 495 πρὸς

2007 524 2076 577 τὰ
2103 522 2209 591 γῆς
2259 522 2439 576 πάντα
2491 518 2717 589 δραμὼν
2770 519 3001 588 πέρατα,
3031 516 3126 570 καὶ
3176 514 3369 585 μέχρις
3408 513 3595 567 αὑτῶν

2010 615 2119 668 τῶν
2158 612 2414 667 Ὠκεανοῦ
2466 610 2753 683 ῥευμάτων
2808 607 3075 671 σαλπίσας
3126 605 3188 659 τὸ
3219 602 3593 673 Εὑαγγέλιον.

2012 704 2284 774 Τοιαύτην
2298 703 2543 758 δουλείαν
2568 704 2596 756 ὁ
2616 700 2827 765 Παῦλος
2842 700 3130 771 ἠπίστατο,
3153 697 3236 765 ἐφ’
3257 691 3339 759 οἷς
3357 694 3592 764 ἒεδομος

2012 798 2261 860 δουλείας
2324 796 2607 863 ὲξανύεται
2651 798 2873 866 τρόπος,
2910 792 2977 851 δι’
3010 783 3071 843 οὗ
3103 790 3203 860 τῆς
3252 789 3317 841 ὲν
3368 784 3600 857 Χριστῷ

2015 890 2293 952 πολιτείας
2324 890 2450 951 τοὺς
2478 888 2715 958 θεσμοὺς
2744 886 2839 939 καὶ
2873 884 2942 938 τὰ
2990 882 3197 952 νόμιμα
3242 879 3503 950 καθαρῶς
3533 894 3599 932 τε

2016 982 2110 1035 καὶ
2148 979 2472 1045 σπουδαίως,
2505 980 2601 1032 καὶ
2630 978 2706 1042 ὡς
2726 978 2827 1031 οὑκ
2863 977 2928 1031 ἀν
2957 991 3044 1037 τις
3090 974 3300 1043 ἔτερος,
3342 972 3405 1025 οὑ
3445 971 3599 1037 τότε,

2019 1070 2131 1142 (4³5)
2181 1071 2279 1139 οὑχ
2309 1068 2558 1137 ὓστερον,
2591 1066 2959 1138 κατώρθωσεν
2991 1083 3050 1120 τε
3109 1063 3204 1118 καὶ⁵
3251 1060 3599 1131 διεφύλαξεν,

2020 1161 2359 1226 ὑπωπιάζων
2391 1160 2502 1233 (44)
2551 1161 2613 1214 τὸ
2640 1159 2800 1235 σῶμα
2834 1159 2925 1213 καὶ
2953 1154 3336 1225 δουλαγωγῶν,
3367 1154 3443 1225 μή
3481 1168 3603 1214 πως

2021 1259 2201 1322 ἀλλοις
2232 1256 2479 1329 κηρύξας
2522 1254 2687 1317 αὑτὸς
2715 1252 2974 1322 ἀδόκιμος
3008 1250 3255 1319 γένηται.
3290 1240 3458 1303 Αὑται
3498 1243 3631 1313 τῆς⁷

2022 1352 2266 1417 δουλείας
2294 1353 2349 1406 αἱ
2379 1350 2679 1420 θαυμάσιαι
2716 1347 2811 1401 καὶ⁵
2834 1345 3116 1418 κρείττους
3139 1344 3356 1413 ἀπάσης
3385 1339 3605 1393 ἐλευθε-

2029 1446 2148 1517 ρίας
2169 1444 2304 1499 ἰδέαι
2321 1442 2555 1516 (4541)·
2580 1442 2805 1502 ταύταις
2824 1436 3301 1501 ἀνέπνει,ταύταις
3319 1433 3420 1485 οὑκ
3436 1430 3607 1499 ἔληγε

334 1522 476 1590 alius
516 1537 729 1587 eorum,
768 1525 862 1595 qui
894 1526 978 1581 vel
1009 1535 1140 1582 tunc
1185 1530 1268 1582 vel
1296 1540 1482 1599 postea
1511 1533 1786 1597 vivebant,
1823 1535 1914 1591 ob-

2025 1536 2329 1602 δουλεύων,
2380 1533 2611 1597 ταύταις
2671 1530 2912 1585 ἐναθλῶν
2958 1524 3306 1597 ἐσεμνύνετο.
3362 1522 3453 1575 Διὸ
3508 1520 3609 1573 καὶ

333 1616 568 1673 servavit
589 1625 644 1672 et
659 1618 939 1685 custodiit,
958 1635 1158 1688 corpus
1180 1636 1341 1676 suum
1362 1624 1636 1694 castigans
1657 1636 1710 1680 et
1727 1628 1779 1681 in
1805 1643 1919 1682 ser-

2029 1628 2257 1701 γράφων
2279 1626 2465 1682 δοῦλον
2498 1624 2692 1680 ἑαυτὸν
2726 1622 2905 1694 Ἰησοῦ
2932 1617 3171 1691 Χριστοῦ
3196 1616 3603 1684 άπογράφεται.

333 1705 562 1760 vitutem
589 1706 867 1781 redigcns,
918 1724 987 1763 ne
1015 1708 1137 1763 aliis
1159 1711 1465 1779 praedicans
1494 1714 1609 1784 ipse
1645 1716 1799 1770 lieret
1833 1734 1914 1769 re-

2022 1721 2190 1776 Τοῦτό
2226 1738 2350 1791 μου,
2405 1721 2560 1790 φησι,
2606 1718 2665 1771 τὸ
2694 1715 2933 1783 ἀξίωμα.
2985 1711 3158 1764 Τοῦτο
3207 1710 3309 1778 τῆς
3363 1704 3608 1777 ἀρχικῆς

334 1797 563 1866 probus.
605 1798 731 1854 Haec
763 1808 895 1853 sunt
917 1800 1239 1856 admiranda
1268 1802 1359 1857 illa
1386 1807 1646 1876 omnique
1668 1808 1917 1870 libertate

336 1890 564 1945 meliora
589 1891 871 1947 servitutis
887 1907 1107 1962 genera,
1130 1909 1251 1961 quae
1277 1893 1481 1951 Paulus
1500 1898 1644 1967 spira
1656 1900 1764 1964 bat,
1796 1917 1918 1970 quae

336 1985 612 2045 sustinere
627 2002 735 2051 non
756 1987 1060 2053 desinebat,
1080 1989 1282 2058 quibus
1300 2001 1535 2050 onustus
1555 1994 1917 2064 gloriabatur.

336 2076 633 2149 Propterea
664 2080 874 2136 litteras
913 2083 1159 2140 scribens
1195 2099 1414 2139 servum
1459 2101 1518 2140 se
1556 2084 1686 2142 Jesu
1716 2086 1918 2144 Christi

338 2172 665 2243 appellabat.
693 2174 840 2240 Haec,
864 2175 1100 2243 dicebat,
1128 2193 1250 2232 mea
1268 2185 1353 2234 est
1384 2180 1621 2248 dignitas
1648 2182 1661 2234 l
1692 2182 1918 2236 hocim-

336 2265 629 2335 peratoria:
653 2268 943 2337 potestatis
985 2268 1237 2339 insigne!
1264 2269 1369 2332 hoc
1410 2271 1634 2326 nomine
1661 2274 1920 2328 omnibus

336 2356 501 2411 velim
520 2357 864 2419 innotescere
891 2361 904 2414 !
951 2360 1054 2427 Qui
1084 2361 1139 2431 in
1174 2362 1381 2417 mundo
1412 2377 1499 2417 res
1537 2375 1667 2419 suas
1694 2363 1914 2429 habent,

339 2446 422 2501 illi
450 2447 671 2518 quidem
703 2465 733 2503 a
765 2450 955 2506 mundi
977 2452 1333 2521 dignitatibus
1365 2454 1631 2510 celebrari
1664 2456 1912 2526 cupiunt,

337 2554 487 2609 nunc
524 2542 839 2619 consulum,
876 2558 1024 2598 nunc
1080 2543 1489 2613 praefectorum,
1527 2561 1674 2603 nunc
1736 2547 1911 2601 tribu-

338 2647 559 2700 norum,
606 2648 753 2689 nunc
782 2634 907 2689 aliis
942 2635 1118 2690 titulis
1156 2645 1398 2693 utentes.
1444 2637 1618 2693 Paulo
1664 2654 1793 2693 vero
1841 2639 1909 2697 ad

339 2725 551 2802 gloriae,
584 2726 800 2801 imperii
837 2736 892 2782 et
922 2727 1207 2798 dignitatis
1239 2718 1657 2800 amplitudinem
1692 2731 1912 2796 snﬂicil,

2019 1813 2266 1879 ἐξουσίας
2295 1813 2356 1865 τὺ
2395 1814 2693 1881 ἐπίσημον.
2741 1806 2875 1860 Ἀπὸ
2905 1805 3100 1858 τούτου
3155 1802 3415 1874 βούλομαι
3466 1800 3608 1851 πᾶσι

2022 1901 2409 1974 γνωρίζεσθαι.
2449 1901 2513 1955 Oi
2551 1900 2651 1969 μὲν
2684 1900 2743 1951 ἐν
2770 1898 2962 1967 κόσμῳ
2992 1892 3461 1964 ἀναστρεφόμενοι
3492 1890 3606 1942 ἀπὸ

2021 1994 2131 2047 τῶν
2190 1996 2247 2046 ὲν
2285 1992 2475 2061 κόσμῳ
2542 1989 2871 2060 ἀξιωμάτων
2942 1983 3237 2058 δηλοῦσθαι
3299 1982 3605 2053 βούλονται,

2024 2086 2266 2148 ὑπάτους
2293 2083 2542 2145 ἑαυτοὺς,
2589 2082 2684 2134 καὶ
2732 2077 3077 2150 στρατηγοὺς
3123 2074 3218 2128 καὶ
3266 2073 3605 2143 δημάρχους,

2026 2178 2123 2230 καὶ
2150 2177 2218 2229 τὰ
2248 2174 2475 2228 τοιαῦτα
2507 2172 2938 2244 ὑπογράφοντες.
2982 2168 3180 2239 Παύλῳ
3229 2166 3285 2218 δὲ
3314 2167 3476 2234 ἀρκεῖ
3523 2164 3608 2224 εἰς

2030 2271 2259 2339 μέγεθος
2283 2269 2378 2321 καὶ
2424 2267 2583 2335 δόξης
2646 2265 2741 2318 καὶ
2790 2264 2965 2335 ἀρχῆς
3013 2262 3106 2315 καὶ
3153 2259 3487 2330 ἀξιώματος,
3542 2259 3606 2310 τὸ

2022 2361 2209 2415 δοῦλον
2245 2356 2384 2414 εἶναι
2413 2358 2680 2431 Χριστοῦ,
2729 2356 2984 2410 κάκεῖθεν
3023 2352 3285 2425 μᾶλλονῆ
3323 2351 3431 2403 ἀπό
3458 2366 3605 2412 τινος

2020 2454 2182 2522 ἄλλου
2204 2451 2593 2523 γινώσκεσθαι.
2631 2450 2772 2504 Ἀλλ’
2797 2448 2940 2502 οὑτω
2966 2448 3154 2515 μέντοι
3177 2440 3541 2514 τεθεωρήσθω
3566 2441 3601 2510 ἡ

2020 2546 2171 2599 αἰτία
2199 2543 2294 2595 τοῦ
2316 2559 2377 2595 τε
2401 2539 2808 2614 προτάττεσθαι
2830 2540 2929 2610 τὴν
2960 2536 3157 2607 κλῆσιν
3191 2536 3302 2589 τῶν
3344 2534 3602 2586 Ἐπιστο-

2018 2638 2124 2695 λῶν
2150 2636 2387 2701 Παῦλον,
2417 2636 2512 2693 καὶ
2539 2634 2631 2687 τοῦ
2664 2634 2753 2689 διὰ
2785 2633 2988 2695 παντὸς
3020 2631 3207 2686 δοῦλον
3245 2628 3439 2683 ἑαυτὸν
3469 2628 3603 2681 ἀνα-

2022 2732 2259 2802 γράφειν
2288 2728 2551 2799 Χριστοῦ.

336 2817 535 2885 Christi
566 2834 687 2876 esse
709 2835 949 2887 servum,
968 2831 1130 2893 atque
1147 2824 1251 2881 hoc
1267 2825 1466 2895 potius,
1487 2840 1652 2895 quam
1684 2806 1791 2880 alio
1814 2826 2013 2895 quovis
2044 2824 2286 2887 nomine,
2310 2824 2697 2879 inclarescere.
2723 2822 2902 2891 Atque
2918 2821 3035 2878 haec
3067 2819 3288 2891 quidem
3306 2834 3475 2874 causa
3506 2815 3605 2880 tibi

335 2914 695 2969 existimanda
732 2913 915 2979 fuerit,
941 2930 1039 2968 cur
1066 2914 1269 2972 Paulus
1304 2932 1503 2972 nomen
1521 2933 1680 2973 suum
1704 2917 1962 2987 Epistolis
1990 2916 2331 2987 praemiserit,
2352 2930 2677 2985 semperque
2701 2929 2761 2969 se
2796 2912 2999 2967 Christi
3038 2928 3258 2967 servum
3292 2910 3600 2981 appellarit-

408 3007 565 3074 Quod
595 3023 723 3062 vero
755 3008 974 3063 additur
1012 3028 1027 3064 :
1066 3028 1083 3061 ι
1111 3009 1215 3077 Qui
1255 3011 1561 3067 declaratus
1607 3011 1710 3066 fuit
1736 3012 1908 3067 Filius

2082 3011 2156 3064 Τὸ
2183 3010 2294 3081 (49.)
2334 3010 2391 3063 δέ
2415 3026 2428 3039 ⁸
2462 3028 2480 3061 ι
2507 3007 2847 3078 Ὀρισθὲντος
2872 3005 3003 3059 Υίοῦ
3056 3005 3114 3057 ὲν
3159 3004 3408 3073 δυνάμει,
3436 3021 3455 3054 ι
3506 3002 3607 3065 καὶ

338 3100 434 3154 Dei
474 3100 530 3153 in
558 3100 909 3169 potentia”,i
937 3108 1067 3164 etc.,
1103 3101 1192 3154 illa
1216 3101 1348 3155 mihi
1380 3102 1599 3171 quidem
1624 3103 1765 3157 hanc
1790 3118 1915 3157 sen—

340 3194 565 3253 tentiam
596 3192 800 3256 inferre
822 3192 1086 3251 videntur.
1115 3192 1459 3254 Declaratum
1504 3197 1760 3264 appellat,
1795 3206 1915 3261 tan-

343 3300 535 3357 quam,
567 3283 656 3353 qui
688 3294 746 3337 ut
768 3284 892 3340 talis
921 3284 1173 3354 cognitus
1202 3284 1291 3347 sit,
1327 3294 1381 3339 et
1409 3284 1477 3338 ad
1522 3285 1777 3345 notitiam
1820 3285 1915 3339 ho-

342 3376 556 3435 minum
594 3375 911 3445 perductus.
945 3373 1050 3441 lies
1100 3376 1247 3430 enim
1288 3377 1371 3432 vel
1424 3392 1488 3431 ex
1541 3378 1764 3432 nomine
1816 3393 1917 3434 suo

340 3470 709 3537 cognoscere,
742 3466 828 3520 vel
855 3466 1191 3522 definitionis
1237 3466 1473 3535 alicujus
1498 3482 1600 3537 ope
1637 3469 1918 3539 percipere

340 3560 604 3630 solemus.
646 3558 933 3628 Deﬁnitum
979 3558 1163 3628 itaque
1198 3558 1466 3629 appellat,
1519 3576 1630 3614 non
1681 3562 1841 3632 quasi
1884 3577 1916 3617 a

340 3666 617 3723 quoquam
645 3650 699 3705 in
729 3650 900 3704 tilium
947 3650 1017 3705 sit
1036 3652 1324 3720 adoptatus
1348 3667 1362 3716 ;
1384 3652 1527 3707 absit
1558 3652 1694 3707 hoc!
1718 3668 1913 3723 neque,

341 3745 489 3815 quod
531 3758 732 3798 nomen
762 3741 887 3797 Filii
921 3741 1015 3798 Dei
1044 3758 1139 3812 per
1182 3743 1588 3812 impositionem
1622 3746 1914 3815 quamdam

343 3846 539 3893 nactus
571 3836 682 3903 sit;
714 3834 808 3891 sed
858 3834 1137 3903 deﬁnitum
1191 3844 1384 3902 vocat,
1427 3826 1686 3907 tanquam
1728 3838 1819 3907 qui
1850 3852 1916 3892 ex

344 3912 773 4001 proprietatibus
802 3928 918 3983 suis
943 3928 1100 3983 nobis
1127 3928 1452 3995 innotuerit,
1485 3938 1541 3984 et
1574 3930 1625 3984 in
1651 3929 1919 3999 cognitio-

346 4037 468 4081 nem
500 4018 777 4091 nostram,’
815 4020 995 4091 quoad
1024 4020 1115 4083 illa
1148 4019 1201 4072 in
1244 4019 1498 4076 homines
1533 4020 1699 4085 cadit,
1726 4035 1918 4089 pervc-

347 4112 508 4167 nerit.
538 4109 693 4165 Unde
732 4111 896 4180 igitur
924 4150 940 4176 ,
978 4120 1033 4167 et
1065 4126 1132 4165 ex
1175 4110 1379 4181 quibus
1425 4111 1719 4166 momentis
1749 4110 1920 4165 Filius

292 4202 295 4206 ’
350 4204 441 4260 Dei
466 4204 886 4269 determinatur,
932 4211 988 4259 et
1030 4203 1229 4273 quibus
1270 4203 1695 4274 proprietatibus
1723 4204 1919 4260 distin-

344 4290 523 4365 ctus'a
565 4297 727 4353 nobis
763 4296 1161 4366 cognoscitur?
1202 4298 1275 4351 Ex
1319 4299 1690 4377 propheticis,
1717 4299 1916 4369 inquit,

2015 3103 2163 3174 ἑξῆς,
2194 3102 2450 3173 τοιαύτην
2491 3101 2614 3154 τινά
2664 3116 2755 3168 μοι
2804 3099 2949 3150 δοκεῖ
2996 3097 3096 3165 τὴν
3147 3095 3382 3166 θεωρίαν
3431 3094 3603 3164 ἔχειν’

2027 3192 2616 3264 Ὀριοτθέντος,φησὶν,
2634 3190 2796 3245 οἱονεὶ
2812 3188 3273 3259 ἐπιγνωσθέντος,
3294 3188 3374 3251 εἰς
3399 3186 3605 3256 γνῶσιν

2016 3286 2327 3359 ἀνθρώποις
2361 3285 2681 3355 ἐληλυθότος
2706 3282 2843 3354 (45).
2862 3282 3149 3352 Εἰώθαμεν
3176 3282 3245 3348 γὰ
3256 3297 3286 3351 ρ
3312 3279 3345 3350 ἢ
3375 3277 3606 3348 ὀνόματί

2014 3398 2121 3434 τινι
2172 3377 2611 3448 καταλαμϐάνειν
2634 3376 2705 3428 τὰ
2750 3374 3071 3445 πράγματα,
3096 3372 3130 3442 ἢ
3171 3372 3260 3424 διά
3282 3388 3446 3425 τινων
3475 3372 3595 3440 ὁρι-

2018 3473 2129 3527 κῶν
2160 3472 2337 3541 λόγων
2360 3472 2439 3533 εἰς
2464 3470 2560 3540 τὴν
2587 3468 2765 3522 αὑτῶν
2790 3465 3132 3537 ἀφικνεῖσθαι
3159 3462 3608 3531 ἐπίγνωσιν.-Νῦν

2016 3561 2670 3633 οὗν,ὀρισθέντος,φησὶν
2691 3561 2809 3632 οὑχὶ
2827 3561 2888 3613 τὸ
2905 3560 3056 3630 παρά
3079 3575 3222 3620 τινος
3239 3558 3316 3619 εἰς
3333 3554 3609 3609 υἱοθεσίαν

2017 3653 2361 3725 ἀνειλῆφθαι,
2408 3652 2612 3720 ἄπαγε,
2655 3651 2767 3704 οὐδ’
2798 3651 2881 3704 ὃτι
2925 3649 3024 3721 τὴν
3055 3647 3147 3701 τοῦ
3182 3646 3312 3699 Υἰοῦ
3343 3646 3436 3698 τοῦ
3466 3644 3607 3697 Θεοῦ
3636 3654 3651 3669 ⁶

2020 3746 2388 3821 προσηγορίαν
2419 3745 2527 3798 ἀπό
2574 3761 2719 3805 τινος
2761 3744 2990 3812 ἐπέσχεν
3031 3739 3274 3802 θέσεως,
3323 3736 3609 3805 ἀλλ’,όρι-

2018 3838 2485 3910 σθέντος,φησὶν,
2522 3830 2635 3889 οἷον
2682 3835 2776 3887 τοῦ
2811 3835 2901 3887 διὰ
2948 3833 3057 3903 τῶν
3105 3834 3234 3903 περὶ
3266 3832 3428 3884 αὑτόν
3461 3831 3610 3883 ἰδιω-

2023 3932 2210 4002 μάτων
2247 3932 2278 4000 ἡ
2290 3932 2381 4000 μίν
2412 3927 2861 3998 ὲμφανισθέντος,
2889 3927 2983 3982 καὶ
3011 3925 3092 3988 είς
3144 3924 3349 3993 γνῶσιν
3380 3924 3475 3977 καὶ
3505 3938 3608 3975 κα-

2019 4024 2270 4093 τάληψιν,
2295 4022 2369 4083 ὡς
2397 4015 2510 4074 οἷόν
2536 4020 2597 4074 τέ
2628 4023 2774 4074 ἐστιν
2809 4019 3123 4089 ἀνθρωπίνῃ
3152 4015 3314 4087 φύσει
3339 4059 3353 4081 ,
3383 4016 3600 4086 περιελ·

2021 4115 2226 4177 θόντος.
2274 4113 2445 4168 Πόθεν
2485 4111 2577 4179 οῦν
2622 4113 2718 4165 καὶ
2763 4113 2829 4164 ὲκ
2886 4111 3047 4165 τίνων
3073 4110 3102 4161 ό
3142 4109 3237 4162 τοῦ
3287 4109 3423 4162 Θεοῦ
3477 4109 3607 4171 Υἱὸς

2021 4203 2362 4279 ἀφορίζεται,
2398 4204 2493 4256 καὶ
2520 4204 2661 4256 τίσιν
2691 4202 2916 4271 ἰδιότησι
2951 4198 3495 4271 χαρακτηριζόμενος
3516 4202 3597 4259 είς

2023 4301 2222 4368 γνῶσιν
2256 4301 2387 4369 ἡμῖν
2433 4297 2689 4367 ἕρχεται;
2732 4294 2826 4348 Ἐκ
2858 4292 3245 4364 προφητικῶν,
3279 4291 3435 4360 φησὶ,
3462 4307 3603 4361 χρη-

344 4388 606 4443 oraculis.
657 4386 713 4445 ld
758 4389 903 4459 enim
953 4387 1262 4459 signiﬁcat,
1291 4389 1481 4445 dicens
1517 4410 1529 4445 :
1571 4390 1751 4457 «Quod
1780 4407 1914 4461 prae<

2028 4392 2204 4461 σμῶν.
2246 4391 2414 4442 Τοῦτο
2439 4390 2548 4457 γὰρ
2570 4386 2866 4459 παρίστησι
2889 4386 2976 4439 διὰ
3001 4385 3092 4437 τοῦ
3116 4386 3312 4437 εἰπεῖν·
3345 4404 3361 4435 ι
3380 4385 3445 4434 '0
3467 4398 3604 4452 προ-

345 4481 617 4536 nuntiavit
647 4495 743 4549 per
783 4481 1077 4549 prophetas
1105 4496 1235 4557 suos
1279 4481 1332 4535 in
1376 4484 1549 4537 sacris
1582 4482 1917 4537 Litteris°°.r

346 4570 550 4625 Deinde
578 4585 711 4625 vero
743 4586 808 4625 ex
838 4573 1120 4629 miraculis
1140 4613 1155 4636 ,
1187 4588 1310 4642 quae
1337 4589 1503 4642 supra
1537 4584 1743 4628 natura:
1780 4577 1923 4629 vires

343 4661 533 4718 edidit.
580 4661 721 4719 Dicit
748 4663 934 4717 enim:
970 4682 989 4714 ι
1024 4665 1129 4730 Qui
1162 4664 1473 4720 declaratus
1517 4676 1601 4721 est
1629 4667 1799 4724 Filius
1828 4666 1923 4721 Dei

346 4754 400 4808 in
434 4754 788 4823 potentia“.i
830 4752 1002 4810 Porro
1042 4771 1108 4808 ex
1143 4756 1349 4825 Spiritu
1382 4766 1596 4819 sancto,
1627 4774 1790 4825 quem
1822 4760 1922 4811 lio-

346 4843 589 4900 minibus
620 4843 675 4899 in
708 4859 767 4901 se
804 4845 1155 4900 credentibus
1196 4847 1456 4921 donabat.
1512 4846 1757 4918 Denique
1793 4865 1920 4904 vero

340 4952 412 5010 ex
443 4952 533 5003 eo,
574 4937 744 5007 quod,
772 4939 867 5008 qui
900 4953 963 4993 ex
998 4937 1219 5005 Davidis
1243 4940 1451 4995 semine
1490 4952 1654 4995 natus
1682 4951 1820 5005 erat,
1851 4958 1917 5011 ex

348 5027 576 5093 mortuis
605 5031 919 5083 resurrexit.
956 5027 1164 5083 Horum
1197 5029 1345 5084 enim
1368 5029 1614 5085 omnium
1636 5031 1917 5103 congeries

417 5143 464 5176 ⁸⁹
496 5143 654 5198 llum.
686 5159 724 5207 ι,
754 5144 806 5197 4.
880 5145 926 5176 ⁶⁰
955 5146 1085 5202 ibid.
1114 5147 1168 5201 2.
1246 5148 1287 5179 ⁸⁸
1318 5145 1547 5223 ibid.

2028 4480 2390 4551 επηγγείλατο
2437 4478 2524 4531 διὰ
2552 4477 2661 4531 τῶν
2700 4476 2996 4549 προφητῶν
3045 4473 3209 4527 αὑτοῦ
3257 4476 3313 4525 ἐν
3357 4474 3604 4544 Γραφαῖς

2030 4574 2235 4641 ἁγίαιςσ
2280 4590 2299 4623 ι
2345 4569 2597 4639 δεύτερον
2632 4570 2695 4631 ὲκ
2742 4567 2852 4620 τῶν
2882 4566 3187 4634 δυνάμεων,
3220 4563 3285 4627 ἂς
3310 4563 3603 4633 ὑπερφυῶς

2026 4664 2219 4717 ἐτέλει.
2251 4682 2270 4715 ι
2318 4646 2426 4714 Τοῦ
2457 4658 2768 4731 ὁρισθέντος
2817 4658 2944 4728 γὰρ,
2977 4656 3165 4726 φησὶν,
3194 4656 3325 4708 Υἱοῦ
3357 4656 3494 4708 Θεοῦ
3544 4656 3604 4710 ὲν

2024 4755 2273 4825 δυνάμει.
2316 4772 2337 4805 ι
2368 4749 2501 4806 Εἶτα
2530 4754 2595 4805 ὲκ
2621 4752 2715 4804 τοῦ
2750 4753 3065 4821 Πνεύματος
3092 4748 3188 4801 τοῦ
3218 4750 3400 4818 ἁγίου,
3429 4748 3459 4801 ὃ
3490 4752 3603 4811 τοῖς

2030 4854 2109 4915 εἰς
2162 4850 2324 4904 αὑτὸν
2353 4847 2743 4903 πεπιστευκόσι
2778 4848 3051 4918 ἐχορήγει.
3094 4844 3255 4900 Ἀλλὰ
3292 4845 3387 4897 καὶ
3415 4846 3480 4898 ἐκ
3510 4844 3603 4897 τοῦ

2026 4941 2327 5016 ἀναστῆναι
2352 4940 2505 5010 (ι44)
2540 4940 2702 4994 αὑτὸν
2731 4941 2795 4993 ἐκ
2838 4938 3150 5009 σπέρματος
3188 4937 3283 4991 τοῦ
3312 4937 3479 4990 Δασιδ
3514 4954 3604 5003 γε-

2025 5036 2373 5106 γεννημένον.
2427 5032 2536 5086 Καὶ
2589 5032 2697 5102 γὰρ
2730 5032 2935 5085 τούτων
2959 5030 3217 5085 ἁπάντων
3263 5030 3299 5100 ἡ
3329 5029 3604 5099 συνδρομὴ

1892 5238 2126 5311 NOTAE.

421 5335 439 5389 i
454 5335 536 5401 i3)
576 5333 655 5388 Ex
680 5333 834 5390 Colb.
868 5336 990 5390 loco
1012 5330 1166 5399 οὗτός
1196 5354 1277 5391 τε.

424 5407 479 5473 (4
493 5408 537 5473 θ)
564 5403 707 5475 Idem
738 5421 836 5475 pro
872 5405 1170 5470 κοπιάζων.

446 5474 634 5545 45-41)
669 5474 806 5528 ἰδέαι
832 5477 1015 5532 scribo
1046 5492 1146 5543 pro
1194 5476 1341 5530 ἰδίαι.

446 5546 537 5613 ιε)
566 5546 657 5599 τοῦ
695 5563 791 5616 pra
830 5548 913 5611 τὸ,
945 5562 1006 5601 ex
1028 5546 1184 5601 Colb.

451 5618 541 5685 45)
579 5618 818 5685 Respicit
847 5622 951 5671 huc
981 5617 1352 5672 OEcumenius
1381 5619 1415 5670 I.
1449 5633 1523 5679 c.,
1557 5634 1608 5687 p;
1656 5619 1780 5674 9.03.
1836 5618 1921 5675 his

360 5690 538 5751 terbis
573 5707 583 5742 ;
618 5688 707 5743 Διὸ
735 5690 827 5742 καί
848 5706 930 5752 τις
957 5688 1049 5741 τοῦ
1080 5687 1407 5757 ὁρισθέντος,
1446 5689 1535 5742 τοῦ
1560 5688 1916 5756 ἐπιγνωσθέν·

2026 5355 2117 5400 τος
2151 5340 2306 5408 φησὶ,
2336 5340 2431 5392 καὶ
2453 5340 2535 5400 είς
2568 5338 2770 5408 γνῶσιν
2796 5336 3108 5408 ἀνθρώποις
3140 5334 3410 5408 ἐλθόντος.
3443 5332 3601 5408 ᾼΕίώ-

2027 5404 2199 5477 θαμεν
2212 5404 2333 5477 ’γὰρ
2348 5411 2415 5462 δι’
2437 5404 2682 5479 ὁρισμῶν
2698 5404 3288 5479 τινωννέπιγινώσκειν,
3305 5404 3342 5459 ἃ
3367 5404 3607 5474 βεϐαίως,

2025 5483 2117 5531 καὶ
2150 5480 2247 5531 οὑκ
2279 5482 2336 5531 ὲν
2365 5479 2647 5547 δισταγμῷ
2685 5478 3051 5546 ἐπιστάμεθα.

2096 5550 2205 5617 (44)
2240 5550 2391 5605 Colb.
2422 5566 2520 5617 pro
2534 5544 2901 5610 ἀναστάντος.
2963 5550 3022 5602 ὃ.
3062 5546 3263 5609 Paulus
3296 5564 3307 5599 :
3358 5544 3448 5609 Ἐξ
3474 5545 3597 5598 hac

2024 5624 2265 5685 στάσεως
2289 5620 2519 5692 νεκρῶν.
2860 5620 2863 5621 ⁷
