3908 6214
191 276 289 385 753

1096 325 1197 386 AD
1214 324 1807 399 AMPHILOCHIUM
1826 324 2171 401 QUIESTIO
2201 327 2510 390 CXXXVI.

3322 320 3434 386 ’154

188 432 402 497 διορίζει
428 432 525 487 καὶ
546 433 918 505 άποδιίστησιν
943 434 1108 490 αὐτὸν
1132 436 1242 489 τῶν
1279 436 1454 491 ἄλλων
1474 438 1754 505 ἁπάντων,

1868 453 1985 492 eum
2016 444 2084 495 ab
2116 440 2240 494 aliis
2269 441 2524 496 omnibus
2549 435 2839 505 distinguit
2864 443 2922 491 et
2943 442 3162 504 separat
3184 472 3201 497 ,
3238 434 3440 501 quibu:

187 528 325 589 ὅσοις
349 526 490 599 κατά
525 527 684 596 χάριν
715 527 938 594 γέγονεν
968 527 1117 591 υίοὺς
1160 529 1616 598 ἐπονομασθῆναι.
1650 530 1760 583 Καὶ

189 617 424 683 δείκνυσι
454 619 548 670 καὶ
574 616 815 670 διδάσκει
852 616 1079 682 πάντας,
1108 618 1269 670 αὐτὸν
1306 613 1447 672 εἶναι
1503 621 1594 673 τὸν
1618 620 1759 687 άλη-

187 710 292 773 θῶς
314 711 425 781 καὶ
445 709 603 779 φύσει
633 710 761 763 Υίὸν
788 709 883 763 τοῦ
908 710 1043 765 Θεοῦ
1074 711 1171 764 καὶ
1211 710 1363 764 Θεόν.
1395 710 1560 764 Ὅθεν
1590 711 1753 764 δυνα-

186 802 273 855 τὸν
305 800 480 875 ἂνεῖη
506 802 522 866 (
544 800 612 855 45
634 805 673 869 ),
699 802 792 854 καὶ
821 802 942 871 οὐχὶ
976 801 1308 873 πλαγιασμῷ
1341 801 1451 854 τῶν
1492 801 1758 871 ῥημάτων

189 890 537 967 eam:me
572 892 696 945 κατ’
723 893 937 946 εὐθεῖαν
973 893 1112 946 αὐτὰ
1134 892 1478 964 συνείροντας
1509 893 1569 946 τὸ
1604 892 1757 967 ἐξαί-

189 966 341 1050 ρετον
392 980 491 1049 τῆς
543 980 789 1050 υίότητος
842 981 938 1034 τοῦ
985 983 1220 1053 Χριστοῦ
1279 985 1374 1037 καὶ
1418 982 1554 1037 Θεοῦ
1599 964 1760 1054 ἡμῶν

186 1074 439 1143 ἀφορίσαι
463 1090 523 1125 τε
558 1075 649 1126 καὶ
704 1076 1077 1145 παραστῆσαι.
1126 1077 1221 1129 καὶ
1250 1076 1350 1147 τὴν
1411 1076 1540 1147 περὶ
1590 1074 1757 1128 αὑτοῦ

184 1162 379 1232 γνῶσίν
411 1180 471 1215 τε
504 1163 597 1217 καὶ
626 1164 831 1233 εἴδησιν
891 1164 1038 1234 σαφῆ
1065 1166 1161 1219 καὶ
1208 1165 1455 1235 καθαράν
1500 1167 1615 1229 τοῖς
1667 1182 1758 1217 πι-

186 1260 326 1323 στοῖς
362 1260 766 1329 παρασχέσθαι.
786 1254 910 1313 Οἷον
928 1260 1081 1323 εῐντις
1100 1241 1347 1332 ἐρωτῴη,
1365 1261 1430 1314 Τί
1452 1261 1598 1313 ἐστιν
1625 1260 1760 1329 Χρι-

90 1428 93 1431 ἰ
186 1347 307 1410 στός
339 1365 353 1412 ;
378 1349 510 1418 ῥᾷον
539 1350 636 1403 καὶ
661 1350 813 1404 οὐδὲν
841 1351 1302 1420 ὲργῶδεςείπεῖν’
1336 1354 1569 1424 Χριστός
1606 1354 1757 1405 ἐστιν

182 1441 211 1493 ὁ
241 1438 327 1492 διὰ
360 1441 467 1499 τῶν
495 1441 793 1512 προφητῶν
829 1442 928 1513 μὲν
953 1444 1361 1516 προκηρυχθεὶς
1405 1445 1498 1499 καὶ
1530 1444 1759 1514 γενόμε-

183 1546 269 1593 νος
313 1530 454 1584 κατὰ
506 1532 684 1603 σάρκα
730 1532 794 1585 ὲκ
834 1534 1161 1605 ,σπέρματος
1217 1535 1402 1600 Δαόὶδ,
1454 1536 1756 1606 ὑπερφυέσι

180 1623 437 1693 δυνάμεσι
469 1626 564 1679 καὶ
601 1626 916 1695 Πνεύματος
948 1628 1105 1695 ἁγίου
1148 1627 1362 1697 δαψιλεί
1405 1645 1464 1681 τε
1509 1630 1598 1681 καλ
1655 1631 1762 1697 ἁφ-

183 1715 319 1786 θόνῳ
352 1718 588 1790 χορηγίᾳ⁸
640 1718 702 1771 τὸ
730 1720 838 1772 τῶν
875 1719 1176 1791 ἀνθρώπων
1229 1720 1384 1789 γένος
1429 1720 1756 1789 εὐεργετῶν,

1862 529 2003 584 ﬁlios
2030 530 2121 585 Dei
2162 531 2423 600 appellari
2453 547 2518 585 ex
2549 530 2722 601 gratia
2754 527 3003 597 conligit.
3042 527 3166 581 Haec
3190 527 3443 582 ostendit
3516 528 3527 531 ’

1862 631 1918 681 et
1946 622 2105 679 docet
2140 636 2333 679 omnes
2356 662 2372 687 ,
2417 638 2541 677 eum
2576 637 2714 677 .vere
2765 630 2822 676 et
2852 632 3064 674 natura
3110 634 3210 674 sua
3241 618 3441 673 Filium
3514 654 3523 659 -

1863 714 1958 769 Dei
1986 725 2041 770 et
2071 715 2238 769 Deum
2279 730 2420 771 esse.
2468 713 2608 770 llinc
2638 713 2885 777 scilicet,
2929 721 3094 781 atque
3162 711 3300 766 adeo
3331 726 3442 765 non

1864 820 1931 861 ex
1963 806 2107 861 nuda
2139 807 2372 876 quadam
2409 809 2702 865 verborum
2752 804 3079 874 obliquitate
3107 843 3123 866 ,
3165 802 3263 857 sed
3289 811 3443 857 recta

1866 898 2049 967 potius
2077 899 2161 952 via
2183 938 2197 961 ,
2234 898 2281 952 si
2307 898 2522 969 singula
2569 898 2673 954 sibi
2702 898 2937 951 invicem
2968 898 3275 965 jungantur
3297 932 3316 957 ,
3345 893 3443 947 de-

1865 986 2022 1045 linire
2060 1000 2113 1042 et
2146 989 2527 1044 demonstrare
2555 988 2711 1051 licet,
2751 1004 2917 1057 quam
2957 987 3233 1043 eminente
3272 998 3443 1041 sensu

1870 1075 2128 1132 Christus
2158 1086 2213 1130 et
2244 1074 2389 1131 Deus
2424 1084 2610 1131 noster
2634 1074 2804 1130 Filius
2839 1075 2909 1131 sit
2954 1074 3089 1139 Dei,
3140 1073 3443 1142 eademque

1864 1183 2028 1237 opera
2058 1183 2253 1237 puram
2298 1176 2352 1223 et
2401 1168 2713 1223 distinctam
2764 1167 2885 1237 ejus
2916 1166 3285 1235 cognitionem
3324 1178 3444 1218 cre-

1864 1256 2123 1314 dentibus
2155 1257 2529 1326 suppeditare.
2578 1256 2633 1312 Si
2666 1258 2793 1327 quis
2820 1256 2970 1311 verbi
3005 1270 3171 1311 causa
3202 1256 3443 1309 interro-

1865 1358 2021 1415 getur
2051 1365 2064 1399 :
2092 1346 2234 1414 Quid
2273 1357 2361 1403 est
2382 1347 2674 1403 Christus?
2708 1347 2869 1402 facile
2899 1347 2975 1400 illi
3010 1356 3063 1400 et
3105 1344 3160 1399 in
3189 1352 3443 1414 promptu

1863 1438 2030 1494 fuerit
2063 1441 2397 1511 respondere
2443 1460 2456 1495 :
2502 1439 2760 1495 Christus
2790 1448 2878 1494 est
2903 1480 2917 1505 ,
2965 1438 3059 1507 qui
3091 1453 3123 1491 a
3162 1436 3445 1507 prophetis

1864 1534 2085 1602 quidem
2109 1533 2533 1604 praenuntiatus,
2565 1542 2619 1587 et
2650 1533 2953 1588 secundum
2988 1546 3210 1585 carnem
3251 1545 3317 1584 ex
3348 1544 3443 1584 se-

1864 1624 2013 1679 mine
2040 1624 2262 1682 Davidis
2303 1626 2523 1696 genitus
2549 1666 2565 1690 ,
2611 1623 2853 1695 potentia
2886 1638 2986 1677 sua
3013 1620 3440 1691 supernaturali,

1865 1714 2149 1783 sanctique
2176 1712 2416 1784 Spiritus
2450 1713 2618 1784 largis
2644 1721 2701 1767 et
2747 1712 2979 1766 intinitis
3008 1710 3166 1765 donis
3207 1711 3446 1765 humano

184 1809 275 1861 καὶ
315 1808 404 1863 διὰ
459 1811 562 1880 τῆς
612 1811 815 1874 οἰκείας
849 1812 1202 1877 ἀναστάσεως
1229 1813 1319 1866 τὸν
1369 1814 1598 1867 θάνατον
1657 1813 1757 1882 μὲν

1868 1806 2046 1879 generi
2084 1805 2371 1870 benelecit,
2406 1815 2460 1860 et
2486 1804 2890 1860 resurrectione
2921 1818 3019 1859 sua
3054 1809 3284 1855 mortem
3316 1801 3444 1871 quic

180 1900 480 1969 νεκρὼσας,
512 1901 604 1955 καὶ
634 1902 725 1956 τὸν
754 1902 889 1975 ᾅδην
921 1904 1244 1968 σκυλεύσας,
1275 1905 1402 1967 τοὺς
1425 1905 1520 1957 ἀπ’
1549 1904 1760 1958 αἰώνων

180 1994 235 2047 δὲ
267 1997 679 2065 συναναστήσας
708 1996 883 2065 ἑαυτῷ
918 1996 1165 2067 νεκρούς.
1193 1989 1362 2058 Οὗτός
1392 2000 1540 2049 ἐστιν
1564 1999 1592 2049 ὁ
1624 1998 1757 2063 Χρι-

181 2086 325 2151 στὸς,
379 2078 588 2150 οὗτοςὸ
637 2086 730 2140 τοῦ
778 2086 913 2140 Θεοῦ
953 2087 1078 2150 Υἱὸς
1104 2087 1198 2140 καὶ
1219 2086 1374 2149 Θεός.
1425 2088 1517 2149 Εἰς
1565 2086 1756 2139 τούτου

179 2176 237 2227 τὸ
268 2177 602 2244 Εὐαγγέλιον
652 2178 861 2240 Παῦλος
906 2180 1285 2251 ἀφωρισμένος
1333 2180 1568 2246 ἐγένετοο
1603 2180 1761 2233 τοῦτο

179 2270 510 2340 παρίστησιν
547 2273 580 2341 ἡ
616 2270 707 2323 τοῦ
751 2272 1058 2342 ὁρισθέντος
1088 2271 1216 2324 Υἱοῦ
1252 2271 1387 2325 Θεοῦ
1414 2276 1562 2340 φωνή
1587 2273 1689 2335 (46
1714 2276 1750 2336 ).

178 2362 451 2431 Πρόσθες,
509 2366 557 2415 εί
598 2362 799 2433 βούλει,
835 2364 974 2433 πρὸς
1024 2362 1331 2431 ὲξάπλωσιν
1378 2363 1473 2417 καὶ
1527 2364 1761 2434 δήλωσιν

179 2456 541 2525 σαφεστέραν·
575 2455 655 2509 δι’
682 2450 742 2511 οὗ
771 2458 864 2510 καὶ
892 2456 1102 2519 Παῦλος
1134 2456 1291 2511 ἔλαϐε
1318 2456 1481 2527 χάριν
1540 2459 1764 2511 ἀποστο-

177 2546 274 2615 λῆς
310 2546 442 2615 ἔθνη
503 2547 757 2617 βάρόαρα
805 2548 1014 2612 πεῖσαι,
1055 2548 1151 2599 καὶ
1205 2548 1627 2617 παρασκευάσαι
1655 2548 1761 2600 ὑπ-

177 2636 411 2690 ακοῦσαι
449 2639 515 2706 τῇ
543 2638 723 2689 πίστει
755 2635 849 2690 τοῦ
883 2635 1143 2707 Χριστοῦ·
1176 2638 1456 2690 τουτέστιν
1495 2639 1574 2700 εἰς
1596 2638 1765 2691 αὐτὸν

179 2729 472 2784 πιστεῦσαι
489 2730 602 2799 (4⁸1)
620 2730 715 2783 καὶ
736 2729 1020 2800 λατρεύειν
1047 2729 1214 2800 μόνῳ,
1245 2730 1320 2792 ὡς
1347 2730 1586 2800 ἀληθινῷ
1622 2729 1761 2800 Θεῷ,

178 2822 275 2875 καὶ
310 2820 426 2892 Υίῷ
460 2821 617 2884 Θεοῦ,
656 2821 907 2892 ἀφέμενα
948 2821 1060 2875 τῶν
1114 2821 1383 2893 πατρῴων
1435 2822 1609 2887 ἐθῶν,
1669 2824 1766 2877 καὶ

176 2918 277 2988 τῆς
315 2915 558 2979 παλαιᾶς
583 2915 765 2971 αὐτῶν
790 2918 883 2972 καὶ
910 2918 1303 2989 δεισιδαίμονος
1336 2918 1562 2988 πλάνης.

249 3092 327 3145 Τὸ
346 3092 423 3157 δὲ,
454 3110 472 3143 ι
494 3091 805 3161 Καυχάσθω
820 3093 847 3145 ὁ
870 3091 1097 3158 ἀδελφὸς
1122 3094 1149 3143 ό
1167 3092 1421 3155 ταπεινὸς
1450 3095 1508 3145 ἐν
1529 3092 1606 3163 τῷ
1636 3092 1762 3163 ὕψει
1786 3137 1832 3199 C

177 3184 369 3249 αὐτοῦ,
416 3184 445 3236 ὁ
469 3183 524 3247 δὲ
560 3183 815 3245 πλούσιος
854 3184 914 3234 ὲν
941 3185 1006 3253 τῇ
1043 3182 1587 3248 ταπεινώσειναὺτοῦ,
1622 3203 1641 3236 ι
1683 3185 1763 3254 τῷ

177 3275 310 3347 ἱερῷ
344 3273 507 3347 ῥηθὲν
548 3271 812 3342 Ἰακώϐῳ,
860 3274 921 3325 οὺ
947 3270 1105 3324 τοῦτο
1132 3271 1302 3339 δηλοῖ,
1345 3273 1446 3337 ιὼς
1490 3275 1773 3346 Μεγαλορο

181 3368 509 3441 ῥημονείτω,
539 3364 963 3432 ἀλαζονευέσθω,
1003 3365 1436 3436 μεγαλαυχείτω.
1466 3368 1629 3421 Οὐδὲν
1652 3367 1773 3420 τού-

178 3460 545 3516 των.Τίθεται
574 3460 673 3529 μὲν
708 3457 841 3528 γὰρ,
883 3458 957 3521 ὡς
984 3458 1124 3525 ἔθος,
1142 3458 1211 3511 τὰ
1240 3459 1463 3529 ῥήματα
1484 3459 1657 3513 ταῦτα
1679 3462 1773 3515 ἐπὶ

178 3554 274 3622 τῆς
298 3550 559 3622 τοιαύτης
580 3549 839 3613 διανοίας,
856 3550 949 3603 καὶ
965 3550 1025 3602 τὸ
1045 3550 1334 3620 πρόχειρον
1359 3552 1455 3621 τῆς
1473 3550 1670 3615 λέξεως
1695 3555 1774 3618 είς

178 3645 340 3698 τοῦτο
362 3644 536 3715 φέρει.
562 3642 702 3699 Ἀλλ’
730 3637 822 3696 οὖν
837 3642 954 3694 νυνί
979 3658 1042 3709 γε
1059 3640 1121 3693 τὸ
1136 3641 1445 3711 καυχᾶσθαι
1465 3659 1629 3712 φησιν
1654 3643 1774 3696 ἀντὶ

178 3739 295 3803 τοῦ,
324 3736 941 3811 οαρῤείτω,ἐλπιζέτω.
964 3735 1115 3802 Μηδὲ
1138 3735 1250 3805 (48)
1268 3736 1374 3805 γάρ
1398 3738 1477 3790 ὅτι
1499 3737 1773 3802 ταπεινὸς.

180 3833 367 3899 φησὶν,
421 3829 721 3899 ἀθυμείτω,
776 3829 851 3892 ὡς
925 3830 982 3881 ὲν
1032 3827 1195 3898 πενίᾳ
1244 3828 1599 3898 τρυχόμενος,
1633 3831 1666 3899 ἢ
1704 3831 1771 3900 τῇ

179 3922 336 3993 παρὰ
363 3921 473 3977 τῶν
526 3919 832 3990 ἀνθρώπων
882 3918 1069 3992 ἀδοξίᾳ
1099 3918 1473 3990 ὑϐριζόμενος.
1531 3922 1639 3974 Καὶ
1665 3924 1773 3991 γὰρ

179 4018 271 4085 καὶ
297 4017 327 4068 ὁ
357 4015 562 4084 Κύριος
592 4013 747 4084 ἡμῶν
774 4013 898 4075 τοὺς
928 4013 1218 4076 ταπεινοὺς
1258 4011 1352 4066 καὶ
1389 4013 1626 4076 εὐτελεῖς
1680 4015 1771 4068 καὶ

179 4101 421 4172 πένητας
499 4101 595 4155 καὶ
631 4099 881 4169 πτωχοὺς
934 4099 1238 4165 ἐξελέξατο,
1266 4103 1394 4164 τοὺς
1455 4101 1767 4169 πλουσίους,

179 4194 271 4246 καὶ
296 4193 422 4263 δόξῃ
454 4193 550 4246 καὶ
609 4191 757 4261 γένει
799 4193 1359 4262 μεγαλοφρονοῦντας,
1392 4196 1768 4266 φρυάττεσθαι

178 4285 374 4340 λιπών.
430 4284 641 4339 Οὔκουν
690 4285 896 4354 ὀφείλει
958 4302 1043 4347 τις
1081 4284 1333 4355 ἀθυμεῖν,
1362 4288 1449 4340 ὅτι
1491 4289 1768 4353 ταπεινὸς,

176 4378 518 4449 εὐφροσύνης
550 4378 607 4431 δὲ
648 4377 847 4448 μᾶλλον
895 4377 1242 4449 πληρούσθω,
1286 4380 1543 4453 κοινωνρν
1575 4382 1768 4436 ἑαυτὸν

1861 1900 1982 1955 dem
2018 1898 2268 1968 peremit,
2304 1896 2631 1967 internoque
2675 1897 2946 1966 spoliato,
2979 1910 3109 1962 eos,
3137 1896 3232 1963 qui
3260 1895 3387 1950 inde
3412 1909 3445 1949 a

1861 1992 2053 2062 primis
2078 1990 2296 2045 saeculis
2330 1991 2532 2044 mortui
2562 1996 2751 2052 erant,
2788 2005 2894 2043 una
2928 2003 3117 2043 secum
3150 1987 3446 2042 resuscita-

1861 2083 1959 2136 vit.
2014 2080 2111 2135 Hic
2133 2090 2217 2141 est
2261 2080 2519 2135 Christus
2547 2118 2562 2141 ,
2610 2080 2698 2134 hic
2735 2088 2820 2135 est
2854 2079 2944 2134 Dei
2980 2077 3149 2133 Filius
3193 2090 3246 2133 et
3279 2079 3443 2133 Deus.

1860 2174 1940 2229 Ad
1960 2173 2138 2240 hujus
2164 2171 2519 2242 Evangelium
2554 2171 2960 2241 praadicandum
2989 2170 3193 2225 Paulus
3224 2185 3447 2239 separa-

1863 2275 1951 2321 tus
1970 2276 2080 2325 est.
2118 2265 2231 2319 lloc
2269 2264 2477 2318 indicat
2522 2278 2623 2317 vox
2672 2263 2819 2317 illius
2846 2302 2861 2326 ,
2894 2262 2987 2331 qui
3016 2262 3184 2315 Filius
3217 2259 3309 2315 Dei
3349 2262 3445 2315 dc—

1862 2358 2106 2412 claratus
2128 2367 2237 2419 est.
2270 2356 2425 2410 Adde
2458 2356 2649 2419 etiam,
2681 2356 2725 2410 si
2765 2354 2941 2427 placet
2971 2352 3039 2407 ad
3066 2353 3327 2422 majorem
3365 2351 3444 2405 rei

1863 2449 2290 2505 declarationem
2329 2458 2384 2503 et
2409 2447 2820 2516 intelligentiam
2866 2464 2880 2499 :
2931 2461 3025 2514 per
3052 2460 3213 2514 quem
3246 2443 3446 2498 Paulus

1863 2542 2026 2596 etiam
2062 2542 2273 2611 accepit
2298 2540 2640 2611 apostolatus
2663 2539 2895 2606 gratiam
2921 2539 2991 2602 “,
3021 2549 3081 2594 ut
3109 2546 3298 2607 gentes
3324 2538 3446 2591 bar-

1867 2637 2030 2691 haras
2062 2635 2444 2705 persuadendo
2477 2635 2751 2697 vinceret,
2797 2649 2997 2701 easque
3023 2632 3091 2686 ad
3122 2629 3446 2699 obsequium

1866 2730 1987 2784 tidei
2021 2728 2076 2782 in
2104 2727 2782 2797 Cbristumprtestaudum
2814 2737 3169 2795 praepararet,
3212 2722 3316 2778 hoc
3339 2731 3443 2783 est,

1864 2821 2120 2883 clIiceret,
2148 2832 2210 2887 ut
2241 2821 2293 2873 in
2317 2819 2473 2883 illum
2505 2822 2810 2881 crederent,
2843 2818 3005 2887 eique
3031 2815 3146 2880 uni,
3168 2824 3444 2881 tauquam

1868 2932 1995 2968 vero
2032 2914 2157 2976 Deo,
2191 2925 2247 2968 et
2285 2913 2381 2968 Dei
2413 2913 2549 2968 Filio
2571 2912 2864 2973 servirent,
2890 2926 2918 2965 a
2956 2910 3148 2978 patriis
3175 2908 3444 2973 moribus,

1866 3019 2153 3076 vetereque
2185 3022 2286 3061 sua
2314 3050 2328 3071 ,
2368 3015 2435 3060 .et
2478 3004 3139 3072 erroneasuperstitione
3179 3000 3443 3056 liberata}.

1933 3098 2203 3153 Carterutn
2228 3098 2375 3168 quod
2418 3098 2484 3153 ad
2519 3098 2655 3152 illud
2691 3097 2867 3153 sancti
2901 3094 3090 3151 Jacobi
3112 3093 3327 3148 dictum
3360 3101 3446 3146 at-

1870 3192 2051 3259 tinet:
2085 3190 2390 3247 «Gloriatur
2412 3190 2580 3245 frater
2608 3189 2834 3244 humilis
2866 3188 2919 3242 in
2951 3186 3286 3243 sublimitate
3322 3200 3445 3251 sua,

1874 3287 2029 3349 dives
2057 3296 2236 3347 autem
2278 3285 2333 3340 in
2379 3284 2684 3343 humilitate
2730 3298 2826 3337 sua
2851 3282 2918 3346 ⁸³,
2957 3301 2975 3333 ι
3023 3295 3132 3336 non
3185 3279 3302 3334 haec
3342 3278 3447 3333 sibi

1875 3378 2010 3442 vult,
2053 3376 2196 3433 aesi
2220 3377 2474 3432 diceret:
2508 3374 2789 3445 Magniﬁce
2812 3378 3087 3443 loquatur
3108 3412 3124 3435 ,
3163 3371 3333 3441 jactet
3365 3386 3447 3434 se,

1873 3471 2159 3541 glorietur.
2191 3469 2339 3524 Nihil
2394 3469 2589 3524 borum
2632 3468 2812 3522 locum
2859 3466 3043 3520 habet.
3093 3464 3283 3520 Solent
3317 3462 3446 3533 qui-

1872 3564 1997 3619 dem
2039 3564 2131 3617 illa
2162 3563 2330 3618 verba
2371 3563 2474 3617 hoc
2515 3576 2675 3618 sensu
2718 3559 2989 3621 adhiberi,
3014 3557 3278 3627 vocisque
3307 3571 3447 3626 prte-

1871 3655 2045 3721 sentis
2076 3656 2417 3725 signiﬁcatus
2444 3654 2682 3723 primum
2709 3652 2904 3709 obvius
2928 3650 3070 3705 idem
3102 3648 3285 3703 infert.
3330 3647 3449 3703 Hoc

1868 3765 2005 3802 .vero
2027 3748 2146 3803 loco
2162 3747 2389 3802 verbum
2418 3743 2713 3813 καυχάσθω
2739 3744 2880 3798 idem
2896 3753 2980 3798 est
2999 3741 3165 3811 quod,
3187 3739 3444 3808 conﬁdat,

1870 3849 2064 3909 speret.
2108 3836 2281 3898 Nemo
2307 3838 2478 3900 enim,
2505 3836 2703 3905 inquit,
2732 3834 2876 3899 ideo,
2912 3835 3059 3903 quod
3088 3832 3313 3887 humilis
3337 3839 3446 3893 est,

1870 3933 2113 3998 animum
2146 3930 2520 4000 despondeat,
2554 3927 2685 3997 quia
2725 3935 3041 3996 paupertate
3071 3934 3154 3979 est
3179 3932 3445 3978 extenua-

1874 4033 1998 4087 tus,
2048 4032 2143 4077 aut
2196 4022 2480 4077 hominum
2520 4018 2751 4090 .probris
2799 4018 3098 4088 subjectus.
3144 4014 3281 4070 Nam
3332 4016 3448 4085 ipse

1872 4116 2138 4171 Dominus
2183 4124 2372 4170 noster
2405 4114 2640 4167 humiles
2670 4122 2726 4169 et
2756 4112 2996 4182 abjectos
3017 4150 3033 4175 ,
3080 4118 3135 4164 et
3182 4123 3448 4180 pauperes

1870 4218 1926 4262 et
1957 4206 2235 4261 mendicos
2264 4206 2464 4275 elegit,
2495 4205 2692 4260 divites
2739 4219 2871 4259 vero
2892 4242 2908 4268 ,
2943 4182 3227 4272 gloriaque
3263 4208 3321 4254 et
3350 4214 3445 4269 ge-

1872 4316 2001 4354 nere
2028 4300 2316 4369 maguitice
2341 4299 2637 4370 gloriantes
2666 4297 2900 4352 fremere
2917 4295 3107 4365 jussit.
3132 4294 3320 4362 Itaque
3346 4307 3449 4346 ue-

1870 4392 2072 4447 minem
2094 4393 2215 4447 ideo
2244 4392 2485 4445 animum
2518 4389 2857 4458 despondere
2889 4396 3129 4456 oportet,
3163 4384 3311 4454 quod
3343 4384 3446 4437 hu-

178 4475 273 4545 καὶ
324 4471 548 4543 μέτοχον
589 4469 684 4524 τοῦ
713 4470 1070 4524 ἀποστολικοῦ
1128 4472 1289 4541 χοροῦ
1338 4472 1429 4525 διὰ
1478 4472 1578 4543 τῆς
1607 4474 1760 4528 εὐτε-

1873 4484 2019 4540 milis
2037 4492 2160 4550 est;
2196 4483 2307 4539 imo
2335 4497 2466 4539 vero
2497 4481 2579 4536 fas
2610 4492 2696 4535 est
2746 4495 2872 4536 eum
2904 4478 3096 4543 laetari,
3137 4476 3283 4548 quod
3324 4490 3447 4545 par-

174 4562 330 4626 λείας
361 4563 456 4616 καὶ
498 4562 886 4632 ταπεινότητος
930 4561 1147 4616 ἐννοῶν.
1192 4562 1330 4615 Ἀλλ’
1370 4563 1501 4627 ἴσως
1558 4563 1625 4618 ἄν
1672 4582 1757 4629 τις

179 4655 468 4727 ὑποφέρων
506 4656 642 4725 ἐρεῖ,
699 4654 775 4717 ὡς
813 4653 1072 4723 ἁρμόσειε
1127 4652 1187 4706 τὸ
1216 4654 1310 4707 νῦν
1342 4656 1634 4727 ελρημένον
1692 4656 1755 4711 οὐ

179 4748 315 4819 πρὸς
343 4748 469 4811 τοὺς
523 4746 859 4819 ἀρχομένους
889 4747 1010 4799 τότε
1058 4746 1358 4811 πιστεύειν,
1387 4748 1522 4815 ἀλλά
1553 4750 1757 4819 μᾶλλον

181 4841 319 4911 πρὸς
348 4842 473 4905 τοὺς
499 4842 590 4895 νῦν
626 4841 874 4912 πιστούς.
906 4839 1072 4893 Οὔπω
1108 4840 1217 4910 γάρ
1255 4841 1480 4904 ἐκείνοις
1508 4843 1758 4915 λαμπρὸν

179 4934 323 4988 οὕτω
359 4934 455 4987 καὶ
511 4933 944 5005 ἁξιοθαύμαστον
995 4933 1056 4986 τὸ
1103 4934 1213 4986 τῶν
1278 4934 1592 4989 ἀποστόλων
1656 4938 1752 4991 ὑπ-

180 5028 353 5099 ῆρχεν
408 5027 647 5097 ἀξίωμα,
683 5027 761 5091 ὡς
808 5026 916 5080 ἀπὸ
959 5025 1054 5079 τοῦ
1084 5025 1205 5079 κατ’
1243 5026 1444 5090 αὐτοὺς
1496 5028 1757 5097 παραδεί-

181 5137 392 5191 γματος
442 5123 521 5184 εἰς
555 5119 786 5191 μίμησιν
810 5119 1014 5190 ἀρετῆς
1058 5119 1155 5172 καὶ
1197 5119 1358 5190 ζῆλον
1408 5120 1535 5183 τοὺς
1565 5120 1758 5185 ἄλλους

183 5211 597 5282 προκαλεῖσθαι.
666 5212 834 5266 Οὐδὲν
883 5212 941 5265 δὲ
998 5212 1108 5284 ἄρα
1163 5210 1320 5264 τοῦτο
1376 5211 1593 5265 κωλύει.
1648 5213 1758 5267 Καὶ

185 5307 293 5378 γὰρ
332 5306 425 5358 καὶ
450 5306 572 5359 τότε
628 5304 806 5358 αὐτῶν
838 5304 899 5357 τὸ
950 5302 1047 5374 τῆς
1088 5302 1290 5375 ἀρετῆς
1340 5302 1570 5370 μέγεθος
1634 5320 1758 5373 σχε-

183 5395 273 5450 δον
323 5398 515 5451 οὐδένα
557 5397 882 5464 ἐλάνθανεν,
923 5397 1125 5465 ὃπουγε
1177 5397 1276 5451 καὶ
1326 5397 1540 5461 θυσίαις
1567 5398 1763 5461 αὐτοὺς

250 5484 297 5513 ⁵³
321 5493 479 5550 Rom.
515 5509 552 5556 ι.
595 5495 650 5548 5.
718 5494 765 5526 ⁸³
794 5493 911 5549 Jac.
945 5508 985 5559 t,
1024 5494 1078 5549 9.

1867 4579 2084 4647 ticipem
2117 4594 2179 4631 se
2207 4587 2260 4630 ct
2289 4587 2600 4631 consortem
2644 4572 2936 4644 apostolici
2997 4572 3150 4625 chori
3194 4570 3312 4639 ipsa
3355 4569 3446 4623 illa

1864 4671 2074 4740 abjecta
2107 4670 2408 4739 humilique
2453 4677 2600 4723 sorte
2624 4683 2723 4724 sua
2757 4666 2961 4722 factum
3007 4679 3129 4719 esse
3170 4662 3443 4733 intelligit.

1866 4759 2125 4819 Fortasse
2174 4776 2301 4815 vero
2347 4759 2544 4829 aliquis
2596 4769 2785 4814 contra
2840 4755 2955 4809 haec
3005 4754 3320 4823 exceperit,
3353 4767 3444 4817 ea,

1865 4870 1985 4922 qua:
2022 4853 2295 4919 diximus,
2339 4870 2449 4908 non
2481 4855 2531 4906 iu
2577 4868 2675 4907 eos
2698 4890 2715 4917 ,
2747 4852 2839 4921 qui
2871 4851 3093 4906 credere
3119 4847 3444 4916 inceperim,

1865 4944 1962 4999 sed
1998 4944 2049 4998 in
2091 4944 2215 4999 illos
2267 4946 2484 5012 potius,
2540 4944 2634 5012 qui
2678 4945 2789 5014 jam
2831 4941 3102 5005 credunt,
3151 4938 3443 5009 quadrare.

1865 5031 2021 5086 Tunc
2046 5032 2190 5086 enim
2219 5033 2502 5102 apostolici
2536 5031 2782 5093 muneris
2805 5030 3040 5100 dignitas
3072 5038 3183 5083 tam
3211 5026 3444 5082 illustris

1867 5134 1961 5179 aut
1998 5123 2321 5180 admiranda
2349 5125 2465 5180 visa
2494 5140 2599 5179 non
2629 5135 2755 5189 est,
2791 5133 2893 5188 ut,
2930 5123 3179 5193 exetnplo
3222 5122 3291 5175 ab
3337 5119 3446 5173 illis

1868 5219 2054 5284 ducto,
2084 5218 2178 5275 alii
2220 5219 2290 5273 ad
2330 5218 2692 5273 imitationem
2723 5217 2941 5275 virtutis
2970 5230 3159 5272 eorum
3189 5223 3244 5268 et
3272 5227 3445 5267 temu-

1870 5309 2126 5367 lationem
2177 5312 2406 5367 excitari
2449 5320 2695 5383 possent.
2716 5310 2841 5367 Hoc
2885 5324 3016 5366 vero
3062 5308 3199 5364 nihil
3240 5306 3441 5362 obstat.

1868 5399 2003 5457 Nam
2051 5410 2108 5458 et
2147 5410 2280 5461 tunc
2324 5405 2543 5463 virtutis
2572 5419 2769 5465 eorum
2820 5401 3138 5476 prmstantia
3171 5399 3441 5455 neminem

1752 5587 1983 5651 ΝΟΤᾹἸ.

266 5683 378 5755 (45)
405 5683 560 5739 Colb.
587 5700 687 5755 pro
716 5682 878 5739 εἶναι.

191 5754 382 5878 obii?)
418 5755 537 5812 Act.
565 5754 640 5822 ix,
676 5757 743 5812 15
781 5757 901 5811 εὸτι
943 5756 1133 5820 σκεῦος
1207 5755 1435 5830 ἐκλογῆς
1474 5775 1564 5829 μοι
1618 5759 1765 5812 ἐστὶν

192 5878 197 5883 .
268 5862 280 5877 -
320 5858 366 5888 ι.

1946 5691 2057 5762 (47)
2090 5691 2165 5764 Ex
2188 5693 2341 5747 Coll).
2366 5707 2465 5764 pro
2492 5693 2811 5757 πιστεύσας.

1942 5769 1989 5830 (4
2001 5767 2051 5835 8)
2090 5763 2334 5845 chcritu
2370 5763 2581 5836 μηδείς.
