3908 6214
389 260 498 330 755

1540 265 1806 328 PHOTII
1845 261 2349 327 PATRIABCHAZ
2366 266 2476 328 CP.

3530 248 3650 313 ’756

400 371 622 438 latebat,
647 372 1085 445 quandoquidem
1114 375 1239 431 illos
1267 373 1536 443 nonnulli,
1566 375 1848 447 gentilium
1879 388 1966 428 sa-
2000 422 2002 430 λ

2107 392 2223 442 νιοι,
2274 373 2545 430 καίτοιτά
2593 369 2864 442 Ἐλλήνων
2888 366 2971 422 ἔτι
2997 364 3326 430 θειάζοντες,
3362 360 3657 434 γεραίρειν

389 466 501 521 cris
544 464 725 521 adhuc
758 466 980 532 addicti,
1032 468 1315 524 sacriﬁciis
1368 469 1628 539 prosequi
1678 475 1732 520 ct
1778 466 1959 520 colere

2107 468 2158 521 al.
2194 469 2361 539 τιμᾷν
2389 465 2745 537 ἐμελέτησαν.
2777 461 2890 517 Καὶ
2912 458 3076 522 αὐτὸς
3098 457 3155 512 δέ
3180 456 3394 517 Παῦλος
3423 455 3485 509 ἐν
3505 453 3652 522 παρο

393 554 837 611 instituebant“.
907 556 1026 629 Ipse
1087 572 1305 628 quoque
1355 554 1552 612 Paulus
1604 563 1789 628 aperte
1840 554 1959 609 ait:

2064 559 2227 631 ρησίᾳ
2259 558 2441 631 φησίν·
2482 555 2782 629 «Μιμηταί
2826 570 2928 625 μου
2986 549 3201 620 γίνεσθε
3258 545 3444 609 καθὼς
3495 542 3652 611 κάγὼ

399 646 740 703 «Ιηιίιειοι-εε
760 647 863 702 mei
886 656 1081 713 estote,
1109 646 1568 719 quemadmodum
1596 656 1651 702 ct
1675 661 1776 719 ego
1800 646 1964 701 Chri-

2118 652 2320 725 ριστοῦ.
2348 670 2367 705 ι
2402 651 2577 722 ’Ὕψος
2596 648 2689 704 οὖν
2706 646 2801 702 τοῦ
2830 640 3384 714 ταπεινοιρρονοῦντος
3404 636 3605 708 ἀνδρὸς
3620 637 3653 697 ἡ

396 737 464 791 sti
492 752 614 793 sum
638 738 706 789 ⁸⁸.
735 755 755 790 ι
811 734 1133 793 Sublimitas
1176 738 1341 810 igitur
1370 738 1633 801 hominis,
1678 736 1963 792 humiliter

2107 742 2554 817 ιπεινοφροσύνη,
2576 745 2634 796 ἐν
2655 736 2875 815 ᾖοῦτως
2900 734 3301 810 θεραπεύεσθαι
3323 733 3422 795 δεῖ,
3449 730 3549 785 καὶ
3565 730 3651 781 εύ-

397 828 465 883 de
490 842 551 883 se
576 828 881 895 sentientis,
906 838 990 886 est
1018 830 1321 894 humilitas,
1355 845 1465 901 qua
1496 829 1721 900 quidem
1756 829 1830 883 ita
1860 827 1966 883 sibi

2107 840 2280 908 υμεῖν,
2309 837 2405 891 καὶ
2428 837 2603 909 χαρᾶς
2632 832 2975 906 πληροῦσθαι
3004 830 3103 900 τὴν
3135 826 3333 898 ψυχὴν,
3382 824 3461 889 ὡς
3490 824 3547 877 εί
3566 837 3656 884 τις

397 917 647 987 placere,
694 918 946 989 bonoque
1000 921 1183 977 animo
1238 936 1363 976 esse
1416 928 1471 976 et
1522 919 1687 974 laetari
1730 928 1962 989 oportet,

401 1025 567 1080 quam
608 1010 820 1065 lattatur
844 1012 1002 1078 alias,
1038 1013 1132 1083 qui
1170 1014 1389 1069 divitias
1417 1028 1610 1067 omnes
1652 1014 1967 1065 hominum-

2067 930 2227 995 ἄλλος
2263 929 2355 984 τὸν
2408 929 2699 999 σύμπαντα
2744 924 2977 981 πλοῦτον
3019 922 3114 975 καὶ
3169 918 3268 991 τὴν
3298 914 3657 990 ἀνθρωπίνην

2068 1024 2224 1089 δόξαν
2264 1022 2349 1095 εῐη
2393 1020 2877 1095 περιϐεϐλημένος,
2927 1016 3023 1072 καὶ
3073 1015 3319 1086 κατέχων
3372 1011 3540 1085 χειρί.
3592 1010 3653 1062 Ὀ

401 1119 510 1174 que
534 1104 762 1175 gloriam
787 1114 977 1161 nactus
1015 1107 1116 1174 sit,
1161 1115 1216 1162 et
1238 1108 1292 1161 in
1324 1119 1577 1177 promptu
1622 1104 1832 1159 habeat.
1864 1102 1970 1169 Qui

2107 1114 2176 1168 ,ἐν
2202 1115 2311 1185 γὰρ
2377 1112 2520 1167 οὕτω
2565 1112 2659 1167 καὶ
2709 1112 2768 1165 ἐν
2824 1108 3037 1172 τούτοις
3086 1105 3344 1163 ταπεινὸς
3402 1104 3497 1155 τὸν
3517 1100 3657 1154 Θεὸν

404 1194 551 1247 enim
583 1192 657 1248 ita
699 1194 832 1248 etin
886 1196 971 1251 his
1016 1197 1239 1267 quidem
1294 1197 1460 1252 rebus
1509 1197 1733 1250 humilis
1771 1205 1878 1258 est,
1926 1196 1973 1249 is

2107 1205 2311 1276 ψοῢντα
2339 1203 2472 1277 ἔχει,
2519 1203 2615 1257 καὶ
2651 1202 2762 1256 ἀνω
2792 1200 3028 1254 τιθέντα.
3061 1218 3079 1250 ι
3133 1198 3193 1251 ὐ
3222 1196 3329 1267 γὰρ
3385 1190 3665 1247 ταπεινῶν

406 1283 579 1341 Deum
634 1287 817 1351 habet,
875 1302 936 1342 se
990 1288 1316 1343 exaltantem
1367 1299 1422 1344 et
1459 1288 1823 1343 evehentem:
1868 1285 1976 1353 Qui

2107 1299 2285 1361 αυτὸν,
2317 1297 2500 1368 φησὶν,
2533 1293 2897 1366 ὑψωθήσεται,
2936 1310 2957 1344 ι
2992 1291 3023 1343 ό
3051 1290 3098 1343 δ’
3127 1287 3459 1348 ἀπεναντίας
3489 1281 3665 1353 ὑψοῦ-

406 1375 546 1428 enim
577 1390 632 1429 se
680 1375 967 1441 humiliat,
1013 1375 1269 1445 inquit“,
1321 1375 1671 1445 excitabitur,
1708 1372 1802 1444 qui
1845 1386 1976 1427 vero

2107 1409 2242 1456 ιενος
2275 1390 2467 1445 τούτου
2492 1389 2583 1443 τὸν
2611 1387 2743 1442 Θεὸν
2789 1384 3244 1455 ἀντιτασσόμενον
3290 1380 3540 1450 εὑρήσει,
3569 1378 3668 1430 καὶ

411 1477 602 1521 contra
636 1482 694 1522 se
721 1468 960 1533 exaltat,
1006 1468 1095 1523 ille
1148 1468 1319 1523 Deum
1355 1468 1457 1523 sibi
1502 1468 1877 1522 adversantem
1925 1475 1981 1521 et

2114 1481 2438 1536 απεινοῦντα
2459 1522 2474 1547 ,
2524 1479 2618 1534 καὶ
2652 1480 2734 1542 είς
2766 1475 3019 1547 γῆνμθ)
3051 1474 3199 1543 αὐτῷ
3244 1472 3529 1541 φυσήματι
3569 1466 3669 1519 καὶ

414 1557 816 1625 Itumiliantem,
848 1569 904 1614 et
929 1560 1050 1630 ipso
1090 1561 1192 1616 hoc
1225 1560 1554 1630 arrogantiae
1576 1559 1705 1613 flatu
1732 1572 1981 1627 vanaque

405 1645 666 1715 jactantia
714 1647 768 1701 in
813 1658 1015 1703 terram
1061 1650 1407 1719 dejicientem
1449 1651 1782 1721 experietur.
1818 1649 1981 1705 Vides

412 1738 597 1808 itaque
638 1739 1027 1795 sublimitatem
1077 1751 1335 1797 extremae
1371 1743 1692 1797 humilitatis
1730 1757 1979 1804 causam,

412 1830 565 1887 vides
582 1832 944 1888 humilitatem
966 1834 1022 1888 in
1042 1836 1239 1890 cmlum
1264 1836 1564 1901 tollentem;
1584 1836 1859 1906 quomodo
1882 1835 1988 1889 ita-

413 1937 522 1991 que
548 1923 693 1977 hono
710 1923 894 1979 animo
914 1939 1022 1979 non
1054 1926 1126 1979 sit
1140 1928 1205 1991 ‘7,
1227 1936 1281 1980 et
1297 1928 1563 1999 glorietur
1583 1929 1715 1989 ,ltoc
1730 1926 1990 1991 est,laete-

418 2026 510 2069 tur
533 2024 589 2071 et
613 2016 855 2072 confidat
895 2017 949 2071 in
994 2018 1083 2074 illa
1118 2019 1448 2074 humilitatis
1474 2036 1586 2076 sua!
1612 2019 1990 2075 sublimitate?

489 2106 630 2163 Num
659 2110 841 2179 itaque
872 2110 1069 2167 divites
1094 2111 1185 2165 illa
1215 2112 1496 2167 evectione
1550 2124 1604 2166 et
1663 2111 1992 2167 exaltatione

420 2201 663 2257 destituti
691 2202 862 2258 sunt?
892 2201 1005 2258 Hoc
1037 2203 1255 2274 quidem
1306 2219 1415 2258 non
1456 2204 1708 2271 dixerim,
1762 2204 1892 2274 quia
1939 2212 1993 2257 et

422 2294 692 2352 Dominus
727 2306 911 2350 noster
934 2310 1043 2350 non
1090 2297 1282 2351 divites
1337 2313 1406 2352 ex
1433 2313 1601 2367 regno
1630 2312 1732 2350 suo
1777 2296 1994 2365 propel-

424 2387 505 2455 lit,
539 2388 634 2443 sed
669 2402 764 2441 eos
790 2397 1023 2452 tantum,
1045 2388 1137 2457 qui
1168 2388 1386 2444 divitias
1414 2404 1543 2443 suas
1572 2400 1792 2459 augent,
1818 2389 1995 2444 curis-

419 2494 528 2547 que
584 2482 700 2536 suis
734 2480 832 2534 toti
866 2480 1023 2536 avide
1056 2481 1163 2536 illis
1198 2481 1433 2544 inhiant,
1475 2482 1680 2552 quique
1722 2483 1995 2536 sollicitu-

420 2571 600 2626 dinem
639 2586 797 2628 suam
826 2586 1045 2627 omnem
1104 2572 1376 2627 thesauris
1434 2574 1718 2643 alligantes
1750 2574 1995 2626 animum

424 2663 478 2716 in
509 2671 652 2719 terra
717 2679 980 2734 auroque,
1038 2674 1302 2735 tanquam
1352 2666 1406 2720 in
1457 2681 1680 2722 carcere
1736 2665 1995 2737 quodam,

421 2756 699 2813 defossum
729 2766 785 2814 et
809 2759 1052 2814 vinctum
1099 2760 1517 2815 circumferunt.
1570 2762 1777 2819 Horum
1817 2761 1997 2816 homi-

427 2865 558 2904 num
586 2849 878 2905 amentiam
917 2850 1198 2923 castigans
1230 2854 1481 2910 Salvator
1515 2855 1591 2909 ait
1619 2873 1633 2910 :
1674 2874 1692 2907 ι
1726 2854 1828 2910 Ubi
1882 2857 2001 2911 tlte-

426 2958 626 2999 saurus
650 2950 836 2998 vester
861 2950 966 3010 est,
999 2944 1070 2999 ibi
1092 2953 1148 3001 et
1168 2960 1262 3004 cor
1283 2956 1368 3002 est
1390 2947 1455 3000 ⁸⁸.
1487 2966 1506 2999 ›
1551 2945 1831 3017 Ejusmodi
1861 2948 2001 3003 divi-

2087 1573 2301 1644 ματαίῳ
2334 1573 2532 1643 κόμπῳ
2582 1569 3011 1626 καταϐάλλοντα.
3040 1564 3196 1630 Εἶδες
3236 1564 3370 1635 ὕψος
3423 1562 3670 1630 ἐσχάτης

2085 1668 2255 1733 αἴτιον
2279 1663 2679 1729 ταπεινώσεως,
2715 1657 2855 1724 εἶδες
2910 1658 3238 1714 ταπείνωσιν
3298 1657 3379 1718 είς
3432 1651 3673 1722 οὐρανὸν

2087 1758 2485 1828 ἀναφέρουσαν,
2516 1756 2634 1819 πῶς
2680 1753 2779 1807 οὐκ
2812 1751 2877 1806 ἄν
2904 1768 2989 1814 τις
3019 1748 3254 1818 εὔθυμος
3292 1745 3375 1814 εἴη
3407 1745 3504 1797 καὶ
3530 1762 3673 1795 καυ-

2087 1850 2349 1920 χήσαιτ’(
2371 1846 2475 1914 50)
2501 1846 2569 1900 ἂν
2610 1845 2833 1906 εἰκότως
2860 1882 2874 1905 ,
2931 1838 3202 1901 τουτέστι,
3253 1834 3514 1905 τερφθείη
3572 1833 3673 1885 καὶ

2091 1942 2355 2013 θαρῤἠσει
2382 1941 2473 1994 ἐπὶ
2495 1938 2573 2010 τῷ
2600 1936 2726 2008 ὕψει
2771 1934 2939 1990 αὑτοῦ
2967 1936 3067 2005 τῆς
3095 1928 3473 2005 ταπεινώσεως
3504 1945 3520 1993 ;

2167 2118 2234 2171 Τί
2264 2112 2358 2171 οὖν
2387 2117 2436 2170 οἱ
2472 2114 2717 2169 πλούσιοι
2740 2113 2944 2183 ταύτης
2983 2109 3304 2182 ἐστέρηνται
3331 2108 3431 2179 τῆς
3456 2109 3673 2175 ἀναγωο

2091 2211 2201 2281 γῆς
2227 2209 2323 2264 καὶ⁵
2349 2207 2611 2279 ὑψώσεως
2638 2224 2653 2273 ;
2685 2206 2761 2260 Οὐ
2790 2203 2948 2258 τοῦτό
2977 2220 3142 2273 φημι,
3168 2202 3290 2255 ἐπεὶ
3318 2201 3411 2254 καὶ
3431 2201 3459 2252 δ
3489 2198 3681 2261 κοινὸς

2090 2301 2370 2371 Δεσπότης
2396 2300 2456 2353 οὐ
2490 2298 2616 2361 τοὺς
2646 2295 2936 2359 πλουσίους
2967 2294 3215 2348 ἐκϐάλλει
3241 2293 3343 2361 τῆς
3364 2290 3671 2361 βασιλείας,

2090 2397 2219 2460 τοὺς
2248 2395 2306 2449 δὲ
2334 2390 2775 2466 προστετηκότας
2805 2388 2883 2460 τῷ
2910 2387 3127 2458 πλούτῳ
3157 2387 3248 2441 καὶ
3276 2388 3397 2447 ταῖς
3449 2381 3678 2454 φροντί-

2095 2505 2179 2543 σιν
2222 2487 2358 2549 ὅλως
2422 2484 2560 2556 πρὸς
2611 2482 2773 2535 αὐτὸν
2812 2479 3065 2553 νεύοντας
3089 2479 3181 2532 καὶ
3205 2471 3592 2546 ἐπτοημένους,
3623 2472 3680 2525 οῖ

2094 2578 2193 2648 τὴν
2255 2576 2524 2648 μέριμναν
2578 2574 2759 2627 πᾶσαν
2817 2574 2930 2634 τοῖς
2987 2570 3279 2641 θησαυροῖς
3309 2568 3675 2637 ἐνδησάμενοι

2097 2668 2316 2739 ἔχουσιν
2375 2667 2452 2731 ὡς
2486 2668 2545 2719 ἐν
2600 2663 2961 2735 δεσμωτηρίῳ
3009 2664 3075 2732 τῇ
3105 2663 3175 2731 γῇ
3210 2660 3306 2713 καὶ
3361 2658 3438 2728 τῷ
3490 2654 3685 2727 χρυσῷ

2096 2760 2593 2833 κατορωρυγμένας
2647 2759 2741 2813 καὶ
2773 2756 3155 2826 πεπεδημένας
3208 2751 3404 2807 αὐτῶν
3441 2751 3543 2815 τὰς
3569 2749 3685 2820 ψυ-

2097 2857 2216 2927 χάς.
2247 2848 2349 2908 Ὧν
2394 2855 2488 2908 καὶ
2538 2853 2638 2922 τὴν
2701 2852 2886 2907 ἄνοιαν
2924 2847 3252 2918 στηλιτεύων
3274 2848 3303 2899 ὁ
3339 2844 3532 2916 Σωτὴρ
3563 2844 3687 2896 ἕλε-

2097 2968 2216 3018 γεν·
2252 2968 2271 3003 ι
2317 2949 2487 3003 Ὅπου
2534 2951 2561 3001 ὁ
2592 2945 2865 3018 θησαυρὸς
2906 2942 3081 3014 ὑμῶν,
3127 2942 3246 2995 ἐκεῖ
3297 2939 3391 2993 καὶ
3418 2939 3452 3007 ή
3480 2937 3690 3007 καρδία

424 3037 574 3092 tibus
603 3036 821 3093 caeleste
843 3036 1182 3094 domicilium
1216 3040 1556 3095 inaccessum
1601 3048 1686 3096 est
1720 3058 1733 3094 :
1791 3060 1809 3092 ‹
1843 3040 1998 3095 Faci-

2107 3044 2275 3113 ὑμῶν.
2316 3061 2335 3097 ι
2366 3041 2592 3105 Τούτοις
2638 3043 2751 3103 τοῖς
2802 3038 3081 3099 πλουσίοις
3112 3035 3310 3097 ἄϐατος
3336 3034 3369 3102 ὴ
3432 3032 3690 3103 οὐράνιος

427 3125 643 3198 liusque
669 3137 773 3192 est,
808 3138 869 3184 ut
898 3129 1146 3185 camelus
1174 3145 1272 3201 per
1298 3129 1543 3186 foramen
1575 3146 1710 3187 acus
1759 3139 2001 3187 transeat

2107 3133 2366 3199 πολιτεία,
2397 3133 2493 3188 καὶ
2524 3153 2542 3185 ι
2580 3130 2967 3201 Εὐκοπώτερόν
2997 3130 3114 3182 ἐστι
3144 3126 3390 3196 κάμηλον
3436 3121 3525 3176 διὰ
3552 3138 3692 3192 τρυ-

428 3233 595 3287 quam
645 3228 705 3275 ut
744 3220 821 3275 illi
873 3236 1100 3292 regnum
1148 3221 1410 3277 caelorum
1460 3222 1838 3293 ingrediantur
1875 3223 1940 3277 ⁶⁹.
1976 3241 1995 3275 ι

431 3311 715 3377 Quomodo
740 3312 927 3382 itaque
953 3314 1153 3370 divites
1191 3315 1587 3385 ingredientur,
1625 3326 1677 3371 et
1725 3317 2004 3387 quomodo

432 3401 673 3459 caelestis
701 3404 892 3459 civitas
915 3406 998 3460 eis
1027 3405 1314 3477 obtinget?
1341 3405 1397 3461 Si
1456 3408 1830 3464 Abrahamum
1886 3408 2005 3464 imi-

437 3500 638 3558 tentur,
683 3495 732 3550 si
759 3493 979 3560 Jobum,
1023 3497 1070 3552 si
1098 3498 1226 3552 boni
1259 3499 1394 3554 fiant
1432 3499 1746 3556 divitiarum
1782 3516 2007 3558 oecono-

433 3585 529 3649 mi,
558 3600 666 3641 non
692 3597 876 3642 autem
927 3589 1081 3658 parvi
1132 3590 1359 3661 quidam
1416 3593 1657 3663 tyranni,
1700 3609 2007 3665 pauperum

433 3676 688 3733 solatium
715 3692 838 3733 cum
876 3695 983 3735 non
1022 3681 1225 3738 minori
1258 3698 1392 3747 suae,
1430 3684 1645 3754 sibique
1686 3694 1881 3741 natura
1930 3686 2010 3742 si-

436 3767 672 3834 milium,
698 3768 897 3824 salutis
920 3771 1205 3840 dispendio
1232 3773 1477 3829 clavibus
1500 3785 1555 3831 et
1579 3777 1849 3847 repagulis
1871 3778 2012 3832 mul-

437 3862 509 3915 tis
537 3870 875 3918 coercentes.
915 3863 1201 3930 Quomodo
1245 3883 1375 3922 vero
1429 3869 1579 3924 dives
1628 3886 1693 3926 eo
1743 3870 2014 3927 ducetur?

436 3950 641 4021 etquid
669 3950 888 4013 efﬁciet,
928 3962 990 4007 ut
1028 3961 1134 4007 tam
1167 3955 1424 4023 praeclare
1479 3957 1640 4027 agat?
1683 3957 1886 4022 Animi,
1930 3959 2016 4013 in-

437 4042 583 4111 quit,
613 4042 893 4098 demissio.
926 4043 985 4099 Si
1037 4045 1181 4099 enim
1214 4048 1455 4117 seipsum
1501 4056 1778 4113 extenuet,
1812 4065 1908 4104 nec
1936 4050 2016 4103 in-

440 4134 563 4190 flari
590 4150 650 4191 se
679 4137 944 4206 patiatur,
977 4153 1155 4209 neque
1181 4154 1316 4195 auro
1341 4148 1397 4195 et
1427 4138 1635 4197 divitiis
1690 4141 1933 4212 glorians
1963 4152 2018 4197 et

438 4227 711 4283 distentus
739 4227 792 4282 in
829 4231 1124 4286 amentiam
1167 4247 1408 4302 praeceps
1434 4243 1580 4295 ruat,
1636 4232 1783 4287 novit
1832 4233 2019 4303 utique

444 4318 580 4376 nihil
619 4319 813 4375 horum
836 4336 996 4376 suum
1029 4339 1175 4389 esse,
1202 4325 1409 4380 nudum
1454 4338 1515 4381 se
1543 4339 1610 4380 ex
1659 4334 1849 4380 ventre
1925 4340 2017 4381 nta

445 4411 545 4469 tris
573 4427 688 4469 sua:
715 4412 940 4475 exiisse,
970 4416 1153 4470 omnia
1182 4415 1276 4472 Dei
1303 4432 1448 4482 esse,
1483 4417 1675 4488 illique
1699 4415 1858 4473 facile
1884 4432 2027 4481 esse,

442 4503 707 4558 utomnia
747 4503 839 4558 illa
883 4504 987 4560 sibi
1031 4505 1247 4576 eripiat,
1301 4518 1357 4562 et
1406 4508 1460 4563 in
1511 4509 1649 4565 alios
1696 4507 2011 4576 transferat,

444 4595 673 4667 darique
719 4595 853 4663 haec,
924 4613 1031 4653 non
1072 4608 1131 4653 ut
1179 4599 1412 4670 proximi
1457 4601 1620 4658 rebus
1688 4602 2015 4659 necessariis

445 4689 748 4760 priventur,
775 4691 869 4747 sed
908 4700 969 4746 ut
1009 4707 1196 4746 eorum
1229 4710 1350 4763 quae
1379 4694 1492 4763 ipse
1519 4694 1747 4765 accepit,
1782 4695 2015 4751 reddan—

448 4789 535 4834 tur
562 4781 875 4850 participes.
911 4780 1089 4837 Tareo
1118 4786 1222 4838 alia
1250 4784 1550 4853 complura.
1588 4784 1791 4839 Horum
1817 4800 2016 4854 gnarus

450 4869 561 4933 ille,
592 4868 709 4923 hare
741 4869 922 4924 animo
951 4870 1257 4939 revolvens,
1277 4872 1453 4927 datori
1485 4873 1686 4943 gratias
1715 4876 1844 4944 agit.
1907 4876 2017 4930 No-

438 4960 527 5014 lvit
553 4974 613 5016 se
631 4976 753 5017 esse
780 4960 1105 5028 debitorem,
1137 4964 1420 5033 praeceptis
1445 4964 1587 5035 ejus,
1606 4966 1699 5036 qui
1726 4982 1786 5022 se
1809 4975 1863 5021 et
1894 4982 2021 5023 con-

450 5052 587 5107 didit
624 5061 680 5109 et
712 5054 926 5119 ditavit,
986 5054 1215 5113 audiens
1268 5064 1370 5123 est,
1423 5058 1729 5129 Opibusque
1768 5060 1903 5127 suis,
1961 5070 2022 5118 ut

456 5143 651 5200 alienis
715 5146 911 5211 utitur,
946 5162 1155 5217 easque
1196 5147 1561 5212 administrat,
1589 5150 1674 5204 vel
1723 5150 1796 5205 ita
1840 5152 2023 5223 potius

454 5236 822 5304 administrat,
856 5248 915 5294 ut
973 5240 1213 5297 maxime
1255 5256 1369 5298 sua:
1421 5242 1549 5310 sint,
1616 5258 1714 5298 sua
1754 5244 1843 5299 illa
1900 5260 2023 5302 esse

460 5322 805 5398 existimans,
850 5340 906 5387 et
968 5331 1201 5399 faciens,
1254 5346 1374 5403 quae
1442 5332 1498 5388 in
1530 5333 1776 5403 ejusdem
1825 5343 1879 5390 et
1928 5352 2025 5391 na-

2106 3227 2301 3297 μαλιᾶς
2329 3225 2550 3296 ῥαφίδος
2579 3224 2827 3285 διελθεῖν,
2851 3222 2884 3293 ἢ
2912 3223 3132 3282 τούτους
3160 3219 3241 3281 είς
3266 3217 3365 3286 τὴν
3391 3214 3503 3267 τῶν
3523 3212 3693 3280 οὖρα⁶

2104 3318 2210 3371 νῶν
2242 3316 2568 3389 βασιλείαν.»
2601 3314 2725 3378 Πῶς
2773 3310 2866 3367 οὖν
2895 3311 3298 3365 είσελεύσονται
3323 3309 3372 3360 οί
3417 3304 3692 3368 πλούσιοι,

2107 3409 2204 3463 καὶ
2231 3409 2431 3479 κλῆρος
2485 3408 2672 3470 αὐτοῖς
2701 3405 2856 3458 ἔσται
2889 3404 2960 3457 τὰ
3010 3402 3238 3473 οὐράνια
3268 3396 3649 3465 πολιτεύματα
3676 3412 3692 3457 ;

2112 3503 2210 3556 "Av
2242 3501 2518 3572 μιμῶνται
2540 3498 2633 3551 τὸν
2681 3496 2948 3566 Ἀϐραὰμ,
2985 3494 3052 3548 ἂν
3075 3494 3170 3547 τὸν
3214 3491 3355 3556 Ἰὼϐ,
3387 3489 3455 3544 ἂν
3485 3487 3667 3542 οίκονό

2112 3612 2201 3666 μοι
2231 3592 2386 3647 καλοὶ⁹
2420 3588 2515 3645 τοῦ
2560 3589 2819 3654 πλούτου,
2873 3586 3010 3641 ἀλλά
3048 3585 3122 3657 μὴ
3174 3582 3362 3655 μικροὶ
3390 3580 3694 3637 καθίσταν-

2110 3703 2200 3741 ται
2245 3684 2517 3757 τύραννοι,
2539 3681 2690 3735 οὐδὲν
2721 3680 2940 3734 ἔλαττόν
2959 3696 3020 3732 τε
3048 3675 3322 3747 δμοφυοῦς
3348 3675 3382 3745 ἢ
3434 3672 3534 3743 τῆς
3570 3672 3671 3722 ἐαυ

2111 3778 2219 3831 τῶν
2253 3775 2527 3846 σωτηρίας
2551 3772 2767 3835 πολλοῖς
2795 3771 3068 3841 κλείθροις
3099 3770 3195 3822 καὶ
3223 3768 3439 3838 μοχλοῖς
3460 3764 3560 3833 τὴν
3587 3760 3700 3814 τῶν

2115 3866 2362 3937 πενήτων
2435 3863 2788 3935 παραμυθίαν
2841 3860 3305 3921 ἐναποκλείοντες.
3342 3856 3512 3910 Πόθεν
3562 3854 3622 3907 δέ
3669 3856 3701 3906 6

2116 3957 2370 4020 πλούσιος
2404 3958 2482 4021 είς
2522 3953 2725 4023 ταύτην
2764 3954 2862 4022 τὴν
2902 3951 3104 4021 πρᾶξιν
3136 3950 3423 4019 ἀφίξεταις
3474 3948 3571 3999 καὶ
3613 3947 3701 4009 τίς

2118 4050 2267 4106 αἰτία
2313 4049 2406 4103 καὶ
2449 4047 2550 4102 τοῦ
2580 4046 3008 4117 κατορθώματος
3039 4061 3055 4110 ;
3093 4044 3157 4096 Ἦ
3181 4042 3277 4108 (51
3303 4044 3320 4109 )
3344 4040 3699 4101 ταπείνωσις,

2119 4142 2304 4214 φησίν.
2346 4141 2471 4195 Ἐὰν
2510 4140 2621 4211 γὰρ
2664 4136 2980 4209 ταπεινώσῃ
3022 4135 3214 4190 ἑαυτὸν
3243 4177 3260 4199 ,
3297 4134 3392 4187 καὶ
3444 4135 3508 4186 οὑ
3559 4132 3699 4203 πρὸς

2121 4233 2387 4303 φυσίωσιν
2438 4231 2674 4303 ἐπαρθῇ,
2728 4230 2840 4283 οὐδ’
2889 4230 2969 4292 είς
3018 4229 3279 4283 ἀπόνοιαν
3330 4226 3570 4294 ἐμπέσῃ.
3626 4222 3706 4291 τῷ

2123 4321 2308 4395 χρυσῷ
2339 4322 2435 4376 καὶ
2479 4319 2693 4391 πλούτῳ
2743 4316 3118 4387 γαυρούμενός
3147 4334 3206 4369 τε
3256 4315 3349 4368 καὶ
3376 4312 3703 4381 διογκούμε-

2061 4412 2105 4467 D
2133 4431 2244 4477 νος,
2284 4408 2446 4477 οίδεν,
2477 4412 2559 4465 ὅτι
2613 4411 2819 4465 τούτων
2838 4410 2991 4464 οὐδέν
3040 4411 3188 4462 ἐστιν
3220 4408 3353 4460 ἴδιον
3401 4406 3568 4459 αὑτοῦ
3589 4444 3605 4468 ,
3626 4406 3709 4457 ὅτι

2119 4506 2298 4560 πάντα
2320 4504 2435 4558 ἐστὶ
2448 4503 2718 4569 τοῦαΘεοῢ,
2744 4503 2826 4556 ὅτι
2850 4502 2978 4573 ῥᾷόν
2997 4501 3142 4553 ἐστιν
3163 4498 3459 4568 ἀφελέσθαι
3490 4496 3590 4567 μὲν
3615 4495 3712 4548 αύ-

2129 4598 2222 4651 τοῦ
2254 4596 2449 4659 ταῦτα,
2492 4597 2587 4658 «et;
2615 4595 2835 4664 ἐτέρους
2859 4593 2916 4645 δὲ
2940 4592 3311 4664 μετενεγκεῖν,
3333 4590 3417 4642 ὃτι
3446 4596 3622 4641 ταῦτα
3644 4587 3713 4639 δίο

2122 4684 2337 4757 ὣνταις,
2358 4687 2456 4756 οὐχ
2478 4686 2566 4739 ἵνα
2591 4684 2888 4756 στέρωνται
2912 4684 3020 4736 τῶν
3045 4680 3363 4750 ἀναγκαίων
3385 4680 3439 4733 oi
3458 4678 3710 4749 πλησίον,

2127 4778 2239 4833 ἀλλ’
2271 4778 2356 4830 ἵνα
2383 4775 2557 4847 ἔχοιεν
2592 4776 2656 4828 ἐκ
2677 4773 2773 4827 τοῦ
2797 4773 3052 4835 λαϐόντος
3082 4769 3545 4841 μεταλαμϐάνειν.
3572 4768 3699 4821 Ὀτι

2126 4872 2295 4943 μυρία
2317 4869 2473 4924 ἀλλα.
2495 4868 2605 4923 Καὶ
2622 4866 2793 4921 ταῦτα
2823 4865 3000 4929 εἰδὼς,
3028 4865 3254 4926 καὶτοῖς
3283 4863 3466 4933 λόγοις
3494 4860 3713 4914 ἀνελίσ-

2126 4982 2233 5020 σων
2274 4961 2590 5033 εὐχαριστεῖ
2622 4958 2701 5029 τῷ
2748 4958 2959 5029 δοτῆρι.
2999 4953 3154 5011 Οἶδεν
3187 4953 3380 5008 ἐαυτὸν
3407 4950 3714 5025 χρεώστην,

2126 5054 2374 5109 πείθεται
2401 5054 2514 5116 τοῖς
2534 5051 2628 5105 τοῦ
2654 5050 2959 5113 πλάσαντος
2975 5049 3160 5115 αὑτὸν,
3185 5048 3281 5102 καὶ
3306 5044 3713 5105 πλουτίσαντος,

2127 5150 2336 5219 νόμοις,
2387 5146 2463 5210 ὼς
2517 5143 2817 5213 ἀλλοτρίων
2849 5143 2961 5195 τῶν
3023 5141 3174 5195 ἰδίων
3224 5138 3596 5211 προΐσταται,
3626 5134 3718 5188 καὶ

2126 5241 2300 5297 ταῦτα
2331 5240 2623 5307 οἰκονομεῖ,
2656 5235 2858 5307 μᾶλλον
2894 5236 2951 5288 δὲ
2976 5234 3052 5299 ώς
3098 5233 3332 5305 μάλιστα
3362 5231 3511 5284 ίδίων
3543 5242 3558 5258 ·
3611 5227 3715 5279 ἴδια

2130 5337 2224 5391 καὶ
2246 5332 2612 5402 λογιζόμενος,
2654 5329 2748 5382 καὶ
2778 5327 3123 5398 ποιούμενος,
3151 5327 3252 5380 ὅσα
3276 5324 3415 5395 (52)
3436 5322 3563 5384 τοὺς
3590 5321 3714 5389 ὁμο-

514 5450 561 5482 “
602 5448 722 5507 Act.
754 5466 866 5515 nv,
909 5451 996 5507 i3.
1057 5452 1104 5484 “
1139 5450 1157 5505 l
1208 5450 1337 5507 Cor.
1369 5465 1448 5519 ιι,
1482 5450 1533 5505 l.
1587 5453 1631 5483 “
1672 5451 1802 5508 Luc.
1840 5468 1994 5522 xvttt,
2033 5455 2118 5509 M.
2181 5452 2226 5485 ⁸⁷
2246 5449 2364 5505 Jac.
2400 5461 2473 5513 tv,
2509 5444 2564 5498 6.
2642 5443 2688 5476 ⁸⁸
2710 5440 2904 5496 Matth.
2948 5440 3137 5507 vt,2|.
3189 5421 3443 5493 "Matth.
3478 5449 3593 5497 ιιι,
3625 5428 3713 5484 2L

1976 5570 2206 5629 ΝΟΤίΕ.

545 5665 654 5736 (i9)
682 5664 761 5736 είς
798 5664 905 5733 γῆν
937 5663 1095 5719 Colb.
1128 5680 1226 5733 pro
1262 5665 1452 5736 ὀργήν.

548 5735 660 5805 (50)
694 5734 769 5791 Id.
797 5749 895 5805 pro
913 5736 1137 5806 καυχῆτ’
1163 5737 1186 5788 ?

2224 5660 2334 5730 (5|)
2375 5659 2568 5730 ile-so.
2595 5668 2693 5730 pr?
2726 5655 2780 5720 ῆι

2227 5723 2336 5802 (δε)
2364 5723 2517 5784 (Ιοιυ.
2544 5740 2640 5795 pro
2662 5723 2785 5791 ἕσφ.
