3908 6214
200 327 302 391 157

1112 337 1212 398 AD
1247 334 1841 400 AMPHILOCHIUM
1876 337 2225 411 QUIESTIO
2256 337 2565 404 CXXXVI.

3344 341 3450 405 758

192 448 425 511 πεστους
452 448 547 504 καὶ
575 449 837 521 ὐμοφυεῖς
862 448 1018 521 ἰσχὺν
1044 449 1232 520 εἴληφε
1259 449 1603 523 θεραπεύειν,
1628 449 1770 505 οὔτω

1875 460 2013 507 rurae
2031 460 2086 508 et
2113 453 2233 508 ﬁdei
2287 464 2571 511 consortes
2610 453 2924 511 conferendi
2988 455 3199 525 c0piam
3253 458 3444 513 nanci-

193 541 388 613 πράως
415 546 528 605 τοϊς
558 541 831 610 δεομένοις
870 542 1147 615 ἐπαρκῶν,
1176 543 1321 597 οὕτω
1348 544 1766 615 φιλανθρώπως,

191 631 372 698 οὕτως
402 634 794 705 οἰκονομικῶς,
825 634 901 698 ώς
924 636 1035 688 τῶν
1068 634 1264 688 κοινῶν
1296 634 1471 704 φύλαξ
1505 637 1601 689 καὶ
1628 638 1770 690 οἰκο-

190 723 358 795 νόμος
380 724 600 795 ταχθεὶς
628 726 692 777 ὲκ
719 722 872 779 Θεοῦ.
924 722 1110 795 Ὁρᾷς,
1144 723 1290 787 ὅπως
1334 724 1429 777 καὶ
1480 723 1571 776 τὸν
1603 722 1769 777 πλοῦο

191 831 311 870 σιον
334 818 368 888 ἡ
396 816 723 879 ταπείνωσις
758 815 1009 888 λαμπρὸν
1070 819 1164 870 καὶ
1193 815 1395 887 ὑψηλὸν
1422 815 1518 870 καὶ
1542 816 1641 886 τῆς
1675 814 1770 885 βα-

190 908 396 972 σιλείας
428 908 575 973 ἄξιον
616 908 906 976 ἀποφαίνει
931 927 948 977 ;
976 908 1075 963 Διὰ
1126 908 1283 962 τοῦτό
1330 925 1512 979 φησιν,
1551 926 1570 960 t
1615 906 1673 961 Ὀ
1711 907 1769 961 δὲ

190 998 448 1062 πλούσιος
504 1000 797 1070 καυχάσθω
824 1003 882 1054 ἐν
906 1003 972 1071 τῇ
1019 997 1343 1055 ταπεινώσει
1393 996 1582 1052 αὑτοῦ.
1616 1017 1636 1052 ι
1680 999 1769 1051 Ἐν

193 1090 384 1164 ταύτῃ,
403 1093 587 1162 φησιν,
618 1092 885 1157 ἐλπιζέτω
907 1094 974 1163 τῇ
1002 1089 1345 1145 ταπεινώσειο
1371 1093 1430 1146 ἐν
1449 1090 1621 1162 ταύτῃ
1638 1090 1769 1162 θαρ-

191 1184 377 1254 ρείτω,
426 1185 515 1239 διά
566 1184 771 1255 ταύτης
802 1185 1173 1256 ὑψωθήσεται.
1232 1185 1295 1238 El
1322 1183 1434 1254 γὰρ
1475 1182 1551 1255 μὴ
1582 1182 1766 1246 τοῦτο,

186 1277 377 1346 φησὶν,
420 1277 530 1330 ἀπὸ
562 1276 656 1331 τοῦ
689 1278 934 1332 Πλάστου
964 1277 1301 1349 κερδήσειεν,
1329 1277 1383 1331 τί
1432 1277 1561 1332 άλλο
1617 1275 1768 1345 αὐτῷ

188 1367 249 1431 ἐξ
284 1366 450 1421 αὐτοῦ
484 1366 658 1435 ἔσται,
715 1370 824 1423 άπδ
851 1371 975 1438 γῆς,
1000 1371 1107 1423 ἀπὸ
1132 1368 1327 1440 πηλοῦ,
1358 1369 1465 1423 ἀπὸ
1492 1368 1765 1439 ψηφιδίων

186 1454 331 1509 οὕτω
362 1456 615 1529 μικρῶν;
650 1460 850 1527 μᾶλλον
883 1460 961 1518 δὲ.
988 1460 1064 1519 du:
1109 1460 1251 1531 ἱερὸς
1290 1458 1546 1521 Ἰάκωϐος
1572 1459 1763 1527 φάναι,

190 1537 493 1615 μηδὲνῗάπδ
535 1547 729 1611 ἄνθους
760 1549 954 1618 χόρτου
989 1550 1361 1619 διαφέροντος,
1396 1550 1425 1603 ὃ
1453 1550 1592 1621 πρὸς
1615 1548 1767 1621 ὥραν

194 1638 299 1707 μὲν
324 1638 499 1701 ἀνθεῖ,
532 1641 627 1694 καὶ
669 1640 866 1710 τέρπει
899 1642 1160 1706 πολλάκις
1187 1642 1465 1713 αἴσθησιν,
1495 1641 1769 1698 ἐπικαίον-

187 1746 279 1792 τος
307 1729 366 1783 δὲ
390 1730 486 1783 τοῦ
513 1731 669 1801 ἡλίου
703 1731 1015 1805 ξηραίνεταί
1042 1750 1100 1786 τε
1133 1733 1229 1787 καὶ
1268 1733 1606 1803 ἀφανίζεται,
1634 1733 1770 1805 μηδὲ

1872 542 2046 597 scitur
2077 559 2092 597 :
2123 551 2235 598 tam
2266 554 2554 599 mansuete
2580 546 2769 615 egenis
2799 546 3145 615 impertiens,
3178 554 3290 600 tam
3340 548 3445 601 llik

1872 635 2127 700 maniter,
2153 640 2263 688 tam
2288 632 2592 706 frugaliter,
2616 652 2780 707 quam
2834 636 3217 691 communium
3276 637 3448 692 bono-

1870 740 1992 779 rum
2022 726 2305 782 custodem
2333 734 2386 780 et
2413 728 2845 799 dispensatorem
2913 743 2972 783 se
3034 729 3102 782 ab
3162 728 3282 798 ipso
3335 728 3446 783 Deo

1871 817 2025 871 novit
2050 833 2174 874 esse
2195 820 2572 875 constitutum.
2608 819 2866 884 Videsne,
2897 821 3177 891 quomodo
3204 822 3446 875 humili-

1870 919 1956 966 tas
2004 912 2169 966 etiam
2199 912 2419 969 divitem
2448 913 2717 970 illustrem
2751 924 2806 971 et
2861 916 3151 971 sublimem
3180 922 3236 970 et
3277 930 3447 986 regno

1869 1002 2080 1058 caelesti
2106 1003 2329 1073 dignum
2360 1004 2539 1062 facere
2563 1006 2787 1076 possit?
2815 1006 3108 1075 Pr0pterea
3142 1006 3258 1060 ait:
3306 1025 3325 1058 ι
3356 1005 3449 1060 Di-

1870 1109 1965 1149 ves
2003 1109 2134 1149 vero
2164 1095 2424 1165 glorietur
2451 1097 2506 1150 in
2534 1096 2841 1151 humilitate
2890 1112 2989 1152 sua
3014 1095 3084 1152 ⁷⁰.
3126 1114 3145 1148 ι
3205 1096 3263 1151 In
3322 1097 3445 1163 hac,

1871 1189 2067 1258 inquit,
2099 1189 2405 1244 humilitate
2436 1190 2578 1245 bene
2614 1198 2834 1260 speret;
2888 1189 2993 1244 hac
3034 1189 3306 1253 conﬁdat;
3333 1202 3452 1258 .per

1871 1280 2013 1334 hanc
2045 1279 2392 1333 exaltabitur.
2426 1277 2540 1333 Nisi
2566 1280 2711 1333 enim
2743 1278 2868 1343 hoc,
2927 1279 3124 1349 inquit,
3154 1295 3184 1333 a
3247 1279 3448 1333 Condi-

1870 1382 1991 1427 tore
2017 1371 2282 1436 lucretur,
2305 1369 2433 1440 quid
2462 1370 2605 1425 aliud
2632 1371 2700 1425 ab
2728 1370 2819 1425 illo
2851 1370 3145 1440 acceperit,
3185 1386 3254 1425 ex
3277 1379 3441 1434 terra,

1868 1479 1936 1518 ex
1960 1464 2096 1526 luto,
2141 1477 2207 1517 ex
2239 1461 2438 1532 lapillis
2466 1461 2603 1516 adeo
2630 1463 2841 1532 parvis,
2899 1463 3012 1517 imo
3047 1462 3248 1533 potius,
3301 1460 3446 1531 quod

1870 1566 2095 1612 sanctus
2137 1554 2372 1611 Jacobus
2421 1556 2496 1610 ait
2519 1557 2585 1622 ⁷³,
2621 1556 2689 1611 ab
2718 1557 2828 1611 illis
2858 1556 3047 1621 rebus,
3075 1571 3197 1627 qua:
3244 1570 3277 1610 a
3314 1556 3448 1611 ﬂore

1868 1647 2135 1718 graminis
2177 1647 2313 1701 nihil
2366 1646 2641 1711 diﬂ‘erunt,
2682 1646 2830 1717 quod
2893 1647 2949 1701 in
2995 1648 3187 1702 horam
3225 1645 3443 1716 quidem

1869 1740 2045 1806 ﬂoret,
2092 1753 2395 1809 sensusque
2427 1739 2821 1809 aliquantisper
2851 1739 3104 1804 delectat,
3161 1737 3277 1793 sole
3316 1752 3447 1791 vero

187 1820 443 1890 λείψανον
472 1822 574 1891 τῆς
610 1825 881 1896 προτέρας
934 1825 1270 1894 εὐπρεπείας
1320 1826 1767 1897 ὑπολειπόμενον.

1873 1841 2086 1897 urente,
2128 1830 2421 1886 marcescit
2451 1839 2504 1885 et
2529 1830 2859 1894 deﬂorescit,
2909 1830 3047 1884 nihil
3084 1828 3303 1898 pristini
3348 1828 3445 1882 de.-

188 1913 406 1985 Ὠσπερ
451 1914 545 1969 οὖν
590 1917 651 1970 τδ
696 1917 855 1979 ἄνθος
904 1917 1000 1970 τοῦ
1040 1918 1255 1989 χόρτου,
1306 1914 1435 1989 ὲνῷ
1460 1919 1521 1972 τὸ
1568 1918 1768 1990 ώραῖον

186 1999 505 2075 πρὸϐάλλει,
552 2007 832 2077 φθείρεται
882 2008 976 2062 καὶ
1030 2008 1351 2076 ἀπόλλυται,
1424 2008 1568 2064 οὕτω
1621 2011 1713 2063 καὶ
1740 2010 1769 2063 ό

187 2099 446 2163 πλούσιος
485 2104 542 2153 ὲν
584 2101 733 2171 αὐτῷ
785 2102 884 2173 τῆς
945 2102 1562 2174 πολυτελείας(53)τῷ
1616 2102 1769 2157 ἄνθει

187 2192 517 2263 μαραίνεται
549 2193 643 2247 καὶ
665 2193 955 2251 διόλλυται.
1004 2194 1223 2249 Μᾶλλον
1255 2195 1311 2248 δὲ
1352 2195 1449 2248 καὶ
1471 2194 1565 2248 τοῦ
1612 2194 1672 2247 ὲν
1690 2194 1769 2265 τῷ

184 2284 367 2355 χόρτῳ
402 2286 655 2357 εὑρήσεις
684 2288 847 2342 αὐτὸν
893 2287 1281 2358 ἀσθενέστερόν
1309 2305 1368 2340 τε
1411 2288 1507 2341 καὶ
1551 2287 1771 2357 ἀδρανὲ-

186 2390 404 2444 στερον.
439 2376 511 2430 Τὸ
541 2376 640 2445 μὲν
668 2378 778 2448 γὰρ
806 2377 921 2448 ἰδίῳ
948 2378 1126 2449 καιρῷ
1157 2378 1326 2444 ἀνθεῖ,
1371 2378 1467 2431 καὶ
1500 2378 1616 2448 ἰδίῳ
1662 2396 1769 2447 μα-

187 2466 453 2537 ραίνεταιο
511 2470 540 2521 ό
567 2468 624 2521 δὲ
678 2470 931 2534 πλούσιος
956 2471 1015 2524 ὲν
1046 2473 1181 2543 αὐτῇ
1215 2471 1449 2542 μάλιστα
1476 2472 1541 2541 τῇ
1591 2472 1767 2544 ἀκμῇ,

182 2563 272 2615 ὅτε
305 2565 645 2634 πανταχόθεν
690 2566 842 2636 αὐτῷ
870 2566 1156 2637 βλαστάνει
1194 2568 1287 2621 καὶ
1315 2566 1469 2621 ἀνθεῖ
1495 2565 1565 2621 τὰ
1614 2566 1770 2637 ἡδέα,

185 2655 284 2707 καὶ
321 2653 585 2708 δοκοῦντα
622 2649 760 2708 εἶναι
822 2656 1052 2729 λαμπρά
1096 2658 1190 2711 καὶ
1250 2657 1465 2727 ζηλωτὰ
1488 2696 1504 2719 ,
1541 2657 1638 2710 καὶ
1694 2656 1772 2727 τῷ

184 2747 339 2815 ³5γκῳ
396 2747 493 2800 καὶ
541 2747 621 2818 τῷ
673 2747 955 2818 φυσήματι
996 2747 1342 2819 φλεγμαίνων
1398 2751 1513 2812 τοῖς
1558 2749 1773 2812 πολλοῖς

184 2840 304 2891 ιστι
333 2837 584 2909 φοϐερὸς,
610 2839 731 2891 τότε
763 2839 850 2910 δὴ,
875 2840 997 2893 τότε
1013 2839 1209 2910 ἁθρόον
1238 2840 1549 2911 πολλάκιςῆ
1603 2840 1772 2895 θανά-

186 2948 280 2986 του
315 2931 467 3003 νόμῳ
494 2930 606 3002 (54)
632 2932 982 3002 συλληφθεὶς.
1013 2932 1075 2999 έξ
1098 2932 1400 3004 ἀνθρώπων
1427 2932 1772 3003 ἀφανίζεται,

188 3023 221 3092 ἦ
250 3023 510 3093 ναυάγιον
555 3024 718 3077 αὐτὸν
774 3028 920 3077 ποιεῖ
969 3026 1324 3096 ὑποϐρυχιον.
1359 3027 1467 3078 Καὶ
1498 3024 1558 3076 τὸ
1586 3026 1771 3078 καινὸν

189 3117 284 3169 καὶ
343 3116 667 3188 παράδοξον,
694 3118 804 3171 οὐδ’
831 3118 997 3172 αὐτὸν
1030 3118 1142 3171 ἔσθ’
1196 3119 1285 3170 ὅτε
1349 3116 1569 3186 βυθίζον
1601 3116 1771 3187 (55),

1870 1923 2018 1978 coris
2050 1923 2380 1992 relinquens.
2414 1922 2889 1989 Quemadmodum
2922 1921 3089 1991 igitur
3114 1920 3212 1975 ﬂos
3238 1918 3445 1988 grami-

1872 2013 1980 2079 nis,
2023 2013 2074 2067 in
2108 2028 2220 2083 quo
2252 2014 2420 2068 decor
2446 2014 2567 2083 ejus
2589 2015 2810 2077 emicat,
2872 2011 3014 2081 perit
3044 2020 3098 2066 et
3160 2011 3443 2075 aboletur;

1870 2108 1946 2163 ita
1971 2107 2122 2161 dives
2150 2121 2389 2177 quoque,
2421 2106 2475 2160 in
2504 2106 2681 2161 media
2704 2105 2959 2160 felicitate
3012 2104 3369 2167 constitutus,
3394 2110 3449 2156 et

1873 2199 1929 2252 in
1964 2198 2083 2267 ipso
2118 2196 2537 2266 magniﬁcentia:
2565 2195 2699 2250 ﬂore
2731 2194 3020 2249 marcescit
3058 2201 3115 2247 et
3164 2190 3447 2245 consumi-

1872 2300 1981 2344 tur.
2011 2291 2124 2344 lmo
2153 2304 2283 2345 vero
2336 2290 2586 2344 eumdem
2622 2290 2743 2357 ipso
2770 2288 2865 2341 illo
2891 2285 3156 2358 graminis
3189 2283 3446 2339 ﬂoreim-

1874 2383 2210 2438 becilliorem
2245 2391 2298 2436 et
2352 2382 2601 2437 viliorem
2651 2380 2945 2434 inveneris.
3004 2378 3096 2432 Ille
3145 2375 3292 2431 enim
3344 2389 3448 2427 suo

1873 2484 2117 2545 tempore
2144 2476 2318 2541 ﬂoret,
2350 2490 2451 2530 suo
2501 2489 2631 2528 vero
2675 2474 2840 2527 etiam
2900 2470 3189 2526 marcescit
3237 2486 3252 2524 :
3295 2468 3449 2524 dives

1874 2578 2053 2623 autem
2104 2568 2159 2623 in
2228 2584 2443 2623 summo
2492 2568 2679 2638 vigore
2721 2579 2862 2631 suo,
2927 2564 3146 2634 quando
3205 2560 3447 2632 jucunda

1875 2675 2106 2731 quaeque
2130 2670 2184 2714 et
2209 2659 2442 2713 illustria
2470 2659 2818 2727 maximeque
2842 2655 3206 2711 consectanda
3256 2654 3449 2707 viden-

1878 2764 1984 2819 tur,
2034 2752 2113 2806 illi
2147 2759 2449 2807 nascuntur
2475 2758 2529 2803 et
2556 2750 2768 2813 ﬂorent,
2832 2748 2947 2818 ipse
2991 2762 3143 2809 vero,
3201 2744 3341 2798 fastu
3394 2752 3452 2797 oc

1876 2843 2186 2914 arrogantia
2220 2841 2460 2901 inﬂatus,
2494 2839 2682 2894 multis
2730 2848 2994 2894 terrorem
3052 2836 3269 2898 incutit,
3319 2842 3453 2887 tunc

1877 2935 2126 2999 omnino,
2162 2942 2291 2988 tunc
2316 2931 2632 3001 frequenter
2664 2932 2749 2984 vel
2777 2928 3125 2984 mortalitatis
3168 2930 3282 2995 lege
3326 2940 3451 2980 cor-

1875 3037 2065 3097 reptus
2097 3040 2163 3080 ex
2206 3004 2522 3079 hominibus
2576 3023 2838 3092 disparet,
2878 3029 2972 3076 ant
2998 3019 3284 3088 naufragio
3318 3017 3450 3072 subs

1880 3118 2159 3187 mergitur.
2184 3116 2366 3187 Neque
2394 3130 2523 3170 vero
2544 3131 2760 3185 semper
2787 3130 2986 3169 novum
3028 3112 3232 3182 aliquid
3264 3120 3319 3166 et
3359 3111 3442 3165 in—

187 3209 323 3268 me
359 3210 453 3263 τὸν
474 3210 694 3281 χρυσὸν,
730 3212 829 3283 τὴν
872 3211 1035 3266 αὐτοῦ
1091 3211 1269 3282 ψυχὴν
1313 3213 1409 3265 καὶ
1454 3212 1621 3283 ζωὴν,
1676 3214 1770 3267 καὶ

1874 3208 2093 3263 solitum
2118 3208 2267 3262 illum
2306 3206 2624 3275 submergit,
2658 3207 2750 3261 sed
2783 3220 2978 3259 manus
3012 3203 3215 3273 potius,
3246 3200 3455 3270 majore

188 3302 451 3375 τύραννος
483 3305 540 3358 δὲ
569 3305 790 3373 μᾶλλον,
826 3305 859 3377 ἢ
890 3305 1011 3358 κατ’
1040 3306 1270 3369 ἐκεῖνον,
1299 3306 1420 3377 χεὶρ
1468 3305 1563 3359 τὸν
1608 3306 1773 3359 πλοῦ-

188 3415 280 3450 τον
310 3398 633 3469 ἁρπάσασα,
691 3398 895 3471 ἔρημον
944 3399 1107 3455 άυτδν
1139 3401 1234 3453 καὶ
1284 3400 1387 3470 τῆς
1442 3398 1647 3470 ὀφρύος
1678 3400 1776 3453 καὶ

191 3492 287 3560 *ἧς
305 3491 453 3560 ζωῆς
482 3491 825 3556 ἐναπὲλιπεν,
861 3490 1205 3563 θεραπόντων
1236 3491 1543 3557 ἐπιϐουλαὶ,
1565 3491 1777 3564 λῃστῶν

190 3580 404 3653 δνέδρα,
426 3583 479 3636 τί
507 3583 573 3638 ἄν
594 3601 697 3647 τις,
716 3582 797 3648 οἷς
824 3586 1028 3646 ἐκεῖνος
1054 3585 1333 3638 ἁλίσκεται
1364 3586 1459 3638 καὶ
1484 3584 1775 3649 διόλλυται,

193 3677 376 3749 φέρων
435 3677 655 3749 ἀριθμῷ
706 3678 823 3749 δοίη
855 3693 872 3744 ;
904 3678 1049 3731 οὕτω
1104 3678 1198 3731 καὶ
1252 3677 1447 3740 ἄνθους
1505 3676 1697 3730 παθεῖν
1743 3676 1775 3728 ὁ

189 3768 434 3833 τοιοῦτος
489 3770 820 3840 φαυλότερός
877 3787 939 3823 τε
1015 3768 1112 3823 καὶ
1169 3769 1535 3840 ἑτοιμότερος.
1610 3765 1774 3821 Ἀλλὰ

192 3859 363 3915 ταῦτα
393 3861 514 3932 μὲν,
545 3862 674 3932 περὶ
700 3855 775 3917 ὧν
811 3861 1124 3933 ἠρώτησας,
1155 3862 1190 3931 ἠ
1220 3861 1477 3929 ἐπιστολή
1526 3876 1610 3913 σοι
1654 3858 1772 3911 δια-

193 3954 538 4021 λέγεταιωΣὺ
594 3938 665 4007 δὲ’
709 3953 949 4026 Χριστοῦ
985 3952 1080 4007 τοῦ
1109 3952 1366 4024 ἀληθινοῦ
1395 3952 1529 4005 θεοῦ
1585 3951 1768 4023 ἡμῶν,

195 4047 375 4116 ἔργοις
404 4048 499 4101 καὶ
513 4048 746 4118 δόγμασι
774 4046 961 4101 δοῦλον
986 4045 1210 4100 σεαυτὸν
1237 4044 1537 4116 παριστῶν,
1568 4042 1663 4095 καὶ⁸
1680 4042 1772 4095 τὸν

196 4137 421 4191 πλοῦτον
466 4137 647 4202 καλῶς
685 4137 984 4208 οἰκονομῶν
1016 4138 1074 4190 έν
1101 4138 1168 4207 τῇ
1218 4135 1441 4207 τοιαύτη
1490 4130 1768 4193 πεποιθώς

197 4228 305 4293 ἔσο,
352 4230 451 4285 καὶ
479 4229 727 4300 εὐθύμει.
770 4227 1134 4295 Ταπεινώσει,
1160 4228 1257 4282 καὶ
1304 4223 1476 4281 τᾶλλα
1528 4228 1594 4297 τῇ
1622 4224 1770 4295 ψυχῇ

200 4324 289 4378 καὶ
312 4324 393 4395 τῷ
427 4322 638 4395 σώματι
669 4324 901 4397 ἔρρωσο.

265 4415 310 4447 ⁷⁸
330 4413 452 4471 Jac.
493 4412 648 4481 1,10.
723 4415 767 4447 ⁷⁸
800 4414 933 4470 ibid.

1877 3313 2041 3368 quam
2103 3312 2211 3367 qua
2258 3297 2375 3366 ipse
2406 3311 2540 3349 usus
2587 3304 2694 3360 est,
2730 3296 3011 3365 tyrannide
3059 3308 3278 3358 aurum,
3302 3292 3450 3361 quod

1877 3392 2115 3445 animam
2140 3389 2260 3459 ejus
2291 3397 2348 3443 et
2370 3388 2534 3442 vitam
2556 3386 2859 3452 constituit,
2882 3386 3207 3457 subripiens,
3233 3394 3283 3439 et
3309 3384 3453 3438 fastu

1878 3492 1937 3538 et
1966 3483 2079 3536 vita
2103 3482 2377 3551 privatum
2395 3479 2675 3548 relinquit.
2704 3477 2851 3533 Idem
2886 3478 3094 3533 iaciunt
3120 3477 3450 3531 famulorum

1888 3554 2321 3628 machinationes
2349 3578 2403 3624 et
2425 3570 2699 3623 latronum
2740 3568 2971 3622 insidiae.
3000 3566 3203 3635 thuis
3233 3568 3452 3620 tandem

1874 3677 2196 3723 enumerare
2222 3662 2396 3731 possit
2417 3661 2624 3726 omnia,
2651 3658 2853 3729 quibus
2873 3670 3037 3713 nomo
3058 3656 3328 3727 ejusmodi
3354 3670 3454 3711 ca—

1872 3758 2018 3829 pitur
2032 3764 2087 3810 et
2102 3755 2239 3825 perit
2263 3753 2286 3807 ?
2308 3752 2443 3808 adeo
2471 3751 2561 3807 ille
2576 3751 2697 3806 vilis
2725 3759 2811 3806 est
2843 3748 3172 3805 conditionis
3199 3758 3253 3802 et
3276 3747 3453 3817 magis

1870 3862 2028 3921 aptus
2040 3850 2105 3903 ad
2124 3863 2208 3909 ea,
2225 3862 2347 3918 quae
2366 3845 2484 3900 ﬂori
2502 3844 2775 3910 accidnnt,
2798 3842 3322 3915 experienda.Atque
3340 3840 3457 3894 haec

1868 3942 2086 4012 quidem
2115 3940 2343 4009 epistola
2390 3921 2532 4004 mea,
2587 3939 2653 3993 de
2697 3938 2827 4003 illis,
2895 3935 3170 4007 quaascire
3212 3933 3455 3999 voluisti,

1869 4036 2113 4105 exponit.
2144 4033 2223 4088 Tu
2258 4048 2409 4099 vero,
2429 4033 2784 4099 Cliristi,veri
2811 4033 2905 4086 Dei
2930 4030 3125 4097 nostri,
3153 4043 3370 4083 servum
3401 4035 3457 4080 et

1878 4142 2041 4197 Opere
2062 4136 2115 4181 et
2140 4126 2390 4182 doctrina
2419 4135 2471 4181 te
2488 4135 2770 4195 praestans,
2791 4138 3032 4193 opesque
3049 4132 3168 4177 tuas
3190 4132 3338 4176 reete
3359 4120 3457 4173 ad-

1878 4218 2223 4283 ministrans,
2256 4218 2312 4272 in
2330 4217 2430 4272 ista
2449 4216 2754 4270 humilitate
2765 4214 3254 4281 conﬂde,bonoque
3273 4211 3457 4264 animo

1882 4321 2023 4378 esto,
2052 4325 2152 4364 nec
2170 4309 2353 4364 minus
2381 4317 2576 4365 caetera
2608 4308 2793 4363 animo
2807 4315 2862 4362 et
2882 4319 3112 4376 corpore
3125 4312 3270 4359 recte
3299 4300 3453 4356 valel

1804 4526 1870 4541 ...Δ

871 4664 1031 4729 JOS.
1063 4662 1801 4735 HERGENROETHER,
1847 4661 1911 4723 S.
1946 4610 2265 4725 'THEOL.
2301 4657 2869 4735 PROFESSORIS,

1448 4840 2144 4933 ADMONITIO

232 5046 292 5103 lN
330 5046 632 5105 UNDECIM
674 5045 1087 5113 SEOUENTES
1121 5042 1586 5113 QUAESTIONES
1626 5041 1755 5100 SEU
1783 5039 2329 5101 COMMENTAlilOS
2365 5039 2434 5098 IN
2474 5034 2940 5097 ARISTOTELIS
2958 5033 3425 5094 CATEGOBIAS.

275 5357 406 5426 Quae
434 5364 744 5427 sequuntur
771 5356 1024 5411 undecim
1055 5353 1470 5411 dissertationes
1501 5360 1795 5409 tractatum
1825 5351 2107 5422 proprium
2143 5349 2479 5405 constituunt
2511 5348 2580 5404 de
2607 5347 2917 5405 Aristotelis
2943 5345 3282 5418 -Catcgoriis,
3316 5361 3455 5415 quas

215 5453 433 5512 Photius
458 5457 570 5525 jam
594 5463 721 5535 ante
746 5454 1031 5524 discipulis
1064 5454 1179 5510 suis
1204 5454 1380 5510 fusius
1403 5452 1786 5524 explicaverat.
1814 5448 2031 5505 Eaedem
2056 5450 2112 5503 in
2143 5446 2407 5502 Vaticano
2435 5445 2625 5500 codice
2649 5461 2702 5516 q.
2731 5461 2789 5516 q.
2821 5445 2925 5501 157
2957 5459 3131 5517 usque
3152 5445 3217 5500 ad
3249 5460 3304 5515 q.
3341 5442 3462 5509 M7,

212 5547 237 5604 ί
262 5552 539 5608 117-154
569 5551 833 5623 implent;
870 5552 922 5606 in
961 5550 1305 5607 Coisliniano
1350 5550 1565 5615 codice,
1616 5565 1780 5620 quem
1834 5546 2129 5616 descripsit
2166 5541 2635 5606 Montel’alconius,
2666 5541 2999 5612 quaestiones
3050 5548 3179 5595 sunt
3232 5552 3458 5594 numero

1723 5642 1961 5702 ΝΟΤᾸΞ.

287 5740 390 5810 (55)
421 5742 556 5799 Cod.
587 5742 947 5806 πολιτελείας.
979 5741 1236 5796 Fortasse
1275 5742 1623 5799 scribendum
1656 5750 1772 5797 erat

221 5813 503 5879 πολιτείας.
539 5814 715 5870 Malim
752 5825 929 5871 tamen
957 5811 1181 5867 alterum
1213 5823 1458 5869 nostrum
1508 5814 1661 5867 illud.

1950 5735 2062 5799 (5i)
2088 5732 2513 5803 oa‘J&TO'JAV67thg),
2537 5732 2690 5788 Colb.
2709 5747 2808 5803 pro
2827 5726 3234 5801 θανατουμένῳ.

1951 5804 2065 5875 (53)
2090 5802 2271 5860 Malim
2316 5801 2541 5872 β’)θίζοι.
