3908 6214
147 265 261 334 ret
316 232 321 233 ί

1081 280 1179 341 AD
1208 281 1803 346 AMPHILOCHIUM
1830 286 2177 358 QUIESTIO
2218 290 2557 355 CXXXVII.

3304 296 3411 363 762

138 390 237 443 διὰ
301 390 588 461 μιμήσεως
634 391 1071 485 ’ἀποτελεσθεῖσα
1119 399 1153 469 ἢ
1195 399 1393 471 τέχνης
1444 402 1604 473 ἔργον
1640 402 1726 456 διὰ

1829 419 1933 475 que
1960 407 2203 462 animata
2236 417 2321 464 est
2354 424 2527 479 neque
2559 409 2816 475 sentiens,
2847 423 2964 469 arte
2998 430 3126 469 vero
3159 429 3256 485 per
3287 417 3412 473 imi-

145 480 444 550 μιμήσεως
470 480 553 544 εἰς
586 478 800 548 γένεσιν
834 483 1179 555 προηγμένον
1194 486 1329 558 (6Ξ).
1372 486 1725 561 ’Υπογράφε-

141 588 238 625 ται
260 572 375 643 (65)
404 572 464 624 δὲ
493 573 563 626 τὰ
595 573 864 646 ὁμώνυμα
898 576 1072 642 οὕτως
1091 594 1105 607 ·
1147 578 1415 651 ὁμώνυμά
1442 581 1547 634 είσι
1582 582 1723 653 πρά-

142 679 355 734 γματα,
407 658 485 717 ὧν
536 665 881 736 πραγμάτων
929 667 1102 737 ὄνομα
1149 668 1311 739 μόνον
1349 670 1547 736 κοινὸν,
1593 672 1623 724 6
1666 670 1723 725 δὲ

141 758 291 809 κατὰ
316 756 379 808 τὸ
398 756 570 828 ὄνομα
598 755 756 827 λόγος
773 757 885 828 (64)
922 759 1021 830 τῆς
1053 761 1244 824 οὐσίας
1272 760 1459 834 ἕτερος
1486 781 1498 793 ·
1535 763 1723 832 ὄνομα

139 848 197 901 δὲ
231 848 470 903 ἐνταῦθα
494 849 684 915 άπλῶς
715 851 813 925 τὴν
862 852 1134 923 τυχοῦσαν
1166 852 1310 921 λέξιν
1357 854 1579 909 ἀκούειν
1620 856 1721 919 δεῖ,

142 946 242 997 καὶ
272 945 490 1000 οὐσίαν
543 946 730 1011 ἁπλῶς
782 948 883 1018 τὴν
932 947 1166 1003 ἑκάστου
1190 946 1303 1017 (65)
1355 947 1724 1018 ὑποστατικὴν

84 1028 87 1041 ’
142 1035 384 1109 ὕπαρξιν
407 1040 511 1095 κάν
542 1057 601 1093 τε
640 1040 797 1095 οὐσία
830 1041 914 1112 εἴη
948 1040 1172 1111 κυρίως,
1215 1040 1405 1096 κάν-τε
1445 1040 1723 1112 συμϐεϐη-

141 1130 242 1195 κός
265 1131 399 1201 (66).
447 1132 590 1187 Ἀλλ’
620 1126 779 1197 οὗτος
833 1135 931 1205 μὲν
990 1136 1019 1188 6
1066 1134 1225 1203 λόγος
1258 1133 1366 1188 τῶν
1410 1134 1721 1205 ὁμωνύμων

139 1225 497 1296 πραγμάτων
535 1226 772 1299 ὑπάρχει
793 1244 807 1258 ο
841 1226 1216 1299 αὐτῇιημέντοι
1247 1244 1312 1295 γε
1345 1228 1412 1299 τῇ
1440 1226 1717 1298 ὁμωνύμῳ

137 1322 297 1390 φωνῇ
324 1320 423 1373 οὐκ
440 1320 507 1374 ἂν
537 1321 858 1391 άρμόσειεν,
889 1320 1005 1375 ἀλλ’
1028 1320 1113 1391 εἴη
1144 1320 1211 1374 ἂν
1232 1319 1403 1391 αὐτῆς
1429 1321 1462 1391 ἠ
1484 1320 1724 1392 ὑπογρα-

137 1410 218 1481 φὴ
279 1411 532 1485 τοιαύτηλ
578 1412 869 1484 ὁμώνυμός
923 1415 1040 1466 ἐστι
1083 1413 1235 1483 φωνὴ
1277 1415 1311 1483 ὴ
1345 1412 1568 1465 πλείονα
1628 1413 1722 1464 καὶ

135 1502 475 1576 διαφέροντα
515 1506 819 1578 πράγματα
850 1505 992 1560 κατὰ
1040 1505 1333 1578 διαφόρους
1381 1506 1721 1576 σημαίνουσα

134 1594 375 1659 ἐννοίας.
406 1596 518 1651 Καὶ
539 1596 611 1651 τὰ
665 1596 775 1669 (67)
809 1597 908 1669 μὲν
941 1596 1209 1668 ὁμώνυμα
1234 1596 1329 1651 ἐπὶ
1355 1596 1628 1652 τοσοῦτον.

210 1799 285 1864 γ’.
315 1792 613 1863 Συνώνυμα
641 1796 697 1849 δέ
728 1797 831 1848 εἱσι
871 1796 938 1849 τὰ
977 1795 1169 1866 ἔχοντα
1198 1785 1293 1850 διαὶ
1340 1797 1402 1850 τὸ
1432 1788 1562 1851 αύτὸ
1601 1798 1720 1851 δνο-

92 1914 101 1961 ς
140 1906 221 1959 μα
254 1892 353 1943 καὶ
381 1890 471 1943 τὸν
489 1890 650 1943 αὑτὸν
686 1888 811 1957 ’(68)
853 1891 1012 1959 λόγον
1040 1907 1053 1920 ⁸
1084 1887 1194 1945 οἷον
1220 1892 1359 1958 ζῶον
1380 1894 1408 1946 ὃ
1434 1910 1494 1945 τε
1517 1893 1724 1965 ἄνθρωε

94 1978 99 1981 ’
140 1999 245 2046 πος
272 1981 385 2053 (69)
420 1981 513 2036 καὶ
536 1984 564 2034 6
626 1984 791 2045 ἵππος
815 1998 828 2012 ·
869 1984 979 2037 ἰδοὺ
1025 1984 1202 2038 ταῦτα
1268 1983 1560 2055 συνώνυμα
1582 2002 1596 2015 ο
1629 1987 1723 2040 καὶ

136 2072 250 2143 γὰρ
299 2075 392 2128 καὶ
438 2074 499 2127 τὸ
539 2074 708 2146 ὄνομα
745 2076 854 2147 (70)
886 2076 1064 2129 αύτῶν
1117 2076 1177 2131 ἓν
1214 2078 1361 2131 ἐστιν
1387 2077 1498 2147 (71)
1530 2071 1641 2131 οἷον
1664 2077 1724 2131 τὸ

136 2163 306 2232 ζῶον,
356 2167 449 2221 καὶ
485 2167 514 2219 ὁ
573 2167 729 2236 λόγος
767 2169 945 2222 αὐτῶν
973 2168 1000 2220 6
1045 2170 1185 2224 κατά
1226 2169 1289 2222 τὸ
1318 2169 1458 2234 ζῶον
1488 2172 1517 2223 ὁ
1560 2170 1724 2234 αὑτός

133 2257 312 2313 ἐστιν.
330 2257 802 2329 ’Υπογράφεταιδὲ
814 2258 880 2313 τὰ
901 2259 1188 2332 συνώνυμα
1210 2259 1407 2324 οὕτως’
1433 2259 1725 2329 συνώνυμά

132 2350 243 2404 sic;
304 2351 622 2422 πράγματα,
648 2346 723 2406 ὧν
755 2353 1097 2426 πραγμάτων
1132 2353 1193 2407 τό
1229 2372 1289 2408 τε
1326 2355 1495 2425 ὄνομα
1546 2356 1723 2409 κοινὸν

135 2444 233 2495 καὶ
260 2444 295 2497 6
336 2444 479 2499 κατὰ
526 2446 588 2499 τὸ
632 2446 806 2516 ὄνομα
837 2446 995 2516 λόγος
1042 2448 1143 2517 τῆς
1188 2446 1376 2512 οὐσίας
1407 2449 1576 2517 ἡγουν
1625 2448 1724 2519 τῆς

138 2536 520 2608 ὑποστατικῆς
584 2538 872 2606 ὑπάρξεως
918 2540 948 2593 6
1016 2538 1177 2603 αὑτός
1208 2538 1344 2610 (72).
1401 2540 1611 2607 Ὠσπερ
1664 2540 1722 2592 δὲ

135 2627 307 2683 ἄλλον
351 2628 450 2699 μὲν
496 2628 655 2698 λόγον
712 2612 926 2699 ἐδέχετο
955 2630 1024 2684 τὰ
1078 2630 1367 2702 ὁμώνυμα,
1397 2632 1554 2687 ἄλλον
1584 2632 1639 2685 δὲ
1687 2632 1721 2702 ὴ

136 2717 431 2789 ὁμώνυμος
458 2721 633 2791 φωνὴ,
662 2720 837 2784 οὕτως
868 2720 966 2775 καὶ
1010 2722 1103 2774 ἐπὶ
1136 2722 1246 2777 τῶν
1274 2722 1606 2793 συνωνύμων
1636 2739 1649 2751 ·
1695 2725 1724 2776 6

137 2810 248 2879 γὰρ
290 2812 585 2881 εἰρημένος
635 2812 790 2880 λόγος
831 2813 930 2866 ούκ
960 2812 1026 2867 ἂν
1054 2815 1315 2885 ἁρμόσειε
1361 2816 1456 2869 καὶ
1482 2818 1551 2886 τῇ
1589 2832 1717 2868 συν-

137 2900 349 2972 ωνύμῳ
373 2903 523 2973 φωνῇ
545 2919 559 2933 ⁶
587 2901 702 2957 ἀλλ’
735 2904 817 2974 εἴη
877 2904 943 2958 ἂν
970 2904 1141 2976 αὐτῆς
1168 2907 1365 2969 οἰκεῖος
1392 2908 1419 2958 6
1447 2904 1685 2969 τοιοῦτος
1704 2922 1719 2937 θ

144 2987 466 3060 συνώνυμός
486 2992 601 3044 ἐστι
629 2992 779 3061 φωνὴ
803 2994 836 3061 ἡ
860 2992 1081 3047 πλείονα
1104 2995 1199 3047 καὶ
1226 2996 1552 3065 διαφέροντα
1574 2995 1720 3067 πρά-

1828 499 2089 554 tationem
2122 500 2372 556 confecta
2425 502 2541 556 sive
2586 506 2721 558 artis
2757 518 2899 574 opus
2920 521 3016 575 per
3046 506 3411 565 imitationem

1830 590 1883 644 in
1916 596 2095 644 ortum
2129 593 2478 661 productum.
2530 593 2926 681 Describuntu’r
2960 612 3090 653 vero
3131 600 3412 670 atquivoca

1827 682 1909 737 sic
1947 700 1960 736 :
1992 680 2300 754 Aquivoca
2361 693 2492 741 sunt
2535 701 2644 750 res,
2684 680 2917 756 quarum
2974 704 3160 743 rerum
3211 706 3413 747 nomen

1827 773 2007 827 solum
2057 790 2352 830 commune
2378 786 2483 842 est,
2508 777 2647 831 ratio
2678 793 2806 831 vero
2836 779 3155 835 substantia:
3188 795 3284 851 per
3312 796 3413 836 no.

1825 880 1949 920 men
1980 866 2270 937 importata
2305 868 2541 925 diversa.
2574 867 2782 924 Nomen
2810 886 2939 925 vero
2974 871 3061 925 hic
3091 872 3413 942 simpliciter

1823 958 2048 1013 denotat
2104 961 2387 1031 quodlibet
2434 981 2447 1017 :
2494 963 2858 1027 vocabulum,
2920 965 3222 1018 substantia
3279 981 3413 1020 vero

1824 1049 2151 1121 simpliciter
2212 1054 2607 1124 hypostaticam
2665 1055 2960 1124 cujuslibet
3005 1056 3408 1122 exsistentiam,

1823 1141 1939 1196 sive
1994 1143 2305 1199 substantia
2358 1147 2578 1216 proprie
2633 1147 2706 1202 sit
2751 1147 2865 1201 sive
2893 1147 3168 1203 accidens.
3206 1146 3409 1202 Verum

1825 1232 1940 1287 haec
1986 1233 2127 1289 ratio
2180 1235 2329 1289 rebus
2385 1236 3010 1306 zeQuivocis.convenit;
3065 1253 3176 1293 non
3224 1249 3410 1294 autem

1832 1325 2045 1378 vocibus
2082 1325 2380 1397 :eqnivocis
2427 1338 2553 1397 apta
2612 1333 2736 1384 esSe
2796 1330 3045 1396 videtur;
3076 1331 3169 1385 sed
3214 1331 3408 1387 harum

1820 1415 2118 1486 descriptio
2149 1418 2264 1474 haec
2293 1420 2399 1474 erit
2428 1437 2442 1474 :
2477 1434 2578 1475 vox
2636 1421 2918 1492 τεᾳυὶνοοο
2988 1432 3094 1490 est,
3129 1439 3251 1493 qua:
3282 1424 3406 1494 plu-

1821 1522 1910 1562 res
1960 1516 2127 1579 atque
2167 1509 2482 1568 diﬂ‘erentes
2509 1527 2615 1580 jres
2667 1515 2969 1569 secundum
3017 1514 3267 1571 diversas
3307 1533 3410 1572 no-

1822 1598 2000 1655 tiones
2045 1601 2342 1671 signilicat.
2375 1604 2555 1675 Atque
2598 1605 2716 1661 hmc
2744 1607 2812 1662 de
2843 1607 3142 1676 tequivocis
3194 1608 3409 1676 (hanno-

1823 1691 2023 1760 nymis)
2056 1691 2199 1747 dicta
2228 1703 2415 1750 sunto.

1895 1784 1948 1839 5.
1987 1783 2229 1841 Univoca
2280 1804 2376 1843 seu
2430 1804 2732 1861 synonyma
2797 1800 2966 1858 sunt,
2999 1808 3122 1862 qua!
3161 1802 3217 1848 et
3263 1792 3407 1847 idem

1824 1892 2023 1931 nomen
2056 1878 2257 1932 habent
2290 1888 2345 1933 et
2376 1883 2623 1935 eamdem
2662 1884 2950 1947 rationem,
2980 1884 3146 1939 veluti
3200 1886 3409 1939 animal

1823 1978 1908 2025 est
1929 1978 2043 2024 tum
2078 1970 2244 2025 homo
2268 1981 2380 2025 tum
2406 1988 2609 2042 equus;
2638 1990 2763 2028 ecce
2788 1974 2891 2028 iSIa
2916 1975 3167 2032 univoca.
3193 1973 3405 2030 Etenim

1822 2070 1939 2116 tum
1998 2074 2193 2118 nomen
2253 2063 2499 2133 ipsorum
2570 2082 2740 2120 unum
2799 2074 2918 2133 est,
2959 2066 3125 2121 veluti
3175 2068 3406 2128 animal.

1826 2167 1943 2213 tum
1971 2160 2111 2213 ratio
2141 2158 2383 2229 ipsorum
2412 2162 2712 2215 secundum
2746 2162 2889 2232 quod
2925 2170 3155 2231 uterque
3178 2169 3260 2216 est
3288 2162 3408 2215 anio

1834 2252 1968 2317 mal,
2004 2254 2217 2307 eadem.
2252 2250 2647 2307 Describuntur
2680 2268 2814 2306 vero
2844 2253 3075 2308 univora
3109 2253 3182 2307 ita
3216 2271 3232 2308 :
3271 2252 3408 2308 Uni-

1824 2357 1958 2397 voca
1993 2351 2120 2398 sunt
2149 2358 2257 2409 res,
2290 2359 2523 2414 quarum
2561 2360 2744 2399 rerum
2776 2360 2970 2398 nomen
3006 2359 3298 2399 commune
3322 2328 3407 2399 est

1824 2439 1879 2486 et
1905 2431 2045 2487 ratio
2073 2433 2392 2488 substantiae
2417 2435 2530 2489 sive
2555 2434 2907 2505 hypostatieze
2951 2435 3285 2490 exsistentize
3307 2451 3407 2506 per

1824 2538 2025 2579 nomen
2091 2525 2382 2593 importata
2468 2525 2677 2580 eadem.
2748 2523 3219 2591 Quemadmodum
3276 2540 3407 2581 vero

1827 2614 1990 2669 aliam
2074 2614 2449 2670 definitionem
2537 2627 2871 2685 acceperunt
2950 2630 3040 2670 res
3088 2616 3405 2684 aequivocse.

1826 2706 1990 2761 aliam
2040 2723 2169 2761 vero
2202 2707 2480 2778 aaquivoca
2508 2724 2635 2773 vox,
2668 2709 2739 2763 ita
2778 2717 2832 2763 ct
2866 2710 2918 2764 in
2950 2709 3197 2764 univocis
3226 2724 3314 2765 res
3347 2723 3407 2765 se

1824 2798 2006 2862 habet,
2056 2796 2324 2855 Prmdicta
2367 2799 2513 2853 enim
2546 2799 2684 2854 ratio
2732 2801 2877 2854 haud
2932 2806 3211 2871 congruet'
3239 2800 3403 2854 etiam

1826 2892 2072 2945 uttivuc’ze
2105 2892 2246 2954 voci,
2278 2906 2468 2947 verum
2512 2892 2632 2962 ejus
2669 2892 2887 2963 propria
2935 2892 3037 2948 ista
3065 2893 3193 2948 erit.
3230 2891 3407 2964 Syno-

1824 2996 1985 3053 nyma
2017 2998 2125 3037 vox
2158 2999 2221 3038 ea
2249 2992 2353 3049 est,
2382 2998 2504 3055 quae
2538 2983 2723 3054 plures
2750 2993 2805 3039 et
2834 2984 3148 3039 differentes
3186 2999 3274 3039 res
3315 2998 3408 3039 se-

140 3094 335 3151 γματα
389 3081 531 3134 κατὰ
573 3082 701 3152 μίαν
746 3085 841 3136 καὶ
884 3083 982 3155 τὴν
1023 3084 1193 3154 αὐτὴν
1225 3085 1431 3139 ἔννοιαν
1463 3086 1716 3157 δηλοῦσα.

1829 3075 2062 3131 cundum
2117 3093 2281 3131 unam
2324 3078 2686 3148 eamdemque
2735 3077 3017 3131 notionem
3067 3076 3404 3134 manifestat.

144 3173 362 3245 Ὠσπερ
386 3174 441 3227 δὲ
471 3175 561 3228 ἐπὶ
591 3174 698 3228 τῶν
724 3174 1057 3247 συνωνύμων
1089 3178 1183 3232 καὶ
1207 3177 1513 3250 ὁμωνύμων
1541 3180 1721 3250 ἕτεροι

145 3269 244 3337 μὲν
274 3267 599 3337 ἐδείχθησαν
630 3269 808 3322 αὐτῶν
832 3271 882 3322 οἱ
909 3271 1083 3338 λόγοι,
1105 3270 1285 3343 ἕτεροι
1311 3273 1368 3325 δὲ
1398 3273 1582 3327 αὐτῶν
1615 3275 1723 3328 τῶν

144 3356 344 3425 φωνῶν
374 3358 469 3411 καὶ
507 3358 617 3411 τῶν
660 3361 964 3429 ὀνομάτων,
994 3361 1167 3425 οὕτως
1193 3364 1286 3415 καὶ
1316 3363 1407 3416 ἐπὶ
1433 3364 1543 3417 τῶν
1577 3381 1721 3435 παρ-

142 3448 383 3517 ωνύμων
414 3449 509 3501 καὶ
558 3450 930 3521 πολυωνύμων
960 3453 1053 3506 καὶ
1082 3453 1441 3525 ἑτερωνύμων
1465 3455 1581 3509 ἔστι
1605 3457 1722 3509 δια-

145 3539 453 3608 σκέψασθαι
481 3556 494 3568 ·
525 3542 617 3594 καὶ
647 3542 807 3612 ῥᾳδία
850 3542 913 3611 γέ
952 3544 1098 3596 ἐστιν
1130 3546 1194 3598 ὲκ
1225 3544 1332 3597 τῶν
1382 3547 1717 3617 προειρημέ-

146 3647 249 3683 νων
282 3632 380 3683 καὶ
410 3632 443 3701 ἡ
475 3633 601 3703 περὶ
656 3634 879 3687 ἐκείνων
918 3635 1192 3708 διάκρισίς
1221 3654 1281 3689 τε
1310 3636 1404 3690 καὶ
1455 3640 1719 3709 κατανόη-

146 3738 228 3786 σις
255 3737 266 3750 ⁶
309 3722 369 3774 τὸ
398 3725 506 3793 γὰρ
543 3725 670 3795 περὶ
717 3725 946 3779 ἑκάστου
983 3726 1163 3779 αὐτῶν
1197 3725 1339 3779 οὕτω
1364 3726 1718 3794 λεπτολογίαν

144 3816 323 3869 εἰπεῖν
367 3814 442 3887 μὴ
471 3815 589 3869 λίαν
620 3812 654 3891 ᾗ
691 3818 943 3872 ταπεινὸν
974 3819 1067 3872 καὶ
1108 3818 1306 3887 ἀφελὲς
1351 3820 1443 3871 καὶ
1477 3818 1585 3881 ούδῖ
1619 3819 1719 3872 αύ-

144 3909 256 3970 τοῖς
282 3910 399 3971 τοῖς
444 3907 818 3979 εἰσαγομένοις
870 3910 1159 3982 ἀπέριττον
1193 3908 1346 3981 (75)⁹
1390 3910 1468 3963 διὸ
1515 3910 1721 3983 ταύτην

147 3998 348 4061 ἐῶντες
378 3998 476 4068 τὴν
503 4000 773 4067 διάκρισιν
800 4002 862 4054 ἐκ
908 4000 1014 4053 τῶν
1042 4000 1346 4071 εἰρημένων
1375 4001 1558 4065 αὐτοῖς
1589 4019 1716 4055 συνο

145 4091 277 4161 ορᾷν
306 4091 375 4144 τὰ
398 4090 532 4145 ἄλλα
572 4092 820 4163 λέγομεν.

216 4181 282 4236 δ’.
318 4182 634 4254 Παρώνυμα
667 4184 725 4237 δέ
769 4188 876 4239 είσι
914 4184 981 4239 τὰ
1021 4187 1164 4241 κατά
1197 4205 1251 4241 τι
1289 4185 1582 4258 μέρος(74)
1605 4203 1719 4240 κοι-

146 4273 424 4328 νωνοῦντα
477 4277 569 4328 καὶ
593 4277 735 4330 κατά
761 4293 814 4329 τι
846 4277 1171 4348 διαφέροντα
1204 4276 1262 4331 ἐν
1298 4295 1359 4329 τε
1389 4277 1470 4348 τῷ
1494 4277 1721 4347 ὀνόματι

151 4367 247 4421 καὶ
274 4366 354 4438 τῷ
406 4368 722 4439 πραγμάτι’
793 4363 902 4421 οἷον
948 4369 1021 4432 ὡς
1062 4371 1101 4440 ἡ
1156 4367 1519 4439 γραμματικὴ
1562 4369 1657 4421 καὶ
1691 4368 1720 4420 ὁ

1822 3167 2296 3234 Quemadmodum
2343 3186 2471 3226 vero
2500 3171 2555 3225 in
2585 3172 2908 3242 synonymis
2948 3180 3003 3225 et
3054 3170 3405 3241 homonymis

1821 3260 1941 3315 alim
1973 3260 2262 3316 declarata:
2317 3272 2443 3317 sunt
2494 3262 2735 3332 ipsarum
2774 3277 2954 3316 rerum
2988 3261 3253 3328 rationes,
3284 3261 3406 3315 alite

1820 3360 1950 3404 νει-ο
2010 3366 2205 3406 vocum
2260 3361 2423 3422 atque
2454 3353 2741 3406 nominum
2804 3353 3047 3421 ipsorum
3087 3351 3207 3404 :ita
3252 3358 3307 3404 et
3349 3351 3405 3404 in

1820 3442 2191 3513 polyonymis,
2222 3444 2561 3515 parionymis
2602 3452 2657 3498 et
2694 3444 3064 3513 heteronymis
3098 3442 3240 3497 idem
3271 3457 3406 3497 con-

1824 3538 2068 3593 siderare
2112 3538 2261 3604 licet,
2305 3548 2357 3594 et
2391 3538 2572 3594 facilis
2597 3548 2771 3594 estex
2805 3538 2877 3593 iis‘
2900 3553 3021 3608 qua:
3053 3538 3315 3601 diximus,
3350 3547 3405 3591 et

1827 3624 2025 3681 horum
2067 3628 2349 3684 distinctio
2381 3646 2444 3685 ac
2470 3630 2909 3700 comprehensio.
2940 3624 3075 3681 Nam
3117 3627 3184 3682 de
3217 3628 3405 3696 singu-

1825 3719 1892 3774 lis
1922 3735 2113 3775 eorum
2147 3720 2223 3775 ita
2248 3721 2497 3776 minutim
2527 3723 2818 3786 disserere,
2843 3720 3002 3775 valde
3024 3722 3163 3774 foret
3196 3721 3404 3773 humile

1826 3827 1891 3868 ac
1923 3814 2130 3882 puerile
2163 3823 2216 3871 et
2262 3815 2395 3885 ipsis
2428 3814 2696 3870 tlronibus
2728 3814 2922 3869 inutile
2948 3829 3013 3868 ac
3042 3809 3399 3882 superﬂuum.

1827 3888 2033 3958 Idcirco
2060 3907 2220 3959 istam
2253 3904 2659 3960 distinctionem
2691 3904 3165 3975 praetermittentes
3194 3916 3260 3957 ex
3287 3901 3415 3972 jatn‘

1825 3994 1983 4052 dictis
2017 4011 2113 4053 eos
2138 3996 2350 4069 reliqua
2385 3998 2639 4069 colligere
2662 3998 2939 4068 jubemus.

1894 4181 1950 4235 4.
2004 4179 2418 4235 Denominativa
2469 4180 2581 4234 sive
2624 4180 2849 4250 anaIOga
2881 4188 3009 4234 sunt
3040 4193 3162 4248 qure
3204 4190 3399 4232 secun-

1826 4269 1955 4325 dum
2018 4280 2228 4340 partem
2283 4272 2577 4340 quamdam
2627 4270 2963 4325 conveniunt
2995 4276 3049 4322 et
3094 4269 3396 4323 secundum

1827 4363 1989 4418 aliam
2027 4371 2232 4431 partem
2259 4363 2518 4417 dillerunt
2551 4372 2663 4416 tum
2691 4362 2912 4416 nomine
2939 4371 3052 4415 tum
3082 4362 3197 4430 ipsa
3224 4375 3311 4424 re,
3344 4374 3396 4411 ν.

150 4459 540 4529 γραμματικός
561 4474 575 4488 ·
606 4461 637 4512 6
668 4458 777 4530 γὰρ
814 4458 1203 4530 γραμματικὸς
1248 4458 1491 4528 δηλονότι
1528 4474 1719 4512 κοινω-

1829 4470 1908 4527 gr.
1939 4456 2297 4526 grammatica
2333 4464 2387 4510 et
2409 4455 2816 4523 grammaticus.
2846 4451 2981 4508 Nam
3008 4452 3398 4522 grammaticus

1651 4634 1892 4698 Nom.
1956 4616 1987 4639 "

226 4804 339 4882 (69.)
379 4805 782 4882 Monsimmed.
818 4820 941 4879 post
979 4814 1073 4866 cit.
1108 4812 1268 4866 verba
1303 4809 1384 4882 [n.
1411 4808 1494 4882 3.]
1525 4828 1540 4867 :
1572 4812 1722 4867 Ζῶον

156 4878 374 4953 λογικὸν
401 4878 617 4953 θνητὸνς
646 4882 737 4933 νοῦ
764 4878 856 4934 καὶ
877 4884 1189 4953 ἐπιστήμης
1214 4878 1491 4953 ίδεδὶτικὸνξ
1558 4884 1605 4953 (ἡ
1664 4883 1721 4935 δὲ

155 4949 311 5023 δῆλον
342 4948 577 5023 ὃτι-οὗτε
600 4951 797 5023 -λογική
827 4954 974 5005 ἐστιν
994 4948 1117 5023 οὗτε
1142 4948 1271 5006 ἄλλο
1297 4966 1351 5005 τι
1379 4952 1488 5005 τῶν
1545 4948 1722 5022 ἁρμο-

159 4967 311 5071 023W
342 4967 425 5000 οτι
453 4967 577 5001 ουτε
608 4967 797 5073 meatur]
827 4967 974 5005 εστιν
994 4967 1117 5006 ουτε
1142 4967 1229 5006 αλδ

159 5019 188 5083 ζ
254 5032 361 5093 των
374 5019 464 5093 ’τῷ
493 5020 613 5072 κατ’
635 5022 680 5093 κὰ
714 5022 906 5091 ήθειαν
936 5021 1229 5093 ᾁνθρώπῳ.

228 5091 343 5159 (65)
374 5087 587 5161 Μυηθο.
622 5087 1057 5161 ύπογράφεσθαιζ

228 5158 341 5233 (64)
374 5158 589 5233 Monac.
637 5160 716 5217 Ὀ.
741 5158 936 5217 Ἔστιν
961 5164 1203 5233 ὀνόματα
1234 5162 1344 5219 τῶν
1374 5163 1720 5233 πραγμάτων

158 5220 244 5284 ὤν’
260 5220 430 5303 ὄνομα
466 5230 648 5303 μόνον
701 5234 898 5303 κοινδν,
961 5234 991 5286 6
1034 5220 1093 5287 δὲ
1149 5235 1291 5288 κατὰ
1340 5220 1578 5303 τοῦνομα
1636 5233 1723 5285 λό-

159 5314 253 5369 γος
286 5301 614 5373 εῆοέτίειοι.
645 5316 695 5373 c.
730 5304 780 5369 l,
816 5302 916 5373 δι.

252 5371 342 5441 65)
373 5370 485 5440 Τὴν
508 5372 774 5441 τυχοῦσαν
798 5370 1051 5427 suam...
1079 5372 1296 5430 Monac.

252 5443 339 5511 liti)
372 5443 504 5511 Qua:
536 5456 865 5510 sequuntur,
904 5445 1101 5500 desunt
1131 5449 1183 5498 in
1220 5445 1362 5500 Mon.

228 5512 340 5585 (67)
379 5512 563 5585 Venet.
592 5514 761 5583 Apog.
798 5516 1073 5580 mendose,
1102 5517 1243 5570 κατὰ
1275 5518 1393 5585 μέν.

228 5582 341 5652 (68)
384 5582 560 5634 Αὑτὸν
615 5582 767 5640 deost
832 5586 886 5639 in
937 5588 1176 5655 Antphil.
1232 5582 1394 5653 Vat.;
1438 5583 1636 5657 legitur
1669 5585 1721 5639 in

209 5667 365 5707 01130.

159 5658 520 5792 ΜῖἓὲῗΜοη.
556 5716 681 5778 Οἷον
715 5724 790 5788 ὡς
820 5726 847 5779 ὁ
872 5727 1155 5797 άνορωπος
1181 5746 1234 5781 κ.
1265 5728 1293 5778 6
1350 5728 1511 5787 ἵππος
1534 5742 1546 5753 ·
1584 5722 1711 5778 ταῦο

1823 4828 1891 4864 τα
1923 4828 2040 4866 συν.

1896 4880 2185 4959 (ΞΨΗΈοη-
2216 4882 2419 4959 Τὲγᾷρ
2448 4874 2665 4959 δνομριο.
2913 4950 2925 4959 .
3068 4946 3081 4959 .
3135 4947 3161 4959 -

1896 4943 2028 5029 (71)
2044 4950 2191 5006 Mon.
2227 4943 2504 5029 ἐστιν
2519 4943 2833 5029 ς’έξιάτερον
2865 4950 2985 5029 γὰρ.
3020 4946 3203 5029 αὐτῷν

1823 5019 2150 5092 ὀνομάζεται
2177 5036 2197 5092 ν·
2222 5024 2356 5076 ἀλλὰ
2384 5022 2481 5075 καὶ
2508 5024 2536 5075 ὁ
2566 5021 2722 5088 λόγος
2743 5019 2935 5092 αὐτῶν
2963 5022 2990 5072 6
3026 5021 3166 5071 κατὰ
3192 5019 3392 5092 166v?-

1827 5089 2050 5173 μα’ᾖτοι
2078 5092 2142 5173 τδ
2168 5091 2305 5173 ζῷον
2338 5095 2366 5147 6
2398 5092 2559 5171 αὑτός
2588 5092 2735 5173 ἐστιν
2764 5108 2778 5120 ·
2803 5091 3062 5173 έκάτερον
3082 5091 3191 5173 γάρ
3213 5089 3396 5173 αὐτῶν

1823 5158 1912 5216 τὸν
1944 5158 2100 5243 λόγον
2127 5163 2434 5232 ἐπιδέχεται
2459 5162 2559 5233 τῆς
2581 5161 2770 5224 οὐσίας
2798 5158 3045 5231 ἐμψύχου
3075 5158 3171 5213 καὶ
3192 5160 3392 5229 αἰσθη-

1914 5250 1997 5286 Ου.

1821 5251 2013 5377 τιῖρῑέ)
2038 5302 2251 5377 Monac.
2278 5295 2379 5377 Ὧν
2410 5302 2777 5377 πραγμάτωνΔ
2793 5300 2855 5353 τό
2890 5316 2953 5377 τε
3001 5298 3173 5377 ὄνομα
3216 5297 3396 5377 κοινὸν

1824 5368 1917 5427 καῖ
1950 5368 2157 5443 ὁίλὸγος
2182 5374 2280 5443 τῆς
2307 5368 2495 5443 οὐσίας
2532 5368 2739 5435 ὁαύτὸς
2754 5373 2869 5442 ἦτοι
2894 5368 2993 5443 τῆς
3024 5368 3395 5443 ὑποστστικῆς

1824 5436 2111 5513 ὑπάρξεως
2138 5436 2383 5513 ὁίαῦτός.
2411 5438 2619 5498 Caetera
2653 5436 2825 5510 usque
2863 5440 2929 5494 ad
2953 5436 3127 5496 linem
3168 5438 3333 5507 hujus
3365 5436 3395 5507 ᾗ

1823 5512 2018 5569 desunt
2048 5515 2101 5565 in
2142 5512 2287 5568 Mon.

1895 5584 2004 5653 (75)
2040 5584 2131 5637 Sic
2163 5582 2279 5640 Vat.
2317 5582 2451 5638 Ven.
2484 5586 2687 5652 Apogr.
2722 5582 2996 5653 περιττόν.

1897 5654 2009 5725 (74)
2040 5654 2245 5725 Apogr.
2283 5655 2415 5711 Ven.
2448 5655 2589 5708 κατὰ
2621 5654 2808 5724 μέρος.
