3908 6214
163 181 261 247 ’165

972 188 1074 249 AD
1121 190 1711 253 AMPHILOCHIUM
1748 191 2094 255 OU/ESTIO
2133 196 2470 263 CXXXVII.

3304 208 3408 275 766

162 298 264 351 οὑκ
305 295 375 350 ἐν
408 296 819 367 ὑποκειμένφο
869 298 1123 353 οὐδέποτε
1174 300 1282 372 γὰρ
1317 303 1351 371 ἡ
1392 302 1550 354 οὐσία
1584 301 1733 373 εὑρε-

1838 302 2155 363 Substantia
2198 321 2379 365 autem
2433 320 2663 367 vocatur
2706 328 2808 367 non
2847 312 2903 368 in
2945 314 3219 385 subjecto;
3261 333 3405 375 nuu-

162 403 343 442 σκεται
362 388 421 441 ἐν
444 387 590 460 ἄλλῳ
613 390 725 443 τινὶ
754 391 892 461 πρὸς
920 391 1155 463 ὓπαρξιν
1172 392 1342 463 αὐτῆς
1367 393 1729 447 συντελοῦντι·

228 589 291 644 θ’.
334 587 409 641 Τὸ
458 588 517 642 δὲ
567 590 795 644 καθόλου
855 592 1074 662 λέγεται
1128 594 1257 649 καθ’
1283 596 1680 666 ὑποκειμένου
1712 615 1726 629 ·

158 684 240 737 ἀεὶ
268 685 376 753 γὰρ
407 683 468 737 τὸ
502 683 732 738 καθόλου
789 686 932 740 κατά
986 704 1131 752 τινος
1180 687 1544 760 ὑποκειμένου
1581 690 1730 763 αὑτῷ

157 776 571 844 κατηγορεῖται’
595 776 664 828 τὰ
721 774 778 828 δὲ
820 776 1024 847 μερικὰ
1063 777 1282 848 λέγεται
1320 781 1393 835 οὐ
1421 781 1551 835 καθ’
1577 784 1730 836 ὑπο-

156 866 427 935 κειμένου
473 867 580 920 ’ἀεὶ
603 868 713 938 γὰρ
736 867 808 922 τὰ
841 867 1044 942 μερικὰ
1092 870 1263 941 ἤγουν
1289 871 1359 926 τὰ
1397 872 1576 943 ἄτομα
1604 873 1726 926 κατ’

152 958 364 1022 οὐδενὸς
444 960 808 1025 ὑποκειμένου
876 962 1120 1033 λέγεται.
1173 965 1287 1018 Καὶ
1354 966 1477 1017 ἐπεὶ
1543 966 1577 1035 ἡ
1629 965 1726 1036 μὲν

150 1050 307 1104 οὐσία
344 1050 593 1105 καλεῖται
622 1054 733 1107 οὐκ
764 1053 836 1106 έν
865 1054 1259 1123 ὑποκειμένῳ,
1287 1054 1349 1108 τὸ
1388 1055 1444 1108 δὲ
1495 1056 1723 1109 καθόλου

149 1144 278 1197 καθ’
306 1143 725 1213 ὑποκειμένου,
760 1145 897 1215 ὁμοῦ
931 1147 992 1200 τό
1021 1164 1079 1199 τε
1112 1149 1221 1202 οὐκ
1244 1147 1315 1201 ἐν
1350 1149 1725 1218 ὑποκειμένῳ

149 1237 242 1290 καὶ
271 1236 332 1288 τὸ
359 1237 489 1289 καθ’
520 1239 919 1306 ὑποκειμένου
938 1238 1351 1310 λαμϐανόμενον
1371 1255 1385 1270 ο
1426 1238 1538 1307 τὴν
1580 1244 1722 1294 καθ-

147 1329 295 1383 όλου
348 1330 569 1382 οὐσίαν
658 1330 877 1393 πάντως
915 1330 1205 1401 δηλώσειεν
1234 1348 1248 1362 ·
1304 1326 1413 1385 οἷον
1455 1332 1532 1396 ώς
1562 1334 1722 1406 τύπῳ

144 1423 319 1475 εἰπεῖν
340 1422 434 1474 τὸν
462 1422 690 1476 καθόλου
714 1423 1002 1496 ἄνθρωπον
1025 1442 1040 1457 ο
1069 1427 1098 1479 ό
1125 1424 1233 1495 γὰρ
1258 1426 1488 1481 καθόλου
1511 1427 1723 1498 ἄνθρω-

142 1531 246 1579 πος
277 1514 402 1568 καθ’
453 1516 813 1578 ὑποκειμένου
855 1517 953 1586 μὲν
978 1517 1088 1590 (98)
1145 1517 1363 1587 λέγεται
1418 1518 1515 1573 τοῦ
1573 1538 1721 1585 τινος

1833 412 1999 467 quam
2028 400 2174 454 enim
2206 402 2516 458 substantia
2551 404 2825 460 invenitur
2863 407 2917 459 in
2966 408 3078 462 alio
3122 412 3405 482 quopiam,

1833 493 1975 562 quod
2003 493 2070 547 ad
2095 494 2511 552 subsistentiam
2536 498 2657 568 ejus
2686 499 2959 555 conferat.

1899 586 1953 641 9.
1994 586 2321 645 Universale
2351 591 2551 646 dicitur
2590 593 2656 647 de
2695 594 2962 662 subjecto;
2999 610 3217 665 semper
3254 598 3403 652 enim

1830 677 2140 735 universale
2198 682 2267 735 de
2323 682 2509 753 aliquo
2581 684 2685 754 ipsi
2745 687 2993 755 subiecto
3055 690 3406 759 praedicatur.

1829 771 2187 828 Particularia
2213 774 2472 832 dicuntur
2496 794 2597 831 non
2629 779 2694 833 de
2720 780 2988 849 subjecto;
3018 797 3233 853 semper
3257 784 3403 837 enim

1826 866 2173 935 particularia
2205 868 2322 924 sive
2357 869 2637 925 individua
2664 872 2733 925 de
2759 872 2907 927 nullo
2938 874 3187 943 subjecto
3210 875 3402 930 dicun-

1826 963 1936 1009 tur.
1968 955 2036 1011 Et
2077 958 2205 1027 quia
2261 959 2567 1017 substantia
2607 972 2839 1018 vocatur
2892 980 2994 1018 non
3046 967 3103 1019 in
3143 968 3399 1036 subjecto,

1826 1047 2135 1103 universale
2166 1066 2294 1104 vero
2324 1052 2389 1106 de
2407 1053 2665 1122 subjecto,
2695 1057 2807 1111 haec
2837 1055 2965 1123 duo,
2999 1075 3103 1112 non
3130 1060 3184 1111 in
3222 1059 3398 1128 subje-

1825 1148 1907 1192 cto
1937 1151 1991 1194 et
2014 1141 2079 1195 de
2111 1142 2368 1212 subjecto,
2418 1147 2586 1201 simul
2631 1159 2847 1219 sumpta
2889 1153 3242 1207 uniuersalem
3274 1157 3404 1208 sub-

1823 1232 2103 1300 stantiam,
2129 1234 2528 1307 designabunt;
2570 1241 2719 1295 verbi
2750 1243 2921 1311 gratia
2965 1244 3243 1300 hominem
3282 1246 3403 1301 uni-

1823 1321 2107 1377 versaliter
2165 1335 2484 1395 sumptum;
2540 1330 2703 1383 homo
2765 1331 2909 1388 enim
2974 1334 3274 1389 universim
3332 1335 3401 1390 de

1822 1410 2069 1479 subjecto
2101 1415 2321 1484 quidem
2364 1418 2587 1485 dicitur,
2643 1422 2857 1477 scilicet
2898 1424 2964 1478 de
3002 1425 3225 1480 homine
3259 1441 3401 1496 quo-

1821 1504 1967 1573 dam,
2017 1514 2076 1560 ut
2118 1508 2186 1562 de
2223 1508 2448 1565 Platone
2471 1513 2557 1566 vel
2601 1514 2668 1567 de
2715 1516 2844 1581 alio,
2880 1516 2932 1569 in
2988 1517 3234 1584 subjecto
3267 1534 3399 1572 vero

140 1607 452 1678 ἀνθρώπου,
498 1600 610 1663 οἷον
656 1610 943 1675 Πλάτωνος
1007 1610 1039 1681 ἢ
1090 1610 1253 1665 ἄλλου
1301 1612 1445 1676 τινὸς
1471 1612 1607 1683 (99),
1663 1615 1723 1668 ὲν

1827 1611 1936 1652 non
1983 1608 2108 1666 est;
2156 1616 2278 1670 qua:
2320 1604 2463 1659 enim
2518 1606 2571 1659 in
2624 1607 2870 1677 subjecto
2916 1621 3046 1664 sunt
3094 1610 3399 1666 accidentia

139 1701 488 1772 ὑποκειμένῳ
520 1702 576 1755 δὲ
634 1703 734 1756 οὐκ
796 1702 911 1756 ἐστι
938 1718 955 1734 ’
999 1704 1067 1757 τὰ
1108 1703 1218 1776 γὰρ
1264 1706 1325 1760 ὲν
1381 1705 1724 1778 ὑποκειμένῳ

1826 1699 1953 1745 ante
1974 1691 2118 1747 dicta
2150 1704 2301 1749 sunt.
2334 1693 2575 1751 Rursum
2598 1701 2857 1768 quoniam
2893 1701 3151 1759 accidens
3180 1702 3401 1757 diceba-

138 1792 529 1864 συμϐεϐηκότα
557 1793 796 1862 ἐλέγετο.
836 1796 1010 1850 Πάλιν
1039 1798 1164 1850 ἐπεὶ
1206 1799 1267 1851 τὸ
1302 1799 1402 1868 μὲν
1441 1800 1720 1872 συμϐεϐηο

135 1890 233 1951 κὸς
266 1888 513 1941 ἐκαλεῖτο
559 1888 628 1942 ἐν
674 1890 1070 1958 ὑποκειμένῳ,
1122 1890 1183 1943 τὸ
1230 1892 1288 1944 δὲ
1326 1891 1558 1946 καθόλου
1590 1895 1720 1947 καθ’

131 1980 560 2050 ὑποκειμένου,
608 1980 746 2051 ὁμοῦ
793 1981 852 2034 τό
890 1998 950 2035 τε
996 1982 1068 2035 ἐν
1124 1983 1497 2053 ὑποκειμένῳ
1540 1984 1724 2039 καὶτὸ

128 2075 269 2128 καθ’
329 2073 729 2143 ὑποκειμένου
787 2074 1289 2148 λαμϐανόμενον(1)
1344 2078 1411 2131 τὸ
1458 2054 1721 2134 καθόλου

124 2164 517 2234 συμϐεϐηκὸς
575 2164 793 2228 πάντως
838 2165 1132 2236 δηλώσειεν
1160 2184 1175 2198 ·
1255 2165 1367 2222 οἷον
1432 2170 1510 2232 ὡς
1564 2169 1722 2240 τύπῳ

121 2259 187 2311 τὸ
220 2257 461 2313 καθόλου
492 2256 689 2329 χρῶμα
720 2273 735 2287 ·
767 2258 829 2311 τὸ
866 2259 975 2328 γὰρ
1002 2259 1233 2315 καθόλου
1259 2262 1465 2332 χρῶμα
1480 2262 1556 2334 (2)
1595 2263 1719 2318 καθ’

122 2344 509 2421 ὑποκειμένου
531 2351 630 2420 μὲν
653 2352 731 2421 (5)
788 2351 1008 2419 λέγεται
1059 2353 1152 2407 τοῦ
1205 2372 1353 2416 τινος
1407 2355 1718 2427 χρώματος,

119 2437 238 2493 οἷον
263 2440 422 2494 τοῦδε
454 2440 550 2495 τοῦ
580 2441 799 2503 λευκοῦ.
831 2442 969 2496 ἀλλὰ
998 2443 1090 2498 καὶ
1118 2445 1178 2498 ὲν
1203 2445 1549 2517 ὑποκειμένῳ
1573 2449 1720 2500 ἐστὶν

116 2533 198 2596 ὡς
238 2533 307 2586 ἐν
339 2532 575 2611 σώματι,
631 2531 743 2588 οἷον
785 2535 845 2587 ὲν
883 2535 1021 2605 χιόνι
1045 2536 1123 2606 (4)
1157 2537 1192 2608 ἢ
1239 2537 1385 2609 ἄλλῳ
1430 2539 1561 2593 τινί.
1596 2540 1718 2595 Ἔτι

117 2628 176 2682 δὲ
204 2630 346 2683 ἐπεὶ
382 2630 445 2682 τὸ
471 2632 697 2702 μερικὺν
724 2630 975 2686 ἐκαλεῖτο
1028 2634 1101 2687 οὑ
1128 2634 1257 2688 καθ’
1294 2635 1716 2706 ὑποκειμένου,

113 2722 151 2790 ἡ
188 2720 251 2775 δὲ
285 2722 449 2775 οὐσία
475 2725 587 2777 οὐκ
618 2723 689 2776 ἐν
722 2727 1096 2794 ὑποκειμένῳ
1118 2765 1136 2791 ,
1169 2725 1308 2797 ὁμοῦ
1332 2727 1394 2779 τό
1413 2745 1474 2781 τε
1499 2729 1611 2783 οὐκ
1647 2728 1719 2782 ἐν

114 2817 514 2884 ὑποκειμένῳ
540 2817 635 2871 καὶ
659 2818 723 2871 τὸ
753 2820 825 2873 οὐ
868 2818 998 2874 καθ’
1042 2818 1445 2888 ὑποκειμένου
1476 2820 1592 2889 τὴν
1613 2838 1718 2891 με·

107 2907 317 2977 ρικὴν
355 2907 576 2962 οὐσίαν
607 2909 824 2972 πάντως
847 2909 1143 2979 δηλώσειεν
1173 2926 1188 2941 ο
1216 2903 1327 2963 οἷον
1354 2910 1431 2973 ώς
1459 2910 1616 2981 τύπῳ
1638 2910 1713 2981 (5)

1825 1789 1914 1835 tur
1958 1782 2013 1835 in
2056 1783 2314 1854 subjecto,
2367 1787 2671 1843 universale
2716 1807 2837 1843 vero
2886 1794 2950 1846 de
2993 1792 3247 1861 subjecto,
3286 1796 3399 1849 ha‘c

1823 1872 1931 1927 duo
1958 1875 2123 1929 simul
2163 1885 2404 1946 sumpta,
2439 1878 2560 1935 scil.
2600 1881 2655 1933 in
2689 1882 2924 1949 subjecto
2955 1891 3012 1936 et
3048 1884 3110 1937 de
3137 1884 3396 1952 subjecto,

1822 1964 2044 2018 omnino
2112 1966 2354 2021 accidens
2416 1969 2714 2023 universale
2770 1971 3175 2040 indicaverint;
3232 1975 3386 2028 verbi

1822 2056 1995 2126 gratia
2024 2058 2388 2114 universalem
2429 2061 2693 2117 colorem.
2726 2061 2859 2117 Nam
2907 2064 3061 2119 color
3094 2064 3395 2120 universim

1820 2158 2072 2218 sumptus
2110 2150 2178 2206 de
2211 2151 2461 2223 subjecto
2489 2153 2693 2209 dicitur
2736 2154 3025 2224 cujusdam
3065 2157 3200 2211 certi
3241 2157 3395 2212 colo-

1819 2240 1919 2311 ris,
1953 2251 2083 2313 puta
2116 2243 2280 2313 hujus
2304 2244 2505 2300 coloris
2532 2246 2665 2312 albi,
2699 2247 2753 2300 in
2784 2248 3035 2317 subjecto
3068 2264 3200 2304 vero
3228 2251 3395 2306 etiam

1818 2343 1905 2389 est
1937 2343 1997 2388 ut
2020 2334 2075 2389 in
2110 2350 2360 2405 corpore,
2388 2338 2535 2392 velut
2568 2338 2621 2392 in
2655 2339 2779 2394 nive
2807 2342 2892 2395 vel
2926 2341 2983 2395 in
3030 2358 3089 2397 re
3126 2342 3229 2396 alia
3260 2359 3396 2413 qua-

1818 2427 1986 2497 piam.
2022 2426 2290 2484 Praeterea
2328 2431 2587 2499 quoniam
2634 2433 2966 2500 particulare
3008 2433 3396 2489 nominabatur

1819 2536 1923 2575 non
1959 2520 2023 2573 de
2071 2521 2328 2590 subjecto,
2363 2524 2671 2578 substantia
2696 2538 2825 2578 vero
2881 2540 2986 2578 non
3034 2527 3087 2578 in
3135 2526 3394 2594 subjecto,

1818 2614 1935 2669 haec
1977 2612 2088 2669 duo
2129 2614 2314 2680 simul,
2363 2632 2465 2670 non
2514 2616 2578 2669 de
2621 2616 2855 2685 subjecto
2912 2634 3005 2671 nec
3052 2620 3105 2671 in
3135 2619 3395 2689 subjecto.

1818 2707 2043 2769 omnino
2052 2708 2434 2776 particularem
2449 2710 2809 2781 substantiam
2833 2712 3155 2767 indicabunt
3174 2729 3189 2779 ;
3207 2729 3398 2768 excin-

1815 2801 1889 2872 pli
1921 2815 2087 2857 causa
2118 2801 2279 2855 talem
2312 2810 2367 2856 et
2397 2801 2557 2856 talem
2589 2802 2892 2867 hominem,
2933 2803 3097 2857 talem
3142 2811 3198 2857 et
3231 2803 3391 2857 talem

1816 2894 2033 2950 bovem.
2068 2894 2217 2949 Nihil
2248 2893 2393 2948 enim
2420 2894 2690 2964 ejusmodi
2724 2895 2776 2949 in
2810 2894 3057 2964 subjecto
3109 2905 3192 2949 est
3225 2894 3394 2964 (quod

113 3000 337 3062 εἰπεῖν,
361 3001 453 3054 τὸν
481 3001 630 3054 δεῖνα
675 3000 962 3072 ἄνθρωπον
990 3002 1023 3069 ἢ
1070 3002 1161 3055 τὸν
1195 3002 1344 3055 δεῖνα
1368 3001 1497 3072 βοῦν
1521 3020 1537 3035 ο
1568 3002 1720 3057 οὐδὲν

1824 2988 1969 3043 enim
2009 2988 2065 3043 in
2088 2987 2339 3058 subjecto
2372 2995 2474 3055 est,
2517 2987 2773 3042 accidens
2804 3001 2928 3043 esse
2960 2987 3397 3042 demonstratum

115 3091 238 3161 γὰρ
300 3089 415 3163 τῶν
465 3088 723 3143 τοιούτων
770 3089 995 3161 0615(6)
1046 3093 1104 3143 ὲν
1158 3091 1505 3163 ὑποκειμένῳ
1569 3093 1716 3147 ἐστὶν

112 3181 315 3251 (τοῦτο
357 3182 466 3253 γὰρ
522 3180 870 3251 συμϐεϐηκὸς
918 3180 1134 3251 ἐδείχθη
1163 3176 1394 3254 [εῖναι]),
1420 3180 1544 3236 οὔτε
1594 3183 1716 3237 καθ’

109 3274 501 3345 ὑποκειμένου
529 3274 709 3343 (τοῦτο
729 3275 837 3345 γὰρ
866 3272 1006 3345 [τοῦ]
1029 3273 1260 3328 καθόλου
1288 3275 1504 3345 ἐδείχθη
1527 3270 1714 3346 εἶναι).

111 3368 250 3420 Ἔτι
290 3365 354 3418 δὲ
384 3364 508 3418 ἐπεὶ
523 3363 585 3417 τὸ
613 3362 837 3434 μερικὸν
865 3364 1112 3417 ἐκαλεῖτο
1135 3365 1207 3418 οὑ
1238 3363 1367 3418 καθ’
1402 3363 1723 3440 ὑποκειμέο,

103 3478 256 3526 νου,
292 3458 359 3511 τὸ
379 3457 437 3512 δὲ
461 3474 525 3510 συ
534 3457 808 3528 μϐεϐηκδς
829 3457 899 3510 ἐν
918 3456 1313 3525 ὑποκειμένῳ,
1331 3457 1467 3527 ὁμοῦ
1497 3457 1629 3510 τότε
1648 3456 1719 3511 ἐν

102 3552 508 3623 ὑποκειμένῳ
523 3553 617 3605 καὶ
640 3553 701 3606 τὸ
721 3554 793 3606 οὑ
814 3552 943 3606 καθ’
959 3550 1362 3620 ὑποκειμένου
1390 3551 1457 3605 τὸ
1469 3551 1718 3620 μερικὸν

99 3642 514 3714 συμϐεϐηκὸς
552 3643 874 3715 δηλώσειεν·
905 3638 1019 3697 οἷον
1049 3644 1125 3707 ὼς
1154 3644 1309 3715 τύπῳ
1331 3645 1530 3707 εἰπεῖν,
1554 3643 1714 3697 τοῦτο

98 3739 168 3791 τὸ
187 3738 406 3791 λευκὸν
432 3738 466 3808 ἢ
492 3736 653 3790 τοῦτο
678 3737 738 3791 τὺ
773 3737 941 3808 μέλαν
966 3755 980 3769 ο
1011 3735 1168 3790 τοῦτο
1198 3735 1307 3809 γὰρ
1336 3736 1398 3789 τὸ
1424 3736 1617 3791 λευκὸν
1653 3737 1713 3790 ἐν

99 3830 352 3901 σώματι
383 3829 484 3900 μέν
536 3830 802 3896 ὲστίτινι,
843 3829 945 3882 οὐκ
976 3828 1091 3882 ἐστι
1121 3827 1178 3882 δὲ
1206 3827 1331 3883 καθ’
1350 3828 1712 3899 ὑποκειμένου

1821 3079 1971 3152 fuit),
2001 3095 2177 3151 neque
2199 3080 2268 3135 de
2303 3079 2552 3149 subjecto
2571 3090 2653 3135 est
2683 3078 2849 3149 (quod
2878 3082 3024 3133 enim
3059 3079 3126 3133 de
3150 3077 3397 3147 subjecto

1820 3182 1926 3240 est,
1969 3171 2277 3228 universale
2309 3186 2434 3227 esse
2461 3170 3007 3241 demonstravimus).
3038 3170 3236 3226 Adhuc
3262 3186 3397 3226 vero

1819 3269 2083 3338 quoniam
2134 3266 2470 3337 partieulare
2510 3264 2799 3320 dicebatur
2857 3281 2961 3318 non
3015 3264 3079 3319 de
3132 3264 3394 3335 subjecto,

1820 3361 2078 3417 accidens
2103 3375 2255 3423 vero,
2286 3360 2343 3413 in
2379 3357 2633 3426 subjecto,
2663 3357 2781 3411 haec
2817 3357 2946 3422 duo,
2982 3356 3039 3410 in
3078 3356 3314 3425 subjecto
3344 3365 3399 3410 et

1818 3471 1924 3508 non
1969 3454 2032 3507 de
2078 3452 2317 3521 subjecto
2362 3448 2606 3504 accidens
2657 3447 2988 3516 particulare
3020 3447 3394 3511 denotabunt;

1819 3548 1968 3603 verbi
1999 3547 2178 3617 gratia
2205 3546 2311 3599 hoc
2338 3544 2521 3598 album
2554 3542 2633 3595 vel
2667 3542 2768 3596 hoc
2803 3542 3057 3610 nigrum;
3108 3540 3215 3595 hoc
3247 3542 3395 3594 enim

1816 3640 2001 3694 album
2050 3639 2105 3692 in
2150 3650 2382 3707 corpore
2415 3636 2654 3705 quodam
2703 3642 2807 3696 est,
2852 3649 2958 3690 non
3016 3648 3146 3689 vero
3196 3642 3280 3689 est
3327 3633 3396 3687 de

1817 3731 2068 3801 subjecto
2108 3730 2377 3800 quodam;
2421 3743 2549 3781 nam
2584 3726 2732 3796 quod
2771 3726 2839 3781 de
2888 3725 3140 3796 subjecto
3169 3735 3250 3780 est
3276 3724 3396 3779 uni-

1816 3824 2031 3881 versale
2053 3837 2176 3878 esse
2209 3832 2496 3878 ostensum
2524 3829 2627 3876 est.
2667 3804 2865 3874 Sed‘de
2898 3818 2984 3873 his
3020 3819 3307 3873 hactenus.

94 3923 266 3986 τινός
300 3938 319 3954 ο
372 3922 433 3976 τὸ
484 3922 593 3995 γὰρ
625 3920 750 3977 καθ’
798 3920 1161 3992 ὑποκειμένου
1211 3915 1445 3975 καθόλου
1497 3921 1713 3993 ἐδείχθη
1740 3920 1901 3976 εἶναι.
1940 3916 2199 3974 ’Δλλ’ὲπὶ
2224 3916 2482 3971 τοσοῦτον
2517 3915 2617 3986 μὲν
2646 3906 2776 3985 περὶ
2820 3912 3025 3968 τούτων
3049 3912 3149 3984 (7).

1682 4051 1914 4110 NOTAE.

176 4172 316 4245 (98)
352 4173 469 4245 Mév
498 4172 653 4245 deest
673 4168 901 4245 in_lllon.
921 4166 1026 4245 _Cl'._
1043 4168 1213 4245 A_r_is_t.
1245 4186 1296 4225 c.
1324 4169 1379 4245 2.
1404 4169 1430 4241 §
1455 4168 1508 4224 2.

172 4237 308 4315 (99)
349 4242 495 4298 Mon.
520 4243 644 4315 add.
680 4260 695 4297 :
736 4240 845 4294 Kal.
873 4239 982 4308 γὰρ
1005 4239 1034 4291 ό
1065 4238 1293 4294 Πλάτων
1344 4237 1705 4311 ὑποκείμενόν

89 4314 294 4381 ἔπινέ
325 4317 384 4367 ὲν
417 4315 513 4367 ὑπ.
544 4314 604 4366 δέ
633 4322 694 4367 ιιι
719 4324 906 4381 supra.

173 4378 736 4458 (l)'1_\_ap.6av.__de_est
765 4378 819 4437 in
850 4378 997 4458 Men.

171 4449 266 4527 (2)
313 4449 471 4527 Man.
500 4473 514 4509 :
553 4452 794 4527 Κρῶμοι·
829 4449 924 4504 τοῦ
951 4450 1032 4521 (το
1053 4452 1178 4508 καθ’
1200 4450 1390 4521 ὑποκ.)

171 4461 240 4527 (2
313 4459 465 4509 Man.
500 4473 514 4509 ε
553 4459 794 4525 Χρῶμα·
829 4469 854 4504 τ

168 4459 266 4598 (ὃ)
299 4525 422 4598 μέν
445 4526 595 4598 deest
624 4528 676 4598 i_n
706 4523 854 4580 Mon.

168 4589 265 4669 (4)
301 4594 453 4652 Man.
478 4591 603 4650 Οἷον
625 4596 701 4660 ὡς
729 4597 788 4651 ὲν
817 4596 1028 4670 σώματι
1051 4594 1087 4667 ἢ
1110 4593 1170 4647 ἐν
1192 4594 1260 4664 τῇ
1296 4589 1454 4662 χιόνι.

1111 4708 1234 4762 καθ’
1266 4705 1634 4779 ὑποκειμένου

998 5095 1071 5149 Ill
1100 5094 1163 5148 τὸ
1194 5092 1357 5151 καθό-

1138 5165 1230 5219 λου

1013 5234 1360 5308 συμϐεϐηκὸς

1084 5631 1141 5682 ὲν
1173 5623 1518 5697 ὑποκειμένῳ

1488 4834 1572 4938 xy
1978 4831 2067 4915 φ

1568 4929 1669 5018 +90
1872 4906 2005 5012 θεῷ

1646 5003 1785 5160 εζζῆ
1801 5004 1894 5093 δεῖ

1627 5168 1734 5269 ἀεὶ.
1812 5270 1815 5273 .

1458 5258 1643 5421 «δ’ἡὺ
1897 5265 2023 5392 θάλε

1910 4168 1962 4238 5)
1995 4168 2142 4225 Mon.
2175 4169 2264 4224 hic
2299 4177 2358 4223 ut
2385 4176 2445 4238 et
2460 4168 2603 4238 alias
2631 4169 2689 4221 ὲν
2716 4166 2893 4237 τύπῳ.

1910 4171 1962 4238 5)
1995 4171 2142 4225 Μοη.
2175 4171 2264 4224 hic
2299 4177 2358 4223 ut
2385 4176 2437 4224 et
2466 4171 2603 4225 alias
2631 4171 2689 4221 ὲν
2716 4171 2893 4237 τύπῳ.

1881 4171 1958 4311 ἕϐ)
1993 4238 2130 4292 Οὔτε
2160 4241 2313 4294 deest
2343 4239 2398 4293 in
2429 4237 2696 4311 Yat.,sed
2730 4239 2926 4311 legitur
2954 4238 3008 4291 in
3034 4235 3249 4311 Monac.

1882 4307 1960 4381 (7)
1992 4310 2120 4381 Haec
2148 4310 2339 4365 ultima
2364 4310 2532 4364 verba
2580 4307 2699 4361 ἀλλ’
2727 4307 2799 4381 τέ
2828 4307 3036 4381 τούτων
3086 4307 3299 4381 desunt
3335 4309 3391 4381 in

1808 4376 1957 4437 Mon.
1983 4380 2321 4448 Explanatur
2343 4381 2445 4434 hoc
2471 4378 2832 4449 paragrapho.
2858 4378 3085 4449 Aristot.
3111 4391 3163 4431 c.
3181 4378 3238 4439 2,
3277 4376 3390 4449 ἥδ.

1806 4449 1865 4511 1n
1898 4451 2041 4505 Mon.
2067 4451 2191 4505 cod.
2228 4452 2266 4503 ι’.
2294 4450 2384 4514 57,
2411 4464 2465 4511 a,
2526 4450 2580 4503 in
2618 4448 2910 4503 ’Ammonii
2961 4448 3392 4503 Commentariis

1816 4521 1921 4577 hoc
1943 4523 2219 4577 schemate
2241 4520 2542 4575 illustratur
2571 4518 2718 4588 quod
2746 4519 2949 4576 dictum
2983 4525 3068 4575 est
3091 4556 3109 4574 .

1988 4703 2051 4760 οὐ
2083 4702 2212 4758 καθ’
2238 4702 2602 4774 ὑποκειμένου

2186 5088 2254 5145 IV
2286 5088 2555 5161 istem-ii

2290 5160 2468 5216 οὐσία.

2021 5621 2120 5674 οὐκ
2158 5620 2216 5676 ἐν
2252 5620 2596 5692 ὑποκειμένῳ
