3908 6214
528 245 631 311 767

1674 246 1932 307 ΡΗΟΤΙῘ
1968 242 2608 311 ΡᾹΤΒῙΑΠΟΠᾸΞΞΕΡ.

3659 240 3763 306 768

596 358 683 415 10.
723 356 953 425 Quando
989 373 1120 414 vero
1149 358 1297 415 aliud
1326 357 1393 414 de
1432 358 1538 413 alio
1567 358 1893 427 praedicatur
1932 368 1992 411 ιιι
2018 357 2085 413 de

2278 364 2332 412 ι’.
2374 359 2542 412 Ὅταν
2608 360 2653 412 δ’
2700 358 2888 429 ἕτερον
2914 358 3036 413 καθ’
3070 356 3257 429 ἑτέρου
3290 356 3661 430 κατηγορῆται
3692 360 3766 423 ὡς

522 453 771 522 subjecto
794 452 910 506 sive
941 452 1191 515 univoce,
1215 466 1555 522 quaecunque
1580 451 1647 505 de
1677 452 1966 521 praadicato
1997 449 2093 506 illo

522 549 816 613 dicuntur,
885 545 1069 599 omnia
1133 545 1202 599 de
1261 543 1509 613 subjecto
1553 556 1772 613 quoque
1821 542 2091 597 dicemur.

527 637 684 692 Verbi
711 638 885 709 gratia
909 640 1073 693 homo
1101 636 1431 706 praedicatur
1463 636 1531 690 de
1560 635 1663 690 hoc
1697 642 1849 690 certo
1877 635 2095 689 homine

523 729 741 800 (Petrus
767 740 852 785 est
886 730 1098 799 homo),
1127 729 1330 783 animal
1368 742 1500 784 vero
1529 728 1596 782 de
1624 728 1843 782 homine
1881 727 2096 797 simpli-

523 821 694 887 citer;
745 822 1037 876 manifeste
1098 835 1230 889 ergo
1283 828 1337 874 et
1396 821 1461 875 de
1514 828 1669 875 certo
1720 814 1825 873 hoc
1873 818 2095 873 homine

522 911 721 965 animal
747 912 1150 980 praedicandum
1174 912 1277 965 erit
1301 908 1523 981 (Petrus
1560 908 1920 963 est'animait.
1954 908 2093 962 Nam

520 1010 706 1057 certus
725 1002 956 1074 quilibet
974 1004 1139 1057 homo
1163 1012 1218 1056 ct
1248 1005 1409 1056 homo
1436 1009 1490 1057 et
1518 1000 1721 1055 animal
1743 1009 1841 1055 est.
1863 1001 2093 1066 Quando

523 1108 651 1148 vero
700 1110 807 1148 non
870 1096 1100 1150 univnce
1140 1094 1271 1164 quid
1319 1094 1387 1149 de
1440 1093 1548 1149 alio
1603 1094 1947 1164 praedicatur,
1998 1091 2092 1147 sed

520 1188 841 1255 azquivoce,
901 1186 1123 1241 minime
1176 1201 1403 1241 necesse
1453 1195 1568 1251 est,
1626 1185 1807 1240 omnia
1862 1198 1983 1255 quae
2027 1187 2095 1240 de

521 1277 811 1347 pradicato
834 1276 1113 1341 dicuntur,
1139 1277 1253 1331 haec
1285 1288 1338 1332 et
1365 1278 1433 1333 de
1462 1277 1710 1346 subjecto
1736 1277 1868 1333 dici.
1899 1276 2094 1331 Exem-

520 1367 595 1438 pli
650 1367 824 1438 gratia
860 1385 873 1421 :
909 1369 1104 1421 Album
1159 1369 1487 1439 praedicatur
1528 1370 1809 1439 aequivoce
1858 1370 1926 1423 de
1968 1384 2094 1423 cor-

521 1474 690 1530 pore;
729 1461 913 1515 aibum
976 1461 1123 1516 enim
1176 1477 1377 1532 corpus
1429 1463 1661 1529 dicitur;
1721 1462 1862 1516 ratio
1911 1470 2092 1517 autem

521 1568 627 1623 qua
668 1552 927 1608 delinitur
952 1553 1160 1619 album,
1190 1554 1340 1608 nullo
1362 1555 1527 1609 modo
1555 1555 1769 1625 corpori
1802 1554 2089 1623 congruit;

519 1655 605 1702 est
636 1647 780 1701 enim
812 1645 1054 1702 deﬁnitio
1095 1646 1201 1700 albi
1250 1648 1404 1701 color
1435 1656 1490 1701 et
1535 1647 1640 1701 alia
1672 1648 1944 1716 quaedam,
1974 1660 2094 1701 cor—

522 1750 625 1807 pus
650 1751 782 1791 vero
813 1752 919 1791 non
952 1752 1075 1792 esse
1104 1737 1338 1792 colorem
1372 1738 1719 1793 manifestum
1746 1746 1846 1794 est.

586 1824 677 1878 11.
721 1823 921 1879 Verum
973 1836 1027 1880 et
1079 1827 1187 1881 hoe
1236 1827 1379 1882 scire
1425 1836 1661 1897 oportet,
1712 1844 1927 1898 eorum,
1970 1846 2091 1901 qua:

521 1925 652 1971 sunt
682 1917 884 1972 diversi
912 1920 1129 1989 generis
1181 1933 1282 1974 nec
1310 1920 1412 1974 sibi
1446 1920 1678 1975 invicem
1710 1922 2088 1989 subordinate,

521 2008 764 2065 diversas
794 2018 847 2064 et
877 2011 1057 2081 specie
1089 2026 1212 2066 esse
1242 2011 1601 2079 differentias,
1638 2013 1804 2068 veluti
1834 2015 2091 2071 animalis

519 2111 574 2156 et
620 2102 894 2170 scientiae;
952 2102 1205 2158 animalis
1256 2104 1400 2158 enim
1459 2105 1777 2161 diﬂ‘erentiae
1835 2116 2094 2164 terrestre

521 2193 818 2264 (pedestre)
869 2203 923 2250 et
969 2195 1241 2265 aquatile;
1305 2196 1550 2252 scientiae
1598 2212 1727 2253 vero
1769 2198 1905 2252 nihil
1950 2199 2094 2269 ejus-

521 2282 708 2348 modi;
760 2297 937 2354 neque
985 2286 1132 2339 enim
1181 2285 1411 2340 scientia
1450 2300 1482 2341 a
1534 2286 1762 2342 scientia
1813 2278 1995 2344 diﬂ‘ert
2026 2300 2095 2345 eo

520 2376 667 2446 quod
705 2376 876 2431 altera
911 2374 993 2431 sit
1010 2377 1183 2445 bipes.

591 2466 682 2521 12.
720 2465 993 2522 Praeterea
1034 2482 1225 2523 eorum
1250 2483 1373 2539 qua;
1415 2468 1625 2538 absque
1667 2471 1957 2541 complexu
2007 2471 2092 2527 di-

517 2545 735 2623 cuntur,
768 2557 913 2612 aliud
942 2568 1030 2613 est
1077 2560 1407 2626 substantia,
1443 2561 1915 2633 aliud-quantitas,
1942 2560 2092 2619 aliud

516 2646 779 2715 qualitas,
834 2647 982 2701 aliud
1029 2649 1243 2712 relatio,
1292 2649 1436 2704 aliud
1486 2652 1602 2716 ubi,
1650 2651 1799 2706 aliud
1846 2654 2090 2723 quando,

515 2739 663 2793 aliud
695 2741 857 2805 situs,
900 2740 1045 2795 aliud
1093 2742 1312 2806 habere,
1366 2743 1513 2797 aliud
1545 2758 1725 2815 agere,
1778 2744 1925 2800 aliud
1958 2747 2089 2816 pati.

517 2830 585 2884 Et
611 2831 918 2887 substantia
947 2833 1168 2903 quidem
1195 2844 1279 2889 est
1299 2835 1448 2890 verbi
1477 2836 1653 2907 gratia
1673 2837 1858 2903 homo,
1883 2852 2088 2908 equus;

511 2926 795 2993 quantitas
826 2939 956 2979 vero
994 2924 1308 2990 bicubitale,
1348 2928 1696 2997 tricubitale;
1733 2931 1970 3000 qualitas
2008 2939 2093 2986 est

514 3015 733 3082 album,
772 3018 1191 3087 grammaticum
1228 3035 1387 3085 esse,
1432 3020 1623 3077 relatio
1674 3037 1807 3077 vero
1864 3022 2087 3093 duplex,
2118 3055 2160 3116 ϐ

512 3107 845 3176 dimidium,
898 3109 1111 3178 majUS;
1159 3110 1251 3165 ubi
1287 3112 1482 3184 (locus)
1527 3128 1580 3167 v.
1633 3130 1686 3184 g.
1734 3113 1995 3181 Athenis,
2033 3115 2090 3170 in

514 3199 836 3266 academia';
888 3200 1107 3269 quando
1154 3202 1414 3272 (tempus)
1452 3221 1467 3255 :
1514 3202 1631 3258 heri
1683 3220 1828 3259 anno
1871 3216 2093 3275 praeter-

514 3288 697 3358 lapso;
731 3290 912 3345 situs:
946 3305 1001 3346 v.
1048 3307 1130 3361 gr.
1172 3293 1344 3358 sedet,
1388 3295 1683 3361 consistit;
1728 3297 1948 3353 habitus
1984 3307 2089 3365 est,

514 3393 566 3431 ν.
600 3395 684 3449 gr.
725 3380 1051 3445 calceatum,
1084 3383 1339 3438 vestitum
1373 3400 1534 3453 esse;
1575 3384 1753 3442 facere
1790 3402 1886 3443 seu
1930 3405 2092 3459 agere

511 3481 616 3536 est,
656 3484 711 3525 v.
739 3488 793 3543 g.
835 3487 1045 3541 secare,
1090 3490 1285 3543 urere;
1328 3478 1437 3547 pati
1454 3492 1459 3507 κ
1494 3493 1623 3531 vero
1660 3486 1766 3544 est,
1796 3481 1969 3535 secari
2009 3481 2090 3535 vel

511 3564 785 3619 comburi.
842 3565 1284 3639 Unumquodque
1325 3570 1492 3640 igitur
1526 3572 1723 3626 horum
1768 3574 2092 3644 simpliciter

509 3656 717 3712 dictum
766 3672 943 3727 neque
988 3662 1273 3717 veritatem
1325 3663 1600 3733 signiﬁcat
1637 3680 1814 3734 neque
1860 3668 2087 3721 menda-

512 3751 696 3818 cium;
729 3752 1012 3822 complexa
1041 3769 1173 3809 vero
1205 3757 1273 3809 ad
1306 3757 1539 3811 invicem
1574 3757 1858 3812 veritatem
1882 3760 2091 3829 signiti-

510 3850 638 3899 cant
660 3851 755 3897 aut
796 3845 1169 3910 mendacium;
1205 3847 1350 3901 verbi
1374 3848 1544 3917 gratia
1570 3865 1585 3901 :
1611 3848 1785 3904 Homo
1822 3850 2085 3917 ambulat,

510 3935 599 3987 vel
628 3935 779 3988 aliud
802 3935 1087 4005 quidpiam
1114 3938 1408 4007 ejusmodi.
1442 3938 1880 4009 Propositionem
1902 3942 2085 3997 enim:

511 4024 617 4079 Hic
644 4036 818 4080 certus
849 4028 1005 4082 homo
1032 4030 1272 4084 ambulat
1307 4041 1401 4086 aut
1426 4047 1612 4087 veram
1637 4044 1731 4089 aut
1750 4033 1942 4091 falsam
1962 4050 2084 4092 esse

509 4134 735 4175 necesse
761 4130 864 4174 est.

749 4209 1080 4277 QLUESTIO
1117 4206 1450 4270 CXXXVIII.
1493 4213 1825 4291 [CLXXIVJ

1078 4308 1156 4362 De
1185 4308 1506 4364 substantia.

2196 452 2316 505 καθ’
2343 451 2705 521 ὑποκειμένου
2750 452 2919 521 ἤγουν
2966 454 3317 521 συνωνύμως,
3358 452 3460 505 ὅσα
3504 450 3646 503 κατὰ
3676 451 3768 503 τοῦ

2194 547 2670 617 κατηγορουμένου
2701 546 2943 613 λέγεται,
2983 545 3161 599 πάντα
3190 546 3284 598 καὶ
3320 544 3465 599 κατὰ
3509 544 3607 597 τοῦ
3632 545 3768 596 ὐπο-

2194 639 2446 709 κειμένου
2471 637 2548 709 (8)
2590 638 2921 709 ῥηθήσεται·
2953 630 3067 689 οἷον
3122 635 3412 708 ἄνθρωπος
3441 639 3769 705 κατηγορεῖ⁴

2193 748 2284 784 ται
2323 730 2415 785 τοῦ
2430 746 2577 793 τινος
2603 728 2913 801 ἀνθρώπου,
2948 728 3010 781 τὸ
3028 727 3085 780 δὲ
3109 727 3245 791 ζῶον
3267 728 3410 779 κατὰ
3434 726 3529 779 τοῦ
3560 726 3771 795 ἀνθρὼ-

2194 833 2296 870 που
2327 817 2423 872 καὶ
2449 818 2608 888 δῆλον
2628 819 2710 871 ὅτι
2734 817 2809 887 (9)
2847 816 2943 869 καὶ
2984 816 3129 869 κατὰ
3161 814 3255 868 τοῦ
3305 833 3451 880 τινος
3477 816 3767 886 ἀνθρώπου

2192 910 2254 962 τὸ
2287 909 2426 973 ζῶον
2452 910 2961 983 κατηγορηθήσεται
2985 924 3001 941 ·
3031 911 3060 962 ὁ
3096 909 3205 979 γάρ
3246 925 3330 973 τις
3359 909 3653 980 ἄνθρωπος
3677 910 3771 963 καὶ

2192 1004 2478 1073 ἄνθρωπός
2508 1005 2625 1057 ἑστι
2675 1003 2771 1055 καὶ
2821 1002 2979 1066 ζῶον.
3032 1001 3204 1054 Ὅταν
3233 1000 3291 1053 δὲ
3323 1002 3400 1070 μὴ
3436 1000 3771 1070 συνωνύμως

2194 1095 2569 1166 καηγορῆταί
2612 1111 2666 1146 τι
2722 1094 2863 1146 κατά
2910 1109 3057 1156 τινος
3079 1092 3215 1163 (10),
3271 1090 3387 1144 ἀλλ’
3437 1092 3769 1162 ὁμωνύμως,

2192 1186 2292 1239 οὐκ
2325 1188 2559 1254 ἀνάγκη,
2597 1185 2698 1239 ὅσα
2728 1184 2871 1239 κατὰ
2902 1183 2997 1237 τοῦ
3027 1184 3510 1254 κατηγορουμένου
3530 1182 3770 1251 λέγεται,

2193 1277 2429 1330 τοσαῦτα
2458 1276 2570 1348 (11)
2600 1276 2696 1331 καὶ
2736 1276 2879 1329 κατὰ
2920 1275 3017 1329 τοῦ
3061 1277 3423 1345 ὑποκειμένου
3470 1274 3767 1343 λέγεσθαι⁹

2194 1362 2439 1439 οἶον·(12)
2472 1368 2535 1420 τὸ
2559 1368 2751 1422 λευκὸν
2778 1368 3165 1438 κατηγορεῖται
3192 1366 3500 1436 ὁμωνύμως
3535 1368 3633 1420 τοῦ
3663 1366 3770 1419 σώ-

2196 1476 2362 1529 ματος
2387 1475 2402 1490 ·
2433 1458 2624 1512 λευκὸν
2653 1459 2762 1530 γὰρ
2791 1458 2951 1528 σῶμα
2980 1458 3200 1526 λέγεται
3225 1474 3240 1487 ο
3288 1459 3317 1511 ό
3336 1457 3394 1511 δὲ
3424 1458 3584 1526 λόγος
3604 1458 3633 1511 ό
3678 1460 3769 1512 ἐπὶ

2192 1551 2287 1604 τοῦ
2316 1550 2512 1605 λευκοῦ
2544 1552 2656 1621 (15)
2684 1550 2939 1604 οὐδέποτε
2969 1551 3203 1621 ἁρμόσει
3231 1550 3324 1603 ἐπὶ
3348 1549 3442 1604 τοῦ
3478 1551 3732 1622 σώματος
3750 1567 3767 1583 ⁸

2156 1712 2159 1715 γ
2193 1642 2313 1697 ἐστι
2347 1643 2457 1713 γὰρ
2480 1644 2507 1696 ὁ
2534 1642 2691 1711 λόγος
2715 1642 2879 1696 αὐτοῦ
2918 1642 3117 1713 χρῶμα
3160 1643 3252 1696 καὶ
3285 1642 3420 1697 ἄλλα
3442 1644 3585 1709 τινὰ,
3622 1645 3687 1697 τὸ
3711 1646 3768 1699 δὲ

2122 1721 2165 1776 Β
2195 1732 2615 1804 σῶμαφανερδν
2639 1735 2721 1786 ὅτι
2754 1734 2856 1786 οὐκ
2884 1732 3000 1787 ἐστι
3026 1731 3225 1805 χρῶμα
3272 1734 3407 1805 (14).

2264 1830 2355 1876 ια’.
2394 1826 2487 1876 Δεῖ
2525 1822 2581 1876 δὲ
2614 1823 2710 1877 καὶ
2751 1822 2909 1876 τοῦτο
2944 1824 3171 1889 ειδέναι,
3195 1823 3411 1878 ὅτιτῶν
3434 1826 3768 1897 ἑτερογενῶν

2192 1915 2287 1968 καὶ
2316 1914 2392 1987 μὴ
2423 1914 2513 1968 ὑπ’
2541 1914 2748 1986 ἄλληλα
2801 1916 3149 1986 τεταγμένων
3187 1916 3371 1987 ἕτεραι
3398 1916 3478 1987 τῷ
3502 1918 3635 1971 εἴδει
3670 1920 3766 1971 καὶ

2193 2008 2249 2059 ai
2278 2006 2571 2083 διαφοραί’
2616 2003 2730 2060 οἷον
2776 2007 2917 2072 ζώου
2961 2008 3059 2063 καὶ
3090 2010 3419 2081 ἐπιστήμηςι
3469 2010 3620 2065 Ζὼου
3665 2012 3766 2080 μὶν

2193 2100 2302 2170 γὰρ
2343 2100 2599 2171 διαφοραὶ
2634 2099 2697 2152 τὸ
2745 2098 2907 2164 πεζὸν
2943 2101 3040 2154 καὶ
3072 2100 3135 2154 τὸ
3167 2100 3413 2171 ἔνυδρον,
3453 2102 3769 2173 ἐπιστήμης

2192 2191 2247 2244 δὲ
2279 2190 2501 2261 οὐδεμία
2531 2190 2771 2244 τούτων·
2803 2191 2866 2243 οὐ
2914 2190 3026 2261 γὰρ
3056 2190 3301 2264 διαφέρει
3332 2194 3617 2266 ἐπιστήμη
3642 2197 3765 2251 ire»

2196 2283 2293 2351 στή
2304 2299 2412 2353 μης
2435 2282 2518 2355 τῷ
2541 2282 2729 2347 δίπους
2757 2279 2897 2338 εἷναι
2924 2286 3059 2356 (15).

2266 2462 2355 2533 ιβ’.
2400 2464 2521 2517 Ἔτι
2561 2462 2742 2518 τοίνυν
2782 2465 2894 2519 τῶν
2947 2464 3119 2539 χωρὶς
3166 2466 3489 2538 συμπλοκῆς
3539 2468 3765 2541 λεγομέο

2194 2574 2300 2609 νων
2329 2555 2439 2628 (16)
2477 2556 2538 2610 τὸ
2592 2556 2692 2628 μέν
2738 2558 2889 2611 ἐστιν
2937 2560 3119 2625 οὐσία,
3164 2560 3225 2613 τὸ
3272 2559 3328 2613 δὲ
3366 2562 3554 2626 ποσὸν,
3605 2564 3668 2615 τὸ
3708 2563 3764 2616 δι

2194 2648 2367 2710 ποιὸν,
2406 2649 2467 2700 τὸ
2512 2647 2570 2701 δὲ
2605 2650 2742 2717 πρός
2780 2666 2870 2713 τι,
2899 2650 2962 2704 τὸ
3003 2650 3059 2704 δὲ
3089 2649 3225 2714 ποῦ,
3255 2652 3318 2704 τὸ
3340 2652 3397 2704 δὲ
3427 2651 3591 2716 ποτὲ,
3616 2653 3678 2706 τὸ
3710 2654 3764 2706 δὲ

2193 2738 2439 2803 κεῖσθαι,
2484 2740 2546 2791 τὸ
2577 2740 2635 2793 δὲ
2683 2740 2848 2811 ἔχειν,
2894 2740 2957 2794 τὸ
2990 2741 3047 2795 δὲ
3094 2745 3292 2808 ποιεῖν,
3321 2744 3383 2797 τὸ
3421 2744 3479 2797 δὲ
3509 2746 3762 2816 πάσχειν.

2193 2830 2305 2882 Καὶ
2349 2830 2498 2883 ἐστιν
2550 2831 2711 2885 οὐσία·
2756 2831 2855 2903 μὲν
2890 2826 3001 2887 οἷον
3035 2833 3355 2905 ἄνθρωπος,
3407 2836 3571 2900 ἵππος
3607 2839 3761 2909 (17)·

2194 2922 2359 2977 ποσὸν
2377 2922 2433 2975 δὲ
2464 2916 2577 2976 οἷον
2595 2924 2818 2995 δίπηχυ,
2845 2925 3082 2996 τρίπηχυ
3108 2944 3123 2959 ⁶
3149 2928 3302 2981 ποιὸν
3330 2923 3526 2995 δὲ,οίον
3550 2931 3761 2997 λευκὸν,

2192 3018 2577 3086 γραμματικόν
2604 3018 2739 3089 (18)’
2766 3020 2901 3089 πρός
2932 3037 2983 3072 τι
3011 3016 3219 3083 δὲ,οἷον
3241 3023 3545 3090 διπλάσιον,
3566 3026 3763 3096 ἥμισυ,

2196 3107 2383 3177 μεῖζον
2404 3125 2420 3140 ο
2449 3108 2553 3163 ποῦ
2586 3107 2782 3175 δὲ,οίον
2816 3113 2872 3164 ἐν
2892 3111 3161 3183 Ἀθήναις,
3194 3116 3252 3167 ὲν
3283 3116 3599 3188 ἀκαδημίᾳ*
3631 3121 3763 3173 ποτε

2189 3198 2271 3265 δὲ,
2291 3194 2405 3254 οἷον
2430 3201 2581 3272 χθὲς,
2615 3203 2835 3273 πέρυσι·
2858 3204 3068 3259 κεῖσθαι
3101 3202 3296 3273 δὲ,οῖον
3324 3208 3581 3279 κάθηται,
3613 3212 3751 3267 ἵσταν

2189 3310 2280 3346 ται
2311 3309 2327 3325 ο
2355 3293 2501 3364 ἔχειν
2534 3294 2614 3363 δὲ,
2646 3293 2761 3351 οἷον
2814 3298 3169 3355 ὑποδεδέσθαι
3219 3301 3369 3371 (19),
3417 3304 3760 3360 ὲνδεδῦσθαι*

2191 3388 2343 3439 ποεῖν
2371 3384 2566 3451 δὲ,οἶον
2593 3388 2833 3460 τέμνειν,
2860 3390 3068 3445 καίεινο
3106 3392 3339 3463 πάσχειν
3360 3389 3555 3458 δὲ,οἷον
3574 3398 3751 3467 τέμνει

2195 3477 2353 3544 σθαι,
2396 3478 2643 3541 καίεσθαι
2690 3480 2824 3552 (20).
2856 3482 3126 3537 Ἐκαστον
3177 3480 3281 3537 οὖν»
3307 3486 3417 3538 τῶν
3450 3487 3760 3557 εἰρημένων

2192 3568 2399 3621 ἁπλοῦν
2440 3571 2538 3639 μὲν
2572 3570 2686 3641 (21)
2733 3572 3022 3644 λεγόμενον
3062 3573 3173 3629 οὔτ’
3219 3576 3476 3643 ἀλήθειαν
3507 3582 3759 3650 σημαίνει

2189 3660 2313 3714 οὕτε
2344 3662 2570 3732 ψεῦδος
2629 3665 3052 3736 συμπλεκόμενα
3081 3668 3140 3721 δὲ
3190 3668 3309 3739 μετ’
3349 3670 3595 3741 ἀλλήλων
3622 3672 3760 3745 (22),

2189 3755 2448 3825 ἀλήθειαν
2494 3758 2807 3830 σημαίνειῆ
2850 3758 3081 3828 ψευδοςο
3130 3755 3245 3815 οἷον
3281 3761 3570 3833 ἄνθρωπος
3601 3782 3757 3837 περιο

2190 3850 2384 3914 πατεῖ,
2408 3850 2459 3916 ἢ.
2473 3849 2601 3903 ἄλλο
2615 3867 2675 3903 τι
2697 3849 2808 3904 τῶν
2828 3851 3088 3908 τοιούτων
3107 3869 3121 3883 ⁸
3149 3854 3210 3907 τὸ
3229 3853 3340 3924 γὰρ
3361 3855 3448 3919 τὶς
3472 3855 3757 3925 ἄνθρωπος

2190 3940 2483 4008 περιπατεί
2510 3941 2724 4011 ἀνάγκη
2754 3941 2786 4012 ἢ
2814 3942 2928 4012 (25)
2960 3942 3156 4013 ἀληθὲς
3186 3938 3329 3997 εἶναι
3353 3944 3388 4015 ἢ
3414 3944 3635 4015 ψεῦδος.

2702 4222 3039 4278 ΕΡΩΤΗΣΙΣ
3075 4224 3249 4281 PAH'.

2762 4318 2903 4388 Περὶ
2935 4320 3171 4387 οὐσίας.

1569 4404 1712 4454 Nunc
1734 4405 1945 4469 primum
1969 4411 2099 4460 edita
2127 4424 2154 4460 a
2178 4411 2238 4463 D.
2266 4411 2693 4475 Hergenroether.

580 4482 635 4537 1.
670 4482 859 4538 l’ri’mo
891 4486 1181 4541 dicendum
1207 4496 1293 4542 est
1323 4488 1391 4543 de
1412 4488 1739 4545 substantia.
1768 4491 2082 4549 substantia

2262 4504 2331 4552 α’.
2376 4500 2601 4570 Πρῶτον·
2618 4500 2676 4553 δὲ
2696 4497 2888 4571 ῥητέον
2910 4500 3037 4571 περὶ
3059 4501 3266 4566 οὐσίας.
3307 4503 3370 4557 Ἦ
3391 4506 3573 4560 τοίνυν
3597 4511 3749 4563 οὐσία

506 4574 671 4644 igitur
714 4578 823 4631 non
872 4578 1175 4633 secundum
1204 4594 1369 4633 unam
1419 4582 1775 4651 eamdemque
1802 4583 2077 4642 notionem

502 4667 706 4722 dicitur
732 4668 1063 4735 substantia,
1110 4670 1205 4726 sed
1232 4686 1338 4727 vox
1378 4682 1460 4729 est
1500 4688 1690 4729 earum
1730 4689 1796 4729 ex
1827 4691 2076 4744 numero,

2185 4590 2247 4643 οὐ
2274 4590 2414 4643 κατὰ
2444 4591 2576 4661 μίαν
2616 4592 2712 4644 καὶ
2736 4590 2836 4662 τήν
2862 4590 3032 4662 αὐτὴν
3070 4592 3277 4645 ἔννοιαν
3318 4593 3535 4662 λέγεται
3563 4598 3747 4664 οὐσία,

2183 4678 2320 4733 ἀλλὰ
2342 4680 2452 4733 τῶν
2478 4679 2761 4751 πολλαχῶς
2786 4680 3095 4752 λεγομένων
3121 4683 3268 4736 ἐστὶν
3296 4684 3330 4753 ή
3359 4685 3514 4755 φωνὴ
3530 4728 3546 4753 ,
3580 4690 3632 4742 εἰ
3656 4688 3751 4744 καὶ

2014 4766 2248 4824 ΝΟΤᾸΕ.

574 4850 650 4935 (8)
680 4849 856 4935 ᾼότοῢ
886 4850 1010 4935 add.
1040 4850 1257 4935 Monac;
1280 4851 1388 4915 bis,
1419 4852 1565 4935 quod
1583 4853 1741 4935 deest
1769 4856 1822 4934 in
1853 4852 1981 4935 γει.
2016 4866 2072 4935 et

498 4935 589 4992 ap.
614 4922 782 4976 Arist.
816 4936 937 4992 cap.
963 4923 1019 4986 5,
1052 4924 1198 4992 quod
1235 4922 1346 4980 fere
1373 4925 1699 4980 verboteuus
1727 4924 1820 4979 hic
1868 4925 2068 4982 inseri-

501 5001 649 5130 miil)
678 5060 788 5113 Καί
810 5060 964 5117 deest
991 5062 1043 5115 in
1082 5062 1224 5117 Mon.

570 5131 684 5198 (111)
715 5130 780 5182 Τί
813 5134 952 5185 κατά
984 5149 1126 5196 τινος
1158 5134 1310 5188 deest
1338 5132 1391 5188 in
1422 5131 1550 5190 Vat.

570 5200 682 5268 (11)
707 5199 852 5268 MOI].
881 5202 1085 5255 Πάντα.

574 5267 684 5337 (12)
714 5267 859 5325 Mou.
892 5267 1016 5325 οἷον
1042 5274 1115 5336 ὼς
1144 5272 1205 5326 τὸ
1233 5271 1570 5330 λευκὸν-κατ.
1628 5277 1796 5348 ὁμων.
1853 5278 1931 5348 τῷ
1957 5278 2064 5331 σώ-

500 5355 681 5480 μαίιιέ)
707 5374 1011 5481 Δεγόμενος
1041 5411 1167 5468 add.
1197 5413 1407 5469 Monac.

599 5482 681 5547 14)
712 5480 865 5536 Μοιι.
898 5482 1018 5535 Ὀτι
1045 5484 1144 5537 οὐκ
1172 5484 1316 5536 ἐστιν
1340 5483 1535 5548 οὕτως.

598 5550 692 5673 15h)I
716 5553 847 5607 Cod.
888 5552 961 5605 Τὸ
985 5552 1099 5605 διπ.
1131 5550 1231 5605 εἶν.
1258 5553 1383 5609 Haec
1406 5555 1777 5625 paragraphus
1824 5558 1973 5610 deest
2008 5557 2061 5610 in

598 5660 615 5695 _.
660 5694 663 5695 ν
700 5637 789 5695 uti.
818 5621 987 5695 Arist.
1019 5638 1069 5678 c.
1113 5625 1165 5689 5,
1197 5625 1284 5695 (ll,
1313 5626 1449 5695 4,7p.
1476 5626 1510 5678 2
1552 5626 1639 5679 ed.
1664 5624 1839 5681 Paris.
1879 5627 2061 5681 1818).

492 5622 615 5675 Cod.
644 5622 789 5675 Mou.
818 5622 987 5677 Arist.
1019 5638 1069 5678 c.
1113 5625 1165 5689 5,
1197 5625 1284 5695 (ll,
1313 5626 1364 5686 4,
1396 5622 1449 5694 p.
1476 5626 1510 5678 2
1543 5622 1649 5679 "ed.
1664 5624 1839 5681 Paris.
1879 5627 2061 5681 1818).

564 5690 675 5752 liti)
703 5690 849 5747 Man.
876 5693 997 5748 Τῶν
1026 5698 1193 5763 χωρὶς
1217 5694 1534 5765 συμπλοκῆς
1562 5695 1869 5764 λεγομένων
1885 5714 2062 5766 πραγ-

2180 4857 2364 4927 μάτων
2392 4859 2454 4911 τδ
2487 4876 2546 4930 μ.

2248 4931 2359 4999 (17)
2395 4930 2591 4994 Ἵππος
2614 4929 2767 4984 decst
2801 4931 2856 4985 in
2881 4930 3029 4987 Mon.

2248 5000 2362 5080 (18)
2394 5000 2689 5080 Τρίπηχυῄ
2731 5003 3138 5080 γραμματικόν,
3176 5015 3229 5060 et
3264 5006 3474 5078 reliqua
3496 5010 3746 5080 exempla

2176 5074 2507 5146 omittuntur
2538 5074 2596 5146 i_u_
2643 5071 2814 5137 Mon.,
2850 5071 2943 5128 ubi
3001 5091 3216 5146 semper
3250 5071 3419 5134 unum
3478 5071 3747 5134 duntaxat

2174 5143 2507 5209 exemplum,
2546 5143 2711 5213 idque
2741 5147 2979 5213 primum
3015 5160 3080 5202 ex
3123 5143 3302 5218 supra
3340 5150 3554 5219 positis,
3608 5151 3746 5208 alieﬁ

2173 5224 2352 5278 gatur.

2245 5284 2357 5353 (19)
2394 5280 2538 5337 Mon.
2586 5282 2947 5342 ’Υποδέδεται.

2245 5354 2357 5424 (20)
2390 5355 2582 5424 Καίειν
2606 5365 2658 5409 et
2692 5357 2943 5410 καίεσθαι
2975 5358 3154 5413 omitt.
3185 5357 3330 5414 Mou.

2241 5423 2356 5491 (21)
2389 5423 2507 5477 Μέν
2539 5425 2691 5480 deest
2724 5426 2779 5479 iu
2802 5425 2948 5481 Mon.

2241 5496 2357 5569 (ἓξ)
2392 5493 2540 5569 Eon.
2578 5496 2771 5569 add._:ii
2806 5498 2963 5569 ἁλήθ.
2999 5501 3349 5569 σηνμαίσουσι.

2245 5566 2358 5644 (βξ)
2389 5566 2484 5644 ἨΛ
2496 5568 2684 5644 omitt;
2706 5566 3008 5644 hirunllajc
3036 5566 3177 5641 apud
3212 5572 3381 5627 Arist.
3420 5573 3584 5644 leges.
3612 5587 3662 5631 ε.
3685 5574 3741 5632 1.

2170 5633 2218 5705 (§
2246 5638 2344 5691 6’8
2366 5652 2420 5706 p.
2454 5636 2511 5701 2,
2532 5638 2615 5692 ed.
2650 5636 2825 5702 Paris,
2855 5639 3035 5710 1848).
