3908 6214
294 228 399 301 789

1198 240 1300 299 AD
1325 234 1918 299 AMPHILOCHIUM
1949 230 2297 307 QUIESTIO
2334 232 2709 296 CXXXVIII.

3446 228 3554 293 7'10

285 351 502 416 πολλοῖς
561 351 674 405 τῶν
723 341 856 424 περὶ
903 349 1098 411 οὐσίας
1155 350 1336 405 εἰπεῖν
1389 368 1443 405 τι
1495 349 1906 422 προελομένων

1992 364 2104 417 quae
2137 346 2511 418 multipliciter
2538 346 2833 410 dicuntur;
2864 342 2967 399 etsi
3001 340 3160 398 multi
3188 340 3435 408 illorum,
3462 340 3558 414 qui

287 444 667 517 παρεώραται.
714 446 829 499 Καὶ
872 444 984 516 γὰρ
1034 445 1225 515 ἓτερον
1265 444 1365 513 μὲν
1407 442 1615 515 τρόπον
1664 441 1874 495 παντά-

291 553 462 591 πασιν
490 536 689 604 λέγοιτ’
718 535 787 591 ἂν
815 536 976 591 οὐσία
1005 537 1040 606 ἡ
1075 534 1398 608 ύπερούσιος
1430 533 1526 588 καὶ
1564 532 1873 605 προακτικὴ

286 625 397 680 τῶν
427 627 601 681 όντων
628 626 824 693 οὐσία,
856 627 989 699 περὶ
1028 621 1098 699 ἧς
1135 628 1363 698 θεωρεῖν
1394 626 1458 679 οὓ
1486 624 1590 696 τῆς
1616 622 1735 693 νῦν,
1772 625 1877 694 τῆς

284 717 342 771 δὲ
376 717 601 790 πρώτης
640 718 759 773 ἐστὶ
792 717 1144 789 φιλοσοφίαςυ
1178 719 1366 790 ἕτερον
1388 716 1447 773 δὲ
1473 717 1677 789 τρόπον
1709 718 1745 788 η
1770 715 1872 788 ύλη

285 806 505 875 λέγεται
552 805 735 876 οὐσία,
783 809 879 863 καὶ
908 809 1073 864 ἄλλον
1102 809 1267 865 πάλιν
1294 809 1359 863 τὸ
1396 808 1742 881 μορφωτικὸν
1780 809 1876 863 καὶ

287 897 553 952 είδοποιδν
584 899 687 967 τῆς
723 899 859 971 ὕλης
887 897 1027 965 εἶδος
1049 916 1066 932 ⁸
1094 900 1213 956 ἀλλ’
1237 900 1497 973 ἑκάτερον
1526 901 1630 971 μὲν
1654 900 1763 955 τῶν
1782 900 1876 954 δύο

287 989 538 1059 λέγεται,
589 990 782 1056 οὐσία,
825 993 1107 1066 οὐδέτερον
1160 992 1219 1046 δὲ
1267 992 1449 1047 αὐτῶν
1502 993 1620 1047 ἐστι
1669 992 1876 1065 κυρίως

289 1083 522 1153 πρᾶγμα
563 1083 988 1153 αὒθύπαρκτονο
1034 1086 1067 1155 ὴ
1110 1085 1209 1156 μὲν
1253 1085 1364 1156 γὰρ
1400 1083 1502 1156 ὕλη
1533 1085 1705 1139 δεῖται
1737 1083 1875 1157 πρὸς

294 1170 530 1241 ὕπαρξιν
560 1173 656 1226 καὶ
687 1173 1001 1246 φανέρωσιν
1018 1173 1119 1244 τῆς
1144 1173 1411 1228 είδοποιοῦ
1436 1174 1653 1239 οὐσίας’
1688 1176 1785 1228 καὶ
1814 1174 1878 1229 τὺ

292 1258 432 1326 εἶδος
463 1262 557 1329 δὲ,
597 1264 649 1317 εί
677 1265 772 1317 καὶ
821 1263 897 1334 μὴ
936 1263 1233 1331 ὡσαύτως,
1268 1264 1385 1319 ἀλλ’
1425 1260 1521 1320 οὖν
1547 1267 1722 1319 δεῖται
1780 1265 1878 1319 καὶ⁵

291 1355 430 1409 αὐτὸ
474 1354 576 1425 τῆς
620 1356 811 1427 ὑλικῆς
836 1355 1060 1422 οὐσίας,
1100 1356 1187 1426 ἐφ’
1233 1352 1278 1424 ᾧ
1311 1356 1515 1429 ἵδρυμα
1562 1358 1749 1413 λαϐεῖν
1782 1358 1879 1413 καὶ

297 1444 457 1515 βασιν
478 1462 495 1477 ·
526 1447 795 1514 ἑκατέραν
822 1447 881 1500 δὲ
910 1446 1115 1501 τούτων
1140 1446 1235 1500 τοῦ
1260 1448 1490 1517 φυσικοῦ
1521 1450 1638 1504 ἐστι
1662 1448 1881 1503 διασκέ-

293 1537 527 1607 ψασθαι.
555 1539 677 1591 Ἔτι
703 1538 759 1593 δὲ
782 1539 940 1593 οὐσία
962 1539 1179 1608 λέγεται
1201 1541 1299 1594 καὶ
1320 1542 1354 1612 ἠ
1379 1540 1627 1595 ὁπωσοῦν
1646 1542 1878 1596 ἑκάστου

295 1628 406 1682 τῶν
433 1628 607 1682 ὄντων
631 1627 873 1700 ζιπαρξίς
904 1646 964 1683 τε
990 1631 1084 1685 καὶ
1109 1631 1366 1694 οὐσίωσις
1388 1673 1402 1696 ,
1429 1631 1552 1702 ἣτις
1583 1631 1697 1702 ἔχει
1727 1632 1879 1685 ἀντι-

1973 439 2181 511 aliquid
2208 440 2277 495 de
2320 454 2385 495 ea
2427 438 2612 494 dicere
2655 435 3037 501 instituerunt,
3078 434 3135 491 id
3174 433 3555 506 neglexerunt.

1975 533 2194 590 Etenim
2233 532 2342 588 alio
2372 531 2605 587 omnino
2642 528 2809 585 modo
2850 526 3159 584 substantia
3197 536 3429 584 vocatur
3462 541 3560 582 su-

1974 625 2458 696 persubstantialis
2495 632 2661 694 atque
2700 621 3091 681 exsistentium
3125 634 3312 678 rerum
3353 618 3562 692 produ-

1974 720 2118 777 ctrix
2149 716 2500 785 substantia;
2552 717 2714 788 cujus
2757 714 3133 773 consideratio
3174 727 3286 770 non
3320 716 3387 771 ad
3418 731 3561 787 prae-

1975 819 2209 875 sentem,
2253 824 2441 864 verum
2489 808 2558 864 ad
2601 808 2835 879 primam
2873 806 3110 877 pertinet
3149 805 3559 878 philosophiam

1976 906 2080 978 (sc.
2145 902 2582 974 metaphysicam
2651 915 2749 954 seu
2805 896 3135 969 theologiam
3198 899 3560 968 naturalem).

1975 996 2100 1051 Alio
2145 1009 2279 1051 vero
2337 994 2504 1048 modo
2558 990 2786 1046 materia
2841 988 3043 1046 dicitur
3108 989 3462 1055 substantia,
3509 998 3567 1045 et

1977 1087 2088 1142 alio
2132 1101 2356 1141 rursum
2385 1093 2550 1156 pacto
2581 1080 2887 1138 inlormans
2928 1090 2983 1137 et
3031 1080 3356 1153 specilicans
3397 1088 3569 1135 mate-

1977 1179 2117 1235 riam
2161 1177 2377 1245 forma;
2414 1192 2606 1231 verum
2646 1185 2944 1244 utrumque
2982 1174 3205 1245 quidem
3252 1175 3563 1231 substantia

1979 1271 2202 1335 dicitur,
2246 1282 2504 1324 neutrum
2535 1282 2665 1323 vero
2699 1266 2921 1338 proprie
2948 1277 3035 1322 est
3057 1282 3146 1323 res
3170 1281 3267 1338 per
3292 1280 3352 1323 se
3387 1267 3565 1324 subsi-

1980 1372 2153 1417 stens.
2192 1359 2326 1415 Nam
2365 1359 2593 1414 materia
2629 1356 2698 1411 ad
2721 1356 3101 1414 exsistentiam
3143 1364 3200 1413 et
3237 1358 3562 1415 manifesta-

1984 1454 2187 1509 tionem
2240 1452 2448 1523 indiget
2496 1451 2805 1508 substantia
2851 1451 3199 1522 speciﬂcante
3237 1456 3292 1505 et
3334 1451 3563 1520 species,

1982 1547 2091 1602 etsi
2120 1561 2227 1601 non
2253 1545 2445 1600 eodem
2479 1544 2666 1609 modo,
2699 1554 2882 1598 tamen
2915 1553 2970 1598 et
2997 1543 3112 1613 ipsa
3151 1540 3360 1614 indiget
3390 1550 3565 1597 mate-

1984 1638 2471 1701 rialisubstantia,
2513 1637 2572 1694 in
2622 1652 2730 1707 qua
2780 1635 3080 1691 collocetur
3113 1644 3168 1690 et
3192 1635 3563 1699 sustineatur;

296 1720 553 1792 κείμενον
583 1720 644 1773 τὸ
676 1720 751 1792 μὴ
781 1720 841 1774 όν
863 1738 877 1752 ·
912 1723 976 1775 οὐ
1017 1722 1144 1794 μὴν,
1179 1722 1317 1777 ἀλλὰ
1347 1723 1565 1792 λέγεται
1607 1722 1772 1777 πάλιν
1791 1725 1882 1777 οὐ-

1992 1730 2037 1784 in
2083 1737 2377 1798 utramque
2427 1742 2555 1784 vero
2596 1725 2788 1781 barum
2830 1724 3134 1795 inquirere,
3182 1723 3250 1777 ad
3280 1722 3564 1794 physicum

296 1814 392 1867 σία
423 1815 541 1877 τοῖς
570 1813 871 1878 πολιτικοῖς
909 1814 943 1886 ἡ
970 1816 1206 1869 ἑκάστου
1230 1816 1341 1869 τῶν
1375 1816 1674 1887 κτημάτων
1700 1832 1762 1870 τε
1789 1818 1885 1870 καὶ

298 1905 599 1978 χρημάτων
643 1906 931 1977 περιοσσία
975 1907 1071 1962 καί¹
1109 1907 1364 1980 ὖπαρξις.
1400 1906 1764 1978 Τοσαυταχῶς
1788 1905 1888 1962 οὖν

305 1986 447 2059 τέως
473 1996 575 2067 τῆς
604 1997 794 2061 οὐσίας
827 1998 1150 2070 λεγομένης,
1182 1999 1411 2071 οὐδεμία
1437 2000 1548 2055 τῶν
1578 2001 1887 2072 εἰρημένων

297 2086 569 2157 οὐμενοῦν
591 2087 653 2140 οὐ
675 2086 899 2141 δύναται
927 2088 1232 2161 κατηγορία
1264 2085 1406 2142 εῐναι
1429 2088 1463 2160 ἢ
1494 2086 1883 2158 δνομάζεσθαν

297 2178 417 2232 ἀλλ’
461 2180 496 2250 ἠ
553 2179 653 2250 μὲν
700 2180 808 2234 τῶν
860 2180 1030 2234 όντων
1072 2179 1369 2251 συνεκτικὴ
1414 2182 1509 2234 καὶ
1562 2179 1887 2252 ὑπερούσιος

293 2269 459 2323 οὐσία
485 2271 562 2334 ὡς
599 2269 783 2341 πολλῷ
818 2271 1084 2341 κρείττων
1115 2270 1232 2325 τῶν
1274 2270 1536 2325 τοιούτων
1564 2270 1761 2341 φωνῶν
1792 2268 1888 2323 καὶ

296 2361 657 2431 ἐννοημάτων
697 2362 1108 2434 καθισταμένη,
1146 2361 1349 2433 μᾶλλον
1399 2360 1460 2417 δὲ
1486 2361 1563 2426 ὡς
1609 2362 1889 2434 ὁπερὸολῇ

298 2451 532 2524 ἀρρήτῳ
570 2451 887 2524 ὲὶὶῖιιτοημένη
914 2470 976 2507 τε
1016 2454 1111 2509 καὶ
1153 2452 1593 2524 ὑπεριδρυμλνη·
1622 2453 1659 2522 ἡ
1698 2452 1757 2506 δὲ
1788 2450 1889 2523 ὕλη

300 2543 489 2595 καὶτὸ
527 2536 666 2605 εἶδος
705 2541 780 2605 ὡς
808 2541 886 2613 νῷ
918 2543 1066 2615 μόνῳ
1094 2543 1277 2616 ληπτὰ
1305 2543 1403 2598 καὶ
1446 2545 1505 2597 ὲν
1532 2544 1659 2607 τοῖς
1704 2539 1893 2595 συνθέ-

301 2628 427 2699 τοιέ
460 2634 750 2706 θεωρητὰ,
794 2635 1047 2707 ἐνεργείᾳ
1074 2636 1133 2690 δὲ
1170 2636 1268 2691 καὶ
1303 2635 1541 2707 ὑπάρξει
1589 2635 1710 2689 κατ’
1757 2634 1893 2691 ίδίαν

295 2728 405 2799 οὐχ
433 2729 758 2799 ὑφεστῶτα*
791 2729 901 2782 τῶν
926 2729 984 2783 δὲ
1016 2728 1194 2784 ἄλλων
1224 2729 1420 2800 φωνῶν
1451 2729 1489 2800 ἡ
1518 2728 1618 2798 μὲν
1655 2729 1783 2791 ἴσως
1813 2728 1896 2792 ὡς

300 2819 637 2886 πολιτικοῖς,
673 2820 791 2875 ἀλλ’
831 2820 892 2874 οὐ
941 2819 1253 2889 φιλοσόφοις
1299 2820 1514 2885 οἰκεία,
1548 2821 1582 2891 η
1611 2819 1667 2873 δὲ
1695 2818 1774 2883 ὡς
1800 2819 1895 2873 οὑ-

299 2912 396 2966 δὲν
412 2910 750 2981 τεταγμένον
774 2912 872 2964 καὶ
887 2910 1223 2982 ὡρισμένον,
1248 2909 1365 2965 ἀλλ’
1388 2909 1696 2981 ὁμωνύμως
1717 2909 1895 2964 πάντα

297 3003 580 3076 δηλοῦσα·
627 3002 885 3075 διέστηκε
929 3002 990 3057 δὲ
1033 3002 1217 3072 πολλῷ
1262 3001 1571 3074 κατηγορία
1616 3003 1714 3056 καὶ
1748 3003 1897 3072 όμωο

301 3096 499 3168 νυμία.

1987 1830 2223 1894 spectat.
2254 1820 2528 1877 Praeterea
2560 1818 2871 1875 substantia
2923 1817 3124 1872 dicitur
3159 1817 3323 1871 etiam
3370 1817 3567 1870 unius-

1986 1915 2253 1985 cujusque
2320 1914 2711 1970 exsistentium
2780 1910 3196 1981 quomodolibet
3246 1908 3569 1969 exsistentia

1986 2016 2038 2063 et
2077 2006 2335 2069 essentia.
2374 2019 2498 2075 quae
2527 2002 2840 2074 appositum
2869 2003 3031 2057 habet
3062 2002 3115 2055 id
3146 2003 3293 2071 quod
3328 2015 3438 2055 non
3462 2009 3566 2057 est.

1989 2095 2184 2151 Adhuc
2218 2104 2402 2150 autem
2440 2094 2685 2165 politicis
2718 2108 2942 2149 rursum
2991 2091 3299 2147 substantia
3346 2091 3567 2159 dicitur,

1990 2184 2256 2255 quidquid
2296 2182 2629 2255 praediorum
2666 2185 2751 2238 vel
2794 2196 3149 2237 nummorum
3189 2180 3421 2251 quilibet
3446 2196 3574 2251 pos-

1991 2276 2154 2334 sidet.
2210 2276 2348 2332 Cum
2395 2276 2565 2348 igitur
2611 2283 2690 2331 tot
2732 2275 2914 2349 modis
2961 2274 3271 2331 substantia
3316 2273 3570 2339 dicatur,

1992 2367 2140 2421 nulla
2192 2381 2258 2421 ex
2304 2367 2581 2437 praedictis
2628 2365 2745 2421 ullo
2787 2364 2951 2420 modo
2993 2364 3269 2433 categoria
3305 2377 3430 2419 esse
3484 2361 3573 2418 vel

1993 2460 2258 2530 appellari
2310 2460 2529 2532 potest;
2568 2457 2664 2513 sed
2711 2457 3023 2513 substantia
3063 2469 3249 2512 rerum
3288 2468 3576 2512 conserva-

1995 2553 2103 2606 trix
2133 2561 2188 2606 et
2218 2551 2766 2620 supersubstantialis
2802 2548 2976 2604 multo
3009 2547 3098 2602 his
3126 2546 3354 2601 vocibus
3379 2555 3435 2601 et
3473 2559 3577 2601 ηοσ-

1995 2641 2239 2696 tionibus
2290 2640 2582 2695 sublimior
2629 2638 2868 2701 exsistit,
2921 2636 3034 2691 imo
3079 2633 3295 2689 inﬁnito
3342 2648 3575 2690 excessu

1993 2746 2093 2786 eas
2121 2741 2344 2801 superat
2371 2744 2648 2801 superque
2679 2743 2776 2785 eas
2807 2728 3095 2794 elevatur;
3120 2725 3345 2780 materia
3374 2738 3503 2779 vero
3524 2734 3577 2779 et

1996 2823 2205 2890 species
2253 2829 2316 2876 ut
2358 2821 2479 2876 sola
2524 2832 2708 2876 mente
2741 2829 3001 2890 percepta
3048 2826 3106 2872 et
3142 2817 3199 2870 in
3254 2814 3578 2885 compositis

1998 2912 2299 2979 intellecta,
2344 2912 2661 2983 operatione
2707 2920 2761 2967 et
2805 2911 3028 2983 propria
3068 2908 3427 2966 subsistentia
3466 2922 3577 2962 nou

1999 3005 2359 3061 subsistentia
2388 3006 2679 3077 categorias
2703 3020 2812 3061 non
2842 3014 3001 3071 sunt;
3036 3003 3372 3073 reliquarum
3392 3009 3577 3057 autem

1918 3090 1966 3153 C
1995 3111 2192 3151 vocum
2226 3098 2399 3153 altera
2435 3098 2673 3170 politicis
2723 3096 2977 3163 fortasse,
3016 3109 3125 3150 non
3169 3106 3300 3149 vero
3336 3091 3580 3163 philoso-

299 3186 434 3257 phis
481 3196 751 3245 consueta
798 3195 855 3243 et
888 3185 1113 3258 propria
1163 3195 1280 3253 est;
1330 3180 1502 3241 altera
1541 3193 1725 3240 autem
1800 3185 1937 3240 nihil
1974 3186 2395 3245 determinatum
2436 3196 2490 3246 et
2520 3188 2843 3253 definitum,
2899 3187 2995 3243 sed
3039 3184 3320 3257 aquivoce
3393 3180 3579 3237 omnia

302 3282 623 3353 signiﬁcat;
692 3280 925 3337 multum
982 3294 1114 3335 vero
1158 3277 1422 3335 diﬂ‘erunt
1474 3277 1791 3348 praedicatio
1840 3287 1899 3333 et
1934 3281 2315 3351 aequivocatio.
3529 3270 3541 3279 ’

384 3375 451 3447 β’.
487 3372 651 3448 Παρὰ
697 3375 883 3446 μέντοι
912 3373 983 3429 τὰ
1027 3373 1313 3447 εἰρημέναο
1337 3373 1555 3440 λέγεται
1601 3372 1763 3427 οὐσία
1796 3375 1890 3428 καὶ

303 3472 423 3524 πᾶν
451 3472 590 3543 ὅπερ
634 3470 783 3525 ἐστὶν
812 3467 1216 3525 αὑτοσύστατον
1240 3466 1378 3539 (ει),
1403 3459 1467 3520 οῦ
1498 3466 1705 3521 καὶτὸν
1736 3467 1893 3536 λόγον

302 3564 542 3629 εἰκότως
575 3563 642 3618 ἂν
681 3580 765 3627 τις
812 3561 1039 3632 ἀποδοίη
1083 3562 1319 3632 πρᾶγμα
1350 3555 1491 3615 εἶναι
1538 3559 1716 3630 λέγων
1758 3560 1891 3614 αὐθ-

302 3663 596 3733 ύπαρκτον
621 3658 695 3733 μὴ
714 3658 969 3731 δεόμενον
991 3658 1181 3731 ἑτέρου
1201 3659 1338 3732 πρὸς
1364 3657 1479 3731 (‘25)
1500 3656 1756 3729 ὓπαρξιν,
1782 3652 1897 3711 οἷον

305 3753 623 3824 ἅνθρωπος,
659 3751 807 3823 βοῦς,
829 3750 963 3822 πῦρ,
1005 3750 1102 3821 γῆ,
1133 3751 1227 3804 καὶ
1253 3750 1323 3805 τὰ
1348 3751 1530 3821 ὃμοια,
1571 3746 1895 3828 Ἦσοιαύτη

301 3846 372 3901 δὲ
401 3844 558 3898 οὐσία
580 3843 676 3897 καὶ
695 3843 795 3914 τὴν
817 3845 916 3913 τῆς
946 3841 1279 3913 κατηγορίας
1310 3840 1513 3895 δύναιτ’
1542 3840 1609 3895 ἂν
1638 3838 1896 3903 δέξασθαι

304 3938 633 4010 ὀνομασίαν,
670 3937 779 3990 τῶν
816 3936 875 3990 δὲ
913 3936 1335 4007 προειρημένων
1359 3935 1523 4005 δῆλον
1550 3933 1627 3997 ὡς
1672 3933 1735 3987 οὐ
1770 3932 1890 4003 μία.

306 4032 536 4101 Ταύτης
570 4031 628 4084 δὲ
676 4030 777 4100 τῆς
825 4026 920 4083 νῦν
954 4026 1354 4098 ἀποδεδομένης
1380 4014 1577 4090 οὐσίας
1617 4028 1650 4097 ἡ
1695 4026 1795 4097 μὲν
1836 4023 1897 4091 ἐξ

309 4124 452 4193 ὕλης
483 4125 575 4176 καὶ
614 4121 790 4183 εἴδους
821 4120 1172 4189 συνέστηκεν,
1202 4120 1236 4189 ἡ
1284 4118 1341 4171 δὲ
1378 4117 1511 4188 ὕλης
1557 4118 1670 4187 μὲν·
1692 4118 1785 4170 καὶ
1816 4117 1896 4169 εἴ-

305 4216 439 4279 δους
460 4214 820 4286 ἠλλοτρίωται
847 4255 862 4279 ,
894 4211 955 4277 ἐξ
986 4210 1250 4279 ἀναλόγου
1284 4210 1340 4263 δὲ
1369 4209 1579 4273 τούτοις
1604 4211 1701 4279 τὴν
1734 4208 1901 4278 φύσιν

310 4309 434 4378 ἔχει
457 4307 569 4377 (26)
596 4305 1073 4377 συνηρμοσμένην
1103 4302 1198 4355 καὶ
1217 4301 1421 4371 ταύτης
1444 4302 1479 4372 ἡ
1508 4301 1606 4371 μὲν
1636 4302 1755 4354 κατ’
1781 4303 1900 4355 ἐπι-

311 4404 484 4475 ϐολὴν
518 4404 613 4457 καὶ
644 4402 840 4473 ἀθρόον
871 4400 1114 4470 ἐνεργεῖ,
1150 4396 1226 4460 ὡς
1259 4395 1508 4465 ἀγγέλων
1552 4395 1713 4465 φύσις
1734 4437 1749 4462 ,
1780 4391 1901 4450 εἶτα

311 4495 419 4548 καὶ
450 4493 603 4557 νοῦς·
644 4494 678 4563 ἡ
719 4492 777 4546 δὲ
821 4490 958 4562 μετὰ
988 4505 1134 4553 τινος
1177 4488 1446 4558 κινήσεως
1490 4486 1588 4550 τὰς
1622 4486 1901 4555 ἐνεργείας

309 4587 437 4657 ἔχει
480 4584 867 4657 προαγομένας
887 4622 904 4647 ,
942 4580 1018 4642 ὡς
1058 4580 1240 4651 ψυχή·
1286 4573 1365 4633 ὢν
1389 4579 1438 4631 εί
1467 4579 1560 4633 καὶ
1581 4578 1836 4648 διάφορος
1867 4578 1901 4648 ἠ

2061 3378 2117 3437 2.
2152 3378 2355 3435 Prarter
2393 3387 2575 3435 tamen
2622 3378 2768 3435 dicta
2814 3375 3116 3432 substantia
3173 3374 3376 3431 dicitur
3412 3373 3577 3428 etiam

1993 3489 2155 3529 omne
2186 3473 2331 3544 quod
2363 3483 2447 3529 est
2486 3489 2583 3545 per
2619 3486 2679 3527 se
2727 3468 3057 3525 subsistens.
3103 3465 3276 3537 Hujus
3308 3468 3579 3522 rationein

1994 3575 2142 3622 recte
2189 3564 2315 3635 quis
2356 3566 2721 3636 assignaverit
2764 3564 2953 3620 dicens
2979 3605 2994 3631 ,
3044 3580 3158 3619 rem
3202 3579 3323 3618 esse
3373 3577 3470 3633 per
3521 3577 3581 3618 se

1997 3660 2421 3727 subsistentem,
2472 3674 2581 3712 nou
2625 3657 2955 3728 indigentem
3010 3654 3118 3710 alio
3164 3655 3231 3709 ad
3270 3655 3579 3710 subsisten-

1996 3752 2151 3815 tiam;
2178 3767 2231 3805 v.
2265 3766 2345 3822 gr.
2373 3750 2563 3816 homo,
2583 3748 2704 3815 bos,
2733 3749 2897 3818 ignis,
2923 3756 3064 3801 terra
3086 3756 3138 3800 et
3166 3744 3384 3820 similia.
3417 3744 3581 3813 Ejus-

1998 3846 2146 3901 modi
2193 3843 2496 3901 substantia
2545 3842 2706 3897 etiam
2758 3840 3046 3911 categorire
3083 3836 3579 3893 denominatiunem

2000 3935 2278 4004 suscipere
2299 3930 2519 4003 poterit,
2550 3930 2931 4001 praedictarum
2969 3941 3097 3982 vero
3122 3926 3297 3989 nulla,
3328 3936 3385 3979 ut
3411 3934 3576 3994 patet.

2001 4024 2333 4081 Substantia:
2371 4037 2537 4088 vero,
2573 4022 2640 4076 de
2674 4020 2874 4091 quibus
2914 4032 3059 4072 nunc
3092 4018 3307 4085 agitur,
3348 4014 3469 4068 alia:
3510 4028 3577 4067 ex

2002 4117 2229 4172 materia
2257 4124 2311 4169 et
2335 4113 2511 4167 forma
2542 4113 2873 4176 consistunt,
2904 4109 3025 4163 alia:
3053 4122 3179 4162 vero
3207 4121 3238 4161 a
3278 4104 3502 4159 materia
3524 4113 3581 4158 et

2002 4210 2178 4268 forma
2214 4210 2371 4276 longe
2402 4206 2637 4268 absunt,
2671 4220 2735 4258 ex
2775 4211 2971 4256 natura
3024 4208 3201 4254 tamen
3234 4198 3319 4252 his
3350 4209 3580 4266 respon-

2000 4303 2163 4357 dente
2216 4298 2554 4355 concinnataa
2585 4304 2732 4350 sunt.
2780 4295 2958 4361 Atque
2994 4307 3060 4346 ex
3105 4291 3190 4344 his
3221 4289 3327 4343 alia
3357 4288 3579 4357 quidem

2002 4391 2057 4445 in
2086 4388 2311 4444 instanti
2346 4396 2400 4441 et
2446 4400 2557 4439 uno
2594 4384 2794 4451 impetu
2842 4390 3125 4451 operatur,
3176 4389 3235 4431 ut
3262 4376 3578 4445 angelorum

2004 4492 2221 4547 natura,
2255 4480 2452 4535 deinde
2491 4491 2679 4541 meus;
2712 4475 2815 4528 alia
2852 4488 2980 4526 \ero
3010 4486 3134 4526 cum
3163 4469 3401 4539 quodam
3430 4476 3580 4521 motu

2006 4572 2170 4627 habet
2200 4562 2563 4640 'operationes
2612 4580 2742 4620 suas
2794 4563 3237 4635 progredientes,
3286 4556 3577 4615 utanima.

317 4650 583 4751 ἐνέργεια
632 4650 724 4731 uel
752 4678 786 4747 ὴ
820 4674 1052 4745 ῦπαρξις
1100 4650 1215 4727 ἀλλ’
1248 4666 1343 4727 οῦν
1388 4670 1567 4725 κοινὸν
1614 4669 1797 4731 αὐτοῖς
1842 4669 1904 4721 τὸ

2008 4667 2251 4733 Quarum
2298 4663 2424 4718 licet
2460 4662 2677 4717 diversa
2723 4660 2792 4712 sit
2839 4654 3085 4726 operatio
3128 4663 3182 4708 et
3222 4650 3582 4713 exsistentia,

311 4766 464 4823 εἷναί
492 4784 551 4820 τε
592 4767 688 4820 καὶ
718 4764 1001 4820 καλεῖσθαι
1041 4763 1341 4831 ἀσώματαο
1371 4761 1471 4814 ὃσα
1500 4759 1611 4830 γὰρ
1633 4759 1732 4829 τῆς
1767 4757 1901 4827 ὕλης

308 4863 417 4918 καὶ
464 4860 562 4914 τοῦ
613 4860 801 4915 ἑνύλου
854 4858 1031 4921 είδους
1081 4854 1525 4925 ἁνακεχώρηκεν,
1571 4853 1650 4914 εἰς
1680 4850 1770 4903 τὸν
1802 4848 1899 4902 τοῦ

309 4954 619 5026 ἀσωμάτου
647 4954 805 5023 λόγον
836 4949 1178 5025 μεταϐέϐηκε
1198 4963 1212 4977 ο
1245 4947 1349 5002 κᾶν
1383 4945 1490 5017 γὰρ
1535 4944 1672 5015 πρὸς
1710 4942 1770 4995 τὸ
1803 4958 1898 4994 κυ-

309 5048 463 5119 ρίως
493 5047 587 5099 καὶ
619 5043 852 5117 πρώτως
897 5042 957 5098 ὂν
989 5040 1281 5112 ἀσώματόν
1321 5055 1383 5092 τι
1431 5038 1529 5092 καὶ
1576 5034 1899 5108 ὐπερούσιον

313 5139 582 5209 ἀγαπῶσι
608 5137 784 5191 ταῦτα
813 5134 975 5207 σῶμα
1005 5150 1069 5203 γε
1105 5135 1195 5188 καὶ
1226 5127 1365 5185 εἷναι
1398 5132 1492 5185 καὶ
1518 5127 1900 5200 ὀνομάζεσθαι,

312 5231 445 5291 ἀλλ’
485 5231 579 5288 οὖν
607 5231 707 5305 τὴν
737 5230 922 5286 ενυλον
960 5229 1053 5283 καὶ
1094 5226 1417 5298 σωματικὴν
1440 5222 1771 5293 διαφυγόντα
1795 5237 1902 5276 πα-

2006 4767 2246 4814 attamen
2277 4769 2569 4809 commune
2597 4752 2730 4822 ipsis
2762 4758 2847 4806 est
2876 4762 2930 4804 et
2960 4763 3083 4804 esse
3107 4756 3164 4801 et
3191 4744 3296 4801 dici
3326 4744 3584 4813 incorpo-

2006 4863 2121 4901 rea.
2156 4844 2506 4915 Quaecunque
2554 4841 2701 4895 enim
2731 4846 2920 4903 carent
2954 4834 3183 4891 materia
3215 4840 3271 4889 et
3306 4830 3579 4886 materiali

2006 4940 2208 5003 forma,
2238 4954 2301 4993 ea
2346 4940 2417 4993 ad
2453 4937 2906 5004 incorporearum
2952 4929 3220 4984 rationem
3260 4932 3581 4990 transeunt;

2003 5032 2136 5088 licet
2159 5030 2304 5085 enim
2335 5044 2459 5085 cum
2488 5043 2557 5083 eo
2582 5026 2727 5095 quod
2756 5022 2977 5095 proprio
3010 5030 3066 5077 et
3097 5019 3360 5092 primario
3390 5026 3474 5072 est
3496 5014 3585 5071 in-
3680 5029 3685 5033 ‘

2009 5135 2335 5194 corporeum
2396 5129 2451 5175 et
2496 5114 3021 5189 supersubstanliale
3079 5117 3403 5183 comparata
3468 5108 3586 5162 hac

2011 5228 2234 5287 quoque
2279 5225 2478 5280 corpus
2523 5206 2739 5265 censeri
2792 5219 2859 5261 ac
2907 5203 3015 5262 dici
3045 5203 3306 5270 debeant,
3339 5205 3584 5255 attamen

1830 5398 2068 5459 HOTIE.
2120 5422 2129 5431 ·

399 5599 515 5673 (9.4)
552 5594 794 5673 ξίσνσῑ.
821 5589 1199 5673 ApogrLVen.
1234 5587 1693 5673 ιιιὺθυπόστοιτον,ι
1724 5660 1799 5673 μ.
1840 5650 1894 5673 ε-

2009 5576 2131 5634 cod.
2168 5573 2293 5630 Vat.

2084 5646 2193 5673 nam
2231 5646 2321 5673 αξη
2350 5653 2494 5673 ..λη-Α
2518 5640 2621 5673 Vas
2672 5640 2787 5673 Pas:

404 5637 517 5745 {51:35
547 5637 1199 5742 ἤῑδς’;ῑὲεξινῑηο·νεὶιῑίῑ
1235 5637 1572 5731 εῖρδέπωιδέ
1593 5637 1693 5713 ἐρα
1719 5660 1802 5710 est
1840 5650 1899 5708 in

2084 5646 2195 5717 I26)
2231 5646 2322 5705 Sic
2349 5653 2495 5703 recte
2518 5640 2642 5701 Vat.
2672 5639 2836 5700 Catil.
2868 5639 2970 5713 Ap.
2997 5637 3160 5711 ἔχειν.

692 5785 966 5850 Ρλτιιοι.
1005 5779 1125 5843 Gn.
1209 5776 1303 5841 Cl.

3263 5748 3344 5813 25
