3908 6214
342 255 443 321 771

1500 254 1764 316 PHOTII
1806 251 2308 315 ΡΑΤΒΙΑΒΟΗΑΞ
2338 253 2446 312 CP.

3500 241 3611 306 772

331 391 457 432 cum
518 373 853 429 materialem
906 387 970 429 ac
1014 387 1335 445 corpoream
1399 374 1708 430 crassitiem
1786 372 1919 427 effu-

2029 371 2235 441 χύτητα
2280 371 2346 439 τῇ
2388 366 2483 420 τοῦ
2527 365 2694 421 ἁΰλου
2726 363 2887 433 φύσει
2926 358 3324 415 συνοικειοῖηαι
3374 358 3471 412 καὶ
3499 357 3613 412 τῶν

331 469 503 538 giant,
542 474 751 521 natura
789 480 968 520 rerum
1005 465 1445 521 immaterialium
1476 474 1530 520 et
1565 466 1917 534 incorporeo-

332 574 452 613 rum
490 567 891 621 accensentur;
924 572 1112 611 verum
1147 558 1250 613 hoc
1308 557 1540 613 alterius
1593 572 1658 611 ac
1688 555 1917 625 profun-

329 646 502 701 dioris
565 645 964 719 disputationis
1008 653 1113 699 est.
1174 643 1329 711 Quod
1394 658 1525 700 vero
1575 653 1783 713 spectat
1848 642 1915 697 ad

331 733 695 789 substantiam
730 748 793 788 ex
832 732 1057 786 materia
1094 741 1146 787 et
1180 730 1355 786 forma
1389 732 1775 801 compositam,
1812 731 1917 785 alia

328 829 413 897 est
449 818 774 883 uniformis,
820 835 982 889 quam
1032 830 1086 874 et
1119 820 1421 889 simplicem
1459 820 1731 890 appellare
1775 820 1919 875 sole-

330 927 493 975 mus,
540 912 644 966 alia
675 927 805 967 vero
856 911 1239 978 multiformis,
1270 927 1433 982 quam
1474 922 1527 966 et
1560 912 1918 982 compositam

333 1003 551 1074 prepric
582 1019 989 1074 nuncuparnus.
1024 1005 1258 1059 liursum
1294 1004 1569 1073 simplices
1600 1004 1920 1058 substantia

330 1095 453 1148 alia
484 1104 615 1149 sunt
645 1110 765 1165 qua
797 1104 944 1149 recte
977 1093 1419 1165 progrediuntur,
1451 1095 1570 1149 alia
1596 1112 1719 1164 qua
1749 1095 1801 1149 in
1829 1109 1920 1149 or-

327 1186 453 1243 bern
497 1188 858 1259 rediguntur;
909 1203 975 1242 ex
1027 1188 1111 1244 his
1141 1202 1269 1243 vero
1316 1188 1609 1258 postremis
1637 1188 1759 1242 alia
1790 1202 1911 1241 mo-

335 1288 450 1334 tum
480 1280 550 1335 ab
576 1281 787 1334 oriente
812 1278 865 1333 in
904 1280 1244 1334 occidentem
1272 1279 1587 1350 perficiunt,
1617 1286 1677 1332 ut
1708 1278 1918 1348 sphara

331 1388 455 1441 qua
486 1373 687 1428 dicitur
718 1388 825 1427 non
870 1374 1082 1427 stellata
1113 1383 1167 1426 et
1200 1374 1434 1441 ipsamet
1469 1372 1698 1425 lixarum
1737 1370 1921 1425 stella-

328 1481 452 1519 rum
507 1465 762 1535 sphaera;
830 1465 949 1519 alia
1006 1480 1037 1519 e
1092 1476 1359 1518 converso
1412 1463 1480 1517 ab
1529 1462 1814 1518 occidente
1866 1462 1918 1517 in

328 1559 592 1613 orientem
618 1559 916 1612 motionem
953 1556 1178 1618 faciunt,
1207 1565 1265 1609 ut
1288 1571 1410 1625 quae
1430 1554 1688 1609 dicuntur
1710 1566 1916 1626 septem

328 1648 673 1715 planetarum
706 1646 934 1714 sphara
960 1658 975 1696 :
998 1644 1426 1698 substantiarum
1458 1656 1609 1710 vero,
1627 1659 1747 1714 qua
1774 1653 1919 1698 recte

2027 464 2368 535 ἀσωμάτων·
2402 460 2536 514 ἀλλὰ
2581 457 2743 512 τοῦτο
2791 456 2891 527 μὲν
2942 454 3132 526 ἐτέρου
3166 454 3262 507 καὶ
3306 452 3611 522 βαθυτέρω

2025 557 2205 625 λόγου.
2251 555 2363 623 Τῆς
2409 552 2467 606 δέ
2506 568 2570 620 γε
2622 549 2682 616 ἐξ
2718 548 2850 619 ὕλης
2896 547 2990 601 καὶ
3024 546 3203 608 εῐδους
3236 546 3615 613 συγκειμένης

2026 646 2214 711 οὐσίας
2240 646 2274 715 ἡ
2310 646 2410 714 μέν
2432 646 2549 697 ἐστι
2579 640 2883 712 μονοειδὴς.
2915 641 2982 707 ἥν
3008 638 3103 693 καὶ
3130 636 3308 706 ἁπλῆν
3338 634 3613 701 εἰώθαμεν

2027 739 2242 792 καλεῖνο
2274 739 2308 808 ή
2338 737 2393 790 δὲ
2426 734 2712 805 πολυειδὴς
2734 774 2749 797 ,
2790 734 2858 803 ἣν
2890 733 2985 785 καὶ
3026 728 3283 784 σύνθετον
3314 727 3461 790 ίδίως
3503 743 3612 779 κα-

2028 830 2247 901 λοῦμεν.
2289 828 2451 883 Ἀλλὰ
2476 829 2579 899 τῆς
2612 825 2792 895 ἁπλῆς
2824 823 2988 877 πάλιν
3018 822 3209 884 οὐσίας
3240 821 3275 890 ὴ
3327 819 3427 890 μέν
3459 819 3611 871 ἐστιν

2031 920 2343 991 ἰθυφορικὴ,
2379 921 2412 989 ἠ
2436 919 2493 971 δέ
2523 914 2917 985 κυκλοφορικὴ,
2950 913 3044 967 καὶ
3071 912 3171 981 τῆς
3200 908 3609 978 κυκλοφορικῆς

2026 1014 2061 1082 ὴ
2100 1012 2197 1082 μὲν
2227 1009 2325 1080 τὴν
2359 1009 2453 1063 ἀπ’
2484 1007 2751 1076 ἀνατολῆς
2781 1005 2873 1058 ἐπὶ
2905 1003 3058 1057 δύσιν
3088 1002 3304 1073 κίνησιν
3330 1003 3570 1054 ποιεῖται
3589 1036 3607 1062 ,

2025 1102 2102 1165 ὡς
2134 1104 2167 1173 ή
2208 1101 2476 1172 λεγομένη
2513 1099 2781 1169 ἇναστρος
2818 1098 3054 1167 σφαῖρα,
3107 1095 3203 1148 καὶ
3243 1091 3382 1162 αὐτὴ
3421 1093 3455 1161 ἡ
3497 1090 3610 1144 τῶν

2027 1192 2314 1248 ἀπλάνων*
2352 1193 2386 1262 ὴ
2427 1192 2487 1245 δὲ
2512 1191 2571 1244 τὸ
2609 1188 2879 1244 ἀνάπαλιν
2902 1186 3010 1240 ἀπὸ
3051 1184 3259 1247 δύσεως
3296 1182 3384 1235 ἐπ’
3412 1183 3609 1236 ἀνατο-

2026 1285 2144 1357 λὴν,
2180 1284 2254 1348 ὡς
2298 1286 2353 1337 αἰ
2397 1283 2688 1351 λεγόμεναι
2712 1278 2821 1332 τῶν
2859 1278 3001 1331 ἑπτὰ
3032 1275 3403 1345 πλανωμένων
3444 1274 3610 1343 σφαῖ-

2031 1395 2153 1449 ραι·
2207 1378 2306 1445 τῆς
2353 1375 2410 1429 δέ
2458 1371 2778 1442 ἱθυφορικῆς
2802 1372 2836 1441 ὴ
2876 1370 2974 1439 μὲν
3013 1368 3123 1423 ἀπὸ
3153 1367 3249 1421 τοῦ
3291 1366 3457 1436 μέσου
3488 1366 3609 1432 ἦτοι

2027 1469 2120 1523 τοῦ
2155 1470 2306 1523 κάτω
2339 1468 2564 1538 φέρεται
2600 1466 2736 1537 πρὸς
2765 1464 2833 1517 τὰ
2866 1462 2999 1527 ἄνω,
3029 1463 3061 1530 ή
3102 1459 3159 1512 δὲ
3188 1456 3457 1511 ἀνάπαλιν
3497 1458 3608 1509 ἀπὸ

2026 1561 2135 1614 τῶν
2162 1561 2275 1615 ἇνω
2308 1559 2439 1627 πρὸς
2466 1558 2537 1611 τὰ
2577 1558 2729 1610 κάτω
2749 1570 2763 1585 θ
2810 1554 3057 1609 κάτωθεν
3098 1552 3198 1620 μὲν
3227 1548 3363 1620 πρὸς
3388 1548 3457 1600 τὰ
3494 1548 3608 1603 ἄνω

2027 1654 2158 1723 ἀὴρ,
2189 1651 2323 1723 πῦρ,
2354 1645 2429 1705 ὧν
2468 1650 2529 1703 τὸ
2573 1649 2685 1719 πῦρ
2735 1646 2871 1718 πρὸς
2899 1646 2991 1698 τὸν
3034 1642 3174 1714 ἀέρα
3203 1640 3459 1716 ξηρότητι
3492 1639 3607 1693 διαρ

328 1736 789 1807 progrediuntur,
838 1736 965 1790 alia
1001 1751 1029 1789 a
1069 1735 1245 1789 medio
1279 1736 1360 1789 vel
1402 1735 1471 1789 ab
1511 1736 1623 1790 imo
1668 1734 1919 1789 feruntur

2027 1742 2305 1796 στέλλεται
2325 1757 2337 1771 ”
2373 1741 2578 1795 ἄνωθεν
2605 1740 2663 1793 δὲ
2710 1739 2861 1793 κάτω
2892 1738 3037 1809 ὕδωρ
3065 1736 3159 1788 καὶ
3196 1734 3292 1804 γῆ,
3321 1727 3399 1787 ὧν
3433 1735 3469 1803 ὴ
3498 1732 3603 1803 φύ⁸

330 1828 398 1882 ad
429 1842 690 1898 superna,
724 1828 845 1882 alia
877 1842 908 1882 e
942 1842 1212 1882 converso
1248 1842 1278 1881 a
1314 1828 1571 1897 supernis
1598 1829 1665 1881 ad
1692 1826 1917 1882 inferio-

330 1935 423 1986 ra;
457 1920 525 1973 ah
553 1920 693 1973 infra
725 1920 791 1973 ad
824 1933 1061 1987 superna
1090 1919 1263 1971 fertur
1290 1933 1383 1972 aer
1408 1928 1463 1973 et
1493 1919 1654 1989 ignis,
1683 1933 1917 1988 quorum

331 2026 523 2076 unum,
562 2008 727 2078 ignis,
756 2008 825 2063 ab
870 2023 995 2063 aere
1039 2008 1284 2063 siccitate
1308 2007 1529 2075 differt;
1557 2009 1625 2061 ab
1660 2009 1769 2062 alto
1794 2024 1920 2063 vero

330 2101 398 2156 ad
424 2100 563 2155 infra
593 2101 768 2155 fertur
794 2116 934 2171 aqua
962 2110 1017 2155 et
1041 2109 1211 2167 terra,
1245 2098 1480 2173 quarum
1519 2113 1714 2158 natura
1740 2104 1920 2157 humi-

332 2196 501 2250 ditatc
533 2194 733 2249 differt.
765 2192 831 2247 Et
861 2194 997 2260 hac,
1031 2196 1266 2265 exempli
1295 2198 1467 2267 gratia
1488 2236 1503 2262 ,
1546 2195 1613 2249 de
1658 2196 1921 2251 substan-

332 2291 428 2357 tia,
480 2305 601 2361 qua
646 2290 874 2361 simplex
912 2289 1144 2353 dicitur,
1181 2288 1327 2345 dicta
1360 2300 1545 2346 sunto.
1574 2290 1919 2361 Composita.

331 2398 451 2436 rum
506 2396 635 2436 vero
688 2380 1118 2437 substantiarum
1172 2378 1279 2435 alia
1336 2388 1421 2435 est
1469 2381 1771 2449 sensitiva,
1815 2381 1920 2436 alia

329 2475 691 2539 insensitiva;
726 2474 988 2529 sensitiva
1038 2474 1257 2544 quidem
1296 2481 1384 2528 est
1408 2489 1471 2529 ea
1507 2489 1629 2544 qua
1668 2474 1921 2530 sensibus

330 2568 409 2622 uti
445 2576 569 2636 apta
590 2575 711 2633 est;
745 2565 1069 2620 insensitiva
1098 2580 1248 2628 vero,
1285 2580 1406 2636 qua
1438 2566 1558 2621 sine
1595 2565 1707 2621 ulla
1732 2580 1921 2621 sensa-

331 2656 482 2709 tione
517 2661 664 2708 recta
712 2660 829 2718 est;
882 2652 1048 2723 hujus
1098 2652 1321 2721 quidem
1357 2653 1462 2707 alia
1492 2669 1670 2723 neque
1701 2653 1920 2707 nutriti-

332 2762 453 2802 vam
485 2744 798 2800 facultatem
829 2744 978 2798 intus
1022 2744 1210 2809 habet,
1239 2752 1301 2799 ut
1327 2758 1484 2809 saxa,
1516 2744 1660 2814 ligna
1689 2750 1745 2798 et
1767 2725 1918 2813 qua-

330 2851 550 2906 cuuque
594 2835 944 2906 huiusmodi;
993 2836 1099 2889 alia
1136 2851 1265 2889 vero
1310 2851 1404 2905 per
1458 2836 1598 2890 hanc
1628 2836 1833 2907 regitur
1867 2842 1922 2890 et

331 2936 696 2993 sustentatur,
751 2927 897 2981 velut
936 2926 1134 2994 planta
1154 2968 1167 2987 .
1198 2925 1459 2997 virgulta,
1485 2925 1732 2996 gramina
1758 2937 1813 2981 et
1845 2924 1919 2981 si-

332 3016 503 3071 milia.
529 3015 661 3081 Qua
693 3031 822 3070 vero
846 3024 1099 3070 naturam
1127 3015 1287 3070 talem
1313 3016 1539 3079 habent,
1572 3023 1633 3070 ut
1663 3016 1917 3071 sensibus

332 3110 657 3183 utiqueant,
694 3109 1061 3184 ipsaquoque
1092 3108 1427 3169 differentias
1466 3111 1805 3181 suscipiunt;
1833 3107 1918 3164 vel
1943 3089 1996 3149 (ἶ

332 3208 479 3263 enim
510 3207 617 3259 vim
662 3207 1063 3277 progressivam
1097 3206 1298 3260 habent
1325 3215 1379 3259 et
1405 3204 1726 3259 animalium
1758 3213 1919 3257 natu-

332 3304 450 3352 rain
485 3296 847 3359 constituunt,
876 3296 961 3349 vel
1001 3310 1064 3349 ea
1098 3296 1382 3365 prirantur
1428 3303 1592 3364 atque
1623 3292 1921 3363 zoophyto-

334 3406 460 3445 rum
495 3390 863 3444 substantiam
903 3388 1178 3453 efficiunt,
1215 3388 1340 3443 talia
1377 3402 1505 3441 vero
1554 3393 1683 3440 sunt
1717 3394 1918 3449 ostrea,

335 3481 583 3554 spongia
612 3490 665 3535 et
705 3481 812 3535 alia
844 3481 1040 3536 multa.
1074 3479 1397 3537 Substantia
1427 3490 1636 3542 autem,
1666 3493 1787 3547 qua
1814 3491 1918 3530 una

334 3590 459 3628 cum
492 3572 751 3628 facultate
777 3573 1029 3628 sensibus
1061 3572 1247 3627 utendi
1278 3572 1444 3625 etiam
1483 3571 1590 3624 vim
1620 3569 1921 3641 progressi-

336 3682 456 3721 vatn
488 3666 680 3721 sortita
701 3675 752 3719 et
775 3664 915 3719 hanc
936 3665 1006 3719 ob
1034 3679 1255 3718 causam
1288 3662 1341 3715 in
1390 3662 1709 3716 animalium
1742 3660 1923 3730 specie

335 3757 633 3811 constituta
662 3764 769 3820 est,
818 3757 871 3811 in
904 3755 1171 3810 rationale
1208 3766 1262 3810 et
1304 3754 1533 3809 rationis
1559 3769 1757 3823 eapers
1782 3751 1921 3807 divi-

336 3849 487 3919 ditur
509 3858 565 3902 et
591 3847 728 3902 duas
766 3848 978 3917 species
1004 3847 1254 3902 diversas
1283 3844 1463 3912 efficit,
1498 3844 1701 3898 animal
1732 3842 1924 3896 videli-

337 3949 424 3996 cet
453 3938 740 4005 rationale,
779 3939 924 4009 quod
982 3948 1066 3995 est
1112 3939 1300 4004 homo,
1357 3947 1411 3993 et
1454 3936 1658 3992 animal
1714 3936 1925 3989 ratione

340 4048 559 4095 carens,
602 4031 749 4102 quod
787 4032 972 4102 plures
1024 4047 1243 4087 rursunt
1289 4030 1624 4085 differentias
1674 4029 1917 4099 suscipit.

338 4124 547 4183 llorum
588 4114 731 4180 enim
767 4126 913 4181 aliud
947 4136 1033 4181 est
1069 4135 1348 4188 terrestre,
1385 4124 1529 4178 aliud
1570 4123 1831 4187 natatile;
1872 4130 1927 4175 ct

295 4215 299 4220 ’
344 4220 542 4275 horum
582 4219 863 4289 quodlibet
902 4220 1097 4273 iterum
1130 4218 1389 4272 dividitur
1437 4227 1601 4286 atque
1642 4217 1781 4270 ultra
1810 4215 1925 4271 hac

340 4313 537 4368 divisio
564 4312 841 4381 procedit,
882 4322 939 4365 ut
983 4311 1215 4364 breviter
1253 4310 1433 4362 dicant
1483 4324 1615 4362 neve
1659 4308 1713 4362 in
1749 4308 1923 4378 expli-

2022 1853 2107 1900 σις
2154 1834 2416 1906 ὑγρότητι
2444 1834 2739 1906 διενήνοχε.
2784 1835 2895 1887 Καὶ
2923 1830 3099 1886 ταῦτα
3136 1831 3233 1902 μέν
3261 1828 3337 1892 ὡς
3359 1830 3417 1883 ἐν
3446 1827 3604 1896 τύπῳ

2018 1925 2151 1997 περί¹
2186 1926 2287 1997 τῆς
2333 1923 2515 1995 ἁπλῆς
2550 1923 2853 1995 λεγομένης
2901 1922 3255 1992 σύσίαςρΤῆς
3285 1920 3345 1973 δέ
3377 1936 3441 1988 γε
3479 1934 3602 1973 συνο

2019 2016 2175 2070 θέτου
2202 2017 2235 2087 ή
2281 2015 2380 2087 μὲν
2407 2014 2729 2085 αἰσθητικὴ,
2760 2016 2795 2085 ή
2818 2014 2876 2068 δὲ
2899 2013 3231 2084 ἀναίσθητος
3250 2029 3264 2043 ·
3308 2011 3601 2082 αἰσθητικὴ

2022 2110 2144 2181 μὲν,
2173 2110 2208 2180 ἠ
2234 2109 2522 2178 αἰσθήσεσι
2558 2108 2835 2177 πεφυκυῖα
2876 2106 3155 2178 χρῆσθαι,
3190 2103 3516 2173 ἀναίσθητος
3542 2102 3600 2155 δὲ

2019 2206 2054 2275 ὴ
2086 2202 2255 2274 χωρίς
2278 2218 2423 2265 τινος
2450 2200 2759 2270 αἰσθήσεως
2790 2199 3138 2269 διοικουμένη
3159 2211 3174 2228 ⁸
3202 2190 3269 2268 ἦς
3294 2197 3327 2265 ή
3357 2195 3458 2266 μὲν
3479 2193 3601 2247 οὐδὲ

2018 2297 2119 2366 τὴν
2146 2293 2447 2367 θρεπτικὴν
2484 2292 2715 2364 δύναμιν
2743 2291 2955 2346 ἔνδοθεν
2985 2291 3118 2362 ἔχει,
3154 2292 3230 2355 ὡς
3261 2289 3434 2353 λίθοι,
3468 2287 3601 2354 ξύλα

2021 2387 2117 2441 καὶ
2145 2387 2247 2441 ὅσα
2274 2385 2524 2451 τοιαῦτα,
2552 2387 2587 2457 ὴ
2613 2384 2671 2439 δὲ
2700 2385 2844 2439 κατά
2872 2383 3077 2455 ταύτην
3104 2384 3389 2438 διοικεῖταί
3417 2398 3476 2434 τε
3507 2382 3603 2433 καὶ

2020 2478 2421 2548 διακρατεϊται,
2448 2474 2561 2531 οἷον
2589 2476 2755 2545 φυτὰ,
2788 2475 3004 2546 θάμνοι,
3038 2475 3167 2528 πόαι
3197 2476 3294 2527 καὶ⁵
3323 2472 3392 2526 τὰ
3419 2473 3600 2541 ὃμοια.

2031 2570 2097 2623 'll
2141 2570 2324 2641 μέντοι
2356 2571 2479 2633 ταῖς
2511 2568 2801 2641 αἰσθήσεσι
2844 2567 3007 2637 φύσιν
3054 2566 3254 2637 ἔχουσα
3302 2563 3604 2635 κεχρῆσθαι

2017 2662 2282 2734 διαφορὰς
2314 2663 2409 2716 καὶ
2439 2661 2577 2733 αὑτὴ
2621 2660 2965 2731 ἐπιδέχεταιο
3000 2659 3033 2731 ἢ
3079 2658 3190 2729 γὰρ
3233 2651 3603 2727 μεταϐατικὴν

2019 2756 2382 2828 προϐάλλεται
2413 2754 2646 2825 δύναμιν
2672 2755 2767 2808 καὶ
2789 2752 2900 2805 τῶν
2924 2751 3079 2816 ζώων
3110 2750 3394 2819 συνίστησι
3416 2748 3601 2817 φύσιν,

2019 2850 2053 2921 ἢ
2088 2848 2381 2922 ἐστέρηται
2412 2847 2617 2916 ταύτης
2647 2848 2743 2900 καὶ
2765 2846 2864 2917 τὴν
2887 2844 2997 2898 τῶν
3031 2843 3325 2912 ζωοφύτων
3349 2838 3601 2895 ἀποτελεῖ

2019 2943 2208 2997 οὐσίαν
2226 2960 2239 2973 ·
2266 2941 2493 2996 τοιαῦτα
2517 2940 2577 2994 δέ
2616 2941 2761 2993 ἐστιν
2789 2938 2990 3009 ὄστρεά
3023 2954 3083 2989 τε
3115 2935 3213 2990 καὶ
3243 2936 3470 3003 σπόγγοι
3509 2933 3606 2985 καὶ.

2020 3034 2191 3090 πολλὰ
2216 3034 2352 3090 ἄλλα
2373 3050 2387 3064 ·
2407 3036 2441 3105 ή
2471 3034 2528 3088 δέ
2554 3034 2692 3104 μετὰ
2716 3031 2811 3093 τοῦ
2844 3028 3147 3102 κεχρῆσθαι
3175 3030 3295 3091 ταῖς
3319 3027 3607 3097 αἰσθήσεσι

2022 3127 2118 3179 καὶ
2146 3124 2245 3197 τὴν
2282 3123 2657 3196 μεταϐατικὴν
2682 3122 2913 3192 δύναμιν
2946 3118 3349 3190 προσειληφυῖα
3378 3118 3475 3169 καὶ
3513 3114 3604 3167 διὰ

2021 3216 2181 3274 τοῦτο
2230 3219 2309 3280 εἰς
2356 3216 2498 3281 ζῶον
2541 3213 2944 3277 ἐίδοποιηθείσα
2992 3210 3069 3281 τῷ
3112 3207 3315 3277 λογικῷ
3364 3207 3460 3260 καὶ
3524 3204 3605 3275 τῷ

2021 3308 2203 3379 ἀλόγῳ
2229 3307 2521 3378 διαιρεῖται
2561 3304 2656 3359 καὶ
2694 3304 2789 3358 δύο
2838 3303 2953 3372 εἴδη
2989 3298 3423 3371 παρηλλαγμένα
3461 3299 3605 3350 ἀπο-

2022 3399 2188 3468 γεννᾷ
2208 3435 2224 3461 ,
2262 3396 2323 3449 τὸ
2354 3396 2573 3465 λογικὸν
2603 3393 2742 3459 ζῶόν
2774 3412 2952 3463 φημι,
2982 3391 3122 3463 ὅπερ
3151 3390 3298 3443 ἐστὶν
3330 3389 3360 3440 ὁ
3392 3387 3605 3459 ἄνθρω-

2022 3508 2146 3555 πος,
2206 3490 2298 3543 καὶ
2346 3488 2407 3541 τὸ
2449 3487 2672 3556 ἄλογον,
2710 3487 2738 3539 ὃ
2777 3488 2871 3541 καὶ
2912 3485 3129 3548 πλείους
3158 3481 3467 3552 ἐπιδέχεται
3507 3478 3608 3541 τὰς

2022 3580 2323 3651 διαφοράςο
2354 3578 2560 3633 τούτων
2595 3578 2710 3650 (27)
2760 3579 2869 3647 γὰρ
2919 3577 2978 3631 τὸ
3019 3575 3119 3645 μέν
3154 3577 3269 3628 ἐστι
3312 3573 3499 3638 πεζὸν,
3543 3572 3609 3625 τὸ

2024 3673 2083 3726 δὲ
2112 3671 2309 3740 νηκτόν
2331 3687 2345 3701 °
2377 3670 2474 3724 καὶ
2504 3670 2710 3722 τούτων
2753 3670 2985 3722 ’ἑκαστον
3007 3667 3387 3737 ἐπιδιαιρεῑται
3414 3666 3602 3725 πάλιν,

2025 3765 2119 3818 καὶ
2146 3764 2240 3816 ἐπὶ
2274 3762 2439 3814 πλέον
2468 3762 2714 3833 πρόεισιν
2736 3763 2769 3831 ὴ
2813 3758 2976 3830 τομὴ,
3018 3758 3105 3811 ἵνα
3138 3757 3417 3826 συντόμως
3464 3756 3607 3809 είπω

2026 3858 2121 3911 καὶ
2149 3857 2225 3926 μὴ
2256 3847 2314 3909 έν
2346 3854 2708 3926 κατηγορίαις
2749 3854 2849 3923 τὴν
2883 3853 3012 3922 περὶ
3050 3848 3204 3916 ζώων
3229 3849 3471 3920 ἱστορίαν
3513 3850 3603 3900 αξ-

2025 3949 2145 4002 τίαν
2191 3947 2299 4017 ἔχω
2338 3948 2702 4016 ἀναγράφειν.
2746 3944 2857 3998 Καὶ
2890 3944 3029 4015 αὕτη
3064 3943 3165 4014 μὲν
3199 3943 3339 3997 κατά
3368 3958 3431 4010 γε
3463 3940 3605 4011 ἐμὴν

2028 4041 2289 4112 ἐπιϐολὴν
2404 4058 2465 4094 τε
2511 4042 2622 4093 τῶν
2659 4041 2757 4109 τῆς
2803 4040 2993 4103 οὐσίας
3037 4038 3455 4108 σημαινομένων
3485 4038 3605 4090 διαο

2029 4134 2191 4203 στολὴ
2228 4134 2323 4187 καὶ
2364 4134 2462 4203 τῆς
2489 4133 2565 4197 ὠς
2592 4133 2748 4201 γένος
2773 4132 2853 4195 είς
2884 4130 3000 4202 είδη
3038 4128 3378 4201 τεμνομένης
3402 4126 3607 4197 διαίρε-

2030 4242 2113 4289 σις
2136 4239 2150 4255 ’
2184 4225 2332 4289 ὅπως
2355 4223 2413 4277 δὲ
2438 4223 2537 4285 τὰς
2568 4222 2739 4285 λαϐὰς
2765 4223 2799 4289 ἡ
2837 4221 3063 4291 τοιαύτη
3092 4220 3295 4291 θεωρία
3315 4218 3610 4285 διαπέφευ-

2026 4333 2143 4385 γεν,
2197 4312 2286 4377 αἷς
2327 4316 2377 4368 of.
2425 4313 2907 4384 ἐπικεχειρηκότες
2958 4313 3159 4383 ἑτέρως
3218 4312 3447 4381 διαιρεῖν
3506 4308 3606 4380 τὴν

344 4406 534 4462 candis
561 4406 854 4475 categoriis
886 4404 1170 4459 historiam
1204 4402 1508 4456 naturalem
1556 4402 1624 4455 de
1670 4401 1919 4455 animali-

2027 4409 2214 4463 ούσίαν
2241 4408 2575 4479 ἁλίσκονται,
2603 4407 2697 4460 καὶ
2723 4406 2916 4476 ἐφόσον
2948 4406 3007 4459 τὸ
3029 4404 3286 4475 χρειῶδες
3314 4404 3451 4473 αὐτῇ
3481 4419 3607 4456 aw-

339 4501 444 4555 bus
473 4508 808 4555 tractaturus
831 4512 954 4553 esse
979 4496 1183 4551 videar.
1216 4494 1282 4548 Et
1305 4496 1420 4549 hac
1444 4510 1508 4548 ex
1540 4509 1675 4548 mea
1701 4495 1919 4564 quidem

2026 4503 2380 4573 εισφέρεται,
2426 4501 2460 4572 ἢ
2490 4502 2587 4555 καὶ
2614 4500 2709 4554 νῦν
2746 4499 2944 4554 αὐτίκα
2972 4497 3102 4563 ἴσως
3129 4497 3163 4567 ἦ
3194 4497 3290 4551 καὶ
3321 4498 3605 4566 προϊόντες

342 4594 542 4648 mentis
579 4592 803 4648 notione
837 4601 921 4646 est
957 4589 1239 4644 distinctio
1282 4590 1564 4642 variarum
1612 4588 1921 4642 substantia

340 4684 801 4755 significationum
832 4682 1206 4751 ejusdemque,
1256 4695 1377 4749 qua
1408 4689 1467 4734 ut
1497 4694 1668 4749 genus
1708 4680 1762 4733 in
1802 4693 1923 4749 spe-

342 4792 455 4828 cies
500 4774 785 4838 dividitur,
830 4772 1069 4842 partitio.
1119 4769 1241 4837 Quo
1290 4785 1418 4825 vero
1456 4780 1617 4841 pacto
1650 4769 1921 4840 ejusmodi

2023 4594 2083 4660 ἐξ
2130 4592 2344 4648 ἑαυτῶν
2387 4592 2779 4662 ἐπιγνώσεσθε.
2843 4591 2982 4645 Ἀλλ’
3036 4592 3071 4663 ὴ
3120 4591 3220 4661 μὲν
3263 4589 3363 4659 τῆς
3416 4589 3605 4651 οὐσίας

2022 4685 2287 4758 διαίρεσις
2315 4687 2409 4740 καὶ
2434 4686 2464 4740 ό
2491 4686 2788 4757 προσήκων
2814 4685 2952 4756 αὐτῇ
2982 4684 3139 4753 λόγος
3177 4683 3273 4736 καὶ
3299 4683 3333 4753 η
3362 4680 3471 4736 τῶν
3502 4696 3603 4751 σηο

2026 4778 2374 4849 μαινομένων
2402 4778 2656 4849 διαστολὴ
2682 4780 2738 4831 ἐν
2768 4776 2998 4840 τούτοις.

341 4868 591 4922 doctrina
658 4865 902 4923 defectus
965 4866 1088 4921 illos
1148 4865 1427 4934 effugerit,
1478 4866 1680 4936 quibus
1727 4866 1948 4922 obnoxii
1989 4882 2118 4926 sunt
2153 4874 2246 4943 qui
2276 4873 2433 4927 aliter
2459 4872 2823 4927 substantiam
2858 4868 3093 4940 dispesci
3159 4867 3519 4929 conabantur,
3545 4876 3604 4920 et

342 4968 610 5027 quantum
656 4973 718 5012 ea
751 4958 1003 5012 utilitatis
1038 4957 1228 5013 afferat
1258 4965 1315 5012 et
1355 4958 1654 5028 impertiat,
1688 4958 1765 5013 vel
1796 4976 1942 5032 nunc
1980 4965 2167 5020 statim
2196 4966 2281 5020 vel
2329 4965 2557 5020 ulterius
2582 4963 2855 5035 progressi
2886 4978 2982 5033 per
3039 4976 3135 5016 vos
3203 4960 3353 5030 ipsos
3394 4974 3601 5030 cogno-

342 5056 526 5111 sectis.
578 5053 775 5111 Verum
815 5055 883 5109 de
937 5055 1257 5111 substantia
1285 5056 1557 5112 divisione
1599 5066 1653 5111 et
1690 5057 1758 5112 de
1806 5062 2130 5129 congruenti
2172 5062 2277 5134 ipsi
2324 5062 2646 5118 definitione
2714 5071 2880 5132 atque
2941 5063 3010 5117 de
3047 5060 3455 5133 significatuum
3487 5058 3602 5113 dis-

342 5150 606 5204 tinctione
628 5151 929 5221 hucusque.

421 5241 471 5295 ‘5.
514 5242 619 5297 Sed
642 5242 961 5297 Aristomles
979 5243 1222 5313 quidem,
1246 5244 1506 5313 quoniam
1536 5246 1916 5313 particularem

2109 5242 2167 5294 '0
2193 5240 2376 5310 μέντοι
2400 5258 2463 5307 γε
2509 5240 2886 5311 Ἀριστοτέλης
2918 5238 3054 5312 (28),
3082 5238 3207 5292 ἐπεὶ
3245 5238 3345 5308 τὴν
3373 5236 3608 5308 μερικὴν

1865 5353 2095 5413 ΆΟΤΛΞ.

416 5442 533 5514 (27)
559 5444 758 5513 Apogr.
791 5444 982 5499 τοῦτο.

418 5513 529 5582 (28)
572 5516 651 5566 Ah
684 5516 785 5569 hoc
802 5516 1156 5585 paragrapho
1196 5531 1414 5569 rursum
1451 5513 1715 5569 habemus
1738 5513 1913 5585 Photii

345 5594 552 5639 textum
580 5586 629 5636 in
654 5586 773 5639 cod.
798 5583 1009 5639 Monac.
1032 5585 1249 5655 Legitur
1279 5586 1315 5638 f.
1342 5586 1410 5639 59
1434 5601 1485 5638 a.
1516 5604 1527 5638 :
1554 5585 1758 5655 Φωτίου
1789 5584 1918 5654 περὶ

344 5655 531 5717 ούσίας
556 5672 569 5685 ·
606 5656 776 5727 Ούσία
798 5657 891 5727 ἐπὶ
910 5654 1139 5727 πρᾶγμα
1170 5657 1553 5727 αύθύπαρκτον
1590 5656 1665 5727 μὴ
1686 5725 1698 5727 ᾼ
1723 5654 1917 5727 δεόμε-

346 5741 437 5779 νον
465 5727 649 5799 ἑτέρου
681 5726 813 5799 πρὸς
871 5724 1124 5798 ὓπαρξιν.
1187 5726 1343 5797 (Vide
1394 5724 1566 5795 Supra
1604 5725 1630 5793 §
1676 5725 1731 5792 ‘2,
1770 5724 1913 5792 iuit.)

2040 5443 2181 5497 Ἀλλ’
2211 5438 2366 5506 οὗτος
2394 5446 2492 5512 μὲν
2515 5446 2543 5497 ὁ
2574 5444 2803 5515 ὁρισμὸς
2826 5446 2918 5515 καὶ
2944 5445 3009 5513 τῇ
3044 5443 3276 5497 καθόλου
3306 5442 3467 5511 οὐσία
3510 5435 3609 5515 καὶ

2025 5518 2089 5584 τῇ
2141 5517 2343 5583 μερικῇ
2372 5514 2789 5585 ἐφαρμόσειδο
2838 5514 2893 5566 δὲ
2969 5515 3368 5585 Ἀριστοτέλης,
3417 5514 3608 5583 ἐπειδὴ

2025 5586 2121 5653 τὴν
2174 5586 2409 5655 μερικὴν
2438 5584 2625 5640 οὐσίαν
2668 5585 2912 5657 ὁρίζεται
2975 5584 3146 5657 μόνην
3200 5586 3260 5638 ἐν
3302 5584 3435 5647 ταῖς
3474 5599 3607 5640 κειτ⁸

2022 5657 2273 5725 ηγορίαις
2310 5656 2491 5724 φησίν.
