3908 6214
372 310 477 385 777

374 536 528 598 φρων
551 528 648 582 καὶ
664 524 980 596 ἀκόλαστος,
1006 532 1039 602 ἢ
1066 534 1346 606 φρενήρης
1368 535 1460 589 καὶ
1480 538 1819 607 ἀφραίνοντα
1844 537 1956 611 (66)

375 620 410 689 ἢ
441 636 496 674 τι
534 616 646 692 (47)
671 620 781 677 τῶν
814 622 1216 696 παραπλησίων
1236 640 1253 657 ο
1281 626 1331 680 εἰ
1361 626 1418 680 δέ
1447 645 1499 681 τι
1525 630 1621 683 καὶ
1656 632 1722 702 τῇ
1749 631 1826 694 ὡς
1853 629 1955 703 ’ὐλῃ

373 711 535 782 οὐσίᾳ
570 711 814 768 τοιοῦτον
838 714 1190 788 συμϐέϐηκεν
1209 758 1225 784 ,
1251 719 1353 774 οὐκ
1383 718 1502 774 ἔστι
1526 720 1735 794 διαιτᾷν
1763 722 1956 794 καιροῦ

371 799 469 855 106
500 803 791 883 παρόντος.
825 805 889 860 Οί
921 805 979 860 δὲ
1016 806 1300 878 λέγοντες,
1323 808 1402 875 ώς
1432 812 1528 865 καὶ
1566 812 1644 883 τῷ
1674 811 1818 885 λόγῳ
1864 813 1957 868 καὶ

371 893 439 964 τῇ
471 891 598 968 δόξῃ
621 895 779 952 τοῦτο
803 896 1000 954 ἕπεται
1028 900 1090 955 16
1112 900 1243 956 ίδιον
1266 902 1402 973 (48),
1428 903 1748 977 εὐφώρατον
1774 905 1957 976 ἔχουσι

372 984 437 1038 16
470 984 664 1056 ψεῦδος
682 1004 698 1021 ο
731 990 867 1060 φασὶ
900 990 999 1063 μὲν
1028 992 1159 1066 γὰρ,
1186 993 1262 1059 ὡς
1288 996 1316 1050 6
1344 995 1521 1066 λέγων
1546 997 1638 1051 τὸν
1660 997 1960 1070 Σωκράτην

375 1077 649 1149 καθῆσθαι
695 1079 876 1151 λόγος,
907 1084 936 1138 6
980 1080 1144 1150 αὐτὸς
1187 1086 1401 1158 μένων,
1445 1086 1580 1141 καθό
1617 1105 1681 1157 γε
1709 1090 1770 1142 16
1818 1086 1960 1145 εἶναι

375 1168 533 1239 λόγος
562 1169 707 1242 ἔσχε,
737 1173 834 1227 τοῦ
874 1175 975 1245 μὲν
1012 1175 1339 1248 Σωκράτους
1363 1179 1676 1251 καθημένου
1703 1180 1961 1254 ἀληθείας

375 1254 446 1331 ἦν
472 1263 828 1333 σημαντικός,
858 1266 1194 1334 ἀναστάντος
1220 1270 1278 1325 δὲ
1299 1271 1393 1325 106
1416 1272 1743 1345 Σωκράτους
1762 1273 1960 1344 ψεῦδος

378 1352 696 1425 εὑρίσκεται
733 1356 1093 1439 δεδεγμένοςς
1124 1361 1267 1416 ὥστε
1301 1363 1397 1418 καὶ
1423 1366 1451 1419 6
1484 1363 1644 1434 λόγος
1667 1366 1778 1420 τῶν
1801 1368 1961 1422 ἐναν-

380 1445 511 1500 τίων
553 1446 703 1503 ἐστὶν
736 1449 1017 1517 δεκτικός·
1056 1454 1317 1520 ὡσαύτως
1351 1456 1409 1509 δὲ
1452 1456 1547 1511 καὶ
1574 1458 1607 1528 ἡ
1630 1457 1755 1522 δόξα
1779 1472 1792 1488 ⁶
1828 1460 1962 1514 καθ-

380 1536 585 1605 ημένου
632 1540 731 1611 μὲν
776 1541 886 1616 γάρ
924 1543 1088 1598 αὐτοῦ
1132 1545 1342 1617 ἀληθὴς
1387 1543 1456 1616 ἦν
1498 1549 1532 1619 η
1560 1548 1655 1602 τοῦ
1683 1550 1956 1620 καθῆσθαι

379 1626 538 1695 δόξα,
587 1632 919 1700 ἀναστάντος
944 1636 1002 1691 δὲ
1038 1639 1071 1708 ἡ
1121 1638 1260 1710 αὐτὴ
1292 1639 1421 1705 δόξα
1462 1639 1696 1709 ψεύδους
1740 1642 1963 1711 ἐγένετο

380 1718 624 1792 δεκτική.
674 1723 823 1778 Ἀλλί
853 1726 902 1779 οί
950 1727 1050 1798 μὲν
1098 1728 1487 1801 διαποροῦντες
1533 1730 1708 1794 οὕτως
1757 1734 1956 1801 φασίνο

382 1791 623 1867 ίστωσαν
650 1814 724 1880 δὲ,
759 1818 843 1871 ὅτι
874 1819 934 1872 οὐ
950 1791 1111 1875 *κατά
1144 1821 1244 1894 τὴν
1263 1791 1422 1878 ἰδίαν
1458 1791 1782 1896 μεταϐολὴν.
1808 1826 1840 1878 6
1870 1826 1959 1879 λόο
1992 1791 2041 1852 Β

380 1918 478 1971 γος
519 1906 711 1974 γέγονε
748 1908 978 1980 ψεύδους
1006 1912 1102 1967 καὶ
1130 1913 1389 1986 ἀληθείας
1419 1915 1667 1981 δεκτικὸς
1687 1958 1702 1983 ,
1738 1919 1800 1970 οὐ
1855 1919 1965 1991 μὴν

380 1996 504 2052 οὐδὲ
538 2000 572 2071 ἡ
599 2001 725 2069 δόξα
744 2042 760 2067 ,
798 2004 935 2060 ἀλλὰ
973 2007 1174 2078 μᾶλλον
1201 2010 1341 2064 κατὰ
1377 2011 1479 2083 τὴν
1510 2012 1604 2065 τοῦ
1636 2012 1966 2084 πράγματος

381 2090 717 2165 ἐναλλαγήν,
754 2098 892 2171 ὅπερ
927 2102 958 2172 ή
1002 2100 1103 2173 μὲν
1132 2103 1404 2171 ἐδόξασεν,
1436 2107 1465 2159 6
1491 2105 1547 2159 δὲ
1582 2107 1926 2177 ἀπήγγειλεν
1946 2126 1962 2143 ο

382 2185 431 2238 εί
461 2186 569 2258 γάρ
602 2191 679 2261 μὴ
712 2192 1007 2261 μετέϐαλεν
1036 2197 1064 2249 6
1085 2196 1384 2268 Σωκράτης
1418 2198 1484 2254 ἐκ
1511 2199 1604 2254 106
1637 2201 1965 2267 καθέζεσθαι

381 2277 656 2348 ἀναστάς,
695 2282 797 2337 οὐκ
846 2283 913 2339 άν
952 2303 1087 2339 ποτε
1133 2289 1161 2340 6
1200 2289 1291 2341 τὸν
1340 2290 1637 2363 Σωκράτην
1693 2292 1966 2364 καθῆσθαι

382 2367 557 2438 λέγων
599 2372 819 2440 ἐγένετο
843 2375 1000 2446 λόγος
1027 2377 1258 2450 ψευδὴς,
1288 2380 1403 2435 ἀλλ’
1437 2381 1546 2435 οὐδ’
1586 2384 1619 2453 ἡ
1655 2382 1784 2448 δόξα
1814 2384 1926 2453 (49)
1948 2400 1964 2415 ³

382 2458 525 2514 ὥστε
548 2464 643 2517 καὶ
672 2465 738 2517 ὲκ
758 2466 948 2522 τούτου
973 2469 1128 2541 δῆλον
1148 2510 1163 2535 ,
1195 2472 1271 2537 ὡς
1297 2472 1533 2543 μάλιστα
1562 2474 1695 2529 ἴδιόν
1722 2476 1840 2529 ἐστι
1868 2476 1969 2546 τῆς

380 2553 574 2619 οὐσίας
615 2556 675 2609 16
708 2558 1096 2632 ἁποδεδόμενον
1151 2563 1320 2618 ἴδιον⁹
1367 2565 1430 2619 οὐ
1473 2566 1632 2637 μόνον
1678 2548 1790 2638 γάρ
1826 2568 1968 2639 αὐτὴ

388 2645 599 2714 πέφυκε
630 2647 885 2719 δέχεσθαι
931 2655 1193 2710 τάναντία
1222 2657 1364 2712 κατά
1408 2658 1507 2729 τὴν
1546 2658 1750 2728 ἑαυτῆς
1800 2677 1969 2729 μετα-

385 2736 570 2809 ϐολὴν,
602 2741 739 2796 ἀλλὰ
764 2746 857 2797 καὶ
890 2747 1097 2819 ἑτέροις
1141 2750 1586 2823 μεταδαλλομένη
1622 2752 1735 2825 (50)
1762 2753 1969 2821 γίνεται

385 2830 538 2885 αίτία
588 2833 683 2887 τοῦ
730 2836 907 2891 δοκεῖν
954 2840 1097 2895 αὐτά
1148 2843 1397 2910 γίνεσθαι
1430 2843 1539 2897 τῶν
1586 2846 1847 2900 ἐναντίων
1882 2845 1970 2899 δε-

388 2926 585 3009 κτικᾲο
614 2928 642 2979 ό
668 2928 799 2997 γοῦν
827 2930 985 3001 λόγος
1010 2935 1104 2987 καὶ
1136 2935 1169 3005 ἠ
1196 2934 1343 3001 δόξα,
1371 2938 1421 2989 εί
1439 2938 1535 2990 καὶ
1560 2938 1971 3009 συγχωρηθείεν

1286 332 1386 392 ΑΙ)
1408 331 2001 395 AMPHILOCHIUM
2029 334 2371 404 OU/ESTIO
2409 334 2782 398 CXXXVIII.
3276 384 3283 388 -

370 446 525 487 νεται
553 432 739 504 ψυχρά
770 432 865 488 καὶ
892 434 1091 508 θερμὴ,
1122 432 1156 508 ἢ
1187 436 1373 492 δικαία
1406 430 1503 494 καὶ
1534 440 1737 507 ἄδικος,
1776 441 1812 513 ἢ
1850 441 1958 495 σώ-

2074 453 2160 500 ast.
2193 443 2305 500 Hoc
2334 444 2463 499 Vel'o
2496 454 2548 500 et
2583 445 2802 516 proprie
2832 444 3004 517 ipsius
3030 448 3338 519 proprietas
3362 458 3472 516 εει,
3507 452 3637 522 quia

3533 340 3640 406 778

2057 534 2415 589 convertitur.
2456 534 2777 591 Subslantia
2808 535 2954 590 enim
2994 536 3174 591 omnis
3197 546 3251 593 et
3275 537 3391 592 sola
3423 553 3638 607 perma-

2058 641 2194 680 nens
2224 627 2548 693 substantia,
2582 634 2789 682 mutata
2841 636 3021 684 tamen
3080 630 3258 699 quoad
3308 631 3637 701 qualitates,

2058 717 2118 772 fit
2149 717 2343 788 frigida
2380 729 2435 772 et
2463 719 2660 784 calida,
2692 720 2774 775 vel
2803 720 2950 788 justa
2992 731 3047 777 et
3078 722 3301 793 injusta,
3346 724 3433 777 vel
3460 722 3639 779 conti-

2059 825 2196 864 nens
2226 819 2280 864 et
2299 810 2584 878 etfrenata,
2612 810 2697 865 vel
2723 811 2967 882 prudens
2992 822 3046 869 et
3069 813 3371 875 insaniens.
3397 817 3481 870 vel
3506 814 3640 885 quid

2060 901 2348 956 similium.
2378 902 2461 956 An
2497 917 2625 957 vero
2652 911 2707 958 et
2735 902 3046 960 substantia
3068 944 3085 969 ,
3117 921 3242 977 qua
3266 906 3431 961 veluti
3464 918 3640 963 mate-

2059 993 2140 1048 ria
2176 1002 2283 1058 est,
2339 993 2612 1064 ejusmodi
2667 995 2798 1065 quid
2857 997 3161 1064 acciderit,
3217 1012 3327 1052 non
3362 1009 3447 1054 est
3478 998 3640 1069 hujus

2059 1084 2323 1155 temporis
2362 1084 2687 1156 dijudicare.
2732 1085 2838 1153 Qui
2888 1080 3028 1144 vero
3066 1088 3254 1144 dicunt
3301 1090 3467 1145 etiam
3521 1106 3642 1146 ser-

2061 1174 2208 1230 moni
2238 1185 2291 1231 et
2318 1175 2561 1245 opinioni
2598 1176 2740 1232 hanc
2770 1178 3065 1234 convenire
3096 1179 3519 1248 proprietatem,
3555 1176 3641 1232 fa-

2061 1265 2261 1321 cillime
2321 1265 2590 1321 mendacii
2638 1268 3068 1324 convincuntur.
3144 1268 3358 1324 Etenim
3427 1271 3639 1331 dicunt,

2061 1372 2375 1415 sermonem
2413 1374 2563 1426 eum,
2611 1358 2707 1428 qui
2745 1359 2878 1414 dicit
2914 1360 3195 1416 Socratem
3229 1362 3449 1427 dicere,
3482 1378 3642 1416 eum-

2061 1453 2183 1508 dem
2230 1462 2572 1517 manentem,
2632 1453 2685 1508 in
2738 1462 3007 1524 quantum
3062 1454 3332 1521 habebat,
3384 1455 3529 1525 quod
3573 1455 3646 1510 sit

2062 1561 2270 1611 sermo,
2286 1546 2530 1602 veritatis
2548 1545 2719 1603 fuisse
2748 1546 3195 1617 signiticativum,
3226 1547 3358 1602 dum
3388 1548 3646 1602 Socrates

2063 1638 2309 1704 sederet;
2335 1654 2460 1694 cum
2486 1654 2614 1695 vero
2638 1640 2892 1695 Socrates
2913 1645 3261 1701 surrexisset.
3296 1640 3643 1695 mendacium

2067 1734 2435 1788 continentem
2477 1733 2741 1802 reperiri;
2772 1733 2915 1788 unde
2940 1732 3078 1788 ellici
3109 1740 3305 1802 putant
3333 1732 3498 1787 etiam
3530 1747 3649 1786 ser-

2069 1838 2286 1879 monem
2319 1823 2591 1879 contraria
2620 1839 2782 1894 posse
2807 1824 3108 1894 suscipere.
3140 1823 3407 1878 Similiter
3425 1838 3649 1893 quoque

2064 1916 2133 1972 de
2163 1916 2422 1987 opinione
2448 1925 2719 1971 statuunt.
2753 1912 2991 1971 Sedente
3041 1916 3187 1970 enim
3237 1914 3467 1971 Socrate
3517 1930 3648 1970 vera

2068 2009 2167 2063 fuit
2199 2010 2421 2081 opinio,
2466 2025 2587 2080 qua
2633 2025 2759 2065 eum
2807 2009 2998 2065 sedere
3041 2008 3337 2075 censebat;
3390 2016 3651 2077 surgente

2069 2118 2196 2158 vero
2239 2104 2331 2157 illo
2366 2103 2554 2159 eadem
2595 2104 2781 2173 opinio
2816 2103 3049 2158 mendax
3091 2101 3287 2157 evasit.
3332 2100 3425 2155 Sic
3463 2102 3650 2169 itaque

2066 2197 2255 2251 dicunt
2286 2190 2383 2266 qui
2416 2197 2483 2252 de
2511 2196 2611 2252 hac
2641 2212 2696 2252 re
2726 2196 2994 2252 dubitant.
3034 2194 3238 2249 Verum
3277 2195 3476 2259 Sciant,
3532 2210 3642 2246 non

2046 2287 2373 2357 secundum
2405 2288 2488 2342 sui
2540 2288 2713 2358 ipsius
2750 2287 3105 2341 mutationem
3149 2302 3458 2345 sermonem
3492 2286 3648 2339 illum

2070 2376 2364 2433 falsitatem
2392 2387 2448 2432 et
2476 2377 2759 2432 veritatem
2783 2377 3115 2446 suscepisse,
3136 2391 3312 2446 neque
3336 2376 3502 2430 etiam
3532 2374 3653 2443 0pi«

2069 2468 2311 2531 nionem,
2344 2469 2438 2524 sed
2482 2468 2661 2537 potius
2705 2467 3005 2522 secundum
3058 2466 3135 2521 rei
3188 2467 3652 2530 immutationem,

2070 2560 2215 2631 quod
2252 2560 2437 2630 opinio
2474 2560 2800 2627 Opinaliatur
2848 2568 2905 2613 et
2947 2558 3093 2629 quod
3135 2573 3319 2614 sermo
3353 2558 3650 2613 nuntiavit.

2071 2652 2185 2709 Nisi
2214 2653 2359 2708 enim
2387 2663 2628 2708 mutatus
2655 2652 2849 2707 fuisset
2880 2650 3161 2715 Socrates,
3190 2651 3283 2721 qui
3308 2690 3325 2715 ,
3359 2660 3651 2721 postquam

2072 2746 2255 2811 sedit,
2302 2747 2580 2813 surrexit,
2612 2762 2892 2816 nunquam
2924 2760 3108 2802 sermo
3134 2744 3423 2822 Socratem
3461 2745 3656 2800 sedere

2071 2840 2348 2895 afﬁrmans
2379 2841 2611 2895 mendax
2658 2839 2961 2903 evasisset,
3010 2853 3187 2909 neque
3217 2838 3381 2893 etiam
3440 2838 3655 2907 opinio.

2072 2932 2442 3001 Quamobrem
2484 2943 2538 2989 et
2586 2949 2649 2988 ex
2688 2933 2791 2989 hoc
2831 2942 2978 3000 patet
3019 2934 3221 2988 dictam
3247 2932 3653 3004 proprietatem

389 3008 530 3069 εἶναι
581 3016 691 3073 τῶν
747 3021 1007 3077 ἐναντίων
1038 3024 1299 3091 δεκτικά,
1349 3027 1464 3080 ἀλλ’
1492 3028 1593 3082 οὐκ
1621 3008 1699 3083 ἂν
1730 3028 1966 3101 λεχθεῖεν

2075 3025 2314 3080 maxime
2339 3023 2662 3080 substantiae
2686 3039 2810 3079 esse
2827 3024 3126 3094 propriam.
3151 3023 3271 3079 Non
3300 3024 3479 3081 solum
3508 3027 3653 3080 enim

389 3104 529 3194 δλως
557 3109 697 3164 κατά
745 3114 846 3185 τὴν
888 3116 1098 3170 ἑαυτῶν
1137 3117 1443 3191 μεταϐολὴν
1476 3119 1667 3193 ὥσπερ
1692 3122 1727 3192 ἡ
1772 3121 1931 3175 οὐσία
1952 3162 1966 3187 ,

2074 3117 2192 3188 ipsa
2216 3127 2339 3188 apta
2370 3115 2584 3171 exsistit
2609 3116 2675 3170 ad
2712 3116 3023 3188 recipienda
3047 3116 3322 3172 contraria
3349 3117 3655 3173 secundum

392 3192 529 3250 ἀλλὰ
572 3199 774 3269 μᾶλλον
811 3203 952 3259 κατὰ
997 3206 1097 3277 τὴν
1142 3205 1243 3277 τῆς
1279 3208 1474 3273 οὐσίας
1525 3210 1832 3284 μεταϐολὴν
1870 3211 1966 3266 καὶ

2074 3226 2230 3268 suam
2263 3209 2438 3280 ipsius
2459 3209 2845 3273 mutationem,
2880 3224 3069 3264 verum
3101 3208 3268 3265 etiam
3301 3208 3424 3265 aliis
3455 3208 3509 3263 in
3555 3223 3658 3264 sua

387 3286 478 3341 διὰ
505 3287 567 3343 16
601 3292 819 3365 ἐκείνην
852 3296 1102 3368 δέχεσθαι
1143 3301 1425 3369 τάναντία,
1462 3304 1771 3359 δείκνυνται
1822 3322 1966 3378 παρ-

2074 3303 2379 3360 mutatione
2406 3317 2575 3359 causa
2607 3303 2689 3367 tit,
2717 3302 2866 3373 quod
2907 3302 3025 3374 ipsa
3062 3302 3341 3358 contraria
3377 3317 3572 3373 capere
3600 3311 3659 3357 et

388 3379 729 3439 απολαύοντα
760 3389 855 3442 καί
880 3389 1054 3446 ταῦτα
1083 3392 1178 3447 106
1199 3394 1377 3450 δοκεῖν
1402 3391 1545 3451 εἶναι
1572 3396 1685 3452 τῶν
1712 3397 1966 3453 ἐναντίων

2076 3394 2354 3465 suscipere
2388 3394 2698 3450 videantur.
2733 3393 2928 3449 Sermo
2979 3394 3149 3464 igitur
3191 3406 3247 3449 et
3279 3394 3466 3464 opinio
3488 3433 3504 3458 ,
3551 3393 3658 3449 etsi

389 3469 635 3529 δεκτικά.
2080 3485 2414 3543 'concedatur
2442 3499 2539 3541 eos
2583 3499 2744 3554 posse
2778 3484 3052 3540 contraria
3096 3485 3423 3551 admittere,
3474 3493 3660 3541 tamen

390 3566 619 3624 omnino
650 3584 759 3626 non
792 3576 1096 3633 secundum
1122 3593 1281 3636 suam
1308 3580 1556 3653 ipsorum
1588 3583 1971 3649 mutationem,
2011 3581 2157 3637 sicut
2222 3578 2575 3645 substantia,
2607 3578 2702 3633 sed
2745 3579 2929 3649 potius
2972 3578 3275 3634 secundum
3338 3579 3661 3635 substantia

394 3663 755 3719 nnittationem
788 3667 929 3723 hanc
952 3669 1394 3739 pradicationem
1416 3673 1738 3742 sortientur,
1762 3685 1818 3730 et
1845 3673 1975 3746 quia
2013 3672 2321 3728 substantia
2358 3670 2634 3725 contraria
2697 3669 2957 3736 admittit,
3021 3669 3145 3726 ideo
3202 3678 3259 3726 et
3310 3668 3429 3741 ipsa
3500 3684 3662 3729 mou-

393 3761 642 3810 strantur
680 3772 743 3812 ea
776 3756 881 3813 frui
910 3762 1319 3830 praedicatione,
1364 3773 1424 3819 ut
1454 3774 1510 3821 et
1544 3766 1659 3836 ipsa
1693 3764 1967 3822 contraria
2006 3762 2295 3819 admittere
2320 3761 2629 3817 videantur.
3004 3770 3007 3771 ⁷

465 3856 541 3917 ς’.
592 3851 651 3907 Ὀ
681 3854 865 3924 μέντοι
892 3873 957 3925 γε
999 3856 1381 3932 Ἀριστοτέλης
1412 3859 1852 3933 προχειρότερον,
1885 3858 1966 3913 ἵνα

2142 3855 2195 3911 6.
2229 3854 2486 3911 Attamen
2515 3853 2836 3909 Aristotcles
2888 3853 3071 3910 minus
3128 3854 3439 3927 diligenter,
3470 3872 3540 3913 ne
3577 3857 3662 3913 die

396 3940 473 4011 μὴ
527 3942 674 4011 λέγω
727 3944 1123 4018 ῥᾳθυμότερον,
1154 3949 1285 4019 περὶ
1327 3950 1515 4013 οὐσίας
1559 3947 1832 4003 διαλαϐὼν
1878 3949 1975 4002 καὶ

392 4030 559 4105 ἕτερα
604 4033 700 4089 δύο
734 4035 842 4092 ίδια
880 4038 1096 4108 τίθησιν
1144 4040 1365 4104 οὐσίας·
1416 4042 1474 4094 ἓν
1527 4041 1626 4112 μὲν
1662 4041 1723 4095 16
1766 4041 1885 4094 τόδε
1917 4058 1972 4093 τι

398 4123 707 4194 σημαίνειν,
743 4126 881 4199 ὅπερ
925 4129 1010 4199 εἴη
1050 4130 1115 4183 ἂν
1151 4129 1281 4183 ἴδιον
1322 4130 1384 4183 οὐ
1416 4130 1514 4201 τῆς
1546 4130 1735 4194 άπλῶς
1761 4130 1971 4196 οὐσίας,

393 4218 496 4287 τῆς
541 4216 599 4270 δὲ
639 4220 771 4290 παρ’
806 4220 973 4274 06106
1002 4220 1303 4292 κληθείσης
1348 4220 1573 4293 πρώτης
1610 4222 1836 4285 οὐσίας’
1878 4221 1975 4275 καὶ⁸

392 4309 582 4379 ἓτερον
629 4310 790 4365 πάλιν
844 4311 906 4366 16
957 4312 1290 4384 συνωνύμως
1341 4313 1773 4386 κατηγορεῖσθαι
1816 4314 1970 4384 (51)-

394 4401 483 4473 εἱ⁸η
529 4403 574 4456 δ’
601 4402 669 4458 ἂν
699 4405 794 4459 καὶ
831 4403 990 4459 τοῦτο
1019 4406 1148 4460 ἴδιον
1177 4409 1276 4479 τῆς
1314 4407 1446 4478 παρ’
1486 4407 1652 4461 06106
1683 4407 1973 4479 κληθείσης

393 4498 654 4571 δευτέρας
692 4499 880 4563 οὐσίας
899 4516 913 4531 ο
942 4498 1080 4553 ἀλλὰ
1106 4499 1167 4554 16
1203 4499 1303 4570 μὲν
1337 4500 1457 4554 τόδε
1483 4518 1534 4554 τι
1559 4501 1847 4573 σημαίνειν
1882 4500 1974 4571 μό-

392 4608 491 4660 νης
530 4590 650 4645 ἐστὶ
693 4590 795 4661 τῆς
832 4589 1056 4665 πρώτης
1100 4592 1323 4657 οὐσίας’
1363 4594 1502 4664 μόνη
1549 4593 1658 4665 γὰρ
1704 4594 1738 4665 ἡ
1771 4593 1973 4665 μερικὴ

393 4681 541 4753 χειρὶ
577 4681 906 4753 δεικνυμένη
932 4683 969 4752 ἢ
1002 4683 1173 4755 ἑτέρῳ
1198 4683 1309 4737 τινὶ
1335 4684 1561 4755 τοιούτῳ
1586 4684 1704 4737 τόδε
1734 4701 1787 4737 τι
1817 4682 1974 4753 λέγε-

2071 3963 2191 4004 cam
2224 3948 2559 4018 negligenter
2580 3945 2969 4001 desubstantia
2995 3946 3277 4002 disserens
3330 3947 3470 4003 duas
3522 3949 3661 4005 alias

2072 4040 2226 4111 ponit
2255 4038 2578 4094 substantia
2601 4038 3001 4108 proprietates:
3040 4052 3203 4093 unam
3228 4040 3473 4110 quidem,
3510 4043 3658 4112 quod

2072 4135 2177 4189 hoc
2207 4132 2415 4202 aliquid
2445 4131 2750 4202 significet;
2810 4131 2917 4188 hoc
2970 4146 3103 4186 vero
3162 4146 3273 4186 non
3336 4133 3662 4189 substantia

2071 4222 2399 4293 simpliciter
2426 4221 2707 4290 proprium
2742 4219 2930 4287 fuerit,
2960 4220 3054 4275 sed
3086 4217 3227 4290 ejus,
3278 4236 3401 4290 qua
3430 4222 3499 4276 ab
3539 4222 3662 4291 ipso

2078 4322 2303 4368 vocatur
2326 4312 2540 4382 prima;
2568 4311 2795 4365 alteram
2832 4326 2962 4365 vero
2990 4311 3137 4380 quod
3188 4310 3420 4366 univoce
3467 4313 3665 4383 pradi-

2081 4414 2269 4471 cetur;
2301 4404 2398 4459 sed
2434 4404 2538 4458 hoc
2566 4418 2787 4473 quoque
2809 4401 3091 4473 proprium
3118 4400 3282 4455 fuerit
3314 4402 3665 4469 substantia,

2080 4514 2245 4567 quam
2283 4498 2401 4566 ipse
2430 4497 2730 4551 secundam
2756 4495 3011 4564 appellat.
3041 4494 3113 4548 At
3142 4510 3274 4550 vero
3296 4494 3470 4565 prius,
3513 4502 3661 4566 quod

2080 4586 2386 4643 substantia
2445 4586 2548 4642 hoc
2607 4585 2815 4656 aliquid
2861 4585 3151 4655 signiticet,
3203 4585 3378 4640 solius
3467 4587 3663 4657 prima

2078 4680 2397 4738 substantia
2434 4689 2553 4747 est;
2583 4679 2700 4734 bac
2724 4677 2893 4744 enim,
2936 4676 3240 4733 substantia
3276 4678 3656 4747 particularis,

390 4787 485 4831 ται
512 4770 656 4830 εἶναι
694 4774 807 4848 (52)
826 4791 843 4809 ⁶
869 4776 933 4831 16
956 4776 1014 4831 δὲ
1044 4775 1378 4848 συνωνύμως
1412 4774 1841 4849 κατηγορεῖσθαι
1868 4776 1966 4831 οὐκ

2074 4776 2189 4832 sola
2217 4774 2389 4846 digito
2417 4782 2639 4831 ostensa
2684 4771 2771 4827 vel
2816 4770 2926 4826 alio
2970 4768 3243 4841 ejusmodi
3294 4769 3400 4825 hoc
3450 4769 3665 4841 aliquid

464 5006 591 5082 (66)~
613 5006 908 5082 Perperam
931 5003 1208 5082 Catiforus
1240 5005 1542 5082 legendum
1552 5004 1814 5082 censebat
1854 4909 2165 5061 trigonii
2196 5000 2843 5082 contextussuifragatur
2872 4997 3097 5057 lectioni
3148 4995 3325 5053 Vatlc.
3375 5008 3543 5064 quam
3603 5004 3663 5052 et

392 5076 671 5157 φρονρύσα
698 5076 753 5134 εἰ
788 5077 1075 5157 lectionem
1102 5076 1456 5157 dtppalvbtictt.
1468 5076 1787 5157 tollendam.

466 5152 580 5222 (47)
614 5149 707 5222 _S_ic
733 5157 892 5222 recte
911 5145 1083 5222 Vatic.
1115 5145 1307 5222 δρψ.
1340 5146 1505 5222 Catil}
1529 5146 1791 5222 mendose
1815 5164 1830 5202 :
1853 5147 1888 5222 ᾖ
1914 5163 1969 5199 τι

469 5153 557 5222 (47
614 5153 707 5206 Sic
733 5157 881 5204 recte
914 5153 1083 5202 Vatic.
1115 5162 1307 5219 apogr.
1340 5153 1505 5204 Catil.
1529 5153 1791 5201 mendose
1815 5164 1830 5202 :
1853 5153 1888 5219 η
1914 5163 1969 5199 τι

614 5218 1166 5343 ξέρῗὶρὲξεειὶοηεω
1193 5218 1312 5289 ipse
1338 5217 1443 5275 sibi
1466 5216 1599 5273 facit
1619 5215 1970 5283 Aristoteles,

395 5291 901 5440 ekstaﬁzrisshfﬁ
937 5372 986 5414 c.
1019 5357 1140 5440 :_'o
1170 5358 1414 5440 663.6105;
1456 5357 1554 5413 και
1582 5357 1617 5428 ἡ
1643 5357 1798 5440 δόξα,
1832 5357 1975 5440 αὐτά

397 5428 501 5510 μὲν
525 5428 757 5510 ἀκίνητα
776 5431 954 5510 πάντη
988 5429 1212 5510 πάντως
1235 5428 1481 5510 διαμένει
1506 5445 1536 5510 χ
1575 5429 1686 5510 τρῦ.
1704 5429 1974 5510 δὲλτρᾴτ-

398 5446 501 5510 μὲν
525 5446 755 5504 ἀκίνητα
776 5446 954 5500 παντη
995 5446 1212 5494 παντως
1235 5446 1481 5500 οιαμενει
1506 5446 1521 5459 ·
1575 5446 1671 5482 του
1704 5446 1760 5482 οε
1790 5446 1974 5552 ττραῖ-

398 5522 571 5579 ματος
606 5502 941 5579 κινηθέντος,
964 5499 1069 5579 ,ὁτὲ
1100 5501 1200 5579 μὲν
1227 5500 1433 5579 άληθὴς
1458 5499 1548 5579 ότὲ
1568 5498 1632 5579 δὲ
1658 5499 1861 5579 ψευδὴς
1882 5500 1975 5579 λ.-

398 5569 554 5645 γεται
583 5614 598 5629 .
616 5614 638 5645 ν.
672 5611 689 5628 .
718 5569 747 5627 6
780 5572 889 5645 γὰρ
919 5569 1076 5645 λόγος
1104 5569 1260 5645 ’κλαὶή
1288 5569 1500 5645 δόξαμού
1525 5569 1606 5641 τῷ
1661 5569 1804 5645 αὐτά
1824 5569 1976 5645 6566:

398 5594 554 5645 γεται
583 5614 598 5629 .
624 5614 638 5629 .
672 5611 689 5628 .
718 5589 747 5627 ο
780 5589 889 5693 γαρ
921 5589 1076 5636 Αογος
1112 5589 1208 5625 και
1227 5589 1260 5642 η
1288 5589 1415 5635 οοςα
1439 5589 1500 5623 ου
1525 5589 1606 5641 τῳ
1661 5589 1804 5625 αυτα
1831 5589 1976 5625 0505-

396 5646 524 5723 χθαι
554 5644 661 5723 τῶν
689 5646 846 5723 εναντ
872 5659 947 5723 ων
971 5640 1110 5723 aliaat
1137 5642 1362 5723 δεκτικά
1391 5639 1650 5723 Δλέγεται,
1708 5640 1847 5694 ἀλλὰ
1896 5638 1977 5712 τῷ

397 5712 530 5785 περὶ
555 5715 826 5785 ἕτερόν-δι
853 5713 913 5765 16
939 5713 1111 5776 πάθος
1148 5712 1501 5785 γεγενῆσθαι.

473 5780 593 5857 (50).
650 5780 926 5842 Catiforus
987 5785 1168 5852 legere
1227 5780 1400 5839 voluit
1459 5780 1971 5855 μεταδαλλομὲνοις.

2066 5083 2220 5133 tenet
2248 5090 2276 5129 3

2072 5230 2176 5303 ψ)

2392 5091 2437 5129 r.
2459 5074 2524 5130 C.
3022 5124 3035 5135 ι

2142 5092 2220 5131 iet
2248 5092 2437 5199 ειέιειι.
2459 5092 2524 5130 ιλ.
3022 5124 3035 5135 ,
3313 5136 3326 5149 .

2142 5145 2256 5216 (51)
2338 5161 2369 5200 x
2389 5144 2512 5216 Vat.
2537 5141 2785 5216 ordinem
2802 5141 3174 5216 membrorum
3205 5134 3459 5193 dedimus
3479 5133 3658 5216 ;_Ven.

2177 5205 2359 5339 iu
2393 5215 2481 5272 his
2509 5212 2792 5286 paululum
2823 5210 3003 5268 differt
3034 5218 3161 5281 post
3224 5220 3388 5263 voces
3440 5205 3659 5283 τίθησιν

2073 5302 2134 5339 ου
2143 5302 2284 5349 σιας.

2151 5347 2263 5428 (52)
2290 5354 2509 5428 Inucod.
2542 5351 2697 5428 lion.
2720 5353 2944 5428 hacAest
2976 5350 3284 5428 proprietas
3317 5347 3502 5428 tertia,
3533 5356 3660 5418 qua

2079 5419 2169 5481 ita‘
2188 5419 2518 5496 describitur
2546 5423 2796 5496 :_Tpi_106
2818 5423 2950 5478 ίδιον
2977 5419 3302 5496 οὐσίας
3334 5419 3455 5496 τόδε
3478 5434 3531 5472 τι
3559 5434 3662 5496 ση-

2082 5496 2296 5567 μαίνειν
2318 5508 2333 5525 ⁶
2369 5495 2543 5567 τοῦτο
2564 5494 2622 5549 δὲ
2643 5487 2710 5567 τὸ
2758 5494 2891 5548 ἴδιον
2923 5495 3002 5567 ,τῇ
3035 5487 3255 5567 ’μερι-κῇ
3279 5488 3464 5567 ⁸οὐσίᾳ
3520 5487 3661 5567 μόνῃ

2079 5548 2330 5638 άρμόξει,
2359 5548 2559 5638 οὖλέί
2576 5548 2677 5638 καὶ
2692 5566 2815 5628 ταῖς
2843 5548 3203 5638 καθόλού-θτὸ
3390 5548 3661 5638 δεικνύειν

2079 5584 2330 5638 αρμοςει,
2359 5584 2421 5621 οὐ
2463 5584 2481 5619 ι
2503 5584 2559 5619 οε
2582 5584 2677 5619 και
2692 5584 2815 5628 ταις
2843 5584 3074 5618 καυοΑου
3098 5584 3113 5593 -
3142 5584 3203 5621 το
3228 5584 3339 5629 γαρ
3390 5584 3650 5611 catmum

2076 5638 2168 5692 διὰ
2185 5639 2285 5708 τῆς
2306 5584 2489 5708 χειρές
2504 5634 2539 5707 ἢ
2573 5635 2735 5708 ἄλλου
2761 5634 2905 5697 τινὸς
2956 5632 3201 5708 τοιούτου
3226 5630 3326 5693 τὰς
3343 5698 3354 5708 ι
3386 5627 3485 5708 μὲν
3516 5625 3650 5708 καθ-

2076 5708 2201 5761 όλου
2228 5694 2417 5770 66060;
2440 5694 2541 5760 οὐκ
2588 5694 2897 5775 ἐνδέχεται(
2923 5705 3025 5775 τάς
3078 5703 3134 5757 δὲ
3164 5694 3399 5775 μερικάς
3453 5694 3661 5770 ἐνδέχε-

2080 5795 2170 5834 ται
2204 5776 2312 5850 (Cf.
2349 5777 2519 5834 Arist.
2551 5791 2599 5833 ε.
2639 5773 2755 5848 υς
2787 5776 2873 5843 Ni,
2897 5789 2947 5845 p.
2975 5773 3053 5844 5).
