3908 6214
348 270 449 336 731

1280 279 1382 341 AD
1405 280 2001 346 AMPHILOCHIUM
2038 285 2384 359 QU/ESTIO
2424 286 2740 349 CXXXIX.

3516 262 3635 344 ‘78’2

346 393 524 458 γένος,
572 391 825 465 δεύτερον
856 394 914 449 δὲ
946 394 1028 450 ὃτι
1061 394 1158 450 καὶ
1194 398 1222 452 6
1247 399 1421 453 εἰπὼν
1451 400 1512 453 τὸ
1538 396 1681 465 εἶδος
1729 403 1930 473 μᾶλλον

2040 404 2329 461 Alexandri
2363 421 2587 476 equum,
2622 419 2791 476 quam
2825 403 2920 476 qui
2951 402 3103 471 dicit,
3122 416 3249 459 eum
3273 414 3476 472 equum
3509 414 3634 456 csso

341 484 496 558 δηλοῖ
542 485 636 540 τὸν
677 486 977 559 Σωκράτην
1031 489 1066 561 ἢ
1113 490 1143 542 6
1192 490 1364 545 εἰπὼν
1406 493 1468 547 τὸ
1508 494 1698 563 γένος·
1746 498 1775 549 ὁ
1822 496 1933 569 γὰρ

342 575 516 631 εἰπὼν
539 576 827 648 ἄνθρωπον
874 578 1075 651 μᾶλλον
1115 582 1384 655 ἐδήλωσεν
1411 584 1556 656 ἢπερ
1590 588 1618 640 6
1646 585 1818 640 εἰπὼν
1849 588 1931 643 ὅτι

341 668 511 735 ζῶονο
546 668 689 724 ὥστε
733 669 794 739 ἐξ
834 665 912 727 ὧν
965 672 1351 747 Ἀριστοτέλης
1400 677 1672 750 ἐπιχειρεῖ
1714 678 1931 735 δίδωσιν

339 765 486 834 ἡμῖν
505 764 830 835 συμϐαλεῖν,
865 767 943 832 ὡς
973 768 1175 839 μᾶλλον
1201 769 1393 825 οὐσίαν
1415 771 1576 826 καλεί
1597 773 1698 845 τὴν
1725 775 1929 846 μᾶλλον

339 852 510 910 οὖσαν
544 857 943 933 ὲξαγγελτικὴν
993 861 1089 915 καὶ
1127 863 1532 938 ἑρμηνευτικὴν
1574 866 1669 920 τοῦ
1704 884 1930 937 προκει-

342 946 508 1015 μένου
547 948 703 1019 παρὰ
740 950 839 1021 τὴν
883 950 1081 1015 ἐνδεῶς
1122 954 1473 1024 πράττουσαν
1504 954 1693 1009 τοῦτο·
1723 955 1842 1020 πῶς
1864 957 1931 1023 ⁸δὲ

337 1038 401 1091 τδ
445 1037 649 1109 μᾶλλον
684 1040 1085 1113 ἑρμηνευτικὸν
1114 1044 1211 1098 καὶ
1254 1044 1642 1115 ἐξαγγελτικὸν
1668 1045 1764 1100 τοῦ
1796 1065 1932 1116 προο

340 1130 598 1199 κειμένου
630 1132 663 1203 ἢ
689 1133 826 1196 ὅλως
855 1135 1016 1188 οὐσία
1051 1135 1277 1191 δύναται
1308 1138 1630 1210 ὲννοηθῆναι
1658 1137 1692 1211 ἢ
1725 1138 1930 1211 μᾶλλον

2032 500 2117 554 vel
2151 499 2373 555 animal.
2411 499 2675 555 Similiter
2705 512 2947 571 quoque,
2975 497 3126 568 quod
3168 496 3238 551 ad
3271 494 3634 551 substantiam

2030 600 2241 662 spectat
2272 591 2661 657 universalem,
2696 592 2872 664 magis
2926 587 3241 646 substantia
3285 597 3369 643 est
3422 586 3637 657 species

2025 699 2192 755 quam
2241 700 2435 756 genus,
2491 694 2606 740 tum
2664 685 2795 755 quia
2855 682 3076 753 propior
3126 691 3211 736 est
3246 680 3458 750 species
3495 678 3639 734 sub-

2032 776 2246 830 stantiae
2280 775 2759 846 principalissimze
2789 774 2905 830 sive
2946 772 3261 837 individua},
3318 785 3483 841 quam
3542 785 3637 841 ge-

2039 884 2161 935 nus,
2192 878 2307 923 tum
2340 869 2468 939 quia
2522 868 2617 938 qui
2679 866 2916 937 speciem
2967 864 3103 921 dicit
3152 865 3326 936 magis
3383 863 3636 936 designat

2039 959 2343 1027 Socratem,
2371 978 2537 1031 quam
2560 960 2655 1031 qui
2675 958 2805 1015 dicit
2829 945 3157 1030 genus-Qui
3181 958 3329 1013 enim
3347 955 3629 1011 hominem

2040 1053 2175 1109 dicit
2208 1054 2383 1126 magis
2405 1054 2675 1125 designat,
2711 1068 2878 1124 quam
2907 1052 3001 1122 qui
3034 1049 3170 1106 dicit
3200 1049 3424 1106 animal.
3478 1048 3633 1104 Unde

2034 1159 2099 1200 ex
2132 1144 2201 1200 iis
2232 1161 2355 1215 quae
2395 1153 2810 1217 argumentatur
2866 1143 3193 1215 Aristoteles
3254 1130 3627 1214 colligendum

340 1221 527 1289 οὐσία,
563 1224 625 1278 οὐ
680 1225 776 1279 τοῦ
820 1227 1093 1298 παρόντος
1151 1230 1359 1284 σκοποῦ
1390 1230 1708 1302 διελέγχειν.
1771 1231 1931 1286 Ἀλλὰ

2040 1234 2196 1291 nobis
2234 1236 2455 1307 prmbct,
2488 1236 2634 1307 quod
2676 1236 2853 1307 magis
2880 1236 3246 1292 substantiam
3294 1234 3428 1290 dicit
3487 1248 3647 1307 eam,

340 1311 474 1384 περὶ
508 1313 608 1384 μὲν
637 1315 825 1380 οὐσίας
858 1318 995 1382 τέως
1023 1317 1118 1372 νῦν
1150 1320 1243 1372 ἐπὶ
1268 1320 1542 1376 τοσοῦτον.

2040 1340 2159 1395 qua:
2192 1326 2368 1396 magis
2392 1329 2643 1383 enuntiat
2677 1336 2730 1383 et
2775 1327 3018 1409 explicat
3047 1327 3100 1382 id
3128 1327 3195 1382 de
3253 1340 3364 1397 quo
3424 1324 3627 1406 agitur.

246 1490 249 1491 ν
340 1422 506 1478 quam
532 1410 662 1475 alia,
696 1427 820 1482 qua:
849 1412 904 1469 id
932 1414 1117 1471 minus
1146 1415 1302 1486 plene
1331 1426 1579 1488 praestat.
1631 1416 1924 1483 Quomodo
1996 1434 2129 1475 vero
2192 1421 2342 1492 quod
2392 1422 2570 1494 magis
2619 1423 2857 1493 explicat
2911 1432 2967 1477 et
2993 1422 3246 1477 enuntiat
3275 1420 3329 1477 id
3395 1420 3462 1476 de
3523 1435 3633 1489 quo

339 1505 625 1573 quaeritur,
648 1508 733 1563 vel
770 1510 999 1564 omnino
1049 1511 1357 1568 substantia
1419 1514 1507 1568 vel
1558 1513 1730 1584 magis
1794 1500 2104 1571 substantia
2127 1517 2355 1587 cogitari
2380 1527 2567 1590 queat,
2620 1533 2729 1574 non
2797 1518 2852 1572 in
2919 1515 3209 1587 prmsentia
3280 1519 3633 1586 perscrutanv

338 1596 469 1651 dttm
514 1599 930 1668 proposuimus.
992 1599 1214 1657 Verum
1257 1603 1325 1659 de
1371 1604 1680 1662 substantia
1737 1604 2024 1663 hactenus.

788 1744 793 1751 -
858 1714 1195 1769 ΕΡΩΤΙΙΣΙΣ
1232 1714 1405 1772 ΡΛΘ’.

930 1808 1069 1876 Περὶ
1109 1808 1329 1867 ποσοῦ.

2354 1720 2684 1790 ΩυΕδΤΙΟ
2717 1720 2989 1777 CXXXIX
3012 1719 3272 1794 [CLXXV
3285 1719 3323 1792 .]

2608 1813 2685 1869 De
2741 1815 3063 1885 quantitate.

1397 1931 1537 1983 Nunc
1560 1934 1774 1996 primum
1800 1932 1937 1983 edita
1965 1940 1993 1978 a
2036 1929 2099 1981 Ι).
2126 1931 2555 1996 Hergenroether.

406 2042 479 2095 α’.
526 2036 701 2092 Ποσόν
749 2039 903 2103 ἔστι,
954 2036 1079 2091 καθ’
1118 2037 1147 2091 δ
1180 2037 1294 2110 (55)
1343 2037 1453 2093 τῶν
1498 2039 1667 2094 δντων
1699 2038 1930 2093 ἕκαστον

2110 2037 2160 2092 l.
2202 2037 2481 2104 Quantum
2507 2046 2610 2102 est,
2643 2037 2948 2093 secundum
2980 2039 3127 2109 quod
3164 2052 3510 2109 unaquaeque
3542 2053 3630 2096 res

334 2128 686 2184 mmmam-
731 2129 849 2202 εἴδη
881 2129 940 2183 δὲ
970 2131 1165 2185 τούτου
1198 2129 1313 2199 δύο,
1347 2132 1569 2204 συνεχὲς
1607 2133 1704 2185 καὶ
1747 2130 1928 2203 διωρι-

2040 2132 2395 2198 quantitatem
2436 2132 2623 2186 habet.
2656 2131 2790 2202 Ejus
2843 2148 2977 2188 vero
3012 2133 3228 2203 species
3274 2133 3398 2188 duae
3434 2151 3447 2188 :
3499 2149 3629 2189 con-

338 2224 557 2293 σμένον.
617 2224 848 2294 Συνεχὲς
882 2225 981 2295 μὲν
1018 2219 1113 2277 οὖν
1144 2226 1261 2278 ἐστι
1315 2226 1517 2291 ποσὸν,
1550 2219 1612 2280 οὐ
1643 2226 1713 2280 τά
1762 2225 1931 2297 μόρια

337 2315 479 2387 πρός
518 2333 642 2371 τινα
690 2316 869 2371 κοινὸν
906 2317 1034 2388 ὅρον
1080 2318 1383 2383 συνάπτει,
1434 2319 1796 2391 διωρισμένον
1838 2318 1928 2384 δὲ,

334 2402 402 2462 οὐ
430 2407 501 2461 τὰ
529 2407 696 2479 μόρια
721 2408 861 2481 πρὸς
902 2408 1095 2463 οὐδένα
1122 2408 1301 2463 κοινὸν
1340 2410 1467 2482 ὅρον
1498 2411 1782 2464 συνάπτει.
1820 2410 1931 2463 Καὶ

336 2498 629 2571 διαιρεῖται
663 2501 727 2554 τὸ
761 2501 858 2570 μὲν
894 2500 1253 2572 διωρισμένον
1283 2502 1364 2565 εις
1394 2501 1489 2555 δύο
1510 2539 1526 2565 ,
1571 2502 1653 2565 εἰς
1697 2500 1932 2572 ἀριθμὸν

340 2593 440 2646 καὶ
472 2593 553 2656 εἰς
583 2592 675 2645 τὸν
699 2594 1035 2663 πυροφορικδν
1064 2592 1224 2662 λόγον
1257 2593 1369 2663 (56)
1392 2610 1408 2627 ο
1438 2592 1562 2647 οὐτε
1601 2593 1710 2665 γὰρ
1739 2593 1768 2646 6
1802 2595 1931 2664 ἀρι-

341 2683 482 2753 θμός
521 2684 637 2737 ἐστι
686 2685 955 2756 συνεχής·
1003 2685 1142 2756 πρὸς
1192 2684 1387 2739 οὐδένα
1432 2683 1541 2755 γὰρ
1586 2684 1765 2737 κοινὸν
1806 2685 1932 2755 ὅρον

344 2777 613 2832 συνάπτει
635 2778 706 2831 τὰ
735 2778 901 2850 μόρια
926 2778 1093 2833 αὐτοῦ
1120 2778 1235 2849 (57)
1258 2794 1273 2809 ’
1315 2778 1392 2843 ὡς
1419 2781 1447 2833 6
1469 2779 1585 2848 (58)
1605 2778 1740 2833 δέκα
1763 2793 1777 2806 ·
1806 2776 1933 2831 οὐτε

340 2870 456 2941 γὰρ
495 2871 633 2942 πρὸς
676 2870 884 2942 ἄλληλα
909 2870 1022 2941 (59)
1063 2872 1134 2926 τὰ
1163 2872 1327 2926 πέντε
1364 2872 1559 2928 καὶτὰ
1599 2873 1761 2927 πέντε
1792 2873 1825 2944 ἢ
1863 2871 1935 2925 τά

342 2964 473 3035 τρία
505 2963 645 3036 πρὸς
674 2964 789 3034 (60)
851 2965 923 3018 τά
972 2964 1115 3019 ἑπτά
1168 2965 1431 3020 συνάπτει
1484 2965 1622 3035 (61),
1660 2965 1778 3019 ἀλλ’
1823 2963 1933 3018 οὐδ’

343 3056 508 3112 ἄλλου
545 3056 692 3121 τινὸς
749 3055 1019 3128 ἀριθμοῦ’
1077 3056 1280 3127 ὁμοίως
1323 3056 1382 3110 δὲ
1430 3057 1527 3110 καὶ
1579 3056 1690 3129 (6‘2)
1747 3055 1868 3109 οὐδὲ
1905 3056 1934 3110 6

342 3149 503 3219 λόγος
532 3150 651 3203 ἐστὶ
682 3150 915 3220 συνεχής
937 3166 952 3180 ·
1000 3147 1520 3219 ωταμετρούμενος
1551 3148 1663 3218 γὰρ
1695 3147 1931 3219 συλλαϐῇ

346 3239 580 3312 βραχείᾳ
600 3240 695 3294 καὶ
719 3241 907 3311 μακρᾷ
932 3239 1077 3311 πρὸς
1104 3238 1296 3293 οὐδένα
1319 3239 1498 3293 κοινὰν
1524 3240 1651 3310 ὅρον
1673 3239 1741 3293 τά
1770 3239 1933 3310 μόρια

344 3331 516 3387 αὐτοῦ
558 3330 669 3402 (65)
711 3332 994 3386 συνάπτει.
1025 3330 1101 3383 Τὸ
1129 3331 1185 3383 δὲ
1218 3329 1439 3401 συνεχὲς
1472 3333 1554 3394 εἰς
1595 3330 1760 3384 πέντε
1795 3331 1933 3383 διαι-

348 3427 527 3497 ρεῖται
563 3424 679 3496 εἴδη
721 3424 775 3496 (6
789 3422 859 3495 ι),
891 3423 1159 3494 γραμμὴν
1192 3421 1329 3495 (65),
1367 3424 1713 3491 ἐπιφάνειαν,
1742 3423 1934 3494 χρόνον

345 3517 447 3572 καὶ
472 3520 639 3571 τόπον
662 3517 755 3569 καὶ
780 3517 861 3579 εἰς
890 3513 1273 3585 μαθηματικὸν
1310 3512 1474 3584 σῶμα
1502 3512 1636 3584 (66)’
1672 3514 1934 3586 μαθημα-

344 3609 499 3663 τικὸν
522 3606 582 3661 δέ
609 3609 725 3661 ἐστι
755 3606 916 3677 σῶμα
950 3606 1087 3677 (67),
1110 3596 1156 3673 ᾧ
1185 3606 1361 3675 μῆκος
1390 3605 1489 3675 μὲν
1519 3604 1618 3659 καὶ
1652 3604 1818 3674 βάθος
1843 3607 1937 3659 καὶ

347 3701 550 3765 πλάτος
582 3700 754 3766 ἔστιν,
793 3700 854 3752 οὐ
893 3698 1076 3769 μέντοι
1110 3714 1174 3766 γε
1206 3699 1317 3768 ἁφῇ
1352 3696 1448 3750 καὶ
1486 3696 1585 3769 θέᾳ
1612 3697 1935 3766 ὑποπίπτει,

346 3793 485 3848 ἀλλὰ
533 3793 610 3864 νῷ
648 3792 798 3863 μόνῳ
850 3791 1064 3860 πέφυκε
1107 3790 1351 3860 ληπτόν’
1393 3788 1626 3843 ἕκαστον
1667 3791 1776 3863 γὰρ
1819 3792 1933 3863 (68)

344 3886 553 3940 τούτων
600 3884 781 3939 κοινὸν
824 3884 955 3955 ερον
999 3884 1148 3953 ἔχει,
1180 3882 1317 3954 πρὸς
1362 3881 1423 3935 δν
1469 3882 1536 3937 τὰ
1568 3882 1736 3954 μόρια
1767 3885 1935 3939 αὐτοῦ

348 3980 639 4034 συνάπτειο
674 3980 710 4050 ἡ
742 3978 842 4049 μὲν
867 3977 978 4049 γὰρ
1010 3976 1246 4048 γραμμὴ
1283 3977 1344 4030 τὸ
1385 3980 1612 4048 σημεῖον
1648 3977 1782 4050 (69),
1818 3980 1936 4051 ἡδὲ

345 4072 640 4142 ἐπιφάνεια
667 4070 769 4140 τὴν
797 4067 1088 4139 γραμμὴν,
1108 4066 1168 4121 τὸ
1187 4067 1246 4121 δὲ
1271 4065 1432 4138 σῶμα
1455 4067 1554 4140 τὴν
1585 4070 1932 4139 ἐπιφάνειαν,

344 4167 376 4218 6
401 4165 459 4220 δὲ
482 4164 670 4236 χρόνος
700 4163 761 4216 τὸ
784 4161 912 4222 νῦν,·
949 4161 1012 4215 τὸ
1040 4161 1150 4231 γὰρ
1177 4159 1274 4215 νῦν
1305 4160 1572 4214 συνάπτει
1594 4161 1734 4232 πρός
1756 4179 1817 4215 τε
1841 4161 1935 4216 τὸν

345 4256 760 4327 παρεληλυθότα
786 4255 882 4308 καὶ
917 4252 1009 4307 τὸν
1048 4251 1343 4323 μέλλοντα·
1378 4253 1407 4305 6
1434 4250 1492 4305 δὲ
1523 4251 1692 4316 τόπος
1728 4254 1935 4323 ὁμοίως

346 4349 581 4419 συνεχὴς
629 4346 706 4400 ὣν
731 4346 832 4417 τὴν
870 4346 1139 4416 γραμμὴν
1167 4342 1282 4415 ἔχει
1312 4343 1492 4397 κοινὸν
1534 4345 1660 4415 ὅρον
1682 4361 1695 4376 ·
1748 4347 1935 4417 σχεδὸν

346 4442 457 4512 γὰρ
487 4440 687 4496 ταυτόν
725 4442 844 4493 ἐστι
872 4440 900 4493 6
929 4455 991 4491 τε
1034 4437 1200 4501 τόπος
1249 4437 1345 4491 καὶ
1376 4437 1409 4506 ἠ
1443 4436 1736 4505 ἐπιφάνεια
1759 4456 1774 4471 ·
1815 4439 1934 4493 δια-

347 4532 507 4604 φέρει
556 4531 615 4585 δὲ
643 4532 727 4585 ὅτι
751 4530 850 4601 τὴν
896 4529 996 4601 μὲν
1025 4527 1353 4597 ἐπιφάνειαν
1380 4525 1482 4580 οὐκ
1510 4527 1724 4601 ἀνάγκη
1774 4530 1935 4602 σῶμα

348 4625 579 4695 φυσικὸν
605 4624 914 4697 περιέχειν,
936 4622 1028 4677 τὸν
1053 4621 1112 4675 δὲ
1137 4620 1302 4674 τόπον
1334 4619 1549 4690 ἀνάγκη
1581 4619 1694 4693 (70)
1720 4639 1734 4654 ο
1768 4624 1827 4692 ἐξ
1856 4643 1932 4680 ων
1968 4639 2012 4694 ι)

2031 2224 2246 2278 tinuum
2278 2235 2332 2277 et
2359 2223 2692 2290 discretum;
2724 2224 3050 2279 continuum
3093 2225 3262 2296 igitur
3307 2234 3392 2280 est
3451 2241 3629 2295 quan-

2032 2326 2169 2378 tum.
2221 2316 2380 2387 cujus
2408 2325 2592 2385 partes
2618 2317 2855 2373 termino
2894 2318 3060 2373 alicui
3088 2319 3372 2373 communi
3419 2333 3627 2374 conne—

2033 2409 2622 2475 ctuntur;discretum
2659 2426 2815 2474 vero,
2849 2411 3011 2481 cujus
3065 2423 3252 2481 partes
3296 2412 3447 2466 nullo
3475 2428 3628 2468 com—

2033 2504 2188 2559 muni
2218 2505 2456 2561 termino
2498 2506 2800 2561 cohaerent.
2835 2504 2913 2561 Ac
2943 2506 3244 2562 discretum
3304 2506 3526 2577 quidem
3568 2507 3625 2562 in

2033 2599 2145 2654 duo
2175 2598 2459 2665 dividitur,
2505 2600 2559 2654 in
2610 2614 2902 2654 numerum
2928 2610 2983 2655 et
3035 2600 3089 2654 in
3120 2600 3364 2655 vocalem
3413 2616 3628 2656 sermo-

2035 2706 2180 2745 nem.
2214 2688 2405 2760 Neque
2452 2691 2598 2746 enim
2648 2706 2917 2747 numerus
2957 2704 3046 2747 est
3102 2692 3445 2759 continuus;
3501 2693 3622 2762 ejus

2034 2785 2180 2840 enim
2218 2794 2400 2856 partes
2438 2785 2574 2841 nulli
2608 2785 2888 2841 communi
2921 2786 3161 2841 termino
3190 2793 3622 2851 connectuntur;

2034 2895 2087 2935 ν.
2124 2896 2208 2951 gr.
2253 2880 2440 2937 decem
2503 2880 2704 2951 (neque
2759 2877 2906 2933 enim
2935 2878 3003 2933 ad
3062 2879 3294 2935 invicem
3351 2880 3628 2934 cnhaarent

2035 2971 2277 3041 quinque
2306 2979 2361 3025 et
2411 2970 2655 3041 quinque
2704 2970 2791 3024 vel
2822 2969 2927 3023 tria
2975 2969 3043 3025 ad
3075 2972 3349 3041 septem);
3385 2971 3466 3025 sic
3522 2984 3627 3024 nec

2037 3063 2263 3119 alterius
2296 3062 2463 3118 ullius
2488 3061 2703 3117 numeri
2730 3068 2938 3131 partes.
2968 3059 3233 3115 Similiter
3250 3075 3424 3130 neque
3443 3075 3626 3115 sermo

2035 3168 2118 3211 est
2162 3155 2495 3222 continuus;
2526 3153 2785 3209 metimur
2813 3154 2960 3209 enim
2987 3168 3114 3207 eum
3152 3153 3359 3224 syllaba
3392 3153 3536 3207 brevi
3572 3161 3629 3207 et

2036 3249 2197 3319 longa
2220 3257 2276 3303 et
2305 3246 2426 3317 ejus
2465 3256 2648 3317 partes
2681 3245 2834 3301 nullo
2861 3246 3139 3300 cohaerent
3173 3243 3455 3299 communi
3511 3251 3626 3298 ter-

2038 3343 2211 3396 mino.
2241 3341 2575 3395 Continuum
2616 3355 2749 3395 vero
2786 3341 2840 3394 in
2872 3339 3123 3410 quinque
3178 3338 3388 3408 species
3429 3336 3627 3392 dividi.

1959 3430 2005 3509 ξ’
2041 3442 2150 3498 tur,
2188 3432 2412 3497 lineam,
2445 3431 2813 3502 superﬁciem,
2868 3441 3085 3501 tempus
3138 3439 3193 3485 et
3237 3430 3419 3485 locum
3471 3438 3526 3485 et
3570 3430 3625 3483 iu

2038 3539 2239 3594 corpus
2264 3524 2740 3580 mathematicum.
2772 3523 2870 3579 Est
2910 3532 3092 3579 autem
3146 3537 3350 3592 corpus
3414 3522 3626 3575 matbe-

2040 3616 2321 3685 maticum,
2348 3616 2492 3687 quod
2517 3616 2935 3689 longitudinem,
2966 3614 3396 3686 profunditatem
3429 3625 3482 3667 et
3506 3614 3628 3667 lati-

2041 3708 2285 3763 tudinem
2320 3708 2508 3771 habet,
2541 3724 2651 3763 non
2702 3723 2837 3764 vero
2865 3706 3035 3763 tactui
3065 3714 3121 3763 et
3149 3705 3289 3761 visui
3311 3703 3623 3773 subjicitur,

2038 3814 2228 3854 verum
2293 3799 2408 3855 sola
2464 3807 2646 3854 mente
2696 3799 2902 3870 percipi
2956 3805 3155 3868 potest.
3208 3794 3417 3851 ﬂorum
3452 3809 3623 3848 unum

2038 3891 2296 3962 quodque
2327 3905 2679 3946 communem
2706 3889 2870 3944 habet
2922 3891 3242 3951 terminum,
3289 3902 3398 3956 quo
3441 3894 3624 3955 partes

2039 3983 2215 4054 ipsius
2238 3983 2547 4048 cohaerent;
2599 3981 2742 4037 linea
2792 3980 3049 4036 videlicet
3078 3987 3368 4049 punctum,
3398 3975 3627 4045 superli-

2037 4074 2150 4130 cies
2178 4074 2403 4135 lineam,
2432 4088 2632 4144 corpus
2682 4071 3057 4143 superficiem,
3113 4078 3327 4139 tempus
3382 4080 3626 4137 prmsens

2038 4173 2415 4231 momentum;
2466 4179 2706 4235 praesens
2761 4163 2910 4217 enim
2960 4169 3177 4231 tempus
3222 4159 3461 4215 cohaeret
3498 4172 3627 4211 cum

2037 4257 2314 4328 praeterito
2341 4265 2396 4312 et
2426 4256 2632 4310 futuro.
2670 4254 2848 4310 Locus
2875 4269 3029 4319 vero,
3080 4252 3172 4320 qui
3208 4250 3463 4305 similiter
3488 4264 3626 4304 con-

2038 4350 2225 4403 tinuus
2253 4357 2357 4413 est,
2416 4349 2611 4402 lineam
2670 4346 2830 4401 habet
2886 4359 3236 4401 communem
3292 4343 3621 4408 terminum;

2037 4440 2150 4495 fere
2178 4439 2326 4503 enim
2363 4438 2504 4494 idem
2552 4447 2681 4493 sunt
2735 4448 2849 4493 tum
2900 4438 3057 4491 locus
3097 4443 3214 4489 tum
3264 4434 3621 4503 superﬁcies;

2038 4530 2299 4587 dill‘erunt
2329 4539 2536 4593 autem,
2565 4530 2696 4599 quia
2743 4527 3089 4600 superﬁciem
3153 4525 3375 4596 quidem
3420 4540 3625 4594 corpus

2039 4625 2323 4697 physicum
2345 4624 2488 4678 haud
2529 4636 2756 4679 necesse
2809 4630 2893 4677 est
2931 4620 3240 4683 continere,
3274 4618 3457 4675 locum
3491 4633 3624 4673 vero

1873 4740 2103 4801 NOT/E.

442 4839 534 4904 55)
568 4839 705 4896 Cod.
730 4839 877 4896 Mon.
903 4840 945 4895 f.
983 4840 1053 4894 27
1086 4855 1138 4895 a.
1171 4854 1185 4893 :
1216 4834 1423 4893 Φωτίου
1463 4834 1593 4905 περὶ
1626 4840 1818 4895 ποσοῦ.
1854 4842 1922 4897 Π.

345 4913 409 4984 ἐιζ
428 4904 777 4984 Κατηγορία,
812 4910 933 4984 καθξ
961 4913 1051 4984 ἥν.
1080 4910 1154 4984 De
1200 4912 1288 4967 bis
1316 4904 1429 4975 agit
1475 4904 1703 4966 Aristot.
1760 4928 1813 4969 c.
1872 4912 1924 4969 6.

350 4980 433 5036 lC.
464 4981 519 5045 ι,
542 4980 674 5051 ρζθ
693 4983 781 5038 ed.
811 4980 994 5037 Paris.
1022 4981 1141 5048 cit.)

422 5051 533 5130 (56)
562 5053 731 5130 Arist.
759 5054 1084 5130 simpliciter
1118 5052 1283 5130 habet
1332 5059 1509 5130 λόγον,
1573 5069 1734 5130 quem
1795 5070 1928 5111 vero

344 5123 542 5202 deinde
565 5140 637 5202 _e_x
650 5125 810 5194 plicat
835 5124 929 5202 τδν
957 5125 1097 5194 μετὰ
1124 5126 1307 5202 φωνῆς
1352 5123 1658 5202 γινόμενον.

419 5192 533 5269 (57)
564 5192 713 5269 Μῌοίι.
754 5196 848 5269 qui
884 5192 1003 5252 haec
1044 5192 1386 5257 verbolenus
1416 5192 1636 5258 re'ddit:
1688 5197 1770 5252 Τὰ
1829 5199 1927 5269 μό·

345 5265 635 5337 ριααύτοῦ
668 5268 950 5323 συνάπτει.

419 5334 534 5405 (58)
564 5336 707 5390 Μοη.
735 5337 851 5391 τοῦ.

418 5406 730 5487 (59)__§lqn.
772 5407 910 5487 Ορτε
937 5412 1044 5487 γάρ
1084 5413 1154 5468 τά
1212 5414 1379 5487 μόρια
1428 5414 1610 5470 αὐτῶν
1665 5413 1929 5468 συνάπτει

343 5473 495 5549 πρρς
514 5473 745 5549 ἄλληλα,
782 5473 895 5536 οἷον
920 5473 991 5536 τὰ
1015 5473 1099 5539 ’π.

414 5545 531 5686 (60)
562 5545 710 5603 Mdu.
741 5550 870 5606 Καί.

441 5618 530 5686 61)
555 5617 677 5673 Vat.
712 5621 870 5676 Συνάτ

441 5618 530 5699 6l_)
555 5617 677 5673 Vat.
705 5621 1072 5699 _26y_aimsrat,
1108 5627 1391 5698 sequentia
1419 5626 1537 5683 ἀλλ’
1580 5625 1692 5684 οὐδ.
1765 5629 1817 5683 ἄ.
1869 5646 1920 5684 τ.

345 5691 437 5760 ἀρ.
474 5688 673 5746 desunt
704 5693 755 5744 in
783 5691 927 5752 Mori.

419 5760 532 5828 (6:2)
570 5761 663 5816 καί
694 5762 842 5820 dccst
870 5766 923 5820 in
954 5767 1098 5824 illou.

2107 4841 2221 4913 (65)
2250 4840 2418 4896 αὐτοῦ
2453 4842 2522 4913 τά
2556 4840 2725 4913 μόρια
2752 4839 2900 4913 MOI}2

2102 4905 2216 4983 (64)
2246 4913 2415 4983 διαιρ.
2445 4905 2591 4983 εῐδηί
2619 4905 2797 4967 ὀιιιίιῑ.
2854 4910 3038 4975 Mem;
3071 4905 3222 4961 addit
3254 4921 3385 4968 vero
3412 4909 3501 4975 εἰς
3526 4925 3616 4979 γρ.

2125 4984 2216 5051 65)
2257 4983 2401 5037 Men.
2428 4982 2525 5035 καὶ
2550 4982 2631 5045 εις
2661 4983 2822 5049 ὲπιφ.

2062 5052 2214 5177 ἰ(ϐίέ)
2244 5053 2390 5109 Mon.
2429 5053 2525 5107 καὶ
2547 5054 2628 5117 εἰς
2664 5052 2826 5123 σῶμα
2865 5052 2997 5124 μαθ.
3034 5054 3128 5106 καὶ
3168 5054 3249 5119 εἰς
3284 5054 3477 5131 χρόνον
3524 5053 3621 5106 καὶ

2083 5142 2110 5177 ς
2137 5143 2166 5177 τ
2201 5141 2322 5177 πον.

2028 5141 2110 5178 εις
2137 5141 2322 5178 τοπον.

2083 5142 2393 5267 ῆεξζῖτῖἶύη.
2418 5193 2584 5267 σῶμά
2607 5194 2756 5248 ἐστιν
2788 5194 2852 5248 τὸ
2890 5194 3068 5267 μῆκος
3119 5195 3215 5249 καὶ
3272 5195 3500 5267 πλάτος
3520 5196 3617 5267 καὶ

2032 5265 2194 5337 βάθος
2230 5264 2373 5335 ἔχον,
2409 5264 2703 5337 μήμένιιοι
2734 5269 2798 5337 τῇ
2833 5264 2971 5321 άξκ.
3019 5266 3070 5320 θ.
3112 5265 3444 5328 ὐποπίπτον.
3478 5265 3615 5319 ἀλλὰ

2031 5335 2108 5408 νῷ
2141 5337 2286 5460 μόνῖ
2318 5335 2673 5408 περιληπτὸν,
2789 5335 2796 5337 ’
3112 5336 3127 5365 ι

2107 5407 2218 5460 (68)
2284 5406 2401 5460 lon.
2432 5403 2545 5460 οὖν.

2107 5403 2218 5475 (68)
2254 5403 2407 5463 Men.
2432 5403 2545 5463 οὖν.

2242 5475 2415 5552 Arist.
2447 5482 2705 5552 στιγμήν.

2101 5546 2215 5620 (70)
2243 5546 2753 5619 Ηυουειιυοὲειὶιθηι
2784 5551 2850 5606 ad
2895 5551 3117 5607 verbum
3152 5550 3313 5604 habet
3342 5547 3461 5620 eod.
3493 5546 3610 5602 Mo-

2031 5635 2157 5677 "30-
2180 5617 2204 5691 ei
2226 5617 2472 5690 Sequitur
2521 5622 2591 5677 ibi
2650 5622 2843 5680 deinde
2871 5641 2883 5677 :
2919 5623 3011 5681 καὶ
3042 5624 3070 5675 6
3097 5621 3329 5684 τόπος...
3356 5617 3417 5691 [ι’.
3445 5635 3615 5687 (pave.

2033 5691 2145 5763 ρδνῖ
2172 5690 2253 5744 ὅτι
2296 5691 2546 5764 συνεχής.
