3908 6214
499 298 606 362 ῙΒἹ

1665 307 1929 368 ΡΗΟΤΙῙ
1958 309 2469 370 PATIllAllCILE
2497 312 2605 371 CP.

3675 319 3785 381 783

501 434 628 475 mox
686 398 817 473 vero
872 419 1004 474 illud
1062 420 1267 492 abiecit
1297 431 1353 477 ct
1377 421 1667 494 deposuit;
1719 425 1869 480 verbi
1902 427 2074 497 gratia

2188 427 2298 500 γάρ⁸
2322 428 2554 483 τοιοῦτοι
2591 428 2701 501 (12)
2744 429 3013 496 διαθέσεις
3046 431 3194 504 ἔχειν
3237 433 3513 503 λέγονται’
3553 434 3774 506 διετέθη

499 524 647 574 eum,
684 508 776 577 qui
803 521 1024 578 propter
1053 510 1395 565 iracundiam
1430 512 1650 567 erubuit
1681 513 1765 567 vel
1797 529 1907 583 prae
1931 526 2074 569 metu

500 600 721 671 palluit;
777 602 913 656 tales
947 602 1095 656 enim
1116 602 1531 673 dispositionem
1560 604 1762 660 habere
1785 604 2074 673 dicuntur;

501 689 802 759 dispositus
834 707 1068 761 namque
1098 690 1203 747 fuit
1233 708 1423 748 eorum
1442 694 1673 764 quilibet
1705 695 1771 749 ad
1801 695 2076 751 modicum

503 784 713 847 tempus
749 780 1048 834 secundum
1074 782 1328 836 ruborem
1360 782 1445 836 vel
1489 784 1747 853 pallorem
1774 802 1788 852 ;
1820 800 1929 839 non
1952 800 2080 840 vero

503 870 668 922 ullius
718 870 909 923 harum
942 871 1269 940 qualitatum
1315 873 1561 928 habitum
1610 874 1874 946 suscepit.
1924 873 2082 931 Patet

504 972 682 1013 autem
712 976 837 1014 eum
867 962 960 1031 qui
986 963 1232 1017 habitum
1260 965 1442 1031 habet,
1480 966 1633 1035 prius
1656 968 2077 1038 dispositionem

503 1051 793 1115 habuisse;
833 1055 987 1123 prius
1042 1056 1187 1110 enim
1216 1057 1340 1111 talis
1371 1059 1674 1114 secundum
1719 1061 1866 1115 illam
1899 1060 2081 1132 qua-li-

502 1152 668 1199 tatetn
730 1148 1031 1217 dispositus
1080 1159 1217 1215 erat,
1280 1150 1476 1208 deinde
1522 1153 1604 1209 sic
1659 1154 1779 1223 ejus
1835 1155 2078 1209 habitum

495 1238 761 1307 sust-epit.
843 1241 1020 1310 Atque
1082 1241 1198 1297 hace
1254 1243 1475 1313 quidem
1523 1244 1590 1300 de
1656 1245 1832 1316 prima
1894 1247 2081 1317 specie

502 1329 809 1397 qualitatis.

567 1420 623 1473 2.
666 1421 847 1476 Altera
885 1438 1014 1478 vero
1045 1425 1327 1494 qualitatis
1354 1427 1566 1496 species
1600 1437 1684 1484 est
1749 1429 1995 1499 potentia
2027 1437 2082 1484 et

497 1507 843 1578 impotentia.
886 1513 1012 1568 Haec
1039 1531 1171 1570 vero
1199 1533 1306 1571 non
1332 1527 1620 1584 suntactu,
1651 1519 1745 1574 sed
1778 1535 1873 1589 per
1905 1520 2078 1575 solam

496 1598 838 1655 habilitatetn
881 1606 1282 1672 producuntur.
1318 1607 1411 1661 Est
1441 1624 1569 1663 vero
1600 1610 1842 1678 potentia
1876 1610 2079 1663 habili-

497 1692 632 1745 tatis
673 1707 1015 1763 progressus,
1053 1696 1373 1766 impotentia
1432 1708 1612 1754 autem
1654 1700 1945 1757 difﬁcultas
1995 1702 2081 1756 vel

2181 520 2282 591 μὲν
2306 520 2415 593 γάρ
2438 522 2669 587 ἕκαστος
2693 524 2899 577 τούτων
2928 526 3065 596 πρὸς
3088 526 3272 595 ὀλίγον
3293 528 3438 582 κατὰ
3460 527 3564 600 τὴν
3595 528 3775 599 ὠχρὸο

2178 614 2370 686 τηταῆ
2407 614 2748 687 ἐρυθρότητα
2770 632 2786 647 ο
2822 618 2924 670 οὐκ
2956 618 3173 687 ἐγένετο
3213 618 3271 672 δὲ
3310 620 3489 682 οὐδεὶς
3506 620 3777 690 οὐδεμιᾶς

2180 708 2398 772 ἐκτικὸς
2425 709 2631 764 τούτων
2655 710 2789 782 (15).
2814 710 2985 781 Δῆλον
3005 712 3049 765 δ’
3064 714 3145 766 ὅτι
3160 715 3189 767 ό
3211 713 3348 783 ἔχων
3376 713 3481 784 τὴν
3498 713 3618 780 ἕξιν
3638 716 3777 784 πρό-

2177 817 2336 872 τερον
2360 801 2487 873 ἐσχε
2515 804 2617 872 τὴν
2637 802 2878 856 διάθεσιν
2910 804 3042 874 (14)·
3080 804 3295 877 διετέθη
3330 802 3441 877 γὰρ
3485 805 3710 870 πρῶτον
3744 806 3776 856 ὁ

2179 894 2420 958 τοιοῦτος
2448 893 2589 949 κατὰ
2614 894 2715 966 τὴν
2745 895 3031 967 ποιότητα,
3072 892 3174 951 εἶθ’
3203 897 3376 961 οὕτως
3409 895 3623 968 ταύτης
3658 898 3773 964 (15)

2180 986 2392 1050 ἐκτικὸς
2421 987 2662 1056 ἐγένετο.
2701 987 2813 1042 Καὶ
2841 987 2986 1043 οὓτω
3015 989 3116 1061 μὲν
3144 989 3272 1063 περ).
3299 988 3395 1045 τοῦ
3430 988 3660 1063 πρώτου
3691 989 3773 1043 εἶ-

2179 1081 2301 1147 δους
2322 1082 2421 1153 τῆς
2451 1081 2755 1154 ποιότητος.

2252 1421 2320 1492 β’.
2348 1420 2612 1491 Δεύτερον
2637 1421 2695 1475 δὲ
2734 1420 2872 1485 εἶδος
2904 1422 3191 1494 ποιότητος
3231 1422 3464 1494 δύναμις
3506 1422 3603 1477 καὶ
3642 1423 3745 1475 ἀδυ

2180 1514 2353 1583 ναμία
2372 1530 2387 1545 ·
2422 1514 2598 1567 ταῦτα
2627 1514 2683 1567 δὲ
2713 1515 2815 1568 οὐκ
2847 1516 2958 1567 stat
2986 1516 3131 1570 κατὰ
3158 1516 3264 1585 τὴν
3295 1517 3579 1588 ἐνέργειαν
3617 1516 3733 1589 (16)
3762 1558 3776 1577 ,

2181 1607 2319 1662 ἀλλὰ
2367 1607 2491 1660 κατ’
2534 1607 2946 1678 ἐπιτηδειότητα
3007 1608 3175 1679 μόνην
3238 1609 3599 1681 προάγονται.
3660 1610 3777 1661 Καὶ

2181 1701 2297 1754 ἐστι
2334 1701 2445 1771 (l7)
2472 1699 2701 1771 δύναμις
2740 1699 2840 1771 μὲν
2872 1700 3310 1771 ἐπιτηδειότητος
3336 1702 3610 1771 προκοπὴ,
3639 1700 3776 1754 άδυ-

494 1783 707 1838 cxcisio
742 1784 1067 1842 habilitatis.
1102 1788 1350 1859 Exempli
1396 1793 1570 1861 gratia
1629 1794 1943 1862 prmstantis
1998 1794 2080 1848 in-

2188 1793 2356 1863 ναμία
2387 1794 2443 1847 δέ
2465 1792 2722 1847 δυσκολία
2749 1792 2783 1863 ἢ
2816 1792 3027 1865 ἐκκοπὴ
3054 1792 3508 1863 ἐπιτηδειότητος·
3532 1787 3649 1846 οἷον
3677 1792 3777 1845 τὸν

504 1875 647 1943 genii
690 1892 915 1945 puerum
955 1881 1252 1948 potentiam
1301 1882 1502 1937 habere
1553 1883 1810 1950 dicimus,
1849 1895 1907 1940 ut
1954 1899 2085 1955 geo-

504 1966 767 2022 metricus
791 1969 905 2033 fiat,
949 1970 1250 2026 hebetioris
1284 1988 1412 2028 vero
1449 1974 1653 2045 ingenii
1686 1991 1915 2045 puerum
1976 1977 2083 2031 im-

499 2058 826 2125 potentiam.
861 2058 1062 2114 Eodem
1100 2064 1263 2117 modo
1320 2066 1431 2134 apti
1490 2067 1556 2120 ad
1618 2082 1844 2121 cursum
1901 2076 1957 2122 et
2014 2067 2083 2123 ad

503 2151 808 2219 pugilatum
868 2153 1127 2208 dicuntur
1164 2172 1270 2210 non
1304 2160 1526 2227 quidem
1558 2170 1842 2214 currentes
1870 2169 1925 2215 et
1982 2175 2084 2229 pu-

501 2243 736 2312 gilantes
775 2245 850 2315 (hi
883 2248 1029 2301 enim
1067 2259 1329 2303 vocantur
1355 2266 1608 2306 cursores
1635 2252 1960 2323 etpugiles),
1989 2252 2083 2308 sed

504 2335 600 2404 qui
640 2336 996 2405 apliltldinem
1031 2340 1482 2412 habilitatemque
1530 2343 1734 2399 habent
1759 2346 1825 2398 ad
1857 2360 2081 2399 cursum

504 2429 591 2483 vel
633 2431 700 2484 ad
734 2433 1071 2501 pugilatum;
1134 2444 1190 2489 et
1217 2435 1468 2490 salubres
1522 2437 1781 2491 dicuntur
1839 2453 1946 2492 non
1995 2438 2088 2509 qui

505 2520 645 2577 bona
679 2522 940 2579 fruuntur
971 2527 1282 2583 valetudine
1314 2529 1390 2600 (hi
1425 2530 1569 2584 enim
1606 2539 1873 2585 vocantur
1917 2531 2087 2600 sani),

504 2616 598 2669 sed
632 2617 723 2686 qui
760 2620 1056 2688 potentiam
1090 2622 1294 2677 habent
1344 2622 1478 2676 nihil
1514 2622 1675 2677 facile
1726 2623 1795 2678 ab
1832 2624 2088 2679 acciden-

504 2706 652 2761 tibus
684 2709 922 2777 patiendi
972 2713 1224 2783 (morbidi
1269 2729 1397 2769 vero
1430 2715 1511 2769 vel
1552 2715 1742 2786 aegroti
1808 2714 2089 2780 dicuntur,

2184 1885 2358 1956 εὐφυῆ
2390 1884 2555 1938 παῖδα
2579 1883 2812 1955 δύναμιν
2846 1882 2991 1952 ἔχειν
3019 1882 3202 1953 φαμὲν
3226 1882 3319 1937 τοῦ
3350 1883 3602 1951 γενέσθαι
3629 1899 3777 1951 γεω-

2187 1974 2466 2047 μετρικὸν,
2502 1974 2595 2028 τὸν
2624 1974 2682 2027 δέ
2707 1972 2855 2043 ἀφυῆ
2891 1972 3214 2043 ἀδυναμίαν·
3242 1972 3331 2027 τδν
3357 1973 3520 2027 αὐτὸν
3546 1973 3605 2026 δὲ
3634 1973 3773 2043 τρόο

2184 2084 2286 2121 πον
2310 2066 2406 2120 καὶ
2438 2065 2692 2138 δρομικοὶ
2719 2064 2970 2133 λέγονται
2989 2063 3085 2117 καὶ
3111 2064 3367 2117 πυκτικο“ι
3385 2105 3399 2121 .
3429 2063 3529 2132 οὐχ
3555 2062 3605 2115 οἱ
3635 2060 3773 2132 τρέ-

2183 2179 2370 2235 χοντες
2393 2161 2425 2233 ἢ
2456 2160 2819 2223 πυκτεύοντες
2846 2152 3028 2227 (οὗτοι
3062 2156 3171 2228 γάρ
3200 2157 3421 2228 δρομεῖς
3441 2156 3535 2209 καὶ
3557 2154 3773 2210 πύκται

2183 2252 2518 2325 καλοῦνται),
2548 2252 2663 2306 ἀλλ’
2689 2253 2736 2305 οἱ
2769 2250 2984 2321 ἔχοντες
3013 2247 3333 2319 ἐπιτηδείως
3362 2246 3498 2319 πρὸς
3523 2247 3614 2301 τὸν
3641 2246 3775 2317 δρό-

2186 2364 2287 2418 μον
2325 2346 2419 2399 καὶ
2461 2344 2573 2415 (18)
2608 2344 2707 2413 τὴν
2745 2342 3006 2412 πυγμήνο
3038 2340 3136 2395 κα)⁵
3167 2340 3392 2408 ὑγιεινοὶ
3427 2340 3523 2409 οὐχ
3567 2340 3619 2391 al
3653 2338 3773 2408 (l9)

2184 2438 2526 2508 ὑγιαίνοντες
2577 2437 2594 2505 (
2610 2430 2758 2491 οὗτοι
2807 2435 2918 2505 γὰρ
2965 2434 3139 2504 ὑγιεῖς
3188 2433 3517 2502 λέγονται),
3553 2432 3674 2486 ἀλλ’
3718 2434 3776 2485 οἱ

2183 2532 2398 2602 ἔχοντες
2421 2530 2652 2596 δύναμιν
2674 2526 2770 2581 τοῦ
2798 2526 2964 2598 μηδὲν
2986 2526 3216 2596 πάσχειν
3231 2524 3338 2579 ὐπὸ
3358 2524 3465 2578 τῶν
3488 2523 3777 2593 τυχόντων

2184 2612 2423 2686 εὐκόλως
2452 2622 2589 2693 (20).
2614 2620 2804 2676 Ταῦτα
2830 2618 2896 2691 δὴ
2925 2618 3058 2690 περὶ
3082 2618 3183 2689 τῆς
3204 2617 3487 2689 δυνάμεως
3512 2617 3609 2672 καὶ
3638 2616 3779 2670 ἁδυ-

2184 2716 2407 2787 ναμίας.

498 2801 596 2869 qui
622 2803 928 2858 naturalem
980 2804 1185 2861 habent
1220 2806 1598 2878 impotentiam
1630 2807 1769 2863 nihil
1807 2807 1971 2866 facile
1999 2808 2242 2880 patiendi
2273 2809 2344 2865 ab
2369 2808 2798 2882 accidentibus).
2865 2811 2992 2869 Ηιεε
3061 2811 3131 2868 de
3188 2807 3432 2882 potentia
3468 2816 3523 2862 et
3587 2805 3774 2874 impo-

496 2898 668 2952 tentia
694 2899 838 2955 dicta
867 2908 1054 2958 sunto.

574 2996 628 3050 5.
666 2994 851 3051 Tertia
900 2999 1185 3067 qualitatis
1242 3002 1455 3071 species
1501 3003 1719 3072 passiva
1784 3002 2082 3076 (patibilis)

2256 3002 2327 3073 γ’.
2349 3003 2546 3075 Τρίτον
2566 3002 2624 3056 δέ
2644 2997 2785 3065 εἶδος
2807 2999 3095 3070 ποιότητος
3118 2994 3398 3066 παθητικὴ
3427 2993 3653 3062 ποιότης
3675 2991 3776 3043 καὶ

500 3088 739 3157 qualitas
766 3097 822 3143 et
848 3090 1054 3158 passio.
1089 3091 1185 3146 Est
1221 3104 1404 3147 autem
1438 3096 1658 3164 passiva
1689 3097 1928 3167 qualitas
1956 3112 2083 3169 pas-

496 3181 643 3235 sioni
685 3181 902 3236 cuidam
963 3183 1053 3237 diu
1096 3183 1412 3254 conjuncta,
1482 3188 1666 3255 passio
1690 3178 1829 3245 vero.
1874 3190 1959 3243 via
2016 3189 2084 3245 ad

501 3271 820 3339 qualitatem
883 3274 1174 3343 passivam.
1233 3275 1547 3347 Tripliciter
1608 3281 1809 3335 dicitur
1865 3283 2083 3353 passiva

498 3362 744 3431 qualitas
776 3381 790 3418 :
819 3365 900 3418 vel
928 3365 1071 3419 enim
1104 3382 1133 3419 a
1174 3367 1434 3437 passione
1463 3379 1644 3425 ortum
1674 3373 1886 3438 habuit,
1919 3373 2083 3428 veluti

497 3454 575 3507 ab
601 3453 883 3526 irregulari
920 3473 984 3512 ac
1019 3468 1231 3514 natura:
1269 3476 1378 3516 non
1420 3472 1792 3519 consentanea
1826 3466 1973 3520 circa
1988 3481 2086 3520 cor

504 3548 719 3603 fervore
756 3549 945 3614 febris,
979 3562 1033 3605 et
1066 3554 1376 3621 passionem
1438 3556 1731 3626 quamdam
1798 3557 1941 3613 circa
1999 3567 2081 3612 ta-

496 3648 652 3695 ctum
689 3640 884 3708 edicit;
917 3643 1331 3700 calefacitenim
1366 3662 1494 3702 eum
1547 3649 1641 3718 qui
1682 3649 1816 3703 illud
1874 3650 2081 3720 tangit;

502 3733 586 3788 vel
618 3748 648 3787 a
675 3736 930 3803 passione
953 3737 1172 3807 quidem
1203 3748 1321 3793 orta
1352 3756 1459 3793 non
1483 3748 1589 3805 est,
1615 3742 1925 3810 passionem
1959 3756 2085 3796 vero

504 3825 687 3887 infert.
718 3835 777 3881 ut
818 3828 959 3898 ignis
986 3830 1171 3893 calor;
1204 3832 1355 3887 calor
1383 3832 1528 3887 enim
1576 3849 1606 3887 a
1672 3834 1942 3903 principio
1976 3833 2087 3905 igni

502 3915 649 3971 inest
678 3924 734 3971 et
765 3916 831 3970 ad
863 3920 1313 3975 constitutionem
1356 3923 1681 3977 substantia:
1731 3924 1905 3991 ipsius
1951 3939 2083 3977 con-

505 4004 649 4070 fert;
683 4006 973 4062 manifeste
996 4010 1160 4078 igitur
1190 4027 1217 4064 a
1250 4012 1507 4080 passione
1541 4020 1725 4067 ortum
1761 4031 1868 4068 non
1902 4014 2084 4082 habet,

506 4098 823 4167 passionem
854 4108 1033 4155 tamen
1077 4100 1273 4168 ellicit;
1331 4103 1588 4160 similiter
1644 4115 1697 4159 et
1738 4107 1916 4162 mellis
1965 4108 2088 4163 dul—

500 4187 696 4243 cedoa
732 4189 984 4258 passione
1027 4204 1144 4247 orta
1202 4209 1311 4250 non
1378 4206 1478 4261 est,
1535 4198 1845 4266 passionem
1903 4210 2083 4255 autem

2187 3096 2382 3160 πάθος.
2414 3094 2575 3149 Ἔστι
2598 3095 2643 3147 δ’
2666 3094 2699 3164 ἡ
2723 3092 2836 3163 (21)
2862 3090 2963 3162 μέν
2985 3087 3263 3159 παθητικὴ
3291 3086 3512 3155 ποιότης
3540 3085 3573 3152 ή
3600 3082 3775 3136 πάθει

2182 3191 2292 3244 τινὶ
2304 3189 2484 3260 χρόνῳ
2505 3186 2615 3258 (22)
2638 3183 3044 3254 συνεζευγμένη
3068 3181 3202 3254 (25),
3227 3179 3397 3241 πάθος
3416 3179 3475 3232 δὲ
3497 3178 3625 3247 ήεὶς
3651 3175 3774 3245 (24)

2184 3282 2286 3352 τὴν
2320 3280 2631 3350 παθητικὴν
2662 3277 2925 3346 ποιότητα
2961 3275 3101 3337 ὁδός.
3142 3273 3357 3345 Τριχῶς
3387 3271 3447 3325 δέ
3479 3270 3704 3338 λέγεται
3736 3273 3774 3338 ᾐ

2185 3371 2463 3442 παθητικὴ
2509 3370 2759 3441 ποιότης·
2793 3369 2826 3439 ἢ
2855 3368 2965 3440 γὰρ
3007 3367 3117 3421 ἀπὸ
3150 3365 3355 3426 πάθους
3388 3362 3603 3431 ἐγένετο
3629 3361 3771 3428 (25),

2183 3459 2295 3519 οἷον
2325 3464 2400 3528 ὡς
2426 3462 2534 3519 ἀπὸ
2558 3463 2659 3534 τῆς
2687 3460 2977 3531 ἀνωμάλου
3010 3460 3105 3513 καὶ
3136 3457 3285 3528 παρὰ
3315 3455 3476 3524 φύσιν
3508 3453 3638 3523 περ).
3670 3450 3772 3520 τὴν

2184 3557 2413 3629 καρδίαν
2447 3555 2652 3621 ζέσεως
2682 3556 2710 3609 ὁ
2742 3553 3007 3625 πυρετὸς,
3054 3552 3149 3605 κα)⁸
3190 3549 3364 3612 πάθος
3406 3565 3460 3601 τι
3493 3545 3636 3598 κατά
3669 3543 3771 3613 τὴν

2185 3651 2329 3721 ἁφὴν
2373 3651 2518 3703 ποιεῖ
2551 3647 2663 3721 (26)
2687 3664 2701 3680 ·
2734 3645 3022 3716 θερμαίνει
3070 3644 3180 3714 γὰρ
3220 3642 3314 3695 τὸν
3356 3639 3704 3707 ἁπτόμενον
3738 3636 3771 3703 ἧ

2183 3744 2293 3798 ἀπὸ
2325 3742 2535 3806 πάθους
2569 3742 2668 3812 μὲν
2703 3741 2803 3795 οὐκ
2833 3740 3055 3808 ἐγένετο
3075 3779 3089 3803 ,
3119 3737 3292 3801 πάθος
3323 3735 3380 3788 δέ
3409 3732 3663 3803 ἐμποιεῖ,
3695 3730 3771 3794 ὡς

2182 3840 2217 3910 ἠ
2248 3838 2342 3892 τοῦ
2368 3838 2539 3910 πυρὸς
2561 3838 2855 3911 θερμότης
2885 3835 3023 3905 αὕτη
3048 3834 3158 3905 γὰρ
3189 3830 3425 3904 ἀρχῆθεν
3456 3829 3571 3899 (27)
3600 3826 3773 3897 ὐπάρ-

2184 3949 2356 4004 χουσα
2390 3932 2468 4003 τῷ
2498 3932 2635 4003 πυρὶ
2659 3931 2755 3985 καὶ
2788 3927 3116 3983 συντελοῦσα
3148 3925 3287 3997 πρὸς
3323 3922 3582 3976 σύστασιν
3601 3919 3771 3980 αὐτοῦ

2184 4026 2283 4093 τῆς
2296 4023 2485 4085 οὐσίας
2508 4022 2619 4076 ἀπὸ
2638 4022 2845 4084 πάθους
2864 4021 2963 4092 μὲν
2984 4019 3143 4091 δῆλον
3172 4019 3256 4072 ὅτι
3280 4017 3382 4071 οὐκ
3405 4015 3641 4084 ἐγένετο,
3668 4014 3771 4067 πά-

2187 4114 2277 4176 θος
2307 4115 2362 4168 δὲ
2403 4116 2624 4185 ἐμποιεῖ
2653 4114 2765 4186 (28)
2787 4132 2801 4147 ·
2833 4113 3035 4183 ὁμοίως
3074 4111 3133 4165 δὲ
3175 4110 3271 4165 καὶ
3301 4110 3335 4177 ὴ
3367 4106 3645 4177 γλυκύτης
3675 4104 3769 4159 τοῦ

2190 4206 2404 4276 μέλιτος
2435 4206 2543 4260 ἀπὸ
2574 4206 2778 4269 πάθους
2822 4205 2923 4277 μὲν
2962 4205 3075 4276 (29)
3105 4205 3208 4258 οὐκ
3239 4203 3476 4271 ἐγένετο,
3514 4199 3689 4261 πάθος
3715 4197 3769 4249 δὲ

501 4280 651 4336 circa
680 4281 920 4352 linguam
957 4283 1125 4353 facit;
1154 4287 1236 4342 vel
1257 4303 1474 4343 rursum
1510 4305 1538 4344 a
1576 4291 1833 4359 passione
1861 4293 2082 4362 quidem

2188 4301 2321 4371 περὶ
2360 4299 2460 4372 τὴν
2500 4298 2752 4368 γλῶτταν
2783 4301 2958 4353 ποιεῖ·
2994 4298 3028 4368 ἢ
3078 4296 3241 4351 πάλιν
3271 4294 3380 4348 ἀπὸ
3417 4291 3627 4353 πάθους
3673 4290 3769 4359 μὲν

501 4383 625 4428 orta
656 4384 759 4439 est,
792 4391 899 4431 non
931 4393 1061 4433 vero
1111 4381 1425 4449 passionem
1451 4380 1603 4446 facit,
1636 4383 1803 4438 veluti
1847 4386 2082 4455 qualita-

2193 4369 2432 4459 ἐγένετο,
2480 4389 2650 4456 πάθος
2689 4391 2747 4444 δὲ
2779 4390 2840 4443 οὐ
2876 4392 3053 4451 ποιεῖ,
3085 4386 3163 4451 ὡς
3191 4387 3245 4440 αί
3275 4383 3404 4453 περὶ
3452 4382 3553 4452 τὴν
3594 4378 3770 4450 ψυχὴν

499 4476 607 4534 tes,
644 4483 766 4537 quae
795 4469 937 4525 circa
960 4470 1196 4527 animam
1224 4473 1516 4540 exsistunt,
1536 4475 1684 4530 verbi
1703 4476 1871 4546 gratia
1901 4493 2088 4534 amen-

502 4561 603 4625 tia,
646 4561 725 4616 ira
761 4572 815 4618 et
864 4565 969 4619 alia
1022 4566 1073 4620 id
1132 4581 1344 4636 genus;
1404 4567 1521 4636 ipsa
1561 4568 1706 4623 enim
1765 4584 1795 4623 a
1826 4571 2082 4640 passione

500 4662 621 4708 orta
656 4663 761 4722 est,
791 4670 901 4711 non
938 4672 1069 4712 vero
1099 4656 1155 4711 in
1181 4657 1556 4728 cetISpiciente
1583 4658 1668 4715 vel
1714 4669 1966 4731 tangente
1998 4661 2081 4716 ef—

2193 4483 2557 4553 ὐφιστάμεναι
2596 4484 2903 4553 ποιότητες·
2940 4476 3052 4535 οἷον
3090 4480 3126 4550 ἦ
3169 4496 3232 4532 τε
3273 4475 3478 4547 μανικὴ
3517 4472 3771 4533 ἔκστασις

2187 4581 2283 4633 καὶ
2308 4580 2341 4650 ή
2371 4580 2511 4652 ὀργὴ
2542 4580 2638 4634 καὶ
2679 4580 2749 4633 τά
2774 4578 2999 4633 τοιαῦτα
3046 4577 3178 4647 (50)⁶
3211 4574 3353 4645 αὕτη
3387 4573 3490 4645 μὲν
3516 4572 3628 4641 γάρ
3664 4568 3773 4623 ἀπὸ

2186 4671 2393 4738 πάθους
2431 4673 2544 4747 (3i)
2578 4672 2827 4741 ἐγένετο,
2872 4672 3044 4735 πάθος
3074 4669 3134 4724 δέ
3166 4669 3267 4723 οὐκ
3298 4668 3521 4739 ἐμποιεῖ
3559 4666 3641 4723 είς
3680 4663 3771 4717 τὸν

2007 4754 2240 4818 NOTAE.

574 4836 687 4906 (12)
721 4837 868 4895 Man.
890 4841 1094 4904 πάντες
1127 4834 1273 4894 οὗτοι
1311 4840 1574 4895 διάθεσιν.

576 4906 689 4984 (15)
725 4907 871 4984 Man.
899 4911 1001 4965 οὐκ
1031 4910 1247 4980 ἐγένετο
1271 4912 1330 4964 δέ
1359 4912 1616 4981 οὐδεμίαν
1647 4913 1760 4980 ἐξιν
1798 4913 1959 4984 ἔχων,
1995 4916 2087 4970 ἐκ·

497 4977 653 5041 me;
672 4977 895 5036 τούτων.

724 5050 878 5124 μου.
909 5051 1009 5124 τὴν
1031 5050 1171 5124 διάθ.
1206 5052 1353 5124 ἔσχε.

722 5119 865 5198 gon.
898 5119 1000 5176 εἶθ’
1020 5123 1195 5198 parte;
1230 5119 1434 5195 ταύτην
1455 5125 1568 5191 ἕξιν
1600 5124 1738 5198 ἔχων
1764 5127 1880 5182 ἐκτ.
1911 5128 1995 5198 ἐγ.

723 5190 873 5265 μίμου.
912 5194 1033 5265 κατ’
1069 5194 1370 5265 ἐνέργειαν.

606 5259 689 5319 17)
721 5260 866 5318 Man.
900 5264 1091 5319 ἔστιδὲ
1121 5259 1169 5317 δ.

703 5332 854 5408 .iflnn.
960 5335 1094 5408 πρδς
1123 5338 1401 5408 τηπυγὴν.

722 5402 1099 5480 θίυηηόύχοζς
1125 5406 1220 5480 [οἵ]
1256 5402 1394 5460 εἰσιν
1424 5410 1511 5474 ὐγ.

597 5474 693 5552 20)
723 5475 910 5552 suppl.
937 5474 1003 5531 ei
1036 5474 1249 5552 Mpnac.
1303 5481 1558 5552 νοσώδεις
1598 5480 1654 5534 δὲ
1687 5481 1737 5533 οἱ
1776 5481 2082 5552 ἀδυναμίαν

506 5546 743 5664 «parum
775 5547 990 5617 ἔχοντες
1017 5547 1111 5600 τοῦ
1145 5549 1380 5619 πάσχειν
1405 5551 1508 5603 ὐπὸ
1533 5551 1640 5605 τῶν
1698 5546 1966 5622 τυχόντων
1991 5554 2082 5606 εὐ-

506 5628 542 5664 κ
605 5632 701 5664 ως.

506 5628 701 5677 κολως.

577 5685 690 5759 (ἐς)
721 5685 868 5759 Man.
898 5687 1094 5741 ἔστιδὲ
1127 5689 1260 5744 παθ.
1295 5689 1392 5759 μὲν
1421 5706 1479 5744 π.

581 5755 695 5816 (22)
719 5756 862 5814 Men.
896 5759 1146 5829 χρονίως.

2262 4854 2375 4924 (25)
2408 4852 2553 4910 Man.
2592 4853 2920 4924 συνεζευγμ.
2950 4852 3200 4924 ὠχρότης
3226 4850 3260 4922 ἢ
3283 4849 3460 4915 νόσος.

2258 4924 2370 5005 (ἓξ)
2400 4924 2718 5005 Mons???“
2747 4942 2800 4978 τ·
2843 4942 2903 5005 15
2935 4943 2996 4978 π·
3079 4994 3091 5005 .
3216 4992 3267 5005 ..
3391 4993 3404 5005 .
3498 4990 3512 5005 .

2254 4988 2495 5073 (g5)_ln_
2522 4988 2667 5073 Lion.
2702 4988 3103 5073 dsequitur-‘11).
3158 4992 3334 5073 πάθος
3388 4990 3582 5073 ἐποίει,
3621 4988 3699 5073 ὣς
3737 4988 3772 5057 ἡ

2181 5061 2314 5146 περ).
2348 5061 2439 5146 τόν
2465 5067 2753 5146 ἄνθρωπον
2780 5061 3044 5146 γίνομένη
3070 5065 3230 5146 ’παρὰ
3264 5064 3430 5144 φύσιν
3458 5061 3734 5146 θερμασία
3754 5075 3769 5084 ·

2179 5135 2458 5220 αὐτη-γάρ
2512 5135 2604 5191 καὶ
2654 5137 2762 5191 ἀπὸ
2815 5135 3287 5203 πάθουςήέγένετο
3322 5135 3422 5202 τῆς
3477 5135 3767 5201 ἀνωμάλου

2180 5209 2377 5263 deinde
2399 5216 2453 5261 et
2483 5224 2666 5278 supra.

2250 5278 2362 5357 ζ
2398 5277 2543 5357 MOI].
2569 5280 2712 5357 ποιεί
2739 5278 2883 5357 κατὰ
2913 5276 3011 5348 τὴν
3033 5278 3198 5357 ἁφήν.
3306 5344 3332 5357 υ

2253 5347 2367 5419 (27)
2396 5347 2543 5420 Man.
2575 5352 2702 5420 άρχ.
2746 5350 2846 5420 μὲν
2873 5347 3240 5420 προσεγένετο
3263 5347 3344 5416 τῷ
3364 5348 3520 5418 πυρὶ,
3554 5347 3766 5400 συντελ.

2178 5420 2236 5473 δὲ
2257 5436 2352 5488 πρ.
2389 5418 2546 5474 σύστ.
2603 5418 2702 5488 τῆς
2735 5418 2928 5474 τούτου
2960 5419 3169 5482 οὐσίας.

2264 5436 2297 5471 π
2341 5460 2352 5472 .
2389 5436 2546 5474 συστ.
2603 5436 2702 5488 της
2735 5438 2756 5473 τ

2264 5436 2379 5557 (£8)
2417 5488 2565 5545 Man.
2591 5493 2756 5544 ποιεῖ.

2262 5559 2376 5628 (29)
2418 5560 2519 5627 μέν
2548 5559 2700 5614 deest
2725 5562 2777 5614 in
2810 5562 2984 5626 Mon.,
3013 5561 3156 5617 sicut
3182 5573 3418 5628 sequens
3446 5558 3625 5613 πάλιν.

2261 5628 2375 5702 (50)
2401 5629 2545 5702 itan.
2575 5630 2653 5702 τά
2671 5632 2851 5702 ὅμοια.

2263 5699 2378 5771 (51)
2413 5699 2558 5757 Μυιι.
2593 5699 2732 5774 αὐτη
2755 5704 2864 5775 γάρ
2895 5702 3003 5757 ἀπὸ
3021 5720 3080 5758 π.
3117 5703 3217 5774 μὲν
3234 5702 3317 5771 ἐγ.
