3908 6214
148 317 248 383 789

1156 324 1258 385 AD
1291 319 1887 383 AMPHILOCHIUM
1912 319 2260 392 QUJESTIO
2289 320 2453 379 CXL.

3319 316 3426 381 790

140 427 395 501 ὁρῶνταῆ
419 430 749 503 ἀπτόμενον.
771 433 1029 506 Διαφέρει
1050 433 1106 488 δὲ
1136 436 1169 505 ἡ
1194 432 1473 504 παθητικὴ
1495 432 1717 501 ποιότης

1848 431 1936 484 icit
1961 430 2296 499 passionem.
2355 428 2543 485 llitfert
2600 435 2786 483 autem
2816 428 3059 498 patibilis
3114 429 3356 498 qualitas
3391 446 3422 487 ει

140 518 229 573 τοῦ
254 518 477 585 πάθους,
504 520 628 574 καθ’
643 520 704 575 ὃν
726 522 929 594 τρόπον
952 523 1064 595 (52)
1088 526 1121 595 ἡ
1146 524 1260 590 ἕξις
1280 525 1381 593 τῆς
1404 523 1718 586 διαθέσεως·

139 613 185 664 εἰ
210 609 306 681 μὲν
328 609 438 682 γὰρ
462 612 520 665 ὲν
542 614 722 685 χρόνῳ
743 614 948 669 πλείονι
972 616 1283 688 παραμένει
1304 616 1415 686 (55)
1440 614 1500 668 τὺ
1521 613 1717 678 πάθος,

139 704 277 758 ὥστε
304 705 651 777 παρωνύμως
680 706 740 773 ἐξ
771 709 937 763 αὑτοῦ
967 709 1338 780 ὀνομασθῆναι
1367 710 1459 763 τὸν
1492 708 1723 775 δεξάμε-

140 812 225 847 νον
248 796 379 849 αὐτὸ
402 796 538 867 (54),
564 798 843 871 παθητικὴ
863 801 1339 871 ποιότης,λέγεταγ
1365 802 1413 853 εἰ
1438 800 1494 853 δὲ
1521 816 1725 870 παραυ-

139 889 262 943 τίκα
293 889 652 961 ἀπογένηται,
683 891 856 958 πάθος
888 893 1048 965 μόνον
1082 893 1409 963 ὀνομάζεται
1441 891 1553 964 (55)

205 982 265 1035 δ’.
299 980 572 1055 Τέταρτον
616 984 675 1039 δὲ
724 985 835 1057 (56)
874 981 1015 1051 εἶδος
1062 986 1348 1056 ποιότητος
1396 986 1584 1055 σχῆμα
1630 985 1726 1038 καὶ

143 1072 342 1144 μορφή.
382 1074 642 1145 Διαφέρει
685 1074 744 1128 δὲ
793 1074 998 1141 ταῦτα,
1031 1076 1114 1130 ὅτι
1153 1076 1350 1155 τὸνμὲν
1400 1075 1587 1146 σχῆμα
1629 1094 1726 1128 κυ-

142 1162 271 1234 ρίως
301 1163 388 1215 ἐπ’
414 1164 640 1236 ἀψύχων
676 1166 815 1237 ('57),
837 1168 871 1237 η
899 1166 954 1227 δὲ
985 1167 1168 1239 μορφὴ
1187 1169 1280 1222 ἐπὶ
1305 1166 1567 1238 ἐμψύχων
1596 1168 1726 1222 τάτ-

138 1272 305 1310 τεται.
337 1256 480 1325 Πρὶς
508 1256 718 1320 τούτοις
746 1258 858 1311 εἰσὶ
886 1258 998 1328 (58)
1030 1260 1124 1312 κα)⁸
1154 1259 1291 1312 ἄλλα
1324 1258 1463 1330 εἴδη,
1491 1253 1603 1313 οἷον
1631 1258 1725 1311 s6-

139 1348 305 1418 θύτης
349 1351 443 1402 καὶ
481 1349 843 1421 καμπυλότης
882 1351 977 1404 κα¹ι
1020 1351 1092 1405 τὰ
1136 1351 1347 1415 τούτοις
1385 1352 1549 1422 ὃμοια
1587 1352 1723 1423 (59),

139 1440 293 1495 ἅτινα
321 1443 415 1495 καὶ
448 1442 862 1514 ἀντιδιαιρείται
889 1443 966 1515 τῷ
1008 1444 1249 1515 σχήματι
1280 1444 1375 1497 καὶ
1404 1446 1470 1515 τῇ
1507 1446 1687 1516 μορφῇ
1708 1460 1723 1475 ο

136 1532 254 1585 οὐδὲ
278 1533 387 1603 γὰρ
416 1533 593 1588 ταῦτα
617 1534 723 1588 ὑπὸ
746 1534 807 1589 τὸ
837 1537 1024 1606 σχῆμα
1052 1536 1346 1604 ἀνάγονται
1375 1535 1511 1603 (40),
1536 1534 1613 1599 ὦς
1638 1552 1727 1588 τι·

140 1642 223 1678 σιν
257 1625 468 1694 ἀλόγως
492 1626 604 1697 (41)
634 1627 834 1695 ἔδοξεν,
863 1626 1024 1699 εῐπερ
1053 1629 1243 1699 σχῆμά
1268 1630 1419 1682 ὲστιν
1450 1630 1482 1699 ἡ
1510 1626 1605 1682 τοῦ
1632 1645 1726 1680 τυ-

136 1720 322 1790 χόντος
342 1720 507 1788 ὄγκου
537 1721 995 1791 ἀποπεράτωσις,
1027 1722 1060 1793 ἦ
1090 1720 1165 1785 ὡς
1196 1720 1329 1775 ἔνιοι
1358 1720 1495 1791 (42),
1527 1720 1591 1773 τὸ
1622 1720 1728 1774 ὑπό

1827 522 2084 591 passione
2109 522 2301 576 eodem
2331 520 2517 585 modo,
2546 535 2657 589 quo
2687 519 2869 574 diﬂ‘ert
2902 520 3121 575 habitus
3176 537 3205 575 a
3236 521 3423 589 dispo-

1825 612 2048 668 sitione.
2083 610 2141 666 Si
2175 611 2319 666 enim
2351 612 2535 682 passio
2561 610 2896 667 diuturniori
2927 620 3171 680 tempore
3233 627 3423 681 perse-

1830 718 2003 770 verat,
2037 705 2111 759 ita
2139 712 2199 759 ut
2225 703 2576 776 paronymice
2608 718 2673 759 ex
2722 703 2839 773 ipsa
2903 702 3288 758 denouiinetur
3326 705 3421 774 qui

1834 811 1954 850 eam
1988 795 2250 865 suscepit,
2278 798 2493 867 passiva
2515 796 2757 867 qualitas
2790 797 3027 860 dicitur;
3060 797 3107 852 si
3153 812 3282 850 vero
3306 806 3419 851 sta-

1829 888 1925 943 tim
1990 888 2279 958 abjiciatur
2304 900 2360 945 et
2384 890 2619 958 desinat,
2641 890 2829 961 passio
2881 891 3059 945 solum
3091 890 3415 961 appellatur.

1901 982 1956 1036 4.
1988 980 2195 1047 Quarta
2237 982 2449 1052 species
2477 983 2763 1053 qualitatis
2789 991 2874 1037 est
2905 983 3077 1051 ligura
3138 992 3191 1037 et
3218 982 3415 1040 forma.

1834 1074 2101 1129 Differunt
2155 1075 2290 1139 haec,
2322 1075 2450 1145 quia
2490 1076 2663 1144 ﬁgura
2697 1071 2917 1143 proprie
2977 1072 3046 1128 de
3075 1072 3417 1137 inanimatis,

1832 1168 2011 1224 forma
2041 1183 2170 1223 vero
2226 1170 2292 1223 de
2332 1169 2589 1223 animatis
2622 1168 2865 1239 ponitur.
2888 1165 3156 1221 Praeterea
3194 1174 3324 1221 sunt
3365 1174 3423 1222 et

1838 1262 1959 1317 alite
1992 1261 2225 1332 species,
2262 1260 2428 1316 veluti
2457 1260 2731 1315 rectitudo
2761 1268 2816 1315 et
2844 1259 3169 1331 obliquitas,
3200 1267 3252 1313 et
3300 1273 3421 1326 quae

1832 1358 1918 1412 his
1950 1356 2150 1413 similia
2183 1366 2333 1421 sunt,
2388 1371 2623 1426 quaeque
2681 1371 2747 1409 ex
2787 1357 3024 1409 adverso
3080 1353 3421 1424 respondent

1830 1444 2019 1512 figura:
2049 1454 2105 1500 et
2132 1444 2341 1500 forum.
2374 1443 2562 1515 Neque
2588 1444 2731 1499 enim
2765 1445 2869 1498 ista
2891 1444 2995 1498 sub
3047 1442 3279 1515 ﬁguram
3333 1459 3421 1497 re-

1834 1536 2131 1605 ducuntur,
2184 1546 2244 1592 ut
2274 1537 2604 1607 quibusdam
2655 1536 2863 1606 absque
2902 1543 3051 1590 recta
3084 1535 3295 1589 ratione
3339 1534 3422 1588 vi-

1830 1644 1951 1683 sum
1991 1635 2097 1693 est,
2137 1644 2261 1683 cum
2289 1630 2459 1698 ligura
2489 1627 2555 1682 sit
2584 1627 2745 1682 molis
2779 1625 3048 1697 cujusque
3084 1625 3420 1689 terminatio,

1832 1722 1941 1782 vel.
1981 1730 2036 1775 ut
2063 1720 2284 1788 quidam
2317 1721 2492 1787 aiunt,
2521 1720 2573 1774 itl
2602 1719 2746 1789 quod
2779 1735 2811 1774 a
2844 1719 3079 1774 termino
3110 1720 3295 1788 aliquo
3338 1720 3422 1772 vel

136 1828 278 1875 τινος
308 1814 342 1885 ἦ
372 1831 533 1867 τινων
561 1815 704 1884 ὅρων
734 1814 1145 1886 περιεχόμενον·
1170 1814 1371 1884 ὁμοίως
1399 1812 1455 1867 δὲ
1479 1814 1588 1867 066‘
1620 1813 1726 1867 ὑπὸ

1848 1813 1901 1866 ib
1935 1812 2213 1881 aliquibus
2239 1812 2555 1866 continetur
2581 1820 2636 1865 et
2691 1811 3104 1875 circumdatur;
3172 1810 3424 1864 similiter

135 1904 234 1975 τὴν
267 1906 481 1978 μορφὴν
516 1906 627 1974 (45)
655 1948 671 1972 ,
704 1906 867 1980 εἴπερ
891 1908 1074 1981 μορφή
1107 1908 1256 1960 ἐστιν
1288 1908 1322 1977 ἡ
1358 1906 1482 1960 ὅλου
1512 1906 1603 1960 τοῦ
1643 1906 1724 1959 εῖ-

136 1994 259 2059 δους
283 1997 727 2067 ἀποπράτωσις·
748 1998 865 2053 ἀλλ’
887 2000 995 2052 εἰσί
1022 2014 1085 2068 γε
1107 1998 1231 2052 καθ’
1253 1998 1393 2052 αὐτὰ
1412 1997 1587 2053 ταῦτα
1612 1998 1725 2070 (44)

137 2086 213 2152 ὡς
237 2088 354 2159 ετδη
367 2089 490 2143 τινά
512 2089 617 2143 ὑπὸ
635 2090 736 2163 τὴν
754 2092 1020 2163 ποιότητα
1038 2092 1354 2162 ἀναγόμενα
1376 2090 1512 2163 (45)·
1536 2090 1728 2163 ὥσπερ

138 2178 234 2232 καὶ
266 2181 299 2251 ἡ
328 2181 609 2253 τραχύτης
640 2198 702 2234 τε
736 2184 828 2236 καὶ
859 2184 892 2253 ἡ
938 2182 1157 2253 λειότης
1177 2224 1192 2246 ,
1241 2183 1481 2255 μανότης
1525 2200 1587 2236 τε
1632 2184 1728 2238 καὶ

138 2274 436 2343 πυκνότης,
468 2278 563 2329 καὶ
592 2277 645 2330 εῐ
664 2293 717 2329 τι
744 2275 1150 2348 παραπλήσιον.

207 2373 272 2422 ε’.
300 2369 705 2439 Κατηγορεῖται
742 2369 798 2423 δὲ
822 2372 854 2441 ἡ
882 2370 1106 2441 ποιότης
1132 2371 1436 2443 τετραχῶς·
1473 2358 1729 2441 παρωνύ-

138 2476 279 2529 μως,
304 2460 633 2531 ὁμωνύμως,
670 2463 1053 2533 ὲτερωνύμως,
1097 2465 1559 2536 ἀκατονομάστως
1586 2465 1725 2537 (46)’

137 2551 493 2622 παρωνύμως
529 2553 627 2623 μὲν
667 2554 743 2616 ὡς
774 2554 881 2607 ἀπὸ
910 2554 1013 2625 τῆς
1042 2556 1439 2627 γραμματικῆς
1480 2559 1509 2611 6
1544 2574 1729 2627 γραμ-

141 2644 413 2713 ματικός·
446 2647 755 2717 ὁμωνύμως
788 2647 845 2700 δὲ
896 2647 971 2711 ὡς
1017 2650 1126 2703 ἀπὸ
1180 2649 1282 2719 τῆς
1333 2651 1731 2722 γραμματικῆς

138 2736 516 2809 ἑπιστήμηςή
557 2739 924 2811 γραμματικὴ
956 2742 1130 2813 γυνή·
1164 2742 1527 2814 ἐτερωνύμως
1564 2743 1621 2797 δὲ
1656 2743 1731 2806 ὡς

138 2829 250 2883 ἀπὸ
298 2832 397 2901 τῆς
426 2832 630 2902 ἀρετῆς
661 2834 691 2886 6
726 2834 1048 2897 σπουδαῖος·
1082 2838 1111 2890 6
1154 2836 1263 2906 γὰρ
1296 2836 1585 2900 σπουδαῖος
1624 2836 1732 2889 ἀπό

138 2922 243 2993 τῆς
288 2922 493 2994 ἀρετῆς
528 2922 779 2991 λέγεται,
828 2924 947 2979 ἀλλ’
977 2925 1038 2979 οὐ
1072 2926 1441 2997 παρωνύμως,
1473 2922 1593 2997 [ὡς]
1624 2925 1732 2979 ἀπὸ

138 3012 239 3085 τῆς
286 3013 527 3084 σπουδῆς
561 3014 705 3085 (47),
738 3015 1199 3082 ἀκατονομάστως
1244 3015 1302 3069 δὲ
1349 3016 1538 3087 ὥσπερ
1572 3016 1667 3070 καὶ
1704 3018 1732 3069 6

1827 1919 1957 1958 vero
1990 1918 2167 1973 neque
2216 1904 2283 1958 ad
2336 1902 2567 1959 formam
2641 1902 3002 1966 reducuntur,
3067 1917 3190 1957 cum
3246 1901 3422 1956 forma

1831 1998 1906 2053 sit
1938 1997 2107 2053 totius
2137 1997 2338 2067 speciei
2377 1997 2713 2053 terminatio.
2750 1996 2955 2050 Verum
2990 2005 3121 2051 sunt
3169 1996 3283 2049 lucc
3326 2010 3423 2064 per

1832 2106 1891 2145 se
1930 2088 2047 2159 ipsa
2076 2099 2134 2143 ut
2159 2089 2371 2159 species
2401 2090 2650 2161 quaedam
2682 2090 2748 2143 ad
2785 2090 3109 2160 qualitatem
3140 2089 3422 2159 pertinen-

1832 2182 1929 2247 tia,
1963 2184 2422 2252 quemadmodum
2449 2192 2503 2238 et
2530 2185 2798 2253 aSperitas
2826 2194 2878 2238 et
2909 2184 3139 2249 laevitas,
3176 2193 3287 2237 tum
3332 2198 3423 2237 ra-

1831 2272 1967 2327 ritas
1994 2281 2047 2326 et
2078 2272 2343 2337 densitas,
2386 2280 2442 2329 et
2471 2272 2516 2327 si
2551 2272 2681 2343 quid
2720 2272 2803 2326 his
2832 2282 2915 2326 est
2940 2274 3139 2329 simile.

1903 2365 1956 2420 5.
1990 2365 2319 2420 Praedicatur
2344 2365 2582 2435 qualitas
2631 2365 2972 2437 quadruplici
3011 2367 3174 2420 modo
3204 2384 3219 2420 :
3255 2364 3426 2421 deno-

1833 2457 2113 2523 minative,
2145 2458 2444 2528 tequivoce,
2493 2458 2861 2521 diversivoce,
2908 2468 2963 2515 et
3016 2460 3427 2513 innominahili-

1835 2557 1956 2615 ter;
2008 2548 2413 2603 denominative
2470 2549 2688 2618 quidem
2765 2552 2928 2604 veluti
2980 2566 3009 2604 a
3071 2552 3427 2621 grammatica

1833 2644 2256 2711 grammaticus;
2278 2642 2554 2710 mquivoce
2572 2642 2735 2696 veluti
2755 2659 2782 2696 a
2812 2645 3160 2714 grammatica
3190 2644 3431 2700 scientia:

1834 2735 2189 2804 grammatica
2223 2734 2456 2799 mulier;
2497 2734 2856 2801 diversivoce,
2884 2738 3050 2791 veluti
3071 2754 3099 2791 a
3123 2738 3432 2792 virtulelto-

1834 2836 2052 2892 nestus;
2082 2826 2342 2881 honestus
2365 2826 2555 2880 enima
2581 2828 2779 2881 virtute
2794 2828 3017 2893 dicitur,
3034 2828 3127 2882 sed
3147 2830 3433 2881 Itmltit‘tm-

1834 2917 2116 2981 minative,
2137 2918 2278 2973 sicut
2301 2918 2707 2973 denominative
2726 2920 2794 2973 ab
2820 2920 3128 2989 honestate)
3156 2937 3170 2985 ;
3197 2921 3435 2973 innomi-

1837 3013 2089 3065 nabiliter
2148 3026 2276 3067 vero
2308 3013 2474 3067 veluti
2502 3021 2663 3082 aptus
2688 3014 2753 3067 ad
2782 3030 3007 3068 cursum
3040 3024 3091 3067 ct
3122 3016 3187 3067 ad
3220 3014 3434 3085 pugila-

140 3106 402 3178 δρομικός
430 3108 525 3160 καὶ
552 3108 581 3160 6
622 3107 889 3171 πυκτικός
937 3107 1087 3179 (48)·
1119 3108 1179 3160 o6
1217 3107 1325 3177 γὰρ
1355 3109 1565 3161 κεῖνται
1610 3109 1732 3169 ταῖς

1848 3116 1985 3168 ium;
2023 3119 2130 3158 non
2161 3105 2306 3158 enim
2334 3105 2509 3175 posita
2533 3116 2661 3160 sunt
2690 3107 3049 3175 qualitatibus
3085 3106 3331 3167 nomina,
3367 3121 3431 3161 ex

142 3199 427 3271 ποιότησιν
458 3198 699 3268 ὀνόματα
733 3198 869 3269 (49),
905 3198 966 3266 ἐξ
999 3192 1075 3252 ὧν
1108 3199 1223 3264 (50)
1263 3194 1412 3254 οὗτοι
1455 3198 1729 3269 ὲποιώθη-

142 3308 265 3346 σαν·
310 3294 346 3363 ἡ
388 3291 497 3364 γὰρ
529 3292 767 3365 δρομικὴ
812 3291 964 3365 φωνὴ
997 3294 1099 3347 οὐκ
1148 3292 1266 3347 ἔστι
1295 3292 1398 3362 τῆς
1450 3292 1733 3362 δυνάμεως

141 3387 339 3457 ὄνομα,
370 3382 438 3458 ἧς
479 3390 722 3458 μετέχων
773 3390 802 3441 6
854 3387 1112 3459 δρομικὺς
1156 3388 1403 3441 καλεῖται
1437 3387 1734 3458 δρομικὸς,

142 3476 283 3534 ἀλλά
308 3476 409 3547 τῆς
434 3476 660 3548 τέχνης,
690 3477 749 3543 ἐξ
772 3472 840 3549 ἧς
874 3478 974 3548 οὐχ
1009 3482 1038 3531 6
1077 3478 1361 3548 δρομικδς,
1397 3477 1512 3531 ἀλλ’
1543 3480 1572 3531 6
1616 3479 1739 3547 δρο-

147 3572 286 3641 μεὺς
326 3570 421 3624 καὶ
456 3570 898 3642 παρονομάξεται
932 3574 1027 3625 καὶ
1071 3573 1411 3643 προάγεται’
1453 3571 1739 3642 όμοίως,δὲ

144 3668 241 3721 καὶ
270 3667 305 3737 ἡ
336 3666 579 3737 πυκτικῇ
607 3668 707 3721 οὐκ
735 3665 886 3719 ἐστιν
924 3665 1095 3736 ὄνομα
1133 3665 1234 3734 τῆς
1272 3664 1558 3733 δυνάμεως
1576 3704 1591 3730 ,
1618 3659 1687 3737 ἦς
1710 3665 1739 3716 6

146 3756 415 3820 πυκτικδς
452 3759 694 3828 μετέχων
720 3757 970 3812 καλεῖται
1002 3757 1290 3821 πυκτικὸς,
1321 3755 1457 3809 ἀλλά
1499 3759 1601 3826 τῆς
1643 3756 1736 3809 τέ-

148 3864 283 3918 χνης
302 3886 319 3911 ,
348 3846 406 3914 ἐξ
437 3842 506 3918 ἦς
531 3848 629 3917 οὐχ
658 3849 685 3900 6
714 3847 1009 3913 πυκτικὸς,
1041 3846 1155 3901 ἀλλ’
1187 3847 1216 3899 6
1248 3846 1462 3918 πύκτης
1491 3847 1660 3919 ἦγουν
1712 3848 1740 3899 6

144 3939 249 4008 τῆς
277 3939 556 4009 πυκτικῆς
577 3940 900 4010 ἐπιστήμων
925 3939 1369 4011 παρονομάζεται
1392 3942 1486 3995 καὶ
1512 3942 1744 4010 προάγε-

148 4046 260 4085 ται·
294 4029 382 4083 ἐπ’
420 4029 722 4085 ἐλαττόνων
772 4030 832 4084 δὲ
875 4030 938 4084 τὸ
966 4029 1209 4085 τοιοῦτον
1255 4031 1607 4103 εὑρίσκεται,
1642 4031 1738 4084 ἐπὶ

148 4123 209 4177 δὲ
236 4122 348 4177 τῶν
369 4123 642 4177 πλείστων
663 4123 1016 4195 παρωνύμως
1039 4124 1426 4195 κατηγορεῖται
1453 4125 1486 4194 ἡ
1515 4125 1738 4193 ποιότης

1840 3198 2044 3267 quibus
2074 3196 2162 3252 isti
2188 3198 2371 3267 quales
2404 3198 2581 3253 eﬂ'ecti
2624 3210 2772 3255 sunt.
2801 3199 2934 3254 Nam
2971 3216 3097 3267 vox,
3138 3217 3262 3269 qua)
3291 3200 3432 3270 aptiv
3517 3241 3550 3273 ,

1843 3289 2085 3344 tudinem
2111 3290 2176 3343 ad
2222 3304 2444 3344 cursum
2472 3292 2743 3362 designat,
2768 3309 2875 3347 non
2906 3304 2989 3348 est
3024 3295 3284 3361 potentiae
3333 3308 3438 3347 no-

1846 3400 1993 3448 men,
2028 3384 2189 3454 cujus
2220 3386 2492 3455 particeps
2522 3387 2616 3456 qui
2650 3389 2716 3441 ad
2736 3404 2960 3442 cursum
2988 3397 3150 3458 aptus
3188 3395 3275 3441 est
3311 3388 3437 3443 talis

1847 3476 2071 3542 dicitur,
2107 3493 2298 3533 verum
2328 3480 2487 3542 artis,
2526 3496 2591 3533 ex
2630 3496 2737 3550 qua
2772 3496 2878 3535 non
2914 3491 3074 3551 aptus
3115 3481 3181 3534 ad
3206 3496 3441 3535 curren-

1847 3569 2002 3631 dum.
2049 3570 2143 3624 sed
2198 3586 2397 3625 cursor
2435 3580 2490 3626 et
2523 3572 2916 3628 denominatur
2969 3583 3022 3627 et
3074 3574 3439 3644 produt-itur;
3507 3618 3514 3625 .

1848 3660 2098 3714 similiter
2132 3662 2299 3716 etiam
2340 3665 2591 3733 aptitudo
2620 3665 2687 3720 ad
2724 3665 3023 3735 pugilatum
3056 3682 3164 3719 non
3198 3675 3282 3719 est
3344 3681 3445 3720 n0-

1851 3769 1972 3807 men
2013 3754 2285 3822 potentias,
2328 3757 2487 3827 cujus
2522 3756 2797 3827 particeps
2845 3758 2911 3811 ad
2949 3757 3250 3827 pugilatum
3284 3767 3445 3826 aptus

1849 3855 2079 3899 vocatur
2123 3848 2268 3914 talis,
2296 3864 2487 3903 verum
2519 3850 2674 3912 artis,
2701 3865 2767 3904 ex
2799 3863 2906 3919 qua
2947 3864 3055 3902 non
3102 3848 3169 3902 ad
3230 3848 3446 3918 pugila-

1855 3946 1968 3992 tum
2005 3949 2187 4009 aptus,
2221 3942 2315 3996 sed
2346 3942 2495 4013 pugil
2530 3944 2647 3998 sive
2678 3943 2955 4013 pugilatus
2999 3957 3207 4012 gnarus
3241 3952 3295 3996 et
3345 3943 3446 3996 de-

1842 4032 2162 4087 nominatur
2188 4043 2241 4088 et
2266 4034 2323 4089 ﬁt
2350 4036 2492 4091 talis.
2524 4036 2579 4089 In
2605 4036 2963 4106 paucioribus
3001 4043 3185 4088 autem
3216 4034 3267 4088 id
3294 4035 3449 4089 inve-

1844 4123 2032 4191 nitur;
2076 4125 2130 4179 in
2158 4126 2415 4195 plurimis
2440 4127 2849 4182 denominative
2906 4126 3238 4197 pnedicatur
3271 4127 3449 4196 quali-

148 4214 265 4268 τῶν
311 4216 648 4303 μετεχόντων
693 4215 864 4287 αὐτῆς
898 4215 1035 4285 (51)⁶
1072 4215 1263 4287 ὥσπερ
1318 4216 1376 4269 δὲ
1426 4216 1461 4286 ἡ
1514 4215 1732 4286 ποιότης

1848 4227 1931 4271 tas
1956 4218 2023 4272 de
2057 4218 2147 4280 iis,
2177 4219 2271 4289 qui
2299 4219 2420 4289 ejus
2450 4222 2748 4292 participes
2780 4229 2930 4276 sunt.
2969 4218 3450 4287 Quemadmodum

151 4306 264 4363 τῶν
310 4300 689 4379 μετασχόντων
722 4307 899 4377 αὐτῆς
936 4308 1035 4379 ούχ
1073 4307 1274 4379 ὁμοίως
1312 4310 1732 4379 κατηγορεῖται,

1849 4324 1977 4364 vero
2007 4310 2245 4380 qualitas
2281 4326 2389 4366 non
2427 4312 2621 4368 eodem
2655 4312 2814 4369 modo
2845 4312 2913 4369 de
2965 4312 3032 4368 iis
3076 4312 3440 4383 praedicatur,

1715 4429 1945 4489 NOTAE}.

226 4526 341 4602 (52)
374 4527 622 4602 βιαςέρει
650 4528 801 4602 addit
824 4525 971 4583 Mon.

1853 4548 1990 4602 μενα
2027 4532 2158 4587 ποιά
2188 4533 2346 4587 εἰσιν.
2382 4531 2443 4586 ού
2470 4532 2757 4602 ποιότητες
2781 4548 2796 4562 ο
2836 4530 2931 4584 καὶ
2955 4529 3065 4600 γὰρ
3114 4527 3177 4602 τδ
3213 4528 3314 4602 μὲν
3362 4526 3456 4579 εὐ-

227 4548 341 4600 (οτ)
375 4548 622 4599 οιαςερει
650 4548 801 4583 audit
825 4548 971 4583 tuon.
1895 4548 1990 4585 ενα
2027 4548 2158 4587 ποια
2188 4548 2346 4587 εισιν.
2382 4548 2443 4586 ου
2470 4548 2757 4602 ποιοτητες
2781 4548 2796 4562 ο
2836 4548 2931 4584 και
2955 4548 3065 4600 γαρ
3114 4548 3177 4581 το
3213 4548 3314 4598 μεν
3362 4548 3455 4579 ευ-

227 4600 343 4674 (ξῆ)
371 4599 516 4674 MP“.
549 4599 801 4674 δὲαμέΥῃο
1851 4548 2061 4674 εὺῄἀπὸ
2088 4607 2187 4674 τῆς
2226 4603 2539 4673 εὐθύτητος,
2567 4604 2627 4655 τὸ
2656 4602 3024 4674 διε-καμπύλον
3048 4600 3154 4674 ὀιπρ
3180 4600 3285 4674 ⁸τῆς
3311 4615 3455 4674 καμ-

230 4658 346 4743 (54)
377 4669 611 4743 Μοιιητὸ
633 4658 823 4743 παθξίς.

254 4740 344 4811 55)
380 4740 887 4811 όνομάζεται-(Ιρεει
917 4740 969 4793 in
1002 4739 1147 4794 Mon.

254 4808 345 4881 56)
372 4808 429 4865 δέ
462 4808 641 4864 Omitt.
678 4809 850 4874 Mon.,
904 4812 997 4880 qui
1033 4827 1157 4865 cum
1196 4810 1365 4866 Arist.
1393 4825 1443 4865 c.
1480 4810 1544 4875 8,
1576 4809 1604 4881 §
1631 4810 1698 4864 14
1730 4827 1746 4865 :

159 4882 436 4957 σχῆμα-τε
467 4882 619 4957 καὶ-ὴ
653 4882 782 4957 περ).
808 4882 1041 4937 ἕκαστον
1097 4882 1419 4957 ὑπάρχουσα
1450 4882 1637 4954 μορφή
1673 4882 1745 4952 (c.

158 4950 229 5018 6',
248 4950 301 5023 pl
331 4952 511 5023 ﬁeri.
546 4950 750 5023 Paris.)

234 5021 348 5093 ('57)
385 5021 694 5093 Yat.f.121
728 5024 780 5079 b.
810 5023 903 5075 ἐπὶ
923 5022 1021 5091 ἀφ.

234 5097 350 5167 (58)
390 5092 536 5167 Mira.
582 5094 812 5167 Τούτοις
840 5093 897 5147 δὲ
929 5094 1057 5167 εἰσί.
1160 5152 1163 5157 ,

233 5162 250 5229 (
256 5166 347 5231 59)
386 5162 533 5219 Mon.
555 5164 648 5217 καὶ
676 5166 745 5218 τὰ
766 5165 950 5233 ὅμοια.
984 5164 1275 5236 Sequentia
1297 5165 1456 5219 verba
1478 5163 1753 5220 destructa

160 5238 339 5311 plane
365 5246 494 5311 sunt
535 5251 709 5311 usque
732 5237 798 5293 ad
826 5236 905 5307 τῷ
932 5238 1196 5311 σχήματι.

262 5308 350 5371 40)
384 5304 527 5361 Mon.
579 5307 865 5374 ἀνάγεται.

261 5378 349 5448 41)
378 5377 524 5431 Μοη.
557 5377 653 5430 καὶ
681 5378 793 5447 γὰρ
819 5378 929 5431 τισὶ
962 5378 1060 5447 μὲν
1083 5378 1231 5445 ἔδοξε
1253 5380 1430 5432 εἰπεῖν
1466 5395 1553 5448 σχ.

239 5447 353 5521 (42)
389 5448 534 5521 Mori.
571 5450 704 5521 ἔνιοι
734 5449 811 5521 δὲ,
842 5448 1032 5520 σχῆμά
1060 5451 1177 5502 ἐστι
1203 5452 1264 5502 τὸ
1286 5449 1338 5502 6.

238 5518 351 5589 (45)
394 5519 540 5574 Μοη.
568 5518 692 5572 οὐδὲ
715 5519 820 5572 ὑπὸ
845 5518 907 5572 τί
925 5538 980 5588 μ.
1003 5521 1287 5588 ἀνάγεται.

236 5586 353 5664 (44)
380 5589 527 5645 Mon.
557 5590 681 5644 καθ’
704 5590 842 5644 αὐτὰ
873 5586 934 5645 δέ
977 5586 1152 5645 εἰσι..
1209 5591 1383 5645 ταῦτα
1438 5591 1601 5659 ἀναγ.
1648 5586 1756 5643 ὑπὸ

167 5680 223 5717 τ.
251 5679 312 5716 π.

240 5733 360 5858 (45)
383 5727 526 5787 Loco
553 5732 900 5803 sequentium
921 5724 1033 5786 hmo
1053 5731 1324 5785 habentur
1346 5731 1398 5785 in
1434 5730 1574 5784 Mon.
1606 5749 1617 5784 :
1644 5723 1758 5783 A6-

172 5819 263 5858 ται
295 5820 334 5858 ν.
366 5822 395 5858 ν
419 5800 514 5858 οὖν
539 5803 650 5858 εισι
683 5804 1001 5858 ποιότητες·
1040 5804 1106 5856 τὰ
1146 5803 1202 5856 δὲ
1233 5804 1325 5856 ὑπ’
1376 5802 1559 5856 αὐτῶν
1599 5801 1757 5858 λεγό-

172 5800 263 5860 tat
293 5800 395 5876 μὲν
419 5800 514 5860 οὖν
539 5800 650 5859 εισι
683 5804 1001 5875 ποιότητες·
1040 5804 1106 5856 τὰ
1146 5803 1202 5856 δὲ
1233 5804 1325 5856 ὑπ’
1376 5802 1559 5856 αὐτῶν
1599 5801 1757 5871 λεγό-

1852 4670 2154 4746 πυλότητος
2181 4670 2521 4746 [λεγόμενα1,
2540 4675 2645 4746 ,ὡς
2672 4670 2925 4744 εἴρηται,
2958 4671 3061 4746 οὐκ
3095 4670 3202 4721 εἰσὶ
3230 4670 3455 4746 ποιότη-

1849 4759 1963 4807 τες,
1997 4738 2134 4797 am
2181 4738 2399 4813 ’μᾶλλον
2432 4738 2562 4798 πὸιά
2621 4738 3063 4805 ὄντα,’τουτέστι
3099 4738 3457 4813 πεποιωμὲνα

1854 4813 1960 4866 ὑπὸ
1993 4814 2056 4885 τὸ
2118 4808 2330 4870 κεῖσθαι
2383 4816 2804 4885 ἀναχθήσονται,
2842 4813 3037 4885 ὥσπερ
3074 4809 3257 4864 καὶτὸ
3290 4808 3458 4879 μανδν

1860 4885 1957 4938 καὶ
1987 4884 2050 4937 τὸ
2087 4887 2293 4939 πυκνὸν
2332 4887 2429 4941 καὶ
2451 4882 2712 4955 τὸτραχὺ
2738 4886 2832 4938 καὶ
2871 4884 2933 4938 τὸ
2968 4882 3132 4935 λεῖον.

1882 4966 1887 4973 ’
1939 4954 2053 5024 (46)
2082 4955 2228 5013 Μοη.
2256 4954 2755 5027 ἀκατωνομάστως.

1910 5021 2049 5112 ,(47)
2076 5027 2223 5113 μοι).
2261 5030 2323 5082 ού
2350 5021 2700 5100 παρωνύμως
2719 5026 2827 5078 ἀπὸ
2876 5025 2976 5095 τῆς
3003 5022 3229 5096 ἀρετῆς,
3259 5021 3462 5092 ἑτερω-

2078 5098 2237 5243 ᾔδη.
2272 5170 2350 5243 ὡς
2377 5171 2416 5243 6
2447 5187 2533 5233 π.,
2565 5168 2592 5220 6
2616 5166 3051 5243 59011.).675‘6at.
3133 5234 3156 5243 _
3334 5232 3418 5243 ___

1940 5233 2322 5325 (ἐὲηίρηορὺ
2360 5242 2471 5325 γάρ
2517 5233 2694 5325 κεῖῑάι
2719 5233 2813 5310 ’τῇ
2847 5233 3093 5325 eam
3131 5233 3461 5325 διεξιίἒξῆε

1870 5304 2043 5381 (1.’ὲξ⁷
2067 5304 2157 5382 ἦς)
2212 5304 2384 5374 οὕτως
2440 5304 3087 5382 ἒποιώοησανῘ-Ιιοιὶιιιιτι
3152 5304 3459 5382 desunth

1865 5374 2009 5435 Mou.
2041 5374 2215 5452 usque
2242 5383 2307 5435 ad
2356 5382 2446 5436 illa
2502 5382 2593 5436 hic
2649 5374 2961 5435 immediate
3002 5374 3458 5444 ﬁsequentiaﬁn’

1863 5452 2170 5525 ἐλαττόνων
2190 5454 2342 5525 (not.
2366 5454 2443 5522 6).

1937 5523 2051 5590 (50)
2083 5515 2208 5578 Vat.
2242 5534 2294 5579 et
2320 5515 2522 5593 Apogr.
2550 5520 2619 5593 ,ἐξ
2648 5515 2736 5593 ἦς.

2072 5594 2201 5667 ΔΙειιιΔ
2257 5588 2419 5667 verba
2442 5588 2559 5647 ’ἐπ’
2604 5588 2905 5667 ἐλαττόνων
2936 5591 2994 5644 δὲ
3020 5621 3094 5633 -
3126 5588 3462 5667 μετεχόντων

1866 5658 2035 5806 ξῦἔῆἐ
2069 5664 2129 5791 inl
2154 5664 2300 5722 Mon.
2333 5666 2611 5736 leguntur.
2650 5663 2855 5720 Caetera
2878 5677 3056 5733 usque
3075 5659 3143 5716 ad
3174 5659 3271 5717 ﬁn.
3299 5658 3465 5728 hujus

1972 5752 2105 5794 esun
2135 5774 2150 5791 .

1972 5746 2150 5794 esunt.
