3908 6214
92 203 196 269 793

1082 204 1184 264 AD
1214 199 1811 267 AMPHILOCHIUM
1857 201 2205 277 QUIESTIO
2252 207 2453 269 CXLI.

3239 213 3349 277 794
3397 238 3402 243 '

90 319 181 375 λον
220 320 317 375 καὶ
355 313 542 393 ἦττον·
578 318 630 372 εί
674 318 777 390 μὲν
819 315 933 389 γὰρ
964 315 1278 387 συγκρίνεις
1311 314 1375 369 τὸ
1403 314 1670 387 τρίγωνον

1779 317 2044 386 qualitate
2070 319 2284 385 affecta,
2311 336 2420 375 non
2443 330 2576 376 sunt
2596 321 2774 393 magis
2806 330 2861 378 et
2882 323 3087 381 minus.
3120 324 3177 381 Si
3200 327 3348 382 enim

88 414 224 483 πρὸς
248 413 315 471 rb
340 412 719 484 τετράγωνον,
746 410 811 465 ού
853 408 1070 479 λέγεται
1107 407 1307 480 μᾶλλον
1333 405 1432 461 καὶ
1462 401 1625 477 ἧττον
1646 422 1665 441 ·

86 503 197 558 οὐδ’
224 504 363 568 ὅλως
398 505 510 576 7&9
533 502 708 559 ταῦτα
743 500 880 556 καθὸ
908 500 1174 573 τρίγωνον
1205 498 1302 553 καὶ
1327 497 1669 571 τετράγωνόν

86 596 223 660 ἔστι,
242 597 615 669 συγκρίνεται·
636 593 732 648 τοῦ
753 593 863 666 γὰρ
885 592 1053 648 αὐτοῦ
1070 591 1152 644 δεῖ
1173 590 1241 645 τὰ
1265 590 1668 663 συγκρινόμενα

90 685 342 757 μετέχειν
383 685 678 757 ὀνόματος·
706 686 757 738 εί
791 683 849 738 δὲ
876 680 1191 752 συγκρίνεις
1232 680 1501 752 τρίγωνον
1528 680 1667 752 πρὸς

84 775 370 845 τρίγωνον,
390 775 426 847 ἢ
450 775 795 847 τετράγωνον
814 770 953 845 πρὸς
979 772 1345 842 τετράγωνον,
1362 772 1472 827 οὐδ’
1494 771 1668 837 οὓτως

87 866 315 938 θάτερον
348 866 577 938 θατέρου
610 865 812 937 μᾶλλον
855 866 889 934 ἢ
922 858 1087 936 ἦττον
1128 861 1492 934 λεχθήσεται·
1534 880 1669 933 συγ-

87 957 333 1028 κρίνεται
363 957 463 1029 μὲν
492 958 602 1029 γὰρ
626 956 823 1020 ταῦτα,
843 955 960 1010 ἀλλ’
987 955 1110 1009 ἐπεὶ
1131 954 1415 1027 όμοτίμως
1435 954 1528 1009 τοῦ
1554 955 1670 1009 ὀνό-

93 1065 260 1119 ματος
280 1048 377 1102 καὶ
403 1048 498 1103 τοῦ
517 1046 750 1119 ὁρισμοῦ
773 1047 955 1101 αὐτῶν
977 1046 1049 1102 τά
1073 1064 1133 1102 τε
1155 1046 1473 1120 τετράγωνα
1502 1064 1669 1119 μετα-

87 1137 423 1209 λαμϐάνουσι
452 1138 549 1192 καὶ
575 1138 741 1192 πάλιν
768 1137 838 1192 τὰ
867 1138 1134 1210 τρίγωνα,
1165 1138 1256 1192 διὰ
1286 1137 1447 1192 τοῦτο
1476 1140 1536 1193 οὐ
1574 1136 1669 1193 δύ-

87 1245 245 1283 ναται
283 1227 541 1299 λέγεσθαι
583 1229 930 1300 τετράγωνον
962 1228 1308 1301 τετραγώνου
1342 1230 1544 1300 μᾶλλον
1579 1247 1669 1284 τε-

84 1320 369 1389 τράγωνον
414 1320 448 1391 ἢ
491 1317 675 1394 ἦττον,
729 1320 845 1375 ἀλλ’
888 1320 1012 1374 οὐδὲ
1061 1321 1331 1393 τριγώνου
1377 1323 1665 1394 τρίγωνον.

87 1412 285 1484 Τρίτον
320 1413 449 1467 ίδιον
476 1414 575 1484 τῆς
607 1412 917 1484 ποιότητος,
952 1412 1015 1467 rb
1056 1415 1245 1485 ὅμοιον
1283 1414 1381 1467 καὶ
1411 1415 1669 1486 ἀνόμοιον

84 1504 373 1574 λέγεσθαι·
398 1503 558 1559 τοῦτο
572 1505 630 1559 δὲ
655 1504 752 1561 καὶ
779 1504 890 1576 (67)
938 1505 1141 1578 κυρίως
1180 1507 1311 1560 ίδιον
1331 1524 1346 1539 ·
1369 1507 1511 1561 κατ’
1540 1506 1670 1561 ἄλλο

84 1596 195 1669 γὰρ
230 1597 383 1651 οὐδέν
427 1614 482 1652 τι
526 1596 637 1651 τῶν
691 1597 1001 1669 εἰρημένων
1059 1596 1173 1671 (68)
1214 1598 1399 1670 ὅμοιον
1426 1599 1667 1669 λέγεται,

84 1690 205 1744 ἀλλ’
230 1694 267 1762 ἢ
301 1690 444 1750 κατὰ
480 1690 579 1763 τὴν
601 1689 889 1762 ποιότητα.

157 1947 229 2012 ζ’.
274 1951 365 2003 Δεῖ
404 1949 460 2003 δὲ
506 1949 742 2017 εἰδέναι,
781 1952 866 2006 ὅτι
906 1953 964 2006 αί
999 1952 1344 2008 εἰδικώταται
1384 1954 1668 2024 ποιότητες

82 2041 259 2093 πᾶσαι
286 2038 391 2093 ὑπὸ
420 2038 519 2111 τὴν
554 2040 821 2114 ποιότητα
866 2041 1197 2110 ἀνάγονται,
1226 2043 1262 2114 ἦ
1310 2060 1370 2099 τε
1403 2059 1669 2116 γραμμα-

78 2129 229 2201 τικὴ,
258 2130 401 2202 φημὶ
423 2130 557 2199 (69),
587 2130 681 2184 καὶ
695 2133 731 2202 ή
751 2130 1065 2203 δικαιοσύνη
1085 2134 1180 2187 καὶ
1206 2135 1263 2187 αἱ
1286 2133 1470 2188 λοιπαὶ
1487 2132 1668 2187 ὡσαύ-

78 2236 224 2283 τως·
260 2222 318 2274 αἱ
365 2221 422 2275 δὲ
463 2222 828 2294 γενικώτεραι
859 2223 972 2295 (70)
1008 2226 1103 2279 καὶ
1135 2225 1241 2283 ὑπὸ
1287 2226 1357 2280 τὰ
1403 2226 1539 2297 πρός
1587 2240 1663 2280 τι·

76 2311 113 2383 ἦ
134 2329 197 2364 τε
228 2313 339 2386 γὰρ
372 2314 654 2388 ἐπιστήμη
682 2314 793 2370 τῶν
823 2316 962 2387 πρός
990 2316 1049 2371 τί
1068 2318 1188 2373 ἐστι
1216 2318 1383 2391 (πρὸς
1408 2318 1517 2389 7&9
1542 2319 1666 2373 ὲπι-

81 2403 281 2475 στητὸν
309 2404 425 2476 (71)
445 2406 664 2475 λέγεται
688 2407 1029 2478 ἐπιστήμη),
1055 2408 1212 2482 καλὴ
1231 2410 1345 2476 ἕξις
1375 2409 1534 2483 (πρὸς
1555 2410 1666 2482 γὰρ

80 2494 239 2550 ἑκτὸν
269 2496 487 2567 λέγεται
516 2497 630 2564 ἕξις
654 2496 816 2578 [72]).
837 2498 1028 2557 Ταῦτα
1054 2500 1156 2573 μιν
1171 2497 1265 2557 οὖν
1292 2503 1424 2575 περὶ
1453 2502 1670 2573 ποιότη-

79 2602 167 2652 τος
207 2586 352 2660 (75).

594 2728 933 2786 ΕΡΩΤΗΣῘΣ
971 2729 1151 2786 PMA'.

577 2821 720 2890 Περὶ
752 2820 877 2877 τῶν
906 2823 1059 2891 πρός
1092 2838 1172 2876 τι.

1769 408 2104 482 triangulum
2128 425 2253 466 cum
2276 412 2658 483 quadrangulo
2678 429 2994 485 comparas,
3016 430 3127 472 non
3152 418 3356 473 dicitur

1770 504 1945 575 magis
1983 512 2042 559 et
2089 504 2315 572 minus;
2352 504 2469 562 haec
2512 506 2657 560 enim
2705 507 2856 563 nullo
2904 524 3133 578 prorsus
3170 520 3353 580 pacto,

1770 604 2045 666 quatenus
2071 604 2203 652 sunt
2232 596 2569 668 triangulum
2598 609 2653 654 et
2673 601 3137 671 quadrangulum,
3171 604 3239 657 ad
3269 604 3354 657 in-

1768 686 1943 742 vicem
1988 688 2299 757 comparari
2345 697 2613 759 possunt;
2642 690 2907 761 ejusdem
2946 692 3093 748 enim
3127 708 3190 747 ea
3228 708 3354 763 quae

1767 788 2161 850 comparantur
2216 779 2460 835 nominis
2516 781 2803 854 participia
2841 782 2953 838 sint
3003 792 3240 853 oportet.
3292 783 3351 839 Si

1768 886 1901 927 vero
1922 887 2208 942 comparas
2232 871 2568 943 triangulum
2601 889 2725 928 cum
2759 873 3033 945 triangulo
3057 913 3073 938 .
3104 875 3189 928 vel
3216 890 3352 945 qua-

1768 963 2100 1037 drangulum
2148 980 2273 1021 cum
2313 966 2727 1036 quadrangulo,
2765 982 2944 1035 neque
2995 968 3076 1022 sic
3114 969 3350 1023 alterum

1770 1053 1944 1110 altero
1975 1054 2149 1126 magis
2181 1054 2267 1109 vel
2295 1054 2477 1110 minus
2507 1055 2741 1111 dicetur.
2783 1055 3191 1125 Comparantur
3224 1057 3352 1127 qui-

1770 1147 1894 1203 dem
1925 1148 2051 1212 ista,
2094 1146 2187 1202 sed
2218 1145 2347 1216 quia
2384 1146 2501 1217 pari
2543 1145 2710 1201 modo
2738 1155 2851 1201 tum
2888 1148 2942 1201 in
2976 1149 3200 1203 nomine
3233 1156 3350 1203 tum

1772 1241 1826 1294 in
1853 1238 2172 1295 delinitione
2201 1253 2395 1293 eorum
2426 1238 2770 1293 consortium
2818 1239 3025 1294 habent
3068 1248 3184 1294 tum
3217 1256 3354 1310 qua-

1775 1330 2067 1403 drangulo,
2102 1340 2216 1385 tum
2248 1346 2446 1386 rursus
2494 1330 2805 1400 triangula,
2846 1331 3055 1387 idcirco
3080 1332 3357 1403 quadrati:-

1772 1424 1960 1494 gulum
1986 1422 2369 1493 quadrangulo
2396 1423 2572 1495 magis
2593 1424 2681 1479 vel
2703 1424 2887 1480 minus
2913 1426 3353 1496 quadrangulum

1770 1516 1879 1571 dici
1916 1515 2145 1586 nequit,
2186 1514 2282 1570 sed
2314 1530 2489 1585 neque
2519 1517 2858 1587 triangulum
2893 1517 3187 1587 triangnlo.
3229 1518 3357 1571 Ter-

1773 1609 1847 1663 tia
1870 1609 2181 1679 pr0prietas
2200 1606 2482 1677 qualitatis
2504 1616 2608 1672 est,
2633 1608 2816 1663 simile
2846 1616 2901 1663 et
2930 1607 3200 1663 dissimile
3221 1607 3351 1662 dici.

1696 1673 1745 1733 Β
1778 1698 1904 1754 Haec
1948 1712 2079 1753 vero
2118 1698 2338 1767 proprie
2369 1707 2455 1753 est
2500 1699 2807 1768 proprietas
2834 1714 2851 1764 ;
2880 1699 3181 1754 secundum
3208 1698 3354 1753 enim

1771 1789 1919 1844 aliud
1943 1829 1958 1854 ,
1987 1803 2153 1859 quam
2190 1788 2518 1858 qualitatem
2550 1789 2705 1858 inibit
2737 1788 3125 1859 praedictorum
3170 1788 3354 1844 simile

1771 1882 1997 1937 dicitur.

1840 1973 1898 2027 7.
1930 1972 2084 2028 Scire
2124 1982 2306 2027 autem
2340 1981 2553 2043 oportet
2601 1971 3028 2043 spccialissimas
3060 1972 3354 2043 qualitates

1774 2079 1972 2121 omnes
2004 2065 2193 2120 reduci
2225 2065 2294 2120 ad
2330 2066 2676 2136 qualitatem,
2711 2066 3156 2136 grammaticam,
3183 2065 3354 2135 justi-

1777 2158 1947 2225 tiam,
1978 2158 2229 2229 aliasque
2281 2158 2570 2225 similiter;
2622 2160 2995 2229 generaliores
3050 2160 3358 2229 (universa-

1773 2250 1967 2322 liores)
2008 2265 2142 2306 vero
2169 2252 2337 2307 etiam
2381 2252 2447 2306 ad
2486 2251 2699 2318 relata;
2737 2250 2961 2306 scientia
2995 2251 3142 2306 enim
3179 2260 3357 2307 estex

1771 2342 1963 2399 relatis
1990 2344 2057 2398 ad
2088 2343 2298 2414 aliquid
2335 2342 2429 2415 (ad
2457 2343 2652 2399 scibile
2673 2343 2820 2398 enim
2846 2343 3047 2398 dicitur
3098 2343 3356 2414 scientia)

1776 2435 1859 2492 sic
1880 2444 1935 2493 et
1956 2435 2181 2493 habitus
2206 2435 2298 2499 (ad
2321 2436 2377 2490 id
2406 2435 2556 2507 quod
2592 2436 2827 2492 habetur
2849 2436 3053 2492 dicitur
3082 2436 3354 2507 habitus).

1773 2529 1957 2601 Atque
1990 2529 2108 2586 haec
2139 2527 2210 2585 de
2239 2528 2509 2601 qualitate
2536 2527 2684 2583 dicta
2716 2528 2831 2585 sint

1989 2728 2325 2796 QUAESTIO
2361 2728 2550 2785 cxu.
2591 2728 2783 2802 [σείει.
2815 2727 3147 2800 CLXXVII.)

2244 2822 2321 2877 De
2354 2822 2541 2877 relatis
2579 2822 2648 2876 ad
2683 2822 2908 2891 aliquid.

1130 2933 1275 2985 Nunc
1313 2933 1529 2998 primum
1559 2935 1695 2986 edita
1728 2951 1757 2986 a
1784 2936 1845 2987 D.
1868 2935 2302 3001 Hergenroetber.

148 3042 224 3093 α’.
266 3035 412 3109 Πρός
440 3035 495 3089 τί
530 3035 680 3092 ἐστιν
715 3035 870 3109 (74),
911 3032 993 3103 οἷς
1019 3038 1082 3091 rb
1125 3033 1265 3091 εἶναι
1316 3036 1513 3093 ταυτόν
1555 3039 1670 3091 ἐστι

1847 3040 1900 3094 1.
1931 3040 2188 3097 Relatum
2220 3041 2290 3096 ad
2324 3042 2532 3112 aliquid
2582 3051 2666 3097 est
2691 3083 2708 3109 ,
2742 3040 2901 3112 cujus
2945 3055 3066 3097 esse
3106 3040 3247 3096 idem
3275 3049 3362 3098 est

81 3129 161 3202 τῷ
192 3128 306 3203 (75)
350 3129 489 3202 πρός
521 3128 579 3182 τί
611 3147 729 3197 πως
769 3130 934 3201 ἔχειν·
969 3130 1247 3185 τουτέστιν
1269 3123 1345 3191 ὧν
1367 3132 1401 3202 ἠ
1438 3130 1673 3203 ύπαρξις

84 3223 141 3274 ἐν
168 3222 242 3291 τῇ
274 3220 410 3292 πρὸς
436 3219 623 3293 ἕτερον
645 3219 830 3292 σχέσει
860 3221 1030 3274 ἐστίν·
1064 3217 1176 3275 οἷον
1206 3221 1279 3285 ὼς
1303 3222 1363 3274 τὸ
1386 3221 1673 3275 διπλάσιον

82 3313 178 3366 καὶ
214 3313 328 3384 (76)
360 3312 421 3365 rb
452 3312 647 3383 ἥμισυ·
681 3313 741 3366 rb
778 3311 885 3383 γὰρ
924 3311 1209 3366 διπλάσιον
1250 3313 1308 3365 ὲν
1334 3314 1405 3385 τῇ
1437 3312 1577 3385 πρὸς
1610 3312 1672 3365 τὸ

81 3405 258 3475 ἥμισυ
288 3404 471 3474 σχέσει
512 3404 576 3458 rb
608 3398 748 3459 εἶναι
784 3402 898 3475 ἔχει
932 3403 1068 3475 (77),
1104 3404 1196 3459 καὶ
1228 3404 1289 3457 τὸ
1312 3404 1486 3475 ἥμισυ
1517 3405 1575 3457 ὲν
1605 3407 1675 3475 τῇ,

82 3496 223 3567 πρὸς
275 3497 336 3548 τὸ
376 3493 659 3549 διπλάσιον
690 3495 826 3567 (78)·
869 3495 1132 3559 ὡσαύτως
1173 3496 1231 3552 δὲ
1279 3496 1375 3550 καὶ
1424 3498 1518 3550 ἐπὶ
1562 3497 1673 3551 τῶν

81 3588 286 3642 ἄλλων.
342 3586 686 3658 Ὑποϐέὸηκε
730 3587 786 3640 δὲ
813 3589 925 3651 τοῖς
974 3588 1110 3658 πρός
1150 3586 1207 3641 τί
1249 3605 1373 3642 τινα
1406 3589 1543 3659 (79),
1597 3582 1673 3643 ὧν

81 3681 149 3733 τὰ
190 3679 308 3749 (80)
362 3678 462 3748 μὲν
509 3679 652 3731 κατὰ
696 3664 1002 3750 ταυτότητᾶ
1038 3679 1294 3748 λέγεται,
1335 3679 1409 3733 τὰ
1453 3679 1509 3733 δὲ
1551 3679 1673 3733 κατ’

82 3773 412 3842 ἀνισότητα,
460 3769 531 3824 τὰ
574 3770 633 3824 δὲ
676 3770 821 3824 κατὰ
866 3770 1123 3844 γέννησιν
1152 3772 1299 3843 (81),
1344 3772 1414 3825 τὰ
1443 3771 1501 3824 δὲ
1532 3772 1675 3832 κατὰ

88 3862 327 3933 μέθεξιν,
359 3863 429 3917 τὰ
466 3863 526 3918 δὲ
565 3864 709 3918 κατὰ
734 3863 947 3933 ὕφεσιν,
996 3864 1066 3916 τὰ
1093 3863 1151 3916 δὲ
1186 3863 1334 3917 κατά
1364 3863 1571 3930 πάθος,
1604 3862 1675 3917 τὰ

82 3958 139 4010 δὲ
184 3957 330 4013 κατὰ
368 3957 577 4029 κρίσιν,
614 3956 682 4010 τὰ
711 3957 769 4010 δὲ
796 3956 938 4010 κατὰ
967 3955 1139 4021 θέσιν,
1181 3956 1247 4008 τὰ
1285 3955 1343 4008 δὲ
1394 3956 1537 4009 κατὰ
1574 3953 1674 4027 τὴν

82 4048 221 4120 πρὸς
277 4047 339 4101 rb
379 4047 556 4117 ,γένος
599 4048 900 4119 ἀναφοράν·
949 4046 1373 4119 παραδείγματα
1418 4046 1531 4119 (82)
1578 4045 1673 4100 τοῦ

86 4142 189 4211 μὲν
220 4139 362 4215 κατᾲ
408 4138 755 4210 ταυτότητα,
787 4133 899 4191 οἷον
939 4138 1051 4213 (85)
1093 4138 1247 4209 φίλος
1294 4138 1448 4208 φίλου
1484 4139 1671 4208 φίλος,

83 4236 180 4289 καί
227 4232 421 4305 ἐχθρὸς
467 4231 664 4304 ἐχθροῦ
713 4230 929 4303 ἐχθρὸς,
989 4233 1085 4285 καὶ
1133 4232 1196 4284 rb
1249 4231 1437 4301 ὅμοιον
1499 4230 1672 4301 ὁμοίῳ

82 4328 291 4397 ὅμοιον·
318 4324 412 4378 τοῦ
441 4324 497 4378 δὲ
523 4324 646 4378 κατ’
674 4324 974 4393 ἀνισότητα
996 4322 1074 4387 ὡς
1095 4322 1156 4377 rb
1183 4322 1367 4393 μεῖξον
1391 4322 1675 4387 ἐλάττονος

1774 3147 1839 3186 ac
1870 3141 2025 3187 certo
2058 3134 2300 3204 qundam
2338 3134 2503 3189 modo
2546 3134 2615 3188 ad
2643 3134 2853 3205 aliquid
2887 3148 2947 3189 se
2978 3133 3178 3189 habere
3200 3174 3216 3200 ,
3253 3134 3359 3190 hoc

1774 3234 1879 3291 est,
1920 3226 2080 3296 cujus
2107 3227 2429 3283 exsistentia
2462 3228 2515 3282 in
2542 3227 2860 3282 habitudine
2898 3228 2964 3281 ad
2994 3226 3140 3281 aliud
3174 3228 3361 3282 consi-

1774 3318 1911 3385 stit;
1948 3319 2114 3375 veluti
2157 3319 2383 3392 duplum
2416 3330 2470 3376 et
2499 3321 2789 3393 dimidium
2820 3337 2835 3388 ;
2874 3336 2998 3374 nam
3028 3319 3255 3389 duplum
3300 3319 3379 3374 in-

1775 3410 2097 3466 habitudine
2131 3412 2198 3467 ad
2239 3412 2526 3471 dimidium
2572 3414 2955 3469 exsistentiam
2998 3413 3161 3468 habet
3194 3422 3248 3467 et
3276 3412 3362 3466 di-

1775 3502 2003 3561 midium
2042 3507 2095 3561 in
2131 3507 2454 3563 habitudine
2498 3509 2565 3562 ad
2610 3509 2881 3578 duplum;
2917 3508 3108 3576 sicque
3154 3507 3361 3576 pariter

1776 3606 1833 3651 et
1863 3599 1915 3651 in
1948 3598 2182 3671 caeteris.
2207 3598 2571 3654 Rcducuntur
2591 3607 2773 3654 autem
2800 3601 2865 3655 ad
2889 3600 3057 3654 relata
3083 3600 3359 3670 quaedam.

1775 3706 2009 3760 quorum
2042 3691 2150 3746 alia
2182 3692 2484 3747 secundum
2538 3692 2878 3747 identitatem
2920 3693 3177 3746 dicuntur
3204 3730 3219 3755 ,
3251 3692 3359 3746 alia

1776 3784 2081 3839 secundum
2131 3783 2555 3855 inaequalitatem
2580 3824 2596 3851 ,
2643 3786 2749 3839 alia
2789 3784 3093 3840 secundum
3126 3799 3357 3854 genera-

1776 3877 2003 3943 tionem,
2035 3876 2141 3932 alia
2169 3882 2474 3933 secundum
2503 3878 3002 3949 participationem,
3028 3877 3133 3930 alia
3161 3890 3361 3929 secun-

1774 3971 1906 4024 dum
1942 3970 2363 4041 subjectionem,
2392 3971 2500 4026 alia
2538 3972 2842 4026 secundum
2867 3968 3181 4039 passionem
3206 4006 3222 4032 ,
3252 3966 3360 4020 alia

1776 4060 2077 4115 secundum
2098 4042 2646 4132 judicationempalia
2675 4059 2977 4116 secundum
3006 4057 3365 4133 positionem.

1780 4153 1886 4206 alia
1911 4153 2214 4209 secundum
2246 4153 2462 4223 generis
2485 4155 2828 4209 relationem.
2859 4150 3116 4222 Exempla
3139 4163 3358 4215 eorum,

1776 4258 1908 4315 qua:
1947 4242 2247 4299 secundum
2281 4244 2622 4298 identitatem
2646 4242 2928 4303 dicuntur,
2966 4239 3175 4293 amicus
3196 4236 3360 4291 amici

1778 4335 1994 4391 amicus
2026 4342 2080 4390 et
2106 4335 2365 4391 inimicus
2402 4334 2611 4389 inimici
2649 4332 2928 4396 inimicus,
2969 4339 3025 4385 et
3066 4328 3247 4385 simile
3286 4326 3362 4380 si-

86 4419 278 4488 μεῖζον
310 4418 406 4470 κτιι)⁵
430 4417 493 4469 rb
517 4416 803 4470 διπλάσιον
831 4415 1079 4486 ἡμίσεως
1110 4415 1417 4470 διπλάσιον·
1456 4413 1512 4487 [ἦ
1548 4414 1670 4470 κατ’

1780 4422 1896 4477 mili
1919 4422 2100 4477 simile
2123 4439 2138 4490 ;
2166 4422 2288 4493 ejus
2305 4421 2453 4494 quod
2470 4431 2553 4477 est
2574 4420 2877 4477 secundum
2898 4415 3359 4487 inaequalitatem:

88 4512 319 4580 ἰσότητα
345 4508 422 4570 ὡς
467 4508 530 4562 rb
557 4504 682 4562 ῐσόν
705 4525 836 4573 τινι,
883 4507 1046 4582 ῐσον·]
1084 4507 1180 4561 τοῦ
1222 4508 1281 4562 δὲ
1309 4508 1453 4562 κατὰ
1482 4507 1672 4579 γέννη-

87 4618 172 4659 σιν
198 4606 315 4679 (84)
342 4602 418 4669 ὡς
444 4605 629 4678 πατὴρ
655 4602 776 4661 υἱοῦ
814 4607 1027 4678 πατήρ·
1051 4606 1153 4661 τοῦ.
1176 4604 1235 4660 δὲ
1255 4604 1397 4660 κατὰ
1427 4605 1672 4678 μέθεξιν,

1779 4512 1962 4584 majus
2001 4513 2205 4568 minori
2259 4513 2441 4583 majus
2474 4522 2529 4568 et
2577 4510 2806 4577 duplum
2873 4506 3089 4563 dimidii
3128 4506 3359 4574 duplum

1793 4603 1939 4679 [eius
1965 4606 2109 4678 quod
2152 4604 2458 4664 secundum
2494 4603 2895 4676 aequalitatem,
2926 4608 2986 4657 ut
3024 4600 3232 4671 aequale
3257 4596 3364 4652 ali-

1629 4761 1859 4821 ΝΟΤΔΕ.

159 4949 274 5021 (67)
301 4948 395 5021 καί
429 4948 585 5021 deest
614 4948 670 5003 in
702 4947 848 5007 Mon.
872 4948 967 5021 qui
1016 4963 1049 5005 a
1096 4946 1279 5004 verbis
1322 4946 1449 5001 illis.
1480 4943 1674 5019 Τρίτον

89 5018 222 5079 ίδιον
251 5018 439 5075 eadem
461 5018 646 5074 babet.

86 5163 112 5215 δ
158 5090 271 5163 (68)
305 5088 454 5145 Mon.
479 5090 600 5143 κατ’
631 5088 760 5145 ἄλλο
790 5088 900 5159 γάρ
942 5105 995 5143 τι
1053 5086 1164 5143 τῶν
1221 5086 1528 5159 εἰρημένων
1582 5089 1671 5143 ού-

116 5164 195 5215 έν.

116 5181 272 5304 ὃῖέὶθ)
309 5232 455 5304 φημί
488 5232 669 5287 omitt.
690 5229 841 5304 iMon.
870 5247 1045 5304 γραμ.
1068 5229 1165 5282 καὶ
1178 5228 1420 5304 -δικαιοσ.

185 5300 274 5372 71))
314 5300 459 5358 Rion.
483 5303 700 5370 γενικαί
721 5319 733 5335 ·
765 5300 923 5371 sequ.
953 5300 1052 5372 xiiii
1079 5302 1257 5354 omilt.

182 5369 271 5443 71)
298 5372 446 5429 Mon.
476 5369 697 5443 καὶγὰρ
718 5369 1012 5443 ἐπιστητοῦ
1042 5369 1093 5425 λ.
1123 5372 1156 5441 ἡ
1185 5373 1272 5421 ἐπ.

183 5444 271 5515 72)
300 5444 447 5515 Mon.
485 5444 520 5513 ἡ
550 5443 686 5511 ἕξις.

160 5510 275 5584 (75⁷)
302 5512 447 5568 Mon.
585 5510 646 5584 μ.
680 5511 774 5584 οὖν
803 5513 861 5564 ὲν
888 5510 1117 5574 τούτοις.

158 5574 272 5708 (374)
308 5585 460 5640 Mon.
485 5583 522 5638 f.
560 5574 631 5639 2'9
658 5599 713 5639 ει.
754 5583 872 5636 ἐστι
903 5580 1226 5652 κατηγορία,
1257 5574 1338 5645 οἷς
1387 5577 1470 5635 Cf.
1498 5579 1665 5634 Arist.

1854 4943 1969 5015 (75)
1995 4943 2147 5015 ιιοη.
2176 4946 2256 4999 τό.

1852 5014 1966 5087 (76)
1992 5014 2136 5087 non.
2169 5016 2203 5087 η
2232 5014 2292 5068 τδ
2314 5015 2419 5087 mx-

1856 5080 1971 5156 (77)
2000 5085 2145 5140 Μοιι.
2176 5080 2264 5156 σχ.
2299 5080 2411 5155 Eia
2434 5086 2492 5139 rb
2514 5080 2679 5150 εἶναι,
2709 5083 2912 5157 ὁμοίως
2939 5101 2995 5137 κ.

1855 5158 1967 5226 (78)
1997 5156 2182 5225 σχέσει
2206 5157 2330 5211 add.
2359 5157 2506 5211 Mnn.

1855 5163 1945 5226 (78
1997 5163 2182 5225 σχέσει
2206 5163 2330 5211 add.
2359 5163 2506 5211 Mnn.

1851 5163 1967 5298 (79)
2000 5227 2121 5298 τινά
2146 5228 2300 5281 deest
2331 5228 2386 5281 in
2433 5226 2581 5281 Mon.
2610 5244 2625 5294 ;
2660 5225 2787 5282 Vat.
2819 5217 2895 5279 ὧν
2929 5223 3030 5297 μὲν
3074 5223 3143 5278 τὰ
3178 5223 3277 5296 μὲν
3306 5241 3363 5278 κ.

1853 5296 1966 5369 (80)
2000 5296 2146 5369 Mori.
2177 5298 2264 5351 hic
2290 5309 2344 5353 et
2372 5298 2425 5352 in
2453 5314 2609 5369 sequ.
2634 5297 2714 5351 τό.

1854 5364 1966 5437 (δί)
2016 5367 2167 5423 Μυη.
2217 5364 2548 5439 εθιιθηιιίιιε’
2587 5367 2915 5424 vocabulum
2980 5364 3146 5422 habet
3211 5366 3366 5436 γίνε-

1781 5457 1884 5492 σιν.

1849 5509 1961 5574 (89)
1984 5507 2129 5580 Moti.
2154 5508 2528 5580 παράδειγμα.

1851 5579 1966 5649 (εδ)
2002 5579 2145 5633 Μοη.
2171 5579 2266 5644 ὡς.

1853 5650 1965 5721 (84)
1995 5649 2119 5707 Haec
2150 5650 2306 5706 uncis
2333 5650 2546 5709 inclusa
2577 5650 2727 5709 solus
2766 5652 2925 5709 habet
2956 5649 3102 5708 Mon.
