3908 6214
515 196 621 261 795

1678 200 1943 262 ΡΠΟἸῚΙ
1976 198 2483 262 PATRIARCH/E
2519 200 2630 260 CP.

3700 199 3803 261 796

512 313 602 368 cui
642 310 913 384 aequale];
961 311 1080 384 ejus
1120 312 1268 385 quod
1316 313 1621 371 secundum
1664 317 2071 387 generationem

2201 314 2280 379 ὡς
2333 314 2395 367 τὺ
2432 313 2663 385 μετέχον
2702 312 3068 383 μετεχομένου
3114 318 3372 384 μετέχευ
3425 313 3527 366 τοῦ
3565 312 3627 366 δὲ
3667 318 3805 367 κατᾶ

515 412 578 459 ut
609 415 765 474 pater
796 406 888 460 lilii
934 417 1131 476 pater;
1177 408 1298 477 ejus
1343 408 1489 478 quod
1532 410 1836 464 secundum
1880 410 2101 477 partici-

516 497 791 567 pationem
829 514 844 551 :
882 498 1220 568 participans
1253 499 1373 567 ejus
1402 500 1549 568 quod
1593 500 1978 569 participatur,
2015 508 2101 555 est

514 592 827 661 particeps;
861 594 979 661 ejus
1011 593 1156 661 quod
1188 593 1489 647 secundum
1520 591 1934 661 subjectionem,
1956 592 2102 646 velut

514 684 773 738 dominus
838 684 979 738 servi
1047 684 1337 747 dominus;
1404 684 1525 753 ejus
1579 682 1725 753 quod
1794 681 2097 738 secundum

514 775 861 843 passionem,
898 775 1063 829 veluti
1118 774 1431 844 percutiens
1465 790 1592 829 eum
1639 774 1732 844 qui
1783 776 2097 845 percutitur

514 864 771 933 percutit,
810 874 863 919 ct
892 880 1187 934 percussus
1218 881 1245 919 a
1276 866 1612 932 percutieute
1658 875 1952 936 percussus
1975 877 2097 928 est;

511 956 632 1025 ejus
660 958 805 1026 quod
836 959 1141 1013 secundum
1183 958 1577 1028 judicationem
1609 959 1840 1013 scientia
1882 958 2096 1014 scibilis

510 1049 715 1105 dicitur
745 1050 972 1105 scientia
1004 1069 1017 1115 ;
1058 1051 1181 1119 ejus
1212 1051 1355 1119 quod
1388 1051 1691 1105 secundum
1720 1051 2051 1120 positionem
2080 1070 2093 1105 :

512 1140 803 1195 dexterum
834 1141 1043 1194 sinistri
1070 1141 1355 1195 dexterum
1386 1158 1401 1206 ;
1429 1141 1547 1210 ejus
1573 1156 1701 1195 vero
1723 1142 1867 1209 quod
1895 1157 2092 1196 secun-

510 1231 639 1286 dum
670 1234 989 1288 relationem
1023 1235 1088 1288 ad
1133 1251 1326 1304 genus.
1372 1244 1431 1289 ut
1458 1236 1847 1303 grammatica.
1887 1235 2096 1289 musica

508 1325 737 1394 aliteque
763 1326 813 1380 id
848 1342 1021 1396 genus
1056 1326 1401 1395 disciplinae;
1436 1328 1698 1396 quaelibet
1729 1326 1873 1381 enim
1904 1342 2093 1380 earum

508 1414 810 1468 secundum
855 1416 1093 1483 seipsam
1136 1430 1243 1467 non
1284 1424 1574 1469 revocatur
1602 1415 1667 1469 ad
1695 1431 1780 1477 ea,
1815 1431 1938 1484 quae
1968 1423 2093 1469 sunt

506 1504 682 1558 relata
715 1504 782 1558 ad
826 1504 1035 1576 aliquid
1061 1523 1074 1569 ;
1103 1504 1412 1559 secundum
1457 1504 1835 1559 habitudinem
1866 1520 1996 1559 vero
2023 1505 2091 1559 ad

2204 405 2415 475 ὕφεσιν,
2448 405 2524 470 ὡς
2567 404 2836 475 δεσπότης
2872 403 3059 458 δούλου
3104 405 3395 476 δεσπότηςο
3423 404 3523 458 τοῦ
3568 406 3628 459 δὲ
3668 410 3804 461 κατά

2203 498 2371 569 πῆσιν
2394 498 2507 568 (85)
2536 499 2707 570 ἣγουν
2731 497 2877 551 κατὰ
2903 497 3166 569 πάθησιν,
3196 498 3273 561 ὡς
3292 498 3323 550 ὁ
3352 497 3579 551 τύπτων
3608 500 3802 551 τυπτέ-

2208 604 2370 658 μενον
2410 588 2606 642 τύπτει
2635 589 2731 641 καὶ
2769 590 2797 642 ὁ
2838 587 3179 659 τυπτόμενος
3221 588 3327 641 ὑπὸ
3367 588 3677 651 τύπτοντος
3711 590 3803 641 τύ-

2206 698 2421 735 πτεται·
2450 680 2545 735 τοῦ
2572 681 2631 735 δὲ
2652 682 2795 736 κατὰ
2823 680 3006 753 κρίσιν
3034 681 3111 745 ὡς
3134 684 3166 750 ἡ
3193 683 3475 753 ἐπιστήμη
3502 682 3801 752 ἐπιστητοῦ

2203 774 2508 843 ἐπιστήμη⁹
2534 771 2627 825 τοῦ
2662 772 2719 825 δὲ
2753 772 2897 826 κατὰ
2917 772 3089 837 θέσιν,
3118 773 3194 836 ὡς
3220 773 3282 826 τὸ
3308 773 3480 840 δεξιὸν
3508 773 3801 845 ἀριστεροῦ

2204 862 2397 928 δεξιόν·
2421 863 2513 917 τοῦ
2548 864 2606 917 δὲ
2641 865 2781 917 κατὰ
2808 864 2907 935 τὴν
2946 864 3086 936 πρὸς
3116 866 3179 918 τὸ
3204 865 3362 933 γένος
3394 866 3708 937 ἀναφορὰν,
3732 866 3803 929 ὡς

2203 956 2237 1026 ἡ
2291 954 2655 1027 γραμματικὴ
2698 956 2795 1010 καὶ
2831 958 2864 1026 ἡ
2919 958 3157 1029 μουσικὴ
3205 959 3300 1012 καὶ
3324 959 3437 1029 (86)
3484 961 3545 1013 αἱ
3586 962 3796 1028 ὅμοιοι.⁹

2202 1045 2412 1100 τούτων
2454 1047 2565 1116 γὰρ
2607 1046 2812 1117 ἑκάστη
2858 1048 2983 1100 καθ’
3013 1048 3214 1119 ἑαυτὴν
3257 1050 3358 1118 μὲν
3394 1052 3495 1103 οὐκ
3532 1052 3800 1118 ἀνάγεται

2203 1138 2309 1190 ὑπὸ
2333 1138 2402 1191 τὰ
2428 1138 2565 1207 πρός
2586 1155 2658 1190 τι·
2701 1139 2844 1192 κατὰ
2870 1138 2927 1191 δὲ
2952 1138 3051 1210 τὴν
3080 1139 3218 1211 πρὸς
3247 1141 3309 1193 τὸ
3335 1141 3493 1209 γένος
3519 1144 3800 1213 ἀναφορὰν

2198 1228 2460 1301 ἀναχθείη
2509 1229 2641 1292 ἴσως
2682 1229 2749 1282 ἄν
2775 1245 2791 1260 ο
2847 1230 3005 1296 γένος
3044 1230 3147 1300 μὲν
3193 1232 3300 1300 γὰρ
3344 1232 3557 1285 τούτων
3594 1236 3629 1303 ἡ
3683 1237 3819 1287 ἐπι-.

2198 1322 2401 1390 στήμηο
2436 1322 2575 1390 αὕτη
2608 1338 2666 1374 τε
2698 1322 2804 1375 ὑπὸ
2831 1323 2899 1376 τὰ
2931 1323 3063 1395 πρός
3092 1340 3169 1376 τι’
3202 1323 3342 1377 ὥστε
3376 1326 3473 1378 καὶ
3505 1325 3683 1378 ταῦτα
3711 1325 3800 1377 διὰ

2194 1411 2254 1463 τὸ
2284 1412 2439 1479 γένος
2465 1412 2570 1466 ὑπὸ
2601 1413 2670 1467 τὰ
2698 1415 2835 1484 πρός
2862 1432 2937 1468 τι.
2994 1415 3154 1468 Ἀλλὰ
3180 1418 3306 1487 περὶ
3339 1416 3438 1487 μὲν
3468 1417 3671 1471 τούτου
3702 1417 3800 1471 τοῦ

2194 1506 2553 1577 θεωρήματος
2587 1509 2645 1561 ὲν
2680 1507 2860 1572 ἄλλοις
2890 1506 3250 1579 πλατύτερον.
3556 1544 3575 1573 ι.

503 1613 678 1669 geuus
714 1598 947 1653 fortasse
977 1599 1042 1653 ad
1082 1599 1184 1654 ista
1209 1597 1516 1653 revocanda
1548 1607 1678 1652 sunt
1705 1615 1718 1660 ;
1749 1613 1920 1667 genus
1974 1598 2112 1651 enitr
2203 1599 2287 1655 ltis
2349 1609 2447 1656 est°
2468 1601 2699 1655 scientia
2728 1618 2743 1666 ;
2776 1601 2889 1655 haec
2916 1616 3049 1657 vero
3092 1611 3177 1657 est
3219 1602 3323 1657 sub
3366 1602 3553 1659 relatis
3587 1606 3658 1659 ad
3688 1602 3798 1660 ali-

503 1693 633 1763 quid
662 1710 677 1759 ;
715 1708 885 1762 quare
927 1699 1151 1762 propter
1188 1705 1362 1760 genus
1407 1697 1463 1742 et
1495 1688 1600 1743 illae
1627 1689 1693 1743 ad
1730 1689 1901 1744 relata
1934 1700 2282 1744 revelantur.
2316 1689 2518 1746 Verum
2548 1691 2614 1746 de
2643 1692 2746 1747 hoc
2785 1690 3122 1746 theoremata
3152 1684 3332 1746 fusius
3368 1692 3523 1748 alibi.

571 1787 627 1842 2.
667 1786 921 1842 Deﬁnitio
967 1802 997 1840 a
1048 1784 1322 1856 principio
1364 1785 1524 1841 allata
1554 1799 1743 1840 eorum
1803 1798 1925 1853 quae
1970 1791 2098 1836 sunt
2125 1788 2172 1847 Β

501 1881 671 1934 relata
706 1878 773 1934 ad
809 1878 1015 1951 aliquid
1040 1920 1055 1945 ,
1088 1878 1311 1949 proprie
1354 1887 1566 1932 natura;
1614 1876 1912 1931 relatorum
1956 1890 2089 1929 con-

502 1974 688 2040 venit;
721 1989 887 2042 quam
930 1987 1060 2027 vero
1090 1986 1239 2027 nunc
1273 1972 1588 2037 afferemus,
1628 1985 1693 2026 ea
1718 1970 1876 2040 quasi
1906 1968 2088 2024 corol—

502 2068 698 2123 larium
723 2067 1000 2138 quoddam
1025 2067 1210 2137 potius
1235 2074 1483 2137 apparet.
1516 2062 1611 2119 Est
1631 2078 1758 2118 vero
1780 2062 2084 2133 ejusmodi:

500 2159 694 2215 Relata
726 2168 874 2223 sunt,
912 2175 1035 2230 qua:
1067 2159 1184 2230 ipsa
1216 2156 1480 2227 quidquid
1522 2165 1672 2219 sunt,
1701 2155 1933 2209 aliorum
1965 2169 2088 2210 esse

499 2250 759 2305 dicuntur
795 2249 908 2304 sive
955 2249 1063 2303 alio
1104 2262 1434 2319 quocunque
1473 2247 1635 2301 modo
1676 2248 1743 2301 ad
1783 2246 1933 2300 aliud
2000 2261 2081 2299 re-

499 2338 771 2394 feruntur.
814 2338 1071 2394 Dicebam
1095 2352 1249 2404 vero,
1292 2353 1404 2392 non
1430 2352 1554 2392 esse
1587 2335 1858 2406 ejusmodi
1891 2335 2086 2390 delini-

500 2434 703 2487 tionem
735 2431 1131 2486 declarativam
1174 2442 1386 2485 natura:
1414 2445 1631 2493 eorum,
1672 2442 1796 2499 quae
1825 2436 1957 2482 sunt
1990 2442 2080 2481 re-

497 2523 629 2588 lata,
665 2524 794 2594 quia
849 2538 955 2577 non
1000 2536 1345 2592 quaecunque
1385 2521 1619 2575 aliorum
1644 2535 1767 2575 esse
1799 2519 2079 2583 dicuntur,

496 2617 686 2671 eadem
723 2630 945 2687 quoque
977 2616 1147 2670 relata
1192 2626 1360 2679 sunt;
1393 2629 1591 2669 manus
1614 2612 1761 2668 enim
1794 2612 2079 2683 cujusdam

500 2707 702 2761 dicitur
729 2721 924 2759 manus
950 2714 1005 2759 et
1043 2715 1208 2775 caput
1242 2705 1529 2773 cujusdam
1560 2714 1745 2775 caput,
1773 2719 1839 2760 ac
1868 2703 2079 2774 reliqua

496 2796 743 2850 membra
796 2796 1068 2852 similiter.
1120 2795 1272 2851 Scire
1322 2810 1456 2851 vero
1510 2804 1729 2867 oportet
1780 2795 2076 2850 relatorum

492 2889 561 2943 ad
605 2890 810 2959 aliquid
854 2890 957 2944 alia
996 2905 1093 2960 per
1124 2889 1421 2959 genitivum
1451 2889 1672 2957 eﬂ'erri;
1720 2889 1926 2945 veluti:
1979 2889 2079 2943 do-

495 2980 683 3038 tninus
734 2981 877 3037 servi
930 2982 1225 3047 dominus;
1274 2980 1383 3034 alia
1437 2994 1532 3051 per
1580 2964 1861 3047 dativum;
1907 2977 2077 3034 veluti

494 3068 683 3123 scibilc
718 3069 962 3124 scientiae
1000 3070 1194 3124 scibile
1218 3109 1233 3132 ,
1271 3070 1375 3124 alia
1412 3084 1508 3139 per
1545 3069 1945 3134 accusativum,
1980 3083 2076 3121 ve-

2272 1782 2340 1853 β’.
2382 1782 2538 1837 Ἔστι
2592 1781 2647 1837 δὲ
2685 1785 2713 1837 ό
2762 1784 2823 1837 ὲν
2858 1783 3000 1857 ἀρχῇ
3038 1785 3151 1855 (87)
3182 1784 3474 1856 εἰρημένος
3510 1786 3621 1839 τῶν
3656 1788 3797 1856 πρός

2189 1893 2243 1928 τι
2291 1874 2450 1943 λόγος
2494 1875 2704 1946 κυρίως
2736 1875 2852 1947 (88)
2895 1877 2996 1948 τῆς
3042 1876 3262 1948 φύσεως
3294 1877 3416 1932 τῶν
3456 1880 3701 1950 πρόςτι·
3728 1880 3796 1935 ὃν

2187 1967 2246 2022 δὲ
2289 1968 2384 2023 νῦν
2432 1968 2668 2039 ἐροῦμεν
2703 1968 2816 2040 (89)
2866 1968 2943 2034 ὡς
2983 1972 3457 2044 παρακολούθημα
3500 1992 3553 2028 τι
3584 1975 3794 2045 μᾶλλον

2189 2061 2485 2131 φαίνεται*
2525 2061 2728 2115 ἔστιδὲ
2757 2057 2933 2127 οὗτος·
2977 2064 3118 2135 πρός
3157 2065 3214 2118 τί
3257 2067 3430 2130 ἐστιν,
3478 2069 3578 2122 ὅσα
3612 2070 3787 2133 αὐτὰ,

2193 2156 2338 2226 ἅπερ
2384 2154 2555 2220 ἐστὶν,
2602 2154 2806 2224 ἐτέρων
2853 2152 2993 2209 εἶναι
3053 2156 3274 2224 λέγεται
3324 2158 3358 2228 ἢ
3408 2160 3659 2213 ὁπωσοῦν
3688 2161 3789 2215 ἆλ-

2187 2244 2296 2308 λως
2323 2245 2460 2316 πρὸς
2488 2244 2674 2316 ἕτερον
2699 2244 2833 2316 (90)⁶
2853 2245 2990 2315 ἔφην
3013 2247 3071 2302 δὲ
3097 2248 3172 2320 μὴ
3196 2245 3337 2302 εἶναι
3360 2250 3658 2320 δηλωτικὸν
3686 2252 3791 2321 τῆς

2187 2333 2405 2404 φύσεως
2441 2333 2551 2389 τῶν
2586 2336 2804 2409 πρός-τι
2843 2336 2935 2390 τὸν
2958 2338 3202 2392 τοιοῦτον
3230 2339 3411 2408 λόγον⁹
3459 2342 3647 2412 ἐπειδὴ
3682 2344 3787 2414 οὐχ

2183 2424 2285 2476 ὅσα
2338 2423 2542 2497 ἐτέρων
2581 2420 2722 2479 εἶναι
2762 2426 2981 2495 λέγεται
3018 2427 3156 2501 (91),
3203 2428 3378 2484 ταῦτα
3418 2433 3515 2487 καὶ
3559 2434 3697 2505 πρός
3726 2436 3787 2487 τί

2184 2516 2356 2570 ἐστιν·
2387 2518 2420 2585 ἡ
2448 2517 2557 2586 γὰρ
2579 2519 2703 2589 χεὶρ
2728 2560 2743 2584 ,
2775 2520 2923 2583 τινὸς
2954 2521 3053 2591 μὲν
3077 2520 3299 2591 λέγεται
3329 2525 3472 2595 χεὶρ,
3505 2526 3598 2578 καὶ
3621 2528 3656 2598 η
3692 2544 3787 2580 κε⁶

2183 2607 2327 2677 φαλὴ
2348 2647 2364 2672 ,
2405 2607 2551 2671 τινὸς
2583 2609 2803 2678 λέγεται
2832 2610 2944 2681 (92)
2980 2612 3224 2685 κεφαλὴ,
3250 2616 3345 2668 καὶ
3389 2617 3459 2669 τὰ
3486 2617 3620 2670 ἄλλα
3667 2618 3790 2671 τῶν

2185 2700 2371 2771 μερῶν
2399 2700 2622 2771 ὁμοίως·
2654 2702 2770 2755 ἀλλ’
2799 2703 2902 2756 οὐκ
2933 2704 3039 2756 εἰσι
3063 2705 3237 2760 ταῦτα
3265 2706 3377 2760 τῶν
3406 2708 3541 2778 πρός
3563 2726 3617 2762 τι
3641 2728 3655 2740 ’
3684 2711 3785 2762 οὐι-

2182 2793 2297 2846 σίαι
2325 2792 2457 2866 γὰρ,
2486 2794 2718 2866 οὐδεμία
2748 2794 2806 2849 δὲ
2828 2796 2988 2851 οὐσία
3014 2796 3125 2850 τῶν
3152 2799 3289 2870 πρός
3311 2816 3365 2853 τι
3390 2800 3523 2870 (9'5).
3560 2802 3784 2856 Είόέναι

2182 2883 2367 2954 μέντοι
2401 2885 2514 2954 (94)
2550 2885 2686 2958 χρὴ,
2718 2886 2934 2941 ὅτιτῶν
2968 2889 3106 2959 πρός
3140 2908 3193 2944 τι
3225 2891 3293 2945 τὰ
3325 2892 3424 2962 μὲν
3454 2894 3597 2947 κατὰ
3630 2911 3784 2963 γενι-

2179 2976 2283 3044 κὴν
2314 2977 2427 3047 (95)
2467 2978 2764 3050 ἐκφέρεται
2794 2978 2934 3052 (96),
2961 2974 3073 3035 οἷον
3116 2981 3192 3046 ὡς
3222 2984 3252 3035 ό
3284 2983 3554 3055 δεσπότης
3579 2985 3782 3042 δούλου

2176 3067 2482 3141 δεσπότης,
2521 3071 2591 3124 τὰ
2630 3072 2690 3125 δὲ
2721 3075 2863 3128 κατά
2886 3073 3127 3141 δοτικὴν,
3170 3075 3247 3140 ὡς
3285 3076 3347 3131 τὸ
3379 3077 3675 3147 ἐπιστητὸν
3708 3081 3779 3150 τῇ

492 3160 593 3216 luti
624 3163 938 3233 percutiens
977 3178 1102 3217 eum
1134 3164 1228 3234 qttl
1256 3162 1564 3234 percutitur
1595 3161 1848 3232 percutit.
1884 3161 2075 3217 Corol-

2195 3162 2466 3236 επιστήμῃ
2511 3163 2824 3232 ἐπιστητὸν,
2869 3165 2941 3243 τὰ
2983 3166 3041 3219 δὲ
3089 3169 3232 3222 κατὰ
3262 3170 3594 3239 αἰτιατικὴν,
3632 3170 3713 3235 ὡς
3748 3172 3782 3224 ό

493 3253 692 3309 lariutn
722 3255 910 3324 igitur,
934 3256 1009 3318 id,
1039 3259 1187 3326 quod
1218 3256 1427 3311 dictum
1449 3265 1552 3318 est,
1579 3254 1784 3310 idcirco
1809 3254 1877 3310 ad
1904 3255 2071 3330 verba

492 3346 586 3402 illa
612 3347 843 3400 aliorum
868 3365 979 3402 esse
1018 3349 1269 3402 dicuntur
1297 3348 1507 3402 addidit
1540 3347 1647 3402 sive
1688 3348 1795 3401 alio
1832 3364 2072 3418 quocun-

489 3452 590 3507 que
616 3438 807 3498 modo,
855 3446 914 3490 ut
961 3452 1057 3506 per
1100 3438 1266 3492 verba
1311 3436 1541 3491 aliorum
1580 3454 1692 3493 esse
1727 3438 1981 3492 dicuntur
2006 3453 2072 3493 ea

490 3542 610 3595 qua:
637 3543 731 3597 per
764 3528 1066 3598 genitivum
1093 3528 1451 3597 proferuntur
1484 3528 1746 3595 declaret,
1779 3544 1876 3599 per
1906 3529 2071 3584 verba

489 3624 670 3670 autem
709 3617 817 3670 sive
854 3617 961 3670 alio
998 3633 1308 3687 quocunque
1339 3615 1493 3671 modo
1522 3633 1586 3674 ea
1619 3633 1739 3690 qua:
1772 3617 2073 3674 ell‘terutttur

488 3726 586 3780 per
616 3710 991 3765 accusativum
1024 3718 1079 3764 et
1106 3710 1377 3767 dativum.

559 3802 616 3854 ὃ.
644 3801 858 3857 llabeut
890 3803 1061 3857 relata
1088 3804 1155 3857 ad
1186 3803 1396 3875 aliquid
1419 3805 1782 3874 proprietates
1814 3816 2071 3875 quatuor.

488 3892 733 3959 Quarum
783 3895 956 3962 prima
992 3905 1118 3959 est,
1152 3911 1274 3951 esse
1322 3897 1375 3950 in
1421 3897 1554 3967 ipsis
1593 3898 2072 3966 contrarietatem;

487 3986 730 4040 scientiae
761 3987 906 4041 enim
935 3988 1275 4042 contrarium
1297 3996 1401 4052 est,
1430 3989 1553 4046 scil.
1590 3990 1917 4058 ignorantia.
1947 3989 2074 4047 Haec

484 4088 617 4131 vero
653 4078 962 4148 proprietas
994 4094 1095 4132 nec
1118 4079 1381 4134 omnibus
1411 4095 1513 4135 nec
1540 4081 1671 4135 solis
1703 4082 1956 4136 convenit
1978 4096 2065 4136 re-

486 4168 651 4237 latis;
705 4185 809 4224 non
857 4171 1111 4226 omnibus
1144 4170 1398 4241 quidem,
1445 4173 1575 4243 quia
1621 4173 1789 4244 duplo
1817 4174 1952 4229 nihil
1981 4183 2067 4229 est

2173 3252 2398 3309 τύπτων
2427 3256 2774 3326 τυπτόμενον
2797 3256 3012 3312 etim-er
3046 3258 3109 3314 τὸ
3142 3259 3236 3314 οὖν
3266 3256 3769 3332 παρακολούθημα.

2175 3345 2275 3400 ὄπε
2284 3363 2315 3417 ρ
2339 3346 2590 3419 εἴρηται,
2624 3347 2715 3401 διὰ
2736 3348 2898 3402 τοῦτο
2936 3350 3025 3414 (97
3030 3360 3048 3418 )
3082 3352 3222 3421 μετὰ
3245 3352 3340 3406 τοῦ
3366 3352 3586 3422 ἐτέρων
3610 3349 3776 3409 εἶναι

2176 3438 2421 3509 λέγεται
2453 3439 2767 3511 προσέθηκε
2792 3441 2907 3512 (98)
2937 3441 2998 3495 τὸ
3024 3443 3060 3511 ἢ
3097 3445 3386 3499 ὁπωσοῦν
3406 3446 3610 3513 ἄλλως
3635 3447 3775 3517 (99),

2175 3531 2264 3586 ἶνα
2292 3532 2381 3587 διὰ
2410 3532 2512 3602 μὲν
2548 3534 2642 3587 τοῦ
2670 3533 2891 3603 ἑτέρων
2928 3531 3084 3590 εἶναι
3120 3536 3361 3607 λέγεται
3391 3538 3461 3592 τὰ
3501 3539 3639 3609 πρὸς
3677 3557 3777 3608 γε-

2173 3622 2331 3697 νικὴν
2378 3624 2638 3695 δηλώσειε
2680 3626 2973 3698 λεγόμενα,
3020 3628 3110 3683 διὰ
3155 3630 3214 3684 δὲ
3251 3630 3346 3684 τοῦ
3392 3631 3430 3700 ἢ
3475 3634 3771 3688 ὁπωσοῦν

2170 3716 2378 3784 ἄλλως
2407 3719 2477 3772 τά
2522 3736 2582 3772 τε
2609 3721 2744 3792 πρὸς
2782 3722 3092 3792 αἰτιατικὴν
3139 3723 3237 3777 καὶ
3270 3722 3514 3795 δοτικήν.

2242 3806 2315 3879 γ’.
2362 3810 2516 3881 Ἔχει
2544 3811 2602 3865 δὲ
2632 3812 2700 3865 τὰ
2731 3812 2869 3883 πρός
2906 3830 2961 3866 τι
2995 3814 3103 3867 ἴδια
3135 3814 3402 3887 τέσσαρα·
3450 3816 3671 3887 πρῶτον
3693 3817 3769 3888 (l)

2168 3898 2231 3955 τὸ
2256 3900 2527 3972 ὑπάρχειν
2551 3902 2609 3955 ὲν
2641 3902 2824 3966 αὐτοῖς
2859 3901 3246 3973 ἐναντιότητα·
3274 3904 3373 3957 καὶ
3399 3904 3512 3977 γὰρ
3545 3909 3611 3976 τῇ
3644 3908 3773 3960 tm-

2173 3993 2359 4065 στήμῃ
2393 3994 2545 4048 ἐστὶν
2579 3993 2821 4046 ἐναντίον
2857 3992 2936 4065 (2)
2967 3994 3001 4065 ἡ
3034 3994 3250 4062 ἄγνοια·
3278 3994 3435 4049 τοῦτο
3457 3996 3514 4050 δὲ
3544 3999 3605 4051 τὸ
3635 3998 3774 4053 ΰιον

2171 4084 2268 4138 καὶ
2308 4084 2370 4139 οὐ
2407 4085 2542 4139 πᾶσι
2591 4086 2706 4150 τοῖς
2749 4085 2891 4158 πρός
2931 4103 2987 4140 τι
3040 4088 3139 4141 καὶ
3169 4088 3232 4141 οὐ
3283 4089 3466 4160 μόνοις
3510 4090 3766 4162 ἁρμόζει·

2172 4176 2236 4229 οὐ
2268 4176 2345 4247 (3)
2399 4176 2537 4229 πᾶσι
2570 4175 2693 4246 μὲν.
2742 4176 2933 4248 ἐπειδὴ
2977 4175 3056 4248 τῷ
3098 4177 3373 4252 διπλασίῳ
3419 4181 3575 4235 οὐδέν
3616 4182 3768 4235 ἐστιν

485 4263 847 4329 contrarium,
896 4279 1003 4319 non
1049 4264 1183 4320 solis
1219 4279 1352 4321 vero
1376 4305 1392 4334 ,
1443 4265 1574 4337 quia
1610 4266 1777 4322 etiam
1816 4266 2066 4339 qualitati

2195 4268 2440 4336 .ναντίον,
2472 4269 2533 4323 οὐ
2566 4269 2752 4341 μόνοις
2799 4269 2891 4339 δὲ,
2937 4270 3129 4344 ἐπειδὴ
3157 4273 3254 4325 καὶ
3289 4272 3365 4344 (4)
3411 4277 3482 4346 τῇ
3514 4274 3766 4347 ποιότητί

2009 4466 2253 4525 NOTIE.

555 4602 669 4676 (35)
710 4603 802 4659 Sic
824 4604 946 4660 Vat.
978 4615 1033 4661 ct
1059 4606 1267 4672 Calil‘.;
1304 4606 1457 4664 Mon.
1512 4607 1610 4663 τοῦ
1659 4609 1716 4664 δὲ
1762 4610 1906 4664 κατά
1957 4611 2063 4666 πά-

549 4747 663 4818 (86)
691 4764 744 4821 x.
766 4748 826 4821 αἱ
848 4747 942 4817 ὅμ.
963 4756 1027 4821 et
1067 4758 1262 4804 caetera
1291 4763 1466 4819 usque
1488 4749 1557 4806 ad
1585 4752 1677 4806 lin.
1721 4749 1748 4821 §
1786 4752 1984 4807 desunt
2007 4752 2060 4806 in

479 4817 651 4884 M0u.,
689 4818 780 4893 ubi
804 4819 919 4893 haec
943 4817 1210 4893 duntaxat
1257 4817 1511 4892 leguntur
1544 4839 1599 4876 κ.
1660 4824 1693 4893 ἡ
1726 4817 1904 4893 pauc.
1930 4824 2064 4878 ἀνά-

479 4905 667 4957 γεται·
699 4890 794 4963 καὶ
816 4890 927 4963 γαρ
959 4890 1057 4963 καὶ
1100 4890 1329 4963 τούτων’
1351 4893 1591 4963 ἑκάστης
1654 4890 1931 4963 ἐπιστήμη
1960 4893 2055 4960 γέ.

478 4936 603 5082 ξος·
633 4957 804 5012 ταῦτα
828 4936 937 5029 ’μέν
965 4955 1059 5015 οὖν
1087 4962 1155 5013 τὰ
1188 4962 1293 5015 ὑπὸ
1341 4965 1410 5015 τὰ
1618 4980 1672 5017 τι
1705 4962 1780 5027 ὡς
1810 4936 1931 5034 εῗδτί
1963 4936 2052 5017 τεά

512 5046 695 5082 ουντα.

512 5046 695 5083 ουντα.

700 5098 847 5177 illan.
879 5100 936 5177 ὲν
959 5100 1229 5177 ᾲρχῇηὊ
1255 5101 1357 5173 μὲν
1380 5098 1473 5157 οὖν
1503 5103 1811 5177 εἰρημένος.

556 5168 665 5241 (88)
696 5168 843 5241 Μοιι.
868 5168 1015 5241 add.‘
1037 5168 1174 5226 ἔστί.

559 5239 665 5311 (89)
700 5240 759 5293 ὃν
787 5241 844 5293 δὲ
867 5239 1095 5311 λέξομεν
1131 5241 1279 5298 Mon.

2235 4611 2354 4686 (οδ)Δ
2377 4609 2460 4665 Cl‘.
2498 4610 2669 4666 Arist.
2711 4625 2762 4665 c.
2784 4609 2841 4677 7,
2877 4610 2905 4683 ς
2939 4612 3149 4683 pettull.
3180 4611 3254 4684 (c.
3290 4614 3344 4680 5,
3370 4629 3424 4686 p.
3452 4615 3541 4681 ιε,
3577 4618 3643 4673 ιδ
3673 4621 3761 4676 ed.

2162 4682 2365 4754 Paris.)

2238 4753 2351 4842 £25?
2379 4757 2526 4842 llae-
2556 4758 2615 4813 δὲ
2636 4758 2780 4842 χρὴ·

2237 4826 2350 4904 (95)
2381 4828 2514 4904 Scil.
2550 4826 2758 4904 πτῶἇιν
2786 4830 2934 4888 Mon.
2966 4831 3027 4886 τὸ
3053 4832 3270 4901 γενικόν
3291 4845 3307 4862 ⁸
3343 4832 3424 4888 sic
3448 4840 3503 4887 et
3555 4829 3611 4885 in
3639 4847 3761 4904 seq.

2162 4896 2225 4952 τὸ
2253 4896 2390 4963 δοτ.,
2421 4900 2483 4953 τὸ
2507 4902 2617 4954 αἰτ.

2234 4967 2348 5043 (99)
2376 4969 2524 5043 illan.
2560 4971 2898 5043 προφέρεται
2921 4988 2937 5004 ο
2971 4987 3126 5042 sequ.
3164 4972 3239 5035 ὡς
3264 4973 3441 5027 deest.

2238 5038 2430 5114 (97)]ιι
2458 5038 2712 5114 Μοᾲιιίδιὰ
2738 5038 2898 5114 τοῦτο
2926 5038 3076 5097 deest
3101 5052 3156 5097 et
3189 5044 3459 5114 sequitur.
3494 5042 3636 5113 μετὰ
3659 5045 3761 5097 τοῦ

2166 5110 2320 5182 αὐτὰ
2349 5110 2500 5178 ἅπερ
2532 5111 2726 5182 ἐστὶν,
2757 5112 2995 5182 ἐτέρων,
3029 5130 3084 5167 κ.
3118 5130 3169 5167 τ.
3193 5112 3243 5167 λ.

2239 5180 2351 5250 (98)
2385 5182 2479 5234 καί
2504 5183 2631 5237 add.
2669 5180 2815 5237 Mon.

2221 5254 2334 5322 (99)
2360 5252 2509 5326 Men.
2539 5252 2599 5326 'l)_
2627 5253 2878 5326 ὁπωσοῦν
2897 5270 2911 5284 ο
2944 5254 3060 5307 ἀλλ’
3094 5253 3168 5316 ὡς
3196 5252 3416 5326 (ἄλλως)
3447 5254 3516 5309 τά
3534 5269 3595 5308 τε
3617 5254 3761 5326 πρὸς

694 5310 812 5395 ᾇλλ.
847 5308 1087 5395 ξρδςςὲτ.
1116 5315 1269 5370 deest
1290 5318 1343 5371 in
1362 5316 1509 5372 Mon.
1538 5315 1662 5373 Haec
1686 5308 1935 5374 definitio
1965 5328 2050 5376 est

2196 5308 2459 5395 ίτιατικὸν
2517 5308 2614 5376 καὶ
2667 5323 2806 5394 πρὸς
2849 5325 3081 5381 δοτικόν.
3130 5308 3761 5395 chttitur'immedi'até

478 5398 545 5438 ex
573 5383 742 5437 Arist.
776 5398 826 5437 c.
858 5382 887 5434 7
934 5384 1053 5439 init.

551 5454 681 5531 (9|)
701 5453 845 5531 Mon.
878 5454 1013 5531 ἀλλ’.
1040 5454 1117 5531 ὡς
1139 5455 1389 5531 εἴπομεν,
1413 5460 1513 5531 ὅτι(
1535 5459 1635 5513 οὐκ
1683 5461 1798 5515 ἔστι
1830 5460 2061 5531 δηλωτι-

477 5520 621 5603 κδρὁ
647 5520 823 5603 ’λόγος
870 5520 1025 5603 οὗτος
1055 5526 1154 5595 τῆς
1195 5520 1411 5596 φύσεώς
1450 5530 1560 5585 τῶν
1594 5532 1729 5603 πρός
1784 5548 1857 5587 τι·
1948 5532 2058 5603 γὰρ

478 5597 621 5667 χεὶρ,
654 5596 798 5658 τινὸς
819 5597 941 5666 χεὶρ
966 5596 1203 5664 λέγεται.

554 5667 665 5739 (92)
689 5666 903 5736 λέγεται
931 5668 1081 5724 deest
1114 5669 1167 5722 itt
1207 5669 1376 5727 Μυη..

2158 5391 2247 5461 55

2326 5461 2540 5535 πρῶτον
2571 5464 2727 5535 omit.
2758 5463 2904 5520 Μοιι.

2346 5532 2455 5589 οἷον
2485 5534 2609 5620 add.
2644 5534 2789 5590 Mon.

2257 5609 2308 5671 ο)
2340 5605 2435 5659 κα),
2460 5622 2521 5657 ου
2552 5621 2613 5662 π,
2648 5604 2789 5659 Mon.

2257 5606 2308 5672 5)
2340 5605 2435 5659 καὶ
2460 5606 2521 5657 οὐ
2552 5621 2613 5662 π,
2648 5604 2795 5659 Mon.

2233 5674 2310 5745 (ό)
2343 5676 2433 5728 καί
2464 5676 2615 5733 deest
2647 5678 2699 5732 itt
2730 5675 2875 5733 Μυιι.
