3908 6214
454 216 563 283 799

1641 207 1898 270 PHOTII
1936 201 2439 267 PATRIARCHE
2472 200 2581 261 CP.

3644 190 3765 253 eoo

459 331 604 385 dens
635 333 723 383 est
749 323 980 381 minime
1005 336 1374 391 concessuros
1400 364 1415 389 ,
1445 330 1695 394 tempore
1718 322 1947 377 omnino
1972 322 2055 375 vel

2174 320 2335 391 (ρόνῳ
2352 317 2489 379 ὅλως
2532 309 2941 386 προϋφεστάναι
2984 307 3021 381 ἢ
3064 306 3138 362 τά
3170 304 3411 377 στοιχεῖα
3437 302 3554 359 τῶν
3596 303 3765 369 ζώων

457 417 730 472 elementa
779 413 1115 469 animalibus
1154 413 1242 469 vel
1283 422 1431 467 astra
1472 412 1714 466 scientiae
1759 409 2044 481 prasexsti-

461 508 630 574 tisse,
662 507 758 562 sed
803 506 982 561 solum
1027 506 1243 560 ratione
1267 512 1433 575 atque
1464 503 1745 559 intellectu
1776 501 2044 573 simplicia

460 596 785 666 compositis
818 594 1061 665 praeponi
1093 595 1481 650 arbitraturos.
1514 592 1881 660 Quamobrem
1913 607 2047 646 om-

463 687 628 744 nibus
661 686 849 741 relatis
872 685 939 739 ad
972 685 1181 755 aliquid
1204 685 1480 750 convenit,
1510 684 1673 740 simul
1699 699 1823 740 cum
1850 694 2048 740 natura

461 782 747 835 exsistere.
784 777 891 833 Sed
914 778 1027 848 jam
1059 777 1195 833 salis
1225 777 1434 832 dictum
1465 786 1550 832 est
1576 777 1645 832 de
1682 776 1891 832 relatis.

966 888 1298 956 ΟυΑΞδΤΙΟ
1325 889 1536 946 CXLII.

853 982 929 1037 De
967 999 1059 1037 sea:
1090 982 1308 1053 reliquis
1343 985 1646 1054 categoriis.

2145 412 2179 480 ἢ
2221 409 2290 463 τά
2335 410 2512 479 ἀστρα
2554 408 2655 476 τῆς
2698 404 3013 475 ἐπιστήμης
3045 401 3491 471 συγχωρήσουσι·
3517 394 3763 466 λόγφᾶ

2151 502 2297 575 μόνῳ
2325 502 2420 556 καὶ¹
2444 499 2652 571 θεωρίᾳ
2685 496 2754 551 τὰ
2802 495 2953 550 ἀπλᾶ
2979 494 3092 549 τῶν
3134 492 3406 547 συνθέτων
3426 488 3763 562 προτιθέναι

2147 592 2562 647 δικαιὼσουσιν·
2594 589 2738 645 ὥστε
2785 587 2923 640 πᾶσι
2982 586 3097 648 τοῖς
3140 582 3280 653 πρός
3315 599 3370 636 τι
3409 581 3661 651 ὑπάρχει
3693 578 3762 632 τὸ

2152 685 2273 755 ἅμα
2320 688 2392 755 τῇ
2424 682 2585 753 φύσει
2619 681 2911 752 ὑπάρχειν.
2972 674 3117 729 Ἀλλ’
3168 673 3489 748 ἀρκούντως
3535 670 3762 743 εἴρηται

2152 774 2251 833 καὶ
2293 780 2425 850 περὶ
2464 775 2573 829 τῶν
2616 773 2751 846 πρός
2780 788 2856 826 τι.

2681 885 3017 940 ΕΡΩΊῊΣΙΣ
3056 884 3229 939 PMB’.

2354 979 2493 1047 Περὶ
2524 976 2643 1031 τῶν
2690 975 3048 1033 ὑπολοίπων
3065 974 3136 1041 ἐξ
3164 972 3555 1045 κατηγοριῶν.

1538 1097 1682 1147 Nunc
1716 1096 1928 1161 primum
1957 1095 2092 1147 edita
2110 1109 2138 1144 a
2161 1094 2220 1146 D.
2245 1091 2677 1156 Hergenroether.

538 1212 882 1273 Aristoteles,
921 1217 1116 1278 utpote
1144 1223 1253 1262 non
1278 1207 1486 1265 docens
1516 1208 1771 1273 fortasse,
1816 1211 1910 1265 sed
1959 1209 2059 1264 do-

468 1306 701 1356 ctrinam
759 1300 1008 1354 indicans
1062 1298 1147 1353 vel
1196 1310 1481 1356 ostentans
1527 1300 1817 1371 (siquidem
1870 1285 2060 1355 verum

469 1401 575 1457 est,
603 1392 748 1461 quod
782 1392 851 1445 de
890 1391 1046 1447 libris
1079 1392 1197 1447 suis
1228 1392 1431 1447 dixerit
1465 1410 1480 1448 :
1532 1391 1681 1446 Editi
1716 1402 1839 1447 sunt
1872 1403 1919 1447 et
1956 1408 2061 1445 non

2245 1202 2304 1254 ,ο
2338 1199 2438 1272 μὲν
2483 1195 2867 1270 Ἀριστοτέλης
2888 1196 3029 1269 (16)⁹
3061 1195 3158 1251 ἅτε
3196 1193 3272 1267 μὴ
3302 1192 3575 1248 διδάσκων
3601 1194 3766 1256 [una

2161 1295 2260 1367 τὴν
2306 1294 2363 1348 δὲ
2406 1291 2755 1347 διδασκαλίαν
2808 1289 3256 1359 ἐνδεικνύμενος,
3303 1288 3463 1359 εῐπερ
3513 1287 3593 1358 μὴ
3631 1302 3772 1339 κατ-

2163 1388 2420 1457 έψευσται
2437 1385 2604 1439 αὐτοῦ
2629 1384 2742 1456 (I7)
2765 1383 2829 1437 τδ
2843 1380 3153 1437 ἐκδέδοται
3170 1381 3268 1434 καὶ
3291 1381 3405 1434 οὐκ
3423 1378 3771 1442 ἐκδέὄοτιιι,

469 1482 645 1548 editi),
676 1489 791 1534 tum
825 1481 892 1536 de
918 1482 1064 1546 aliis,
1102 1492 1215 1537 tum
1240 1482 1307 1537 de
1335 1499 1429 1539 sex
1462 1483 1735 1554 (reliquis)
1761 1482 2057 1555 categoriis

2174 1482 2295 1553 περί
2332 1498 2390 1534 τε
2419 1479 2528 1533 τῶν
2558 1479 2741 1534 ἄλλων
2769 1478 2866 1532 καὶ
2897 1478 3027 1547 περὶ
3054 1476 3162 1529 τῶν
3197 1474 3257 1541 ἒξ
3292 1474 3645 1545 κατηγοριῶν
3682 1471 3773 1525 ἔτι

471 1572 647 1625 multo
681 1570 865 1625 adhuc
897 1570 1110 1627 arctius
1148 1571 1433 1627 disseruit.
1464 1570 1577 1626 Nos
1610 1586 1763 1638 vero,
1797 1572 1890 1641 qui
1920 1586 2057 1641 qua-

473 1676 601 1719 tuor
644 1663 1070 1734 prardicamenta
1102 1663 1284 1720 iusius
1316 1675 1371 1720 et
1397 1665 1476 1719 uti
1510 1665 1591 1720 rei
1623 1675 2057 1721 consentaneum

472 1763 595 1810 erat
616 1756 1077 1825 pertractavimus
1103 1766 1156 1810 et
1183 1756 1468 1827 discipulis
1495 1758 1874 1828 exposuimus,
1902 1773 2062 1812 eum-

474 1847 599 1903 dem
626 1848 1027 1918 explicationis
1070 1850 1293 1905 modum
1323 1852 1492 1905 etiam
1524 1851 1705 1921 quoad
1736 1868 1829 1907 sex
1854 1852 2062 1921 reliqua

478 1941 814 1995 servandum
854 1940 1013 1995 vobis
1040 1956 1162 1997 esse
1192 1943 1532 1999 censuimus.
1563 1943 1771 1999 Idcirco
1805 1944 2060 2009 dicimus,

478 2038 608 2081 ante
637 2030 826 2083 omnia
860 2028 995 2083 illud
1021 2028 1162 2084 scitu
1192 2032 1569 2088 necessarium
1598 2047 1741 2098 esse,
1763 2033 2065 2101 quamlibet

478 2120 879 2191 categoriarum
907 2162 924 2187 ,
972 2121 1038 2175 de
1069 2121 1270 2190 quibus
1318 2137 1465 2176 nunc
1513 2139 1715 2190 sermo,
1761 2125 2063 2195 simplicem

478 2210 891 2279 quodammodo
922 2225 1066 2266 esse.
1114 2210 1384 2277 Quamvis
1416 2213 1564 2267 enim
1593 2229 1659 2268 ex
1701 2214 1918 2271 duobus
1943 2215 2065 2286 qui-

480 2298 729 2367 buspiam
762 2300 1093 2356 combinatis
1136 2299 1402 2355 eiliciatur
1430 2302 1686 2372 quaelibet
1731 2304 1922 2359 harum
1968 2322 2062 2361 sex

478 2388 881 2458 categoriarum
906 2431 922 2456 ,
970 2400 1212 2446 attamen
1258 2402 1405 2463 patet
1456 2409 1564 2451 non
1600 2396 1715 2465 ipsa
1752 2398 2064 2454 combinata

479 2476 585 2530 ista
615 2491 725 2533 nos
746 2476 929 2533 dicere
963 2479 1320 2548 categoriam,
1353 2481 1426 2535 ita
1462 2490 1523 2535 ut
1544 2482 1665 2539 illas
1689 2484 1812 2539 inde
1830 2494 1887 2539 et
1909 2501 2064 2540 com-

483 2569 689 2639 positio
734 2582 1144 2641 consequatur;
1194 2589 1372 2643 neque
1398 2575 1547 2629 enim
1594 2586 1654 2630 ut
1695 2586 1880 2647 partes
1919 2579 2066 2634 illius

484 2662 598 2716 haec
627 2662 941 2717 comliinata
973 2663 1349 2734 accipiuntur,
1381 2682 1558 2739 neque
1582 2680 1644 2723 ut
1666 2670 1893 2725 materia
1914 2686 2067 2741 qure-

478 2755 605 2810 dam
657 2756 944 2826 subjecta,
989 2771 1169 2828 neque
1223 2767 1284 2813 ut
1323 2760 1579 2830 quaedam
1631 2764 1926 2834 compositi
1956 2763 2067 2820 ele-

2170 1572 2369 1644 μᾶλλον
2415 1570 2825 1641 συντομώτερον
2856 1568 3209 1641 περιείληφεν
3230 1584 3244 1598 ·
3276 1569 3439 1638 ἡμεῖς
3466 1568 3525 1621 δὲ
3566 1567 3673 1629 τάς
3700 1582 3773 1619 τε

2162 1666 2273 1718 τῶν
2319 1662 2668 1735 κατηγοριῶν
2713 1661 2987 1733 τέσσαρας
3037 1662 3095 1714 ὲν
3126 1659 3320 1715 πλάτει
3351 1677 3411 1712 τε
3450 1658 3773 1728 συμμέτρῳ

2164 1759 2259 1812 καὶ
2297 1760 2365 1828 τῇ
2417 1755 2723 1826 διδασκάλῳ
2770 1753 3134 1824 διεξελθόντες
3183 1750 3453 1822 σαφηνείᾳ
3488 1752 3584 1805 καὶ⁸
3629 1751 3774 1820 περὶ

2163 1850 2272 1905 τῶν
2314 1849 2623 1903 ὑπολοίπων
2664 1846 2724 1913 ἓξ
2762 1847 2855 1902 τὸν
2885 1846 3051 1900 αὐτὸν
3085 1846 3215 1916 ὑμῖν
3245 1844 3507 1899 διασῶσαι
3533 1844 3639 1913 τῆς
3680 1843 3768 1895 διο

2164 1940 2463 2005 δασκαλίας
2498 1938 2902 2009 ὲδικαιώσαμεν
2945 1937 3136 1992 τύπον.
3183 1936 3276 1990 Διό
3310 1951 3511 2006 φαμεν,
3544 1935 3624 1998 ὼς
3658 1933 3773 2004 πρό

2172 2053 2237 2105 γε
2267 2036 2485 2090 πάντων
2514 2036 2695 2089 ἐκεῖνο
2717 2033 2917 2087 ειδέναι
2943 2032 3086 2105 χρὴ,
3120 2033 3204 2087 ὅτι
3238 2033 3445 2103 ἑκάστη
3484 2031 3595 2084 τῶν
3628 2047 3773 2084 κατ-

2172 2126 2436 2199 ηγοριῶν,
2490 2128 2620 2196 περὶ
2661 2117 2738 2180 ὧν
2768 2128 2797 2179 ὁ
2839 2125 3019 2193 λόγος,
3054 2124 3199 2195 ἁπλῆ
3244 2124 3329 2187 τίς
3366 2125 3534 2177 ἐστιν·
3564 2124 3616 2176 ει
3651 2123 3773 2193 γὰρ

2165 2218 2260 2270 καὶ
2305 2216 2397 2270 δύο
2442 2216 2606 2271 τινῶν
2654 2215 3105 2287 συνδυαζομένων
3154 2216 3501 2269 ἀποτελεῖται
3547 2215 3767 2283 ἑκάστη

2163 2307 2273 2361 τῶν
2317 2306 2377 2373 ἒξ
2417 2304 2791 2377 κατηγοριῶν,
2835 2304 2950 2359 ἀλλ’
2990 2304 3085 2358 οὖν
3130 2304 3313 2377 δῆλον,
3357 2304 3441 2358 ὅτι
3468 2305 3571 2358 οὐκ
3620 2304 3773 2357 αὐτὰ

2162 2401 2235 2454 τὰ
2267 2397 2673 2470 συνδυαζόμενά
2722 2414 2905 2468 φαμεν
2958 2392 3099 2450 εἶναι
3136 2396 3496 2467 κατηγορίαν,
3539 2396 3629 2449 τνα
3669 2394 3772 2449 καὶ

2164 2491 2227 2545 τὸ
2256 2490 2511 2544 σύνθετον
2533 2490 2727 2553 αὑταῖς
2749 2488 3189 2562 ὲπακολουθήσῃ·
3219 2487 3345 2542 οὔτε
3368 2489 3476 2560 γὰρ
3501 2488 3578 2552 ὡς
3612 2489 3763 2559 μέρη

2165 2582 2338 2654 αὐτῆς
2376 2582 2563 2637 ἐκεῖνα
2584 2580 3100 2654 παραλαμϐάνεται,
3132 2579 3256 2635 οὔτε
3286 2580 3363 2645 ὼς
3390 2579 3489 2651 ὕλη
3512 2596 3599 2645 τις
3625 2581 3769 2634 ὑπο-

2166 2676 2396 2743 κειμένη
2427 2714 2441 2735 ,
2478 2670 2595 2726 ἀλλ’
2628 2671 2737 2725 οὐδ’
2767 2672 2842 2733 ὣς
2872 2687 2997 2725 τινα
3026 2669 3283 2724 συνθέτου
3323 2672 3598 2741 στοιχεῖα,
3644 2667 3769 2723 ἀλλ’

2166 2763 2357 2837 ὥσπερ
2382 2766 2416 2836 ἡ
2448 2764 2601 2835 φιλία
2644 2763 2739 2819 δύο
2769 2764 2871 2833 μέν
2900 2764 3066 2818 τινών
3093 2764 3242 2818 ἐστιν
3279 2763 3508 2828 ἓνωσις,
3541 2763 3766 2817 οῠδέτε-

482 2855 706 2913 menla;
762 2862 949 2902 verum
1007 2850 1471 2919 quemadmodum
1521 2852 1764 2910 amicitia
1827 2856 2062 2913 duorum

2174 2873 2263 2929 ρον
2294 2857 2410 2929 (18)
2453 2857 2510 2911 δὲ
2559 2857 2671 2911 τῶν
2714 2855 3014 2927 φιλούντων
3059 2855 3234 2922 εστὶν,
3279 2856 3389 2911 οὐδ’
3439 2858 3506 2910 ὲκ
3553 2855 3771 2911 τούτων

483 2941 768 2995 hominum
818 2950 1096 2997 certorum
1129 2944 1446 3014 coniunctio
1483 2954 1602 3013 est,
1653 2959 1908 3003 neutrum
1939 2964 2067 3007 vero

481 3034 789 3088 amicorum
816 3042 923 3099 est,
966 3050 1144 3105 neque
1168 3050 1237 3090 ex
1267 3037 1356 3092 bis
1385 3038 1801 3107 quomodolibet
1832 3042 2066 3100 conﬂata

482 3136 537 3179 ct
562 3127 902 3196 composita,
939 3128 1168 3182 omnino
1201 3143 1333 3183 vero
1375 3131 1604 3201 simplex
1638 3143 1761 3202 est;
1789 3144 1841 3189 et
1874 3152 2069 3206 quem-

484 3217 780 3274 admodum
816 3219 1122 3274 dominatio
1157 3236 1224 3274 ex
1261 3222 1596 3281 combinatis
1624 3228 1955 3296 quibusdam
1982 3229 2068 3286 ef-

485 3310 667 3364 ﬁcitur
712 3317 765 3364 ct
801 3310 1211 3377 manifestatur,
1249 3315 1479 3370 omnino
1523 3332 1653 3374 vero
1689 3332 1773 3375 est
1802 3322 2065 3392 simplex:

488 3402 743 3455 eumdem
771 3418 993 3471 quoque
1026 3403 1078 3456 in
1105 3402 1329 3458 modum
1360 3407 1617 3476 quaelibet
1648 3426 1741 3467 sex
1764 3415 2068 3486 categoria—

490 3508 609 3543 rnm
646 3491 867 3545 duobus
911 3492 1132 3561 quidem
1168 3496 1625 3553 convenientibus
1657 3501 1881 3570 prodit,
1935 3519 2069 3559 neu-

485 3588 633 3634 trum
670 3594 803 3633 vero
833 3582 1276 3638 convenientium
1319 3597 1427 3651 est,
1467 3603 1646 3659 neque
1700 3591 1809 3646 ullo
1843 3608 2071 3663 prorsus

486 3669 651 3721 modo
682 3683 751 3722 ex
796 3668 987 3722 iisdem
1036 3673 1413 3739 componitur.
1470 3675 1564 3731 Sic
1605 3695 1706 3749 ego
1742 3690 1797 3735 et
1842 3680 2066 3753 reliqua:

487 3756 571 3809 liae
604 3765 801 3825 prazter
838 3765 1080 3824 quatuor
1113 3759 1235 3815 illas
1278 3764 1585 3833 categorias
1613 3767 1893 3838 simplices
1918 3780 2068 3838 sunt,

484 3848 951 3917 quemadmodum
1009 3856 1065 3903 et
1107 3851 1231 3905 illze.
1267 3851 1444 3922 Atque
1470 3854 1794 3925 simplicitas
1820 3859 1920 3914 ista
1951 3876 2071 3915 om-

490 3937 656 3991 nibus
690 3940 982 4006 categoriis
1022 3943 1331 4000 communis
1358 3954 1442 3999 est
1468 3963 1484 4013 ;
1516 3948 1662 4015 quod
1687 3966 1816 4005 vero
1841 3967 1903 4006 ex
1935 3954 2072 4009 duo-

494 4027 598 4080 bus
627 4026 956 4095 quibusdam
996 4030 1321 4085 coeuntibus
1351 4032 1668 4090 elliciuntur
1697 4048 1749 4091 et
1778 4040 2071 4108 prodeunt,

2170 2947 2421 3003 ὁπωσοῦν
2442 2948 2801 3020 συγκειμένη,
2821 2947 3002 3019 πάντη
3016 2947 3073 3003 δέ
3089 2950 3238 3003 ἐστιν
3258 2948 3427 3019 ἁπλῆ.
3450 2949 3547 3004 καὶ
3569 2948 3771 3018 ὥσπερ

2171 3040 2206 3110 ἡ
2248 3039 2537 3094 δεσποτεία
2581 3040 3033 3111 συνδυαζομένων
3077 3040 3177 3111 μέν
3220 3057 3382 3095 τινων
3413 3041 3772 3096 ἀποτελεῖται

2174 3131 2270 3185 καὶ
2307 3131 2686 3201 ἀναφαίνεται,
2738 3134 2917 3207 πάντη
2966 3132 3023 3187 δέ
3068 3135 3217 3189 ἐστιν
3259 3134 3441 3205 ἁπλῆ,
3482 3135 3628 3189 κατά
3673 3135 3773 3187 τὸν

2174 3224 2334 3277 αὐτὸν
2383 3216 2585 3296 τρόπον
2619 3225 2716 3280 καὶ
2759 3226 2967 3299 ἑκάστη
3017 3227 3130 3282 τῶν
3176 3225 3238 3293 ἒξ
3280 3230 3631 3299 κατηγοριῶν
3673 3228 3771 3282 δύο

2183 3316 2284 3387 μέν
2323 3333 2487 3371 τινων
2520 3317 2810 3373 συνιόντων
2846 3318 3223 3388 ἀναφαίνεται,
3258 3319 3545 3392 οὐδέτερον
3571 3319 3628 3374 δὲ
3659 3320 3771 3374 τῶν

2178 3408 2468 3462 συνιόντων
2505 3410 2675 3477 ἐστὶν,
2718 3410 2830 3464 οὐδ’
2869 3410 3122 3467 ὁπωσοῦν
3149 3411 3210 3477 ἐξ
3234 3411 3419 3467 αὐτῶν
3450 3417 3765 3480 σύγκειται·

2174 3499 2349 3571 ταύτῃ
2383 3501 2494 3570 (19)
2515 3502 2623 3572 ἄρα
2650 3504 2746 3555 καὶ
2773 3502 2958 3573 ἕτεραι
2988 3502 3155 3558 ἔνεισι
3185 3503 3338 3575 παρά
3364 3503 3466 3567 τὰς
3490 3504 3769 3575 τέσσαρας

2177 3584 2338 3646 αὗται
2355 3634 2371 3657 ,
2400 3592 2573 3650 ἀπλαῐ
2599 3594 2656 3647 δὲ
2684 3594 2873 3666 ὥσπερ
2898 3597 3171 3651 κάκεῖναι·
3213 3601 3308 3650 καὶ⁵
3335 3598 3399 3649 τὸ
3446 3596 3548 3667 μὲν
3586 3596 3768 3659 ἁπλᾶς

2178 3677 2318 3736 εἶναι
2345 3683 2523 3737 κοινὸν
2548 3684 2812 3749 ἀπάσαις,
2840 3685 2901 3740 τὸ
2929 3686 2987 3740 δὲ
3011 3686 3105 3741 δύο
3132 3687 3294 3741 τινῶν
3322 3688 3768 3759 συνεληλυθότων

2178 3771 2583 3840 ἀπογεννᾶσθαι
2628 3774 2723 3827 καὶ
2762 3776 3153 3845 ἀναφαίνεσθαι
3200 3777 3438 3847 μάλιστα
3487 3779 3619 3831 ἴδιον
3660 3778 3768 3831 τῶν

2178 3861 2259 3927 ἒξ.
2310 3862 2567 3927 Εἱπόντες
2626 3863 2719 3918 οὖν
2750 3867 2817 3919 τὰ
2862 3867 3058 3931 κοινῶς
3088 3868 3466 3940 ἐνυπάρχοντα
3506 3872 3630 3932 ταῖς
3665 3870 3725 3922 ἒξ
3748 3908 3763 3933 ,

2178 3954 2274 4007 καὶ
2302 3955 2432 4026 περὶ
2457 3958 2586 4027 μιᾶς
2614 3957 2854 4029 ἑκάστης
2881 3960 3059 4013 αὐτῶν
3084 3961 3192 4033 ἰδίᾳ
3225 3961 3633 4033 θεωρήσωμεν·
3670 3965 3765 4017 καὶ

2180 4046 2447 4117 πρότερόν
2475 4065 2540 4118 γε
2580 4052 2713 4122 περὶ
2739 4051 2833 4105 τοῦ
2856 4052 2970 4123 (20)
2997 4057 3192 4117 ποιεῖν,
3219 4056 3321 4126 τήν
3349 4072 3410 4107 τε
3438 4056 3765 4128 ὑπογραφὴν

492 4116 547 4170 id
586 4116 823 4170 maxime
859 4131 954 4171 sex
1006 4118 1128 4173 istis
1171 4121 1475 4190 proprium.
1543 4124 1680 4179 Cum
1724 4127 1887 4199 igitur
1920 4130 2064 4186 dixe-

2182 4116 2365 4191 αὑτοῦί
2381 4116 2786 4209 ὑποτυποῦντες
2809 4116 2905 4199 καὶ
2925 4116 2992 4200 τὰ
3030 4147 3146 4218 εἴδη
3175 4116 3286 4201 καὶ·
3310 4149 3379 4204 τὰ
3409 4116 3765 4218 ram-7m)»;-

489 4208 667 4263 rimus
707 4207 775 4263 de
825 4207 893 4263 iis
934 4224 1059 4278 qua:
1103 4216 1478 4269 communiter
1529 4215 1717 4274 insunt
1769 4221 1889 4278 istis
1952 4239 2064 4293 sex,

2178 4229 2423 4302 πλησίως
2447 4232 2504 4287 δὲ
2526 4235 2622 4289 καὶ
2644 4236 2738 4290 ἐπὶ
2769 4207 2877 4291 τῶν
2902 4238 3099 4294 ἀλλων.

490 4301 655 4407 etiam
713 4300 779 4407 de
828 4301 1061 4407 singulis
1114 4319 1304 4359 earum
1360 4309 1591 4364 seorsim
1638 4311 2076 4383 disquisitionem
2155 4300 2446 4382 instituere
2511 4330 2803 4400 volumus;
2850 4348 2914 4389 ac
2950 4335 3130 4403 primo
3165 4336 3386 4407 quidem
3419 4338 3488 4394 de
3529 4337 3761 4395 actione.

498 4396 659 4468 cujus
703 4397 1153 4467 descriptionem,
1193 4402 1406 4470 Species
1444 4419 1509 4460 ac
1544 4408 1905 4476 proprietates
1935 4414 2333 4477 delineabimus
2358 4437 2375 4483 ;
2405 4423 2661 4482 similiter
2690 4396 2818 4483 vero
2854 4396 3020 4485 etiam
3055 4432 3121 4487 de
3144 4396 3379 4490 caeteris.

791 4509 1125 4578 QUA'ZSTIO
1149 4514 1355 4571 CXLIII
1387 4516 1766 4595 [CLXXVIIL]

1102 4605 1179 4662 De
1221 4610 1449 4665 actione.

2687 4542 3024 4599 ΕΡΩΤΗΣΙΣ
3058 4547 3239 4604 ΡΜΓθ.

2698 4635 2840 4704 Περὶ
2882 4636 2989 4691 τοῦ
3027 4639 3242 4697 ποιεῖν.

1559 4722 1705 4775 Nunc
1730 4726 1945 4789 primum
1969 4732 2104 4786 edita
2122 4749 2151 4785 a
2174 4735 2237 4788 D.
2262 4738 2676 4805 Hergenroether

561 4825 614 4881 I.
646 4826 822 4897 Agere
849 4837 935 4882 est
956 4829 1237 4899 quomodo
1265 4830 1399 4887 libet
1420 4836 1663 4904 operari.
1689 4836 1867 4895 Habet
1893 4852 2074 4899 autem

490 4918 701 4987 primas
755 4920 969 4989 species
1012 4920 1196 4979 duas:
1231 4922 1287 4978 in
1325 4924 1477 4981 aliud
1506 4930 1744 4998 operari,
1778 4940 1972 4988 etnon
2017 4935 2074 4990 in

490 5011 640 5067 aliud
701 5014 960 5083 operari;
1000 5015 1315 5087 exemplum
1378 5020 1720 5091 operationis
1775 5024 1833 5081 in
1881 5027 2072 5086 aliud:

2260 4847 2330 4905 α’.
2371 4853 2555 4909 Ποιεῖν
2586 4857 2766 4913 τοίνυν
2796 4859 2943 4915 ἐστιν
2981 4878 3043 4916 το
3065 4864 3317 4921 οταυσοῦν
3347 4868 3598 4941 ἐνεργεῖν
3630 4870 3757 4942 (21).

2187 4939 2345 5033 ἐχει
2367 4942 2425 4995 δὲ
2454 4945 2647 5017 πρῶτα
2665 4950 2782 5022 εἴδη
2804 4951 2918 5006 δύο·
2934 4955 2999 5009 τό
3023 4972 3084 5010 τε
3113 4958 3193 5023 είς
3215 4958 3344 5012 ἀλλο
3370 4939 3649 5033 ἐνεργεῖν.
3673 4939 3761 5017 καὶ

2184 5031 2249 5088 τὸ
2270 5032 2347 5107 μὴ
2367 5036 2448 5103 εἰς
2468 5038 2618 5096 ἀλλο·
2646 5045 3003 5120 παράδειγμα
3027 5050 3123 5105 τοῦ
3142 5051 3245 5123 μὲν
3265 5031 3491 5118 suam
3519 5057 3759 5130 δνεργείν

1997 5228 2231 5290 ΝΟΤΕ.

563 5357 610 5453 (_l
621 5366 677 5453 6)
707 5359 887 5453 Ifauca
912 5370 1205 5453 admodum
1238 5374 1305 5453 de
1327 5391 1421 5453 se_x
1442 5378 1669 5453 reliquis
1686 5384 2075 5453 praedicamen-

493 5434 1109 5527 tis‘liabet‘AristolteIes
1165 5459 1215 5527 e.
1269 5446 1322 5502 9.
1382 5448 1443 5504 In
1476 5434 2073 5527 uohchu'IifJéiiic

487 5518 807 5575 occurrunt,
841 5510 985 5567 haud
1007 5512 1282 5575 leguntur.

552 5578 669 5649 (I7)
707 5578 799 5636 Sic
823 5580 1020 5647 Catif.;
1062 5578 1184 5639 Vat.
1212 5587 1406 5646 αὑτοῦ.

552 5650 667 5720 (l8)
705 5649 827 5707 Vat.
869 5653 1154 5727 οὐδετέρου
1179 5657 1342 5715 Catii.
1374 5661 1484 5717 οὐδ’
1527 5663 1717 5737 ἕτερον
1756 5664 1884 5724 Vide
1910 5686 2062 5741 sequ.

2397 5400 2506 5489 is}?
2531 5403 2705 5489 ταιξτῃ
2742 5438 2810 5449 -
2843 5410 3094 5467 κάκεῖναι
3118 5415 3319 5471 desunt
3358 5432 3451 5489 ap.
3484 5418 3577 5474 lat.
3611 5417 3689 5475 Cf.

2253 5469 2363 5541 (ευ)
2383 5472 2513 5541 ΑΟοΙ.
2538 5469 2752 5534 τούτου.

2238 5538 2438 5627 (S9111
2469 5544 2702 5627 Coislin.
2737 5548 2956 5627 videtur
3004 5554 3153 5627 addi.
3208 5557 3272 5609 τὸ
3300 5557 3548 5627 τύπτειν,
3582 5559 3747 5615 ααίειν

2172 5618 2227 5665 et
2267 5611 2374 5668 alia
2412 5616 2684 5688 quadam,
2714 5629 2775 5678 ut
2802 5636 2866 5679 ex
2897 5622 3319 5685 Montefalcouio
3339 5611 3508 5700 patet.
