3836 6330
50 331 163 395 SM.

949 332 1045 391 AD
1070 317 1669 390 AMPHILOCHIUM
1697 323 2045 397 QU.’ESTIO
2072 312 2340 384 CXLIII.

3247 313 3353 391 803

53 447 121 498 τὸ
169 445 432 511 τύπτειν,
482 446 676 510 καίειν,
711 443 984 498 διδάσκειν
1015 445 1110 496 καὶ
1156 444 1225 497 τά
1276 442 1667 513 παραπλήσια·

1788 444 2078 502 )ereuterc,
2106 436 2358 497 adurere,
2390 434 2609 502 docere,
2669 444 2723 491 et
2747 435 2983 501 similia;
3017 437 3357 507 operationis

54 538 157 590 τοῦ
191 538 257 591 δὲ
283 540 530 610 ἐνεργεῖν
553 538 651 607 μὲν
680 536 755 607 μὴ
781 538 861 599 είς
911 534 1040 589 ἄλλο
1070 536 1127 589 δέ
1154 553 1208 588 τι
1235 535 1310 598 ὡς
1338 534 1398 587 τὸ
1423 534 1669 604 θεωρεῖν,

55 629 388 701 κιθαρίζειν
434 632 528 683 καὶ
570 629 641 681 τά
686 630 851 698 ὃμοια
881 643 895 658 ·
934 628 1198 698 ἑκάτερον
1226 627 1282 679 δὲ
1325 626 1530 679 τούτων
1559 624 1673 694 ἔχει

55 722 347 793 διαφοράς
390 723 683 793 τέσσαρας·
714 721 748 792 ἥ
800 720 910 790 γάρ
944 719 1104 789 φύσει
1153 722 1330 783 ποιεῖ,
1357 718 1431 780 ὡς
1470 719 1531 771 τὸ
1562 716 1673 787 πῦρ

59 813 405 884 θερμαίνειν
426 815 644 884 λέγεται
668 815 762 868 καὶ
783 815 843 867 τὸ
870 814 1008 877 ζῶον
1027 815 1248 883 φωνεῖν·
1271 812 1303 883 ἢ
1332 811 1671 883 προαιρέσει,

58 908 141 969 ὡς
170 907 243 960 τὸ
268 907 602 972 πλουτίζειν,
634 909 879 960 ἐπαινεῖν
911 908 1003 959 καὶ
1022 905 1267 973 δοξάζειν
1286 919 1297 932 ⁸
1326 904 1357 975 ἢ
1385 904 1568 976 τέχνῃ,
1597 901 1674 966 ὠς

59 1001 123 1051 τὸ
152 1000 479 1068 οἰκοδομεῖν
527 1000 704 1052 οἰκίαν
744 999 837 1051 καὶ
878 999 946 1051 τά
992 999 1187 1069 ὃμοια·
1221 998 1255 1068 ἢ
1287 996 1446 1067 τύχῃ,
1494 995 1569 1059 ὼς
1612 994 1674 1047 τὸ

58 1090 219 1143 λίθον
256 1092 495 1144 πεσόντα
523 1091 723 1162 πλῆξαί
743 1107 867 1145 τινα
901 1090 934 1161 ἢ
963 1088 1201 1153 πατάξαι
1230 1087 1264 1159 ἢ
1290 1088 1507 1157 ἀφεῖναι
1533 1085 1671 1157 ἠχώ.

66 1183 195 1234 Ἐ’τι
224 1180 329 1234 τοῦ
371 1185 545 1235 ποιεῖν
586 1180 683 1235 τοῦ
732 1182 830 1252 μὲν
881 1179 1234 1233 ὑπολείπεται
1274 1177 1489 1248 ποίημα
1538 1178 1674 1249 μετά

58 1274 163 1343 τὴν
196 1273 451 1343 ποίησιν,
497 1268 631 1337 οἷον,
681 1272 757 1337 ὡς
794 1271 939 1344 μετά
971 1270 1033 1324 τδ
1083 1270 1385 1339 οἰκοδομεῖν
1417 1270 1451 1339 ἡ
1491 1269 1671 1334 οἰκία,

59 1367 157 1419 τοῦ
182 1367 247 1420 δὲ
288 1367 469 1420 οὐδέν·
508 1366 647 1438 μετά
670 1367 779 1438 γάρ
820 1365 882 1419 τὸ
920 1364 1231 1436 κιθαρίζειν
1274 1362 1429 1416 οὐδὲν
1457 1362 1675 1433 ποίημα

60 1459 172 1510 ἀπὸ
205 1458 308 1511 τοῦ
341 1457 644 1530 κιθαρίζειν
675 1458 1053 1513 ὑπολείπεται.
1090 1458 1212 1509 Ἔτι
1244 1455 1305 1511 τὸ
1327 1457 1525 1519 ποιεῖν,
1558 1452 1591 1526 ἢ
1617 1456 1674 1506 ὲν

68 1551 299 1620 σώματι
321 1551 358 1621 ἦ
393 1553 449 1603 ἐν
484 1550 654 1623 ψυχῇ,
686 1551 719 1622 ἢ
754 1552 812 1605 ἐν
835 1549 915 1621 τῷ
948 1547 1343 1619 συναμφοτέρῳ
1368 1546 1403 1618 ἢ
1441 1547 1570 1616 περὶ
1608 1545 1675 1599 τὰ

65 1644 255 1707 ἐκτός·
283 1646 346 1695 ὲν
376 1642 526 1714 ψυχῇ
558 1645 679 1713 μὲν,
706 1643 779 1706 ὡς
799 1643 859 1696 τὸ
886 1640 1211 1711 διδάσκει·ιῆ
1245 1640 1445 1704 ἐθίζειν
1474 1638 1675 1709 ἀρετήν

64 1753 189 1789 τινα
238 1734 273 1805 ἧ
308 1736 536 1788 κακίαν·
566 1737 622 1788 ἐν
650 1734 865 1805 σώματι
906 1734 987 1798 δὲ,
1008 1734 1084 1795 ὡς
1111 1732 1173 1785 τὸ
1212 1732 1409 1795 καίειν,
1434 1730 1672 1800 τέμνειν·

66 1829 123 1879 ἐν
147 1828 233 1897 τῷ
261 1827 667 1897 συναμφοτέρῳ
699 1827 777 1888 δὲ,
801 1826 877 1890 ὼς
900 1825 961 1879 τὸ
990 1823 1258 1893 ὑγιάζειν·
1286 1821 1381 1875 τοῦ
1407 1821 1675 1890 συνάμφω

68 1920 179 1988 γὰρ
210 1918 382 1972 τοῦτο
408 1919 503 1971 καὶ
529 1917 653 1971 οὔτε
672 1917 771 1987 τῆς
789 1917 970 1988 ψυχῆς
993 1914 1117 1971 οὔτε
1146 1915 1256 1986 ἰδίᾳ
1273 1913 1367 1968 τοῦ
1396 1911 1671 1982 σώματος·

69 2014 204 2080 περὶ
236 2012 297 2065 δὲ
345 2011 415 2065 τά
460 2011 617 2075 ἐκτὸς
640 2050 655 2076 ,
698 2010 775 2074 ὡς
820 2010 880 2064 τὸ
909 2010 1217 2071 πλουτίζειν
1252 2008 1344 2060 καὶ
1374 2006 1443 2059 τὰ
1487 2006 1670 2075 ὃμοια.

73 2106 197 2157 Ἔτι
232 2105 301 2157 τὸ
334 2106 513 2157 ποιεῖν
542 2104 573 2174 ἢ
609 2103 956 2157 τελειωτικόν
985 2105 1135 2156 ἐστιν
1171 2101 1203 2171 ἢ
1232 2099 1554 2170 φθαρτικόν·
1582 2114 1674 2149 τε·

70 2196 372 2249 λειωτικδν
404 2195 523 2265 μὲν,
555 2194 631 2258 ὡς
660 2195 722 2248 τὸ
758 2193 1006 2263 ὑγιάζειν
1033 2210 1046 2223 ·
1072 2191 1373 2262 φθαρτικὸν
1407 2187 1487 2251 δὲ,
1516 2187 1593 2250 ὡς
1614 2186 1677 2239 τὸ

70 2289 306 2360 νοσερὸν
357 2288 803 2360 παρασκευάζειν
844 2287 907 2340 τὸ
948 2287 1129 2356 σῶμα.
1164 2284 1284 2335 Ἔτι
1326 2282 1388 2335 τὸ
1424 2282 1598 2333 ποιεῖν
1641 2277 1675 2350 ἢ

72 2380 333 2434 τοιοῦτον
364 2380 650 2443 ἀποτελεῖ,
681 2376 902 2449 οἷόνπέρ
932 2379 1081 2430 ἐστιν
1107 2377 1318 2439 ἐκεῖνο,
1346 2372 1422 2436 ὡς
1462 2370 1523 2424 τὸ
1553 2369 1678 2441 Θερ-

77 2475 278 2541 μαῖνον
308 2472 513 2541 θερμὸν
533 2471 567 2541 ἢ
592 2472 654 2524 ού
675 2470 939 2533 τοιοῦτον,
966 2467 1159 2537 ὥσπερ
1187 2466 1249 2519 τὸ
1265 2465 1463 2535 τέμνον
1481 2463 1673 2532 τομήν·

78 2567 124 2616 εί
152 2564 211 2617 δὲ
241 2563 429 2624 τοῦτο,
462 2565 744 2633 σύστοιχον
770 2562 827 2615 δέ
861 2560 1082 2631 ἐστιτῷ
1108 2557 1354 2612 ποιοῦντι
1384 2556 1446 2611 τὸ
1481 2558 1675 2619 ποιεῖν,

80 2659 173 2711 καὶ
198 2658 267 2710 τὸ
308 2660 484 2709 ποιεῖν
508 2656 615 2725 ἄρα
644 2656 903 2724 τοιαύτην
932 2653 1044 2720 ἕξει
1072 2650 1361 2721 διαφοράν.

1776 544 1930 594 vero,
1966 544 2088 597 qua:
2131 544 2239 581 non
2290 525 2349 581 fit
2393 526 2446 581 in
2480 526 2649 593 aliud,
2701 528 3084 598 contemplari,
3148 530 3358 583 cithara

1776 636 2002 684 canere,
2025 630 2079 675 et
2106 621 2210 674 alia
2263 619 2603 689 hnjusmodi.
2656 620 2965 691 Utrumque
2999 637 3130 675 vero
3162 620 3358 675 horum

1778 714 1938 768 habet
1962 714 2303 769 differentias
2333 725 2606 785 quatuor;
2629 715 2714 770 vel
2736 716 2881 769 enim
2911 725 3106 770 natura
3133 716 3267 786 agit,
3301 722 3363 769 ut

1776 805 1919 877 ignis
1942 806 2243 862 calefacere
2276 808 2480 863 dicitur
2512 818 2566 864 et
2611 809 2815 864 animal
2850 822 3046 864 sonum
3086 809 3360 875 emittere,

1776 900 1860 954 vel
1884 900 2137 963 arbitrio,
2169 902 2467 957 ntdivitem
2486 901 2688 968 facere,
2711 903 2936 956 laudare
2964 910 3018 955 et
3041 901 3358 969 celebrare;

1776 990 1860 1045 vel
1890 1000 2026 1055 arte,
2068 1002 2127 1046 ut
2164 994 2385 1048 domum
2417 993 2711 1061 aldiflcare,
2744 1002 2798 1049 et
2827 993 3066 1062 similia;
3101 993 3185 1047 vel
3230 1008 3363 1049 casu

1776 1096 1874 1137 seu
1903 1082 2149 1146 fortuito,
2177 1095 2236 1140 ut
2264 1086 2500 1157 lapidem
2529 1086 2813 1142 cadentem
2840 1086 3133 1141 verberare
3169 1102 3365 1157 quem-

1776 1173 1904 1227 dam
1938 1174 2023 1229 vel
2054 1174 2313 1245 plaudere
2335 1178 2594 1235 manibus
2632 1178 2717 1232 vel
2750 1179 2889 1233 echo
2915 1179 3187 1234 emittere.
3214 1177 3363 1233 Prae-

1777 1271 1923 1319 terea
1958 1266 2106 1321 aliud
2140 1277 2226 1323 est
2255 1284 2441 1339 agere,
2469 1270 2617 1341 quod
2651 1271 2917 1341 relinquit
2944 1281 3068 1340 post
3087 1272 3362 1326 actionem

1777 1355 2053 1423 cﬁectum,
2088 1362 2257 1414 veluti
2285 1371 2407 1430 post
2428 1362 2846 1418 aedificationem
2871 1362 3067 1419 domus
3089 1373 3363 1434 superest.

1778 1447 1924 1501 aliud
1989 1450 2136 1518 quod
2195 1451 2405 1506 nullum
2439 1452 2695 1508 eﬂ‘ectnm
2748 1464 2871 1523 post
2929 1470 2991 1510 se
3050 1456 3360 1525 relinquit;

1778 1547 2068 1608 postquam
2101 1542 2248 1596 enim
2279 1544 2491 1598 cithara
2556 1547 2886 1609 cecinimus,
2921 1547 3104 1603 nullus
3138 1548 3365 1604 eﬂ‘ectus

1780 1629 1944 1699 hujus
1971 1636 2305 1701 operationis
2355 1637 2706 1707 relinquitur.
2740 1640 2935 1695 Adhuc
2965 1656 3128 1711 agere
3166 1642 3251 1695 vel
3283 1650 3367 1696 est

1780 1720 1832 1775 in
1865 1739 2097 1795 corpore
2129 1730 2211 1781 vel
2238 1727 2290 1781 in
2316 1729 2498 1783 anima
2537 1730 2617 1784 vel
2652 1731 2703 1784 in
2737 1732 3030 1801 utriusque
3085 1735 3367 1787 consortio

1782 1816 1866 1870 vel
1895 1816 2041 1871 circa
2093 1833 2155 1872 ea
2205 1835 2327 1889 qua:
2372 1832 2502 1875 sunt
2531 1823 2597 1876 ad
2634 1832 2787 1878 extra
2816 1841 2830 1878 :
2858 1824 2913 1878 in
2970 1827 3180 1888 anima,
3218 1828 3369 1882 velut

1784 1907 1981 1962 docere
2006 1908 2086 1963 vel
2116 1909 2401 1966 instituere
2439 1914 2678 1983 aliquem
2725 1916 2926 1971 virtute
2987 1917 3069 1971 vel
3099 1918 3231 1972 vitio
3262 1937 3276 1983 ;
3310 1919 3366 1973 in

1793 2015 2049 2069 corpore,
2088 2003 2513 2069 utcomburere,
2551 2020 2775 2071 secare;
2825 2008 2879 2062 in
2912 2011 3203 2079 utriusque
3230 2026 3368 2065 con-

1788 2091 1962 2144 sortio
1985 2129 1998 2152 ,
2030 2099 2090 2143 ut
2140 2107 2337 2147 sanare
2370 2094 2499 2163 (hoc
2538 2097 2686 2150 enim
2721 2100 2785 2150 ad
2819 2108 3114 2169 utrumque
3135 2111 3366 2170 spectat,

1787 2195 1965 2249 neque
2001 2182 2231 2235 ενοι-εἰη]
2274 2186 2473 2239 anima:
2530 2199 2632 2255 est,
2679 2204 2857 2260 neque
2881 2194 3153 2262 corporis)
3182 2209 3196 2258 ;
3223 2194 3367 2247 circa

1784 2286 1847 2326 ea
1875 2288 1998 2342 qua:
2044 2276 2111 2328 ad
2137 2286 2317 2342 extra,
2351 2288 2409 2333 ut
2434 2280 2655 2335 divitem
2678 2282 2856 2339 facere
2881 2296 2934 2341 et
2963 2286 3188 2341 similia.
3225 2286 3371 2342 Rur—

1786 2377 1907 2417 sum
1952 2379 2113 2433 agerc
2164 2367 2249 2420 vel
2284 2368 2644 2437 perfectivum
2703 2384 2788 2429 est
2841 2377 2923 2432 vel
2969 2379 3368 2449 corruptivum,

1784 2455 2170 2525 perfectivum,
2204 2460 2373 2516 veluti
2427 2478 2666 2532 sanare;
2725 2469 3130 2538 corruptivum,
3201 2471 3369 2525 veluti

1787 2559 2049 2618 mgretum
2082 2551 2312 2608 reddere
2345 2571 2569 2626 corpus.
2608 2559 2859 2630 Denique
2897 2579 3058 2632 agere
3084 2565 3167 2618 vel
3199 2566 3359 2619 talem

1793 2642 2047 2695 ell‘eetum
2077 2643 2260 2710 efficit,
2292 2648 2454 2715 quale
2489 2649 2623 2704 illud
2673 2651 2853 2721 ipsum
2912 2665 3015 2720 est,
3058 2666 3116 2710 ut
3164 2657 3369 2711 calefaa

80 2758 237 2813 ciens
279 2756 417 2811 facit
447 2756 710 2820 calidum,
747 2756 828 2808 vel
862 2770 968 2808 non
1028 2753 1219 2816 talem,
1246 2753 1390 2808 sicut
1438 2764 1635 2804 secans
1674 2746 2012 2806 sectionem;
2055 2742 2101 2794 si
2125 2758 2253 2797 vero
2281 2744 2354 2797 ita
2384 2755 2491 2809 est,
2517 2748 2855 2817 respondens
2888 2764 3016 2803 vero
3078 2761 3162 2804 est
3229 2762 3373 2807 actio

81 2853 294 2921 agenti,
354 2868 485 2923 ergo
518 2868 681 2922 agere
705 2866 925 2921 quoque
977 2850 1225 2904 eamdem
1277 2845 1637 2902 diﬂ‘erentiain
1680 2840 1920 2895 hahehit.

158 2945 228 3017 β’.
278 2947 626 3017 Ἐπιδέχεται
677 2945 734 2998 δὲ
782 2945 844 2998 τδ
894 2947 1071 2998 ποιεῖν
1113 2943 1175 2997 τὸ
1229 2942 1432 3013 μᾶλλον
1476 2940 1571 2994 καὶ
1618 2937 1680 2991 τὸ

84 3034 284 3108 ἦττον·
330 3034 647 3107 θερμαίνειν
677 3034 786 3105 γὰρ
816 3033 932 3087 ἔστι
966 3033 1168 3104 μᾶλλον
1202 3032 1299 3086 καὶ
1342 3027 1506 3102 ἦττον
1529 3046 1543 3061 ·
1584 3028 1679 3082 καὶ

84 3130 282 3200 ψύχειν
332 3128 593 3190 ὡσαύτως
616 3144 629 3157 ·
661 3128 762 3180 οὐκ
789 3126 881 3179 ἐπὶ
918 3128 1050 3179 πᾶσι
1079 3125 1137 3179 δὲ
1164 3124 1323 3178 τοῦτο
1350 3122 1634 3194 συμϐαίνει
1662 3139 1676 3151 ο

84 3224 184 3274 οὐκ
212 3221 343 3274 ἐστι
373 3222 481 3290 γὰρ
512 3220 815 3290 οἰκοδομεῖν
859 3217 1061 3290 μᾶλλον
1110 3218 1203 3271 καὶ
1247 3212 1432 3291 ἦττον,
1468 3215 1679 3286 βέλτιον

93 3320 279 3387 μέντοι
316 3316 352 3385 ἦ
384 3318 566 3385 χεῖρον
600 3315 748 3367 ἐστιν
792 3314 1119 3383 οἰκοδομεῖν.
1157 3311 1420 3383 Δεύτερον
1459 3311 1516 3364 δὲ
1549 3309 1679 3362 ἴδιον

86 3409 179 3461 τοῦ
211 3409 396 3461 ποιεῖν
421 3407 482 3458 τὸ
511 3404 654 3475 ἔχειν
679 3406 1033 3473 ἐναντιότητα
1052 3420 1067 3433 ·
1110 3402 1207 3456 καὶ
1230 3403 1339 3474 γάρ
1364 3402 1424 3455 τὸ
1450 3400 1679 3472 θερμαί⁶

92 3520 202 3555 νειν
263 3500 514 3556 ἐναντίον
562 3499 681 3552 ἐστὶ
732 3499 808 3570 τῷ
855 3499 1071 3569 ψύχειν,
1113 3498 1209 3551 καὶ
1269 3497 1331 3549 τὸ
1383 3495 1574 3548 λυπεῖν
1601 3493 1680 3565 τῷ

93 3595 251 3663 ἠδύνε
263 3611 313 3645 ιν
338 3611 350 3623 ·
370 3593 472 3645 οὐκ
504 3595 596 3645 ἐπὶ
628 3590 842 3644 πολλῶν
871 3591 928 3643 δὲ
962 3590 1120 3643 τοῦτο
1143 3588 1443 3659 συμϐαῖνον
1474 3585 1573 3639 ἴδοι
1596 3602 1682 3647 τις

93 3687 188 3739 ἄν·
225 3686 312 3756 τῷ
343 3684 452 3756 γὰρ
491 3685 713 3753 τέμνειν
752 3683 784 3752 ἢ
817 3682 992 3736 καίειν
1020 3682 1053 3753 ἢ
1095 3683 1206 3745 τοῖς
1240 3678 1502 3740 τοιούτοις
1529 3676 1682 3730 οὐδέν

92 3781 238 3832 ἐστιν
267 3778 539 3833 ἐναντίον.
573 3777 767 3848 Τρίτον
798 3777 927 3829 ἴδιον
958 3777 1016 3827 τὸ
1044 3773 1246 3845 ὁμοίως
1288 3771 1547 3840 λέγεσθαι
1587 3769 1683 3822 καὶ

93 3870 405 3940 ἀνομοίως·
442 3868 639 3939 ὁμοίως
677 3870 784 3938 γὰρ
816 3866 1133 3938 θερμαίνειν
1166 3864 1402 3935 λέγομεν
1456 3862 1550 3915 καὶ
1584 3861 1683 3913 ἁν-

96 3960 334 4029 ομοίως,
368 3959 462 4012 καὶ
494 3957 740 4026 ὑγιάζειν
790 3955 992 4027 ὁμοίως
1025 3954 1118 4007 καὶ
1141 3951 1430 4023 ἀνομοίως,
1491 3948 1583 4001 καὶ
1606 3948 1687 4000 oi-

98 4052 353 4120 κοδομεῖν
381 4052 585 4120 ὁμοίως
616 4052 708 4102 καὶ
737 4049 1009 4117 ἀνομοίως
1069 4045 1164 4099 καὶ
1188 4043 1375 4115 σχεδὸν
1406 4040 1573 4094 παντὶ
1610 4037 1688 4108 τῷ

99 4148 271 4197 ποιεῖν
310 4142 613 4213 ἐφαρμόζει
661 4141 819 4194 τοῦτο
853 4140 912 4193 τὸ
951 4140 1080 4193 ῖδιον
1101 4153 1117 4169 ·
1152 4138 1202 4189 εἰ
1261 4138 1357 4189 καὶ
1390 4132 1466 4204 μὴ
1499 4133 1645 4204 μόνῳ
1670 4144 1686 4160 ⁸

102 4238 342 4308 ἁρμόζει
388 4236 499 4305 γάρ
536 4236 630 4288 καὶ
662 4234 739 4303 τῷ
770 4237 1023 4302 πάσχειν.
1060 4229 1332 4299 Τέταρτον
1362 4225 1492 4278 ίδιον
1520 4225 1581 4277 τὸ
1613 4222 1691 4295 μὴ

101 4330 222 4380 καθ’
255 4329 357 4381 ἕνα
380 4327 580 4397 τρόπον
613 4324 913 4392 ἀνάγεσθαι
938 4323 1005 4376 τὰ
1038 4322 1129 4375 ὑπ’
1155 4319 1325 4391 αὐτὴν
1356 4319 1688 4386 ἀναγόμενα·

102 4424 157 4475 τὸ
209 4422 318 4490 μὲν
356 4421 468 4489 γὰρ
520 4414 1117 4487 Θερμαίνειν,πρώτως
1169 4413 1433 4481 ἀνάγεται
1481 4410 1587 4461 ὑπὸ
1631 4407 1693 4460 τὸ

103 4516 277 4566 ποιεῖν
314 4514 409 4565 καὶ
438 4513 554 4564 ἔστι
585 4510 649 4581 δὴ
697 4510 904 4581 κυρίως
959 4509 1166 4559 ποιεῖν·
1219 4504 1280 4557 τὸ
1309 4504 1367 4557 δὲ
1400 4504 1691 4574 θερμαῖνον

100 4605 405 4675 ἀνάγεσθαι
433 4603 651 4672 λέγεται
679 4602 785 4655 ὑπὸ
813 4601 876 4653 τὸ
903 4602 1102 4661 ποιεῖν,
1127 4599 1208 4650 ὅτι
1239 4596 1471 4667 πρώτως
1498 4594 1603 4649 ὑπὸ
1630 4594 1691 4646 τὸ

1856 2938 1911 2989 ιι.
1957 2936 2207 2991 Admittit
2235 2946 2412 2990 autem
2448 2951 2609 3007 agere
2653 2938 2827 3007 magis
2851 2947 2905 2993 et
2943 2939 3121 2995 minus
3152 2961 3165 3008 ;
3229 2944 3376 2998 tale-

1788 3026 1968 3083 faeere
1995 3030 2140 3084 enim
2170 3030 2379 3100 aliquid
2407 3038 2586 3099 potest
2630 3032 2803 3099 magis
2830 3032 2913 3087 vel
2963 3034 3168 3100 minus,
3209 3047 3261 3090 et
3296 3038 3375 3091 si-'

1788 3122 1990 3176 militer
2022 3121 2366 3194 refrigerare.
2399 3122 2516 3178 Non
2549 3138 2683 3177 vero
2721 3124 2773 3178 in
2799 3127 3059 3182 omnibus
3112 3130 3213 3184 hoc
3242 3147 3373 3186 eve;

1790 3214 1907 3280 nit;
1934 3232 2058 3269 nam
2088 3216 2231 3270 haud
2262 3225 2440 3285 potest
2462 3215 2587 3285 quis
2625 3216 2903 3272 aedificare
2939 3219 3163 3274 domum
3200 3224 3374 3294 magis

1785 3314 1837 3359 et
1880 3307 2083 3372 minus,
2122 3308 2321 3364 melius
2354 3319 2534 3363 tamen
2570 3317 2624 3363 et
2674 3310 2832 3378 pejus
2858 3311 3128 3368 aedificare
3167 3326 3368 3384 potest.

1780 3399 1964 3454 Altera
1990 3403 2296 3471 proprietas
2323 3400 2558 3456 actionis
2577 3409 2683 3461 est,
2709 3403 2855 3472 quod
2882 3404 3371 3463 haheteontrarie-

1781 3502 1944 3546 tatem
1971 3510 1988 3560 ;
2020 3510 2145 3548 nam
2172 3494 2469 3549 calefacere
2495 3505 2544 3548 et
2582 3494 2901 3565 frigefaccre
2918 3498 3195 3551 contraria
3218 3510 3372 3564 sunt,

1783 3599 1847 3639 ac
1884 3586 2084 3651 pariter
2108 3586 2427 3641 contristari
2457 3596 2510 3641 et
2562 3586 2893 3642 exhilarare.
2928 3588 3046 3642 Non
3076 3591 3127 3643 in
3186 3592 3373 3647 multis

1787 3690 1921 3729 vero
1954 3676 2002 3730 id
2039 3678 2259 3731 evenire
2281 3679 2405 3747 quis
2434 3687 2625 3733 cernet
2655 3696 2669 3742 ;
2704 3695 2830 3733 nam
2866 3696 3054 3735 secare
3096 3684 3176 3737 vel
3212 3701 3373 3739 urere

1788 3766 1875 3820 vel
1913 3767 2110 3821 similia
2139 3768 2273 3822 nihil
2306 3770 2890 3825 habenteontrarium.
2927 3768 3108 3827 Tertia
3131 3778 3376 3845 proprie-

1791 3868 1877 3912 tas
1909 3859 2143 3913 actionis
2186 3868 2293 3928 est,
2328 3861 2475 3931 quod
2512 3862 2680 3916 simili
2732 3870 2787 3917 et
2817 3863 3072 3918 dissimili
3102 3869 3266 3921 modo
3290 3869 3375 3923 di-

1793 3951 1979 4018 citur;
2034 3952 2291 4008 similiter
2338 3954 2486 4008 enim
2519 3953 2824 4010 calefacere
2858 3956 3094 4013 dicimus
3129 3969 3185 4013 et
3213 3961 3375 4015 dissi-

1790 4043 2020 4109 militer,
2053 4054 2107 4100 et
2148 4062 2347 4101 sanum
2386 4049 2616 4102 reddere
2648 4050 2902 4104 similiter
2925 4060 2977 4104 et
3011 4052 3374 4118 dissimiliter,

1791 4145 1845 4190 et
1873 4137 2095 4192 domum
2122 4139 2396 4195 aedificare
2426 4140 2681 4196 similiter
2696 4150 2750 4196 et
2780 4143 3153 4205 dissimiliter;
3189 4155 3241 4200 et
3266 4146 3381 4201 fere

1794 4231 1943 4285 omni
1972 4232 2175 4286 actioni
2211 4232 2327 4288 haec
2349 4234 2658 4303 proprietas
2675 4236 2955 4297 convenit,
2984 4236 3085 4289 etsi
3118 4251 3228 4290 non
3252 4238 3375 4303 soli;

1796 4337 1924 4377 nam
1966 4326 2223 4380 convenit
2259 4341 2486 4397 quoque
2525 4328 2792 4396 passioni.
2827 4328 3034 4394 Quarta
3066 4331 3377 4399 proprietas

1794 4428 1899 4480 εει,
1940 4418 2086 4487 quod
2119 4433 2224 4471 non
2249 4419 2548 4475 secundum
2582 4435 2751 4473 unum
2771 4420 2993 4475 modum
3021 4422 3086 4475 ad
3110 4424 3377 4477 actionem

1798 4508 2116 4565 referuntur
2145 4525 2207 4565 ea
2236 4528 2358 4581 qua:
2402 4513 2469 4566 ad
2506 4512 2651 4565 illam
2677 4512 3038 4567 reducuntur.
3071 4513 3381 4569 Calefacere

1802 4602 1949 4656 enim
1977 4603 2239 4671 primario
2260 4605 2364 4659 sub
2379 4603 2648 4658 actionem
2674 4606 2955 4659 reducitur
2980 4616 3032 4659 et
3058 4615 3140 4661 est
3168 4608 3384 4676 proprie

103 4698 294 4752 ποιοῦν
344 4696 607 4764 ἀνάγεται
637 4736 653 4760 ,
686 4694 824 4763 ὅπερ
857 4693 974 4745 ἐστὶ
1017 4691 1300 4761 σύστοιχον
1334 4688 1430 4742 τοῦ
1471 4690 1646 4741 ποιεῖν
1675 4703 1687 4718 ·

1801 4710 1996 4766 agere;
2032 4697 2361 4752 calefaciens
2380 4712 2514 4752 vero
2544 4697 2609 4752 ad
2632 4700 2906 4753 actionem
2941 4700 3127 4754 reduci
3158 4700 3381 4764 dicitur,

105 4791 374 4853 ὡσαύτως
402 4788 458 4842 δὲ
484 4789 578 4841 καὶ
609 4789 667 4841 τὸ
698 4787 978 4857 θερμῆναν
1000 4782 1113 4855 (‘22)
1139 4782 1436 4850 ἀνάγεσθαι
1476 4781 1695 4849 λέγεται

101 4885 203 4937 ὑπὸ
234 4885 303 4937 τὸ
332 4885 542 4947 ποιεῖν,
578 4882 660 4935 ὅτι
695 4881 800 4934 ὑπὸ
848 4881 910 4932 τὸ
961 4879 1196 4948 ποιῆσαν
1227 4876 1459 4948 πρώτως
1487 4875 1693 4943 ἀνάγε-

102 4994 210 5039 ται,
245 4975 275 5029 δ
310 4975 408 5029 καὶ
440 4973 573 5028 αὐτὸ
624 4972 906 5042 σύστοιχόν
934 4972 1053 5024 ἑστι
1086 4968 1182 5023 τοῦ
1233 4968 1441 5021 ποιεῖν·
1469 4969 1564 5021 καὶ
1599 4968 1693 5020 ἐπὶ

102 5068 203 5121 τῶν
258 5068 441 5123 ἄλλων
494 5064 791 5129 ὡσαύτως·
833 5063 929 5117 καὶ
974 5061 1119 5133 ἔχεις
1151 5058 1401 5115 ἐντεῦθεν
1442 5059 1501 5112 ἐν
1531 5058 1692 5127 πορί-

107 5178 315 5231 σματος
379 5160 567 5231 μοίρᾳ,
623 5160 705 5212 ὅτι
765 5157 827 5210 ού
870 5154 1308 5225 κατηγοροῦνται
1359 5152 1578 5214 πάντως
1635 5150 1690 5203 αἰ

108 5253 436 5323 κατηγορίαι
486 5250 562 5313 ὡς
606 5250 677 5303 τὰ
712 5249 845 5319 γένη
877 5248 972 5300 καὶ
1004 5246 1074 5298 τὰ
1118 5245 1264 5315 εἴδη·
1301 5243 1424 5295 ἐπεὶ
1470 5241 1587 5304 πῶς
1623 5241 1691 5296 ἂν

108 5342 216 5398 οἶόν
246 5364 306 5398 τε
397 5344 579 5412 λέγειν
608 5344 669 5397 τὸ
720 5342 1012 5411 θερμαῖνον
1044 5338 1140 5392 καὶ
1168 5337 1227 5390 τὸ
1273 5335 1556 5407 Θερμῆναν
1584 5333 1689 5387 ὑπὸ

112 5436 168 5489 τὸ
198 5441 373 5489 ποιεῖν
404 5434 743 5502 ἀνάγεσθαις
787 5433 870 5484 ὃτι
900 5430 956 5485 δὲ
987 5430 1092 5483 ὑπὸ
1134 5426 1343 5498 ταύτην
1391 5425 1688 5494 ἀνάγονται

109 5530 201 5597 τὴν
251 5527 589 5598 κατηγορίαν
654 5526 723 5579 τά
776 5524 1085 5596 εἰρημένα,
1133 5521 1293 5593 δῆλον
1340 5519 1690 5591 προχειριζο-

114 5628 256 5692 rivo:
290 5623 387 5685 τὰς
420 5620 585 5684 ἄλλας
612 5618 947 5689 κατηγορίας
973 5633 985 5645 ·
1022 5617 1083 5669 τὸ
1107 5613 1217 5689 γάρ
1249 5613 1540 5687 Θερμαῖνον
1563 5609 1689 5666 οὔτε

1801 4787 1931 4855 quia
1980 4789 2166 4857 primo
2217 4788 2285 4842 ad
2315 4803 2486 4860 agens
2521 4788 2777 4855 refertur,
2839 4789 2988 4859 quod
3040 4790 3243 4843 actioni
3299 4798 3385 4843 est

1795 4880 2137 4948 respondens
2193 4880 2364 4951 (quod
2420 4883 2629 4951 pariter
2696 4885 2750 4937 in
2801 4883 2991 4938 eodem
3045 4891 3129 4937 est
3181 4898 3382 4951 genere

1798 4980 1964 5041 atque
1993 4972 2163 5043 actio)
2197 4975 2323 5029 :sie
2362 4976 2568 5044 pariter
2606 4976 2661 5031 id
2699 4975 2846 5046 quod
2891 4972 3138 5029 calefecit
3183 4973 3379 5029 referri

1794 5062 2000 5117 dicitur
2029 5064 2096 5117 ad
2133 5080 2317 5136 agere,
2350 5066 2483 5137 quia
2517 5067 2790 5137 primario
2819 5066 2887 5121 ad
2919 5066 2974 5120 id
2999 5066 3138 5136 quod
3172 5068 3277 5138 egit
3300 5083 3385 5122 re-

1799 5152 1990 5219 fertur,
2032 5158 2180 5226 quod
2212 5167 2267 5213 et
2324 5158 2503 5228 ipsum
2538 5158 2879 5229 respondens
2908 5167 2992 5214 est
3015 5157 3084 5212 ad
3100 5174 3295 5229 agere;
3331 5169 3388 5213 et.

1801 5246 1883 5301 sic
1908 5247 2113 5317 pariter
2151 5250 2205 5303 in
2230 5251 2469 5307 caeteris.
2500 5249 2741 5307 'Exinde’
2780 5254 2951 5306 habes
2988 5252 3164 5305 instar
3193 5251 3376 5304 corol-

1800 5335 1945 5402 larii,
1980 5341 2124 5410 quod
2155 5341 2301 5396 haud
2333 5341 2706 5412 praedicantur
2746 5344 2978 5398 omnino
3004 5343 3297 5412 categoriaz
3326 5351 3387 5397 ut

1799 5445 1998 5500 genera
2026 5443 2079 5488 et
2107 5436 2341 5505 species;
2359 5435 2803 5506 quandoquidem
2833 5436 3113 5506 quomodo
3133 5435 3389 5490 tuncdici

1799 5534 2004 5593 posset,
2066 5526 2119 5581 id
2154 5530 2298 5599 quod
2338 5528 2589 5585 calefacit
2611 5529 2693 5584 vel
2713 5529 2961 5585 calefecit
2995 5530 3061 5584 ad
3109 5544 3269 5599 agere
3300 5542 3389 5581 re-

1799 5613 1957 5671 ferri?
1984 5620 2127 5689 quod
2148 5637 2274 5678 vero
2301 5621 2366 5677 ad
2390 5621 2531 5679 hanc
2545 5624 2876 5694 categoriam
2908 5623 3223 5678 referuntur
3250 5634 3386 5690 price

1634 5727 1871 5788 ΝΟΤΑἸ.

186 5810 299 5881 (ξε)
337 5807 455 5863 Val.
494 5809 792 5879 θερμᾶναν.
842 5808 937 5876 Ap.
968 5806 1263 5877 Θιρμῆναν.

456 5908 726 5969 Parnm“
766 5906 883 5966 Gn.
937 5906 1032 5966 Cl.

2961 5894 3037 5955 26
