3908 6214
173 268 280 333 805

1069 267 1164 328 AD
1199 268 1792 331 AMPHILOCIIIUM
1829 270 2177 344 QUA‘ISTIO
2211 274 2456 345 CXLIV,
2493 273 2711 335 CXLV.

3341 267 3447 336 806

137 397 144 402 ε
173 379 229 431 δὲ
257 375 492 449 πρώτως
513 377 594 442 είς
619 376 736 448 εἴδη
770 376 854 445 ἒξ,
873 377 950 441 εἷς
981 394 1042 431 τε
1073 379 1132 431 τὸ
1157 381 1267 434 ἄνω
1291 375 1433 433 εἶναι
1468 381 1560 435 καὶ
1584 383 1757 451 κάτω,

1876 384 1921 438 in
1952 386 2165 455 species
2195 401 2314 452 sex,
2335 385 2588 441 videlicet
2610 387 2662 438 in
2691 399 2855 456 supra
2896 400 3020 442 esse
3048 394 3104 442 et
3128 384 3271 441 infra
3301 400 3446 452 esse,

171 468 322 542 δεξιᾷ
367 485 428 521 τε
475 469 572 522 καὶ
624 469 930 538 ἀριστερᾷ,
988 468 1294 542 ἔμπροσθεν
1349 472 1441 525 καὶ
1487 472 1708 526 ὄπισθεν
1736 492 1750 505 ο

170 559 405 614 ἕκαστον
432 559 490 613 δὲ
523 559 729 613 τούτων
762 561 792 632 ἢ
827 563 1016 632 πόρρω
1058 563 1205 615 ἐστὶν
1239 564 1270 634 ἢ
1303 563 1502 632 ὲγγύς⁶
1535 564 1615 617 ἔτι
1641 565 1696 619 δὲ
1721 566 1754 634 ἦ

172 655 232 706 ὲν
257 652 460 724 πρώτῳ
494 653 528 723 ἢ
561 657 618 706 ἐν
649 652 886 723 δευτέρῳ
907 669 921 683 ⁸
956 653 1100 721 λέγω
1140 654 1196 708 δὲ
1221 656 1279 707 ὲν
1311 655 1514 727 πρώτῳ
1553 658 1653 726 μὲν
1681 655 1758 711 εἴ·

173 760 262 796 ναι
291 743 354 796 τὺ
388 743 572 813 σῶμα,
610 743 740 798 ὅταν
780 745 839 796 ὲν
872 746 971 817 ἴσῳ
998 749 1148 817 τόπῳ
1185 746 1351 800 αὑτοῦ
1382 745 1439 820 ᾖ,
1475 751 1567 802 καὶ
1599 750 1674 820 μὴ
1701 751 1758 804 ἐν

176 835 385 905 μείζονι
419 835 846 906 περιεχόμενον’
898 838 958 890 ὲν
992 838 1231 910 δευτέρῳ
1272 839 1347 907 δὲ,
1383 842 1514 895 ὅταν
1547 845 1604 895 ἐν
1637 843 1758 915 μεί-

173 927 323 991 ζονιο
362 927 497 980 καθό
543 944 725 998 φαμεν
760 928 808 981 εῑ
840 928 994 1000 τύχοι
1023 931 1114 983 τὸν
1149 928 1449 1003 Σωκράτην
1481 934 1539 987 ἐν
1572 937 1637 1006 τῇ
1677 937 1760 988 οἰ-

176 1019 272 1090 uti;
303 1014 444 1072 εῖναι
473 1019 506 1092 ἢ
550 1022 609 1074 ἐν
649 1023 714 1091 τῇ
760 1020 936 1076 πόλει.
970 1022 1092 1074 Ἔτι
1125 1022 1218 1076 τοῦ
1253 1024 1357 1077 ποῦ
1404 1026 1590 1092 ίδικῶς
1616 1027 1760 1100 λαμ-

178 1111 483 1182 ϐανομένου
536 1112 598 1166 τὸ
651 1113 753 1183 μὲν
810 1113 977 1168 αὑτοῦ
1029 1115 1190 1184 φύσει
1235 1115 1479 1186 λέγεται,
1521 1121 1658 1192 ὅπερ
1698 1123 1762 1176 τὸ

179 1205 312 1258 αὐτὸ
347 1205 434 1258 ἀεὶ
467 1206 691 1269 νοεῖται,
737 1200 849 1259 οἷον
893 1206 952 1259 τὺ
985 1207 1077 1260 τὸν
1118 1209 1345 1279 οὐρανὸν
1379 1211 1492 1266 ἄνω
1533 1211 1672 1267 εἷναι
1713 1215 1763 1285 (ό

178 1298 288 1369 γὰρ
315 1303 478 1362 τόπος
504 1298 671 1354 αὐτοῦ
690 1301 827 1371 πρὸς
852 1301 912 1354 ἓν
943 1303 1009 1371 γέ
1035 1321 1088 1357 τι
1117 1306 1451 1376 τεταγμένος
1480 1307 1594 1378 (26)
1611 1309 1764 1364 κάτω

174 1391 398 1459 λέγεται
437 1393 619 1463 μόνον,
654 1395 800 1462 λέγω
829 1393 894 1464 δὴ
923 1394 1060 1464 πρὸς
1083 1395 1178 1448 τὸν
1211 1396 1312 1466 τῆς
1345 1399 1450 1468 γῆς
1483 1399 1643 1469 μόνον
1668 1401 1760 1455 τό-

178 1484 336 1552 πον)·
373 1484 406 1555 ἢ
450 1485 511 1538 οὑ
561 1485 766 1555 φύσει,
797 1485 936 1538 ἀλλὰ
967 1487 1111 1540 κατὰ
1157 1489 1530 1560 συμϐεϐηκὸς,
1581 1491 1657 1555 ὡς
1702 1493 1764 1546 τὸ

176 1575 318 1638 ζῶον
366 1577 480 1632 ἄνω
508 1577 764 1646 λέγεσθαι
794 1579 936 1633 κατὰ
970 1580 1072 1651 τὴν
1104 1579 1197 1634 τοῦ
1226 1581 1377 1634 οἴκου
1407 1582 1641 1656 ὀροφήν⁶
1673 1576 1766 1637 δύ-

175 1683 336 1718 ναται
375 1665 486 1737 γὰρ
517 1667 693 1721 ταῦτα
724 1669 837 1740 (2⁵1)
869 1671 963 1722 καὶ
987 1671 1101 1724 ἄνω
1127 1670 1389 1740 λέγεσθαι
1439 1671 1540 1726 καὶ
1591 1673 1761 1740 κάτω,

174 1757 311 1828 πρὸς
340 1758 468 1812 ἄλλο
496 1758 685 1829 μέντοι
717 1762 815 1814 καὶ
851 1762 979 1816 ἄλλο
1008 1763 1421 1834 λαμϐανόμενα.

1863 475 1930 529 ad
1955 475 2233 531 dexteram
2263 486 2315 530 ct
2337 476 2403 530 ad
2429 475 2642 542 laevam,
2680 485 2874 531 anteet
2899 485 3047 530 retro
3074 475 3220 547 (ante
3245 476 3451 546 aliquid

1863 579 1918 626 et
1948 587 1977 624 a
2010 579 2161 640 tergo
2209 569 2509 641 alicujus);
2569 569 3002 641 unumquodque
3071 573 3203 624 vero
3262 583 3456 624 eorum

1867 668 1962 716 aut
1987 663 2176 731 procul
2208 660 2468 734 (eminus)
2498 669 2595 716 aut
2628 650 2797 732 prope
2825 659 3123 732 (cominus)
3155 670 3260 716 est.
3309 659 3455 716 Prte-

1867 762 2016 810 terea
2045 762 2131 810 est
2159 755 2246 809 vel
2284 755 2338 809 in
2370 756 2550 826 primo
2573 756 2660 810 vel
2706 757 2759 808 in
2792 755 3034 810 secundo
3070 772 3084 820 ;
3122 753 3246 809 dic'o
3269 761 3452 808 autem

1868 847 1923 900 in
1959 848 2139 918 primo
2189 864 2312 903 esse
2364 853 2586 918 curpus,
2648 849 2873 918 quando
2929 849 2984 902 in
3034 848 3156 903 loco
3205 855 3290 904 εει
3349 847 3454 918 ipsi

1870 940 2088 1010 aaquali,
2117 956 2217 994 nec
2249 943 2302 994 in
2359 939 2555 1010 majbri
2609 953 2663 995 et
2711 940 2965 1008 ampliori
3007 950 3369 1007 contentum;
3398 942 3454 996 in

1869 1033 2111 1086 secundo
2151 1049 2301 1096 vero,
2331 1034 2553 1102 quando
2594 1033 2647 1087 in
2666 1034 2938 1104 ampliori,
2971 1035 3273 1088 secundum
3308 1033 3456 1105 quod

1871 1125 2131 1189 dicimus,
2155 1126 2390 1194 exempli
2413 1126 2609 1196 gratia,
2641 1126 2926 1181 Soeratem
2952 1126 3006 1181 in
3039 1127 3206 1181 dom'o
3226 1128 3348 1181 esse
3370 1127 3456 1182 vel

1873 1216 1927 1270 in
1987 1218 2141 1272 urbe.
2188 1218 2384 1273 Adhuc
2431 1218 2522 1272 ubi
2572 1220 2796 1289 proprie
2852 1229 2908 1274 ct
2955 1221 3187 1275 seorsim
3244 1235 3342 1290 per
3398 1235 3458 1274 se

1870 1318 2149 1379 sumptqu
2168 1311 2252 1364 vel
2274 1311 2576 1367 secundum
2597 1321 2847 1366 naturam
2862 1312 3084 1379 dicitur,
3104 1313 3250 1382 quod
3264 1313 3456 1367 eodem

1871 1414 2091 1470 semper
2127 1400 2291 1454 modo
2364 1401 2707 1468 intelligitur,
2757 1403 2908 1455 velut
2949 1403 2994 1458 si
3026 1403 3202 1467 dicas,
3257 1404 3459 1458 cmlum

1872 1496 1994 1546 esse
2036 1507 2236 1562 supra;
2285 1491 2439 1546 locus
2483 1492 2629 1547 enim
2654 1492 2774 1561 ejus
2800 1493 2868 1547 ad
2911 1509 3083 1548 unum
3117 1494 3338 1562 quidem
3369 1493 3462 1547 ali-

1874 1584 2004 1652 quid
2050 1585 2354 1641 ordinatus
2412 1585 2561 1641 infra
2592 1587 2858 1641 duntaxat
2897 1587 3103 1642 dicitur
3134 1603 3300 1654 esse;
3336 1588 3461 1642 dico

1878 1688 2060 1732 autem
2105 1677 2173 1734 ad
2211 1688 2369 1732 terra:
2395 1678 2571 1732 solum
2622 1678 2842 1745 locum;
2872 1679 2956 1733 vel
2994 1681 3102 1733 non
3153 1677 3461 1733 secundum

1795 1765 1838 1818 Β
1869 1781 2148 1838 naturam,
2186 1788 2375 1828 verum
2406 1772 2710 1828 secundum
2751 1772 3049 1840 accidens;
3084 1789 3136 1826 v.
3177 1778 3228 1842 ἐς.
3255 1767 3463 1826 animal

172 1861 341 1922 supra
374 1869 498 1908 esse
531 1855 733 1910 dicittxr
751 1857 878 1926 quia
897 1867 980 1913 est
1012 1859 1065 1913 in
1109 1869 1254 1914 tecto
1286 1860 1760 1920 domus.Possuut
1796 1865 1943 1922 enim
1980 1868 2096 1924 haec
2129 1877 2185 1923 et
2211 1883 2379 1938 supra
2424 1876 2478 1922 et
2519 1865 2660 1920 infra
2706 1881 2831 1922 esse
2868 1861 2998 1930 dici,
3064 1867 3132 1921 ad
3165 1864 3313 1921 aliud
3381 1877 3464 1921 ta-

172 1960 298 2000 men
316 1955 369 2000 et
399 1947 543 2002 aliud
573 1959 812 2019 sumpta.

247 2043 314 2114 β’.
355 2045 514 2098 Ἐστι
568 2045 625 2098 δὲ
676 2047 785 2100 ῐδια
818 2047 915 2101 τοῦ
951 2048 1057 2102 ποῦ
1105 2049 1197 2102 τόν
1241 2051 1476 2123 ἀριθμὸν
1515 2054 1676 2125 τρία·
1712 2054 1772 2108 ἓν

185 2134 286 2205 μὲν
324 2135 384 2188 τὺ
415 2137 854 2208 προσσημαίνειν
887 2140 1000 2209 (ἓὸ)
1027 2141 1222 2194 τόπον·
1252 2143 1313 2196 τὸ
1341 2143 1448 2215 γὰρ
1483 2145 1594 2199 ἄνω
1625 2141 1770 2200 εἶναι

177 2227 299 2280 ἐστὶ
331 2228 428 2297 μὲν
457 2229 666 2300 κυρίως
710 2229 804 2283 τοῦ
841 2232 954 2302 (29)
1005 2232 1109 2285 ποῦ
1146 2229 1312 2300 εἶναι,
1365 2237 1771 2308 προσσημαίνει

178 2321 236 2375 δὲ
261 2324 426 2376 τόπον
449 2323 592 2388 τινὰ,
618 2323 764 2393 λέγω
799 2325 863 2396 δὴ
891 2325 985 2379 τὸν
1021 2327 1135 2381 ἄνω
1167 2327 1334 2380 τόπον
1355 2343 1370 2357 ·
1413 2329 1576 2382 παντὶ
1601 2329 1658 2382 δὲ
1692 2329 1772 2400 τῷ

179 2415 310 2468 εἴδει
364 2416 601 2488 ὑπάρχει
637 2417 796 2472 τοῦτο
845 2419 906 2471 τὺ
942 2419 1073 2472 ἴδιον
1093 2437 1107 2451 ο
1138 2420 1395 2492 δεύτερον
1422 2421 1478 2474 δὲ
1507 2421 1567 2474 τὸ
1598 2439 1773 2492 προσ-

183 2510 476 2579 σημαίνειν
509 2511 699 2581 σχέσιν
732 2513 968 2584 τοπικήν
988 2529 1001 2541 ·
1056 2513 1210 2584 διττὴ
1241 2513 1299 2566 δὲ
1326 2518 1358 2584 ἡ
1391 2515 1592 2586 τοπικὴ
1643 2515 1768 2585 σχέ-

180 2617 300 2664 σις·
328 2603 364 2672 ἦ
399 2620 458 2655 τε
492 2603 600 2673 γὰρ
627 2605 932 2676 ἐμπεριοχὴ
963 2605 1078 2674 (50)
1111 2604 1206 2658 τοῦ
1235 2605 1510 2674 σώματος,
1547 2607 1671 2660 καθ’
1704 2605 1771 2679 ἢν

178 2694 615 2765 ἐμπεριέχεσθαι
641 2697 881 2764 λέγεται,
912 2699 1097 2769 σχέσις
1127 2699 1192 2752 ἂν
1219 2698 1304 2770 εἴη
1341 2699 1575 2773 τοπικὴ,
1611 2702 1706 2754 καὶ
1737 2703 1770 2772 ἡ

179 2789 413 2859 περιοχὴ
451 2788 545 2841 τοῦ
596 2790 786 2854 τόπου,
839 2791 961 2845 καθ’
1009 2792 1078 2864 ἣν
1127 2793 1406 2864 περιέχειν
1449 2793 1668 2860 λέγεται
1709 2792 1772 2847 τὸ

181 2877 361 2949 σῶμα,
388 2879 626 2949 ὁμοίως·
657 2881 840 2952 διττῆς
867 2877 980 2947 οὖν,
1013 2885 1090 2946 ὡς
1123 2882 1366 2954 εἴρηται,
1413 2884 1516 2954 τῆς
1539 2884 1770 2954 τοπικῆς

179 2971 606 3042 λαμϐανομένης
651 2973 892 3043 σχέσεως
936 2975 1230 3046 ἀμφότερα
1263 2975 1362 3046 μὲν
1390 2975 1566 3029 ταῦτα
1595 2992 1770 3046 προσ-

182 3063 548 3132 σημαίνονται
580 3065 685 3117 ὑπὸ
709 3065 808 3135 τῆς
841 3064 986 3137 [τοῦ]
1017 3066 1120 3119 ποῦ
1158 3067 1529 3137 κατηγορίαςο
1569 3066 1771 3138 μᾶλλον

179 3157 239 3209 δὲ
286 3157 383 3227 τὴν
438 3157 778 3230 ἐμπεριοχὴν
840 3160 1282 3230 προσσημαίνειν
1348 3161 1526 3213 ἔοικεν
1581 3161 1615 3231 ἢ
1671 3159 1770 3232 τὴν

180 3253 480 3322 περιοχήνο
515 3249 751 3323 πρώτως
781 3251 892 3323 γὰρ
920 3251 1020 3321 τὴν
1046 3251 1387 3325 ὲμπεριοχὴν
1414 3250 1770 3322 προσσημαί-

1943 2054 2000 2110 2.
2033 2051 2210 2108 Habet
2255 2059 2436 2107 autem
2481 2050 2575 2105 ubi
2624 2047 2989 2119 prbprietates
3043 2063 3278 2103 numero
3325 2058 3461 2105 tres.

1874 2146 2120 2214 Quarum
2152 2145 2325 2215 prima
2371 2152 2476 2208 est,
2510 2143 2653 2212 quod
2675 2140 2854 2196 lucum
2886 2140 3234 2211 adsigniﬁcat
3265 2158 3279 2207 ;
3335 2145 3462 2197 nam

1874 2256 2041 2310 supra
2071 2253 2195 2293 esse
2219 2237 2441 2308 proprie
2474 2245 2558 2292 est
2582 2233 2784 2290 alicubi
2811 2249 2954 2299 esse,
2991 2233 3058 2288 ad
3091 2233 3190 2289 Ubi
3212 2245 3462 2304 spectat;

1874 2332 2218 2405 adsigniﬁcat
2242 2345 2431 2385 verum
2474 2329 2651 2384 locum
2715 2326 3038 2398 quemdam,
3091 2325 3347 2382 videlicet
3383 2326 3465 2380 lo-

1874 2441 1998 2481 cum
2039 2439 2362 2494 supernum.
2399 2419 2557 2474 Omni
2592 2436 2719 2474 vero
2770 2419 2890 2489 ejus
2934 2419 3133 2489 speciei
3168 2419 3282 2474 lure
3335 2434 3464 2489 pro-

1873 2518 2081 2588 prietas
2124 2515 2403 2571 convenit.
2446 2514 2631 2568 Altera
2667 2513 2971 2583 proprietas
3009 2509 3114 2574 est,
3145 2511 3294 2583 quod
3327 2528 3464 2566 cono

1875 2608 2150 2679 significat
2207 2605 2585 2660 habitudinem
2628 2599 2881 2658 localem.
2942 2599 3154 2672 Duplex
3200 2617 3328 2656 vero
3380 2601 3465 2656 est

1876 2699 2141 2756 habitudo
2181 2698 2417 2756 localis:
2455 2713 2582 2752 nam
2635 2706 2688 2752 et
2719 2683 3022 2751 'exstensio
3079 2695 3332 2765 corporis
3379 2710 3462 2748 se-

1873 2793 2115 2848 cundum
2149 2806 2314 2860 quam
2350 2805 2552 2860 corpus
2591 2785 2864 2843 contineri
2895 2796 2949 2842 et
2999 2787 3205 2842 includi
3261 2804 3290 2840 a
3337 2786 3461 2842 loco

1872 2886 2097 2952 dicitur,
2156 2883 2421 2939 habitudo
2457 2881 2648 2937 localis
2705 2877 2889 2946 fuerit,
2939 2890 2994 2934 et
3047 2880 3306 2935 similiter
3355 2880 3462 2934 luci

1873 2979 2113 3033 ambitus
2151 2977 2454 3034 secundum
2487 2991 2650 3045 quem
2687 2971 2888 3028 dicitur
2917 2987 3118 3042 corpus
3154 2971 3460 3027 continere.

1873 3070 2012 3125 Cum
2070 3070 2261 3142 igitur,
2325 3077 2385 3122 ut
2443 3068 2648 3122 dictum
2699 3075 2802 3132 est,
2855 3064 3150 3135 dupliciter
3199 3063 3464 3118 habitudo

1875 3163 2064 3219 localis
2091 3168 2366 3227 sumatur,
2405 3169 2703 3229 utrumque
2741 3158 2846 3212 hoc
2878 3172 2976 3228 per
3004 3157 3341 3226 categoriam
3365 3157 3461 3209 τοῦ

1874 3255 1964 3309 ubi
1999 3253 2372 3324 signiﬁcatur;
2410 3251 2582 3321 magis
2616 3265 2745 3304 vero
2767 3247 3078 3320 signiﬁcare
3127 3247 3342 3303 videtur
3367 3263 3465 3302 exi

181 3361 292 3397 νει·
341 3344 771 3415 συσσημαίνεται
821 3345 879 3397 δὲ
924 3345 1101 3419 ταύτῃ
1147 3344 1243 3398 καὶ
1293 3347 1324 3414 ἡ
1364 3345 1627 3416 περιοχή⁹
1675 3344 1768 3398 καὶ

1881 3344 2187 3398 tensiouem
2233 3349 2550 3397 contentam
2593 3356 2754 3410 quam
2780 3340 3046 3394 ambitum
3066 3341 3461 3394 continentem.

180 3435 346 3490 τοῦτο
370 3436 427 3489 δὲ
459 3437 521 3489 τὸ
552 3437 684 3490 ἴδιον
715 3439 879 3491 παντὶ
903 3437 1142 3508 ὑπάρχει
1177 3438 1254 3508 τῷ
1281 3437 1386 3490 ποῦ
1418 3438 1512 3489 καὶ
1541 3437 1772 3508 οὐδεμιᾷ

180 3536 318 3608 ἄλλῃ
352 3534 460 3589 τῶν
502 3534 710 3588 λοιπῶν
759 3533 916 3587 ἐννέα
951 3533 1302 3604 κατηγοριῶν
1352 3531 1504 3602 παρὰ
1541 3529 1770 3600 ταύτην.

181 3630 381 3700 Τρίτον
416 3627 545 3684 ἴδιον
565 3629 626 3682 τὸ
657 3628 807 3682 θέσιν
834 3626 956 3679 τινὰ
983 3625 1312 3697 ἀχωρίστως
1342 3623 1773 3695 παρακολουθεῖν

181 3721 370 3792 αὐτῷ’
401 3721 478 3793 τῷ
513 3721 621 3791 γὰρ
666 3720 780 3773 ὄντι
829 3718 934 3772 ποῦ
965 3719 1184 3781 πάντως
1224 3717 1420 3770 ἕπεται
1461 3715 1611 3778 θέσις
1652 3727 1768 3779 τις;

180 3812 296 3870 οἷον
322 3815 399 3886 τῷ
427 3815 540 3869 ὄντι
573 3816 686 3870 ἄνω
711 3813 744 3884 ἣ
777 3811 891 3884 (51)
921 3811 1020 3866 ὡδὶ
1056 3810 1202 3882 ἔχειν
1228 3809 1328 3881 τὴν
1356 3809 1504 3862 θέσιν
1532 3807 1640 3861 τῶν
1674 3823 1774 3877 μο-

187 3909 320 3981 ρίων
368 3909 401 3978 ἢ
451 3909 548 3962 καὶ
599 3907 692 3960 τοῦ
743 3908 866 3960 ὅλου
923 3906 957 3976 ἢ
1007 3903 1139 3958 ὡδί·
1192 3901 1290 3956 καὶ
1339 3901 1417 3971 τῷ
1460 3900 1574 3953 ὄντι
1623 3899 1774 3952 κάτω

183 4003 390 4072 ὁμοίως
410 4018 425 4032 °
492 4001 891 4072 παραπλησίως
917 4000 975 4052 δὲ
1001 4000 1096 4052 καὶ
1126 3995 1219 4049 ἐπὶ
1248 3997 1354 4049 τῶν
1382 3995 1556 4048 ἄλλων
1576 4009 1589 4022 ’
1631 3992 1772 4046 ὥστε

184 4097 273 4167 εἴη
300 4095 365 4148 ἂν
395 4093 847 4167 παρακολουθοῦν
885 4091 1051 4146 παντὶ
1088 4090 1166 4162 τῷ
1204 4089 1306 4143 ποῦ
1346 4087 1505 4141 τοῦτο
1532 4087 1590 4140 τὸ
1617 4087 1770 4140 ἴδιον.

184 4187 458 4257 Τέταρτον
507 4185 639 4238 ἴδιον
682 4183 744 4237 τὸ
790 4177 929 4236 εἶναι
977 4179 1109 4234 αὐτὸ
1143 4177 1494 4246 ἀποτέλεσμα
1523 4178 1774 4246 σώματος

184 4277 284 4330 καὶ
312 4276 482 4328 τόπου
515 4275 610 4328 τοῦ
645 4273 992 4346 περιέχοντος
1020 4270 1152 4324 αὐτό
1171 4286 1185 4300 ’
1206 4269 1327 4322 τότε
1357 4268 1466 4338 γὰρ
1497 4267 1608 4321 ἅνω
1634 4262 1775 4318 εἶναι

183 4366 528 4438 ἀπετελέσθη
561 4369 670 4421 ἀπό
696 4383 754 4419 τε
789 4365 884 4418 τοῦ
930 4365 1043 4418 ἄνω
1071 4361 1237 4415 τόπου
1275 4361 1370 4412 καὶ
1401 4357 1496 4412 τοῦ
1532 4361 1589 4411 ὲν
1625 4355 1776 4427 αὐτῷ

187 4459 475 4530 σώματος’
513 4459 606 4513 καὶ
640 4459 701 4512 τὸ
749 4457 901 4511 κάτω
941 4453 1236 4517 discum);-
1273 4449 1678 4523 παραπλησίως
1715 4448 1774 4501 δὲ

183 4555 284 4605 καὶ
316 4554 410 4605 ἐπὶ
435 4551 543 4605 τῶν
575 4552 772 4606 ἄλλων.
802 4550 893 4620 Μὴ
921 4548 1233 4602 λανθανέτω
1263 4547 1318 4600 δὲ
1349 4547 1499 4618 ἡμᾶς
1528 4543 1662 4614 (52),
1691 4543 1774 4596 ὅτι

181 4644 288 4698 τοῦ
322 4646 434 4698 ἄνω
463 4644 524 4698 τὸ
560 4645 656 4714 μὲν
683 4644 774 4696 ἐπὶ
799 4643 893 4696 τοῦ
925 4643 1092 4695 τόπου
1122 4641 1286 4712 μόνου
1313 4638 1654 4710 λαμϐάνεται
1680 4640 1775 4691 καὶ

186 4743 306 4792 ἔστι
337 4739 445 4791 τῶν
483 4739 618 4808 πρός
649 4753 734 4790 τιο
767 4737 828 4790 τὸ
877 4737 933 4789 δὲ
965 4737 1023 4789 τό
1055 4737 1112 4789 ὲν
1145 4736 1320 4806 τόπῳ,
1353 4733 1450 4787 καὶ
1485 4733 1632 4785 ἔστιν
1672 4730 1779 4785 ὑπὸ

185 4831 289 4902 τὴν
320 4829 464 4902 [τοῦ]
495 4830 597 4884 ποῦ
633 4829 970 4901 κατηγορίαν
989 4844 1003 4858 ·
1034 4828 1193 4880 τοῦτο
1226 4827 1283 4880 δὲ
1307 4827 1401 4880 καὶ
1431 4824 1773 4895 πλατύτερον

183 4923 551 4994 διηκούσατε·
590 4924 685 4976 καὶ
719 4923 778 4976 τὸ
814 4922 904 4975 νῦν
932 4921 988 4974 δὲ
1019 4919 1148 4974 ἴδιον
1176 4921 1341 4973 παντὶ
1375 4919 1454 4989 τῷ
1498 4917 1631 4971 εἴδει
1670 4918 1776 4971 ὑπ-

187 5017 352 5087 άρχει
383 5018 475 5069 καὶ
513 5016 660 5085 μόνῳ
694 5016 788 5068 καὶ
818 5015 926 5078 ἀεὶ,
961 5012 1040 5066 διὸ
1067 5013 1163 5065 καὶ
1188 5011 1561 5082 ἀντιστρέφει’
1595 5009 1776 5062 πλειό-

186 5125 301 5162 νων
329 5108 384 5161 δὲ
419 5108 588 5160 ὄντων
613 5107 722 5159 τῶν
754 5105 895 5160 κατὰ
917 5104 1194 5173 ἀπόφασιν
1223 5102 1392 5168 ἰδίων,
1416 5101 1560 5169 λέγω
1589 5101 1652 5170 δὴ
1679 5099 1773 5154 τοῦ

192 5199 274 5272 μὴ
309 5199 658 5269 ἐπιδέχεσθαι
691 5197 1043 5268 ἐναντιότητα
1076 5199 1170 5250 καὶ
1206 5196 1300 5249 τοῦ
1332 5197 1406 5268 μὴ
1441 5197 1586 5266 ἔχειν
1617 5197 1774 5249 ἐναν-

186 5293 330 5355 τίον,
369 5294 465 5344 καὶ
498 5291 592 5344 τοῦ
626 5291 702 5362 μὴ
746 5289 1094 5361 ἐπιδέχεσθαι
1124 5289 1184 5341 τὸ
1230 5287 1431 5358 μᾶλλον
1462 5290 1554 5342 καὶ
1587 5286 1648 5340 τὸ
1677 5283 1776 5359 ἧτ-

1877 3430 2152 3490 Primario
2183 3435 2328 3489 enim
2377 3433 2757 3489 extensionem
2783 3441 3095 3488 contentam
3149 3431 3462 3504 signiﬁcat;

1874 3525 2328 3596 consigniﬁcatur
2358 3536 2540 3579 autem
2577 3538 2686 3578 una
2711 3539 2837 3578 cum
2877 3524 2970 3578 illa
3019 3524 3186 3578 etiam
3219 3521 3462 3578 ambitus

1876 3619 2183 3673 continens.
2251 3614 2380 3672 Hzec
2401 3631 2533 3671 vero
2563 3617 2874 3688 proprietas
2905 3616 3055 3672 omni
3093 3617 3352 3671 convenit
3383 3611 3465 3686 τῷ

1878 3710 1971 3766 ubi
2010 3721 2064 3765 et
2101 3718 2310 3780 praeter.
2349 3709 2494 3764 hanc
2520 3708 2657 3762 nulli
2715 3704 2872 3763 alteri
2903 3723 2968 3764 ex
3001 3708 3230 3779 reliquis
3266 3724 3464 3764 novem

1877 3804 2190 3874 categoriis.
2233 3799 2415 3856 Tertia
2447 3801 2753 3872 proprietas
2783 3809 2888 3868 est,
2955 3803 3103 3871 quod
3155 3801 3332 3872 ipsum
3365 3817 3465 3871 μοι

1879 3897 2007 3951 sitio
2058 3897 2308 3966 quaedam
2341 3911 2437 3950 seu
2472 3895 2613 3950 situs
2661 3888 3104 3964 inseparabiliter
3161 3897 3462 3967 sequitur;

1877 3992 2106 4047 omnino
2134 3992 2278 4046 enim
2317 3989 2367 4045 id
2418 3989 2564 4060 quod
2597 4004 2724 4044 vere
2757 3998 2841 4043 est
2880 3984 3081 4043 alicubi
3136 3987 3248 4054 ubi,
3282 3988 3468 4058 sequi-

1878 4094 1966 4140 tur
1995 4085 2242 4156 quazdam
2286 4084 2529 4154 positio;
2560 4081 2725 4137 Veluti
2784 4081 2836 4136 id
2900 4081 3044 4152 quod
3095 4083 3349 4151 superius
3382 4093 3468 4139 est

1877 4179 1962 4234 vel
1995 4181 2100 4235 hoc
2132 4180 2215 4235 vel
2243 4181 2352 4234 alio
2387 4180 2550 4234 modo
2582 4178 2787 4232 habere
2836 4176 3166 4248 positionem
3221 4177 3461 4248 partium

1882 4272 1966 4324 vel
2031 4271 2197 4326 etiam
2265 4271 2480 4338 totius;
2515 4271 2704 4340 sicque
2763 4269 2968 4340 pariter
2996 4279 3050 4324 ct
3085 4270 3138 4324 id
3182 4271 3329 4339 quod
3382 4283 3466 4325 est

1879 4363 2159 4431 inferius;
2198 4361 2450 4419 similiter
2505 4374 2685 4418 autem
2727 4361 2779 4416 in
2835 4362 3071 4418 ceteris.
3101 4361 3259 4418 Unde
3304 4379 3467 4419 omne

1882 4459 1971 4512 ubi
2009 4457 2280 4527 ejusmodi
2317 4456 2627 4526 proprietas
2673 4457 3055 4527 consequitur.
3094 4455 3299 4523 Quarta
3333 4472 3466 4524 pro-

1882 4549 2086 4617 prietas
2148 4557 2251 4613 est,
2310 4547 2456 4618 quod
2498 4556 2578 4601 est
2624 4546 2803 4616 ipsum
2839 4546 3068 4600 effectus
3106 4547 3358 4615 corporis
3411 4555 3467 4599 et

1885 4639 1991 4695 luci
2021 4653 2218 4709 corpus
2255 4639 2629 4706 continentis;
2655 4654 2780 4692 nam
2808 4632 3063 4708 superius
3083 4653 3205 4693 esse
3234 4638 3466 4693 clm-itur

1884 4749 1950 4789 ac
1975 4734 2200 4790 resultat
2229 4747 2292 4788 ex
2340 4733 2460 4787 loco
2489 4732 2759 4802 superiori
2813 4741 2867 4786 et
2919 4749 2983 4788 ex
3037 4747 3268 4802 corpore
3318 4733 3465 4803 quod

1883 4828 1938 4881 in
1970 4842 2037 4882 eo
2067 4835 2190 4892 est;
2224 4825 2482 4880 similiter
2525 4839 2748 4896 quoque
2804 4839 2926 4880 esse
2987 4823 3255 4890 inferius;
3318 4825 3464 4880 idem

1882 4919 2096 4974 dicatur
2125 4917 2192 4973 de
2218 4916 2464 4987 reliquis.
2524 4915 2603 4971 Ne
2624 4932 2756 4972 vero
2806 4931 2908 4971 nos
2947 4915 3134 4979 lateat,
3173 4933 3336 4986 supra
3369 4933 3464 4973 su-

1883 5009 2068 5078 perius
2101 5007 2320 5077 quidem
2349 5006 2497 5061 aliud
2542 5007 2686 5062 sumi
2733 5007 2800 5062 de
2856 5007 2976 5062 loco
3013 5007 3132 5061 solo
3163 5015 3217 5062 et
3267 5024 3333 5062 ex
3378 5024 3463 5064 re-

1879 5102 2012 5156 latis
2041 5101 2105 5154 ad
2143 5098 2352 5170 aliquid
2387 5115 2530 5165 esse,
2561 5100 2706 5154 aliud
2740 5108 2922 5153 autem
2968 5099 3164 5154 inloco
3191 5109 3243 5154 et
3265 5100 3463 5155 cadere

1884 5193 1990 5251 sul)
2021 5194 2356 5262 categoriam
2389 5191 2482 5247 τοῦ
2515 5195 2630 5248 ubi.
2668 5193 2782 5271 Hoc
2809 5209 2938 5248 vero
2954 5193 3068 5263 jam
3093 5192 3272 5250 fusius
3307 5193 3464 5248 audi-

1883 5289 2063 5344 vistis.
2105 5287 2231 5344 llzec
2287 5303 2439 5351 vero,
2479 5288 2545 5342 de
2569 5303 2674 5357 qua
2719 5304 2864 5342 nunc
2894 5282 3130 5358 agimus,
3155 5287 3463 5358 proprietas

1711 5402 1939 5456 ΝΟΤΑέ.

276 5525 380 5595 (26)
413 5524 546 5579 Cod.
578 5525 929 5594 τεταγμένον.

271 5594 380 5664 (27)
415 5596 560 5649 Fort.
599 5597 667 5648 τὰ
686 5597 822 5648 αὐτὰ
861 5612 908 5648 s.
935 5594 1125 5650 ταύτά.

271 5601 353 5664 (27
415 5601 560 5649 Fort.
599 5601 667 5648 τὰ
686 5601 822 5648 αὐτὰ
861 5612 908 5648 s.
935 5601 1125 5650 ταῦτα.

270 5601 381 5736 (ὶὸ)
407 5666 554 5720 Fort.
591 5667 1007 5739 προσημαίνειν,
1037 5667 1472 5738 consignillcatc,
1526 5667 1768 5739 adsigni-

194 5735 384 5802 ﬁcare,
417 5752 523 5792 non
554 5735 993 5807 praesigniﬁcare.

1953 5527 2063 5593 (‘29)
2099 5525 2217 5579 Vat.
2251 5529 2331 5580 τό.

1957 5598 2069 5664 (.30)
2105 5597 2264 5668 Calil'.
2308 5599 2366 5650 ἐν
2399 5601 2648 5668 περιοχῇ.

1955 5669 2066 5738 (ει)
2098 5667 2257 5738 cani:
2283 5669 2385 5736 Ap.
2415 5669 2467 5738 ἡ.

1959 5732 2070 5808 (52)
2104 5732 2251 5792 Fort.
2293 5732 2456 5806 ὑμᾶς,
2493 5750 2551 5794 ιιι
2583 5738 2708 5793 alibi
2742 5738 2872 5794 etin
2902 5738 3282 5803 sequentibus.
