3908 6214
449 320 551 383 807
1606 314 1867 376 ΡΗΟΤΙΙ
1897 313 2035 375 ῬΑῚ

2143 311 2409 372 ARCH/E
2442 311 2550 375 CP.
3618 312 3735 375 StB

445 441 594 499 omni
629 440 831 510 speciei
882 438 1143 495 convenit
1182 446 1239 494 et
1286 437 1387 494 soli
1416 447 1471 492 et
1520 452 1739 505 semper
1768 450 1783 499 ;
1811 434 1956 488 unde
1974 441 2028 487 et

2143 446 2241 494 ιον,
2286 428 2502 483 καὶτοῦ
2538 426 2613 498 μὴ
2646 427 2831 497 ὅμοιον
2858 426 2952 481 καὶ
2981 425 3239 499 ἀνόμοιον
3279 426 3543 497 λέγεσθαι
3568 470 3586 495 ,
3632 432 3739 482 καὶ

444 535 805 591 convertitur.
841 532 979 586 Cum
1038 546 1169 585 vero
1216 530 1403 602 plures
1447 530 1559 584 sint
1589 527 1833 597 ejusdem
1865 540 2033 595 nega-

2143 521 2313 575 Ξλλων
2345 519 2620 590 ἀπείρων’
2672 522 2787 583 τοῖς
2834 522 3231 589 καταφατικως
3268 520 3487 591 ῥηθεῖσι
3526 539 3588 574 τε
3636 526 3737 577 καὶ
3774 568 3795 587 ,

446 632 571 684 tiva:
612 627 998 698 pr0prietates,
1051 625 1307 679 videlicet
1335 622 1480 692 quod
1516 637 1624 676 non
1671 619 1867 688 recipit
1893 633 2033 673 con-

2143 612 2501 685 ἑξευρεθεῖσιν
2535 611 2824 683 ἀρκεῖσθαι
2851 611 3035 684 δεήσει
3064 613 3126 666 τὸ
3154 612 3489 685 ἀφιλόσοφόν
3528 631 3591 667 τε
3632 617 3736 670 καὶ

444 721 781 775 trarietatem
826 725 881 771 et
928 731 1037 771 non
1092 715 1256 770 habet
1298 712 1669 776 contrarium,
1714 708 1862 780 quod
1918 723 2026 762 non

2143 706 2392 776 περιττὸν
2422 705 2863 760 ὑπεκκλίνουσιν.

444 809 685 864 admittit
717 809 894 880 magis
932 816 987 862 et
1021 808 1227 872 minus,
1294 804 1439 875 quod
1485 820 1592 859 non
1643 803 1843 857 dicitur
1918 800 2099 855 simile
2135 809 2190 855 et
2244 800 2537 866 dissimile,
2589 801 2823 870 aliaeque
2866 799 3117 867 inﬁnita},
3170 801 3324 857 hisce
3356 801 3737 865 amrmativis,

443 916 566 970 quae
598 900 757 955 dictae
816 908 871 955 et
934 909 1163 969 repertae
1215 905 1365 963 sunt,
1410 894 1766 965 acquiescere
1822 889 2098 963 oportebit
2138 905 2234 946 eos
2264 890 2357 961 qui
2415 892 2600 946 minus
2655 890 3039 962 philosophica
3072 906 3137 947 ac
3194 895 3477 964 superﬂua
3513 896 3740 949 evitare

550 997 684 1048 lent.

550 1004 562 1039 Ι
668 1035 684 1048 .

443 1004 988 1158 StuLcmouazsno
1029 1084 1241 1143 CXLVI
1269 1082 1462 1157 [οοεει.
1498 1079 1810 1151 CLXXXI].

829 1183 906 1237 De
931 1198 989 1237 eo
1022 1180 1165 1251 quod
1199 1190 1276 1235 est
1310 1179 1474 1233 situm
1502 1192 1635 1231 esse.

2170 1120 2191 1151 Α,
2632 1078 2969 1131 ΕΡΩΤΗΣιΣ
3022 1079 3223 1147 FMG".

2618 1170 2759 1238 Περὶ
2808 1170 2917 1224 τοῦ
2962 1169 3222 1226 κεῖσθαι.

1538 1319 1679 1369 Nunc
1708 1315 1921 1381 primum
1942 1313 2079 1364 edita
2105 1325 2133 1361 a
2163 1312 2223 1362 D.
2246 1310 2679 1374 Hergenroether.

516 1461 571 1516 1.
615 1457 791 1511 Situm
822 1469 947 1509 esse
985 1463 1067 1508 est
1093 1453 1144 1506 in
1178 1466 1267 1517 eo,
1303 1450 1450 1521 quod
1481 1459 1664 1518 partes
1696 1447 1762 1501 ad
1792 1444 2025 1500 invicem

443 1551 611 1606 situm
679 1547 921 1615 aliquem
1000 1542 1360 1615 (positionem
1418 1539 1743 1612 quamdam)
1800 1538 2026 1593 habent.

2215 1439 2280 1494 α’.
2307 1438 2539 1494 Κεῖσθαι
2569 1439 2626 1492 δέ
2655 1441 2771 1494 ἐστι
2797 1441 2859 1493 τὸ
2882 1439 3034 1494 θέσιν
3054 1440 3177 1497 τινὰ
3193 1442 3331 1514 πρὸς
3349 1443 3560 1515 ἄλληλα
3582 1446 3742 1515 ἔχειν

2135 1531 2206 1586 τὰ
2231 1533 2399 1604 μόρια
2418 1548 2432 1563 ο
2462 1532 2562 1604 τῆς
2578 1532 2636 1586 δὲ
2667 1532 2872 1591 θέσεως
2895 1536 2928 1603 ἡ
2961 1534 3063 1606 μέν
3091 1536 3240 1589 ἐστιν
3263 1536 3739 1610 ἀσύνθετος,ἦτις

446 1641 598 1695 Situs
641 1652 774 1692 vero
801 1636 943 1691 alius
988 1649 1097 1689 non
1131 1640 1218 1689 est
1263 1631 1625 1703 compositus,
1684 1628 1779 1699 qui
1808 1626 2029 1699 proprie

2143 1626 2341 1697 κυρίως
2376 1624 2602 1695 λέγεται
2627 1626 2725 1680 καὶ
2755 1604 2973 1693 στάσις,
2999 1628 3034 1700 ἡ
3057 1627 3115 1681 δὲ
3145 1630 3210 1682 ὲκ
3244 1629 3542 1701 διαφόρων,
3587 1604 3671 1694 ῶς
3698 1634 3736 1702 ἡ

444 1733 609 1788 etiam
650 1739 827 1786 status
885 1726 1098 1797 (statio)
1156 1724 1481 1795 appellatur,
1516 1722 1656 1778 alius
1689 1735 1821 1776 vero
1852 1735 1917 1774 ex
1942 1717 2027 1772 di-

446 1825 622 1880 versis
643 1831 748 1888 est,
781 1820 949 1876 veluti
1005 1818 1292 1874 reclinatio
1322 1826 1375 1871 et
1405 1815 1621 1883 sessio;
1661 1815 1708 1870 si
1746 1829 1873 1869 vero
1903 1812 2028 1876 hoc,

2130 1720 2422 1784 ἀνάκλισις
2458 1720 2553 1773 καὶ
2580 1720 2613 1791 ἡ
2643 1717 2914 1791 καθέδραο
2962 1722 3009 1773 εἰ
3043 1720 3101 1774 δὲ
3150 1721 3315 1776 τοῦτο
3338 1764 3353 1787 ,
3387 1722 3573 1776 καὶτὸ
3606 1726 3737 1777 κεῖ-

2133 1813 2254 1866 σθαι
2289 1812 2399 1884 ἄρα
2428 1812 2462 1885 ἢ
2493 1812 2794 1866 ἀσυνθέτου
2832 1811 3037 1877 θέσεως
3069 1812 3414 1886 ἀπετελέσθη
3451 1815 3484 1887 ἢ
3510 1817 3575 1869 ἐκ
3606 1835 3741 1870 συν-

444 1918 609 1973 etiam
636 1917 797 1971 situm
823 1930 934 1969 esse
963 1913 1046 1967 vel
1073 1929 1141 1968 ex
1171 1914 1278 1969 situ
1305 1910 1449 1967 haud
1482 1906 1797 1977 composito
1822 1905 1902 1960 vel
1960 1919 2028 1959 ex

2143 1905 2473 1975 τεθειμένης.
2509 1904 2631 1957 Ἔτι
2665 1904 2722 1958 δὲ
2756 1904 2857 1974 τῆς
2884 1904 3088 1969 θέσεως
3128 1907 3161 1977 ἠ
3197 1907 3302 1975 μέν
3326 1908 3443 1961 ἐστι
3471 1907 3582 1959 τῶν
3624 1924 3736 1979 με-

445 2006 756 2076 composito
797 2006 1055 2059 ell‘eetum
1101 2013 1207 2059 est.
1265 2001 1540 2057 Praeterea
1572 2000 1714 2055 situs
1763 1997 1905 2053 alius
1935 2011 2030 2052 so-

446 2101 622 2155 larum
658 2098 895 2169 partium
932 2106 1017 2151 est
1053 2105 1104 2150 et
1141 2112 1248 2151 non
1301 2096 1493 2161 totius,
1533 2094 1682 2148 velut
1720 2091 1918 2146 raritas
1978 2096 2033 2144 et

445 2189 824 2251 eondensatio,
856 2188 1121 2257 asperitas
1149 2194 1202 2240 et
1233 2184 1479 2249 laevitas;
1512 2183 1655 2237 alius
1696 2196 1825 2236 vero
1864 2178 2031 2233 totius

445 2285 733 2348 duntaxat,
782 2289 842 2333 ut
882 2278 1168 2333 reclinatio
1190 2287 1243 2332 et
1285 2277 1460 2332 sessio
1486 2274 1687 2347 (neque
1711 2273 1859 2327 enim
1902 2285 2032 2341 pars

446 2376 647 2430 dicitur
677 2351 867 2429 sedere
892 2370 977 2426 vel
1000 2370 1258 2425 reclinata
1291 2384 1437 2434 esse,
1484 2369 1579 2424 sed
1622 2369 1853 2435 totum);
1889 2365 2032 2420 alius

444 2481 669 2522 rursum
696 2472 750 2519 et
783 2462 952 2518 totius
970 2468 1024 2516 et
1053 2460 1291 2531 partium
1315 2458 1601 2525 est,veluti
1626 2455 1789 2510 statio
1813 2453 2033 2524 proprie

443 2561 612 2624 dicta,
642 2572 764 2627 qua:
796 2563 877 2611 est
915 2553 1193 2610 rectitude
1231 2567 1294 2606 ac
1322 2561 1472 2606 recta
1508 2549 1708 2620 positio
1742 2558 1858 2603 tum
1906 2561 2034 2616 par-

443 2652 582 2706 tium
615 2663 728 2705 tum
786 2646 970 2701 totius.
1011 2644 1266 2701 Attamen
1308 2644 1360 2698 id
1397 2641 1547 2713 quod
1581 2641 1749 2697 situm
1807 2648 1893 2695 est
1946 2637 2031 2692 vel

443 2742 672 2799 omnino
726 2750 975 2796 erectum
1028 2748 1113 2792 est
1169 2745 1224 2791 et
1275 2736 1479 2790 dicitur
1536 2743 1703 2800 stare,
1784 2732 1870 2786 vel
1928 2731 2031 2785 hac

443 2846 713 2894 creetum,
757 2831 850 2885 illa
892 2845 1022 2884 vero
1054 2836 1208 2899 parte
1238 2826 1586 2890 reclinatum,
1616 2835 1668 2880 et
1715 2824 1918 2879 dicitur
1947 2839 2033 2879 se-

2134 1997 2244 2069 ρῶν
2275 1997 2456 2068 μόνων
2486 1997 2583 2051 καὶ
2630 1997 2690 2050 ού
2736 1996 2833 2049 τοῦ
2878 1996 3037 2062 ὅλου,
3070 1996 3145 2063 ὡς
3188 2000 3224 2069 ἡ
3276 1998 3518 2069 μάνωσις
3554 2001 3653 2053 καὶ
3697 2000 3734 2067 ἡ

2133 2087 2575 2159 πύκνωσις,ῆτε
2620 2089 2902 2161 τραχύτης
2937 2090 3033 2143 καὶ
3065 2092 3100 2161 ἡ
3145 2091 3393 2163 λειότηςο
3445 2095 3479 2164 ή
3525 2093 3583 2147 δὲ
3625 2093 3732 2148 τοῦ

2132 2181 2255 2235 ὅλου
2290 2181 2477 2252 μόνου,
2503 2182 2581 2246 ὡς
2609 2183 2642 2254 ἠ
2672 2182 2957 2247 ἀνάκλισις
2984 2185 3081 2238 καὶ
3105 2186 3137 2254 ἡ
3160 2186 3405 2255 καθέδρα
3422 2184 3502 2258 (ού
3530 2187 3641 2259 γὰρ
3666 2188 3736 2240 τὸ

2136 2275 2304 2348 μέρος
2333 2275 2552 2346 λέγεται
2582 2275 2913 2342 καθέζεσθαι
2959 2278 2994 2350 ἢ
3032 2280 3451 2344 ἀνακεκλίσθαι,
3492 2282 3631 2337 ἀλλὰ
3667 2283 3735 2335 τὸ

2132 2368 2255 2423 ὅλον
2274 2373 2313 2438 ·)
2332 2371 2366 2439 ὴ
2399 2369 2457 2423 δὲ
2485 2368 2582 2423 τοῦ
2612 2387 2672 2422 τε
2697 2370 2818 2423 ὅλου
2846 2372 2942 2424 καὶ
2967 2370 3077 2425 τῶν
3103 2372 3310 2445 μερῶν,
3341 2373 3417 2438 ὡς
3450 2376 3485 2446 ή
3517 2375 3733 2446 κυρίως

2132 2459 2401 2533 λεγομένη
2430 2462 2642 2525 στάσις,
2682 2462 2807 2532 ἥτις
2836 2463 2988 2517 ἐστὶν
3012 2464 3244 2536 ὀρθότης
3268 2467 3362 2521 καὶ
3390 2466 3502 2521 τῶν
3535 2468 3730 2540 μερῶν

2133 2555 2229 2610 καὶ
2275 2553 2371 2608 τοῦ
2397 2554 2554 2609 ὅλουο
2590 2556 2685 2610 καὶ
2719 2558 2908 2627 μέντοι
2938 2556 3001 2611 τὸ
3042 2559 3359 2632 κείμενονῆ
3394 2562 3574 2631 πάντη
3612 2559 3730 2632 ὥρ-

2134 2647 2306 2702 θωται
2333 2647 2429 2703 καὶ
2457 2647 2677 2718 λέγεται
2703 2648 2978 2718 ἵστασθαι,
3010 2650 3044 2724 ἢ
3087 2651 3165 2721 πῆ
3201 2651 3301 2723 μὲν
3326 2650 3603 2725 ὤρθωται,
3646 2655 3729 2725 πῆ

2132 2740 2189 2793 δὲ
2225 2740 2511 2807 κέκλιται,
2551 2741 2647 2795 καὶ
2675 2741 2895 2811 λέγεται
2923 2742 3199 2813 καθῆσθαι
3224 2761 3237 2775 ⁸
3272 2746 3365 2799 καὶ
3395 2746 3481 2814 εἴη
3515 2746 3583 2800 ἂν
3606 2748 3727 2816 εἴδη

2133 2834 2310 2889 ταῦτα
2333 2834 2426 2888 τοῦ
2453 2836 2708 2889 κεῖσθαι·
2736 2837 2798 2891 τὸ
2826 2837 3252 2905 ἁνακεκλίσθαι,
3284 2841 3346 2893 τὸ
3377 2840 3603 2895 ἑστάναι
3630 2843 3731 2894 καὶ

444 2926 575 2981 dere
602 2943 617 2992 ;
650 2924 767 2979 haec
800 2937 932 2994 ergo
955 2923 1166 2992 species
1191 2920 1396 2973 fuerint
1424 2919 1545 2986 ejus
1580 2919 1724 2987 quod
1757 2928 1843 2972 est
1865 2920 2029 2973 situm

2143 2929 2197 2980 τὸ
2237 2927 2547 2999 καθῆσθαι’
2590 2930 2652 2982 ού
2705 2930 2870 3000 μόνον
2920 2929 2978 2983 δὲ
3009 2930 3182 2984 ταῦτα
3227 2932 3294 2986 ἂν
3338 2934 3424 3005 εἴη
3465 2934 3580 3005 εἴδη
3630 2932 3729 2985 τοῦ

445 3036 613 3075 esse:
650 3018 976 3074 reclinatum
1036 3029 1181 3078 esse,
1224 3022 1371 3069 stare
1426 3025 1591 3082 atque
1644 3012 1855 3075 sedere,
1888 3018 2033 3065 atta-

449 3127 571 3166 men
598 3125 705 3163 non
758 3109 873 3163 haec
903 3115 1140 3169 tantum,
1195 3119 1383 3158 verum
1420 3103 1585 3158 etiam
1625 3104 1733 3157 alia
1785 3102 2030 3168 inﬁnita;

447 3203 720 3274 protinus,
751 3217 804 3255 v.
838 3215 946 3271 ειη,
987 3213 1175 3252 rarum
1201 3206 1254 3253 et
1294 3198 1527 3252 densum
1576 3205 1629 3250 et
1655 3195 1877 3260 similia,
1911 3209 2035 3266 qua

447 3296 553 3349 sita
577 3308 698 3348 esse
717 3290 999 3358 dicuntur,
1040 3303 1219 3360 neque
1248 3296 1395 3344 stare
1418 3302 1595 3357 neque
1627 3288 1893 3342 reclinata
1914 3301 2037 3343 esse

448 3386 534 3443 vel
577 3386 766 3442 sedere
796 3384 1090 3451 dicuntur;
1143 3391 1385 3437 attamen
1441 3391 1495 3436 et
1554 3380 1672 3435 hinc
1720 3380 1826 3436 sub
1882 3378 2033 3434 illam

449 3479 688 3550 speciem
719 3475 886 3547 hujus
936 3474 1227 3546 categoriae
1251 3474 1448 3529 cadere
1489 3473 1768 3538 videntur,
1813 3486 1934 3541 quae
1961 3472 2038 3528 si-

448 3581 563 3626 tmn
583 3570 817 3642 partium
848 3571 915 3625 ad
935 3569 1195 3634 invicem,
1218 3584 1326 3623 non
1354 3582 1486 3622 vero
1516 3566 1682 3621 totius
1709 3566 2035 3635 positionem

447 3665 707 3721 ostendit.
758 3663 917 3731 Quod
948 3674 1132 3719 autem
1155 3663 1356 3717 raritas
1384 3670 1439 3716 et
1469 3660 1829 3715 condensatio
1856 3675 1920 3715 ac
1953 3660 2034 3715 si-

447 3756 601 3810 milia
623 3755 767 3810 haud
792 3756 901 3809 sint
941 3757 1111 3809 totius
1153 3752 1560 3824 positiones,ex
1589 3766 1654 3806 eo
1674 3751 1860 3822 liquet,
1889 3751 2037 3822 quod

448 3849 615 3903 unius
640 3847 999 3917 ejusdemque
1030 3846 1199 3900 totius
1227 3845 1338 3901 duo
1368 3844 1506 3899 situs
1540 3844 1704 3898 statui
1732 3843 1877 3898 haud
1912 3859 2037 3915 pos-

448 3948 618 4006 sunt;
648 3939 705 3993 in
740 3955 849 3993 uno
876 3953 1006 3993 vero
1030 3939 1335 4007 eodemque
1365 3944 1477 3989 tum
1504 3936 1703 3992 raritas
1725 3946 1838 3990 tum
1874 3935 2038 3992 statio

448 4034 823 4102 reperiuntur.
838 4028 1315 4096 Quemadmodum
1332 4044 1459 4083 vero
1485 4043 1677 4083 omnes
1689 4036 1874 4099 partes
1904 4042 2035 4097 pro-

447 4124 626 4194 priam
656 4134 889 4195 possunt
931 4121 1135 4175 habere
1182 4121 1417 4191 ﬁguram
1441 4130 1637 4190 praeter
1679 4135 1823 4186 eam,
1866 4134 2036 4190 quam

384 4260 388 4265 .
450 4216 615 4272 habet
644 4224 842 4281 tomm,
866 4213 963 4282 ,ita
996 4212 1201 4269 eaedem
1237 4222 1291 4267 et
1321 4214 1601 4283 preprium
1642 4213 1810 4269 situm
1835 4212 2040 4268 habere

2138 3018 2377 3086 κεῖσθαι,
2408 3020 2545 3075 ἀλλὰ
2574 3021 2669 3075 καὶ
2702 3022 2839 3077 ἄλλα
2870 3022 3104 3094 ἄπειρα⁹
3134 3024 3336 3079 αὐτίκα
3369 3026 3502 3094 γοῦν
3530 3026 3591 3080 τὸ
3623 3046 3731 3097 μα-

2136 3112 2230 3167 νὸν
2264 3114 2360 3166 καὶ
2389 3112 2597 3167 πυκνὸν
2634 3115 2728 3167 καὶ
2754 3114 2823 3168 τὰ
2853 3116 3019 3187 ὅμοια
3051 3118 3269 3170 κεῖσθαι
3300 3117 3572 3189 λεγόμενα
3600 3119 3730 3172 οὔτε

2140 3203 2394 3259 ἵστασθαι
2422 3203 2696 3274 λέγονται,
2726 3205 2857 3260 οὔτε
2885 3208 3280 3263 ἁνακεκλίσθαι
3307 3210 3341 3282 ἢ
3369 3211 3729 3276 καθέζεσθαι·

2137 3296 2224 3363 εἴη
2268 3297 2315 3351 δ’
2357 3297 2424 3353 ἂν
2470 3298 2648 3354 ταῦτα
2679 3299 2773 3353 ὑπ’
2800 3302 2980 3355 ἐκεῖνο
3016 3302 3112 3355 τοῦ
3146 3303 3385 3369 κεῖσθαι,
3420 3304 3450 3358 δ
3478 3304 3577 3375 τὴν
3615 3305 3730 3360 τῶν

2141 3389 2325 3460 μερῶν
2369 3390 2534 3459 μόνον
2580 3391 2717 3463 πρὸς
2758 3391 2967 3465 ἄλληλα
2988 3433 3006 3459 ,
3035 3392 3152 3449 ἀλλ’
3180 3396 3301 3466 ούχὶ
3335 3396 3437 3468 τὴν
3467 3396 3563 3450 τοῦ
3603 3398 3729 3451 ὅλου

2140 3480 2288 3534 θέσιν
2318 3482 2648 3554 ὑποφαίνει·
2695 3485 2777 3539 ὅτι
2815 3485 2872 3539 δὲ
2901 3487 2934 3556 ἡ
2967 3487 3210 3557 μάνωσις
3238 3490 3330 3542 καὶ
3370 3490 3402 3559 ἡ
3447 3487 3729 3553 πύκνωσις

2138 3575 2235 3628 καὶ
2266 3574 2334 3628 τὰ
2363 3576 2528 3646 ὅμοια
2553 3577 2654 3632 ούκ
2696 3580 2804 3632 είσὶ
2829 3578 2926 3632 τοῦ
2957 3579 3080 3633 ὅλου
3117 3579 3320 3645 θέσεις,
3350 3580 3508 3652 δῆλον
3536 3584 3602 3635 ἐκ
3628 3582 3729 3635 τοῦ

2142 3668 2219 3738 μὴ
2247 3667 2559 3739 ἐνδέχεσθαι
2602 3670 2698 3724 δύο
2732 3670 2912 3735 θέσεις
2956 3667 3102 3727 εἷναι
3136 3674 3233 3726 τοῦ
3278 3674 3446 3727 αὐτοῦ
3485 3676 3581 3728 καὶ
3612 3675 3731 3741 ἑνὸς

2139 3762 2287 3828 ὅλου,
2342 3762 2697 3834 εὑρίσκεσθαι
2745 3765 2803 3818 δὲ
2848 3766 2907 3818 ἐν
2955 3766 3037 3818 ἐνὶ
3066 3770 3163 3821 καὶ
3202 3765 3281 3838 τῷ
3331 3768 3482 3839 αὐτῷ
3530 3772 3633 3840 τήν
3669 3787 3731 3822 τε

2144 3855 2390 3924 μάνωσιν
2420 3855 2601 3909 καὶτὸ
2636 3857 2890 3912 έστάναι’
2927 3857 3120 3929 ῶσπερ
3144 3859 3201 3913 δὲ
3226 3861 3506 3933 ἐνδέχεται
3549 3863 3728 3916 πάντα

2141 3946 2211 3998 τὰ
2243 3945 2383 4018 μέρη
2419 3947 2567 4017 ἔχειν
2596 3948 2731 4002 ἴδιον
2764 3949 2950 4022 σχῆμα
2980 3954 3133 4023 παρὰ
3166 3953 3229 4006 τὸ
3261 3953 3356 4007 τοῦ
3389 3954 3728 4018 ὅλου,οὓτως

2141 4038 2425 4108 ἐνδέχεται
2456 4039 2602 4109 ἔχειν
2649 4042 2789 4096 αὐτὰ
2833 4043 2933 4097 καὶ
2965 4044 3104 4099 ἰδίαν
3135 4044 3287 4100 θέσιν
3316 4048 3466 4117 παρὰ
3498 4048 3598 4119 τὴν
3631 4049 3725 4103 τοῦ

2142 4128 2304 4182 ὅλου’
2333 4130 2443 4184 τῶν
2471 4130 2528 4183 δὲ
2565 4133 2842 4204 κειμένων
2868 4135 2939 4188 τὰ
2992 4135 3093 4206 μὲν
3137 4136 3301 4205 φύσει
3336 4136 3465 4207 ἔσχε
3506 4137 3569 4190 τὸ
3617 4141 3726 4191 κεί-

2145 4221 2292 4283 σθαι,
2323 4221 2399 4285 ὡς
2427 4223 2487 4276 τὸ
2515 4225 2685 4294 μανὸν
2716 4227 2812 4279 καὶ
2840 4226 2904 4280 τὸ
2944 4230 3150 4281 πυκνόν
3174 4229 3187 4282 l
3213 4229 3281 4281 τὰ
3311 4229 3369 4282 δὲ
3408 4230 3727 4301 προαιρέσει

449 4321 705 4383 possunt,
739 4320 939 4381 praeter
993 4325 1118 4365 eum
1171 4325 1335 4379 quem
1364 4309 1527 4365 habet
1574 4319 1770 4366 totum.
1829 4309 2035 4365 Eorum

2149 4313 2225 4378 ὡς
2254 4315 2317 4369 τὸ
2342 4316 2434 4369 τὸν
2467 4317 2756 4389 ἄνθρωπον
2785 4320 3119 4386 καθέζεσθαι
3138 4338 3153 4353 ο
3179 4322 3250 4375 τὰ
3265 4322 3322 4376 δὲ
3346 4322 3507 4393 τέχνῃ
3526 4364 3541 4383 ,
3566 4324 3643 4389 ὡς
3669 4324 3730 4377 τὸ

450 4420 580 4459 vero
623 4419 747 4474 quae
788 4404 957 4459 situm
984 4402 1205 4464 habent,
1244 4401 1351 4457 alia
1402 4413 1599 4457 natura
1628 4402 1882 4458 eumdem
1917 4417 2035 4458 sor-

2143 4405 2236 4458 τὸν
2282 4406 2577 4477 ἀνδριάντα
2619 4409 2915 4466 ἵστασθαι·
2949 4412 3019 4466 τὰ
3046 4412 3103 4467 δὲ
3141 4412 3284 4487 τύχῃ
3305 4456 3321 4482 ,
3352 4414 3426 4479 ὡς
3452 4414 3603 4469 τόνδε
3635 4417 3726 4469 τὸν

452 4494 551 4550 tita
580 4503 731 4559 sunt,
778 4494 944 4548 veluti
992 4507 1178 4546 rarum
1219 4500 1274 4547 et
1326 4494 1559 4547 densum
1596 4492 1747 4557 ;alia
1783 4494 2042 4560 arbitrio,

2142 4497 2293 4553 λίθον
2320 4502 2557 4555 πεσόντα
2585 4501 2683 4556 ὡδὶ
2709 4504 2946 4559 κεῖσθαι.

449 4602 501 4641 e.
541 4602 651 4656 gr.,
678 4585 955 4640 hominem
987 4583 1217 4651 sedere;
1251 4583 1359 4639 alia
1396 4592 1534 4651 arte,
1564 4598 1615 4639 e.
1660 4598 1780 4656 gr.;
1803 4592 2047 4643 statuam
2088 4598 2236 4648 stare
2262 4609 2280 4661 ;
2305 4594 2411 4649 alia
2439 4595 2663 4651 fortuna
2691 4612 2788 4652 seu
2819 4612 2974 4665 casu,
3017 4613 3070 4654 e.
3138 4615 3246 4670 gr.,
3286 4600 3452 4655 talem
3490 4600 3725 4671 lapidem

449 4679 735 4749 delapsum
764 4677 869 4732 hac
899 4677 1112 4732 ratione
1133 4677 1342 4747 jacere.

520 4771 578 4826 2.
609 4768 901 4840 Proprium
943 4784 1074 4824 vero
1109 4778 1193 4824 est
1228 4770 1370 4839 ejus,
1425 4768 1575 4838 quod
1600 4768 1769 4825 situm
1800 4778 1912 4838 est,
1943 4776 2040 4828 de-

450 4861 791 4919 nominative
843 4876 876 4915 a
930 4861 1041 4917 situ
1098 4862 1227 4930 (seu
1281 4859 1581 4930 positione)
1643 4860 1772 4916 dici.
1824 4862 1872 4917 Α
1922 4880 2041 4920 ses-

450 4959 606 5013 sione
633 4955 783 5012 enim
811 4954 1014 5010 dicitur
1044 4954 1256 5017 sedere,
1292 4962 1346 5008 et
1392 4968 1422 5007 a
1449 4953 1687 5008 statione
1712 4964 1883 5021 stare,
1919 4966 1972 5010 et
2011 4972 2042 5011 a

452 5048 815 5105 reclinatione
852 5047 1178 5103 reclinatum
1205 5061 1350 5111 esse,
1401 5055 1568 5117 atque
1598 5046 1653 5101 in
1687 5048 1812 5104 aliis
1844 5049 2040 5104 simili-

453 5156 554 5203 ter.
580 5144 761 5212 Quare
776 5152 828 5199 et
853 5143 905 5197 in
926 5142 1129 5213 quibus
1151 5141 1486 5211 positionum
1511 5157 1619 5196 non
1646 5151 1773 5197 sunt
1796 5144 2041 5211 nomina,

453 5256 633 5308 neque
699 5237 1011 5309 specierum
1065 5235 1285 5305 jacendi
1343 5250 1543 5290 nomen
1600 5236 1773 5293 adest.
1821 5236 2037 5294 Etenim

454 5334 585 5389 huic
628 5332 726 5388 tali
773 5327 1225 5401 conligurationi,
1256 5328 1407 5383 verbi
1460 5331 1633 5400 gratia
1681 5332 1922 5388 cornicis
1946 5343 2043 5387 aut

454 5420 681 5477 alterius
710 5419 1038 5489 cujusquam
1065 5416 1182 5472 avis
1215 5417 1427 5471 nullum
1459 5428 1637 5474 exstat
1670 5435 1892 5486 nomen,
1913 5421 2040 5491 quia

453 5530 557 5570 nec
588 5513 715 5570 huic
760 5513 855 5568 tali
886 5510 1149 5584 positioni
1195 5520 1375 5566 exstat
1421 5525 1666 5579 nomen;
1718 5528 1823 5582 qua
1883 5513 1939 5568 in
1983 5530 2043 5570 re

458 5620 561 5661 nec
593 5605 842 5677 auspices
864 5604 1024 5659 nobis
1051 5600 1499 5672 rel‘ragabuntur.
1538 5602 1743 5658 Dantes
1782 5605 1927 5658 enim
1958 5605 2042 5659 ni-

458 5694 571 5747 mio
628 5696 809 5750 studio
866 5695 1055 5767 ﬁguris
1107 5692 1429 5748 animalium
1483 5692 1710 5747 nomina
1763 5695 1848 5751 vel
1876 5697 2042 5751 etiam

458 5787 790 5857 positionum
850 5789 1072 5846 nomina
1122 5786 1275 5858 prius
1324 5785 1632 5856 assignant,
1688 5786 1771 5842 vel
1812 5803 1843 5843 a
1884 5789 2041 5847 nobis

2213 4774 2289 4846 β’.
2335 4775 2493 4829 Ἔστι
2522 4774 2580 4830 δὲ
2613 4775 2744 4831 ἴδιον
2770 4776 2864 4831 τοῦ
2896 4778 3112 4832 κεῖσθαι
3140 4793 3201 4833 το
3235 4778 3589 4851 παρωνύμως
3621 4782 3729 4835 ἀπὸ

2137 4868 2240 4939 τῆς
2276 4868 2479 4934 θέσεως
2506 4869 2764 4939 λέγεσθαι
2786 4886 2800 4900 ο
2828 4870 2939 4925 ἀπό
2977 4889 3038 4924 τε
3080 4874 3193 4943 γὰρ
3232 4874 3332 4943 τῆς
3359 4874 3636 4946 καθέδρας
3670 4875 3730 4928 τὸ

2141 4959 2471 5024 καθέζεσθαι
2506 4960 2729 5031 λέγεται
2754 5001 2769 5027 ,
2799 4964 2893 5015 καὶ
2920 4963 3030 5017 ἀπὸ
3069 4963 3175 5034 τῆς
3211 4966 3457 5029 στάσεως
3484 4967 3546 5019 τὺ
3572 4969 3730 5020 ἵστα-

2145 5053 2290 5117 σθαι,
2323 5054 2419 5107 καὶ
2440 5054 2549 5107 ἀπὸ
2570 5054 2674 5125 τῆς
2706 5054 3048 5119 ἀνακλίσεως
3079 5055 3141 5109 τὸ
3173 5058 3572 5112 ἀνακεκλίσθαι
3593 5078 3609 5091 ·
3636 5061 3731 5113 καὶ

2148 5144 2242 5197 ἐπὶ
2271 5144 2380 5201 τῶν
2418 5145 2595 5201 ἄλλων
2617 5145 2879 5211 ὡσαύτως
2902 5165 2917 5179 ·
2946 5148 3028 5203 διὸ
3060 5149 3158 5203 καὶ
3190 5151 3250 5205 ὲν
3281 5145 3365 5214 οἷς
3396 5150 3505 5204 τῶν
3532 5151 3731 5206 θέσεων

2153 5239 2228 5310 μή
2264 5241 2414 5294 ἐστιν
2444 5239 2713 5310 ὀνόματα,
2736 5242 2858 5296 οὐδὲ
2885 5242 2995 5297 τῶν
3030 5245 3191 5298 εἰδῶν
3219 5244 3314 5299 τοῦ
3341 5247 3559 5300 κεῖσθαί
3585 5250 3733 5302 ἐστιν

2148 5333 2353 5401 ὄνομα·
2390 5332 2487 5386 καὶ
2519 5333 2628 5403 γὰρ
2651 5334 2730 5406 τῷ
2766 5335 2955 5407 τοιῷδε
2988 5338 3362 5410 σχηματισμῷ
3391 5341 3440 5393 εί
3471 5341 3612 5412 τύχῃ
3640 5343 3733 5407 τῆς

2150 5426 2398 5499 κορώνης
2429 5429 2463 5498 ἢ
2494 5428 2659 5481 ἄλλου
2689 5429 2837 5493 τινὸς
2869 5431 2972 5485 ούκ
3001 5431 3150 5485 ἔστιν
3181 5431 3352 5504 ὄνομα
3380 5433 3471 5488 διὰ
3504 5436 3567 5487 τὸ
3602 5436 3733 5506 μηδὲ

2151 5518 2249 5589 τῆς
2282 5518 2540 5591 τοιαύτης
2574 5519 2779 5585 θέσεως
2805 5520 2978 5593 ὄνομα
3024 5518 3166 5578 εἶναι
3200 5527 3296 5578 καὶ
3348 5527 3732 5582 οἰωνοσκόπων

2150 5612 2283 5680 ἡμῖν
2328 5611 2390 5665 οὐ
2438 5612 2874 5683 διενεχθήσονται
2930 5616 3155 5681 παῖδες·
3208 5617 3445 5681 διδόντες
3503 5619 3616 5692 γὰρ
3670 5625 3731 5675 ὲκ

2152 5700 2354 5773 πολλῆς
2389 5700 2703 5773 φιλοτιμίας
2730 5707 2840 5768 τοῖς
2882 5706 3129 5779 σχήμασι
3162 5709 3269 5763 τῶν
3303 5710 3459 5777 ζώων
3491 5714 3729 5785 ὀνόματα

2148 5795 2182 5862 ἢ
2220 5798 2314 5850 καὶ
2344 5797 2454 5852 τῶν
2486 5796 2692 5852 θέσεων
2740 5800 3149 5871 προδεδώκασιν
3178 5806 3211 5875 ἢ
3245 5806 3430 5868 λαϐεῖν
3459 5807 3571 5861 alat
3602 5808 3727 5877 παρ’
