3908 6214
213 332 326 398 809

974 337 1077 396 AD
1114 330 1707 398 AMPIHLOCHIUM
1763 328 2112 401 QUIESTIO
2139 331 2385 393 CXLVI.
2435 332 2716 392 CXLVIL

3365 331 3475 395 810

216 446 380 517 ἡμῶν
406 444 580 515 ἔνοχοι
605 460 621 475 ·
644 443 782 498 ἀλλά
818 444 945 513 περὶ
981 444 1080 514 μὲν
1109 442 1316 496 τούτων
1345 443 1404 495 ἐν
1433 440 1637 501 ἄλλοις.
1657 437 1784 492 Δεύ-

1897 439 2138 494 mutuari
2166 449 2453 510 coguntur.
2515 439 2715 495 Verum
2776 440 2844 496 de
2900 440 2985 496 bis
3022 439 3173 495 alibi.
3222 442 3474 498 Secunda

211 554 375 609 τερον
402 536 459 590 δὲ
490 536 618 590 ἴδιον
642 535 736 589 τοῦ
768 535 983 589 κεῖσθαι
1028 535 1090 587 τὸ
1136 535 1338 605 ὁμοίως
1387 534 1641 603 λέγεσθαι
1671 533 1793 586 κατ’

214 629 381 685 αὑτό·
410 628 612 699 ὁμοίως
645 627 753 699 γάρ
795 627 1069 700 καθῆσθαι
1094 627 1329 698 λέγομεν
1362 628 1455 681 καὶ
1498 626 1792 697 ἀνομοίως,

214 721 313 774 καὶ
346 719 737 774 ἀνακεκλίσθαι
766 720 969 790 ὁμοίως
998 720 1093 772 καὶ
1126 720 1419 790 ἀνομοίως.
1444 719 1637 786 Τρίτον
1663 718 1794 771 ἴδιον

212 810 278 865 τὸ
329 809 399 863 τά
450 809 766 879 ἀναγόμενα
825 809 916 862 ὑπ’
961 808 1130 880 αὐτὴν
1176 809 1251 881 μὴ
1302 810 1443 863 κατά
1488 809 1582 863 τὸν
1629 808 1795 862 αὐτὸν

210 899 513 969 ἀνάγεσθαι
563 901 799 972 τρόπον·
853 900 913 953 τὺ
952 900 1052 971 μὲν
1098 900 1207 973 γάρ
1250 901 1522 972 καθῆσθαι
1556 901 1792 974 πρώτως

212 994 477 1061 ἀνάγεται
508 992 613 1045 ὑπὸ
641 992 702 1045 τὸ
731 992 948 1047 κεῖσθαι
1002 992 1097 1047 καὶ
1138 993 1254 1048 ἔστι
1289 994 1498 1067 κυρίως
1539 995 1790 1050 κεῖσθαι·

209 1083 275 1136 τὸ
319 1083 376 1137 δὲ
422 1083 787 1154 καθεζόμενον
828 1086 932 1138 ὑπὸ
974 1086 1035 1140 τὸ
1083 1087 1297 1141 κεῖσθαι
1346 1086 1564 1155 λέγεται
1593 1088 1794 1157 ἀνάγε-

211 1174 362 1241 σθαι,
411 1174 495 1228 ὅτι
522 1174 627 1228 ὑπὸ
652 1175 715 1229 τὸ
744 1176 998 1247 κείμενον
1043 1177 1306 1247 ἀνάγεται
1351 1177 1608 1250 πρώτως,
1654 1179 1791 1250 ὅπερ

209 1265 330 1319 ἐστὶ
384 1266 669 1337 σύστοιχον
715 1267 796 1338 τῷ
859 1269 1111 1322 κεῖσθαι·
1153 1269 1417 1334 ὡσαύτως
1463 1271 1519 1324 δὲ
1575 1272 1674 1326 καὶ
1730 1270 1793 1325 τὸ

211 1356 506 1426 ἱστάμενον
533 1359 629 1412 καὶ
657 1358 717 1411 τὸ
746 1359 1180 1429 ἀνακεκλιμένον
1222 1360 1326 1414 ὑπὸ
1359 1362 1421 1414 τὸ
1452 1362 1667 1416 κεῖσθαι
1704 1362 1793 1416 λέ-

208 1466 403 1517 γονται
451 1450 792 1519 ἀνάγεσθαι,
840 1453 922 1506 ὅτι
978 1453 1087 1506 ὑπὸ
1153 1452 1214 1506 τὸ
1277 1453 1562 1525 σύστοιχον
1623 1455 1788 1509 αὐτοῦ

209 1542 447 1615 πρώτως
502 1545 828 1611 ἀνάγονται·
891 1546 987 1600 καὶ
1042 1546 1202 1619 δῆλον
1254 1548 1576 1616 κάντεῦθεν,
1624 1550 1652 1602 ὃ
1698 1550 1791 1604 καὶ

209 1636 561 1708 προείρηται,
604 1640 685 1691 ὅτι
734 1638 791 1691 αἱ
820 1638 1145 1711 κατηγορίαι
1190 1640 1251 1694 οὐ
1280 1641 1500 1706 πάντως
1549 1660 1790 1713 κατηγο-

210 1726 431 1796 ροῦνται
477 1726 553 1790 ὡς
580 1730 650 1781 τά
680 1727 836 1800 γένη.
870 1728 1143 1801 Τέταρτον
1197 1730 1330 1784 ἴδιον
1359 1729 1455 1783 τοῦ
1482 1733 1700 1785 κεῖσθαι
1727 1733 1789 1785 τὸ

212 1819 566 1891 ἀποτέλεσμα
596 1815 736 1874 εἶναι
773 1821 907 1875 αὐτὸ
934 1821 1036 1892 τῆς
1076 1822 1278 1886 θέσεως
1331 1825 1427 1877 καὶ
1470 1819 1532 1878 οὗ
1574 1827 1721 1879 ἐστιν
1754 1827 1785 1896 ἡ

208 1908 361 1975 θέσις
380 1928 394 1942 ·
434 1913 529 1965 καὶ
557 1912 643 1982 εἴη
672 1912 738 1967 ἃν
769 1914 977 1985 κυρίως
1009 1913 1141 1967 ἴδιον
1166 1915 1249 1968 ὅτι
1280 1916 1375 1969 καὶ
1403 1918 1784 1989 ἀντιστρέφει·

205 2003 347 2076 ὅπερ
375 2004 483 2078 γάρ
514 2005 632 2060 ἐστι
666 2007 917 2072 κεῖσθαι,
968 2008 1078 2063 άπό
1124 2025 1185 2061 τε
1228 2010 1332 2080 τῆς
1372 2010 1572 2075 θέσεως
1604 2008 1789 2068 καὶῖοῦ

206 2097 356 2150 ἐστιν
400 2100 432 2168 ἡ
477 2098 625 2162 θέσις
675 2098 1046 2171 ἀπετελέσθη·
1101 2102 1196 2155 καὶ
1245 2103 1383 2175 ὅπερ
1418 2104 1537 2157 ἐστὶ
1591 2106 1786 2170 ταῦτα,

207 2189 422 2242 κεῖσθαί
452 2192 590 2245 ἐστι.
617 2193 728 2245 Καὶ
756 2193 884 2264 περὶ
914 2192 1015 2262 μὲν
1041 2194 1137 2265 τῆς
1168 2194 1370 2261 θέσεως
1396 2196 1571 2251 ταῦτα
1593 2215 1607 2229 ·
1638 2198 1709 2252 τά
1731 2198 1789 2251 δὲ

208 2280 353 2332 κατά
387 2280 666 2350 ἀπόφασιν
714 2281 822 2335 ἴδια
869 2281 1100 2336 πλεῖστά
1131 2300 1193 2351 γε
1229 2284 1359 2336 ὄντα
1406 2285 1503 2338 καὶ
1548 2285 1651 2338 οὐκ
1698 2284 1794 2338 ἐπὶ

209 2371 347 2424 πολὺ
379 2373 629 2442 χρήσιμα
657 2415 673 2437 ,
710 2373 886 2436 ἄλλως
917 2391 979 2427 τε
1005 2373 1064 2428 δὲ
1098 2377 1193 2430 καὶ
1227 2375 1532 2448 εὐπόριστα
1556 2377 1790 2431 κάνθάδε

206 2462 650 2535 παραλελείφθω.

734 2599 1074 2652 ΕΡΩΤΗΣΙΣ
1106 2601 1310 2669 ΡΜΖη,

761 2712 903 2766 Περὶ
930 2711 1037 2766 τοῦ
1072 2729 1143 2766 πε
1156 2714 1236 2768 τέ.

1898 532 2207 601 proprietas
2236 548 2250 585 :
2281 533 2537 587 similiter
2583 532 2687 587 dici
2723 547 2787 587 ac
2824 531 3195 590 dissimiliter.
3226 532 3475 592 Dicimus

1896 624 2043 680 enim
2075 624 2325 680 similiter
2346 626 2533 681 sedere
2554 641 2618 680 ac
2646 625 3013 688 dissimiliter,
3043 634 3098 681 et
3123 626 3477 683 discumbere

1896 718 2151 774 similiter
2223 730 2389 790 atque
2458 718 2819 775 dissimiliter.
2902 717 3085 774 Tertia
3142 721 3473 788 proprietas,

1895 812 2040 881 quod
2075 827 2198 882 quae
2248 812 2318 866 ad
2366 811 2512 866 istud
2569 812 3050 882 praedicamentum
3111 814 3474 879 reducuntur,

1895 918 2004 957 non
2098 903 2287 956 eodem
2364 904 2703 958 reducuntur
2778 902 2965 959 modo.
3050 902 3251 960 Sedere
3325 905 3470 959 enim

1894 996 2070 1067 primo
2110 995 2391 1052 reducitur
2424 995 2493 1051 ad
2525 995 2695 1051 situm
2747 1009 2870 1051 esse
2902 1004 3093 1066 estque
3139 996 3358 1068 proprie
3388 996 3473 1066 ja-

1894 1103 2039 1153 cere,
2064 1103 2159 1144 seu
2185 1089 2349 1142 situm
2372 1103 2495 1142 esse
2519 1103 2533 1148 ;
2553 1088 2749 1143 sedens
2775 1102 2907 1143 vero
2959 1086 3026 1141 ad
3056 1086 3241 1158 jacere
3271 1086 3475 1142 dicitur

1894 1180 2104 1246 reduci,
2144 1180 2274 1251 quia
2329 1179 2586 1251 adjacens
2640 1180 2818 1250 primo
2863 1179 3169 1244 reducitur,
3215 1181 3362 1250 quod
3418 1181 3473 1235 in

1892 1274 2085 1330 eadem
2116 1283 2201 1330 est
2228 1274 2393 1337 serie,
2416 1288 2524 1343 qua
2553 1281 2607 1329 et
2630 1274 2855 1341 jacere;
2910 1273 2983 1328 ita
3012 1283 3066 1328 et
3094 1284 3245 1329 stans
3275 1283 3330 1329 et
3359 1275 3474 1329 dis-

1894 1368 2161 1423 cumbens
2193 1366 2260 1421 ad
2285 1367 2469 1436 jacere
2509 1366 2769 1420 dicuntur
2801 1364 3010 1429 reduci,
3048 1366 3178 1435 quia
3212 1366 3280 1419 ad
3317 1365 3475 1419 aﬁine

1893 1461 2015 1531 ejus
2046 1460 2226 1530 primo
2256 1459 2630 1523 reducuntur;
2692 1466 2858 1526 atque
2909 1455 3038 1511 hinc
3082 1456 3245 1510 etiam
3294 1454 3471 1509 mani-

1896 1551 2095 1607 fcstunt
2150 1552 2229 1617 ﬁt,
2283 1551 2426 1620 quod
2484 1558 2539 1604 et
2600 1557 2763 1603 antea
2794 1548 3003 1603 dictqu
3038 1547 3164 1613 fuit,
3199 1547 3467 1617 praedica-

1893 1656 2078 1698 menta
2130 1660 2236 1699 non
2284 1643 2512 1698 omnino
2559 1641 2846 1713 przedicari
2900 1651 2952 1696 ut
3010 1655 3231 1711 genera.
3265 1637 3476 1704 Quarta

1826 1778 1867 1834 Β
1895 1738 2228 1808 proprietas,
2287 1737 2467 1808 ipsum
2498 1752 2621 1792 esse
2648 1736 2903 1792 effectum
2934 1736 3097 1800 situs,
3128 1742 3180 1788 et
3210 1733 3328 1802 ejus
3378 1747 3475 1786 cu-

1890 1833 1983 1903 jus
2017 1832 2158 1888 situs
2186 1841 2311 1897 est;
2341 1831 2487 1901 quod
2537 1831 2703 1885 etiam
2758 1844 2886 1884 vere
2944 1827 3113 1882 fuerit
3150 1826 3475 1897 preprium;

1896 1944 2026 1983 nam
2060 1937 2116 1984 et
2153 1928 2512 1984 convertitur.
2545 1924 2703 1991 Quod
2729 1923 2874 1978 enim
2892 1922 3193 1991 estjacere,
3221 1928 3276 1974 et
3303 1934 3332 1971 a
3365 1917 3473 1972 situ

1892 2031 1948 2075 et
1970 2019 2149 2083 abeo,
2209 2018 2369 2088 cujus
2416 2025 2502 2072 est
2536 2016 2700 2080 situs,
2753 2012 3009 2069 ellectum
3064 2021 3171 2073 est,
3220 2020 3275 2063 et
3325 2007 3470 2076 quod

1892 2113 2007 2168 haec
2045 2112 2226 2177 habet,
2248 2112 2433 2182 jacere
2465 2118 2575 2165 est.
2622 2109 2805 2179 Atque
2840 2110 2953 2161 haec
2986 2106 3052 2161 de
3079 2105 3210 2158 situ.
3243 2099 3470 2170 Propria

1893 2215 2076 2260 autem
2133 2203 2405 2272 negativa,
2468 2217 2594 2257 cum
2661 2199 2911 2271 plurima:
2968 2197 3078 2251 sint
3139 2209 3239 2248 nec
3290 2190 3473 2244 multae

1891 2297 2168 2364 utilitatis,
2198 2304 2256 2350 et
2284 2294 2627 2363 caeteroquin
2662 2291 2823 2348 facile
2861 2290 3041 2360 colligi
3093 2294 3317 2356 qucaut,
3368 2283 3473 2336 ltoc

1888 2386 2053 2441 etiam
2084 2384 2209 2439 loco
2236 2381 2565 2437 omittimus.

2068 2601 2399 2672 QUESTIO
2437 2599 2673 2657 CXLVII
2713 2598 2907 2671 [CoisL
2940 2591 3265 2664 CLXXXII].

2102 2718 2179 2772 De
2212 2718 2423 2772 ouando
2447 2733 2539 2772 seu
2589 2717 2653 2770 de
2682 2715 2949 2771 cateaoria
2982 2713 3251 2780 temporis.

1255 2868 1397 2920 Nunc
1421 2871 1632 2934 primum
1656 2875 1784 2925 edita
1811 2891 1838 2926 a
1866 2878 1920 2927 ι).
1957 2877 2384 2940 Hergenroether.

278 2996 429 3052 Ποτὲ
461 2996 520 3052 δέ
554 2998 673 3051 ὲστι
704 2998 765 3050 τὸ
792 2999 851 3051 ἐν
882 2999 1062 3070 χρόνῳ
1109 2994 1272 3056 εἶναι.
1317 3001 1448 3072 Εἴδη
1501 3003 1559 3055 δὲ
1618 3004 1784 3057 αὐτοῦ

201 3091 443 3145 τοσαῦτα
463 3132 479 3159 ,
514 3090 615 3144 ὅσα
647 3089 969 3145 ὑποτίθεταί
1018 3108 1100 3155 τις
1129 3086 1271 3147 εἶναι
1303 3095 1395 3147 καὶ
1426 3096 1519 3148 τοῦ
1553 3094 1745 3166 χρόνου
1770 3112 1783 3125 ·

204 3186 255 3236 εἰ
287 3184 383 3254 μὲν
427 3183 537 3255 γάρ
579 3183 909 3255 συναριθμεῖ
931 3201 1013 3248 τις
1041 3184 1217 3238 καὶτὸ
1246 3184 1363 3250 νῦν,
1389 3187 1509 3240 ἐστὶ
1536 3188 1665 3259 τρία
1687 3203 1702 3219 ·
1735 3189 1785 3242 εἰ

203 3277 263 3329 δὲ
287 3278 384 3347 μὴ,
416 3278 554 3347 ὅπερ
588 3278 684 3332 καὶ
712 3276 1049 3347 ἀληθὲς,δύο
1070 3294 1083 3308 ’
1116 3278 1177 3331 τό
1200 3296 1260 3331 τε
1292 3280 1350 3333 ἐν
1386 3281 1784 3351 παρεληλυθότι

206 3364 349 3421 εἷναι
381 3370 476 3421 καὶ
504 3370 562 3421 ὲν
615 3367 888 3438 μέλλοντι.
918 3368 1042 3422 Ἔτι
1078 3370 1138 3422 τὸ
1166 3370 1225 3423 ὲν
1247 3371 1425 3443 χρόνῳ
1454 3366 1594 3426 εἶναι
1629 3373 1786 3441 λεγόο

208 3475 370 3529 μενον
397 3459 428 3531 ἢ
454 3461 511 3513 ἐν
547 3460 752 3531 πρώτῳ
782 3454 924 3513 εἶναι
970 3459 1194 3530 λέγεται
1225 3462 1257 3533 ἢ
1286 3464 1342 3515 ὲν
1370 3464 1609 3536 δευτέρῳ
1632 3483 1645 3496 ·
1691 3469 1786 3520 καὶ

202 3558 263 3607 ὲν
291 3554 511 3627 πρώτῳ,
540 3556 668 3610 ὅταν
693 3558 722 3610 ὁ
751 3558 943 3628 χρόνος
972 3558 1047 3628 μή
1074 3560 1191 3612 ἐστι
1231 3559 1433 3629 μείζων
1464 3562 1603 3630 μήτε
1631 3561 1787 3614 ἐλάτ-

200 3663 313 3700 των
339 3648 435 3717 τῆς
466 3652 734 3719 κινήσεως
774 3647 869 3701 τοῦ
901 3648 1199 3719 λεγομένου
1230 3652 1289 3704 ὲν
1315 3651 1465 3722 αὑτῷ
1509 3648 1649 3705 εἶναι
1671 3668 1685 3681 ⁸
1727 3655 1785 3706 ὲν

200 3740 443 3810 δευτέρῳ
484 3740 562 3806 δὲ,
612 3743 744 3796 ὅταν
873 3740 1076 3811 μείζων
1117 3743 1214 3797 καὶ
1262 3742 1785 3815 ὑπερεκτεινόμενος

201 3832 303 3901 τῆς
353 3832 653 3903 κινήσεως·
707 3833 843 3885 καθό
886 3850 1069 3904 φαμεν
1114 3835 1165 3888 εἰ
1217 3832 1374 3905 τύχοι
1431 3837 1489 3891 ἐν
1534 3840 1600 3909 τῇ
1656 3839 1785 3907 χθὲς

202 3926 388 3998 ἡμέρᾳ
415 3926 565 3980 τόνδε
596 3927 981 3999 γεγεννῆσθαι,
1003 3927 1079 4000 μὴ
1104 3927 1234 3999 ὅλης
1266 3929 1368 3999 τῆς
1401 3930 1531 4000 χθὲς
1564 3932 1783 4002 ἡμέρας

203 4012 619 4084 παραταθείσης
672 4017 739 4087 τῇ
786 4017 1041 4087 γεννήσει
1089 4016 1299 4084 αὑτοῦ,
1356 4018 1493 4074 ἀλλά
1552 4020 1783 4093 βραχέος

205 4106 306 4173 μέν
355 4122 499 4169 τινος
541 4106 909 4177 διαστήματος
956 4109 1094 4179 αὐτῇ
1131 4112 1644 4182 συμμετρηθέντος,
1685 4114 1780 4167 τοῦ

199 4198 259 4251 δὲ
283 4196 445 4251 ἀλλου
480 4197 676 4269 χρόνου
712 4200 1133 4270 ὑπερταθέντος.
1156 4201 1279 4255 Ἔτι
1307 4204 1402 4256 τοῦ
1434 4205 1566 4257 ποτὲ
1592 4208 1653 4257 τὸ
1683 4207 1783 4276 μέν

198 4291 349 4344 ἐστιν
394 4291 724 4363 ὡρισμένον,
772 4292 832 4346 τὸ
881 4292 937 4346 δὲ
978 4292 1039 4346 οὗ
1066 4308 1081 4323 ⁸
1115 4293 1420 4366 ὡρισμένον
1452 4296 1572 4366 μὲν,
1601 4298 1675 4361 ὡς
1716 4298 1780 4351 τὸ

199 4381 349 4453 χθὲς,
384 4384 647 4453 σήμερον,
685 4382 896 4455 αὔριον,
919 4384 1142 4454 πέρυσι,
1175 4387 1270 4439 καὶ
1294 4386 1363 4440 τὰ
1388 4387 1549 4456 ὃμοια
1570 4403 1582 4416 ·
1624 4388 1781 4460 ἀόρι-

1966 3005 2192 3072 Quando
2227 3015 2312 3061 est
2336 3005 2388 3060 in
2427 3014 2671 3074 tempore
2701 3018 2845 3058 esse.
2892 2999 3116 3071 Species
3147 3012 3312 3068 porro
3350 2996 3475 3066 ejus

1897 3107 1975 3152 tot
1990 3107 2136 3162 sunt,
2162 3108 2296 3168 quot
2312 3098 2436 3168 quis
2453 3098 2709 3167 supponit
2729 3106 2782 3149 et
2808 3092 3069 3163 temporis
3089 3106 3212 3146 esse
3235 3089 3469 3159 species.

1896 3188 1950 3243 Si
2003 3192 2128 3261 quis
2184 3190 2330 3246 enim
2358 3199 2413 3244 et
2440 3204 2683 3260 praesens
2720 3195 3060 3241 momentum
3088 3188 3470 3245 connumeret,

1888 3294 2051 3336 erunt
2080 3291 2188 3338 tres
2223 3300 2237 3349 ;
2270 3285 2354 3336 sin
2383 3292 2588 3347 autem,
2619 3280 2764 3350 quod
2801 3288 2855 3334 et
2883 3292 3093 3343 verum,
3130 3276 3251 3330 dua:
3280 3293 3293 3329 :
3329 3289 3466 3343 pra:-

1889 3378 2111 3431 teritum
2157 3386 2210 3431 et
2250 3376 2516 3431 futurum.
2590 3375 2719 3427 Item
2766 3372 2908 3443 quod
2957 3371 3011 3425 iu
3052 3380 3299 3439 tempore
3348 3381 3472 3423 esse

1887 3471 2111 3533 dicitur.
2147 3479 2241 3524 aut
2272 3471 2323 3523 in
2352 3469 2532 3539 primo
2560 3478 2657 3521 aut
2698 3466 2753 3518 in
2789 3464 3037 3519 secundo
3069 3478 3193 3518 esse
3225 3461 3467 3526 dicitur;

1889 3563 1943 3616 in
1980 3563 2180 3631 primo,
2216 3562 2438 3630 quando
2473 3570 2693 3629 tempus
2748 3574 2851 3613 nec
2912 3557 3092 3627 majus
3119 3566 3331 3611 estnec
3360 3556 3467 3609 mi-

1887 3672 1993 3711 nus
2029 3666 2173 3711 motu
2201 3656 2343 3726 ejus,
2375 3654 2521 3724 quod
2552 3653 2756 3707 dicitur
2787 3651 2840 3705 in
2872 3651 2963 3704 illo
2994 3666 3151 3715 esse;
3191 3651 3245 3703 in
3270 3664 3469 3703 secun-

1886 3746 1979 3811 do,
2014 3746 2234 3815 quando
2282 3745 2460 3814 majus
2511 3744 2585 3797 sit
2625 3741 2912 3812 magisque
2936 3750 3248 3805 extensum,
3300 3752 3466 3808 quam

1886 3846 2090 3891 motus.
2125 3835 2245 3901 Quo
2280 3850 2445 3889 sensu
2496 3831 2754 3894 dicimus,
2818 3848 2870 3887 e.
2932 3847 3040 3902 gr.,
3074 3830 3336 3884 hesterno
3377 3826 3468 3882 die

1886 3928 2034 3983 ltunc
2083 3926 2364 3981 hominem
2426 3933 2613 3979 natum
2662 3939 2806 3990 esse,
2855 3938 2980 3976 cum
3026 3936 3134 3974 non
3182 3928 3326 3975 totus
3349 3919 3471 3974 dies

1885 4031 2210 4077 coextensus
2270 4018 2436 4074 fuerit
2490 4018 2612 4087 ejus
2667 4014 2962 4079 nativitati,
3003 4015 3098 4070 sed
3134 4014 3298 4068 breve
3337 4027 3468 4082 spa-

1885 4112 2020 4165 tium
2053 4111 2128 4164 illi
2183 4124 2561 4165 connnensuin
2589 4108 2681 4173 sit,
2748 4105 3023 4175 reliquum
3085 4117 3215 4158 vero
3253 4113 3466 4170 tempus

1884 4213 2362 4274 superextensum.
2393 4201 2619 4271 Insuper
2640 4198 2862 4271 quando
2885 4198 3031 4252 aliud
3049 4206 3134 4251 est
3152 4195 3461 4259 deﬁnitum,

1884 4295 2031 4350 aliud
2060 4310 2188 4348 vero
2227 4310 2372 4349 non:
2403 4294 2712 4357 delinitum,
2774 4303 2835 4348 ut
2870 4290 3007 4359 beri,
3071 4288 3255 4353 hodie,
3316 4302 3463 4353 cras,

1885 4404 2030 4442 auito
2049 4387 2341 4457 superiori,
2360 4395 2417 4442 et
2446 4388 2529 4441 his
2558 4386 2794 4451 similia;
2827 4386 3195 4449 indeﬁnitum,
3228 4396 3285 4439 ut
3307 4380 3461 4449 oliui,

201 4490 328 4527 σςον
375 4475 431 4528 δὲ
471 4475 546 4539 ὡς
575 4475 635 4528 τὸ
665 4475 859 4539 πάλαι,
895 4476 1205 4547 πρόπαλαι,
1243 4477 1398 4549 ἀρτι,
1436 4480 1576 4549 μετὰ
1609 4480 1738 4533 τάδε
1760 4499 1773 4510 ·

1889 4477 2229 4546 iampridem,
2272 4491 2467 4545 nuper,
2515 4475 2887 4545 postmodum.
2945 4473 3206 4544 Spectant
3239 4474 3368 4527 item
3393 4472 3469 4527 ad

196 4576 286 4643 εἴη
319 4572 362 4625 δ’
395 4571 461 4625 ἂν
492 4572 584 4624 καὶ
610 4569 783 4624 ταῦτα
820 4570 915 4625 τοῦ
945 4571 1099 4636 ποτὲ,
1123 4571 1271 4640 λέγω
1294 4571 1358 4644 δὴ
1390 4572 1451 4625 τὸ
1478 4573 1567 4627 ὅτε
1600 4573 1693 4626 καὶ
1718 4576 1781 4626 τὸ

194 4665 320 4718 τότε
352 4664 449 4716 καὶ
483 4664 543 4717 τὸ
566 4664 832 4735 πρότερον
862 4663 957 4718 καὶ
982 4663 1231 4736 ὕστερον,
1276 4666 1372 4720 καὶ
1407 4666 1524 4736 ἃμα
1552 4666 1646 4719 καὶ
1674 4666 1778 4737 ἤδη

196 4759 295 4812 καὶ
327 4756 497 4827 βραδὺ
544 4757 640 4811 καὶ
672 4754 833 4826 ταχύ.
882 4756 1096 4810 Εἰδέναι
1133 4756 1190 4810 δὲ
1222 4756 1370 4828 χρὴ,
1414 4757 1495 4810 ὄτι
1528 4757 1589 4811 τὸ
1627 4758 1775 4828 χθὲς,

199 4849 466 4919 σήμερον,
487 4846 699 4917 αὔριον,
721 4846 898 4900 καὶτὰ
921 4849 1107 4917 ὃμοια,
1132 4846 1399 4919 ὁμώνυμά
1414 4849 1550 4902 ἐστι·
1574 4849 1652 4916 πῆ
1678 4848 1777 4918 μὲν

194 4944 309 5012 γὰρ
340 4942 533 5012 χρόνον
562 4942 722 5011 μόνον
747 4940 1001 5011 σημαίνει
1049 4940 1143 4992 καὶ
1195 4939 1345 4992 ἐστιν
1372 4938 1487 5010 εἴδη
1518 4939 1616 4992 τοῦ
1650 4940 1778 5010 χρό-

194 5053 314 5100 νου,
342 5035 418 5105 πῆ
446 5035 502 5089 δὲ
530 5034 591 5087 τὸ
624 5037 682 5087 ὲν
722 5033 898 5104 χρόνῳ
938 5028 1078 5085 εἶναι
1114 5049 1168 5084 τι
1213 5030 1310 5083 καὶ
1340 5030 1489 5084 ἔστιν
1535 5032 1651 5100 εἴδη
1684 5032 1778 5085 τοῦ

197 5129 359 5181 ποτέ·
414 5129 509 5179 καὶ
557 5125 749 5196 λέληθε
799 5124 958 5176 τοῦτο
999 5125 1094 5174 καὶ
1141 5121 1252 5175 τῶν
1297 5122 1463 5174 πάλαι
1509 5121 1779 5186 δοξάντων

199 5220 568 5290 φιλοσοφῆσαι
592 5219 693 5271 οὐκ
726 5217 962 5285 ὀλίγους.
1012 5214 1281 5285 ’Υπάρχει
1311 5214 1368 5267 δὲ
1396 5214 1473 5283 τῷ
1508 5213 1639 5267 ποτὲ
1678 5215 1780 5284 μά-

195 5318 358 5370 λιστα
390 5314 450 5367 τὸ
480 5311 911 5384 προσσημαίνειν
942 5310 1170 5379 χρόνον·
1207 5308 1286 5361 ἔτι
1331 5307 1388 5360 δὲ
1440 5307 1567 5359 ἴδιον
1608 5306 1776 5359 αὐτοῦ

194 5409 261 5463 τὸ
291 5407 644 5476 ἀποτέλεσμα
674 5402 816 5458 εἶναι
846 5403 1040 5473 χρόνου
1070 5403 1171 5456 καὶ
1194 5400 1302 5453 τῶν
1333 5399 1438 5453 ὑπὸ
1473 5401 1685 5470 χρόνον·
1719 5401 1777 5453 ἐν

195 5506 267 5573 τῇ
297 5502 435 5569 πρὸς
466 5498 603 5553 ἄλλα
635 5496 787 5566 (γὰρ
814 5494 1063 5564 τούτων)
1114 5494 1245 5563 ποιᾷ.
1275 5492 1459 5563 σχέσει
1508 5491 1777 5561 λαμϐάνει

196 5594 295 5663 τὴν
319 5590 553 5662 ὕπαρξιν
573 5605 587 5619 ·
623 5588 707 5657 εῐη
739 5587 782 5638 δ’
806 5586 872 5639 ἀν
900 5583 1047 5655 αὐτῷ
1085 5584 1322 5653 μάλιστα
1352 5583 1511 5636 τοῦτο
1539 5582 1599 5636 τὸ
1625 5584 1774 5635 ἴδιον·

200 5684 352 5756 μόνῳ
385 5700 445 5735 τε
479 5680 590 5752 γὰρ
623 5677 861 5747 ὑπάρχει
888 5676 985 5728 καὶ
1027 5675 1565 5742 ἀντικατηγορεῖται.
1613 5672 1775 5726 Ἀλλὰ

198 5790 293 5830 και
355 5774 486 5845 περὶ
537 5770 633 5825 τοῦ
683 5768 815 5823 ποτὲ
861 5766 1097 5822 τοσαῦτα
1153 5763 1311 5818 τοῦτο
1356 5767 1416 5817 τὸ
1472 5762 1770 5831 κάνταῦθα,

1885 4570 2106 4640 quando
2126 4578 2183 4624 et
2207 4568 2357 4635 haec;
2386 4567 2526 4623 dum
2559 4578 2725 4636 atque
2756 4578 2870 4622 tum
2892 4576 2946 4622 et
2979 4567 3157 4637 prius,
3188 4575 3241 4621 et
3275 4573 3461 4635 poste-

1884 4661 2022 4728 rius,
2047 4670 2103 4717 et
2133 4660 2323 4727 simul,
2353 4660 2563 4731 etjam,
2590 4672 2642 4714 et
2668 4661 2911 4724 tandem,
2929 4668 2985 4714 et
3004 4660 3131 4713 cito.
3164 4657 3461 4713 Sciendum

1883 4770 2071 4826 porro,
2120 4753 2382 4810 adverbia
2428 4754 2534 4809 ista
2569 4753 2709 4818 lteri,
2760 4752 2945 4819 hodie,
2996 4768 3121 4806 cras
3148 4760 3204 4806 et
3232 4750 3459 4814 similia,

1880 4848 2164 4918 aequivoca
2194 4862 2352 4914 esse;
2392 4847 2556 4901 modo
2594 4846 2740 4901 enim
2777 4857 2992 4915 tempus
3020 4844 3197 4899 solunt
3249 4843 3460 4912 signiﬁ-

1879 4951 2028 5005 cant,
2063 4951 2301 5010 suntque
2347 4938 2610 5009 temporis
2631 4938 2887 5009 species;
2942 4937 3105 4992 modo
3153 4936 3463 5007 signiﬁcant

1882 5034 2090 5104 aliquid
2142 5049 2265 5089 esse
2302 5034 2354 5086 in
2386 5042 2651 5101 tempore,
2687 5041 2925 5101 suntque
2959 5029 3170 5100 species
3199 5030 3461 5100 pradica-

1882 5128 2049 5182 meuti
2096 5126 2338 5196 quando.
2361 5125 2540 5193 Atque
2568 5125 2670 5178 hoc
2696 5123 2856 5178 latuit
2883 5133 3126 5178 veterum
3152 5138 3261 5176 non
3285 5120 3459 5176 inﬁmi

1883 5220 2120 5276 nominis
2177 5220 2630 5289 philosomiorum
2679 5218 2827 5272 haud
2880 5232 3108 5287 paucos.
3146 5215 3240 5271 Est
3269 5224 3455 5270 autem

1882 5313 2011 5368 huic
2040 5313 2459 5382 praedicaniento
2496 5311 2775 5380 proprium
2811 5310 3049 5365 maxime
3074 5309 3458 5380 adsigniﬁcare

1880 5416 2138 5474 tempus;
2203 5404 2333 5458 item
2382 5402 2634 5457 eﬁ‘ectum
2700 5417 2821 5457 esse
2879 5402 3139 5471 temporis
3182 5408 3453 5455 eteorum

1879 5512 2002 5566 qua:
2029 5496 2256 5565 tempori
2288 5495 2545 5551 subsunt.
2583 5494 2807 5565 llocque
2834 5494 2886 5546 in
2914 5503 3063 5549 certa
3094 5492 3331 5563 quadam
3357 5494 3454 5544 lia-

1880 5588 2127 5644 bitudine
2153 5587 2219 5640 ad
2260 5587 2366 5641 alia
2399 5586 2670 5651 consistit,
2697 5595 2891 5656 estque
2931 5586 3031 5654 ipsi
3064 5585 3300 5637 maxime
3328 5597 3456 5650 pro-

1878 5677 2056 5747 prium
2091 5693 2106 5731 :
2136 5674 2253 5730 Soli
2314 5676 2512 5729 etenim
2550 5676 2691 5728 inest
2743 5682 2796 5727 et
2862 5684 3051 5727 tnutuo
3105 5671 3447 5741 praedicatur.

1884 5768 2081 5827 Verum
2122 5776 2175 5824 et
2206 5767 2273 5823 de
2318 5768 2527 5837 quando
2581 5767 2693 5822 btcc
2733 5766 2867 5820 satis
2890 5806 2905 5833 ,
2936 5765 3157 5821 omissis
3188 5763 3446 5819 nimirum
