3836 6302
375 360 382 368 ·
431 331 531 402 811

1589 343 1846 404 ΡΗΟἜΙσΙ
1884 346 2077 406 PATR
2087 347 2388 408 [ΑΒΟΗᾹΞ
2416 350 2525 409 CP.

3571 348 3683 411 812

432 449 960 520 παραλελειμμένων
993 451 1102 506 τῶν
1133 454 1274 512 κατὰ
1305 453 1581 523 ἀπόφασιν
1628 456 1775 510 ἰδίων
1831 456 1898 511 δι’
1937 456 2005 521 ἃς

2109 460 2223 515 haec
2253 477 2476 532 quoque
2506 460 2772 531 negativis
2801 460 3222 532 proprietatibus
3255 460 3326 516 ob
3351 463 3685 531 causasjam

429 543 606 608 αἰτίας
643 544 856 616 προέφη
866 562 964 616 μεν
1006 545 1138 617 (55).

2111 549 2308 604 dictas.

1727 683 2058 750 QUAZSTIO
2087 681 2365 739 CXLVIII.

1480 854 1967 932 EDITOBIS
2064 853 2593 932 MONITUM-

494 1044 732 1112 Quaestio
767 1044 881 1100 hate
906 1044 1089 1101 locum
1107 1045 1258 1102 Pauli
1287 1047 1540 1115 ϐαίην,
1559 1051 1626 1106 15
1648 1050 1924 1121 explanat,
1951 1048 2226 1114 eumdem,
2247 1065 2411 1117 quem
2434 1050 2547 1120 jam
2574 1050 3030 1122 quinquagesima
3060 1061 3253 1121 quarta
3286 1059 3690 1124 pertractatum

423 1140 683 1195 vidimus.
721 1140 792 1194 Ea
819 1156 920 1196 nec
952 1143 1009 1195 in
1037 1141 1374 1198 Coisliniano
1406 1161 1505 1199 nec
1538 1146 1590 1199 in
1621 1145 1947 1199 Taurinensi
1978 1144 2168 1198 codice
2209 1145 2509 1199 invenitur.
2547 1144 2722 1210 Quam
2770 1160 2896 1199 cum
2939 1145 2992 1199 in
3029 1144 3182 1200 Italia
3216 1147 3324 1200 iter
3354 1154 3689 1217 pera-gentes

422 1239 610 1300 utpote
638 1232 864 1287 minoris
892 1234 1050 1303 pretii
1083 1234 1204 1289 aliis
1234 1238 1474 1290 nondum
1507 1237 1666 1298 editis
1703 1238 2132 1306 postponendam
2163 1237 2485 1292 duxerimus
2513 1245 2568 1292 et
2599 1237 2654 1290 in
2691 1236 2990 1307 propitiora
3035 1247 3279 1306 tempora
3322 1237 3690 1306 rejecerimus

425 1324 918 1388 transcribendam,
951 1326 1206 1380 ineditam
1240 1328 1420 1382 adhuc
1448 1312 1754 1400 relinquere
1787 1327 1961 1382 coacti
1997 1343 2211 1382 sumus.

493 1415 714 1471 Initium
753 1418 998 1486 ejusdem
1035 1430 1121 1475 est
1158 1420 1210 1474 in
1251 1419 1512 1477 Vaticano
1557 1424 1743 1478 codice
1789 1421 1827 1476 f.
1864 1421 2016 1487 I5l,l

2094 1421 2195 1476 τὼν
2246 1423 2275 1475 ὁ
2328 1421 2573 1486 Παῦλος,
2610 1417 2671 1475 οὗ
2719 1423 2752 1492 ἠ
2801 1421 3027 1489 γλῶσσα
3051 1421 3145 1475 τοῦ
3173 1423 3332 1491 ἁγίου
3364 1420 3690 1488 Πνεύματος

419 1511 652 1582 δργανον
717 1511 930 1578 (Dicens
964 1512 1188 1580 Paulus,
1225 1517 1375 1586 cujus
1414 1518 1596 1591 lingua
1650 1519 1820 1588 sancti
1858 1516 2016 1586 Spirit

2126 1514 2591 1583 instrumentum);
2648 1515 2770 1570 linis
2828 1531 2956 1569 vero
2992 1533 3004 1569 :
3047 1517 3116 1568 τὰ
3144 1516 3204 1569 δὲ
3252 1515 3457 1585 βιϐλία,
3485 1513 3568 1575 ὡς
3600 1516 3694 1564 καὶ

418 1605 453 1674 ἡ
497 1603 563 1670 σὴ
591 1605 952 1678 ἀρχιερατικὴ
996 1609 1272 1677 τελειότης
1331 1610 1743 1670 συνεπίσταται,
1789 1609 1928 1679 μετὰ
1987 1608 2096 1662 τῶν
2139 1608 2341 1672 ἄλλων,
2392 1607 2451 1674 ἐξ
2484 1601 2558 1662 ὧν
2594 1608 2821 1661 δυνατὸν
2854 1607 2974 1679 ζῇν,
3003 1609 3037 1678 ὴ
3064 1606 3413 1678 αἱχμαλωσία
3444 1607 3696 1674 λάφυρον

418 1690 571 1750 ἔθετο
602 1696 785 1767 (libros
825 1715 964 1765 vero,
996 1700 1130 1754 sicut
1164 1709 1214 1754 et
1248 1709 1339 1756 tua
1365 1703 1504 1755 novit
1534 1700 1855 1772 pontiﬁcalis
1883 1699 2153 1769 perfectio,
2185 1716 2291 1752 una
2315 1715 2434 1753 cum
2466 1699 2611 1763 aliis,
2645 1715 2673 1752 e
2701 1699 2891 1770 quibus
2925 1700 3088 1754 vitam
3116 1716 3270 1770 agere
3301 1699 3693 1765 potuissemus,

419 1795 700 1865 captivitas
734 1800 837 1854 sibi
865 1799 1102 1875 prtedam
1137 1801 1364 1876 rapuit).

1430 1931 1753 2001 QUIESTIO
1793 1931 2006 1990 CXLIX
2038 1930 2227 2005 [Coisl.
2281 1927 2447 1985 Taur.
2495 1926 2657 2000 CIII].

1796 2048 1870 2102 De
1902 2048 2024 2103 vitae
2064 2046 2307 2102 termino.

1121 2161 1265 2212 Edita
1287 2176 1315 2212 a
1339 2161 1466 2212 Maio
1491 2161 1660 2226 (Nom
1682 2160 1892 2211 Collect.
1917 2165 2048 2210 tomo
2069 2158 2111 2220 Ι,
2136 2172 2187 2221 p.
2212 2158 2304 2207 285
2324 2169 2431 2220 seq.
2441 2171 2456 2219 ;
2497 2157 2559 2218 Il,
2585 2172 2636 2221 p.
2659 2157 2752 2207 683
2775 2158 2857 2208 ed.
2874 2157 3037 2218 1825.)

913 2287 1108 2348 Exstat
1136 2290 1280 2345 inter
1309 2307 1470 2360 opera
1499 2289 1559 2346 S.
1590 2287 1868 2357 Germani,
1921 2288 2088 2360 hujus
2134 2287 2411 2360 Patrolog.
2451 2302 2493 2344 t.
2529 2287 2765 2355 XCVIII,
2811 2291 2918 2346 col.
2955 2290 3184 2347 9049.5.

549 2585 876 2654 ρυιΕδΤιο
911 2587 997 2643 CI.
1022 2585 1214 2660 [CoisL
1245 2587 1404 2658 CLX.
1456 2589 1622 2646 Taur.
1652 2590 1860 2665 CLIX].

855 2680 995 2768 Quot
1045 2680 1238 2760 fuerint
1281 2680 1552 2756 Sibyllae?

2009 2478 2081 2493 ν’.

2018 2587 2067 2646 Β

2632 2591 2969 2645 ΕΡΩΤΗΣΙΣ
3017 2593 3146 2647 PN'.

2460 2682 2652 2738 Πόσαι
2682 2684 2971 2738 simum
3005 2685 3328 2756 τεγόνασι;

1276 2766 1416 2826 Edita
1445 2790 1472 2825 ει
1500 2777 1556 2826 Β.
1589 2777 1653 2826 de
1687 2779 2002 2837 Montfaucon
2026 2791 2278 2856 (Biblioth.
2307 2793 2484 2859 Coist,
2505 2811 2557 2860 p.
2581 2799 2692 2860 5n,
2713 2798 2822 2848 548.

489 2855 708 2929 Sibyllre
739 2856 890 2912 fuere
909 2857 1120 2924 decem,
1152 2873 1386 2929 quarum
1430 2861 1619 2930 prima;
1653 2879 1852 2930 nomen
1875 2881 1994 2927 erat

415 2949 752 3025 Samhethe:
808 2966 926 3006 eam
983 2967 1115 3006 vero
1165 2950 1474 3007 Chaldaeum
1537 2954 1710 3012 fuisse
1768 2968 1994 3015 narrant

411 3055 661 3111 veteres;
695 3043 787 3097 alii
825 3043 1007 3114 potius
1054 3042 1363 3109 Heln-mam,
1395 3061 1517 3116 qua:
1541 3048 1707 3104 unius
1747 3067 1813 3105 ex
1864 3051 1992 3110 [iliis

412 3133 527 3190 Noe
568 3131 707 3190 uxOr
734 3135 838 3190 iuit
866 3145 1031 3204 atque
1058 3151 1166 3190 una
1196 3151 1320 3190 cum
1351 3137 1447 3191 illo
1475 3149 1531 3192 et
1560 3139 1684 3195 aliis
1717 3140 1768 3195 in
1800 3159 1987 3199 arcam

413 3227 663 3297 ingressa
702 3227 794 3282 sit.
827 3226 981 3282 Hanc
1009 3242 1136 3282 vero
1174 3241 1260 3292 ea,
1301 3244 1423 3298 quae
1449 3230 1516 3285 ad
1545 3233 1713 3288 turris
1747 3235 1987 3290 aeditica-

415 3316 620 3386 tionem
684 3317 1031 3386 spectabant,
1078 3317 1440 3372 vaticinatam
1502 3320 1712 3385 dicunt,
1776 3340 1990 3380 necnon

413 3423 502 3474 ea,
532 3423 654 3478 quae
712 3407 1030 3464 acciderunt
1061 3407 1126 3464 iis
1156 3409 1248 3478 qui
1300 3408 1354 3463 in
1390 3410 1497 3465 tale
1554 3426 1750 3468 ausum
1782 3393 1990 3484 proru-I

413 3517 582 3572 pere;
617 3501 841 3557 oracula
869 3500 1230 3566 veroludisse
1256 3500 1522 3559 Hebraica
1553 3505 1760 3576 lingua,
1799 3517 1986 3579 utpote

411 3610 536 3665 quae
562 3603 690 3650 ante
716 3593 1041 3650 divisionem
1098 3595 1410 3665 linguarum
1441 3596 1607 3652 fuerit
1639 3615 1654 3665 ;
1688 3600 1990 3669 quinetiam

411 3687 707 3764 Alexandri
731 3687 1044 3743 Macedonis
1061 3697 1214 3758 gesta
1231 3688 1573 3759 praedixisse,
1592 3691 1751 3761 cujus
1773 3708 1995 3764 quoque,

412 3779 745 3833 mentionem
774 3778 904 3834 facit
935 3777 1200 3843 Nicanor,
1235 3781 1284 3833 is
1317 3780 1413 3849 qui
1468 3781 1765 3838 Alexandri
1818 3789 1988 3840 vitam

413 3868 654 3937 scripsit.
708 3866 961 3923 Secunda
987 3883 1116 3923 vero
1164 3867 1420 3940 Libyssa,
1456 3870 1616 3940 cujus
1651 3874 1900 3928 meminit
1933 3875 1990 3933 in

412 3959 614 4023 Lamiae
646 3959 874 4030 prologo
896 3958 1184 4028 Euripides
1212 3977 1227 4014 :
1260 3975 1460 4016 nomen
1492 3970 1675 4022 autem
1715 3964 1834 4034 ejus
1877 3980 1990 4024 non

411 4053 571 4123 plane
625 4051 927 4108 declarant.
961 4052 1145 4106 Tertia
1203 4051 1425 4121 Delphis
1466 4061 1595 4108 nata
1656 4064 1760 4118 est,
1830 4057 1990 4128 cujus

2167 2879 2422 2934 Σιϐύλλαι
2476 2882 2574 2952 μὲν
2631 2881 2890 2950 γεγόνασι
2948 2879 3102 2944 δέκα,
3146 2872 3223 2933 ὧν
3277 2877 3475 2950 πρώτη
3512 2880 3688 2950 ὄνομα

2096 2969 2384 3042 Σαμϐήθη,
2417 2971 2690 3048 Χαλδαίαν
2711 2971 2768 3025 δέ
2799 2989 2963 3042 φασιν
2985 2971 3154 3044 αὐτὴν
3180 2973 3230 3024 oi
3255 2972 3481 3024 παλαιοὶ
3511 2972 3686 3040 λόγος,

2096 3065 2145 3118 ot
2171 3063 2227 3116 δὲ
2261 3063 2462 3134 μᾶλλον
2511 3063 2768 3133 Ἐϐραίαν
2789 3081 2803 3095 θ
2840 3064 2936 3116 καὶ⁵
2972 3063 3034 3133 δὴ
3064 3063 3160 3118 καὶ
3205 3063 3285 3116 ἐνὶ
3333 3063 3544 3116 παίδων
3594 3063 3686 3116 τοῦ

2094 3154 2222 3208 Νῶε
2245 3157 2326 3219 εἰς
2353 3156 2589 3226 γυναῖκα
2621 3153 2963 3226 άρμοσθῆναι
2990 3153 3084 3207 καὶ
3133 3151 3498 3206 συνεισελθεῖν
3534 3152 3687 3222 αὖτῷ

2096 3265 2157 3300 τε
2191 3248 2288 3302 καὶ
2313 3249 2428 3311 τοῖς
2457 3246 2638 3310 ἄλλοις
2662 3227 2720 3300 ὲν
2737 3249 2802 3318 τῇ
2833 3246 3073 3318 κιϐωτῷ.
3098 3246 3316 3318 Ταύτην
3336 3247 3435 3299 καὶ
3456 3246 3527 3299 τά
3555 3247 3686 3317 περὶ

2095 3339 2198 3410 τῆς
2221 3337 2612 3410 ιπυργοποιίας
2655 3338 3049 3410 χρησμῳδῆσαί
3092 3355 3245 3407 φασι,
3282 3339 3379 3392 καὶ
3430 3339 3535 3391 ὅσα
3573 3342 3686 3401 τοῖς

2093 3429 2253 3483 τοῦτο
2282 3429 2480 3499 συνέϐη
2507 3429 2846 3500 τολμήσασι·
2879 3428 3277 3502 χρησμῳδῆσαι
3308 3429 3367 3481 δὲ
3418 3429 3531 3500 πρὸ
3586 3431 3686 3498 τῆς

2093 3519 2415 3592 διαιρέσεως
2445 3520 2558 3574 τῶν
2591 3520 2850 3589 γλωσσῶν
2885 3521 3265 3592 γεγενημένην
3292 3519 3520 3596 γλώσσῃ
3547 3522 3684 3590 φασὶ

2093 3612 2163 3665 τὰ
2193 3613 2660 3685 χρησμῳδηθέντα
2680 3615 2746 3685 τῇ
2793 3611 3038 3684 Ἐϐραΐδι
3067 3628 3082 3643 ·
3104 3613 3166 3667 οὐ
3195 3613 3302 3683 μὴν
3327 3613 3406 3679 δὲ,
3430 3613 3571 3666 ἀλλὰ
3589 3613 3685 3667 καὶ

2092 3704 2162 3759 τὰ
2189 3704 2332 3759 κατὰ
2379 3705 2472 3758 τδν
2516 3704 2867 3774 Ἀλέξανδρον
2905 3705 2998 3759 τὸν
3050 3700 3340 3759 Μακεδόνα
3370 3711 3681 3781 προειπεῖν,

2091 3794 2159 3870 ἧς
2212 3797 2310 3852 καὶ
2369 3799 2591 3869 μνήμην
2645 3798 2901 3869 Νικάνωρ
2944 3799 2973 3851 ὁ
3022 3797 3114 3851 τὸν
3157 3797 3514 3868 Ἀλεξάνδρου
3568 3799 3684 3868 βίον

2093 3889 2418 3962 ἀναγράψας
2445 3888 2766 3962 πεποίηκεν.
2807 3891 3046 3961 Δευτὲρα
3069 3889 3126 3944 δὲ
3145 3889 3414 3955 Λίϐυσσα,
3445 3887 3519 3962 ἧς
3549 3893 3683 3961 μνή-

2098 4003 2205 4056 μην
2235 3984 2528 4054 ἐποιήσατο
2560 3985 2618 4036 ὲν
2645 3982 2725 4055 τῷ
2746 3983 2844 4058 τῆς
2882 3980 3114 4053 Δαμίης
3143 3984 3397 4058 προλόγῳ
3447 3983 3684 4054 Εὐριπί-

2093 4076 2190 4143 δης
2228 4074 2400 4145 ὄνομα
2445 4074 2505 4127 δὲ
2538 4069 2711 4144 αὑτῆξ
2762 4074 2823 4126 οὐ
2869 4074 3010 4127 πάνυ
3046 4067 3458 4144 σαφηνίζουσιν.
3507 4077 3680 4147 Τρίτη

410 4145 702 4200 historiam
757 4143 1080 4200 memoravit
1114 4143 1476 4215 Chrysippus.
1529 4145 1732 4212 Quarta
1781 4149 1986 4217 Italica,

2094 4143 2366 4234 45M;th
2409 4165 2466 4216 ἐν
2514 4143 2737 4232 Δελφοῖς
2789 4163 3060 4233 τεχθεῖσα,
3110 4143 3240 4234 περὶ
3291 4160 3358 4237 ἧς
3415 4143 3679 4242 ἱστόρησε

408 4254 533 4308 quas
566 4238 622 4312 in
676 4237 971 4294 solitudine
1006 4235 1177 4293 Italia:
1248 4248 1586 4294 commorata
1636 4253 1738 4297 est.
1791 4243 1989 4310 Quinta

385 4329 714 4401 Erythraea,
754 4345 876 4400 quae
904 4329 1032 4385 belli
1064 4327 1290 4400 Trojani
1350 4343 1545 4386 eventa
1581 4335 1985 4403 praenuntiavit,

406 4422 476 4476 de
497 4437 606 4492 qua
649 4421 891 4491 loquitur
917 4420 1284 4492 Apollodorus
1312 4420 1652 4494 Erythraaus.
1708 4425 1870 4482 Sexta
1902 4437 1989 4484 est

408 4515 615 4580 Samia,
648 4514 805 4583 cujus
839 4529 1040 4570 nomen
1075 4516 1357 4586 pmprium
1394 4517 1550 4572 aiunt
1596 4534 1718 4574 esse
1770 4518 1980 4592 Pytho.

406 4607 649 4678 Septima
685 4609 902 4680 Cynuea
962 4609 1046 4663 vel
1071 4607 1292 4683 Cumaea
1309 4623 1530 4678 genere,
1564 4611 1784 4666 nomine
1805 4623 1984 4666 autem

402 4696 693 4776 Amalthea
725 4699 746 4767 ;'
779 4699 872 4754 alii
904 4698 1223 4770 Erophilam
1261 4709 1483 4766 vocant,
1514 4703 1658 4770 apud
1711 4703 1983 4772 quosdam

401 4807 534 4846 vero
565 4793 707 4866 hanc
750 4791 1168 4862 appellationem
1219 4792 1416 4858 sortita
1473 4801 1558 4847 est
1606 4791 1982 4850 Taraxandra.

409 4883 668 4955 Virgilius
722 4900 889 4954 porro
919 4895 1080 4955 poeta
1127 4883 1410 4939 Romanus
1467 4883 1782 4954 Deiphoben
1861 4901 1980 4947 eam

401 4986 706 5047 nuncupat.
741 4975 947 5031 Octava
997 4987 1082 5032 est
1133 4975 1526 5046 llellespontia,
1584 4991 1707 5047 quae
1763 4978 1816 5032 in
1857 4979 1985 5040 vico

401 5067 662 5124 Marmiso
692 5079 810 5123 orta
838 5079 941 5133 est,
973 5084 1140 5138 prope
1162 5069 1419 5138 oppidum
1453 5068 1860 5140 Gergetionem,
1886 5074 1983 5141 qui

401 5159 558 5214 vicus
590 5159 720 5214 olim
755 5161 808 5213 in
839 5161 1076 5216 termino
1131 5161 1310 5230 Trojae
1347 5161 1468 5217 fuit.
1539 5161 1690 5217 Nona
1717 5164 1977 5236 Phrygia.

402 5251 628 5304 Decima
671 5249 922 5320 Tigurtia
951 5267 1168 5321 genere,
1205 5251 1428 5308 nomine
1461 5264 1648 5310 autem
1706 5255 1974 5312 Abunaza.

400 5341 511 5397 llas
539 5343 728 5397 dicunt
760 5345 959 5399 mentis
995 5345 1228 5413 impotes
1251 5343 1436 5405 futura
1465 5347 1789 5403 vaticinatus
1809 5365 1932 5404 esse
1963 5370 1978 5419 ;

400 5450 524 5489 cum
557 5445 742 5489 autem
769 5450 959 5490 earum
1001 5435 1224 5490 oracula
1258 5435 1599 5506 excipientes
1633 5440 1838 5508 scripto
1869 5449 1981 5501 tra-

2091 4255 2433 4328 Χρύσιππος.
2457 4254 2706 4327 Τετάρτη
2734 4253 3040 4332 Ίηταλικὴ,ή
3079 4257 3136 4309 ἐν
3161 4249 3367 4328 ἐρημίᾳ
3403 4257 3510 4325 τῆς
3546 4258 3680 4311 Ἰτα-

2089 4348 2210 4411 λὶας
2239 4346 2339 4418 τὴν
2361 4331 2648 4419 διατριϐὴν
2680 4330 2959 4423 ιλαχοῦσα.
2985 4330 3241 4426 ’Πέμπτη
3276 4350 3308 4420 ἡ
3351 4348 3677 4420 Ἐρυθραία,

2091 4441 2214 4512 ἥτις
2244 4440 2335 4494 καὶ
2363 4439 2433 4494 τὰ
2458 4441 2601 4494 κατὰ
2627 4439 2719 4494 τὸν
2743 4441 2988 4508 Τρωϊκὸν
3015 4442 3252 4511 πόλεμον
3281 4439 3676 4512 συνενεχθέντα

2090 4533 2517 4605 προηγόρευσεν,
2564 4533 2693 4604 περὶ
2735 4527 2804 4606 ἧς
2847 4533 3246 4610 Ἀπολλόδωρος
3285 4535 3315 4586 ὁ
3349 4535 3676 4605 Ἐρυθραῖος

2088 4624 2444 4697 διεξέρχεται.
2493 4624 2669 4693 Ἕκτη
2704 4626 2738 4696 ἡ
2786 4625 2990 4695 Σαμία,
3043 4618 3111 4697 ἦς
3156 4625 3219 4678 τὸ
3264 4624 3457 4695 κύριον
3501 4626 3674 4696 δνομα

2087 4717 2241 4771 Φυτώ
2268 4733 2453 4786 φασιν.
2493 4716 2726 4786 Ἑϐδόμη
2757 4719 2790 4788 ἡ
2829 4717 3055 4785 Κυμαία
3087 4717 3186 4793 μὲν
3207 4716 3384 4786 γένος,
3417 4719 3597 4789 ὄνομα
3621 4719 3672 4771 δὲ

2100 4809 2437 4877 Ἀμάλθεια·
2477 4811 2526 4863 οἱ
2581 4809 2639 4861 δὲ
2701 4810 3006 4881 Ἐρωφίλην
3059 4810 3227 4879 φασί·
3267 4810 3420 4888 παρά
3470 4828 3586 4864 τισι
3619 4809 3672 4865 δὲ

2089 4903 2281 4972 κλῆσιν
2300 4903 2570 4973 ἠνέγκατο
2613 4902 3014 4970 Ταραξάνδρα.
3047 4902 3317 4974 Βιργίλιος
3361 4896 3425 4957 ’δὲ
3482 4905 3512 4957 ὁ
3549 4905 3674 4957 Ῥωο

2091 4992 2264 5071 μαίων
2290 4991 2519 5064 ποιητὴς
2547 4993 2822 5065 Δηιφόὸην
2865 4993 3036 5065 αὐτὴν
3086 4993 3365 5064 ὀνομάζει.
3414 4995 3610 5066 Ὀγδόη
3639 4997 3668 5063 ἡ

2097 5085 2540 5162 Ἑλλησποντεία,
2577 5087 2700 5156 ἥτις
2728 5086 2786 5140 ὲν
2814 5085 2975 5158 κώμῃ
3003 5086 3283 5158 Μαρμισὼ
3325 5091 3424 5157 τὴν
3451 5089 3669 5154 γένεσιν

2084 5177 2242 5248 ἔσχεν
2269 5179 2396 5249 περὶ
2423 5178 2519 5248 τὴν
2551 5178 2810 5249 πολίχνην
2864 5180 3222 5250 Γεργετιόνα·
3287 5181 3392 5234 ὑπὸ
3427 5181 3530 5252 τὴν
3578 5186 3665 5236 ὲν-

2083 5269 2237 5339 ορίαν
2262 5269 2320 5322 δὲ
2349 5268 2489 5339 αὕτη
2517 5269 2643 5348 ποτὲ
2680 5271 2779 5340 τῆς
2821 5272 3019 5342 Τροίας
3058 5273 3373 5342 ἐτύγχανεν.
3410 5275 3661 5348 Ἐνάτηή

2083 5361 2313 5431 Φρυγία.
2355 5361 2478 5414 Ἐπὶ
2507 5364 2643 5416 πᾶσι
2693 5364 2920 5436 δεκάτη,
2955 5366 2988 5435 ἡ
3019 5364 3314 5435 Τιγουρτία
3348 5366 3451 5434 μὲν
3485 5367 3658 5434 γένος,

2082 5452 2252 5521 ὄνομα
2305 5452 2362 5506 δὲ
2395 5453 2703 5510 Ἀὁουναία.
2737 5455 2955 5519 Ταύτας
3007 5457 3139 5524 φασὶ
3185 5459 3294 5512 τῶν
3329 5461 3544 5529 φρενῶν
3579 5460 3661 5526 ἐξ·

400 5525 620 5591 debant,
647 5543 772 5582 cum
802 5543 912 5582 non
971 5539 1196 5598 possent
1229 5529 1319 5583 illa
1360 5529 1536 5598 perite
1565 5536 1620 5584 et
1669 5530 1790 5586 sine
1820 5531 1974 5602 lapsu
2011 5533 2016 5587 l

2094 5543 2386 5613 ισταμένας
2407 5545 2474 5600 τὰ
2502 5545 2761 5616 μέλλοντα
2789 5549 3132 5619 χρησμῳδεῖν
3151 5566 3168 5580 ·
3199 5549 3309 5602 τῶν
3339 5525 3657 5622 ὖπολαμΰα-

621 5737 1244 5832 ῡεοςοιεξςοξὶοουιξὶὶηέἓ,
1275 5752 1396 5808 quae
1433 5744 1514 5793 est
1545 5753 1604 5791 το
1641 5735 1806 5810 ἔχειν,
1835 5742 1968 5800 nihil
2002 5747 2016 5816 ι

2094 5759 2164 5806 tet
2229 5751 2470 5831 I'hutius.
2525 5753 2901 5830 Pcrtrztctatur
2962 5755 3102 5826 apud
3159 5755 3324 5827 Arist.
3384 5761 3651 5832 c.u‘lt.l:‘i

398 5807 489 5897 g9:
510 5807 573 5864 ιε
601 5815 653 5882 p.
686 5811 755 5866 at
785 5807 871 5866 ed;
896 5810 1047 5867 Paris
1087 5807 1262 5880 18t8).
