3908 6214
225 221 332 286 813
1097 222 1198 283 ΑΙ)
1231 221 1826 284 AMPHILOCHIUM
1864 219 2210 294 QU/ESTIO
2244 217 2719 280 CXLVIII-CLI.
3393 208 3498 274 8H?

226 342 428 395 νόντων
452 337 510 392 δὲ
538 340 724 410 γραφῇ
753 336 881 402 τοὺς
915 339 1222 408 χρησμοὺς,
1240 339 1340 393 ούκ
1361 339 1595 410 ἐχόντων
1621 337 1813 406 σοφίαν

1953 335 2247 398 cscribere,
2275 347 2514 402 eumque
2544 330 2682 387 alias
2711 328 2988 385 velocitati
3025 327 3304 383 dictorum
3336 343 3498 396 pares
3565 331 3583 354 ’

226 434 296 486 τὰ
319 430 794 504 χρησμῳδούμενα
828 431 1062 502 γράφειν
1099 431 1432 496 ἀπταίστως
1467 432 1642 494 ἄλλως
1671 448 1731 484 τε
1756 429 1812 483 δὲ

1956 443 2028 484 οη
2060 427 2324 482 haberent
2353 439 2571 490 manus,
2604 423 2732 479 hinc
2764 423 3053 487 accidisse,
3081 429 3142 474 ut
3167 420 3340 474 multa
3371 435 3499 473 ora-

229 528 326 578 καὶ
357 524 434 594 τῷ
459 525 612 594 τάχει
645 523 744 593 τῆς
772 525 944 595 φορᾶς
978 523 1087 576 τῶν
1122 523 1295 594 λόγων
1327 525 1426 576 οὐκ
1459 524 1694 593 ἐχόντων
1719 539 1817 575 κα-

1951 523 2037 579 ula
2074 525 2125 576 in
2165 522 2505 577 choliambos
2560 519 2930 583 deﬂecterent,
2992 533 3093 572 nec
3152 524 3391 587 possent.
3422 514 3504 566 ul-

231 614 719 686 θυπηρετουμένας
755 615 855 678 τὰς
897 617 1105 686 χεῖρας,
1140 615 1410 684 συμϐῆναι
1455 615 1684 678 πολλοὺς
1710 613 1819 667 τῶν

1951 617 2094 672 erius
2139 614 2441 671 emendari.
2479 612 2618 680 Quia
2649 612 2907 667 nimirum
2954 625 3078 665 cum
3110 609 3370 664 mulieres
3396 607 3502 659 illa:

229 709 498 781 χρησμῶν
533 710 613 773 εἰς
643 708 992 778 χωλιάμϐους
1033 708 1315 762 διαπεσεῖν
1349 709 1442 763 καὶ
1479 708 1678 779 μηκέτι
1715 725 1810 762 τυ-

1957 709 2283 763 aticinantcs
2325 708 2380 761 in
2433 703 2866 778 praenuntiandis
2897 702 3097 756 futuris
3146 700 3352 755 mentis
3394 714 3504 751 non

229 803 346 870 χεῖν
375 799 736 870 διορθώσεως.
783 800 914 854 "Are
946 800 1010 872 δὴ
1053 801 1163 853 τῶν
1210 800 1311 869 μὲν
1342 799 1690 871 χρησμῳδῶν
1713 817 1814 867 γυ-

1957 811 2202 871 ompotcs
2235 809 2439 866 essent,
2477 808 2768 870 postquam
2805 795 3134 851 vaticinandi
3173 793 3335 847 liuent
3361 789 3507 845 lece-

230 891 398 945 ναίων
428 894 486 944 ὲν
511 893 770 946 ἐκστάσει
795 891 1156 946 καθεστώτων
1177 906 1192 922 ·
1210 893 1430 946 ἐπειδὰν
1460 891 1560 962 τὴν
1589 890 1824 963 ὕπαρξιν

1956 903 2070 958 ant,
2124 893 2335 947 nullum
2386 906 2579 947 eorum
2612 907 2736 961 quae
2774 889 3030 944 dixerant
3061 901 3286 944 sensum
3336 884 3506 938 habe-

231 983 611 1054 προηγόρευον
651 983 758 1035 τῶν
806 983 1142 1054 μελλόντων·
1211 983 1579 1055 πεπαυμένων
1629 983 1686 1036 δὲ
1727 981 1823 1036 τοῦ

233 1075 632 1144 χρησμολογεῖν
663 1075 932 1145 μηδαμῶς
988 1075 1242 1146 αἴσθησιν
1277 1075 1510 1145 ἐχόντων
1562 1076 1700 1144 μήτε
1749 1067 1825 1127 ὧν

231 1163 440 1234 ἔλεγον,
475 1166 617 1236 μήτε
644 1165 697 1218 τί
720 1165 787 1219 ἂν
818 1164 1096 1236 βούλοιντο
1122 1166 1188 1219 τὰ
1218 1162 1749 1236 κεχρησμῳδημένα.

715 1277 1052 1330 ΕΡΩΤΗΣῘΣ
1076 1276 1252 1330 PNA’.

231 1372 374 1441 Περὶ
417 1371 539 1427 τῶν
563 1371 844 1443 χρήσεων
876 1371 998 1424 τῶν
1025 1371 1239 1443 ἐξίοιέν
1273 1369 1348 1439 τῇ
1389 1370 1646 1439 ἡμετέρᾳ
1669 1372 1817 1438 Γρα-

719 1442 806 1512 φῇ
833 1439 1303 1511 εὑρισκομένων.

1929 989 2079 1052 bant,
2116 1003 2297 1059 neque
2316 987 2448 1059 quid
2480 987 2584 1042 sibi
2615 987 2816 1043 vellent
2841 987 3064 1041 oracula
3093 983 3366 1040 sciebant.

1927 1277 2255 1346 QUXESTIO
2285 1279 2392 1335 CLI
2425 1278 2615 1353 [CoisL
2644 1276 2971 1341 CLXXXIII,
3010 1275 3172 1332 Tant.
3227 1273 3510 1345 CLXXII].

1930 1369 2006 1424 De
2043 1371 2392 1442 profanorum
2424 1381 2700 1425 auctorum
2742 1371 3056 1442 testimoniis
3091 1386 3208 1423 uua:
3251 1369 3304 1422 in
3343 1370 3512 1424 sacris

2429 1442 2645 1496 Litteris
2674 1441 2994 1511 allegantur.

1251 1559 1393 1611 Edita
1417 1575 1445 1610 a
1465 1560 1588 1610 Maio
1615 1561 1764 1626 (Nov.
1802 1559 1947 1622 COIL,
1983 1565 2019 1610 t.
2043 1561 2125 1618 IX,
2155 1576 2203 1626 p.
2232 1561 2343 1623 101,
2371 1560 2478 1611 102.

321 1648 520 1712 Ἰούδας
554 1649 652 1719 μὲν
677 1648 768 1702 οὖν
793 1649 822 1702 ὁ
846 1647 1145 1711 ἀπόστολος
1169 1647 1226 1699 ὲν
1249 1649 1314 1718 τῇ
1341 1646 1508 1700 αύτοῦ
1529 1647 1821 1717 Ἐπιστολῇ

2002 1645 2171 1702 Judas
2200 1647 2422 1716 quidem
2445 1645 2750 1715 apostolus,
2773 1645 2826 1700 in
2863 1661 2961 1700 sua
2987 1643 3252 1713 Epistola,
3272 1659 3335 1696 ex
3367 1641 3520 1695 libris

233 1746 301 1798 ὲκ
329 1744 434 1796 τῶν
503 1742 815 1812 λεγομένων
893 1742 1230 1812 ἀποκρύφων
1280 1740 1559 1802 Μωῦσέως
1616 1738 1823 1807 ταύτην

1951 1743 2260 1814 ipocryphis
2313 1741 2486 1812 Moysi
2541 1740 2826 1796 attributis
2889 1741 3038 1793 hunc
3085 1737 3243 1793 all‘ert
3295 1743 3514 1791 locum:

234 1837 472 1906 προάγει
529 1833 628 1905 τὴν
677 1832 869 1905 χρείαν
895 1849 910 1864 ·
985 1832 1045 1886 '0
1065 1832 1122 1884 δὲ
1157 1829 1378 1901 Μιχαὴλ
1420 1832 1448 1882 ὁ
1479 1829 1822 1902 ἀρχάγγελος

1951 1854 1954 1886 τ
1986 1833 2216 1888 Michael
2249 1832 2612 1902 archangelus
2635 1849 2758 1887 cum
2791 1831 3008 1886 diabolo
3043 1830 3328 1900 disputans
3359 1829 3526 1882 alter-

233 1930 326 1982 ὃτε
364 1929 442 2000 τῷ
487 1927 722 1995 διαϐόλῳ
774 1927 1188 1997 διακρινόμενος
1243 1924 1519 1993 διελέγετο
1573 1921 1825 1993 περὶτοῦ

238 2021 524 2084 Μωῦσέως
553 2018 828 2090 σώματος,
859 2017 958 2071 ούκ
988 2017 1257 2088 ἐτόλμησε
1288 2016 1470 2088 κρίσιν
1509 2016 1829 2083 ἐπενεγκεῖν

242 2111 617 2182 βλαστημίας,
641 2107 962 2164 ἀλλἐἴπεν·
995 2129 1014 2162 ι
1057 2111 1414 2183 Ἐπιτιμήσαι
1444 2110 1771 2181 σοιΚύριος.
1805 2129 1823 2160 ι

258 2205 347 2258 Ἑν
371 2204 428 2256 δὲ
450 2207 515 2275 τῇ
538 2205 676 2273 αὐτῇ
703 2201 994 2274 Ἐπιστολῇ
1019 2203 1128 2255 τῶν
1151 2203 1323 2273 Ἑνὼχ
1347 2202 1684 2274 ἀποκρύφων
1712 2201 1831 2254 ἑτέ-

244 2311 348 2365 ρας
382 2292 714 2365 μνημονεύει
731 2293 1038 2365 τοιαύτηςοι
1061 2293 1193 2347 Ἰδοὺ
1206 2289 1338 2365 ἦλθε
1354 2291 1559 2364 Κύριος
1579 2295 1636 2346 ἐν
1658 2292 1834 2361 ἁγίοις

245 2389 510 2457 μυριάσιν
539 2389 706 2440 αὑτοῦ
750 2387 977 2456 ποιῆσαι
1033 2387 1218 2458 κρίσιν
1267 2389 1412 2441 κατὰ
1464 2387 1705 2451 πάντων,
1741 2386 1835 2440 καὶ

245 2481 468 2548 ἐλέγξαι
529 2481 736 2543 πάντας
796 2481 924 2544 τοὺς
957 2480 1180 2543 ἀσεϐεῖς
1230 2482 1362 2549 περὶ
1388 2479 1606 2533 πάντων
1659 2479 1835 2549 ἔργων

242 2569 507 2632 ἀσεϐείας
535 2568 719 2622 αὐτῶν
746 2561 822 2622 ὧν
859 2567 1163 2639 ⁴ῐίσέϐησαν,
1197 2569 1445 2640 καὶπερὶ
1475 2569 1695 2623 πάντων
1726 2568 1836 2621 τῶν

250 2661 507 2732 σκληρῶν
537 2655 612 2715 ὧν
651 2661 918 2730 ἐλάλησαν
951 2661 1072 2714 κατ’
1137 2660 1305 2715 αύτοῦ
1355 2661 1671 2732 ἁμαρτωλοὶ
1704 2663 1838 2715 ἀσε-

252 2757 388 2819 ϐεῖς.
424 2774 443 2806 ι
466 2756 682 2816 Λουκᾶς
714 2755 772 2808 δὲ
806 2757 864 2807 ὲν
901 2755 1022 2817 ταῖς
1067 2754 1381 2808 ἀποστόλων
1418 2753 1692 2825 Πράξεσιν
1745 2753 1839 2806 τὸν

257 2846 528 2919 μακάριον
560 2847 770 2916 εἰσάγει
792 2845 1007 2900 Παῦλον
1037 2849 1103 2900 ἐκ
1123 2846 1234 2900 τῶν
1277 2847 1370 2900 τοῦ
1413 2847 1641 2919 Ἀράτου
1671 2849 1838 2919 ἡρωϊ-

256 2939 367 2992 κῶν
418 2937 616 3008 στίχων
649 2937 817 3008 μέρος
864 2955 916 2990 τι
962 2935 1100 3008 πρὸς
1129 2937 1258 2998 τοὺς
1303 2935 1622 3007 Ἀθηναίους
1655 2939 1714 2990 ἐν
1763 2936 1840 3007 τῷ

254 3031 598 3100 διαλέγεσθαι
660 3027 1067 3101 προκομίζοντα
1129 3031 1188 3082 ὲν
1225 3023 1306 3092 οἷς
1346 3044 1533 3097 φησιν,
1573 3047 1591 3079 ι
1633 3030 1721 3091 Ὠς
1747 3028 1841 3082 καί

255 3141 402 3188 τινες
456 3122 564 3176 τῶν
612 3122 736 3176 καθ’
780 3123 926 3193 ὑμᾶς
986 3121 1228 3192 ποιητῶν
1285 3123 1580 3192 εἰρήκασι·
1608 3121 1704 3173 τοῦ
1734 3123 1844 3192 γὰρ

1937 1925 2238 1981 careturde
2266 1925 2434 1994 Moysi
2466 1940 2695 1994 corpore
2718 1963 2734 1988 ,
2768 1940 2874 1978 non
2923 1933 3008 1978 est
3045 1938 3215 1978 ausus
3253 1922 3520 1992 judicium

1937 2017 2141 2073 inferre
2202 2017 2590 2088 blaSphemiae,
2651 2014 2746 2071 sed
2793 2016 2970 2070 dicit:
3027 2015 3260 2084 Imperet
3295 2013 3389 2066 tibi
3422 2012 3525 2064 Do-

1939 2109 2146 2164 minus.
2179 2126 2199 2162 ι
2245 2108 2300 2162 In
2346 2111 2536 2162 eadem
2569 2106 2812 2177 Epistola
2837 2148 2850 2173 ,
2883 2123 2947 2161 ex
3000 2106 3154 2160 libris
3197 2104 3530 2175 apocryphis

1939 2202 2124 2258 Enoch
2153 2242 2167 2266 ,
2197 2203 2364 2257 alium
2403 2199 2722 2270 hujusmodi
2755 2200 2936 2256 locum
2973 2207 3244 2254 memorat
3278 2216 3292 2252 :
3341 2216 3360 2250 ι
3392 2197 3527 2251 Ecce

1939 2297 2089 2351 venit
2118 2295 2388 2350 Dominus
2431 2293 2483 2348 in
2517 2293 2724 2350 sanctis
2751 2294 2993 2348 millibus
3023 2293 3139 2348 suis
3175 2291 3353 2346 facere
3373 2290 3526 2360 judi-

1941 2391 2089 2446 cium
2136 2398 2324 2445 contra
2377 2403 2569 2444 omnes
2610 2397 2666 2442 et
2709 2402 2938 2460 arguere
2982 2402 3172 2442 omnes
3217 2385 3415 2456 impios
3462 2384 3532 2438 de

1943 2483 2200 2537 omnibus
2239 2481 2503 2552 operibus
2556 2480 2848 2549 impietatis
2882 2495 3074 2534 eorum
3122 2478 3322 2548 quibus
3367 2476 3533 2546 impie

1943 2586 2192 2646 egerunt,
2211 2574 2346 2629 etde
2371 2573 2629 2628 omnibus
2658 2572 2811 2627 duris
2835 2586 2957 2642 quae
2991 2571 3156 2626 locuti
3181 2578 3312 2624 sunt
3341 2576 3530 2623 contra

1945 2653 2116 2724 Deum
2149 2668 2317 2737 impii]
2340 2674 2674 2737 peccatores.
2713 2685 2731 2718 ι
2759 2664 2942 2720 Lucas
2982 2673 3186 2731 autem,
3215 2664 3268 2717 in
3305 2662 3538 2718 Actibus

1947 2759 2349 2831 apostolorum,
2378 2759 2602 2813 beatum
2647 2756 2867 2811 adducit
2906 2756 3136 2810 Paulum
3186 2769 3251 2808 ex
3298 2753 3536 2808 heroicis

1951 2851 2201 2907 versibus
2244 2850 2398 2905 Arati
2429 2851 2611 2905 locum
2649 2847 2942 2920 quemdam
2986 2849 3054 2904 ad
3085 2847 3447 2902 Athenienses
3479 2845 3533 2899 in

1950 2959 2202 2999 sermone
2220 2943 2559 3006 all'erentem,
2598 2941 2653 2996 in
2679 2941 2878 3011 quibus
2893 2941 3028 2996 dicit
3055 2960 3069 2996 :
3099 2958 3117 2990 ι
3149 2939 3304 2995 Sicut
3329 2948 3384 2994 et
3409 2939 3538 3010 qui—

1950 3033 2074 3086 dam
2101 3040 2385 3101 poetarum
2418 3040 2731 3087 vestrorum
2763 3032 3054 3096 dixerunt;
3080 3031 3258 3101 Ipsius
3282 3041 3336 3086 et
3366 3047 3540 3102 genus

1952 3139 2163 3178 sumus.
2181 3143 2199 3174 ι
2228 3121 2427 3178 Beatus
2445 3131 2627 3177 autem
2653 3121 2880 3185 Paulus,
2917 3121 2970 3175 in
2995 3120 3234 3190 Epistola
3254 3122 3320 3176 ad
3344 3121 3546 3177 Corin-

257 3217 355 3269 καὶ
407 3217 563 3285 γένος
585 3215 775 3285 ἐσμέν.
806 3234 826 3266 ι
875 3213 934 3267 '0
970 3214 1027 3266 δὲ
1097 3214 1366 3283 μακάριος
1419 3211 1633 3275 Παῦλος
1679 3214 1738 3265 ἐν
1775 3215 1840 3284 τῇ

1957 3212 2102 3267 thios
2148 3229 2212 3266 ex
2244 3212 2399 3267 libris
2432 3212 2759 3284 apocryphis
2793 3213 3074 3282 propheta:
3107 3211 3235 3267 Elim
3265 3213 3544 3268 attributis

262 3307 398 3376 πρὸς
454 3307 776 3378 Κορινθίους
804 3306 1093 3377 Ἐπιστολῇ
1146 3307 1212 3359 ἐκ
1265 3305 1374 3358 τῶν
1402 3304 1715 3375 λεγομένων
1745 3304 1841 3359 τοῦ

261 3403 543 3472 προφήτου
576 3401 766 3454 Ἡλίου
854 3399 1195 3466 ἀποκρύφων
1254 3397 1458 3466 ταύτης
1516 3397 1847 3468 μνημονεύει

261 3493 361 3562 τῆς
423 3493 628 3563 φωνῆς·
662 3511 681 3544 ι
719 3494 786 3544 Ἀ
815 3491 1100 3561 ὀφθαλμὸς
1128 3491 1229 3543 οὑκ
1276 3485 1405 3552 εἶδε,
1464 3490 1558 3542 καὶ
1608 3484 1701 3552 οὖς
1747 3490 1848 3542 οὐκ

260 3589 486 3658 ἢκουσε,
538 3586 633 3640 καὶ
687 3587 779 3640 ἐπὶ
815 3586 1046 3657 καρδίαν
1091 3584 1383 3654 ἀνθρώπου
1422 3584 1522 3637 οὐκ
1573 3583 1762 3654 ἀνέϐη,
1813 3583 1850 3638 ἃ

261 3679 558 3750 ἡτοίμασεν
582 3681 610 3731 ό
639 3677 771 3741 Θεὸς
793 3678 905 3740 τοῖς
932 3674 1221 3744 ἀγαπῶσιν
1241 3674 1420 3729 αὐτόν.
1435 3692 1454 3724 ι
1476 3675 1564 3728 Ἐν
1581 3674 1638 3726 δὲ
1656 3676 1721 3743 τῇ
1747 3673 1849 3726 αύ-

260 3774 328 3840 τῇ
358 3769 640 3840 δημώδους
677 3768 824 3832 τινὸς
845 3767 1156 3836 λακωνικῆς
1213 3765 1486 3836 μέμνηται
1525 3765 1846 3836 παροιμίας,

262 3862 330 3931 ἢν
364 3861 458 3914 καὶ
486 3857 776 3931 προλαϐὼν
817 3857 1043 3920 Ἡσαΐας
1074 3858 1102 3910 ό
1137 3858 1422 3927 προφήτης
1455 3857 1514 3909 ἐν
1560 3857 1670 3918 τοῖς
1719 3856 1849 3907 ἑαυ-

260 3954 358 4008 τοῦ
385 3953 712 4006 κατατάττει
763 3951 964 4019 λόγοις·
999 3969 1018 4000 ι
1045 3951 1311 4018 Φάγωμεν
1345 3948 1442 4001 καὶ
1475 3947 1704 4018 πίωμεν·
1750 3946 1852 4000 αύ-

266 4062 380 4116 ριον
401 4047 509 4113 γὰρ
541 4042 1162 4115 ἁποθνήσκομεν.»Ἔτι
1187 4041 1245 4093 δὲ
1271 4043 1327 4092 ἐν
1352 4042 1416 4110 τῇ
1453 4041 1590 4110 αὐτῇ
1625 4041 1848 4093 ἐπιστο-

263 4141 355 4210 λῇ,
390 4137 704 4208 Μενάνδρου
732 4134 826 4189 τοῦ
859 4133 1129 4205 κωμικοῦ,
1164 4133 1388 4202 γνώμας
1417 4133 1474 4185 δὲ
1501 4133 1661 4196 αὐτὸς
1715 4135 1849 4186 ἁνα-

263 4232 536 4300 γράφεται
575 4228 821 4300 ἀρχαίων
876 4225 1061 4291 τινῶν,
1094 4225 1368 4296 μέμνηται
1419 4224 1594 4294 λέγων
1652 4224 1847 4286 οὕτως·

272 4341 292 4374 ι
326 4321 643 4392 Φθείρουσιν
673 4318 780 4391 ἤθη
808 4316 1024 4389 χρηστὰ
1052 4315 1260 4386 ὁμιλίαι
1290 4315 1514 4368 κακαί»
1550 4315 1648 4368 καὶ
1699 4315 1846 4385 ἑξῆς·

264 4415 380 4470 Καὶ
431 4413 538 4485 μὴν
563 4412 660 4467 καὶ
709 4413 767 4466 ἐν
799 4414 867 4482 τῇ
900 4409 1037 4481 πρὸς
1071 4408 1315 4471 Γαλάτας
1346 4409 1414 4460 ἐκ
1439 4407 1547 4461 τῶν
1571 4409 1851 4471 Μωῦσέως

266 4504 608 4576 ἀποκρύφων
642 4503 911 4575 κέχρηται
945 4505 1012 4574 τῇ
1041 4500 1278 4573 λεγούσῃ
1307 4502 1483 4571 φωνῇ·
1527 4519 1546 4551 ι
1575 4499 1715 4553 Οὔτε
1749 4517 1849 4552 πε-

1953 3307 2289 3362 hunclocum
2314 3315 2587 3361 memorat
2613 3326 2625 3360 :
2654 3326 2672 3358 ι
2707 3305 2906 3360 Oculus
2929 3321 3038 3360 non
3065 3306 3224 3372 vidit,
3258 3323 3359 3361 nec
3394 3306 3547 3362 auris

1952 3399 2186 3462 audivit,
2216 3413 2318 3454 nec
2357 3399 2409 3452 in
2438 3414 2534 3453 cor
2564 3398 2806 3452 hominis
2840 3398 3088 3452 ascendit
3117 3414 3240 3468 quae
3268 3413 3546 3468 praepara-

1950 3490 2028 3543 vit
2060 3489 2203 3544 Deus
2231 3490 2336 3543 illis
2353 3490 2445 3560 qui
2465 3489 2696 3559 diligunt
2725 3489 2930 3543 illum.»
2967 3491 3026 3543 In
3054 3489 3242 3543 eadem
3278 3489 3543 3559 Epistola,

1955 3583 2177 3652 aliqum!
2201 3583 2427 3650 vulgare
2454 3590 2506 3636 et
2532 3581 2853 3636 laconicum
2882 3581 3233 3650 proverbium
3260 3589 3546 3649 memorat,

1953 3677 2099 3745 quod
2133 3684 2187 3730 et
2238 3673 2522 3745 proferens
2554 3674 2721 3729 Isaias
2757 3674 3020 3743 propheta
3071 3674 3123 3728 in
3172 3674 3288 3729 suis
3337 3690 3547 3729 sermo-

1951 3769 2116 3824 nibus
2159 3769 2446 3839 disponit:
2480 3787 2498 3820 ι
2541 3766 2931 3822 Manducemus
2957 3776 3010 3822 et
3069 3767 3328 3822 bibamus
3353 3807 3367 3829 ,
3425 3784 3549 3822 cras

1950 3859 2096 3916 enim
2144 3861 2499 3915 moriemur.»
2536 3859 2593 3914 In
2629 3860 2819 3915 eadem
2848 3859 3010 3914 etiam
3044 3857 3548 3928 Epistola,l\lett:in-

1951 3952 2111 4007 drum
2148 3953 2423 4008 comicum
2475 3954 2569 4023 qui
2626 3954 2845 4022 quidem
2907 3954 3204 4007 sententias
3237 3951 3547 4021 aliquorum

1953 4055 2202 4100 veterum
2251 4047 2560 4117 consignat,
2592 4055 2864 4101 memorat
2898 4046 2979 4100 sic
3018 4045 3292 4115 loquendo
3323 4063 3334 4099 :
3369 4063 3386 4094 ι
3414 4043 3550 4098 Cor-

1952 4148 2215 4208 rumpunt
2249 4155 2432 4194 mores
2456 4141 2630 4194 bonos
2666 4139 2943 4208 colloquia
2965 4139 3132 4202 mala,
3174 4159 3192 4190 ι
3235 4148 3290 4192 et
3328 4148 3546 4194 cmtera.

1955 4232 2021 4285 Et
2054 4232 2274 4302 quidem
2308 4233 2364 4286 in
2394 4232 2643 4301 Epistola
2674 4233 2739 4287 ad
2767 4231 3012 4297 Galatas,
3039 4247 3103 4286 ex
3139 4233 3290 4286 libris
3324 4247 3551 4303 θροεῖν-

1952 4322 2075 4391 phis
2106 4321 2324 4392 Moyses
2347 4323 2516 4377 utitur
2547 4323 2632 4377 his
2669 4323 2854 4378 verbis
2883 4341 2896 4377 :
2925 4341 2943 4373 ι
2979 4322 3167 4392 Neque
3203 4325 3552 4378 circumcisio

1954 4414 2160 4485 aliquid
2195 4415 2356 4479 valet,
2390 4430 2567 4484 neque
2597 4416 2951 4485 praeputium,
2989 4416 3083 4470 sed
3109 4431 3247 4470 nova
3266 4426 3548 4495 creatura;

1953 4516 2009 4562 et
2043 4509 2356 4579 quicunque
2389 4509 2529 4563 hanc
2566 4508 2810 4578 regulam
2843 4509 3017 4563 secuti
3051 4508 3258 4562 fuerint
3279 4549 3294 4572 ,
3321 4524 3426 4578 pax
3456 4525 3553 4563 su-

272 4599 470 4671 ριτομή
519 4616 572 4652 τι
621 4597 795 4668 ίσχύει
827 4637 842 4662 ,
885 4595 1008 4650 οὔτε
1067 4594 1405 4666 ἀκροϐυστία
1435 4633 1450 4659 ,
1503 4593 1639 4647 ἀλλὰ
1690 4593 1840 4664 καινῆ

1960 4615 2054 4670 per
2089 4600 2211 4655 illos
2233 4607 2287 4654 et
2316 4598 2694 4654 misericordia
2714 4610 2768 4654 et
2796 4614 2961 4668 super
2985 4598 3152 4654 Israel
3187 4598 3334 4654 Dei.»
3366 4601 3470 4656 Sed
3501 4611 3556 4656 et

268 4693 470 4755 κτίσις·
537 4691 633 4744 καὶ
695 4691 810 4744 ὅσοι
875 4689 954 4759 τῷ
1012 4687 1199 4742 κανόνι
1247 4687 1424 4758 τούτῳ
1459 4689 1854 4758 στοιχήσουσιν,

269 4787 462 4856 εἰρήνη
516 4784 601 4838 ἐπ’
662 4783 860 4844 αὐτοὺς
890 4781 982 4836 καὶ
1039 4781 1186 4844 ἔλεος
1216 4781 1308 4834 καὶ
1356 4782 1449 4834 ἐπὶ
1507 4781 1600 4833 τὸν
1641 4781 1859 4854 Ἰσραὴλ

271 4878 367 4932 τοῦ
409 4876 565 4931 Θεοῦ.
606 4895 625 4929 ι
676 4875 836 4928 Ἀλλὰ
867 4875 964 4928 καὶ
991 4876 1048 4926 ὲν
1081 4877 1147 4944 τῇ
1178 4873 1313 4943 πρὸς
1352 4872 1632 4942 Ἐφεσίους
1661 4874 1725 4926 ἐκ
1751 4875 1857 4928 τῶν

271 4968 584 5042 λεγομένων
596 4965 862 5038 Ἰερεμίου
897 4963 1250 5035 ἀποκρύφων·
1273 4965 1579 5034 «Ἐγειραε,
1611 4963 1853 5018 όκαθεύ-

273 5062 402 5125 δων,
435 5061 530 5113 καὶ
562 5059 772 5113 ἀνάστα
798 5059 862 5110 ὲκ
886 5057 996 5110 τῶν
1046 5055 1258 5127 νεκρῶν
1288 5059 1382 5108 καὶ
1419 5056 1713 5125 ἐπιφαύσει
1774 5076 1857 5110 σοι

274 5152 566 5225 Χριστός.»
605 5151 715 5204 Καὶ
742 5151 802 5203 ὲν
834 5151 901 5221 τῇ
936 5149 1074 5217 πρὸς
1101 5149 1261 5201 Τῖτον
1290 5148 1348 5201 δὲ
1383 5148 1676 5219 Ἐπιστολῇ
1709 5147 1862 5202 Ἐπι-

280 5245 525 5315 μενίδους
550 5261 610 5297 τε
641 5243 734 5297 τοῦ
768 5243 1013 5314 μάντεως
1048 5242 1254 5314 κρητοῦ
1288 5242 1584 5311 καταλέγει
1607 5242 1699 5297 τὸν
1725 5259 1860 5312 χρη-

277 5339 439 5410 σμὺν,
502 5331 564 5391 οὗ
624 5335 718 5391 καὶ
773 5334 1130 5407 Καλλίμαχος
1180 5336 1454 5407 μέμνηται
1512 5337 1570 5388 ὲν
1619 5337 1688 5408 τῇ
1751 5334 1858 5406 ἰδίᾳ

1965 4693 2020 4746 in
2042 4690 2284 4762 Epistola
2322 4693 2389 4747 ad
2424 4691 2714 4762 Ephesios,
2749 4706 2816 4745 ex
2850 4691 3007 4746 libris
3041 4692 3373 4762 apocrypltis
3399 4692 3554 4748 Jere-

1961 4783 2082 4839 mia:
2111 4803 2124 4840 :
2164 4801 2183 4836 ι
2212 4782 2405 4855 Surge,
2441 4785 2535 4855 qui
2565 4784 2796 4847 dormis,
2821 4792 2876 4838 et
2895 4799 3134 4852 exsurge
3167 4799 3198 4838 a
3223 4785 3455 4838 mortuis
3502 4797 3558 4839 et

1961 4875 2293 4931 illuminabit
2321 4884 2371 4931 te
2397 4875 2673 4930 Christus.
2711 4894 2729 4925 ι
2765 4873 2831 4928 Ει
2857 4875 2910 4928 in
2939 4873 3184 4943 Epistola
3219 4875 3285 4928 ad
3325 4871 3510 4926 Titum
3535 4913 3550 4935 ,

1959 4964 2314 5037 Epimenidaz,
2337 4967 2479 5024 vatis
2502 4968 2804 5036 Cretensis,
2841 4966 3185 5037 prophetiam
3233 4975 3453 5030 narrat,
3489 4968 3557 5022 de

1970 5078 2081 5132 qua
2113 5060 2631 5116 etiam‘mentionem
2663 5058 2794 5114 facit
2827 5058 3200 5114 Callimachus
3223 5058 3276 5111 in
3294 5073 3398 5112 suo
3429 5074 3558 5128 poe-

1969 5160 2136 5207 mate.
2159 5150 2307 5205 Dixit
2335 5151 2558 5221 quidam
2592 5165 2659 5206 ex
2693 5150 2804 5205 illis
2844 5150 3106 5220 proprius
3141 5150 3388 5220 ipsorum
3429 5166 3560 5219 pro-

1966 5244 2127 5313 pheta
2162 5262 2175 5298 :
2210 5264 2229 5296 ι
2256 5244 2545 5300 Cretenses
2570 5258 2788 5314 semper
2816 5245 3130 5306 mendaces,
3157 5244 3314 5298 mala:
3337 5245 3524 5299 bestiae
3543 5309 3558 5331 ’

1967 5347 2185 5395 ventres
2215 5339 2390 5412 pigri;
2427 5338 2803 5396 testimonium
2841 5338 2927 5392 hic
2952 5352 3144 5392 verum
3175 5347 3279 5393 est.
3319 5358 3340 5390 ι

280 5435 520 5503 ποιήσει·
552 5427 720 5484 Εἶπέν
761 5447 846 5494 τις
905 5431 964 5497 ἐξ
1029 5431 1209 5485 αὐτῶν
1273 5431 1578 5502 προφήτης·
1634 5428 1852 5500 Κρῆτες
1894 5430 1981 5484 ἀεὶ
2044 5431 2298 5502 ψεῦσται,
2338 5434 2484 5488 κακὰ
2557 5431 2740 5505 Θηρία,
2774 5430 3041 5504 γαστέρες
3090 5432 3277 5503 ἀργαί·
3320 5431 3384 5485 Ἦ
3418 5449 3560 5502 μαρ-

278 5530 442 5603 τυρία
481 5527 619 5598 αὕτη
653 5526 798 5581 ἐστὶν
829 5527 1052 5598 ἀληθής.
