3908 6214
367 212 473 277 3:5
1528 216 1789 277 rno'm
1821 214 2324 276 PATRIARCH/E
2358 216 2469 277 ει).
2748 186 2761 198 ’
3531 216 3635 280 816

484 327 815 395 ριἈΞετιο
854 330 989 387 ιῖιιι
1020 331 1213 404 [CoisL
1240 333 1420 389 CXLI.
1458 332 1624 387 Taur.
1657 330 1843 402 CLX].
1975 338 2021 390 A

1579 350 1624 387 r.
1657 330 1843 402 CLX].
1975 338 2021 390 A
2571 330 2905 383 ararum
2950 328 3120 385 PNB‘.

662 422 775 483 Cur
801 443 968 482 sacrae
993 427 1208 483 Littera:
1239 429 1476 482 obscura!
1511 428 1637 481 sint.

2235 425 2303 481 Τί
2326 428 2499 483 ἐστιν
2528 427 2567 496 ἡ
2596 427 2858 498 ἀσάφεια
2874 426 2985 497 τῆς
3006 426 3259 499 Γωφῆς
3280 426 3425 501 (34).

1408 538 1545 590 Edita
1569 552 1597 587 a
1629 536 1754 588 Maio
1777 537 1928 599 (Nov.
1957 533 2102 597 σου..
2124 542 2159 586 ι.
2194 538 2234 598 ι,
2258 539 2595 603 ρ.170,171).

440 627 624 683 Multis
648 626 717 681 de
748 628 937 683 causis
966 643 1137 683 sacrae
1170 628 1388 684 Litterae
1427 627 1766 682 obscuritatc
1796 625 1950 680 labo-

2134 623 2197 678 'H
2225 627 2283 678 ὲν
2322 629 2444 690 ταῖς
2480 626 2658 692 θείαις
2701 628 2949 701 Γραφαϊς
3003 629 3250 699 ἀσάφεια
3286 627 3495 692 πολλάς
3525 628 3638 698 ἔχει

369 728 514 775 rant.
565 718 603 774 Ι.
634 718 773 786 Quia
801 720 981 775 omnis
1014 720 1194 791 lingua
1231 721 1285 774 in
1318 717 1484 777 aliam
1513 734 1779 773 conversa
1804 760 1819 783 ,
1858 734 1912 788 ρ(

2098 716 2149 782 ὶς
2177 719 2383 782 αἰτίας.
2416 720 2644 791 Πρῶτον
2664 720 2766 792 μὲν
2787 722 2869 775 ὅτι
2899 723 3055 775 πᾶσα
3083 722 3310 791 γλῶσσα
3337 725 3419 785 εἰς
3440 722 3641 793 ἑτέραν

371 812 624 867 sitionem
654 826 811 867 suam
847 813 1067 867 amittit.
1103 812 1164 868 ll.
1184 811 1321 879 Quia
1344 826 1661 884 synonyma:
1692 810 1914 866 llebraa

2091 809 2457 882 ,ετατιϐεμένη
2491 810 2759 864 ἀπόλλυσι
2785 810 2880 865 τὸν
2910 812 3042 867 ἴδιον
3087 812 3300 883 είρμόν.
3360 812 3634 881 Δεύτερον

373 919 493 957 ium
557 919 721 959 voces
768 918 877 959 non
924 905 1060 961 satis
1105 907 1172 960 ab
1219 906 1615 975 interpretibus
1655 905 1916 961 intellect:

2098 903 2229 956 εὸτι
2289 905 2346 957 αί
2397 901 2707 975 συνώνυμοι
2744 904 2853 959 τῶν
2903 903 3104 970 λέξεων
3160 906 3291 975 παρ’
3335 904 3641 975 Ἑϐραίοις,

374 991 595 1048 fuerunt
624 1013 637 1048 :
672 993 838 1049 veluti
878 994 1021 1064 apud
1050 996 1271 1051 Grzccos
1305 995 1470 1060 καλος
1492 1036 1508 1062 ,
1538 996 1696 1065 cujus
1724 1011 1823 1066 pro
1862 996 1916 1050 di

2102 1015 2279 1068 γνοιαν
2312 998 2644 1070 εἰργάσαντο
2679 1002 2791 1065 τοῖς
2828 1000 3228 1072 ἑρμηνευταῖςο
3250 1000 3328 1064 ὡς
3353 1000 3417 1053 τὸ
3451 1002 3645 1066 καλος

372 1086 633 1141 versitate
666 1097 928 1142 accentus
962 1088 1287 1159 signiﬁcatio
1313 1090 1490 1142 variat
1520 1107 1532 1142 :
1569 1088 1696 1143 item
1722 1106 1868 1159 ορος,
1898 1104 1915 1142 ι

2100 1089 2185 1162 ερὶ
2214 1090 2369 1145 τόνον
2392 1091 2487 1145 καὶ
2511 1091 2810 1163 σημασίαν,
2834 1091 2932 1145 καὶ
2960 1090 3021 1144 τὸ
3058 1108 3196 1160 ορος
3211 1091 3308 1145 καὶ
3334 1090 3405 1144 τά
3453 1092 3641 1161 ὅμοια.

374 1179 599 1236 similia.
640 1177 772 1233 Nam
802 1179 963 1243 καλὸς
997 1188 1295 1251 oxytonum
1324 1181 1599 1251 signilicat
1626 1180 1917 1235 formosum

2065 1182 2237 1244 Καλὸς
2263 1183 2373 1255 γὰρ
2421 1184 2689 1250 ὀξυτόνως
2724 1183 2985 1254 σημαίνει
3036 1183 3128 1237 τὸν
3160 1183 3364 1255 ὡραῖον
3408 1186 3509 1237 καὶ
3546 1182 3608 1235 εὖ

374 1270 681 1334 decentem,
713 1269 930 1324 virtutis
964 1270 1269 1325 studiosum
1292 1311 1306 1334 ,
1334 1269 1543 1325 utilem.
1581 1269 1761 1331 Κάλος
1793 1284 1917 1339 paro

2104 1272 2266 1344 ρεπῆ,
2324 1273 2613 1327 σπουδαῖόν
2660 1291 2720 1327 τε
2760 1274 2843 1338 εἰς
2892 1274 3097 1346 ἀρετὴν
3135 1273 3230 1327 καὶ
3289 1273 3646 1343 ἐπιτήδειον

374 1375 639 1435 xytonnm
706 1362 993 1419 rudentem
1036 1364 1194 1417 navis
1241 1363 1535 1433 signiﬁcat.
1572 1360 1788 1420 Rursus
1830 1380 1917 1433 opc

2105 1364 2222 1428 άλος
2280 1364 2338 1419 δὲ
2394 1366 2778 1439 παροξυτόνως
2822 1365 2886 1419 τὸ
2917 1367 3153 1437 σχοινίον
3194 1364 3291 1419 τοῦ
3318 1365 3510 1418 πλοίου
3546 1381 3648 1433 ση-

373 1466 775 1527 paroxytonum
802 1456 886 1509 vel
908 1464 993 1511 est
1013 1455 1259 1511 deﬁnitio
1286 1456 1522 1525 alicujus
1553 1455 1653 1521 rei,
1677 1456 1759 1509 vel
1788 1454 1916 1524 (ὅρος

2107 1456 2242 1509 αίνει
2261 1472 2275 1487 ο
2308 1456 2472 1511 πάλιν
2499 1457 2626 1529 ὅρος
2655 1455 3041 1528 παροξυτόνως
3068 1457 3169 1529 μέν
3192 1459 3338 1510 ἐστιν
3367 1456 3401 1527 ἢ
3434 1457 3463 1510 ό
3483 1456 3650 1525 λόγος

375 1548 530 1605 collis
562 1547 811 1601 celsusve
853 1547 1047 1602 locus:
1090 1558 1390 1618 oxytonum
1444 1556 1625 1602 autem
1657 1546 1784 1618 ὀρδς
1828 1561 1918 1617 par

2103 1548 2209 1603 r365
2239 1548 2333 1603 τοῦ
2378 1549 2706 1620 πράγματος
2738 1547 2771 1620 ἢ
2806 1549 2835 1601 ό
2858 1549 3021 1619 λόφος
3054 1549 3149 1603 καὶ
3173 1548 3381 1620 ὑψηλὸς
3432 1549 3606 1611 τόπος
3629 1562 3646 1577 ⁸

375 1656 581 1710 aquosa
619 1641 772 1695 lactis
798 1648 900 1695 est.
950 1638 1042 1694 lll.
1084 1639 1357 1695 Nonnulla
1385 1649 1513 1694 sunt
1546 1640 1814 1697 Hebraica
1863 1656 1918 1695 vc

2105 1641 2324 1707 ξυτόνως
2354 1639 2412 1693 δὲ
2445 1641 2571 1710 ὀρός
2598 1642 2715 1695 ἐστι
2764 1640 2825 1694 τὸ
2868 1640 3141 1705 ὑδατῶδες
3190 1642 3284 1695 τοῦ
3345 1640 3648 1708 γάλακτος.

372 1731 587 1797 cabula,
619 1747 741 1803 qua:
776 1748 874 1802 pro
908 1748 1007 1787 sua
1041 1743 1233 1787 natura
1288 1748 1415 1788 cum
1468 1732 1643 1789 ϐα·ωεὶ
1688 1734 1915 1804 ἰιιῑειρι·ε

2108 1732 2255 1805 ρίτον
2302 1734 2411 1786 eici
2449 1731 2624 1798 λέξεις
2680 1732 2995 1804 Ἐϐραῖκαὶ,
3024 1733 3080 1786 αἳ
3113 1734 3243 1805 παρ’
3276 1732 3537 1804 Ἕλλησιν
3566 1733 3651 1797 ὡς

373 1826 473 1878 tari
521 1840 628 1879 non
678 1835 941 1895 possent,
978 1825 1182 1879 intacta
1226 1825 1608 1895 reliquerunt,
1640 1826 1916 1897 cujusmm

2112 1842 2243 1896 [ουσι
2274 1825 2491 1896 φύσεως
2536 1825 2939 1898 ὲρμηνευθῆναι
2983 1827 3045 1879 οὐ
3078 1825 3354 1891 δύνανται,
3402 1826 3516 1879 ἀλλ’
3552 1826 3655 1878 ἐπὶ

371 1924 457 1972 est
486 1918 627 1987 apud
668 1916 961 1973 Jeremiam
988 1935 1178 1973 carcer
1207 1918 1424 1975 sinocli.
1462 1917 1551 1974 ιν.
1578 1895 1914 1990 Interpuncti

2111 1895 2246 1986 ὗρας
2275 1895 2580 1988 εἰάθησαν,⁷
2619 1895 2694 1980 ὡς
2732 1916 2886 1989 παρά
2921 1916 3164 1989 Ἱερεμίᾳ
3202 1918 3263 1972 τὸ
3297 1917 3654 1985 ἀπόκλεισμα

372 2010 501 2078 item
531 2026 677 2081 sazpe
704 2014 847 2080 parit
880 2012 1306 2077 obscuritatem,
1355 2022 1413 2065 ut
1446 2031 1458 2067 :
1508 2012 1637 2067 boni
1674 2023 1837 2067 erunt
1879 2014 1912 2067 ir

2106 2008 2254 2081 ινιῦχ.
2291 2011 2567 2082 Τέταρτον
2611 2011 2708 2065 καὶ
2762 2010 2969 2083 στιγμὴ
3012 2011 3276 2075 πολλάκις
3328 2013 3475 2064 ποιεί
3506 2012 3649 2064 ἀσά-

372 2102 506 2157 colae
543 2114 737 2171 terra;
771 2104 874 2159 nisi
919 2104 1129 2159 scilicet
1171 2105 1629 2175 interpungamus
1654 2116 1776 2176 post
1807 2106 1915 2160 bon;

2108 2121 2241 2170 ειαν,
2269 2104 2346 2167 ὼς
2373 2104 2434 2158 τὸ
2466 2105 2695 2177 χρηστοὶ
2732 2104 2848 2175 (55)
2884 2103 3099 2158 ἔσονται
3133 2105 3538 2175 οίκήτορεςγῆς
3558 2123 3571 2135 ·
3598 2107 3651 2159 εί

372 2197 438 2252 V.
464 2200 738 2253 Accentus
768 2213 987 2268 quoque
1014 2198 1333 2253 varietatem
1382 2196 1514 2253 facit
1542 2217 1556 2253 :
1616 2200 1783 2253 veluti
1808 2201 1915 2271 ἁρχ

2108 2197 2140 2265 ὴ
2179 2194 2480 2267 ὑποστιχοῇ
2514 2197 2575 2249 τὸ
2600 2196 2881 2266 χρηστοί.
2920 2196 3179 2267 Πέμπτον
3211 2198 3307 2251 καὶ
3346 2198 3499 2249 τόνου
3530 2198 3651 2250 δια-

374 2289 571 2360 σοφίας
608 2290 822 2345 initium
874 2290 1178 2360 sapientia),
1224 2305 1411 2361 quaere
1449 2291 1816 2361 sapientiam;
1849 2294 1917 2347 ni:

2107 2289 2204 2362 ορᾶ
2246 2288 2323 2353 ὡς
2349 2289 2408 2343 τὸ
2447 2289 2592 2361 ἀρχὴ
2624 2289 2737 2360 (56)
2766 2289 2984 2358 σοφίας,
3038 2288 3276 2361 ζήτησον
3326 2291 3554 2359 σοφίανσ
3597 2291 3650 2345 εἰ

369 2384 582 2440 scilicet
643 2394 1045 2455 paroxytonum
1105 2384 1413 2441 scribamus
1477 2386 1611 2456 ἄρχε
1665 2386 1807 2447 (loco
1858 2402 1912 2437 τε

2105 2382 2139 2454 ὴ
2192 2380 2586 2455 παροξύνωμεν
2618 2382 2678 2439 τὸ
2710 2384 2845 2453 ἄρχε
2877 2382 2973 2437 καὶ
2995 2382 3147 2453 ῥῆμα
3186 2382 3469 2453 λάϐοιμεν.
3506 2384 3647 2435 Ἐκ-

369 2477 538 2549 ἀρχὴ)
572 2479 912 2545 verbumque
941 2493 1062 2532 esse
1093 2478 1487 2549 intelligamus.
1531 2477 1615 2533 Vl.
1658 2477 1912 2548 Complur

2107 2493 2181 2529 >νο
2221 2476 2393 2531 πολλά
2425 2478 2541 2531 ἐστι
2570 2476 2698 2548 παρ’
2731 2477 2915 2541 αὐτοῖς
2960 2478 3018 2531 ὲν
3056 2478 3155 2547 μιᾷ
3190 2480 3343 2549 φωνῇ
3371 2477 3431 2531 τὸ
3469 2477 3650 2529 ἑνικὸν

372 2570 513 2639 apud
544 2569 805 2624 Hebrzeos
844 2568 1005 2626 unica
1052 2568 1439 2623 terminatione
1483 2568 1814 2639 singularem
1851 2586 1915 2624 nu

2103 2570 2155 2623 αὶ
2190 2570 2556 2641 πληθυντικὸν
2594 2570 2881 2642 δηλοῦντα,
2941 2570 3017 2633 ὡς
3066 2572 3126 2624 τὸ
3184 2570 3316 2634 Θεὸς
3362 2570 3460 2623 καὶ
3509 2570 3646 2625 θεοί.

371 2678 583 2719 merum
630 2663 1006 2734 pluralemque
1049 2662 1341 2729 denotant,
1401 2663 1543 2718 Deus
1591 2676 1646 2719 et
1688 2663 1783 2718 dii.
1836 2663 1905 2719 Vl

2106 2662 2355 2733 Εὸδομοψ
2379 2662 2549 2717 πολλὰ
2581 2664 2911 2734 μεταπίπτει
2936 2666 3050 2728 τοῖς
3073 2663 3384 2736 προσώποις
3402 2682 3416 2695 ο
3449 2664 3510 2717 τὸ
3538 2664 3649 2735 γὰρ

372 2756 539 2811 Multa
589 2771 855 2827 personas
892 2764 1245 2827 permutant;
1279 2772 1404 2809 nam
1459 2756 1591 2811 illud
1616 2756 1915 2813 Abrahamt

2107 2755 2491 2828 ρὺςἋσράαμ,
2523 2755 2618 2810 νῦν
2644 2756 2838 2826 ἔγνων
2859 2758 2943 2811 ὃτι
2960 2757 3099 2830 φοϐῇ
3134 2758 3199 2811 σὺ
3226 2758 3319 2811 τὸν
3343 2758 3499 2823 Θεὸν,
3523 2758 3650 2810 ἀντὶ

372 2868 521 2911 nunc
558 2851 772 2921 cognovi
800 2848 946 2919 quod
972 2849 1130 2905 times
1157 2849 1348 2915 Deum,
1386 2864 1486 2920 pro
1513 2852 1811 2921 cognoscis,
1872 2852 1915 2907 di

2108 2852 2156 2903 iii
2189 2851 2378 2921 ἔγνως
2432 2848 2676 2922 εἴρηται.
2714 2851 2965 2919 Ὄγδοον,
3025 2852 3108 2904 δτι
3155 2851 3253 2905 καὶ
3292 2854 3405 2915 τοῖς
3433 2851 3651 2919 γένεσιν

371 2955 520 3003 etum
545 2953 628 2999 est
646 2943 684 2999 ¹.
714 2940 850 2999 VIII.
874 2941 1177 2997 Generibus
1202 2957 1423 3013 quoque
1446 2953 1775 3014 praepostere
1797 2954 1910 2999 utut

2107 2944 2323 3008 ιαντίως
2368 2944 2646 3016 χρῶνται·
2698 2945 3003 3016 ἀρρενικῶς
3034 2944 3143 3017 γὰρ
3186 2945 3248 2999 τὸ
3307 2945 3508 3015 σελήνη
3550 2947 3650 2998 καὶ

372 3050 462 3101 tur
493 3036 745 3102 ilcbrzei;
792 3037 978 3089 lunam
1013 3035 1159 3089 enim
1205 3044 1262 3089 et
1318 3050 1467 3090 mare
1503 3036 1815 3092 masculino
1864 3054 1915 3109 ge

2106 3038 2310 3093 άλασσα
2339 3038 2610 3106 λέγουσιν.
2643 3038 2903 3092 Ἕννατον
2935 3039 3018 3092 δτι
3047 3038 3309 3101 πολλάκις
3339 3038 3649 3091 ὲλλείπουσξ

373 3143 504 3181 nere
539 3126 794 3181 eﬂ‘ernnt.
840 3123 930 3180 IX.
961 3124 1115 3195 Szepe
1147 3125 1294 3180 aliud
1328 3124 1500 3190 deest,
1545 3136 1625 3190 ut,
1664 3130 1916 3183 ascendat

2107 3149 2206 3197 ινα,
2243 3132 2319 3195 ὡς
2356 3131 2418 3185 τὸ
2460 3131 2898 3191 ἀναϐαίνουσιν
2929 3131 3039 3200 ὄρη
3071 3133 3166 3186 καὶ
3216 3134 3650 3186 καταϐαίνουσι

374 3232 582 3275 montes
611 3230 666 3275 et
697 3220 1025 3274 descendunt
1074 3220 1268 3289 campi.
1300 3217 1653 3275 Desideratur
1696 3223 1917 3277 nimirul

2102 3225 2265 3279 ῖεδία·
2284 3224 2461 3280 λείπει
2476 3224 2586 3297 γὰρ
2602 3223 2662 3278 τὸ
2680 3224 2782 3291 ὠς,
2802 3224 2890 3278 ἵνα
2961 3223 3398 3278 ἀναϐαίνουσιν
3413 3224 3494 3289 ὡς
3515 3222 3645 3290 ὅρη,

374 3314 646 3385 particula
697 3314 889 3376 sicuti,
959 3328 1153 3383 nempe
1187 3312 1479 3367 ascendunt
1535 3316 1695 3368 siculi
1756 3326 1917 3371 manu

2109 3320 2193 3389 ερί
2222 3319 2485 3387 κυμάτων
2521 3318 2680 3389 γάρὸ
2726 3316 2906 3385 λόγος,
2944 3319 3039 3370 καὶ
3076 3317 3547 3370 καταϐαίνουσιν
3571 3316 3652 3381 ὡς

377 3411 528 3475 (nam
582 3408 649 3464 de
698 3407 957 3463 ﬂuetibus
1009 3422 1193 3463 sermo
1234 3408 1337 3479 est)
1385 3419 1438 3463 et
1480 3410 1763 3465 subsidunt
1807 3411 1915 3465 sicu

2109 3411 2241 3465 εδία
2259 3410 2398 3482 (57).
2433 3410 2672 3464 Δέκατον
2688 3410 2745 3465 δὲ
2764 3410 2849 3464 δτι
2882 3412 2939 3463 ἐν
2964 3411 3030 3480 τῇ
3065 3408 3412 3479 αἰχμαλωσίᾳ
3439 3409 3652 3479 ἐμπρη-

377 3504 618 3573 campi’.
645 3503 712 3556 Χ.
747 3502 884 3558 Cum
943 3502 996 3556 in
1055 3504 1371 3573 captivitate
1405 3506 1635 3560 cremati
1668 3506 1792 3561 libri
1824 3506 1920 3564 ίιιίε

2107 3506 2292 3560 ἄεισῶν
2308 3504 2415 3560 τῶν
2430 3504 2651 3576 βίϐλων,
2680 3501 2798 3558 εἶτα
2826 3503 3246 3573 διαπεμπόντων
3266 3500 3516 3571 ἀλλήλοις
3541 3499 3650 3552 τῶν

378 3605 546 3653 sent:
598 3612 661 3651 ac
698 3596 897 3650 deinde
943 3596 1085 3649 clam
1144 3596 1331 3667 aliqua
1390 3597 1725 3668 exemplaria
1774 3600 1921 3655 mitte

2105 3600 2169 3655 πὸ
2227 3597 2584 3671 Ἰερουσαλὴμ
2609 3600 2689 3661 εἰς
2718 3596 3013 3650 Βαϐυλῶνα
3062 3595 3131 3649 τά
3181 3593 3340 3662 λόγια
3367 3594 3461 3647 τοῦ
3484 3590 3648 3655 Θεοῦ,

379 3702 569 3746 rentur
616 3690 848 3745 invicem
901 3688 970 3744 ab
1009 3688 1518 3761 Hierosolymorum
1567 3700 1621 3746 et
1664 3690 1922 3764 Babyloni

2109 3695 2329 3766 >χῶντες
2357 3694 2603 3765 ἀφῄρουν
2633 3692 2733 3757 τὰς
2756 3690 2999 3761 βίϐλουςο
3026 3691 3077 3745 οἱ
3117 3689 3175 3742 δὲ
3205 3686 3364 3743 πάλιν
3391 3686 3482 3741 διὰ
3514 3703 3652 3754 συμ-

375 3782 573 3841 incolis
600 3822 615 3845 ,
649 3780 864 3836 insidiis
894 3780 1125 3835 structis
1169 3780 1357 3834 nescio
1390 3781 1483 3850 qui
1532 3782 1701 3837 libros
1728 3783 1918 3854 diripit

2107 3787 2259 3853 όλων,
2297 3782 2372 3841 ὧν
2398 3788 2498 3840 οὐκ
2520 3784 2782 3855 ἠδύναντο
2816 3782 2960 3850 ξένοι
2998 3784 3160 3844 νοεῖν,
3194 3780 3455 3849 ἔγραφον,
3490 3775 3551 3841 ἐξ
3571 3772 3650 3829 ὧν

376 3877 527 3929 bant.
560 3872 773 3927 Hebraei
799 3881 980 3926 autem
1009 3886 1203 3926 rursus
1229 3886 1325 3941 per
1360 3872 1609 3942 symbola
1629 3912 1646 3939 ,
1673 3889 1796 3943 qua:
1828 3876 1919 3931 alit

2122 3883 2359 3951 ἀσάφεια
2380 3897 2395 3913 ο
2421 3880 2526 3942 ἓως
2557 3879 2782 3948 ὕστερον
2805 3874 3167 3946 ὲμπνευσθεὶς
3194 3872 3433 3939 Ἔσδρας
3458 3870 3652 3923 πασῶν

374 3984 529 4039 genae
556 3981 663 4021 non
700 3964 1105 4033 intelligerent,
1161 3964 1500 4021 scribebant.
1532 3965 1670 4023 Hine
1695 3980 1816 4025 orta
1851 3971 1917 4027 ob

1695 3980 1816 4025 orta
1851 3971 1956 4027 ob-
2063 3974 2437 4045 ἐμνημόνευσε
2474 3970 2571 4024 καὶ
2598 3972 2784 4039 γραφῇ
2818 3966 3220 4038 παραδέδωκεν.

374 4065 613 4120 scuritas
668 4082 681 4119 :
732 4065 907 4118 donec
951 4063 1135 4117 denuo
1189 4060 1489 4131 inspiratus
1538 4061 1743 4127 Esdras
1776 4067 1951 4125 Biblia
2029 4072 2287 4127 universa
2338 4069 2391 4124 in
2441 4068 2764 4123 memoriam
2818 4066 3092 4119 revocavit
3162 4062 3489 4132 scriptisque
3539 4068 3653 4113 trao

371 4157 528 4212 didit.

882 4273 1211 4341 QUIESTIO
1248 4272 1422 4331 CLIII.

2596 4264 2932 4320 ΕΡΩΤΗΣΙΣ
2956 4263 3128 4317 PNI".

732 4363 807 4419 De
834 4365 1011 4417 eodem
1038 4372 1348 4433 argumento
1377 4363 1596 4417 clarius.

2371 4360 2441 4415 Τὸ
2470 4359 2619 4414 αὐτὸ
2665 4356 3177 4427 ἐκφαντικώτερον
3200 4355 3336 4426 (58).

1402 4452 1546 4503 Edita
1574 4467 1601 4509 a
1635 4454 1761 4505 Maio
1783 4459 1933 4517 (Non.
1958 4455 2104 4519 Coll,
2137 4462 2176 4507 t.
2203 4455 2243 4515 Ι,
2267 4467 2318 4516 p.
2352 4450 2603 4513 171-174).

442 4561 623 4616 l’rinia
660 4561 882 4629 quidem
916 4575 1086 4619 causa
1119 4562 1481 4631 quamobrem
1522 4563 1819 4633 Scriptum
1856 4581 1951 4621 ve-

2126 4563 2244 4619 Μία
2273 4562 2371 4633 μὲν
2401 4560 2548 4613 αἰτία
2598 4558 2700 4628 τῆς
2754 4556 3025 4626 ἀσαφείας
3056 4556 3174 4609 ἐστὶ
3221 4556 3334 4609 τῶν
3394 4556 3648 4610 παλαιῶν

366 4665 516 4711 teres
547 4655 601 4710 in
628 4654 970 4710 obscuritate
999 4665 1290 4710 versantur
1320 4670 1350 4710 a
1374 4654 1642 4711 lectorum
1670 4658 1835 4713 bruto
1867 4660 1909 4713 ir

2101 4655 2442 4728 ¹ραμμάτων,
2469 4650 2578 4704 τῶν
2621 4648 2913 4718 ἀκροατῶν
2942 4649 3003 4701 τὺ
3041 4648 3311 4720 θηριῶδες
3337 4666 3351 4681 ·
3380 4651 3474 4702 καὶ
3499 4667 3644 4721 μαρ-

368 4748 529 4818 genio
570 4748 861 4818 repetenda
897 4757 1002 4802 est.
1037 4745 1403 4818 Testaturque
1435 4747 1641 4803 Paulus
1674 4749 1727 4803 id
1772 4751 1911 4820 ipsul

2096 4748 2218 4815 υρεῖ
2246 4741 2475 4805 Παῦλος,
2501 4740 2564 4794 τὸ
2602 4739 2737 4793 αὐτὸ
2767 4738 3035 4809 κάλυμμα
3088 4738 3183 4792 ἐπὶ
3225 4741 3291 4811 τῇ
3328 4738 3638 4807 ἀναγνώσει

366 4842 615 4898 velamen
646 4856 677 4896 a
714 4838 926 4896 Veteris
960 4840 1298 4897 Testamenti
1349 4840 1583 4897 lectione
1630 4856 1739 4895 non
1783 4840 1909 4897 fuiss

2099 4839 2159 4909 ἧς
2189 4836 2437 4900 Παλαιᾶς
2472 4834 2749 4909 Διαθήκης
2778 4834 2955 4903 λέγων
3000 4834 3075 4905 μὴ
3121 4833 3642 4902 ἀνακαλυπτόμενον

367 4940 639 4987 remotum
663 4971 679 4995 ,
716 4931 978 5001 quoniam
1016 4930 1067 4983 id
1104 4931 1155 4984 in
1196 4928 1420 4986 Christo
1456 4938 1754 4987 evacuatur
1776 4930 1818 4985 ³.
1851 4928 1910 4986 St

2099 4949 2142 4985 τι
2176 4932 2234 4985 ὲν
2254 4929 2480 5002 Χριστῷ
2520 4932 2909 5000 καταργεῖται·
2937 4930 3166 5002 δευτέρα
3196 4928 3277 4994 δὲ,
3324 4930 3447 4983 ἐπεὶ
3478 4930 3642 4981 Muri-

444 5026 462 5058 ²
495 5025 634 5082 Gen.
666 5042 804 5091 xm,
839 5025 929 5081 1‘2.
1006 5026 1027 5054 ²
1070 5024 1213 5081 Psal.
1252 5041 1371 5090 cm,
1406 5025 1462 5081 8.

1916 5119 2150 5177 NOTJE.

438 5212 551 5284 (54)
577 5209 733 5284 Hauc
760 5210 1118 5284 quaestionem
1147 5225 1214 5284 ex
1240 5210 1465 5281 prologo
1496 5211 1843 5284 Polychronii
1882 5213 1934 5267 in

2098 5210 2361 5284 πματικόν
2420 5212 2560 5273 ἐστι,
2608 5209 2819 5284 *δηλοῦν
2860 5209 2923 5261 τὸ
2965 5207 3305 5284 ὑποτάσσειξ
3356 5207 3641 5284 oio-mvon

365 5280 564 5340 Jobqu
595 5282 736 5336 sumi
776 5283 936 5354 tacite
974 5280 1387 5354 a_Photio,’dixi
1419 5285 1471 5335 in
1514 5280 1908 5352 prolegomenis

2094 5280 2209 5335 ενον
2340 5281 2663 5354 όνοματικὸν
2689 5280 2925 5354 ὑπάρχει
2956 5281 3222 5349 σημαῖνον
3251 5280 3350 5350 τὴν
3421 5281 3600 5350 ἀρχὴν
3624 5282 3637 5296 ⁸

365 5355 485 5409 Jam
518 5354 841 5426 scripturam
876 5351 1194 5426 Pltotianam
1215 5368 1339 5426 cum
1363 5351 1749 5422 antiquissimo
1771 5356 1905 5426 Poly

1290 5369 1339 5426 ιιι
1363 5351 1749 5422 antiquissimo
1771 5356 1937 5426 Poly-
2046 5351 2405 5426 λέγωδὲ-τὴν
2433 5351 2823 5423 προκάταρξιν.

366 5418 800 5495 chroniicodice‘
828 5424 1105 5484 collatam,
1128 5424 1308 5495 inveni
1332 5418 1559 5495 prorsus
1584 5418 1933 5480 concordem.
2118 5418 2232 5495 (57)
2274 5418 2537 5479 Notemus
2574 5418 2866 5477 venustam
2899 5420 3007 5477 loci
3036 5418 3359 5493 psalmodici
3395 5419 3640 5489 expliczi-

441 5496 553 5565 (55)
589 5493 847 5565 Scholion
893 5493 1227 5565 inﬁmargiue
1271 5493 1409 5562 apud
1456 5492 1936 5565 Polycliti-ouium:
2050 5492 2283 5565 tionem.

368 5560 622 5637 χρηστὸς
653 5564 920 5637 ὀξυτόνως
950 5564 978 5616 ὁ
1013 5560 1279 5637 χρειώδης
1308 5560 1321 5593 ³
1378 5560 1612 5634 χρῆστός
1639 5564 1695 5618 δὲ
1730 5584 1907 5637 προπε

2122 5564 2236 5634 (58)
2267 5562 2409 5629 Quia
2445 5561 2677 5637 scilicet
2726 5560 2960 5637 Photius
3024 5563 3421 5637 praecedentem
3472 5576 3632 5637 _qu;e_-

376 5632 716 5721 “ageam;
745 5636 806 5687 τὸ
840 5632 1256 5721 κύριονδνομα..
1348 5632 1387 5721 ,⁷
1422 5632 1429 5633 ί
1474 5632 1481 5634 “
1572 5706 1624 5721 Ν
1779 5632 1789 5637 ’

2093 5632 2283 5717 ἰἰοιιειιι
2315 5649 2380 5689 ex
2411 5633 2590 5687 alieno
2640 5635 2861 5721 scriptor
2881 5636 3158 5700 hauserat,
3188 5633 3394 5689 idcirco
3433 5632 3636 5702 placuit

448 5704 559 5789 (36)
586 5706 845 5764 Scholion
891 5704 1011 5761 :"l‘b
1073 5706 1179 5776 γὰρ
1233 5704 1373 5787 ἀρχὴ
1423 5706 1785 5777 παροξύτονον
1843 5710 1941 5779 μὶν

1558 5706 1785 5771 νξύτονον
1843 5710 1941 5779 μὶν
2051 5708 2125 5777 ci,
2148 5716 2322 5763 marte
2356 5720 2454 5761 suo
2493 5706 2742 5761 eamdem
2774 5704 3101 5761 reformare.
