3908 6214
188 265 285 331 817

1050 281 1151 342 ΑΙ)
1172 282 1769 352 AMPHILOCHIUM
1807 294 2153 366 QU/ESTIO
2189 300 2365 363 CLII.
2400 303 2611 367 CLIII.

3330 316 3444 405 διδ

188 382 286 453 σῆς
311 383 339 436 6
360 382 657 456 νομοθέτης
684 384 947 459 κάλυμμα
978 388 1173 463 ἔφερεν
1192 393 1287 446 ἐπὶ
1315 395 1410 449 τοῦ
1434 396 1756 469 προσώπου,

1863 404 2041 462 cunda
2072 421 2247 464 causa
2277 419 2391 478 est,
2458 413 2587 481 quia
2622 426 2748 468 cum
2816 413 3001 474 Moses
3032 402 3443 492 legislatorve-

186 474 462 545 ἀναλόγως
514 478 611 531 καὶ
643 478 713 534 τὰ
769 480 1209 553 νομοθετούμενα
1258 481 1345 540 οἷα
1380 487 1447 559 δὴ
1489 489 1762 562 κάλυμμα

184 566 279 638 τὴν
301 568 571 636 ἀσάφειαν
605 572 943 642 συνεπέφερε
961 587 978 602 ⁸
1010 574 1105 627 καὶ
1133 576 1417 648 οὐδέτερον
1452 580 1555 650 μὲν
1579 581 1761 636 αὐτῶν

183 656 241 709 τὸ
264 655 534 729 ἔγκλημα,
565 660 675 713 τῶν
703 661 749 714 δ’
776 663 1061 734 ἀκροατῶν
1095 666 1128 737 ή
1157 667 1410 722 ἀσθένεια
1448 670 1548 740 τὴν
1579 674 1761 727 αἰτίαν

184 748 328 818 ἔχει-ο
360 752 585 823 καὶγὰρ
616 754 861 822 Μωῦσῆς
885 755 946 808 τὸ
969 756 1235 829 κάλυμμα
1255 799 1269 819 ,
1320 761 1454 815 διότι
1484 765 1585 819 οὐκ
1626 766 1759 837 ἠδύ-

183 859 336 895 ναντο
379 843 565 914 φέρειν
612 846 712 916 τὴν
770 846 928 914 δόξαν
984 848 1080 902 τοῦ
1115 851 1410 921 προσώπου
1459 856 1626 910 αὐτοῦ
1681 858 1758 930 μὴ

183 934 617 1005 κεκαλυμμένου,
651 940 992 1008 περιετίθετο
1018 958 1031 972 ·
1059 944 1154 995 καὶ⁵
1176 946 1204 997 ὀ
1224 944 1389 1015 νόμος
1411 947 1467 1001 δὲ
1502 950 1625 1003 ἀντὶ
1654 950 1750 1004 τοῦ

181 1026 643 1099 προκαλύμματος
671 1030 739 1084 δι’
763 1032 896 1086 αὐτὸ
936 1034 1095 1089 τοῦτο
1127 1035 1225 1107 τὴν
1258 1039 1530 1109 ἀσάφειαν
1586 1060 1756 1113 περι-

180 1112 468 1187 εὸέὸλητοο
494 1119 966 1194 ἐναπετίθετογὰρ
996 1126 1052 1176 ἐν
1078 1126 1310 1193 ἐκείνοις
1335 1127 1425 1184 οἷοι
1445 1130 1509 1205 δὴ
1543 1112 1755 1205 θησαυ-

180 1209 313 1277 ροῖς,
340 1209 408 1263 τὰ
429 1210 744 1285 τελειότερα
765 1217 862 1270 καλ⁴
890 1218 1201 1291 ὑψηλότερα
1228 1222 1538 1294 δογμάτων,
1585 1226 1622 1281 ἃ
1658 1228 1752 1282 τὸν

176 1301 409 1370 Χριστόν
436 1321 579 1375 φημι
603 1308 698 1361 καὶ
729 1309 829 1380 τὴν
847 1311 1012 1365 αὐτοῦ
1036 1312 1314 1387 Διαθήκην
1338 1320 1753 1391 προκατηγγελ-

176 1392 299 1446 λενι
341 1394 455 1448 ἀλλ’
483 1397 713 1465 ἐκείνοις
761 1401 865 1471 μὲν
911 1402 975 1456 τὸ
1018 1405 1210 1468 ἀτελὲς
1248 1408 1344 1461 καὶ
1386 1410 1755 1482 ἠρρωστηκὸς

173 1486 269 1556 τῆς
298 1486 525 1559 γνώμης
558 1491 695 1562 πρὸς
716 1494 775 1546 τὸ
814 1495 1024 1549 ἐκεῖθεν
1049 1498 1239 1569 κέρδος
1255 1500 1506 1570 ἐμποδὼν
1528 1502 1715 1558 ἵστατο
1734 1522 1751 1537 ·

174 1576 302 1645 ἡμῖν
348 1576 405 1629 δὲ
460 1580 927 1652 θησαυριξόμενον
980 1586 1331 1655 ἐφυλάττετο,
1365 1588 1453 1644 ἵνα
1511 1592 1751 1663 Χριστοῦ

175 1670 636 1737 παραγεγονότος,
704 1673 792 1727 διὰ
849 1676 952 1746 τῆς
987 1678 1127 1750 πρὸς
1173 1678 1336 1733 αὑτὸν
1409 1682 1752 1756 ἐπιστροφῆς

174 1759 534 1833 ἀνακαλυφθῇ
560 1763 621 1816 τὸ
651 1764 1150 1839 θησαυριξόμενον·
1177 1771 1272 1824 καὶ
1309 1772 1471 1843 ὁρᾶτε
1502 1776 1582 1838 είς
1620 1775 1752 1847 ὅσην
1781 1759 1828 1818 Β

171 1848 317 1917 ἡμᾶς
349 1849 506 1915 ἀξίαν
568 1856 600 1924 ἡ
636 1855 731 1907 τοῦ
776 1860 1049 1913 Δεσπότου
1086 1863 1360 1933 παρουσία
1405 1866 1747 1937 συνήγαγεν·

175 1937 254 1999 είς
280 1937 391 2008 γὰρ
422 1939 521 2011 τὴν
550 1942 644 1994 τοῦ
684 1944 967 2009 Μωῡσέως
1012 1947 1164 2013 τάξιν
1198 1951 1626 2023 ἐγκατέστησεν·
1652 1954 1751 2008 ἆλ-

169 2027 273 2092 λως
303 2047 361 2083 τε
386 2031 442 2084 δὲ
480 2035 575 2086 καὶ
600 2035 710 2089 τῶν
741 2037 1044 2107 μελλόντων
1073 2042 1107 2112 ἡ
1143 2045 1466 2114 προφητεία,
1509 2044 1612 2099 κᾶν
1641 2064 1750 2118 μη-

166 2120 398 2191 δαμόθεν
417 2124 637 2180 ἄλλοθεν
675 2131 1073 2204 συνεφέλκηται
1098 2133 1160 2187 τὸ
1181 2133 1578 2209 δυσθεώρητον,
1607 2140 1749 2210 πλὴν

165 2212 262 2283 οὐχ
283 2214 458 2279 οὕτως
490 2220 605 2271 ἐστὶ
633 2220 808 2291 σαφὴς
829 2220 905 2285 ώς
937 2225 969 2292 ἡ
1000 2223 1112 2277 τῶν
1138 2225 1423 2298 παρόντων
1453 2228 1709 2301 διήγησις
1729 2246 1747 2264 ·

166 2304 435 2361 λαδόντων
457 2308 513 2363 δὲ
541 2312 711 2383 πέρας
733 2312 841 2366 τῶν
868 2317 1375 2387 προφητευθέντων,
1408 2321 1505 2374 καὶ
1520 2321 1581 2374 τὺ
1609 2324 1750 2376 ἀσα-

164 2394 261 2463 φὲς
284 2399 726 2468 συμμεθίσταται
754 2403 894 2473 πρὸς
916 2407 1216 2475 σαφήνειαν
1237 2421 1250 2435 ·
1292 2408 1387 2459 καὶ
1420 2408 1532 2478 γὰρ
1560 2410 1655 2461 καλ⁵
1689 2410 1749 2461 τὸ

170 2486 412 2539 «Λύσατε
435 2487 530 2541 τὸν
554 2489 680 2542 ναὸν
705 2492 894 2545 τοῦτον
913 2493 1009 2546 καί¹
1038 2495 1095 2546 ἐν
1119 2495 1301 2566 τρισὶν
1316 2498 1552 2568 ἡμέραις
1568 2498 1748 2569 ἐγερῶ

140 2576 349 2643 ἀύτὸν,
383 2596 401 2630 ι
428 2579 522 2631 τοῦ
552 2580 810 2652 Σωτῆρος
828 2585 1361 2654 προαγορεύσαντος,
1382 2588 1441 2639 οὐ
1463 2587 1626 2658 μόνον
1641 2588 1749 2641 τῶν

161 2668 340 2722 ἄλλων
383 2670 654 2725 Ἰουδαίων
701 2673 764 2725 τὸ
794 2674 1020 2738 ἀπειθὲς
1053 2677 1149 2730 καὶ
1208 2678 1645 2749 ἀπονενοημένον
1686 2680 1749 2733 τὸ

160 2761 546 2830 προφητευθὲν
569 2764 628 2816 ού
665 2766 995 2837 κατενόησεν
1046 2768 1167 2822 οὐδὲ
1194 2770 1450 2841 συνῆκεν,
1482 2772 1598 2825 ἀλλ’
1638 2774 1745 2827 οὐδ’

160 2850 284 2902 ὅσον
322 2855 381 2902 ἐν
429 2853 616 2916 αὐτοῖς
696 2856 1068 2929 συνετώτερον
1126 2862 1221 2914 καὶ
1266 2865 1367 2933 τῆς
1405 2865 1747 2937 Δεσποτικῆς

158 2941 513 3006 διδασκαλίας
566 2945 935 3013 ἀπολαύοντες
986 2950 1096 3004 τῶν
1152 2954 1414 3024 μαθητῶν
1473 2958 1501 3009 6
1563 2959 1743 3028 χορὲς,

158 3033 268 3086 οὐδ’
304 3037 458 3088 αὐτοὶ
486 3037 760 3102 συνίεσαν,
787 3040 925 3093 ἀλλὰ
952 3043 1052 3113 τῆς
1106 3044 1197 3097 διὰ
1243 3045 1352 3098 τῶν
1399 3050 1746 3117 πραγμάτων

158 3127 460 3198 ἐδεήθησαν
488 3130 624 3199 πρὸς
646 3131 744 3202 τὴν
770 3135 1097 3206 κατανόησιν
1124 3137 1219 3190 τοῦ
1251 3141 1742 3211 προφητευθέντος,
1774 3130 1816 3186 C

158 3221 464 3286 ἐκϐάσεως.
484 3224 685 3295 Διόπερ
714 3224 822 3278 οὐδ’
844 3226 1029 3298 ἔνοχός
1051 3230 1201 3283 ἐστιν
1229 3231 1408 3295 αἰτίας
1435 3235 1463 3286 6
1489 3233 1746 3299 Ἰουδαῖος

157 3314 255 3377 τὰς
290 3318 420 3386 περὶ
471 3318 710 3388 Χριστοῦ
766 3322 1107 3391 προφητείας
1156 3323 1265 3394 πρὸ
1310 3326 1411 3395 τῆς
1444 3327 1614 3380 αὐτοῦ
1660 3301 1746 3399 μὴ

159 3408 365 3470 συνιεὶς
400 3410 705 3479 παρουσίας
728 3428 741 3443 ·
773 3412 948 3485 ταύτῃ
978 3431 1061 3467 τοι
1092 3417 1187 3468 καὶ
1220 3419 1249 3469 6
1278 3418 1469 3489 Σωτὴρ
1517 3419 1704 3487 ἔλεγεν
1732 3436 1745 3450 ·

167 3516 187 3551 ι
229 3500 293 3553 Ei
332 3502 408 3572 μὴ
450 3498 615 3573 ἦλθον
652 3506 748 3558 καὶ
778 3505 1020 3576 ἐλάλησα
1052 3507 1259 3575 αὐτοῖς,
1309 3510 1589 3581 ἁμαρτίαν
1647 3513 1748 3565 οὐκ

158 3587 362 3661 εἶχον.»
396 3595 506 3647 Καὶ
536 3597 646 3667 γὰρ
682 3599 730 3650 εί
762 3601 857 3651 καὶ
884 3599 952 3652 τὰ
983 3599 1142 3667 λόγια
1166 3600 1356 3654 τοῦτον
1412 3604 1749 3674 ἐχρησμολόο

157 3701 269 3754 γει,
306 3684 421 3738 ἀλλ’
448 3689 811 3754 ἐπεσκιάζετο
873 3694 939 3762 τῇ
978 3694 1217 3764 ἀπουσίᾳ
1248 3693 1341 3747 τοῦ
1392 3697 1746 3766 κηρυσσομέ-

158 3795 288 3830 νοιι·
361 3781 630 3851 παρόντος
672 3782 750 3848 δὲ,
808 3783 1107 3854 οὐδαμόθεν
1137 3785 1325 3839 λοιπὸν
1376 3787 1599 3844 ἄλλοθεν
1645 3790 1745 3842 ἑπ-

158 3871 471 3936 εσκιάζετο,
503 3874 641 3946 μόνῃ
669 3874 725 3929 δὲ
755 3878 822 3948 τῇ
854 3878 1129 3950 μοχθηρία
1163 3881 1259 3933 καὶ
1295 3883 1604 3953 κακουργία
1637 3884 1747 3937 τῶν

163 3968 238 4038 μὴ
276 3968 619 4038 βουλομένων
648 3970 985 4027 ἐκαλύπτετο
1016 3975 1440 4047 παραδέχεσθαι.
1462 3978 1591 4031 Ἐπὶ
1622 3979 1747 4033 τού-

156 4077 273 4123 τοις
299 4061 357 4113 6}:
407 4062 508 4132 τῆς
559 4063 829 4133 ἀσαφείας
879 4067 1027 4120 ἐστὶν
1060 4067 1211 4121 αἰτία
1247 4068 1308 4121 τὸ
1354 4068 1453 4141 μὴ,
1476 4073 1629 4142 φωνῇ
1676 4074 1745 4144 τῇ

172 4150 389 4207 Ἐλλάδι
413 4155 516 4225 τὴν
548 4155 796 4209 Παλαιὰν
830 4157 1245 4229 ἀπαγγελθῆναι
1265 4160 1509 4234 Γραφὴν,
1542 4162 1658 4216 ἀλλ’
1682 4166 1749 4216 ἐκ

156 4247 259 4317 τῆς
310 4247 592 4319 Ἐὁρατδος
640 4252 721 4313 είς
767 4251 975 4323 ταύτην
1021 4256 1388 4323 μεταπεσεῖνο
1421 4256 1635 4326 πέφυκε
1687 4257 1746 4311 δὲ

158 4342 310 4393 πᾶσα
340 4341 566 4410 γλῶσσα
596 4345 675 4407 εἰς
705 4343 939 4414 ἔκφυλον
974 4347 1393 4419 μετατιθεμένη,
1434 4347 1495 4401 τὸ
1536 4350 1747 4418 ἀσαφὲς

158 4433 256 4485 καὶ
312 4433 748 4506 δυσκατανόητον
781 4437 1206 4508 συνεφέλκεσθαι
1229 4458 1246 4473 ·
1273 4443 1338 4512 τῇ
1384 4440 1628 4512 Ἐϐραΰι
1685 4442 1744 4496 δὲ

156 4528 281 4579 κατ’
339 4529 516 4599 ἀρχὰς
580 4532 884 4602 ἐρρέθησαν
944 4534 1000 4585 αἱ
1031 4534 1329 4587 Μωσαῖκαὶ
1381 4534 1739 4605 νομοθεσίαν

156 4620 293 4672 διότι
336 4622 495 4690 μόνον
542 4622 797 4694 τηνικάδε
850 4624 912 4677 τὸ
972 4624 1244 4678 Ἰουδαίων
1288 4625 1440 4689 ἔθνος
1491 4629 1558 4699 τῇ
1621 4627 1742 4680 θεο-

154 4716 370 4786 γνωσία
414 4720 775 4787 προσανεῖχε·
833 4720 901 4772 τά
946 4718 1004 4771 δὲ
1041 4717 1203 4771 λοιπὰ
1252 4718 1389 4788 πρὸς
1448 4718 1545 4790 τὴν
1591 4718 1746 4772 εἰδω-

154 4807 319 4879 λικὴν
349 4811 758 4882 άπετεθηρίωτο
811 4811 1028 4881 μανίαν.
1080 4813 1234 4866 Ἐπεὶ
1287 4812 1345 4865 δὲ
1377 4812 1614 4883 Χριστὸς
1642 4813 1745 4883 ῆγο

154 4898 281 4967 γιζε
312 4900 739 4969 παραγενέσθαι,
764 4900 860 4954 καὶ
887 4902 1024 4971 πρὸς
1048 4902 1241 4954 ἑαυτὸν
1271 4903 1372 4971 τὴν
1405 4901 1738 4971 οἰκουμένην

155 4991 365 5055 καλεῖν,
400 4995 434 5061 ἡ
494 4992 737 5063 Ἑλληνὶς
789 4993 846 5047 δὲ
880 4993 1103 5062 γλῶσσα
1154 4994 1263 5047 τῶν
1319 4994 1495 5049 ἄλλων
1541 4995 1743 5064 μᾶλλον

154 5084 271 5146 τοῖς
297 5082 509 5137 ἔθνεσιν
532 5085 1174 5158 ἐπεπόλαζε,τηνικαῦτα
1196 5086 1459 5158 καὶὴτῶν
1475 5087 1744 5158 Ἐϐραίων

158 5172 316 5245 φωνὴ
344 5175 481 5244 πρὸς
500 5175 599 5244 τὴν
629 5176 899 5248 Ἑλλήνων
926 5176 1460 5247 μετεϐέϐλητο,πρὸς
1480 5178 1745 5230 ἐνιαυτῶν

155 5265 218 5317 ού
256 5266 420 5319 πλέον
459 5268 655 5322 ἐκατὺν
682 5269 781 5339 τῆς
806 5268 897 5323 τοῦ
934 5268 1190 5339 Σωτῆρος
1213 5267 1549 5339 παρουσίας,
1576 5269 1743 5322 αὑτοῦ

1867 494 1979 550 lum
2009 496 2063 551 in
2094 496 2233 553 facie
2256 500 2525 570 gesserit,
2566 514 2932 571 congruenter
2956 509 3123 563 etiam
3154 510 3301 579 leges
3335 515 3441 569 veli

1863 586 2039 643 instar
2086 589 2477 646 obscuritatem
2531 595 2953 652 contrahebant.
3006 597 3196 656 Neutri
3243 619 3308 657 ex
3355 606 3441 661 his

1860 678 2021 746 culpa
2051 678 2367 749 imputanda
2405 694 2532 750 est,
2575 700 2741 754 quam
2789 687 3098 745 auditorum
3149 692 3441 751 infirmitas

1860 771 2115 827 sustinet.
2161 771 2298 828 Nam
2340 783 2397 829 et
2442 774 2622 833 Moses
2655 777 2864 835 idcirco
2893 793 3059 851 caput
3098 783 3439 854 obnubebat,

1859 862 1990 932 quia
2036 864 2263 933 gloriam
2299 866 2482 923 vultus
2522 868 2642 938 ejus
2673 869 2918 939 perferre
2962 889 3128 928 nemo
3173 885 3390 947 poterat
3422 895 3437 932 :

1858 953 2071 1025 legique
2096 956 2246 1022 item,
2272 958 2378 1013 veli
2408 958 2551 1024 loco,
2579 961 2651 1017 ob
2688 962 2939 1018 eamdem
2980 978 3204 1022 causam
3236 968 3439 1024 obscu-

1856 1046 1992 1104 ritas
2025 1050 2198 1106 oﬂ‘usa
2229 1050 2351 1106 fuit.
2384 1051 2596 1108 Etenim
2626 1055 2680 1110 in
2713 1071 2782 1111 eo
2805 1058 2974 1113 veluti
3009 1060 3268 1115 thesauro
3299 1078 3439 1117 con-
3484 1130 3487 1134 ι

1856 1139 2125 1196 debentur
2137 1142 2458 1211 perfectiora
2476 1146 2819 1216 celsioraque
2839 1147 3116 1218 dogmata,
3142 1167 3263 1222 quae
3283 1152 3442 1208 Chri-

1855 1240 2004 1285 stunt
2049 1232 2259 1287 scilicet
2306 1233 2533 1305 ejusque
2560 1233 2974 1294 Testamentum
3015 1242 3435 1310 portendebant.

1858 1323 1964 1381 Sed
1994 1326 2140 1382 enim
2170 1326 2526 1385 Hebraeorum
2556 1331 2899 1401 imperfectio
2936 1345 2992 1389 et
3027 1335 3245 1392 inﬁrma
3278 1354 3435 1393 mens

1853 1417 2151 1487 quoininus
2185 1420 2312 1475 inde
2352 1421 2567 1477 lucrum
2598 1422 2701 1494 ipsi
2742 1426 3125 1496 perciperent,
3167 1428 3436 1499 impedie—

1854 1509 1945 1564 bat
1979 1526 1992 1566 :
2027 1510 2186 1566 nobis
2218 1520 2400 1568 autem
2446 1530 2509 1568 ea
2548 1530 2636 1571 res
2674 1517 2956 1572 recondita
2990 1524 3335 1587 servabatur,
3378 1532 3439 1576 ut

1853 1602 2076 1658 Christo
2102 1616 2389 1675 praesente,
2416 1622 2511 1676 per
2541 1609 2958 1663 conversionem
2998 1610 3063 1665 ad
3087 1626 3237 1680 eum,
3281 1627 3438 1667 reve-

1854 1694 2061 1749 larctur
2086 1694 2403 1752 thesaurus.
2428 1696 2549 1753 Jam
2577 1714 2792 1755 mecum
2818 1702 3165 1757 considerate
3184 1703 3239 1757 in
3261 1719 3438 1773 quan-

1858 1797 1968 1841 tam
2003 1803 2104 1843 nos
2143 1788 2464 1859 dignitatem
2497 1789 2717 1847 Domini
2757 1797 3044 1863 praesentia
3078 1796 3434 1851 subvexerit:

1858 1890 2096 1945 namque
2121 1876 2173 1930 in
2207 1875 2328 1947 ipso
2367 1893 2467 1933 nos
2489 1876 2657 1934 Mosis
2691 1880 2886 1938 ordine
2918 1884 3222 1939 collocavit.
3256 1884 3429 1939 Caete-

1859 1965 2070 2033 teroqui
2104 1962 2414 2019 futurarum
2444 1981 2625 2021 rerum
2656 1968 2999 2035 vaticinium,
3040 1973 3257 2027 etiamsi
3291 1970 3434 2028 forte

1856 2055 2061 2110 nullam
2083 2056 2231 2111 aliud
2250 2058 2432 2112 trahat
2456 2059 2866 2128 obscuritatem,
2887 2062 3248 2121 nihilominus
3285 2082 3432 2121 nun-

1856 2161 2019 2216 quam
2051 2161 2208 2216 aeque
2231 2155 2315 2203 est
2336 2148 2584 2214 evidens,
2610 2160 2671 2204 ut
2694 2152 3045 2220 praesentium
3087 2168 3271 2207 rerum
3304 2170 3433 2208 nar-

1854 2240 2018 2295 ratio.
2057 2240 2271 2307 Vernm.
2303 2242 2397 2297 ubi
2439 2244 2736 2313 prophetiae
2781 2245 2849 2300 ad
2899 2248 3107 2301 exitum
3157 2246 3435 2318 perducta:

1857 2331 2095 2395 fuerint,
2130 2341 2249 2387 tum
2295 2333 2515 2389 demum
2559 2336 2870 2392 obscuritas
2902 2336 2957 2392 in
2993 2338 3170 2393 lucem
3200 2354 3435 2395 conver-

1855 2423 2161 2479 titur.Nam
2184 2433 2389 2480 etcum
2419 2426 2584 2481 verba
2608 2426 2968 2494 illa,cSolvite
3006 2429 3274 2501 templum
3303 2431 3430 2499 hoc,

1853 2526 1907 2570 et
1931 2532 2033 2588 ego
2072 2518 2247 2574 tribus
2272 2519 2466 2574 diebus
2488 2520 2741 2576 excitabo
2777 2521 2912 2577 illud
2939 2522 2980 2590 ⁸,
3013 2541 3032 2574 ι
3072 2538 3105 2578 a
3138 2522 3435 2580 Servatore

1855 2611 1997 2665 dicta
2037 2609 2297 2676 fuerunt,
2326 2627 2470 2674 ,non
2507 2611 2687 2668 solum
2737 2626 3062 2670 caeterorum
3109 2617 3433 2671 'Judaaorum

1854 2717 1982 2772 pars
2009 2701 2290 2756 incredula
2337 2710 2392 2757 et
2424 2719 2618 2758 vecors
2663 2706 3012 2776 prophetiam
3051 2722 3232 2777 neque
3265 2706 3438 2761 sensit

1854 2810 2033 2864 neque
2063 2794 2353 2860 intellexit,
2393 2796 2488 2851 sed
2530 2812 2598 2851 ne
2646 2797 2722 2851 illi
2769 2798 2990 2867 quidem
3040 2799 3133 2868 qui
3166 2799 3308 2852 inter
3338 2813 3436 2852 eos

1853 2886 2238 2958 prudentiores
2266 2896 2449 2953 erant,
2486 2897 2541 2944 et
2573 2887 2873 2944 Dominicae
2913 2890 3178 2944 doctrinae
3217 2887 3437 2944 audito-

1854 2996 1962 3043 res,
2000 2980 2398 3051 discipulorum
2442 2997 2639 3051 nempe
2673 2989 2849 3037 coetus
2873 3022 2887 3047 ,
2931 2980 3235 3052 quidquam
3274 2980 3436 3033 intel-

1853 3074 2128 3139 lexcrunt,
2166 3074 2259 3128 sed
2292 3089 2478 3127 rerum
2508 3072 2657 3128 exitu
2706 3074 3059 3145 indiguerunt
3092 3086 3147 3129 ut
3190 3070 3435 3128 vaticinii

1850 3181 2072 3222 sensum
2118 3168 2481 3238 perciperent.
2532 3165 2715 3233 Quare
2749 3184 2850 3223 nec
2889 3182 3016 3223 reus
3060 3167 3436 3222 traducendus

1848 3266 1931 3312 est
1957 3256 2181 3313 Judaeus
2208 3300 2223 3324 ,
2265 3259 2396 3329 quia
2425 3257 2682 3312 vaticinia
2731 3259 2797 3312 de
2833 3258 3054 3314 Christo
3105 3270 3232 3314 ante
3268 3259 3432 3329 hujus

1848 3349 2139 3403 adventum
2194 3365 2301 3403 non
2377 3350 2728 3405 intellexerit.
2778 3349 3012 3421 Ideoque
3072 3360 3129 3406 et
3177 3350 3438 3406 Servator

1849 3440 2029 3494 aiebat
2061 3459 2074 3494 :
2114 3458 2133 3491 ι
2163 3438 2280 3494 Nisi
2315 3456 2416 3509 ego
2448 3441 2721 3496 venissem
2749 3441 2961 3512 illisque
2986 3442 3207 3498 locutus
3232 3457 3433 3507 essem,

1851 3543 2131 3601 peccatum
2164 3548 2272 3585 non
2310 3532 2577 3587 haberent
2597 3535 2674 3586 ⁵.»
2709 3533 2821 3589 Etsi
2841 3535 2988 3587 enim
3020 3534 3244 3588 oracula
3271 3532 3437 3588 Chri-

1848 3634 1994 3680 stum
2024 3626 2416 3696 prazdicebant,
2444 3627 2558 3681 haec
2592 3636 2770 3680 tamen
2805 3626 3247 3681 obscurabantur
3310 3641 3437 3695 pro-

1850 3730 1968 3788 pter
1991 3718 2112 3787 ejus
2142 3719 2234 3787 qui
2257 3718 2646 3789 designabatur
2675 3719 2980 3791 absentiam
3016 3736 3029 3773 :
3069 3732 3181 3790 quo
3215 3717 3436 3772 demum

1849 3820 2141 3881 praesente,
2166 3811 2278 3881 jam
2310 3811 2625 3882 neutiquam
2680 3811 2921 3879 tegmine
2965 3811 3436 3866 obnubebantur:

1849 3905 1965 3959 sola
1985 3913 2166 3960 autem
2210 3904 2532 3974 improbitas
2549 3905 2917 3975 vecordiaque
2957 3903 3434 3971 refractariorum,

1851 3998 2149 4069 quominus
2183 3997 2231 4053 is
2258 3999 2627 4069 reciperetur,
2658 3999 2813 4053 obsta
2829 3998 2942 4053 bat.
2979 3998 3207 4055 Accedit
3239 3999 3305 4053 ad
3336 3999 3437 4054 οι)⁴

1849 4090 2132 4146 scuritatis
2182 4104 2383 4145 causas
2428 4090 2575 4160 quod
2626 4100 2789 4145 vetus
2845 4088 3137 4160 Scriptura
3184 4104 3438 4146 sermone

1850 4182 2042 4238 Graeco
2072 4198 2182 4237 non
2216 4183 2321 4237 fuit
2349 4193 2637 4254 concepta,
2667 4184 2761 4239 sed
2788 4198 2852 4236 ex
2882 4181 3151 4238 llebraico
3190 4183 3257 4252 in;
3282 4183 3435 4239 illum

1850 4276 2114 4328 manavit.
2150 4273 2247 4328 Est
2276 4284 2456 4329 autem
2492 4283 2691 4329 natura
2733 4286 3115 4344 Comparatum
3164 4282 3222 4328 ut
3254 4275 3439 4329 omnis

1851 4368 2071 4438 lingua,
2108 4383 2231 4437 quae
2270 4368 2327 4422 in
2366 4368 2708 4437 peregrinam
2754 4368 3146 4440 .convertitur,
3182 4367 3434 4421 obscuri-

1851 4467 2017 4513 tatem
2052 4456 2574 4526 abstrusionemque
2619 4458 2933 4512 contrahat.
2980 4455 3100 4512 Jam
3136 4472 3266 4512 vero
3284 4457 3433 4527 prin-

1847 4551 1989 4621 cipio
2020 4549 2277 4604 Mosaicae
2304 4549 2449 4619 leges
2486 4547 2771 4604 Hebraieae
2814 4548 3014 4621 linguae
3039 4550 3434 4604 commendata:

1847 4642 2113 4698 luerunt:
2157 4658 2332 4713 quare
2374 4652 2427 4697 et
2455 4650 2586 4696 tunc
2622 4640 2796 4696 Judaei
2832 4641 2935 4697 soli
2970 4641 3162 4696 notitia
3201 4641 3295 4695 Dei
3331 4657 3431 4711 po-

1845 4737 2122 4791 tiebantur
2148 4753 2163 4803 ;
2193 4736 2419 4804 reliquae
2441 4744 2634 4805 gentes
2665 4735 2869 4790 idolica
2898 4734 3110 4790 insania
3138 4735 3432 4804 jactaban.

1846 4840 1951 4885 tur.
2005 4828 2110 4885 Sed
2147 4829 2293 4884 enim
2321 4828 2530 4883 Christi
2566 4844 2691 4884 cum
2720 4829 3192 4900 appropinquaret
3227 4829 3433 4883 adven-

1849 4931 1959 4984 tus,
1986 4918 2288 4988 mundiquc
2317 4917 2382 4972 ad
2410 4932 2537 4972 eum
2572 4918 2787 4972 vocatio
2812 4934 2826 4977 ς
2856 4932 3093 4986 cumque
3113 4916 3225 4988 jam
3248 4915 3435 4974 Grmca

1851 5009 2035 5078 lingua
2055 5023 2167 5078 prae
2188 5008 2402 5063 caeteris
2424 5006 2479 5060 in
2510 5022 2670 5061 nsum
2694 5007 2936 5077 gentium
2969 5018 3182 5075 recepta
3221 5007 3433 5072 fuisset,

1850 5106 1984 5151 tunc
2008 5094 2247 5151 Hebraea:
2282 5094 2506 5149 Litterae
2541 5096 2593 5149 in
2628 5094 2848 5151 Graecas
2876 5110 3158 5150 conversa:
3185 5095 3432 5159 luerunt,

1851 5199 1998 5239 anno
2034 5192 2160 5238 ante
2188 5182 2391 5238 Christi
2425 5184 2716 5238 adventum
2755 5184 2842 5237 vix
2873 5185 3176 5239 centesimo
3200 5223 3215 5247 ,
3250 5182 3434 5236 Ptole-

1857 5291 1994 5329 maeo
2029 5273 2142 5344 (59)
2173 5276 2227 5328 in
2255 5272 2490 5344 Egypto
2520 5284 2804 5344 regnante.
2842 5273 3054 5346 Quippe
3094 5276 3343 5340 decebat,
3374 5283 3433 5329 ut

229 5410 253 5443 ³
284 5409 329 5465 ll
360 5410 489 5466 Cor.
526 5427 613 5475 ιιι,
656 5411 773 5466 15..
818 5413 840 5445 ’δ
863 5411 1023 5467 Joan.
1060 5429 1122 5476 ιι,
1158 5413 1244 5467 19.
1322 5414 1343 5444 ⁸
1377 5411 1537 5467 Joan.
1568 5429 1659 5479 xv,
1686 5412 1780 5479 22,
1804 5412 1896 5469 24.

1680 5528 1916 5587 ΝΟΤᾸΞ.

230 5615 346 5695 (39)
376 5617 497 5685 Quo
521 5617 851 5695 Ptolemaeo?
877 5618 1012 5695 Nam
1030 5621 1444 5691 Philadelphum
1476 5623 1601 5695 (sub
1626 5639 1735 5693 quo

154 5688 403 5744 creditur
431 5701 617 5744 curata
669 5691 1066 5764 interpretatio)
1099 5709 1206 5749 non
1235 5688 1447 5750 videtur
1483 5688 1735 5754 'Pbotius

1845 5625 2168 5693 intelligere,
2205 5625 2343 5679 inter
2373 5624 2533 5693 cujus
2563 5640 2793 5695 regnum
2824 5624 3142 5696 Christique
3168 5622 3422 5678 nativita-

1845 5705 1951 5751 tem
1991 5698 2335 5752 intercedunt
2356 5697 2482 5753 anni
2513 5697 2763 5752 trecenti.
