3908 6214
400 301 507 364 81‘l

1560 294 1822 356 ΡΗΟΤΙῙ
1858 292 2367 356 ΡΑΤΒΙΑΒΟΗᾹΞ
2394 292 2502 353 CP.

3566 283 3673 339 820

400 428 511 485 quo
528 425 784 466 sermone
800 409 1098 465 multitudo
1132 408 1377 479 gentium
1399 406 1466 462 ad
1488 405 1580 462 Dei
1607 407 1976 478 cognitionem
2010 459 2014 469 ,

2121 407 2181 477 ῆς
2212 405 2491 474 Αἰγύπτου
2541 397 2880 469 Πτολεμαίου
2940 391 3317 466 βασιλεύοντος
3351 389 3430 462 (6)
3460 406 3476 421 °
3508 389 3681 459 ἐχρῆν

403 502 764 572 pertrahenda
790 510 930 565 erat,
978 499 1170 556 eodem
1196 498 1422 554 oracula
1474 511 1694 567 quoque
1732 511 1983 565 praenun—

403 595 694 662 tiarentur,
726 610 846 665 quae
880 593 948 649 de
977 592 1257 649 communi
1288 590 1579 645 Servatore
1609 588 1986 644 vaticinaban-

403 696 512 743 tur.
560 687 681 744 Jam
718 688 835 758 ipsa
884 686 1142 756 loquendi
1177 684 1260 740 vis
1294 684 1497 739 idcirco
1547 684 1600 737 in
1656 683 1842 753 plures
1871 681 1987 737 dia-

406 782 578 837 lectos
610 797 766 837 versa
801 790 905 846 est,
924 778 1053 849 quia
1078 794 1203 834 cum
1240 777 1397 832 initio
1440 777 1658 829 unicam
1691 789 1721 828 a
1758 773 1868 829 Deo
1897 788 1988 829 ac-

407 871 646 940 cepisset
675 870 869 934 homo,
916 867 1141 923 vesania
1166 874 1331 936 atque
1365 865 1645 933 impietate
1674 864 1852 918 elatus
1881 871 1985 918 est.

410 961 862 1031 Quandoquidem
906 976 1036 1031 ergo
1094 959 1257 1014 unica
1311 958 1496 1028 lingua
1541 957 1796 1011 homines
1838 956 1989 1011 abusi

412 1064 560 1119 sunt,
587 1055 781 1109 merito
807 1054 1016 1109 invecta
1047 1053 1149 1107 fuit
1171 1052 1484 1106 multitudo.
1512 1050 1618 1106 Sed
1649 1052 1797 1105 enim
1828 1050 1993 1106 unius

413 1148 611 1217 linguae
647 1147 1075 1203 emolumentum
1101 1157 1155 1200 et
1176 1162 1334 1201 usum
1354 1186 1369 1210 ,
1399 1145 1568 1199 multo
1599 1152 1844 1213 tempore
1870 1152 1995 1214 post

412 1240 743 1295 divisionem
785 1239 1031 1310 ejusdem
1057 1248 1221 1309 atque
1245 1238 1560 1302 dissidium,
1596 1236 1769 1307 igneis
1792 1236 1995 1307 linguis

416 1349 511 1386 ora
560 1333 813 1388 instructi
844 1332 1136 1401 discipuli,
1182 1330 1458 1400 magnalia
1494 1329 1590 1383 Dei
1629 1328 1994 1398 praedicando,

416 1425 635 1480 tandem
683 1424 981 1495 aliquando
1027 1425 1551 1480 demonstraverunt
1589 1431 1754 1493 atque
1801 1438 2001 1478 cumu-

416 1518 621 1572 larunt.

417 1633 746 1701 QUIESTIO
766 1633 927 1690 CLIV
950 1634 1144 1707 [CoisL
1163 1632 1494 1697 CLXXXIV,
1520 1631 1822 1687 Taur.CLX
1834 1629 1998 1703 XIII].

613 1727 752 1792 Quot
785 1728 1043 1781 editiones
1073 1725 1370 1795 Scriptura:
1393 1726 1549 1795 facta:
1575 1725 1799 1794 fuerint.

2031 1742 2079 1800 B

2084 501 2195 569 γὰρ
2218 497 2285 550 δι’
2322 492 2390 567 ἦς
2424 493 2615 565 ἔμελλε
2644 490 2711 544 τὰ
2741 488 2911 543 πλείω
2936 487 3044 541 τῶν
3074 485 3245 539 ἐθνῶν
3310 485 3391 545 εἰς
3441 482 3679 549 θεογνω-

2088 593 2209 645 σίαν
2238 584 2721 660 χειραγωγεῖσθαι,
2774 581 2840 635 δι’
2873 580 3046 650 αὐτῆς
3091 580 3187 631 καὶ
3230 578 3359 637 τοὺς
3392 575 3679 644 χρησμοὺς

2089 676 2646 753 προαγγέλλεσθαι,ο’ί
2679 675 2770 728 τὸν
2796 673 2973 727 κοινὸν
3007 671 3381 742 προεφήτευον
3418 668 3679 733 Σωτῆρα.

2090 778 2185 839 Εἰς
2221 773 2441 836 πλείους
2487 770 2542 823 δὲ
2601 766 2786 838 φωνὰς
2838 767 2892 818 αί
2946 763 3194 832 γλῶσσαι
3224 759 3681 829 διεμερίσθησαν,

2090 870 2224 924 διότι
2283 867 2413 938 μίαν
2477 866 2535 931 ἐξ
2608 861 2790 933 ἀρχῆς
2865 856 3048 913 λαϐὼν
3095 858 3123 910 ὁ
3177 853 3502 925 ἄνθρωπός,
3543 851 3683 920 πρὸς

2092 962 2353 1015 ἀπόνοιαν
2388 957 2483 1012 καὶ
2512 954 2781 1023 ἀθεότητα
2835 949 3013 1022 ἤρθη·
3050 948 3171 1001 ἐπεὶ
3218 942 3313 999 οῦν
3364 941 3686 1003 ἐπώλαὸὡς

2095 1054 2401 1124 ἐχρήσαντο
2427 1052 2495 1122 τῇ
2562 1049 2660 1119 μιᾷ
2708 1047 2884 1116 φωνῇ,
2918 1042 3161 1106 εὐλόγως
3188 1036 3598 1107 ἁντεισηνέχθη
3624 1036 3687 1086 τὸ

2096 1147 2323 1217 πλῆθος.
2347 1144 2458 1214 Τῆς
2495 1142 2595 1212 μέν
2624 1157 2705 1193 τοι
2741 1139 2871 1208 μιᾶς
2894 1136 2956 1189 τὸ
2980 1134 3172 1207 κέρδος
3205 1132 3302 1185 καὶ
3334 1130 3435 1200 τὴν
3472 1128 3689 1199 χρείαν,

2102 1239 2244 1311 μετὰ
2306 1237 2405 1308 τὴν
2444 1234 2651 1306 ταύτης
2711 1232 2978 1303 διαίρεσιν
3010 1228 3108 1283 καὶ
3158 1225 3464 1294 διασπορὰν
3509 1222 3694 1292 χρόνῳ

2101 1330 2327 1399 ὕστερον
2384 1326 2657 1389 πολυετεῖ,
2728 1320 2984 1393 πυρίναις
3016 1316 3392 1387 στομωθὲντες
3416 1312 3697 1380 γλώτταις

2100 1425 2148 1476 οἱ
2207 1416 2455 1489 μαθηταὶ
2484 1415 2576 1485 έτὰ
2625 1412 2891 1486 μεγαλεῖα
2952 1408 3047 1463 τοῦ
3096 1406 3233 1461 Θεοῦ
3292 1404 3697 1476 κηρύττοντες,

2102 1512 2382 1578 ἐπέδειξαν
2414 1510 2535 1564 τότε
2569 1508 2667 1562 καὶ
2701 1505 3119 1577 ἀνεπλήρωσαν.

2626 1618 2964 1677 ΕΡΩΤΗΣΙΣ
2996 1615 3168 1669 ΡΝΔ’.

2253 1720 2447 1774 Πόσαι
2487 1716 2765 1780 ἐκδόσεις
2817 1711 3100 1782 γεγόνασι
3150 1706 3227 1775 τῇ
3263 1708 3312 1759 Γ
3306 1702 3477 1774 ,βαφῇ
3502 1719 3520 1767 ἶ

854 1841 893 1891 Ν
900 1855 994 1890 unc
1007 1840 1220 1904 primum
1243 1839 1378 1890 edita
1397 1854 1424 1889 a
1445 1842 1503 1890 D.
1529 1839 1961 1903 Hergenroether.
1984 1864 2047 1874 —
2068 1836 2142 1887 De
2164 1834 2349 1886 Graecis
2368 1831 2569 1883 Veteris
2590 1826 2903 1879 'l‘estamenti
2925 1820 3261 1871 versionibus.

492 1926 679 1982 Prima
734 1936 817 1982 est
857 1925 1086 1997 (versio)
1156 1924 1514 1997 Septuaginta
1569 1925 1803 1980 duorum
1836 1925 2007 1980 inter—

424 2031 663 2092 pretum.
743 2018 806 2073 Ili
850 2034 975 2073 cum
1026 2016 1237 2073 Hehrmi
1296 2025 1504 2085 essent,
1556 2018 1744 2073 selecti
1776 2027 1906 2072 sunt
1940 2032 2009 2072 ex

428 2127 758 2183 unaquaque
808 2111 951 2165 tribu
1012 2126 1107 2165 sex
1147 2118 1201 2165 et
1247 2109 1589 2180 interpretati
1617 2111 2008 2167 suntdivinam

427 2205 773 2273 Scripturam
832 2211 1094 2272 regnante
1137 2199 1431 2256 Ptolemaeo
1486 2200 1839 2271 Philadelpho
1863 2217 2009 2255 anno

433 2296 814 2353 tercentesimo
842 2295 1020 2363 primo
1037 2305 1162 2348 ante
1195 2293 1412 2349 Domini
1442 2295 1616 2350 nostri
1644 2293 1772 2349 Jesu
1800 2293 2011 2348 Christi

430 2389 731 2444 secundum
786 2401 1006 2441 carnem
1077 2384 1507 2455 generationem.
1599 2385 1853 2439 Secunda
1929 2394 2014 2441 est

429 2478 641 2548 Aquilae
659 2477 850 2532 editio.
888 2476 1009 2541 Hic,
1040 2475 1244 2546 Sinope
1272 2476 1432 2533 Ponti
1474 2476 1741 2533 oriundus
1772 2492 1837 2532 ac
1862 2478 2002 2533 Grae-

433 2588 530 2626 cus
555 2586 774 2642 genere,
804 2569 1200 2641 Hierosolymis
1263 2570 1577 2640 baptizatus
1610 2580 1728 2635 est;
1797 2580 2011 2642 postea,

434 2663 647 2734 abjecta
708 2662 1021 2718 Christiana
1083 2662 1350 2735 religione
1380 2663 1444 2717 ad
1486 2661 1706 2718 Judaeos
1742 2665 2016 2720 transiens

433 2756 823 2826 interpretatus
885 2764 970 2811 est
1034 2764 1090 2811 et
1156 2756 1274 2828 ipse
1348 2754 1593 2810 divinam
1665 2756 2013 2826 Scripturam

430 2849 674 2904 Adriano
706 2849 1027 2919 imperante,
1056 2847 1150 2917 qui
1202 2847 1354 2918 lepra
1396 2862 1697 2916 percussus
1734 2849 1855 2913 fuit,
1881 2866 2018 2919 qua-

429 2941 732 3014 dringentis
762 2952 813 2997 et
864 2943 1087 3013 triginta
1120 2942 1283 2997 annis
1316 2950 1441 3012 post
1475 2941 1835 3011 Septuaginta
1875 2945 2018 2999 duos

432 3036 793 3105 interpretes;
830 3052 936 3089 non
964 3044 1114 3090 recto
1138 3050 1269 3089 vero
1304 3050 1467 3090 sensu
1502 3035 2017 3103 interpretationem

2183 1919 2383 1992 Πρώτη
2415 1918 2511 1988 μέν
2536 1917 2570 1987 ὴ
2596 1915 2704 1968 τῶν
2720 1911 3123 1981 Ἐὁδομήκοντα
3142 1908 3289 1961 δυοῖν
3305 1906 3366 1975 ἐρ
3375 1900 3670 1974 μηνευτῶν
3689 1916 3703 1930 °

2110 2011 2259 2073 οῦτοι
2299 2015 2540 2086 Ἑϐραῖοι
2571 2012 2723 2074 ὄντες
2748 2009 3078 2077 ἑξελὲγησαν
3104 2006 3214 2059 ἀπὸ
3250 2003 3492 2072 ἑκάστης
3522 2000 3708 2071 φυλῖις

2112 2111 2171 2178 ἒξ
2192 2114 2286 2165 καὶ
2312 2108 2666 2180 ήρμήνευσαν
2688 2104 2789 2174 τὴν
2813 2102 2966 2157 θείαν
2984 2100 3211 2173 Γραφὴν
3240 2098 3333 2151 ἐπὶ
3359 2095 3702 2165 Πτολεμαίου

2115 2202 2378 2275 βασιλέως
2433 2199 2527 2253 τοῦ
2569 2196 2899 2265 Φιλαδέλφου
2973 2192 3079 2264 πρὸ
3112 2197 3195 2244 τα¹
3263 2186 3529 2241 ἐνιαυτῶν
3600 2185 3706 2253 τῆς

2112 2293 2254 2348 κατὰ
2305 2292 2486 2363 σάρκα
2541 2288 2850 2358 γεννήσεως
2898 2282 2993 2339 τοῦ
3044 2280 3252 2353 Κυρίου
3300 2278 3459 2350 ἡμῶν
3524 2278 3706 2344 Ἰησοῦ

2114 2383 2377 2455 Χριστοῦ.
2410 2383 2649 2453 Δευτὲρα
2700 2378 2849 2433 ἐστὶν
2898 2379 2931 2449 ή
2990 2374 3083 2429 τοῦ
3131 2372 3367 2428 Ἀκύλα·
3399 2365 3556 2433 οὗτος
3596 2369 3709 2421 ἀπὸ

2115 2475 2365 2544 Σινώπης
2385 2474 2478 2526 τοῦ
2504 2473 2704 2526 Πόντου
2726 2469 2988 2540 ὑπάρχων
3019 2467 3114 2519 καὶ
3139 2464 3341 2533 Ἕλλην
3359 2461 3437 2515 ὣν
3469 2459 3706 2515 ἐϐαπτί-

2118 2568 2220 2637 σθη
2236 2570 2295 2621 ἐν
2310 2563 2704 2636 Ἱεροσολύμοις
2724 2577 2739 2591 ’
2763 2556 2907 2623 εἶτα,
2924 2560 3016 2612 τὸν
3036 2554 3465 2627 Χριστιανισμὺν
3508 2551 3711 2619 ἀθετή-

2119 2677 2237 2726 σας,
2263 2658 2359 2712 καὶ
2379 2659 2489 2719 τοίς
2520 2654 2794 2716 Ἰουδαίοις
2812 2648 3137 2722 συνδραμὼν
3158 2647 3470 2718 ἡρμήνευσε
3496 2643 3592 2695 καὶ
3608 2641 3712 2694 a13-

2117 2754 2209 2818 τὸς
2226 2757 2324 2824 τὴν
2345 2752 2496 2805 θείαν
2523 2750 2746 2820 Γραφὴν
2767 2747 2859 2801 ἐπὶ
2874 2742 3157 2816 Ἀδριανοῦ
3190 2741 3283 2795 τοῦ
3312 2738 3577 2811 βασιλέως
3600 2734 3705 2788 τοῦ

2119 2843 2492 2916 λεπρωθέντος
2526 2840 2663 2912 μετὰ
2690 2839 2783 2908 ἑτη
2804 2838 3104 2907 τριάκοντα
3122 2833 3217 2886 καὶ
3238 2828 3570 2900 τετρακόσια
3592 2826 3711 2893 (ιυ)

2118 2938 2222 3008 τῆς
2273 2936 2381 2989 τῶν
2424 2935 2567 2987 δυοῖν
2614 2933 2709 2985 καὶ
2751 2929 3159 2999 Ἑϐδομήκοντα
3209 2922 3547 2995 ἑρμηνείας·
3605 2918 3716 2970 οὐκ

2124 3030 2269 3103 ὀρθῷ
2297 3030 2354 3083 δέ
2382 3026 2633 3097 λογισμῷ
2671 3024 2768 3095 τὴν
2799 3020 3100 3095 ἑρμηνείαν
3155 3018 3392 3085 ἐξέθετο,
3433 3014 3570 3067 ἀλλὰ
3597 3014 3717 3071 τοῖς

430 3128 680 3198 perfecit,
738 3144 927 3183 verum
989 3127 1275 3182 inimicitia
1336 3127 1387 3181 in
1423 3127 1777 3182 Christianos
1810 3137 2014 3183 motus.

2121 3124 2471 3196 Χριστιανοίς
2486 3116 2819 3173 ἁντιπαθών.
2842 3115 3013 3185 Τρίτη
3038 3112 3185 3166 ἐστὶν
3210 3112 3242 3181 ἠ
3271 3108 3365 3163 τοῦ
3383 3107 3711 3177 Συμμάχου·

434 3220 619 3274 Tertia
651 3229 736 3274 est
759 3217 1073 3292 Symmachi
1100 3220 1291 3275 editio.
1332 3220 1434 3287 Qui
1455 3221 1609 3290 prius
1637 3222 2016 3277 Samaritanus

432 3322 581 3379 erat;
650 3328 775 3367 cum
816 3324 1000 3366 autem
1067 3329 1096 3366 a
1130 3311 1357 3382 propria
1408 3324 1566 3383 gente
1616 3314 1750 3367 nihil
1796 3314 2021 3369 honoris

436 3409 733 3477 acciperet,
795 3407 1114 3462 dominandi
1173 3423 1363 3463 amore
1416 3409 1661 3479 percitus
1714 3409 1781 3464 ad
1806 3407 2023 3465 Juilzeos

434 3501 647 3556 accedit
677 3511 732 3556 et
769 3502 966 3557 iterum
1007 3502 1462 3570 circumciditur;
1520 3511 1686 3573 atque
1734 3504 1788 3557 in
1837 3504 2022 3558 odium

438 3591 913 3649 Samaritanorum
952 3594 1243 3650 intendens
1269 3603 1321 3649 et
1355 3595 1472 3665 ipse
1509 3595 1744 3649 divinam
1776 3593 2025 3665 Scriptu-

436 3705 551 3743 ram
594 3690 984 3760 interpretatur
1006 3689 1310 3760 imperante
1337 3697 1450 3743 tum
1487 3688 1716 3755 Severo,
1747 3689 2025 3759 quinqua-

437 3785 646 3851 gesimo
677 3795 831 3841 sexto
879 3799 1025 3840 anno
1064 3794 1186 3855 post
1216 3784 1474 3854 Aquilam
1507 3785 1785 3855 propriam
1821 3784 2024 3839 editio-

439 3892 563 3930 nem
637 3894 752 3933 sua:
834 3877 1302 3948 interpretationis
1351 3877 1582 3933 faciens.
1674 3876 1879 3943 Quarta
1940 3885 2025 3931 est

439 3965 836 4022 'I‘heodotionis
862 3968 1103 4038 Ephesii.
1149 3969 1278 4031 Iste,
1328 3968 1422 4038 qui
1460 3967 1698 4025 haeresin
1729 3966 2027 4021 Marcionis

439 4061 653 4117 Pontici
690 4064 978 4131 amplexus
1008 4062 1206 4130 fuerat,
1242 4062 1517 4118 haereseos
1535 4061 1780 4131 ejusdem
1804 4062 2029 4118 asseclis

440 4157 628 4222 postea
668 4155 934 4221 irascens,
968 4157 1245 4225 propriam
1286 4154 1697 4221 Scripturarum
1735 4154 2029 4209 editionem

441 4245 986 4313 perfecitCommodo
1007 4246 1311 4301 Romanum
1333 4243 1623 4314 imperium
1643 4242 2032 4299 administran-

443 4348 514 4391 te.
539 4336 1134 4409 Quintainterpretatio
1162 4347 1351 4393 notum
1380 4353 1488 4391 non
1522 4336 1688 4391 habet
1712 4345 2021 4406 parentem,

440 4430 661 4486 inventa
701 4446 834 4488 vero
886 4431 991 4486 fuit
1052 4432 1107 4486 in
1156 4432 1320 4487 doliis
1370 4427 2030 4498 abscondita,;Caracalla

2125 3213 2278 3279 οὗτος
2318 3214 2511 3286 πρῶτα
2548 3212 2645 3283 μὲν
2676 3208 3019 3280 Σαμαρείτης
3050 3201 3137 3277 ἦν·
3191 3206 3264 3275 μὴ
3314 3200 3626 3273 τιμώμενος
3656 3197 3719 3249 δὲ

2129 3300 2233 3363 ὑπὸ
2254 3308 2346 3360 τοῦ
2378 3306 2507 3358 ἰδίου
2544 3303 2676 3357 λαοῦ
2710 3300 3003 3371 φιλαρχίας
3029 3297 3192 3368 ἔρωτι
3231 3295 3563 3367 προστρέχει
3596 3294 3713 3353 τοῖς

2139 3401 2417 3463 Ἰουδαίοις
2452 3398 2547 3453 καὶ
2601 3395 2853 3465 δεύτερον
2884 3392 3275 3464 περιτέμνεται
3304 3388 3399 3442 καὶ
3432 3388 3571 3458 πρὸς
3600 3388 3719 3448 ⁵ἀν-

2127 3492 2418 3546 τιπάθειαν
2503 3490 2597 3542 καὶ
2674 3485 2839 3548 αὐτὸς
2895 3483 3005 3536 τῶν
3072 3478 3434 3552 Σαμαρειτῶν
3490 3476 3720 3545 ἀφορῶν

2129 3582 2422 3656 ἑρμηνεύει
2439 3581 2537 3653 τὴν
2553 3580 2705 3633 θείαν
2721 3574 3209 3649 ΓραφὴνιΣεϐήρου
3227 3567 3535 3642 τηνικαῦτα
3557 3568 3717 3638 βασι-

2127 3678 2378 3739 λεύοντος
2402 3675 2539 3746 μετὰ
2560 3672 2621 3738 ἒξ
2644 3674 2738 3725 καὶ
2769 3670 3111 3730 πεντήκοντα
3137 3667 3231 3736 ἔτη
3253 3665 3353 3732 τῆς
3382 3661 3477 3715 τοῦ
3515 3660 3720 3713 ’Λκύλα

2129 3767 2430 3841 ἑρμηνείας
2457 3765 2556 3834 τὴν
2586 3764 2793 3818 οἰκείαν
2818 3761 3029 3815 ἔκδοσιν
3068 3756 3459 3827 ποιησάμενος.
3506 3753 3720 3841 Τετάρ-

2128 3881 2194 3934 τη
2246 3861 2465 3930 ἐστὶ.νὴ
2517 3857 2611 3912 τοῦ
2671 3854 3029 3916 Θεοδοτίωνος
3074 3849 3170 3904 τοῦ
3218 3848 3503 3917 Ἐφεσίου·
3558 3837 3716 3906 οὗτος

2129 3957 2231 4028 τῆς
2264 3954 2533 4025 αἱρέσεως
2590 3950 2915 4022 Μαρκίωνος
2981 3946 3223 4014 γεγονὼς
3296 3942 3392 3995 τοῦ
3450 3937 3717 3993 Ποντικοῦ

2131 4052 2357 4112 καὶτοῖς
2397 4044 2847 4115 συναιρεσιώταις
2879 4039 3089 4111 μηνιῶν
3120 4036 3333 4090 ἔκδοσιν
3367 4034 3505 4088 ἰδίαν
3532 4033 3723 4100 ἐποιή-

2138 4161 2273 4198 σατο
2304 4144 2403 4214 τῆς
2429 4141 2653 4213 Γραφῆς
2685 4137 2935 4208 Κομόδου
2966 4135 3065 4205 τὴν
3112 4129 3402 4201 Ῥωμαίων
3432 4127 3720 4197 βασιλείαν

2133 4236 2481 4309 χειρίζοντος.
2554 4232 2617 4284 Ἢ
2684 4231 2741 4283 δὲ
2820 4230 3045 4299 πέμπτη
3124 4224 3396 4296 ἑρμηνεία
3454 4222 3557 4275 οὐκ
3608 4220 3725 4291 ἔχει

2136 4329 2415 4400 γνώριμον
2480 4326 2571 4378 τὸν
2619 4323 2877 4393 πατέρα’
2938 4319 3138 4390 εὑρέθη
3198 4317 3243 4370 δ’
3298 4311 3394 4369 οῦν
3433 4315 3492 4367 ἐν
3544 4313 3724 4373 πίθοις

2135 4417 2501 4491 κεκρυμμένη
2532 4417 2626 4468 ἐπὶ
2650 4411 3015 4484 Καρακάλλου
3052 4408 3146 4462 τοῦ
3196 4406 3490 4478 Ῥωμαίων
3520 4403 3722 4475 ἄρξαν-

443 4524 710 4579 Romanis
728 4525 1030 4595 imperante
1053 4526 1105 4579 in
1118 4522 1360 4579 Jericho.
1385 4520 1549 4576 Sexta
1570 4519 2014 4592 pariterauctoris

2130 4529 2224 4576 τος
2251 4514 2309 4564 ἐν
2360 4506 2587 4581 Ἰεριχώ.
2620 4506 2733 4559 Καὶ
2760 4506 2792 4575 ἡ
2831 4503 2966 4573 ἕκτη
2994 4502 3050 4555 δὲ
3097 4501 3159 4554 τὸ
3202 4497 3490 4569 ἀνώνυμον
3520 4494 3723 4565 ὁμοίως

442 4615 639 4671 incerti
694 4616 838 4672 fetus
877 4616 1045 4671 simili
1106 4615 1274 4671 modo
1323 4624 1538 4685 reperta
1595 4622 1715 4678 est,
1774 4612 1828 4666 in
1866 4610 2028 4666 doliis

442 4711 697 4766 videlicet
739 4710 1084 4773 abscondita,
1141 4709 1454 4763 Alexandro
1492 4706 1734 4761 Mamaeae
1770 4704 1881 4759 lilio
1922 4705 2030 4758 im-

442 4811 720 4869 peratore,
758 4800 812 4854 in
846 4800 981 4853 urbe
1020 4797 1291 4870 Nicepoli,
1324 4814 1446 4868 quae
1468 4811 1641 4867 prope
1680 4795 1899 4848 Actium
1928 4794 2032 4847 sita

440 4903 545 4947 est.
597 4892 764 4949 Hisce
798 4893 1059 4947 omnibus
1090 4892 1327 4946 accessit
1365 4890 1566 4944 divinae
1629 4894 1833 4941 nostra:
1880 4883 2031 4939 Scri-

442 4993 619 5053 ptura:
634 4984 1037 5055 interpretatio,
1054 4998 1219 5053 quam
1243 4990 1471 5038 sanctus
1495 4979 1775 5034 Lucianus
1802 4992 2033 5046 magnus

444 5089 629 5133 asceta
679 5089 731 5134 et
778 5089 986 5149 martyr
1044 5076 1291 5147 perfecit.
1386 5074 1487 5129 llic
1545 5073 1694 5127 enim
1746 5069 2029 5141 praedictis

444 5169 782 5225 cditionibus
821 5170 1081 5225 adhibitis
1126 5179 1181 5224 et
1215 5167 1484 5224 IIebraica
1560 5174 1760 5221 nactus
1828 5176 2030 5229 magno

445 5277 573 5315 cum
625 5262 811 5316 studio
866 5262 1200 5331 exemplaria
1252 5270 1306 5316 et
1368 5268 1624 5315 accurate
1680 5255 2021 5327 perspiciens

447 5372 571 5426 qua:
597 5354 927 5409 deficiebant
961 5356 1045 5409 vel
1075 5370 1107 5408 a
1138 5355 1367 5409 veritate
1398 5354 1739 5409 excedebant
1775 5347 2030 5408 removit,

450 5450 729 5521 pr0priam
757 5465 887 5504 vero
937 5449 1182 5519 ejusdem
1221 5449 1343 5503 ﬁdei
1369 5448 1704 5503 Christianis
1735 5446 2034 5501 editionem

450 5546 601 5610 fecit,
632 5560 754 5615 quae
782 5545 949 5601 editio
991 5555 1111 5613 post
1140 5544 1316 5613 ipsius
1355 5552 1634 5599 certamen
1666 5551 1721 5598 et
1750 5550 1871 5611 post
1909 5556 2035 5610 per-

2130 4605 2327 4675 ἔχουσα
2354 4602 2448 4656 καὶ
2496 4600 2595 4671 τὴν
2653 4597 2872 4669 εῦρεσιν
2903 4595 3097 4666 ὁμοίαν
3136 4594 3262 4664 ἔσχε
3289 4608 3303 4623 ο
3361 4591 3564 4658 εύρέθη
3617 4586 3725 4655 γὰρ

2129 4700 2223 4751 καὶ
2253 4696 2391 4769 αὐτή
2418 4697 2477 4749 ἑν
2501 4694 2677 4757 πίθοις
2709 4690 3074 4762 κεκρυμμένη
3102 4689 3195 4739 ἐπὶ
3231 4684 3592 4754 Ἀλεξάνδρου
3624 4678 3717 4731 τοῦ

2130 4793 2392 4861 Μαμαίας
2425 4792 2485 4841 ἐν
2510 4785 2804 4840 Νικοπόλει
2847 4787 2913 4854 τῇ
2969 4782 3108 4835 κατὰ
3138 4780 3196 4833 τὸ
3256 4780 3479 4830 Ἀκτιον
3518 4776 3723 4828 διακει-

2136 4885 2294 4955 μὲνῃ.
2339 4882 2466 4936 Ἐπὶ
2497 4881 2633 4934 πᾶσι
2661 4877 2877 4940 τούτοις
2903 4876 3095 4944 γέγονε
3128 4870 3399 4942 ἑρμηνεία
3437 4871 3538 4938 τῆς
3568 4867 3722 4936 ἱερᾶς

2141 4977 2298 5048 ἡμῶν
2328 4975 2557 5046 Γραφῆς
2599 4970 2751 5043 παρὰ
2806 4969 2902 5022 τοῦ
2947 4970 3004 5020 ἐν
3034 4965 3215 5035 ἁγίοις
3263 4959 3570 5016 Λουκιανοῦ
3629 4957 3724 5010 τοῦ

2144 5068 2382 5140 μεγάλου
2435 5064 2677 5136 ἀσκητοῦ
2738 5061 2832 5114 καὶ
2884 5060 3190 5131 μάρτυρος⁸
3245 5047 3402 5116 οὗτος
3449 5052 3560 5121 γὰρ
3600 5052 3717 5111 ταῖς

2141 5159 2669 5231 προγεγραμμέναις
2763 5154 3067 5222 ἐπιστήσας
3138 5148 3391 5202 ἐκδόσεσι
3450 5145 3549 5198 καὶ
3615 5146 3725 5205 τοῖς

2146 5255 2453 5326 Ἑϐραϊκοῖς
2473 5250 2771 5320 φιλοπόνως
2793 5244 3033 5317 ἐντυχὼν
3072 5244 3163 5296 καὶ
3183 5240 3430 5310 ἀκριϐῶς
3466 5238 3724 5291 ἐποπτεύ-

2146 5363 2240 5408 σας
2266 5345 2332 5398 τὰ
2360 5343 2457 5414 μὲν
2479 5340 2734 5393 λείποντα
2750 5339 2784 5408 ἢ
2804 5355 2870 5390 πε
2880 5335 3039 5409 ριττΞι
3059 5335 3157 5402 τῆς
3185 5331 3443 5402 ἀληθείας
3467 5330 3719 5393 διώσατο,

2144 5437 2359 5490 ἔκδοσιν
2418 5433 2474 5486 δέ
2533 5431 2836 5502 ἰδιόκληρον
2890 5431 3004 5489 τοῖς
3057 5424 3334 5494 ὀμοδόξοις
3381 5423 3724 5492 Χριστιανοίς

2148 5526 2471 5595 ἐποιήσατο,
2501 5522 2623 5591 ἥτις
2655 5520 2867 5584 ἔκδυσις
2904 5516 3041 5589 μετὰ
3063 5516 3162 5586 τὴν
3190 5514 3418 5585 ἄθλησιν
3450 5510 3616 5566 αὑτοῦ
3635 5508 3723 5562 καὶ

1934 5651 2159 5709 NOTAE.

535 5780 644 5848 (40)
669 5780 842 5836 Aliter
878 5796 932 5850 q.
968 5778 1119 5835 (ILllI
1154 5790 1368 5850 tempus
1410 5782 1743 5851 assignatur.
