3908 6214
190 315 284 382 8'21

1015 324 1114 385 AD
1144 322 1740 385 AMPHILOCHIUM
1789 324 2138 395 OUlESTIO
2174 325 2364 396 CLIV,
2392 324 2551 387 CLV.

3341 324 3449 388 822

187 439 279 488 τὸν
298 435 539 504 διωγμὸν
571 433 665 488 τὸν
686 432 983 505 γενόμενον
1014 435 1108 487 ἐπὶ
1137 432 1491 503 Μαξιμιανοῦ
1519 435 1614 488 καὶ
1650 437 1768 488 Διο-
1795 471 1808 496 λ

1899 436 2232 500 ecutionem,
2282 450 2404 505 quae
2457 436 2562 491 sub
2624 433 2957 489 Haximiano
3006 443 3063 490 et
3115 434 3455 493 Diocletiano

189 529 477 599 κλητιανοῦ
540 528 651 582 τῶν
681 528 961 600 τυράννων
984 527 1186 598 εὑρέθη
1221 530 1279 579 ὲν
1328 527 1673 599 Νικομηδείᾳ
1707 529 1767 595 ἐξ

1899 531 2120 600 yrannis
2140 540 2331 585 exorta
2354 537 2460 592 est,
2488 526 2819 583 Nicomediae
2851 529 3072 583 inventa
3109 528 3212 583 fuit
3232 545 3298 584 ex
3324 530 3457 600 ipsis

192 620 476 692 ίδιοχείρου
498 619 665 674 αὐτοῦ
687 620 1073 691 γεγραμμένη.
1102 620 1512 682 Κωνσταντῖνος
1537 619 1595 671 δὲ
1620 636 1771 687 τηνι-

1869 620 2205 691 autograpbo
2266 622 2495 691 scripta.
2570 620 2968 675 ConSIantinus
3032 636 3265 690 magnus
3334 631 3449 676 tum

190 712 362 767 καῦτα
391 715 420 766 ό
451 714 622 783 μέγας
669 713 994 766 ἐϐασίλευε·
1048 712 1110 765 τὸ
1159 711 1216 764 δὲ
1270 709 1481 781 βιὸλίον
1536 709 1768 781 εὓρηται

1899 712 2207 781 mperabat;
2249 712 2387 766 liber
2422 725 2550 767 vero
2576 711 2828 765 inventus
2853 718 2938 765 est
2964 710 3109 780 apud
3138 709 3363 765 Judaaos
3393 712 3449 765 in

189 805 338 875 παρά
373 805 651 869 Ἰουδαίοις
677 807 735 860 ὲν
764 804 1072 877 πυργίσκου
1097 802 1265 874 τοίχῳ
1295 802 1588 873 κονιάματι
1630 804 1769 874 πρὸς

1899 803 2153 859 urricula:
2213 804 2498 875 cujusdam
2560 803 2765 874 pariete
2810 803 2961 859 calce
2991 803 3059 858 ad
3094 799 3449 859 securitatem

189 900 488 970 ἀσφάλειαν
520 899 961 971 διακεχρισμένῳ
990 896 1129 969 (41).

716 1010 1053 1065 ΕΡΩΤΗΣΙΣ
1100 1007 1271 1065 ΡΝΕ’.

192 1106 253 1161 Τί
302 1105 533 1171 ἰδόντες
599 1107 653 1159 οἱ
704 1105 989 1173 ποιμένες
1037 1100 1431 1173 διεγνώρισαν
1486 1096 1621 1167 περὶ
1663 1097 1771 1153 τοῦ

507 1172 883 1243 λαληθέντος
919 1172 1124 1238 αὐτοῖς
1150 1172 1395 1225 παιδίου
1416 1186 1434 1234 ;

1874 894 2036 951 illito.

1878 1007 2207 1076 QUAESTIO
2234 1008 2363 1064 CLV
2395 1008 2583 1082 [CoisL
2616 1007 2926 1075 CLXXXV,
2950 1009 3115 1066 Taur.
3138 1010 3451 1083 CLXXIV].

1880 1103 2023 1168 Quid
2056 1120 2088 1155 a
2134 1120 2190 1158 se
2234 1112 2572 1170 conspectum
2613 1114 2856 1172 pastores
2893 1105 3015 1157 aliis
3039 1104 3104 1156 de
3129 1121 3314 1173 puero,
3348 1104 3458 1157 illis

2287 1175 2626 1236 anuuntialo,
2659 1174 3031 1243 signiﬁcaram
3048 1175 3073 1226 ?

252 1291 504 1342 Editarum
523 1305 550 1341 a
574 1290 752 1341 Wolﬁo
777 1289 966 1338 decima
988 1286 1324 1350 octava?(Cur.
1358 1282 1567 1345 PIu'toL,
1592 1282 1800 1397 tinii:
2083 1284 2305 1335 Galland.
2329 1284 2580 1347 Biblioth.,
2604 1291 2642 1335 t.
2668 1283 2798 1345 XIII,
2835 1298 2885 1346 p.
2905 1284 3015 1345 756,
3042 1285 3152 1345 757,
3186 1300 3236 1334 n.
3265 1286 3367 1349 δι).

1800 1382 1812 1394 .
1835 1382 1887 1408 ..,
1906 1382 2041 1396 ..η-ν.

263 1458 506 1531 Αὐτοψίᾳ
526 1459 594 1511 τὰ
622 1456 1064 1527 εὐηγγελισμένοι
1090 1454 1372 1517 λαϐόντες,
1404 1455 1498 1507 καὶ
1531 1452 1610 1523 τῷ
1646 1452 1779 1506 θαύ-

195 1574 326 1627 ματι
351 1556 448 1626 τῆς
476 1554 736 1625 ἀληθείας
762 1552 1141 1623 κατεχόμενοι,
1188 1550 1288 1602 οὐκ
1312 1545 1636 1619 ἀπέκρυψαν
1665 1548 1779 1609 τοῖς

192 1647 623 1718 πυνθανομένοις
649 1646 747 1716 τὴν
779 1645 983 1699 αἰτίαν.
1035 1641 1197 1705 Ἀλλ’,
1229 1641 1375 1711 ἆπερ
1416 1656 1477 1691 τε
1508 1638 1778 1709 πρότερον

192 1740 510 1805 ἐθεάσαντο,
569 1738 663 1792 καὶ
694 1731 769 1791 ὧν
811 1737 949 1807 ἀκοῇ
1010 1736 1109 1806 τὴν
1152 1734 1354 1803 γνῶσιν
1408 1732 1588 1803 ἔσχον,
1645 1729 1777 1802 παρ’

192 1833 357 1887 αὐτοῦ
387 1851 446 1886 τε
477 1832 571 1885 τοῦ
599 1826 1091 1900 εὐαγγελιζομένου
1114 1827 1351 1895 ἀγγέλου
1383 1824 1476 1879 καὶ
1510 1825 1775 1895 κήρυκος,

193 1926 288 1980 καὶ
313 1926 466 1997 παρὰ
493 1925 593 1995 τῆς
630 1923 799 1993 ἄλλης
833 1921 1132 1992 ἀγγελικῆς
1156 1920 1251 1974 καὶ
1286 1917 1584 1989 ὐμνολόγου
1614 1932 1782 1986 στρα-

192 2020 336 2083 τιᾶς,
367 2018 541 2071 ταῦτα
576 2016 757 2070 πάντα
783 2018 898 2079 τοῖς
941 2014 1211 2086 παροῦσιν
1242 2010 1658 2071 ἀπεκάλυπτον,
1687 2008 1783 2062 καὶ

195 2113 585 2184 ἀνεκήρυττον.
603 2111 677 2164 Οὐ
702 2110 811 2181 γὰρ
839 2108 1003 2180 μόνον
1030 2109 1096 2178 τῇ
1127 2105 1320 2177 Μαρίᾳ
1350 2105 1445 2158 καὶ
1467 2103 1547 2174 τῷ
1584 2101 1782 2171 Ἰωσὴφ

192 2206 262 2259 τά
294 2206 434 2274 ὑπὲρ
461 2204 619 2273 λόγον
652 2203 837 2266 αὐτοῖς
871 2200 1182 2271 τεθεαμένα
1238 2196 1610 2269 ἀπήγγελλον,
1642 2194 1780 2248 ἀλλὰ

196 2298 316 2369 μετ’
348 2298 592 2361 ἐκείνους
642 2298 738 2351 καὶ
784 2297 912 2360 τοὺς
960 2293 1155 2358 ἄλλους
1207 2293 1478 2356 ἅπαντας,
1537 2291 1685 2353 ὅσοις
1712 2284 1784 2360 ἦν

192 2393 463 2461 ἐντυχεῖν,
525 2391 816 2453 κοινωνοὺς
869 2387 978 2441 τῶν
1012 2384 1309 2457 ὑπερφυῶν
1356 2382 1646 2454 θεαμάτων
1691 2384 1786 2435 καὶ

196 2485 566 2555 ἀκουσμάτων
637 2482 727 2537 διὰ
779 2482 879 2551 τῆς
941 2480 1250 2551 διηγήσεως
1330 2476 1781 2549 παρελάμϐανον.

195 2578 311 2630 Καὶ
342 2577 544 2630 αὐτίκα
578 2578 612 2645 ἡ
666 2576 825 2638 πόλις
855 2575 889 2645 ἡ
931 2572 1179 2644 Βηθλεὲμ
1209 2570 1615 2641 ἀνεπέπληστο,
1648 2570 1788 2641 πλη-

199 2671 321 2723 σίον
344 2671 455 2741 γὰρ
480 2665 570 2737 ἦν,
598 2668 691 2722 τοῦ
710 2686 771 2721 τε
793 2665 1065 2737 σωτηρίου
1098 2665 1260 2718 τόκου
1290 2663 1389 2734 τὴν
1415 2662 1675 2734 ἀλήθειαν
1696 2663 1790 2719 καὶ

196 2762 303 2832 τῆς
343 2763 403 2828 ἐξ
427 2761 680 2832 οὐρανῶν
714 2760 1026 2831 μαρτυρίας
1052 2757 1152 2827 τὴν
1186 2755 1495 2827 ἀκρίϐειαν,
1526 2754 1636 2808 τῶν
1672 2755 1790 2807 θεο-

200 2854 529 2925 οόφωνμῖ)
598 2854 825 2907 ἐκείνων
907 2849 1182 2921 ποιμένων
1252 2846 1554 2918 προθύμως
1612 2845 1790 2899 πάντα

198 2946 602 3017 διηγουμένων,
636 2944 732 2998 καὶ
760 2944 821 2997 τὸ
843 2943 1071 3014 φρικτὸν
1092 2940 1188 2995 τοῦ
1224 2939 1507 3011 θαύματος
1536 2940 1658 3001 ταῖς
1682 2937 1790 2990 τῶν

199 3037 509 3108 ἀνθρώπων
576 3036 776 3107 ψυχαῖς
851 3035 1203 3104 ὲναφιέντων.
1256 3034 1368 3086 Kal.
1432 3031 1544 3103 γὰρ
1616 3028 1787 3101 φησί·

205 3152 225 3184 ι
268 3132 478 3193 Πάντες
509 3133 556 3183 οἱ
601 3129 939 3192 ἀκούσαντες
981 3126 1294 3197 ἐθαύμαζον
1319 3126 1453 3198 περὶ⁸
1488 3125 1599 3179 τῶν
1624 3124 1792 3195 λαλη-
1817 3146 1864 3205 c

202 3217 410 3271 θέντων
456 3217 562 3271 ὐπὸ
604 3216 713 3272 τῶν
764 3217 1040 3287 ποιμένων
1080 3216 1219 3287 πρὸς
1265 3214 1465 3278 αὐτούς
1488 3215 1554 3270 ⁷³.
1595 3232 1614 3265 ι
1668 3213 1794 3277 Πῶς

199 3312 315 3382 γὰρ
340 3312 440 3365 οὐκ
467 3306 537 3381 ἦν
559 3310 861 3380 θαυμάζειν
896 3309 989 3362 τὸν
1017 3311 1074 3363 ὲν
1108 3309 1364 3379 οὐρανοῖς
1381 3309 1479 3361 ἐπὶ
1508 3307 1616 3377 γῆς
1636 3306 1793 3378 ὁρᾷν,

201 3406 298 3460 καὶ
327 3406 426 3475 τήν
464 3421 527 3457 τε
570 3406 673 3475 γῆν
716 3405 831 3467 τοῖς
886 3402 1140 3471 οὐρανοῖς
1171 3401 1259 3455 διὰ
1288 3401 1389 3472 τῆς
1436 3398 1793 3471 εἰρήνηςμὸ)

204 3498 572 3560 συνάπτοντα,
606 3498 701 3551 καὶ
732 3496 804 3550 τά
849 3496 1081 3567 οὐράνια
1132 3496 1230 3566 τὴν
1272 3496 1377 3566 γῆν
1418 3492 1793 3563 οἱκειούμενα.

202 3592 425 3647 Μᾶλλον
445 3592 501 3645 δὲ
531 3591 591 3644 τὸ
616 3592 898 3662 ἄφραστον
927 3591 1103 3642 έκεῖνο
1135 3587 1356 3659 βρέφος,
1381 3590 1449 3659 τῇ
1481 3588 1581 3657 μὲν
1612 3586 1800 3656 θεότη-

202 3703 256 3738 τι
284 3686 357 3739 τά
392 3684 645 3754 οὐράνια,
694 3686 761 3755 τῇ
802 3683 860 3736 δὲ
894 3681 1276 3753 ἀνθρωπότητι
1306 3680 1376 3734 τὰ
1405 3680 1627 3750 ἐπίγεια
1658 3695 1789 3732 συν-

206 3776 383 3829 άπτον
415 3774 693 3845 ἀλλήλοις,
726 3776 792 3826 ὲκ
838 3773 939 3843 τῆς
964 3774 1177 3835 οἰκείας
1213 3770 1535 3842 συναφείας,
1569 3770 1669 3825 καὶ
1696 3769 1797 3841 τήν

203 3866 347 3938 πρὸς
380 3865 588 3935 ἄλληλα
609 3866 837 3937 εἰρήνην
870 3864 1186 3935 θαυμασίαν
1210 3865 1332 3916 τινὰ
1350 3862 1445 3915 καὶ
1472 3860 1614 3931 ὑπὲρ
1640 3860 1798 3930 λόγον

206 3958 603 4031 ἐπρυτάνευεν.
638 3960 703 4011 Ὀ
738 3958 833 4010 καὶ
876 3955 1195 4027 καθορῶσαι
1246 3956 1303 4007 ai
1340 3955 1593 4026 οὐράνιαι
1632 3969 1799 4024 στρα-

204 4054 323 4106 τια“ι
344 4052 428 4117 τὸ,
462 4070 481 4104 ι
511 4051 648 4117 Δόξα
674 4052 731 4103 ὲν
753 4049 1001 4120 ὑψίστοις
1032 4047 1153 4118 Θεῷ
1173 4047 1267 4100 καὶ
1285 4050 1379 4100 ἐπὶ
1394 4047 1499 4117 γῆς
1518 4047 1739 4119 εἰρήνη,
1772 4064 1793 4098 ι

210 4141 356 4214 μετά
399 4142 501 4214 τῆς
534 4143 918 4213 πνευματικῆς
945 4141 1167 4212 χορείας
1192 4139 1522 4210 ἀνέμελπον.

292 4235 460 4288 Ἀλλά
498 4234 560 4287 τὸ
594 4234 694 4305 μὲν
724 4233 833 4287 τῶν
882 4232 1161 4303 ποιμένων
1202 4232 1384 4304 ἔργον,
1446 4231 1542 4284 καὶ
1565 4230 1652 4297 ίτὸ
1701 4230 1799 4302 κή-

209 4345 401 4400 ρυγμα
435 4328 529 4381 καὶ
562 4330 589 4380 ὁ
617 4327 819 4397 δρόμος
864 4325 923 4377 ὲν
950 4323 1182 4386 τούτοις.
1229 4324 1294 4376 Ἡ
1337 4323 1394 4376 δὲ
1424 4322 1639 4395 Μαρία,
1696 4340 1801 4393 φη-

214 4421 325 4482 σὶν,
364 4419 655 4489 συνετήρει
686 4419 756 4472 τά
784 4419 1007 4489 ῥήματα
1038 4415 1213 4470 ταῦτα
1232 4414 1614 4486 ωμὸάλλουσα
1641 4416 1699 4467 ὲν
1730 4417 1797 4486 τῇ

1958 1454 2257 1525 Postquam
2308 1471 2394 1521 ea,
2446 1471 2569 1525 qua:
2635 1457 2886 1511 nuntiata
2935 1465 3114 1522 erant,
3159 1459 3335 1513 oculis
3358 1460 3462 1529 ipsi

1884 1544 2156 1609 viderant,
2203 1545 2565 1601 admiratione
2601 1548 2681 1602 rei
2721 1548 3025 1601 verissumac
3051 1551 3310 1618 correpti,
3334 1566 3465 1605 cau-

1884 1653 2000 1692 sam
2034 1638 2184 1693 illius
2230 1654 2337 1693 non
2390 1642 2637 1695 celarunt
2672 1642 3043 1713 cOgnoscendi
3069 1643 3303 1712 cupidis.
3348 1643 3463 1698 lmo

1883 1744 2014 1783 vero
2045 1730 2228 1784 omnia
2266 1730 2381 1798 illa,
2421 1747 2545 1801 qua:
2580 1740 2634 1787 et
2661 1742 2819 1788 antea
2855 1735 3120 1797 viderant,
3155 1744 3206 1789 et
3239 1736 3467 1790 auribus

1885 1829 1999 1875 tum
2023 1821 2093 1875 ab
2131 1822 2326 1891 angelo
2348 1830 2404 1879 et
2432 1838 2686 1893 praecone
2721 1824 3021 1896 Evangelii,
3057 1836 3171 1881 tum
3200 1845 3227 1881 a
3256 1828 3463 1898 reliqua

1884 1915 2228 1986 angelorum,
2275 1915 2446 1971 Deum
2484 1917 2853 1985 laudantium,
2888 1935 3093 1975 corona
3116 1932 3464 1990 acceperant,

1884 2009 2248 2079 praesentibus
2295 2009 2616 2079 aperiebant
2665 2021 2721 2066 et
2784 2012 3197 2067 renuntiabant.
3281 2011 3469 2083 Neque

1884 2101 2029 2155 enim
2056 2100 2239 2157 Maria:
2266 2103 2470 2169 solum,
2532 2112 2587 2159 et
2623 2102 2865 2173 Josepho
2893 2121 2957 2160 ea
2988 2107 3465 2177 signiﬁcabantur,

1886 2206 2009 2262 qua:
2058 2208 2224 2263 supra
2292 2194 2562 2250 rationem
2632 2197 2809 2267 posita
2868 2208 3311 2268 conspexerant,
3371 2199 3468 2255 sed

1890 2293 2085 2353 praeter
2132 2300 2229 2341 eos
2273 2296 2502 2344 caeteros
2541 2303 2753 2354 omnes,
2809 2290 2904 2360 qui
2945 2291 3164 2359 quidem
3215 2293 3466 2357 aderant,

1890 2393 2095 2443 rerum,
2143 2396 2281 2450 quas
2317 2382 2403 2438 vel
2445 2383 2694 2439 viderant
2734 2385 2818 2439 vel
2862 2385 3211 2450 audiverant,
3260 2402 3463 2456 super-

1890 2473 2223 2528 naturalium
2294 2475 2589 2547 participes
2668 2493 2790 2533 esse
2869 2480 3185 2534 voluerunt.
3268 2479 3466 2535 Statim

1891 2564 2079 2636 itaque
2132 2568 2265 2622 urbs
2300 2567 2636 2636 Bethlehem,
2683 2571 2863 2624 vicina
2913 2573 3059 2626 enim
3095 2580 3233 2635 erat,
3277 2572 3474 2627 nuntio

1891 2657 1999 2713 hoc
2046 2659 2406 2730 implebatur,
2458 2662 2899 2732 quandoquidem
2944 2664 3227 2718 veritatem
3284 2678 3475 2733 partus

1893 2753 2150 2807 salutaris
2199 2753 2685 2823 testimoniumque
2712 2756 2780 2809 de
2800 2740 2939 2810 Chilo
2966 2771 3073 2810 non
3118 2757 3471 2811 inliciaudum

1893 2855 2145 2915 pastores
2202 2846 2301 2912 illi,
2345 2845 2514 2901 Deum
2564 2848 2764 2911 edocti,
2818 2857 3069 2918 prompte
3118 2854 3471 2914 enarrabant,

1895 2938 2345 3009 tremendumque
2388 2939 2519 2994 illud
2562 2941 2889 2995 miraculum
2935 2942 3138 2995 animis
3186 2942 3471 2995 hominum

1896 3028 2257 3085 instillabant.
2312 3030 2438 3085 ideo
2457 3032 2659 3086 dicitur
2688 3052 2700 3087 :
2744 3052 2762 3084 ι
2786 3032 2989 3088 Omnes
3009 3033 3292 3089 audientes
3314 3034 3480 3087 mira-

1895 3119 2117 3183 bantur,
2176 3136 2299 3191 quae
2351 3121 2515 3176 illisa
2566 3124 2882 3192 pastoribus
2934 3125 3333 3179 nuntiabantur
3358 3127 3421 3179 ⁷³.
3453 3144 3472 3176 ι

1897 3214 2088 3272 Nonne
2115 3218 2261 3272 enim
2289 3218 2488 3272 mirum
2538 3230 2678 3284 erat,
2712 3235 2859 3287 eum,
2893 3221 2984 3290 qui
3013 3221 3069 3274 in
3101 3222 3257 3276 caelis
3284 3229 3388 3285 est,
3423 3221 3477 3274 in

1898 3311 2063 3366 terris
2101 3312 2439 3382 conspicere,
2498 3321 2552 3367 et
2594 3313 2755 3367 talem
2800 3314 3060 3384 quidem,
3115 3316 3207 3385 qui
3252 3325 3477 3376 terram,

1900 3401 2041 3457 facta
2082 3419 2234 3474 pace,
2286 3405 2427 3460 caelo
2465 3404 2739 3475 iungeret,
2796 3406 3038 3461 caelestia
3100 3416 3281 3460 autem
3321 3414 3481 3460 term

1900 3496 2310 3567 impertiretur;
2356 3498 2438 3553 vel
2478 3499 2660 3568 potius
2702 3497 2965 3553 infantem
3005 3499 3157 3553 illum
3188 3516 3294 3552 non
3321 3513 3482 3553 enar-

1901 3588 2149 3655 rabilem,
2189 3590 2393 3656 videre,
2432 3590 2524 3660 qui
2553 3590 2841 3645 divinitate
2864 3606 2963 3646 sua
2994 3590 3265 3656 coelestia,
3290 3590 3483 3644 buma-

1901 3680 2076 3737 nitate
2138 3691 2322 3736 autem
2393 3684 2674 3737 terrestria
2747 3682 2851 3738 sibi
2912 3683 3147 3738 invicem
3203 3682 3481 3752 jungeret,

1900 3785 2261 3846 mutuamque
2316 3776 2705 3842 concordiam,
2768 3775 3137 3831 admiratione
3181 3784 3235 3831 et
3271 3774 3484 3829 ratione

1901 3869 2049 3924 omni
2092 3870 2455 3939 superiorem,
2520 3885 2617 3939 per
2662 3884 2821 3923 suam
2870 3869 3017 3922 illam
3052 3868 3313 3923 unionem
3351 3880 3487 3921 con-

1901 3960 2150 4016 ciliaret‘l
2197 3960 2312 4015 Hoc
2337 3960 2551 4015 scilicet
2574 3961 2840 4028 angelicae
2874 3960 3045 4031 copia:
3067 3958 3485 4030 perspicientes,

1900 4065 1956 4108 et
1988 4053 2259 4122 Spirituali
2288 4052 2529 4123 tripudio
2557 4052 2753 4118 ductm,
2785 4056 3056 4107 canebant
3094 4068 3108 4106 :
3158 4069 3177 4103 ι
3206 4049 3392 4105 Gloria
3428 4050 3485 4103 in

1902 4146 2136 4202 excelsis
2169 4147 2299 4211 Deo,
2327 4155 2381 4199 et
2406 4146 2457 4199 in
2484 4153 2627 4200 terra
2658 4162 2761 4215 pax
2783 4146 2853 4198 ⁷⁸.
2881 4163 2899 4195 ι

1972 4240 2151 4308 Atque
2190 4239 2276 4292 his
2308 4237 2525 4306 quidem
2552 4246 2836 4307 pastorum
2867 4237 3084 4290 illorum
3107 4250 3293 4304 opera,
3352 4248 3491 4302 prm-

1903 4335 2126 4387 conium
2176 4340 2231 4385 et
2284 4331 2526 4386 studium
2565 4331 2973 4385 absolvebatur.
3045 4346 3065 4379 ι
3102 4328 3272 4382 Maria
3336 4342 3486 4393 vero,

1904 4423 2052 4493 quod
2083 4422 2281 4488 Lucas,
2344 4423 2441 4488 ait,
2502 4424 2757 4478 servabat
2804 4423 2973 4476 verba
3014 4420 3151 4485 hmc,
3219 4420 3275 4473 in
3329 4420 3493 4473 corde

211 4515 413 4587 καρδίᾳ
462 4516 657 4585 αὐτῆς.
702 4516 837 4571 Ποῖα
889 4514 1145 4584 ρήματα;
1185 4512 1253 4564 τὰ
1307 4512 1403 4564 τοῦ
1446 4511 1797 4582 ἀρχαγγέλου

1907 4534 2009 4573 suo
2072 4516 2451 4572 conferens”.
2485 4535 2504 4566 ι
2567 4515 2697 4582 Qua:
2754 4531 2884 4570 vero
2938 4515 3144 4569 verba?
3222 4512 3493 4567 Gabrielis

211 4608 479 4681 Γαϐριὴλ,
501 4608 569 4661 τὰ
590 4608 685 4661 τοῦ
708 4606 1007 4678 Ζαχαρίου,
1036 4605 1106 4659 τὰ
1139 4606 1241 4675 τῆς
1279 4603 1579 4670 Ἐλισάὸετ,
1606 4602 1675 4657 τά
1691 4603 1801 4658 τῶν

212 4702 517 4773 ποιμένων,
550 4704 609 4754 ἐν
671 4696 754 4764 οἷς
789 4701 818 4753 ὁ
856 4698 1096 4769 ἄγγελος
1123 4698 1309 4760 αὐτοῖς
1346 4695 1603 4768 ἐκόμιζεν
1632 4696 1801 4765 εὐαγ-

213 4796 393 4866 γέλια.
444 4796 555 4848 Καὶ
589 4795 660 4849 τὰ
713 4794 972 4863 τάγματα
1008 4793 1118 4846 τῶν
1175 4791 1445 4860 ἀγγέλων,
1497 4788 1652 4843 ἆδιά
1705 4790 1806 4861 τῆς

216 4887 549 4958 ὐμνολογίας
579 4887 678 4957 τὴν
710 4887 898 4939 πίστιν
932 4887 1043 4949 τοῖς
1075 4883 1417 4953 εὐαγγελίοις
1449 4881 1804 4953 βεῦαιοτέραν

217 4981 574 5051 παρείχοντο.
629 4979 790 5033 Ἀλλά
822 4980 935 5033 τίσι
973 4978 1042 5032 τά
1075 4980 1299 5051 ῥήματα
1331 4977 1507 5031 ταῦτα
1542 4975 1807 5029 συνέϐαλ-

219 5072 314 5126 λεν
343 5074 403 5125 ὲν
427 5076 497 5143 τῇ
552 5072 752 5143 καρδίᾳ
786 5073 955 5141 αὐτῆς
983 5087 997 5136 ;
1042 5073 1113 5124 Ἤ
1139 5071 1299 5142 δῆλον
1327 5070 1412 5123 ὅτι
1439 5072 1554 5133 τοῖς
1599 5070 1804 5140 ἔργοις,

221 5158 300 5219 ὧν
328 5166 429 5236 τὴν
459 5168 655 5237 πεῖραν
684 5161 850 5235 εἶχεν.
888 5166 967 5236 Τῇ
993 5163 1224 5236 ἀσπόρῳ
1280 5162 1562 5231 συλλήψει,
1596 5164 1661 5233 τῇ
1711 5162 1808 5214 ἀν-

222 5254 401 5325 ωδίνῳ
454 5256 672 5326 κυήσει,
710 5255 788 5325 τῷ
836 5252 1153 5323 ἀδιαφθόρῳ
1184 5254 1369 5322 τόκῳς
1403 5253 1527 5312 Τοῖς
1552 5250 1647 5305 οὖν
1680 5250 1807 5304 καθ’

225 5348 427 5418 ἑαυτὴν
457 5347 639 5418 ἔργοις
665 5347 792 5410 τοὺς
818 5346 1012 5416 λόγους
1040 5346 1428 5417 συμϐάλλουσα
1452 5344 1586 5398 Θεὸν
1616 5344 1809 5414 ὁμολο-

298 5482 347 5517 ”
371 5479 916 5549 Luc.n,18."‘ibid.
952 5480 1040 5533 ii.
1082 5480 1128 5510 ⁷⁵
1155 5478 1284 5534 ibid.
1320 5479 1403 5535 l9.

1909 4609 2220 4679 archangeli
2266 4609 2379 4674 illa,
2445 4617 2559 4663 tum
2592 4608 2894 4671 Zachariae,
2949 4622 3112 4677 porro
3143 4606 3491 4667 Elisabethae,

1910 4717 2013 4757 nec
2048 4704 2231 4758 minus
2260 4714 2567 4773 pastorum,
2629 4703 2833 4772 quibus
2885 4701 3231 4771 evangelium
3264 4698 3495 4767 angelus

1911 4795 2217 4861 attulerat,
2286 4805 2398 4850 tum
2453 4804 2779 4851 caeterorum
2850 4795 3169 4866 angelorum
3246 4794 3492 4855 ordines,

1913 4889 2117 4960 hymno
2146 4903 2247 4943 suo
2280 4889 2617 4943 salutaribus
2653 4888 2761 4942 illis
2792 4888 3016 4942 nuntius
3046 4886 3310 4954 majorem
3335 4884 3498 4938 Iidem

1913 4977 2201 5036 facientes.
2256 4980 2392 5035 Cum
2457 4982 2661 5051 quibus
2717 4996 2849 5035 vero
2894 4979 3059 5034 verba
3110 4979 3286 5033 illain
3337 4978 3499 5032 corde

1914 5086 2016 5125 suo
2041 5072 2396 5127 conferebat?
2437 5070 2630 5127 Nonne
2668 5071 3021 5126 manifestum
3058 5080 3165 5134 est,
3206 5068 3259 5123 id
3292 5067 3494 5122 factum

1914 5178 2035 5217 esse
2050 5179 2174 5218 cum
2194 5164 2358 5219 rebus
2382 5164 2511 5229 illis,
2537 5180 2675 5236 quas
2700 5174 2924 5234 experta
2949 5162 3239 5228 didicerat,
3274 5160 3497 5231 quando

1918 5257 2035 5310 siue
2097 5258 2304 5311 semine
2363 5270 2727 5327 conceperat,
2787 5257 2906 5312 sine
2976 5254 3265 5311 doloribus
3327 5252 3496 5307 fetum

1918 5350 2240 5418 nutriverat,
2293 5361 2347 5407 et
2411 5352 2531 5408 sine
2592 5352 2700 5407 ulla
2748 5366 2893 5408 noxa
2939 5350 3258 5422 pepererat?
3326 5345 3503 5403 Verba

1750 5618 1980 5677 NOTzE.

310 5744 423 5811 (ιι)
456 5743 654 5798 Mirum
697 5754 783 5797 est
828 5742 965 5797 nihil
992 5742 1056 5796 de
1104 5740 1359 5795 Oriaenis
1402 5744 1647 5801 editione
1669 5742 1798 5803 dici.

222 5816 229 5819 ’
318 5817 429 5887 (42)
464 5816 553 5873 Sic
586 5815 767 5873 scribo
793 5830 919 5875 cum
949 5814 1102 5870 Colb.
1140 5812 1424 5882 θεολόγων.

1987 5743 2102 5816 (45)
2132 5743 2290 5799 Colh.
2320 5759 2418 5814 pro
2440 5738 2757 5813 εἰρημένης.
