3908 6214
430 302 537 364 823

1592 298 1857 361 PHO'PII
1886 298 2397 361 PATRIARCHAI
2434 300 2544 363 ΟΡ.

3611 306 3716 372 824

428 414 615 480 itaque
678 407 772 464 illa
823 422 951 465 cum
993 408 1160 466 rebus
1187 408 1333 480 apud
1363 425 1425 466 se
1464 410 1633 481 gestis
1661 425 2010 481 comparans,

2120 413 2241 480 γε’ίν
2268 411 2361 465 τὸν
2389 410 2725 483 γεννηθέντα
2756 410 2856 483 τὴν
2886 412 3070 483 κρίσιν
3113 412 3282 485 ὀρθὴν
3309 413 3625 486 ἀνεδέχετο.
3655 413 3724 472 οι

427 514 577 558 recte
622 502 969 569 conliciebat,
1028 517 1089 559 se
1129 502 1307 570 illum,
1367 506 1460 573 qui
1490 517 1560 558 ex
1589 519 1651 559 se
1682 513 1847 559 natus
1872 511 2017 570 erat,

427 596 600 651 Deum
633 596 881 667 proﬁteri
907 596 1131 653 debere.
1172 596 1446 653 Caeterum
1484 605 1738 667 pastores
1763 596 2019 652 ultimum

425 705 643 756 eorum,
706 705 833 761 qua:
883 689 1025 746 mira
1054 690 1326 756 viderant,
1365 690 1744 761 contemplati,
1785 689 2018 760 gaudio.

427 798 536 855 que
560 783 791 853 perfusi,
821 784 1258 851 revertebantur,
1283 783 1627 839 celebrantes
1648 792 1704 838 et
1726 781 2021 838 laudantes

429 876 601 930 Deum
644 891 813 946 super
868 876 1126 931 omnibus
1185 876 1295 931 illis
1356 872 1477 947 quae
1546 875 1875 933 audiverant
1964 881 2020 931 et

426 966 697 1033 viderant,
726 976 890 1038 prout
913 967 1046 1037 ipsis
1067 968 1273 1023 dictum
1305 978 1446 1023 erat.

544 1077 876 1147 QUxESTIO
911 1080 1072 1137 CLVI
1131 1082 1321 1155 [CoisL
1360 1082 1697 1152 CLXXXVI,
1726 1082 1892 1140 Taur.

1062 1173 1347 1248 CLXXVL

428 1260 481 1315 Ν
489 1279 576 1316 um
603 1264 851 1339 sacerdos
881 1274 999 1339 erat
1018 1266 1278 1339 Sumam,
1308 1271 1400 1339 qui
1460 1268 1750 1323 Dominum
1775 1275 2021 1323 nostrum

746 1334 931 1391 Jesum
961 1334 1232 1393 Christum
1263 1334 1403 1394 ulnis
1435 1340 1710 1411 suscepit?

2127 504 2315 575 μέντοι
2343 504 2600 576 ποιμένες
2628 504 2689 558 τὸ
2717 503 3049 568 τελευταῖον,
3085 498 3163 559 ὧν
3192 502 3357 573 εἶδον,
3390 509 3719 579 παραδόξων

2126 597 2453 668 θεασάμενοι
2480 597 2577 651 καὶ
2604 600 2704 668 τὴν
2734 598 2917 669 ψυχὴν
2945 601 3124 671 χαρᾶς
3158 599 3558 673 πληρώσαντες
3603 604 3717 671 (44)

2129 690 2495 764 ὑπέστρεφον,
2524 690 2845 757 δοξάζοντες
2868 692 2966 746 καὶ
2997 692 3280 759 αἰνοῦντες
3310 694 3408 750 τὸν
3452 695 3593 749 Θεὸν
3636 698 3725 751 ἐπὶ

2127 784 2332 852 πᾶσιν,
2387 780 2471 850 οἷς
2520 784 2796 856 ἥκουσαν,
2853 783 2954 839 καὶ
3006 782 3168 853 εἶδον,
3226 786 3412 853 καθὼς
3484 788 3722 861 ἐλαλήθη

2125 876 2333 941 αὐτοῖς.

2625 1074 2968 1133 ΕΡΩἹἨΣΙΣ
3028 1077 3121 1134 PN
3128 1081 3180 1146 εἴ
3185 1078 3220 1135 ’.

2120 1258 2281 1338 Ἀρα
2332 1257 2657 1338 ἱερεὺς-ἧν
2705 1262 2989 1338 Συέιεῲκ,
3027 1266 3060 1319 ὁ
3112 1264 3221 1338 τὸν
3281 1268 3507 1338 Κύριον
3550 1268 3725 1338 ἡμῶν

2227 1333 2475 1402 Ἰησοῦν
2503 1333 2764 1402 Χριστὸν
2793 1333 3124 1405 δεξάμενος
3168 1336 3238 1389 ἐν
3269 1333 3615 1406 ἀγκάλαις-ξ

550 1451 806 1505 Editarum
829 1468 858 1505 a
890 1456 1070 1507 Wolfio
1101 1457 1293 1509 decima
1318 1472 1448 1509 nona
1477 1461 1536 1509 tl.
1562 1472 1629 1521 c.,
1662 1473 1714 1523 p.
1752 1449 2414 1583 72:;L7z‘hlc3allllan2dgszhc”
2446 1464 2497 1515 p.
2533 1450 2767 1517 757-739,
2793 1467 2843 1503 n.
2870 1454 2975 1517 55).
3004 1482 3065 1492 -
3090 1454 3167 1506 De
3188 1454 3425 1507 Simeone
3468 1470 3598 1508 sene

500 1624 769 1683 Sacerdos
816 1642 924 1683 non
989 1637 1113 1684 erat
1174 1628 1403 1685 Simeon
1455 1629 1583 1697 ille,
1638 1627 2010 1686 sacerdotibus

2195 1612 2310 1676 Οὐκ
2359 1618 2431 1696 ἦν
2484 1622 2720 1696 ίερεὺςό
2776 1624 3027 1697 Συμεὼν,
3074 1627 3187 1683 τῶν
3226 1630 3285 1683 δὲ
3334 1631 3536 1702 ίερέων
3591 1630 3721 1694 ταῖς

424 1731 556 1772 vero
583 1717 788 1775 virtute
820 1722 1053 1775 multum
1082 1723 1404 1792 praestabat.
1428 1722 1727 1794 Propterea
1753 1723 2016 1781 sacerdos

424 1808 566 1864 alius
591 1825 678 1877 ea,
703 1826 827 1882 qua:
847 1812 915 1868 de
947 1813 1156 1871 infante
1193 1816 1281 1872 lex
1320 1817 1437 1873 fieri
1460 1817 1714 1888 jubebat,
1768 1817 2012 1873 admini-

422 1901 668 1970 strabat;
709 1904 951 1976 Symeon
981 1922 1115 1963 vero
1164 1918 1277 1964 tum
1342 1908 1469 1965 aliis
1525 1910 1792 1980 praeclare
1820 1908 2016 1979 gestis,

425 2003 542 2049 tum
572 1996 728 2052 canis
749 1998 1018 2055 senilibus
1048 2016 1218 2071 supra
1246 2001 1388 2061 alios
1424 2012 1672 2068 evectus,
1705 2003 2015 2059 secundum

422 2089 712 2144 oraculum
753 2091 1001 2149 divinum
1036 2093 1237 2165 dignus
1274 2094 1581 2151 habebatur
1642 2095 1830 2167 quieo
1866 2095 2017 2151 frue-

422 2190 596 2234 retur.
634 2182 987 2252 Agnoscebat
1017 2183 1110 2243 ille
1139 2186 1407 2243 infantem
1443 2185 1826 2257 pradicatum,
1866 2188 2018 2242 veri~

422 2280 590 2328 tatem
629 2276 984 2333 oraculorum
1013 2278 1404 2350 perspiciebat,
1427 2278 1571 2336 ulnis
1600 2278 1842 2351 denique
1876 2278 2021 2336 fere-

419 2364 514 2421 bat
546 2380 695 2433 eum,
731 2371 825 2439 qui
858 2374 1023 2427 verbo
1061 2386 1165 2427 suo
1191 2373 1449 2441 portabat
1500 2371 1713 2428 omnia.
1763 2371 2017 2443 Cumque

421 2456 525 2513 hoc
549 2460 714 2515 modo
742 2460 973 2517 humani
1003 2464 1222 2534 generis
1257 2464 1496 2520 salutem
1524 2462 1707 2520 oculis
1737 2478 2014 2535 usurpas-

417 2558 522 2612 set,
546 2549 913 2623 diviniorique
941 2552 1142 2623 gaudio
1164 2552 1422 2624 perfusus
1438 2562 1605 2620 esset,
1623 2569 1735 2609 non
1760 2554 1874 2625 jam
1891 2553 2016 2611 vita:

418 2641 624 2707 studio,
639 2643 732 2698 sed
752 2644 1091 2702 imminentis
1108 2644 1383 2702 felicitatis
1400 2645 1676 2703 desiderio
1694 2646 2013 2714 tenebatur,

416 2748 729 2806 corpusque
770 2737 1042 2806 deponere
1102 2753 1271 2807 quam
1305 2738 1618 2804 celerrime,
1651 2749 1707 2793 et
1738 2737 2014 2795 defunctis

416 2827 652 2883 salutem
681 2828 1174 2901 liberationemque
1204 2841 1417 2901 partam
1442 2832 1700 2887 nuntiare
1733 2831 2007 2902 cupiebat.

485 2919 662 2977 Porro
724 2922 834 2978 Deo
890 2923 1270 2990 benedicebat,
1325 2926 1430 2979 hoc
1493 2933 1598 2987 est,
1632 2924 1891 2979 laudibus
1952 2932 2009 2979 et

416 3015 705 3081 przeconiis
781 3030 912 3071 eum
992 3017 1457 3086 prosequebatur.
1534 3015 1824 3072 Laudabat
1900 3032 2004 3073 au-

416 3112 526 3159 tem
599 3114 713 3160 tum
778 3107 909 3163 aliis
960 3107 1323 3174 nominibus,
1377 3117 1490 3163 tum
1545 3124 1677 3163 vero
1712 3109 1768 3164 in
1816 3108 2014 3180 primis

416 3195 560 3263 ideo,
591 3201 741 3268 quod
777 3200 1047 3269 promissa
1100 3201 1207 3256 sibi
1256 3200 1399 3257 facta
1454 3211 1655 3257 eventu
1687 3202 2013 3258 conlirmata

417 3290 647 3354 videret,
689 3292 1059 3364 solatiumque
1086 3294 1310 3349 Israelis
1358 3295 1848 3365 contemplandum
1904 3296 2011 3351 sibi

415 3382 614 3446 oculis,
648 3393 703 3439 et
728 3386 984 3441 manibus
1013 3386 1299 3442 ferendum
1330 3388 1450 3443 dari
1487 3388 1837 3459 intelligeret.
1865 3388 2013 3444 Gau-

414 3472 508 3528 dio
540 3489 605 3529 ex
639 3475 723 3531 his
758 3476 952 3546 plenus
981 3496 996 3534 :
1031 3497 1051 3532 ι
1090 3476 1272 3545 Nunc,
1312 3480 1512 3551 inquit,
1544 3496 1767 3536 servum
1829 3492 2009 3549 tuum,

414 3564 670 3632 Domine,
689 3569 923 3626 dimittis
936 3571 1237 3626 secundum
1252 3572 1481 3629 verbum
1500 3582 1653 3629 tuum
1671 3574 1724 3627 in
1749 3575 1959 3644 pace".
1985 3592 2004 3627 s

410 3653 589 3723 Nunc,
628 3658 829 3731 inquit,
857 3663 1118 3731 quoniam
1142 3665 1351 3719 exitum
1375 3664 1551 3720 habeo
1582 3666 2007 3735 promissorum,

411 3744 575 3799 linem
603 3762 826 3817 quoque
847 3748 992 3804 ﬂuxa
1028 3750 1145 3807 hac
1172 3753 1285 3807 vita
1319 3753 1539 3808 habeat.
1581 3753 1822 3810 Verbum
1853 3756 2005 3811 enim

411 3844 567 3892 tuum
600 3837 705 3894 hoc
736 3840 869 3894 mihi
899 3844 1313 3911 pramuntiavit.
1360 3845 1481 3915 ipse
1507 3845 1640 3900 mihi
1670 3846 1777 3902 laeti
1826 3845 2008 3901 nuntii

2119 1716 2347 1786 ἀρεταῖς
2371 1715 2543 1770 πολλά
2564 1719 2838 1789 προεῖχεν.
2887 1720 2980 1774 Διδ
3012 1722 3109 1776 xal
3143 1722 3174 1774 ό
3222 1722 3324 1794 μὲν
3354 1725 3539 1795 ἱερεὺς
3570 1724 3720 1793 ἅπερ

2121 1809 2216 1865 ἐπὶ
2262 1806 2358 1863 τοῦ
2405 1807 2645 1880 βρέφους
2694 1811 2809 1883 (45)
2852 1812 3119 1885 πράττειν
3148 1815 3179 1868 ὁ
3212 1814 3378 1885 νόμος
3428 1817 3716 1881 ἐκέλευεν,

2116 1899 2333 1962 τούτοις
2362 1898 2653 1972 ὑπηρέτει.
2694 1902 2754 1958 '0
2792 1904 2850 1959 δὲ
2876 1904 3108 1977 Συμεὼν
3141 1908 3257 1971 τοῖς
3281 1924 3340 1960 τε
3375 1906 3564 1971 ἄλλοις
3584 1926 3720 1962 κατ-

2117 1997 2403 2071 ορθώμασι
2434 1997 2529 2053 καὶ
2568 1998 2636 2067 τῇ
2684 1995 3027 2068 πρεσϐυτικῇ
3067 1995 3319 2067 βεϐηκὼς
3352 1997 3518 2069 πολιᾷ
3570 2000 3719 2053 κατά

2116 2092 2246 2157 τοὺς
2308 2091 2488 2156 θείους
2550 2091 2837 2162 χρησμοὺς
2896 2089 2997 2160 τῆς
3053 2088 3414 2155 ἀπολαύσεως
3466 2089 3711 2161 ἠξιοῦτο.

2131 2184 2379 2254 Ἑπέγνω
2428 2184 2521 2238 τὸν
2564 2181 3001 2255 κηρυσσόμενον,
3066 2181 3176 2235 τῶν
3232 2184 3503 2255 χρησμῶν
3561 2184 3717 2257 ἑώρα

2116 2276 2223 2348 τὴν
2256 2276 2543 2348 ἀλήθειαν.
2576 2274 2849 2344 ἀγκάλαις
2880 2273 3080 2345 ἔφερεν
3114 2273 3208 2327 τὸν
3258 2278 3500 2347 φέροντα
3531 2277 3717 2332 πάντα

2117 2370 2198 2442 τῷ
2232 2370 2458 2441 ῥήματι.
2491 2368 2602 2424 Kal
2628 2368 2729 2440 τῆς
2780 2368 2876 2421 τοῦ
2932 2368 3125 2437 γένους
3170 2369 3450 2441 σωτηρίας
3478 2371 3541 2423 ὲν
3589 2370 3714 2436 ὕψει

2116 2463 2416 2527 καταστὰς,
2463 2463 2560 2517 καὶ
2608 2460 2895 2534 θειοτέρας
2936 2459 3312 2532 ἀναπλησθεὶς
3357 2462 3582 2534 ἡδονῆς,
3610 2464 3714 2516 οῦκ

2114 2554 2198 2610 ἔτι
2242 2554 2339 2610 τοῦ
2368 2554 2469 2626 ζῇν
2502 2553 2835 2627 περιείχετο,
2875 2553 3078 2608 αὐτίκα
3119 2553 3177 2607 δὲ
3223 2554 3366 2624 μάλα
3403 2556 3504 2626 τῆς
3534 2573 3715 2627 σωτη-

2117 2648 2240 2724 ρίας
2269 2647 2590 2721 ἐφεστώσης
2632 2647 2959 2703 καταλιπεῖν
3013 2648 3112 2720 μὲν
3140 2649 3327 2702 ἐπόθει
3351 2648 3414 2702 τὸ
3452 2650 3709 2720 σαρκίον,

2115 2742 2581 2813 εὐαγγελίσασθαι
2622 2742 2682 2797 δὲ
2730 2743 2968 2808 καὶτοῖς
3024 2744 3084 2795 ὲν
3114 2741 3247 2814 ᾅδου
3288 2741 3390 2813 τὴν
3428 2744 3714 2814 σωτηρίαν

2114 2836 2212 2891 καὶ
2236 2835 2337 2908 τὴν
2371 2835 2784 2907 ἀπολύτρωσιν.

2188 2930 2299 2986 Καὶ
2322 2929 2418 2983 τὸν
2446 2928 2583 2983 Θεὸν
2622 2927 2722 2997 μὲν
2762 2926 3001 2995 εὐλόγει.
3041 2924 3292 2979 τουτέστι
3338 2926 3407 2980 δι’
3467 2928 3712 2980 ἐπαίνων

2118 3020 2214 3077 καὶ
2256 3018 2571 3089 δοξολογίας
2606 3013 2763 3089 ἦγεν.
2813 3016 3046 3085 Εὐλόγει
3072 3014 3130 3069 δὲ
3167 3014 3239 3069 τά
3259 3032 3319 3069 τε
3380 3015 3540 3081 ἀλλα,
3605 3018 3706 3070 καὶ

2114 3114 2251 3169 διότι
2286 3112 2387 3177 τὰς
2412 3112 2551 3183 πρὸς
2572 3110 2738 3165 αὐτὸν
2770 3109 3097 3180 ὑποσχέσεις
3124 3112 3204 3173 είς
3224 3108 3486 3180 ἀλήθειαν
3508 3109 3709 3162 ἓϐλεπε

2118 3204 2512 3280 προελθούσας,
2544 3203 2642 3257 καὶ
2667 3202 2767 3275 τὴν
2795 3202 2892 3257 τοῦ
2943 3202 3164 3275 Ἰσραὴλ
3202 3202 3555 3275 παράκλησιν
3603 3203 3708 3270 όφ-

2117 3300 2349 3369 θαλμοῖς
2373 3315 2433 3350 τε
2457 3295 2698 3367 καθορᾷν
2728 3293 2970 3365 ἠξιοῦτο,
3004 3297 3099 3349 κα)⁵
3122 3296 3280 3366 χερσὶ
3332 3294 3544 3365 φέρειν.
3590 3295 3705 3347 K:l

2113 3392 2291 3462 χαρᾶς
2308 3388 2403 3444 ἐπὶ
2428 3388 2640 3451 τούτοις
2666 3388 2818 3456 ἱερᾶς
2847 3385 3333 3458 πεπληρωμένος,‹
3360 3385 3495 3449 Νῦν,
3513 3386 3704 3456 φησὶδ,

2112 3480 2374 3545 ἀπολύεις
2401 3480 2497 3534 τὸν
2521 3479 2708 3534 δοῦλόν
2759 3496 2879 3541 σου,
2936 3478 3203 3540 Δέσποτα,
3243 3478 3387 3534 κατά
3430 3478 3493 3532 τὸ
3547 3479 3707 3550 papa

2113 3591 2233 3639 σου,
2264 3575 2324 3627 ὲν
2357 3573 2573 3645 εἰρήνῃ.
2609 3591 2629 3624 ι
2657 3570 2795 3637 Νῦν,
2821 3570 3010 3642 φησὶν,
3042 3572 3165 3624 ἐπεὶ
3188 3572 3250 3625 τὸ
3277 3572 3429 3635 τέλος
3454 3572 3566 3641 ἔχω
3591 3573 3707 3625 τῶν

2112 3662 2564 3735 ἐπηγγελμένων,
2623 3661 2796 3731 ἐχέτω
2832 3659 2994 3713 τοῦτο
3034 3660 3129 3713 καὶ
3165 3662 3195 3715 ὁ
3248 3662 3517 3733 ὲπίκηρος
3564 3661 3703 3731 βίος.

2110 3755 2186 3808 Τδ
2219 3755 2330 3827 γάρ
2360 3754 2452 3808 σόν
2488 3772 2581 3826 μοι
2606 3755 2757 3825 ῥῆμα
2787 3751 2965 3806 ταῦτα
2991 3752 3394 3824 προανεφώνει.
3429 3754 3540 3807 Kal
3568 3756 3704 3825 γὰρ,

2109 3846 2205 3901 τοῦ
2235 3846 2311 3919 μὴ
2338 3847 2466 3901 ἰδεῖν
2503 3862 2571 3917 με
2595 3844 2854 3908 θάνατον,
2876 3845 3009 3915 πρὶν
3040 3844 3170 3898 ἰδεῖν
3209 3845 3301 3898 τὸν
3320 3846 3561 3915 Χριστὸν
3586 3847 3705 3898 Ku-

412 3929 685 4000 interpres
723 3930 899 3999 fuisti,
950 3950 1038 3989 me
1090 3944 1321 3991 mortem
1387 3953 1499 3993 non
1548 3946 1676 3992 ante
1723 3938 2002 4010 visurum,

2116 3938 2253 4011 ρίου,
2278 3938 2442 4003 αύτός
2495 3954 2587 4009 μοι
2611 3935 2779 3990 πάλαι
2803 3936 2875 3990 τὰ
2901 3936 3200 4005 εὐαγγέλια
3233 3937 3511 4008 παρέσχες
3561 3936 3702 4006 (l6).

411 4038 572 4092 quau'
615 4022 895 4079 Christum
938 4026 1154 4081 Domini
1197 4028 1451 4084 viderim.
1492 4028 1766 4096 Quoniam
1820 4031 2008 4102 itaque

2121 4030 2275 4086 Ἐπεὶ
2296 4030 2352 4084 δὲ
2374 4032 2454 4094 εἰς
2471 4029 2639 4101 ἐμοὺς
2665 4027 2981 4100 ὀφθαλμοὺς
3002 4024 3159 4101 ἦκεν,
3187 4028 3224 4083 ἂ
3248 4029 3502 4093 ἐπόθουν,
3518 4028 3556 4083 ἀ
3576 4029 3705 4098 ἐξή-

411 4116 588 4169 oculis
640 4115 758 4171 neis
806 4116 989 4172 oblata
1043 4127 1193 4187 sunt,
1247 4135 1371 4191 quae
1421 4121 1827 4190 desiderabam,
1882 4140 2007 4194 qua:

2116 4139 2257 4185 τουν,
2291 4116 2366 4175 ὧν
2391 4120 2712 4193 ὲγλιχόμην,
2742 4118 2843 4173 νῦν
2900 4117 3160 4183 ἀπολύεις
3188 4118 3281 4173 τὸν
3334 4118 3522 4173 δοῦλόν
3579 4136 3702 4185 σου,

317 4268 320 4272 η
411 4206 746 4275 quaerebam,
782 4224 905 4277 qua:
932 4209 1182 4280 impense
1213 4213 1523 4282 cupiebam,
1563 4228 1713 4271 nunc
1760 4216 1999 4274 dimittis

2116 4214 2229 4270 οὔτε
2262 4214 2398 4286 πρὸς
2428 4215 2529 4284 τὴν
2580 4214 2779 4285 πεῖραν
2826 4212 3233 4284 ταραττόμενον
3284 4210 3380 4265 τοῦ
3438 4211 3699 4273 θανάτου,

411 4314 631 4353 servum
678 4310 853 4368 tuum,
927 4318 1031 4360 nec
1080 4313 1230 4361 metu
1292 4307 1489 4363 mortis
1545 4310 1852 4376 turbatum,
1898 4326 2000 4367 nec

2116 4310 2230 4365 »ῦτε
2259 4309 2541 4379 λογισμοῖς
2593 4306 2993 4380 θορυϐούμενον
3040 4305 3397 4396 ἀμφιϐολίας.
3458 4306 3603 4358 Ἀλλ’
3638 4309 3700 4360 ἐν

408 4392 596 4447 animo
620 4391 787 4449 dubio
815 4409 1170 4464 suspensum,
1196 4397 1292 4452 sed
1328 4398 1385 4452 in
1407 4414 1541 4469 pace
1568 4401 1753 4471 potius
1786 4404 1994 4470 stabili,

408 4484 766 4558 lattitiamque
796 4490 1191 4560 amplissimam
1229 4491 1512 4561 largiente.
1549 4493 1675 4550 Vidi
1719 4496 1868 4552 enim
1901 4513 1999 4567 po-

405 4578 665 4647 pulorum
695 4581 939 4636 omnium
975 4582 1234 4638 salutem.
1272 4580 1401 4639 Vide
1438 4584 1529 4640 hic
1554 4586 1727 4642 divini
1755 4589 1998 4644 sanctis-

406 4670 645 4742 simique
674 4673 822 4729 senis
852 4674 1167 4730 solertiam!
1201 4675 1344 4730 Ante
1376 4677 1522 4732 enim
1551 4692 1720 4747 quam
1750 4678 1870 4736 viso
1894 4678 2001 4736 hoc

406 4764 727 4821 beatissimo
787 4767 985 4839 dignus
1043 4768 1370 4836 haberetur,
1447 4770 1706 4825 solatium
1775 4770 2000 4828 lsraelis

2101 4403 2293 4473 εἰρήνῃ
2329 4399 2571 4470 σταθερᾷ
2596 4398 2694 4453 καὶ
2733 4397 2938 4469 πολλὴν
2967 4396 3066 4469 τὴν
3118 4394 3461 4467 εὐφροσύνην
3511 4413 3700 4466 πηγα-

2101 4492 2269 4563 ζούση
2294 4493 2430 4561 (47).
2462 4492 2572 4545 Kal
2603 4490 2714 4561 γὰρ
2736 4490 2797 4543 τὸ
2833 4494 3103 4561 σωτήριον
3143 4489 3366 4543 πάντων
3396 4488 3507 4541 τῶν
3551 4487 3700 4541 λαῶν

2102 4581 2263 4641 εἶδον.
2282 4584 2397 4639 Kal
2434 4585 2537 4655 ὅρα
2568 4581 2668 4654 τὴν
2696 4580 2984 4652 ἀκρίϐειαν
3038 4580 3136 4634 τοῦ
3201 4579 3350 4634 θείου
3390 4581 3491 4634 καὶ
3542 4581 3696 4651 ίεροῦ

2102 4677 2395 4750 γέροντοςι
2423 4678 2558 4747 Πρὶν
2584 4674 2620 4746 ἢ
2672 4673 2775 4747 μὲν
2802 4673 2897 4727 τοῦ
2934 4672 3210 4745 μακαρίου
3237 4671 3517 4743 θεάματος
3562 4689 3698 4726 κατο

2101 4770 2697 4844 αξιωθῇ,παράκλησιν
2715 4767 3078 4840 προσεδέχετο
3107 4766 3203 4820 τοῦ
3248 4766 3491 4838 Ἰσραήλ.
3538 4767 3696 4819 Ἐπεὶ

2102 4865 2161 4920 δὲ
2192 4864 2344 4927 ἐντὸς
2371 4862 2472 4932 τῆς
2509 4860 2723 4923 ἐλπίδος
2748 4860 2942 4929 γέγονε
2983 4859 3079 4912 καὶ
3115 4860 3215 4929 τῆς
3248 4857 3575 4928 ἐπιθυμίας,
3603 4862 3697 4911 οὐ·

2104 4956 2223 5010 κὲτι
2252 4953 2332 5025 τῷ
2380 4951 2599 5026 Ἰσραὴλ
2625 4950 2931 5023 ἀνακράζει
2976 4950 3323 5022 παράκλησιν
3362 4950 3517 5013 ίδεῖν,
3556 4947 3698 5001 ἀλλά

405 4860 777 4928 exspectabat.
811 4860 1109 4931 Postquam
1140 4877 1272 4916 vero
1302 4862 1414 4931 spei
1460 4863 1686 4933 votique
1716 4863 1803 4919 sui
1838 4864 1999 4920 dam:

407 4959 571 5005 natus
598 4960 735 5017 erat,
766 4967 876 5007 non
902 4952 1017 5019 jam
1050 4952 1308 5009 solatium
1334 4953 1583 5021 lsraelis,
1613 4955 1709 5011 sed
1745 4956 1991 5026 gentium

405 5044 653 5098 omnium
688 5046 918 5099 salutem
949 5045 1133 5101 videre
1196 5060 1256 5102 se
1304 5048 1600 5104 clamabat.
1657 5071 1677 5102 ι
1727 5048 1995 5106 Viderunt

2116 5051 2327 5105 πάντων
2366 5046 2643 5118 σωτηρίαν
2691 5046 2801 5098 τῶν
2830 5043 2996 5098 λαῶν.
3038 5062 3056 5093 ι
3088 5043 3199 5097 Kal
3230 5042 3363 5114 γὰρ,
3392 5040 3579 5112 φησὶν,
3608 5041 3691 5093 ὅτι

403 5135 579 5197 enim,
605 5136 800 5204 inquit,
828 5136 974 5191 oculi
1001 5138 1107 5193 mei
1130 5140 1371 5197 salutare
1397 5152 1577 5205 tuum,
1631 5142 1781 5213 quod
1820 5159 1990 5215 para-

2116 5140 2242 5197 εἶδον
2274 5142 2323 5194 ol
2352 5139 2622 5210 ὀφθαλμοί
2657 5154 2761 5208 μου
2780 5138 2842 5191 τὸ
2872 5136 3141 5208 σωτήριόν
3170 5153 3287 5199 σου,
3322 5135 3353 5189 ὃ
3382 5135 3689 5206 ἡτοίμασας,

406 5224 475 5281 sti
492 5237 620 5280 ante
635 5226 827 5283 oculos
850 5228 1098 5285 omnium
1118 5233 1445 5304 populorum
1472 5235 1542 5291 ⁷⁵.
1571 5253 1590 5287 ι
1625 5235 1776 5291 Adeo
1805 5236 1989 5307 splen-

2116 5232 2242 5287 ιατά
2269 5230 2559 5303 πρόσωπον
2584 5228 2804 5285 πάντων
2858 5226 2968 5282 τῶν
3016 5225 3185 5282 λαῶν.
3228 5245 3249 5281 ι
3283 5224 3473 5289 Οὕτως
3526 5223 3689 5279 αὑτὸν

478 5387 521 5420 ⁷⁵
551 5385 689 5454 Luc,
709 5397 785 5456 "tl,
826 5391 918 5458 30,
946 5393 1039 5449 3i.

1925 5560 2159 5621 ΝΟΤᾹΞ.

479 5709 596 5784 (44)
634 5709 789 5784 Colb.
818 5712 1235 5784 πληρωθέντες.

479 5714 534 5780 (4
546 5714 596 5779 4)
634 5714 789 5767 Colb.
827 5714 1235 5784 πληρωθέντες.

479 5781 595 5853 (45)
618 5781 710 5855 Τῷ
733 5782 975 5855 βρέφειν,
999 5784 1152 5841 Coll).

2179 5715 2288 5784 (46)
2317 5714 2408 5770 Sic
2433 5714 2619 5770 scribo
2645 5727 2743 5783 pro
2776 5715 3077 5788 παρέσχεν.

2178 5785 2288 5855 (47)
2311 5785 2515 5843 Codex.
2540 5784 2877 5855 πηγάζουσι.

768 5824 922 5854 Γυτυι
935 5824 975 5854 ν,
1002 5824 1152 5841 uva”.

2178 5785 2288 5859 (47)
2311 5785 2515 5843 Codex.
2540 5784 2877 5856 πηγάζουσι.
