3908 6214
193 326 302 390 8°23
1211 325 1307 388 AD
1340 322 1936 386 AMPHILOCHIUM
1973 322 2319 397 QU/ES'I‘IO
2356 322 2549 387 CLVI.
3366 322 3473 385 826

194 434 610 509 περιήστραψεν
635 437 670 508 ή
694 437 753 491 ὲν
774 438 853 510 τῷ
877 438 1067 511 βρέφει
1083 439 1446 513 καθορωμένη
1472 443 1761 516 ἀπόρρητα

1886 437 1988 491 dor
2024 437 2319 494 ineﬂ‘abilis
2344 446 2399 493 et
2438 438 2651 493 ratione
2670 434 2820 492 omni
2847 434 3122 507 superior,
3167 449 3231 491 ex
3262 435 3471 493 infante

189 530 288 584 καὶ
310 530 452 600 ὑπὲρ
474 529 636 599 λόγου
668 532 858 603 αἴγλη,
890 532 967 597 ὡς
993 533 1065 588 τά
1116 536 1400 608 προϊόντος
1438 534 1534 590 τοῦ
1586 536 1761 608 χρόνοι

1886 529 2122 592 micans,
2161 530 2355 587 oculos
2388 530 2510 600 ejus
2535 529 2967 601 perstringebat,
3026 538 3109 591 ut,
3160 545 3282 599 qua:
3318 529 3476 601 iupo-

192 622 469 680 καὶκατὰ
519 622 717 695 μικρὸν
761 625 1237 698 ἀνακαλυφθέντα,
1296 628 1490 701 ἐκεινῳ
1521 628 1634 701 (68)
1686 628 1761 682 κα¹

1884 628 2093 677 sterum
2125 631 2390 677 eventura
2423 632 2480 677 et
2534 622 2683 677 brevi
2726 621 3023 691 aperienda
3085 630 3267 687 erant,
3307 622 3474 676 etiam

196 710 503 783 τηνικαῦτα
531 712 627 766 καὶ
671 715 753 778 εἰς
785 716 990 782 γνῶσιν
1041 715 1236 788 ἁθρόον
1286 718 1481 774 ἐλθεῖν.
1522 720 1633 775 Καὶ
1693 719 1761 774 ῖνς

1883 722 2035 779 tunc,
2067 712 2233 785 idque
2262 714 2601 784 plenissime,
2630 713 2988 783 perspiceret.
3038 710 3119 768 Ne
3140 729 3271 768 vero
3302 727 3469 768 occa-

195 803 333 873 μηδὲ
374 803 558 875 χώραν
615 806 725 858 τινὶ
777 808 1053 879 παράσχοι
1102 810 1312 874 πάντας
1346 810 1512 875 λαοὺς
1570 810 1757 866 καλεῖν

1883 803 2098 858 sionem
2127 805 2386 875 cuiquam
2425 804 2631 860 faceret
2662 804 3005 873 suspicandi,
3055 819 3115 860 se
3148 819 3245 876 per
3295 819 3474 875 popu—

188 897 318 958 τοὺς
352 896 410 949 ὲν
448 896 527 968 τῷ
569 898 844 952 Ἰουδαίων
892 900 1062 965 ἔθνει,
1116 903 1313 972 ἐπάγει
1361 902 1432 957 τά
1489 903 1757 975 εἰρημένα

1882 895 1966 953 los
1994 899 2117 953 illos
2147 914 2340 955 omnes
2368 897 2685 954 Iudaeorum
2706 908 2919 953 tantum
2947 908 3163 971 gentem
3203 899 3471 964 indicare,

196 1006 216 1037 ι
249 987 367 1048 Φῶς
396 989 476 1051 εὶς
510 990 855 1059 ἀποκάλυψιν
881 990 1074 1053 ἐθνῶν,
1117 1010 1136 1044 ι
1169 992 1293 1049 ἀντὶ
1316 993 1411 1047 τοῦ
1443 1009 1459 1024 ⁸
1491 994 1684 1067 μηδείς
1710 1012 1761 1065 με

1882 992 2169 1062 sequentia
2225 993 2555 1064 subjungit:
2627 1010 2647 1045 ι
2706 991 2910 1048 Lucem
2970 993 3026 1047 iu
3077 992 3470 1048 revelationem

186 1078 287 1132 νῦν
323 1078 536 1151 οἰηθείη
572 1081 752 1137 πάντα
780 1084 970 1138 καλεῖν
997 1084 1091 1139 τὸν
1132 1086 1427 1141 Ἰουδαϊκὸν
1457 1087 1607 1152 λαὸν,
1641 1089 1761 1143 ἀλλέ

1881 1086 2144 1156 gentium.
2181 1104 2200 1138 ι
2233 1085 2404 1153 Quasi
2440 1086 2650 1142 diceret
2683 1103 2699 1141 :
2739 1083 2911 1140 Nemo
2956 1093 3132 1157 putet,
3165 1100 3252 1140 me
3277 1086 3347 1140 de
3375 1082 3473 1139 Ju-

189 1174 416 1244 σύμπαν
446 1174 507 1228 τὸ
535 1174 692 1244 γένος
719 1176 808 1231 διά
844 1179 1052 1250 ταύτης
1077 1178 1267 1251 μηνύω
1292 1181 1391 1252 τῆς
1421 1182 1627 1253 φωνῆς.
1668 1181 1761 1236 Kal

1880 1176 2037 1233 daica
2086 1188 2247 1247 gente
2291 1176 2439 1233 omni
2470 1187 2684 1232 tantum
2724 1176 2909 1247 loqui;
2973 1176 3084 1231 imo
3132 1191 3261 1231 vero
3295 1182 3470 1231 totum

186 1270 299 1337 γὰρ
338 1267 583 1338 σωτηρία
612 1269 708 1322 καὶ
733 1270 1117 1343 ἀπολύτρωσις
1152 1272 1307 1328 ἔσται
1336 1273 1560 1330 πάντων
1597 1268 1761 1339 οὗτος

1880 1269 2166 1325 hominum
2202 1284 2374 1341 genus
2412 1270 2518 1326 hac
2541 1285 2681 1327 voce
2707 1270 2913 1327 indico.
2944 1270 3043 1325 Ille
3096 1268 3267 1335 enim,
3305 1284 3468 1339 quem

184 1356 247 1410 ὃν
274 1356 385 1425 ἐγὼ
426 1358 698 1431 τεθέαμαι
724 1361 821 1415 καὶ
869 1363 927 1414 ὲν
962 1362 1234 1431 ἀγκάλαις
1282 1365 1455 1437 φέρω.
1500 1365 1613 1421 Καὶ
1654 1367 1761 1420 οὐδὲ

1879 1360 2010 1424 vidi,
2037 1377 2314 1432 quemque
2348 1361 2494 1418 ulnis
2548 1361 2687 1427 fero,
2751 1361 3003 1415 omnium
3056 1360 3209 1416 salus
3260 1360 3365 1415 erit
3416 1370 3472 1416 et

188 1449 356 1521 μέχρι
393 1450 587 1505 τούτου
649 1454 919 1526 ἠρκέσθη.
982 1456 1125 1509 Ἀλλ’
1180 1458 1631 1513 ἀντιδιαστέλλων
1686 1458 1761 1513 τοι

1878 1453 2104 1508 vindex.
2142 1453 2260 1508 Imo
2288 1468 2390 1509 nec
2444 1454 2500 1507 in
2550 1452 2639 1508 his
2690 1452 2988 1523 acquievit,
3036 1454 3152 1515 sed,
3213 1452 3471 1508 Israelem

198 1542 435 1615 Ἰσραὴλ,
449 1565 467 1597 ι
495 1545 671 1600 πάντα
685 1548 754 1602 τὰ
769 1547 928 1621 ἔθνη»
958 1549 1374 1614 ὲπισυνάπτει,ι
1404 1552 1521 1622 φῶς
1542 1553 1621 1616 εἰς
1640 1555 1761 1607 ἀπο⁴

1879 1545 2270 1609 distincturus,
2285 1564 2303 1598 ι
2324 1555 2513 1618 gentes
2533 1561 2724 1601 omnes
2744 1545 2847 1601 uilli
2872 1547 2993 1602 voci
3008 1546 3242 1619 jungit,c
3268 1548 3467 1614 lucem,

188 1635 427 1705 κάλυψιν
461 1637 633 1691 ὲθνῶν
653 1640 927 1706 καὶδόξαν
958 1642 1090 1696 λαοῦ
1140 1661 1233 1697 σου
1298 1644 1535 1715 Ἰσραήλ.
1568 1664 1587 1698 ι
1648 1642 1761 1699 Οἷοι

1878 1635 2173 1706 inquiens,
2229 1636 2297 1692 ad
2356 1638 2745 1693 revelatiouem
2800 1638 3068 1709 gentium,
3128 1649 3184 1694 et
3235 1638 3469 1711 gloriam

185 1727 342 1797 κοινὴ
370 1729 472 1797 μέν
496 1729 613 1783 ἐστι
638 1733 883 1803 σωτηρία
906 1732 967 1785 τὸ
997 1733 1550 1807 ἀγκαλοφορούμενον
1573 1736 1761 1807 βρέφος

1880 1730 2062 1799 populi
2096 1730 2171 1785 tui
2210 1731 2511 1787 Israelis".
2557 1750 2576 1781 ι
2614 1730 2823 1787 Sensus
2853 1739 2980 1786 est:
3034 1728 3240 1796 Infans,
3305 1745 3468 1816 quem

180 1824 299 1884 τοῖς
328 1821 504 1876 ἔθνεσι
532 1826 687 1889 πᾶσι,
726 1826 822 1878 καὶ
857 1825 934 1897 τῷ
976 1827 1220 1899 Ἰσραήλ.
1294 1829 1454 1884 Ἀλλά
1510 1833 1625 1893 τοῖς
1675 1832 1761 1903 μὲι

1880 1821 2023 1876 ulnis
2047 1819 2183 1889 fero,
2236 1823 2470 1878 salutem
2522 1823 2742 1893 quidem
2798 1822 3053 1893 gentibus
3101 1824 3359 1879 omnibus
3416 1830 3472 1877 et

182 1912 322 1980 φῶς,
358 1913 552 1967 ὃτιτοῦ
586 1916 808 1980 σκότους
841 1916 1025 1988 ἐξάγει
1052 1921 1151 1991 τῆς
1175 1921 1647 1995 εἰδωλολατρείας.
1680 1923 1761 1997 Tt;

1876 1912 2062 1968 Israeli
2094 1930 2313 1986 quoque
2341 1931 2692 1971 communem
2759 1916 2948 1982 ali‘ert;
2986 1925 3043 1971 at
3095 1916 3204 1972 illis
3243 1917 3464 1988 quidem

181 2004 242 2057 se
261 2005 409 2072 δόξα,
431 2008 513 2059 ὅτι
535 2008 603 2060 τά
621 2009 830 2073 τούτοις
857 2012 1027 2066 πάλαι
1054 2015 1263 2087 νόμιμα
1283 2016 1505 2072 δοθέντα
1525 2017 1660 2089 (49),
1685 2019 1761 2074 sta

1874 2012 1959 2059 est
1986 2005 2160 2061 instar
2197 2006 2362 2072 lucis,
2418 2024 2485 2062 ex
2554 2006 2880 2062 idololatriae
2915 2007 3157 2063 tenebris
3206 2023 3301 2063 eas
3332 2008 3468 2062 edu-

179 2097 284 2168 τῆς
311 2099 602 2171 εἰδωλικῆς
634 2102 1079 2174 ἀπεκαθαίροντο
1100 2108 1318 2179 ἀχλύος,
1353 2112 1435 2173 εἰς
1463 2109 1627 2178 δόξαν
1648 2112 1761 2181 εκαῖ

1874 2112 2038 2164 cens;
2100 2099 2230 2154 huic
2292 2116 2422 2155 vero
2450 2100 2680 2170 gloriam
2743 2100 2909 2171 parit,
2964 2100 3093 2171 quia
3154 2100 3300 2171 leges
3329 2100 3465 2171 ipsis

178 2189 500 2261 τελειότητα
536 2194 835 2264 μεταϐαλεῖ
865 2197 1001 2268 (50).
1031 2200 1142 2253 Καὶ
1191 2201 1367 2267 ἄλλως
1399 2203 1456 2257 δὲ
1504 2204 1631 2272 δόξα
1676 2203 1761 2257 ’ιοῖ¹

1875 2191 2128 2264 (Judwis)
2182 2194 2311 2249 olim
2346 2194 2526 2255 datas.
2568 2209 2690 2263 qua:
2720 2193 2960 2266 caligine
2991 2193 3324 2249 idololatriae
3362 2195 3464 2249 ob-

194 2283 591 2355 Ἰσραηλιτικοῦ
615 2284 746 2341 λαοῦ
771 2289 799 2342 6
819 2288 1054 2361 τεχθεὶς,
1098 2292 1195 2346 ἆτε
1225 2294 1289 2365 δὴ
1336 2296 1401 2349 ὲκ
1456 2296 1761 2366 σπέρματος

1874 2288 2148 2344 scuriores
2176 2288 2562 2356 reddebantur,
2594 2288 2992 2358 splendidiores
3027 2295 3083 2343 et
3107 2287 3465 2359 perfectiores

179 2374 278 2427 τοῦ
343 2376 596 2449 Ἀϐραάμ
653 2378 944 2453 ἄνθρωπος
993 2383 1256 2452 γεγονώς.
1307 2385 1525 2457 Μικροῦ
1579 2386 1637 2440 δὲ
1678 2386 1761 2440 κα)

1875 2381 2083 2436 reddet.
2114 2381 2236 2435 Alia
2269 2396 2402 2436 vero
2424 2380 2586 2435 etiam
2621 2384 2831 2437 ratione
2885 2390 3052 2438 natus
3111 2382 3206 2438 ille
3258 2382 3311 2437 in
3348 2383 3466 2453 glo-

190 2467 422 2535 Ἡσαΐας
453 2473 481 2524 ό
514 2473 806 2544 προφήτης
839 2474 908 2528 τά
935 2476 1075 2530 αύτά
1098 2479 1531 2551 προανακράζει,
1560 2479 1761 2548 λέγωνε

1874 2474 2013 2528 riam
2078 2474 2267 2544 papuli
2331 2473 2619 2529 lsraelitici
2678 2474 2957 2546 vergebat,
3019 2475 3226 2545 quippe
3272 2476 3364 2545 qui
3397 2490 3465 2530 ex

185 2577 205 2610 ι
260 2560 415 2625 Ἰδοὺ,
441 2561 664 2617 τέθεικά
697 2582 756 2617 σε
804 2567 883 2629 εἰς
914 2568 1029 2636 φῶς
1054 2568 1245 2635 ἐθνῶν,
1302 2570 1512 2635 ἀνοῖξαι
1566 2570 1761 2640 ὀφθαλ-

1871 2564 2173 2620 Abrahami
2206 2565 2417 2621 semine
2440 2564 2722 2621 hominem
2754 2565 3048 2620 induisset.
3069 2567 3249 2637 Atque
3273 2566 3465 2621 eadem

181 2654 323 2722 μοὺς
352 2654 592 2724 τυφλῶν,
633 2676 652 2710 ι
688 2659 935 2713 τουτέστι
987 2664 1291 2732 παρασχεῖν
1328 2664 1461 2734 όρᾷν
1508 2667 1602 2717 καὶ
1651 2664 1761 2717 δια-

1872 2654 1987 2713 fere
2030 2657 2210 2714 Isaias
2241 2657 2505 2729 propheta
2562 2666 2721 2713 antea
2776 2658 3176 2728 pronuntiavit,
3220 2660 3459 2715 dicens:

180 2748 424 2799 στέλλειν
458 2749 516 2802 τὸ
551 2750 670 2819 φῶς
699 2753 763 2804 ἐκ
784 2752 877 2807 τοῦ
910 2754 1141 2818 σκότους
1175 2754 1292 2825 (51)
1339 2756 1437 2809 καὶ
1486 2756 1586 2827 τὴν
1635 2756 1761 2829 ἀλήα

1878 2764 1898 2798 ι
1935 2746 2073 2804 Ecce
2108 2749 2264 2818 posui
2308 2757 2360 2803 te
2391 2748 2445 2803 in
2479 2748 2664 2803 lumen
2698 2749 2971 2820 gentium,
3015 2759 3074 2804 ut
3094 2752 3310 2821 aperias
3334 2766 3468 2807 ocu-

181 2838 334 2892 9stav
358 2841 420 2892 ἐκ
442 2841 538 2894 τοῦ
574 2841 828 2911 ψεύδους,
880 2845 977 2898 καὶ
1018 2848 1119 2915 τὴν
1170 2847 1455 2901 εὐσέϐειαν
1505 2849 1615 2902 ἀπὸ
1668 2849 1772 2921 τῆς

180 2931 411 3003 πλάνης.
452 2936 546 2987 Διὸ
575 2935 670 2988 καὶ
695 2936 725 2987 6
754 2936 918 2990 Δαϐὶδ
952 2938 1159 3006 ταύτην
1208 2940 1442 3011 κροτῶν,
1482 2943 1645 2995 οἱονεὶ
1678 2959 1771 3012 χο-

180 3022 355 3091 ρεύων
408 3025 503 3078 καὶ
557 3026 956 3099 ἀνακηρύττων
1004 3028 1104 3100 τὴν
1155 3032 1454 3102 σωτηρίαν,
1517 3052 1535 3084 ι
1582 3034 1768 3088 Πάντα

1872 2838 1957 2894 los
2010 2854 2280 2895 caecorum
2300 2840 2367 2899 ⁷⁸,
2413 2858 2433 2892 ι
2490 2840 2596 2895 hoc
2662 2848 2773 2905 est,
2837 2840 3009 2898 facias
3053 2851 3113 2897 ut
3165 2842 3386 2899 videant
3413 2854 3467 2899 et

1869 2931 2207 3003 distinguant
2262 2932 2438 2987 lucem
2471 2949 2538 2988 ex
2569 2933 2832 2997 tenebris,
2880 2936 3163 2991 veritatem
3200 2953 3266 2992 ex
3306 2953 3464 2992 men-

1871 3021 2048 3087 dacio,
2079 3032 2133 3078 et
2160 3024 2413 3093 pietatem
2444 3040 2509 3079 ex
2532 3024 2698 3079 variis
2721 3025 2848 3081 vita:
2873 3027 3178 3082 erroribus.
3207 3026 3467 3097 PrOpter-

179 3113 331 3183 ἔθνη,
359 3116 515 3185 φησὶ,
551 3119 860 3190 κροτήσατε
897 3124 1111 3193 χεῖρας,
1159 3123 1243 3176 ὃτι
1277 3123 1479 3194 Κύριος
1516 3124 1761 3194 ὕψιστος,

1871 3128 1935 3168 ea
1992 3123 2045 3169 et
2076 3113 2263 3182 David,
2294 3116 2542 3171 eamdem
2577 3118 2833 3183 salutem,
2881 3118 3056 3173 instar
3092 3119 3462 3188 tripudiantis,

179 3206 430 3277 φοϐερὸς,
464 3210 728 3275 Βασιλεὺς
761 3213 932 3281 μέγας
987 3215 1081 3267 ἐπὶ
1115 3219 1293 3270 πᾶσαν
1339 3220 1439 3288 τὴν
1480 3219 1603 3289 γῆν.
1644 3238 1662 3270 ι
1705 3220 1768 3272 EI

176 3298 235 3350 δὲ
268 3299 396 3363 λαὸς
421 3303 515 3355 τοῦ
544 3304 784 3374 Χριστοῦ
834 3309 927 3359 καὶ
956 3307 1201 3377 λέγεται,
1250 3310 1350 3365 κα)⁸
1406 3311 1555 3365 ἐστιν
1599 3311 1628 3364 6
1666 3313 1768 3365 Ἰσ-

180 3392 338 3462 ραὴλ,
368 3395 507 3464 πρὸς
544 3398 613 3449 τὰ
643 3398 771 3467 ἔθνη
809 3401 1277 3474 διαστελλόμενος,
1310 3405 1682 3460 διαστέλλεται
1707 3406 1766 3461 δὲ

176 3481 397 3549 πάντως
428 3490 537 3551 τοῖς
570 3506 629 3543 τε
665 3492 986 3558 Μωσαῖκοίς
1022 3495 1210 3566 νόμοις
1262 3497 1357 3551 καὶ
1394 3500 1509 3563 τοῖς
1562 3499 1764 3568 ἔθνεσι,

174 3576 354 3647 δῆλον,
392 3580 497 3645 ὅτι,
528 3582 631 3635 κᾶν
664 3585 833 3654 μήπω
859 3586 958 3656 τῆς
988 3588 1211 3658 χάριτος
1263 3588 1607 3659 ἁπήλαυσεν,
1666 3591 1765 3645 καὶ

174 3671 329 3734 ἐντὸς
358 3673 561 3742 ταύτης
589 3677 981 3747 ἐχρημάτισεν,
1014 3679 1139 3743 λαὸς
1191 3680 1288 3734 καὶ
1318 3676 1471 3745 οὗτός
1522 3683 1639 3736 ἐστι
1668 3682 1764 3737 τοῦ

174 3763 439 3833 Χριστοῦ.
482 3766 543 3821 Ei
571 3769 627 3823 δὲ
682 3772 711 3823 6
743 3772 801 3824 ὲν
848 3775 915 3843 τῇ
970 3773 1180 3845 παλαιᾷ
1208 3775 1455 3850 Διαθήκῃ
1500 3775 1627 3840 λαὸς
1666 3778 1764 3832 τοῦ

174 3857 415 3928 Χριστοῦ
448 3861 595 3916 ἐστιν
634 3863 762 3928 λαὸς
791 3866 906 3935 (52)
959 3866 1078 3927 πῶς
1126 3868 1227 3921 οὐκ
1271 3869 1648 3939 ὲμφράττεται
1694 3870 1765 3925 τὰ

178 3947 445 4003 ἁπύλωτα
484 3952 754 4022 στόματα,
784 3954 853 4009 τά
875 3956 981 4009 ἀπὸ
1004 3957 1284 4023 Μάνεντος
1314 3960 1395 4023 εὶς
1417 3958 1613 4032 ἑτέραν
1641 3961 1764 4016 τού-

173 4057 302 4105 τους
334 4045 784 4116 παραπέμποντα
811 4048 992 4120 ἀρχήν
1029 4049 1165 4122 (55).

244 4312 351 4365 Τοῦ
380 4312 633 4383 μέντοιγε
672 4315 985 4388 πρεσϐύτου
1016 4318 1327 4388 Συμεῶνος,
1378 4319 1760 4392 θεολογοῦντος

168 4405 239 4456 τὰ
274 4406 566 4475 εἰρημένα,
596 4402 686 4479 ἦν,
719 4409 884 4477 φησιν
922 4409 1063 4479 (54),
1088 4429 1107 4462 ι
1158 4410 1356 4483 Ἰωσὴφ
1388 4414 1480 4466 καὶ
1512 4415 1545 4485 ἡ
1577 4416 1760 4486 μήτηρ

1869 3203 2190 3271 decantans,
2247 3215 2301 3261 et
2332 3209 2728 3277 praenuntiatus,
2767 3230 2785 3261 ι
2823 3209 3045 3276 Omnes,
3074 3210 3278 3281 inquit,
3315 3228 3449 3283 gen—

1870 3307 1976 3361 tes,
2022 3298 2266 3368 plaudite
2301 3300 2577 3366 manibus,
2642 3303 2770 3371 quia
2833 3305 3096 3359 Dominus
3121 3304 3373 3360 excelsus
3405 3312 3462 3360 et

1870 3388 2206 3455 tremendus,
2237 3392 2353 3443 Rex
2384 3406 2615 3460 magnus
2639 3402 2722 3447 est
2757 3408 2923 3463 super
2949 3403 3149 3448 terram
3174 3395 3241 3447 ".
3265 3413 3286 3447 ι
3307 3392 3459 3463 Quo-

1867 3480 2017 3534 niam
2044 3495 2176 3536 vero
2208 3481 2375 3536 Israel
2409 3490 2463 3537 et
2492 3492 2720 3539 vocatur
2749 3496 2821 3563 ‘et
2854 3495 2937 3540 est
2968 3487 3205 3556 populus
3231 3485 3457 3554 Christi,

1866 3572 2091 3642 quando
2113 3573 2368 3642 gentibus
2396 3576 2713 3644 opponitur,
2742 3577 3038 3646 opponitur
3060 3594 3189 3633 vero
3223 3580 3455 3633 omnino

1865 3671 1921 3716 et
1947 3661 2204 3717 Mosaicis
2236 3664 2446 3734 legibus
2465 3674 2520 3719 et
2549 3666 2825 3736 gentibus,
2860 3675 3010 3736 patet
3042 3668 3251 3739 utique,
3285 3670 3454 3739 quod,

1864 3752 2079 3810 etiamsi
2138 3771 2417 3827 nunquam
2472 3757 2660 3827 gratia:
2717 3758 2991 3828 particeps
3056 3758 3237 3816 factus
3285 3770 3454 3825 esset,

1864 3846 2096 3918 ejusque
2128 3850 2370 3904 fructum
2405 3852 2661 3920 cepisset,
2722 3852 2807 3905 vel
2868 3852 2949 3907 sic
2981 3852 3189 3908 Christi
3221 3855 3457 3923 populus

1863 3940 2181 3997 exstitisset.
2232 3941 2387 4008 Quod
2415 3942 2459 3998 si
2497 3958 2625 3999 vero
2670 3944 2925 4016 populus,
2960 3946 3014 4000 in
3051 3948 3217 4002 veteri
3253 3946 3458 4003 imitere

1862 4035 2189 4107 appellatus,
2253 4036 2455 4092 Christi
2521 4048 2606 4094 est
2652 4040 2907 4110 populus,
2969 4057 3151 4098 norme
3181 4042 3288 4098 hoc
3336 4044 3455 4113 ipso

1861 4128 2123 4185 eﬂ‘renata
2152 4128 2584 4187 Manichaeorum
2628 4147 2727 4189 ora
2782 4133 3132 4202 obturantur,
3168 4135 3264 4206 qui
3326 4135 3456 4190 illos

1862 4222 2020 4277 alteri
2047 4223 2265 4279 cuidam
2292 4224 2561 4294 principio
2588 4234 2847 4295 acceptos
2873 4226 3099 4281 ferunt?

1933 4314 2237 4378 Caeterum,
2270 4316 2541 4389 Symeoue
2571 4333 2701 4373 sene
2740 4324 2997 4389 mysteria
3032 4320 3144 4373 haec
3179 4320 3248 4374 ita
3301 4321 3448 4374 edis-

1862 4418 2097 4475 serente,
2128 4429 2147 4462 ι
2180 4408 2475 4481 Iosephus,
2507 4414 2651 4481 quod
2684 4410 2863 4468 Lucas
2912 4413 3008 4477 ait,
3040 4422 3094 4466 et
3128 4423 3299 4468 mater
3328 4414 3451 4483 ejus

169 4494 339 4547 αὐτοῦ
365 4496 737 4566 θαυμάζοντες
768 4500 861 4552 ἐπὶ
883 4503 995 4564 τοῖς
1013 4500 1361 4572 λαλουμένοις
1380 4505 1508 4576 περὶ
1529 4504 1718 4572 αὑτοῦ,
1732 4524 1750 4557 ι

1871 4502 2216 4556 mirabantur
2238 4519 2301 4557 ea
2358 4519 2482 4572 quae
2519 4506 2588 4559 de
2621 4504 2714 4559 illo
2743 4504 2885 4559 dicta
2912 4504 3154 4558 erant“.
3203 4522 3222 4557 ι
3280 4503 3451 4559 Mira-

169 4585 567 4657 θαυμάζοντες,
594 4590 694 4661 οὐχ
727 4592 812 4646 ὅτι
844 4590 941 4646 νῦν
988 4593 1100 4648 τῶν
1128 4595 1270 4667 ὑπὲρ
1310 4596 1468 4666 λόγον
1516 4600 1617 4669 τὴν
1660 4598 1757 4654 νῦν

167 4680 373 4746 γνῶσιν
412 4680 677 4752 ἐδέχοντο,
733 4684 851 4737 ἀλλ’
909 4685 1103 4758 ὅτιπερ
1153 4688 1247 4742 ἐπὶ
1294 4690 1409 4753 τοῖς
1459 4690 1757 4762 ὑπερφυῶς

167 4775 647 4844 προεγνωσμένοις
687 4777 784 4832 καὶ
846 4776 1021 4833 ταῦτα
1101 4780 1553 4852 προσελάμϐανον
1616 4781 1754 4853 (55).

179 4860 510 4934 ’Υπερφυῶν
543 4866 653 4938 γὰρ
684 4868 1028 4939 πραγμάτων
1067 4870 1290 4939 γνῶσις,
1326 4872 1519 4937 ὁσάκις
1559 4871 1627 4926 ἂν
1675 4874 1757 4936 εἰς

168 4954 398 5026 μνήμην
427 4956 550 5022 ἀγει
577 4958 669 5011 τὸν
695 4959 999 5028 ἐγνωκότα,
1034 4961 1363 5026 τοσαυτάκις
1404 4962 1462 5015 ὲν
1480 4964 1602 5023 ταῖς
1631 4961 1753 5016 δια-

165 5046 341 5110 νοίαις
394 5047 733 5116 ἀνακαινίςει
784 5052 846 5107 τὸ
897 5052 1105 5123 θαῦμα.
1163 5050 1297 5108 Εἶτα
1352 5054 1677 5118 συντελέσας
1725 5055 1755 5107 6

242 5156 285 5186 ⁷⁷
312 5156 419 5213 Isa.
451 5174 605 5231 χιιι,
631 5162 685 5219 6.
762 5162 809 5195 ⁷⁸
835 5162 944 5219 Isa.
972 5179 1121 5230 xLVt,
1162 5162 1219 5220 7.
1294 5163 1342 5197 "
1367 5163 1513 5220 Psal.
1546 5181 1693 5229 Lm,
1724 5166 1780 5220 2.

1864 4594 2085 4661 bantur,
2116 4596 2317 4663 inquit,
2361 4613 2469 4652 non
2548 4597 2790 4667 quidem,
2847 4597 2992 4667 quod
3040 4606 3171 4652 tunc
3226 4598 3448 4653 demum

1862 4702 2078 4753 eorum,
2117 4703 2241 4756 qua:
2271 4689 2541 4743 rationem
2577 4703 2795 4743 omnem
2836 4689 3194 4758 superabant,
3254 4691 3449 4744 notitia
3499 4709 3508 4737 ι

1864 4778 2294 4846 instruerentur,
2320 4781 2414 4836 sed
2444 4781 2590 4851 quod
2623 4791 2820 4851 praeter
2851 4781 2963 4845 illa,
2998 4797 3121 4851 quae
3143 4797 3209 4836 ex
3252 4797 3449 4852 super-

1864 4871 2208 4928 naturalibus
2238 4883 2364 4927 ante
2388 4872 2609 4943 cognita
2638 4872 2932 4936 habebant,
2960 4872 3125 4928 etiam
3156 4873 3270 4927 haec
3300 4874 3443 4929 reci-

1864 4963 2103 5032 piebant.
2133 4962 2363 5032 Quoties
2397 4966 2544 5020 enim
2580 4966 2931 5021 insolentium
2968 4981 3153 5021 rerum
3180 4969 3445 5022 memoria

1860 5054 1991 5119 illis,
2051 5056 2146 5126 qui
2204 5072 2299 5114 eas
2324 5066 2546 5123 norunt,
2601 5057 2917 5129 refricatur,
2951 5059 3113 5116 toties
3160 5058 3448 5116 admiratio

1884 5167 1930 5199 ⁸ο
1961 5167 2094 5223 Luc.
2127 5185 2189 5235 ιι,
2230 5170 2321 5225 55.

1695 5298 1928 5357 NOTAE.

242 5389 353 5463 (48)
384 5390 461 5446 lta
506 5389 663 5446 Colb.
692 5407 793 5463 pro
815 5394 1043 5449 ἐκεῖνον.

241 5460 353 5531 (49)
395 5466 532 5516 Ante
560 5460 749 5517 vocem
776 5463 863 5517 διὰ
893 5474 1023 5531 puto
1052 5462 1322 5517 excidisse
1374 5460 1409 5514 ἆ
1459 5476 1553 5530 per
1596 5469 1749 5514 aute-

168 5535 453 5604 ccdcntetn
484 5533 749 5604 syllabam
771 5551 857 5587 τα.
883 5533 937 5588 Id
962 5550 1091 5587 vero
1111 5534 1425 5604 frequenter
1445 5548 1546 5586 usu
1576 5532 1742 5585 venit.

395 5602 667 5682 §icnuolb.
692 5620 790 5682 pro
819 5604 1139 5682 μετακαλεῖ.
1391 5672 1403 5682 _
1631 5671 1641 5682 .

243 5672 359 5742 (51)
393 5674 570 5728 Cuch
596 5673 667 5729 ita
692 5671 713 5729 Ξ
740 5676 802 5727 τὸ
822 5671 1021 5738 σκότος
1049 5677 1114 5727 ὲκ
1143 5674 1236 5727 τοῦ
1268 5672 1469 5743 φωτὸς,
1527 5671 1755 5727 vocibus

170 5758 342 5812 prave
373 5752 430 5797 et
497 5744 943 5802 inconvenieuter
994 5744 1213 5816 positis,
1274 5745 1420 5816 quod
1468 5746 1755 5814 sequentia

167 5825 456 5869 ειειιιςιιιιι.

1927 5392 2040 5464 (52)
2070 5394 2198 5455 λαὸς
2232 5403 2314 5449 est
2342 5409 2404 5449 ex
2432 5393 2587 5449 Colb.

1931 5463 2045 5535 (53)
2078 5465 2359 5538 Manicltaei
2385 5467 2533 5538 enim
2567 5474 2622 5519 et
2660 5463 2902 5531 Iudaeos,
2930 5478 2985 5521 et
3011 5467 3186 5538 legem
3244 5466 3444 5523 Mosai-

1858 5550 1978 5588 cam
2046 5538 2191 5590 malo
2238 5536 2509 5605 principio
2566 5538 2618 5590 in
2675 5540 2913 5605 acceptis
2981 5536 3249 5595 ferebant.
3310 5539 3449 5594 Vide

1857 5606 2039 5661 Photii
2080 5608 2281 5661 llbrum
2304 5606 2332 5661 I
2361 5604 2563 5660 Contra
2588 5604 2934 5676 Maniclueos,
2967 5617 3097 5665 tom.
3137 5608 3245 5665 CII.

1931 5676 2045 5747 (54)
2070 5677 2225 5747 Colb.
2257 5691 2356 5747 pro
2377 5679 2560 5745 φασιν.

1935 5747 2050 5819 (55)
2092 5746 2402 5805 σοιϋζιοοο
2426 5748 2864 5823 προελάμϐανον.
