3908 6214
433 286 537 351 8‘27

1597 281 1861 343 PHOTII
1887 282 2400 344 PATRIARCH/E
2438 281 2546 343 (ΣΡ.

3626 280 3737 344 828

437 398 608 454 animi
635 397 813 453 denuo
846 403 1166 452 renovatur.
1222 393 1551 450 Perfunctus
1609 393 1681 448 ita
1736 409 1903 449 senex
1933 409 2035 448 no-

2148 393 2458 464 πρεσὸύτης
2494 391 2595 463 τὴν
2647 389 2730 452 είς
2783 389 2845 444 τὸ
2879 389 3036 444 Θεῖον
3093 389 3428 458 δοξολογίαν,
3465 391 3738 462 τρέπετει

436 503 549 546 stcr
585 489 759 545 divini
796 488 1052 545 Numinis
1095 489 1371 552 laudibus,
1407 487 1643 556 denique
1673 501 1732 542 se
1763 487 1830 540 ad
1859 486 2028 541 bene-

435 583 734 638 dictionem
801 582 1044 646 illorum,
1101 582 1195 654 qui
1243 580 1505 636 infantem
1535 579 1854 645 attulerant,
1889 593 2023 634 con-

437 675 621 733 vertit.
677 674 820 731 Hinc
861 691 993 730 vero
1035 675 1105 730 ad
1156 683 1389 729 matrem
1435 673 1610 728 solam
1660 671 1825 726 verba
1872 670 2028 726 facit.

445 789 462 822 ι
507 769 791 824 Beuedixit
825 768 973 823 enim
1004 768 1410 843 illisp‘ymeon,
1447 773 1502 820 et
1539 765 1606 819 ad
1633 764 1883 830 Mariam,
1912 779 2032 819 ma—

441 871 579 918 trem
614 862 754 932 ejus,
804 861 944 916 dixit
970 861 1040 914 ⁸¹.
1084 879 1104 912 ι
1142 860 1223 914 Ad
1262 858 1512 923 Mariam,
1544 857 1744 928 inquit,
1775 869 2027 923 matrem,

441 971 548 1010 non
576 955 644 1009 ad
673 953 994 1024 Josephum,
1020 963 1228 1022 patrem
1263 950 1408 1021 ejus.
1443 948 1819 1005 Nihilominus
1848 959 2030 1005 tamen

442 1048 690 1117 utrisque
715 1046 1153 1102 benedictionem
1201 1044 1534 1114 impertitur,
1598 1045 1852 1114 quamvis
1892 1043 2030 1098 allo-

441 1141 738 1206 cutionem,
769 1139 838 1195 de
863 1140 1030 1195 rebus
1058 1139 1310 1209 inprimis
1341 1138 1774 1202 sublimioribus,
1810 1136 1876 1191 ad
1909 1150 2031 1190 ma-

442 1241 580 1287 trem
611 1232 786 1288 solam
820 1231 1072 1286 instituat
1108 1248 1122 1284 :
1162 1239 1220 1284 ut
1256 1230 1471 1286 scilicet
1521 1228 1801 1285 communi
1860 1230 2031 1283 bene-

441 1325 682 1379 dictione
712 1323 876 1394 .facta
955 1321 1255 1393 Josephum
1346 1323 1590 1394 parentis
1656 1321 1847 1377 habitu
1923 1335 2032 1374 non

441 1431 670 1487 prorsus
698 1415 914 1485 privet;
971 1414 1135 1471 simul
1185 1423 1366 1470 tamen
1398 1413 1580 1469 verbis
1632 1413 1769 1477 suis,
1816 1411 1882 1466 ad
1915 1425 2033 1464 ma-

442 1519 580 1564 trem
608 1508 888 1577 speciatim
915 1508 1157 1578 perlatis,
1187 1507 1455 1578 virginem
1490 1509 1557 1561 ab
1582 1521 1648 1561 eo
1669 1506 2031 1576 distinguens,

441 1617 563 1658 eam
597 1616 724 1657 vere
753 1611 984 1656 matrem
1014 1600 1135 1671 ejus
1189 1589 1535 1670 profiteatur.
1595 1597 1736 1665 Quid
1792 1614 1925 1653 vero
1964 1599 2030 1652 ad

2130 489 2317 542 λοιπὸν
2351 487 2446 541 ἐπὶ
2466 487 2568 556 τὴν
2598 482 2852 554 εὐλογίαν
2901 483 3011 538 τῶν
3064 484 3450 553 ἀναγαγόντων
3485 484 3549 537 τὸ
3601 485 3735 557 βρὲ-

2131 599 2252 651 φος.
2288 576 2422 634 Εἶτα
2465 578 2680 632 ἐκεῖθεν
2710 578 2848 648 πρὸς
2881 578 3050 649 μόνην
3077 577 3177 648 τὴν
3211 579 3428 650 μητέρα
3456 578 3738 650 ἀποστρέ-

2134 693 2224 744 φει
2256 676 2370 747 (56)
2428 673 2521 727 τὸν
2542 673 2725 740 λόγον.
2783 690 2801 724 ι
2833 673 2945 726 Καὶ
3005 671 3304 742 εὐλόγησεν
3355 671 3466 744 γὰρ
3536 673 3738 737 αὐτοὺς

2134 767 2382 839 Συμεὼν,
2420 769 2516 822 καὶ
2544 761 2666 820 εἷπε
2685 763 2824 836 πρὸς
2849 765 3086 836 Μαριὰμ
3109 766 3208 836 τὴν
3240 767 3454 837 μητέρα
3480 767 3674 822 αὑτοῦ.
3706 789 3728 820 ι

2133 859 2277 928 Πρὸς
2305 858 2562 929 Μαριὰμ,
2599 857 2756 928 φησὶ,
2782 857 2880 928 τὴν
2935 857 3170 928 μητέρα,
3195 859 3316 929 οὐχὶ
3341 860 3481 929 πρὸς
3531 860 3737 930 Ἰωσὴφ

2133 953 2225 1006 τὸν
2259 953 2470 1023 πατέρα
2508 950 2698 1005 αὐτοῦ.
2748 951 2913 1004 Ἀλλὰ
2937 951 3038 1021 τῆς
3072 951 3172 1021 μὲν
3207 952 3464 1021 εὐλογίας
3529 955 3740 1023 ἀμφοῖν

2137 1044 2485 1116 μεταδίδωσι.
2514 1043 2626 1114 Τὴν
2646 1043 2705 1096 δὲ
2731 1043 3038 1115 πρόσρησιν
3093 1043 3204 1096 τῶν
3263 1047 3739 1116 ἀπορῤητοτέρων

2135 1141 2201 1210 τῇ
2238 1138 2406 1209 μητρὶ
2443 1137 2714 1207 προσάγει
2774 1137 2933 1210 μόνῃ,
2987 1137 3075 1189 ἵνα
3123 1136 3212 1189 διὰ
3257 1137 3355 1206 μὲν
3411 1139 3513 1207 τῆς
3548 1141 3741 1210 κοινῆς

2144 1229 2395 1298 εὐλογίας
2418 1228 2514 1282 τοῦ
2552 1229 2833 1299 σχήματος
2881 1228 2992 1282 τῶν
3035 1229 3376 1298 γεννητόρων
3417 1231 3492 1300 μὴ
3535 1231 3744 1297 ἀπογυ-

2140 1323 2327 1394 μνώσῃ
2363 1322 2454 1376 τὸν
2492 1321 2720 1394 Ἰωσὴφ,
2745 1321 2836 1375 διὰ
2866 1321 2922 1374 δὲ
2953 1321 3062 1375 τῶν
3099 1322 3234 1393 πρὸς
3263 1324 3364 1393 τὴν
3400 1323 3620 1393 μητέρα
3655 1323 3744 1376 M-

2136 1433 2250 1484 γων
2281 1416 2380 1486 τὴν
2415 1415 2696 1487 Παρθένον
2724 1415 2936 1468 ἐκείνου
2964 1414 3296 1480 διαστείλας,
3333 1416 3434 1484 τὴν
3488 1415 3568 1478 ὡς
3600 1417 3742 1487 ἀλη-

2139 1507 2247 1569 θῶς
2277 1507 2602 1580 ἀνακηρύξῃ
2629 1507 2860 1579 μητέρα.
2897 1501 3031 1560 Εἶτα
3062 1508 3158 1561 καὶ
3181 1508 3232 1560 τί
3266 1507 3740 1580 διαλέγεται-πρὸς

2137 1599 2238 1668 τὴν
2265 1601 2482 1672 μητέρα
2505 1593 2732 1667 ;‹Οὖτος
2754 1603 2934 1654 κεῖται
2962 1602 3042 1664 εἰς
3070 1601 3285 1653 πτῶσιν
3319 1603 3412 1654 καί⁵
3435 1602 3744 1656 ἀνάστασιν

443 1702 671 1748 matrem
703 1693 995 1764 loquitur?
1027 1712 1045 1745 ι
1085 1692 1182 1748 Hic
1215 1693 1362 1763 jacet
1393 1692 1447 1746 in
1496 1691 1712 1762 lapsum
1761 1700 1817 1746 et
1848 1706 2036 1746 resur-

2148 1693 2353 1748 πολλῶν
2378 1694 2437 1747 ὲν
2463 1694 2542 1766 τῷ
2589 1693 2830 1765 Ἰσραὴλ,
2863 1694 2960 1748 καὶ
2980 1695 3060 1757 εἰς
3094 1697 3324 1764 σημεῖον
3372 1695 3739 1763 ἀντιλεγόμε-

443 1790 744 1842 rectionem
797 1789 1091 1840 multorum
1144 1786 1198 1839 in
1250 1784 1439 1849 Israel,
1490 1793 1544 1838 et
1588 1785 1642 1838 in
1672 1784 1912 1855 signum,
1947 1783 2036 1838 cui

2148 1805 2284 1842 νον.»
2308 1788 2494 1860 Ὁρᾷς,
2527 1789 2675 1852 ὅπως
2698 1789 2826 1860 ὃλην
2847 1787 2943 1841 τοῦ
2970 1787 3273 1859 μυστηρίου
3294 1787 3392 1858 τὴν
3415 1787 3740 1857 οἰκονομίαν

440 1875 926 1933 condradicitur“.
969 1896 989 1930 ι
1012 1875 1201 1939 Vides,
1231 1889 1360 1932 eum
1393 1884 1560 1930 totam
1591 1875 1838 1947 mysterii
1868 1874 2037 1945 hujus

441 1970 812 2025 conditionem
844 1970 1164 2025 summatim
1198 1967 1412 2040 Virgini
1445 1969 1682 2039 aperire,
1724 1967 1874 2021 illam
1902 1981 2034 2022 vero

442 2063 565 2130 ejus
593 2063 1001 2117 enarrationem
1033 2071 1224 2132 postea
1257 2063 1568 2117 instituere.
1598 2060 1756 2128 Quod
1797 2060 1844 2115 si
1881 2060 2034 2116 inse-

443 2165 574 2211 cuta
627 2165 948 2212 sanctorum
1003 2156 1246 2210 virorum
1293 2155 1515 2210 oracula
1552 2152 1805 2208 conferre
1839 2153 1937 2208 tibi
1969 2152 2038 2206 li-

444 2247 592 2312 beat,
630 2248 879 2304 historiae
905 2249 1076 2304 series
1112 2248 1473 2320 quaesitorum
1533 2258 1752 2302 tuorum
1803 2246 2036 2303 solutio-

444 2356 568 2395 nem
595 2341 813 2397 abunde
845 2341 1301 2412 suppeditaverit.

551 2457 880 2526 QUIESTIO
909 2458 1090 2516 CLVII
1144 2457 1710 2533 [CoisLCLXXXVIL
1735 2457 1905 2513 Taur.

800 2555 1060 2612 CLXXVI
1090 2563 1145 2611 et
1167 2554 1452 2611 CLXXVII
1492 2554 1685 2628 (55')].

444 2649 590 2714 Quid
620 2650 887 2719 signiﬁcat
916 2648 1054 2702 illud
1089 2665 1107 2702 :
1149 2666 1166 2698 ι
1212 2647 1312 2701 llic
1347 2648 1493 2717 jacet
1532 2651 1585 2701 in
1610 2649 1823 2702 ruinam
1875 2659 1922 2704 et
1960 2667 2040 2703 re-

515 2723 892 2775 surrectionem
962 2719 1256 2774 multorum
1306 2720 1360 2774 iu
1403 2719 1598 2785 Israel,
1640 2729 1690 2773 et
1719 2722 1775 2774 in
1828 2722 2040 2791 riguum

517 2792 605 2845 cui
627 2791 1056 2846 contradicitur?
1099 2811 1118 2843 ι

2147 1882 2489 1947 συνοπτικῶς
2524 1884 2662 1952 πρὸς
2687 1881 2786 1953 τὴν
2825 1882 3104 1952 Παρθένον
3161 1883 3446 1952 ἀναφέρει,
3501 1881 3736 1950 κάκείνη

2143 1977 2380 2028 ποιεῖται
2408 1975 2508 2045 τὴν
2549 1975 2740 2028 τούτου
2784 1975 3060 2045 διήγησιν.
3103 1976 3165 2028 Εἰ
3191 1974 3246 2027 δέ
3295 1991 3378 2028 σοι
3426 1974 3585 2045 φίλον
3643 1973 3737 2028 καὶ

2140 2069 2279 2141 πρὸς
2299 2068 2369 2123 τὰ
2393 2068 2666 2123 ἀκόλουθα
2706 2068 2986 2139 μετελθεῖν
3016 2069 3227 2141 ἀνδρῶν
3252 2070 3412 2142 ἱερῶν
3470 2069 3735 2140 σεμνολο-

2137 2162 2364 2233 γήματα
2387 2162 2529 2234 (57),
2563 2161 2778 2217 τελείαν
2819 2180 2903 2217 σοι
2926 2163 3034 2217 τῶν
3067 2163 3422 2236 ζητουμένων
3456 2165 3490 2236 ἡ
3519 2165 3736 2234 ἱστορία

2138 2251 2236 2325 τὴν
2261 2251 2416 2307 λύσιν
2445 2253 2942 2324 ἐπιδαψιλεύσοιτο.

2661 2474 2998 2530 ΕΡΩΤΗΣΙΣ
3054 2473 3220 2530 PNZ'.

2145 2656 2207 2708 Τί
2241 2655 2434 2708 ἐστιν·
2472 2673 2490 2706 ι
2530 2652 2718 2720 Οὗτος
2749 2656 2937 2709 κεῖται
2971 2657 3058 2721 εις
3077 2654 3313 2708 πτῶσιν
3334 2655 3430 2706 καὶ
3465 2653 3736 2706 ἀνάστα-

2210 2743 2318 2779 σιν
2357 2725 2604 2778 πολλῶν
2623 2727 2692 2779 ἐν
2724 2726 2805 2791 τῷ
2873 2726 3146 2793 Ἰσραὴλ,
3199 2726 3296 2779 καὶ
3340 2728 3429 2791 εὶς
3479 2723 3727 2793 amicior

2210 2797 2696 2866 ἀντιλεγόμενον,
2730 2814 2784 2850 κ.
2815 2798 2904 2861 ἐξ.

1008 2906 1265 2956 Editarum
1287 2919 1314 2955 a
1351 2904 1531 2956 Wolfio
1564 2906 1807 2971 vigesima
1835 2906 1890 2969 (Ι.
1917 2921 1984 2966 c.,
2017 2923 2066 2972 p.
2103 2911 2330 2962 ’ΠΒ-784.
2369 2912 2611 2974 Callani,
2639 2927 2688 2976 p.
2716 2913 2828 2972 759,
2851 2912 2962 2973 777,
2987 2926 3037 2960 τι.
3070 2911 3172 2973 56).

521 3017 794 3084 Quoniam
819 3027 874 3072 et
904 3017 1251 3087 sequentium
1286 3016 1616 3072 solutionem
1657 3019 1842 3073 statim
1875 3033 1906 3072 a
1946 3033 2045 3074 no-
2071 3037 2115 3095 ο

444 3111 530 3168 bis
561 3110 922 3181 requisivisti,
981 3125 1103 3164 eam
1157 3109 1276 3177 tibi,
1320 3109 1510 3164 divina
1541 3125 1646 3182 ope
1681 3112 1819 3175 nixi,
1853 3111 2040 3167 itidem

445 3203 943 3274 suppeditabimus.
1001 3200 1246 3272 Lapsum
1307 3202 1398 3258 hic
1460 3203 1568 3259 illis
1594 3203 1807 3265 tribuit,
1844 3205 1937 3274 qui
1971 3219 2036 3259 ex

444 3295 553 3350 ﬁde
576 3295 631 3350 in
686 3295 840 3350 illum
886 3302 940 3349 et
969 3295 1171 3366 pietate
1199 3294 1537 3358 exciderant,
1572 3297 2037 3351 resurrectionem

446 3401 578 3442 vero
601 3386 729 3452 illis,
761 3386 856 3456 qui
889 3383 1261 3453 Servatorem,
1323 3385 1377 3439 in
1438 3401 1604 3441 carne
1657 3397 2038 3457 apparentem,

445 3479 835 3550 agnoscebant.
887 3478 1002 3535 Hoc
1051 3480 1229 3547 ipsum
1297 3477 1467 3535 Isaias
1515 3495 1737 3550 quoque
1784 3495 2041 3550 praenun-

449 3573 624 3635 tiavit,
686 3573 928 3628 dicens:
995 3591 1014 3624 ι
1054 3571 1196 3628 Ecce
1250 3587 1395 3642 pono
1468 3571 1522 3626 in
1587 3570 1723 3628 Sion
1800 3571 2040 3642 lapidem

444 3664 783 3730 offendiculi,
817 3674 871 3720 et
907 3672 1112 3734 petram
1147 3663 1392 3720 scandali
1427 3672 1522 3720 :et
1551 3665 1757 3730 omnis,
1795 3664 1889 3735 qui
1919 3679 2037 3719 cre-

445 3757 527 3812 dit
555 3759 608 3812 in
637 3758 813 3824 illum,
839 3773 945 3812 non
973 3757 1294 3827 pudefiet“.
1335 3777 1354 3810 ι
1379 3758 1570 3828 Itaque
1592 3757 1788 3813 cadere
1817 3771 2040 3813 necesse

445 3860 531 3905 est
583 3850 727 3916 illos,
799 3851 891 3920 qui
949 3866 1059 3905 non
1133 3850 1368 3906 credunt
1413 3851 1468 3905 in
1517 3851 1720 3920 ipsum.
1755 3849 1839 3904 Ab
1864 3851 2038 3905 altera

447 3954 601 4011 parte
631 3941 699 3996 ad
733 3943 1221 4008 resurrectionem,
1259 3943 1448 3997 animo
1476 3942 1895 4006 instituendam,
1921 3958 2038 3997 ma-

447 4035 826 4100 nuducuntur,
877 4037 969 4105 qui
1021 4037 1091 4090 ab
1152 4036 1422 4090 idolorum
1452 4035 1600 4090 cultu
1633 4045 1687 4090 et
1713 4036 1859 4103 aliis,
1897 4051 2039 4106 quos

448 4135 604 4180 antea
641 4125 923 4195 praefracte
958 4128 1239 4190 tenebant,
1280 4127 1560 4182 erroribus
1589 4127 1962 4183 discedebant.

519 4215 752 4272 Causam
782 4233 936 4284 vero,
975 4233 1074 4273 cur
1103 4226 1159 4272 et
1193 4218 1380 4287 lapsus
1412 4225 1468 4272 et
1497 4220 1832 4274 resurrectio
1869 4236 2036 4274 even-

450 4322 572 4367 tura
623 4313 715 4378 sit,
753 4313 920 4366 simul
964 4313 1162 4382 aperit.
1199 4310 1473 4378 Quoniam
1520 4314 1668 4369 enim
1715 4317 2038 4373 mironomite

2231 3022 2452 3094 Ἐπειδὴ
2480 3020 2578 3075 καὶ
2599 3021 2710 3074 τῶν
2759 3019 3068 3072 ὑπολοίπων
3101 3018 3200 3088 τὴν
3245 3015 3400 3069 λύσιν
3438 3017 3604 3086 τάχος
3635 3017 3739 3069 ἐπ-

2151 3111 2452 3184 εζήτησας,
2489 3113 2652 3183 ἡμεῖς
2708 3128 2791 3164 σοι
2821 3111 2916 3164 καὶ
2961 3109 3188 3180 ταύτην,
3242 3108 3361 3178 Θεῷ
3388 3107 3736 3174 πεποιθότες,

2149 3205 2479 3275 παρέξομεν.
2505 3203 2719 3257 Πτῶσιν
2751 3203 2852 3272 μὲν
2889 3202 3130 3256 ἐνταῦθα
3157 3202 3266 3255 τῶν
3294 3201 3739 3255 ἐκπεπτωκότων

2148 3296 2249 3368 τῆς
2266 3299 2344 3360 είς
2383 3295 2548 3350 αὐτὸν
2578 3297 2820 3360 πίστεως
2851 3296 2942 3349 καὶ
2982 3294 3270 3357 εὐσεϐείας
3297 3294 3470 3362 λέγει,
3501 3295 3734 3348 ἀνάσταο

2151 3407 2234 3443 σιν
2261 3389 2318 3442 δὲ
2335 3389 2445 3442 τῶν
2473 3389 2868 3458 ὲπεγνωκότων
2899 3387 3319 3460 παραγεγονότα
3342 3386 3436 3440 τὸν
3477 3387 3733 3456 Σωτῆρα.

2148 3483 2318 3537 Τοῦτο
2351 3484 2446 3538 καὶ
2479 3484 2508 3536 ὁ
2566 3483 2794 3546 Ἡσαΐας
2839 3481 3241 3553 προανεφώνει,
3294 3480 3493 3550 λέγων·
3530 3499 3550 3531 ι
3603 3479 3736 3532 Ἰδοὺ

2144 3576 2338 3647 τίθημι
2390 3578 2449 3630 ὲν
2477 3575 2618 3629 Σιὼν
2667 3575 2816 3629 λίθον
2859 3575 3311 3646 προσκόμματος,
3374 3574 3471 3627 καὶ
3523 3573 3736 3642 πέτραν

2147 3667 2448 3722 σκανδάλου
2469 3684 2484 3699 ο
2522 3668 2617 3720 καὶ
2639 3668 2749 3730 πᾶς
2786 3667 2815 3720 ὁ
2847 3667 3122 3721 πιστεύων
3155 3666 3242 3720 ἐπ’
3269 3667 3431 3721 αὐτὸν
3448 3667 3511 3720 οὐ
3542 3684 3752 3719 καταιο,

2147 3760 2528 3832 σχυνθήσεται.
2568 3779 2587 3812 ι
2625 3760 2887 3812 Πίπτοιεν
2907 3759 2952 3810 δ’
2984 3758 3050 3812 ἂν
3105 3761 3154 3810 οἱ
3183 3760 3260 3829 μὴ
3293 3759 3730 3820 πεπιστευκότες

2144 3851 2224 3914 εἰς
2257 3851 2440 3905 αὐτόν.
2475 3851 2585 3905 Καὶ
2619 3851 2758 3922 πρὸς
2803 3850 2902 3922 τὴν
2955 3853 3012 3904 ὲν
3040 3850 3187 3920 ψυχῇ
3228 3849 3530 3902 ἀνάστασιν
3581 3866 3735 3919 χειρ‹

2147 3945 2495 4014 αγωγοῦνται
2525 3948 2576 4000 οί
2609 3948 2712 4016 τῆς
2741 3945 3048 4016 είδωλικῆς,
3077 3945 3174 3998 καὶ
3203 3945 3303 4012 τῆς
3357 3944 3545 4016 ἄλλης,
3603 3946 3660 3996 ὲν

2145 4039 2496 4110 ὲστηρεζοντο
2525 4039 2812 4112 πρότερον,
2845 4039 3056 4109 πλάνης
3098 4038 3214 4108 (58)
3258 4037 3703 4097 ἐκπεπτωκότες.

2216 4222 2328 4292 Τὴν
2358 4221 2559 4284 αἰτίαν,
2586 4221 2651 4274 δι’
2682 4221 2748 4291 ἢν
2779 4221 2811 4291 ἡ
2843 4220 3070 4285 πτῶσις,
3116 4221 3208 4273 καὶ
3232 4222 3265 4290 ἡ
3299 4220 3595 4283 ἀνάστασις
3639 4219 3735 4271 ἒπ-

2145 4331 2286 4374 εται,
2329 4312 2653 4383 παραδηλοῖ.
2696 4312 2852 4364 Ἐπεὶ
2880 4314 2988 4382 γὰρ
3040 4311 3108 4365 τὰ
3139 4311 3231 4362 ἐπὶ
3265 4310 3364 4381 τῆς
3420 4309 3734 4380 οἰκονομίας

449 4404 708 4472 gratiosa:
762 4403 1179 4470 contradicitur,
1216 4405 1543 4476 mysterium
1581 4405 1686 4460 hoc
1716 4422 1879 4462 omne
1905 4408 2036 4473 illis,

2148 4406 2487 4474 ἀντιλέγεται
2514 4409 2627 4468 τοῖς
2659 4406 2756 4476 μὲν
2806 4406 3283 4476 κατατιθεμένοις,
3345 4406 3641 4469 ἀνάστασις
3674 4403 3734 4456 τὸ

449 4499 541 4566 qui
573 4497 975 4562 assentiuntur,
1006 4498 1474 4565 resurrectionis;
1530 4499 1642 4554 illis
1670 4515 1821 4562 vero,
1861 4501 1956 4570 qui
1985 4516 2043 4555 se

448 4594 754 4656 opponunt,
813 4586 1002 4656 lapsus
1028 4596 1082 4642 et
1131 4587 1384 4645 interitus
1416 4605 1582 4644 causa
1612 4591 1848 4645 exsistit.
1879 4589 2045 4656 Qua:-

451 4696 578 4735 nam
642 4695 771 4734 vero
799 4689 929 4735 sunt
963 4681 1077 4746 illa,
1129 4681 1332 4752 quibus
1367 4683 1804 4738 contradicitur?
1832 4681 2040 4737 Resur-

451 4787 640 4847 gentes
669 4775 744 4829 illi
773 4774 1146 4842 crediderunt,
1184 4777 1333 4846 quod
1361 4777 1515 4846 virgo
1542 4777 1774 4846 peperit,
1808 4786 1864 4831 et
1887 4778 2041 4846 virgo

453 4869 696 4923 mansit:
736 4867 808 4920 illi
845 4883 994 4934 vero,
1021 4869 1114 4937 qui
1149 4869 1202 4922 in
1240 4867 1516 4923 crassiora
1535 4869 1769 4936 cogitata
1797 4866 2041 4937 prolapsi

454 4971 606 5026 sunt,
660 4961 927 5031 nihilque,
985 4961 1136 5032 quod
1183 4971 1436 5015 naturam
1471 4959 1849 5026 transcendat,
1879 4974 2043 5015 nosse

453 5056 720 5124 cupiunt,
789 5055 984 5111 adduci
1069 5069 1179 5109 non
1262 5062 1492 5124 possunt
1578 5062 1639 5107 ut
1690 5054 2046 5123 profiteantur

454 5150 621 5217 quod,
654 5151 746 5218 qui
785 5150 1051 5218 virginem
1101 5147 1365 5212 condidit,
1399 5163 1525 5202 cum
1578 5147 1821 5202 nondum
1877 5153 2045 5209 esset,

454 5242 722 5307 eamdem,
744 5243 855 5312 jam
878 5241 1256 5304 exsistcntem,
1297 5242 1562 5312 virginem
1592 5255 1815 5297 servare
1852 5242 2045 5310 possit,

548 5419 589 5452 οι
623 5383 762 5474 Luc.
791 5435 850 5484 ιι,
882 5419 972 5474 55.
1049 5417 1096 5450 ει
1139 5419 1273 5473 ibid.
1306 5419 1395 5473 δι.
1477 5417 1932 5481 "Isa.vtII,-H.

2152 4499 2450 4568 μυστήριον
2465 4497 2698 4565 γίνεται,
2730 4501 2843 4562 τοῖς
2874 4499 2930 4553 δὲ
2961 4499 3489 4569 ἀντιψθεγγομένοις
3525 4499 3732 4560 πτῶσις

2150 4592 2246 4643 καὶ
2273 4589 2540 4643 ἀπώλεια.
2577 4592 2619 4643 Τ
2627 4590 2711 4644 ἱνα
2740 4591 2797 4644 δέ
2828 4594 2942 4644 ἐστι
2974 4592 3042 4646 τά
3068 4592 3492 4663 ἀντιλεγόμενα;
3521 4594 3585 4646 Οἱ
3640 4593 3734 4662 μὲν

2148 4679 2488 4743 ἀναστάντες
2509 4681 2965 4745 πεπιστεύκασιν,
3012 4684 3094 4736 ὃτι
3119 4683 3395 4752 Παρθένος
3423 4683 3612 4737 ἔτεκεν
3643 4683 3736 4738 καὶ

2148 4773 2426 4843 Παρθένος
2458 4772 2674 4845 ἔμεινεν
2701 4788 2717 4805 ⁸
2749 4777 2800 4829 οι
2828 4775 2886 4828 δὲ
2917 4776 3318 4837 καταπεσόντες
3350 4779 3430 4840 εἰς
3464 4777 3592 4840 τοὺς
3625 4777 3739 4829 ύλι-

2147 4867 2278 4928 κοὺς
2309 4865 2625 4934 λογισμοὺς,
2662 4866 2758 4919 καὶ
2782 4866 2938 4921 οὐδὲν
2993 4868 3105 4921 τῶν
3155 4869 3295 4938 ὑπὲρ
3326 4869 3491 4937 φύσιν
3538 4869 3738 4922 εἰδέναι

2147 4957 2417 5024 θέλοντες,
2452 4959 2512 5012 οὐ
2542 4957 2823 5012 πείθονται
2880 4959 3289 5030 συνομολογεῖν,
3318 4961 3394 5024 ὡς
3448 4963 3476 5013 ὁ
3528 4962 3740 5024 πλάσας

2153 5049 2276 5119 μηδ’
2315 5048 2452 5111 ὅλως
2478 5044 2645 5100 οὖσαν
2681 5049 2977 5120 Παρθένον,
3026 5050 3250 5105 δύναται
3283 5051 3378 5104 καί⁵
3426 5052 3741 5104 ὑποστάσαν

2151 5142 2426 5214 Παρθένον
2461 5144 2776 5210 φυλάττειν,
2833 5143 3072 5213 μάλιστά
3125 5161 3190 5213 γε
3225 5144 3327 5215 τὴν
3384 5145 3644 5214 γέννησιν
3691 5147 3740 5198 εξ

2152 5237 2314 5300 αὐτὸς
2346 5238 2375 5291 ὁ
2407 5237 2622 5299 πλάσας
2674 5236 2992 5308 ἀναδέχοιτο
3015 5253 3029 5266 ·
3066 5237 3406 5305 ἀντιλέγοι-ιο
3439 5237 3486 5290 δ’
3510 5237 3578 5290 ἂν
3633 5238 3741 5290 τῶν

1976 5537 2214 5594 ΝΟΤΕ.

466 5629 662 5758 ὀ-(ξΐ)
706 5627 973 5684 Nimirum
1029 5631 1082 5686 in
1120 5631 1288 5686 Taur.
1350 5635 1465 5689 hmc
1520 5633 1754 5704 quaestio
1802 5634 1858 5686 in
1906 5632 2046 5688 duas

504 5715 637 5755 tvtsa
672 5715 773 5755 est.

826 5772 1125 5829 Colbcrtim
1165 5775 1344 5829 malim
1381 5791 1477 5845 pro
1519 5775 1610 5830 illo
1648 5772 1874 5829 alterius
1906 5773 2038 5828 ἀνα-

2267 5635 2286 5662 ι

2159 5651 2846 5775 στῗὲξῖιὲεμνολογὴματα
2884 5703 3066 5760 scribo
3115 5718 3211 5770 pro
3259 5703 3672 5773 σεμνολόγημα.

2226 5778 2337 5847 (δε)
2379 5777 2562 5831 Codex
2595 5777 2757 5831 habet
2793 5776 2869 5847 μὴ
2895 5779 2958 5829 ὲκ
2985 5775 3456 5830 iuccuvrnicnter.
