3836 6360
130 341 246 404 829

1096 338 1194 397 AD
1224 333 1821 397 AMPHILOCHIUM
1849 332 2196 405 QUIESTI'O
2243 333 2466 394 CLVII.

3309 333 3414 398 830

129 453 273 524 περὶ
304 450 620 521 οἰκονομίαν
651 452 747 503 καὶ
773 447 908 504 ἄλλα
931 449 1136 518 σημεῖα
1159 466 1173 478 ·
1209 441 1321 501 οἷον
1340 447 1448 500 τῶν
1477 446 1576 518 μὲν
1599 448 1730 501 ἀνα-

1851 441 2087 513 nprimis
2128 442 2222 498 ubi
2245 442 2508 498 Conditor
2536 443 2652 510 ipse
2679 443 2945 500 nascitur.
2974 443 3113 500 Sunt
3143 454 3321 500 tamen
3358 461 3413 504 et

131 547 390 599 στάντων
411 543 545 597 Θεὸν
565 541 781 614 ἀληθῶς
809 542 903 596 καὶ
931 541 1222 610 ἄνθρωπον
1249 541 1342 595 τὸν
1389 541 1727 612 γεγεννημέ-

129 654 230 691 νον
265 637 547 708 ὑπερφυὲς
571 635 915 704 ποιουμένων
950 633 1200 705 μάθημα.
1233 633 1355 686 Τῶν
1380 633 1438 686 δὲ
1471 633 1606 703 πρὸς
1627 631 1728 701 τὴν

128 729 496 801 ἀνθρωπίνην
529 727 819 782 ἀσθένειαν
863 725 1264 797 ἀναφορώντων
1307 726 1422 798 (59)
1455 726 1551 780 καὶ
1604 724 1728 796 μηδ’

131 823 279 885 ὅλως
301 821 511 892 ταύτης
532 820 647 890 (60)
679 818 1012 891 ὑψηλότερον
1028 820 1335 892 ἐπαρθῆναι
1364 819 1726 890 βουλομένων,

131 915 199 967 τὸ
233 915 313 985 μὴ
351 915 735 986 συνομολογεῖν
762 913 855 967 τὸν
876 911 1040 966 αὐτὸν
1067 913 1200 968 Θεόν
1229 930 1290 968 τε
1311 908 1473 981 εἶναι,
1505 914 1599 968 καὶ
1631 914 1730 969 ἇν-

134 1006 388 1074 θρωπον.

210 1179 396 1232 Πολλὰ
423 1179 479 1232 δὲ
509 1178 602 1232 καὶ
629 1178 766 1233 ἄλλα
797 1181 1000 1249 σημεῖα
1027 1179 1126 1247 τῆς
1159 1179 1440 1249 ἁφράστου
1472 1179 1568 1232 τοῦ
1614 1180 1729 1233 Σω-

133 1275 312 1342 τῆρος
340 1273 642 1343 ἐπιδημίας
670 1275 747 1336 εἰς
781 1273 1096 1341 ἀντιλογίαν
1144 1274 1384 1344 κατέστη
1402 1290 1416 1304 ⁸
1442 1273 1730 1338 διεξελθὼν

131 1365 195 1418 δὲ
229 1365 372 1437 πρὸς
399 1366 498 1436 τὴν
536 1366 810 1437 Παρθένον
842 1369 869 1419 ὁ
901 1367 1042 1436 ίερδς
1071 1365 1300 1436 Συμεὼν
1338 1369 1405 1420 τὰ
1435 1367 1726 1439 εἰρημένα,

134 1459 498 1525 ἁκροτελευτὶ
517 1459 703 1521 αὐτοῖς
730 1457 1039 1526 ἐπιτίθησιν
1061 1458 1154 1511 καὶ
1176 1458 1236 1511 τὸ
1257 1458 1428 1528 αὐτῆς
1453 1459 1551 1529 τῆς
1581 1461 1732 1532 Παρ-

136 1547 300 1600 θένου
330 1548 389 1612 ἐξ
408 1548 702 1620 ἀχθηδόνος
726 1547 924 1611 πάθος.
977 1548 1072 1600 καί
1107 1565 1308 1618 φησιν·
1343 1567 1361 1600 ι
1395 1551 1504 1603 Καὶ
1539 1551 1633 1603 σοῦ
1674 1551 1731 1604 δέ

137 1640 320 1709 αὐτῆς
343 1641 443 1712 τὴν
459 1640 636 1712 ψυχὴν
659 1640 992 1694 διελεύσεται
1026 1641 1293 1712 ῥομφαία,
1322 1642 1470 1704 ὅπως
1503 1643 1566 1696 ἂν
1599 1643 1733 1696 ἀπο-

137 1732 500 1802 καλυφθῶσιν
531 1735 594 1786 ἐκ
631 1733 843 1786 πολλῶν
883 1733 1122 1805 καρδιῶν
1149 1734 1512 1806 διαλογισμοί.
1547 1754 1566 1788 ι
1628 1735 1730 1789 Σοῦ

1835 534 1942 589 alia
1969 535 2114 589 circa
2145 534 2511 589 oeconomiam
2545 536 2841 590 salutarem
2888 535 3178 601 miracula,
3211 539 3414 608 quibus

1835 625 2138 682 contradici
2171 626 2367 696 possit.
2403 625 2534 682 Tale
2581 639 2684 693 est,
2733 628 2878 698 quod
2924 640 3274 699 resurgentes
3313 646 3413 698 pro

1835 715 2086 772 doctrina
2131 716 2535 786 supernaturali
2590 718 2809 783 habent,
2864 726 3052 772 natum
3111 718 3260 772 illum
3291 732 3416 774 vere

1836 809 2009 864 Deum
2038 821 2094 865 et
2128 808 2409 863 hominem
2471 824 2633 876 esse;
2688 819 2880 864 contra
2913 825 3041 864 vero
3068 809 3168 875 illi,
3195 810 3286 879 qui
3316 812 3417 864 hu-

1835 917 2055 956 manam
2107 909 2319 956 tantum
2353 901 2727 956 infirmitatem
2791 901 3116 972 respiciunt,
3167 910 3222 956 et
3248 916 3414 970 supra

1836 1009 1954 1049 eam
1992 995 2146 1050 evehi
2183 1011 2408 1065 prorsus
2431 996 2642 1062 nolunt,
2675 996 2922 1052 eumdem
2952 1004 3006 1051 et
3036 995 3210 1051 Deum
3240 1004 3295 1050 ct
3318 996 3418 1050 bo-

1836 1087 2037 1142 minem
2073 1102 2195 1142 esse
2222 1088 2555 1142 iuliciantur.

1909 1177 2112 1232 Praeter
2148 1180 2263 1234 haec
2297 1194 2423 1235 vero
2444 1191 2498 1234 et
2519 1180 2624 1234 alia
2656 1180 2808 1249 plura
2838 1179 3129 1235 incifabilis
3161 1179 3416 1235 Servato-

1840 1271 1916 1325 ris
1949 1273 2218 1326 adventus
2265 1272 2420 1342 signa
2477 1272 2897 1328 contradictioni
2947 1273 3186 1328 obnoxia
3236 1281 3414 1327 erant.

1841 1363 2075 1420 Sanctus
2106 1380 2237 1419 vero
2270 1365 2526 1436 Symcou,
2553 1366 2698 1421 dicta
2730 1369 2846 1422 hac
2868 1365 3077 1437 Virgini
3112 1383 3416 1436 exponens,

1839 1456 2032 1511 ultimo
2070 1456 2189 1512 loco
2235 1456 2408 1527 ipsius
2452 1456 2692 1528 Virginis
2744 1459 2988 1514 dolorem
3034 1469 3088 1514 et
3140 1460 3416 1514 tristitiam

1838 1549 2108 1620 adjuugit,
2128 1548 2315 1604 dicens
2343 1568 2356 1604 :
2393 1568 2411 1600 ι
2437 1549 2504 1604 Et
2545 1560 2689 1605 tuam
2717 1567 2938 1621 quoque
2965 1552 3139 1621 ipsius
3172 1553 3416 1606 animam

1837 1641 2052 1712 gladius
2094 1641 2369 1707 transibit,
2401 1651 2460 1696 ut
2493 1657 2559 1696 ex
2589 1643 2884 1698 multorum
2915 1643 3171 1698 cordibus
3208 1644 3418 1714 cogita-

1841 1735 2016 1790 tiones
2055 1737 2376 1806 dctegantur
2396 1736 2464 1791 ⁸⁸.
2501 1755 2520 1788 ι
2557 1734 2730 1790 Tuam
2772 1737 2943 1806 ipsius
2969 1778 2983 1803 ,
3023 1737 3239 1806 inquit,
3295 1753 3418 1807 quas

138 1827 341 1896 αὐτῆς,
374 1820 486 1880 οἷον
517 1828 617 1898 τῆς
640 1827 817 1882 πάντα
864 1827 1110 1898 ἀκριϐῶς
1170 1828 1240 1881 τὰ
1273 1828 1369 1881 τοῦ
1428 1830 1730 1902 μυστηρίου

1846 1828 2021 1883 omnia
2078 1829 2323 1900 mysterii
2383 1827 2548 1898 hujus
2601 1829 2776 1899 capita
2835 1839 3092 1885 accurate
3137 1843 3416 1898 perspecta

140 1917 692 1988 ἐξακριϐωσαμὲνης,
713 1918 833 1971 οὐδέ
859 1935 954 1970 σου
983 1918 1232 1987 φείσεται
1259 1919 1370 1991 (61)
1409 1921 1470 1973 τὸ
1498 1921 1607 1976 ἀπὸ
1638 1921 1733 1976 λύ-

143 2026 256 2078 πης
288 2009 461 2074 πάθος
487 2027 502 2042 ο
540 2012 632 2064 καὶ
663 2013 772 2082 γὰρ
818 2010 893 2074 ῶς
937 2009 1197 2081 ἀσπόρως
1233 2012 1545 2078 συνέλαϐεν,
1579 2016 1674 2068 καὶ
1705 2016 1734 2068 ὁ

139 2103 308 2165 τόκος
340 2103 579 2175 ἄσπορος
606 2103 850 2174 γέγονεν,
883 2102 979 2156 καὶ
1017 2103 1050 2174 ή
1084 2101 1284 2174 κύησις
1308 2104 1586 2171 ἁνώδινος,
1638 2109 1734 2162 καὶ

140 2196 333 2248 cito-3
369 2196 611 2270 Γαϐριὴλ
637 2196 956 2265 εὐαγγέλια,
989 2195 1097 2249 τῶν
1135 2198 1414 2269 ποιμένων
1446 2200 1514 2252 τὰ
1539 2199 1736 2271 διηγή-

145 2307 319 2360 ματα,
354 2290 450 2342 καὶ
476 2292 544 2344 τὰ
572 2291 743 2362 μυρία
783 2291 917 2346 ἄλλα
952 2289 1062 2343 τῶν
1108 2292 1406 2363 θαυμάτων
1434 2295 1530 2346 καὶ
1583 2293 1734 2359 ἐξαί-

145 2397 303 2451 ρετα,
342 2381 517 2446 οὐδεὶς
567 2383 633 2436 ἄν
664 2400 758 2436 σου
814 2386 1015 2455 μᾶλλον
1048 2388 1412 2458 ἐπιστάμενος
1459 2387 1544 2457 εἴη
1570 2404 1584 2418 ο
1619 2384 1734 2442 ἀλλ’

141 2475 206 2526 ού
238 2476 404 2545 μόνον
434 2475 608 2530 ταῦτα
639 2477 890 2546 λέγουσιν
931 2479 1067 2549 (62).
1120 2482 1170 2534 οί
1208 2482 1308 2552 τῆς
1356 2481 1568 2553 πλάνης
1603 2481 1734 2552 ἐρα-

146 2571 277 2622 σταὶ
301 2573 398 2622 καὶ
424 2570 522 2641 τῆς
551 2571 813 2642 ἀληθείας
843 2575 1162 2646 κατήγοροι,
1192 2574 1328 2628 ἀλλὰ
1371 2573 1468 2628 καὶ
1503 2572 1736 2642 σεαυτὴν

145 2659 241 2711 ἐπί
271 2676 335 2712 τε
363 2662 429 2730 τῇ
490 2659 751 2732 συλλήψει
807 2662 898 2715 καὶ
937 2663 1081 2733 τόκῳ
1129 2663 1665 2734 συκοφαντήσουσιν·
1701 2663 1734 2733 ἠ

147 2749 495 2816 συκοφαντία
529 2751 804 2822 ῥομφαίας
856 2753 957 2805 οὐκ
990 2752 1208 2816 ἔλαττον
1257 2752 1356 2824 τὴν
1415 2753 1512 2824 σὴν
1559 2752 1738 2824 ψυχὴν

145 2840 429 2895 δάκνουσα
463 2859 522 2895 τε
556 2845 650 2896 καὶ
681 2845 1199 2915 κατατιτρώσκουσα
1226 2844 1558 2898 διελεύσεται
1584 2861 1598 2875 ·
1623 2844 1738 2898 ἀλλ’

147 2935 374 2989 ἐπειδάν
403 2953 462 2989 σε
490 2937 697 3002 τούτοις
737 2939 1065 3010 ἐνυϐρίσωσι
1097 2940 1231 3009 (65),
1285 2938 1409 2992 τότε
1446 2939 1646 3008 μᾶλλον
1675 2939 1740 2993 ἐκ

147 3028 368 3082 πολλῶν
393 3030 629 3102 καρδιῶν
680 3032 1226 3102 ἁποκαλυφθήσονται
1257 3034 1352 3086 καὶ
1388 3032 1740 3104 διαλυθήσον-

145 3139 240 3177 ται
278 3122 646 3192 διαλογισμοί.
691 3124 814 3186 Πῶς
838 3124 922 3194 δὴ,
949 3126 1044 3178 καὶ
1063 3123 1183 3177 τίνα
1208 3125 1446 3196 τρόπον;
1493 3123 1603 3180 τῶν
1640 3124 1739 3196 μὲν

150 3214 518 3283 συκοφαντῶν
542 3215 642 3268 οὐκ
675 3216 989 3270 ἐνδιδόντων
1013 3218 1130 3279 ταῖς
1167 3217 1581 3286 συκοφαντίαις,
1627 3217 1736 3271 τῶν

146 3307 208 3360 δὲ
239 3307 765 3378 συκοφαντουμένων
795 3309 886 3360 ἐπὶ
917 3307 1018 3380 τὴν
1041 3307 1277 3362 παλαιὰν
1296 3307 1392 3362 τοῦ
1413 3308 1580 3379 νόμου
1634 3323 1738 3363 κα-

147 3401 543 3470 ταφευγόντων
568 3401 838 3474 διάκρισιν
862 3419 922 3454 τε
958 3402 1054 3455 καὶ
1079 3403 1282 3472 κρίσιν.
1347 3403 1444 3468 Τίς
1501 3404 1558 3458 δὲ
1599 3403 1740 3476 αὕτη

150 3494 305 3546 ἐστὶν
332 3493 365 3564 ἢ
390 3493 527 3564 ήδιὰ
559 3493 653 3547 τοῦ
683 3494 871 3558 ὕδατος
901 3496 996 3564 τῆς
1019 3495 1285 3564 ἐλέγξεως
1313 3496 1608 3567 γινομένη;
1645 3497 1742 3550 κα)⁵

151 3585 266 3655 γὰρ
288 3585 448 3652 λόγος
471 3586 810 3657 διεφοίτησεν
838 3586 1088 3650 παλαιὸς,
1120 3587 1196 3651 ὡς
1228 3589 1742 3659 συκοφαντουμένης

151 3679 255 3749 τῆς
274 3680 642 3749 ἀειπαρθένου
675 3681 894 3752 Μαρίας
923 3682 1182 3752 ἠνέσχετο
1214 3684 1520 3752 παρασχεῖν
1543 3681 1743 3753 ἑαυτὴν

151 3775 221 3842 τῇ
246 3773 433 3842 κρίσει
459 3772 552 3825 τοῦ
600 3771 812 3838 ὓδατος,
851 3775 944 3826 καὶ
998 3773 1057 3826 τὸ
1113 3772 1356 3844 καθαρὸν
1412 3773 1584 3843 αὐτῆς
1645 3773 1744 3828 καὶ

153 3867 394 3920 ἄσπιλον
419 3865 691 3938 λαμπρῶς
739 3865 1175 3935 ἐπιδειξαμένου,
1208 3866 1300 3918 καὶ
1339 3866 1740 3935 ἀποφήναντος,

157 3959 396 4032 αἰσχύνῃ
420 3959 517 4029 μὲν
541 3959 902 4028 δοθῆναιτοὺς
939 3956 1284 4025 συκοφάντας
1317 3971 1332 3988 ο
1358 3957 1486 4021 τοὺς
1518 3957 1576 4010 δὲ
1613 3959 1744 4028 πρὶν

154 4050 520 4114 διστάζοντας
545 4049 645 4120 τὴν
680 4048 1012 4120 παρθενείαν
1042 4050 1136 4101 καὶ
1179 4048 1272 4102 τὸν
1303 4047 1539 4118 ἄφθορον
1588 4047 1746 4100 τόκον

154 4146 584 4216 ἁναντιῤῥήτοις
613 4143 943 4215 μαρτυρίαις
963 4141 1348 4213 βεϐαιωθῆναι,
1374 4142 1467 4195 καὶ
1484 4141 1582 4212 τὴν
1599 4144 1749 4211 Παρ-

159 4238 320 4290 θένον
345 4236 730 4306 ἀπαλλαγῆναι
759 4235 858 4306 τῆς
885 4234 980 4288 ἐπὶ¹
1009 4237 1075 4306 τῇ
1107 4235 1445 4306 συκοφαντίᾳ
1477 4235 1573 4288 καὶ
1627 4235 1747 4295 ταῖς

157 4330 442 4393 διαϐολαῖς
483 4329 785 4398 δυσθυμίας
814 4328 927 4398 (64)
951 4345 1010 4380 τε
1036 4329 1128 4381 καὶ
1147 4327 1325 4397 λύπης
1347 4327 1446 4379 ντὸ
1499 4326 1748 4396 μέντοιγε

157 4420 262 4490 τῆς
299 4419 565 4486 ἐλέγξεως
590 4418 732 4490 ὕδωρ
792 4419 1002 4491 ἱστορίᾳ
1051 4418 1468 4489 παρειλήφαμεν
1495 4417 1626 4488 περὶ
1688 4419 1749 4470 τὸ

1836 1920 2026 1986 babes,
2050 1921 2153 1977 hoc
2179 1930 2286 1987 est,
2310 1920 2402 1976 tibi
2423 1921 2522 1992 ipsi
2555 1936 2661 1976 non
2691 1933 2876 1992 parcet
2907 1922 3141 1978 tristitia:
3167 1922 3415 1978 affectus.

1837 2015 1992 2082 Quod
2025 2017 2170 2070 enim
2219 2017 2338 2072 sine
2385 2015 2596 2071 semine
2626 2017 2945 2086 conceperis
2973 2056 2988 2081 ,
3021 2016 3273 2087 fetusque
3299 2017 3418 2071 sine

1837 2110 2046 2164 semine
2083 2108 2351 2165 formatus
2384 2113 2475 2176 sit,
2509 2110 2764 2181 quodque
2805 2111 2924 2165 sine
2970 2109 3159 2164 dolore
3204 2119 3416 2164 uterum

1838 2199 2104 2270 gestat-is;
2161 2215 2281 2269 quae
2329 2215 2496 2270 porro
2533 2199 2753 2256 Gabriel
2787 2201 2906 2256 laeta
2952 2200 3255 2268 nuntiarit;
3297 2217 3420 2271 qua:

1837 2299 2090 2360 pastores
2126 2289 2435 2357 retulerint,
2472 2307 2706 2363 qumque
2743 2292 2849 2348 alia
2899 2294 3039 2349 mira
3084 2303 3138 2348 et
3180 2294 3418 2365 insignia

1839 2381 2191 2452 contigerint,
2226 2398 2387 2438 nemo
2416 2393 2467 2438 te
2499 2385 2706 2441 rectius
2747 2386 2980 2441 noverit.
3027 2385 3136 2442 Sed
3178 2387 3268 2441 illa
3299 2402 3421 2441 om-

1839 2475 1931 2530 nia
1966 2474 2171 2531 erroris
2221 2486 2469 2532 amantes
2529 2488 2583 2532 et
2638 2478 2884 2534 veritatis
2944 2479 3245 2534 adversarii
3306 2494 3417 2534 non

1839 2571 2016 2626 solum
2053 2587 2163 2626 non
2202 2572 2623 2642 proﬁtebuntur,
2667 2573 2762 2628 sed
2799 2583 2854 2629 et
2885 2582 2936 2628 te
2971 2574 3145 2644 ipsam
3173 2589 3239 2628 ex
3284 2589 3419 2628 con-

1839 2665 2087 2734 ceptione
2136 2676 2191 2721 et
2239 2673 2394 2737 partu
2420 2663 2900 2720 calunmiabuntur
2929 2681 2944 2719 ι
2982 2675 3145 2735 atque
3180 2665 3295 2721 haec
3330 2679 3421 2720 ca-

1840 2758 2048 2814 lumnia
2073 2800 2088 2825 ,
2121 2777 2229 2816 non
2265 2759 2448 2814 minus
2488 2773 2651 2828 quam
2680 2759 2894 2828 gladius
2918 2801 2934 2826 ,
2979 2761 3222 2814 animum
3265 2768 3420 2814 tuum

1842 2853 2102 2907 mordens
2135 2861 2185 2906 et
2217 2853 2511 2907 vulnerans
2540 2851 2820 2906 transibit.
2844 2849 3076 2917 Quando
3101 2867 3230 2906 vero
3256 2851 3339 2907 his
3368 2860 3420 2905 te

1843 2943 2066 3014 injuriis
2095 2944 2350 3008 aﬂicient,
2387 2951 2519 2998 tunc
2547 2942 2765 3013 quidem
2796 2943 3156 3014 cogitationes
3180 2958 3248 2998 ex
3280 2944 3425 2998 mul-

1845 3046 2025 3091 torum
2051 3035 2312 3090 cordibus
2341 3035 2664 3106 detegentur
2692 3046 2746 3091 et
2769 3035 3102 3107 aperientur.
3137 3033 3423 3101 Quomodo

1846 3142 1977 3183 vero
2000 3170 2015 3194 ,
2045 3135 2098 3182 et
2131 3142 2238 3198 qua
2269 3127 2522 3182 ratione?
2563 3127 3002 3182 Calumniatores
3051 3127 3261 3182 scilicet
3311 3140 3422 3180 non

1841 3220 2108 3277 desistcnt
2128 3221 2197 3274 ab
2228 3219 2483 3290 injuriis;
2519 3221 2594 3274 illi
2625 3235 2773 3284 vero,
2803 3220 2896 3290 qui
2925 3219 3200 3275 calumnia
3227 3233 3424 3274 onera-

1842 3311 2086 3377 buntur,
2122 3311 2189 3366 ad
2228 3311 2586 3366 constitutum
2634 3310 2766 3364 olim
2807 3325 2902 3380 per
2935 3309 3109 3380 legem
3154 3308 3424 3378 judicium

1843 3411 1898 3458 et
1933 3401 2364 3472 explorationem
2423 3399 2766 3471 confugient.
2819 3399 2950 3466 Quae
3000 3414 3130 3455 vero
3182 3400 3271 3454 illa
3316 3400 3424 3454 alia

1843 3508 1967 3550 esse
1995 3493 2192 3563 possit,
2234 3508 2555 3562 quamqua:
2595 3507 2691 3562 per
2742 3507 2942 3561 aquam
3004 3491 3424 3560 exploratricem

1846 3585 2190 3640 instituitur?
2216 3582 2378 3640 Vetus
2411 3585 2556 3638 enim
2587 3583 3156 3654 percrebuittraditio,
3198 3583 3422 3636 Mariam

1844 3690 2060 3746 semper
2077 3677 2365 3746 virginem,
2395 3675 2674 3731 calumnia
2702 3674 2793 3728 illa
2825 3681 3130 3741 oneratam,
3151 3689 3210 3729 se
3249 3675 3425 3742 ipsam

1847 3767 2215 3838 exploratioui
2276 3783 2372 3838 per
2423 3782 2622 3838 aquam
2669 3766 2995 3836 subjecisse,
3053 3781 3177 3835 quae
3231 3780 3426 3835 puram

1847 3878 2004 3919 suam
2043 3871 2098 3918 et
2143 3861 2554 3916 immaculatam
2585 3859 2967 3931 graviditatem
3003 3859 3308 3914 clarissime
3335 3859 3431 3912 de-

1849 3953 2172 4010 monstrarit
2196 3963 2250 4008 et
2282 3951 2629 4008 manifestam
2653 3951 2847 4006 fecerit
2875 3968 2887 4004 :
2921 3966 3032 4021 quo
3059 3949 3204 4006 facto
3225 3950 3432 4004 calum-

1850 4045 2066 4099 niantes
2087 4043 2308 4114 quidem
2350 4043 2558 4113 pudore
2587 4042 2699 4097 sint
2730 4042 2944 4108 suffusi,
3002 4041 3080 4095 illi
3107 4055 3235 4095 vero
3255 4080 3271 4107 ,
3333 4042 3427 4110 qui

1850 4140 1918 4193 de
1942 4138 2255 4208 virginitate
2280 4137 2398 4207 ejus
2423 4146 2475 4192 et
2515 4147 2673 4207 partu
2705 4136 3052 4190 immaculato
3085 4143 3244 4189 antea
3271 4133 3432 4189 dubi-

1854 4232 2039 4294 tarint,
2069 4231 2411 4300 argumentis
2445 4228 2766 4298 exceptione
2818 4227 3139 4295 majoribus,
3194 4225 3431 4280 convicti

1852 4327 1982 4387 sint,
2022 4323 2241 4392 Virgine
2274 4323 2491 4376 interim
2523 4322 2591 4374 ab
2617 4321 2946 4390 mgritudiue
2977 4336 3076 4375 sua
3105 4328 3158 4373 et
3188 4318 3427 4382 tristitia,

1853 4432 1917 4471 ex
1937 4415 2212 4470 calumnia
2232 4414 2318 4466 illa
2336 4419 2389 4467 et
2415 4413 2682 4466 conviciis
2697 4412 2912 4475 oborta,
2931 4412 3151 4482 penitus
3175 4411 3428 4465 liberata.

161 4511 340 4583 Γαὸὴ,
374 4511 808 4565 Παλαιστιναίων
840 4509 974 4566 δὲτὸ
993 4510 1142 4581 ὅρος,
1185 4510 1284 4572 τὰς
1323 4511 1505 4580 πηγὰς
1559 4509 1742 4563 ἀναδι-

1852 4508 1929 4563 Ex
1949 4508 2178 4562 historia
2201 4506 2345 4560 enim
2367 4505 2703 4573 accepimus,
2726 4519 2924 4572 aquam
2946 4504 3088 4557 illam
3110 4503 3431 4572 exploratri-

161 4607 337 4671 δόναι,
361 4603 391 4656 ὃ
406 4603 690 4674 κριτήριον
706 4603 802 4656 καὶ
823 4604 852 4656 ὁ
876 4602 1105 4664 παλαιὸς
1124 4603 1413 4656 ἐπίσταται
1431 4602 1590 4672 νόμος
1613 4599 1749 4672 (65),

161 4699 275 4750 τῶν
293 4714 355 4749 τε
379 4696 478 4768 τὴν
497 4696 852 4766 σωφροσύνην
873 4694 933 4747 ού
956 4694 1424 4765 διαφθειρομένων
1451 4695 1749 4761 γυναικῶν,

164 4793 264 4846 καὶ
293 4790 406 4844 τῶν
435 4790 746 4858 ἀλλοτρίαις
766 4788 1006 4858 ὁμιλίαις
1027 4789 1125 4860 τὴν
1151 4788 1314 4858 νηδὺν
1335 4787 1749 4860 ἐνυϐριζόντων.

178 4883 348 4936 Ἀλλὰ
374 4881 535 4934 τοῦτο
559 4882 656 4951 μὲν
687 4880 816 4944 ἴσως
843 4881 1161 4952 ἀφαιρεῖται
1194 4879 1293 4950 τὴν
1339 4880 1544 4944 πίστιν,
1582 4882 1664 4934 ὅτι
1694 4898 1752 4932 τε

165 4977 459 5050 προελθεῖν
477 4977 569 5029 ἐπὶ
589 4979 654 5048 τῇ
682 4975 940 5046 παρθένῳ
967 4976 1028 5028 τὸ
1053 4974 1154 5045 τῆς
1173 4973 1436 5042 ἐλέγξεως
1455 4973 1597 5044 ὕδωρ
1625 4975 1754 5027 ἁνα-

165 5072 507 5142 γέγραπται,
547 5067 699 5121 οὔπω
742 5069 836 5121 τοῦ
883 5068 1113 5140 βρέφους
1148 5066 1430 5136 φανέντος,
1472 5068 1631 5137 ἡνίκα
1659 5068 1752 5120 καὶ

165 5164 197 5216 ὁ
229 5160 424 5232 καιρὸς
451 5161 548 5230 τὴν
580 5160 908 5228 ἀμφιϐολίαν
936 5158 1156 5226 εὔλογον
1181 5158 1293 5228 (66)
1314 5159 1560 5229 παρεῖχε,
1597 5157 1689 5210 καὶ
1715 5159 1747 5226 ἡ

1855 4615 1970 4657 cem
1995 4601 2150 4671 juxta
2181 4598 2349 4660 Gabe,
2381 4596 2476 4666 qui
2502 4596 2804 4651 Palaestinae
2825 4611 2986 4651 mons
3007 4603 3112 4657 est,
3155 4609 3428 4661 inanasse,

1855 4691 2000 4763 quod
2024 4687 2341 4760 explorandi
2389 4702 2563 4759 genus
2596 4687 2650 4740 in
2680 4686 2922 4752 feminis,
2947 4703 3070 4758 quae
3096 4687 3182 4741 vel
3207 4688 3432 4743 castita-
3477 4719 3482 4734 ι

1858 4793 1963 4839 tem
1995 4783 2258 4836 illibatam
2291 4780 2585 4845 servarint,
2622 4779 2708 4836 vel
2741 4779 2958 4834 furtivis
2987 4780 3268 4833 amoribus
3306 4794 3431 4833 cor-

1856 4894 1958 4949 pus
1989 4876 2334 4943 macularint,
2389 4875 2693 4931 adhibitum
2731 4873 2902 4928 fuisse
2929 4913 2945 4938 ,
2983 4888 3082 4927 nec
3134 4881 3289 4926 vetus
3345 4873 3432 4927 lex

1857 4971 2091 5040 ignorat.
2124 4969 2378 5024 Fortasse
2411 4978 2593 5023 tamen
2629 4965 2932 5021 narrationi
2977 4966 3104 5021 huic
3149 4965 3284 5019 fides
3336 4965 3433 5018 ha-

1859 5067 1973 5120 beri
2007 5081 2113 5120 non
2145 5067 2338 5136 possit,
2365 5065 2508 5135 quod
2534 5079 2675 5134 aqua
2708 5063 2797 5116 illa
2829 5061 3196 5131 exploratoria
3235 5059 3432 5130 virgini

1858 5158 2074 5213 admota
2106 5173 2230 5213 esse
2257 5159 2473 5229 legitur,
2509 5157 2620 5212 fetu
2657 5154 2902 5211 nondum
2930 5155 3098 5219 edito,
3130 5153 3350 5224 quando
3381 5162 3435 5206 et

1683 5335 1920 5391 NOTAE.

277 5521 524 5592 59)Colb.
558 5539 658 5593 pro
695 5524 1102 5594 ἀναφερόντων.

277 5531 524 5592 διηυοιι).
558 5539 658 5593 pro
695 5531 937 5594 ἀναφερό

246 5531 368 5664 (60)
410 5594 556 5667 idem
589 5610 685 5664 pro
715 5594 940 5667 ταύτην.

249 5666 363 5736 (fil)
401 5665 582 5736 Codex
617 5682 630 5717 :
677 5665 929 5736 φήσεται.

254 5732 368 5806 (62)
396 5735 535 5806 Ante
559 5732 804 5804 λέγουσιν
825 5735 1089 5790 excidisse
1111 5735 1172 5788 οὐ
1201 5732 1470 5803 suspicor.

251 5807 365 5877 (63)
394 5805 548 5861 Coll).
573 5822 671 5876 pro
706 5808 1026 5878 ἐμϐρίσωσι.

1938 5513 2047 5590 (ϐό)
2081 5519 2238 5590 Qoll).
2274 5534 2371 5588 pro
2400 5517 2730 5590 δυσφημίας.

1937 5587 2052 5660 (65)
2081 5587 2305 5644 Numer.
2347 5606 2402 5654 v,
2441 5587 2528 5650 17,
2563 5587 2717 5659 seqq.

1937 5658 2048 5731 (66)
2087 5660 2160 5714 lta
2187 5661 2346 5731 Colb.
2373 5677 2472 5731 pro
2499 5658 2710 5730 ἄλογον.
2733 5660 3000 5728 Caeterum
3027 5676 3133 5716 non
3159 5661 3291 5714 satis
3323 5660 3434 5715 hzrc

1862 5730 2045 5786 omnia
2076 5730 2256 5801 capio.
