3908 6214
464 301 568 369 831

1624 291 1887 355 PHOTII
1923 287 2429 352 PATRIARCIME
2450 286 2562 347 (ΖΡ.

3638 283 3744 345 832

464 425 686 484 tempus
710 409 889 481 ipsum
914 407 1168 464 idoneam
1187 405 1475 463 dubitandi
1496 419 1720 461 causam
1746 403 2049 467 exhibebat,

2160 400 2345 470 κρίσις
2374 401 2476 453 οὐκ
2495 400 2575 462 εἰς
2601 398 2661 451 τὸ
2691 396 3003 468 παράλογον
3031 394 3356 466 ὑπεσύρετο,
3377 393 3475 447 τοῦ
3498 395 3554 449 δέ
3582 396 3743 450 τόκου

465 518 525 562 et
554 504 827 576 judicium
882 517 993 557 non
1040 502 1225 572 inepte
1276 500 1707 565 instituebatur;
1761 497 1873 551 tetu
1924 510 2054 550 vero

461 602 576 671 jam
590 598 757 663 edito,
781 607 836 652 et
862 604 1019 668 partu
1056 596 1269 668 agnito,
1301 609 1441 666 aqua
1478 591 1843 664 exploratoria
1872 591 2051 645 locum

470 708 570 749 nor
612 691 868 747 habebat.
908 689 1281 746 Nihilominus
1334 696 1516 742 tamen
1568 686 1623 741 in
1674 684 1903 741 historia
1936 685 2055 740 hmo

468 784 783 840 traduntur.

538 877 770 933 Constat
801 874 936 930 mihi
984 873 1159 940 alias,
1213 872 1419 928 multos
1453 880 1775 928 sanctorum
1826 872 2049 927 Patrum

468 980 731 1035 statuere,
762 968 1001 1040 gladium
1069 966 1221 1021 illum
1276 966 1461 1021 Mariae
1547 981 1766 1037 semper
1819 966 2049 1037 virginis

467 1065 716 1119 animum
766 1062 886 1132 ipso
916 1059 1178 1116 salutaris
1224 1059 1594 1129 perpessionis
1633 1067 1881 1129 tempore
1928 1075 2052 1114 ver-

467 1157 713 1220 berasse,
743 1152 971 1224 quando
1002 1151 1093 1205 illa
1119 1152 1364 1207 dolorem
1412 1168 1573 1207 suum
1613 1152 1680 1207 de
1721 1150 1862 1207 Filio
1894 1167 2051 1206 acer-

466 1247 757 1302 bissimum
782 1253 836 1301 et
868 1245 1253 1299 vehementem
1306 1244 1642 1315 insitamque
1670 1245 1772 1301 sibi
1804 1245 1962 1299 matri
1995 1242 2048 1298 in

465 1337 637 1391 ﬁlium
676 1336 1218 1393 commiserationem
1250 1344 1365 1391 tum
1404 1336 1622 1392 tristitia
1663 1352 1900 1403 summa,
1934 1345 2047 1391 tum

463 1428 706 1483 violento
734 1428 1012 1484 viscerum
1038 1437 1192 1483 motu
1230 1437 1486 1485 testatam
1520 1430 1735 1484 fecerit.
1761 1427 1875 1484 Hoc
1900 1428 2048 1483 enim

464 1522 660 1577 matris
696 1522 885 1578 dolore
916 1521 1128 1578 factum
1166 1537 1311 1589 esse,
1341 1534 1401 1578 ut
1427 1522 1788 1593 cogitationes
1811 1536 1878 1577 ex
1904 1521 2050 1575 mul-

464 1626 647 1671 torum
677 1616 935 1671 cordibus
960 1617 1370 1688 detegerentur,
1404 1625 1458 1671 et
1480 1625 1592 1671 tum
1625 1615 1724 1681 illi,
1749 1616 1842 1686 qui
1866 1615 2047 1686 ipsum

464 1709 765 1764 Dominum
810 1718 1061 1765 nostrum
1115 1726 1335 1766 carnem
1387 1720 1600 1764 tantum
1661 1713 1842 1780 specie
1885 1716 2047 1763 tenus

461 1803 867 1859 circumtulisse
902 1804 1084 1874 inepte
1115 1804 1413 1875 ﬁngebant,
1454 1813 1569 1858 tum
1602 1804 1701 1871 illi,
1749 1819 1892 1875 quos
1936 1820 2043 1857 non

459 1914 527 1952 ex
561 1896 806 1968 Virgine,
837 1897 930 1952 sed
950 1912 1012 1951 ex
1036 1896 1197 1961 ecelo,
1230 1912 1453 1951 carnem
1484 1896 1629 1950 illam
1662 1907 1906 1967 repetere
1936 1912 2045 1950 non

460 1989 745 2059 pudebat,
793 1988 1282 2044 confundere-titur.
1325 1988 1483 2055 Quod
1534 1989 1580 2044 si
1628 2006 1759 2045 vero
1804 1990 2043 2060 gladium

462 2082 619 2137 illum
645 2080 891 2153 Virginis
930 2083 1175 2137 animum
1208 2082 1373 2136 etiam
1399 2092 1531 2138 tunc
1556 2082 1873 2139 confodisse
1897 2083 2048 2137 dica-

463 2190 609 2237 mus,
663 2176 887 2246 quando
941 2182 1196 2245 parentes
1236 2174 1433 2228 Filium
1488 2182 1613 2245 post
1663 2190 1722 2230 se
1769 2175 2044 2239 relictum,

463 2268 711 2322 confecta
739 2267 855 2337 jam
885 2266 1045 2337 longa
1074 2266 1181 2332 via,
1210 2280 1317 2320 non
1358 2266 1706 2331 invenerunt,
1740 2266 1850 2320 imo
1880 2268 2044 2321 etiam

462 2357 691 2416 reversi.
741 2367 1000 2427 tauquam
1035 2358 1351 2413 thesaurum
1380 2357 1746 2428 deperditum,
1776 2359 2047 2429 quaesive-

462 2459 611 2512 runt,
644 2448 778 2503 nihil
811 2450 1169 2505 statuerimus
1222 2450 1367 2520 quod
1411 2459 1572 2505 rectae
1600 2450 1804 2505 rationi
1850 2453 2046 2508 adver-

467 2550 644 2595 setur.
682 2538 819 2595 Nam
843 2541 1004 2595 etiam
1040 2553 1170 2596 tunc
1197 2558 1259 2595 ex
1293 2541 1587 2596 multorum
1612 2543 1869 2598 cordibus
1895 2546 2047 2614 cogi-

464 2632 705 2687 tationes
732 2633 1162 2704 detegebantur;
1224 2633 1443 2705 Virgine
1497 2635 1708 2691 scilicet
1747 2638 1815 2690 ad
1846 2636 2047 2693 Filium

462 2724 676 2779 dicente
707 2741 723 2780 :
757 2745 775 2776 ι
808 2725 923 2795 Ego
956 2735 1009 2781 et
1036 2736 1189 2796 pater
1226 2735 1352 2782 tuus
1386 2743 1511 2783 cum
1554 2728 1745 2783 dolore
1771 2736 1822 2784 te
1846 2730 2049 2800 quaesi-

459 2816 735 2883 vimus“;
764 2836 782 2867 ι
802 2815 983 2872 Verbo
1016 2828 1196 2873 autem
1228 2818 1573 2890 hypostatico
1590 2828 1645 2874 et
1670 2834 1837 2875 carne
1858 2821 2050 2876 induto

460 2906 829 2975 respondente
858 2928 872 2963 :
908 2926 927 2959 ι
961 2907 1105 2975 Quid
1154 2918 1279 2975 est,
1320 2910 1468 2980 quod
1517 2925 1606 2965 me
1634 2911 2051 2982 quaesiveritis?

460 3013 643 3052 nonne
679 2999 939 3055 sciebatis
991 3016 1078 3055 me
1105 3016 1228 3055 esse
1259 3000 1459 3056 debere
1496 3001 1551 3055 in
1600 3002 1667 3056 iis
1719 3017 1842 3072 quae
1874 3001 2050 3059 Patris

2156 492 2537 562 προελθόντος,
2565 489 2770 545 καὶτοῦ
2804 489 3035 561 βρέφους
3061 487 3435 557 ἐγνωσμένου,
3472 488 3581 540 ποῦ
3622 506 3744 541 και-

2156 584 2249 655 ρὸν
2280 581 2423 653 εἶχεν
2457 582 2518 636 τὸ
2577 580 2723 654 ὕδωρ
2754 581 2854 651 τῆς
2903 578 3200 647 ἐλέγξεωςς
3246 578 3386 631 ἀλλὰ
3432 578 3597 632 τοῦτο
3648 580 3744 649 μὲν

2155 675 2299 729 κατὰ
2321 675 2417 746 τὴν
2440 673 2683 745 ἱστορίαν
2701 674 2852 743 ὅμως
2891 672 3134 743 εἴρηται.

2229 867 2359 924 Οἶδα
2384 871 2464 933 δὲ,
2498 869 2729 933 πολλοὺς
2758 869 2868 923 τῶν
2913 870 3076 939 ἱερῶν
3108 871 3268 941 ἡμῶν
3300 872 3571 941 Πατέρων
3612 872 3743 940 ῥομ-

2154 964 2321 1035 φαίαν
2343 963 2698 1035 ἐξειληφὸτας
2715 963 2946 1017 διελθεῖν
2976 964 3079 1036 τὴν
3098 965 3279 1035 ψυχὴν
3313 965 3414 1033 τῆς
3447 964 3744 1033 ἀειπαρθέ-

2152 1077 2245 1115 νου
2268 1059 2508 1129 Μαρίας,
2546 1058 2687 1111 κατά
2717 1057 2808 1110 τὸν
2846 1057 3042 1128 καιρὸν
3071 1056 3166 1111 τοῦ
3220 1057 3499 1129 σωτηρίου
3536 1057 3745 1121 πάθους

2152 1155 2323 1225 αὐτὴν
2348 1154 2445 1223 τὴν
2476 1151 2857 1223 κατασχοῦσαν
2892 1150 3100 1222 πικρὰν
3130 1152 3227 1205 καὶ
3251 1149 3523 1222 ὀδυνηρὰν
3551 1151 3648 1202 ἐπὶ
3671 1150 3745 1221 τῷ

2151 1248 2332 1317 τέκνῳ
2354 1246 2645 1315 ἀλγηδόνα,
2694 1247 2788 1299 καὶ
2845 1245 2924 1317 τῷ
2951 1245 3346 1315 ἀνυπερϐλήτῳ
3383 1245 3485 1310 τῆς
3542 1240 3743 1311 λύπης,

2151 1342 2245 1394 καὶ
2271 1341 2349 1411 τῷ
2386 1340 2710 1412 ἐξῃρημένῳ
2744 1338 3060 1410 σπαραγμῷ
3110 1338 3219 1391 τῶν
3256 1337 3588 1407 σπλάγχνων
3646 1336 3745 1405 τῆν

2152 1440 2391 1508 ἔμφυτον
2427 1438 2563 1507 πρὸς
2592 1438 2685 1489 τὸν
2730 1436 2859 1490 Υίδν
2922 1436 3197 1508 μητρικὴν
3234 1434 3585 1505 συμπάθειαν
3623 1436 3745 1485 ἐπιο

2150 1527 2349 1594 δεῖξαι.
2385 1528 2495 1579 Καὶ
2529 1525 2619 1579 διὰ
2642 1525 2745 1596 τῆς
2776 1530 3053 1598 μητρικῆς
3107 1526 3313 1596 ταύτης
3367 1524 3741 1597 συμπαθείας,

2152 1623 2216 1674 ἐκ
2261 1620 2472 1675 πολλῶν
2514 1619 2753 1692 καρδιῶν
2786 1620 3079 1690 λογισμοὺς
3135 1618 3615 1687 ἀποκαλυφθῆναι,
3652 1618 3745 1669 καὶ

2151 1711 2529 1782 διελεγχθῆναι
2551 1711 2678 1775 τούς
2706 1726 2765 1763 τε
2796 1709 2941 1765 κατὰ
2968 1712 3275 1780 φαντασίαν
3307 1711 3404 1781 τὴν
3432 1711 3618 1777 σάρκα
3652 1725 3744 1776 φο-

2153 1805 2330 1876 ρέσαι,
2363 1806 2458 1857 καὶ
2494 1806 2585 1859 τὸν
2614 1803 2821 1874 Κύριον
2865 1803 3023 1874 ἡμῶν
3070 1802 3280 1873 Ἰησοῦν
3302 1801 3540 1873 Χριστὸν
3572 1818 3743 1871 τερα-

2148 1896 2529 1966 τολογοῦντας,
2565 1897 2660 1951 καὶ
2694 1899 2820 1960 τοὺς
2856 1898 2957 1950 οὐκ
2987 1899 3051 1950 ἐκ
3080 1898 3180 1968 τῆς
3212 1895 3511 1968 Παρθένου,
3566 1896 3628 1961 ἐξ
3650 1894 3743 1947 οὑ-

2150 1989 2311 2061 ρανοῡ
2344 1990 2401 2043 δέ
2420 1989 2626 2060 ταύτην
2656 1991 2992 2059 καταγαγεῖν
3019 1986 3619 2057 ἀπαναισχυειτοῦντας.
3681 1984 3741 2037 ΕΞ

2147 2084 2204 2139 δὲ
2236 2085 2328 2139 καὶ
2350 2083 2652 2159 τηνικαῦτα
2684 2082 3000 2156 διελήλυθεν
3029 2083 3129 2153 τῆς
3161 2082 3441 2151 Παρθένου
3490 2080 3592 2150 τὴν
3632 2078 3739 2147 ψυ-

2149 2178 2249 2248 χὴν
2285 2177 2555 2249 ῥομφαία,
2582 2178 2750 2249 ⁴ἡνίκα
2776 2177 3093 2241 λελοιπότες
3131 2176 3224 2230 τὸν
3262 2176 3447 2239 παῖδα,
3494 2172 3640 2244 μετὰ
3682 2173 3741 2223 τὸ

2150 2270 2354 2341 πολλὴν
2397 2270 2515 2323 ὁδὸν
2560 2258 2832 2335 διανύσαι,
2877 2269 2952 2342 μὴ
3004 2264 3162 2340 εὗρον
3210 2266 3421 2329 τοῦτον,
3472 2264 3613 2318 ἀλλά
3649 2262 3740 2316 καὶ

2150 2361 2595 2433 ὑποστρέψαντες
2614 2362 2939 2433 ἐπεζήτουν,
2962 2362 3038 2423 ὼς
3069 2362 3170 2433 ἤδη
3206 2360 3297 2413 τὸν
3329 2358 3611 2429 θησαυρὸν
3636 2361 3741 2410 ἀπ-

2147 2455 2472 2521 λωλεκὸτες,
2496 2456 2652 2510 οὐδὲν
2693 2456 2758 2509 ἂν
2812 2456 2897 2527 εῖη
2944 2454 3097 2525 παρὰ
3126 2454 3218 2506 τὸν
3248 2451 3405 2522 ὀρθὸν
3462 2450 3738 2518 διανενοη-

2153 2549 2315 2620 μένον
2366 2548 2547 2617 λὸγον.
2614 2549 2723 2601 Καὶ
2776 2548 2884 2618 γὰρ
2915 2548 3010 2602 καὶ
3066 2546 3368 2618 τηνικαῦτα
3408 2547 3473 2597 ἐκ
3526 2542 3736 2595 πολλῶν

2150 2642 2391 2711 καρδιῶν
2424 2641 2895 2713 ἀπεκαλύφθησαν
2916 2641 3278 2711 διαλογισμοὶ,
3307 2639 3408 2709 τῆς
3452 2637 3553 2707 μὲν
3584 2637 3740 2703 Παρ-

2154 2734 2308 2787 θένου
2342 2733 2479 2805 πρὸς
2512 2734 2605 2786 τὸν
2637 2735 2811 2787 Παῖδα
2856 2733 3144 2803 λεγούσης⁸
3185 2752 3202 2784 ι
3252 2730 3394 2797 Ἐγὼ
3429 2730 3521 2783 καὶ
3557 2732 3584 2781 ὁ
3633 2746 3740 2779 πα-

2150 2828 2256 2896 τήρ
2297 2844 2390 2880 σου
2420 2827 2752 2899 ὀδυνώμενοι
2779 2824 3081 2895 ἐζητοῦμεν
3131 2842 3213 2878 σε.
3254 2844 3271 2874 ι
3304 2822 3411 2877 Τοῦ
3442 2822 3496 2874 δὲ
3539 2823 3738 2874 ἐνυπι-

2156 2920 2353 2972 στάτου
2385 2919 2561 2985 Λόγου
2601 2918 2698 2973 καὶ
2745 2918 2924 2990 σάρκα
2954 2915 3285 2987 φορέσαντος
3334 2916 3737 2984 ἀνταποκρινο-

2158 3011 2343 3081 μένου,
2375 3028 2393 3061 ι
2430 3011 2515 3073 Τί,
2540 3011 2625 3064 ὅτι
2660 3008 2905 3078 ἐζητεῖτέ
2935 3026 3035 3081 με;
3069 3011 3170 3063 οὐκ
3204 3009 3404 3080 ᾔδειτε,
3425 3009 3506 3060 ὅτι
3528 3008 3585 3059 ἐν
3624 3008 3738 3068 τοῖς

460 3087 568 3142 mei
603 3090 843 3143 sunt"?
870 3108 888 3142 ι
927 3091 1032 3145 hoc
1058 3091 1177 3161 ipso
1206 3107 1336 3147 vero
1374 3094 1641 3149 illustrem
1684 3096 1834 3150 illum
1876 3112 2047 3167 popu-

2156 3102 2244 3156 τοῦ
2269 3104 2486 3175 Πατρός
2523 3120 2627 3173 μου
2657 3104 2738 3156 δεῖ
2761 3097 2904 3155 εἶναί
2940 3119 3041 3173 με;
3091 3123 3109 3155 ι
3145 3104 3242 3155 καὶ
3298 3101 3587 3173 δηλοῦντος
3647 3100 3738 3152 τὶν

459 3181 575 3235 lum
630 3182 927 3249 indicante,
974 3185 1068 3253 qui
1118 3194 1173 3239 et
1214 3186 1475 3255 templum
1534 3196 1590 3241 et
1629 3188 1829 3245 domus
1869 3188 2049 3245 Patris

461 3273 863 3344 appellabatur.
910 3272 1046 3329 Dum
1074 3276 1222 3330 enim
1258 3276 1430 3331 Filius
1473 3276 1692 3334 Patrem
1741 3296 1904 3335 suum
1938 3282 2050 3337 cla-

461 3364 685 3421 rissime
708 3366 1087 3437 proﬁtebatur,
1120 3368 1269 3423 clare
1298 3370 1461 3424 etiam
1480 3371 1843 3441 cogitationes
1857 3388 2049 3428 eorum

459 3456 878 3527 detegebantur,
912 3457 1007 3527 qui
1039 3474 1167 3513 eum
1197 3458 1459 3514 dicebant
1505 3475 1614 3514 non
1664 3460 1804 3516 labri
1852 3464 2049 3531 tilium,

464 3564 568 3604 nec
600 3548 839 3605 hominis
872 3552 1102 3606 alterius
1134 3552 1414 3617 sobolem,
1447 3552 1541 3608 sed
1570 3553 1719 3608 illius
1760 3569 1883 3610 esse
1908 3595 1922 3620 ,
1957 3558 2049 3625 qui

460 3646 591 3693 ante
640 3641 837 3695 saecula
875 3642 1149 3712 genuerit.
1194 3642 1348 3710 Quod
1398 3659 1527 3698 vero
1562 3645 1805 3699 nonnulli
1837 3644 2048 3709 dicunt.

462 3731 704 3800 gladium
760 3733 912 3787 illum
965 3734 1215 3789 animum
1272 3734 1394 3804 ejus
1452 3736 1805 3805 pervasisse,
1859 3739 2051 3792 oborta

464 3824 828 3890 dubitatione,
846 3841 916 3879 an
939 3827 1241 3883 cruciﬁxus
1273 3828 1363 3883 ille
1392 3828 1627 3884 fortasse
1645 3843 1755 3883 non
1784 3828 1856 3884 sit
1882 3828 2049 3893 Deus,

462 3920 519 3974 id
552 3934 828 3989 nunquam
858 3935 959 3991 ego
986 3921 1256 3987 dixerim,
1292 3924 1546 3991 quamvis
1581 3939 1611 3977 a
1659 3924 1939 3979 nonnullis
1982 3925 2053 3979 sit

466 4015 695 4068 dictum.

546 4150 565 4183 ι
592 4131 655 4186 Et
689 4141 842 4200 erat,
884 4133 1101 4203 inquit,
1149 4133 1307 4189 Anna
1344 4134 1711 4205 prophetissa,
1752 4134 2051 4190 Phanuelis

462 4222 596 4287 ﬁlia,
626 4241 689 4279 ex
722 4226 863 4280 tribu
889 4227 1080 4289 Aser.)
1118 4236 1223 4282 etc.
1271 4245 1290 4278 ι
1322 4227 1387 4281 Ει
1414 4228 1503 4281 illa
1537 4226 1698 4282 vidua
1726 4239 1847 4283 erat
1876 4244 2051 4283 anno—

463 4332 584 4370 rum
623 4318 843 4371 circiter
877 4327 1116 4388 quatuor
1160 4327 1215 4373 et
1261 4318 1629 4390 octaginta”.
1663 4339 1682 4370 ι
1734 4317 1893 4373 Anna
1925 4334 2050 4389 pro-

462 4408 728 4477 phetissa,
759 4406 1057 4463 Phanuelis
1100 4409 1209 4463 ﬁlia
1234 4450 1249 4475 ,
1295 4410 1381 4465 his
1427 4408 1746 4465 diil'erentim
1780 4410 2049 4480 capitibus

2156 3196 2503 3267 περιώνυμον
2532 3195 2680 3259 λαὸν,
2708 3196 2765 3259 ὃς
2805 3194 2897 3248 τοῦ
2935 3194 3149 3267 Πατρὸς
3180 3193 3317 3256 νεώς
3352 3211 3409 3245 τε
3448 3194 3542 3245 καὶ
3590 3188 3743 3252 οἶκος

2152 3286 2559 3356 ἐπωνομάζετο.
2589 3288 2699 3340 Καὶ
2722 3286 2830 3356 γὰρ
2861 3286 2952 3339 τὸν
2972 3287 3105 3339 ῖδιον
3132 3286 3360 3356 Πατέρα
3382 3283 3571 3352 σαφῶς
3601 3284 3742 3335 ἀνα-

2153 3380 2497 3452 κηρύξαντος
2522 3379 2621 3433 τοῦ
2650 3378 2781 3433 1⁸ἰοῦ
2809 3379 2997 3448 σαφῶς
3032 3378 3509 3447 ἀπεκαλύφθησαν
3546 3378 3596 3429 οί
3624 3378 3742 3430 δια-

2152 3472 2405 3543 λογισμοὶ
2425 3474 2535 3527 τῶν
2559 3473 2825 3542 λεγόντων
2850 3473 3017 3525 αὐτὸν
3058 3473 3159 3525 οὐκ
3199 3472 3313 3544 (67)
3346 3468 3485 3525 εἶναι
3512 3471 3604 3524 τοῦ
3649 3471 3745 3524 τέ-

2153 3583 2339 3629 κτονος
2367 3568 2499 3631 υἱὸν,
2532 3566 2642 3620 οὐδ’
2672 3565 2839 3636 ἄλλης
2873 3565 3018 3627 τινὸς
3065 3566 3309 3634 ἐπιγείου
3338 3566 3569 3633 σπορᾶς,
3595 3564 3738 3616 ἀλλα

2152 3659 2248 3714 τοῦ
2275 3661 2381 3731 πρὸ
2406 3660 2603 3724 αἰῶνος
2625 3662 3021 3729 γεγεννηκότος
3061 3662 3247 3714 αὐτόν.
3275 3660 3379 3712 Τὸν
3434 3660 3621 3728 μέντοι
3655 3656 3742 3710 16-

2152 3773 2271 3824 γον,
2300 3755 2392 3808 τὸν
2426 3754 2677 3821 λέγοντα,
2710 3755 2991 3825 ῥομφαίαν
3016 3756 3187 3824 αὐτῆς
3218 3754 3316 3823 τὴν
3348 3753 3529 3823 ψυχὴν
3548 3754 3605 3818 ἐξ
3629 3754 3741 3822 ἅμα

2154 3848 2401 3918 φιὸολίας
2433 3846 2685 3912 διελθεῖν,
2721 3848 2798 3910 ὼς
2837 3848 3038 3917 μήποτ’
3092 3848 3193 3900 οὐκ
3229 3849 3313 3914 εἴη
3344 3847 3480 3908 Θεὸς
3508 3846 3538 3897 ὁ
3587 3861 3748 3897 σταυ-

2156 3943 2440 4013 ρούμενος,
2461 3942 2509 3995 εἰ
2541 3942 2634 3994 καί
2655 3957 2797 3993 τισιν
2828 3941 3067 4012 ἐρρήθη,
3105 3939 3222 3994 ἀλλ’
3252 3940 3353 3993 οὐκ
3384 3938 3452 3992 ἂν
3486 3937 3613 4009 ἐμοὶ
3646 3940 3746 4007 ρη-

2158 4032 2297 4103 θείη.

2229 4143 2247 4175 t
2278 4126 2387 4179 Καὶ
2405 4120 2493 4196 ἦν,
2515 4125 2881 4193 φησὶν,¹Ἀννα
2898 4125 3167 4197 προφῆτις
3187 4123 3456 4195 θυγάτηρ,
3476 4122 3743 4194 Φανουὴλ,

2152 4218 2217 4271 ἐκ
2249 4218 2422 4289 φυλῆς
2469 4218 2660 4289 Ἀσὴρ,
2693 4217 2798 4282 ἕως
2826 4211 2910 4281 οἶ),
2959 4237 2977 4268 ι
3004 4216 3116 4270 Καὶ
3143 4216 3280 4287 αὕτη
3314 4222 3471 4286 χεῖρα
3501 4217 3579 4277 ὼς
3609 4215 3745 4268 ἐτῶν

2151 4309 2481 4379 ὀγδοήκοντα
2528 4311 2832 4379 τεσσάρων.
2888 4328 2908 4360 ι
2960 4310 3129 4361 Ἀννα
3169 4309 3461 4376 προφῆτις,
3499 4307 3745 4377 θυγάτηρ

2152 4401 2415 4472 Φανουὴλ,
2446 4400 2672 4465 ταύταις
2714 4400 3086 4455 διαστέλλεται
3115 4402 3234 4463 ταῖς
3269 4400 3559 4469 διαφοραῖς
3605 4399 3743 4469 αὕτη

463 4502 822 4572 distinguitur
853 4517 885 4557 a
916 4509 1091 4557 matre
1123 4499 1401 4573 Virginis;
1436 4503 1627 4558 eadem
1671 4516 1802 4557 vero
1830 4502 2048 4572 egregio

2156 4492 2288 4563 πρὸς
2330 4492 2430 4562 τὴν
2473 4492 2572 4563 τῆς
2615 4491 2894 4563 Παρθένου
2927 4491 3142 4562 μητέρα
3166 4506 3179 4519 ·
3215 4490 3485 4560 διέλαμπε
3521 4490 3581 4543 δὲ
3629 4493 3744 4551 ταῖς

461 4592 729 4647 virtutum
758 4594 1003 4647 omnium
1043 4593 1228 4648 studio
1256 4608 1368 4662 prae
1393 4594 1606 4648 caeteris
1632 4593 1926 4648 eminebat.
1966 4593 2048 4647 Ex

462 4699 529 4739 eo
573 4685 719 4740 enim
746 4725 762 4751 ,
816 4685 961 4755 quod
1002 4699 1035 4738 a
1075 4685 1277 4755 templo
1308 4701 1416 4739 non
1458 4685 1778 4747 recedebat,
1826 4684 2051 4753 jejuniis

461 4797 595 4837 vero
626 4791 682 4837 et
704 4781 960 4852 precibus
987 4789 1153 4837 noctu
1173 4792 1229 4835 et
1252 4779 1488 4836 interdiu
1514 4779 1769 4843 vacabat,
1801 4789 2046 4848 apparet,

463 4873 711 4927 eamdem
733 4874 1070 4945 reliquarum
1098 4874 1263 4929 etiam
1280 4874 1546 4929 virtutum
1570 4888 1775 4928 corona
1800 4882 2049 4926 ornatam

467 4967 659 5023 fuisse.
697 4965 795 5023 liis
851 4983 981 5023 vero
1031 4967 1123 5023 illa
1166 4966 1462 5022 virtutibus
1491 4967 1639 5036 quod
1690 4966 1757 5021 ad
1804 4965 2049 5020 animum

466 5062 731 5116 mundata
761 5101 777 5125 ,
831 5074 887 5117 et
945 5062 1284 5118 sanctissimi
1330 5060 1567 5131 Spiritus
1617 5059 1836 5115 ofﬁcina
1882 5058 2050 5127 faeta,

465 5155 825 5226 ejusdemque
865 5156 1121 5226 alloquiis
1163 5156 1334 5210 ditata
1360 5195 1376 5221 ,
1420 5155 1610 5209 eadem
1667 5153 1805 5207 hora
1862 5163 2053 5207 astans

470 5246 856 5313 conﬁtebatur,
887 5259 942 5303 et
976 5247 1309 5316 loquebatur
1341 5245 1410 5300 de
1446 5259 1513 5299 eo
1554 5244 1620 5297 ad
1665 5243 1793 5298 illos
1834 5259 2051 5310 omnes,

467 5338 562 5408 qui
598 5338 980 5395 liberationem
1019 5336 1416 5409 Hierosolymis
1446 5334 1859 5405 exspectabant.
1910 5353 1929 5386 ι
1955 5333 2060 5389 Ea-

467 5432 613 5495 dem,
651 5430 849 5501 inquit,
880 5431 1017 5484 hora
1049 5438 1259 5485 astans.
1292 5446 1313 5479 »
1351 5426 1471 5494 Qua
1497 5442 1629 5480 vero
1660 5426 1748 5481 illa
1771 5426 1794 5479 ?
1817 5425 1913 5480 llla
1942 5440 2060 5480 om-

538 5542 583 5574 "
608 5540 741 5599 Luc.
779 5559 840 5608 ιι,
873 5541 965 5597 55.

2156 4585 2378 4655 ἀρεταῖς
2429 4586 2693 4648 ἀπάσαις.
2744 4586 2838 4637 Ἐκ
2883 4587 2990 4655 γὰρ
3038 4581 3131 4636 τοῦ
3163 4583 3240 4653 μὴ
3284 4582 3623 4652 ἀφίστασθαι
3652 4583 3743 4635 τοῦ

2159 4676 2329 4746 ἱεροῦ,
2366 4678 2461 4729 καὶ
2493 4676 2791 4746 νηστείαις,
2821 4677 2913 4728 καὶ
2950 4675 3198 4746 δεήσεσιν
3243 4674 3532 4745 λατρεύειν
3576 4676 3745 4729 νύκτα

2156 4771 2251 4823 καὶ
2285 4769 2520 4840 ἡμέραν,
2551 4770 2729 4840 δῆλον,
2769 4769 2846 4832 ὼς
2865 4767 2960 4822 καὶ
2992 4769 3020 4820 ὁ
3044 4768 3227 4831 λοιπδς
3267 4769 3407 4837 αὐτῇ
3434 4768 3544 4819 τῶν
3572 4767 3744 4819 ἄλλων

2157 4863 2367 4933 ἀρετῶν
2399 4862 2696 4933 συμπαρῆν
2727 4863 2907 4931 χορός.
2958 4859 3082 4929 Ὑφ’
3122 4855 3197 4915 ὧν
3233 4862 3628 4931 κεκαθαρμένη
3658 4862 3745 4911 τὸν

2158 4956 2305 5019 νοῦν,
2352 4958 2444 5010 καὶ
2474 4956 2566 5009 τοῦ
2619 4956 2888 5025 παναγίου
2926 4956 3245 5023 Πνεύματος
3274 4951 3624 5021 γεγενημένη
3659 4952 3743 5003 δο-

2158 5054 2324 5123 χεῖον,
2352 5051 2448 5104 καὶ
2471 5051 2566 5113 τὰς
2614 5050 2747 5120 παρ’
2780 5047 2946 5100 αὑτοῦ
2972 5046 3237 5117 δεχομένη
3287 5047 3583 5114 ἐμφάσεις,
3611 5045 3741 5113 αὐτῇ

2157 5148 2223 5215 τῇ
2251 5143 2369 5215 ὥρα
2410 5143 2684 5196 ἐπιστᾶσα
2726 5140 3164 5209 ἀνθωμολογεῖτο
3196 5136 3310 5207 (68)
3348 5139 3443 5189 καὶ
3476 5136 3655 5188 ἐλάλει
3679 5137 3743 5186 τε

2160 5239 2290 5309 περὶ
2319 5236 2486 5289 αὑτοῦ
2528 5237 2665 5289 πᾶσι
2696 5236 2811 5297 τοῖς
2868 5231 3323 5303 προσδεχομένοις
3376 5230 3650 5301 λύτρωσιν
3687 5232 3739 5280 ἐν

2165 5329 2576 5399 Ἰερουσαλήμ.‹
2596 5328 2742 5397 Αὺτῇ
2764 5328 2828 5396 τῇ
2851 5324 2971 5396 ὥρα
2996 5324 3319 5384 ἐπιστᾶσα,›
3359 5321 3549 5391 φησίν.
3573 5322 3732 5388 Αῠτῇ,

2164 5426 2296 5496 ποία
2322 5441 2336 5490 ;
2382 5423 2447 5477 Ἠ
2478 5421 2601 5474 καθ’
2632 5421 2698 5491 ἢν
2735 5419 2796 5472 τὺ
2824 5417 3045 5472 Παιδίον
3075 5416 3331 5488 ήΜήτηρ
3357 5417 3455 5468 καὶ
3475 5416 3504 5468 ὁ
3544 5413 3733 5482 Ἰωσὴφ

1072 5541 1118 5573 ιι
1158 5541 1291 5598 ibid.
1350 5539 1420 5595 ts
1453 5555 1571 5611 seq.
1647 5540 1694 5573 ιι
1723 5537 1917 5596 Matth.
1952 5540 2189 5605 xm,55.

1959 5654 2191 5712 NOTAE.

549 5774 665 5844 (δῖ)
694 5773 794 5825 οὐκ
823 5770 1027 5839 addidi,
1061 5771 1206 5843 quod
1239 5786 1433 5827 sensus
1474 5768 1699 5825 omnino
1733 5767 1989 5839 postulat.

2234 5768 2345 5840 (68)
2372 5766 2527 5825 Colb.
2558 5782 2658 5840 pro
2688 5764 3050 5835 ἀνθολογιῖτο.
