3908 6214
403 293 516 358 835

398 508 620 577 Petrus,
678 508 1057 578 apostolorum
1092 508 1323 578 primus,
1369 523 1565 563 nomen
1589 522 1749 563 suum
1782 524 1849 562 ex
1883 509 1987 563 lide

400 600 648 665 immota,
678 616 845 669 quam
888 600 941 655 in
971 600 1251 656 Christum
1299 610 1505 671 petram
1539 601 1821 672 probabat,
1887 617 1983 657 ac-

401 694 580 763 cepit;
611 694 685 747 ita
711 692 802 748 illa
822 709 1064 765 quoque,
1096 704 1353 764 tanquam
1375 694 1767 764 discipularum
1786 694 1984 765 prima,

397 796 625 856 propter
668 786 961 856 puritatem
1022 802 1177 842 suam
1224 796 1279 839 et
1328 786 1699 849 desiderium,
1764 802 1876 856 quo
1929 786 1984 840 in

401 876 555 931 illum
601 875 900 943 lerebatnr,
961 892 991 931 a
1049 876 1342 931 Servatore
1381 877 1596 939 eodem,
1638 892 1747 946 quo
1788 876 1984 940 Mater,

404 970 629 1026 nomine
662 978 747 1025 est
802 970 1082 1041 insignita.
1140 969 1614 1036 Quemadmodum
1667 970 1852 1039 itaque
1906 969 1989 1024 di-

403 1060 743 1131 scipulorum
800 1060 1002 1116 chorus
1056 1059 1346 1115 Dominum
1372 1060 1725 1130 sequebatur,
1761 1060 1835 1114 ita
1866 1076 1989 1114 mu-

401 1150 620 1213 lierum,
681 1148 894 1204 Domini
926 1150 1273 1220 disciplinam
1312 1151 1718 1220 recipientium,
1781 1164 1985 1204 corona

397 1244 575 1297 nostri
631 1241 843 1296 Domini
885 1240 1111 1297 Matrem
1157 1242 1605 1297 consectabatur.
1647 1240 1988 1296 Mirabantur

392 1335 562 1401 enim,
586 1333 785 1403 inquit,
813 1334 1107 1403 aliquando
1129 1333 1409 1403 discipuli,
1433 1333 1577 1404 quod
1611 1348 1735 1388 cum
1763 1332 1991 1387 muliere

400 1427 809 1498 loquebatur”.
875 1426 953 1481 Ex
993 1442 1104 1498 quo
1149 1427 1502 1481 manifestum
1570 1436 1655 1481 cst
1692 1425 1984 1480 Dominum

400 1515 454 1569 id
488 1516 706 1586 quidem
743 1532 845 1571 usu
876 1526 1152 1587 receptum
1177 1532 1286 1570 non
1316 1516 1592 1572 habuisse.
1646 1514 1782 1571 Cum
1806 1515 1989 1585 itaque

397 1606 568 1661 Mater
613 1607 829 1662 Domini
864 1607 1140 1679 Evangelii
1182 1623 1409 1663 cursum
1456 1624 1564 1662 una
1592 1622 1717 1663 cum
1767 1606 1907 1661 Filio
1936 1614 1991 1660 et

396 1714 583 1755 rerum
613 1700 910 1756 Conditore
952 1702 1299 1771 proveheret,
1354 1694 1635 1765 mulieres,
1698 1715 1821 1770 qua:
1867 1714 1989 1753 eam

1572 291 1835 353 PHOTII
1881 293 2383 354 PATRIARCH/E
2414 294 2523 355 ΟΡ.

401 414 525 467 vitze
552 410 715 466 linem
764 409 947 466 divelli
989 410 1248 467 noluerit.
1312 408 1465 467 Sicut
1522 425 1716 482 porro,
1782 411 1980 481 inquit,
2016 414 2063 474 Α
2092 412 2366 483 παρθένου

3580 299 3682 361 836

2445 412 2538 465 καὶ
2597 411 2984 481 εὐαγγελιστοῦ
3064 411 3313 467 Ἰωάννου
3346 412 3505 485 (71⁸).
3554 416 3682 470 Ὠσ-

2091 522 2218 576 περ,
2271 505 2457 575 φησὶν,
2496 505 2783 575 ήάπαρχὴ
2826 503 2937 557 τῶν
2978 505 3293 561 ἀποστόλων
3314 506 3521 577 Πέτρος
3552 507 3686 563 ὠνο-

2093 596 2274 666 μάσθη
2327 596 2414 650 διὰ
2469 596 2566 667 τὴν
2621 597 2921 651 ἀσάλευτον
2978 598 3200 663 πίστιν,
3263 601 3329 671 ἢν
3383 596 3533 672 εἶχεν
3591 604 3686 657 ἐπὶ

2090 688 2325 759 Χριστὸν
2374 687 2472 759 τὴν
2510 688 2717 759 πέτραν
2741 704 2755 717 °
2789 688 2932 742 οὓτω
2980 690 3073 743 καὶ
3102 689 3264 760 αὐτὴ,
3300 692 3545 763 ἀρχηγὸς
3572 695 3681 747 τῶν

2100 780 2420 853 μαθητριῶν
2450 782 2742 854 γενομένη,
2768 781 2858 836 διὰ
2886 782 2986 852 τὴν
3008 782 3353 855 καθαρότητα
3386 786 3561 855 αὐτῆς
3587 788 3682 839 καὶ

2090 874 2182 927 τὸν
2214 875 2396 939 πόθον,
2424 874 2485 927 ὃν
2514 870 2660 945 εἶχεν
2695 877 2774 938 εἰς
2820 874 3003 939 αὐτὸν,
3056 875 3246 946 Μαρία
3276 876 3588 946 ὁμωνύμως
3615 880 3684 947 τῇ

2088 966 2276 1037 Μητρὶ
2301 967 2454 1039 παρά
2477 964 2571 1019 τοῦ
2602 966 2852 1039 Σωτῆρος
2876 967 3314 1038 προσηγόρευται
3339 985 3356 1002 ·
3386 967 3577 1038 ὥσπερ
3609 968 3688 1039 τῷ

2092 1057 2342 1131 Δεσπότῃ
2366 1056 2476 1110 τῶν
2500 1055 2762 1127 μαθητῶν
2806 1055 3095 1125 ἠκολούθει
3151 1057 3180 1109 ὁ
3214 1056 3395 1126 χορὸς,
3439 1054 3585 1108 οὕτω
3613 1059 3681 1125 τῇ

2091 1146 2359 1218 Δεσποίνῃ
2390 1147 2484 1200 καὶ
2521 1148 2706 1216 Μητρὶ
2734 1144 2829 1198 τοῦ
2854 1145 3062 1216 Κυρίου
3094 1144 3197 1199 τῶν
3219 1145 3689 1216 μαθητευομένων

2090 1236 2365 1305 γυναικῶν
2410 1236 2441 1288 ὁ
2490 1235 2672 1307 χορός.
2717 1233 3058 1305 Ἐθαύμαζον
3088 1234 3218 1305 γὰρ,
3254 1238 3439 1304 φησὶν,
3474 1235 3607 1288 ποτὲ
3635 1234 3686 1286 οί

2093 1327 2357 1399 μαθηταὶ,
2389 1329 2472 1382 ὅτι
2530 1327 2670 1399 μετά
2713 1327 2967 1396 γυναικὸς
3008 1327 3210 1381 ἐλάλει.
3242 1328 3434 1398 Δῆλον,
3482 1326 3557 1391 ὡς
3583 1328 3684 1381 ούκ

2090 1418 2257 1491 οὔσης
2286 1421 2541 1489 τοιαύτης
2573 1418 2870 1489 συνηθείας
2898 1416 2978 1488 τῷ
3003 1418 3216 1489 Κυρίῳ,
3240 1417 3377 1470 ἀλλὰ
3394 1416 3485 1469 τὸν
3514 1418 3681 1483 εὐαγ-

2091 1509 2310 1578 γελικὺν
2350 1508 2552 1580 δρόμον
2598 1508 2695 1578 τῆς
2739 1507 2964 1579 Μητρὸς
3020 1505 3118 1560 τοῦ
3173 1507 3451 1560 Δεσπότου
3494 1506 3684 1569 συνεξ-

2090 1602 2362 1671 ανυούσης
2387 1602 2465 1674 τῷ
2493 1602 2606 1674 Υίῷ
2633 1602 2728 1656 καὶ
2756 1599 3103 1673 Δημιουργῷ,
3136 1600 3231 1655 καὶ
3254 1600 3418 1655 αὐταὶ
3448 1617 3682 1654 συνακο-

2090 1694 2381 1749 λουθοῦσαι
2412 1696 2551 1765 αὐτῇ
2584 1693 2661 1765 τῷ
2683 1692 2849 1764 κοινῷ
2870 1693 3123 1766 Δεσπότῃ
3155 1694 3220 1745 ὲκ
3256 1691 3369 1744 τῶν
3403 1691 3685 1762 ὑπαρχόν-

394 1792 824 1859 comitabantur,
857 1793 1140 1847 communi
1161 1792 1394 1849 Domino
1426 1792 1657 1863 ejusque
1690 1791 1979 1862 discipulis

2095 1805 2193 1841 raw
2254 1788 2444 1852 αὐταῖς
2492 1787 2853 1857 ἀναγκαίοις,
2915 1788 3010 1843 καὶ
3059 1789 3173 1851 τοῖς
3236 1786 3508 1857 μαθηταῖς
3566 1784 3687 1854 διη-

393 1898 461 1938 ex
488 1882 846 1942 facultatibus
877 1886 993 1941 suis
1029 1885 1442 1941 ministrabant.

395 2037 724 2105 ΟυιΕΞΊΊΟ
754 2039 913 2097 CLIX
933 2038 1119 2114 [CoisL
1144 2038 1481 2107 CLXXXIX,
1506 2037 1985 2110 Taur.CLXXlXJ.

399 2217 540 2284 Quid
566 2219 833 2290 signiﬁcat
868 2219 1003 2273 illud
1035 2236 1053 2273 :
1111 2240 1129 2271 ι
1149 2221 1231 2273 Ea:
1261 2235 1340 2273 me
1367 2219 1479 2288 ipso
1504 2235 1606 2273 non
1638 2218 1823 2288 loquor
1838 2219 1885 2249 9°
1914 2219 1978 2271 ἲ»

1980 1944 1995 1955 ‘
2097 1880 2309 1935 κόνουν.

2605 2034 2943 2090 ΕΡΩἸῊΣΙΣ
3004 2032 3173 2090 ΡΝΘ’.

2189 2217 2250 2272 Τί
2286 2216 2419 2271 ἐστι
2452 2218 2552 2271 τό·
2589 2234 2608 2268 ι
2638 2215 2789 2287 Ἐγὼ
2815 2216 2917 2272 ἀπ’
2945 2215 3208 2287 ἐμαυτοῦ
3234 2217 3307 2271 οὐ
3337 2215 3548 2282 .ιω.1ῶ;
3585 2232 3608 2267 ι

798 2400 1053 2451 Editarum
1073 2414 1101 2450 a
1124 2400 1304 2450 Wolfio
1325 2398 1563 2464 vigesima
1585 2400 1800 2450 secunda
1827 2402 1886 2463 (l.
1908 2413 1975 2462 c.,
2000 2414 2048 2464 p.
2073 2399 2299 2452 786-789.
2330 2399 2555 2450 Galland.
2584 2400 2619 2448 ι.
2646 2412 2673 2448 c
2698 2436 2712 2462 ,
2736 2413 2785 2463 p.
2808 2397 3019 2449 ἨΞ-745
3046 2411 3094 2447 n.
3116 2398 3223 2462 38).

473 2574 914 2631 Pseudomessiaa
942 2588 1009 2628 ex
1040 2588 1100 2629 se
1123 2573 1260 2644 ipsis
1283 2573 1673 2645 loquebantur,
1705 2588 1817 2629 non
1852 2590 1983 2630 vero

394 2684 463 2724 ex
494 2667 632 2738 lege,
670 2680 771 2721 nec
821 2681 885 2720 ex
934 2664 1236 2736 prophetis,
1272 2665 1366 2720 sed
1412 2680 1479 2721 ex
1505 2682 1604 2721 sua
1624 2667 1890 2723 sententia
1931 2676 1987 2722 et

396 2758 646 2814 arbitrio.
715 2756 916 2811 Contra
965 2753 1224 2811 Servator
1290 2772 1321 2811 a
1364 2755 1479 2828 lege
1526 2772 1631 2813 non
1676 2757 1983 2823 recedebat,

396 2864 509 2905 non
569 2849 856 2904 omittebat
897 2848 1213 2919 prophetas,
1273 2848 1370 2904 sed
1400 2848 1638 2915 dicebat,
1689 2864 1840 2905 nunc
1863 2848 1986 2919 qui~

394 2942 519 2997 dem
549 2959 562 2995 :
600 2942 804 2997 «Recte
854 2940 995 2996 dixit
1015 2940 1186 2996 Isaias
1206 2942 1248 2973 9‘
1274 2958 1289 3007 ;
1314 2958 1333 2993 ι
1369 2956 1516 2996 nunc
1548 2956 1681 2996 vero
1710 2960 1723 2996 :
1754 2959 1772 2993 ι
1794 2939 1988 2995 Nonne

396 3033 450 3087 in
508 3032 625 3102 lege
661 3038 846 3087 vestra
877 3030 1142 3101 scriptum
1181 3031 1358 3098 est",
1390 3050 1408 3083 ι
1459 3040 1514 3087 et
1568 3032 1805 3103 plurima
1836 3031 1987 3102 ejus-

399 3124 547 3179 modi
596 3124 724 3179 alia.
802 3122 1073 3190 Quoniam
1132 3123 1322 3194 igitur,
1375 3125 1471 3194 qui
1524 3133 1651 3180 ante
1702 3122 1986 3179 Christum

2165 2575 2227 2628 Οί
2252 2572 2630 2644 ψευδόχριστοι
2651 2572 2743 2643 ἀφ’
2773 2573 2982 2627 ἑαυτῶν
3014 2572 3261 2640 ἐλάλουν,
3281 2573 3383 2629 ούκ
3404 2576 3469 2629 ὲκ
3490 2577 3689 2647 νόμου,

2092 2670 2195 2721 οὐκ
2225 2668 2290 2721 ἐκ
2328 2666 2649 2739 προφητῶν,
2708 2668 2826 2722 ἀλλ’
2851 2668 2959 2721 ἀπὸ
3002 2669 3102 2739 τῆς
3132 2668 3271 2732 ίδίας
3302 2670 3537 2741 γνώμης
3588 2671 3692 2725 καὶ

2093 2758 2271 2830 ὁρμῆς
2298 2772 2311 2786 ·
2342 2758 2372 2809 ὁ
2404 2757 2461 2811 δὲ
2485 2757 2676 2829 Σωτὴρ
2703 2759 2805 2811 οὐκ
2828 2758 3046 2831 ἀπέστη
3077 2759 3269 2830 νόμου,
3301 2760 3402 2814 οὐκ
3446 2763 3691 2830 ὲγκαταυ

2093 2848 2345 2903 λέλοιπεν
2397 2850 2706 2920 προφήτας,
2760 2850 2877 2904 ἀλλ’
2911 2850 3067 2919 ἔλεγε
3110 2851 3207 2904 νῦν
3250 2851 3371 2921 μὲν,
3411 2870 3431 2905 ι
3484 2852 3687 2915 Καλῶς

2093 2938 2248 2995 εἶπεν
2292 2941 2542 3005 Ἡσαΐας·
2579 2941 2675 2996 νῦν
2702 2943 2779 3008 δὲ,
2817 2961 2835 2994 ι
2873 2944 2951 2997 Οὐ
2974 2943 3290 3015 γέγραπται
3324 2948 3383 2997 ὲν
3423 2944 3503 3014 τῷ
3536 2944 3697 3015 νόμῳ

2094 3033 2267 3104 ὑμῶν,
2295 3053 2314 3086 ι
2339 3035 2433 3088 καὶ
2462 3035 2631 3107 μυρία
2662 3034 2908 3089 τοιαῦτα.
2928 3036 3083 3089 Ἐπεὶ
3102 3036 3197 3091 οὖν
3222 3036 3271 3089 οἱ
3295 3036 3544 3101 ἐλθόντες
3577 3036 3691 3107 πρὸ

2092 3127 2353 3197 Χριστοῦ,
2388 3129 2483 3181 καὶ
2510 3128 2571 3180 τὸ
2592 3127 2805 3181 ἐκείνου
2833 3128 3154 3200 περιθέντες
3180 3130 3395 3192 ἑαυτοῖς
3437 3128 3688 3199 κακούρ-

396 3216 715 3279 veniebant,
773 3215 1006 3285 ejusque
1056 3230 1256 3270 nomen
1312 3216 1451 3271 male
1495 3216 1601 3272 sibi
1646 3215 1983 3282 tribuebant,

2095 3236 2201 3287 γως
2229 3220 2425 3289 ὄνομα,
2457 3221 2558 3274 οὐκ
2590 3221 2698 3274 ἀπὸ
2730 3221 2841 3275 τῶν
2870 3222 3033 3294 ἱερῶν
3062 3222 3316 3295 Γραφῶν,
3342 3221 3457 3276 ἀλλ’
3492 3223 3558 3277 ὲκ
3586 3223 3690 3293 τῆς

397 3321 509 3361 non
545 3320 611 3360 ex
643 3305 818 3361 sacris
863 3304 1106 3370 Litteris,
1131 3306 1227 3361 sed
1267 3322 1333 3361 ex
1369 3322 1468 3363 sua
1500 3307 1737 3363 amentia
1771 3321 1987 3363 errores

398 3397 683 3463 serebant;
714 3396 839 3452 ideo
899 3394 1166 3453 Servator
1200 3406 1388 3453 noster
1432 3398 1508 3452 ait
1546 3416 1560 3453 :
1596 3416 1617 3452 ι
1650 3398 1763 3469 Ego
1800 3411 1867 3453 ex
1900 3412 1988 3453 me

398 3484 519 3554 ipso
559 3499 668 3539 non
698 3483 921 3554 loquor,
951 3486 1249 3542 sicutilli.»
1306 3486 1386 3541 Ex
1408 3503 1467 3542 se
1501 3488 1617 3559 ipso
1653 3489 1799 3544 enim
1836 3488 1987 3558 loqui

398 3574 541 3630 idem
592 3585 697 3640 est,
752 3584 916 3647 atque
953 3588 1150 3647 praater
1198 3577 1540 3649 Scripturam
1568 3594 1781 3635 sacram
1812 3578 1983 3650 loqui.

398 3670 556 3735 Quod
635 3683 766 3725 vero
826 3670 1365 3740 pseudomessiarum
1431 3681 1484 3727 et
1542 3672 1987 3742 pseudoprophe-

400 3769 579 3813 tarum
629 3758 724 3823 sit,
783 3775 802 3810 ι
829 3773 895 3813 ex
924 3774 983 3814 se
1007 3760 1143 3830 ipsis
1174 3761 1387 3831 loqui,»
1429 3760 1485 3815 id
1552 3758 1698 3817 Deus
1743 3761 1861 3831 ipse
1891 3775 1989 3830 per

399 3848 723 3918 prophetam
752 3847 1094 3902 Ezechielem
1141 3857 1493 3913 testatusest,
1544 3848 1737 3904 dicens
1776 3863 1791 3901 :
1840 3844 1985 3900 «Non

400 3939 530 3994 misi
572 3952 668 3994 eos
701 3953 813 4006 ;ex
871 3953 933 3993 se
987 3939 1122 4010 ipsis
1171 3948 1300 3996 sunt
1346 3940 1549 4007 locuti;
1600 3955 1669 3995 ex
1694 3940 1858 3995 corde
1885 3953 1988 3995 suo

400 4033 771 4102 loquuntur.)
837 4030 1107 4097 Quoniam
1166 4032 1351 4102 itaque
1400 4031 1893 4103 pseudoprophetze
1921 4047 1987 4086 ex

400 4140 459 4180 se
493 4124 627 4193 ipsis
654 4122 1044 4193 loquebantur,
1098 4122 1242 4178 hanc
1291 4122 1588 4178 amentiam
1623 4138 1654 4177 a
1690 4137 1750 4179 se
1795 4122 1988 4178 amoli-

372 4219 511 4270 ‘tur.
556 4213 808 4286 lmproba
837 4214 984 4269 enim
1018 4212 1337 4270 Judaaorum
1386 4229 1518 4285 gens
1546 4230 1799 4271 erronem
1831 4215 1986 4271 illum

398 4322 563 4372 esse,
641 4315 696 4362 et
780 4307 1047 4362 mundum
1114 4316 1428 4378 pervertere
1527 4309 1986 4365 calumniabatur.

401 4400 695 4468 Propterea
752 4399 939 4455 aiebat
970 4416 986 4454 :
1043 4418 1062 4452 ι
1087 4398 1199 4471 Ego
1229 4416 1296 4455 ex
1323 4416 1411 4456 me
1438 4400 1557 4471 ipso
1583 4417 1692 4457 non
1719 4402 1939 4473 loquor,
1962 4422 1982 4456 ι

396 4492 493 4551 sed
534 4506 600 4547 ex
641 4490 777 4562 lege,
843 4506 910 4547 ex
940 4492 1224 4563 prophetis
1263 4510 1277 4547 :
1323 4508 1448 4562 qua:
1473 4508 1542 4548 ex
1583 4493 1743 4550 Patre
1766 4495 1820 4550 in
1847 4495 1983 4565 lege,

398 4594 454 4638 et
502 4583 557 4637 in
594 4582 879 4654 prophetis
926 4584 1133 4640 audivi.
1194 4584 1391 4639 llabilo
1429 4600 1560 4640 vero
1589 4587 1655 4640 ad
1686 4586 1981 4642 humanam
2013 4574 2064 4634 υ

400 4689 553 4729 suam
579 4682 833 4729 naturam
880 4682 1171 4744 respectu,
1209 4683 1265 4729 et
1296 4674 1365 4730 ad
1402 4676 1767 4732 amoliendam
1825 4677 1989 4732 mali-

400 4783 563 4838 gnam
586 4767 739 4823 illam
772 4768 842 4824 de
884 4782 944 4824 se
969 4769 1362 4839 suspicionem,
1417 4770 1492 4825 ita
1528 4771 1791 4841 loquitur.
1830 4790 1849 4824 ι
1882 4770 1989 4828 Vos

399 4872 555 4927 vero,
577 4875 596 4909 ι
627 4858 798 4923 addit,
855 4876 875 4911 ι
903 4874 991 4927 ea,
1020 4859 1351 4932 (loquimini)
1379 4876 1500 4933 qua:
1529 4878 1594 4918 ex
1622 4872 1776 4932 patre
1808 4873 1989 4920 vestro

399 4949 649 5019 diabolo,
674 4951 987 5009 audivistis.
1024 4971 1043 5006 ι
1086 4952 1432 5023 Sicutenim,
1476 4970 1599 5025 quae
1623 4956 1799 5026 patris
1838 4966 1988 5023 sunt,

400 5042 737 5099 hareditatis
789 5045 910 5102 loco
964 5046 1094 5104 ﬁliis
1113 5047 1440 5119 obtingunt,
1475 5048 1551 5105 ita
1583 5057 1638 5105 et
1681 5064 1805 5121 qua:
1839 5050 1988 5107 illius

2095 3311 2232 3374 ιδίας
2269 3311 2531 3376 ἀπονοίας
2553 3312 2621 3365 τά
2660 3312 2765 3384 τῆς
2816 3314 3029 3384 πλάνης
3071 3314 3501 3386 προυϐάλλοντο,
3533 3313 3687 3383 λέγει

2089 3404 2117 3457 ὁ
2140 3402 2333 3474 Σωτήρ
2363 3416 2377 3433 ⁸
2420 3422 2439 3456 ‹
2483 3403 2625 3473 Ἐγὼ
2660 3405 2755 3459 ἀπ’
2786 3406 3030 3477 ὲμαυτοῦ
3060 3409 3119 3459 ού
3142 3406 3308 3470 λαλῶ,
3333 3406 3521 3480 ὥσπερ
3540 3409 3691 3462 ἐκεῖ-

2090 3511 2190 3548 νοι.
2232 3513 2251 3548 ι
2282 3495 2355 3548 Τὸ
2387 3494 2498 3568 γὰρ
2522 3497 2618 3566 ἀφ’
2658 3496 2857 3551 ἑαυτοῦ
2888 3497 3093 3563 λαλεῖν,
3124 3498 3188 3551 τὸ
3226 3498 3333 3562 ἔξω
3363 3496 3473 3551 τῶν
3519 3497 3687 3568 ἱερῶν

2090 3587 2324 3660 Γραφῶν
2364 3591 2480 3643 ἐστι
2529 3589 2732 3645 λαλεῖν.
2769 3590 2890 3645 Ὀτι
2917 3590 2975 3643 δὲ
3020 3590 3082 3645 τὸ
3116 3592 3211 3659 ἀφ’
3256 3590 3448 3644 ἑαυτοῦ
3499 3590 3688 3644 λαλεῖν

2092 3678 2495 3751 ψευδοχρίστων
2517 3682 2634 3735 ἐστὶ
2655 3682 2750 3736 καὶ
2777 3682 3265 3755 ψευδοπροφητῶν,
3294 3683 3444 3752 λέγει
3476 3683 3564 3737 διὰ
3584 3682 3685 3737 τοῦ

2090 3773 2373 3845 προφήτου
2393 3772 2488 3827 τοῦ
2526 3773 2775 3846 Ἐζεκιὴλ
2807 3773 2917 3844 (72)
2947 3777 2975 3829 ὁ
2997 3775 3128 3839 Θεός
3149 3791 3161 3804 ·
3196 3794 3215 3827 ι
3244 3778 3358 3830 Ούκ
3387 3775 3687 3829 ἀπέστειλα

2088 3864 2308 3930 αὐτοὺς,
2334 3866 2428 3935 ἀφ’
2466 3865 2675 3921 ἑαυτῶν
2700 3866 3003 3939 ἐλάλησαν·
3028 3868 3091 3921 ὲκ
3110 3868 3211 3938 τῆς
3240 3868 3471 3941 καρδίας
3501 3867 3686 3921 αὐτῶν

2091 3955 2442 4025 φθέγγονται.
2482 3977 2501 4011 ι
2550 3959 2707 4013 Ἐπεὶ
2741 3955 2835 4013 οὖν
2857 3961 2906 4013 οἱ
2936 3960 3388 4031 ψευδοπροφῆται
3412 3961 3506 4031 ἀφ’
3551 3962 3685 4015 ἐαυ-

2088 4047 2200 4101 τῶν
2239 4050 2563 4123 ἐκήρυττον,
2602 4052 2810 4123 ταύτην
2839 4054 3209 4125 ἀποδυόμενος
3253 4054 3355 4125 τὴν
3420 4054 3684 4109 ἀπόνοιαν

2093 4142 2338 4215 (καὶγὰρ
2367 4144 2667 4217 ὲδυσφήμει
2699 4145 2834 4217 (72‘)
2866 4146 2927 4200 τδ
2956 4147 3250 4218 ἀχάριστον
3270 4148 3378 4201 τῶν
3415 4148 3685 4203 Ἰουδαίων

2092 4232 2245 4297 ἔθνος
2289 4235 2494 4292 πλάνον
2544 4237 2705 4290 αὐτὸν
2736 4236 2855 4310 (75)
2901 4241 2995 4292 καὶ
3048 4238 3259 4311 πλανᾷν
3312 4239 3404 4293 τὸν
3445 4240 3678 4308 κόσμον)

2090 4325 2179 4379 διὰ
2200 4325 2359 4380 τοῦτο
2388 4327 2572 4397 ἔλεγεν
2588 4344 2604 4360 ⁸
2626 4349 2645 4382 ι
2669 4329 2811 4400 Ἐγὼ
2835 4332 2928 4385 ἀπ’
2957 4330 3199 4403 ἐμαυτοῦ
3222 4332 3285 4385 οὐ
3311 4330 3481 4396 λαλῶ,
3515 4351 3535 4384 ι
3563 4331 3681 4386 ἀλλ’

2089 4418 2201 4473 ἀπὸ
2233 4419 2427 4487 νόμου,
2462 4421 2571 4476 ἀπὸ
2618 4421 2727 4477 τῶν
2773 4424 3093 4496 προφητῶν,
3126 4425 3228 4479 ὅσα
3280 4425 3490 4496 ἥκουσα
3523 4424 3682 4496 παρά

2090 4510 2184 4565 τοῦ
2218 4513 2431 4584 Πατρὸς
2457 4514 2515 4569 ὲν
2544 4516 2711 4587 νόμῳ,
2743 4516 2801 4571 ὲν
2820 4518 3161 4589 προφήταις·
3199 4518 3265 4571 ὲκ
3294 4518 3592 4590 προσώπου
3623 4518 3682 4571 δὲ

2090 4603 2192 4673 τῆς
2218 4606 2421 4676 σαρκὸς
2446 4606 2618 4662 ταῦτα
2651 4608 2822 4677 λέγει,
2855 4611 2947 4665 καὶ
2969 4612 3048 4673 είς
3082 4609 3327 4664 διάλυσιν
3360 4612 3459 4682 τῆς
3487 4610 3682 4663 δυσσε·

2092 4696 2295 4769 δούσης
2311 4699 2589 4765 ὑπονοίας·
2620 4721 2639 4754 ι
2676 4701 2869 4773 Ὑμεῖς
2887 4703 2966 4768 δὲ,
2992 4704 3093 4758 ὅσα
3110 4703 3387 4774 ἠκούσατε
3413 4703 3567 4776 παρὰ
3582 4702 3680 4757 τοῦ

2093 4789 2302 4860 πατρὸς
2331 4790 2486 4862 ὑμῶν
2533 4792 2629 4847 τοῦ
2657 4793 2927 4850 διαϐόλου.
2978 4813 2997 4848 ι
3024 4795 3110 4849 Τά
3151 4795 3262 4866 γάρ
3326 4795 3422 4849 τοῦ
3476 4797 3683 4867 turpis;

2093 4882 2297 4953 κλῆρος
2321 4883 2530 4953 γίνεται
2554 4888 2665 4951 τοῖς
2690 4888 2868 4953 παισὶ,
2904 4888 2998 4941 καὶ
3034 4887 3125 4942 διά
3174 4887 3333 4942 τοῦτο
3369 4890 3438 4942 τὰ
3469 4888 3682 4941 ἐκείνου

2094 4970 2308 5039 γίνεται
2346 4973 2456 5026 τῶν
2499 4972 2885 5047 κληρονόμων·
2912 4976 2987 5039 ὡς
3026 4976 3139 5029 ἴσον
3172 4974 3409 5029 ἐνταῦθα
3441 4975 3681 5047 καθορᾶ-

2096 5060 2244 5129 σθαι,
2276 5062 2370 5117 καὶ
2396 5066 2478 5129 είς
2502 5067 2700 5121 ταυτὸν
2732 5068 2974 5124 συνιέναι
3035 5070 3097 5123 τὸ
3126 5068 3187 5135 ἐξ
3227 5068 3439 5125 ἑαυτῶν
3472 5068 3680 5136 λαλεῖν,

468 5247 517 5282 ⁶⁹
552 5248 711 5308 Joan.
750 5267 826 5319 IV,
856 5252 951 5308 27.
982 5254 1028 5285 ’°
1067 5252 1226 5310 Joan.
1259 5253 1483 5322 x1v,10.
1517 5254 1560 5286 ’⁸
1630 5255 1826 5315 Matth.
1864 5274 1956 5326 xv,
1994 5261 2046 5315 7.
2079 5261 2125 5293 "
2150 5259 2311 5318 Joan.
2338 5279 2395 5327 χ,
2427 5265 2516 5320 '54.

1928 5442 2166 5503 ΝΟΤᾸΕ.

466 5594 605 5664 (7l')
648 5596 897 5650 Ἰωάννου
932 5595 1106 5652 habeo
1133 5612 1198 5651 ex
1232 5596 1470 5653 Colbert.

468 5665 583 5736 (72)
617 5666 869 5721 Alludere
886 5668 1103 5721 videtur
1126 5667 1191 5721 ad
1226 5665 1429 5725 Ezech.
1460 5685 1583 5736 xm,
1608 5672 1668 5726 6.

469 5735 605 5807 (72‘)
642 5737 875 5793 Verbum
905 5736 1205 5809 ἑδυσφήμει
1256 5736 1430 5797 debeo
1471 5735 1803 5811 Colbertino,
1839 5748 1983 5817 quod

2097 5605 2152 5659 in
2174 5606 2347 5661 altero
2370 5608 2572 5663 deerat.

2165 5676 2279 5745 (75)
2317 5678 2407 5753 Sic
2427 5680 2612 5753 scribo
2645 5696 2744 5752 pro
2768 5680 2970 5753 πλάνον
2986 5679 3157 5753 αὐτῷ,
3181 5680 3405 5751 quando
3432 5681 3674 5744 Colbert.

2093 5747 2237 5804 idem
2274 5750 2413 5805 male
2444 5767 2458 5805 :
2493 5747 2710 5807 πλάνων
2740 5752 2925 5809 αὐτόν.
