3908 6214
178 251 285 329 837

1039 249 1138 309 AD
1168 241 1756 308 AMPHILOCHIUM
1798 236 2142 312 QUzESTIO
2198 238 2395 311 CLIX,
2446 236 2610 298 CLX.

3350 232 3453 301 833

180 370 276 421 καὶ
300 368 361 420 τὸ
405 368 472 422 ἐκ
507 365 601 419 τοῦ
634 364 838 437 πατρὸς
894 365 1074 422 αὐτῶν
1121 365 1217 418 τοῦ
1261 363 1508 418 διαϐόλου
1539 361 1722 414 λαλεῖν
1748 363 1763 378 ⁹

1885 366 2021 423 sunt,
2069 357 2134 412 ad
2170 356 2413 412 haeredes
2453 354 2826 427 perferuntur.
2883 353 3073 427 Itaque
3106 354 3305 411 similia
3340 356 3453 411 limo

179 456 371 529 ὥσπερ
422 458 450 510 6
500 459 738 531 Χριστὸς
797 456 969 512 ἐλθὼν
1001 458 1220 526 ἐγένετο
1248 456 1523 527 πλήρωμα
1577 454 1765 524 νόμου,

180 549 278 602 καὶ
315 548 631 621 προφητῶν,
663 548 807 602 οῦτω
858 549 953 602 καὶ
994 547 1054 601 τὸ
1103 546 1325 617 Πνεῦμα
1364 544 1638 615 πλήρωμα
1673 541 1768 595 τοῦ

182 644 539 713 Εὐαγγελίου.
561 646 795 715 Χριστὸς
822 643 993 697 ἐλθὼν
1035 643 1366 697 ἐϐεϐαίωσεν
1388 641 1459 695 ea:
1497 641 1648 711 παρά
1674 637 1767 693 τοῦ

183 735 394 803 Πατρὺς
428 738 487 787 ὲν
509 734 584 804 τῷ
608 735 881 806 νόμῳ(74)
910 734 1174 807 εἰρημένα
1198 735 1293 789 καὶ
1325 734 1653 806 προφήταις,
1690 732 1770 785 διὸ

182 825 277 876 καὶ
306 825 454 893 λέγει
483 824 695 889 Παῦλος
721 840 735 854 ο
771 844 788 875 ‹
824 824 1102 896 Πλήρωμα
1130 824 1296 896 νόμου
1318 824 1551 895 Χριστός
1575 824 1764 894 (74⁸)·›

184 919 244 971 τὸ
280 919 505 990 Πνεῦμα
543 920 605 973 τὸ
650 921 806 988 ἅγιον
844 920 1134 990 ἐπλήρωσε
1170 918 1240 971 τὰ
1269 919 1364 971 τοῦ
1394 916 1768 986 Εὑαγγελίου·

183 1013 284 1065 ὅσα
307 1013 455 1065 ἐστὶν
479 1015 536 1066 ὲν
567 1015 631 1084 τῇ
661 1012 900 1084 Χριστοῦ
923 1011 1268 1082 διδασκαλίᾳ,
1290 1010 1350 1064 τὸ
1374 1008 1597 1080 Πνεῦμα
1631 1009 1768 1080 πλη-

188 1107 276 1177 ροῖ
302 1122 313 1136 ·
351 1106 452 1158 ὅσα
480 1107 537 1158 ὲν
566 1108 632 1176 τῇ
660 1104 755 1158 τοῦ
788 1107 983 1176 νόμου,
1020 1107 1048 1158 6
1073 1103 1311 1176 Χριστός
1336 1119 1351 1134 ·
1374 1101 1499 1172 οὐχ).
1529 1102 1604 1166 ὡς
1644 1102 1771 1155 ἀτε-

187 1195 314 1259 λοῦς
342 1196 494 1260 ὄντος
517 1197 610 1249 τοῦ
644 1198 876 1269 Πατρὸς,
903 1196 1017 1251 ἀλλ’
1044 1197 1118 1256 ὡς
1150 1195 1494 1267 ἑρμηνευτὴς
1532 1194 1641 1247 τῶν
1674 1191 1769 1246 τοῦ

187 1288 401 1358 Πατρος
435 1288 531 1342 καὶ
553 1288 870 1359 τελειωτής.
901 1288 1056 1342 Οὕτω
1096 1286 1154 1341 δὲ
1188 1288 1281 1341 καὶ
1306 1286 1367 1339 τὸ
1398 1284 1623 1355 Πνεῦμα
1655 1285 1769 1338 δια-

189 1381 351 1448 σαφοί
398 1380 491 1432 καὶ
540 1379 813 1449 διατρανοῖ
846 1379 916 1433 τὰ
942 1378 1036 1433 τοῦ
1068 1380 1221 1434 Υξοῦ.
1271 1378 1380 1432 Καὶ
1424 1375 1533 1445 γάρ
1565 1393 1731 1447 φησιν
1752 1392 1765 1405 ⁸

193 1490 211 1521 ι
241 1470 421 1524 Πολλά
452 1470 561 1542 ἔχω
593 1472 721 1541 ὑμῖν
741 1471 941 1538 λαλεῖν,
966 1472 1081 1526 ἀλλ’
1110 1474 1173 1526 οὐ
1201 1470 1432 1525 δύνασθε
1480 1469 1772 1541 βαστάζειν

185 1561 343 1634 ἄρτι·
377 1556 504 1618 ὅταν
559 1565 616 1618 δὲ
652 1566 780 1639 ἔλθῃ
830 1567 891 1619 τὸ
923 1565 1148 1637 Πνεῦμα
1186 1565 1248 1619 τὸ
1287 1564 1462 1633 ἅγιον,
1515 1563 1771 1633 ὁδηγήσει

188 1655 330 1723 ὑμᾶς
366 1657 445 1719 εἰς
477 1657 658 1710 πᾶσαν
687 1658 784 1729 τὴν
823 1658 1103 1730 ἀλήθειαν,
1136 1678 1154 1710 ι
1199 1658 1293 1712 καὶ
1338 1657 1487 1726 ἑξῆς.
1523 1656 1646 1711 Ὀτι
1676 1655 1768 1723 ἀφ’

185 1712 380 1800 ἑαυτοῦ
411 1712 471 1799 οὐ
493 1747 673 1801 λαλεῖ·
697 1712 758 1802 οῦ
784 1748 892 1823 γὰρ
914 1712 1355 1819 ’ἀντιφΙΘέγγεται
1381 1712 1473 1819 21‘,»
1490 1746 1625 1819 Υἱῷ,
1651 1712 1766 1800 ἀλλ’
1805 1712 1847 1767 Β

183 1838 490 1909 ἀναπληροί
516 1837 585 1892 τὰ
610 1839 704 1894 τοῦ
733 1840 886 1906 Υἱοῦ,
916 1842 1037 1895 καθ’
1062 1841 1121 1897 ὃν
1147 1842 1346 1913 τρόπον
1376 1842 1403 1894 6
1434 1840 1562 1903 Υἱὸς
1590 1841 1657 1894 τὰ
1673 1838 1767 1893 τοῦ

185 1926 421 1998 Πατρός.
460 1928 580 1981 Ὅτι
616 1928 675 1981 ἐν
704 1927 878 2001 τούτῳ
914 1929 992 2000 τῷ
1036 1929 1182 2001 λόγῳ
1231 1930 1485 2002 εὑρήσεις
1524 1928 1662 2000 πρὸς
1693 1929 1771 2000 τῷ
1802 2007 1811 2015 ,

184 2018 327 2071 τέλει
344 2018 651 2085 δεικνύντος
667 2020 761 2075 τοῦ
780 2022 1168 2093 Χρυσοστόμου
1188 2022 1327 2094 (75),
1346 2024 1428 2076 ὅτι
1444 2023 1478 2095 ἡ
1496 2023 1770 2093 ἀποστολὴ

185 2110 310 2165 οὔτε
332 2113 422 2166 τὸν
447 2113 594 2177 Υἱδν,
621 2114 746 2168 οὔτε
768 2114 828 2168 τὸ
859 2116 1083 2186 Πνεῦμα
1104 2116 1314 2171 ἐλάττω
1346 2119 1493 2170 ποιεῖ
1530 2116 1623 2171 τοῦ
1662 2118 1773 2170 Πα-

183 2204 335 2275 τρὸς,
372 2206 454 2258 ὅτι
479 2207 573 2259 καὶ
598 2206 804 2271 αὑτὸςὸ
826 2209 1018 2279 Πατὴρ
1055 2209 1444 2265 ἀποστέλλεται
1470 2209 1623 2280 παρὰ
1674 2207 1770 2262 τοῦ

184 2295 525 2366 Πνεῦματος,
546 2298 641 2351 καὶ
659 2298 812 2369 παρά
831 2299 925 2353 τοῦ
948 2298 1080 2353 Υἱοῦ
1103 2316 1116 2330 °
1142 2300 1291 2369 λέγει
1323 2302 1514 2365 αὑταῖς
1537 2299 1769 2364 λέξεσιν·

198 2387 324 2442 Ἐάν
348 2405 428 2441 σοι
445 2390 603 2456 δείξω
623 2389 713 2443 τὸν
733 2392 970 2463 Ποιητὴν
998 2391 1232 2460 οὐρανοῦ
1253 2394 1350 2447 καὶ
1372 2396 1476 2463 γῆς
1506 2393 1773 2448 ἀποστελ-

183 2479 413 2551 λὸμενον
443 2487 593 2554 παρά
621 2483 715 2537 τοῦ
742 2485 1083 2556 Πνεύματος,
1109 2486 1204 2540 καὶ
1236 2488 1389 2557 παρά
1407 2486 1502 2541 τοῦ
1541 2487 1698 2553 Υἱοῦ,
1720 2488 1774 2541 τι

184 2576 362 2637 ποιεῖς
382 2592 396 2641 ;
417 2575 450 2645 ἢ
469 2576 702 2647 ἄρνησαι
716 2577 807 2630 τὸν
820 2578 1075 2649 Χριστὸν,
1096 2579 1189 2633 καὶ
1206 2579 1511 2653 ἀπόρριψον
1527 2580 1660 2651 (75')
1676 2582 1773 2644 τὰς

183 2666 442 2738 Γραφάς·
477 2669 534 2741 ἢ,
564 2668 833 2733 δοῦλοςῶν
870 2670 979 2725 τῶν
1011 2671 1265 2742 Γραφῶν,
1310 2673 1612 2727 ὑποτάττου
1651 2673 1774 2733 ταῖς

183 2757 450 2828 Γραφαῖς.
512 2760 623 2813 Καὶ
658 2760 783 2829 ποῦ,
833 2764 1016 2834 φησὶν,
1084 2765 1300 2835 εἴρηται
1344 2764 1536 2831 τοῦτο;
1574 2765 1775 2818 Ἀκουε

184 2852 280 2906 τοῦ
319 2853 455 2907 Θεοῦ
479 2854 567 2908 διὰ
590 2856 684 2909 τοῦ
724 2860 1008 2929 προφήτου
1060 2859 1314 2928 λέγοντος
1366 2860 1589 2915 Ἡσαΐου
1618 2859 1731 2932 (76)
1755 2872 1770 2888 ⁸

194 2962 213 2995 ι
248 2945 444 2998 ’Λκουέ
472 2964 595 3018 μου,
627 2948 864 3021 Ἰσραὴλ,
898 2950 957 3003 ὃν
989 2950 1100 3019 ἐγὼ
1126 2952 1311 3006 καλῶο
1350 2971 1370 3005 ι
1407 2954 1497 3007 καὶ
1519 2953 1649 3026 ὃλην
1674 2953 1772 3024 τὴν

187 3038 493 3137 περικοπὴν
526 3041 759 3105 ἐκτιθεὶς
793 3042 885 3095 τοῦ
921 3045 1124 3116 χωρίου
1158 3047 1322 3116 μέχρι
1345 3047 1462 3108 τοῦ,
1500 3065 1519 3097 ι
1552 3047 1662 3100 Καὶ
1680 3047 1775 3101 νῦν
1803 3080 1847 3137 c

188 3128 395 3198 Κύριος
417 3130 706 3185 ἀπέστειλέ
734 3149 823 3203 με,
854 3134 949 3188 καὶ
973 3133 1033 3187 τὸ
1055 3132 1278 3206 Πνεῦμα
1296 3136 1489 3202 αὐτοῦ,
1519 3154 1538 3188 ι
1568 3136 1774 3207 διισχυ-

192 3220 427 3292 ρίζεται,
465 3222 556 3275 τὸν
593 3224 811 3296 Πατέρα
848 3224 1020 3279 ταῦτα
1060 3228 1256 3294 εἰπεῖν,
1285 3228 1350 3281 ἐκ
1373 3227 1481 3281 τῶν
1507 3244 1774 3299 προτεταη

189 3311 409 3379 γρένων
437 3310 672 3384 βεϐαιῶν
720 3315 810 3368 τὸν
837 3316 1018 3385 λόγον,
1054 3318 1147 3370 καὶ
1178 3317 1451 3372 καθιστῶν
1488 3318 1667 3390 δῆλον,
1698 3319 1776 3383 ὡς

188 3403 220 3454 ὁ
253 3403 445 3474 Πατὴρ
477 3405 560 3476 εἴη
594 3405 687 3458 νῦν
736 3407 764 3459 6
794 3407 969 3477 λέγων
997 3411 1091 3463 καὶ
1124 3411 1589 3482 ἀποστελλόμενος
1622 3413 1776 3484 παρά

189 3510 252 3548 τε
284 3494 377 3549 τοῦ
401 3497 713 3568 Πνεῦματος
741 3501 836 3553 καὶ
865 3501 959 3555 τοῦ
996 3499 1151 3559 Υἱοῦ.

739 3869 1071 3923 ΕΡΩΤΗΣΙΣ
1108 3872 1226 3926 ΡΞΚ.

195 4045 329 4114 Πῶς
358 4065 377 4099 ι
414 4044 715 4124 βραχίονα
747 4051 1025 4124 Κυρίου]
1076 4053 1444 4124 όᾼΘεολόγος
1507 4054 1781 4124 Ἰωάννης

423 4122 539 4189 τὴν
568 4123 914 4191 οἰκονομίαν
943 4121 1078 4194 (76')
1113 4122 1542 4191 διαλαμϐάνει;

1874 450 1979 504 sibi
2022 449 2255 505 invicem
2286 465 2429 514 esse,
2489 459 2542 503 et
2590 447 2733 503 idem
2776 446 2980 502 inferre
3024 457 3267 518 apparet,
3298 465 3365 504 ex
3399 466 3458 505 se

1874 542 2007 615 ipsis
2047 542 2215 614 loqui,
2242 552 2294 598 et
2321 558 2385 599 ex
2408 551 2563 614 patre
2617 542 2839 597 diabolo
2888 543 3059 613 loqui.
3111 543 3262 599 Sicut
3296 560 3461 615 porro

1872 636 2146 702 Christus,
2173 638 2227 691 in
2257 652 2480 692 carnem
2522 637 2770 700 veniens,
2827 637 3288 706 complementum
3324 640 3457 711 legis

1876 728 2013 797 fuit,
2065 732 2135 785 ita
2195 739 2250 785 et
2279 730 2517 801 Spiritus
2559 731 3020 801 complementum
3053 730 3331 803 Evangelii
3357 749 3456 788 ex-

1873 820 2035 876 stitit.
2092 820 2347 875 Christus
2372 820 2668 875 adveniens
2693 820 3040 875 conlirmavit
3091 835 3212 888 quur
3239 835 3269 873 ιι
3300 819 3459 875 Patre

1876 914 1930 969 in
1986 914 2103 983 lege
2156 922 2210 968 et
2256 914 2536 985 prophetis
2581 913 2726 968 dicta
2790 921 2967 967 erant.
3059 913 3355 984 Propterea
3408 924 3463 967 et

1876 1005 2081 1062 Paulus
2112 1008 2191 1062 ait
2234 1025 2249 1061 :
2300 1025 2319 1059 ‹
2342 1007 2596 1063 Christus
2622 1016 2707 1063 est
2736 1006 3147 1076 implementum
3182 1007 3401 1076 legis".
3434 1027 3451 1057 ι

1874 1098 2129 1155 Vicissim
2176 1097 2412 1169 Spiritus
2448 1110 2692 1162 sanctus,
2724 1110 2915 1170 postea
2944 1102 3192 1164 veniens,
3221 1100 3464 1170 implevit

1873 1206 1936 1247 ea
1981 1208 2102 1262 quae
2126 1201 2251 1246 sunt
2282 1191 2580 1262 Evangelii.
2610 1191 2962 1264 Quaecunque
2980 1192 3183 1248 Christi
3214 1192 3460 1248 doctrina

1876 1287 2250 1351 continentur,
2279 1301 2341 1342 ea
2378 1286 2621 1356 Spiritus
2650 1295 2903 1353 sanctus;
2943 1302 3065 1357 quae
3106 1286 3164 1341 in
3205 1286 3321 1355 lege
3352 1294 3462 1340 tra-

1875 1380 1987 1435 dita
2037 1390 2185 1445 sunt,
2245 1396 2308 1436 ea
2370 1380 2622 1436 Christus
2678 1379 2925 1450 implevit
2976 1398 2990 1434 :
3046 1394 3156 1433 non
3214 1379 3458 1449 quidem,

1878 1472 2037 1541 quasi
2063 1471 2226 1527 Pater
2265 1472 2400 1527 nihil
2435 1472 2525 1529 hic
2609 1471 2820 1536 fecerit,
2879 1470 2975 1527 sed
3029 1471 3174 1541 quod
3206 1471 3462 1526 Christus

1878 1564 2150 1634 interpres
2193 1572 2246 1617 et
2289 1572 2707 1618 consummatur
2735 1562 3006 1617 dictorum
3040 1576 3070 1615 a
3099 1560 3262 1616 Patre
3287 1561 3462 1616 exsti-

1881 1656 2025 1711 terit.
2081 1654 2344 1710 Similiter
2391 1654 2629 1725 Spiritus
2661 1655 2897 1711 illustrat
2948 1664 3002 1710 et
3044 1654 3301 1723 explanat
3334 1650 3456 1707 Filii

1878 1746 2042 1801 dicta.
2109 1746 2325 1811 «Multa,
2361 1746 2560 1818 inquit,
2602 1746 2778 1802 habeo
2828 1746 2981 1802 vobis
3006 1746 3255 1811 dicenda,
3282 1746 3375 1801 sed
3396 1761 3461 1801 ea

1882 1857 2029 1897 nunc
2056 1841 2275 1912 quidem
2308 1839 2452 1897 terre
2482 1857 2588 1896 non
2611 1842 2837 1912 p0tcstis
2893 1859 2908 1897 :
2964 1840 3055 1896 ubi
3100 1856 3233 1896 vero
3254 1840 3466 1896 venerit

1882 1932 2121 2003 Spiritus
2146 1942 2394 2000 sanctus,
2426 1934 2479 1987 in
2503 1933 2788 1989 veritatem
2817 1947 3036 1987 onmem
3065 1948 3163 1989 vos
3181 1932 3460 1999 ducet”,p

1879 2034 1986 2081 etc.
2049 2024 2239 2096 Neque
2295 2026 2439 2080 enim
2491 2040 2555 2080 ex
2602 2039 2662 2079 se
2714 2026 2836 2095 ipso
2870 2024 3113 2094 loquitur
3143 2042 3159 2091 ;
3188 2040 3313 2079 nam
3353 2039 3466 2079 non

1879 2118 2207 2173 contradicit
2237 2117 2400 2184 Filio,
2448 2117 2543 2173 sed
2567 2117 2713 2172 dicta
2740 2115 2885 2184 Filii,
2922 2116 3068 2172 sicut
3088 2115 3264 2172 Filius
3285 2116 3468 2171 Patris

1880 2210 1994 2277 illa,
2037 2210 2247 2280 implet.
2282 2210 2338 2265 In
2366 2209 2472 2265 hoc
2500 2224 2757 2266 sermone
2778 2208 2988 2265 videbis
3008 2208 3464 2282 Chrysostomum

1880 2301 1984 2357 sub
2050 2302 2214 2356 ﬁnem
2274 2300 2582 2368 ostendere,
2648 2300 2969 2356 missionem
3030 2316 3210 2372 neque
3267 2300 3466 2355 Filium

1881 2410 2061 2466 neque
2094 2393 2364 2465 Spiritum
2396 2402 2647 2452 sanctum
2694 2395 2861 2450 Patre
2909 2395 3093 2450 facere
3124 2393 3464 2457 inferiorem,

1882 2488 2140 2557 quoniam
2174 2487 2291 2556 ipse
2341 2500 2565 2557 quoque
2603 2486 2766 2541 Pater
2810 2501 2841 2541 a
2882 2484 3091 2558 Spiritu
3132 2495 3325 2540 saneto
3354 2495 3408 2540 et
3437 2500 3470 2539 a

1881 2579 2022 2635 Filio
2052 2580 2306 2636 mittitur.
2359 2578 2537 2635 Verba
2567 2581 2688 2651 ejus
2738 2580 2855 2635 haec
2886 2588 3016 2636 sunt
3048 2597 3063 2634 :
3105 2578 3162 2634 Si
3198 2578 3294 2634 tibi
3321 2577 3468 2634 Cou-

1881 2672 2116 2728 ditorem
2152 2672 2277 2728 eteli
2306 2680 2361 2728 et
2391 2681 2551 2728 terrae
2586 2672 2876 2728 ostendero
2924 2672 3157 2727 missum
3194 2688 3224 2728 ιι
3257 2671 3464 2743 Spiritu

1881 2775 1938 2821 et
1967 2764 2125 2829 Filio,
2159 2764 2290 2835 quid
2321 2762 2529 2820 facies?
2560 2764 2669 2819 Aut
2702 2778 2835 2835 nega
2872 2764 3158 2820 Christum
3197 2773 3252 2821 et
3290 2765 3472 2836 ahjiee

1884 2858 2233 2929 Scripturas;
2310 2866 2441 2922 aut,
2497 2874 2622 2912 cum
2670 2856 2973 2929 Scriptura:
3028 2857 3105 2913 sis
3171 2857 3467 2920 obnoxius.

1883 2950 2181 3023 Scriptura:
2224 2960 2277 3007 te
2325 2950 2557 3021 subjice.
2585 2948 2689 3005 Ubi
2720 2964 2874 3014 vero,
2903 2949 3105 3022 inquit,
3130 2949 3236 3007 hoc
3258 2950 3467 3005 dictum

1883 3045 2159 3101 est?Audi
2188 3044 2378 3110 Deum,
2437 3059 2533 3115 per
2571 3043 2768 3099 Isaiam
2796 3043 3143 3114 prophetam,
3167 3042 3468 3098 dicentem:

1889 3155 1907 3188 ι
1944 3137 2083 3192 Audi
2120 3153 2226 3201 me,
2252 3137 2442 3202 Israel,
2479 3151 2643 3206 quem
2679 3151 2780 3207 ego
2806 3150 2944 3190 voco
2975 3135 3083 3190 ³⁵.»
3120 3133 3258 3190 Hinc
3304 3135 3474 3199 idem.

1887 3238 1994 3283 tota
2055 3229 2206 3285 illius
2258 3228 2469 3285 oraculi
2527 3227 2670 3284 serie
2725 3227 3001 3299 exposita,
3058 3243 3230 3299 usque
3272 3228 3339 3282 ad
3382 3227 3474 3283 illa

1884 3324 2048 3378 verba
2082 3343 2096 3378 :
2138 3341 2155 3375 ι
2198 3319 2264 3377 Ει
2291 3338 2438 3378 nunc
2487 3320 2756 3377 Dominus
2788 3337 2876 3378 me
2913 3322 3085 3390 misit,
3143 3330 3201 3377 et
3238 3321 3477 3392 Spiritus

1885 3416 2004 3487 ejus
2026 3418 2095 3481 ³³,
2133 3436 2151 3469 ι
2179 3426 2480 3482 asseverat,
2505 3418 2718 3473 Patrem
2738 3415 2830 3470 illa
2847 3414 3016 3486 loqui,
3045 3430 3111 3471 ex
3142 3414 3475 3471 anteceden-

1886 3510 2032 3563 tibus
2074 3508 2235 3563 (idcm
2285 3509 2653 3580 expositioni,
2732 3507 3203 3578 manifestumque
3244 3506 3473 3569 faciens.

1893 3597 2107 3652 Putrem
2145 3614 2289 3664 esse,
2354 3598 2447 3670 qui
2498 3598 2616 3654 haec
2668 3598 2946 3669 loquatur,
2998 3598 3203 3668 quique
3262 3597 3398 3652 adeo
3441 3613 3471 3649 a

1895 3688 2101 3760 Spiritu
2134 3702 2188 3745 et
2216 3688 2353 3747 Filio
2376 3692 2644 3746 mittatur.

1938 3867 2268 3936 ρυΑεεΤιο
2323 3868 2460 3928 CLX
2524 3870 2719 3944 [CoisL
2752 3866 2911 3938 cxc,
2954 3868 3119 3924 Tnur.
3156 3844 3439 3937 CLXXX].

1894 4056 2181 4123 Quomodo
2209 4053 2444 4109 Joannes
2481 4052 2772 4124 Tlteologus
2809 4054 3156 4124 oeconomiam
3182 4050 3477 4124 salutarem

2102 4143 2196 4199 rer
2243 4145 2261 4176 ι
2286 4126 2558 4180 brachium
2587 4122 2803 4179 Domini
2825 4124 2941 4158 ""9
2965 4142 2983 4176 ι
3021 4122 3263 4177 indicat?

727 4300 980 4350 Edilarum
1014 4314 1042 4349 a
1075 4300 1257 4351 Wolfio
1282 4300 1521 4366 vigesima
1544 4304 1693 4354 tertia
1722 4305 1779 4367 (l.
1809 4318 1853 4355 c.
1882 4304 2111 4355 789-790.
2138 4304 2361 4355 Calland.
2400 4304 2434 4353 l.
2460 4316 2526 4364 c.,
2554 4317 2602 4367 p.
2633 4303 2743 4363 745,
2765 4315 2814 4351 ιι.
2838 4301 2940 4365 59).

276 4469 401 4522 Ὀτι
427 4470 454 4521 6
499 4468 761 4539 Θεολόγος
805 4470 1079 4541 Ἰωάννης,
1142 4472 1235 4525 τὸν
1284 4471 1544 4543 βραχίονα
1573 4476 1652 4536 εἰς
1691 4475 1790 4544 τὴν

1966 4475 2206 4531 Joannes
2288 4474 2600 4544 Theologus
2676 4474 2964 4529 brachium

3046 4472 3112 4528 de
3172 4473 3477 4528 ωςοιιοηιίιι

197 4563 519 4633 οἰκονομίαν
560 4564 673 4633 (77)
713 4563 1074 4635 ἐκλαμϐάνων
1115 4563 1208 4618 τοῦ
1252 4566 1526 4638 Σωτῆρος,
1559 4566 1654 4621 καὶ
1684 4566 1785 4639 τὴν

1896 4567 2201 4625 Servatoris
2273 4568 2447 4624 nostri
2504 4567 2740 4639 ejusque
2793 4567 2998 4622 deitate
3062 4566 3470 4636 interpretans,

248 4724 294 4755 ⁸³
322 4723 482 4779 Rom.
511 4741 561 4790 κ,
587 4726 637 4780 4.
672 4725 717 4758 ⁸⁸
752 4724 907 4779 Joau.
943 4739 1054 4789 xvr,
1086 4724 1285 4791 19,13.

1384 4726 1427 4756 ⁸⁸
1459 4724 1560 4780 lsa.
1590 4742 1773 4795 xum,
1808 4728 1895 4781 12.

1993 4728 2201 4796 ".ihi‘d-
2236 4728 2323 4783 16.
2401 4728 2521 4761 ⁸⁷·θθ
2550 4726 2707 4783 Joan.
2742 4743 2846 4794 xu,
2887 4725 2975 4782 38.

1733 4879 1965 4938 ΝΟΤΛΞ.

415 5062 541 5146 llaec
596 5064 815 5146 totidem
872 5063 1054 5146 verbis
1115 5080 1239 5146 non
1260 5065 1577 5146 exstant__iu
1621 5066 1793 5146 sacris
1902 5086 2074 5146 pertus
2093 5070 2357 5146 ostendit,
2385 5089 2493 5146 non
2520 5070 2759 5146 Patrem,
2793 5078 2887 5134 sed
2916 5076 3111 5134 Filium
3142 5078 3209 5134 de
3241 5079 3397 5133 Patre
3423 5088 3480 5133 et

199 5133 446 5200 Litteris,
470 5143 523 5188 et
551 5136 958 5207 παραφράσεως
990 5136 1154 5190 locoa
1180 5134 1378 5191 Photio
1407 5135 1590 5191 addita
1609 5138 1797 5192 viden-

204 5215 315 5258 ων.

1901 5138 2104 5215 Spiritu
2134 5143 2255 5215 ejus
2285 5145 2457 5215 loqui.

1973 5211 2197 5293 (76‘)_ln
2241 5211 2552 5293 apoérapho
2582 5217 2826 5288 legebam
2862 5220 3223 5293 oixoouéqu,
3247 5236 3347 5291 pro
3376 5236 3483 5291 qua

278 5275 632 5348 (74⁸)Ριόουι
660 5275 827 5330 dubio
855 5274 1009 5330 Rom-
1047 5292 1098 5341 κ,
1126 5276 1181 5342 4,
1211 5276 1387 5330 innuit
1416 5294 1429 5330 :
1459 5275 1612 5340 τέλος
1630 5276 1795 5348 νόμον
1898 5274 2032 5337 voce
2083 5274 2309 5339 alterum
2347 5274 2525 5341 "illam
2592 5274 2742 5344 recte
2792 5274 3032 5346 exhibet.
3073 5274 3482 5348 eruditissimus

200 5346 462 5416 Χριστός.

1902 5352 2357 5432 hiqiiteialconius
2391 5358 2443 5410 in
2475 5358 2667 5432 indice
2684 5360 3195 5432 Amphilochiorum
3220 5363 3397 5416 Photii
3426 5378 3480 5432 p.

275 5414 1189 5515 "l‘ii‘cnnfi‘lti‘rysostomi
1250 5430 1558 5472 sermonem
1599 5417 1792 5475 aﬂ‘erat
2032 5424 2378 5515 Bibliotheca:
2437 5443 2572 5515 mss.
2629 5414 3350 5515 Coisli'uian.Fieriﬁiéitur

198 5485 453 5550 PhOtius,
492 5486 693 5541 frustra
715 5501 921 5556 quzero.

275 5558 411 5627 (75')
434 5559 585 5612 Colb.
618 5557 935 5625 ἀπάλειψον.

276 5629 389 5697 (76)
426 5628 694 5683 Cmtcrum
731 5629 877 5681 illum
928 5627 1133 5699 oraculi
1165 5628 1316 5684 Isaiae
1380 5627 1775 5699 expositionem

202 5707 410 5756 temere
443 5715 605 5756 nemo
639 5698 942 5755 admiserit.
993 5698 1296 5769 Prophetici
1329 5698 1473 5756 cnim
1505 5702 1771 5757 sermonis

1896 5500 2022 5557 test,
2056 5496 2184 5577 utin
2222 5501 2539 5577 apographo
2570 5503 2935 5577 err_atum_sit,
2979 5496 3234 5577 quamvis
3275 5496 3396 5577 moi
3430 5504 3481 5557 in

1888 5568 2245 5704 iisplousione
2273 5569 2338 5622 ad
2368 5568 2474 5623 hoc
2501 5572 2790 5641 quaesitum
2827 5568 3025 5629 iterum
3062 5574 3274 5644 legatur
3304 5576 3486 5628 oixou—

1965 5653 1990 5687 ν
2033 5652 2077 5688 ν.
2406 5666 2413 5669 Α

1953 5704 2069 5775 (77)
2103 5708 2177 5764 ita
2207 5710 2391 5767 scribo
2419 5726 2544 5768 cum
2567 5711 2809 5769 Colbcrt.
2853 5729 2953 5785 pro
2983 5715 3333 5785 οἱκουμᾱνην.
