3908 6214
388 264 495 326 83.”)

1563 263 1826 323 PIIOTII
1866 262 2373 323 PATRIARCHIE
2402 262 2512 323 CP.

3570 256 3679 322 sto

388 392 407 425 ι
441 371 706 440 Quamvis
753 372 950 438 multa,
1016 372 1215 445 inquit,
1270 372 1533 430 miracula
1576 373 1757 428 ederet
1793 370 1985 436 Jesus,

2105 372 2260 426 κὺτοῦ
2292 371 2545 445 θεότητα,
2580 370 2777 435 Πολλὰ,
2804 370 2959 443 φησὶ,
2988 369 3194 443 σημεῖα
3226 368 3555 439 ποιησαντος
3582 367 3680 423 τοῦ

382 465 549 520 ,ιιιύωί
584 472 769 520 tamen
801 480 910 520 non
939 467 1255 533 credebant,
1300 477 1361 522 ut
1405 466 1722 536 impleretur
1774 464 1982 519 dictum

386 553 541 608 Isaia:
574 571 588 608 :
640 553 888 620 Domine,
925 554 1051 625 quis
1087 554 1318 609 credidit
1348 554 1512 610 diclis
1553 553 1782 616 nostris,
1811 562 1864 607 et
1889 550 1981 606 cui

390 648 674 703 brachium
711 646 931 703 Domini
965 657 1048 702 est
1083 647 1403 703 revelatum‘
1433 647 1457 701 ?
1490 663 1509 697 ι
1542 644 1661 717 Ipse
1696 654 1985 715 nempe,et

383 740 597 811 justitia
632 740 774 809 ejus.
814 757 833 790 ι
868 740 1051 810 Prope
1080 741 1226 795 enim
1259 748 1364 804 est,
1399 748 1457 793 ut
1484 738 1699 809 justitia
1733 753 1855 792 mea
1884 736 1985 791 ad-

390 831 589 885 veniat.
624 849 641 881 ι
674 828 793 899 Ipse
819 829 1006 901 itaque
1057 841 1111 885 et
1160 830 1422 884 Servator
1450 838 1559 893 est,
1591 838 1646 883 et
1675 828 1980 882 brachium.

393 921 685 993 Propterea
736 932 791 977 et
836 922 1043 977 Paulus
1094 922 1279 976 omnia
1339 921 1680 991 complexus,
1730 921 1783 975 in
1815 934 1982 975 unum

392 1013 626 1079 confert,
652 1013 876 1091 dicens;
918 1031 936 1064 ι
972 1011 1077 1079 Qui
1127 1010 1304 1067 factus
1351 1011 1507 1067 nobis
1555 1020 1641 1068 est
1690 1025 1721 1067 a
1750 1010 1860 1065 Deo
1893 1024 1983 1066 sa-

396 1106 624 1177 pientia,
679 1114 735 1162 et
779 1105 1163 1172 sanctificatio,
1187 1113 1242 1159 et
1286 1104 1540 1161 Iiberatio
1568 1106 1611 1159 ’.
1652 1123 1672 1157 ι
1723 1102 1824 1159 Hic
1851 1102 1983 1159 oriri

395 1199 557 1253 nobis
574 1198 703 1254 fecit
732 1208 912 1254 ortum
937 1197 1333 1269 justissimum.
1367 1218 1384 1250 ι
1410 1198 1551 1255 Ecce
1577 1198 1749 1262 enim,
1784 1197 1982 1266 inquit,

395 1290 527 1344 oriri
564 1290 764 1346 faciam
797 1291 963 1346 domo
1009 1289 1229 1345 Davidis
1261 1299 1443 1344 ortum
1490 1299 1764 1355 sanctum,
1804 1298 1857 1343 et
1894 1304 1983 1343 re-

395 1383 581 1452 gnabit
614 1381 727 1437 Rex
757 1382 943 1452 justus
970 1382 1011 1435 ³.
1040 1399 1060 1433 ι
1093 1380 1261 1436 Ortus
1288 1381 1474 1451 itaque
1504 1395 1649 1436 unus
1679 1389 1785 1443 est,
1820 1379 1980 1433 multi

396 1487 527 1527 vero
584 1473 830 1540 eiusdem
882 1473 1044 1529 radii.
1104 1472 1260 1528 Bailii
1322 1474 1534 1529 scilicet
1595 1472 1983 1536 humanitatis,

396 1566 741 1633 sanationis,
783 1567 937 1637 pacis
985 1584 998 1621 :
1054 1567 1194 1620 radii
1224 1565 1482 1637 justitiae,
1520 1565 1873 1635 pluriumque
1904 1564 1984 1617 si—

396 1662 632 1715 milium.
668 1660 969 1732 Propterea
999 1663 1165 1716 etiam
1202 1660 1369 1716 David
1387 1661 1718 1717 vaticinatus
1739 1660 1979 1716 cecinit:

2107 463 2280 534 Ἰησοῦ
2317 462 2430 535 (78)
2483 462 2597 515 οὑκ
2624 461 2957 515 ἐπίστευσαν
2998 461 3048 514 οἱ
3095 459 3362 523 Ἰουδαῖοι,
3416 458 3506 512 ἵνα
3540 458 3681 530 πλη-

2097 551 2245 624 ρωθῇ
2279 551 2340 605 τὸ
2366 551 2531 624 ῥηθὲν
2558 552 2663 605 ὑπὸ
2691 550 2788 604 τοῦ
2828 551 3054 605 Ἦσαῖου
3076 567 3094 583 ο
3148 569 3168 602 ι
3202 549 3398 622 Κύριε,
3434 550 3521 613 τίς
3556 550 3680 603 ἐςτί-

2093 660 2317 697 στευσεν
2351 646 2416 715 τῇ
2448 644 2586 717 ἀκοῇ
2639 644 2818 715 ἡμῶν,
2860 645 2955 698 καὶ
2983 645 3012 697 6
3058 642 3297 713 βραχίων
3329 643 3542 713 Κυρίου
3574 643 3682 695 τίνι

2090 735 2452 809 ἀπεκαλύφθη
2473 753 2519 798 ς»
2545 736 2707 800 αὑτὸς
2731 737 2912 791 τοίνυν
2933 735 3029 790 καὶ
3042 736 3413 807 δικαιοσύνη.ι
3438 735 3681 804 Ἐγγίζει

2092 830 2198 903 γὰρ
2225 832 2259 902 ὴ
2288 829 2603 901 δικαιοσύνη
2635 846 2736 901 μου
2757 828 3189 899 παραγενέσθαι.
3220 848 3238 881 ›
3259 829 3434 892 Δὺτδς
3450 828 3546 882 καὶ
3564 828 3681 879 Σω-

2090 924 2217 995 τὴρ,
2268 922 2431 986 αὑτὸς
2468 922 2562 976 καὶ
2606 922 2868 993 βραχίων.
2904 920 3004 974 Διά
3052 920 3213 974 τοῦτο
3265 922 3359 975 καὶ
3406 923 3435 974 6
3472 918 3686 981 Παῦλος

2092 1011 2407 1086 περιλαῦὼν
2456 1012 2673 1065 ἅπαντα
2704 1012 2781 1075 είς
2810 1010 2869 1063 ἒν
2913 1010 3199 1081 ἀναφέρει,
3253 1009 3470 1078 λέγων.·
3512 1028 3530 1060 ι
3586 1012 3685 1072 ὐς

2093 1107 2357 1178 ἐγεννήθη
2395 1108 2529 1178 ἡμῖν
2581 1105 2691 1160 ἀπὸ
2732 1105 2871 1159 Θεοῦ
2920 1106 3083 1176 σοφία
3136 1105 3228 1160 καὶ
3280 1102 3558 1173 ἁγιασμὸς
3591 1103 3686 1156 καὶ

2090 1199 2491 1271 ἀπολύτρωσις.
2540 1218 2560 1253 ι
2597 1192 2767 1261 Οὗτος
2811 1199 2945 1269 ἡμῖν
2986 1196 3261 1251 ἀνέτειλεν
3293 1196 3563 1265 ἀνατολὴν
3603 1194 3686 1246 δι-

2092 1292 2274 1347 καίαν.
2311 1314 2329 1345 ι
2380 1293 2513 1348 Ἰδοὺ
2546 1293 2678 1365 γὰρ,
2724 1291 2913 1361 φησὶν,
2945 1289 3194 1344 ἀνατελῶ
3244 1288 3324 1360 τῷ
3355 1289 3495 1358 οἴκῳ
3519 1287 3691 1341 Δαὸὶδ

2091 1384 2354 1456 ἀνατολὴν
2368 1384 2613 1451 δικαίαν,
2634 1384 2730 1437 καὶ
2753 1381 3066 1454 βασιλεύσει
3092 1382 3347 1452 βασιλεὺς
3389 1381 3621 1443 δίκαιος.
3658 1399 3675 1429 ι

2090 1479 2206 1531 Μία
2229 1478 2326 1548 μὲν
2355 1472 2447 1531 οὖν
2472 1478 2507 1548 ἡ
2536 1476 2793 1547 ἀνατολὴ,
2826 1474 3018 1529 πολλαὶ
3046 1474 3104 1528 δὲ
3133 1475 3304 1545 αὑτῆς
3334 1476 3390 1527 at
3424 1474 3643 1535 ἀκτῖνες
3672 1488 3689 1502 ⁸

2091 1571 2307 1633 ἀκτῖνες
2332 1567 2768 1639 φιλανθρωπίας,
2801 1566 3017 1633 ἰάσεως,
3038 1567 3295 1637 εἰρήνης’
3324 1564 3684 1633 δικαιοσύνης

2092 1662 2333 1728 ἀκτῖνες,
2363 1661 2458 1715 καὶ
2492 1661 2706 1731 μυρίων
2736 1659 2934 1714 ἄλλων.
2969 1659 3061 1712 Διὸ
3092 1661 3187 1714 καὶ
3216 1662 3244 1713 6
3289 1658 3457 1711 Δαὸῖδ
3492 1657 3693 1728 προθε-

402 1774 421 1805 ι
463 1751 523 1808 In
563 1754 759 1811 diebus
790 1754 912 1825 ejus
960 1755 1171 1810 orietur
1197 1754 1415 1824 justitia
1446 1791 1462 1817 ,
1516 1764 1570 1809 et
1609 1753 1762 1823 pacis
1806 1752 1983 1822 copia,

2105 1754 2300 1818 ςπίζων
2327 1750 2495 1828 ᾖδενο
2554 1772 2573 1806 t
2630 1753 2908 1808 Ἀνατελεῖ
2937 1756 2996 1807 ὲν
3038 1756 3161 1817 ταῖς
3220 1752 3458 1823 ἡμέραις
3517 1748 3692 1803 αὑτοῦ

395 1844 574 1901 donec
604 1846 733 1901 luna
766 1848 1052 1903 aboleatur
1069 1846 1111 1902 ⁸.
1152 1865 1171 1899 i
1207 1846 1305 1902 Hic
1357 1846 1521 1916 igitur
1564 1856 1720 1901 ortus
1765 1860 1834 1900 ex
1877 1845 1988 1899 alto

396 1950 550 2006 aeque
580 1945 747 2006 atque
776 1953 843 1992 ex
889 1948 1037 1993 terra
1080 1937 1311 2007 contigit
1342 1954 1355 1990 :
1409 1952 1474 1992 ex
1505 1938 1617 1992 alto
1646 1937 1868 2007 quidem
1904 1952 1989 1992 se.

398 2029 640 2084 cundum
668 2031 938 2097 divinam,
971 2047 1039 2087 ex
1065 2041 1209 2087 terra
1242 2039 1426 2087 autem
1450 2030 1749 2087 secundum
1786 2030 1989 2086 buma-

400 2132 526 2172 nam
567 2127 845 2173 naturam.

428 2290 761 2356 OUESTIO
793 2291 951 2349 CLXI
986 2293 1182 2367 [CoisL
1217 2294 1401 2364 CXCI,
1451 2295 1618 2350 Taur.
1649 2293 1956 2368 CLXXXI].

402 2472 544 2539 Quid
585 2475 854 2546 signiﬁcat
880 2490 898 2529 :
937 2494 955 2528 ι
977 2476 1134 2544 Quod
1162 2490 1212 2533 et
1246 2479 1365 2547 ipsa
1393 2488 1639 2532 creatura
1670 2478 1987 2536 liberabitur

931 2566 963 2602 a
998 2552 1248 2604 servitute
1270 2551 1324 2602 ⁵2
1341 2569 1359 2603 ι
1382 2560 1487 2605 etc.

2094 1846 2413 1914 δικαιοσύνη
2445 1845 2540 1899 καὶ
2572 1844 2780 1915 πλῆθος
2812 1846 3064 1916 εἰρήνης,
3094 1842 3202 1904 ἓως
3229 1839 3291 1898 οὗ
3318 1839 3694 1911 ἀνταναιρεθῇ

2094 1944 2129 2013 η
2170 1941 2392 2011 σελήνη.
2432 1957 2451 1992 ι
2479 1938 2629 2010 Αῦτη
2680 1938 2811 2008 γοῦν
2849 1940 2884 2010 ἡ
2913 1937 3149 2009 ἀνατολὴ
3177 1936 3237 2001 ἐξ
3272 1934 3443 2005 ὕψους
3478 1934 3695 1987 ἀνέτειο

2093 2033 2206 2096 λεν,
2236 2034 2336 2089 καὶ
2357 2030 2467 2086 ἀπὸ
2491 2032 2589 2103 τῆς
2613 2031 2715 2103 γῆς
2733 2048 2747 2063 ·
2773 2030 2834 2097 ἐξ
2849 2030 3019 2101 ὕψους
3045 2032 3143 2102 μὲν
3162 2030 3303 2084 κατά
3319 2028 3421 2098 τὴν
3434 2026 3691 2097 θεότητα,

2096 2127 2203 2180 ἀπὸ
2235 2126 2337 2196 γῆς
2367 2124 2424 2178 δὲ
2447 2126 2592 2179 κατά
2622 2125 2722 2196 τὴν
2750 2124 3086 2196 οἰκονομίαν.

2612 2303 2945 2358 ΕΡΩΤΗΣΙΣ
2974 2301 3146 2360 ΡΞΑ⁷.

2095 2484 2158 2538 Τί
2179 2482 2407 2554 ὃηλοῖ,ι
2446 2484 2568 2549 Ὅτι
2596 2480 2875 2554 καὶλαῦᾃτη
2911 2482 2950 2551 ἡ
2984 2487 3183 2549 κτίσις
3208 2480 3693 2554 ἐλευθερωθήσε-

2382 2571 2473 2609 ται
2495 2553 2614 2609 ἀπὸ
2640 2552 2748 2623 τῆς
2783 2552 3087 2619 δουλείας,
3111 2573 3129 2605 ο
3152 2552 3251 2606 καί
3277 2553 3399 2617 ἐέ.;

608 2728 863 2779 Editarum
902 2744 930 2780 a
968 2730 1146 2782 Wolﬁo
1168 2733 1407 2796 vigesima
1434 2740 1609 2797 quarta
1639 2735 1698 2799 (1.
1723 2748 1788 2796 c.,
1813 2749 1864 2799 p.
1891 2735 2123 2789 790—800.
2166 2736 2395 2789 Galland.
2423 2751 2470 2800 p.
2500 2738 2727 2801 745-747,
2751 2753 2803 2790 η.
2828 2740 2997 2802 40).-
3023 2738 3077 2788 In
3106 2740 3247 2788 Rom.
3274 2752 3375 2798 vni,
3401 2738 3482 2787 21.

474 2877 758 2935 Serviebat
792 2891 1053 2936 creatura
1107 2882 1357 2949 homini,
1414 2899 1521 2939 non
1562 2893 1621 2939 ut
1679 2884 1869 2956 digno,
1917 2885 1998 2941 sol

403 2972 634 3039 scilicet,
686 2984 742 3029 et
771 2974 921 3041 luna,
958 2983 1012 3030 et
1040 2988 1208 3040 astra,
1263 2985 1318 3032 et
1344 2986 1515 3043 terra,
1543 2993 1776 3050 quicque
1804 2977 1859 3032 in
1888 2978 1996 3034 illis

406 3077 535 3125 sunt
564 3085 576 3120 :
605 3082 739 3129 non,
782 3068 1037 3138 inquam,
1072 3082 1131 3121 ut
1159 3068 1346 3138 digno.
1401 3068 1541 3124 Nam
1586 3080 1641 3125 et
1671 3069 1997 3141 praevarica-

408 3170 498 3215 tus
550 3168 688 3218 erat.
724 3168 778 3213 et
834 3174 1011 3229 paena:
1065 3160 1360 3216 obnoxius.
1432 3158 1716 3217 Serviebat
1778 3162 2001 3231 itaque,

410 3252 521 3307 Deo
552 3252 627 3306 ita
656 3252 910 3321 jubentc,
948 3266 1016 3306 ne
1048 3251 1230 3324 imago
1262 3268 1361 3308 sua
1413 3254 1636 3325 penitus
1688 3253 2007 3325 deturpare-

412 3356 525 3410 iur,
554 3344 809 3414 quamvis
841 3344 1188 3415 deliquisset.
1246 3345 1383 3401 Cum
1414 3346 1599 3417 itaque
1629 3347 1815 3404 omnis
1844 3362 2001 3401 crea-

413 3449 537 3492 tura
578 3437 843 3492 rebcliem
901 3453 960 3493 se
1011 3439 1254 3506 sisteret,
1312 3439 1459 3496 Deus
1487 3450 1668 3496 tamen
1698 3448 2007 3496 creaturam

410 3530 711 3600 imperium
765 3545 874 3585 non
904 3532 1215 3588 detrectare
1256 3532 1448 3602 jussit,
1492 3533 1587 3589 sed
1620 3532 1791 3589 solem
1826 3532 2009 3588 radios

413 3638 568 3689 suos,
606 3632 808 3678 terram
844 3622 1055 3696 fruges,
1080 3638 1233 3679 mare
1259 3624 1463 3695 pisces,
1494 3640 1817 3696 mercesque
1846 3625 2006 3692 alias,

413 3722 470 3769 et
506 3716 733 3771 condita
766 3731 985 3786 quoque
1013 3725 1211 3772 caetera
1264 3732 1351 3783 ea,
1409 3733 1531 3788 quae
1582 3718 1709 3773 usui
1758 3728 1814 3772 et
1853 3733 2008 3773 eom-

418 3808 583 3861 modo
638 3807 819 3862 forent
874 3809 1229 3874 hominibus,
1299 3810 1561 3866 exhibere
1608 3810 1799 3865 voluit.
1855 3810 2009 3866 Hanc

420 3904 753 3958 sententiam
790 3904 1165 3974 exlilieaturus
1194 3906 1497 3978 Apostolus
1527 3908 1602 3962 ait
1645 3927 1658 3964 :
1704 3926 1722 3960 ι
1763 3906 2007 3963 Sollicita

418 3992 566 4047 enim
603 3996 944 4063 exspectatio
994 4007 1265 4053 creaturae
1315 3999 1711 4055 revelationem
1763 4000 2006 4054 filiorum

418 4083 514 4139 Dei
544 4093 847 4154 exspectat.
887 4085 1129 4144 Vanitati
1180 4091 1330 4146 enim
1371 4104 1623 4148 creatura
1672 4108 1783 4148 non
1813 4101 2007 4163 sponte

398 4192 526 4258 sua
585 4186 671 4233 est
717 4178 991 4249 subjecta,
1048 4181 1143 4237 sed
1200 4192 1425 4254 propter
1473 4199 1624 4251 eum,
1649 4186 1743 4255 qui
1775 4186 1879 4240 sub
1910 4198 2007 4255 spe

422 4269 659 4337 subjecit
687 4288 701 4325 :
731 4270 993 4340 quoniam
1048 4280 1102 4326 et
1135 4271 1252 4343 ipsa
1285 4273 1377 4327 illa
1408 4283 1659 4330 creatura
1686 4273 2006 4330 liberabitur

417 4378 450 4418 a
481 4362 747 4418 servitute
788 4364 1160 4435 corruptionis
1210 4366 1268 4421 in
1303 4367 1609 4423 libertatem
1643 4368 1831 4439 gloria:
1861 4369 2007 4424 lilio-

2194 2884 2537 2939 Ἐδούλενσεν
2575 2888 2607 2958 ἡ
2636 2885 2817 2949 κτίσις
2855 2885 2934 2957 τῷ
2965 2884 3262 2958 ἀνθρώπῳ,
3289 2884 3387 2955 οὑχ
3415 2884 3491 2947 ὡς
3530 2884 3678 2955 ἀξίῳ

2103 2976 2253 3048 ἥλιος
2282 2979 2375 3031 καὶ
2406 2977 2628 3050 σελήνη,
2659 2978 2756 3032 καὶ¹
2788 2978 2965 3051 ἄστρα
2993 2981 3089 3033 καὶ
3116 2978 3213 3049 γῆ,
3254 2977 3351 3032 καὶ
3380 2977 3449 3032 τά
3480 2978 3539 3031 ἐν
3595 2979 3697 3032 αὑ-

2102 3072 2249 3132 τοῖςθ
2282 3070 2380 3139 οὑχ
2418 3070 2493 3133 ὡς
2522 3069 2657 3138 ἀξίῳ
2699 3069 2757 3123 δὲ
2792 3070 2911 3141 (καὶ
2959 3070 3069 3141 γὰρ
3109 3069 3437 3141 παραϐάτης
3476 3067 3547 3141 ἢν
3600 3070 3701 3123 καὶ

2108 3162 2405 3233 ὑπόδικος),
2433 3163 2568 3216 ἀλλά
2585 3162 2680 3216 τοῦ
2704 3162 2840 3216 Θεοῦ
2864 3163 3136 3217 δουλεύειν
3166 3163 3597 3235 προστάξαντος,
3622 3164 3698 3226 ὡς

2106 3254 2174 3309 ἂν
2216 3257 2290 3326 μὴ
2338 3255 2450 3327 (ῖθ)
2473 3254 2767 3326 ὲξυϐρισθῇ
2809 3255 2899 3309 διὰ
2937 3256 3158 3309 πάντων
3211 3257 3251 3327 ἡ
3295 3255 3482 3321 εἰκὼν,
3522 3257 3575 3308 εἰ
3608 3256 3699 3308 καὶ

2109 3348 2347 3420 παρέὅη.
2374 3350 2562 3419 Πάσης
2604 3349 2785 3403 τοίνυν
2815 3352 2915 3421 τῆς
2945 3348 3179 3413 κτίσεως
3211 3349 3639 3418 στασιαζούσης,
3671 3350 3702 3401 6

2107 3441 2242 3506 Θεὸς
2272 3441 2483 3496 κελεύει
2513 3445 2578 3512 τῇ
2611 3441 2787 3495 κτίσει
2837 3442 2913 3513 μὴ
2947 3442 3207 3513 ἀφηνιᾷν,
3245 3442 3385 3495 ἀλλά
3430 3441 3701 3512 παρέχειν

2111 3534 2210 3605 μὲν
2235 3535 2325 3588 τὸν
2353 3534 2505 3605 ἥλιον
2528 3536 2629 3605 τὴν
2659 3534 2855 3589 ἑαυτοῦ
2879 3536 3096 3599 ἀκτῖνα,
3129 3536 3229 3607 τὴν
3264 3537 3367 3606 γῆν
3393 3538 3521 3599 τοὺς
3565 3552 3697 3605 καρ-

2109 3631 2268 3695 ποὺς,
2293 3631 2391 3702 τὴν
2425 3630 2705 3683 θάλασσαν
2743 3630 2896 3701 ἰχθῦς
2958 3631 3054 3683 καὶ
3117 3630 3215 3694 τὰς
3252 3630 3526 3701 ἐμπορίας
3557 3646 3572 3659 ο
3607 3629 3699 3681 καὶ

2108 3722 2339 3776 ἕκαστον
2369 3720 2478 3774 τῶν
2513 3724 2854 3793 κτισμάτων,
2887 3722 2985 3794 τὴν
3024 3721 3083 3788 ἐξ
3120 3721 3334 3774 ἑαυτῶν
3380 3722 3575 3792 χρείαν
3604 3723 3699 3778 καὶ

2107 3813 2379 3883 ὠφέλειαν
2444 3816 2559 3878 τοῖς
2629 3814 2964 3884 ἀνθρώποις.
3019 3813 3239 3885 Ταύτην
3293 3816 3619 3886 ὲπιγυμνῶν
3672 3816 3701 3868 6

2121 3905 2449 3970 Ἀπόστολος
2476 3906 2574 3976 τὴν
2603 3906 2816 3959 ἔννοιαν
2847 3906 3047 3976 φάσκει
3072 3923 3087 3937 °
3118 3927 3137 3960 ι
3181 3907 3245 3962 Ἦ
3272 3908 3382 3980 γὰρ
3413 3909 3698 3980 ἀποκαρα-

2107 3996 2261 4050 δοκία
2317 3998 2418 4069 τῆς
2456 3997 2690 4061 κτίσεως
2730 3998 2830 4067 τὴν
2862 3998 3210 4069 ἀποκάλυψιν
3257 4001 3368 4054 τῶν
3424 3999 3558 4053 υἱῶν
3606 4000 3702 4053 τοῦ

2108 4090 2243 4145 Θεοῦ
2272 4091 2660 4162 ἀπεκδέχεται*
2694 4093 2759 4163 τῇ
2789 4090 2901 4162 γὰρ
2943 4091 3271 4162 ματαιότητι
3303 4093 3337 4162 ἡ
3371 4094 3548 4157 κτίσις
3602 4095 3699 4145 ὑπ-

2108 4183 2279 4256 ετάγη
2297 4184 2395 4255 οὑχ
2420 4184 2642 4250 ἑκοῦσα,
2660 4185 2796 4239 ἀλλά
2816 4186 2903 4240 διὰ
2925 4184 3017 4238 τὸν
3035 4185 3379 4251 ὑποτάξαντα
3401 4188 3487 4239 ἐπ’
3504 4186 3699 4239 ἑλπίδι.

2107 4276 2189 4331 ὅτι
2214 4277 2306 4331 καὶ
2336 4275 2477 4346 αὑτὴ
2502 4277 2537 4348 η
2572 4276 2753 4341 κτίσις
2789 4275 3289 4348 ἐλευθερωθήσεται
3320 4278 3430 4331 ἀπὸ
3456 4280 3558 4350 τῆς
3578 4277 3698 4330 δου-

2106 4373 2254 4435 λείαις
2288 4372 2386 4443 τῆς
2418 4370 2626 4442 φθορᾶς
2654 4372 2735 4433 είς
2772 4371 2870 4442 τὴν
2901 4369 3220 4441 ἐλευθερίαν
3250 4369 3351 4439 τῆς
3400 4369 3561 4440 δόξης
3590 4369 3701 4422 τῶν

420 4469 542 4509 rum
572 4451 666 4507 Dei
692 4454 735 4508 ⁸.
771 4471 793 4505 ι
818 4451 933 4509 Hoc
960 4456 1143 4525 itaque
1167 4456 1326 4513 dico:
1354 4457 1649 4528 Postquam
1680 4459 1815 4515 vidit
1850 4460 1995 4516 Deus

2105 4464 2311 4515 τέκνων
2340 4462 2433 4516 τοῦ
2460 4461 2593 4515 Θεοῦ
2612 4478 2625 4491 ·
2660 4481 2681 4514 ι
2712 4456 2822 4515 οἷον
2845 4477 2897 4513 τι
2924 4459 3070 4529 λέγω
3089 4477 3103 4492 ο
3138 4460 3224 4524 Ὠς
3252 4456 3391 4513 εἶδεν
3411 4460 3440 4511 6
3460 4458 3595 4522 Θεὸς
3613 4459 3698 4511 τὸν

425 4549 706 4603 hominem
743 4548 983 4619 lapsum,
1034 4558 1351 4605 creaturam
1380 4566 1510 4606 vero
1539 4552 1826 4607 servitium
1856 4553 2009 4623 lapso

428 4645 819 4713 denegantem,
851 4644 1195 4713 compescuit
1232 4644 1382 4700 illam
1408 4645 1573 4699 etiam
1607 4644 1857 4711 invitam,
1889 4661 2008 4703 ser-

421 4734 647 4803 vireque
707 4748 828 4788 eam
880 4733 1090 4804 jussit,
1150 4734 1293 4790 sicut
1345 4735 1499 4801 olim,
1556 4736 1777 4805 quando
1824 4736 2008 4803 homo,

424 4828 711 4898 praiceptis
740 4825 995 4892 audiens,
1024 4828 1236 4900 regiam
1274 4829 1800 4901 imperatoriamque
1833 4831 2011 4903 digni-

426 4930 592 4975 tatem
624 4929 831 4974 sartam
863 4930 1174 4991 lectamque
1207 4922 1484 4978 servabat.
1514 4921 1832 4978 Creaturan‘i
1865 4924 2009 4979 enim

423 5012 659 5083 pudebat
690 5026 837 5077 eum,
883 5012 977 5082 qui
1007 5014 1164 5083 lapsu
1194 5014 1470 5084 captivum
1521 5029 1582 5071 se
1625 5014 1849 5082 fecerat,
1901 5014 2012 5071 Do-

422 5105 635 5160 minum
694 5119 1035 5174 agnoscere,
1089 5106 1249 5176 eique
1306 5106 1537 5173 servire,
1590 5124 1752 5180 quem
1801 5110 2010 5180 peccati

424 5212 642 5253 servum
696 5195 899 5253 factum
931 5214 1053 5256 esse
1101 5198 1337 5256 videbat.
1389 5198 1654 5257 Conditor
1681 5210 1860 5258 autem
1893 5216 2004 5257 non

2113 4554 2402 4626 ἄνθρωπον
2446 4554 2776 4618 ἐκπεσόντα,
2832 4554 2930 4607 καὶ⁸
2962 4553 3065 4623 τὴν
3096 4552 3277 4607 κτίσιν
3325 4554 3700 4630 ἀνανεὺουσαν

2116 4646 2252 4718 πρὸς
2279 4645 2588 4717 ὑπηρεσίαν
2615 4645 2711 4699 τοῦ
2733 4646 3137 4718 ἡμαρτηκότος,
3175 4645 3511 4715 ὲχαλίνωσεν
3534 4645 3698 4713 αὑτὴν

2115 4742 2210 4794 καὶ
2232 4740 2309 4812 μὴ
2340 4740 2626 4805 Θέλουσαν,
2654 4739 2749 4792 καὶ⁸
2779 4738 3068 4792 ἐκέλευσεν
3090 4738 3385 4808 ὑπηρετεῖν
3415 4736 3696 4807 πρότερον,

2117 4832 2282 4903 ἡνίκα
2316 4832 2375 4885 τὸ
2405 4831 2684 4902 βασιλικὸν
2715 4828 2895 4900 ἐαυτῷ
2930 4830 3026 4882 κα)⁸
3075 4827 3306 4899 ἀρχικὸν
3345 4827 3446 4896 τὴν
3484 4824 3699 4894 ἐντολὴν

2117 4925 2404 4996 φυλάττων
2456 4922 2813 4987 συνδιέσωζεν
2835 4938 2851 4952 ·
2880 4921 3145 4993 ᾐσχύνετο
3177 4920 3285 5003 γὰρ
3316 4919 3349 4989 ἡ
3406 4919 3582 4982 κτίσις
3613 4919 3699 4970 τὸν

2121 5015 2469 5088 αἰχμάλωτον
2496 5017 2564 5087 τῇ
2585 5012 2900 5085 παραϐάσει
2930 5010 3138 5084 Κύριον
3156 5009 3585 5081 ἐπιγράφεσθαι,
3605 5008 3697 5062 καὶ

2117 5111 2476 5181 ἐξυπηρετεῖν
2519 5107 2691 5178 αὑτῷ,
2727 5105 2826 5174 τῆς
2860 5103 3138 5177 ἁμαρτίας
3165 5102 3330 5158 αὑτὸν
3365 5100 3556 5173 ὁρῶσα
3580 5101 3695 5155 δοῦο

2115 5202 2205 5257 λον
2234 5203 2525 5275 γενόμενον
2550 5218 2563 5230 ·
2602 5201 2715 5256 ἀλλ’
2766 5202 3052 5256 ἐκέλευσεν
3081 5203 3109 5254 6
3149 5201 3389 5270 Κτίστης
3422 5198 3497 5271 μὴ
3546 5198 3696 5267 ἐξαρ-

497 5352 699 5428 ξιυαη.
731 5355 953 5428 ειηῖιἸ,
983 5355 1084 5428 38;
1120 5356 1226 5413 lsa.
1254 5373 1371 5427 LIII,
1407 5358 1462 5414 1.
1538 5360 1558 5392 ²
1584 5356 1747 5416 lCor.
1779 5375 1819 5426 ι,
1853 5359 1942 5416 30.

2105 5376 2267 5417 erem.
2302 5376 2461 5424 mu,
2502 5362 2555 5417 5.
2630 5360 2652 5392 δ
2690 5360 2831 5419 Ρειιι.
2859 5378 3032 5427 sun,
3068 5362 3116 5415 7.
3192 5362 3214 5393 ⁵
3255 5360 3416 5417 Rom.
3459 5374 3580 5428 vui,
3608 5358 3690 5414 SI.

427 5422 451 5457 ⁶
483 5422 645 5481 Rom.
681 5442 798 5495 vui,
835 5425 937 5493 l9,
986 5422 1077 5482 20.

1908 5584 2139 5644 NOTAE.

496 5737 610 5809 (78)
638 5737 799 5795 Colb.
834 5754 933 5810 pro
958 5740 1099 5797 υἱοῦ.

2192 5745 2305 5817 (ιθ)
2335 5746 2413 5817 μή
2450 5744 2633 5802 addidi
2653 5760 2719 5802 ex
2742 5745 2896 5802 Coib.
