3908 6214
204 289 275 352 ’84
286 289 301 350 l

1152 289 1252 349 AD
1282 271 1876 348 AMPHILOCHIUM
1909 283 2257 358 QU/ESTIO
2296 282 2489 344 CLXI.

3370 274 3476 338 842

206 401 408 456 νεῖσθαι
436 401 528 455 τὸν
552 401 897 473 παραϐάτην,
934 399 1051 454 ἀλλ’
1075 401 1449 455 ἐπιδεικνύναι
1475 399 1569 454 τοῦ
1597 395 1781 452 κοινοῦ

1912 395 2162 466 ibnegare
2205 395 2340 465 legis
2365 395 2717 454 violatorem,
2751 392 2844 447 sed
2879 391 3062 462 potius
3091 390 3462 461 locupletissi-

208 493 472 548 Δεσπότου
501 493 600 563 τὴν
628 493 859 562 ἄφθονον
890 492 1070 564 χάριν,
1099 494 1192 546 καὶ
1224 494 1287 545 τὸ
1328 491 1428 563 τῆς
1463 489 1786 564 εὐεργεσίας

209 586 564 658 ἀμετάθετον·
599 585 1070 654 ἐπαγγειλάμενος
1093 585 1189 639 καλ⁸
1221 587 1286 657 τῇ
1331 585 1530 650 κτίσει,
1591 585 1786 654 ὅτιπερ

209 673 692 746 ἀνακαινιζομένου
722 676 818 728 καὶ
849 673 1313 746 ἐλευθερουμένου
1342 673 1436 727 τοῦ
1471 673 1775 744 φθαρέντος

211 768 302 821 καὶ
345 766 878 838 αἰχμαλωτισθέντος
930 765 1224 836 ἀνθρώπου
1270 766 1788 836 άνακαινισθήσεται

212 859 305 913 καὶ
331 859 489 928 αὐτή·
521 855 723 912 ὡσανεὶ
752 859 960 927 ἔλεγεν·
995 857 1231 913 Ἔπεσεν
1262 860 1294 930 ή
1324 857 1510 923 εἰκὼν,
1544 860 1637 913 καὶ
1659 857 1791 911 ώλί-

213 952 409 1022 σθησεν
453 950 542 1006 διὰ
581 951 679 1022 τὴν
735 951 1073 1024 παράϐασιν,
1111 952 1208 1007 καὶ
1249 952 1534 1023 φθείρεται
1566 951 1653 1006 διὰ
1689 951 1790 1024 τὴν

212 1044 538 1115 παρακοήνο
592 1043 829 1115 ἀνάσχου
888 1043 1174 1099 δουλεῦσαι
1220 1047 1288 1116 τῇ
1344 1043 1440 1099 τοῦ
1491 1043 1792 1116 φθαρέντος

213 1134 406 1205 φθορᾷ,
448 1135 535 1188 ἵνα
565 1135 694 1190 ὅταν
724 1135 888 1189 αὐτὸν
914 1135 1249 1202 άνακαινίζω
1276 1135 1375 1208 τὴν
1403 1137 1544 1208 ἐμὴν
1582 1136 1790 1202 εἰκόνα,

211 1223 300 1278 τδν
330 1224 604 1296 φθαρέντα
643 1225 951 1300 ἄνθρωπον,
986 1229 1083 1282 σὺν
1125 1226 1276 1300 αὐτῷ
1313 1228 1410 1281 καὶ
1449 1227 1507 1281 σέ
1533 1227 1632 1300 τὴν
1675 1229 1794 1282 κτί-

215 1335 299 1371 σιν
353 1319 709 1387 ἀνακαινίσω,
775 1321 870 1374 καὶ
924 1321 1218 1394 σύνθρονον
1267 1322 1434 1378 αὐτοῦ
1489 1322 1590 1392 τῆς
1639 1320 1797 1393 δόξης

215 1412 466 1480 ποιήσω·
523 1412 1018 1485 συγκατεσπᾶσθης
1075 1413 1245 1469 αὐτοῦ
1301 1418 1368 1487 τῇ
1425 1414 1794 1487 ταλαιπωρίᾳ,

215 1505 598 1575 συναναστήσῃ
624 1509 687 1576 τῇ
719 1505 865 1578 δόξῃ.
898 1507 963 1562 Τί
998 1507 1055 1562 δέ
1083 1508 1200 1563 ἐστι
1241 1509 1305 1563 τὸ
1330 1509 1430 1580 τὴν
1456 1507 1634 1563 κτίσιν
1662 1506 1798 1579 φεύ-

214 1610 334 1660 τειν
355 1595 454 1663 τὴν
485 1594 579 1648 τοῦ
610 1595 900 1666 ἀνθρώπου
920 1597 1282 1667 δεσποτείαν;
1311 1599 1473 1668 Λέγει
1497 1598 1628 1669 γὰρ,
1666 1616 1685 1649 ι
1718 1600 1797 1670 Τῇ

219 1683 894 1756 ματαιότητιήκτίσιςούχ
919 1687 1167 1758 ὑπετάγη
1189 1731 1204 1745 .
1233 1707 1252 1739 ι
1281 1688 1416 1759 ἰῐοίᾳ
1444 1687 1786 1759 ματαιότητις

1892 501 2036 540 mam
2073 485 2385 541 communis
2408 482 2622 540 Domini
2651 483 2909 554 gratiam,
2943 482 3478 553 bcnelicentiamque

1892 577 2289 641 immutabilem
2349 575 2734 630 demonstrare
2768 572 2918 628 illam
2965 571 3233 642 jubebat;
3296 572 3472 626 eidem

1891 679 2156 725 creaturae
2183 667 2482 740 pollicitus,
2533 666 2650 722 fore
2691 675 2768 732 ut,
2827 664 2920 719 ubi
2957 665 3120 719 homo
3152 664 3394 734 perditus
3424 673 3478 718 et

1892 766 2141 836 captivus
2171 771 2485 828 renovatus,
2543 770 2598 818 et
2629 760 2684 816 in
2714 761 2992 831 integrum
3024 759 3316 813 restitutus
3361 758 3477 812 fue-

1892 857 1986 924 rit,
2022 857 2138 928 ipsa
2167 871 2389 925 quoque
2428 864 2754 920 renovetur;
2803 852 2960 923 quasi
2989 851 3196 907 diceret
3230 869 3244 905 :
3280 849 3479 906 cecidit

1895 947 2096 1019 imago,
2134 959 2186 1005 et
2223 957 2448 1019 peccato
2498 962 2602 1002 suo
2651 944 2872 1008 defecit,
2925 958 3132 1014 perque
3161 941 3478 998 inobedien-

1896 1042 2026 1096 tiam
2059 1057 2215 1096 suam
2252 1040 2516 1110 perditur.
2581 1040 2808 1094 Sustine
2836 1027 3020 1107 itaque
3047 1036 3254 1092 servire
3280 1034 3477 1106 perditi

1898 1131 2046 1187 illius
2102 1131 2480 1202 corruptioni,
2553 1138 2634 1194 nt,
2663 1127 2887 1200 quando
2935 1127 3230 1199 imaginem
3277 1143 3477 1192 meam,

1899 1224 2178 1280 hominem
2211 1223 2366 1278 illum
2399 1223 2697 1294 perditum,
2733 1235 3099 1284 renovavero,
3128 1228 3183 1276 et
3224 1229 3295 1284 te,
3329 1235 3483 1274 crea-

1900 1327 2104 1382 turam,
2138 1332 2247 1371 una
2317 1331 2441 1376 cum
2495 1315 2616 1385 ipso
2668 1327 2950 1376 renovem,
3010 1313 3307 1386 glorizeque
3363 1312 3484 1382 ejus

1906 1416 2218 1463 consortem
2254 1405 2525 1462 elliciam-
2559 1403 2643 1460 Tu
2675 1403 2923 1475 quidem,
2977 1420 3098 1472 quae
3125 1419 3222 1474 per
3253 1403 3483 1459 calamiv

1903 1509 2070 1556 tatem
2101 1499 2223 1570 ejus
2257 1498 2424 1555 simul
2452 1497 2715 1568 depressa
2745 1512 2827 1561 es,
2883 1496 3069 1566 gloriae
3117 1511 3338 1566 quoque
3365 1493 3486 1564 ejus

1906 1593 2176 1664 particeps
2215 1607 2490 1665 resurges.
2515 1591 2660 1659 Quid
2688 1606 2822 1646 vero
2855 1589 2992 1660 illud
3018 1589 3120 1646 sibi
3151 1589 3284 1656 vult,
3341 1588 3490 1660 quod

1913 1693 2167 1742 creatura
2198 1684 2437 1740 hominis
2465 1683 2773 1739 dominium
2806 1682 3090 1751 refugiat?
3118 1681 3210 1736 Ait
3236 1681 3486 1738 scilicet:

228 1775 346 1843 Ἀφ’
365 1769 428 1828 οὗ
459 1775 524 1829 ἂν
553 1776 800 1849 ἐκτραπῇ
827 1780 854 1831 ὁ
882 1778 1168 1852 ἄνθρωπος
1194 1779 1288 1833 τοῦ
1312 1779 1469 1846 Θεοῦ,
1497 1779 1798 1852 ματαιότης

1913 1796 1932 1829 ι
1965 1776 2228 1831 Creatura
2258 1775 2486 1830 vanitati
2517 1791 2624 1830 non
2654 1784 2740 1832 est
2757 1774 3029 1845 subjecta.
3065 1794 3084 1828 ι
3139 1775 3238 1830 Cui
3271 1775 3488 1830 vanita-

216 1863 485 1920 καλεῖται.
544 1867 810 1921 Ἄκουσον
859 1869 1153 1939 ψάλλοντος
1201 1870 1366 1925 Δαϐίδ
1393 1889 1406 1903 ·
1449 1891 1468 1922 ‹
1527 1870 1674 1943 Πλὴν
1729 1872 1801 1925 τά

217 1956 510 2024 σύμπαντα
571 1958 870 2031 ματαιότης
926 1961 1036 2024 πᾶς
1085 1960 1376 2034 ἄνθρωπος
1429 1961 1559 2027 ζῶν.
1616 1981 1635 2015 ι
1688 1963 1803 2027 Πᾶς

215 2045 507 2118 ἄνθρωπος
537 2049 764 2119 μάταιός
792 2051 965 2116 ἐστιν,
995 2053 1024 2106 6
1069 2051 1159 2106 τὸν
1199 2053 1332 2106 Θεὸν
1373 2054 1804 2126 καταλιμπάνων

217 2139 314 2192 καὶ
343 2139 410 2193 τά
447 2140 652 2210 μάταια
686 2142 1070 2212 μεταδιώκων·
1109 2143 1339 2216 ἔστησεν
1385 2147 1412 2199 6
1462 2145 1592 2210 Θεὸς
1625 2146 1801 2216 ἀγγέ-

214 2229 342 2295 λους
375 2231 517 2286 κατὰ
539 2235 605 2287 τὰ
636 2234 878 2304 κλίματα
917 2235 1030 2307 (80)
1063 2238 1160 2306 τῆς
1184 2237 1519 2309 οἰκουμένης
1551 2238 1648 2292 ἐνα
1673 2238 1804 2292 ’ἐκα-

217 2335 346 2373 στον
375 2323 778 2395 ἐπιτροπεύειν,
812 2325 888 2388 ῶς
934 2325 1026 2380 καὶ
1068 2327 1276 2399 Μωσῆς
1322 2327 1472 2398 λέγει
1513 2328 1646 2400 (81),
1690 2328 1809 2392 ἐνὸς

1903 1870 1990 1925 ti?
2018 1868 2440 1939 Quamprimum
2485 1867 2652 1922 homo
2701 1884 2732 1923 a
2769 1867 2880 1923 Deo
2907 1883 2968 1924 se
2996 1867 3219 1932 avertit,
3273 1867 3489 1922 vanitas

1905 1974 2149 2019 vocatur.
2199 1962 2336 2017 Audi
2371 1961 2630 2017 Davidem
2681 1969 3008 2018 canentem:
3077 1980 3097 2013 ι
3165 1960 3271 2016 Sed
3305 1961 3491 2019 omnia

1904 2056 2140 2120 vanitas,
2177 2053 2359 2109 omnis
2414 2053 2579 2108 homo
2612 2053 2800 2108 vivens
2833 2052 2905 2107 ⁷.»
2965 2050 3156 2107 Omnis
3185 2052 3348 2107 homo
3398 2066 3495 2105 va-

1907 2162 2012 2203 nus
2066 2154 2171 2212 est,
2232 2145 2328 2216 qui
2373 2144 2541 2201 Deum
2586 2143 2811 2210 deserit,
2862 2152 2916 2198 et
2975 2157 3115 2199 vana
3149 2150 3494 2198 consectans.

1911 2239 2054 2294 Deus
2082 2236 2308 2308 angelos
2341 2250 2435 2306 per
2464 2234 2646 2290 varias
2691 2232 2842 2290 orbis
2872 2241 3054 2304 partes
3083 2231 3378 2302 disposuit,
3436 2237 3499 2285 nt

1911 2329 2110 2402 singuli
2141 2343 2356 2394 eorum,
2380 2329 2528 2400 quod
2559 2336 2615 2384 et
2648 2325 2828 2383 Moses
2855 2327 2953 2388 ait,
2984 2327 3217 2396 singulis
3245 2325 3499 2396 gentibus

215 2413 453 2467 ἑκάστου
487 2413 704 2480 ἔθνους·
736 2416 932 2488 ἔστησε
983 2418 1060 2484 δὲ,
1108 2419 1198 2473 ἵνα
1244 2419 1345 2491 τὴν
1392 2419 1600 2492 ἄψυχον
1629 2420 1807 2475 κτίσιν

1912 2421 2150 2494 przcsint.
2190 2419 2491 2477 Constituit
2522 2435 2652 2477 vero
2681 2420 2829 2484 ideo,
2887 2428 2948 2475 ut
2972 2429 3284 2474 creaturam
3322 2418 3501 2473 inani-

214 2503 620 2573 χαλινῶσωσιν,
643 2506 820 2579 ἥλιον,
851 2510 944 2563 καὶ
973 2509 1224 2581 σελήνην,
1252 2510 1346 2564 καὶ
1384 2508 1683 2575 θάλασσαν,
1716 2511 1807 2565 καὶ

1915 2524 2114 2568 malam
2163 2520 2476 2577 coerceant,
2529 2511 2724 2577 solem,
2765 2521 2828 2566 et
2858 2509 3072 2574 lunam,
3134 2518 3189 2565 et
3221 2523 3394 2575 mare,
3447 2515 3503 2563 et

215 2594 350 2663 γῆν,
387 2595 480 2649 καὶ
509 2597 578 2650 τὰ
609 2599 668 2649 ἐν
697 2598 880 2663 αὐτοῖς
917 2600 1214 2672 ὑπηρετεῖν
1258 2603 1325 2672 τῇ
1371 2601 1468 2654 τοῦ
1519 2600 1807 2672 ἀνθρώπου

1914 2616 2138 2674 terram,
2161 2616 2221 2661 ιιι
2240 2621 2363 2682 qua:
2389 2606 2443 2660 in
2471 2605 2580 2661 illis
2609 2614 2758 2669 sunt,
2788 2603 3074 2659 hominum
3102 2601 3297 2658 usibus
3326 2601 3502 2656 inser-

217 2685 547 2744 ἀπολαύσει.
580 2688 751 2743 Πάλιν
782 2692 830 2744 οι
859 2690 1082 2761 ἄγγελοι
1108 2691 1399 2764 ἐτρύχοντο
1422 2693 1807 2766 ὑπηρετούμε-

1915 2699 2085 2752 viant.
2137 2697 2220 2752 Ab
2247 2698 2416 2753 altera
2448 2705 2602 2768 parte
2627 2696 2887 2751 dolebant
2920 2694 3124 2765 angeli,
3183 2693 3505 2749 hominibus

219 2795 308 2831 νοι
334 2780 578 2847 ἀναξίοις
610 2785 707 2835 καὶ
740 2783 898 2854 δίκης
945 2785 1151 2856 ἐνόχοις
1197 2783 1541 2857 ἀνθρώποις·
1572 2786 1669 2840 καὶ
1707 2786 1807 2858 μά-

1918 2791 2158 2862 indignis
2205 2805 2489 2862 ptenteqne
2541 2788 2800 2848 obnoxiis
2855 2788 3191 2854 servientes,
3229 2786 3284 2842 in
3311 2785 3506 2858 primis

220 2871 387 2924 λιστα
442 2872 679 2943 ὁρῶντες
735 2875 934 2941 αὐτοὺς
980 2876 1077 2949 τὴν
1133 2877 1469 2950 Δεσποτικὴν
1515 2876 1672 2944 ἀξίαν
1703 2882 1807 2942 τοῖς

1918 2899 2043 2938 cum
2073 2882 2340 2944 viderent,
2394 2895 2488 2938 eos
2538 2879 2755 2936 Domini
2807 2878 3127 2952 dignitatem
3181 2877 3508 2947 cultumque

223 2962 469 3028 εἰδώλοις
503 2966 846 3034 ἀνάπτοντας
885 2969 980 3022 καὶ
1019 2971 1374 3043 ἀνιεροῦντας
1402 2989 1414 3001 ·
1441 2971 1639 3044 ἔφερεν
1683 2973 1718 3042 ἠ
1744 2971 1807 3042 γῆ

1920 2975 1975 3031 in
2013 2974 2156 3030 idola
2209 2971 2509 3029 transferre
2568 2980 2624 3028 et
2677 2983 3017 3044 convertere.
3078 2969 3247 3026 Terra
3297 2968 3512 3024 ferebat

224 3055 324 3108 τὸν
354 3051 522 3121 οἷκον,
547 3058 644 3114 καὶ
665 3061 714 3114 oi
743 3060 921 3130 βωμοὶ
967 3061 1064 3124 τὰς
1104 3041 1338 3127 σπονδάς
1371 3041 1617 3134 ἐδέχοντο
1639 3081 1656 3097 ο
1692 3041 1807 3128 τοὺς

1922 3065 2132 3130 vinum,
2164 3064 2360 3119 altaria
2391 3077 2520 3118 vero
2565 3062 2913 3118 deastrorum
2956 3041 3221 3116 libamina
3274 3061 3512 3131 excipie-

226 3146 426 3212 ἄλλους
484 3122 863 3221 καρποὺς-καὶ
904 3154 1017 3219 τοῖς
1047 3122 1298 3219 εἰδώλοις
1319 3122 1634 3210 άνετίθεντο
1658 3173 1674 3188 ·
1726 3122 1807 3212 διά

1923 3161 2086 3217 bant:
2124 3158 2269 3213 sicut
2294 3167 2349 3213 et
2375 3157 2516 3212 alios
2547 3154 2762 3211 fructus
2795 3153 2958 3210 idolis
2987 3167 3176 3210 sacros
3201 3168 3323 3210 esse
3344 3151 3510 3224 jube-

227 3241 394 3293 τοῦτο
444 3241 778 3314 ἐδυσφόρουν
821 3245 868 3297 οἱ
903 3244 1128 3314 ἄγγελοι
1159 3247 1228 3299 τά
1262 3247 1337 3317 μὴ
1398 3247 1526 3302 ὄντα
1580 3247 1818 3320 ὁρῶντες

231 3331 362 3386 ἀντὶ
397 3331 491 3385 τοῦ
527 3334 681 3395 ὄντος
709 3333 998 3406 τιμώμενα
1018 3352 1032 3366 ’
1076 3337 1329 3392 ἐντεῦθεν
1381 3337 1605 3408 λέγεται
1636 3341 1730 3393 καλ⁵
1761 3341 1822 3394 τὸ

232 3423 424 3494 ἕτερον
450 3423 671 3496 ζήτημα
699 3425 760 3478 τὸ
813 3428 892 3490 εἰς
922 3427 1016 3481 τὸν
1065 3429 1356 3499 προφήτην
1388 3429 1820 3502 ἀναφερόμενον.

243 3533 264 3564 ι
303 3509 513 3567 Ἦλθεν
560 3515 698 3588 πρὸς
735 3516 920 3582 αὐτὸν,
970 3518 1158 3588 φησὶν,
1218 3519 1246 3572 6
1298 3520 1532 3588 ἄγγελος
1557 3520 1823 3592 Γαϐριὴλ,

237 3607 340 3660 καὶ
364 3606 513 3676 λέγει
545 3607 694 3680 αύτῷ
716 3625 731 3641 ο
761 3609 983 3681 Δανιὴλ,
1023 3613 1054 3664 6
1097 3611 1284 3675 δοῦλος
1313 3612 1409 3666 τοῦ
1433 3612 1594 3679 θεοῦ,
1629 3615 1724 3685 ἀφ’
1756 3612 1826 3688 ἧς

235 3698 458 3769 ἡμέρας
486 3698 718 3770 προέθου
760 3700 1014 3754 κακῶσαι
1041 3700 1140 3772 τὴν
1163 3702 1343 3774 ψυχήν
1371 3721 1466 3757 σου
1504 3703 1684 3759 ἔναντι
1711 3707 1826 3761 Κυ-

240 3789 387 3862 ρίου,
418 3789 800 3863 είο-ηκούσθηή
822 3791 1008 3862 δέησίς
1031 3809 1148 3860 σου,
1180 3796 1274 3848 καὶ
1303 3794 1618 3868 ἀπεστάλην
1642 3800 1828 3868 ἀπαγ-

239 3883 424 3952 γεῖλαί
452 3900 534 3937 σοι
572 3883 642 3938 τὰ
679 3885 902 3956 ῥήματα
926 3883 1134 3940 ταῦτα·
1167 3887 1286 3940 ἀλλ’
1319 3889 1348 3941 6
1375 3888 1561 3959 ἄρχων
1592 3889 1694 3960 τῆς
1726 3891 1825 3961 βα-

242 3976 452 4041 σιλείας
480 3978 707 4049 Περσῶν
727 3978 962 4049 ἀντέστη
993 3996 1106 4048 μοι,
1128 3979 1178 4032 εί
1214 3980 1288 4052 μὴ
1321 3981 1563 4054 Μιχαὴλ,
1594 3984 1623 4036 6
1645 3983 1831 4055 ἄρχων

239 4067 342 4122 τοῦ
373 4068 558 4133 ἔθνους
585 4070 762 4142 ὑμῶν,
789 4067 955 4142 ἦλθεν
977 4073 1057 4136 είς
1085 4072 1363 4144 βοήθειαν.
1400 4091 1420 4125 ι
1473 4074 1832 4147 ’Δπορήσειεν

243 4161 360 4233 γὰρ
394 4163 460 4218 ἄν
491 4180 594 4227 τις,
619 4165 669 4216 εί
699 4167 726 4218 6
755 4164 856 4234 τῆς
886 4165 1148 4237 Περσίδος
1177 4165 1556 4236 ἐπιτροπεύων
1598 4167 1832 4238 ἄγγελος

243 4255 401 4326 παρὰ
421 4256 555 4309 Θεοῦ
583 4257 971 4329 ἐπιτροπεύειν
998 4258 1283 4322 τέτακται,
1315 4258 1580 4324 ὡσαύτως
1605 4260 1663 4315 δέ
1694 4263 1832 4316 καὶὸ

242 4349 513 4422 Γαϐριὴλ,
543 4352 893 4420 άνακομίσων
917 4351 1028 4424 (82)
1056 4351 1145 4405 τὸν
1177 4351 1397 4423 Ἰσραὴλ
1423 4353 1524 4424 τῆς
1547 4354 1832 4425 αἰχμαλωο

1921 3247 2258 3321 bant.A§gre
2287 3248 2471 3319 itaque
2491 3246 2738 3304 ferebant
2763 3245 2967 3316 angeli,
2997 3260 3061 3301 ea
3083 3260 3206 3316 qua:
3225 3259 3333 3300 non
3361 3255 3511 3308 sunt,

1924 3360 2024 3416 pro
2051 3358 2138 3410 eo,
2171 3343 2267 3414 qui
2299 3349 2402 3408 est,
2462 3340 2568 3396 coli
2606 3338 2874 3395 videntes.
2925 3337 3066 3394 Hinc
3091 3336 3424 3409 intelligitur
3459 3346 3515 3392 et

1925 3439 2158 3493 alterum
2187 3433 2322 3490 illud
2348 3434 2662 3506 qumsitum,
2709 3432 2856 3502 quod
2913 3431 2980 3486 ad
3013 3430 3336 3502 prophetam
3390 3443 3516 3498 spe—

1927 3531 2084 3579 ctat:
2123 3541 2142 3574 ι
2184 3521 2348 3578 Venit
2405 3521 2474 3577 ad
2509 3521 2685 3584 illum,
2743 3519 2945 3590 inquit,
3005 3520 3237 3590 angelus
3268 3517 3512 3581 Gabriel,

1928 3617 2172 3686 dicitque
2201 3614 2316 3670 illi:
2355 3613 2566 3680 Daniel,
2598 3627 2758 3668 serve
2780 3611 2896 3677 Dei,
2929 3627 2996 3668 ex
3019 3627 3130 3682 quo
3159 3611 3249 3666 die
3271 3610 3514 3665 animam

1930 3719 2083 3765 tuam
2117 3723 2308 3764 coram
2369 3707 2602 3764 Domino
2672 3704 2916 3776 allligere
2963 3704 3230 3770 statuisti,
3260 3702 3519 3758 exaudita

1931 3813 2013 3860 est
2048 3803 2293 3875 precatio
2319 3810 2434 3868 tua,
2466 3815 2682 3871 egoque
2715 3799 2924 3856 missus
2952 3813 3100 3862 sum,
3128 3807 3189 3852 ut
3219 3796 3321 3853 tibi
3351 3795 3520 3852 verba

1933 3897 2050 3952 haec
2106 3893 2437 3950 renuntiem.
2503 3892 2610 3948 Sed
2672 3906 2841 3962 regno
2894 3891 3188 3948 Persarum
3225 3891 3520 3960 praefectus

1932 3988 2226 4046 restitisset
2275 3987 2438 4052 mihi,
2495 3987 2600 4042 nisi
2656 3985 2913 4052 Michael,
2971 3987 3066 4057 qui
3119 3986 3268 4056 genti
3325 3993 3523 4041 vestrae

1934 4090 2155 4152 praeest,
2187 4079 2394 4136 auxilio
2423 4079 2667 4135 venisset
2689 4079 2766 4135 “.i
2796 4077 2896 4133 llic
2919 4077 3252 4133 dubitaverit
3285 4076 3518 4148 aliquis.

1935 4173 2029 4242 qui
2063 4171 2178 4227 fieri
2206 4171 2464 4241 potuerit,
2521 4171 2566 4226 si
2606 4169 2856 4241 angelus,
2903 4167 3104 4224 Persia:
3147 4159 3525 4238 praefectus,a

1938 4265 2072 4332 Deo,
2108 4275 2168 4317 ut
2193 4263 2270 4318 illi
2315 4271 2595 4333 praeesset,
2639 4262 2992 4327 constitutus,
3026 4260 3390 4329 similiterque
3419 4256 3526 4312 Ga-

1938 4356 2075 4412 briel
2104 4357 2172 4412 ad
2206 4355 2466 4411 lsraelem
2517 4371 2583 4410 ex
2639 4353 2958 4424 captivitate
2984 4352 3356 4408 reducendum
3395 4350 3530 4405 ιιιὶεο

247 4445 376 4509 σίας
405 4445 556 4516 παρὰ
586 4445 722 4499 Θεοῦ
751 4445 1112 4512 ἀπέσταλται,
1151 4446 1270 4509 πῶς
1288 4447 1438 4519 αύτῷ
1467 4448 1576 4502 τῶν
1608 4450 1807 4522 Περσῶε

1941 4463 2035 4504 sus
2065 4446 2259 4514 fuerit,
2309 4455 2372 4502 ut
2419 4445 2500 4501 illi
2528 4443 2822 4500 Persarum
2866 4441 3163 4514 "praefectus
3199 4440 3531 4499 resisteret?

242 4541 275 4592 6
299 4539 485 4609 ἄρχων
517 4537 835 4606 άνθίστατος
885 4538 1084 4610 Λυθείη
1116 4538 1163 4591 δ’
1203 4538 1270 4594 ἂν
1298 4538 1360 4592 τὸ
1408 4540 1804 4616 διαπορούμενο

1945 4541 2238 4597 Enimvero
2287 4538 2468 4595 omnis
2501 4539 2618 4594 huic
2646 4536 2916 4594 dubitatio
2959 4536 3120 4592 facile
3167 4536 3248 4592 sic
3279 4535 3533 4600 expedie-

245 4627 352 4686 ὧδε
376 4649 391 4665 ο
431 4631 492 4696 'Q
529 4631 731 4701 κόσμος
761 4631 1212 4705 είδωλολατρείας
1241 4635 1622 4706 ἐπεπλήρωτο.
1667 4637 1732 4690 Oi
1776 4637 1806 4691 δ

1947 4645 2057 4692 tur.
2085 4633 2256 4690 Totus
2284 4632 2436 4688 orbis
2487 4630 2796 4688 idololatria
2849 4629 3131 4685 scatebat:
3167 4629 3344 4699 angeli
3381 4644 3528 4695 vero,

247 4724 495 4794 ἄγγελοι,
528 4725 579 4777 oi.
615 4723 922 4792 ἐφεστῶτες
956 4722 1064 4777 τῶν
1086 4724 1278 4792 ἐθνῶν,
1311 4726 1707 4797 ἠγανάκτησαν
1741 4745 1807 4782 κα

1912 4708 2200 4800 ἐειιιίιιιιε
2229 4722 2493 4795 praefecti,
2532 4721 2965 4793 indignabantur
2998 4730 3053 4777 et
3080 4737 3222 4792 aegre
3242 4737 3354 4775 rem
3385 4719 3532 4775 fcre-

248 4815 552 4868 ἐθλίϐοντοο
581 4814 929 4886 αἰχμάλωτος
958 4813 1014 4868 δέ
1040 4815 1241 4887 Δανιὴλ
1263 4816 1342 4878 είς
1371 4816 1670 4872 Βαϐυλῶνα
1696 4833 1807 4890 μετα

1944 4819 2097 4873 bant.
2133 4817 2348 4872 Interea
2387 4813 2599 4880 Daniel,
2638 4829 2764 4867 cum
2795 4812 3015 4868 civibus
3046 4813 3163 4867 suis
3202 4811 3531 4883 Babylonem

248 4908 364 4962 τῶν
387 4907 674 4993 ὁμοφύλων
710 4909 980 4981 ἀπαχθεὶς
1007 4910 1108 4980 τὴν
1137 4909 1468 4977 θεογνωσίαν
1494 4911 1799 4982 ἐκήρυττεν

1946 4911 2193 4982 captivus
2217 4909 2417 4964 ductus
2448 4906 2620 4961 divini
2655 4903 2911 4960 Numinis
2944 4905 3312 4976 cognitionem
3347 4904 3532 4960 instil.

249 4997 519 5059 ὡσαύτως
547 4992 642 5050 καὶ
672 4998 720 5050 οἱ
748 5001 894 5068 τρεῖς
926 4999 1132 5064 παῖδες,
1168 4997 1261 5062 οὓς
1294 5000 1354 5052 τὸ
1397 4999 1506 5070 πῦρ
1532 5000 1612 5064 είς
1643 4999 1806 5072 ἱλαρὰ

1949 5000 2111 5055 labat.
2146 4997 2289 5053 Idem
2319 4994 2594 5050 faciebant
2627 5001 2738 5048 tres
2771 4992 2950 5064 pueri,
2977 5009 3115 5064 quos
3144 4993 3305 5064 ignis,
3338 4992 3533 5048 urendi

253 5088 432 5160 αὔρας
471 5089 570 5160 τὴν
615 5089 919 5162 καυστικὴν
957 5091 1189 5162 δύναμιν
1233 5091 1477 5162 ἀμεῖψαν
1535 5091 1802 5164 άνέψυχεν

1947 5092 2263 5148 facultatem
2299 5104 2424 5145 cum
2451 5086 2704 5158 jucunda
2738 5101 2872 5141 aura
2915 5094 3259 5157 permutans,
3318 5100 3533 5142 recrea-

252 5180 339 5234 διὸ
363 5180 458 5234 καὶ
488 5181 717 5246 πολλοὺς
745 5181 842 5253 τῆς
888 5182 1173 5254 εἰδωλικῆς
1215 5185 1658 5256 μεταστήσαντες
1701 5185 1807 5239 πλὰ

1949 5185 2042 5241 bat
2072 5187 2112 5236 ν.
2151 5181 2262 5237 lloc
2293 5179 2436 5237 facto
2469 5179 2630 5235 iidem
2656 5177 2982 5247 effecerunt,
3015 5188 3074 5235 ut
3102 5179 3282 5246 multi,
3307 5178 3377 5235 ab
3411 5177 3533 5234 ido-

331 5360 356 5394 '
383 5359 530 5416 Psal.
577 5375 810 5428 xxxrtn,
839 5361 892 5418 5.
969 5363 990 5393 ⁸
1029 5362 1160 5417 Dan.
1195 5379 1250 5427 χ,
1309 5362 1374 5416 12
1424 5378 1559 5434 seqq
1657 5365 1676 5394 '
1713 5362 1804 5417 Dat

1912 5378 1989 5431 ιιι,
2026 5363 2094 5416 2ίὸ
2127 5377 2280 5432 seqq.

1817 5539 2045 5597 NOTAE.

333 5704 448 5771 (80)
480 5707 558 5758 ita
597 5705 780 5759 scribo
821 5721 916 5772 pro
939 5703 1214 5770 κλήματα.

2031 5702 2142 5776 (8:!)
2176 5703 2266 5760 Sic
2299 5700 2480 5759 scribo
2512 5715 2609 5771 pro
2639 5696 2979 5767 ἁνακομίσω.

337 5777 450 5850 (81)
477 5775 660 5834 Mosen
691 5775 742 5832 id
769 5771 987 5848 quidem
1019 5775 1202 5830 dicere
1243 5792 1350 5832 non
1384 5771 1628 5829 tuemini.
