3908 6214
422 341 527 406 843

1582 342 1845 405 ΡΗΟΤΙΙ
1881 345 2392 408 ΡΑΤΒΙΛῐὶΕῐΙίΕ
2421 346 2529 406 CP.

3594 341 3694 408 Si!

423 455 656 512 lolatria:
713 470 899 510 errore
929 456 1191 524 revocati,
1258 453 1429 511 Deum
1485 471 1676 511 verum
1740 458 2001 511 colerent.

2132 477 2205 528 ἠς
2236 459 2506 512 θεοσεϐεῖν
2538 457 2983 530 παρεσκεύασαν.
3031 457 3088 513 '0
3116 452 3211 513 οὖν
3256 457 3359 529 τῆς
3394 457 3575 531 ἀρχῆς
3594 460 3697 513 τῶν

424 548 610 603 Persis
666 548 851 617 itaque
911 546 1202 617 praefectus
1251 547 1479 617 angelus
1537 546 1830 614 gaudebat,
1878 562 2003 601 cum

429 643 639 696 videret
674 639 841 695 Deum
879 641 930 693 in
969 640 1219 710 partibus
1250 640 1363 693 suis
1419 639 1541 693 loco
1576 638 1843 691 idolorum
1876 638 2002 691 coli.

431 729 663 785 Videbat
736 730 825 783 ille
897 730 1493 783 Nahuchodonosorem
1548 743 1646 797 pro
1703 742 1810 793 eo,
1863 728 2009 796 quod

427 823 557 877 olim
610 822 715 877 diis
754 838 910 876 sacra
966 820 1143 874 facere
1190 820 1454 890 cogebat,
1524 832 1577 875 et
1630 820 2009 890 immorigeros

428 915 691 970 extremis
741 914 1021 983 suppliciis
1078 913 1421 981 subjiciebat,
1476 928 1623 966 nunc
1661 913 1881 966 tandem
1915 928 2004 967 ve-

430 1020 550 1056 rum
582 1003 749 1056 Deum
784 1003 1019 1055 maxime
1042 1001 1322 1055 celebrare
1352 1010 1405 1056 et
1430 1002 1613 1058 dicere
1641 1020 1653 1056 :
1691 1022 1709 1055 ι
1744 1002 2011 1067 Sedraeh,

432 1098 659 1163 Misach,
698 1097 1009 1167 Abdenago,
1040 1096 1180 1149 servi
1216 1095 1312 1150 Dei
1343 1097 1544 1151 excelsi
1575 1098 1658 1163 ¹⁰;
1688 1116 1705 1147 ι
1736 1105 1787 1151 ct
1809 1098 2009 1153 similia

430 1190 610 1258 plura.
652 1189 922 1255 Quoniam
965 1188 1151 1258 itaque
1198 1189 1358 1243 divus
1393 1189 1581 1243 Daniel
1620 1190 1785 1244 Deum
1820 1206 2012 1260 preca-

432 1283 615 1343 batur,
670 1290 730 1336 ut
790 1281 1224 1337 hebdomadibus
1295 1282 1404 1336 illis
1463 1283 1829 1353 septuaginta,
1893 1297 2015 1351 qua:

434 1375 737 1445 captivitati
772 1383 993 1430 statuta:
1031 1374 1357 1445 erant,jam
1388 1375 1811 1442 consummatis,
1839 1374 2015 1430 Israe-

434 1469 557 1523 litas
607 1484 670 1523 ex
703 1483 925 1523 carcere
963 1468 1254 1536 educeret;
1304 1467 1612 1523 et-Gabriel
1646 1478 1913 1538 praeterea
1948 1469 2015 1522 ad

433 1558 769 1615 aﬂ‘erendum
800 1559 877 1613 illi
908 1560 1182 1628 nuntium,
1234 1561 1437 1615 missus
1476 1571 1613 1625 erat,
1669 1561 1889 1617 Persico
1918 1563 2018 1617 im-

435 1653 586 1723 perio
618 1652 907 1723 praefectus
933 1652 1171 1707 Gabrieli
1205 1654 1425 1722 restitit,
1453 1655 1812 1710 contristatus
1838 1672 1902 1711 ex
1929 1672 2016 1724 eo,

435 1745 582 1813 quod
612 1754 776 1809 terra,
811 1744 899 1799 cui
932 1752 1180 1814 praeerat,
1243 1744 1294 1797 in
1340 1745 1625 1814 pristinam
1666 1745 1999 1815 impietatem

2111 550 2338 621 Περσῶν
2384 549 2704 618 ἐφεστηκὼς
2736 548 2968 621 ἄγγελος
3012 549 3253 620 ἔχαιρεν,
3310 550 3455 621 ὁρῶν
3492 552 3553 603 ἐν
3586 554 3696 614 τοῖς

2112 640 2276 693 αὐτοῦ
2305 640 2493 711 μέρεσι
2522 641 2610 692 τὸν
2639 639 2771 692 Θεὸν
2802 641 2922 692 ἀντί
2948 639 3056 692 τῶν
3087 639 3328 694 εἰδώλων
3361 640 3696 709 λατρεώμε-

2111 750 2219 785 νον.
2255 733 2358 785 Τὸν
2398 731 2875 802 Ναϐουχοδονόσορ
2930 730 3077 802 ἐώρα
3112 732 3235 785 ἀντὶ
3283 732 3379 785 τοῦ
3417 750 3694 800 καταναγ-

2114 825 2300 889 κάζειν
2332 822 2482 876 θύειν
2532 822 2792 885 εἰδώλοις,
2836 824 2931 878 καὶ
2962 823 3219 891 ἐσχάταις
3247 824 3371 885 τοὺς
3407 822 3483 891 μὴ
3518 822 3697 873 πειθοο

2116 917 2312 988 μένους
2346 914 2667 970 ὑποϐάλλειν
2696 915 3007 987 τιμωρίαις,
3040 915 3308 986 λαμπρῶς
3347 913 3701 978 θεολογοῦντα

2115 1009 2209 1063 καὶ
2245 1008 2489 1077 λέγοντα,
2524 1026 2543 1059 ι
2588 1007 2813 1079 Σεδράχ,
2844 1007 3053 1072 Μισάκ,
3100 1006 3463 1073 ’Λϐδενναγὼ,
3499 1007 3549 1057 οί
3579 1006 3700 1057 δοῦ-

2114 1099 2196 1154 λοι
2257 1099 2351 1153 τοῦ
2404 1099 2540 1152 Θεοῦ
2584 1098 2679 1153 τοῦ
2729 1099 2955 1166 ὑψίστου
2983 1115 2996 1129 ⁸
3034 1117 3053 1149 ι
3110 1099 3204 1151 καὶ
3238 1098 3409 1150 πολλά
3450 1097 3700 1152 τοιαῦτα.

2130 1194 2282 1246 Ἐπεὶ
2310 1190 2403 1246 οὖν
2423 1196 2451 1247 ὁ
2472 1193 2738 1265 μακάριος
2758 1192 2955 1263 Δανιὴλ
2973 1192 3145 1245 ἐδεῖτο
3169 1191 3262 1244 τοῦ
3294 1192 3451 1255 Θεοῦ,
3479 1190 3704 1263 πληρω-

2120 1284 2319 1340 θέντων
2348 1285 2458 1339 τῶν
2510 1284 2883 1356 ἐϐδομήκοντα
2932 1284 3089 1349 ἐτῶν,
3126 1284 3234 1337 τῶν
3265 1286 3357 1336 ἐπὶ
3415 1286 3481 1355 τῇ
3538 1285 3709 1353 αἰχμ-

2118 1379 2327 1451 αλωσίᾳ
2375 1377 2773 1449 διορισθέντων,
2836 1379 3133 1445 ἀναγαγεῖν
3177 1378 3274 1447 τῆς
3327 1376 3711 1445 αἰχμαλωσίας

2118 1472 2210 1526 τὸν
2254 1471 2491 1543 Ἰσραὴλ,
2511 1470 2791 1541 ἀπεστάλη
2823 1470 2880 1523 δὲ
2906 1470 3145 1540 Γαϐριὴλ
3178 1467 3419 1539 μηνῦσαι
3441 1468 3590 1538 αὐτῷ
3613 1468 3712 1538 τὴν

2121 1565 2446 1636 ἀνάρρησιν,
2477 1560 2895 1631 ἀνθίσταταιτῷ
2923 1558 3167 1631 Γαϐριὴλ
3217 1560 3247 1612 ὁ
3288 1560 3388 1628 τῆς
3432 1558 3712 1627 Περσικῆς

2122 1657 2297 1728 ἀρχῆς
2320 1656 2620 1725 ἐπιστάτης
2646 1652 3007 1724 λυπούμενος,
3028 1652 3109 1705 ὅτι
3140 1650 3303 1705 πάλιν
3328 1652 3362 1721 ὴ
3384 1650 3456 1721 γῆ
3478 1650 3619 1721 (85),
3644 1644 3714 1721 ἦς

2125 1748 2437 1811 ἐπεστάτει,
2464 1748 2575 1801 τῶν
2630 1747 2967 1802 διδασκάλοιν
3008 1746 3108 1814 τῆς
3150 1745 3435 1808 εὐσεϐείας
3497 1743 3715 1797 ἐκεῖθεν

439 1845 496 1891 et
557 1852 777 1892 errores
849 1849 1106 1901 veteres,
1179 1838 1423 1891 reductis
1484 1838 1609 1892 inde
1664 1837 1778 1891 veri
1837 1839 2018 1893 cultus

2132 1839 2623 1909 ἀνακομισθέντων,
2655 1840 2736 1903 είς
2768 1838 2868 1909 τὴν
2898 1839 3181 1909 προτέραν
3206 1836 3544 1906 ἀναστρέψει
3578 1835 3715 1891 ἀσέ-

438 1929 781 1994 doctoribus,
842 1930 1051 1983 ruitura
1083 1928 1377 1983 videretur.
1412 1928 1632 1985 Restitit
1677 1946 1845 1994 vero,
1900 1947 2009 1986 non

440 2038 715 2094 pugnans,
772 2022 864 2076 sed
896 2022 968 2076 ita
1013 2022 1484 2091 eausaejustitiam
1512 2022 1826 2078 edissercns
1858 2039 1872 2075 :
1909 2024 2021 2079 Cur

441 2116 650 2169 reditus
678 2123 828 2169 tanto
849 2114 1031 2169 studio
1065 2114 1328 2185 urgetur?
1353 2113 1543 2181 Quoad
1576 2115 1815 2185 populus
1852 2116 2023 2171 lsi-ae-

448 2206 631 2260 liticus
664 2214 865 2260 terram
901 2205 1131 2275 patriam
1170 2206 1472 2270 habitabat,
1532 2216 1584 2261 et
1605 2223 1869 2277 prospere
1900 2224 2027 2280 age-

446 2295 556 2358 bat,
585 2310 727 2365 sa-pe
757 2296 810 2349 in
839 2295 1202 2350 idololatriam
1226 2296 1474 2351 divertit:
1499 2295 1613 2366 jam
1632 2313 1759 2351 vero
1784 2299 2027 2369 peregri—

446 2403 570 2441 nam
608 2388 871 2449 incolens,
927 2404 1063 2459 pure
1110 2389 1280 2445 Deum
1334 2390 1483 2456 colit,
1539 2407 1638 2446 nec
1667 2392 1797 2446 colit
1828 2393 2025 2462 solum,

444 2481 541 2536 sed
588 2491 643 2536 et
684 2497 782 2551 pro
833 2481 985 2536 cultu
1038 2482 1143 2538 hoc
1196 2481 1410 2538 fortiter
1456 2492 1683 2553 pugnat,
1717 2484 2029 2556 multosque

446 2575 750 2627 errantium
790 2573 856 2628 ad
886 2588 1075 2629 verum
1100 2573 1271 2628 Deum
1300 2572 1541 2629 adducit.
1572 2574 2027 2645 Quandoquidem

446 2680 574 2736 ergo
611 2674 665 2719 et
695 2665 824 2733 illis,
873 2667 968 2737 qui
1015 2666 1244 2736 gratiam
1301 2677 1647 2737 receperunt,
1698 2668 1858 2733 nihil,
1886 2667 2028 2739 quod

448 2756 648 2811 animae
672 2756 973 2811 salutarius
1008 2757 1102 2822 sit,
1139 2757 1344 2824 evenit,
1394 2764 1448 2812 et
1483 2757 1628 2823 illos,
1685 2761 1778 2827 qui
1814 2773 1908 2826 per
1935 2772 2031 2813 eos

448 2863 637 2903 verum
673 2849 841 2903 Deum
893 2850 1075 2904 colere
1124 2848 1485 2919 inceperunt,
1547 2849 1818 2919 impietas,
1850 2858 2034 2906 extre-

450 2956 602 2995 mum
636 2941 908 2995 malorum
941 2941 1213 3009 omnium,
1247 2941 1353 2997 sibi
1383 2942 1582 2997 iterum
1612 2942 1883 2998 obnoxios
1910 2941 2034 2997 red-

448 3031 577 3097 dat;
626 3046 807 3087 nonne
858 3040 1168 3109 praestaret,
1219 3033 1266 3089 si
1307 3031 1473 3089 Israel
1511 3049 1659 3089 nunc
1687 3033 1905 3104 quidem
1967 3048 2036 3089 ex

2128 1936 2280 1988 ϐειαν
2307 1933 2402 1987 καὶ
2435 1932 2643 2001 πλάνην
2669 1948 2685 1964 ο
2718 1931 3009 1986 ἀνθίστατο
3044 1931 3099 1984 δὲ
3130 1931 3191 1984 οὐ
3222 1930 3551 2001 μαχόμενος,
3579 1928 3717 1981 ἀλλὰ

2124 2025 2649 2097 δικαιολογούμενοςο
2681 2025 2777 2089 Τίς
2809 2026 2841 2096 ἡ
2876 2022 3102 2095 σπουδὴ,
3130 2023 3327 2091 λέγων,
3366 2022 3465 2091 τῆς
3492 2020 3715 2087 ἀνόδου;

2124 2122 2226 2193 τὴν
2256 2122 2463 2175 οἰκείαν
2497 2120 2663 2174 οίκῶν
2722 2117 2963 2189 πατρίδα
2986 2119 3015 2170 δ
3056 2116 3276 2188 Ἰσραὴλ
3304 2116 3402 2169 καὶ
3454 2114 3714 2169 εὐπαθῶν

2128 2217 2209 2278 είς
2265 2211 2681 2282 είδωλολατρίαν
2736 2209 2999 2273 πολλάκις
3046 2207 3369 2273 ἐξώλισθεν’
3415 2205 3510 2259 νῦν
3547 2206 3605 2258 δὲ
3654 2205 3718 2258 οὐ

2130 2305 2388 2377 καθαρῶς
2435 2304 2654 2358 εὐσεϐεῖ
2698 2305 2881 2375 μόνον,
2939 2301 3076 2356 ἀλλά
3130 2302 3226 2355 καὶ
3282 2299 3582 2370 ὐπεραθλεῖ
3618 2302 3719 2369 τῆς

2132 2397 2435 2462 εὐσεϐείας,
2471 2396 2566 2450 καὶ
2596 2394 2806 2448 πολλῶν
2833 2392 2942 2447 τῶν
2972 2391 3410 2461 πεπλανημένων
3444 2389 3585 2459 πρὸς
3624 2388 3719 2439 τὸν

2132 2490 2386 2564 ἀληθινδν
2429 2488 2817 2560 ἐπιστρέφουσι
2845 2488 2937 2539 τὸν
2990 2484 3145 2539 Θεόν.
3183 2484 3313 2537 Ὅτε
3351 2478 3446 2536 οὖν
3483 2481 3723 2542 καὶτοῖς

2131 2580 2231 2652 τὴν
2262 2580 2423 2650 χάριν
2455 2577 2773 2649 δεχομένοις
2792 2575 2942 2629 οὐδὲν
2972 2573 3114 2628 κατὰ
3138 2571 3320 2643 ψυχὴν
3344 2570 3720 2624 λυσιτελέστε-

2139 2692 2230 2749 ρον
2262 2671 2639 2737 ἐπακολουθεῖ,
2672 2670 2918 2733 καὶτοὺς
2944 2666 3189 2721 εὐσεϐεῖν
3222 2666 3287 2718 δι’
3321 2666 3520 2728 αὐτοὺς
3550 2662 3720 2735 ἀρξα-

2139 2766 2334 2838 μένους
2374 2763 2486 2833 (84)
2515 2763 2575 2816 τὸ
2628 2762 2859 2832 ἔσχατον
2908 2760 3099 2827 κακὸν,
3145 2761 3179 2830 ἡ
3218 2758 3525 2819 δυσσέϐεια,
3560 2757 3724 2810 πάλιν

2138 2856 2488 2929 ὑποχειρίους
2519 2856 2685 2919 ποιεῖ,
2710 2853 2874 2907 πόσον
2906 2848 2976 2924 ὴν
3004 2852 3233 2923 ἄμεινον
3266 2851 3359 2905 καὶ
3384 2850 3473 2903 τὸν
3505 2848 3724 2919 Ἰσραὴλ

2138 2949 2277 3013 τέως
2300 2948 2401 3015 τῆς
2433 2946 2815 3018 αἰχμαλωσίας
2847 2944 2924 3016 μὴ
2968 2946 3293 3013 ἀναγαγεῖν,
3325 2944 3419 2997 καὶ
3449 2943 3577 3005 τοὺς
3598 2943 3724 3012 ἄρτι

2140 3040 2280 3112 πρὸς
2317 3039 2378 3093 τὸ
2434 3037 2552 3108 φῶς
2597 3036 3005 3107 ἀναϐλέψαντας
3056 3035 3157 3105 τῆς
3209 3034 3537 3103 θεογνωσίας
3570 3034 3627 3085 έν
3656 3035 3724 3103 τῇ

451 3124 767 3194 captivitate
800 3141 908 3181 non
939 3128 1287 3195 educeretur,
1342 3128 1419 3182 illi
1456 3142 1605 3194 vero,
1652 3128 1746 3199 qui
1778 3128 2025 3185 salutaris

2141 3134 2277 3204 αὐτῇ
2304 3133 2589 3205 συντηρεῖν
2612 3130 2902 3202 εὐσεϐείαί
2934 3125 3294 3198 Ἀπεστάλην,
3327 3126 3453 3198 φὴς,
3481 3122 3572 3177 τὸν
3599 3122 3726 3177 λαὸν

455 3215 551 3271 Dei
576 3216 906 3287 cognitionis
934 3218 1113 3273 lucem
1142 3218 1253 3289 jam
1280 3227 1553 3290 spectant,
1608 3220 1663 3273 in
1697 3219 1886 3275 eadem
1917 3218 2025 3290 pie-

2140 3201 2589 3299 ἀποκαταστήσαι
2619 3230 2686 3298 τῇ
2727 3201 2975 3296 πατρίδι.
3008 3222 3146 3294 Ποία
3173 3220 3395 3293 πατρίδι
3433 3219 3587 3291 (85);
3625 3217 3727 3270 Ἦν

456 3314 570 3362 tate
600 3310 1105 3365 conservarentur?
1151 3309 1231 3366 Tu
1283 3310 1504 3381 quidem
1553 3312 1783 3366 missum
1832 3319 1883 3365 te
1933 3311 2025 3367 ais.

2142 3320 2419 3385 οἰκοῦντες
2437 3320 2667 3391 ἐμίαναν
2692 3320 2929 3383 κνίσαις,
2952 3316 3171 3387 δαίμοσι
3190 3314 3432 3378 θύοντες,
3459 3311 3554 3366 καὶ
3578 3310 3729 3364 είδωο

456 3410 520 3455 ιιι
562 3402 820 3472 p0pulum
874 3405 1064 3473 patriae
1122 3420 1235 3460 suae
1278 3405 1560 3461 restituas.
1614 3404 1747 3471 Quae
1796 3419 1927 3461 vero
1956 3418 2025 3462 εει

2143 3411 2429 3483 λομανίαις
2452 3427 2465 3441 ·
2521 3410 2583 3464 οὐ
2641 3408 2817 3463 ταῦτα
2848 3408 3147 3479 κατηγορεῖ
3195 3404 3371 3473 λέγων
3408 3400 3683 3471 Ἱερεμίας
3706 3413 3723 3427 ’

457 3495 547 3551 illa
572 3498 744 3567 patria
769 3499 792 3551 ?
834 3497 910 3553 Ea
945 3498 1131 3569 utique
1158 3515 1322 3570 quam
1348 3499 1656 3556 habitantes
1700 3509 1754 3555 et
1779 3499 2025 3556 daemoni-

2151 3525 2171 3559 ι
2209 3505 2348 3560 Κατ’
2391 3501 2626 3574 ἀριθμὸν
2670 3501 2780 3555 τῶν
2830 3498 3039 3554 πόλεών
3082 3514 3176 3551 σου
3217 3492 3359 3568 ἦσαν
3381 3496 3429 3548 οἱ
3459 3492 3571 3547 Θεοί
3608 3509 3723 3558 σου,

454 3591 562 3646 bus
593 3607 749 3647 sacra
772 3591 1035 3648 facientes
1054 3632 1071 3657 ,
1098 3592 1387 3649 nidoribus
1414 3602 1468 3648 et
1492 3593 1801 3649 idololatria
1831 3594 2025 3664 pollue-

2156 3596 2332 3652 Ἰούδα
2351 3610 2368 3627 ο
2402 3594 2496 3649 καὶ
2530 3591 2671 3646 κατά
2697 3591 2769 3645 τὰ
2809 3589 3053 3662 ἀμφόδια
3089 3586 3448 3658 Ἰερουσαλὴμ
3474 3584 3628 3647 ἔθυες
3654 3586 3720 3653 τῇ

458 3693 608 3738 runt.
641 3683 832 3740 Nonne
855 3685 1050 3741 horum
1083 3695 1308 3741 accusat
1354 3700 1449 3741 eos
1476 3684 1746 3741 Jeremias
1796 3686 1987 3741 dicens
2019 3701 2034 3737 :

464 3795 484 3828 ι
516 3776 831 3833 Secundum
897 3795 1187 3834 numerum
1230 3779 1447 3834 urbium
1498 3788 1717 3833 tuarum
1762 3789 1918 3834 erant
1945 3777 2043 3833 tibi

460 3870 559 3933 dii,
592 3884 626 3924 ο
660 3868 823 3936 Juda,
875 3880 927 3925 et
958 3871 1259 3927 secundum
1302 3871 1446 3926 bivia
1482 3870 1785 3926 Jerusalem
1834 3869 2044 3926 sacrifi-

462 3963 629 4017 cabas
681 3960 943 4017 Baali“?
977 3982 996 4015 ι
1025 3962 1181 4019 Tunc
1227 3964 1452 4034 quidem
1496 3977 1525 4016 a
1580 3961 1692 4018 Deo
1738 3964 2044 4020 innumeris

462 4054 745 4110 beneﬂciis
784 4056 1213 4121 inundabantur,
1266 4055 1361 4111 sed
1407 4056 1492 4111 vel
1546 4055 1627 4111 sic
1672 4071 1701 4110 a
1752 4058 1957 4111 malitia
1987 4066 2042 4112 et

463 4145 745 4216 impietate
772 4162 869 4202 sua
903 4164 1012 4203 non
1048 4148 1404 4204 desistebant.
1458 4147 1579 4203 Jam
1602 4164 1734 4204 vero
1760 4151 2045 4206 innumera

352 4250 356 4255 '
463 4241 606 4294 mala
642 4242 1039 4310 perpetiuntur,
1080 4256 1258 4311 neque
1301 4250 1482 4297 tamen
1526 4257 1557 4296 a
1608 4242 1718 4297 Deo
1760 4242 2043 4297 recedunt.

462 4330 598 4399 Quis
646 4332 813 4403 igitur
856 4334 1062 4389 reditus
1085 4333 1294 4388 fructus
1340 4334 1484 4387 erit?
1515 4332 1702 4402 Itaque
1735 4333 2045 4389 resistentia

463 4423 557 4478 hic
582 4431 701 4481 erat
729 4438 837 4478 non
866 4423 995 4479 mali
1014 4424 1282 4479 adversus
1313 4424 1539 4480 bonum.
1566 4422 1687 4477 Non
1713 4423 1859 4477 enim
1890 4423 2044 4489 dicit,

462 4516 762 4585 pugnabat,
795 4517 891 4573 sed
946 4516 1257 4576 resistebat.
1312 4515 1466 4587 Saepe
1514 4512 1662 4570 enim
1716 4516 1879 4574 datur
1911 4517 2045 4571 resi-
2076 4553 2121 4608 υ

464 4611 663 4665 stentia
692 4610 830 4680 justi
862 4612 1130 4667 adversus
1161 4611 1386 4677 bonum,
1440 4611 1583 4667 sicut
1614 4625 1758 4680 saape
1786 4609 2040 4674 humani-

463 4714 547 4759 tas
576 4705 760 4758 obstat
792 4704 919 4775 legi,
949 4713 1004 4760 et
1038 4705 1124 4759 lex
1150 4704 1499 4760 humanitati.
1554 4702 1667 4759 Lex
1695 4702 1838 4758 enim
1870 4703 2047 4774 delia,

461 4806 720 4865 quentem
754 4797 948 4868 punit;
1010 4804 1067 4855 at
1115 4797 1405 4853 clementia
1431 4798 1576 4867 regis
1604 4794 1858 4851 eumdem
1894 4810 2038 4865 sazpe

463 4889 779 4957 miseratur,
830 4900 886 4947 et
926 4907 957 4948 a
1018 4906 1181 4965 paena
1230 4888 1446 4945 liberat.
1498 4889 1686 4960 Pugna
1738 4888 1923 4959 itaque
1954 4889 2042 4944 hic

2146 3691 2293 3745 Βαάλ
2326 3689 2460 3762 (86)·
2505 3707 2524 3742 ι
2566 3686 2783 3759 μυρίοις
2808 3685 2931 3739 τότε
2966 3682 3117 3755 παρά
3143 3680 3278 3736 θεοῦ
3309 3677 3726 3751 περιεκλύζοντο

2146 3784 2391 3855 ἀγαθοῖς,
2428 3783 2522 3837 καὶ
2572 3781 2673 3853 τῆς
2705 3779 2903 3843 κακίας
2944 3778 3041 3833 κα.)⁸
3090 3774 3346 3838 ἀσεϐείας
3374 3773 3475 3826 οὐκ
3522 3768 3726 3840 ἀνεχώ-

2150 3894 2314 3953 ρουν·
2348 3876 2520 3949 μυρία
2577 3876 2672 3930 νῦν
2733 3872 3067 3945 ὑπομένουσι
3119 3869 3286 3934 κακὰ,
3331 3867 3428 3921 καὶ
3465 3864 3561 3919 τοῦ
3592 3861 3724 3917 Θεοῦ

2146 3973 2246 4027 οὐκ
2269 3971 2617 4043 ἀφίστανται.
2646 3968 2712 4022 Τί
2744 3967 2862 4021 ποτ’
2900 3960 2994 4019 οὖν
3047 3963 3201 4019 ἔσται
3237 3962 3298 4015 τὸ
3344 3961 3442 4030 τῆς
3468 3958 3725 4013 ἐπανόδου

2148 4064 2372 4135 κέρδος;
2404 4059 2512 4115 Ἦν
2531 4061 2713 4114 τοίνυν
2736 4060 2769 4129 η
2800 4057 3111 4120 ἀντίστασις
3138 4056 3200 4109 οὐ
3231 4051 3404 4107 κακοῦ
3432 4052 3568 4123 πρὸς
3598 4052 3729 4117 ἀγαο

2149 4154 2277 4207 θόνο
2308 4153 2370 4205 οὐ
2411 4151 2521 4223 γὰρ
2558 4146 2733 4216 εἶπεν,
2771 4148 3030 4220 ἐμάχετο,
3066 4145 3206 4211 ἀλλ’,
3238 4143 3537 4198 ἀνθίστατο
3562 4158 3577 4173 ·
3638 4140 3727 4194 mi.

2148 4246 2257 4316 γὰρ
2280 4244 2396 4303 ἐστι
2425 4242 2686 4307 πολλάκις
2721 4242 3037 4304 ἀντίστασις
3067 4235 3279 4292 δικαίου
3311 4234 3449 4307 πρὸς
3505 4232 3726 4301 ἀγαθὸν,

2148 4337 2224 4400 ὡς
2287 4334 2607 4389 ἀνθίσταται
2662 4332 2923 4396 πολλάκις
2971 4329 3125 4401 νόμῳ
3180 4325 3589 4399 φιλανθρωπία,
3641 4322 3729 4376 καὶ

2151 4425 2533 4499 φιλανθρωπίᾳ
2566 4425 2751 4496 νόμος.
2776 4424 2834 4479 '0
2863 4423 3028 4494 νόμος
3052 4422 3144 4476 τὸν
3195 4420 3597 4492 ἀμαρτήσαντα
3638 4433 3727 4468 κο·

2149 4511 2325 4582 λᾶζει.
2360 4515 2745 4587 Φιλανθρωπία
2772 4514 3030 4577 πολλάκις
3062 4512 3331 4583 βασιλέως
3357 4511 3447 4563 τὸν
3479 4507 3729 4577 ἁμαρτή-

2150 4626 2318 4662 σαντα
2358 4608 2518 4676 ἐλεεῖ,
2548 4609 2643 4662 καὶ
2680 4606 2983 4679 ἐξαρπάζει
3024 4605 3123 4676 τῆς
3149 4602 3441 4675 τιμωρίας.
3467 4592 3587 4652 Ὧδ’
3634 4592 3724 4650 οὖν

2148 4703 2182 4773 ἡ
2216 4702 2363 4774 μάχη
2394 4702 2495 4755 οὐκ
2523 4700 2770 4755 ἐναντίου
2798 4701 2934 4773 πρὸς
2962 4698 3228 4763 ἐναντίον,
3264 4694 3402 4749 ἀλλά
3434 4680 3729 4761 σῖιγγενοῦς

2150 4796 2286 4867 πρὸς
2314 4794 2593 4865 συγγενές,
2623 4792 2762 4847 Οὐτε
2788 4792 2898 4865 γὰρ
2927 4791 3212 4845 τὸδίκαιον
3243 4786 3349 4852 ἔξω
3372 4783 3726 4854 ἀγαθότητος,

2151 4888 2275 4942 οὐτε
2300 4890 2360 4942 τὸ
2388 4888 2591 4958 ἀγαθὸν
2618 4887 2726 4953 ἔξω
2757 4884 3106 4956 δικαιοσύνης
3134 4882 3473 4953 εὑρίσκεται.

463 4992 686 5039 estnon
742 4984 949 5041 inimici
1001 4964 1265 5042 adversus
1315 4982 1625 5050 inimicum,
1689 4981 1783 5038 sed
1814 4981 2031 5054 cognati
2073 4982 2336 5045 adversus
2393 4990 2708 5055 cognatum.
2743 4977 2931 5049 Neque
2993 4977 3137 5033 enim
3168 4973 3383 5046 justitia
3414 4971 3532 5028 sine
3567 4964 3728 5025 boni-

465 5083 598 5143 tate,
628 5092 806 5150 neque
837 5079 1054 5135 bonitas
1079 5080 1238 5135 datur
1268 5079 1388 5134 sine
1419 5076 1652 5147 iustitia.

542 5284 585 5314 ³⁵
624 5280 761 5335 Dan.
793 5295 876 5346 ιιι,
907 5279 999 5334 28.
1078 5281 1119 5312 ¹¹
1151 5276 1351 5335 Jerem.
1408 5297 1469 5345 ιι,
1519 5275 1611 5337 ὶὸρ

1988 5454 2218 5514 ΝΟΤᾹΣ.

547 5678 657 5749 (83)
685 5677 865 5749 Codex
900 5679 1030 5749 ἡγῇ,
1062 5676 1223 5741 male,
1256 5682 1309 5729 et
1347 5686 1495 5736 mox,
1525 5668 1818 5740 έπεστάτῃ.

546 5748 655 5820 (84)
681 5748 837 5805 Coll).
873 5748 971 5818 pro
996 5749 1349 5820 ἀρχομένουὲ
1391 5814 1421 5820 __
1533 5810 1543 5817 υ

551 5814 662 5895 (85)
690 5822 825 5893 Ποίᾳ
850 5814 1281 5891 πατρίὸιζιίοὶιρρ
1306 5814 1659 5898 (Ζοιιιοιιιιιο.⁴

2147 5731 2175 5785 δ
2200 5658 2335 5786 6(686)
2367 5659 2469 5718 Ubi
2498 5667 2679 5719 tamen
2717 5654 2878 5715 hodie
2937 5655 3133 5727 legitur
3172 5650 3307 5709 ικαὶ
3344 5650 3462 5725 μετ’
3503 5645 3713 5722 αριθμὸν

2181 5748 2195 5786 ι
2257 5748 2333 5785 ων

2181 5748 2333 5788 ιοοων
