3908 6214
261 280 368 344 845

1213 286 1314 347 AD
1360 286 1948 350 AMPHILOCHIUM
1988 289 2333 362 QUAESTIO
2366 290 2562 350 CLXI.

3428 291 3530 354 816

333 397 457 453 Ὅτι
490 399 591 470 τῆς
635 398 884 466 κτίσεως,
929 401 1114 473 φησὶν,
1145 402 1219 465 ὡς
1254 405 1598 475 προείρηται,
1632 406 1839 460 διακει-

2013 407 2333 463 Creaturam
2361 409 2457 474 ait,
2486 407 2631 479 quod
2652 416 2778 464 ante
2805 407 3012 464 dictum
3045 416 3129 462 cst
3148 446 3164 474 ,
3192 405 3333 460 male
3391 406 3525 460 atl‘r-

267 491 434 563 μένης
465 491 561 546 καὶ
591 491 1028 565 ἀγανακτούσης,
1062 495 1149 564 ἐφ’
1180 488 1224 563 ᾧ
1256 498 1353 551 καὶ
1379 498 1589 551 ἄκουσα
1616 498 1696 569 τῷ
1729 515 1840 552 πα-

267 589 477 661 ραϐάτῃ
513 592 742 661 παρεῖχε
773 590 871 662 τὴν
897 590 1106 660 χρείαν,
1138 592 1232 646 καὶ
1257 592 1603 664 ὲξυπηρέτει,
1630 595 1723 648 καὶ
1745 595 1845 664 ἀγ-

265 681 438 750 γέλων
473 682 792 752 ἀχθομένων
822 684 915 736 ἐπὶ
949 685 1013 753 τῇ
1049 682 1143 736 τοῦ
1172 685 1636 756 εύεργετουμένου
1666 688 1845 755 ἀγνω-

270 772 498 846 μοσύνῃ,
533 775 625 828 καὶ
660 774 782 828 ὅλου
825 775 1165 839 κακωθέντος
1218 776 1316 829 τοῦ
1362 778 1571 847 κόσμου
1618 778 1708 831 διὰ
1742 777 1844 844 τὰς

269 864 634 935 παρανομίας.
662 884 682 917 ι
708 866 817 919 Καὶ
846 865 956 938 γὰρ
980 861 1139 932 εἶδεν,
1176 868 1359 939 φησὶν,
1384 870 1411 921 6
1434 869 1565 933 Θεὸς
1586 869 1683 941 τὴν
1713 870 1840 939 γῆν,

266 954 364 1008 καὶ
399 948 467 1027 ἦν
498 957 941 1029 κατεφθαρμένη,
990 959 1073 1013 δτι
1114 960 1475 1033 κατέφθειρεν
1516 963 1664 1016 πᾶσα
1707 962 1843 1033 σάρξ

267 1048 365 1114 τὴν
388 1046 505 1100 ὁδὸν
531 1047 722 1119 αὐτῆς.
759 1067 778 1101 ι
808 1049 923 1103 Ούκ
950 1044 1018 1120 ἦν
1056 1051 1087 1122 ἡ
1116 1050 1311 1117 κτίσις,
1368 1053 1486 1105 οἵαν
1539 1052 1846 1122 ὐπέστησεν

266 1139 453 1202 αὐτοῖς
479 1141 505 1192 6
534 1139 668 1201 Θεὸς
693 1140 787 1193 ἀπ’
822 1141 995 1213 ἀρχῆς
1015 1156 1030 1171 ⁸
1058 1144 1157 1197 οὐκ
1196 1138 1264 1214 ἦν
1307 1146 1419 1208 τοῖς
1452 1144 1675 1215 ἄστροις
1705 1146 1732 1198 6
1754 1145 1845 1198 οὺ-

266 1226 451 1298 ρανὸς,
481 1229 579 1293 ,ὡς
634 1230 694 1282 τὸ
720 1230 870 1301 πρὶν,
892 1232 1019 1285 ἄνευ
1055 1232 1201 1296 τινὸς
1231 1233 1542 1303 μιάσματος
1562 1235 1845 1306 καταλαμ-

265 1320 503 1389 πόμενος
527 1338 541 1353 ·
582 1322 682 1376 οὐκ
721 1317 789 1393 ἦν
826 1324 858 1394 ὴ
907 1325 979 1395 γῆ
1028 1325 1156 1389 τοὺς
1192 1326 1441 1397 καρποὺς
1482 1325 1842 1397 ἀμολύντους,

261 1412 339 1477 ὠς
364 1414 424 1467 τὸ
450 1416 599 1487 πρὶν,
650 1418 974 1474 ἀναδιδοῦσα
998 1437 1013 1452 ο
1043 1422 1104 1475 οὐ
1144 1420 1410 1487 θάλασσα,
1452 1423 1555 1478 οὐκ
1608 1423 1738 1478 ἄλλο
1792 1442 1845 1479 τι

261 1506 372 1558 τῶν
430 1508 490 1559 ὲν
528 1511 594 1581 τῇ
642 1511 836 1568 κτίσει.
877 1511 935 1566 '0
988 1514 1098 1585 γὰρ
1149 1516 1475 1588 παραϐάτης
1501 1516 1760 1573 εἰσελθὼν
1788 1520 1846 1572 ὲν

262 1598 423 1670 αὐτῇ,
450 1616 582 1654 κατε
591 1603 803 1672 μίανεν,
822 1606 918 1659 καὶ
934 1606 1269 1661 ἀνεθόλωσεν
1292 1609 1512 1666 ἅπαντα
1534 1613 1657 1675 ταῖς
1677 1610 1845 1682 βλασ-

265 1692 520 1761 φημίαις,
563 1695 686 1759 ταῖς
730 1696 1024 1768 θεομάχοις
1061 1699 1157 1754 καὶ
1186 1701 1441 1773 αἰσχραῖς
1472 1706 1699 1773 φωναῖς,
1725 1707 1846 1768 ταῖς

267 1782 598 1851 μιαιφονίαις
608 1785 705 1857 τὴν
722 1788 824 1858 γῆν
839 1788 952 1859 (87)
972 1792 1083 1855 τοῖς
1102 1795 1391 1863 πειραταῖς
1403 1793 1496 1847 καὶ
1514 1791 1734 1865 λῃσταῖς
1746 1795 1846 1867 τὴν

263 1872 574 1930 θάλασσαν·
597 1876 695 1942 τὰς
730 1880 913 1951 πηγὰς
947 1884 1043 1935 καὶ
1083 1884 1370 1954 ποταμοὺς
1415 1887 1535 1949 ταῖς
1557 1885 1844 1940 εἰδωλολα-

262 1964 464 2034 τρίαις,
507 1968 771 2039 νύμφαις,
827 1973 923 2025 καὶ
982 1973 1231 2046 δαίμοσιν
1256 1976 1614 2042 ’ἁνάπτοντες
1669 1978 1841 2033 αύτά’

265 2062 416 2114 πᾶσα
474 2064 589 2127 τοῖς
639 2063 951 2135 ἀνθρώποις
983 2068 1016 2139 ἡ
1048 2068 1226 2133 κτίσις
1272 2072 1353 2134 εἰς
1383 2069 1539 2135 θεοὺς
1576 2070 1846 2126 ἀνεπλάτ-

262 2169 390 2207 τετο
416 2168 429 2182 ·
464 2154 616 2208 οὐδὲν
637 2155 694 2209 δὲ
725 2156 901 2211 κτίσιν
943 2157 1086 2213 οὕτω
1140 2158 1343 2230 μιαίνει
1366 2161 1462 2215 καὶ
1510 2161 1842 2234 κιϐδηλεύει,

264 2244 341 2307 ὡς
362 2244 421 2298 τὸ
463 2244 827 2301 θεοποιεῖσθαι
879 2249 1072 2322 αὐτήν.
1121 2252 1386 2323 Εἰσῆλθεν
1423 2255 1452 2307 6
1506 2253 1699 2327 Σωτὴρ
1749 2256 1844 2310 τοῦ

263 2335 473 2408 κόσμου
501 2337 590 2392 διὰ
627 2340 825 2410 σαρκὸς
854 2341 914 2395 ἐν
944 2343 1107 2414 αὐτῇ,
1130 2344 1225 2398 καὶ
1251 2344 1457 2417 ταύτην
1484 2346 1594 2399 τῶν
1633 2347 1846 2419 μυρίων

264 2431 471 2485 τούτων
495 2432 814 2498 ἀπαλλάξας
842 2437 1167 2507 μιασμάτων
1198 2438 1563 2503 ἀνεκαίνισεν,
1584 2440 1719 2493 πολὺ
1744 2458 1846 2510 χα-

262 2521 594 2595 λεπωτέρων
637 2526 670 2595 ἢ
722 2530 1043 2599 σωματικῆς
1107 2528 1405 2601 διαφθορᾶς
1467 2530 1845 2603 ἐλευθερώσας

262 2616 435 2687 αὐτὴν
484 2617 781 2673 κακώσεων
836 2621 929 2675 καὶ
962 2621 1178 2690 παθῶν,
1228 2624 1568 2689 ἀνακαινίζει
1619 2626 1707 2680 διὰ
1746 2626 1847 2698 τῆς

264 2706 489 2780 πρώτης
511 2713 817 2781 παρουσίας
833 2712 932 2784 τὴν
966 2713 1142 2767 κτίσιν
1168 2730 1182 2747 ο
1218 2715 1307 2769 ἵνα
1340 2716 1519 2788 μάθῃς
1536 2758 1550 2783 ,
1574 2718 1655 2772 ὅτι
1680 2717 1846 2782 αὑτός

270 2803 419 2856 ἐστιν
446 2805 473 2857 ό
511 2806 604 2876 καὶ
635 2806 730 2860 ἀπ’
777 2808 954 2879 ἀρχῆς
987 2808 1158 2881 αὐτὴν
1176 2811 1589 2883 δημιουργήσας
1614 2829 1630 2845 ο
1653 2812 1713 2866 ού
1735 2812 1846 2886 γὰρ

263 2894 423 2949 ἄλλου
463 2896 561 2966 μὲν
588 2896 816 2964 κτίζειν,
858 2898 1021 2953 ἄλλου
1052 2899 1108 2952 δὲ
1141 2900 1532 2972 διαφθαρεῖσαν
1556 2902 1843 2957 ἀνακαινί-

268 2987 413 3051 ζειν⁹
443 2987 579 3042 ἀλλά
607 2989 705 3059 τῆς
754 2989 926 3060 αὐτῆς
962 2991 1223 3063 ἑκάτερον
1266 2993 1461 3062 σοφίας
1497 2993 1593 3048 καὶ
1629 2994 1844 3066 τέχνης,

1949 508 2091 555 ctam
2145 510 2199 556 et
2240 502 2578 571 indignatam
2633 516 2774 566 esse,
2811 500 3043 570 ideoque
3097 498 3261 554 ctiam
3296 498 3524 554 invitam

1946 591 2284 662 delinquenti
2331 592 2639 648 necessaria
2668 591 3069 663 suppeditasse,
3098 597 3153 645 et
3186 590 3526 658 inserviisse,

1951 686 2159 755 angelis
2185 700 2402 756 quoque
2449 686 2725 756 ingratum
2786 685 3054 739 adversus
3104 681 3365 738 beneﬁcia
3401 684 3525 738 ani-

1947 792 2096 832 mum
2116 777 2347 833 moleste
2368 777 2689 844 ferentibus,
2717 786 2941 847 totoque
2974 775 3177 829 mundo
3201 791 3297 845 per
3323 774 3525 846 ﬂagitia

1947 881 2226 940 corrupto.
2268 889 2287 922 ι
2325 871 2468 927 Deus
2495 870 2667 937 enim,
2698 869 2899 941 inquit,
2929 868 3067 923 vidit
3090 878 3287 923 terram
3330 884 3527 925 corru-

1947 972 2117 1033 ptam,
2150 964 2295 1033 quod
2324 978 2456 1019 caro
2485 964 2666 1020 omnis
2712 965 2852 1018 viam
2883 978 3038 1018 suam
3063 972 3384 1032 corruperat
3405 964 3468 1016 ".
3499 980 3520 1015 ι

1948 1058 2065 1112 Νοη
2093 1066 2211 1113 erat
2238 1066 2489 1113 creatura
2518 1057 2736 1128 qualem
2772 1054 2918 1109 illam
2950 1055 3018 1109 ab
3051 1053 3207 1108 initio
3259 1052 3524 1109 condide-

1949 1156 2031 1203 rat
2062 1148 2225 1204 Deus.
2277 1149 2490 1205 Coslum
2542 1162 2652 1203 non
2678 1187 2694 1212 ,
2764 1156 2824 1200 ut
2852 1145 3004 1210 olim,
3048 1145 3168 1199 sine
3190 1144 3311 1200 labe
3341 1146 3525 1216 aliqua

1948 1240 2113 1295 astris
2143 1241 2380 1296 micabat
2409 1259 2422 1295 :
2451 1250 2595 1295 terra
2624 1254 2755 1305 non,
2790 1247 2850 1293 ut
2878 1237 3033 1302 olim,
3068 1236 3279 1293 fructus
3300 1237 3527 1292 inteme-

1949 1342 2099 1388 ratos
2147 1332 2457 1388 inferebat:
2520 1347 2629 1387 non
2662 1345 2835 1398 mare,
2888 1346 2997 1386 non
3025 1329 3171 1384 aliud
3199 1328 3521 1400 quidquam,

1949 1425 2093 1493 quod
2124 1424 2263 1479 inter
2289 1431 2572 1478 creaturas
2617 1421 3029 1478 numerabatur.
3091 1420 3350 1475 Peccator
3378 1421 3524 1476 enim

1950 1516 2231 1587 ingressus
2281 1531 2401 1571 eam
2449 1514 2764 1586 polluebat,
2812 1521 2867 1569 et
2909 1514 3095 1568 omnia
3145 1512 3525 1583 blasphemiis,

1949 1608 2308 1679 turpibusque
2332 1616 2387 1663 et
2418 1606 2530 1661 Deo
2563 1606 2813 1663 adversis
2838 1606 3085 1671 vocibus,
3121 1604 3364 1662 caulibus
3397 1605 3524 1660 item

1949 1707 2171 1764 terram,
2198 1699 2390 1769 piratis
2442 1708 2497 1754 et
2524 1697 2871 1769 prmdonibus
2896 1713 3071 1760 mare,
3108 1696 3287 1752 fontes
3331 1706 3386 1752 ct
3421 1696 3526 1752 ilu-

1948 1787 2067 1843 vios
2116 1786 2463 1853 idololatriis,
2501 1788 2567 1842 ad
2627 1786 2896 1858 nymphas
2944 1796 3002 1842 et
3035 1787 3313 1843 dannonas
3343 1789 3526 1842 omnia

1947 1877 2257 1946 referendo,
2288 1879 2565 1935 turbabat.
2601 1880 2737 1934 Tota
2767 1887 3041 1944 creatura,
3109 1878 3179 1934 ab
3209 1879 3527 1935 heminibus

1948 1969 2002 2023 in
2068 1968 2319 2024 deastros
2345 1967 2787 2023 convertebatur.
2840 1966 2987 2022 Nihil
3032 1982 3162 2023 vero
3207 1976 3327 2033 est,
3382 1969 3529 2037 quod

1946 2070 2251 2116 creaturam
2279 2061 2417 2117 adeo
2443 2061 2649 2131 polluat
2694 2070 2749 2116 et
2773 2060 3064 2125 adulteret,
3116 2076 3281 2129 quam
3331 2061 3378 2117 si
3428 2059 3527 2117 Dei

1947 2153 2068 2209 loco
2090 2154 2374 2210 habeatur.
2404 2152 2666 2210 Senator
2693 2155 2843 2211 orbis
2868 2170 2966 2226 per
2993 2170 3211 2211 carnem
3245 2155 3527 2225 ingressus

1946 2261 2067 2300 cam
2096 2246 2455 2316 (creaturam)
2501 2254 2610 2310 est,
2662 2261 2915 2317 eamque,
2968 2246 3177 2302 intinita
3231 2247 3354 2302 labe
3405 2262 3526 2313 sua,

1946 2353 2068 2407 quae
2103 2336 2253 2392 omni
2285 2336 2634 2406 corruptione
2666 2351 2931 2408 corporea
2964 2336 3184 2405 gravior
3210 2345 3315 2403 est,
3381 2336 3523 2392 libe-

1946 2437 2121 2483 ratam
2150 2428 2453 2495 renovavit,
2482 2429 2777 2498 multisque
2807 2416 3212 2484 calamitatibus
3262 2438 3317 2484 et
3370 2428 3530 2485 malis

1947 2529 2185 2591 ereptam
2221 2535 2317 2589 per
2351 2520 2587 2590 primum
2615 2535 2777 2576 suum
2807 2519 3099 2575 adventum
3142 2521 3416 2587 restituit;
3469 2533 3532 2577 ut

1949 2613 2075 2668 inde
2109 2612 2397 2682 intelligas,
2433 2613 2611 2683 ipsum
2643 2613 2793 2667 illum
2824 2628 2969 2678 esse,
3004 2613 3096 2683 qui
3126 2629 3244 2669 eam
3280 2615 3349 2670 ab
3369 2615 3526 2671 initio

1949 2702 2213 2761 condidit.
2243 2702 2433 2775 Neque
2462 2705 2609 2759 enim
2641 2701 2869 2758 alterius
2898 2711 2984 2757 est
3015 2704 3271 2767 condere,
3303 2703 3530 2758 alterius

1949 2816 2079 2857 vero
2100 2809 2416 2870 corruptam
2447 2813 2712 2854 renovare
2745 2814 2759 2851 :
2824 2797 2918 2853 sed
2955 2806 3250 2866 utrumque
3282 2794 3527 2865 ejusdem

1948 2901 2033 2950 est
2066 2892 2347 2963 sapientiae
2376 2900 2430 2947 et
2460 2890 2617 2955 artis,
2678 2897 2736 2944 ut
2762 2888 2843 2944 sic
2882 2897 3132 2946 creatura
3168 2902 3262 2958 per
3289 2886 3528 2957 priorem

1948 2986 2243 3041 adventum
2273 2990 2585 3049 renovetur,
2618 2996 2721 3037 nec
2750 2981 2895 3037 ullus
2941 2978 3308 3037 incredulitati
3363 2977 3522 3032 locus

265 3081 637 3148 ἀνακαινίζειν
664 3083 763 3154 τὴν
789 3084 965 3137 κτίσιν
994 3085 1135 3139 κατὰ
1152 3087 1250 3156 τὴν
1277 3085 1500 3157 πρώτην
1523 3087 1842 3157 ἐπιδημίαν,

1951 3077 2314 3148 relinquatur,
2351 3074 2509 3144 quasi
2537 3072 2727 3128 eadem
2764 3072 2819 3126 in
2854 3069 3101 3127 secundo
3146 3070 3383 3125 adventu
3422 3082 3531 3123 non

264 3174 351 3229 ίνα
378 3174 617 3247 μηδεμία
641 3175 897 3247 σοι’χώρα
922 3176 1261 3249 καταλειφθῇ
1288 3178 1550 3242 ἀπιστίας
1570 3220 1584 3245 ,
1603 3178 1678 3243 ὡς
1701 3179 1843 3234 κατὰ

1950 3168 2021 3223 sit
2057 3165 2388 3229 renovanda,
2423 3174 2478 3219 et
2505 3172 2565 3218 tu
2607 3163 2723 3233 ipse
2750 3170 2877 3217 ante
2925 3161 3073 3216 illam
3107 3160 3162 3215 in
3197 3159 3530 3229 incorrupti-

262 3268 361 3339 τὴν
390 3268 653 3339 δευτέραν
702 3269 1007 3341 παρουσίαν
1046 3270 1108 3323 ού
1154 3269 1602 3342 καινισθήσεται,
1628 3271 1726 3326 καὶ
1778 3273 1843 3327 σὺ

1950 3259 2233 3323 bilitatem,
2262 3253 2618 3311 indolentiam
2640 3263 2693 3309 et
2726 3251 3184 3323 pulchritudinem
3218 3264 3325 3303 non
3355 3258 3533 3304 trans-

269 3360 375 3432 πρὸ
406 3360 581 3432 αὐτῆς
616 3362 696 3426 είς
721 3361 1054 3433 ἀφθαρσίαν,
1091 3364 1172 3427 εἰς
1202 3363 1471 3418 ἀπάθειαν
1490 3403 1506 3428 ,
1537 3365 1618 3429 είς
1638 3365 1845 3436 ἄφατον

263 3452 552 3524 καλλονήν.
588 3454 651 3508 Εἰ
679 3454 788 3526 γὰρ
812 3454 901 3507 ὅτε
944 3450 1014 3526 ἦν
1046 3453 1188 3508 ἑκὼν
1238 3456 1295 3510 ὲν
1340 3454 1597 3528 ἀσθενείᾳ
1619 3456 1845 3524 σαρκὸς,

267 3545 326 3597 ὲν
362 3544 605 3616 ἱδρῶσιν,
637 3547 694 3599 ὲν
728 3546 959 3601 πάθεσιν
991 3546 1102 3618 (88)
1131 3551 1159 3601 6
1184 3547 1450 3619 Χριστὸς,
1477 3548 1507 3601 ὅ
1543 3564 1603 3601 τε
1648 3549 1850 3614 πλάνος

267 3635 364 3689 καὶ¹
390 3636 739 3709 Σαμαρείτης
779 3639 1218 3706 ἐσυκοφαντεῖτο,
1249 3638 1346 3711 τὴν
1367 3638 1544 3693 κτίσιν
1574 3640 1851 3711 ὲκάθαρεν

263 3727 372 3783 τῶν
398 3728 667 3784 τοσούτων
698 3731 793 3783 καὶ
819 3730 1153 3801 τηλικούτων
1200 3731 1294 3785 καὶ
1332 3731 1851 3803 πολυχρονιωτάτων

269 3819 461 3873 παθῶν
476 3824 569 3875 καὶ
594 3824 938 3894 μιασμάτων·
962 3823 1040 3877 ὅτ’
1058 3822 1122 3877 ἂν
1138 3823 1212 3887 ὡς
1231 3825 1423 3896 κριτὴς
1441 3824 1660 3890 ζώντων
1675 3844 1851 3896 παρα-

262 3914 488 3984 γένηται
516 3915 612 3968 καὶ
644 3916 855 3987 νεκρῶν
879 3956 895 3982 ,
927 3916 1054 3971 ὅταν
1103 3902 1358 3988 μυριάσιν
1404 3918 1652 3987 ἀγγέλων
1682 3920 1840 3990 δορυ-

268 4007 605 4076 φορούμενος
646 4007 943 4078 τάγμασιν,
990 4008 1118 4063 ὅταν
1166 4009 1383 4063 πάντων
1429 4008 1709 4074 δεσπόζων
1754 4012 1852 4066 καλ⁸

267 4097 493 4168 Κύριος,
522 4099 651 4153 ὅταν
695 4100 872 4154 πάντα
908 4101 1111 4173 φρίσσῃ
1162 4102 1257 4155 καὶ
1292 4102 1469 4174 τρέμῃ
1506 4102 1641 4175 (89),
1672 4104 1789 4170 πῶς
1818 4108 1852 4177 ὴ

267 4189 335 4242 ὲκ
370 4188 577 4261 φθορᾶς
618 4192 699 4254 είς
743 4191 1053 4264 ἀφθαρσίαν
1117 4192 1390 4265 μεταϐολὴ
1437 4195 1499 4248 ού
1548 4196 1610 4249 τὸ
1657 4198 1852 4270 ῥᾷστον

267 4279 470 4350 ἔχουσα
494 4281 828 4353 καθορᾶται;
867 4283 977 4338 Καὶ
1023 4282 1085 4337 τὺ
1113 4284 1430 4349 ἀκόλουθον,
1473 4286 1568 4340 καὶ
1623 4288 1852 4361 θεοπρε-

269 4372 395 4438 πὲς,
429 4374 513 4427 ὅτι
542 4374 907 4447 παραγίνεται
926 4378 955 4429 6
985 4375 1198 4448 Σωτὴρ,
1232 4380 1724 4449 προκηρυττόντων
1745 4382 1855 4436 τῶν

1948 3350 2080 3406 ferri
2140 3349 2360 3405 debeas.
2414 3348 2571 3415 Quod
2597 3346 2645 3404 si
2689 3346 2834 3402 enim
2859 3343 3134 3409 Christus,
3163 3342 3294 3397 dum
3324 3341 3377 3396 in
3416 3355 3536 3395 car-

1950 3444 2039 3499 nis
2064 3442 2400 3507 inﬁrmitate,
2431 3440 2749 3504 sudoribus,
2791 3446 2846 3494 et
2901 3437 3040 3492 varii
3095 3435 3313 3507 generis
3374 3433 3534 3487 malis

1950 3544 2145 3607 sponte
2169 3535 2518 3600 versabatur,
2555 3533 2685 3588 dum
2732 3531 2990 3586 seductor
3041 3537 3096 3583 et
3126 3525 3399 3585 Samarita
3440 3540 3537 3595 per

1953 3626 2286 3682 calumniam
2353 3624 2677 3688 vocabatur,
2710 3630 3020 3678 creaturam
3063 3635 3094 3674 a
3128 3628 3207 3674 tot
3258 3618 3536 3686 tantisque

1953 3728 2178 3789 tamque
2209 3718 2487 3789 diuturnis
2517 3717 2678 3772 malis
2728 3725 2781 3771 et
2812 3713 3220 3784 impuritatibus
3254 3700 3534 3773 liberavit;

1954 3826 2137 3866 nonne
2158 3851 2174 3878 ,
2229 3809 2323 3865 ubi
2359 3809 2499 3865 idem
2542 3820 2600 3864 ut
2627 3808 2791 3878 judex
2823 3807 3069 3862 vivorum
3100 3814 3151 3859 et
3169 3813 3534 3865 mortuorum,

1946 3905 2050 3961 ubi
2076 3902 2739 3973 innumerisangelorum
2793 3900 3078 3955 ordinibus
3139 3900 3393 3968 stipatus,
3445 3895 3535 3974 ubi

1956 4007 2016 4053 ut
2061 3998 2359 4070 imperator
2406 4004 2461 4051 ct
2508 3995 2774 4050 Dominus
2815 3993 3062 4047 omnium
3099 3990 3397 4053 advenerit,
3446 3987 3535 4041 ubi

1956 4092 2144 4147 omnia
2183 4090 2287 4146 sibi
2316 4089 2583 4146 timebunt
2609 4096 2662 4143 et
2699 4092 2958 4149 trement,
2990 4082 3277 4140 translatio
3307 4097 3375 4138 ex
3411 4094 3536 4134 cor-

1955 4186 2208 4257 ruptione
2268 4185 2321 4239 in
2373 4179 2964 4252 incorruptibilitatem,
3023 4185 3084 4232 ut
3147 4191 3235 4230 res
3291 4172 3537 4228 omnium

1956 4278 2235 4343 facillima,
2289 4273 2623 4346 apparebit?
2669 4271 2931 4336 Accedit,
2983 4268 3131 4340 quod
3183 4269 3313 4325 hinc
3341 4279 3538 4323 conse-

1956 4370 2165 4441 quitur,
2229 4366 2452 4437 Deoque
2496 4364 2747 4435 inprimis
2794 4363 3020 4433 dignum
3060 4366 3163 4424 est,
3218 4357 3363 4428 quod
3406 4371 3537 4426 pro-

270 4467 590 4538 προφητῶν,
622 4468 711 4522 ἵνα
747 4469 908 4540 μήτις
935 4470 1156 4543 νομίσῃ,
1180 4471 1262 4524 ὅτι
1288 4472 1409 4525 καθ’
1435 4472 1495 4524 ὃν
1525 4473 1725 4543 τρόπον
1757 4474 1846 4531 ἇν-

1957 4465 2133 4536 phetaa
2185 4462 2339 4518 illum
2386 4459 2695 4517 Servatoris
2746 4458 3040 4513 adventum
3074 4452 3535 4525 praenuntiarunt.

267 4559 490 4629 θρωπος
539 4561 638 4631 τῆς
664 4561 935 4634 προτέρας
959 4561 1277 4634 διαμαρτὼν
1311 4564 1572 4637 ἐπιϐολῆς
1603 4568 1698 4620 καὶ
1720 4565 1851 4638 βοη-

270 4651 424 4715 θείας
472 4654 564 4706 ὲπὶ
602 4653 861 4726 δευτέραν
906 4655 1148 4727 ἔρχεται,
1183 4656 1325 4711 οὕτω
1362 4659 1456 4712 καὶ
1491 4661 1519 4713 6
1543 4658 1702 4724 Θεός.
1738 4660 1853 4713 Ἵνα

266 4741 362 4799 οὖν
420 4747 493 4818 μή
553 4764 637 4811 τις
682 4748 958 4822 ὑπονοήσῃ
1000 4748 1177 4816 τοῦτο,
1218 4750 1427 4806 ἄνωθεν
1467 4752 1763 4824 προέλεγον
1802 4756 1850 4808 οἱ

268 4839 552 4911 προφῆται
597 4840 698 4912 τὴν
748 4843 1055 4914 παρουσίαν
1111 4844 1277 4898 αὐτοῦ
1302 4859 1316 4874 °
1345 4846 1434 4900 ἵνα
1471 4839 1740 4912 δείξωσιν,
1768 4848 1851 4901 ὅτι

268 4929 407 4995 Θεὸς
458 4932 518 4984 ού
563 4933 933 5003 σκεπτόμενος
985 4934 1233 5013 εὑρίσκει
1278 4936 1340 4989 τὸ
1383 4936 1703 5008 συμφέρον,
1735 4936 1850 4990 ἀλλ’

271 5023 368 5076 ἀπ’
395 5024 570 5095 ἀρχῆς
605 5026 826 5099 προῖδεν
864 5027 1103 5082 ἅπαντα.
1138 5030 1333 5099 Ἡμεῖς
1378 5029 1479 5099 μὲν
1519 5029 1628 5099 γὰρ
1667 5030 1717 5082 οἱ
1757 5029 1852 5081 ἇν-

269 5112 483 5183 θρωποι
521 5116 890 5187 σκεπτόμεθα,
930 5119 1045 5182 καὶ,
1074 5118 1170 5171 ἐὰν
1201 5118 1567 5190 ἀποτύχωμεν
1582 5119 1681 5190 τῆς
1702 5119 1853 5190 πρώ-

268 5219 373 5273 της
402 5203 618 5275 πείρας,
661 5206 746 5276 ἐφ’
779 5207 972 5280 ἑτέραν
1005 5208 1406 5280 μεταϐαίνομεν
1426 5226 1438 5240 ·
1469 5209 1497 5261 6
1516 5208 1572 5263 δὲ
1599 5209 1731 5274 Θεὸς
1750 5209 1848 5281 οὐχ

348 5387 391 5421 ⁸⁸
422 5385 560 5443 Gen.
594 5403 667 5454 vi,
702 5387 785 5442 l2.

1960 4572 2030 4612 ne
2060 4557 2188 4627 quis
2246 4554 2457 4610 scilicet
2496 4552 2794 4617 existimet,
2852 4549 3024 4620 quod,
3076 4545 3537 4617 quemadmodum

1964 4648 2233 4713 homines,
2260 4646 2418 4713 alias,
2456 4643 2651 4715 primis
2683 4643 2835 4698 ausis
2864 4651 2920 4696 et
2944 4638 3236 4695 conatibus
3269 4635 3537 4703 frustrati,

1958 4744 2064 4799 alia
2093 4743 2178 4797 via
2208 4756 2322 4797 rem
2347 4738 2739 4811 aggrediuntur
2763 4754 2779 4803 ;
2815 4735 2890 4795 ita
2913 4748 3135 4805 quoque
3172 4731 3315 4786 Deus
3344 4730 3535 4801 egerit.

1958 4835 2036 4892 Ne
2065 4836 2229 4907 quis,
2287 4836 2532 4905 inquam,
2585 4831 2659 4886 ita
2707 4828 3039 4899 suspicetur,
3094 4824 3370 4897 prophetae
3426 4823 3539 4894 jam

1958 4928 2090 4984 olim
2140 4928 2433 4981 adventum
2476 4923 2596 4994 ejus
2648 4919 3110 4993 pramuntiarunt,
3141 4915 3311 4971 utsic
3349 4922 3539 4970 osten-

1956 5022 2164 5085 derent,
2199 5020 2373 5077 Deum
2426 5032 2536 5073 non
2566 5030 2663 5087 per
2701 5011 3120 5070 meditationem
3155 5006 3451 5078 quamdam
3484 5014 3541 5061 et

1954 5113 2500 5185 circumspectionent
2526 5110 2604 5176 id,
2632 5106 2776 5178 quod
2806 5104 3068 5175 prodesse
3096 5100 3295 5172 possit,
3322 5097 3541 5153 tandem

1955 5208 2246 5272 detexisse,
2295 5204 2389 5261 sed
2417 5202 2486 5259 ab
2519 5201 2674 5258 initio
2710 5198 2892 5273 potius
2928 5194 3115 5253 omnia
3164 5190 3533 5269 perspexisse.

1788 5541 2018 5599 NOTAE.

342 5707 369 5849 ἒ

492 5707 591 5787 τὴν
618 5704 729 5787 γῆν.
756 5704 958 5787 addidi,
999 5720 1162 5787 sensu
1210 5706 1280 5760 ita
1306 5706 1635 5779 postulante.

374 5779 461 5847 8-K)
498 5775 589 5834 Sic
616 5777 769 5835 Colb.
798 5792 897 5846 pro
929 5775 1251 5847 ἐμπαθέσιν.

2034 5706 2142 5777 (89)
2170 5705 2261 5760 καὶ
2290 5704 2480 5777 τρέμῃ,
2511 5703 2679 5759 debeo
2700 5700 3036 5760 Colbcrtiuo.
