3908 6214
313 182 419 249 847

1482 186 1709 246 PHOTI
1718 186 1745 244 Ι
1783 183 2288 247 ΡΑΤΗΙΑΒΟΗίΕ
2319 184 2427 244 CP.

3484 175 3589 239 848

318 304 463 361 Deus
494 312 671 360 autem
713 319 823 359 non
857 303 932 360 ita
969 304 1100 376 agit,
1157 303 1313 360 Dedit
1360 303 1451 359 ille
1510 302 1668 374 prius
1702 286 1900 373 leg‘em,

2027 299 2178 364 ιῦτως
2203 315 2217 329 ο
2252 299 2365 353 ἀλλ’
2392 297 2560 351 ἔδωκε
2590 295 2774 367 νόμον,
2794 297 3110 365 προφήτας,
3140 295 3236 348 καὶ⁸
3263 293 3401 363 μετᾶ
3422 294 3593 347 ταῦτα

315 395 429 451 Nos
467 396 613 451 enim
651 395 906 452 homines
955 395 1436 467 circumspicimus
1464 395 1674 459 omnia,
1724 403 1780 450 et
1812 395 1902 449 ubi

318 490 499 562 primo
548 488 942 556 exciderimus,
1000 503 1201 543 novum
1257 486 1488 544 facimus
1546 486 1903 559 perieulum:

321 582 616 654 pmphetas
640 589 695 637 et
724 590 913 652 postea
944 579 1322 650 Evangelium,
1358 596 1467 636 non
1498 596 1625 636 cum
1661 588 1907 650 tempore

321 673 548 728 meliora
579 672 913 742 postliminio
951 672 1204 737 edoctus,
1271 671 1367 727 sed
1401 671 1471 726 ab
1506 671 1666 727 initio
1702 670 1908 726 intelli-

324 780 480 836 gens.
510 775 840 831 creaturam,
870 775 925 820 et
971 764 1258 835 speciatim
1303 763 1606 827 hominem,
1662 777 1770 817 non
1800 762 1908 817 alia

304 844 540 913 ratione
569 858 655 912 vel
697 858 882 923 condi,
934 857 1019 911 vel
1052 857 1200 922 duci,
1246 864 1340 911 aut
1372 855 1910 926 incorruptibilitatis

329 949 533 1004 donum
567 950 804 1021 recipere
841 964 1022 1022 posse,
1072 949 1176 1003 nisi
1228 949 1345 1014 illa,
1394 964 1557 1020 quam
1620 948 1912 1005 incﬂ‘abilis

330 1043 450 1112 ejus
481 1042 827 1112 providentia
870 1050 924 1097 et
988 1041 1363 1096 benevolentia
1420 1042 1711 1111 disposuit.
1743 1041 1914 1096 Aiunt

331 1137 549 1207 quidem
581 1134 829 1189 nonnulli
867 1152 880 1189 :
939 1132 995 1188 Si
1050 1133 1195 1189 Deus
1236 1134 1504 1189 Adamum
1557 1144 1911 1205 peccaturum

309 1213 456 1283 esse
494 1226 757 1297 praevidit,
811 1240 981 1296 quare
1002 1241 1128 1283 eum
1158 1226 1439 1281 condidit?
1471 1227 1540 1280 At
1568 1226 1753 1281 multae
1785 1234 1917 1282 sunt

332 1328 387 1373 et
415 1318 687 1388 przeclarae
741 1319 863 1382 viae,
919 1318 1122 1388 quibus
1169 1318 1443 1387 obiectum
1491 1321 1598 1375 hoc
1642 1318 1911 1374 diluatur.

333 1408 410 1465 Ita
466 1408 707 1465 Joannes
766 1410 1241 1482 Chrysostomus,
1301 1411 1589 1467 divinioris
1646 1412 1915 1467 doctrinae

332 1501 717 1574 gnarissimus,
739 1503 815 1557 ait
840 1522 855 1558 :
892 1523 911 1554 ι
945 1502 1064 1559 Νοη
1096 1504 1199 1561 hoc
1226 1505 1402 1561 solum
1429 1506 1574 1572 dico,
1604 1506 1747 1575 quod
1776 1522 1917 1577 prae-

333 1593 533 1655 viderit
586 1594 989 1667 (lapsum),sed
1036 1598 1184 1667 quod
1238 1598 1403 1653 etiam
1463 1598 1797 1668 prmviderit,
1857 1613 1918 1655 se

335 1688 547 1771 lapsum
583 1702 678 1757 per
703 1688 1065 1743 oeconomiam
1096 1689 1392 1745 salutarem
1425 1690 1622 1746 iterum
1653 1690 1922 1746 excitatu-

334 1790 481 1829 rum.
524 1794 543 1826 ι
597 1774 785 1846 Itaque
812 1792 919 1832 non
970 1776 1125 1847 prius
1172 1778 1308 1833 vidit
1351 1778 1588 1848 lapsum,
1640 1794 1805 1850 qnam
1854 1779 1923 1835 de

337 1863 677 1918 excitatione
730 1865 1009 1937 cegitavit.
1038 1864 1275 1923 Noverat
1318 1883 1443 1924 eum
1498 1869 1808 1939 lapsurum,
1865 1878 1925 1925 at

337 1954 686 2010 excitationis
714 1955 1017 2011 remedium
1046 1956 1158 2023 jam
1185 1966 1312 2013 ante
1342 1959 1681 2014 instruxerat
1710 1959 1925 2014 :bomi-

338 2058 464 2114 pem
495 2044 836 2113 experiundo
884 2045 1097 2101 discere
1126 2055 1360 2101 mortem
1389 2062 1585 2118 passus
1626 2057 1730 2112 est,
1758 2057 1820 2103 ut
1838 2048 1923 2103 iu-

344 2133 636 2204 telligeret,
667 2135 816 2203 hinc,
856 2137 985 2208 quid
1015 2153 1117 2193 suo
1151 2138 1256 2195 sibi
1288 2139 1561 2209 jumento,
1612 2141 1762 2209 hinc,
1794 2141 1928 2213 quid

342 2241 443 2298 per
458 2225 773 2283 Conditoris
796 2231 1024 2299 gratiam
1057 2231 1161 2287 sibi
1180 2232 1253 2287 sit
1272 2234 1665 2289 accersiturus.
1691 2233 1928 2290 Noverat

344 2317 615 2372 Adamum
663 2329 1038 2389 peccaturum,
1099 2330 1156 2375 at
1210 2322 1543 2392 praevidebat
1593 2337 1832 2393 quoque,
1862 2338 1928 2378 ex

343 2409 536 2464 eodem
577 2411 890 2481 prodituros
910 2426 1033 2468 esse
1053 2411 1302 2477 Abelem,
1321 2413 1587 2480 Enosum,
1619 2413 1927 2479 Enocltum,

344 2499 542 2566 Noam,
596 2501 792 2570 Eliam,
846 2505 1161 2575 prophetas,
1226 2507 1506 2577 apostolos
1556 2507 1928 2573 admirandos,

346 2592 532 2647 nobile
563 2592 699 2647 illud
725 2608 918 2664 genus,
977 2610 1078 2650 nec
1109 2596 1293 2651 minus
1326 2607 1630 2670 martyrum
1668 2600 1863 2665 nubes,
1899 2615 1931 2655 ιι

347 2680 461 2738 Deo
495 2685 786 2749 excitatas,
820 2696 875 2741 et
920 2688 1178 2758 pietatem
1235 2690 1525 2748 stillantes.
1579 2691 1707 2748 Haec
1735 2693 1933 2763 praevi-

347 2776 511 2843 debat
540 2776 773 2837 Numen.
798 2777 1169 2837 Pulcltrttmue
1193 2783 1400 2854 itaque,
1414 2784 1717 2854 iustumne,
1757 2785 1936 2843 Deove

347 2864 573 2935 dignum
607 2860 833 2932 fuisset,
862 2867 1007 2933 ideo,
1059 2871 1206 2939 quod
1237 2887 1382 2926 unus
1411 2872 1576 2928 homo
1608 2882 1935 2943 peccaturus

2004 395 2066 445 τὸ
2094 392 2447 460 Εὑαγγέλιον,
2474 390 2534 443 οὐ
2558 390 2737 460 χρόνῳ
2779 388 2841 442 τὸ
2902 388 3183 459 συμφέρον
3237 386 3589 459 μεταμαθὼν,

2005 486 2102 541 ἀπ’
2127 484 2303 555 ἀρχῆς
2353 483 2410 537 δὲ
2455 481 2630 546 εἰδὼς,
2673 481 2751 545 ὡς
2797 480 2897 551 οὐχ
2942 474 3054 533 οἷόν
3085 497 3147 533 τε
3180 478 3360 543 ἄλλως
3400 474 3469 549 ἦν
3498 480 3594 550 τὴν

2009 576 2207 642 κτίσιν,
2239 575 2333 628 καὶ
2378 573 2472 627 τὸν
2511 574 2570 626 ὲν
2613 572 2748 641 αὐτῇ
2798 569 3090 642 ἄνθρωπον
3138 569 3265 624 οὔτε
3314 568 3591 638 γενέσθαι,

2007 666 2131 722 οὔτε
2151 664 2659 737 παιδαγωγηθῆναι,
2677 661 2803 716 οὔτε
2832 662 2894 716 τὸ
2923 665 3024 734 τῆς
3044 661 3360 733 ἀφθαρσίας
3377 661 3596 731 ἀξίωμα

2008 756 2299 814 ἀναλαϐεῖν
2318 773 2331 787 ⁸
2359 756 2409 808 εί
2444 753 2519 826 μὴ
2546 752 2669 807 καθ’
2694 752 2755 806 ὃν
2805 752 3008 822 τρόπον
3032 753 3064 822 ἡ
3102 750 3311 820 άφατος
3368 750 3595 819 πρόνοια

2011 850 2106 904 καὶ
2133 846 2511 918 φιλανθρωπία
2537 844 3073 917 (ξικονόμησεν.”οτι,
3108 843 3296 912 φασὶν,
3331 844 3381 896 εί
3404 844 3595 912 προεῖο

2010 940 2099 996 δεν
2139 940 2482 1011 ἀμαρτήσειν
2541 936 2634 989 τὸν
2670 934 2843 1004 Ἀδὰμ
2881 936 2910 987 6
2946 933 3101 998 Θεὸς,
3129 934 3182 986 τί
3211 933 3307 987 καὶ
3344 934 3599 1003 προήγα-

2013 1048 2110 1102 γεν
2139 1032 2338 1097 αὑτόν;
2374 1029 2483 1082 Καὶ
2524 1026 2719 1080 πολλαὶ
2747 1025 2849 1096 μέν
2884 1026 2990 1078 είσι
3016 1025 3113 1077 καὶ
3137 1024 3414 1092 πάγκαλοι
3442 1021 3597 1075 τοῦδε

2013 1124 2108 1178 τοῦ
2141 1124 2495 1195 ἀπορήματος
2556 1118 2854 1181 ὲπιλύσεις.
2884 1117 3047 1185 Λέγει
3090 1116 3136 1169 δ’
3162 1112 3255 1170 οὖν
3299 1117 3397 1169 καὶ
3421 1116 3451 1168 6
3482 1115 3601 1168 θεό-

2017 1231 2180 1285 σοφος
2230 1213 2485 1280 Ἰωάννης
2529 1212 2557 1265 6
2605 1209 3025 1280 Χρυσόστομος,
3072 1209 3156 1261 ὅτι
3211 1225 3230 1258 ι
3301 1207 3377 1259 Ού
3437 1205 3603 1262 τοῦτο

2021 1308 2180 1380 μόνον
2213 1304 2378 1375 φημὶ,
2403 1305 2485 1358 ὃτι
2510 1301 2759 1374 προῄδει,
2791 1300 2905 1355 ἀλλ’
2936 1302 3021 1355 ὅτι
3060 1301 3156 1353 καὶ
3198 1300 3435 1353 πεσόντα
3468 1299 3604 1351 ἀνα-

2020 1397 2210 1467 στήσει
2241 1394 2405 1450 αύτδν
2434 1393 2520 1447 διὰ
2549 1394 2650 1463 τῆς
2684 1391 2999 1463 οἰκονομίας
3018 1408 3032 1423 ·
3062 1409 3081 1442 ι
3126 1390 3221 1443 καὶ
3276 1391 3338 1442 οὐ
3385 1388 3605 1458 πρῶτον

2021 1485 2160 1543 εἶδεν
2188 1488 2286 1559 τὴν
2312 1486 2543 1551 πτῶσιν,
2583 1487 2632 1539 εί
2659 1485 2733 1557 μὴ
2769 1482 3179 1556 προεπενόησεν
3225 1481 3325 1551 τὴν
3362 1481 3607 1533 ἀνάστα-

2022 1598 2107 1636 σιν
2132 1598 2145 1610 ·
2178 1581 2318 1651 ᾔδει,
2379 1580 2461 1632 ὅτι
2512 1580 2780 1644 πεσεῖται,
2816 1577 2951 1631 ἀλλά
2970 1574 3314 1645 προαπέθετο
3343 1574 3441 1644 τῆς
3474 1574 3610 1625 ἀνι-

2026 1673 2269 1735 στάσεως
2294 1671 2609 1743 φάρμακον,
2642 1670 2734 1723 καὶ
2766 1667 3149 1739 συνεχώρησεν
3177 1667 3258 1729 είς
3283 1666 3484 1735 πεῖραν
3519 1664 3609 1716 ὲλ-

2026 1766 2139 1820 θεῖν
2183 1765 2413 1819 θανάτου
2462 1763 2553 1817 τὸν
2605 1761 2913 1833 ἄνθρωπον.
2951 1760 3069 1813 Ἵνα
3118 1757 3285 1830 μάθῃ,
3330 1757 3479 1817 τίνος
3508 1755 3612 1824 μὲν

2025 1856 2326 1915 ἀπολαύσει
2366 1855 2433 1910 δι’
2460 1854 2651 1908 ἑαυτόν
2676 1869 2690 1883 ο
2722 1853 2867 1916 τίνος
2924 1852 2983 1905 δὲ
3035 1852 3104 1922 τῇ
3150 1848 3244 1903 τοῦ
3296 1848 3609 1908 πλάσαντος

2026 1953 2210 2025 χάριτι
2235 1965 2248 1978 °
2276 1949 2394 2021 ᾔδει
2451 1945 2789 2018 πεσούμενον
2831 1944 2925 1998 τὸν
2975 1942 3180 2012 Ἀδὰμ,
3228 1940 3345 1996 ἀλλ’
3382 1939 3615 1995 ἔϐλεπεν

2026 2044 2087 2109 ἐξ
2109 2040 2276 2096 αὐτοῦ
2309 2039 2775 2111 προελευσόμενον
2817 2034 2910 2089 τὸν
2946 2034 3135 2101 Ἅϐελ,
3166 2034 3261 2088 τὸν
3301 2032 3491 2095 Ἑνὼς,
3523 2031 3617 2084 τὸν

2040 2135 2235 2206 Ἑνὼχ,
2266 2134 2355 2188 τὸν
2383 2131 2530 2194 Νῶε,
2564 2131 2657 2185 τὸν
2690 2129 2902 2195 Ἠλίαν,
2950 2128 3080 2191 τοὺς
3126 2127 3415 2197 προφήτας
3434 2164 3451 2187 ,
3482 2124 3614 2185 τοὺς

2030 2226 2377 2300 θαυμαστοὺς
2420 2223 2778 2287 ἀποστόλους,
2816 2220 2914 2293 τὴν
2938 2219 3221 2289 εὐγένειαν
3246 2217 3345 2287 τῆς
3370 2215 3615 2286 φύσεως,

2031 2321 2100 2376 τὰ
2128 2320 2421 2389 θεοκίνητα
2448 2317 2557 2372 τῶν
2592 2315 2890 2388 μαρτύρων
2922 2313 3017 2368 καὶ
3068 2311 3338 2376 στάζοντα
3373 2313 3477 2379 τὴν
3522 2306 3617 2359 εύ-

2033 2413 2253 2467 σέὀειαν
2290 2412 2427 2483 νέφη
2458 2429 2473 2444 ο
2511 2409 2709 2463 εϐλεπε
2750 2406 2949 2472 ταῦτα,
2994 2404 3093 2460 καὶ
3142 2402 3248 2457 ποῦ
3295 2398 3366 2473 ἦν
3428 2399 3621 2461 καλὸν,

2032 2506 2136 2561 ποῦ
2171 2506 2230 2560 δὲ
2248 2505 2478 2569 δίκαιον,
2500 2501 2605 2556 ποῦ
2632 2502 2692 2555 δὲ
2734 2500 3061 2570 θεοπρεπὲς,
3103 2497 3228 2560 ἵνα,
3272 2495 3414 2550 διότι
3457 2492 3624 2563 ἔμελ-

2032 2599 2125 2655 λεν
2158 2591 2238 2661 εἷς
2275 2597 2565 2667 ἄνθρωπος
2590 2592 2873 2665 ἀμαρτάνε
2886 2609 2955 2656 ιν,
2980 2589 3171 2644 τοῦτον
3204 2588 3281 2660 μὴ
3313 2586 3623 2653 ἀναγαγεῖν

2035 2694 2098 2745 ἐκ
2126 2690 2201 2762 μὴ
2253 2689 2446 2753 ὄντων,
2478 2688 2575 2740 καὶ
2630 2684 2905 2740 τοσούτων
2946 2682 3180 2755 ἀνδρῶν,
3222 2672 3298 2734 ὧν
3343 2677 3468 2731 οὐδὲ
3496 2674 3624 2729 καθ’

2033 2787 2130 2840 ἕνα
2184 2784 2337 2850 ἄξιος
2390 2784 2420 2836 6
2464 2781 2691 2849 κόσμος,
2741 2776 2916 2849 φορὰν
2945 2772 3242 2843 ἀνακόψαι,
3276 2770 3373 2824 καὶ
3402 2766 3626 2838 θερίσαι

2037 2876 2337 2950 πρόρριζον
2375 2874 2474 2943 τὴν
2494 2872 2770 2942 τοσαύτην
2801 2866 2897 2924 τοῦ
2943 2868 3137 2936 γένους
3188 2863 3484 2936 βλάστησιν
3523 2858 3622 2913 καὶ

347 2966 487 3021 erat,
517 2974 641 3013 eum
673 2974 736 3013 ex
791 2959 962 3015 nihilo
1020 2977 1129 3016 non
1160 2962 1419 3030 condere,
1464 2972 1519 3019 et
1550 2964 1740 3020 eadem
1770 2982 1924 3037 opera

2038 2965 2323 3038 καλλονὴν,
2364 2964 2459 3020 καὶ
2510 2964 2633 3018 κατ’
2661 2961 2833 3032 αὐτῆς
2881 2957 3179 3029 ἐπαφιέναι
3227 2953 3326 3061 τῂν
3377 2950 3627 3061 ἐκτομὴν

348 3058 628 3105 tantorum
681 3053 964 3121 virorum,
1039 3068 1275 3124 quorum
1323 3071 1425 3112 nec
1454 3072 1563 3112 uno
1612 3057 1808 3128 dignus
1852 3068 1924 3113 est

2039 3062 2134 3117 καὶ
2172 3059 2362 3131 ὀργήν,
2388 3058 2483 3112 καὶ
2531 3056 2654 3112 τότε
2699 3053 2795 3108 τοῦ
2818 3053 2917 3125 τὴν
2937 3048 3219 3122 ἁμαρτίαν
3259 3045 3487 3117 ὕστερον
3510 3043 3629 3096 ἑλο-

349 3140 526 3204 orbis,
563 3150 891 3210 proventum
926 3141 1242 3213 prohibere,
1280 3152 1391 3198 tam
1422 3143 1601 3200 laetam
1624 3145 1936 3214 pulchram-

351 3248 464 3303 que
492 3234 719 3288 bumani
756 3235 973 3303 generis
1017 3245 1316 3291 sementem
1363 3236 1631 3292 radicitus
1678 3237 1933 3300 evellere,

354 3321 542 3393 illique
568 3323 846 3382 excidium
895 3334 950 3383 et
999 3327 1136 3381 iram
1166 3328 1478 3394 immittere,
1510 3327 1673 3398 idque
1698 3343 1764 3383 eo
1797 3338 1928 3384 tem-

354 3430 508 3483 pore,
543 3432 654 3486 quo
689 3417 878 3484 homo,
931 3420 1024 3490 qui
1072 3428 1260 3491 postea
1319 3429 1545 3491 peccato
1599 3421 1935 3493 indulgebat,

355 3518 458 3577 nec
490 3513 829 3573 peccaverat,
882 3522 1057 3578 neque
1108 3508 1175 3564 de
1230 3509 1502 3579 patrando
1532 3519 1780 3580 peccato,
1811 3526 1938 3565 cum

353 3596 597 3654 nondum
631 3599 939 3666 exsisteret,
968 3602 1346 3672 cogitaverat?
1378 3602 1435 3657 Si
1460 3603 1605 3658 enim
1633 3603 1940 3674 sapientum

355 3697 458 3754 est,
491 3690 560 3744 ab
593 3704 681 3755 eo,
707 3692 802 3762 qui
838 3707 1065 3763 peccare
1097 3692 1317 3763 quidem
1354 3702 1587 3749 conatus
1625 3705 1726 3757 est,
1767 3708 1945 3763 neque

364 3788 548 3837 tamen
577 3798 704 3838 vere
753 3786 1019 3854 peccavit,
1056 3788 1264 3856 peccati
1294 3802 1486 3857 poenas
1515 3802 1625 3841 non
1656 3795 1940 3856 repetere;

356 3873 635 3942 quomodo
660 3874 832 3929 Deum
864 3875 1127 3942 decuerit,
1148 3892 1294 3943 eum,
1319 3876 1413 3948 qui
1439 3891 1540 3931 nec
1568 3891 1795 3946 peccare
1817 3889 1947 3934 tunc

364 3964 701 4037 instituerat,
755 3968 1095 4035 peccantium
1144 3967 1324 4037 poenis
1353 3966 1667 4036 subjicere?
1695 3968 1948 4037 Inprimis

2041 3156 2204 3228 μένου
2226 3152 2352 3207 οὔτε
2377 3150 2744 3224 ᾁμαρτόντος,
2779 3146 2905 3202 οὔτε
2947 3144 3220 3215 ἁμαρτεῖν
3263 3134 3634 3211 μεμελετηκόο

2037 3264 2150 3311 τος,
2184 3246 2281 3301 ἆτε
2328 3245 2498 3317 μήπω
2550 3242 2678 3314 μηδ’
2699 3238 3013 3311 ὑφεστῶτος
3038 3253 3054 3302 ;
3082 3236 3144 3289 Et
3187 3232 3298 3304 γὰρ
3330 3228 3633 3300 σωφρόνων

2040 3340 2188 3393 ἐστὶν
2217 3337 2450 3407 ἀνδρῶν,
2479 3336 2542 3390 τὸ
2589 3334 2969 3406 μελετήσαντα
3003 3328 3103 3399 μὲν
3148 3323 3491 3396 άμαρτῆσαι,
3556 3318 3634 3388 μὴ

2042 3431 2438 3502 ἁμαρτήσαντα
2487 3429 2565 3497 δὲ,
2628 3426 2705 3499 μὴ
2768 3424 3117 3496 εἰσπράττειν
3172 3417 3403 3478 εὐθύνας
3450 3415 3638 3483 ἀμαρ-

2041 3539 2109 3592 τη
2119 3522 2301 3593 μάτων
2316 3538 2331 3551 ’
2365 3521 2540 3574 εἵπου
2562 3536 2626 3588 γε
2649 3518 2715 3573 ἂν
2733 3517 2818 3586 είη
2842 3512 2979 3569 Θεοῦ
2998 3554 3014 3579 ,
3065 3514 3161 3566 τὸν
3194 3550 3211 3576 ,
3263 3507 3400 3580 μηδὲ
3475 3501 3636 3575 μελε-

2044 3614 2290 3683 τήσαντα
2318 3610 2730 3682 ὲξαμαρτῆσαι,
2763 3607 2861 3670 τὰς
2886 3604 2998 3658 τῶν
3023 3598 3431 3675 ἡμαρτηκότων
3467 3595 3639 3647 άπαι-

2046 3706 2162 3758 τεῖν
2194 3704 2370 3768 δίκας,
2403 3704 2498 3757 καὶ
2528 3702 2653 3755 τότε
2690 3696 2933 3771 χαλεποῦ
2965 3696 3063 3765 μὲν
3097 3694 3251 3756 ὄντος
3301 3688 3399 3743 τοῦ
3452 3688 3639 3757 ἀμαρ-

2046 3797 2111 3869 τή
2122 3812 2291 3867 ματος
2340 3794 2481 3866 (πῶς
2510 3794 2621 3865 γὰρ
2654 3793 2716 3845 οὐ
2756 3789 2994 3862 χαλεπὸν
3015 3785 3273 3856 ἀθέτησις
3296 3775 3639 3869 Δεσποτικῇς

2047 3864 2269 3956 ἐντολῆς
2295 3864 2357 3955 ;),
2381 3884 2483 3938 οὐκ
2535 3864 2755 3937 ἀνιάτου
2782 3881 2840 3934 δὲ
2870 3878 3132 3949 ἐσομένου
3177 3874 3245 3945 τῇ
3277 3871 3471 3940 ἁφάτῳ
3509 3864 3640 3934 φιλ-

2050 3976 2339 4048 ανθρωπίᾳ
2394 3974 2489 4028 τοῦ
2543 3969 2999 4035 Ultionem,le
3039 3965 3132 4020 τοῦ
3186 3958 3643 4035 πρωτοπλάστου,

357 4073 507 4122 cum,
547 4060 801 4130 quamvis
835 4070 1119 4130 peccatum
1151 4061 1288 4115 adeo
1338 4075 1503 4130 grave
1534 4068 1714 4127 esset,
1746 4060 1924 4132 (nomn

2051 4068 2131 4130 είς
2167 4068 2266 4135 τὴν
2299 4065 2534 4138 ἀρχαίαν
2563 4061 2935 4132 ὲπανάγεσθαι
2986 4057 3274 4131 μέλλοντος
3319 4050 3603 4120 εὐγένειαν
3625 4061 3641 4076 ’

360 4149 507 4205 enim
538 4166 703 4220 grave
735 4160 856 4205 erat
890 4160 1219 4221 prmceptum
1260 4152 1478 4208 Domini
1509 4153 1775 4222 violare?)
1807 4153 1924 4207 iden

2054 4157 2198 4212 ῶστε
2250 4160 2299 4211 εί
2345 4158 2420 4228 μὴ
2466 4157 2731 4229 προῆκτο,
2761 4154 2899 4207 διότι
2928 4151 3155 4222 ἔμελλεν
3185 4144 3457 4218 ἁμαρτεῖν
3483 4142 3511 4195 6
3540 4141 3637 4209 ἀρ-

359 4249 542 4296 tamen
574 4241 902 4296 medicinam
931 4256 998 4296 ex
1032 4241 1646 4310 ineﬂabiliConditoris,
1672 4244 1924 4299 hominen

2055 4246 2301 4316 χέγονος,
2342 4246 2619 4302 ἐδείκνυτο
2650 4244 2716 4299 ἂν
2748 4243 2810 4298 τδ
2831 4242 3009 4306 Θεῖον,
3044 4240 3139 4293 τὸν
3181 4238 3257 4309 μὴ
3294 4231 3646 4305 ἁμαρτάνον-

364 4332 433 4387 ad
472 4333 762 4405 pristinam
792 4348 947 4388 suam
1002 4334 1322 4404 dignitatem
1354 4334 1657 4403 reducturi,
1705 4336 1919 4391 benevo

2027 4356 2122 4400 ,τα
2150 4336 2417 4405 κολάζων,
2443 4338 2539 4391 καὶ
2577 4337 2677 4409 τῆς
2709 4335 2938 4405 ὕστερον
2987 4330 3339 4399 ἀνακλήσεως
3398 4324 3492 4378 καὶ.
3540 4337 3647 4389 an):

360 4425 534 4480 lentia
588 4425 920 4493 admitteret.
980 4426 1138 4495 Quod
1191 4428 1238 4490 si
1286 4427 1472 4499 itaque
1529 4428 1787 4484 conditus
1836 4443 1924 4493 non

2057 4429 2256 4501 τηρίας
2284 4429 2630 4501 ἀποστερῶν,
2673 4428 2769 4483 καὶ
2809 4424 3084 4480 τοσούτων
3126 4418 3338 4491 ἀνδρῶν
3370 4414 3552 4471 καλῶν
3582 4429 3645 4464 τε

359 4516 559 4574 fuisset
617 4516 761 4584 ideo,
817 4519 964 4588 quod
1020 4521 1231 4590 primus
1286 4521 1377 4576 ille
1427 4520 1593 4576 homo
1626 4528 1917 4591 peccaturu

2061 4525 2156 4578 καὶ
2191 4522 2413 4592 ἀγαθῶν
2447 4522 2654 4594 ἔρημον
2673 4521 2775 4593 τὴν
2807 4518 2986 4573 κτίσιν
3034 4513 3370 4584 ἀποφαίνων.

363 4624 502 4681 erat,
534 4614 681 4673 Deus
722 4613 913 4685 utique
980 4615 1105 4670 talis
1172 4618 1323 4672 visus
1358 4625 1523 4683 esset,
1572 4617 1665 4687 qui
1702 4628 1757 4672 et
1784 4617 2082 4684 hominem,
2119 4619 2326 4689 peccati
2392 4619 2637 4674 nondum
2695 4632 2874 4681 reum,
2916 4611 3210 4686 puniisset,
3267 4617 3323 4662 et
3388 4609 3643 4659 secutura

364 4708 718 4763 revocatione
774 4723 837 4763 ac
873 4708 1048 4766 salute
1110 4710 1375 4781 privaret,
1408 4720 1716 4767 creaturam
1752 4710 1990 4781 denique
2017 4720 2097 4769 tot
2149 4722 2204 4767 et
2235 4722 2339 4766 tam
2371 4711 2651 4784 praeclaris
2696 4710 2964 4780 bonisque
2984 4704 3298 4761 hominibus
3323 4698 3635 4771 spoliasset.

365 4827 694 4896 QUJESTIO
735 4829 918 4886 CLXII
959 4830 1149 4903 [CoisL
1177 4831 1379 4901 CXCII,
1424 4834 1590 4891 Taur.
1625 4831 1924 4905 CLXXXII:

2570 4826 2908 4885 ΕΡΩΤΗΣΙΣ
2952 4826 3116 4880 ΡΞΒ’.

367 4941 512 5005 Quid
535 4944 827 5013 signiﬁcat,
860 4964 879 4997 ι
908 4945 1297 5015 anogem'tus
1321 4948 1490 5003 omnis
1518 4960 1776 5009 creatura:
1796 4953 1858 4983 ¹²⁴
1882 4953 1905 5006 ?

2193 4951 2253 5004 Τί
2281 4949 2410 5003 ἐστι
2429 4964 2442 4977 ·
2476 4965 2494 4997 ι
2522 4944 2903 5013 Πρωτότοκος
2930 4938 3135 5006 πάσης
3165 4936 3454 5000 κτίσεως;
3483 4952 3503 4986 ›

582 5061 837 5115 Edltarum
860 5081 887 5117 a
908 5067 1088 5119 Wolﬁo
1122 5068 1360 5133 vigesima
1389 5070 1561 5134 quinta
1585 5075 1639 5135 (1.
1662 5088 1729 5137 c.,
1750 5091 1800 5139 p.
1822 5077 2089 5128 BOD—.802.
2121 5072 2343 5126 Galland.
2372 5084 2419 5134 p.
2449 5067 2562 5127 747,
2583 5065 2697 5127 9l8,
2722 5078 2775 5113 n.
2801 5062 2903 5124 $2).
2928 5088 2989 5098 —-
3012 5060 3066 5111 In
3090 5059 3272 5109 (loloss.
3297 5069 3332 5116 ι,
3357 5055 3436 5106 15.

439 5163 667 5233 Quando
689 5169 896 5228 Paulus
925 5194 943 5225 ‹
970 5177 1394 5247 primogenitum
1425 5183 1606 5238 omnis
1637 5193 1903 5240 creatura:

2130 5183 2253 5233 Ὂτι
2269 5177 2362 5232 τοῦ
2387 5174 2533 5230 θείου
2555 5170 2768 5227 Παύλου
2787 5166 3080 5228 είπόντος,‹
3105 5163 3458 5235 Πρωτότοκος
3474 5160 3650 5230 πάσης

368 5259 604 5328 appellat
654 5262 1017 5335 (Dominum),
1049 5266 1286 5326 haeretici
1328 5286 1434 5327 non
1463 5274 1826 5343 rccogitantes
1884 5274 1924 5330 dt

2058 5272 2311 5337 κτίσεως,
2340 5288 2358 5323 ι
2394 5267 2443 5322 oi
2469 5263 2756 5337 aipsttxol,
2784 5257 2940 5329 φησὶ,
2966 5256 3078 5328 (90)
3105 5256 3179 5329 μὴ
3202 5256 3496 5328 νοήσαντες
3524 5250 3649 5323 περὶ

444 5378 509 5411 ¹¹⁶
534 5380 746 5436 Coloss.
780 5398 819 5448 ι,
868 5383 956 5437 15.

1933 5457 2170 5515 ΝΟΤίΕ.

445 5568 647 5646 (Spuri
676 5583 777 5624 ms.
814 5586 965 5646 φασι,
989 5571 1133 5640 quod
1180 5578 1363 5646 tamen
1422 5574 1492 5627 ob
1557 5590 1790 5646 sequens
1821 5591 1924 5628 κατ

2027 5572 2267 5641 ϐάζουσι,
2318 5573 2497 5631 locum
2538 5571 2740 5630 habere
2804 5585 2912 5627 non
2965 5573 3166 5638 potest.
3228 5561 3415 5631 Itaque
3457 5554 3643 5627 scripsi

377 5637 815 5705 enatyFortassc
845 5637 1219 5712 Chrysostomi
1257 5644 1370 5699 hazc
1402 5652 1554 5699 sunt.
