3908 6214
141 254 237 320 819

992 252 1094 312 ΑΙ)
1130 251 1720 314 AMPHILOCHIUM
1746 249 2093 325 QUIESTIO
2145 250 2379 326 CLXII,
2414 250 2679 312 CLXIII.

3294 247 3399 311 850

139 370 281 430 ποίας
306 365 533 429 κτίσεως
560 364 734 434 λέγει,
759 364 838 428 εἰς
874 363 1083 435 κτίσμα
1121 364 1216 419 τὸν
1247 364 1376 419 Υἰδν
1395 366 1446 419 oi
1471 365 1695 439 ἀνόητοι

1832 366 1952 436 [nali
1981 374 2232 422 creatura
2252 366 2530 436 loquatur,
2548 363 2750 419 Filium
2782 362 3104 435 insipientes
3148 364 3202 419 in
3248 380 3399 420 crea.

138 458 544 523 καταδιδάζουσι
569 472 585 488 ⁶
628 454 782 527 διττὴ
813 454 925 527 δὲὴ
961 455 1156 520 κτίσις·
1181 458 1216 528 ὴ
1249 457 1349 527 μὲν
1384 457 1495 528 γάρ
1545 458 1698 513 ἐστιν

139 549 537 623 ήγεγενημένη,
587 549 764 621 ήδὲή
819 548 1307 621 άνακαινιζομὲνη.
1363 549 1537 613 Αὐτὸς
1587 552 1699 623 γάρ

141 644 329 705 Παῦλος
378 642 506 713 βοᾷο
546 662 566 694 ε
607 640 756 705 Eiet;
795 642 853 695 ἐν
906 640 1166 711 Χριστῷ,
1208 641 1372 713 καινὴ
1424 642 1635 707 κτίσις⁸
1675 662 1693 695 ι

141 732 218 785 ἵνα
240 732 291 786 δὲ
319 728 586 802 λαμπρῶς
624 730 904 802 ἀποδείξῃ,
931 730 1015 784 ὅτι
1064 733 1160 799 τῆς
1215 731 1701 804 ἀνακαινισθείσης

140 827 354 890 κτίσεως
368 825 516 893 λέγει
534 820 882 896 πρωτότοκον
893 824 982 878 τὸν
994 826 1037 877 Χ
1047 824 1250 894 ριστὸν,
1265 825 1479 895 ἐπάγει’
1499 844 1518 878 ι
1541 826 1701 896 Πρω-

138 920 337 980 τὸτοκος
360 918 423 971 ἐκ
448 916 680 988 νεκρῶν,
713 917 803 971 ἵνα
826 916 1052 987 γένηται
1078 918 1136 970 ἐν
1156 918 1292 971 πᾶσι
1317 917 1617 990 πρωτεύων
1635 934 1648 947 ·
1678 934 1695 968 ι

140 1006 422 1078 πρωτεύων
450 1006 559 1059 τῶν
587 1004 1116 1076 ἀνακαινιζομένων,
1139 1006 1251 1060 τῶν
1282 1007 1365 1070 είς
1390 1007 1704 1078 ἀφθαρσίαν

141 1099 515 1169 καλουμένων,
558 1097 666 1151 τῶν
731 1098 797 1151 ἐκ
851 1097 1059 1170 νεκρῶν
1110 1098 1509 1169 ἐγειρομένων
1551 1116 1704 1171 πρω-

136 1191 320 1253 τεύων,
350 1192 411 1245 ού
470 1189 615 1245 κατὰ
658 1189 759 1262 τὴν
817 1190 1049 1262 θεότητα
1076 1204 1090 1220 ⁸
1124 1191 1306 1259 άπαγε
1328 1207 1343 1222 ο
1374 1190 1533 1261 ὕϐρις
1593 1191 1703 1264 γὰρ

137 1280 266 1352 Θεῷ,
296 1282 355 1334 τὸ
384 1280 664 1335 καλεῖσθαι
708 1279 928 1353 πρῶτον
977 1279 1087 1334 τῶν
1146 1281 1488 1351 κτισμάτων,
1511 1281 1567 1345 ὃς
1602 1282 1703 1353 άῤ-

136 1376 276 1446 ρήτῳ
304 1374 445 1445 λόγῳ
475 1375 570 1428 καὶ
592 1373 936 1446 άνεπινοήτῳ
966 1374 1211 1446 ὑπεροχῇ
1245 1373 1427 1443 πάσης
1460 1374 1705 1446 ὑπερήρ-

133 1485 286 1538 τηται
318 1470 410 1523 κοιλ⁵
438 1468 549 1539 (9|)
582 1467 936 1541 ύπερίδρυται
966 1467 1183 1537 φύσεως
1211 1482 1226 1496 ⁸
1261 1466 1399 1520 ἀλλὰ
1434 1465 1706 1538 πρωτεύει

134 1560 269 1613 κατά
304 1577 365 1629 γε
410 1560 510 1633 τὴν
538 1560 957 1633 ἀνθρωπότητα,
993 1559 1235 1630 ἀρχηγὸς
1281 1560 1439 1631 ἡμῶν
1466 1557 1707 1629 γεγονὼς

132 1644 229 1723 τῆς
261 1652 626 1716 ἀναστάσεως,
654 1653 750 1706 καὶ
783 1652 885 1721 τῆς
918 1654 984 1706 ἐκ
1029 1652 1236 1723 φθορᾶς
1276 1653 1356 1714 είς
1393 1652 1706 1724 ἀφθαρσίαν

1803 466 2050 512 turarum
2087 472 2377 513 numerum
2412 456 2735 512 detrudunt.
2765 454 2885 510 Jam
2920 472 3052 511 vero
3084 456 3284 527 duplex
3314 468 3398 513 est

1800 560 2070 606 creatura:
2114 565 2336 621 genus:
2381 549 2490 605 alia
2526 560 2612 605 est
2654 548 2912 614 condita,
2960 549 3065 604 alia
3114 560 3397 606 renovata.

1802 642 1922 715 Ipse
1951 643 2097 698 enim
2149 641 2353 698 Paulus
2376 642 2616 697 clamat:
2650 661 2669 694 ι
2710 641 2768 697 Si
2796 641 2917 712 quis
2945 642 2997 696 in
3031 642 3252 697 Christo
3294 654 3400 709 est,

1802 750 1941 791 nova
1966 742 2053 791 est
2086 744 2337 790 creatura
2368 734 2414 766 ¹³
2437 775 2451 789 .
2498 752 2516 786 ι
2557 732 2629 789 Ut
2668 749 2795 788 vero
2817 734 2964 789 clare
2996 734 3311 789 ostenderet
3343 751 3402 790 se

1802 826 2085 883 Christum
2135 826 2561 897 primOgenitum
2609 826 2793 882 dicere
2817 865 2832 891 ,
2865 825 3052 880 habito
3084 825 3151 879 ad
3180 834 3399 880 creatu-

1803 934 1919 975 ram
1940 928 2256 974 renovatam
2281 927 2556 989 respectu.
2592 918 2871 990 subiungit
2899 934 2912 972 :
2943 935 2963 970 ι
3002 917 3402 988 Primogenitus

1802 1029 1868 1071 ex
1899 1014 2154 1080 mortuis,
2194 1024 2254 1068 ut
2287 1014 2583 1083 primatum
2612 1013 2754 1068 inter
2782 1028 2973 1069 omnes
3022 1012 3350 1067 obtineat":
3377 1032 3395 1064 ι

1804 1108 2097 1180 primatum
2166 1106 2375 1162 scilicet
2434 1107 2578 1163 inter
2635 1121 2751 1168 eos.
2807 1106 2901 1177 qui
2963 1107 3209 1160 renovati
3253 1101 3439 1180 sunt,§

1806 1175 1900 1271 qui
1934 1198 2001 1252 ad
2033 1198 2610 1268 incorruptibilitatem
2650 1175 2866 1263 vocati,
2919 1197 3012 1267 qui
3056 1212 3121 1251 ex
3172 1175 3439 1250 mortuis~

1805 1289 2062 1354 excitati;
2110 1290 2407 1358 primatum
2460 1298 2641 1355 tenet,
2694 1305 2803 1344 non
2872 1288 3173 1343 secundum
3229 1286 3406 1343 deita-

1803 1392 1916 1441 tem
1949 1399 1963 1447 ;
2007 1379 2151 1435 absit
2183 1381 2330 1438 hoc!
2371 1381 2633 1451 injurium
2672 1380 2820 1434 enim
2852 1378 3035 1442 fuerit,
3073 1377 3246 1432 Deum
3287 1377 3403 1446 pri-

1808 1495 1955 1534 mum
1984 1490 2361 1535 creaturarum
2402 1473 2718 1544 vocari,qui
2758 1473 2973 1528 ratione
3001 1471 3235 1542 quadam
3266 1468 3399 1523 inef-

1810 1572 1962 1629 fabili
2009 1584 2065 1629 et
2103 1570 2494 1643 praerogativa,
2544 1567 2817 1623 intellectu
2871 1582 2979 1620 non
3037 1565 3403 1634 assequenda,

1812 1682 1978 1737 supra
2012 1680 2232 1721 omnem
2272 1670 2524 1717 naturam
2557 1661 2770 1731 positus
2800 1668 2857 1715 et
2889 1666 3112 1714 evectus
3147 1668 3250 1711 est.
3299 1656 3405 1711 Sed

136 1745 683 1815 μεταστοιχειώσεως.
720 1745 778 1797 El
808 1760 917 1815 γάρ
965 1746 994 1798 ὁ
1046 1743 1157 1815 (92)
1201 1744 1391 1807 Ἠλίας
1440 1743 1534 1796 τὸν
1595 1744 1710 1797 υἱὸν

1832 1761 2111 1816 trimatum
2145 1766 2289 1813 tenet
2319 1757 2622 1811 secundum
2658 1753 3078 1814 humanitatem,
3103 1748 3213 1803 dux
3245 1748 3407 1803 nobis

130 1837 230 1908 τῆς
257 1838 428 1908 χήρας
456 1837 668 1908 ἤγειρε.
705 1837 802 1890 καὶ
841 1836 1146 1900 Ἐλισσαῖος
1171 1836 1262 1890 τὸν
1284 1837 1383 1906 τῆς
1400 1836 1708 1907 Σωμανίτι-

131 1928 244 1994 6ος,
274 1932 365 1985 καὶ
402 1930 563 1994 αὐτὸς
585 1933 612 1983 ὁ
646 1930 837 2001 Σωτὴρ
869 1931 1120 2001 τεταρῖον
1151 1930 1280 1982 eam
1311 1929 1564 2001 Λάζαρον
1596 1947 1715 1985 συν-

132 2023 506 2095 εξανέστησεν,
536 2023 652 2078 ἀλλ’
685 2023 863 2087 οὐδεὶς
905 2022 1087 2078 αὐτῶν
1138 2021 1249 2091 (95)
1292 2023 1372 2085 εἰς
1403 2022 1715 2093 ἀφθαρσίαν

133 2114 228 2168 καὶ
258 2114 555 2169 ἀθανασίαν
578 2114 860 2186 ἐξανέστη.
890 2114 1062 2170 Πάλιν
1091 2115 1202 2185 γὰρ
1230 2115 1411 2168 αὐτῶν
1444 2115 1554 2186 (94)
1575 2115 1716 2169 ὁθάο

134 2222 291 2268 νατος
322 2206 659 2277 ἐκυρίευσεν.
692 2206 931 2276 Χριστὸς
954 2206 1011 2260 δέ
1039 2207 1277 2270 ἀναστάς
1300 2207 1364 2259 ἐκ
1380 2206 1592 2278 νεκρῶν
1615 2206 1715 2259 οὐκ

132 2299 216 2352 ἕτι
252 2300 606 2373 ἀποθνήσκει,
656 2301 887 2366 θάνατος
937 2301 1105 2355 αὐτοῦ
1146 2304 1247 2356 οὐκ
1301 2302 1381 2356 ἔτι
1446 2298 1716 2372 κυριεύει.

144 2390 287 2445 Ἀλλ’
308 2392 429 2447 οὐδὲ
483 2392 729 2459 ἐκείνων,
760 2394 854 2454 οὓς
901 2393 1045 2448 κατά
1088 2393 1187 2465 τὴν
1230 2394 1493 2464 δευτέραν
1552 2392 1719 2447 αὐτοῦ

132 2485 437 2557 παρουσίαν
466 2484 788 2555 ἀναστήσει.
826 2486 891 2537 Ὢ
924 2485 1102 2555 κακῆς
1147 2485 1243 2538 καὶ
1291 2484 1524 2554 ἄφρονος
1562 2481 1721 2553 ἡμῶν

132 2575 357 2646 γνώμης
383 2576 398 2630 ι
434 2571 597 2647 ἦλθεν
623 2577 650 2628 ὁ
680 2575 912 2646 Χριστὸς
963 2575 1100 2647 πρὸς
1140 2577 1287 2647 ἡμᾶς
1308 2616 1323 2640 ,
1360 2576 1560 2630 ἔδωκεν
1588 2577 1722 2647 ἡμῖν

131 2665 194 2719 τὸ
216 2662 383 2719 αὑτοῦ
419 2664 645 2734 Πνεῦμα
682 2665 819 2735 (95),
870 2664 965 2718 καλ¹
1011 2665 1277 2720 ἀνέλαϐεν
1342 2666 1402 2720 τὸ
1453 2666 1723 2739 ἡμέτερον

132 2757 314 2828 σῶμα,
343 2756 437 2810 καὶ
456 2758 516 2810 τὸ
544 2756 899 2829 συνάλλαγμα
917 2758 1185 2829 προῆλθεν
1213 2776 1227 2791 ο
1251 2760 1347 2813 καὶ
1369 2758 1549 2814 λαϐὼν
1567 2759 1724 2830 ἡμῶν

128 2850 195 2903 τδ
252 2849 482 2921 φύραμα
528 2849 814 2919 άνύψωσεν
874 2850 1028 2916 αὐτὸ,
1057 2851 1153 2904 καὶ
1183 2850 1437 2905 ἐκάθισεν
1467 2852 1525 2905 ἐν
1575 2851 1727 2924 δεξιᾷ

132 2940 233 2995 τοῦ
292 2940 537 3011 Πατρός·
581 2942 676 2995 καὶ
733 2943 767 3012 ἡ
826 2941 1192 3014 ἀγνωμοσύνη
1254 2943 1355 3013 τὴν
1409 2943 1727 3012 εὐεργεσίαν

130 3032 677 3105 ὑδρίξευὲλάὸομεν
734 3034 798 3102 ἐξ
845 3034 1012 3088 αὑτοῦ
1042 3034 1105 3088 τὸ
1152 3035 1402 3107 Πνεῦμα,
1436 3036 1531 3088 καὶ
1574 3035 1727 3109 ὑϐρί-

1813 1853 1991 1909 factus
2024 1851 2090 1906 ad
2123 1849 2601 1906 resurrectionem.
2631 1854 2685 1900 et
2723 1844 2789 1898 ad
2823 1841 3399 1911 incorruptibilitatem

1813 1961 1879 2000 ex
1915 1944 2272 2013 corruptione
2301 1936 2758 2009 consequendam.
2784 1933 3047 2001 Quamvis
3079 1932 3224 1987 enim
3260 1930 3411 1985 Elias

1815 2037 1995 2092 vidua:
2040 2035 2212 2089 lilium
2264 2030 2543 2095 excitavit,
2577 2027 2837 2082 Elissaeus
2869 2041 3000 2081 vero
3042 2025 3193 2079 illum
3227 2022 3411 2079 Suna-

1817 2128 2054 2192 mitidis,
2110 2127 2372 2181 Servator
2421 2122 2660 2191 denique
2710 2128 2896 2174 noster
2951 2118 3256 2180 Lazarum,
3314 2130 3411 2185 per

1818 2219 2171 2291 quatriduum
2218 2224 2523 2277 mortuum,
2563 2211 2617 2266 in
2668 2207 2837 2264 vitam
2885 2205 3201 2271 revocavit;
3249 2218 3412 2258 nemo

1821 2290 2002 2366 tamen
2036 2320 2228 2361 eorum
2279 2305 2345 2359 ad
2382 2299 2955 2371 incorruptibilitatem
2990 2305 3043 2349 et
3082 2290 3412 2348 immortali-

1822 2405 1992 2451 tatem
2029 2393 2352 2449 resurrexit.
2399 2389 2545 2446 Mors
2572 2388 2718 2443 enim
2767 2386 2824 2440 in
2854 2378 2975 2438 illiis
3010 2382 3206 2436 iterum
3237 2378 3416 2433 domi-

1824 2496 1953 2543 nata
1987 2494 2089 2541 cst.
2124 2485 2383 2539 Christus
2428 2497 2583 2545 vero,
2616 2486 2906 2550 postquam
2960 2490 3025 2529 ex
3066 2471 3298 2527 mortuis
3327 2486 3415 2524 re-

1824 2577 2083 2642 surrexit,
2114 2591 2225 2630 non
2273 2574 2468 2628 iterum
2518 2571 2771 2631 moritur,
2825 2580 2975 2621 mors
3021 2564 3075 2617 in
3129 2561 3279 2615 illum
3309 2574 3415 2615 non

1826 2669 2063 2741 amplius
2095 2667 2412 2723 dominatur
2439 2665 2509 2730 ¹³,
2545 2664 2687 2719 sicut
2741 2674 2840 2714 nec
2887 2657 2940 2712 in
2997 2671 3114 2721 eos,
3184 2668 3324 2723 quos
3362 2651 3419 2704 in

1829 2761 2072 2821 secundo
2102 2758 2339 2814 adventu
2367 2771 2468 2811 suo
2497 2753 2771 2809 excitabit.
2811 2751 2852 2805 Ο
2886 2748 3170 2805 sinistrum
3202 2754 3254 2799 et
3282 2743 3418 2797 insi-

1826 2853 1986 2922 piens
2035 2857 2284 2903 nostrum
2331 2843 2645 2916 judicium!
2698 2840 2953 2897 Cltristus
2994 2838 3141 2893 venit
3172 2835 3239 2891 ad
3272 2848 3420 2888 nos:

1829 2943 1981 2999 dedit
2005 2941 2168 2996 nobis
2201 2938 2467 3010 Spiritum
2497 2950 2659 2991 suum
2688 2953 2701 2989 :
2734 2931 3035 3002 assumpsit
3061 2944 3190 2986 vero
3222 2940 3424 2993 corpus

1830 3039 2081 3087 nostrum
2116 3046 2130 3082 :
2168 3026 2308 3082 facta
2340 3034 2424 3081 est
2457 3023 2789 3095 permutatio
2823 3037 2840 3075 :
2876 3033 3114 3073 massam
3150 3015 3294 3071 enim
3323 3027 3424 3067 no-

132 3095 304 3195 ζομεν
356 3127 413 3179 ἐν
459 3095 724 3200 κτίσμασι
780 3095 880 3183 καὶ
936 3126 1150 3192 δούλοις
1203 3095 1336 3182 αὐτὶ)
1390 3095 1721 3198 καταλέγον-

1832 3136 2000 3183 stram
2023 3132 2361 3192 assumptam
2384 3118 2586 3183 evexit,
2619 3126 2672 3173 et
2695 3116 2761 3172 ad
2788 3116 3034 3171 dextram
3058 3112 3232 3167 Patris
3253 3110 3425 3166 collo-

131 3233 253 3280 τες.

1830 3219 1995 3275 cavit.
2052 3215 2173 3272 Jam
2206 3230 2335 3271 vero
2379 3214 2628 3284 ingratus
2678 3212 2894 3266 animus
2924 3209 2978 3263 in
3008 3206 3427 3263 beneﬁcentiam

133 3310 288 3367 hanc
316 3312 553 3383 injurius
601 3324 705 3371 est.
733 3314 991 3372 Naturam
1020 3332 1084 3371 ex
1117 3317 1276 3372 nobis
1304 3317 1700 3389 assumpsit,ct
1760 3332 1791 3372 a
1829 3314 2036 3371 dextris
2087 3313 2267 3368 Patris
2323 3310 2613 3367 collocavit
2647 3327 2659 3363 :
2710 3323 2810 3363 nos
2863 3306 2933 3362 ab
2984 3304 3078 3360 illo
3112 3302 3425 3374 accepimus

135 3402 448 3477 Spiritum;
482 3418 537 3465 et
570 3410 650 3465 vel
702 3410 781 3467 sic
816 3411 1017 3482 injuria
1042 3412 1310 3469 allicimus
1362 3412 1505 3467 inter
1536 3421 1815 3467 creaturas
1846 3418 1901 3466 et
1934 3424 2124 3467 servos
2148 3407 2302 3461 illum
2338 3414 2708 3460 numerantes.

669 3591 1006 3646 ΕΡΩΤΗΣΙΣ
1040 3591 1205 3648 ΡΞΓ’.

457 3807 515 3859 Τί
534 3807 667 3861 ἐστι
691 3807 905 3876 δέησις
928 3809 1029 3863 καί
1070 3810 1419 3880 προσευχή;

2056 3583 2385 3653 ρυιλεετιο
2451 3579 2909 3653 (ΖιΧΠΙρίΔς-οίεί.
2978 3574 3219 3645 CXCIII,

2370 3654 2535 3710 Taur.
2564 3649 2922 3724 CLXXXIII].

2130 3816 2273 3884 Quid
2302 3826 2382 3872 est
2409 3816 2618 3884 δέησις
2645 3827 2694 3870 et
2740 3813 3053 3883 προσευχὴ
3078 3812 3158 3867 ¹⁸ἳ

640 3976 899 4030 Editarum
922 3995 951 4031 a
980 3981 1158 4032 Wolﬁo
1182 3984 1421 4045 vigesima
1442 3990 1589 4036 sexta
1614 3988 1673 4051 (ι.
1697 4000 1764 4049 c.,
1788 4002 1838 4052 p.
1854 3989 1979 4052 802,
2001 3992 2114 4042 803.
2141 3993 2367 4045 Galland.
2406 4007 2456 4057 p.
2479 3993 2590 4055 747,
2611 3991 2723 4054 748,
2758 4007 2810 4041 ιι.
2840 3990 2941 4054 42).

216 4149 367 4213 Ὅτι,
384 4169 457 4221 φη
468 4151 538 4217 σι,
558 4152 668 4224 (96)
690 4152 873 4225 δέησις
890 4156 987 4226 μὲν
1002 4155 1244 4225 λέγεται,
1258 4157 1385 4212 ὅταν
1401 4175 1491 4222 τις
1503 4157 1593 4212 τὸν
1610 4158 1745 4213 Θεδν

136 4243 293 4309 ἀξιοῖ
319 4245 403 4309 είς
432 4247 666 4317 πρᾶγμα
690 4262 706 4278 ⁸
734 4248 1012 4319 προσευχὴ
1035 4249 1115 4313 δέ,
1148 4251 1277 4304 ὅταν
1294 4250 1437 4322 ὑμνῇ
1460 4252 1552 4304 τὸν
1576 4251 1739 4304 Θεόνο

1923 4167 2158 4239 Δέησις,
2210 4166 2420 4237 inquit,
2471 4166 2694 4231 dicitur,
2738 4163 2960 4234 quando
2990 4161 3113 4231 quis
3152 4158 3318 4214 Deum
3369 4160 3437 4213 ad

1849 4273 1938 4314 res
1978 4273 2108 4314 suas
2145 4257 2510 4328 perlicieudas
2545 4256 2771 4309 advocat
2803 4271 2816 4307 :
2868 4249 3171 4322 προσευχὴ,
3221 4248 3442 4319 quando

138 4337 483 4407 εὐχαριστία
506 4344 585 4400 δέ,
614 4339 744 4394 ὅταν
776 4357 861 4403 τις
894 4342 1035 4412 ὑπὲρ
1055 4334 1131 4395 ὧν
1166 4341 1390 4409 ἔπαθεν,
1422 4342 1585 4414 χάριν
1616 4341 1721 4396 ave.

1850 4348 2018 4404 Deum
2050 4349 2235 4405 laudat
2267 4367 2281 4403 :
2318 4347 2662 4419 εὐχαριστία,
2699 4344 2920 4415 quando
2953 4356 3053 4412 pro
3078 4338 3316 4439 acceptis
3348 4339 3447 4436 be-
3492 4354 3495 4355 '

137 4429 392 4501 ομολογῇ
414 4429 493 4502 τῷ
524 4431 643 4502 Θεῷ
662 4449 678 4465 ο
713 4433 933 4504 ἐντυχία
955 4434 1033 4501 δὲ,
1066 4435 1197 4488 ὅταν
1219 4454 1302 4495 τις
1326 4437 1468 4491 κατὰ
1488 4436 1601 4490 τῶν
1630 4437 1747 4490 ἀδι-

138 4518 402 4575 κούντων
428 4523 736 4597 ἐντυγχάνῃ
758 4525 837 4597 τῷ
859 4526 980 4599 Θεῴ
1002 4528 1479 4599 προσκαλούμενος
1503 4528 1617 4601 (97)
1644 4527 1746 4582 αὑ-

134 4613 242 4666 τὸν
277 4614 364 4675 είς
387 4614 691 4685 ἐκδίκησιν.
726 4615 851 4671 Ὅτι
889 4618 945 4671 δὲ
972 4618 1032 4672 τὸ
1073 4622 1427 4691 ἐντυγχάνειν
1477 4620 1577 4674 οὐκ
1606 4620 1746 4686 ἐστι,

140 4704 347 4774 φησὶν,
387 4705 677 4774 ἱκετεύειν,
725 4708 840 4761 ἀλλ’
881 4709 1128 4780 ἐρωτᾷν,
1173 4709 1267 4765 καὶ
1307 4712 1632 4782 ἀπόκρισιν
1650 4711 1750 4765 δέ-

138 4795 391 4861 χεσθαι,
422 4793 572 4863 λέγει
592 4798 621 4850 ὁ
649 4796 782 4859 Θεὸς
809 4799 948 4870 πρὸς
968 4800 1060 4854 τὸν
1094 4801 1300 4856 Ἠλίαν⁹
1329 4820 1348 4854 ι
1388 4802 1452 4854 Τί
1478 4803 1544 4857 σὺ
1565 4800 1759 4857 ἐνταῦ-

220 4947 332 5002 "II
366 4952 493 5008 Cor.
525 4969 577 5021 v,
611 4954 674 5008 I7
775 4953 1043 5013 “Coloss.
1078 4974 1118 5022 t,
1144 4958 1231 5014 18.
1308 4958 1352 4992 ⁸⁸
1382 4957 1540 5015 Rom.
1574 4974 1648 5024 vr,
1695 4957 1751 5012 9.

1855 4437 2064 4491 neliciis
2093 4436 2299 4508 gratias
2330 4434 2440 4489 Deo
2461 4433 2571 4502 agit
2598 4451 2611 4486 :
2642 4431 2861 4502 ἐντυχία
2886 4445 3034 4493 vero,
3066 4426 3291 4497 quando
3320 4424 3446 4494 quis

1855 4526 2120 4581 adversus
2154 4525 2388 4595 injurios
2424 4523 2590 4577 Deum
2625 4522 2956 4592 interpellat,
2996 4532 3235 4587 eumque
3264 4516 3331 4571 ad
3365 4516 3449 4569 ul-

1855 4620 2059 4673 tionem
2101 4617 2423 4674 sumendam
2471 4616 2695 4672 excitat.
2724 4614 2881 4682 Quod
2914 4626 3066 4678 vero,
3116 4608 3315 4680 inquit,
3363 4606 3451 4661 ἐνιο

1857 4707 2148 4778 τυγχάνειν
2204 4722 2309 4762 non
2342 4706 2481 4760 idem
2530 4704 2775 4775 sitquod
2807 4701 3097 4767 ίκετέυειν,
3148 4697 3243 4753 sed
3309 4696 3451 4750 idetn

1868 4798 2053 4870 potius
2086 4796 2234 4868 quod
2266 4796 2612 4865 interrogare,
2644 4801 2701 4848 et
2727 4804 3030 4861 responsum
3063 4785 3319 4857 accipere,
3362 4798 3458 4846 ουν

1830 4958 1875 4989 ¹⁸
1904 4957 1920 5012 l
1950 4957 2090 5011 Tim.
2120 4972 2179 5022 tt,
2210 4956 2259 5010 I.

1684 5137 1897 5198 NOT/E
1909 5178 1923 5193 .

252 5312 349 5388 9!)
390 5316 767 5388 ὑπερήρτηται
796 5320 910 5384 καί,
942 5333 1007 5373 ex
1030 5320 1268 5375 Coibcrt.

255 5386 354 5455 92)
383 5388 476 5441 καὶ
500 5386 727 5454 "uuae,
762 5388 916 5445 Colb.

226 5459 354 5531 (.93)
389 5457 543 5514 Colb.
576 5476 676 5531 pro
706 5461 887 5515 αὐτόν.

230 5530 359 5601 (94)
399 5532 475 5601 Ita
509 5530 690 5585 scribo
733 5547 833 5601 pro
866 5531 1050 5589 αὐτόν.

233 5600 362 5670 (95)
397 5598 653 5657 Fortasse
692 5598 980 5672 legendum
1041 5613 1125 5659 est
1178 5605 1363 5667 αὐτόν,
1413 5615 1470 5658 nt
1505 5604 1569 5658 ad
1603 5604 1767 5659 Chri—

148 5681 317 5725 stum
356 5671 646 5741 refcratur,
677 5673 901 5744 quando
958 5689 1105 5730 nunc
1128 5676 1193 5731 ad
1228 5677 1475 5748 Πνεῦμα,
1511 5678 1759 5747 proxime

1881 5321 2229 5382 antecedens.
2261 5327 2491 5389 spectat.

1938 5394 2050 5465 <96)
2080 5378 2457 5465 chrylso'swmi
2486 5392 2598 5444 ιιιηε
2629 5394 2776 5465 sint.
2806 5396 2967 5465 seem
2987 5378 3462 5465 .Noswrrfer'zv-

1866 5446 2053 5538 pellat;
2078 5446 2235 5538 ᾼριεὶι
2275 5476 2400 5515 eum
2427 5467 2608 5538 tamen
2635 5458 2724 5538 illa
2757 5446 2838 5511 ad'
2876 5454 2943 5538 ιιἒ
2962 5452 3026 5538 ‘l.
3066 5466 3181 5538 non
3199 5446 3461 5538 inionio.

1939 5518 2053 5607 (97)
2078 5518 2235 5607 Colb.
2275 5546 2372 5602 ριῖο
2405 5528 2869 5603 προκαλούμενος.
2921 5523 3071 5581 Idem
3096 5535 3228 5579 mox
3261 5518 3343 5570 ἔτι
3367 5530 3466 5586 pro

1867 5608 2006 5677 ἐστί,
2033 5606 2192 5661 male.
