3908 6214
425 216 532 277 855

1580 207 1846 271 ΡΗΟΤΙΙ
1883 206 2390 270 ΡΑΤΒΙΑΒΕΗᾸΞ
2416 208 2526 271 CP.

3594 208 3711 273 85‘)

427 330 627 396 fectus,
673 341 839 397 super
877 324 1055 397 capite
1087 332 1409 397 potestatem
1456 321 1660 379 habere
1698 323 2002 395 oportebat,

2130 323 2346 395 ιεφαλῆς
2391 322 2655 395 ἔχειντὴν
2692 321 2944 389 ἐξουσίαν
2993 322 3267 393 (10)ἔδει,
3329 322 3426 377 καὶ
3472 323 3707 391 είδέναι,

425 430 588 491 atque
622 418 748 475 inde
790 419 1065 490 colligere,
1097 417 1265 489 quod,
1289 416 1540 489 quamvis
1572 418 1750 489 capite
1790 417 2008 473 ueteris

426 513 688 579 emineat,
722 512 837 582 ipse
868 520 1050 567 tamen
1086 512 1189 568 sub
1236 511 1434 581 capite,
1483 510 1764 566 communi
1801 509 2010 565 scilicet

427 592 675 660 omnium
719 604 949 660 Domino
1000 613 1056 658 et
1109 602 1476 673 imperatore,
1532 605 1605 659 sit
1653 602 2006 658 constitutus.

431 697 720 768 Imperium
747 698 893 757 enim
927 695 1145 766 penitus
1174 696 1403 750 liberum
1432 705 1486 750 et
1520 694 1729 767 legibus
1764 694 2005 751 solutum

428 805 594 859 grave
632 798 735 853 est,
763 799 817 845 et
846 788 976 843 Ierri
1004 789 1093 844 vix
1125 798 1322 859 potest.
1352 788 1647 858 Propterea
1675 798 1729 844 et
1761 789 1815 843 in
1857 787 2010 843 Novo

430 881 787 939 Testamento
825 880 921 943 illi,
963 880 1058 950 qui
1091 878 1397 934 sacerdotio
1424 892 1642 932 summo
1672 876 2010 947 inauguran-

432 984 541 1038 tur,
574 972 852 1044 Evangelii
885 972 1086 1026 librum
1125 970 1287 1039 capiti
1334 970 1654 1040 impositum
1696 969 1920 1032 habent,
1954 975 2012 1023 ut

430 1065 610 1120 ollicio
643 1065 771 1120 huic
805 1062 1053 1118 initiatus
1098 1062 1384 1130 intelligat.
1419 1078 1479 1116 se
1512 1077 1697 1117 veram
1734 1059 2012 1130 Evangelii

433 1155 626 1208 tiaram
655 1152 955 1223 accepisse,
988 1166 1177 1221 seque,
1208 1150 1423 1205 etiamsi
1463 1151 1697 1205 aliorum
1727 1160 1892 1219 caput
1924 1164 2012 1204 sa-

430 1262 526 1302 cro
574 1247 683 1300 ritu
738 1245 809 1299 sit
871 1245 1227 1311 constitutus,
1286 1244 1370 1299 vel
1419 1244 1498 1298 sic
1554 1254 1735 1298 tamen
1800 1241 2012 1311 legibus

432 1339 623 1392 iisdem
673 1338 978 1407 subjectum
1026 1352 1169 1401 esse,
1205 1335 1441 1404 aliisque
1485 1336 1842 1405 imperantem
1873 1333 2012 1404 legis

431 1428 664 1498 imperio
703 1430 895 1484 teneri.
930 1428 1120 1497 Itaque
1163 1428 1297 1481 tiara
1327 1427 1417 1480 illa
1448 1435 1767 1495 potestatem
1802 1424 2014 1495 signiﬁo

429 1522 610 1585 cabat,
644 1530 777 1583 tum,
827 1534 991 1589 quam
1034 1519 1085 1572 in
1138 1518 1399 1587 populum
1449 1516 1704 1579 habebat,
1752 1524 1887 1576 tum,
1924 1512 2012 1569 cui

432 1613 548 1683 ipse
577 1614 841 1668 adversus
874 1611 1041 1667 Deum
1073 1620 1193 1666 erat
1241 1609 1546 1679 subjectus.
1590 1609 1763 1662 Porro
1794 1607 2011 1662 bractea

2109 417 2191 471 ὃτι
2222 416 2429 487 κεφαλῇ
2459 417 2568 469 τῶν
2595 414 2770 469 ἄλλων
2795 414 3235 485 προϐαλλόμενος
3274 413 3373 468 καὶ
3396 413 3567 479 αὐτὸς
3593 416 3705 469 ὑπὸ

2110 508 2351 582 κεφαλὴν
2380 511 2495 563 ἐστι
2520 508 2611 562 τὸν
2633 508 2813 562 κοινὸν
2839 509 3096 562 ἁπάντων
3112 508 3395 578 Δεσπότην
3413 508 3516 562 καὶ
3545 507 3707 573 [Eoo-

2113 602 2364 672 σιαστήν.
2404 600 2813 670 Ἀπολελυμένη
2829 598 2939 672 γὰρ
2957 599 3246 654 αὑθεντεία
3270 602 3369 656 καὶ⁵
3396 602 3711 672 αὐτόνομος

2110 692 2514 764 ἁφόρητόςίίί)
2548 694 2694 745 ἐστιν
2718 694 2811 746 καὶ⁵
2838 692 3073 763 χαλεπή.
3101 694 3201 747 Διά
3231 694 3391 748 τοῦτο
3421 695 3521 747 καὶ
3545 695 3608 747 ἐν
3642 698 3711 765 τῇ

2113 785 2297 855 χάριτι
2331 785 2380 837 oi.
2419 782 2831 855 ἀρχιερατεύειν
2876 782 3213 854 τελούμενοι,
3252 784 3316 839 τδ
3360 785 3713 852 Εὐαγγέλιον

2113 877 2209 930 ἐπὶ
2244 876 2484 947 κεφαλῆς
2512 876 2782 947 δέχονται,
2813 874 2899 929 ἵνα
2946 875 3095 947 μάθῃ
3120 875 3149 927 ό
3193 876 3714 946 χειροτονούμενος,

2112 971 2195 1025 ὅτι
2227 971 2324 1041 τὴν
2358 969 2615 1041 ἀληθινὴν
2639 967 2732 1021 τοῦ
2774 968 3109 1037 Εὑαγγελίου
3150 971 3347 1040 τιάραν
3396 970 3693 1039 λαμϐάνει

2112 1060 2207 1113 καὶ
2226 1061 2329 1122 ὅτι.
2358 1060 2407 1113 εί
2436 1058 2529 1113 καὶ
2559 1058 2670 1113 τῶν
2707 1058 2884 1113 ἄλλων
2918 1061 3283 1132 ίερουργεῖται
3309 1061 3531 1131 κεφαλῇ
3561 1062 3712 1127 (12),

2113 1151 2227 1207 ἀλλ’
2260 1147 2351 1206 οῦν
2393 1152 2488 1205 καὶ
2527 1151 2689 1215 αὐτὸς
2722 1151 2828 1206 ὑπὸ
2874 1152 3099 1217 τούτους
3137 1155 3250 1225 (I3)
3297 1154 3545 1208 τελεῖται
3588 1155 3720 1216 τοὺς

2116 1244 2337 1312 νόμους,
2362 1245 2456 1297 καὶ
2489 1244 2597 1298 τῶν
2617 1244 2791 1297 ἄλλων
2821 1245 3043 1316 κρατῶν
3097 1249 3382 1317 κρατεῖται
3418 1246 3499 1309 τῷ
3531 1246 3716 1316 νόμῳ.

2126 1335 2267 1389 ‘AD.’
2317 1337 2349 1406 ή
2406 1335 2506 1406 μὲν
2554 1337 2719 1408 τιάρα
2772 1337 2871 1409 τήν
2924 1337 3175 1405 ἐξουσίαν
3234 1338 3461 1407 ἑτύπου,
3516 1340 3597 1408 ἦν
3654 1356 3718 1392 τι

2116 1429 2277 1492 αὐτὸς
2335 1424 2481 1501 εἶχεν
2528 1428 2621 1484 τοῦ
2658 1429 2812 1495 λαοῦ,
2851 1431 2947 1485 καὶ
2984 1432 3076 1501 ὑφ’
3108 1433 3177 1503 ἢν
3216 1432 3379 1495 αὐτὸς
3403 1433 3719 1503 ἀνεφέρετο

2114 1515 2207 1569 τοῦ
2232 1514 2368 1569 Θεοῦ
2396 1533 2410 1546 ·
2435 1516 2497 1569 τὸ
2523 1516 2580 1570 δὲ
2616 1516 2845 1570 πέταλον
2874 1518 2937 1571 τὸ
2972 1518 3226 1589 χρυσοῦν,
3250 1520 3307 1572 ὲν
3341 1511 3387 1586 ᾧ
3430 1518 3493 1571 τὸ
3527 1520 3715 1589 ὄνομα

2117 1608 2453 1663 ὲκεκόλαπτο
2491 1608 2583 1664 τοῦ
2632 1609 2793 1676 Θεοῦ,
2817 1610 3070 1663 ἐπέκειτο
3101 1610 3202 1680 μὲν
3230 1610 3308 1680 τῷ
3346 1610 3563 1682 στήθει,
3608 1628 3716 1679 φυ-

432 1720 623 1769 anrea,
684 1704 771 1758 cui
833 1702 927 1758 Dei
991 1717 1190 1756 nomen
1240 1711 1357 1755 erat
1411 1698 1761 1768 insculptum,
1810 1696 2013 1766 pectori

2130 1701 2292 1770 laxi};
2339 1700 2383 1754 δ’
2402 1702 2588 1771 ἐπεῖχε
2621 1700 2793 1756 τύπον
2834 1703 2942 1755 τῶν
2992 1704 3050 1756 ὲν
3083 1703 3281 1775 καρδίᾳ
3321 1703 3663 1771 κινημάτων
3693 1718 3708 1730 ·

432 1796 807 1859 incumbebat,
858 1794 1163 1865 eademque
1212 1809 1376 1863 opera
1420 1791 1784 1862 signiﬁcabat,
1831 1789 2016 1844 cordis

433 1887 661 1943 affectus
696 1888 865 1958 probe
896 1887 1295 1950 observandos,
1324 1885 1657 1953 eosdemque
1700 1883 1766 1937 ad
1811 1883 2017 1936 summi

434 1980 690 2035 Numinis
726 1990 914 2034 nutum
957 1994 1079 2033 esse
1119 1977 1638 2033 accommodandos.
1676 1973 1731 2029 In
1774 1973 2021 2049 humeris

436 2080 703 2141 prmterea
735 2070 1010 2140 smaragdi
1040 2068 1173 2133 duo,
1208 2085 1304 2125 sex
1336 2069 1578 2123 tribuum
1617 2068 1835 2122 nomina
1870 2065 2018 2131 hinc,

437 2161 589 2218 illinc
641 2177 773 2218 vero
819 2162 1044 2217 totidem
1104 2176 1361 2232 expressa
1420 2161 1703 2215 habentes.
1746 2159 1829 2214 Illi
1892 2172 2022 2213 vero

436 2255 744 2327 symbolum
770 2262 927 2308 erant
958 2252 1386 2323 pulchritudinis
1410 2267 1507 2308 seu
1534 2250 1725 2305 formae
1757 2247 2022 2305 sacerdo-

440 2357 548 2401 tem
603 2344 867 2401 decentis.
926 2343 1262 2415 Smaragdus
1311 2344 1496 2410 enim,
1552 2344 1692 2414 lapis
1738 2342 2015 2399 viriditate

436 2439 635 2494 decora
696 2447 750 2494 et
814 2438 1083 2509 pellucida
1136 2439 1371 2510 puritate
1421 2440 1751 2505 instructus,
1811 2437 2022 2509 speculi

438 2530 751 2586 facultatem
798 2531 1129 2587 subindicat.
1180 2531 1535 2588 Sacerdotem
1565 2531 1710 2586 enim
1755 2530 2022 2585 virtutum

437 2622 700 2678 exercitio
721 2623 971 2694 vigilare,
997 2624 1273 2695 vitamque
1302 2640 1459 2680 suam
1490 2625 1617 2688 illis,
1644 2624 1738 2695 qui
1763 2624 1867 2680 sibi
1895 2634 2026 2680 sunt

438 2714 693 2784 subjecti,
741 2715 917 2769 instar
963 2714 1172 2785 speculi
1228 2724 1623 2784 repraesentare
1677 2724 1911 2786 oportet.
1966 2714 2023 2771 In

443 2805 680 2861 humero
714 2822 845 2861 vero
883 2808 1125 2863 haerebat
1166 2809 1511 2877 smaragdos,
1556 2808 1815 2879 quoniam
1861 2808 2027 2864 actio-

441 2897 530 2953 nis
553 2907 671 2952 erat
694 2898 977 2954 indicium.
1002 2899 1208 2970 Agendi
1242 2898 1388 2954 enim
1416 2902 1661 2971 potentia
1690 2900 1756 2954 ab
1781 2898 2026 2956 humeris

443 2989 663 3059 pendet.
688 2991 984 3061 Pr0pterea
1004 2990 1169 3045 etiam
1201 2989 1345 3047 Deus
1373 2992 1441 3046 ad
1469 2990 1775 3047 Jerusalem
1810 2992 2022 3063 inquit:

446 3101 467 3133 ε
497 3081 605 3137 Cor
642 3092 795 3137 tuum
852 3083 1095 3138 humeris
1155 3082 1264 3137 tuis
1313 3083 1551 3153 impone,
1596 3083 2022 3139 honoratissima

441 3175 574 3238 lilia,
604 3175 734 3245 quia
768 3175 1035 3231 Dominus
1064 3185 1115 3230 te
1146 3175 1200 3230 in
1234 3177 1464 3230 salutem
1493 3176 1700 3231 creavit
1724 3177 1793 3232 ".
1831 3196 1851 3230 ι
1884 3175 2022 3231 Nam

440 3274 497 3321 et
542 3280 738 3321 manus
778 3276 833 3321 et
880 3265 1139 3321 humeros
1183 3266 1250 3321 de
1292 3266 1601 3322 actionibus
1641 3267 1838 3337 accipit
1875 3265 2025 3322 Scri-

442 3366 624 3427 ptura,
653 3357 891 3428 quando,
920 3373 975 3415 v.
996 3374 1071 3429 g.,
1102 3356 1170 3412 de
1189 3356 1392 3411 Davide
1421 3357 1531 3411 ait:
1562 3376 1579 3409 ι
1611 3355 1679 3412 Ει
1710 3357 1765 3412 in
1790 3358 2027 3428 pruden-

442 3448 518 3504 tia
553 3464 816 3503 manuum
849 3464 1075 3504 suarum
1110 3449 1267 3504 duxit
1312 3463 1410 3503 eos
1431 3450 1502 3503 ’⁷.
1541 3468 1559 3501 ι
1595 3448 1829 3504 Oraculo
1860 3464 2026 3519 porro

447 3540 549 3607 illi,
586 3542 734 3611 quod
770 3541 983 3612 pectori
1027 3551 1147 3597 erat
1196 3550 1464 3612 aptatum,
1494 3541 1782 3597 duodecim
1819 3541 2029 3611 lapides

443 3636 597 3691 inllxi
649 3645 843 3702 erant,
898 3635 992 3706 qui
1045 3634 1335 3690 duodecim
1395 3634 1571 3690 tribus
1623 3632 2026 3705 signiﬁcabant.

444 3728 549 3782 Hic
574 3727 737 3783 velim
774 3727 1057 3792 observes,
1106 3742 1274 3797 supra
1313 3725 1533 3797 quidem
1579 3733 1634 3780 et
1686 3726 1740 3779 in
1785 3723 2028 3779 humeris

446 3836 618 3875 unum
656 3820 885 3875 omnino
916 3819 1172 3891 lapidem,
1216 3819 1567 3889 smaragdum
1600 3817 1845 3883 scilicet,
1887 3815 2031 3871 infra

445 3914 633 3962 autem
689 3914 745 3960 et
798 3907 853 3961 in
909 3916 1129 3976 pectore
1177 3907 1464 3963 duodecim
1517 3906 1708 3962 fuisse.
1748 3905 1863 3961 Hoc
1902 3923 2031 3961 vero

448 3997 756 4062 subinnuit,
800 4012 901 4053 nos
938 4014 1130 4053 omnes
1161 3999 1295 4053 olim
1325 3998 1545 4068 quidem
1595 3999 1786 4053 eodem
1832 4013 2031 4068 genere

447 4096 600 4142 ortos
640 4102 781 4153 esse,
843 4088 1167 4157 procedente
1211 4105 1344 4144 vero
1394 4100 1637 4159 tempore
1705 4088 1761 4143 in
1816 4089 2031 4145 diversa

340 4221 344 4227 .
451 4179 632 4235 studia
674 4182 900 4236 scissos.
950 4181 1138 4251 Itaque
1190 4182 1338 4236 aliud
1392 4182 1577 4236 studio
1622 4193 1832 4249 nostro,
1884 4182 2031 4239 aliud

450 4283 664 4329 naturae
709 4273 885 4328 fertur
939 4283 1251 4343 acceptum.
1311 4275 1425 4329 Sub
1465 4274 1681 4329 limbria
1730 4276 2031 4331 sacerdotis

452 4367 891 4437 conspiciebatur
928 4382 1139 4438 margo,
1173 4366 1331 4437 λῶμα
1360 4368 1565 4432 dictus,
1614 4382 1681 4421 ex
1710 4382 1820 4438 quo
1868 4367 2029 4424 ﬂores

451 4458 580 4512 mali
634 4457 840 4527 punici,
900 4457 1042 4511 mala
1092 4458 1295 4527 punica
1339 4472 1507 4511 aurea
1554 4466 1609 4511 et
1666 4456 2033 4512 tintinnabula

2120 1797 2214 1849 καὶ
2247 1796 2321 1859 ὡς
2368 1796 2448 1849 δεῖ
2478 1795 2655 1850 ταῦτα
2697 1795 3165 1868 καταρῤυθμίζειν
3200 1797 3311 1869 (Η)
3346 1799 3412 1867 τῇ
3455 1796 3604 1864 πρὸς
3655 1796 3716 1848 τὸ

2119 1887 2273 1942 Θεῖον
2303 1888 2483 1943 νεύσει
2519 1888 2611 1942 καὶ
2644 1890 2891 1961 ἀναφορᾷ
2926 1907 2941 1922 ο
2979 1889 3071 1943 ἐπὶ
3111 1889 3168 1943 δὲ
3214 1890 3323 1943 τῶν
3355 1888 3529 1959 ὤμων
3562 1906 3714 1960 σμαο

2123 1980 2322 2053 ράγδου
2356 1980 2489 2034 λίθοι
2522 1981 2634 2048 δύο,
2661 1980 2876 2052 ἔχοντες
2898 1982 2995 2045 τὰς
3023 1982 3084 2047 ἓξ
3112 1982 3283 2051 φυλὰς
3310 1982 3591 2045 ἐντεῦθεν,
3620 1982 3715 2034 καὶ

2120 2073 2217 2134 τὰς
2248 2070 2308 2135 ἒξ
2338 2069 2609 2125 ἐντεῦθεν.
2638 2066 2797 2126 Οὗτοι
2821 2070 2877 2124 δὲ
2909 2070 3184 2142 σύμϐολον
3208 2066 3351 2141 ἦσαν
3397 2071 3497 2138 τῆς
3526 2069 3710 2138 ὅψεως

2119 2163 2217 2233 τῆς
2248 2162 2640 2234 ἀρχιερατικῆς
2669 2180 2684 2194 ·
2721 2162 2835 2233 ἔχει
2859 2161 2968 2233 γὰρ
2988 2164 3023 2232 ὴ
3044 2161 3138 2215 τοῦ
3171 2161 3491 2232 σμαράγδου
3521 2161 3709 2231 ψῆφος

2122 2254 2219 2307 καὶ
2265 2253 2583 2326 χλωρότητα
2633 2254 2907 2325 εὐπρεπῆ,
2944 2255 3040 2309 καὶ
3080 2254 3436 2326 καθαρότητα
3479 2254 3707 2322 διαυγῆ,

2122 2346 2427 2416 κατόπτρου
2482 2344 2714 2416 δύναμιν
2761 2345 3155 2415 ὑποφαίνουσα.
3207 2347 3317 2399 Καὶ
3354 2346 3463 2418 γὰρ
3506 2345 3591 2398 δεῖ
3620 2347 3715 2398 τὸν

2126 2436 2278 2508 ἱερέα
2302 2438 2396 2491 καὶ
2416 2438 2647 2508 ἀσκήσει
2676 2436 2892 2508 νήφειν,
2919 2438 3012 2492 καὶ
3040 2437 3132 2491 τὸν
3156 2437 3271 2508 βίον
3289 2440 3402 2501 τοῖς
3432 2438 3527 2490 ὑπ’
3544 2436 3713 2490 αὑτὸν

2124 2529 2314 2602 ὥσπερ
2342 2532 2650 2601 κάτοπτρον
2690 2530 2951 2601 παρέχειν
2974 2545 2990 2562 ·
3022 2531 3116 2583 ἐπὶ
3142 2532 3234 2584 τδν
3255 2526 3405 2601 ὦμον
3419 2531 3478 2584 δὲ
3504 2533 3536 2599 ἡ
3562 2530 3712 2600 σμά-

2128 2622 2343 2695 ραγδος,
2410 2621 2599 2693 ἐπειδὴ
2648 2620 2901 2693 πράξεώς
2962 2622 3112 2675 ἐστιν
3177 2624 3403 2692 σημεῖον
3434 2639 3449 2653 ·
3496 2621 3547 2690 ,ἡ
3602 2620 3712 2688 γὰρ

2125 2716 2409 2788 πρακτικὴ
2455 2715 2685 2786 δύναμις
2736 2712 2845 2767 τῶν
2892 2712 3057 2784 ὤμων
3112 2713 3347 2784 ήρτηται
3382 2734 3396 2745 ο
3436 2713 3520 2767 διδ
3548 2712 3650 2765 καὶ⁸
3683 2713 3714 2764 ό

2125 2806 2259 2871 Θεὸς
2304 2807 2441 2878 πρὸς
2482 2806 2583 2878 τὴν
2624 2806 2982 2879 Ἰερουσαλὴμ
3031 2804 3178 2874 λέγει
3218 2805 3354 2877 (15)’
3411 2824 3430 2855 ι
3477 2804 3582 2867 Θὲς
3614 2804 3715 2875 τὴν

2127 2899 2356 2972 καρδίαν
2414 2915 2508 2951 σου
2566 2899 2660 2952 ἐπὶ
2702 2897 2811 2952 τῶν
2862 2896 3028 2969 ὤμων
3073 2915 3193 2965 σου,
3248 2897 3487 2967 θύγατερ
3540 2898 3575 2967 ἡ
3634 2914 3717 2949 τι·

2134 2988 2383 3060 μωμένη,
2415 2988 2497 3043 ὅτι
2520 2988 2724 3061 Κύριος
2772 2988 2949 3054 κτίζει
3003 3005 3062 3041 σε
3105 2989 3185 3047 είς
3211 2972 3523 3060 σωτηρίαν
3564 3006 3584 3038 ι
3617 2986 3716 3039 καὶ⁵

2129 3080 2240 3152 γὰρ
2302 3080 2403 3145 τὰς
2452 3083 2642 3151 χεῖρας
2697 3082 2792 3135 καὶ
2853 3080 2979 3144 τοὺς
3028 3080 3215 3151 ὤμους
3266 3081 3347 3144 είς
3399 3079 3633 3150 πράξεις
3679 3080 3713 3148 ἡ

2129 3174 2323 3247 Γραφὴ
2381 3174 2651 3244 λαμϐάνει
2685 3213 2704 3239 ,
2770 3173 2846 3237 ὡς
2899 3173 3027 3228 ὅταν
3075 3173 3226 3242 λέγει
3273 3175 3405 3244 περὶ
3460 3173 3555 3226 τοῦ
3608 3177 3716 3225 Aa-

2133 3269 2217 3323 6ίδ
2258 3287 2271 3301 ο
2329 3289 2347 3322 ι
2396 3270 2508 3324 Καὶ
2561 3270 2620 3323 ὲν
2670 3270 2790 3333 ταῖς
2827 3268 3078 3323 συνέσεσι
3117 3268 3229 3321 τῶν
3283 3267 3485 3339 χειρῶν
3532 3267 3714 3320 αὐτῶν

2132 3360 2414 3433 ὡδήγησεν
2461 3360 2679 3423 αὐτούς.
2729 3379 2748 3411 ›
2799 3359 3033 3430 Ἐνῆσαν
3062 3359 3120 3413 δὲ
3151 3359 3231 3431 τῷ
3272 3359 3459 3430 λογίῳ,
3489 3359 3567 3429 τῷ
3615 3358 3710 3412 ἐπὶ

2133 3453 2227 3506 τοῦ
2256 3452 2488 3523 στήθους
2522 3453 2616 3505 καὶ
2643 3453 2694 3505 οί
2728 3452 2937 3506 δώδεκα
2971 3450 3109 3505 λίθοι
3166 3436 3587 3523 ἑνηρμοσμένοι,
3616 3452 3716 3513 τὰς

2134 3543 2340 3598 δώδεκα
2371 3542 2543 3613 φυλὰς
2576 3542 2991 3614 ὑποδηλοῦντες.
3018 3544 3127 3597 Καὶ
3155 3544 3259 3613 ὅρα
3286 3559 3299 3573 ’
3326 3543 3437 3598 ἀνω
3469 3542 3589 3613 μὶν,
3620 3541 3714 3595 καὶ

2137 3635 2360 3689 ἐπὶτῶν
2390 3635 2558 3706 ὤμων
2592 3636 2691 3707 μία
2722 3630 2791 3707 ἦν
2818 3633 2980 3705 φύσις
3001 3634 3112 3689 τῶν
3138 3635 3303 3690 λίθων
3325 3637 3351 3690 ό
3382 3635 3714 3706 σμάραγδος.

2137 3726 2288 3779 κάτω
2337 3726 2393 3780 δὲ
2458 3726 2553 3781 καὶ
2596 3726 2691 3779 ἐπὶ
2747 3725 2842 3779 τοῦ
2897 3725 3127 3797 στήθους
3179 3728 3228 3780 οἱ
3273 3726 3715 3780 δώδεκαοαίνιτ-

2136 3818 2364 3888 τομένου
2415 3816 2511 3872 τοῦ
2568 3817 2729 3887 λόγου
2763 3857 2779 3884 ,
2821 3818 2902 3871 ὅτι
2948 3816 3157 3873 ἀνωθεν
3219 3810 3318 3888 μὲν
3358 3817 3596 3880 ἅπαντες
3654 3818 3715 3869 ἐκ

2142 3914 2269 3983 μιᾶς
2311 3910 2651 3982 προήλθομεν
2704 3910 2957 3979 φύσεωςο
3006 3911 3288 3981 προϊόντος
3328 3910 3385 3964 δὲ
3442 3909 3537 3963 τοῦ
3585 3909 3710 3980 χρό-

2139 4021 2233 4057 νου
2286 4002 2563 4073 διαφόροις
2614 4003 2864 4071 γνώμαις
2906 4002 3278 4073 ὲμερίσθημεν
3336 4002 3488 4072 (I6)'
3530 4004 3618 4055 καί
3654 4000 3712 4052 τδ

2144 4093 2241 4163 μὲν
2296 4091 2480 4145 δίδωσι
2534 4094 2598 4162 τῇ
2649 4091 2867 4164 γνώμῃ,
2904 4091 2964 4144 τὸ
3019 4092 3075 4145 δὲ
3133 4094 3200 4162 τῇ
3244 4090 3448 4159 φύσει·
3511 4092 3614 4145 {me
3659 4090 3711 4143 δέ

2141 4182 2445 4254 κράσπεδον
2492 4181 2587 4235 τοῦ
2628 4182 2820 4253 ἱερέως
2847 4221 2863 4247 ,
2906 4182 2968 4236 τὸ
3024 4182 3317 4252 λεγόμενον
3374 4181 3554 4251 λῶμα,
3577 4179 3710 4247 ἄνθη

2144 4276 2294 4346 ῥόας,
2316 4276 2409 4328 καὶ
2426 4274 2631 4344 ῥοΐσκοι
2649 4275 2861 4346 χρυσοῖ,
2884 4274 2978 4328 καὶ
2994 4273 3241 4338 κώδωνες
3263 4274 3609 4347 ἀπῃώρηντο·
3625 4274 3712 4325 καὶ

2074 4399 2116 4454 D
2146 4365 2262 4429 πῶς
2296 4366 2362 4418 ἂν
2405 4366 2488 4437 εἴη
2536 4366 2656 4437 Θεῷ
2702 4367 2875 4421 ταῦτα
2927 4369 3071 4422 κατά
3122 4368 3339 4439 πρῶτον
3400 4368 3557 4437 λόγον
3596 4366 3712 4436 ἀρέ-

2146 4474 2380 4523 σκοντας
2432 4457 2546 4510 ἀλλ’
2604 4462 2662 4511 ἐν
2719 4459 2797 4531 τῷ
2829 4461 3067 4529 σχήματι
3123 4458 3217 4511 τοῦ
3276 4459 3470 4528 ἱερέως
3521 4457 3711 4525 ἐφῆκεν

452 4550 783 4627 pendebant.
812 4549 1099 4617 Quomodo
1128 4565 1258 4604 vero
1282 4550 1394 4604 haec
1418 4548 1529 4603 Deo
1552 4564 1646 4619 per
1663 4563 1722 4604 se
1744 4557 1799 4603 et
1826 4548 2021 4602 rationt

2146 4547 2568 4613 ὲξεικονίξεσθαι
2608 4549 2708 4613 τὰς
2740 4550 2942 4622 ἀρετάς
2984 4567 2997 4580 ·
3037 4549 3186 4604 κάτω
3217 4548 3353 4618 ἄνθη
3387 4547 3485 4601 καὶ
3518 4545 3709 4617 καρποὶ

454 4644 712 4714 praecipui
758 4643 971 4699 consilii
1024 4642 1111 4699 sui
1158 4643 1380 4712 placere
1426 4640 1711 4712 poterant?
1753 4640 1868 4694 Imo
1906 4653 2036 4694 vero

456 4738 579 4807 ipso
605 4737 707 4793 hoc
734 4736 1039 4795 sacerdotis
1066 4735 1253 4790 habitu
1283 4735 1512 4788 virtutes
1538 4731 1752 4802 depingi
1780 4731 2033 4786 faciebat.

460 4829 565 4895 Qui
596 4829 735 4884 infra
760 4837 921 4885 erant
946 4828 1107 4885 ﬂores
1150 4838 1203 4882 et
1242 4826 1477 4890 fructus,
1521 4824 1811 4895 praeclaras
1874 4838 2044 4893 quas-

2143 4640 2212 4693 τά
2245 4640 2355 4693 τῶν
2388 4638 2598 4710 ἀρετῶν
2640 4639 3064 4711 κατορθώματα,
3112 4639 3272 4693 ἅτινά
3316 4640 3466 4691 ἐστιν
3493 4637 3709 4706 ἐλεημο-

2146 4733 2281 4801 σύνη
2334 4732 2428 4784 καὶ⁴
2484 4730 2801 4803 δικαιοσύνη
2852 4733 2946 4785 καὶ
2992 4729 3398 4801 φιλανθρωπία,
3454 4729 3552 4781 καὶ
3601 4725 3698 4780 τῶν

2142 4822 2316 4877 ἄλλων
2360 4825 2388 4875 ό
2428 4822 2710 4893 σύστοιχος
2740 4821 2919 4894 χορός.

479 4936 590 4994 que
646 4923 899 4986 virtutes,
952 4922 1144 4992 quales
1186 4928 1316 4976 sunt
1368 4918 1738 4989 eleemosyna,
1791 4916 2024 4987 justitia,
2068 4916 2417 4984 humanitas,
2484 4926 2538 4971 et
2594 4916 2927 4986 reliquarum
2976 4914 3082 4970 illis
3138 4910 3405 4969 similium
3468 4921 3705 4965 coronam

467 5017 947 5086 repracsentahant.

530 5148 576 5183 ³⁸
596 5145 798 5203 Jercm.
825 5164 978 5211 nm,
1011 5146 1103 5201 22.
1179 5148 1224 5178 ’⁷
1250 5145 1393 5203 Psal.
1430 5162 1637 5213 Lxxvn,
1668 5145 1758 5202 78.

2017 5237 2248 5297 ΝΟΤᾸΞ.

562 5431 650 5502 It)
676 5433 767 5489 Sic
788 5432 969 5489 scribo
1004 5447 1101 5501 pro
1130 5431 1440 5502 ἀφόριστος.

566 5503 653 5573 ιε)
682 5504 863 5560 Malim
892 5503 1127 5573 κεφαλή.

567 5571 644 5634 15
690 5576 845 5633 Coll).
889 5571 984 5645 pro
1012 5571 1117 5627 ὑπὸ
1145 5571 1363 5634 αύτούς.

572 5582 659 5719 ll;
696 5646 788 5705 Sic
820 5646 1001 5703 scribo
1059 5660 1157 5714 pro
1200 5643 1363 5715 καθαρ

562 5362 627 5417 IO
678 5361 875 5418 Phrasi
907 5361 1078 5416 utitur
1103 5359 1331 5415 Paulina
1360 5357 1381 5411 ι
1408 5360 1536 5415 Cor.
1565 5376 1642 5427 λι,
1676 5359 1759 5415 I0.

562 5435 618 5487 It
676 5433 767 5489 Sic
788 5432 969 5489 scribo
1004 5447 1101 5501 pro
1130 5431 1440 5502 ἀφόριστος.

566 5505 633 5559 ιε
682 5504 863 5560 Malim
892 5503 1127 5573 κεφαλή.

567 5577 655 5649 15)
690 5576 845 5649 (ξοΙι).
889 5589 984 5649 pro
1012 5573 1117 5627 ὑπὸ
1145 5571 1363 5649 αὐτούς.
1404 5643 1422 5649 _
1490 5642 1543 5649 ψ
1744 5645 1755 5649 _

546 5642 659 5717 ῙΜ)
696 5646 788 5705 Sic
820 5642 1001 5703 scribo
1059 5660 1157 5714 pro
1200 5642 1646 5715 καθαριθμήζειν,
1704 5644 1808 5700 nisi
1867 5644 2028 5700 scribi

2153 5356 2839 5433 ιιιξϋξκᾳςςερῤυθμῆςαιε.
3027 5425 3043 5433 -
3134 5423 3147 5433 .
3489 5417 3500 5429 .

2225 5412 2345 5500 (I3)
2378 5412 2702 5485 Ubiit‘amen'
2718 5426 2876 5483 hodie
2901 5425 3044 5500 apud
3072 5423 3196 5489 τοὺς
3221 5419 3363 5478 LXX
3399 5417 3588 5491 legitur
3628 5412 3699 5477 δὸς

2112 5506 2121 5511 ‘
2154 5516 2253 5573 pro
2282 5500 2392 5573 θέςε

2227 5554 2447 5641 (16)’Ῐιτι
2488 5570 2681 5642 scripsi
2707 5584 2805 5642 pro
2836 5567 3226 5642 ἐμερίσθησαν,
3275 5561 3475 5636 pendet
3496 5559 3625 5617 enim
3643 5554 3696 5610 ab

2142 5639 2497 5700 antecedente
2526 5639 2892 5713 προήλθομεν.
