3908 6214
223 290 324 354 857

220 504 420 570 ζῶντος
450 520 464 534 ·
501 505 581 567 είς
628 502 872 572 Πατέρα,
903 499 1000 554 καὶ
1028 498 1178 560 Υιδν,
1233 497 1328 551 καὶ
1374 495 1529 564 ἅγιον
1584 493 1809 563 Πνεῦμα

221 595 577 669 ὲὸαπτίσθης,
620 596 675 649 τί
716 594 962 664 ἀναιρεῖς
1003 590 1115 663 (18)
1159 590 1229 643 τὰ
1250 582 1490 659 ὀνόματα
1527 586 1598 641 τὰ
1629 585 1808 651 ζῶντα

222 689 316 742 καὶ
360 688 603 757 εἰσάγεις
641 687 885 758 ὀνόματα
941 681 1241 754 λογισμῶν,
1302 681 1549 751 γέννημα
1604 677 1803 748 λέγων,

224 784 318 836 καὶ
340 782 660 853 ἀγέννητον,
685 780 783 836 καὶ
807 776 1081 851 γεννητὸν,
1100 775 1160 832 ὃν
1184 776 1291 837 ἀεὶ,
1326 776 1422 829 καὶ
1454 773 1529 846 μὴ
1578 772 1637 828 ὃν
1683 772 1772 827 ἀεί
1788 813 1805 841 ,

227 874 446 929 Τούτων
495 874 748 945 ἀνέχεται
790 871 924 937 Θεὸς
967 870 1076 925 τῶν
1135 868 1378 943 ματαίων
1421 869 1716 941 ρημάτων;
1748 867 1808 921 ἓν

227 969 382 1040 ῥῆμα
411 968 499 1021 ἴνα
546 965 859 1039 μεταϐάλῃ,
895 964 1181 1038 προφήτας
1242 961 1376 1017 ποτὲ
1434 961 1808 1015 ἐκινδύνευσεν

224 1060 509 1115 ἀπολέσαι.
574 1060 687 1113 Kal.
757 1058 923 1131 βλέπε
980 1058 1225 1130 ῥήματος
1268 1052 1470 1126 μικροῦ
1521 1051 1807 1122 ἀκριϐολο-

226 1148 353 1219 γίαν
381 1165 397 1180 ·
444 1149 525 1203 Τὰ
583 1149 806 1221 ῥήματα
844 1148 954 1202 τῶν
1032 1144 1328 1215 προφητῶν
1376 1159 1521 1206 τινες
1579 1140 1808 1196 ἐκάλουν

226 1241 334 1295 ὑπὸ
386 1240 643 1313 ἀπειρίας
670 1238 781 1312 (i9)
834 1239 1031 1310 λῆμμα
1095 1237 1340 1309 Κυρίου·
1380 1235 1529 1303 λέγει
1581 1234 1611 1287 6
1673 1232 1808 1296 Θεὸς

223 1331 310 1385 διὰ
344 1332 606 1404 Ἱερεμίου
631 1332 779 1403 (20);
817 1349 837 1383 ι
880 1332 1006 1385 Ἐὰν
1035 1332 1286 1401 ὲρωτήση
1337 1344 1397 1381 σε
1443 1329 1471 1381 6
1519 1325 1666 1392 λαὸς,
1713 1324 1747 1395 ἦ
1783 1326 1812 1379 6

227 1424 429 1495 ἱερεὺς,
458 1424 491 1494 ἢ
519 1427 546 1477 6
595 1424 901 1496 προφήτης,
930 1424 1023 1477 καὶ
1070 1424 1212 1476 εἴποι
1240 1438 1340 1487 σοι,
1372 1420 1437 1474 Τί
1479 1418 1543 1473 16
1567 1418 1759 1489 λῆμμα
1791 1433 1806 1483 ;

927 285 1026 345 AD
1062 279 1656 344 AMPHILOCHIUM
1699 276 2046 352 QUAESTIO
2107 276 2356 352 CLXVI,
2399 276 2668 339 CLXVII.

291 413 415 465 Ὀτι
452 408 588 481 (17),
652 410 859 481 φησὶν,
919 408 995 477 μὴ
1043 404 1347 476 μεταϐαλλε
1400 403 1620 474 ῥήματα
1671 398 1806 453 Θεοῦ
1835 401 1890 460 Α

3390 278 3498 343 858

1982 394 2062 451 Ne
2090 396 2368 463 immutes,
2419 395 2619 465 inquit,
2648 393 2808 449 verba
2847 393 2944 450 Dei
2993 394 3249 452 viventis.
3296 397 3356 452 In
3394 398 3498 454 Pa-

1918 498 2075 553 trem,
2113 486 2331 552 Filium,
2359 496 2415 541 et
2446 486 2707 558 Spiritum
2756 496 3008 543 sanctum
3056 488 3367 557 baptizatus
3412 506 3496 549 es.

1915 578 2096 645 Quare
2124 576 2349 632 nomina
2393 576 2514 631 viva
2541 577 2709 643 tollis,
2750 585 2806 631 et
2837 577 3060 632 nomina
3100 579 3498 648 cogitationum

1929 677 2147 723 tuarum
2183 666 2422 733 invehis,
2453 667 2794 738 progeniem,
2822 676 2878 721 et
2913 666 3218 736 ingenitum
3257 678 3312 723 et
3346 671 3499 739 geni-

1915 766 2053 824 tum,
2098 772 2314 828 semper
2361 758 2651 823 exsistens,
2697 766 2752 812 et
2797 773 2904 811 non
2945 772 3162 827 semper
3212 759 3497 815 exsistens

1913 849 2281 922 appellando?
2328 847 2469 904 Num
2526 865 2663 903 vana
2706 849 2980 920 ejusmodi
3037 850 3205 905 verba
3240 852 3499 907 tolerabit

1915 945 2097 1002 Deus?
2136 944 2443 1001 Periculum
2489 944 2621 1000 olim
2667 955 2807 1010 erat,
2838 960 2908 999 ne
2950 960 3119 998 unum
3145 945 3373 1000 verbum
3418 945 3490 1000 ad

1916 1038 2305 1109 perventendos
2338 1037 2631 1107 prophetas
2666 1037 2893 1106 periret.
2920 1036 3052 1091 Vide
3083 1052 3236 1102 vero,
3258 1048 3503 1107 quanto-

1914 1144 2045 1201 pere
2091 1130 2298 1185 vocula:
2345 1145 2528 1200 parvae
2570 1130 2711 1184 ratio
2755 1130 3049 1184 habeatur.
3094 1127 3500 1199 Prophetarum

1915 1223 2081 1278 verba
2142 1224 2394 1279 nonnulli
2456 1238 2537 1288 lex
2590 1222 2959 1292 imprudentia
3023 1220 3220 1292 λῆμμα
3284 1220 3499 1275 Domini

1917 1317 2190 1373 vocabant
2238 1335 2251 1371 :
2301 1337 2320 1369 ι
2371 1317 2427 1371 Si
2481 1325 2534 1371 te
2592 1315 3015 1385 interrogaverit
3069 1314 3343 1384 populus,
3407 1321 3503 1367 aut

1917 1413 2213 1478 sacerdos,
2281 1422 2375 1467 aut
2427 1412 2731 1483 propheta,
2795 1419 2849 1465 et
2904 1409 3145 1475 dixerit,
3198 1410 3339 1476 Quid
3396 1409 3502 1464 sibi

223 1515 345 1568 εἰπὲ
382 1516 586 1580 αὐτοῖς,
629 1517 711 1569 ὃτι
748 1517 821 1569 Τὸ
869 1515 1061 1586 λῆμμα
1091 1514 1293 1586 Κυρίου
1334 1513 1491 1583 ὑμεῖς
1520 1513 1664 1566 ὲστε.
1696 1510 1805 1581 Λή-

1932 1508 2022 1562 'ult
2060 1507 2295 1578 λῆμμαῖ
2344 1506 2431 1562 dic
2475 1507 2604 1573 illis,
2648 1504 2758 1561 Vos
2807 1506 2942 1560 eStis
2994 1504 3191 1576 λῆμμα
3237 1503 3500 1559 Domini:

220 1606 397 1678 ψομαι
444 1609 552 1678 γὰρ
597 1608 741 1679 ὑμᾶς
804 1608 1020 1679 λῆμμα,
1057 1608 1151 1661 καὶ
1194 1606 1343 1676 ράξω
1394 1606 1559 1676 ὑμᾶς,
1600 1603 1690 1657 ἵνα
1731 1602 1808 1674 μὴ

220 1698 418 1770 λέγητε
448 1700 660 1772 λῆμμα.
688 1720 706 1753 ι
737 1702 832 1754 Ἐν
856 1702 1007 1772 ῥῆμα
1039 1700 1122 1754 ῐνα
1151 1700 1229 1771 μὴ
1261 1696 1627 1771 μεταποιηθῇ,
1653 1696 1811 1750 ἀπει-

218 1792 354 1847 λεῖὸ
384 1794 516 1858 Θεός
542 1811 555 1823 ·
580 1793 675 1848 καλ⁵
718 1794 783 1847 σὺ
821 1794 1113 1865 ὀλόκληρον
1166 1792 1452 1862 δογμάτων
1502 1786 1812 1860 ἁκρίϐειαν;

217 1885 557 1959 διαστρέφων
580 1886 819 1957 νομίζεις
841 1887 1126 1956 διαφυγεῖν
1163 1886 1261 1948 τὰς
1283 1882 1380 1938 τοῦ
1411 1880 1547 1937 θεοῦ
1577 1882 1768 1953 χεῖρας
1791 1896 1808 1946 ;

758 2103 1096 2160 raporum}:
1127 2105 1310 2173 Psq'.

328 2266 463 2335 Πῶς
478 2261 1080 2391 πρεεγὸἐυτὴςδηοιὶνξνῖεὲἓ⁵
1154 2264 1410 2335 Χριστὸς
1425 2264 1582 2334 παρὰ
1597 2263 1706 2319 τοῦ

902 2352 1080 2405 ατρος
1107 2352 1130 2403 ἰ

1914 1610 2012 1651 vos
2081 1599 2228 1651 enim
2292 1597 2467 1653 instar
2544 1596 2829 1669 λήμματος
2887 1597 3149 1667 arripiam
3182 1638 3197 1663 ,
3253 1605 3309 1651 et
3367 1611 3503 1652 con-

1918 1688 2151 1761 fringam
2174 1706 2294 1758 vos,
2329 1706 2398 1747 ne
2416 1691 2610 1746 dicatis
2634 1691 2869 1762 amplius
2894 1689 3171 1762 λῆμμαη.
3198 1709 3219 1742 ι
3250 1689 3329 1745 Ibi
3360 1690 3504 1746 Deus

1922 1784 2102 1840 minas
2158 1782 2307 1849 fecit,
2353 1800 2421 1838 ne
2475 1800 2583 1839 una
2634 1800 2738 1840 vox
2786 1791 3070 1839 mutetur:
3103 1793 3160 1838 tu
3209 1797 3363 1850 vero,
3405 1781 3503 1852 qui

1926 1877 2243 1932 universam
2284 1886 2599 1946 rectumque
2636 1877 3011 1932 doctrinarum
3052 1877 3247 1933 seriem
3278 1891 3502 1947 perver-

1923 1968 2015 2037 tis,
2042 1984 2237 2024 manus
2263 1968 2355 2024 Dei
2380 1968 2617 2037 eﬂugere
2642 1979 2695 2024 te
2730 1984 2891 2039 posse
2922 1968 3202 2038 opinaris?

1920 2105 2252 2176 QUIESTIU
2276 2107 2485 2164 CLXVI
2512 2108 2701 2183 [CoisL
2726 2108 2933 2177 CXCV,
2963 2110 3129 2165 Taur.
3165 2109 3500 2185 CLXXXV].

2023 2265 2295 2333 Quomodo
2330 2265 2576 2322 Christus
2620 2268 2825 2339 legatus
2877 2286 2910 2323 a
2940 2268 3109 2324 Patre
3148 2270 3389 2325 venerit?

958 2491 1105 2542 Edita
1127 2505 1155 2541 a
1182 2490 1308 2541 Maio
1337 2491 1393 2554 (ι.
1430 2503 1475 2541 c.
1499 2503 1552 2554 p.
1574 2489 1713 2554 104.)
1742 2517 1803 2527 -
1822 2490 1900 2543 De
1921 2488 2117 2543 Christo
2140 2497 2373 2554 tauquam
2398 2490 2561 2541 Patris
2592 2492 2777 2555 legato.

293 2644 421 2697 Ὀτι
440 2637 592 2713 ἦλθε,
615 2640 769 2713 φησὶ,
802 2640 955 2715 παρὰ
995 2638 1088 2694 τοῦ
1118 2640 1332 2709 Πατρὸς
1359 2641 1387 2693 6
1411 2638 1647 2709 Χριστὸς
1673 2638 1817 2710 πρὸς

1993 2638 2151 2706 Quod
2189 2640 2399 2695 venerit
2418 2639 2676 2696 Christus
2714 2656 2745 2695 a
2780 2638 2943 2696 Patre
2982 2639 3191 2711 legatus
3222 2641 3291 2696 ad
3326 2642 3501 2698 Inomi-

213 2738 351 2801 τοῦς
385 2734 705 2807 ἀνθρώπους
729 2733 1092 2807 πρεσϐευτὴς,
1119 2732 1334 2804 ἐσφάγη
1383 2734 1410 2786 6
1459 2730 1821 2805 πρεσϐευτὴς,

214 2832 322 2882 καὶ
348 2828 470 2882 τότε
496 2827 766 2898 γέγονενὴ
790 2828 1004 2899 εἰρήνη.
1039 2826 1178 2880 Ἀλλ’
1195 2826 1244 2880 οί
1263 2824 1522 2898 πρέσϐεις
1540 2824 1823 2897 ἐρχόμενοι

218 2922 327 2975 καὶ
366 2920 515 2991 δῶρα
571 2922 797 2992 φέρουσι
827 2920 923 2973 καὶ
971 2918 1120 2990 δῶρα
1166 2917 1525 2989 λαμϐάνουσι.
1550 2919 1708 2971 Ποῖον
1730 2913 1825 2971 οὖν

219 3009 352 3082 ἧκε·
378 3010 561 3084 φέρων
587 3011 781 3082 δῶρον,
803 3009 902 3064 καὶ
936 3013 1087 3064 ποῖον
1111 3008 1378 3069 ἁντέλαϐε,
1398 3027 1413 3076 ;
1434 3008 1742 3080 Παράδοξον
1762 3009 1823 3062 16

217 3102 422 3172 δῶρον,
441 3100 517 3163 ὡς
545 3101 641 3154 καὶ
669 3102 697 3154 6
718 3099 1061 3171 πρεσϐευτὴς
1081 3099 1382 3171 παράδοξος
1402 3099 1463 3153 16
1490 3095 1628 3170 αἷμα
1655 3097 1821 3178 αὐτοῦ

223 3193 416 3263 φέρων
436 3189 566 3264 ἦλθε
588 3192 782 3263 δῶρον’
804 3191 865 3245 16
889 3191 1050 3263 σῶμα
1070 3192 1238 3246 αὐτοῦ
1257 3188 1389 3263 ἦλθε
1416 3194 1597 3264 φέρων
1625 3190 1818 3265 δῶρον’

221 3288 326 3340 καὶ
343 3286 397 3339 τί
416 3286 549 3358 παρ’
577 3286 711 3357 ἐμοῦ
736 3286 895 3341 ἔλαϐε
923 3287 1128 3358 δῶρον;
1151 3285 1360 3341 Πίστινο
1389 3288 1485 3341 καὶ
1509 3287 1560 3340 τί
1582 3286 1703 3340 ἀντὶ
1726 3286 1825 3341 αύ-

219 3378 326 3448 τῆς
358 3393 449 3447 μοι
474 3376 717 3448 παρέσχε
748 3377 982 3448 ;Χάριν.
1019 3375 1343 3429 Ἐπίστευσα
1373 3373 1500 3443 ἐγώ·
1531 3375 1825 3446 ἐχαρίσατο

222 3471 457 3534 ἐκεῖνος’
474 3470 640 3540 ἐλύθη
665 3471 697 3542 ἠ
724 3468 913 3540 ἔχθρα·
947 3470 975 3522 6
1007 3467 1351 3540 πρεσϐευτὴς
1381 3468 1509 3522 ὅταν
1535 3466 1664 3538 ἔλθῃ
1689 3466 1825 3537 πρὸς

223 3560 406 3625 ἔθνος,
434 3560 534 3614 οὐκ
554 3561 697 3628 ἀξιοῖ
719 3577 825 3615 τινι
855 3560 961 3614 τῶν
990 3560 1265 3631 ἀγοραίων
1297 3560 1330 3631 ἢ
1365 3560 1615 3631 πενήτων
1643 3559 1824 3613 διαλεο

224 3653 451 3725 χθῆναι,
480 3654 596 3709 ἀλλ’
652 3653 812 3719 εὐθὺς
840 3654 920 3726 τῷ
953 3654 1164 3725 βασιλεῖ
1193 3654 1495 3726 πρόσεισιν.
1524 3644 1693 3717 Οὗτος
1717 3650 1775 3705 δὲ
1797 3651 1826 3705 ὁ

228 3744 577 3818 πρεσϐευτὴς
602 3741 755 3818 ἦλθε,
787 3747 884 3800 καὶ
920 3747 1085 3809 εὐθὺς
1141 3746 1338 3818 πόρνῃ,
1368 3746 1462 3800 καὶ
1511 3746 1703 3817 λῃστῇ,
1734 3744 1828 3797 καὶ

228 3836 466 3913 τελώνῃ,
492 3839 587 3894 καὶ
618 3840 815 3910 μάγοις
840 3838 1115 3910 διηλέχθη.
1150 3834 1303 3902 Εἶδες
1333 3838 1676 3910 πρεσϐευτοῦ
1701 3837 1824 3907 φιλ-

228 3930 554 4004 ανθρωπίαν
582 3950 596 3999 ;
630 3933 691 3986 ού
726 3934 835 4002 γὰρ
886 3933 1024 4003 πρὸς
1054 3934 1149 3985 ἕνα
1192 3934 1287 3988 καὶ
1321 3931 1577 4005 δεύτερον
1637 3925 1821 4002 ἦλθεν,

1928 2746 2049 2797 nes,
2082 2732 2320 2787 ostendit
2352 2731 2457 2786 hoc
2491 2750 2505 2787 :
2539 2730 2864 2788 interfectus
2897 2742 2981 2787 est
3026 2733 3257 2804 legatus,
3294 2744 3349 2790 et
3382 2743 3512 2790 tunc

1925 2823 2070 2881 facta
2097 2834 2181 2881 est
2207 2841 2332 2896 pax.
2384 2824 2490 2881 Sed
2520 2825 2683 2898 legati
2722 2826 3008 2882 venientes
3045 2827 3187 2882 dona
3236 2826 3417 2883 ferunt
3459 2839 3514 2884 et

1926 2914 2089 2971 simul
2132 2915 2276 2970 dona
2327 2914 2627 2986 accipiunt.
2677 2914 2847 2982 Quale
2892 2933 3024 2989 ergo
3076 2916 3282 2972 donum
3328 2918 3512 2975 ferens

1925 3008 2095 3072 venit,
2128 3019 2182 3065 et
2210 3009 2369 3080 quale
2400 3008 2648 3081 recepit?
2669 3008 2961 3065 Miriﬁcum
2986 3011 3215 3077 donum,
3240 3011 3512 3081 siquidem

1928 3101 2196 3156 mirabilis
2249 3102 2354 3157 iste
2402 3103 2633 3157 nuntius
2670 3117 2832 3158 suum
2868 3102 3193 3173 sanguinem
3224 3103 3278 3157 in
3308 3104 3513 3159 donum

1928 3193 2109 3250 ferens
2142 3194 2308 3249 venit.
2355 3193 2569 3265 Corpus
2612 3210 2774 3251 suum
2840 3194 3023 3251 ferens
3079 3195 3284 3250 donum
3345 3196 3511 3250 venit.

1929 3286 2213 3353 Quodnam
2261 3298 2440 3341 autem
2490 3302 2519 3339 ει
2569 3287 2730 3342 nobis
2761 3287 2964 3342 donum
2998 3289 3205 3357 accepit
3230 3287 3513 3354 ?~Fidem;

1928 3390 1982 3435 et
2009 3380 2139 3450 quid
2184 3395 2284 3449 pro
2329 3380 2419 3434 illa
2454 3378 2591 3434 mihi
2629 3380 2899 3435 donavit?
2936 3380 3203 3436 Gratiam.
3239 3379 3355 3453 Ego
3393 3399 3515 3437 cre-

1928 3472 2071 3538 didi,
2107 3472 2195 3527 ille
2225 3471 2564 3543 gratiﬁcabat
2583 3511 2601 3538 ,
2637 3473 2815 3527 soluta
2843 3483 2926 3527 est
2948 3473 3257 3528 inimicitia.
3278 3472 3519 3544 Legatus

1929 3580 2053 3620 cum
2096 3576 2244 3619 venit
2281 3563 2349 3618 ad
2394 3572 2654 3634 gentem,
2709 3578 2821 3617 non
2866 3564 3124 3635 dignatur
3166 3580 3290 3617 cum
3334 3564 3519 3635 aliquo

1930 3655 2141 3725 plebeio
2184 3654 2272 3710 vel
2315 3670 2560 3726 paupere
2586 3657 2940 3721 conversari,
2978 3655 3073 3711 sed
3103 3656 3212 3711 cito
3250 3656 3362 3727 regi
3398 3672 3521 3712 sese

1929 3744 2105 3802 oiIert.
2136 3744 2376 3818 Legatus
2419 3755 2605 3801 autem
2639 3746 2730 3802 ille
2762 3747 2985 3802 veniens
3014 3748 3201 3801 statim
3241 3763 3365 3802 cum
3404 3763 3520 3803 me-

1931 3841 2126 3895 retrice
2158 3849 2213 3896 et
2239 3840 2454 3896 latrone
2480 3849 2535 3896 et
2566 3842 2824 3897 usurario
2849 3850 2902 3895 et
2934 3840 3108 3912 magis
3136 3850 3518 3896 conversatur,

1932 3930 2169 3987 Videsne
2199 3932 2360 4003 legati
2392 3932 2901 4003 philanthropiam?
2928 3932 3047 3987 Non
3068 3934 3211 3986 enim
3246 3932 3313 3986 ad
3346 3947 3517 3986 unum

228 4024 371 4078 ἀλλὰ
419 4024 555 4096 πρὸς
607 4025 708 4096 τὴν
764 4027 951 4095 κοινὴν
997 4026 1182 4096 φύσιν.
1259 4026 1371 4080 Καὶ
1392 4004 1523 4097 ἦλθε
1578 4025 1640 4078 τὸ
1692 4024 1817 4095 ὲμδν

1932 4025 2015 4079 vel
2053 4026 2284 4080 alterum
2323 4026 2506 4090 venit,
2544 4025 2640 4080 sed
2675 4025 2743 4080 ad
2781 4040 2972 4080 omnes
3003 4026 3289 4090 homines,
3328 4033 3384 4079 et
3422 4040 3519 4079 vc-

226 4113 704 4186 περιϐεϐλημένος
735 4116 952 4187 ίμὰτιον
985 4157 1000 4183 ,
1030 4118 1116 4169 ἵνα
1167 4117 1242 4189 μὴ
1291 4120 1472 4190 γυμνῇ
1497 4119 1562 4190 τῇ
1611 4117 1824 4187 θεότητι

225 4208 679 4279 παραγενόμενος
699 4208 914 4283 φοϐήσῃ
928 4210 1029 4281 τὴν
1060 4210 1254 4280 θήραν.
1758 4212 1773 4223 ““

773 4369 1112 4423 ΕΡΩΤΗΣΙΣ
1161 4369 1325 4424 ΡΞΖ’.

222 4619 336 4683 Εἰς
357 4617 423 4672 τὸ
449 4620 642 4687 ῥητόν
675 4620 806 4691 (⁵21)·
842 4640 861 4673 ι
898 4622 973 4676 El
998 4639 1089 4688 τις
1126 4620 1197 4691 ἐν
1216 4620 1470 4691 Χριστῷ,
1499 4619 1679 4689 καινὴ
1705 4620 1827 4691 κτιὲ

307 4706 410 4773 σις
436 4708 449 4720 ο
468 4691 541 4744 τὰ
572 4690 791 4761 ἀρχαῖα
820 4692 1116 4761 παρῆλθε,
1146 4690 1514 4764 ίδοὺχέγονε
1551 4692 1727 4746 καινὰ
1754 4690 1827 4745 τὰ

307 4775 527 4814 παντα.
561 4780 579 4813 1

1932 4118 2090 4173 niens
2120 4126 2311 4173 nostro
2340 4118 2589 4173 induitur
2625 4119 2849 4183 vestitu,
2886 4133 2975 4184 ne,
3010 4118 3056 4173 si
3080 4120 3353 4183 venisset,
3383 4117 3522 4172 divi-

1934 4210 2105 4265 nitate
2134 4226 2241 4265 non
2272 4210 2469 4277 velata,
2501 4209 2648 4265 illius
2679 4225 2970 4265 occursum
3005 4210 3316 4265 timeamus.

2045 4379 2373 4450 QUASSTRO
2432 4379 2663 4438 CLXVII
2711 4381 2898 4452 [(Συὶεί.
2968 4379 3198 4447 CXCVI,
3251 4379 3416 4435 Taur.

2565 4452 2921 4526 CLXXXVI].

1934 4612 2004 4668 In
2039 4613 2317 4667 oraculum
2367 4613 2545 4668 illud:
2584 4633 2603 4665 ι
2633 4612 2693 4669 Si
2722 4617 2840 4685 quis
2879 4622 2956 4669 est
3005 4614 3061 4667 in
3114 4611 3350 4677 Christo,
3385 4626 3519 4685 nova

2004 4693 2081 4738 est
2111 4695 2387 4751 creatura;
2423 4697 2593 4741 vetera
2658 4683 3009 4751 transierunt,
3059 4699 3176 4738 ecce
3213 4698 3348 4736 nova
3377 4683 3525 4751 [acta

2005 4765 2126 4809 sunt
2156 4756 2335 4809 omnia
2383 4757 2452 4811 '9.
2486 4775 2506 4809 ι

691 4918 953 4970 Editarum
976 4935 1002 4970 a
1029 4920 1209 4971 Wolﬁo
1232 4918 1469 4984 vigesima
1493 4926 1663 4970 octava
1686 4917 1702 4982 (
1731 4919 1770 4968 ι.
1806 4931 1874 4980 c.,
1894 4931 1946 4981 p.
1970 4919 2203 4970 810-812.
2226 4918 2456 4971 Galland.
2477 4918 2611 4982 XIII,
2629 4918 2753 4980 .750,
2776 4916 2892 4980 751,
2913 4930 2966 4969 n.
2988 4915 3087 4979 ﬂ.)

314 5070 441 5125 Ὀτι
467 5075 635 5142 φασὶν
685 5076 735 5129 oi
779 5077 1143 5150 Ἑλληνισταὶ,
1176 5078 1270 5132 καὶ
1298 5077 1361 5132 16
1402 5077 1688 5143 ’ἰουδαΐζον
1714 5093 1729 5109 ⁶
1757 5076 1825 5132 Τί

2014 5076 2259 5133 Gentiles
2307 5089 2362 5133 et
2402 5074 2759 5134 Judaizantes
2810 5075 3043 5133 dicunt:
3080 5072 3220 5141 Quid
3266 5069 3530 5144 gloriatur

238 5164 523 5234 κομπάζει
552 5166 761 5233 Παῦλος
794 5169 990 5241 λέγων·
1025 5191 1042 5224 ι
1068 5172 1148 5225 Τὰ
1171 5173 1374 5243 ἀρχαῖα
1403 5170 1672 5242 παρῆλθε,
1726 5169 1817 5224 ίὸοἰ

1941 5167 2148 5227 Paulus
2206 5169 2434 5228 dicens:
2481 5190 2500 5224 ι
2539 5168 2731 5227 Vetera
2779 5168 3156 5227 transierunt:
3186 5181 3314 5223 ecce
3344 5164 3532 5222 omnia

319 5328 366 5360 ’⁸
387 5330 589 5386 Jerem.
619 5347 776 5397 χχιιι,
800 5332 890 5388 55.
966 5334 1012 5365 ³⁸
1034 5332 1080 5387 ll
1106 5332 1239 5388 Cor.
1270 5348 1323 5399 ν,
1352 5333 1438 5389 Π.

1792 5446 2027 5506 NOTAE.

324 5602 595 5677 (17)ng
623 5612 951 5677 sequuntur,
979 5619 1043 5660 ea
1101 5605 1380 5677 quomodo
1408 5606 1514 5662 huc
1539 5605 1831 5677 quadrent,

252 5688 364 5729 non
397 5674 899 5731 admodum—video.

327 5743 440 5816 (l8)
469 5744 623 5801 Colb.
656 5760 756 5817 pro
789 5746 856 5802 ἂν
889 5748 1053 5819 ἐρεῖς.

2161 5602 2453 5693 'Sicnscribo
2475 5618 2579 5693 pro
2592 5599 3023 5693 ἔπηρςαςᾊῌίεἰ
3054 5600 3210 5655 malis
3245 5593 3533 5665 ἐπηρεαίς.

2039 5674 2132 5744 20)
2165 5674 2223 5729 In
2247 5672 2678 5740 Codice,'male:
2723 5672 2966 5744 Ἡσαΐου,

2039 5742 2132 5816 2|)
2162 5746 2242 5809 εξς
2270 5744 2330 5801 τὸ
2359 5745 2543 5818 ῥητόν,
2573 5743 2758 5812 accepi
2777 5742 3031 5798 ex'Colb.
