3908 6214
467 264 572 329 859

1632 266 1897 328 ΡΗΟΤΙΙ
1934 267 2442 330 PATRIARCH/E
2473 268 2582 330 (ΣΡ.

3646 270 3758 335 860

469 380 613 435 facta
654 388 786 437 sunt
831 395 971 437 nova
1008 397 1021 435 :
1054 381 1101 437 si
1125 382 1249 453 quis
1280 382 1334 437 in
1373 382 1597 439 Christo
1642 395 1746 448 est,
1776 401 1915 440 nova
1962 395 2044 441 est

2151 388 2341 457 γέγονε
2392 388 2462 441 τὰ
2508 387 2685 439 πάντα
2717 384 2995 440 καινάοεῖ
3055 404 3139 449 τις
3196 389 3253 440 ἐν
3311 386 3747 460 Χριττῷ,καινὴ

467 482 743 528 creatura.
781 492 800 526 ι
854 474 965 544 Ego
1016 476 1191 541 enim,
1255 475 1456 547 inquit,
1501 477 1640 532 nihil
1692 480 1815 532 novi
1870 479 2052 535 video.

470 562 666 621 Nonne
692 581 823 622 vero
849 567 1020 624 habes
1050 570 1261 635 oculos,
1300 580 1359 625 ut
1397 586 1461 624 ea
1502 572 1811 643 perspicere
1836 573 2053 643 possis?

469 660 771 726 Adesdum,
802 671 856 715 et
902 660 1100 717 faciam
1139 664 1235 718 tibi
1274 663 1490 728 oculos,
1535 673 1596 719 ut
1638 664 1850 721 videas.
1899 665 2053 721 Tune

467 768 599 806 vero
652 754 843 809 oculos
899 755 1036 811 das?
1084 756 1199 810 lmo
1248 772 1400 811 vero.
1444 755 1597 811 Tune
1642 758 1907 814 Conditor
1954 759 2054 815 es?

470 844 692 916 Utique.
723 846 914 903 Nonne
956 862 1137 905 mente
1170 846 1363 921 captus
1392 853 1491 908 es?
1526 853 1873 924 Neutiquam.
1907 852 2053 909 Ocu-

468 939 623 994 losne
657 940 841 1011 itaque
886 944 1134 1011 corporis
1178 942 1350 998 facis?
1397 944 1516 1000 Non
1553 960 1707 1010 sane,
1756 945 1873 1013 sed,
1906 947 2049 1017 quod

468 1034 591 1102 plus
638 1034 800 1099 valet,
848 1036 1069 1090 mentis.
1109 1036 1298 1107 Itaque
1340 1047 1395 1093 et
1444 1040 1578 1094 mihi
1622 1040 1825 1096 oculos-
1852 1039 2053 1111 paras?

469 1122 566 1179 Vel
606 1128 865 1180 maxime.
902 1125 1095 1183 Nonne
1124 1144 1255 1183 vero
1293 1145 1388 1185 eos
1417 1131 1631 1185 habeo?
1658 1130 1898 1186 Minime.
1943 1130 2050 1187 Sed

470 1227 528 1271 tu
561 1218 772 1272 habes?
810 1218 1029 1290 Utique.
1072 1219 1190 1283 Dic,
1232 1237 1442 1292 quaeso,
1473 1223 1787 1293 quomodo?
1815 1222 1971 1290 Quod
2003 1225 2051 1280 si

469 1320 526 1364 tu
564 1312 823 1380 templum
875 1311 1156 1382 ingressus
1203 1316 1408 1369 nudum
1458 1316 1532 1370 ibi
1570 1316 1952 1383 simulacrum,
1995 1326 2052 1372 et

467 1414 683 1459 mutmn
729 1404 963 1475 lapidem
1014 1408 1220 1472 videas,
1266 1408 1530 1477 dicasque
1562 1448 1577 1473 ,
1606 1407 1705 1465 Hic
1752 1419 1837 1466 est
1868 1409 2047 1476 Deus,

468 1517 598 1555 num
630 1501 822 1556 oculos
858 1510 990 1557 tunc
1026 1502 1235 1557 habes?
1264 1502 1450 1573 Neque
1479 1504 1624 1558 enim
1658 1505 1868 1560 externi
1906 1504 2048 1560 oculi

469 1594 769 1664 quidquam
798 1606 1053 1663 prosunt,
1082 1598 1302 1666 quando
1338 1597 1565 1653 internis
1608 1607 1802 1667 captus
1843 1614 1924 1655 es.
1958 1598 2050 1653 Vi-

467 1689 564 1742 des
596 1686 780 1758 itaque
812 1702 1041 1744 necesse
1068 1706 1209 1753 esse,
1242 1699 1301 1744 ut
1342 1692 1531 1747 oculos
1564 1691 1658 1747 tibi
1695 1708 1905 1762 parem,
1937 1708 2048 1762 quo

2157 482 2333 545 κτίσις
2366 497 2381 545 ;
2414 500 2431 533 ι
2467 479 2578 549 ἐγὼ
2630 479 2761 551 γὰρ,
2791 480 2945 550 φησι,
2978 480 3163 535 καινὸν
3210 481 3362 535 οὐδὲν
3425 481 3634 552 βλέπω.
3674 484 3753 534 Ού

2155 574 2264 645 γὰρ
2324 573 2466 644 ἔχεις
2528 572 2864 643 ὀφθαλμοὺς,
2897 574 2982 627 ἵνα
3044 575 3157 645 ἴδῃς
3190 574 3361 628 ταῦτα
3390 595 3403 637 ;
3433 574 3628 644 Δεῦρο,
3656 576 3754 627 καὶ

2156 670 2370 739 ποιήσω
2421 686 2503 722 σοι
2557 668 2891 739 ὀφθαλμοὺς,
2933 669 3029 723 καὶ
3076 671 3293 740 ὁράσεις
3337 670 3470 741 (22)·
3516 673 3625 723 Καὶ
3686 672 3749 723 σὺ

2155 762 2332 824 ποιεῖς
2385 760 2740 829 ὀφθαλμούς;
2798 762 2928 814 Ναί.
2965 761 3075 814 Καὶ
3128 762 3465 833 δημιουργὸς
3522 759 3604 825 ei;
3641 766 3751 815 Καὶ

2156 852 2319 906 πάνυ.
2340 853 2413 905 Σὺ
2431 853 2810 923 ἀπονενόησαι;
2827 854 2980 923 Οὐχί.
2995 855 3209 907 Ούκοῦν
3224 858 3394 916 ποιεῖς
3416 856 3526 921 (95)
3546 856 3749 923 ὀφθιλο

2158 945 2293 1015 μοὺς
2320 943 2413 998 τοῦ
2448 944 2728 1016 σώματος;
2751 945 2848 999 Οῠ·
2868 946 3002 999 ἀλλὰ
3035 946 3096 999 τὸ
3135 948 3338 1017 μεῖζον,
3362 949 3458 1016 τῆς
3481 950 3746 1008 διανοίας.

2155 1035 2265 1087 Καὶ
2307 1038 2481 1099 ποιεῖς
2514 1053 2603 1105 μοι
2634 1035 2979 1106 ὀφθαλμούςς
3016 1038 3286 1091 Μάλιστα,
3315 1040 3389 1090 Οὐ
3441 1040 3550 1107 γὰρ
3602 1041 3744 1107 ἔχοις

2154 1128 2394 1199 ούχί.Σὺ
2412 1129 2467 1182 δὲ
2494 1129 2671 1198 ἔχεις;
2702 1128 2829 1183 Ναί.
2856 1129 2977 1193 Πῶς
2997 1146 3011 1195 ;
3032 1131 3151 1184 εἰπέ
3179 1148 3290 1199 μοι.
3315 1132 3482 1184 Ὅταν
3499 1134 3746 1201 ἀπέλθῃς

2152 1220 2233 1282 είς
2281 1220 2426 1285 ναὸν,
2469 1222 2563 1272 καὶ
2605 1220 2718 1293 ίδῃς
2751 1222 2868 1274 ἐκεῖ
2914 1221 3101 1285 ξόανον
3160 1223 3387 1290 γυμνὸν,
3417 1222 3565 1275 λίῠον
3592 1225 3748 1287 ἄξω-

2155 1326 2261 1372 νον,
2296 1312 2391 1361 καὶ
2445 1312 2607 1380 εἴπῃς
2637 1327 2650 1342 ·
2687 1304 2857 1374 Οὗτος
2904 1315 2932 1365 6
2965 1313 3097 1375 Θεός
3149 1316 3295 1367 ἐστιν
3322 1332 3336 1342 υ
3379 1311 3488 1385 ἆρα
3538 1316 3746 1382 ὀφθαλ-

2156 1402 2291 1471 μοὺς
2320 1400 2465 1471 ἔχεις
2490 1421 2504 1470 ;
2541 1402 2615 1475 μὴ
2645 1403 2752 1473 γὰρ
2774 1404 2963 1472 ὁφελὸς
2980 1422 3032 1457 τι
3055 1423 3163 1458 των
3191 1406 3389 1470 ἕξσυἿεν
3442 1407 3746 1475 ὀφθαλμῶν

2151 1491 2261 1546 τῶν
2302 1492 2449 1546 ἔνδον
2478 1494 2947 1565 πεπηρωμὲνων;
3010 1497 3174 1567 ὐρᾷς
3220 1496 3302 1548 ὅτι
3351 1498 3543 1565 χρείαν
3598 1496 3745 1564 ἔχεις

2152 1584 2240 1637 iva
2270 1585 2482 1655 ποιήσω
2518 1602 2598 1638 σοι
2634 1584 2969 1654 ὀφθαλμοὺς,
3004 1584 3143 1638 ὥστε
3192 1586 3281 1638 τὸν
3313 1586 3462 1639 λίϐον
3516 1603 3576 1638 σε
3614 1589 3743 1639 ἰδεῖν

2151 1675 2320 1741 λίθον,
2355 1676 2449 1728 καὶ
2510 1675 2571 1728 τὸ
2622 1674 2799 1740 ξύλον,
2827 1676 2984 1739 ξύλον
3014 1693 3029 1709 ο
3063 1676 3375 1747 ὀφθαλμοὺς
3410 1678 3579 1747 ἔχεις,
3615 1680 3742 1731 ὁταν

465 1777 701 1847 lapidem
754 1777 943 1833 videas
994 1794 1119 1835 esse
1164 1780 1422 1850 lapidem,
1467 1788 1520 1836 et
1553 1782 1763 1851 lignum
1814 1798 1935 1838 esse
1977 1784 2038 1836 li-

2151 1768 2263 1838 ἴδῃς
2298 1767 2474 1833 ξύλον,
2507 1768 2601 1823 καὶ
2632 1770 3046 1841 προσκυνήσῃςο
3078 1772 3171 1823 καὶ
3206 1770 3387 1824 λαϐὼν
3439 1772 3574 1839 ἐγὼ,
3609 1773 3744 1826 αὐτὸ

469 1886 658 1940 gnum.
708 1867 911 1926 Oculos
952 1870 1144 1935 habes,
1178 1879 1236 1925 ut
1268 1871 1460 1926 videns
1500 1872 1706 1941 lignum
1748 1873 1878 1927 illud
1923 1874 2047 1927 ado-

464 1960 599 2015 res?
636 1960 747 2031 Ego
776 1977 905 2015 vero
941 1961 1073 2015 illud
1111 1962 1456 2017 comburam.
1491 1962 1629 2018 Num
1668 1964 1832 2035 igitur
1858 1966 2046 2021 oculos

467 2053 661 2115 habes,
691 2053 784 2121 qui
838 2052 991 2115 illud,
1034 2053 1182 2122 quod
1232 2056 1594 2123 comburitur,
1637 2056 1805 2110 Deum
1860 2057 2047 2129 appel-

466 2145 591 2201 les?
632 2144 807 2199 llomo
839 2146 1041 2215 aliquis
1092 2146 1281 2201 ebrius
1321 2157 1426 2210 est,
1459 2156 1513 2202 et
1556 2146 1958 2213 circumfertur,
1995 2160 2049 2204 et

464 2240 764 2305 deridetur,
804 2248 857 2294 et
893 2255 959 2295 ex
994 2240 1216 2297 homine
1262 2241 1474 2296 ratione
1501 2240 1797 2297 destitutus
1842 2242 2046 2298 evadit.

465 2324 546 2379 Tu
581 2341 710 2380 vero
757 2326 879 2381 ais:
930 2326 1237 2383 Ebriositas
1277 2327 1412 2384 deus
1448 2338 1551 2393 est,
1601 2329 1882 2397 Bacchus;
1932 2331 2049 2386 fur-

466 2428 580 2473 tum
632 2420 768 2476 deus
794 2429 897 2486 est,
935 2419 1259 2475 Mercurius.
1291 2419 1546 2488 Videsne,
1577 2423 1754 2478 oculis
1786 2423 1881 2478 tibi
1911 2439 2048 2495 opus

464 2513 629 2567 esse?
660 2512 769 2566 Lex
815 2527 981 2583 prava
1015 2514 1209 2582 punit;
1241 2523 1297 2568 tu
1336 2529 1487 2579 vero,
1526 2530 1589 2569 ea
1633 2525 1876 2585 patrans,
1909 2517 2048 2571 nihil

463 2604 657 2659 sentis.
708 2603 853 2673 Jam,
929 2623 1117 2677 quaeso
1168 2609 1496 2683 te,_attende
1540 2608 1815 2678 quomodo
1865 2610 2047 2664 omnia

466 2696 609 2750 facta
664 2697 775 2750 sint
828 2714 988 2752 nova.
1053 2698 1317 2754 Creatura
1362 2699 1417 2753 in
1480 2698 1762 2770 Scriptura
1820 2710 2049 2755 vocatur

466 2802 575 2843 non
606 2789 809 2853 solum,
839 2790 1061 2859 quando
1113 2791 1319 2862 aliquid
1358 2808 1425 2847 ex
1456 2792 1635 2847 nihilo
1676 2807 1799 2849 esse
1833 2792 2047 2863 incipit,

466 2883 559 2937 sed
618 2892 672 2936 et
706 2884 928 2952 quando
960 2883 1190 2954 aliquid,
1223 2885 1371 2952 quod
1400 2894 1503 2949 est,
1553 2885 1607 2939 in
1636 2885 1833 2941 melius
1868 2896 2050 2940 muta-

465 2982 577 3027 tur.
613 2972 757 3028 Deus
781 2975 981 3029 cmlum
1010 2976 1278 3041 condidit,
1326 2978 1429 3033 hoc
1457 2986 1559 3040 est,
1581 2976 1711 3032 fecit
1743 2978 1949 3049 aliquid
1979 2993 2045 3032 ex

466 3064 638 3118 nihilo
671 3084 684 3119 :
723 3065 861 3120 idem
898 3082 1028 3121 vero
1076 3068 1241 3123 etiam
1288 3080 1458 3133 creat,
1504 3070 1725 3140 quando
1770 3070 2046 3126 hominem

461 3160 689 3228 impium
726 3160 932 3214 bonum
964 3160 1145 3216 ellicit.
1186 3160 1366 3233 Atque
1406 3164 1494 3217 hic
1532 3178 1720 3219 creare
1757 3164 1901 3220 idem
1938 3173 2045 3229 est,

461 3253 612 3323 quod
665 3254 872 3325 aliquid
911 3256 965 3309 in
1005 3255 1203 3311 melius
1242 3265 1473 3312 mutare.
1523 3256 1661 3312 Audi
1694 3272 1858 3328 porro
1890 3258 2048 3312 Davi-

471 3346 596 3400 dem
639 3347 977 3417 loquentem.
1030 3348 1301 3415 Quoniam
1355 3351 1500 3405 enim
1552 3352 1641 3405 ille
1689 3361 1743 3406 et
1787 3366 1883 3407 cor
1924 3351 2046 3422 ejus

466 3449 713 3493 creatum
746 3449 886 3505 erat,
919 3442 1191 3497 adulterio
1214 3458 1347 3498 vero
1366 3454 1419 3497 et
1449 3444 1594 3498 eaade
1626 3442 2042 3513 inquinahatur,

459 3538 514 3585 ct
574 3531 640 3585 ad
686 3531 888 3587 caedem
940 3533 1240 3601 ferebatur,
1292 3534 1461 3589 Deum
1507 3542 1783 3605 precatur,
1823 3544 1878 3591 et
1919 3538 2040 3591 ait:

465 3641 482 3673 ι
518 3622 625 3676 Cor
669 3640 872 3679 novum
908 3639 1031 3680 crea
1064 3626 1119 3679 in
1158 3641 1267 3692 me,
1302 3624 1444 3682 Dens
1467 3628 1546 3691 3°;
1579 3646 1597 3680 ι
1650 3643 1759 3683 non
1796 3630 2041 3700 quidem,

457 3713 602 3781 quod
645 3724 771 3770 ante
812 3730 921 3771 non
972 3715 1205 3772 habehat
1244 3732 1359 3781 cor,
1418 3719 1562 3773 sicut
1610 3736 1711 3775 nec
1757 3722 1825 3776 de
1860 3721 2044 3777 cordis

457 3806 717 3871 essentia,
769 3808 865 3863 sed
913 3808 979 3862 de
1026 3809 1254 3878 optima,
1308 3826 1429 3881 qua:
1462 3812 1593 3865 illud
1628 3821 1809 3877 ornat,
1857 3813 2044 3869 condi-

464 3896 609 3949 tione
646 3897 912 3966 loquitur.
948 3895 1114 3953 Vides
1143 3900 1327 3968 itaque
1356 3901 1505 3969 quod
1537 3910 1789 3957 creatura
1820 3911 2043 3958 vocetur

456 4005 565 4042 non
616 3988 816 4053 solum,
866 3989 912 4043 si
973 4006 1035 4044 ex
1074 3992 1250 4047 nihilo
1302 3992 1507 4063 aliquid
1552 3995 1789 4049 existere
1826 3994 2039 4065 incipit,

456 4081 549 4135 sed
582 4082 775 4145 etiam,
819 4081 867 4136 si
899 4084 1029 4153 quid
1065 4084 1243 4153 quoad
1290 4085 1588 4141 essentiam
1620 4095 1938 4156 corruptum
1984 4087 2040 4141 in

365 4238 369 4244 ,
459 4175 658 4229 melius
716 4185 976 4232 mutetur.
1041 4175 1118 4233 lta
1174 4180 1433 4234 meretrix
1499 4180 1787 4246 conditur,
1845 4180 1891 4235 si
1947 4180 2042 4235 fiat

455 4276 605 4321 easta
633 4282 647 4332 ;
686 4266 757 4321 ita
787 4283 980 4339 rapax,
1016 4269 1061 4325 si
1089 4270 1286 4325 evadat
1316 4271 1658 4327 misericors.
1690 4270 1769 4327 Ita
1801 4272 1855 4326 in
1881 4288 2037 4327 ovem

456 4366 702 4412 mutatur
755 4358 936 4429 lupus,
987 4368 1041 4414 et
1102 4360 1158 4414 in
1210 4362 1522 4417 columbam
1592 4363 1870 4433 accipiter.
1922 4364 2038 4418 Duo

454 4450 637 4520 itaque
688 4463 815 4507 sunt
840 4455 1139 4510 creationis
1179 4472 1396 4527 genera.
1428 4457 1720 4528 Propterea
1767 4459 1930 4513 etiam
1960 4459 2037 4513 la-
2071 4486 2115 4542 ι)

462 4559 687 4598 vacrum
724 4546 932 4601 dicitur
986 4548 1217 4614 creatio,
1260 4550 1562 4613 lavacrum,
1598 4552 1846 4621 inquam,
1880 4568 2037 4623 rege-

458 4635 784 4691 nerationis.
829 4654 846 4687 ι
880 4635 1158 4692 Exuentes
1194 4638 1363 4706 enim,
1397 4639 1589 4709 inquit,
1629 4640 1905 4695 hominem
1943 4656 2035 4696 ve-

455 4735 653 4792 terem,
710 4726 996 4785 induentes
1051 4738 1231 4785 autem
1269 4747 1492 4797 novum,
1541 4733 1634 4802 qui
1682 4742 2037 4804 regeneratus

450 4829 534 4873 est
576 4820 641 4874 ad
685 4820 977 4891 imaginem
1015 4822 1157 4892 ejus,
1200 4823 1293 4892 qui
1340 4838 1465 4879 eum
1518 4825 1777 4879 condidit.
1816 4845 1836 4878 ι
1873 4824 2037 4882 Vides

453 4912 660 4981 itaque,
694 4911 837 4981 quod
888 4928 1027 4967 nova
1057 4914 1241 4984 aliqua
1297 4915 1367 4970 sit
1398 4924 1671 4971 creatura.
1702 4914 1842 4983 Quid
1887 4918 2033 4973 enim

451 5004 587 5057 mihi
613 5004 856 5072 prodest,
888 5004 935 5061 si
970 5005 1169 5061 coelum
1210 5005 1303 5060 fiat
1335 5021 1561 5073 novum,
1597 5016 1651 5063 et
1681 5016 1824 5063 terra
1870 5024 2036 5075 nova,

450 5111 582 5166 ergo
616 5112 746 5151 vero
780 5099 1016 5167 peccatis
1068 5098 1408 5153 inveteravi?
1444 5098 1655 5155 Caelum
1692 5101 1888 5157 domus
1924 5111 2028 5169 est,

448 5204 547 5259 ego
572 5204 700 5245 vero
736 5193 786 5245 in
837 5207 904 5246 eo
937 5192 1186 5247 diversor
1223 5200 1277 5248 et
1318 5203 1543 5265 aegroto.
1582 5194 1811 5259 Quando
1856 5195 2031 5251 medi-

522 5371 567 5403 ³ο
597 5370 748 5428 Ρεεί.’
767 5388 821 5438 ι,
851 5372 936 5427 ll.

2149 1860 2358 1916 καύσω.
2390 1856 2536 1933 'Apa
2566 1862 2708 1932 ἔχεις
2730 1862 3042 1933 ὀφθαλμοὺς
3063 1864 3121 1916 τὸ
3144 1865 3436 1933 καιόμενον
3463 1866 3599 1918 Θεὸν
3623 1868 3739 1919 ονο-

2152 1954 2371 2024 μάζων;
2403 1955 2530 2009 ὅταν
2557 1954 2624 2008 τὰ
2656 1956 2805 2026 πάθη
2860 1955 3147 2020 θεοποιεῖς,
3194 1956 3508 2027 ὀφθαλμοὺς
3560 1957 3739 2026 Elea;

2152 2046 2342 2114 μεθύει
2386 2049 2415 2099 6
2476 2046 2764 2118 ἄνθρωπος
2797 2088 2813 2113 ,
2851 2049 2949 2101 καὶ
3009 2049 3389 2121 περιφέρεται,
3425 2051 3519 2103 καὶ
3570 2068 3738 2104 καταο

2149 2140 2376 2208 γελᾶται
2413 2157 2426 2171 ’
2473 2141 2569 2195 καὶ
2614 2140 2823 2209 γίνεται
2860 2142 2980 2194 ἀντὶ
3028 2141 3122 2195 τοῦ
3178 2141 3471 2213 ἀνθρώπου
3524 2144 3737 2210 ἄλογος.

2150 2232 2224 2286 Σὺ
2248 2234 2305 2287 δὲ
2335 2234 2549 2303 λέγεις·
2595 2234 2661 2288 Ἢ
2710 2234 2849 2305 μέθη
2892 2235 3033 2301 θεὸς,
3064 2236 3092 2287 6
3132 2237 3385 2299 Διόνυσος
3419 2253 3432 2269 ο
3484 2237 3516 2307 ἡ
3565 2236 3736 2306 κλοπὴ

2151 2324 2295 2393 θεὸς,
2347 2328 2375 2380 6
2421 2326 2657 2399 Ἐρμῆς’
2686 2329 2841 2398 ὁρᾷς,
2882 2329 2964 2381 ὅτι
3020 2328 3181 2398 χρεία
3236 2345 3317 2381 σοι
3356 2327 3685 2397 ὀφθαλμῶν;
3712 2333 3739 2380 6

2150 2422 2319 2489 νόμος
2365 2419 2435 2471 τὰ
2492 2420 2637 2489 πάθη
2686 2419 2905 2484 κολάζει
2933 2436 2945 2449 ’
2980 2420 3072 2474 καὶ
3104 2420 3167 2473 σὺ
3207 2419 3381 2473 ταῦτα
3424 2421 3595 2472 ποιῶν
3642 2421 3738 2474 οὐκ

2152 2512 2380 2582 αἰσθάνῃ
2410 2527 2425 2576 ;
2463 2512 2510 2565 εί
2537 2511 2715 2582 βούλει
2746 2512 2824 2574 δὲ,
2862 2514 3121 2582 πρόσχες,
3158 2513 3308 2575 ὅπως
3337 2514 3529 2579 γέγονε
3563 2514 3737 2564 πάντα

2152 2604 2336 2659 καινά.
2370 2603 2564 2666 Κτίσις
2604 2604 2759 2675 ὲνκτῇ
2791 2603 2980 2674 Γραφῇ
3032 2604 3271 2672 λέγεται.
3302 2605 3335 2674 ἡ
3365 2604 3425 2655 οὐ
3476 2604 3640 2672 μόνον
3676 2605 3737 2656 ὲκ

2150 2696 2244 2751 τοῦ
2280 2698 2355 2768 μὴ
2394 2697 2545 2760 ὄντος
2578 2700 2655 2760 είς
2687 2698 2747 2750 τὸ
2778 2691 2917 2751 εἶναι
2944 2698 3279 2767 παραγωγὴ,
3308 2698 3445 2749 ἀλλὰ
3474 2699 3570 2751 καὶ
3612 2699 3646 2767 ἡ
3674 2699 3734 2749 ἐκ

2149 2789 2242 2842 τοῦ
2269 2788 2419 2851 ὄντος
2468 2789 2562 2841 ἐπὶ
2591 2790 2651 2841 τὸ
2690 2789 2901 2859 βέλτιον
2932 2789 3225 2860 μεταϐολή.
3249 2791 3505 2843 Ἐκτισεν
3535 2793 3564 2844 ὁ
3609 2790 3736 2853 Θεὸς

2149 2881 2243 2935 τὸν
2272 2882 2501 2950 οὐρανόν
2525 2897 2539 2913 ⁸
2573 2881 2731 2935 τοῦτό
2756 2884 2901 2936 ἐστιν
2938 2885 3002 2936 ὲκ
3027 2884 3121 2938 τοῦ
3167 2884 3242 2955 μὴ
3290 2884 3444 2947 ὄντος
3491 2885 3731 2955 ἐργασα-

2154 2975 2277 3029 σθαι
2303 2992 2318 3007 ο
2352 2976 2548 3041 κτίζει,
2580 2978 2673 3030 καὶ
2698 2978 2825 3030 ὅταν
2858 2976 2950 3030 τὸν
2984 2979 3220 3048 πονηρὸν
3247 2978 3540 3048 ἄνθρωπον
3573 2979 3733 3030 καλὸν

2152 3069 2538 3141 ἀπεργάσηται
2562 3087 2574 3101 ’
2609 3071 2843 3125 ἐνταῦθα
2872 3071 2933 3124 τὸ
2964 3072 3171 3136 κτίζειν
3204 3074 3351 3124 ἐστὶν
3388 3072 3481 3124 ἐπὶ
3524 3072 3584 3125 τὸ
3614 3072 3732 3141 βέλ-

2150 3181 2263 3217 τιον
2313 3162 2612 3235 μεταϐολή.
2662 3165 2774 3217 Καὶ
2812 3165 3041 3219 ἄκουσον
3088 3163 3184 3217 τοῦ
3223 3164 3390 3217 Δαϐὶδ
3444 3164 3730 3233 λέγοντος·

2151 3255 2342 3325 ἐπειδὴ
2369 3255 2477 3324 γὰρ
2509 3251 2574 3325 ἦν
2601 3254 2765 3317 αὐτὸς
2790 3255 2886 3306 καὶ
2918 3255 2950 3323 ἡ
2987 3253 3189 3324 καρδία
3215 3251 3382 3306 αὑτοῦ
3413 3252 3732 3323 ἐκτισμένη,

2150 3345 2446 3419 ὲρῤυπώοη
2495 3345 2552 3398 δὲ
2600 3348 2666 3418 τῇ
2706 3346 2942 3417 μοιχείᾳ,
2973 3344 3067 3398 καὶ
3116 3344 3194 3415 τῷ
3242 3343 3409 3414 φόνῳ,
3448 3344 3545 3396 καὶ
3600 3343 3731 3413 πρὸς

2151 3439 2358 3509 φθορὰν
2382 3437 2737 3509 κατεφέρετο,
2770 3437 3084 3508 παρακαλεί
3112 3437 3205 3489 τὸν
3232 3436 3386 3500 Θεὸν,
3423 3436 3521 3487 καὶ
3548 3435 3729 3503 λέγει·

2153 3551 2172 3584 ι
2211 3532 2454 3605 Καρδίαν
2482 3532 2728 3601 καθαρὰν
2764 3531 2946 3583 κτίσον
2969 3531 3027 3583 ὲν
3046 3531 3191 3600 ἐμοὶ,
3212 3529 3241 3581 6
3272 3528 3423 3592 Θεός.
3457 3548 3476 3581 ι
3518 3530 3629 3599 Οὐχ
3655 3530 3731 3581 ὅτι

2150 3623 2419 3693 πρότερον
2450 3622 2551 3675 οὐκ
2593 3619 2703 3692 εἶχε
2735 3620 2959 3691 καρδίαν
2996 3635 3009 3649 '
3052 3619 3174 3672 οὐδὲ
3218 3619 3349 3689 περὶ
3397 3621 3497 3689 τῆς
3544 3617 3730 3678 οὐσίας

2144 3715 2243 3785 τῆς
2268 3714 2495 3785 καρδίας
2528 3713 2696 3783 λέγει,
2729 3712 2865 3767 ἀλλὰ
2896 3713 3024 3783 περὶ
3067 3711 3170 3782 τῆς
3202 3708 3514 3781 κοσμούσης
3561 3709 3729 3779 αὐτὴν

2145 3806 2377 3878 ἀρίστης
2420 3806 2713 3870 πολιτείας.
2763 3806 2892 3860 Ἰδοὺ
2948 3806 3125 3857 τοίνυν
3174 3803 3353 3867 κτίσις
3401 3802 3645 3871 λέγεται,
3666 3800 3723 3854 οὐ

2150 3900 2311 3973 μόνον
2338 3901 2371 3970 ἡ
2397 3901 2461 3953 ὲκ
2483 3898 2578 3952 τοῦ
2600 3899 2674 3970 μὴ
2706 3899 2855 3961 ὄντος
2879 3899 2955 3961 είς
2977 3897 3039 3950 τὸ
3065 3892 3208 3951 εἶναι
3238 3895 3574 3967 παραγωγὴ,
3596 3894 3725 3947 ἀλλὰ

2145 3996 2239 4048 καὶ
2266 3996 2299 4065 ή
2323 3993 2422 4065 τῆς
2458 3994 2647 4057 οὐσίας
2684 3991 3079 4063 διαφθαρείσης
3116 3991 3195 4053 είς
3228 3990 3288 4043 τὸ
3316 3988 3527 4060 βέλτιον
3564 4005 3725 4060 μετα-

2148 4085 2279 4155 ϐολή
2309 4103 2323 4117 ο
2357 4085 2499 4139 οὕτω
2525 4085 2769 4150 κτίζεται
2815 4084 3047 4155 σώφρων
3076 4084 3109 4153 ἡ
3142 4081 3339 4153 πόρνη,
3362 4080 3543 4144 οὕτως
3573 4082 3722 4149 ἐλεή-

2150 4194 2268 4247 μων
2301 4179 2330 4230 6
2386 4176 2572 4248 ’ἅρπαξ
2595 4194 2608 4207 ·
2645 4176 2788 4229 οὕτω
2837 4174 3234 4247 μεταϐάλλεται
3271 4174 3350 4235 είς
3394 4171 3668 4241 πρόϐατον
3698 4171 3723 4220 6

2142 4270 2326 4335 λύκος,
2358 4270 2453 4324 καὶ
2483 4272 2511 4323 6
2532 4268 2685 4333 ἱέραξ
2715 4270 2794 4333 είς
2840 4266 3167 4339 περιστεράν
3193 4282 3207 4297 ·
3238 4264 3332 4319 δύο
3377 4265 3609 4327 κτίσεις.
3632 4263 3722 4314 Διὰ

2143 4363 2302 4417 τοῦτο
2344 4364 2439 4416 καὶ
2473 4361 2533 4415 τὸ
2577 4362 2801 4431 λουτρὸν
2847 4359 3053 4431 κτίσμα
3098 4358 3356 4426 λέγεται·
3402 4356 3463 4408 τὸ
3506 4354 3721 4425 λουτρὸν

2144 4456 2289 4526 λέγω
2310 4456 2407 4527 τῆς
2434 4452 2872 4523 παλιγγενεσίας.
2904 4472 2923 4504 ι
2961 4450 3389 4520 Ἀποδυσὰμινοι
3413 4449 3545 4519 γὰρ,
3572 4448 3716 4516 φησι,

2146 4549 2238 4603 τὸν
2270 4547 2502 4601 παλαιὸν
2528 4546 2838 4619 ἄνθρωπον,
2871 4544 3224 4614 ἐνδυσάμενοι
3258 4542 3313 4595 δὲ
3337 4542 3431 4594 τὸν
3466 4541 3608 4605 νέον,
3639 4540 3720 4591 τὸν

2148 4640 2594 4711 ἁναγεννώμενον
2619 4639 2739 4694 κατ’
2756 4640 2942 4693 εἰκόνα
2954 4637 3047 4691 τοῦ
3072 4636 3355 4697 κτίσαντος
3377 4633 3713 4703 αύτόν(24).ι

2154 4737 2318 4809 Ὁρᾷς
2368 4736 2460 4790 οὖν
2487 4737 2569 4789 ὃτι
2600 4736 2716 4790 ἐστι
2737 4734 2899 4807 καινὴ
2930 4734 3125 4797 κτίσις.
3150 4732 3217 4785 Τί
3246 4733 3354 4803 γάρ
3393 4748 3483 4802 μοι
3514 4730 3716 4799 ὄφελος.

2142 4828 2238 4883 ἐὰν
2267 4829 2495 4899 γένηται
2527 4829 2555 4881 6
2585 4828 2810 4899 οὐρανὸς
2844 4827 3050 4890 καινὸς,
3077 4826 3171 4878 καὶ
3202 4826 3272 4894 γῆ
3306 4825 3491 4894 καινὴ,
3527 4820 3638 4889 ἐγὼ
3667 4821 3719 4872 δὲ

2143 4921 2262 4982 ταῖς
2324 4917 2622 4988 ἁμαρτίαις
2698 4916 3135 4987 “exanimum;
3206 4915 3236 4967 6
3297 4912 3528 4985 οὐρανὸς
3580 4904 3717 4969 οἷκῶ

2135 5012 2307 5076 ἐστιν,
2333 5009 2444 5078 ἐγὼ
2466 5009 2520 5062 δὲ
2539 5010 2567 5061 6
2587 5009 2943 5079 διαιτώμενος
2968 5009 3026 5061 ἐν
3050 5006 3220 5077 αύτῷ,
3242 5007 3340 5059 καὶ
3370 5004 3565 5057 νοσῶν.
3598 4999 3717 5053 Ἐὰν

2142 5102 2327 5173 ἰατρὸς
2368 5104 2447 5166 εἰς
2494 5103 2595 5172 τὴν
2638 5102 2815 5156 οἰκίαν
2854 5101 2948 5154 τοῦ
3002 5098 3413 5171 ἁρῤωστοῦντος
3468 5092 3711 5157 εἰσέλθοι,

2141 5197 2236 5250 καί⁵
2274 5195 2368 5250 τοῦ
2422 5198 2520 5267 μὲν
2550 5195 2809 5267 οὐδεμίαν
2836 5193 3095 5267 πρόνοιαν
3146 5191 3324 5257 λάϐοι,
3352 5186 3627 5242 λευκαίνει
3658 5184 3708 5236 δὲ

1933 5513 2166 5570 NOTAE.

516 5672 628 5741 (2‘2)
657 5674 808 5729 Coll).
832 5676 926 5729 καὶ
959 5678 1112 5745 ὁρᾷς.

518 5745 629 5816 (25)
661 5745 829 5813 Idem,
853 5747 1100 5818 ποίησον.

2215 5670 2330 5741 (ΞΜ)
2362 5670 2573 5726 Coloss.
2609 5686 2689 5735 ιιι,
2721 5670 2803 5737 10,
2838 5668 2927 5725 ubi
2961 5679 3140 5725 tamen
3168 5664 3701 5722 hodiecodiccsnon-

2142 5743 2275 5799 nihil
2304 5742 2461 5796 aliter
2493 5743 2710 5797 habent.
