3908 6214
467 290 575 357 863

1631 290 1896 353 ΡΗΟΤΙΙ
1932 292 2438 355 PATRIARCH/E
2468 293 2581 355 CP.

3651 292 3758 355 364

471 402 700 460 Relictis
729 401 1071 471 horninibus,
1119 417 1244 459 cum
1284 401 1551 460 creaturis
1588 402 2055 462 irrationabilibus

2180 424 2297 471 τους
2321 406 2419 462 καὶ
2469 407 2584 468 τοῖς
2614 402 2832 471 ἀλόγοις
2888 402 3174 473 στοιχείοις
3207 403 3579 475 προσδιαλέγῃ
3606 420 3622 471 ;
3652 406 3760 458 Nat

469 495 856 553 conversaris?
906 496 1035 567 quia
1097 495 1509 552 irrationalibus
1572 495 1698 553 facti
1762 508 1892 554 sunt
1915 498 2056 553 irra-

470 590 793 645 tionaliores
846 588 941 659 qui
1002 588 1217 644 ratione
1265 589 1523 660 gaudent,
1581 599 1635 644 et
1681 603 1789 643 non
1838 601 2059 661 propter

479 682 610 736 illud
660 681 1031 746 solummodo,
1094 680 1188 736 sed
1236 690 1291 736 et
1324 681 1453 751 quia
1488 679 1722 753 Moyses,
1747 697 1875 737 cum
1909 682 1962 736 in
1993 697 2060 738 eo

476 784 623 831 esset
674 783 736 830 ut
788 774 911 831 illos
977 775 1046 829 ad
1098 782 1299 829 terram
1351 774 1682 845 promissam
1736 776 2051 843 deduceret,

475 864 655 920 futura
686 864 1011 933 prmvidens,
1047 864 1182 920 dicit
1235 882 1249 919 :
1276 866 1536 933 'tAudite,
1567 866 1713 935 cceli,
1755 876 1809 922 et
1838 869 2053 939 loquar,

475 962 712 1022 attende,
751 968 918 1023 terra,
962 958 1142 1014 verbis
1187 958 1299 1014 oris
1341 960 1535 1015 mei".
1581 990 1652 1001 —
1692 961 1904 1031 Adjuro
1940 977 2060 1025 vos,

474 1050 607 1106 dicit
667 1050 920 1122 Moyses,
1003 1066 1101 1121 per
1154 1052 1354 1107 cmlum
1410 1061 1465 1108 et
1530 1062 1771 1120 terram,
1810 1054 1954 1126 quod
2014 1054 2062 1109 si

479 1142 709 1214 ingressi
771 1142 985 1198 fueritis
1040 1142 1098 1198 in
1152 1153 1352 1199 terram
1407 1146 1737 1213 promissam
1765 1154 1820 1202 et
1858 1146 2059 1202 dereli-

477 1233 705 1304 queritis
762 1233 1055 1289 Dominum
1124 1235 1335 1303 Deum,
1432 1237 1488 1292 in
1549 1252 1743 1294 omnes
1800 1239 2056 1294 nationes

478 1326 1016 1395 dispergetnini".»
1105 1328 1284 1391 Venit:
1330 1346 1460 1402 ergo
1532 1329 1737 1399 Isaias;
1835 1332 2063 1403 jamjam

479 1420 641 1474 minae
692 1429 814 1474 actu
857 1422 1198 1492 complendas
1251 1432 1428 1478 erant.
1483 1421 1721 1495 Moysem
1747 1435 2052 1487 mortuum,

479 1526 581 1566 nec
639 1511 763 1566 illos
823 1513 914 1581 qui
983 1522 1113 1570 tunc
1169 1515 1457 1572 audierant
1519 1532 1645 1571 eum
1700 1531 1901 1572 vocare
1952 1532 2060 1571 non

485 1613 701 1675 potest;
737 1606 1009 1677 reliquum
1044 1619 1128 1664 est
1164 1618 1222 1665 ut
1265 1618 1547 1667 creaturas
1577 1626 1717 1681 quas
1747 1619 1801 1665 et
1831 1612 1883 1665 in
1920 1612 2067 1666 testi—

481 1698 726 1753 monium
765 1701 977 1756 vocavit
1010 1701 1223 1774 Moyses
1254 1712 1431 1760 vocet.
1469 1704 1836 1761 Attamenille
1855 1705 2062 1772 Aaron,

2162 503 2349 572 φησίνο
2414 498 2601 569 ἐπειδὴ
2650 497 2763 551 τῶν
2822 496 3033 565 ἀλόγων
3084 494 3415 569 ὰλογώτεροι
3464 502 3760 568 γεγόνασιν

2160 596 2210 649 οἱ
2249 593 2477 663 λογικοί.
2508 591 2621 646 Καὶ
2648 590 2709 643 οὐ
2736 589 2823 643 διὰ
2852 587 3009 642 τοῦτο
3072 590 3231 658 μόνον
3255 629 3269 654 ,
3302 589 3442 643 ἀλλὰ
3494 592 3591 643 καὶ
3617 590 3756 643 διότι

2166 685 2375 757 μέλλων
2403 687 2433 738 6
2460 681 2702 752 Μωῦσῆς
2748 681 2990 750 εἰσάγειν
3020 681 3219 741 αὐτοὺς
3274 684 3352 746 εἰς
3384 682 3489 753 τὴν
3511 682 3617 751 γῆν
3647 682 3751 751 τῆς

2162 775 2496 847 ἐπαγγελίας
2521 774 2615 829 καὶ
2643 772 2893 845 προορῶν
2918 772 2985 827 τὰ
3028 773 3289 844 μέλλοντα
3336 773 3584 832 ἔσεσθαι.
3612 774 3760 828 οὕτω

2164 871 2280 936 πώς
2302 885 2488 941 φησιν·
2520 889 2537 921 ι
2555 870 2774 932 Ἄκουε,
2795 868 3014 940 οὕρανὲ,
3053 869 3148 921 καὶ
3164 868 3386 938 λαλήσω
3410 885 3423 896 ·
3448 869 3763 938 προσεχέτω

2164 964 2235 1033 γῆ
2268 962 2470 1032 ῥήματι
2495 962 2557 1013 ἐκ
2586 958 2852 1030 στόματός
2878 976 3002 1030 μου.
3027 988 3100 1000 -
3120 959 3580 1030 Διαμαρτύρομαι
3610 960 3761 1027 ὑμῖν,

2167 1054 2351 1127 φησιν,
2394 1053 2657 1120 Ἰουδαῖοι,
2677 1052 2772 1107 τὸν
2797 1052 3026 1123 οὐρανὸν
3058 1052 3152 1105 καὶ
3176 1051 3276 1121 τὴν
3301 1050 3432 1120 γῆν,
3454 1052 3482 1102 6
3499 1049 3761 1117 Μωῡτῆς·

2164 1148 2248 1202 ὅτι
2279 1147 2374 1199 ἐὰν
2402 1146 2678 1216 εἰσέλθητε
2729 1146 2808 1210 εἰς
2837 1146 2936 1214 τὴν
2974 1144 3081 1213 γῆν
3133 1144 3232 1214 τῆς
3280 1142 3619 1211 ἐπαγγελίας
3668 1149 3765 1194 καὶ

2166 1238 2574 1309 ἐγκαταλίπητε
2602 1238 2807 1307 Κύριον
2838 1238 2927 1291 τὸν
2948 1236 3105 1302 Θεὸν,
3126 1234 3660 1305 διασκεδασθήσεσθε
3691 1238 3770 1297 εἰς

2169 1332 2345 1385 πάντα
2397 1330 2467 1383 τὰ
2502 1329 2650 1399 ἔθνη.
2694 1350 2713 1382 ι
2750 1325 2921 1382 Ἦλθε
2971 1328 3153 1382 τοίνυν
3191 1328 3440 1391 Ἦσαῖας·
3476 1328 3707 1399 ἔμελλεν
3736 1334 3770 1399 ή

2168 1424 2369 1489 ἀπειλὴ
2400 1422 2794 1495 περατοῦσθαι·
2827 1424 2927 1476 οὐκ
2982 1422 3219 1490 ἡδύνατο
3278 1422 3466 1477 καλεῖν
3525 1423 3770 1476 Matini:

2166 1516 2261 1569 τὸν
2294 1516 2392 1588 ήδη
2424 1514 2746 1586 τεθνηκότα,
2782 1516 2903 1568 οὐδὲ
2939 1517 3067 1579 τοὺς
3124 1516 3244 1568 τότε
3276 1515 3609 1585 ἀκηκοότας*
3642 1516 3761 1567 λοι·

2168 1608 2272 1663 πδν
2297 1608 2367 1662 τὰ
2400 1611 2641 1678 στοιχεῖα
2666 1608 2822 1661 καλεῖ
2850 1608 2993 1679 ἆπερ
3020 1607 3533 1679 διαμαρτυρόμενος
3580 1608 3766 1669 αὐτοῖς

2169 1700 2355 1756 ἐκάλει
2416 1703 2511 1755 καὶ
2553 1704 2582 1755 6
2633 1701 2894 1771 Μωῦσῆς·
2921 1701 3098 1755 καίτοι
3149 1718 3213 1770 γε
3260 1703 3468 1766 ἐκεῖνος
3519 1702 3616 1754 καὶ
3678 1700 3768 1755 τὸν

483 1791 795 1862 multosque
854 1794 993 1849 alios
1053 1796 1109 1849 in
1160 1797 1535 1852 testimonium
1582 1813 1781 1853 vocare
1831 1807 2066 1869 poterat,

2185 1794 2397 1869 ’Δαρὼν
2435 1794 2669 1865 ἠδύνατο
2720 1793 2905 1848 καλεῖν
2944 1796 3023 1859 εἰς
3051 1794 3357 1867 μαρτυρίαν
3392 1796 3488 1848 καὶ
3540 1794 3769 1857 πολλοὺς

485 1882 582 1938 sed
642 1893 930 1954 propterea
992 1885 1173 1942 dicam
1232 1903 1333 1959 ego
1382 1904 1492 1942 non
1526 1889 1710 1945 vocari
1762 1890 1885 1946 illos
1913 1891 2062 1961 quod

2180 1886 2383 1952 ἄλλους.
2430 1888 2593 1941 Ἀλλὰ
2624 1887 2709 1941 διὰ
2737 1886 2917 1951 τοῦτο,
2940 1888 3106 1958 φαίην
3136 1888 3223 1953 ἂν,
3253 1889 3355 1941 οὐκ
3384 1887 3623 1941 ἐκάλεσα
3642 1886 3765 1940 10-3-

480 1976 736 2035 morituri
779 1986 957 2042 erant,
1011 1994 1111 2035 nec
1151 1989 1317 2036 testes
1356 1980 1719 2052 superfuturi,
1766 1994 1816 2037 et
1842 1985 1969 2053 quia
2001 1982 2069 2036 ad

2180 1998 2299 2045 τους
2336 2021 2353 2046 ,
2426 1981 2723 2053 ἐπειδήπερ
2798 1982 3023 2051 ἔμελλον
3086 1984 3282 2035 ἐκεῖνοι
3354 1981 3619 2051 τελευτᾷν
3674 1981 3767 2034 καὶ

485 2067 810 2137 injustitiam
879 2072 1180 2127 inclinabat
1236 2074 1423 2130 Israel.
1503 2073 1692 2145 Itaque
1741 2076 2071 2147 superstites

488 2170 770 2217 creaturas
802 2163 855 2216 in
904 2166 1280 2219 testimonium
1315 2180 1476 2221 voco.
1513 2165 1607 2223 Sic
1639 2178 1692 2222 et
1716 2166 1886 2224 Isaias
1918 2168 2069 2234 facit,

488 2266 599 2307 non
648 2261 859 2308 tantum
904 2266 1127 2325 prepter
1168 2258 1441 2329 exposita,
1500 2260 1595 2315 sed
1622 2270 1676 2316 et
1704 2262 1831 2331 quia
1857 2259 2073 2317 Judaeos

486 2342 783 2409 allocutus,
838 2356 895 2401 et
946 2347 1069 2403 illos
1121 2366 1228 2405 non
1286 2352 1570 2407 audientes
1628 2354 1950 2421 inveniens,
2005 2356 2073 2411 ad

489 2445 771 2492 creaturas
826 2452 948 2495 sese
971 2442 1241 2496 convertit
1295 2453 1350 2499 et
1409 2444 1528 2500 illas
1588 2445 1643 2499 in
1701 2446 2073 2502 testimonium

486 2541 675 2582 secum
718 2532 970 2586 assumit.
1042 2534 1263 2599 Audite,
1300 2537 1462 2603 caeli,
1520 2552 1616 2593 vos
1676 2538 1822 2593 enim
1875 2555 2075 2595 manna

487 2622 771 2683 attulistis.
833 2624 1073 2682 Auribus
1126 2629 1369 2699 percipe,
1418 2640 1585 2697 terra,
1616 2640 1672 2687 tu
1711 2634 1854 2688 enim
1894 2643 2078 2690 cotur-

489 2714 666 2768 nicem
691 2716 911 2780 dedisti;
975 2720 1181 2787 audite,
1239 2723 1387 2787 εαξη,
1420 2739 1543 2793 quae
1564 2725 1712 2780 enim
1749 2736 1880 2781 sunt
1910 2741 2076 2796 supra

489 2816 742 2862 naturam
802 2810 911 2866 illis
962 2812 1341 2871 ministrastis.
1405 2815 1642 2873 Sursum
1676 2820 1867 2875 eodem
1913 2820 2078 2875 modo

487 2911 556 2953 ac
604 2899 828 2955 stabiliti
885 2901 1085 2971 fuistis,
1142 2906 1544 2975 permansistis,
1605 2918 1661 2965 et
1694 2908 1927 2966 formam
1958 2912 2069 2967 cir-

488 2992 597 3047 culi
628 3007 737 3049 non
778 2998 1015 3051 aversati
1045 3001 1204 3057 estis.
1259 3000 1505 3058 Auribus
1539 3004 1775 3075 percipe,
1815 3015 1983 3069 terra,
2021 3014 2079 3060 tu

492 3084 643 3139 enim
693 3084 950 3141 deorsum
1016 3098 1069 3143 et
1101 3089 1284 3145 cibum
1312 3091 1443 3158 illis,
1476 3094 1625 3148 nulla
1662 3094 1885 3149 illorum
1927 3095 2080 3151 solli-

2177 2074 2253 2144 μὴ
2321 2075 2576 2145 παρεῖναι
2633 2074 2958 2145 μάρτυρες·
2990 2073 3209 2127 ἐπειδάν
3265 2074 3346 2137 εἰς
3411 2073 3762 2143 παρανομίαν

2174 2164 2501 2230 ἐξέκλινενό
2553 2164 2769 2237 Ἰσραήλ
2802 2182 2817 2197 ·
2853 2164 2933 2218 διὸ
2988 2164 3055 2219 τὰ
3115 2164 3342 2235 μένοντα
3397 2154 3639 2231 στοιχεῖα
3689 2165 3765 2225 εἰς

2178 2259 2487 2329 μαρτυρίαν
2564 2258 2737 2312 καλῶ.
2798 2257 2954 2310 Οὕτω
3036 2257 3130 2311 καὶ
3186 2257 3413 2319 Ἡσαΐας
3492 2257 3638 2309 ποιεῖ
3707 2256 3765 2305 σὺ

2174 2348 2262 2402 διὰ
2297 2348 2366 2401 τὰ
2398 2348 2665 2419 εἰρημένα
2700 2348 2880 2417 μόνον,
2917 2347 3055 2400 ἀλλὰ
3105 2347 3196 2400 καὶ
3236 2346 3426 2415 ἐπειδὴ
3467 2344 3768 2414 διαλεχθεὶς

2176 2442 2290 2503 τοῖς
2337 2439 2613 2502 Ἰουδαίοις
2652 2435 2777 2509 εὗρε
2812 2437 2887 2509 μὴ
2941 2437 3241 2501 ἀκούοντας
3297 2435 3489 2501 αὑτοῦ,
3544 2435 3642 2488 ἐπὶ
3704 2435 3770 2487 τὰ

2176 2533 2417 2601 στοιχεῖα
2480 2532 2769 2602 στρέφεται
2801 2571 2815 2592 ,
2874 2530 2967 2583 καὶ
3049 2529 3335 2600 μάρτυρας
3400 2525 3767 2599 παραλαμϐά-

2177 2639 2259 2675 νει
2317 2619 2481 2675 αὑτοῦ
2513 2638 2527 2654 ·
2562 2639 2580 2672 ι
2616 2621 2837 2685 Ἄκουε,
2893 2619 3089 2691 οὐρανέ
3122 2637 3137 2652 ο
3180 2638 3199 2671 ι
3235 2620 3299 2672 σὺ
3334 2618 3443 2689 γὰρ
3503 2619 3565 2670 τὸ
3598 2618 3770 2687 μάννα

2179 2716 2468 2786 ἧνεγκας.ι
2491 2714 2902 2784 Ἐνωτίξουκγῆ·
2942 2732 2960 2763 ι
2994 2713 3058 2766 σὺ
3088 2713 3199 2783 γὰρ
3232 2712 3330 2783 τὴν
3355 2711 3771 2781 όρτυγομήτραν

2181 2808 2438 2871 ἔδωκαςΑ
2456 2808 2676 2872 Ἄκουε,
2709 2806 2929 2878 οὐρανέο
2948 2825 2967 2858 ι
2999 2806 3069 2859 τὰ
3095 2806 3205 2877 γὰρ
3230 2805 3372 2875 ὺπέρ
3400 2804 3562 2873 φύσιν
3594 2805 3772 2868 αὐτοῖς

2179 2901 2552 2971 ἐχορήγησας·
2584 2902 2697 2955 ἄνω
2726 2900 2847 2955 καθ’
2866 2900 2923 2954 ὃν
2953 2900 3156 2970 τρόπον
3178 2901 3297 2952 ἐστε
3307 2899 3521 2970 ρεὼθης
3549 2899 3765 2967 ἔμενες,

2181 2994 2276 3047 καὶ
2301 2992 2534 3063 μίμησιν
2551 2992 2648 3063 οὑχ
2665 2991 2947 3063 ὑπερεῖδες
2963 2990 3188 3055 ἅλωνος⁸
3200 3010 3219 3041 ι
3244 2990 3555 3056 Ἐνωτίξου,
3568 2990 3665 3060 γῆο
3680 2990 3770 3041 ισὺ

2182 3086 2292 3155 γὰρ
2325 3085 2475 3137 κάτω
2502 3078 2593 3155 ἧς,
2650 3084 2744 3137 καὶ
2782 3076 3062 3154 τράπεζαν
3111 3082 3298 3144 αὐτοῖς
3328 3081 3649 3151 παρετίθεις
3675 3079 3773 3132 αὖ·

500 3176 745 3233 eitudine
804 3179 1151 3238 ntinistrasti.
1183 3147 1479 3255 Propterea
1514 3186 1655 3242 alius
1694 3189 1957 3259 propheta
1985 3190 2071 3256 ¹⁶⁶,

2183 3147 2476 3248 τοσχέδιον.
2516 3147 2618 3231 Atti
2647 3175 2806 3229 τοῦτο
2819 3147 2926 3229 ’καὶ
2958 3175 3147 3246 ἔτερος
3174 3147 3465 3246 προφήτης
3493 3172 3639 3244 ὀρῶν
3675 3170 3771 3241 ﬂa-

494 3284 675 3339 regem
727 3269 996 3328 furentem
1037 3274 1252 3341 videns,
1285 3277 1430 3333 idola
1460 3278 1754 3344 colentem,
1792 3280 1963 3337 Deum
1991 3282 2078 3337 in-

490 3361 654 3431 juriis
712 3376 1156 3435 persequentem,
1216 3369 1466 3441 aliosque
1526 3371 1579 3425 in
1632 3382 1855 3444 peccato
1877 3375 2076 3445 lapsos,

492 3454 563 3508 ad
597 3454 805 3509 nullum
848 3457 1067 3513 illorum
1094 3474 1403 3517 sermonem
1427 3462 1575 3529 facit,
1602 3464 1696 3520 sed
1730 3481 2033 3523 conversus
2062 3483 2076 3521 :

490 3548 656 3616 Audi,
690 3550 887 3620 inquit,
932 3551 1125 3619 altare,
1173 3555 1300 3609 audi
1348 3572 1454 3611 me.
1489 3557 1669 3623 Quare
1697 3573 1829 3631 ergo
1846 3560 2079 3630 lapidem

492 3642 840 3714 alloquatur?
895 3643 971 3701 Ita
993 3662 1147 3713 sane,
1184 3648 1384 3719 inquit,
1416 3651 1544 3721 quia
1577 3668 1672 3707 rex
1706 3653 2081 3710 insensibilior

492 3745 579 3791 est
607 3738 809 3808 lapide.
838 3739 1002 3807 Audi,
1026 3742 1220 3807 altare,
1259 3743 1375 3798 haac
1398 3745 1529 3799 dicit
1550 3744 1816 3802 Dominus
1850 3766 1863 3802 :
1895 3756 1950 3803 et
1969 3756 2082 3803 sta-

495 3830 594 3884 tim
633 3841 856 3901 ruptum
904 3843 988 3889 est
1040 3834 1213 3890 altare
1255 3846 1311 3891 et
1360 3837 1644 3892 ell'ractum
1673 3847 1837 3894 estet
1874 3840 2083 3895 efﬂuxit

496 3922 747 3989 victima;
784 3924 950 3981 homo
995 3937 1175 3981 autem
1222 3941 1330 3982 non
1364 3929 1612 3995 audivit;
1660 3931 1753 3985 sed
1788 3932 1960 3986 tendit
1985 3947 2083 3987 rex

497 4031 694 4070 manus
750 4026 811 4071 ut
864 4018 1185 4088 prophetam
1222 4030 1457 4090 raperet.
1541 4019 1683 4076 Deus
1730 4032 1910 4076 autem
1950 4023 2081 4093 quid

496 4104 668 4161 facit?
701 4106 921 4163 Manum
949 4109 1097 4165 illius
1128 4111 1339 4166 aridam
1370 4110 1518 4166 fecit.
1566 4111 1689 4166 Non
1722 4112 1773 4166 in
1814 4112 2083 4183 principio

502 4216 725 4255 manum
765 4202 913 4258 illius
947 4201 1079 4258 facit
1118 4204 1352 4271 aridam,
1398 4212 1460 4259 ut
1494 4205 1689 4276 lapidis
1723 4204 2085 4262 sensibilitate

500 4294 800 4364 sapientior
857 4296 1130 4352 evaderet.
1214 4295 1443 4353 Volebat
1489 4303 1637 4354 enim
1693 4298 1868 4364 illum,
1932 4301 2083 4356 nulla

501 4386 784 4456 punitione
832 4388 1101 4456 adhibita,
1162 4391 1554 4462 sapientiorem
1603 4391 1740 4446 fieri.
1820 4392 1928 4449 Sed
1954 4393 2083 4463 quia

501 4477 637 4546 lapis
662 4478 920 4536 elfractus
964 4474 1051 4536 est
1084 4491 1139 4537 et
1195 4491 1251 4537 tu
1295 4481 1360 4536 ad
1401 4483 1685 4539 meliorem
1716 4499 1943 4541 sensum
1973 4498 2083 4539 non

502 4570 738 4636 rediiSti,
764 4582 955 4628 contra
996 4582 1048 4630 te
1077 4574 1231 4645 justa
1270 4577 1353 4631 ira
1385 4592 1474 4632 me
1497 4586 1836 4634 convertam.

609 4841 937 4909 QUIESTIO
978 4843 1184 4899 CLXX.
1248 4843 1260 4913 |
1295 4843 1458 4898 (ἐνίει.
1501 4843 1735 4911 CXCIX,
1782 4843 1948 4899 Taur.

1100 4914 1480 4989 CLXXXIX]

503 5068 637 5150 Qua}
676 5079 753 5151 est
782 5071 1063 5153 parabola'
1089 5071 1152 5125 de
1176 5072 1312 5141 ﬁlio,
1332 5083 1612 5197 fatentes
1643 5073 1936 5143 facultates
1985 5072 2091 5127 sibi

577 5141 900 5197 vmdwante.
952 5151 1000 5197 et
1047 5159 1100 5197 ιιι
1133 5144 1285 5197 lanae
1370 5144 1581 5197 issitam
1627 5155 1825 5197 terram
1868 5144 2087 5197 prolici-

577 5141 900 5214 vindicante,
952 5151 1000 5197 et
1047 5144 1100 5197 in
1133 5144 1285 5214 longe

1377 5144 1581 5197 issitam
1627 5155 1825 5198 terram
1867 5144 2087 5214 pro/ici-

566 5222 738 5266 scente
758 5213 799 5244 "
820 5212 844 5267 ‘I

2183 3268 2338 3323 σιλέα
2405 3268 2751 3339 μαινόμενον,
2819 3267 2889 3320 τὰ
2967 3260 3161 3321 εἴδωλα
3217 3266 3618 3339 λατρευόμενα,
3683 3264 3767 3318 τὸν

2181 3361 2313 3416 Θεὸν
2342 3362 2720 3434 ὑϐριζόμενον,
2750 3362 2876 3426 τοὺς
2917 3361 3112 3424 ἄλλους
3142 3360 3469 3430 ἐπτηχότας,
3509 3358 3647 3430 πρὸς
3675 3358 3764 3410 οὐ·

2180 3454 2306 3508 δίνα
2333 3453 2537 3508 τούτων
2595 3456 2832 3507 ποιεῖται
2865 3452 2956 3505 τὸν
2984 3452 3163 3520 λόγον,
3190 3451 3307 3504 ἀλλ’
3361 3449 3755 3519 ἀποστραφεὶς.

2186 3544 2474 3610 Ἄκουσον,
2503 3544 2690 3616 φησιν,
2728 3542 3133 3614 θυσιαστήριον,
3170 3543 3402 3599 ἄκουσόν
3436 3558 3561 3613 μου.
3590 3541 3657 3593 Τί
3687 3535 3768 3592 οἷν.

2182 3635 2317 3707 λίθῳ
2350 3636 2573 3709 διαλέγῃ
2601 3653 2617 3703 ;
2641 3636 2770 3699 Ναὶ,
2817 3638 3006 3708 φησὶν,
3038 3636 3225 3707 ἐπειδὴ
3258 3635 3406 3689 λίθου
3449 3629 3765 3701 ἀναισθητό-

2181 3747 2338 3799 τερος
2360 3732 2389 3785 6
2410 3729 2682 3802 βασιλεύς.
2714 3732 3003 3794 Ἄκουσον,
3032 3730 3441 3800 θυσιαστήριονο
3474 3729 3602 3781 τάδε
3633 3726 3768 3793 λέγει

2184 3823 2428 3895 Κύριος’
2480 3825 2573 3879 καὶ
2621 3822 2824 3887 εὐθέως
2875 3822 3100 3893 ἐσχίσθη
3128 3822 3189 3875 τὸ
3253 3823 3643 3891 θυσιαστήριον
3686 3818 3768 3870 καὶ

2183 3915 2397 3987 ἐρράγη
2429 3915 2527 3969 καὶ
2556 3914 2737 3986 ἐξέχεε
2795 3916 2894 3985 τὴν
2938 3913 3151 3967 θυσίαν⁸
3181 3914 3209 3966 ὁ
3245 3912 3303 3966 δὲ
3351 3912 3641 3982 ἄνθρωπος
3676 3911 3764 3959 οὐκ

2186 4011 2441 4081 ηκουσεψ
2482 4010 2598 4063 ἀλλ’
2656 4009 2886 4063 ἐκτείνει
2939 4010 3037 4078 τὴν
3097 4009 3256 4078 χεῖρα
3303 4009 3331 4060 6
3367 4006 3626 4076 βασιλεὺς
3686 4003 3765 4053 τὸν

2187 4104 2475 4175 προφήτην
2512 4104 2759 4172 ἁρπάσαι
2813 4100 3154 4171 βουλόμενος,
3180 4102 3208 4152 6
3231 4098 3287 4151 δὲ
3316 4098 3449 4161 Θεὸς
3481 4097 3537 4149 τί
3595 4096 3761 4155 ποιεῖς

2187 4198 2454 4269 ἐξήρανεν
2484 4196 2649 4250 αὑτοῦ
2683 4195 2783 4266 τὴν
2818 4197 2997 4266 χεῖραο
3037 4193 3099 4245 οὺ
3131 4191 3373 4262 ξηραίνει
3406 4190 3465 4241 δὲ
3512 4186 3574 4251 ἐξ
3602 4186 3763 4257 ἀρχῆς

2186 4289 2350 4344 αὑτοῦ
2384 4289 2483 4361 τὴν
2512 4290 2692 4359 χεῖρα,
2724 4288 2811 4340 ἵνα
2842 4286 2919 4358 τῷ
2946 4286 3039 4339 τοῦ
3074 4285 3222 4338 λίθου
3281 4282 3443 4337 πάθει
3499 4278 3762 4350 σωφρονίο

2188 4399 2379 4453 στερος
2406 4382 2649 4452 γένηται·
2714 4379 2966 4433 ἐϐούλετο
3008 4378 3116 4449 γὰρ
3170 4376 3329 4429 αὑτὸν
3375 4374 3505 4427 ἄνευ
3549 4372 3647 4443 τῆς
3699 4372 3764 4432 είς

2191 4474 2351 4526 αὑτὸν
2410 4473 2684 4536 κολάσεως
2726 4469 3179 4543 σωφρονισθῆναι·
3222 4467 3337 4520 ἀλλ’
3378 4464 3574 4535 ἐπειδὴ
3626 4462 3762 4517 καὶὸ

2194 4566 2340 4632 λίθος
2370 4566 2595 4636 ἐσχίσθη
2626 4566 2811 4618 καὶσὺ
2851 4565 2910 4617 οὐ
2944 4558 3283 4634 διωρθώθης,
3321 4559 3416 4611 ἐπὶ
3449 4556 3509 4609 σὲ
3547 4556 3644 4627 τὴν
3696 4554 3763 4607 δι-

2196 4659 2360 4714 καίαν
2387 4658 2556 4731 ὀργὴν
2589 4660 2745 4712 ἐπιστ
2756 4657 2924 4728 ρέιιςω.

2726 4837 3066 4896 ΕΡΩΤΗΣΙΣ
3129 4834 3256 4890 ΡΟ’.

2201 5063 2394 5145 τίω
2421 5060 2735 5145 “satiati:
2805 5060 2914 5145 ῖοῦ
2948 5059 3062 5145 τὴν
3101 5052 3761 5145 ετατρικειζξίὐττίιῖζέἒῖ

2268 5130 2613 5199 δόντος-,καί
2635 5130 2729 5199 εὶς
2743 5131 2943 5203 χώραν
2969 5130 3481 5199 ἀποδημήσαντος
3500 5130 3753 5195 μακρανὲ

1073 5400 1326 5453 Editarum
1361 5417 1388 5452 a
1425 5403 1603 5452 Wolﬁo
1630 5404 1883 5465 trigesima
1912 5403 1971 5464 (1.
1999 5414 2042 5451 c.
2072 5416 2119 5465 p.
2144 5401 2255 5464 8H,
2275 5402 2386 5456 8l5.
2426 5403 2651 5454 Galland.
2679 5417 2729 5467 p.
2768 5402 2879 5463 751,
2902 5401 3011 5461 752,
3037 5414 3085 5449 ιι.
3110 5397 3193 5459 46)

570 5575 669 5633 Illa
718 5591 783 5632 eo
829 5581 1088 5649 pertinet,
1133 5583 1278 5654 quod
1328 5584 1603 5653 iustorum
1653 5587 1854 5641 cohors
1902 5586 2081 5642 domi-

557 5760 620 5825 ,”
641 5761 798 5820 Deut.
835 5780 1005 5835 nm,
1039 5768 1093 5824 l.

2262 5585 2386 5639 Ὅτι
2418 5590 2477 5640 τὸ
2509 5586 2696 5656 τάγμα
2736 5584 2847 5638 τῶν
2874 5581 3097 5637 δικαίων
3149 5578 3212 5634 οὐ
3246 5577 3495 5649 βούλεται
3524 5576 3599 5641 είς
3646 5573 3750 5625 ἐαυ-

1178 5769 1224 5802 “
1260 5770 1415 5825 Deut.
1450 5787 1573 5837 xxx,
1619 5770 1669 5825 l.
1748 5771 1814 5803 “‘
1848 5767 1915 5826 III
1948 5769 2076 5841 Reg.
2114 5784 2234 5836 xm,
2271 5768 2318 5821 l.
2401 5770 2445 5801 ¹⁷
2471 5768 2601 5826 Luc.
2637 5784 2726 5837 xv,
2757 5767 2843 5823 l5.
