3908 6214
442 241 546 305 867

1597 237 1862 313 ΡΗΟΤΙΙ
1902 236 2409 303 PATRIARCHE
2436 241 2548 303 (ΞΡ.

3600 244 3700 307 8C8

442 363 716 413 tantorum
765 353 899 424 fuit,
956 351 1232 425 quomodo
1280 351 1404 423 quis
1458 350 1736 421 ambigere
1788 358 2010 420 posset,

2118 350 2335 404 ἀσεϐεῖν
2351 350 2506 405 ἔθετο
2527 349 2780 423 μελέτην,
2798 351 2880 407 ότι
2898 351 2974 425 μὴ
2997 351 3119 424 οὐχὶ
3133 352 3423 425 παρθένος,
3446 354 3481 426 η
3502 355 3699 425 Παρθέ-

438 448 581 504 haud
627 446 870 519 intelligo
895 487 910 513 ,
960 446 1089 502 licet
1132 444 1237 516 ipsi
1271 444 1546 515 proposita
1607 441 1775 497 fuerit
1801 456 2020 498 summa

438 540 709 611 impietas,
739 555 808 594 an
842 538 1007 610 Virgo
1050 537 1207 609 virgo
1250 536 1515 592 manserit
1541 548 1716 605 usque
1745 533 1800 588 in
1833 533 2017 589 tinem.

439 628 593 696 Quod
646 629 693 684 si
742 628 969 700 quidam
1025 627 1443 684 fundamentum
1516 625 1623 681 sibi
1674 624 2022 695 blasphemiae

443 718 747 774 struxerint
788 718 965 773 illud:
1001 734 1020 769 ι
1060 718 1124 772 Et
1167 732 1274 772 non
1326 715 1581 785 cognovit
1644 729 1797 781 eam,
1845 713 2023 769 donec

440 819 726 880 pepererat
755 808 952 864 Filium
984 824 1143 864 suum
1177 808 1624 879 primogenitum,
1648 824 1669 859 ι
1694 806 2020 873 intelligant,

441 884 713 969 illi'quod
770 898 1248 953 immaculatorum
1307 900 1658 952 oraculorum
1710 895 1913 951 veritas
1965 894 2019 949 id

441 993 651 1048 volebat
699 991 1054 1047 constitutum
1107 989 1260 1053 dare,
1292 990 1436 1058 quod
1485 987 1823 1058 opinionem,
1859 996 2021 1041 natu-

439 1102 578 1152 ram,
602 1083 1092 1156 appreliensiouem
1114 1080 1516 1152 transgreditur
1541 1096 1759 1136 omnem
1781 1121 1796 1147 ,
1823 1095 2019 1150 nempe

437 1179 555 1233 sine
583 1176 685 1232 viri
725 1175 1008 1232 consortio
1031 1174 1445 1245 conceptionem
1479 1181 1535 1228 et
1557 1172 1894 1227 nativitatem
1915 1188 1932 1239 ;
1953 1171 2017 1249 id

435 1282 565 1324 vero
600 1267 986 1338 praetermisit,
1042 1277 1303 1337 tanquam
1357 1265 1785 1329 consectarium,
1840 1272 2019 1320 mente

434 1358 730 1427 animoque
776 1356 1216 1428 concipiendum,
1251 1354 1401 1427 quod
1422 1355 1681 1425 deinceps
1714 1354 1838 1410 fuit.
1858 1354 2018 1410 Certe

433 1449 580 1504 illam
611 1463 736 1519 quae
756 1448 811 1503 in
844 1457 1003 1519 partu
1052 1448 1358 1519 permansit
1400 1446 1578 1517 virgo,
1617 1461 1713 1516 per
1743 1445 2015 1516 reliquum

431 1541 555 1596 vitae
603 1556 828 1596 cursum
878 1539 1184 1611 perstitisse
1244 1540 1535 1612 virginem,
1583 1553 1759 1607 neque
1810 1553 2013 1593 novum

431 1640 567 1698 erat,
602 1649 702 1689 nec
739 1632 1101 1704 paradoxum,
1139 1632 1323 1703 potius
1364 1633 1418 1688 id
1451 1631 1599 1704 quod
1644 1631 1958 1686 necessarie
1983 1644 2015 1686 e

2122 460 2212 508 vo;
2232 444 2329 498 καὶ
2358 444 2522 516 μέχρι
2547 444 2737 508 τέλους
2758 445 3065 516 διέμεινεν;
3110 447 3175 500 El
3196 446 3254 500 δὲ
3282 447 3366 510 τὸ,
3401 466 3420 499 ι
3451 448 3568 502 Οὐκ
3594 448 3700 517 έγί-

2122 552 2330 589 νωσκεν
2348 536 2518 606 αὐτὴν
2544 535 2649 600 ἕως
2677 529 2739 591 οὗ
2765 536 2952 591 ἔτεκεν
2976 536 3070 591 τὸν
3094 537 3225 592 Υίδν
3248 538 3420 610 αὐτῆς
3433 538 3527 593 τδν
3552 556 3697 610 πρω-

2120 626 2362 691 τότοκον,
2377 648 2395 681 ι
2420 628 2676 683 ὑπόθεσιν
2696 628 3045 702 βλασφημίας
3069 631 3283 696 ἑαυτοῖς
3300 649 3447 696 τινες
3466 632 3534 686 ἂν
3555 633 3699 703 εὑρί-

2122 733 2364 783 σκουσιν,
2382 718 2637 787 ίστωσαν,
2661 719 2738 785 ὡς
2758 722 2794 793 ἡ
2812 721 2922 776 τῶν
2944 723 3231 793 ἁχράντων
3246 722 3458 792 Δογίων
3476 723 3699 794 ἀλήθεια

2120 811 2182 865 τὸ
2215 812 2314 881 μὲν
2343 813 2644 883 παράδοξον
2672 814 2767 868 καὶ
2796 815 3074 884 ὑπερφυὲς
3098 816 3193 870 καὶ
3222 816 3364 887 ὑπὲρ
3397 815 3698 885 κατάληψιν

2120 901 2397 975 ἠϐουλήθη
2429 904 2779 975 προηττῆσαι,
2832 906 2972 977 ὅπερ
2998 907 3143 961 ἐστὶ·
3170 908 3329 971 τόκος
3353 907 3485 961 ἄνευ
3513 906 3698 978 ἀνδρὸς

2122 993 2475 1061 ἐπιγνώσεως
2498 1010 2513 1026 ·
2547 995 2612 1050 τὸ
2640 996 2697 1050 δὲ
2750 996 2890 1068 μετά
2928 996 3108 1052 ταῦτα
3132 1000 3271 1051 νοεῖν
3312 996 3604 1051 κατέλιπεν
3626 997 3698 1061 ὡς

2120 1082 2433 1139 ἀκόλουθον.
2468 1085 2543 1161 Τὸ
2571 1084 2703 1158 γὰρ,
2750 1086 2850 1158 τὴν
2874 1087 2935 1141 ὲν
2954 1087 3100 1158 τόκῳ
3125 1085 3588 1158 παρθενεύουσαν,
3612 1087 3700 1139 καὶ

2120 1173 2185 1227 τὸ
2216 1174 2403 1228 λοιπὸν
2432 1176 2522 1230 διὰ
2560 1176 2677 1247 βίου
2702 1176 3062 1249 παρθενεύειν
3088 1218 3104 1243 ,
3130 1175 3255 1231 οὔτε
3285 1176 3474 1230 καινὸν
3509 1174 3696 1245 auocat

2120 1262 2447 1335 παράδοξον,
2495 1264 2633 1320 ἀλλὰ
2658 1268 2753 1321 καὶ
2785 1268 2899 1331 τοῖς
2926 1267 3407 1339 προηγησαμένοις
3436 1266 3498 1332 ιε
3534 1266 3698 1334 ἀναγ-

2119 1355 2280 1410 καίου
2312 1357 2513 1428 μᾶλλον
2545 1358 2832 1429 ἑπόμενον.
2880 1357 3089 1422 Ἄλλως
3113 1375 3171 1411 τε
3194 1357 3253 1411 δὲ
3290 1358 3388 1413 καὶ
3418 1357 3531 1411 τῶν
3574 1356 3701 1409 Ἰου-

2117 1447 2283 1502 δαίων
2309 1448 2448 1513 τέως
2493 1449 2870 1521 επιστομίζειν
2896 1448 3041 1519 ἔγνω
3086 1449 3147 1502 τὸ
3180 1448 3525 1520 βλάσφημον,
3556 1446 3607 1500 οἳ
3637 1449 3700 1499 ἑκ

2118 1539 2374 1610 πορνείας
2400 1539 2493 1595 τὸν
2525 1542 2765 1613 ἄσπορον
2795 1542 2956 1597 τόκον
2997 1541 3265 1614 διέσυρον.
3298 1542 3389 1594 Διὸ
3421 1539 3518 1594 καὶ
3562 1537 3698 1610 πρὸς

2118 1628 2217 1700 τὴν
2258 1630 2484 1685 ἐκείνων
2522 1632 2733 1688 ἵσταται
2778 1632 3094 1697 κακόνοιαν,
3137 1632 3204 1699 διῗ
3234 1624 3311 1688 ὧν
3362 1633 3552 1705 τρανοῐ
3604 1632 3695 1683 καὶ

431 1701 1236 1795 prtemissis—consequebatur.
1292 1724 1400 1778 Sed
1461 1701 1516 1778 et
1582 1738 1645 1779 os
1699 1721 2010 1778 Iudaeorum

2118 1720 2483 1793 ἀνακηρύττει
2509 1723 2609 1793 τῆς
2641 1723 2911 1793 τεκούσης
2946 1724 3008 1777 τὸ
3034 1724 3332 1792 ἀνέπαφον.
3366 1701 3609 1778 Κάκεῖνο
3644 1724 3698 1777 δὲ

433 1814 811 1884 blasphemum
860 1815 1120 1870 obturare
1149 1813 1389 1880 volebat,
1420 1812 1515 1884 qui
1549 1812 1617 1868 de
1646 1811 2008 1867 fornicatione

432 1916 617 1975 natum
646 1908 767 1963 sine
794 1907 1005 1963 semine
1030 1915 1356 1978 conceptum
1382 1905 1758 1961 traducebant.
1785 1901 2012 1960 Obviam

431 2000 595 2070 igitur
630 1999 726 2054 ivit
754 2013 947 2055 eorum
974 1998 1155 2069 impiae
1188 1997 1508 2064 sententiae,
1536 1997 1666 2053 dum
1699 1996 2012 2052 manifestat

429 2100 484 2147 et
534 2091 865 2162 depraedicat
919 2090 1177 2146 intactam
1216 2088 1388 2145 fuisse
1424 2089 1575 2154 viro,
1623 2104 1747 2160 qua:
1809 2087 2009 2143 Filium

429 2192 729 2253 pepererat.
762 2179 900 2236 lllud
950 2189 1212 2253 praeterea
1261 2179 1568 2251 intelligere
1611 2179 1829 2243 debent,
1865 2178 2011 2249 quod

430 2289 530 2330 nec
555 2289 750 2330 vocum
775 2288 964 2328 earum
994 2272 1103 2327 vim
1128 2272 1418 2329 voluerunt
1446 2271 1745 2342 percipere,
1761 2286 1791 2325 e
1808 2270 2010 2339 quibus

426 2367 610 2423 divina
653 2368 873 2422 oracula
905 2374 1208 2431 constant;
1235 2363 1442 2434 alioqui
1474 2362 1698 2418 diffiteri
1737 2378 1845 2417 non
1877 2375 2007 2431 pos-

427 2468 557 2515 sunt
600 2458 777 2513 Donec
835 2457 1105 2512 interdum
1152 2470 1250 2527 per
1305 2453 1692 2509 antidiastolen
1746 2449 2009 2521 temporis

426 2551 668 2607 secuturi
703 2549 979 2620 usurpari,
1004 2547 1273 2603 interdum
1307 2545 1557 2602 adhiberi
1587 2546 1654 2601 ad
1688 2560 1871 2601 rerum
1894 2542 2012 2623 exi-

425 2643 663 2698 miarum
714 2651 769 2697 et
814 2641 1125 2696 divinarum
1171 2639 1595 2695 declarationem
1634 2656 1650 2694 :
1692 2645 1753 2693 ut
1787 2637 1843 2692 in
1872 2650 2008 2707 pra:-

424 2733 589 2799 senti,
626 2748 736 2787 non
773 2731 994 2802 quidem
1022 2731 1092 2785 ad
1121 2729 1571 2801 distinguendum
1611 2729 1832 2799 aliquod
1858 2729 2008 2785 aliud

425 2831 665 2892 tempus,
700 2820 796 2876 sed
844 2836 875 2877 e
923 2828 1113 2875 contra
1159 2818 1342 2888 potius
1377 2816 1446 2871 ad
1478 2816 1843 2872 intimandum
1879 2832 2008 2886 spa-

424 2912 560 2967 tium
596 2911 1064 2969 immensurablle.
1094 2911 1355 2982 Exempla
1398 2921 1600 2982 praesto
1622 2918 1787 2967 sunt:
1813 2927 1832 2961 ι
1863 2907 2008 2965 Con-

425 3001 663 3056 surrexit
714 3001 919 3056 etenim
964 3000 1018 3055 in
1065 2998 1260 3055 diebus
1306 3000 1429 3070 ejus
1468 2999 1714 3069 iustitia,
1743 3007 1801 3055 et
1828 2998 2006 3054 abun-

2117 1811 2468 1875 συνιέτωσαν,
2520 1813 2605 1866 ὅτι
2660 1814 2785 1885 μηδ’
2822 1812 2992 1878 αὑτὰς
3044 1814 3144 1878 τὰς
3186 1813 3385 1881 λέξεις,
3433 1813 3494 1879 ἐξ
3524 1807 3600 1869 ὧν
3647 1815 3696 1867 el

2116 1899 2249 1953 θεῖοι
2278 1902 2539 1972 χρησμοὶ,
2568 1903 2807 1958 συνιέναι
2848 1904 3249 1975 ἡδουλήθησανο
3286 1906 3319 1974 ἢ
3351 1906 3462 1975 γὰρ
3515 1907 3583 1958 ἂν
3611 1904 3693 1969 τδ,

2113 1990 2246 2058 ἕως,
2303 1993 2613 2065 κατέμαθον
2641 1995 2811 2049 ἐνίοτε
2863 1996 2962 2067 μὲν
2994 1996 3133 2068 πρὸς
3166 1995 3577 2069 ἀντιδιαστολὴν
3602 1997 3695 2051 τοῦ

2114 2082 2315 2154 ἑφεξῆς
2382 2086 2579 2156 χρόνου
2635 2086 3202 2160 παραλαμϐανόμενον
3228 2130 3244 2155 ,
3299 2089 3469 2144 ἐνίοτε
3502 2090 3549 2144 δ’
3601 2085 3696 2145 οὖν

2112 2174 2205 2229 ἐπὶ
2237 2176 2468 2248 δηλώσει
2502 2179 2755 2249 μεγάλων
2796 2180 2895 2250 μὲν
2940 2179 3119 2254 ἔργων
3172 2182 3269 2236 καὶ¹
3321 2183 3645 2255 θεοπρεπῶν
3675 2199 3692 2215 ο

2112 2267 2365 2341 καθάπερ
2396 2271 2491 2325 καὶ
2522 2270 2640 2337 νῦν,
2671 2272 2732 2327 οὐ
2765 2273 2874 2344 μὴν
2903 2275 3040 2344 πρὸς
3073 2275 3483 2346 ἀντιδιαστολὴν
3508 2275 3696 2347 ἑτέρου

2112 2360 2306 2431 χρόνου
2338 2361 2506 2430 τινὸς,
2562 2363 2699 2419 ἀλλὰ
2747 2367 2840 2419 καὶ
2871 2367 3206 2434 τούναντίον,
3248 2370 3331 2433 είς
3358 2369 3697 2440 ὑποδηλωσιν

2109 2452 2418 2524 ἀπεράντου
2450 2454 2839 2526 διαστήματος
2868 2458 2963 2512 καὶ
2988 2459 3092 2513 ἀνὰ
3143 2462 3301 2531 χεῖρα
3326 2459 3397 2513 τὰ
3439 2460 3694 2531 παραδείο

2109 2559 2349 2613 γματα·ι
2371 2545 2647 2601 Ἀνατελεῖ
2673 2548 2782 2621 γὰρ
2804 2551 2863 2603 ἐν
2892 2553 3011 2613 ταῖς
3039 2550 3272 2621 ἡμέραις
3300 2550 3466 2605 αὑτοῦ
3486 2552 3693 2606 δικαιοο

2112 2631 2248 2702 σύνη
2307 2635 2402 2687 καὶ
2456 2635 2662 2706 πλῆθος
2718 2637 2982 2709 εἰρήνης,
3012 2639 3117 2703 ’ἐως
3154 2634 3216 2694 οὗ
3265 2641 3629 2713 ἀνταναιρεθῇ
3657 2642 3692 2701 ἡ

2112 2724 2331 2797 σελήνη*
2362 2746 2382 2780 ι
2422 2727 2515 2780 καὶ⁵
2538 2764 2554 2795 ,
2605 2746 2624 2780 ι
2662 2728 2844 2783 Κάθου
2877 2730 2942 2785 ἐκ
2982 2730 3171 2795 δεξιῶν
3208 2750 3308 2803 μου
3352 2752 3371 2786 ι
3412 2733 3692 2806 (ἀνάγραο

2110 2818 2246 2882 πτός
2290 2820 2440 2873 ἐστιν
2495 2822 2525 2874 ό
2576 2822 2766 2893 Πατὴρ
2795 2821 2970 2891 λέγων
3010 2823 3087 2894 τῷ
3115 2823 3275 2896 Υίῷ)
3305 2842 3324 2877 ι
3358 2824 3465 2888 ἕως
3491 2824 3559 2879 ἂν
3614 2824 3692 2880 θῶ

2108 2908 2235 2972 τοὺς
2261 2908 2489 2981 ὲχθρούς
2536 2927 2630 2965 σου
2663 2912 2960 2967 ὑποπόδιον
2992 2913 3101 2967 τῶν
3135 2914 3311 2968 ποδῶν
3346 2931 3441 2969 σου
3462 2927 3478 2943 °
3516 2932 3538 2968 ι
3572 2914 3700 2987 καὶ,

2112 3014 2136 3049 ι
2176 2997 2329 3065 Ἰδοὺ,
2372 2998 2485 3069 ἐγὼ
2528 3000 2649 3071 μεθ’
2684 3000 2840 3073 ὑμῶν
2888 3003 3006 3075 είμι
3046 3003 3233 3075 (πάλιν
3278 3005 3308 3059 ό
3348 3006 3540 3077 Σωτὴρ
3576 3009 3688 3071 τοῖς

423 3093 606 3147 «lautia
626 3093 801 3163 pacis,
819 3107 930 3162 quo
960 3091 1028 3145 ad
1052 3106 1226 3162 usque
1250 3063 1614 3162 perduratura
1630 3063 1733 3145 fuit
1754 3090 1885 3145 luna
1898 3091 1960 3141 '°.
1977 3108 1997 3142 ι

2112 3063 2382 3160 μαθηταῖς
2406 3063 2593 3162 (ρησίν)
2651 3063 2759 3158 ἕως⁹
2808 3096 2910 3167 τῆς
2943 3063 3258 3162 συντελείας
3287 3098 3378 3153 τοῦ
3411 3063 3628 3164 αἰῶνος.

426 3188 531 3240 Sed
566 3195 620 3241 et
648 3184 911 3255 scriptum
938 3193 1021 3239 est
1040 3183 1248 3239 dixisse
1268 3183 1485 3239 Patrem
1510 3181 1652 3240 Filio
1678 3201 1693 3239 :
1723 3202 1743 3237 ι
1771 3182 2009 3239 Conside

426 3276 686 3334 adextris
728 3274 886 3341 mihi,
916 3288 1087 3344 usque
1116 3273 1246 3329 dum
1280 3288 1477 3343 ponam
1507 3274 1764 3330 inimicos
1797 3274 2010 3330 scabel-

425 3368 538 3421 lum
599 3366 797 3437 pedum
848 3374 1069 3421 tuorum
1092 3363 1159 3417 “.
1199 3382 1218 3416 ι
1250 3362 1315 3418 Et
1343 3364 1411 3419 ad
1436 3363 1741 3433 discipulos
1773 3364 1852 3418 ait
1884 3356 2006 3419 Sal-9

424 3469 579 3514 vator
614 3476 629 3514 :
670 3477 687 3510 ι
720 3456 880 3522 Ecce,
910 3470 1015 3527 ego
1059 3470 1184 3511 eum
1216 3454 1484 3511 vobismet
1521 3470 1667 3517 sum,
1713 3470 1892 3525 usque
1938 3455 2005 3510 ad

424 3549 610 3603 mundi
665 3546 1280 3604 consummationem”.
1326 3564 1346 3598 ι
1384 3544 1579 3615 Liquet
1625 3553 1812 3601 autem
1860 3545 2004 3615 quod

422 3644 475 3697 in
529 3626 648 3697 istis
691 3639 823 3695 illud
873 3639 1063 3705 donec,
1105 3653 1212 3693 non
1274 3635 1498 3709 aliquod
1542 3637 1810 3709 temporis
1836 3636 2006 3691 inter-

422 3733 633 3788 stitium
672 3740 767 3785 aut
810 3732 1104 3786 terminum
1141 3727 1435 3793 subinfert,
1474 3722 1570 3782 sed
1611 3741 1719 3782 vox
1757 3727 1872 3790 illa,
1904 3741 2002 3779 ex-

423 3821 728 3879 cellentiam
753 3837 936 3876 rerum
964 3820 1273 3877 divinarum
1306 3819 1638 3882 subindicat,
1702 3826 1758 3872 et
1790 3827 2004 3872 mentes

420 3915 717 3987 legentium
774 3915 1099 3982 animosque
1163 3912 1230 3966 ad
1277 3911 1626 3981 cogitandum
1677 3910 2004 3965 transmittit

420 4005 798 4063 extensionem
860 4004 1152 4075 quamdam
1184 4003 1548 4059 indeﬁnitum.
1590 4002 1697 4059 Sed
1751 4019 1853 4059 nec
1896 4004 2001 4061 ista

421 4110 631 4156 tantum
684 4097 958 4170 significat
992 4098 1175 4164 donec,
1202 4113 1395 4153 verum
1429 4106 1484 4153 et
1509 4098 1725 4153 tertiam
1751 4098 2001 4152 animad-

363 4216 367 4221 ’
419 4203 633 4248 vertere
659 4200 744 4247 est
770 4189 1206 4261 intelligentiam,
1239 4204 1347 4259 qua
1385 4187 1601 4258 quidem
1639 4188 1777 4243 nihil
1818 4188 2000 4261 magni

417 4298 680 4342 exceSsus
709 4264 1004 4349 indicatur,
1040 4280 1431 4337 tantummodo
1450 4280 1788 4357 contrarium
1815 4279 1999 4335 innui-

2110 3181 2219 3234 Kai
2244 3181 2424 3252 δῆλον,
2451 3183 2529 3248 ὡς
2556 3183 2795 3239 ἐνταῦθα
2827 3187 2908 3252 τὸ,
2936 3187 3069 3254 ἕως,
3101 3188 3164 3241 οὐ
3199 3191 3449 3261 χρονικόν
3474 3207 3530 3244 τι
3561 3191 3688 3263 μεθ·

2110 3270 2260 3342 όριον
2286 3272 2380 3325 καὶ
2414 3272 2590 3343 πέρας
2626 3274 2977 3346 παρεισάγει,
3007 3276 3239 3346 μέγεθος
3274 3276 3332 3331 δὲ
3357 3278 3518 3332 θείων
3549 3294 3687 3349 πρα·

2109 3360 2338 3431 γμάτων
2382 3362 2428 3444 il
2449 3362 2593 3427 λέξις
2626 3363 3131 3436 συμπαραδηλοῢσα
3180 3367 3261 3430 είς
3303 3368 3687 3439 ἀπεριόριστον

2109 3454 2423 3526 παράτασιν
2451 3455 2546 3508 τὸν
2579 3455 2704 3509 νοῦν
2737 3456 2847 3511 τῶν
2877 3455 3318 3527 ἐντυγχανόντων
3346 3459 3685 3530 ἀναπέμπει.

2109 3549 2184 3601 Οὐ
2227 3548 2389 3618 μόνον
2417 3547 2496 3612 δὲ,
2537 3549 2673 3603 ἀλλὰ
2706 3550 2802 3604 καὶ
2830 3550 3015 3622 τρίτον
3044 3550 3193 3604 ἐστιν
3222 3550 3352 3604 ίδεϊν
3379 3550 3546 3605 αὐτοῦ
3582 3568 3679 3620 cm.

2109 3639 2457 3710 μαινόμενον,
2502 3639 2570 3694 δι’
2602 3635 2662 3695 οὗ
2712 3640 2856 3712 μέγα
2890 3640 2994 3711 μὲν
3042 3641 3139 3695 καὶ⁴
3184 3641 3493 3715 ὑπέρογκον
3532 3641 3685 3697 οὐδὲν

2104 3731 2486 3803 ὑποδηλοῦται,
2540 3731 2728 3797 ἁπλῶς
2774 3732 2833 3788 δὲ
2878 3732 2940 3787 τὸ
2981 3735 3229 3789 ἐναντίον
3269 3734 3366 3789 τοῦ
3416 3737 3683 3809 προτέρου

2103 3824 2236 3891 ἕως,
2287 3824 2707 3896 διασημαίνεται
2728 3842 2743 3855 ·
2777 3824 2855 3889 ὡς
2885 3825 2971 3893 τὸ,
3009 3843 3029 3879 ι
3064 3826 3178 3881 Οὐκ
3207 3826 3512 3899 ἀνέστρεψε
3549 3828 3683 3900 πρὸς

2102 3917 2192 3971 τὸν
2227 3916 2352 3970 Νῶε
2384 3918 2417 3989 ἡ
2443 3917 2765 3990 περιστερὰ,
2790 3918 2898 3983 ἕως
2928 3918 3024 3973 τοῦ
3060 3920 3546 3993 καταξηρανθῆναι
3585 3922 3682 3992 τὴν

2104 4007 2242 4078 γῆν·
2278 4025 2297 4060 ι
2338 4006 2469 4073 καὶ,
2498 4006 2645 4070 Ἕως
2676 4006 2744 4061 ἂν
2799 4006 3229 4078 καταγηράσητε
3266 4010 3286 4077 (
3305 4005 3543 4078 ἀλλαχοῦ
3576 4023 3681 4077 φη.

2107 4096 2235 4167 σιν),
2272 4095 2383 4166 ἐγώ
2416 4097 2533 4167 είμι
2557 4098 2586 4151 ό
2618 4096 2785 4162 Θεός*
2820 4115 2839 4150 ι
2891 4098 2987 4151 καὶ
3022 4098 3156 4154 ἄλλα
3178 4099 3369 4171 μυρία,
3399 4098 3469 4153 δι’
3494 4092 3572 4153 ὧν
3588 4082 3682 4152 ὶδ-

2100 4190 2263 4259 δηλον
2297 4192 2391 4245 καὶ
2434 4193 2550 4256 τοῖς
2595 4191 2717 4245 λίαν
2756 4192 3155 4263 ὲθελοκωιροῦσι
3210 4192 3561 4257 καθίσταται,
3605 4194 3680 4257 ὡς

2100 4282 2223 4336 ἀντὶ
2276 4282 2374 4335 τοῦ
2412 4281 2731 4351 Διηνεκῶς,
2775 4285 2871 4339 καὶ
2911 4286 3017 4350 Είς
3062 4286 3171 4340 τὸν
3198 4285 3407 4350 αίῶνα,
3462 4288 3496 4358 ἠ
3535 4285 3679 4352 λέξις

416 4388 507 4432 tur
553 4373 804 4432 absolute
857 4373 1233 4443 antecedentis
1263 4372 1549 4442 cujusdam
1602 4374 1817 4427 donec;
1845 4382 1905 4428 ut
1938 4372 1991 4426 in

2112 4373 2611 4445 παραλαμϐάνεται.
2643 4376 2814 4457 Ὅταν
2846 4374 2938 4430 οὖν
2960 4375 3209 4442 δείξωσιν
3248 4379 3297 4432 oi
3333 4378 3515 4433 πάντα
3543 4378 3678 4451 θρα-

418 4473 539 4529 istis
575 4490 589 4528 :
629 4491 647 4524 ι
681 4470 801 4527 Non
862 4486 1079 4527 reversa
1135 4479 1217 4525 est
1261 4470 1329 4525 ad
1371 4468 1487 4524 Noe
1515 4468 1792 4533 columba,
1821 4471 1993 4523 donec

2112 4469 2233 4531 τεῖς,
2283 4466 2423 4539 μετὰ
2473 4467 2572 4539 τὴν
2602 4468 2704 4540 τῆς
2748 4456 2978 4541 σελήνης
3012 4469 3417 4542 ἁνταναίρεσιν,
3446 4470 3547 4542 τὴν
3583 4470 3679 4526 τοῦ

416 4562 728 4622 exarefacta
770 4572 890 4619 erat
930 4571 1073 4618 terra
1106 4560 1171 4615 ³³.
1214 4579 1233 4614 ι
1292 4559 1355 4615 Et
1378 4561 1506 4615 alibi
1537 4560 1737 4617 dicitur
1773 4576 1788 4615 :
1832 4578 1849 4611 ι
1886 4557 1994 4639 Do-

2112 4560 2336 4633 Κριστοῦ
2379 4561 2476 4615 καὶ
2520 4561 2657 4615 Θεοῦ
2688 4562 2848 4634 ἡμῶν
2900 4562 3247 4635 δικαιοσύνην
3286 4564 3367 4628 είς
3398 4564 3462 4618 τὸ
3496 4564 3575 4637 μὴ
3618 4566 3680 4619 ὃν

413 4672 513 4712 nec
539 4654 961 4720 consenueritis,
980 4668 1081 4727 ego
1106 4651 1247 4709 Deus
1278 4668 1419 4709 sum.
1461 4671 1480 4705 ›
1512 4651 1576 4707 Ει
1598 4659 1857 4709 sexcenta
1888 4651 1993 4707 hu-

2112 4656 2502 4724 ιιαταδύουσαν,
2557 4658 2654 4712 καὶ
2705 4659 2767 4712 τὸ
2832 4657 3036 4731 πλῆθος
3095 4659 3263 4714 αὐτοῦ
3309 4660 3411 4731 τῆς
3440 4662 3682 4731 είρήνης

412 4747 724 4818 juscemodi
755 4749 809 4802 in
841 4755 1097 4818 promptu
1128 4756 1277 4814 sunt,
1305 4760 1428 4816 quae
1454 4745 1537 4800 vel
1563 4746 1719 4800 valde
1769 4743 1988 4801 allectat

2112 4749 2510 4822 ἑκμειούμενον,
2536 4751 2631 4805 καὶ
2658 4752 2741 4816 είς
2768 4749 2969 4824 ἔχθραν
2995 4750 3348 4825 διαχεόμενον
3367 4770 3381 4783 ·
3412 4754 3509 4809 καὶ
3540 4752 3680 4825 μετά.

414 4841 612 4897 surdos
643 4841 744 4896 hos
771 4840 968 4896 docere
1001 4848 1249 4911 possunt,
1284 4839 1430 4911 quod
1467 4853 1571 4894 vox
1613 4838 1703 4894 illa
1740 4838 1995 4911 usurpari

2112 4859 2162 4913 τε
2184 4842 2246 4897 τὸ
2268 4841 2599 4915 ὑποτεθῆναι
2618 4843 2746 4907 τοὺς
2772 4842 3005 4915 ἐχθροὺς
3025 4843 3191 4899 αὐτοῦ
3223 4844 3329 4898 ὑπὸ
3347 4844 3478 4910 τοὺς
3508 4844 3678 4908 πόδας

414 4936 551 4993 solet
592 4951 694 5006 pro
726 4937 975 4990 continuo
1011 4945 1067 4990 et
1096 4936 1149 4990 in
1172 4935 1393 4990 sa'cula.
1422 4934 1560 4990 Cum
1596 4934 1765 5004 igitur
1793 4935 1996 4989 docue-

2112 4934 2283 5001 ιύτοῦ,
2308 4934 2411 5006 τῆς
2439 4936 2503 4989 ὲκ
2531 4935 2726 5001 δεξιῶν
2758 4935 3031 5006 καθέδρας
3057 4935 3153 4990 τοῦ
3187 4937 3403 5010 [ἰατρὸς
3429 4955 3680 5011 παρακι-

414 5028 524 5082 rint
551 5028 928 5092 audacissimi,
949 5028 1094 5097 quod
1120 5036 1240 5098 post
1267 5027 1408 5082 lunas
1434 5026 1765 5082 ablationem
1787 5023 1990 5082 Christi

2112 5029 2354 5099 ’σύμενον
2376 5028 2633 5100 τρέποιτο
2662 5027 2819 5100 (τόδε
2847 5027 2909 5082 τὺ
2938 5027 3261 5101 βλάσφημον
3311 5032 3394 5095 είς
3439 5030 3542 5096 τὰς
3569 5031 3680 5086 τῶν

415 5120 508 5174 Dei
544 5119 719 5173 nostri
745 5119 961 5189 justitia
992 5120 1044 5173 in
1080 5119 1311 5173 nihilum
1334 5133 1616 5174 recessura
1639 5118 1734 5182 sit,
1764 5126 1819 5173 et
1839 5118 1991 5188 pacis

2112 5119 2595 5191 ιναισχυντούντων
2626 5120 2913 5193 κεφαλὰς)
2944 5136 2960 5152 ο
3011 5116 3133 5178 εἶτα
3162 5121 3220 5176 δὲ
3248 5122 3347 5176 καὶ
3398 5125 3541 5194 μετὰ
3576 5125 3678 5195 τὴν

412 5210 586 5280 ipsius
639 5209 1034 5266 abundantiam
1090 5210 1467 5276 minuendam,
1497 5210 1585 5265 vel
1620 5210 1673 5265 in
1706 5208 1893 5265 odium
1937 5220 1993 5271 et

2112 5213 2412 5268 τυντέλειαν
2447 5212 2540 5269 τοῦ
2571 5215 2792 5280 αἰῶνος,
2833 5215 2923 5270 ὅτε
2952 5214 3157 5286 μᾶλλον
3186 5214 3373 5279 αὐτοῖς
3398 5216 3432 5287 ἠ
3462 5216 3677 5270 οἰκείω-

412 5304 740 5360 inimicitias.
778 5304 1277 5373 disseminandam;
1318 5315 1413 5359 aut
1455 5304 1600 5376 quod
1631 5320 1755 5361 cum
1805 5305 1991 5376 subje-

2112 5321 2203 5371 τις,
2233 5304 2345 5359 τῶν
2375 5304 2636 5376 μαθητῶν
2663 5305 3034 5378 ἀφιστάμενον
3053 5321 3070 5338 °
3093 5306 3189 5362 καὶ
3213 5305 3386 5360 ἑπειδ’
3412 5304 3481 5360 ἂν
3503 5323 3673 5361 κατα-

411 5397 548 5453 cerit
596 5398 847 5454 iuimibos
896 5414 1026 5456 suos
1057 5399 1159 5455 sub
1190 5397 1425 5468 pedibus
1452 5396 1591 5464 suis,
1615 5398 1682 5452 de
1714 5398 1834 5453 loco
1857 5412 1992 5454 con-

2112 5398 2413 5472 mpdawctv
2439 5398 2490 5452 oi
2518 5399 2640 5454 τότε
2683 5398 2983 5472 ἄνθρωποι,
3010 5399 3212 5474 μηκέτι
3241 5399 3374 5458 ὄντα
3396 5400 3489 5456 τὸν
3518 5399 3666 5454 Θεόν·

478 5669 525 5701 ³⁸
557 5668 698 5725 Psal.
729 5683 878 5733 Lm,
912 5669 962 5722 7.
1001 5669 1041 5700 ³³
1075 5666 1217 5724 Psal.
1246 5682 1359 5734 cu,
1394 5666 1440 5721 l.
1485 5667 1526 5699 ³¹
1560 5666 1748 5724 Matth.
1782 5685 1975 5739 xxvm,
2016 5672 2111 5728 20.
2186 5670 2230 5702 ³³
2257 5667 2393 5723 Gen.
2428 5679 2545 5735 vut,
2577 5664 2632 5721 7.
