3908 6214
367 357 474 423 869

1221 359 1321 418 AD
1362 357 1950 420 AMPHILOCIIIUM
1982 357 2324 430 QUASSTIO
2355 356 2640 418 CLXXII.

3493 358 3596 425 870

356 469 408 522 εί
447 466 626 537 βούλει
657 465 712 518 δὲ
742 464 837 518 καί⁵
893 465 993 537 τὴν
1028 467 1361 535 περιστερὰν
1393 468 1531 536 μετὰ
1557 467 1620 520 τδ
1655 467 1923 540 ξηρανθῆ-

2032 482 2218 522 sessus
2241 465 2307 520 ad
2336 464 2583 520 dextram
2614 461 2700 519 sui
2737 460 2916 518 Patris
2949 459 3324 518 deturbabitur
3354 462 3594 533 (interim

356 573 448 610 ναι
469 555 569 624 τὴν
592 557 696 625 γῆν
725 554 865 624 πρὸς
891 553 981 606 τὸν
1020 555 1144 608 Νῶε
1175 555 1594 626 ἀναστρέψασαν
1613 574 1626 588 ·
1659 558 1780 611 τότε
1813 558 1928 612 δια-

361 645 725 715 πορείτωσαν,
756 645 848 697 καὶ
878 646 926 698 εί
967 645 1105 715 μετὰ
1132 646 1223 699 τὸν
1249 647 1486 718 ἄρρητον
1517 649 1611 703 καλ⁵
1637 650 1927 721 παρθένιον

354 736 536 800 τόκον,
589 735 781 807 ἀνδρὸς
810 735 1030 805 ὁμιλίαν
1071 737 1104 807 ἡ
1149 739 1428 809 Παρθένος
1474 741 1822 812 ὲμελέτησεν.
1865 743 1926 796 Εί

354 828 411 880 δὲ
459 827 536 897 μὴ
581 826 700 880 κατ’
757 829 1046 900 ἐπιστολὴν
1080 830 1344 903 ἔγραφον,
1395 832 1612 897 πλείους
1658 833 1744 897 ἂν,
1791 834 1927 888 Θεοῦ

355 916 610 980 διδόντος,
636 917 732 982 τὰς
765 917 1069 986 ἀποδείξεις
1095 937 1178 974 σοι
1209 920 1565 992 παρεθέμεθα
1583 938 1598 952 ·
1617 922 1732 976 ἀλλ’
1763 923 1925 977 ἱκανὰ

357 1006 451 1056 καὶ
481 1003 652 1057 ταῦτα
699 999 780 1068 οἷς
815 1007 891 1078 μὴ
925 1009 1065 1078 μετά
1096 1010 1196 1079 τῆς
1256 1011 1477 1078 ἀγνοίας
1517 1011 1612 1064 καὶ
1648 1013 1681 1083 ὴ
1722 1012 1926 1068 διάνοια

356 1097 768 1254 ἔροσαταίιλετο.
829 1100 909 1154 Τὰ
938 1099 982 1153 δ’
1030 1100 1199 1169 ἄλλα,
1245 1101 1388 1173 ψυχῇ
1439 1103 1535 1157 καὶ
1584 1102 1795 1159 σώιιατι
1834 1105 1926 1178 ερ-

394 1202 522 1242 ωσο.
1057 1225 1061 1230 -

394 1202 522 1242 ωσο.

2026 557 2080 611 in
2132 563 2414 610 auctorum
2449 554 2628 623 capita
2679 553 2794 607 haec
2837 551 3173 621 blasphemia
3226 551 3595 622 convertatur)

2025 655 2079 700 et
2124 653 2247 715 post
2285 644 2470 700 saeculi
2518 642 3067 705 consummationem,
3096 656 3222 696 cum
3263 641 3436 695 multo
3473 656 3604 710 pro-

2028 737 2291 807 pinquius
2350 735 2428 790 illi
2490 734 2892 804 conjungentur
2938 732 3210 802 discipuli,
3245 747 3370 785 eum
3418 731 3488 786 ab
3533 731 3602 784 iis

2027 845 2403 895 recessurum,
2445 836 2540 882 aut
2572 827 2738 882 Deum
2767 841 2875 881 non
2910 825 3140 880 ulterius
3168 825 3434 888 futurum,
3455 832 3604 892 post-

2034 938 2199 992 quam
2252 922 2330 977 illi
2379 921 2624 976 homines
2661 928 2822 973 aetate
2855 918 3378 988 provehantur;-aut
3405 915 3607 971 docue-

2035 1015 2167 1077 rint,
2221 1022 2343 1084 post
2390 1011 2686 1068 arefactam
2733 1019 2933 1065 terram
2995 1008 3301 1065 columbam
3367 1007 3434 1062 ad
3487 1007 3603 1061 Noe

2035 1105 2286 1170 rediisse,
2323 1113 2454 1159 tunc
2506 1102 2849 1166 addubitent,
2899 1115 2999 1155 nec
3061 1100 3318 1170 impedio,
3361 1113 3429 1153 an
3481 1106 3605 1168 post

2034 1204 2251 1265 partum
2286 1193 2589 1265 virgineum
2623 1191 3083 1260 inexplicabilem,
3115 1191 3184 1246 de
3213 1190 3355 1245 virili
3381 1205 3607 1245 consor-

356 1276 436 1330 tio
467 1277 630 1350 Virgo
679 1281 1021 1350 cogitaverit.
1064 1281 1221 1349 Quod
1263 1284 1307 1339 si
1341 1299 1449 1340 non
1483 1285 1770 1355 epistolam
1800 1285 2122 1352 scriberem,
2144 1285 2326 1356 plures
2349 1284 2550 1348 adhuc,
2574 1296 2697 1338 cum
2732 1280 2880 1336 bono
2946 1281 3078 1346 Deo,
3135 1279 3234 1334 tibi
3299 1293 3602 1346 repraesen—

359 1379 536 1425 tarem
567 1374 1082 1431 demonstrationes.
1111 1376 1215 1431 Sed
1248 1377 1364 1432 istae
1396 1377 1664 1434 suﬁieient
1699 1380 1838 1436 satis
1892 1378 1961 1434 iis
1999 1378 2274 1445 omnibus,
2305 1378 2401 1449 qui
2451 1393 2562 1435 non
2616 1393 2726 1434 una
2766 1393 2894 1434 cum
2942 1377 3348 1448 ignorantia,et
3407 1373 3605 1429 mentis

353 1476 474 1519 sua:
526 1464 772 1521 fecerunt
801 1465 1094 1536 jacturam.
1123 1467 1349 1536 Caetera
1411 1469 1605 1525 Valeas
1648 1471 1833 1525 animo
1884 1478 1938 1524 et
1975 1459 2229 1540 corpore.

867 1665 1203 1720 ΕΡΩΤΗΣΙΣ
1240 1669 1407 1724 POB’.

894 1845 1033 1913 Περὶ
1065 1845 1372 1913 προνοίας.

1960 1649 2008 1708 Β
2110 1664 2435 1735 QUESTIO
2469 1662 2724 1721 cexxn.
2775 1660 2966 1734 [CoisL
2999 1656 3130 1715 CCI.
3162 1656 3323 1712 Taur.
3353 1647 3582 1720 exon.)

2592 1843 2667 1899 De
2696 1843 3053 1898 Providentia.

660 2068 798 2118 Edita
832 2083 857 2118 a
892 2069 1192 2119 Montacutio
1217 2070 1321 2132 (ep.
1349 2068 1404 2118 3i
1431 2069 1490 2119 aii
1521 2068 1686 2118 Taras.
1713 2081 1761 2130 p.
1785 2066 1952 2128 90-95,
1987 2075 2038 2118 et
2062 2082 2256 2119 rursum
2283 2082 2310 2117 a
2341 2065 2482 2127 Maio,
2515 2069 2640 2117 Nov.
2667 2066 2791 2119 Coll.
2818 2073 2851 2117 t.
2892 2067 2929 2127 ἰ,
2953 2080 3001 2130 p.
3040 2065 3289 2126 174-178).

421 2258 494 2312 α’.
539 2257 603 2312 Ei
633 2256 820 2329 μηδεὶς
849 2254 958 2309 τῶν
992 2253 1346 2320 ἀδικούντων,
1381 2256 1477 2309 καὶ
1504 2255 1642 2320 ὅλως
1671 2256 1922 2326 ἁμαρτα-

347 2347 572 2413 νόντων,
604 2347 746 2401 κατὰ
770 2347 959 2417 χεῖρας
982 2340 1093 2415 εἶχε
1123 2343 1430 2414 φθάνουσαν
1454 2343 1554 2414 τὴν
1582 2343 1758 2414 δίκην,
1790 2344 1924 2398 ἀλλὰ

347 2440 447 2494 καὶ
463 2440 661 2503 πάντες
679 2439 728 2492 oi
756 2438 854 2508 τῆς
883 2436 1087 2508 ἀρετῆς
1104 2434 1462 2507 ὲργάται,τδν
1489 2433 1602 2506 βίον
1628 2433 1841 2505 ἔτριϐον
1867 2437 1924 2489 ὲν

344 2521 700 2600 ταλαιπωρίᾳ
736 2567 752 2592 ,
785 2528 886 2580 ούκ
931 2525 997 2580 ἄν
1037 2544 1116 2580 σοι
1164 2525 1288 2579 λίαν
1319 2524 1536 2587 ἀτόπως
1571 2524 1600 2576 ό
1629 2525 1757 2594 περὶ
1794 2543 1926 2595 προ-

345 2621 496 2685 νοίας
525 2620 680 2688 λόγος
710 2617 1166 2690 ἐχώλευεν.Ἑπεὶ
1211 2618 1268 2670 δὲ
1313 2616 1500 2671 πολλοὶ
1540 2617 1637 2672 καὶ
1679 2617 1789 2670 τῶν
1825 2617 1924 2689 τὴν

345 2709 548 2763 κακίαν
598 2710 915 2780 μετιόντων,
961 2708 1092 2779 παρ’
1126 2708 1296 2772 αὐτὰς
1318 2708 1420 2771 τὰς
1462 2709 1695 2780 πράξεις
1738 2706 1924 2778 ὤφθη-

345 2820 450 2856 σαν
482 2800 582 2865 τὰς
610 2802 761 2866 δίκας
791 2802 1103 2867 δεδωκότες,
1136 2802 1229 2854 καὶ
1263 2800 1370 2855 τῶν
1391 2801 1559 2872 ἀρετῇ
1586 2801 1923 2873 ῥυθμιζομέ-

345 2909 454 2945 νων
479 2890 842 2954 εύπαθοῦντές
871 2892 1010 2944 εἰσιν
1035 2889 1394 2960 ἐγνωσμένοι,
1427 2890 1545 2954 πῶς
1573 2891 1673 2944 οὐκ
1695 2891 1923 2963 ἀνόητος

2099 2256 2140 2311 l.
2172 2255 2229 2311 Si
2261 2269 2422 2310 nemo
2450 2268 2677 2325 prorsus
2707 2253 3099 2322 improborum,
3136 2259 3192 2306 et
3218 2252 3458 2322 peccatis
3505 2266 3598 2321 pe-

2028 2342 2178 2398 nitus
2223 2343 2527 2398 deditorum
2564 2341 2860 2396 vindictam
2897 2355 3008 2411 pra:
3054 2339 3311 2396 manibus
3363 2356 3599 2411 praesen-

2027 2440 2136 2486 tem
2195 2430 2480 2497 baberent,
2512 2431 2605 2484 sed
2656 2430 2872 2484 virtutis
2919 2436 3266 2497 operatores,
3299 2426 3595 2480 universim

2029 2538 2243 2588 omnes,
2272 2523 2436 2577 vitam
2483 2521 2842 2592 transigerent
2873 2536 2969 2591 per
3003 2519 3277 2583 miserias,
3315 2519 3456 2573 haud
3499 2518 3598 2572 ab-

2031 2615 2196 2670 surde
2231 2615 2327 2670 tibi
2362 2614 2635 2669 videretur
2676 2614 2743 2668 de
2793 2612 3168 2684 providentia,
3224 2610 3362 2665 ratio
3404 2626 3598 2665 manca

2029 2717 2194 2776 atque
2227 2707 2452 2774 mutila;
2495 2706 2587 2762 sed
2636 2721 2758 2782 cum
2791 2705 3010 2776 plurimi
3045 2719 3257 2770 eorum,
3287 2703 3381 2773 qui
3412 2719 3471 2758 se
3498 2718 3596 2757 ne-

2028 2799 2217 2870 quitiis
2241 2799 2586 2866 dediderunt,
2616 2798 2670 2853 in
2696 2800 2816 2870 ipso
2838 2798 3204 2867 improbitatis
3234 2806 3383 2860 actu,
3409 2811 3598 2866 pmnas

2027 2889 2243 2944 dedisse
2297 2897 2722 2960 cognoscantur,
2765 2897 2820 2943 et
2870 2886 2964 2957 qui
3016 2886 3316 2942 secundum
3375 2885 3598 2939 virtutis

347 2983 384 3052 ἡ
413 2979 554 3034 κατὰ
589 2979 691 3050 τῆς
739 2981 995 3052 προνοίας
1029 2980 1278 3048 ὲπίνοια;
1309 2981 1372 3033 Ei
1406 2980 1452 3034 δ’
1482 2981 1564 3035 ὅτι
1613 2979 1689 3051 μὴ
1724 2980 1923 3048 πάντες

2030 2993 2268 3038 tenorem
2294 2988 2464 3038 semet
2488 2980 2903 3047 conﬁrmarunt,
2930 2994 3190 3050 prospere
3216 2978 3422 3033 vixisse
3449 2978 3598 3033 intelo

308 3095 312 3098 ’
347 3074 585 3128 ἐνταῦθα
616 3074 932 3146 κομίζονται
961 3075 1029 3129 τὰ
1059 3075 1332 3147 ἐπίχειρα,
1370 3075 1526 3131 τοῦτό
1571 3093 1655 3130 σε’
1682 3079 1803 3130 κατ’
1827 3077 1919 3131 αὖ·

345 3168 448 3237 τῆς
476 3166 800 3236 ἀνερεθίζει,
838 3166 947 3221 ῐσθι
968 3168 1044 3231 ὡς
1066 3167 1132 3221 δι’
1159 3161 1234 3222 ὧν
1271 3167 1444 3237 ἔγνως
1470 3168 1605 3240 αὐτῇ
1635 3169 1920 3240 μάχεσθαι,

350 3259 551 3329 μᾶλλον
577 3259 747 3330 αὐτῆς
778 3259 1174 3331 ἀνακηρύττεις
1207 3262 1256 3330 ’⁸,
1290 3262 1427 3330 μετὰ
1469 3262 1569 3332 τῆς
1622 3263 1833 3331 σοφίας,
1863 3261 1925 3316 τὸ

347 3350 592 3421 ἄμαχονο
641 3352 689 3404 εί
714 3350 824 3422 γὰρ
851 3351 1052 3417 πάντες
1084 3354 1140 3405 ὲν
1167 3351 1246 3422 τῷ
1275 3351 1370 3406 νῦν
1416 3353 1596 3419 αἰῶνι,
1624 3353 1676 3405 οί
1704 3353 1803 3424 μὲν
1825 3351 1925 3416 τὰς

347 3442 578 3506 εὐθύνας
608 3444 1031 3513 είσεπράττοντο
1053 3443 1164 3499 τῶν
1212 3443 1620 3515 ἡμαρτημένων
1651 3452 1700 3510 ιι,
1749 3445 1799 3497 oi
1843 3445 1920 3510 δὲ,

348 3533 436 3601 ἐφ’
469 3529 550 3594 οἷς
577 3531 780 3586 εἴλοντο
806 3537 874 3588 τὰ
905 3533 1133 3604 ἀμείνω,
1160 3532 1316 3604 δόξης
1334 3534 1428 3586 καὶ
1449 3534 1616 3602 τιμῆς
1645 3534 1924 3604 ἀπήλαυον

348 3623 448 3676 καὶ
467 3623 833 3693 εὐδαιμονίας,
866 3624 1043 3694 μάτην
1072 3640 1134 3676 τε
1179 3624 1246 3677 ἂν
1286 3624 1347 3676 τὸ
1389 3624 1596 3677 ἐκεῖθεν
1641 3624 1924 3695 κριτήριον

348 3715 693 3784 συνειστήκει
743 3716 904 3786 (ὅπερ
953 3715 1071 3768 ἐστὶ
1115 3714 1214 3785 τῆς
1260 3716 1520 3770 ἀνωτάτω
1561 3714 1699 3768 Θεοῦ
1732 3716 1923 3784 σοφίας

347 3803 445 3856 καὶ
466 3803 836 3873 κηδεμονίας),
879 3805 973 3857 καὶ
1003 3804 1179 3875 βίαιον
1211 3804 1385 3868 ἄλλως
1409 3813 1434 3842 ν
1467 3804 1562 3860 καὶ
1604 3803 1859 3857 ἀκούσιον
1889 3805 1922 3874 ἡ

346 3894 443 3947 τοῦ
479 3895 650 3948 κακοῦ
687 3895 834 3966 φυγὴ
859 3895 1216 3949 ἀπεδείκνυτο
1234 3912 1248 3926 ο
1289 3896 1623 3962 δεδοικότων,
1651 3894 1725 3960 ὡς
1753 3897 1920 3962 εἰκὸς,

347 3985 460 4040 τῶν
487 3987 831 4059 πλημμελεῖν
861 3988 1202 4058 ἐγνωκότων,
1235 3988 1336 4060 τὴν
1388 3987 1701 4059 παραυτίκα
1750 4004 1923 4058 τιμω-

350 4078 480 4149 ρίαν
503 4094 518 4111 ’
551 4079 645 4132 καὶ
675 4080 798 4150 οὐχὶ
835 4079 1062 4152 γνώμης
1110 4079 1323 4150 ἀγαθῆς
1363 4079 1593 4150 αἱρέσει,
1651 4079 1823 4150 δειλίᾳ
1866 4079 1924 4132 δὲ

350 4171 552 4242 μᾶλλον
582 4172 691 4226 ἀπὸ
715 4173 814 4243 τῆς
855 4172 1055 4236 κακίας
1100 4172 1511 4243 διασταυμένων.
1564 4171 1725 4225 Ἀλλά
1756 4189 1821 4241 γε
1857 4172 1920 4242 δὴ

347 4263 446 4315 καὶ
477 4263 771 4335 μισθαρνίᾳ
801 4263 898 4317 καὶ¹
942 4265 1040 4317 οὐκ
1085 4263 1288 4334 ἀρετῆς
1321 4272 1344 4299 ⁸
1369 4304 1384 4329 ,
1415 4263 1513 4333 τῆς
1539 4263 1739 4335 ἀρετῆς
1769 4263 1924 4332 ὲτὺγ-

346 4370 510 4422 χανεν
547 4352 612 4406 ἂν
638 4356 671 4425 η
698 4355 960 4425 ἐργασία·
989 4354 1086 4408 καὶ
1109 4354 1294 4415 οὐκέτι
1319 4355 1587 4424 διάκρισις
1619 4355 1725 4408 τῶν
1757 4372 1922 4408 σπου-

2027 3076 2290 3146 ligantur,
2317 3073 2540 3129 omnino
2567 3088 2789 3128 necesse
2811 3079 2895 3127 est
2936 3080 2996 3126 ut
3026 3071 3254 3127 stultum
3277 3070 3349 3125 sit
3374 3069 3598 3139 obloqui

2024 3166 2403 3221 Providentiae.
2435 3165 2590 3232 Quod
2620 3166 2667 3220 si
2703 3165 2835 3220 illud
2867 3174 2916 3219 te
2943 3173 3133 3219 contra
3165 3179 3284 3219 eam
3315 3164 3597 3229 stimulat,

2024 3260 2151 3330 quia
2182 3275 2291 3314 non
2318 3258 2687 3314 indiﬂ‘erenter
2717 3273 2904 3312 omnes
2936 3258 3036 3312 hac
3063 3258 3117 3312 in
3159 3257 3265 3311 vita
3299 3257 3602 3327 percipiant

2026 3353 2216 3409 merita
2251 3368 2374 3418 sua,
2405 3353 2549 3408 scias
2576 3360 2809 3422 oportet,
2844 3360 2894 3406 te
2934 3367 3030 3421 per
3060 3350 3113 3406 id
3149 3365 3257 3420 quo
3282 3359 3473 3404 contra
3502 3350 3598 3404 de-

2025 3461 2270 3517 pugnare
2293 3446 2441 3501 illam
2472 3451 2632 3511 reris,
2667 3445 2752 3499 vel
2785 3444 3023 3497 maxime
3055 3443 3297 3512 ejusdem
3325 3443 3433 3495 vim
3463 3442 3599 3496 irrc-

2025 3537 2316 3592 sistibilem
2345 3545 2398 3593 et
2433 3536 2759 3607 sapientiam
2800 3534 3096 3589 celebrare.
3122 3533 3301 3600 Certe,
3334 3534 3378 3588 si
3409 3548 3600 3587 omnes

2025 3645 2122 3699 per
2143 3638 2462 3699 praesentem
2499 3629 2687 3692 vitam,
2722 3627 2806 3682 vel
2836 3626 3100 3680 rationem
3133 3624 3356 3678 reddere
3384 3625 3449 3677 de
3474 3638 3599 3693 pec-

2024 3723 2161 3777 catis
2209 3730 2556 3792 cogerentur,
2590 3719 2674 3774 vel
2730 3734 2796 3773 eo
2840 3717 2986 3788 quod
3044 3717 3324 3770 meliorem
3384 3725 3592 3784 partem

2027 3813 2227 3868 fuerint
2279 3812 2534 3882 amplexi,
2587 3810 2837 3882 gloriam,
2877 3811 3162 3872 honorem,
3210 3808 3597 3862 beatitudinem

1986 3893 1989 3896 ’
2026 3904 2114 3958 hic
2145 3912 2587 3975 assequerentur,
2614 3903 2840 3956 omnino
2867 3899 3073 3956 frustra
3097 3900 3345 3954 futurum
3378 3898 3598 3968 aliquo-.1

2019 3993 2288 4064 judicium
2350 4000 2762 4063 exspectaretur
2818 3989 2984 4062 (quod
3037 4000 3217 4044 tamen
3268 4005 3298 4043 a
3345 4003 3598 4059 suprema

2023 4083 2289 4152 sapientia
2339 4093 2393 4138 et
2441 4097 2573 4136 cura
2617 4081 2802 4137 divina
2842 4081 3182 4152 ordinatur);
3219 4080 3313 4136 sed
3375 4081 3599 4149 insuper

2022 4174 2319 4228 violentum
2362 4173 2490 4244 quid
2536 4181 2592 4228 et
2633 4173 2951 4228 coactitium
2997 4173 3310 4239 videretur,
3366 4185 3395 4225 a
3451 4172 3595 4224 malo

2029 4265 2400 4332 abstinuisse;
2463 4265 2510 4320 si
2579 4265 2864 4320 horrerent
2901 4265 3278 4333 delinquentes
3304 4277 3336 4318 e
3368 4263 3595 4332 vestigio

2025 4365 2241 4426 semper
2255 4372 2489 4426 sequens
2515 4365 2569 4411 et
2596 4355 2880 4410 adhaerens
2908 4355 3272 4424 supplicium;
3299 4369 3408 4424 quo
3433 4363 3593 4423 pacto

344 4443 511 4496 δαίων
541 4445 764 4498 καὶτῶν
791 4445 1009 4514 φαύλων
1048 4448 1288 4515 ἐγεγόνει
1315 4463 1329 4476 ⁸
1358 4446 1480 4499 οὐδὲ
1528 4446 1640 4497 τισὶ
1681 4445 1800 4516 μὲν,
1834 4445 1919 4499 ἵνα

2030 4449 2195 4513 lieret,
2236 4457 2293 4503 ut
2336 4463 2443 4503 non
2492 4449 2558 4502 de
2588 4447 2852 4503 electione
2883 4447 3126 4502 melioris
3151 4447 3457 4509 sententia,
3499 4445 3594 4500 sed

344 4534 447 4602 τῆς
489 4534 698 4588 ἐκεῖθεν
754 4535 957 4606 τύχωσι
997 4537 1296 4614 βασιλείας,
1350 4538 1444 4592 καὶ
1481 4539 1566 4592 ἵνα
1588 4537 1920 4601 Δεσποτικὰς

2030 4550 2166 4596 metu
2209 4539 2414 4609 potius,
2462 4548 2516 4594 et
2558 4539 2864 4603 timiditate,
2894 4553 2925 4591 a
2955 4537 3098 4592 malo
3135 4537 3542 4591 deterrerentur
3577 4553 3592 4589 :

348 4628 763 4698 συντηρήσωσιν
790 4628 1029 4694 ἐντολὰς,
1059 4631 1092 4700 ἡ
1120 4630 1322 4701 ἀρετῆς
1353 4629 1574 4699 πρᾶξις,
1609 4630 1703 4682 καὶ
1730 4632 1763 4700 ὴ
1790 4629 1920 4682 ταύ-

2030 4630 2233 4685 accedit
2281 4629 2427 4699 quod
2476 4628 2694 4684 virtutis
2721 4628 2986 4697 operatio,
3017 4643 3125 4682 non
3167 4643 3234 4682 ex
3267 4626 3454 4695 aliquo
3484 4627 3597 4681 vir-

343 4733 446 4787 της
485 4717 680 4788 χρῆσις
703 4717 762 4782 ἐξ
790 4718 988 4790 ἔρωτος
1015 4718 1184 4784 θείου,
1236 4721 1344 4771 τισὶ
1362 4720 1416 4773 δὲ
1450 4719 1536 4774 ἵνα
1563 4720 1653 4773 τὸν
1675 4719 1918 4790 παρόντα

2030 4720 2157 4775 tutis
2209 4728 2479 4790 respectu,
2512 4719 2606 4775 sed
2643 4717 2908 4773 mercedis
2941 4719 3140 4773 intuitu
3184 4718 3592 4787 susciperetur;

345 4808 463 4879 βίον
493 4811 553 4862 ὲν
579 4810 876 4864 ἀπολαύσει
898 4811 1190 4866 διανύσωσι
1225 4813 1320 4867 καὶ
1346 4811 1684 4884 εὐδαιμονίᾳ.

2030 4812 2174 4865 nulla
2230 4811 2498 4865 bonorum
2526 4825 2554 4864 a
2585 4811 2743 4865 malis
2771 4810 3052 4865 distinctio
3082 4819 3411 4864 statueretur
3447 4827 3460 4862 :
3498 4809 3590 4862 sed

345 4921 447 4960 nec
483 4907 893 4976 aquibusdam,
934 4916 992 4962 ut
1031 4924 1257 4977 regnum
1330 4907 1593 4963 caelerum
1657 4917 2085 4978 consequantur,
2160 4894 2364 4962 autut
2432 4907 2617 4962 divina
2673 4906 2928 4960 mandata
2976 4904 3320 4967 custodiant,
3379 4902 3595 4956 virtutis

342 5009 524 5068 actus,
577 5003 931 5073 ejusdemque
982 5003 1240 5074 frequens
1282 5019 1413 5060 usus
1456 5018 1520 5058 ex
1573 5018 1758 5059 amore
1805 5003 1921 5067 Dei,
1962 5004 2463 5073 proﬁciscerentur,
2519 5002 2736 5072 quidam
2792 5008 2971 5056 autem
3025 5001 3078 5055 in
3129 5015 3254 5055 eum
3317 4999 3474 5054 linem
3541 4997 3592 5053 id

343 5104 586 5164 agerent,
639 5107 699 5152 ut
744 5100 1028 5171 praesentis
1057 5101 1180 5155 vita:
1222 5115 1442 5154 cursum
1492 5099 1730 5156 suaviter
1797 5101 2187 5164 transmittant,
2214 5107 2268 5153 et
2292 5099 2466 5152 beate.

2103 5233 2158 5286 2.
2185 5232 2427 5288 Ulterius
2463 5241 2646 5288 autem
2695 5231 2747 5286 id
2781 5231 2924 5300 quod
2977 5231 3136 5300 longe
3164 5228 3591 5300 pulcherrimum

2025 5333 2131 5389 est,
2166 5324 2424 5379 nimirum
2475 5324 2796 5392 certamina,
2848 5330 3067 5393 propter
3104 5338 3224 5393 qua:
3272 5321 3415 5378 adita
3461 5320 3594 5392 justi

420 5229 485 5300 β’.
506 5231 714 5296 ’Ἄλλως
728 5207 788 5285 τε
811 5232 908 5286 καὶ
922 5231 985 5286 τὸ
1008 5233 1226 5288 πάντων
1243 5233 1546 5298 καλλιστον,
1562 5233 1685 5297 τοὺς
1707 5231 1924 5300 ἀγῶνας

345 5319 494 5388 λέγω
522 5319 608 5390 ἐφ’
638 5315 720 5384 οἷς
752 5321 802 5374 οἱ
845 5321 1046 5376 δίκαιοι
1083 5321 1315 5393 μαλιστα
1348 5321 1734 5393 στεφάνοῦντα,
1767 5324 1918 5376 ἀναι-

1633 5498 1866 5560 VARIAE
1905 5501 2310 5564 LECTIUNES.

434 5691 666 5766 ‘Maius
697 5691 1119 5764 ἁνακηρύτταις.
1198 5704 1225 5733 ιι
1262 5692 1333 5748 Μ.
1363 5690 1792 5766 ἁμαρτημάτων.
1902 5700 1929 5729 ν
1967 5690 2137 5755 ἄλλως
2203 5691 2358 5748 deest
2417 5689 2470 5747 in
2534 5690 2697 5747 Maio.
2810 5691 2927 5746 *M.
2977 5691 3265 5763 μισθαρνία
3335 5691 3428 5745 καὶ
3491 5691 3591 5747 οὔκ

350 5760 543 5833 ἀρετή.
