3908 6214
409 346 516 411 875

1561 333 1827 397 ΡΗΟΤΙῙ
1864 324 2371 393 PATRIARCH/E
2400 321 2509 384 ΕΡ.

3556 298 3679 365 876

406 465 463 513 et
501 456 766 512 Deitatem
798 454 854 510 in
890 452 1065 509 tribus
1099 446 1472 508 subsistentiis
1502 455 1557 502 et
1598 444 1849 516 personis
1891 455 1981 495 ve-
2012 490 2014 496 ι

2120 434 2217 487 ,ίαν
2245 432 2436 487 οὐσίαν
2487 426 2583 484 καὶ
2620 424 2852 495 θεότητα
2906 422 2966 476 ἒν
3000 417 3334 474 ὑποστάσεσι
3366 412 3473 516 καὶ
3490 428 3675 516 πρρσο

406 561 628 610 nerare,
655 556 711 601 et
736 545 855 600 cole
875 560 903 625 ς,
927 551 983 600 et
1006 541 1376 599 Christianam
1408 537 1474 592 de
1503 536 1615 590 Deo
1649 533 1808 588 [idem
1829 571 1847 597 ,
1898 528 1980 583 vel

409 638 739 710 theologiam
764 636 915 692 hisce
938 633 1393 706 comprehensam
1431 626 1745 700 praedicato.

410 764 738 881 QUSSTIO
762 809 1018 865 CLXXIV
1066 808 1257 881 [σείει.
1314 804 1491 870 CCIII,
1527 803 1693 857 Taur.
1731 794 1983 867 CXLIV].

463 904 739 970 Quomodo
767 901 1168 972 intelligendum
1205 899 1273 953 sit
1297 896 1436 969 quod
1468 897 1530 949 de
1559 893 1667 972 Job“
1686 892 1887 946 dicitur
1914 905 1931 943 :

574 1020 581 1026 .
692 964 1066 1029 «Pereat'dt'es
1108 971 1163 1024 in
1200 964 1493 1039 qua'natus
1510 964 1668 1018 sum?
1715 982 1733 1013 ι

2085 502 2257 589 ῶποις
2278 521 2428 596 τρισὶ
2447 518 2730 592 λατρεύων
2754 516 2852 570 καὶ
2881 508 3205 585 προσκυνῶν
3223 549 3239 573 ,
3266 505 3367 596 τὴν
3403 503 3516 558 τῶν
3535 502 3679 596 ξρε-

2090 594 2327 671 στιανῶν
2354 611 2635 682 θεολογίαν
2661 607 2875 670 τούτοις
2931 595 3511 673 συγκεφαλαιούμενος
3538 594 3683 648 ἀνα-

2090 705 2353 777 κήρυττε.

2591 786 2927 845 ΕΡΩΤΗΣΙΣ
2962 782 3127 838 POA'.

2089 886 2222 955 Πῶς
2257 885 2354 940 δεῖ
2372 883 2536 939 νοεῖν
2562 881 2630 955 τό
2659 879 2790 955 περὶ
2813 879 2922 955 τὸν
3119 870 3460 955 είρηιέένονθ
3495 870 3686 921 «Κιττ-

2294 955 2540 1024 αραθείη
2574 953 2613 1022 ὴ
2644 941 2835 1021 furem
2866 948 2938 1003 ἐν
2966 941 3006 1020 ᾗ
3030 941 3405 1017 crevi-110nm
3440 959 3458 991 ι

1087 1081 1232 1133 Edita
1252 1096 1279 1132 a
1302 1079 1428 1130 Maio
1474 1079 1625 1140 (Nov.
1663 1072 1786 1125 Call.
1812 1078 1847 1123 t.
1878 1069 2008 1131 IX,1

2120 1068 2249 1131 106).
2277 1094 2338 1106 —
2363 1067 2634 1131 Exegetica
2657 1066 2720 1114 In
2750 1060 2844 1113 Job
2865 1072 2934 1121 ut,
2952 1058 3003 1108 5.

486 1189 593 1245 Job
628 1186 906 1243 maledicit
931 1184 1038 1241 diei
1067 1181 1370 1239 nativitatis
1393 1194 1526 1245 suae,
1557 1185 1619 1233 ut
1640 1176 1782 1232 inter
1807 1175 1995 1245 plures

419 1298 618 1341 causas
649 1281 869 1351 eligam,
927 1278 1056 1348 quia
1094 1283 1279 1333 mente
1302 1272 1533 1328 multum
1566 1268 1894 1339 agitabatur,
1926 1280 1996 1321 ne

421 1374 565 1430 forte
619 1372 675 1427 in
721 1380 929 1424 tantam
962 1366 1180 1436 culpam
1230 1357 1535 1421 incidisset.
1572 1368 1635 1414 ut
1668 1364 1874 1413 tantam
1903 1353 1997 1409 Dei

425 1468 561 1520 iram
593 1469 784 1519 contra
817 1459 967 1514 illum
1007 1458 1320 1519 excitasset,
1377 1453 1432 1508 id
1468 1460 1552 1507 est
1581 1468 1596 1505 :
1633 1450 1687 1505 in
1728 1456 1940 1504 tantum
1965 1459 1995 1498 a

426 1553 734 1610 Dominicis
760 1551 1033 1608 mandatis
1060 1547 1285 1612 recessi,
1322 1554 1384 1601 ut
1408 1543 1543 1600 mibi
1584 1542 1751 1597 lateat
1785 1537 2001 1609 magni-

423 1648 557 1703 tudo
588 1646 755 1713 mali;
801 1645 855 1700 in
912 1651 1125 1699 tantum
1184 1647 1368 1695 autem
1424 1634 1895 1707 longanimitatem
1940 1640 1995 1687 et

428 1738 889 1809 pbilanthropiam
919 1734 1011 1791 Dei
1049 1731 1364 1805 provocavi,
1398 1738 1457 1785 ut
1477 1737 1641 1784 tantae
1672 1728 1770 1783 irae
1794 1724 1993 1796 subjici

2160 1172 2489 1243 Καταρᾶται
2514 1171 2614 1240 τὴν
2636 1166 2849 1239 ἡμέραν
2882 1163 2982 1234 τῆς
3005 1160 3277 1230 γενέσεως
3306 1152 3473 1211 αὑτοῦ
3499 1153 3531 1206 δ
3558 1150 3688 1205 Ἰὼϐ

2089 1262 2161 1319 τά
2185 1280 2247 1317 τε
2276 1262 2412 1318 ἄλλα
2433 1261 2526 1315 καὶ
2551 1259 2613 1313 ού
2638 1255 2895 1312 τοσοῦτον
2909 1255 2993 1308 ὃτι
3016 1254 3129 1315 τοῖς
3148 1248 3432 1319 λογισμοῖς
3452 1243 3695 1314 ὲκυμαί-

2090 1371 2239 1409 νετο·
2300 1353 2378 1425 μὴ
2424 1352 2543 1406 ποτ’
2590 1348 2698 1420 ἀρα
2736 1348 2824 1417 εἴη
2871 1344 2965 1398 ἐπὶ
3010 1340 3269 1396 τοσοῦτον
3298 1334 3694 1408 πλημμελείας

2095 1445 2378 1517 ἐληλακὼς
2406 1443 2481 1508 ὡς
2505 1439 2777 1512 τοσαύτην
2804 1437 2975 1509 ὀργὴν
2996 1434 3137 1489 Θεοῦ
3176 1431 3398 1502 κινῆσαι
3424 1427 3547 1482 κατ’
3588 1426 3696 1481 ab.

2103 1540 2199 1595 τοῦ
2221 1555 2236 1570 ·
2259 1535 2563 1599 τουτέστιν,
2586 1534 2681 1596 Et;
2704 1529 2959 1585 τοσοῦτον
2987 1523 3252 1591 ὲξὼκειλα
3281 1520 3391 1574 τῶν
3420 1522 3696 1572 Δεσποτι-

2105 1630 2221 1695 κῶν
2255 1626 2485 1684 ὶντολῶν
2525 1624 2665 1679 ὥστε
2711 1622 2897 1677 λαθεῖν
2947 1618 3048 1691 μὲν
3098 1614 3200 1686 ἐμὲ
3228 1614 3291 1667 τὸ
3328 1609 3562 1683 μέγεθος
3590 1606 3699 1661 τοῦ

2107 1720 2304 1787 κακοῦ,
2366 1720 2447 1782 είς
2494 1715 2753 1771 τοσοῦτον
2807 1711 2865 1766 δὲ
2895 1706 3198 1781 παροξῦναι
3230 1704 3292 1758 τὸ
3332 1700 3702 1775 μακρόθυμον

422 1790 695 1900 ἔιὲξὲιῖιῖιῖζ
721 1790 920 1884 item“
952 1867 967 1892 ,
1029 1790 1084 1881 ἐι
1128 1824 1221 1905 tali
1264 1790 1439 1894 poena:
1472 1819 1744 1876 submitti.
1776 1790 2002 1873 Maledi-

2120 1815 2200 1881 ια).
2222 1811 2605 1883 φιλάνθρωπον
2626 1805 2720 1861 τοῦ
2750 1801 2911 1869 Θεοῦ,
2933 1802 3074 1856 ὥστε
3099 1799 3197 1854 καλ⁵
3222 1795 3495 1865 τοσαύτης
3522 1790 3703 1863 ὀργῆς

424 1922 569 1978 citur
602 1920 721 1976 dies
766 1919 891 1984 ista,
952 1918 1029 1973 ita
1067 1928 1248 1972 tamen
1299 1921 1362 1969 ut
1415 1913 1520 1967 ista
1547 1908 1859 1965 maledictio
1888 1923 1998 1962 non

424 2020 570 2069 esset
607 2010 910 2083 indignatio
956 2016 1144 2064 contra
1187 2006 1280 2060 illa
1342 2018 1466 2075 qua:
1507 2016 1701 2072 passus
1731 2008 1873 2065 erat,
1904 1998 2000 2054 sed

425 2104 609 2175 potius
669 2101 1090 2158 lamentationes
1159 2106 1216 2153 et
1277 2093 1686 2152 obsecrationes
1753 2105 1853 2161 pro
1917 2089 2003 2145 his

424 2197 627 2268 quibus
683 2194 853 2248 Deum
901 2191 1202 2246 offenderat
1275 2185 1434 2254 Quod
1482 2196 1536 2240 et
1574 2184 1723 2240 clare
1766 2181 2004 2252 explicat

426 2288 714 2353 Dominus,
741 2300 867 2343 cum
918 2284 984 2340 ad
1033 2284 1185 2338 illum
1215 2281 1347 2337 dicit
1385 2298 1399 2336 :
1435 2298 1453 2332 ι
1476 2276 1644 2335 Putas
1672 2293 1760 2333 me
1792 2291 1898 2331 non
1928 2276 2002 2330 ita

427 2394 607 2437 tecum
655 2379 835 2449 egisse
896 2385 960 2433 ut
1003 2375 1185 2445 justus
1240 2371 1562 2437 videreris,»
1608 2377 1859 2425 econtra
1892 2380 2003 2421 non

425 2482 556 2527 sum
613 2470 709 2526 tibi
772 2476 1123 2541 peccatorum
1185 2464 1441 2535 repetitio
1501 2462 1787 2533 passiones
1864 2473 2005 2529 quas

427 2563 672 2620 habuisti
716 2559 1066 2625 subeundas,
1118 2557 1214 2613 sed
1258 2554 1578 2612 exercitium
1620 2552 1839 2626 quidem
1891 2549 2004 2605 vir-

429 2653 588 2717 tutis,
609 2650 964 2722 pmmiorum
993 2656 1049 2704 et
1080 2646 1458 2717 pulchriorum
1486 2657 1815 2699 coronarum
1838 2656 2006 2709 quam

428 2759 531 2815 pro
560 2744 843 2800 doloribus
870 2755 923 2799 et
962 2744 1135 2815 plagis
1152 2742 1660 2812 compensationem
1677 2753 2006 2811 procurans.

431 2835 619 2906 Itaque
647 2852 754 2891 non
774 2837 852 2891 ira
876 2835 1166 2907 impulsus,
1191 2844 1243 2889 te
1270 2834 1434 2887 tantis
1451 2832 1735 2888 laboribus
1750 2829 2007 2901 probavi;

431 2928 526 2983 sed
559 2927 741 2997 potius
784 2936 843 2980 ut
886 2936 978 2980 tua
1018 2924 1195 2979 virtus
1243 2921 1535 2993 fulgentior
1586 2926 1911 2992 appareret,
1956 2926 2013 2973 et

431 3023 629 3068 contra
687 3027 1039 3069 communem
1096 3023 1301 3067 nostrae
1349 3021 1559 3065 naturre
1604 3010 1815 3065 hostem
1854 3007 2014 3063 fortis

432 3115 488 3160 et
517 3105 778 3176 trophaeis
808 3118 1045 3161 onustus
1068 3104 1331 3159 omnibus
1356 3101 1642 3159 videreris.
1686 3101 1799 3157 Dici
1827 3111 2010 3157 autem

436 3194 738 3250 nativitatis
769 3196 910 3250 male
931 3196 1046 3251 licit
1072 3206 1128 3251 et
1158 3195 1262 3250 hoc
1291 3210 1397 3250 non
1436 3195 1708 3260 absolute,
1751 3192 1847 3250 sed
1887 3193 2014 3264 quia

438 3288 492 3344 in
526 3288 620 3343 illa
646 3288 734 3343 die
771 3288 1071 3359 splendidis
1087 3288 1351 3344 conviviis
1376 3288 1498 3343 illos
1536 3289 1627 3358 qui
1658 3288 1741 3342 vel
1775 3286 2017 3343 amicitia

444 3378 526 3433 vel
568 3377 836 3450 sanguine
877 3377 951 3432 illi
1001 3377 1494 3449 conjungebantur.
1563 3376 1681 3432 Mos
1734 3385 1820 3433 est
1870 3376 2017 3431 enim

439 3470 723 3541 splendide
750 3470 997 3527 viventes
1029 3486 1150 3528 sese
1187 3470 1623 3542 spectaculorum
1664 3479 1722 3525 et
1755 3478 2018 3526 cantuum

440 3566 750 3636 aliquorum
774 3563 1117 3635 jucunditate
1153 3572 1205 3619 et
1232 3562 1449 3618 deliciis
1469 3562 1765 3626 delectare,
1785 3579 1883 3634 per
1899 3580 2022 3634 qua:

439 3669 495 3713 et
532 3657 687 3714 visus
734 3665 790 3711 et
847 3656 1067 3711 auditus
1134 3654 1497 3712 fascinantur.
1576 3654 1816 3726 Regibus
1873 3657 2019 3711 enim

440 3748 805 3815 conantibus,
859 3746 1193 3803 conveniens
1223 3754 1342 3803 erat
1382 3747 1511 3801 talia
1564 3746 1618 3801 in
1650 3747 1905 3803 convivio
1939 3749 2022 3802 in-

443 3840 593 3897 duci.
620 3841 918 3911 Propterea
947 3854 1078 3895 sane
1101 3848 1281 3894 mente
1308 3839 1631 3895 turbabatur
1669 3854 1739 3895 ne
1780 3840 1883 3894 ista
1913 3838 2027 3896 Deo

447 3930 687 3987 fuissent
733 3930 945 3995 odiosa,
970 3939 1024 3986 et
1045 3929 1182 3985 iram
1210 3929 1362 3987 illius
1381 3939 1569 3985 contra
1590 3945 1650 3986 se
1666 3929 2022 3986 excitassent.

446 4022 636 4093 Itaque
664 4021 941 4077 maledicit
970 4020 1272 4077 nativitatis
1308 4020 1438 4086 diei,
1472 4020 1526 4077 id
1570 4031 1676 4087 est,
1715 4021 1770 4076 in
1799 4037 1923 4092 quae
1973 4031 2029 4077 et

445 4113 591 4169 vires
616 4121 671 4167 et
703 4111 964 4182 vigorem,
1005 4118 1062 4167 et
1089 4110 1274 4165 anima
1310 4109 1659 4166 relictionem
1708 4110 1764 4165 in
1815 4110 2027 4166 deliciis

401 4204 670 4261 aﬂuere
713 4202 969 4268 sinebat,
1022 4211 1078 4259 et
1134 4202 1293 4259 vanis
1356 4202 1730 4273 voluptatibus
1787 4202 2026 4259 deliniri.

449 4293 603 4360 Quod
642 4300 827 4349 autem
848 4292 1010 4349 istam
1037 4291 1479 4349 maledictionem
1522 4293 1767 4349 exterius
1798 4292 2026 4363 profert,

446 4401 516 4441 ne
548 4385 807 4441 omnibus
838 4384 1177 4442 insensibilis
1197 4394 1305 4440 tam
1341 4385 1639 4441 terribilem
1663 4385 2028 4440 calamitatem

2103 1906 2288 1977 ἔνοχον
2308 1903 2407 1975 ἐμὲ
2438 1900 2697 1974 κριθῆναι
2738 1896 2835 1952 καὶ
2871 1892 3207 1967 τηλικαύτας
3231 1885 3585 1977 ἀπαιτεῖσθαι
3619 1883 3693 1937 δίο

2102 1975 2227 2059 καςξ
2250 1989 2698 2061 Ἐπικατάρατος
2736 1987 2771 2058 ἡ
2801 1984 2987 2056 ἡμέρα
3013 1982 3197 2055 εκείνη
3224 1978 3367 2033 ὥστε
3396 1976 3499 2030 οὐκ
3532 1975 3701 2041 ἀγαντ

2102 2087 2389 2158 ακτὴσεως
2446 2078 2516 2154 ἦν
2540 2080 2682 2151 ὑπὲρ
2703 2071 2778 2135 ὧν
2806 2061 3046 2145 ἔπασχεν
3070 2074 3105 2143 ἡ
3146 2072 3276 2145 ἀρά,
3305 2067 3444 2124 ἀλλά
3481 2065 3707 2158 θρήνων

2102 2179 2199 2234 καὶ
2226 2156 2614 2242 ἐλεεινολογίας
2643 2170 2786 2241 ὑπὲρ
2817 2161 2895 2221 ὧν
2922 2164 3101 2219 ἐδόκει
3136 2162 3381 2232 λυπῆσαι
3403 2158 3497 2213 τὸν
3522 2156 3668 2210 Θεόν
3686 2173 3705 2189 ο

2102 2270 2199 2325 καὶ
2226 2270 2385 2322 τοῦτο
2415 2264 2715 2335 παρίστησι
2740 2257 2930 2328 σαφῶς
2968 2257 3003 2329 ἡ
3037 2252 3345 2323 Δεσποτικὴ
3378 2248 3531 2321 φωνὴ
3562 2246 3709 2318 πρὸς

2104 2361 2267 2415 αὐτὸν
2291 2360 2349 2413 ὲν
2375 2351 2457 2422 οἷς
2476 2370 2664 2428 φησιν*
2703 2352 2852 2406 ιοίει
2883 2366 2951 2419 με
2979 2347 3155 2411 ἀλλως
3185 2363 3265 2400 σοι
3293 2338 3708 2413 κεχρηματικέ-

2107 2469 2198 2505 ναι
2236 2452 2269 2521 ἡ
2301 2449 2393 2504 ἵνα
2421 2445 2704 2516 ἀναφανῇς
2731 2440 2936 2503 δίκαιος
2963 2455 3011 2505 ς»
3039 2436 3160 2490 ἀντὶ
3183 2432 3300 2496 τοῦ,
3328 2431 3445 2521 Ούκ
3466 2428 3585 2521 ἔστι
3622 2443 3711 2479 σοι

2107 2542 2219 2596 τῶν
2244 2514 2974 2612 ἡμαρτημένωνήάπαίτησις
3000 2527 3069 2583 τὰ
3104 2525 3252 2595 πάθη
3283 2525 3340 2577 ὲν
3360 2514 3438 2585 οἷς
3454 2517 3707 2612 ὲναθλεῖν

2108 2610 2510 2705 παρεχωρὴθης
2537 2644 2552 2660 ο
2611 2624 2750 2696 ἀλλὰ
2809 2619 3090 2693 γυμνασία
3147 2616 3245 2687 μὲν
3285 2614 3385 2685 τῆς
3444 2610 3704 2705 ἀρετῆς-ο

2109 2701 2362 2781 ἐπάθλων
2382 2701 2441 2776 δὲ
2469 2719 2567 2775 καὶ
2599 2714 2864 2790 μειζόνων
2892 2711 3173 2782 στεφάνων
3212 2709 3246 2779 ἢ
3280 2707 3423 2761 κατά
3444 2705 3545 2767 τὰς
3582 2701 3711 2756 ὀδύ-

2113 2836 2212 2883 νας
2268 2817 2363 2873 καὶ
2409 2812 2623 2885 πληγὰς
2658 2806 3027 2882 προξενοῦντα
3056 2803 3156 2875 τὴν
3200 2800 3457 2873 ἀμοιϐήν.
3489 2794 3712 2851 Οὐκοῦν

2112 2913 2212 2969 οὐκ
2233 2910 2402 2984 ὀργὴν
2431 2908 2638 2980 ὲκχέων
2667 2902 2979 2974 ὑπαχθῆναί
3011 2918 3070 2954 σε
3094 2897 3449 2970 συνεχώρησα
3466 2896 3590 2955 ταῖς
3619 2909 3709 2946 το-

2119 3000 2342 3067 σαύταις
2370 2999 2606 3063 ποιναῖς,
2642 2994 2757 3049 ἀλλ’
2796 2993 2884 3047 ἵνα
2925 2989 3127 3063 μᾶλλον
3152 2991 3188 3062 ἡ
3226 2987 3294 3059 σὴ
3319 2985 3714 3063 λαμπρότερον

2117 3093 2365 3163 ἀναφανῇ
2423 3091 2620 3161 ἀρετὴ,
2670 3087 2767 3141 καὶ
2808 3084 2953 3140 κατά
2992 3082 3088 3138 τοῦ
3126 3079 3308 3135 κοινοῦ
3352 3079 3453 3149 τῆς
3490 3075 3715 3148 φύσεως

2038 3160 2086 3218 C
2118 3160 2279 3258 ἡμῶν
2325 3160 2525 3254 ἐχθροῦ
2573 3176 2880 3251 ἀριστεύων
2923 3175 3021 3231 κα)⁴
3057 3169 3476 3244 τροπαιοφορῶν
3536 3168 3715 3221 πᾶσιν

2120 3276 2455 3347 ὲπιδειχθῇς·
2486 3272 2796 3344 καταρᾶται
2824 3269 2881 3324 δὲ
2910 3269 3008 3338 τῆς
3038 3266 3310 3337 γενέσεως
3338 3261 3435 3334 τὴν
3463 3260 3711 3332 ἡμέραν

2120 3372 2242 3427 οὐδὲ
2263 3369 2420 3424 τοῦτο
2450 3366 2657 3430 ἁπλῶς,
2683 3364 2819 3418 ἀλλά
2834 3362 3021 3431 ἐπειδὴ
3042 3360 3187 3414 κατὰ
3211 3356 3420 3428 ταύτην
3440 3355 3541 3424 τὴν
3569 3352 3717 3423 ἡμέ-

2125 3480 2232 3537 ραν
2264 3462 2549 3534 λαμπραῖς
2578 3458 2883 3512 ἑστιάσεσιν
2915 3453 3321 3525 ἐφιλοφρονεῖτο
3339 3449 3465 3512 τοὺς
3494 3447 3715 3518 ᾠκειω-

2128 3555 2322 3627 μένους
2349 3555 2428 3617 είς
2455 3550 2637 3622 φιλίαν
2655 3549 2805 3619 αύτῷ
2834 3547 2929 3602 καὶ
2966 3542 3142 3609 ἄλλως
3174 3542 3497 3615 προσγενεῖς
3518 3554 3537 3569 ⁸
3563 3538 3718 3627 elate;

2124 3626 2181 3701 δὲ
2199 3643 2521 3717 τρυφῶντας
2548 3643 2644 3695 καὶ
2669 3642 2780 3703 τοῖς
2813 3638 2901 3692 διὰ
2929 3635 3221 3706 θεαμάτων
3247 3630 3406 3686 τινῶν
3436 3626 3718 3697 ἀκουσμά-

2124 3712 2247 3792 των*
2268 3712 2494 3807 τέρψεσι
2524 3734 2619 3787 καὶ
2642 3732 2857 3803 ἡδοναῖς
2886 3728 3236 3800 ψυχαγωγεῖν
3264 3724 3512 3785 ἑαυτοὺς,
3539 3719 3612 3775 δι’
3638 3712 3718 3773 ὧν

2125 3828 2388 3898 τέρπεται
2415 3824 2515 3896 μὲν
2540 3821 2700 3894 ἀκοὴ,
2737 3819 3000 3891 τέρπεται
3021 3817 3078 3871 δὲ
3108 3815 3230 3885 ὄψις
3259 3831 3274 3846 ·
3315 3811 3581 3885 βασιλέων
3605 3810 3717 3881 γάρ

2130 3916 2608 3989 συνεστιωμένων,
2639 3913 2787 3976 elato;
2812 3906 2883 3983 ἦν
2914 3910 3008 3965 καὶ
3044 3909 3113 3963 τὰ
3138 3905 3365 3962 τοιαῦτα
3392 3902 3717 3972 συνεισάγε-

2131 4010 2257 4066 σθαι
2289 4013 2355 4082 τῇ
2390 4006 2682 4079 πανδαισίᾳ
2702 4023 2716 4037 ο
2759 4006 2847 4060 διὰ
2871 4003 3030 4058 τοῦτο
3063 4002 3172 4074 ἀρα
3198 3996 3453 4071 λογισμοὶ
3485 3998 3718 4052 συνετά-

2135 4118 2327 4176 ραττον
2364 4100 2550 4166 αὐτὸν,
2604 4101 2818 4171 μήποτε
2849 4095 3025 4151 ταῦτα
3073 4092 3279 4167 μισητά
3319 4092 3589 4161 γεγονότα
3640 4087 3719 4159 τῷ

2131 4193 2250 4266 Θεῷ
2276 4194 2375 4265 τὴν
2403 4192 2578 4265 όργὴν
2621 4192 2882 4261 ἐκίνησαν
2918 4189 3041 4245 κατ’
3072 4185 3238 4243 αὐτοῦ
3264 4201 3279 4217 ’
3310 4184 3399 4239 διὰ
3429 4182 3590 4238 τοῦτο
3618 4183 3720 4252 τῆς

2131 4287 2398 4357 γενέσεως
2432 4284 2533 4356 τὴν
2560 4283 2778 4356 ἡμέραν
2814 4283 3107 4353 ἐπαρᾶται,
3158 4277 3440 4349 τουτέστιν
3466 4277 3529 4329 ὲν
3558 4267 3596 4349 ἦ
3627 4275 3719 4327 τὸν

2131 4378 2283 4434 τόνον
2310 4377 2410 4446 τῆς
2447 4374 2623 4447 ψυχῆς
2659 4373 2755 4428 καλ⁵
2800 4372 2861 4426 τὸ
2908 4368 3383 4442 συνεστραμμένον
3417 4367 3516 4421 καὶ
3562 4363 3719 4421 νεῦον

376 4475 382 4481 ’
447 4479 677 4535 sufferre
707 4478 977 4548 videatur,
998 4493 1109 4536 non
1125 4487 1211 4536 est
1239 4478 1540 4536 absurdum
1566 4478 1831 4550 cogitare.
1863 4478 2014 4535 Male-

2136 4475 2273 4548 πρὸς
2329 4470 2494 4527 ἑαυτὸ
2544 4471 2624 4534 εἰς
2672 4465 2885 4539 τρυφὴν
2937 4465 3108 4519 ἐδίδου
3155 4462 3419 4534 διαρρεἷν,
3458 4461 3554 4514 καὶ
3583 4459 3718 4529 πρὸς

445 4572 743 4630 dictionem
771 4572 918 4627 enim
952 4571 1162 4643 profert
1195 4586 1305 4628 non
1335 4577 1526 4627 contra
1556 4570 1761 4642 aliquid
1785 4586 1913 4628 vere
1933 4589 2032 4629 ex-

448 4667 676 4728 sistens,
728 4665 821 4720 sed
855 4666 1002 4736 quod
1035 4675 1197 4721 antea
1234 4665 1439 4721 factum
1468 4664 1583 4735 jam
1632 4681 1740 4721 non
1791 4665 2033 4731 exsistit,

448 4766 704 4828 essetque
760 4755 901 4811 forte
932 4756 1243 4813 maledictio
1278 4758 1383 4813 ista
1431 4757 1864 4829 magnitudinem
1919 4774 2036 4829 pas-

450 4850 627 4906 sionis
666 4859 723 4906 et
789 4850 1040 4906 dolorum
1102 4848 1472 4906 sensationem
1538 4833 1927 4915 manifestans,
1981 4858 2038 4903 et

450 4942 868 4998 maledicentem
937 4941 1139 4997 nullius
1197 4941 1372 5012 culpas
1408 4957 1563 4998 reum
1626 4943 2033 4997 demonstrans.

451 5033 660 5089 Contra
689 5033 835 5089 enim
871 5033 1109 5089 nihilum
1158 5042 1278 5089 erat
1322 5033 1401 5089 illi
1446 5034 1770 5105 indignatio.
1832 5031 2037 5103 Siquis

457 5136 640 5181 autem
696 5125 899 5182 dixerit
957 5141 1083 5182 eum
1135 5126 1407 5182 Dominici
1470 5126 1673 5183 decreti
1734 5139 2037 5181 memorem

458 5218 593 5274 illud
647 5218 895 5281 dixisse,
975 5218 1117 5290 piam
1170 5219 1498 5276 sententiam
1561 5219 1851 5289 amplexus
1908 5217 2034 5273 erit.

455 5310 756 5381 Cuiusnam
786 5326 930 5376 vero
974 5310 1218 5368 decreti?
1282 5310 1437 5368 Illius
1483 5326 1595 5382 quo
1635 5318 1830 5366 contra
1870 5308 2036 5365 Evam

456 5403 846 5475 promulgavit,
900 5419 1024 5459 cunt
1065 5404 1158 5460 illa
1204 5405 1478 5462 Adamum
1508 5404 1830 5476 participem
1867 5404 2042 5474 culpm

459 5496 714 5553 reddidit.
770 5495 926 5553 'l‘unc
960 5497 1109 5552 enim
1156 5497 1310 5565 dicit,
1377 5497 1660 5553 doloribus
1688 5504 1743 5552 et
1778 5496 2042 5552 aerumnis

461 5588 745 5643 hominum
775 5599 995 5661 partum
1032 5596 1089 5645 et
1120 5596 1355 5645 mortem
1385 5588 1707 5660 subiiciens,
1736 5604 1803 5645 ex
1836 5588 2041 5659 quibus

461 5679 781 5734 occurrebat
830 5693 956 5750 spes
984 5677 1190 5750 gaudii,
1238 5678 1380 5736 tristi
1414 5678 1649 5736 domans
1697 5678 2039 5735 morositate.

468 5766 548 5826 Ad
570 5769 735 5827 istum
774 5785 905 5841 ergo
929 5770 1173 5829 dolorem
1205 5769 1307 5826 Job
1345 5779 1580 5828 mentem
1622 5770 1895 5836 attollens,
1930 5784 2039 5825 non

2136 4569 2235 4633 τάς
2264 4566 2619 4628 ἐπιπολαίους
2641 4564 2843 4627 ταύτας
2868 4560 3191 4631 ὐπομειδιᾷν
3209 4558 3400 4630 ἡδονάς
3423 4573 3437 4588 ·
3466 4558 3515 4610 εί
3538 4555 3597 4610 δὲ
3628 4556 3718 4607 καὶ

2135 4660 2235 4730 τὴν
2273 4658 2413 4729 ἀρὰν
2434 4657 2525 4712 διὰ
2568 4655 2793 4726 χειλέων
2826 4653 3091 4726 προῆγεν,
3124 4652 3212 4706 ίνα
3255 4649 3332 4721 μὴ
3359 4650 3474 4713 τοῖς
3504 4648 3719 4709 πολλοῖς

2137 4751 2479 4823 ἀναισθήτως
2513 4749 2641 4821 δόξῃ
2686 4747 2787 4819 τὴν
2826 4744 3067 4818 φοϐεράν
3103 4742 3321 4815 εκείνην
3354 4742 3546 4814 φέρειν
3581 4759 3718 4811 συμ-

2139 4843 2315 4915 φοράν
2336 4882 2352 4909 ,
2380 4841 2534 4895 οὐδέν
2576 4840 2725 4894 ἐστιν
2748 4839 2951 4893 ἐννοεῖν
2980 4834 3209 4901 ἀπεικός
3232 4852 3248 4868 ·
3299 4834 3456 4905 φέρει
3486 4833 3598 4906 γάρ
3623 4833 3719 4901 τὴν

2136 4937 2278 5010 ἀράν
2305 4935 2368 4990 οὐ
2405 4932 2549 4989 κατά
2581 4949 2727 4996 τινος
2770 4929 3140 5003 ὑφεστηκότος
3188 4927 3538 4999 πράγματος,
3574 4924 3720 5001 κάλλά

2142 5027 2285 5100 μετὰ
2315 5027 2379 5081 τὸ
2415 5024 2674 5095 γενέσθαι
2710 5022 2974 5097 μηδαμῶς
3002 5020 3317 5092 ὑφεστῶτος
3349 5035 3364 5050 ο
3390 5019 3487 5074 καὶ
3523 5017 3613 5088 εἴη
3653 5015 3718 5072 ἄν

2140 5123 2176 5195 ἡ
2206 5121 2315 5194 ἀρά
2348 5119 2446 5174 καὶ
2463 5118 2525 5172 τὺ
2553 5116 2782 5189 μέγεθος
2811 5114 2906 5169 τοῦ
2930 5113 3137 5177 πάθους
3175 5113 3273 5167 καὶ
3298 5111 3397 5183 τὴν
3430 5110 3717 5179 συναίσθη-

2142 5230 2228 5269 σιν
2293 5214 2404 5268 τῶν
2447 5202 2716 5281 ἀλγεινῶν
2766 5207 3021 5277 ἐπίδηλον
3072 5205 3372 5276 ποιουμένη
3390 5218 3405 5232 ⁸
3471 5204 3570 5257 καὶ
3632 5203 3718 5256 τὺν

2141 5302 2501 5378 ἐπαρώμενον
2540 5300 2810 5373 μηδεμιᾶς
2836 5298 3023 5368 ἔνοχον
3061 5294 3448 5369 πλημμελείας
3484 5292 3718 5363 ἀποφαίο

2139 5415 2336 5453 νουσα·
2366 5395 2509 5451 κατά
2537 5393 2649 5466 γὰρ
2672 5391 2782 5447 τῶν
2807 5390 3175 5462 ἀνυπάρκτων
3205 5385 3275 5460 ἡν
3306 5386 3457 5458 αὐτῷ
3480 5388 3515 5458 ἡ
3550 5387 3717 5455 ἀγαν-

2141 5492 2374 5561 άκτησις
2398 5503 2413 5518 ’
2454 5488 2504 5540 εί
2533 5485 2592 5539 δέ
2615 5502 2701 5550 τις
2725 5484 2892 5539 αὐτὸν
2923 5484 3120 5555 φὴσειε
3140 5479 3236 5535 καὶ
3253 5480 3352 5550 τῆς
3386 5475 3718 5540 Δεσποτικῆς

2143 5583 2475 5653 ἀποφάσεως
2522 5568 2941 5652 ἀναμνησθέντα
3011 5576 3172 5632 τοῦτο
3231 5576 3431 5643 είπεῖν,
3499 5573 3601 5627 οὐκ
3653 5571 3717 5624 ἀν

2144 5674 2335 5747 πὸῥρω
2372 5671 2653 5743 θεοφιλοῦς
2701 5668 2928 5743 γνώμης
2973 5666 3221 5740 ἐνεχθείη
3253 5682 3268 5697 ·
3310 5664 3473 5729 ποίας
3510 5661 3707 5729 ἀποφά-

2148 5782 2320 5831 σεως;
2361 5763 2428 5835 ἡν
2458 5764 2637 5836 ἀφῆκε
2683 5761 2826 5817 κατὰ
2856 5762 2955 5833 τῆς
3012 5758 3179 5824 Εὔας,
3235 5756 3401 5830 ἡνίκα
3468 5753 3714 5810 κοινωνὸν
