3908 6214
354 219 455 283 8??
1097 221 1195 281 AD
1233 217 1829 281 AMPHILOCHIUM
1881 215 2227 290 QU/ESTIO
2261 217 2870 283 CLXXIV-CLXXVI.
3519 223 3628 286 878

355 327 542 400 ἐκείνη
581 328 679 399 τῆς
713 329 930 403 ἀπάτης
974 331 1268 400 ἐποιήσατο
1316 329 1408 382 τὸν
1445 330 1618 400 Ἀδάμ
1644 345 1659 360 ·
1705 330 1798 382 καὶ
1830 329 1968 400 γάρη

2057 339 2253 383 .antum
2286 329 2560 384 decretum
2608 333 2863 397 miratur,
2886 329 2979 386 sed
3016 341 3070 387 et
3093 331 3384 388 Dominum
3415 333 3628 389 laudat.

356 422 666 493 τηνικαῦτά
707 440 872 493 φησιν
914 424 972 476 ὲν
1007 422 1207 486 λύπαις
1236 422 1329 476 καὶ
1359 421 1575 486 ὀδύναις
1611 423 1702 476 τὸν
1733 421 1947 492 ἀνθρώ-

2057 420 2240 475 dicens
2267 438 2280 474 :
2315 419 2598 476 Maledicta
2621 422 2738 479 dies
2769 424 2824 479 in
2847 439 2974 495 qua,
3006 434 3254 480 materno
3283 426 3406 480 sinu
3437 435 3623 495 rupto,

357 530 515 568 πινον
545 513 929 582 ὑποζευγνύων
965 514 1121 568 τόκον
1148 514 1244 567 καὶ
1263 515 1364 585 τὴν
1388 514 1526 585 ἀράν
1554 530 1569 546 ο
1601 513 1660 578 ἐξ
1680 507 1754 567 ὧν
1809 530 1944 584 προ-

2057 511 2224 567 homo
2262 511 2329 566 ad
2369 512 2502 567 solis
2525 514 2869 582 splendorem
2897 517 3066 569 venit.

360 606 583 677 έτρεχον
621 603 840 668 ἐλπίδες
907 605 1100 675 χαρᾶς,
1147 603 1566 674 σκυθρωπότητι
1633 602 1914 674 κρατύνων
1951 601 2212 674 λυπηρᾷο
2270 603 2350 665 είς
2413 601 2618 673 ταύτην
2692 600 2784 658 οὖν
2830 605 2928 675 τὴν
2970 605 3148 678 λύπην
3197 607 3487 676 ἀναφέρων
3543 608 3634 660 τὸν

359 699 484 751 νοῦν
524 697 553 750 6
585 696 728 765 Ἰὼϐ,
759 697 1041 768 μονονουχὶ
1078 696 1175 767 τὴν
1214 698 1492 766 ἀπόφασιν
1533 697 1918 768 ἀποθαυμάζει
1957 697 2049 750 καὶ
2084 697 2248 767 ὑμνεῖ
2269 696 2361 749 τὸν
2399 697 2953 767 Δεσπότην,”οντως,
2993 700 3187 770 λέγων,
3230 702 3633 772 έπικατάρατος

358 793 395 860 ἡ
427 789 613 862 ἡμέρα
641 789 763 844 καθ’
785 792 854 861 ἢν
875 788 974 852 τὰς
1007 787 1283 859 μητρικάς
1315 787 1514 851 ώδῖνας
1542 788 1687 842 λύων
1720 791 1749 842 6
1778 777 2065 859 ἄνθρωπος
2096 787 2231 856 πρὸς
2267 785 2366 849 τάς
2398 787 2491 839 τοῦ
2522 788 2674 857 ήλίου
2708 788 2928 860 ἔρχεται
2953 790 3150 857 αὐγάς.

955 907 1292 960 ΕΡΩΤΗΣΙΣ
1329 906 1495 961 POE'.

451 1000 513 1053 Τί
560 1001 690 1053 ἐστι
735 999 822 1060 τὸ,
881 1016 899 1046 ι
934 1000 1071 1050 Κατ’
1113 997 1378 1068 ἐμαυτοῦ
1431 996 1658 1067 ὤμοσα,
1709 995 1868 1066 λέγει

1006 1068 1216 1136 Κύριος
1234 1084 1253 1132 ;
1282 1087 1300 1120 ι

2091 899 2418 969 ρυιιΕδτιο
2448 901 2701 958 CLXXV.
2732 904 2921 977 [.Coisl.
2957 905 3137 970 CCIV,
3172 910 3330 960 Taur.
3360 905 3495 961 cxc
3514 905 3592 979 (.1

2058 996 2197 1061 Quid
2255 998 2324 1053 sit
2368 997 2502 1050 illud
2553 1015 2571 1052 :
2612 1018 2630 1051 ι
2662 997 2771 1069 Per
2823 999 3184 1068 memetipsum
3234 1001 3445 1069 iuravi,
3502 1000 3628 1052 dicit

2685 1068 2984 1122 Dominus?
3007 1088 3025 1121 ι

1067 1203 1214 1254 Edita
1241 1218 1269 1254 a
1302 1204 1430 1254 Maio
1469 1203 1508 1268 (ι
1550 1216 1591 1253 c.
1617 1217 1665 1266 p.
1697 1201 1964 1264 106,107).
1990 1228 2048 1240 -
2085 1203 2358 1269 Exegetica
2385 1208 2447 1258 In
2476 1207 2664 1257 Jerem.
2692 1218 2825 1262 xm,
2853 1204 2925 1252 15.

436 1353 455 1386 ι
492 1331 627 1387 Κατ’
660 1331 900 1403 ἐμαυτοῦ
941 1332 1131 1404 ὤμοσα
1152 1333 1347 1402 ,λέγει
1384 1315 1622 1402 Κύριοςο
1651 1349 1671 1385 ι
1706 1333 1801 1387 καὶ
1841 1332 1946 1386 ποῦ

359 1425 546 1479 λαϐεῖν
596 1423 744 1477 ἐστιν
788 1423 1122 1494 όμωμοκότα
1154 1423 1244 1475 τὸν
1279 1421 1415 1476 Θεὸν
1444 1421 1476 1490 ἢ
1503 1421 1627 1475 καθ’
1666 1423 1882 1488 ἑαυτοῦ,
1906 1424 1945 1495 ,ἢ

359 1516 484 1570 καθ’
508 1515 696 1586 ἐτέρου
739 1514 922 1580 τινός;
955 1514 1079 1577 Πῶς
1107 1513 1152 1566 δ’
1185 1513 1251 1568 ἂν
1293 1513 1424 1577 Θεὸς
1457 1513 1763 1584 όμωμόκει,
1809 1515 1948 1569 πάν-

361 1625 462 1669 τας
485 1605 769 1677 άπείργων
793 1604 883 1658 διά
908 1604 1016 1657 τῶν
1050 1604 1406 1674 Εὑαγγελίων
1445 1605 1553 1658 ἀπὸ
1571 1605 1772 1668 παντὸς
1814 1606 1947 1660 ἐαυ-

2127 1353 2145 1386 ι
2179 1335 2282 1390 Per
2326 1335 2708 1404 memetipsum
2737 1332 2939 1403 iuravi,
2975 1331 3106 1386 o.cit
3140 1330 3440 1400 Dominus;
3468 1350 3485 1383 ι
3522 1347 3629 1401 quo

2048 1443 2212 1483 sensu
2243 1427 2412 1482 Deum
2451 1428 2567 1482 sive
2606 1442 2703 1496 per
2753 1425 3110 1494 semetipsum
3163 1423 3278 1478 sive
3328 1439 3424 1492 per
3458 1424 3626 1478 alium

2047 1518 2338 1589 quemdam
2367 1519 2639 1590 iuravisse
2668 1517 2997 1572 sumendum
3022 1514 3130 1570 sit?
3176 1514 3465 1581 Quomodo
3497 1531 3627 1569 vero

2047 1611 2190 1665 Deus
2216 1611 2382 1681 iuret,
2437 1626 2562 1665 cum
2599 1610 2654 1664 in
2690 1607 2983 1679 Evangelio
3021 1622 3213 1662 cavere
3256 1621 3286 1659 a
3311 1606 3626 1676 iuramento

363 1697 490 1760 τοῦς
521 1695 813 1764 φυλάττειν
859 1696 1024 1766 ὅρκου
1076 1693 1170 1747 καὶ
1226 1693 1301 1765 μὴ
1341 1697 1407 1766 τῇ
1447 1694 1664 1767 γλώττῃ
1709 1696 1946 1767 χρῆσθαι

2057 1703 2237 1770 iubeat
2271 1711 2325 1756 et
2372 1701 2556 1772 lingua
2588 1702 2664 1756 uti
2697 1701 2765 1756 ad
2789 1699 3163 1755 auxiliandum
3204 1698 3471 1767 iuratoris
3509 1699 3625 1752 voci

361 1789 500 1858 πρὸς
561 1787 872 1857 ὑπηρεσίαν
936 1786 1162 1856 ἐνόρκου
1217 1788 1401 1856 φωνῆς
1434 1804 1449 1854 ;
1480 1787 1594 1840 Kal.
1642 1787 1751 1858 γὰρ
1803 1788 1947 1842 κατὰ

360 1881 540 1934 πάντα
565 1878 853 1949 σύμφωνος
888 1877 968 1950 τῷ
1002 1877 1177 1949 Πατρὶ
1201 1881 1230 1932 6
1264 1878 1391 1942 Υἱός
1422 1893 1437 1910 ο
1472 1878 1568 1932 καὶ
1594 1878 1738 1949 άπερ
1764 1868 1944 1948 λέγει,

366 1969 426 2034 ἐξ
458 1969 623 2023 αὑτοῦ
645 1967 828 2021 λαῦὼν
857 1967 971 2037 ἔχει
1001 1983 1016 1998 ·
1045 1963 1206 2021 τίοῦν
1234 1970 1350 2020 ἐστι
1382 1968 1467 2032 τὸ,
1509 1967 1674 2021 «Κατ’
1703 1968 1943 2039 ἐμαυτοῦ

361 2061 573 2132 ὤμοσα,
603 2059 753 2126 λέγει
783 2058 988 2130 Κύριος
1022 2074 1070 2124 ;›
1112 2058 1232 2111 ἀντὶ
1261 2058 1378 2122 τοῦ,
1409 2059 1496 2122 Ὠς
1540 2058 1686 2112 ἔστιν
1731 2059 1946 2131 ἀνθρώ-

361 2165 484 2212 ποις
516 2150 550 2219 ἡ
587 2147 679 2202 τοῦ
710 2148 872 2218 ὅρκου
900 2147 1129 2217 δύναμις
1160 2147 1454 2214 βεϐαιοῦσα
1499 2148 1560 2201 τὸ
1587 2148 1945 2220 ὑπισχνούμε-

361 2257 472 2306 νον,
522 2239 698 2303 οὑτως
745 2240 862 2292 ἐστὶ
905 2239 1006 2308 τῆς
1049 2239 1190 2310 ἐμῆς
1246 2239 1581 2308 ἐπαγγελίας
1620 2241 1682 2294 τὸ
1724 2242 1944 2315 ἀπαρά-

2049 1795 2370 1864 prohibeat?
2418 1795 2631 1850 Etenim
2687 1794 2911 1850 omnino
2985 1791 3327 1847 concordant
3374 1792 3537 1845 Pater
3576 1799 3631 1842 et

2048 1885 2249 1951 Filius,
2279 1886 2500 1955 etquod
2546 1884 2716 1939 Filius
2766 1884 2986 1938 dicitex
3020 1881 3181 1935 Patre
3207 1881 3433 1934 audivit.
3487 1881 3629 1945 Quid

2048 1978 2119 2032 sit
2160 1992 2293 2044 ergo
2337 1975 2510 2032 illud:
2558 1996 2575 2027 ‹
2604 1974 2708 2030 Per
2735 1975 3120 2043 memetipsum
3142 1972 3348 2042 iuravi,
3371 1973 3503 2026 dicit
3528 1971 3633 2025 Do.

2048 2066 2314 2121 minus?»
2378 2065 2484 2120 hoc
2525 2073 2643 2128 est,
2683 2061 3147 2134 quemadmodum
3193 2061 3335 2132 apud
3381 2061 3632 2114 homines

2047 2156 2222 2212 virtus
2259 2155 2555 2225 juramenti
2603 2153 3000 2225 promissiones
3027 2153 3295 2206 ﬁrmiores
3325 2150 3517 2214 reddit,
3555 2151 3631 2205 ita

2047 2257 2103 2304 et
2161 2261 2280 2302 mea
2332 2246 2630 2302 declaratio
2692 2245 3023 2301 inviolabilis
3078 2252 3179 2298 est.
3252 2242 3406 2311 Saepe
3448 2251 3627 2295 autem

363 2331 531 2384 ϐατον
559 2348 574 2362 ·
609 2331 773 2401 ὅρκου
799 2331 909 2401 γάρ
949 2330 1211 2394 πολλάκις
1233 2331 1736 2406 προεληλυθότος,ἢ
1767 2334 1828 2388 τὸ
1848 2335 1945 2404 τῆς

2057 2341 2362 2409 iuramento
2409 2340 2718 2410 praemisso,
2772 2337 2855 2392 vel
2915 2336 3116 2391 mentis
3169 2334 3543 2389 imbecillitate
3576 2334 3629 2387 in

358 2421 586 2494 γνώμης
629 2423 692 2474 οὑ
725 2423 832 2491 πάγ
846 2438 923 2476 ιον
947 2423 1027 2486 είς
1059 2423 1344 2494 ἐπιορκίαν
1373 2425 1464 2478 τὸν
1492 2425 1652 2495 ὅρκον
1681 2422 1950 2491 διέλυσεν,

359 2516 394 2586 ἢ
425 2514 483 2568 τὸ
511 2516 634 2586 ῥέον
668 2517 768 2586 τῆς
794 2516 926 2586 ὕλης
959 2517 1053 2570 καὶ
1079 2515 1188 2584 τῷν
1219 2517 1477 2585 ἐπιγείων
1507 2518 1854 2588 πραγμάτων
1884 2519 1945 2572 τὸ

360 2607 593 2662 ἄστατον
642 2608 864 2676 καὶτῆς
909 2607 1134 2680 γνώμης
1163 2609 1484 2686 ἐρρωμένης
1537 2612 1644 2663 τῶν
1686 2611 1946 2681 ώμοσμέ-

361 2714 468 2750 νων
498 2696 560 2750 τὸ
614 2698 788 2768 πέρας
817 2697 1097 2768 διέκοψενο
1155 2699 1249 2751 ἐπὶ
1279 2698 1337 2751 δὲ
1366 2699 1464 2770 τῆς
1509 2699 1671 2770 ψιλῆς
1712 2699 1945 2770 ὑποσχέ-

365 2804 503 2851 σεως
560 2787 678 2841 τοῦ
712 2787 871 2855 Θεοῦ,
927 2789 1084 2843 οὐδὲν
1114 2788 1228 2842 ἔστι
1260 2789 1501 2842 τοιοῦτον
1550 2790 1670 2842 οὑδὲ
1718 2789 1942 2855 ἐννοεῖν,

365 2881 582 2951 μήτιγε
616 2881 711 2933 καὶ
763 2879 945 2933 πίστει
999 2880 1210 2937 λαϐεῖν.
1253 2872 1358 2934 ’Διὸ
1405 2880 1504 2934 καὶ
1535 2881 1741 2952 μηδένα
1767 2899 1945 2954 παρα-

361 2971 655 3042 λαμϐάνων
683 2973 845 3042 ὅρκον
871 2973 898 3024 6
940 2972 1072 3035 Θεὸς
1099 2974 1220 3026 ἐπεὶ
1259 2973 1463 3037 παντός
1515 2974 1664 3027 ἐστιν
1694 2974 1860 3044 ὅρκου
1884 2975 1947 3027 τὸ

2048 2433 2350 2503 periurium
2381 2432 2757 2503 iuramentum
2803 2438 3078 2485 mutatum
3125 2427 3248 2492 iuit,
3283 2427 3367 2482 vel
3392 2426 3632 2481 materia:

2049 2541 2215 2581 cursu
2258 2535 2313 2581 et
2357 2541 2538 2580 rerum
2582 2534 2921 2581 terrenorum
2955 2523 3271 2594 fragilitate,
3317 2523 3400 2576 vel
3432 2521 3632 2575 mentis
3704 2523 3716 2536 ‘

2049 2619 2347 2683 oblivione,
2373 2617 2497 2674 linis
2518 2617 2718 2688 iuratis
2756 2618 2882 2671 data
2908 2615 3029 2669 fuit.
3079 2616 3153 2670 De
3183 2615 3415 2684 simplici
3446 2623 3630 2668 autem

2049 2710 2144 2766 Dei
2167 2710 2553 2782 promissione,
2595 2709 2733 2764 nihil
2764 2717 2848 2764 est
2870 2708 3012 2777 quod
3038 2709 3343 2777 cogitemus
3367 2706 3494 2769 tale,
3533 2720 3634 2760 nec

2048 2804 2194 2875 quod
2217 2805 2532 2858 credamus.
2555 2800 2742 2872 Itaque
2761 2801 2971 2855 nullum
2999 2799 3139 2856 Deus
3161 2800 3448 2870 proferens
3476 2798 3632 2869 iura-

2049 2907 2320 2960 ntentnm,
2375 2910 2498 2949 cum
2541 2895 2786 2949 divinum
2841 2892 3073 2947 Verbum
3120 2892 3267 2946 omni
3320 2892 3633 2961 iuramento

2048 2997 2290 3058 praestet,
2323 2989 2452 3042 illud
2473 2987 2770 3058 adiungere
2795 2986 3105 3049 consuevit,
3136 3000 3232 3054 per
3249 2984 3631 3053 memetipsum

363 3063 508 3116 θεῖον
559 3062 886 3133 ἐπάγγελμα
939 3063 1332 3134 δυνατώτερον,
1363 3064 1591 3132 ἐπάγειν
1649 3063 1808 3116 εἴωθε
1858 3063 1942 3128 τὸ,

2057 3080 2259 3148 iuravi;
2302 3079 2482 3149 potius
2506 3086 2688 3132 autem
2725 3078 2994 3147 praeponit
3037 3076 3151 3129 suis
3183 3073 3489 3144 promissis,
3521 3073 3635 3127 sive

368 3176 387 3210 ι
412 3157 546 3211 Κατ’
565 3155 803 3228 ἐμαυτοῦ
821 3155 1012 3227 ὤμοσα
1030 3173 1042 3187 ·
1072 3175 1090 3209 ι
1119 3156 1318 3228 μᾶλλον
1332 3157 1389 3210 δὲ
1406 3158 1502 3212 καὶ
1520 3157 1813 3229 προτάττει
1834 3157 1945 3212 τῶν

364 3250 510 3304 ἰδίων
545 3251 915 3320 ὑποσχέσεων,
952 3249 1062 3303 εἴτε
1104 3249 1562 3320 σκυθρωπότητος
1604 3251 1698 3303 καὶ
1729 3249 1942 3319 ποινῆς,

361 3344 474 3397 είτε
517 3344 694 3415 χαρᾶς
727 3343 823 3396 καὶ
883 3341 1152 3412 θυμηδίας
1198 3341 1504 3412 ὑπάρχουσι
1554 3341 1890 3413 παρεκτικαί
1925 3357 1941 3373 ο

365 3438 545 3510 μάτην
605 3437 715 3508 ἄρα
749 3437 794 3489 oi
852 3439 962 3498 τοῖς
997 3437 1182 3507 ὅρκοις
1230 3435 1706 3504 ἐνασελγαίνοντες
1761 3436 1856 3491 ἐπὶ
1883 3437 1946 3491 τὸ

361 3531 723 3603 προκείμενον
748 3529 935 3600 σχῆμα
961 3527 1054 3582 τοῦ
1081 3528 1239 3596 λόγου
1268 3527 1710 3597 καταφεύγουσιν
1743 3545 1756 3559 ·
1787 3529 1945 3583 οὐδα-

364 3619 470 3693 μοῦ
496 3622 605 3691 γὰρ
633 3618 757 3674 οὔτε
788 3622 899 3684 τοίς
921 3619 1123 3691 ὅρκοις,
1155 3618 1279 3671 οὔτε
1301 3621 1414 3683 τοῖς
1435 3623 1678 3690 όρκικοῖς
1705 3622 1941 3694 ἐπιρρή-

365 3729 498 3782 μασι
522 3712 584 3766 τὸ
609 3711 761 3766 Θεῖον
785 3709 940 3783 ὤφθη
969 3711 1339 3782 χρησάμενον.

876 3823 1211 3877 sparum
1249 3820 1432 3891 Poq'.

368 3919 431 3975 Τί
451 3920 604 3987 ἐστι,
628 3936 647 3971 ι
671 3918 781 3973 Καί
812 3917 928 3972 σοῦ
950 3917 1018 3969 δὲ
1035 3916 1225 3984 αὐτῆς
1256 3917 1371 3984 τὴν
1400 3916 1614 3988 ψυχὴν
1642 3919 1946 3974 διελεύσε-

925 4003 1018 4040 ται
1039 3989 1307 4058 ῥομφαία
1317 4004 1338 4055 ;
1359 4007 1377 4040 ι

2055 3172 2338 3226 tristitiam
2373 3180 2428 3226 et
2451 3170 2696 3225 dolorem
2724 3168 2838 3224 sive
2867 3167 3126 3239 gaudium
3155 3175 3209 3221 et
3231 3164 3632 3236 iucunditatem

2053 3264 2361 3319 annuntiet.
2425 3261 2650 3318 Frustra
2703 3269 2852 3315 certe
2898 3262 2993 3330 qui
3034 3259 3269 3328 iurando
3317 3257 3427 3311 Deo
3457 3255 3632 3310 insul-

2053 3365 2172 3412 tant
2199 3356 2265 3410 ad
2294 3355 2459 3411 istum
2497 3353 2755 3425 loquendi
2790 3350 3015 3406 modum
3050 3349 3394 3420 confugiunt.
3429 3345 3632 3401 Nullibi

2051 3449 2198 3504 enim
2246 3448 2407 3514 Deus,
2476 3461 2580 3502 nec
2621 3447 2934 3514 iuramento
2972 3459 3073 3500 nec
3110 3443 3296 3513 aliquo
3326 3437 3632 3496 istiusmodi

2051 3545 2218 3599 verbo
2245 3559 2376 3600 usus
2405 3542 2640 3598 videtur.

2048 3826 2369 3894 QUIESTIU
2408 3826 2684 3883 CLXXVI.
2739 3827 2929 3901 [CoisL
2977 3826 3135 3893 CCV,
3182 3826 3345 3878 Taur.
3377 3821 3628 3893 CXCVH

2125 3920 2265 3986 Quid
2295 3922 2366 3974 sit
2394 3936 2413 3975 :
2443 3940 2462 3974 ι
2507 3920 2574 3975 Et
2596 3933 2741 3976 tuam
2764 3923 2930 3986 ipsius
2962 3923 3197 3976 animam
3219 3919 3561 3991 pertransibit

2676 3991 2695 4022 ’⁵
2717 3993 2927 4065 gladius
2948 3995 3000 4049 1’:

1227 4146 1372 4198 Edita
1404 4160 1432 4196 a
1457 4146 1582 4198 Maio
1609 4147 1667 4208 ('l'.
1689 4159 1732 4198 c.
1759 4161 1807 4210 p.
1833 4148 1965 4212 107).
1988 4173 2050 4188 —-
2071 4149 2343 4213 Exegetica
2368 4151 2432 4202 In
2469 4151 2577 4202 Luc.
2607 4163 2660 4211 ιι,
2690 4148 2770 4203 55.

436 4259 545 4328 Τῆς
572 4271 844 4325 παναγιας
865 4253 1365 4326 καὶἈειπαρθένου
1396 4255 1618 4326 Μαρίας
1647 4255 1746 4323 τὴν
1771 4254 1947 4325 ψυχὴν

366 4350 611 4423 ῥομφαία
657 4347 841 4418 διῆλθε
869 4348 991 4400 κατ’
1040 4347 1170 4401 αὐτὸ
1191 4347 1253 4400 τὸ
1280 4348 1549 4417 σωτήριον
1580 4347 1676 4401 τοῦ
1707 4345 1948 4418 Χριστοῦ

2127 4256 2504 4314 Sanctissimae
2553 4266 2608 4313 et
2654 4273 2870 4328 semper
2900 4256 3142 4329 Virginis
3179 4257 3364 4313 Mariae
3392 4259 3631 4316 animam

2056 4347 2269 4418 gladius
2319 4348 2694 4418 pertransivit,
2750 4349 2804 4402 in
2857 4347 2974 4417 ipsa
3017 4348 3249 4403 salutari
3271 4349 3473 4404 Christi
3505 4367 3633 4421 pas-

366 4445 571 4508 πάθος,
616 4443 718 4496 οὑκ
764 4440 1173 4505 ἐπιδιστάζουσι
1223 4441 1507 4513 λογισμοῖς
1567 4441 1946 4513 βαλλομένης,

2058 4443 2244 4510 sione;
2273 4457 2381 4496 non
2415 4442 2560 4512 quod
2594 4441 2820 4496 incertis
2849 4441 3282 4512 cogitationibus
3309 4441 3632 4512 iactaretur,

364 4537 467 4589 οὑκ
512 4535 770 4598 ἀπιστίας
833 4533 1014 4605 βέλεσι
1071 4533 1539 4605 τιτρωσκομένης,
1586 4535 1686 4586 οὑκ
1738 4535 1824 4602 ἐφ’
1870 4529 1952 4597 οἷς

365 4630 551 4701 ἔχαιρε
588 4628 687 4700 τὴν
719 4627 899 4699 λύπην
938 4626 1368 4697 ἀλλασσομένης,
1422 4626 1560 4681 ἀλλά
1593 4627 1662 4680 τά
1710 4630 1955 4698 μητρικά

367 4722 652 4792 σπλάγχνα
682 4719 934 4790 διδούσης
979 4719 1120 4790 πρὸς
1149 4718 1250 4791 τὴν
1283 4717 1527 4789 ἔμφυτον
1579 4719 1950 4787 συμπάθειαν,

365 4811 927 4883 ἀνασκολοπιζομένου
965 4813 1061 4865 τοῦ
1105 4811 1272 4876 Υίοῦ,
1325 4811 1588 4882 πράττειν
1635 4810 1706 4864 τά
1739 4811 1932 4865 οἰκεῖα.

366 4905 432 4958 Τί
472 4906 582 4976 γάρ
629 4907 811 4977 μήτηρ
859 4905 958 4958 οὑκ
988 4905 1053 4959 ἂν
1086 4903 1247 4960 πάθοι
1283 4902 1556 4973 βλέπουσα
1580 4903 1670 4956 τὸν
1704 4903 1819 4957 υίὸν
1857 4904 1955 4957 καὶ

370 5001 607 5071 μάλιστα
669 5001 767 5071 τῆς
845 4999 1197 5072 ἀνθρωπίνης
1252 4999 1470 5067 φύσεως
1537 4994 1956 5065 πολιτευόμενον

365 5096 636 5165 κρεῖττον,
703 5093 804 5157 τάς
863 5093 970 5146 τῶν
1030 5091 1356 5162 κακούργων
1417 5090 1690 5160 ὑπέχοντα
1745 5087 1954 5152 δίκας;

366 5182 540 5235 Τοῦτο
596 5182 788 5251 γέγονε
843 5184 909 5253 τῇ
966 5180 1332 5250 παναχράντῳ
1371 5179 1560 5250 Μητρὶ
1616 5177 1710 5232 τοῦ
1778 5177 1953 5246 Λόγου

367 5273 697 5345 πικρότερον
767 5275 863 5327 καὶ
922 5272 1250 5345 δριμύτερον
1312 5271 1587 5342 ῥομφαίας
1630 5272 1850 5340 ἁπάσης
1895 5269 1956 5324 τὸ

368 5365 578 5428 πάθοςο
632 5365 681 5418 εί
727 5364 838 5435 γὰρ
896 5364 992 5417 καὶ
1044 5363 1177 5416 Θεὸν
1227 5362 1429 5425 πολλὰς
1479 5362 1767 5425 ὑποθέσεις
1807 5357 1954 5432 εἶχεν

370 5459 571 5511 εἰδέναι
607 5457 701 5511 τὸν
737 5456 866 5510 Υἱὸν
907 5455 1350 5528 σεσαρκωμένον,
1402 5455 1518 5509 ἀλλ’
1565 5450 1660 5509 οῦν
1712 5454 1814 5508 οὑκ
1859 5453 1955 5507 ἐπὶ

370 5553 590 5604 πάντων
627 5549 748 5603 ἔλυε
779 5551 907 5614 τοὺς
949 5549 1049 5619 τῆς
1095 5548 1311 5618 φύσεως
1362 5548 1562 5619 νόμους
1587 5563 1600 5578 ⁸
1636 5546 1870 5602 ἐνεδίδου
1896 5545 1954 5599 δὲ

373 5642 467 5695 καὶ
508 5643 578 5713 τῇ
610 5640 770 5712 φύσει
803 5642 916 5705 τοῖς
960 5640 1183 5704 οἰκείοις
1224 5638 1610 5710 ἐνδιαπρέπειν
1663 5640 1844 5709 ὅροις·
1873 5637 1952 5691 διὸ

2056 4546 2156 4586 nec
2186 4531 2484 4585 dilIidentia
2512 4531 2634 4587 telis
2665 4531 3069 4597 vulneraretur,
3104 4546 3204 4586 nec
3232 4532 3402 4600 prima
3436 4532 3634 4601 gaudia

2053 4623 2109 4678 in
2137 4623 2383 4678 dolorem
2413 4633 2781 4687 verterentur,
2826 4621 2918 4677 sed
2953 4621 3102 4692 quod
3143 4631 3392 4677 materna
3424 4624 3634 4679 viscera

2053 4715 2122 4770 ad
2149 4716 2452 4770 naturalem
2487 4715 2879 4786 sympathiam,
2910 4713 3173 4770 cruciﬁxo
3207 4714 3367 4780 Filio,
3396 4716 3633 4771 sentien-

2053 4807 2178 4862 dam
2217 4807 2390 4862 daret.
2445 4806 2586 4872 Quid
2625 4805 2770 4860 enim
2799 4813 2971 4860 mater
2994 4821 3099 4860 non
3132 4806 3374 4875 patiatur
3398 4807 3632 4861 videndo

2057 4900 2252 4966 lilium,
2296 4909 2350 4954 et
2405 4897 2709 4969 praesertim
2773 4897 2969 4951 melius
3015 4911 3078 4952 ac
3131 4885 3342 4951 natura:
3385 4897 3639 4953 humanae

2055 4992 2319 5062 possibile
2359 5000 2444 5046 est
2469 5005 2589 5044 sese
2619 4988 2946 5055 habentem,
3005 4987 3374 5058 pessimorum
3427 4988 3638 5057 iudicio

2054 5085 2378 5154 subiectum.
2465 5081 2598 5136 Illud
2673 5081 2777 5135 fuit
2836 5080 3202 5134 immaculata:
3252 5077 3416 5133 Verbi
3479 5078 3637 5133 Matri

2054 5178 2295 5232 amarior
2325 5186 2377 5232 et
2410 5176 2658 5230 acerbior
2698 5175 2881 5245 passio
2904 5162 3068 5243 quam
3091 5172 3495 5243 qualiscunque
3520 5172 3639 5247 gla-

2055 5272 2199 5326 dius.
2253 5269 2479 5324 Etiamsi
2500 5269 2646 5323 enim
2679 5269 2879 5322 multas
2917 5267 3443 5335 habueritrationes
3478 5266 3636 5321 illum

2060 5359 2259 5416 Filium
2300 5375 2423 5415 esse
2451 5359 2542 5412 Dei
2591 5359 2934 5412 incarnatunt
2985 5356 3358 5426 diiudicandi,
3395 5365 3637 5411 attamen

2062 5467 2170 5506 non
2199 5451 2252 5505 in
2279 5449 2538 5505 omnibus
2558 5449 2633 5502 illi
2660 5448 2851 5504 solutae
2872 5456 3002 5504 sunt
3028 5449 3172 5517 leges
3202 5458 3446 5512 natura};
3472 5447 3638 5501 daba-

2062 5555 2151 5600 tur
2197 5551 2379 5597 autem
2437 5549 2646 5596 natura:
2697 5541 2750 5595 in
2783 5539 2897 5595 suis
2929 5540 3131 5594 ﬁnibus
3163 5540 3413 5608 prodire,
3459 5539 3638 5605 itaque

2063 5637 2325 5694 maternis
2364 5636 2535 5692 oculis
2587 5634 2895 5707 passionem
2949 5632 3255 5704 spectacula
3289 5631 3639 5703 praepositam
