3908 6214
324 220 430 287 8Ἷ9

1481 227 1748 288 PHOTII
1784 209 2291 289 PATRIARCH/E
2329 227 2418 288 cr

3497 223 3652 286 εδει

325 337 538 408 videns,
573 335 713 391 sicut
743 352 772 392 a
827 336 986 409 plaga
1031 337 1198 408 gladii
1226 338 1596 410 dividebatur,
1631 352 1684 397 et
1723 357 1914 413 ampu-

2042 342 2188 406 ιάθος
2242 342 2428 413 ὁρῶσα
2503 345 2794 413 μητρικοϊς
2865 342 3169 413 ὀφθαλμοῖς
3247 344 3648 415 προκείμενον

332 431 517 487 tabur.

325 606 656 674 οωεετιυ
693 606 977 663 cexxvu
1007 608 1194 682 [CoisL
1223 607 1404 674 σενι,
1463 607 1627 664 Taur.
1659 609 1916 683 cxcvn.

371 722 517 788 Quid
551 724 619 777 sit
655 739 673 776 :
711 740 731 774 ι
754 723 935 779 Nolite
969 742 1307 780 murmurare
1357 725 1410 778 in
1448 725 1667 779 invicem
1696 737 1885 784 utnon

900 796 1219 862 judicemini
1244 798 1269 850 ἲ)
1293 816 1311 848 ι

2021 432 2201 505 θέαμα
2237 435 2380 487 κατὰ
2413 432 2629 505 πληγὴν
2662 433 2940 504 ῥομφαίας
2970 434 3230 505 ὲτὲμνετό
3261 451 3322 488 τε
3347 435 3444 489 καὶ
3487 450 3646 489 κατι

2022 527 2330 598 ιμερίζετο.
2359 544 2379 576 ι

2552 615 2894 671 ΕΡΩἸἮΣΙΣ
2940 617 3113 674 ΡΟΖ’.

2029 728 2093 784 Τί
2127 730 2279 798 ἐστι,
2327 749 2346 782 ι
2385 730 2481 797 Μὴ
2537 727 2852 855 στενὰζὲζε
2902 732 3030 784 κατ’
3055 730 3348 798 ἀλλήλων
3401 730 3504 801 ινα
3526 726 3639 798 μή

2656 817 2748 855 κοι
2793 817 2931 855 "re:
2954 819 2972 852 ι

2656 817 2931 868 aptante;
2954 819 2972 852 ι

1098 906 1239 958 Edita
1271 925 1297 976 ςι
1334 909 1460 962 Maio
1482 913 1536 976 (l.
1565 927 1611 962 c.
1635 927 1682 975 p.
1727 912 1829 972 I07,
1864 913 1993 976 108).
2020 939 2076 948 —-
2105 916 2371 978 Exegetiea
2405 918 2466 965 In
2499 918 2637 973 lat,
2666 929 2714 972 ν,
2737 914 2789 964 9.

402 1010 692 1076 Quomodo
730 1009 992 1081 possibile
1054 1011 1129 1067 sit
1189 1013 1472 1072 hominem
1555 1017 1915 1073 contumeliis

334 1099 609 1168 allectum,
660 1102 743 1157 vel
779 1117 810 1156 a
851 1102 1090 1172 propriis
1143 1107 1454 1175 expulsum,
1481 1109 1565 1164 vel
1590 1125 1914 1180 percussum

333 1196 524 1248 contra
546 1193 773 1251 istorum
802 1207 1057 1254 auctores
1087 1214 1196 1254 non
1250 1202 1634 1258 murmurare?
1696 1200 1913 1259 Etenim

331 1297 442 1338 non
468 1284 679 1351 ulcisci,
702 1300 803 1342 nec
832 1303 1157 1359 repugnare,
1187 1287 1402 1344 dillicile
1435 1290 1658 1359 quidem
1690 1300 1796 1354 est,
1822 1290 1917 1345 sed

333 1374 614 1443 sapientiae
660 1377 1002 1438 amatoribus
1049 1386 1104 1434 ct
1145 1376 1331 1433 divina
1369 1380 1620 1434 mandata
1682 1379 1917 1434 fideliter

335 1466 760 1524 observantibus
809 1467 1106 1539 possibile;
1156 1485 1268 1525 non
1324 1480 1505 1525 autem
1567 1485 1916 1525 murmurare

2096 1018 2356 1082 Καὶ,πῶς
2407 1018 2486 1072 ἔνι
2543 1017 3098 1090 προπηλακιζόμενον
3147 1019 3182 1089 ἢ
3237 1017 3347 1071 τῶν
3399 1018 3642 1071 οἰκείων

2025 1111 2385 1181 ἐλαυνόμενον
2413 1112 2444 1180 ἢ
2472 1111 2813 1180 τυπτόμενον
2857 1109 2933 1182 μὴ
2965 1110 3106 1163 κατά
3139 1109 3246 1163 τῶν
3273 1111 3463 1163 αἰτίων
3493 1126 3639 1163 στε-

2025 1202 2246 1268 νάζειν;
2289 1202 2365 1273 μὴ
2411 1200 2720 1272 ἀμύνεσθαι
2776 1201 2876 1270 μὲν
2924 1200 3035 1272 γὰρ
3068 1199 3191 1271 μηδ’
3217 1199 3636 1264 ἀπεπεξιὲναε,

2026 1295 2078 1347 ei
2108 1293 2206 1347 καὶ
2231 1292 2492 1364 χαλεπὸν,
2543 1293 2696 1362 ὅμως
2741 1287 2834 1344 οῦν
2869 1294 2984 1355 τοῖς
3030 1307 3096 1358 γε
3137 1289 3490 1359 φιλοσοφοῦσι
3526 1291 3640 1342 καὶ

2025 1388 2146 1449 ταῖς
2176 1385 2354 1450 θείαις
2375 1385 2621 1448 ἐντολαῖς
2653 1383 3087 1454 ήσφαλισμένοις
3135 1382 3312 1435 ἔνεστι
3351 1382 3581 1435 δυνατόν
3613 1397 3634 1412 ·

2026 1475 2086 1528 τὸ
2118 1474 2174 1528 δὲ
2210 1474 2345 1545 μηδὲ
2376 1474 2584 1528 στένειν
2631 1472 2777 1526 κατά
2822 1472 2937 1524 τῶν
2971 1469 3338 1542 ἠδικηκότων,
3393 1468 3524 1531 πῶς,
3555 1467 3639 1519 ἂν

335 1569 527 1615 contra
545 1560 666 1623 illos
691 1561 787 1630 qui
826 1562 986 1617 nobis
1011 1562 1268 1632 injuriam
1294 1559 1526 1624 faciunt,
1553 1566 1834 1632 quomodo
1862 1564 1917 1618 in

2042 1567 2255 1639 εὑρήσει
2287 1565 2474 1639 χώραν
2503 1567 2561 1618 ὲν
2585 1564 2747 1634 φύσει
2779 1562 2981 1636 ῥεούσῃ
3001 1563 3098 1616 καὶ
3127 1562 3300 1632 θνητῇ
3324 1561 3419 1627 ;Ἦ
3440 1557 3637 1628 πολλῷ

337 1662 538 1708 natura
568 1652 745 1724 fragili
786 1665 839 1710 et
898 1655 1115 1708 mortali
1159 1655 1315 1710 locus
1349 1654 1692 1710 invenietur?
1719 1655 1922 1711 illudne

2042 1659 2123 1714 τοῦ
2150 1659 2420 1731 προτέρου
2455 1659 2586 1730 ῥᾷον
2611 1673 2626 1722 ;
2653 1655 2688 1726 ἢ
2719 1655 2830 1728 γὰρ
2862 1655 2957 1727 καὶ
2987 1653 3105 1719 ἐξὸν
3134 1653 3307 1724 θυμὸν
3341 1651 3639 1723 ἐμπλῆσαι

249 1747 251 1749 ’
335 1747 509 1802 multo
551 1746 772 1802 facilius
810 1756 895 1802 est
929 1763 1093 1817 quam
1137 1748 1398 1816 primum,
1441 1763 1566 1802 cum
1601 1749 1680 1800 ira
1707 1747 1924 1817 impleri

336 1849 393 1894 et
437 1837 634 1894 ulcisci
679 1846 734 1892 et
772 1855 934 1894 omne
988 1839 1374 1894 detrimentum
1425 1841 1765 1909 proclamare
1807 1855 1926 1909 per-

339 1931 694 1985 mittebatur?
749 1930 878 1985 l-Iazc
923 1941 1107 1985 autem
1140 1946 1264 1986 cum
1309 1939 1463 1986 tanta.
1495 1931 1628 1996 sint,
1691 1939 1746 1984 et
1796 1929 1924 1984 forti

342 2024 527 2079 animo
548 2039 686 2092 opus
720 2023 791 2078 sit
816 2023 882 2078 ad
923 2022 1291 2094 sympathiam
1339 2031 1392 2077 et
1440 2021 1927 2094 antipathiamhu-

343 2130 564 2170 manum
593 2115 1027 2171 contemnendas
1065 2123 1121 2169 et
1147 2113 1475 2177 domandas,
1523 2129 1662 2186 quas
1706 2113 1927 2184 quidem

344 2221 488 2274 sape
520 2207 589 2261 ad
633 2207 944 2274 superbiam
980 2221 1285 2277 propensos
1315 2205 1536 2261 vincere
1571 2218 1628 2261 et
1658 2220 1927 2275 superare

343 2295 573 2358 scimus,
602 2299 853 2350 quamvis
879 2296 1099 2350 aliunde
1135 2296 1293 2350 multi
1330 2296 1615 2366 sapientiae
1661 2311 1853 2350 amore
1875 2305 1931 2350 et

343 2387 531 2442 divino
558 2388 753 2450 timore
779 2390 1131 2459 passionibus
1177 2389 1487 2456 superiores
1534 2386 1690 2453 fiant,
1731 2388 1932 2458 quibus

254 2506 266 2520 -
345 2493 476 2550 ergo
526 2480 878 2549 passionibus
928 2480 1065 2535 adeo
1126 2481 1560 2537 intolerabilibus
1598 2480 1642 2534 si
1679 2480 1933 2551 superior

345 2571 575 2626 evadere
607 2571 872 2641 potueris,
909 2586 1092 2626 nonne
1122 2587 1154 2626 a
1189 2571 1403 2628 fortiori
1435 2573 1930 2636 murmurationes,

345 2676 469 2730 qua:
496 2671 622 2717 sunt
658 2671 767 2717 tam
796 2663 950 2734 parvi
995 2665 1285 2727 momenti,
1352 2680 1453 2720 nec
1496 2665 1660 2718 ullam
1699 2674 1933 2735 possunt

347 2754 642 2811 utilitatem
670 2756 921 2812 conferre
949 2756 1189 2813 vitabis?
1222 2758 1456 2811 Aliunde
1486 2758 1580 2826 qui
1606 2765 1934 2822 murmurat,

347 2847 394 2900 si
431 2847 733 2903 vindictam
751 2865 915 2920 quam
937 2865 1003 2906 ex
1025 2851 1134 2906 alio
1163 2861 1406 2920 repetere
1431 2851 1605 2915 ardet,
1643 2867 1752 2905 non
1771 2849 1934 2920 cepit,

2026 1751 2122 1806 καὶ
2152 1750 2522 1820 ἀντιλυπῆσαι
2577 1748 2674 1803 καὶ
2719 1748 2820 1816 τὴν
2851 1746 3056 1818 ζημίαν
3100 1746 3283 1800 πᾶσαν
3343 1745 3634 1799 ἀνακαλέο

2028 1841 2262 1906 σασθαι;
2307 1839 2513 1896 τούτων
2562 1839 2620 1895 δὲ
2673 1837 3011 1910 τηλικούτων
3062 1836 3232 1890 ὄντων
3269 1837 3366 1897 καὶ
3418 1834 3637 1904 σφόδρα

2028 1933 2288 2004 γενναίας
2315 1932 2494 2002 ψυχῆς
2515 1929 2790 2002 δεομένων
2819 1930 2964 1983 ὥστε
2984 1929 3236 1998 παριδεῖν
3264 1928 3361 1981 καὶ
3389 1928 3639 1997 κρείττω

2028 2024 2410 2098 προσπαθείας
2443 2023 2540 2076 καί
2560 2021 2920 2087 ἀντιπαθείας
2950 2019 3304 2090 ἀνθρωπίνης
3336 2017 3626 2088 γενέσθαι,

2029 2116 2066 2172 δι
2114 2117 2180 2187 δὴ
2231 2115 2496 2177 πολλάκις
2548 2114 2646 2168 καὶ
2695 2113 2824 2176 τοὺς
2883 2111 3314 2183 μεγαλοφρονεῖν
3387 2108 3636 2177 σπουδὴν

2031 2209 2414 2280 ποιουμένους,
2455 2206 2853 2261 καταπαλαίειν
2884 2207 3050 2275 ίσμεν
3089 2203 3186 2257 καὶ
3214 2200 3632 2273 περιγίνεσθαι,

2031 2304 2082 2356 εί
2111 2305 2205 2357 καὶ
2230 2301 2462 2364 πολλοὺς
2503 2302 2532 2353 ὁ
2583 2299 2684 2370 τῆς
2725 2298 3047 2368 φιλοσοφίας
3096 2298 3237 2369 ἔρως
3279 2297 3376 2349 καὶ
3417 2295 3447 2346 ὁ
3476 2294 3629 2353 θεῖος

2035 2393 2200 2466 φόϐος
2223 2393 2483 2462 ἀνωτέρω
2511 2390 2620 2445 τῶν
2658 2390 2967 2462 εἰρημένων
3014 2388 3244 2459 ἐποίησε
3294 2386 3485 2442 παθῶν
3510 2405 3522 2417 ·
3581 2386 3636 2439 εί

2035 2485 2127 2541 οῦν
2157 2484 2367 2540 τούτων
2397 2484 2516 2538 τῶν
2545 2483 2792 2553 ἀσχέτων
2824 2482 3052 2546 δυνατὸς
3105 2481 3300 2550 ἐγένου
3343 2480 3635 2550 κρατῆσαι

2035 2579 2246 2645 παθῶν,
2303 2577 2420 2642 πῶς
2461 2577 2585 2647 οὐχὶ
2631 2574 2813 2646 πολλῷ
2871 2574 3073 2645 μᾶλλον
3121 2574 3218 2627 καὶ
3249 2574 3310 2628 τὸ
3344 2571 3635 2636 στενάζειν

2037 2670 2252 2735 ἐλάσεις
2277 2668 2386 2723 ἀπὸ
2412 2668 2507 2722 σοῦ
2528 2710 2544 2733 ,
2591 2669 2827 2740 πρᾶγμα
2855 2665 3029 2729 οὕτως
3071 2666 3290 2730 εὐτελὲς
3330 2665 3430 2719 καὶ
3461 2665 3637 2735 μηδὲν

2037 2765 2230 2839 κέρδος
2257 2765 2556 2833 δυνάμενον
2589 2763 2930 2834 παρασχεῖν,;
2971 2760 3185 2824 Ἀλλως
3217 2777 3275 2812 τε
3304 2760 3360 2814 δὲ
3379 2761 3408 2813 ὁ
3433 2759 3636 2810 στενά.-

2039 2855 2150 2920 ζων
2181 2854 2231 2907 εί
2269 2852 2367 2923 μὲν
2397 2852 2483 2921 ἐφ’
2515 2846 2561 2920 ᾧ
2589 2850 2687 2922 τὴν
2711 2851 2876 2920 ,δίκην
2921 2849 3106 2904 λαϐεῖν
3167 2847 3488 2912 σπουδάζων
3525 2847 3636 2899 ούκ

348 2940 468 3009 ipse
512 2956 614 2996 suo
640 2942 837 2996 ardore
895 2927 956 2998 et,
1006 2943 1215 3013 impetu
1267 2957 1320 2997 et
1384 2943 1642 2998 incursus
1673 2942 1928 2997 violentia

2042 2945 2246 3008 ἔλαϐεν,
2278 2938 2432 3008 οὗτος
2464 2946 2532 3015 τῇ
2566 2941 2732 2996 αὑτοῦ
2774 2941 2923 3014 ῥύμῃ
2949 2941 3040 2994 xui
3074 2941 3256 3010 κρίσει
3285 2941 3380 2993 καὶ
3414 2939 3490 3007 τῷ
3528 2937 3638 3006 τῆς
3747 2986 3750 2988 ,

350 3031 607 3096 reddidit,
663 3033 709 3088 si
736 3018 1046 3090 dicere'fas
1104 3045 1209 3100 est,
1252 3034 1415 3088 etiam
1452 3034 1661 3104 aliquid
1691 3033 1933 3102 gravius,

351 3123 399 3178 si
433 3123 654 3193 quidem
682 3126 914 3182 ultionis
946 3127 1151 3181 bonum
1190 3127 1396 3182 exitum
1433 3126 1579 3182 illius
1615 3126 1708 3194 qui
1752 3126 1938 3181 nocuit

351 3232 543 3272 casum
589 3218 887 3273 existimat.
940 3217 996 3273 Si
1053 3229 1243 3273 autem
1285 3217 1615 3288 ingentiscit,
1641 3218 1934 3272 vindictam

353 3312 534 3359 autem
591 3319 811 3360 sumere
854 3321 962 3360 non
1001 3306 1156 3370 vult,
1208 3306 1351 3360 virili
1401 3316 1581 3362 mente
1641 3305 1935 3360 mulierum

357 3395 824 3466 contemptibilem
863 3413 1088 3453 scenam
1139 3399 1466 3469 ingreditur,
1510 3399 1586 3453 ita
1606 3410 1663 3454 ut
1687 3407 1938 3469 oporteat

352 3502 546 3558 sapere
597 3489 814 3555 solum,
864 3500 918 3544 et
970 3491 1024 3546 in
1070 3491 1312 3561 seipsum
1354 3492 1625 3554 converti,
1665 3502 1720 3547 et
1771 3507 1938 3548 scena

353 3577 519 3633 tinem
569 3578 764 3645 habet,
812 3582 956 3652 quod
999 3583 1221 3653 sapiens
1269 3592 1357 3638 est
1406 3593 1460 3637 et
1509 3582 1753 3646 facilius,
1796 3593 1852 3639 et
1892 3583 1938 3638 si
2007 3579 2010 3583 ’

352 3671 595 3727 volueris
637 3672 803 3727 etiam
846 3673 980 3728 utile
1018 3684 1072 3729 et
1120 3674 1363 3730 salutare
1414 3690 1478 3730 ex
1508 3674 1600 3732 Dei
1642 3685 1696 3730 et
1752 3675 1940 3732 fratris
1988 3692 1990 3695 '

355 3762 530 3818 nostri
560 3763 945 3820 exhortatione
965 3765 1162 3821 oritur.

800 3897 1130 3965 QUIESTI‘J
1171 3901 1483 3956 CLXXXIII

643 3991 839 4061 [CoisL
863 3991 1084 4048 CCVII.
1129 3991 1292 4048 Tattr.
1329 3994 1635 4068 CXCVIII]

468 4105 610 4171 Quid
664 4109 732 4159 sit
769 4121 786 4159 :
821 4124 838 4154 ι
871 4105 1055 4177 chlu'
1109 4115 1157 4158 et
1211 4109 1423 4162 mazclue
1469 4108 1738 4177 (adulleri
1779 4121 1828 4164 et

963 4176 1240 4241 adulteria)
1260 4180 1285 4230 .9
1312 4198 1330 4229 ι

2033 3040 2211 3112 ὁρμῆς
2269 3037 2655 3100 ἀνταπέδωκεν
2703 3037 2974 3107 ἀκρατεῖ·
3029 3035 3079 3087 εἰ
3135 3034 3295 3104 θέμις
3348 3032 3392 3085 δ’
3431 3033 3633 3091 εἰπεῖν,

2034 3131 2132 3186 καὶ
2182 3129 2522 3201 βαρύτερον·
2587 3129 2647 3192 ὅς
2707 3144 2770 3197 γε
2824 3128 2919 3181 καὶ
2944 3126 3232 3198 συμφορὰν
3278 3127 3498 3196 ἡγεῖται
3530 3123 3635 3177 τοῦ

2035 3222 2400 3292 ἀντιλυπῆσαι
2441 3221 2535 3275 τὸν
2564 3220 2908 3291 λελυπηκότα
2953 3221 3239 3272 ἐκπεσεῖν·
3290 3217 3416 3271 εἰδὲ
3455 3216 3638 3270 στένει

2040 3315 2165 3386 μὲν,
2189 3313 2254 3368 ού
2281 3312 2535 3383 βούλεται
2560 3311 2604 3365 δ’
2643 3311 2858 3382 ἄμυναν
2877 3310 3084 3372 λαϐεῖν,
3123 3309 3180 3361 ἐν
3221 3308 3453 3379 ἀνδρείῳ
3494 3323 3639 3376 epo-

2037 3408 2241 3478 νήματι
2316 3404 2594 3474 γυναικῶν
2642 3395 2950 3475 ’ὀλιγωρίας
3025 3401 3325 3481 ὑπέρχεται
3384 3399 3634 3468 σκηνήν·

2038 3493 2178 3549 ὥστε
2207 3493 2376 3563 νῆψαι
2425 3493 2507 3546 δεῖ
2553 3491 2712 3563 μόνον
2743 3493 2839 3546 καὶ
2866 3494 2944 3551 είς
2965 3487 3162 3546 ἑαυτὸν
3192 3485 3632 3560 ἐπιστραφῆναι,

2039 3587 2136 3640 καὶ
2186 3588 2219 3656 ἡ
2272 3585 2448 3656 σκηνὴ
2493 3583 2834 3638 διαλέλυται·
2887 3583 2983 3638 καὶ
3020 3583 3082 3636 τὸ
3145 3583 3307 3654 σοφὸν
3361 3581 3470 3652 ἄρα
3537 3582 3639 3634 καὶ

2039 3679 2101 3732 τὸ
2154 3679 2356 3750 ῥᾴδιον,
2397 3679 2445 3731 εἰ
2498 3676 2679 3747 βούλει
2725 3675 2784 3730 δὲ
2813 3675 2993 3730 καὶτὸ
3021 3675 3337 3730 λυσιτελοῦν
3379 3673 3478 3728 καλ⁵
3526 3690 3637 3727 σω-

2048 3773 2260 3845 τήριον,
2305 3775 2336 3842 ἠ
2397 3773 2490 3825 τού
2534 3770 2858 3842 ἀδελφοθέου
2893 3769 3048 3843 βρύει
3080 3771 3424 3843 παραίνεσις.

2568 3907 2904 3965 ΕΡΩἸΊΙΣΙΣ
2942 3907 3116 3966 POII'.

2308 4109 2368 4164 Τί
2393 4108 2800 4176 ὲστι,ιΜοιχοὶ
2835 4108 2932 4162 καὶ
2959 4127 3059 4178 μοι
3064 4107 3330 4177 χα.1ίδες;
3357 4127 3376 4158 ι

1133 4287 1273 4340 Edita
1307 4303 1334 4338 a
1369 4289 1490 4343 Maio
1520 4291 1576 4352 (l.
1604 4307 1649 4343 c.
1675 4307 1724 4356 p.
1753 4290 1858 4353 108,
1898 4289 2026 4353 109).
2061 4313 2124 4326 --
2145 4287 2418 4349 Exegetica
2455 4283 2516 4337 In
2548 4288 2683 4347 Jac.,
2717 4301 2781 4346 tv,
2807 4287 2851 4335 ί.

435 4393 692 4460 Nostram
733 4404 800 4458 ad
852 4404 1136 4474 passiones
1173 4406 1594 4475 peccaminosas
1624 4407 1935 4479 propensio-

2123 4403 2238 4473 Τὴν
2283 4400 2421 4472 πρὸς
2456 4398 2526 4453 τά
2570 4397 2720 4471 πάθη
2768 4397 2877 4452 τῶν
2927 4377 3350 4470 ἀμάρτηματων
3407 4413 3580 4468 ροπην
3611 4411 3640 4453 ο

365 4515 490 4555 nem
537 4499 834 4570 Apostolus
880 4498 936 4552 in
988 4497 1128 4554 duas
1181 4499 1395 4570 species
1447 4500 1662 4556 dividit.
1733 4499 1947 4560 Etenim

366 4591 617 4649 turnebus
657 4598 743 4647 est
789 4589 880 4646 ille
921 4590 1015 4661 qui
1041 4604 1150 4646 nou
1183 4590 1362 4646 solum
1387 4592 1457 4646 ab
1480 4609 1666 4648 amore
1693 4601 1748 4648 et
1774 4592 1952 4648 socie-

367 4695 478 4739 tate
506 4682 601 4738 Dei
631 4683 885 4749 discedit,
915 4681 1008 4739 sed
1037 4693 1092 4739 et
1119 4683 1214 4753 qui
1243 4683 1310 4738 ad
1335 4684 1692 4754 coniunctam
1717 4684 1941 4740 Christo

366 4791 500 4832 vero
545 4790 751 4846 sponso
799 4775 1039 4830 animam
1093 4775 1470 4831 abducendam
1509 4791 1729 4832 omnem
1765 4791 1951 4833 suram

368 4869 614 4936 confert,
669 4867 934 4939 illamque
1011 4867 1118 4923 sibi
1171 4868 1558 4938 coniungendo
1621 4869 1672 4924 ei
1724 4868 1954 4924 tnmchze

369 4975 567 5016 nomen
595 4960 844 5029 imponit.
879 4959 923 5012 A
947 4958 1058 5014 Deo
1085 4958 1230 5012 enim
1256 4968 1567 5028 apostatare
1593 4967 1648 5013 et
1674 4961 1951 5016 moechum

369 5055 502 5110 facit
573 5063 877 5120 apostatam
935 5063 990 5108 et
1043 5053 1312 5108 mcecham
1367 5071 1488 5124 quae
1542 5057 1687 5111 illius
1740 5073 1954 5112 errores

370 5151 556 5199 secuta
606 5150 692 5197 est
748 5141 1009 5196 animant.
1071 5138 1277 5195 Moecha
1315 5154 1498 5198 antrnt
1548 5155 1695 5199 esset
1741 5145 1957 5214 proprie

373 5231 644 5303 loquendo
691 5231 779 5284 illa
832 5246 954 5300 qua:
999 5229 1254 5284 discessit
1284 5246 1313 5284 a
1346 5231 1546 5288 .livinis
1600 5235 1860 5302 operibus
1903 5243 1959 5289 et

374 5323 670 5387 mandatis,
697 5333 750 5377 et
778 5322 846 5376 ad
880 5311 1070 5376 mundi
1115 5321 1342 5378 delicias
1379 5324 1684 5388 inclinavit,
1717 5326 1830 5381 sive
1853 5327 1957 5380 ali-

373 5432 486 5489 quo
516 5417 667 5472 illam
715 5415 1042 5486 desipiente,
1077 5417 1192 5472 sive
1239 5419 1552 5488 impellente
1601 5419 1960 5476 inclinatione

376 5506 618 5579 propria.
653 5504 834 5576 Nupta
863 5505 1010 5562 enim
1055 5505 1278 5562 Christo
1305 5523 1400 5577 per
1423 5507 1753 5577 baptismum
1782 5550 1796 5574 ,
1857 5525 1961 5563 nu-

378 5599 644 5675 ptialiquc
691 5607 746 5653 et
793 5611 933 5668 puro
983 5609 1038 5652 ct
1109 5597 1459 5654 immaculato
1489 5607 1610 5654 toro
1652 5599 1959 5671 inquinate,

382 5692 577 5754 merito
604 5692 726 5750 talis
771 5690 952 5748 anima
981 5690 1208 5747 mmeha:
1238 5691 1458 5747 modum
1492 5693 1688 5765 agendi
1714 5693 1955 5759 imitans,

2053 4489 2379 4552 Ἀπόστολος
2410 4489 2491 4551 είς
2527 4486 2622 4541 δύο
2647 4486 2835 4558 τέμνει
2863 4486 3147 4557 δ.αφοράς·
3175 4487 3272 4539 καὶ⁹
3297 4486 3406 4557 γὰρ
3452 4487 3641 4557 μοιχός

2053 4589 2203 4642 ἂστιν
2229 4585 2258 4639 ό
2291 4583 2367 4653 μὴ
2399 4581 2561 4653 μόνον
2588 4581 2782 4636 ἑαυτὸν
2815 4578 3102 4648 διαζεύξας
3120 4579 3218 4650 τῆς
3235 4579 3386 4643 θείας
3404 4581 3642 4652 στοργῆς

2054 4673 2152 4729 καὶ
2180 4669 2501 4740 συναφείας,
2544 4666 2682 4723 ἀλλὰ
2712 4666 2809 4722 καὶ
2834 4669 2862 4721 ὀ
2888 4666 2990 4737 τὴν
3019 4665 3391 4739 ἁρμοσθεῖσαν
3419 4667 3644 4740 Χριστῷ

2054 4764 2132 4836 τῷ
2157 4761 2398 4834 ἀληθινῷ
2430 4758 2650 4831 νυμφίῳ
2672 4757 2851 4831 ψυχὴν
2880 4758 3090 4814 ἐκεῖθεν
3124 4759 3444 4814 ἀποσπάσαι
3475 4777 3614 4813 σπου
3632 4789 3644 4798 -

2055 4857 2150 4928 δὴν
2201 4854 2612 4925 συνεισαγαγὼν
2659 4854 2754 4907 καὶ
2799 4854 2868 4926 τῇ
2927 4852 3065 4924 πρὸς
3124 4853 3316 4907 ἑαυτὸν
3375 4851 3644 4922 συναφείπι

2060 4952 2367 5024 μοιχαλίδος
2423 4951 2596 5020 αὐτὴν
2649 4949 2958 5022 ἐγκλήματι
3025 4947 3375 5019 περιϐαλών·
3424 4948 3484 5002 τὸ
3534 4948 3643 5018 γὰρ

2057 5045 2168 5100 ἀπὸ
2193 5044 2329 5098 Θεοῦ
2359 5043 2714 5107 ἀποστάσιον,
2769 5040 2958 5113 μοιχόν
2990 5057 3051 5093 τε
3089 5041 3237 5094 ποιεῖ
3261 5040 3352 5093 τὸν
3397 5039 3642 5107 ἀποστή-

2061 5154 2229 5191 σαντα
2289 5138 2383 5189 καὶ
2434 5133 2720 5206 μοιχαλίδα
2763 5132 2863 5205 τὴν
2912 5131 3432 5204 ἐπακολουθήσασαν
3477 5129 3642 5184 αὑτοῦ

2060 5216 2180 5291 ταῖς
2215 5224 2677 5296 ἀπάταις-ψυχήν
2705 5241 2719 5255 ⁸
2783 5223 3033 5294 μοιχαλὶς
3080 5223 3125 5275 δ’
3169 5221 3235 5276 ἂν
3292 5220 3381 5291 εἴη
3415 5219 3641 5290 κυρίως,

2059 5319 2182 5388 ἥτις
2214 5316 2498 5388 διεζεύχθη
2545 5317 2644 5388 μὲν
2675 5315 2782 5370 τῶν
2817 5315 2979 5370 θείων
3009 5314 3188 5386 ἔργων
3244 5313 3342 5368 καὶ
3370 5328 3646 5384 προσταγ-

2065 5410 2253 5482 μάτων
2281 5409 2376 5464 καὶ
2425 5409 2562 5482 πρὸς
2607 5409 2707 5472 τὰς
2757 5409 3034 5480 κοσμικὰς
3087 5407 3381 5461 ἀπέκλινεν
3430 5405 3641 5476 ﬂama"

2063 5503 2172 5556 εἴτε
2199 5502 2343 5566 τινὸς
2381 5499 2551 5573 αὐτὴν
2599 5499 3005 5566 ὲξαπατῶντος,
3045 5499 3158 5552 εἴτε
3185 5500 3280 5554 καὶ
3324 5497 3536 5552 οἴκοθεν
3569 5498 3645 5550 ol-

2067 5595 2544 5668 στρηλατουμένης
2566 5611 2580 5626 ·
2621 5595 3058 5668 συναρμοσθεῖσα
3115 5593 3225 5666 γὰρ
3256 5576 3395 5665 αῦτη
3425 5591 3515 5645 διὰ
3550 5589 3642 5644 τοῦ

2069 5689 2443 5761 βαπτίσματος
2490 5687 2568 5758 τῷ
2629 5675 2871 5759 Χριστῷ,
2924 5689 3016 5740 καὶ
3061 5686 3176 5783 τὰς’
3217 5684 3494 5758 νυμφικάς
3552 5681 3644 5739 καὶ
