3908 6214
355 252 509 334 εει,

1133 249 1234 309 AD
1268 248 1863 312 AMPHILOCHIUM
1897 250 2244 325 QUIESTIO
2282 253 2937 318 CLXXVII-CLXXIX.

3538 258 3642 321 882

356 358 757 430 άειπαρθένους
785 358 880 413 καὶ
914 355 1214 430 ἀμιάντους
1265 355 1607 426 ἐνυϐρίσασα
1649 356 1943 422 παστάδας,

2060 374 2257 415 nomen
2292 359 2453 417 factis
2498 375 2813 417 consonans
2869 365 3111 435 recipere
3153 367 3332 424 debet.
3370 366 3442 423 ‘Si
3493 371 3637 424 enim

356 453 583 517 εἰκότως
632 453 669 522 ἠ
721 450 949 522 τοιαύτη
1013 448 1163 521 ψυχὴ
1225 449 1535 521 μοιχαλίδος
1590 449 1935 521 ὑποδυομένη

357 544 560 615 πρᾶξιν
612 544 708 597 καὶ
747 543 941 613 κλῆσιν
974 541 1092 597 ἐστι
1143 544 1207 613 τῇ
1261 542 1459 613 πράξει
1503 540 1947 612 ἐναρμοζομένην

355 632 751 703 άναδέχεσθαι’
804 632 1146 703 πολύτροπον
1176 632 1233 685 δὲ
1265 630 1358 685 καὶ
1396 630 1462 683 τὸ
1499 629 1593 684 τοῦ
1628 629 1818 700 μοιχοῦ
1853 632 1947 684 καὶ

355 726 419 777 τὸ
462 724 562 791 τῆς
614 722 968 793 μοιχαλίδος⁶
1018 722 1087 777 ἄν
1129 738 1190 775 τε
1246 721 1355 791 γὰρ
1404 720 1582 791 ἔρωτα
1644 720 1947 790 χρημάτων

357 817 676 889 προτιμήσῃ
702 814 941 887 Χριστοῦ
985 814 1081 868 καὶ
1135 812 1473 884 παρακαλῶν
1504 812 1700 877 ἄλλους
1732 815 1812 875 εἰς
1844 812 1943 881 τὴν

357 908 551 979 ὁμοίαν
590 907 793 977 πρᾶξιν
832 908 1231 977 παρεπιχειρῇ,
1292 905 1487 975 μοιχάς
1524 907 1639 957 ἐστι
1690 905 1785 958 καὶ
1821 921 1942 973 μοι-

356 999 513 1071 χαλὶς
541 1000 575 1069 ἡ
610 998 908 1068 πειθομένη
930 1014 943 1028 ·
988 998 1057 1051 ἄν
1085 1014 1144 1051 τε
1175 996 1332 1062 δόξαν
1360 980 1457 1066 τὴν
1503 997 1561 1048 ἐν
1606 994 1684 1065 τῷ
1720 994 1840 1065 βίῳ,
1875 995 1941 1051 ἄν

354 1108 417 1144 τε
446 1089 675 1162 ῥεούσας
704 1090 871 1153 ἄλλας
902 1089 1117 1160 ἡδονὰς,
1164 1089 1229 1144 άν
1279 1088 1341 1141 τέ
1382 1105 1526 1151 τινος
1557 1087 1721 1153 ἄλλης
1753 1088 1942 1156 χρείας

358 1183 453 1237 καὶ
487 1182 730 1253 τέρψεως
765 1180 1280 1251 καταγοητευούσης
1338 1180 1398 1233 τὸ
1450 1179 1795 1245 αὐτεξούσιον
1842 1178 1944 1248 τῆς

358 1273 536 1343 ψυχῆς
566 1272 661 1325 καὶ
689 1271 1098 1343 ὑποταττούσης
1123 1270 1202 1340 τῷ
1234 1271 1545 1342 φρονήματι
1581 1269 1683 1338 τῆς
1715 1269 1958 1340 σαρκὸς,Δ

364 1365 613 1437 μοιχαλίς
639 1367 785 1418 ἐστιν
813 1366 845 1434 ἡ
869 1364 1097 1435 τοιαύτη
1128 1364 1290 1417 ἀθλία
1318 1363 1489 1434 ψυχὴ,
1543 1363 1639 1415 καὶ⁹
1676 1362 1783 1416 τῶν
1820 1379 1941 1433 μοι·

359 1457 593 1527 χαλίδων
644 1451 733 1519 αἷς
798 1456 1115 1526 ἐλέγχονται
1172 1457 1442 1527 χρεωστεῖ
1490 1457 1793 1524 παρασχεῖν
1840 1455 1939 1518 τὰς

359 1549 553 1611 ποινάς
579 1565 593 1580 ο
632 1548 828 1601 πολλαὶ⁵
860 1548 960 1618 μὲν
988 1546 1080 1600 οὖν
1110 1548 1217 1601 εἰσι
1264 1547 1597 1618 μοιχαλίδες,
1627 1547 1725 1605 καὶ
1759 1546 1954 1622 όλίγονκ

359 1640 617 1703 ἐλάττους
652 1640 866 1712 μοιχοί·
901 1640 1165 1711 πράττειν
1200 1640 1298 1709 μὲν
1324 1640 1434 1710 γὰρ
1464 1638 1499 1692 δι
1535 1638 1609 1709 μὴ
1640 1638 1757 1701 δεῖ,
1800 1637 1935 1691 πολε

356 1730 468 1795 λοῖς
496 1730 611 1785 ἔστι
637 1731 704 1785 δι’
740 1732 1074 1801 ἀπροσεξίαν
1104 1731 1319 1785 ἑλέσθαι
1342 1747 1354 1760 °
1388 1730 1611 1799 ἐτέρους
1641 1728 1697 1782 δὲ
1732 1730 1811 1791 εἰς
1838 1728 1937 1798 τὴν

2053 464 2295 505 amorem
2347 450 2665 507 divitiarum
2700 454 2925 510 Christo
2976 459 3304 526 pratuleris,
3336 470 3390 516 et
3411 462 3545 517 alios
3571 463 3636 517 ad

2048 541 2304 597 eumdem
2348 543 2544 612 agendi
2596 544 2821 600 modum
2862 548 3341 605 exhortationibus
3368 553 3637 609 adducere

2050 633 2389 695 tentaveris,.
2422 634 2636 689 mcecha
2666 644 2739 689 et.
2772 638 3024 693 adultera
3065 649 3150 695 est
3188 658 3316 712 qua:
3362 642 3527 698 fuerit
3559 646 3631 698 al-

2048 719 2211 786 lecta,
2253 722 2298 776 si
2334 722 2564 791 gloriam
2613 742 2735 795 qua
2776 737 2860 782 est
2890 729 2945 783 in
2976 731 3108 793 vita,
3138 741 3192 785 et
3241 732 3476 788 caducas
3502 734 3637 789 alias

2046 812 2275 869 delicias
2319 814 2542 871 Christo
2576 820 2911 887 pratuleris,
2956 833 3008 877 et
3033 840 3037 845 ·
3065 823 3111 877 si
3147 824 3475 893 quibusdam
3510 826 3633 881 aliis

2014 960 2017 963 ,
2046 904 2416 979 delinimentis
2443 916 2498 962 et
2522 909 2815 973 illecebris.
2850 913 3048 967 anima:
3078 914 3317 969 liberum
3340 918 3633 972 arbitrium

2036 995 2427 1064 fascinaveris,
2471 1009 2525 1055 et
2572 1003 3093 1061 carnis‘desideriis
3121 1008 3442 1075 subieceris,
3477 1010 3635 1065 adul-

2049 1097 2161 1144 tera
2226 1100 2311 1145 est
2358 1092 2463 1147 ista
2515 1093 2846 1150 miserabilis
2898 1097 3105 1159 anima,
3147 1107 3202 1152 et
3238 1100 3631 1156 adulteriorum

2043 1197 2277 1251 quorum
2308 1198 2398 1238 rea
2427 1192 2510 1239 est
2546 1201 2737 1254 ptenas
2763 1187 2894 1242 dare
2922 1189 3100 1242 debet.
3126 1188 3304 1245 Multze
3331 1202 3459 1247 sunt
3503 1208 3634 1264 ergo

2045 1274 2291 1340 marches,
2334 1284 2386 1329 et
2407 1277 2567 1345 paulo
2612 1278 2791 1332 minor
2829 1289 2912 1337 εει
2963 1297 3226 1339 numerus
3269 1285 3630 1341 meliorum.

2041 1362 2216 1435 Agere
2244 1368 2391 1421 enim
2421 1384 2542 1439 quae
2574 1385 2697 1423 non.
2727 1379 2978 1439 oportet,
3012 1373 3199 1428 multis
3230 1390 3325 1442 per
3356 1379 3634 1447 negligen-

2045 1455 2173 1510 tiam
2221 1456 2419 1523 eligere
2462 1456 2623 1513 facile
2651 1468 2754 1523 est,
2804 1470 3022 1516 exteros
3069 1469 3252 1517 autem
3283 1464 3352 1519 ad
3380 1466 3629 1522 eumdem

2041 1548 2232 1617 agendi
2264 1549 2487 1604 modum
2521 1551 2801 1607 attrahere
2843 1562 2896 1611 et
2941 1552 3008 1606 ad
3039 1553 3405 1611 imitationem
3436 1556 3631 1627 impie-

2044 1640 2172 1694 tatis
2204 1640 2456 1707 incitare,
2489 1650 2542 1696 et
2571 1643 2692 1698 aliis
2723 1659 2822 1699 sua
2856 1645 3073 1714 propria
3103 1658 3324 1715 peccata
3354 1648 3408 1702 in
3432 1663 3626 1703 exem-

2052 1731 2197 1801 plum
2231 1731 2350 1789 sine
2374 1734 2572 1789 rubore
2618 1736 2884 1805 praebere,
2931 1754 3037 1793 non
3069 1748 3153 1794 est
3183 1741 3502 1802 multorum,
3538 1741 3631 1796 sed

358 1823 531 1894 αὑτὴν
578 1823 911 1894 άνερεθίζειν
957 1823 1156 1894 πρᾶξιν
1209 1823 1305 1877 καὶ
1354 1825 1433 1888 είς
1465 1820 1816 1891 παράκλησιν
1843 1821 1943 1891 τῆς

2050 1839 2241 1880 eorum
2283 1826 2378 1895 qui
2422 1826 2489 1880 ad
2520 1836 2826 1881 extremam
2875 1830 3178 1886 crucitatcm
3220 1832 3440 1901 impulsi
3480 1844 3628 1887 sunt.

356 1915 630 1984 ἐκθέσμου
690 1917 980 1987 μιμήσεως
1046 1916 1208 1985 ἄγειν
1266 1917 1363 1970 καὶ
1413 1916 1771 1986 παράδειγμα
1830 1916 1943 1977 τοῖς

2050 1915 2234 1985 Itaque
2263 1918 2561 1986 Apostolus
2584 1920 2718 1975 dicit
2738 1920 2966 1976 «Μαιεὴί
2988 1932 3040 1975 et
3073 1924 3322 1980 moechae.
3350 1941 3367 1975 ι
3393 1923 3632 1978 Moechus

356 2006 536 2069 ἄλλοις
580 2008 845 2077 μηδαμῶς
902 2008 1247 2080 ἐπερυθριᾷν
1276 2008 1337 2061 τὸ
1380 2008 1603 2061 οἰκεῖον
1633 2008 1941 2076 ἁμάρτημα

2042 2011 2100 2057 ut
2134 2007 2370 2074 primum
2424 2007 2602 2061 locum
2651 2009 2707 2061 in
2751 2010 2895 2062 malo
2941 2010 3195 2065 habentis
3233 2024 3358 2066 ante
3391 2012 3632 2065 moechas

356 2099 652 2161 ποιεῖσθαι,
688 2100 787 2152 οὑκ
815 2099 933 2153 ἔστι
955 2100 1063 2154 τῶν
1091 2100 1322 2165 πολλῶν,
1350 2100 1488 2153 ἀλλὰ
1512 2099 1621 2152 τῶν
1655 2099 1734 2161 είς
1765 2098 1942 2168 ἄκραν

2042 2098 2216 2167 ponit.
2278 2096 2470 2155 Omnis
2495 2100 2641 2155 enim
2676 2102 2881 2169 peceati
2917 2101 3202 2171 instigator
3231 2118 3424 2157 eorum
3451 2104 3544 2171 qui
3574 2103 3629 2156 in

356 2188 612 2255 πώρωσιν
661 2190 1041 2261 ἐληλακότων·
1088 2191 1168 2244 διὸ
1216 2192 1359 2245 καὶὸ
1414 2190 1738 2254 Ἀπόστολός
1782 2207 1940 2261 φησι,

2042 2188 2238 2256 seipsis
2270 2200 2550 2258 peccatum
2578 2191 3066 2257 circumscribunt,
3098 2194 3369 2263 duplicem
3400 2208 3633 2247 accusa-

362 2282 587 2351 ιΜοιχοὶ
612 2286 707 2339 καὶ
735 2283 1059 2353 μοιχαλίδες·
1076 2303 1093 2335 ι
1118 2286 1179 2336 τὸ
1196 2285 1303 2337 τῶν
1342 2284 1545 2354 μοιχῶν
1562 2282 1635 2347 ὡς
1655 2284 1748 2336 ἐπὶ
1775 2283 1943 2352 κακίᾳ

2043 2281 2245 2335 tionem
2280 2282 2533 2347 incurrit,
2578 2292 2633 2339 et
2678 2283 2807 2353 quia
2842 2285 2958 2357 ipse
2989 2287 3172 2355 periit,
3208 2296 3261 2342 et
3286 2288 3417 2356 quia
3455 2293 3627 2341 caete-

357 2373 418 2425 τδ
462 2378 727 2445 πρωτεῖον
792 2378 1026 2447 ἐχόντων
1087 2378 1380 2446 προτάττει
1432 2376 1539 2431 τῶν
1594 2376 1941 2447 μοιχαλίδων.

2045 2389 2138 2430 ros
2172 2391 2297 2430 cum
2338 2377 2429 2431 illo
2465 2376 2980 2445 perdere-tentavit.
3307 2363 3319 2373 ’

358 2470 474 2530 Πᾶς
502 2468 611 2536 γὰρ
648 2468 920 2539 ἁμαρτίας
948 2469 1268 2533 διδάσκαλος
1317 2469 1425 2523 τῶν
1460 2470 1539 2533 είς
1568 2470 1796 2531 ἐαυτοὺς
1830 2456 1926 2537 τὴν
1966 2467 2243 2536 ἁμαρτίαν
2310 2474 2785 2541 περιγραφόντων,
2819 2475 3042 2530 διπλοῦν
3105 2473 3256 2544 αὑτῷ
3290 2473 3347 2527 τδ
3378 2472 3630 2544 ἔγκλημα

355 2557 745 2627 ἐπιγράφεται,
778 2558 873 2612 καὶ
905 2554 986 2619 οἷς
1035 2560 1195 2623 αὑτὸς
1223 2560 1412 2624 ὄλωλε,
1459 2561 1555 2614 καὶ
1584 2554 1665 2624 οἷς
1720 2559 1944 2629 ἐτέρους
1982 2558 2311 2628 ἐπεχείρησε
2346 2562 2767 2619 συναπολλύναι.
2846 2548 2867 2595 η’

860 2658 1200 2712 ΕΡΩΤΗΣΙΣ
1234 2658 1402 2712 ΡΟΘ’.
1574 2712 1575 2715 η
1882 2688 1891 2714 .-

2049 2655 2381 2722 QUJESTIO
2398 2658 2676 2719 CLXXIX.
2699 2660 2884 2732 [CoiaL
2908 2660 3132 2728 CCVIII,
3157 2659 3630 2732 Taur.CXCLXl.]

363 2753 425 2807 Τί
455 2752 637 2819 δηλοῖ
664 2752 731 2804 τὸ
766 2750 871 2804 τοῦ
902 2750 1290 2822 Ἀποοςτόλου·
1331 2769 1348 2800 ι
1371 2746 1741 2822 Ὑποτάγητε
1770 2744 1940 2822 πάσῃ

2056 2750 2196 2814 Quid
2261 2751 2523 2818 signi/ient
2585 2754 2681 2805 hoc
2728 2754 2966 2821 Apostoli
3045 2758 3291 2809 verbum:
3348 2753 3631 2822 «Subjecli

428 2823 773 2949 grUpwm'rn
826 2821 1020 2875 κτίσει
1054 2819 1152 2873 διὰ
1198 2824 1305 2873 τὸν
1334 2821 1596 2888 Κύριον,
1643 2819 1725 2887 ὡς
1774 2818 1943 2873 ἐλεύ-

464 2910 607 2961 εροι;
637 2914 654 2944 ι

2128 2828 2296 2942 θεαὶίῖ
2330 2822 2471 2927 uppti
2500 2822 2748 2877 Izumana:
2775 2818 3052 2889 creatum,
3084 2834 3294 2893 propter
3324 2818 3629 2887 Dominum,

2132 2900 2187 2942 ut
2247 2908 2261 2943 ι
2301 2908 2409 2943 ert.
2453 2910 2471 2941 ι

1100 3035 1245 3085 Edita
1266 3049 1293 3084 a
1314 3034 1445 3085 Maio
1472 3034 1523 3097 (ι.
1553 3048 1595 3084 c.
1622 3050 1670 3098 p.
1694 3035 1804 3097 109,
1831 3033 2323 3098 HI).—Exegetica
2346 3038 2406 3086 In
2444 3040 2467 3084 I
2499 3040 2608 3088 Pet.
2638 3053 2690 3099 ιι,
2723 3036 2890 3086 tit-16.

429 3126 603 3182 Τοῦτο
627 3125 692 3197 δὴ
717 3125 778 3178 τὸ
816 3125 979 3197 ῥητὸν
1000 3127 1113 3187 τοῖς
1135 3123 1392 3192 ἀνωτέρω
1416 3122 1778 3176 συνάπτεται·
1800 3118 1932 3188 οἷον,

2111 3123 2234 3179 llaec
2256 3124 2415 3178 verba
2436 3140 2559 3178 cum
2581 3141 2744 3195 supra
2770 3125 2928 3180 dictis
2948 3132 3372 3184 connectuntur.
3392 3128 3465 3185 Su
3476 3131 3631 3202 bjeCti

362 3235 383 3271 ι
406 3216 744 3287 Ὑποτάγητε
779 3216 926 3285 πάσῃ
950 3214 1267 3285 ἀνθρωπίνῃ
1290 3214 1469 3267 κτίσει
1497 3213 1584 3266 διὰ
1606 3216 1697 3266 τδν
1716 3212 1941 3284 Κύριον,

2049 3222 2224 3267 estote
2253 3213 2400 3267 omni
2432 3224 2698 3267 creatura:
2724 3213 3017 3277 humanze',
3052 3224 3275 3284 propter
3311 3215 3628 3284 Dominum,

363 3304 439 3363 ὡς
487 3303 784 3371 ἐλεύθεροι,
819 3321 837 3353 ι
900 3302 1168 3365 τουτέστι,
1205 3302 1279 3372 μὴ
1323 3302 1413 3355 διὰ
1440 3302 1533 3355 τὸν
1564 3304 1943 3372 ἐπηρτημένον

2050 3304 2103 3358 id
2135 3313 2240 3367 est,
2278 3321 2386 3359 non
2431 3318 2652 3375 propter
2686 3307 2970 3362 incussum
3018 3307 3174 3361 vobis
3209 3323 3236 3360 a
3269 3310 3632 3377 gubernanti-

361 3396 489 3465 ὑμῖν
514 3397 626 3450 ἀπὸ
650 3398 747 3467 τῆς
779 3396 1050 3460 πολιτείας
1081 3396 1264 3465 φόὸοψ
1297 3396 1348 3449 οί
1396 3394 1507 3467 γὰρ
1535 3395 1681 3450 οὑτω
1705 3397 1943 3451 ὑποτασ-

2050 3397 2151 3451 bus
2183 3398 2428 3451 timorem
2459 3414 2473 3464 ;
2503 3398 2597 3467 qui
2628 3401 2775 3452 enim
2816 3400 2887 3453 ita
2918 3399 3319 3453 submittuntur
3346 3416 3628 3455 servorum

362 3492 581 3561 σόμενοι
656 3490 754 3561 τὴν
783 3490 892 3543 τῶν
920 3490 1123 3543 δούλων
1152 3488 1309 3554 τάξιν
1340 3489 1693 3559 ὑπέρχονταιο
1730 3489 1826 3543 καὶ
1871 3489 1943 3553 ὡς

2046 3504 2309 3559 personas
2330 3498 2535 3559 agunt;
2565 3498 2619 3543 et
2648 3490 2785 3543 sicut
2808 3492 2950 3545 servi
2978 3485 3343 3545 obedientiam
3368 3494 3627 3560 prmbent,

356 3580 538 3636 δοῦλοι
600 3581 701 3652 τὴν
746 3581 1027 3653 ὑποταγὴν
1091 3581 1527 3641 ὑποδείκνυνται,
1611 3580 1943 3652 φοϐούμενοι

2049 3581 2302 3635 timentes
2322 3581 2667 3635 dominorum
2690 3583 2895 3651 plagas,
2919 3584 3172 3636 timentes
3202 3584 3379 3653 legum
3414 3586 3619 3649 minas,

368 3674 470 3744 μὲν
499 3675 598 3737 τὰς
628 3673 904 3727 δεσποτῶν
965 3673 1202 3743 πληγὰς,
1254 3672 1582 3745 φοϐούμενοι
1619 3673 1677 3726 δὲ
1713 3674 1812 3736 τὰς
1836 3673 1943 3726 τῶν

2047 3684 2101 3728 et
2131 3674 2328 3730 timore
2349 3674 2414 3729 ad
2452 3674 2822 3728 obedientiam
2856 3674 3098 3743 impulsi.
3126 3674 3229 3739 Qui
3261 3686 3439 3729 autem
3469 3692 3631 3745 prope

358 3765 540 3837 νόμων
587 3766 817 3830 ἀπειλάς
870 3765 963 3819 καὶ
1016 3765 1096 3835 τῷ
1154 3765 1265 3818 δέει
1326 3765 1464 3836 πρὸς
1516 3764 1623 3834 τὴν
1660 3763 1945 3835 ὑποταγὴν

361 3859 781 3931 συνωθούμενοι.
821 3859 878 3913 Ὀ
909 3859 964 3912 δὲ
987 3857 1077 3911 διὰ
1116 3859 1208 3911 τὸν
1238 3857 1445 3928 Κύριον
1478 3857 1943 3927 ὑποτασσόμενος,

363 3947 477 4006 οἷον
505 3954 533 4007 ό
568 3952 883 4023 πειθαρχῶν
919 3953 1039 4014 ταῖς
1063 3952 1429 4014 Δεσποτικαῖς
1472 3950 1738 4012 ἐντολαῖς,
1795 3949 1946 4003 ἐλεύ-

363 4041 522 4109 θερος
575 4042 673 4112 μέν
739 4043 857 4096 ἐστι
894 4040 1101 4104 παντὸς
1148 4039 1397 4109 ἐπιγείου
1432 4038 1622 4108 φόϐου,
1661 4037 1944 4110 ἐλεύθερος

361 4138 417 4192 δὲ
476 4135 710 4207 ὑποψίας
759 4134 1105 4205 ἐπισειούσης
1160 4133 1384 4197 ποινάς·
1431 4131 1511 4203 τῷ
1561 4133 1711 4203 πόθῳ
1756 4132 1813 4185 δὲ
1864 4131 1943 4203 τῷ

362 4227 681 4299 Δεσποτικῷ
727 4228 822 4282 κοιλ⁸
859 4230 924 4299 τῇ
972 4227 1300 4299 συντηρήσει
1350 4225 1459 4281 τῶν
1508 4226 1736 4279 ἐντολῶν
1790 4225 1942 4292 ἐξευ-

354 4321 592 4391 γενίζων
618 4320 813 4374 ἑαυτοῦ
844 4318 949 4391 τὴν¹
967 4318 1166 4390 ψυχὴν,
1202 4319 1294 4373 καὶ
1318 4316 1493 4381 οὑτως
1517 4321 1583 4389 τῇ
1620 4314 1939 4389 ἀνθρωπίνῃ

361 4415 583 4487 ἐξουσίᾳ
629 4415 811 4485 φέρων
860 4412 1109 4467 ἐκούσιον
1157 4411 1254 4481 τὴν
1301 4411 1618 4480 ὑποταγὴν.
1646 4409 1856 4473 Ἀλλως
1880 4427 1939 4463 τε

2004 3794 2009 3803 ε
2047 3773 2130 3820 ter
2161 3764 2453 3821 Dominum
2489 3765 2800 3832 subjicitur,
2835 3766 2885 3820 id
2917 3774 3020 3830 est,
3056 3767 3150 3835 qui
3180 3767 3485 3821 voluntarie
3514 3768 3623 3821 Do-

2046 3857 2266 3913 minicis
2299 3858 2572 3912 mandatis
2617 3857 2821 3921 obedlt,
2856 3858 2991 3912 liber
3019 3867 3102 3913 est
3133 3859 3202 3915 ab
3231 3860 3381 3915 omni
3410 3870 3629 3916 terreno

2046 3948 2263 4014 timore,
2302 3948 2439 4002 liber
2463 3958 2546 4003 est
2576 3948 2643 4003 ab
2673 3950 2823 4003 omni
2865 3950 3234 4013 accusatione,
3272 3949 3410 4006 liber
3444 3960 3528 4005 cst
3560 3953 3629 4006 ab

2046 4042 2192 4097 omni
2233 4042 2546 4110 suSpicione
2592 4056 2783 4110 poenas
2832 4042 3157 4096 attrahente.
3207 4043 3407 4097 Amore
3444 4055 3624 4097 autem

2008 4170 2009 4175 η
2045 4134 2283 4199 Domini,
2318 4142 2373 4189 et
2412 4134 2792 4189 mandatorum
2835 4135 3149 4205 impletione
3180 4136 3421 4189 animam
3504 4149 3622 4190 ma-

2045 4226 2287 4297 gniﬁcat,
2317 4236 2371 4281 et
2393 4228 2465 4281 ita
2502 4227 2758 4297 potentia:
2788 4226 3041 4280 humanae
3088 4226 3460 4281 voluntariam
3494 4227 3627 4281 obe-

2043 4320 2300 4377 dientiam
2331 4320 2549 4390 praebet.
2578 4318 2811 4374 Aliunde
2842 4328 3022 4373 autem
3047 4334 3170 4372 cum
3205 4318 3374 4372 semel
3403 4333 3501 4373 nos
3539 4334 3627 4371 re-

2046 4414 2295 4481 demptos
2335 4428 2430 4481 per
2461 4426 2624 4465 suum
2657 4421 2908 4465 sanctum
2953 4406 3272 4478 sanguinem
3300 4426 3329 4463 a
3358 4418 3628 4479 potestate

360 4508 419 4561 δὲ
469 4507 703 4578 ἐπείπερ
751 4505 898 4573 ἅπαξ
946 4503 1416 4575 ἐξαγορασθέντας
1465 4505 1611 4574 ἡμᾶς
1663 4502 1741 4572 τῷ
1772 4501 1940 4572 τιμίῳ

2045 4502 2243 4556 diaboli
2278 4502 2478 4555 liberos
2519 4516 2617 4556 nos
2645 4500 2821 4565 eﬂecit
2846 4498 3134 4564 Christus,
3168 4515 3237 4553 ne
3269 4500 3396 4568 quis
3432 4500 3577 4553 dicat
3611 4517 3624 4553 :

363 4600 559 4671 αἵματι
578 4597 742 4652 αὑτοῦ
761 4600 861 4669 τῆς
886 4598 997 4651 τῶν
1012 4597 1275 4651 διαϐόλων
1293 4596 1607 4666 τυραννίδος
1625 4594 1944 4665 ἐλευθέρους

363 4692 642 4761 ἀπέφηνεν
669 4694 698 4745 ό
724 4690 958 4763 Χριστός
980 4707 995 4722 ο
1033 4690 1120 4743 ἴνα
1169 4690 1242 4761 μή
1285 4707 1368 4752 τις
1397 4689 1530 4758 λέγῃ
1558 4705 1571 4719 ο
1614 4685 1942 4755 Είηγεγόνα-

367 4801 467 4854 μεν
493 4783 784 4855 ἐλεύθεροι,
808 4782 927 4845 πῶς
949 4782 1112 4835 πάλιν
1133 4780 1456 4843 ὑποτάττεις
1480 4781 1595 4843 τοῖς
1624 4779 1945 4848 ἐγκοσμίοις

363 4875 623 4946 ἄρχουσιν
668 4874 857 4945 ἡμᾶς;
903 4872 991 4935 Ὠς
1022 4870 1487 4940 ὲλεὺθεροι,λέγ’ω,
1520 4870 1708 4938 φησὶν,
1743 4867 1945 4922 ὑποτά-

362 4985 518 5039 γητε,
553 4968 831 5020 τουτέστιν
873 4965 1092 5028 ἑκόντες
1130 4964 1238 5017 ἀπὸ
1286 4962 1534 5033 γνώμης,
1587 4965 1651 5015 ὲκ
1686 4961 1944 5032 προαιρέ-

363 5073 534 5119 σεωςο
571 5056 761 5125 ὥσπερ
791 5056 898 5127 γὰρ
927 5054 1128 5108 δούλων
1166 5055 1229 5108 τὸ
1255 5054 1508 5108 ἀκούσιον
1544 5055 1637 5107 καὶ
1668 5070 1944 5124 κατηναγ-

367 5147 641 5217 κασμένον
701 5149 796 5200 καὶ
846 5146 1210 5217 ἀπροαίρετον
1254 5162 1267 5176 ·
1318 5145 1490 5209 οὕτως
1542 5145 1842 5214 ἐλευθέρων
1886 5144 1947 5196 τὸ

368 5238 637 5303 ἑκούσιον,
679 5238 775 5289 καὶ
827 5238 997 5308 χωρὶς
1044 5238 1291 5307 ἀνάγκης
1339 5239 1433 5290 καὶ
1461 5226 1941 5309 αὐτοπροαίρετονξ

366 5328 540 5383 Ὅταν
585 5324 677 5382 οὖν
708 5330 926 5393 ἑκόντες
961 5329 1400 5400 ὑποτασσὼμεθα
1443 5328 1557 5391 τοῖς
1588 5330 1945 5391 Δεσποτικοῖς

364 5422 551 5492 νόμοις
584 5421 916 5489 πειθόμενοι,
964 5420 1062 5491 τὴν
1106 5418 1419 5492 ἐλευθερίαν
1451 5421 1651 5491 μᾶλλον
1681 5418 1941 5491 κρατύνο-

368 5530 489 5581 μεν,
523 5512 618 5565 καὶ
648 5511 833 5575 ἀξίους
862 5513 1011 5581 ἡμᾶς
1040 5512 1140 5581 τῆς
1185 5512 1394 5583 δωρεᾶς
1426 5512 1631 5583 ταύτης
1662 5510 1943 5581 παριστῶ-

369 5621 469 5675 μεν
521 5604 615 5656 καὶ
677 5603 1121 5673 ἐπιδεικνύμεθα.
1175 5599 1270 5668 Οἷς
1332 5604 1439 5674 γὰρ
1497 5604 1588 5657 τὸν
1666 5602 1942 5671 Δεσπότην

368 5698 638 5769 τιμῶμεν,
689 5700 799 5763 τοῖς
855 5698 1019 5753 αὑτοῦ
1062 5698 1248 5771 νόμοις
1295 5697 1555 5768 ἀγόμενοι
1606 5692 1941 5769 περιχαρῶς,

2045 4590 2101 4645 Si
2134 4592 2292 4647 liberi
2329 4591 2457 4645 facti
2504 4606 2732 4654 sumus,
2784 4588 2955 4660 quare
2997 4589 3191 4641 iterum
3244 4589 3467 4643 obedias
3521 4588 3629 4643 illis

2042 4686 2134 4755 qui
2165 4685 2219 4739 in
2249 4684 2353 4739 hoc
2386 4684 2591 4737 mundo
2628 4682 2790 4736 nobis
2817 4681 3089 4750 imperant
3117 4697 3134 4747 ;
3178 4690 3239 4734 nt
3261 4681 3441 4747 liberi,
3480 4681 3624 4746 dico,

2042 4773 2239 4841 inquit,
2281 4772 2537 4839 obedite;
2578 4771 2630 4825 id
2673 4779 2789 4835 est,
2826 4771 3139 4825 voluntarie
3169 4786 3235 4825 ex
3266 4772 3623 4836 conscientia,

2043 4877 2109 4917 cx
2137 4862 2422 4917 electione.
2462 4860 2628 4916 Sicut‘
2658 4862 2805 4916 enim
2848 4876 3133 4916 servorum
3181 4873 3267 4916 est
3314 4863 3625 4917 involunta-

2045 4955 2187 5010 rium
2218 4964 2271 5009 et
2313 4956 2685 5009 necessarium
2716 4965 2769 5009 et
2796 4946 3070 5019 coactum,
3105 4955 3176 5008 ita
3208 4954 3501 5009 liberorum
3540 4968 3624 5009 est

2031 5048 2411 5103 woluntarium
2453 5057 2507 5103 et
2544 5048 2774 5103 liberum
2821 5058 2874 5103 et
2903 5038 3156 5103 electum.
3188 5048 3323 5103 Cum
3361 5064 3488 5118 ergo
3526 5066 3625 5101 vo-

2042 5142 2279 5197 luntarie
2300 5142 2509 5213 legibus
2528 5141 2822 5197 Dominicis
2844 5125 3131 5196 obedimus
3153 5157 3219 5195 ex
3244 5142 3620 5209 persuasione,

2044 5236 2349 5290 libertatem
2382 5236 2552 5305 magis
2591 5236 3015 5290 corroboramus
3053 5241 3106 5287 et
3135 5232 3297 5303 hujus
3335 5232 3464 5285 doni
3540 5232 3624 5286 di-

2046 5344 2183 5395 gnos
2210 5342 2307 5382 nos
2321 5327 2642 5382 exhibemus
2655 5327 3087 5382 etostcndimus.
3114 5324 3252 5379 Cum
3272 5325 3418 5380 enim
3442 5338 3623 5393 regem

2050 5422 2405 5487 honoramus,
2445 5410 2653 5491 legibus
2687 5420 2832 5475 illius
2865 5422 3006 5475 ultro
3046 5419 3382 5484 servientes,
3419 5417 3622 5471 donum

2050 5528 2151 5567 nos
2196 5514 2468 5582 recepisse
2511 5521 2565 5566 et
2614 5512 2993 5567 liberalitatem
3044 5510 3232 5565 mirari
3279 5511 3621 5581 conﬁtemur,

2052 5604 2180 5659 hinc
2215 5606 2380 5659 decus
2417 5604 2667 5659 donatori
2710 5604 3076 5659 inenarrabile
3126 5602 3471 5657 adducimus.
3504 5598 3625 5653 Ca-

2054 5708 2228 5753 tcrnm
2262 5712 2441 5752 nonne
2471 5696 2706 5752 salutare
2739 5705 2822 5756 est
2845 5695 3046 5751 mentis
3071 5707 3343 5750 consensu
3378 5691 3619 5746 ordinem
