3908 6214
356 237 463 300 883
1514 235 1781 298 PHOTII
1818 232 2329 297 PATRIARCH/E
2365 237 2475 301 (ΞΡ.
3546 236 3662 299 Eu

357 352 413 405 in
445 349 611 404 rebus
649 347 891 420 politicis
928 363 1151 408 servare
1196 357 1251 404 et
1292 347 1442 420 quod
1483 345 1694 419 justum
1728 358 1815 405 est
1864 349 1952 405 his

2068 349 2430 423 ὁμολογοῦμεν
2458 349 2521 404 sb
2556 348 2731 422 δῶρον
2761 347 3128 415 ὐποδέξασθαι
3176 350 3272 404 καὶ
3314 349 3418 422 τὴν
3447 347 3667 417 φιλοτιο

352 442 449 514 qui
484 452 727 512 praesunt
755 444 891 501 dare
914 445 940 498 ’ἱ
969 442 1168 499 etenim
1199 440 1449 513 profecto
1475 442 1569 512 qui
1595 441 1723 497 talia
1749 449 1936 512 agunt,

2068 442 2182 497 ιίαν
2213 442 2520 514 θαυμάζειν
2540 461 2556 476 ο
2589 444 2657 498 δι’
2685 435 2762 497 ὧν
2793 442 2856 497 sb
2890 442 3055 507 σέϐας
3086 442 3167 515 τῷ
3190 441 3453 497 δεδωκότι
3475 457 3663 513 προσ-

354 535 573 591 animas
602 535 672 590 ab
702 536 852 590 omni
895 535 1301 591 inordinatione
1344 543 1400 590 et
1433 534 1706 590 divisione
1734 534 1937 590 liheras

2068 552 2249 607 ιγομεν
2274 535 2689 610 ἀπροφάσιστον
2712 552 2727 566 ·
2761 534 2880 600 πῶς
2916 534 2975 588 δὲ
3003 535 3101 589 καὶ
3131 534 3310 598 άλλως
3368 534 3434 588 οὐ
3480 536 3667 605 σωτήο

355 624 560 679 habent
585 633 638 679 et
673 640 794 680 sese
827 624 1099 680 libertatis
1130 640 1159 678 a
1196 623 1307 678 Deo
1341 623 1500 678 nobis
1530 623 1797 694 praestita:
1846 622 1933 677 di-

2068 644 2157 682 μιον
2214 627 2559 697 έκουσιότητι
2620 626 2851 698 γνώμης
2916 624 3017 696 τὴν
3071 625 3131 678 ἐν
3183 623 3437 694 πολιτείᾳ
3495 622 3662 687 τάξιν

352 729 492 784 gnos
522 715 805 781 exhibent;
840 717 934 786 qui
964 725 1145 771 autem
1182 722 1365 769 mente
1394 728 1671 784 perversa,
1707 711 1936 767 audacia

2069 717 2418 789 ιαφυλάττειν
2460 720 2556 774 καὶ
2620 718 2684 772 sb
2734 716 2862 771 κατ’
2917 716 3078 781 ἀξίαν
3120 716 3309 785 νέμειν
3333 717 3453 775 τοῖς
3476 714 3655 784 ὐπερ-

355 808 497 861 mala
538 816 592 863 et
637 808 705 863 de
741 808 978 863 tumultu
1028 807 1328 879 gaudentes
1362 806 1668 860 libertatem
1715 818 1933 858 annuu-

2068 826 2219 880 χουσο
2249 827 2265 873 ;
2298 813 2393 865 καὶ
2418 810 2529 880 γὰρ
2562 810 2639 874 ώς
2672 808 2890 880 άληθῶς
2920 809 2971 861 οἱ
2996 806 3234 861 τοιοῦτοι
3268 806 3571 875 ἐλευθέρας
3589 822 3655 858 τε

356 897 532 962 tiant,
561 898 881 955 dissidentia
912 898 1115 953 bonum
1158 896 1405 952 ordinem
1458 905 1776 967 rumpentes
1801 934 1815 958 ,
1859 895 1937 950 illi

2068 899 2300 970 ›έρουσιν
2331 900 2395 952 ἐκ
2418 899 2599 970 πάσης
2623 898 2863 966 ἀταξίας
2887 898 2982 952 καὶ
3030 898 3273 961 στάσεως
3312 898 3407 959 τὰς
3435 896 3647 967 ψυχὰς,

354 987 628 1043 libertatis
658 989 879 1044 nomine
910 988 1173 1043 malitiam
1199 999 1252 1043 et
1275 986 1646 1058 arrogantiam
1671 995 1937 1057 tegentes,

2068 990 2142 1042 ιαὶ
2202 991 2304 1060 τῆς
2362 989 2550 1042 θεόθεν
2600 989 2898 1061 δεδομένης
2958 990 3097 1059 ἡμῖν
3148 986 3469 1058 ἐλευθερίας
3512 986 3660 1050 ἄξιοι

355 1081 499 1137 Servi
521 1089 648 1135 sunt
671 1080 983 1152 passionum
1008 1080 1429 1142 irrationalium,
1448 1078 1589 1133 servi
1611 1078 1877 1132 tumultus
1892 1085 1948 1132 et

2068 1081 2215 1133 πᾶσιν
2269 1080 2715 1135 ἐπιδείκνυνταιο
2757 1082 2807 1134 οἱ
2855 1079 2914 1132 δὲ
2965 1079 3163 1151 γνώμῃ
3209 1080 3308 1149 μὲν
3361 1078 3654 1149 μοχθηρᾷ,

355 1173 806 1243 perturbationis,
839 1172 1110 1230 libertatis
1134 1172 1187 1226 in
1203 1172 1350 1226 imicl
1382 1179 1435 1224 et
1454 1169 1575 1224 ideo
1598 1168 1690 1223 illa
1714 1168 1947 1240 indigni.

2068 1167 2224 1239 ςόλμῃ
2247 1167 2304 1220 δέ
2336 1168 2550 1239 πονηρᾷ
2603 1167 2700 1221 καὶ
2741 1169 3010 1239 ταραχαῖς
3040 1166 3313 1239 χαιρούσῃ
3351 1165 3453 1236 τὴν
3498 1163 3667 1218 ἐλευ-

359 1269 550 1340 θερίαν
617 1268 1083 1340 ἐπιφημίζοντες,
1150 1269 1242 1323 καὶ
1288 1268 1377 1321 διὰ
1433 1264 1599 1320 τοῦτο
1672 1266 1862 1318 στάσει
1894 1264 1998 1334 τὴν
2050 1264 2308 1334 εὐνομίαν
2356 1264 2599 1329 λύοντες,
2638 1257 2789 1317 οῦτοι
2844 1262 3222 1335 προκάλυμμα
3257 1261 3530 1333 πονηρίας
3559 1260 3665 1313 καὶ

356 1364 649 1428 αὐθαδείας
675 1366 774 1437 τὴν
796 1365 1111 1437 ἐλευθερίαν
1138 1363 1587 1437 προϐαλλόμενοι,
1637 1361 1817 1415 δοῦλοι
1881 1362 1982 1433 μέν
2051 1363 2190 1415 είσιν
2235 1361 2540 1429 ἀλογίστων
2589 1360 2802 1430 παθῶν,
2836 1360 3016 1415 δοῦλοι
3044 1359 3103 1414 δέ
3138 1360 3383 1431 ταραχῆς
3423 1356 3523 1412 καὶ
3556 1358 3662 1410 θο-

356 1457 561 1529 ρύϐων,
590 1458 684 1512 καὶ
713 1461 813 1530 τῆς
842 1457 1159 1528 ἐλευθερίας
1189 1458 1511 1528 κατήγοροι,
1541 1456 1637 1510 καὶ
1662 1455 1752 1508 διὰ
1779 1455 1939 1508 τοῦτο
1975 1453 2183 1525 ταύτης
2212 1454 2441 1520 ἀνάξιοι.

431 1550 559 1605 Vult
588 1562 767 1606 autem
791 1552 1109 1621 Apostolus,
1143 1566 1229 1621 per
1272 1550 1433 1605 istam
1470 1549 1931 1613 exhortationem,
1962 1550 1964 1608 ξ

2130 1548 2391 1602 Βούλεται
2429 1547 2484 1601 δὲ
2524 1548 2672 1619 ἡμᾶς
2720 1548 2809 1602 διὰ
2867 1546 3074 1617 ταύτης
3127 1546 3229 1616 τῆς
3263 1538 3663 1616 παραινέσεως

360 1655 461 1695 nos
499 1640 552 1694 in
586 1642 849 1696 omnibus
880 1641 1005 1695 vitae
1037 1640 1386 1711 pactionibus
1411 1679 1426 1701 .
1465 1648 1519 1695 et
1560 1639 1615 1694 in
1650 1639 1773 1694 aliis
1819 1653 1943 1706 quae

359 1735 428 1788 ad
465 1749 579 1788 rem
609 1734 885 1803 politicam
916 1735 1217 1803 pertinent,
1246 1734 1490 1809 quandiu
1536 1732 1755 1788 divinus
1786 1747 1942 1786 amor

361 1828 446 1881 vel
490 1826 625 1881 fides
677 1840 785 1880 non
832 1825 1226 1890 oﬁ‘enduntur,
1269 1824 1533 1879 docibiles
1566 1839 1689 1878 esse
1731 1823 1943 1894 legibus

363 1930 691 1985 prmparare,
718 1926 773 1971 et
798 1916 906 1970 illis
928 1913 1126 1984 quibus
1156 1915 1452 1969 commissa
1488 1920 1570 1968 est
1612 1913 1790 1983 legum
1845 1928 1945 1967 au-

364 2005 594 2059 ctoritas
627 2014 677 2059 et
703 2004 1023 2075 gubernatio
1047 2044 1061 2069 ,
1102 2003 1446 2073 indulgentes
1481 2018 1635 2071 esse,
1684 2018 1785 2058 nec
1821 2003 1944 2059 illos

366 2097 461 2166 qui
498 2107 738 2165 praesunt
762 2097 1062 2166 despicere,
1098 2100 1350 2167 quamvis
1374 2097 1425 2150 iu
1457 2097 1766 2167 oppositqu
1800 2096 1946 2149 veri-

368 2188 497 2243 tatis
530 2189 829 2243 reverentia
864 2189 971 2244 illis
998 2198 1204 2244 mutata
1242 2187 1441 2244 fuerit!
1474 2187 1683 2257 quare?
1719 2187 1946 2257 Propter

372 2293 542 2331 unum
574 2277 815 2345 quidem,
851 2286 912 2332 ut
941 2278 1018 2332 illi
1054 2278 1149 2348 qui
1177 2276 1243 2332 ad
1273 2277 1605 2347 impietatem
1631 2276 1948 2331 discordant

371 2367 618 2422 videntes
636 2352 883 2422 nostram
912 2368 1332 2440 indulgentiam,
1364 2377 1419 2423 et
1439 2380 1680 2422 nostram
1705 2369 1756 2422 in
1782 2384 1949 2437 agen—

369 2457 441 2510 do
464 2456 803 2512 honestatem
835 2468 891 2513 et
928 2456 1263 2513 docilitatem
1289 2497 1305 2523 ,
1352 2456 1518 2512 simul
1557 2457 1776 2527 quidem
1815 2456 1948 2511 visis

372 2546 573 2602 nostris
602 2548 846 2604 moribus
895 2557 948 2604 et
982 2556 1171 2604 nostra
1201 2548 1311 2603 vita
1351 2548 1716 2613 erubescant,
1760 2556 1814 2602 et
1847 2562 1949 2601 nos

372 2654 481 2692 non
512 2638 616 2694 illis
646 2639 868 2696 obedire
897 2641 952 2694 in
993 2641 1158 2695 rebus
1182 2640 1454 2709 religiosis
1473 2681 1490 2706 ,
1524 2655 1634 2694 non
1681 2639 1951 2709 superbia:

371 2744 539 2785 causa
570 2770 586 2797 ,
633 2746 734 2786 nec
782 2732 981 2788 mentis
1020 2732 1275 2787 indocilis
1319 2733 1690 2787 ostentatione
1736 2738 1948 2801 putent,

372 2821 466 2875 sed
510 2832 729 2891 propter
763 2823 934 2877 divini
974 2824 1250 2880 sermonis
1272 2839 1515 2877 amorem
1541 2876 1555 2891 ,
1586 2838 1686 2879 nec
1718 2839 1825 2876 non
1857 2839 1954 2892 po-

2047 1640 2077 1692 ὁ
2122 1639 2445 1702 Ἀπόστολος
2475 1642 2531 1693 ἐν
2570 1642 2704 1693 πᾶσι
2734 1642 2848 1703 τοῖς
2876 1641 3019 1693 κατά
3043 1643 3134 1692 sbv
3190 1639 3306 1709 βίον
3341 1636 3658 1703 συναλλάγ-

2052 1749 2185 1803 μασι
2236 1735 2330 1786 καὶ
2377 1736 2490 1796 τοῖς
2547 1732 2730 1796 ἄλλοις
2790 1731 3210 1802 πολιτεύμασιν,
3257 1732 3361 1784 ὅσα
3414 1729 3491 1799 μὴ
3544 1726 3661 1798 τὴν

2051 1821 2205 1875 θείαν
2234 1822 2456 1892 ἀγάπην
2504 1820 2597 1874 καὶ
2628 1819 2812 1874 πίστιν
2856 1818 3301 1890 ἐπιλυμαίνεται,
3334 1815 3659 1885 πειθηνίους

2050 1905 2326 1972 εἶναιτοῖς
2354 1910 2540 1981 νόμοις
2584 1907 3029 1978 παρασκευάζειν
3050 1922 3066 1938 ο
3116 1907 3210 1960 καὶ
3244 1899 3329 1968 οἷς
3360 1904 3394 1973 ἡ
3418 1902 3529 1955 τῶν
3556 1900 3656 1955 νόο

2053 2019 2172 2072 μων
2189 1999 2594 2071 κατεπιστεύθη
2620 1998 2881 2069 κυριότης
2900 1998 2994 2051 καὶ
3016 1996 3267 2067 πρόνοια,
3293 1992 3657 2064 εὐγνώμονάς

2050 2082 2112 2149 τε
2150 2090 2291 2148 εἶναι
2329 2097 2425 2149 καὶ
2462 2093 2538 2165 μὴ
2594 2092 2871 2163 ὑπερορᾷν
2923 2091 3051 2154 τοὺς
3080 2089 3481 2161 ὑπερέχοντας,
3542 2084 3654 2139 κᾶν

2052 2192 2135 2253 είς
2162 2187 2478 2243 τούναντίον
2528 2188 2713 2251 αὐτοῖς
2747 2186 2847 2256 τῆς
2886 2186 3150 2256 ἀληθείας
3199 2186 3263 2239 τὺ
3309 2183 3479 2248 σέϐας
3512 2184 3655 2235 ἀτω-

2053 2281 2421 2354 διακέκριται.
2481 2280 2583 2334 Διά
2610 2282 2703 2348 τίς
2772 2281 2868 2334 ’Ἑν
2921 2281 3021 2351 μὲν
3064 2279 3155 2333 ἴνα
3196 2278 3295 2332 καὶ
3323 2276 3479 2330 αὐτοῖ⁵
3505 2275 3653 2345 πρὸς

2053 2370 2154 2443 τὴν
2214 2356 2472 2425 ἀσέϐειαν
2509 2372 2559 2425 σί
2606 2368 3006 2439 διαφωνοῦντες
3050 2368 3290 2440 ὁρῶντες
3341 2365 3502 2436 ἡμῶν
3545 2365 3653 2434 τὴν

2059 2458 2485 2531 εὐγνωμοσύνην
2516 2460 2612 2513 καὶ
2647 2459 2708 2512 sb
2741 2457 2849 2514 τῶν
2881 2458 3101 2528 τρόπων
3129 2456 3351 2525 εὐγενὲς
3378 2456 3474 2508 καὶ
3521 2470 3650 2507 πει-

2057 2559 2264 2630 θήνιον,
2293 2557 2411 2627 ἅμα
2452 2556 2551 2627 μὲν
2580 2554 2739 2627 ἡμῶν
2768 2553 3147 2626 ὐπερυθριῶσι
3174 2555 3242 2624 τῇ
3276 2550 3529 2621 πολιτεία
3553 2551 3650 2603 καὶ

2055 2649 2169 2708 τοῖς
2205 2645 2397 2717 ἤθεσιν
2423 2660 2440 2675 °
2492 2644 2609 2715 ἅμα
2650 2643 2707 2697 δὲ
2739 2642 2798 2698 sb
2830 2642 2907 2714 μὴ
2938 2641 3229 2695 πείθεσθαι
3274 2640 3460 2700 αὐτοῖς
3507 2637 3653 2690 κατὰ

2059 2734 2119 2788 τὸ
2146 2733 2333 2797 σέϐας,
2376 2732 2451 2802 μὴ
2478 2731 2775 2795 αὐθαδείας
2806 2732 2969 2802 ἔργον
2992 2728 3281 2801 νομίζωσι,
3334 2726 3475 2797 μηδέ
3501 2724 3649 2793 γνώ-

2064 2843 2171 2897 μης
2199 2826 2536 2897 ἀτεράμονος
2566 2824 2929 2895 ἐπιτήδευμα,
2960 2821 3073 2877 ἀλλ’
3104 2821 3309 2893 ἔρωτος
3329 2819 3472 2890 ὐπέρ
3492 2818 3655 2885 λόγον

373 2910 559 2967 tentia:
582 2912 915 2983 virtutisque
966 2914 1163 2968 divina:
1196 2930 1210 2967 :
1242 2913 1407 2967 simul
1438 2913 1603 2967 etiam
1642 2922 1701 2965 ut
1730 2913 1958 2982 possint,

2068 2918 2213 2972 θείου
2244 2917 2339 2970 καὶ
2390 2916 2544 2979 θείας
2591 2915 2878 2984 δυνάμεως
2940 2913 3036 2967 καὶ
3085 2910 3409 2983 ἐνεργείαςσ
3456 2908 3657 2979 ἆμαδὲ

374 3017 474 3073 per
504 3014 753 3059 nostrum
790 3004 1008 3059 dulcem
1054 3014 1110 3058 et
1146 3005 1567 3060 convenientem
1621 3005 1813 3073 agendi
1848 3019 1965 3057 mo-

376 3093 504 3148 dum
529 3136 545 3161 ,
576 3095 623 3149 si
664 3094 804 3151 forte
861 3096 1165 3163 voluerint,
1224 3096 1471 3165 aspicere
1534 3096 1599 3149 ad
1637 3096 1965 3151 inclrahilem

377 3185 657 3255 religionis
705 3195 907 3242 nostra:
958 3188 1425 3256 pulchritudinem
1472 3197 1524 3243 et
1574 3188 1722 3243 illius
1773 3204 1965 3244 amore

377 3274 631 3338 excitati,
670 3275 999 3331 diabolicum
1028 3278 1247 3347 quidem
1262 3279 1690 3333 etidololatrum
1725 3279 1965 3334 furorem

380 3365 755 3434 detestentur,
814 3368 1132 3422 societatem
1176 3378 1357 3423 autem
1409 3378 1464 3423 et
1516 3385 1759 3424 amorem
1821 3371 1967 3425 illius

381 3455 505 3509 loco
557 3472 773 3527 sponsa:
815 3460 1020 3514 Christi
1072 3460 1330 3516 Ecclesia:
1383 3463 1709 3531 suscipiant.
1759 3461 1835 3516 Ea
1885 3471 1970 3517 est

381 3547 600 3618 quidem
643 3550 818 3619 prima
862 3567 1026 3606 causa
1062 3554 1383 3622 apostolicae
1428 3555 1753 3617 sententiae;
1789 3556 1834 3610 si
1879 3570 1968 3610 se-

381 3642 617 3697 cundam
642 3653 822 3698 autem
852 3646 1113 3711 volueris,
1147 3647 1319 3717 utqui
1348 3648 1531 3703 tideles
1555 3657 1969 3719 persequuntur

381 3741 436 3786 et
466 3734 745 3803 expellunt
771 3746 825 3791 et
860 3735 1079 3807 ﬂagitiis
1104 3738 1370 3806 ellieiunt,
1394 3739 1605 3794 cultum
1629 3754 1966 3811 paganorum

383 3824 727 3892 profitentes,
763 3839 875 3879 non
908 3826 974 3880 ad
1006 3826 1143 3882 alias
1169 3827 1438 3896 quasdam
1474 3843 1674 3883 causas
1708 3844 1968 3898 persecu-

384 3914 566 3970 tiones
591 3913 796 3970 referre
826 3916 1067 3972 habeant
1086 3956 1103 3981 ,
1134 3932 1235 3973 nec
1266 3928 1322 3971 ut
1352 3919 1686 3975 dissidentes
1708 3928 1760 3975 et
1792 3922 1970 3991 agita-

386 4014 538 4061 tores
569 4008 622 4063 in
648 4006 919 4077 judicium
946 4024 1048 4064 nos
1074 4010 1364 4075 adducant,
1396 4013 1489 4067 sed
1514 4022 1739 4084 propter
1762 4014 1969 4083 ipsam-

389 4106 505 4153 met
536 4099 893 4171 religionem.
926 4109 983 4157 et
1021 4102 1153 4173 quia
1198 4119 1306 4157 non
1349 4104 1630 4173 potuimus
1676 4106 1874 4162 adduci
1902 4108 1969 4164 ad

366 4189 599 4256 .cultum
636 4191 883 4246 divinum
917 4192 1187 4249 creaturis
1223 4203 1278 4249 et
1310 4197 1555 4251 materiai
1604 4197 1964 4254 reddendum.

391 4282 546 4348 Quod
570 4292 624 4338 et
665 4283 780 4354 ipse
819 4286 1115 4356 explicavit
1158 4286 1349 4343 dicens
1381 4305 1395 4342 :
1431 4288 1501 4346 Ut
1528 4289 1582 4344 in
1621 4290 1825 4361 quibus
1867 4254 2048 4348 nosD

393 4384 655 4429 accusant
685 4376 843 4445 quasi
872 4378 1016 4432 male
1071 4390 1382 4449 sperantes,
1411 4395 1478 4435 ex
1505 4380 1665 4436 bonis
1711 4382 1972 4451 operibus

394 4462 726 4532 aspicientes
754 4465 1057 4535 gloriﬁcent
1096 4465 1266 4522 Deum
1298 4473 1351 4523 in
1392 4468 1480 4524 die
1521 4469 1739 4539 judicii.
1774 4469 1838 4525 Et
1870 4471 1973 4525 ite-

393 4564 519 4606 rum
551 4568 565 4604 :
593 4550 687 4607 Sic
724 4562 808 4609 est
836 4554 1093 4610 voluntas
1124 4542 1220 4611 Dei
1257 4567 1317 4611 ut
1359 4556 1497 4613 bene
1535 4568 1759 4629 agentes
1797 4557 1973 4614 refre-

397 4652 591 4693 nemus
621 4637 995 4710 insipientium
1023 4642 1307 4697 hominum
1330 4645 1643 4700 stultitiam.
1686 4645 1768 4700 Ad
1799 4646 1975 4702 rebel-

398 4724 602 4781 lionem
626 4736 680 4781 te
708 4728 909 4799 aliquis
937 4744 1184 4801 paganus
1210 4731 1294 4786 vel
1314 4729 1538 4787 Judzus
1563 4732 1757 4789 vocat?
1785 4749 1975 4805 pacem

400 4814 605 4873 indica.
634 4816 811 4874 Verba
846 4821 912 4875 ad
946 4821 1299 4877 rebellionem
1339 4832 1394 4879 et
1434 4824 1834 4880 indocilitatem
1881 4842 1979 4882 ex-

400 4907 627 4963 citantia
664 4908 914 4978 profert?
944 4926 1040 4981 per
1069 4911 1436 4968 obedientiam
1462 4913 1539 4967 illi
1566 4913 1847 4971 silentium
1875 4915 1981 4971 im-

404 5009 567 5064 pone.
607 4993 853 5067 Superba
901 5009 954 5053 et
996 5000 1313 5069 arrogantia
1369 5001 1622 5072 profert?
1682 5003 1981 5075 Dulcedioe

401 5096 459 5142 et
489 5088 795 5144 humilitate
830 5093 1029 5147 mentis
1063 5107 1263 5148 vanum
1303 5094 1562 5165 loquendi
1598 5098 1841 5152 studium
1884 5113 1979 5154 re-

403 5175 579 5232 frena.
611 5177 868 5236 Ordinem
893 5181 1173 5251 politicam
1199 5184 1538 5240 destruentia
1560 5186 1585 5240 ?
1605 5185 1748 5241 Nihil
1776 5187 1830 5242 in
1857 5188 1977 5246 istis
2032 5208 2039 5217 ·

405 5285 739 5340 cognoscere
761 5274 1030 5339 dicendo,
1073 5276 1404 5349 hypocrisim
1447 5279 1500 5357 in
1538 5278 1704 5336 fama.
1740 5279 1820 5337 lta
1846 5282 1986 5338 insi-

407 5361 564 5433 piens
592 5364 776 5420 homo
803 5366 1067 5423 inlrenari
1107 5381 1310 5439 potest,
1341 5373 1423 5427 sic
1464 5371 1558 5428 Dei
1597 5389 1794 5430 servus
1823 5374 1987 5445 glori-

410 5457 644 5523 ticatur;
691 5459 772 5514 sic
816 5461 1078 5516 mundum
1132 5464 1334 5531 vineit,
1385 5466 1602 5521 etiarnsi
1662 5466 1987 5536 ﬂagelletttr,

407 5550 627 5606 etiamsi
650 5561 993 5624 torqueatur,
1024 5555 1237 5612 etiamsi
1265 5558 1643 5631 cruciﬂgatur,
1672 5559 1767 5630 qui
1795 5567 1987 5615 contra

415 5651 697 5714 peccatum
721 5643 1043 5706 honorabile
1068 5648 1170 5706 sibi
1198 5650 1497 5721 trophteum
1520 5661 1827 5709 conservat.
1856 5652 1988 5721 Qui-

2065 3007 2141 3071 ὡς
2184 3006 2252 3061 ἂν
2274 3005 2556 3076 δυνηθεῖεν
2583 3003 2672 3057 διὰ
2699 3004 2798 3073 τῆς
2828 3003 3039 3073 ἡμέρου
3063 3003 3157 3056 καὶ
3190 2998 3470 3063 ἐπιεικοῦς
3497 2998 3657 3069 ἡμῶν

2067 3098 2363 3160 πολιτείας,
2396 3097 2557 3167 εἴπερ
2591 3095 2699 3165 ἀρα
2734 3094 3047 3165 βουληθεῖεν
3080 3092 3390 3162 ἀναϐλέψαι
3418 3090 3558 3162 πρὸς
3590 3088 3653 3141 sb

2066 3189 2160 3245 τοῦ
2222 3188 2569 3258 σεϐασματος
2622 3184 2783 3258 ἡμῶν
2836 3184 3118 3257 ἄφραστον
3173 3181 3393 3246 κάλλος,
3456 3177 3657 3250 καὶτῷ

2067 3281 2276 3334 ἐκεῖθεν
2329 3279 2494 3352 ἔρωτι
2537 3276 2952 3349 πτερωθέντες,,
3020 3273 3382 3348 βδελύξωνται
3419 3273 3518 3343 μὲν
3564 3270 3657 3324 τὸν

2065 3373 2392 3444 δαιμονιώδη
2450 3372 2548 3426 καὶ
2602 3369 2882 3424 είδωλικδν
2932 3363 3172 3439 οἶστρον,
3222 3367 3322 3438 τὴν
3355 3365 3657 3431 συνάφειαν

2066 3465 2125 3519 δέ
2172 3464 2266 3518 καὶ
2311 3464 2405 3518 τὸν
2457 3462 2623 3517 πόθον
2663 3459 3106 3527 ἀνταλλάξωνται
3148 3457 3249 3527 τῆς
3300 3455 3522 3526 νύμφης
3562 3453 3655 3508 τοῦ

2068 3552 2309 3627 Χριστοῦ
2359 3551 2726 3623 Ἐκκλησίας⁶
2776 3550 2904 3604 ἀλλ’
2961 3548 3112 3603 αίτία
3160 3547 3261 3618 μέν
3291 3545 3433 3615 αῦτη
3465 3542 3657 3616 πρώτη

2067 3650 2169 3715 τῆς
2194 3645 2564 3715 ἀποστολικῆς
2596 3643 2903 3708 νουθεσίας.
2954 3644 3019 3697 El
3050 3640 3230 3713 βούλει
3258 3639 3319 3694 δέ
3351 3638 3450 3694 καὶ
3476 3637 3657 3691 δευτέ-

2073 3756 2193 3811 ραν,
2229 3736 2321 3793 ῖνα
2340 3735 2632 3798 διώκοντες
2663 3733 2760 3788 καὶ
2788 3731 3110 3796 ἐλαύνοντες
3134 3731 3232 3787 καὶ
3253 3726 3658 3801 τιμωρούμενοι

2069 3826 2194 3890 τοὺς
2219 3825 2446 3888 πιστοὺς
2479 3825 2529 3877 οἱ
2556 3821 2628 3877 τά
2668 3820 2938 3893 Ἑλλήνων
2959 3820 3250 3892 τιμῶντες,
3270 3818 3346 3890 μὴ
3390 3817 3473 3881 είς
3496 3813 3659 3878 ἄλλας

2068 3916 2223 3982 τινὰς
2256 3916 2441 3980 αίτίας
2462 3913 2554 3969 τὸν
2580 3913 2823 3985 διωγμὸν
2843 3912 3041 3984 ἔχωσιν
3077 3910 3377 3982 ἀναφέρειν
3398 3925 3413 3941 ·
3444 3906 3567 3979 μηδ’
3585 3906 3659 3970 ὡς

2072 4009 2390 4073 στασιώδεις
2416 4008 2512 4062 καί¹
2544 4009 2957 4079 ταραχοποιούς
2989 4007 3246 4075 ὐπάγωσι
3290 4002 3496 4068 δίκαις,
3525 4000 3659 4056 ἀλλά

2068 4104 2138 4158 δι’
2170 4101 2340 4173 αὐτὴν
2369 4100 2470 4172 τὴν
2499 4099 2819 4154 εὐσέϐειαν*
2871 4098 2969 4153 καὶ
3014 4097 3077 4153 sb
3118 4098 3196 4170 μὴ
3239 4095 3575 4169 ἀνασχέσθαι
3601 4093 3660 4148 sb

2072 4195 2217 4254 θεῖον
2247 4194 2414 4257 σέϐας
2447 4194 2528 4257 είς
2552 4191 2652 4263 τὴν
2682 4190 2817 4262 ὓλην
2846 4192 2946 4245 καὶ
2974 4190 3044 4244 τά
3068 4188 3349 4259 κτίσματα
3372 4188 3655 4256 κατάγειν.

2074 4286 2246 4341 Τοῦτο
2272 4287 2329 4340 δὲ
2354 4286 2449 4341 καὶ
2479 4285 2642 4348 αὐτὸς
2672 4283 2943 4355 ἐδήλωσεν
2969 4284 3157 4338 εἰπών’
3187 4283 3307 4339 Ἰνα
3337 4283 3397 4336 ἐν
3425 4274 3470 4351 ᾧ
3495 4298 3659 4335 καταο

2069 4377 2307 4433 λαλῶσιν
2366 4375 2526 4449 ἡμῶν
2600 4374 2677 4439 ώς
2756 4374 3074 4430 κακοποιῶν
3165 4376 3231 4429 ἐκ
3307 4373 3418 4427 τῶν
3484 4372 3660 4427 καλῶν

2071 4470 2250 4541 ἔργων
2281 4465 2727 4530 ἐποπτεύσαντες
2774 4465 3045 4532 δοξάσωσι
3103 4464 3198 4518 τὸν
3224 4463 3361 4517 Θεὸν
3387 4463 3447 4517 ἐν
3480 4462 3661 4534 ἡμέρα

2071 4555 2381 4624 ἐπισκοπῆς
2402 4569 2416 4585 ⁶
2444 4556 2543 4609 καὶ
2573 4554 2738 4608 πάλιν
2824 4552 3012 4616 οὕτως
3036 4552 3160 4607 ἐστὶ
3191 4551 3255 4605 sb
3306 4551 3525 4621 θέλημα
3569 4549 3658 4605 τοῦ

2074 4644 2234 4713 Θεοῦ,
2262 4641 2734 4715 ἀγαθοποιοῦντας
2773 4643 2980 4713 φιμοῦν
3007 4641 3108 4715 τὴν
3141 4642 3252 4696 τῶν
3293 4641 3547 4711 ἀφρόνων
3575 4643 3660 4695 ἀν⁸

2077 4736 2314 4811 θρώπων
2362 4737 2661 4807 ἀγνωσίαν.
2697 4735 2899 4791 Στάσιν
2927 4753 3014 4799 τις
3067 4734 3176 4789 τῶν
3213 4733 3579 4805 Ἑλληνιστῶν
3627 4733 3657 4805 ἢ

2078 4828 2178 4883 καὶ
2212 4826 2469 4892 Ἰουδαῖος
2502 4826 2757 4887 ἐπικαλεῖ
2788 4842 2907 4892 σοις
2941 4824 3017 4879 Tb
3054 4823 3331 4896 εἰρηνικὸν
3357 4821 3621 4889 ἐπίδειξον
3642 4861 3655 4876 .

2091 4920 2348 4991 Ἀνήκοον
2380 4916 2661 4971 διαϐάλλει
2690 4917 2788 4970 καὶ
2816 4915 3023 4987 ἀπειθῆ
3048 4932 3064 4981 ;
3113 4914 3213 4969 Διά
3244 4916 3345 4987 τῆς
3386 4912 3659 4982 ὑποταγῆς

2081 5008 2438 5079 ἐπιστόμισον
2457 5024 2472 5041 ο
2507 5007 2746 5073 ἀλαζόνα
2779 5006 2875 5061 καί⁵
2902 5004 3147 5076 αὐθάδης
3176 5004 3269 5075 Τῷ
3294 5002 3540 5074 ταπεινῷ
3570 5005 3659 5056 καὶ

2086 5100 2280 5173 ἡμέρῳ
2308 5097 2407 5154 τοῦ
2429 5098 2784 5171 φρονήματος
2809 5097 2909 5170 τὴν
2941 5095 3323 5167 γλωσσαλγίαν
3357 5094 3655 5164 διέλεγξον’

2087 5193 2246 5259 τάξιν
2271 5190 2559 5260 πολιτικὴν
2588 5188 2877 5244 διαλύοντα
2896 5204 2911 5252 ;
2933 5188 3035 5242 Διά
3058 5187 3153 5242 τοῦ
3178 5187 3347 5259 μηδὲν
3370 5187 3429 5240 ἐν
3455 5184 3659 5248 τούτοις

2086 5285 2447 5355 ἀγνωμονεῖν,
2475 5283 2578 5353 τὴν
2627 5281 3000 5351 συκοφαντίαν
3054 5278 3444 5350 στηλίτευσον·
3494 5276 3658 5339 οὐτως

2087 5376 2281 5446 ἄφρων
2312 5374 2453 5444 ἀνὴρ
2484 5373 2712 5426 δύναται
2740 5370 3063 5443 φιμοῦσθαι·
3092 5370 3268 5435 οὕτως
3282 5368 3419 5424 Θεοῦ
3453 5367 3657 5434 δοξάζε-

2089 5484 2174 5521 ται
2204 5464 2409 5528 δοῦλος.
2444 5464 2629 5530 Οὕτως
2651 5465 2780 5536 νικᾷ
2808 5464 2898 5519 τὸν
2918 5464 3147 5536 κόσμον,
3179 5464 3285 5519 κᾶν
3315 5462 3654 5535 μαστίζηται,

2086 5557 2191 5613 κᾶν
2216 5555 2575 5628 στρεϐλῶται,
2627 5557 2733 5611 κᾶν
2785 5555 3305 5628 ἀνασκολοπίζηται,
3351 5556 3381 5609 ὁ
3436 5554 3499 5607 sb
3528 5552 3655 5606 κατά

2086 5647 2188 5719 τῆς
2241 5644 2517 5718 ἁμαρτίας
2578 5646 2841 5719 τρόπαιον
2913 5646 3241 5719 ἀνύϐριστον
3291 5642 3653 5705 συνδιασώζειν
