3836 6382
227 351 359 416 885

1172 347 1273 409 ΑΙ)
1302 344 1895 406 AMPHILOCHIUM
1934 345 2285 417 QUIESTIO
2316 350 2591 414 CLXXX.

3402 362 3513 425 886

231 461 533 531 ἑαυτῷ.⁹0
582 458 722 513 κατά
767 458 940 513 ταῦτα
996 457 1416 527 πολιτευόμενος
1472 458 1540 509 τά
1603 456 1836 526 προστά-

1956 472 2157 523 :unque
2203 464 2506 516 secundum
2547 463 2647 518 ista
2681 467 2933 523 mandata
2979 484 3100 526 sese
3138 472 3411 541 habuerit,
3444 476 3510 530 li-

228 566 440 620 γματα
470 586 491 613 ,
542 547 804 619 ἐλεύθερα
851 547 1008 618 φέρει
1104 545 1363 617 καθαρῶς
1418 545 1512 599 καὶ
1558 561 1629 597 τα
1693 546 1833 617 ἔργα

132 654 143 665 ’
231 643 349 695 καὶ
388 643 520 705 τοὺς
570 641 766 710 λόγους
824 644 919 695 καὶ
982 640 1088 711 πρό
1138 655 1203 707 γε
1249 637 1456 692 τούτων
1516 636 1686 709 αὐτὴν
1732 636 1833 709 τὴν

231 733 452 804 ψυχήν.

789 841 1122 898 ΕΡΩΊἨΣΙΣ
1157 843 1287 896 PII'.

450 934 593 1005 Περὶ
623 933 938 1005 θεολογίας
968 933 1296 1004 ζητήματαο
1342 933 1425 1001 τῷ
1451 931 1633 1000 αὐτῷ.

1926 548 2134 604 herum
2167 550 2306 606 feret
2338 553 2391 606 in
2418 556 2659 623 puritate
2682 597 2697 622 ,
2735 569 2790 612 et
2825 559 3070 617 actiones
3103 573 3160 617 et
3204 580 3508 633 sermones,

1937 646 1994 694 et
2018 650 2146 697 ante
2167 642 2273 697 ista
2298 643 2474 713 ipsam
2505 647 2767 703 animam.

1932 838 2264 908 onmno
2291 847 2549 907 eLxxx.
2587 849 2775 925 [CoisL
2804 853 2984 909 ccxx.
3042 854 3207 912 Taur.
3249 856 3384 929 cc.)
3427 859 3506 929 (ι)

2002 936 2078 991 De
2120 937 2401 1012 Theologia
2427 947 2763 1014 qud'stiones.
2802 945 2988 1001 Eidem
3017 949 3458 1021 (Amphilochia).

533 1047 678 1097 Edita
704 1061 730 1097 a
757 1046 1003 1110 Basnagio
1029 1047 1229 1112 (Canis.
1254 1045 1414 1111 Antiq.
1438 1045 1550 1098 lect.
1589 1052 1625 1096 t.
1651 1044 1723 1106 ll,
1755 1058 1807 1107 p.
1834 1056 1885 1105 tt,
1904 1059 2018 1110 pag.
2044 1049 2299 1117 423-525).
2322 1082 2386 1093 -
2403 1055 2688 1120 Dogmatica
2721 1058 2783 1107 de
2811 1058 3093 1121 cognitione
3122 1058 3234 1111 Dei.

325 1134 609 1206 Ἀρῤητον
655 1136 754 1204 μὲν
799 1135 859 1187 τὸ
883 1135 1041 1188 Θετον
1080 1134 1270 1206 ὥσπερ
1298 1138 1393 1190 καὶ
1417 1136 1681 1207 ἄληπτον,
1704 1133 1841 1190 διότι

240 1224 379 1295 μηδ’
408 1224 560 1278 ἐστιν
583 1224 707 1295 μηδ’
729 1226 997 1289 ἐπινοίαις
1023 1225 1207 1294 ψιλαῖς
1234 1226 1694 1296 προῦφεστηκότα
1719 1225 1841 1280 τινὰ

236 1315 463 1372 λαϐεῖν.
492 1318 573 1371 Δι’
599 1310 674 1371 ὧν
704 1318 734 1371 ὁ
764 1318 921 1387 λόγος
952 1318 1160 1390 προῖὼν
1191 1318 1291 1391 τὴν
1316 1318 1516 1389 γνῶσιν
1542 1318 1636 1373 καὶ
1665 1320 1839 1373 κατά-

236 1407 420 1480 ληψιν
466 1409 563 1463 τοῦ
606 1409 878 1481 μακαρίου
924 1410 1136 1465 ἐκείνου
1172 1410 1269 1466 καὶ
1304 1411 1614 1481 ἀφθέγκτου
1654 1410 1837 1484 παρὰ·

241 1517 373 1569 σχοι
402 1500 983 1575 θεάματος.’Δρῤητον
1009 1503 1066 1557 δὲ
1096 1505 1189 1557 καὶ
1211 1504 1451 1575 ἄληπτον
1475 1504 1555 1569 ὃν,
1590 1504 1699 1557 ἀπὸ
1725 1504 1834 1558 τῶν

241 1590 505 1661 ὑστέρων
529 1592 680 1662 ὅμως
705 1594 812 1645 ἀπό
837 1611 983 1658 τινος
1013 1595 1112 1663 τῆς
1140 1594 1348 1648 ἐκεῖθεν
1385 1596 1435 1648 εί
1470 1596 1564 1649 καὶ
1587 1595 1835 1666 ἀμυδρᾶς

242 1680 517 1749 ἀπαυγῆς
559 1682 619 1733 ὲν
664 1681 845 1744 αὐτοῖς
896 1682 1215 1753 κατιούσης,
1262 1684 1358 1736 καὶ
1388 1682 1455 1736 δι’
1492 1683 1671 1737 αὐτῶν
1704 1684 1835 1753 ἡμῖν

244 1774 355 1843 τὴν
410 1773 651 1828 διάνοιαν
680 1774 1011 1839 ὲνατενίξειν
1056 1777 1196 1846 πρὸς
1229 1777 1291 1830 τὸ
1338 1777 1621 1847 ἀμήχανον
1661 1778 1836 1829 ἐκεῖνο

246 1862 453 1926 κάλλος
485 1864 1014 1934 παρασκευαζούσης
1042 1906 1057 1928 ,
1107 1865 1333 1919 δυνατόδ
1362 1867 1477 1918 ἐστι
1532 1866 1686 1929 τινὰς
1723 1864 1839 1918 θεο-

247 1956 494 2023 πρεπεῖς
520 1953 821 2025 φαντασίας
855 1954 1218 2021 εἰσδέξασθαι.
1244 1954 1386 2009 Καθ’
1415 1954 1475 2008 ὃν
1503 1955 1613 2024 γάρ
1634 1954 1837 2025 τρόπον

244 2048 301 2103 ol
325 2048 483 2119 ζόφῳ
527 2049 694 2119 παχεί
724 2047 1142 2120 περικεχυμένῳ
1172 2048 1545 2117 ἐγκαθήμενοι
1575 2047 1836 2119 βραχεῖάν

244 2158 376 2196 τινα
405 2140 518 2194 τῶν
541 2140 785 2212 ἡλιακῶν
817 2140 1055 2194 ἀκτίνων
1105 2140 1200 2193 καὶ
1230 2138 1481 2210 ἀμυδρὰν
1513 2138 1837 2209 λαμπηδόνα

246 2233 657 2305 παραδέχονται
683 2273 699 2297 ,
737 2230 911 2294 οὕτως
942 2231 992 2285 οί
1033 2230 1112 2302 τῷ
1142 2230 1353 2302 σαρκίῳ
1380 2230 1837 2301 περιϐεϐλημένοι

248 2325 318 2377 ἐκ
353 2328 456 2395 τῆς
484 2323 743 2394 ἁπαυγῆς
770 2322 984 2393 ἐκείνης
1009 2322 1103 2376 τοῦ
1126 2320 1320 2393 νοητοῦ
1343 2321 1495 2393 ήλίου
1518 2324 1599 2388 εἰς
1626 2321 1859 2376 ἔννοιάν

245 2434 377 2471 τινα
407 2417 507 2470 καὶ
539 2415 840 2485 φαντασίαν
868 2414 1150 2486 θεοπρεπῆ
1173 2413 1364 2486 ὥσπερ
1393 2416 1502 2468 ἀπό
1524 2432 1668 2478 τινος
1698 2432 1835 2469 κατ-

246 2507 518 2580 οπτρικοῦ
558 2509 950 2579 μηχανήματος
987 2505 1083 2560 τοῦ
1123 2522 1183 2560 τε
1221 2506 1386 2561 πόθου
1422 2508 1517 2560 καὶ
1544 2510 1643 2577 τῆς
1672 2507 1838 2577 συζη-

247 2602 472 2670 τήσεως
500 2602 812 2668 σκιοφανείς
856 2600 1083 2662 ἀκτῖνας
1113 2599 1366 2664 ἕλκοντες
1405 2598 1704 2668 ἀνάγεσθαι
1744 2598 1837 2653 δύ-

151 2732 157 2736 -
251 2708 469 2746 νανται.

335 2782 438 2837 Ὃν
470 2784 569 2855 μὲν
597 2783 691 2837 οὖν
720 2780 977 2846 διασώζει
1005 2781 1162 2850 λόγον
1179 2783 1209 2835 ό
1237 2781 1392 2853 ἥλιος
1411 2783 1469 2836 ἑν
1498 2785 1612 2846 τοῖς
1637 2782 1836 2853 αίσθη-

254 2880 406 2941 τοῖς,
438 2874 694 2946 τοιαύτην
728 2876 796 2929 ἂν
836 2875 965 2946 περὶ
1006 2873 1100 2927 τοῦ
1132 2873 1292 2927 Θείου
1350 2874 1573 2928 δύναταί
1622 2892 1705 2938 τις
1752 2875 1838 2928 ἕν-

256 2985 411 3022 νοιαν
468 2969 543 3032 ὡς
588 2966 650 3033 ἐξ
711 2964 919 3029 εἰκόνος
975 2965 1034 3018 ὲν
1079 2966 1192 3027 τοῖς
1241 2967 1453 3035 νοητοῖς
1503 2964 1688 3019 δοῦναι
1740 2966 1834 3019 καὶ

257 3060 467 3112 λασεῖν.

342 3151 505 3205 Ἀλλά
537 3149 647 3223 γάρ
674 3148 772 3204 καὶ
820 3148 880 3216 δε
927 3148 1251 3217 ἀποφάσεως
1284 3146 1392 3199 τῶν
1436 3147 1607 3201 ὄντων
1659 3148 1833 3201 ἁπάν-

251 3261 368 3298 των
419 3244 498 3307 είς
546 3242 783 3313 θεωρίαν
831 3240 1146 3309 ἀναγόμεθα
1190 3239 1289 3308 τῆς
1336 3238 1683 3311 ἐξῃρημένης
1728 3239 1836 3293 τῶν

252 3337 430 3391 ὄντων
477 3335 667 3398 οὐσίας
711 3351 771 3388 τε
820 3318 923 3387 καὶΔ
944 3331 1220 3402 θεότητος.
1260 3332 1326 3384 Ὃ
1359 3331 1468 3401 γὰρ
1505 3333 1671 3403 μηδὲν
1719 3334 1839 3385 ἐστι

254 3430 372 3483 τῶν
408 3428 646 3492 πάντων,
689 3428 936 3498 κρεῖττον
967 3422 1025 3477 δὲ
1068 3422 1162 3475 τοῦ
1212 3424 1434 3487 παντὸς,
1459 3422 1607 3475 τοῦτ’
1628 3424 1718 3490 ,ἂν
1751 3423 1835 3492 εἴη

256 3520 418 3584 Θεὸς,
445 3519 504 3583 ὃς
531 3516 848 3589 προήγαγεν
872 3532 933 3568 τε
967 3515 1033 3567 ἑκ
1068 3514 1144 3584 μὴ
1172 3512 1340 3567 ὅντων
1370 3515 1449 3577 εἰς
1494 3515 1555 3567 τὸ
1599 3510 1738 3567 εἷναι
1774 3515 1838 3567 τὸ

257 3615 393 3677 πᾶν,
434 3613 527 3667 και
563 3610 659 3682 τῆς
689 3609 795 3663 τῶν
826 3608 1189 3679 προηγμένων
1250 3604 1514 3677 διαμονῆς
1549 3608 1644 3660 καὶ
1673 3607 1840 3677 ὲναρο

262 3705 453 3779 μονίου
475 3704 751 3775 κινήσεως
779 3701 881 3772 τὴν
907 3699 1159 3771 πρόνοιαν
1186 3698 1319 3769 ἔχει.

335 3801 445 3855 Καὶ
478 3799 582 3868 πρό
619 3814 684 3867 γε
713 3794 940 3859 τούτων,
984 3794 1073 3849 ὅτι
1112 3792 1226 3846 ἐστι
1269 3790 1425 3855 Θεὸς,
1454 3792 1608 3862 κοινῇ
1653 3791 1822 3845 πᾶσιν

259 3892 704 3962 ὲγκατέσπαρται
729 3891 852 3953 ταῖς
874 3886 1241 3959 ἀνθρωπίναις
1268 3885 1549 3949 διανοίαις,
1566 3884 1666 3955 τῆς
1691 3885 1839 3940 ὲκετ-

262 3987 358 4040 θεν
389 3984 566 4053 αὐγῆς
595 3982 671 4046 ὡς
702 3980 771 4035 δι’
821 3980 1115 4053 ἐμφάσεων
1146 3979 1505 4051 διανιστὼσης
1554 3979 1711 4052 ἡμῶν
1748 3982 1841 4035 τὸν

263 4077 408 4143 νοῦν,
434 4078 527 4131 καὶ
560 4074 1009 4145 φωταγωγούσης
1035 4076 1084 4128 εί
1132 4075 1226 4128 καὶ
1271 4075 1347 4145 μὴ
1377 4075 1516 4145 πρὸς
1546 4074 1607 4127 τὸ
1641 4072 1841 4127 εἰδέναι

263 4171 319 4224 τί
352 4169 469 4222 ποτ’
498 4167 616 4221 ἐστὶ
645 4166 799 4232 Θεὸς,
829 4166 945 4220 ἀλλ’
978 4164 1071 4219 οὖν
1100 4182 1164 4235 γε
1195 4167 1271 4236 μὴ
1294 4167 1514 4234 ἀγνοεῖν
1547 4166 1684 4237 ὅπερ
1704 4164 1842 4228 ὅλως

267 4261 435 4317 ἐστίν.

338 4354 397 4407 Ei
425 4352 534 4424 γὰρ
564 4351 786 4424 πλῆθος,
806 4351 953 4405 ἅπαν
976 4349 1086 4403 εῐτε
1115 4348 1216 4420 τὴν
1243 4347 1335 4401 τοῦ
1361 4346 1619 4419 συνεχοῦς
1640 4348 1843 4417 ὀνομα-

2011 1138 2131 1196 Non
2168 1144 2281 1214 (30)
2325 1156 2508 1217 potest
2534 1147 2804 1217 expromi,
2854 1149 2996 1204 sicut
3031 1166 3208 1217 neque
3259 1152 3515 1221 cognosci

1937 1228 2102 1298 Deus,
2144 1235 2272 1303 quia
2329 1251 2507 1306 neque
2549 1238 2870 1293 notionibus
2947 1248 3184 1306 tantum,
3242 1242 3514 1312 quaepiam

1937 1340 2059 1394 quae
2095 1326 2250 1396 prius
2274 1328 2608 1395 exstiterint,
2644 1330 2923 1401 percipere
2958 1346 3274 1402 possumus,
3301 1348 3367 1387 ex
3393 1333 3519 1402 qui-

1937 1416 2042 1473 bus
2091 1419 2233 1473 ratio
2272 1436 2563 1491 progressa
2617 1422 2765 1477 illius
2804 1424 2951 1479 beati
3010 1425 3332 1494 spectaculi,
3365 1427 3512 1496 quod

1936 1507 2120 1563 verbis
2148 1510 2393 1579 expromi
2427 1526 2535 1565 non
2577 1515 2778 1581 potest,
2828 1513 3196 1584 cognitionem
3250 1495 3511 1584 prtebeat.
3550 1495 3571 1515 ”

1938 1596 2017 1653 Ex
2050 1600 2118 1655 iis
2182 1609 2386 1665 tamen,
2420 1619 2543 1673 qine
2592 1606 2899 1675 posteriora
2950 1613 3101 1671 sunt,
3152 1613 3412 1675 tanquam
3448 1623 3514 1661 cx
3548 1642 3566 1658 .

1939 1691 2176 1760 quodam
2206 1693 2494 1762 splendore
2521 1696 2691 1761 tenui,
2762 1712 2793 1751 a
2828 1694 2941 1751 Deo
2989 1696 3042 1751 in
3092 1697 3227 1767 ipsis
3282 1698 3519 1754 obscure

1944 1792 2188 1847 ostenso,
2241 1786 2333 1854 qui
2367 1785 2515 1852 facit,
2549 1800 2604 1841 ut
2630 1790 2804 1857 possit
2827 1804 2981 1844 mens
3012 1788 3065 1842 in
3099 1788 3245 1842 illam
3291 1788 3520 1844 immen-

1942 1891 2059 1930 sam
2092 1877 2554 1946 pulchritudinem
2587 1878 2815 1945 intueri,
2856 1880 2968 1934 ﬁeri
3003 1890 3204 1951 potest,
3245 1889 3304 1935 ut
3353 1896 3519 1950 quas-

1942 1965 2067 2021 dam
2094 1968 2460 2039 cogitationes
2486 1969 2655 2026 Deum
2697 1971 2952 2027 decentes
2982 1972 3336 2042 recipiamus.
3368 1973 3519 2029 Sicut

1942 2058 2112 2124 enim,
2141 2060 2236 2131 qui
2271 2071 2403 2117 sunt
2453 2063 2696 2118 tenebris
2722 2062 2909 2118 densis
2960 2063 3308 2127 circumfusi,
3339 2064 3519 2135 fulgo-

1942 2167 2057 2206 rem
2089 2153 2380 2221 quemdam
2435 2170 2661 2225 parvum
2718 2164 2773 2209 et
2805 2164 3022 2209 tenuem
3052 2156 3333 2210 radiorum
3385 2157 3519 2211 solis

1944 2243 2261 2309 admittunt,
2301 2246 2381 2301 sic
2414 2247 2507 2316 qui
2549 2255 2678 2301 sunt
2730 2246 2975 2301 conclusi
3008 2247 3061 2301 in
3109 2263 3294 2314 carne,
3322 2264 3389 2302 ex
3427 2249 3521 2303 illo

1944 2339 2233 2407 splendore
2289 2339 2422 2395 solis
2469 2338 2823 2404 intellectilis,
2885 2346 3145 2409 tanquam
3222 2340 3517 2408 aqnodam

1942 2431 2167 2500 speculo
2196 2430 2331 2501 (3i),
2363 2431 2621 2485 desiderii
2648 2438 2704 2485 et
2753 2430 3131 2499 inquisitionis
3179 2432 3333 2485 radio
3398 2447 3521 2486 um-

1942 2519 2170 2576 bratiles
2213 2521 2515 2585 elicientes.
2548 2520 2614 2575 ad
2674 2520 2926 2577 notitiam
2968 2522 3260 2592 quamdam
3289 2532 3344 2578 et
3370 2523 3521 2594 cogi~

1944 2610 2203 2663 tationem
2234 2609 2434 2665 elevari
2463 2618 2717 2681 possunt.

2014 2784 2185 2853 Quam
2242 2786 2410 2853 igitur
2467 2786 2735 2841 rationem
2769 2786 2851 2843 sol
2901 2786 2956 2841 in
2992 2786 3080 2853 iis,
3117 2800 3239 2856 quae
3256 2785 3359 2841 sub
3395 2800 3520 2841 sen-

1943 2893 2065 2933 sum
2090 2877 2312 2943 cadunt,
2350 2877 2535 2943 habet,
2582 2878 2816 2931 similem
2867 2876 3232 2944 cognitionem
3286 2876 3381 2931 Dei
3416 2892 3517 2946 po-

1941 2977 2048 3025 test
2069 2970 2195 3040 quis
2221 2969 2482 3038 praabcre,
2507 2978 2562 3022 et
2597 2968 2864 3035 accipere,
2893 2980 3153 3036 tanquam
3184 2984 3250 3023 ex
3286 2969 3521 3040 imagine

1863 3090 1909 3152 Ο
1942 3062 1998 3116 in
2034 3062 2124 3152 iis,
2156 3074 2279 3152 qua
2301 3059 2404 3114 sub
2440 3059 2848 3152 intelligentiam
2874 3061 3094 3152 cadunt.

2013 3151 2118 3206 Sed
2153 3149 2299 3205 enim
2327 3164 2390 3203 ex
2423 3150 2709 3218 negatione
2742 3148 2906 3203 etiam
2930 3148 3200 3216 omnium,
3224 3163 3345 3219 quae
3368 3159 3519 3214 sunt,

1940 3242 2265 3299 adducimur
2308 3240 2374 3295 ad
2410 3240 2932 3309 contemplationem
2966 3234 3309 3306 substantias,
3365 3250 3519 3298 extra

1940 3335 2126 3390 omnia
2166 3333 2378 3404 positae,
2411 3341 2467 3387 et
2506 3332 2850 3397 divinitatis;
2911 3331 3056 3401 quod
3083 3332 3229 3385 enim
3272 3331 3411 3386 nihil
3433 3342 3522 3387 est

1940 3440 2131 3481 eorum
2164 3425 2412 3479 omnium
2445 3439 2567 3496 quae
2591 3433 2740 3487 sunt,
2766 3434 2820 3477 et
2850 3423 2962 3493 (δί)
2988 3423 3134 3476 omni
3164 3422 3359 3478 melius
3411 3432 3519 3488 est,

1942 3519 2047 3574 hoc
2078 3518 2268 3588 utique
2309 3517 2419 3573 erit
2468 3516 2636 3579 Deus,
2671 3514 2763 3586 qui
2807 3531 2872 3569 ex
2904 3514 3075 3568 nihilo
3116 3512 3246 3568 fecit
3336 3529 3520 3581 omne,

1942 3619 1997 3665 et
2022 3609 2368 3679 providentia
2423 3623 2545 3671 sua,
2575 3622 2699 3675 quae
2739 3606 2883 3660 facta
2923 3616 3076 3672 sunt,
3117 3616 3432 3670 conservat,
3467 3616 3521 3661 et

1942 3710 2005 3757 ut
2023 3710 2153 3772 apte
2175 3710 2228 3756 et
2260 3700 2529 3755 concinne
2554 3706 2898 3762 moveantur,
2930 3696 3082 3751 facit.

2016 3792 2086 3846 Et
2140 3790 2287 3861 quod
2349 3789 2698 3860 potissimum
2760 3797 2866 3853 est,
2927 3786 3173 3842 omnium
3230 3787 3517 3845 hominum

1946 3883 2225 3938 mentibus
2277 3880 2642 3937 communiter
2692 3877 2918 3934 insitum
2944 3888 3046 3944 est,
3079 3878 3245 3933 Deum
3292 3893 3437 3947 esse,
3467 3891 3521 3936 et

1947 3975 2098 4031 illinc
2150 3974 2350 4044 fulgor,
2404 3983 2663 4042 tanquam
2703 3986 2797 4041 per
2848 3969 3193 4025 ostensiones
3255 3973 3518 4039 quasdam

1945 4058 2182 4122 mentem
2204 4065 2428 4128 excitat,
2456 4073 2511 4118 et
2552 4063 2843 4127 illuminat,
2886 4061 3104 4116 tametsi
3136 4075 3243 4116 non
3286 4071 3343 4116 ut
3373 4062 3521 4117 scia-

1944 4173 2094 4224 mus,
2118 4158 2247 4228 quid
2281 4155 2494 4211 tandem
2541 4153 2687 4209 Deus
2722 4164 2826 4220 est,
2853 4162 3034 4209 tamen
3073 4164 3133 4209 ut
3163 4168 3273 4208 non
3301 4154 3521 4225 ignore-

1946 4266 2095 4315 mus,
2117 4265 2240 4305 esse
2261 4248 2482 4319 quidem
2514 4248 2759 4301 omnino.
2784 4261 2798 4276 ·

2022 4342 2081 4396 Si
2116 4341 2262 4396 enim
2299 4340 2409 4407 (⁸55)
2448 4339 2630 4393 omnis
2679 4336 2981 4391 similitudo
3016 4334 3133 4391 sive
3159 4349 3355 4389 nomen
3386 4349 3521 4390 con-

269 4446 390 4500 σίαν
421 4445 737 4515 δεχόμενον,
782 4444 891 4496 εἴτε
929 4443 1007 4511 τῷ
1049 4441 1394 4513 διωρισμένῳ
1424 4442 1838 4513 περιγραφόμε-

1956 4432 2089 4490 tinui
2121 4431 2340 4493 habeat,
2383 4431 2498 4483 sive
2541 4428 2785 4492 discreti,
2832 4428 2977 4483 sicut
3026 4426 3082 4480 in
3114 4426 3388 4480 iniinitum
3419 4441 3518 4494 po-

266 4555 355 4590 νον
375 4577 388 4597 .
418 4536 605 4605 ὥσπερ
638 4538 717 4599 είς
748 4536 975 4607 ἄπειρον
1002 4533 1226 4587 δύναται
1251 4531 1545 4603 τέμνεσθαι
1585 4534 1680 4585 καὶ
1719 4548 1846 4585 σκε-

268 4627 539 4694 δάζεσθαι,
581 4626 724 4681 οὕτω
750 4628 846 4679 καὶ
888 4625 1025 4696 πρὸς
1053 4625 1154 4695 τὴν
1210 4622 1419 4702 φθορὰν
1446 4621 1842 4693 ἀποφέρεσθαι.

270 4721 484 4792 Μετοχῇ
530 4722 746 4783 πάντως
798 4720 916 4780 ἑνός
949 4732 1100 4779 τινος
1150 4715 1353 4786 ἐξήρθη
1396 4713 1491 4767 τοῦ
1545 4714 1622 4786 μὴ
1673 4713 1848 4767 ταῦτα

206 4845 213 4850 -
274 4812 459 4866 παθεῖν
487 4812 687 4866 αὐτίκα
718 4811 811 4864 τοῦ
842 4810 1149 4883 προελθεῖν,
1181 4808 1318 4862 ἀλλά
1349 4807 1518 4878 μονῆς
1547 4805 1847 4860 ἀπολαύειν

1946 4538 2053 4583 test
2083 4526 2260 4582 secari
2301 4533 2355 4579 et
2384 4522 2665 4591 dissipari,
2701 4522 2783 4575 sic
2814 4520 2979 4574 etiam
3012 4523 3078 4572 ad
3132 4518 3427 4572 ﬁnitionem
3464 4526 3521 4571 ct

1944 4618 2227 4674 interitum
2297 4612 2519 4676 deferri,
2568 4612 2797 4665 omnino
2844 4621 3028 4666 tamen
3094 4607 3519 4679 participatione

1945 4713 2109 4767 unius
2150 4709 2434 4779 cujusdam
2494 4706 2780 4766 liberatur,
2820 4718 2889 4757 ne
2945 4702 3047 4757 ista
3090 4700 3330 4773 patiatur
3382 4701 3518 4770 (54),

1951 4804 2138 4861 statim
2178 4812 2237 4858 ut
2270 4798 2619 4872 participatio
2652 4796 2817 4852 unius
2845 4793 3124 4865 prodivit:
3167 4793 3300 4863 quin
3336 4792 3518 4863 potius

1768 5021 1998 5080 NOTA‘J.

341 5144 612 5223 (δογδόιι
648 5155 821 5223 potest
859 5157 1116 5223 erprgntt,
1176 5143 1317 5223 sicut
1365 5138 1848 5223 neq‘uencognoscit

276 5208 735 5290 υεὶιείᾌρῤητον
769 5216 866 5286 μὲν
899 5208 960 5267 τι
982 5213 1137 5290 θεῖον
1168 5209 1357 5290 ὥσπερ
1386 5210 1482 5262 καὶ
1508 5208 1771 5290 ἀληπτον.
1794 5208 1848 5290 Id

277 5304 389 5347 est:
428 5309 447 5342 ι
485 5276 640 5343 th'
677 5276 857 5355 potest
904 5285 1125 5355 quidem
1152 5276 1358 5335 «verbis
1393 5276 1656 5349 exprihii,
1708 5278 1853 5331 sicut

280 5377 450 5429 neque
480 5355 935 5429 cognosciDeus.
973 5375 993 5406 ι
1052 5425 1063 5429 _
1100 5423 1113 5429 Δ
1144 5424 1157 5429 _
1237 5422 1250 5429 Α
1415 5419 1447 5429 __
1637 5414 1649 5429 Ι
1740 5417 1773 5429 Α,

383 5380 450 5415 ne
480 5380 735 5429 cogtlusu
772 5380 935 5410 usus.
973 5380 993 5406 1
1762 5417 1773 5427 .

344 5380 454 5502 3M)
513 5427 782 5502 Desidgrii
828 5422 1278 5502 “inquisitionis
1328 5419 1481 5502 radio
1535 5414 1852 5502 umbrantes

1949 5137 2030 5197 εἰς
2078 5135 2139 5189 τὸ
2181 5129 2323 5189 εἶναι
2376 5132 2437 5186 τὸ
2491 5133 2619 5187 πᾶν.
2652 5131 2705 5185 Id
2756 5138 2887 5185 est:
2941 5148 2962 5183 ι
2994 5128 3060 5184 Ει
3111 5130 3217 5184 hoc
3271 5130 3524 5185 universo

1950 5206 2147 5260 melius
2171 5214 2256 5260 est
2289 5242 2305 5258 .
2344 5242 2359 5257 .
2394 5242 2408 5256 .
2439 5218 2507 5257 ex
2543 5202 2711 5257 nihilo
2736 5200 2863 5255 fecit
2890 5201 3232 5267 universum,
3266 5215 3362 5255 seu
3384 5202 3525 5256 hanc

1948 5291 2132 5329 rerum
2163 5273 2596 5329 universitatem.
2626 5290 2645 5324 ι

2049 5346 2100 5413 l)
2136 5345 2227 5399 Est
2250 5340 2831 5413 dissertatioseennda
2854 5340 3001 5413 apud
3024 5338 3378 5413 B_:isnagiur_n.

2049 5346 2100 5413 l)
2136 5346 2227 5399 Est
2250 5346 2565 5398 dissertatio
2595 5346 2831 5396 secunda
2858 5346 3001 5463 apud
3024 5346 3378 5411 Basnagium.

2023 5346 2136 5485 £53)
2191 5413 2384 5485 Omnis
2420 5412 2738 5485 similitudo.
2768 5410 2882 5482 Πλῆ
2919 5427 2979 5474 ος
3045 5410 3214 5468 ἅπαν.
3274 5408 3331 5463 Id
3389 5416 3472 5463 est
3504 5422 3523 5461 :

281 5481 561 5557 elicientes.
590 5495 700 5551 Τοῦ
748 5513 807 5548 τε
837 5481 1003 5548 πόθού
1035 5496 1130 5547 καὶ
1154 5491 1501 5560 συζητήσεως
1536 5488 1838 5560 σκιαφανεζς

1959 5502 1978 5537 t
2018 5481 2208 5560 omnis
2233 5481 2547 5560 multitudo.
2601 5498 2620 5560 ι

281 5556 495 5634 ἀκτῖνας
518 5571 790 5628 ἕλκοντες.
864 5565 918 5620 Id
957 5576 1041 5620 est
1077 5581 1090 5617 :
1152 5581 1171 5614 ι
1207 5556 1470 5616 Desiderii
1508 5566 1564 5612 et
1624 5556 1827 5625 inquisi

287 5642 441 5697 tionis
470 5640 655 5695 radios
689 5636 1005 5691 umbratiles
1033 5634 1334 5690 elicientes.
1376 5648 1394 5681 ι

350 5714 461 5780 (32)
494 5711 563 5763 Et
586 5708 727 5780 omni
750 5706 933 5780 melius
959 5713 1036 5759 est
1067 5744 1082 5760 .
1120 5743 1134 5758 .
1158 5742 1173 5757 .
1203 5718 1279 5780 ex.
1294 5699 1456 5753 nihilo
1500 5697 1642 5780 fecit.
1677 5708 1848 5780 omne.

290 5766 540 5855 κρεῖττον
557 5779 615 5836 δὲ
630 5778 727 5833 τοῦ
763 5776 963 5841 παντὸς
993 5814 1009 5831 .
1046 5816 1060 5830 .
1086 5813 1107 5832 .
1144 5772 1470 5845 προήγαμεν
1497 5766 1561 5824 ἐκ
1583 5767 1660 5839 μὴ
1674 5766 1849 5819 ὄντων

2025 5554 2138 5622 (56)
2170 5552 2369 5622 Statim
2390 5560 2445 5622 ut
2466 5550 2817 5622 iparticipatio
2847 5550 3007 5622 unius
3040 5548 3291 5618 prodicit.
3315 5544 3525 5601 Αὐτίκα

1956 5623 2048 5677 τοῦ
2080 5618 2383 5693 προελθεῖν.
2420 5618 2481 5676 1d
2515 5631 2599 5677 est
2628 5635 2643 5676 :
2670 5618 2694 5673 ι
2741 5619 2937 5676 Statim
2967 5628 3027 5675 ut
3049 5622 3103 5673 in
3133 5631 3318 5675 rerum
3363 5626 3525 5671 natu-

1958 5708 2073 5749 ram
2105 5691 2328 5764 prodiit.
2361 5708 2381 5743 ι
