3908 6214
422 336 524 404 891

1579 317 1842 381 ΡΗΟΤΙΙ
1878 310 2387 378 PATRIARCH/E
2412 310 2524 373 (ΣΡ.

3577 303 3697 368 892

424 464 547 518 quae
577 460 744 517 supra
781 440 1145 499 substantiam
1179 446 1286 503 est,
1336 433 1583 506 depingit
1617 444 1671 488 et
1707 429 2001 502 exprimit:

2118 424 2170 477 τδ
2197 423 2303 477 τῶν
2329 418 2680 475 ὐποστάσεων
2706 416 2843 488 πρὸς
2862 416 3109 488 ’ἀλλήλας
3130 417 3477 484 ἀδιάστατον,
3503 421 3603 472 καὶ
3633 422 3698 473 τὸ

426 539 671 609 proxime
699 550 828 591 vero
864 534 1021 590 docet
1053 542 1409 601 personarum
1434 526 1573 580 inter
1604 538 1664 578 se
1692 537 1856 576 unam
1886 520 2007 575 sine

427 630 535 684 ulla
571 626 834 684 distantia
859 634 1134 688 naturam,
1166 631 1221 677 et
1251 621 1371 677 sine
1403 617 1512 672 ulla
1538 614 1841 671 variatione
1870 610 2006 667 sub-

424 723 703 780 stantiam.
1629 771 1643 785 δ

497 813 769 868 Ρτιιλιετεε
809 810 862 864 in
912 808 1003 873 iis,
1034 821 1158 876 quae
1189 802 1425 875 perfecta
1459 808 1614 865 sunt,
1669 796 2009 854 conveniunt

427 906 776 978 principium,
810 900 1067 966 medium,
1099 906 1153 953 et
1186 897 1311 951 ﬁnis
1339 913 1353 950 :
1384 894 1595 966 primus
1650 901 1834 947 autem
1866 890 2010 944 inter

427 1014 621 1055 omnes
651 998 790 1051 alios
818 990 1099 1057 numeros,
1134 1003 1398 1044 numerus
1431 986 1597 1041 trium
1635 986 1753 1041 haec
1779 983 2008 1040 sortitus

426 1098 509 1144 est
540 1105 557 1155 ;
588 1092 957 1143 consentanee
1004 1083 1148 1136 enim
1194 1077 1455 1134 divinitas
1512 1091 1740 1140 arcana,
1774 1083 1830 1128 et
1886 1088 2009 1141 qua:

428 1178 652 1249 cegitari
684 1190 793 1230 non
822 1180 1022 1243 potest,
1079 1185 1203 1224 cum
1240 1169 1399 1223 vellet
1432 1182 1529 1238 per
1576 1180 1663 1230 ea,
1698 1179 1821 1235 quae
1851 1162 2009 1217 nobis

427 1281 557 1323 nota
582 1275 732 1329 sunt,
771 1273 831 1319 ut
893 1261 1137 1335 symbola
1167 1260 1421 1330 quaedam
1460 1266 1517 1323 et
1558 1254 1784 1327 vestigia
1822 1255 2008 1324 cogni-

427 1360 596 1416 tionis
624 1372 740 1414 sua
771 1356 1040 1418 lacerent,
1067 1353 1242 1408 voluit
1270 1366 1365 1422 per
1400 1363 1710 1406 sermonem
1761 1346 2006 1401 divinum

426 1456 494 1509 de
530 1452 705 1506 tribus
773 1448 931 1503 nobis
1014 1455 1322 1501 notescere.
1382 1441 1595 1498 Deinde
1667 1451 2011 1510 quacunque

429 1544 596 1599 Deum
621 1540 872 1597 decentia
908 1539 961 1594 in
1024 1538 1135 1593 Deo
1185 1535 1643 1605 contemplamur,
1703 1532 2013 1602 reperimus

424 1649 455 1687 a
494 1632 769 1703 principio
818 1639 1073 1685 naturam
1105 1628 1407 1697 accepisse,
1445 1635 1504 1680 ut
1535 1626 1602 1680 ad
1637 1622 1745 1678 tria
1778 1637 2010 1677 revoca-

424 1734 636 1791 rentur,
676 1734 731 1780 et
763 1739 864 1779 nec
891 1722 958 1777 ad
1011 1719 1292 1790 pauciora,
1326 1732 1426 1773 nec
1463 1717 1530 1771 ad
1571 1716 1749 1786 plura.
1789 1713 1857 1768 Et
1885 1729 2009 1785 qua:

2110 513 2357 585 συμφυὲς
2389 510 2570 565 αὐτῶν
2592 508 2688 563 καὶ
2713 508 2833 562 κατ’
2854 508 3045 562 οὐσίαν
3075 509 3518 581 ἀπαράλλακτον.

2181 775 2303 828 Ἔτι
2327 774 2383 828 δέ
2415 773 2509 828 ἐπί
2531 773 2648 836 τοῖς
2675 770 2910 836 τελείοις
2931 771 2967 843 ἥ
2992 787 3053 825 τε
3077 770 3223 842 ἀρχὴ
3251 772 3346 824 καὶ
3364 773 3397 841 ἡ
3430 774 3696 843 μεσότης,

2109 867 2202 922 καὶ
2229 868 2263 939 ἡ
2289 866 2566 936 τελειότης
2614 864 2948 936 πρόσφορον.
3000 862 3221 935 Πρῶτος
3259 863 3318 917 δέ
3349 863 3463 918 τῶν
3507 865 3697 919 ἄλλων

2109 957 2360 1031 ἀριθμῶν
2389 959 2418 1011 ὁ
2442 957 2591 1028 τρεῖς
2639 952 3078 1025 ἀπεκληρώσατο
3105 952 3302 1021 ταῦτα,
3335 954 3564 1018 εἰκότως
3586 955 3698 1008 ἀπὸ

2107 1052 2215 1104 τῶν
2244 1048 2541 1120 γνωρίμων
2574 1048 2710 1119 ἡμῖν
2739 1044 2989 1116 σύμϐολά
3016 1062 3137 1099 τινα
3170 1046 3267 1099 καὶ
3299 1044 3422 1116 ἴχνη
3452 1047 3487 1116 η
3518 1045 3699 1116 ἀρρη-

2109 1158 2203 1205 τος
2234 1140 2331 1194 καὶ
2366 1139 2723 1208 ἁνεπινόητος
2750 1136 2944 1205 θεότης
2969 1175 2984 1201 ,
3011 1138 3112 1208 τῆς
3138 1136 3496 1204 ἐπιγνώσεως
3521 1136 3699 1204 αὐτῆς

2110 1230 2386 1304 ἐλλάμψαι
2433 1227 2813 1301 προνοουμένη
2859 1226 2952 1281 διά
2986 1227 3086 1299 τῆς
3130 1226 3421 1298 τριαδικῆς
3450 1228 3554 1281 οὐκ
3594 1229 3703 1281 ἀπ-

2108 1322 2340 1393 ηξίωσεν
2392 1316 2790 1391 ἐμφανίζεσθαι
2825 1316 3129 1385 θεολογίας.
3160 1315 3284 1370 Ἐτι
3316 1316 3374 1369 δὲ
3408 1319 3506 1370 καὶ
3528 1317 3702 1371 διότι-

2110 1428 2216 1481 περ
2244 1411 2344 1464 ὅσα
2373 1408 2656 1480 θεοπρεπῆ
2706 1406 3031 1479 καθορῶμεν
3063 1408 3121 1460 ἐν
3145 1406 3225 1478 τῷ
3265 1405 3406 1477 Θεῷ,
3451 1407 3535 1471 είς
3569 1406 3702 1479 τρία

2112 1500 2677 1575 ωγκεφαλαιοῦσθαι,
2703 1499 2892 1569 φασὶν,
2920 1499 3176 1570 ἀπαρχῆς
3194 1498 3527 1571 εὐρίσκομεν
3548 1500 3704 1573 είλη-

2111 1596 2271 1665 φότα,
2300 1594 2399 1648 καὶ
2421 1591 2550 1647 οὔτε
2578 1592 2663 1656 εις
2689 1590 2949 1645 ἐλάττονα
2966 1633 2983 1659 ,
3018 1590 3141 1644 οὐδὲ
3184 1592 3264 1654 είς
3291 1589 3519 1645 πλείονα
3574 1608 3704 1646 συν·

2110 1687 2378 1759 αγόμενα.
2423 1688 2518 1749 El;
2554 1688 2688 1741 ποῖα
2718 1685 2778 1740 δὲ
2807 1684 3025 1753 enim;
3070 1686 3153 1749 ιίς
3188 1685 3400 1752 οὐσίαν,
3428 1686 3511 1749 είς
3538 1685 3703 1739 δύνα-

424 1819 529 1874 ista
561 1819 730 1873 sunt?
779 1830 973 1885 nempe
1008 1810 1339 1877 substantia,
1372 1810 1547 1864 virtus
1596 1808 1711 1863 sive
1744 1806 2005 1877 potentia,

2118 1797 2231 1851 μιν,
2258 1779 2356 1834 καὶ⁵
2389 1778 2694 1851 ἐνέργειαν.
2725 1775 2864 1832 Οὔτε
2894 1777 3005 1849 γάρ
3028 1779 3179 1832 ὅσιον
3207 1777 3590 1851 θεάτητοςτὶιν
3611 1778 3707 1834 δυ-

423 1920 481 1964 et
514 1906 799 1978 Operatio;
859 1920 961 1959 nec
1016 1901 1161 1957 enim
1196 1900 1280 1955 las
1324 1908 1409 1956 est
1462 1897 1680 1953 auferre
1710 1896 2010 1967 potentiam

427 2000 743 2064 divinitati;
784 1997 896 2052 imo
936 2010 1035 2050 nec
1087 1994 1483 2065 operationem,
1526 2002 1582 2045 et
1627 1989 1800 2044 multo
1830 1989 2011 2043 minus

426 2090 817 2153 substantiam,
850 2087 984 2158 quin
1025 2086 1193 2140 etiam
1235 2097 1412 2153 nequc
1453 2082 1581 2136 licet
1616 2080 1721 2134 ista
1758 2079 1898 2134 idem
1932 2076 2013 2133 fa-

425 2199 573 2247 cere,
598 2191 653 2237 et
673 2182 727 2236 in
759 2196 921 2235 unam
956 2192 1246 2249 personam
1276 2174 1625 2237 contrahere,
1656 2186 1721 2227 ac
1741 2171 2011 2226 rationem

429 2288 596 2329 unam
631 2280 686 2326 et
737 2270 985 2325 eamdem
1022 2267 1250 2323 reddere
1285 2264 1542 2336 potentiae
1571 2273 1625 2318 et
1664 2262 2008 2327 substantiae,

324 2390 333 2397 ι
428 2363 514 2417 vel
566 2360 827 2432 potentia;
851 2367 908 2413 et
941 2357 1297 2429 operationis,
1332 2354 1445 2426 (42)
1486 2354 1571 2410 vel
1601 2353 1933 2424 Operationis
1958 2361 2014 2408 et

429 2451 769 2508 substantiae.
811 2449 948 2503 Cum
989 2461 1119 2517 ergo
1155 2447 1258 2501 tria
1312 2445 1443 2509 sint,
1480 2444 1548 2498 ad
1597 2459 1720 2513 quae
1750 2443 1856 2496 alia
1911 2454 2011 2495 no-

429 2544 598 2609 mina,
630 2556 752 2613 quae
784 2538 955 2593 Deum
979 2539 1193 2599 decent,
1221 2543 1277 2591 et
1310 2533 1669 2606 proprietates
1696 2532 2012 2588 referuntur

428 2646 485 2691 et
534 2634 897 2694 reducuntur,
929 2639 1299 2685 consentanee
1329 2627 1475 2682 Deus
1502 2640 1604 2681 nec
1638 2626 1781 2679 intra
1822 2624 2010 2677 Trini-

429 2733 597 2781 tatem
631 2722 953 2789 includitur,
982 2734 1081 2776 nec
1113 2729 1268 2773 extra
1284 2717 1626 2800 o'l‘rinitatem
1649 2714 1937 2769 dilatatur.

502 2904 616 2975 (45)
649 2901 936 2970 Quomodo
976 2912 1159 2956 autem
1207 2900 1482 2955 ducantur
1530 2897 1713 2968 aliqua
1744 2896 1911 2951 etiam
1955 2895 2011 2950 in

434 2999 683 3070 singulas
723 3014 791 3055 ex
823 2998 944 3054 istis
971 2997 1149 3051 tribus
1179 2993 1528 3076 notionibus2
1561 3006 1739 3061 neque
1769 2989 2010 3045 laborio-

433 3107 556 3147 sum
594 3100 681 3146 est
706 3090 967 3158 reperire,
1006 3102 1180 3157 neque
1211 3084 1443 3155 repertis
1477 3083 1617 3137 alios
1648 3080 1830 3136 facere
1860 3081 2011 3135 utili-

434 3129 556 3147 πυ...
595 3129 681 3146 ι..
708 3129 967 3158 mpm"...
1006 3129 1180 3157 ...μνη
1213 3129 1443 3155 μνη---
1477 3129 1616 3137 -..η
1648 3129 1828 3136 ηπ--
1863 3129 1979 3135 _---_

434 3185 563 3238 tatis
594 3182 924 3253 participes;
963 3194 1026 3235 ac
1056 3178 1293 3249 primum
1330 3174 1435 3229 hoc
1458 3188 1656 3228 nomen
1688 3185 1852 3241 supra
1883 3170 2016 3226 sub-
2041 3129 2088 3192 Ο

437 3274 733 3335 stantiam,
786 3272 1025 3334 bonum,
1090 3282 1279 3324 carere
1309 3266 1513 3337 ﬁgura,
1561 3278 1774 3329 unum,
1833 3276 2021 3317 carere

448 3363 829 3436 magnitudine
897 3371 953 3417 et
1020 3359 1221 3417 similia
1295 3356 1661 3414 substantiam
1718 3353 2019 3420 declarant,

437 3458 656 3513 tametsi
677 3456 781 3511 alia
803 3455 1021 3525 quidem
1045 3454 1282 3523 primum
1314 3459 1368 3505 et
1397 3449 1516 3503 sine
1539 3446 1884 3511 intermedio,
1915 3446 2021 3500 alia

436 3565 569 3604 vero
600 3547 782 3603 medio
808 3549 1066 3618 quopiam
1099 3543 1261 3597 simul
1294 3540 1568 3611 cogitato;
1610 3553 1734 3594 esse
1765 3537 2020 3603 liberum,

434 3654 557 3695 csse
582 3654 697 3695 sua:
728 3636 1036 3710 potestatis.
1081 3634 1371 3689 Dominum
1398 3672 1411 3697 ,
1442 3630 1764 3685 Creatorem
1788 3668 1803 3694 ,
1845 3627 2024 3682 omni-

436 3738 751 3800 potentem,
798 3737 854 3782 et
901 3725 1101 3782 similia
1146 3725 1200 3779 in
1252 3722 1713 3793 contemplatione
1766 3720 2025 3791 potentia:

436 3821 833 3891 comprehensa
857 3827 1007 3875 sunt.
1035 3815 1255 3872 Creatio
1288 3830 1439 3879 vero,
1482 3823 1532 3869 et
1563 3811 1926 3885 providentia,
1972 3817 2027 3864 et

440 3912 693 3979 salvatio,
725 3921 781 3967 et
809 3911 1107 3981 gratiarum
1134 3908 1471 3970 distributio,
1497 3917 1553 3961 et
1574 3907 1801 3970 donum,
1828 3914 1883 3959 et
1908 3918 2028 3973 qua:

441 4004 531 4058 bis
566 4010 696 4057 sunt
726 4000 940 4067 vicina,
999 3999 1371 4070 Operationein
1401 3996 1634 4051 diversis
1678 4004 1735 4050 et
1783 3992 2028 4064 mysticis

2113 1890 2277 1943 ναμιν
2324 1871 2570 1943 ἀφελεῖν,
2620 1870 2746 1926 οὔτε
2796 1871 2904 1943 μὴν
2947 1871 3069 1925 οὐδέ
3113 1870 3213 1942 τὴν
3255 1870 3565 1942 ἐνέργειαν,
3605 1871 3707 1926 καὶ

2109 1964 2293 2036 πολλῷ
2330 1964 2535 2034 μᾶλλον
2559 1963 2680 2017 οὐδὲ
2705 1964 2807 2035 τὴν
2835 1963 3046 2018 οὐσίαν.
3081 1964 3157 2017 Οὐ
3193 1964 3300 2035 μὴν
3325 1964 3437 2018 οὐδ’
3465 1966 3546 2028 είς
3568 1981 3703 2017 ταυο

2109 2057 2201 2111 τὸν
2232 2056 2348 2111 ἔστι
2382 2057 2479 2111 καὶ
2504 2055 2637 2127 μίαν
2660 2055 2960 2110 ὑπόστασιν
2988 2058 3319 2125 συναγαγεῖν
3349 2053 3527 2109 ταῦτα
3545 2093 3562 2118 ,
3604 2059 3704 2110 καὶ

2109 2149 2267 2218 λόγον
2299 2147 2397 2201 ἕνα
2446 2148 2539 2201 καὶ
2589 2147 2685 2201 τὸν
2738 2147 2900 2203 αὐτὸν
2938 2146 3255 2202 ἀποδοῦναι.
3298 2146 3602 2219 Δυνάμεώς
3639 2166 3698 2202 τε

2109 2246 2207 2299 καὶ
2233 2243 2443 2312 οὐσίας,
2469 2243 2504 2315 ἢ
2536 2243 2821 2314 δυνάμεως
2858 2244 2954 2298 καὶ
2981 2243 3289 2315 ἐνεργείας,
3331 2244 3365 2315 ἢ
3413 2245 3702 2315 ἐνεργείας

2110 2337 2207 2390 καὶ
2237 2334 2449 2399 οὐσίας.
2498 2334 2637 2389 Ἀλλ’
2665 2334 2787 2389 οὐδέ
2819 2333 3020 2387 πολλοῦ
3045 2334 3126 2388 δεῖ
3153 2333 3250 2389 τοῦ
3290 2334 3701 2407 συναθροίσμσ-

2109 2444 2202 2492 τος
2234 2425 2437 2481 αὐτῶν.
2474 2426 2660 2497 Τριῶν
2689 2426 2782 2481 οὖν
2808 2426 2978 2481 ὄντων
3008 2429 3089 2492 είς
3115 2427 3150 2481 ἃ
3174 2427 3243 2481 τά
3270 2426 3409 2482 ἄλλα
3441 2428 3551 2481 τῶν
3581 2427 3703 2481 Oso-

2111 2519 2340 2590 πρε-πῶν
2366 2518 2657 2588 ὀνομάτων
2685 2534 2747 2569 τε
2783 2519 2881 2571 καὶ
2913 2519 3221 2588 ἰδιωμάτων
3257 2517 3701 2587 συγκεφαλαιοῦο

2109 2628 2200 2664 ται
2232 2610 2326 2663 καὶ
2361 2610 2650 2678 ἀνάγεται.
2684 2608 2926 2674 Είκότως
2958 2610 3021 2663 τὸ
3047 2610 3204 2663 Θείον
3249 2610 3377 2663 οὐτε
3408 2612 3562 2674 ἐντὸς
3601 2611 3702 2682 τῆς

2111 2701 2343 2773 Τριάδος
2384 2700 2790 2773 περικλείεται,
2835 2698 2961 2754 οὐτε
2998 2701 3109 2773 μὴν
3135 2700 3343 2772 ταύτης
3377 2700 3704 2771 ὑπερεκτεί-

2059 2788 2084 2814 ⁹
2111 2811 2286 2848 νεται.

2182 2884 2306 2948 Πῶς
2344 2883 2389 2937 δ’
2423 2882 2685 2954 ἀναχθείη
2700 2866 2727 2932 ’ἱ
2763 2882 2858 2935 καὶ
2888 2873 3010 2936 τίνα
3065 2882 3147 2946 είς
3197 2884 3430 2937 ἕκαστον
3452 2884 3561 2937 τῶν
3598 2885 3708 2939 θεο·

2110 2976 2455 3046 λογουμένων
2487 2973 2655 3045 τριῶν
2696 2972 2937 3038 ἐννοιῶν,
2980 2972 3105 3027 οὐτε
3133 2977 3296 3045 ἔργον
3328 2975 3533 3046 εὐρεῖν,
3576 2976 3707 3029 οὔτε

2118 3067 2228 3139 μὴν
2269 3066 2501 3137 εὑρόντα
2544 3063 2621 3135 μὴ
2670 3063 2767 3118 καὶ
2808 3062 3007 3128 ἄλλους
3048 3065 3279 3135 ποιῆσαι
3312 3066 3411 3136 τῆς
3438 3066 3708 3135 ὠφελείας

2119 3154 2437 3220 κοινωνούς.
2485 3153 2697 3208 Αὐτίκα
2744 3153 2807 3207 τὸ
2863 3153 3214 3225 ύπερούσιον,
3266 3157 3328 3210 τὸ
3373 3157 3610 3227 ἀγαθὸν,
3649 3157 3709 3211 τδ

2117 3248 2551 3320 ἀσχημάτιστον,
2588 3245 2649 3299 τὸ
2678 3243 2759 3311 ἓν,
2792 3245 2852 3299 τὸ
2879 3246 3105 3313 ἀποσον,
3166 3246 3263 3300 καὶ
3292 3247 3360 3301 τά
3384 3248 3574 3319 ὃμοια,
3613 3250 3708 3320 τὴν

2119 3342 2309 3398 οὐσίαν
2340 3342 2426 3412 εῐη
2456 3340 2523 3396 ἂν
2550 3339 2995 3412 παραδηλοῦντα.
3026 3341 3091 3394 El
3118 3340 3216 3394 καὶ
3244 3341 3311 3394 τὰ
3334 3341 3433 3413 μὲν
3456 3343 3708 3412 ἀμέσως,

2119 3434 2189 3488 τὰ
2234 3434 2292 3487 δέ
2337 3433 2483 3497 τινὸς
2532 3432 3115 3503 συνεπιθεωρουμένης
3160 3432 3479 3503 μεσότητος.
3522 3434 3599 3487 Τὸ
3652 3434 3709 3487 δὲ

2120 3525 2494 3592 αὐτεξούσιον,
2535 3525 2598 3576 τὸ
2643 3524 3062 3605 αὐτοδέσποτον,
3112 3522 3175 3576 τὸ
3221 3522 3461 3594 Κύριον,
3500 3524 3563 3577 τὸ
3610 3527 3713 3595 Δη-

2126 3614 2470 3688 μιουργικδν,
2525 3616 2587 3669 τδ
2630 3615 3069 3685 παντοδύναμον,
3100 3615 3195 3668 καὶ
3225 3614 3295 3668 τά
3327 3617 3708 3685 παραπλήσια,

2123 3710 2274 3779 sui;
2301 3710 2402 3779 τῆς
2442 3704 2753 3778 δυνάμεως
2786 3706 3257 3778 περιλαμϐάνεται
3291 3705 3495 3777 θεωρία
3532 3708 3566 3777 ἡ
3621 3706 3714 3775 δη-

2128 3799 2428 3871 μιουργικὴ
2464 3798 2522 3851 δὲ
2552 3798 2647 3853 καὶ
2676 3799 2711 3869 ἡ
2742 3797 2972 3870 πρόνοια
3003 3798 3098 3850 καὶ
3144 3799 3177 3867 ὴ
3216 3796 3461 3869 σωτηρία
3486 3836 3503 3860 ,
3543 3799 3644 3849 καὶ
3680 3800 3708 3863 ή

2124 3892 2232 3946 τῶν
2262 3892 2621 3963 χαρισμάτων
2660 3890 2912 3961 διανομὴ,
2946 3889 3041 3944 καὶ
3096 3891 3130 3960 ἠ
3171 3887 3351 3961 δωρεᾶ
3392 3890 3487 3943 καὶ
3518 3890 3588 3942 τὰ
3619 3888 3709 3942 σύ-

2134 3999 2347 4054 στοιχα,
2388 3983 2491 4053 τὴν
2539 3982 2825 4053 ἐνέργειαν
2855 3980 3134 4052 διαφόροις
3161 3981 3258 4034 καὶ
3293 3983 3574 4050 μυστικοῖς
3618 3985 3711 4055 ρήο

446 4093 633 4148 verbis
661 4092 989 4163 signiﬁcant.
1031 4090 1090 4145 Si
1142 4105 1266 4160 quae
1298 4104 1427 4143 vero
1476 4087 1700 4142 nomina
1747 4085 1930 4141 divina
1976 4098 2005 4138 e

2135 4092 2299 4146 μασιν
2330 4073 2718 4146 ίερολογοῦσιν.
2764 4074 2828 4127 Εί
2861 4073 2906 4126 δ’
2954 4072 3036 4126 ἔτι
3087 4073 3211 4126 τινὰ
3245 4072 3355 4125 ⁴¹’ῶν
3389 4071 3710 4145 θεοπρεπῶν

363 4250 367 4255 ε
444 4185 696 4241 notiones
721 4183 857 4254 (ﬂ),
896 4200 1001 4238 non
1027 4183 1093 4237 ad
1125 4198 1292 4237 unum
1313 4198 1377 4236 ex
1404 4181 1525 4236 istis
1539 4179 1716 4235 tribus
1736 4177 2011 4255 pertinent

2129 4169 2411 4239 ὀνομάτων
2458 4186 2518 4222 τε
2565 4171 2659 4223 καὶ
2702 4169 3012 4239 νοημάτων,
3048 4168 3147 4220 καὶ
3182 4167 3260 4229 εἰς,
3294 4165 3353 4219 ἐν
3392 4165 3500 4217 τῶν
3546 4165 3710 4236 τριῶν

443 4278 539 4334 sed
595 4278 648 4332 in
694 4285 807 4331 tota
841 4273 1111 4330 Trinitate
1146 4285 1476 4336 versantur,
1542 4287 1649 4327 non
1706 4269 1881 4325 solum
1922 4282 2011 4324 nor

2134 4262 2320 4331 μόνον,
2378 4262 2514 4316 ἀλλά
2540 4262 2609 4315 δι’
2639 4262 2769 4333 ὅλης
2800 4262 3005 4333 ἥκοντα
3034 4259 3135 4330 τῆς
3181 4257 3414 4330 Τριάδος
3449 4258 3511 4311 οὐ
3556 4261 3710 4326 μόνον

442 4377 649 4439 pugnat
680 4380 805 4419 cum
844 4362 1056 4419 ratione
1084 4361 1360 4425 veritatis,
1385 4373 1561 4430 neque
1583 4372 1707 4413 cum
1734 4353 2011 4423 Tlieologi:

2133 4353 2289 4408 οὐδὲν
2314 4352 2525 4407 τούτων
2554 4354 2793 4425 μάχεται
2811 4353 2890 4423 τῷ
2911 4354 3010 4423 τῆς
3031 4351 3291 4424 ἀληθείας
3317 4351 3480 4421 λόγῳ.
3504 4351 3625 4405 οὐδὲ
3648 4353 3707 4421 τῇ

443 4462 511 4513 de
542 4456 830 4521 Trinitate,
867 4455 964 4509 sed
1000 4453 1123 4525 plus
1155 4454 1324 4507 etiam
1366 4449 1656 4506 conﬁrmat
1685 4460 1878 4501 eorum
1918 4454 2011 4500 stat

2136 4444 2341 4519 θεωρίᾳ⁵
2366 4447 2468 4517 τῆς
2495 4447 2783 4519 τριαδικῆς
2808 4446 3110 4515 θεολογίας,
3158 4445 3275 4500 ἀλλ’
3319 4445 3415 4498 ἐπὶ
3452 4444 3615 4498 πλέοιν
3653 4460 3709 4496 τε

445 4545 734 4613 bilitateni,
775 4556 829 4601 et
876 4544 945 4600 ab
987 4545 1138 4599 omni
1192 4541 1619 4613 reprehensione
1658 4537 2011 4594 vacationem.

2136 4538 2338 4608 μᾶλλον
2389 4538 2574 4593 αὐτῶν
2615 4539 2677 4593 τὸ
2723 4540 2968 4609 ἀσφαλές
3009 4544 3068 4592 τε
3097 4540 3191 4591 καὶ
3223 4538 3593 4608 ἀνεπίληπτον
3624 4536 3709 4608 βε-

445 4641 560 4694 imo
603 4638 767 4695 etiam
811 4635 1157 4692 occasionem
1209 4633 1413 4705 praebet
1456 4631 1824 4686 secundarum
1863 4627 2011 4684 ratio

2132 4632 2296 4687 δαιοῖ.
2347 4630 2509 4685 Ἀλλά
2538 4632 2634 4686 καὶ
2668 4632 2936 4704 δευτέρων
2965 4631 3248 4703 λογισμῶν
3277 4630 3500 4684 δίδωσιν
3542 4632 3707 4701 ἀφορο

446 4746 602 4796 num,
639 4728 840 4799 quibus
868 4725 1318 4782 demonstramus
1366 4731 1734 4779 consentanee
1764 4721 1935 4778 Deum
1980 4721 2011 4775 il

2135 4723 2266 4795 μὴν,
2294 4722 2360 4777 δι’
2391 4714 2467 4777 ὧν
2494 4723 2557 4777 τὸ
2585 4724 2738 4778 Θεῖον
2773 4724 3149 4778 ἐπιδείκνυται
3182 4725 3266 4786 είς
3308 4721 3599 4793 τριαδικὴν
3634 4720 3709 4772 εὐ·

446 4824 712 4879 ambitum
746 4821 912 4876 trium
944 4834 1306 4890 personarum
1339 4816 1622 4888 explicari.

2134 4811 2308 4881 λόγως
2340 4812 2585 4866 ἀναπλού
2593 4830 2755 4884 μενον
2783 4830 2853 4867 πε
2862 4815 3071 4885 ριοχήν.

523 4914 792 4971 Similiter
819 4912 867 4968 si
891 4912 1019 4983 quis
1052 4910 1156 4964 alia
1190 4904 1631 4969 consideratione
1655 4906 1906 4961 ostendet
1935 4919 2011 4959 no

2228 4901 2510 4966 Ὡσαύτως
2549 4902 2609 4956 δέ
2641 4904 2737 4957 καὶ
2784 4903 2839 4957 εί
2879 4920 2967 4968 τις
3008 4904 3076 4958 δι’
3116 4903 3311 4974 ἐτέρας
3349 4902 3609 4971 ἐπιϐολῆς
3636 4900 3708 4961 είς

450 5007 599 5063 mina
628 5006 811 5062 divina
838 5014 894 5061 et
921 5004 1173 5059 notiones
1216 5001 1271 5056 in
1310 5010 1425 5057 tres
1454 5014 1722 5072 personas
1746 4996 2011 5053 Trinitati:

2137 4994 2427 5066 τριαδικὴν
2450 4994 2601 5068 δείξῃ
2628 4997 3034 5069 συναρίθμησιν
3061 5000 3131 5053 τὰ.
3154 5000 3435 5068 θεοπρεπῆ
3460 4997 3569 5048 τῶν
3597 4994 3706 5045 bvo-

1751 5131 1994 5189 VARIE
2024 5130 2429 5191 LECTIONES.

524 5233 541 5285 ί
574 5234 612 5290 l.
637 5232 905 5305 διαχθείη.
933 5230 1034 5286 Per
1074 5227 1515 5302 bypodiastolen.
1546 5226 1751 5283 Cares.

1971 5316 2207 5376 ΝΟΤΕ.

522 5419 637 5491 (ιε)
677 5419 768 5474 Vel
788 5418 1116 5491 operationis
1139 5428 1205 5491 ειΔ
1228 5414 1578 5491 ιιιίηιαιιιίςιί.⁸
1600 5410 1739 5491 cum
1764 5413 2026 5491 "garrio

449 5481 577 5547 sirit.
608 5481 678 5561 ᾝ
701 5481 978 5561 ἐνεργείας
1004 5490 1099 5542 καὶ
1153 5487 1363 5561 οὐσίας.
1437 5483 1579 5561 ξᾼλλξ
1630 5481 1751 5561 οὐδὲ
1804 5481 2022 5561 (πολλοῦ

451 5562 553 5624 δεῖ)
584 5558 676 5614 τοῦ
703 5550 1410 5630 συξαθροίσματος-αὐτῶνη
1437 5550 1621 5630 Τριῶν
1678 5550 1773 5606 οὖν
1807 5550 2020 5630 έδντων.

453 5631 509 5687 ιιι
539 5620 665 5687 est:
697 5648 717 5682 ι
764 5628 861 5685 Vel
877 5620 1221 5700 operationis
1255 5634 1316 5700 et_
1330 5620 1649 5700 substantia:
1676 5638 1691 5675 :
1728 5623 1823 5700 sed
1846 5638 2024 5694 neque

453 5703 708 5783 linultum
738 5708 884 5759 certe
910 5692 1084 5771 abest)
1109 5695 1447 5756 collectioni:
1473 5706 1687 5751 earum.
1723 5692 1862 5751 Cum
1891 5692 2022 5766 ergo

455 5780 559 5828 tria
588 5780 716 5830 sint.
732 5790 753 5826 ι

2206 5412 2320 5537 $45)
2343 5413 2619 5478 Quomodo
2648 5424 2828 5466 autent
2851 5418 3119 5463 aucantur
3137 5407 3320 5478 aliqua
3342 5406 3507 5461 etiam
3532 5423 3582 5459 ιιι
3602 5422 3705 5460 ειπ-

2227 5502 2281 5537 α.
2315 5485 2437 5537 Πῶς
2466 5483 2509 5536 δ’
2542 5485 2608 5536 ἂν
2638 5483 2830 5537 ἀνθείη
2863 5481 2960 5534 καὶ
2986 5480 3107 5533 τίνα
3142 5481 3220 5537 είς
3250 5480 3501 5531 ἕκαστον.
3522 5478 3576 5530 ld
3597 5486 3701 5529 est:

2132 5478 2281 5553 gula.
2301 5478 2437 5544 ’Πῶς
2466 5483 2509 5536 δ’
2542 5485 2608 5536 ἂν
2638 5483 2830 5552 ἀχθείη
2863 5481 2960 5534 καὶ
2986 5480 3107 5533 τίνα
3142 5481 3220 5541 είς
3250 5480 3501 5553 ἕκαστον.
3522 5478 3701 5553 ld_est:

2139 5545 2457 5619 iQuomodo
2483 5561 2664 5621 autem
2677 5545 2965 5607 'ducantur
2983 5558 3037 5604 ct
3065 5563 3313 5621 quaenam
3340 5548 3400 5621 in
3420 5545 3700 5621 singulas:

2207 5614 2323 5692 in)
2382 5623 2509 5677 Non
2544 5624 2612 5677 ad
2638 5618 2805 5677 imum
2833 5637 2898 5676 ea:
2922 5614 3236 5692 istisiribus
3265 5614 3549 5692 pertineui.
3601 5614 3703 5692 ρύκ

2132 5682 2222 5765 είς
2248 5682 2318 5746 ἐν’
2346 5694 2456 5747 τῶν
2485 5694 2652 5765 τριιῖιν
2689 5694 2849 5765 μόνον
2873 5731 2897 5765 ._
2923 5731 2938 5745 .
2961 5730 2987 5765 _.
3025 5682 3347 5765 ἥκοντα.’1ι1
3372 5696 3465 5765 _est
3497 5704 3512 5740 :
3544 5704 3563 5739 ι
3598 5682 3699 5740 Non

2134 5763 2201 5818 ad
2230 5779 2397 5821 unum
2422 5757 2769 5822 solummodo
2791 5776 2859 5819 ex
2884 5762 3007 5821 istis
3039 5757 3214 5817 tribus
3248 5757 3544 5831 pertinent.
