3836 6364
130 339 243 405 893

1041 335 1139 396 AD
1175 332 1765 397 AMPHILOCHIUM
1800 330 2146 405 QUIESTIO
2181 332 2487 394 CLXXXI.

3288 334 3393 400 894

135 448 331 521 μάτων
361 463 422 502 τε
452 446 548 500 καὶ
576 442 869 514 νοημάτων
906 445 1294 515 περατούμενα
1320 446 1418 516 οὐχ
1446 444 1608 510 ἑξάδα
1632 441 1721 495 διὰ

1826 441 2128 508 terminari,
2158 442 2390 497 multum
2420 442 2594 507 abest,
2633 454 2684 497 ut
2721 453 3006 514 propterea
3035 459 3255 500 causam
3294 445 3394 499 ha-

132 540 317 602 τοῦτο,
353 539 414 593 ού
444 538 545 614 μὲν
575 533 670 591 οῦν
694 534 816 589 οὐδὲ
842 534 1037 589 πολλοῦ
1066 538 1167 599 δεῖ,
1197 536 1313 590 ἀλλ’
1358 535 1481 590 οὐδὲ
1510 533 1717 604 πλῆθος

137 632 328 694 ἑνάδος
357 630 392 701 ἡ
422 646 567 692 τινος
592 627 759 699 ἄλλης
788 625 1031 697 πληθύος
1073 629 1376 697 παρασχεῖν
1414 624 1596 680 αίτίαν
1622 624 1720 677 λά.-

138 722 225 775 6οι
255 721 736 790 συνεπιφέρεσθαι.
782 719 1108 773 Τούναντίον
1157 719 1215 772 δὲ
1248 718 1307 772 τὸ
1339 718 1442 788 τῆς
1484 716 1718 786 Τριάδος

136 812 578 883 ἀπαράτρεπτον
609 810 887 880 διαφόροις
936 809 1194 875 ἐπιδείξει
1242 808 1420 877 λόγοις
1471 806 1721 879 βεϐαιού-

142 920 307 973 μενον
336 902 432 957 καὶ
463 902 526 956 τὸ
552 902 887 973 ἀμετάθετον
908 903 989 956 ἐτι
1023 902 1223 973 μᾶλλον
1254 902 1598 973 παραστήσει
1620 899 1719 969 τῆς

140 992 423 1061 θεολογίας
464 992 559 1046 καὶ
591 991 970 1048 ἀναλλοίωτον.
1004 993 1077 1045 Τὸ
1123 993 1232 1064 γὰρ
1267 992 1343 1063 μὴ
1382 992 1483 1063 μιᾷ
1514 989 1720 1061 θεωρίᾳ

141 1084 203 1136 τὺ
234 1084 373 1154 πρὸς
400 1083 663 1155 συστολὴν
690 1084 932 1155 ἀρρεπὲς
960 1085 1056 1138 καὶ
1084 1084 1392 1150 ὲξάπλωσιν
1420 1084 1517 1155 τῆς
1546 1085 1719 1155 ὑπερ-

146 1173 318 1243 φυοῦς
346 1174 575 1246 Τριάδος
621 1174 1135 1245 καταλαμϐάνεσθαι
1154 1216 1172 1242 ,
1212 1175 1542 1246 πολλαχόθεν
1572 1176 1628 1230 δὲ
1661 1175 1722 1230 τὸ

144 1265 547 1337 ἀμετακίνητον
589 1267 761 1339 αὐτῆς
787 1267 882 1321 καὶ
910 1268 1306 1339 ὲστηριγμένον
1341 1268 1720 1323 ἀνακαλύπτε-

145 1356 295 1421 σθαι,
328 1356 447 1421 πῶς
481 1357 582 1410 οὐκ
610 1357 677 1411 ἀν
706 1356 791 1429 εἴη
839 1358 940 1427 τῆς
982 1358 1218 1431 ὲξαρχῆς
1249 1359 1603 1429 ἀποδοθείσης
1643 1361 1723 1413 αί-

142 1447 264 1508 τίας
291 1446 583 1517 βεϐαίωσις
633 1445 1039 1517 ἀνεξέλεγκτος
1072 1449 1134 1502 Et
1171 1448 1268 1519 μὲν
1296 1448 1405 1519 γὰρ
1437 1448 1521 1501 ἐπ’
1560 1448 1719 1504 ἀλλου

143 1538 241 1589 καὶ
268 1537 431 1590 ἄλλου
465 1536 829 1606 ὑποκειμένου
850 1575 866 1601 ,
896 1535 1032 1589 ἀλλὰ
1060 1537 1138 1608 μὴ
1176 1537 1269 1590 ἰπὶ
1297 1537 1394 1608 τῆς
1419 1537 1590 1608 αὐτῆς
1628 1540 1722 1592 καὶ

144 1629 356 1691 ἑνιαίας
388 1616 641 1699 θεότητος
671 1628 705 1698 ὴ
735 1626 988 1698 τριαδικὴ
1018 1628 1495 1697 συγκεφαλαίωσις
1538 1629 1721 1698 διαφόο

146 1735 265 1788 ροις
294 1718 549 1791 θεωρίαις
583 1717 959 1783 ἐπεδείκνυτο,
984 1717 1137 1773 οὐδὲν
1159 1718 1397 1773 ἐκώλυεν
1423 1720 1501 1791 τῷ
1525 1720 1720 1788 πλήθει

1820 532 1944 588 beat
1976 531 2244 587 inferendi
2282 550 2568 589 numerum
2618 550 2711 590 sex
2766 551 3160 606 personarum,
3214 551 3395 607 neque

1819 624 1985 679 unius
2022 623 2111 677 vel
2146 625 2309 678 aliam
2361 625 2764 680 multitudinem
2788 668 2803 691 ,
2834 627 2928 681 sed
2969 630 3150 697 potius
3196 628 3397 683 immu-

1822 715 2144 771 tabilitatem
2175 716 2547 772 inviolabilem
2594 717 2886 773 Trinitatis
2932 721 3164 775 diversis
3220 720 3393 775 ratio—

1822 806 1983 861 nibus
2029 807 2406 861 conﬁrmatam
2438 808 2856 874 demonstrabit,
2894 809 3182 879 magisque
3232 808 3394 863 ﬁxam

1820 906 1877 952 et
1943 906 2286 954 constantem
2361 898 2669 955 doctrinam
2745 901 3056 973 Tbe‘ologiae
3111 902 3393 967 ostendet;

1822 990 2049 1064 intelligi
2076 993 2220 1047 enim
2273 1007 2386 1048 non
2422 1007 2529 1046 una
2566 993 3029 1062 contemplatione
3080 1008 3189 1047 non
3236 1006 3396 1061 posse

1821 1085 2068 1140 contrahi
2098 1083 2424 1140 Trinitatem
2471 1101 2573 1140 nec
2618 1085 2872 1151 dilatari;
2918 1099 2987 1139 ex
3037 1084 3220 1139 multis
3268 1099 3396 1138 vero

1820 1173 1958 1230 locis
1987 1190 2051 1230 ac
2078 1175 2384 1232 rationibus
2424 1176 2668 1246 pateﬁeri
2703 1177 2863 1233 ﬁxam
2906 1184 2962 1230 et
3001 1175 3394 1230 immutabilem

1820 1282 1964 1333 esse,
1984 1268 2261 1337 quomodo
2292 1284 2398 1323 non
2426 1268 2531 1323 erit
2560 1268 2930 1333 conﬁrmatio,
2952 1284 3074 1338 qum
3096 1266 3267 1322 refelli
3290 1283 3394 1321 non

1821 1368 2023 1429 potest,
2045 1374 2225 1414 causae
2253 1374 2283 1413 a
2318 1360 2587 1429 principio
2614 1360 2882 1415 redditae?
2925 1358 2981 1415 Si
3016 1360 3131 1431 (45)
3160 1360 3307 1415 enim
3338 1360 3395 1415 in

1821 1452 1928 1506 alio
1957 1460 2012 1506 et
2050 1452 2160 1506 alio
2188 1451 2459 1521 subjecto,
2505 1463 2558 1506 et
2589 1468 2695 1505 non
2734 1452 2786 1506 in
2818 1453 3007 1507 eadem
3044 1452 3163 1521 ipsa
3208 1461 3261 1505 et
3287 1465 3396 1505 una

1820 1542 2105 1597 divinitate
2134 1558 2349 1597 summa
2398 1540 2688 1598 Trinitatis
2725 1543 3215 1605 demonstraretur,
3259 1539 3395 1594 nihil

1821 1634 2156 1704 prohiberet,
2192 1634 2322 1703 quin
2353 1633 2540 1688 multis
2566 1633 2880 1688 notionibus
2906 1633 3163 1687 divinitas
3187 1630 3393 1701 alioqui

1822 1741 1932 1781 non
1966 1725 2410 1795 multiplicabilis,
2453 1725 2927 1794 multiplicaretur.
2970 1722 3066 1778 Sin
3095 1737 3224 1778 vero
3258 1736 3395 1789 quo-

92 1881 96 1885 ,
142 1786 255 1864 τῶν
283 1786 687 1881 ἐνθυμημάτων
717 1810 795 1880 μὴ
823 1808 1305 1885 συμπληθύνεσθαι
1329 1810 1423 1865 καὶ
1452 1786 1513 1864 τὸ
1541 1786 1721 1883 ἀπλή-

1826 1818 1927 1875 lies
1956 1818 2129 1890 gratia
2155 1827 2209 1872 et
2240 1832 2466 1871 munere
2496 1815 2588 1870 Dei
2616 1816 2773 1871 nobis
2807 1816 3144 1881 conceditur,
3185 1824 3245 1869 ut
3274 1812 3395 1867 Tri-

145 1902 339 1958 θυντον
366 1904 466 1973 τῆς
497 1902 774 1973 θεότητος.
803 1900 971 1955 Οὐδὲν
994 1900 1185 1965 ὁσάκις
1218 1901 1583 1972 ὲπισκοπῆσαι
1620 1920 1721 1973 χα-

150 1994 522 2065 ριτωθείημεν
547 1993 641 2047 ἐπὶ
668 1996 767 2065 τῆς
793 1993 964 2062 αὐτῆς
987 1993 1334 2063 ύπραγάθου
1363 1992 1721 2063 Τριάδος,τδν

149 2086 195 2137 is
203 2088 296 2156 ρῖρν
317 2084 504 2138 τοῦτον
518 2086 611 2138 καὶ
625 2084 859 2156 ἀριθμοῦ
872 2085 1159 2156 κρείττονα
1172 2086 1722 2157 καταλαμϐανόμενον

148 2176 404 2247 ἀριθμὸν,
432 2175 556 2229 οὔτε
587 2176 1030 2247 συστελλόμενον,
1067 2175 1191 2231 οὔτε
1233 2178 1338 2249 μὴν
1389 2177 1724 2249 ὑπεραπλού-

152 2284 338 2338 μενον,
370 2268 487 2332 πῶς
514 2268 633 2339 οὐχὶ
669 2268 871 2339 μᾶλλον
898 2269 960 2322 τὸ
989 2268 1192 2340 πλῆθος
1214 2270 1321 2323 τῶν
1353 2271 1721 2341 ἐπιχειρημά-

144 2376 256 2413 των
286 2360 727 2431 ἀπαράγραπτόν
749 2376 806 2412 τε
836 2362 930 2414 καὶ
953 2360 1426 2432 παναληθέστατον
1454 2362 1515 2414 τὸ
1543 2362 1718 2433 ἀπλή-

144 2447 339 2502 θυντον
366 2451 516 2519 ἡμᾶς
548 2450 642 2503 καὶ
671 2452 1004 2521 ἀναφέρετον
1024 2451 1049 2490 ¹ι
1098 2450 1197 2522 τῆς
1225 2450 1509 2522 τριαδικῆς
1538 2450 1722 2505 θεολο-

144 2540 272 2609 γίας
308 2540 411 2594 οὐκ
446 2537 757 2595 ἐκδιδάσκει
784 2557 800 2605 ;

225 2632 383 2687 Ἐστι
430 2634 528 2705 μὲν
549 2629 642 2689 οῦν
666 2634 763 2688 καὶ
789 2633 952 2702 ἔτερα
981 2633 1050 2687 δι’
1072 2627 1147 2687 ὧν
1177 2635 1213 2707 ἠ
1240 2635 1410 2707 Τριάς
1456 2634 1598 2690 κατά
1625 2634 1724 2706 τὴν

145 2724 451 2795 ὁμοιότητα
479 2724 575 2778 τοῦ
622 2727 1037 2799 τεθεωρημένον
1081 2726 1241 2795 λόγου
1273 2725 1721 2797 παραδείκνυται.

148 2817 365 2884 Ὠσπερ
396 2816 495 2871 καὶ
520 2816 591 2870 τά
632 2817 879 2882 τοιαῦτα,
907 2817 1030 2882 νοῦς
1049 2858 1065 2882 ,
1093 2818 1303 2889 νοητὸν,
1347 2818 1554 2887 νόησις,
1604 2811 1724 2869 εἶτα

146 2907 327 2975 λόγος,
371 2909 466 2961 καὶ
511 2908 757 2979 Πνεῦμα,
804 2910 897 2964 καὶ
939 2911 1000 2963 τὸ
1046 2909 1103 2975 ἐξ
1138 2901 1199 2962 οὗ
1228 2907 1405 2962 ταῦτα
1454 2907 1720 2978 πρόεισιν.

159 2998 324 3051 Ἀλλά
348 2998 457 3069 γὰρ
489 2998 583 3052 καὶ⁵
616 2999 967 3071 ὑπεράρχιος,
998 3002 1092 3054 καὶ⁵
1118 2999 1333 3071 πρώτη,
1364 3000 1460 3053 κα)⁵
1485 2999 1726 3071 ἔμφυτος

1821 1910 2044 1965 nitatem
2086 1909 2555 1979 contemplemur,
2601 1907 2655 1961 in
2699 1907 2888 1961 eadem
2923 1906 3190 1960 Trinitate
3227 1921 3392 1975 supra

1820 2015 1985 2071 quam
2024 2000 2165 2054 bona
2200 1998 2344 2053 hunc
2373 2012 2588 2053 sacrum
2618 2011 2926 2059 numerum,
2958 1995 3048 2065 qui
3102 2010 3393 2049 numerum

1823 2090 2014 2153 vincit,
2048 2105 2227 2160 neque
2258 2091 2508 2145 contrahi
2543 2104 2720 2155 neque
2754 2087 3001 2159 ampliari
3043 2086 3395 2157 intelligentia

1822 2185 2361 2253 comprehendimus,
2409 2181 2688 2253 quomodo
2732 2196 2840 2235 non
2884 2178 3057 2249 magis
3102 2178 3397 2233 multitudo

1824 2287 2268 2347 argumentorum
2302 2276 2457 2330 docet
2503 2290 2600 2330 nos
2650 2273 2779 2328 illud
2836 2287 2939 2327 non
2988 2269 3399 2339 multiplicabile

1823 2367 2133 2434 Trinitatis,
2161 2366 2495 2430 inviolabile,
2516 2375 2572 2421 et
2600 2364 2939 2420 immutabile
2964 2379 3030 2418 ac
3052 2364 3396 2419 verissimum

1823 2474 1968 2525 esse,
2003 2468 2058 2515 et
2083 2460 2196 2514 tolli
2228 2474 2336 2513 non
2369 2474 2552 2528 posse.

1896 2639 2038 2694 Sunt
2082 2648 2135 2693 et
2192 2639 2295 2693 alia
2344 2638 2548 2708 quibus
2579 2635 2819 2691 Trinitas
2869 2635 2933 2690 ad
2988 2635 3395 2690 similitudinem

1825 2730 2127 2798 superioris
2145 2727 2620 2797 contemplationis
2639 2725 3069 2789 subostenditur,
3091 2724 3396 2793 cujusmodi

1826 2830 1954 2876 sunt
1984 2821 2121 2883 hiec,
2154 2819 2484 2881 intellectus,
2520 2818 2833 2873 intellectile
2861 2825 2916 2871 et
2939 2810 3269 2879 'intellectio,
3303 2816 3398 2870 de-

1828 2914 1952 2967 imle
1972 2912 2084 2983 (ιϐ)
2101 2910 2340 2966 Verbum
2363 2923 2415 2965 et
2448 2910 2709 2981 Spiritus,
2734 2922 2787 2964 et
2808 2924 2874 2964 ex
2905 2924 3014 2979 quo
3039 2908 3154 2962 haec
3176 2917 3396 2963 exeunt.

1828 3002 1932 3057 Sed
1953 3004 2099 3058 enim
2120 3010 2175 3056 et
2203 3001 2548 3072 principatus
2571 3001 2802 3070 primus,
2826 3007 2880 3054 et
2906 2998 3125 3062 insitus,
3155 3008 3207 3053 et
3235 3013 3398 3067 supra

147 3088 315 3159 ἀρχὴ,
342 3090 440 3142 καὶ
462 3083 538 3141 ὧν
562 3088 704 3191 κατά
724 3092 815 3144 τὸν
836 3090 993 3160 λόγον
1024 3093 1123 3162 τῆς
1152 3091 1429 3161 συμφυΐας
1452 3090 1724 3161 καθέστη-

1827 3095 2214 3165 principatum,
2258 3103 2311 3149 et
2357 3108 2593 3163 quorutn
2627 3102 2711 3148 est
2735 3092 3071 3163 principatus
3101 3091 3399 3145 secundum

148 3196 243 3233 κεν
268 3181 441 3251 ἀρχή.
482 3179 574 3245 Ἐξ
608 3174 670 3235 οῦ
709 3183 804 3235 καὶ
836 3183 870 3254 ἡ
915 3184 974 3235 ὲν
1007 3186 1118 3246 τοῖς
1157 3178 1311 3235 οὖσιν
1342 3181 1548 3236 ἅπασιν
1586 3184 1727 3236 κατά

1832 3187 2097 3240 rationem
2127 3184 2220 3237 τοῦ
2252 3186 2559 3255 συμφυΐας,
2605 3198 2671 3238 ex
2729 3197 2839 3253 quo
2890 3184 3005 3236 exit
3039 3181 3398 3250 principatus,

148 3268 472 3323 δεσποτείαν
514 3271 609 3323 καὶ
655 3271 952 3342 κυριότητα
992 3271 1239 3343 πρόεισιν
1282 3268 1445 3339 ἀρχή.
1496 3268 1730 3323 Ἔπειτα

152 3362 460 3433 γεννήτωρ,
492 3363 759 3434 γέννημα,
784 3363 1028 3432 Πνεῦμα·
1052 3364 1114 3416 οὐ
1143 3362 1253 3434 γὰρ
1281 3362 1474 3429 ἀγονον
1496 3363 1529 3431 ἡ
1556 3361 1727 3432 πηγὴ,

149 3455 241 3506 καὶ⁵
273 3453 429 3508 αἰτία
467 3457 685 3509 πάντων
730 3453 837 3508 τῶν
870 3454 1224 3529 γεννωμένων
1247 3494 1263 3520 ,
1305 3454 1414 3507 οὐδ’
1460 3455 1661 3515 ἄπνους
1694 3454 1727 3523 ἡ

157 3547 398 3617 χορηγία
433 3545 651 3600 πάντων
698 3546 799 3617 τῆς
838 3547 1028 3617 πνοῆς.
1073 3546 1209 3600 Οὐδὲ
1254 3545 1364 3600 τῶν
1412 3545 1585 3614 αὐτῆς
1634 3545 1728 3614 δη-

154 3639 589 3710 μιουργημάτων
631 3638 993 3710 ἐνδεέστερον,
1029 3639 1110 3693 ἔτι
1157 3637 1455 3708 ζωογονοῦν
1496 3638 1729 3709 πρώτως

150 3730 247 3782 καὶ
282 3729 481 3799 πρῶτα
505 3767 522 3793 ,
555 3730 852 3801 ὑπερφυῶς
897 3731 1017 3800 μὲν,
1069 3730 1211 3784 κατὰ
1253 3731 1310 3784 δὲ
1355 3731 1454 3799 τὴν
1488 3729 1729 3800 ἔμφυτον

152 3821 327 3892 αὐτῆς
370 3823 467 3875 καὶ
524 3822 664 3894 ὑπὲρ
709 3822 864 3901 λόγον
895 3823 1151 3895 ἰδιότητα.
1185 3823 1277 3875 Δεῖ
1324 3820 1431 3893 γάρ
1473 3822 1731 3894 προηγεῖ-

155 3913 277 3966 σθαι
332 3913 444 3967 τῶν
490 3911 851 3985 δημιουργίας
896 3913 1062 3985 λόγῳ,
1111 3915 1205 3967 καὶ
1237 3913 1554 3976 δεσποτείας
1596 3928 1729 3983 προ-

152 4004 433 4074 ἀχθέντων
478 4020 538 4057 τε
588 4006 684 4058 καὶ
740 4004 1205 4076 ζωογονουμένων
1236 4004 1337 4075 τὴν
1389 4004 1728 4075 προάναρχον

152 4095 260 4148 τῶν
293 4096 595 4167 ὑπερφυῶν
619 4113 677 4149 τε
709 4098 804 4150 καὶ
862 4098 1202 4168 ὑπερουσίων
1231 4095 1393 4165 φύσιν
1426 4098 1521 4151 καὶ
1561 4095 1726 4167 ζωὴν,

152 4190 244 4242 καὶ
274 4190 357 4251 εἱς
381 4185 401 4226 ι
441 4187 783 4259 ἀπαύγασμα
812 4191 907 4243 καὶ
939 4189 1235 4260 μιμήματα
1261 4183 1359 4243 καὶ
1412 4189 1547 4260 άλλη
1579 4189 1729 4241 πᾶσα

154 4279 502 4351 καθέστηκεν
525 4280 687 4350 φύσις
718 4283 812 4334 καὶ
837 4280 971 4353 ζωὴ,
1002 4282 1126 4334 ἐπεὶ
1154 4283 1258 4336 κάν
1288 4283 1396 4345 τοῖς
1429 4280 1728 4351 περιγείοις

153 4370 186 4440 ἡ
215 4370 382 4438 φύσις
414 4371 513 4442 τῆς
547 4371 741 4446 τέχνης
782 4372 1103 4442 προῖδρυταί
1135 4388 1196 4425 τε
1240 4373 1332 4426 καλ⁸
1359 4371 1722 4442 προκάθηται.

1829 3277 1923 3348 qui
1958 3286 2042 3331 est
2075 3276 2128 3330 in
2161 3276 2438 3340 omnibus,
2475 3290 2597 3345 quae
2639 3283 2769 3329 sunt
2802 3273 3101 3328 secundum
3150 3273 3401 3327 domina-

1830 3368 2054 3421 tionem.
2108 3366 2248 3420 Sunt
2284 3374 2491 3435 postea,
2526 3364 2765 3435 genitor,
2802 3378 3059 3433 germen,
3109 3377 3215 3414 non
3256 3361 3401 3414 enim

1828 3459 2033 3513 sterilis
2064 3470 2168 3520 est,
2197 3466 2251 3511 et
2274 3472 2381 3510 non
2411 3456 2700 3519 fecundus,
2723 3455 2814 3524 qui
2847 3464 2930 3509 est
2950 3453 3074 3508 fons
3102 3462 3157 3507 et
3176 3452 3404 3507 effector

1828 3549 2097 3613 omnium,
2150 3548 2244 3618 qui
2278 3548 2612 3617 gignuntur;
2649 3559 2824 3615 neque
2864 3545 2981 3598 sine
3010 3544 3212 3613 Spiritu
3240 3582 3256 3607 ,
3307 3543 3400 3611 qui

1830 3643 2031 3710 praebet
2079 3636 2343 3708 Spiritum
2401 3637 2694 3699 omnibus,
2744 3651 2922 3705 neque
2973 3634 3241 3689 creaturis
3286 3634 3404 3688 suis

1827 3733 2098 3803 egentior;
2142 3742 2225 3786 est
2265 3740 2529 3801 praaterea
2567 3730 2815 3783 viviﬁcus
2844 3729 3076 3797 primum
3108 3735 3161 3780 et
3194 3726 3405 3796 primo-

1827 3840 1993 3889 rum,
2048 3838 2213 3893 supra
2259 3832 2509 3877 naturam
2546 3820 2798 3891 quidem,
2853 3828 3031 3873 tamen
3096 3819 3400 3872 secundum

1828 3914 2216 3985 proprietatem
2264 3914 2367 3968 sibi
2418 3913 2638 3967 insitam
2687 3920 2789 3975 est,
2835 3921 2889 3965 et
2916 3925 3102 3978 supra,
3148 3926 3311 3980 quam
3346 3919 3404 3963 ut

1828 4009 1968 4062 ratio
2001 4023 2120 4062 eam
2155 4007 2373 4076 assequi
2408 4006 2603 4076 possit,
2665 4012 2879 4074 oportet
2935 4003 3081 4057 enim
3140 4003 3205 4057 iis
3233 4042 3250 4068 ,
3282 4018 3404 4073 qum

1830 4097 2040 4152 ratione
2088 4097 2386 4152 creationis
2421 4108 2476 4150 et
2520 4095 2911 4149 dominationis
2945 4092 3213 4163 producta
3253 4102 3399 4159 sunt,

1828 4198 1882 4243 et
1936 4188 2204 4242 vivilicata
2263 4189 2475 4244 anteire
2532 4187 2644 4259 (47)
2694 4188 2943 4241 naturam
2984 4195 3037 4240 et
3086 4186 3249 4240 vitam
3284 4186 3403 4239 sine

1830 4279 1985 4333 initio
2018 4280 2317 4350 principem
2352 4294 2563 4341 eorum,
2596 4294 2718 4348 qua:
2747 4286 2875 4333 sunt
2918 4278 3159 4347 eiusdem
3196 4288 3403 4329 naturae

1829 4378 1884 4425 et
1905 4370 2244 4435 substantiae,
2265 4380 2319 4425 et
2342 4370 2498 4438 cujus
2515 4369 2774 4439 splendor
2795 4377 2899 4432 est,
2918 4379 2969 4422 et
2996 4369 3060 4421 ad
3087 4368 3245 4436 cujus
3276 4367 3401 4419 imi-

159 4464 259 4516 Ἥν
289 4461 541 4533 ἀνάγκην
583 4466 744 4519 πάλιν
783 4464 886 4517 οὐκ
931 4463 1323 4518 αύτοδέσποτον
1356 4462 1464 4516 οὐδ’
1494 4462 1727 4532 ἄναρχον

1834 4463 2098 4518 tationem
2142 4472 2197 4517 et
2245 4462 2555 4532 exemplum
2592 4459 2773 4515 omnis
2824 4459 2929 4513 alia
2959 4469 3150 4512 natura
3182 4468 3236 4513 et
3291 4457 3401 4511 vita

1416 4614 1650 4671 VARUE
1686 4613 2088 4673 LECTIONES.

229 4736 256 4776 ι
283 4735 668 4805 ἀναφαίρετον.
701 4734 830 4791 CAP.
909 4745 926 4787 ι
964 4735 997 4790 ι.
1028 4730 1115 4806 ἧς.
1148 4734 1276 4789 CAP.

1696 4872 1929 4930 NOTIE.

221 5009 339 5081 (45)
373 5007 438 5066 Si
468 5018 534 5081 δή.
571 5044 589 5062 .
671 5022 880 5081 summa
929 5006 1225 5081 Trinitatis
1250 5007 1723 5081 demonstraretur,

158 5077 287 5133 nihil
321 5077 331 5081 ⁷
344 5078 642 5149 prohiberet
664 5148 669 5149 ί
690 5077 837 5149 quin
862 5079 1051 5149 Amulli:
1080 5078 1415 5149 pactionibus
1470 5078 1724 5149 divinitas

158 5146 357 5220 alioqui
382 5165 486 5202 non
508 5146 940 5220 multiplicabilis
980 5147 1448 5220 multiplicantur.
1475 5147 1539 5220 Et
1580 5147 1680 5220 μέν
1707 5185 1722 5201 .

161 5259 174 5273 .
204 5256 218 5271 .
248 5216 323 5290 ,ἠ
371 5216 1435 5290 τριαδικη-συγκεφαλαίωσιςδιαφόροις
1474 5216 1728 5290 θεωρίαις

160 5285 524 5355 ἔπεδείκνυτο,
549 5285 702 5341 οὐδὲν
722 5285 971 5358 ’ἐκώλυεν
998 5285 1076 5358 τῷ
1103 5285 1297 5358 πλήθει
1324 5285 1457 5358 ξτῷν
1496 5285 1729 5357 ἐνθυμη-

214 5359 345 5438 ἱςτων
380 5355 970 5438 μὴτυμπληθύιξσθαι
1003 5355 1097 5411 καὶ
1133 5355 1216 5438 τὲ
1243 5355 1580 5438 ἀπλήθυντον
1632 5355 1734 5438 τῆς

163 5373 345 5476 parun:
380 5373 456 5429 μη
488 5373 970 5438 συμπληυυνεσυαι
1003 5373 1097 5411 και
1133 5373 1194 5409 το
1243 5373 1580 5438 απληυυντον
1637 5374 1734 5438 της

193 5428 433 5510 εότητος.
457 5428 518 5510 ibi
550 5438 671 5510 est:
735 5443 773 5510 ι.
796 5428 855 5481 St
921 5441 1141 5510 summa
1173 5426 1458 5510 Trinitatis
1498 5427 1734 5510 diversis

161 5495 697 5581 considerationibus
742 5496 1237 5581 demonstraretur,
1292 5496 1427 5581 nihil
1476 5495 1735 5581 prohibe-

148 5576 239 5619 -ret
267 5571 400 5637 quin
440 5568 603 5624 simul
632 5583 757 5624 cum
786 5576 1229 5637 argumentorum
1254 5567 1601 5621 multitudine
1620 5581 1731 5621 non

166 5638 615 5710 nmltiplicaretur
673 5637 837 5693 etiam
882 5636 1139 5693 divinitas
1198 5636 1731 5709 multiplicabilitatis

166 5717 373 5777 expers.

1905 5008 2016 5087 (40)
2057 5008 2293 5087 Verbum
2311 5018 2361 5064 et
2383 5006 2695 5087 Spirituset
2721 5022 2786 5087 eg:
2813 5022 2872 5061 eo
2890 5022 2994 5087 qua
3037 5006 3148 5087 lucc
3190 5015 3399 5087 exeunt.

1832 5071 2010 5148 Λόγος
2033 5080 2125 5132 καὶ
2159 5079 2381 5149 Πνεῦμα
2402 5071 2502 5149 καὶ
2523 5077 2583 5131 τὸ
2618 5076 2679 5143 ἐξ
2709 5071 2769 5149 οὗ
2790 5147 2796 5149 Α
2816 5071 2986 5149 ταῦτα
3026 5078 3290 5149 πρόεισιν.
3348 5075 3403 5130 Id

1830 5147 1954 5204 est:
1993 5168 2013 5201 ι
2053 5149 2285 5203 Verbum
2306 5147 2369 5203 'et
2397 5147 2636 5217 Spiritus
2656 5157 2711 5203 et
2742 5147 2877 5201 illud
2906 5161 2969 5200 ex
2993 5161 3103 5215 quo
3139 5147 3253 5200 haec
3279 5161 3405 5216 pro-

1831 5221 2051 5274 cedunt.
2091 5237 2110 5271 ι
2154 5218 2350 5291 Agitur
2387 5219 2533 5273 enim
2569 5219 2660 5274 hic
2686 5218 2755 5274 de
2798 5217 3003 5272 divinis
3039 5218 3405 5288 pmcessioni-

1830 5290 1934 5344 bus
1957 5306 2022 5344 ex
2056 5299 2226 5344 natre.

1870 5306 1934 5345 IIS
1957 5306 2022 5344 ex
2056 5299 2226 5345 natre.

1903 5360 2016 5430 (47)
2045 5355 2316 5414 Naturam
2339 5367 2387 5430 et
2418 5360 2582 5412 vitam
2603 5395 2716 5430 ,ἐι
2746 5374 2926 5430 eorum
2951 5372 3070 5429 qum
3099 5366 3219 5430 sunt
3262 5355 3407 5430 eius-

1829 5426 1946 5483 dem
1969 5426 2178 5484 natura:
2201 5439 2251 5484 et
2271 5429 2605 5500 substantite.
2633 5427 2864 5500 Τὴντῶν
2894 5426 3186 5500 ὑπερφυῶν
3218 5442 3277 5479 τε
3308 5426 3406 5479 καὶ

1830 5500 2171 5570 ὑπερουσίων
2200 5500 2361 5568 φύσιν
2410 5502 2502 5552 καὶ
2553 5498 2720 5570 ζωήνζ
2743 5500 2797 5554 Id
2821 5508 2908 5554 est
2938 5515 2953 5551 :
2988 5516 3007 5549 t
3040 5498 3302 5551 Naturam
3350 5504 3402 5548 et

1828 5571 1995 5624 vitam
2037 5586 2227 5624 eorum
2262 5584 2384 5640 qua:
2422 5579 2552 5629 sunt
2610 5585 2777 5641 supra
2830 5579 3082 5624 naturam
3137 5576 3192 5622 et
3235 5578 3400 5636 supra

1831 5642 2216 5697 substantiam.
2263 5658 2282 5692 ι
