3908 6214
0 1512 64 1528 nius:

257 276 356 338 897
1138 286 1238 346 AD
1267 281 1859 345 AMPHILOCHIUM
1896 278 2242 353 QUIESTIO
2269 278 2614 339 CLXXXII.
3402 273 3506 336 898

255 385 399 439 δαῐόν
433 399 492 438 τε
525 384 618 438 καὶ
653 386 940 464 ἀνίδρυτον
972 396 1320 466 κατενεχθείη
1350 397 1450 465 τῆς
1483 395 1700 466 πρώτης
1737 410 1836 446 πε·

1963 409 2285 464 lequaquam
2345 395 2584 462 patiatur
2629 388 2893 444 Divinitas
2927 406 2939 444 :
2975 388 3070 444 sed
3121 387 3406 443 materiam
3456 402 3511 440 ct

259 477 438 551 ριοχῆς
463 477 763 556 ἐπορρυὲν,
801 486 896 538 καὶ
923 485 1061 556 πρὸς
1086 485 1326 558 ἑκάστην
1350 486 1596 541 ἐπίνοιαν
1623 485 1833 554 ἀνθρω-

1963 501 2062 555 |uat
2084 486 2150 539 ad
2177 485 2316 538 hanc
2346 483 2637 553 pertinent,
2665 481 2807 536 infra
2837 497 2898 537 se
2921 482 3258 548 relinquens,
3283 481 3336 534 in
3370 479 3509 534 trina

257 568 420 645 πίνην
448 575 959 647 διασκεδαςόμενον.

1970 575 2214 644 heologia
2242 576 2423 630 sedem
2461 575 2609 645 ligat,
2639 588 2817 643 neque
2856 573 3006 627 iilum
3039 582 3160 642 post
3193 572 3510 627 Trinitatem

265 681 550 725 numerum
589 668 884 737 admittat;
919 685 993 726 ne
1031 669 1098 725 ad
1136 669 1365 726 effusam
1415 670 1853 741 ineﬂ‘abilemque
1890 670 2107 725 numeri
2176 669 2447 723 rationem
2483 667 2782 733 deferatur,
2820 667 2864 723 si
2905 683 2936 721 a
2979 668 3153 736 prima
3187 666 3276 720 illa
3308 665 3512 739 [Trini-

263 757 411 829 tatis]
441 761 933 829 comprehensione
965 763 1260 818 deﬂuxerit
1288 772 1343 818 et
1373 764 1442 818 ad
1476 778 1924 834 unamquamque
1943 763 2228 818 hominum
2255 762 2715 832 cchgitationem
2743 761 3110 830 dispergatur.

331 852 496 920 Τριὰς
524 852 580 904 δὲ
609 855 703 905 καὶ
731 853 853 923 οὐχὶ
881 855 1013 919 δυὰς
1041 859 1068 909 ό
1099 856 1230 920 Θεὸς
1255 897 1272 922 ,
1303 856 1392 910 ἵνα
1427 855 1503 926 μὴ
1526 855 1624 926 τὴν
1656 854 1837 909 αἰτίαν

2007 854 2126 910 Jam
2151 870 2282 910 vero
2308 853 2632 909 Trinitatem
2655 853 2818 909 habet
2842 852 3006 915 Deus,
3029 870 3137 908 non
3167 851 3513 913 dualitatem;

262 943 354 996 καὶ
382 945 556 1014 ἀρχὴν
584 946 682 1016 τῆς
727 947 900 1016 τομῆς
944 948 1037 1001 καὶ
1084 949 1179 1002 τοῦ
1225 947 1532 1019 σκεδασμοῦ
1571 949 1631 1001 ἐν
1659 945 1839 1017 ἑαυτῷ

1963 962 2007 1002 ιο
2036 947 2084 1002 si
2115 945 2378 1002 sectionis
2423 945 2896 1015 dispersionisque
2939 960 3166 1001 causam
3212 953 3268 999 et
3313 945 3516 1014 princi—

264 1039 442 1107 φέρων
469 1038 566 1110 τὴν
613 1040 820 1093 ἑνιαίαν
865 1041 960 1094 καὶ
1001 1040 1245 1111 ἄτμητον
1291 1042 1386 1095 καί.
1442 1039 1625 1112 πηγὴν
1659 1041 1840 1108 πάσης

1963 1042 2085 1096 lium
2111 1042 2165 1096 in
2202 1057 2262 1096 se
2292 1041 2409 1112 ipso
2437 1042 2640 1105 ferret,
2693 1041 3024 1110 singularem
3072 1036 3399 1101 insectilem,
3463 1047 3519 1088 (ι

264 1131 513 1201 ἑνότητος
561 1133 820 1203 ἐνυϐρίσῃ
868 1132 1049 1201 φύσιν.
1102 1134 1237 1187 Οὐδὲ
1270 1134 1547 1202 τέσσσαρα
1574 1133 1629 1185 δὲ
1661 1131 1841 1202 πολλῷ

1963 1134 2120 1189 »ωηίε
2149 1133 2376 1188 unitatis
2406 1133 2609 1188 fontem
2640 1140 2894 1186 naturam
2925 1129 3254 1186 contumelia
3282 1128 3514 1197 quadam

267 1220 483 1289 μᾶλλον.
531 1221 701 1293 Διπλῆ
734 1224 842 1294 γὰρ
875 1223 1048 1276 ταῦτα
1079 1224 1242 1295 τομὴ,
1283 1227 1316 1293 ὴ
1352 1224 1452 1296 μὲν
1478 1223 1576 1293 τὴν
1624 1222 1838 1291 γένεσιν

1963 1226 2204 1282 illiceret.
2237 1226 2406 1280 Multo
2439 1225 2614 1294 magis
2640 1225 2946 1280 excluditur
2966 1239 2995 1277 a
3020 1221 3127 1278 Deo
3155 1221 3514 1292 quaternitas.

268 1313 753 1382 προκαταλαϐοὖσα
777 1354 793 1379 ,
831 1315 864 1385 ἠ
897 1315 954 1368 δὲ
991 1315 1089 1386 τὴν
1127 1316 1185 1381 ἐξ
1232 1313 1447 1385 ἐκείνης
1487 1315 1836 1368 συντεθεῖσαν

1963 1317 2073 1374 Haec
2094 1319 2241 1374 enim
2273 1318 2468 1386 duplex
2499 1328 2581 1373 est
2604 1317 2809 1381 sectio;
2840 1331 3072 1385 quarum
3097 1329 3202 1368 una
3227 1313 3339 1385 (ΒΞ)
3365 1328 3520 1368 crea-

264 1403 537 1473 τέμνουσα
557 1421 617 1456 τε
644 1406 738 1465 καὶ
758 1405 1067 1460 διαλύουσα.
1097 1406 1232 1459 Οὐδὲ
1261 1406 1331 1460 τὰ
1360 1407 1522 1460 πέντε
1553 1407 1599 1460 δ’
1629 1407 1695 1460 ἂν
1727 1407 1838 1477 ἔχοι

1963 1410 2151 1464 ionem
2189 1410 2627 1480 praeoccupavit,
2687 1408 2859 1462 altera
2908 1405 3268 1476 compositam
3311 1421 3379 1458 ex
3427 1403 3519 1458 illa

263 1494 446 1565 χώραν
472 1496 832 1566 καθορᾶσθαι,
855 1498 976 1550 οὐδὲ
999 1498 1068 1551 τὰ
1092 1497 1238 1569 ἑξῆς.
1268 1499 1349 1552 Τὰ
1375 1499 1472 1569 μὲν
1496 1499 1578 1551 ὅτι
1607 1498 1838 1568 δεύτερα

1963 1509 2098 1556 secat
2135 1509 2189 1556 et
2215 1501 2487 1556 dissolvit.
2520 1500 2709 1570 Neque
2757 1499 2922 1554 etiam
2976 1498 3030 1551 in
3083 1497 3286 1552 divinis
3338 1495 3516 1551 locum

195 1650 203 1657 ,,
265 1585 361 1654 τῆς
395 1584 625 1655 Τριάδος
650 1625 664 1651 υ
697 1588 789 1641 καὶ
827 1587 926 1658 τῆς
976 1591 1096 1642 κατ’
1131 1589 1302 1659 αὐτὴν
1347 1589 1588 1660 ἀμεροῦς
1636 1590 1841 1654 ἑννοίας

1965 1592 2108 1648 labet
2139 1592 2428 1662 quinarius
2459 1607 2722 1647 numerus
2750 1606 2927 1660 neque
2954 1590 3132 1645 caeteri
3158 1589 3252 1660 qui
3276 1603 3516 1657 sequun-

267 1676 636 1746 ὑποϐέϐηκεν.
665 1678 746 1730 Τὰ
767 1678 822 1732 δὲ
848 1679 927 1732 ὅτι
951 1679 1044 1733 τοῦ
1069 1679 1378 1749 σκεδασμοῦ
1406 1683 1496 1734 καὶ
1523 1682 1622 1750 τῆς
1652 1682 1841 1750 τομῆς,

1969 1700 2065 1750 ur;
2115 1693 2232 1740 tum
2288 1684 2417 1754 quia
2477 1684 2752 1740 secundas
2801 1691 2990 1737 tenent
3046 1689 3171 1751 post
3222 1679 3518 1733 trinitatem

267 1767 365 1820 καὶ
387 1767 486 1837 τῆς
520 1767 653 1839 ὓλης
682 1770 807 1823 ὅσον
835 1772 915 1834 εἰς
944 1769 1194 1824 σύνθεσιν
1223 1772 1472 1843 πρόεισιν
1522 1773 1688 1826 πλέον
1723 1789 1841 1842 μετ-

1963 1784 2149 1841 )ειηθε,
2191 1781 2246 1830 et
2277 1775 2450 1843 ipsius
2487 1773 2620 1828 ideae
2649 1767 2966 1827 indivisibili
3001 1771 3160 1840 longe
3188 1777 3316 1823 sunt
3346 1769 3521 1838 impa-

273 1859 406 1929 ἔχει.
458 1859 667 1914 Οὐκοῦν
712 1864 942 1926 εἰκότως
977 1865 1011 1934 ἡ
1061 1863 1341 1932 θεολογία,
1373 1865 1473 1936 την
1511 1865 1609 1936 μὲν
1644 1864 1841 1935 Τριάδο

1963 1881 2057 1930 'es,
2085 1875 2200 1920 tum
2231 1867 2360 1937 quia
2384 1866 2779 1937 dispersionis,
2803 1874 2857 1920 et
2891 1864 3172 1927 sectionis,
3207 1870 3257 1917 et
3279 1862 3522 1916 materiae

273 1949 410 2020 πρὸς
454 1951 817 2022 ὲκφαντορίαν
863 1957 963 2025 τῆς
1006 1957 1064 2007 ὲν
1115 1958 1179 2027 τῇ
1226 1955 1388 2026 φύσει
1432 1956 1841 2026 παραλαμϐάνει

1963 1941 2232 2030 quantum
2291 1959 2359 2013 ad
2416 1957 2871 2027 compositionem
2917 1952 3174 2024 pertinet]
3227 1959 3356 2006 sunt
3405 1965 3524 2005 am-

266 2042 646 2113 κρυφιότητος.
689 2045 762 2097 Τὸ
803 2044 861 2099 δὲ
894 2045 951 2099 ἓν
989 2046 1122 2101 διότι
1161 2047 1337 2101 οὐδενὶ
1384 2047 1556 2112 οὕτως
1603 2047 1748 2118 ἄλλῳ
1787 2047 1841 2100 τὸ

1963 2049 2094 2119 plius
2115 2049 2434 2120 participes.
2473 2047 2660 2118 Itaque
2687 2047 2812 2116 jure
2847 2045 3043 2099 merito
3079 2043 3351 2111 theologia
3396 2039 3522 2092 Tri-

267 2133 408 2204 ὑπὲρ
438 2135 560 2190 νοῦν
590 2136 819 2208 κρύφιον
849 2142 949 2210 τῆς
983 2139 1234 2210 θεότητος
1265 2139 1341 2203 ὡς
1356 2139 1435 2209 τῷ
1461 2140 1545 2195 ἑνὶ
1573 2139 1841 2207 θεολογεί-

1963 2139 2176 2195 nitatem
2209 2139 2430 2209 quidem
2463 2138 2700 2194 assumit
2723 2138 2789 2192 ad
2826 2136 2972 2190 illius
3029 2134 3174 2204 quod
3226 2133 3278 2187 in
3310 2122 3522 2186 'natura

264 2241 354 2276 ται
401 2227 496 2280 καὶ
541 2229 1002 2300 παραδείκνυται·
1058 2232 1152 2284 καὶ
1197 2231 1331 2284 διότι
1367 2233 1518 2302 πηγὴ
1565 2233 1843 2302 συμφυΐας

266 2317 487 2388 ἀπάσης
513 2319 892 2389 ὑμνολογεῖται
931 2323 992 2375 τδ
1023 2322 1178 2375 Θεῖον
1206 2323 1480 2392 ὲνότητος.

1951 2230 2183 2304 [divina]
2211 2230 2587 2294 absconditur,
2617 2229 2864 2300 mysterii
2888 2225 3314 2283 declaralitmem
3353 2240 3366 2275 :
3400 2222 3525 2275 uni-

1951 2333 2117 2378 tatem
2147 2337 2297 2388 vero,
2327 2338 2394 2378 eo
2421 2322 2565 2392 quod
2593 2322 2728 2376 nihil
2753 2319 2978 2391 perinde
2999 2333 3065 2373 ac
3087 2317 3270 2371 unitas
3297 2315 3527 2368 abscon-

265 2409 440 2462 ditam
473 2408 702 2466 Deitatis
731 2422 981 2467 naturam
1008 2412 1159 2466 omni
1189 2423 1372 2467 creata
1401 2422 1580 2469 mente
1603 2415 1937 2484 superiorem
1963 2413 2181 2477 indicet,
2201 2422 2336 2468 eteo
2387 2411 2482 2481 qui
2535 2411 2708 2465 Deum
2762 2413 2972 2468 deceat,
3025 2407 3188 2461 modo
3203 2404 3523 2473 eloquatur;

265 2513 464 2569 prater
504 2497 670 2570 quam
728 2503 874 2572 quod
911 2502 1097 2558 divina
1126 2503 1352 2559 unitatis
1401 2503 1543 2558 ratio
1585 2497 1845 2573 tanquam
1886 2503 2009 2560 fons
2035 2505 2300 2576 cujusque
2333 2502 2600 2558 naturalis
2627 2501 2964 2571 cognationis
2988 2499 3306 2554 celebratur.

328 2583 470 2648 I'E‘tt
501 2595 559 2649 δὲ
587 2597 621 2667 ἡ
649 2597 784 2661 δυὰς
802 2637 816 2663 ,
838 2597 910 2652 τόι
937 2615 994 2651 τε
1020 2599 1143 2669 ι’χνη
1173 2598 1268 2652 τοῦ
1303 2599 1377 2670 μὴ
1405 2599 1557 2663 ὄντος
1589 2601 1647 2653 ὲν
1679 2601 1843 2669 ἑαυτῇ

2020 2601 2103 2656 Ad
2155 2600 2272 2654 haec
2301 2598 2542 2654 dualitas
2572 2599 2749 2668 prima
2781 2597 3026 2650 omnium
3057 2593 3298 2648 maxime
3357 2590 3410 2645 in
3465 2604 3526 2646 se

264 2684 462 2758 πρώτῃ
491 2686 726 2756 μάλιστα
747 2689 922 2758 φέρει.
943 2689 1165 2754 Λύσεώς
1185 2707 1244 2743 τε
1267 2691 1375 2762 γὰρ
1402 2691 1508 2760 πρὸ
1533 2690 1641 2744 τῶν
1665 2690 1841 2744 ἄλλων

1963 2693 2060 2748 lert
2103 2692 2285 2756 nihili,
2346 2707 2440 2748 seu
2491 2691 2612 2761 ejus
2667 2690 2814 2760 quod
2848 2703 2958 2743 non
2992 2687 3242 2749 exsistat,
3273 2684 3522 2754 vestigia.

263 2774 407 2847 αὕτη
439 2777 630 2847 πηγὴ,
672 2779 766 2832 καὶ
804 2780 980 2850 τομῆς
1025 2782 1118 2834 καὶ
1150 2783 1497 2853 σκεδασμοῦ,
1545 2784 1640 2836 καὶ
1682 2785 1841 2836 πᾶσιν

1963 2781 2080 2839 llaec
2100 2783 2245 2839 enim
2273 2797 2388 2852 pra:
2419 2781 2631 2837 caeteris
2665 2784 2788 2834 t‘ons
2823 2776 3200 2833 dissolutionis
3228 2782 3336 2840 est,
3384 2772 3525 2827 scis-

263 2868 418 2921 attia
443 2869 628 2938 φέρειν
658 2873 716 2922 ὲν
741 2872 954 2936 ἑαυτοῖς
985 2873 1086 2942 τῆς
1121 2874 1325 2945 φθορᾶς
1359 2877 1426 2929 τὰ
1453 2878 1734 2946 προοίμια.
1781 2878 1841 2930 'H

1963 2889 2095 2930 surae
2125 2883 2181 2930 et
2213 2873 2616 2943 dispersionis;
2655 2883 2989 2938 causamque
3018 2866 3274 2921 omnibus
3323 2862 3529 2934 praebet

265 2966 442 3037 Τριὰς
471 2967 526 3019 δὲ
573 2968 635 3020 τὸ
681 2969 927 3040 ἄτμητον
971 2972 1224 3036 εἰκονίξει
1263 2974 1456 3044 πρώτη
1491 2975 1585 3028 καὶ
1615 2975 1841 3028 ὰσκὲδα-

1963 2981 2049 3022 cur
2076 2966 2131 3020 in
2157 2966 2352 3035 seipsis
2372 2964 2622 3036 quadam
2649 2963 2814 3018 veluti
2848 2960 3149 3031 primordia
3184 2956 3366 3013 {erant
3402 2971 3528 3012 cor-

267 3073 415 3111 στον.
460 3057 569 3109 Καὶ
607 3057 661 3110 ετ
681 3076 734 3112 τι
772 3059 900 3113 ἄλλο
939 3061 1157 3131 μετέχει
1186 3063 1283 3134 τῆς
1309 3063 1620 3135 ἀδιαιρέτου
1663 3083 1724 3118 τε
1753 3067 1848 3119 καὶ

265 3147 603 3201 ἁσκεδάστου
652 3149 867 3218 φύσεως
909 3149 971 3215 ἐξ
1011 3152 1182 3222 αὐτῆς
1227 3154 1550 3224 μετειληφὸς
1585 3154 1846 3223 ἐπιγινώ-

265 3248 484 3290 σιεται.
517 3237 607 3289 Διὸ
641 3237 702 3290 τὸ
723 3239 878 3291 Θεῖον
919 3232 1144 3304 εἰκότως
1177 3243 1278 3311 τῆς
1324 3244 1453 3312 ῥοῆς
1494 3243 1589 3297 καὶ
1638 3243 1846 3308 λύσεως

265 3325 364 3379 καὶ
425 3327 631 3398 φθορᾶς
690 3329 869 3383 αἰτίαν
914 3331 1212 3387 ἀπεσίσατο
1239 3346 1286 3387 κ.
1325 3333 1426 3387 Διὰ
1453 3333 1512 3388 δὲ
1550 3334 1654 3405 τῆς
1704 3336 1847 3388 εἰκο-

266 3415 530 3487 νιζούσης
558 3420 788 3489 Τριάδος
835 3420 900 3474 τὸ
949 3423 1250 3494 ἆρρευστόν
1287 3441 1346 3477 τε
1371 3425 1467 3479 καὶ
1514 3425 1846 3481 ἀσκέδαστον

267 3507 362 3560 καὶ
435 3507 718 3563 ἀδιάλυτον
784 3511 1245 3580 ὲπιγινὼσκεσθαι
1324 3517 1677 3586 κατηξίωσεν.
1737 3521 1847 3574 Καὶ

268 3599 384 3668 γὰρ
430 3598 492 3652 τὸ
541 3600 644 3670 μὲν
683 3601 780 3673 τὴν
808 3603 987 3657 αἰτίαν
1023 3606 1120 3674 τῆς
1160 3604 1332 3676 τομῆς
1376 3608 1469 3660 καὶ
1499 3607 1708 3678 ῥύσεως
1739 3610 1846 3664 τῶν

266 3690 448 3745 ἄλλων
472 3691 760 3761 ὁμοταγῶν
795 3694 983 3748 παθῶν
1012 3695 1306 3767 ὑπεριδεῖν,
1341 3699 1541 3752 οἰκεῖον
1569 3699 1842 3772 θεότητος.

269 3783 344 3836 Τὸ
373 3783 565 3854 δὲτὴν
594 3785 798 3860 Τριάδα
844 3787 918 3857 μὴ
972 3789 1329 3859 ὑπεριδόντας
1374 3791 1608 3860 πρώτως
1651 3793 1848 3846 εἰκονί-

270 3875 474 3938 ζουσαν
522 3877 782 3932 τάναντία
821 3880 1000 3933 πάντα
1046 3881 1155 3933 τῶν
1190 3882 1494 3952 εἰρημένων
1536 3883 1722 3936 παθῶν
1767 3886 1847 3949 εἰς

270 3967 509 4036 ἀπορίαν
549 3967 639 4022 τὸν
678 3970 1018 4038 ἀνθρώπινον
1059 3973 1184 4025 νοῦν
1225 3973 1527 4027 πλανᾶσθαι
1565 3975 1640 4046 μὴ
1670 3993 1847 4046 παραυ

272 4060 498 4130 χωρεῖν,
540 4060 948 4132 φιλανθρωπίας
975 4063 1035 4116 τέ
1072 4065 1189 4118 ἐστι
1217 4068 1316 4136 τῆς
1355 4066 1674 4137 πρεπούσης
1702 4067 1842 4136 Θεῷ,

235 4167 243 4173 ’
274 4151 373 4204 καὶ
405 4151 502 4219 τῆς
543 4153 670 4221 περὶ
710 4155 859 4223 ἡμᾶς
893 4155 1154 4226 Προνοίας
1189 4159 1626 4226 περιφανεστάτη
1668 4161 1845 4228 παρά-

274 4257 488 4305 στασις.

1953 3056 2226 3126 ruptelat:
2268 3053 2508 3109 Trinitas
2536 3064 2718 3108 autem
2748 3093 2763 3118 ,
2817 3049 2964 3122 quod
3010 3049 3185 3105 secari
3224 3048 3529 3118 dispergive

1953 3149 2163 3218 nequit,
2197 3148 2326 3202 illud
2360 3149 2536 3216 prima
2566 3151 2958 3215 repraesentat;
3020 3151 3075 3197 et
3117 3142 3165 3202 si
3212 3141 3342 3211 quid
3375 3139 3524 3196 aliud

1953 3240 2301 3296 indivisibilis
2348 3254 2448 3293 nec
2493 3237 2888 3306 dispersionem
2925 3233 3182 3305 patientis
3215 3242 3425 3287 natura:
3467 3232 3528 3285 lit

1951 3331 2246 3402 particeps,
2271 3345 2336 3384 ex
2360 3330 2478 3399 ipsa
2507 3328 2779 3398 particeps
2809 3327 2958 3382 illius
2989 3341 3114 3381 esse
3147 3324 3522 3394 cognoscitur.

1953 3425 2127 3490 Quam
2150 3424 2220 3478 ob
2241 3439 2358 3478 rem
2380 3422 2637 3476 divinitas
2667 3435 2888 3476 causam
2929 3419 3182 3483 ellluxus,
3210 3417 3527 3473 dissolutio-

1953 3518 2063 3579 nis,
2090 3525 2144 3571 et
2173 3514 2496 3585 corruptelae
2532 3531 2560 3568 a
2593 3528 2654 3568 se
2681 3513 2798 3581 ipsa
2826 3511 3036 3580 expulit
3072 3529 3085 3564 :
3118 3521 3175 3566 et
3219 3526 3314 3580 per
3346 3509 3529 3565 Trini-

1954 3615 2121 3662 tatem
2151 3621 2273 3676 quae
2302 3605 2702 3660 immunitatem
2736 3603 2804 3656 ab
2837 3601 3058 3666 ellluxu,
3089 3600 3452 3656 dissolutione
3472 3611 3529 3656 et

1953 3699 2291 3769 dispersione
2365 3703 2757 3766 repraesentet,
2833 3693 3058 3764 agnosci
3133 3691 3356 3763 dignata
3419 3700 3524 3748 est.

1953 3790 2162 3846 Etenim
2205 3791 2489 3854 sectionis,
2527 3787 2778 3854 eﬂluxus,
2805 3796 2860 3842 et
2891 3785 3120 3840 aliarum
3153 3785 3396 3856 ejusdem
3436 3799 3529 3839 or-

1953 3883 2099 3938 dinis
2123 3882 2472 3937 aii‘ectionum
2499 3895 2718 3938 causam
2756 3880 3056 3948 despicere,
3094 3879 3198 3933 hoc
3225 3893 3357 3933 sane
3384 3877 3525 3932 divi-

1953 3977 2140 4030 uitatis
2163 3984 2247 4030 est
2286 3975 2609 4044 proprium:
2643 3973 2787 4043 quod
2852 3986 2982 4026 vero
3027 3968 3348 4025 Trinitatem
3406 3983 3526 4038 quae

1952 4068 2136 4123 omnia
2170 4068 2441 4138 praedictis
2490 4065 2873 4121 aﬂ'eclionibus
2901 4062 3180 4120 contraria
3213 4061 3362 4116 velut
3393 4063 3527 4114 ima-

1952 4160 2075 4227 gine
2103 4160 2338 4229 quadam
2397 4159 2675 4224 exhibeat,
2720 4171 2829 4212 non
2860 4153 3312 4224 despexerimus,
3351 4167 3526 4221 neque

1953 4252 2260 4320 permiserit
2293 4251 2434 4305 Deus
2477 4259 2534 4304 ut
2579 4253 2814 4304 humana
2845 4263 2998 4303 mens
3029 4247 3082 4302 in
3124 4244 3521 4300 dubitationum

274 4337 530 4408 angustia
558 4339 791 4396 adducta
819 4353 1062 4407 erraret;
1106 4343 1210 4396 hoc
1233 4342 1478 4412 proferto
1504 4345 1857 4416 benignitatis
1891 4356 1976 4400 est
2000 4361 2108 4415 qua
2154 4346 2322 4400 Deum
2383 4361 2508 4413 erga
2577 4345 2824 4398 homines
2872 4341 3016 4396 al‘lici
3056 4345 3209 4394 decet
3253 4347 3307 4392 et
3345 4336 3521 4391 mani-

272 4429 638 4485 festissimum
666 4447 793 4501 erga
820 4449 918 4488 nos
948 4435 1312 4489 Providentia
1335 4449 1746 4506 argumentum.

800 4549 1127 4602 ΕΡΩἹῊΣΙΣ
1164 4551 1333 4603 PHB’.

511 4637 640 4704 Πῶς
664 4637 921 4708 λέγομεν
947 4639 1015 4693 ἓν
1049 4640 1146 4694 καὶ
1171 4643 1303 4710 τρία
1334 4641 1399 4695 τὸ
1427 4643 1627 4704 Θεῗον;

1874 4564 1926 4624 D

1991 4548 2316 4619 ρυιΕετιο
2353 4549 2632 4605 CLXXXII
2669 4548 2855 4620 [CoisL
2879 4547 3059 4612 CCXI,
3097 4546 3256 4599 Taur.
3291 4544 3467 4619 εαξη.

2084 4639 2198 4710 (55)
2233 4638 2508 4705 Quomodo
2537 4639 2776 4690 dicamus
2812 4637 2975 4688 Deum
2999 4651 3160 4688 unum
3189 4644 3237 4686 et
3271 4634 3420 4686 tria?

1431 4758 1572 4808 Edita
1594 4773 1621 4807 a
1647 4759 1881 4822 Basnagio
1905 4759 1961 4822 (Ι.
1985 4771 2030 4807 c.
2056 4770 2104 4820 p.
2126 4755 2376 4817 451-455).

345 4835 448 4890 Ἓν
494 4835 587 4890 καὶ
626 4837 755 4906 τρία
794 4837 853 4892 τὺ
881 4838 1036 4892 Θείον
1065 4839 1443 4912 θεο),ογοῦμεν,
1489 4844 1551 4896 τὸ
1582 4843 1640 4898 ἓν
1669 4844 1724 4897 δὲ
1758 4844 1849 4897 καί

268 4928 342 4981 τὰ
369 4929 497 4998 τρία
519 4931 599 4984 ιῑὲνί¹
630 4931 728 5002 τῆς
756 4931 1072 5002 ὑπερφυοῦς
1097 4933 1300 5005 ταύτης
1331 4934 1587 5004 θεαρχίας
1611 4937 1703 4990 καὶ
1728 4937 1850 4990 καθ’

271 5023 425 5089 ἡμᾶς
474 5023 736 5092 ἰερολογεϊ
768 5025 1035 5094 θεολογία.
1069 5026 1143 5080 Οὐ
1175 5025 1234 5078 τὸ
1266 5025 1323 5078 ἒν
1351 5028 1409 5078 ὲν
1439 5026 1692 5098 ἀριθμοῖς
1720 5027 1752 5098 ἢ
1783 5028 1850 5082 τὰ

271 5113 402 5182 τρία
430 5113 635 5183 κυρίως
673 5115 862 5186 ὥσπερ
884 5117 978 5168 ἐπὶ
1009 5115 1118 5169 τῶν
1149 5115 1289 5169 κατὰ
1317 5116 1479 5184 φύσιν
1508 5120 1601 5171 καὶ
1641 5120 1849 5188 κυρίως

2024 4842 2206 4898 Unum
2239 4850 2294 4895 et
2323 4841 2426 4895 tria
2457 4839 2624 4893 Deum
2655 4837 2955 4908 theologice
2979 4837 3232 4899 dicimus,
3267 4844 3320 4889 et
3353 4849 3520 4888 unum

1951 4945 2004 4989 et
2037 4933 2140 4988 tria
2172 4933 2225 4986 in
2256 4931 2560 4996 divinitate,
2595 4945 2714 4998 qua:
2741 4943 2904 4998 supra
2925 4935 3173 4980 naturam
3205 4934 3310 4992 est,
3336 4933 3520 4978 nostra

1951 5023 2246 5095 Theologia
2282 5023 2434 5088 dicit,
2463 5038 2569 5080 non
2605 5036 2770 5076 unum
2799 5020 2855 5074 in
2884 5019 3143 5080 numeris,
3174 5018 3252 5072 vel
3277 5017 3377 5070 tria
3400 5031 3525 5085 pro-

1958 5120 2076 5190 prie
2105 5122 2184 5174 sic
2205 5117 2500 5189 accipiens,
2528 5116 2671 5171 sicut
2703 5115 2756 5168 in
2780 5114 2868 5180 iis,
2894 5126 3018 5182 quae
3041 5109 3339 5166 secundum
3367 5116 3523 5161 natu-

1569 5272 1801 5326 VARLF.
1837 5273 2237 5329 LECTIONIES.

353 5372 378 5398 ι
408 5359 760 5416 ἀπεσείσατο.

1793 5462 2022 5518 ΝΟΤιιΕ.

357 5549 470 5618 (5‘2)
499 5548 660 5615 Nam,
683 5563 744 5607 ut
774 5569 938 5623 supra
966 5555 1155 5609 docuit
1183 5552 1430 5621 Pliotius,
1463 5555 1645 5610 omnis
1687 5553 1850 5610 Crea-

2024 5557 2140 5626 (55)
2175 5553 2326 5609 Hanc
2355 5553 2710 5624 quaestionem
2733 5565 2849 5626 nec
2888 5547 3527 5626 non_et_duasnsequeg-

273 5609 733 5698 turaconstat'cx
791 5609 1017 5680 πέπιθε-ιιι
1051 5636 1104 5698 et
1159 5609 1534 5698 formaf'vel
1589 5609 1650 5680 ex
1684 5609 1864 5695 aliqua
1960 5609 2333 5684 tcs‘veli'ormat
2371 5609 2587 5698 lquarta
2621 5639 2686 5678 ex
2729 5619 3216 5677 Dissertationibus
3249 5609 3524 5681 Basnagii.

273 5688 540 5746 dualitatc
569 5708 691 5762 qua:
723 5699 961 5749 materia:
997 5711 1049 5750 et
1077 5697 1266 5750 turma:
1305 5688 1648 5766 respondeat.

614 5788 882 5847 ΡΑτιιοι.
928 5789 1043 5849 Gn.
1094 5788 1192 5849 Cl.

3131 5771 3208 5829 ‘29
