  <div class='ocr_page' id='page_1' title='image "/cluster/home/n/w/nwhite01/storage/ocr_20150623/101/hvd.32044018872879/473.png"; bbox 0 0 3908 6214; ppageno 0'>
   <div class='ocr_carea' id='block_1_1' title="bbox 413 240 528 307">
    <p class='ocr_par' dir='ltr' id='par_1_1' title="bbox 413 240 528 307">
     <span class='ocr_line' id='line_1_1' title="bbox 413 240 528 307; baseline 0.009 -1"><span class='ocrx_word' id='word_1_1' title='bbox 413 240 528 307; x_wconf 82' lang='grc'><strong>899</strong></span> 
     </span>
    </p>
   </div>
   <div class='ocr_carea' id='block_1_2' title="bbox 1582 243 2542 315">
    <p class='ocr_par' dir='ltr' id='par_1_2' title="bbox 1582 243 2542 315">
     <span class='ocr_line' id='line_1_2' title="bbox 1582 243 2542 315; baseline 0.007 -9"><span class='ocrx_word' id='word_1_2' title='bbox 1582 243 1850 307; x_wconf 86' lang='grc' dir='ltr'><strong>ΡΗΟΤΙΙ</strong></span> <span class='ocrx_word' id='word_1_3' title='bbox 1886 245 2397 312; x_wconf 69' lang='grc' dir='ltr'><strong>ΡΑΤΗΙΑΒΟΗᾸΞ</strong></span> <span class='ocrx_word' id='word_1_4' title='bbox 2434 251 2542 315; x_wconf 89' lang='lat' dir='ltr'><strong>CP.</strong></span> 
     </span>
    </p>
   </div>
   <div class='ocr_carea' id='block_1_3' title="bbox 3604 246 3706 313">
    <p class='ocr_par' dir='ltr' id='par_1_3' title="bbox 3604 246 3706 313">
     <span class='ocr_line' id='line_1_3' title="bbox 3604 246 3706 313; baseline 0 0"><span class='ocrx_word' id='word_1_5' title='bbox 3604 246 3706 313; x_wconf 75' lang='lat'><strong>900</strong></span> 
     </span>
    </p>
   </div>
   <div class='ocr_carea' id='block_1_4' title="bbox 417 359 2004 439">
    <p class='ocr_par' dir='ltr' id='par_1_4' title="bbox 417 359 2004 433">
     <span class='ocr_line' id='line_1_4' title="bbox 417 359 2004 433; baseline 0.001 -15"><span class='ocrx_word' id='word_1_6' title='bbox 417 376 574 428; x_wconf 85' lang='lat' dir='ltr'><strong>ram,</strong></span> <span class='ocrx_word' id='word_1_7' title='bbox 627 370 681 417; x_wconf 92' lang='lat' dir='ltr'><strong>et</strong></span> <span class='ocrx_word' id='word_1_8' title='bbox 726 361 947 433; x_wconf 84' lang='lat' dir='ltr'><strong>proprie</strong></span> <span class='ocrx_word' id='word_1_9' title='bbox 1008 359 1290 419; x_wconf 87' lang='lat' dir='ltr'><strong>numerari</strong></span> <span class='ocrx_word' id='word_1_10' title='bbox 1354 370 1609 432; x_wconf 90' lang='lat' dir='ltr'><strong>possunt,</strong></span> <span class='ocrx_word' id='word_1_11' title='bbox 1637 362 1753 433; x_wconf 76' lang='grc'><strong>(54)</strong></span> <span class='ocrx_word' id='word_1_12' title='bbox 1786 378 2004 419; x_wconf 89' lang='lat' dir='ltr'><strong>omnem</strong></span> 
     </span>
    </p>
   </div>
   <div class='ocr_carea' id='block_1_5' title="bbox 2107 359 3705 439">
    <p class='ocr_par' dir='ltr' id='par_1_5' title="bbox 2110 364 3705 439">
     <span class='ocr_line' id='line_1_5' title="bbox 2110 364 3705 439; baseline 0.002 -19"><span class='ocrx_word' id='word_1_13' title='bbox 2110 366 2433 439; x_wconf 84' lang='grc' dir='ltr'>ἀριθμητῶν</span> <span class='ocrx_word' id='word_1_14' title='bbox 2463 365 2998 439; x_wconf 71' lang='grc' dir='ltr'>παραλαμϐάνουσα.</span> <span class='ocrx_word' id='word_1_15' title='bbox 3047 364 3312 439; x_wconf 80' lang='grc' dir='ltr'>Ἀριθμοῦ</span> <span class='ocrx_word' id='word_1_16' title='bbox 3342 364 3456 437; x_wconf 81' lang='grc' dir='ltr'><strong>γὰρ</strong></span> <span class='ocrx_word' id='word_1_17' title='bbox 3500 370 3705 435; x_wconf 67' lang='grc' dir='ltr'>παντὸς</span> 
     </span>
    </p>
   </div>
   <div class='ocr_carea' id='block_1_6' title="bbox 417 455 2015 526">
    <p class='ocr_par' dir='ltr' id='par_1_6' title="bbox 417 455 2015 526">
     <span class='ocr_line' id='line_1_6' title="bbox 417 455 2015 526; baseline 0.001 -16"><span class='ocrx_word' id='word_1_18' title='bbox 417 455 562 510; x_wconf 89' lang='lat' dir='ltr'><strong>enim</strong></span> <span class='ocrx_word' id='word_1_19' title='bbox 614 469 904 510; x_wconf 86' lang='lat' dir='ltr'><strong>numerum</strong></span> <span class='ocrx_word' id='word_1_20' title='bbox 944 463 998 510; x_wconf 92' lang='lat' dir='ltr'><strong>et</strong></span> <span class='ocrx_word' id='word_1_21' title='bbox 1037 456 1325 520; x_wconf 90' lang='lat' dir='ltr'><strong>unitatem,</strong></span> <span class='ocrx_word' id='word_1_22' title='bbox 1357 470 1480 525; x_wconf 60' lang='lat' dir='ltr'><strong>quae</strong></span> <span class='ocrx_word' id='word_1_23' title='bbox 1514 465 1643 509; x_wconf 90' lang='lat' dir='ltr'><strong>sunt</strong></span> <span class='ocrx_word' id='word_1_24' title='bbox 1685 465 1870 526; x_wconf 87' lang='lat' dir='ltr'><strong>partes</strong></span> <span class='ocrx_word' id='word_1_25' title='bbox 1899 472 2015 510; x_wconf 88' lang='lat' dir='ltr'><strong>nu-</strong></span> 
     </span>
    </p>
   </div>
   <div class='ocr_carea' id='block_1_7' title="bbox 418 546 2013 617">
    <p class='ocr_par' dir='ltr' id='par_1_7' title="bbox 418 546 2013 617">
     <span class='ocr_line' id='line_1_7' title="bbox 418 546 2013 617; baseline 0.001 -16"><span class='ocrx_word' id='word_1_26' title='bbox 418 546 580 609; x_wconf 89' lang='lat' dir='ltr'><strong>meri,</strong></span> <span class='ocrx_word' id='word_1_27' title='bbox 610 556 664 601; x_wconf 91' lang='lat' dir='ltr'><strong>et</strong></span> <span class='ocrx_word' id='word_1_28' title='bbox 693 561 912 601; x_wconf 91' lang='lat' dir='ltr'><strong>omnem</strong></span> <span class='ocrx_word' id='word_1_29' title='bbox 944 546 1108 602; x_wconf 90' lang='lat' dir='ltr'><strong>aliam</strong></span> <span class='ocrx_word' id='word_1_30' title='bbox 1135 547 1500 617; x_wconf 88' lang='lat' dir='ltr'><strong>quantitatem</strong></span> <span class='ocrx_word' id='word_1_31' title='bbox 1532 546 1791 601; x_wconf 80' lang='lat' dir='ltr'><strong>divinitas</strong></span> <span class='ocrx_word' id='word_1_32' title='bbox 1812 588 1827 613; x_wconf 96' lang='lat'><strong>,</strong></span> <span class='ocrx_word' id='word_1_33' title='bbox 1856 562 2013 603; x_wconf 89' lang='lat' dir='ltr'><strong>men-</strong></span> 
     </span>
    </p>
   </div>
   <div class='ocr_carea' id='block_1_8' title="bbox 419 639 2011 709">
    <p class='ocr_par' dir='ltr' id='par_1_8' title="bbox 419 639 2011 709">
     <span class='ocr_line' id='line_1_8' title="bbox 419 639 2011 709; baseline 0 -15"><span class='ocrx_word' id='word_1_34' title='bbox 419 654 547 694; x_wconf 77' lang='lat' dir='ltr'><strong>sura</strong></span> <span class='ocrx_word' id='word_1_35' title='bbox 586 654 808 703; x_wconf 88' lang='lat' dir='ltr'><strong>arcana,</strong></span> <span class='ocrx_word' id='word_1_36' title='bbox 847 654 969 708; x_wconf 71' lang='lat' dir='ltr'><strong>qua:</strong></span> <span class='ocrx_word' id='word_1_37' title='bbox 991 640 1237 709; x_wconf 79' lang='lat' dir='ltr'><strong>expromi</strong></span> <span class='ocrx_word' id='word_1_38' title='bbox 1267 654 1378 693; x_wconf 92' lang='lat' dir='ltr'><strong>non</strong></span> <span class='ocrx_word' id='word_1_39' title='bbox 1408 646 1607 708; x_wconf 83' lang='lat' dir='ltr'><strong>potest,</strong></span> <span class='ocrx_word' id='word_1_40' title='bbox 1644 648 1889 709; x_wconf 91' lang='lat' dir='ltr'><strong>superat,</strong></span> <span class='ocrx_word' id='word_1_41' title='bbox 1914 639 2011 696; x_wconf 89' lang='lat' dir='ltr'><strong>sed</strong></span> 
     </span>
    </p>
   </div>
   <div class='ocr_carea' id='block_1_9' title="bbox 419 730 2010 804">
    <p class='ocr_par' dir='ltr' id='par_1_9' title="bbox 419 730 2010 804">
     <span class='ocr_line' id='line_1_9' title="bbox 419 730 2010 804; baseline 0 -16"><span class='ocrx_word' id='word_1_42' title='bbox 419 732 724 804; x_wconf 79' lang='lat' dir='ltr'><strong>symbolice</strong></span> <span class='ocrx_word' id='word_1_43' title='bbox 759 731 984 787; x_wconf 86' lang='lat' dir='ltr'><strong>nomine</strong></span> <span class='ocrx_word' id='word_1_44' title='bbox 1040 732 1204 786; x_wconf 87' lang='lat' dir='ltr'><strong>unius</strong></span> <span class='ocrx_word' id='word_1_45' title='bbox 1249 730 1551 800; x_wconf 78' lang='lat' dir='ltr'><strong>intelligere</strong></span> <span class='ocrx_word' id='word_1_46' title='bbox 1576 746 1875 802; x_wconf 89' lang='lat' dir='ltr'><strong>possumus</strong></span> <span class='ocrx_word' id='word_1_47' title='bbox 1915 747 2010 788; x_wconf 87' lang='lat' dir='ltr'><strong>oc-</strong></span> 
     </span>
    </p>
   </div>
   <div class='ocr_carea' id='block_1_10' title="bbox 420 823 2010 889">
    <p class='ocr_par' dir='ltr' id='par_1_10' title="bbox 420 823 2010 889">
     <span class='ocr_line' id='line_1_10' title="bbox 420 823 2010 889; baseline 0 -10"><span class='ocrx_word' id='word_1_48' title='bbox 420 826 625 880; x_wconf 82' lang='lat' dir='ltr'><strong>cultam</strong></span> <span class='ocrx_word' id='word_1_49' title='bbox 660 825 808 879; x_wconf 86' lang='lat' dir='ltr'><strong>illam</strong></span> <span class='ocrx_word' id='word_1_50' title='bbox 832 835 882 879; x_wconf 86' lang='lat' dir='ltr'><strong>et</strong></span> <span class='ocrx_word' id='word_1_51' title='bbox 908 824 1144 879; x_wconf 85' lang='lat' dir='ltr'><strong>abditam</strong></span> <span class='ocrx_word' id='word_1_52' title='bbox 1169 823 1369 877; x_wconf 61' lang='lat' dir='ltr'><strong>divinae</strong></span> <span class='ocrx_word' id='word_1_53' title='bbox 1395 832 1609 877; x_wconf 73' lang='lat' dir='ltr'><strong>natura:</strong></span> <span class='ocrx_word' id='word_1_54' title='bbox 1638 823 1931 889; x_wconf 88' lang='lat' dir='ltr'><strong>rationem,</strong></span> <span class='ocrx_word' id='word_1_55' title='bbox 1956 832 2010 879; x_wconf 90' lang='lat' dir='ltr'><strong>et</strong></span> 
     </span>
    </p>
   </div>
   <div class='ocr_carea' id='block_1_11' title="bbox 420 911 2005 982">
    <p class='ocr_par' dir='ltr' id='par_1_11' title="bbox 420 911 2005 982">
     <span class='ocr_line' id='line_1_11' title="bbox 420 911 2005 982; baseline -0.001 -13"><span class='ocrx_word' id='word_1_56' title='bbox 420 915 489 969; x_wconf 89' lang='lat' dir='ltr'><strong>ab</strong></span> <span class='ocrx_word' id='word_1_57' title='bbox 523 914 675 969; x_wconf 93' lang='lat' dir='ltr'><strong>omni</strong></span> <span class='ocrx_word' id='word_1_58' title='bbox 714 929 849 970; x_wconf 89' lang='lat' dir='ltr'><strong>voce</strong></span> <span class='ocrx_word' id='word_1_59' title='bbox 881 924 934 969; x_wconf 93' lang='lat' dir='ltr'><strong>et</strong></span> <span class='ocrx_word' id='word_1_60' title='bbox 982 921 1136 968; x_wconf 81' lang='lat' dir='ltr'><strong>extra</strong></span> <span class='ocrx_word' id='word_1_61' title='bbox 1169 926 1229 967; x_wconf 87' lang='lat' dir='ltr'><strong>se</strong></span> <span class='ocrx_word' id='word_1_62' title='bbox 1258 911 1579 982; x_wconf 80' lang='lat' dir='ltr'><strong>egressione</strong></span> <span class='ocrx_word' id='word_1_63' title='bbox 1615 912 2005 979; x_wconf 86' lang='lat' dir='ltr'><strong>remotionem,</strong></span> 
     </span>
    </p>
   </div>
   <div class='ocr_carea' id='block_1_12' title="bbox 418 1002 2008 1075">
    <p class='ocr_par' dir='ltr' id='par_1_12' title="bbox 418 1002 2008 1075">
     <span class='ocr_line' id='line_1_12' title="bbox 418 1002 2008 1075; baseline -0.002 -15"><span class='ocrx_word' id='word_1_64' title='bbox 418 1012 473 1060; x_wconf 92' lang='lat' dir='ltr'><strong>et</strong></span> <span class='ocrx_word' id='word_1_65' title='bbox 507 1013 565 1058; x_wconf 90' lang='lat' dir='ltr'><strong>ut</strong></span> <span class='ocrx_word' id='word_1_66' title='bbox 593 1005 675 1060; x_wconf 88' lang='lat' dir='ltr'><strong>sic</strong></span> <span class='ocrx_word' id='word_1_67' title='bbox 703 1004 917 1075; x_wconf 90' lang='lat' dir='ltr'><strong>loquar,</strong></span> <span class='ocrx_word' id='word_1_68' title='bbox 950 1002 1370 1058; x_wconf 76' lang='lat' dir='ltr'><strong>inclinationem</strong></span> <span class='ocrx_word' id='word_1_69' title='bbox 1404 1009 1461 1057; x_wconf 89' lang='lat' dir='ltr'><strong>et</strong></span> <span class='ocrx_word' id='word_1_70' title='bbox 1492 1002 1889 1074; x_wconf 87' lang='lat' dir='ltr'><strong>ingressionem</strong></span> <span class='ocrx_word' id='word_1_71' title='bbox 1938 1002 2008 1057; x_wconf 90' lang='lat' dir='ltr'><strong>ad</strong></span> 
     </span>
    </p>
   </div>
   <div class='ocr_carea' id='block_1_13' title="bbox 419 1092 2005 1164">
    <p class='ocr_par' dir='ltr' id='par_1_13' title="bbox 419 1092 2005 1164">
     <span class='ocr_line' id='line_1_13' title="bbox 419 1092 2005 1164; baseline -0.001 -14"><span class='ocrx_word' id='word_1_72' title='bbox 419 1094 806 1164; x_wconf 89' lang='lat' dir='ltr'><strong>semetipsam;</strong></span> <span class='ocrx_word' id='word_1_73' title='bbox 859 1093 1313 1162; x_wconf 82' lang='lat' dir='ltr'><strong>reconditumque</strong></span> <span class='ocrx_word' id='word_1_74' title='bbox 1370 1092 1502 1147; x_wconf 92' lang='lat' dir='ltr'><strong>illud</strong></span> <span class='ocrx_word' id='word_1_75' title='bbox 1550 1102 1763 1148; x_wconf 70' lang='lat' dir='ltr'><strong>naturae</strong></span> <span class='ocrx_word' id='word_1_76' title='bbox 1842 1108 2005 1164; x_wconf 87' lang='lat' dir='ltr'><strong>supra</strong></span> 
     </span>
    </p>
   </div>
   <div class='ocr_carea' id='block_1_14' title="bbox 420 1182 2008 1255">
    <p class='ocr_par' dir='ltr' id='par_1_14' title="bbox 420 1182 2008 1255">
     <span class='ocr_line' id='line_1_14' title="bbox 420 1182 2008 1255; baseline 0 -16"><span class='ocrx_word' id='word_1_77' title='bbox 420 1200 640 1241; x_wconf 91' lang='lat' dir='ltr'><strong>omnem</strong></span> <span class='ocrx_word' id='word_1_78' title='bbox 691 1185 1083 1255; x_wconf 81' lang='lat' dir='ltr'><strong>cogitationem</strong></span> <span class='ocrx_word' id='word_1_79' title='bbox 1123 1193 1177 1237; x_wconf 91' lang='lat' dir='ltr'><strong>ct</strong></span> <span class='ocrx_word' id='word_1_80' title='bbox 1215 1182 1629 1253; x_wconf 79' lang='lat' dir='ltr'><strong>intelligentiam</strong></span> <span class='ocrx_word' id='word_1_81' title='bbox 1652 1192 1876 1240; x_wconf 61' lang='lat' dir='ltr'><strong>evectae.</strong></span> <span class='ocrx_word' id='word_1_82' title='bbox 1899 1183 2008 1239; x_wconf 84' lang='lat' dir='ltr'><strong>No-</strong></span> 
     </span>
    </p>
   </div>
   <div class='ocr_carea' id='block_1_15' title="bbox 420 1275 2002 1349">
    <p class='ocr_par' dir='ltr' id='par_1_15' title="bbox 420 1275 2002 1349">
     <span class='ocr_line' id='line_1_15' title="bbox 420 1275 2002 1349; baseline -0.001 -16"><span class='ocrx_word' id='word_1_83' title='bbox 420 1294 545 1333; x_wconf 94' lang='lat' dir='ltr'><strong>men</strong></span> <span class='ocrx_word' id='word_1_84' title='bbox 578 1292 705 1333; x_wconf 84' lang='lat' dir='ltr'><strong>vero</strong></span> <span class='ocrx_word' id='word_1_85' title='bbox 736 1278 901 1332; x_wconf 88' lang='lat' dir='ltr'><strong>trium</strong></span> <span class='ocrx_word' id='word_1_86' title='bbox 932 1276 1157 1346; x_wconf 83' lang='lat' dir='ltr'><strong>mystice</strong></span> <span class='ocrx_word' id='word_1_87' title='bbox 1181 1275 1342 1332; x_wconf 86' lang='lat' dir='ltr'><strong>docet</strong></span> <span class='ocrx_word' id='word_1_88' title='bbox 1373 1276 1691 1341; x_wconf 88' lang='lat' dir='ltr'><strong>bonitatem,</strong></span> <span class='ocrx_word' id='word_1_89' title='bbox 1729 1292 1852 1349; x_wconf 79' lang='lat' dir='ltr'><strong>qua:</strong></span> <span class='ocrx_word' id='word_1_90' title='bbox 1882 1292 2002 1333; x_wconf 90' lang='lat' dir='ltr'><strong>eam</strong></span> 
     </span>
    </p>
   </div>
   <div class='ocr_carea' id='block_1_16' title="bbox 419 1364 2001 1436">
    <p class='ocr_par' dir='ltr' id='par_1_16' title="bbox 419 1364 2001 1436">
     <span class='ocr_line' id='line_1_16' title="bbox 419 1364 2001 1436; baseline -0.002 -12"><span class='ocrx_word' id='word_1_91' title='bbox 419 1367 552 1424; x_wconf 80' lang='lat' dir='ltr'><strong>facit</strong></span> <span class='ocrx_word' id='word_1_92' title='bbox 584 1365 954 1431; x_wconf 82' lang='lat' dir='ltr'><strong>manifestam,</strong></span> <span class='ocrx_word' id='word_1_93' title='bbox 984 1374 1041 1419; x_wconf 92' lang='lat' dir='ltr'><strong>et</strong></span> <span class='ocrx_word' id='word_1_94' title='bbox 1068 1380 1175 1435; x_wconf 90' lang='lat' dir='ltr'><strong>qua</strong></span> <span class='ocrx_word' id='word_1_95' title='bbox 1211 1364 1481 1435; x_wconf 89' lang='lat' dir='ltr'><strong>procedit,</strong></span> <span class='ocrx_word' id='word_1_96' title='bbox 1512 1380 1682 1435; x_wconf 88' lang='lat' dir='ltr'><strong>seque</strong></span> <span class='ocrx_word' id='word_1_97' title='bbox 1718 1365 2001 1436; x_wconf 79' lang='lat' dir='ltr'><strong>expandit,</strong></span> 
     </span>
    </p>
   </div>
   <div class='ocr_carea' id='block_1_17' title="bbox 417 1458 2004 1533">
    <p class='ocr_par' dir='ltr' id='par_1_17' title="bbox 417 1458 2004 1533">
     <span class='ocr_line' id='line_1_17' title="bbox 417 1458 2004 1533; baseline -0.002 -14"><span class='ocrx_word' id='word_1_98' title='bbox 417 1472 473 1520; x_wconf 93' lang='lat' dir='ltr'><strong>et</strong></span> <span class='ocrx_word' id='word_1_99' title='bbox 504 1462 761 1533; x_wconf 84' lang='lat' dir='ltr'><strong>explicat,</strong></span> <span class='ocrx_word' id='word_1_100' title='bbox 832 1477 941 1516; x_wconf 94' lang='lat' dir='ltr'><strong>non</strong></span> <span class='ocrx_word' id='word_1_101' title='bbox 995 1470 1169 1515; x_wconf 92' lang='lat' dir='ltr'><strong>totum</strong></span> <span class='ocrx_word' id='word_1_102' title='bbox 1226 1458 1496 1531; x_wconf 74' lang='lat' dir='ltr'><strong>fulgorem</strong></span> <span class='ocrx_word' id='word_1_103' title='bbox 1570 1461 1857 1527; x_wconf 88' lang='lat' dir='ltr'><strong>emittens,</strong></span> <span class='ocrx_word' id='word_1_104' title='bbox 1906 1461 2004 1517; x_wconf 82' lang='lat' dir='ltr'><strong>sed</strong></span> 
     </span>
    </p>
   </div>
   <div class='ocr_carea' id='block_1_18' title="bbox 416 1550 2003 1625">
    <p class='ocr_par' dir='ltr' id='par_1_18' title="bbox 416 1550 2003 1625">
     <span class='ocr_line' id='line_1_18' title="bbox 416 1550 2003 1625; baseline 0.001 -18"><span class='ocrx_word' id='word_1_105' title='bbox 416 1563 682 1625; x_wconf 89' lang='lat' dir='ltr'><strong>quantum</strong></span> <span class='ocrx_word' id='word_1_106' title='bbox 724 1560 918 1608; x_wconf 90' lang='lat' dir='ltr'><strong>natura</strong></span> <span class='ocrx_word' id='word_1_107' title='bbox 948 1552 1191 1607; x_wconf 80' lang='lat' dir='ltr'><strong>humana</strong></span> <span class='ocrx_word' id='word_1_108' title='bbox 1212 1559 1392 1623; x_wconf 91' lang='lat' dir='ltr'><strong>potest</strong></span> <span class='ocrx_word' id='word_1_109' title='bbox 1423 1550 1684 1621; x_wconf 88' lang='lat' dir='ltr'><strong>recipere,</strong></span> <span class='ocrx_word' id='word_1_110' title='bbox 1716 1550 1770 1606; x_wconf 94' lang='lat' dir='ltr'><strong>in</strong></span> <span class='ocrx_word' id='word_1_111' title='bbox 1801 1552 2003 1622; x_wconf 86' lang='lat' dir='ltr'><strong>quibus</strong></span> 
     </span>
    </p>
   </div>
   <div class='ocr_carea' id='block_1_19' title="bbox 416 1640 2004 1715">
    <p class='ocr_par' dir='ltr' id='par_1_19' title="bbox 416 1640 2004 1715">
     <span class='ocr_line' id='line_1_19' title="bbox 416 1640 2004 1715; baseline 0 -16"><span class='ocrx_word' id='word_1_112' title='bbox 416 1643 641 1699; x_wconf 85' lang='lat' dir='ltr'><strong>Creator</strong></span> <span class='ocrx_word' id='word_1_113' title='bbox 696 1651 752 1699; x_wconf 93' lang='lat' dir='ltr'><strong>et</strong></span> <span class='ocrx_word' id='word_1_114' title='bbox 808 1642 1046 1713; x_wconf 87' lang='lat' dir='ltr'><strong>potentia</strong></span> <span class='ocrx_word' id='word_1_115' title='bbox 1088 1642 1229 1713; x_wconf 87' lang='lat' dir='ltr'><strong>ejus,</strong></span> <span class='ocrx_word' id='word_1_116' title='bbox 1256 1655 1328 1696; x_wconf 91' lang='lat' dir='ltr'><strong>ac</strong></span> <span class='ocrx_word' id='word_1_117' title='bbox 1371 1640 1713 1711; x_wconf 82' lang='lat' dir='ltr'><strong>providentia</strong></span> <span class='ocrx_word' id='word_1_118' title='bbox 1753 1657 1876 1712; x_wconf 73' lang='lat' dir='ltr'><strong>quae</strong></span> <span class='ocrx_word' id='word_1_119' title='bbox 1905 1658 2004 1715; x_wconf 90' lang='lat' dir='ltr'><strong>per</strong></span> 
     </span>
    </p>
   </div>
   <div class='ocr_carea' id='block_1_20' title="bbox 2121 455 3707 531">
    <p class='ocr_par' dir='ltr' id='par_1_20' title="bbox 2121 455 3707 531">
     <span class='ocr_line' id='line_1_20' title="bbox 2121 455 3707 531; baseline 0.003 -21"><span class='ocrx_word' id='word_1_120' title='bbox 2121 458 2217 511; x_wconf 72' lang='lat' dir='ltr'><strong>xui.</strong></span> <span class='ocrx_word' id='word_1_121' title='bbox 2247 458 2471 521; x_wconf 79' lang='grc' dir='ltr'>ἑνάδων,</span> <span class='ocrx_word' id='word_1_122' title='bbox 2502 457 2560 513; x_wconf 87' lang='grc' dir='ltr'>αἳ</span> <span class='ocrx_word' id='word_1_123' title='bbox 2602 458 2672 513; x_wconf 84' lang='grc' dir='ltr'>τὰ</span> <span class='ocrx_word' id='word_1_124' title='bbox 2720 456 2818 511; x_wconf 90' lang='grc' dir='ltr'><strong>τοῦ</strong></span> <span class='ocrx_word' id='word_1_125' title='bbox 2861 455 3104 529; x_wconf 90' lang='grc' dir='ltr'>ἀριθμοῦ</span> <span class='ocrx_word' id='word_1_126' title='bbox 3169 457 3310 530; x_wconf 82' lang='grc' dir='ltr'>μέρη</span> <span class='ocrx_word' id='word_1_127' title='bbox 3368 458 3466 513; x_wconf 78' lang='grc' dir='ltr'>καὶ</span> <span class='ocrx_word' id='word_1_128' title='bbox 3523 458 3707 531; x_wconf 76' lang='grc' dir='ltr'>πάσης</span> 
     </span>
    </p>
   </div>
   <div class='ocr_carea' id='block_1_21' title="bbox 2116 547 3708 622">
    <p class='ocr_par' dir='ltr' id='par_1_21' title="bbox 2116 547 3708 622">
     <span class='ocr_line' id='line_1_21' title="bbox 2116 547 3708 622; baseline 0.002 -21"><span class='ocrx_word' id='word_1_129' title='bbox 2116 547 2285 618; x_wconf 87' lang='grc' dir='ltr'>ἀλλης</span> <span class='ocrx_word' id='word_1_130' title='bbox 2306 547 2684 621; x_wconf 80' lang='grc' dir='ltr'><strong>ἀναπληροῦσι</strong></span> <span class='ocrx_word' id='word_1_131' title='bbox 2713 548 3042 621; x_wconf 83' lang='grc' dir='ltr'><strong>ποσότητος,</strong></span> <span class='ocrx_word' id='word_1_132' title='bbox 3075 548 3364 613; x_wconf 78' lang='grc' dir='ltr'><strong>παντελῶς</strong></span> <span class='ocrx_word' id='word_1_133' title='bbox 3388 550 3422 621; x_wconf 69' lang='grc' dir='ltr'><em>ἡ</em></span> <span class='ocrx_word' id='word_1_134' title='bbox 3460 550 3708 622; x_wconf 77' lang='grc' dir='ltr'>ὑπερόρ-</span> 
     </span>
    </p>
   </div>
   <div class='ocr_carea' id='block_1_22' title="bbox 2114 639 3709 715">
    <p class='ocr_par' dir='ltr' id='par_1_22' title="bbox 2114 639 3709 715">
     <span class='ocr_line' id='line_1_22' title="bbox 2114 639 3709 715; baseline 0.002 -23"><span class='ocrx_word' id='word_1_135' title='bbox 2114 655 2233 710; x_wconf 85' lang='grc' dir='ltr'>χιος</span> <span class='ocrx_word' id='word_1_136' title='bbox 2256 639 2568 713; x_wconf 83' lang='grc' dir='ltr'>ἀγαθαρχία</span> <span class='ocrx_word' id='word_1_137' title='bbox 2590 681 2605 707; x_wconf 93' lang='grc'><strong>,</strong></span> <span class='ocrx_word' id='word_1_138' title='bbox 2638 641 2864 715; x_wconf 78' lang='grc' dir='ltr'>ἀρρήτῳ</span> <span class='ocrx_word' id='word_1_139' title='bbox 2904 641 3089 713; x_wconf 83' lang='grc' dir='ltr'>μέτρῳ</span> <span class='ocrx_word' id='word_1_140' title='bbox 3119 640 3501 713; x_wconf 84' lang='grc' dir='ltr'>ὑπιρίδρυται.</span> <span class='ocrx_word' id='word_1_141' title='bbox 3550 642 3709 695; x_wconf 74' lang='grc' dir='ltr'>’Δλὶά</span> 
     </span>
    </p>
   </div>
   <div class='ocr_carea' id='block_1_23' title="bbox 2117 731 3708 805">
    <p class='ocr_par' dir='ltr' id='par_1_23' title="bbox 2117 731 3708 805">
     <span class='ocr_line' id='line_1_23' title="bbox 2117 731 3708 805; baseline 0.001 -21"><span class='ocrx_word' id='word_1_142' title='bbox 2117 731 2225 803; x_wconf 76' lang='grc' dir='ltr'>μὴν</span> <span class='ocrx_word' id='word_1_143' title='bbox 2269 732 2357 787; x_wconf 87' lang='grc' dir='ltr'><strong>διά</strong></span> <span class='ocrx_word' id='word_1_144' title='bbox 2411 732 2508 787; x_wconf 90' lang='grc' dir='ltr'><strong>τοῦ</strong></span> <span class='ocrx_word' id='word_1_145' title='bbox 2562 732 2681 797; x_wconf 80' lang='grc' dir='ltr'>ἑνὸς</span> <span class='ocrx_word' id='word_1_146' title='bbox 2736 732 2837 805; x_wconf 78' lang='grc' dir='ltr'>τὴν</span> <span class='ocrx_word' id='word_1_147' title='bbox 2884 732 3225 805; x_wconf 80' lang='grc' dir='ltr'>κρυφιότητα</span> <span class='ocrx_word' id='word_1_148' title='bbox 3280 733 3453 804; x_wconf 85' lang='grc' dir='ltr'>αὐτῆς</span> <span class='ocrx_word' id='word_1_149' title='bbox 3500 734 3603 787; x_wconf 82' lang='grc' dir='ltr'>καὶ</span> <span class='ocrx_word' id='word_1_150' title='bbox 3647 734 3708 786; x_wconf 73' lang='grc' dir='ltr'>τὸ</span> 
     </span>
    </p>
   </div>
   <div class='ocr_carea' id='block_1_24' title="bbox 2110 822 3707 895">
    <p class='ocr_par' dir='ltr' id='par_1_24' title="bbox 2110 822 3707 895">
     <span class='ocr_line' id='line_1_24' title="bbox 2110 822 3707 895; baseline -0.001 -18"><span class='ocrx_word' id='word_1_151' title='bbox 2110 822 2439 893; x_wconf 78' lang='grc' dir='ltr'>ἄφθεγκτον,</span> <span class='ocrx_word' id='word_1_152' title='bbox 2462 826 2558 877; x_wconf 72' lang='grc' dir='ltr'>καὶ</span> <span class='ocrx_word' id='word_1_153' title='bbox 2584 824 2945 895; x_wconf 84' lang='grc' dir='ltr'>ἀνεκφοίητον</span> <span class='ocrx_word' id='word_1_154' title='bbox 2977 832 3029 887; x_wconf 71' lang='grc'>1,</span> <span class='ocrx_word' id='word_1_155' title='bbox 3062 826 3161 879; x_wconf 83' lang='grc' dir='ltr'>καὶ</span> <span class='ocrx_word' id='word_1_156' title='bbox 3190 822 3309 888; x_wconf 77' lang='grc' dir='ltr'><strong>πῶς</strong></span> <span class='ocrx_word' id='word_1_157' title='bbox 3342 824 3411 877; x_wconf 80' lang='grc' dir='ltr'><strong>ἀν</strong></span> <span class='ocrx_word' id='word_1_158' title='bbox 3441 840 3528 888; x_wconf 89' lang='grc' dir='ltr'><strong>τις</strong></span> <span class='ocrx_word' id='word_1_159' title='bbox 3559 824 3707 877; x_wconf 77' lang='grc' dir='ltr'>είποι</span> 
     </span>
    </p>
   </div>
   <div class='ocr_carea' id='block_1_25' title="bbox 2109 913 3706 986">
    <p class='ocr_par' dir='ltr' id='par_1_25' title="bbox 2109 913 3706 986">
     <span class='ocr_line' id='line_1_25' title="bbox 2109 913 3706 986; baseline 0 -19"><span class='ocrx_word' id='word_1_160' title='bbox 2109 913 2172 967; x_wconf 87' lang='grc' dir='ltr'>τὸ</span> <span class='ocrx_word' id='word_1_161' title='bbox 2200 913 2423 968; x_wconf 89' lang='grc' dir='ltr'>συνεῦον</span> <span class='ocrx_word' id='word_1_162' title='bbox 2447 918 2529 980; x_wconf 80' lang='grc' dir='ltr'><strong>είς</strong></span> <span class='ocrx_word' id='word_1_163' title='bbox 2558 916 2761 986; x_wconf 77' lang='grc' dir='ltr'>ἑαυτὴν</span> <span class='ocrx_word' id='word_1_164' title='bbox 2794 914 2887 970; x_wconf 82' lang='grc' dir='ltr'>καὶ</span> <span class='ocrx_word' id='word_1_165' title='bbox 2932 914 3299 986; x_wconf 80' lang='grc' dir='ltr'>σεσιγημένον</span> <span class='ocrx_word' id='word_1_166' title='bbox 3325 916 3426 986; x_wconf 76' lang='grc' dir='ltr'>τῆς</span> <span class='ocrx_word' id='word_1_167' title='bbox 3461 914 3706 984; x_wconf 76' lang='grc' dir='ltr'>φύσεως,</span> 
     </span>
    </p>
   </div>
   <div class='ocr_carea' id='block_1_26' title="bbox 2116 1006 3707 1080">
    <p class='ocr_par' dir='ltr' id='par_1_26' title="bbox 2116 1006 3707 1080">
     <span class='ocr_line' id='line_1_26' title="bbox 2116 1006 3707 1080; baseline 0.001 -20"><span class='ocrx_word' id='word_1_168' title='bbox 2116 1006 2214 1061; x_wconf 73' lang='grc' dir='ltr'>καὶ</span> <span class='ocrx_word' id='word_1_169' title='bbox 2252 1008 2455 1072; x_wconf 76' lang='grc' dir='ltr'>παντὸς</span> <span class='ocrx_word' id='word_1_170' title='bbox 2514 1008 2774 1064; x_wconf 74' lang='grc' dir='ltr'>ἐπέκεινα</span> <span class='ocrx_word' id='word_1_171' title='bbox 2824 1007 2920 1063; x_wconf 81' lang='grc' dir='ltr'>καὶ</span> <span class='ocrx_word' id='word_1_172' title='bbox 2950 1007 3042 1062; x_wconf 91' lang='grc' dir='ltr'><strong>νοῦ</strong></span> <span class='ocrx_word' id='word_1_173' title='bbox 3095 1010 3193 1062; x_wconf 77' lang='grc' dir='ltr'>καὶ</span> <span class='ocrx_word' id='word_1_174' title='bbox 3236 1008 3529 1080; x_wconf 36' lang='grc' dir='ltr'>νοήσεως.-</span> <span class='ocrx_word' id='word_1_175' title='bbox 3563 1024 3707 1079; x_wconf 82' lang='grc' dir='ltr'>συμ-</span> 
     </span>
    </p>
   </div>
   <div class='ocr_carea' id='block_1_27' title="bbox 2110 1078 3709 1171">
    <p class='ocr_par' dir='ltr' id='par_1_27' title="bbox 2110 1078 3709 1171">
     <span class='ocr_line' id='line_1_27' title="bbox 2110 1078 3709 1171; baseline 0 -19"><span class='ocrx_word' id='word_1_176' title='bbox 2110 1098 2345 1162; x_wconf 75' lang='grc' dir='ltr'>ϐολικῶς</span> <span class='ocrx_word' id='word_1_177' title='bbox 2397 1098 2677 1153; x_wconf 63' lang='grc' dir='ltr'>ἐνδίδωσιν</span> <span class='ocrx_word' id='word_1_178' title='bbox 2718 1097 3189 1155; x_wconf 89' lang='grc' dir='ltr'>ἀναπτύσσεσθαι.</span> <span class='ocrx_word' id='word_1_179' title='bbox 3220 1100 3297 1153; x_wconf 69' lang='lat' dir='ltr'><strong>To</strong></span> <span class='ocrx_word' id='word_1_180' title='bbox 3321 1078 3393 1152; x_wconf 67' lang='grc' dir='ltr'><strong>⁷δὲ</strong></span> <span class='ocrx_word' id='word_1_181' title='bbox 3423 1078 3559 1171; x_wconf 73' lang='grc' dir='ltr'>τρίᾶ</span> <span class='ocrx_word' id='word_1_182' title='bbox 3607 1078 3709 1170; x_wconf 65' lang='grc' dir='ltr'><strong>τὴν</strong></span> 
     </span>
    </p>
   </div>
   <div class='ocr_carea' id='block_1_28' title="bbox 2107 1190 3708 1263">
    <p class='ocr_par' dir='ltr' id='par_1_28' title="bbox 2107 1190 3708 1263">
     <span class='ocr_line' id='line_1_28' title="bbox 2107 1190 3708 1263; baseline -0.001 -20"><span class='ocrx_word' id='word_1_183' title='bbox 2107 1190 2513 1262; x_wconf 82' lang='grc' dir='ltr'>ὲκφαντορικὴν</span> <span class='ocrx_word' id='word_1_184' title='bbox 2567 1190 2741 1263; x_wconf 78' lang='grc' dir='ltr'>αὐτῆς</span> <span class='ocrx_word' id='word_1_185' title='bbox 2788 1190 3107 1261; x_wconf 81' lang='grc' dir='ltr'>ἀγαθότητα</span> <span class='ocrx_word' id='word_1_186' title='bbox 3172 1191 3269 1245; x_wconf 83' lang='grc' dir='ltr'>καὶ</span> <span class='ocrx_word' id='word_1_187' title='bbox 3324 1190 3557 1262; x_wconf 81' lang='grc' dir='ltr'>πρόοδον</span> <span class='ocrx_word' id='word_1_188' title='bbox 3612 1191 3708 1245; x_wconf 70' lang='grc' dir='ltr'>καὶ</span> 
     </span>
    </p>
   </div>
   <div class='ocr_carea' id='block_1_29' title="bbox 2105 1282 3709 1357">
    <p class='ocr_par' dir='ltr' id='par_1_29' title="bbox 2105 1282 3709 1357">
     <span class='ocr_line' id='line_1_29' title="bbox 2105 1282 3709 1357; baseline 0.002 -21"><span class='ocrx_word' id='word_1_189' title='bbox 2105 1282 2419 1350; x_wconf 78' lang='grc' dir='ltr'>ὲξάπλωσιν</span> <span class='ocrx_word' id='word_1_190' title='bbox 2503 1283 2857 1354; x_wconf 83' lang='grc' dir='ltr'>ίερολογικῶς</span> <span class='ocrx_word' id='word_1_191' title='bbox 2915 1286 3274 1357; x_wconf 77' lang='grc' dir='ltr'>μυσταγωγεῖ</span> <span class='ocrx_word' id='word_1_192' title='bbox 3328 1284 3423 1338; x_wconf 77' lang='grc' dir='ltr'>καὶ</span> <span class='ocrx_word' id='word_1_193' title='bbox 3490 1285 3709 1339; x_wconf 77' lang='grc' dir='ltr'>ἀνακα-</span> 
     </span>
    </p>
   </div>
   <div class='ocr_carea' id='block_1_30' title="bbox 2104 1374 3707 1448">
    <p class='ocr_par' dir='ltr' id='par_1_30' title="bbox 2104 1374 3707 1448">
     <span class='ocr_line' id='line_1_30' title="bbox 2104 1374 3707 1448; baseline 0.002 -20"><span class='ocrx_word' id='word_1_194' title='bbox 2104 1374 2321 1430; x_wconf 86' lang='grc' dir='ltr'>λύπτει.</span> <span class='ocrx_word' id='word_1_195' title='bbox 2376 1374 2491 1447; x_wconf 82' lang='grc' dir='ltr'><strong>Οὐχ</strong></span> <span class='ocrx_word' id='word_1_196' title='bbox 2558 1376 2689 1448; x_wconf 84' lang='grc' dir='ltr'>ὃλην</span> <span class='ocrx_word' id='word_1_197' title='bbox 2738 1378 2838 1447; x_wconf 75' lang='grc' dir='ltr'>τὴν</span> <span class='ocrx_word' id='word_1_198' title='bbox 2888 1375 3089 1447; x_wconf 76' lang='grc' dir='ltr'>αῐτλην</span> <span class='ocrx_word' id='word_1_199' title='bbox 3136 1375 3550 1445; x_wconf 77' lang='grc' dir='ltr'>ὲναυγάζουσα,</span> <span class='ocrx_word' id='word_1_200' title='bbox 3588 1376 3707 1431; x_wconf 81' lang='grc' dir='ltr'>ἀλλ’</span> 
     </span>
    </p>
   </div>
   <div class='ocr_carea' id='block_1_31' title="bbox 2106 1466 3702 1541">
    <p class='ocr_par' dir='ltr' id='par_1_31' title="bbox 2106 1466 3702 1541">
     <span class='ocr_line' id='line_1_31' title="bbox 2106 1466 3702 1541; baseline 0.001 -20"><span class='ocrx_word' id='word_1_201' title='bbox 2106 1467 2240 1538; x_wconf 79' lang='grc' dir='ltr'>ὅσην</span> <span class='ocrx_word' id='word_1_202' title='bbox 2298 1469 2332 1538; x_wconf 81' lang='grc' dir='ltr'>ἡ</span> <span class='ocrx_word' id='word_1_203' title='bbox 2390 1467 2708 1541; x_wconf 82' lang='grc' dir='ltr'>ἀνθρωπίνη</span> <span class='ocrx_word' id='word_1_204' title='bbox 2765 1468 2931 1539; x_wconf 82' lang='grc' dir='ltr'>φύσις</span> <span class='ocrx_word' id='word_1_205' title='bbox 2993 1467 3199 1538; x_wconf 77' lang='grc' dir='ltr'>δυνατὴ</span> <span class='ocrx_word' id='word_1_206' title='bbox 3262 1466 3702 1539; x_wconf 74' lang='grc' dir='ltr'>παραδέχεσθαι.</span> 
     </span>
    </p>
   </div>
   <div class='ocr_carea' id='block_1_32' title="bbox 2103 1552 3705 1631">
    <p class='ocr_par' dir='ltr' id='par_1_32' title="bbox 2103 1552 3705 1631">
     <span class='ocr_line' id='line_1_32' title="bbox 2103 1552 3705 1631; baseline -0.001 -18"><span class='ocrx_word' id='word_1_207' title='bbox 2103 1557 2171 1613; x_wconf 85' lang='grc' dir='ltr'><strong>δι’</strong></span> <span class='ocrx_word' id='word_1_208' title='bbox 2201 1552 2277 1614; x_wconf 82' lang='grc' dir='ltr'>ὧν</span> <span class='ocrx_word' id='word_1_209' title='bbox 2295 1559 2325 1613; x_wconf 82' lang='grc' dir='ltr'>ὅ</span> <span class='ocrx_word' id='word_1_210' title='bbox 2350 1576 2410 1613; x_wconf 88' lang='grc' dir='ltr'><strong>τε</strong></span> <span class='ocrx_word' id='word_1_211' title='bbox 2439 1559 2809 1631; x_wconf 80' lang='grc' dir='ltr'>Δημιουργὸς,</span> <span class='ocrx_word' id='word_1_212' title='bbox 2836 1560 2989 1631; x_wconf 76' lang='grc' dir='ltr'>καὶὴ</span> <span class='ocrx_word' id='word_1_213' title='bbox 3021 1560 3441 1623; x_wconf 84' lang='grc' dir='ltr'>αὑθυπόστατος</span> <span class='ocrx_word' id='word_1_214' title='bbox 3465 1558 3705 1630; x_wconf 84' lang='grc' dir='ltr'>δύναμίς</span> 
     </span>
    </p>
   </div>
   <div class='ocr_carea' id='block_1_33' title="bbox 2104 1649 3705 1723">
    <p class='ocr_par' dir='ltr' id='par_1_33' title="bbox 2104 1649 3705 1723">
     <span class='ocr_line' id='line_1_33' title="bbox 2104 1649 3705 1723; baseline 0.001 -20"><span class='ocrx_word' id='word_1_215' title='bbox 2104 1665 2165 1703; x_wconf 91' lang='grc' dir='ltr'><strong>τε</strong></span> <span class='ocrx_word' id='word_1_216' title='bbox 2186 1649 2284 1704; x_wconf 75' lang='grc' dir='ltr'>καὶ</span> <span class='ocrx_word' id='word_1_217' title='bbox 2306 1649 2537 1723; x_wconf 85' lang='grc' dir='ltr'>πρόνοια</span> <span class='ocrx_word' id='word_1_218' title='bbox 2561 1653 2627 1723; x_wconf 80' lang='grc' dir='ltr'>τῇ</span> <span class='ocrx_word' id='word_1_219' title='bbox 2650 1650 2905 1721; x_wconf 78' lang='grc' dir='ltr'>ζωογόνῳ</span> <span class='ocrx_word' id='word_1_220' title='bbox 2931 1650 3029 1703; x_wconf 79' lang='grc' dir='ltr'>καὶ</span> <span class='ocrx_word' id='word_1_221' title='bbox 3052 1651 3347 1721; x_wconf 75' lang='grc' dir='ltr'>συνεκτικῇ</span> <span class='ocrx_word' id='word_1_222' title='bbox 3368 1649 3467 1703; x_wconf 89' lang='grc' dir='ltr'><strong>τοῦ</strong></span> <span class='ocrx_word' id='word_1_223' title='bbox 3496 1649 3705 1713; x_wconf 61' lang='grc' dir='ltr'>παντός</span> 
     </span>
    </p>
   </div>
   <div class='ocr_carea' id='block_1_34' title="bbox 415 1715 2004 1814">
    <p class='ocr_par' dir='ltr' id='par_1_34' title="bbox 415 1734 2004 1802">
     <span class='ocr_line' id='line_1_34' title="bbox 415 1734 2004 1802; baseline -0.001 -10"><span class='ocrx_word' id='word_1_224' title='bbox 415 1752 475 1792; x_wconf 86' lang='lat' dir='ltr'><strong>se</strong></span> <span class='ocrx_word' id='word_1_225' title='bbox 510 1736 748 1802; x_wconf 80' lang='lat' dir='ltr'><strong>exsistit,</strong></span> <span class='ocrx_word' id='word_1_226' title='bbox 790 1744 914 1791; x_wconf 90' lang='lat' dir='ltr'><strong>actu</strong></span> <span class='ocrx_word' id='word_1_227' title='bbox 938 1734 1154 1792; x_wconf 82' lang='lat' dir='ltr'><strong>viviﬁco</strong></span> <span class='ocrx_word' id='word_1_228' title='bbox 1172 1734 1424 1791; x_wconf 88' lang='lat' dir='ltr'><strong>etomnia</strong></span> <span class='ocrx_word' id='word_1_229' title='bbox 1458 1744 1818 1790; x_wconf 87' lang='lat' dir='ltr'><strong>conservante</strong></span> <span class='ocrx_word' id='word_1_230' title='bbox 1840 1735 2004 1791; x_wconf 83' lang='lat' dir='ltr'><strong>simul</strong></span> 
     </span>
    </p>
   </div>
   <div class='ocr_carea' id='block_1_35' title="bbox 2107 1715 3706 1814">
    <p class='ocr_par' dir='ltr' id='par_1_35' title="bbox 2110 1715 3706 1814">
     <span class='ocr_line' id='line_1_35' title="bbox 2110 1715 3706 1814; baseline -0.001 -19"><span class='ocrx_word' id='word_1_231' title='bbox 2110 1715 2487 1814; x_wconf 77' lang='grc' dir='ltr'>συνεκλάμπει</span> <span class='ocrx_word' id='word_1_232' title='bbox 2669 1715 3127 1813; x_wconf 65' lang='grc' dir='ltr'>συναναιραίνεται</span> <span class='ocrx_word' id='word_1_233' title='bbox 3159 1715 3435 1814; x_wconf 60' lang='grc' dir='ltr'>ἐνεργείᾳ.</span> <span class='ocrx_word' id='word_1_234' title='bbox 3488 1740 3554 1794; x_wconf 82' lang='grc' dir='ltr'><strong><em>Ἡ</em></strong></span> <span class='ocrx_word' id='word_1_235' title='bbox 3590 1740 3706 1810; x_wconf 76' lang='grc' dir='ltr'><strong>γὰρ</strong></span> 
     </span>
    </p>
   </div>
   <div class='ocr_carea' id='block_1_36' title="bbox 416 1819 2005 1900">
    <p class='ocr_par' dir='ltr' id='par_1_36' title="bbox 416 1819 2005 1900">
     <span class='ocr_line' id='line_1_36' title="bbox 416 1819 2005 1900; baseline -0.002 -15"><span class='ocrx_word' id='word_1_236' title='bbox 416 1830 747 1900; x_wconf 83' lang='lat' dir='ltr'><strong>splendescit</strong></span> <span class='ocrx_word' id='word_1_237' title='bbox 769 1837 823 1884; x_wconf 92' lang='lat' dir='ltr'><strong>et</strong></span> <span class='ocrx_word' id='word_1_238' title='bbox 854 1828 1146 1885; x_wconf 91' lang='lat' dir='ltr'><strong>innotescit</strong></span> <span class='ocrx_word' id='word_1_239' title='bbox 1170 1869 1185 1895; x_wconf 96' lang='lat'><strong>,</strong></span> <span class='ocrx_word' id='word_1_240' title='bbox 1217 1828 1235 1898; x_wconf 93' lang='lat'><strong>(</strong></span> <span class='ocrx_word' id='word_1_241' title='bbox 1260 1828 1369 1899; x_wconf 83' lang='lat'><strong>55)</strong></span> <span class='ocrx_word' id='word_1_242' title='bbox 1399 1827 1489 1882; x_wconf 91' lang='lat' dir='ltr'><strong>illa</strong></span> <span class='ocrx_word' id='word_1_243' title='bbox 1534 1819 1679 1883; x_wconf 79' lang='lat' dir='ltr'><strong>enim</strong></span> <span class='ocrx_word' id='word_1_244' title='bbox 1726 1829 2005 1900; x_wconf 83' lang='grc' dir='ltr'>παντελὴς</span> 
     </span>
    </p>
   </div>
   <div class='ocr_carea' id='block_1_37' title="bbox 416 1919 2003 1993">
    <p class='ocr_par' dir='ltr' id='par_1_37' title="bbox 416 1919 2003 1993">
     <span class='ocr_line' id='line_1_37' title="bbox 416 1919 2003 1993; baseline -0.001 -16"><span class='ocrx_word' id='word_1_245' title='bbox 416 1922 696 1993; x_wconf 74' lang='grc' dir='ltr'>ἀκινησία,</span> <span class='ocrx_word' id='word_1_246' title='bbox 743 1920 797 1976; x_wconf 92' lang='lat' dir='ltr'><strong>id</strong></span> <span class='ocrx_word' id='word_1_247' title='bbox 828 1930 933 1985; x_wconf 86' lang='lat' dir='ltr'><strong>est,</strong></span> <span class='ocrx_word' id='word_1_248' title='bbox 971 1922 1211 1992; x_wconf 88' lang='lat' dir='ltr'><strong>perfecta</strong></span> <span class='ocrx_word' id='word_1_249' title='bbox 1256 1921 1417 1991; x_wconf 85' lang='lat' dir='ltr'><strong>quies</strong></span> <span class='ocrx_word' id='word_1_250' title='bbox 1452 1926 1507 1974; x_wconf 92' lang='lat' dir='ltr'><strong>et</strong></span> <span class='ocrx_word' id='word_1_251' title='bbox 1541 1919 1899 1975; x_wconf 89' lang='lat' dir='ltr'><strong>immobilitas</strong></span> <span class='ocrx_word' id='word_1_252' title='bbox 1946 1922 2003 1975; x_wconf 91' lang='lat' dir='ltr'><strong>in</strong></span> 
     </span>
    </p>
   </div>
   <div class='ocr_carea' id='block_1_38' title="bbox 418 2012 2035 2089">
    <p class='ocr_par' dir='ltr' id='par_1_38' title="bbox 418 2012 2035 2089">
     <span class='ocr_line' id='line_1_38' title="bbox 418 2012 2035 2089; baseline -0.002 -19"><span class='ocrx_word' id='word_1_253' title='bbox 418 2016 707 2070; x_wconf 87' lang='lat' dir='ltr'><strong>mansione</strong></span> <span class='ocrx_word' id='word_1_254' title='bbox 759 2029 959 2069; x_wconf 85' lang='lat' dir='ltr'><strong>arcana</strong></span> <span class='ocrx_word' id='word_1_255' title='bbox 1008 2020 1062 2067; x_wconf 92' lang='lat' dir='ltr'><strong>et</strong></span> <span class='ocrx_word' id='word_1_256' title='bbox 1111 2013 1317 2079; x_wconf 85' lang='lat' dir='ltr'><strong>abdita,</strong></span> <span class='ocrx_word' id='word_1_257' title='bbox 1348 2028 1468 2083; x_wconf 64' lang='lat' dir='ltr'><strong>quae</strong></span> <span class='ocrx_word' id='word_1_258' title='bbox 1494 2012 1743 2083; x_wconf 85' lang='lat' dir='ltr'><strong>expromi</strong></span> <span class='ocrx_word' id='word_1_259' title='bbox 1772 2026 1881 2067; x_wconf 85' lang='lat' dir='ltr'><strong>non</strong></span> <span class='ocrx_word' id='word_1_260' title='bbox 1912 2027 2035 2089; x_wconf 43' lang='lat' dir='ltr'><strong>po-o</strong></span> 
     </span>
    </p>
   </div>
   <div class='ocr_carea' id='block_1_39' title="bbox 419 2104 2005 2173">
    <p class='ocr_par' dir='ltr' id='par_1_39' title="bbox 419 2104 2005 2173">
     <span class='ocr_line' id='line_1_39' title="bbox 419 2104 2005 2173; baseline -0.002 -10"><span class='ocrx_word' id='word_1_261' title='bbox 419 2118 545 2173; x_wconf 85' lang='lat' dir='ltr'><strong>test,</strong></span> <span class='ocrx_word' id='word_1_262' title='bbox 581 2108 725 2162; x_wconf 87' lang='lat' dir='ltr'><strong>sicut</strong></span> <span class='ocrx_word' id='word_1_263' title='bbox 776 2107 831 2161; x_wconf 91' lang='lat' dir='ltr'><strong>in</strong></span> <span class='ocrx_word' id='word_1_264' title='bbox 886 2105 1140 2161; x_wconf 86' lang='lat' dir='ltr'><strong>thalamis</strong></span> <span class='ocrx_word' id='word_1_265' title='bbox 1178 2104 1379 2160; x_wconf 87' lang='lat' dir='ltr'><strong>silentii</strong></span> <span class='ocrx_word' id='word_1_266' title='bbox 1429 2106 1760 2170; x_wconf 90' lang='lat' dir='ltr'><strong>occultatur,</strong></span> <span class='ocrx_word' id='word_1_267' title='bbox 1804 2106 1887 2160; x_wconf 91' lang='lat' dir='ltr'><strong>sic</strong></span> <span class='ocrx_word' id='word_1_268' title='bbox 1934 2104 2005 2160; x_wconf 86' lang='lat' dir='ltr'><strong>ab</strong></span> 
     </span>
    </p>
   </div>
   <div class='ocr_carea' id='block_1_40' title="bbox 417 2190 2006 2269">
    <p class='ocr_par' dir='ltr' id='par_1_40' title="bbox 417 2190 2006 2269">
     <span class='ocr_line' id='line_1_40' title="bbox 417 2190 2006 2269; baseline -0.002 -13"><span class='ocrx_word' id='word_1_269' title='bbox 417 2202 570 2256; x_wconf 91' lang='lat' dir='ltr'><strong>omni</strong></span> <span class='ocrx_word' id='word_1_270' title='bbox 618 2190 803 2255; x_wconf 85' lang='lat' dir='ltr'><strong>mente</strong></span> <span class='ocrx_word' id='word_1_271' title='bbox 858 2200 1107 2263; x_wconf 86' lang='lat' dir='ltr'><strong>secessit,</strong></span> <span class='ocrx_word' id='word_1_272' title='bbox 1149 2198 1409 2268; x_wconf 89' lang='lat' dir='ltr'><strong>quoniam</strong></span> <span class='ocrx_word' id='word_1_273' title='bbox 1440 2214 1541 2254; x_wconf 90' lang='lat' dir='ltr'><strong>nec</strong></span> <span class='ocrx_word' id='word_1_274' title='bbox 1569 2208 1653 2254; x_wconf 89' lang='lat' dir='ltr'><strong>est</strong></span> <span class='ocrx_word' id='word_1_275' title='bbox 1676 2212 1855 2267; x_wconf 90' lang='lat' dir='ltr'><strong>mens,</strong></span> <span class='ocrx_word' id='word_1_276' title='bbox 1882 2213 2006 2269; x_wconf 70' lang='lat' dir='ltr'><strong>quae</strong></span> 
     </span>
    </p>
   </div>
   <div class='ocr_carea' id='block_1_41' title="bbox 419 2290 2003 2363">
    <p class='ocr_par' dir='ltr' id='par_1_41' title="bbox 419 2290 2003 2363">
     <span class='ocr_line' id='line_1_41' title="bbox 419 2290 2003 2363; baseline -0.003 -13"><span class='ocrx_word' id='word_1_277' title='bbox 419 2295 487 2350; x_wconf 89' lang='lat' dir='ltr'><strong>ad</strong></span> <span class='ocrx_word' id='word_1_278' title='bbox 543 2310 607 2348; x_wconf 87' lang='lat' dir='ltr'><strong>ea</strong></span> <span class='ocrx_word' id='word_1_279' title='bbox 660 2292 1008 2363; x_wconf 83' lang='lat' dir='ltr'><strong>intelligenda</strong></span> <span class='ocrx_word' id='word_1_280' title='bbox 1063 2290 1345 2358; x_wconf 85' lang='lat' dir='ltr'><strong>ascendat,</strong></span> <span class='ocrx_word' id='word_1_281' title='bbox 1382 2307 1505 2363; x_wconf 74' lang='lat' dir='ltr'><strong>qua:</strong></span> <span class='ocrx_word' id='word_1_282' title='bbox 1549 2307 1717 2363; x_wconf 90' lang='lat' dir='ltr'><strong>supra</strong></span> <span class='ocrx_word' id='word_1_283' title='bbox 1764 2299 2003 2347; x_wconf 91' lang='lat' dir='ltr'><strong>mentem</strong></span> 
     </span>
    </p>
   </div>
   <div class='ocr_carea' id='block_1_42' title="bbox 416 2394 564 2443">
    <p class='ocr_par' dir='ltr' id='par_1_42' title="bbox 416 2394 564 2443">
     <span class='ocr_line' id='line_1_42' title="bbox 416 2394 564 2443; baseline -0.014 0"><span class='ocrx_word' id='word_1_284' title='bbox 416 2394 564 2443; x_wconf 71' lang='lat' dir='ltr'><strong>Sunt.</strong></span> 
     </span>
    </p>
   </div>
   <div class='ocr_carea' id='block_1_43' title="bbox 488 2475 2005 2547">
    <p class='ocr_par' dir='ltr' id='par_1_43' title="bbox 488 2475 2005 2547">
     <span class='ocr_line' id='line_1_43' title="bbox 488 2475 2005 2547; baseline 0.005 -18"><span class='ocrx_word' id='word_1_285' title='bbox 488 2476 546 2530; x_wconf 89' lang='lat' dir='ltr'><strong>ln</strong></span> <span class='ocrx_word' id='word_1_286' title='bbox 578 2476 769 2547; x_wconf 85' lang='lat' dir='ltr'><strong>primis</strong></span> <span class='ocrx_word' id='word_1_287' title='bbox 804 2475 1064 2546; x_wconf 81' lang='lat' dir='ltr'><strong>cogitatio</strong></span> <span class='ocrx_word' id='word_1_288' title='bbox 1098 2484 1311 2542; x_wconf 88' lang='lat' dir='ltr'><strong>nostra,</strong></span> <span class='ocrx_word' id='word_1_289' title='bbox 1351 2484 1409 2531; x_wconf 87' lang='lat' dir='ltr'><strong>ut</strong></span> <span class='ocrx_word' id='word_1_290' title='bbox 1444 2476 1612 2532; x_wconf 87' lang='lat' dir='ltr'><strong>Deum</strong></span> <span class='ocrx_word' id='word_1_291' title='bbox 1642 2478 1816 2545; x_wconf 90' lang='lat' dir='ltr'><strong>decet,</strong></span> <span class='ocrx_word' id='word_1_292' title='bbox 1854 2495 2005 2536; x_wconf 87' lang='lat' dir='ltr'><strong>man-</strong></span> 
     </span>
    </p>
   </div>
   <div class='ocr_carea' id='block_1_44' title="bbox 417 2565 2007 2635">
    <p class='ocr_par' dir='ltr' id='par_1_44' title="bbox 417 2565 2007 2635">
     <span class='ocr_line' id='line_1_44' title="bbox 417 2565 2007 2635; baseline 0.003 -13"><span class='ocrx_word' id='word_1_293' title='bbox 417 2566 628 2622; x_wconf 86' lang='lat' dir='ltr'><strong>sionem</strong></span> <span class='ocrx_word' id='word_1_294' title='bbox 659 2574 713 2622; x_wconf 92' lang='lat' dir='ltr'><strong>et</strong></span> <span class='ocrx_word' id='word_1_295' title='bbox 747 2566 1061 2631; x_wconf 83' lang='lat' dir='ltr'><strong>stationem,</strong></span> <span class='ocrx_word' id='word_1_296' title='bbox 1087 2572 1140 2621; x_wconf 90' lang='lat' dir='ltr'><strong>et</strong></span> <span class='ocrx_word' id='word_1_297' title='bbox 1170 2565 1411 2635; x_wconf 90' lang='lat' dir='ltr'><strong>quietem</strong></span> <span class='ocrx_word' id='word_1_298' title='bbox 1445 2566 1753 2635; x_wconf 89' lang='lat' dir='ltr'><strong>immotam,</strong></span> <span class='ocrx_word' id='word_1_299' title='bbox 1775 2577 1828 2624; x_wconf 91' lang='lat' dir='ltr'><strong>et</strong></span> <span class='ocrx_word' id='word_1_300' title='bbox 1854 2569 2007 2626; x_wconf 87' lang='lat' dir='ltr'><strong>iden-</strong></span> 
     </span>
    </p>
   </div>
   <div class='ocr_carea' id='block_1_45' title="bbox 418 2655 2007 2729">
    <p class='ocr_par' dir='ltr' id='par_1_45' title="bbox 418 2655 2007 2729">
     <span class='ocr_line' id='line_1_45' title="bbox 418 2655 2007 2729; baseline 0.003 -18"><span class='ocrx_word' id='word_1_301' title='bbox 418 2658 649 2719; x_wconf 88' lang='lat' dir='ltr'><strong>titatem,</strong></span> <span class='ocrx_word' id='word_1_302' title='bbox 683 2665 737 2712; x_wconf 93' lang='lat' dir='ltr'><strong>et</strong></span> <span class='ocrx_word' id='word_1_303' title='bbox 763 2664 1030 2726; x_wconf 90' lang='lat' dir='ltr'><strong>quantum</strong></span> <span class='ocrx_word' id='word_1_304' title='bbox 1061 2664 1242 2725; x_wconf 89' lang='lat' dir='ltr'><strong>potest</strong></span> <span class='ocrx_word' id='word_1_305' title='bbox 1277 2655 1517 2710; x_wconf 86' lang='lat' dir='ltr'><strong>humana</strong></span> <span class='ocrx_word' id='word_1_306' title='bbox 1542 2666 1738 2713; x_wconf 90' lang='lat' dir='ltr'><strong>natura</strong></span> <span class='ocrx_word' id='word_1_307' title='bbox 1769 2674 2007 2729; x_wconf 87' lang='lat' dir='ltr'><strong>superne</strong></span> 
     </span>
    </p>
   </div>
   <div class='ocr_carea' id='block_1_46' title="bbox 416 2748 2006 2822">
    <p class='ocr_par' dir='ltr' id='par_1_46' title="bbox 416 2748 2006 2822">
     <span class='ocr_line' id='line_1_46' title="bbox 416 2748 2006 2822; baseline 0.003 -17"><span class='ocrx_word' id='word_1_308' title='bbox 416 2750 716 2806; x_wconf 89' lang='lat' dir='ltr'><strong>illuminari</strong></span> <span class='ocrx_word' id='word_1_309' title='bbox 747 2748 1038 2819; x_wconf 88' lang='lat' dir='ltr'><strong>splendore</strong></span> <span class='ocrx_word' id='word_1_310' title='bbox 1068 2748 1219 2803; x_wconf 90' lang='lat' dir='ltr'><strong>illine</strong></span> <span class='ocrx_word' id='word_1_311' title='bbox 1259 2748 1451 2816; x_wconf 92' lang='lat' dir='ltr'><strong>misso,</strong></span> <span class='ocrx_word' id='word_1_312' title='bbox 1487 2749 1597 2819; x_wconf 83' lang='lat'><strong>(56)</strong></span> <span class='ocrx_word' id='word_1_313' title='bbox 1631 2751 1926 2822; x_wconf 77' lang='lat' dir='ltr'><strong>coniuncte</strong></span> <span class='ocrx_word' id='word_1_314' title='bbox 1952 2763 2006 2810; x_wconf 90' lang='lat' dir='ltr'><strong>et</strong></span> 
     </span>
    </p>
   </div>
   <div class='ocr_carea' id='block_1_47' title="bbox 417 2839 2003 2913">
    <p class='ocr_par' dir='ltr' id='par_1_47' title="bbox 417 2839 2003 2913">
     <span class='ocr_line' id='line_1_47' title="bbox 417 2839 2003 2913; baseline 0.001 -15"><span class='ocrx_word' id='word_1_315' title='bbox 417 2844 667 2913; x_wconf 90' lang='lat' dir='ltr'><strong>copulate</strong></span> <span class='ocrx_word' id='word_1_316' title='bbox 689 2840 1111 2911; x_wconf 86' lang='lat' dir='ltr'><strong>contemplatur.</strong></span> <span class='ocrx_word' id='word_1_317' title='bbox 1142 2839 1245 2896; x_wconf 86' lang='lat' dir='ltr'><strong>Hic</strong></span> <span class='ocrx_word' id='word_1_318' title='bbox 1264 2855 1398 2896; x_wconf 89' lang='lat' dir='ltr'><strong>vero</strong></span> <span class='ocrx_word' id='word_1_319' title='bbox 1420 2840 1653 2907; x_wconf 89' lang='lat' dir='ltr'><strong>unitam,</strong></span> <span class='ocrx_word' id='word_1_320' title='bbox 1682 2852 1737 2898; x_wconf 92' lang='lat' dir='ltr'><strong>et</strong></span> <span class='ocrx_word' id='word_1_321' title='bbox 1756 2844 2003 2900; x_wconf 86' lang='lat' dir='ltr'><strong>dcilicam</strong></span> 
     </span>
    </p>
   </div>
   <div class='ocr_carea' id='block_1_48' title="bbox 416 2933 2004 3007">
    <p class='ocr_par' dir='ltr' id='par_1_48' title="bbox 416 2933 2004 3007">
     <span class='ocr_line' id='line_1_48' title="bbox 416 2933 2004 3007; baseline -0.001 -14"><span class='ocrx_word' id='word_1_322' title='bbox 416 2936 812 2999; x_wconf 87' lang='lat' dir='ltr'><strong>diversitatem,</strong></span> <span class='ocrx_word' id='word_1_323' title='bbox 851 2943 905 2989; x_wconf 92' lang='lat' dir='ltr'><strong>et</strong></span> <span class='ocrx_word' id='word_1_324' title='bbox 940 2933 1359 3004; x_wconf 88' lang='lat' dir='ltr'><strong>inseparabilem</strong></span> <span class='ocrx_word' id='word_1_325' title='bbox 1392 2933 1503 3007; x_wconf 84' lang='lat'><strong>(57)</strong></span> <span class='ocrx_word' id='word_1_326' title='bbox 1537 2935 1593 2990; x_wconf 94' lang='lat' dir='ltr'><strong>in</strong></span> <span class='ocrx_word' id='word_1_327' title='bbox 1623 2937 1873 3006; x_wconf 89' lang='lat' dir='ltr'><strong>personis</strong></span> <span class='ocrx_word' id='word_1_328' title='bbox 1899 2936 2004 2991; x_wconf 87' lang='lat' dir='ltr'><strong>im-</strong></span> 
     </span>
    </p>
   </div>
   <div class='ocr_carea' id='block_1_49' title="bbox 2106 1833 3707 1907">
    <p class='ocr_par' dir='ltr' id='par_1_49' title="bbox 2106 1833 3707 1907">
     <span class='ocr_line' id='line_1_49' title="bbox 2106 1833 3707 1907; baseline -0.002 -17"><span class='ocrx_word' id='word_1_329' title='bbox 2106 1835 2166 1890; x_wconf 79' lang='grc' dir='ltr'>ὲν</span> <span class='ocrx_word' id='word_1_330' title='bbox 2197 1836 2264 1905; x_wconf 81' lang='grc' dir='ltr'>τῇ</span> <span class='ocrx_word' id='word_1_331' title='bbox 2289 1843 2314 1871; x_wconf 73' lang='grc'>³</span> <span class='ocrx_word' id='word_1_332' title='bbox 2346 1834 2614 1905; x_wconf 86' lang='grc' dir='ltr'>ἀφράστῳ</span> <span class='ocrx_word' id='word_1_333' title='bbox 2643 1837 2744 1906; x_wconf 77' lang='grc' dir='ltr'>τῆς</span> <span class='ocrx_word' id='word_1_334' title='bbox 2776 1834 3141 1907; x_wconf 82' lang='grc' dir='ltr'>κρυφιότητος</span> <span class='ocrx_word' id='word_1_335' title='bbox 3175 1833 3339 1905; x_wconf 80' lang='grc' dir='ltr'>μονὴ,</span> <span class='ocrx_word' id='word_1_336' title='bbox 3370 1834 3472 1888; x_wconf 78' lang='grc' dir='ltr'>καὶ</span> <span class='ocrx_word' id='word_1_337' title='bbox 3500 1849 3707 1887; x_wconf 80' lang='grc' dir='ltr'>παντε-</span> 
     </span>
    </p>
   </div>
   <div class='ocr_carea' id='block_1_50' title="bbox 2106 1925 3706 1998">
    <p class='ocr_par' dir='ltr' id='par_1_50' title="bbox 2106 1925 3706 1998">
     <span class='ocr_line' id='line_1_50' title="bbox 2106 1925 3706 1998; baseline -0.001 -19"><span class='ocrx_word' id='word_1_338' title='bbox 2106 1926 2205 1998; x_wconf 79' lang='grc' dir='ltr'>λὴς</span> <span class='ocrx_word' id='word_1_339' title='bbox 2249 1927 2545 1997; x_wconf 86' lang='grc' dir='ltr'>ἀκινησία,</span> <span class='ocrx_word' id='word_1_340' title='bbox 2597 1926 2787 1997; x_wconf 83' lang='grc' dir='ltr'>ὥσπερ</span> <span class='ocrx_word' id='word_1_341' title='bbox 2826 1926 2892 1998; x_wconf 86' lang='grc' dir='ltr'>δὴ</span> <span class='ocrx_word' id='word_1_342' title='bbox 2928 1929 3042 1991; x_wconf 86' lang='grc' dir='ltr'>τοῖς</span> <span class='ocrx_word' id='word_1_343' title='bbox 3080 1925 3183 1996; x_wconf 79' lang='grc' dir='ltr'><strong>τῆς</strong></span> <span class='ocrx_word' id='word_1_344' title='bbox 3227 1926 3386 1996; x_wconf 82' lang='grc' dir='ltr'>σιγῆς</span> <span class='ocrx_word' id='word_1_345' title='bbox 3430 1925 3706 1997; x_wconf 76' lang='grc' dir='ltr'>θαλάμοις</span> 
     </span>
    </p>
   </div>
   <div class='ocr_carea' id='block_1_51' title="bbox 2106 2018 3703 2092">
    <p class='ocr_par' dir='ltr' id='par_1_51' title="bbox 2106 2018 3703 2092">
     <span class='ocr_line' id='line_1_51' title="bbox 2106 2018 3703 2092; baseline -0.001 -19"><span class='ocrx_word' id='word_1_346' title='bbox 2106 2020 2607 2092; x_wconf 81' lang='grc' dir='ltr'>ὲναποκρύπτεται,</span> <span class='ocrx_word' id='word_1_347' title='bbox 2650 2020 2796 2075; x_wconf 88' lang='grc' dir='ltr'>οῦτω</span> <span class='ocrx_word' id='word_1_348' title='bbox 2821 2019 2887 2092; x_wconf 82' lang='grc' dir='ltr'>δὴ</span> <span class='ocrx_word' id='word_1_349' title='bbox 2935 2020 3032 2073; x_wconf 78' lang='grc' dir='ltr'>καὶ</span> <span class='ocrx_word' id='word_1_350' title='bbox 3078 2018 3321 2083; x_wconf 83' lang='grc' dir='ltr'>διανοίας</span> <span class='ocrx_word' id='word_1_351' title='bbox 3354 2019 3579 2090; x_wconf 82' lang='grc' dir='ltr'>πάσης,</span> <span class='ocrx_word' id='word_1_352' title='bbox 3620 2018 3703 2071; x_wconf 84' lang='grc' dir='ltr'><strong>δτι</strong></span> 
     </span>
    </p>
   </div>
   <div class='ocr_carea' id='block_1_52' title="bbox 2110 2109 3701 2186">
    <p class='ocr_par' dir='ltr' id='par_1_52' title="bbox 2110 2109 3701 2186">
     <span class='ocr_line' id='line_1_52' title="bbox 2110 2109 3701 2186; baseline -0.003 -18"><span class='ocrx_word' id='word_1_353' title='bbox 2110 2113 2235 2185; x_wconf 88' lang='grc' dir='ltr'>μηδ’</span> <span class='ocrx_word' id='word_1_354' title='bbox 2263 2112 2527 2186; x_wconf 77' lang='grc' dir='ltr'>,ἡντινοῦς</span> <span class='ocrx_word' id='word_1_355' title='bbox 2550 2124 2570 2146; x_wconf 86' lang='grc'><strong>⁸</strong></span> <span class='ocrx_word' id='word_1_356' title='bbox 2616 2115 2697 2179; x_wconf 83' lang='grc' dir='ltr'><strong>εἰς</strong></span> <span class='ocrx_word' id='word_1_357' title='bbox 2740 2112 2811 2167; x_wconf 81' lang='grc' dir='ltr'>τὰ</span> <span class='ocrx_word' id='word_1_358' title='bbox 2854 2112 2997 2184; x_wconf 85' lang='grc' dir='ltr'>ὑπὲρ</span> <span class='ocrx_word' id='word_1_359' title='bbox 3040 2110 3167 2167; x_wconf 84' lang='grc' dir='ltr'>νοῦν</span> <span class='ocrx_word' id='word_1_360' title='bbox 3205 2109 3377 2166; x_wconf 87' lang='grc' dir='ltr'>ἀνιὼν</span> <span class='ocrx_word' id='word_1_361' title='bbox 3407 2110 3701 2181; x_wconf 61' lang='grc' dir='ltr'>ἀνακεκιὶμ</span> 
     </span>
    </p>
   </div>
   <div class='ocr_carea' id='block_1_53' title="bbox 2109 2222 2296 2278">
    <p class='ocr_par' dir='ltr' id='par_1_53' title="bbox 2109 2222 2296 2278">
     <span class='ocr_line' id='line_1_53' title="bbox 2109 2222 2296 2278; baseline 0 -17"><span class='ocrx_word' id='word_1_362' title='bbox 2109 2222 2296 2278; x_wconf 87' lang='grc' dir='ltr'>ρηκεν.</span> 
     </span>
    </p>
   </div>
   <div class='ocr_carea' id='block_1_54' title="bbox 2188 2473 3701 2550">
    <p class='ocr_par' dir='ltr' id='par_1_54' title="bbox 2188 2473 3701 2550">
     <span class='ocr_line' id='line_1_54' title="bbox 2188 2473 3701 2550; baseline -0.005 -18"><span class='ocrx_word' id='word_1_363' title='bbox 2188 2478 2277 2532; x_wconf 85' lang='grc' dir='ltr'>Ἐν</span> <span class='ocrx_word' id='word_1_364' title='bbox 2306 2477 2406 2550; x_wconf 86' lang='grc' dir='ltr'>μὲν</span> <span class='ocrx_word' id='word_1_365' title='bbox 2435 2473 2528 2533; x_wconf 86' lang='grc' dir='ltr'>οὖν</span> <span class='ocrx_word' id='word_1_366' title='bbox 2550 2478 2578 2519; x_wconf 69' lang='grc' dir='ltr'><strong>δ</strong></span> <span class='ocrx_word' id='word_1_367' title='bbox 2608 2479 2721 2542; x_wconf 87' lang='grc' dir='ltr'>τοῖς</span> <span class='ocrx_word' id='word_1_368' title='bbox 2752 2475 3054 2549; x_wconf 32' lang='grc' dir='ltr'>πρώτοιςεή</span> <span class='ocrx_word' id='word_1_369' title='bbox 3084 2474 3398 2548; x_wconf 80' lang='grc' dir='ltr'>θεοπρεπὴς</span> <span class='ocrx_word' id='word_1_370' title='bbox 3422 2473 3701 2545; x_wconf 78' lang='grc' dir='ltr'>φαντασία</span> 
     </span>
    </p>
   </div>
   <div class='ocr_carea' id='block_1_55' title="bbox 2103 2566 3698 2644">
    <p class='ocr_par' dir='ltr' id='par_1_55' title="bbox 2103 2566 3698 2644">
     <span class='ocr_line' id='line_1_55' title="bbox 2103 2566 3698 2644; baseline -0.006 -16"><span class='ocrx_word' id='word_1_371' title='bbox 2103 2573 2204 2644; x_wconf 83' lang='grc' dir='ltr'>τὴν</span> <span class='ocrx_word' id='word_1_372' title='bbox 2235 2572 2403 2644; x_wconf 84' lang='grc' dir='ltr'>μονὴν</span> <span class='ocrx_word' id='word_1_373' title='bbox 2431 2573 2525 2627; x_wconf 78' lang='grc' dir='ltr'>καὶ</span> <span class='ocrx_word' id='word_1_374' title='bbox 2566 2572 2775 2638; x_wconf 82' lang='grc' dir='ltr'>στάσιν,</span> <span class='ocrx_word' id='word_1_375' title='bbox 2812 2570 2907 2625; x_wconf 73' lang='grc' dir='ltr'>καὶ</span> <span class='ocrx_word' id='word_1_376' title='bbox 2933 2570 2993 2624; x_wconf 84' lang='grc' dir='ltr'>τὸ</span> <span class='ocrx_word' id='word_1_377' title='bbox 3021 2570 3280 2641; x_wconf 86' lang='grc' dir='ltr'>ἀκίνητον</span> <span class='ocrx_word' id='word_1_378' title='bbox 3306 2568 3404 2622; x_wconf 76' lang='grc' dir='ltr'>καὶ</span> <span class='ocrx_word' id='word_1_379' title='bbox 3430 2566 3533 2638; x_wconf 78' lang='grc' dir='ltr'>τὴν</span> <span class='ocrx_word' id='word_1_380' title='bbox 3560 2584 3698 2621; x_wconf 81' lang='grc' dir='ltr'>ταυ-</span> 
     </span>
    </p>
   </div>
   <div class='ocr_carea' id='block_1_56' title="bbox 2105 2660 3700 2737">
    <p class='ocr_par' dir='ltr' id='par_1_56' title="bbox 2105 2660 3700 2737">
     <span class='ocr_line' id='line_1_56' title="bbox 2105 2660 3700 2737; baseline -0.004 -18"><span class='ocrx_word' id='word_1_381' title='bbox 2105 2666 2329 2737; x_wconf 88' lang='grc' dir='ltr'>τότητα,</span> <span class='ocrx_word' id='word_1_382' title='bbox 2364 2666 2458 2720; x_wconf 79' lang='grc' dir='ltr'>καὶ</span> <span class='ocrx_word' id='word_1_383' title='bbox 2486 2666 2611 2719; x_wconf 82' lang='grc' dir='ltr'>ὅσον</span> <span class='ocrx_word' id='word_1_384' title='bbox 2639 2666 2757 2718; x_wconf 74' lang='grc' dir='ltr'>ἐστὶ</span> <span class='ocrx_word' id='word_1_385' title='bbox 2790 2663 3015 2718; x_wconf 78' lang='grc' dir='ltr'>δυνατὸν</span> <span class='ocrx_word' id='word_1_386' title='bbox 3049 2662 3373 2734; x_wconf 79' lang='grc' dir='ltr'>ἀνθρωπίνῃ</span> <span class='ocrx_word' id='word_1_387' title='bbox 3403 2660 3570 2731; x_wconf 80' lang='grc' dir='ltr'>φύσει</span> <span class='ocrx_word' id='word_1_388' title='bbox 3614 2660 3700 2713; x_wconf 76' lang='grc' dir='ltr'><strong>δέ·</strong></span> 
     </span>
    </p>
   </div>
   <div class='ocr_carea' id='block_1_57' title="bbox 2108 2753 3701 2829">
    <p class='ocr_par' dir='ltr' id='par_1_57' title="bbox 2108 2753 3701 2829">
     <span class='ocr_line' id='line_1_57' title="bbox 2108 2753 3701 2829; baseline -0.006 -17"><span class='ocrx_word' id='word_1_389' title='bbox 2108 2758 2304 2826; x_wconf 81' lang='grc' dir='ltr'>ξασθαι</span> <span class='ocrx_word' id='word_1_390' title='bbox 2336 2757 2434 2821; x_wconf 83' lang='grc' dir='ltr'><strong>τὰς</strong></span> <span class='ocrx_word' id='word_1_391' title='bbox 2472 2756 3027 2829; x_wconf 72' lang='grc' dir='ltr'>ὑπερανωσκειμένας</span> <span class='ocrx_word' id='word_1_392' title='bbox 3058 2765 3082 2795; x_wconf 68' lang='grc' dir='ltr'><strong>ε</strong></span> <span class='ocrx_word' id='word_1_393' title='bbox 3128 2754 3306 2824; x_wconf 80' lang='grc' dir='ltr'>αύγάς</span> <span class='ocrx_word' id='word_1_394' title='bbox 3342 2754 3445 2825; x_wconf 81' lang='grc' dir='ltr'>τῆς</span> <span class='ocrx_word' id='word_1_395' title='bbox 3482 2753 3701 2808; x_wconf 70' lang='grc' dir='ltr'>ἐκεῖθεν</span> 
     </span>
    </p>
   </div>
   <div class='ocr_carea' id='block_1_58' title="bbox 2106 2845 3701 2924">
    <p class='ocr_par' dir='ltr' id='par_1_58' title="bbox 2106 2845 3701 2924">
     <span class='ocr_line' id='line_1_58' title="bbox 2106 2845 3701 2924; baseline -0.005 -20"><span class='ocrx_word' id='word_1_396' title='bbox 2106 2849 2448 2921; x_wconf 73' lang='grc' dir='ltr'>ἑλλάμψεως,</span> <span class='ocrx_word' id='word_1_397' title='bbox 2483 2848 2586 2919; x_wconf 85' lang='grc' dir='ltr'>τῆς</span> <span class='ocrx_word' id='word_1_398' title='bbox 2640 2849 2810 2920; x_wconf 83' lang='grc' dir='ltr'>μονῆς</span> <span class='ocrx_word' id='word_1_399' title='bbox 2857 2848 2959 2902; x_wconf 82' lang='grc' dir='ltr'>καὶ</span> <span class='ocrx_word' id='word_1_400' title='bbox 2991 2847 3236 2911; x_wconf 86' lang='grc' dir='ltr'>στάσεως</span> <span class='ocrx_word' id='word_1_401' title='bbox 3271 2847 3368 2901; x_wconf 85' lang='grc' dir='ltr'>καὶ</span> <span class='ocrx_word' id='word_1_402' title='bbox 3405 2845 3701 2924; x_wconf 71' lang='grc' dir='ltr'>ἀκινησίας</span> 
     </span>
    </p>
   </div>
   <div class='ocr_carea' id='block_1_59' title="bbox 2106 2935 3697 3014">
    <p class='ocr_par' dir='ltr' id='par_1_59' title="bbox 2106 2935 3697 3014">
     <span class='ocr_line' id='line_1_59' title="bbox 2106 2935 3697 3014; baseline -0.004 -19"><span class='ocrx_word' id='word_1_403' title='bbox 2106 2941 2165 2995; x_wconf 82' lang='grc' dir='ltr'>τὸ</span> <span class='ocrx_word' id='word_1_404' title='bbox 2192 2940 2568 3014; x_wconf 76' lang='grc' dir='ltr'>συνῃρημένον</span> <span class='ocrx_word' id='word_1_405' title='bbox 2596 2938 2893 2994; x_wconf 75' lang='grc' dir='ltr'>ἐποπτεύει</span> <span class='ocrx_word' id='word_1_406' title='bbox 2912 2954 2931 2971; x_wconf 78' lang='grc'><em>’</em></span> <span class='ocrx_word' id='word_1_407' title='bbox 2985 2936 3221 2992; x_wconf 76' lang='grc' dir='ltr'>ἐνταῦθα</span> <span class='ocrx_word' id='word_1_408' title='bbox 3263 2936 3324 2991; x_wconf 76' lang='grc' dir='ltr'>δὲ</span> <span class='ocrx_word' id='word_1_409' title='bbox 3355 2935 3457 3009; x_wconf 81' lang='grc' dir='ltr'>τὴν</span> <span class='ocrx_word' id='word_1_410' title='bbox 3487 2935 3697 3006; x_wconf 76' lang='grc' dir='ltr'>ἑνοειδῆ</span> 
     </span>
    </p>
   </div>
   <div class='ocr_carea' id='block_1_60' title="bbox 422 3024 2004 3118">
    <p class='ocr_par' dir='ltr' id='par_1_60' title="bbox 422 3024 2004 3098">
     <span class='ocr_line' id='line_1_60' title="bbox 422 3024 2004 3098; baseline 0.001 -15"><span class='ocrx_word' id='word_1_411' title='bbox 422 3028 609 3096; x_wconf 88' lang='lat' dir='ltr'><strong>motis,</strong></span> <span class='ocrx_word' id='word_1_412' title='bbox 649 3036 708 3082; x_wconf 94' lang='lat' dir='ltr'><strong>ut</strong></span> <span class='ocrx_word' id='word_1_413' title='bbox 739 3025 904 3081; x_wconf 89' lang='lat' dir='ltr'><strong>Deum</strong></span> <span class='ocrx_word' id='word_1_414' title='bbox 936 3024 1112 3094; x_wconf 88' lang='lat' dir='ltr'><strong>decet,</strong></span> <span class='ocrx_word' id='word_1_415' title='bbox 1137 3034 1472 3093; x_wconf 84' lang='lat' dir='ltr'><strong>manentem,</strong></span> <span class='ocrx_word' id='word_1_416' title='bbox 1494 3036 1752 3098; x_wconf 87' lang='lat' dir='ltr'><strong>tanquam</strong></span> <span class='ocrx_word' id='word_1_417' title='bbox 1775 3042 1841 3084; x_wconf 82' lang='lat' dir='ltr'><strong>ex</strong></span> <span class='ocrx_word' id='word_1_418' title='bbox 1860 3028 2004 3084; x_wconf 84' lang='lat' dir='ltr'><strong>fonte</strong></span> 
     </span>
    </p>
   </div>
   <div class='ocr_carea' id='block_1_61' title="bbox 2107 3024 3701 3118">
    <p class='ocr_par' dir='ltr' id='par_1_61' title="bbox 2107 3029 3701 3105">
     <span class='ocr_line' id='line_1_61' title="bbox 2107 3029 3701 3105; baseline -0.004 -18"><span class='ocrx_word' id='word_1_419' title='bbox 2107 3034 2203 3087; x_wconf 77' lang='grc' dir='ltr'>καὶ</span> <span class='ocrx_word' id='word_1_420' title='bbox 2248 3032 2510 3105; x_wconf 85' lang='grc' dir='ltr'>θεουργὸν</span> <span class='ocrx_word' id='word_1_421' title='bbox 2558 3032 2857 3105; x_wconf 79' lang='grc' dir='ltr'>ἑτερότητα</span> <span class='ocrx_word' id='word_1_422' title='bbox 2880 3074 2895 3099; x_wconf 97' lang='grc'><strong>,</strong></span> <span class='ocrx_word' id='word_1_423' title='bbox 2952 3031 3045 3086; x_wconf 77' lang='grc' dir='ltr'>καὶ</span> <span class='ocrx_word' id='word_1_424' title='bbox 3100 3031 3199 3102; x_wconf 86' lang='grc' dir='ltr'>τὴν</span> <span class='ocrx_word' id='word_1_425' title='bbox 3251 3029 3577 3097; x_wconf 80' lang='grc' dir='ltr'>ἀδιάστατον</span> <span class='ocrx_word' id='word_1_426' title='bbox 3637 3029 3701 3081; x_wconf 68' lang='grc' dir='ltr'>ἐν</span> 
     </span>
    </p>
   </div>
   <div class='ocr_carea' id='block_1_62' title="bbox 369 3116 2004 3197">
    <p class='ocr_par' dir='ltr' id='par_1_62' title="bbox 369 3116 2004 3190">
     <span class='ocr_line' id='line_1_62' title="bbox 369 3116 2004 3190; baseline 0 -15"><span class='ocrx_word' id='word_1_427' title='bbox 369 3175 376 3181; x_wconf 82' lang='grc'><strong>,</strong></span> <span class='ocrx_word' id='word_1_428' title='bbox 414 3135 620 3176; x_wconf 82' lang='lat' dir='ltr'><strong>arcano</strong></span> <span class='ocrx_word' id='word_1_429' title='bbox 644 3127 697 3174; x_wconf 90' lang='lat' dir='ltr'><strong>et</strong></span> <span class='ocrx_word' id='word_1_430' title='bbox 730 3118 935 3183; x_wconf 87' lang='lat' dir='ltr'><strong>abdito,</strong></span> <span class='ocrx_word' id='word_1_431' title='bbox 967 3119 1224 3173; x_wconf 74' lang='lat' dir='ltr'><strong>decenter</strong></span> <span class='ocrx_word' id='word_1_432' title='bbox 1253 3116 1366 3173; x_wconf 88' lang='lat' dir='ltr'><strong>Deo</strong></span> <span class='ocrx_word' id='word_1_433' title='bbox 1390 3118 1605 3189; x_wconf 88' lang='lat' dir='ltr'><strong>aspicit.</strong></span> <span class='ocrx_word' id='word_1_434' title='bbox 1637 3117 1817 3175; x_wconf 90' lang='lat' dir='ltr'><strong>Unum</strong></span> <span class='ocrx_word' id='word_1_435' title='bbox 1840 3119 2004 3190; x_wconf 82' lang='lat' dir='ltr'><strong>igitur</strong></span> 
     </span>
    </p>
   </div>
   <div class='ocr_carea' id='block_1_63' title="bbox 2107 3116 3698 3197">
    <p class='ocr_par' dir='ltr' id='par_1_63' title="bbox 2107 3120 3698 3197">
     <span class='ocr_line' id='line_1_63' title="bbox 2107 3120 3698 3197; baseline -0.003 -18"><span class='ocrx_word' id='word_1_436' title='bbox 2107 3125 2387 3197; x_wconf 83' lang='grc' dir='ltr'>ἀκινήτοις</span> <span class='ocrx_word' id='word_1_437' title='bbox 2414 3126 2747 3180; x_wconf 80' lang='grc' dir='ltr'>ὑποστάσεσι</span> <span class='ocrx_word' id='word_1_438' title='bbox 2777 3124 3012 3195; x_wconf 88' lang='grc' dir='ltr'>κίνησιν,</span> <span class='ocrx_word' id='word_1_439' title='bbox 3048 3124 3307 3195; x_wconf 80' lang='grc' dir='ltr'>ἀρῤήτως</span> <span class='ocrx_word' id='word_1_440' title='bbox 3332 3138 3393 3175; x_wconf 84' lang='grc' dir='ltr'><strong>τε</strong></span> <span class='ocrx_word' id='word_1_441' title='bbox 3425 3120 3525 3175; x_wconf 82' lang='grc' dir='ltr'>καὶ</span> <span class='ocrx_word' id='word_1_442' title='bbox 3560 3120 3698 3191; x_wconf 73' lang='grc' dir='ltr'>ῥοῆς</span> 
     </span>
    </p>
   </div>
   <div class='ocr_carea' id='block_1_64' title="bbox 414 3208 2000 3279">
    <p class='ocr_par' dir='ltr' id='par_1_64' title="bbox 414 3208 2000 3279">
     <span class='ocr_line' id='line_1_64' title="bbox 414 3208 2000 3279; baseline -0.002 -11"><span class='ocrx_word' id='word_1_443' title='bbox 414 3221 469 3268; x_wconf 91' lang='lat' dir='ltr'><strong>et</strong></span> <span class='ocrx_word' id='word_1_444' title='bbox 492 3213 593 3266; x_wconf 87' lang='lat' dir='ltr'><strong>tria</strong></span> <span class='ocrx_word' id='word_1_445' title='bbox 625 3220 707 3266; x_wconf 89' lang='lat' dir='ltr'><strong>est</strong></span> <span class='ocrx_word' id='word_1_446' title='bbox 732 3208 897 3274; x_wconf 87' lang='lat' dir='ltr'><strong>Deus,</strong></span> <span class='ocrx_word' id='word_1_447' title='bbox 925 3224 1036 3263; x_wconf 95' lang='lat' dir='ltr'><strong>non</strong></span> <span class='ocrx_word' id='word_1_448' title='bbox 1083 3209 1379 3264; x_wconf 86' lang='lat' dir='ltr'><strong>secundum</strong></span> <span class='ocrx_word' id='word_1_449' title='bbox 1414 3220 1586 3265; x_wconf 90' lang='lat' dir='ltr'><strong>artem</strong></span> <span class='ocrx_word' id='word_1_450' title='bbox 1642 3211 2000 3279; x_wconf 89' lang='lat' dir='ltr'><strong>numerandi,</strong></span> 
     </span>
    </p>
   </div>
   <div class='ocr_carea' id='block_1_65' title="bbox 412 3305 2003 3377">
    <p class='ocr_par' dir='ltr' id='par_1_65' title="bbox 412 3305 2003 3377">
     <span class='ocr_line' id='line_1_65' title="bbox 412 3305 2003 3377; baseline 0 -15"><span class='ocrx_word' id='word_1_451' title='bbox 412 3308 520 3363; x_wconf 85' lang='lat' dir='ltr'><strong>hoc</strong></span> <span class='ocrx_word' id='word_1_452' title='bbox 548 3322 679 3363; x_wconf 89' lang='lat' dir='ltr'><strong>sane</strong></span> <span class='ocrx_word' id='word_1_453' title='bbox 720 3316 847 3361; x_wconf 85' lang='lat' dir='ltr'><strong>ante</strong></span> <span class='ocrx_word' id='word_1_454' title='bbox 876 3320 979 3360; x_wconf 91' lang='lat' dir='ltr'><strong>nos</strong></span> <span class='ocrx_word' id='word_1_455' title='bbox 1010 3305 1099 3360; x_wconf 82' lang='lat' dir='ltr'><strong>ille</strong></span> <span class='ocrx_word' id='word_1_456' title='bbox 1124 3320 1451 3361; x_wconf 89' lang='lat' dir='ltr'><strong>arcanorum</strong></span> <span class='ocrx_word' id='word_1_457' title='bbox 1485 3309 1745 3377; x_wconf 85' lang='lat' dir='ltr'><strong>magister</strong></span> <span class='ocrx_word' id='word_1_458' title='bbox 1772 3322 2003 3377; x_wconf 88' lang='lat' dir='ltr'><strong>magnus</strong></span> 
     </span>
    </p>
   </div>
   <div class='ocr_carea' id='block_1_66' title="bbox 416 3396 2000 3470">
    <p class='ocr_par' dir='ltr' id='par_1_66' title="bbox 416 3396 2000 3470">
     <span class='ocr_line' id='line_1_66' title="bbox 416 3396 2000 3470; baseline -0.001 -17"><span class='ocrx_word' id='word_1_459' title='bbox 416 3397 712 3470; x_wconf 86' lang='lat' dir='ltr'><strong>Dionysius</strong></span> <span class='ocrx_word' id='word_1_460' title='bbox 749 3396 941 3452; x_wconf 87' lang='lat' dir='ltr'><strong>abillo</strong></span> <span class='ocrx_word' id='word_1_461' title='bbox 970 3396 1281 3463; x_wconf 78' lang='lat' dir='ltr'><strong>institutus,</strong></span> <span class='ocrx_word' id='word_1_462' title='bbox 1313 3396 1409 3468; x_wconf 92' lang='lat' dir='ltr'><strong>qui</strong></span> <span class='ocrx_word' id='word_1_463' title='bbox 1441 3413 1563 3468; x_wconf 69' lang='lat' dir='ltr'><strong>qua:</strong></span> <span class='ocrx_word' id='word_1_464' title='bbox 1602 3397 1851 3468; x_wconf 75' lang='lat' dir='ltr'><strong>expromi</strong></span> <span class='ocrx_word' id='word_1_465' title='bbox 1892 3411 2000 3452; x_wconf 93' lang='lat' dir='ltr'><strong>non</strong></span> 
     </span>
    </p>
   </div>
   <div class='ocr_carea' id='block_1_67' title="bbox 414 3488 2003 3563">
    <p class='ocr_par' dir='ltr' id='par_1_67' title="bbox 414 3488 2003 3563">
     <span class='ocr_line' id='line_1_67' title="bbox 414 3488 2003 3563; baseline -0.001 -16"><span class='ocrx_word' id='word_1_466' title='bbox 414 3500 683 3563; x_wconf 89' lang='lat' dir='ltr'><strong>possunt,</strong></span> <span class='ocrx_word' id='word_1_467' title='bbox 716 3505 843 3546; x_wconf 87' lang='lat' dir='ltr'><strong>eum</strong></span> <span class='ocrx_word' id='word_1_468' title='bbox 893 3488 1099 3555; x_wconf 84' lang='lat' dir='ltr'><strong>docuit,</strong></span> <span class='ocrx_word' id='word_1_469' title='bbox 1133 3488 1474 3561; x_wconf 83' lang='lat' dir='ltr'><strong>sigpiticans,</strong></span> <span class='ocrx_word' id='word_1_470' title='bbox 1526 3490 1737 3558; x_wconf 87' lang='lat' dir='ltr'><strong>aiebat,</strong></span> <span class='ocrx_word' id='word_1_471' title='bbox 1778 3491 1872 3563; x_wconf 90' lang='lat' dir='ltr'><strong>qui</strong></span> <span class='ocrx_word' id='word_1_472' title='bbox 1914 3499 2003 3547; x_wconf 89' lang='lat' dir='ltr'><strong>est</strong></span> 
     </span>
    </p>
   </div>
   <div class='ocr_carea' id='block_1_68' title="bbox 413 3581 2002 3652">
    <p class='ocr_par' dir='ltr' id='par_1_68' title="bbox 413 3581 2002 3652">
     <span class='ocr_line' id='line_1_68' title="bbox 413 3581 2002 3652; baseline 0 -14"><span class='ocrx_word' id='word_1_473' title='bbox 413 3584 684 3649; x_wconf 91' lang='lat' dir='ltr'><strong>omnium,</strong></span> <span class='ocrx_word' id='word_1_474' title='bbox 712 3597 835 3652; x_wconf 69' lang='lat' dir='ltr'><strong>quae</strong></span> <span class='ocrx_word' id='word_1_475' title='bbox 870 3581 975 3638; x_wconf 89' lang='lat' dir='ltr'><strong>sub</strong></span> <span class='ocrx_word' id='word_1_476' title='bbox 1016 3581 1431 3651; x_wconf 75' lang='lat' dir='ltr'><strong>intelligentiam</strong></span> <span class='ocrx_word' id='word_1_477' title='bbox 1459 3583 1659 3637; x_wconf 87' lang='lat' dir='ltr'><strong>cadunt</strong></span> <span class='ocrx_word' id='word_1_478' title='bbox 1687 3582 1906 3649; x_wconf 89' lang='lat' dir='ltr'><strong>eximie,</strong></span> <span class='ocrx_word' id='word_1_479' title='bbox 1947 3590 2002 3638; x_wconf 87' lang='lat' dir='ltr'><strong>et</strong></span> 
     </span>
    </p>
   </div>
   <div class='ocr_carea' id='block_1_69' title="bbox 410 3672 2002 3741">
    <p class='ocr_par' dir='ltr' id='par_1_69' title="bbox 410 3672 2002 3741">
     <span class='ocr_line' id='line_1_69' title="bbox 410 3672 2002 3741; baseline -0.001 -9"><span class='ocrx_word' id='word_1_480' title='bbox 410 3674 743 3733; x_wconf 77' lang='lat' dir='ltr'><strong>excellenter</strong></span> <span class='ocrx_word' id='word_1_481' title='bbox 767 3672 1010 3736; x_wconf 81' lang='lat' dir='ltr'><strong>effector,</strong></span> <span class='ocrx_word' id='word_1_482' title='bbox 1036 3687 1141 3728; x_wconf 90' lang='lat' dir='ltr'><strong>nec</strong></span> <span class='ocrx_word' id='word_1_483' title='bbox 1170 3681 1254 3729; x_wconf 90' lang='lat' dir='ltr'><strong>est</strong></span> <span class='ocrx_word' id='word_1_484' title='bbox 1288 3689 1483 3739; x_wconf 90' lang='lat' dir='ltr'><strong>unum,</strong></span> <span class='ocrx_word' id='word_1_485' title='bbox 1519 3688 1621 3730; x_wconf 90' lang='lat' dir='ltr'><strong>nec</strong></span> <span class='ocrx_word' id='word_1_486' title='bbox 1652 3675 1854 3741; x_wconf 89' lang='lat' dir='ltr'><strong>unitas,</strong></span> <span class='ocrx_word' id='word_1_487' title='bbox 1886 3674 2002 3731; x_wconf 86' lang='lat' dir='ltr'><strong>col-</strong></span> 
     </span>
    </p>
   </div>
   <div class='ocr_carea' id='block_1_70' title="bbox 412 3768 2000 3838">
    <p class='ocr_par' dir='ltr' id='par_1_70' title="bbox 412 3768 2000 3838">
     <span class='ocr_line' id='line_1_70' title="bbox 412 3768 2000 3838; baseline 0 -15"><span class='ocrx_word' id='word_1_488' title='bbox 412 3768 601 3825; x_wconf 84' lang='lat' dir='ltr'><strong>locans</strong></span> <span class='ocrx_word' id='word_1_489' title='bbox 655 3783 784 3824; x_wconf 91' lang='lat' dir='ltr'><strong>eum</strong></span> <span class='ocrx_word' id='word_1_490' title='bbox 845 3782 1009 3837; x_wconf 89' lang='lat' dir='ltr'><strong>super</strong></span> <span class='ocrx_word' id='word_1_491' title='bbox 1054 3769 1261 3833; x_wconf 88' lang='lat' dir='ltr'><strong>omnia,</strong></span> <span class='ocrx_word' id='word_1_492' title='bbox 1297 3782 1421 3838; x_wconf 64' lang='lat' dir='ltr'><strong>quae</strong></span> <span class='ocrx_word' id='word_1_493' title='bbox 1460 3768 1605 3838; x_wconf 86' lang='lat' dir='ltr'><strong>apud</strong></span> <span class='ocrx_word' id='word_1_494' title='bbox 1654 3782 1754 3822; x_wconf 87' lang='lat' dir='ltr'><strong>nos</strong></span> <span class='ocrx_word' id='word_1_495' title='bbox 1784 3777 1913 3824; x_wconf 90' lang='lat' dir='ltr'><strong>sunt</strong></span> <span class='ocrx_word' id='word_1_496' title='bbox 1944 3769 2000 3823; x_wconf 93' lang='lat' dir='ltr'><strong>in</strong></span> 
     </span>
    </p>
   </div>
   <div class='ocr_carea' id='block_1_71' title="bbox 412 3858 1996 3931">
    <p class='ocr_par' dir='ltr' id='par_1_71' title="bbox 412 3858 1996 3931">
     <span class='ocr_line' id='line_1_71' title="bbox 412 3858 1996 3931; baseline -0.001 -15"><span class='ocrx_word' id='word_1_497' title='bbox 412 3861 621 3916; x_wconf 84' lang='lat' dir='ltr'><strong>honore</strong></span> <span class='ocrx_word' id='word_1_498' title='bbox 663 3870 717 3915; x_wconf 91' lang='lat' dir='ltr'><strong>et</strong></span> <span class='ocrx_word' id='word_1_499' title='bbox 750 3859 961 3930; x_wconf 91' lang='lat' dir='ltr'><strong>pretio,</strong></span> <span class='ocrx_word' id='word_1_500' title='bbox 992 3858 1426 3931; x_wconf 88' lang='lat' dir='ltr'><strong>declaransque,</strong></span> <span class='ocrx_word' id='word_1_501' title='bbox 1458 3868 1519 3914; x_wconf 92' lang='lat' dir='ltr'><strong>ut</strong></span> <span class='ocrx_word' id='word_1_502' title='bbox 1546 3867 1632 3915; x_wconf 85' lang='lat' dir='ltr'><strong>est</strong></span> <span class='ocrx_word' id='word_1_503' title='bbox 1677 3868 1804 3915; x_wconf 90' lang='lat' dir='ltr'><strong>ante</strong></span> <span class='ocrx_word' id='word_1_504' title='bbox 1855 3861 1996 3928; x_wconf 89' lang='lat' dir='ltr'><strong>alia,</strong></span> 
     </span>
    </p>
   </div>
   <div class='ocr_carea' id='block_1_72' title="bbox 413 3935 1999 4019">
    <p class='ocr_par' dir='ltr' id='par_1_72' title="bbox 413 3935 1999 4019">
     <span class='ocr_line' id='line_1_72' title="bbox 413 3935 1999 4019; baseline -0.003 -9"><span class='ocrx_word' id='word_1_505' title='bbox 413 3954 496 4010; x_wconf 82' lang='lat' dir='ltr'><strong>sic</strong></span> <span class='ocrx_word' id='word_1_506' title='bbox 540 3953 705 4009; x_wconf 88' lang='lat' dir='ltr'><strong>etiam</strong></span> <span class='ocrx_word' id='word_1_507' title='bbox 739 3967 860 4007; x_wconf 91' lang='lat' dir='ltr'><strong>esse</strong></span> <span class='ocrx_word' id='word_1_508' title='bbox 895 3959 1018 4006; x_wconf 85' lang='lat' dir='ltr'><strong>ante</strong></span> <span class='ocrx_word' id='word_1_509' title='bbox 1067 3935 1526 4008; x_wconf 83' lang='lat' dir='ltr'><strong>numerationem.</strong></span> <span class='ocrx_word' id='word_1_510' title='bbox 1558 3949 1627 4006; x_wconf 84' lang='lat' dir='ltr'><strong>Et</strong></span> <span class='ocrx_word' id='word_1_511' title='bbox 1657 3967 1882 4019; x_wconf 89' lang='lat' dir='ltr'><strong>rursus,</strong></span> <span class='ocrx_word' id='word_1_512' title='bbox 1912 3953 1999 4007; x_wconf 80' lang='lat' dir='ltr'><strong>in-</strong></span> 
     </span>
    </p>
   </div>
   <div class='ocr_carea' id='block_1_73' title="bbox 410 4045 1997 4120">
    <p class='ocr_par' dir='ltr' id='par_1_73' title="bbox 410 4045 1997 4120">
     <span class='ocr_line' id='line_1_73' title="bbox 410 4045 1997 4120; baseline -0.001 -17"><span class='ocrx_word' id='word_1_513' title='bbox 410 4050 573 4120; x_wconf 91' lang='lat' dir='ltr'><strong>quit,</strong></span> <span class='ocrx_word' id='word_1_514' title='bbox 632 4048 884 4103; x_wconf 83' lang='lat' dir='ltr'><strong>videmus</strong></span> <span class='ocrx_word' id='word_1_515' title='bbox 932 4047 1271 4102; x_wconf 86' lang='lat' dir='ltr'><strong>divinitatem</strong></span> <span class='ocrx_word' id='word_1_516' title='bbox 1330 4060 1486 4101; x_wconf 89' lang='lat' dir='ltr'><strong>sacre</strong></span> <span class='ocrx_word' id='word_1_517' title='bbox 1538 4045 1813 4100; x_wconf 87' lang='lat' dir='ltr'><strong>laudatam</strong></span> <span class='ocrx_word' id='word_1_518' title='bbox 1873 4057 1997 4101; x_wconf 87' lang='lat' dir='ltr'><strong>tan-</strong></span> 
     </span>
    </p>
   </div>
   <div class='ocr_carea' id='block_1_74' title="bbox 372 4137 1999 4213">
    <p class='ocr_par' dir='ltr' id='par_1_74' title="bbox 372 4137 1999 4213">
     <span class='ocr_line' id='line_1_74' title="bbox 372 4137 1999 4213; baseline -0.001 -17"><span class='ocrx_word' id='word_1_519' title='bbox 372 4190 377 4196; x_wconf 90' lang='lat'><strong>.</strong></span> <span class='ocrx_word' id='word_1_520' title='bbox 410 4156 575 4213; x_wconf 87' lang='lat' dir='ltr'><strong>quam</strong></span> <span class='ocrx_word' id='word_1_521' title='bbox 609 4141 919 4207; x_wconf 80' lang='lat' dir='ltr'><strong>monadem,</strong></span> <span class='ocrx_word' id='word_1_522' title='bbox 953 4148 1008 4196; x_wconf 93' lang='lat' dir='ltr'><strong>et</strong></span> <span class='ocrx_word' id='word_1_523' title='bbox 1041 4139 1304 4195; x_wconf 89' lang='lat' dir='ltr'><strong>unitatem</strong></span> <span class='ocrx_word' id='word_1_524' title='bbox 1338 4138 1554 4205; x_wconf 89' lang='lat' dir='ltr'><strong>(Deum,</strong></span> <span class='ocrx_word' id='word_1_525' title='bbox 1592 4137 1839 4208; x_wconf 88' lang='lat' dir='ltr'><strong>inquam,</strong></span> <span class='ocrx_word' id='word_1_526' title='bbox 1882 4149 1999 4195; x_wconf 89' lang='lat' dir='ltr'><strong>tan-</strong></span> 
     </span>
    </p>
   </div>
   <div class='ocr_carea' id='block_1_75' title="bbox 319 4230 1998 4303">
    <p class='ocr_par' dir='ltr' id='par_1_75' title="bbox 319 4230 1998 4303">
     <span class='ocr_line' id='line_1_75' title="bbox 319 4230 1998 4303; baseline 0 -16"><span class='ocrx_word' id='word_1_527' title='bbox 319 4246 324 4251; x_wconf 90' lang='grc'><strong>·</strong></span> <span class='ocrx_word' id='word_1_528' title='bbox 410 4248 577 4303; x_wconf 90' lang='lat' dir='ltr'><strong>quam</strong></span> <span class='ocrx_word' id='word_1_529' title='bbox 635 4233 815 4288; x_wconf 84' lang='lat' dir='ltr'><strong>solum</strong></span> <span class='ocrx_word' id='word_1_530' title='bbox 864 4241 917 4287; x_wconf 91' lang='lat' dir='ltr'><strong>et</strong></span> <span class='ocrx_word' id='word_1_531' title='bbox 976 4231 1171 4301; x_wconf 93' lang='lat' dir='ltr'><strong>unum)</strong></span> <span class='ocrx_word' id='word_1_532' title='bbox 1215 4239 1439 4301; x_wconf 88' lang='lat' dir='ltr'><strong>propter</strong></span> <span class='ocrx_word' id='word_1_533' title='bbox 1485 4230 1891 4300; x_wconf 89' lang='lat' dir='ltr'><strong>simplicitatem</strong></span> <span class='ocrx_word' id='word_1_534' title='bbox 1942 4241 1998 4287; x_wconf 90' lang='lat' dir='ltr'><strong>ct</strong></span> 
     </span>
    </p>
   </div>
   <div class='ocr_carea' id='block_1_76' title="bbox 410 4323 1992 4396">
    <p class='ocr_par' dir='ltr' id='par_1_76' title="bbox 410 4323 1992 4396">
     <span class='ocr_line' id='line_1_76' title="bbox 410 4323 1992 4396; baseline 0 -17"><span class='ocrx_word' id='word_1_535' title='bbox 410 4324 677 4381; x_wconf 83' lang='lat' dir='ltr'><strong>unitatem</strong></span> <span class='ocrx_word' id='word_1_536' title='bbox 718 4323 1168 4396; x_wconf 87' lang='lat' dir='ltr'><strong>impartibilitatis</strong></span> <span class='ocrx_word' id='word_1_537' title='bbox 1214 4338 1378 4396; x_wconf 89' lang='lat' dir='ltr'><strong>supra</strong></span> <span class='ocrx_word' id='word_1_538' title='bbox 1448 4330 1723 4390; x_wconf 91' lang='lat' dir='ltr'><strong>naturam,</strong></span> <span class='ocrx_word' id='word_1_539' title='bbox 1758 4338 1824 4378; x_wconf 87' lang='lat' dir='ltr'><strong>ex</strong></span> <span class='ocrx_word' id='word_1_540' title='bbox 1863 4340 1992 4395; x_wconf 89' lang='lat' dir='ltr'><strong>qua,</strong></span> 
     </span>
    </p>
   </div>
   <div class='ocr_carea' id='block_1_77' title="bbox 2101 3208 3700 3286">
    <p class='ocr_par' dir='ltr' id='par_1_77' title="bbox 2101 3208 3700 3286">
     <span class='ocr_line' id='line_1_77' title="bbox 2101 3208 3700 3286; baseline -0.013 -5"><span class='ocrx_word' id='word_1_541' title='bbox 2101 3215 2271 3285; x_wconf 70' lang='grc' dir='ltr'>χωρὶς</span> <span class='ocrx_word' id='word_1_542' title='bbox 2325 3215 2546 3286; x_wconf 82' lang='grc' dir='ltr'>ἀπάσης</span> <span class='ocrx_word' id='word_1_543' title='bbox 2594 3214 2917 3286; x_wconf 73' lang='grc' dir='ltr'>θεοπρεπῶς</span> <span class='ocrx_word' id='word_1_544' title='bbox 2972 3212 3284 3268; x_wconf 73' lang='grc' dir='ltr'>ὲπιδλέπει.</span> <span class='ocrx_word' id='word_1_545' title='bbox 3342 3210 3441 3264; x_wconf 82' lang='grc' dir='ltr'>Ἐν</span> <span class='ocrx_word' id='word_1_546' title='bbox 3489 3208 3584 3263; x_wconf 80' lang='grc' dir='ltr'>οὖν</span> <span class='ocrx_word' id='word_1_547' title='bbox 3634 3208 3700 3261; x_wconf 75' lang='grc' dir='ltr'>τὸ</span> 
     </span>
    </p>
   </div>
   <div class='ocr_carea' id='block_1_78' title="bbox 2103 3301 3699 3378">
    <p class='ocr_par' dir='ltr' id='par_1_78' title="bbox 2103 3301 3699 3378">
     <span class='ocr_line' id='line_1_78' title="bbox 2103 3301 3699 3378; baseline -0.003 -20"><span class='ocrx_word' id='word_1_548' title='bbox 2103 3305 2246 3360; x_wconf 83' lang='grc' dir='ltr'>θεῖον</span> <span class='ocrx_word' id='word_1_549' title='bbox 2288 3306 2386 3360; x_wconf 76' lang='grc' dir='ltr'><strong>καὶ</strong></span> <span class='ocrx_word' id='word_1_550' title='bbox 2416 3306 2577 3378; x_wconf 84' lang='grc' dir='ltr'>τρία,</span> <span class='ocrx_word' id='word_1_551' title='bbox 2604 3308 2666 3361; x_wconf 86' lang='grc' dir='ltr'><strong>οὑ</strong></span> <span class='ocrx_word' id='word_1_552' title='bbox 2712 3306 2856 3362; x_wconf 83' lang='grc' dir='ltr'><strong>κατά</strong></span> <span class='ocrx_word' id='word_1_553' title='bbox 2887 3305 2989 3378; x_wconf 82' lang='grc' dir='ltr'>τὴν</span> <span class='ocrx_word' id='word_1_554' title='bbox 3033 3302 3406 3377; x_wconf 74' lang='grc' dir='ltr'>ἀριθμητικὴν</span> <span class='ocrx_word' id='word_1_555' title='bbox 3447 3301 3699 3374; x_wconf 79' lang='grc' dir='ltr'>τεχνολο-</span> 
     </span>
    </p>
   </div>
   <div class='ocr_carea' id='block_1_79' title="bbox 2100 3394 3698 3471">
    <p class='ocr_par' dir='ltr' id='par_1_79' title="bbox 2100 3394 3698 3471">
     <span class='ocr_line' id='line_1_79' title="bbox 2100 3394 3698 3471; baseline -0.006 -18"><span class='ocrx_word' id='word_1_556' title='bbox 2100 3399 2247 3467; x_wconf 85' lang='grc' dir='ltr'>γίαν.</span> <span class='ocrx_word' id='word_1_557' title='bbox 2280 3396 2453 3452; x_wconf 89' lang='grc' dir='ltr'>Τοῦτο</span> <span class='ocrx_word' id='word_1_558' title='bbox 2480 3398 2538 3452; x_wconf 84' lang='grc' dir='ltr'>δὲ</span> <span class='ocrx_word' id='word_1_559' title='bbox 2571 3398 2680 3471; x_wconf 87' lang='grc' dir='ltr'><strong>ἀρα</strong></span> <span class='ocrx_word' id='word_1_560' title='bbox 2705 3397 2803 3453; x_wconf 76' lang='grc' dir='ltr'>καὶ</span> <span class='ocrx_word' id='word_1_561' title='bbox 2831 3398 2939 3469; x_wconf 82' lang='grc' dir='ltr'>πρὸ</span> <span class='ocrx_word' id='word_1_562' title='bbox 2972 3396 3132 3468; x_wconf 75' lang='grc' dir='ltr'>ἡμῶν</span> <span class='ocrx_word' id='word_1_563' title='bbox 3162 3399 3192 3451; x_wconf 86' lang='grc' dir='ltr'><strong>ό</strong></span> <span class='ocrx_word' id='word_1_564' title='bbox 3215 3396 3326 3451; x_wconf 83' lang='grc' dir='ltr'><strong>τῶν</strong></span> <span class='ocrx_word' id='word_1_565' title='bbox 3356 3394 3698 3467; x_wconf 75' lang='grc' dir='ltr'>ἀπορρήτων</span> 
     </span>
    </p>
   </div>
   <div class='ocr_carea' id='block_1_80' title="bbox 2104 3485 3695 3564">
    <p class='ocr_par' dir='ltr' id='par_1_80' title="bbox 2104 3485 3695 3564">
     <span class='ocr_line' id='line_1_80' title="bbox 2104 3485 3695 3564; baseline -0.005 -17"><span class='ocrx_word' id='word_1_566' title='bbox 2104 3491 2318 3564; x_wconf 84' lang='grc' dir='ltr'>μύστης</span> <span class='ocrx_word' id='word_1_567' title='bbox 2373 3492 2479 3546; x_wconf 80' lang='grc' dir='ltr'>ὑπὸ</span> <span class='ocrx_word' id='word_1_568' title='bbox 2522 3490 2618 3545; x_wconf 90' lang='grc' dir='ltr'><strong>τοῦ</strong></span> <span class='ocrx_word' id='word_1_569' title='bbox 2669 3490 2741 3544; x_wconf 83' lang='grc' dir='ltr'>τὰ</span> <span class='ocrx_word' id='word_1_570' title='bbox 2789 3491 3147 3563; x_wconf 74' lang='grc' dir='ltr'>ἀνέκφραστα</span> <span class='ocrx_word' id='word_1_571' title='bbox 3193 3485 3695 3561; x_wconf 77' lang='grc' dir='ltr'>μυσταγωγοῦντος</span> 
     </span>
    </p>
   </div>
   <div class='ocr_carea' id='block_1_81' title="bbox 2101 3578 3695 3657">
    <p class='ocr_par' dir='ltr' id='par_1_81' title="bbox 2101 3578 3695 3657">
     <span class='ocr_line' id='line_1_81' title="bbox 2101 3578 3695 3657; baseline -0.005 -18"><span class='ocrx_word' id='word_1_572' title='bbox 2101 3587 2130 3639; x_wconf 86' lang='grc' dir='ltr'>ὁ</span> <span class='ocrx_word' id='word_1_573' title='bbox 2162 3584 2339 3657; x_wconf 84' lang='grc' dir='ltr'>μέγας</span> <span class='ocrx_word' id='word_1_574' title='bbox 2383 3584 2615 3656; x_wconf 79' lang='grc' dir='ltr'>μυηθεὶς</span> <span class='ocrx_word' id='word_1_575' title='bbox 2645 3582 2927 3647; x_wconf 90' lang='grc' dir='ltr'>Διονύσιος</span> <span class='ocrx_word' id='word_1_576' title='bbox 2954 3582 3334 3654; x_wconf 74' lang='grc' dir='ltr'>αἰνιττόμενος</span> <span class='ocrx_word' id='word_1_577' title='bbox 3365 3581 3576 3652; x_wconf 66' lang='grc' dir='ltr'>ἔλεγεν,</span> <span class='ocrx_word' id='word_1_578' title='bbox 3614 3578 3695 3639; x_wconf 73' lang='grc' dir='ltr'><strong>ὡς</strong></span> 
     </span>
    </p>
   </div>
   <div class='ocr_carea' id='block_1_82' title="bbox 2099 3672 3691 3747">
    <p class='ocr_par' dir='ltr' id='par_1_82' title="bbox 2099 3672 3691 3747">
     <span class='ocr_line' id='line_1_82' title="bbox 2099 3672 3691 3747; baseline -0.003 -17"><span class='ocrx_word' id='word_1_579' title='bbox 2099 3678 2129 3731; x_wconf 84' lang='grc' dir='ltr'><strong>ό</strong></span> <span class='ocrx_word' id='word_1_580' title='bbox 2148 3676 2349 3741; x_wconf 75' lang='grc' dir='ltr'>παντὸς</span> <span class='ocrx_word' id='word_1_581' title='bbox 2373 3674 2565 3747; x_wconf 83' lang='grc' dir='ltr'>νοητοῦ</span> <span class='ocrx_word' id='word_1_582' title='bbox 2592 3673 2717 3729; x_wconf 87' lang='grc' dir='ltr'>καθ’</span> <span class='ocrx_word' id='word_1_583' title='bbox 2742 3673 3021 3746; x_wconf 83' lang='grc' dir='ltr'>ὑπεροχὴν</span> <span class='ocrx_word' id='word_1_584' title='bbox 3041 3672 3220 3738; x_wconf 86' lang='grc' dir='ltr'>αῐτιος</span> <span class='ocrx_word' id='word_1_585' title='bbox 3244 3673 3370 3727; x_wconf 79' lang='grc' dir='ltr'>οὔτε</span> <span class='ocrx_word' id='word_1_586' title='bbox 3419 3672 3480 3727; x_wconf 74' lang='grc' dir='ltr'>ιν</span> <span class='ocrx_word' id='word_1_587' title='bbox 3513 3674 3691 3733; x_wconf 67' lang='grc' dir='ltr'>ἑστιν,</span> 
     </span>
    </p>
   </div>
   <div class='ocr_carea' id='block_1_83' title="bbox 2100 3763 3696 3839">
    <p class='ocr_par' dir='ltr' id='par_1_83' title="bbox 2100 3763 3696 3839">
     <span class='ocr_line' id='line_1_83' title="bbox 2100 3763 3696 3839; baseline -0.003 -17"><span class='ocrx_word' id='word_1_588' title='bbox 2100 3768 2224 3823; x_wconf 77' lang='grc' dir='ltr'>οὕτε</span> <span class='ocrx_word' id='word_1_589' title='bbox 2252 3768 2467 3838; x_wconf 75' lang='grc' dir='ltr'>ἑνότης,</span> <span class='ocrx_word' id='word_1_590' title='bbox 2495 3766 2809 3839; x_wconf 83' lang='grc' dir='ltr'>ὑπερτιθεὶς</span> <span class='ocrx_word' id='word_1_591' title='bbox 2838 3765 3002 3820; x_wconf 82' lang='grc' dir='ltr'>αὑτὸν</span> <span class='ocrx_word' id='word_1_592' title='bbox 3042 3764 3156 3820; x_wconf 84' lang='grc' dir='ltr'><strong>τῶν</strong></span> <span class='ocrx_word' id='word_1_593' title='bbox 3184 3766 3244 3819; x_wconf 76' lang='grc' dir='ltr'>ὲν</span> <span class='ocrx_word' id='word_1_594' title='bbox 3277 3766 3410 3837; x_wconf 76' lang='grc' dir='ltr'>ἡμῖν</span> <span class='ocrx_word' id='word_1_595' title='bbox 3434 3763 3696 3819; x_wconf 77' lang='grc' dir='ltr'>ἁπάντων</span> 
     </span>
    </p>
   </div>
   <div class='ocr_carea' id='block_1_84' title="bbox 2098 3858 3694 3934">
    <p class='ocr_par' dir='ltr' id='par_1_84' title="bbox 2098 3858 3694 3934">
     <span class='ocr_line' id='line_1_84' title="bbox 2098 3858 3694 3934; baseline -0.006 -17"><span class='ocrx_word' id='word_1_596' title='bbox 2098 3863 2318 3934; x_wconf 89' lang='grc' dir='ltr'>τιμίων.</span> <span class='ocrx_word' id='word_1_597' title='bbox 2350 3862 2463 3916; x_wconf 73' lang='grc' dir='ltr'>Καὶ</span> <span class='ocrx_word' id='word_1_598' title='bbox 2491 3862 2557 3933; x_wconf 85' lang='grc' dir='ltr'>δὴ</span> <span class='ocrx_word' id='word_1_599' title='bbox 2592 3861 2688 3916; x_wconf 74' lang='grc' dir='ltr'>καὶ</span> <span class='ocrx_word' id='word_1_600' title='bbox 2731 3860 2890 3931; x_wconf 81' lang='grc' dir='ltr'>δῆλον</span> <span class='ocrx_word' id='word_1_601' title='bbox 2933 3859 3011 3924; x_wconf 84' lang='grc' dir='ltr'>ὡς</span> <span class='ocrx_word' id='word_1_602' title='bbox 3056 3858 3167 3929; x_wconf 81' lang='grc' dir='ltr'>πρὸ</span> <span class='ocrx_word' id='word_1_603' title='bbox 3206 3858 3315 3912; x_wconf 85' lang='grc' dir='ltr'><strong>τῶν</strong></span> <span class='ocrx_word' id='word_1_604' title='bbox 3355 3858 3554 3920; x_wconf 85' lang='grc' dir='ltr'>ἀλλων,</span> <span class='ocrx_word' id='word_1_605' title='bbox 3593 3860 3694 3910; x_wconf 74' lang='grc' dir='ltr'>καὶ</span> 
     </span>
    </p>
   </div>
   <div class='ocr_carea' id='block_1_85' title="bbox 2099 3946 3694 4023">
    <p class='ocr_par' dir='ltr' id='par_1_85' title="bbox 2099 3946 3694 4023">
     <span class='ocr_line' id='line_1_85' title="bbox 2099 3946 3694 4023; baseline -0.006 -15"><span class='ocrx_word' id='word_1_606' title='bbox 2099 3954 2199 4023; x_wconf 81' lang='grc' dir='ltr'>τῆς</span> <span class='ocrx_word' id='word_1_607' title='bbox 2231 3950 2709 4023; x_wconf 84' lang='grc' dir='ltr'>συναριθμήσεως,</span> <span class='ocrx_word' id='word_1_608' title='bbox 2741 3951 2836 4004; x_wconf 58' lang='grc' dir='ltr'><strong>καί¹</strong></span> <span class='ocrx_word' id='word_1_609' title='bbox 2860 3949 3022 4003; x_wconf 86' lang='grc' dir='ltr'>πάλιν</span> <span class='ocrx_word' id='word_1_610' title='bbox 3046 3947 3267 4021; x_wconf 83' lang='grc' dir='ltr'>ὁρῶμεν</span> <span class='ocrx_word' id='word_1_611' title='bbox 3297 3948 3399 4019; x_wconf 78' lang='grc' dir='ltr'>τὴν</span> <span class='ocrx_word' id='word_1_612' title='bbox 3429 3946 3694 4017; x_wconf 79' lang='grc' dir='ltr'>θεαρχίαν</span> 
     </span>
    </p>
   </div>
   <div class='ocr_carea' id='block_1_86' title="bbox 2102 4038 3693 4117">
    <p class='ocr_par' dir='ltr' id='par_1_86' title="bbox 2102 4038 3693 4117">
     <span class='ocr_line' id='line_1_86' title="bbox 2102 4038 3693 4117; baseline -0.005 -19"><span class='ocrx_word' id='word_1_613' title='bbox 2102 4044 2262 4117; x_wconf 84' lang='grc' dir='ltr'>ίερῶς</span> <span class='ocrx_word' id='word_1_614' title='bbox 2288 4043 2660 4115; x_wconf 73' lang='grc' dir='ltr'>ὑμνουμένην,</span> <span class='ocrx_word' id='word_1_615' title='bbox 2691 4042 2769 4107; x_wconf 85' lang='grc' dir='ltr'><strong>ὡς</strong></span> <span class='ocrx_word' id='word_1_616' title='bbox 2792 4042 2999 4113; x_wconf 82' lang='grc' dir='ltr'>μονάδα</span> <span class='ocrx_word' id='word_1_617' title='bbox 3029 4040 3131 4112; x_wconf 74' lang='grc' dir='ltr'>μὲν</span> <span class='ocrx_word' id='word_1_618' title='bbox 3152 4041 3249 4094; x_wconf 74' lang='grc' dir='ltr'>καὶ</span> <span class='ocrx_word' id='word_1_619' title='bbox 3276 4038 3569 4102; x_wconf 69' lang='grc' dir='ltr'>δνάδα,διά</span> <span class='ocrx_word' id='word_1_620' title='bbox 3589 4040 3693 4109; x_wconf 69' lang='grc' dir='ltr'>τὴν</span> 
     </span>
    </p>
   </div>
   <div class='ocr_carea' id='block_1_87' title="bbox 2100 4125 3709 4207">
    <p class='ocr_par' dir='ltr' id='par_1_87' title="bbox 2100 4125 3709 4207">
     <span class='ocr_line' id='line_1_87' title="bbox 2100 4125 3709 4207; baseline -0.004 -17"><span class='ocrx_word' id='word_1_621' title='bbox 2100 4136 2377 4207; x_wconf 85' lang='grc' dir='ltr'>ἁπλότητα</span> <span class='ocrx_word' id='word_1_622' title='bbox 2399 4137 2494 4190; x_wconf 77' lang='grc' dir='ltr'>καὶ</span> <span class='ocrx_word' id='word_1_623' title='bbox 2514 4136 2744 4205; x_wconf 81' lang='grc' dir='ltr'>ἑνότητα</span> <span class='ocrx_word' id='word_1_624' title='bbox 2764 4135 2863 4206; x_wconf 86' lang='grc' dir='ltr'>τῆς</span> <span class='ocrx_word' id='word_1_625' title='bbox 2886 4134 3201 4207; x_wconf 79' lang='grc' dir='ltr'>ὑπερφυοῦς</span> <span class='ocrx_word' id='word_1_626' title='bbox 3228 4132 3517 4204; x_wconf 84' lang='grc' dir='ltr'>ἀμερείας,</span> <span class='ocrx_word' id='word_1_627' title='bbox 3537 4130 3599 4195; x_wconf 68' lang='grc' dir='ltr'><strong>ἒξ</strong></span> <span class='ocrx_word' id='word_1_628' title='bbox 3619 4125 3709 4199; x_wconf 74' lang='grc' dir='ltr'>ἦςι</span> 
     </span>
    </p>
   </div>
   <div class='ocr_carea' id='block_1_88' title="bbox 2097 4222 3692 4297">
    <p class='ocr_par' dir='ltr' id='par_1_88' title="bbox 2097 4222 3692 4297">
     <span class='ocr_line' id='line_1_88' title="bbox 2097 4222 3692 4297; baseline -0.006 -13"><span class='ocrx_word' id='word_1_629' title='bbox 2097 4231 2173 4295; x_wconf 85' lang='grc' dir='ltr'>ὡς</span> <span class='ocrx_word' id='word_1_630' title='bbox 2205 4229 2455 4284; x_wconf 81' lang='grc' dir='ltr'>ἑνοποιοῦ</span> <span class='ocrx_word' id='word_1_631' title='bbox 2495 4228 2778 4297; x_wconf 86' lang='grc' dir='ltr'>δυνάμεως</span> <span class='ocrx_word' id='word_1_632' title='bbox 2809 4225 3125 4297; x_wconf 76' lang='grc' dir='ltr'>ἑνιζόμεθα,</span> <span class='ocrx_word' id='word_1_633' title='bbox 3152 4225 3248 4279; x_wconf 78' lang='grc' dir='ltr'>καὶ</span> <span class='ocrx_word' id='word_1_634' title='bbox 3276 4224 3385 4277; x_wconf 84' lang='grc' dir='ltr'><strong>τῶν</strong></span> <span class='ocrx_word' id='word_1_635' title='bbox 3412 4222 3692 4294; x_wconf 79' lang='grc' dir='ltr'>μεριστῶν</span> 
     </span>
    </p>
   </div>
   <div class='ocr_carea' id='block_1_89' title="bbox 2096 4314 3688 4397">
    <p class='ocr_par' dir='ltr' id='par_1_89' title="bbox 2096 4314 3688 4397">
     <span class='ocr_line' id='line_1_89' title="bbox 2096 4314 3688 4397; baseline -0.024 -15"><span class='ocrx_word' id='word_1_636' title='bbox 2096 4324 2258 4397; x_wconf 83' lang='grc' dir='ltr'>ἡμῶν</span> <span class='ocrx_word' id='word_1_637' title='bbox 2283 4326 2369 4379; x_wconf 80' lang='grc' dir='ltr'>ἑτε</span> <span class='ocrx_word' id='word_1_638' title='bbox 2380 4324 2619 4394; x_wconf 84' lang='grc' dir='ltr'>ροτήτων</span> <span class='ocrx_word' id='word_1_639' title='bbox 2646 4318 3038 4393; x_wconf 83' lang='grc' dir='ltr'>ὑπερκοσμίως</span> <span class='ocrx_word' id='word_1_640' title='bbox 3075 4316 3561 4390; x_wconf 53' lang='lat' dir='ltr'><strong>cupitum-opng</strong></span> <span class='ocrx_word' id='word_1_641' title='bbox 3577 4314 3688 4379; x_wconf 69' lang='grc' dir='ltr'><strong>ιι..⁹</strong></span> 
     </span>
    </p>
   </div>
   <div class='ocr_carea' id='block_1_90' title="bbox 1680 4481 2364 4545">
    <p class='ocr_par' dir='ltr' id='par_1_90' title="bbox 1680 4481 2364 4545">
     <span class='ocr_line' id='line_1_90' title="bbox 1680 4481 2364 4545; baseline -0.012 0"><span class='ocrx_word' id='word_1_642' title='bbox 1680 4487 1919 4545; x_wconf 68' lang='grc' dir='ltr'><strong>ἾΑΒΙᾹΞ</strong></span> <span class='ocrx_word' id='word_1_643' title='bbox 1955 4481 2364 4541; x_wconf 82' lang='lat' dir='ltr'><strong>LECTIONES.</strong></span> 
     </span>
    </p>
   </div>
   <div class='ocr_carea' id='block_1_91' title="bbox 480 4605 1243 4679">
    <p class='ocr_par' dir='ltr' id='par_1_91' title="bbox 480 4605 1243 4679">
     <span class='ocr_line' id='line_1_91' title="bbox 480 4605 1243 4679; baseline 0.008 -24"><span class='ocrx_word' id='word_1_644' title='bbox 480 4613 510 4655; x_wconf 74' lang='grc'><em>1</em></span> <span class='ocrx_word' id='word_1_645' title='bbox 534 4607 569 4663; x_wconf 92' lang='grc' dir='ltr'><strong>Ι.</strong></span> <span class='ocrx_word' id='word_1_646' title='bbox 602 4607 1012 4679; x_wconf 82' lang='grc' dir='ltr'>ἀνεκφοίτητον.</span> <span class='ocrx_word' id='word_1_647' title='bbox 1062 4678 1067 4679; x_wconf 13' lang='grc' dir='ltr'>ί</span> <span class='ocrx_word' id='word_1_648' title='bbox 1093 4616 1117 4644; x_wconf 82' lang='grc'>³</span> <span class='ocrx_word' id='word_1_649' title='bbox 1146 4605 1243 4679; x_wconf 79' lang='grc' dir='ltr'><strong>τῷ.</strong></span> 
     </span>
    </p>
   </div>
   <div class='ocr_carea' id='block_1_92' title="bbox 408 4678 1193 4749">
    <p class='ocr_par' dir='ltr' id='par_1_92' title="bbox 408 4678 1193 4749">
     <span class='ocr_line' id='line_1_92' title="bbox 408 4678 1193 4749; baseline 0.005 -20"><span class='ocrx_word' id='word_1_650' title='bbox 408 4693 507 4741; x_wconf 81' lang='grc' dir='ltr'><strong>νας</strong></span> <span class='ocrx_word' id='word_1_651' title='bbox 532 4678 615 4734; x_wconf 89' lang='lat' dir='ltr'><strong>vel</strong></span> <span class='ocrx_word' id='word_1_652' title='bbox 646 4678 1193 4749; x_wconf 78' lang='grc' dir='ltr'>ὑπερανῳκισμένας.</span> 
     </span>
    </p>
   </div>
   <div class='ocr_carea' id='block_1_93' title="bbox 1320 4595 3687 4680">
    <p class='ocr_par' dir='ltr' id='par_1_93' title="bbox 1320 4595 3687 4680">
     <span class='ocr_line' id='line_1_93' title="bbox 1320 4595 3687 4680; baseline -0.004 -18"><span class='ocrx_word' id='word_1_653' title='bbox 1320 4620 1346 4648; x_wconf 80' lang='grc' dir='ltr'>ι</span> <span class='ocrx_word' id='word_1_654' title='bbox 1368 4608 1405 4672; x_wconf 89' lang='grc' dir='ltr'><strong>ι,</strong></span> <span class='ocrx_word' id='word_1_655' title='bbox 1440 4609 1562 4680; x_wconf 83' lang='grc' dir='ltr'>μηδ’</span> <span class='ocrx_word' id='word_1_656' title='bbox 1578 4604 1645 4680; x_wconf 86' lang='grc' dir='ltr'>ἦν</span> <span class='ocrx_word' id='word_1_657' title='bbox 1672 4626 1757 4671; x_wconf 80' lang='grc' dir='ltr'><strong>τις</strong></span> <span class='ocrx_word' id='word_1_658' title='bbox 1780 4608 1924 4671; x_wconf 84' lang='grc' dir='ltr'>νοῦς,</span> <span class='ocrx_word' id='word_1_659' title='bbox 1946 4607 2030 4662; x_wconf 90' lang='lat' dir='ltr'><strong>vel</strong></span> <span class='ocrx_word' id='word_1_660' title='bbox 2066 4605 2189 4677; x_wconf 83' lang='grc' dir='ltr'>μηδ’</span> <span class='ocrx_word' id='word_1_661' title='bbox 2220 4598 2289 4674; x_wconf 80' lang='grc' dir='ltr'>ἧν</span> <span class='ocrx_word' id='word_1_662' title='bbox 2311 4618 2456 4665; x_wconf 85' lang='grc' dir='ltr'>τινος</span> <span class='ocrx_word' id='word_1_663' title='bbox 2480 4599 2626 4667; x_wconf 86' lang='grc' dir='ltr'><strong>νοῦς⁸</strong></span> <span class='ocrx_word' id='word_1_664' title='bbox 2705 4601 2735 4642; x_wconf 74' lang='grc' dir='ltr'>ιι</span> <span class='ocrx_word' id='word_1_665' title='bbox 2758 4600 2876 4657; x_wconf 85' lang='lat' dir='ltr'><strong>dele</strong></span> <span class='ocrx_word' id='word_1_666' title='bbox 2899 4595 3017 4655; x_wconf 88' lang='grc' dir='ltr'>οῦν.</span> <span class='ocrx_word' id='word_1_667' title='bbox 3096 4610 3120 4641; x_wconf 70' lang='grc'><strong><em>⁸</em></strong></span> <span class='ocrx_word' id='word_1_668' title='bbox 3142 4599 3180 4656; x_wconf 92' lang='grc'><strong>1.</strong></span> <span class='ocrx_word' id='word_1_669' title='bbox 3205 4598 3463 4669; x_wconf 84' lang='grc' dir='ltr'>ὑπεράνω</span> <span class='ocrx_word' id='word_1_670' title='bbox 3493 4597 3687 4668; x_wconf 78' lang='grc' dir='ltr'>κειμέ-</span> 
     </span>
    </p>
   </div>
   <div class='ocr_carea' id='block_1_94' title="bbox 1270 4677 2015 4750">
    <p class='ocr_par' dir='ltr' id='par_1_94' title="bbox 1270 4677 2015 4750">
     <span class='ocr_line' id='line_1_94' title="bbox 1270 4677 2015 4750; baseline -0.003 -16"><span class='ocrx_word' id='word_1_671' title='bbox 1270 4677 1355 4718; x_wconf 69' lang='grc' dir='ltr'><strong>⁴·θ</strong></span> <span class='ocrx_word' id='word_1_672' title='bbox 1396 4677 1453 4735; x_wconf 67' lang='grc' dir='ltr'><strong>Ι.’</strong></span> <span class='ocrx_word' id='word_1_673' title='bbox 1486 4677 2015 4750; x_wconf 73' lang='grc' dir='ltr'>συμπτυσσομένων.</span> 
     </span>
    </p>
   </div>
   <div class='ocr_carea' id='block_1_95' title="bbox 1922 4795 2159 4854">
    <p class='ocr_par' dir='ltr' id='par_1_95' title="bbox 1922 4795 2159 4854">
     <span class='ocr_line' id='line_1_95' title="bbox 1922 4795 2159 4854; baseline 0.013 -3"><span class='ocrx_word' id='word_1_674' title='bbox 1922 4795 2159 4854; x_wconf 62' lang='grc' dir='ltr'><strong>ΝΟΤᾹΕ.</strong></span> 
     </span>
    </p>
   </div>
   <div class='ocr_carea' id='block_1_96' title="bbox 480 4884 1985 4966">
    <p class='ocr_par' dir='ltr' id='par_1_96' title="bbox 480 4884 1985 4966">
     <span class='ocr_line' id='line_1_96' title="bbox 480 4884 1985 4966; baseline 0.001 -28"><span class='ocrx_word' id='word_1_675' title='bbox 480 4884 597 4966; x_wconf 37' lang='grc'><strong>(54).</strong></span> <span class='ocrx_word' id='word_1_676' title='bbox 625 4884 845 4966; x_wconf 75' lang='lat' dir='ltr'><strong>Omnem</strong></span> <span class='ocrx_word' id='word_1_677' title='bbox 873 4886 1016 4966; x_wconf 60' lang='lat' dir='ltr'><strong>enini</strong></span> <span class='ocrx_word' id='word_1_678' title='bbox 1049 4902 1331 4966; x_wconf 62' lang='lat' dir='ltr'><strong>numerum</strong></span> <span class='ocrx_word' id='word_1_679' title='bbox 1365 4894 1471 4966; x_wconf 78' lang='lat' dir='ltr'><strong>etc.</strong></span> <span class='ocrx_word' id='word_1_680' title='bbox 1496 4894 1733 4966; x_wconf 55' lang='lat' dir='ltr'><strong>superat.</strong></span> <span class='ocrx_word' id='word_1_681' title='bbox 1777 4884 1985 4966; x_wconf 51' lang='grc' dir='ltr'>,Ἀριθ-</span> 
     </span>
    </p>
   </div>
   <div class='ocr_carea' id='block_1_97' title="bbox 412 4956 1989 5028">
    <p class='ocr_par' dir='ltr' id='par_1_97' title="bbox 412 4956 1989 5028">
     <span class='ocr_line' id='line_1_97' title="bbox 412 4956 1989 5028; baseline 0.001 -21"><span class='ocrx_word' id='word_1_682' title='bbox 412 4956 513 5028; x_wconf 84' lang='grc' dir='ltr'><strong>μοῦ</strong></span> <span class='ocrx_word' id='word_1_683' title='bbox 538 4956 643 5028; x_wconf 80' lang='grc' dir='ltr'><strong>γὰρ</strong></span> <span class='ocrx_word' id='word_1_684' title='bbox 663 4956 863 5028; x_wconf 56' lang='grc' dir='ltr'>παντός</span> <span class='ocrx_word' id='word_1_685' title='bbox 880 4956 974 5028; x_wconf 59' lang='grc' dir='ltr'>καὶ</span> <span class='ocrx_word' id='word_1_686' title='bbox 999 4957 1221 5023; x_wconf 80' lang='grc' dir='ltr'>ἑνάδων,</span> <span class='ocrx_word' id='word_1_687' title='bbox 1249 4956 1309 5028; x_wconf 82' lang='grc' dir='ltr'>αἶ</span> <span class='ocrx_word' id='word_1_688' title='bbox 1334 4957 1403 5011; x_wconf 84' lang='grc' dir='ltr'><strong>τὰ</strong></span> <span class='ocrx_word' id='word_1_689' title='bbox 1438 4956 1534 5010; x_wconf 89' lang='grc' dir='ltr'><strong>τοῦ</strong></span> <span class='ocrx_word' id='word_1_690' title='bbox 1568 4956 1806 5028; x_wconf 86' lang='grc' dir='ltr'>ἀριθμοῦ</span> <span class='ocrx_word' id='word_1_691' title='bbox 1846 4956 1989 5028; x_wconf 66' lang='grc' dir='ltr'>μέρη</span> 
     </span>
    </p>
   </div>
   <div class='ocr_carea' id='block_1_98' title="bbox 408 5025 1992 5100">
    <p class='ocr_par' dir='ltr' id='par_1_98' title="bbox 408 5025 1992 5100">
     <span class='ocr_line' id='line_1_98' title="bbox 408 5025 1992 5100; baseline 0.003 -23"><span class='ocrx_word' id='word_1_692' title='bbox 408 5026 506 5100; x_wconf 62' lang='grc' dir='ltr'><strong>κα)Ῐ</strong></span> <span class='ocrx_word' id='word_1_693' title='bbox 556 5025 737 5100; x_wconf 81' lang='grc' dir='ltr'>πάσης</span> <span class='ocrx_word' id='word_1_694' title='bbox 766 5026 930 5100; x_wconf 80' lang='grc' dir='ltr'>ἄλλης</span> <span class='ocrx_word' id='word_1_695' title='bbox 950 5027 1326 5100; x_wconf 75' lang='grc' dir='ltr'>ἀναπληροῦσι</span> <span class='ocrx_word' id='word_1_696' title='bbox 1355 5025 1677 5100; x_wconf 81' lang='grc' dir='ltr'>ποσότητος,</span> <span class='ocrx_word' id='word_1_697' title='bbox 1707 5025 1992 5100; x_wconf 68' lang='grc' dir='ltr'>παντελῶς</span> 
     </span>
    </p>
   </div>
   <div class='ocr_carea' id='block_1_99' title="bbox 407 5096 1991 5220">
    <p class='ocr_par' dir='ltr' id='par_1_99' title="bbox 407 5096 1991 5220">
     <span class='ocr_line' id='line_1_99' title="bbox 407 5096 1991 5220; baseline -0.001 -71"><span class='ocrx_word' id='word_1_698' title='bbox 407 5098 442 5165; x_wconf 80' lang='grc' dir='ltr'><strong>ἡ</strong></span> <span class='ocrx_word' id='word_1_699' title='bbox 480 5096 833 5220; x_wconf 83' lang='grc' dir='ltr'>ὑπεράρχιος,</span> <span class='ocrx_word' id='word_1_700' title='bbox 873 5096 1188 5170; x_wconf 71' lang='grc' dir='ltr'>ἀγαθαρχία</span> <span class='ocrx_word' id='word_1_701' title='bbox 1228 5099 1454 5171; x_wconf 75' lang='grc' dir='ltr'>ἀρῤήτῳ</span> <span class='ocrx_word' id='word_1_702' title='bbox 1482 5096 1665 5171; x_wconf 74' lang='grc' dir='ltr'>μέτρῳ</span> <span class='ocrx_word' id='word_1_703' title='bbox 1692 5097 1991 5168; x_wconf 87' lang='grc' dir='ltr'>ὑπερίδρυ-</span> 
     </span>
     <span class='ocr_line' id='line_1_100' title="bbox 408 5164 1987 5220; baseline 0.001 -1"><span class='ocrx_word' id='word_1_704' title='bbox 408 5182 519 5220; x_wconf 85' lang='grc' dir='ltr'>ται.</span> <span class='ocrx_word' id='word_1_705' title='bbox 549 5164 586 5219; x_wconf 79' lang='lat' dir='ltr'><strong>lt</strong></span> <span class='ocrx_word' id='word_1_706' title='bbox 639 5178 721 5220; x_wconf 81' lang='lat' dir='ltr'><strong>est</strong></span> <span class='ocrx_word' id='word_1_707' title='bbox 751 5185 764 5220; x_wconf 91' lang='lat'><strong>:</strong></span> <span class='ocrx_word' id='word_1_708' title='bbox 800 5187 818 5219; x_wconf 80' lang='grc' dir='ltr'><strong>ι</strong></span> <span class='ocrx_word' id='word_1_709' title='bbox 842 5165 1071 5220; x_wconf 88' lang='lat' dir='ltr'><strong>Omnem</strong></span> <span class='ocrx_word' id='word_1_710' title='bbox 1098 5170 1243 5220; x_wconf 88' lang='lat' dir='ltr'><strong>enim</strong></span> <span class='ocrx_word' id='word_1_711' title='bbox 1279 5184 1564 5220; x_wconf 89' lang='lat' dir='ltr'><strong>numerum</strong></span> <span class='ocrx_word' id='word_1_712' title='bbox 1619 5180 1675 5220; x_wconf 81' lang='lat' dir='ltr'><strong>et</strong></span> <span class='ocrx_word' id='word_1_713' title='bbox 1726 5169 1987 5220; x_wconf 85' lang='lat' dir='ltr'><strong>unitates.</strong></span> 
     </span>
    </p>
   </div>
   <div class='ocr_carea' id='block_1_100' title="bbox 408 5164 1987 5248">
    <p class='ocr_par' dir='ltr' id='par_1_100' title="bbox 408 5164 1987 5248">
     <span class='ocr_line' id='line_1_101' title="bbox 408 5164 1987 5248; baseline 0.003 -29"><span class='ocrx_word' id='word_1_714' title='bbox 408 5164 519 5221; x_wconf 86' lang='grc' dir='ltr'>ται.</span> <span class='ocrx_word' id='word_1_715' title='bbox 549 5164 605 5220; x_wconf 85' lang='lat' dir='ltr'><strong>ld</strong></span> <span class='ocrx_word' id='word_1_716' title='bbox 639 5164 727 5221; x_wconf 80' lang='lat' dir='ltr'><strong>est</strong></span> <span class='ocrx_word' id='word_1_717' title='bbox 751 5185 773 5248; x_wconf 43' lang='grc' dir='ltr'><strong>ε.</strong></span> <span class='ocrx_word' id='word_1_718' title='bbox 800 5187 818 5219; x_wconf 82' lang='grc' dir='ltr'><strong>ι</strong></span> <span class='ocrx_word' id='word_1_719' title='bbox 842 5164 1072 5248; x_wconf 74' lang='lat' dir='ltr'><strong>Omnem</strong></span> <span class='ocrx_word' id='word_1_720' title='bbox 1095 5164 1243 5248; x_wconf 68' lang='lat' dir='ltr'><strong>cnim</strong></span> <span class='ocrx_word' id='word_1_721' title='bbox 1268 5164 1564 5248; x_wconf 53' lang='lat' dir='ltr'><strong>&#39;n&#39;umert&#39;tm</strong></span> <span class='ocrx_word' id='word_1_722' title='bbox 1588 5164 1675 5248; x_wconf 34' lang='grc' dir='ltr'><strong>’.ἐι</strong></span> <span class='ocrx_word' id='word_1_723' title='bbox 1701 5164 1987 5248; x_wconf 78' lang='lat' dir='ltr'><strong>_unitates,</strong></span> 
     </span>
    </p>
   </div>
   <div class='ocr_carea' id='block_1_101' title="bbox 409 5240 1990 5365">
    <p class='ocr_par' dir='ltr' id='par_1_101' title="bbox 409 5240 1990 5365">
     <span class='ocr_line' id='line_1_102' title="bbox 409 5240 1990 5311; baseline 0.004 -21"><span class='ocrx_word' id='word_1_724' title='bbox 409 5253 532 5307; x_wconf 65' lang='lat' dir='ltr'><strong>quae</strong></span> <span class='ocrx_word' id='word_1_725' title='bbox 563 5240 776 5291; x_wconf 91' lang='lat' dir='ltr'><strong>numeri</strong></span> <span class='ocrx_word' id='word_1_726' title='bbox 831 5246 887 5292; x_wconf 82' lang='lat' dir='ltr'><strong>et</strong></span> <span class='ocrx_word' id='word_1_727' title='bbox 915 5240 1094 5295; x_wconf 90' lang='lat' dir='ltr'><strong>omnis</strong></span> <span class='ocrx_word' id='word_1_728' title='bbox 1155 5240 1382 5295; x_wconf 79' lang='lat' dir='ltr'><strong>alterius</strong></span> <span class='ocrx_word' id='word_1_729' title='bbox 1421 5242 1748 5311; x_wconf 88' lang='lat' dir='ltr'><strong>quantitatis</strong></span> <span class='ocrx_word' id='word_1_730' title='bbox 1806 5251 1990 5311; x_wconf 88' lang='lat' dir='ltr'><strong>partes</strong></span> 
     </span>
     <span class='ocr_line' id='line_1_103' title="bbox 409 5307 1990 5365; baseline 0.002 -3"><span class='ocrx_word' id='word_1_731' title='bbox 409 5307 735 5365; x_wconf 84' lang='lat' dir='ltr'><strong>adimolent.</strong></span> <span class='ocrx_word' id='word_1_732' title='bbox 771 5309 999 5363; x_wconf 93' lang='lat' dir='ltr'><strong>omnino</strong></span> <span class='ocrx_word' id='word_1_733' title='bbox 1029 5320 1250 5365; x_wconf 80' lang='lat' dir='ltr'><strong>superat</strong></span> <span class='ocrx_word' id='word_1_734' title='bbox 1281 5310 1540 5365; x_wconf 81' lang='lat' dir='ltr'><strong>inell&#39;abili</strong></span> <span class='ocrx_word' id='word_1_735' title='bbox 1577 5326 1831 5365; x_wconf 83' lang='lat' dir='ltr'><strong>mensura</strong></span> <span class='ocrx_word' id='word_1_736' title='bbox 1888 5327 1990 5365; x_wconf 79' lang='lat' dir='ltr'><strong>nn-</strong></span> 
     </span>
    </p>
   </div>
   <div class='ocr_carea' id='block_1_102' title="bbox 411 5320 1990 5453">
    <p class='ocr_par' dir='ltr' id='par_1_102' title="bbox 411 5320 1990 5453">
     <span class='ocr_line' id='line_1_104' title="bbox 411 5320 1990 5409; baseline -0.001 -47"><span class='ocrx_word' id='word_1_737' title='bbox 411 5320 735 5390; x_wconf 63' lang='lat' dir='ltr'><strong>adtmplent,</strong></span> <span class='ocrx_word' id='word_1_738' title='bbox 771 5322 999 5389; x_wconf 77' lang='lat' dir='ltr'><strong>omnino</strong></span> <span class='ocrx_word' id='word_1_739' title='bbox 1029 5320 1250 5409; x_wconf 66' lang='lat' dir='ltr'><strong>superat</strong></span> <span class='ocrx_word' id='word_1_740' title='bbox 1282 5320 1540 5365; x_wconf 82' lang='lat' dir='ltr'><strong>tnell&#39;abili</strong></span> <span class='ocrx_word' id='word_1_741' title='bbox 1577 5326 1831 5367; x_wconf 85' lang='lat' dir='ltr'><strong>mensura</strong></span> <span class='ocrx_word' id='word_1_742' title='bbox 1888 5327 1990 5381; x_wconf 79' lang='lat' dir='ltr'><strong>np-</strong></span> 
     </span>
     <span class='ocr_line' id='line_1_105' title="bbox 411 5378 1989 5453; baseline 0.001 -20"><span class='ocrx_word' id='word_1_743' title='bbox 411 5387 583 5453; x_wconf 79' lang='lat' dir='ltr'><strong>timus</strong></span> <span class='ocrx_word' id='word_1_744' title='bbox 620 5378 708 5432; x_wconf 80' lang='lat' dir='ltr'><strong>ille</strong></span> <span class='ocrx_word' id='word_1_745' title='bbox 749 5378 1109 5453; x_wconf 70' lang='lat' dir='ltr'><strong>lDlVlﬂ_llaliS|</strong></span> <span class='ocrx_word' id='word_1_746' title='bbox 1156 5381 1496 5452; x_wconf 89' lang='lat' dir='ltr'><strong>principatus</strong></span> <span class='ocrx_word' id='word_1_747' title='bbox 1548 5397 1768 5438; x_wconf 90' lang='lat' dir='ltr'><strong>onmem</strong></span> <span class='ocrx_word' id='word_1_748' title='bbox 1824 5397 1989 5451; x_wconf 84' lang='lat' dir='ltr'><strong>supra</strong></span> 
     </span>
    </p>
   </div>
   <div class='ocr_carea' id='block_1_103' title="bbox 408 5449 1103 5520">
    <p class='ocr_par' dir='ltr' id='par_1_103' title="bbox 408 5449 1103 5520">
     <span class='ocr_line' id='line_1_106' title="bbox 408 5449 1103 5520; baseline 0 -17"><span class='ocrx_word' id='word_1_749' title='bbox 408 5449 778 5520; x_wconf 87' lang='lat' dir='ltr'><strong>principatum</strong></span> <span class='ocrx_word' id='word_1_750' title='bbox 821 5449 1103 5519; x_wconf 59' lang='lat' dir='ltr'><strong>positusJ</strong></span> 
     </span>
    </p>
   </div>
   <div class='ocr_carea' id='block_1_104' title="bbox 481 5520 1989 5592">
    <p class='ocr_par' dir='ltr' id='par_1_104' title="bbox 481 5520 1989 5592">
     <span class='ocr_line' id='line_1_107' title="bbox 481 5520 1989 5592; baseline 0.001 -18"><span class='ocrx_word' id='word_1_751' title='bbox 481 5520 594 5591; x_wconf 82' lang='lat'><strong>(55)</strong></span> <span class='ocrx_word' id='word_1_752' title='bbox 629 5520 736 5573; x_wconf 84' lang='lat' dir='ltr'><strong>Illa</strong></span> <span class='ocrx_word' id='word_1_753' title='bbox 778 5521 915 5574; x_wconf 79' lang='lat' dir='ltr'><strong>enim</strong></span> <span class='ocrx_word' id='word_1_754' title='bbox 961 5522 1194 5591; x_wconf 81' lang='lat' dir='ltr'><strong>perfecta</strong></span> <span class='ocrx_word' id='word_1_755' title='bbox 1258 5523 1403 5592; x_wconf 77' lang='lat' dir='ltr'><strong>quies</strong></span> <span class='ocrx_word' id='word_1_756' title='bbox 1455 5531 1505 5576; x_wconf 82' lang='lat' dir='ltr'><strong>et</strong></span> <span class='ocrx_word' id='word_1_757' title='bbox 1541 5522 1883 5577; x_wconf 77' lang='lat' dir='ltr'><strong>immobilitas</strong></span> <span class='ocrx_word' id='word_1_758' title='bbox 1934 5524 1989 5576; x_wconf 79' lang='lat' dir='ltr'><strong>in</strong></span> 
     </span>
    </p>
   </div>
   <div class='ocr_carea' id='block_1_105' title="bbox 407 5592 1989 5663">
    <p class='ocr_par' dir='ltr' id='par_1_105' title="bbox 407 5592 1989 5663">
     <span class='ocr_line' id='line_1_108' title="bbox 407 5592 1989 5663; baseline 0.002 -19"><span class='ocrx_word' id='word_1_759' title='bbox 407 5592 684 5663; x_wconf 70' lang='lat' dir='ltr'><strong>mansione</strong></span> <span class='ocrx_word' id='word_1_760' title='bbox 699 5602 967 5663; x_wconf 12' lang='lat' dir='ltr'><strong>grranaiet</strong></span> <span class='ocrx_word' id='word_1_761' title='bbox 994 5593 1178 5647; x_wconf 80' lang='lat' dir='ltr'><strong>abdita</strong></span> <span class='ocrx_word' id='word_1_762' title='bbox 1198 5608 1315 5663; x_wconf 68' lang='lat' dir='ltr'><strong>qua;</strong></span> <span class='ocrx_word' id='word_1_763' title='bbox 1331 5595 1569 5662; x_wconf 74' lang='lat' dir='ltr'><strong>expromi</strong></span> <span class='ocrx_word' id='word_1_764' title='bbox 1592 5611 1695 5646; x_wconf 87' lang='lat' dir='ltr'><strong>non</strong></span> <span class='ocrx_word' id='word_1_765' title='bbox 1713 5603 1902 5662; x_wconf 79' lang='lat' dir='ltr'><strong>potest.</strong></span> <span class='ocrx_word' id='word_1_766' title='bbox 1924 5592 1989 5647; x_wconf 84' lang='grc' dir='ltr'>Ἡ</span> 
     </span>
    </p>
   </div>
   <div class='ocr_carea' id='block_1_106' title="bbox 409 5659 1988 5735">
    <p class='ocr_par' dir='ltr' id='par_1_106' title="bbox 409 5659 1988 5735">
     <span class='ocr_line' id='line_1_109' title="bbox 409 5659 1988 5735; baseline 0.001 -22"><span class='ocrx_word' id='word_1_767' title='bbox 409 5661 595 5735; x_wconf 73' lang='grc' dir='ltr'>γὰρ-ὲν</span> <span class='ocrx_word' id='word_1_768' title='bbox 608 5664 675 5735; x_wconf 78' lang='grc' dir='ltr'><strong>τῇ</strong></span> <span class='ocrx_word' id='word_1_769' title='bbox 698 5659 840 5734; x_wconf 83' lang='lat' dir='ltr'><strong>[lego</strong></span> <span class='ocrx_word' id='word_1_770' title='bbox 980 5659 1243 5735; x_wconf 79' lang='grc' dir='ltr'>ἀφράστῴ</span> <span class='ocrx_word' id='word_1_771' title='bbox 1256 5662 1355 5735; x_wconf 69' lang='grc' dir='ltr'>τῆς</span> <span class='ocrx_word' id='word_1_772' title='bbox 1367 5659 1731 5734; x_wconf 77' lang='grc' dir='ltr'>κρυφιότητος</span> <span class='ocrx_word' id='word_1_773' title='bbox 1748 5664 1883 5734; x_wconf 84' lang='grc' dir='ltr'>μονὴ</span> <span class='ocrx_word' id='word_1_774' title='bbox 1897 5665 1988 5716; x_wconf 76' lang='grc' dir='ltr'>καὶ</span> 
     </span>
    </p>
   </div>
   <div class='ocr_carea' id='block_1_107' title="bbox 406 5730 1986 5806">
    <p class='ocr_par' dir='ltr' id='par_1_107' title="bbox 406 5730 1986 5806">
     <span class='ocr_line' id='line_1_110' title="bbox 406 5730 1986 5806; baseline 0.001 -21"><span class='ocrx_word' id='word_1_775' title='bbox 406 5730 679 5804; x_wconf 77' lang='grc' dir='ltr'>παντελὴς</span> <span class='ocrx_word' id='word_1_776' title='bbox 701 5730 989 5806; x_wconf 69' lang='grc' dir='ltr'>ἀκινησία.</span> <span class='ocrx_word' id='word_1_777' title='bbox 1026 5730 1080 5789; x_wconf 83' lang='lat' dir='ltr'><strong>Id</strong></span> <span class='ocrx_word' id='word_1_778' title='bbox 1108 5730 1227 5790; x_wconf 75' lang='lat' dir='ltr'><strong>esti</strong></span> <span class='ocrx_word' id='word_1_779' title='bbox 1258 5752 1273 5785; x_wconf 85' lang='grc' dir='ltr'><strong>ι</strong></span> <span class='ocrx_word' id='word_1_780' title='bbox 1314 5730 1449 5787; x_wconf 83' lang='lat' dir='ltr'><strong>Nam</strong></span> <span class='ocrx_word' id='word_1_781' title='bbox 1468 5730 1681 5787; x_wconf 83' lang='lat' dir='ltr'><strong>mansio</strong></span> <span class='ocrx_word' id='word_1_782' title='bbox 1702 5730 1760 5787; x_wconf 77' lang='lat' dir='ltr'><strong>in</strong></span> <span class='ocrx_word' id='word_1_783' title='bbox 1774 5730 1986 5791; x_wconf 73' lang='lat' dir='ltr'><strong>secreto</strong></span> 
     </span>
    </p>
   </div>
   <div class='ocr_carea' id='block_1_108' title="bbox 2097 4880 3438 4952">
    <p class='ocr_par' dir='ltr' id='par_1_108' title="bbox 2097 4880 3438 4952">
     <span class='ocr_line' id='line_1_111' title="bbox 2097 4880 3438 4952; baseline -0.004 -12"><span class='ocrx_word' id='word_1_784' title='bbox 2097 4882 2381 4948; x_wconf 73' lang='lat' dir='ltr'><strong>ineffabili,</strong></span> <span class='ocrx_word' id='word_1_785' title='bbox 2443 4890 2496 4937; x_wconf 87' lang='lat' dir='ltr'><strong>et</strong></span> <span class='ocrx_word' id='word_1_786' title='bbox 2551 4881 2790 4952; x_wconf 88' lang='lat' dir='ltr'><strong>perfecta</strong></span> <span class='ocrx_word' id='word_1_787' title='bbox 2843 4882 2935 4938; x_wconf 87' lang='lat' dir='ltr'><strong>illa</strong></span> <span class='ocrx_word' id='word_1_788' title='bbox 3002 4880 3382 4937; x_wconf 84' lang='lat' dir='ltr'><strong>immobilitas.</strong></span> <span class='ocrx_word' id='word_1_789' title='bbox 3417 4899 3438 4934; x_wconf 73' lang='grc' dir='ltr'><strong>ι</strong></span> 
     </span>
    </p>
   </div>
   <div class='ocr_carea' id='block_1_109' title="bbox 2167 4951 3686 5038">
    <p class='ocr_par' dir='ltr' id='par_1_109' title="bbox 2167 4951 3686 5038">
     <span class='ocr_line' id='line_1_112' title="bbox 2167 4951 3686 5038; baseline 0.001 -30"><span class='ocrx_word' id='word_1_790' title='bbox 2167 4954 2280 5038; x_wconf 66' lang='grc'>(56)</span> <span class='ocrx_word' id='word_1_791' title='bbox 2313 4951 2603 5038; x_wconf 35' lang='lat' dir='ltr'><strong>Coniunﬂcte</strong></span> <span class='ocrx_word' id='word_1_792' title='bbox 2633 4965 2681 5009; x_wconf 87' lang='lat' dir='ltr'><strong>et</strong></span> <span class='ocrx_word' id='word_1_793' title='bbox 2710 4957 2963 5038; x_wconf 69' lang='lat' dir='ltr'><strong>copulate</strong></span> <span class='ocrx_word' id='word_1_794' title='bbox 2981 4954 3393 5038; x_wconf 56' lang='lat' dir='ltr'><strong>contemplatur.</strong></span> <span class='ocrx_word' id='word_1_795' title='bbox 3430 4951 3534 5038; x_wconf 73' lang='grc' dir='ltr'><strong>Ηίς</strong></span> <span class='ocrx_word' id='word_1_796' title='bbox 3567 4971 3686 5009; x_wconf 73' lang='lat' dir='ltr'><strong>vero</strong></span> 
     </span>
    </p>
   </div>
   <div class='ocr_carea' id='block_1_110' title="bbox 2088 5023 3684 5094">
    <p class='ocr_par' dir='ltr' id='par_1_110' title="bbox 2088 5023 3684 5094">
     <span class='ocr_line' id='line_1_113' title="bbox 2088 5023 3684 5094; baseline -0.001 -15"><span class='ocrx_word' id='word_1_797' title='bbox 2088 5023 2299 5079; x_wconf 74' lang='lat' dir='ltr'><strong>unitum</strong></span> <span class='ocrx_word' id='word_1_798' title='bbox 2333 5039 2383 5078; x_wconf 82' lang='lat' dir='ltr'><strong>et</strong></span> <span class='ocrx_word' id='word_1_799' title='bbox 2414 5025 2682 5094; x_wconf 80' lang='lat' dir='ltr'><strong>deiﬁcum,</strong></span> <span class='ocrx_word' id='word_1_800' title='bbox 2744 5034 2854 5079; x_wconf 84' lang='lat' dir='ltr'><strong>etc.</strong></span> <span class='ocrx_word' id='word_1_801' title='bbox 2900 5024 3004 5093; x_wconf 83' lang='grc' dir='ltr'>τῆς</span> <span class='ocrx_word' id='word_1_802' title='bbox 3034 5023 3211 5093; x_wconf 87' lang='grc' dir='ltr'>μονῆς</span> <span class='ocrx_word' id='word_1_803' title='bbox 3266 5023 3365 5094; x_wconf 77' lang='grc' dir='ltr'>καὶ</span> <span class='ocrx_word' id='word_1_804' title='bbox 3424 5025 3684 5086; x_wconf 76' lang='grc' dir='ltr'>στάσεως</span> 
     </span>
    </p>
   </div>
   <div class='ocr_carea' id='block_1_111' title="bbox 2089 5093 3687 5168">
    <p class='ocr_par' dir='ltr' id='par_1_111' title="bbox 2089 5093 3687 5168">
     <span class='ocr_line' id='line_1_114' title="bbox 2089 5093 3687 5168; baseline -0.001 -19"><span class='ocrx_word' id='word_1_805' title='bbox 2089 5097 2184 5168; x_wconf 75' lang='grc' dir='ltr'>καὶ</span> <span class='ocrx_word' id='word_1_806' title='bbox 2230 5096 2535 5168; x_wconf 77' lang='grc' dir='ltr'>ἀκινησίας</span> <span class='ocrx_word' id='word_1_807' title='bbox 2587 5095 2649 5168; x_wconf 72' lang='grc' dir='ltr'><strong>το</strong></span> <span class='ocrx_word' id='word_1_808' title='bbox 2682 5095 3056 5168; x_wconf 71' lang='grc' dir='ltr'>συνῃρημένον</span> <span class='ocrx_word' id='word_1_809' title='bbox 3068 5093 3430 5168; x_wconf 21' lang='grc' dir='ltr'>*ἐποπτεύει-’ρ</span> <span class='ocrx_word' id='word_1_810' title='bbox 3451 5094 3687 5148; x_wconf 73' lang='grc' dir='ltr'>ἐνταῦθα</span> 
     </span>
    </p>
   </div>
   <div class='ocr_carea' id='block_1_112' title="bbox 2088 5161 3683 5248">
    <p class='ocr_par' dir='ltr' id='par_1_112' title="bbox 2088 5161 3683 5248">
     <span class='ocr_line' id='line_1_115' title="bbox 2088 5161 3683 5248; baseline 0 -29"><span class='ocrx_word' id='word_1_811' title='bbox 2088 5166 2146 5220; x_wconf 77' lang='grc' dir='ltr'>δὲ</span> <span class='ocrx_word' id='word_1_812' title='bbox 2171 5166 2289 5248; x_wconf 41' lang='grc' dir='ltr'>,τὴν</span> <span class='ocrx_word' id='word_1_813' title='bbox 2321 5161 2525 5248; x_wconf 69' lang='grc' dir='ltr'>ἑνοειδῆ</span> <span class='ocrx_word' id='word_1_814' title='bbox 2559 5161 2988 5248; x_wconf 27' lang='grc' dir='ltr'>και-θεό-ἰξρῆόν.</span> <span class='ocrx_word' id='word_1_815' title='bbox 3024 5163 3080 5248; x_wconf 85' lang='lat' dir='ltr'><strong>Id</strong></span> <span class='ocrx_word' id='word_1_816' title='bbox 3116 5172 3202 5248; x_wconf 70' lang='lat' dir='ltr'><strong>est</strong></span> <span class='ocrx_word' id='word_1_817' title='bbox 3232 5182 3245 5218; x_wconf 92' lang='lat'><strong>:</strong></span> <span class='ocrx_word' id='word_1_818' title='bbox 3320 5183 3337 5216; x_wconf 78' lang='grc' dir='ltr'><strong>ι</strong></span> <span class='ocrx_word' id='word_1_819' title='bbox 3382 5161 3683 5248; x_wconf 71' lang='grc' dir='ltr'>Μειηειοιιίε</span> 
     </span>
    </p>
   </div>
   <div class='ocr_carea' id='block_1_113' title="bbox 2089 5236 3684 5307">
    <p class='ocr_par' dir='ltr' id='par_1_113' title="bbox 2089 5236 3684 5307">
     <span class='ocr_line' id='line_1_116' title="bbox 2089 5236 3684 5307; baseline 0 -16"><span class='ocrx_word' id='word_1_820' title='bbox 2089 5236 2315 5307; x_wconf 88' lang='lat' dir='ltr'><strong>quietis,</strong></span> <span class='ocrx_word' id='word_1_821' title='bbox 2360 5236 2861 5307; x_wconf 9' lang='lat' dir='ltr'><strong>“etimmobilitati’s</strong></span> <span class='ocrx_word' id='word_1_822' title='bbox 2929 5236 3372 5307; x_wconf 80' lang='lat' dir='ltr'><strong>contractionem</strong></span> <span class='ocrx_word' id='word_1_823' title='bbox 3430 5246 3684 5290; x_wconf 80' lang='lat' dir='ltr'><strong>content-</strong></span> 
     </span>
    </p>
   </div>
   <div class='ocr_carea' id='block_1_114' title="bbox 2089 5304 3572 5378">
    <p class='ocr_par' dir='ltr' id='par_1_114' title="bbox 2089 5304 3572 5378">
     <span class='ocr_line' id='line_1_117' title="bbox 2089 5304 3572 5378; baseline -0.003 -16"><span class='ocrx_word' id='word_1_824' title='bbox 2089 5304 2271 5378; x_wconf 83' lang='lat' dir='ltr'><strong>platur</strong></span> <span class='ocrx_word' id='word_1_825' title='bbox 2311 5322 2324 5378; x_wconf 63' lang='grc' dir='ltr'>ξ</span> <span class='ocrx_word' id='word_1_826' title='bbox 2355 5306 2455 5361; x_wconf 87' lang='lat' dir='ltr'><strong>llic</strong></span> <span class='ocrx_word' id='word_1_827' title='bbox 2486 5307 2986 5378; x_wconf 15' lang='lat' dir='ltr'><strong>verorunil’ormem</strong></span> <span class='ocrx_word' id='word_1_828' title='bbox 3022 5316 3077 5361; x_wconf 92' lang='lat' dir='ltr'><strong>et</strong></span> <span class='ocrx_word' id='word_1_829' title='bbox 3102 5304 3377 5378; x_wconf 60' lang='lat' dir='ltr'><strong>deificam.</strong></span> <span class='ocrx_word' id='word_1_830' title='bbox 3412 5315 3572 5378; x_wconf 62' lang='lat' dir='ltr'><strong>etc.»</strong></span> 
     </span>
    </p>
   </div>
   <div class='ocr_carea' id='block_1_115' title="bbox 2164 5376 3683 5449">
    <p class='ocr_par' dir='ltr' id='par_1_115' title="bbox 2164 5376 3683 5449">
     <span class='ocr_line' id='line_1_118' title="bbox 2164 5376 3683 5449; baseline -0.002 -17"><span class='ocrx_word' id='word_1_831' title='bbox 2164 5379 2278 5449; x_wconf 81' lang='lat'><strong>(57)</strong></span> <span class='ocrx_word' id='word_1_832' title='bbox 2299 5377 2749 5449; x_wconf 75' lang='lat' dir='ltr'><strong>Inseparabilem,</strong></span> <span class='ocrx_word' id='word_1_833' title='bbox 2777 5387 2878 5449; x_wconf 82' lang='lat' dir='ltr'><strong>etc.</strong></span> <span class='ocrx_word' id='word_1_834' title='bbox 2912 5378 3018 5449; x_wconf 80' lang='lat' dir='ltr'><strong>Deo</strong></span> <span class='ocrx_word' id='word_1_835' title='bbox 3050 5376 3263 5449; x_wconf 67' lang='lat' dir='ltr'><strong>aspicit.</strong></span> <span class='ocrx_word' id='word_1_836' title='bbox 3293 5376 3407 5449; x_wconf 60' lang='grc' dir='ltr'>ξιξὴν</span> <span class='ocrx_word' id='word_1_837' title='bbox 3425 5376 3683 5449; x_wconf 56' lang='grc' dir='ltr'>ἀδιάσταέ</span> 
     </span>
    </p>
   </div>
   <div class='ocr_carea' id='block_1_116' title="bbox 2090 5446 3684 5518">
    <p class='ocr_par' dir='ltr' id='par_1_116' title="bbox 2090 5446 3684 5518">
     <span class='ocr_line' id='line_1_119' title="bbox 2090 5446 3684 5518; baseline -0.002 -17"><span class='ocrx_word' id='word_1_838' title='bbox 2090 5446 2181 5502; x_wconf 79' lang='grc' dir='ltr'><strong>τον</strong></span> <span class='ocrx_word' id='word_1_839' title='bbox 2206 5446 2267 5501; x_wconf 78' lang='grc' dir='ltr'>ἐν</span> <span class='ocrx_word' id='word_1_840' title='bbox 2296 5449 2579 5518; x_wconf 82' lang='grc' dir='ltr'>ἀκινήτοις</span> <span class='ocrx_word' id='word_1_841' title='bbox 2609 5447 2944 5518; x_wconf 83' lang='grc' dir='ltr'>ὑποστάσεσι</span> <span class='ocrx_word' id='word_1_842' title='bbox 2961 5446 3176 5518; x_wconf 86' lang='grc' dir='ltr'>κίνησιν</span> <span class='ocrx_word' id='word_1_843' title='bbox 3201 5446 3473 5518; x_wconf 36' lang='grc' dir='ltr'>ἀρρήτως-</span> <span class='ocrx_word' id='word_1_844' title='bbox 3498 5463 3570 5518; x_wconf 28' lang='grc' dir='ltr'>Ᾱτε</span> <span class='ocrx_word' id='word_1_845' title='bbox 3592 5448 3684 5499; x_wconf 80' lang='grc' dir='ltr'>καὶ</span> 
     </span>
    </p>
   </div>
   <div class='ocr_carea' id='block_1_117' title="bbox 2089 5514 3689 5590">
    <p class='ocr_par' dir='ltr' id='par_1_117' title="bbox 2089 5514 3689 5590">
     <span class='ocr_line' id='line_1_120' title="bbox 2089 5514 3689 5590; baseline -0.003 -16"><span class='ocrx_word' id='word_1_846' title='bbox 2089 5519 2221 5590; x_wconf 78' lang='grc' dir='ltr'>ῥοῆς</span> <span class='ocrx_word' id='word_1_847' title='bbox 2249 5518 2425 5590; x_wconf 65' lang='grc' dir='ltr'><strong>χωρὶςΔ</strong></span> <span class='ocrx_word' id='word_1_848' title='bbox 2445 5514 2688 5590; x_wconf 67' lang='grc' dir='ltr'>’ἀπάσης</span> <span class='ocrx_word' id='word_1_849' title='bbox 2720 5514 3403 5590; x_wconf 41' lang='grc' dir='ltr'>θεοπρεπῶςξὲπιϐλέπέι.</span> <span class='ocrx_word' id='word_1_850' title='bbox 3457 5514 3513 5590; x_wconf 68' lang='lat' dir='ltr'><strong>id</strong></span> <span class='ocrx_word' id='word_1_851' title='bbox 3550 5526 3635 5571; x_wconf 84' lang='lat' dir='ltr'><strong>est</strong></span> <span class='ocrx_word' id='word_1_852' title='bbox 3667 5534 3689 5583; x_wconf 58' lang='lat'><strong>:~</strong></span> 
     </span>
    </p>
   </div>
   <div class='ocr_carea' id='block_1_118' title="bbox 2093 5587 3678 5658">
    <p class='ocr_par' dir='ltr' id='par_1_118' title="bbox 2093 5587 3678 5658">
     <span class='ocr_line' id='line_1_121' title="bbox 2093 5587 3678 5658; baseline 0.001 -19"><span class='ocrx_word' id='word_1_853' title='bbox 2093 5587 2577 5658; x_wconf 33' lang='lat' dir='ltr'><strong>&#39;clnse’pa&#39;rabilem</strong></span> <span class='ocrx_word' id='word_1_854' title='bbox 2621 5588 2674 5641; x_wconf 91' lang='lat' dir='ltr'><strong>in</strong></span> <span class='ocrx_word' id='word_1_855' title='bbox 2725 5587 2979 5658; x_wconf 89' lang='lat' dir='ltr'><strong>personis</strong></span> <span class='ocrx_word' id='word_1_856' title='bbox 3042 5587 3289 5642; x_wconf 88' lang='lat' dir='ltr'><strong>immotis</strong></span> <span class='ocrx_word' id='word_1_857' title='bbox 3352 5588 3678 5658; x_wconf 85' lang='lat' dir='ltr'><strong>motionem,</strong></span> 
     </span>
    </p>
   </div>
   <div class='ocr_carea' id='block_1_119' title="bbox 2088 5657 3685 5731">
    <p class='ocr_par' dir='ltr' id='par_1_119' title="bbox 2088 5657 3685 5731">
     <span class='ocr_line' id='line_1_122' title="bbox 2088 5657 3685 5731; baseline -0.001 -16"><span class='ocrx_word' id='word_1_858' title='bbox 2088 5657 2438 5715; x_wconf 73' lang='lat' dir='ltr'><strong>inelfaliiliter</strong></span> <span class='ocrx_word' id='word_1_859' title='bbox 2471 5670 2526 5715; x_wconf 92' lang='lat' dir='ltr'><strong>et</strong></span> <span class='ocrx_word' id='word_1_860' title='bbox 2554 5657 2763 5731; x_wconf 79' lang='lat' dir='ltr'><strong>absque</strong></span> <span class='ocrx_word' id='word_1_861' title='bbox 2792 5659 2947 5715; x_wconf 91' lang='lat' dir='ltr'><strong>omni</strong></span> <span class='ocrx_word' id='word_1_862' title='bbox 2980 5659 3153 5730; x_wconf 84' lang='lat' dir='ltr'><strong>ﬂuxu,</strong></span> <span class='ocrx_word' id='word_1_863' title='bbox 3188 5664 3356 5728; x_wconf 90' lang='lat' dir='ltr'><strong>prout</strong></span> <span class='ocrx_word' id='word_1_864' title='bbox 3388 5657 3560 5715; x_wconf 85' lang='lat' dir='ltr'><strong>Deum</strong></span> <span class='ocrx_word' id='word_1_865' title='bbox 3587 5659 3685 5713; x_wconf 84' lang='lat' dir='ltr'><strong>de-</strong></span> 
     </span>
    </p>
   </div>
   <div class='ocr_carea' id='block_1_120' title="bbox 2087 5732 2498 5800">
    <p class='ocr_par' dir='ltr' id='par_1_120' title="bbox 2087 5732 2498 5800">
     <span class='ocr_line' id='line_1_123' title="bbox 2087 5732 2498 5800; baseline -0.015 -12"><span class='ocrx_word' id='word_1_866' title='bbox 2087 5739 2193 5799; x_wconf 87' lang='lat' dir='ltr'><strong>cet,</strong></span> <span class='ocrx_word' id='word_1_867' title='bbox 2226 5732 2440 5800; x_wconf 88' lang='lat' dir='ltr'><strong>aspicit.</strong></span> <span class='ocrx_word' id='word_1_868' title='bbox 2480 5750 2498 5782; x_wconf 76' lang='grc' dir='ltr'><strong>ι</strong></span> 
     </span>
    </p>
   </div>
  </div>
