3908 6214
309 297 408 361 901
1108 300 1209 359 AD
1240 295 1833 360 AMPHILOCHIUM
1870 295 2215 369 ΟΗᾹΞΞΤΙΟ
2244 295 2617 357 CLXXXIII.
3474 303 3582 365 902

311 413 390 473 εἰς
427 406 639 481 οεοειδῆ
681 411 889 482 μονάδα
934 411 1357 483 συναπτόμεθα,
1414 411 1511 465 καὶ
1562 410 1897 483 θεομίμητον

2003 420 2259 481 tanquam
2307 410 2507 466 uniﬁca
2552 408 2817 480 potentia,
2862 408 3135 466 eftlcimur
3165 427 3356 476 unum.
3386 413 3502 485 (58)
3532 426 3587 472 et

310 502 526 557 ἕνωσιν.

284 737 300 771 ρ
380 778 583 850 Τριάδα
611 778 668 833 δὲ
689 820 705 845 ,
730 778 971 852 πρόσχες
991 796 1006 811 ’
1032 780 1095 835 ού
1126 780 1234 854 γάρ
1262 782 1338 844 ὠς
1365 779 1676 853 ἀριθμητήν
1706 797 1892 852 φησιν,

309 870 444 923 ἀλλά
470 869 559 925 διὰ
589 869 688 941 τὴν
715 871 1145 942 τρισυπόστατον
1183 872 1284 943 τῆς
1315 872 1642 942 ύπερουσίου
1674 872 1897 943 γονιμό-

308 979 470 1034 τητος
509 963 761 1032 ἔκφασιν,
807 964 868 1029 ἐξ
911 959 979 1034 ἧς
1015 966 1165 1018 πᾶσα
1212 966 1421 1037 πατριά
1462 967 1519 1019 ὲν
1548 965 1767 1038 οὐρανῷ
1801 964 1897 1020 καὶ

310 1057 404 1109 ἐπὶ
435 1057 540 1127 γῆς
567 1056 684 1111 ἔστι
720 1074 780 1111 τε
825 1058 919 1111 καὶ
939 1056 1303 1127 ὀνομάζεται⁸
1338 1059 1433 1112 καὶ
1461 1058 1633 1113 πολλά
1668 1059 1898 1113 τοιαῦτά

310 1149 461 1201 ὲστιν
491 1148 642 1220 παρά
682 1147 763 1220 τῷ
808 1148 1083 1219 θεσπεσίῳ
1115 1148 1222 1202 τῶν
1272 1148 1520 1204 ἀθεάτων
1559 1149 1773 1222 θεωρῷ,
1802 1150 1897 1203 καὶ

309 1242 409 1310 τῆς
437 1239 650 1294 Παύλου
680 1239 1074 1309 μυσταγωγίας
1098 1239 1328 1312 ἐπαξίῳ.
1354 1241 1478 1295 Ὀτι
1500 1240 1559 1295 δὲ
1581 1241 1642 1294 ού
1666 1242 1775 1294 τῶν
1795 1257 1897 1295 κυ-

314 1330 446 1401 ρίως
475 1331 797 1404 ἀριθμητῶν
836 1334 871 1404 ἡ
914 1333 1085 1404 Τριάς
1112 1332 1177 1387 ἔκ
1203 1351 1265 1387 τε
1305 1334 1415 1387 τῶν
1441 1334 1749 1405 εἰρημένων
1779 1333 1897 1387 ἐστι

310 1423 561 1495 Θεωρεῖν,
600 1425 695 1478 καί
729 1422 879 1477 ἄλλοι
910 1423 1159 1496 διάφοροι
1192 1423 1415 1494 δηλοῦσι
1448 1423 1618 1493 λόγοι.
1653 1424 1765 1478 Καὶ
1789 1424 1897 1498 γὰρ

309 1513 406 1566 ἐπὶ
451 1513 559 1568 τῶν
600 1513 807 1586 κυρίως
848 1515 1191 1587 άριθμητῶν,
1236 1509 1351 1570 οἷον
1388 1514 1718 1587 ἀνθρώπων,
1762 1515 1897 1589 φέρε

311 1607 510 1672 εἰπεῖν,
534 1607 568 1678 ἢ
593 1608 864 1678 ἀγγέλων,
887 1609 921 1680 ἢ
952 1609 1164 1680 μυρίων
1183 1608 1361 1664 ἄλλων
1382 1607 1663 1679 δυνάμεθα
1691 1608 1895 1678 λέγειν,

312 1698 407 1751 καὶ
455 1699 616 1768 τριὰς
670 1699 925 1769 ἀγγέλων
983 1701 1081 1754 καὶ
1160 1703 1321 1772 τριὰς
1377 1699 1711 1771 ἀνθρώπων,
1764 1699 1901 1755 ἀλλά

2001 502 2205 557 nostris
2231 501 2644 558 diversitatibus
2676 503 2861 558 divine
2890 503 3232 574 complicatis
3252 514 3308 560 et
3338 505 3392 561 in
3416 522 3584 563 unum

2002 594 2331 658 convolutis,
2368 593 2422 648 in
2460 594 2725 649 unitatem
2748 592 2841 649 Dei
2873 594 3132 659 similem,
3167 604 3221 651 et
3252 598 3579 662 unitionem,

2001 699 2124 757 qua:
2158 685 2328 741 Deum
2359 684 2624 752 imitatur,
2655 686 2998 755 copulamur.

2073 778 2395 833 Trinitatem
2428 793 2561 834 vero
2591 778 2828 844 attende,
2867 779 2979 850 (59)
3014 796 3119 836 non
3147 782 3294 837 enim
3325 790 3582 854 tanquam

2002 872 2361 937 numerabile,
2416 871 2580 939 dicit,
2636 872 2732 929 sed
2800 881 3023 944 pr0pter
3080 875 3581 933 manifestationem

2002 963 2169 1019 trium
2193 979 2552 1035 personarum
2575 981 2630 1021 In
2654 962 2745 1021 illa
2764 980 2928 1037 supra
2950 974 3201 1021 naturam
3229 965 3584 1037 fecunditate,

2001 1071 2068 1112 ex
2101 1073 2209 1129 qua
2246 1058 2428 1115 omnis
2470 1058 2768 1130 paternitas
2812 1058 2867 1113 in
2900 1059 3043 1116 coelo
3066 1060 3205 1116 etin
3246 1070 3388 1117 terra
3420 1072 3500 1119 est
3532 1073 3588 1119 et

2002 1151 2339 1207 nominatur.
2374 1150 2439 1205 Et
2467 1152 2636 1208 multa
2667 1152 2774 1207 alia
2820 1152 3139 1224 huiusmodi
3181 1153 3309 1209 licet
3346 1156 3587 1226 reperire

2001 1241 2143 1311 apud
2187 1241 2433 1296 divinum
2480 1241 2955 1313 inaspectabilium
2997 1253 3395 1316 spectatorem,
3426 1257 3482 1302 et
3530 1248 3585 1302 in

2003 1335 2280 1404 mysteriis
2313 1334 2467 1389 Pauli
2519 1336 2864 1392 institutione
2913 1336 3163 1408 dignum.
3200 1336 3356 1404 Quod
3398 1350 3583 1395 autem

2004 1425 2242 1484 Trinitas
2273 1443 2381 1483 non
2420 1428 2492 1484 sit
2519 1430 2741 1500 pr0prie
2786 1413 3232 1497 numerabilium,
3265 1439 3381 1486 tum
3419 1448 3485 1487 ex
3516 1432 3585 1489 iis

2004 1535 2127 1591 quae
2154 1520 2299 1576 dicta
2325 1530 2454 1577 sunt
2485 1521 2611 1578 licet
2640 1536 2975 1593 cognoscere
3005 1539 3020 1578 :
3053 1533 3166 1578 tum
3191 1524 3311 1579 alia:
3344 1524 3585 1581 rationes

2004 1615 2154 1669 varie
2186 1614 2486 1681 declarant,
2531 1616 2797 1686 siquidem
2830 1615 2897 1687 |in
2945 1616 3048 1682 iis,
3074 1632 3197 1686 quas
3234 1618 3452 1688 proprie
3480 1634 3584 1673 nu-

2004 1704 2206 1760 merari
2255 1715 2506 1775 possunt,
2553 1714 2636 1770 ut,
2669 1706 2819 1761 verbi
2853 1707 3051 1776 gratia,
3087 1704 3143 1762 in
3190 1696 3506 1763 hominibus
3530 1719 3585 1765 et

312 1793 410 1843 καὶ
438 1792 585 1862 τρεῖς
615 1791 859 1861 ἄγγελοι,
896 1791 992 1847 καὶ
1027 1791 1178 1866 τρεῖς
1212 1790 1516 1864 ἄνθρωποι.
1558 1792 1683 1845 Ἐπὶ
1711 1792 1769 1846 δὲ
1799 1795 1897 1864 τῆς

2003 1795 2229 1867 angelis,
2260 1805 2315 1852 et
2367 1796 2621 1852 similiter
2663 1797 2716 1852 in
2767 1797 2999 1853 inﬁnitis
3027 1799 3151 1854 aliis
3179 1798 3361 1855 dicere
3386 1815 3585 1871 possu-

313 1881 457 1954 ὑπὲρ
489 1882 670 1938 πάντα
704 1883 830 1938 νοῦν
862 1886 958 1939 καὶ
996 1883 1234 1956 ἀριθμὸν
1273 1884 1581 1955 ὑπεραγίας
1626 1884 1857 1958 Τριάδος
1880 1924 1896 1950 ,

311 1972 439 2028 οὔτε
505 1974 678 2046 Τριάς
725 1976 866 2032 θεῶν
915 1977 1123 2030 εἴποιεν
1159 1975 1179 2017 ί
1229 1976 1296 2032 ἄν
1340 1993 1424 2040 τις
1468 1976 1731 2041 εὐσεϐῶν,
1782 1976 1897 2032 ἀλλ’

312 2066 436 2120 οὐδὲ
462 2070 612 2136 τρεῖς
634 2067 768 2124 θεοί.
796 2069 965 2123 Πάλιν
987 2070 1057 2124 τά
1080 2071 1140 2124 ὲν
1168 2073 1234 2142 τῇ
1261 2068 1541 2141 ὑπεραγίᾳ
1571 2070 1666 2123 καὶ
1709 2071 1901 2141 ὀμοου-

314 2155 419 2225 σίῳ
449 2155 642 2226 Τριάδι
692 2154 1081 2228 λαμϐανόμενα
1111 2158 1405 2231 πρόσωπα,
1437 2158 1678 2230 φανερὸν
1725 2158 1801 2223 ὡς
1831 2160 1898 2214 δι’

308 2246 562 2318 ἀλλήλων
583 2248 683 2312 τὰς
702 2249 975 2319 ἰδιότητας
996 2250 1305 2321 ἀχράντους
1331 2250 1430 2305 καὶ⁸
1448 2252 1756 2323 ἀκηράτους
1784 2250 1899 2305 δια-

310 2338 559 2403 σῶζοντα
591 2342 780 2412 χωρεῖ.
815 2341 1023 2413 Πληροϊ
1067 2341 1137 2396 τὰ
1167 2343 1348 2397 πάντα
1381 2345 1410 2397 ὁ
1439 2344 1633 2414 Πατὴρ
1660 2384 1675 2409 ,
1700 2342 1901 2415 πληροῖ

308 2432 384 2483 τὰ
417 2432 596 2486 πάντα
619 2433 646 2484 ὁ
675 2433 834 2499 Υἱὸς,
872 2432 1135 2497 ὡσαύτως
1162 2436 1257 2489 καὶ
1284 2434 1348 2489 τδ
1374 2435 1601 2506 Πνεῦμα
1630 2436 1690 2490 τὸ
1720 2436 1897 2505 ἆγιον.

310 2522 429 2576 Καὶ
455 2525 515 2576 τὸ
544 2525 836 2591 ἀνάπαλιν,
864 2524 994 2579 ἔνθα
1026 2526 1261 2596 πάρεστι
1288 2526 1351 2580 τὸ
1378 2527 1605 2596 Πνεῦμα
1626 2567 1642 2589 .
1668 2530 1785 2582 ὲκεί
1807 2530 1900 2583 καὶ

306 2617 339 2667 ὁ
369 2617 561 2687 Πατὴρ
583 2658 598 2683 ,
646 2618 741 2671 καὶ
769 2619 799 2671 ὁ
844 2617 1004 2681 Υἱός*
1036 2619 1175 2673 ἀλλά
1216 2620 1307 2674 καὶ
1348 2620 1407 2673 ὲν
1443 2616 1527 2683 οἷς
1569 2622 1832 2693 πάρεστιν
1870 2621 1900 2674 ὁ

308 2706 466 2771 Υἱὸς,
499 2709 836 2781 συμπάρεισι
866 2708 961 2762 καὶ
992 2710 1022 2762 ὁ
1054 2709 1246 2782 Πατὴρ
1272 2711 1368 2765 καὶ
1395 2711 1457 2765 τὸ
1484 2710 1730 2782 Πνεῦμα.
1777 2712 1901 2765 Ἐπὶ

306 2796 369 2851 δὲ
414 2798 523 2853 τῶν
557 2801 761 2873 κυρίως
788 2800 1113 2873 ἀριθμητῶν
1143 2802 1297 2858 οὐδὲν
1324 2802 1456 2859 -ἐστι
1496 2803 1737 2858 τοιοῦτον
1776 2804 1899 2859 οὐδὲ

308 2891 536 2950 ἐννοεῖν.

389 3074 509 3127 Ἔτι
538 3073 595 3127 δὲ
617 3074 711 3128 ἐπὶ
735 3074 846 3129 τῶν
874 3075 1081 3148 κυρίως
1113 3075 1456 3148 ἀριθμητῶν,
1484 3075 1580 3129 καὶ
1609 3074 1895 3147 προσθήκη

2002 1903 2147 1956 mus,
2178 1888 2477 1944 trinitatem
2510 1889 2833 1961 angelorum
2865 1898 2920 1945 et
2944 1890 3243 1945 trinitatem
3273 1891 3580 1957 hominum,

2000 1978 2111 2033 imo
2157 1988 2211 2035 et
2260 1989 2370 2035 tres
2414 1980 2657 2051 angelos,
2693 1988 2749 2035 et
2786 1987 2897 2036 tres
2930 1980 3208 2048 homines;
3238 1980 3291 2035 in
3317 1979 3585 2036 'l‘rinitate

1998 2080 2131 2121 vero
2184 2081 2348 2137 supra
2387 2083 2551 2138 quam
2607 2076 2817 2132 sancta,
2868 2082 3045 2140 neque
3073 2067 3315 2124 Trinitas
3354 2068 3579 2123 deorum

1999 2157 2086 2227 pie
2115 2157 2223 2212 dici
2256 2166 2455 2227 potest,
2490 2172 2666 2227 neque
2704 2166 2816 2213 tres
2852 2157 2959 2212 Dii.
2986 2156 3201 2213 Rursus
3226 2157 3280 2211 in
3317 2156 3583 2213 Trinitate

1999 2265 2165 2321 supra
2195 2266 2363 2321 quam
2393 2260 2580 2305 sancta
2604 2258 2657 2305 et
2682 2250 2848 2306 unius
2876 2250 3234 2332 ejusdemque
3262 2251 3584 2306 substantia:

2000 2354 2249 2411 personas
2310 2339 2364 2393 in
2424 2338 2620 2409 seipsis
2670 2348 2865 2393 mutuo
2926 2339 3209 2404 incedunt,
3251 2338 3479 2409 integris
3530 2349 3583 2393 et

2001 2432 2170 2487 salvis
2232 2432 2661 2501 proprietatibus
2710 2430 2899 2500 implet
2938 2430 3122 2485 omnia
3170 2430 3354 2495 Pater;
3396 2430 3583 2500 implet

2000 2524 2187 2579 omnia
2236 2523 2428 2586 Filius,
2479 2523 2735 2578 similiter
2765 2523 2924 2576 etiam
2957 2521 3194 2591 Spiritus
3228 2532 3473 2579 sanctus.
3517 2520 3584 2576 Et

2002 2631 2230 2680 rursus;
2271 2613 2370 2669 Ubi
2401 2615 2557 2669 adest
2584 2614 2844 2684 Spiritus,
2872 2614 2983 2670 illic
3012 2622 3067 2669 et
3096 2613 3290 2681 Filius,
3315 2623 3370 2669 et
3397 2613 3580 2677 Pater,

1999 2708 2130 2779 quin
2165 2708 2329 2764 etiam
2360 2706 2413 2761 in
2444 2707 2646 2776 quibus
2673 2716 2759 2761 est
2786 2704 2977 2773 Filius,
3002 2714 3129 2760 sunt
3161 2704 3326 2759 simul
3346 2712 3398 2759 et
3425 2702 3584 2759 Pater

1999 2810 2053 2856 et
2089 2800 2327 2871 Spiritus
2356 2810 2601 2855 sanctus.
2632 2798 2692 2852 In
2722 2798 2790 2853 iis
2816 2813 2966 2863 vero,
2998 2814 3120 2868 qua:
3143 2797 3357 2868 praprie
3385 2811 3583 2852 nume-

2001 2893 2110 2947 rari
2138 2900 2389 2963 possunt,
2412 2891 2547 2946 nihil
2571 2889 2840 2961 ejusmodi
2863 2904 2933 2946 ne
2960 2889 3187 2961 intelligi
3221 2889 3441 2961 quidem
3480 2904 3580 2960 po-

2001 2993 2125 3040 test.

2072 3077 2153 3132 Ad
2186 3075 2303 3131 haec
2328 3076 2384 3130 in
2436 3074 2505 3131 iis
2558 3090 2679 3146 quae
2727 3084 2858 3131 sunt
2906 3073 3128 3145 proprie
3182 3072 3579 3139 numerabilia.

307 3165 521 3234 γίνεται
543 3166 641 3219 καὶ
668 3145 964 3239 ἀφαίρεσις*
984 3167 1097 3222 τῶν
1126 3145 1568 3239 ἀριθμουμένων·
1599 3145 1690 3219 ἐπὶ
1716 3166 1771 3219 δὲ

2003 3170 2241 3225 accessio
2272 3168 2350 3234 ﬁt,
2377 3175 2432 3225 et
2469 3145 2756 3223 snbductio
2780 3182 2993 3232 eorum,
3029 3180 3152 3236 qua:
3184 3172 3577 3231 numerantur;

308 3258 641 3331 ύπερουσίου
679 3260 776 3314 καὶ
807 3260 1202 3331 ἀκαταλήπτου
1228 3259 1458 3330 Τριάδος
1476 3298 1491 3324 ,
1521 3259 1637 3321 πῶς
1664 3258 1730 3312 ἂν
1758 3259 1895 3322 ὅλως

307 3349 607 3423 ὲννοειθείη
648 3351 837 3421 τοῦτο;
891 3353 985 3406 καὶ
1043 3351 1217 3406 πολλὰ
1264 3352 1333 3407 ἀν
1373 3368 1457 3416 τις
1500 3350 1895 3422 ἑπιθεωρήσειε

306 3457 562 3497 τοιαυτα.

830 3559 1168 3615 ΕΡΩΤΗΣΙΣ
1206 3559 1377 3617 ΡΠΓ.

682 3653 826 3723 Περὶ
854 3652 975 3708 τῶν
1006 3652 1207 3708 αὐτῶν
1236 3653 1315 3719 τῷ
1340 3653 1521 3720 αὐτῷ.

2003 3263 2059 3318 in
2115 3263 2385 3317 Trinitate
2442 3276 2573 3316 vero
2630 3275 2796 3330 supra
2849 3268 3121 3323 naturam,
3169 3266 3226 3313 et
3278 3256 3581 3325 incompre-

1958 3360 1967 3367 '
2002 3354 2211 3418 hensa,
2264 3353 2542 3424 quomodo
2597 3353 2701 3407 hoc
2744 3351 2960 3422 penitus
3005 3348 3373 3420 intelligatur?
3414 3346 3578 3402 Multa

2003 3447 2108 3502 alia
2140 3445 2409 3517 ejusmodi
2445 3443 2803 3514 contemplari
2837 3443 2962 3514 quis
2990 3450 3188 3513 potest.

2004 3561 2339 3630 QUIESTIO
2377 3559 2682 3617 CLXXXIII
2711 3558 2902 3632 [σοίδι
2943 3556 3151 3625 ccxn,
3179 3555 3342 3611 Taur.
3373 3551 3578 3626 CClll.]

2533 3653 2609 3709 De
2646 3653 2834 3708 iisdem
2864 3652 3050 3707 eidem.

1112 3770 1259 3822 Edita
1281 3787 1308 3822 a
1332 3773 1575 3836 Basnagio
1598 3774 1654 3837 (Ι.
1676 3786 1721 3823 c.
1744 3787 1795 3836 p.
1820 3771 1956 3835 455).
1975 3795 2041 3812 -
2069 3770 2410 3822 Ρτεεοθᾱειιιὶε
2447 3765 2773 3819 continuatio.

387 3854 463 3907 Τδ
491 3854 550 3908 ἐν
572 3853 764 3909 καὶτά
790 3853 921 3927 τρία
947 3854 1030 3909 ἑνὶ
1054 3855 1153 3925 τῆς
1177 3854 1474 3927 θεαρχικῆς
1506 3855 1903 3928 θεολογούμενα

309 3946 678 4015 φύσεως,ὀύκ
700 3946 933 4018 ἀριθμός
953 3948 1070 4001 ὲστι
1093 3949 1318 4019 κυρίως,
1340 3948 1450 4001 οὐδ’
1474 3949 1619 4020 ἀρχὴ
1640 3947 1894 4021 ἀριθμοῦ-

308 4038 455 4092 ἀλλά
498 4038 561 4092 τὸ
596 4037 696 4110 μὲν
742 4038 801 4092 ἓν
846 4038 1115 4112 σύμϐολόν
1141 4040 1201 4093 τέ
1248 4042 1365 4095 ἔστι
1406 4041 1506 4112 τῆς
1536 4042 1898 4113 άπερινοήτου

309 4131 700 4201 κρυφιότητος,
729 4132 826 4185 καὶ
851 4132 1220 4201 αίνιγματίζει
1251 4133 1311 4187 τὸ
1332 4134 1574 4205 ἀρῤητον
1598 4133 1699 4203 τῆς
1722 4133 1899 4202 ὑπάρ-

309 4220 470 4288 ξεως.
507 4222 621 4293 Τὴν
649 4223 1015 4296 ὲκφαντορίαν
1042 4224 1100 4277 δὲ
1131 4223 1199 4277 τά
1227 4225 1353 4295 τρία
1375 4225 1616 4291 διαπλοῖ,
1661 4224 1756 4278 καὶ
1791 4241 1894 4277 πα-

311 4317 588 4387 ραγυμνοῖ
626 4319 741 4380 τοῖς
788 4318 1063 4389 μεριστοῖς
1100 4316 1201 4388 τὴν
1226 4316 1426 4386 γνῶσιν
1460 4318 1559 4388 τῆς
1595 4316 1895 4388 ἀμερίστου

310 4408 410 4462 καὶ
442 4409 830 4479 ἀκαταλήπτου
863 4408 1137 4479 Θεότητος.
1176 4409 1525 4478 Ἐκφαίνεται
1554 4409 1664 4479 γὰρ
1692 4411 1726 4479 ἡ
1758 4409 1896 4477 ὑπὲρ

311 4498 439 4557 νοῦν
496 4499 594 4553 καὶ
636 4500 819 4553 πᾶσαν
858 4500 1163 4572 κατάληψιν
1204 4500 1362 4555 οὐσία
1420 4504 1488 4572 τῇ
1540 4500 1635 4554 τοῦ
1684 4500 1898 4570 Πατρὸς

309 4591 709 4661 ἀναπλουμένη
740 4592 835 4645 καὶ
868 4592 1002 4647 Υίοῦ
1033 4595 1377 4665 προσηγορίᾳ
1412 4594 1511 4646 καὶ
1554 4592 1893 4662 Πνεύματος.

2074 3855 2253 3913 Unum
2288 3854 2473 3923 itaque
2524 3859 2579 3908 et
2612 3852 2711 3906 tria
2751 3865 2861 3905 non
2896 3857 3024 3905 sunt
3053 3847 3271 3921 proprie
3290 3861 3575 3909 numerus.

1999 3962 2175 4019 neque
2205 3944 2538 4017 principium
2570 3940 2782 3998 numeri
2810 3940 2862 3995 in
2895 3948 3105 3995 natura:
3124 3938 3324 3994 divinas
3347 3938 3578 3994 Theolo-

1996 4042 2104 4112 gia,
2145 4040 2238 4095 sed
2283 4039 2467 4111 potius
2522 4053 2691 4093 unum
2729 4035 3039 4108 symbolum
3072 4042 3157 4089 est
3182 4050 3417 4101 arcanae,
3437 4041 3491 4088 et
3521 4034 3575 4088 in

1995 4131 2181 4187 abdito
2209 4130 2503 4185 recondita:
2529 4135 2755 4188 naturae.
2786 4141 2909 4197 qua:
2941 4124 3299 4194 intelligentia
3325 4139 3574 4195 compre-

1996 4220 2158 4276 hendi
2202 4236 2327 4277 .non
2379 4229 2575 4290 potest,
2620 4218 3003 4290 signiﬁcatque
3050 4218 3103 4271 in
3133 4216 3420 4285 aenigmate
3465 4230 3575 4269 non

1993 4329 2155 4385 posse
2183 4312 2367 4368 efferri
2403 4321 2457 4366 et
2484 4311 2730 4380 expromi
2759 4310 3000 4365 divinam
3036 4307 3416 4364 substantiam.
3447 4306 3573 4361 Tria

1992 4420 2125 4460 vero
2156 4402 2657 4458 manifestalionem
2704 4400 3013 4471 explicant;
3058 4409 3113 4453 et
3140 4398 3442 4453 divinitatis
3474 4398 3574 4453 im-

1993 4496 2477 4568 partibilis,atqne
2533 4493 2999 4562 incomprehensa:
3052 4490 3420 4561 cognitionem
3475 4491 3573 4543 ali-

1994 4596 2260 4658 quantum
2292 4585 2587 4655 explanant
2623 4582 2942 4638 hominibus
2975 4580 3071 4652 qui
3102 4589 3230 4636 sunt
3254 4581 3571 4650 partibiles;

313 4687 529 4756 Ὥσπερ
559 4687 650 4739 ἐπὶ
673 4686 736 4739 τὸ
764 4687 996 4758 κρύφιον
1027 4690 1123 4744 καὶ
1147 4689 1516 4758 ἀκατανόητον
1542 4688 1890 4741 συστέλλεται

2003 4680 2179 4751 patent
2224 4677 2367 4732 enim
2427 4674 2762 4739 substantia,
2806 4688 2928 4743 quae
2978 4688 3141 4743 supra
3206 4682 3471 4737 mentem,
3519 4684 3570 4729 et

310 4776 393 4849 τῷ
424 4777 507 4830 ἐνὶ
527 4777 626 4848 τῆς
653 4777 967 4850 ὑπερφυοῦς
1003 4779 1126 4850 μηδ’
1153 4779 1369 4851 ἔπινοίᾳ
1401 4780 1732 4851 στερουμένη
1762 4796 1894 4849 κρυ-

1991 4788 2155 4843 supra
2203 4786 2420 4827 omnem
2472 4766 3019 4838 comprehensionem
3070 4775 3174 4830 est,
3209 4765 3574 4835 appellatione

308 4867 587 4937 φιότητος.
612 4868 724 4921 Καὶ
751 4868 859 4921 τῶν
887 4868 1168 4940 ὀνομάτων
1196 4869 1442 4939 ἀλλήλων
1466 4869 1829 4940 διισταμένων
1857 4870 1890 4939 ή

2003 4866 2190 4934 Patris,
2226 4876 2280 4922 et
2327 4867 2472 4931 Filii,
2504 4874 2559 4920 et
2614 4863 2852 4934 Spiritus
2891 4862 3087 4928 sancti,
3118 4861 3231 4932 (60)
3275 4861 3417 4916 sicut
3462 4877 3572 4916 uno

307 4959 550 5033 ἄρῤητος
583 4959 654 5014 δι’
680 4960 861 5014 αὐτῶν
903 4962 998 5017 καὶ
1026 4960 1381 5030 ἀσυναίρετος
1410 4959 1742 5014 Θεολονεῖται
1786 4958 1895 5014 τῶν

1992 4959 2201 5025 arcani,
2237 4957 2385 5030 quod
2425 4971 2591 5027 supra
2625 4962 2878 5011 naturam
2906 4962 3010 5018 est,
3053 4962 3108 5008 et
3139 4966 3318 5024 nequc
3360 4952 3567 5023 cogita-

1617 5076 1854 5132 VAIIL‘E
1895 5073 2297 5133 LECTIONES.

395 5161 415 5201 ¹
439 5162 478 5218 l.
501 5164 665 5220 εῐποι.

1826 5264 2059 5321 NOTAE.

383 5369 519 5442 (58),
554 5369 621 5424 Et
653 5373 848 5426 nostris
884 5374 1280 5429 diversitalibus
1303 5376 1355 5429 in
1385 5391 1546 5430 unum
1570 5378 1883 5437 convolutis.

309 5440 423 5496 καὶ
594 5443 861 5516 μεριστ-ῷν
890 5444 1046 5516 ἡμῶν
1078 5445 1409 5515 ὲτεροτήτων
1459 5448 1883 5516 συμπτυσσομέ-

309 5529 440 5565 νων.
473 5508 527 5564 Id
556 5508 679 5565 esti
722 5528 740 5561 ι
777 5510 844 5565 Ει
870 5508 1071 5569 nostris
1115 5508 1543 5570 diversitatibus'
1577 5532 1672 5570 seu
1732 5508 1886 5571 dilic-

1985 5374 2382 5432 numerabilem
2457 5372 2610 5427 dicit.
2652 5390 2671 5424 ι

2060 5445 2359 5535 (60)nSicut
2384 5459 2491 5535 zm‘o
2534 5442 2741 5535 arcani,
2764 5451 2864 5497 etc.
2897 5443 3203 5535 nominibus
3254 5444 3569 5535 signiﬁcan-

1984 5513 2086 5571 tur.
2145 5513 2352 5584 Ὥσπερ
2381 5514 2473 5586 ἐπὶ
2504 5513 2564 5586 τρ
2625 5513 2997 5586 κρύφιονλκαὶ
3040 5514 3420 5586 ᾲάκατανᾴητον
3477 5534 3573 5569 συ-

310 5582 510 5666 tentiis
536 5595 658 5666 quas
688 5589 817 5662 sunt
853 5581 1177 5666 divisibiles,
1214 5585 1268 5638 in
1301 5601 1469 5666 unum
1496 5588 1834 5666 convolutis.
1861 5604 1879 5638 ι
1985 5587 2265 5666 στέλλεται
2286 5581 2462 5666 τῷῥνὶ
2494 5584 2593 5653 τῆς
2619 5581 2933 5666 ὅπερφυοῦς
2953 5584 3078 5666 μηδ’
3101 5581 3322 5666 ἐπινοίᾴ
3340 5601 3571 5666 ⁵στερου-

381 5652 494 5727 (δυ)
526 5652 650 5727 Non
687 5653 827 5727 enim
865 5663 1117 5727 tanquam
1151 5656 1473 5727 numerabile
1494 5656 1652 5727 dicit.
1675 5658 1749 5710 Οὐ
1776 5660 1883 5727 γὰρ

307 5719 400 5787 ὡς’
435 5722 747 5793 άριΘμητήν
796 5738 949 5791 φησι.
972 5719 1035 5778 ἰιὶ
1073 5734 1197 5780 est:
1234 5742 1250 5777 ι
1286 5723 1405 5782 Non
1434 5726 1580 5782 enim
1623 5719 1881 5798 tanqu-am

2029 5658 2121 5727 ἐνη
2184 5654 2559 5727 κρυφιότητοςᾼ
2576 5670 2591 5684 θ
2664 5654 2759 5727 και
2788 5654 2924 5727 Δτῷν
2997 5654 3300 5727 ὀνομάτων
3326 5654 3569 5727 ἀλλήλων

2016 5722 2343 5800 ιισταμένων
2374 5726 2408 5793 ἡ
2442 5722 2695 5796 ἀρῤητος
2734 5722 2802 5778 δι’
2832 5724 3012 5780 αὐτῶν
3064 5722 3159 5778 καὶ
3218 5722 3570 5799 ἀσυναίρετος

2672 5925 2708 5961 ι
