3908 6214
386 246 489 311 903
1535 251 1797 311 ΡΠΟΤῘΙ
1838 252 2340 313 ΡᾹΤΒῘΑΒΟΠΕ
2361 252 2469 314 CP.
3528 255 3638 317 9οι

378 371 523 414 tione
578 359 842 426 ﬁrmatur,
876 361 1217 418 contrahitur
1268 364 1323 418 in
1376 379 1664 433 arcanum;
1704 375 1755 420 et
1806 381 1930 437 quoi

2053 366 2360 426 νοουμένων
2394 364 2678 434 συνάφεια.
2716 364 2809 418 καὶ
2833 364 2895 417 τὸ
2922 362 3265 433 ἀπλήθυντον
3294 362 3395 415 οὑκ
3423 362 3635 429 eam.

376 451 760 519 comprehendi
800 468 904 505 non
956 461 1166 521 potest;
1224 462 1279 508 et
1330 455 1643 510 nominibus
1707 456 1849 509 inter
1899 472 1930 511 si

2057 476 2221 527 μενον
2248 458 2345 527 τῆς
2376 457 2629 526 ἑνότητος
2650 496 2665 520 ,
2694 456 2943 527 πρόεισιν
2976 453 3339 522 ἀπληθὺντως
3366 456 3431 523 τῇ
3461 455 3639 520 τριάδι

374 544 645 599 distinctis
675 546 909 600 traditur
938 545 1257 615 conjunctio
1290 547 1408 601 sine
1432 548 1695 618 synzeresi
1730 548 1807 618 (id
1847 559 1929 603 est

2056 547 2462 618 πληθυνόμενον
2488 565 2501 578 ·
2550 549 2644 600 καὶ
2691 547 2753 599 τὸ
2786 547 2887 616 μὲν
2933 544 3003 597 τὰ
3057 545 3184 615 τρία
3220 544 3529 613 βλαστάνει,
3567 550 3634 597 τὰ

374 637 747 709 contractione
801 638 1182 707 personarum)
1232 652 1461 704 eorum,
1492 638 1584 707 qui
1640 639 1930 693 nominibu:

2049 640 2106 692 δὲ
2154 642 2255 707 τῆς
2297 639 2393 691 τοῦ
2440 640 2559 701 ἐνὸς
2600 637 2904 705 ἁπλότητος
2953 636 3052 690 καὶ
3095 635 3391 704 συναφείας
3450 636 3509 689 οὑ
3558 636 3631 687 δι-

374 731 771 801 signilicantur,
811 741 867 784 et
898 730 1296 798 intelliguntur,
1331 739 1383 784 et
1411 731 1555 800 quod
1589 732 1947 802 multiplicari
2054 732 2287 784 ίσταται.

375 838 483 877 non
512 832 705 892 potest,
728 838 832 877 non
862 824 1120 879 recedens
1155 824 1221 877 ab
1254 822 1486 889 unitate,
1521 824 1632 877 exit
1689 825 1806 878 sine
1865 822 2343 891 multiplicatione,
2399 822 2645 877 trinitate
2678 812 3123 889 multiplicatum.
3192 821 3256 874 Et
3286 820 3389 874 hoc
3415 820 3635 890 quidem

376 932 545 973 unum
594 917 695 972 tria
727 918 960 988 profert;
997 917 1111 973 haec
1146 932 1275 972 vero
1309 919 1413 972 tria
1446 918 1514 972 ab
1548 919 1640 972 illa
1694 918 2043 988 simplicitate
2076 920 2242 973 unius
2268 926 2322 971 et
2350 916 2741 986 conjunctione
2772 930 2880 970 non
2917 926 3141 971 exeunt.

443 1012 809 1078 Quamobrem
867 1025 994 1062 vere
1052 1020 1138 1063 est
1192 1008 1728 1065 incommunicabilis
1779 1009 1923 1064 Deus

2119 1009 2211 1060 Διὸ
2228 1009 2323 1063 καὶ
2343 1008 2679 1079 ἀκινὼνητον
2705 1010 2730 1050 ⁸
2757 1009 2833 1071 ὡς
2862 1006 3081 1078 ἀληθῶς
3108 1009 3137 1060 ό
3158 1006 3314 1070 Θεόςο
3347 1008 3501 1061 οὐδὲν
3528 1010 3638 1078 γὰρ

372 1104 506 1159 nihil
538 1105 682 1159 enim
712 1101 975 1169 ejusmodi
1014 1112 1095 1156 est
1128 1102 1181 1154 in
1217 1100 1519 1165 creaturis;
1553 1101 1597 1155 si
1625 1116 1752 1156 vero
1776 1117 1930 1155 unum

2044 1100 2286 1153 τοιοῦτον
2310 1103 2368 1154 ὲν
2390 1103 2502 1164 τοῖς
2525 1102 2844 1171 κτίσμασιψ
2881 1102 2927 1151 εί
2949 1100 3005 1152 δὲ
3031 1098 3089 1152 ἓν
3123 1100 3285 1169 μόνον
3312 1093 3378 1171 ἦν
3407 1100 3439 1169 ἦ
3470 1100 3596 1169 τρία
3617 1140 3633 1163 ,

373 1207 580 1250 tantum
625 1202 789 1253 esset,
820 1191 901 1244 vel
945 1191 1068 1257 tria,
1102 1191 1246 1245 Deus
1280 1190 1521 1247 inﬁnitos
1560 1192 1784 1245 haberet
1815 1207 1930 1246 con-

2046 1193 2108 1244 τὸ
2150 1193 2307 1245 Θεῖον
2354 1193 2583 1261 μυρίους
2630 1192 2696 1245 ἂν
2744 1191 3097 1257 συνεπείγετο
3138 1191 3427 1253 κοινωνοὺς
3474 1193 3635 1262 καὶή

371 1298 545 1342 sortes
567 1295 618 1339 et
646 1284 955 1354 participes,
982 1285 1490 1353 demonstraretque
1510 1292 1759 1338 creatura
1791 1283 1925 1339 Crea

2050 1284 2225 1345 κτίσις
2246 1283 2335 1334 τὸν
2360 1284 2599 1353 κτίστην
2626 1282 2837 1336 ἐδείκνυ
2862 1283 2971 1345 τοῖς
2997 1281 3197 1350 ἑαυτῆς
3229 1282 3635 1351 συναπτόμενον

372 1392 541 1433 torem
573 1381 625 1433 in
661 1380 781 1433 suis
809 1376 1235 1448 proprietatibus
1257 1377 1609 1431 collocatum.

368 1470 692 1538 QUIESTIO
722 1467 1028 1526 CLXXXIV
1060 1467 1252 1539 [CoisL
1284 1467 1511 1532 CCXIII,
1548 1467 1712 1525 Taur.
1736 1467 1937 1539 CCIV].

1061 1557 1268 1611 Eidem.

2054 1372 2368 1443 ἰὸιιὶιμασιν.

2570 1463 2901 1517 ΙΞΡΩΤΙΙΣΙΣ
2944 1465 3109 1517 PHA'.

2700 1555 2781 1620 Τῷ
2812 1555 2993 1621 αὐτῷ.

1171 1667 1312 1717 Edita
1334 1681 1359 1716 a
1389 1666 1629 1730 Basnagiu
1656 1664 1709 1730 (I.
1733 1680 1774 1715 c.
1809 1679 1858 1728 p.
1890 1665 2000 1726 435,
2026 1657 2161 1729 tsi).
2191 1693 2251 1705 —-
2277 1670 2462 1719 Prioris
2502 1672 2827 1719 continuatio.

439 1758 591 1825 Quod
620 1756 664 1811 si
702 1756 840 1810 Deus
866 1762 918 1809 et
945 1754 1200 1810 divinitas
1242 1756 1295 1808 in
1337 1755 1592 1809 omnibus
1620 1763 1725 1817 est,
1756 1764 1808 1809 et
1847 1769 1930 1824 per

2117 1757 2176 1809 Ei
2210 1760 2237 1810 ὁ
2262 1758 2394 1821 Θεὸς
2435 1760 2529 1812 καὶ
2556 1760 2589 1828 ή
2626 1758 2818 1827 θεότης
2847 1759 2907 1810 έν
2940 1760 3074 1811 πᾶσι
3109 1761 3224 1821 τοῖς
3261 1758 3382 1812 οὖσι
3412 1759 3508 1816 καὶ
3536 1760 3626 1814 διὰ

368 1854 549 1906 omnia
609 1858 773 1914 meat,
804 1849 935 1919 quid
978 1850 1173 1901 mirum
1207 1857 1308 1912 est,
1357 1848 1401 1901 si
1432 1855 1485 1900 et
1526 1847 1579 1900 in
1627 1846 1938 1903 hominibus

365 1953 447 1997 est
478 1953 738 2011 tanquam
768 1940 950 1993 homo.
976 1937 1107 1993 Esse
1138 1939 1302 2007 igitur
1335 1938 1386 1990 in
1418 1937 1695 1997 omnibus,
1730 1946 1842 1990 tum
1873 1952 1938 1991 ex

366 2034 509 2099 aliis,
558 2043 671 2086 tum
720 2047 785 2085 ex
833 2030 1042 2085 ratione
1089 2029 1383 2084 crcationis
1444 2028 1785 2099 intelligitur,
1814 2044 1939 2084 esse

368 2140 496 2181 vero
544 2124 597 2178 in
651 2122 986 2185 hominibus,
1033 2122 1381 2191 cognoscitur
1411 2138 1473 2175 ex
1525 2133 1805 2193 assumpta
1833 2124 1936 2177 hu-

368 2216 647 2280 manitate,
682 2230 844 2283 quam
895 2221 1116 2284 propter
1168 2212 1489 2267 cliaritatcm
1521 2231 1651 2283 erga
1699 2230 1801 2270 nos
1845 2230 1937 2270 as-

366 2307 631 2377 sumpsit,
685 2304 795 2377 (6I)
828 2313 881 2360 ct
926 2314 1177 2365 exortus,
1212 2320 1372 2372 quem
1417 2308 1605 2372 coepi,
1642 2305 1936 2374 participa-

364 2400 549 2463 tione,
610 2408 665 2453 et
708 2400 1087 2453 communione
1150 2406 1376 2459 nOstra,
1452 2413 1572 2466 qua:
1630 2398 1934 2452 secundum

368 2494 628 2545 honorem
682 2501 802 2557 post
845 2490 1078 2558 primum
1109 2488 1248 2544 tulit.
1278 2488 1521 2554 Quorum
1556 2489 1785 2542 alterum
1815 2504 1934 2542 ma—

363 2600 467 2638 nus
528 2582 803 2637 Creatoris
862 2581 1049 2651 largita
1102 2590 1218 2645 est;
1272 2580 1499 2634 alterum
1566 2581 1682 2650 ipse
1715 2579 1781 2635 ad
1834 2594 1934 2635 nos

362 2676 605 2731 veniens.
643 2672 797 2728 Sicut
833 2673 999 2743 igitur
1034 2672 1146 2742 (62)
1194 2674 1400 2738 omnia,
1424 2687 1547 2726 cum
1583 2687 1687 2727 non
1721 2682 1928 2736 essent,

362 2765 567 2820 crcatio
599 2764 717 2833 ejus
746 2762 872 2817 fecit
901 2771 960 2816 ut
983 2771 1189 2827 essent,
1208 2763 1290 2816 sic
1322 2763 1507 2827 etiam,
1527 2764 1652 2831 quia
1679 2763 1932 2818 homines

362 2857 622 2926 singulari
662 2871 824 2925 supra
858 2855 1089 2909 aliarum
1127 2864 1501 2909 creaturarum
1537 2857 1779 2909 omnium
1807 2870 1932 2925 pro-

360 2951 698 3004 curationem
733 2948 1082 3017 providentia:
1106 2946 1366 3002 beneﬁcio
1396 2946 1593 3011 aﬂccit,
1619 2948 1719 3001 ctsi
1743 2954 1931 3018 partus

365 3040 624 3110 Virginis,
676 3051 729 3093 et
783 3038 871 3092 ille
930 3048 1101 3100 ortus,
1136 3040 1229 3108 qui
1288 3038 1531 3107 expromi
1596 3054 1703 3092 non
1754 3048 1930 3108 potest

363 3135 559 3197 verbis,
616 3148 779 3201 supra
828 3140 1007 3187 ortum
1044 3131 1341 3185 humanum
1394 3140 1495 3194 cst,
1527 3131 1768 3199 genitum
1810 3144 1932 3185 esse

360 3226 609 3281 dicimus
648 3240 795 3288 eum,
833 3223 927 3294 qui
982 3238 1049 3276 ex
1092 3222 1393 3277 aeternitate
1422 3232 1528 3286 est,
1568 3228 1621 3275 ct
1654 3220 1929 3274 hominem

364 3327 636 3379 vocatum,
677 3316 771 3385 qui
821 3324 1071 3370 naturam
1120 3316 1413 3369 humanam
1449 3314 1606 3368 ﬂuxit
1635 3330 1698 3368 ac
1726 3313 1932 3367 forma-

360 3411 454 3465 vit.
496 3410 611 3463 Non
664 3409 895 3464 faciams
927 3408 1199 3463 hominem
1234 3405 1423 3469 Deum,
1444 3420 1633 3475 apage,
1659 3405 1763 3459 hoc
1785 3405 1929 3460 enim

359 3501 472 3556 l‘ere
501 3502 616 3555 lleri
652 3517 758 3554 non
800 3509 997 3569 potest,
1031 3512 1084 3555 et
1109 3498 1375 3569 judicium
1414 3498 1642 3553 rationis
1682 3498 1787 3552 hoc
1821 3512 1928 3552 non

357 3593 580 3663 patitur,
609 3592 704 3645 sed
739 3590 903 3645 Deum
931 3592 1255 3644 conﬁtemur
1289 3590 1500 3644 venisse
1539 3597 1599 3642 ut
1630 3588 1904 3642 hominem

356 3685 499 3753 quod
551 3684 709 3738 facile
762 3693 844 3738 est
898 3682 1029 3745 Deo,
1058 3682 1151 3751 qui
1198 3691 1408 3735 naturae
1459 3691 1650 3736 auctor
1698 3680 1833 3745 fuit,
1872 3680 1924 3733 id

356 3774 499 3843 quod
531 3772 674 3827 illius
702 3773 753 3825 in
783 3788 881 3825 nos
908 3772 1192 3825 charitatis
1227 3772 1330 3825 vim
1368 3787 1614 3841 magnam
1649 3771 1923 3839 praedicat.

356 3884 679 3952 QUIESTIO
705 3883 989 3939 CLXXXV
1022 3885 1214 3957 (ϐοίδια.
1247 3883 1477 3945 CCXIV,
1513 3883 1676 3938 Taur.
1722 3882 1923 3953 CCVI].

357 3980 468 4047 (65)
506 3977 779 4044 Quomodo
810 3978 1024 4031 omnino
1052 3978 1473 4083 cogitari)pocsit
1504 3976 1665 4029 Deum
1694 3991 1801 4029 eue
1841 3975 1926 4028 iu-

983 4057 1257 4083 rnruulunl
1281 4050 1289 4063 ‘

982 4050 1289 4101 caruutumi

2043 1851 2281 1917 πάντων,
2312 1855 2367 1906 τί
2416 1854 2729 1923 θαυμαστὸν
2772 1856 2822 1907 εί
2864 1853 2958 1905 καὶ
2987 1855 3045 1905 ἐν
3071 1853 3385 1925 ἀνθρώποις
3415 1854 3490 1918 ὡς
3528 1857 3625 1910 ἄν·

2043 1942 2294 2013 θρωπος;
2337 1945 2409 1995 Τὸ
2442 1944 2540 2013 μὲν
2580 1940 2673 1996 οὖν
2704 1944 2761 1995 ὲν
2811 1946 2977 1997 πᾶσιν
3000 1938 3142 1995 εἶναι
3172 1945 3241 1997 τά
3268 1960 3330 1997 τε
3358 1945 3493 1998 ἄλλα
3527 1948 3626 1998 καὶ

2039 2036 2137 2105 τῆς
2162 2036 2521 2108 δημιουργίας
2550 2040 2577 2090 ὁ
2615 2037 2772 2105 λόγος
2806 2038 3118 2101 ἐπίσταται,
3149 2039 3211 2090 τὸ
3237 2038 3296 2090 δὲ
3327 2041 3384 2091 ὲν
3409 2039 3622 2111 ἀνθρὼ-

2041 2131 2219 2198 ποιςή
2256 2128 2342 2182 διὰ
2373 2129 2782 2201 φιλανθρωπίαν
2807 2129 2903 2182 τοῦ
2940 2130 3238 2198 κτίσματος
3268 2129 3579 2200 πρόσληψις
3599 2170 3615 2193 ,

2040 2220 2262 2290 καὶτῆς
2307 2222 2614 2292 γεννήσεως
2647 2222 2713 2291 ἦν
2760 2221 2925 2284 αὑτὸς
2966 2221 3242 2289 ὑπέστησε
3278 2226 3482 2293 μετοχῇ
3523 2224 3619 2275 καὶ

2038 2311 2291 2382 κοινωνίᾳ
2334 2312 2641 2383 δευτέραςιι
2677 2314 2845 2383 τιμῆς
2894 2313 3275 2383 ἁπολαυοὺσης
3332 2316 3471 2383 μετὰ
3518 2314 3620 2383 τὴν

2038 2400 2281 2473 πρώτην.
2321 2392 2422 2454 Ὧν
2456 2401 2553 2473 τήν
2597 2401 2696 2472 μὲν
2739 2403 2773 2471 ή
2823 2401 3153 2472 δημιουργὸς
3205 2403 3360 2473 χεὶρ,
3411 2402 3513 2473 τὴν
3558 2402 3621 2455 δὲ

2038 2492 2350 2562 προσελθὼν
2370 2493 2535 2556 αὑτὸς
2554 2493 2864 2564 ἐχαρίσατο.
2893 2494 3105 2563 Ὥσπερ
3128 2492 3220 2545 οὑν
3246 2493 3379 2546 διότι
3400 2493 3469 2545 τὰ
3488 2493 3620 2547 ὅντα

2033 2582 2099 2636 ὲκ
2131 2582 2206 2653 μὴ
2232 2583 2398 2637 ὄντων
2423 2583 2697 2655 ὑπέστησε
2726 2582 3069 2655 Δημιουργδν
3100 2585 3265 2639 αὑτὸν
3293 2585 3543 2655 λέγομεν,
3565 2586 3617 2635 εἰ

2035 2675 2128 2725 καὶ
2143 2674 2402 2745 κρείττων
2423 2674 2602 2746 πολλῴ
2624 2675 2989 2746 δημιουργίας
3013 2678 3046 2745 ή
3082 2676 3334 2747 πρόοδος·
3352 2676 3498 2729 οὑτω
3522 2678 3621 2729 καὶ

2031 2764 2120 2818 διὰ
2145 2766 2205 2818 τὸ
2236 2766 2361 2829 τοὺς
2398 2766 2727 2837 ἀνθρώπους
2756 2767 3072 2840 ἐξῃρημένη
3109 2768 3219 2822 τῶν
3253 2768 3428 2821 ἄλλων
3457 2770 3620 2839 εὐερ-

2033 2855 2264 2926 γετῆσαι
2287 2858 2511 2929 προνοίᾳ
2532 2900 2545 2924 ,
2576 2859 2625 2910 εἰ
2658 2859 2759 2911 καὶ
2782 2860 3047 2929 κρείττων
3076 2861 3223 2912 ἐστὶν
3251 2860 3561 2930 ἀνθρωπίνη
3594 2862 3610 2899 i

2035 2948 2343 3018 γεννήσεως
2374 2950 2401 3001 ό
2450 2950 2514 3001 ἐκ
2566 2949 2845 3019 Παρθένου
2895 2951 3076 3015 τόκος,
3117 2952 3213 3004 καὶ
3262 2951 3295 3021 ἠ
3340 2952 3622 3023 ἄφραστος

2034 3035 2317 3108 γέννησις,
2347 3036 2679 3109 γεννηθῆναι
2713 3039 2955 3109 -λέγομεν
2983 3040 3075 3094 τὸν
3120 3043 3487 3112 προάναρχον,
3520 3044 3617 3094 καὶ

1954 3107 1998 3168 C
2032 3107 2314 3199 ἄνθρωπον
2342 3107 2677 3202 χρηματίσαι
2707 3133 2796 3185 τὸν
2825 3107 3076 3203 Πλάστην
3106 3107 3205 3205 τῆς
3234 3107 3471 3203 φύσεως.
3502 3136 3620 3188 Οἰκ

2028 3219 2313 3290 ἄνθρωπον
2356 3222 2713 3293 θεοποιοῦμεν
2748 3226 2975 3297 (ἄπαγε’
3013 3225 3275 3280 ἀδύνατόν
3317 3244 3376 3280 τε
3407 3228 3514 3301 γὰρ
3539 3227 3621 3290 ὼς

1968 3306 1973 3311 ’
2028 3310 2242 3381 ἀληθῶς
2274 3312 2448 3378 τοῦτο,
2474 3316 2569 3367 καὶ
2595 3314 2753 3381 λόγου
2798 3316 2981 3386 κρίσιν
3020 3317 3119 3386 οὑχ
3168 3318 3589 3387 ὑφιστὶμενον),

2028 3402 2165 3455 ἀλλά
2217 3402 2351 3457 Θεὸν
2414 3405 2790 3477 ὁμολογοῦμεν
2844 3407 3129 3478 προελθεῖν
3177 3410 3253 3474 ὠς
3300 3410 3613 3481 ἄνθρωπον,

2028 3494 2165 3564 ὅπερ
2195 3496 2324 3565 ῥᾷόν
2369 3496 2427 3549 τέ
2464 3498 2582 3550 ἐστι
2612 3498 2733 3568 Θεῷ
2764 3498 2842 3569 τῷ
2877 3499 2978 3571 τὴν
3014 3499 3176 3569 φύσιν
3226 3502 3613 3574 πλαστουργή-

2032 3600 2219 3649 σαντι,
2272 3587 2363 3638 καὶ
2403 3586 2601 3658 πολλὴν
2636 3589 3048 3659 φιλανθρωπίας
3090 3589 3459 3661 ἀνακηρύττει
3490 3592 3611 3644 διά-

2034 3673 2199 3729 θεσιν.

2547 3884 2883 3937 ΕΡΩΤΙΙΣΙΣ
2916 3886 3088 3942 PIIE'.

2029 3975 2161 4042 Πῶς
2182 3975 2315 4030 ἐστι
2346 3975 2610 4030 δυνατὸν
2638 3977 2794 4102 dicax;
2820 3977 3053 4032 ἐννοεῖν
3082 3981 3147 4034 τὸ
3182 3980 3351 4035 Θεῖον
3376 3997 3609 4048 σαρκω-

2760 4065 2931 4102 nrai:

2760 4065 2896 4116 ηναι
2913 4065 2931 4114 ;

1484 4158 1626 4208 Edita
1646 4174 1670 4208 ι
1700 4160 1935 4223 Basnagio
1962 4160 2013 4222 (I.
2043 4172 2086 4209 c.
2112 4173 2161 4221 p.
2185 4159 2303 4219 434,
2327 4159 2458 4220 455).

427 4246 707 4303 Neminem
768 4249 1023 4304 existimo
1080 4249 1153 4303 ita
1207 4266 1235 4304 a
1290 4249 1472 4304 divina
1528 4249 1925 4303 illumiiiationc

353 4356 592 4405 vacasse,
626 4352 683 4396 ut
712 4356 817 4396 non
854 4342 927 4396 sit
950 4344 998 4397 ei
1037 4343 1284 4407 insitum,
1313 4349 1367 4395 et
1397 4341 1675 4396 communi
1702 4342 1921 4395 notione

2095 4248 2231 4301 Θεοῦ
2263 4247 2362 4317 μὲν
2403 4248 2524 4300 οὑδὲ
2574 4245 2722 4312 θείας
2763 4249 3083 4319 ἐλλάμψεως
3122 4250 3315 4305 οὐδένα
3350 4249 3603 4305 τοσοῦτον

2028 4340 2402 4409 κεκενωμένον
2424 4337 2567 4392 εἶναι
2590 4339 2815 4410 νομίζω,
2839 4341 2894 4405 ὃς
2926 4342 3001 4412 μὴ
3037 4342 3311 4411 πανταχοῦ
3341 4346 3600 4413 παρεῖναι

1627 4464 1861 4524 VARIAE
1899 4465 2301 4523 LECTIONES.

426 4590 449 4626 ε
492 4588 526 4640 l.
571 4588 957 4658 ἀκοινώνητον.
1034 4584 1060 4624 h
1099 4587 1133 4640 I.
1169 4586 1400 4657 δευτέρα
1453 4587 1505 4641 in
1539 4586 1898 4641 nominativo.
1984 4584 1997 4622 ί
2037 4583 2071 4634 I.
2103 4581 2477 4653 ἀνθρωπίνης.

1854 4694 2087 4751 NOTAE.

347 4823 677 4891 θεολογειται
703 4820 811 4873 τῶν
836 4820 1141 4889 νοουμένων
1154 4819 1439 4889 συνάφεια.
1463 4817 1518 4874 Id
1545 4828 1678 4891 est:
1714 4836 1731 4891 ι
1761 4812 1915 4872 Sient
1939 4797 1993 4856 D
2090 4810 2392 4891 Ῐυιτὶθηυε
2410 4812 2543 4891 ,181ςῇ
2588 4812 2642 4866 in
2672 4813 2927 4891 ablativo
2964 4819 3166 4887 μετοχῇ
3197 4825 3254 4871 et
3316 4824 3591 4891 κοινωνία,

349 4908 441 4960 per
467 4894 731 4944 unitatem
750 4893 803 4943 in
839 4895 1115 4960 occultum
1141 4899 1196 4944 et
1218 4890 1917 4960 incomprehensibilegcon-

348 4958 588 5015 trahitur
622 4960 739 5031 [Dei
785 4958 1114 5031 substantia]
1142 4976 1208 5015 ne
1239 4975 1336 5029 per
1382 4958 1641 5031 subtilem
1691 4959 1912 5028 quidem

348 5031 546 5101 mentis
578 5030 957 5097 cositationem
998 5030 1211 5100 privata
1244 5030 1647 5101 supernaturali
1678 5037 1912 5101 secreto,

344 5112 397 5155 et
418 5100 692 5154 distinctis
716 5102 855 5153 inter
888 5115 947 5155 se
996 5100 1332 5165 nominibus,
1393 5117 1489 5170 per
1521 5115 1582 5154 ea
1613 5100 1915 5167 theologice

346 5170 673 5241 praedicatur
702 5170 987 5224 inell'abilis
1020 5180 1073 5223 ct
1108 5176 1739 5239 contractionisexspers
1777 5184 1912 5222 con-

339 5242 551 5308 junctio
575 5255 764 5310 eorum
796 5241 890 5307 qui
929 5241 1305 5310 signiﬁcantur
1361 5251 1413 5296 et
1452 5243 1850 5308 intelliguntur.
1886 5256 1905 5288 ι

416 5312 527 5381 (GI)
561 5308 628 5361 Et
657 5320 893 5375 exertus,
934 5308 1030 5363 etc.
1064 5310 1209 5363 tulit.
1249 5312 1355 5364 Καὶ
1383 5311 1480 5380 τῆς
1511 5314 1815 5381 γεννήσεως
1850 5310 1915 5380 ἢν

341 5380 501 5443 αὑτὸς
560 5382 858 5450 ὑπέστησε,
925 5382 1128 5449 μετοχὴ
1179 5381 1273 5434 καὶ
1330 5383 1605 5444 κοινωνία,
1656 5380 1915 5450 δευτερας

338 5454 503 5521 τιμῆς
582 5451 959 5520 ἁπολαυοὺςης
1014 5450 1153 5520 μετὰ
1199 5453 1296 5521 τὴν
1350 5450 1594 5519 πρώτην.
1660 5449 1716 5503 Id
1778 5462 1911 5506 est:

344 5538 362 5572 ι
395 5521 543 5575 ισὶιοχ
585 5522 1001 5590 participatione
1033 5535 1097 5573 ac
1148 5523 1535 5574 communione
1596 5526 1911 5590 generatio-

342 5592 426 5645 nis
455 5592 522 5644 ab
552 5592 672 5661 ipso
727 5590 885 5660 factae
940 5604 1063 5659 quae
1108 5594 1426 5661 secundum
1474 5590 1735 5644 honorem
1794 5602 1914 5660 pust

342 5659 741 5729 pi‘iiiiaiiriIIaln
769 5659 1127 5733 [creationem
1161 5659 1431 5731 videlicet}
1461 5664 1601 5713 tulit.
1645 5680 1662 5710 ι

2014 5091 2087 5142 tio
2132 5093 2246 5160 ejus
2271 5091 2471 5160 fecitut
2514 5104 2706 5147 essent.
2760 5095 2973 5163 Ὥσπερ

2012 5163 2077 5235 ὲκ
2109 5165 2181 5231 μή
2242 5163 2411 5235 ὄντων
2446 5163 2739 5235 ὑπέστησε,
2765 5166 3109 5235 Δημιουργὸν
3154 5165 3314 5219 αὑτὸν
3361 5163 3591 5235 λέγομεν

2014 4884 2110 4936 sed
2178 4883 2457 4961 sequentia
2481 4887 2682 4961 docent
2743 4883 3028 4957 legendum
3089 4883 3232 4952 esse,
3291 4891 3493 4961 μετοχὴ
3541 4883 3594 4943 'et

2014 4952 2291 5013 κοινωνία,
2325 4954 2376 5005 in
2410 4953 2766 5007 nominativo.

2085 5021 2200 5091 (62‘)
2235 5021 2386 5075 Sicut
2414 5022 2580 5092 igitur
2609 5025 2788 5077 omnia
2840 5040 2959 5077 cum
3016 5042 3119 5080 non
3162 5037 3374 5090 essent,
3440 5043 3592 5083 crea—

3031 5092 3125 5151 οὗν
3168 5097 3304 5149 διότι
3363 5096 3431 5149 τὰ
3464 5096 3592 5151 ὄντα

3075 5235 3589 5306 ήπρόοδοςΛΔεειε

2023 5320 2050 5376 1
2075 5302 2229 5376 Sicut
2261 5302 2445 5371 igitur,
2486 5302 2921 5376 qu_ia_creaturas
2954 5319 3020 5359 ex
3082 5302 3253 5358 nihilo
3308 5310 3588 5376 produxit,

2014 5368 2773 5445 Opiliceinvtpsunidicimus,
2801 5376 3055 5443 quamvis
3086 5368 3322 5444 Opilicio'
3354 5379 3591 5445 quolilet

2014 5442 2174 5525 longe
2214 5443 2559 5525 pi-mstaiitior
2583 5444 2655 5496 sit
2688 5442 3005 5525 hujus'inodi
3037 5442 3350 5514 productio.

2084 5509 2387 5582 Turrianus
2417 5513 2506 5567 hic
2528 5509 2793 5582 quaepiam
2822 5514 3032 5567 omisit.

2085 5582 2198 5649 (οὗ)
2230 5578 2325 5635 Est
2352 5578 2889 5650 quinta'dis'sertatio
2914 5584 3055 5654 apud
3092 5584 3442 5655 Basnagiuni.

2015 5233 2062 5282 εἰ
2092 5236 2184 5303 καὶ
2212 5231 2472 5303 κρείττων
2489 5231 2665 5303 πολλῷ
2686 5231 3045 5303 δημιουργίας
