3908 6214
346 301 454 366 9θῦ

1030 309 1129 367 AD
1164 302 1769 370 AMPHILOCHIUM'
1798 306 2140 378 QUzESTIO
2180 308 2903 370 CLXXXIV‘CLXXXVI.

3503 305 3606 367 906

346 416 410 466 τδ
430 414 582 466 Θεῖον
603 414 962 481 ἀδιαστάτως,
986 417 1115 493 μηδὲ
1135 418 1202 470 τὰ
1223 417 1683 487 πάνταπληροῧν,
1710 400 1930 487 ὲμφὺτῳ

2039 418 2391 489 anticipatum
2413 457 2427 481 ,
2462 417 2630 471 Deum
2678 430 2799 470 esse
2827 416 3027 484 ubique
3078 415 3195 469 sine
3232 415 3338 468 ulla
3371 413 3604 468 interca-

350 506 446 561 xui
475 509 625 577 κοινῇ
658 506 954 567 κατέλαϐεν
976 508 1277 578 ἀντιλήψει.
1313 510 1374 561 Εἰ
1404 509 1461 562 δὲ
1494 510 1628 561 πᾶσι
1656 508 1917 579 πάρεστιν

349 600 379 650 ὁ
411 598 541 660 Θεὸς
579 601 689 662 τοῖς
719 594 892 664 οὖσιν,
934 599 1089 654 οὐδὲν
1120 600 1220 671 τῆς
1261 599 1576 672 ὑπερφυοῦς
1604 598 1775 654 αὑτοῦ
1821 599 1921 670 cpti-

350 706 489 754 σεως
515 691 581 746 bc
614 690 713 762 τῆς
753 691 881 763 περὶ
911 690 980 748 τὰ
1007 692 1466 764 δημιουργήματα
1502 693 1668 748 αὑτοῦ
1702 708 1923 762 παρου-

352 783 474 845 σίας
527 782 1039 856 συναλλοιουμένης,
1082 785 1306 841 ἐκείνων
1343 785 1761 855 ἁλλοιουμὲνων,
1798 782 1921 836 οὔτε

350 874 463 936 τοῖς
494 872 614 926 καθῗ
642 874 909 929 ὑπόϐασιν
938 877 1125 948 ἑτέρου
1173 877 1309 947 πρὸς
1339 876 1523 948 ἕτερον
1551 876 1925 945 ἐλαττώμασιν

353 964 881 1035 σννελαττουμένης,
916 966 1037 1021 οὑδὲ
1069 971 1187 1031 ταῖς
1214 970 1272 1022 ὲν
1308 970 1422 1031 τοῖς
1451 968 1744 1039 κτίσμασιν
1793 967 1927 1022 ἁνα-

352 1053 651 1121 φνομέναις
692 1054 906 1124 κηλίσιν
944 1055 1391 1127 ὲνυὸριζομένης,
1416 1057 1533 1111 ἀλλ’
1561 1058 1621 1111 ὲν
1640 1060 1705 1127 τῇ
1747 1056 1927 1130 ἀφρά-

354 1156 467 1211 στῳ
495 1144 588 1199 καὶ
615 1145 960 1216 ἀπερινοήτῳ
995 1147 1096 1215 τῆς
1124 1147 1527 1217 μακαριότητος
1552 1149 1792 1219 ὑπεροχῇ
1827 1149 1923 1201 καὶ

352 1232 622 1297 ἀπαθείας
666 1233 1096 1307 ὑπεριδρυμένος
1148 1239 1379 1308 πάρεστί
1420 1256 1480 1292 τε
1506 1241 1620 1302 τοῖς
1644 1239 1759 1293 οὖσι
1784 1280 1798 1303 ,
1831 1240 1927 1292 καὶ

355 1325 569 1395 συνέχει
596 1325 770 1381 ταῦτα
799 1328 894 1382 καὶ
915 1327 1185 1396 διεξάγεν
1213 1331 1330 1394 πῶς
1355 1330 1422 1385 ἂν
1452 1332 1709 1386 ἀδύνατον
1742 1332 1827 1402 εἴη
1848 1370 1863 1396 ,
1891 1331 1926 1402 ἡ

352 1431 476 1471 τινα
496 1414 662 1484 φέρον
691 1413 871 1483 ὓϐριν,
896 1416 973 1485 τῷ
998 1416 1324 1487 ἀνθρωπίνῳ
1348 1420 1602 1489 παρεῖναι
1624 1419 1924 1488 φυράματι,

354 1505 450 1559 καὶ
496 1504 597 1575 τὴν
643 1505 955 1576 ἀπόρρητον
998 1506 1165 1565 αὑτοῦ
1207 1507 1620 1581 φιλανθρωπίαν
1663 1510 1758 1567 καὶ
1792 1510 1931 1580 πρό-

354 1613 503 1655 νοιαν
547 1595 636 1651 διὰ
682 1583 780 1665 τῆς
822 1596 1154 1668 σαρκώσεως
1196 1600 1598 1664 habethabet;
1648 1600 1847 1670 μᾶλλον
1872 1600 1929 1653 δὲ

359 1688 477 1751 πῶς
508 1688 571 1742 οὑ
613 1688 813 1755 καλόν;
852 1688 978 1754 Πῶς
1002 1689 1047 1745 δ’
1076 1691 1176 1763 οὑχ
1203 1691 1494 1763 ἀρμόδιον;
1522 1692 1665 1747 Ἅλλ⁵
1708 1694 1736 1745 ὁ
1776 1693 1930 1760 λόγος

355 1774 511 1844 οὗτος
515 1817 531 1834 ο

433 1873 591 1935 Ἰσως
618 1873 685 1927 ἄν
726 1890 813 1937 τις
845 1874 1255 1945 ὑποκρούσειεν,
1287 1875 1349 1929 οὑ
1380 1875 1541 1945 μόνον
1575 1875 1929 1945 ὲνανθρωπῆ-

358 1981 446 2017 σαι
472 1964 533 2016 τὸ
559 1964 713 2018 Θεῐον
733 1968 953 2037 φρονεῖν
973 1967 1311 2032 ὑποτίθεται,
1341 1968 1475 2023 ἀλλὰ
1509 1970 1601 2021 καὶ
1623 1968 1729 2022 τῶν
1751 1967 1925 2023 ἄλλων

358 2056 612 2109 ἁπάντων
653 2058 972 2126 κτισμάτων
1013 2057 1106 2127 τὴν
1135 2057 1297 2126 φύσιν
1331 2058 1603 2123 ὑπελθεῖν,
1663 2059 1758 2112 καὶ
1790 2057 1927 2127 πρὸς

358 2147 611 2200 οὑσίωσιν
645 2146 1027 2213 ἀναδέξασθαι.
1084 2149 1245 2205 Ἀλλά
1297 2166 1360 2217 γε
1404 2151 1502 2219 τῆς
1549 2150 1649 2219 σῆς
1689 2149 1927 2213 διανοίας

359 2238 420 2289 τὸ
442 2234 765 2306 εὑστροφον,
799 2239 828 2291 ό
870 2237 1185 2305 γενναῖοςὶ,
1220 2239 1640 2309 ἀποδεχόμενος,
1665 2241 1765 2297 οὐκ
1793 2242 1931 2293 ἀπο-

359 2329 590 2400 δέχομαι
634 2331 735 2397 τῆς
769 2330 936 2400 ἄλλης
993 2331 1292 2401 ὲπιδολῆς,
1339 2333 1422 2387 ὅτι
1474 2333 1547 2403 μὴ
1593 2331 1787 2386 θᾶττον
1829 2332 1932 2385 ἐπ-

359 2421 533 2487 έγνως
598 2420 734 2491 μηδὲ
786 2421 1089 2492 προσέσχες
1141 2422 1328 2493 βιαίως
1372 2424 1472 2495 τὴν
1510 2425 1748 2496 ἑξαρχῆς
1783 2424 1934 2478 θέσιν

360 2510 779 2582 ἐξαρνούμενος.
826 2511 887 2567 Ὀ
928 2512 1038 2581 γὰρ
1073 2512 1333 2570 ἀδύνατον
1364 2514 1768 2584 διατεινόμενος
1803 2515 1937 2570 Θεὸν

364 2600 732 2671 σαρκοῦσοθαι,
760 2603 854 2656 καλ⁸
897 2603 1246 2673 ἀνθρωπίνην
1292 2605 1505 2677 μορρὴν
1544 2606 1934 2676 ἀναδέχεσθαι,

360 2687 618 2741 τοσοῦτον
647 2688 735 2742 διὰ
774 2689 875 2758 τῆς
906 2690 1165 2761 δευτέρας
1201 2694 1434 2763 ἀπορίας
1487 2694 1738 2762 φαίνεται
1782 2695 1941 2748 τοῦτο

364 2777 768 2848 συνομολογῶν,
830 2780 907 2843 ὠς
935 2781 1056 2834 οὐδὲ
1078 2782 1185 2835 τῶν
1204 2782 1379 2836 ἄλλων
1400 2786 1710 2855 κτισμάτων
1730 2785 1942 2849 οὐδενὸς

364 2869 461 2939 τὴν
504 2870 665 2938 φύσιν
695 2871 988 2924 ἀναλαϐεῖν
1020 2873 1182 2927 αὑτὸν
1217 2874 1595 2942 ἀποφαίνεται,
1629 2879 1722 2930 καὶ
1756 2880 1784 2930 ὁ
1818 2878 1940 2931 καθ’

365 2960 483 3023 ἐνὸς
511 2961 651 3031 ὀρῶν
688 2962 749 3013 τὸ
796 2961 1058 3016 ἀδύνατον
1086 2963 1228 3017 κατὰ
1262 2965 1479 3018 πάντων
1523 2969 1659 3036 όμοῦ
1690 2968 1751 3020 τὸ
1780 2967 1941 3025 δυνα-

363 3052 455 3105 τὸν
485 3053 788 3122 ἐψηφίσατο
807 3071 819 3084 ο
876 3054 1016 3109 ὥστε
1049 3055 1109 3108 τὸ
1133 3056 1354 3110 δυνατὸν
1384 3055 1521 3110 εἶναι
1555 3057 1687 3112 Θεὸν
1721 3077 1941 3131 σαρκωο

2025 508 2238 577 pedine,
2291 509 2606 579 replereque
2661 508 2867 561 omnia.
2913 506 3068 572 Quod
3128 506 3173 560 si
3239 507 3292 559 in
3337 504 3593 559 erunibus

2030 598 2203 655 rebus
2244 598 2397 653 adest
2441 597 2610 661 Deus,
2639 598 2754 668 (64)
2788 598 2935 651 nulla
2983 597 3282 651 unitatione
3317 594 3456 650 facta
3484 608 3607 664 pro-

2028 700 2150 761 pter
2195 689 2543 760 praesentiam
2574 689 2819 759 ejusdem
2850 688 2902 743 in
2938 690 3122 753 rebus,
3161 703 3261 742 nec
3291 687 3395 742 ulla
3430 687 3609 741 varia-

2030 782 2177 836 tione
2208 788 2385 837 status
2413 781 2469 836 in
2515 795 2641 836 eum
2683 780 2927 846 inducta,
2958 794 3023 834 ex
3056 794 3144 845 eo,
3179 779 3325 850 quod
3352 778 3442 833 alii
3469 776 3606 831 infra

2031 876 2168 932 alios
2217 876 2349 940 sint,
2406 890 2509 931 nee
2566 875 2676 930 ulla
2730 874 3063 930 contumelia
3116 889 3338 943 aspersa
3390 883 3606 943 propter

2029 966 2296 1032 maculas,
2332 980 2456 1035 quae
2498 966 2552 1020 in
2595 967 2865 1023 creaturis
2906 966 3115 1031 insunt,
3162 965 3294 1034 quin
3344 964 3523 1034 potius
3552 962 3606 1016 in

2032 1061 2124 1115 illa
2167 1060 2519 1116 beatitudinis
2550 1061 2890 1127 excellentia,
2926 1075 3104 1130 neque
3134 1059 3241 1114 diei
3265 1100 3279 1124 ,
3318 1072 3419 1113 nec
3444 1055 3610 1110 intel-

2034 1153 2129 1223 ligi
2159 1160 2377 1223 petcst,
2434 1167 2601 1223 supra
2641 1168 2808 1222 quam
2860 1168 2982 1223 qua:
3032 1152 3213 1221 eloqui
3268 1150 3433 1212 licet,
3494 1146 3610 1202 col-

2032 1246 2242 1301 iocatus
2272 1245 2529 1300 omnibus
2574 1258 2819 1313 pnesens
2847 1243 3096 1308 interest,
3144 1250 3199 1297 et
3252 1240 3433 1296 omnia
3479 1254 3610 1293 ron-

2034 1338 2168 1391 tinet
2207 1348 2261 1390 et
2289 1337 2589 1407 gubernat;
2623 1335 2899 1407 quomodo
2929 1334 3093 1389 fuerit
3128 1332 3483 1404 impossibile,
3516 1338 3611 1384 aut

2034 1429 2309 1498 quomodo
2331 1430 2817 1493 contumeliosum,
2844 1428 3035 1484 adesse
3063 1428 3117 1481 in
3143 1427 3381 1480 humana
3407 1437 3608 1481 massa,

2034 1529 2088 1574 et
2127 1535 2283 1574 suam
2342 1521 2662 1575 cliaritatem
2718 1520 3019 1590 majorem,
3062 1533 3228 1588 quam
3279 1526 3337 1569 ut
3380 1513 3609 1583 exprimi

2035 1620 2216 1681 queat,
2246 1619 2301 1665 et
2344 1611 2739 1681 providentiam
2790 1625 2886 1681 per
2917 1610 3350 1664 incarnationem
3383 1607 3613 1661 demon-

2037 1701 2274 1755 strasse?
2326 1701 2457 1770 quin
2510 1700 2622 1754 imo
2671 1699 2948 1769 quomodo
2981 1714 3090 1753 non
3121 1698 3387 1768 optimum
3423 1703 3536 1758 est,
3560 1701 3615 1747 et

1959 1793 2007 1852 B
2035 1793 2403 1863 aptissimum.
2430 1792 2536 1847 Sed
2563 1793 2678 1848 haec
2703 1794 2968 1847 hactenus
2999 1790 3134 1861 (65).

2020 1937 2025 1941 .
2101 1883 2376 1939 Fortassis
2408 1883 2603 1954 aliquis
2632 1898 2819 1939 eorum
2841 1924 2857 1948 ,
2892 1882 2986 1950 qui
3037 1877 3470 1937 incarnationem
3503 1874 3596 1929 Dei

2032 1974 2448 2044 impossibilem,
2489 1982 2543 2028 et
2573 1974 2682 2028 Den
2732 1972 3007 2041 indignam
3049 1977 3344 2039 reputant,
3391 1965 3601 2021 refellat

2036 2081 2178 2129 eam,
2215 2066 2456 2121 sentiens
2491 2081 2597 2118 non
2630 2064 2808 2119 solum
2840 2063 3011 2117 Deum
3042 2062 3244 2115 factum
3275 2074 3402 2113 esse
3433 2057 3613 2112 homi-

2034 2174 2158 2212 nem
2182 2198 2196 2223 ,
2240 2158 2333 2211 sed
2366 2157 2527 2210 etiam
2560 2155 2807 2210 omnium
2837 2155 3069 2209 aliarum
3093 2161 3475 2208 creaturarum
3511 2164 3611 2202 ua-

2037 2259 2213 2303 turam
2256 2248 2533 2310 subiisse,
2585 2257 2639 2302 et
2678 2248 2812 2317 πρὸς
2852 2246 3108 2299 οὑσίωσιν
3153 2241 3528 2307 ἀναδέξεσθαι,
3561 2239 3613 2293 id

2034 2344 2156 2401 est,
2201 2350 2295 2391 eas
2325 2336 2391 2389 ad
2426 2334 2538 2405 (66)
2569 2335 2984 2389 sunstantialem
3017 2333 3277 2388 unionem
3313 2329 3611 2398 recepisse.

2040 2426 2145 2481 Sed
2182 2441 2278 2494 age
2309 2433 2389 2489 tu,
2424 2425 2506 2478 vir
2542 2424 2951 2489 valentissime,
2983 2422 3096 2494 (67)
3124 2422 3216 2491 qui
3265 2419 3465 2475 mentis
3511 2426 3615 2472 tum

2042 2512 2255 2567 facilem
2279 2512 2637 2565 mobilitatem
2661 2511 3033 2581 amplecteris,
3055 2524 3163 2563 non
3195 2508 3435 2576 approbo
3455 2505 3612 2560 aliam

2042 2598 2453 2665 cogitationem,
2480 2597 2611 2666 quia
2646 2612 2755 2651 non
2791 2596 3059 2665 agnovisti
3093 2595 3223 2654 cito.
3256 2594 3367 2664 (68)
3403 2608 3500 2647 nec
3528 2593 3617 2646 ad-

2042 2685 2257 2739 vertisti
2293 2686 2468 2749 ﬁrme,
2502 2683 2647 2753 quod
2683 2699 2713 2737 a
2746 2682 3016 2752 principio
3043 2683 3281 2751 positum
3317 2679 3439 2743 fuit,
3472 2680 3615 2748 quod

2044 2790 2232 2845 negas.
2263 2774 2367 2840 Qui
2399 2775 2544 2828 enim
2588 2773 2870 2828 contendit
2913 2771 3252 2841 impossibile
3282 2785 3403 2825 esse
3448 2768 3615 2822 Deum

2046 2877 2267 2917 carnem
2290 2862 2679 2931 assumpsisse,
2703 2870 2758 2916 et
2783 2862 3075 2916 humanam
3093 2860 3321 2915 formam
3349 2858 3616 2921 induisse,

2049 2969 2225 3024 usque
2247 2954 2382 3009 adeo
2406 2954 2621 3008 videtur
2648 2954 2753 3008 hoc
2775 2968 2877 3023 per
2902 2953 3198 3008 secundam
3224 2952 3617 3006 dubitationem

2045 3046 2323 3112 confiteri,
2359 3056 2413 3101 et
2458 3046 2852 3116 comprobare,
2882 3044 2995 3116 (69)
3040 3053 3100 3098 ut
3131 3044 3478 3114 pronuntiet,
3520 3057 3621 3096 nec

366 3120 714 3213 θῆναι-,οὑδὲ
769 3146 920 3217 παρὰ
974 3148 1057 3199 σοὶ
1103 3146 1213 3200 τῶν
1246 3147 1522 3207 ἀδυνάτων
1569 3120 1930 3220 φιλολογοῦντι

2048 3146 2300 3191 naturam
2340 3138 2504 3192 ullius
2557 3148 2823 3193 creatura:
2860 3150 2929 3193 ex
2979 3135 3235 3190 omnibus
3275 3135 3397 3188 aliis
3472 3148 3623 3188 sum-

364 3235 746 3308 εὑρεθήσεται.

873 3498 1207 3551 ΕΡΩΤΗΣΙΣ.
1245 3501 1434 3568 PIICT’.

809 3648 970 3709 Δίατὶ
1001 3650 1144 3716 Θεὸς
1174 3651 1486 3719 ἐσαρκώθη
1507 3669 1525 3718 ;

2051 3227 2255 3298 psisse,
2288 3237 2341 3283 et
2374 3229 2467 3298 qui
2506 3229 2559 3282 in
2594 3244 2705 3283 uno
2734 3228 2885 3284 vides
2915 3227 3018 3283 hoc
3042 3226 3399 3296 impossibile,
3430 3238 3621 3279 rursus

2044 3320 2305 3390 possibile
2336 3337 2457 3377 esse
2499 3322 2665 3376 Deum
2698 3319 3067 3389 assumpsisse
3109 3332 3330 3372 carnem
3364 3317 3420 3370 in
3448 3316 3620 3370 omni-

2042 3412 2147 3467 bus
2168 3412 2351 3478 simul,
2381 3427 2501 3481 quae
2527 3428 2625 3467 nec
2643 3412 2784 3479 apud
2811 3419 2864 3464 te
2886 3420 3012 3466 sunt
3035 3408 3418 3478 impossibilia,
3448 3407 3621 3461 vides.

2263 3501 2591 3568 QUJESTIO
2632 3500 2949 3572 CLxxxji
2994 3500 3182 3572 [eat-.1.
3221 3496 3424 3552 (xxxv.

2551 3572 2714 3627 Taur.
2769 3569 2972 3641 CCVI].
2997 3569 3130 3638 '(70)

2337 3659 2514 3723 Quare
2552 3659 2688 3712 Deus
2731 3673 2939 3711 carnem
2966 3657 3349 3725 desumpserit?

1124 3765 1264 3816 Edita
1285 3781 1310 3815 a
1336 3769 1575 3829 Basuagio
1612 3769 1667 3830 (i.
1692 3782 1736 3818 c.
1772 3782 1819 3830 p.
1842 3772 1954 3831 455,
1976 3772 2107 3835 456).
2134 3800 2196 3812 —
2216 3776 2290 3825 De
2315 3776 2475 3824 causis
2499 3773 2870 3823 Incarnationis.

452 3850 668 3921 Ἐπειδὴ
697 3852 818 3908 λίαν
845 3851 1045 3920 ὀλίγων
1076 3853 1194 3907 ἐστὶ
1224 3853 1312 3906 διὰ
1342 3854 1432 3906 νοῦ
1466 3857 1560 3908 καὶ
1592 3854 1829 3925 θεωρίας
1864 3858 1945 3919 εἰς

2124 3861 2260 3927 Quia
2321 3877 2715 3932 perpaucorum
2783 3872 2865 3916 est
2922 3862 3379 3929 conmnplatinnc
3430 3862 3628 3915 mentis

1672 3970 1905 4027 VARUE
1948 3971 2336 4027 LECTIONES

1658 4124 1683 4133 τ
1879 4108 2115 4185 NOTAE.

445 4048 459 4088 1
486 4039 522 4092 ι.
555 4031 598 4091 ὦ
620 4040 887 4107 γενναῖος.

446 4206 556 4277 (64)
596 4206 760 4259 Nulla
793 4207 1082 4277 mutatione
1109 4206 1274 4274 facta,
1318 4218 1419 4277 etc.
1463 4207 1606 4276 infra
1652 4208 1789 4262 alios
1811 4208 1939 4262 sint.

374 4275 543 4350 Ot)5_t-‘.V
574 4277 672 4345 τῆς
716 4275 1045 4350 ὑπερφυοῦς.
1076 4277 1241 4350 αὑτοῦ
1274 4275 1489 4350 φύσεως
1524 4275 1605 4331 ἐκ
1666 4281 1766 4350 τῆς
1817 4279 1944 4347 περὶ

372 4348 442 4399 τὰ
470 4345 928 4415 δημιουργήματα
991 4345 1157 4398 αὑτοῦ
1226 4347 1555 4416 παρουσίας,
1596 4345 1943 4401 συναλλοιοὺ-

2050 4207 2291 4277 διανοίας
2320 4206 2380 4256 τὸ
2405 4205 2699 4277 εὑστροφον
2726 4208 3144 4277 ἀποδεχόμενος,
3163 4209 3262 4260 οὐκ
3295 4205 3629 4277 ἀποδέχομαι

2056 4276 2155 4343 τῆς
2189 4276 2356 4342 ἄλλης
2381 4276 2632 4345 ἐκὸολῆς.
2667 4277 2716 4328 Id
2745 4287 2829 4331 est
2860 4297 2872 4332 :
2898 4275 2933 4328 ἰ
2967 4275 3073 4344 Qui
3107 4281 3303 4331 limitis
3340 4286 3443 4329 tua:
3491 4275 3626 4328 faci-

2054 4346 2156 4397 lem
2191 4345 2547 4398 mobilitatem
2581 4347 2902 4414 amplector,
2934 4364 3042 4403 non
3075 4348 3313 4417 approbo
3351 4346 3511 4398 aliam
3538 4362 3629 4399 co-

377 4417 535 4489 μένη,
566 4416 785 4489 ἐκείνων
811 4415 1225 4489 ᾀλλοιουμένων,
1245 4415 1367 4489 οὔτε
1388 4417 1501 4480 τοῖς
1529 4418 1653 4489 κατ’)
1676 4418 1942 4489 ὑπόϐασιν
1981 4436 2021 4489 ι)
2051 4416 2390 4489 ςίιξιιιοιιςιη.
2430 4432 2448 4464 ι

374 4484 595 4557 ἐτέρου,
652 4486 787 4554 πρὸς
834 4486 1017 4557 ἕτερον
1068 4484 1452 4553 ἐλαττώμασι,
1518 4486 1943 4557 συνελαττουμέ-

374 4574 493 4623 νης.
539 4555 591 4607 Id
632 4566 752 4609 est:
796 4574 813 4606 ι
847 4556 952 4609 Nec
977 4566 1156 4626 tamen
1190 4558 1624 4624 supernaturalis
1678 4559 1797 4626 ejus
1840 4555 1940 4609 na-

376 4635 495 4679 tura
529 4626 601 4677 ob
631 4627 971 4692 prmsentiam
1006 4625 1177 4693 ipsius
1208 4625 1261 4678 in
1292 4627 1456 4680 rebus
1495 4628 1694 4682 creatis
1735 4628 1949 4681 altera-

377 4705 486 4757 tur,
521 4698 647 4748 dum
680 4696 978 4748 alterantur
1008 4695 1111 4747 illae
1141 4711 1156 4760 ;
1184 4711 1360 4763 neque
1400 4697 1457 4749 ﬁt
1489 4697 1667 4750 minor
1716 4708 1809 4752 aut
1860 4697 1944 4749 in-

374 4766 562 4825 ferior,
583 4767 721 4836 dum
757 4767 1349 4836 creaturtesecundum
1394 4766 1751 4836 subjectionis
1793 4765 1942 4821 ordi-

374 4850 497 4889 nem
527 4835 645 4888 alia:
693 4836 828 4888 liunt
879 4835 1000 4887 aliis
1033 4834 1342 4890 inferiores.
1374 4855 1393 4887 ι

373 4974 417 5027 Τ
448 4906 839 4985 Pluraomissa
875 4905 960 4957 hic
988 4904 1265 4958 observari
1316 4913 1544 4975 possunt
1597 4907 1650 4960 in
1704 4905 1955 4961 versione

424 4990 651 5027 urnam.

424 4990 651 5028 lll'l'lalll.

452 5046 565 5113 (62))
619 5043 721 5098 Sed
756 5043 867 5097 h’l’c
901 5046 1178 5100 hactenus.
1251 5044 1538 5113 Fortassis,
1572 5054 1671 5096 etc.
1724 5043 1953 5097 Factum

372 5108 484 5169 esse
535 5108 817 5168 hominem.
856 5115 994 5167 Ἀλλ’
1055 5119 1082 5168 ό
1131 5117 1286 5182 λόγος
1350 5108 1531 5177 circa;
1581 5115 1708 5175 ἴσως
1754 5116 1819 5168 ἄν
1868 5132 1953 5176 τις

377 5184 791 5253 ὑποκρούσειεν,
809 5184 869 5235 οὑ
908 5186 1069 5254 μόνον
1090 5185 1509 5253 ὲνανθρωπῆσαι
1550 5184 1611 5235 τὸ
1637 5184 1788 5237 Θείον
1820 5202 1953 5253 φρο-

374 5258 488 5307 νεῖν
518 5255 852 5307 ὑποτίθεται.
898 5255 951 5309 Id
982 5266 1101 5310 est:
1140 5275 1158 5306 ι
1195 5256 1298 5308 Sed
1328 5255 1443 5307 haac
1478 5254 1956 5314 ratiocinatio,ob-

371 5325 526 5394 jiciet
558 5325 792 5379 fortasse
823 5326 1118 5393 quispiam,
1156 5340 1265 5379 non
1302 5326 1478 5378 solum
1527 5324 1693 5377 Deum
1750 5324 1956 5378 factum

375 5410 497 5448 esse
528 5396 800 5448 hominem
830 5396 1071 5464 suggerit
1104 5406 1162 5449 ut
1182 5396 1505 5449 sentiamus.
1549 5411 1566 5443 ι

450 5464 567 5533 (66)
595 5465 675 5517 Ad
702 5464 1105 5518 substantialent
1163 5467 1433 5518 unionem.
1488 5465 1627 5535 Πρὸς
1677 5464 1952 5518 οὑσίωσιν.

378 5533 430 5587 Id
457 5545 533 5587 cst
565 5554 579 5588 :
609 5553 627 5585 ι
667 5538 746 5589 Ad
781 5535 1297 5591 substantiationem
1329 5551 1427 5590 seu
1466 5533 1788 5591 substantiae
1834 5550 1958 5604 pro-

377 5616 710 5659 ducttonem.
743 5627 761 5657 ι

451 5674 560 5743 (67)
598 5675 701 5738 Qui
730 5676 915 5729 mentis
982 5685 1084 5729 tuw
1152 5674 1361 5740 facilem
1418 5674 1765 5729 mobilitatem
1843 5689 1957 5725 am-

380 5744 648 5813 plecteris,
688 5764 789 5799 non
834 5750 1065 5813 approbo
1095 5746 1255 5798 alium
1289 5747 1678 5815 cognationem.
1715 5745 1826 5813 Τῆς
1859 5744 1956 5806 σῆς

2126 4483 2238 4551 (68)
2277 4481 2390 4536 Nec
2415 4484 2691 4538 advenisti
2714 4485 2851 4553 quod
2882 4503 2913 4538 α
2944 4487 3204 4555 principio
3245 4485 3471 4555 positum
3506 4484 3628 4555 fuit,

2054 4555 2215 4625 quod?
2243 4570 2423 4625 negas.
2455 4555 2604 4623 Μηδὲ
2654 4553 2955 4625 προσέσχες
2988 4596 2999 4607 .
3032 4596 3044 4610 .
3078 4596 3091 4609 .
3119 4553 3311 4625 ’τὴννὲξ
3339 4557 3514 4623 ἀρχῆς
3542 4553 3632 4625 θέο

2057 4623 2142 4677 σιν
2172 4623 2676 4696 ἐξαρνούμενος.ίσ1
2707 4635 2822 4680 est:
2865 4623 2915 4696 ι
2948 4626 3134 4696 Neque
3184 4623 3630 4696 animadvertisti

2058 4704 2109 4749 te
2136 4694 2468 4765 propositam
2507 4694 2574 4746 ab
2599 4695 2754 4748 initio
2781 4695 2980 4756 thesin.
3002 4694 3097 4750 scu
3128 4696 3275 4765 quod
3295 4695 3629 4762 propositum

2057 4765 2214 4818 initio
2252 4764 2444 4835 fuerat.
2484 4778 2713 4830 prorsus
2763 4780 3007 4835 negasse.
3049 4784 3066 4815 ι
3145 4764 3156 4810 ἶ

2131 4838 2240 4901 (ὕυ)
2283 4830 2350 4886 Ut
2380 4836 2704 4900 pronuntiet,
2753 4830 2858 4890 etc:
2917 4834 3277 4901 lmpossibilia
3331 4833 3495 4887 vides.
3545 4832 3634 4893 Ὠς

2056 4903 2178 4956 οὑδὲ
2208 4903 2315 4955 τῶν
2340 4902 2517 4974 ἄλλων
2568 4904 2884 4974 κτισμάτων
2918 4906 3130 4967 οὐδενὸς
3168 4905 3266 4972 τὴν
3304 4903 3468 4974 φύσιν
3503 4902 3634 4974 ἁνα-

2055 4973 2238 5026 λαϐεῖν
2257 4973 2417 5027 αὑτὸν
2431 4971 2811 5043 ἀποφαίνεται,
2830 4975 2923 5027 καὶ
2939 4976 2967 5027 ό
2984 4974 3105 5027 καθ’
3129 4971 3245 5036 ἑνὸς
3265 4971 3405 5043 ὁρῶν
3424 4971 3484 5024 τὸ
3510 4971 3636 5043 ἁδύ-

2058 5059 2236 5105 νατον,
2268 5044 2409 5113 κατᾷ
2443 5040 2659 5113 πάντων
2684 5045 2818 5113 ὁμοῦ
2850 5045 2910 5096 τὸ
2932 5046 3153 5097 δυνατὸν
3186 5040 3507 5112 ἐψηφίσατο,
3527 5040 3635 5113 ὤστ-

2058 5114 2202 5186 τετὸ
2227 5112 2455 5186 δννατὸν
2488 5110 2627 5186 εἶναι
2654 5110 2786 5186 Θεὸν
2804 5116 3162 5186 ᾲσαρκωθῆναι
3188 5110 3313 5165 οὑδὲ
3360 5112 3508 5186 παρὰ
3551 5110 3635 5163 σοὶ

2058 5185 2167 5254 τῶν
2216 5182 2495 5254 ἀδυνάτων
2545 5182 2914 5251 φιλολογοῦντί
2972 5185 3347 5254 εὑρεθήσεται.
3402 5184 3453 5235 Id
3514 5189 3633 5235 est:

2064 5274 2081 5305 ι
2120 5252 2191 5307 Ut
2218 5253 2537 5321 pronuntiet
2580 5254 2832 5308 eumdem
2873 5252 3194 5309 cmtcraritiii
3250 5262 3628 5307 creaturarum

2060 5326 2261 5378 nullam
2294 5338 2400 5376 non
2442 5325 2805 5391 assumpsisse
2836 5333 3110 5386 naturain,
3149 5332 3201 5376 ιιι
3261 5324 3352 5392 qui
3407 5324 3459 5375 in
3530 5337 3632 5373 una

2060 5410 2173 5448 mn
2240 5393 2631 5461 impossibilem
2678 5409 2800 5449 esse
2851 5395 3087 5457 videbat,
3164 5395 3211 5449 is
3271 5396 3323 5447 in
3377 5392 3635 5445 omnibus

2059 5465 2223 5519 simul
2275 5465 2582 5532 possibilem
2641 5480 2762 5518 esse
2820 5465 3031 5519 censuit
3065 5465 3201 5517 adeo
3270 5474 3327 5517 ut
3395 5462 3534 5531 apud
3589 5469 3636 5510 te

2061 5534 2419 5589 ratiocinandi
2458 5533 2761 5588 studiosum
2787 5552 2892 5587 non
2938 5534 3295 5604 itnpnssibilis
3331 5532 3635 5586 inveniatur

2061 5605 2260 5658 divina!
2293 5605 2692 5658 incarnationis
2723 5606 3077 5673 possibilitas.
3119 5625 3134 5653 ι

2132 5678 2243 5743 (⁷οι
2291 5675 2383 5728 Est
2419 5672 2734 5729 dissertatio
2780 5684 2934 5728 sexta
2988 5676 3127 5744 apud
3160 5672 3519 5741 Basnagium.
