3908 6214
380 298 485 363 90³1

1542 298 1803 358 PHOTII
1832 300 2339 360 PATRIARCHE
2365 300 2476 361 (ΖΡ.

3528 292 3641 354 908

381 412 790 482 cogitationem,
827 427 951 483 quae
971 410 1138 465 Deum
1165 410 1379 473 deceat,
1411 409 1479 464 de
1501 409 1613 463 Deo
1641 408 1962 475 informare,

2093 412 2369 465 ›αντασίαν
2397 408 2638 464 ἀνελθεῖν
2683 407 2778 461 τοῦ
2804 407 2964 461 Θείου
3003 403 3283 475 θεοπρεπῆ
3306 445 3321 470 ,
3355 402 3452 456 καὶ
3484 403 3649 457 τοῦτο

382 502 548 572 tique
579 503 665 557 vel
712 518 780 559 ex
816 518 884 559 eo
915 504 1111 574 liquet,
1142 502 1285 570 quod
1317 501 1379 569 ii,
1417 500 1510 571 qui
1541 499 1793 555 videntur
1822 499 1965 555 inter

2093 502 2226 571 ιῆλον
2260 500 2321 566 ἐξ
2355 494 2429 554 ὧν
2461 501 2554 553 καὶ
2592 501 2639 552 οἱ
2666 497 2950 561 δοκοῦντες
2980 497 3061 559 είς
3099 497 3271 566 ἀκρον
3308 494 3498 547 ὲλάσαι
3544 494 3647 561 τῆς

385 593 638 649 homines
674 594 739 649 ad
789 610 1068 650 suntmum
1116 592 1397 663 fastigium
1439 590 1726 661 sapientia:
1768 604 1967 660 perve-

389 684 560 750 nisse,
603 685 745 740 inter
785 700 845 741 se
877 688 1028 755 ipsos
1069 693 1123 740 et
1155 684 1224 739 ab
1253 683 1376 739 aliis
1412 682 1713 753 plurimum
1752 682 1968 737 dissen-

387 775 836 840 serunt;idcirco
868 776 1009 831 Deus
1042 774 1219 831 factus
1241 784 1324 829 est
1357 774 1746 840 homo,utnou
1766 772 1972 836 solum,

388 866 484 936 qui
533 868 657 937 plus
700 865 1055 937 cognitionis,
1095 880 1259 932 quam
1298 864 1389 919 alii
1428 863 1667 919 assecuti
1696 863 1968 922 videntur,

391 957 486 1012 sed
513 958 679 1013 etiam
710 958 906 1027 vulgus
935 957 1239 1021 hominum,
1274 954 1369 1026 qui
1406 954 1583 1024 magis
1615 968 1781 1009 sensu
1804 967 1968 1023 quam

393 1052 605 1106 ratione
630 1051 906 1106 ducuntur
928 1091 943 1114 ,
979 1065 1074 1120 per
1101 1063 1165 1105 ea
1188 1088 1203 1115 ,
1237 1063 1361 1119 quae
1400 1047 1585 1102 vident
1617 1052 1672 1101 et
1709 1046 1969 1112 audiunt,

396 1142 463 1197 ad
514 1142 659 1211 piam
697 1152 752 1198 et
790 1142 1089 1197 salutarem
1123 1139 1216 1195 Dei
1269 1139 1637 1211 cognitionem
1689 1150 1976 1193 recurrere

397 1233 628 1304 possint,
659 1247 755 1304 per
788 1248 874 1299 ea,
913 1248 1034 1304 qua:
1063 1233 1168 1287 sub
1200 1247 1427 1288 sensum
1458 1231 1663 1286 cadunt
1684 1271 1698 1295 ,
1731 1230 1799 1285 ad
1825 1245 1973 1295 eum,

398 1326 492 1395 qui
532 1324 633 1381 sub
676 1324 1114 1394 intelligentiam,
1162 1323 1545 1386 ascendentes,
1576 1322 1726 1377 etab
1754 1321 1823 1376 iis
1855 1335 1977 1390 quae

401 1429 497 1483 per
528 1429 750 1469 carnem
787 1430 818 1468 a
845 1414 955 1468 Deo
988 1412 1127 1468 facta
1154 1422 1318 1477 sunt,
1352 1414 1417 1467 ad
1454 1411 1975 1481 contemplationem

402 1505 705 1560 divinitatis
735 1506 1071 1575 incorporea:
1095 1512 1151 1559 et
1179 1519 1346 1573 supra
1378 1512 1653 1567 naturam,
1679 1510 1843 1570 atque
1878 1500 1981 1555 hoc

402 1595 617 1666 quidem
645 1595 804 1650 exiis
829 1609 950 1664 qua:
971 1594 1314 1656 acciderunt,
1342 1591 1567 1662 pateﬁt;
1598 1606 1663 1645 ex
1691 1605 1801 1661 quo
1832 1590 1978 1644 enim

401 1686 548 1742 Deus
576 1685 751 1742 factus
775 1696 861 1742 est
892 1686 1085 1751 homo,
1132 1692 1186 1740 et
1234 1683 1326 1739 illa
1366 1682 1729 1746 admirabilia,
1772 1688 1822 1734 et
1860 1695 1983 1750 qua:

403 1794 572 1851 supra
600 1787 853 1835 naturam
884 1787 1041 1834 crant
1069 1792 1256 1848 opera,
1284 1775 1513 1831 formam
1542 1784 1752 1829 natura:
1781 1781 1982 1828 nostrae

405 1871 590 1927 ferens
618 1870 880 1942 perfecit,
913 1870 1178 1926 absurdas
1232 1878 1286 1923 et
1335 1865 1735 1937 multiplicibus
1775 1863 1983 1918 errori-

406 1964 510 2019 bus
552 1963 848 2035 implicitas
889 1962 1253 2033 cogitationes
1286 1961 1626 2030 abjecerunt,
1662 1966 1717 2014 et
1746 1956 1853 2011 illis
1883 1971 1986 2011 nu-

409 2053 493 2123 gis
539 2063 594 2109 et
642 2055 914 2110 idolorum
964 2054 1277 2111 fictionibus
1313 2054 1502 2123 procul
1528 2050 1782 2121 relegatis
1814 2048 1984 2105 Deum

409 2144 465 2197 in
501 2158 667 2199 carne
705 2143 885 2200 visum
910 2183 926 2207 ,
980 2144 1125 2199 hunc
1158 2159 1345 2199 verum
1385 2144 1548 2197 Deum
1577 2156 1697 2197 esse
1721 2138 1989 2196 conﬁten-

411 2240 522 2298 tur,
558 2230 624 2286 et
646 2241 978 2287 venerantur
1002 2271 1017 2296 ,
1064 2231 1156 2302 qui
1190 2231 1339 2301 digni
1384 2229 1552 2284 habiti
1586 2238 1716 2284 sunt
1739 2266 1754 2291 ,
1804 2235 1863 2281 ttt
1890 2240 1989 2297 per

409 2319 756 2389 praesentiam
823 2319 1071 2387 corporis
1128 2318 1251 2387 ejus
1305 2318 1419 2387 (71)
1477 2325 1533 2372 et
1585 2330 1811 2385 operum
1867 2313 1989 2381 ejus

411 2416 634 2476 aspectu
669 2414 724 2461 et
761 2407 1043 2461 auditione
1083 2421 1207 2460 eum
1249 2412 1676 2476 cognoscerent,
1708 2411 1763 2457 et
1793 2400 1990 2469 hujus-

413 2495 564 2550 modi
594 2494 908 2565 cognitione
947 2493 1015 2548 ad
1064 2492 1434 2562 cognitionem
1483 2505 1546 2546 ac
1572 2487 1994 2556 contemplatio-

414 2596 540 2637 nem
568 2581 690 2652 ejus
720 2590 930 2636 naturae
961 2579 1368 2650 inaspectabilis
1397 2578 1819 2634 adducerentur.

487 2669 597 2725 Sed
641 2670 758 2725 haec
796 2669 1014 2738 quidem
1050 2683 1160 2723 una
1207 2683 1409 2733 causa;
1449 2666 1625 2721 altero
1668 2678 1801 2719 vero
1844 2661 1993 2733 quod

416 2776 763 2832 nequaquam
815 2759 975 2815 fortis
1021 2760 1222 2830 ligatus
1259 2769 1431 2826 esset,
1479 2758 1591 2827 (72)
1624 2755 1731 2812 nisi
1780 2755 1996 2811 fortiter

419 2862 695 2905 certamen
732 2850 836 2903 hoc
867 2847 1148 2903 subiisset.
1185 2845 1390 2911 Tertia,
1413 2845 1561 2915 quod
1589 2843 1839 2900 doctrina
1864 2856 1997 2896 ocu-

421 2940 510 3005 lis,
540 2949 591 2993 et
620 2940 848 2994 auribus
882 2938 1175 3009 praeposita
1204 2935 1472 2991 valentior
1496 2943 1601 2999 est,
1623 2941 1680 2989 et
1706 2932 1882 2987 multo
1911 2929 1995 2985 fa-

420 3028 578 3083 cilior
620 3027 689 3083 ad
715 3028 1147 3097 exsequendum,
1186 3039 1351 3094 quam
1396 3038 1518 3092 quae
1549 3037 1580 3076 e
1615 3021 1915 3091 longinquo
1941 3027 1998 3073 et

2070 595 2127 647 ὲν
2167 590 2477 663 ἀνθρώποις
2509 590 2703 659 σοφίας
2740 588 2877 658 πρὸς
2923 587 3064 656 σφᾶς
3104 584 3339 647 ἑαυτοὺς
3366 584 3464 637 καὶ
3510 582 3652 652 πρὸς

2070 684 2334 754 ἀλλήλους
2361 684 2454 737 ἐπὶ
2482 682 2741 752 μέγιστον
2761 678 3120 750 διηνέχθησαν
3137 693 3152 708 ⁸
3176 675 3267 730 διὰ
3301 675 3463 728 τοῦτο
3493 674 3654 743 ἐνην-

2070 774 2364 846 θρὼπησεν
2399 777 2427 829 ό
2453 775 2621 838 Θεὸς,
2663 773 2751 827 ῑνα
2802 771 2878 842 μὴ
2919 770 3082 840 μόνον
3109 769 3160 821 οἱ
3207 766 3372 820 πλέον
3413 782 3468 818 τι
3510 762 3656 817 κατά

2072 866 2275 933 γνῶσιν
2302 865 2412 919 τῶν
2439 864 2614 920 ἀλλων
2642 862 2787 933 ἔχειν
2810 858 3119 923 δοκοῦντες,
3146 855 3282 910 ἀλλά
3308 855 3403 909 καὶ
3431 856 3461 907 6
3486 854 3658 916 πολὺς

2074 957 2357 1028 ἄνθρωπος
2376 957 2405 1009 ό
2430 958 2497 1026 τῇ
2530 954 2785 1023 αἰσθήσει
2822 950 3022 1022 μᾶλλον
3046 949 3080 1020 ἢ
3114 947 3193 1018 τῷ
3222 944 3471 1016 λογισμῷ
3499 961 3656 1014 χειρο

2076 1048 2491 1119 αγωγούμενος,
2532 1045 2601 1100 δι’
2636 1040 2711 1100 ὧν
2752 1045 2855 1115 όρᾷ
2894 1060 2957 1097 τε
3028 1041 3125 1096 καὶ
3169 1038 3358 1092 ἀκούει
3388 1036 3526 1107 πρὸς
3556 1037 3660 1106 τὴν

2077 1139 2275 1209 εὐσεϐῆ
2304 1138 2400 1192 τοῦ
2436 1137 2594 1191 Θείου
2622 1136 2720 1189 καὶ
2748 1135 3016 1205 σωτήριον
3052 1132 3293 1194 ἔννοιαν,
3335 1127 3663 1197 ἀνατρέχειν

2078 1232 2189 1302 ἔχει
2219 1228 2247 1270 ι
2283 1230 2373 1284 διὰ
2404 1229 2515 1283 τῶν
2546 1225 2818 1298 αἰσθητῶν
2846 1226 2939 1278 ἐπὶ
2976 1222 3085 1277 τῶν
3124 1220 3143 1261 ι
3179 1220 3386 1291 νοητῶν
3436 1217 3665 1271 ἀναϐαἰο

2078 1340 2205 1389 νων,
2229 1322 2325 1376 καὶ
2357 1321 2463 1375 ἀπὸ
2487 1320 2596 1373 τῶν
2615 1318 2702 1372 διὰ
2727 1317 2899 1389 μέσης
2921 1316 3020 1384 τῆς
3049 1312 3251 1383 σαρκὸς
3281 1308 3662 1381 θεουργουμέο

2079 1433 2186 1470 νων
2222 1414 2316 1469 ἐπὶ
2344 1414 2442 1484 τὴν
2481 1412 2582 1480 τῆς
2614 1407 2927 1479 ὑπερφυοῦς
2953 1406 3049 1461 καὶ
3075 1403 3369 1474 ἀσωμάτου
3406 1401 3667 1470 θεότητος

2081 1502 2338 1575 θεωρίαν.
2381 1501 2490 1555 Καὶ
2510 1500 2670 1555 τοῦτο
2708 1499 2870 1570 δῆλον
2904 1499 2969 1551 ὲκ
3003 1495 3115 1550 τῶν
3143 1492 3527 1563 έκϐεϐηκότων
3554 1506 3569 1521 ·
3605 1490 3668 1556 ἐξ

2082 1590 2143 1651 οὗ
2170 1596 2282 1666 γὰρ
2319 1593 2451 1657 Θεὸς
2478 1590 2902 1664 ένανθρώπησαι
2922 1601 2986 1654 ω,
3020 1587 3116 1642 καὶ
3155 1587 3222 1640 τὰ
3250 1582 3535 1654 παράδοξα
3569 1583 3671 1635 καὶ

2084 1685 2339 1757 ὑπερφυῆ
2385 1683 2496 1738 τῶν
2543 1682 2720 1755 ἔργων
2757 1681 2858 1752 τὴν
2890 1679 3167 1751 ἡμετέραν
3216 1676 3400 1748 φέρων
3448 1673 3669 1747 μορφὴν

2084 1779 2428 1843 ἐπετέλεσεν,
2461 1776 2562 1840 τὰς
2591 1774 2917 1838 ἀλλοκότους
2943 1773 3040 1827 καὶ
3068 1770 3433 1833 πολυπλανεῖς
3460 1785 3675 1838 φαντα-

2087 1871 2209 1934 σίας
2245 1871 2274 1923 ό
2303 1869 2586 1940 ἄνθρωπος
2634 1866 3045 1937 ἀπορρήψαςη,
3087 1863 3185 1918 καὶ
3233 1860 3426 1933 μακρὰ
3456 1858 3676 1930 χαίρειν

2086 1964 2257 2019 εἰπὼν
2289 1965 2404 2027 τοῖς
2430 1963 2664 2034 μακροῖς
2692 1960 2881 2031 λήροις
2901 1999 2916 2023 ,
2945 1958 3041 2012 καὶ
3066 1959 3179 2021 τοῖς
3207 1954 3509 2017 είδωλικοϊς
3538 1954 3675 2006 ἀνα-

2088 2058 2406 2128 πλάσμασιν
2426 2095 2441 2121 ,
2469 2055 2559 2108 τὸν
2587 2056 2645 2108 ὲν
2676 2052 2842 2124 σαρκὶ
2871 2050 3109 2121 φανέντα
3135 2048 3293 2111 Θεὸν,
3318 2045 3508 2100 τοῦτον
3538 2044 3676 2111 ἀλη-

2090 2144 2233 2199 θινὸν
2263 2144 2396 2197 Θεὸν
2428 2141 2751 2213 ἀνομολογεῖ
2789 2139 2969 2195 τε.καὶ
3002 2138 3339 2208 προσκυνεῖ,
3369 2135 3457 2189 διὰ
3484 2136 3587 2204 τῆς
3618 2135 3678 2185 ὲν

2091 2236 2306 2307 σώματι
2347 2236 2447 2307 μὲν
2476 2232 2781 2306 παρουσίας
2815 2230 3014 2297 αὑτοῦ,
3049 2230 3142 2284 καὶ
3174 2228 3285 2282 τῶν
3328 2226 3470 2298 ὑπὲρ
3512 2226 3677 2293 λόγον

2092 2327 2272 2399 ἔργων
2299 2326 2422 2396 ὕψει
2452 2326 2547 2380 καὶ
2580 2326 2719 2396 ἀκοῇ
2756 2321 3098 2393 καταμαθεῖν
3135 2320 3307 2390 αὐτὴν
3338 2326 3365 2355 ⁸
3400 2316 3675 2383 ἀξιωθεὶς.

2091 2419 2182 2473 διά
2203 2418 2262 2473 δὲ
2285 2419 2387 2489 τῆς
2416 2415 2677 2486 τοιαύτης
2699 2414 2955 2484 γνώσεως
2984 2413 3066 2475 είς
3087 2412 3189 2484 τὴν
3221 2410 3324 2482 τῆς
3350 2408 3631 2464 ἀθανάτου
3650 2417 3679 2457 P

2093 2509 2312 2579 φύσεως
2344 2507 2642 2578 ἐπίγνωσίν
2672 2523 2733 2560 τε
2772 2504 2869 2558 καὶ
2898 2502 3131 2575 θεωρίαν
3158 2500 3441 2572 ἀναχθείς.

2176 2647 2321 2702 Ἀλλ’
2367 2649 2427 2701 ἓν
2463 2645 2562 2717 μὲν
2590 2642 2782 2698 τοῦτο’
2824 2642 3079 2713 δεύτερον
3115 2639 3171 2693 δὲ
3193 2676 3208 2704 ,
3243 2639 3328 2692 δτι
3363 2631 3623 2704 οὐδαμῶς
3651 2630 3683 2685 ό

2100 2740 2318 2812 ἰσχυρὸς
2342 2738 2623 2807 έδεσμεῖτο
2652 2735 2726 2807 μὴ
2749 2732 3123 2799 δυνατωτέρου
3151 2730 3246 2783 τὸν
3270 2726 3460 2797 ἀγῶνα
3488 2723 3683 2779 τοῦτον

2097 2832 2193 2887 καὶ
2218 2829 2311 2883 τὸν
2353 2823 2516 2882 ἆθλον
2551 2824 2983 2895 ὑποδυσαμένου.
3021 2820 3218 2891 Τρίτον
3245 2820 3439 2888 ὅτιπερ
3487 2816 3522 2886 ἡ
3554 2812 3686 2884 ὕψει

2097 2922 2193 2976 καὶ
2225 2921 2363 2991 ἀκοῇ
2395 2916 2734 2990 προκειμένη
2762 2911 3080 2969 διδασκαλία
3122 2910 3225 2981 τῆς
3265 2905 3551 2980 πόρρωθεν
3585 2903 3687 2957 καὶ

2099 3009 2165 3062 δι’
2189 3007 2393 3077 ἐτέρων
2426 3005 2608 3075 μέσων
2645 3001 3133 3072 ἀπαγγελλομένης
3156 2993 3599 3068 ὲπικρατεστέρα
3625 3009 3688 3045 τε

426 3131 523 3186 per
560 3115 668 3170 alia
709 3085 1034 3169 itttermedia
1077 3085 1450 3167 adnuntiatur.
1493 3108 1608 3178 (75)
1645 3085 1786 3161 Tum
1823 3085 1988 3161 etiam

2102 3098 2313 3154 πολλῶν
2346 3096 2443 3152 καὶ
2480 3095 2867 3168 ἀκριϐεστέρα.
2903 3095 2964 3147 El
2991 3092 3170 3164 βούλει
3203 3090 3284 3155 δὲ,
3316 3090 3397 3144 δτι
3428 3088 3523 3141 καὶ
3554 3085 3691 3139 πολ-

424 3205 570 3261 actio
595 3219 689 3275 per
712 3201 1074 3258 imitationem
1113 3200 1379 3254 virtutum
1410 3195 1626 3252 facilior
1654 3203 1739 3251 est
1764 3203 1819 3250 et
1845 3209 2002 3249 com-

429 3296 664 3362 modior,
704 3309 868 3366 quam
927 3309 990 3348 ea
1034 3308 1156 3363 quze
1185 3291 1318 3347 citra
1362 3288 1719 3344 imitationem
1746 3284 2005 3355 exigitur.

430 3390 791 3446 Imitationem
833 3397 1016 3443 autem
1067 3402 1177 3442 non
1222 3392 1460 3456 possunt
1491 3382 1692 3437 habere
1732 3379 2008 3443 homines,

430 3493 554 3548 quae
579 3476 877 3530 humanam
910 3476 1076 3530 vitam
1113 3473 1166 3528 in
1203 3474 1373 3528 altum
1402 3471 1576 3536 tollat,
1622 3470 1667 3524 si
1705 3469 1890 3524 nullus
1914 3467 2005 3545 sit,

433 3569 527 3640 qui
565 3568 707 3623 hanc
734 3567 1007 3623 actionem
1035 3564 1255 3621 virtutis
1279 3562 1543 3634 suspiciat
1562 3562 1849 3616 humanae;
1892 3557 2006 3612 Hu-

427 3660 671 3729 iusmodi
708 3660 853 3716 actio
888 3665 1129 3714 humana
1153 3658 1430 3728 quomodo
1468 3670 1587 3711 esse
1622 3664 1825 3724 posset,
1858 3652 1903 3708 si
1930 3652 2005 3706 in-

436 3751 684 3809 carnatio
714 3748 877 3806 Verbi
912 3750 1002 3804 Dei
1058 3747 1199 3803 facta
1246 3763 1357 3801 non
1384 3745 1573 3802 esset?
1606 3746 1812 3799 Amore
1842 3742 2008 3813 igitur

435 3856 565 3910 erga
595 3840 867 3903 homines,
891 3844 946 3891 et
974 3835 1312 3906 providentia
1347 3833 1614 3887 immensa
1647 3829 1884 3885 Verbum
1913 3826 2008 3881 Dei

437 3930 643 3985 factum
671 3936 755 3982 est
784 3927 971 3988 homo,
1007 3932 1064 3979 et
1091 3923 1378 3979 nobiscum
1409 3920 1605 3978 deiﬁce
1625 3925 2007 3974 conversatutn

436 4028 546 4081 est.
570 4026 625 4073 et
649 4017 789 4072 inter
825 4014 1076 4070 homines
1101 4014 1254 4067 visit.

2106 3192 2218 3256 λοῖς
2269 3190 2629 3262 εὐχερεστέρα
2663 3187 2758 3241 καὶ
2802 3186 3001 3257 ῥᾳδίως
3034 3180 3355 3251 ἐξανύεσθαι
3403 3177 3689 3248 δυναμένη

2105 3286 2139 3353 ἡ
2167 3283 2255 3337 διὰ
2292 3284 2578 3354 μιμήσεως
2606 3281 2715 3334 τῶν
2747 3278 2957 3350 ἀρετῶν
2989 3275 3184 3348 πρᾶξις
3215 3274 3315 3344 τῆς
3355 3272 3483 3326 ἄνευ
3511 3272 3687 3323 ἀπαι-

2107 3376 2394 3445 τουμένης.
2435 3373 2682 3442 Μίμησις
2718 3370 2764 3424 δ’
2795 3368 3103 3441 ἀνθρώποις
3127 3366 3227 3419 οὐκ
3249 3363 3315 3417 ἂν
3338 3362 3424 3432 εἴη
3459 3359 3551 3412 τὸν
3585 3359 3690 3411 ἀν-

2107 3465 2381 3537 θρώπινον
2406 3461 2688 3534 ἀνυψοῦσα
2712 3460 2865 3532 βίονκ
2879 3458 3106 3533 μηδενὸς
3125 3455 3331 3527 ταύτην
3354 3453 3693 3525 πράττοντος

2110 3558 2491 3631 ἀνθρωπίνως.
2535 3555 2742 3628 Πρᾶξις
2773 3553 2819 3610 δ’
2856 3550 3175 3625 ἀνθρωπίνη
3223 3548 3341 3611 πῶς
3372 3547 3440 3599 ἂν
3457 3545 3545 3615 εἴη
3588 3543 3695 3612 τῆς

2114 3652 2579 3722 ὲνανθρωπήσεως
2612 3649 2708 3704 τοῦ
2739 3648 2915 3717 Λόγου
2952 3647 3026 3717 μὴ
3056 3641 3465 3714 γεγενημένης;
3493 3636 3695 3691 Φιλαν-

2114 3746 2348 3818 θρὼπως
2385 3745 2495 3816 ἄρα
2528 3741 2627 3797 καὶ
2670 3739 3081 3810 ἀνυπερϐλήτου
3126 3731 3383 3805 προνοίας
3404 3772 3421 3797 ,
3454 3729 3549 3818 καὶ
3579 3726 3693 3818 ᾃτοῦ

2112 3816 2288 3904 Λόγου
2327 3832 2552 3903 γέγονεν
2580 3827 3014 3899 ὲνανθρώπησις,
3044 3824 3143 3880 καὶ
3168 3825 3203 3896 ἠ
3237 3819 3356 3893 μεθ’
3390 3817 3551 3890 ἡμῶν
3572 3816 3695 3870 θεο-

2116 3925 2268 3991 ποιός
2296 3920 2614 3996 ἀναστροφὴ
2643 3920 2737 3975 καὶ
2767 3918 3033 3983 πολιτεία,

1174 4165 1502 4236 ρυΑιετιο
1552 4162 1886 4222 CLxxxvu
1939 4161 2129 4236 [εοεςι.
2166 4160 2398 4217 ccxvr.
2443 4157 2605 4213 Taur.
2652 4153 2880 4227 ccvn].

1589 4310 1667 4365 De
1700 4309 1832 4364 Filii
1860 4303 2543 4364 incarnatione.—inedita.

514 4438 625 4488 (Zur
656 4434 824 4489 Filius
850 4476 863 4500 ,
905 4443 960 4487 et
1004 4446 1113 4487 non
1158 4431 1265 4486 alia
1322 4439 1526 4487 sancta:
1568 4426 1857 4484 Trinitatis
1890 4442 1987 4497 per

2093 4460 2094 4469 η
2192 4424 2257 4477 Τί
2279 4420 2684 4496 δήποτεόΥίδς,
2713 4417 2806 4471 καὶ
2833 4417 2934 4487 οὐχ
2963 4414 3126 4484 ἑτέρα
3144 4411 3242 4479 τῆς
3271 4408 3434 4500 ἁγίας
3461 4404 3690 4500 Τριόδος

449 4543 606 4593 sonta,
636 4536 823 4583 nostra
858 4534 1048 4580 natura
1079 4531 1383 4594 assumpta,
1424 4522 1744 4578 incarnatus
1781 4518 1909 4575 est?

2122 4493 2442 4579 ὑπόστασις,
2462 4511 2561 4583 τὴν
2582 4510 2856 4581 ἡμετέραν
2877 4500 3162 4562 ἀναλαϐὼν
3188 4496 3476 4570 ἐσαρκώθη
3496 4493 3688 4564 φύσιν;

1744 4693 1980 4751 VARUE
2014 4690 2419 4749 LECTIONES.

523 4870 545 4908 ι
586 4869 623 4924 l.
648 4864 747 4940 ἔχῃ
779 4865 834 4940 i_n
859 4861 1229 4940 subjunctivo,
1309 4855 1395 4914 ιι.
1424 4858 1522 4940 ἐπὶ
1546 4857 1615 4913 τὰ
1632 4855 1769 4924 τῶν,
1794 4860 1904 4908 etc.

451 4940 640 4995 rianus
669 4930 885 5007 legebat
908 4930 1165 4998 ἀθεάτου,
1198 4945 1309 4987 non
1329 4930 1492 4986 male.

2011 4860 2051 4889 ω
2072 4850 2486 4923 ὲνηνθρώπησε.
2564 4857 2595 4900 ιι
2622 4847 2661 4902 ι.
2681 4840 3014 4917 ἀπορρίψας.
3112 4843 3139 4873 ⁸
3171 4836 3209 4893 l.
3238 4836 3422 4890 αὐτόν.
3500 4844 3528 4884 P
3549 4833 3689 4887 Tur-

1966 5097 2194 5155 ΝΟΤᾹΞ.

530 5293 891 5368 (Ἡγορεταηι
930 5293 1046 5368 ejus
1080 5300 1316 5360 aspectu.
1344 5286 1454 5357 Τῆς
1479 5284 1619 5356 ὑπὲρ
1652 5283 1811 5352 λόγον
1841 5281 2030 5368 Ϋέρχον

461 5352 813 5439 δψὲιίίάόει
844 5382 858 5418 :
910 5382 929 5415 ι
951 5352 1109 5433 'Ejus
1132 5352 1360 5431 operum
1383 5352 1506 5427 q'uze
1546 5352 1763 5411 omnem
1828 5352 2031 5407 oratio-

458 5455 582 5494 nem
630 5442 882 5506 superant
909 5440 1150 5502 aspectu.
1188 5451 1205 5483 ι

532 5509 655 5578 (72)
676 5493 1043 5578 Nisifortit'gr
1096 5513 1357 5578 certamen
1391 5497 1784 5578 Itoc_sttlzii_ssel:
1815 5494 1906 5578 Mf;
1940 5493 2033 5547 δυ-

456 5562 657 5634 νατωτέ
668 5594 759 5649 pou
782 5562 874 5628 τδν
902 5570 1304 5649 ἀγῶνα-τοῦτον
1336 5571 1430 5622 καὶ
1459 5570 1551 5649 τὸν
1573 5562 1737 5649 ᾇθλον
1757 5562 2033 5618 ὑποδυσα-

460 5637 735 5719 μένου.ἸιΙ
759 5654 890 5702 est:
941 5637 1113 5698 (Nisi
1160 5640 1352 5696 fortior
1409 5637 1677 5710 quispiam
1750 5644 2026 5692 certatncu

2128 5279 2232 5334 hoc
2259 5277 2537 5334 subiisset.
2564 5291 2581 5323 ι

2202 5330 2313 5420 (73)
2342 5344 2473 5400 Tum
2493 5344 2665 5420 etiam
2691 5338 2875 5420 “actia
2903 5350 2994 5420 per
3044 5331 3393 5420 imitationem
3435 5330 3687 5413 virtutum

2128 5400 2345 5487 {agilior
2368 5414 2555 5487 est._El
2588 5408 2795 5487 -βούλει
2828 5400 3160 5487 deamata}
3201 5400 3435 5487 πολλοῖς
3457 5400 3687 5487 ἐνὺχερξῖ

2526 5466 2627 5559 διὰ’
2655 5481 2941 5559 μιμῄσειυς
2979 5472 3103 5559 τῶν
3131 5469 3341 5559 ἀρετῶν

2126 5538 2674 5614 έείῗῖτυηιόιίοιή
2722 5538 2960 5609 ὲῖνεῑίε,
2988 5543 3115 5613 quia
3147 5538 3337 5614 multis
3375 5538 3686 5592 heminibus

2128 5609 2270 5685 actio
2304 5609 2420 5697 iper
2447 5621 2803 5680 imitationem
2832 5609 3091 5671 virtutum
3139 5609 3351 5667 facilior
3381 5617 3483 5664 est.
3520 5624 3541 5657 ι
