3908 6214
281 285 383 353 909

784 403 1119 463 ΕΡΩΤΠΣΙΣ
1153 412 1333 467 PIIII'.

273 574 375 630 Διὰ
420 576 479 631 τί
514 582 822 659 διξοφυοῦς
855 586 952 659 καί
1001 587 1274 659 ισοτίμου
1302 587 1412 655 τῆς
1449 592 1695 659 Τριάὀος
1741 608 1848 658 κη-

334 650 733 736 ριξξτιζμᾷνηςζ
751 650 927 736 dites:
945 650 1415 736 Πατὴρμέγετᾰι
1454 650 1553 736 δξὰ
1581 650 1688 736 τοῦ
1714 650 1851 736 Υζὸῦ

240 773 249 804 ὲ
341 717 737 856 ἔὲίλιῗιιέἐξοῦ
773 717 1126 796 Πνωματοξ
1158 717 1565 801 δηῂιουργεῖν,
1595 732 1708 787 οὐκ
1745 731 1850 800 ἔμ-

912 296 1013 356 AD
1068 297 1661 365 AMPHILOCHIUM
1697 301 2042 376 QUIESTIO
2078 302 2900 366 CLXXXVII-CLXXXVIII.

1878 421 1931 479 Α

3428 306 3534 374 910

2108 414 2437 483 QUAESTIO
2474 414 2854 472 CLXXXVIII.
2890 416 3083 489 [Coisl.
3114 417 3366 477 CCXVII.

2451 507 2618 563 Taur.
2653 507 2909 582 CCVIII.]
2943 511 3078 582 (74).

1958 594 2138 660 Quare
2168 613 2293 670 cum!
2317 597 2626 670 Trinitatem
2655 598 3020 670 homogeneam
3048 616 3160 653 esse
3196 602 3417 670 parique
3453 601 3539 656 lto-

2029 682 2154 718 nore
2185 668 2294 738 frui
2324 667 2380 720 in
2408 667 2646 735 confesso
2672 669 2742 722 sit
2764 706 2779 730 ,
2815 667 2978 722 Pater
3014 667 3204 722 tamen
3217 686 3308 738 per
3334 667 3536 725 Filium

2028 745 2077 788 et
2102 752 2194 803 per
2206 736 2466 843 Spiritum
2488 746 2731 792 sanctum
2752 754 2931 793 creare
2958 736 3337 809 dicatur,vnon
3361 754 3536 796 autem

2031 821 2177 843 Μοναη
2205 823 2311 843 auaro

2031 821 2177 859 versa
2205 821 2340 861 υιεεὶ

1365 913 1509 965 Edita
1530 928 1560 964 a
1587 912 1712 965 Maio
1734 913 1881 975 (Nov.
1906 912 2031 966 σοιι.
2058 921 2096 965 t.
2119 916 2201 978 IX,
2224 931 2271 980 p.
2298 917 2432 981 151).

341 986 409 1042 α’.
461 989 555 1054 Είς
586 992 823 1065 ἀπορίαν
875 995 1025 1063 τινές
1072 1016 1240 1068 φασιν
1279 1001 1458 1065 ἐνίους
1502 999 1853 1071 ὑπάγεσθαι,

2029 1000 2081 1057 1.
2114 1002 2295 1058 Audio
2328 1003 2629 1089 nonnullos
2663 1003 2718 1058 in
2749 1004 3106 1075 perplexitate
3136 1006 3368 1074 versari,
3404 1022 3535 1061 cur-

273 1080 415 1144 τίνος
451 1082 613 1154 χάριν
641 1087 741 1156 τῆς
771 1086 1082 1158 ὑπεραγίας
1104 1090 1334 1163 Τριάδος
1358 1091 1636 1164 ὀμοφυοῦς
1670 1108 1731 1147 τε
1762 1092 1851 1147 καὶ

1968 1109 2105 1158 nam,
2131 1110 2255 1150 cum
2275 1080 2629 1152 sanctissima
2645 1095 2887 1153 Trinitas
2904 1098 3147 1153 eamdem
3172 1100 3536 1155 substantiam

270 1173 329 1225 τὸ
359 1173 601 1246 ἰσότιμον
625 1178 1079 1253 κεκληρωμένης.
1104 1185 1201 1239 καὶ
1226 1183 1462 1254 μάλιστά
1492 1201 1557 1255 γε
1577 1186 1679 1257 τῆς
1704 1185 1851 1252 θείας

1968 1186 2325 1256 eamdemque
2364 1187 2593 1244 honoris
2631 1189 2859 1259 gradum
2911 1189 3101 1245 sortita
3136 1192 3228 1256 sit,
3270 1190 3434 1259 idque
3481 1191 3536 1245 in

269 1264 428 1319 τοῦτο
464 1267 861 1350 διατρανούσης
905 1273 1158 1346 Γραφῆς,
1202 1277 1549 1348 Δημιουργὸς
1593 1277 1851 1348 μᾶλλονό

1968 1275 2149 1347 primis
2194 1276 2481 1347 perspicua
2528 1277 2715 1333 divina
2751 1276 3034 1348 Scriptura
3068 1279 3296 1344 doceat,
3334 1280 3535 1334 nihilo-

271 1358 396 1422 Υἱὸς
424 1359 520 1437 ὑπ’.
546 1362 718 1434 αὐτῆς
756 1364 1120 1435 δοξολογεῖται
1166 1369 1374 1442 ταύτης
1406 1370 1503 1423 καὶ
1531 1369 1851 1441 ἀνακηρύσο

273 1465 420 1502 σεται
448 1450 593 1522 ἥπερ
625 1453 654 1506 6
685 1454 913 1528 Πατήρ;
947 1458 998 1511 εί
1044 1458 1154 1531 γὰρ
1184 1460 1277 1514 καὶ
1311 1462 1340 1514 6
1377 1461 1570 1533 Πατὴρ
1607 1462 1854 1534 εὑρίσκει

270 1556 379 1604 ται,
418 1541 537 1596 ἀλλ’
566 1544 662 1597 ἐπὶ
694 1546 896 1615 μᾶλλον
923 1549 953 1602 6
988 1548 1117 1613 Υἱός
1140 1566 1154 1581 ο
1191 1550 1310 1615 πῶς
1342 1552 1399 1605 δὲ
1430 1553 1595 1607 πάλιν
1622 1553 1691 1607 δι’
1721 1553 1849 1607 Υίοῦ

274 1631 370 1700 μὲν
408 1632 628 1702 λέγεται
656 1636 1013 1709 δημιουργεῖν
1045 1641 1074 1693 6
1108 1643 1319 1714 Πατὴρ,
1356 1643 1459 1697 οὐκ
1494 1645 1735 1715 ἔμπαλιν
1772 1645 1851 1709 δὲ,

269 1723 392 1776 οὗτε
423 1723 511 1779 διὰ
548 1726 644 1782 τοῦ
688 1730 901 1803 Πατρὸς
935 1733 964 1785 6
1006 1733 1165 1801 Υἱός;
1212 1735 1273 1788 06
1329 1734 1436 1807 μὴν
1480 1735 1595 1791 ἀλλ’
1628 1738 1750 1793 οὐδὲ
1791 1740 1856 1793 τὸ

272 1815 496 1888 Πνεῦμα
542 1818 667 1875 οὔτε
710 1822 800 1876 διά
831 1824 927 1879 τοῦ
958 1826 1173 1896 Πατρὸς
1207 1826 1333 1882 οὔτε
1361 1827 1451 1883 διὰ
1482 1830 1576 1884 τοῦ
1605 1830 1774 1900 Υἱοῦ;
1816 1833 1851 1905 ἢ

267 1908 355 1962 διὰ
378 1910 473 1965 τοῦ
498 1912 712 1986 Πατρὸς
741 1914 842 1987 μὲν
864 1916 981 1971 ἐστι
1012 1918 1343 1974 καταλαϐεῖν
1362 1959 1379 1986 ,
1417 1922 1724 1994 παράδοξον
1752 1923 1853 1995 μὲν

271 2001 529 2068 ἀκοῦσαι,
575 2006 772 2077 νοῆσαι
817 2008 875 2071 δὲ
938 2010 1002 2064 06
1054 2012 1388 2086 παράδοξον;
1427 2015 1622 2087 ὅτιπερ
1663 2016 1692 2069 ὅ
1729 2032 1790 2070 τε
1823 2017 1854 2070 6

268 2094 397 2159 Υἱὸς
426 2095 603 2150 καὶτὸ
632 2098 861 2171 Πνεῦμα
890 2103 939 2156 εί
977 2104 1073 2157 καὶ
1104 2105 1183 2177 μὴ
1219 2105 1576 2179 δημιουργεῖ,
1606 2109 1724 2163 ἀλλ’
1758 2110 1853 2165 οὖν

267 2187 352 2255 ἐρ’
382 2188 594 2260 ἑτέροις
624 2190 809 2261 ἔργοις
841 2195 1188 2251 ἀποστέλλων
1213 2200 1377 2253 αὐτὸν
1421 2202 1573 2273 ὅμως
1600 2205 1849 2274 ἐνεργεῖσ

268 2280 387 2344 πῶς
415 2280 508 2336 οῦν
535 2284 634 2338 οὐκ
663 2284 850 2353 ἄδοξον
890 2289 952 2343 τὸ
990 2293 1331 2363 παράδοξον;
1366 2295 1464 2350 καὶ
1488 2296 1575 2360 τίς
1601 2298 1630 2351 6
1671 2297 1852 2365 δόξαις

266 2372 497 2441 ὑπάγων
542 2376 705 2444 αὐτό;
751 2380 852 2434 οὐκ
876 2380 1056 2447 ἄλλος,
1100 2383 1216 2438 ἀλλ’
1248 2386 1413 2451 αὐτὸς
1458 2389 1488 2443 6
1519 2389 1850 2444 ἀποστελλό-

268 2480 433 2532 μενος
470 2466 659 2540 Πατήρ
679 2486 693 2502 ·
714 2470 869 2540 λέγει
899 2474 1007 2546 γάρ
1036 2479 1102 2549 τῇ
1132 2484 1446 2553 προφητικῇ
1488 2481 1584 2536 τοῦ
1627 2483 1851 2539 Ἦσαῒου

265 2556 553 2649 rather-vo;
581 2564 764 2633 φωνῇ,
802 2583 822 2617 ι
863 2566 1062 2623 Ἀκουέ
1099 2585 1223 2640 μου,
1258 2572 1455 2627 Ἰακὼϐ
1477 2574 1573 2628 καὶ
1609 2575 1849 2649 Ἰσραὴλ,

264 2647 327 2700 ὅν
347 2647 462 2717 ἐγὼ
490 2651 664 2717 καλῶ,
689 2654 801 2725 ἐγὼ
817 2656 949 2722 Θεὸς
968 2660 1208 2731 πρῶτος,
1232 2664 1327 2719 καὶ
1353 2665 1464 2735 ἐγὼ
1488 2668 1629 2737 μετά
1653 2647 1848 2737 ταῦτα,

218 2776 222 2782 ι
398 2741 542 2813 πλὴν
572 2745 708 2816 ἐμοῦ
738 2749 871 2814 Θεὸς
904 2752 1005 2806 οὐκ
1034 2754 1173 2810 ἔστι.
1213 2775 1233 2808 ι
1293 2758 1438 2827 Ἐγὼ
1477 2762 1544 2831 τῇ
1573 2760 1716 2832 χειρί
1748 2779 1851 2832 μου

267 2830 610 2902 ἑθεμελίωσα
637 2838 737 2912 τὴν
759 2842 865 2913 γῆν
882 2883 907 2908 ,.
928 2846 1023 2899 καὶ
1046 2846 1110 2900 τὸ
1140 2848 1371 2919 Πνεῦμα
1406 2830 1851 2924 μουηὲστερέωσε

1959 1369 2144 1425 minus
2176 1370 2398 1425 creandi
2425 1370 2544 1426 laus
2573 1370 2641 1425 ab
2662 1370 2852 1426 eadem
2882 1370 3160 1441 Scriptura
3186 1370 3255 1426 de
3278 1370 3417 1427 Filio
3441 1388 3538 1442 po-

1959 1460 2071 1516 tius
2114 1476 2278 1532 quam
2319 1460 2386 1516 de
2415 1459 2578 1516 Patre
2611 1462 2986 1531 praedicetur?
3028 1478 3153 1516 nam
3189 1463 3290 1517 etsi
3320 1461 3537 1517 Patrem

1959 1569 2179 1624 quoque
2209 1552 2523 1609 Creatorem
2564 1555 2673 1608 dici
2716 1554 3180 1625 deprehendimus
3205 1593 3221 1618 ,
3254 1555 3426 1609 multo
3456 1564 3540 1610 ta-

1962 1658 2087 1696 men
2119 1643 2292 1713 magis
2317 1642 2540 1698 Filium.
2583 1641 2798 1699 Rursus
2827 1658 3054 1699 curnam
3092 1658 3187 1713 per
3218 1643 3417 1699 Filium
3451 1645 3538 1700 di-

1960 1742 2116 1787 catur
2152 1747 2342 1788 creare
2374 1732 2559 1799 Pater,
2594 1749 2701 1788 non
2733 1742 2915 1788 autem
2945 1748 2977 1789 e
2999 1734 3279 1790 contrario
3307 1750 3404 1805 per
3433 1736 3540 1791 Pa-

1961 1834 2097 1879 trem
2131 1821 2302 1879 Filius
2329 1840 2345 1890 ;
2399 1839 2577 1894 neque
2607 1824 2735 1878 item
2767 1823 3006 1894 Spiritus
3038 1839 3136 1894 per
3166 1824 3381 1880 Patrem
3425 1825 3540 1881 sive

1961 1930 2057 1987 per
2080 1915 2325 1971 Filium?
2350 1918 2432 1971 An
2462 1931 2558 1987 per
2581 1917 2797 1973 Patrem
2819 1917 3040 1988 quidem
3063 1917 3367 1989 intelligere
3390 1919 3539 1983 licet,

1960 2005 2152 2060 auditu
2184 2005 2386 2061 mirum
2407 2044 2423 2071 ,
2455 2005 2731 2063 intellectu
2783 2021 2892 2060 non
2924 2007 3295 2077 impervium?
3323 2007 3451 2077 quia
3485 2017 3540 2062 ct

1959 2097 2132 2154 Filius
2175 2097 2392 2153 etiamsi
2426 2096 2693 2166 Spiritum
2727 2097 2953 2152 minime
2984 2104 3170 2163 creat,
3194 2096 3324 2151 dum
3355 2106 3536 2151 tamen

1959 2192 2027 2246 ad
2049 2192 2155 2247 alia
2185 2206 2353 2262 opera
2378 2192 2526 2246 hunc
2552 2190 2743 2253 mittil,
2772 2189 2939 2245 simul
2968 2199 3252 2261 operatur.
3276 2190 3387 2245 Cur
3410 2205 3540 2260 ergo

1959 2298 2068 2339 non
2106 2294 2192 2340 est
2226 2283 2543 2339 incredibile
2577 2282 2901 2338 miraculum
2939 2282 3087 2339 hoc?
3123 2293 3177 2339 et
3209 2285 3335 2354 quis
3376 2283 3539 2338 Iidem

1960 2376 2089 2432 huic
2143 2376 2221 2432 rei
2273 2376 2452 2431 facit?
2482 2392 2643 2431 nemo
2687 2376 3015 2446 quisquam,
3064 2386 3261 2446 praeter
3299 2375 3538 2443 Patrem,

1960 2470 2053 2541 qui
2094 2471 2304 2525 scilicet
2353 2469 2469 2539 ipse
2514 2484 2734 2540 quoque
2789 2470 3046 2525 mittitur.
3102 2469 3194 2524 Ait
3234 2470 3384 2525 enim
3417 2484 3543 2539 pro-

1960 2557 2172 2626 phetica
2191 2568 2352 2612 utens
2376 2557 2531 2612 Isaiae
2551 2572 2719 2613 voce:
2753 2557 2923 2611 «Audi
2957 2556 3251 2622 me,Jacob
3276 2568 3329 2614 et
3351 2558 3538 2624 Israel,

1959 2664 2123 2718 quem
2160 2664 2262 2719 ego
2296 2649 2557 2719 appello:
2591 2648 2704 2719 Ego
2744 2648 2889 2704 Deus
2932 2649 3144 2719 primus
3189 2660 3246 2705 et
3295 2666 3395 2721 ego
3437 2666 3539 2705 no-

1959 2741 2221 2797 vissimus
2247 2781 2262 2804 ,
2306 2748 2363 2795 et
2396 2751 2592 2811 praeter
2632 2755 2720 2795 me
2776 2756 2938 2796 nemo
2976 2739 3116 2797 Deus
3161 2752 3246 2797 est
3265 2741 3329 2796 ³⁵.
3365 2762 3384 2794 ο
3431 2742 3543 2812 Ego

1960 2849 2127 2889 manu
2172 2849 2291 2888 mea
2332 2835 2542 2889 telluris
2590 2833 2945 2888 fuiiidatnenta
2986 2834 3093 2904 jcci
3122 2875 3138 2899 ,
3196 2834 3545 2904 Spiritusquo

268 2923 637 3021 :6v06pct‘16v.
664 2930 804 3001 Ὅρα
834 2934 953 2998 πῶς
982 2935 1334 3008 δημιουργῶν
1361 2940 1450 2994 διά
1472 2939 1567 2994 τοῦ
1599 2942 1729 2996 Υίοῦ
1758 2945 1851 2997 καὶ

1968 2942 2114 2982 meus
2148 2926 2345 2981 malum
2369 2927 2625 2981 liruiavit.
2661 2924 2853 2981 Viden'
2884 2935 2943 2981 ut
2965 2942 3186 2992 crcans,
3222 2943 3319 2997 per
3342 2926 3542 2983 Filium

269 3016 592 3087 Πνεύματος
625 3022 971 3096 δημιουργεῖ.
1018 3028 1161 3098 Ἐγὼ
1198 3032 1332 3085 πᾶσι
1371 3034 1485 3097 τοῖς
1520 3032 1744 3105 ἄστροις
1768 3038 1853 3088 ὲν-

267 3112 586 3183 ετειλάμην.
619 3114 805 3169 Ταῦτα
845 3117 930 3171 διά
984 3120 1079 3173 τοῦ
1133 3122 1421 3193 Προφήτου
1464 3124 1634 3179 είπὼν
1672 3128 1701 3180 6
1742 3127 1852 3182 τῶν

268 3204 406 3259 ὅλων
450 3205 618 3274 Θεὸς,
663 3210 759 3262 καὶ
802 3209 890 3264 διὰ
927 3211 1036 3265 τῶν
1077 3214 1385 3283 εἰρημένων
1416 3216 1640 3288 ἐμφανῆ
1682 3235 1852 3274 κατα-

270 3299 479 3370 στήσας
507 3300 729 3366 ἑαυτὸν,
764 3303 954 3374 ὅτιπερ
992 3305 1022 3357 6
1046 3305 1220 3359 ταῦτα
1260 3308 1438 3378 λέγων
1502 3311 1666 3375 αὐτός
1704 3314 1852 3368 ἐστιν

268 3392 297 3444 6
330 3392 557 3463 Πατήρ·
591 3394 687 3447 καὶ
718 3394 828 3466 γὰρ
852 3395 1006 3462 δεξιά
1043 3399 1141 3467 μὲν
1168 3399 1333 3452 αὑτοῦ
1370 3403 1397 3454 6
1430 3400 1557 3465 Υίὸς
1577 3441 1593 3467 ,
1626 3403 1853 3474 Πνεῦμα

269 3482 327 3535 δὲ
360 3483 530 3538 αὐτοῦ
562 3486 625 3539 τὸ
654 3485 878 3557 Πνεῦμα
911 3490 969 3541 τὸ
1003 3488 1182 3558 ἆγιον.

343 3578 411 3649 β’.
443 3579 509 3631 Ὠ
539 3580 802 3651 ῥημάτων
825 3584 1223 3654 κεκρυμμένων
1249 3585 1263 3638 I
1297 3586 1498 3656 μᾶλλον
1528 3588 1584 3642 δὲ
1614 3588 1854 3657 διανοίας

269 3670 369 3725 οὐκ
416 3671 697 3742 ἐμφανοῦς
748 3673 882 3743 μὲν,
932 3674 1374 3749 ὲμφανιζομένης
1410 3677 1469 3731 δὲ
1527 3680 1717 3751 ῥᾳδίας
1772 3684 1853 3747 είς

269 3762 580 3834 κατάληψιν
618 3764 841 3835 ὲπάγευ
872 3783 893 3818 ι
934 3766 1045 3819 Καὶ
1080 3765 1176 3820 νῦν
1217 3766 1421 3839 Κύριος
1446 3769 1735 3825 ἀπέστειλέ
1785 3790 1853 3844 με

269 3856 364 3909 καὶ
391 3854 457 3908 τὸ
488 3853 713 3926 Πνεῦμα
738 3856 925 3911 αὐτοῦ.
964 3876 984 3909 ι
1017 3856 1226 3911 Οὐκοῦν
1255 3858 1316 3912 τὸ
1345 3859 1571 3931 Πνεῦμα
1598 3860 1789 3937 ὥσπερ
1824 3867 1853 3919 6

268 3944 398 4007 Υἱὸς
434 3946 630 4012 ἐκεῖνο,
672 3945 817 4003 οὕτω
844 3948 941 4002 καὶ
965 3948 1098 4002 αὐτὸ
1136 3949 1663 4025 ἐξαποστελλόμενος
1701 3957 1853 4027 παρά

267 4037 362 4091 τοῦ
390 4039 627 4109 Πατρὸς,
670 4039 767 4094 νῦν
800 4040 1121 4096 ἀποστέλλει
1152 4043 1243 4097 τὸν
1269 4044 1519 4117 Πατέρα·
1560 4042 1684 4101 εἷπε
1719 4048 1849 4120 γὰρ,

274 4149 293 4183 ι
338 4133 451 4187 Καὶ
500 4130 597 4187 νῦν
647 4132 851 4205 Κύριος
907 4135 1221 4189 ἀπέσταλκε
1258 4153 1327 4206 με
1377 4138 1490 4201 καὶ,
1516 4140 1577 4192 τὸ
1624 4139 1852 4213 Πνεῦμα

267 4226 461 4281 αὐτοῦ.
499 4243 519 4277 i
549 4225 720 4297 Δῆλον
757 4222 851 4281 οῦν
876 4228 941 4281 ὲκ
971 4228 1174 4282 τούτων
1204 4231 1299 4283 καὶ
1332 4233 1446 4296 τοῖς
1471 4231 1546 4303 μὴ
1579 4232 1701 4288 λίαν
1723 4235 1850 4300 ὀξυ-

1964 3019 2341 3089 Spiritumque
2378 3026 2526 3073 creet
2566 3019 2590 3072 ‘I
2635 3017 2748 3089 Ego
2798 3020 3015 3074 cunctis
3065 3022 3231 3075 astris
3284 3023 3540 3091 praecepi.

1960 3111 2088 3167 Haec
2126 3128 2222 3168 ore
2246 3111 2597 3182 Prophetas"
2642 3114 2719 3167 ait
2746 3114 2991 3168 omnium
3034 3113 3178 3169 Deus
3205 3154 3220 3180 ,
3254 3130 3422 3186 seque
3457 3116 3542 3172 his

1959 3207 2126 3262 dictis
2156 3206 2441 3262 manifeste
2470 3208 2705 3271 revelat,
2756 3222 2956 3277 nempe
2985 3208 3132 3278 quod
3170 3210 3333 3263 verba
3365 3212 3479 3264 haec
3510 3223 3541 3263 a

1958 3302 2123 3358 Patre
2148 3301 2404 3357 dicuntur
2435 3317 2449 3354 :
2485 3316 2611 3355 nam
2648 3301 2872 3356 dextera
2902 3301 3020 3370 ejus
3050 3299 3220 3356 Filius
3257 3307 3340 3354 est
3367 3318 3381 3366 ;
3413 3300 3509 3372 Spi

1958 3398 2099 3453 ritus
2126 3411 2254 3453 vero
2291 3395 2430 3465 ejus,
2464 3393 2703 3465 Spiritus
2730 3402 2970 3449 sanctus.

2029 3572 2086 3626 2.
2126 3570 2172 3628 Ο
2220 3570 2383 3625 verba
2417 3568 2695 3625 recondita
2738 3568 2752 3622 !
2806 3568 2916 3621 imo
2959 3568 3144 3637 p0tius
3183 3582 3381 3623 sensus
3438 3567 3541 3621 mi-

1960 3665 2109 3721 nime
2151 3672 2340 3733 patens
2378 3664 2391 3717 !
2421 3662 2515 3733 qui
2560 3662 2606 3715 si
2636 3670 2815 3715 tamen
2850 3659 3175 3729 explanetur
3200 3701 3216 3726 ,
3245 3658 3423 3716 facilis
3455 3662 3537 3715 in-

1963 3759 2175 3816 tellecta
2202 3767 2306 3815 est.
2336 3776 2354 3810 ι
2383 3755 2450 3810 Et
2478 3770 2620 3809 nunc
2644 3752 2907 3808 Dominus
2933 3753 3084 3807 misit
3114 3768 3199 3807 me
3228 3762 3283 3808 et
3304 3754 3540 3824 Spiritus

1959 3854 2080 3925 ejus
2104 3852 2206 3907 ³⁸.»
2247 3849 2393 3921 Ergo
2422 3847 2691 3918 Spiritus,
2729 3846 2889 3901 sicuti
2939 3844 3085 3899 hunc
3116 3843 3290 3900 Filius
3313 3886 3329 3913 ,
3375 3845 3450 3901 ita
3484 3856 3540 3901 et

1960 3945 2077 4015 ipse
2099 3945 2315 4000 Patrem
2348 3940 2534 3995 mittit.
2561 3936 2698 3993 Nam
2730 3948 2920 4005 reapse
2951 3934 3221 3992 Dominus
3262 3954 3409 3993 nunc
3442 3937 3536 3992 Fi-

1958 4037 2072 4093 Iius.
2112 4036 2352 4098 dicitur,
2391 4032 2487 4104 qui
2540 4030 2795 4086 similiter
2828 4046 2857 4084 a
2894 4032 3055 4086 Patre
3100 4030 3309 4085 missus
3336 4070 3352 4095 ,
3381 4045 3538 4085 nunc

1959 4128 2129 4185 mittit
2155 4128 2393 4185 Patrem.
2436 4125 2527 4180 Ait
2552 4124 2737 4179 enim:
2774 4143 2792 4177 ι
2829 4125 2894 4179 Et
2924 4138 3072 4178 nunc
3101 4123 3367 4179 Dominus
3390 4123 3539 4178 misit

1959 4238 2048 4279 me
2079 4230 2135 4277 et
2168 4219 2409 4291 Spiritus
2450 4217 2590 4288 ejus.
2618 4234 2637 4268 ι
2674 4214 2753 4269 Ex
2796 4215 2882 4271 his
2926 4216 3093 4285 igitur
3122 4222 3340 4270 constat
3374 4214 3539 4283 paqu

266 4316 590 4389 δορκοῦσιν,
642 4319 835 4389 ὅτιπερ
885 4321 919 4389 ἠ
986 4319 1262 4391 ἀποστολὴ
1307 4319 1430 4375 οὕτε
1476 4322 1569 4376 τὸν
1610 4323 1739 4377 Υίὸν
1772 4328 1851 4392 είς

1968 4318 2122 4375 etiam
2151 4311 2550 4377 obtusioribus,
2581 4324 2758 4379 neque
2790 4309 3053 4362 missione
3073 4306 3275 4362 Filium
3303 4306 3536 4377 deprimi

265 4408 477 4464 ἐλάττω
542 4409 771 4476 κατάγει
831 4406 995 4476 φύσιν
1055 4410 1149 4463 καὶ
1194 4409 1389 4480 τιμὴν»,
1444 4411 1560 4467 ἀλλ’
1612 4415 1734 4469 οὐδὲ
1788 4417 1851 4471 τὸ

1968 4408 2318 4483 id,minorem
2354 4401 2439 4457 vel
2484 4409 2693 4456 natura:
2731 4400 2815 4454 vel
2867 4399 3091 4454 honoris
3134 4398 3366 4469 gradum
3396 4414 3411 4463 ;
3441 4413 3537 4451 ne-

267 4501 496 4572 Πνεῦμα
515 4518 532 4535 ο
571 4501 706 4555 ὅπου
731 4517 796 4569 γε
826 4501 924 4555 καὶ
955 4500 1118 4566 αὐτὸς
1141 4504 1169 4556 6
1198 4503 1390 4575 Πατὴρ
1418 4505 1848 4565 ἀποστέλλεσθαι

1968 4517 2054 4573 lue
2104 4500 2232 4554 item
2279 4496 2589 4568 Spiritum;
2634 4493 2892 4562 quoniam
2940 4499 2997 4546 et
3036 4491 3151 4560 ipse
3191 4488 3353 4543 Pater
3392 4490 3534 4559 mitti

266 4594 488 4663 λέγεται
542 4593 677 4665 παρ’
728 4592 1029 4665 ὲκατέρουυ
1083 4594 1403 4649 ἀποστέλλει
1460 4598 1490 4650 6
1546 4599 1739 4671 Πατὴρ
1786 4603 1849 4655 τὸ

1968 4591 2149 4647 Iicitur
2181 4589 2250 4643 ab
2297 4597 2555 4655 utroque.
2608 4582 2776 4635 Mittit
2814 4582 2974 4635 Pater
3020 4579 3329 4650 Spiritum;
3369 4579 3538 4632 mittit

266 4687 523 4757 Πνεῦμα,
577 4683 903 4755 ἀποστέλλει
949 4685 1045 4739 καὶ
1089 4687 1117 4739 ὁ
1164 4686 1333 4754 Υἱὸς,
1383 4668 1717 4746 ἀποστέλλειν
1757 4695 1847 4749 τὸν

1968 4692 2000 4737 et
2032 4679 2230 4736 Filius.
2268 4677 2434 4733 Mittit
2477 4673 2677 4728 Filium
2711 4673 2876 4728 etiam
2909 4670 3146 4741 Spiritus
3180 4687 3196 4739 ;
3240 4689 3258 4721 ι
3291 4668 3533 4739 Spiritus

266 4776 393 4831 Υίὸν
424 4779 521 4839 καὶ
544 4775 605 4830 τὸ
630 4773 878 4845 Πνεῦμα.
912 4793 931 4828 t
972 4776 1197 4848 Πνεῦμα
1223 4779 1333 4851 γὰρ
1365 4781 1580 4851 Κυρίου
1599 4783 1689 4838 ἐπ’
1719 4787 1841 4856 ἐμὲ,

1968 4774 2101 4831 enim
2123 4768 2337 4827 Domini
2376 4781 2541 4837 super
2606 4780 2734 4832 me;
2779 4763 3138 4833 quamobrem
3187 4764 3347 4817 unxit
3399 4778 3530 4822 me;

278 4864 340 4923 οὗ
376 4869 539 4923 εἵνεκ’
568 4867 752 4939 ἐχρισέ
790 4885 857 4940 με
885 4884 900 4901 ·
958 4869 1417 4939 εὐαγγελίσασθαι
1477 4879 1715 4946 πτωχοῖς
1744 4878 1851 4933 ἀπ-

1968 4865 2335 4936 :vangelizare
2362 4858 2698 4931 pauperibus
2725 4858 2876 4912 misit
2916 4871 3003 4911 me
3031 4857 3099 4911 ⁸⁷.
3125 4876 3143 4909 ι
3174 4856 3340 4911 Mittit
3366 4856 3532 4911 etiam

265 4958 500 5013 έσταλκέ
533 4976 623 5031 με.
652 4977 678 5012 ›
724 4957 1072 5014 Ἀποστέλλει
1104 4962 1199 5016 καὶ
1228 4961 1320 5017 τὸν
1350 4964 1613 5037 Πατέρα.“
1645 4965 1851 5025 Οὔκουν

1968 4962 2190 5017 Patrem.
2212 4954 2330 5009 Non
2350 4967 2481 5023 ergo
2499 4951 2847 5006 imminuitur
2865 4950 3124 5005 missione
3146 4949 3404 5019 Spiritus.
3424 4948 3532 5003 Ne-

264 5050 585 5106 ὲλαττοῦται
609 5050 697 5105 διὰ
723 5050 823 5121 τῆς
861 5052 1173 5124 ἀποστολῆς
1200 5053 1262 5107 τὸ
1286 5055 1513 5127 Πνεῦμα
1531 5074 1545 5089 ’
1578 5059 1680 5113 οὐκ
1711 5062 1849 5115 ἀπο-

1968 5046 2471 5120 lue/tantummodo
2520 5044 2686 5100 mittit
2718 5083 2734 5107 ,
2777 5042 2873 5098 sed
2920 5043 3087 5097 etiam
3121 5042 3276 5111 ungit
3306 5040 3528 5095 Filium.

264 5142 475 5197 στέλλει
505 5144 563 5197 δὲ
599 5143 782 5215 μόνον,
825 5143 961 5198 ἀλλὰ
994 5145 1089 5198 καὶ
1115 5144 1261 5215 χρίει
1288 5146 1382 5200 τὸν
1411 5146 1564 5204 Υίόν.
1595 5150 1723 5216 Πῶς
1755 5147 1849 5207 οῦν

1968 5144 2398 5213 )uomodoergo
2431 5138 2621 5195 missio
2647 5136 2919 5207 Spiritum
2947 5134 3205 5205 deprimit
3230 5135 3254 5188 ?
3283 5133 3402 5189 Non
3437 5147 3530 5187 so-

263 5237 298 5308 ἡ
362 5236 637 5311 ἀποστολὴ
693 5236 1055 5292 κατασισάσει
1112 5238 1174 5291 τὸ
1229 5240 1489 5313 Πνεῦμα;
1549 5243 1612 5297 06
1687 5246 1849 5316 μόνον

1973 5255 2061 5295 um
2099 5236 2246 5293 enim
2281 5234 2425 5289 hanc
2472 5233 2645 5302 ipsam
2691 5228 2942 5284 retribuit
2971 5227 3207 5298 Spiritus
3242 5225 3399 5290 Filio,
3442 5240 3533 5279 ve-

336 5376 379 5410 “
412 5377 518 5435 lsa.
543 5396 733 5449 ιινιιι,
766 5379 823 5434 2.
899 5380 944 5411 ³⁵
975 5379 1084 5438 Isa.
1114 5395 1242 5448 ων,
1272 5380 1361 5437 l2.
1437 5384 1482 5417 ³⁸
1516 5382 1620 5440 lsa.
1651 5401 1842 5453 XLVIII,
1885 5387 1975 5443 I6.
2052 5384 2095 5415 "
2131 5382 2235 5436 Isa.
2275 5394 2385 5442 th,
2429 5375 2479 5430 I.
2521 5374 2655 5429 Luc.
2696 5389 2770 5439 IV,
2803 5368 2889 5425 18.

1779 5500 2014 5558 NOTAE-

333 5658 455 5737 (7ρλ
473 5658 739 5731 Pleraque
763 5660 1400 5737 Photiusudesumpsisse
1433 5680 1497 5737 ex
1542 5665 1663 5721 .lubi
1712 5668 1965 5725 monachi
1997 5665 2278 5737 deperdlto
2311 5673 2476 5733 opere
2510 5661 2586 5716 De
2618 5657 2985 5715 incarnatione
3051 5652 3143 5707 lib.
3185 5647 3250 5703 Ill
3315 5666 3365 5705 c.
3436 5648 3525 5713 Il),

266 5730 409 5796 quod
443 5730 558 5800 ipse
591 5730 842 5788 recenset
871 5735 923 5788 in
953 5730 1302 5797 bibliotheca,
1333 5734 1470 5790 Cod.
1507 5736 1630 5790 22:2.
