3908 6214
416 275 514 342 911

1566 276 1829 339 PHOTII
1860 272 2366 338 PATRIARCH/E
2398 271 2508 334 CP.

3552 266 3669 333 912

410 408 535 447 rum
567 391 729 447 etiam
757 390 908 446 addit
937 392 1271 446 unctionem.
1306 389 1614 447 Prol‘undus
1638 406 1857 454 sermo;
1893 389 1986 443 sed

2103 387 2253 439 ιὺτοῦ
2297 385 2504 455 ταύτην
2563 382 3004 444 άνταποδιδόντος
3045 381 3124 453 τῷ
3175 382 3324 452 Υίῷ,
3376 382 3514 438 ἀλλὰ
3568 387 3669 439 καὶ

415 499 525 553 quo
555 483 898 554 profundior,
927 498 993 537 eo
1014 484 1188 554 magis
1212 484 1589 539 haereticorum
1607 484 1845 537 obstruit
1866 497 1983 535 ora.

414 576 532 633 llue
564 576 728 629 etiam
770 584 1005 630 mentem
1038 575 1300 631 intende:
1335 583 1519 629 manet
1546 575 1597 627 in
1632 573 1804 640 Filio;
1841 578 1985 628 hunc

414 684 443 721 a
480 667 714 722 mortuis
739 667 988 722 suscitat.
1032 667 1178 733 Haec,
1209 668 1452 737 inquam,
1488 667 1771 721 nobilioris
1800 680 1869 720 ne
1914 680 1984 719 an

414 759 703 814 deterioris
735 760 946 815 ordinis
992 769 1118 815 sunt
1163 774 1328 829 quam
1376 759 1635 812 mittere?
1668 757 1774 812 Sed
1810 772 1987 826 neque

420 851 533 904 hme
567 848 829 918 Spiritum
858 865 1022 920 supra
1056 849 1253 905 Filium
1287 849 1563 915 exaltant;
1589 864 1766 919 neque
1796 847 1987 902 missio

419 940 485 992 ab
530 938 840 1009 aequalitate
884 953 1010 993 cum
1047 937 1185 993 Filio
1216 935 1482 1009 Spiritum
1529 940 1757 994 missum
1802 935 1985 1005 depri-

417 1030 515 1083 mit
534 1029 600 1082 ³⁸.
1276 1062 1306 1091 ο

490 1210 543 1261 5.
570 1210 636 1262 At
668 1210 812 1261 enim
852 1222 1076 1277 ungere,
1116 1209 1286 1274 dices,
1323 1218 1378 1261 et
1416 1209 1631 1265 mittere
1657 1219 1710 1264 et
1741 1211 1981 1264 exsusci-

421 1310 537 1354 tare
562 1343 576 1365 ,
614 1309 736 1369 post
766 1315 981 1355 sacram
1030 1301 1391 1355 oeconomiam
1447 1302 1990 1372 incarnatioaemque

421 1395 555 1446 titmt
592 1410 604 1446 :
651 1407 773 1460 qua:
817 1390 863 1446 si
906 1392 1162 1460 praedicta
1199 1408 1418 1461 quoque
1450 1392 1699 1457 fuerunt,
1748 1396 1991 1450 oraculis

420 1481 669 1534 videlicet
722 1494 810 1535 res
859 1480 1045 1534 futura
1088 1481 1568 1549 prtedieabatur".
1622 1513 1690 1522 ——
1725 1482 1991 1536 Przeclare.

420 1576 519 1627 ais.
555 1572 855 1628 Considera
902 1587 1102 1641 porro,
1153 1573 1468 1627 missionem
1507 1588 1721 1642 quoque
1752 1573 1991 1641 Spiritus

420 1682 449 1718 a
470 1663 605 1719 Filio
626 1679 751 1719 cum
779 1664 1039 1719 Serv-ator
1056 1665 1263 1728 docuit,
1295 1666 1557 1736 illumque
1584 1681 1614 1720 a
1644 1666 1799 1721 Patre
1821 1668 1991 1723 fuisse

2089 473 2470 547 προστιθέντος
2502 471 2581 542 τῷ
2626 472 2889 541 χρίσματι
2912 485 2926 499 °
2958 469 3124 539 βαθὺς
3161 472 3188 522 ό
3217 468 3396 537 λόγος,
3428 470 3543 523 ἀλλ’
3582 471 3668 531 εἰς

2090 570 2213 621 ὅσον
2261 567 2385 637 ἥκει
2448 564 2647 634 βάθους
2705 564 2773 616 τὰ
2824 562 2931 615 τῶν
2990 563 3280 631 αἱρετικῶν
3324 562 3671 632 ἀποφράττει

2090 660 2357 727 στόματα.
2414 657 2735 712 Ἐπισκόπει
2783 656 2841 709 δὲ
2885 657 2980 709 καὶ
3021 656 3201 709 τοῦτο.
3247 655 3371 708 Ἐπὶ
3404 654 3496 707 τὸν
3536 655 3671 706 Υἰὸν

2092 748 2278 817 μένει·
2322 747 2528 816 ἐγείρει
2554 745 2717 798 αὐτὸν
2756 745 2866 798 ἀπὸ
2896 745 3005 797 τῶν
3048 744 3279 816 νεκρῶν.
3319 739 3466 813 *Αρα
3493 742 3669 795 ταῦτα

2087 838 2344 908 δευτέραν
2371 837 2483 889 ἀλλ’
2503 837 2622 907 οὐχὶ
2648 837 2746 907 τὴν
2769 836 2993 907 πρώτην
3014 836 3121 905 ἢτδ
3146 834 3499 887 ἀποστέλλειν
3515 832 3672 897 τάξιν

2089 929 2449 1001 κατείληφεν;
2497 927 2637 980 Ἀλλ’
2664 927 2788 981 οῦτε
2820 926 2996 980 ταῦτα
3024 926 3088 979 τὸ
3133 926 3357 994 Πνεῦμα
3388 928 3534 978 ποιεῖ
3573 924 3670 977 τοῦ

2088 1022 2221 1078 Υίοῦ
2253 1019 2665 1092 ὑπερκείμενον,
2698 1019 2806 1071 οὐδ’
2834 1017 3158 1089 ήάποστολὴ
3188 1016 3546 1080 καταϐιϐάζει
3564 1015 3672 1085 τῆς

2092 1113 2359 1185 ἰσοτιμίας
2392 1110 2485 1166 τοῦ
2524 1109 2654 1163 Υἰοῦ
2691 1109 2753 1162 τὸ
2786 1107 3011 1177 Πνεῦμα
3039 1108 3101 1160 τὸ
3135 1106 3621 1175 ἀποστελλόμενον.

2158 1214 2227 1275 γ’.
2275 1204 2434 1257 Ἀλλά
2461 1203 2521 1255 τὸ
2544 1200 2719 1272 χρίειν
2750 1201 2897 1268 ἐρεῖς
2919 1197 3272 1252 ἀποστέλλειν
3302 1199 3396 1250 καὶ
3435 1196 3673 1265 ἐγείρειν

2094 1301 2231 1369 μετά
2258 1297 2356 1369 τὴν
2386 1294 2702 1363 οἰκονομίαν
2729 1292 2866 1363 μετά
2892 1292 2992 1361 τὴν
3027 1290 3307 1361 σάρκωσιν
3328 1304 3342 1319 ·
3376 1290 3425 1341 εἰ
3446 1287 3555 1358 γάρ
3575 1288 3676 1339 καὶ

2092 1390 2451 1461 προείρηται,
2514 1385 2651 1438 ἀλλὰ
2702 1382 2942 1453 χρησμοὶ
2980 1380 3041 1433 τὸ
3089 1379 3282 1449 μέλλον
3327 1378 3671 1447 ἐκήρυττον·

2094 1483 2288 1555 μενοῦν
2322 1498 2407 1549 γε.
2454 1478 2659 1533 Ἐννόει
2703 1477 2759 1530 δὲ
2795 1475 2870 1537 ὡς
2909 1473 3003 1526 καὶ
3038 1472 3100 1526 τὸ
3146 1467 3578 1526 ἀποστέλλεσθαι
3611 1465 3677 1517 τὸ

2092 1572 2317 1643 Πνεῦμα
2346 1569 2498 1640 παρὰ
2535 1568 2629 1621 τοῦ
2672 1566 2801 1620 Υἱοῦ
2840 1564 3003 1635 ἡνίκα
3052 1562 3337 1615 ἐδίδασκεν
3380 1563 3410 1614 ό
3439 1559 3674 1629 Σωτὴρ,

2094 1670 2160 1719 ἐκ
2202 1665 2292 1717 τοῦ
2341 1662 2555 1733 Πατρός
2604 1659 2764 1713 αὐτὸν
2817 1650 3155 1710 ἀπεστάλθαι
3214 1655 3308 1706 καὶ
3360 1651 3527 1723 μηδὲν
3578 1649 3676 1717 ἀφ’

419 1758 650 1813 missum
687 1767 743 1813 et
790 1759 928 1813 nihil
973 1774 1001 1812 a
1062 1774 1121 1814 se
1173 1760 1295 1828 ipso
1341 1759 1525 1829 loqui,
1580 1769 1710 1815 tunc
1773 1760 1991 1815 missio-

2103 1756 2291 1812 ἑαυτοῦ
2319 1755 2519 1821 λέγειν,
2544 1748 2846 1821 τηνικαῦτα
2874 1747 2968 1799 καὶ
2992 1745 3093 1815 τὴν
3113 1743 3418 1813 ἀποστολὴν
3438 1739 3679 1794 οἰκειοῦ-

421 1867 544 1906 nem
583 1853 711 1907 item
744 1850 981 1922 Spiritus
1013 1851 1117 1906 sibi
1154 1852 1523 1907 vindicavisse
1556 1870 1569 1906 :
1612 1866 1848 1921 eumque
1880 1852 1995 1921 ipse

422 1945 627 2000 missus
650 1955 754 2009 est,
788 1954 918 1999 tunc
950 1944 1199 1999 mittendi
1240 1958 1458 2013 quoque
1488 1943 1798 1998 facultatem
1835 1958 1994 1997 accc-

423 2036 587 2103 pisse.
623 2035 809 2090 Viden’
841 2048 900 2091 ut
928 2037 1040 2090 haec
1065 2036 1246 2089 omnia
1282 2051 1448 2090 sacrae
1482 2036 1799 2090 teconomite
1833 2036 1994 2090 verba

422 2128 550 2192 sint,
575 2142 680 2179 non
706 2128 1041 2181 auctoritas?
1068 2127 1261 2197 Specta
1296 2129 1460 2199 igitur
1494 2127 1639 2198 quod
1676 2116 1996 2184 (ecenornitn

422 2226 524 2283 est,
547 2228 709 2288 atque
732 2218 800 2272 ab
821 2232 887 2272 eo
911 2219 1177 2287 quidquid
1200 2230 1279 2273 est
1330 2220 1692 2282 auctoritatis,
1722 2220 1992 2275 discerne.

426 2307 617 2364 Missio
682 2326 789 2364 non
857 2310 1095 2366 destruit
1146 2311 1810 2367 consubst‘antialitatem:
1860 2312 1993 2366 sub-

425 2402 592 2454 stanti
658 2402 993 2473 homogenea
1070 2417 1178 2456 non
1257 2403 1422 2456 trahit
1482 2402 1548 2455 ad
1609 2401 1992 2458 dilfereutiam.

422 2492 558 2546 Cum
601 2496 767 2547 exivit
807 2510 834 2545 a
870 2493 1029 2549 Patre
1060 2497 1319 2564 venitque
1379 2494 1572 2558 Filius,
1647 2504 1775 2552 tunc
1830 2496 1997 2551 mittit

421 2595 473 2637 et
504 2583 791 2652 Spiritum.
823 2585 1010 2655 Neque
1039 2587 1092 2639 in
1117 2588 1262 2640 exitu
1301 2586 1358 2641 lit
1388 2587 1695 2651 distractio,
1730 2604 1907 2659 neque
1938 2589 1992 2643 in

423 2674 685 2730 missione
727 2677 1021 2744 separatio.
1100 2678 1281 2731 Exivit
1324 2694 1589 2743 manens,
1624 2680 1882 2751 misitque
1912 2696 1995 2736 re-

424 2766 604 2821 tinens
646 2768 788 2835 apud
826 2784 914 2823 se.
965 2768 1203 2823 Suscitat
1247 2770 1524 2824 Chrismm
1573 2770 1848 2841 Spiritus;
1885 2788 1994 2826 non

422 2857 567 2925 quod
605 2857 875 2911 inﬁrmior
918 2858 971 2912 in
1005 2859 1097 2912 illo
1145 2860 1403 2913 divinitas
1434 2872 1610 2925 esset,
1650 2862 1741 2915 sed
1778 2877 1845 2916 ne
1884 2863 1993 2915 vim

426 2948 656 3002 activam
693 2948 930 3018 Spiritus
962 2965 992 3003 a
1022 2950 1306 3004 divinitate
1328 2949 1448 3005 Filii
1482 2952 1717 3005 alienam
1752 2960 1993 3023 putares.

2093 1871 2181 1908 ται
2214 1849 2307 1905 τοῦ
2349 1847 2668 1915 Πνεύματος
2691 1857 2705 1873 ’
2751 1842 2841 1895 ὅτε
2873 1837 3036 1899 αὐτὸς
3069 1834 3450 1897 ἀπεστέλλετο,
3485 1831 3583 1884 καὶ
3613 1829 3678 1880 τὸ

2095 1941 2448 1997 ἀποστέλλειν
2477 1935 2779 2002 ἀνεδέχετο.
2813 1932 2977 2001 Ὁρᾷς
3003 1928 3080 1991 ὼς
3113 1926 3288 1981 ταῦτα
3316 1926 3497 1980 πάντα
3528 1922 3678 1974 οἰκο-

2095 2036 2289 2106 νομίας
2324 2034 2492 2095 ἐστὶν,
2517 2026 2748 2083 ἀλλὀὐκ
2774 2022 3063 2084 αὑθεντίας
3091 2019 3158 2073 τὰ
3184 2020 3405 2089 ῥήματα
3431 2031 3447 2079 ;
3476 2014 3589 2067 νόει
3610 2009 3677 2062 τδ

2093 2129 2193 2198 τῆς
2236 2122 2569 2192 οἰκονομίας,
2620 2120 2715 2172 καὶ
2754 2117 2999 2186 διάκρινε
3037 2114 3098 2165 τὸ
3136 2111 3234 2179 τῆς
3276 2108 3602 2198 αὑθεντίαςι
3636 2107 3673 2174 ἡ

2095 2218 2367 2286 ἀποστολὴ
2396 2216 2459 2269 οὐ
2478 2213 2598 2266 λύει
2621 2211 2683 2263 τὸ
2703 2208 2988 2279 όμοούσιον
3007 2220 3023 2236 ο
3050 2202 3111 2256 τὸ
3133 2200 3372 2272 όμοφυὲς
3391 2200 3450 2252 οὐ
3482 2197 3675 2268 τρέπει

2094 2310 2232 2382 πρὸς
2289 2307 2624 2378 ἑτερότητα·
2672 2302 2761 2356 ὅτε
2816 2298 3039 2369 ἐξῆλθεν
3083 2297 3147 2348 ὲκ
3185 2293 3282 2346 τοῦ
3326 2292 3543 2359 Πατρός
3581 2290 3678 2341 καὶ

2094 2400 2229 2475 ἧκεν
2257 2402 2289 2453 ὁ
2327 2400 2479 2463 Υίὸς,
2520 2396 2642 2448 τότε
2671 2389 2993 2447 ἀποστέλλει
3030 2388 3123 2441 καὶ
3159 2386 3220 2439 τὸ
3249 2383 3507 2475 Πνεῦμασ
3549 2382 3675 2435 οὔτε

2096 2474 2153 2547 ὲν
2178 2495 2244 2563 τῇ
2282 2488 2551 2555 ὲξελεύσει
2575 2484 2888 2544 διάστασις,
2924 2476 3045 2531 οὔτε
3076 2480 3134 2531 ὲν
3164 2479 3229 2546 τῇ
3258 2474 3531 2545 ἀποστολῇ
3567 2490 3677 2544 χω-

2099 2585 2291 2660 ρισμός
2316 2599 2329 2612 ·
2380 2579 2569 2651 ἐξῆλθε
2614 2576 2823 2648 μένων,
2855 2572 2952 2627 καὶ
2992 2571 3279 2625 ἀπέστειλε
3322 2570 3451 2639 παρ’
3498 2566 3678 2636 ἐαυτῷ

2096 2681 2234 2748 ἔχων
2258 2693 2271 2708 ο
2315 2675 2508 2744 ἀνιστᾷ
2534 2672 2628 2725 τὸν
2661 2668 2905 2739 Χριστὸν.
2928 2665 2990 2718 τὸ
3031 2662 3274 2733 Πνεῦμα,
3302 2661 3402 2730 οὐχ
3430 2660 3507 2722 ὡς
3546 2661 3674 2713 ἀτο-

2095 2770 2293 2840 νούσης
2316 2768 2417 2836 τῆς
2442 2768 2497 2817 ὲν
2524 2762 2674 2831 αὐτῷ
2706 2760 2983 2828 θεότητος,
3014 2754 3127 2808 ἀλλ’
3155 2755 3243 2806 ἵνα
3267 2752 3365 2821 τὴν
3394 2752 3676 2817 ἐνέργειαν

2095 2863 2189 2915 τοῦ
2225 2857 2579 2928 Πνεύματος,
2612 2854 2712 2923 τῆς
2753 2853 2810 2904 ὲν
2849 2850 2929 2921 τῷ
2982 2846 3095 2917 Υίῷ
3134 2847 3335 2917 νοήσῃς
3373 2845 3475 2897 οὐκ
3518 2843 3679 2897 ἀλλο-

2097 2952 2428 3023 τριουμένην
2466 2947 2718 3016 θεότητος
2740 2959 2754 2975 ο
2787 2938 2904 2996 εἶτα
2935 2940 2996 2992 τὸ
3029 2939 3251 3008 Πνεῦμα
3284 2937 3385 3007 μὲν
3410 2934 3679 2989 ἀποστέλ-

425 3035 627 3109 βοίηιιε
657 3037 893 3106 Spiritus
923 3038 1141 3107 quidem
1176 3036 1391 3093 Patrem
1431 3040 1595 3093 mittit
1624 3057 1638 3105 ;
1675 3056 1780 3094 non
1817 3049 1996 3096 tamen

2103 3048 2181 3101 λει
2215 3046 2304 3099 τὸν
2354 3041 2572 3111 Πατέρα
2595 3056 2610 3071 ο
2653 3037 2713 3090 οὐ
2747 3035 3005 3095 πολλάκις
3038 3032 3136 3084 δέ’
3184 3031 3273 3082 ἵνα
3313 3028 3402 3083 διὰ
3451 3026 3551 3096 μὲν
3582 3024 3678 3078 τοῦ

423 3144 821 3198 saepenumero.
862 3130 938 3183 lta
972 3141 1203 3200 propter,
1233 3132 1374 3186 hanc
1416 3135 1734 3190 missionem
1767 3153 1874 3191 non
1905 3153 2000 3192 ex-

425 3221 558 3275 cidit
591 3221 848 3290 Spiritus,
883 3237 1042 3277 secus
1059 3238 1122 3277 ac
1153 3224 1390 3279 haeretici
1415 3225 1704 3292 blaterant,
1728 3229 1797 3282 ab
1817 3245 2001 3299 arqua-

427 3313 579 3366 litate
614 3320 669 3365 et
701 3314 1009 3370 divinitate.
1061 3314 1211 3382 Quos
1247 3327 1424 3372 autem
1474 3336 1582 3374 non
1631 3336 1772 3390 sa‘pe
1809 3322 1997 3387 mittit,

428 3406 479 3459 id
504 3406 711 3461 scilicet
744 3407 959 3471 accidit,
995 3424 1063 3462 ne
1096 3410 1147 3463 in
1172 3408 1439 3466 Trinitate
1460 3414 1568 3467 vim
1600 3415 1873 3468 causalem
1906 3416 2001 3468 tri-

426 3494 530 3548 bus
555 3509 904 3549 communem
928 3496 1325 3551 existimemus.
1361 3497 1567 3553 Idcirco
1595 3498 1753 3556 Pater
1782 3502 1999 3570 quidem

425 3583 628 3637 dicitur
659 3598 1038 3651 saepenumero
1080 3602 1175 3655 per
1208 3586 1469 3656 Spiritum
1517 3605 1713 3657 agere;
1750 3592 2003 3647 similiter

425 3672 584 3726 etiam
618 3688 712 3740 per
742 3673 964 3729 Filium.
1007 3673 1140 3727 Illud
1170 3686 1349 3729 autem
1378 3694 1519 3747 saepe
1548 3680 1661 3732 lieri
1694 3681 1914 3743 dicitur,
1945 3690 2004 3734 ut

430 3763 572 3818 Patri
606 3764 848 3819 causalis
877 3765 960 3818 vis
989 3766 1341 3821 conﬁrmetur
1367 3787 1381 3822 :
1409 3771 1587 3823 rarius
1626 3780 1807 3825 autem
1844 3787 2003 3841 agere

430 3872 521 3925 per
550 3858 764 3910 Patrem
800 3856 1039 3925 Spiritus
1069 3857 1273 3912 dicitur
1310 3860 1393 3914 vel
1428 3859 1636 3927 Filius,
1672 3878 1738 3917 ne
1773 3864 1817 3917 si
1863 3880 2004 3933 saepe

428 3958 524 4011 per
556 3944 773 3997 Patrem
803 3958 965 4012 agere
999 3944 1237 4013 Spiritus
1268 3956 1430 4015 atque
1463 3946 1636 4003 Filius
1666 3948 2002 4015 dicerentur,

429 4034 698 4089 malitiosa
727 4043 892 4103 atque
929 4044 1145 4090 versuta
1179 4036 1558 4092 haereticorum
1590 4039 1767 4095 rabies
1794 4042 2007 4097 minore

426 4128 616 4179 ordine
643 4141 935 4195 personam
966 4128 1309 4198 gloriamque
1341 4130 1514 4185 Patris
1544 4132 1837 4187 collocaret
1864 4151 1879 4199 ;
1912 4146 2005 4191 aut

423 4218 570 4285 quod
616 4219 790 4284 magis
818 4219 1036 4273 obvium
1069 4228 1254 4284 esset,
1296 4224 1668 4278 eausalitatem
1707 4226 1783 4279 illi
1824 4228 2005 4296 eripe-

430 4317 526 4363 ret.
564 4308 727 4365 Mittit
756 4311 916 4364 Pater
946 4312 1208 4381 Spiritum
1256 4326 1420 4385 atque
1453 4314 1671 4371 Filium.
1703 4316 1869 4372 Mittit
1896 4320 2001 4373 Pa-

428 4412 566 4456 trem
616 4404 780 4457 etiam
833 4403 1075 4471 Spiritus
1119 4406 1356 4474 itemque
1392 4405 1561 4461 Filius

426 4495 732 4564 :equalitas.
761 4495 828 4549 At
860 4497 1008 4550 enim
1043 4498 1242 4567 sacpius
1280 4498 1448 4552 ruittit
1474 4498 1633 4554 Pater
1669 4517 1683 4553 :
1712 4515 1779 4554 cn
1811 4515 2004 4555 causa-

428 4586 594 4641 litatis
634 4589 1017 4656 praerogativa.
1060 4587 1133 4642 Ita
1185 4590 1304 4644 sine
1349 4591 1457 4644 ulla
1506 4591 1822 4646 diversitate
1870 4594 2004 4646 sub-

427 4681 643 4736 stantia)
680 4680 855 4749 patria
906 4682 1215 4750 proprietas
1260 4683 1472 4749 elucet;
1502 4684 1805 4755 eademque
1839 4685 2006 4739 simul

426 4774 643 4829 elucere
675 4772 809 4829 sinit
840 4772 1083 4837 illorum,
1112 4773 1203 4843 qui
1237 4789 1266 4827 a
1298 4789 1358 4829 se
1383 4777 1705 4843 procedunt,
1746 4776 2010 4846 homoge-

427 4865 689 4919 neitatem
720 4864 1058 4934 honorisque
1081 4865 1395 4934 paritatem.

493 4960 548 5012 4.
585 4957 797 5012 Dicitur
838 4972 971 5027 ergo
1005 4958 1169 5013 Pater
1201 4974 1298 5028 per
1331 4957 1530 5012 Filium
1575 4974 1663 5015 res
1696 4971 1913 5017 creatas
1942 4977 2009 5017 ex

427 5049 600 5103 nihilo
630 5049 1001 5118 produxisse;
1036 5062 1292 5120 praeterea
1327 5051 1537 5108 Veteris
1570 5068 1791 5123 quoque
1816 5053 2012 5109 Testa-

429 5141 598 5195 menti
622 5141 993 5211 legislatorem
1027 5144 1279 5198 eumdem
1311 5144 1613 5214 praedicat:
1648 5146 1831 5200 divina
1854 5148 2017 5201 nimi-

431 5248 550 5288 rum
577 5232 927 5289 Providentia
956 5234 1129 5289 multo
1159 5245 1318 5290 antea
1352 5235 1627 5292 refutante
1658 5238 2016 5308 l‘unditusque

428 5336 707 5381 evertente
758 5328 975 5392 illorum
1025 5328 1297 5383 insaniam
1324 5370 1338 5392 ,
1377 5329 1468 5399 qui
1501 5328 1666 5385 Vetus
1695 5329 2017 5402 Novumque

431 5419 840 5474 Testamentum
903 5421 970 5475 ad
1021 5421 1128 5475 duo
1169 5423 1441 5477 contraria
1492 5423 1761 5492 principia
1810 5422 2012 5478 referre

430 5511 652 5567 audent.
686 5510 821 5565 Nam
852 5512 897 5566 si
919 5511 1167 5569 Ecclesia
1209 5514 1410 5569 diserte
1437 5514 1562 5568 licet
1598 5513 1823 5579 fatente,
1847 5513 2011 5569 Chri-

433 5613 572 5663 stum
596 5604 943 5658 oraculorum
967 5614 1207 5659 veterum
1224 5604 1509 5669 veritatem
1523 5604 2007 5669 demonstravisse,

503 5717 544 5751 "
575 5714 741 5774 .‘tlarc.
788 5732 825 5781 ι,
866 5718 947 5771 l0.
986 5718 1143 5773 lium.
1179 5734 1291 5779 riu,
1332 5720 1418 5771 ll.

2100 3136 2450 3195 ἀποστέλλειν
2471 3176 2484 3196 ,
2522 3134 2662 3194 ὅλως
2690 3132 2790 3198 τῆς
2824 3126 2995 3195 αὐτῆς
3030 3124 3104 3194 μὴ
3136 3121 3373 3191 διαπέσῃ
3409 3120 3551 3173 κατά
3579 3118 3679 3186 τὴν

2100 3228 2383 3301 αἰρετικὴν
2418 3220 2799 3294 γλωσσαλγίαν
2827 3216 3099 3286 ἰσοτιμίας
3145 3214 3239 3266 καὶ
3272 3212 3550 3281 θεότητοςο
3589 3207 3681 3261 διὰ

2100 3320 2155 3373 δὲ
2194 3319 2288 3373 τοῦ
2319 3318 2394 3388 μὴ
2432 3313 2726 3376 πολλάκις,
2767 3309 2829 3363 τὸ
2852 3310 2910 3361 ὲν
2940 3310 3005 3378 τῇ
3041 3305 3233 3376 Τριάδι
3271 3304 3445 3356 αττιον
3483 3303 3557 3372 μή
3592 3318 3680 3355 νο⁶

2105 3409 2270 3480 μισθῇ
2302 3407 2484 3460 κοινὸν
2513 3404 2623 3459 τῶν
2649 3401 2817 3473 τριῶν
2836 3417 2850 3431 ·
2875 3399 2961 3451 διὰ
2984 3396 3143 3450 τοῦτο
3172 3395 3393 3462 λέγεται
3424 3394 3523 3463 μὲν
3550 3391 3681 3445 πολ-

2102 3501 2256 3562 λάκις
2289 3500 2317 3550 ὁ
2354 3498 2547 3567 Πατὴρ
2585 3492 2675 3546 διὰ
2707 3490 2802 3545 τοῦ
2834 3487 3154 3557 Πνεῦματος
3182 3485 3426 3554 ἐνεργεῖν
3449 3496 3464 3511 ·
3500 3480 3682 3534 ὡσαύ-

2101 3610 2210 3656 τως
2236 3592 2293 3645 δὲ
2321 3590 2416 3644 καὶ
2445 3588 2535 3641 διὰ
2562 3584 2656 3639 τοῦ
2691 3582 2823 3636 Υίοῦ
2842 3598 2855 3612 ο
2889 3580 3149 3640 πολλάκις
3186 3575 3284 3646 μὲν
3316 3576 3400 3628 ἵνα
3423 3574 3485 3627 τὺ
3510 3573 3685 3626 αἴτιον

2100 3683 2179 3754 τῷ
2219 3680 2395 3753 Πατρὶ
2427 3676 2728 3750 βεϐαιωθῇ·
2764 3674 2829 3727 οὐ
2868 3671 3128 3731 πολλάκις
3155 3668 3214 3720 δὲ
3247 3666 3309 3720 τὸ
3341 3663 3569 3733 Πνεῦμα
3597 3662 3685 3716 διὰ

2103 3775 2196 3829 τοῦ
2237 3772 2483 3843 Πατρὺς,
2517 3768 2641 3823 οὔτε
2675 3768 2704 3819 ό
2736 3765 2895 3831 Υίὸς,
2938 3763 3025 3817 ἵνα
3062 3760 3137 3831 μὴ
3166 3758 3255 3813 διὰ
3292 3756 3387 3811 τοῦ
3422 3753 3685 3815 πολλάκις

2104 3870 2348 3939 ἐνεργεῖν
2381 3864 2468 3918 διὰ
2504 3862 2597 3916 τοῦ
2632 3860 2845 3931 Πατρός
2875 3859 2936 3909 τὸ
2962 3854 3187 3924 Πνεῦμα
3217 3852 3313 3905 καὶ⁵
3349 3852 3441 3904 τὸν
3470 3849 3682 3939 Tiburi]

2106 3938 2489 4029 κακομήχανος
2517 3955 2614 4008 καὶ
2657 3951 2998 4021 πολύτροπος
3040 3947 3215 4000 λύσσα
3245 3944 3356 3998 τῶν
3391 3938 3687 4013 αἰρετικῶν

2104 4054 2185 4116 εἰς
2218 4051 2424 4105 ἐλάττω
2467 4046 2623 4113 τάξιν
2652 4045 2751 4113 τὴν
2781 4041 3080 4095 ὑπόστασιν
3111 4040 3144 4109 ἢ
3176 4038 3275 4109 τὴν
3306 4036 3469 4102 δόξαν
3510 4048 3687 4086 κατα-

2105 4145 2305 4215 6ι6ἀσῃ
2336 4142 2432 4195 τοῦ
2465 4137 2679 4210 Πατρός
2698 4152 2711 4169 ο
2744 4136 2779 4206 ἢ
2810 4138 2871 4189 τό
2903 4151 2966 4203 γε
2998 4130 3439 4203 προχειρότερον,
3464 4125 3563 4195 τὴν
3594 4122 3689 4177 τοῦ

2105 4237 2281 4292 αἰτίου
2318 4233 2563 4304 περιέλοι
2600 4231 2789 4300 τιμήν.
2836 4225 3185 4281 Ἀποστέλλει
3228 4224 3257 4273 ὁ
3288 4221 3477 4289 Πατὴρ
3506 4219 3602 4271 καὶ
3632 4216 3691 4268 τὸ

2109 4329 2332 4398 Πνεῦμα
2358 4325 2453 4379 καὶ
2481 4324 2573 4377 τὸν
2598 4322 2756 4375 Υίόψ
2790 4316 3111 4373 ἀποστέλλει
3138 4313 3229 4366 τὸν
3261 4310 3481 4379 Πατέρα
3512 4307 3608 4360 καὶ
3631 4306 3693 4357 τὸ

1611 4426 1625 4460 ε
1680 4423 1745 4463 θη
1793 4419 2004 4465 "illum
2030 4391 2082 4450 D
2112 4391 2337 4489 Πνεῦμα
2379 4417 2472 4471 καὶ
2516 4416 2543 4467 ὁ
2574 4413 2722 4477 Υἱός.
2772 4409 2904 4463 Ἰδοὺ
2948 4407 3049 4475 τῆς
3080 4405 3294 4475 φύσεως
3324 4402 3386 4455 τὸ
3426 4401 3689 4468 ἰσότιμον.

2123 4512 2285 4567 Ἀλλά
2319 4510 2575 4572 πολλάκις
2598 4510 2626 4560 ὁ
2655 4504 2841 4574 Πατὴρ
2859 4498 3175 4555 ἀποστέλλει
3197 4512 3211 4529 ο
3246 4495 3354 4548 ἰδοὺ
3384 4492 3483 4547 τοῦ
3515 4492 3692 4544 αἰτίου

2111 4605 2174 4658 τὸ
2189 4602 2484 4673 ἐξαίρετον.
2500 4599 2683 4661 Οὕτως
2702 4599 2759 4649 ὲν
2775 4595 2853 4664 τῷ
2871 4590 3273 4662 ἀπαραλλάκτῳ
3292 4587 3390 4653 τῆς
3419 4585 3611 4647 οὐσίας
3632 4584 3693 4635 τι)

2115 4693 2378 4766 πατρικὸν
2404 4692 2532 4745 ἴδιον
2561 4690 2852 4757 ἐκλάμπει,
2873 4686 2966 4739 καὶ
2988 4679 3467 4749 συνεκλάμπεσθαι
3503 4677 3692 4729 δίδωσι

2113 4788 2221 4840 τῶν
2240 4785 2299 4850 ἐξ
2316 4783 2483 4839 αὐτοῦ
2508 4779 2953 4853 προεληλυθότων
2980 4777 3039 4830 τὸ
3054 4773 3292 4846 ὁμοφυὲς
3310 4772 3404 4825 καὶ
3424 4770 3689 4837 ἰσότιμον.

2183 4967 2245 5021 δ’.
2288 4965 2520 5033 Λέγεται
2544 4964 2724 5017 τοίνυν
2744 4961 2810 5015 δι’
2842 4958 2972 5013 Υἱοῦ
2992 4960 3090 5027 τὴν
3117 4958 3293 5011 κτίσιν
3322 4957 3384 5011 ὲκ
3420 4952 3497 5024 μὴ
3522 4953 3694 5005 ὄντων

2112 5059 2447 5128 ὑποστῆναι,
2493 5056 2630 5109 ἀλλά
2674 5054 2895 5121 καὶτῆς
2931 5052 3172 5114 Παλαιᾶς
3218 5045 3694 5119 ἀνακηρύττεσθαι

2111 5149 2406 5220 νομοθέτην
2427 5166 2440 5177 “
2470 5148 2570 5215 τῆς
2599 5147 2752 5209 θείας
2789 5142 3072 5215 πόρρωθεν
3106 5139 3369 5209 Προνοίας
3409 5139 3693 5203 ὲπιστομι⁸

2112 5241 2311 5311 εούσης
2360 5257 2421 5292 τε
2463 5240 2557 5293 καὶ
2587 5235 2883 5308 πρόρριζον
2924 5234 3027 5304 τὴν
3067 5232 3327 5287 ἀπόνοιαν
3359 5227 3693 5294 ἀνασπὼσης

2110 5334 2220 5384 τῶν
2258 5332 2336 5392 είς
2367 5330 2752 5398 ἀντικειμένας
2776 5325 2950 5394 ἀρχὰς
2985 5321 3078 5374 δύο
3103 5319 3426 5387 τολμώντων
3454 5316 3556 5383 τὴν
3586 5314 3693 5365 Πα-

2116 5423 2272 5475 λαιὰν
2301 5420 2591 5491 ἀναφέρειν
2620 5418 2715 5472 καὶ
2755 5416 2853 5484 τὴν
2876 5413 3037 5466 Νέαν.
3074 5411 3136 5463 Εἰ
3170 5412 3281 5479 γάρ
3322 5408 3413 5461 τὸν
3439 5406 3568 5458 Υίὸν
3595 5403 3693 5471 τῆς

2132 5512 2459 5581 Ἐκκλησίας
2516 5507 2787 5578 λαμπρῶς
2831 5501 3269 5575 ἀνομολογούσης
3309 5500 3436 5561 τούς
3484 5513 3543 5549 τε
3591 5513 3691 5545 πα-

2118 5605 2301 5665 λαιοὺς
2344 5601 2626 5674 χρησμοὺς
2656 5597 2966 5668 ἀποφῆναι,
2995 5596 3086 5647 καὶ
3126 5596 3223 5664 τῆς
3250 5591 3376 5653 νέας
3406 5588 3496 5644 τὸν
3530 5586 3687 5640 αὑτὸν

1496 5721 1540 5751 ³9
1574 5718 1728 5773 Joan.
1765 5735 1853 5781 xv,
1885 5720 1990 5781 26;
2028 5736 2138 5781 va,
2178 5719 2258 5773 15.
