3908 6214
439 291 548 356 915
1598 286 1866 349 ΡΗΟΤΙΙ
1904 284 2411 349 ΡΑΤΒῙΑΒΕΗΑΕ
2442 286 2551 348 CP.
3614 283 3717 350 916

439 402 622 454 nimus
659 406 715 454 et
760 396 1009 457 conﬁteri
1048 396 1333 453 solemus:
1380 393 1527 467 quod
1568 405 1751 451 autem
1795 395 2021 465 Spiritui

2131 396 2511 467 συνομολογεῖν
2559 395 2901 467 ἐπιστάμεθα
2932 412 2948 429 ·
2982 396 3046 451 τὸ
3079 397 3262 468 μέντοι
3299 398 3566 469 Πνεῦμα,
3598 398 3723 454 Tt?»

437 492 614 549 Filius
644 492 720 549 sit
753 492 837 546 vel
866 490 1050 556 Pater,
1084 491 1135 546 id
1164 506 1341 560 neque
1369 491 1552 547 dicere
1578 491 1815 560 patimur
1846 504 2021 558 neque

2131 488 2154 559 ἢ
2182 489 2415 560 ¹Πατέρα
2446 489 2612 559 ἔχειν,
2647 487 2773 543 οὔτε
2820 490 3004 558 λέγειν
3035 491 3365 563 ἀνεχόμεθα,
3396 491 3525 545 οὔτε
3575 492 3719 561 λεγι-

438 595 621 641 mente
667 584 1021 656 percipimus.
1053 582 1157 638 Sed
1192 595 1370 639 tamen
1421 596 1629 646 rerum,
1681 596 1804 650 quae
1854 590 2023 637 certat

2131 581 2285 649 σμοῖς
2314 579 2766 651 παραδεχόμεθα·
2797 581 2864 635 ἐκ
2885 581 2950 654 δὴ
2977 582 3081 652 τῆς
3106 583 3216 636 τῶν
3252 585 3380 637 καθ’
3406 585 3560 654 ἡμᾶς
3588 585 3719 655 apo.

438 678 580 748 apud
610 694 712 733 nos
755 687 906 738 sunt.
944 677 1194 749 analogia
1241 676 1308 729 ad
1340 674 1644 745 tbeologice
1684 673 2020 744 loquendum

2131 672 2468 744 λογουμένων
2494 674 2812 745 ἀναλογίας,
2842 676 2923 740 εἰς
2948 677 3050 746 τὴν
3068 678 3208 749 ὑπὲρ
3239 678 3388 749 ἡμᾶς
3419 677 3724 748 ἱερολογίαν

438 773 508 827 de
541 772 907 827 ineﬁ‘abilibus
941 781 1104 841 atque
1136 770 1505 825 eminentibus
1534 768 1738 822 divinis
1769 766 2021 838 personis

2131 764 2234 819 τῶν
2257 765 2604 839 ὑπερουσίων
2627 785 2687 822 τε
2712 769 2810 822 καὶ
2841 769 3125 841 ὑπερθέων
3152 769 3460 841 θεαρχικῶν
3492 770 3726 823 ὑποστά-

439 863 610 928 ducti,
645 880 752 918 non
780 864 1055 917 immerito
1087 862 1351 931 Spiritum
1388 860 1564 918 Patris
1594 860 1807 931 Fliiqne
1837 860 2021 916 dicere

2131 872 2267 911 σεων
2286 858 2640 931 ἀναγόμενοι,
2658 861 2887 925 εἰκότως
2904 862 3130 933 Πνεῦμα
3153 863 3250 933 μὲν
3262 862 3478 933 Harpe;
3488 860 3585 915 καὶ
3596 861 3724 915 Tia?»

441 953 745 1020 discimus;
774 954 990 1008 Patrem
1031 968 1158 1009 vero
1182 953 1266 1008 vel
1312 951 1507 1007 Filium
1556 950 1831 1022 Spiritus,
1879 949 2026 1008 haud

2134 947 2315 1018 λέγειν
2366 950 2767 1023 διδασκόμεθα·
2824 954 3046 1023 Πατέρα
3091 954 3148 1008 δὲ
3202 957 3522 1027 Πνεύματος
3555 955 3591 1025 ἢ
3638 957 3725 1009 τὸν

436 1043 552 1114 jam
584 1059 885 1114 agnoscere
907 1046 1268 1100 sustinemus.

2131 1041 2293 1109 Υῐὸν,
2333 1043 2517 1097 οὐκέτι
2555 1045 2748 1114 μαθεῖν
2778 1048 3145 1116 ὑφιστάμεθα.

511 1157 837 1225 QUA‘ISTIO
889 1158 1024 1215 CXC
1075 1159 1264 1233 [CoisL
1305 1158 1536 1225 CCXIX,
1572 1158 1735 1213 Tuur.
1774 1156 1959 1229 CCX].
2683 1160 3020 1214 ΕΡΩἸῊΣΙΣ
3059 1159 3177 1227 PL].

441 1274 675 1329 Curnam
733 1292 851 1328 cum
902 1275 1066 1330 Pater
1104 1286 1154 1329 et
1195 1275 1372 1330 Filius
1427 1286 1475 1330 et
1520 1284 1735 1327 sanctus
1794 1273 2030 1341 Spiritus

2136 1271 2195 1326 Τί
2226 1272 2454 1337 δήποτε
2490 1274 2723 1343 Πατρός
2755 1275 2854 1328 καὶ
2876 1276 3015 1329 Υιου
3046 1278 3146 1329 καὶ
3173 1274 3347 1342 ἁγίου
3378 1274 3729 1343 Πνεύματος

511 1344 989 1400 consubstantiales
1014 1362 1270 1415 paresque
1316 1347 1382 1411 vi,
1416 1347 1689 1399 voluntate
1711 1354 1758 1398 et
1797 1344 2030 1415 pot_entia

2204 1346 2548 1415 dypopo‘lrar
2578 1361 2644 1397 τε
2686 1345 2783 1398 καὶ
2829 1344 3141 1414 ὁμοταγῶν
3174 1344 3327 1398 κατὰ
3365 1362 3432 1412 γε
3465 1344 3728 1415 δύναμιν·

511 1416 652 1486 sint,
702 1426 874 1470 tamen
918 1418 972 1469 in
1014 1412 1345 1470 numerando
1385 1419 1615 1486 primum
1666 1415 1840 1470 locum
1869 1412 2030 1468 Pater

2204 1412 2303 1466 και
2332 1414 2586 1486 ,βουλὴν
2615 1416 2714 1468 καί
2756 1412 3076 1486 κυριότητα
3119 1416 3516 1486 πεφυκότων,
3547 1415 3621 1486 ἐν
3654 1414 3726 1482 τῇ

512 1485 791 1543 obtineat?
1386 1484 1393 1486 ἡ
2205 1485 2649 1553 συναριθμήσει
2688 1484 2932 1555 πρώτην
2962 1485 3140 1551 τάξιν
3178 1490 3212 1540 ό
3244 1486 3450 1555 Πατὴρ
3490 1484 3725 1554 ἐπέχει,

1682 1633 1827 1715 Edita
1849 1646 1876 1680 a
1897 1626 2023 1679 Maio
2048 1626 2106 1691 (Ι.
2131 1640 2176 1678 c.
2204 1630 2313 1693 185,
2335 1631 2471 1692 195).

512 1755 565 1806 t.
604 1750 761 1805 Alius
789 1748 1018 1804 fortasse
1046 1748 1237 1804 nescio
1270 1747 1395 1818 quis
1435 1744 1793 1802 abstrusioris
1823 1741 2030 1797 tbeolo—

2211 1746 2282 1796 α’.
2327 1742 2521 1810 Ἀλλος
2567 1745 2670 1817 μὲν
2712 1740 2806 1802 οῦν
2840 1747 2907 1802 ἀν
2948 1764 3034 1812 τις
3072 1749 3205 1813 ῐσως
3237 1748 3727 1821 θεολογικωτέραις

437 1842 541 1911 gis:
567 1840 902 1910 cogitatibus
924 1839 1109 1903 nixus,
1138 1838 1345 1908 quique
1365 1838 1631 1893 virtutum
1660 1835 2030 1907 perfectarum

441 1931 654 1987 meritis
717 1931 786 1986 ad
852 1930 1208 1998 excipiendos
1272 1929 1512 1985 caelestis
1569 1926 1790 1982 luminis
1846 1924 2032 1980 radios

439 2024 710 2093 aptiorem
760 2038 820 2077 se
870 2022 1189 2085 reddiderit,
1232 2021 1300 2087 is,
1358 2022 1609 2091 inquam,
1670 2017 1871 2073 mentis
1918 2031 2033 2072 sua:

442 2116 852 2185 perceptionem
892 2115 1218 2170 sublimiore
1256 2113 1470 2168 tbeoria
1506 2112 1825 2168 subvectam
1855 2109 2033 2179 expli-

441 2207 591 2262 cabit
613 2249 626 2271 ,
662 2223 961 2278 rerumque
993 2206 1361 2262 ineil‘abilium
1394 2220 1591 2261 causas
1609 2204 1853 2269 evolvet;
1887 2201 2033 2273 quod

442 2300 668 2368 quidem
702 2300 740 2355 ii
771 2315 1117 2369 nequaquam
1148 2300 1369 2370 aggredi
1406 2306 1669 2369 possunt,
1715 2295 1812 2367 qui
1853 2310 1910 2349 se
1936 2308 2035 2347 ne-

443 2393 719 2461 gotiorum
753 2393 992 2447 colluvie
1022 2392 1265 2447 nondum
1302 2390 1719 2460 expediverunt.
1765 2386 1877 2457 Ego
1908 2399 2035 2439 vero

442 2481 539 2550 qui
568 2482 701 2535 nibil
730 2483 1008 2538 excelsum
1039 2482 1094 2535 in
1123 2498 1209 2536 me
1238 2481 1377 2545 scio,
1407 2494 1581 2550 neque
1611 2476 1792 2532 adhuc
1834 2474 1901 2528 ab
1930 2473 2036 2528 bac

442 2574 725 2627 communi
771 2575 1194 2629 conversatione
1242 2584 1479 2629 mentem
1523 2571 1789 2635 abstraxi,
1825 2568 1872 2624 si
1904 2565 2034 2636 quid

443 2670 626 2714 tamen
648 2675 679 2715 e
695 2661 914 2731 Scriptn
925 2678 1107 2717 rarum
1132 2662 1486 2717 meditatione
1513 2669 1569 2716 et
1590 2660 1793 2726 studio,
1825 2649 2035 2715 cmlesti

442 2753 663 2808 favente
710 2768 835 2823 ope,
868 2754 1165 2820 condidici,
1201 2770 1308 2809 non
1343 2753 1613 2824 gravabor
1639 2751 1784 2823 apud
1813 2767 1909 2807 eos
1941 2752 2036 2821 qui

441 2844 577 2899 mibi
611 2846 893 2900 communi
929 2846 1192 2917 religione
1217 2846 1446 2916 zeloque
1474 2845 1721 2915 ejusdem
1754 2844 2035 2913 conjuncti

442 2943 596 3002 sunt,
621 2952 834 3007 aequam
868 2937 1173 3008 symbolam
1230 2937 1285 2991 in
1341 2951 1690 2991 communem
1742 2933 2036 2989 utilitatem

442 3028 717 3085 conferre.
768 3028 911 3084 Sunt
963 3030 1131 3099 igitur
1182 3028 1505 3099 bomogenei
1548 3026 1730 3092 Pater,
1766 3024 1936 3080 Filius
1978 3034 2033 3080 et

444 3119 703 3190 Spiritus,
733 3137 912 3192 neque
938 3120 1235 3175 voluntatis
1261 3130 1354 3175 aut
1380 3120 1594 3175 virtutis
1620 3128 1715 3173 aut
1744 3118 2030 3188 potestatis

442 3211 802 3267 ditl‘erentiam
837 3211 1001 3265 ullam
1040 3212 1093 3265 in
1130 3211 1264 3280 ipsis
1296 3211 1480 3265 videre
1516 3220 1633 3277 est;
1665 3224 1842 3278 neque
1872 3209 2028 3264 deni-

443 3316 552 3371 que
575 3302 911 3374 reliqnorum
945 3301 1265 3356 sublimium
1292 3310 1348 3356 et
1372 3301 1696 3356 eximiorum
1723 3301 2028 3364 nominum,

442 3393 647 3463 quibus
703 3392 916 3447 excelsa
961 3402 1016 3447 et
1044 3393 1292 3448 omnium
1329 3393 1547 3448 domina
1582 3393 1764 3448 divina
1795 3393 2031 3463 dignitas

443 3485 720 3540 titulatur.
776 3484 879 3540 Sed
922 3495 1101 3540 tamen
1150 3486 1313 3541 Pater
1343 3486 1425 3541 vis
1475 3486 1713 3541 causalis
1749 3494 1834 3541 est
1870 3501 1938 3541 ex
1973 3501 2033 3541 se

441 3576 872 3643 diinanantium,
921 3576 1086 3632 unius
1113 3576 1331 3646 quidem
1366 3591 1464 3646 per
1493 3575 1921 3646 generationem,
1952 3576 2033 3632 al-

442 3668 614 3724 terius
643 3684 738 3738 per
769 3669 1207 3737 processionem;
1238 3667 1331 3739 qui
1361 3683 1493 3724 sane
1521 3669 1587 3724 ad
1613 3682 1738 3724 eum
1769 3677 2029 3739 tanquam

441 3762 510 3817 ad
534 3761 749 3816 initium
780 3761 1132 3831 congenitum
1160 3761 1527 3832 potentiaeque
1549 3761 1758 3817 socium
1788 3760 2033 3817 referun-

442 3863 553 3911 tur.
580 3853 745 3923 Atqui
773 3852 888 3908 bac
916 3852 1031 3921 ipsa
1060 3854 1252 3909 relatio
1283 3855 1521 3924 perbelle
1550 3855 1790 3911 ostendit
1820 3869 2031 3924 prepo-

443 3948 687 4004 nendum
727 3962 849 4002 esse
888 3948 1311 4016 procedentibus
1358 3949 1427 4002 ab
1471 3948 1591 4017 ipso
1619 3946 1834 4003 Patrem
1867 3964 1883 4005 :
1918 3963 2026 4001 non

440 4045 630 4091 tamen
688 4034 877 4089 eadem
926 4035 1269 4090 demonstrat
1318 4037 1743 4105 praeponendum
1800 4034 2028 4107 Spiritui

442 4130 663 4184 Filium.
699 4128 843 4198 Ergo
875 4129 1019 4184 ratio
1071 4129 1256 4185 notior
1298 4129 1565 4183 videbitur
1597 4131 1871 4186 sermonis
1907 4130 2028 4201 ejus

393 4251 397 4256 -
443 4227 538 4297 qui
569 4225 933 4281 sanctissima:
963 4223 1246 4279 Trinitatis
1275 4226 1713 4280 numerationem
1743 4242 1809 4282 eo
1834 4228 2027 4283 ordine

440 4318 649 4383 fecerit,
680 4333 845 4389 quem
886 4318 1224 4390 singularum
1264 4332 1627 4387 personarum
1656 4318 1850 4374 notitia
1878 4318 2025 4376 desi-

2131 1830 2496 1904 ἐποχούμενος
2546 1837 2801 1905 ἐννοίαις,
2834 1840 2930 1893 καὶ
2974 1839 3077 1911 τῆς
3125 1840 3337 1895 ἀνωθεν
3384 1841 3585 1913 αἴγλης
3627 1844 3728 1908 τὰς

2130 1926 2360 1991 ἀκτῖνας
2384 1928 2746 2002 ὑποδέχεσθαι
2772 1932 2863 1988 διά
2880 1935 2982 2005 τῆς
3000 1932 3111 1988 τῶν
3133 1934 3350 2006 ἀρετῶν
3374 1936 3724 2007 τελειότητος

2132 2020 2572 2094 ἐπιτηδειότερον
2592 2024 2783 2079 ἐαυτὸν
2802 2026 3256 2099 παρασκευάσας,
3279 2027 3358 2090 είς
3379 2025 3726 2099 ὑψηλοτέραν

2132 2114 2514 2186 ἀνηνεγμένην
2535 2115 2774 2187 θεωρίαν
2798 2118 2900 2189 τὴν
2923 2116 3091 2173 αὐτοῦ
3117 2118 3427 2189 κατάληψιν
3450 2118 3722 2190 ἐπιδείξγ

2133 2207 2232 2261 καὶ
2265 2206 2422 2276 λόγον
2452 2206 2561 2262 τῶν
2600 2208 2972 2280 ἠπορημένων
2997 2208 3291 2275 ἀποδώσει,
3321 2210 3407 2280 ἐφ’
3441 2208 3503 2263 δν
3535 2211 3595 2263 οὐ
3622 2211 3718 2281 ρᾀ

2132 2299 2245 2353 διον
2292 2299 2608 2354 ἀναϐαίνειν
2640 2300 2791 2364 ὅσοις
2829 2296 2929 2372 τῆς
2970 2300 3081 2355 τῶν
3125 2300 3333 2371 γηῖνων
3367 2301 3724 2371 ἀναστροφῆς

2135 2388 2519 2460 ἀπαλλαγῆναι
2545 2388 2623 2461 μὴ
2649 2388 2895 2458 γέγονεν.
2932 2389 3088 2460 Ἐμοὶ
3111 2389 3169 2443 δέ
3191 2389 3359 2460 μηδὲν
3385 2388 3497 2443 τῶν
3517 2389 3725 2460 ὑψηλο-

2134 2483 2311 2555 τέρων
2335 2482 2558 2554 ἐμαυτῷ
2586 2482 2873 2546 συνειδότι,
2892 2482 3108 2553 καὶτῆς
3128 2484 3272 2537 κατά
3299 2482 3399 2554 τὴν
3423 2484 3725 2556 παροικίαν

2134 2576 2361 2646 ἀγωγῆς
2408 2574 2562 2630 οὔπω
2606 2578 2721 2641 τοῖς
2765 2575 3047 2646 λογισμοῖς
3093 2576 3526 2645 μεταναστάντι,
3569 2576 3606 2630 ἀ
3655 2576 3721 2646 δὴ

2136 2669 2400 2738 πάρεστιν
2429 2667 2492 2722 ἐκ
2525 2685 2584 2722 τε
2613 2666 2717 2738 τῆς
2752 2666 2860 2720 τῶν
2892 2668 3105 2735 Δογίων
3138 2666 3369 2739 μελέτης
3400 2667 3500 2721 καλ⁸
3528 2666 3631 2737 τῆς
3663 2668 3724 2720 ἐν

2136 2761 2320 2824 αὐτοῖς
2348 2760 2681 2829 γυμνασίας,
2712 2759 2813 2827 τῆς
2837 2758 3046 2813 ἀνωθεν
3071 2761 3205 2830 ἡμῖν
3231 2759 3725 2829 συνεφαπτομένης

2137 2852 2534 2925 περιγεγονότα
2573 2852 2871 2924 προνοίας,
2915 2856 3029 2916 τοῖς
3060 2852 3177 2905 ὅσοι
3211 2852 3397 2923 κοινὴν
3432 2852 3537 2924 τὴν
3563 2852 3725 2905 εὐσέ-

2138 2940 2311 3005 ϐειαν,
2345 2940 2443 2995 καὶ
2470 2943 2562 2995 τὸν
2592 2943 2681 2995 ἐπ’
2713 2943 2851 3013 αὐτῇ
2888 2940 3050 3012 ζῆλον
3080 2941 3468 3012 κεκτημένοις,
3502 2942 3723 2995 ίσοστά-

2141 3048 2255 3087 σιον
2285 3035 2367 3097 είς
2398 3033 2587 3106 κοινὴν
2624 3033 2897 3103 ὠφέλειαν
2928 3033 3209 3105 προθεῖναι
3248 3034 3312 3087 τὸ
3346 3034 3627 3105 πρόθυμον
3659 3034 3723 3089 οὖ

2131 3124 2582 3197 περιοφθήσεται.
2643 3126 2890 3197 Ὀμοφυῆ
2942 3127 3043 3196 μὲν
3090 3122 3185 3181 οὖν
3224 3127 3344 3179 ἐστι
3394 3127 3588 3197 Πατὴρ
3627 3128 3724 3180 καὶ

2132 3217 2261 3281 Υἱὸς
2292 3217 2386 3272 καὶ
2417 3217 2643 3289 Πνεῦμα
2662 3258 2677 3283 ,
2709 3220 2803 3273 καὶ
2833 3219 2895 3272 τὸ
2934 3219 3035 3290 τῆς
3071 3218 3267 3289 βουλῆς
3299 3219 3395 3272 καὶ
3432 3219 3724 3289 δυνάμεως

2132 3310 2227 3365 καὶ
2268 3310 2547 3381 βασιλείας
2594 3312 2791 3382 ἐνορᾷν
2830 3312 2981 3366 ἐστιν
3022 3312 3206 3375 αὐτοῖς
3253 3311 3719 3383 ἀπαράλλακτον·

2132 3404 2227 3457 καλ⁵
2255 3404 2320 3473 δὴ
2353 3405 2450 3457 καὶ
2486 3403 2599 3458 τῶν
2636 3404 2814 3458 ἄλλων
2841 3403 3166 3475 θεοπρεπῶν
3194 3420 3255 3456 τε
3285 3405 3380 3457 καὶ
3402 3405 3722 3475 ’ὑπερφυῶν

2131 3497 2434 3567 ὀνομάτων,
2460 3496 2528 3550 δι’
2554 3490 2630 3551 ὧν
2657 3499 2690 3568 ἡ
2716 3496 3050 3567 ὖπεράρχιος
3072 3496 3167 3549 καὶ⁵
3192 3495 3460 3567 ὑπέρθεος
3488 3496 3723 3567 θεαρχία

2130 3587 2600 3656 κατονομάζεταιο
2635 3586 2751 3639 ἀλλ’
2782 3581 2875 3639 οὖν
2903 3588 2931 3640 ὁ
2964 3585 3153 3657 Πατὴρ
3186 3585 3363 3648 αἴτιος
3386 3585 3499 3638 τῶν
3526 3586 3588 3652 ἐξ
3621 3587 3722 3639 ab-

2130 3678 2226 3733 τοῦ
2259 3678 2617 3749 πεφυκότων,
2646 3678 2741 3732 τοῦ
2784 3679 2883 3748 μὲν
2921 3680 3061 3732 κατὰ
3092 3678 3193 3749 τὴν
3232 3680 3506 3749 γέννησιν,
3536 3678 3635 3733 τοῦ
3662 3680 3720 3733 δὲ

2130 3768 2275 3823 κατὰ
2300 3768 2399 3840 τὴν
2429 3769 2757 3841 ἐκπόρευσιν
2777 3811 2791 3835 ,
2830 3771 2910 3833 είς
2938 3769 3103 3824 αὐτὸν
3144 3770 3221 3834 ὡς
3253 3770 3334 3833 είς
3366 3770 3547 3843 ἀρχὴν
3576 3789 3720 3842 συμ-

2131 3859 2301 3930 φυοῦς
2330 3875 2393 3913 τε
2433 3860 2531 3914 καὶ
2567 3858 2840 3929 συνάρχου
2875 3860 3210 3931 προαγωγῆς
3256 3860 3716 3931 ἀναφερομένων.

2142 3950 2284 4005 Ἀλλ’
2330 3951 2471 4021 αῦτη
2520 3949 2622 4022 μὲν
2662 3951 2697 4021 ἡ
2746 3949 3007 4014 ἀπόδοσις
3043 3950 3135 4003 τὸν
3181 3950 3406 4021 Πατέρα
3439 3950 3718 4005 δείκνυσιν

2129 4043 2369 4111 εὐλόγως
2404 4042 2515 4095 τῶν
2560 4041 2621 4110 ἐξ
2654 4042 2823 4097 αὑτοῦ
2872 4040 3276 4113 προτετάχθαι,
3308 4042 3500 4096 οὐκέτι
3528 4044 3590 4098 δέ
3624 4044 3718 4097 καὶ

2128 4133 2263 4188 διότι
2304 4132 2401 4187 τοῦ
2446 4134 2769 4205 Πνεύματος
2795 4136 2824 4188 ό
2866 4133 3016 4197 Υἱός.
3066 4134 3371 4207 Κοινοτέρα
3398 4134 3457 4189 δὲ
3504 4136 3717 4209 μεθόδῳ

2128 4224 2515 4298 προεληλυθὼς
2541 4225 2572 4279 ό
2597 4226 2770 4295 Λόγος
2795 4225 3096 4297 ἀναφανείη
3124 4228 3153 4280 ό
3180 4226 3279 4298 τὴν
3310 4228 3717 4300 συναρίθμησιν

2126 4319 2228 4390 τῆς
2275 4319 2574 4392 ὑπεραγίου
2627 4319 2858 4391 Τριάδος
2915 4320 2996 4382 είς
3047 4318 3148 4390 τὴν
3205 4318 3309 4388 τῆς
3362 4320 3717 4389 ἐπιγνώσεως

439 4415 587 4481 gnat.
614 4409 798 4465 Primo
829 4410 976 4465 enim
1004 4410 1290 4466 hominum
1320 4410 1531 4465 notioni
1573 4412 1816 4466 occurrit
1842 4410 2022 4477 Pater,

2133 4413 2366 4468 ἑκάστου
2396 4411 2862 4485 καταρῤυθμίζων
2885 4411 3063 4478 τάξιν.
3111 4409 3300 4497 Πατὴρ
3339 4412 3440 4482 μὲν
3468 4412 3583 4483 γὰρ
3625 4414 3717 4466 ἀν-

439 4502 636 4557 deinde
669 4500 863 4567 Filius,
913 4512 969 4555 et
1016 4517 1113 4571 per
1154 4500 1355 4556 Filium
1391 4500 1630 4572 Spiritus
1679 4511 1928 4559 sanctus.
1964 4502 2029 4557 Et

438 4595 659 4667 quidem
706 4609 737 4649 a
770 4593 972 4649 divinis
1006 4601 1199 4648 mutuo
1246 4593 1495 4663 personis
1522 4592 1759 4649 revelata
1787 4592 1892 4647 fult
1931 4593 2031 4648 bo-

440 4686 681 4742 minibus
715 4685 1056 4756 singularum
1094 4686 1325 4751 notitia;
1369 4683 1531 4740 Patre
1580 4684 1799 4739 caelitus
1828 4682 2027 4739 Filium

439 4779 794 4844 ostendente;
847 4776 1058 4847 Spiritu
1101 4785 1285 4830 autem
1327 4776 1580 4832 eumdem
1610 4792 1706 4847 per
1732 4779 2028 4832 adventum

436 4886 599 4927 suum
641 4878 1017 4937 contestante;
1069 4867 1207 4923 Filio
1253 4884 1448 4925 rursus
1494 4869 1709 4925 Patrem
1764 4870 2031 4925 honoriﬁ-

437 4969 627 5025 cante,
662 4968 827 5030 atque
884 4959 1238 5014 illustriorem
1293 4959 1467 5015 sacris
1504 4960 1621 5016 suis
1673 4961 2030 5017 sermonibus

436 5049 737 5113 elliciente,
801 5048 1177 5121 Spiritutnque
1240 5049 1311 5105 ad
1379 5050 1681 5121 discipulos
1738 5053 2027 5121 mittente;

440 5139 643 5210 Spiritu
692 5141 931 5213 denique
984 5142 1105 5214 ipso
1139 5143 1261 5199 Filii
1301 5144 1686 5200 auctoritatem
1718 5146 2028 5216 proprieta-

436 5242 657 5303 temque
695 5234 948 5291 lirmante
978 5254 993 5291 :
1032 5252 1194 5293 nemo
1219 5239 1365 5293 enim
1398 5249 1580 5310 potest
1618 5237 1802 5295 dicere
1838 5238 2024 5295 Domi-

436 5338 572 5381 num
598 5323 811 5391 Iesum,
839 5328 942 5384 nisi
982 5328 1039 5384 in
1073 5328 1278 5401 Spiritu
1308 5341 1518 5388 sancto.

2127 4503 2369 4577 θρώποις
2397 4505 2519 4558 κατ’
2549 4504 2727 4575 ἀρχὰς
2757 4502 2838 4567 εἰς
2865 4502 3068 4572 γνῶσιν
3105 4494 3274 4572 ἧκεν·
3320 4500 3517 4555 ἔπειτα
3555 4502 3712 4565 Υίόςο

2126 4600 2222 4653 καὶ
2250 4598 2340 4651 διὰ
2359 4596 2453 4651 τοῦ
2479 4596 2611 4649 Υίοῦ
2639 4595 2701 4648 τὸ
2724 4594 2950 4665 Πνεῦμα
2974 4594 3034 4648 τὸ
3063 4594 3239 4663 ἀγιον.
3271 4594 3336 4647 Εἰ
3359 4594 3471 4665 γὰρ
3496 4594 3596 4649 καὶ
3621 4595 3713 4648 ὑπ’

2127 4690 2376 4760 ἀλλήλων
2401 4688 2511 4742 τῶν
2543 4687 2853 4758 θεαρχικῶν
2878 4686 3233 4740 ὑποστάσεων
3260 4689 3374 4749 τοῖς
3397 4686 3709 4758 ἀνθρώποις

2128 4784 2164 4855 η
2199 4781 2401 4851 γνῶσις
2434 4779 2670 4833 ἐκάστου
2721 4777 3080 4848 ἀπεκαλύφθη
3107 4819 3122 4841 ,
3155 4776 3370 4849 Πατρδς
3414 4778 3517 4849 μὲν
3549 4779 3714 4848 οὐρα-

2128 4872 2286 4927 νόθεν
2317 4872 2411 4925 τὸν
2444 4871 2575 4925 Υἰδν
2600 4871 3031 4933 ἐπιδεικνύντος’
3059 4867 3155 4922 τοῦ
3185 4867 3529 4939 Πνεῦματος·
3552 4868 3612 4923 δὲ
3644 4872 3710 4941 τῇ

2126 4964 2471 5035 ἐπιφοιτήσει
2521 4961 3087 5034 συμμαρτυροῦντοςο
3120 4959 3252 5013 Υἰοῦ
3302 4960 3361 5014 δέ
3408 4961 3575 5015 πάλιν
3621 4963 3714 5015 τὸν

2126 5056 2349 5127 Πατέρα
2374 5054 2693 5122 δοξάζοντός
2715 5071 2774 5107 τε
2796 5054 2891 5108 καὶ
2912 5054 3382 5126 περιφανέστερον
3402 5052 3710 5121 θεολογοῦν-

2123 5164 2239 5211 τος,
2269 5148 2363 5202 καὶ
2399 5148 2508 5220 μὴν
2530 5148 2625 5202 καὶ
2652 5147 2714 5201 τὸ
2745 5147 2972 5217 Πνεῦμα
2999 5148 3112 5209 τοῖς
3139 5146 3412 5219 μαθηταῖς
3440 5147 3709 5201 ἀποστέλ-

2123 5236 2308 5302 λοντος
2328 5253 2343 5269 ο
2371 5237 2509 5291 ἀλλὰ
2536 5236 2647 5310 γὰρ
2675 5237 2770 5290 καὶ
2815 5234 2910 5288 τοῦ
2941 5233 3263 5304 Πνεύματος
3303 5237 3396 5290 τδν
3446 5238 3575 5290 Υίὸν
3604 5255 3704 5289 κυ-

2134 5329 2528 5401 ριολογοῦντος.
2585 5329 2776 5393 Οὐδεὶς
2825 5328 2933 5398 γὰρ
2986 5327 3210 5380 δύναται
3266 5328 3444 5383 εἰπεῖν
3502 5327 3705 5399 Κύριον

2141 5420 2372 5493 Ἰησοῦν,
2411 5425 2459 5476 εἰ
2488 5435 2516 5474 «ι
2546 5422 2621 5495 μὴ
2651 5426 2708 5478 ἐν
2740 5422 2880 5495 ἁγίῳ
2910 5422 3206 5494 Πνεύματι.

1728 5594 1962 5653 VABIAE
2002 5594 2295 5656 LECTION
2303 5596 2405 5654 ES.

513 5742 586 5815 (οἱ)
616 5744 887 5804 l‘articula
910 5744 960 5800 εἱ
989 5744 1331 5804 desideratur
1357 5746 1410 5803 in
1440 5746 1646 5804 codice.
