3836 6330
108 327 213 392 917

1080 332 1181 390 ΑΙ)
1217 328 1811 391 AMPHILOCIIIUM
1859 330 2206 404 QUIESTIO
2244 334 2405 395 CXC.

3268 332 3374 399 918

183 442 253 510 β’.
290 442 353 494 Εἰ
376 434 471 495 οὗν
499 441 595 494 καὶ
625 440 692 496 δι’
735 440 978 512 ἀλλήλων
1016 441 1049 512 ἦ
1097 441 1216 507 ἐνὸς
1245 443 1423 498 αὐτῶν
1456 444 1689 498 ἑκάστου

1861 445 1916 498 2.
1952 444 2094 516 Ergo
2152 454 2270 500 tum
2304 445 2545 501 vicissim
2602 455 2715 501 tum
2747 445 2910 501 etiam
2942 461 3009 501 ex
3036 462 3144 503 una
3176 462 3372 517 perso-

114 532 371 603 πρόεισιν
399 532 731 603 ἐκφαντορία
761 532 855 586 καὶ
902 532 1227 603 κατάληψις,
1259 534 1336 598 ὡς
1362 535 1428 589 ἂν
1476 536 1571 589 καὶ
1602 535 1692 590 διά

112 622 323 676 τούτων
356 624 437 685 εἰς
470 624 531 675 τὸ
561 623 659 689 τῆς
690 623 969 692 συμφυΐας
998 624 1418 695 ἀπαράλλακτον
1445 625 1535 679 τὸν
1567 626 1691 681 νοῦν

112 717 341 782 ἀνάγειν
360 715 542 769 εύοδού
551 732 711 785 μενον
733 714 965 786 ἔχωμεν·
984 717 1080 769 καὶ
1098 717 1290 787 ὅτιπερ
1310 711 1392 779 οἷς
1435 717 1693 787 καθαρῶς

113 824 173 860 τε
204 806 302 859 καὶ
328 805 640 877 εἰλικρινῶς
672 806 801 875 μίαν
834 806 944 860 τῶν
990 807 1274 878 μακαρίων
1304 807 1401 860 καὶ
1431 807 1693 879 δημιουρ-

115 897 229 964 γῶν
251 898 607 953 ύποστάσεων
630 898 825 952 εἰδέναι
856 899 1197 970 κεχάρισται,
1222 899 1432 965 τούτοις
1462 902 1555 954 καὶ
1585 900 1693 954 τῶν

117 987 321 1041 λοιπῶν
359 989 393 1058 ἡ
442 988 646 1056 γνῶσις
688 989 1131 1054 συνδιασώζεται.
1174 991 1233 1043 Ὀ
1266 991 1372 1061 γάρ
1413 990 1569 1054 εἰδὼς
1602 991 1695 1045 τὸν

120 1078 342 1147 Πατέρα
373 1075 482 1133 οἰδε
515 1081 611 1133 καί
642 1079 734 1133 τὸν
771 1080 917 1134 Υἰόνο
947 1081 1043 1134 καὶ
1070 1083 1100 1134 ὁ
1142 1081 1234 1136 τὸν
1273 1083 1400 1135 Υίὸν
1436 1083 1693 1151 ἐπιγνοὺς

120 1168 262 1221 κατά
288 1169 390 1240 τὴν
413 1170 490 1235 ὡς
517 1172 576 1226 ἐν
600 1172 912 1244 ἀνθρώποις
937 1174 1041 1244 τῆς
1070 1174 1324 1243 γνώσεως
1350 1176 1691 1248 τελειότητα,

120 1261 245 1316 οὐδὲ
277 1262 377 1331 τῆς
408 1262 599 1333 ὁμοίας
631 1263 979 1332 ἐπιγνώσεως
1013 1267 1108 1319 τοῦ
1140 1269 1352 1338 Πατρδς
1383 1268 1694 1340 ἀπεστέρη-

118 1370 232 1406 ται.
264 1352 544 1416 Ὠσαύτως
584 1354 642 1408 δὲ
670 1355 764 1408 καὶ
792 1356 887 1409 τοῦ
919 1356 1260 1428 Πνεύματος,
1291 1358 1319 1412 ὃ
1344 1359 1413 1413 τὰ
1435 1358 1573 1427 βάθη
1599 1359 1694 1412 τοῦ

120 1443 258 1497 Θεοῦ
297 1444 549 1516 διερευνᾷ
592 1446 689 1500 καὶ
721 1446 1101 1501 ἀποκαλύπτει
1140 1451 1249 1511 τοῖς
1276 1447 1584 1519 ἀνθρώποις
1625 1448 1695 1503 τά

124 1535 333 1607 κρύφιά
359 1553 418 1589 τε
450 1536 560 1590 τῶν
588 1536 929 1608 μαθημάτων
966 1538 1061 1592 καὶ
1084 1539 1421 1609 τελειότερα,
1449 1542 1476 1593 ὁ
1502 1540 1694 1594 τούτου

123 1628 221 1697 τὴν
256 1627 493 1698 μάθησιν
528 1627 796 1699 εἰλικρινῆ
826 1628 1027 1695 λαϐὼν,
1059 1630 1181 1684 οὐδὲ
1212 1630 1312 1698 τῆς
1342 1630 1698 1702 θεολογούσης

124 1718 213 1770 τὸν
254 1718 476 1789 Πατέρα
522 1719 836 1789 θεοσοιρίας,
872 1721 935 1773 ού
981 1721 1089 1792 μὴν
1124 1721 1246 1775 οὐδὲ
1290 1722 1389 1791 τῆς
1433 1723 1523 1775 τὸν
1572 1722 1699 1776 Υἰὸν

127 1785 713 1881 συμμυσταγωγούσης
755 1785 1135 1881 ἠλλοτρίωται.
1189 1785 1465 1865 Ἀλλ”ούν
1512 1812 1561 1864 εἰ
1605 1811 1701 1865 καὶ
1731 1785 1775 1840 Β

126 1900 269 1954 οὕτω
313 1901 487 1953 ταῦτα
539 1902 846 1972 ἐναρμονίῳ
886 1906 1151 1973 συναφείᾳ
1204 1903 1555 1957 διαπλέκεται
1605 1903 1702 1957 καὶ

129 1990 488 2056 ἀναπλοῦται,
520 1992 619 2045 οὐκ
648 1992 840 2060 ἄδηλον
866 1991 943 2056 ὡς
975 1994 1009 2064 ἡ
1044 1994 1143 2064 μὲν
1181 1992 1275 2046 τοῦ
1307 1994 1522 2065 Πατρὺς
1550 1992 1703 2062 φωνὴ

129 2081 305 2152 χρόνῳ
349 2082 617 2152 πρότερον
648 2081 960 2154 ἀνθρώποις
997 2083 1338 2155 ἐπεγνώσθη,
1372 2085 1467 2137 καὶ
1502 2083 1703 2154 μᾶλλον

129 2173 272 2242 ἢπερ
316 2174 350 2243 ἠ
396 2172 488 2226 τὸν
540 2172 670 2226 Υίδν
707 2173 941 2245 δηλοῦσα
993 2174 1230 2246 συνήθης
1270 2176 1464 2237 ἀκοαῖς
1510 2175 1704 2243 ἐγεγό-

130 2280 209 2315 νει
236 2263 372 2333 (76)*
400 2264 462 2318 τὸ
486 2264 544 2318 δέ
569 2280 634 2333 γε
666 2264 820 2334 ῥῆμα
846 2264 939 2319 τοῦ
974 2265 1293 2336 Πνεύματος
1312 2306 1327 2331 ,
1354 2267 1403 2318 εἰ
1436 2266 1533 2319 καὶ
1564 2265 1703 2336 μᾶλ-

130 2356 220 2408 λον
258 2356 292 2427 ἢ
342 2358 445 2427 τὴν
488 2355 582 2410 τοῦ
633 2356 761 2410 Υἰοῦ
813 2356 1007 2427 κλῆσιν
1045 2359 1078 2428 ἡ
1129 2358 1373 2421 Μωσέως
1421 2357 1704 2411 ἐδίδασκεν

135 2445 369 2517 ἰστορία,
414 2446 555 2518 πλὴν
597 2447 698 2501 οὐκ
740 2441 809 2517 ἦν
851 2445 995 2501 οὕτω
1030 2446 1256 2500 δυνατὸν
1301 2446 1492 2518 ῶσπερ
1534 2448 1567 2517 ἡ
1610 2442 1704 2499 τοῦ

134 2538 267 2592 Υἱοῦ
317 2536 661 2609 προσηγορία
709 2536 803 2592 τοῦ
834 2536 1243 2591 αύθυπόστατον
1292 2538 1707 2606 συνεισαγαγεῖν

134 2629 221 2682 ἐπ’
250 2628 420 2697 ἄμφω
444 2628 543 2698 τὴν
577 2628 771 2699 ῥοπήν·
806 2627 910 2697 τῆς
941 2628 1123 2698 φωνῆς
1152 2628 1441 2699 ἀδιάφορον
1477 2628 1708 2699 ἐχούσης

135 2719 227 2774 ἐπί
259 2736 321 2772 τε
358 2718 468 2772 τῶν
500 2717 925 2772 αύθυποστάτων
976 2717 1237 2789 φέρεσθαι
1262 2758 1278 2781 .
1309 2719 1405 2773 καὶ
1456 2718 1550 2773 ἐπὶ
1600 2719 1708 2772 τῶν

139 2811 339 2883 μέρους
392 2810 515 2865 τινὰ
565 2808 725 2878 λόγον
772 2811 873 2881 τῆς
928 2810 1282 2873 ὑποστάσεως
1331 2809 1711 2881 ἀναπληρούν-

134 2919 243 2956 των
265 2901 400 2971 (77)·
426 2901 521 2954 καὶ
542 2899 797 2953 τοσοῦτον
827 2900 996 2953 ἐνέδει
1033 2902 1134 2969 τὴν
1164 2900 1440 2971 θεοπρεπῆ
1475 2900 1711 2971 μάθησιν

136 2992 231 3047 τοῦ
263 2990 581 3062 Πνεύματος
608 2992 642 3062 ἡ
672 2990 865 3061 κλῆσις
905 2990 1192 3061 παρέχειν,
1227 2992 1304 3054 ὠς
1332 2993 1430 3045 καὶ
1466 2991 1577 3045 τῶν
1609 2991 1708 3045 ἁν-

1794 551 1989 591 narum
2028 539 2224 592 harum
2283 547 2469 592 manat
2511 537 2805 608 cujuslibet
2841 540 3159 594 earumdem
3194 541 3373 594 mani-

1793 630 2009 683 festatio
2061 639 2225 699 atque
2278 631 2733 698 comprehensio;
2786 630 2858 684 ita
2909 639 2968 684 ut
3005 646 3101 699 per
3178 632 3276 686 has
3305 631 3371 686 ad

1793 720 2133 789 congenitam
2188 721 2697 792 indin‘erentemque
2730 712 2978 775 naturam
3038 730 3217 775 mente
3245 738 3370 790 per-

1796 811 2001 879 tingere
2033 811 2261 865 feliciter
2287 812 2580 881 possimus.
2617 812 2736 867 Jam
2771 813 2972 882 quibus
3000 827 3137 882 pure
3210 821 3374 880 atque

1794 906 2080 974 perspicue
2106 920 2269 959 unam
2294 922 2360 959 ex
2393 906 2479 961 his
2511 907 2685 961 beatis
2735 906 3203 973 creatricibusque
3253 920 3377 974 per-

1795 996 1948 1050 sonis
1996 1010 2327 1065 cognoscere
2386 996 2573 1051 datum
2635 1006 2737 1063 est,
2794 997 2986 1051 iisdem
3043 996 3374 1065 reliquarum

1796 1100 2014 1156 quoque
2071 1087 2307 1155 cognitio
2362 1097 2579 1155 peracta
2628 1094 2734 1143 est.
2777 1086 2913 1142 Nam
2961 1087 3053 1157 qui
3090 1087 3244 1141 novit
3273 1086 3376 1140 Pa-

1798 1185 1957 1242 trem,
2014 1178 2154 1233 idem
2216 1178 2369 1233 novit
2406 1188 2459 1233 et
2519 1178 2759 1232 Filium:
2808 1188 2861 1234 et
2907 1180 2998 1248 qui
3031 1177 3230 1232 Filium
3274 1194 3374 1247 pro

1797 1268 2050 1338 possibili
2108 1269 2433 1324 mortalibus
2462 1269 2793 1338 cognitionis
2822 1270 2991 1339 gradu
3025 1270 3196 1335 novit,
3232 1268 3278 1323 is
3312 1284 3381 1324 ne

1797 1360 1915 1429 pari
1947 1360 2167 1430 quidem
2229 1362 2407 1417 Patris
2457 1363 2649 1417 notitia
2699 1370 2868 1416 caret.
2926 1361 3186 1415 Similiter
3214 1361 3377 1415 etiam

1799 1451 2057 1521 Spiritus,
2123 1452 2217 1521 qui
2262 1452 2530 1522 profunda
2567 1453 2655 1507 Dei
2694 1453 3035 1508 scrutatur“
3083 1462 3244 1521 atque
3277 1453 3376 1505 hn-

1799 1543 2041 1598 minibus
2096 1543 2416 1597 sublimiora
2475 1545 2846 1599 doctrinarum
2883 1560 3082 1598 arcana
3114 1543 3317 1597 revelat
3356 1561 3371 1599 :

1801 1634 1987 1704 hujus,
2019 1634 2267 1703 inquam,
2303 1634 2348 1688 si
2385 1634 2511 1703 quis
2563 1635 2853 1704 perspicua
2915 1634 3107 1688 notitia
3133 1633 3378 1687 imbutus

1802 1723 1987 1789 fuerit,
2040 1723 2182 1777 idem
2213 1739 2281 1777 ne
2313 1722 2495 1779 Patris
2542 1724 2761 1794 quidem
2803 1725 3161 1793 theologicam
3190 1724 3380 1791 cogni-

1804 1812 2008 1865 tionem
2074 1810 2368 1877 desiderat,
2425 1826 2602 1880 neque
2642 1812 2790 1867 illius
2840 1828 2961 1881 quae
2994 1810 3117 1865 Filii
3178 1811 3381 1880 pariter

1802 1901 2079 1956 notionem
2117 1901 2376 1971 impertit.
2437 1902 2543 1955 Sed
2592 1902 2737 1957 enim
2780 1918 3092 1972 quanquam
3148 1902 3250 1957 hac
3285 1903 3383 1956 do-

1805 1995 1994 2055 ctrinae
2028 1993 2346 2048 harmonica
2371 1993 2565 2063 capula
2621 1994 2765 2047 inter
2816 2009 2875 2048 se
2904 1995 3180 2048 cohaerent
3214 2003 3379 2060 atque

1805 2086 2035 2141 invicem
2090 2086 2421 2151 illuminant,
2466 2100 2575 2139 non
2624 2094 2802 2138 tamen
2837 2083 3176 2154 ignoramus,
3206 2081 3382 2135 Patris

1806 2178 2131 2233 vocabulum
2184 2177 2370 2248 priore
2416 2182 2661 2246 tempore
2697 2176 3011 2230 hominibus
3055 2173 3381 2237 innotuisse,

1806 2265 2259 2336 frequentiusque
2304 2280 2466 2319 aures
2523 2263 3006 2327 circumsonuisse,
3049 2277 3213 2333 quam
3261 2260 3384 2315 Filii

1809 2374 2028 2415 nomen.
2063 2356 2183 2412 Jam
2218 2368 2273 2412 et
2304 2356 2545 2426 Spiritus
2575 2356 2899 2410 vocabulum
2928 2354 3032 2409 etsi
3073 2353 3384 2408 evidentius

1808 2464 1972 2519 quam
2031 2446 2154 2502 Filii
2186 2446 2423 2501 Mosaica
2458 2445 2687 2500 historia
2728 2444 2935 2505 docuit,
2970 2444 3020 2496 id
3055 2452 3236 2496 tamen
3272 2456 3380 2494 non

1809 2545 1979 2598 tantis
2010 2543 2218 2597 viribus
2241 2542 2497 2612 pollebat,
2537 2540 2756 2610 quantis
2793 2538 2916 2593 Filii
2961 2536 3272 2607 appellatio,
3318 2534 3385 2588 ad

1811 2632 2147 2690 suadendam
2209 2632 2499 2701 utriusque
2552 2629 2888 2685 individuam
2946 2626 3381 2683 subsistentiam.

1810 2723 2071 2779 Vocabuli
2104 2722 2248 2777 enim
2293 2720 2530 2790 Spiritus
2558 2720 2886 2790 ambiguitas
2932 2728 3044 2772 tum
3080 2717 3145 2771 ad
3177 2731 3240 2770 ea
3266 2729 3387 2785 quae

1812 2830 1909 2886 per
1957 2831 2016 2871 se
2073 2815 2381 2869 subsistunt
2440 2813 2695 2877 trahitur,
2743 2820 2858 2864 tum
2907 2808 2976 2864 ad
3027 2824 3090 2864 ea
3118 2824 3242 2877 quae
3270 2809 3387 2861 vice

1812 2906 2218 2979 quodammodo
2272 2905 2593 2961 substantiae
2667 2901 2986 2973 iunguntur.
3017 2900 3193 2969 Atque
3251 2899 3388 2952 adeo

1815 3003 1993 3069 impar
2033 3006 2152 3054 erat
2192 2996 2480 3067 appellatio
2518 2996 2633 3049 hac
2665 2992 2984 3048 exhibendae
3006 2991 3183 3061 dignae
3212 2987 3389 3058 Spiri-

138 3082 374 3154 θρὼτιων
405 3082 562 3152 μερὶς
602 3080 664 3134 ού
707 3080 935 3151 βραχεῖα
975 3083 1089 3145 τοῖς
1122 3084 1437 3169 Μωσαίκοίς
1478 3083 1711 3151 ἐγκατα-

1818 3098 1903 3145 tus
1948 3089 2174 3154 notitiae,
2221 3096 2281 3143 ut
2329 3102 2457 3157 pars
2491 3084 2772 3140 hominum
2828 3098 2936 3137 non
2970 3083 3167 3151 exigua
3197 3096 3385 3135 eorum

136 3168 428 3238 γηράσασα
460 3167 666 3238 νόμοις.
687 3168 938 3239 οὐδαμῶς
963 3167 1121 3239 ἔσχεν
1145 3167 1477 3240 ἀνασχέσθαι
1499 3170 1598 3242 τὴν
1616 3170 1709 3224 τοῦ

1815 3178 1908 3248 qui
1941 3176 2187 3233 Mosaicae
2246 3176 2345 3246 legi
2407 3175 2775 3236 adhaerebant,
2830 3186 3177 3242 nequaquam
3230 3170 3392 3224 vellet

139 3258 405 3327 παναγίου
450 3259 769 3329 Πνεύματος
820 3259 1114 3314 ὑπόστασιν
1148 3260 1468 3331 ὁμολογεῖνο
1521 3260 1711 3331 ῶσπερ

138 3351 263 3404 ούδέ
289 3349 389 3422 τὴν
417 3350 526 3404 τῶν
557 3350 806 3419 ἀγγέλων
836 3350 1017 3418 φύσιν.
1046 3348 1203 3403 Οὕτω
1247 3351 1355 3403 τῶν
1397 3350 1711 3404 Μωσαῖκῶν

138 3442 485 3513 γραμμάτων
529 3441 590 3496 τὸ
620 3442 747 3514 περὶ
779 3441 877 3513 τὴν
913 3441 1216 3510 ὀνομασίαν
1256 3439 1353 3493 τοῦ
1395 3440 1713 3511 Πνεύματος

139 3535 465 3605 πρόχειρον,
513 3532 784 3605 ἄχρηστον
826 3534 921 3586 κα)⁸
951 3533 1137 3595 αὐτοῖς
1182 3550 1246 3601 γε
1287 3535 1400 3595 τοῖς
1440 3530 1714 3595 Ἰουδαίοις

139 3626 402 3696 κατέστη·
453 3625 529 3688 ὡς
576 3625 698 3678 κατ’
740 3624 873 3678 αὐτό
901 3641 964 3693 γε
1008 3624 1165 3677 τοῦτο
1211 3624 1286 3695 μὴ
1339 3624 1499 3694 μόνον
1549 3622 1714 3678 αὐτοῦ

141 3715 543 3787 προτάττεσθαι
586 3716 676 3769 τὸν
705 3716 853 3779 Υἰὺν,
888 3716 1026 3770 ἀλλὰ
1066 3716 1161 3769 καὶ
1209 3716 1310 3769 ὃσα
1357 3716 1438 3778 εἰς
1479 3714 1577 3785 τὴν
1620 3711 1714 3768 τοῦ

145 3808 273 3863 Υἰοῦ
306 3808 501 3878 κλῆσιν
536 3807 865 3877 συνάγεσθαί
895 3825 956 3861 τε
1002 3807 1097 3861 καὶ
1125 3805 1425 3875 ἀνάγεσθαι
1455 3806 1678 3859 δύναται
1698 3843 1716 3870 ,

142 3902 400 3972 ἀφορμὴν
427 3900 798 3974 ὑπερεχούσης
814 3899 1042 3964 τάξεως,
1060 3900 1111 3953 εἰ
1137 3899 1231 3953 καὶ
1260 3898 1334 3969 μὴ
1362 3898 1598 3967 φύσεως,
1622 3898 1717 3950 εύ-

143 3996 378 4067 ρίσκειν.
411 3993 559 4046 Διότι
594 3992 706 4046 τῶν
741 3991 1012 4046 Ἰουδαίων
1043 3988 1221 4044 οὐδενὶ
1266 3988 1404 4062 πρὸς
1436 3989 1718 4060 ἀμφισϐή-

142 4102 305 4159 τησιν
338 4086 632 4156 περιέστη,
671 4085 700 4136 ό
724 4082 904 4152 λόγος,
932 4083 1096 4152 λέγω,
1127 4082 1219 4136 καὶ
1258 4084 1293 4153 ἡ
1336 4080 1518 4146 δεξιὰ,
1559 4081 1657 4134 καὶ
1685 4081 1719 4152 ἡ

142 4178 405 4248 δύναμις,
437 4176 533 4230 καὶ
564 4177 636 4230 τά
672 4175 867 4246 ὅμοια·
894 4173 1070 4237 οὐδεὶς
1107 4172 1217 4244 γὰρ
1259 4170 1464 4226 τούτων
1497 4170 1721 4242 ἔξαρνος

143 4270 339 4341 ὤφθη,
390 4267 499 4321 οὐδ’
550 4266 882 4337 ἐφαρμόζειν
935 4264 1415 4336 ἀπηναισχύντησε
1463 4262 1721 4331 λέγεσθαι

144 4357 322 4413 ταῦτα
348 4358 441 4412 τοῦ
463 4358 697 4428 Πατρός·
723 4359 771 4411 εἰ
791 4356 885 4410 καὶ
902 4357 1037 4427 ὅπερ
1058 4355 1269 4419 τούτοις
1289 4356 1407 4408 ἐστί
1431 4354 1725 4425 πρόϐλημα

1817 3268 2053 3340 Spiritus
2105 3266 2279 3324 sancti
2315 3280 2604 3336 personam
2636 3263 2922 3329 eontiteri;
2977 3261 3137 3316 sicuti
3190 3274 3258 3314 ne
3289 3275 3391 3313 an-

1818 3360 2060 3430 gelorum
2092 3359 2311 3429 quidem
2345 3366 2617 3413 naturam.
2646 3354 2721 3409 lta
2756 3353 3019 3424 quidquid
3048 3353 3102 3407 in
3134 3350 3387 3405 Mosaicis

1817 3452 2016 3506 litteris
2038 3449 2106 3504 ad
2141 3463 2340 3504 nomen
2373 3448 2601 3517 spiritus
2645 3444 2967 3514 pertinebat,
3010 3442 3212 3497 Judaeis
3260 3440 3394 3510 ipsis

1816 3541 1875 3597 in
1904 3556 2125 3596 cassum
2189 3548 2327 3594 erat.
2365 3539 2545 3603 Quare
2572 3537 2641 3591 ob
2670 3535 2725 3589 id
2755 3549 2863 3589 non
2892 3535 3069 3590 solum
3107 3532 3247 3587 Filio
3279 3547 3388 3585 non

1816 3641 1902 3689 est
1932 3629 2330 3701 praeponendus
2350 3628 2610 3697 Spiritus,
2640 3640 2829 3680 verum
2853 3626 3022 3678 etiam
3052 3637 3394 3693 quaecunque

1818 3726 1873 3781 in
1920 3723 2044 3779 Filii
2089 3721 2510 3793 appellationem
2568 3716 2791 3787 congeri
2840 3723 3105 3787 possunt,
3160 3727 3392 3784 quaeque

1818 3815 2008 3873 eodem
2062 3816 2354 3878 deducunt,
2388 3808 2588 3882 prioris
2618 3807 2828 3862 ordinis
2878 3808 2989 3877 jus,
3015 3807 3060 3862 si
3087 3807 3268 3860 minus
3298 3820 3395 3858 na-

1820 3914 1976 3970 turae,
2039 3892 2455 3959 nanciseuntur.
2526 3900 2893 3967 Quamobrem
2954 3896 3144 3952 Judmo
3191 3894 3397 3949 nemini

1823 4006 2171 4055 controversa
2202 3994 2424 4050 fuerunt
2452 3992 2587 4058 haec,
2622 3994 2849 4047 verbum
2908 4004 3124 4057 nempe,
3149 3988 3394 4051 dextera,

1822 4089 2020 4154 virtus,
2046 4095 2101 4143 et
2118 4085 2340 4142 similia.
2381 4083 2548 4139 Nemo
2592 4084 2792 4153 quippe
2845 4082 2941 4152 qui
2976 4081 3091 4136 haec
3121 4078 3400 4149 negaverit

1823 4186 2138 4249 compertus
2198 4185 2302 4242 est,
2359 4182 2455 4229 aut
2507 4174 2601 4244 qui
2634 4172 3156 4241 Patri‘iinpudenter
3178 4182 3397 4222 accom-

1823 4270 2164 4336 modaverit;
2198 4267 2450 4337 quamvis
2482 4265 2604 4320 Filii
2631 4279 2889 4333 persona,
2921 4276 3043 4331 qua:
3073 4261 3268 4313 horum
3300 4270 3398 4311 no—

1828 4358 2039 4413 minum
2074 4371 2272 4424 scopus
2318 4361 2373 4409 et
2403 4353 2763 4408 summarium
2792 4360 2895 4415 est,
2931 4363 3040 4403 non
3068 4363 3225 4417 aeque
3255 4345 3397 4414 apud

148 4450 247 4503 καὶ
305 4446 785 4515 συγκεφαλαίωσις
835 4444 898 4498 τδ
957 4445 1248 4516 πρόσωπον
1292 4443 1388 4497 τοῦ
1438 4442 1569 4496 Υἰοῦ
1623 4443 1712 4512 οὐχ

1825 4467 2017 4507 omnes
2048 4450 2102 4504 in
2128 4448 2380 4504 confesso
2413 4446 2597 4500 fuerit.
2631 4444 2840 4499 Idcirco
2887 4443 3069 4512 itaque
3099 4442 3401 4497 secundum

148 4540 411 4610 ὁμοίωσις
461 4539 903 4609 συνομολογείται
944 4540 1110 4592 ’πεῖισι⁸
1143 4536 1317 4607 ταύτῃ
1358 4536 1466 4607 ἀρα
1501 4536 1727 4600 εἰκότως

148 4632 249 4704 τὴν
272 4630 531 4700 δευτέραν
562 4630 704 4684 κατὰ
731 4629 830 4701 τὴν
871 4630 1170 4701 ἀρίθμησιν
1199 4630 1227 4682 ό
1255 4628 1384 4692 Υἰὸς
1407 4667 1423 4694 ,
1462 4627 1578 4681 ἀλλ’
1606 4627 1732 4698 οὐχὶ

149 4722 213 4777 τὸ
241 4721 471 4791 Πνεῦμα
494 4761 510 4787 ,
544 4722 732 4791 ἐπέχει
759 4720 936 4786 τάξιν.

222 4821 299 4885 γ’.
338 4814 415 4868 Οὐ
459 4813 566 4885 μὴν
604 4813 742 4868 ἀλλά
784 4812 879 4868 καὶ
913 4812 1046 4866 διότι
1083 4809 1222 4883 μετά
1260 4809 1360 4883 τὴν
1403 4810 1563 4882 χάριν
1612 4810 1734 4880 ἥτις

151 4909 248 4962 τὸν
301 4906 433 4961 Υἰδν
478 4905 796 4977 ἐθεολόγησε
855 4906 1156 4976 διαρρήδην
1204 4906 1238 4975 ὴ
1283 4904 1377 4957 τοῦ
1416 4901 1735 4973 Πνεύματος

153 4996 459 5069 εἰλικρινὴς
487 4995 721 5067 μάθησις
751 4993 992 5067 προῆλθε
1010 5008 1025 5023 ο
1050 4993 1146 5048 καὶ
1170 4992 1279 5064 γὰρ
1298 4993 1463 5064 ἡνίκα
1488 4992 1729 5064 πυρίνων

228 5111 276 5145 ⁸⁸
308 5110 487 5169 lCor.
529 5126 589 5176 ιι,
624 5110 711 5165 10.

1825 4546 1882 4601 in
1932 4542 2270 4600 numerando
2318 4540 2570 4595 ordinem
2605 4536 2780 4592 Filius
2804 4534 3039 4601 obtinet,
3076 4547 3186 4589 non
3226 4531 3403 4602 Spiri-

1827 4645 1939 4690 tus.

1899 4811 1953 4865 '5.
1996 4809 2093 4865 Est
2118 4810 2283 4864 etiam
2314 4807 2422 4863 alia
2449 4807 2527 4862 rei
2557 4820 2753 4871 causa,
2800 4804 2931 4875 quia
2975 4801 3227 4858 videlicet
3280 4807 3406 4871 post

1838 4917 1959 4957 eam
1990 4905 2219 4971 gratiam
2264 4915 2388 4970 qua:
2428 4897 2550 4953 Filii
2581 4912 2797 4952 sacram
2831 4896 3080 4952 notitiam
3113 4893 3270 4947 nobis
3301 4892 3408 4946 ini-

1833 4994 2071 5065 pertivit,
2131 5005 2247 5049 tum
2277 4993 2495 5049 demum
2546 4990 2787 5062 Spiritus
2827 4987 3115 5060 perspicua
3162 4984 3411 5041 doctrina

1704 5199 1939 5257 ΝΟΤιΕ.

238 5326 350 5398 (76)
376 5321 579 5379 Confer
596 5321 772 5398 sancti
796 5320 1072 5398 Hippolyti
1103 5321 1308 5398 dictum
1338 5319 1393 5374 in
1418 5319 1642 5398 scholiis
1662 5320 1742 5398 _a_d

167 5391 450 5453 Danielem
496 5410 550 5462 p.
584 5392 673 5445 41.
723 5391 1074 5462 [tein—recole
1106 5391 1359 5447 Photium
1405 5396 1601 5462 quaest:
1638 5391 1741 5462 743.

168 5468 274 5524 Sed
311 5457 772 5520 tamen'divinnm
802 5457 1540 5531 Verbumgprophetisucerte
1570 5457 1742 5531 fuisse

168 5538 472 5663 gigaﬂl'ilm,
504 5532 724 5602 copiose
752 5531 1006 5586 adﬁrmat
1034 5529 1307 5586 Eusebius
1343 5529 1490 5584 Hist.
1522 5530 1652 5597 eccl.
1686 5531 1740 5587 l.

210 5646 535 5746 ’(’ἦίῖῖιίᾕιιο
571 5684 801 5746 magnus
844 5668 1351 5746 Lactantii_error,_
1375 5677 1513 5731 teste
1546 5672 1742 5746 lliero-

174 5739 350 5816 nyino'
372 5744 534 5810 epist.
571 5741 636 5795 7:
669 5739 982 5796 Lactantius
1012 5742 1067 5795 in
1097 5739 1247 5795 libris
1269 5742 1403 5809 suis,
1430 5754 1478 5798 et
1512 5743 1743 5799 niaxime

1843 5322 1897 5375 in
1921 5317 2155 5388 epistolis
2194 5317 2263 5370 ad
2292 5315 2715 5376 Demetrianum,
2744 5314 2979 5388 Spiritus
3006 5314 3179 5388 sancti
3202 5316 3414 5388 omnino

1842 5386 1995 5460 negat
2027 5388 2424 5460 substantiam;
2466 5398 2726 5460 uerrere
2754 5386 2987 5439 Iudaico
3018 5387 3152 5460 dicit
3180 5402 3299 5460 eum
3336 5387 3414 5439 vel

1841 5453 1926 5513 ad'
1952 5459 2171 5512 Patrem
2221 5458 2412 5528 referri
2462 5458 2540 5528 vel
2596 5453 2819 5528 Filium,
2853 5466 2905 5528 et
2945 5456 3414 5528 sanctiﬁcationens

1840 5531 2115 5598 utriusque
2160 5525 2399 5597 persona:
2455 5527 2551 5598 sub
2603 5527 2722 5598 ejus
2765 5526 2974 5598 nomine
3036 5525 3410 5598 demonstrari.

1840 5593 2106 5653 Eumdem
2162 5593 2409 5653 errorem
2456 5593 2745 5651 Lactantio
2792 5596 2981 5665 objicit
3022 5593 3413 5665 _llieronymus

1839 5669 2016 5796 etiam;
2071 5667 2127 5794 i6n
2186 5666 2585 5727 commentario
2648 5666 2811 5737 epist.
2863 5663 2941 5721 ad
3007 5663 3128 5720 Gal.
3185 5663 3281 5718 lib.
3347 5677 3409 5717 ιι.

1839 5754 1959 5796 cap.
2022 5777 2039 5796 .
2114 5777 2128 5794 .

1839 5754 1959 5810 cap.
1985 5754 2039 5806 ιι,
2074 5754 2128 5794 o.
