3908 6214
481 291 589 362 910
1354 353 1364 362 _
1635 292 1900 358 ΡΗΟΤΙΙ
1931 293 2050 354 PA'l

2154 291 2436 353 IARCII/E
2473 291 2584 353 ΟΡ.
3641 294 3740 357 92)

477 405 654 477 palam
695 403 950 461 innotuit.
987 400 1200 461 Etenim
1251 419 1376 462 cum
1407 406 1584 480 igneis
1608 407 1810 480 linguis
1838 409 2050 466 cmlitu

2155 407 2420 478 γλωσσῶν
2449 404 2741 478 οὐρανόθεν
2777 405 3045 479 ἐπιδημίᾳ
3090 405 3514 475 πολυγλώσσους
3555 411 3739 477 φωνὰς

475 496 663 553 missis
721 495 1040 567 multiplicis
1073 497 1358 568 apostolos
1399 497 1673 556 sermonis
1699 514 1930 556 munere
1953 500 2050 556 do-

2155 497 2508 571 ἐδημιούργει
2533 498 2647 560 τοῖς
2692 496 3016 561 ἀποστόλοις
3049 497 3110 550 τὸ
3141 496 3386 570 Πνεῦμα,
3418 499 3516 552 καί⁵
3540 501 3736 566 παντὸς

475 590 627 644 navit
659 588 918 660 Spiritus,
952 600 1119 660 atque
1145 589 1289 660 apud
1320 605 1513 647 omnes
1539 601 1730 662 gentes
1765 603 2050 665 extempo-

2154 589 2340 654 ἔθνους
2359 591 2593 662 ῥήτορας
2603 587 2982 658 αὐτοσχεδίους
2995 587 3364 653 κατεσκεύαζε
3380 589 3510 654 τοὺς
3523 589 3736 660 ἀγραμ-

477 682 621 736 rales
638 690 885 737 oratores
918 679 1048 738 fecit
1077 683 1171 751 qui
1215 697 1388 752 nuper
1417 682 1683 738 illitterati
1711 693 1890 751 erant,
1924 695 2050 742 tunc

2155 683 2382 754 μάτους,
2406 681 2528 736 τότε
2551 680 2637 752 δὴ,
2659 682 2781 734 τότε
2803 680 3006 751 μᾶλλον
3021 680 3244 750 γέγονεν
3269 681 3366 735 ἀνθ
3373 680 3578 752 ρώπων
3597 683 3737 750 γένει

478 772 764 841 potisstme
813 773 1010 828 accidit
1063 773 1305 828 humano
1366 775 1574 844 generi,
1633 783 1694 830 ut
1749 777 2049 833 divinitatis

2156 774 2259 843 τῆς
2289 771 2458 828 αὑτοῦ
2489 773 2742 842 θεότητος
2773 774 2854 836 εἰς
2913 772 3312 842 ἀκριϐεστέραν
3340 773 3619 844 ἀνείδησιν
3646 774 3732 827 ἀν-

478 863 721 931 ejusdem
753 863 987 934 Spiritus
1007 864 1408 921 accuratiorem
1440 866 1688 921 notitiam
1719 867 2053 937 adipiscere-

482 962 590 1009 tur.
651 954 792 1025 Ergo
847 957 974 1026 quia
1015 955 1340 1012 vocabulum
1385 954 1564 1010 Patris
1599 957 1913 1012 hominibus
1941 956 2053 1026 pri-

480 1061 630 1118 mum
671 1047 938 1112 innotuit;
967 1057 1022 1102 et
1072 1050 1198 1117 quia
1231 1048 1404 1118 gratia
1453 1049 1649 1105 deinde
1691 1065 1903 1106 sacram
1930 1048 2048 1105 Filii

480 1136 730 1189 notitiam
754 1136 986 1202 detulit;
1037 1147 1092 1192 ct
1121 1140 1250 1210 quia
1281 1150 1556 1210 postremo
1597 1142 1772 1198 sancti
1815 1143 2050 1212 Spiritus

479 1225 664 1280 divina
716 1225 948 1296 dignitas
1006 1243 1106 1299 per
1153 1231 1528 1288 admirabilem
1584 1248 1713 1304 erga
1769 1236 2049 1304 apostolos

479 1330 697 1383 operam
749 1327 922 1372 semet
979 1313 1280 1389 revelavit;
1319 1322 1446 1392 jure
1489 1326 1794 1396 meritoque
1825 1327 2049 1384 nomina

479 1404 595 1462 haec
614 1409 864 1462 eumdem
920 1411 1170 1467 ordinem
1206 1414 1259 1469 in
1293 1417 1632 1474 numerando
1681 1428 1920 1475 servant.
1958 1420 2050 1486 Sic

477 1501 658 1548 autem
696 1496 945 1552 notitiam
989 1501 1131 1556 hanc
1163 1503 1409 1572 pateﬁeri
1435 1507 1750 1562 consultum
1807 1509 1932 1575 fuit,
1984 1527 2051 1566 ne

481 1583 644 1640 homo
678 1585 876 1644 idolico
903 1592 1077 1650 errori
1126 1593 1363 1660 deditus,
1400 1599 1581 1653 audita
1635 1601 1816 1656 subito
1855 1611 1910 1658 et
1937 1619 2054 1660 ma-

477 1674 676 1732 nifeste
731 1694 1086 1750 personarum
1146 1684 1430 1755 Trinitate,
1464 1691 1664 1760 aegrius
1692 1707 1756 1748 ac
1776 1692 2049 1749 diﬂicilius

2155 861 2468 933 ενεχθῆναι.
2490 861 2700 917 Οὐκοῦν
2728 861 2804 926 ὡς
2835 861 2934 933 μὲν
2957 863 3058 934 τῆς
3078 862 3178 916 τοῦ·
3195 863 3409 934 Πατρδς
3435 862 3625 933 φωνῆς
3648 864 3734 916 ἀν-

2155 953 2398 1025 θρώποις
2434 954 2930 1024 προεγνωσμένης,
2963 954 3055 1007 τὸν
3093 953 3152 1007 δὲ
3199 955 3328 1008 Υἱδν
3376 955 3480 1024 τῆς
3517 955 3736 1026 χάριτες

2156 1045 2582 1118 θεολογησάσης,
2614 1046 2715 1116 τῆς
2747 1047 2805 1100 δὲ
2830 1046 2927 1100 τοῦ
2963 1046 3231 1114 παναγίου
3263 1046 3583 1117 Πνεύματος
3615 1047 3730 1100 θεό-

2153 1155 2315 1210 τητος
2347 1139 2407 1191 τὸ
2434 1138 2652 1208 ἀξίωμα
2685 1138 2823 1209 μετά
2856 1137 3030 1192 ταῦτα
3066 1137 3157 1191 διὰ
3187 1137 3286 1208 τῆς
3322 1139 3380 1190 ὲν
3421 1140 3536 1201 τοῖς
3600 1140 3732 1191 ἀπο-

2155 1230 2363 1293 στόλοις
2397 1228 2738 1300 θεοπρεποῦς
2771 1230 3051 1300 ἐνεργείας
3089 1229 3576 1300 ἀνακαλυφθείσης
3597 1270 3614 1294 ,
3662 1232 3737 1282 εἰ-

2151 1320 2328 1385 κότως
2353 1321 2454 1374 κάν
2475 1321 2542 1391 τῇ
2571 1318 2969 1391 συναριθμήσει
2994 1317 3092 1389 τὴν
3115 1318 3287 1390 αὐτὴν
3309 1316 3738 1382 συνδιασώζουσι

2152 1413 2328 1480 τάξιν.
2386 1413 2450 1467 Ἦ
2492 1412 2551 1466 δὲ
2595 1410 2798 1480 γνῶσις
2845 1410 2990 1464 οὔτω
3029 1409 3316 1482 προελθεῖν
3359 1409 3740 1480 διῳκονομηθη

2152 1507 2230 1571 ὡς
2257 1505 2324 1560 ἀν
2358 1504 2433 1576 μὴ
2462 1505 2658 1576 ἀθρόον
2695 1505 2724 1558 ό
2753 1505 2819 1575 τῇ
2847 1503 2959 1556 τῶν
2987 1501 3221 1556 εἰδώλων
3253 1501 3430 1574 πλάνῃ
3465 1517 3741 1572 προσανα-

2153 1595 2405 1666 κείμενος
2427 1594 2734 1663 ἄνθρωπος,
2766 1591 2973 1664 Τριάδα
3003 1591 3189 1660 σαφῶς
3225 1589 3540 1660 προσώπων
3572 1586 3739 1643 ἀκού-

2155 1704 2256 1751 σας
2279 1727 2294 1753 ,
2341 1686 2640 1741 δυσανέλκυ
2650 1701 2771 1748 στος
2804 1684 2900 1736 καὶ
2931 1683 3318 1751 δυσανάγωγος
3349 1681 3444 1735 τοῦ
3472 1681 3619 1734 κατά
3643 1679 3740 1750 τὴν

477 1766 547 1818 ab
577 1766 844 1823 idolorum
905 1776 1293 1842 superstitione
1333 1779 1768 1837 abstraheretur.
1808 1783 1942 1839 Nam
1975 1786 2044 1851 si,

2158 1775 2573 1846 εἰδωλολατρίαν
2609 1774 2975 1844 ὀλισθήματος
2999 1773 3253 1845 γένηται.
3286 1773 3348 1826 Εἰ
3379 1772 3490 1842 γὰρ
3521 1772 3619 1825 καὶ
3644 1770 3742 1838 τῆς

479 1853 744 1914 Trinitale
773 1861 898 1916 licet
929 1865 1310 1936 pedetemptim
1338 1879 1392 1925 et
1438 1887 1532 1940 per
1570 1873 1858 1943 aenigmata
1889 1886 2050 1945 atque

481 1957 806 2007 transennas
857 1952 1014 2011 initio
1070 1959 1365 2024 insinuata,
1404 1963 1494 2016 vix
1522 1971 1703 2019 tamen
1741 1965 1990 2022 homines
2021 1984 2054 2023 a

478 2041 845 2112 polytheismo
898 2049 1288 2117 discedebant;
1341 2055 1387 2109 si
1446 2069 1651 2128 aperte,
1719 2062 1967 2133 inquam,
2001 2073 2056 2120 et

479 2131 662 2186 subito
691 2134 930 2194 Trinitas
961 2144 1208 2200 nuntiata
1251 2146 1464 2215 luisset,
1503 2167 1683 2208 nonne
1717 2131 1931 2210 illorum
1962 2173 2056 2211 su-

479 2223 727 2290 perstitio
777 2229 1154 2299 magisterium
1219 2250 1382 2292 omne
1432 2250 1595 2310 atque
1641 2245 1707 2298 ad
1768 2246 1932 2301 unius
1961 2246 2054 2302 Dei

476 2311 688 2370 cultum
718 2316 1154 2378 adhortationem
1189 2328 1486 2396 respuisset
1517 2331 1783 2403 iloccique
1812 2335 2051 2402 fecisset,

478 2412 534 2458 et
566 2419 665 2458 sua
689 2407 916 2464 exitiosa
948 2427 1098 2468 sacra
1127 2418 1434 2484 praedicatm
1469 2423 1633 2476 saluti
1671 2427 2052 2483 antetulisset?

480 2491 647 2549 liecte
709 2497 874 2567 igitur
939 2500 1118 2584 Patris
1165 2510 1399 2574 primum
1433 2513 1622 2567 notitia
1672 2516 1884 2584 vulgata
1925 2518 2047 2585 fuit,

479 2587 674 2644 deinde
703 2593 974 2660 gradatim
1002 2582 1004 2584 ’
1036 2595 1158 2652 Filii
1186 2615 1250 2655 ac
1281 2602 1535 2670 Spiritus.
1579 2607 1751 2676 Atque
1771 2582 1912 2666 hinc
1955 2582 2053 2683 pro

479 2690 546 2729 co
606 2680 810 2734 notitia:
877 2685 1090 2750 ordine,
1135 2702 1244 2755 quo
1293 2705 1504 2744 sacram
1556 2704 1718 2764 atque
1756 2680 2050 2766 pretiosam

480 2769 758 2839 religionis
778 2777 1123 2846 suscepimus
1177 2780 1595 2850 institutionem,
1629 2789 1682 2842 in
1721 2797 2054 2848 recensendo

477 2877 694 2932 quoque
721 2868 967 2928 eamdem
1017 2885 1302 2929 servamus
1339 2889 1704 2948 congruenter
1738 2888 2054 2956 praerogati-

476 2965 622 3008 Vill”.

548 3145 605 3198 4.
646 3144 951 3214 Οεειειιοιιηί
991 3145 1206 3204 Patrem
1269 3163 1515 3208 nostrum
1549 3161 1821 3226 appellare
1859 3167 2051 3240 Deum,

476 3249 654 3303 “Mue
687 3235 1000 3292 indecorum
1033 3250 1114 3294 est
1155 3256 1330 3310 neque
1358 3245 1542 3302 auditu
1576 3250 1861 3308 molestum
1891 3275 1905 3324 ;
1944 3235 2053 3319 imo

477 3323 530 3378 id
559 3323 721 3395 vulgo
755 3328 1090 3396 lldenterque
1140 3328 1394 3386 facimus.
1427 3333 1625 3391 Filium
1649 3356 1776 3395 vero
1807 3357 2051 3404 nostrum

476 3413 657 3470 dicere
688 3416 769 3470 vel
800 3417 974 3485 ipsum
1037 3417 1230 3474 Filium
1278 3424 1359 3477 vel
1387 3436 1635 3482 sanctum
1667 3429 1951 3502 Spiritum,
1987 3458 2054 3497 ne

479 3522 634 3560 mens
663 3509 879 3574 quidem
913 3512 1019 3578 pati
1049 3522 1226 3580 potest
1258 3533 1270 3568 :
1299 3516 1407 3570 imo
1437 3519 1746 3578 ahsurditas
1776 3525 2054 3596 impietate

476 3595 674 3650 comite
713 3597 851 3654 hanc
890 3602 1307 3668 appellationem
1369 3608 1816 3679 subsequeretur.
1855 3595 2052 3676 Patris

471 3699 604 3753 ergo
637 3701 834 3743 nomen
863 3690 978 3744 sive
1005 3692 1318 3760 quotidiana
1353 3702 1750 3758 consuetudine
1794 3707 1909 3761 sive
1945 3726 2046 3763 na-

475 3778 638 3831 turali
677 3779 935 3836 instinctu
968 3799 1122 3839 mens
1157 3785 1394 3842 humana
1427 3789 1568 3845 haud
1599 3797 1826 3853 moleste
1855 3801 2051 3856 admit-

476 3869 562 3921 tit.
597 3867 714 3924 Jam
749 3873 911 3941 hujus
943 3878 1180 3933 nominis
1215 3883 1413 3949 praevia
1468 3886 1622 3942 notio
1673 3889 1852 3945 effecit
1882 3902 1938 3946 ut
1964 3910 2053 3948 sae

477 3977 694 4018 crarum
731 3979 951 4034 quoque
994 3967 1397 4040 Scripturarum
1455 3976 1700 4032 doctrina
1732 3998 1870 4036 nexu
1911 4001 2051 4053 quo-

476 4052 602 4106 dam
633 4069 699 4108 ex
751 4055 917 4125 hujus
953 4062 1201 4115 vocabuli
1267 4077 1532 4122 consueto
1571 4085 1672 4124 usu
1703 4052 2047 4144 proveniens,

478 4144 622 4198 haud
671 4161 816 4217 aegre
852 4150 1008 4206 nobis
1072 4153 1361 4222 inspiraret
1400 4161 1673 4228 provisam
1707 4164 1816 4233 jam
1854 4183 2044 4236 super-

421 4249 426 4254 ‘
479 4238 810 4293 naturalium
868 4257 1050 4300 rerum
1112 4245 1477 4315 disciplinam.
1529 4252 1742 4309 Rursus
1769 4257 1812 4311 si
1848 4260 2043 4326 mavis,

477 4332 738 4396 quoniam
793 4347 967 4403 neque
1015 4338 1284 4393 naturalis
1337 4342 1494 4410 ratio,
1567 4361 1743 4415 neque
1787 4348 2042 4419 loquendi

2155 1867 2386 1935 Τριάδος
2408 1867 2550 1920 κατὰ
2572 1865 2798 1936 πρόοδον
2817 1863 2961 1917 οὕτω
2985 1863 3080 1917 καὶ
3101 1863 3168 1917 δι⁹
3193 1864 3538 1934 αἰνιγμάτων
3565 1879 3624 1915 τε
3651 1863 3741 1915 καὶ

2154 1959 2677 2029 παραπετασμάτων
2732 1957 2856 2010 κατ’
2922 1956 3097 2027 ἀρχάς
3153 1955 3738 2025 μυσταγωγουμένης,

2157 2050 2312 2120 μόλις
2341 2049 2572 2120 μετέστη
2601 2049 2702 2116 τῆς
2729 2047 3019 2111 πολυθεῖας
3041 2048 3103 2100 τὸ
3123 2048 3486 2116 ἀνθρώπινον,
3524 2046 3646 2109 πῶς
3677 2047 3740 2100 ἃν

2155 2141 2416 2212 ιμφανῶς
2448 2157 2505 2193 τε
2541 2141 2635 2193 καὶ
2663 2139 2858 2211 ἀθρόον
2885 2137 3424 2208 καταγγελλομένης,
3451 2139 3485 2207 ἡ
3512 2137 3741 2190 ἐκείνων

2154 2228 2550 2298 δεισιδαιμονία
2579 2230 2761 2281 πᾶσαν
2791 2226 3142 2280 διδασκαλίαν
3172 2229 3268 2279 καὶ
3301 2225 3632 2296 παραίνεσιν
3662 2226 3743 2289 εἰς

2158 2321 2455 2392 μοναρχίαν
2487 2319 2904 2391 χειραγωγοῦσα
2957 2320 3055 2390 οὐχ
3112 2320 3362 2391 ὑπερεῖδε
3395 2336 3454 2371 τε
3500 2320 3596 2371 καί
3627 2320 3742 2372 ἀπ-

2154 2413 2355 2476 ώσατο,
2379 2414 2472 2466 καὶ
2494 2412 2592 2484 τὴν
2621 2415 2948 2483 συνέχουσαν
2976 2410 3250 2466 ἀπώλειαν
3279 2410 3378 2479 τῆς
3400 2409 3743 2480 κηρυττομέο

2155 2521 2253 2573 νης
2287 2503 2563 2573 σωτηρίας
2594 2503 2655 2554 ού
2708 2501 3005 2570 προέθετος
3059 2501 3270 2554 Οὐκοῦν
3306 2501 3533 2562 εἰκότως
3565 2501 3598 2570 ὴ
3647 2497 3742 2551 τοῦ

2154 2594 2368 2665 Πατρδς
2398 2593 2760 2662 ἀπεκαλύφθη
2799 2593 3014 2662 πρῶτον
3046 2593 3269 2660 γνῶσις,
3305 2592 3398 2643 καὶ
3431 2592 3576 2644 κατά
3607 2607 3745 2661 προ-

2154 2688 2331 2758 κοπὴν
2361 2686 2510 2757 ήτοῢ
2541 2685 2670 2738 Υἰοῦ
2698 2686 2792 2737 καὶ
2820 2684 2913 2737 τοῦ
2947 2683 3282 2754 Πνεεύματος⁹
3317 2683 3529 2735 ἐκεῖθέν
3556 2700 3613 2735 τε
3644 2683 3745 2752 τῆς

2154 2782 2214 2832 ἐν
2255 2780 2323 2848 τῇ
2353 2767 2552 2846 γνώσει
2591 2776 2798 2843 τάξεως
2842 2776 2901 2828 τὸ
2939 2776 3082 2846 ἱερὸν
3114 2775 3273 2845 ὴμῶν
3303 2777 3397 2827 καὶ
3435 2775 3745 2844 θεοπρεπὲς

2153 2875 2254 2945 τῆς
2289 2875 2695 2946 μυσταγωγίας,
2727 2873 2862 2926 κάπὶ
2889 2873 2988 2942 τῆς
3020 2871 3476 2943 συναριθμὴσεως
3510 2869 3745 2924 ἀκολού-

2156 2969 2266 3031 θως
2302 2968 2364 3021 τὸ
2399 2968 2532 3021 αὐτὸ
2563 2965 3023 3038 συνεφειλκύσατο
3053 2964 3366 3036 προνόμιον.

2230 3149 2293 3204 δ’.
2331 3121 2542 3212 ’Ἄλλως
2566 3121 2627 3200 τε
2652 3147 2708 3200 δὲ
2731 3146 2951 3218 Πατέρα
2974 3146 3132 3218 ἡμῶν
3161 3146 3448 3217 ὀνομάζειν
3474 3147 3564 3202 τὸν
3586 3151 3739 3205 Θεὸν.

2157 3242 2282 3296 οὔτε
2327 3241 2612 3312 δύσφημον
2659 3239 2783 3292 οὗτε
2822 3239 3068 3309 λυπηρὸν
3092 3241 3266 3310 ἀκοῇ,
3298 3239 3414 3291 ἀλλ’
3451 3241 3556 3294 ἀνά
3588 3245 3747 3314 χεῖρά

2155 3352 2215 3388 τε
2261 3335 2357 3386 καὶ
2401 3335 2502 3402 τὴν
2557 3332 2871 3404 παρρησίαν
2919 3333 3019 3384 οὐκ
3051 3331 3476 3402 αἰσχυνόμενονο
3521 3334 3650 3386 Υίδν
3690 3335 3746 3388 δὲ

2150 3425 2313 3494 ἡμῶν
2347 3423 2665 3492 ἀποφαίνειν
2694 3424 2786 3476 τὸν
2817 3421 2945 3476 Υίδν
2978 3422 3010 3493 ἢ
3057 3423 3118 3475 τὸ
3163 3423 3433 3492 πανάγιον
3479 3425 3743 3495 Πνεῦμα,

2153 3517 2278 3570 οὕτε
2332 3517 2541 3588 διανοίᾳ
2575 3515 2820 3581 ἀνεκτὸν,
2869 3515 3007 3570 ἀλλά
3043 3533 3108 3584 γε
3155 3516 3290 3586 μετά
3339 3518 3437 3586 τῆς
3486 3516 3747 3579 ἀσεϐείας

2153 3609 2250 3663 καὶ
2280 3609 2341 3660 τὸ
2373 3607 2662 3661 ἀλλόκοτον
2697 3609 2730 3677 ἠ
2778 3606 2930 3677 φωνὴ
2970 3607 3386 3674 συνεφέλκεται.
3435 3607 3650 3660 υύκοῦν
3683 3608 3744 3659 τὺ

2150 3706 2321 3775 ὄνομα
2348 3703 2442 3757 τοῦ
2475 3702 2688 3770 Πατρδς
2718 3701 2783 3769 τῇ
2820 3696 2883 3750 τε
2917 3697 3136 3767 συνήθει
3167 3698 3365 3767 χρήσει
3395 3697 3492 3748 καὶ
3522 3696 3602 3765 τῷ
3636 3697 3740 3764 ἐμ-

2152 3798 2305 3867 φύτῳ
2330 3797 2427 3865 τῆς
2458 3793 2735 3862 ἐπιϐολῆς,
2772 3793 2799 3844 ό
2833 3789 3175 3858 ἀνθρώπινος
3213 3787 3338 3850 νοῦς
3364 3788 3466 3838 οὐκ
3496 3787 3742 3856 ἐργῶδες

2152 3889 2264 3958 ἔχει
2295 3882 2714 3956 παραδέχεσθαι.
2757 3881 2822 3932 Ἢ
2856 3880 2912 3931 δὲ
2939 3879 3138 3947 γνῶσις
3173 3877 3338 3929 αὑτοῦ
3379 3878 3735 3948 προκαταλαο

2151 3979 2343 4041 ϐοὖσα,
2376 3979 2470 4030 καὶ
2491 3976 2598 4027 τῶν
2629 3973 2792 4044 ἱερῶν
2814 3972 3030 4040 Λογίων
3053 3971 3153 4040 τὴν
3179 3969 3532 4022 διδασκαλίαν
3553 3968 3736 4039 εἰρμῷ

2151 4071 2464 4140 παρέστησε
2497 4069 2794 4137 προϊοῦσαν
2826 4067 2889 4117 ἐκ
2918 4064 3015 4134 τῆς
3067 4063 3204 4133 πρὸς
3242 4061 3342 4132 τὴν
3386 4063 3576 4132 φωνὴν
3612 4079 3738 4113 συν-

2149 4162 2360 4234 ηθείας,
2389 4161 2449 4213 οὐ
2478 4158 2754 4230 δυσχερῶς
2785 4158 2916 4228 ἡμῖν
2950 4155 3149 4208 ἐνιέναι
3174 4155 3273 4224 τὴν
3300 4154 3408 4207 τῶν
3441 4154 3739 4225 θπερφυῶν

2149 4251 2601 4324 προνοησαμένην
2635 4249 2892 4320 μάθησιν.
2918 4247 2982 4300 Εἰ
3015 4246 3192 4316 βούλει
3217 4245 3273 4297 δὲ
3297 4245 3392 4296 καὶ
3411 4243 3547 4298 δίοτι
3572 4245 3736 4300 πάλιν

2148 4342 2272 4396 οὒτε
2303 4343 2458 4411 λόγος
2489 4343 2516 4394 ό
2541 4342 2799 4412 ἔμφυτος,
2827 4337 2949 4390 οὔτε
2979 4339 3086 4408 μὴν
3110 4337 3142 4406 ἡ
3168 4337 3255 4389 διὰ
3285 4333 3383 4388 τοῦ
3409 4336 3568 4398 ἔθους
3600 4335 3733 4407 χρῆ-

479 4425 817 4479 consuetudo
863 4441 1088 4494 prorsus
1138 4431 1250 4485 vult
1298 4430 1513 4488 Patrem
1545 4453 1574 4490 a
1606 4437 1742 4493 Filio
1773 4439 2045 4512 Spirituve

2154 4452 2254 4498 σις,
2287 4437 2344 4488 οὐ
2382 4434 2480 4505 μὲν
2506 4429 2598 4488 οὖν
2624 4432 2722 4485 οὐκ
2751 4431 2924 4483 ἐθέλει
2947 4430 3038 4482 τὸν
3060 4427 3279 4498 Πατέρα
3312 4428 3604 4500 προελθεῖν
3639 4428 3732 4481 τεῦ

480 4516 792 4583 procedere,
818 4518 912 4572 sed
949 4523 1285 4577 contrarium
1320 4539 1532 4595 semper
1579 4531 1748 4594 novit,
1789 4543 1949 4603 atque
1979 4537 2050 4590 ita

481 4604 662 4660 ﬁdeles
688 4608 904 4661 erudire
928 4625 1034 4663 non
1063 4611 1303 4679 dubitat;
1335 4615 1460 4670 hinc
1492 4616 1569 4681 iit,
1601 4627 1658 4672 ut
1689 4636 1812 4674 cum
1835 4622 2048 4678 Patrem

480 4693 616 4750 Filio
650 4708 704 4752 et
760 4698 984 4769 Spiritui
1042 4701 1096 4755 in
1155 4707 1488 4761 recensendo
1543 4725 1858 4781 praeponere
1891 4717 2048 4784 solet,

479 4801 691 4842 sacrant
745 4793 1053 4848 doctrinam
1112 4813 1458 4866 nequaquam
1507 4802 1693 4857 violet.
1762 4805 2050 4876 Propterea

479 4876 650 4933 Filius
683 4881 902 4936 dextera
942 4900 1162 4954 quoque
1221 4889 1419 4944 dicitur
1445 4901 1499 4945 et
1527 4894 1752 4948 verbum
1787 4906 1843 4950 et
1880 4899 2051 4955 virtus

477 4981 532 5024 et
555 4973 821 5040 sapientia
848 4973 1022 5031 Patris
1048 4991 1100 5032 et
1129 4980 1326 5036 similia
1357 4999 1372 5036 :
1419 4981 1582 5039 Pater
1611 4996 1792 5042 autem
1837 4993 2049 5048 etiamsi

477 5076 724 5117 naturam
757 5067 903 5122 nullo
932 5071 1091 5124 modo
1117 5073 1186 5127 ab
1211 5089 1275 5128 co
1300 5075 1634 5132 diﬂ'erentem
1654 5079 1834 5146 habet,
1869 5092 2049 5140 tamen

475 5169 651 5222 neque
681 5158 1008 5225 cogitatione
1039 5177 1214 5231 neque
1242 5179 1492 5221 sermone
1530 5169 1595 5222 ad
1627 5167 1748 5223 Filii
1784 5173 2046 5228 rationem

474 5245 615 5298 trahi
667 5257 865 5314 potest.
921 5248 1037 5305 Jam
1067 5254 1192 5322 quia
1219 5256 1286 5309 ad
1319 5255 1516 5314 Filium
1544 5259 1701 5314 Pater
1734 5276 1842 5316 non
1881 5265 2048 5316 trahi-

475 5352 586 5406 tur,
613 5344 778 5398 veluti
808 5347 875 5399 ad
909 5348 1232 5418 principium
1265 5365 1358 5408 aut
1387 5371 1610 5410 causam
1639 5358 1723 5411 vel
1760 5361 1827 5412 ad
1856 5375 2051 5428 qnam-

477 5433 606 5489 lihet
637 5437 800 5506 hujus
831 5438 1109 5493 relativam
1168 5446 1577 5513 preprietatem,
1617 5448 1743 5503 hinc
1767 5464 1868 5504 nos
1898 5450 2049 5506 vide-

476 5526 603 5581 licet
635 5527 939 5598 theologice
969 5528 1203 5585 dicimus
1229 5531 1446 5590 Patrem
1483 5517 1580 5604 per
1607 5533 1807 5590 Filium
1830 5539 2044 5608 Operari

475 5619 563 5675 vel
591 5620 752 5676 etiam
783 5636 880 5692 per
911 5621 1172 5692 Spiritum
1192 5624 1454 5696 quidquid
1486 5627 1647 5684 beata
1679 5637 1869 5688 natura
1889 5630 2004 5699 agit
2030 5647 2047 5685 .'

483 5725 661 5780 neque
686 5713 1024 5768 contrarium
1084 5714 1263 5770 dicere
1309 5718 1584 5785 patimur:
1643 5732 1815 5787 neque
1851 5716 2045 5772 Filium

2155 4525 2283 4578 Υἰοῦ
2317 4525 2430 4578 ἀλλ’
2463 4525 2584 4577 οὐδὲ
2624 4523 2718 4576 τοῦ
2763 4521 3104 4590 Πνεύματος.
3147 4521 3258 4574 Ἀεὶ
3297 4521 3354 4573 δὲ
3397 4521 3460 4574 τὺ
3493 4521 3735 4592 ἔμπαλιν

2151 4613 2291 4678 οἶδε,
2323 4616 2417 4670 καὶ
2454 4618 2581 4677 τοὺς
2628 4613 2979 4683 πειθομένους
3019 4612 3290 4667 διδάσκειν
3334 4613 3434 4682 οὐχ
3464 4613 3734 4665 ὑποστέλο

2152 4706 2322 4759 λεται·
2359 4705 2418 4770 ἐξ
2445 4699 2505 4758 οὗ
2532 4706 2596 4776 δὴ
2629 4705 2720 4758 καὶ
2749 4706 2782 4771 ἠ
2815 4703 3212 4775 συναρίθμησις
3238 4704 3328 4756 τὸν
3359 4704 3608 4774 Πατέρα,
3638 4704 3732 4755 τοῦ

2152 4799 2284 4852 Υίοῦ
2324 4799 2419 4850 καὶ
2454 4798 2549 4851 τοῦ
2584 4797 2901 4864 Πνεύματος
2944 4797 3268 4868 προτάττειν
3310 4794 3731 4866 παραλαϐοῦσα,

2151 4892 2248 4963 τὴν
2295 4890 2532 4962 μάθησιν
2565 4891 2665 4942 οὐκ
2714 4889 2986 4959 ἐνύϐρισε.
3037 4888 3135 4940 Διὰ
3190 4887 3347 4940 τοῦτο
3380 4887 3437 4939 δὲ
3480 4887 3594 4958 ἀρα
3642 4887 3732 4941 καὶ

2150 4980 2300 5046 δεξιᾶ
2334 4981 2431 5049 μὲν
2461 4979 2676 5046 λέγεται
2718 4979 2811 5032 καὶ
2832 4978 3000 5046 ’λόγος
3037 4980 3135 5030 καλ⁹
3170 4976 3399 5047 δύναμις
3433 4980 3529 5029 καὶ
3570 4977 3733 5046 σοφία

2149 5074 2243 5127 τοῦ
2276 5072 2486 5144 Πατρδς
2513 5071 2542 5123 ό
2567 5071 2717 5135 Υἰὺς,
2751 5070 2848 5126 καί⁵
2880 5071 2949 5123 τὰ
2981 5071 3364 5141 παραπλήσια·
3396 5072 3425 5123 ό
3452 5069 3510 5124 δὲ
3541 5070 3730 5138 Πατὴρ

2149 5166 2325 5220 καίτοι
2372 5164 2537 5234 μηδὲν
2576 5163 2711 5232 πρὸς
2757 5163 2919 5218 ἇύτδν
2965 5161 3063 5232 τὴν
3107 5161 3268 5227 φύσιν
3302 5161 3485 5231 φέρων
3512 5161 3726 5232 παραλο

2148 5256 2470 5318 λάττουσαν,
2503 5251 2615 5307 οὔτ’
2641 5251 2706 5305 ἂν
2737 5251 3061 5321 θεωρεῖσθαι
3090 5250 3209 5305 ούτε
3239 5250 3494 5319 λέγεσθαι
3523 5251 3607 5313 εἰς
3637 5249 3723 5301 λό-

2148 5363 2244 5414 γον
2272 5345 2416 5399 έλθοι
2441 5345 2535 5398 τοῦ
2566 5343 2716 5396 Υἱοῦ⁹
2749 5345 2828 5405 εἰς
2857 5344 2964 5413 γὰρ
2992 5342 3081 5395 τδν
3106 5343 3232 5394 Υἰὺν
3257 5342 3358 5394 οὐκ
3388 5340 3722 5411 ἀναγόμενος

2149 5439 2225 5502 ὡς
2249 5440 2327 5502 εἰς
2356 5437 2533 5509 ἀρχὴν
2563 5437 2655 5490 καὶ
2697 5437 2896 5499 αἰτίαν,
2927 5435 3036 5488 οὐδ’
3065 5437 3164 5489 ὅσα
3206 5439 3286 5500 εἰς
3323 5436 3486 5488 αὑτὸν
3520 5438 3722 5497 ἐκεῖνος

2150 5530 2553 5600 ἀναφερόμενος
2575 5527 2952 5594 έξοικειοῦται,
2977 5527 3128 5580 ἐνθεν
3149 5528 3257 5597 ἄρα
3277 5529 3371 5580 καὶ
3393 5527 3482 5580 τὸν
3507 5527 3720 5597 Πατέρα

2151 5620 2528 5690 θεολεγοῦντες
2558 5621 2648 5676 διά
2678 5619 2773 5675 τοῦ
2819 5619 2948 5673 Υἰοῦ
2993 5620 3254 5690 πράττειν
3293 5618 3326 5689 ἢ
3373 5619 3466 5672 καὶ
3503 5619 3593 5672 διά
3629 5617 3718 5670 τοῦ

2152 5714 2464 5785 Πνεύματος
2497 5717 2599 5770 ὅσα
2629 5715 2871 5785 πέφυκεν
2900 5714 2929 5784 ἡ
2970 5714 3214 5783 μακαρία
3249 5711 3406 5779 φύσις
3440 5711 3532 5764 καὶ
3558 5710 3718 5780 ὑπέρ-
