3908 6214
164 286 263 353 921

1112 282 1209 340 AD
1243 276 1838 340 AMPIIILOCHIUM
1874 279 2224 353 QUXESTIO
2260 278 2421 344 CXC.

3309 297 3415 359 922

158 398 281 461 θεος
304 396 565 465 ἐνεργεῖνο
601 395 719 465 οὐχὶ
746 392 803 446 δὲ
836 392 896 445 τὸ
931 388 1200 446 ἀνάπαλιν
1238 387 1612 458 ἀναδεχόμεθα
1649 386 1733 440 λέ-

1841 398 1935 442 aut
1963 389 2225 458 Spiritum
2263 406 2357 461 per
2391 392 2603 448 Patrem
2654 396 2867 464 operari
2904 396 2957 451 in
3005 402 3180 457 sacris
3212 410 3415 462 nostris

157 505 305 557 γειν·
343 486 465 541 οὕτε
493 488 603 557 γὰρ
630 487 719 539 τὸν
745 485 872 538 Υίδν
896 483 1018 537 οὔτε
1049 482 1110 535 τὺ
1133 479 1357 550 Πνεῦμα
1379 480 1469 533 διὰ
1494 478 1591 531 τοῦ
1620 480 1732 533 Πα-

157 581 284 653 τρδς
308 579 551 651 ἐνεργεῖν
583 574 1092 649 μυσταγωγούμεθα
1114 569 1483 643 δογματίζειν.

228 681 290 726 ε’.
329 673 512 741 Χωρὶς
536 670 592 723 δὲ
621 669 730 722 τῶν
760 666 1065 737 εἰρημένων
1090 666 1191 719 οὐκ
1230 660 1501 724 Ἰουδαίοις
1537 662 1731 732 μόνον,

157 762 294 817 ἀλλὰ
339 762 433 816 καὶ
462 763 607 823 ὅσοις
640 762 673 830 ή
708 760 816 814 τῶν
860 757 1095 811 εἰδώλων
1136 756 1312 826 πλάνη
1346 755 1593 826 λατρεία,
1633 755 1730 826 ἡδύ

158 872 218 909 τε
243 854 341 908 καὶ
367 853 592 923 ἐπίχαρι
624 852 809 904 καλεῖν
835 850 925 904 τὸν
959 850 1093 902 Θεὸν
1125 847 1334 901 ἑαυτῶν
1365 847 1604 919 Πατέραο
1637 848 1733 900 καὶ

157 948 244 1001 ἵνα
269 947 328 999 τὸ
359 944 467 999 τῶν
498 944 736 1015 ποιητῶν
766 942 1062 1013 αὐτόνομον
1097 941 1463 1012 παραδράμω,
1501 938 1616 994 ἀλλ’
1640 938 1731 992 οὖν

157 1040 376 1093 ἀκούειν
406 1038 622 1090 ἔστιτὸν
649 1036 969 1107 Ἀρίστωνος
995 1034 1107 1103 (78)
1132 1034 1228 1103 τῆς
1254 1034 1311 1087 ἐν
1327 1032 1553 1103 Ἕλλησι
1582 1031 1731 1100 φιλο-

159 1131 350 1200 σοφίας
383 1130 521 1200 μετὰ
556 1129 765 1182 πολλῶν
803 1128 899 1180 καὶ
933 1127 1108 1181 ἄλλων
1136 1125 1235 1197 τὴν
1280 1124 1450 1193 αὐτὴν
1494 1123 1730 1195 σπουδὴν

157 1222 620 1292 ἀναδεδεγμένων,
651 1220 868 1291 Πατέρα
897 1220 991 1272 καὶ
1022 1217 1260 1288 Ποιητὴν
1288 1216 1441 1270 τοῦδε
1466 1214 1558 1268 τοῦ
1591 1232 1730 1267 παν-

155 1315 245 1377 τὸς
270 1314 361 1366 τὸν
390 1313 523 1365 Θεὸν
562 1311 962 1380 ὑμνολογοῦντα
985 1352 999 1375 ,
1034 1310 1093 1363 ὃν
1136 1309 1234 1364 καὶ
1263 1309 1445 1379 εὑρεῖν
1483 1308 1643 1377 ἔργον
1669 1323 1729 1358 τε

156 1404 320 1469 εἶναι,
367 1406 460 1458 καὶ
511 1405 741 1475 εὑρόντα
785 1406 863 1466 εἰς
919 1402 1129 1465 πάντας
1178 1402 1415 1466 ἐξειπεῖν
1466 1400 1729 1455 ἀδύνατον

158 1496 499 1566 ἐφιλοσόφειο
554 1495 648 1548 καὶ
694 1497 807 1555 τοῖς
853 1492 1127 1555 Ἰουδαίοις
1156 1492 1212 1544 δὲ
1245 1492 1534 1562 πρόχειρός
1570 1509 1629 1543 τε
1661 1486 1729 1560 ἦν

156 1590 252 1641 καὶ
281 1590 510 1657 γλυκεῖα
538 1588 571 1657 ἡ
598 1586 750 1657 φωνὴ
783 1585 876 1638 καὶ
900 1586 1227 1655 σεμνότητος
1253 1585 1497 1655 ἀφορμή.
1524 1585 1616 1635 Διὸ
1636 1583 1728 1636 καὶ

154 1682 254 1743 τὰς
291 1680 459 1749 ὀφρῦς
503 1679 874 1741 ἀνασπῶντες,
914 1678 1027 1731 ἀνθ’
1060 1671 1135 1732 ὧν
1184 1678 1442 1749 ἑρυθριᾷν
1475 1677 1571 1731 καὶ¹
1605 1694 1728 1730 συν-

1837 481 2277 540 institutionibus
2301 485 2581 541 docemus.

1901 662 1956 718 ες.
1993 661 2191 717 Verum
2231 664 2319 720 his
2365 666 2527 720 etiam
2571 669 2951 736 praetermissis
2981 705 2996 733 ,
3052 684 3161 726 nun
3209 673 3414 729 Iudaeis

1833 756 2215 809 tantummodo
2274 756 2367 811 sed
2421 757 2603 813 idolici
2662 774 2881 830 quoque
2932 764 3138 819 erroris
3190 768 3414 823 asseclis

1834 847 1988 901 dulce
2013 861 2077 903 ac
2094 848 2396 918 jucundum
2420 849 2520 905 fuit
2547 846 2760 906 Patrem
2784 853 2886 907 sibi
2912 854 3189 911 vindicare
3218 855 3409 912 Deum.

1833 943 2011 1009 Atque
2040 949 2099 995 ut
2128 948 2409 1010 poetarum
2451 943 2725 1000 licentiam
2752 945 3022 1009 omittam,
3058 947 3247 1003 audire
3278 949 3413 1003 licet

1831 1031 2104 1086 Aristonis
2135 1033 2303 1086 lilium
2354 1048 2478 1088 cum
2501 1036 2623 1090 aliis
2676 1036 2860 1092 multis
2898 1039 3127 1093 ethnica:
3174 1038 3414 1110 philoso-

1832 1125 1972 1193 phiae
1994 1138 2147 1194 aeque
2171 1123 2454 1190 studiosis,
2474 1128 2565 1196 qui
2594 1128 2759 1181 Deum
2785 1127 2999 1184 Patrem
3021 1130 3413 1202 Fastoremque

1834 1216 1999 1285 hujus
2030 1218 2270 1272 universi
2312 1220 2704 1274 concelebrat:
2745 1236 2905 1289 quem
2936 1222 3157 1291 quidem
3192 1235 3244 1277 et
3270 1240 3411 1294 aegre

1831 1308 2078 1378 intelligi,
2109 1318 2162 1364 et
2193 1310 2522 1365 intellectum
2552 1311 2693 1365 haud
2718 1313 2920 1383 vulgari
2948 1314 3219 1369 universis
3253 1330 3413 1385 posse

1832 1401 2113 1455 censebat.
2146 1402 2365 1456 Interim
2394 1401 2597 1457 Judaais
2630 1404 2743 1458 hasc
2788 1406 3079 1473 appellatio
3125 1406 3411 1462 familiaris

1830 1500 1944 1545 erat
1998 1499 2054 1545 et
2100 1492 2339 1561 jucunda
2392 1507 2457 1546 ac
2508 1494 2787 1548 sumenda:
2844 1496 3121 1564 dignitatis
3169 1498 3409 1553 occasio.

1832 1582 2015 1649 Quare
2044 1591 2099 1637 et
2124 1584 2362 1638 adducto
2389 1586 2685 1654 supercilio
2716 1590 2860 1657 (cum
2892 1589 3071 1657 potius
3095 1590 3296 1657 pudere
3319 1607 3413 1645 eos

1831 1674 2044 1729 deceret
2074 1676 2384 1745 menlisque
2414 1684 2683 1731 tumorem
2714 1677 2940 1748 ponete)
2985 1694 3083 1733 nos
3103 1721 3117 1746 ,
3161 1682 3411 1749 glorianti

154 1743 407 1824 εστάλθαι
434 1768 528 1822 τοῦ
562 1768 798 1838 θράσους
834 1768 963 1833 ἔδει,
1009 1743 1227 1839 Ἡμεῖς,
1272 1743 1461 1839 ὥσπερ
1499 1769 1726 1834 ἐπιγαυ-

1838 1765 2071 1821 dictione
2115 1767 2370 1831 aiebant,
2415 1784 2583 1822 unum
2633 1769 2850 1823 Patrem
2900 1771 3165 1826 habemus
3213 1774 3402 1827 Deum.

161 1861 380 1932 ριῶντες
423 1859 499 1928 τῷ
534 1861 738 1930 ῥήματι
780 1858 988 1927 ἔλεγον,
1017 1859 1111 1913 ἕνα
1155 1860 1373 1929 Πατέρα
1408 1859 1606 1929 ἔχομεν
1639 1860 1728 1910 τὸν

155 1955 309 2006 Θεέν.
353 1952 520 2023 Ὀρᾷς
565 1952 711 2013 ὅπως
746 1950 844 2020 ἡδύ
876 1967 937 2002 τε
986 1950 1081 2003 καὶ
1122 1933 1484 2019 ἐπαφρόδιτον
1522 1951 1588 2019 τῇ
1636 1950 1729 2001 ἀν-

157 2045 401 2115 θρωπίνῃ
454 2044 612 2112 φύσει
666 2042 889 2113 Πατέρα
940 2040 1123 2094 καλεῖν
1167 2042 1376 2094 ἑαυτῶν
1423 2042 1513 2094 τὸν
1561 2040 1726 2106 Θεόν;

159 2137 296 2208 Περὶ
324 2138 380 2189 δὲ
414 2136 508 2189 τοῦ
539 2135 671 2188 Υίοῦ
701 2136 735 2206 ἢ
762 2135 854 2188 τοῦ
890 2136 1226 2204 Πνευματος,
1258 2134 1311 2185 τί
1348 2134 1413 2187 ἄν
1440 2150 1524 2195 τις
1557 2132 1730 2186 τοιοῦ-

152 2245 252 2281 τον
293 2227 476 2280 λαϐεῖν
513 2226 836 2298 εὐρήσει,ῆ
877 2228 1048 2279 εἰπεῖν
1085 2225 1186 2278 οὐκ
1229 2225 1563 2295 ὲρυθριάσῃς
1622 2222 1732 2274 Καὶ

150 2317 246 2372 διὰ
270 2307 436 2372 ’τοῦτο
466 2319 575 2386 ἄρα
618 2317 737 2372 κατ’
780 2317 956 2388 ἀρχὰς
985 2319 1086 2371 οὐκ
1120 2313 1188 2387 ἦν
1230 2316 1432 2387 ὁμοίως
1470 2316 1560 2369 τὸν
1604 2314 1732 2367 Υίὸν

154 2408 347 2479 ὥσπερ
372 2411 464 2461 τὸν
500 2409 719 2479 Πατέρα
748 2408 1207 2477 καταγγέλλεσθαι
1233 2408 1434 2479 ῥᾴδιον·
1464 2406 1578 2460 ἀλλ’
1612 2405 1733 2459 ἑτέ-

160 2517 283 2573 ραις
313 2498 761 2570 ίσοδυναμούσαις
788 2502 993 2567 φωναῖς
1018 2502 1130 2562 τοῖς
1154 2500 1253 2552 οὐκ
1281 2499 1520 2564 ἀναξίοις
1547 2500 1579 2569 ἡ
1604 2497 1733 2568 περὶ

154 2591 323 2644 αὑτοῦ
371 2590 727 2660 μυσταγωγία
754 2590 1100 2660 παρεδίδοτο,
1127 2589 1394 2661 βραχίονι,
1430 2590 1597 2657 λέγω,
1639 2592 1734 2643 καὶ

154 2684 307 2754 δεξιᾷ
332 2687 422 2736 καὶ
449 2684 632 2754 σοφία,
668 2684 761 2737 καὶ
789 2685 902 2746 τοῖς
932 2682 1323 2753 παραπλησίαν
1353 2681 1731 2750 ὑποϐαλλομέ-

155 2793 271 2838 νοις
297 2776 396 2844 τὴν
424 2775 671 2845 δύναμιν.
714 2775 778 2829 Ἦ
802 2775 862 2829 δὲ
890 2775 981 2827 τοῦ
1022 2774 1153 2827 Υίοῠ
1189 2773 1534 2845 προσηγορία
1572 2773 1733 2841 σιγῆς

156 2868 327 2938 ὁρίοις
356 2867 740 2937 ὲθαλαμεύετο.
764 2868 864 2919 Διὰ
892 2865 973 2931 τί;
1007 2867 1151 2918 Διὸτι
1180 2865 1242 2918 τὸ
1271 2864 1373 2935 μὲν
1413 2864 1545 2929 Υἱὸς
1574 2863 1734 2916 αὑτό-

160 2960 253 3012 θεν
280 2975 339 3011 τε
381 2958 475 3011 καὶ
514 2957 713 3012 αὐτίκα
751 2957 1015 3027 διαφορὰν
1049 2955 1343 3026 προσώπου
1376 2954 1733 3024 συνεπιφέρε-

157 3067 290 3111 ται,
324 3048 352 3100 ὃ
400 3049 527 3110 τοὺς
572 3044 995 3116 ἀσθενεστέρους
1043 3046 1077 3117 ἢ
1134 3045 1617 3115 φιλοτιμουμένους
1674 3042 1734 3096 τὸ

162 3142 463 3211 φιλόνεικον
507 3138 642 3211 πρὸς
682 3139 743 3191 τὸ
788 3137 1047 3192 πολύθεον
1080 3135 1442 3201 ὑποσκελίζει.
1488 3135 1553 3188 Ἡ
1583 3136 1735 3199 δεξιά

160 3236 219 3289 δὲ
255 3234 348 3288 καὶ
376 3234 478 3286 δσα
509 3230 798 3301 ἐφάμιλλα,
832 3227 1030 3299 μικροῦ
1061 3228 1161 3299 τὴν
1191 3227 1363 3298 ῥοπὴν
1388 3224 1728 3290 ὲξισάζοντα,

160 3328 423 3397 διαφοράν
462 3345 521 3381 τε
558 3324 899 3397 παραδηλοῦν
934 3324 1303 3385 ὑποστάσεων,
1338 3322 1431 3372 καὶ
1475 3318 1610 3389 πρὸς
1638 3315 1735 3389 τὴν

161 3417 332 3488 αὐτὴν
363 3418 457 3470 καὶ
505 3417 631 3486 μίαν
662 3413 1021 3483 συνάγεσθαι,
1053 3412 1234 3464 οὐκέτι
1267 3411 1377 3471 τοῖς
1412 3409 1547 3477 πρὸς
1581 3407 1736 3459 εἰδω-

162 3507 480 3578 λολατρείαν
540 3505 823 3577 κεχηνόσιν
894 3503 1116 3573 ἀφορμὴ
1182 3500 1279 3569 τῆς
1340 3498 1461 3567 ίσης
1532 3496 1736 3567 βλάϐης

161 3600 392 3654 δγίνετο.

193 3618 451 3755 triton
485 3685 669 3755 μέντοι
710 3684 803 3736 καὶ
854 3680 947 3733 τοῦ
1000 3679 1316 3748 Πνεύματος
1357 3678 1390 3746 ἠ
1432 3676 1583 3745 φωνὴ
1614 3677 1736 3727 ἐπι-

166 3778 487 3853 μερίζεσθαι
522 3775 792 3845 δυναμένη
832 3773 968 3843 πρός
1004 3788 1065 3824 τε
1108 3770 1169 3822 τὸ
1205 3769 1612 3822 αὐθυπόστατον
1645 3766 1738 3819 καὶ

162 3870 302 3943 πρός
322 3886 385 3937 γε
422 3872 483 3921 τὸ
515 3868 896 3928 ἐνυπόστατον,
933 3865 1033 3935 οὐχ
1057 3862 1247 3933 ὥσπερ
1279 3865 1312 3933 ὴ
1340 3863 1610 3932 κόνομασία
1640 3861 1735 3916 τοῦ

164 3961 296 4014 Υίοῦ
348 3962 475 4024 τοὺς
521 3959 597 4029 μὴ
648 3956 1005 4028 βουλομένους
1051 3956 1213 4011 αὐτὸν
1261 3956 1381 4010 καθ’
1437 3955 1736 4010 ὑπόστασιν

162 4054 424 4122 αὐτοτελῆ
473 4050 874 4122 παραδέχεσθαι
918 4049 1313 4118 συναναγκάξει
1369 4049 1464 4102 καὶ
1510 4048 1733 4117 μετάγει

161 4144 304 4216 πρὸς
366 4141 795 4212 συγκατάθεσιν,
832 4140 945 4194 ἀλλ’
982 4137 1061 4192 ἔτι
1120 4139 1290 4193 δεῖται
1341 4138 1442 4208 τῆς
1496 4136 1585 4192 διὰ
1626 4137 1736 4191 τῶν

162 4236 396 4304 λογικῶν
439 4235 780 4303 κατασκευῆς
819 4232 913 4285 καὶ
960 4231 1407 4299 συνεπικρίσεως.
1436 4229 1538 4283 Διὰ
1579 4230 1736 4283 τοῦτο

162 4327 275 4397 ἄρα
317 4326 365 4377 εί
416 4327 510 4378 καὶ
541 4324 602 4376 τὸ
645 4322 867 4392 Πνεῦμα
914 4316 1077 4393 ἦττον
1114 4321 1214 4391 μὲν
1254 4322 1398 4392 ἢπερ
1434 4322 1464 4374 ὁ
1503 4321 1731 4393 Πατὴρ,

1838 1857 2028 1913 Viden’
2066 1868 2125 1913 ut
2149 1860 2310 1913 dulce
2338 1874 2615 1928 suaveque
2657 1862 2729 1915 sit
2758 1862 3011 1917 humanae
3054 1874 3263 1918 natura:
3309 1864 3413 1918 Pa—

1831 1961 1967 2005 trem
2007 1952 2109 2006 sibi
2146 1966 2340 2005 vocare
2376 1951 2583 2006 Deum!
2638 1950 2755 2007 Jam
2803 1952 2871 2007 de
2921 1951 3059 2006 Filio
3100 1962 3156 2006 et
3206 1953 3408 2023 Spiritu

1832 2042 1955 2111 quis
1985 2042 2279 2111 quidquam
2308 2042 2617 2110 hujusmodi
2666 2045 2920 2098 molietur
2949 2045 3289 2114 impudenter
3331 2047 3405 2102 di-

1832 2149 1957 2188 cere
1993 2135 2016 2187 ?
2056 2135 2265 2189 Idcirco
2299 2136 2453 2189 initio
2483 2136 2626 2189 haud
2667 2136 2863 2191 Filium
2911 2152 3065 2206 asque
3110 2138 3267 2191 facile
3308 2137 3412 2191 fuit

1834 2228 2125 2293 nuntiare,
2157 2236 2217 2281 ut
2252 2228 2463 2281 Patrem
2491 2244 2508 2281 :
2554 2229 2645 2281 sed
2678 2227 2799 2282 aliis
2826 2226 3276 2297 tequivalentibus
3311 2241 3410 2281 γοα·
3453 2246 3459 2253 π

1833 2319 1990 2375 cibus
2028 2334 2183 2374 sacra
2224 2319 2465 2387 ejusdem
2496 2320 2688 2373 notitia
2720 2320 2786 2373 ad
2821 2332 2984 2374 aures
3012 2334 3117 2372 non
3159 2319 3414 2389 indigno-

1835 2427 1954 2465 rum
1978 2410 2309 2466 eﬁ'erebatur
2337 2428 2351 2463 :
2383 2411 2699 2476 vocabulis,
2734 2412 2987 2480 inquam,
3020 2411 3248 2476 brachii,
3282 2414 3412 2466 dex-

1834 2510 1984 2566 tera,
2010 2501 2310 2570 sapientiae,
2346 2510 2511 2571 atque
2536 2502 2659 2556 aliis
2690 2502 3028 2556 consimilem
3062 2502 3173 2556 vim
3207 2503 3416 2556 haben-

1835 2594 2010 2660 tibus;
2042 2594 2257 2647 interim
2289 2594 2418 2648 dum
2460 2597 2633 2663 ipsum
2663 2593 2781 2647 Filii
2811 2608 3008 2649 nomen
3038 2595 3177 2649 intra
3209 2595 3413 2649 silentii

1835 2688 1971 2742 lines
2009 2687 2412 2742 continebatur.
2449 2688 2559 2741 (Zur
2593 2686 2795 2757 porro?
2834 2687 2961 2757 quia
3008 2687 3180 2742 Filius
3219 2697 3273 2742 et
3312 2702 3407 2758 per

1834 2794 1893 2834 se
1930 2789 1984 2834 et
2022 2789 2266 2833 actutum
2310 2778 2627 2834 diﬂerentiae
2673 2793 2965 2849 personam
3000 2780 3209 2834 invehit
3242 2796 3254 2832 :
3285 2795 3413 2849 quae

1835 2886 1925 2926 res
1956 2871 2285 2925 inlirmiores
2318 2870 2529 2925 animos
2560 2880 2723 2940 atque
2753 2885 3003 2924 morosos
3035 2870 3087 2924 in
3117 2870 3414 2941 polytheis—

1836 2978 1984 3016 vnum
2056 2962 2362 3033 praecipites
2418 2963 2796 3031 pertraxisset.
2854 2961 3189 3016 Vocabulum
3232 2973 3415 3015 autem

1836 3055 2059 3108 dextera
2092 3062 2145 3108 et
2183 3052 2384 3108 similia
2419 3054 2622 3121 quaevis
2648 3094 2663 3115 ,
2712 3068 2834 3106 cum
2876 3054 2930 3106 in
2960 3060 3244 3121 utramque
3288 3068 3418 3121 par-

1839 3155 1945 3200 tem
1998 3144 2172 3199 ferme
2204 3146 2460 3209 valeant,
2514 3160 2704 3214 nempe
2740 3154 2795 3199 et
2832 3145 2896 3197 ad
2931 3144 3413 3198 demonstrandam

1837 3253 2193 3307 personarum
2226 3238 2634 3293 distinctionem
2664 3279 2678 3303 ,
2718 3248 2773 3292 et
2807 3239 2871 3290 ad
2912 3237 3244 3292 suadendum
3275 3237 3367 3293 div
3388 3267 3415 3276 -

1836 3329 2025 3385 nitatis
2056 3330 2323 3384 unitatem
2352 3370 2366 3395 ,
2415 3330 2733 3385 idololatria:
2770 3328 3030 3385 studiosis
3065 3342 3417 3399 nequaquam

1836 3422 1986 3492 paris
2010 3421 2327 3477 detrimenti
2358 3436 2525 3477 causa
2561 3422 2813 3476 fuissent.

1908 3683 1961 3738 6.
1998 3683 2231 3753 insuper
2264 3683 2496 3751 Spiritus
2524 3698 2743 3752 quoque
2773 3683 3096 3737 vocabulum
3128 3699 3252 3738 cum
3290 3699 3415 3753 pro-

1838 3776 2075 3829 nuntiari
2102 3776 2277 3844 possit
2300 3786 2352 3828 et
2389 3776 2455 3829 de
2488 3791 2544 3829 re
2582 3792 2676 3841 per
2708 3790 2768 3829 se
2799 3777 3133 3831 subsistente
3168 3785 3224 3831 et
3258 3778 3325 3830 de
3358 3792 3417 3832 re

1836 3869 2130 3922 easisteute
2168 3868 2241 3921 in-
2267 3868 2568 3923 substantia
2608 3867 2807 3934 aliena,
2840 3868 2982 3923 haud
3013 3882 3169 3938 atque
3191 3884 3254 3922 ac
3292 3869 3419 3923 Filii

1838 3960 2127 4029 appellatio
2180 3959 2428 4014 nolentes
2464 3959 2693 4029 impellit
2735 3969 2789 4014 et
2839 3961 2986 4031 cogit
3030 3962 3096 4015 ad
3139 3960 3413 4015 fatendum

1836 4050 2112 4106 deﬁnitam
2144 4066 2241 4121 per
2263 4066 2325 4107 se
2354 4065 2669 4121 personam,
2702 4050 2801 4106 sed
2833 4062 2954 4122 eget
2987 4052 3167 4107 adhuc
3195 4054 3417 4107 ratioci-

1838 4144 1917 4198 nii
1975 4143 2320 4212 argumentis
2376 4151 2433 4198 et
2477 4143 2998 4198 consultationibus.
3051 4143 3258 4199 Idcirco
3312 4146 3413 4199 etsi

1838 4233 2078 4302 Spiritus
2112 4234 2289 4288 ratius
2318 4249 2482 4303 quam
2508 4234 2689 4299 Pater,
2714 4233 3056 4304 frequentius
3084 4250 3217 4289 vero
3246 4248 3412 4304 quam

1837 4320 2009 4375 Filius
2033 4360 2049 4383 ,
2094 4322 2225 4376 olim
2256 4323 2582 4397 praedicatus
2616 4324 2760 4389 fuit,
2812 4339 2920 4378 non
2953 4333 3135 4379 tamen
3166 4325 3255 4380 hic
3280 4326 3416 4379 ordo

165 4416 369 4487 μᾶλλον
404 4416 461 4468 δὲ
493 4416 635 4485 ἢπερ
679 4416 708 4467 ὁ
736 4415 881 4477 Υἱὸς,
911 4412 1029 4466 κατ’
1059 4411 1233 4483 ἀρχὰς
1281 4411 1630 4482 ὲκηρύττετο,
1670 4411 1732 4463 οὐ

1838 4409 2243 4478 praedicationis
2273 4412 2523 4466 eumdem
2554 4412 2607 4467 iu
2645 4414 3025 4468 numeratione
3052 4430 3269 4484 quoque
3294 4431 3418 4485 gra-

161 4510 377 4563 δίδωσιν
424 4505 572 4576 αὑτῷ
615 4505 709 4559 τοῦ
754 4504 1106 4575 κηρύγματος
1148 4506 1182 4576 ἡ
1226 4504 1382 4571 τάξις
1420 4503 1517 4574 τὴν
1567 4502 1737 4574 αὐτὴν

162 4601 223 4650 ὲν
268 4601 335 4669 τῇ
370 4594 763 4668 συναριθμήσει
808 4595 1162 4650 κατάστασιν.
1226 4594 1285 4647 '0
1330 4595 1429 4665 μὲν
1476 4594 1585 4665 γὰρ
1619 4595 1735 4648 Πα-

160 4688 273 4758 τὴρ
354 4688 446 4740 καὶ⁸
508 4686 635 4750 Υἱὸς
706 4686 1137 4757 κηρυττόμενοι,
1208 4684 1272 4738 τὸ
1332 4684 1740 4740 αὑθυπόστατον

161 4778 603 4849 ἀνεπιμερίστως
663 4778 1008 4845 εἰσάγουσιν·
1074 4778 1108 4847 ἡ
1163 4775 1221 4828 δὲ
1280 4775 1374 4830 τοῦ
1426 4775 1741 4846 Πνεύματος

162 4869 321 4941 φωνὴ
357 4868 631 4939 δυναμένη
656 4868 755 4939 μὲν
781 4868 979 4937 ὁμοίως
999 4864 1193 4935 δηλοῦν
1218 4866 1280 4919 τδ
1306 4866 1735 4930 αὐθυπόστατον,

162 4963 267 5030 οὐχ
312 4959 513 5029 ὁμοίως
561 4959 618 5012 δὲ
666 4959 801 5031 πρὸς
839 4960 1006 5029 μόνην
1040 4958 1338 5011 ὑπόστασιν
1370 4957 1735 5022 ἀποδίδοσθαι,

162 5051 227 5103 οὐ
260 5048 611 5113 συνδιασώξει
640 5049 732 5103 τοῦ
756 5049 1152 5120 προτάττεσθαι
1185 5049 1246 5101 τὸ
1273 5047 1510 5119 ἀξίωμα.
1540 5050 1660 5102 "Et:
1681 5048 1739 5103 δὲ

166 5142 216 5192 εἰ
241 5139 333 5193 διὰ
352 5137 447 5193 τοῦ
463 5137 592 5193 Υίοῦ
615 5140 673 5193 τὸ
690 5140 913 5211 Πνεῦμα
932 5142 1044 5203 τοῖς
1066 5138 1336 5211 μαθηταῖς
1355 5139 1737 5206 ἀπεστέλλετο,

163 5231 269 5299 τῆς
298 5230 601 5301 ἀποστολῆς
628 5230 726 5301 τὴν
756 5233 917 5300 φύσιν
941 5230 1091 5284 οὐδὲν
1131 5229 1484 5298 ὲλαττούσης,
1511 5230 1648 5283 ἀλλὰ
1677 5230 1741 5284 τὸ

166 5320 592 5391 ἀπαράλλακτον
639 5321 1047 5393 συντηρούσης,
1090 5323 1124 5388 ή
1162 5319 1303 5374 κατὰ
1345 5321 1740 5392 συναρίθμησιν

1835 4500 1966 4554 dum
1991 4512 2307 4558 conservat.
2329 4501 2467 4558 Nam
2494 4503 2656 4559 Pater
2685 4515 2739 4559 et
2764 4504 2934 4562 Filius
2958 4506 3141 4560 statim
3173 4522 3240 4562 ac
3279 4523 3419 4576 pra:-

1834 4599 2087 4653 dicantur
2116 4633 2131 4660 ,
2165 4595 2495 4651 individuam
2520 4594 2933 4650 subsistentiam
2966 4610 3078 4665 pra:
3103 4610 3163 4650 se
3194 4594 3411 4650 ferunt:

1837 4688 2076 4759 Spiritus
2129 4699 2309 4743 autem
2357 4688 2683 4743 vocabulum
2723 4702 3041 4758 quanquam
3078 4688 3417 4743 individuam

1835 4782 2041 4852 pariter
2073 4781 2493 4836 subsistentiam
2525 4780 2790 4835 denotare
2822 4790 3003 4850 potest
3030 4818 3046 4844 ,
3089 4795 3193 4835 non
3235 4789 3420 4834 tamen

1840 4873 1907 4927 ad
1952 4886 2244 4943 personam
2290 4872 2668 4927 tantummodo
2704 4871 2979 4938 refertur;
3024 4871 3255 4941 ideoque
3283 4886 3422 4940 ρεαδ·

1840 4964 2074 5020 cedendi
2134 4964 2451 5035 dignitatem
2502 4981 2610 5018 non
2656 4974 2856 5019 servat.
2907 4962 3175 5018 Pra'terea
3232 4964 3276 5018 si
3325 4977 3425 5033 per

1843 5055 2041 5111 Filium
2077 5056 2319 5126 Spiritus
2362 5062 2429 5111 ad
2473 5056 2773 5126 discipulos
2813 5057 3018 5112 missus
3051 5055 3193 5121 fuit,
3227 5066 3420 5111 natura

1844 5148 1964 5218 ejus
1995 5149 2267 5206 mittendo
2297 5164 2406 5205 non
2444 5150 2732 5205 imminuta
2766 5150 2863 5206 sed
2895 5158 3102 5205 statum
3134 5163 3296 5203 suum
3330 5162 3421 5202 re-

1847 5240 2075 5304 tinente,
2105 5241 2240 5295 ordo
2269 5256 2487 5311 quoque
2518 5243 2875 5312 proprietates
2894 5240 3211 5311 personales
3242 5254 3425 5294 recen-

1848 5327 2004 5382 sendi
2032 5328 2320 5397 designare
2354 5327 2558 5398 pariter
2587 5343 2653 5384 ac
2684 5328 2977 5400 pradicare
3003 5326 3205 5399 poterit
3227 5326 3425 5382 immu-

1674 5524 1905 5582 ΝΟΤᾸΞ.

243 5642 358 5711 Ur)
412 5644 565 5699 Plato
628 5643 786 5713 epist.
848 5640 933 5695 Vl.
994 5652 1047 5697 et
1100 5642 1246 5697 alibi.
1306 5640 1438 5695 Nam
1499 5638 1775 5696 Platonem
1816 5643 2091 5701 Aristonis
2134 5645 2305 5702 lilium
2338 5645 2430 5701 hic
2457 5646 2730 5717 designari
2765 5663 2795 5701 a
2837 5644 3029 5700 l‘hotio
3096 5659 3255 5698 nemo
3320 5659 3427 5697 non

169 5714 448 5785 intelligit.
