3908 6214
443 256 553 321 923

1606 249 1868 312 PHOTII
1899 244 2411 310 PATRIARCHE
2450 244 2560 305 ΕΡ.

3622 234 3730 301 9Ξὲ

445 368 769 425 tabilitatem
802 381 869 423 ac
888 365 1320 423 distinctionem.
1356 362 1608 429 Addesis,
1639 362 1788 433 quod
1814 360 2056 419 theolo-.

2164 356 2281 424 ἀξις
2313 356 2422 409 τῶν
2456 353 2598 409 κατὰ
2630 351 2731 417 τὰς
2759 351 3093 418 ὑποστάσεις
3125 349 3442 423 ἰδιωμάτων
3477 348 3729 402 mem-

449 448 627 532 gicsm
669 457 911 530 Spiritus
950 458 1202 515 notitiam
1234 473 1267 514 a
1306 455 1446 512 Filio
1474 454 1803 519 didicimus;
1836 465 2034 520 nempe

448 552 601 608 illuni
635 567 666 607 a
691 549 853 607 Patre
883 551 1180 622 procedere
1203 591 1220 618 ,
1259 559 1315 606 et
1340 549 1394 604 in
1426 547 1545 620 pari
1575 546 1769 602 ordine
1797 543 2035 600 colloca-

452 652 565 697 tnm
592 659 716 699 esse
742 660 865 699 cum
894 644 1056 699 Patre
1082 642 1332 715 Filioque
1355 682 1370 708 ,
1403 650 1459 696 et
1483 639 1719 710 denique
1743 635 2035 709 perfectio-

452 748 584 787 num
615 749 738 789 esse
770 734 1118 804 magistrum.
1145 730 1279 787 Nam
1312 746 1456 801 qua,
1486 738 1708 801 propter
1735 728 2033 784 humanam

453 821 828 878 inﬁrmitatem
863 823 1104 877 nondum
1130 821 1458 892 perfectiora
1488 820 1796 890 capientem
1821 858 1837 883 ,
1867 817 2037 874 disci-

454 912 616 982 pulos
648 910 908 967 Servator
939 927 1048 967 non
1073 911 1281 977 docuit,
1312 925 1375 965 ea
1410 909 1540 980 ipsis
1571 924 1605 964 ιι
1633 907 1917 962 Paracleto
1945 905 2039 960 de-

456 1013 823 1059 monstratum
876 1004 944 1060 iri
1002 1004 1276 1075 promisit.
1316 1001 1460 1073 Ergo
1520 1000 1685 1070 huius
1735 998 2040 1070 perspicua:

455 1097 603 1152 circa
635 1096 901 1167 Spiritum
926 1096 1211 1165 theologia:
1234 1134 1251 1159 ,
1297 1096 1363 1150 ad
1402 1110 1568 1165 quam
1609 1093 1862 1147 humanae
1893 1089 2039 1144 vires

457 1203 567 1243 non
595 1188 994 1260 pertingebant,
1016 1198 1336 1260 praesentem
1359 1188 1414 1242 in
1438 1186 1573 1243 orbe
1601 1185 1800 1241 Filium
1826 1189 2041 1238 constat

458 1277 629 1335 fuisse
653 1282 1096 1350 antesignanum.

2134 452 2344 522 κρινεῖν
2371 465 2432 502 τε
2466 448 2560 502 καὶ
2602 444 3104 517 συνανακηρύττειν
3131 442 3339 499 δύναιτ’
3368 442 3438 497 ἂν
3470 442 3535 495 τδ
3563 442 3727 494 ἀναλο

2132 539 2355 594 λοίωτον
2385 537 2481 591 καὶ
2517 534 2846 607 ἀσύγχυτον.
2879 537 2991 590 Καὶ
3021 534 3131 608 μὴν
3176 536 3273 590 καὶ
3313 533 3454 589 διότι
3487 532 3727 604 μάλιστα

2132 628 2232 701 τὴν
2262 627 2541 698 θεολογίαν
2568 624 2665 680 τοῦ
2705 626 3029 698 Πνεῦματος
3057 625 3212 697 παρά
3239 624 3335 678 τοῦ
3366 623 3502 677 Υίοῦ
3539 638 3726 695 μεμα-

2137 721 2385 794 θήκαμεν
2407 736 2423 752 ·
2451 718 2846 791 ἐκπορεύεσθαι
2884 718 2994 791 7&9
3039 719 3174 772 αὐτὸ
3209 716 3305 773 τοῦ
3342 718 3583 787 Πατρδς,
3637 713 3729 767 καὶ

2136 815 2275 887 πρὸς
2315 814 2562 885 ὁμοταγῆ
2600 811 2755 878 τάξιν
2801 809 3096 884 ἀνηνέχθαι
3120 809 3199 880 τῷ
3225 827 3285 863 τε
3315 808 3496 881 Πατρὶ
3522 807 3624 862 καὶ
3650 805 3728 875 τῷ

2136 908 2272 978 Titii“
2303 907 2398 960 καὶ
2430 907 2512 961 ὅτι
2542 905 2650 960 τῶν
2681 905 3037 975 τελειοτήτων
3065 902 3201 956 αὐτὸ
3230 898 3603 973 χρηματίζειν
3645 897 3725 950 διο

2134 997 2424 1053 δάσκαλον*
2451 997 2489 1052 ἃ
2515 997 2625 1069 7&9
2644 997 2772 1060 τοὺς
2796 995 3045 1068 μαθητὰς
3061 995 3162 1067 τῆς
3191 992 3545 1065 ἀνθρωπίνης
3569 990 3729 1045 ἀσθερ

2137 1092 2286 1154 νείας
2308 1088 2464 1144 οὔπω
2483 1090 2553 1143 τὰ
2573 1087 2881 1159 τελεώτερα
2898 1087 3352 1160 παραδεχομένης
3387 1086 3491 1138 οὐκ
3526 1087 3731 1154 ἐμυστο

2139 1181 2435 1253 αγώγησεν
2462 1183 2491 1235 6
2523 1182 2739 1253 Σωτὴρ,
2765 1180 2856 1234 τὸν
2891 1179 3253 1252 Παράκλητον
3291 1179 3480 1240 αὐτοῖς
3502 1176 3732 1229 ἐκείνων

2149 1273 2405 1343 γενέσθαι
2447 1273 2765 1327 διδάσκαλον
2810 1271 3179 1343 ἐπηγγείλατο
3202 1288 3217 1302 ·
3248 1270 3455 1340 ταύτης
3496 1268 3595 1323 οὖν
3635 1267 3733 1337 τῆς

457 1372 786 1443 εἰλικρινοῦς
819 1373 951 1444 περὶ
979 1373 1075 1426 τοῦ
1114 1372 1433 1444 Πνεύρατος
1452 1371 1753 1441 θεολογίας,
1784 1369 1880 1425 καὶ
1940 1366 2077 1440 πρὸς
2114 1366 2181 1439 ἢν
2209 1367 2271 1421 τὸ
2335 1367 2676 1438 ἀνθρώπινον
2717 1365 2817 1419 οὐκ
2846 1366 3114 1437 ἀνήγετο,
3166 1364 3196 1417 6
3222 1363 3352 1428 Υίδς
3379 1362 3735 1433 ἐπιδημήσας

457 1470 656 1541 δρᾶται
689 1468 1166 1539 καθηγησάμενος.

531 1564 583 1619 7.
627 1562 798 1632 Igitur
829 1571 883 1617 et
923 1563 1053 1632 quia
1091 1562 1239 1633 prior
1266 1569 1351 1616 est
1383 1560 1559 1617 Patris
1580 1559 1805 1627 notitia;
1835 1566 1890 1614 et
1917 1556 2045 1628 quia

2225 1552 2290 1618 ξ’.
2330 1549 2430 1605 Διά
2456 1567 2515 1603 τε
2550 1542 2647 1602 οὖν
2679 1546 2742 1601 τὸ
2780 1542 3225 1617 προκαταλαϐεῖν
3263 1541 3364 1614 τὴν
3394 1543 3598 1611 γνῶσιν
3638 1540 3732 1594 τοῦ

459 1669 529 1709 ex
576 1654 696 1725 ipso
736 1653 909 1710 Filius
947 1653 1296 1725 Spiritusque
1344 1652 1678 1723 procedunt;
1723 1661 1777 1706 et
1819 1651 1948 1721 quia
1988 1649 2041 1703 hi

2164 1645 2385 1716 Πατρδς,
2428 1643 2524 1697 καὶ
2549 1642 2631 1695 ὅτι
2663 1640 2722 1707 ἐξ
2751 1637 2919 1695 αὐτοῦ
2958 1637 3060 1709 τὴν
3085 1635 3312 1707 πρόοδον
3340 1636 3368 1689 6
3396 1651 3458 1688 τε
3486 1635 3612 1699 Tib;
3644 1634 3735 1687 καὶ

461 1745 681 1813 quidem
710 1746 780 1802 ab
810 1747 902 1801 illo
934 1760 1159 1801 manare
1187 1745 1295 1800 dici
1324 1753 1568 1814 queunt,
1597 1744 1702 1799 iste
1729 1744 1799 1798 ab
1828 1744 1913 1798 his
1938 1754 2047 1797 non

463 1834 633 1905 itan;
686 1848 741 1893 et
776 1840 904 1909 quia
956 1837 1049 1892 Dei
1094 1835 1275 1891 Patris
1308 1852 1507 1892 nomen
1549 1837 1602 1890 in
1634 1835 1916 1893 hominum
1946 1849 2053 1890 usu

468 1940 758 1998 versatur,
808 1929 974 1999 idque
1023 1930 1161 1985 adeo
1205 1944 1472 2000 usurpare
1516 1931 1807 1999 gestimus;
1857 1937 2052 1984 caetera

467 2026 577 2081 duo
608 2038 677 2078 ne
709 2032 889 2077 mente
922 2021 1141 2092 quidem
1183 2022 1289 2078 sibi
1326 2022 1599 2091 quispiam
1631 2021 1916 2076 vindicare
1951 2034 2046 2089 po-

470 2125 615 2182 test;
649 2123 704 2169 et
726 2114 855 2184 quia
886 2113 981 2169 Dei
1010 2112 1191 2169 Patris
1213 2128 1412 2169 nomen
1435 2114 1592 2170 dulce
1614 2124 1940 2185 gratumque
1964 2120 2051 2167 est

468 2215 739 2263 creaturae
772 2205 877 2260 sibi
906 2204 960 2260 id
992 2204 1313 2261 inscribenti
1336 2246 1352 2272 ,
1397 2205 1487 2260 illa
1511 2220 1644 2261 vero
1686 2205 1891 2261 aditum
1921 2203 2049 2263 nul-

474 2299 586 2354 lum
616 2297 932 2368 patiuntur;
974 2305 1032 2351 et
1058 2297 1293 2368 denique
1322 2306 1542 2367 propter
1575 2296 1685 2353 alia
1710 2296 1823 2367 jam
1864 2295 2011 2351 dicta
2031 2332 2048 2361 ,

474 2390 623 2445 hunc
656 2388 896 2444 Ecclesia
923 2389 1172 2447 ordinem
1206 2390 1257 2444 in
1292 2390 1643 2446 recensendis
1687 2390 2053 2445 consubstan-

471 2480 695 2536 tialibus
733 2477 1201 2549 homogeneisque
1242 2478 1492 2549 personis
1531 2485 1847 2534 constanter
1874 2476 2052 2530 admi-

472 2573 565 2630 sit.
596 2571 701 2627 Sed
730 2572 847 2627 haec
864 2571 933 2626 de
952 2570 1297 2625 numerando
1323 2571 1484 2626 Patre
1506 2578 1561 2625 et
1588 2568 1727 2625 Filio
1753 2578 2055 2639 sanctoque

478 2663 687 2735 Spiritu
718 2663 1073 2720 elementaria
1100 2662 1311 2718 theoria
1344 2663 1609 2718 hactenus
1637 2680 1653 2717 :
1689 2677 1927 2733 namque
1957 2660 2056 2716 ab-

474 2756 708 2812 solutior
733 2756 1154 2825 accuratiorqne
1181 2763 1443 2811 tractatus
1472 2754 1750 2825 peculiare
1783 2754 1886 2817 sibi
1915 2767 2055 2825 opus

475 2848 717 2919 postulat
751 2858 916 2917 atque
946 2847 1139 2917 exigit.

477 2976 806 3045 QUALSTIO
845 2973 1003 3033 CXCI
1042 2976 1233 3051 ισοξει.
1268 2976 1480 3043 ccxx,
1522 2976 1687 3035 Taur.
1721 2976 2056 3052 ccxu.(79)

480 3090 594 3146 Cur
636 3092 856 3145 humani
902 3093 1104 3162 generis
1155 3090 1441 3162 redemptio
1492 3108 1656 3163 neque
1696 3109 1790 3163 per
1831 3092 2056 3163 aliquem

553 3177 616 3234 ea;
649 3163 969 3234 incorporei:
1012 3162 1290 3234 virtutibus
1320 3162 1576 3234 genium,
1608 3180 1769 3234 neque
1805 3179 1897 3234 per
1926 3164 2060 3218 sim-

558 3232 745 3300 plicem
798 3232 1099 3300 hominem,
1148 3233 1238 3287 sed
1286 3248 1381 3301 per
1444 3231 1601 3288 Verbi
1646 3231 2061 3289 exinanirlonem

559 3313 772 3371 peracta
805 3303 989 3371 fuerit.

2148 1739 2210 1792 τὸ
2235 1736 2462 1806 Πνεῦμα
2492 1734 2627 1805 ἔχει’
2664 1734 2757 1787 καὶ
2785 1732 2854 1785 τά
2885 1730 3007 1801 μὲν,
3038 1730 3100 1794 ἐξ
3127 1728 3297 1783 αὑτοῦ
3326 1727 3616 1800 προελθεῖν
3645 1728 3735 1779 δύο

2148 1844 2306 1883 ναται
2336 1825 2616 1894 λέγεσθαι,
2657 1825 2686 1877 6
2719 1822 2777 1877 δέ
2819 1821 3033 1876 οὐκέτι·
3082 1820 3180 1875 καὶ
3216 1818 3309 1873 τὸν
3356 1819 3477 1890 μὲν,
3518 1820 3579 1871 ἐν
3625 1816 3734 1870 ἔθει

2148 1916 2513 1990 χρηματίζειν
2533 1917 2644 1978 τοῖς
2664 1913 2975 1984 ἀνθρώποις
2993 1910 3396 1979 ἐξοικειοῢσθαι
3423 1910 3522 1964 καὶ
3547 1908 3737 1962 ἐαυτὸν

2147 2007 2573 2079 ἐπιγράφεσθαι,
2603 2006 2679 2061 τά
2701 2004 2758 2059 δέ
2789 2004 2965 2069 οὐδεὶς
2993 2002 3330 2057 ἐπινοεῖσθαι
3364 2001 3615 2077 δύναται·
3642 2000 3734 2052 καὶ

2150 2105 2179 2156 6
2211 2103 2333 2174 μὲν,
2361 2101 2535 2171 γλυκύ
2583 2117 2643 2155 τε
2682 2100 2780 2155 καὶ⁵
2809 2099 3034 2171 ἐπίχαρι
3060 2096 3140 2169 τῷ
3188 2097 3469 2166 πλάσματι
3510 2094 3739 2163 ἐπιγρά-

2153 2195 2379 2266 φεσθαιο
2409 2194 2479 2247 τά
2511 2193 2590 2260 δέ,
2623 2192 2856 2265 πάροδον
2884 2189 3146 2262 οὐδεμίαν
3172 2188 3504 2260 ἐπιδέχεται·
3537 2186 3631 2239 καὶ
3651 2185 3737 2237 διά

2151 2305 2216 2358 γε
2268 2286 2337 2341 τὰ
2374 2286 2511 2342 ἄλλα
2543 2285 2653 2340 τῶν
2702 2284 3043 2357 είρημένων,
3091 2281 3351 2352 τοιαύτην
3406 2278 3590 2334 αὐτῶν
3640 2274 3759 2348 τὴν⁹

2156 2381 2556 2452 συναρίθμησιν
2589 2379 2893 2451 ὁμοουσίων
2931 2378 3101 2432 ὄντων
3125 2376 3221 2433 καὶ⁵
3249 2373 3509 2446 ὁμοφυῶν
3542 2373 3578 2444 ἡ
3617 2371 3737 2425 Ἐκ-

2155 2473 2357 2546 κλησία
2381 2472 2668 2537 διασώζειν
2686 2472 2764 2537 ώς
2788 2471 2992 2525 ἐπίπαν
3022 2469 3262 2537 ἐδέξατο·
3284 2467 3424 2522 ἀλλά
3456 2465 3568 2536 γὰρ
3596 2464 3733 2532 αὕτη

2159 2569 2258 2641 μέν
2282 2567 2421 2632 τέως
2454 2566 2597 2621 κατὰ
2620 2566 2711 2619 τὸν
2741 2562 3057 2635 στοιχειώδη
3074 2561 3233 2630 λόγον
3254 2559 3471 2629 Πατρδς
3493 2556 3589 2610 καὶ
3608 2554 3738 2608 Υἰοῦ

2157 2660 2253 2713 καὶ
2281 2657 2439 2727 ἁγίου
2468 2657 2789 2727 Πνεῦματος
2825 2657 2859 2727 ὴ
2887 2654 3095 2724 θεωρία
3126 2652 3229 2723 τῆς
3258 2649 3736 2721 συναριθμήσεως·

2156 2752 2190 2820 ἠ
2220 2750 2278 2804 δὲ
2304 2750 2622 2821 τελειοτέρα
2646 2748 2743 2803 καὶ
2769 2746 3137 2816 ἀκριϐεστέρα
3167 2742 3476 2811 διάσκεψις,
3511 2738 3742 2803 ίδιαζοιξι⁶

2158 2860 2260 2915 σης
2283 2841 2669 2915 πραγματείας
2694 2840 2851 2909 λόγον
2874 2839 3099 2893 ἀπαιτεῖ
3124 2836 3220 2890 καὶ
3244 2832 3637 2904 ἀπεκδέχεται.

2680 2972 3019 3028 ΕΡοΤΗΣιΣ
3054 2966 3219 3038 ΡιιΑν.

2160 3097 2265 3151 Διά
2291 3095 2349 3148 τι
2378 3092 2485 3148 τοῦ
2516 3091 2795 3162 γένους-ἠ
2833 3088 3165 3162 ἀνόρθωρές
3186 3084 3279 3162 ρῠ,
3300 3079 3400 3162 δςά
3430 3096 3598 3162 τινος
3625 3076 3743 3162 ῖιῖῑν

2232 3152 2565 3237 ἀσωμάζωᾷθ
2599 3152 2914 3237 διίιῖάιὶεων
2939 3152 3118 3237 ’ᾓ.δι’
3165 3152 3483 3237 ἀνθρώπου
3531 3152 3740 3237 ψινξοιξ.

2233 3218 2550 3376 ἆλλξῖϐοιῖιὰ
2600 3230 2713 3302 τῆς
2753 3218 2886 3287 ’τοῦ
2941 3218 3138 3298 Ᾰόγου
3210 3218 3524 3289 xei-dicem;-
3591 3218 3746 3290 τέγου

2235 3323 2346 3362 νεν
2502 3320 2515 3334 ·

1715 3511 1860 3562 Edita
1880 3525 1908 3561 α
1933 3511 2059 3561 Maio
2085 3512 2142 3575 (ι.
2179 3524 2222 3562 τι.
2249 3510 2501 3573 195—199).

560 3668 611 3723 Ι.
645 3669 728 3724 Ab
752 3669 985 3725 eruditis
1011 3667 1295 3724 nonnullis
1316 3666 1487 3739 quaeri
1521 3666 1637 3725 scio
1665 3683 1893 3724 curnam
1919 3682 2056 3724 com-

2240 3684 2274 3721 a
2295 3708 2310 3723 .
2336 3664 2644 3738 Ζητοῦντας
2671 3658 2793 3719 οἶδά
2821 3681 2972 3727 τινας
2991 3663 3100 3717 τῶν
3129 3662 3448 3733 φιλολόγων,
3481 3661 3571 3715 διὰ
3603 3662 3656 3716 τί
3676 3664 3744 3733 μὴ

486 3760 673 3815 munis
703 3760 877 3831 culpa:
909 3760 1223 3816 emendatio
1260 3761 1331 3815 ab
1375 3761 1560 3831 aliquo
1610 3760 1831 3816 homine
1860 3763 2067 3816 lcurata

487 3866 597 3906 non
628 3850 830 3918 fuerit;
871 3852 1316 3921 quandoquidem
1349 3851 1685 3923 homogenea
1723 3862 1917 3907 natura
1951 3852 2070 3922 pla-

488 3942 664 3997 cando
695 3941 1190 4013 persuadendoque
1227 3943 1406 4012 aptior
1429 3951 1533 3998 est.
1574 3943 1743 4013 Atqui
1777 3944 1832 3997 hi
1867 3942 2026 3999 facile
2050 3983 2065 4009 ,

492 4035 541 4090 si
573 4034 759 4090 minus
785 4038 969 4099 antea;
1002 4044 1151 4089 certe
1178 4050 1324 4090 nunc
1358 4044 1690 4105 cognoscent
1726 4042 1897 4090 totam
1929 4036 2071 4092 hanc

490 4123 758 4178 rationem
804 4123 1184 4177 incarnatione
1244 4122 1411 4178 Verbi
1444 4122 1711 4178 contineri
1740 4140 1756 4177 :
1796 4132 1907 4178 tum
1938 4139 2069 4179 vero

387 4245 392 4249 -
491 4215 692 4269 mirum
728 4213 898 4278 illud,
942 4214 1088 4283 quod
1118 4214 1552 4270 exinanitionem
1586 4213 1806 4271 abunde
1851 4215 2067 4285 explet,

491 4322 766 4376 nusquam
811 4308 1060 4377 potuisse
1090 4306 1316 4363 inveniri
1336 4347 1352 4372 ,
1402 4308 1449 4364 si
1480 4308 1764 4364 hominum
1794 4308 2071 4378 quispiam

492 4400 562 4455 ab
609 4401 849 4453 humano
879 4412 1080 4469 genere
1123 4398 1485 4469 universalem
1516 4397 1861 4471 tyrannidem
1888 4396 2073 4467 depel-

492 4492 606 4547 lere
635 4490 916 4546 Voluisset-
959 4488 1079 4545 Jam
1109 4492 1345 4561 primum
1372 4492 1417 4545 is
1440 4492 1533 4561 qui
1566 4506 1679 4546 rem
1713 4499 1917 4545 tantam
1941 4505 2070 4561 per-

492 4585 757 4657 agendam
785 4623 801 4649 ,
840 4597 1302 4654 communemque
1353 4583 1581 4638 salutem
1635 4582 1915 4653 sapientiae
1962 4596 2076 4640 suae

494 4675 700 4732 divitiis
720 4675 1038 4745 eximiaque
1060 4674 1305 4729 bonitate
1325 4674 1725 4745 procurandam
1748 4676 2070 4746 susciperet,

495 4769 642 4824 haud
663 4782 731 4823 ex
754 4782 945 4822 eorum
965 4780 1198 4821 numero
1223 4765 1544 4836 deligendus
1567 4777 1703 4832 erat,
1731 4766 1825 4836 qui
1857 4766 2075 4821 aliunde

496 4858 706 4916 servari
737 4858 956 4928 ipsimet
985 4860 1150 4928 atque
1164 4856 1444 4913 emendari
1470 4856 1749 4913 deberent.
1774 4856 1948 4911 Porro
1976 4857 2073 4912 ho-

498 4951 709 5004 minum
736 4949 995 5005 universa
1026 4958 1227 5004 natura
1257 4960 1480 5019 peccato
1501 4959 1621 5006 erat
1650 4950 1909 5017 obnoxia,
1933 4950 2077 5005 mul-

2170 3758 2265 3813 τοῦ
2302 3757 2485 3812 κοινοῦ
2527 3756 2824 3827 πτώματος
2858 3756 2890 3827 ἡ
2927 3754 3214 3826 διόρθωσις
3245 3753 3315 3807 δι’
3358 3752 3480 3817 ἐνὸς
3512 3753 3627 3809 τῶν
3659 3755 3745 3807 ἀν-

2172 3848 2408 3921 θρώπων
2441 3848 2696 3918 ἐγένετο·
2736 3847 2799 3901 τὸ
2836 3846 2943 3919 γὰρ
2988 3846 3231 3917 όμοφυές
3277 3845 3498 3915 ἀγωγὸν
3552 3845 3745 3917 μᾶλλον

2170 3942 2266 3997 καὶ
2294 3942 2434 4014 πρὸς
2462 3940 2634 3995 πειθὼ
2663 3940 3072 4013 πλησιαίτερον.
3119 3938 3280 3994 ’Δλλά
3309 3938 3420 4011 7&9
3448 3938 3551 3992 οὐκ
3580 3938 3745 4009 ἐργῶ-

2169 4035 2257 4099 δες
2290 4035 2494 4100 αὐτοῖς,
2541 4036 2591 4088 εί
2630 4035 2725 4088 καὶ
2766 4033 2841 4104 μὴ
2873 4033 3174 4105 πρότερον,
3208 4032 3305 4087 νῦν
3331 4030 3468 4101 γοῦν
3511 4032 3745 4101 καθορᾷν

2170 4125 2247 4190 ὡς
2270 4127 2367 4180 καὶ
2394 4124 2565 4179 ταῦτα
2593 4125 2692 4196 μὲν
2716 4128 2781 4197 τῇ
2815 4125 2911 4179 τοῦ
2952 4125 3129 4194 Λόγου
3168 4124 3442 4198 σαρκώσει
3467 4125 3745 4197 περιείληο

2174 4236 2328 4275 πται·
2361 4219 2398 4275 ἃ
2427 4220 2486 4274 δέ
2508 4220 2568 4273 τὸ
2592 4219 2907 4290 θαυμαστὸν
2936 4219 3114 4272 ἐκεῖνο
3135 4209 3234 4288 τῆς
3266 4217 3556 4281 κενώσεως
3589 4217 3744 4269 πλουο

2172 4316 2276 4380 τεί,
2307 4314 2459 4367 οὐδὲν
2506 4313 2655 4367 ἐστιν
2683 4313 2865 4384 εὑρεῖν
2909 4314 2958 4367 εί
3004 4312 3115 4366 τῶν
3158 4310 3464 4384 ἀνθρώπων
3493 4310 3556 4363 τὸ
3599 4311 3747 4378 γένος

2173 4400 2255 4467 εἷς
2280 4404 2463 4459 αὐτῶν
2490 4404 2857 4474 ἐλευθερῶσαι
2884 4404 2985 4473 τῆς
3013 4402 3156 4457 κατά
3189 4404 3408 4458 πάντων
3439 4401 3748 4473 τυραννίδος

2173 4497 2567 4570 ἐπεχείρησεν·
2617 4496 2755 4551 ἀλλά
2802 4495 3021 4567 πρῶτον
3077 4494 3175 4567 μέν
3225 4494 3255 4547 6
3295 4493 3395 4565 τὴν
3447 4493 3750 4562 τηλικαῦτα

2174 4587 2377 4659 πρᾶξιν
2416 4585 2663 4640 ὑπελθὼν
2692 4586 3086 4657 ἀναδεχόμενος
3109 4626 3124 4651 ,
3151 4586 3243 4639 καὶ
3266 4585 3367 4655 τὴν
3400 4585 3622 4639 πάντων
3653 4601 3752 4635 σω-

2173 4680 2372 4750 τηρίαν
2415 4679 2608 4748 σοφίας
2640 4676 2857 4749 πλούτῳ
2889 4678 2985 4732 καὶ
3019 4675 3417 4747 ἀνυπερϐλήτῳ
3447 4675 3753 4746 φιλανθρω-

2176 4771 2278 4841 πίᾳ
2308 4770 2787 4842 κατεργάσασθαι,
2814 4770 2877 4823 οὐ
2905 4769 3014 4825 τῶν
3037 4771 3307 4841 δεομένων
3336 4769 3501 4832 αὐτδς
3532 4770 3635 4837 τῆς
3663 4768 3754 4823 ἁλ-

2176 4862 2405 4933 λαχόθεν
2470 4863 2743 4931 σωτηρίας
2819 4863 2913 4916 καὶ
2975 4860 3333 4933 ἀνορθώσεως
3392 4860 3756 4932 χρηματίζειν

2177 4953 2405 5023 ὀφείλει.
2484 4953 2826 5024 ’Δνθρωπίνη
2869 4953 2926 5007 δέ
2972 4956 3122 5007 πᾶσα
3151 4953 3312 5023 φύσις
3339 4953 3629 5023 ὑπόχρεως
3661 4952 3758 5023 μὲν

498 5051 721 5113 tamque
747 5057 935 5098 curam
958 5042 1304 5099 desiderabat
1332 5055 1495 5116 atque
1517 5047 1906 5117 expiationem.
1926 5044 2056 5113 Qno

2176 5044 2272 5098 τοῦ
2316 5045 2753 5116 ἁμαρτήματος,
2804 5044 3007 5113 πολλῆς
3046 5044 3104 5098 δέ
3143 5045 3375 5116 δεομένη
3422 5047 3524 5116 τῆς
3566 5044 3756 5114 όμοίας

498 5132 663 5189 modo
692 5131 856 5203 igitur
874 5130 995 5189 ﬁeri
1019 5140 1257 5205 poterat,
1284 5143 1346 5192 ut
1371 5134 1465 5206 qui
1497 5136 1553 5195 in
1571 5137 1761 5195 eadem
1789 5136 2075 5194 medicinae

2179 5137 2439 5211 προνοίας
2465 5153 2525 5191 τε
2547 5136 2643 5192 καὶ
2668 5137 3011 5208 καθάρσεωςσ
3029 5136 3126 5191 καὶ
3157 5136 3274 5201 πῶς
3299 5136 3364 5192 ἂν
3388 5136 3417 5189 6
3438 5136 3499 5189 ἐν
3526 5137 3595 5205 τῇ
3619 5132 3754 5202 αὐτῇ

2018 5316 2255 5375 ΝΟΤᾸΕ.

579 5517 691 5586 (79)
721 5518 787 5576 Et
818 5520 907 5579 hic
934 5520 1072 5579 Jobo
1101 5522 1372 5579 monacho
1399 5523 1494 5579 lib.
1522 5522 1565 5578 ll
1592 5522 1669 5578 De
1695 5521 2077 5578 Incarnatione

501 5589 697 5715 {Ili-hct.
746 5591 1003 5651 Bililioth.
1044 5594 1159 5652 Cod
1198 5591 1341 5655 222)
1392 5595 1548 5665 plura
1589 5596 1843 5667 decerpta
1888 5595 2080 5652 viden-

2258 5524 2370 5597 (80)
2386 5523 2619 5594 Copiose
2643 5535 2824 5581 versat
2857 5526 2961 5582 hoc
2980 5534 3359 5597 argumentum
3389 5523 3554 5578 etiam
3596 5523 3753 5579 Eusc-

2183 5594 2306 5654 biiis
2337 5594 2391 5655 in
2420 5597 2651 5652 tricenn.
2681 5598 3028 5655 Constantin.
3048 5594 3180 5668 cap.
3214 5594 3350 5650 Xlll.
3380 5610 3502 5665 sqq.
