3908 6214
235 241 339 308 925

1189 243 1291 304 ΑΙ)
1325 242 1924 307 AMPIIILOCHIUM
1958 242 2307 317 QUAESTIO
2355 242 2554 306 CXCI.

3387 243 3500 308 926

232 355 331 425 τῆς
389 353 687 425 θεραπείας
744 346 908 427 χρείᾳ
952 354 1275 423 καθεστὼς,
1322 357 1533 428 ἑτέροις
1578 356 1812 429 ἠδύνατο

1916 366 2156 429 egestate
2203 357 2563 422 versabatur,
2619 356 2668 413 is
2708 355 2834 413 aliis
2878 357 3264 427 purgationem
3299 375 3500 433 suppe-

230 444 590 518 διοικονομεῖν
634 445 736 520 τὴν
769 448 1040 520 κάθαρσιν
1065 490 1080 516 ,
1127 448 1224 503 καὶ
1261 449 1500 521 χορηγὸς
1542 445 1680 504 εἶναι
1711 450 1809 520 τῆς

233 541 431 606 ίάσεως
456 559 473 609 ;

301 633 368 704 β’.
408 634 673 703 Δεύτερον
719 635 777 690 δὲ
812 635 949 690 Θεοῦ
993 635 1088 690 καὶ
1117 635 1259 699 θετον
1304 635 1467 708 ἔργον
1494 638 1590 692 καὶ
1624 638 1811 693 καινὸν

233 726 338 780 ὑπὸ
374 726 466 780 τὸν
495 726 669 799 ἥλιον,
701 727 820 791 πῶς
852 726 918 782 ἂν
956 724 1027 800 ἧν
1068 727 1344 801 ἀνθρώπῳ
1375 729 1807 801 διαπράξασθαι;

231 818 292 871 Εἰ
323 818 380 872 δέ
406 835 527 873 τινα
549 820 737 873 θέσθαι
766 820 1078 893 φιλοτιμίαν
1108 821 1265 878 λάϐοι
1294 823 1386 878 καὶ
1408 826 1545 896 ὅπερ
1573 825 1669 895 οὐχ
1698 819 1810 879 οἷόν

228 925 288 961 τε
321 908 624 979 προελθεῖν,
647 910 840 966 θᾶττον
863 912 929 967 ἂν
947 913 1010 967 τὸ
1038 913 1239 985 πτῶμα
1263 916 1358 969 καὶ
1384 916 1584 988 ῥᾳδίως
1607 917 1641 987 ἢ
1672 916 1810 988 πρὸς

228 997 386 1052 ἑαυτὸ
411 998 839 1072 ὲπανέστρεφεν,
871 1003 905 1075 ἢ
944 1004 1081 1075 πρὸς
1110 1005 1172 1059 τὸ
1217 1007 1399 1076 χεῖρον
1423 1007 1717 1078 ηὐξάνετο’
1742 1007 1812 1061 ’τὸ

232 1090 351 1160 μὲν,
381 1090 443 1143 οὐ
487 1093 631 1162 μέγα
671 1094 843 1148 κακὸν
880 1096 1202 1167 ἡγουμένων
1240 1097 1348 1153 τῶν
1384 1100 1484 1170 τῆς
1517 1099 1810 1171 εὐργεσίας

228 1180 681 1237 ἀπολελαυκότων
717 1185 1023 1255 ὁμοιοπαθῆ
1063 1186 1132 1240 δι’
1158 1188 1485 1259 ἀχαριστίας
1519 1189 1810 1262 ἄνθρωπον

227 1268 413 1338 ἀγεινο
443 1271 504 1325 τὸ
531 1273 611 1337 δὲ,
641 1272 739 1346 τὴν
767 1273 845 1344 τῷ
866 1274 987 1346 Θεῷ
1012 1274 1329 1348 πρέπουσαν
1352 1279 1520 1350 τιμὴν
1548 1280 1810 1334 ἀνάπτειν

227 1361 573 1435 ὡρμημένων
612 1364 690 1435 τῷ
729 1365 1018 1421 σεσωκότι.
1071 1367 1134 1420 El
1184 1367 1294 1439 γὰρ
1343 1370 1713 1425 Μωσέαηιαθ⁸
1748 1365 1809 1426 οὗ

228 1452 493 1518 πολλάκις
524 1454 845 1524 ἐγόγγιζον,
880 1458 978 1510 καὶ
1005 1457 1105 1529 τὴν
1128 1458 1336 1514 ἄνωθεν
1367 1460 1438 1513 δι’
1470 1460 1635 1514 αὑτοῦ
1676 1478 1810 1515 κατ-

230 1543 422 1597 ιοῦσαν
477 1546 755 1616 σωτηρίαν
780 1545 891 1600 τῶν
928 1548 988 1601 ὲν
1017 1546 1281 1620 Αἰγύπτῳ
1310 1550 1497 1605 κακῶν
1528 1550 1811 1606 ἐποιοῦντο

227 1635 447 1708 χείρονα
466 1678 481 1703 ,
511 1636 660 1708 ὅμως
687 1638 821 1691 Θεὸν
849 1639 1094 1694 ἀνειπεῖν
1130 1640 1269 1711 μετὰ
1289 1640 1519 1697 θάνατον
1545 1643 1809 1716 ἐμελέτη-

230 1745 350 1797 σαν,
384 1730 459 1793 ὡς
499 1732 751 1801 μυστικοὶ
786 1731 882 1786 καὶ
914 1733 1051 1804 ίεροὶ
1087 1733 1235 1803 λόγοι
1262 1734 1571 1791 διδάσκουσι
1604 1738 1714 1806 (δι’
1745 1739 1813 1811 ἢν

227 1821 409 1875 αἰτίαν
439 1821 534 1877 καὶ
572 1824 602 1877 ό
648 1823 820 1893 τάφος
854 1824 1156 1896 ὀφθαλμοῖς
1197 1827 1473 1882 Ἰουδαίων
1519 1829 1683 1900 μέχρι
1717 1830 1813 1884 νῦν

228 1914 456 1981 ἀθέατός
486 1933 546 1969 τε
574 1916 668 1970 καὶ
690 1916 1093 1987 ἀνεπίγνωστος
1121 1918 1359 1990 ἔμεινεν.
1420 1920 1813 1995 Ἀγχίστροφος

226 2006 338 2078 γὰρ
373 2008 402 2060 ὁ
444 2007 636 2079 ἐχθρὸς
667 2010 1081 2082 κακουργῆσαι,
1117 2011 1213 2065 καὶ
1240 2011 1330 2066 διὰ
1366 2012 1475 2067 τῶν
1498 2013 1681 2068 ὃπλων
1701 2015 1812 2069 τῶν

227 2115 288 2151 τε
319 2100 509 2167 δεξιῶν
537 2100 764 2156 καὶτῶν
798 2103 1102 2173 ἀριστερῶν
1135 2103 1475 2176 ἐξαπατῆσαι
1508 2106 1569 2159 τὸ
1599 2106 1813 2178 ἀνθρώ-

228 2191 430 2263 πινον),
452 2192 569 2256 πῶς
592 2192 693 2246 οὐκ
710 2192 777 2247 ἂν
802 2194 896 2247 τὸν
930 2195 1179 2264 μείζονος
1198 2195 1588 2261 ἀπαλλάξαντα
1614 2215 1815 2270 τυραν-

229 2283 392 2347 νίδος,
413 2284 575 2338 εἰκαὶ
590 2284 693 2355 τῆς
712 2286 884 2356 αὐτῆς
918 2286 1138 2355 φύσεως
1171 2287 1413 2359 ᾔδεισαν,
1452 2288 1514 2343 ού
1541 2289 1675 2344 Θεὸν
1718 2292 1816 2345 ἀν-

229 2374 572 2445 ηγόρευσαν;
612 2374 699 2429 ἴνα
726 2376 822 2430 νῦν
840 2378 1190 2450 παραδράμω
1211 2378 1424 2433 Παῦλον
1458 2382 1576 2445 τοῖς
1619 2381 1813 2453 Ἐλλη-

227 2468 442 2529 νισταῖς
472 2466 911 2540 θεοποιούμενον.
934 2469 1106 2524 Τοῦτο
1124 2470 1181 2523 δὲ
1199 2470 1356 2542 δῆλον
1386 2471 1463 2538 ὡς
1498 2473 1601 2528 οὐκ
1629 2469 1695 2544 ἦν
1718 2475 1813 2529 τοῦ

228 2556 524 2628 πτώματος
550 2557 797 2630 ἔγερσις,
827 2559 965 2615 ἀλλὰ
985 2560 1345 2634 χαλεπωτέρα
1365 2565 1459 2617 καὶ
1488 2565 1815 2638 ἀδιόρθωτος

227 2650 538 2714 ἔκπτωσις·
576 2651 672 2704 καὶ
712 2650 821 2723 γὰρ
866 2654 1164 2724 χρεωστεῖν
1207 2654 1318 2707 οὐδ’
1362 2653 1556 2724 ἄλογον
1586 2656 1653 2709 ἂν
1684 2658 1815 2722 ίσως

229 2740 430 2805 ἐδόκει,
459 2740 520 2793 ὃν
541 2741 743 2811 τρόπον
772 2741 842 2794 τὰ
857 2741 1320 2813 δημιουργήματα
1347 2743 1441 2795 τὸν
1466 2743 1813 2815 Δημιουργὺν

227 2832 317 2886 διὰ
336 2832 765 2905 σεϐασμιότητός
796 2849 854 2886 τε
878 2835 971 2886 καὶ
992 2833 1267 2902 θειότητος
1282 2837 1540 2900 ποιεῖται,
1559 2834 1703 2888 οὕτω
1723 2834 1812 2904 δὴ,

236 2924 381 2980 οὔτω
414 2925 511 2978 καὶ
541 2924 633 2978 τὸν
667 2926 949 2980 σεσωκότα
972 2926 1101 2989 τοὺς
1133 2928 1532 2996 σεσωσμένους,
1566 2928 1661 2980 καὶ
1687 2926 1816 2990 τοὺς

231 3017 617 3091 συντριϐέντας
637 3018 728 3072 τὸν
758 3018 1171 3073 ἀναπλάσαντα·
1191 3019 1367 3092 ταύτῃ
1392 3036 1475 3072 τοι
1506 3019 1614 3073 οὐδ’
1648 3019 1814 3088 ἀγγέ-

228 3112 338 3166 λων
370 3110 531 3182 φύσις
572 3112 675 3181 τὴν
705 3110 799 3165 τοῦ
827 3110 1020 3178 γένους
1050 3110 1208 3182 ἡμῶν
1240 3110 1516 3182 σωτηρίαν
1550 3110 1809 3181 ύποδέχευ

228 3221 343 3269 ται,
365 3204 477 3257 ἀλλ’
499 3205 528 3257 ό
558 3201 771 3267 πλάσας
799 3202 963 3267 αὐτὸς
998 3203 1193 3273 ὁρᾶται
1226 3202 1569 3274 Δημιουργὸς
1600 3203 1812 3273 καὶτῆς

229 3294 609 3364 ἀναπλάσεως.

1913 449 2117 506 ditaret
2145 447 2479 519 medelaeque
2509 455 2790 505 auctorem
2820 464 2879 504 se
2911 450 3156 520 gereret?

1989 629 2045 683 2.
2106 628 2314 687 Deinde
2361 629 2608 685 divinum
2660 628 2753 684 Dei
2809 644 2947 699 opus
3004 639 3170 703 atque
3223 633 3328 688 sub
3382 635 3496 689 sole

1916 738 2117 777 norum
2182 739 2314 778 num
2368 724 2735 778 humanarum
2794 725 2995 782 virium
3054 732 3174 781 erat
3239 727 3501 799 aggredi?

1916 810 2072 879 Quod
2102 812 2278 883 siquis
2316 813 2563 869 aemulari
2592 815 3002 884 quodammodo
3037 832 3263 888 remque
3290 818 3497 888 impos-

1916 904 2131 959 sibilcm
2166 912 2377 960 tentare
2408 905 2695 971 voluisset,
2733 905 2781 962 is
2810 907 2993 976 potius
3020 909 3225 964 malum
3260 910 3390 965 illud
3415 911 3499 966 vel

1917 996 1970 1050 in
2006 1006 2172 1068 caput
2200 997 2484 1067 proprium
2528 998 2910 1064 convertisset,
2943 1000 3028 1055 vel
3069 1009 3217 1057 certe
3256 1002 3498 1060 deterius

1917 1085 2161 1142 fecisset.
2196 1086 2414 1142 Etenim
2446 1087 2523 1141 illi
2574 1087 2671 1157 qui
2712 1088 2980 1144 beneficio
3020 1088 3143 1160 ejus
3188 1099 3493 1155 uterentur,

1916 1180 2116 1250 partim
2162 1179 2310 1235 haud
2368 1195 2700 1251 magnopere
2745 1193 2805 1234 se
2853 1194 3081 1250 peccare
3125 1190 3399 1251 putarent,
3450 1185 3496 1239 si

1915 1270 2183 1326 adversus
2231 1270 2381 1341 paris
2438 1278 2648 1325 naturai
2690 1269 2969 1326 hominem
3026 1271 3225 1341 ingrati
3264 1274 3500 1328 exsiste-

1914 1369 2072 1427 rent;
2105 1363 2304 1432 partim
2340 1375 2471 1415 vero
2508 1376 2575 1416 eo
2608 1370 2954 1430 proruerent,
2988 1370 3049 1415 ut
3079 1363 3225 1431 quod
3264 1364 3371 1419 Deo
3400 1364 3500 1418 oh-

1916 1453 2168 1523 Sequium
2201 1452 2420 1519 debent,
2456 1452 2508 1507 id
2540 1450 2819 1507 Servatori
2848 1466 2953 1507 suo
2982 1454 3327 1510 exhiberent.
3360 1454 3496 1510 Nam

1916 1545 1962 1601 si
1990 1544 2251 1600 Israelita:
2288 1543 2520 1611 Mosem,
2553 1552 2745 1599 contra
2786 1561 2949 1616 quem
2991 1561 3135 1615 saepe
3180 1546 3496 1601 tumultuati

1917 1637 2157 1701 fuerant,
2192 1636 2267 1691 ita
2301 1646 2361 1691 ut
2392 1635 2667 1692 caelestem
2700 1651 2920 1707 quoque
2951 1647 3198 1715 curatam
3234 1637 3321 1695 his
3343 1639 3413 1694 ab
3432 1656 3499 1694 eo

1845 1728 1888 1784 Β
1917 1728 2147 1785 salutem
2179 1728 2365 1799 pejore
2411 1728 2729 1784 conditione
2758 1744 2924 1798 quam
2956 1728 3310 1801 AEgyptiacas
3350 1731 3497 1787 cala-

1913 1823 2132 1878 mitates
2162 1822 2462 1889 haberent;
2487 1822 2535 1877 si
2562 1822 2794 1887 Mosen],
2830 1823 3075 1893 inquam,
3114 1832 3236 1894 post
3258 1824 3496 1895 obitum,

1914 1911 2011 1968 Dei
2037 1914 2209 1969 instar
2236 1914 2489 1969 venerari
2535 1915 2921 1974 moliebantur.
2955 1925 3012 1969 nt
3044 1930 3075 1969 a
3117 1917 3365 1987 mysticis
3402 1932 3497 1972 sa-

1913 2005 2135 2075 crisque
2179 2004 2399 2060 Litteris
2443 2005 2757 2070 discimus;
2790 2006 2975 2076 (quam
3011 2006 3081 2059 ob
3124 2021 3349 2061 causam
3407 2022 3499 2063 se-

1914 2097 2165 2167 pulcrum
2200 2098 2321 2168 ejus
2341 2098 2655 2152 Judzeorum
2680 2099 2856 2153 oculis
2893 2099 2958 2153 ad
2986 2099 3129 2152 hanc
3154 2114 3325 2169 usque
3349 2099 3495 2153 diem

1914 2188 2192 2243 invisibile
2228 2188 2682 2259 incognitumque
2716 2188 2839 2242 fuit.
2881 2187 3016 2242 Mire
3052 2188 3196 2243 enim
3241 2200 3497 2245 versutus

1912 2289 1996 2336 est
2044 2279 2111 2335 ad
2164 2281 2476 2335 nocendum
2529 2280 2804 2348 diabolus,
2849 2282 3131 2351 armisque
3180 2281 3349 2336 utitur
3382 2291 3496 2336 tum

1913 2372 2121 2428 dextris
2154 2379 2271 2426 tum
2299 2372 2465 2427 etiam
2505 2374 2750 2429 sinistris
2780 2384 2838 2428 ut
2869 2375 3171 2429 humanum
3202 2391 3375 2444 genus
3405 2376 3499 2431 de-

1913 2464 2105 2535 cipiat)
2152 2480 2335 2521 nonne
2375 2466 2660 2521 hominem
2701 2468 2792 2536 qui
2844 2467 3107 2535 majorem
3155 2468 3497 2537 tyrannidem

1914 2557 2227 2621 avertisset,
2276 2556 2495 2612 etiamsi
2541 2556 2791 2628 ejusdem
2839 2567 3050 2612 natura:
3092 2574 3218 2615 esse
3269 2563 3498 2626 scirent,

1914 2648 2009 2704 Dei
2043 2649 2166 2704 loco
2188 2648 2529 2705 coluissent?
2550 2649 2704 2703 Mitto
2731 2666 2879 2705 nunc
2908 2649 3063 2705 Pauli
3096 2651 3407 2721 exemplum
3427 2651 3497 2717 “,

1913 2742 2001 2796 cui
2053 2742 2269 2797 Ethnici
2332 2743 2676 2812 apotheosim
2737 2742 3131 2800 decernebant.
3169 2744 3303 2799 lllud
3353 2753 3501 2800 certe

1912 2834 2259 2904 exploratum
2284 2844 2391 2900 est,
2425 2834 2570 2888 haud
2608 2832 2849 2889 futuram
2882 2849 2914 2889 a
2942 2834 3094 2904 lapsu
3136 2836 3501 2892 resurrectio-

1913 2940 2086 2987 nem,
2144 2926 2241 2982 sed
2304 2926 2614 2996 graviorem
2668 2925 3207 2998 desperatioremque
3256 2929 3501 2984 ruinam.

1918 3016 2175 3072 Profecto
2220 3018 2520 3073 debitorem
2566 3032 2627 3074 se
2676 3018 2919 3088 profiteri
2956 3019 3098 3074 haud
3129 3021 3364 3078 fortasse
3402 3022 3502 3077 ab-

1922 3111 2153 3166 surdum
2205 3112 2507 3176 videretur,
2556 3111 2630 3165 ita
2688 3118 2749 3165 ut
2800 3111 2948 3180 quod
2998 3127 3128 3182 erga
3186 3110 3500 3169 Creatorem

1917 3212 2144 3273 propter
2192 3202 2455 3258 eximiam
2509 3201 2828 3271 dignitatem
2874 3201 3326 3274 divinitatemque
3381 3206 3503 3276 ejus

1918 3294 2125 3349 faciunt
2164 3303 2452 3360 creaturae,
2495 3293 2641 3347 idem
2683 3308 2911 3363 prorsus
2969 3309 3099 3364 erga
3155 3293 3502 3352 Servatorem

230 3389 457 3454 servati,
486 3403 612 3458 erga
638 3386 1066 3442 instauratorem
1097 3387 1392 3454 confracti,
1424 3386 1692 3444 facerent.
1725 3387 1906 3459 Atque
1941 3389 2057 3444 haec
2106 3403 2276 3444 causa
2322 3398 2408 3443 est
2473 3387 2831 3458 quamobrem
2896 3402 2966 3441 ne
3030 3390 3347 3458 angelorum
3375 3392 3503 3461 qui-

229 3482 356 3538 dem
411 3493 607 3537 natura
662 3482 892 3538 salutem
949 3483 1168 3552 generis
1226 3485 1403 3541 nostri
1452 3485 1815 3555 reparandum
1854 3487 2197 3556 susceperit;
2233 3488 2329 3541 sed
2357 3483 2451 3555 qui
2481 3483 2709 3539 Creator
2739 3482 2867 3548 fuit,
2900 3482 3042 3537 idem
3112 3494 3305 3540 auctor
3361 3503 3504 3557 quo-

228 3594 340 3650 que
374 3578 791 3634 instaurationis
821 3579 1177 3649 conspicitur.

303 3671 373 3743 γ’.
410 3674 621 3739 "sum;
651 3692 712 3729 τε
742 3676 864 3730 οὐδὲ
900 3677 1104 3732 δούλων
1133 3678 1280 3733 ἐστὶν
1312 3677 1434 3731 οὐδὲ
1472 3677 1810 3748 κτισμάτων,

1991 3677 2045 3732 5.
2086 3674 2304 3746 Alioqui
2345 3689 2522 3745 neque
2564 3689 2850 3731 servorum
2894 3682 2978 3728 est
3007 3687 3186 3743 neque
3221 3682 3503 3728 creatura-

228 3762 418 3835 ῶσπερ
445 3764 568 3819 οὐδὲ
589 3763 737 3819 λύειν
758 3765 1044 3837 βασιλικὰς
1074 3766 1171 3821 καὶ
1199 3766 1528 3830 δεσποτικὰς
1558 3768 1806 3834 ἐντολὰς,

1920 3782 2043 3821 rum
2076 3766 2223 3837 regia
2253 3775 2309 3820 et
2350 3765 2627 3820 dominica
2677 3765 2933 3819 mandata
2976 3763 3058 3818 vel
3110 3765 3375 3833 abrogare
3415 3766 3501 3820 vel

198 3856 405 3922 -οὖτως
430 3856 539 3911 οὐδ’
570 3857 728 3926 ἄγειν
760 3858 852 3911 ἐπὶ
875 3859 937 3911 τὸ
963 3859 1208 3929 ἄμεινον.
1259 3859 1369 3913 Καὶ
1393 3859 1503 3930 μὴν
1526 3859 1812 3931 ἄνθρωπος

1916 3860 2081 3914 etiam
2138 3858 2346 3928 majore
2413 3856 2747 3927 perfectione
2805 3856 3032 3910 donare.
3103 3854 3269 3924 Atqui
3334 3855 3501 3909 homo

228 3950 258 4002 ό
289 3948 525 4019 Χριστὸς
559 3946 802 4018 γεγονὼς
848 3949 987 4020 μετά
1016 3949 1127 4004 τῶν
1158 3949 1334 4004 ἀλλων
1368 3950 1572 4016 καλῶν,
1610 3950 1812 4022 μᾶλλον

1916 3949 2173 4005 Christus
2202 3948 2452 4013 effectus,
2490 3950 2596 4004 hoc
2645 3949 2789 4004 inter
2829 3959 3024 4004 caetera
3061 3948 3347 4014 beneficia,
3386 3948 3499 4003 imo

226 4038 287 4093 δὲ
327 4039 422 4092 καὶ
451 4038 560 4109 πρὸ
602 4037 814 4092 πολλῶν
851 4038 1027 4093 ἄλλων
1064 4039 1413 4111 εὐεργεσιῶν,
1453 4039 1581 4104 τοὺς
1620 4059 1812 4111 πατρι-

1916 4057 2027 4114 pra:
2052 4041 2175 4098 aliis
2205 4042 2414 4109 multis,
2443 4041 2658 4112 insigne
2690 4040 2841 4104 fecit,
2863 4040 3067 4109 patrias
3100 4055 3297 4108 nempe
3330 4042 3497 4111 leges,

229 4130 362 4194 κοὺς
390 4128 588 4199 νόμους
616 4128 714 4184 καὶ
737 4130 787 4182 οἱ
809 4129 1111 4199 τηνικαῦτα
1136 4133 1249 4194 τοῖς
1284 4129 1650 4203 Ἰσραηλίταις
1677 4134 1812 4205 μᾶ).-

1916 4148 2035 4204 qua:
2068 4144 2377 4206 temporum
2422 4135 2641 4190 illorum
2672 4134 2939 4190 lsraelitis
2967 4136 3500 4192 accommodatiores

225 4224 323 4278 λον
346 4221 613 4295 ἥρμοζον,
631 4222 725 4276 ἐπὶ
753 4222 814 4275 τὸ
837 4221 1165 4295 τελεώτερον
1190 4224 1645 4297 μεταρῤυθμίζει.
1690 4228 1811 4300 Ἑρο

1917 4237 2095 4293 erant,
2136 4227 2417 4283 meliorem
2450 4227 2516 4281 ad
2553 4226 2924 4282 conditionem
2959 4230 3254 4298 promovit.
3284 4229 3496 4285 Dictum

228 4314 371 4387 ῥήθη
413 4313 546 4385 τάρν
601 4314 759 4382 φησὶ,
809 4315 921 4376 τοῖς
952 4312 1225 4385 ἀρχαίοις,
1280 4333 1299 4366 ι
1334 4315 1409 4368 Οὐ
1444 4315 1748 4383 φονεύσεις,
1782 4334 1802 4368 ι

1918 4320 2121 4391 quippe
2171 4319 2348 4375 fuerat
2409 4321 2672 4391 antiquis,
2738 4339 2757 4373 ι
2796 4320 2912 4375 Non
2964 4322 3288 4389 occides“;
3321 4342 3341 4375 ι
3397 4339 3498 4394 ego

228 4406 343 4470 ἐγὼ
377 4404 435 4458 δὲ
478 4403 624 4475 λέγω
655 4406 784 4476 ὑμῖν
804 4406 966 4460 τάδε’
1007 4425 1025 4458 ι
1060 4406 1134 4460 Uti
1166 4406 1513 4478 μοιχεύσεις,
1552 4426 1573 4460 ι
1611 4407 1723 4478 ἐγὼ
1754 4407 1812 4462 δὲ

1917 4389 2213 4466 vero—dico
2241 4411 2399 4465 vobis
2449 4410 2553 4467 sic.
2614 4431 2632 4463 ι
2660 4411 2778 4466 Non
2827 4412 3297 4479 rnmchaberis“;
3329 4431 3349 4465 ι
3397 4429 3499 4482 ego

224 4497 379 4551 τάδε’
420 4515 439 4549 ι
488 4496 797 4568 Ὀφθαλμὸν
844 4497 967 4551 ἀντὶ
997 4498 1315 4571 ὀφθαλμοῦ,
1358 4518 1379 4552 ι
1418 4499 1531 4569 ἐγὼ
1558 4499 1617 4553 δὲ
1649 4499 1808 4555 τάδε’

1916 4518 2051 4558 vero
2080 4502 2206 4559 sic:
2245 4521 2263 4553 ι
2297 4500 2529 4557 Oculum
2579 4517 2679 4572 pro
2717 4503 2878 4558 oculo
2901 4502 2986 4569 “;
3027 4521 3047 4556 ι
3089 4519 3190 4573 ego
3225 4518 3353 4559 vero
3395 4505 3493 4559 sic.

226 4590 328 4644 καὶ
347 4588 417 4643 τὰ
442 4589 613 4661 μυρία
639 4590 825 4643 ἐκεῖνα
848 4587 885 4643 ἃ
910 4589 1047 4662 πρὸς
1071 4590 1172 4663 τὴν
1191 4590 1443 4646 ἀτέλειαν
1467 4590 1579 4646 τῶν
1605 4594 1812 4665 ἀκροα-

1917 4593 1987 4647 Ει
2012 4594 2118 4648 alia
2142 4593 2398 4665 plurima,
2426 4609 2549 4664 quae
2577 4610 2702 4649 cum
2735 4594 2866 4649 olim
2901 4610 3001 4664 pro
3023 4595 3364 4651 audientium
3394 4595 3498 4650 im-

226 4680 342 4734 τῶν
383 4681 801 4753 ὲνενομοθέτητο
845 4682 1052 4745 πάλαι,
1081 4684 1176 4736 ἐπὶ
1217 4682 1279 4737 τὸ
1309 4684 1556 4755 κρεῖττον
1594 4683 1711 4738 ἐστι
1744 4687 1810 4755 τῇ

227 4775 535 4845 Δεσποτικῇ
580 4773 859 4844 ἐπικρίσει
902 4774 1036 4846 όρᾷν
1063 4774 1378 4845 ἀνηγμένα·
1406 4773 1504 4829 καὶ
1533 4773 1694 4829 τοῦτο
1724 4776 1814 4831 διά

226 4881 290 4918 τε
313 4863 449 4919 ἄλλα
481 4863 672 4936 μυρία,
703 4865 798 4920 καὶ
823 4865 958 4919 διότι
984 4866 1094 4920 τῶν
1121 4865 1367 4921 παλαιῶν
1394 4866 1575 4938 νόμων
1602 4869 1814 4938 ἀμετα-

227 4956 469 5026 κινήτων
498 4954 779 5019 παντελῶς
812 4956 1103 5026 μενόντων,
1138 4957 1234 5011 καὶ
1266 4958 1300 5028 ή
1331 4956 1577 5011 πολιτεία
1609 4960 1643 5029 ἡ
1674 4958 1813 5032 αὐτὴ

227 5047 392 5115 λόγον
434 5042 580 5117 εῐχεν
616 5047 916 5116 ἀναγκαῖον
945 5050 1059 5113 τοῖς
1088 5050 1275 5120 νόμοις
1309 5050 1772 5116 συνδιασώζεσθαι
1795 5068 1811 5084 ο

228 5144 263 5212 ὴ
282 5142 340 5195 δὲ
358 5141 510 5195 οὐδὲν
525 5140 635 5194 τῶν
661 5141 957 5212 ὑπερφυῶν
977 5142 1072 5195 κα)⁹
1093 5141 1199 5196 ἀπε
1208 5140 1482 5214 ρβστερον
1502 5143 1815 5214 ύπερέλαμ-

226 5235 332 5305 ψεν
378 5232 505 5287 οὕτε
548 5232 778 5303 δύναμιν
832 5233 1083 5287 ἐπλούτει
1131 5234 1573 5305 παραδέξασθαιο
1625 5234 1812 5307 ῶσπερ

227 5325 352 5380 οὐδὲ
382 5324 647 5395 πρότερον
696 5324 907 5395 μυρίων
949 5324 1123 5397 αὐτὴν
1154 5324 1690 5398 παιδαγωγησάντων
1726 5343 1815 5381 νο-

231 5417 487 5491 μοθετῶν
503 5419 597 5471 καὶ
632 5417 930 5490 προφητῶν
963 5419 1057 5473 καὶ
1083 5418 1295 5473 πολλῶν
1324 5419 1501 5473 ἄλλων
1533 5417 1697 5490 ἱερῶν
1728 5418 1813 5473 δι-

226 5510 548 5581 δαγμάτων,
588 5506 700 5562 οὒτ’
745 5510 812 5563 ἂν
862 5509 943 5572 είς
976 5508 1128 5574 τέλος
1179 5510 1471 5583 προέϐαινε
1524 5508 1587 5563 τὸ
1632 5510 1813 5584 ἐγχεί-

1917 4684 2252 4755 perfectione
2287 4686 2495 4755 perlata
2524 4684 2781 4751 fuissent,
2821 4685 3048 4741 meliora
3078 4686 3204 4742 dein
3246 4701 3277 4741 a
3307 4686 3498 4741 Domi-

1917 4775 2057 4832 nicis
2095 4775 2333 4833 decretis
2382 4776 2522 4833 facta
2571 4790 2697 4833 esse
2743 4776 3015 4832 videmus.
3053 4776 3105 4832 ld
3137 4787 3318 4832 autem
3367 4793 3496 4833 cum

1916 4867 1986 4923 ob
2010 4868 2149 4924 alias
2176 4868 2478 4939 permultas
2504 4883 2702 4925 causas
2735 4868 3040 4925 factitatum
3077 4878 3180 4933 est,
3213 4878 3327 4924 tum
3352 4886 3496 4942 prae-

1915 4959 2077 5030 cipue
2098 4960 2229 5031 quia
2268 4960 2313 5016 si
2344 4961 2542 5031 prisca:
2578 4962 2726 5032 leges
2756 4961 2974 5017 intacta:
2996 4976 3226 5032 prorsus
3256 4963 3496 5019 mansis-

1914 5060 2059 5120 sent,
2099 5067 2258 5109 sacra
2305 5068 2527 5125 quoque
2558 5054 2869 5125 respublica
2908 5054 3223 5109 necessario
3256 5070 3381 5110 cum
3413 5055 3495 5110 le-

1916 5142 2079 5213 gibus
2123 5144 2502 5199 conservanda
2559 5142 2791 5211 fuisset;
2838 5158 2960 5215 qua
3005 5145 3297 5217 ceteroqui
3346 5145 3494 5200 nulla

1912 5237 1965 5289 vi
1998 5234 2233 5305 pollebat
2259 5237 2327 5290 ad
2361 5234 2676 5306 recipienda
2699 5237 3138 5308 supernaturalia
3161 5252 3284 5309 quae
3308 5248 3498 5307 postea

1911 5326 2235 5382 cﬂ‘ulserunt
2264 5327 2428 5383 bona.
2471 5325 2643 5383 Sicuti
2671 5343 2742 5385 ne
2773 5336 2934 5385 antea
2967 5329 3214 5401 quidem,
3253 5327 3501 5400 permul-

1914 5419 1984 5476 tis
2029 5420 2156 5475 licet
2190 5420 2571 5477 erudientibus
2617 5436 2739 5477 eam
2786 5422 3262 5495 legumlatoribus,
3312 5430 3499 5476 orato-

1913 5511 2083 5571 ribus.
2146 5520 2310 5583 atque
2364 5513 2670 5584 prophetis,
2721 5514 2957 5587 aliisque
3009 5513 3263 5587 pluribus
3321 5510 3500 5569 sacris

301 5684 347 5721 “
371 5690 490 5743 Act.
525 5703 638 5755 xiv,
678 5686 761 5742 l0.
852 5688 896 5720 δ’
921 5686 1114 5745 Matth.
1146 5705 1199 5757 v,
1233 5689 1326 5745 21.
1402 5689 1449 5722 “
1469 5689 1603 5747 ibid.
1637 5691 1728 5746 27.
1805 5690 1853 5725 “
1876 5689 2013 5749 ibid.
2046 5691 2138 5747 38.
2170 5692 2237 5726 ’⁵⁸⁸
2271 5694 2290 5748 1
2326 5692 2475 5752 Petr.
2512 5711 2552 5761 ι,
2585 5695 2673 5751 12.
