3908 6214
459 271 563 335 92⁵1

1610 260 1874 320 ΡΗΟΤΙΙ
1913 210 2415 320 ΡΑΤΒΙΑΗΟΗιἘ
2454 259 2560 318 CP.

3628 255 3736 317 933

446 384 752 447 doctrinis,
817 380 1093 435 institutio
1146 386 1328 433 tamen
1396 377 1461 430 ad
1524 390 1684 430 suum
1746 392 2027 445 nunquam

2140 392 2326 446 ρημασ
2372 375 2507 428 ἀλλὰ
2550 374 2747 444 μάτην,
2788 375 2948 445 εἴπερ
2977 376 3035 427 ἐν
3081 374 3194 437 τοῖς
3228 372 3412 436 αὐτοῖς
3452 373 3483 425 ό
3514 372 3731 444 ἀνθρὼ-

449 478 661 548 apicem
724 472 893 527 venit.
950 472 1319 537 Quamobrem
1384 469 1429 523 si
1492 468 1732 521 humana
1806 467 1916 521 vita
1984 467 2038 522 in

452 569 644 625 iisdem
676 567 878 620 ritibus
912 565 1324 634 permansisset,
1356 559 1668 615 Servatoris
1700 558 1943 613 studium
1982 569 2038 613 et

450 656 848 713 sollicitudines
878 654 931 707 in
961 669 1177 708 cassum
1207 652 1379 706 fuisse
1409 657 1883 718 coarguerentur;
1912 648 2037 717 quia

449 747 727 802 humanus
762 754 993 800 conatus
1029 744 1160 798 nihil
1208 742 1411 813 grande
1441 741 1711 797 conﬁcere
1736 748 1932 810 potest.
1970 738 2035 794 Et

450 841 668 911 quidem
712 837 896 893 servili
932 845 1199 891 creaturae
1230 849 1406 904 neque
1437 832 1698 903 possibile
1736 841 1817 886 est
1859 845 2036 901 neque

452 934 705 1003 impune,
741 928 1015 984 Creatoris
1050 943 1113 980 ac
1158 920 1370 980 Domini
1425 926 1569 995 leges
1616 925 1669 978 in
1724 924 1885 977 aliam
1935 924 2036 977 for-

452 1038 595 1075 mam
630 1030 939 1090 pervertere
966 1032 977 1069 :
1011 1017 1103 1071 sed
1130 1017 1179 1068 ei
1207 1016 1426 1070 demum
1459 1017 1584 1085 quia
1619 1030 1713 1069 sua
1743 1015 2029 1068 clementia

454 1122 764 1166 commotus
803 1121 1070 1165 creatura:
1120 1108 1350 1162 salutem
1402 1107 1801 1176 procurandum
1847 1122 2034 1161 susce-

452 1202 553 1271 pit,
593 1200 998 1254 Dominicarum
1035 1212 1256 1267 quoque
1302 1194 1481 1265 legum
1534 1196 1855 1250 reformatio
1901 1212 2034 1250 con—

452 1294 644 1356 venit,
700 1290 1038 1344 Dominicam
1089 1284 1299 1343 scilicet
1362 1297 1686 1356 potestatem
1741 1304 1769 1342 a
1825 1297 2039 1342 suamet

2136 481 2286 530 πινος
2318 466 2532 537 διέμενε
2564 464 2698 537 βίος,
2728 466 2761 536 ἡ
2789 466 2889 535 τῆς
2917 468 3191 538 σωτηρίας
3222 465 3494 536 προϊοῦσα
3520 465 3730 535 σπουδή

2132 559 2227 612 καὶ
2270 558 2615 628 ἐπιχείρησις
2661 557 3011 629 διηλέγχετο,
3066 560 3164 628 τῆς
3217 558 3316 628 μὲν
3366 557 3728 627 ἀνθρωπῖνης

2133 650 2441 718 φιλοτιμίας
2466 648 2617 703 οὐδὲν
2643 648 2975 717 ἐξανυούσης
3002 649 3168 717 μέγα,
3201 650 3295 701 ᾰτε
3326 649 3463 718 μήτε
3498 648 3732 701 δυνατὸν

2133 743 2230 814 τὴν
2252 742 2447 814 δούλην
2500 743 2680 796 κτίσιν
2719 740 2854 811 μηδὲ
2896 741 3102 811 τόλμης
3151 740 3464 802 ἀνεύθυνον,
3493 742 3588 793 τοῦ
3622 740 3731 808 Ar,-

2143 835 2407 905 μιουργοῦ
2461 835 2554 888 καὶ
2588 833 2859 886 Δεσπότου
2918 834 3121 903 νόμους
3178 832 3548 902 μετακοσμεῖν
3602 832 3730 881 ἐπι-

2132 929 2367 996 χειρεῖν’
2419 926 2497 997 τῷ
2547 925 2732 995 μέντοι
2789 925 2890 994 τὴν
2930 963 2941 982 .
2977 924 3257 994 σωτηρίαν
3300 922 3391 976 διὸ.
3440 920 3730 989 σπλάγχνα

2133 1016 2319 1079 ἐλέους
2349 1016 2809 1087 κατεργαζομένῳ
2831 1016 2925 1070 τοῦ
2962 1015 3307 1085 πλάσματος,
3339 1013 3374 1083 ἦ
3404 1030 3463 1066 τε
3490 1012 3602 1065 τῶν
3630 1015 3727 1063 As—

2135 1109 2410 1163 σποτικῶν
2442 1110 2622 1179 νόμων
2646 1110 3058 1180 μετακόσμησις
3082 1109 3365 1179 πρέπουσα
3396 1105 3494 1176 τὴν
3521 1108 3731 1157 Δεσπο-

2133 1201 2290 1272 τικὴν
2317 1200 2564 1267 ἐξουσίαν
2589 1202 2730 1255 κατὰ
2760 1202 2923 1272 φύσιν
2952 1202 3152 1273 ἔχοντι,
3188 1201 3281 1252 καὶ
3310 1200 3410 1269 τῆς
3444 1197 3729 1259 πολιτείας

2144 1295 2301 1363 ῥᾳδία
2340 1311 2398 1348 τε
2423 1296 2518 1348 καὶ
2545 1296 2801 1366 ἁρμόδιος
2833 1297 2865 1366 ὴ
2900 1296 3036 1366 πρὸς
3065 1296 3125 1346 τὸ
3152 1294 3361 1364 βέλτιον
3393 1293 3725 1351 ἀνανέωσις.

460 1397 657 1443 natura
690 1382 913 1436 habenti
947 1398 959 1434 :
993 1380 1277 1447 eidemque
1308 1376 1583 1448 perfacilis
1610 1386 1695 1432 est
1759 1386 1812 1432 et
1869 1392 2107 1447 congrua
2150 1384 2492 1450 publicorum
2538 1401 2824 1440 sacrorum
2877 1386 2943 1439 ad
2984 1385 3265 1440 meliorem
3303 1397 3504 1440 statum
3543 1394 3731 1436 trans-

455 1480 608 1537 latio.

523 1571 577 1624 4.
622 1568 769 1621 Talis
807 1568 1026 1634 insuper
1072 1566 1315 1632 tantique
1363 1563 1568 1616 amoris
1609 1561 2032 1625 demonstratio,

2211 1565 2273 1617 δ’.
2336 1563 2455 1617 Ἔτι
2514 1578 2577 1631 γε
2631 1562 2736 1634 μὴν
2782 1563 2883 1632 τῆς
2920 1562 3191 1634 τοσαύτης
3246 1563 3342 1618 καὶ
3390 1563 3733 1633 τηλικαύτης

453 1660 761 1731 eujnsmodi
787 1659 839 1711 iu
876 1657 1249 1712 exinanitione
1286 1656 1406 1724 ejus
1434 1671 1594 1724 quem
1628 1655 1896 1709 exinaniri
1930 1670 2034 1708 non

2143 1658 2363 1727 ἀγάπης
2393 1658 2424 1727 ἡ
2457 1653 2703 1721 ἔνδειξις,
2730 1658 2795 1728 ἦν
2824 1656 2912 1710 διὰ
2934 1656 2993 1708 τὸ
3027 1656 3331 1726 κενωθῆναι
3357 1656 3423 1709 δι’
3459 1658 3609 1726 ἡμᾶς
3637 1658 3735 1706 τ’,ν

453 1758 617 1823 posse
653 1748 916 1813 vidimus,
948 1748 1037 1815 qui
1074 1746 1187 1801 fieri
1222 1754 1437 1815 poterat
1474 1754 1531 1798 ut
1564 1746 1616 1798 in
1652 1744 1903 1797 notitiam
1942 1760 2041 1797 no-

456 1852 627 1899 stram
657 1841 889 1905 veniret,
931 1837 1015 1891 vel
1052 1845 1109 1890 ut
1139 1836 1495 1906 providentia:
1530 1849 1657 1905 erga
1695 1850 1795 1889 nos
1824 1835 2041 1904 magni-

457 1932 701 1985 tudinem
732 1942 1214 1998 cognosceremus,
1267 1926 1310 1979 si
1344 1925 1488 1979 Deus
1529 1939 1747 1994 operam
1778 1925 2038 1990 dedisset,

458 2031 517 2076 ut
548 2023 617 2075 ab
646 2021 776 2087 alio,
811 2026 1006 2089 praeter
1032 2032 1111 2081 se,
1170 2017 1414 2086 quolibet
1445 2031 1792 2070 communem
1827 2015 2041 2085 generis

459 2114 692 2169 salutem
748 2108 1206 2180 impetraremus?
1256 2106 1443 2176 Neque
1490 2122 1619 2160 sane
1667 2106 1749 2159 vel
1786 2107 2042 2176 angelicas

458 2203 561 2275 ipsi
599 2213 806 2258 natura:
838 2217 1160 2256 concessum
1198 2200 1318 2265 fuit,
1357 2211 1417 2255 ut
1457 2210 1566 2254 tam
1605 2202 1805 2269 grande
1837 2210 1891 2255 et
1920 2200 2042 2254 uni-

458 2296 671 2349 versale
703 2294 1023 2365 mysterium
1061 2293 1164 2347 sibi
1197 2293 1513 2347 vindicaret.
1554 2290 1687 2346 Nam
1729 2294 1831 2348 etsi
1865 2292 2040 2364 angeli

464 2390 600 2442 lines
628 2388 871 2457 gentium
906 2386 1108 2456 singuli
1158 2385 1401 2453 singulos
1432 2384 1822 2441 custodiendos
1863 2385 2038 2440 sortiti

463 2491 612 2544 sunt,
664 2478 891 2531 minime
935 2488 1116 2530 tamen
1168 2476 1407 2530 universi
1454 2476 1668 2546 generis
1715 2476 2041 2545 gubernatio

450 2570 543 2623 Vel
580 2570 908 2624 instauratio
950 2567 1264 2622 concredita
1312 2567 1503 2621 iisdem
1556 2576 1660 2621 est.
1701 2565 1868 2621 Multo
1912 2582 2041 2621 vero

464 2661 646 2715 minus
696 2658 930 2729 simplici
980 2658 1188 2711 immitti
1237 2658 1288 2712 id
1337 2657 1517 2710 facere
1569 2656 1746 2719 licuit,
1791 2657 2042 2723 quamvis

458 2751 758 2804 virtutibus
782 2750 926 2802 inter
956 2759 1183 2802 caeteros
1217 2745 1577 2816 prrefulgenti.
1611 2746 1868 2800 Videmus
1894 2745 2040 2798 enim

460 2844 544 2897 vel
583 2859 649 2898 ex
678 2844 760 2897 his
797 2841 1187 2895 celeberrimos
1214 2842 1306 2892 uni
1348 2853 1490 2907 saape
1530 2837 1697 2907 genti,
1730 2846 1783 2891 et
1821 2835 2038 2904 quidem

462 2951 570 2990 non
595 2935 819 2988 maximi
848 2934 1084 2996 numeri,
1111 2932 1359 3000 regenda:
1381 2929 1841 2998 instituentlaaque
1871 2927 2040 2980 fuisse

461 3025 822 3096 prwpositos;
854 3032 1018 3091 atque
1052 3021 1155 3074 hoc
1184 3020 1303 3089 ipso
1331 3034 1557 3073 munere
1592 3034 1698 3072 non
1742 3017 1861 3071 sine
1890 3016 2039 3069 defe-

460 3130 556 3171 ctu
594 3116 779 3184 aliquo
827 3114 997 3168 fuisse
1031 3111 1343 3167 defunctos.
1389 3109 1592 3165 Mosem
1642 3110 1768 3163 licet
1808 3108 2035 3178 cogites,

462 3209 548 3261 vel
585 3208 748 3276 hujus
787 3220 1165 3260 successorem
1205 3202 1453 3267 Josuam,
1494 3202 1576 3254 vel
1611 3201 1780 3254 alium
1803 3199 2039 3269 quemli-

465 3301 557 3354 bet
585 3315 651 3353 ex
686 3300 753 3353 iis
782 3298 876 3367 qui
906 3297 1083 3367 gentis
1124 3297 1384 3350 ducatum
1432 3297 1862 3363 capessiverunt.
1897 3290 2039 3345 Prte-

462 3404 546 3448 ter
580 3408 742 3463 quam
774 3393 917 3461 quod
974 3405 1059 3445 res
1092 3404 1308 3460 quoque
1349 3388 1611 3449 maxima,
1659 3392 1930 3454 qumquot
1970 3398 2035 3438 ex

463 3485 614 3540 omni
653 3499 769 3539 aevo
803 3485 954 3538 mirae
986 3483 1230 3544 fuerunt,
1260 3495 1495 3550 vereque
1526 3480 1648 3549 plus
1676 3492 1840 3547 quam
1873 3480 2039 3533 mira-

462 3578 609 3642 bilis,
642 3578 777 3631 satis
811 3577 934 3630 vilis
966 3576 1254 3640 evasisset,
1302 3572 1548 3643 nihilque
1576 3571 1861 3626 habuisset
1888 3570 2033 3640 quod

459 3670 658 3725 merito
706 3670 1133 3739 suspiceremus.
1168 3666 1305 3722 Nam
1338 3667 1384 3722 si
1420 3674 1668 3720 creatura
1711 3678 1836 3718 cum
1880 3676 2035 3718 crea-

460 3762 598 3816 turis
631 3769 903 3823 versetur,
928 3760 1050 3815 etsi
1077 3761 1369 3829 quisquam
1402 3770 1672 3813 conservo
1699 3770 1799 3809 suo
1831 3754 2029 3822 faveat,

458 3852 596 3904 nihil
622 3851 751 3905 inde
779 3850 1052 3904 inetlabile
1080 3852 1350 3920 sequitur,
1380 3866 1481 3905 nec
1519 3849 1666 3919 quod
1696 3863 1794 3903 sua
1827 3847 2033 3901 incom-

458 3941 815 4011 prehensibili
842 3941 1049 4011 ditique
1069 3941 1358 3996 clementia
1382 3940 1798 3995 admirationem
1832 3940 2029 4008 pariat.

455 4034 569 4088 Cur
609 4036 758 4087 enim
798 4034 1025 4097 mirum,
1077 4035 1159 4088 vel
1203 4049 1303 4089 cur
1336 4030 1889 4102 incomprehensibile
1937 4031 2029 4093 sit,

457 4128 525 4177 ah
555 4124 750 4193 angelo
783 4133 1035 4178 naturam
1064 4124 1304 4179 hominis
1335 4124 1580 4179 assumi?
1611 4122 1848 4192 Uterque
1882 4123 2029 4177 enim

360 4225 364 4231 '
459 4228 764 4269 conservus
815 4222 919 4279 est,
979 4223 1207 4284 uterque
1258 4214 1580 4268 mutationis
1612 4228 1825 4283 capax:
1856 4228 2031 4283 quan-

2143 1748 2409 1800 ὰκένωτον
2432 1746 2695 1815 ἔγνωμεν,
2724 1745 2888 1798 πόθεν
2915 1744 2981 1798 ἂν
3003 1749 3084 1808 εἰς
3102 1746 3305 1821 γνῶσιν
3330 1746 3479 1816 ἡμᾶς
3503 1748 3729 1814 ἀφῖκτο,

2141 1838 2173 1908 ἢ
2206 1838 2305 1907 τῆς
2334 1838 2475 1907 ,περὶ
2514 1837 2663 1906 ἡμᾶς
2693 1835 2858 1889 αὑτοῦ
2894 1837 3152 1906 προνοίας
3191 1835 3253 1888 τὸ
3283 1834 3517 1904 μέγεθος
3549 1836 3731 1903 ἐγνω-

2146 1927 2388 1998 ρίζομεν,
2430 1928 2478 1979 εἰ
2511 1927 2579 1996 δι’
2620 1926 2809 1998 ἑτέρου
2837 1927 2981 1990 τινὸς
3020 1926 3257 1980 ἐδικαὲου
3287 1926 3386 1997 τὴν
3413 1927 3600 1998 κοινὴν
3632 1925 3729 1980 τοῦ

2141 2018 2331 2086 γένους
2357 2018 2634 2089 σωτηρίαν
2682 2021 2832 2089 ἡμᾶς
2867 2018 3155 2083 δέξασθαι;
3187 2019 3263 2071 Οὐ
3300 2020 3486 2089 μέντοι
3522 2037 3585 2088 γε
3612 2018 3731 2072 οὐδ’

2142 2110 2437 2180 ἀγγελικῆς
2468 2111 2684 2179 φύσεως
2719 2112 2963 2181 ἐνεργεῖν
2991 2112 3050 2163 τὸ
3083 2112 3225 2181 μέγα
3250 2111 3413 2164 τοῦτο
3444 2113 3539 2165 καὶ
3575 2129 3728 2179 παγ-

2143 2198 2370 2269 κόσμιον
2406 2200 2735 2270 μυστήριον·
2773 2200 2821 2252 οἳ
2851 2202 2990 2253 κατά
3036 2201 3103 2253 τὰ
3131 2201 3258 2269 ὅρια
3293 2200 3405 2253 τῶν
3427 2201 3598 2254 ἐθνῶν
3620 2202 3729 2257 ἀνὰ

2141 2291 2371 2355 ἕκαστος
2417 2293 2595 2345 αὐτῶν
2626 2292 2724 2362 τὴν
2773 2293 3095 2345 ἐπιστασίαν
3134 2292 3523 2363 ἐκληρώσαντο
3548 2333 3562 2356 ,
3606 2294 3729 2346 ἀλλ’

2141 2385 2261 2455 οὐχὶ
2294 2384 2387 2436 τοῦ
2424 2384 2624 2445 παντὸς
2664 2382 2855 2451 γένους
2886 2382 2984 2453 τὴν
3032 2383 3363 2453 κυϐέρνησιν
3390 2384 3505 2454 (81)
3557 2387 3632 2452 μή
3674 2384 3729 2434 τε

2142 2493 2206 2545 γε
2236 2477 2332 2545 τὴν
2375 2476 2679 2529 ἀνάπλασιν
2713 2474 3132 2543 ἐπιστεύθησαν.
3181 2474 3258 2527 Οὐ
3301 2474 3408 2545 μὴν
3455 2476 3573 2527 ἀλλ’
3600 2475 3727 2528 οὑδὲ

2143 2568 2323 2640 πολλῷ
2355 2569 2555 2639 μᾶλλον
2589 2566 2875 2638 ἀνθρώπου
2907 2566 3065 2635 ψιλοῦ
3084 2610 3098 2633 ,
3141 2570 3190 2620 si
3225 2567 3320 2620 καὶ
3348 2570 3470 2629 ταῖς
3500 2569 3727 2637 ἀρεταξ

3401 2659 3569 2731 ὀρᾷν
3615 2660 3725 2729 τὰρ

2142 2752 2293 2807 ἔστιν
2344 2752 2524 2807 αὐτῶν
2578 2753 2703 2815 τοὺς
2760 2752 3223 2819 ἐπιφανεστάτους
3277 2751 3539 2815 πολλάκις
3604 2753 3727 2813 ἐνὸς

2141 2842 2326 2904 ἔθνους
2345 2845 2466 2897 οὐδέ
2491 2844 2747 2914 μεγίστου
2771 2844 3306 2908 καταπιστευθέντας
3333 2845 3722 2913 παιδαγωγεαν

2142 2952 2213 2989 κα
2260 2938 2607 3007 κυόέρνησιν,
2652 2935 2745 2989 καὶ
2790 2935 2911 2989 οὐδὲ
2954 2934 3158 3007 ταύτην
3200 2938 3506 3007 ἀμέμπτως
3555 2938 3725 3007 μέχρι

2143 3026 2328 3089 τέλους
2343 3026 2726 3091 ἐξανύσαντας.
2748 3026 2947 3080 Μωσέα
2972 3031 3082 3091 τοῖς
3098 3028 3399 3098 λογισμοῖς,
3437 3030 3486 3080 εἰ
3515 3029 3724 3099 βούλει,

2144 3117 2273 3171 λάϐε
2315 3119 2409 3170 καὶ
2446 3118 2535 3171 τὸν
2571 3119 2687 3189 μετ’
2727 3121 2930 3172 ἐκεῖνον
2996 3120 3222 3190 Ἰησοῦν,
3274 3124 3369 3174 καλ⁵
3415 3124 3529 3176 ὅσοι
3574 3124 3724 3176 ἄλλοι

2142 3210 2239 3281 τὴν
2270 3210 2594 3264 ἐπιστασίαν
2636 3209 2731 3263 τοῦ
2773 3211 2960 3276 ἔθνους
3019 3213 3485 3284 ἐνεχειρίσθησαν.
3523 3215 3631 3267 Ναὶ
3658 3215 3723 3285 δὴ

2144 3302 2281 3371 πρὸς
2319 3302 2527 3365 τούτοις
2557 3302 2651 3355 καὶ
2692 3302 2753 3356 τὸ
2801 3306 3060 3373 μέγιστον
3096 3305 3203 3357 τῶν
3252 3306 3357 3358 ἀνὰ
3408 3307 3591 3360 πάντα
3631 3307 3725 3359 τὸν

2141 3394 2315 3446 αἰῶνα
2361 3394 2690 3462 θαυμαστῶν
2720 3398 2814 3448 καὶ
2852 3399 2928 3458 ὼς
2970 3395 3187 3466 ἀληθῶς
3237 3397 3720 3469 ὑπερθαύμασττν,

2141 3490 2221 3552 εις
2275 3486 2549 3541 εὐτέλειαν
2610 3488 2678 3542 ἂν
2727 3488 2824 3542 καὶ
2879 3487 3033 3541 οὐδὲν
3091 3489 3279 3560 θαῦμα
3334 3492 3723 3561 παρεχομένην

2141 3580 2338 3651 πρᾶξιν
2368 3582 2647 3647 ἐξέπιπτε.
2692 3582 2938 3645 Κτίσεως
2968 3582 3078 3652 γὰρ
3108 3583 3284 3635 κτίσει
3309 3584 3599 3654 συνιούσης
3628 3585 3721 3637 καὶ

2141 3672 2661 3745 προσλαμϐανούσης
2681 3673 2743 3727 τὸ
2763 3674 3070 3742 ὁμόδουλον,
3095 3674 3247 3728 οὐδὲν
3270 3674 3396 3729 οὔτε
3418 3676 3528 3731 τῶν
3550 3676 3721 3748 ἁπορέ

2140 3767 2319 3835 ρήτων
2363 3765 2689 3836 παρέπεται,
2727 3765 2852 3819 οὔτε
2884 3765 3068 3838 θαῦμα
3096 3768 3175 3837 τῷ
3220 3767 3597 3839 ἀκαταλήπτφ
3626 3770 3718 3821 καὶ

2136 3856 2214 3926 τῷ
2243 3856 2457 3927 πλούτῳ
2488 3857 2585 3926 τῆς
2613 3856 3028 3927 φιλανθρωπίας
3052 3859 3154 3930 τὴν
3186 3858 3453 3928 ἔκπληξιν
3482 3861 3717 3929 παρεχό-

2142 3967 2325 4021 μενον.
2372 3950 2437 4002 Τί
2470 3950 2581 4019 γὰρ
2625 3951 2859 4016 ἄγγελον
2909 3934 3241 4019 θαυμαστὸν,
3273 3950 3327 4004 τι
3354 3951 3412 4004 δὲ
3441 3952 3552 4005 τῶν
3582 3952 3712 4022 eis-

2138 4061 2310 4107 πτων,
2331 4042 2621 4111 ἀνθρώπου
2647 4042 2809 4110 φύσιν
2832 4043 3360 4114 προσοικειώσασθαι
3381 4062 3396 4108 ;
3422 4046 3715 4113 κτίσματι

2135 4135 2244 4206 γὰρ
2273 4136 2441 4206 ἄμφω
2467 4134 2561 4187 καὶ¹
2592 4133 2873 4205 ὁμόδουλοι
2897 4135 2991 4187 καὶ
3016 4136 3228 4206 τροπῆς
3259 4136 3585 4206 μετέχοντες
3606 4153 3620 4166 ·
3666 4137 3711 4187 ει

2134 4226 2230 4278 καὶ
2269 4227 2297 4277 ὁ
2341 4223 2440 4294 μὲν
2482 4223 2703 4293 μᾶλλον,
2734 4225 2763 4277 ό
2792 4223 2849 4276 δὲ
2882 4224 3172 4294 τετίμηται
3209 4222 3269 4277 τὸ
3303 4225 3633 4278 ἐπέλαττον·
3666 4226 3711 4278 εἰ

2142 2661 2278 2731 πρὸς
2324 2661 2450 2724 τοὺς
2507 2660 2698 2723 ἄλλους
2741 2659 2897 2730 φέρει
2945 2659 3007 2712 τὸ
3043 2660 3321 2731 διάφορον.

454 4321 618 4374 quam
642 4308 779 4361 alter
820 4306 1051 4375 majore.
1099 4306 1236 4362 alter
1269 4306 1484 4361 minore
1532 4306 1768 4361 atlicitur
1801 4306 2025 4360 honore.

2140 4316 2190 4369 δὲ
2218 4315 2448 4385 cpeme
2475 4313 2755 4383 ἑκάτερος,
2788 4314 2981 4384 ἄδηλόν
3003 4314 3055 4381 γ’
3079 4314 3184 4377 ἕως
3212 4314 3313 4383 τῆς
3341 4312 3595 4376 ἐνὼσεως
3621 4332 3711 4383 γε·

460 4396 651 4453 Utrum
690 4412 821 4453 vero
859 4408 1095 4469 uterque
1126 4400 1498 4456 convertibilis
1545 4401 1636 4466 sit,
1668 4400 1858 4454 lateret
1896 4415 2029 4454 sane

455 4505 633 4560 usque
680 4490 745 4544 ad
786 4491 1230 4559 coniunctionem
1264 4500 1567 4560 patratam;
1623 4492 1731 4547 nisi
1767 4491 2028 4547 adversus

452 4582 832 4652 praevalentem
880 4597 1008 4650 pars
1055 4582 1284 4636 interior
1326 4584 1498 4637 eidem
1551 4582 1782 4637 obnoxia
1815 4583 2024 4636 lancem

452 4673 777 4739 inclinaret;
831 4672 914 4725 vel
964 4672 1070 4727 nisi
1113 4673 1364 4728 nobiliori
1396 4675 1535 4744 parti
1567 4673 1897 4743 'prmvaleret
1924 4673 2021 4727 de-
2108 4714 2112 4717 -

452 4764 644 4818 terior.

516 4855 575 4908 5.
636 4853 741 4908 Sed
793 4853 939 4907 enim
1000 4869 1195 4924 parum
1255 4852 1427 4908 abfuit
1491 4854 1627 4923 quin
1678 4853 2030 4908 obliviscerer

448 4962 635 5002 causa:
665 4947 983 5017 potissimm,
1013 4963 1113 5003 cur
1142 4948 1186 5001 si
1217 4946 1442 5017 angelus
1475 4956 1569 5000 aut
1599 4947 1831 5016 simplex
1862 4947 2029 5001 homo

451 5050 781 5107 recuperare
827 5054 928 5093 nos
966 5056 996 5094 a
1040 5041 1194 5109 lapsu
1235 5040 1457 5094 molitus
1486 5048 1652 5101 esset.
1687 5054 2029 5108 nequaquam

450 5128 626 5182 salute
664 5128 768 5182 frui
803 5146 1093 5200 possemus
1126 5150 1140 5184 :
1190 5132 1392 5200 quippe
1424 5131 1552 5197 quia
1584 5130 1951 5200 pulcherrima
1979 5138 2033 5183 et

449 5220 847 5289 pretiosissima
890 5228 945 5277 et
990 5222 1252 5278 ineﬂ‘abili
1302 5222 1475 5292 gloria
1518 5222 1819 5276 humanum
1852 5234 2022 5291 genus

446 5312 743 5370 excideret.
778 5315 1065 5380 Quomodo
1096 5316 1149 5369 id
1193 5317 1274 5370 vel
1305 5328 1468 5385 quam
1504 5316 1574 5369 ob
1598 5315 1859 5370 causam?
1889 5312 2019 5383 quia

447 5404 657 5460 scilicet
694 5421 765 5462 ne
793 5408 1054 5465 accedere
1089 5406 1313 5478 quidem
1362 5408 1562 5464 nedum
1604 5407 1912 5478 pertingere
1950 5404 2020 5460 ad

2130 4406 2468 4477 γενημένηςο
2501 4406 2550 4458 si.
2579 4404 2654 4476 μὴ
2684 4406 2820 4476 πρὸς
2850 4405 2946 4475 τὴν
2973 4406 3377 4475 ἐπικρατοῦσαν
3416 4408 3630 4476 τροπὴν
3656 4409 3711 4459 τὸ

2131 4502 2424 4557 ἐπέλαττον
2444 4502 2616 4573 αὐτῆς
2647 4505 2916 4574 μετασχὸν
2948 4504 3104 4558 λάϐοι
3128 4505 3227 4574 τὴν
3251 4504 3447 4574 ῥοπὴν,
3485 4506 3518 4574 ἦ
3555 4505 3709 4573 εἴπερ

2129 4596 2491 4666 ἐπικρατήσοι
2514 4596 2608 4648 τοῦ
2639 4596 2884 4660 πλείονος
2906 4596 2968 4650 τὸ
2997 4596 3316 4651 ἐπέλαττον.

2203 4860 2267 4908 ε’.
2320 4854 2481 4909 Ἀλλὰ
2518 4854 2629 4927 γὰρ
2659 4853 2856 4925 μικροῦ
2890 4872 2957 4925 με
2988 4854 3268 4925 παρῆλθεν
3296 4858 3326 4925 ἡ
3363 4857 3516 4909 αἰτία
3546 4853 3618 4909 δι’
3644 4857 3709 4925 ἦν

2132 4949 2371 5018 μάλιστα
2411 4948 2570 5018 εἴπερ
2618 4940 2849 5017 ἄγγελος
2890 4949 2922 5020 ἢ
2980 4949 3137 5019 ψιλὸς
3169 4950 3455 5020 ἄνθρωπος
3491 4952 3705 5021 ἀνασώέ

2132 5040 2325 5093 σασθαι
2354 5041 2504 5111 ἡμᾶς
2528 5037 2626 5093 τοῦ
2654 5038 2944 5109 πτώματος
2974 5040 3362 5111 πῳεὸέὸλητο,
3389 5042 3512 5112 οὐχὶ
3538 5060 3705 5111 σωτη-

2132 5132 2253 5202 ρίας
2300 5131 2503 5200 μᾶλλον
2544 5130 2926 5202 ἀπηλαύομεν,
2972 5132 3108 5186 ἀλλὰ
3144 5132 3241 5185 τοῦ
3272 5134 3564 5188 καλλίστου
3614 5137 3704 5190 καὶ

2126 5220 2460 5290 τιμιωτάτου
2491 5221 2584 5273 καὶ
2610 5219 2707 5291 τῆς
2734 5220 3290 5292 ἀνεκφράστουζδόξης
3308 5222 3370 5275 τὸ
3393 5224 3548 5292 γένος
3577 5242 3703 5278 κατ·

2130 5312 2348 5366 έπιπτε.
2396 5312 2523 5375 Πῶς
2554 5312 2614 5365 δὲ
2671 5313 2766 5366 καὶ
2792 5312 2881 5366 διὰ
2908 5313 3071 5367 ποίαν
3102 5313 3325 5380 αἱτίανς
3383 5314 3573 5387 ὅτιπερ
3603 5318 3699 5369 οὐκ

2126 5399 2195 5474 ἦν
2225 5407 2358 5474 ἡμῖν
2375 5403 2602 5459 δυνατὸν
2630 5403 2752 5459 οὐδὲ
2775 5406 2942 5474 ἐγγὺς
2967 5407 3151 5475 τυχεῖν
3174 5404 3260 5470 οἷς
3282 5406 3379 5461 νῦν
3410 5408 3507 5462 τοῦ
3528 5409 3696 5475 Λόγου

1956 5557 2184 5621 NOTAE,

521 5682 632 5752 (81)
658 5681 901 5737 Notauda
930 5688 1012 5732 est
1038 5679 1149 5731 haec
1172 5674 1348 5731 Photii
1372 5676 1437 5733 de
1457 5676 1777 5733 custodibus
1802 5677 2008 5746 angelis
2047 5679 2319 5733 doctrina.
