3908 6214
291 248 406 313 929

1213 240 1313 299 AD
1367 237 1951 313 AMPHILUClllUM
1991 238 2335 309 QUESTIO
2372 238 2599 299 CXCII.

3438 238 3543 301 930

292 346 674 422 σαρκωθέντος
703 346 1059 420 ἐντρυφῶμεν
1085 348 1181 401 καὶ
1213 347 1559 416 ἀπολαύομεν
1597 346 1704 399 τῶν
1736 348 1861 418 ὑπὲξ

1977 348 2067 402 illa
2114 348 2255 401 bona
2303 348 2516 414 liceret,
2554 346 2755 418 quibus
2797 361 2965 412 nunc,
3014 345 3193 402 Verbo
3236 345 3540 410 incantato,

291 443 523 497 εννοιαν.
577 439 688 493 Ποῦ
718 440 828 510 γὰρ
855 440 889 511 ἡ
920 440 1038 504 πῶς
1070 440 1135 493 ἂν
1168 440 1245 510 τῷ
1279 440 1533 511 ἡμετέρῳ
1562 440 1711 509 γένει
1740 440 1865 491 ὲκε-

295 533 544 604 χάριστο,
594 531 946 603 ἀνθρωπίνης
973 532 1187 601 φύσεως
1216 532 1267 603 ἡ,
1286 531 1584 607 ἀγγελικῆς
1610 531 1709 601 τὴν
1742 532 1870 603 περὶ

295 627 443 698 ἡμᾶς
485 625 800 696 οἰκονομίαν
834 625 1243 696 ὑπερχομένης,
1292 627 1353 678 ἐν
1386 625 1534 695 δεξιᾷ
1584 623 1677 685 τοῦ
1733 623 1869 678 Θεοῦ

295 718 391 772 καὶ
430 717 643 787 Πατρδς
694 716 1005 787 ίδρυνθῆναι
1060 719 1161 775 καὶ
1195 717 1377 793 πάσης
1424 717 1724 787 ἀγγελικῆς
1776 717 1869 770 καὶ

294 812 655 881 ἀρχαγγέλων
710 809 1069 880 χοροστασίας
1122 810 1377 880 ὑπεράνω
1432 809 1721 879 γενέσθαι,
1773 809 1869 862 καὶ

292 903 459 971 τιμῆς
480 902 571 954 καὶ
594 900 752 970 δόξης
774 899 1082 955 ἀπολαῦσαι
1103 899 1371 970 τοσαύτης
1394 901 1489 953 καὶ
1514 898 1865 969 τηλικαύτης,

292 993 368 1055 ὼς
405 992 500 1047 καὶ
525 992 701 1046 αὐτῶν
722 991 831 1045 τῶν
854 990 968 1045 ἀνω
994 991 1272 1061 δυνάμεων
1304 990 1399 1055 καὶ
1426 992 1711 1059 ἐγγυτάτω
1732 989 1866 1044 Θεοῦ

291 1084 627 1153 ἑστηκότων,
646 1082 1054 1152 ἐπιθυμούντων
1071 1082 1169 1149 μὲν
1195 1086 1273 1146 είς
1287 1084 1388 1152 τὴν
1412 1082 1686 1153 ἡμετέραν
1711 1081 1868 1148 δόξαν

290 1172 360 1248 ἦς
386 1176 476 1230 διά
509 1176 604 1229 τοῦ
635 1176 957 1246 φυράματος
984 1176 1329 1245 ἀπολαύομεν
1355 1175 1674 1246 παρακύψαι
1694 1216 1709 1241 ,
1744 1176 1866 1246 μεί-

294 1269 423 1333 ζονα
458 1268 515 1322 δὲ
548 1268 646 1337 τὴν
679 1268 964 1337 ἐπιτυχίαν
996 1270 1095 1337 τῆς
1126 1266 1420 1338 ἐπιθυμίας
1465 1268 1863 1334 εὐρισκόντων;

270 1360 506 1430 Ταύτης
539 1359 595 1411 δέ
634 1376 698 1427 γε
737 1359 837 1429 τῆς
886 1359 1163 1429 μακαρίας
1205 1360 1297 1413 καὶ
1344 1359 1721 1428 ἀνεκφράστου
1772 1358 1868 1411 καὶ

293 1453 436 1524 ὑπὲρ
484 1453 693 1506 ἔννοιαν
748 1451 955 1523 λήξεως
995 1451 1091 1506 τοῦ
1144 1451 1486 1525 ἀνθρωπίνου
1539 1453 1731 1520 γένους
1767 1453 1866 1520 τὴν

293 1546 553 1617 στέρησιν
594 1545 980 1615 ὑπομένοντος,
1018 1546 1113 1603 ἅτε
1157 1544 1221 1614 δὴ
1251 1544 1386 1615 μηδέ
1420 1544 1513 1598 τοῦ
1542 1545 1865 1614 φυράματος

284 1638 450 1715 ἡμῶν
478 1636 543 1690 δι’
568 1636 969 1709 ἀνθρωπίνηςῆ
995 1637 1289 1707 ἀγγελικῆς
1311 1633 1559 1697 ἐνώσεως
1585 1635 1685 1705 τῆς
1706 1634 1864 1705 δόξης

295 1822 433 1892 μηδέ
464 1822 602 1891 πρὸς
644 1820 743 1892 τὴν
770 1820 1028 1892 τοιαύτην
1061 1820 1222 1890 ἡμῶν
1246 1819 1669 1891 ἀναδραμόντων
1710 1819 1865 1888 ἰσχὺν

290 1915 387 1968 καὶ
418 1912 606 1984 ῥώμην
626 1913 719 1964 καὶ
741 1912 838 1981 τῆς
866 1912 1031 1980 τιμῆς
1059 1911 1119 1965 τὸ
1150 1909 1446 1981 ἐξαίρετον,
1476 1911 1596 1963 τίνα
1626 1910 1691 1963 ἂν
1718 1926 1865 1981 παρ-

290 2004 427 2074 ῆκεν
484 2007 512 2058 ὁ
560 2003 750 2074 ἐχθρὸς
793 2002 916 2059 καθ’
966 2001 1121 2072 ἡμῶν
1179 2001 1415 2072 τόλμαν;
1471 2001 1623 2064 τίνας
1674 2001 1717 2054 δ’
1766 2003 1868 2055 οὐκ

292 2095 532 2161 ἀνεκίνει
595 2094 875 2166 μηχανὰς,
924 2093 996 2146 δι’
1034 2085 1109 2146 ὧν
1144 2092 1304 2145 πάλιν
1355 2092 1580 2155 ἐλπίδας
1643 2090 1868 2162 ἔτρεφεν

293 2187 601 2256 ὑποχείριον
629 2185 814 2239 λαϐεῖν
853 2184 914 2237 τὸ
949 2184 1145 2253 γένος,
1186 2183 1280 2236 καὶ
1328 2183 1434 2235 ὑπὸ
1484 2182 1582 2254 τὴν
1631 2182 1867 2253 ἀρχαίαν

290 2275 456 2331 αὑτοῦ
504 2275 838 2330 καθελκῖωαι
881 2274 1208 2344 τυραννίδα;
1261 2274 1404 2326 κατὰ
1457 2273 1619 2328 τίνων
1667 2274 1761 2327 καὶ
1805 2272 1867 2327 τὺ

291 2363 494 2436 κράτος
525 2364 816 2419 ἀναλαϐεῖν
846 2364 947 2417 οὐκ
977 2363 1231 2436 ἐπήρθη;
1271 2366 1367 2417 καὶ
1395 2364 1455 2417 τὸ
1481 2364 1749 2435 φρύαγμα
1772 2364 1867 2416 τοῦ

292 2452 565 2524 προτέρου
596 2452 780 2522 μεῖζον
824 2454 925 2505 οὐκ
965 2453 1354 2517 ἐναπεδείκνυ;
1389 2453 1483 2507 καὶ
1512 2452 1603 2506 τὸν
1640 2453 1868 2525 οὐρανὸν

291 2544 455 2597 αὑτὸν
488 2543 967 2613 πολυπραγμονεῖν
1000 2541 1098 2611 οὐχ
1125 2542 1312 2611 ἡγεῖτο
1356 2542 1590 2612 τόλμαν;
1621 2543 1707 2597 διὰ
1735 2544 1866 2612 γοῦν

288 2632 465 2687 ταῦτα
496 2632 590 2687 καὶ
615 2631 786 2685 πολλά
813 2630 1059 2693 τοιαῦτα,
1088 2631 1361 2699 θεοσόφως
1386 2632 1493 2702 ἄρα
1523 2634 1616 2686 καί
1643 2634 1867 2703 θεοπρε-

290 2724 409 2787 πῶς
435 2726 464 2777 ό
491 2723 585 2776 τοῦ
620 2721 755 2777 Θεοῦ
788 2723 960 2790 Λόγος
997 2722 1091 2774 καὶ
1130 2722 1249 2785 Υἱὸς
1277 2724 1372 2776 καὶ
1405 2723 1537 2787 Θεὸς
1581 2724 1864 2795 ἀληθινὸς,

292 2817 387 2871 καλ⁹
412 2816 512 2885 οὐχ
540 2812 728 2883 ἕτερός
760 2830 843 2875 τις
878 2811 1008 2883 παρ’
1032 2812 1195 2865 αὑτὸν
1216 2851 1231 2876 ,
1261 2814 1359 2882 τὴν
1397 2814 1668 2885 ἡμετέραν
1704 2833 1869 2886 προσ-

291 2900 533 2972 ειληφὼς
561 2902 739 2972 σάρκα
758 2900 857 2971 τὴν
891 2901 1074 2969 κοινὴν
1102 2897 1197 2952 τοῦ
1221 2902 1409 2969 γένους
1439 2906 1714 2976 σωτηρίαν
1749 2908 1865 2975 etp-

291 2996 518 3062 γάσατο.

801 3109 1141 3169 ΕΡΩΤΗΣΙΣ
1190 3111 1351 3177 Patr.

296 3204 359 3258 Τί
379 3203 602 3272 δήποτε
621 3203 772 3262 κατὰ
789 3207 897 3258 τὸν
911 3203 1217 3272 μέλλοντα
1240 3202 1427 3257 αἰῶνα
1453 3201 1661 3271 κριτὴς
1672 3202 1861 3271 μόνος

782 3273 1081 3335 καθέζεται
1118 3276 1151 3327 ὀ
1195 3274 1327 3337 Υἱός
1346 3290 1365 3337 ;

1975 439 2317 494 abundamus
2348 452 2511 511 atque
2539 439 2871 511 perfruimur
2900 453 3065 509 supra
3113 455 3278 509 quam
3315 440 3543 517 cogitari

1972 539 2172 599 potest.
2203 531 2433 597 Quando
2474 532 2618 586 enim
2662 539 2756 585 ant
2792 530 3071 601 quomodo
3118 540 3308 589 nostro
3358 532 3542 604 generi

1971 636 2292 677 concessum
2326 621 2547 687 fuisset,
2587 625 2633 677 si
2662 621 2900 676 humana
2934 630 3127 674 natura
3168 631 3263 675 aut
3300 622 3543 692 angelica

1971 714 2398 783 redemptionem
2454 725 2696 769 nostram
2746 715 3146 782 procurandam
3195 716 3541 783 sumpsisset,

1970 804 2024 858 in
2061 805 2153 859 Dei
2183 805 2469 874 Patrisque
2499 806 2721 862 dextera
2752 805 3029 871 collocari,
3057 821 3329 876 superque
3351 822 3544 861 omnes

1969 896 2287 965 angelorum
2363 906 2527 966 atque
2602 896 3055 966 archangelorum
3131 896 3330 951 choros
3392 898 3543 950 exal—

1972 989 2074 1042 tari
2100 989 2202 1054 ιδ’,
2254 989 2459 1059 talique
2488 997 2544 1043 et
2582 998 2730 1044 tanta
2782 988 2950 1058 gloria
2993 987 3124 1052 frui,
3174 998 3233 1041 ut
3270 988 3401 1057 ipsze
3445 1004 3545 1041 su-

1972 1092 2154 1146 perna:
2184 1078 2413 1132 virtutes
2444 1094 2565 1148 quae
2595 1077 2762 1133 Deum
2810 1081 3054 1149 proxime
3106 1078 3544 1144 circumsistunt,

1975 1168 2355 1223 desiderarent
2390 1169 2607 1238 quidem
2655 1170 2709 1224 in
2758 1168 3281 1239 nostram'gloriam.
3332 1185 3439 1239 qua
3486 1169 3543 1230 in

1973 1275 2138 1316 carne
2170 1263 2496 1325 frneremur,
2540 1262 2888 1332 prospicere;
2922 1262 3016 1318 sed
3054 1278 3165 1317 rem
3200 1274 3377 1317 tamen
3414 1272 3544 1316 voto

1968 1370 2070 1409 suo
2120 1354 2456 1421 superiorem
2519 1369 2641 1409 esse
2707 1352 3009 1409 sentirent?
3072 1354 3184 1423 Age
3248 1368 3380 1408 vero
3440 1353 3546 1409 hac

1973 1447 2131 1501 beata
2162 1455 2215 1498 et
2241 1445 2501 1499 ineffabili
2535 1460 2697 1515 supra
2734 1461 2896 1515 quam
2926 1444 3153 1514 cogitari
3186 1454 3364 1517 potest
3396 1457 3544 1500 sorte

1969 1535 2271 1589 humanum
2322 1551 2495 1607 genus
2547 1536 2591 1589 si
2637 1534 2831 1591 fuisset
2880 1535 3199 1601 exclusum;
3249 1550 3443 1605 nempe
3494 1537 3541 1591 si

1974 1642 2104 1681 caro
2145 1638 2353 1694 nostra,
2391 1638 2612 1697 propter
2643 1627 2899 1681 humanae
2933 1628 3301 1697 angeliereque
3331 1637 3544 1682 natura;

292 1730 351 1782 ἐν
463 1728 557 1784 νῦν
594 1730 862 1799 ἐκλάμπει
912 1729 1009 1798 τὴν
1054 1728 1353 1787 ἀπόλαυσιν
1403 1727 1861 1794 προσειληφότος,

1971 1717 2445 1786 eonjunctionem,
2474 1719 2702 1787 gloriam
2735 1720 2880 1773 illam
2913 1735 3019 1789 qua
3051 1735 3198 1774 nunc
3230 1719 3401 1790 fulget
3431 1735 3539 1773 non

1974 1808 2168 1865 fuisset
2218 1809 2431 1877 adepta,
2474 1824 2653 1879 neque
2697 1810 2762 1862 ad
2815 1811 2911 1864 has
2960 1810 3103 1864 vires
3158 1818 3321 1879 atque
3374 1812 3544 1865 robur

1942 1902 2311 1972 honorisque
2356 1902 2572 1957 culmen
2624 1916 2724 1957 nos
2768 1918 3013 1957 essemus
3060 1905 3266 1969 evecti;
3313 1918 3542 1958 curnam

1970 1993 2221 2049 diabolus
2269 1993 2551 2047 audaciam
2585 2008 2739 2047 suam
2774 1993 2826 2045 in
2881 2008 2980 2047 nos
3012 2008 3120 2047 non
3165 1994 3547 2063 expromeret?

1970 2100 2107 2155 quas
2139 2084 2422 2141 machinas
2453 2101 2560 2139 non
2593 2085 2875 2140 moveret?
2904 2100 3043 2155 quas
3071 2085 3249 2141 adhuc
3279 2101 3404 2157 spes
3434 2101 3545 2140 non

1972 2178 2229 2242 nutriret,
2264 2178 2379 2233 fore
2417 2189 2473 2232 ut
2502 2178 2698 2234 iterum
2738 2194 2908 2247 genus
2939 2188 3186 2235 nostrum
3229 2177 3334 2233 sibi
3367 2177 3545 2247 subji-

1974 2276 2142 2334 ceret,
2188 2266 2466 2336 veterique
2514 2267 2787 2339 tyrannidi
2839 2268 3182 2322 vindicaret?
3228 2282 3387 2336 quem
3433 2281 3543 2322 non

1970 2357 2227 2429 potentiae
2245 2374 2357 2413 suae
2380 2359 2584 2414 viribus
2637 2359 3058 2429 attemperaret?
3089 2375 3196 2412 non
3228 2359 3543 2427 superbiam

1975 2449 2157 2521 priore
2188 2449 2451 2519 majorem
2484 2450 2758 2505 sumeret?
2792 2467 2923 2505 sane
2965 2467 3064 2507 nec
3096 2452 3194 2523 ipsi
3227 2452 3365 2507 cmlo
3412 2451 3543 2512 insi-

1972 2542 2111 2595 diari
2162 2542 2513 2598 temerarium
2570 2542 2673 2599 sibi
2724 2543 2988 2597 crederet.
3039 2541 3121 2599 Ob
3171 2544 3286 2599 haec
3334 2552 3390 2598 et
3437 2542 3542 2597 alia

1972 2633 2348 2702 hujuscemodi
2402 2634 2656 2704 plurima,
2706 2633 3109 2703 sapientissime
3167 2636 3445 2695 enimvero
3491 2645 3543 2689 et

1972 2724 2491 2779 convenientissime
2541 2723 2634 2779 Dei
2685 2723 2926 2780 Verbum
2982 2736 3036 2780 et
3084 2726 3255 2787 Filius
3299 2737 3352 2782 et
3397 2726 3542 2781 Deus

1974 2832 2161 2883 verus,
2196 2832 2302 2870 non
2334 2817 2475 2871 alius
2504 2818 2799 2887 quispiam,
2832 2834 2997 2873 carne
3025 2820 3128 2877 sibi
3154 2822 3541 2899 circumposita

1972 2925 2321 2975 communem
2350 2911 2562 2980 generis
2587 2911 2817 2967 salutem
2854 2921 3110 2983 operatus
3136 2924 3237 2973 est.

1966 3107 2295 3174 QUIESTIO
2333 3107 2515 3163 CXCII
2583 3108 2770 3180 [CoisL
2812 3108 3041 3164 CCXXI.
3098 3110 3261 3167 Taur.
3304 3113 3535 3186 CCXII].

1967 3200 2076 3257 Cur
2106 3202 2162 3253 in
2188 3200 2370 3269 futuro
2399 3200 2593 3255 uecufo
2624 3202 2767 3256 solus
2808 3202 2978 3271 judez
3012 3203 3190 3257 Filius
3238 3206 3415 3259 sedeat
3449 3207 3537 3261 ⁸⁸2

1528 3380 1669 3431 Edita
1698 3397 1724 3432 a
1748 3382 1872 3431 Maio
1899 3382 1957 3443 (1.
1982 3393 2024 3431 c.
2046 3380 2139 3429 200
2160 3381 2309 3442 seq).

358 3494 429 3542 α’.
456 3487 613 3541 Πᾶσα
665 3488 764 3557 μέν
813 3485 1145 3557 δημιουργία
1200 3486 1295 3546 καὶ
1346 3487 1495 3539 πᾶσα
1527 3484 1747 3556 πρᾶξις,
1795 3485 1864 3554 ἣν

290 3580 535 3649 ἐνεργεῖν
552 3579 771 3646 λέγεται
794 3577 890 3646 μία
911 3575 1021 3629 τῶν
1034 3576 1385 3633 ύποστάσεων
1406 3575 1513 3628 τῶν
1532 3575 1859 3645 θεαρχικῶν,

190 3726 191 3733 η
289 3670 467 3723 κοινὸν
522 3668 682 3740 ἔργον
740 3667 857 3719 ἐστὶ
919 3667 1013 3719 καὶ
1062 3666 1173 3718 τῶν
1208 3666 1417 3727 ἄλλων,
1484 3666 1585 3717 ὃσα
1647 3682 1711 3733 γε
1781 3666 1862 3728 είς

288 3760 386 3833 τὴν
431 3760 622 3829 ὁμοίαν
664 3758 919 3830 πρόνοιαν
964 3752 1087 3829 ἧκε,
1123 3757 1216 3810 καὶ
1262 3757 1323 3809 τὸ
1350 3759 1447 3827 τῆς
1485 3756 1731 3820 ἐξουσίας
1764 3758 1859 3810 καὶ

288 3851 624 3921 ἀγαθότητος
658 3848 1075 3919 ἀπαράλλακτον
1127 3848 1222 3901 καὶ
1262 3848 1459 3901 ἐνιαῖον
1504 3848 1605 3916 τῆς
1632 3847 1860 3918 βουλῆς·

286 3943 448 4013 τῷδέ
500 3959 563 4011 γε
613 3942 727 4011 Υίῷ
754 3941 853 4011 τῆς
902 3938 1202 4010 μελλούσης
1252 3939 1486 4010 κρίσεως
1544 3939 1862 4009 ἀφορίζεται

284 4038 347 4091 τὸ
373 4034 593 4104 ἀξίωμα
632 4033 719 4087 διὰ
754 4032 953 4095 πολλάς
987 4032 1083 4085 καὶ
1134 4031 1455 4102 θεοπρεπεῖς
1508 4032 1739 4098 ἐννοίας,
1763 4032 1861 4102 οὐχ

284 4129 360 4192 ὡς
393 4126 721 4196 ἀφεστώτων
768 4126 861 4179 τοῦ
900 4124 1114 4194 Πατρὸς
1164 4123 1197 4195 ἢ
1247 4124 1342 4177 τοῦ
1386 4123 1703 4195 Πνεύματος
1758 4127 1858 4194 τῆς

246 4284 251 4289 ι
286 4221 595 4290 συνεργίας,
627 4218 720 4271 τὸν
756 4218 814 4271 δὲ
858 4218 985 4273 Υίὸν
1015 4219 1196 4288 κρίσιν
1222 4218 1617 4289 ἀναδεξάμενον
1648 4218 1855 4289 ταύτης

284 4311 429 4382 ἔχειν
459 4311 557 4382 τὴν
591 4310 915 4381 ἡγεμονίαν⁶
951 4311 1169 4382 πρῶτον
1202 4310 1299 4381 μὲν
1344 4310 1477 4362 διότι
1511 4308 1853 4379 Δημιουργὸς

284 4403 381 4456 καὶ
408 4401 687 4471 οἰκονόμος
711 4400 871 4463 αὐτὸς
899 4401 1116 4468 λέγεται
1145 4400 1252 4452 τῶν
1282 4418 1338 4452 τε
1360 4398 1854 4469 δημιουργημάτων

2043 3484 2096 3539 Ι.
2148 3482 2372 3543 Crealio
2406 3483 2589 3541 omnis
2637 3493 2802 3553 atque
2850 3486 3018 3553 actio,
3068 3502 3231 3555 quam
3281 3502 3535 3546 exserere

1966 3578 2168 3632 dicitur
2194 3577 2500 3630 divinarum
2535 3591 2893 3646 personarum
2921 3594 3048 3641 una,
3080 3594 3367 3636 commune
3396 3598 3531 3651 opus

1966 3680 2284 3721 exterarum
2338 3676 2443 3731 est,
2479 3667 2606 3736 quia
2656 3667 2909 3721 videlicet
2948 3669 3013 3721 ad
3054 3670 3301 3723 eamdem
3342 3673 3530 3740 provi-

1962 3760 2207 3815 dentiam
2238 3768 2470 3829 speetat,
2501 3770 2664 3829 atque
2696 3774 2761 3813 ex
2795 3760 2984 3814 eodem
3021 3763 3330 3831 potestatis,
3373 3765 3526 3819 boni-

1964 3850 2093 3905 tatis
2132 3860 2295 3920 atque
2338 3850 2554 3905 consilii
2604 3859 2751 3902 certo
2798 3860 2851 3905 et
2890 3852 3053 3905 unico
3086 3852 3234 3906 fonte
3268 3855 3525 3923 procedit.

1959 3938 2230 3993 Caeterum
2285 3940 2424 3995 Filio
2457 3938 2623 3993 futuri
2683 3939 2871 4009 judirii
2922 3942 3158 4012 dignitas
3208 3944 3405 3999 inultas
3460 3945 3524 3999 ol:

1963 4047 2160 4088 causas
2191 4048 2570 4104 congruasque
2600 4032 2879 4099 tribuitur,
2919 4050 3025 4087 non
3053 4043 3233 4089 tamen
3269 4038 3393 4106 quia
3422 4037 3528 4091 Pa-

1958 4134 2040 4180 ter
2094 4135 2147 4180 et
2195 4123 2432 4195 Spiritus
2481 4140 2512 4179 a
2567 4126 2827 4180 societate
2875 4126 3056 4194 operis
3108 4127 3308 4182 absint.
3360 4128 3527 4184 Filius

1960 4226 2141 4271 autem
2205 4217 2569 4287 principatum
2617 4216 2782 4287 hujus
2837 4216 3021 4286 operis
3077 4226 3241 4284 tenet,
3290 4220 3524 4288 primum

1959 4308 2086 4377 quia
2135 4307 2363 4362 Creator
2407 4308 2927 4376 administratorque
2981 4308 3175 4362 dicitur
3219 4322 3526 4364 ereatarum

1958 4415 2169 4463 rerum,
2194 4414 2331 4469 quas
2363 4400 2517 4453 initio
2546 4416 2575 4451 e
2606 4400 2776 4452 nihilo
2807 4399 3028 4464 eduxit;
3058 4400 3185 4455 item
3213 4401 3338 4470 quia
3365 4417 3529 4471 gene-

281 4493 321 4550 ἀ
365 4494 487 4547 κατ’
531 4493 705 4565 ἀρχάς
742 4495 807 4545 ἐκ
855 4493 930 4563 μὴ
970 4492 1138 4545 ὄντων
1192 4491 1421 4561 ὑπέστη,
1454 4491 1550 4544 καὶ
1579 4490 1679 4560 τῆς
1708 4490 1853 4565 μετά

1966 4494 2037 4544 ris
2076 4490 2301 4545 humani
2333 4501 2455 4559 post
2481 4491 2691 4560 lapsum
2732 4491 3025 4546 renovandi
3076 4492 3528 4562 instaurandique

282 4587 381 4658 τὴν
416 4588 703 4658 συντριϐὴν
746 4578 841 4638 τοῦ
887 4584 1225 4655 ἀνθρωπίνου
1273 4583 1464 4651 γένους
1506 4582 1855 4644 ἀνανεώσεως

281 4696 341 4731 τε
372 4680 467 4731 καὶ
504 4677 881 4740 ἀναπλάσεως.
908 4676 1053 4728 Ἔδει
1078 4675 1133 4727 δὲ
1163 4675 1271 4748 ἆρα
1292 4674 1348 4737 ὃς
1374 4674 1473 4745 τὴν
1491 4673 1854 4744 δημιουργίαν

282 4768 378 4820 καὶ
406 4768 661 4836 πρόνοιαν
699 4770 798 4837 τῆς
847 4766 1149 4837 ἀνθρώπων
1179 4766 1393 4835 φύσεως
1428 4764 1551 4831 καθ’
1579 4767 1854 4836 ἑκατέραν

280 4858 614 4931 προαγωγὴν
658 4859 980 4926 ἀνεδέξατο,
1036 4858 1222 4911 τοῦτον
1277 4860 1460 4921 αὐτοῖς
1509 4858 1605 4911 καὶ
1660 4857 1855 4928 κριτὴν

278 4952 632 5006 καθεστάναι³
670 4954 953 5021 συνέχεται
1009 4951 1115 5022 γὰρ
1154 4952 1249 5004 καὶ
1296 4950 1741 5004 συνδιαπλέκεται
1784 4953 1850 5020 τῇ

276 5041 610 5113 δημιουργίᾳ
659 5042 757 5111 μέν
804 5044 836 5113 ἡ
888 5041 1138 5111 πρόνοια,
1186 5044 1253 5112 τῇ
1300 5042 1526 5112 προνοίᾳ
1573 5042 1628 5094 δὲ
1668 5046 1703 5113 ἡ
1744 5043 1852 5097 τῶν

276 5135 692 5205 προνοουμένων
721 5134 901 5204 κρίσις
935 5134 1029 5187 καὶ
1066 5132 1332 5198 ἐξέτασις.
1385 5135 1586 5206 Διόπερ
1617 5136 1853 5206 εὐλόγως

274 5242 337 5278 τε
361 5226 456 5277 καὶ
482 5225 706 5289 δικαίως
728 5219 772 5292 ᾧ
799 5226 859 5278 τὸ
886 5224 1097 5289 κτίζειν
1124 5230 1218 5279 καὶ
1248 5228 1620 5291 ἀνακαινίζειν
1652 5227 1851 5298 πρᾶξις

275 5320 494 5387 γέγονε,
528 5318 663 5390 πρὸς
710 5317 898 5371 τοῦτον
949 5321 1043 5373 καὶ
1068 5319 1168 5389 τὴν
1196 5320 1377 5391 κρίσιν
1400 5320 1494 5373 τοῦ
1532 5321 1850 5390 πλάσματος

274 5410 645 5478 ἀναφέρεσθαι
671 5423 685 5437 ⁸
719 5408 973 5477 δεύτερον
999 5409 1077 5473 δέ,
1106 5412 1155 5462 εί
1189 5410 1477 5480 νομοθέτου
1512 5411 1748 5481 μάλιστα
1784 5411 1847 5465 τὸ

274 5500 480 5572 κρίνειν
503 5500 628 5562 τοὺς
642 5496 721 5563 οἷς
747 5500 885 5554 κατά
906 5500 1068 5571 χάριν
1083 5502 1446 5574 ἐνομοθετήθη
1470 5503 1843 5561 πολιτεύεσθαι

345 5643 363 5662 ⁸
386 5638 431 5671 ⁸⁸
463 5637 647 5693 chtr.
690 5653 728 5703 t,
766 5637 851 5690 1‘2.
928 5635 973 5667 ”
999 5636 1117 5692 Act.
1152 5654 1203 5703 κ,
1236 5640 1325 5692 49η

585 5732 855 5791 PATROL.
904 5729 1017 5790 Ge.
1068 5733 1169 5793 Cl.

1959 4592 2153 4637 auctor
2185 4582 2412 4636 exstitit.
2445 4580 2587 4651 Ergo
2633 4581 2940 4650 oportebat,
2974 4582 3065 4649 qui
3111 4583 3423 4636 Creatorem
3467 4599 3527 4638 se

1952 4675 2435 4745 providentemque
2490 4675 2743 4728 humana:
2798 4683 3007 4729 natura:
3068 4683 3301 4747 utroque
3365 4690 3526 4745 opere

1952 4768 2302 4834 exhibuerat,
2339 4769 2483 4822 hunc
2514 4768 2563 4822 ei
2591 4768 2828 4837 judiccm
2877 4782 3095 4837 quoque
3132 4769 3271 4822 dari.
3309 4766 3521 4822 Etenim

1951 4861 2218 4916 creationi
2264 4876 2448 4915 comes
2499 4869 2663 4929 atque
2710 4860 2973 4929 implicita
3019 4870 3103 4915 est
3134 4861 3467 4930 providentia
3506 4881 3519 4917 :

1954 4953 2351 5024 providentiam
2402 4952 2756 5027 consequitur
2797 4951 3063 5020 judicatio
3113 4953 3524 5021 exploratiane

1954 5062 2141 5101 earum
2172 5061 2353 5100 rerum
2386 5046 2585 5115 quibus
2614 5046 2949 5116 providetur.
2986 5045 3165 5110 Quare
3206 5056 3329 5113 apte
3353 5046 3524 5113 juste-

1954 5153 2060 5207 que
2108 5138 2197 5192 eni
2254 5138 2458 5192 creatio
2508 5138 2893 5204 renovatioque
2953 5146 3178 5205 accepta
3211 5136 3398 5202 fcrtur,
3454 5138 3522 5191 ad

1953 5244 2079 5285 eum
2121 5229 2390 5299 judicium
2429 5243 2650 5297 quoque
2684 5229 2761 5282 rei
2797 5228 2953 5285 facta:
2995 5226 3246 5283 refertur.
3293 5227 3518 5293 Deinde,

1958 5322 2004 5377 si
2038 5321 2369 5391 legislatoris
2403 5322 2638 5375 ofﬁcium
2667 5330 2749 5375 est
2774 5320 3022 5389 judicare
3062 5336 3157 5374 eos
3197 5322 3401 5390 quibus
3435 5337 3514 5375 se-

1954 5414 2195 5467 cundum
2232 5414 2457 5479 gratiam
2490 5412 2671 5466 vivere
2706 5413 3016 5467 mandatum
3054 5412 3159 5469 futt
3189 5413 3387 5482 (genus
3432 5412 3519 5466 iu-

1954 5505 2136 5575 tellige
2190 5504 2545 5573 humanum);
2582 5504 2858 5575 lcgislator
2898 5513 3080 5561 autem
3134 5507 3260 5560 novi
3305 5504 3520 5559 hederis

3154 5737 3231 5795 30
