3908 6214
411 223 517 285 935

1570 221 1832 284 ΡΗΟΤΙΙ
1870 222 2371 284 ΡΑΤΙΠΑΒΟΗβΕ
2399 221 2507 283 CP.

3558 217 3672 281 936

414 337 486 389 ob
506 345 626 387 eam
660 344 883 385 causam
937 339 993 385 et
1036 328 1247 390 Christi
1294 328 1589 406 imaginem
1613 337 1986 408 circumgesta-

2104 334 2263 388 τοῦτο
2315 335 2410 388 καὶ
2461 329 2702 405 Χριστοῦ
2753 330 2937 386 εἰκόνα
2980 329 3336 402 περιέφερον,
3399 327 3538 382 ἀλλὰ
3580 331 3680 401 τῆς

413 427 567 490 bant,
600 423 692 477 scd
744 439 778 478 a
817 424 1050 496 magicis
1104 426 1454 484 illusionibus
1510 440 1565 483 et
1604 429 1827 483 lascivia
1884 444 1998 485 non

414 516 742 571 recedebant
793 535 808 570 :
878 520 1140 586 quocirca
1198 529 1252 574 et
1328 522 1559 575 aliorum
1625 521 1995 591 quorumdam

416 610 687 680 imagines
737 623 852 662 una
911 609 1391 667 circumferebant.
1446 609 1658 666 Pudore
1735 615 1992 681 quocirca

414 700 807 756 suﬂundantur
849 698 1333 755 lconomachorum
1387 699 1681 770 primipili.
1725 716 1792 756 eo
1846 702 1996 772 quod

415 791 686 847 :inseusati
713 791 888 860 magis
915 807 1037 845 esse
1060 791 1478 857 convincuntur,
1523 804 1693 862 quam
1737 803 1891 847 erant
1916 792 1994 847 illi

414 883 975 956 superstitiosiss-imi,
1021 895 1076 940 et
1120 895 1227 939 tam
1273 885 1620 955 dogmati-bus
1664 900 1830 956 quam
1884 885 1997 941 vita

420 985 475 1030 et
505 974 917 1030 conversatione
950 976 1153 1044 decepti
1181 985 1235 1029 et
1258 991 1503 1033 errones.

491 1068 796 1140 Interrogas
812 1080 910 1121 cur
929 1067 1202 1122 haereticis
1218 1063 1616 1138 turpitudinem
1645 1069 1991 1140 exprobrem.

424 1161 482 1216 Si
505 1179 612 1216 non
641 1171 692 1216 te
721 1157 995 1216 turbat-em
1024 1161 1665 1230 rcspons—o,docerem'ab
1687 1163 1994 1233 insipienti-

419 1255 522 1310 bus
551 1254 872 1323 interrogari
907 1253 986 1308 sic
1014 1253 1248 1308 debere:
1280 1266 1453 1324 eoque
1482 1254 1652 1324 magis
1682 1256 1824 1324 quod
1858 1255 1902 1310 si
1934 1264 1991 1310 tu

417 1345 664 1418 patieris,
694 1345 762 1399 ab
793 1343 941 1398 omni
983 1360 1077 1399 eos
1135 1359 1304 1401 sensu
1353 1360 1461 1400 non
1511 1347 1692 1400 minus
1743 1361 1907 1416 quam
1959 1360 1990 1399 a

414 1439 618 1510 pietate
643 1445 857 1493 emotos
888 1435 1302 1491 demonstrabo.
1343 1435 1399 1491 In
1425 1452 1492 1491 eo
1514 1437 1654 1506 ipso.
1690 1452 1799 1506 quo
1831 1450 1993 1490 scan-

417 1514 731 1584 dalo‘tidem
765 1527 1127 1583 orthodoxam
1162 1526 1372 1583 allicere
1401 1528 1710 1592 voluerunt,
1745 1535 1990 1581 vetusta-

413 1631 525 1676 tem
566 1619 936 1690 deprzedicant
971 1619 1270 1688 imaginum
1321 1617 1782 1672 labricandarum.
1829 1617 1996 1692 Certe.

2107 424 2348 496 μαγικῆς
2385 424 2670 495 τερθρείας
2710 423 2805 476 καὶ
2845 423 2954 477 τῶν
2987 423 3176 479 παθῶν
3204 423 3306 477 οὐκ
3343 422 3678 491 ἀφίσταντοο

2099 518 2188 572 διὰ
2211 517 2368 572 τοῦτο
2396 518 2488 572 καὶ
2529 518 2732 589 ἑτέρων
2759 515 2923 569 τινῶν
2951 515 3168 581 εἰκόνας
3193 512 3392 586 ’συμπε
3404 515 3678 587 ριέφερσν.

2099 611 2553 684 Αίσχυνέσθωσαν
2592 611 2881 684 τοιγαροῦν
2910 611 3019 665 τῶν
3044 612 3430 683 Εἱκονομὰχων
3459 611 3509 664 οἱ
3546 610 3679 679 πρό-

2102 721 2266 774 μαχοι
2285 745 2299 769 ,
2334 705 2416 757 ὅτι
2448 703 2544 757 καὶ
2571 705 2680 757 τῶν
2705 703 3281 774 δεισιδαιμονεστάτων
3313 704 3543 758 ἐκείνων
3585 705 3678 757 καὶ

2097 795 2222 866 δόξῃ
2241 797 2336 850 καὶ
2366 795 2466 868 βίῳ
2497 795 2931 867 πεπλανημένων
2945 796 3418 868 ἀγνωμονέστερα
3435 795 3676 862 ἀπελέγ-

2098 905 2308 958 χονται.

2178 1064 2419 1139 Ἐρωτᾷς
2443 1066 2528 1120 διὰ
2558 1067 2610 1120 τί
2634 1067 2732 1138 τὴν
2755 1068 3019 1138 αἰσχύνην
3044 1069 3159 1129 τοῖς
3188 1067 3486 1140 αἱρετικοῖς
3512 1067 3676 1138 ὲνηρ-

2097 1157 2344 1228 μόσαμεν
2367 1177 2379 1189 ·
2405 1159 2516 1227 ἐγὼ
2543 1158 2622 1226 δὲ,
2657 1161 2706 1213 εί
2731 1161 2803 1231 μή
2830 1177 2887 1212 σε
2921 1161 3109 1213 λυπεῖν
3137 1159 3386 1228 ἔμελλον,
3418 1161 3676 1231 ἀνοήτων

2093 1250 2158 1302 ἂν
2191 1251 2450 1317 ἀπέδειξα
2489 1252 2550 1304 τὸ
2597 1251 2896 1324 ἐρώτημα,
2930 1253 3026 1306 καὶ
3064 1250 3339 1316 τοσοῦτον,
3374 1252 3456 1304 ὅτι
3485 1251 3583 1305 καὶ
3614 1251 3677 1304 τὸ

2092 1342 2416 1414 ἀναίσθητον
2442 1345 2658 1408 αὐτοὺς,
2685 1343 2751 1397 ἂν
2777 1344 2885 1415 ἄρα
2915 1343 3082 1415 βούλῃ
3102 1383 3118 1406 ,
3153 1343 3294 1412 μετά
3319 1341 3416 1395 τοῦ
3438 1341 3675 1406 ἀσεϐοῦς

2092 1435 2343 1499 ἐπιδείξω
2395 1436 2789 1507 περιέπονταςο
2834 1435 2902 1488 δι’
2955 1429 3029 1489 ὧν
3075 1436 3188 1506 γὰρ
3222 1434 3537 1504 δυσφημίαν
3571 1451 3674 1487 πε-

2095 1526 2340 1596 ριάπτειν
2370 1529 2435 1598 τῇ
2467 1526 2745 1599 ὀρθοδοείᾳ
2773 1527 3131 1598 ἐμελέτησαν,
3161 1526 3252 1578 διὰ
3271 1525 3476 1578 τούτων
3510 1526 3675 1594 μάλι-

2092 1635 2192 1672 στα
2219 1618 2325 1688 τῆς
2348 1620 2721 1691 εἰκονουργίας
2747 1620 2846 1692 τὴν
2875 1620 3213 1691 ἀρχαιότητα
3241 1619 3672 1690 μαρτυροῦντες,

413 1731 525 1770 non
557 1712 868 1782 intelligunt
919 1726 1030 1764 rem
1064 1725 1185 1765 esse
1217 1707 1639 1764 Christianismo
1665 1709 1986 1779 contempo-

2094 1711 2149 1763 οὺ
2183 1711 2508 1782 συνῄσθοντο
2551 1711 2845 1783 σύγχρονον
2891 1712 3060 1782 αὐτὴν
3110 1711 3188 1782 τῷ
3218 1711 3670 1784 Χριστιανισμῷ,

414 1817 660 1868 raucam,
685 1812 740 1857 et
766 1802 1076 1871 baptismati
1118 1800 1388 1854 instituto.
1422 1799 1536 1856 Hoc
1580 1811 1772 1856 contra
1805 1800 1997 1854 volun-

418 1905 583 1952 tatem
610 1896 768 1950 nobis
791 1893 1101 1949 concedunt
1133 1911 1146 1947 :
1174 1906 1411 1961 cultique
1434 1907 1528 1961 per
1561 1893 1838 1946 Simonem
1880 1891 1995 1946 Ma-

417 2006 545 2059 gum
594 1987 898 2058 baptizatus
946 1986 1000 2039 in
1042 1984 1423 2040 contumeliam
1463 1981 1761 2054 imaginum
1797 1985 1992 2039 subin-

418 2079 739 2142 troducunt,
767 2078 1020 2148 ignorant
1055 2076 1376 2145 semetipsos
1415 2083 1808 2144 repraesentare
1844 2075 1990 2129 ultra

416 2171 501 2226 vel
530 2185 626 2225 eos
647 2169 802 2240 ipsos
842 2167 1190 2237 impudentia:
1222 2166 1410 2220 morbo
1447 2167 1776 2220 laborantes.

489 2279 815 2350 QUJESTIO
879 2279 1137 2337 CXCVIII
1183 2276 1371 2351 [CoisL
1409 2277 1712 2343 CCXXVII,
1747 2277 1914 2333 Taur.

1055 2371 1355 2446 ccxvnu.

853 2487 932 2542 De
975 2487 1332 2558 pugnantibus
1363 2484 1554 2541 verbis.

2091 1801 2183 1853 καὶ
2213 1801 2289 1868 τῷ
2323 1800 2694 1872 βαπτίσματι,
2723 1803 2816 1856 καὶ
2856 1802 3082 1865 ἄκοντες
3116 1803 3629 1873 ὰνομολογήσαντες
3657 1819 3672 1833 ⁸

2088 1890 2153 1944 δι’
2186 1884 2260 1946 ὧν
2285 1892 2341 1945 δὲ
2379 1893 2514 1965 μηδὲ
2547 1895 2673 1957 τοὺς
2713 1896 2841 1965 περὶ
2869 1887 3090 1964 Σίμωνα
3127 1896 3334 1967 ταύτην
3384 1894 3673 1964 ἐνυϐρίσαι

2087 1983 2484 2054 βαπτισθέντας
2506 1985 2955 2055 παρεισάγουσιν,
2990 1988 3218 2040 ἐκείνων
3249 1988 3411 2040 πλέον
3440 1987 3673 2048 ἑαυτοὺς

2083 2074 2421 2146 νοσήσαντας
2465 2075 2566 2146 τὴν
2605 2076 3002 2148 ἀγνωμοσύνην
3053 2079 3430 2149 παριστῶντες
3467 2077 3671 2132 ἐπελά-

2093 2166 2268 2222 θοντο.

2588 2279 2928 2337 εΡοΤΗΣιΣ
2982 2283 3147 2354 Ριιιιν.

2441 2484 2574 2553 Περὶ
2603 2485 2962 2555 μαχομένων
2991 2486 3212 2556 ῥητῶν.

1149 2577 1294 2628 Edita
1321 2591 1348 2626 a
1372 2575 1671 2626 Montacutio
1696 2575 1797 2636 (ep.
1819 2572 1878 2622 «I3
1901 2575 1959 2624 ad
1982 2575 2137 2625 Leon.
2159 2590 2210 2640 p.
2234 2575 2338 2639 99).
2359 2603 2421 2614 —
2440 2572 2495 2624 In
2522 2576 2690 2627 Matth.
2720 2591 2823 2638 xxx,
2849 2577 2927 2628 21.

427 2743 430 2748 ,
485 2683 663 2743 Grave
718 2685 858 2738 reris
906 2693 961 2738 et
1020 2682 1422 2738 intolerandum
1475 2680 1789 2735 mandatum
1832 2679 1990 2742 illud,

421 2799 440 2832 σ
483 2779 666 2836 Vende
681 2792 802 2848 quae
833 2775 998 2830 habes
1032 2785 1086 2830 et
1122 2778 1187 2828 da
1220 2774 1572 2844 pauperibus.
1600 2790 1618 2823 ι
1655 2772 1769 2842 Ego
1800 2781 1985 2825 autem

415 2873 486 2927 ub
515 2873 618 2927 lioc
652 2870 828 2940 ipsum
854 2869 1046 2939 jugum
1088 2866 1302 2920 Domini
1369 2873 1428 2920 ut
1460 2865 1732 2935 placidum
1767 2874 1822 2920 et
1853 2879 1992 2918 onus

416 2965 535 3022 leve
565 2965 878 3020 existimare
935 2971 989 3016 te
1026 2975 1303 3029 cuperem.
1353 2957 1514 3016 Jubet
1546 2958 1692 3014 enim
1723 2973 1864 3011 unus
1895 2957 1992 3010 de-

415 3071 620 3128 ponere
647 3053 931 3120 Dominus,
963 3063 1016 3107 et
1045 3067 1299 3106 curarum
1335 3057 1569 3120 segetem
1605 3057 1769 3118 atque
1815 3054 1992 3101 tenta-

419 3150 630 3205 tionum
677 3155 955 3210 excutere,
995 3159 1103 3198 non
1139 3154 1317 3197 autem
1352 3142 1596 3198 humeris
1636 3156 1780 3196 onus
1810 3140 1982 3209 impo-

417 3243 582 3299 situm
621 3251 856 3310 geSIare.
901 3235 1063 3292 Jubct
1094 3235 1186 3289 illa
1219 3235 1590 3304 indigentibus
1629 3233 1982 3298 distribuere,

417 3344 474 3389 ct
503 3333 575 3388 ob
607 3331 698 3386 illa
729 3331 917 3385 relicta
963 3329 1224 3384 thesauro
1257 3328 1462 3383 caelesti
1499 3327 1766 3383 ditescere
1795 3327 1982 3380 donat.

417 3421 551 3494 Quae
597 3425 645 3481 si
690 3439 800 3478 non
836 3422 1254 3486 distribuantur,
1300 3421 1475 3476 otiosa
1506 3431 1559 3474 et
1598 3419 1810 3474 inutilia
1857 3418 1986 3473 huic

416 3517 670 3589 praesenti
694 3516 822 3570 vita:
854 3513 1155 3570 redduntur
1182 3512 1592 3572 incumbentia;
1624 3521 1679 3566 et
1708 3509 1985 3564 cumhinc

417 3604 829 3669 recesserimus,
871 3602 1166 3657 destituent
1201 3615 1320 3655 nos.
1368 3598 1637 3666 Quocirca
1694 3599 1824 3653 mihi
1855 3607 1984 3652 nota

417 3696 633 3752 Domini
691 3693 1124 3750 misericordiam
1164 3701 1218 3746 et
1262 3691 1662 3760 inexplicabilis
1696 3690 1985 3760 providen-

419 3789 505 3843 tiae
546 3788 862 3841 varietatem
905 3783 1296 3852 multiplicem;
1327 3781 1476 3852 quod
1519 3796 1581 3835 ea
1613 3797 1735 3850 quae
1758 3793 1855 3833 nos
1891 3795 1987 3832 ne-

417 3879 660 3935 cessario
683 3887 736 3932 et
759 3877 1090 3931 reluctantes
1119 3881 1546 3942 consequentur,
1573 3872 1662 3925 illa
1685 3869 1984 3940 (voluntate

415 3979 628 4024 tantum
669 3967 978 4035 accedente)
1019 3974 1278 4032 tanquam
1309 3963 1557 4032 preprios
1592 3976 1715 4015 cum
1771 3961 1982 4015 labores

413 4070 528 4116 tum
551 4059 760 4114 fructus
812 4057 1241 4126 amplectamur,
1279 4067 1332 4109 et
1376 4065 1633 4123 tanquam
1663 4053 1843 4106 omnia
1897 4067 1984 4105 re-

369 4210 374 4214 .
414 4151 660 4206 ctissime
701 4149 1169 4213 administrantes,
1199 4147 1289 4216 qui
1350 4144 1696 4200 solummodo
1731 4144 1978 4212 proposi-

409 4250 528 4300 tum
546 4240 980 4302 adhibuerimus,
996 4240 1052 4294 in
1074 4254 1297 4306 regnum
1315 4237 1579 4292 caelorum
1600 4245 1884 4304 susceptos
1901 4236 1982 4289 in-

412 4333 736 4388 troduxerit.
762 4349 780 4381 ι
806 4329 1006 4384 Venite
1035 4329 1202 4398 (enim
1234 4329 1463 4398 inquiet)
1491 4326 1757 4382 benedicti
1799 4324 1980 4382 Patris

409 4423 538 4489 tnei,
572 4421 846 4492 possidete
874 4435 1098 4491 regnum
1129 4418 1281 4474 vobis
1305 4417 1678 4489 apparatum“
1696 4420 1792 4470 ".t

407 4553 737 4630 QUA‘SSTIO
758 4553 963 4611 CXCIX
998 4553 1186 4626 [CoisL
1207 4551 1524 4616 CCXXVIII,
1543 4551 1704 4606 Taur.
1719 4549 1981 4622 CXXIX}.

2164 2698 2181 2730 ι
2225 2679 2482 2750 Πώλησόν
2512 2698 2606 2734 σου
2637 2684 2704 2736 τά
2730 2681 3046 2755 ὑπάρχοντα
3092 2683 3188 2737 καὶ
3232 2681 3321 2745 δδς
3352 2685 3610 2754 πτωχοῖς,
3645 2698 3662 2727 ι

2092 2769 2232 2842 βαρὺ
2266 2769 2506 2842 νομίζεις
2532 2775 2627 2826 καὶ
2648 2774 3054 2829 ὃυσϐἀστακτον
3081 2777 3146 2828 τὸ
3179 2775 3481 2845 ἐπίταγμα.
3528 2777 3670 2844 Ἐγὼ

2089 2861 2146 2914 δέ
2184 2879 2243 2914 σε
2279 2863 2367 2917 διὰ
2399 2863 2591 2918 τούτου
2637 2866 2836 2938 μᾶλλον
2867 2869 3025 2939 ὁρᾷν,
3050 2867 3189 2936 ἀξιῶ
3230 2867 3322 2922 τὸν
3352 2867 3516 2936 ζυγὸν
3547 2869 3668 2921 Κυ-

2092 2955 2230 3026 ρίου,
2264 2956 2340 3020 ὡς
2365 2957 2581 3029 ἀληθῶς
2608 2958 2865 3031 χρηστὸν,
2899 2961 2995 3014 καὶ
3045 2962 3106 3014 τὸ
3133 2960 3353 3031 φορτίον
3399 2960 3658 3031 ἐλαφράν.

2089 3044 2289 3117 Φὸρτον
2316 3046 2425 3116 γὰρ
2446 3048 2766 3114 ἀποθέσθαι,
2801 3049 2896 3102 καὶ
2929 3052 3035 3103 τῶν
3073 3050 3368 3122 φροντίδων
3393 3050 3488 3103 καὶ
3542 3067 3669 3104 πει-

2092 3138 2317 3210 ρασμῶν
2362 3139 2495 3211 ὕλην
2545 3142 2996 3208 ἀποτινάξασθαι,
3044 3143 3162 3198 ἀλλ’
3194 3143 3294 3197 οὐκ
3349 3143 3666 3207 ἀναλαϐεῖν,

2087 3230 2461 3300 ἐγκελεύεται’
2515 3234 2746 3288 κάκεῖνα
2797 3237 2908 3298 τοῖς
2978 3234 3246 3307 χρῄζουσι
3303 3237 3510 3305 νέμειν,
3568 3237 3669 3289 καὶ

2087 3321 2211 3375 ἀντὶ
2233 3321 2437 3375 τούτων
2471 3322 2743 3396 θησαυρὸν
2768 3325 3019 3379 πλουτεῖν
3049 3328 3139 3380 τὸν
3181 3328 3437 3397 οὐράνιον
3477 3329 3668 3398 ἐχαρί-

2088 3429 2218 3466 σατο
2240 3429 2256 3447 ⁸
2283 3412 2319 3468 ἃ
2347 3413 2439 3467 καὶ
2466 3415 2543 3485 μὴ
2576 3416 2943 3487 διανεμόντων
2975 3418 3123 3486 ἀργά
3163 3418 3260 3470 καὶ
3301 3418 3551 3488 ἄχρηστα
3582 3421 3668 3490 τῷ

2085 3503 2316 3576 παρόντι
2375 3505 2475 3578 βίῳ
2527 3508 2902 3573 ὲναπόκειται,
2965 3511 3190 3563 κάκεῖσε
3243 3511 3666 3581 μεθισταμένων

2086 3595 2322 3650 ἐνταῦθα
2374 3599 2874 3670 καταλιμπάνεταιο
2929 3601 2995 3654 δι’
3027 3603 3055 3654 ὃ
3089 3619 3181 3673 μοι
3225 3602 3418 3655 σκόπει
3461 3603 3666 3672 μᾶλλον

2085 3686 2186 3756 τὴν
2235 3689 2571 3761 Δεσποτικὴν
2639 3691 3084 3763 φιλανθρωπίαν,
3137 3693 3230 3745 καὶ
3291 3693 3392 3762 τῆς
3451 3693 3663 3763 ἀφάτου

2086 3779 2353 3850 Προνοίας
2378 3782 2439 3834 τὸ
2486 3784 2733 3840 ποικίλον
2776 3786 2867 3838 καὶ
2898 3784 3258 3856 πολύτροπον,
3298 3786 3381 3839 ὅτι
3425 3786 3570 3856 ἀπερ
3601 3786 3665 3852 ἐξ

2085 3871 2332 3944 ἀνάγκης
2376 3875 2472 3927 καὶ
2529 3877 2687 3946 ἡμῶν
2741 3877 2982 3930 ἀκόντων
3021 3878 3412 3931 ἐπακολουθεῖν
3466 3880 3662 3943 είωθε,

2085 3964 2280 4029 ταῦτα,
2310 3965 2536 4036 γνώμης
2562 3969 2955 4040 προστεθείσης
2983 3969 3171 4040 μόνης,
3198 3970 3272 4033 ὡς
3291 3972 3527 4035 οἰκείους
3558 3973 3664 4024 πό-

2084 4068 2208 4116 νους
2237 4055 2329 4105 καὶ
2363 4056 2610 4124 καρποὺς
2639 4055 3021 4127 ἀποδέχεσθαι·
3061 4056 3161 4110 καὶ⁸
3190 4058 3266 4120 ὡς
3295 4058 3356 4111 τὸ
3382 4059 3492 4111 πᾶν
3521 4076 3663 4113 κατ-

2083 4143 2430 4213 ωρθωκότας,
2471 4146 2598 4210 τοὺς
2660 4149 2826 4217 μόνην
2853 4149 3367 4217 συνεισενεγκόντας
3395 4151 3664 4222 προαίρεο

2086 4251 2170 4287 σιν
2234 4239 2312 4298 είς
2370 4238 2570 4308 κλῆρον
2619 4239 2720 4308 τῆς
2773 4238 2938 4292 αὑτοῦ
2989 4239 3264 4310 βασιλείας
3309 4241 3637 4312 ὑποδέχεται

2090 4343 2108 4376 ι
2147 4325 2312 4378 Δεῦτε
2336 4329 2465 4396 γὰρ,
2494 4333 2680 4397 φησιν,
2700 4331 2749 4382 οἱ
2770 4328 3131 4400 εὐλογημένοι
3153 4331 3246 4384 τοῦ
3278 4332 3495 4402 Πατρός
3523 4349 3654 4402 μου,

2011 4438 2055 4492 D
2085 4416 2535 4488 κληρονομήσατε
2561 4421 2661 4490 τὴν
2689 4421 3102 4492 ἡτοιμασμένην
3136 4423 3265 4492 ὑμῖν
3296 4421 3598 4494 βασιλείαν.
3631 4442 3652 4475 ι

2606 4555 2941 4609 sperum:
2970 4555 3131 4624 Ριιθν.

651 4673 795 4725 Edita
814 4687 841 4723 a
873 4671 1172 4723 Montacutio
1201 4670 1302 4733 (ep.
1326 4670 1386 4720 50
1404 4669 1462 4718 ad
1486 4668 1732 4729 Sergium,
1750 4681 1802 4730 p.
1825 4667 1961 4728 105).
1983 4691 2043 4702 -
2068 4665 2144 4715 De
2164 4664 2413 4716 solutione
2435 4666 2563 4730 legis
2585 4681 2640 4717 ac
2663 4669 2727 4717 de
2751 4668 2916 4718 verbis
2939 4669 3111 4720 Matth.
3146 4683 3192 4731 v,
3217 4669 3377 4721 I3—I7.

473 4783 595 4840 Non
620 4793 703 4839 est
745 4783 1017 4839 sideribus
1056 4797 1122 4837 ex
1161 4781 1414 4852 opposito
1449 4779 1554 4841 sol,
1593 4795 1700 4833 non
1754 4787 1978 4833 contra-

403 4880 577 4936 riatur
596 4879 700 4933 diei
735 4893 866 4944 nox,
907 4892 1007 4932 nec
1045 4875 1253 4931 soleres
1296 4873 1432 4928 radii
1471 4871 1747 4941 splendori
1793 4871 1974 4940 ignis;

402 4971 494 5026 sed
524 4985 624 5024 nec
653 4968 984 5023 adolescenti
1033 4966 1314 5020 hominum
1347 4973 1558 5019 natura:
1604 4963 1894 5032 perfectior
1925 4970 1978 5016 et

400 5062 574 5116 virilis
599 5072 750 5115 aetas.
776 5059 1043 5129 Adjiciam
1089 5057 1134 5111 si
1168 5057 1341 5126 placet
1370 5071 1384 5119 ;
1417 5053 1510 5110 sed
1537 5069 1636 5109 nec
1663 5054 1974 5119 astringens

400 5154 662 5224 qualitas,
696 5167 819 5222 quat
879 5151 946 5206 ad
978 5151 1271 5203 tincturam
1315 5147 1628 5201 coccineum
1664 5143 1970 5212 subjectum

402 5255 650 5314 apparat,
691 5243 1060 5298 contrariatur
1090 5239 1207 5295 ﬂori
1260 5253 1516 5310 purpura:
1549 5254 1563 5291 :
1597 5235 1688 5291 sed
1723 5249 1823 5289 nec
1865 5233 1973 5288 mi-

404 5347 516 5392 xtio
585 5337 855 5402 colorum,
917 5349 1018 5389 nec
1079 5330 1404 5388 assimilatio
1463 5327 1782 5399 imaginum,
1842 5336 1968 5380 ante

473 5469 519 5502 “
547 5472 582 5488 "
609 5467 800 5523 Matth.
842 5481 967 5529 xxv,
997 5465 1087 5519 54.

2152 4775 2266 4829 Οὐκ
2299 4776 2448 4831 ἔστιν
2477 4777 2719 4831 ἐναντίον
2747 4779 3013 4849 ἀστράσιν
3049 4780 3222 4851 ἥλιος,
3258 4779 3382 4833 οὐδὲ
3401 4782 3470 4853 τῇ
3501 4781 3658 4837 νυκτὶ

2079 4869 2278 4940 ήμέρα,
2300 4871 2422 4923 οὐδὲ
2452 4871 2623 4939 πυρὸς
2662 4870 2824 4941 αἴγλῃ
2855 4873 2911 4924 al
2937 4873 3159 4943 ἡλιακαὶ
3181 4875 3400 4938 ἀκτῖνες
3417 4890 3432 4905 ⁸
3451 4875 3514 4928 οὐ
3548 4879 3655 4945 μὴν

2077 4958 2199 5011 οὐδὲ
2247 4960 2515 5033 νεαζούσῃ
2549 4959 2742 5028 φύσει,
2796 4963 2830 5032 ὴ
2882 4963 3005 5014 κατ’
3039 4963 3208 5032 ἄνδρα
3245 4963 3560 5034 τελειότηςο
3607 4967 3655 5016 εἰ

2079 5049 2259 5121 βούλει
2282 5051 2358 5115 δὲ,
2388 5051 2512 5104 οὐδὲ
2542 5053 2574 5122 ἡ
2607 5050 2889 5120 στύφουσα
2924 5053 3167 5124 ποιότης,
3210 5055 3346 5125 πρὸς
3384 5054 3651 5126 ἀλουργδν

2085 5143 2264 5214 βαφὴν
2279 5143 2676 5213 εὑτρεπίζουσα
2688 5146 2787 5217 τὴν
2819 5145 2970 5217 ὓλην,
3000 5148 3136 5218 πρὸς
3151 5146 3212 5200 τὸ
3242 5147 3343 5215 τῆς
3363 5147 3654 5218 πορφύρας

2079 5235 2236 5298 ἄνθος
2253 5245 2334 5285 φτ
2357 5251 2370 5264 ·
2395 5235 2504 5289 οὐδ’
2527 5237 2560 5306 ἡ
2584 5236 2690 5290 τῶν
2720 5239 3027 5308 χρωμάτων
3060 5239 3275 5309 κρᾶσις,
3304 5239 3400 5290 καὶ
3433 5239 3658 5308 μόρφω-

2080 5343 2164 5389 σις
2193 5325 2302 5379 τῶν
2337 5328 2758 5400 είκονισμάτωη.
2797 5333 2921 5395 ταῖς
2965 5329 3445 5400 προτυπωθείσαις
3474 5347 3653 5401 γραμ-

1685 5553 1917 5611 VARIIE
1959 5551 2360 5610 LECTIONES.

466 5666 548 5708 φτ
581 5651 716 5718 εἶδος
753 5654 817 5710 Il.
