3848 6338
200 352 313 417 937

986 356 1086 415 AD
1120 354 1713 417 AMPHILOCHIUM
1748 356 2092 427 QUIESTIO
2125 359 2431 431 CXCVIII,
2472 358 2718 419 CXCIX.

3367 351 3474 414 938

207 459 345 529 μαῖς
372 457 469 513 καὶ
500 460 817 531 χαράγμασι
836 458 947 513 τῶν
979 461 1351 530 σκιασμάτων.
1371 462 1435 515 Τί
1460 462 1515 515 δὲ
1533 462 1778 532 βούλεται

1887 462 2060 519 dnctis
2115 464 2274 519 lineis
2346 472 2399 519 et
2454 463 2933 518 adumbrationnm
2999 457 3465 529 descriptionibus

203 551 241 622 ἢ
264 549 380 603 τῶν
402 549 704 604 δοκούντων
727 550 1061 605 ἀντικεῖσθαι
1086 553 1408 623 παράθεσις,
1441 554 1537 625 τὴν
1560 554 1780 626 δόκησιν

202 643 311 711 τῆς
346 642 717 708 ἐναντιώσεως
756 645 813 712 ἐξ
856 647 1024 716 αὐτῆς
1058 647 1436 716 ἀνατρέπουσα
1470 658 1491 685 ⁸
1541 648 1783 719 παραθέ-

207 751 388 803 σεως;
418 735 550 801 οὐδ’,
594 738 732 809 ὅπερ
781 738 940 801 αὑτὸς
989 740 1233 808 ἀπορεῖς,
1267 739 1374 791 οὐδ’
1423 740 1456 809 ἠ
1504 740 1663 810 χάρις
1706 739 1781 812 τῷ

206 825 366 897 νόμῳ
412 827 746 883 ἀντίκειται·
811 831 1153 901 χειραγωγία
1189 831 1248 885 δὲ
1294 834 1388 885 καὶ
1423 832 1781 902 προάγγελος,

209 920 507 989 συμφωνία
552 938 614 974 τε
664 924 758 975 καὶ
790 923 1231 995 προκατασκευὴ,
1263 926 1356 978 καὶ
1400 926 1517 989 ὁδὸς
1550 926 1782 997 ὑπάρχει

208 1010 313 1062 καὶ⁸
361 1014 710 1083 παρασκευὴ,
750 1014 941 1068 καὶτὰ
970 1015 1105 1069 ἄλλα.
1137 1016 1348 1081 πάντα,
1397 1019 1425 1071 6
1473 1018 1635 1087 νόμος
1687 1020 1785 1090 τῆς

210 1098 466 1171 χάριτος.
515 1102 810 1167 Τελείωσις
866 1103 965 1175 μὲν
1000 1105 1109 1175 γάρ
1138 1106 1285 1158 ἐστιν
1326 1107 1359 1175 ἡ
1391 1106 1576 1176 χάρις·
1608 1106 1785 1160 πάντα

208 1188 293 1255 δὲ,
324 1192 430 1246 ὅσα
470 1192 568 1264 τῆς
609 1194 962 1263 τελειώσεως,
995 1197 1410 1269 προῦφέστηκεν
1432 1214 1444 1227 ·
1477 1199 1783 1269 ὑπηρετού-

214 1299 385 1351 μενος
420 1282 451 1337 6
480 1287 642 1355 νόμος
705 1287 920 1360 ἐδείχθη
970 1293 1036 1362 τῇ
1085 1291 1296 1362 χάριτιο
1351 1292 1783 1365 ἐχειραγὼγησε,

210 1374 583 1445 προεκήρυξε,
610 1378 1021 1449 προητοίμασεν
1040 1395 1056 1411 ο
1090 1381 1207 1444 ὁδὸς
1242 1382 1337 1435 καὶ
1361 1384 1528 1446 τύπος
1547 1385 1783 1451 ἐγένετο,

210 1462 276 1513 ἐν
306 1462 489 1535 ἐαυτῷ
528 1468 881 1537 σχηματίζων
912 1471 1006 1524 καὶ
1033 1471 1351 1537 ὑποδεικνὺς
1367 1473 1466 1545 τὴν
1496 1476 1782 1547 ἀληθειαν

210 1554 371 1608 οὐδὲν
414 1556 521 1610 τῶν
586 1563 1222 1633 προπαρασκευαζὸντων
1264 1565 1582 1637 ὑστέρησεν.
1644 1570 1785 1623 Ἀλλ’

208 1636 383 1716 ἦλθεν
411 1650 445 1721 ἡ
484 1650 640 1722 χάρις
667 1668 683 1684 ο
741 1654 1030 1724 ἐσχόλασεν
1077 1657 1299 1723 είκότως
1346 1662 1374 1713 6
1398 1636 1596 1731 νόμοςσ
1626 1663 1786 1730 φύσις

210 1738 327 1809 γὰρ
353 1739 511 1794 τοῦτο
558 1744 911 1812 προτελείων,
961 1748 1353 1814 ὑπεξίστασθαι
1388 1753 1480 1805 καὶ
1526 1771 1786 1825 παραχω-

212 1832 333 1899 ρεῖν
372 1834 437 1903 τῇ
475 1834 794 1906 τελειότητι.
826 1839 937 1891 Καὶ
985 1840 1071 1893 ἵνα
1099 1844 1127 1895 6
1152 1841 1229 1911 τῷ
1259 1844 1408 1914 νόμῳ
1435 1846 1785 1916 προσανέχων

210 1920 366 1988 λαὸς,
398 1922 489 1978 τὸν
528 1929 586 1980 ἐν
615 1931 682 1998 τῇ
720 1930 900 1999 χάριτι
930 1931 1065 1985 Θεὸν
1094 1934 1323 2006 ἐπιγνῷ,
1360 1938 1450 1991 καὶ
1489 1938 1589 2009 τῆς
1628 1956 1787 2010 νομο-

205 2011 405 2078 θεσίας
428 2015 558 2069 ὅντα
610 2015 823 2091 Κύριον
851 2020 898 2089 (ι
954 2023 1260 2093 Σχολάσατε
1297 2026 1428 2099 γὰρ,
1477 2032 1630 2099 φησὶ,
1692 2034 1784 2087 καὶ

217 2105 419 2172 γνῶτε,
445 2110 525 2163 ὅτι
557 2110 666 2180 ἐγώ
687 2116 801 2184 είμι
830 2117 856 2168 6
882 2115 1036 2181 Θεὸς,
1065 2119 1157 2171 καὶ
1188 2119 1551 2192 ὑψωθήσομαι
1585 2125 1643 2177 ἐν
1672 2128 1785 2191 τοῖς

210 2192 416 2262 ἔθνεσι,
446 2198 805 2271 ὑψωθήσομαι
834 2205 892 2257 ἐν
918 2208 1076 2277 τῇγῇ
1113 2206 1183 2278 ι),
1211 2204 1372 2279 ἦλθεν
1402 2212 1432 2281 ἡ
1463 2212 1642 2283 χάρις,
1679 2215 1786 2267 ὑπ-

208 2304 238 2340 ε
250 2287 501 2360 χώρησεν
529 2294 558 2346 6
582 2294 744 2365 νόμος
764 2310 780 2326 ⁸
810 2296 884 2360 ὠς
913 2298 1163 2369 ἀστέρες,
1194 2302 1345 2371 ἡλίου
1375 2303 1674 2372 φαίνοντοςο
1710 2308 1786 2372 ὡς

208 2386 330 2453 νὺξ,
354 2388 677 2462 τῆςήμέρας
694 2392 1159 2468 διαυγ[αζ]ούσης’
1179 2398 1254 2461 ὡς
1279 2402 1332 2452 al
1361 2400 1452 2453 τοῦ
1471 2403 1641 2473 πυρὸς
1660 2402 1785 2473 φλό-

210 2495 330 2545 γες,
364 2480 422 2543 ἐξ
481 2480 716 2553 αἰθρίας,
764 2486 860 2543 καὶ
904 2488 963 2539 ἐν
1006 2489 1247 2560 σταθερᾷ
1304 2492 1646 2564 μεσημϐρίᾳ,
1702 2493 1783 2565 τῷ

208 2571 425 2643 ἡλιακῷ
491 2576 631 2642 φωτὶ
691 2579 1139 2650 ἀμαυρούμεναιο
1185 2581 1261 2646 ὡς
1313 2588 1673 2654 καταργεῖται
1724 2588 1786 2642 τὸ

207 2665 431 2732 νήπιον,
466 2667 547 2728 είς
583 2666 749 2739 ἄνδρα
794 2669 893 2741 τῆς
943 2670 1157 2741 ἡλικίας
1207 2674 1661 2748 ἀναδραμούσης·
1709 2680 1785 2743 ὡς

206 2756 244 2825 ἡ
282 2759 507 2828 ποιότης
557 2759 652 2813 τοῦ
694 2761 1010 2833 στύφοντος,
1071 2766 1172 2836 τῆς
1226 2770 1559 2839 πορφυρίδος
1606 2770 1784 2842 βαφῆς

207 2845 701 2921 ἐπικρατησάσηςο
753 2853 827 2917 ὡς
886 2856 943 2908 αἱ
994 2858 1251 2927 γραμμαὶ
1304 2860 1399 2910 καὶ
1454 2846 1541 2913 τά¹
1573 2877 1780 2930 προχα-

211 2939 497 3009 ράγματα,
548 2944 629 3007 είς
673 2944 1044 3017 διαμόρφωσιν
1075 2949 1173 3018 τῆς
1206 2950 1413 3013 εἰκόνος
1448 2968 1785 3023 συναπαρτι-

209 3031 474 3103 σθείσης’
544 3034 775 3091 ἕκαστον
804 3041 912 3110 γάρ
965 3039 1073 3093 τῶν
1104 3042 1161 3094 ἐν
1211 3042 1449 3115 ἑκατέρα
1500 3046 1782 3117 συστοιχίᾳ⁵

1882 554 2257 607 adversantur.
2291 554 2432 620 Quid
2458 569 2585 607 vero
2612 552 2715 608 sibi
2747 553 2861 606 vult
2907 567 3094 606 rerum
3131 565 3263 619 αυξτ
3279 551 3468 605 viden-

1885 657 1971 701 tur
1993 647 2058 701 ad
2094 648 2400 719 oppositum
2429 647 2667 709 collatio,
2702 660 2822 715 qua:
2846 643 3259 700 contrarietatis
3300 659 3466 714 appa-

1884 740 2115 794 rentiam
2188 756 2283 807 per
2358 741 2531 809 ipsam
2615 736 3084 807 comparationem
3169 734 3475 790 subvertit?

1883 830 2085 903 Nempe
2144 849 2251 887 non
2317 830 2798 903 (quemadmodum
2846 830 2943 884 tibi
3008 828 3260 885 dubitare
3292 828 3471 881 vismn

1884 927 1987 994 εει)
2015 926 2184 993 gratia
2237 925 2341 995 legi
2381 924 2769 980 contrariatur.
2797 922 2959 979 Certe
2992 924 3079 977 lex
3106 921 3471 975 manuductio

1887 1019 2133 1085 quaedam
2154 1026 2258 1083 est,
2290 1016 2769 1088 praaannnntiatio,
2827 1014 3214 1080 consonantia,
3250 1030 3457 1083 praepa-

1887 1110 2046 1170 ratio,
2113 1110 2196 1165 via
2250 1119 2301 1164 et
2361 1116 2670 1178 apparatus,
2705 1116 2760 1163 et
2798 1107 2844 1162 si
2884 1123 3006 1178 quae
3061 1106 3167 1159 alia
3214 1113 3365 1171 sunt,
3397 1107 3463 1159 ad

1887 1203 2137 1271 gratiam.
2165 1200 2262 1257 Est
2286 1201 2428 1256 enim
2457 1200 2629 1272 gratia
2665 1200 3068 1255 consummatio
3099 1216 3112 1251 :
3140 1213 3264 1268 quae
3296 1199 3466 1266 perti-

1886 1307 2015 1351 nent
2044 1296 2109 1350 ad
2141 1295 2690 1359 consummationem,
2724 1294 2909 1347 omnia
2950 1306 3176 1346 necesse
3204 1300 3288 1349 est
3320 1306 3461 1359 prai-

1885 1389 2176 1444 exstitisse.
2213 1390 2622 1442 Demonstratur
2648 1387 2818 1456 legem
2859 1385 3170 1441 subservire
3223 1384 3412 1453 gratiae
3447 1400 3462 1436 :

1889 1479 2227 1545 manuduxit,
2265 1479 2742 1549 prmannuntiavit,
2782 1479 2923 1531 viam
2954 1477 3056 1546 ipsi
3090 1476 3317 1542 stravit;
3349 1478 3460 1535 via,

1888 1572 2082 1637 forma,
2145 1582 2198 1627 et
2226 1589 2481 1642 expressa
2516 1574 2694 1643 imago
2749 1571 2869 1633 fuit,
2903 1570 3079 1639 seipsa
3139 1570 3378 1639 figurans
3407 1577 3463 1622 et

1888 1665 2239 1720 subindicans
2290 1666 2589 1719 veritatem.
2658 1662 2803 1716 Nihil
2855 1663 3015 1732 plane
3068 1661 3241 1715 abfuit
3268 1676 3458 1715 eorum

1887 1774 2008 1827 qua:
2050 1759 2115 1811 ad
2162 1758 2614 1827 praeparationem
2664 1755 3004 1825 spectabant.
3076 1752 3237 1808 Venit
3264 1754 3458 1822 gratia,

1894 1850 2074 1905 inanis
2103 1848 2202 1903 fuit
2254 1850 2377 1921 (nec
2410 1849 2628 1919 injuria)
2660 1849 2765 1903 lex.
2816 1847 2910 1903 Est
2938 1848 3078 1902 enim
3110 1846 3457 1917 congenitum

1893 1939 2271 1994 antecedaneis
2294 1939 2568 2003 omnibus,
2602 1948 2660 1993 ut
2695 1939 2813 1994 loco
2844 1939 3059 2000 cedant,
3092 1941 3456 1993 submovean-

1893 2038 2088 2099 turque
2113 2030 2451 2099 perfectioni.
2478 2029 2544 2083 Et
2580 2041 2638 2084 ut
2670 2030 2759 2085 ille
2792 2031 3024 2101 p0pnlus
3054 2031 3146 2099 qui
3187 2030 3252 2084 ad
3282 2029 3451 2100 legem

1892 2123 2221 2186 attendebat,
2253 2122 2420 2178 Deum
2447 2134 2767 2193 agnosceret
2828 2124 2930 2178 sub
2988 2124 3157 2192 gratia
3192 2138 3460 2193 apparen-

1892 2222 2021 2277 tem,
2079 2222 2135 2268 et
2185 2213 2474 2269 Dominum
2510 2230 2725 2284 quoque
2785 2215 2918 2285 legis
2948 2216 3226 2271 exstitisse
3260 2237 3272 2272 :
3305 2235 3322 2267 ι
3360 2218 3455 2271 Αι-

1892 2306 2095 2360 tendite
2122 2305 2290 2370 enim,
2342 2306 2538 2377 inquit,
2574 2316 2627 2361 et
2664 2306 2944 2377 intelligite
2981 2306 3127 2376 quod
3162 2322 3263 2376 ego
3314 2305 3459 2361 Deus

1892 2399 2016 2464 sim,
2039 2411 2091 2454 et
2118 2400 2396 2454 exaltabor
2419 2400 2557 2455 inter
2580 2410 2785 2471 gentes.
2815 2401 3094 2455 exaltabor
3113 2401 3164 2453 in
3190 2409 3335 2456 terra
3352 2400 3416 2455 ⁸⁷.
3432 2418 3452 2453 ι

1889 2494 2121 2548 Advenit
2166 2493 2358 2564 gratia,
2414 2494 2641 2549 secessit
2701 2494 2810 2548 lex.
2876 2496 2952 2547 lta
2987 2494 3153 2549 stellae
3191 2495 3457 2550 recedunt

1891 2594 2146 2654 surgente
2182 2585 2318 2645 sole,
2345 2593 2394 2639 et
2428 2600 2535 2640 nox
2570 2586 2660 2639 ubi
2688 2585 2807 2640 dies
2835 2586 3141 2651 illucescit;
3172 2594 3229 2640 ut
3276 2585 3458 2654 ignita:

1890 2677 2141 2739 ﬂammae,
2171 2690 2266 2744 per
2293 2676 2487 2730 sudum
2522 2677 2745 2741 caelum,
2795 2683 2849 2730 et
2885 2677 3165 2732 meridiem
3198 2677 3453 2742 mediam,

1890 2782 1920 2821 a
1954 2766 2223 2823 solaribus
2276 2768 2445 2823 radiis
2496 2769 2860 2823 obscurantur
2888 2786 2902 2832 ;
2954 2784 3060 2824 non
3093 2769 3249 2823 aliter
3282 2784 3448 2838 quam

1892 2859 2155 2915 infantilis
2182 2873 2311 2915 artas
2332 2875 2425 2931 per
2456 2860 2664 2914 virilem
2708 2859 2977 2927 aboletur,
3007 2875 3132 2913 cum
3171 2873 3459 2913 succreve-

1890 2952 1961 3005 rit
1990 2968 2003 3003 :
2034 2959 2093 3003 ut
2119 2951 2352 3019 qualitas
2390 2951 2760 3022 astringentis,
2808 2950 2898 3004 ubi
2939 2951 3175 3004 tinctura
3202 2964 3455 3016 purpura:

1890 3042 2213 3113 praevaluit:
2270 3051 2328 3096 ut
2381 3042 2540 3096 linea:
2581 3050 2633 3095 et
2660 3041 3161 3112 przedelineationes
3191 3055 3286 3110 per
3314 3040 3454 3093 ima-

208 3124 557 3216 εἰρημένων,
610 3128 669 3180 τὸ
704 3129 804 3199 μὲν
859 3131 932 3194 ὼς
980 3132 1166 3196 ἀτελὲς
1221 3138 1592 3206 προηγήσατο,
1629 3139 1689 3191 τὸ
1728 3138 1784 3193 δὲ

1890 3136 2028 3204 ginis
2086 3133 2460 3187 formationem
2534 3133 2916 3188 absorbentur.
2990 3132 3215 3202 Singula
3274 3142 3453 3185 autem

207 3213 288 3275 ὡς
320 3214 528 3269 τέλειον
570 3218 863 3287 ἐπεγένετο
901 3223 947 3258 ι’
986 3223 1078 3276 καὶ
1107 3223 1230 3278 οὔτε
1260 3225 1338 3295 τῷ
1371 3228 1783 3298 προῦπάρξαντι

208 3305 273 3357 τὸ
301 3306 622 3378 ἐπιγεγονὸς
658 3312 896 3384 ὑπάρχει
929 3315 1219 3385 πολέμιον·
1257 3318 1460 3387 μᾶλλον
1495 3332 1521 3359 ιι
1560 3320 1663 3390 μὲν
1693 3320 1787 3375 οὖν

210 3399 388 3470 πολλὴ
409 3401 547 3473 πρὸς
568 3404 773 3475 ἄλληλα
793 3406 998 3459 τούτων
1028 3410 1316 3478 συμφωνία
1343 3413 1434 3465 καὶ
1454 3413 1742 3481 συγγένεια
1767 3429 1783 3445 ⁵

208 3490 341 3545 οὔτε
376 3494 527 3563 μένει
559 3494 630 3548 τὰ
664 3498 927 3570 πρότερα.
953 3499 1062 3553 τῶν
1096 3501 1320 3555 τελείων
1363 3504 1782 3574 ἐπιγινομένων.

209 3581 472 3645 Τοιοῦτός
500 3584 647 3639 ἐστιν
670 3589 698 3641 6
729 3588 891 3658 νόμος
929 3590 1029 3659 τῆς
1060 3589 1296 3659 φύσεως,
1322 3595 1420 3663 τῆς
1452 3594 1787 3665 τελειότητος

209 3673 615 3749 ἐνεργουμένης
646 3681 837 3750 ἀργεῖν
861 3683 959 3737 ὅσα
992 3686 1068 3747 είς
1099 3685 1197 3754 τὴν
1236 3686 1406 3757 αὐτῆς
1443 3691 1786 3761 κατασκευὴν

209 3764 306 3818 καὶ
340 3767 648 3824 συντέλειαν
679 3772 1149 3843 παρελαμϐάνετο.
1180 3777 1341 3830 Ὥστε
1373 3781 1467 3832 καὶ⁴
1500 3781 1784 3853 κατήργη-

206 3874 302 3911 ται
336 3858 366 3910 ὁ
413 3858 597 3930 νόμος,
631 3864 730 3931 τῆς
765 3862 987 3935 χάριτος
1017 3867 1338 3939 ἐπιστάσης,
1366 3874 1457 3923 καὶ
1519 3872 1579 3924 ού
1614 3889 1785 3927 κατα-

207 3949 466 4004 λέλυταιο
502 3953 596 4005 καὶ
646 3954 940 4021 πέπαυται,
1000 3961 1093 4011 καὶ
1142 3961 1202 4012 οὑ
1257 3961 1638 4032 διαόέὸληται·
1690 3965 1786 4019 καὶ

211 4044 583 4115 πεπλήρωκεν
604 4046 765 4100 αὐτὴν
786 4050 1059 4120 ὁΧριστδς
1082 4054 1355 4124 μηδεμίαν
1370 4057 1595 4127 κεραίαν
1619 4059 1786 4125 λύσας

209 4132 275 4198 ἐξ
312 4133 481 4187 αὐτοῦ
501 4152 517 4167 ο
552 4138 647 4190 καὶ
678 4138 796 4191 ὅλον
825 4132 1089 4210 ἠφάνισε,
1116 4144 1409 4209 τελειώσας
1450 4149 1613 4211 αὑτόν
1637 4166 1651 4181 ο
1684 4152 1784 4205 οὐκ

207 4224 333 4277 εστι
365 4233 395 4264 ν
427 4224 537 4297 γὰρ
586 4227 679 4279 τοῦ
714 4229 1191 4299 παιδαγωγοῦντος
1228 4237 1415 4306 χρεία,
1448 4239 1613 4292 αὑτοῦ
1644 4258 1786 4313 παρ-

207 4318 367 4380 όντος
424 4318 520 4370 τοῦ
576 4319 928 4375 διδασκάλου’
997 4325 1299 4379 καταλῦσαι
1350 4329 1448 4397 μὲν
1490 4332 1598 4401 γάρ
1654 4335 1770 4386 ἐστι

210 4412 309 4464 καὶ
342 4408 597 4480 διαϐολῆς
625 4410 805 4482 ἔνοχον
851 4412 1087 4482 ἐλέγξαι,
1140 4416 1200 4468 τὸ
1232 4419 1295 4470 ἐκ
1356 4418 1571 4490 βάθρων
1622 4424 1784 4476 αὑτὸν

1889 3242 2075 3281 eorum
2130 3242 2251 3295 qua:
2300 3225 2351 3277 in
2386 3235 2617 3294 utraque
2667 3224 3074 3295 comparatione
3114 3232 3242 3279 sunt
3270 3224 3454 3287 allata,

1887 3313 1966 3365 vel
1994 3321 2053 3367 ut
2084 3311 2395 3381 imperfecta
2416 3324 2828 3382 praacesserunt,
2855 3313 2934 3367 vel
2969 3313 3293 3367 snbinducta
3326 3323 3456 3369 sunt

1887 3413 1947 3459 ut
1976 3404 2213 3473 perfecta
2247 3421 2261 3459 :
2296 3404 2386 3458 ubi
2416 3421 2590 3475 neque
2628 3406 2773 3475 quod
2817 3406 3287 3461 subintrodueitnr
3318 3422 3456 3476 pra:-

1885 3499 2163 3552 exsistenti
2199 3498 2517 3552 adversatur
2558 3498 2760 3568 (potius
2807 3498 2991 3553 multis
3024 3499 3199 3553 modis
3229 3501 3368 3554 inter
3397 3516 3456 3555 se

1886 3592 2203 3658 conspirant
2230 3599 2283 3643 et
2307 3589 2652 3658 c0pulantur)
2690 3606 2863 3659 neque
2897 3600 3074 3644 tamen
3108 3593 3287 3659 priora
3323 3595 3454 3647 sul)-

1887 3681 2089 3734 sistunt
2124 3678 2543 3749 perfectioribus
2576 3680 3026 3735 subintroductis.
3061 3679 3450 3749 Hujuscemodi

1886 3781 1969 3824 est
1999 3778 2189 3823 natura
2228 3768 2360 3837 legis
2405 3780 2663 3838 Operame
2712 3767 3085 3839 perfectione;
3116 3771 3294 3823 inania
3325 3780 3454 3823 sunt

1884 3872 1937 3917 et
1966 3862 2185 3924 frustra,
2223 3877 2558 3932 quaecunque
2583 3862 2649 3916 ad
2686 3862 2857 3932 ipsius
2886 3873 3203 3932 apparatum
3241 3871 3294 3917 et
3326 3878 3455 3917 cun-

1886 3957 2303 4009 summationem
2336 3955 2774 4010 assumebantur.
2802 3956 2881 4010 Ad
2919 3958 3065 4010 hunc
3098 3957 3317 4010 modqu
3345 3956 3453 4019 lex,

1887 4048 2212 4101 adventante
2240 4048 2433 4118 gratia,
2461 4058 2777 4115 evacuatur,
2816 4064 2913 4101 nec
2954 4049 3202 4101 aboletur
3234 4058 3454 4113 tamen;

1886 4148 2083 4201 cessat,
2111 4137 2205 4192 sed
2237 4152 2341 4190 non
2376 4136 2733 4206 improbatur,
2783 4136 3100 4204 adimplevit
3140 4152 3258 4191 eam
3297 4136 3454 4191 Citri-

1887 4238 2026 4293 stus,
2057 4228 2149 4298 qui
2181 4244 2279 4283 nec
2305 4229 2512 4299 apicem
2557 4228 2703 4282 illius
2746 4227 2986 4291 violavit,
3017 4224 3111 4280 sed
3163 4235 3333 4280 totam
3364 4239 3456 4280 εον

1887 4320 2075 4385 movit,
2131 4319 2218 4374 ubi
2266 4320 2581 4390 impleverat
2612 4334 2752 4373 eam.
2792 4315 2980 4387 Neque
3028 4319 3171 4373 enim
3206 4331 3343 4386 opus
3373 4323 3456 4370 est

1887 4411 2200 4481 paedagogo,
2233 4410 2324 4464 ubi
2357 4411 2583 4480 ipsemet
2610 4410 2825 4463 advenit
2861 4408 3203 4463 informator.
3235 4406 3457 4461 Solvere

210 4500 539 4571 ἀνατρέψαι,
568 4502 758 4574 μηδενὶ
783 4504 891 4557 τῶν
918 4506 1082 4559 αὑτοῦ
1105 4508 1486 4579 δικαιωμάτων
1507 4530 1784 4586 προσχρη-

1888 4501 2107 4570 quidem
2139 4516 2281 4567 eam,
2313 4512 2367 4555 et
2398 4510 2654 4570 tanquam
2686 4500 2849 4570 iustae
2873 4500 3161 4554 obnoxiam
3194 4499 3454 4553 crimina-

210 4593 487 4663 εάμενον⁹
528 4593 733 4646 παῦσαι
763 4592 820 4647 δὲ
870 4596 965 4648 καὶ
994 4598 1233 4669 ἀργῆσαι
1272 4600 1450 4669 μόνον,
1504 4603 1643 4671 μετὰ
1686 4606 1787 4675 τῆς

209 4683 536 4755 πρεπούσης
558 4683 834 4755 εὐφημίας
855 4701 870 4716 ο
894 4686 954 4738 τὸ
985 4686 1297 4758 διακονῆσαι
1324 4691 1440 4757 μὲν,
1470 4686 1551 4755 οἷς
1577 4696 1783 4759 ἐκεῖνος

209 4773 549 4844 ἐνομοθέτει,
589 4776 887 4844 ἐπαγαγεῖν
930 4778 985 4831 δὲ
1048 4779 1147 4849 τὴν
1193 4782 1374 4852 χάριν,
1412 4784 1507 4837 καὶ
1562 4786 1651 4839 διά
1691 4787 1784 4840 τοῦ

210 4862 427 4915 τελείου
454 4863 516 4915 τὸ
567 4863 755 4928 ἀτελὲς
781 4866 1239 4936 ἀποκρύψασθαι·
1274 4872 1368 4924 καὶ
1417 4874 1676 4929 καταλύει
1705 4876 1783 4941 δέ,

208 4955 311 5022 οὐχ
344 4954 373 5004 ὁ
408 4952 483 5024 μὴ
515 4954 869 5023 παραϐαίνων
898 4958 1028 5020 τοὺς
1076 4958 1169 5011 τοῦ
1198 4960 1363 5031 νόμου
1404 4963 1626 5033 νόμους,
1669 4966 1787 5019 ἀλλ’

208 5045 240 5098 ὁ
271 5043 646 5114 παραϐαίνων.
680 5047 1018 5119 Παραῦαίνει
1059 5051 1135 5117 δέ,
1179 5054 1276 5123 οὑχ
1307 5056 1335 5107 6
1362 5055 1646 5125 σχολάζειν
1686 5058 1787 5112 αὺ-

208 5136 341 5197 τοὺς
367 5136 463 5188 καὶ
491 5135 684 5207 ἀργεῖν
709 5137 1025 5206 ὀφείλοντας
1054 5141 1239 5206 εἰδώς·
1269 5143 1382 5197 ἀλλ’
1416 5148 1443 5197 ὁ
1470 5146 1607 5215 μηδὲ
1628 5148 1786 5202 τοῦτο

1883 4592 2016 4645 tioni
2045 4590 2288 4646 funditus
2309 4606 2427 4645 eam
2453 4592 2741 4655 subruere,
2768 4601 2849 4647 est
2879 4591 3044 4656 illius,
3084 4591 3176 4660 qui
3208 4591 3355 4643 nulla
3387 4605 3453 4643 ex

1882 4692 2034 4753 parte
2091 4683 2207 4754 ejus
2278 4698 2412 4738 usus
2459 4682 2624 4738 fuerit
2670 4682 3177 4753 justiticationibus.
3251 4681 3456 4736 Facere

1883 4783 2060 4829 autem
2080 4785 2139 4829 ut
2173 4775 2583 4844 interquiescat,
2605 4783 2659 4829 et
2688 4775 2867 4831 inanis
2892 4774 3171 4839 reddatur,
3206 4788 3313 4827 non
3348 4772 3454 4828 nisi

1883 4883 2009 4923 cum
2067 4868 2387 4939 congruenti
2422 4867 2732 4922 laudatione
2775 4868 2891 4921 fieri
2930 4877 3131 4937 potest.
3183 4867 3455 4923 lnservire

1886 4960 1953 5016 iis
1982 4977 2103 5031 quae
2124 4964 2239 5032 lege
2263 4962 2603 5026 sanciuntur,
2631 4962 2861 5031 gratiam
2894 4961 3204 5016 subinferre
3247 4971 3451 5023 tamen,

1886 5065 1942 5108 et
1978 5056 2355 5124 imperfectum
2392 5054 2536 5125 quod
2569 5062 2653 5109 est
2681 5054 2782 5110 sub
2813 5056 3050 5123 perfecto
3097 5054 3451 5109 abscondere.

1891 5148 2064 5204 Solvit
2118 5149 2371 5219 quidem,
2426 5165 2534 5203 non
2589 5149 2682 5217 qui
2722 5163 3064 5218 nequaquam
3119 5148 3254 5218 legis
3320 5130 3453 5199 scita

210 5226 368 5292 sirm);
421 5226 441 5297 (
470 5228 651 5282 καίτοι
708 5229 979 5302 πολλαχοῦ
1012 5233 1108 5305 τὴν
1145 5235 1353 5288 οίκείαν
1385 5236 1582 5306 ἀργίαν
1611 5241 1784 5294 αὑτῶν

1890 5241 2307 5310 transgreJitur,
2338 5240 2432 5296 sed
2464 5242 2558 5310 qui
2588 5241 3005 5308 transgreditur.
3032 5238 3456 5309 Transgreditur

212 5318 443 5373 ἐκείνων
469 5319 956 5393 διακεκραγότων),
992 5326 1085 5379 καὶ
1113 5326 1212 5396 οὑχ
1240 5327 1269 5379 6
1298 5328 1435 5397 μετά
1454 5328 1553 5400 τὴν
1591 5332 1784 5402 σχολὴν

1891 5346 2076 5401 porro,
2113 5345 2219 5384 non
2251 5331 2345 5401 qui
2396 5331 2546 5384 novit
2581 5340 2830 5400 oportere
2880 5329 3000 5384 illas
3032 5343 3247 5384 cessare
3281 5337 3335 5382 et
3364 5327 3459 5378 de-

286 5454 330 5486 "
366 5451 509 5511 Psal.
546 5471 670 5524 xu,
701 5459 791 5515 ll.

1511 5642 1745 5697 VARI/13
1778 5642 2177 5701 LECTIONES.

294 5790 320 5822 ⁸
363 5784 793 5857 παρατρέπουσα
824 5784 889 5843 ll.
975 5788 992 5824 ‘
1019 5788 1311 5856 ἀπεγένετο
1341 5787 1405 5845 ll.
1486 5801 1508 5830 υ
1533 5790 1669 5861 μείω
1701 5789 1766 5846 ll.

1866 5800 1893 5831 ν
1920 5792 2101 5846 οὐκέτι
2136 5792 2201 5847 ll.
