3902 6212
383 318 491 383 939

1532 318 1795 377 ΡΗΟΤΙΙ
1840 318 1974 377 ΡΑΤ
1984 318 2335 379 RIARCH/E
2377 322 2486 383 CP.

3542 323 3647 387 910

383 444 660 495 suescere,
720 429 817 485 sed
861 428 955 499 qui
1009 444 1116 483 non
1151 429 1301 484 novit
1350 428 1494 485 istud
1550 431 1717 500 (certe
1772 430 1951 485 multis

2063 432 2159 485 καὶ
2212 433 2313 505 τὴν
2362 435 2522 506 χάριν
2578 435 2889 507 ἀχρήστους
2938 434 3120 502 εἰδὼς,
3151 393 3269 492 ἀλλ’
3322 439 3351 493 6
3402 439 3513 508 πρὸ
3544 440 3647 509 τῆς

382 520 437 574 iu
472 520 607 574 locis
642 517 918 589 propriam
946 520 1304 588 ipsarummct
1328 518 1688 575 cessationem
1721 520 1851 587 ipsa:
1884 520 1959 575 le-

377 626 475 682 ges
502 611 839 682 proclamant
874 612 892 680 )
922 629 936 664 :
975 625 1082 663 non
1141 610 1230 678 qui
1270 622 1392 680 post
1421 611 1650 681 gratiam
1686 621 1740 667 et
1776 627 1957 666 cessa-

378 704 587 757 tionem
636 701 857 756 inutiles
889 701 1158 770 agnoscit,
1194 705 1287 758 sed
1343 704 1437 774 qui
1491 710 1618 758 ante
1642 704 1829 773 gratiae
1861 703 1958 758 ad-

377 812 623 867 ventum,
653 799 782 854 dum
822 800 1001 854 adhuc
1038 799 1348 853 obtinerent
1375 796 1747 865 operationem
1776 810 1953 861 suam,

378 904 638 965 tanquam
693 891 951 964 profanas
998 898 1366 946 aversaretur.
1418 887 1621 943 Sancta
1676 887 1843 958 igitur
1866 888 1954 942 lex

375 992 481 1052 est,
509 985 678 1055 justa,
712 984 875 1047 bona,
907 996 936 1035 a
972 982 1115 1035 bono
1147 979 1406 1034 nimirum
1436 977 1698 1047 profecta,
1735 994 1951 1033 summe

375 1085 585 1139 sancto.
616 1086 670 1131 et
696 1074 1065 1129 omnimodam
1084 1072 1353 1142 justitiam
1380 1070 1784 1140 perfectissime
1820 1085 1956 1138 ope-

373 1178 553 1224 rante.
617 1167 835 1223 Exstitit
884 1166 1212 1236 praenuntia,
1276 1175 1332 1218 at
1381 1179 1529 1219 nunc
1587 1171 1648 1217 ut
1717 1163 1953 1228 inutilis,

369 1261 607 1333 quiescit
640 1272 693 1316 et
722 1260 979 1316 cessavit.
1024 1257 1080 1311 In
1135 1258 1368 1312 adventu
1399 1256 1542 1311 enim
1582 1254 1797 1310 Domini
1830 1270 1957 1326 pro-

368 1354 645 1411 curatoris
690 1353 926 1408 ofﬁcium
967 1366 1183 1407 cessare
1242 1350 1421 1404 debet.
1453 1347 1563 1403 Nec
1598 1357 1718 1417 post
1748 1349 1953 1403 contir-

370 1458 571 1502 matam
602 1446 968 1501 valetudinem
1004 1444 1070 1498 ad
1105 1443 1400 1512 pharmaca
1425 1440 1697 1511 quispiam
1725 1456 1784 1495 se
1816 1454 1954 1494 con-

368 1535 507 1593 feret
534 1556 546 1591 :
599 1553 706 1592 non
735 1538 829 1608 qui
860 1539 985 1592 cibo
1015 1537 1093 1591 uti
1128 1544 1305 1605 potest
1338 1534 1574 1599 fortiori,
1630 1533 1697 1588 de
1736 1533 1952 1588 nutrice

369 1630 593 1687 habebit
638 1630 1111 1694 sollicitudinem;
1168 1644 1273 1681 non
1316 1627 1411 1697 qui
1454 1627 1726 1682 rhetorice
1772 1626 1956 1681 decla-

369 1734 506 1791 mat,
534 1723 865 1794 syllabarum
912 1720 1317 1792 grammatistas
1364 1718 1674 1788 indaganda
1699 1720 1947 1787 quaeret;

368 1831 535 1870 nemo
565 1815 661 1885 qui
693 1815 851 1870 ducis
881 1814 1061 1868 locum
1087 1811 1383 1866 obtinuerit
1416 1811 1468 1865 in
1505 1810 1644 1877 acie,
1688 1810 1947 1864 militari—
1984 1794 2024 1849 Β

365 1909 473 1965 bus
532 1908 758 1964 inscribi
814 1907 1100 1963 ordinibus
1157 1906 1379 1975 cupiet;
1446 1920 1609 1959 nemo
1637 1905 1945 1960 cmlestium

364 2013 595 2068 compos
620 1996 820 2062 factus,
852 1998 992 2051 bona
1022 2005 1235 2050 terrena
1276 1996 1345 2051 iis
1387 1995 1634 2066 praeferet
1676 2014 1689 2050 ε
1728 1996 1820 2050 sed
1854 2012 1952 2053 nec

368 2092 519 2160 regio
579 2098 775 2143 ornatu
813 2088 1142 2150 instructus,
1190 2088 1461 2157 privatam
1510 2087 1773 2153 tunicam,
1815 2088 1950 2142 sub-

360 2182 639 2255 jectorum
666 2180 873 2245 locum,
912 2184 1011 2249 pro
1051 2188 1194 2235 statu
1246 2178 1646 2249 superioritatis
1676 2194 1738 2232 ac
1772 2179 1951 2233 domi-

369 2276 609 2331 nationis
678 2274 1010 2330 immutabit.
1061 2273 1259 2338 Habes,
1295 2278 1349 2328 ni
1398 2273 1578 2340 fallor,
1612 2285 1671 2330 ut
1702 2290 1798 2345 per
1833 2275 1951 2345 epi-

367 2369 631 2424 stolarem
656 2366 913 2432 formam,
941 2366 1122 2422 dubiae
1157 2366 1480 2436 quzestionis
1519 2382 1725 2435 susque
1774 2368 1951 2436 deque

360 2462 601 2535 iactatae,
642 2470 698 2517 et
727 2461 917 2516 multis
944 2461 1224 2515 multoties
1248 2461 1659 2517 inextricabiles
1691 2463 1951 2531 qumstio—

367 2569 469 2611 nes
502 2554 811 2609 exhibentis
858 2554 1159 2608 solutiones
1195 2552 1547 2608 suliiclentes.
1590 2553 1729 2608 Hinc
1752 2552 1946 2620 Judaei,

367 2645 588 2718 Pagani,
624 2645 916 2701 Marcionis
945 2646 1280 2701 assertiones
1352 2646 1782 2706 confundentur,
1819 2647 1943 2719 qui-

366 2751 477 2805 quc
504 2751 601 2805 per
628 2735 898 2807 ejusmodi
940 2735 1342 2807 oppositiouem
1379 2736 1730 2790 multifariam
1758 2747 1946 2793 contra

366 2824 668 2883 Ecclesiam
693 2826 853 2882 divisi
877 2826 1322 2883 insurrexerunt.
1348 2826 1768 2882 Consummavit
1791 2828 1950 2884 Chri-

368 2929 512 2983 stus,
575 2935 683 2974 non
739 2920 992 2976 dissolvit
1021 2920 1192 2991 legem
1225 2937 1237 2973 :
1269 2920 1428 2974 otiari
1476 2919 1627 2982 fecit.
1669 2937 1777 2977 non
1818 2937 1950 2976 cun-

364 3011 696 3067 demnavit:
758 3014 1076 3083 conspirant
1130 3028 1306 3081 usque
1358 3011 1494 3066 adeo
1551 3013 1721 3083 gratia
1754 3024 1808 3067 et
1839 3014 1946 3077 lex,

2060 523 2302 594 χάριτος,
2346 527 2441 580 καὶ
2469 529 2529 581 ὲν
2572 526 2724 599 αὑτῷ
2754 530 2855 599 τῆς
2885 528 3166 598 ἐνεργείας
3208 528 3289 599 τῷ
3332 530 3534 601 καιρῷ,
3568 530 3647 595 ὡς

2060 614 2322 687 βεϐήλους
2360 617 2864 690 ἀποστρεφόμενος.
2895 620 3089 688 ’Ἄγιος
3119 613 3214 674 οὖν
3252 621 3288 674 6
3329 621 3517 691 νόμος,
3550 624 3645 675 καὶ

2055 708 2285 774 δίκαιος,
2316 711 2410 764 καὶ
2438 711 2640 779 ἀγαθός
2663 727 2678 742 ο
2707 711 2916 779 ἀγαθοῦ
2954 712 3085 782 γὰρ,
3135 712 3215 777 ὡς
3260 712 3505 784 ἀληθῶς,
3548 717 3646 769 καὶ

2058 801 2385 873 ὑπεραγίου,
2415 803 2511 857 καὶ
2539 804 2720 857 πᾶσαν
2763 802 3117 873 δικαιοσύνην
3148 804 3446 875 ὑπερφυῶς
3485 807 3643 859 τελε-

2059 895 2293 966 σαμένου
2323 895 2535 967 ὑπῆρχε
2582 895 2917 964 προάγγελος
2938 912 2952 925 ·
2994 893 3267 966 ἄχρηστος
3290 897 3346 950 δὲ
3377 898 3473 951 καὶ
3514 916 3643 969 σχοο

2058 986 2211 1052 λάζει
2255 988 2347 1042 καί
2394 988 2689 1041 πέπαυται.
2733 986 3072 1057 Ἐφεστῶτος
3114 986 3225 1058 γάρ
3258 986 3352 1040 τοῦ
3402 989 3643 1059 Κυρίου,

2057 1081 2351 1153 ἡσυχάζειν
2401 1080 2484 1137 δεῖ
2505 1079 2576 1134 τὰ
2608 1077 2701 1133 τοῦ
2736 1077 3076 1151 ἐπιτρόπουο
3127 1078 3223 1131 καὶ
3269 1078 3447 1142 οὐδεὶς
3500 1080 3645 1149 μετά

2056 1170 2156 1241 τὴν
2182 1170 2429 1242 καθαρὰν
2463 1170 2682 1239 ὑγίειαν
2730 1171 2824 1223 ἐπὶ
2845 1172 2914 1224 τὰ
2946 1170 3217 1241 φάρμακα
3264 1172 3483 1241 τρέχει·
3518 1170 3643 1225 οὐδὲ

2059 1263 2286 1332 στερεᾶς
2297 1262 2502 1333 τροφῆς
2523 1261 2836 1327 ἀπολαύων,
2860 1260 2960 1331 τὴν
2977 1260 3321 1331 θηλάζουσαν
3341 1263 3645 1333 περιεργά-

2058 1354 2246 1418 ζεται⁶
2284 1354 2406 1407 οὐδὲ
2440 1352 2775 1425 ρητορεύων,
2808 1354 2936 1416 τοὺς
2986 1352 3095 1405 τῶν
3141 1352 3425 1406 συλλαϐῶν
3449 1370 3639 1424 γραμ-

2060 1449 2325 1518 ματιστὰς
2350 1447 2528 1518 ζητῶν
2549 1446 2898 1517 περιέρχεται
2915 1463 2929 1477 ο
2960 1446 3020 1499 οὑ
3051 1446 3163 1518 μὴν
3190 1445 3299 1498 οὐδ’
3319 1447 3399 1507 είς
3431 1462 3642 1515 στρατ-

2054 1540 2225 1609 ηγοὺς
2273 1538 2551 1607 ἀναχθεὶς,
2596 1538 2695 1609 τὴν
2728 1536 2835 1589 τῶν
2862 1536 3211 1607 στρατιωτῶν
3260 1536 3415 1606 λῆξιν
3440 1538 3645 1589 ἐπιπο-

2057 1630 2293 1703 θήσειεν.
2323 1629 2458 1683 Οὐδὲ
2483 1630 2610 1692 τοὺς
2648 1628 2915 1699 οὐρανοὺς
2959 1627 3163 1693 λαϐὼν,
3198 1627 3268 1681 τά
3299 1626 3484 1696 ἀγαθά
3532 1626 3635 1697 τῆς

2056 1723 2159 1793 γῆς
2204 1722 2630 1792 προτιμήσειεν·
2681 1719 2870 1790 ῶσπερ
2904 1720 3010 1772 οὐδ’
3053 1720 3082 1773 ὁ
3129 1718 3413 1788 βασιλείαν
3456 1719 3640 1781 hab“

2052 1814 2142 1867 τὸν
2171 1813 2387 1884 ἰδιώτην
2420 1812 2645 1883 χιτῶνα,
2674 1813 2769 1864 καὶ
2795 1811 2895 1881 τὴν
2920 1811 3163 1881 ὑπήκοον
3181 1806 3355 1875 τάξιν,
3380 1811 3509 1866 ἀντὶ
3536 1810 3640 1880 τῆς

2053 1907 2458 1976 ὲπιστατούσης
2484 1906 2580 1959 καλ⁸
2603 1904 2822 1976 κυρίας,
2852 1902 3162 1968 ἀλλάξαιτο.
3197 1904 3383 1973 Ἔχεις
3409 1902 3638 1965 ἱκανῶς,

2052 1999 2232 2072 οἶμαι,
2269 2000 2364 2055 καὶ
2399 1999 2662 2068 μάλιστα,
2687 1997 2762 2062 ὡς
2805 1999 2863 2050 ὲν
2893 1996 3188 2064 ἐπιστολῆς
3212 1995 3387 2066 τόπῳ,
3422 1995 3641 2065 ἀπορή-

2056 2109 2230 2162 ματος
2258 2091 2372 2145 ἄνω
2403 2090 2497 2143 καὶ⁵
2523 2090 2674 2143 κάτω
2704 2087 3032 2158 φερομένου,
3072 2085 3169 2140 καὶ
3196 2084 3400 2155 πολλὴν
3435 2083 3638 2137 πολλά-

2052 2202 2141 2249 κις
2178 2183 2493 2255 ἀμηχανίαν
2525 2180 2968 2251 παρεσχημένου,
2995 2178 3093 2242 τὰς
3113 2176 3293 2241 λύσεις
3325 2175 3627 2245 ἀφθόνους·

2052 2279 2119 2332 δι’
2145 2272 2220 2333 ῶν
2255 2277 2351 2331 καὶ
2396 2275 2666 2340 Ἰουδαῖοι,
2698 2274 2794 2327 καὶ
2830 2272 3116 2342 Ἕλληνες,
3146 2271 3243 2325 καὶ
3280 2270 3330 2323 οί
3364 2268 3637 2339 Μαρκίω-

2052 2387 2142 2434 νος
2167 2369 2316 2437 λόγοι
2361 2366 2828 2438 συγχυθήσονται·
2871 2364 3027 2418 αὐτοὶ¹
3060 2360 3310 2427 δόξαντες
3350 2360 3636 2423 πολλάκις,

2052 2461 2143 2515 διὰ
2164 2463 2260 2531 τῆς
2293 2459 2550 2530 τοιαύτης
2579 2456 2959 2529 παρατάξεως,
2985 2455 3087 2525 τῆς
3133 2452 3466 2522 Ἔκκλησίας
3493 2470 3630 2506 κατ-

2052 2551 2457 2617 εξανίστασθαι.
2507 2548 2823 2603 Ἐτελείωσε
2860 2547 2967 2615 γὰρ
2996 2549 3087 2599 τὸν
3112 2546 3277 2616 νόμον
3322 2545 3351 2596 6
3376 2537 3635 2615 Χριστὸς,

2055 2645 2169 2700 ἀλλ’
2206 2646 2268 2698 οὐ
2304 2643 2568 2698 κατέλυσε
2591 2660 2605 2675 ο
2639 2642 2732 2695 καὶ
2766 2640 3024 2704 ἔπαυσεν,
3066 2638 3181 2691 ἀλλ’
3207 2638 3307 2691 οὐκ
3332 2636 3596 2705 ἀνέτρεψε
3617 2652 3633 2664 ·

2051 2740 2145 2792 καὶ
2158 2738 2310 2801 τέλος
2327 2737 2473 2790 ἐστὶν
2491 2733 2677 2796 αὐτοῦ,
2693 2734 2807 2787 ἀλλ’
2823 2735 2922 2787 οὐκ
2943 2732 3236 2801 ἀναίρεσις·
3253 2731 3348 2783 καὶ
3362 2730 3635 2800 ἦργήσεν,

2050 2830 2164 2886 ἀλλ’
2185 2830 2244 2883 οὐ
2270 2828 2536 2882 διέϐαλλε·
2560 2827 2654 2879 καὶ
2679 2823 3111 2896 συμφωνοῦσινὴ
3135 2824 3293 2893 χάρις
3312 2824 3404 2875 καὶ⁵
3428 2822 3457 2873 6
3472 2822 3636 2891 νόμος

2051 2922 2166 2976 ἀλλ’
2194 2923 2254 2975 οὐ
2280 2922 2564 2991 μάχονται.
2588 2919 2652 2972 Εἰ
2684 2918 2740 2979 δέ
2769 2935 2853 2981 τις
2891 2918 2984 2971 καὶ
3021 2915 3180 2968 τοῦτο
3215 2915 3385 2983 λέγοι,
3410 2913 3502 2966 τδν
3535 2912 3635 2981 μὲν

2050 3017 2107 3069 ὲν
2126 3013 2205 3086 τῷ
2226 3014 2514 3085 γράμματι
2542 3012 2707 3087 νόμον
2746 3010 3027 3064 λελυκέναι
3049 3010 3139 3062 τὸν
3176 3006 3399 3077 Κύριον,
3425 3004 3639 3074 πεπλη-

364 3118 476 3160 non
508 3112 768 3174 pugnant.
798 3103 853 3158 Si
881 3104 1004 3175 quis
1043 3113 1254 3159 asserat
1300 3104 1590 3158 Dominum
1625 3106 1947 3162 dissolvisse

2057 3108 2288 3177 ρωκέναι
2329 3105 2386 3158 δὲ
2435 3104 2525 3158 τὸν
2558 3106 2617 3158 ἐν
2662 3102 2954 3173 πνεύματι,
3010 3100 3163 3154 οὐδὲν
3189 3099 3301 3152 τῶν
3328 3096 3635 3153 ἀπεικότων

365 3195 503 3265 legis
536 3197 796 3263 litteram,
833 3197 1145 3269 implevisse
1172 3205 1355 3251 autem
1388 3198 1725 3267 spiritualem
1752 3200 1946 3270 legem,

2046 3202 2181 3271 ἐρεῖ.
2206 3200 2279 3252 Τὸ
2305 3199 2360 3252 δὲ
2382 3198 2582 3267 λέγειν,
2606 3198 2687 3251 ὅτι
2708 3196 2799 3249 τὸν
2830 3199 2927 3265 μὲν
2948 3195 3040 3265 τῆς
3063 3191 3442 3262 δευτερώσεως
3470 3188 3635 3259 νόμον

366 3303 477 3342 non
508 3288 718 3343 abludit
739 3305 768 3343 a
798 3305 923 3343 vero
954 3289 1098 3358 quod
1118 3289 1195 3345 sic
1223 3288 1543 3343 aliirmatur.
1582 3289 1650 3345 At
1673 3289 1947 3347 aliirmare

2057 3292 2239 3359 ἔλυσε,
2271 3292 2366 3345 τὸν
2413 3291 2470 3344 δὲ
2516 3291 2615 3359 τῆς
2669 3288 2892 3363 πρώτης
2941 3287 3262 3359 νομοθεσίας
3325 3283 3631 3354 ἐπλήρωσε,

363 3378 512 3448 quod
573 3378 709 3448 legis
787 3378 1109 3433 deuterosin
1175 3378 1471 3457 dissolvit,
1519 3379 1696 3445 primo
1758 3387 1945 3433 autem

2057 3382 2354 3456 ληρούντων
2391 3383 2562 3440 ἐστίν.

365 3469 634 3523 sancitam
696 3469 869 3540 legem
916 3469 1201 3541 implevit,
1256 3468 1541 3524 delirantis
1585 3479 1670 3524 est
1726 3478 1948 3527 senten-

364 3560 463 3616 tia.

461 3673 784 3741 ΟΗᾸΞΞΤΙΟ
815 3674 901 3730 CC
929 3674 1116 3746 [Coisl.
1144 3672 1425 3735 CCXXIX.
1455 3672 1619 3730 Taur.
1646 3672 1874 3746 CCXX].

363 3765 499 3825 Cum
528 3768 784 3821 Dominus
809 3768 953 3820 dicat
985 3784 1002 3821 :
1038 3786 1055 3817 ι
1092 3767 1271 3821 Nolite
1311 3768 1636 3836 margaritas
1693 3768 1951 3836 projicere

540 3839 737 3908 porcis,
772 3858 789 3888 ι
828 3837 1087 3907 quomodo
1116 3838 1336 3891 docendi
1373 3849 1494 3891 sunt
1524 3839 1800 3907 inﬁdeles?

2627 3666 2964 3724 ΕΡΩἸἬΣῙΣ
2996 3665 3070 3718 Σ’.

2064 3761 2178 3832 Τοῦ
2204 3760 2428 3827 Κυρίου
2455 3757 2766 3832 ieram-oc,
2806 3776 2825 3808 ι
2853 3754 2947 3823 Μὴ
2970 3754 3239 3832 eadem
3267 3751 3636 3832 μιξργιξρίτξις

2127 3817 2468 3899 ἔμπροσθεν
2495 3817 2614 3881 τῶν
2652 3817 2888 3899 χοῖρων,
2932 3817 3045 3879 ἷκ.
3081 3822 3248 3893 ἑξῆς,
3267 3817 3406 3889 πῶς’
3428 3817 3519 3875 δεῖ
3547 3817 3636 3871 δι-

2116 3898 2367 3955 δᾶσκειν
2390 3898 2533 3965 τοὺς
2552 3898 2884 3961 ἀπίστουςὶ

1039 4036 1182 4091 Edita
1205 4053 1229 4089 a
1255 4038 1550 4087 Montacutio
1577 4038 1679 4099 (ep.
1706 4037 1769 4087 54
1796 4039 1855 4087 ad
1880 4038 1945 4089 Se

2057 4052 2131 4098 ω,
2153 4052 2201 4100 p.
2231 4036 2482 4099 107-110).
2508 4064 2571 4074 -
2593 4035 2767 4085 Matth.
2798 4048 2883 4094 τοί,
2903 4033 2950 4084 6.

433 4138 637 4199 Sancta
667 4147 723 4193 et
741 4137 1073 4209 margaritae,
1104 4153 1226 4192 cum
1258 4138 1428 4194 divini
1456 4137 1607 4192 verbi
1643 4138 1955 4207 praedicatio

361 4227 468 4298 est,
519 4244 632 4286 tum
683 4238 738 4287 et
785 4247 986 4302 corpus
1038 4231 1383 4287 Dominicum
1433 4240 1487 4287 et
1520 4231 1953 4286 immaculatum.

364 4323 695 4394 Margaritze,
738 4338 806 4377 eo
842 4323 987 4393 quod
1028 4324 1265 4394 pretiosa
1301 4324 1432 4386 sint,
1469 4333 1522 4377 et
1566 4322 1712 4392 quod
1744 4322 1955 4394 fulgen-

363 4426 474 4471 tem
523 4416 717 4470 salutis
750 4415 1092 4485 splendorem
1129 4414 1202 4468 ab
1237 4416 1303 4470 iis
1346 4415 1633 4477 emittunt,
1682 4415 1777 4484 qui
1826 4430 1951 4469 cum

2126 4139 2292 4207 ’Δγια
2321 4137 2415 4194 καὶ
2440 4140 2799 4210 μαργαρῖται,
2825 4139 2853 4191 ὅ
2890 4155 2951 4191 τε
2978 4136 3073 4191 τοῦ
3102 4136 3250 4190 θείου
3272 4138 3635 4207 κηρύγματος

2051 4228 2230 4299 λόγος,
2256 4230 2351 4283 καὶ
2399 4230 2459 4282 τὸ
2487 4230 2819 4283 Δεσποτικὸν
2848 4232 2943 4283 καί⁵
2982 4231 3253 4301 ἄχραντον
3298 4229 3631 4300 χρηματίζει

2053 4324 2246 4394 σῶμα⁶
2282 4325 2624 4394 μαργαρῖται
2658 4323 2757 4392 μὲν
2784 4323 2866 4376 ὅτι
2909 4322 3090 4394 τίμια,
3122 4324 3216 4377 καὶ
3252 4323 3335 4375 ὅτι
3365 4322 3631 4394 λαμπρὰν

2050 4412 2150 4481 τῆς
2178 4411 2451 4482 σωτηρίας
2483 4412 2583 4480 τὴν
2602 4411 2799 4482 αἴγλην
2830 4414 2945 4475 τοῖς
2974 4412 3284 4483 εἰλικρινῶς
3311 4413 3633 4480 προσιοῦσιν

362 4512 579 4564 sincero
620 4510 808 4562 animo
852 4508 1072 4562 adeunt.
1112 4507 1308 4563 Sancta
1359 4518 1562 4572 autem,
1594 4508 1735 4576 quod
1772 4514 1825 4561 et
1853 4523 1946 4561 ve-

2057 4504 2436 4574 ὲκπέμπουσιν
2461 4519 2474 4532 ⁸
2508 4505 2639 4572 am
2675 4505 2755 4569 δὲ,
2782 4505 2865 4558 ὅτι
2901 4504 2970 4557 τὰ
2994 4514 3020 4541 ι
3062 4505 3237 4558 σεπτά
3297 4506 3394 4557 καὶ
3421 4507 3505 4558 ὅτι
3535 4506 3636 4573 τῆς

364 4602 630 4673 neranda,
666 4612 719 4655 et
756 4600 901 4669 quod
947 4614 1184 4655 excusso
1220 4614 1407 4654 errore
1448 4598 1665 4655 veritati
1712 4613 1814 4652 nos
1846 4613 1945 4668 ap-

366 4691 629 4760 penduut.
682 4689 857 4744 Canes
909 4698 1036 4744 sunt
1085 4698 1139 4743 et
1182 4689 1419 4744 haeretici
1466 4700 1520 4743 et
1562 4689 1791 4759 pagani,
1852 4688 1947 4757 qui

363 4798 488 4841 cum
518 4798 661 4855 saepe
700 4782 979 4852 religionis
1024 4783 1331 4837 rudimenta
1376 4782 1549 4851 prima
1580 4782 1757 4836 infusa
1789 4782 1949 4835 audi-

363 4874 563 4935 veriut,
608 4890 714 4928 non
751 4882 960 4929 tantum
995 4873 1207 4928 meliori
1242 4882 1387 4927 statu
1433 4889 1540 4927 non
1593 4881 1741 4933 sunt.
1774 4872 1868 4927 sed
1899 4883 1955 4927 et

366 4965 572 5019 rabiem
615 4980 771 5020 suam
796 4965 1033 5033 produnt
1067 4966 1237 5020 multo
1275 4966 1493 5036 quidem
1528 4965 1788 5019 furiosius
1817 4980 1953 5018 con-

367 5065 449 5110 tra
492 5070 704 5110 sacram
736 5061 789 5107 et
818 5064 1062 5111 sanctam
1097 5066 1341 5111 nostram
1376 5057 1656 5127 pietatem,
1690 5056 1831 5110 ultra
1861 5072 1955 5110 ca-

372 5163 468 5203 ues
497 5147 838 5201 allatrautes.
881 5146 1037 5202 l’orci
1070 5159 1333 5204 vocantur
1353 5190 1369 5214 ,
1411 5158 1681 5220 quotquot
1717 5163 1877 5202 emno
1900 5156 1955 5202 et

364 5242 480 5294 luto
508 5239 824 5310 passionum
863 5243 1198 5298 convolutati
1219 5284 1234 5306 ,
1274 5260 1403 5313 erga
1433 5244 1835 5299 admonitiones
1868 5243 1952 5298 in—

368 5343 585 5387 sensate
634 5344 688 5386 et
733 5334 851 5388 sine
889 5335 1261 5407 resipiscentia
1299 5346 1472 5392 semet
1516 5346 1730 5405 gerunt.
1792 5336 1954 5389 llisce

367 5424 628 5482 onmibus
682 5440 793 5480 non
843 5441 966 5483 esse
1017 5428 1203 5483 divina
1263 5428 1649 5499 impertienda.
1668 5426 1931 5499 mysteria

2056 4596 2263 4665 πλάνης
2314 4595 2664 4665 ἀφορίζοντες
2698 4598 2764 4667 τῇ
2800 4596 3028 4667 ἀληθείᾳ
3060 4596 3417 4650 ἀνατιθέασι·
3472 4597 3637 4660 κύνες

2047 4690 2124 4753 δὲ,
2158 4691 2254 4747 καὶ
2284 4690 2393 4746 τῶν
2424 4691 2739 4758 αἱρετικῶν,
2786 4691 2882 4744 καὶ
2916 4691 3026 4744 τῶν
3063 4690 3329 4755 ἀπίστων,
3358 4690 3477 4742 ὅσοι
3504 4690 3636 4741 πολι

2048 4780 2206 4844 λάκις
2232 4782 2322 4834 τὸν
2348 4782 2445 4849 τῆς
2462 4782 2745 4846 εὐσεϐείας
2761 4781 3162 4854 κατηχηθέντες
3182 4783 3362 4850 λόγον,
3380 4783 3443 4835 ού
3473 4784 3636 4852 μόνον

2050 4874 2203 4929 οὐδὲν
2252 4876 2474 4941 ἄμεινον
2531 4875 2878 4942 διετέθησαν,
2910 4874 3047 4929 ἀλλὰ
3121 4877 3217 4927 καὶ
3270 4876 3371 4945 τὴν
3425 4875 3637 4928 λύσσαν

2051 4966 2231 5019 αὐτῶν
2263 4967 2401 5020 κατά
2420 4968 2520 5037 τῆς
2539 4968 2692 5033 ἱερᾶς
2712 4969 2867 5039 ἡμῶν
2900 4968 3198 5040 θρησκείας
3221 4967 3636 5038 ἐμμανέστερον

2052 5059 2231 5113 κυνῶν
2280 5060 2656 5114 ὑλακτούντων
2697 5061 3061 5127 ἐπεδείξαντο·
3095 5064 3267 5131 χοῖροι
3298 5062 3376 5124 δὲ,
3405 5061 3521 5114 ὅσοι
3554 5061 3637 5131 τῷ

2055 5151 2302 5224 βορϐόρῳ
2352 5154 2463 5207 τῶν
2522 5153 2714 5208 παθῶν
2766 5154 3266 5225 ὲγκαλινδούμενοι,
3324 5155 3463 5225 πρὸς
3529 5154 3631 5213 τάς

2053 5244 2404 5312 παραινέσεις
2438 5247 2781 5317 ἀναισθήτους
2808 5265 2867 5300 τε
2910 5249 3005 5300 καὶ
3032 5247 3444 5317 ἀνεπιστρόφως
3472 5246 3631 5317 ἐχου-

2055 5347 2160 5385 σιν.
2188 5327 2284 5395 Οἷς
2330 5334 2534 5389 ἆπασιν
2564 5338 2593 5389 6
2629 5335 2772 5400 θεῖος
2822 5337 3186 5400 ἁποθεσπίζει
3237 5337 3509 5408 χρησμὸς,
3556 5339 3632 5405 μὴ

2053 5425 2367 5496 προτιθέναι
2393 5428 2461 5483 τά
2500 5428 2620 5485 θεῖα
2646 5430 2925 5503 μυστήρια
2948 5472 2964 5499 ,
2996 5430 3251 5499 ἀναξίους
3283 5431 3532 5493 ἑαυτοὺς,
3563 5427 3631 5481 δι’

1672 5608 1902 5667 VARUS
1939 5610 2339 5669 LECTIONES.
