3902 6212
242 290 347 356 941

1209 297 1310 357 AD
1331 297 1926 359 AMPHILOCHIUM
1963 301 2307 372 QU.EST[0
2340 302 2448 365 CC.

3390 298 3499 364 962

244 396 323 456 ῶν
349 400 615 473 ἔπραξαν,
655 401 1144 473 παρεσκευακότας
1167 402 1269 472 τῆς
1294 403 1611 474 ὑπερφυοῦς
1637 421 1816 474 σωτη-
1843 454 1849 463 ,

1956 407 2098 462 ivina
2132 410 2355 464 oracula
2403 410 2723 480 prodidere;
2773 410 2972 481 quippe
3006 411 3097 483 qni
3127 410 3241 483 jam
3275 411 3404 467 olim
3441 422 3502 466 se

250 495 374 568 ρίας
402 495 495 547 καὶ
532 493 752 565 χάριτος
778 510 794 525 ·
842 493 961 549 ἀλλ’
1011 495 1060 548 εἰ
1117 495 1241 565 μηδ’
1280 496 1490 565 ἑτέροις
1533 505 1561 545 7
1614 496 1821 551 τούτων

250 587 453 648 δοτέον,
477 585 606 649 ίσως
639 585 705 640 ἀν
736 603 822 650 τις
852 585 1225 657 διαπορήσειε,
1267 585 1410 640 τίσιν
1444 587 1583 651 ὅλως
1606 588 1817 654 δοτέονς

247 680 396 751 Φημὶ
419 678 735 749 τοιγαροῦν,
768 681 884 742 τοῖς
915 695 975 731 τε
1001 681 1214 743 πιστοῖς
1241 679 1335 733 καὶ
1366 678 1693 751 ὀρθοδόξοις,
1726 682 1822 734 καὶ

248 766 378 835 οἷ’ςό
403 770 517 841 βίος
543 773 610 842 τῇ
662 770 842 824 πίστει
878 766 1313 841 συμφθέγγεται.
1373 771 1534 825 Ἀλλά
1572 773 1670 825 καὶ
1710 772 1821 825 τῶν

247 862 519 928 ἀπίστων,
546 865 638 916 καὶ
681 862 745 933 δὴ
790 863 1023 917 καὶτῶν
1052 864 1365 936 αἰρετικῶν,
1414 865 1511 918 καὶ
1564 864 1674 936 μὴν
1726 865 1823 919 καὶ

249 955 360 1007 τῶν
386 954 524 1022 πρὸς
553 954 903 1027 καθαρότητα
934 956 1209 1021 πολιτείας
1254 956 1696 1029 διαϐεϐλημένων
1728 957 1825 1011 καὶ

251 1044 458 1113 ταύτης
482 1045 915 1112 ὁλισθαινόντων,
930 1048 1173 1111 ἐκείνους
1191 1047 1269 1118 τῷ
1294 1047 1438 1120 λόγῳ
1464 1049 1823 1121 κατηχητέον,

256 1134 352 1189 καὶ
382 1139 740 1210 χειραγωγεῖν
770 1136 1151 1209 προθυμητέον
1174 1156 1188 1170 ·
1220 1139 1417 1201 οἵτινές
1456 1140 1596 1194 εἰσιν
1636 1139 1826 1212 ῶσπερ

258 1228 511 1297 πρόϐατα
541 1232 618 1302 μὴ
646 1231 839 1303 έχοντα
869 1230 1121 1301 ποιμένα,
1153 1230 1249 1285 καί
1275 1230 1481 1303 σφόδρα
1499 1230 1709 1286 δέονται
1728 1232 1829 1301 τῆς

261 1323 631 1395 ποιμαντικῆς
661 1319 985 1385 ἐπιστασίας
1015 1320 1113 1375 καὶ
1135 1323 1511 1393 κατηχήσεως.
1566 1323 1689 1376 Ἐπί⁵
1706 1322 1831 1377 τού·

258 1426 374 1475 τοις
400 1411 511 1483 γὰρ
538 1415 634 1468 ναὶ
686 1415 716 1468 6
769 1411 974 1483 Κύριος
1020 1412 1469 1484 σπλαγχνίζεται,
1512 1415 1607 1469 καὶ
1639 1415 1831 1487 τρέφει

259 1503 471 1570 τροφὴν
516 1505 579 1558 τό
626 1522 685 1558 τε
727 1505 885 1573 σῶμα
945 1505 1296 1576 συνέχουσαν,
1351 1507 1447 1561 καί
1504 1509 1604 1579 τὴν
1651 1508 1832 1580 ψυχὴν

262 1590 576 1660 βελτιοῦσάν
611 1611 668 1647 τε
728 1596 822 1648 καί
858 1595 1219 1665 στηρίζουσαν
1246 1611 1262 1627 '
1317 1593 1464 1652 εῐενσ
1529 1598 1667 1653 ἀλλά
1716 1601 1834 1664 πῶς

268 1682 551 1751 ῥίπτουσιν
599 1687 1030 1757 ἐπιστραφέντες
1091 1689 1140 1742 οἰ
1193 1691 1365 1760 χοῖροι
1427 1690 1522 1743 καὶ
1569 1693 1618 1744 οἰ
1671 1692 1835 1753 κύνες

194 1822 195 1825 η
264 1748 411 1841 τοὺς,
439 1776 572 1839 εῑτις
600 1748 783 1842 αὐτοῖς
815 1748 1043 1850 προθείη
1077 1780 1113 1851 ἀ
1141 1748 1225 1852 μὶί
1264 1748 1459 1851 θέμις;
1488 1781 1521 1852 ἢ
1546 1782 1724 1853 δῆλον,
1760 1748 1835 1847 ὡς
1870 1748 1908 1801 Β

264 1868 313 1918 οἰ
346 1868 444 1936 μὲν
472 1870 864 1941 κωμῳδοῦντες
907 1872 1004 1925 καὶ
1031 1874 1393 1941 ἐπιγελῶντες
1422 1876 1518 1929 καὶ
1544 1875 1837 1946 χλευάζον-

263 1975 355 2021 τες
374 1958 442 2012 τά
471 1960 654 2032 πάσης
685 1963 965 2035 εὐφημίας
990 1965 1289 2038 ὑπέρτερα,
1324 1968 1374 2021 οἰ
1401 1968 1480 2034 δέ,
1515 1969 1576 2023 τὸ
1599 1970 1839 2040 καθαρὸν

265 2051 445 2105 αὐτῶν
469 2056 559 2106 καὶ
577 2054 996 2128 ὑπέρλαμπρον,
1014 2059 1103 2114 διὰ
1120 2061 1219 2130 τῆς
1238 2061 1446 2127 οἰκείας
1469 2063 1836 2136 ἀκαθαρσίας,

267 2143 365 2195 καὶ
414 2145 817 2217 ἀνεπιστρόφου
864 2148 1231 2221 φαυλότητος,
1266 2151 1624 2224 βεϐηλοῦντές
1656 2172 1716 2208 τε
1745 2157 1841 2209 καί

267 2237 830 2307 καταρῤυπαίνοντες.
856 2234 957 2295 ’Ὧν
984 2242 1241 2313 ἑκάτερον
1271 2245 1568 2316 ἀνατρέχον
1606 2248 1687 2312 εἰς
1714 2249 1841 2313 τοὺς

264 2327 691 2397 ἀπερισκέπτως
736 2333 830 2386 καὶ
887 2334 1057 2403 χωρὶς
1090 2335 1346 2405 προνοίας
1376 2339 1842 2408 οἰκονομήσαντας

266 2416 329 2469 τὸ
387 2420 711 2491 μυστήριον,
771 2423 978 2477 πτῶσιν
1011 2425 1192 2478 αὐτῶν
1234 2426 1481 2499 χαλεπὴν
1537 2430 1634 2484 καὶ
1697 2431 1842 2501 μέγα

266 2505 470 2567 ὄνειδος
503 2510 899 2583 ἀπεργάζεται.
933 2513 1139 2585 Είησαν
1171 2516 1217 2569 δ’
1259 2517 1327 2571 ἀν
1377 2521 1714 2590 μαργαρῖται
1747 2520 1843 2574 καὶ

268 2596 425 2665 ἅγια,
454 2602 514 2653 οὐ
542 2602 610 2654 τά
644 2603 912 2675 εἰρημένα
946 2605 1126 2676 μόνον,
1157 2607 1293 2660 ἀλλά
1330 2625 1395 2677 γε
1440 2611 1538 2664 καὶ
1566 2611 1675 2665 τῶν
1714 2611 1846 2667 θαυ-

273 2690 461 2759 μάτων
497 2695 568 2747 τὰ
594 2698 946 2768 χαρίσματαο
980 2701 1076 2753 καί
1118 2701 1256 2771 πρὸς
1299 2702 1533 2767 τούτοις,
1586 2705 1729 2760 αὐτὰ
1775 2706 1844 2762 τὰ

273 2782 557 2853 θαύματω
592 2787 688 2840 καὶ
720 2789 923 2860 τρίτον,
956 2792 1005 2844 εἰ
1050 2790 1249 2861 βούλει,
1281 2793 1343 2846 τὸ
1364 2794 1723 2850 ἀποστολικὺν
1750 2800 1846 2853 καὶ

274 2874 417 2928 θεῖον
458 2876 697 2949 ἀξίωμα,
751 2882 779 2933 ὃ
809 2884 950 2936 κατὰ
981 2884 1230 2955 διαδοχὴν
1257 2884 1318 2938 τὸ
1360 2887 1662 2958 ἀρχιερέων
1690 2890 1847 2957 γένος

274 2968 471 3037 ὁρᾶται
499 2970 892 3044 κληρούμενον.
928 2976 1092 3030 Οὐδὲν
1121 2978 1230 3050 γὰρ
1266 2979 1491 3043 τούτων,
1526 2983 1587 3036 οὐ
1632 2984 1731 3053 μὲν
1751 2982 1847 3038 οῦν

1923 501 2177 573 indignos
2205 512 2512 572 gesserunt,
2549 519 2645 572 per
2690 518 2856 573 opera
2911 518 3034 567 sua,
3074 504 3363 559 excellenti
3413 505 3501 558 illa

1923 593 2095 663 gratia
2131 603 2183 647 et
2210 593 2403 649 salute.
2438 593 2592 659 Quod
2627 595 2671 649 si
2713 594 2920 649 neutris
2952 596 3181 649 istorum
3219 595 3335 651 lucc
3356 611 3507 650 com-

1924 681 2257 737 municanda
2302 682 2434 744 sint,
2483 697 2591 738 non
2636 684 2872 739 absurde
2910 684 3182 753 quispiam
3222 684 3509 741 dubitave-

1925 772 2014 836 rit,
2049 788 2118 827 an
2169 772 2445 842 aliquibus
2474 772 2699 828 omnino
2748 774 2859 828 sint
2883 771 3340 826 communicanda
3378 790 3393 826 :
3426 782 3508 826 et-

1926 863 1993 929 si,
2046 875 2159 918 tum
2214 864 2452 934 quibus?
2505 863 2604 919 Hic
2664 865 2893 928 amrmo,
2931 863 3183 918 ﬁdelibus
3226 874 3282 919 et
3319 863 3509 917 ortho-

1926 957 2115 1021 dnxis,
2142 972 2375 1027 quorum
2415 957 2523 1011 vita
2577 955 2906 1027 professioni
2953 956 3266 1025 respondet.
3319 954 3424 1010 Sed
3458 963 3513 1009 et

1929 1048 2217 1112 increduli,
2257 1059 2312 1104 et
2357 1048 2621 1110 haeretici,
2670 1057 2725 1103 et
2758 1048 2852 1118 qui
2901 1048 3012 1101 vita
3057 1063 3247 1116 parum
3290 1062 3425 1116 pura
3459 1056 3511 1099 et

1930 1138 2156 1194 honesta
2204 1138 2693 1203 commendantur,
2757 1140 2851 1193 sed
2900 1136 3146 1193 defectus
3208 1136 3512 1207 patiuntur,

1928 1232 2099 1287 verbo
2126 1242 2253 1287 sunt
2279 1231 2625 1295 instituendi,
2657 1239 2711 1285 et
2739 1246 2906 1285 manu
2938 1229 3128 1285 sedula
3158 1228 3460 1284 deducendi
3500 1246 3513 1279 :

1932 1332 2059 1379 sunt
2086 1324 2231 1379 enim
2269 1335 2527 1394 tanquam
2580 1339 2714 1379 oves
2743 1333 3013 1394 pastorem
3056 1339 3163 1377 non
3214 1322 3516 1388 habentes,

1932 1415 2135 1485 quibus
2165 1415 2313 1469 omni
2350 1414 2510 1470 modo
2552 1428 2692 1485 opus
2720 1421 2808 1469 est
2857 1413 3141 1482 pastoritia
3173 1410 3518 1483 praesidentia

1933 1519 1985 1563 et
2008 1506 2418 1562 informatione.
2450 1507 2586 1577 Erga
2626 1507 2763 1563 istos
2798 1507 3189 1562 misericordia:
3219 1506 3522 1561 visceribus

1936 1609 2184 1654 movetur
2223 1597 2485 1654 Dominus
2517 1617 2529 1653 :
2562 1598 2743 1653 cibum
2774 1598 2885 1652 illis
2915 1606 3165 1667 apparat.
3198 1598 3292 1666 qui
3324 1606 3378 1652 et
3403 1611 3525 1652 cor-

1937 1709 2039 1763 pus
2068 1691 2393 1755 consolidet,
2427 1699 2479 1745 et
2511 1691 2750 1745 animam
2782 1690 3046 1745 redditam
3085 1691 3366 1745 meliorem
3397 1704 3525 1744 con-

1940 1780 2133 1833 lirmet.
2171 1777 2277 1832 Sed
2327 1785 2446 1832 esto
2492 1786 2696 1840 tamen,
2751 1778 3029 1847 quomodo
3086 1778 3233 1847 porci
3275 1780 3524 1833 conversi

1939 1871 2203 1941 dejiciunt
2239 1870 2352 1932 illa,
2385 1881 2439 1925 et
2472 1885 2637 1925 canes
2686 1870 2731 1925 si
2783 1871 2906 1940 quis
2941 1871 3008 1924 iis
3040 1871 3359 1940 apposuerit
3405 1885 3528 1939 quae

1941 1979 2049 2018 non
2081 1962 2454 2019 conveniunt?
2500 1962 2581 2017 An
2634 1971 2780 2032 patet
2828 1962 2977 2032 quod
3027 1961 3242 2017 comico
3282 1962 3396 2016 sale
3430 1962 3530 2015 iri-

1940 2063 2087 2119 eaut,
2128 2063 2182 2109 et
2215 2052 2452 2107 ludibrio
2473 2051 2696 2117 habent,
2719 2061 2773 2107 et
2791 2052 3043 2107 iubentia:
3071 2060 3371 2120 exponunt,
3407 2066 3531 2121 qua:

1940 2146 2126 2203 omnia
2176 2144 2353 2200 laudis
2406 2144 2785 2214 cujuscunque
2818 2145 3089 2214 praeconia
3133 2152 3396 2213 superant
3438 2137 3530 2197 isti

1944 2237 1995 2292 id
2026 2236 2170 2307 quod
2202 2234 2526 2292 defaecatnm
2573 2246 2627 2290 et
2655 2235 2978 2306 pellucidum
3008 2245 3112 2301 est,
3145 2251 3241 2306 per
3285 2236 3530 2304 ipsorum

1943 2330 2221 2399 prepriam
2257 2328 2659 2383 immunditiem
2697 2336 2750 2383 et
2780 2328 3183 2398 improbitatem
3235 2325 3529 2396 incorrigi-

1944 2421 2130 2487 bilem,
2155 2420 2508 2491 proianantes
2526 2430 2581 2476 et
2596 2419 2941 2475 sordidantes
2966 2419 3284 2489 persistnnt.
3307 2416 3534 2474 Utrum-

1945 2531 2051 2585 que
2084 2529 2246 2585 porro
2281 2525 2566 2585 postquam
2604 2514 2866 2569 invaserit
2917 2529 3035 2577 eos,
3076 2514 3169 2583 qui
3220 2511 3533 2567 inconside-

1945 2610 2123 2664 ratius
2153 2616 2207 2662 et
2235 2608 2354 2662 sine
2387 2607 2537 2662 omni
2570 2623 2701 2662 cura
2742 2616 2796 2662 et
2833 2607 3172 2677 providentia
3214 2604 3533 2676 mysterium

1947 2704 2285 2772 dispensant,
2330 2701 2543 2772 lapsum
2575 2700 2755 2771 ipsum
2782 2700 3005 2763 durum,
3036 2699 3453 2769 deplorandum,
3483 2706 3539 2752 et

1948 2807 2071 2846 cum
2105 2791 2370 2846 dedecore
2422 2790 2776 2859 conjunctum
2827 2798 3106 2859 procurat.
3153 2786 3282 2842 Esto
3329 2794 3537 2848 autem,

1948 2885 2059 2939 sint
2086 2883 2396 2954 margarita:
2427 2898 2514 2937 res
2548 2897 2740 2945 sacrm,
2775 2896 2875 2935 nee
2910 2896 2986 2934 ere
3016 2879 3193 2934 solum
3221 2893 3360 2948 quas
3388 2891 3540 2931 com-

1949 2977 2407 3039 memoravimus,
2473 2975 2568 3030 sed
2638 2982 2693 3029 et
2752 2973 3146 3028 miraculorum
3209 2970 3536 3025 charisma:

275 3056 402 3111 οὔτε
456 3062 583 3115 κυσὶ
637 3064 974 3134 προτιθέναι,
1024 3068 1145 3121 οὐδὲ
1202 3072 1313 3133 τοῖς
1352 3073 1555 3143 χοίροις
1601 3073 1844 3144 θεμιτόν.

1951 3071 2115 3125 etiam
2150 3070 2266 3139 ipsa
2298 3067 2562 3123 miracula
2594 3083 2609 3121 :
2651 3074 2726 3131 et,
2765 3068 2809 3120 si
2844 3067 2914 3119 ita
2952 3065 3151 3134 placet,
3198 3062 3360 3117 tertio
3393 3059 3539 3125 loco,

277 3149 389 3203 Καὶ
420 3152 593 3217 κοινὸς
634 3155 732 3225 μὲν
779 3158 907 3227 περὶ
952 3159 1172 3213 πάντων
1202 3161 1367 3231 νόμος
1415 3165 1447 3231 ἡ
1477 3165 1849 3237 προειρημένη

1956 3165 2329 3232 apostolorum
2358 3161 2577 3217 cmlitus
2605 3160 2850 3215 instituta
2877 3158 3117 3226 dignitas
3146 3174 3160 3209 :
3194 3155 3353 3224 cujus
3377 3154 3542 3209 sortis

280 3242 373 3295 τοῦ
409 3246 682 3299 Δεσπότου
724 3248 901 3319 ψῆφος
929 3252 1023 3304 καί
1070 3253 1365 3323 ἀπόφασις.
1399 3254 1561 3326 Εὖροι
1604 3257 1648 3309 δ’
1680 3257 1745 3311 ἄν
1774 3276 1849 3322 τις

1961 3253 2356 3317 Ιιαπθιίἰιδιεηι,
2390 3250 2705 3320 pontilicale
2749 3260 2997 3303 nostrum
3030 3260 3201 3315 genus
3231 3245 3545 3315 agnoscitur

280 3333 377 3388 καὶ
424 3338 556 3407 περί
587 3339 704 3402 ἐνὸς
732 3341 963 3395 ἑκάστου
997 3344 1175 3397 αὐτῶν
1212 3346 1313 3409 τὰς
1365 3348 1673 3417 μαρτυρίας
1702 3348 1849 3402 οὐδὲν

1960 3344 2259 3415 possidere.
2291 3342 2436 3398 Nihil
2466 3344 2610 3398 enim
2641 3358 2705 3396 eo
2735 3350 3009 3410 spectans,
3044 3339 3125 3391 vel
3164 3337 3397 3392 canibus
3426 3350 3546 3407 pro-

282 3427 707 3500 ἐργωδέστερον.
760 3433 966 3488 Αὐτίκα
1012 3435 1143 3504 γοῦν
1195 3439 1309 3500 τοῖς
1353 3439 1533 3492 κυνῶν
1555 3438 1711 3511 δίκην
1758 3440 1859 3509 τὴν

283 3521 559 3575 ἀναίδειαν
605 3523 1103 3595 προϐεϐλημένοις,
1164 3529 1258 3582 καὶ
1312 3534 1538 3601 σημεῖον
1586 3532 1855 3599 αἰτοῦσιν,

281 3612 437 3667 οῦπω
468 3614 654 3685 σχεδὸν
697 3617 795 3687 τῆς
824 3618 1001 3689 ὄψεως
1034 3620 1216 3674 αὐτῶν
1250 3622 1360 3674 τῶν
1391 3623 1861 3693 προδεδειγμένων

284 3706 719 3775 ἀπαλλαγείσης,
752 3710 813 3762 οὐ
866 3711 1027 3781 μόνον
1071 3712 1223 3766 οὐδὲν
1259 3715 1287 3766 ὁ
1315 3714 1406 3766 τοῦ
1447 3715 1639 3781 γένους
1670 3716 1862 3787 Σωτὴρ

284 3797 538 3869 οὐδαμῶς
561 3800 893 3865 ἐπεδείξατο,
918 3802 1052 3856 ἀλλά
1077 3804 1171 3857 καὶ
1187 3804 1389 3857 ἀπεῖπε
1418 3806 1492 3875 μὴ
1516 3805 1860 3875 δοθήσεσθαι,

288 3889 384 3940 καὶ
429 3889 529 3961 τὴν
574 3890 755 3944 αἰτίαν
797 3891 891 3944 τοῦ
940 3894 1014 3963 μὴ
1070 3897 1377 3966 παρασχεῖν
1431 3895 1860 3959 ἀποκαλύπτων,

288 3979 483 4048 γενεὰν
506 3980 708 4045 αὐτοὺς
749 3984 993 4053 πονηρὰν
1022 3984 1119 4037 καὶ
1156 3986 1443 4055 μοιχαλίδα
1470 3987 1752 4057 ὼνόμασε’
1797 3988 1863 4041 δι’

290 4074 555 4145 ἐκατέρου
588 4074 795 4140 πάθους
819 4079 1204 4148 παραστήσας,
1237 4079 1320 4132 ὅτι
1346 4079 1526 4132 κυνῶν
1550 4081 1645 4133 καὶ
1666 4082 1866 4152 χοίρων

288 4165 442 4218 οὐδὲν
470 4165 730 4236 ἀμείνους
758 4166 1074 4237 ἐτύγχανον.
1117 4170 1227 4222 Καὶ
1274 4171 1434 4224 πάλιν
1459 4173 1519 4223 ἐν
1550 4174 1617 4242 τῇ
1648 4171 1867 4242 πατρίδι

287 4256 455 4309 αὑτοῦ
476 4258 577 4310 οὐκ
593 4259 817 4328 ἐποίησε
838 4260 1097 4331 δυνάμεις
1126 4262 1347 4329 πολλάς,
1369 4264 1458 4317 διὰ
1486 4265 1587 4334 τὴν
1608 4265 1868 4317 ἀπιστίαν

289 4349 496 4405 αὐτῶν.
519 4351 630 4403 Καὶ
649 4351 920 4422 πολλαχοῦ
950 4352 1201 4421 φαίνεται
1232 4355 1416 4408 πίστιν
1449 4356 1862 4426 προσαπαιτῶν.

1955 3437 2253 3508 jiciendum
2280 3443 2383 3503 est,
2411 3436 2493 3489 vel
2526 3435 2689 3489 etiam
2733 3433 2930 3502 porcis.
2962 3430 3287 3485 Communis
3325 3428 3392 3483 de
3424 3427 3541 3482 istis

1960 3530 2219 3583 omnibus
2262 3528 2373 3593 lex,
2406 3528 2701 3597 praedictus
2744 3523 2955 3579 Domini
2989 3522 3237 3577 calculus
3281 3532 3334 3575 ct
3365 3519 3546 3574 deter-

1962 3623 2191 3676 minatio
2218 3621 2289 3675 sit
2323 3642 2336 3675 :
2366 3635 2601 3689 quarum
2639 3634 2823 3672 rerum
2859 3616 3201 3686 singularum
3234 3614 3545 3669 testimonia

1965 3715 2124 3769 facile
2161 3713 2339 3769 cuivis
2395 3712 2562 3766 fuerit
2618 3711 2883 3765 invenire.
2933 3708 3042 3764 Illis
3087 3708 3251 3778 igitur
3298 3708 3390 3777 qui
3437 3721 3544 3761 non

1964 3821 2123 3861 secus
2144 3821 2309 3876 quam
2341 3820 2507 3860 canes
2537 3819 2805 3858 summam
2844 3818 2953 3871 prae
2991 3817 3051 3856 se
3092 3801 3337 3856 ferebant
3368 3799 3547 3869 impu-

1964 3900 2229 3963 dentiam,
2259 3898 2331 3952 ita
2362 3907 2420 3952 ut
2448 3899 2660 3966 signum
2696 3896 2800 3949 sibi
2838 3894 2952 3947 dari
2997 3894 3368 3963 postularent,
3420 3907 3546 3946 cum

1966 3991 2054 4043 vis
2077 3990 2130 4042 in
2165 3996 2460 4056 conspectu
2501 3987 2744 4057 ipsorum
2778 3985 3007 4054 patratis
3055 3982 3333 4036 miraculis
3364 3995 3549 4035 move-

1970 4088 2177 4141 rentur,
2247 4076 2464 4145 generis
2530 4073 2705 4127 nostri
2762 4072 2914 4125 salus
2981 4079 3035 4124 et
3086 4069 3379 4135 Servator,
3436 4080 3546 4122 non

1968 4168 2132 4223 modo
2164 4167 2373 4221 nullum
2415 4166 2631 4234 signum
2664 4161 3049 4225 manifestavit,
3081 4163 3174 4215 sed
3221 4176 3279 4215 se
3324 4160 3548 4213 minime

1968 4275 2360 4317 concessurum
2414 4256 2752 4327 respondet:
2796 4264 2850 4309 et
2896 4238 3119 4309 causam
3161 4252 3410 4307 indicans
3449 4265 3549 4304 cur

1973 4353 2184 4408 nullum
2208 4350 2372 4406 vellet
2397 4348 2698 4404 concedere
2724 4348 2965 4417 signum,
2995 4345 3297 4414 improbam
3320 4352 3374 4398 et
3396 4342 3551 4397 adul-

291 4438 394 4495 εἷθ’
424 4442 595 4507 οὓτως
620 4443 791 4507 ἰάσεις
817 4444 1101 4498 ἐπιτελῶν.
1131 4447 1295 4499 Ὥστε
1316 4450 1344 4500 6
1373 4447 1743 4517 κυνογνώμων
1774 4450 1849 4503 κα¹

1974 4456 2144 4499 teram
2177 4443 2582 4514 generationem
2612 4447 2805 4494 vocat:
2843 4453 2937 4508 per
2966 4447 3260 4506 utrumque
3296 4436 3549 4491 allectum

290 4535 559 4607 χοιρὼδης
600 4535 908 4607 ἄνθρωπος,
950 4537 1171 4603 ἀνάξιός
1197 4540 1313 4592 ἐστι
1344 4539 1444 4606 τῆς
1478 4541 1587 4593 ἀπὸ
1626 4541 1737 4594 τῶν
1768 4560 1866 4611 ση-

297 4630 467 4701 μείων
517 4630 859 4699 εὐεργεσίας.
921 4632 984 4684 Εἰ
1013 4631 1069 4684 δὲ
1098 4631 1277 4697 τοῦτο,
1314 4633 1494 4703 πολλῷ
1541 4635 1742 4704 μᾶλλον
1772 4637 1868 4689 καὶ

294 4722 462 4777 αὑτοῦ
492 4722 587 4777 τοῦ
618 4726 676 4777 ἐν
704 4726 819 4785 τοῖς
842 4724 1092 4793 σημείοις
1123 4725 1482 4796 χαρίσματος.
1521 4726 1683 4781 Ἀλλά
1710 4727 1872 4782 τοῦτο

301 4818 402 4888 μὲν
450 4819 546 4870 καὶ
574 4817 804 4871 αὐτόθεν
831 4818 1020 4886 δῆλονο
1070 4818 1225 4871 οὐδὲν
1260 4820 1318 4872 δὲ
1371 4815 1536 4891 ἦττον
1579 4821 1729 4890 ὅμως
1777 4822 1873 4875 καὶ

297 4911 529 4980 Πέτρος,
562 4913 590 4963 6
613 4910 724 4963 τῶν
760 4911 1019 4980 μαθητῶν
1044 4914 1366 4982 κορυφαῖος,
1399 4913 1465 4965 δι’
1506 4906 1580 4966 ὧν
1604 4915 1869 4985 ἐπιτιμή-

1961 4538 2186 4600 docens,
2226 4534 2374 4605 quod
2419 4533 2591 4588 nihilo
2634 4532 2830 4586 melius
2876 4545 3041 4599 quam
3075 4543 3239 4582 canes
3288 4537 3343 4581 et
3391 4523 3548 4595 porci

1963 4625 2416 4694 disponebantur.
2444 4620 2579 4674 Hinc
2614 4618 2817 4674 factum
2851 4617 2996 4687 quod
3033 4616 3088 4670 in
3120 4631 3219 4669 sua
3257 4615 3430 4684 ipsius
3460 4628 3553 4683 pa-

1966 4718 2072 4773 tria
2120 4714 2291 4769 multa
2341 4714 2495 4784 signa
2546 4712 2690 4767 haud
2735 4709 3001 4773 ediderit,
3043 4716 3266 4777 propter
3307 4707 3553 4776 ipsorum

1972 4806 2429 4863 incredulitatem.
2469 4802 2577 4858 Sed
2605 4812 2661 4858 et
2692 4802 2970 4872 plerisque
3010 4800 3065 4853 in
3093 4798 3229 4853 locis
3263 4798 3393 4852 licet
3435 4798 3557 4851 ani-

1975 4900 2337 4963 madvertere,
2368 4898 2526 4953 ﬁdem
2551 4898 2729 4966 ipsum
2760 4895 2913 4966 prius
2944 4893 3360 4962 prmrequirere,
3396 4902 3557 4958 atque

301 5016 405 5062 σας
453 5000 787 5053 ἀπεσείσατο
834 5000 926 5054 τὸν
956 5000 1327 5070 δεισιδαίμονα
1365 5005 1459 5055 καὶ
1487 5003 1725 5073 πονηρὸν
1764 4982 1849 5057 Ἵκά

1975 4993 2049 5048 ita
2077 4993 2299 5047 demum
2324 4990 2638 5045 curationes
2668 4988 2925 5041 edidisse.
2957 4986 3047 5039 Est
3079 4985 3247 5054 igitur
3277 4983 3365 5036 ille
3394 4982 3556 5035 homo

301 5092 457 5161 φιλόχ
466 5108 626 5161 ρυσον
644 5091 883 5161 Σίμωνα,
906 5090 1305 5161 ἀκριϐεστάτην
1322 5093 1626 5162 παρέσχετο
1636 5093 1731 5163 τὴν
1744 5094 1877 5146 ἀπό-

300 5183 465 5247 δειξιν
482 5200 497 5213 ο
520 5185 601 5236 ὅτι
626 5183 683 5235 δέ
710 5184 821 5237 οὐδ’
848 5183 1213 5253 ἀποπολικῆς
1242 5184 1400 5250 ἀξίας
1432 5184 1464 5254 ἦ
1486 5186 1878 5255 ἀρχιερατικῆς

302 5278 472 5345 τιμῆς
508 5274 682 5338 οὐδείς
727 5276 844 5327 ἐστι
880 5274 987 5327 τῶν
1030 5275 1287 5333 τοιοιλτων
1338 5276 1585 5345 μετέχειν
1634 5276 1877 5343 δίκαιος,

305 5368 467 5430 αὐτὸς
489 5367 652 5420 πάλιν
671 5368 700 5419 6
726 5367 1022 5436 Δεσπότης,
1056 5367 1203 5438 ἔργῳ
1233 5367 1326 5419 καὶ
1347 5367 1489 5437 λόγῳ
1520 5368 1874 5438 παρίστησιν,

305 5454 388 5519 οἷς
416 5458 507 5510 τὸν
532 5457 844 5511 ἀκολουθεῖν
870 5458 1017 5527 αὐτῷ
1045 5458 1429 5529 αἰτησάμενον,
1472 5458 1565 5511 καὶ
1590 5457 1699 5511 τῶν
1737 5459 1876 5511 ἀπο-

310 5549 513 5603 στόλων
541 5549 793 5602 ὑπελθεῖν
838 5550 931 5602 τὸν
954 5549 1151 5619 κλῆρον
1173 5591 1187 5615 ,
1218 5551 1309 5603 καί
1331 5550 1391 5602 τὸ
1421 5550 1718 5621 προνόμιον
1762 5550 1876 5603 δια-

314 5640 727 5712 μηχανώμενον,
745 5641 805 5694 οὐ
834 5640 995 5711 μόνον
1018 5642 1079 5694 οὐ
1120 5641 1516 5712 προσεδέξατο,
1547 5641 1682 5695 ἀλλὰ
1708 5642 1775 5695 δι’
1804 5635 1878 5695 ὧν

381 5766 409 5805 ,ν
442 5755 773 5826 μηδετέροις.

1975 5089 2068 5156 qui
2122 5086 2315 5140 eodem
2374 5084 2535 5139 modo
2587 5082 2817 5137 aﬂicitnr
2861 5092 3025 5148 atque
3071 5094 3238 5132 canes
3276 5085 3329 5130 et
3381 5075 3554 5145 porci,

1976 5180 2235 5249 indignus
2272 5179 2450 5248 plane,
2481 5177 2642 5246 cujus
2670 5175 2842 5246 gratia
2873 5172 3136 5226 miracula
3164 5169 3553 5239 procutlantur.

1981 5274 2046 5327 Et
2072 5281 2219 5327 certe
2245 5272 2290 5325 si
2325 5270 2409 5326 his
2441 5270 2639 5341 dignus
2669 5282 2775 5321 non
2803 5266 2988 5330 luerit,
3026 5262 3199 5317 multo
3231 5263 3408 5314 minus
3435 5272 3560 5327 gra-

1982 5361 2058 5415 tia
2089 5360 2178 5413 illa
2206 5369 2266 5413 ut
2300 5359 2596 5422 imbuatur,
2627 5370 2749 5426 qua:
2779 5356 2985 5409 relucet
3023 5354 3075 5405 in
3110 5360 3165 5405 et
3194 5366 3289 5419 per
3315 5348 3557 5402 miracu-

1981 5453 2053 5507 la.
2086 5448 2199 5508 Hoc
2225 5467 2321 5523 per
2344 5466 2404 5507 se
2432 5449 2565 5505 satis
2606 5450 2754 5505 clare
2798 5455 2969 5517 patet.
3014 5442 3195 5498 Nihilo
3238 5453 3417 5497 tamen
3464 5438 3563 5493 mi-

1985 5564 2106 5609 nus.
2139 5554 2194 5601 et
2236 5544 2430 5599 Petrus
2461 5541 2856 5611 discipulorum
2911 5538 3258 5608 coryphaeus,
3294 5535 3386 5588 ubi
3433 5549 3558 5587 cum

1985 5638 2286 5696 vehementi
2333 5636 2731 5706 increpatione,
2773 5632 3052 5686 Simonem
3093 5628 3242 5683 illum
3294 5627 3564 5697 supersti-
