3902 6212
451 276 557 339 943
1602 283 1867 343 ῙἮΟἸῚΙ
1896 281 1993 343 ΡΑ

2097 284 2412 345 .IARCH/E
2436 282 2545 345 (ΖΡ.
3594 279 3701 345 9“

449 398 583 452 tioni
639 396 915 463 deditum,
984 397 1485 467 improbissimum,
1555 408 1606 454 et
1652 401 1771 454 auri
1838 416 1995 455 amor

2097 463 2099 468 _
2127 401 2524 473 ἐθριάμϐευσεν
2571 398 2734 455 αὑτοῦ
2772 398 2841 453 τὰ
2866 398 2965 468 τῆς
2981 396 3208 469 καρδίας
3241 398 3538 473 ἀπόρῤητα
3557 441 3573 463 ,
3599 402 3696 465 τῆς

448 502 688 562 captum,
712 508 742 547 a
772 506 834 547 se
857 494 1116 555 excussit,
1146 491 1588 548 manifestissime
1619 492 1757 546 idem
1789 490 1977 546 docuit

2128 493 2425 565 μαθητείας
2467 491 2727 545 ἀπώσατο
2750 507 2764 521 ο
2801 489 3019 560 πτηνῶν
3045 495 3154 560 γὰρ
3200 491 3365 545 αὐτὸν
3413 494 3513 546 καὶ
3551 492 3693 546 ἀλω-

448 586 707 642 nimirum
735 584 1104 655 apostolorum
1137 584 1257 637 loco
1287 583 1566 651 indignum
1593 597 1714 636 esse
1737 592 1790 635 et
1815 581 1995 651 episcu

2124 586 2328 650 πέκων,
2365 586 2395 637 δ
2427 584 2604 637 πάντα
2634 584 2729 635 καὶ
2753 581 2858 652 πρὸ
2882 582 3149 650 γενέσεως
3171 582 3351 647 εἰδὼς,
3375 586 3694 653 οἰκητήριον

447 680 556 749 pali
602 678 811 732 honore
850 678 1000 731 illum
1040 676 1131 745 qui
1179 676 1305 729 talis
1355 675 1516 729 fuerit
1551 675 1824 729 inventus.
1867 672 1995 739 ρυο.

2124 679 2269 748 ἐώρα
2308 680 2403 731 καὶ
2446 676 2879 747 κατασκήνωσιν,
2916 673 3190 727 καὶτοῦτο
3220 675 3353 728 αὐτὸ
3382 675 3688 745 αἰτησάμε-

448 772 589 826 idem
623 769 881 824 Servator
906 784 1013 823 non
1060 768 1222 821 verbo
1258 774 1489 830 tantum,
1522 767 1615 821 sed
1652 776 1706 821 et
1733 780 1897 835 opere
1926 766 1995 820 do

2121 786 2209 833 νος
2235 780 2255 807 ι
2276 786 2289 799 ο
2317 771 2399 822 ὅτι
2418 770 2564 822 δόλου
2588 767 2772 837 γέμων
2798 766 2893 819 καὶ
2917 766 3251 836 κουφότητος
3270 769 3363 820 καὶ
3381 768 3680 829 ἀναιδείας.

445 862 603 915 cuit:
637 860 729 914 ubi
771 859 1071 921 hominem,
1102 857 1195 926 qui
1246 857 1419 925 ipsum
1454 856 1604 926 sequi
1635 872 1694 911 se
1731 858 1867 911 velle
1892 872 1995 926 pro

2120 863 2214 914 καὶ
2241 859 2397 913 πάθει
2420 858 2771 929 προσανέχων
2797 857 3257 927 φιλοχρηματίας,
3283 859 3413 929 πρὶν
3443 859 3478 929 ἢ
3522 856 3687 909 ταῦτα

446 951 720 1013 literatur,
766 959 819 1004 et
875 949 1007 1001 sorti
1058 961 1117 1000 se
1173 954 1335 1015 atque
1383 945 1667 1014 privilegio
1721 945 2020 1015 apostolico

445 1043 712 1114 ingerere,
744 1056 851 1096 non
884 1039 1164 1095 admisit"
1196 1054 1211 1093 :
1244 1055 1343 1095 nec
1392 1039 1522 1095 illud
1555 1047 1785 1105 tantum,
1833 1041 1927 1095 sed
1962 1040 2017 1095 in

442 1138 646 1209 quibus
699 1138 877 1193 adhuc
926 1136 1152 1191 ulterius
1203 1136 1271 1190 de
1325 1136 1550 1191 secretis
1604 1135 1777 1204 ipsius
1834 1136 2016 1191 cordis

442 1229 619 1299 palam
652 1227 999 1283 enuntiandis
1032 1225 1181 1279 Velut
1227 1226 1563 1293 triumphum
1612 1225 1741 1293 egit,
1783 1238 1812 1277 a
1844 1224 2015 1277 disci-

440 1317 625 1386 pulatu
659 1315 910 1370 semovit.
947 1313 1050 1380 Qui
1082 1314 1225 1366 enim
1252 1312 1455 1377 omnia,
1481 1311 1796 1381 priusquam
1827 1321 2010 1364 exsta-

440 1408 592 1468 bant,
633 1406 979 1467 intuebatur,
1030 1404 1245 1457 videbat
1275 1404 1424 1457 illum
1478 1418 1599 1457 esse
1637 1402 1920 1456 volucrum
1959 1410 2015 1455 et

441 1498 681 1566 vulpium
717 1496 1110 1561 habitaculum,
1148 1507 1310 1565 atque
1342 1496 1460 1549 ideo
1488 1496 1556 1549 ab
1590 1496 1681 1549 illo
1718 1495 1820 1549 hoc
1847 1493 2014 1564 petie-

440 1598 544 1655 rat,
577 1592 747 1659 quod,
784 1589 974 1644 fraude
1013 1590 1252 1659 repletus
1290 1597 1343 1643 et
1370 1589 1630 1652 vanitate,
1662 1603 1871 1641 necnon
1908 1588 2011 1639 im-

438 1682 695 1750 pudentia
730 1681 1013 1750 singulari,
1054 1680 1294 1735 avaritia
1323 1688 1577 1749 prteterea
1609 1679 1798 1732 morbo
1832 1677 2011 1746 subja-

2117 952 2186 1005 τὰ
2218 951 2380 1022 θηρία
2405 948 2665 1003 ἀπελάσει
2696 951 2796 1018 τῆς
2823 948 3023 1019 ψυχῆς,
3058 949 3360 1019 ἐτόλμησεν
3387 949 3583 1003 ἑαυτὸν
3611 952 3687 1012 είς

2117 1044 2218 1113 τὴν
2233 1044 2341 1096 τῶν
2364 1040 2621 1110 μαθητῶν
2646 1041 2838 1111 κλῆσιν
2856 1041 3120 1101 εἰσωθεϊν,
3144 1042 3239 1094 καὶ
3262 1041 3371 1093 τῶν
3390 1040 3687 1111 ὑπερφυῶν

2116 1137 2341 1189 ἐκείνων
2362 1136 2458 1189 καὶ
2480 1134 2827 1189 Δεσποτικῶν
2859 1132 3215 1206 χαρισμάτων
3245 1133 3452 1203 δοχείον
3481 1132 3683 1201 φαντά-

2116 1228 2324 1293 ζεσθαι,
2368 1228 2443 1290 ῶς
2472 1222 2811 1298 πορρωτάτω
2835 1227 2934 1296 τῆς
2954 1225 3190 1287 ἐλπίδος,
3214 1227 3243 1279 ὁ
3272 1226 3483 1287 πάντας
3512 1223 3687 1277 ἓλκων

2115 1317 2251 1386 πρὸς
2297 1316 2527 1381 ἑαυτὸν,
2599 1316 2696 1368 καὶ
2744 1314 2949 1377 πάντας
3002 1313 3242 1383 σωθῆναι
3298 1313 3491 1375 θέλων,
3578 1313 3689 1365 ἀπ-

2114 1408 2416 1478 επέμψατο.
2438 1409 2548 1461 Καὶ
2578 1408 2638 1460 τὸ
2656 1406 2847 1469 σκεῦος
2876 1405 2933 1459 δὲ
2956 1405 3055 1472 τῆς
3080 1400 3333 1474 ἐκλογῆς,
3356 1406 3385 1457 δ
3406 1404 3501 1457 τὸν
3524 1404 3689 1475 οὐρά·

2115 1516 2224 1552 νιον
2259 1500 2422 1552 πόλον
2469 1500 2544 1562 ὡς
2591 1498 2833 1566 ἐπίγειον
2866 1497 3078 1549 στάδιον
3113 1495 3435 1567 διατρέχων,
3469 1496 3566 1548 καὶ
3591 1494 3690 1565 τὴν

2111 1591 2441 1660 οἰκουμένην
2486 1588 2780 1644 σταδιεύων
2815 1588 2894 1659 τῷ
2935 1587 3029 1641 τοῦ
3070 1587 3428 1657 κηρύγματος
3472 1587 3686 1655 δρόμῳ,

2113 1682 2345 1743 καὶτοῖς
2380 1682 2523 1751 ὑπὲρ
2566 1680 2849 1741 εὐσεϐείας
2888 1678 3174 1747 παθήμασι
3214 1679 3282 1730 τὰ
3312 1678 3453 1730 αὐτὰ
3480 1678 3561 1747 τῷ
3601 1676 3689 1729 δι-

434 1782 601 1837 ccret,
649 1782 939 1842 antequam
972 1776 1103 1827 istas
1155 1788 1185 1825 e
1224 1773 1386 1827 corde
1415 1779 1731 1825 excusserat
1781 1770 1995 1834 bestias,

2108 1772 2361 1842 δασκάλῳ
2390 1773 2480 1825 καὶ
2504 1772 2770 1840 Δεσπὸτῃ,
2808 1767 2875 1824 δι’
2916 1766 2989 1823 ὧν
3015 1766 3266 1840 Τιμοθέῳ
3284 1769 3511 1840 γράφει,
3548 1786 3691 1837 συμ-

433 1879 605 1919 ausus
640 1862 815 1918 fuerat
846 1864 1202 1933 semeptisum
1244 1863 1298 1915 in
1337 1861 1727 1931 discipulorum
1769 1860 2009 1913 vocatio-

433 1970 559 2008 nem
596 1946 919 2016 subinferre.
952 1970 1119 2023 seque
1151 1954 1548 2024 receptaculum
1593 1952 1845 2006 idoneum
1880 1951 2013 2003 imae

431 2046 606 2116 ginari
637 2047 1012 2101 excellentium
1048 2048 1261 2100 illorum
1288 2056 1341 2100 et
1376 2043 1813 2115 magisterialium
1872 2041 2001 2096 eba-

2116 1863 2450 1933 φθέγγεταιο
2494 1879 2513 1915 ι
2580 1864 2782 1934 Χεῖρας
2832 1862 2939 1932 γὰρ
2994 1862 3235 1931 ταχέως,
3284 1864 3439 1931 φησι,
3495 1859 3690 1930 μηδενὶ

2118 1954 2383 2007 ἐπιτίθει·
2430 1952 2562 2023 μηδὲ
2618 1951 2865 2005 κοινώνει
2916 1951 3215 2021 ἁμαρτίαις
3263 1950 3618 2017 ἀλλοτρίαιςο
3663 1967 3686 2003 δ

2114 2048 2209 2100 καὶ
2238 2046 2407 2117 μυρία
2431 2046 2585 2099 ἀλλα.
2620 2044 2760 2097 Ἀλλ’
2778 2044 2872 2098 ἐπὶ
2894 2043 3146 2096 τοσοῦτον
3174 2044 3271 2113 μὲν
3303 2043 3432 2111 περὶ
3454 2044 3687 2099 τούτων,

436 2140 752 2195 rismatum.
784 2141 1053 2207 Quocirca
1085 2151 1357 2195 semotum
1390 2142 1546 2211 longe
1583 2157 1613 2195 a
1644 2156 1740 2196 sua
1805 2142 1891 2195 illa
1960 2157 2075 2211 spe,
2114 2142 2182 2205 is,
2215 2142 2305 2211 qui
2343 2141 2584 2209 alioquin
2616 2154 2805 2194 omnes
2838 2138 2904 2193 ad
2947 2153 3005 2193 se
3034 2139 3319 2200 trahebat,
3353 2147 3405 2191 et
3437 2135 3687 2205 singulos

431 2233 663 2289 Salutem
693 2234 953 2303 consequi
991 2234 1224 2297 volebat,
1262 2235 1487 2289 dimisit.
1518 2234 1620 2289 Sed
1652 2244 1706 2289 et
1750 2235 1880 2288 illud
1912 2251 2005 2289 vas
2045 2235 2350 2298 electionis,
2392 2234 2485 2302 qui
2520 2234 2770 2288 coeleStes
2835 2231 2990 2301 polos
3050 2244 3160 2283 non
3192 2230 3348 2284 aliter
3379 2240 3543 2299 quam
3574 2240 3691 2283 ter

430 2335 606 2381 restre
640 2327 871 2380 stadium
904 2326 1243 2390 decurrebat,
1275 2327 1367 2395 qui
1432 2326 1691 2380 mundum
1751 2327 2063 2381 universum
2105 2342 2267 2382 cursu
2305 2325 2706 2395 praedicationis
2745 2323 3044 2386 transibat,
3082 2331 3136 2375 et
3190 2322 3281 2390 qui
3342 2321 3393 2373 in
3439 2321 3508 2375 iis
3559 2339 3688 2391 qua:

428 2431 531 2485 pro
554 2417 754 2487 pietate
787 2431 987 2485 passus
1013 2416 1135 2479 fuit,
1170 2416 1400 2471 Domino
1425 2426 1477 2472 et
1504 2418 1710 2472 docturi
1742 2433 1842 2472 suo
1864 2418 2293 2479 assimilabatur,
2323 2418 2375 2470 in
2410 2417 2476 2471 iis
2524 2416 2723 2485 quibus
2786 2412 3132 2467 Timotheum
3198 2410 3396 2465 aﬂ'atur
3455 2413 3681 2481 scriptis

429 2509 707 2563 consentit
736 2522 750 2559 :
791 2526 809 2560 ι
844 2506 1038 2563 Manus
1069 2509 1368 2577 (inquiens)
1403 2510 1585 2565 subito
1616 2510 1818 2564 nemini
1849 2509 2197 2579 imposueris,
2232 2522 2332 2563 nec
2363 2524 2487 2564 eum
2525 2509 2757 2563 aliorum
2812 2504 3052 2578 peccatis
3118 2506 3498 2561 communices
3556 2506 3626 2559 ".
3657 2524 3676 2556 ι

430 2602 569 2656 Sunt
596 2608 650 2654 et
680 2600 785 2653 alia
815 2601 1028 2671 generis
1056 2601 1281 2670 hujusce
1310 2612 1583 2657 sexcenta.
1619 2603 1797 2672 Atque
1828 2605 2087 2659 hactenus
2118 2603 2186 2658 de
2226 2599 2397 2657 hisce.

501 2694 611 2765 Ego
643 2703 692 2748 te
725 2701 939 2757 autem,
969 2708 1091 2747 cum
1135 2695 1345 2749 videam
1384 2696 1690 2750 istiusmodi
1741 2698 1979 2751 narratio

2180 2694 2321 2763 Ἐγὼ
2344 2695 2401 2748 δέ
2432 2708 2513 2748 σοι
2536 2698 2631 2748 καὶ
2658 2692 2794 2765 πρὸς
2817 2690 3009 2763 ἑτέραν
3043 2692 3295 2763 θεωρίαν,
3329 2693 3392 2745 ὲκ
3422 2692 3685 2758 γειτόνων

427 2800 526 2838 nes
557 2784 610 2837 lu
642 2799 830 2838 amore
860 2784 979 2847 tibi,
1024 2785 1255 2847 deliciis,
1307 2794 1469 2854 atque
1517 2786 1621 2839 sub
1670 2786 1845 2840 oculis
1881 2801 1995 2839 esse

2097 2788 2207 2848 τοῖς
2238 2786 2545 2856 εἰρημένοις
2577 2785 2740 2839 οὖσαν
2763 2783 2907 2855 (ἐπεί
2948 2800 3030 2838 σοι
3058 2784 3125 2837 τὰ
3150 2781 3373 2837 τοιαῦτα
3400 2783 3538 2854 ἔρως
3561 2784 3683 2836 ἐστὶ

426 2878 664 2944 positas,
706 2875 773 2929 ad
823 2874 1050 2930 alterius
1082 2876 1181 2940 rei,
1223 2892 1327 2929 non
1362 2876 1571 2941 alienaa,
1604 2878 1995 2932 consideratio-

2097 2882 2190 2932 καὶ
2223 2878 2403 2950 τρυφὴ
2443 2882 2537 2931 καὶ
2578 2876 2870 2948 θεάματα),
2901 2878 3001 2931 οὐκ
3025 2878 3319 2948 ὀκνήσαιμι
3347 2877 3676 2945 καθηγήσα-

429 2983 552 3021 nem
578 2982 685 3021 non
709 2968 976 3035 gravabor
997 2966 1295 3033 deducere‘;
1330 2978 1606 3038 utcunque
1632 2969 1775 3038 leges
1804 2969 1995 3033 episto-

2097 2967 2249 3020 oOat'
2288 2969 2335 3020 εί
2372 2968 2466 3019 καὶ
2498 2967 2593 3036 τῆς
2614 2967 2899 3036 ἐπιστολῆς
2934 2966 3114 3037 ἠρέμα
3152 2978 3270 3029 πως
3309 2968 3437 3029 τοὺς
3474 2968 3681 3035 νόμους

427 3057 562 3113 licas
592 3058 803 3114 videam
844 3074 931 3113 me
980 3059 1305 3115 invitissime
1337 3074 1404 3113 eo
1446 3061 1620 3130 sequi.
1653 3061 1701 3116 Is
1731 3061 1824 3130 qui
1856 3077 1995 3115 mar-

2097 3060 2205 3131 όρῶ
2232 3059 2711 3128 διευλαϐουμένους
2742 3075 2832 3129 μοι
2872 3058 3125 3113 ἕπεσθαιο
3157 3060 3294 3113 ἀλλὰ
3313 3060 3422 3131 γὰρ
3452 3077 3675 3130 μαργασ

426 3149 634 3218 garitas
657 3162 822 3219 puras
842 3160 896 3205 et
911 3150 1199 3206 defaecatas
1214 3152 1282 3206 de
1303 3152 1501 3206 virtute
1520 3152 1962 3209 ratiocinationes
1981 3192 1995 3219 ,

2098 3150 2249 3219 ρίτας
2273 3150 2391 3220 μὲν,
2412 3151 2505 3203 καὶ
2530 3152 2656 3214 τοὺς
2672 3153 2798 3221 περὶ
2815 3152 3014 3222 ἀρετῆς
3037 3152 3310 3221 καθαροὺς
3340 3151 3638 3220 λογισμούς
3656 3167 3673 3181 ⁸

427 3250 615 3297 sancta
648 3254 866 3308 autem,
916 3245 1131 3313 piarum
1178 3254 1233 3299 et
1261 3246 1688 3301 orthodoxarum
1727 3248 1995 3301 rationum

2097 3240 2227 3307 ἀγια
2268 3241 2345 3304 δὲ,
2387 3242 2493 3293 τῶν
2538 3242 2775 3295 εὐσεϐῶν
2819 3244 2912 3295 καὶ
2966 3242 3260 3313 όρθοδόξων
3290 3242 3566 3312 λογισμῶν
3610 3244 3678 3296 τδ

431 3334 805 3389 honorabilem
853 3344 907 3389 et
955 3338 1321 3392 venerandum
1370 3349 1677 3408 respectum
1713 3349 1766 3394 et
1790 3341 1995 3394 noverit

2097 3332 2275 3401 τίμιον
2306 3334 2399 3386 καὶ
2421 3334 2639 3399 σεπτὸν,
2673 3334 2772 3386 οὐκ
2804 3333 2869 3387 ἄν
2905 3350 2988 3397 τις
3020 3334 3363 3405 ἁποσφαλείη
3388 3337 3490 3402 τῆς
3533 3335 3674 3405 ἀληο

425 3437 482 3479 et
508 3429 815 3493 vocaverit,
868 3429 1285 3501 haudquaquam
1341 3432 1619 3487 aberrabit
1668 3448 1697 3486 a
1728 3434 1995 3500 veritate;

2099 3423 2251 3487 θείας
2277 3426 2371 3477 καὶ
2401 3425 2560 3488 εἰδὼς
2590 3426 2685 3479 καὶ
2710 3426 2889 3479 καλῶν
2909 3441 2922 3456 °
2952 3426 3141 3497 ὥσπερ
3170 3427 3340 3491 κύνας
3370 3429 3498 3490 τοὺς
3538 3428 3672 3481 δυσ-

426 3534 591 3573 canes
621 3520 860 3589 alioquin
884 3563 899 3587 ,
939 3522 1134 3591 impias
1164 3533 1217 3576 et
1262 3523 1547 3579 hmreticas
1588 3525 1950 3595 cogitationes
1980 3545 1994 3581 :

2102 3514 2280 3576 σεϐεἰς
2336 3515 2433 3567 καὶ
2485 3514 2864 3584 αἱρετίζοντας
2919 3492 3249 3585 λογισμοὺς,
3310 3516 3406 3568 καὶ
3453 3515 3675 3586 χοίρους

423 3621 643 3675 porcos,
704 3608 1074 3679 voluptatibus
1112 3611 1342 3677 deditos,
1386 3613 1527 3666 male
1562 3613 1773 3669 olentes
1824 3624 1879 3669 et
1914 3615 1995 3669 af-

2101 3604 2262 3658 πάλιν
2299 3606 2425 3668 τοὺς
2455 3605 2771 3676 φιληδόνους
2804 3606 2899 3658 καὶ
2942 3607 3200 3669 δυσώδεις
3237 3607 3333 3659 καὶ
3375 3604 3669 3676 ἐμπαθεῖς.

422 3693 596 3749 fectus
628 3711 824 3765 pravos
851 3702 1199 3766 reputarent.
1233 3701 1499 3766 Quocirca
1532 3702 1843 3758 istiusmodi
1870 3720 1995 3774 por-

2098 3697 2173 3749 Οὐ
2201 3697 2282 3749 δεῖ
2314 3697 2607 3767 τοιγαροῦν
2640 3697 2850 3760 τοὺτοις
2878 3700 2989 3762 τοῖς
3022 3698 3227 3769 χοίροις
3257 3698 3379 3751 οὐδὲ
3406 3702 3522 3761 τοῖς
3544 3699 3673 3752 κυσὶ

419 3782 501 3836 cis
526 3792 579 3836 et
605 3786 836 3840 canibus
863 3803 969 3840 non
1006 3798 1224 3857 Oportet
1260 3791 1581 3859 margaritas
1609 3800 1664 3845 et
1689 3803 1875 3847 sancta
1908 3794 1993 3847 vel

2097 3790 2221 3853 τοὺς
2255 3790 2602 3860 μαργαρίτας
2631 3790 2816 3843 καὶτὰ
2845 3790 2999 3856 am.
3027 3793 3106 3853 εἰς
3135 3789 3250 3858 ἔριν
3284 3790 3381 3841 καὶ
3421 3790 3670 3857 ζυγομα-

419 3868 689 3937 projicere
732 3873 816 3927 vel
850 3888 1171 3943 proponere,
1226 3878 1291 3930 ad
1327 3879 1702 3934 contentiones
1734 3880 1995 3937 fovendas

2097 3881 2242 3951 χίαν,
2274 3882 2489 3952 ῥίπτειν
2510 3883 2605 3935 καὶ
2636 3880 3048 3953 προϐάλλεσθαι.
3078 3880 3271 3934 Πολλοὶ
3293 3880 3401 3951 γὰρ
3436 3881 3669 3943 ἐκείνοις

415 3970 474 4015 et
503 3962 847 4033 litigandum.
880 3964 1030 4019 Multi
1066 3968 1213 4020 enim
1258 3969 1373 4024 haac
1411 3970 1526 4040 ipsa
1560 3972 1664 4027 illis
1703 3972 1832 4025 dum
1865 3988 1991 4041 pro-

418 4063 652 4123 ponunt,
688 4064 743 4108 et
773 4054 900 4109 dum
937 4056 989 4109 in
1019 4059 1270 4112 rationali
1310 4075 1424 4114 suae
1457 4063 1652 4116 animzc
1680 4074 1832 4133 parte
1867 4080 1993 4120 con-

421 4142 718 4198 tentionem
751 4144 1015 4210 excitant,
1057 4158 1118 4200 ut
1150 4148 1203 4201 in
1238 4164 1399 4204 scena
1442 4151 1830 4218 introductam,
1867 4157 1991 4224 qni-

418 4234 518 4291 bus
546 4252 668 4291 eum
715 4250 937 4308 propter
968 4241 1375 4297 inclinationem
1416 4261 1686 4299 summam
1723 4249 1786 4300 ad
1818 4248 1987 4302 animi

415 4326 725 4403 passiones,
749 4327 1016 4397 judicium
1049 4330 1325 4385 sincerum
1355 4349 1696 4403 nequaquam
1730 4336 1984 4399 habeant,

414 4400 714 4482 improviso
750 4417 1073 4486 semetipsos
1118 4420 1471 4486 subruernnt,
1508 4432 1563 4476 et
1612 4423 1763 4492 lapsu
1798 4424 1988 4479 formi-

410 4501 605 4558 doloso
656 4504 978 4574 praecipitati
1036 4518 1164 4561 sunt
1199 4526 1213 4562 :
1250 4508 1477 4565 devictis
1525 4527 1646 4578 quae
1694 4514 1982 4569 meliorum

410 4599 569 4644 erant
594 4593 852 4660 partium,
883 4610 913 4647 a
944 4594 1254 4663 pejoribus;
1292 4598 1363 4651 ita
1410 4608 1468 4652 ut
1495 4602 1863 4668 spectaculum
1892 4617 1982 4655 se-

409 4701 523 4745 met
577 4694 759 4762 potius
807 4696 1102 4764 tragicum,
1161 4714 1325 4765 quam
1386 4710 1718 4769 spectatores
1758 4704 1976 4758 tandem

408 4783 944 4848 reprazsentaverint.
979 4781 1135 4849 Quod
1167 4787 1213 4839 si
1244 4786 1316 4840 ab
1349 4788 1579 4843 invicem
1610 4793 1978 4859 pugnantibus

407 4866 863 4939 cogitationibus.
922 4880 977 4926 et
1020 4874 1189 4927 animi
1251 4876 1603 4944 opinionibus
1645 4882 1979 4948 processeris

406 4956 474 5009 ad
530 4958 774 5014 actiones
827 4971 1015 5015 mutuo
1064 4963 1380 5031 allidentes,
1433 4978 1487 5020 et
1536 4967 1778 5036 ipsorum
1830 4970 1974 5026 circa

406 5046 649 5116 actiones
672 5050 793 5105 illas
806 5051 1215 5120 dispositiones,
1246 5072 1590 5126 progressum
1620 5059 1808 5115 eodem
1833 5063 1978 5116 ince-

402 5139 618 5194 dentem
666 5144 1094 5203 animadvertes.
1146 5148 1268 5204 Vita
1304 5152 1566 5217 honesta,
1612 5163 1667 5208 et
1716 5169 1840 5209 cum
1876 5155 1981 5209 fide

402 5230 709 5289 orthodoxa
734 5237 1049 5305 conjuncta,
1076 5240 1130 5294 in
1153 5256 1275 5310 qua;
1305 5260 1409 5298 non
1436 5260 1596 5299 secus
1617 5262 1778 5315 quam
1803 5247 1981 5302 solent

404 5324 712 5391 margaritae
741 5334 805 5384 et.
842 5342 932 5382 res
961 5340 1165 5386 sancta:
1198 5332 1381 5389 radios
1424 5334 1643 5399 emittit,
1680 5351 1787 5389 non
1818 5336 1979 5391 debet

399 5410 678 5496 bmretica,
713 5414 922 5482 fmiida,
957 5421 1177 5476 sordida
1208 5425 1617 5482 conversatione
1640 5429 1981 5494 versari,aut

465 5546 513 5583 ”
541 5550 673 5609 Luc.
706 5568 780 5621 ix,
822 5555 912 5611 58.
989 5558 1033 5590 δ’
1061 5560 1076 5613 l
1107 5559 1247 5616 Tim.
1282 5576 1335 5619 v.
1366 5562 1455 5615 ἓξ.

2091 3973 2266 4027 ταῦτα
2310 3973 2623 4043 προθέντες,
2666 3974 2761 4027 καὶ
2815 3972 2912 4045 τὴν
2940 3972 3143 4027 τούτων
3172 3975 3230 4026 ὲν
3261 3972 3339 4044 τῷ
3369 3974 3669 4044 λογιστικῷ

2089 4064 2192 4133 τῆς
2212 4065 2388 4133 ψυχῆς
2428 4064 2684 4133 ἅμιλλαν,
2721 4064 2796 4129 ὡς
2836 4065 3099 4136 σκηνικὴν
3131 4064 3260 4118 θέαν
3307 4066 3666 4135 ποιούμενοι,

2092 4156 2184 4207 καὶ
2214 4155 2277 4224 δὴ
2309 4155 2401 4207 καί
2433 4154 2537 4207 ὑπὸ
2559 4155 2657 4224 τῆς
2698 4156 2827 4225 περὶ
2854 4154 2922 4208 τὰ
2968 4155 3115 4225 πάθη
3145 4155 3523 4225 προσπαθείας
3565 4154 3668 4225 τὴν

2091 4246 2274 4315 κρίσιν
2297 4246 2596 4299 ἀδέκαστον
2630 4247 2731 4300 οὐκ
2762 4247 3003 4316 ἔχοντες,
3048 4245 3237 4299 ἔλαθον
3267 4246 3495 4305 ἑαυτοὺς
3521 4245 3660 4303 ἀνατ

2087 4334 2386 4403 τρέψαντες
2417 4335 2512 4388 καὶ
2538 4337 2792 4398 πεσόντες
2819 4335 3021 4405 πτῶμα
3050 4334 3307 4400 ἐξαίσιον,
3347 4336 3666 4403 ὲκνικηθὲν-

2086 4437 2195 4472 των
2240 4421 2423 4483 αὐτοῖς
2469 4423 2578 4475 τῶν
2624 4421 2949 4495 κρειττόνων
2992 4425 3105 4485 τοῖς
3136 4422 3366 4493 χείροσι,
3398 4423 3494 4475 καὶ
3530 4422 3665 4475 θέαν

2088 4511 2289 4578 μᾶλλον
2311 4514 2581 4584 τραγικὴν
2608 4514 2838 4575 ἑαυτοὺς
2872 4515 2905 4584 ἢ
2939 4514 3139 4578 θεατὰς
3177 4516 3569 4581 ἐπιδείξαντες.
3598 4516 3660 4568 Et

2084 4603 2140 4655 δὲ
2164 4604 2256 4655 καὶ
2278 4604 2386 4656 ἀπὸ
2416 4604 2524 4657 τῶν
2551 4605 2877 4675 μαχομένων
2906 4606 3123 4661 ἐννοιῶν
3162 4605 3257 4659 καὶ
3277 4606 3655 4676 ἐνθυμήσεων,

2084 4694 2173 4746 ἐπ’
2202 4694 2376 4757 αὐτὰς
2407 4696 2731 4766 προσέλθοις
2755 4697 2854 4761 τὰς
2876 4697 3258 4767 ἀντικειμένας
3290 4698 3543 4767 πράξεις,
3565 4699 3657 4750 καὶ

2084 4785 2210 4849 τοὺς
2233 4788 2373 4840 κατά
2412 4787 2511 4851 τὰς
2550 4789 2778 4858 πράξεις
2839 4791 3011 4853 αὐτὰς
3059 4789 3454 4856 διακειμένους,
3505 4789 3656 4841 οὐδὲν

2081 4874 2243 4949 ἦττον
2274 4872 2547 4950 εὑρήσεις
2574 4881 2675 4950 τὴν
2718 4881 2953 4953 θεωρίαν
2988 4882 3408 4953 προϐαίνουσαν.
3451 4879 3512 4934 '0
3548 4881 3656 4949 γὰρ

2084 4973 2374 5035 σπουδαῖος
2430 4972 2544 5043 βίος
2594 4973 2690 5026 καὶ
2766 4972 3081 5045 όρθόδοξος,
3141 4973 3501 5044 μαργαριτῶν
3560 4975 3653 5025 καὶ

2086 5066 2257 5133 ἁγίων
2282 5065 2438 5135 δίκην
2452 5066 2816 5128 ἀποστίλϐων,
2844 5066 2947 5119 οὐκ
2975 5064 3181 5135 ὀφείλει
3210 5067 3328 5126 ταῖς
3346 5064 3653 5129 αἰρετικαῑς

2079 5158 2174 5209 καὶ
2198 5156 2453 5209 δυσώδεσι
2478 5158 2573 5211 καὶ
2604 5157 2885 5227 ρυπώσαις
2912 5155 3207 5217 πολιτείαις
3241 5152 3653 5207 συνδιαιτᾶσθαι

2081 5249 2174 5301 καὶ
2228 5248 2720 5318 συναναφύρεσθαι.
2759 5268 2778 5301 ι
2840 5248 3117 5314 Ἐξέλθετε
3167 5248 3296 5316 γὰρ,
3336 5245 3537 5313 φησὶν,
3592 5245 3655 5295 ἐκ

2084 5342 2250 5409 μέσου
2324 5341 2503 5395 αὐτῶν
2561 5342 2658 5395 καὶ
2725 5340 3085 5411 ἀφορίσθητε,
3127 5358 3147 5391 ι
3207 5338 3359 5404 λέγει
3417 5334 3649 5406 Κύριος,

2081 5450 2100 5480 ε
2141 5431 2296 5501 κάγὼ
2342 5432 2654 5504 εἰσδέξομαι
2706 5433 2871 5503 ὑμᾶς.
2932 5450 2954 5485 ι
3010 5431 3141 5499 Καὶ,
3184 5447 3205 5484 ι
3262 5428 3360 5494 Τίς
3399 5426 3654 5482 κοινωνία

1618 5652 1851 5711 ΥΑΒΙΑΞ
1912 5655 2200 5714 LECTION
2208 5658 2303 5717 ES.

472 5723 494 5752 ι
522 5718 908 5788 αἰτησάμενον,
