3902 6212
221 288 322 353 945

1100 304 1201 364 ΑΙ)
1231 306 1829 369 AMPHILOCHIUM
1869 309 2218 382 QUIESTIO
2253 308 2605 374 CCI-CCIII.

3367 312 3477 379 946

221 403 361 502 tptorl.
569 409 793 502 σκότοςς
832 431 854 465 ι
902 415 1016 482 καὶ,
1050 436 1069 470 ι
1131 419 1391 490 Ἐξάραιτε
1415 422 1508 476 τὸν
1560 422 1828 495 πονηρδν,

1912 426 2266 483 :ommisceri.
2313 443 2332 480 ι
2402 426 2739 501 Egredimini
2773 426 2962 501 (enim)
2996 429 3065 487 de
3109 429 3289 486 medio
3325 429 3475 502 ipso-

220 497 285 551 ὲκ
338 496 508 569 μέσου
556 501 741 572 ὑμῶν’
779 516 800 557 ι
843 508 956 574 καὶ,
1006 527 1024 561 ι
1063 508 1155 581 Τῷ
1192 513 1422 585 τοιούτῳ
1468 512 1605 587 μηδὲ
1656 532 1802 571 συν-

1902 531 2050 583 rum,
2104 526 2163 575 et
2218 520 2609 591 separemini“
2657 541 2677 575 ι
2732 522 2832 596 (ait
2881 520 3190 593 Dominus);
3251 532 3327 589 et,
3376 540 3480 597 ego

219 588 464 644 εσθίειν*
500 612 519 645 ι
566 597 660 649 καὶ
710 596 839 653 ἄλλο
887 600 1091 672 πλῆθος
1117 603 1369 676 ἄπειρον.
1413 606 1576 661 Ἀλλὰ
1626 607 1802 664 ταῦτα

1912 609 2198 679 suscipiam
2224 624 2324 667 vos
2341 612 2409 678 ";
2437 622 2511 680 et,
2541 632 2559 665 ι
2587 612 2722 682 Qum
2748 615 3066 670 communio
3090 616 3330 671 tenebris
3353 632 3478 671 cum

225 682 321 751 μὲν
352 683 453 756 σὴν
492 687 946 763 πεφιλοτιμῆσθω
978 693 1138 766 χάριν
1158 710 1177 729 ο
1231 692 1343 751 οἵδε
1392 696 1452 751 δὲ
1480 697 1577 752 καὶ
1604 698 1668 752 τὸ
1696 702 1799 771 τῆς

1912 701 2023 756 luce
2045 698 2134 752 ⁵ίῖ
2164 719 2182 752 ι
2198 694 2298 769 ⁸Ει,
2320 698 2521 757 Tollite
2541 700 2769 774 impium
2792 703 2861 758 de
2881 703 3062 758 medio
3088 712 3337 760 vestrum
3374 706 3439 760 ⁸³.
3455 726 3476 759 ι

218 774 571 849 ἀναγωγικῆς
593 778 829 852 θεωρίας
855 784 1077 855 χωρίον,
1107 787 1185 858 τῷ
1206 788 1398 844 πλάτει
1420 790 1517 845 καὶ
1540 791 1609 862 τῇ
1642 789 1800 858 εὑρέ-

222 881 301 919 σει
329 866 440 921 τῶν
470 868 846 942 θεωρημάτων
876 876 1407 946 ἐγκαλλωπίζεσθαι.

1897 785 1986 855 Ει,
2030 783 2246 843 «Nolite
2270 800 2395 844 cum
2434 789 2745 845 istiusmodi
2783 804 2978 860 panem
3011 792 3299 847 comedere
3314 792 3362 824 “
3400 811 3414 848 :
3457 812 3473 845 ι

1894 884 1950 933 et
1977 876 2244 933 similium
2294 874 2488 947 ingens
2534 880 2848 936 multitudo.
2892 878 3001 936 Sed
3042 880 3157 937 haec
3202 881 3485 938 sufficiant

219 977 338 1031 quae
362 970 509 1018 tuam
539 966 766 1035 gratiam
797 971 1204 1030 demereantur.
1229 976 1390 1032 Certe
1419 977 1690 1032 familiare
1716 984 1802 1032 est
1837 983 1899 1030 ut
1930 972 2259 1044 anagogices
2304 972 2784 1043 contemplationis
2830 988 3082 1047 campus,
3147 976 3351 1034 dilatus
3414 977 3485 1031 ab

221 1055 529 1113 istiusmodi
573 1059 984 1122 inventionibus
1024 1078 1079 1122 et
1117 1070 1586 1139 speculationibus
1646 1070 1971 1127 eﬂlorescat.

756 1176 1094 1234 ΕΡΩΤΗΣΙΣ
1124 1182 1245 1237 ΣΑ’.

218 1261 351 1331 Πῶς
411 1264 511 1319 δεῖ
551 1267 782 1337 κρίνειν
846 1272 919 1325 τὰ
963 1273 1123 1397 issu}
1167 1275 1277 1329 τὸν
1334 1276 1486 1341 ,ϐίον
1535 1273 1792 1346 συμϐαί-

888 1360 961 1397 νο
1038 1361 1076 1397 α
1100 1359 1120 1397 :

888 1359 1076 1397 νοντα
1100 1359 1120 1410 ;

1960 1175 2286 1249 QUIESTIO
2310 1177 2419 1235 CCI
2449 1178 2636 1251 Ιϐοἱεί.
2660 1174 2919 1246 CCXXX,
2967 1179 3131 1236 Taur.
3161 1180 3418 1255 CCXXI].

1895 1274 2174 1344 Quomodo
2226 1270 2589 1344 ⁸ᾒιιιίέιειιηαιιιη
2642 1273 2713 1344 de
2762 1273 2829 1326 iis
2884 1284 3003 1344 qua:
3058 1274 3135 1342 ιἱη
3199 1275 3300 1329 hac
3373 1275 3485 1330 vita

2553 1342 2848 1400 accidunt?

586 1451 725 1503 Edita
745 1468 775 1504 ε
794 1452 1093 1506 Montacutio
1118 1463 1221 1520 (ep.
1245 1457 1307 1506 58
1327 1458 1387 1507 ad
1406 1458 1561 1507 Leon.
1587 1471 1637 1521 p.
1661 1452 1771 1517 tu,
1797 1452 1930 1521 113).
1951 1479 2015 1493 -—
2031 1455 2109 1506 De
2134 1446 2472 1504 retributione
2497 1448 2739 1504 bonorum
2770 1459 2825 1504 et
2854 1455 3116 1505 malorum.

295 1556 595 1630 ’Υπέχουσί
624 1579 773 1627 τινες
797 1563 909 1617 τῶν
940 1565 1297 1637 ἀδικημάτων
1328 1568 1484 1632 δίκας
1510 1570 1569 1621 ὲν
1594 1568 1672 1641 τῷ
1699 1568 1797 1622 νῦν

1969 1565 2256 1636 lnjustitiae
2289 1576 2485 1636 poanas
2550 1565 2773 1635 quidam
2820 1564 2875 1619 in
2906 1565 3009 1620 hac
3036 1565 3149 1621 vita
3177 1566 3329 1621 dant.
3379 1565 3488 1622 Ha-

221 1650 320 1722 βίῳ
343 1667 356 1681 ·
384 1652 529 1723 ἔχεις
550 1656 957 1727 ἐναργεστάτην
997 1657 1277 1725 ἀπόδειξιν
1315 1660 1399 1712 ὅτι
1430 1658 1546 1712 ἐστι
1565 1656 1800 1732 Πρόνοια

220 1744 504 1813 ὲφεστῶσα
541 1746 637 1801 καὶ
668 1747 1030 1817 λογοθετοῧσα
1082 1751 1177 1803 καὶ
1222 1753 1563 1823 περιέπουσα
1606 1752 1678 1805 τὰ
1712 1754 1799 1806 ὲν-

219 1834 415 1889 ταῦθα.
447 1838 566 1890 Οὐκ
627 1836 836 1892 ἔδωκαν
888 1840 1076 1895 πολλοὶ
1115 1841 1274 1906 δίκας
1316 1843 1428 1897 τῶν
1470 1844 1801 1916 ἀδικώτερον

219 1927 696 1999 πολιτευσαμένων
715 1946 730 1962 ο
763 1931 922 1985 τοῦτο
952 1934 1156 2003 μείζων
1204 1935 1485 2001 ἀπόδειξις
1508 1975 1522 2000 ,
1551 1937 1633 1989 δτι
1662 1936 1800 2004 πρὸς

220 2020 415 2092 ἑτέραν
441 2022 560 2076 τινὰ
592 2024 927 2095 πικροτέραν
959 2024 1055 2078 καὶ
1085 2028 1481 2099 χαλεπωτέραν
1500 2042 1693 2100 συνετη
1705 2030 1801 2099 ρή-

219 2111 393 2183 θησαν
448 2114 654 2185 κρίσιν.
688 2115 1039 2186 Εύδαιμόνως
1083 2117 1317 2172 ἐϐίωσαν
1357 2119 1543 2173 πολλοὶ
1569 2119 1680 2173 τῶν
1708 2119 1801 2172 δι-

220 2206 389 2260 καίων
409 2223 424 2237 ο
461 2208 621 2279 δέχου
646 2210 810 2263 πάλιν
822 2210 1084 2282 προοίμια
1101 2210 1197 2263 καὶ
1224 2207 1469 2282 σύμϐολα
1490 2212 1592 2276 τῆς
1619 2214 1798 2265 ἐκεῖσε

222 2300 665 2369 μισθαποδοσίας.
683 2302 843 2355 Ἀλλὰ
876 2303 973 2356 καὶ
1007 2298 1196 2357 πολλοὶ
1229 2304 1452 2367 πολλαῖς
1496 2305 1799 2376 ὲνήθλησαν

218 2389 652 2462 ταλαιπωρίαις-ο
684 2395 846 2448 τοῦτο
889 2396 983 2449 καὶ
1019 2396 1145 2460 τοὺς
1184 2396 1304 2449 λίαν
1336 2397 1676 2467 ἐπιστομίζει
1707 2416 1801 2468 ιρι-

219 2483 520 2553 λονείκους,
552 2488 635 2540 ὅτι
660 2487 879 2552 πάντως
907 2489 1064 2554 ἄλλος
1096 2491 1244 2560 ἡμᾶς
1269 2489 1528 2559 ἀναμένει
1563 2488 1676 2558 βίος
1708 2489 1803 2542 καὶ

215 2580 505 2651 κριτήριον
537 2580 687 2647 ἄλλο,
717 2584 777 2635 έν
799 2574 847 2649 ᾧ
873 2582 981 2635 τῶν
1015 2584 1135 2636 κατ’
1165 2582 1324 2648 ἀξίαν
1346 2582 1577 2645 ἕκαστος
1607 2580 1803 2651 βεϐιωυ

218 2670 403 2741 μένων
434 2670 779 2743 ἀπολήψεται
804 2674 906 2745 τὴν
936 2672 1310 2745 ἀντιμισθίαν.

764 2862 1104 2924 ΕΡΩΤΗΣῘΣ
1139 2864 1258 2927 ΣΒν.

217 2953 353 3022 Πῶς
374 2958 430 3012 οἱ
449 2957 784 3015 ἀπόστολοι
815 2960 1039 3036 ἰδιῶται
1073 2962 1532 3036 mammam,»
1559 2965 1807 3022 πάντων

766 3034 1221 3104 κατεκράτησαν
1241 3052 1262 3101 ;

1907 1660 2002 1715 bes
2017 1658 2450 1714 cuicacissimam
2469 1657 2993 1713 demonstrationem
3025 1658 3165 1714 hanc
3198 1658 3489 1727 providen.

1905 1753 2037 1808 tiam
2070 1751 2454 1822 praesidentem
2484 1747 2668 1815 rebus,
2703 1750 2945 1805 rationes
2968 1750 3269 1816 ineuntem,
3297 1752 3489 1807 sedulo

1904 1854 2186 1902 curantem
2212 1860 2335 1914 quze
2365 1844 2454 1898 hic
2491 1851 2750 1914 aguntur.
2794 1842 2896 1899 Ast
2941 1843 3095 1897 multi
3145 1858 3338 1913 pmnas
3380 1861 3488 1899 non

1903 1934 2123 2002 dedere,
2158 1936 2249 2006 qui
2280 1936 2454 2008 magis
2485 1934 2752 2004 iniuriose
2778 1937 3086 1991 conversati
3120 1946 3267 1991 sunt.
3313 1934 3488 1991 Etiam

1905 2028 2008 2082 hoc
2053 2027 2230 2097 major
2267 2035 2353 2081 est
2390 2026 2824 2091 demonStratio,
2881 2040 3078 2096 nempe
3129 2026 3318 2096 reponi
3368 2028 3490 2083 illos

1903 2121 2268 2177 reservandos
2296 2120 2508 2190 judicio
2548 2116 2818 2174 acerbiori
2864 2120 3078 2174 cuidam
3122 2130 3175 2173 et
3228 2122 3489 2190 graviori.

1902 2208 2169 2281 Prospere
2218 2211 2474 2267 vixerunt
2532 2213 2827 2281 proborum
2884 2212 3059 2267 multi.
3113 2212 3253 2268 Hinc
3312 2212 3493 2283 arripe

1904 2304 2103 2359 iterum
2124 2304 2347 2374 prtemia
2377 2314 2428 2358 et
2456 2312 2694 2359 tesseras
2723 2303 3102 2358 retributionis
3134 2304 3243 2358 illic
3271 2302 3489 2360 futurae.

1904 2394 2059 2450 Multi
2109 2410 2233 2448 cum
2273 2393 2462 2449 multis
2503 2394 2744 2449 miseriis
2793 2394 3074 2450 colluctati
3110 2404 3256 2450 sunt.
3292 2393 3356 2451 Et
3388 2396 3494 2451 hoc

1905 2484 1993 2539 vel
2034 2483 2445 2537 ohluctantibus
2494 2482 2766 2552 imprimis
2813 2499 2875 2538 os
2922 2484 3160 2548 obturat,
3204 2494 3256 2538 et
3291 2484 3494 2538 confir-

1904 2581 2039 2637 mat,
2073 2572 2235 2625 aliam
2281 2584 2384 2625 nos
2421 2579 2741 2640 exspectare
2794 2572 2959 2624 vitam
2983 2612 2997 2635 ,
3034 2572 3268 2626 tribunal
3319 2570 3491 2635 aliud,

1906 2661 1972 2716 ad
2023 2660 2170 2731 quod
2212 2659 2449 2730 quisque
2502 2672 2822 2731 recepturus
2852 2669 2936 2715 est
2990 2662 3299 2717 mercedem
3333 2662 3496 2717 retri-

1906 2751 2094 2805 butam
2122 2752 2277 2821 juxta
2307 2764 2429 2820 quae
2455 2750 2511 2804 in
2538 2750 2641 2805 hac
2667 2748 2777 2804 vita
2808 2750 2996 2819 gessit.

1909 2865 2240 2936 QUIESTIO
2267 2865 2401 2922 CCII
2465 2863 2653 2938 [σοιτί.
2686 2862 2970 2929 CCXXXI,
3018 2862 3176 2920 Taur.
3210 2862 3491 2938 CCXXII].

1973 2960 2247 3027 Quomodo
2296 2958 2547 3029 apostoli,
2598 2972 2714 3011 cum
2745 2957 2928 3012 idiota:
2977 2971 3169 3027 essent,
3208 2961 3440 3016 rhetores

2411 3040 2588 3084 armies
2643 3039 2961 3100 superarunt
2978 3031 3003 3085 1’

1107 3186 1249 3238 Edita
1268 3203 1297 3237 a
1321 3189 1619 3241 Montacutio
1640 3190 1745 3253 (ep.
1766 3188 1817 3239 61
1832 3225 1846 3249 ,
1867 3186 1929 3238 ad
1950 3185 2132 3249 Georg.
2152 3182 2301 3243 diac.,
2325 3196 2375 3245 p.
2399 3183 2534 3247 114).

294 3260 359 3319 Εἰ
391 3265 515 3330 νοῦς
543 3267 643 3337 μὲν
662 3266 1030 3341 γραμμάτων,
1063 3271 1156 3325 νοῦ
1173 3270 1228 3326 δὲ
1251 3276 1285 3345 ἡ
1306 3274 1427 3329 θεία
1448 3275 1608 3346 χάρις
1627 3278 1802 3344 ἀσυγ·

221 3358 395 3431 κρίτῳ
456 3360 640 3432 μέτρῳ
698 3362 1035 3431 πλεονεκτεῖ,
1099 3367 1263 3436 μηδὲν
1317 3367 1639 3441 θαυμάζῃς,
1672 3371 1722 3422 εί
1756 3370 1807 3422 oi

220 3446 537 3517 ἀπόστολοι,
585 3452 647 3506 τδ
692 3453 854 3507 πλέον
905 3456 1002 3509 καὶ
1057 3459 1316 3526 μέγιστον
1368 3459 1662 3528 λαϐόντες,
1694 3461 1806 3514 τῶν

220 3540 320 3593 ἐπὶ
342 3540 422 3613 τῷ
438 3542 703 3615 ἐλαχίστῳ
727 3546 869 3616 μέγα
898 3549 1309 3619 φρονησάντων,
1337 3552 1605 3620 ρητόρων,
1632 3550 1798 3619 λέγω,

222 3633 321 3688 καὶ
359 3634 685 3707 φιλοσόφων,
719 3637 861 3691 κατὰ
884 3640 1086 3711 κράτος
1117 3641 1519 3711 περιεγένοντο.

781 3840 1113 3894 ΕΡΩἸἩΣΙΣ
1140 3841 1257 3895 El".

223 3929 332 3984 Διὰ
358 3929 418 3983 τί
443 3928 686 3997 Παῦλος
702 3931 1039 3999 Ἀθηναίοις
1064 3932 1509 4001 διαλεγόμενος.
1539 3933 1658 3987 ἀπὸ
1684 3933 1803 3989 τῶν

356 4000 522 4055 ἰδίων
580 4001 938 4073 ῃοαμμάτων
983 4004 1190 4069 αὐτοῖς
1248 4000 1641 4072 διαλέγεταυ

1976 3270 2035 3326 Si
2075 3286 2232 3325 mens
2264 3261 2406 3323 ultra
2444 3269 2676 3332 litteras,
2713 3270 2856 3323 ultra
2886 3279 3122 3323 mentem
3158 3283 3286 3323 vero
3309 3267 3495 3323 divina

1903 3362 2100 3433 gratia,
2138 3377 2264 3417 cum
2308 3376 2570 3417 mensura
2620 3361 3042 3432 incomparabili
3076 3361 3356 3426 abundet;
3385 3362 3496 3415 noli

1905 3455 2111 3519 mirari,
2157 3454 2205 3509 si
2254 3450 2474 3524 quidem
2529 3452 2799 3523 apostoli,
2861 3454 2955 3523 qui
3002 3453 3378 3524 plenissimam
3439 3462 3497 3508 et

1903 3547 2199 3600 maximam
2246 3560 2562 3600 mensuram
2615 3554 2966 3616 acceperunt,
3020 3546 3141 3602 illos
3174 3545 3494 3616 longissime

1905 3634 2306 3707 superaverint,
2338 3634 2432 3707 qui
2455 3637 2522 3691 de
2554 3636 2785 3690 minimo
2812 3650 3039 3707 magnos
3073 3645 3302 3691 sumunt
3327 3637 3492 3707 spiri-

1914 3740 2038 3793 tus,
2074 3729 2324 3785 rhetoras
2354 3743 2456 3800 ego
2495 3728 2736 3801 intelligo
2758 3741 2812 3785 et
2842 3730 3219 3800 philosophos.

1916 3842 2242 3910 QUIESTIO
2283 3841 2438 3898 CClll
2474 3841 3496 3915 [CoisLCCXXXlI,Tuur.CCXX|Il].

1914 3936 2023 3991 Cur
2053 3935 2257 3990 Paulus
2288 3937 2356 3989 ad
2384 3936 2725 3990 Athenienses
2773 3936 2930 3989 verba
2960 3936 3158 4005 faciens
3186 3953 3219 3989 α
3264 3936 3498 4007 propriis

2073 4023 2251 4060 eorum
2279 4006 2706 4076 inscriptionibus
2728 4019 3039 4077 argumeth
3063 4009 3337 4062 desumit?

1157 4112 1298 4166 Edita
1318 4130 1345 4164 a
1364 4115 1661 4166 Montacutio
1688 4119 1791 4181 (ep.
1813 4116 1876 4164 62
1895 4117 1956 4166 ad
1975 4120 2116 4167 Joan.
2146 4116 2329 4166 Philos.
2356 4132 2403 4178 p.
2433 4115 2562 4179 ιιι).

306 4225 446 4290 Τοὺς
479 4226 579 4298 μὲν
612 4222 808 4292 ἄλλους
847 4228 996 4292 είκός
1029 4228 1178 4282 ἐστιν
1216 4230 1482 4300 ἀπορεῖν,
1519 4230 1571 4282 τί
1604 4230 1807 4301 δήποτε

1986 4226 2292 4284 Verisimile
2317 4236 2401 4283 est
2431 4228 2570 4283 alios
2602 4226 2946 4290 addubitare,
2976 4240 3141 4297 quam
3178 4227 3248 4282 ob
3272 4240 3499 4284 causam

223 4319 258 4371 ὁ
287 4317 575 4382 θεσπέσιος
622 4318 853 4386 Παῦλος,
887 4322 917 4373 ὁ
958 4322 1385 4390 πνευματικοῖς
1433 4321 1811 4385 πνευματικὰ

227 4411 548 4483 συγκρίνειν
575 4408 840 4466 διδάσκων
863 4429 879 4443 ο
905 4415 936 4467 ὁ
954 4414 1047 4468 καὶ
1071 4415 1173 4467 αὐτ
1183 4414 1241 4486 ὴν
1266 4417 1366 4482 τὴν
1388 4415 1691 4487 Metanith
1721 4433 1813 4485 φι-

224 4503 507 4575 λοσοφίαν,
540 4505 679 4575 πρὸς
702 4507 801 4577 τὴν
820 4506 1199 4577 ὑπερέχουσαν
1228 4508 1321 4560 τοῦ
1342 4507 1582 4578 Χριστοῦ
1616 4510 1811 4578 σοφίαν

228 4596 479 4651 σκύϐαλα
512 4597 836 4666 ἡγούμενος,
866 4598 920 4651 τί
949 4598 1141 4670 δήποτ’
1163 4600 1258 4653 οὖν
1292 4603 1319 4654 ὁ
1343 4600 1569 4654 τοιαῦτα
1599 4601 1692 4655 καὶ
1718 4604 1810 4656 λέ-

224 4704 347 4752 γων
392 4688 487 4741 καὶ
539 4687 831 4751 διδάσκων,
868 4688 977 4741 ἀπὸ
1038 4689 1148 4744 τῶν
1202 4690 1645 4760 ἐπιγραμμάτων
1694 4694 1810 4755 τοῖς

226 4782 573 4851 Ἀθηναίοις,
616 4781 653 4835 ἃ
682 4780 761 4851 τῷ
796 4780 929 4851 παρ’
952 4781 1141 4845 αὐτοῖς
1193 4782 1581 4852 ἐπεγέγραπτο
1618 4782 1811 4854 βωμῷ,

226 4875 527 4944 διελέγετοο
554 4874 775 4939 ἀνάξιον
793 4876 903 4944 γὰρ
926 4873 1027 4944 τῆς
1044 4875 1103 4926 ὲν
1122 4873 1316 4944 Παύλῳ
1333 4873 1482 4937 θείας
1504 4874 1814 4941 ἐπιπνοίας,

224 4969 296 5023 ὲκ
325 4968 513 5039 μύθων
552 4969 873 5039 συγκροτεῖν
904 4967 1007 5039 τὴν
1042 4967 1329 5038 ἀλήθειαν.
1370 4967 1537 5022 Ἀλλὰ
1558 4968 1686 5032 τοὺς
1718 4969 1818 5040 μὲν

223 5060 427 5127 ἄλλους
458 5058 619 5114 τοῦτο
647 5057 1045 5131 διαποροῦντας
1065 5058 1125 5112 οὺ
1144 5058 1266 5115 λίαν
1298 5059 1432 5123 ἴσως
1473 5059 1540 5114 ἂν
1573 5060 1814 5129 μεμφοί-

228 5170 365 5224 μηνο
399 5152 461 5207 σὲ
488 5152 546 5207 δὲ
580 5154 647 5207 ὲκ
670 5152 883 5225 μυρίων
914 5152 1147 5223 γραφῶν
1167 5169 1226 5206 τε
1245 5153 1341 5208 καὶ
1367 5152 1648 5225 λογισμῶν
1682 5154 1824 5226 έχων

224 5245 503 5314 εὐθύνειν,
532 5244 626 5300 τὸν
652 5246 919 5318 διάπυρον
943 5246 1041 5317 τῆς
1060 5245 1411 5317 διαλεκτικῆς
1434 5247 1695 5318 ἐραστὴν,
1724 5247 1823 5317 μά-

224 5337 391 5393 λιστα
417 5337 485 5392 ἂν
510 5336 570 5404 ἐξ
602 5337 721 5402 ἑνὸς
746 5339 857 5393 τῶν
888 5337 999 5393 σῶν
1018 5338 1337 5395 δικαιότατα
1361 5340 1429 5395 ἂν
1466 5342 1812 5413 μεμψοίμην,

222 5428 309 5493 ὡς
347 5428 571 5484 κάκεῖνο
598 5428 1028 5501 ἐπιλελησμένον
1079 5430 1352 5501 δήπουθεν
1391 5430 1454 5485 τὸ
1504 5432 1817 5501 σοφώτατον

225 5519 407 5590 αὐτῆς
433 5520 530 5574 καὶ
552 5520 971 5593 χρησιμώτατον
1000 5521 1351 5592 νομοθέτημα
1373 5538 1388 5553 ο
1414 5523 1476 5576 τὸ
1503 5526 1658 5577 ποῖον
1683 5542 1697 5591 ;
1730 5525 1816 5595 ἐφ’

224 5604 310 5667 ὧν
342 5613 377 5684 ἡ
401 5613 512 5666 τῶν
541 5612 831 5685 ἀκροατῶν
882 5612 1157 5684 αἴσθησις,
1210 5615 1270 5680 ἐξ
1309 5615 1532 5669 οίκείων
1560 5617 1654 5670 καὶ
1679 5616 1818 5687 ἀλη-

228 5704 347 5759 Θῶν
393 5703 849 5775 ἐπιδεικνυμένην
894 5703 957 5757 οὗ
1003 5704 1362 5775 προσδέχεται
1402 5707 1501 5776 τὴν
1533 5706 1816 5779 ἀλήθειαν,

226 5795 350 5852 ἀλλ’
379 5794 791 5869 ἀππυφλώττει
845 5796 981 5870 πρὸς
1014 5796 1115 5870 τὴν
1147 5796 1342 5873 αἴγλην
1381 5800 1573 5871 αὐτῆς,
1623 5800 1718 5856 καὶ
1748 5801 1809 5856 τὸ

1918 4319 2138 4374 divinus
2164 4318 2368 4374 Paulus
2423 4319 2518 4389 qui
2586 4319 2898 4388 spiritualia
2924 4319 3300 4387 spiritualium
3354 4319 3499 4388 judio

1920 4424 2049 4464 care
2078 4410 2355 4480 praacepit,
2382 4410 2475 4480 qui
2503 4417 2553 4465 et
2571 4408 2865 4465 Mosaicam
2900 4412 3042 4465 illam
3065 4412 3496 4481 pltil0§0phiam,

1918 4515 2174 4573 respectu
2203 4504 2517 4559 excellentis
2547 4504 2751 4559 Christi
2779 4505 3084 4574 sapientiae,
3112 4507 3499 4574 rejectamenta

1920 4596 2270 4666 opinabatur,
2308 4612 2573 4665 quorsum
2616 4597 2885 4668 (inquam)
2921 4598 2987 4659 is,
3021 4598 3115 4666 qui
3153 4596 3255 4652 ista
3282 4606 3339 4652 et
3364 4596 3505 4652 dixit

1920 4699 1976 4743 et
2022 4687 2232 4751 docuit,
2289 4701 2415 4743 cum
2468 4689 2612 4759 apud
2669 4690 3033 4745 Athenienses
3074 4690 3402 4753 dissereret,
3434 4691 3503 4745 ab

1914 4780 2293 4850 inscriptione,
2358 4794 2481 4850 quae
2542 4781 2699 4835 altari
2758 4783 2902 4852 apud
2962 4784 3111 4852 ipsos
3159 4784 3497 4853 adigebatur,

1915 4882 2298 4943 argumentum
2337 4875 2653 4939 sumpserit.
2709 4873 2996 4945 Indignum
3034 4876 3182 4930 enim
3209 4876 3379 4929 videri
3414 4875 3503 4929 di-

1913 4963 2041 5017 vina
2089 4951 2182 5017 illa
2234 4963 2291 5017 in
2318 4962 2486 5019 Paulo
2547 4966 2903 5035 aspiratione,
2958 4982 2990 5021 a
3032 4966 3235 5022 fabulis
3281 4968 3503 5021 veritati

1915 5069 2205 5111 assensum
2236 5072 2503 5127 quaerere.
2567 5056 2956 5113 Verumtamen
2990 5060 3149 5124 alios,
3176 5060 3267 5131 qui
3302 5061 3372 5115 de
3397 5060 3502 5115 hoc

1915 5148 2261 5213 addubitant,
2292 5164 2399 5204 non
2429 5164 2531 5219 ego
2560 5152 2793 5206 multum
2827 5152 3171 5208 incusavorn.
3203 5152 3282 5209 Te
3313 5162 3497 5208 autem

1913 5240 2195 5294 ardentem
2251 5239 2568 5297 dialectices
2622 5252 2948 5308 amatorem,
3011 5257 3139 5298 cum
3178 5259 3212 5299 e
3244 5243 3498 5314 plurimls

1917 5333 2145 5403 scriptis
2172 5342 2226 5388 et
2247 5334 2525 5389 rationum
2557 5337 2847 5392 momentis
2883 5337 3115 5410 dirigere
3137 5337 3370 5409 possim,
3391 5337 3499 5392 im-

1914 5424 2107 5495 primis
2132 5428 2339 5480 'tamen
2387 5426 2459 5480 ab
2508 5442 2619 5481 uno
2670 5442 2737 5483 ex
2779 5429 2847 5485 iis
2875 5442 3000 5499 qua:
3030 5439 3187 5487 terres
3215 5431 3352 5501 ipse,
3390 5442 3499 5483 nec

1915 5532 2051 5572 Sane
2100 5517 2290 5572 infimo
2339 5518 2759 5588 reprehendam,
2805 5522 2899 5592 qui
2929 5523 3135 5578 oblitus
3156 5522 3276 5591 ejus
3297 5521 3496 5587 fueris,

1918 5627 2044 5668 cum
2068 5621 2123 5667 et
2144 5613 2611 5682 sapientissimum
2631 5616 2829 5670 scitum
2856 5616 3021 5672 fuerit
3036 5625 3092 5671 et
3112 5615 3498 5671 utilissimum.

1918 5704 2209 5772 Quodnam
2241 5706 2373 5762 illud
2403 5708 2625 5763 autem?
2681 5708 2948 5765 Nimirum
2993 5725 3119 5766 cum
3147 5708 3492 5766 audientium

1919 5815 2135 5869 sensus,
2170 5801 2456 5861 veritatem
2489 5819 2597 5861 non
2619 5799 2857 5862 admittit
2880 5803 3307 5863 demonstratam
3324 5817 3358 5860 e
3378 5803 3496 5862 suis
