3902 6212
452 283 558 347 947

1605 292 1869 353 ΡΗΟΤΙΙ
1911 294 2411 358 ΡΑΤΡιΙΑῙὶΟΗᾸί
2450 298 2557 358 CP.

3611 297 3714 363 948

452 391 707 463 prapriis,
765 407 887 461 qua:
915 400 1064 460 sunt,
1094 402 1149 449 et
1186 393 1496 464 conjunctis
1520 410 1644 451 cum
1668 412 1727 451 re
1759 396 1898 466 ipsa,
1926 399 2020 455 sed

2137 402 2363 473 καθαρὸν
2396 402 2491 456 τοῦ
2522 403 2815 474 νοήματος,
2840 404 3172 459 ὲπὶτοὺτων
3201 405 3262 471 ιε
3284 399 3362 461 ὧν
3393 407 3709 477 πεφύκασιν

450 484 519 539 ad
548 486 667 553 ejus
698 484 1041 553 splendorem
1081 495 1133 540 et
1168 487 1457 557 puritatem
1510 487 1815 544 intellectus
1848 504 2023 545 occa:-

452 584 632 637 catur,
693 578 855 630 etiam
889 578 941 630 in
974 578 1040 632 iis
1070 578 1136 633 ad
1166 594 1286 648 qua:
1312 595 1418 633 non
1447 589 1575 635 sunt
1605 579 2026 649 impossibiliter

451 682 483 719 a
515 676 708 720 natura
735 668 1016 722 constituti
1058 686 1070 723 :
1128 685 1193 723 ex
1230 670 1295 725 iis
1353 686 1476 740 qua:
1525 671 1712 725 haberi
1764 682 2018 741 possunt,

450 761 709 814 convenit
736 776 902 813 manu
937 761 1270 831 apprehensa
1302 761 1523 825 ducere,
1573 770 1628 816 et
1672 776 1766 829 per
1795 778 1858 817 ea
1887 779 2024 818 con-

450 855 676 910 stituere
696 857 997 919 veritatem,
1028 865 1080 909 et
1098 872 1189 925 per
1212 856 1455 925 ipsorum
1472 856 1850 925 cogitationes,
1878 859 2021 914 veri-

451 949 580 1003 tatis
618 948 918 1003 claritatem
950 948 1352 1003 suhillnstrare.

522 1081 849 1151 QUASSTIO
906 1083 1063 1139 CCIV
1128 1084 1316 1156 [CoiaL
1374 1083 1725 1152 CCXXXIII,
1787 1083 1956 1139 Taur.

1028 1188 1031 1189 ί
1081 1171 1394 1245 ccxxm.

432 1266 559 1322 Cur
580 1268 855 1337 prophetia
890 1268 1125 1321 obscuris
1155 1266 1468 1336 imaginibus
1511 1266 1823 1322 obumbrata
1877 1267 1979 1338 fuit
2004 1270 2030 1324 2

2126 494 2227 547 οὐκ
2258 494 2510 549 ἀδύνατοι
2539 511 2552 524 ⁶
2586 497 2650 549 ὲκ
2692 496 2899 550 τούτων
2948 496 3049 550 ὅσα
3105 498 3405 568 ἐνδέχεται,
3462 503 3709 571 προσῆκε

2125 591 2488 659 χειραγωγεῖν
2514 590 2608 643 καὶ
2626 590 3059 655 κατασκευάζειν
3086 594 3273 656 αὐτοῖς
3294 594 3398 663 τὴν
3421 595 3707 663 ἀλήθειαν,

2125 680 2221 731 καὶ
2248 682 2367 743 ταῖς
2400 681 2580 735 αὐτῶν
2604 681 2865 747 διανοίαις
2881 684 3217 753 ὑπαυγάζειν
3243 687 3415 757 αὐτῆς
3438 688 3548 758 τὴν
3570 688 3709 759 λαμ·

2126 770 2392 841 πρότητα.

2667 1087 3003 1143 ΕΡΩΤΗΣΙΣ
3026 1088 3142 1146 ZA'.

2125 1261 2230 1318 Διὰ
2259 1262 2373 1331 τιή
2401 1265 2733 1333 προφητεία
2772 1266 2899 1332 τοῖς
2954 1266 3065 1334 τῆς
3116 1269 3418 1339 ἀσαφείας
3466 1272 3712 1338 τρόποις

2615 1374 2622 1382 .
2674 1339 3119 1392 συνεσκίασται
3145 1357 3163 1405 ;

945 1439 1088 1490 Edita
1111 1452 1139 1487 a
1169 1438 1467 1492 Montacutio
1489 1441 1591 1505 (ep.
1620 1441 1681 1490 65
1701 1442 1761 1490 ad
1778 1442 1919 1491 Joan.
1941 1442 2129 1491 Philos.
2150 1456 2199 1505 p.
2229 1444 2359 1505 115).
2394 1471 2445 1484 μ-
2468 1446 2543 1495 De
2567 1446 2867 1497 obscuritate
2894 1450 3195 1511 prophetia.

519 1544 602 1599 Ad
656 1545 1134 1617 interrogationem
1185 1549 1334 1603 illam
1380 1559 1551 1613 tuam,
1604 1565 1868 1619 quorsum
1897 1566 2021 1619 pro-

2196 1552 2492 1625 Πυθομένῳ
2544 1572 2647 1619 σοι,
2688 1555 2743 1608 τί
2783 1555 2985 1626 δήποτε
3036 1558 3071 1629 ἠ
3117 1558 3427 1628 προφητεία
3460 1560 3581 1622 τοῖς
3610 1559 3711 1628 τῆς

450 1638 633 1708 phetia
663 1640 1012 1695 obscuritatis
1032 1641 1204 1709 tr0pis
1238 1642 1557 1696 obvclatur?
1587 1643 1775 1711 paucis
1795 1658 2021 1712 respon-

451 1732 553 1784 deo
580 1747 593 1784 :
625 1746 691 1785 eo
722 1732 866 1800 quod
894 1732 1128 1787 historia
1155 1748 1261 1786 non
1293 1742 1375 1788 est
1398 1735 1700 1803 prophetia.
1719 1734 2017 1790 Historiam

448 1830 617 1887 certe,
675 1822 720 1877 si
766 1838 886 1893 qua:
942 1824 1044 1879 alia
1086 1825 1283 1889 virtus,
1334 1828 1698 1891 commendat,
1736 1828 2022 1897 perspicue

449 1916 635 1969 omnia
660 1916 971 1980 enuntiare,
1028 1932 1128 1972 nec
1182 1919 1477 1988 quidquam
1509 1920 1693 1975 ail'oris
1720 1921 2021 1990 cogitatum

453 2003 818 2060 introducere.
880 2005 1045 2061 Docet
1066 2008 1209 2061 enim
1228 2024 1349 2078 qua:
1385 2010 1437 2063 in
1475 2012 1653 2066 medio
1681 2013 1865 2081 populi
1904 2029 2023 2068 ver-

452 2106 668 2159 santur,
702 2112 931 2166 quaeque
958 2112 1147 2153 omnes
1176 2114 1241 2153 ex
1272 2114 1450 2170 aequo,
1490 2101 1669 2170 ignavi
1701 2110 1756 2157 et
1783 2104 2022 2174 itnpigri,

452 2189 547 2256 qui
577 2188 627 2239 in
661 2203 840 2242 rerum
872 2198 1063 2242 natura
1104 2201 1413 2257 versantur,
1462 2192 1789 2263 intelligunt,
1834 2210 1931 2250 nec
1958 2196 2025 2251 ab

454 2293 642 2332 eorum
702 2279 972 2333 intellectu
1024 2296 1170 2336 nunc
1213 2282 1377 2352 aliqui
1414 2285 1827 2340 submoventur.
1892 2285 2023 2340 I'ro~

2124 1643 2391 1713 ἀσαφείας
2421 1647 2645 1716 τρόποις
2678 1649 3083 1711 συνεσκίασται,
3133 1650 3223 1703 διὰ
3258 1651 3513 1722 βραχέων
3545 1654 3712 1721 ἀμεί-

2124 1734 2287 1804 ϐομσι
2313 1752 2329 1768 ·
2363 1737 2507 1790 Διότι
2536 1738 2635 1790 οὐκ
2667 1738 2814 1791 ἐστιν
2858 1740 3071 1810 ἱστορία
3115 1742 3149 1809 ἠ
3189 1744 3523 1813 προφητεία.
3555 1742 3714 1796 Ἰστο-

2127 1825 2248 1892 ρίας
2291 1825 2393 1897 μὲν
2449 1828 2591 1897 γὰρ,
2629 1830 2789 1900 εἴπερ
2812 1847 2866 1882 τι
2909 1830 3060 1896 ἄλλο,
3095 1831 3289 1902 ἁρετὴ,
3317 1834 3507 1903 σαφῶς
3537 1851 3597 1886 τε
3630 1836 3711 1887 εί-

2123 1919 2267 1981 πείν,
2298 1918 2393 1971 καὶ
2427 1919 2592 1988 μηδὲν
2640 1920 3090 1991 περινενοημένον
3148 1922 3573 1993 ἐξεργάσασθαι.
3630 1925 3713 1977 Τὰ

2124 2009 2232 2077 γὰρ
2272 2012 2328 2062 ὲν
2352 2008 2427 2080 τῷ
2455 2010 2604 2080 μέσῳ
2625 2011 2967 2082 γεγενημένα
3003 2013 3266 2075 διδάσκει,
3289 2016 3385 2076 κα),
3414 2016 3661 2079 ἅπαντες
3680 2027 3710 2057 ι

2124 2098 2325 2167 ὁμοίως
2341 2100 2435 2153 καὶ
2450 2101 2728 2154 σπουδαῖοι
2750 2102 2843 2154 καὶ
2864 2101 3060 2171 φαῦλοι
3086 2105 3206 2158 κατ’
3227 2106 3403 2159 ἐκεῖνο
3424 2107 3661 2176 καιροὺς
3679 2104 3709 2146 δ

2126 2188 2451 2257 ἠπίσταντο,
2476 2192 2571 2243 καὶ
2594 2188 2692 2245 νῦν
2716 2188 2916 2247 ειδέναι
2942 2196 3045 2248 οὐκ
3066 2196 3425 2265 ἀπείργονται
3444 2212 3459 2227 ·
3490 2213 3709 2268 προφη-

2124 2279 2247 2332 τεία
2274 2279 2350 2345 δὲ,
2380 2275 2448 2351 ἦς
2482 2280 2645 2353 ἔργον
2674 2286 2787 2346 τοῖς
2814 2283 2988 2349 ἀξίοις
3020 2285 3435 2340 ἀποκαλύπτειν
3467 2288 3540 2341 τὰ
3571 2288 3709 2355 d613-

451 2369 637 2437 plietia
676 2378 857 2425 autem
888 2381 991 2431 est,
1048 2372 1207 2441 cujus
1249 2389 1384 2443 opus
1409 2392 1573 2445 quam
1616 2378 2025 2433 convenientis-

2137 2372 2212 2433 λα,
2240 2376 2351 2438 τοῖς
2379 2374 2435 2428 δὲ
2465 2375 2712 2446 βεϐήλοις
2733 2375 2909 2430 ἄϐατα
2951 2379 3152 2442 ποιεῖν,
3198 2378 3261 2431 τὸ
3300 2379 3705 2448 συνεσκιασμὲ-

455 2460 595 2513 sime
627 2464 933 2531 peragitur,
975 2464 1215 2535 indignis
1269 2468 1563 2523 revelando
1601 2485 1722 2538 quae
1754 2482 1885 2525 sunt
1924 2472 2026 2524 oh-

2137 2481 2217 2519 νον
2250 2467 2345 2520 καὶ
2373 2467 2788 2537 αἰνιγματῶδες,
2819 2469 2911 2522 καὶ
2941 2468 3001 2522 τὸ
3042 2468 3131 2522 διὰ
3176 2470 3706 2539 παραπετασμάτων

452 2566 641 2619 scura,
692 2554 938 2623 profanis
986 2566 1166 2612 autem
1222 2558 1482 2629 impervia
1524 2571 1786 2630 praestare
1812 2563 2026 2628 eadem,

2137 2560 2616 2631 πρεπωδέστατον
2640 2558 2701 2625 ἐξ
2728 2553 2824 2625 ὧν,
2855 2558 3031 2631 οἶμαι,
3073 2561 3331 2616 λελῦσθαί
3379 2580 3473 2615 σου
3525 2563 3621 2615 καὶ
3648 2564 3714 2615 τὸ

454 2642 720 2713 quocirca
774 2645 1125 2703 adumbratas
1179 2665 1287 2715 res,
1310 2650 1721 2721 etmnigmatice
1746 2667 1839 2721 per
1873 2653 2029 2707 invo-

2137 2651 2355 2720 ἄπορον,
2395 2650 2470 2713 ὡς
2508 2644 2585 2705 Ἐἰ
2614 2651 2690 2722 μὴ
2737 2651 2843 2703 ἔδει
2877 2653 3088 2722 μαθεῖν,
3117 2652 3226 2706 οὐδ’
3250 2653 3387 2717 ὅλως
3431 2653 3597 2723 ἐχρῆν
3628 2656 3713 2706 εί-

456 2736 609 2790 lucra
644 2739 913 2807 proponit.
967 2738 1106 2796 Hinc
1131 2742 1260 2796 mihi
1295 2744 1508 2799 videtur
1538 2755 1643 2798 tua!
1676 2746 1856 2799 dubiae
1882 2761 2031 2815 quaa-

2137 2744 2289 2795 πεῖν·
2324 2744 2373 2795 εἰ
2410 2743 2454 2795 δ’
2478 2742 2673 2814 ἐκρίθη
2733 2744 2949 2813 μαθεῖν,
2995 2745 3097 2798 οὐκ
3149 2746 3379 2813 ἀσαφῶς
3417 2746 3563 2816 ἔχειν
3609 2746 3715 2815 τὴν

456 2827 621 2882 stioni
651 2832 1023 2899 satisfactum,
1077 2834 1356 2901 nimirum,
1408 2833 1463 2889 Si
1524 2836 1873 2905 intelligenda
1922 2852 2027 2889 non

2137 2834 2490 2904 προφητείαν,
2513 2834 2605 2887 καὶ
2634 2835 2827 2897 ὲνίσως
2854 2846 2879 2875 ο
2904 2836 3109 2907 σχεδον,
3139 2837 3231 2890 τοῦ
3257 2838 3392 2908 μηδὲ
3424 2838 3707 2907 εἰρῆσθαι,

454 2930 631 2989 erant,
689 2922 831 2976 haud
871 2922 1087 2979 fuerant
1118 2940 1372 2981 sermone
1403 2927 1739 2982 enuntianda
1768 2944 1781 2981 :
1818 2927 1901 2982 sin
1934 2927 2030 2981 ad-

2137 2897 2317 2997 éipiiv.
2379 2897 2617 2998 Διῃτήθη
2648 2928 2756 2998 γὰρ
2787 2930 2851 2981 ὲκ
2882 2897 2993 2983 τῶν
3022 2897 3349 2999 εἰρημένων,
3383 2897 3582 2983 δτιζιᾷι

457 3011 715 3068 discenda
737 3026 915 3081 erant,
952 3031 1060 3070 non
1093 3019 1335 3086 oportuit
1372 3020 1710 3089 prophetiam
1736 3019 2028 3073 obscuram

2137 3015 2241 3068 θεῖν
2272 3015 2549 3085 προσῆκον
2595 3012 2693 3086 ἦν,
2728 3018 2820 3070 καὶ
2865 3017 3162 3087 ἀναγκαῖον
3204 3019 3280 3090 μὴ
3325 3018 3567 3090 βεϐήλως
3612 3018 3717 3072 καὶ

456 3119 601 3168 esse,
628 3115 723 3160 aut
754 3122 908 3178 aeque
933 3123 1056 3163 esse
1083 3124 1147 3164 ac
1176 3111 1220 3164 si
1248 3111 1391 3165 edita
1423 3126 1529 3165 non
1556 3110 1769 3167 fuisset.
1805 3111 1937 3165 Nam
1965 3127 2030 3165 ex

2137 3106 2323 3168 κοινῶς
2356 3108 2531 3159 εἰπεῖν
2557 3122 2573 3138 ·
2605 3108 2743 3161 ἀλλὰ
2775 3110 2889 3173 τοῖς
2907 3109 3006 3179 μὲν
3040 3109 3274 3179 μύσταις
3310 3109 3566 3182 εἰρῆσθαι
3603 3127 3710 3163 σα-

458 3206 585 3251 ante
638 3196 797 3253 dictis
864 3209 1128 3254 statutum
1188 3210 1292 3266 est,
1357 3204 1691 3258 conveniens
1744 3202 1914 3258 fuisse
1971 3213 2031 3258 ut

2137 3199 2226 3268 φῆ.
2255 3199 2423 3253 ἄδυτα
2469 3198 2527 3252 δὲ
2557 3201 2667 3263 τοῖς
2701 3200 2967 3273 ἀμυήτοις
3005 3201 3400 3274 διατηρηθῆναι
3423 3240 3439 3266 ,
3490 3202 3585 3255 καὶ
3610 3201 3718 3256 οὐκ

456 3286 782 3357 disceretur,
815 3300 867 3344 et
895 3292 1264 3347 necessarium
1296 3294 1601 3362 utprofano
1633 3304 1728 3349 aut
1747 3296 2029 3350 communi

2129 3292 2352 3360 ἐφικτὰ.

460 3395 614 3434 more
642 3397 750 3436 non
780 3382 1160 3439 enuntiaretur
1194 3402 1209 3439 :
1238 3385 1331 3440 sed
1346 3386 1537 3457 mystis
1566 3386 1713 3441 clare
1740 3395 1799 3441 ut
1820 3387 2036 3452 edatur,
2073 3386 2288 3441 occulta
2340 3394 2522 3439 autem
2565 3392 2621 3440 et
2667 3384 2894 3440 minime
2929 3385 3114 3456 pervia
3170 3385 3415 3442 nondum
3479 3384 3718 3440 initiatis

457 3483 831 3529 conservetur.

456 3583 786 3651 ΟΠῨΕΞΤΙΟ
816 3586 949 3643 CCV
982 3586 1167 3662 [CoisL
1186 3588 1517 3658 CCXXXIV,
1557 3589 1722 3647 Taur.
1750 3588 2033 3667 CCXXV].

458 3677 537 3732 De
565 3680 921 3750 e/ﬁguratione
946 3692 996 3736 et
1036 3684 1337 3739 charactere
1376 3684 1671 3754 imaginum
1700 3694 2027 3739 sanctarum.

2702 3580 3035 3634 ΕΡΩΤΗΣΙΣ
3077 3580 3196 3637 ΣΕθ.

2138 3674 2280 3746 Περὶ
2318 3672 2780 3743 διαμορφώσεως
2826 3673 2959 3797 κὶιὶό
2978 3671 3361 3742 χαρακτῆρος
3387 3673 3508 3731 τῶν
3532 3674 3721 3749 ἁγίων·

2832 3761 2862 3797 ε
2888 3761 2922 3797 κ
2960 3762 3102 3797 νων.

2832 3761 3102 3798 εικονων.

673 3856 814 3905 Edita
834 3871 859 3906 a
886 3854 1183 3906 Montacutio
1208 3855 1313 3921 (ep.
1344 3855 1407 3906 64
1427 3856 1488 3906 ad
1508 3855 1697 3905 Theod.
1718 3856 1923 3920 hegum.
1947 3871 2001 3922 p.
2028 3857 2160 3923 115).
2180 3883 2243 3895 -
2264 3858 2337 3908 De
2359 3857 2512 3905 forma
2535 3862 2587 3905 et
2606 3856 2893 3905 charactere
2917 3858 3195 3906 sanctarum
3215 3860 3502 3922 imaginum.

534 3964 898 4021 Sciscitantur
942 3963 1168 4034 (inquis)
1205 3964 1297 4033 qui
1340 3964 1480 4018 inter
1512 3964 1904 4020 Iconomachos
1933 3981 2035 4021 au-

462 4058 712 4115 daciores
742 4066 870 4112 sunt
910 4066 963 4111 et
1003 4056 1346 4120 nialeferiati,
1398 4056 1603 4126 quique
1655 4057 2029 4111 curiositatem

2206 3963 2604 4035 Προτείνουσιν,
2635 3962 2789 4034 ἔφης,
2808 3962 2918 4016 τῶν
2942 3965 3333 4036 Είκονομάχων
3361 3968 3478 4022 ὅσοι
3507 3967 3719 4039 θρασύ-

2135 4075 2282 4129 τεροι
2312 4058 2407 4111 καὶ
2432 4054 2778 4125 κακόσχολοι,
2807 4056 2904 4108 καὶ
2934 4055 3095 4123 σοφὸν
3119 4056 3382 4124 ἡγοῦνται
3402 4060 3465 4112 τὸ
3489 4060 3722 4131 περίερο

464 4150 785 4220 sapientiam
817 4148 1154 4204 arbitrantur
1179 4163 1322 4212 esse,
1373 4163 1622 4217 quaenam
1656 4151 1729 4204 sit
1768 4164 2027 4219 germana

2137 4166 2249 4217 γον,
2282 4147 2411 4201 ποία
2437 4146 2548 4199 τῶν
2580 4146 2807 4199 εἰκόνων
2848 4145 3085 4216 Χριστοῦ
3130 4147 3335 4218 ἀληθὴς
3358 4187 3375 4211 ,
3410 4150 3641 4218 πότερον
3685 4152 3720 4221 ἠ

426 4261 430 4266 '
462 4244 669 4299 Christi
695 4242 915 4314 efﬁgies,
953 4250 1135 4296 utrum
1169 4242 1254 4296 illa
1281 4258 1445 4312 quam
1476 4242 1751 4299 delineant
1780 4242 2032 4307 Romani,

465 4351 535 4390 an
570 4351 733 4405 quam
763 4333 897 4400 Indi,
938 4348 1007 4388 an
1037 4349 1198 4405 quam
1232 4334 1428 4396 Graeci,
1497 4348 1565 4388 an
1599 4348 1764 4404 quam
1794 4332 2035 4403 Egyptii

467 4434 879 4496 representant,
925 4441 1049 4480 cum
1096 4426 1240 4481 inter
1265 4441 1325 4481 se
1373 4426 1736 4482 similitudine
1763 4441 1874 4480 non
1903 4440 2038 4480 con-

467 4517 724 4574 sentiant.
756 4516 1149 4588 Quamcunque
1187 4520 1413 4575 istarum
1436 4521 1730 4588 genuinam
1756 4533 1879 4573 esse
1911 4518 2039 4588 quis

467 4609 690 4676 dixerit,
714 4610 936 4663 omnino
963 4608 1053 4664 ille
1094 4610 1351 4679 reprobat.
1375 4624 1567 4664 omnes
1610 4609 1871 4678 reliquas.
1933 4607 2038 4663 Sed

469 4700 611 4755 hanc
634 4701 878 4771 ipsorum
917 4700 1303 4770 ohjectionem,
1364 4710 1459 4755 aut
1498 4701 1828 4755 malitiosam
1862 4700 2042 4769 potius

469 4792 930 4847 machinationem
961 4792 1016 4862 (ο
1042 4801 1098 4846 ιιι
1137 4793 1394 4863 praeclara
1421 4793 1761 4847 orthodoxire
1786 4792 1967 4861 imago
1989 4803 2043 4847 et

476 4884 927 4953 repraesentatio),
958 4884 1143 4938 multis
1169 4884 1347 4937 modis
1382 4884 1610 4953 colapho
1640 4881 1844 4936 inflicto
1862 4882 2042 4949 repel-

480 4971 591 5026 lere
614 4988 929 5042 possumus,
956 4982 1011 5028 et
1032 4973 1315 5042 multiplici
1355 4973 1610 5027 refertam
1644 4986 1769 5025 cum
1809 4970 2039 5025 stultitia

477 5071 594 5117 tum
627 5065 899 5134 impietate
927 5068 1267 5122 convincere.
1316 5066 1382 5121 Et
1408 5065 1673 5135 imprimis
1700 5065 1767 5119 ad
1814 5079 1908 5119 eos
1939 5064 2045 5117 hoc

474 5152 762 5206 dicendum
815 5162 937 5209 est:
1005 5153 1197 5209 Exillo
1243 5155 1361 5225 ipso
1391 5155 1534 5209 unde
1570 5153 1766 5208 bellum
1809 5153 2047 5207 indicere

477 5244 776 5313 imaginum
835 5246 1163 5302 confectioni
1217 5247 1615 5318 proposuistis,
1691 5245 1846 5300 inviti
1896 5246 2044 5310 licet,

477 5346 659 5391 tamen
684 5335 927 5396 fatemini
949 5355 1047 5410 per
1082 5342 1395 5397 universum
1418 5340 1629 5404 urbem,
1664 5340 1755 5393 ubi
1786 5339 2049 5393 Christia-

480 5425 692 5483 nismus
714 5427 949 5497 exsistit,
1003 5430 1301 5500 imaginum
1348 5431 1722 5487 exsistentiam
1762 5429 1818 5485 et
1841 5430 2047 5485 cultum

2137 4239 2288 4311 παρὰ
2324 4239 2618 4309 Ῥωμαίοις
2641 4278 2656 4302 ,
2685 4237 2719 4308 ἢ
2768 4236 2950 4308 ἥνπερ
3011 4238 3168 4291 Ἰνδοὶ
3226 4242 3568 4310 γράφουσιν,
3600 4243 3635 4313 ἢ
3685 4245 3719 4312 ἡ

2137 4334 2268 4405 παρ’
2302 4331 2560 4402 Ἕλλησιν
2586 4371 2599 4395 ,
2633 4330 2667 4402 ἢ
2692 4332 2725 4399 ἡ
2749 4330 2879 4400 παρ’
2898 4330 3239 4398 Αἰγυπτίοις,
3280 4333 3379 4402 οὐχ
3411 4333 3597 4402 ὅμοιαι
3626 4334 3724 4387 ἀλ-

2136 4425 2325 4496 λήλαις
2356 4424 2541 4487 αὐταὶ,
2573 4422 2669 4476 καὶ
2695 4421 2885 4475 ὁποίαν
2906 4422 2970 4475 ἄν
2995 4438 3081 4485 τις
3107 4420 3282 4475 αὐτῶν
3306 4423 3483 4494 ἀληθῆ
3503 4426 3723 4495 φήσειε,

2138 4516 2376 4586 δηλονότι
2424 4513 2853 4585 παραγράφεται
2904 4512 3006 4576 τὰς
3055 4511 3249 4575 λοιπάς
3275 4528 3291 4544 ·
3320 4513 3458 4566 ἀλλὰ
3515 4514 3726 4585 ταύτην

2140 4611 2322 4665 αὐτῶν
2368 4610 2470 4681 τὴν
2520 4607 2777 4678 ἀπορίαν,
2810 4606 3011 4677 μᾶλλον
3042 4605 3101 4658 δὲ
3151 4604 3254 4675 τὴν
3304 4606 3726 4675 κακομηχανίαν

2143 4695 2210 4771 (ὧ
2238 4700 2402 4754 καλὸν
2439 4698 2753 4768 όρθοδοξίας
2809 4696 3034 4766 ἄγαλμα
3094 4695 3181 4763 σὺ)
3233 4696 3527 4765 πολλαχῶς
3574 4697 3727 4749 ἔστιν

2141 4790 2528 4863 ἐπιρραπίσαι,
2564 4788 2657 4841 καὶ
2691 4787 2891 4858 πολλῆς
2931 4786 3209 4856 γέμουσαν
3278 4787 3586 4856 παρανοίας
3630 4786 3728 4838 καὶ

2141 4881 2458 4944 δυσσεϐείας
2482 4879 2800 4948 ἀπελέγξαι.
2829 4880 2935 4931 Καὶ
2963 4877 3180 4949 πρῶτον
3204 4876 3353 4930 ἔστιν
3371 4878 3550 4931 εἰπεῖν
3587 4876 3727 4947 πρὸς

2153 4976 2376 5037 αὐτοὺς,
2404 4974 2486 5027 ὄτι
2530 4973 2702 5036 Τέως,
2731 4972 2790 5036 ἐξ
2811 4964 2887 5024 ὧν
2926 4971 3127 5039 ἔγνωτε
3149 4974 3217 5042 τῇ
3247 4970 3599 5041 εἰκονουργίᾳ
3626 4971 3729 5040 μά-

2150 5068 2367 5137 χεσθαι,
2394 5067 2490 5119 καὶ
2521 5064 2747 5128 ἄκοντες
2770 5064 2939 5133 αὐτῆς
2958 5062 3346 5133 πανταχοῦτῆς
3373 5062 3724 5131 οἰκουμένης,

2149 5158 2277 5213 ἔνθα
2331 5159 2392 5212 τὸ
2420 5156 2762 5229 Χριστιανῶν
2810 5154 2967 5225 γένος
3003 5156 3105 5225 τὴν
3150 5154 3386 5224 ὕπαρξιν
3425 5155 3524 5208 καὶ
3553 5170 3725 5225 προσο

2150 5252 2375 5321 κύνησιν
2434 5253 2883 5321 ὲμαρτυρήσατε’
2924 5248 3067 5302 ὥστε
3094 5248 3125 5302 ὃ
3168 5249 3458 5318 καθαιρεῖν
3518 5249 3728 5317 ἑπιχειυ

2153 5342 2327 5415 ροῦσι,
2383 5342 2582 5413 μᾶλλον
2622 5340 2935 5405 συνιστῶσι,
2968 5341 3065 5395 καὶ
3113 5342 3227 5403 τοῖς
3263 5340 3486 5403 οἰκείοις
3535 5340 3723 5408 λόγοις

2152 5433 2485 5488 ἁλίσκονται.
2534 5432 2793 5505 Δεύτερον
2831 5434 2915 5487 ὅτι
2952 5432 3245 5505 λελήθασιν
3271 5432 3521 5499 ἑαυτοὺς,
3549 5432 3619 5485 δι’
3652 5424 3729 5485 ὧν

1747 5586 1981 5644 VARI/I3
2016 5589 2309 5647 LECTION
2319 5591 2419 5648 IIS.

552 5714 578 5743 ι
600 5702 635 5755 ἃ
669 5702 865 5769 πάντες
897 5704 1117 5763 ιιωεοίι.
1186 5706 1213 5745 ιι
1251 5705 1345 5760 τοῦ
1369 5703 1559 5773 καιροῦ
1585 5700 1810 5760 lloescli.

1908 5714 1930 5740 ε
1968 5704 2053 5758 ϊσ.
2085 5704 2141 5758 ἓν
2172 5705 2300 5768 ἴσως
2325 5705 2542 5761 ΙΙωδρίι.
