3902 6212
180 339 286 404 94')

1050 341 1150 400 AD
1180 335 1777 401 AMPHILOCHIUM
1802 334 2147 406 QU/ESTIO
2171 336 2356 411 CCIV,
2389 334 2542 395 CCV.

3349 326 3453 391 950

188 449 364 503 ταῦτα
394 447 665 517 λέγουσιν,
690 448 770 512 εἰς
796 448 894 519 τὴν
921 448 1028 503 τῶν
1069 450 1339 522 Ἑλλήνων
1362 450 1515 515 τάξιν
1539 447 1769 510 ἑαυτοὺς

1875 448 2083 503 haberi.
2128 448 2201 502 Ita
2229 448 2282 502 in
2307 463 2371 502 eo
2395 445 2539 518 quod
2565 443 2753 499 tollere
2771 440 3078 505 voluerunt,
3112 439 3285 511 magis
3313 454 3452 495 con-

186 540 531 603 έντάττοντες
548 556 564 571 ο
597 540 684 592 ἐπ’
719 540 838 608 ἴσης
855 540 963 612 γάρ
990 542 1196 595 ἐστιτὰ
1220 542 1485 612 εἰρημένα
1506 540 1635 611 περὶ
1661 539 1769 593 τῶν

191 631 406 686 σεπτῶν
425 630 649 685 εἰκόνων
669 631 841 684 εἰπεῖν
863 632 958 685 καὶ
983 648 1051 685 πε
1061 632 1114 703 ρὶ
1135 632 1243 685 τῶν
1256 632 1431 687 ἄλλων
1456 631 1770 704 μυστηρίων

184 721 365 793 ἡμῶν.
399 721 592 783 Ποίους
617 720 726 793 γάρ
759 720 953 789 λόγους
975 722 1308 792 Εύαγγελίου
1343 721 1763 785 θεοπνεύστους,

188 814 398 868 εἴποιεν
425 812 582 884 ﬁmi}
639 811 775 877 ὅλως
822 813 1157 881 Εὑαγγέλιον
1221 816 1373 867 ποῖον
1423 812 1765 884 όνομάζετες

188 906 371 969 ἄλλοις
398 906 509 977 γὰρ
533 907 773 977 σχήμασι
802 907 897 960 καὶ
926 906 1119 971 τύποις
1145 907 1491 978 γραμμάτων
1524 907 1585 960 τὸ
1630 906 1767 959 Ῥω-

190 998 389 1071 μαῖκδν
408 1040 425 1067 ,
465 998 647 1062 ἄλλοις
671 998 728 1052 δὲ
757 999 818 1053 τὸ
863 999 1061 1066 Ἰνδῶν,
1094 1000 1189 1052 καὶ
1216 1000 1426 1071 ἑτέροις
1452 1000 1515 1053 τὸ
1544 999 1765 1071 Ἐϐραῖ-

189 1091 306 1155 κὸν,
362 1089 459 1144 καὶ
518 1088 700 1154 ἄλλοις
729 1090 788 1143 τὸ
812 1090 1087 1145 Αἰθιόπων
1118 1091 1530 1163 άπαρτίζονται.
1566 1091 1677 1144 Καὶ
1701 1089 1763 1142 ού

192 1182 351 1251 μόνον
374 1180 567 1244 τύποις
614 1181 987 1252 γραμμάτων,
1030 1183 1125 1236 καὶ⁵
1171 1185 1447 1254 σχήμασιν
1488 1181 1764 1252 ἀνομοίοις

186 1272 512 1342 γράφονται,
542 1270 679 1325 ἀλλὰ
712 1273 807 1326 καὶ
852 1274 1128 1344 ἀπηχήσει
1162 1277 1269 1326 και
1294 1274 1543 1344 σημασίᾳ.
1577 1276 1763 1344 φωνῆς

187 1366 475 1437 ἑτεροειδεί
531 1384 590 1420 τε
640 1367 736 1420 καὶ
786 1366 1190 1438 ἁλλοτριωτάτῃ
1230 1366 1595 1438 προφέρονται
1619 1381 1633 1394 ⁸
1660 1366 1761 1419 ούκ

187 1453 283 1511 οῦν
320 1460 476 1526 φαῖεν
506 1458 593 1523 ἂν,
629 1458 848 1513 Μᾶλλον
888 1458 944 1511 δὲ
974 1459 1063 1512 διὰ
1091 1460 1145 1512 τί
1174 1460 1249 1528 μὴ
1297 1444 1507 1526 λέγοιτε
1552 1457 1627 1521 ὡς
1668 1456 1760 1510 ού-

187 1548 301 1602 δενὶ
327 1549 594 1619 προσήκει
626 1548 960 1620 πείθεσθαιῆ
988 1549 1389 1621 προσέρχεσθαι
1414 1547 1757 1617 Εύαγγελίῳ,

188 1642 273 1696 ὅτι
299 1641 574 1712 ἀνομοίοις
617 1642 710 1694 καὶ
739 1624 1039 1711 σχημάτων
1062 1641 1253 1706 τύποις
1311 1642 1403 1695 καὶ
1428 1641 1622 1710 φωνῶν
1651 1643 1760 1695 άπ-

1880 540 2100 596 ﬁrmant
2126 542 2409 612 imagines,
2443 547 2496 596 et
2519 536 2757 608 propriis
2786 535 2982 590 irretiti
3006 543 3257 588 tenentur
3283 532 3452 587 ratio-

1876 636 2057 691 ciniis.
2120 634 2393 701 Secundo,
2449 630 2741 687 dicendum
2798 626 2945 699 quod
2995 627 3124 680 dum
3167 624 3272 680 ista
3320 639 3452 694 pro-

1877 727 2078 793 ferunt,
2117 727 2269 781 inviti
2302 742 2360 782 se
2392 726 2445 779 in
2473 724 2719 780 ordinem
2755 736 3095 793 paganorum
3120 719 3447 775 inscribunt.

1874 820 1953 874 Ex
1986 834 2143 889 aequo
2190 820 2334 872 enim
2389 817 2515 872 licet
2579 830 2643 871 ea
2687 830 2810 885 qua:
2866 822 3056 868 contra
3104 812 3447 867 venerandae

1876 912 2146 982 imagines
2180 910 2500 975 afferuntur,
2555 920 2610 964 et
2659 917 2850 963 contra
2878 906 3087 974 reliqua
3111 912 3298 958 nostra
3327 918 3449 973 my-

1874 1003 2044 1057 steria
2071 1016 2288 1072 urgere.
2342 998 2500 1066 Nam,
2538 1014 2745 1070 quzeso,
2785 1012 2921 1068 quas
2953 996 3029 1050 illi
3058 1003 3243 1064 partes
3265 990 3450 1045 Evan-

1873 1094 1999 1166 gelii
2033 1094 2292 1149 divinitus
2323 1092 2618 1163 inspiratas
2672 1090 2871 1147 dicturi
2924 1088 3088 1144 sunt?
3142 1096 3239 1140 aut
3268 1084 3451 1156 potius

1873 1188 2153 1259 quodnam
2204 1188 2564 1258 Evangelium
2610 1185 2835 1241 nomine
2887 1179 3220 1251 suscipiant?
3294 1176 3452 1232 Certe

1870 1280 2107 1337 diversis
2129 1280 2337 1335 formis
2355 1277 2611 1350 etﬁguris
2636 1277 2964 1339 litterarum,
2986 1272 3242 1327 Latinum
3270 1268 3449 1322 Evan-

1870 1373 2092 1441 gelinm,
2124 1374 2244 1429 aliis
2278 1372 2558 1435 Indorum,
2607 1365 3049 1438 discrepantibus
3098 1361 3447 1422 flebraicum,

1873 1473 1930 1518 et
1957 1463 2137 1519 adhuc
2166 1463 2288 1518 aliis
2318 1462 2689 1532 jEthiopicum
2714 1466 2992 1514 exaratnr.
3016 1453 3202 1524 Neque
3232 1461 3447 1507 tantum

1867 1556 2175 1612 litterarum
2230 1554 2621 1611 diversimodis
2665 1550 2855 1622 ﬁguris
2892 1559 2947 1605 et
2985 1543 3445 1604 delineationibus

1864 1649 2250 1704 describuntur
2274 1649 2398 1711 ista,
2424 1648 2521 1703 sed
2556 1648 2779 1716 insuper
2801 1644 2954 1701 sonis
2984 1651 3038 1698 et
3070 1636 3428 1709 signiﬁcatio-

189 1734 422 1806 ηχήσεσί
450 1750 512 1788 τε
534 1735 628 1788 καὶ
664 1735 958 1805 σημασίαις
980 1737 1447 1805 άπαγγέλλονται;
1478 1735 1598 1789 Τῶν
1620 1735 1757 1805 ὑμε-

1875 1743 2034 1798 nibus
2083 1742 2235 1798 vocis
2258 1742 2417 1797 valde
2434 1740 2960 1812 discrepantibus,et
2980 1753 3011 1791 a
3039 1751 3097 1791 se
3119 1732 3422 1790 dissentien

190 1827 366 1897 τέρων
399 1826 507 1898 γάρ
561 1826 963 1899 ἐνθυμημάτων
1004 1828 1101 1883 καὶ
1155 1829 1318 1884 τοῦτο
1363 1829 1425 1882 τὸ
1474 1828 1763 1899 τόλμημαο

1876 1839 2021 1894 tibus
2048 1836 2424 1892 enuntiantur.
2472 1835 2742 1903 Quocirca
2792 1848 2900 1886 non
2949 1827 3183 1884 absurde
3216 1826 3445 1881 dixero:

192 1921 317 1975 οὐδὲ
342 1921 451 1992 γὰρ
473 1920 581 1974 οὐδ’
608 1920 809 1990 Ἕλλην
836 1940 918 1985 τις
939 1924 1072 1992 ἡμῖν
1105 1923 1233 1994 ῥᾷον
1265 1920 1334 1974 τά
1385 1919 1608 1975 τοιαῦτα
1638 1936 1773 1989 προ-

194 2013 445 2065 τείνειεν.
484 2012 663 2065 Πολλὰ
697 2013 807 2082 γὰρ
836 2013 929 2066 καὶ
959 2013 1090 2081 παρ’
1111 2012 1299 2074 αὐτοῖς
1320 2012 1431 2063 τῶν
1457 2009 1771 2079 σεϐασμίων

196 2103 579 2174 παραπλήσια.
609 2106 719 2157 Καὶ
747 2103 936 2174 ὥσπερ
969 2104 1116 2157 ἐστὶν
1169 2104 1352 2166 αὐτοῖς
1401 2102 1564 2173 φύσις
1615 2101 1770 2173 κοινὴ

196 2195 334 2265 πρὸς
365 2196 531 2266 ἡμᾶς,
560 2198 653 2249 καὶ
687 2197 843 2264 νοῦς,
872 2196 967 2249 καὶ
1017 2195 1194 2265 λόγος,
1251 2194 1344 2249 καὶ
1400 2194 1584 2265 ψυχῆς
1631 2194 1770 2264 πρὸς

199 2286 364 2355 σῶμα
395 2285 696 2357 σύγκρασις
723 2288 1081 2358 ὁμοιότροπος
1102 2288 1197 2342 καὶ
1222 2286 1391 2360 μυρία
1425 2286 1560 2341 ἄλλα
1578 2304 1595 2321 ι
1629 2285 1773 2339 οῦτω

195 2378 293 2431 καὶ
325 2382 454 2451 περὶ
483 2378 584 2450 τὴν
609 2379 704 2433 τοῦ
738 2381 895 2434 Θείου
929 2380 1206 2448 ὑπόνοιαν,
1235 2380 1336 2434 κᾶν
1359 2382 1471 2443 τοῖς
1501 2379 1773 2442 πλείστοις

193 2474 290 2523 καὶ
321 2473 682 2542 κυριωτάτοις
710 2473 1049 2526 διίστανται·
1080 2473 1194 2526 ἀλλ’
1220 2468 1314 2526 οῦν
1334 2471 1483 2525 ἐστιν
1510 2472 1660 2542 ὅμως
1690 2464 1773 2534 οἷς

192 2563 286 2616 διὰ
335 2564 434 2634 τὴν
481 2566 769 2635 ἐνάργειαν
813 2565 919 2618 τῶν
960 2563 1155 2618 κοινῶν
1207 2565 1447 2630 ἐννοιῶν,
1481 2563 1591 2617 οὐδ’
1619 2563 1774 2616 αὐτοὶ

192 2654 441 2724 τολμῶσι
504 2655 887 2725 διαμάχεσθαι.
941 2656 1149 2709 Οὐκοῦν
1184 2655 1293 2709 οὐδ’
1333 2654 1536 2726 Ἕλλην
1596 2656 1770 2725 ἀμφι-

198 2746 528 2816 σϐητήσειεν
581 2747 715 2816 ἡμῖν
746 2746 875 2818 περὶ
901 2746 1115 2810 τούτου,
1146 2747 1282 2801 ἁλλά
1304 2764 1389 2811 τις
1433 2747 1592 2808 ἄλλος
1635 2748 1774 2811 ὅλως

196 2836 359 2897 ἄθεος
384 2836 479 2889 καὶ
506 2836 906 2905 άθρήσκευτος,
968 2838 1108 2908 μήτε
1142 2837 1286 2891 θείου
1350 2838 1580 2904 ἔννοιαν,
1636 2840 1774 2910 μήτε

196 2925 456 2994 λατρείαν
501 2926 638 2988 ὅλως
682 2926 1145 2996 παραδεξάμενος.
1189 2927 1386 2997 Τρίτον
1438 2928 1516 2992 δὲ,
1549 2925 1773 2980 καὶτοῦ

195 3017 452 3087 δευτέρου
491 3017 811 3087 σύστοιχον,
867 3021 1018 3071 ποῖον
1075 3019 1307 3089 σταυρὸν
1365 3017 1772 3089 προσερήσεσθε

196 3108 418 3171 πάντως
440 3108 534 3161 τοῦ
570 3109 932 3180 πρωτοτύπου
968 3110 1262 3181 νομιοῦμεν
1308 3111 1514 3180 ὅμοιον,
1541 3110 1598 3173 ὃς
1631 3110 1774 3180 μετὰ

194 3199 296 3253 τοῦ
356 3199 537 3252 τίτλου
568 3198 984 3269 σχηματίζεται,
1014 3201 1045 3271 ἢ
1093 3201 1154 3265 ὃς
1186 3202 1315 3255 ἄνευ
1344 3201 1553 3255 ἐκείνου
1585 3202 1769 3255 διατυ-

197 3290 397 3344 ποῦται
454 3290 548 3344 καὶ
598 3291 961 3361 διαγράφεται
987 3308 1003 3358 ;
1030 3287 1133 3344 Ὧν
1190 3292 1299 3361 γὰρ
1353 3292 1421 3345 ἂν
1450 3295 1482 3364 ἡ
1512 3293 1769 3363 ὁμοιότης

196 3386 333 3454 ἡμῖν
371 3383 754 3455 ὁμολογηθείη,
791 3387 855 3438 ὲκ
897 3384 1086 3438 τούτου
1132 3385 1295 3455 (κατὰ
1346 3385 1441 3439 τὸν
1507 3386 1771 3455 ὑμέτερον

200 3477 366 3546 σοφὸν
397 3476 779 3553 συλλογισμὸν)
807 3478 839 3548 ἡ
866 3477 973 3529 τῶν
998 3478 1204 3530 λοιπῶν
1235 3478 1453 3548 ποίησις
1484 3480 1579 3532 καὶ
1602 3496 1771 3549 προσ-

198 3568 431 3640 κύνησις
485 3570 623 3641 (ἀλλ’
651 3570 779 3639 ύμῖν
807 3587 869 3638 γε
894 3571 1006 3633 τοῖς
1027 3566 1256 3623 τοιαῦτα
1283 3570 1411 3641 περὶ
1435 3570 1772 3641 τηλικούτων

195 3661 493 3731 τολμῶσιν)
541 3660 1026 3731 άπαρνηθήσεταιυ
1093 3659 1126 3731 ἢ
1172 3662 1269 3714 καὶ
1317 3661 1418 3732 ἤδη
1448 3661 1769 3732 ὲξήρνηται.

198 3754 493 3824 Τέταρτον,
521 3753 621 3824 τὴν
647 3752 909 3824 διαφορὰν
929 3754 1061 3823 ἡμῖν
1094 3754 1190 3806 καὶ
1212 3752 1577 3824 ἀνομοιότητα
1592 3754 1690 3825 τὴν
1714 3756 1772 3808 έν

197 3847 323 3908 ταῖς
354 3846 643 3914 μυστικαῖς
668 3844 902 3908 θυσίαις,
930 3844 1026 3897 καὶ
1054 3846 1173 3907 ταῖς
1200 3844 1388 3908 ἄλλαις
1412 3846 1767 3916 ἱερουργίαις,

198 3938 281 4001 είς
332 3937 585 4009 διαϐολὴν
645 3937 864 4007 ἁπάσης
943 3938 1037 3991 καὶ
1093 3938 1404 4009 ἀνατροπὴν
1456 3941 1553 4009 τῆς
1613 3939 1774 4011 ἡμῶν

198 4028 471 4100 ἀχράντου
503 4028 728 4098 τελετῆς
756 4030 850 4081 καὶ
874 4028 1130 4099 λατρείας
1160 4029 1550 4102 προκομιεῖσθε
1572 4048 1586 4063 ο
1614 4032 1673 4097 ἐξ
1698 4025 1774 4086 ὧν

200 4123 314 4191 γὰρ
346 4120 487 4175 κατὰ
503 4123 600 4191 τῆς
623 4119 866 4190 Χριστοῦ
888 4120 1099 4182 εἰκόνος
1126 4120 1369 4192 πονηράν
1398 4121 1631 4192 μελέτην
1654 4123 1774 4186 ταῖς

200 4213 358 4284 ὑμῶν
380 4211 638 4276 διανοίαις
662 4211 1049 4282 ἐμελετήσατε,
1070 4212 1250 4264 πᾶσαν
1268 4212 1368 4283 τήν
1386 4211 1494 4265 τῶν
1513 4214 1775 4283 Χριστια-

198 4304 309 4359 νῶν
345 4306 496 4378 ίεράν
535 4305 781 4374 τελετὴν,
812 4304 908 4357 καὶ
936 4304 1006 4357 τὰ
1032 4304 1150 4357 θεῖα
1181 4305 1456 4375 μυστήρια
1473 4305 1537 4358 ὲκ
1560 4304 1774 4376 βάθρων

199 4397 383 4451 αὐτῶν
419 4397 722 4467 ὴλέγχθητε
772 4396 1174 4457 κατασείοντες.
1230 4396 1484 4465 Πέμπτον
1519 4396 1714 4466 ῥητέον
1746 4395 1775 4448 ὃ

1879 1930 1992 1985 Cur
2023 1945 2135 1984 non
2177 1928 2475 1992 afﬁrmatis,
2502 1926 2645 1997 quod
2686 1924 2895 1980 nullum
2943 1920 3232 1977 admittere
3267 1918 3452 1972 Evan-

1874 2024 2098 2095 gelium,
2129 2031 2226 2077 aut
2248 2021 2721 2087 illiohtemperare
2750 2022 3016 2085 oporteat,
3041 2028 3106 2068 eo
3129 2010 3274 2080 quod
3292 2007 3455 2064 dissi-

1872 2113 2118 2168 millimis
2174 2112 2472 2182 ﬁgurarum
2529 2107 2766 2175 formis,
2813 2119 3073 2162 sonorum
3114 2100 3339 2155 vocibus
3397 2107 3453 2153 et

1874 2202 2366 2273 significationibus
2412 2199 2760 2270 publicantur
2790 2196 2814 2250 ?
2863 2189 3022 2249 Certe
3057 2189 3256 2247 vestris
3281 2189 3453 2242 ratio-

1875 2295 2243 2351 cinationibus
2280 2294 2534 2365 congruit
2572 2293 2677 2346 hoc
2722 2289 2956 2344 facinus.
3017 2285 3255 2341 Omnino
3290 2282 3452 2339 nobis

1873 2406 2117 2463 paganus
2145 2389 2416 2461 quispiam
2434 2387 2593 2443 facile
2621 2386 2749 2441 talia
2775 2384 3056 2451 obiiceret.
3114 2379 3252 2435 Sunt
3300 2377 3451 2433 enim

1874 2481 2017 2551 apud
2048 2494 2144 2536 eos
2199 2481 2385 2534 multa:
2425 2475 2739 2547 hujusmodi
2789 2469 3160 2529 venerationis
3208 2467 3447 2538 species.

1874 2573 1942 2628 Et
1993 2572 2449 2645 quemadmodum
2526 2570 2604 2624 illi
2664 2579 2914 2624 naturam
2965 2565 3252 2620 nobiscum
3295 2575 3453 2614 com-

1874 2684 2094 2724 munem
2121 2667 2342 2731 habent,
2363 2672 2619 2726 mentem,
2652 2660 2915 2716 rationem
2950 2656 3220 2717 eamdem,
3253 2654 3452 2707 animae

1878 2759 1945 2814 ad
1985 2772 2185 2826 corpus
2235 2753 2520 2825 syncrasin
2572 2750 2858 2820 aequalem,
2913 2754 2967 2801 et
3024 2752 3278 2800 sexcenta
3308 2741 3448 2795 alia:

1876 2851 1952 2905 ita
1970 2857 2236 2920 quantum
2267 2846 2458 2901 attinet
2486 2844 2553 2898 ad
2595 2842 2839 2897 rationes
2862 2838 2929 2892 de
2958 2837 3090 2903 Deo,
3127 2836 3178 2888 in
3201 2833 3451 2904 plurimis

1874 2950 1929 2996 et
1956 2938 2245 3011 praecipuis
2280 2935 2611 2992 dissentiunt
2673 2952 2686 2987 :
2753 2938 2838 2985 est
2868 2938 3046 2983 tamen
3081 2925 3196 2987 ubi,
3234 2931 3451 2993 propter

1877 3033 2248 3090 communium
2273 3027 2664 3100 principiorum
2693 3020 3032 3076 manifestam
3053 3016 3448 3086 operationem,

1799 3157 1843 3218 ρ
1877 3144 1984 3183 ηοιι
2010 3126 2211 3181 audent
2257 3139 2287 3177 a
2321 3123 2478 3176 nobis
2503 3118 2810 3174 dissentire.
2845 3113 3114 3181 Quocirca
3152 3126 3249 3164 uec
3282 3124 3450 3179 paga-

1880 3234 1983 3274 nus
2014 3218 2298 3272 nobiseum
2331 3214 2397 3269 de
2431 3213 2552 3266 istis
2610 3214 3035 3272 contestaretur,
3090 3203 3186 3258 sed
3212 3203 3299 3256 ille
3327 3212 3449 3255 tan-

1882 3322 1994 3373 tum
2027 3311 2120 3380 qui
2173 3309 2333 3379 plane
2374 3306 2590 3366 atheus,
2615 3302 2747 3369 jsine
2792 3300 2904 3353 ullo
2948 3295 3227 3365 religionis
3261 3294 3448 3349 cultu:

1878 3401 1972 3471 qui
2007 3416 2183 3470 neque
2202 3397 2452 3453 Numinis
2481 3393 2910 3455 venerationem,
2947 3406 3012 3444 ne
3041 3389 3260 3458 quidem
3297 3388 3451 3456 cogi-

1880 3496 2137 3550 tationem
2176 3492 2340 3546 ullam
2374 3489 2643 3544 admittet.
2698 3485 2879 3541 Tertia
2927 3484 3159 3553 objectio
3197 3482 3453 3537 secunda:

1880 3585 2075 3642 similis
2120 3591 2203 3638 est
2236 3580 2570 3650 :Ecqualem
2609 3593 2827 3633 crucem
2873 3576 3122 3630 statuetis
3166 3581 3454 3643 prototypo

1879 3676 2104 3731 omnino
2126 3674 2382 3737 similem,
2415 3687 2482 3726 an
2518 3671 2665 3724 illam
2680 3685 2801 3738 qua:
2832 3682 2955 3722 cum
2978 3666 3133 3721 titulo
3156 3663 3447 3734 efﬁgiatur,

1879 3766 2172 3837 autpotius
2207 3780 2327 3835 qua:
2365 3764 2482 3818 sine
2520 3762 2614 3816 illo
2643 3760 2946 3815 delineatur
2998 3768 3051 3812 et
3088 3756 3456 3811 cﬁormatur?

1879 3858 2051 3928 Cujus
2078 3857 2222 3912 enim
2264 3869 2480 3925 cunque
2508 3852 2918 3909 similitudinem
2951 3846 3309 3911 confitemini,
3355 3861 3453 3916 per

1878 3948 2027 4004 illam
2069 3946 2184 4018 (qui
2228 3954 2405 4001 vester
2447 3953 2532 3999 est
2576 3942 2835 4013 praeclare
2881 3946 3170 3993 contextus
3226 3934 3452 4007 syllogi-

1880 4042 2054 4113 smus)
2077 4042 2307 4096 aliarum
2342 4038 2659 4094 fabrefactio
2685 4046 2742 4093 et
2772 4034 3069 4097 veneratio,
3094 4048 3191 4102 per
3217 4047 3338 4093 vos.
3357 4032 3452 4101 qui

1880 4136 1996 4190 haec
2020 4135 2145 4188 talia
2175 4132 2385 4187 audetis
2411 4131 2699 4196 afﬁrmare,
2736 4128 2961 4183 omnino
2994 4125 3304 4196 negabitur,
3360 4134 3455 4179 aut

1880 4228 2063 4298 potius
2093 4226 2203 4295 jam
2233 4231 2480 4290 negatur.
2531 4223 2739 4288 Quarto
2767 4220 2886 4272 loco
2913 4218 3276 4271 differentiam
3302 4216 3451 4270 illam

1880 4327 1936 4373 et
1961 4314 2462 4372 dissimilitudinem
2488 4328 2625 4381 quas
2653 4311 2708 4364 in
2741 4309 2984 4380 mysticis
3013 4307 3263 4363 videmus
3285 4307 3456 4361 sacri-

1882 4410 2021 4464 ﬁciis
2053 4416 2107 4463 et
2150 4406 2270 4461 aliis
2298 4404 2635 4475 quibuslibet
2664 4400 2869 4456 sanctis
2899 4398 3109 4463 ofIiciis,
3164 4398 3216 4452 in
3274 4412 3457 4466 repre-

199 4492 298 4544 καὶ
323 4492 441 4545 λίαν
466 4490 647 4544 αὐτῶν
676 4488 982 4561 στηλιτεύει
1003 4488 1064 4542 τὺ
1108 4488 1364 4549 δυσσεϐὲς
1393 4489 1488 4542 καὶ
1520 4488 1772 4559 μισόχρι-

1881 4501 2202 4558 heusionem
2251 4507 2304 4552 et
2367 4496 2777 4552 subversiouem
2845 4494 3011 4547 totius
3085 4490 3455 4546 immaculata:

200 4599 349 4637 στον⁶
370 4583 435 4636 Τί
468 4582 578 4652 γὰρ
609 4582 704 4635 ἐπὶ
725 4582 825 4652 τῆς
843 4581 1049 4643 εἰκόνος
1070 4580 1314 4643 ἵστασθε,
1339 4580 1578 4644 καὶτοὺς
1598 4579 1773 4634 τοιού-

199 4693 331 4739 τους
382 4676 695 4746 φληνάφους
739 4674 1090 4740 άνελίσσετε,
1122 4673 1240 4726 δέον
1289 4673 1427 4743 πρὸς
1479 4672 1643 4726 αὑτὸν
1683 4672 1776 4725 τὸν

197 4767 624 4838 εἰκονιζόμενον,
653 4766 682 4819 ὃ
709 4766 1009 4836 κρύπτουσι
1035 4765 1194 4828 τέως,
1220 4764 1627 4830 άποὸύσασθαι;
1658 4764 1776 4817 ’Ίνα

195 4859 254 4913 τί
294 4858 402 4928 γὰρ
438 4858 466 4911 ὅ
496 4859 618 4920 ταῖς
650 4857 906 4920 διανοίαις
933 4856 1086 4925 ὑμῶν
1117 4855 1358 4920 ὠδίνετε,
1391 4855 1480 4909 τὸν
1507 4855 1772 4910 ἄσπονδον

199 4948 345 5004 κατὰ
369 4946 896 5019 Χριστοῦ.πόλεμον,
928 4944 1117 4997 τοῦτον
1150 4944 1224 5015 μὴ
1269 4946 1364 4997 καὶ
1410 4946 1521 5008 τοῖς
1572 4944 1776 5015 χείλεσι

200 5041 299 5095 καὶ
346 5039 540 5109 γυμνῷ
586 5037 665 5108 τῷ
715 5036 1013 5108 προσώπῳ,
1069 5036 1184 5089 ἀλλ’
1218 5036 1322 5089 ὑπὸ
1360 5036 1772 5107 προσωπείῳτῇ

199 5133 395 5198 εἰκόνι,
439 5130 854 5203 έπιδείκγυσθες
917 5128 1239 5197 Λεγέτωσαν
1291 5129 1430 5199 γάρ,
1464 5128 1541 5191 ὡς
1589 5128 1777 5199 ἐπειδὴ

200 5225 464 5296 ’Έλληνες
506 5225 608 5293 μὲν
630 5224 813 5286 αὐτοῖς
829 5223 1013 5292 ὅμοιον
1031 5220 1123 5274 ἐπὶ
1144 5222 1245 5289 γῆς
1268 5223 1501 5291 φανῆναι
1527 5220 1618 5275 τὸν
1640 5222 1772 5293 Χρι-

201 5320 329 5372 στὸν
361 5315 642 5387 νομίζουσι
660 5331 673 5343 ·
711 5314 972 5385 Ῥωμαῖοι
998 5314 1054 5366 δὲ
1081 5313 1281 5382 μᾶλλον
1298 5314 1511 5376 έαυτοῖς
1533 5314 1773 5367 ἐοικότα·

213 5411 366 5465 Ἰνδοὶ
392 5409 450 5462 δὲ
479 5408 642 5461 πάλιν
668 5410 849 5478 μορφῇ
888 5410 953 5477 τῇ
985 5406 1165 5461 αὐτῶν
1192 5448 1208 5472 ,
1250 5406 1344 5457 καὶ
1378 5405 1632 5469 Αἰθίοπες
1678 5408 1777 5473 δῆ-

199 5507 296 5560 λον
344 5503 419 5565 ὡς
466 5503 717 5564 ἑαυτοῖς·
754 5501 879 5553 ἐπεὶ
926 5500 1120 5565 ταῦτα,
1180 5500 1264 5560 τίς
1306 5500 1455 5551 ἐστιν
1509 5502 1536 5554 ὁ
1566 5501 1776 5571 ἀληθὴς

202 5598 463 5669 Χριστὸς,
491 5597 519 5647 ὁ
547 5594 697 5665 παρὰ
731 5594 840 5646 τίσι
866 5591 1244 5662 νομιζόμενος,
1272 5593 1371 5645 οὐκ
1401 5593 1510 5664 ἄρα
1541 5594 1621 5646 δεῖ
1641 5595 1772 5663 ὁμο-

202 5691 385 5757 λογεῖν
434 5686 556 5740 οὐδὲ.
606 5684 881 5738 πιστεύειν
942 5683 1104 5752 σαρκὶ
1150 5684 1487 5756 ἐπιδημῆσαι
1511 5689 1601 5738 τὸν
1639 5688 1773 5758 Χρι-

204 5782 365 5845 στόν;
394 5780 559 5843 ὅντως
609 5779 715 5849 γὰρ
745 5777 928 5841 αὐτοῖς
953 5778 1064 5839 τοῖς
1112 5777 1316 5840 ἀθλίοις
1352 5779 1462 5830 οὐδ’
1490 5779 1770 5849 ἐπεδήμη-

1875 4592 2169 4649 oblationis
2203 4599 2401 4645 nostrae
2432 4597 2488 4643 et
2516 4587 2687 4641 latriaa
2714 4586 3106 4656 praetendetis:
3150 4601 3274 4638 nam
3310 4584 3456 4641 unde

1874 4685 2136 4739 adversus
2191 4679 2391 4736 Christi
2439 4678 2756 4748 imaginem,
2817 4676 3045 4744 impiam
3105 4676 3158 4729 in
3211 4674 3455 4728 animum

1873 4786 2114 4833 vestrum
2197 4772 2581 4843 cogitationem
2655 4768 3067 4832 subintulistis,
3140 4767 3453 4821 universam

1874 4866 2308 4923 Christianorum
2338 4872 2394 4918 et
2420 4869 2690 4917 sacratam
2730 4859 3036 4929 liturgiam,
3074 4859 3166 4914 sed
3194 4868 3248 4913 et
3275 4857 3456 4910 divina

1877 4972 2216 5028 quaecunque
2264 4959 2544 5026 mysteria,
2587 4952 2949 5008 fundamento
2980 4963 3139 5005 tenus
3163 4958 3459 5005 concutere

1876 5046 2296 5102 convincemini.
2377 5044 2637 5117 Quintam
2694 5040 3060 5110 adjiciamus,
3127 5054 3247 5110 quae
3302 5039 3459 5094 valde

1877 5140 2117 5209 ipsorum
2136 5138 2491 5207 impietatem,
2521 5146 2575 5188 et
2597 5134 2650 5187 in
2678 5133 2961 5188 Christum
2982 5133 3168 5187 odium
3188 5133 3457 5201 propalat.

1875 5231 2011 5287 Nam
2042 5244 2305 5301 quorsum
2337 5226 2640 5284 consistitis
2676 5226 2729 5279 in
2770 5226 3034 5296 imagine,
3059 5233 3114 5280 et
3143 5223 3458 5280 istiusmodi

1877 5339 2049 5395 nugas
2072 5320 2460 5379 deblateratis?
2490 5326 2707 5389 oportet
2743 5330 2803 5375 ut
2831 5322 2883 5375 in
2929 5320 3105 5375 aciem
3145 5317 3457 5387 procedatis

1875 5427 2065 5474 contra
2096 5431 2220 5471 eum
2254 5414 2348 5486 qui
2389 5413 2626 5482 imagine
2645 5421 3101 5484 repraesentatur,
3131 5410 3226 5481 qui
3275 5419 3455 5463 tamen

1877 5510 2054 5564 adhuc
2079 5507 2279 5563 latetis.
2319 5507 2619 5573 Quorsum,
2654 5506 2801 5573 quod
2819 5504 3002 5561 tacitis
3031 5501 3455 5574 cogitationibus

1876 5601 2016 5657 bella
2054 5608 2243 5655 contra
2271 5598 2550 5653 Christum
2583 5598 2949 5663 meditamini,
2978 5597 3109 5651 illud
3136 5610 3244 5649 non
3268 5593 3447 5655 labiis,

1876 5704 1932 5749 et
1969 5692 2168 5747 nudata
2193 5691 2352 5758 facie,
2390 5690 2483 5746 sed
2514 5700 2731 5746 tantum
2773 5690 3073 5761 personati,
3124 5704 3219 5757 per
3251 5686 3443 5754 imagis

1879 5792 2003 5837 nem
2034 5778 2303 5835 indicitis?
2360 5778 2549 5833 Dicant
2594 5780 2762 5848 enim,
2792 5778 3233 5851 quandoquidem
3271 5774 3443 5832 Gnaei
