3902 6212
457 308 559 372 951

1606 307 1869 369 ΡΗΟΤΙΙ
1896 306 2403 369 PATRIARCH/E
2437 308 2547 371 CP.

3615 304 3717 367 952

458 426 791 483 asseverant,
845 417 1125 474 Christum
1195 416 1249 471 in
1288 416 1446 472 terris
1476 417 1580 473 sibi
1616 418 1849 475 similem
1877 435 2028 475 com-

2139 436 2241 474 τεν.
2276 421 2342 473 Ὃ
2376 419 2485 490 γὰρ
2507 418 2646 473 κατὰ
2676 419 2778 483 τῆς
2819 418 3029 483 εἰκόνος
3059 418 3533 490 ὲπονηρεὺσαντο,
3557 420 3717 473 τοῦτο

455 508 730 578 paruisse,
756 506 1180 561 Romaniautem
1199 505 1303 560 sibi
1327 506 1530 574 potius,
1551 504 1664 560 Indi
1695 505 1870 576 figura
1899 522 2023 573 sua,

457 598 745 669 Ethiopes
775 613 876 653 sua
909 613 926 653 :
956 613 1082 653 cum
1112 598 1229 652 hac
1265 595 1338 650 ita
1370 596 1639 661 dicantur,
1670 611 1780 651 non
1812 606 2028 651 constat

455 692 581 762 quis
614 706 712 761 pro
757 706 887 746 vero
919 689 1157 755 Christo,
1199 705 1229 743 a
1260 689 1461 758 quibus
1481 689 1743 743 habeatur
1776 706 1792 753 ;
1824 689 2029 744 idcirco

456 799 567 838 non
590 781 1090 853 oportetconliteri.
1148 795 1257 835 non
1292 779 1536 839 credere.
1583 780 1729 849 quod
1778 780 2030 836 Christus

457 874 511 928 in
535 888 701 928 carne
720 882 966 928 versatus
989 873 1059 927 sit
1080 872 1103 925 ἲ
1123 871 1281 927 Certe
1302 871 1445 941 apud
1468 870 1737 927 infaustos
1756 871 1892 926 istos
1919 886 2030 926 non

456 972 542 1018 est
576 966 800 1019 omnino
831 975 1097 1020 versatus.
1154 962 1213 1018 in
1249 978 1359 1035 quo
1394 964 1536 1017 enim
1570 963 1805 1035 improbi
1837 974 2025 1019 contra

458 1055 750 1126 imaginem
776 1056 1125 1121 exstiterunt,
1146 1054 1199 1109 in
1224 1056 1327 1109 hoc
1354 1056 1472 1125 ipso
1504 1055 1655 1124 prius
1678 1063 1865 1110 contra
1897 1057 2035 1109 ima-

459 1149 706 1219 ginatum
738 1149 1066 1204 insolentius
1093 1149 1305 1218 opinati
1338 1148 1841 1217 deprehenduntur.
1891 1147 2029 1202 Nam

459 1259 491 1299 a
537 1242 904 1311 discrepantia
959 1242 1278 1311 Opinionum
1324 1241 1679 1306 concludunt,
1726 1241 2027 1296 tollendum

458 1348 688 1406 prorsus
707 1348 830 1388 eum
862 1331 955 1403 qui
995 1332 1345 1403 opinionibus
1395 1332 1656 1401 subjacet.
1712 1331 1874 1387 Vides
1908 1333 2033 1402 quis

459 1424 676 1479 illorum
712 1438 911 1491 scopus
943 1422 1128 1487 fuerit,
1162 1433 1215 1477 et
1264 1437 1529 1493 quorsum
1552 1432 1757 1492 spectet
1790 1422 2031 1492 ipsorum

460 1522 651 1569 contra
678 1514 971 1583 imaginem
992 1514 1510 1568 machinamentum.
1564 1512 1667 1568 Sed
1704 1514 1931 1569 ulterius
1963 1513 2031 1568 ad

458 1620 522 1659 ea
564 1620 687 1675 quae
715 1605 861 1659 dicta
893 1612 1042 1669 sunt,
1084 1603 1447 1671 adjiciendum
1474 1604 1607 1659 illud
1628 1605 1874 1674 quidem,
1923 1621 2031 1660 non

460 1697 568 1754 illis
609 1697 760 1768 (sunt
782 1698 926 1751 enim
961 1696 1212 1767 indigni).
1255 1694 1349 1752 sed
1378 1696 1625 1752 ﬁdelibus
1659 1708 1712 1752 et
1746 1698 2027 1754 Christum

2131 510 2266 564 πολὺ
2293 510 2560 581 πρότερον
2582 511 2723 565 κατὰ
2754 510 2849 563 τοῦ
2892 510 3296 581 εἰκονιζομένου
3349 508 3714 579 πεφώρανται

2130 600 2523 672 φρυαξὰμενοι,
2570 602 2679 656 ἀπὸ
2729 601 2830 673 τῆς
2868 602 2979 654 τῶν
3032 602 3371 671 νομισάντων
3426 601 3711 669 διαφορᾶς,

2132 693 2414 766 ἀναίρεσιν
2461 694 2703 765 παντελῆ
2777 692 2870 748 τοῦ
2922 694 3268 763 νομισθέντος
3311 692 3714 762 ψηφισάμενοι.

2142 788 2309 859 Ὀρᾷς
2355 782 2467 852 οἷος
2514 787 2694 844 αὐτῶν
2721 788 2750 841 ό
2774 786 2975 850 σκοπὸς
2998 825 3016 851 ,
3047 785 3143 839 καὶ
3185 787 3264 849 εἰς
3297 781 3411 839 οἷον
3443 784 3633 846 αὐτοῖς
3660 782 3718 836 τὸ

2130 882 2273 934 κατά
2328 878 2429 949 τῆς
2482 879 2688 942 εἰκόνος
2739 878 3017 932 ἀπέϐλεπε
3072 877 3372 948 τέχνασμα.
3441 876 3589 928 Ἀλλ’
3628 878 3718 929 ἐπὶ

2131 976 2242 1035 τοῖς
2283 972 2614 1042 εἰρημένοις,
2675 971 2851 1024 ἐκεῖνο
2888 969 3104 1041 ῥητέον,
3147 970 3247 1023 οὐκ
3288 968 3528 1031 ἐκείνοις
3563 966 3717 1038 (ἀνά-

2132 1064 2235 1131 ξιοι
2286 1064 2456 1135 γὰρ),
2491 1063 2629 1117 ἀλλά
2659 1080 2725 1133 γε
2773 1066 2884 1127 τοῖς
2930 1065 3142 1126 πιστοῖς
3199 1062 3293 1116 καί⁵
3323 1060 3715 1132 φιλοχρίστοις,

2131 1154 2323 1225 ὅτιπερ
2342 1155 2402 1208 οὐ
2430 1155 2650 1221 πάντως
2708 1154 3033 1226 λυμαίνεται
3068 1154 3177 1208 τῶν
3226 1155 3637 1224 εἰκονισμάτων
3661 1154 3720 1207 τὸ

2133 1246 2386 1316 ἀνόμοιον
2413 1247 2513 1317 τὴν
2543 1249 2643 1319 τῆς
2674 1247 2881 1311 εἰκόνος
2913 1246 3074 1315 φύσιν
3130 1246 3227 1299 καὶ
3273 1246 3372 1316 τὴν
3428 1245 3719 1316 ἀλήθειαν.

2134 1337 2208 1391 Οὐ
2242 1335 2352 1408 γὰρ
2383 1338 2529 1407 μόνῳ
2580 1338 2821 1408 σχήματι
2853 1336 3104 1407 σώματος
3154 1337 3249 1389 καὶ
3274 1336 3495 1408 μορφῆς
3517 1337 3723 1390 εἰκονίο

2134 1428 2286 1493 ζεται
2319 1428 2573 1500 χρώματι
2614 1430 2675 1482 τὸ
2705 1428 3134 1499 εἰκονιζόμενον,
3163 1428 3297 1481 ἀλλὰ
3321 1431 3415 1481 καὶ
3442 1431 3585 1499 ποιᾷ
3604 1428 3720 1482 διας

2136 1520 2305 1584 θέσει,
2334 1521 2429 1574 καί
2464 1521 2824 1593 παρεπομένῃ
2858 1521 3077 1590 πράξει,
3100 1522 3195 1575 καὶ
3235 1521 3423 1575 παθῶν
3456 1522 3722 1592 ἐμφάσει,

2135 1615 2230 1666 καὶ
2263 1612 2442 1666 τόπων
2475 1613 2635 1684 ἱερῶν
2659 1612 2934 1678 ἀναθέσει,
2989 1612 3086 1667 καὶ
3124 1614 3576 1683 ἐπιγραμμάτων
3627 1614 3721 1681 έρ-

2141 1706 2359 1778 μηνείᾳ,
2390 1707 2486 1760 καὶ
2526 1706 2816 1775 συμϐόλοις
2874 1705 3174 1776 ἐξαιρέτοις
3211 1706 3414 1773 ἄλλοις,
3446 1701 3526 1761 ὦν
3553 1705 3725 1776 μηδὲν

460 1788 796 1843 amantibus.
842 1786 1241 1842 Dissimilitudo
1279 1804 1401 1857 qua:
1441 1789 1684 1843 cernitur
1727 1788 1871 1844 inter
1895 1790 2030 1843 ima-

2139 1801 2409 1869 παρεῖναι,
2447 1798 2584 1868 ἢμὴ
2622 1798 2688 1851 τὰ
2728 1797 2950 1851 πλείονα
3000 1800 3116 1862 ταῖς
3166 1800 3314 1869 παρὰ
3342 1799 3456 1853 τῶν
3506 1799 3725 1851 πιστῶν

460 1881 637 1952 gines,
676 1896 783 1934 non
819 1891 1047 1935 evacuat
1090 1896 1313 1950 prorsus
1342 1880 1597 1951 imaginis
1643 1889 1897 1937 naturam
1936 1891 2037 1937 aut

460 1972 766 2027 veritatem.
818 1970 937 2026 Non
973 1971 1117 2026 enim
1165 1982 1372 2026 tantum
1408 1988 1501 2042 per
1530 1975 1779 2043 corporis
1804 1974 2034 2044 ﬁguram

459 2073 515 2119 et
548 2064 790 2118 habitum
827 2062 1104 2118 coloribus
1136 2065 1463 2133 exprimitur
1520 2065 1898 2132 imaginatum,
1940 2065 2036 2119 sed

463 2156 703 2226 quadam
742 2155 831 2211 sui
859 2156 1235 2225 dispositione,
1295 2156 1614 2225 congruenti
1660 2156 1841 2226 aliqua
1870 2157 2040 2211 actio-

470 2265 560 2316 ne,
588 2250 905 2319 passionum
939 2250 1210 2320 emphasi,
1244 2260 1295 2305 et
1324 2251 1379 2305 in
1422 2250 1556 2305 locis
1585 2253 1785 2307 sanctis
1820 2254 2037 2307 dedica-

466 2341 636 2407 tione,
667 2342 1082 2411 inscriptionum
1108 2343 1468 2412 expositione,
1503 2334 2033 2415 etaliisquibusdam

2130 1890 2334 1945 εἰκόσιν
2392 1890 2682 1953 παντελῶς
2743 1890 3026 1946 ἀδύνατον.
3059 1893 3137 1943 Δι’
3161 1884 3257 1955 ὧν,
3289 1891 3444 1943 οὐδὲν
3468 1890 3723 1953 ἔλαττον,

2133 1984 2168 2054 ἦ
2204 1983 2299 2037 καὶ
2328 1983 2506 2037 πάντα
2535 1984 2765 2053 προσῆν,
2803 1985 2883 2046 εἰς
2926 1983 3135 2036 ἔννοιαν
3186 1982 3281 2034 καὶ
3311 1983 3479 2051 τιμὴν
3512 1980 3614 2034 τοῦ
3646 1982 3724 2031 εἰ·

2137 2074 2497 2140 κονισθέντος,
2549 2075 2686 2144 ὅπερ
2740 2074 2859 2128 ἐστί
2902 2077 3001 2144 τῆς
3050 2074 3427 2144 εἰκονουργίας
3488 2072 3722 2134 σκοπὸς,

2140 2166 2480 2237 ἀναγόμεθα.
2524 2166 2684 2219 ’Λλλὰ
2736 2164 2910 2218 ταῦτα
2970 2167 3068 2237 μὲν
3120 2166 3240 2218 κατ’
3264 2166 3593 2234 ἐπιδρομὴν,
3627 2164 3723 2217 καὶ

2138 2256 2213 2318 ὼς
2245 2256 2302 2307 ἐν
2332 2256 2619 2325 ἐπιστολῆς
2641 2256 2822 2326 τύπῳ.
2866 2256 2932 2310 Ἠ
2980 2257 3039 2309 δὲ
3086 2258 3185 2326 τῆς
3240 2256 3505 2328 ἐργασίας
3558 2256 3722 2324 ἁκρξο

2134 2347 2274 2409 ϐεια,
2304 2346 2438 2400 Θεοῦ
2466 2346 2754 2410 διδοῦντος,
2796 2350 2875 2412 εἰς
2924 2347 3020 2419 τὴν
3071 2348 3277 2401 οἰκείαν
3322 2348 3586 2401 ὑπόθεσιν
3624 2349 3723 2400 ἀνθ

466 2432 856 2503 insignioribus
883 2434 1169 2504 symbolis,
1229 2450 1352 2503 quae
1404 2437 1486 2487 vel
1525 2450 1631 2488 non
1662 2435 1905 2499 omnino,
1935 2444 2031 2491 aut
2129 2439 2450 2509 αχθήσεται.

464 2525 657 2578 saltem
697 2540 801 2578 non
838 2540 868 2578 e
906 2525 1099 2594 majori
1126 2535 1299 2595 parte,
1357 2541 1387 2579 a
1420 2525 1659 2579 ﬁdelium
1694 2525 2023 2595 imaginibus
2061 2531 2255 2585 abesse
2321 2530 2521 2585 debent
2550 2548 2563 2583 :
2594 2545 2690 2599 per
2712 2546 2852 2600 qum,
2886 2546 2993 2585 non
3022 2531 3204 2586 minus
3226 2546 3391 2600 quam
3457 2530 3504 2585 si
3529 2534 3720 2586 omnia

462 2618 739 2683 adessent,
792 2615 845 2671 in
878 2618 1196 2672 memoriam
1225 2628 1277 2672 et
1314 2618 1571 2672 honorem
1609 2618 1885 2688 imaginati
1922 2618 2031 2691 (qui
2072 2622 2197 2676 linis
2227 2634 2309 2677 est
2338 2622 2602 2692 imagines
2639 2622 3047 2695 fabrefaciendi)
3114 2623 3474 2679 deducemur.
3538 2626 3722 2688 Atque

463 2708 582 2765 hac
642 2709 938 2773 succincte,
985 2719 1039 2765 et
1078 2709 1132 2764 in
1177 2709 1458 2781 epistulari
1522 2707 1721 2764 forma.
1780 2707 2032 2765 Exactior
2072 2722 2253 2767 autem
2288 2716 2552 2783 operatio,
2584 2729 2708 2769 cum
2743 2714 2887 2768 bono
2918 2712 3053 2775 Deo.
3105 2714 3159 2769 in
3223 2715 3507 2786 proprium
3583 2716 3723 2769 sub“

457 2805 670 2877 jectum
700 2805 1021 2861 deducetur.

464 2918 962 2987 QUESTIOCCVI
1010 2919 1193 2992 [CoisL
1217 2918 1519 2981 CCXXXV,
1543 2918 1705 2973 Tuur.
1727 2917 2037 2991 CCXXVI].

464 3012 576 3068 Cur
602 3015 790 3069 umbra
820 3024 869 3069 et
902 3014 1165 3068 somnium
1205 3023 1253 3065 et
1283 3012 1456 3079 fumus
1492 3022 1540 3063 et
1574 3013 1779 3067 uanitas
1806 3012 2039 3081 appella-

995 3093 1082 3137 tur
1121 3083 1230 3137 vita
1265 3082 1495 3134 humana
1519 3083 1545 3137 Σ)

2670 2920 3003 2973 ΕΡΩΤΗΣΙΣ
3052 2921 3185 2986 Σςῖν.

2138 3008 2243 3064 Διὰ
2278 3011 2335 3064 τί
2358 3009 2522 3069 σκιὰ,
2557 3010 2653 3063 καί
2684 3010 2831 3077 ὄναρ
2859 3012 2957 3063 καὶ
2993 3011 3224 3075 καπνὸς
3267 3010 3363 3063 καὶ
3388 3012 3725 3078 ματαιότης

2420 3084 2451 3134 ό
2480 3079 2852 3147 ἀνθρώπινος
2885 3082 3026 3147 ,ϐίος
3057 3079 3433 3151 όνομάζετιιι;

617 3238 761 3291 Edita
785 3253 813 3289 α
838 3238 1134 3289 Montacutio
1165 3239 1271 3301 (ep.
1290 3238 1356 3288 72
1378 3237 1437 3287 ad
1462 3236 1608 3300 Serg.
1633 3251 1683 3300 p.
1712 3236 1819 3294 121.
1845 3237 1974 3295 ΙΞΞ).
1998 3261 2061 3272 -
2089 3234 2165 3284 De
2192 3238 2303 3285 vita:
2326 3236 2550 3284 humanae
2575 3235 2723 3283 variis
2758 3236 2811 3283 in
2846 3234 2997 3282 sacris
3026 3233 3232 3282 Litteris
3258 3231 3563 3281 nominibus.

534 3318 656 3381 Non
687 3326 970 3379 rhetorum
1030 3338 1186 3379 more
1244 3332 1435 3377 contra
1470 3322 2033 3392 contemptibilitatem

2209 3322 2283 3374 Οὐ
2334 3318 2851 3392 καταρητορεύουσα
2900 3320 2998 3388 τῆς
3047 3320 3320 3389 ἡμετέρας
3358 3318 3639 3380 εὐτελείας
3690 3322 3724 3391 ἠ

466 3427 712 3475 nostram
748 3417 1052 3473 declamant
1078 3429 1247 3472 sacra:
1275 3414 1511 3482 Litterae,
1533 3431 1652 3485 quae
1689 3416 1962 3483 umbram,
1984 3425 2038 3471 et

466 3526 744 3577 somnum,
776 3519 833 3566 et
866 3510 1099 3575 fumum,
1133 3518 1187 3564 et
1216 3510 1531 3573 vanitatem,
1572 3518 1625 3563 et
1653 3509 1922 3564 similibus
1966 3510 2039 3564 ti-

464 3603 599 3659 tulis
625 3602 793 3657 vitam
822 3602 1115 3657 humanam
1141 3601 1558 3672 insigniverant.
1598 3599 1720 3667 Quo
1748 3602 1891 3655 enim
1919 3602 2038 3656 loco

468 3694 755 3750 habiturus
781 3708 841 3748 es
877 3693 1138 3764 puerilem
1166 3692 1486 3747 aztatuiam?
1524 3691 1730 3761 Ecquid
1774 3708 1835 3745 ea
1868 3692 2039 3761 magis

467 3799 693 3850 vanum,
728 3784 912 3850 inane,
942 3793 997 3838 et
1030 3784 1411 3838 insensatum?
1443 3783 1555 3837 imo
1584 3792 1638 3836 et
1692 3783 2037 3852 juventutem

469 3874 669 3948 ipsam,
708 3892 830 3944 qua:
857 3875 957 3929 ﬂos
985 3876 1206 3945 quidam
1240 3883 1451 3929 natura:
1488 3874 1705 3929 videtur
1740 3889 1884 3936 esse,
1944 3873 2038 3928 sed

470 3965 658 4021 multis
679 3966 918 4021 abundat
949 3964 1362 4034 tempestatibus
1392 3982 1409 4030 ;
1439 3964 1533 4020 sed
1560 3966 1805 4019 levitates
1832 3965 2038 4025 multae,

466 4057 737 4110 vanitates
750 4064 804 4110 et
819 4057 1181 4111 inconstantia
1198 4056 1249 4108 in
1262 4056 1447 4109 eadem
1460 4064 1586 4109 sunt
1604 4072 1617 4109 :
1638 4055 1730 4109 sed
1746 4055 1898 4108 ocius
1911 4069 2039 4123 quo-

468 4149 555 4200 vis
577 4145 847 4200 insomnio
870 4140 1205 4215 p'razterﬂuit,
1224 4146 1359 4199 nihil
1389 4154 1647 4214 prmterea
1672 4145 1819 4198 aliud
1843 4146 2031 4214 largita

397 4261 401 4265 ν
467 4237 553 4291 τοι
570 4238 1016 4303 subministratis,
1035 4253 1198 4308 quam
1217 4237 1361 4308 quod
1384 4237 1646 4292 tumultus
1676 4239 1961 4300 ﬂuctuum,
1984 4245 2037 4293 et

466 4329 883 4385 estestuationes
900 4330 1213 4399 passionum
1228 4338 1413 4384 contra
1430 4332 1671 4384 animum
1687 4330 2035 4398 concitando,

464 4422 706 4491 primum
738 4421 1034 4493 incoeptum
1066 4422 1135 4477 ad
1174 4424 1389 4478 virtutis
1438 4438 1662 4478 cursum
1727 4424 2037 4479 institutum

468 4514 723 4571 ﬂuctibus
761 4517 1138 4572 submerserit.
1178 4516 1251 4571 De
1276 4517 1453 4572 medio
1485 4518 1658 4573 aetatis
1688 4527 1878 4572 tenore
1906 4516 2037 4587 quid

466 4606 615 4661 aliud
653 4607 963 4671 dicendum,
994 4621 1156 4677 quam
1181 4608 1327 4677 quod
1363 4625 1391 4660 a
1428 4606 1563 4661 fumi
1606 4608 1787 4662 volatu
1842 4622 2035 4678 parum

2145 3414 2266 3468 θεία
2292 3413 2505 3488 Γραφὴ,
2536 3412 2723 3479 σκιὰν,
2774 3413 2868 3466 καὶ
2895 3411 3049 3480 ὄναρ,
3098 3412 3191 3464 καὶ
3228 3411 3455 3476 καπνὸν,
3484 3411 3583 3465 καὶ
3618 3429 3724 3480 μα·

2143 3504 2423 3573 ταιότητα,
2477 3504 2571 3556 καὶ
2625 3501 2848 3555 τοιαῦτα
2891 3501 3026 3554 ἄλλα
3073 3501 3165 3554 τὸν
3212 3498 3551 3570 ἀνθρώπινον
3602 3500 3725 3567 βίον

2144 3596 2394 3666 ὠνόμασε
2434 3592 2517 3666 (τί
2561 3593 2670 3665 γὰρ
2707 3591 2772 3647 ἂν
2802 3594 2979 3656 εἴποις
3006 3591 3103 3661 τὴν
3138 3594 3193 3645 ὲν
3230 3594 3419 3645 παισὶν
3449 3591 3670 3662 ἡλικίαν
3705 3612 3721 3657 ;

2146 3690 2241 3743 καὶ
2269 3687 2322 3740 τί
2348 3687 2536 3740 τούτου
2562 3684 2967 3754 ματαιότερονῆ
3001 3683 3455 3754 ἁναισθητότερον
3475 3683 3545 3751 ς),
3582 3685 3722 3737 ἀλλὰ

2144 3781 2243 3851 τὴν
2264 3781 2510 3849 νεότηταο
2541 3778 2569 3831 δ
2589 3778 2683 3831 καὶ
2710 3774 2868 3837 ἄνθος
2892 3775 3091 3837 δόξειεν
3109 3777 3173 3829 ἂν
3196 3772 3337 3829 εἶναι
3354 3778 3454 3846 τῆς
3478 3776 3721 3846 φύσεως,

2145 3873 2279 3927 ἀλλὰ
2311 3872 2469 3942 γέμει
2512 3869 2681 3941 ζάλης
2717 3886 2732 3900 ο
2778 3868 2914 3923 ἀλλὰ
2967 3867 3100 3921 πολὺ
3148 3868 3209 3921 τὸ
3239 3867 3441 3937 κοῦφον
3475 3870 3534 3921 ὲν
3582 3870 3721 3938 αὐτῇ

2146 3967 2240 4021 καὶ
2266 3966 2527 4019 ὑπόκενον
2560 3964 2653 4017 καὶ
2684 3961 2999 4033 εὐρίπιστον
3030 3978 3043 3992 ·
3094 3960 3231 4013 ἀλλὰ
3269 3961 3473 4024 παντὸς
3503 3960 3721 4031 ὀνείρου

2148 4056 2337 4111 θᾶττον
2370 4057 2718 4128 παρέρχεται,
2756 4054 2907 4108 οὐδὲν
2933 4052 3061 4107 ἄλλο
3086 4054 3428 4122 χαρισαμένη
3459 4054 3557 4106 καὶ
3587 4070 3725 4123 προ-

2151 4149 2438 4220 ξενήσασα.
2470 4150 2606 4220 πλὴν
2629 4149 2710 4201 ὅτι
2742 4146 2907 4200 πολὺν
2926 4147 3086 4199 σάλον
3118 4146 3215 4199 καλ⁵
3244 4145 3497 4199 κλύδωνα
3530 4145 3724 4198 παθῶν

2148 4245 2215 4312 τῇ
2259 4240 2402 4313 ψυχῇ
2470 4240 2872 4309 ὲπικυμήνασα,
2910 4237 3075 4307 αὐτὴν
3133 4237 3233 4306 τὴν
3277 4235 3502 4307 πρώτην
3541 4237 3726 4307 ὁρμὴν

2149 4333 2248 4405 τῆς
2276 4334 2360 4387 ἐπ’
2404 4332 2601 4404 ἀρετὴν
2644 4332 2944 4403 κινήσεως,
2986 4330 3135 4383 ἔστιν
3171 4322 3250 4392 οἷς
3288 4329 3549 4398 ἐποίησεν
3592 4330 3729 4380 ὑπο-

2148 4426 2388 4497 ϐρύχιον.
2433 4426 2497 4477 Τί
2539 4424 2595 4477 δὲ
2636 4427 2695 4477 τὸ
2736 4424 2836 4494 τῆς
2865 4422 3080 4493 ἡλικίας
3130 4422 3418 4493 μεθόριον;
3458 4422 3597 4474 ἀλλὰ
3627 4421 3728 4474 καὶ

2145 4516 2303 4570 τοῦτο
2340 4515 2548 4570 καπνοῦ
2584 4515 2754 4586 φορᾶς
2795 4516 2946 4567 οὐδὲν
2985 4515 3322 4583 διενήνοχεν,
3352 4508 3453 4566 ὦδε
3492 4514 3726 4565 κακεΐσε

2146 4610 2378 4674 διᾶττον,
2407 4608 2501 4661 καὶ
2534 4607 2791 4678 καθαρῶς
2808 4606 3043 4675 οὐδαμοῦ
3072 4605 3496 4675 καθιστάμενον.
3526 4604 3644 4672 Τῆς
3665 4620 3725 4656 τε

465 4698 741 4753 dissidet?
774 4700 883 4754 huc
901 4700 1044 4753 enim
1080 4699 1206 4753 illuc
1236 4698 1538 4754 exsiliendo
1564 4700 1813 4764 cursitat,
1878 4700 2033 4769 plane

2140 4700 2249 4771 γὰρ
2300 4698 2439 4752 κατὰ
2467 4697 2565 4769 τὴν
2592 4697 2819 4767 νεότητα
2847 4695 3055 4767 κούφης
3102 4696 3199 4748 καὶ
3226 4696 3463 4749 ἀτάκτου
3495 4695 3722 4764 μετέχει

465 4795 651 4841 autem
682 4800 954 4858 nusquam
986 4788 1257 4843 consistit.
1286 4788 1565 4859 Partieeps
1594 4790 1739 4844 enim
1774 4792 2033 4860 quodam-

2140 4808 2259 4856 πως
2288 4791 2368 4845 ἔτι
2401 4792 2691 4863 κινήσεως,
2728 4787 2883 4843 οὔπω
2912 4788 3133 4852 τελείως
3163 4789 3262 4859 τῆς
3286 4786 3496 4841 ἐκεῖθεν
3520 4787 3724 4857 ἀχλύος

464 4880 632 4934 modo
667 4889 751 4935 est
780 4881 1070 4935 levissima:
1097 4889 1150 4935 et
1182 4881 1504 4936 inordinata:
1551 4881 1698 4937 illius
1759 4881 2033 4947 motionis,

2139 4889 2234 4940 καὶ
2275 4886 2518 4955 ταραχῆς
2574 4883 2893 4948 ἁπαλλάξαν
2938 4882 3033 4936 τὸν
3092 4880 3381 4951 ἄνθρωπον
3428 4897 3446 4912 ο
3492 4880 3594 4933 καὶ
3643 4878 3724 4950 τῷ

466 4987 591 5042 qua
615 4972 843 5042 juvenili
872 4976 1013 5028 aetati
1042 4974 1321 5039 convenit,
1350 4988 1452 5029 nec
1505 4973 1649 5029 enim
1683 4971 1920 5043 perlecte
1944 4988 2033 5026 ex-

2139 4978 2275 5048 πρὸς
2314 4978 2377 5031 τὸ
2404 4978 2582 5047 γῆρας
2639 4976 2993 5045 γειτονήματι
3043 4972 3145 5042 τῆς
3175 4971 3235 5037 ἐξ
3268 4968 3430 5024 αὑτοῦ
3465 4969 3720 5040 αἰθάλης,

468 5063 675 5134 pedivit
699 5064 975 5121 hominem
1005 5068 1073 5120 ab
1101 5067 1210 5121 illis
1268 5066 1504 5123 tenebris
1570 5074 1626 5121 et
1683 5067 2031 5121 tumultibus.

2139 5070 2319 5139 ἠρέμα
2342 5086 2459 5131 πως
2488 5068 2585 5122 καὶ
2611 5066 3024 5137 ἀνεπαισθήτως
3060 5063 3575 5132 ὐποπιμπλάμενον,
3617 5080 3721 5115 κα-

464 5155 607 5209 Cum
630 5169 758 5212 vero
795 5159 1060 5213 senectuti
1101 5159 1280 5214 vicina
1313 5158 1497 5225 fuerit,
1526 5158 1806 5214 cineribus
1833 5157 2033 5213 exinde

2143 5162 2369 5232 ταρβεῖν
2426 5160 2605 5231 ἀρχὴν
2647 5158 2876 5231 παρέχει
2919 5157 3014 5210 καὶ
3048 5152 3519 5226 ὑπομαραίνεσθαι
3554 5169 3571 5186 '
3628 5158 3725 5206 xui.

467 5246 681 5315 ejectis,
710 5249 923 5303 occulte
950 5256 1005 5303 et
1034 5250 1239 5303 sensim
1279 5250 1398 5305 sine
1428 5265 1589 5305 sensu
1625 5250 1988 5319 subimpletur
2013 5265 2028 5315 ;

2144 5252 2293 5306 δοκεί
2330 5252 2427 5323 μὲν
2472 5252 2569 5323 τῆς
2607 5253 2699 5321 ἀφ’
2726 5250 2986 5321 ἐκατέρου
3034 5248 3142 5300 τῶν
3191 5249 3375 5317 ἄκρων
3409 5243 3619 5317 βλάϐης
3659 5261 3721 5299 τε

420 5374 428 5391 κ
470 5338 617 5392 unde
652 5338 1040 5395 deﬂorescendi
1091 5340 1469 5411 deﬂuendique
1500 5340 1829 5410 principium
1870 5342 2033 5395 sorti-

2150 5342 2244 5395 καὶ
2271 5341 2467 5404 κακίας
2488 5341 2788 5409 ἀφεστάναι
2816 5355 2832 5372 ·
2880 5338 3033 5392 οὐδὲν
3053 5337 3108 5391 δὲ
3126 5331 3287 5410 ἦττον
3316 5336 3415 5407 τῆς
3438 5338 3497 5390 ὲν
3515 5339 3722 5407 ἀμφοῖν

425 5419 436 5475 ἶ
471 5442 565 5486 tur
590 5447 606 5487 :
636 5430 850 5487 videtur
876 5432 1096 5503 quidem
1126 5434 1385 5489 remotior
1417 5448 1539 5489 esse
1567 5446 1599 5488 a
1629 5433 1777 5487 malo
1834 5440 1889 5486 et
1941 5432 2033 5486 de-

2150 5432 2531 5502 θεωρουμένης
2585 5430 2884 5501 μοχθηρίας
2947 5428 3195 5499 μετέχον,
3255 5428 3336 5491 εἰς
3381 5429 3612 5494 καπνὸν,
3646 5429 3722 5492 ὡς

470 5523 753 5589 trimento,
777 5522 926 5593 quod
954 5522 1025 5580 ab
1081 5522 1339 5581 extremis
1380 5523 1635 5595 utrinque
1682 5522 1911 5578 infertur
1948 5528 2033 5577 :el

2148 5519 2384 5587 ἀληθῶς,
2414 5519 2509 5573 καὶ
2546 5521 2625 5584 εἰς
2656 5517 2833 5590 ἰ5νιπιρ<Ι
2854 5518 3160 5573 διαλύεταιε
3193 5518 3326 5572 αὐτὸ
3353 5518 3410 5571 δὲ
3445 5517 3511 5571 τὸ
3539 5515 3720 5589 γῆρας

1737 5635 1969 5692 VARI/13
2012 5630 2418 5693 LECTIONES.

580 5727 607 5770 ⁴
634 5727 695 5782 τδ
731 5728 927 5801 γῆρας-
