3902 6212
167 260 271 328 953

1023 261 1122 322 AD
1142 259 1731 322 AMPHILOCHIUM
1763 258 2109 332 QUIESTIO
2145 258 2331 333 CCVI,
2363 258 2583 322 CCVII.

3322 267 3428 334 954

164 376 252 437 τίς
290 370 393 425 κᾶν
424 368 574 423 οὐδὲν
602 368 763 439 ἡμεῖς
806 365 1060 438 ἐροῦμεν,
1098 367 1231 420 αὐτὸ
1260 370 1426 421 πᾶσιν
1461 368 1627 421 αὑτοῦ
1677 369 1781 435 τὰ¹

1864 358 2037 418 tamen
2075 364 2308 419 miseriae
2333 380 2495 434 quam
2534 365 2791 435 utrinque
2822 367 2948 424 licet
3000 370 3428 440 deprehendere.

166 466 336 534 πάθη,
365 462 458 516 καὶ
485 461 547 513 τὸ
572 460 757 530 βάρος,
789 461 880 512 καὶ
900 458 999 529 τὴν
1018 458 1363 530 χαλεπότητα
1386 459 1739 530 διακέκραγε*

166 555 263 611 καὶ
314 554 397 607 ὅτι
438 552 531 605 καὶ
592 549 874 621 κονιορτοῦ
925 549 1016 603 καὶ
1054 549 1263 603 καπνοῦ
1307 550 1401 602 καὶ
1449 552 1606 614 σκιᾶς
1648 551 1744 603 καὶ

166 648 400 718 ὀνείρου,
430 647 526 700 καὶ
557 644 773 697 πάντων
796 643 941 695 ἐστὶν
966 641 1348 713 εὐτελέστερόν
1381 659 1439 695 τε
1473 642 1568 696 καὶ
1599 644 1744 713 ἀμυ-

167 739 441 810 δρότερον.
497 736 624 798 Πῶς
651 732 745 787 οὖν
778 735 892 787 ἔστι
915 736 1108 803 φυγεῖν
1130 733 1197 786 τὰ
1224 734 1372 788 κακά
1394 751 1408 800 ;
1433 733 1591 787 Κατά
1616 735 1745 787 παῖ-

166 832 235 884 δα
294 830 415 899 μὲν,
457 828 677 898 ἀγωγῆς
732 828 958 897 τυχόντα
1006 827 1249 898 χρηστῆς
1296 827 1389 880 καὶ
1454 827 1746 897 σωφρόνων

170 916 535 983 παιδαγωγῶν
570 931 584 945 ο
621 916 759 985 ὅπερ
786 915 892 968 οὐδ’
920 917 978 967 ἐν
1016 917 1147 987 ἡμῖν
1181 918 1353 978 ἐστιν,
1397 915 1511 969 ἀλλ’
1540 918 1598 969 ἐν
1627 918 1745 979 ταῖς

169 1009 276 1062 τῶν
303 1008 572 1061 τεκόντων
605 1008 637 1079 ἢ
670 1007 782 1059 τῶν
818 1008 1133 1079 ἐπιτρόπων
1159 1008 1440 1078 φροντίσιν
1464 1025 1479 1040 θ
1522 1010 1580 1060 ἐν
1626 1008 1746 1061 νεό-

168 1116 291 1170 τητι
318 1098 395 1162 δὲ,
423 1097 560 1152 καθ’
584 1100 650 1169 ἣν
679 1099 906 1169 ἄρχεται
936 1099 1031 1151 καὶ
1060 1098 1121 1151 τὸ
1170 1098 1471 1169 ἡμέτερον,
1497 1098 1585 1151 διὰ
1613 1116 1747 1167 σφο-

168 1195 429 1265 δροτάτου
466 1192 687 1264 χαλινοῦ
720 1194 814 1247 καὶ
853 1193 1255 1264 ἀκριϐεστάτης
1303 1192 1642 1255 παιδεύσεως
1689 1210 1747 1245 τε

170 1286 267 1339 καὶ
288 1285 597 1355 γυμνασίας
627 1286 721 1338 καὶ
745 1286 1134 1356 συνασκήσεως
1159 1304 1172 1315 ·
1197 1286 1339 1339 κατὰ
1364 1285 1419 1338 δὲ
1450 1286 1547 1354 τὴν
1577 1286 1750 1355 μέσην

171 1376 408 1447 ἡλικίαν,
442 1375 532 1430 διά
562 1393 619 1428 τε
642 1376 734 1429 τοῦ
763 1376 1325 1447 προκαταρτισθεντος
1358 1375 1452 1429 καὶ
1487 1392 1752 1446 προεντυφ

172 1468 447 1531 πωθέντος
479 1471 543 1538 τῇ
579 1466 721 1537 ψυχῇ
753 1467 907 1531 ἔθους
936 1483 950 1497 '
986 1467 1014 1519 ὃ
1043 1468 1136 1521 καὶ
1167 1467 1431 1538 μεγίστην
1475 1466 1585 1537 ἔχει
1613 1466 1751 1537 πρὸς

172 1560 244 1612 τὰ
275 1560 399 1630 ἑξῆς
430 1560 831 1632 κατορθώματα
859 1560 959 1629 τὴν
990 1560 1165 1629 ἰσχὺν,
1192 1559 1285 1611 καί⁵
1313 1559 1400 1611 διὰ
1425 1558 1528 1626 τῆς
1561 1558 1751 1627 ὁμοίας

175 1652 411 1721 σπουδῆς
438 1652 533 1705 καὶ
560 1651 877 1721 ἐπιμελείας
894 1654 994 1721 τῆς
1025 1651 1143 1704 κατ’
1168 1650 1367 1722 ἀρετὴν
1396 1648 1746 1711 τελειώσεως.

1847 454 2119 524 particeps
2147 452 2227 517 tit,
2255 453 2431 507 donec
2487 453 2541 507 in
2575 465 2935 525 senectutem,
2994 457 3201 515 fumum
3237 470 3292 516 et
3342 463 3431 517 in-

1846 547 2118 601 somnium
2149 560 2359 599 merum
2404 546 2755 603 dissolvatur.
2814 548 2951 604 Nam
3006 552 3136 621 quid
3197 554 3429 626 (qureso)

1847 636 1965 706 ipsa
1994 646 2250 693 senectus
2296 640 2610 693 censenda?
2635 640 2921 711 Utcunque
2958 658 3059 697 nos
3098 644 3190 698 hic
3238 656 3430 700 tacue-

1848 728 2043 793 rimus,
2083 728 2200 798 ipsa
2232 743 2328 797 per
2351 744 2409 784 se
2440 729 2669 799 singulis
2721 746 2852 787 suas
2902 736 3208 803 passiones,
3264 752 3431 809 grave

1850 833 2010 879 onus,
2047 817 2391 872 diﬂicultates
2427 818 2827 887 proclamabit;
2859 835 2983 875 esse
3053 822 3227 891 ipsam
3266 823 3431 877 nimi-

1848 925 1970 963 rum
2000 910 2240 978 pulvere,
2276 908 2448 973 fumo,
2480 911 2693 978 umbra,
2726 928 2937 977 somno,
2974 914 3233 970 omnibus
3262 917 3429 972 rebus

1850 1002 2025 1070 magis
2094 1000 2480 1069 despicabilem
2559 1014 2613 1057 et
2681 1004 3076 1064 obscuriorem.
3143 1008 3430 1073 Quomodo

1850 1093 2122 1161 possimus
2163 1093 2331 1164 igitur
2380 1094 2522 1148 mala
2577 1095 2864 1151 devitarc?
2910 1095 3165 1164 Omnino,
3222 1098 3267 1153 si
3333 1113 3433 1169 per

1814 1248 1817 1253 η
1851 1193 2067 1238 aetatem
2104 1185 2364 1255 puerilem
2401 1196 2550 1242 recta
2612 1196 2834 1241 utamur
2896 1188 3261 1252 institutione,
3299 1206 3432 1261 pru-

1851 1278 2041 1332 dentes
2084 1279 2225 1332 nacti
2264 1278 2667 1334 informatores.
2697 1278 2814 1334 Non
2840 1289 2923 1335 cst
2974 1281 3076 1335 hoc
3139 1282 3192 1336 in
3246 1293 3431 1337 nostra

1853 1370 2014 1423 situm
2044 1380 2333 1439 polcSIate,
2366 1371 2457 1425 sed
2493 1382 2701 1441 spectat
2739 1373 2805 1426 ad
2835 1383 3087 1441 parentes
3106 1373 3190 1427 vel
3223 1383 3431 1429 tutores

1854 1461 1904 1514 id
1945 1477 2157 1516 curare.
2207 1462 2306 1516 Per
2358 1463 2778 1517 adolescentiam
2838 1479 2991 1527 vero,
3047 1480 3168 1518 cum
3227 1476 3431 1521 nostrae

1852 1564 2033 1621 partes
2085 1554 2168 1624 agi
2223 1557 2519 1623 coeperint,
2580 1571 2675 1625 per
2722 1556 3039 1610 adductiora
3092 1556 3276 1623 frena,
3335 1574 3432 1611 ex-

1852 1644 2185 1698 actissimam
2218 1646 2648 1708 institutionem.
2680 1649 3001 1702 exercitium
3023 1659 3075 1702 ct
3106 1649 3317 1704 ascesin
3339 1663 3433 1703 co-

174 1744 267 1815 Τῷ
312 1743 355 1797 δ’
386 1744 529 1798 οὕτω
574 1744 761 1799 λοιπὸν
804 1744 1225 1813 οἰκονομήσαντι
1268 1743 1363 1796 καὶ
1400 1742 1753 1812 διακυϐερνῆ-

1864 1747 2079 1790 euntem
2127 1739 2270 1792 :sub
2334 1750 2488 1793 (etate
2544 1750 2779 1805 matura,
2837 1756 2930 1809 per
2983 1741 3321 1808 compositos
3377 1750 3433 1796 et

176 1853 330 1890 σαντι
353 1837 443 1889 τὸν
473 1836 608 1906 βίον⁹
634 1837 796 1906 λιμὴν
827 1837 1131 1906 ἀπαντήσει
1156 1836 1216 1889 τὸ
1241 1836 1439 1905 γῆρας,
1464 1835 1558 1887 καὶ
1578 1834 1757 1886 πόνων

1864 1840 2205 1899 comparatos
2242 1832 2412 1900 prius,
2445 1842 2499 1886 et
2537 1834 2702 1887 menti
2756 1834 3169 1903 prminsculptos
3205 1850 3382 1890 mores
3414 1852 3430 1889 :

179 1926 509 1991 ἀνάπαυσις,
538 1928 636 1995 τῆς
658 1930 798 1980 κατὰ
826 1926 1004 1996 ψυχὴν
1032 1926 1245 1996 ἡδονῆς,
1268 1928 1362 1979 καὶ
1388 1926 1537 1987 θείας
1564 1925 1759 1994 εὐφρο-

1864 1923 1999 1976 nnde
2031 1937 2243 1975 summa
2276 1934 2326 1977 et
2358 1925 2626 1994 praecipua
2648 1934 2888 1999 poteSlas
2909 1927 3171 1981 accrescit
3199 1927 3266 1981 ad
3289 1935 3437 1982 recte

181 2020 348 2089 σύνης
375 2019 473 2083 τὰς
506 2020 615 2072 ἀπὸ
638 2019 731 2071 τοῦ
761 2018 1013 2089 σώματος
1043 2018 1217 2082 λιῖπας
1245 2019 1672 2089 παρωθουμένης
1698 2034 1756 2070 τε

1864 2016 2246 2086 consequentia
2277 2015 2693 2081 conformanda,
2734 2027 2791 2071 ut
2827 2018 3084 2073 nimirum
3118 2034 3214 2089 per
3246 2020 3433 2075 c0nsi-

180 2112 276 2165 καὶ
303 2111 792 2181 ἀποκρυπτούσης,
824 2116 918 2165 καὶ
948 2114 1237 2182 μακάριον,
1264 2110 1338 2175 ὡς
1364 2109 1599 2181 ἀληθῶς,
1624 2111 1759 2163 ἀπο-

1864 2111 1983 2163 mile
2005 2110 2242 2165 studiqu
2267 2117 2321 2163 et
2346 2110 2682 2178 diligentiam
2720 2110 3044 2176 adhibitam,
3078 2115 3257 2167 virtus
3310 2120 3438 2168 tan-

180 2203 478 2274 φαινούσης
504 2203 595 2257 τὸν
628 2202 934 2273 ἄνθρωπον.
964 2204 1035 2257 Σὺ
1062 2203 1120 2256 δέ
1163 2221 1275 2274 μοι,
1307 2203 1518 2265 τέκνον,
1551 2202 1625 2273 μὴ
1654 2202 1752 2272 μό-

1864 2204 1978 2258 dem
2006 2214 2436 2259 eonsummetur.
2476 2203 2532 2257 Ei
2564 2219 2749 2275 porro,
2778 2205 2869 2276 qui
2904 2207 2968 2260 ad
3007 2206 3153 2262 hunc
3211 2206 3435 2263 modum

176 2311 268 2349 vov
286 2293 322 2347 ἀ
343 2297 539 2365 γράφω
560 2294 853 2366 προθύμως
880 2296 1243 2363 ἀναγίνωσκε,
1274 2294 1408 2349 ἀλλὰ
1429 2295 1519 2349 καὶ
1542 2294 1628 2348 διὰ
1645 2294 1753 2348 τῶν

1864 2296 2030 2350 vitam
2092 2312 2246 2350 suam
2316 2297 2686 2360 composuerit
2736 2307 2791 2352 et
2856 2298 3130 2363 direxerit,
3179 2299 3440 2354 oneretur

176 2383 356 2455 ἔργων
393 2386 801 2458 προθυμότερον
835 2385 1186 2452 ἐπιγίνωσκε.

1864 2388 2081 2441 tandem
2132 2403 2231 2457 pro
2274 2398 2432 2457 portu
2471 2398 2745 2456 senectus,
2774 2389 3019 2444 laborum
3046 2392 3289 2461 requies,
3311 2407 3440 2461 gau-

176 2480 252 2534 dii
280 2481 448 2551 (quod
474 2482 773 2537 secundum
824 2481 991 2537 Deum
1023 2481 1125 2553 est)
1184 2483 1597 2554 repositorium,
1646 2496 1757 2552 quo
1798 2497 1825 2536 a
1855 2498 2084 2553 corpore
2114 2484 2334 2540 dolores
2386 2484 2773 2549 amandantur,
2819 2486 3183 2548 occultantur,
3207 2494 3260 2539 ct
3282 2484 3441 2554 plane

177 2582 372 2637 beatus
404 2579 569 2632 homo
597 2578 811 2633 tandem
848 2580 1215 2636 renuntiatur.
1261 2582 1340 2637 Tu
1376 2592 1584 2645 autem,
1640 2580 1738 2645 illi,
1781 2577 1887 2645 fac,
1928 2594 2039 2633 non
2106 2589 2314 2635 tantum
2358 2588 2419 2635 ut
2467 2579 2744 2635 lubentius
2800 2581 3045 2650 perlegas
3082 2594 3205 2647 qua:
3267 2593 3300 2635 a
3352 2592 3441 2633 me

179 2673 502 2727 scribuntur
529 2689 544 2738 ;
575 2671 668 2727 sed
701 2671 874 2726 multo
895 2673 1190 2730 studiosius
1216 2675 1409 2731 eadem
1443 2690 1538 2744 per
1569 2674 1917 2745 operationes
1957 2672 2105 2742 ipsas
2135 2688 2485 2743 recognosce.

740 2805 1074 2860 ΕΡΩΤΗΣΙΣ
1098 2809 1211 2862 ΣΖ’.

180 2937 321 3005 Περὶ
360 2937 505 2992 τοῦ*
554 2958 573 2992 ι
621 2942 730 3005 Θὲς
762 2942 879 3008 τὴν
907 2943 1076 3010 χεᾷά
1113 2960 1230 2999 σου
1270 2948 1389 3000 ὑπό
1432 2947 1542 3001 τὸν
1563 2951 1759 3018 μηρόν

856 3031 998 3081 μου.
1028 3034 1047 3065 ›

1969 2804 2303 2872 QUIESTIO
2331 2805 2760 2933 CCVI:'L§0{36.“
2782 2804 3117 2949 lCCXXXVI,
3158 2805 3332 2863 Taur.

1860 2966 1938 3022 De
2003 2968 2118 3022 loco
2173 2970 2288 3036 illo,
2339 2970 2529 3024 (Pone
2578 2987 2792 3023 manum
2858 2978 3002 3021 tuam
3056 2985 3214 3039 super
3268 2968 3443 3038 femur

2535 3057 2728 3094 meum.
2762 3059 2780 3092 ι

547 3127 690 3178 Edita
713 3142 739 3177 a
760 3128 1059 3180 Montacutio
1079 3133 1181 3195 (ep.
1205 3134 1265 3181 74
1286 3136 1343 3183 ad
1369 3134 1591 3200 Eulamp.
1627 3154 1673 3203 p.
1711 3144 1781 3193 121

1876 3154 1975 3217 23).
1994 3180 2049 3191 —
2069 3155 2362 3219 Explanatio
2390 3158 2651 3207 verborum
2677 3158 2802 3208 Gen.
2830 3173 2965 3215 xxxv,
2991 3159 3039 3208 2.

263 3250 282 3283 ι
321 3233 420 3295 Θὲς
445 3239 546 3305 τὴν
575 3239 734 3305 χεῖρά
763 3252 855 3288 σου
879 3237 985 3290 ὑπὸ
1015 3239 1104 3291 τὸν
1140 3244 1312 3312 μηρόν
1346 3262 1468 3313 μου,
1499 3266 1517 3298 ι
1544 3252 1708 3318 φησὶν
1735 3254 1762 3305 ό
1795 3247 1836 3301 C

181 3327 529 3396 πατριάρχης
546 3327 794 3398 Ἀϐραάμ
820 3347 833 3360 ⁸
849 3329 941 3382 δύο
961 3332 1131 3385 ταῦτα
1154 3337 1478 3405 παραδηλῶν
1494 3341 1567 3410 τῷ
1584 3361 1645 3394 νυ
1654 3362 1766 3414 μφ-

186 3415 395 3486 αγωγῷ
432 3419 759 3487 προστάττει
801 3417 1096 3488 θεράποντι
1126 3439 1143 3454 ·
1179 3422 1236 3475 ἓν
1279 3426 1375 3493 μὲν
1419 3429 1513 3479 καὶ
1547 3431 1767 3500 πρόχει-

188 3523 306 3577 ρον,
339 3507 426 3559 τὸν
456 3510 620 3579 ὅρκον
647 3511 725 3571 εἰς
769 3510 829 3561 τὸ
852 3513 947 3579 τῆς
974 3516 1274 3583 περιτομῆς
1326 3519 1621 3589 σεϐάσμιον
1656 3524 1768 3575 εἰσ-

187 3598 569 3667 πραττόμενος
588 3616 603 3630 °
641 3599 896 3670 δεύτερον
933 3600 988 3652 δὲ
1016 3604 1110 3655 καὶ
1135 3605 1441 3674 νοούμενον,
1490 3613 1569 3671 είς
1590 3612 1681 3665 τὸν
1710 3612 1769 3677 ἐξ

186 3690 358 3744 αὑτοῦ
416 3691 823 3761 τεχθησόμενον
866 3693 1099 3763 Χριστὸν
1141 3697 1233 3749 καὶ
1268 3697 1401 3751 Θεὸν
1445 3701 1603 3769 ἡμῶν
1629 3722 1641 3734 υ
1685 3704 1770 3756 δε-

190 3782 411 3849 σμεύων
430 3784 614 3848 αὑτὸν,
631 3787 723 3837 καὶ
753 3786 999 3857 εὐορκεῖν
1017 3788 1111 3841 ἐπὶ
1134 3790 1296 3843 πλέον
1314 3792 1764 3864 ἀσφαλιζόμενος,

185 3876 308 3943 ἃμα
354 3875 410 3928 δὲ
446 3880 540 3930 καὶ
578 3879 986 3950 προθυμότερον
1018 3882 1179 3935 αὐτὸν
1217 3882 1620 3953 ἐργαζόμενος,
1672 3888 1767 3942 ἆτε

185 3966 257 4035 δὴ
286 3966 479 4037 ἔφορον
504 3969 597 4021 καὶ
630 3970 884 4040 μάρτυρα
917 3972 1022 4024 τῶν
1046 3972 1138 4025 ἐπὶ
1162 3979 1527 4047 νυμφαγωγίᾳ
1568 3980 1766 4049 ὅρκων,

184 4058 290 4111 οὐκ
336 4059 494 4111 ἄλλον
536 4060 685 4132 αὑτῷ
727 4062 1108 4130 ἐφιστάμενος,
1155 4065 1269 4117 ἀλλ’
1311 4067 1538 4135 ἐκεῖνον,
1588 4070 1648 4134 ὃς
1675 4072 1768 4124 καὶ

188 4151 612 4221 προϋπέσχετο,
665 4153 739 4217 ὠς
787 4154 856 4208 τά
916 4157 1092 4227 ἄστρα
1144 4160 1240 4212 τοῦ
1286 4160 1542 4229 οὐρανοῦ,
1612 4164 1674 4217 τὸ
1711 4166 1770 4218 ἐν

199 4240 387 4295 Ἰσαὰκ
419 4243 586 4296 αὐτοῦ
618 4245 839 4316 σπέρμα
872 4245 1343 4317 πληθυνθήσεσθαι
1381 4267 1395 4281 ⁸
1434 4252 1529 4305 καὶ
1548 4253 1770 4320 δυνατός

185 4334 307 4385 ἐστι
344 4334 516 4403 πέρας
547 4336 811 4389 ἐπιθεῖναι
842 4339 960 4402 ταῖς
991 4340 1335 4410 ὑποσχέσεσι,
1377 4345 1469 4396 καὶ
1492 4345 1772 4416 ἀμεταμε-

187 4423 389 4493 λήτους
411 4421 521 4479 οἶδε
551 4427 649 4485 τὰς
693 4428 902 4497 δωρεὰς
941 4435 1034 4484 καὶ
1059 4433 1156 4494 τὰς
1185 4434 1411 4504 χάριτας
1436 4452 1451 4466 ο
1488 4438 1770 4509 μονονουχὶ

188 4512 289 4567 καὶ
317 4514 667 4584 ἐννοούμενος
687 4518 782 4569 καὶ
815 4518 1008 4585 λέγων,
1040 4516 1112 4573 ’Ὦ
1140 4525 1239 4574 παῖ
1253 4522 1345 4576 τοῦ
1379 4524 1514 4594 ἐμοῦ
1544 4529 1766 4596 γνησίου

188 4604 531 4671 νυμφαγωγέ
594 4606 822 4674 παιδὸς,
884 4608 1306 4680 προθυμηθῆναι
1337 4611 1447 4665 δέοι
1479 4618 1637 4683 μόνον
1698 4620 1765 4688 τῇ

192 4694 498 4766 ὑπηρεσίᾳ,
539 4699 865 4769 προαίρεσιν
899 4700 1192 4755 σπουδαίαν
1244 4704 1595 4771 εἰσενεγκεῖν,
1634 4707 1701 4760 τὰ
1725 4709 1770 4761 δ’

186 4787 332 4841 ἄλλα
372 4790 570 4859 ῥᾷστον
601 4791 789 4843 ἀνύσει
819 4793 848 4844 ὁ
897 4792 991 4845 καὶ
1016 4794 1113 4861 τῆς
1142 4794 1487 4865 ὁρκωμοσίας
1530 4798 1772 4867 ἐπόπτης

186 4880 286 4933 καὶ
310 4880 540 4950 μάρτυς,
569 4884 664 4934 καὶ
691 4885 789 4945 τὰς
819 4883 919 4951 τῆς
946 4884 1301 4947 πολυπαιδίας
1326 4887 1647 4957 ὑποσχέσεις
1672 4890 1773 4944 δω-

189 4972 527 5041 ρησάμενος.
568 4974 679 5026 Καὶ
716 4975 817 5044 ὅρα
846 4974 921 5038 ὡς
968 4976 1229 5043 φιλοθέως
1260 4976 1377 5029 λίαν
1414 4978 1507 5029 καὶ
1548 4980 1773 5044 εἰκότως

184 5065 282 5117 τὸν
316 5065 409 5117 ἐπὶ
452 5065 766 5137 παιδογονίᾳ
812 5066 904 5121 τοῦ
940 5067 1070 5120 Υίοῦ
1097 5071 1324 5139 μεσίτην
1358 5069 1636 5139 ἐσόμενον,
1671 5070 1771 5140 τῆς

186 5159 491 5228 σφραγῖδος
522 5160 845 5230 ἁπτόμενον,
884 5160 951 5231 ἢν
992 5162 1091 5231 τῆς
1139 5163 1196 5213 ἐν
1236 5161 1415 5214 πίστει
1448 5161 1771 5230 πολυγονίας

188 5253 424 5320 σημεῖον
458 5251 673 5318 ἐλαϐεν,
694 5253 916 5321 ὀμνύειν
943 5253 1309 5323 προσέταττεν
1336 5271 1349 5284 ο
1381 5254 1469 5307 ἵνα
1488 5253 1671 5325 εἴπῃς,
1710 5255 1771 5306 '0

184 5342 319 5405 δούς
349 5360 439 5411 μοι
466 5343 566 5414 τὴν
599 5343 920 5414 περιτομὴν,
958 5345 1119 5409 αὐτὸς
1154 5345 1322 5398 ἔδωκε
1367 5346 1428 5399 τὸ
1462 5346 1562 5416 μὲν
1591 5348 1772 5399 Χανα-

185 5439 344 5489 ναῖον
373 5436 554 5505 γένος,
574 5436 675 5506 μεθ
693 5437 707 5457 ’
727 5429 801 5489 ὧν
824 5436 934 5505 ἐγὼ
962 5456 1035 5491 πα
1045 5436 1233 5507 ροικῷ,
1258 5438 1553 5508 ἐπάρατον,
1579 5438 1638 5490 ἐν
1674 5438 1767 5491 εὑ-

184 5528 403 5596 λογίαις
419 5528 475 5582 δὲ
502 5528 560 5581 τὸ
575 5529 859 5599 ἡμέτερον.
879 5530 1007 5583 Ἰδοὺ
1034 5529 1211 5582 τοίνυν
1240 5529 1339 5599 τῆς
1365 5532 1513 5591 θείας
1533 5528 1769 5597 ἐφαπτό-

187 5635 358 5689 μενον
393 5619 708 5690 σφραγῖδος,
732 5618 822 5672 τὸν
851 5620 1146 5689 νομοθέτην
1184 5619 1387 5690 ταύτης
1413 5619 1640 5689 ὀμνύναι
1673 5636 1765 5672 κε-

185 5710 359 5775 λεύω,
395 5709 468 5781 μὴ
496 5710 561 5765 ἂν
587 5709 762 5773 ἄλλως
786 5710 979 5777 ποιεῖν,
1008 5709 1137 5780 ἢὼς
1162 5711 1354 5781 ἐκείνῳ
1380 5709 1459 5781 τῷ
1484 5710 1581 5780 τῆς
1602 5710 1769 5764 πολυ-

1947 3263 1964 3295 ι
1996 3244 2143 3299 Pone
2179 3262 2398 3300 manum
2433 3257 2581 3301 tuam
2623 3248 2727 3301 sub
2775 3248 2979 3302 fentore
3010 3261 3151 3309 meo,
3186 3264 3207 3296 ι
3261 3246 3442 3315 inquit

1868 3334 2219 3391 Abrahamus
2252 3339 2560 3406 patriarcha
2596 3357 2610 3389 :
2648 3340 2756 3393 duo
2783 3341 2881 3393 ista
2938 3339 3292 3394 subindieans
3336 3339 3441 3393 tui-

1868 3426 2043 3479 nistro
2072 3428 2468 3497 nymphagogo,
2502 3429 2553 3480 in
2586 3429 2857 3482 mandatis
2882 3430 2973 3483 dat
3005 3447 3018 3482 :
3057 3430 3205 3498 prius
3228 3441 3331 3491 est,
3387 3438 3443 3484 et

1872 3515 1924 3568 in
1962 3526 2241 3584 promptu,
2287 3519 2430 3585 quod
2456 3518 2840 3587 jusjurandum
2882 3520 2933 3573 in
2964 3519 3171 3573 honore
3203 3521 3441 3575 circnma

1869 3606 2092 3661 cisionis
2144 3607 2395 3674 inducit;
2432 3610 2731 3664 secundum
2780 3622 2862 3664 est
2898 3620 2952 3664 et
2977 3612 3440 3676 subintellectum,

1870 3698 1923 3752 id
1953 3699 2097 3766 quod
2126 3700 2192 3753 ad
2234 3715 2358 3755 eum
2399 3700 2630 3755 refertur
2654 3702 2745 3771 qui
2778 3719 2842 3756 ex
2870 3717 2929 3756 se
2960 3703 3270 3757 nasciturus
3292 3694 3441 3767 erat,

1870 3788 2148 3845 Christum
2177 3790 2345 3845 Deum
2389 3808 2670 3860 nostrum;
2704 3794 2939 3848 vinculis
2993 3811 3118 3849 eum
3175 3796 3444 3849 constrin-

1870 3895 2025 3949 gens.
2054 3890 2107 3934 et
2136 3890 2282 3935 recte
2308 3882 2544 3951 jurando
2586 3884 2915 3939 conﬁrmans
2949 3884 3126 3946 illum.
3162 3899 3226 3939 ac
3258 3887 3437 3953 ipsum

1870 3970 2100 4025 reddens
2124 3972 2515 4041 promptiorem
2548 3974 2614 4027 ad
2637 3976 2981 4043 exsequenda
3036 3976 3311 4040 mandata,
3359 3976 3442 4029 in-

1869 4071 2173 4131 spectorem
2220 4072 2509 4129 ettestem,
2561 4066 2917 4120 conciliandae
2946 4067 3134 4120 uteris
3188 4067 3241 4120 in
3274 4083 3443 4137 nego-

1870 4155 1967 4217 tio,
1996 4154 2357 4225 jurisjnrandi
2385 4172 2532 4221 eum,
2566 4157 2812 4226 inquam,
2846 4157 3229 4226 praeponendo,
3250 4167 3305 4212 et
3333 4172 3442 4213 non

1871 4246 2060 4313 alium,
2093 4246 2188 4315 qui
2231 4247 2387 4316 prius
2448 4248 2778 4316 promiserat
2831 4248 3098 4313 futurum,
3159 4258 3218 4303 ut
3255 4265 3442 4305 semen

1871 4336 2045 4406 ipsius
2073 4339 2139 4393 de
2210 4340 2397 4393 lsaaco
2464 4341 2921 4408 multiplicaretur
2986 4342 3443 4410 quemadmodum

1870 4430 1992 4485 coeli
2047 4431 2275 4485 sidera:
2330 4432 2531 4501 quibus
2588 4431 2875 4501 promissis
2916 4432 3443 4487 consummationem

1873 4523 2133 4578 inducere
2164 4534 2380 4593 poterat
2409 4524 2502 4593 qui
2538 4524 2680 4578 dona
2716 4539 2810 4578 sua
2846 4533 3011 4594 atque
3062 4523 3270 4593 gratias
3325 4524 3446 4579 sine

1871 4616 2192 4686 paenitentia
2229 4615 2513 4684 elargitur,
2550 4624 2759 4669 tantum
2794 4631 2902 4669 non
2931 4615 3265 4683 cogitatione
3292 4631 3445 4670 com-

1869 4707 2060 4775 plexus
2090 4716 2143 4759 et
2177 4706 2373 4760 ell'atus
2411 4706 2516 4760 ista
2546 4723 2561 4759 :
2593 4707 2633 4759 Ο
2682 4704 2886 4760 famule
2938 4705 3318 4777 nymphagoge
3348 4721 3444 4775 ge-

1870 4799 2021 4851 nuini
2052 4799 2156 4851 mei
2190 4798 2308 4863 lilii,
2337 4813 2472 4866 opus
2510 4807 2719 4851 tantum
2748 4797 2846 4852 tibi
2881 4807 2966 4852 est
2997 4806 3057 4851 ut
3085 4805 3338 4867 prompto
3368 4799 3445 4853 sis

1869 4889 2055 4942 animo
2086 4897 2138 4941 et
2172 4889 2513 4957 propositum
2548 4887 2796 4941 sedulum
2822 4887 2877 4941 in
2904 4887 3256 4957 exsequendo
3299 4903 3445 4956 prat-

1872 4992 1982 5036 stes
2012 4980 2338 5045 ministerio,
2380 4988 2576 5035 caetera
2607 4979 2708 5033 levi
2739 4978 2965 5034 brachio
2991 4977 3302 5050 perticistis,
3350 4979 3445 5048 qui

1860 5071 2171 5142 jusjuraudi
2205 5080 2427 5125 curator
2456 5079 2511 5123 et
2544 5070 2695 5125 testis
2745 5070 3053 5133 adhibetur,
3085 5070 3179 5140 qui
3215 5070 3281 5126 de
3305 5072 3446 5127 mul-

1871 5162 2164 5229 tiplicanda
2195 5160 2349 5231 prole
2380 5161 2675 5229 stipulatus
2700 5172 2806 5215 est.
2842 5159 3059 5215 Videsis
3092 5171 3276 5216 autem
3309 5159 3442 5215 mihi

1868 5264 2075 5321 quanto
2101 5267 2224 5306 cum
2257 5267 2443 5306 amore
2471 5250 2585 5316 Dei,
2613 5260 2667 5304 et
2692 5267 2854 5321 quant
2884 5252 3032 5321 juste
3085 5251 3443 5307 mediatorem

1870 5343 2114 5398 futurum
2144 5344 2567 5413 multiplicaudaa
2615 5344 2668 5397 iu
2701 5344 2810 5397 lilio
2874 5344 3043 5411 prolis
3107 5359 3204 5414 per
3250 5352 3444 5398 conta-

1875 5446 2023 5490 ctum
2057 5437 2243 5504 sigilli,
2275 5435 2422 5506 quod
2460 5436 2720 5491 indicium
2755 5437 3029 5492 ﬁdelitatis
3062 5437 3117 5493 in
3163 5436 3267 5491 ﬁde
3294 5436 3448 5507 poly-

1874 5526 2050 5594 gouiae
2088 5535 2393 5596 acceperat,
2415 5526 2601 5596 jurare
2627 5526 2812 5595 jussit,
2870 5528 3027 5597 quasi
3057 5527 3262 5582 diceret
3292 5544 3306 5582 :
3341 5523 3447 5591 Qui

1874 5618 2021 5673 dedit
2047 5619 2179 5673 mihi
2216 5619 2714 5684 circnm‘cisionem,
2739 5619 3173 5674 Cbananteorum
3233 5627 3448 5689 gentem

1879 5710 2025 5767 inter
2079 5726 2219 5781 quos
2274 5711 2576 5781 inquilinus
2610 5725 2820 5778 versor,
2852 5720 3195 5767 exsecratam
3264 5708 3443 5777 habet,
