3902 6212
464 216 570 279 955

1615 207 1883 268 PHOTII
1912 205 2417 268 PATRIARCIIIE
2443 208 2553 269 (ΖΡ.

3606 211 3717 274 956

462 338 705 386 nostram
744 340 876 380 vero
931 325 1295 380 benedictam.
1333 322 1469 380 Vide
1498 322 1683 394 igitur,
1712 332 1769 377 ιιι
1798 331 1848 378 te
1868 321 2033 377 divini

2151 323 2355 386 ιεκνίας
2384 323 2593 393 δοτῆρι,
2637 322 2995 395 χαριούμεθα,
3017 323 3077 391 ἐξ
3096 324 3388 393 ὁμογενοῦς
3419 344 3723 397 νυμφαγω-

466 421 628 490 sigilli
690 426 945 474 contactu
990 417 1352 486 legislatorem
1398 417 1519 483 ejus
1566 416 1820 486 adjurare
1846 416 2034 486 jubeo.

463 526 514 569 te
544 529 649 568 non
682 514 844 567 aliter
882 512 1152 565 facturum
1201 492 1364 580 qua/nt
1398 518 1457 564 ut
1484 511 1587 579 ipsi
1634 512 1804 579 prolis
1851 509 2037 563 multi-

463 608 675 677 plicata:
709 604 953 671 largitori
986 613 1200 672 gratum
1230 612 1283 656 et
1342 611 1624 670 acceptum
1688 601 1875 665 fuerit,
1937 600 2041 654 hoc

463 708 567 760 est,
600 706 657 751 ut
685 698 750 751 de
788 697 1111 762 cognatione
1146 693 1378 763 puellam
1412 708 1530 745 meo
1566 692 1676 745 lilio
1746 700 2039 760 nupturam

466 788 752 843 concilies.
784 784 838 837 lu
876 785 978 837 hoc
1009 793 1192 837 autem
1248 783 1365 851 ipso
1421 782 1473 834 id
1517 791 1772 851 praestare
1832 781 2042 835 videtur

466 880 621 944 inibi,
654 877 799 947 quod
828 877 893 937 is,
923 878 1013 944 qui
1053 876 1241 928 eodem
1295 874 1455 927 modo
1483 874 1736 942 pietatem
1783 873 1836 925 in
1871 870 2040 925 Deum

467 974 617 1033 colit,
650 974 753 1025 sub
789 969 959 1039 gratia
996 968 1205 1030 vivens,
1253 975 1469 1020 curaret
1510 966 1819 1034 diligenter,
1847 978 2041 1031 nempe

468 1068 521 1119 iu
561 1064 798 1117 medium
839 1058 1144 1129 producens
1173 1058 1342 1110 divini
1373 1064 1428 1109 et
1470 1056 1727 1109 salutaris
1782 1053 2040 1123 baptismi

467 1154 719 1223 insignia,
755 1160 807 1204 et
829 1150 1093 1220 symbola.
1128 1150 1229 1201 hoc
1257 1156 1361 1213 est,
1401 1148 1595 1201 stolam
1620 1147 1890 1209 albam,et
1918 1160 2041 1214 qua:

466 1254 659 1297 caetera
706 1250 952 1310 spectant
984 1240 1050 1293 ad
1078 1238 1209 1291 illud
1257 1238 1483 1299 donum,
1535 1251 1599 1289 ac
1648 1235 1903 1302 deinceps
1957 1236 2040 1288 bis

466 1332 732 1387 contactis
756 1332 973 1401 juberet
1006 1347 1131 1384 eum
1163 1330 1255 1399 qui
1287 1329 1631 1398 proﬁteretur
1676 1341 1735 1380 se
1768 1326 2038 1379 facturum

467 1428 611 1495 quod
665 1426 1004 1481 mandaverit
1053 1427 1334 1493 conceptis
1383 1423 1563 1477 verbis
1604 1422 1812 1492 jurare.
1866 1420 2038 1475 Habes

468 1518 565 1583 ita,
599 1518 816 1587 opinor,
854 1532 950 1585 per
996 1515 1282 1585 epistolam
1351 1514 1722 1583 przescriplam
1757 1527 1921 1581 quam
1955 1527 2042 1564 se.

2133 417 2298 487 γῆσαι
2338 418 2506 487 κόρην
2533 415 2611 487 τῷ
2637 416 2810 470 παιδί.
2842 416 3098 471 Τοιοῦτόν
3127 418 3183 470 τί
3223 436 3315 489 μοι
3342 419 3605 489 πράττειν
3634 421 3724 473 δο-

2134 508 2268 572 κῶν,
2294 509 2477 562 ὁποῖόν
2528 527 2581 562 τι
2618 509 2728 562 τῶν
2756 511 2979 579 ὁμοίων,
3024 511 3258 582 εὐσεϐὴς
3290 512 3451 582 ἀνὴρ,
3489 514 3585 565 καὶ
3609 513 3723 565 τῶν

2137 601 2194 652 ἐν
2225 603 2290 670 τῇ
2324 601 2525 671 χάριτι,
2557 601 2959 672 διαπραχθῆναι
2991 602 3319 671 ποιούμενος
3367 603 3719 674 σπούδασμα,

2138 692 2278 745 αύτά
2338 710 2439 744 που
2505 694 2839 764 προθέμενος
2884 697 2953 746 τὰ
3001 696 3095 747 τοῦ
3139 696 3284 747 θείου
3315 695 3413 748 καὶ
3449 699 3722 765 σωτηρίου

2142 785 2518 854 βαπτίσματος
2552 787 2822 857 σύμϐολα,
2854 790 2953 859 τήν
2987 806 3047 841 τε
3088 789 3288 859 λευκήν
3317 807 3459 859 φημι
3503 792 3720 859 στολὴν,

2141 876 2234 927 καὶ
2280 878 2350 928 τά
2395 876 2557 929 λοιπά
2602 876 2696 930 τοῦ
2753 877 2925 947 δώρου
2986 881 3313 949 παράσημα,
3346 876 3468 933 εἶτα
3515 880 3724 932 τούτων

2145 967 2472 1037 ἀπτόμενον,
2506 969 2587 1030 είς
2612 968 2751 1021 αύτά
2773 970 2864 1022 τὸν
2893 971 3054 1040 ὅρκον
3079 971 3302 1041 ὑπέχειν
3323 973 3586 1040 ἀπαιτοίη
3632 973 3724 1023 τὸν

2141 1058 2518 1127 ὑπεσχημένον
2562 1058 3008 1130 ύπηρετήσασθαι
3052 1061 3130 1132 τῷ
3172 1062 3491 1133 βουλήματι.
3539 1063 3725 1132 Ἔχεις

2137 1150 2449 1220 τοιγαροῦν,
2475 1153 2594 1203 κατ’
2616 1152 2924 1221 ἐπιστολὴν,
2948 1155 3012 1206 ἐκ
3046 1153 3153 1207 τῶν
3173 1155 3502 1224 εἰρημένων,
3536 1148 3722 1223 οἶμαι,

2146 1242 2206 1293 τό
2251 1259 2308 1294 τε
2336 1241 2558 1307 εύ).ογον
2606 1244 2702 1296 καὶ
2733 1244 3025 1297 ἀκόλουθον
3072 1248 3167 1299 καὶ
3222 1245 3470 1315 θεοφιλὲς
3491 1246 3592 1315 τῆς
3628 1244 3725 1297 τοῦ

2148 1336 2338 1387 πιστοῦ
2381 1336 2633 1407 Ἀϐραὰμ
2660 1338 2896 1399 διανοίας
2924 1341 3017 1392 καὶ
3045 1340 3297 1411 πράξεως
3326 1357 3340 1370 ·
3370 1340 3439 1392 δι’
3466 1335 3544 1394 ὦν
3574 1340 3728 1407 λογι-

2149 1426 2283 1495 σμὸς
2314 1426 2458 1488 am,-
2485 1427 2701 1497 χυδαῖος
2737 1430 2828 1483 καὶ
2856 1433 3243 1501 πεπατημὲαος
3282 1431 3375 1485 καὶ
3405 1431 3729 1501 ἀντικείμε-

2147 1529 2235 1575 νος
2262 1514 2643 1573 ἀπελαύνεται.

466 1614 703 1667 ωιιιιὶιιιιι
738 1625 941 1667 rectam
964 1614 1252 1676 rationem,
1324 1627 1487 1680 quam
1554 1610 1753 1680 justam
1826 1609 2271 1678 consequentiam
2322 1622 2373 1667 et
2415 1614 2669 1683 pietatem
2723 1614 2775 1667 in
2820 1614 2988 1669 Deum
3045 1616 3222 1670 ﬁdelis
3273 1614 3573 1682 Abraham,
3610 1614 3729 1669 hac

467 1708 754 1763 meditatus
820 1716 876 1761 et
942 1714 1199 1777 operatus
1244 1703 1475 1758 fuerat:
1532 1718 1661 1773 ergo
1724 1704 1987 1773 cogitatio
2044 1705 2223 1758 omnis
2276 1706 2431 1772 vilis,
2474 1707 2758 1777 projecta,
2822 1716 2876 1763 et
2940 1708 3166 1764 adversa
3234 1708 3450 1763 veritati
3536 1707 3732 1762 exclu-

464 1802 647 1855 datur.

537 1911 865 1983 QUASSTIO
918 1911 1119 1968 CCVIII
1174 1911 1363 1985 [CoisL
1417 1911 1773 1979 CCXXXVII,
1804 1910 1971 1966 Taur.

1050 2002 1429 2077 CCXXVHIL
1754 2004 1760 2011 ‘

2684 1910 3019 1965 ΕΡΩΤΗΣῙΣ
3061 1911 3186 1965 ΣῙΡ.

1038 2132 1181 2185 Edita
1198 2149 1227 2184 a
1253 2134 1550 2185 Montacutio
1574 2136 1678 2200 (ep.
1708 2136 1771 2186 75
1794 2137 1855 2186 ad
1877 2137 2048 2187 Eusebi

2167 2150 2217 2199 p.
2247 2136 2379 2199 124).
2401 2159 2463 2171 -
2487 2135 2541 2185 In
2570 2135 2716 2184 Marc.
2744 2148 2843 2197 vui,
2865 2136 2941 2196 15,
2976 2136 3054 2192 I7,
3080 2136 3155 2185 18.

542 2224 687 2293 Quid
715 2230 798 2280 est
827 2224 971 2296 quod
1000 2233 1281 2295 tantopere
1305 2224 1522 2279 miraris
1564 2224 1955 2294 discipulorum
1979 2226 2042 2279 de

2218 2224 2283 2276 Τί
2319 2221 2617 2292 θαυμάζεις
2644 2222 2766 2274 λίαν
2790 2225 2889 2289 τὴν
2920 2224 3011 2275 ἐπὶ
3051 2225 3164 2285 τοῖς
3194 2222 3382 2292 ἄρτοις
3403 2222 3514 2277 τῶν
3544 2224 3727 2296 p.an-

470 2320 706 2389 pauibus
728 2318 1165 2381 obduratiouem,
1188 2326 1248 2372 ut
1266 2317 1531 2382 dicas,An
1549 2332 1657 2372 non
1673 2318 1957 2372 viderant?
1974 2334 2042 2372 an

473 2427 582 2465 non
615 2411 851 2480 ipsorum
881 2410 1021 2465 oculi
1048 2420 1098 2464 et
1125 2425 1320 2464 manus
1348 2410 1729 2464 ministrabant
1757 2411 2056 2465 miraculo?

475 2517 740 2571 quorsum
775 2502 881 2557 illis
911 2518 1019 2556 non
1050 2500 1321 2556 credunt?
1344 2502 1616 2570 quomodo
1640 2517 1749 2557 non
1786 2501 2050 2571 intellige-

475 2594 641 2647 bant?
670 2593 945 2663 quomodo
990 2593 1139 2648 obliti
1165 2592 1512 2648 suntHJerte
1546 2602 1743 2662 potest,
1778 2593 1902 2647 licet
1935 2608 2046 2647 non

476 2698 777 2755 tantopere,
800 2684 1127 2746 addubitari,
1149 2684 1240 2739 sed
1266 2684 1446 2753 potius
1462 2686 1563 2738 rite
1583 2685 1707 2739 huic
1722 2683 2047 2739 dubitationi

475 2779 895 2833 occurrendum.
947 2776 1077 2845 Quae
1141 2778 1467 2847 gerebantur
1512 2777 1766 2831 videbant
1817 2777 2049 2847 propriis

474 2871 649 2925 Oculis
671 2879 724 2923 et
747 2869 997 2923 manibus
1016 2869 1442 2933 contrectabant,
1464 2884 1563 2923 nec
1588 2868 1915 2935 diﬁidebant,
1948 2884 2051 2924 nec

474 2972 666 3017 contra
682 2962 1023 3030 pugnabant;
1047 2975 1159 3014 rem
1182 2970 1385 3030 gestam
1410 2961 1779 3025 intuebantur,
1797 2971 1850 3015 et
1876 2962 2045 3015 visam

476 3053 875 3121 obstupebant,
911 3066 1037 3105 nam
1071 3066 1178 3105 non
1228 3051 1503 3121 quomodo
1526 3054 1865 3122 insipientes,
1893 3052 2048 3107 oblu-

478 3154 717 3207 ctantes,
758 3143 1100 3212 impudentes
1145 3144 1199 3196 in
1224 3144 1479 3198 omnibus
1504 3142 1674 3199 Judaei
1701 3152 1757 3199 et
1787 3145 1888 3214 ipsi
1926 3144 2050 3197 ani-

476 3236 611 3292 mati
633 3245 808 3301 erant,
852 3250 1041 3289 verum
1066 3250 1174 3289 non
1204 3236 1271 3290 ad
1320 3235 1669 3305 perfectionis
1720 3238 1948 3307 gradum
1992 3252 2052 3291 a-

479 3330 826 3391 scenderant,
858 3329 953 3384 sed
983 3328 1136 3382 illum
1172 3329 1449 3398 quomodo
1475 3345 1506 3384 e
1536 3330 1739 3384 sanctis
1768 3330 1898 3384 olim
1927 3345 2051 3399 pro—

480 3423 661 3492 phetis
703 3421 925 3491 quidam
963 3421 1059 3475 ubi
1085 3429 1138 3475 et
1173 3421 1395 3489 quando
1426 3421 1608 3476 divina
1631 3422 1804 3492 gratia
1834 3422 2050 3477 alllave-

2146 2317 2255 2369 τῶν
2284 2315 2561 2384 πώρωσιν,
2586 2315 2677 2368 καὶ
2711 2313 2907 2381 λέγεις,
2942 2310 3087 2384 τΑρα
3111 2315 3217 2386 γὰρ
3237 2316 3335 2385 ούχ
3368 2316 3593 2388 ἐώρων;
3620 2316 3729 2389 ἆρα

2148 2411 2255 2479 γὰρ
2278 2412 2389 2466 τοῖς
2435 2408 2657 2469 οἰκείοις
2682 2407 2981 2476 ὀφθαλμοῖς
3007 2408 3101 2460 καὶ
3132 2410 3251 2471 ταῖς
3297 2411 3486 2479 χερσὶν
3519 2412 3729 2481 ὑπηρε-

2146 2503 2435 2573 τουμέναις
2469 2500 2731 2571 ἠπίστουν
2764 2498 2842 2571 τῷ
2867 2500 3141 2570 θαύματι;
3178 2501 3295 2565 πῶς
3318 2503 3378 2555 ού
3414 2503 3683 2573 συνῄεσαν
3710 2521 3727 2567 ;

2149 2591 2268 2655 πῶς
2302 2589 2662 2654 ἐπελάθοντο;
2708 2588 2863 2642 Ἔστι
2890 2589 2988 2658 μὲν
3016 2589 3147 2658 γὰρ,
3178 2594 3223 2642 εί
3244 2590 3343 2657 ,καὶ
3369 2592 3442 2661 μὴ
3478 2594 3572 2644 ἐπὶ
3600 2608 3727 2644 τοσ-

2150 2682 2324 2741 οῦτον,
2359 2681 2583 2750 ἀπορεῖν
2614 2697 2629 2710 ·
2685 2679 2800 2733 ἀλλ’
2824 2681 2938 2732 ἐστι
2973 2679 3133 2731 πλέον
3152 2680 3329 2751 ὀρθῶς
3350 2682 3444 2735 καὶ
3475 2682 3728 2751 ἐννοῆσαι

2151 2773 2247 2827 καὶ
2291 2772 2669 2836 ἐπιλύσασθαι,
2712 2774 2795 2826 ὅτι
2825 2774 2920 2826 καὶ
2961 2771 3031 2826 τὰ
3078 2774 3427 2843 πραττόμενα
3471 2774 3728 2838 ἔϐλεπον,

2152 2864 2245 2919 καί
2276 2862 2398 2917 οὔτε
2421 2866 2533 2927 τοῖς
2560 2862 2824 2933 όμμασιν,
2844 2862 2966 2916 οὔτε
2987 2867 3108 2924 ταῖς
3138 2863 3367 2924 οἰκείαις
3388 2865 3547 2933 χερσὶ
3566 2864 3656 2934 διη
3665 2883 3735 2934 μ-

2152 2955 2448 3026 φισϐήτουν
2498 2954 2592 3007 καὶ
2635 2954 2983 3024 ἀπεμάχοντο
3010 2972 3025 2985 ν
3075 2953 3211 3007 ἀλλά
3276 2952 3451 3007 ταῦτα
3500 2954 3605 3025 μὲν
3641 2955 3733 3006 καὶ

2153 3044 2361 3116 ἐώρων,
2383 3043 2477 3097 καὶ
2503 3043 2742 3114 ᾔδεισαν,
2768 3042 2863 3094 καὶ
2888 3039 3218 3111 ἐθαύμαζον.
3261 3040 3399 3094 Ούτε
3427 3042 3538 3112 γάρ
3563 3043 3732 3113 ἀνοή-

2150 3154 2284 3201 τοις,
2310 3134 2436 3188 οῦτε
2464 3134 2702 3203 τυφλοῖς,
2732 3132 2856 3187 οὔτε
2869 3136 2981 3197 τοῖς
2999 3134 3135 3205 πρὸς
3156 3134 3371 3188 ἅπαντα
3396 3136 3732 3205 μαχομένοις

2153 3229 2249 3284 καὶ
2274 3226 2721 3298 ἀναισχυντοῦσιν
2736 3227 3007 3289 Ἰουδαίοις
3031 3227 3424 3296 παραπλησίως
3440 3227 3724 3281 διέκειντο.

2164 3319 2305 3374 Ἀλλ’
2335 3318 2486 3372 οὔπω
2514 3320 2649 3389 πρὸς
2675 3316 2737 3371 τὸ
2768 3318 2972 3369 τέλειον
3004 3317 3404 3387 ἀναδεσηκότες
3422 3356 3439 3381 ,
3478 3316 3605 3369 καθ’
3637 3317 3732 3368 ἕνα

2153 3411 2276 3465 τινά
2296 3410 2405 3463 τῶν
2433 3409 2603 3463 πάλαι
2627 3408 2795 3477 ἁγίων
2822 3409 2917 3462 καὶ⁵
2947 3408 3264 3479 προφητῶν,
3297 3408 3389 3461 καὶ
3418 3407 3571 3461 ὁπότ’
3600 3407 3671 3460 ἀν
3697 3409 3729 3473 ἠ

484 3514 575 3578 rit,
612 3527 719 3569 non
760 3521 1019 3583 tauquam
1070 3511 1241 3567 Deum
1296 3514 1702 3567 arbitrabantur
1735 3515 2048 3585 magistrum

2154 3503 2358 3558 ἀνωθεν
2391 3501 2552 3572 χάρις
2575 3499 2857 3572 ἐπινεύσῃ,
2893 3498 3009 3552 ἀλλ’
3039 3500 3137 3568 ούχ
3161 3498 3236 3561 ὡς
3263 3497 3419 3563 Θεὸν,
3460 3498 3555 3551 καὶ
3590 3499 3733 3551 κατὰ

479 3618 637 3659 suum
670 3618 795 3658 cum
822 3602 973 3656 omni
1013 3612 1283 3671 potestate
1307 3614 1362 3656 et
1386 3603 1631 3658 dominio
1656 3604 1841 3658 divina
1897 3604 2051 3674 signa

480 3695 1065 3763 patrarezquocirca,
1130 3708 1252 3748 cum
1314 3696 1534 3748 unicum
1595 3704 1805 3750 tantum
1866 3710 2051 3750 secum

479 3799 677 3855 panem
727 3786 1046 3847 attulerant,
1112 3786 1203 3838 ubi
1250 3799 1375 3837 eum
1415 3786 1696 3839 audissent
1736 3787 2050 3840 dicentem:

485 3892 508 3925 ι
536 3874 805 3927 Cavereut
832 3887 861 3925 a
888 3871 1155 3927 fermento
1186 3872 1609 3938 Pharisaeorum,
1651 3891 1670 3925 ι
1699 3890 1824 3928 cum
1860 3875 2054 3943 nequi-

482 3974 623 4028 rent,
664 3965 808 4032 quod
830 3963 1093 4025 diximus,
1122 3977 1340 4032 capere,
1378 3965 1520 4032 quod
1548 3980 1615 4018 ex
1635 3964 1816 4033 seipso
1841 3979 2054 4032 semper

481 4071 581 4126 pro
627 4069 842 4109 summa
898 4062 1167 4123 potestate
1222 4065 1430 4123 poterat
1474 4056 1660 4109 omnia
1716 4071 1838 4123 qua:
1881 4056 2054 4110 voluit

482 4150 682 4212 facere,
718 4148 768 4199 in
804 4145 1246 4215 disquisitionem
1273 4146 1420 4199 illam
1445 4146 1715 4200 devenere
1744 4146 1886 4201 unde
1935 4148 2050 4201 ale-

432 4251 436 4256 '
483 4245 686 4290 rentur.
717 4230 832 4289 Hoc
862 4235 1113 4290 incusato
1138 4235 1543 4291 Dominusnon
1572 4236 1771 4305 injuria
1796 4238 2050 4291 duritiem

481 4328 589 4381 illis
642 4327 895 4396 imputat,
940 4328 1084 4396 quod
1131 4329 1373 4381 nomium
1423 4328 1618 4382 divinae
1657 4338 1865 4383 natura:
1921 4344 2054 4385 con-

479 4433 673 4488 gruam
733 4428 790 4472 et
836 4418 1138 4473 humanum
1195 4419 1479 4474 modulum
1528 4430 1927 4491 transgressam
1984 4423 2053 4479 de

480 4516 600 4579 ipso
623 4510 934 4579 opinionem
970 4520 1276 4566 tuerentur.

551 4602 879 4670 QUAESTIO
916 4602 1075 4659 ccix
1127 4601 1765 4675 [geisLALCCXXXVIIL
1813 4606 1978 4664 Taur.

1105 4672 1411 4746 CCXXIX].

579 4766 768 4822 Eidem
804 4766 1098 4832 dubitanti,
1141 4768 1237 4820 «At
1272 4768 1373 4835 ipsi
1399 4786 1502 4821 non
1534 4769 1922 4825 intellexerunt.
1957 4789 1974 4822 ι

2154 3598 2334 3648 πᾶσαν
2350 3593 2599 3660 ἐξουσίαν
2628 3590 2724 3645 καὶ
2739 3591 3057 3662 κυριότητα,
3084 3592 3176 3643 τὸν
3203 3590 3519 3644 διδάσκαλον
3548 3591 3733 3642 αὐτῶν

2152 3685 2420 3739 ἐπιτελεῖν
2446 3684 2545 3746 τὰς
2575 3683 2921 3753 θεοσημείας,
2962 3681 3212 3751 ἐνόμιζον
3243 3697 3257 3711 ⁸
3303 3680 3369 3734 δι’
3393 3681 3423 3734 ὃ
3462 3683 3560 3734 καὶ
3590 3682 3733 3752 πλὴν

2154 3781 2271 3842 ἑνὸς
2326 3778 2401 3849 μὴ
2456 3778 2909 3846 συνεπιφέροντες
2963 3777 3178 3838 ἑαυτοῖς
3231 3774 3449 3845 ἄρτους,
3496 3777 3734 3846 ἐπείπερ

2152 3871 2389 3941 ἤκουσαν
2432 3870 2563 3940 παρ’
2596 3867 2783 3931 αὐτοῦ,
2816 3868 3102 3937 προσέχειν
3123 3866 3231 3920 ἀπὸ
3254 3866 3353 3937 τῆς
3396 3868 3576 3938 ζύμης
3626 3868 3734 3920 τῶν

2151 3960 2480 4030 Φαρισαίων,
2530 3960 2630 4013 ούκ
2676 3959 2914 4030 ἔχοντες,
2946 3959 3082 4029 ὅπερ
3132 3958 3380 4027 ἔφημεν,
3413 3960 3490 4021 ὡς
3542 3959 3604 4022 ἐξ
3638 3962 3735 4011 αὺ-

2153 4053 2270 4115 τοῦ,
2302 4054 2398 4106 καὶ
2419 4053 2527 4117 ἀεὶ,
2578 4053 2675 4105 καὶ
2707 4053 2995 4113 αύθεντίας
3039 4051 3231 4123 κράτει
3265 4051 3491 4114 δυνατός
3516 4054 3673 4105 ἐστιν
3700 4053 3735 4105 ἀ

2155 4144 2400 4215 βούλεται
2434 4144 2715 4214 πράττειν,
2744 4146 2823 4206 είς
2844 4144 3231 4213 διαλογισμοὺς
3271 4142 3365 4195 τοῦ
3389 4143 3508 4205 πῶς
3533 4144 3602 4196 ἂν
3627 4144 3731 4196 δια·

2153 4239 2411 4306 τραφεῖεν
2451 4236 2835 4308 ἀπηνέχθησαν
2869 4252 2883 4267 ο
2940 4239 3036 4289 καὶ
3078 4236 3241 4288 τοῦτο
3283 4237 3678 4305 αἰτιασάμενος
3708 4241 3736 4288 ὁ

2152 4326 2450 4396 Δεσπότης,
2481 4326 2562 4379 ὃτι
2593 4329 2667 4397 μή
2701 4345 2784 4380 πω
2809 4328 3087 4399 θεοπρεπῆ
3125 4330 3220 4379 καὶ
3246 4329 3350 4381 τῶν
3372 4328 3735 4399 ἀνθρωπίνων

2154 4419 2591 4488 ύπερανέχουσαν
2616 4420 2849 4491 μέτρων,
2891 4424 2991 4492 τὴν
3025 4426 3155 4493 περὶ
3185 4421 3350 4475 αὑτοῦ
3376 4421 3537 4487 δόξαν
3566 4424 3733 4491 ἐκτή-

2154 4524 2336 4575 σαντο,
2383 4508 2605 4571 εἰκότως
2646 4508 2829 4571 αὐτοῖς
2897 4511 2996 4580 τὴν
3040 4512 3299 4581 πώρωσιν
3367 4512 3731 4564 ἐπεκάλεσεν.

2706 4601 3041 4655 ΕΡΩΤῙΙΣΙΣ
3068 4604 3185 4659 ΣΘ’.

2159 4776 2243 4842 Τῷ
2279 4778 2440 4845 αὐτῷ
2460 4779 2784 4848 ἀποροῦντι
2808 4796 2821 4809 ·
2861 4799 2878 4830 ι
2916 4780 3024 4834 Καὶ
3046 4781 3215 4834 αὐτοὶ
3242 4780 3314 4835 οὐ
3344 4782 3669 4838 συνίεσαν.
3709 4800 3729 4833 ι

1153 4880 1296 4930 Edita
1317 4895 1343 4931 a
1368 4879 1666 4933 Montacutio
1690 4884 1792 4946 (ep.
1819 4883 1878 4935 76
1900 4885 1957 4933 ad
1982 4883 2239 4938 Euschem.
2266 4904 2317 4952 p.
2342 4891 2474 4953 125).
2494 4917 2554 4927 -
2575 4891 2631 4941 In
2661 4890 2777 4941 Luc.
2801 4906 2936 4953 xviu,
2974 4892 3053 4941 5t.

549 4990 748 5047 Iterum
780 4989 1021 5054 dubitas,
1051 5004 1105 5046 et
1132 4991 1459 5063 interrogas,
1495 4993 1647 5049 Unde
1684 4994 1867 5060 ﬂebat,
1903 4997 2046 5065 quod
2074 5007 2128 5066 Ι)

473 5099 598 5136 cum
634 5082 901 5137 Dominus
951 5082 1113 5152 plane
1151 5092 1205 5138 et
1248 5086 1530 5154 perspicue
1566 5086 1851 5155 discipulis
1888 5102 2050 5141 enar-

477 5180 557 5224 ret
584 5174 943 5227 contumelias
992 5188 1130 5243 quas
1168 5175 1237 5229 ab
1268 5176 1578 5231 hominibus
1618 5192 1881 5246 passurus
1912 5190 2049 5246 erat,

477 5261 684 5331 plagas,
708 5277 947 5328 crucem,
983 5274 1236 5331 mortem,
1276 5267 1380 5335 ipsi
1414 5277 1594 5324 tamen
1634 5286 1740 5325 non
1774 5273 2053 5330 intellexe-

477 5352 641 5406 runt?
677 5353 752 5407 Ita
783 5355 926 5408 enim
960 5355 1169 5426 inquit:
1212 5375 1231 5409 ι
1260 5358 1327 5412 At
1369 5359 1470 5429 ipsi
1512 5378 1618 5415 non
1660 5364 2049 5436 intelligi-bant,

475 5453 529 5499 et
577 5456 697 5500 erat
749 5448 853 5503 hoc
884 5451 1109 5504 verbum
1143 5450 1212 5505 ab
1247 5452 1379 5522 ipsis
1410 5456 1763 5522 occultatum,
1798 5473 1897 5513 nec
1928 5475 2049 5528 quae

476 5537 797 5593 dicebantur
829 5543 1223 5614 percipiebaut.
1258 5564 1275 5596 ι
1314 5543 1393 5599 Tu
1416 5558 1597 5601 autem
1633 5548 1763 5603 illud
1795 5550 1929 5604 mibi
1954 5566 2047 5606 co-

476 5627 664 5696 gitato,
704 5630 847 5698 quod
876 5629 1134 5686 Servator
1164 5644 1218 5686 ut
1261 5633 1503 5689 redderet
1560 5638 1831 5692 acutiores
1879 5638 2047 5694 disci-

2236 4999 2487 5073 Ἀπορεῖς
2524 5000 2686 5054 πάλιν
2722 5003 2817 5054 καὶ
2855 5002 3137 5073 διερωτᾷς,
3174 5000 3294 5065 πῶς
3326 5002 3422 5056 τοῦ
3454 5005 3735 5057 Δεσπότου

2146 5090 2354 5162 τρανῶς
2414 5095 2507 5145 καὶ
2538 5094 2723 5161 σαφῶς
2768 5096 2880 5157 τοῖς
2910 5096 3179 5165 μαθηταῖς
3240 5096 3732 5163 προαγγέλλοντος,

2147 5185 2244 5243 τὰς
2278 5182 2337 5246 ἐξ
2358 5182 2660 5255 ἀνθρώπων
2706 5182 2914 5254 ὕϐρεις,
2946 5184 3042 5237 καὶ
3085 5184 3186 5248 τὰς
3224 5186 3468 5256 πληγὰς,
3506 5187 3605 5238 καὶ
3638 5188 3735 5239 τὸν

2152 5276 2407 5345 σταυρὸν,
2439 5277 2534 5329 καὶ
2562 5275 2656 5330 τὸν
2691 5276 2943 5343 θάνατον,
2983 5276 3139 5331 αὐτοὶ
3184 5276 3246 5329 ού
3280 5276 3548 5347 συνῄεσαν
3580 5295 3596 5308 ο
3638 5278 3735 5331 καὶ

2149 5369 2256 5441 γάρ
2312 5386 2468 5439 φησι,
2516 5389 2535 5422 ι
2595 5371 2707 5424 Καὶ
2765 5370 2918 5423 αὐτοὶ
2964 5371 3026 5423 ού
3089 5371 3330 5440 συνῆκαν
3360 5387 3375 5402 ·
3420 5370 3515 5425 καὶ
3554 5366 3625 5442 ἦν
3675 5372 3734 5423 τὸ

2159 5462 2309 5531 ῥῆμα
2338 5461 2498 5514 τοῦτο
2552 5461 2933 5532 κεκρυμμένον
2965 5460 3060 5514 ἀπ’
3088 5461 3288 5527 αὐτῶν,
3347 5462 3440 5514 καὶ
3482 5463 3586 5515 ούκ
3620 5462 3731 5529 ἐγξο

2155 5569 2362 5612 νωσκον
2390 5552 2459 5606 τὰ
2490 5551 2779 5623 λεγόμενα.
2828 5570 2846 5603 ι
2900 5553 3041 5605 Ἀλλ’
3072 5554 3249 5606 ἐκεῖνό
3282 5571 3373 5623 μοι
3418 5554 3613 5616 ἐννόει,
3654 5556 3728 5607 ὅτι

2155 5646 2249 5698 καὶ
2284 5646 2409 5707 τοὺς
2446 5644 2693 5715 μαθητὰς
2731 5647 2760 5698 ὁ
2789 5646 2980 5715 Σωτὴρ
3005 5644 3290 5717 ὀξυτέρους
3322 5646 3515 5712 ποιῶν,
3543 5646 3717 5699 mild-
