3902 6212
232 244 338 307 957

1062 245 1163 305 AD
1205 245 1798 306 AMPHILOCHIUM
1837 245 2183 318 QUIESTIO
2217 246 2637 308 CCVIII-CCX.

3380 253 3487 320 958

231 373 322 417 κις
381 352 566 417 αὐτοῖς
606 353 666 406 ἐν
707 349 1045 423 παραϐολαῖς
1100 351 1299 405 ἐλάλει.
1356 354 1465 407 Καὶ
1509 352 1591 404 ὅτι
1629 352 1813 406 καὶτὸ

1921 353 2096 423 pulos,
2133 351 2474 422 frequentius
2510 354 2659 423 ipsos
2696 352 2753 408 in
2787 353 3061 423 parabolis
3088 356 3487 429 alloquebatur,

232 447 467 518 πρᾶγμα
504 440 574 516 ἦν
614 443 791 507 ἄλλως
831 441 1151 513 παράδοξον,
1178 444 1404 514 νεκροὺς
1427 444 1681 512 ἐγείρειν,
1715 444 1811 495 καλ⁵

232 536 513 607 βασιλείαν
570 535 742 587 ἀΐδιον
806 533 1196 600 ἐπαγγέλλειν,
1248 533 1342 585 καὶ
1402 534 1628 587 θάνατον
1684 526 1817 586 ἴδιον

231 626 648 698 προαγγέλλειν.
709 625 785 677 Οὐ
815 627 974 694 μόνον
1003 623 1082 690 δέ,
1109 622 1225 676 ἀλλ’
1257 624 1338 677 ὅτι
1366 626 1540 678 καὶτὸ
1564 626 1699 697 πρὸς
1720 626 1813 679 τὸν

229 716 551 770 διδάσκαλον
601 718 715 778 τοῖς
756 715 1027 785 μαθηταῖς
1082 715 1324 786 φίλτρον,
1355 715 1433 787 τῷ
1478 716 1655 786 χρόνῳ
1708 718 1811 786 ἢδη

232 808 542 882 ἐρῤώννυτο
564 808 660 862 καὶ
681 806 956 877 ἐνήκμαζε
984 808 1077 861 καὶ
1110 807 1284 860 δεινὸν
1311 809 1503 861 παθεῖν
1530 808 1682 861 οὐδὲν
1712 808 1811 861 αὐ-

231 904 323 956 τὸν
352 902 560 974 ἤθελον.
622 902 686 953 '0
710 900 765 953 δέ
794 918 876 963 τις
904 901 965 953 οὐ
998 900 1269 971 βούλεται,
1306 902 1460 970 μόλις
1508 900 1599 954 καὶ
1638 901 1812 971 παρὸν

232 992 595 1061 ἐφεστηκέναι
620 991 951 1044 συντίθεται.
1012 992 1111 1045 Διὰ
1144 991 1315 1045 ταῦτα
1338 992 1538 1055 πάντα,
1565 992 1809 1060 παραϐο-

233 1086 334 1156 λήν
361 1101 503 1149 τινα,
547 1084 639 1137 καὶ
662 1084 721 1137 οὐ
748 1083 859 1135 τῶν
888 1083 1166 1153 δυσχερῶν
1211 1084 1436 1137 ἐκείνων
1468 1084 1812 1155 προαγόρευ-

237 1193 342 1240 σιν,
365 1176 435 1228 τὰ
455 1175 585 1246 περὶ
608 1174 703 1228 τοῦ
729 1176 935 1239 πάθους
965 1175 1217 1246 ἐνόμιζον
1251 1178 1302 1229 οἱ
1357 1176 1649 1230 ἀπόστολοι
1668 1217 1682 1241 ,
1716 1178 1810 1229 καὶ

232 1266 321 1319 διὰ
350 1264 509 1319 τοῦτο
550 1265 807 1329 συνιέναι,
832 1267 937 1320 κᾶν
973 1268 1147 1330 ἄλλως
1178 1267 1325 1335 σαφῆ
1356 1268 1450 1320 καὶ
1484 1269 1691 1338 φανερὰ
1718 1262 1806 1338 ἦν,

233 1359 336 1411 οὐκ
359 1358 642 1429 ἠδύναντο,
666 1359 867 1428 μᾶλλον
891 1359 945 1413 δὲ
970 1361 1071 1413 οὐκ
1101 1359 1401 1423 ἐϐούλοντο,
1427 1362 1495 1414 τὰ
1521 1360 1808 1430 λεγόμενα.

237 1452 379 1506 Εἱδέ
402 1452 497 1505 καὶ
517 1452 581 1505 τὸ
615 1452 714 1521 τῆς
742 1451 1013 1521 ἐγέρσεως
1042 1452 1224 1515 αὐτοῖς
1254 1455 1635 1520 προσεπινοεῖν
1694 1452 1811 1505 ἐθε-

236 1544 443 1615 λήσεις,
469 1545 704 1616 πρᾶγμα
736 1544 921 1613 μεῖζον
944 1544 1043 1614 μὲν
1079 1543 1332 1610 πίστεως,
1356 1545 1451 1597 καὶ
1492 1544 1615 1597 καθ’
1650 1544 1811 1597 ἑαυτὸ

237 1636 721 1705 διασκοπούμενον,
748 1636 963 1706 ἔγερσις
991 1636 1435 1707 αὑτουργουμένη
1468 1636 1544 1705 τῷ
1559 1636 1809 1706 τελευτή-

1914 453 2029 497 tum
2060 445 2205 513 quod
2242 445 2574 513 paradoxum
2606 454 2744 512 erat,
2781 455 3029 501 mortuos
3055 450 3401 517 resuscitare,
3433 465 3490 509 et

1912 551 2138 604 regnum
2172 538 2433 591 caelorum
2464 538 2732 607 polliceri,
2764 547 2817 592 et
2838 540 3114 608 propriam
3139 541 3310 611 ipsius
3339 559 3489 599 mor-

1914 634 2022 681 tem
2059 629 2378 698 praedicare.
2410 628 2519 684 Nec
2565 629 2667 684 ista
2701 639 2909 684 tantum
2938 670 2952 693 ,
2992 632 3086 687 sed
3140 649 3263 688 cum
3320 636 3486 691 etiam

1913 720 2057 788 apud
2087 719 2384 789 discipulos
2411 734 2568 775 amor
2610 734 2737 791 erga
2780 721 3098 790 magistrum
3148 738 3306 778 suum
3358 741 3489 795 pro-

1912 827 2103 883 gressu
2137 814 2396 883 temporis
2428 813 2815 880 roboraretur,
2866 824 2920 870 et
2969 816 3209 883 ﬂoreret,
3249 828 3304 874 ut
3352 820 3489 873 nihil

1913 902 2065 955 illum
2097 917 2261 972 grave
2311 904 2517 972 perpeti
2553 904 2773 958 vellent.
2807 903 2963 971 Quod
2994 922 3123 960 vero
3157 909 3282 977 quis
3329 911 3486 973 nolit,

1913 991 2003 1046 vix
2036 993 2200 1047 etiam
2238 1009 2362 1048 cum
2398 994 2665 1047 incumbit
2707 995 2977 1049 instanter
3027 995 3338 1051 adfuturum
3390 1014 3489 1067 ap-

1912 1085 2250 1154 prehendere
2283 1094 2483 1155 potest.
2522 1086 2647 1141 ldeo
2695 1086 3007 1155 parabolam
3057 1089 3373 1157 quamdam,
3438 1100 3492 1143 et

1913 1194 2021 1232 non
2062 1178 2645 1245 praedenuntiationem
2677 1179 2946 1231 malorum
2992 1182 3354 1245 quorumdam
3409 1183 3494 1234 ll.-

1912 1271 2347 1331 tolerandornm.
2409 1287 2528 1341 quae
2585 1271 2899 1341 passionem
2952 1272 3123 1337 ipsius
3178 1275 3487 1343 tangeliant,

1912 1363 2172 1417 rebantur
2210 1363 2466 1433 apostoli.
2495 1364 2763 1429 Quocirca
2798 1365 2885 1417 illa
2919 1364 3216 1434 intelligere
3246 1383 3351 1422 non
3395 1384 3492 1435 p0-

1913 1463 2112 1519 teranl,
2148 1456 2271 1510 licet
2302 1456 2422 1510 aliis
2453 1464 2636 1524 aperta
2674 1465 2860 1509 essent
2906 1464 2956 1510 et
3009 1456 3297 1527 perspicua
3321 1498 3337 1523 ,
3396 1469 3491 1513 aut

1912 1545 2094 1615 potius
2127 1544 2215 1598 illa
2246 1545 2545 1614 intelligere
2578 1545 2856 1599 nolebant.
2888 1544 3044 1610 Quod
3080 1548 3122 1600 si
3185 1548 3269 1601 his
3299 1551 3493 1620 adjun-

1915 1650 2039 1703 gere
2075 1634 2314 1690 volueris
2359 1636 2799 1690 resuscitalionis
2845 1638 3120 1706 negotium
3148 1680 3164 1705 ,
3226 1656 3341 1693 rem
3390 1641 3493 1694 lide

239 1746 395 1783 σαντι
418 1743 433 1759 ο
463 1729 698 1798 μάλιστα
717 1728 775 1783 δέ
816 1728 956 1797 μετὰ
990 1728 1099 1781 τῶν
1134 1728 1309 1781 ἄλλων
1343 1725 1685 1798 σκυθρωπῶν
1721 1729 1815 1781 καὶ

1921 1726 2204 1795 majorem,
2245 1742 2338 1796 per
2385 1728 2621 1795 seipsam
2665 1726 3091 1794 consideratam,
3134 1730 3492 1782 resurrectio-

248 1820 316 1873 ἐκ
384 1820 678 1890 διαμέτρου
739 1818 1064 1891 μαχομένων
1134 1818 1675 1890 συμπαρατιθέμενον
1724 1819 1821 1871 καὶ

236 1908 766 1979 προαγγελλόμενον,
792 1908 977 1963 οὐκέτι
1033 1907 1167 1961 διότι
1218 1908 1295 1977 μὴ
1342 1905 1636 1978 συνῄεσαν,
1680 1907 1817 1970 ὅλως

237 2001 568 2073 ἀπορήσεις.

801 2200 1135 2255 ΕΡΩΤΗΣΙΣ
1154 2200 1252 2254 ΣΡ.

1919 1831 2041 1870 nem
2071 1816 2139 1870 ab
2179 1817 2409 1885 ipsumet
2451 1816 2709 1871 defuncto
2752 1828 3133 1887 procuratatn,
3189 1835 3491 1890 agnosees;

1916 1907 2093 1977 magis
2119 1918 2298 1961 autem
2332 1908 2375 1961 si
2426 1916 2799 1976 comparatum
2848 1924 2973 1962 cum
3017 1908 3138 1962 aliis
3167 1910 3491 1978 quibusdam

1918 1999 2193 2069 tristibus,
2234 2007 2287 2051 et
2320 2014 2350 2051 e
2383 1999 2650 2051 diametro
2684 2001 3055 2068 pugnantibus
3090 2002 3493 2067 pt'atannunt'tc-

1912 2099 2022 2153 tur,
2059 2106 2401 2160 nequaquam
2436 2090 2749 2143 diﬂiteberis
2780 2106 2874 2145 eos
2909 2092 3209 2160 ignorasse.

1916 2203 2240 2271 QUIESTIO
2266 2204 2400 2261 CCX
2430 2203 2618 2276 [CoisL
2643 2204 2973 2269 CCXXXIX,
3018 2204 3162 2259 Taur
3205 2204 3490 2279 CCXXX].

530 2342 671 2394 Edita
702 2358 728 2393 a
752 2342 1048 2393 Montacutio
1069 2348 1170 2405 (ep.
1199 2341 1279 2403 77,
1311 2341 1370 2390 ad
1396 2341 1653 2405 lgnatium,
1676 2355 1726 2404 p.
1748 2342 1856 2403 125,
1882 2342 2014 2405 126).
2038 2369 2101 2381 —
2122 2344 2174 2393 ιη
2194 2343 2341 2393 verba
2362 2344 2531 2392 Matth.
2557 2357 2637 2401 ιιι,
2668 2343 2726 2401 9;
2760 2340 2878 2390 Luc.
2904 2356 2977 2400 ιιι,
3000 2340 3030 2389 8
3058 2340 3199 2403 (82').

308 2448 403 2515 Τὸ,
466 2469 485 2503 ι
520 2450 758 2505 Δύναται
805 2454 833 2505 ό
858 2453 989 2517 Θεὸς
1023 2455 1116 2507 καὶ
1158 2455 1222 2508 ἐκ
1253 2452 1363 2507 τῶν
1415 2452 1578 2505 λίθων
1609 2450 1815 2504 τούτων

235 2540 450 2611 ἐγεῖραι
487 2542 748 2614 τέκνατῷ
786 2543 1065 2615 Ἀϐραὰμ,
1103 2564 1121 2596 ι
1161 2546 1209 2598 οἱ
1239 2546 1335 2616 μὲν
1365 2545 1473 2616 πρὸ
1501 2544 1656 2614 ἡμῶν
1689 2542 1816 2607 τοὺς

235 2631 301 2696 ἐξ
324 2632 492 2685 ἐθνῶν
528 2637 959 2699 πεπιστευκότας
987 2633 1358 2707 ἐξειλὴφασιν,
1399 2636 1449 2689 οἳ
1504 2637 1599 2688 καὶ
1626 2676 1640 2699 ,
1676 2636 1817 2687 κατὰ

236 2723 423 2787 λίθους
466 2728 562 2779 καὶ
605 2731 835 2797 πέτρας,
896 2731 1312 2799 πεπωρωμένην
1354 2730 1447 2781 καὶ
1490 2728 1818 2797 ἀναίσθητον

239 2819 342 2889 τὴν
376 2820 605 2887 καρδίαν
647 2820 864 2890 ἔχοντες
899 2820 971 2891 (τί
1004 2821 1111 2890 γὰρ
1147 2822 1264 2886 τοῦ,
1295 2821 1461 2884 λίθοις
1496 2823 1589 2873 καὶ
1632 2819 1809 2884 ξύλοις

240 2915 590 2981 προσκυνεῖν,
619 2914 698 2975 είς
734 2912 993 2983 πώρωσιν
1019 2915 1114 2966 καὶ
1141 2914 1500 2982 ἀναισθησίαν
1538 2912 1819 2966 ἀτοπώτε-

244 3019 338 3073 ρον
362 3006 425 3072 ;),
467 3006 638 3075 ὅμως,
677 3003 888 3058 ἐκεῖθεν
920 3006 1327 3078 διαῤῥαγέντες,
1358 3008 1438 3065 είς
1480 3006 1702 3076 σπέρμα
1744 3004 1823 3075 τῷ

254 3092 508 3163 ’Δὸραὰμ
560 3094 649 3148 διὰ
677 3093 777 3164 τῆς
805 3093 1040 3158 πίστεως
1094 3094 1492 3160 ἐξανίστανται.
1544 3094 1607 3147 Εἱ
1639 3094 1695 3147 δὲ
1728 3094 1822 3147 καὶ⁸

240 3187 341 3257 τῆς
381 3185 578 3251 λέξεως
620 3190 796 3241 εἰπεῖν
835 3188 1055 3258 καὶτῆς
1095 3188 1335 3256 ἱστορίας
1384 3186 1679 3257 ἐγγύτερον
1724 3187 1822 3239 οὐκ

1988 2452 2123 2507 illud
2146 2491 2160 2516 ,
2200 2471 2219 2503 ι
2250 2451 2437 2507 Potest
2470 2454 2612 2505 Deus
2647 2450 2733 2505 vel
2767 2465 2797 2503 e
2831 2449 3101 2519 lapidibus
3143 2447 3261 2501 istis
3294 2446 3496 2500 liberos

1918 2545 2231 2599 Abrahamo
2266 2544 2533 2599 suscitare
2559 2583 2574 2607 ,
2609 2563 2627 2594 ο
2666 2552 2796 2597 sunt
2825 2558 2889 2596 ex
2919 2541 3160 2609 antiquis
3201 2538 3366 2607 aliqui
3402 2537 3496 2605 qui

1920 2637 2227 2691 retulerunt
2258 2636 2324 2690 ad
2351 2636 2636 2690 credentes
2668 2650 2697 2688 e
2726 2634 3001 2704 gentibus,
3037 2631 3129 2702 qui
3164 2646 3421 2684 saxorum
3443 2638 3499 2684 et

1920 2734 2198 2795 petrarum
2255 2739 2405 2778 more
2456 2724 2621 2778 corda
2682 2723 2954 2777 habebant
3005 2722 3292 2777 obdurata.
3356 2719 3497 2787 Quid

1920 2818 2065 2871 enim
2092 2817 2267 2887 magis
2300 2816 2620 2881 absurdum,
2651 2832 2814 2884 quain
2847 2815 3130 2869 obfirmate
3160 2823 3213 2867 et
3252 2814 3369 2867 sine
3400 2829 3503 2883 pu-

1921 2908 2075 2971 dore,
2116 2909 2323 2978 lapides
2373 2918 2426 2961 et
2466 2908 2611 2978 ligna
2672 2907 2937 2961 adorare?
2966 2905 3031 2960 Et
3061 2915 3239 2959 tamen
3291 2905 3359 2959 ab
3399 2905 3501 2959 hac

1918 2999 2314 3056 consuetudine
2346 2999 2605 3053 abstracti
2645 3014 2741 3068 per
2773 2998 2955 3061 ﬁdem,
2986 2997 3039 3050 in
3064 3012 3248 3051 semen
3269 2997 3501 3051 Abraha:

1919 3098 2260 3161 consurgunt
2287 3090 2573 3145 homines:
2601 3089 2684 3144 sin
2712 3098 2892 3143 autem
2924 3103 3030 3143 non
3060 3099 3143 3142 est
3180 3087 3500 3157 improban-

1920 3182 2050 3237 dum
2087 3181 2234 3237 aliud
2257 3222 2274 3247 ,
2322 3182 2466 3252 quod
2502 3197 2626 3235 cum
2666 3180 2849 3235 verbis
2888 3188 2939 3234 et
2972 3179 3231 3233 historica
3275 3178 3501 3233 veritate

241 3275 519 3346 ἀδόκιμον,
548 3276 654 3330 οὐδ’
684 3279 860 3329 ἐκεῖνο
886 3279 1213 3347 παροπτέον,
1268 3277 1348 3329 ὅτι
1373 3277 1434 3328 τὸ
1460 3276 1700 3349 ἄρρητον
1721 3278 1815 3330 καὶ

1921 3274 2142 3344 propius
2163 3284 2246 3329 est
2266 3274 2641 3345 conjunctum,
2660 3274 2895 3338 edicere,
2921 3287 3025 3326 non
3047 3280 3128 3326 est
3154 3272 3377 3340 insuper
3402 3270 3501 3342 ba.-
3562 3310 3569 3315 .

243 3367 524 3438 ὑπερφυὲς
582 3370 677 3420 καὶ
728 3369 1068 3439 παντουργὸν
1118 3369 1213 3421 καὶ
1267 3368 1671 3438 παντοδύναμον
1720 3369 1820 3439 τῆς

244 3458 776 3529 θείαςδβουλήσεως,
837 3461 865 3511 ό
920 3460 1235 3530 Βαπτιστὴς
1295 3463 1650 3530 παραστῆσαι
1692 3461 1818 3530 βου-

243 3551 492 3622 λόμενος,
539 3550 713 3605 ταῦτα
757 3552 1061 3619 ἐφθέγξατο
1110 3567 1124 3581 ο
1160 3552 1336 3604 ἐκεῖνο
1377 3551 1692 3621 ὑπωηλῶν,
1738 3554 1821 3605 ὃτι

243 3646 434 3716 ῶσπερ
478 3645 778 3715 καταρχὰς,
817 3643 1096 3714 βουληθεὶς
1135 3645 1165 3696 ὁ
1208 3643 1370 3706 Θεὸς,
1430 3644 1495 3695 ἐκ
1528 3641 1700 3712 πηλοῦ
1731 3643 1821 3695 τὸν

244 3739 531 3809 ἄνθρωπον
558 3738 903 3801 διεπλάσατο,
921 3736 1063 3790 οὓτω
1091 3737 1185 3790 καὶ
1210 3734 1307 3788 νῦν
1329 3737 1393 3788 ἐκ
1411 3737 1518 3789 τῶν
1544 3735 1822 3804 συγγενῶν

244 3828 409 3881 λίθων
436 3826 532 3882 καὶ
591 3827 923 3897 όμοστοίχων
947 3826 1025 3897 τῷ
1076 3827 1251 3896 πηλῷ,
1288 3827 1438 3896 ῥᾷον,
1485 3828 1533 3878 εἱ
1582 3825 1823 3897 βούλοιτο

250 3920 630 3991 μεταπλάσας,
656 3922 734 3983 εἱς
759 3921 979 3990 σπέρμα
998 3919 1093 3971 καὶ
1108 3921 1270 3971 τέκνα
1286 3918 1363 3989 τῷ
1388 3918 1661 3990 Ἀόραὰμ,
1688 3921 1821 3973 ἁνα-

252 4015 490 4085 στήσειε.
531 4014 602 4066 Σὺ
637 4013 695 4066 δέ
739 4031 828 4083 μοι
884 4014 979 4065 καὶ
1019 4013 1199 4081 τρίτον
1229 4014 1421 4077 ἐννόει,
1451 4012 1560 4067 τῶν
1593 4012 1819 4082 εἰρημέ-

251 4122 379 4167 νων,
410 4104 496 4157 ἱνα
536 4104 613 4174 μὴ
652 4103 794 4171 λέγω
823 4104 1137 4174 ἐγγύτερον,
1164 4103 1273 4156 οὐδ’
1309 4104 1495 4175 ἑτέρου
1551 4105 1689 4166 τέως
1720 4120 1822 4173 μα-

244 4196 541 4266 κρότερονο
572 4195 648 4259 ὼς
676 4194 737 4260 ἐξ
761 4196 986 4248 ἐκείνων
1014 4194 1121 4248 τῶν
1181 4194 1368 4259 λίθων,
1416 4194 1508 4259 οὓς
1532 4197 1558 4248 ὁ
1586 4195 1821 4267 Προδρο-

247 4305 351 4360 μος
396 4289 725 4352 ὑποδεικνὺς
758 4288 934 4357 ἔλεγε,
978 4307 997 4341 ι
1046 4288 1279 4342 Δύναται
1308 4290 1337 4341 ὁ
1363 4288 1496 4351 Θεὸς
1532 4290 1596 4341 ἐκ
1617 4288 1823 4340 τούτων

245 4384 459 4452 ἐγεῖραι
482 4382 651 4437 τέκνα
679 4380 758 4453 τῷ
793 4380 1063 4453 Ἀϐραὰμ,
1094 4399 1113 4431 ι
1153 4380 1241 4434 ἐπ’
1283 4381 1467 4443 αὐτοῖς
1495 4379 1678 4451 ἔργοις
1705 4379 1822 4433 ἐστι

246 4474 568 4541 θεάσασθαι,
616 4475 713 4527 καὶ
744 4473 914 4527 τέκνα
940 4474 1018 4545 τῷ
1058 4472 1314 4544 Ἀϐραὰμ
1342 4472 1698 4542 ἀνιστάμενα,
1727 4473 1821 4524 καὶ¹

243 4567 662 4638 περατουμένην
691 4566 792 4635 τὴν
819 4567 1145 4638 πρόρρησιν.
1196 4566 1323 4618 Ὅτε
1346 4563 1454 4635 γὰρ
1494 4563 1554 4616 τὸ
1595 4562 1691 4616 τοῦ
1731 4563 1822 4614 κό-

248 4675 390 4729 σμου
422 4659 689 4729 σωτήριον
723 4658 956 4710 ἐτελεῖτο
984 4657 1175 4721 πάθος,
1202 4657 1323 4711 τότε
1347 4656 1455 4708 τῶν
1482 4654 1648 4708 λίθων
1680 4653 1826 4706 ἐκεί-

242 4769 350 4805 νων
381 4750 476 4804 καὶ
506 4749 741 4821 πετρῶν,
773 4750 912 4819 μετὰ
938 4750 1046 4802 τῶν
1069 4749 1242 4803 ἄλλων
1261 4789 1276 4813 ,
1306 4747 1661 4818 σχιζομένων,
1692 4745 1818 4797 πολ-

243 4842 330 4895 lui
352 4845 447 4896 καὶ
475 4843 583 4896 τῶν
613 4841 840 4895 ἐθνικῶν
863 4841 1088 4895 καὶτῶν
1116 4840 1406 4904 Ἰουδαίων,
1442 4838 1612 4909 μέσας
1648 4835 1818 4899 αὐτάς

245 4952 349 4989 που
391 4934 493 4998 τὰς
550 4933 965 5005 πεπωρωμένας
1019 4931 1244 5001 καρδίας
1295 4929 1688 5001 διαρῤαγέντες
1740 4926 1818 4995 τῷ

246 5027 512 5097 θαύματι,
542 5028 622 5091 εἱς
650 5027 749 5097 τὴν
764 5024 861 5079 τοῦ
882 5024 1122 5096 Χριστοῦ
1146 5024 1329 5077 πίστιν
1356 5019 1821 5093 ἐθεμελιὼθησαν,

245 5120 346 5174 καὶ
394 5120 505 5173 τῶν
537 5119 746 5171 τέκνων
783 5117 879 5170 τοῦ
922 5116 1196 5188 Ἀὖραὰμ,
1224 5114 1301 5184 τῷ
1327 5131 1385 5165 τε
1415 5113 1561 5181 γένει
1592 5111 1683 5164 καὶ
1712 5114 1824 5173 τοῖς

247 5212 472 5282 κλήροις
517 5211 1000 5279 ἐναπεγράφησαν.
1053 5205 1330 5276 Προῆκταί
1390 5220 1471 5256 σοι
1503 5202 1717 5266 τοίνυν,
1750 5201 1823 5263 ὡς

245 5306 571 5377 ὁρᾷς,ικατά
592 5320 649 5355 τε
690 5303 922 5372 θεωρίαν
951 5301 1045 5353 καὶ
1071 5297 1334 5369 ἱστορίαν,
1362 5297 1395 5367 ἡ
1427 5294 1711 5366 ἑρμηνεία*
1739 5294 1821 5346 δι-

247 5398 393 5469 πλῆν
419 5398 476 5451 δὲ
506 5398 605 5467 τὴν
647 5396 910 5466 ἱστορίαν,
946 5393 1045 5465 τὴν
1084 5393 1183 5463 μὲν
1214 5388 1696 5462 προγεγενημένην
1724 5387 1825 5455 τὴν

1849 4608 1904 4668 D

1920 3368 2157 3423 beudum
2182 3366 2328 3435 quod
2351 3366 2609 3431 divinam,
2630 3365 3074 3429 inenarrabilem,
3108 3370 3497 3434 superuatura—

1921 3458 2048 3521 lem,
2088 3458 2273 3512 omnia
2307 3466 2638 3527 operantem,
2686 3465 2740 3509 et
2766 3455 2949 3509 omnia
2983 3464 3260 3524 potentem
3300 3453 3498 3506 volun-

1925 3558 2115 3614 tatem,
2144 3549 2389 3617 Baptista
2420 3563 2543 3602 eum
2575 3546 2736 3600 vellet
2768 3543 3158 3610 insinuare,ita
3188 3544 3501 3612 prolocutus

1923 3649 2026 3695 est.
2054 3638 2191 3693 Illud
2222 3637 2479 3692 nimirum
2525 3635 2909 3698 subindicans,
2946 3633 3092 3703 quod
3144 3632 3501 3701 quemadmo—

1924 3731 2053 3783 dum
2082 3728 2151 3783 ab
2178 3728 2336 3782 initio
2370 3726 2482 3781 sola
2513 3740 2610 3780 sua
2642 3725 2945 3788 voluntate,
2994 3738 3025 3777 e
3076 3722 3189 3775 luto
3225 3722 3499 3775 hominem

1924 3819 2252 3882 eﬂ‘ormavit,
2284 3819 2360 3872 ita
2392 3826 2445 3871 et
2475 3831 2621 3869 nunc
2650 3816 2816 3869 etiam
2857 3828 2887 3867 e
2923 3811 3327 3883 congeneribus
3352 3811 3502 3865 saxis

1922 3920 1977 3965 et
2000 3911 2084 3965 bis
2113 3908 2463 3979 coaequandis
2494 3906 2672 3969 facile,
2704 3903 2865 3958 modo
2891 3902 3147 3964 voluerit,
3166 3901 3219 3954 in
3239 3916 3421 3954 semen
3446 3910 3502 3955 et

1923 4004 2126 4058 liberos
2157 4002 2467 4054 Abrahamo
2519 3997 2826 4054 suscitabit.
2894 3994 2975 4049 Tu
3027 4003 3206 4049 autem
3248 3992 3499 4047 conside-

1926 4095 2075 4149 rabis
2103 4103 2157 4149 et
2188 4093 2401 4147 tertiam
2432 4091 2829 4160 expositionem
2861 4103 2929 4142 ne
2950 4087 3126 4141 dicam
3162 4087 3497 4155 propriorem

1927 4187 1994 4241 iis
2030 4200 2151 4256 quae
2180 4194 2304 4238 ante
2338 4184 2499 4237 dicta:
2540 4191 2688 4244 sunt,
2740 4190 2883 4233 certe
2916 4187 3097 4232 tamen
3141 4177 3287 4229 nulla
3330 4176 3499 4230 altera

1923 4278 2315 4339 remotiorem;
2347 4274 2491 4345 quod
2522 4288 2552 4328 e
2588 4271 2860 4342 lapidibus
2888 4270 2994 4324 illis
3019 4285 3157 4339 quos
3189 4267 3501 4321 Praeeursor

1924 4372 2092 4442 digito
2123 4367 2463 4423 monstrabat
2489 4367 2711 4429 dicens,
2764 4383 2782 4415 ι
2812 4362 2962 4416 Petis
3010 4370 3093 4417 est
3134 4359 3275 4413 Dens
3322 4358 3402 4413 vel
3433 4373 3498 4411 ex

1924 4464 2047 4518 istis
2076 4460 2348 4530 lapidibus
2383 4460 2651 4512 suscitare
2677 4458 2880 4511 liberos
2902 4455 3245 4517 Abrahamo,
3282 4468 3301 4502 ι
3336 4465 3500 4519 opere

1927 4557 2111 4610 videre
2136 4554 2263 4609 licet
2288 4552 2662 4621 adimpletum,
2689 4550 2892 4603 liberos
2929 4545 3241 4601 Abrahanto
3266 4542 3500 4597 suseita-

1934 4658 2018 4703 tos
2047 4657 2099 4701 et
2134 4644 2542 4715 pradictionem
2588 4640 2695 4694 (ine
2742 4637 3110 4707 adimpletum.
3169 4633 3304 4688 Cum
3351 4632 3496 4686 enini

1923 4740 2109 4811 passio
2132 4738 2221 4791 illa
2252 4737 2458 4790 mundo
2484 4730 2765 4788 salutifera
2792 4728 3175 4796 compleretur,
3200 4735 3311 4777 tum
3346 4724 3497 4776 saxis

1925 4833 2114 4887 illiset
2140 4829 2341 4900 petris,
2397 4842 2504 4880 una
2556 4822 2847 4879 cum'aliis
2894 4820 3151 4889 diruptis,
3202 4817 3358 4870 multi
3387 4826 3497 4869 ctc

1919 4924 2171 4995 gentibus
2200 4930 2256 4975 et
2300 4918 2535 4981 Iudaeis,
2568 4915 2829 4969 habentes
2859 4912 3023 4967 corda
3056 4925 3155 4964 sua
3194 4910 3348 4979 prius
3398 4908 3495 4961 ob-

1918 5016 2133 5076 durata,
2174 5027 2270 5081 per
2294 5009 2532 5064 medium
2560 5007 2776 5061 divulsa
2812 5004 2908 5060 illo
2940 5002 3226 5065 miraculo,
3252 5000 3304 5054 in
3336 4998 3498 5055 Chri-

1922 5110 1989 5162 sti
2021 5108 2182 5162 lidetn
2212 5105 2369 5175 quasi
2404 5104 2456 5157 in
2480 5103 2898 5156 l'inidamentnm
2921 5097 3265 5160 locabantur,
3293 5103 3346 5149 et
3370 5093 3498 5147 [iliis

1922 5201 2174 5265 Abrahae,
2223 5214 2346 5254 eum
2383 5212 2579 5267 genere
2612 5206 2723 5249 tum
2779 5202 2925 5249 sorte
2972 5187 3494 5245 annumerabantur.

1930 5292 2006 5347 lta
2040 5292 2191 5346 vides
2217 5305 2503 5362 quousque
2530 5289 2624 5345 tibi
2667 5287 2929 5359 producta
2968 5292 3054 5342 est
3098 5277 3495 5350 interpretatio,

1931 5394 1985 5438 et
2036 5380 2216 5453 quoad
2267 5380 2808 5452 contemplationem,
2843 5387 2897 5433 et
2944 5372 3125 5447 quoad
3169 5369 3497 5434 historiam;

1752 5520 1986 5577 ΝΟΤᾹΞ.

357 5676 499 5750 (82‘)
534 5673 786 5745 Ejusdem
812 5671 1112 5742 argumenti
1145 5667 1501 5739 quaestionem
1533 5681 1693 5735 supra
1725 5680 1780 5718 n.
1821 5660 1993 5717 XXXI
2020 5660 2166 5718 dedit
2203 5658 2449 5717 Photius.
