3902 6212
426 196 534 264 959

1568 187 1833 250 PHOTII
1869 184 2377 249 PATBIARCHE
2412 182 2521 243 ΟΡ.

3576 172 3681 237 9C0

429 307 714 367 historiam
741 318 909 378 porro
927 304 1222 375 geminam,
1244 301 1649 357 antecedentem
1670 314 1854 364 unam,
1875 302 2008 357 sub-

2116 298 2167 352 δὲ
2191 296 2591 364 ὲπιγεγονυῖαν,
2617 292 2710 347 καὶ
2734 292 2801 344 δι’
2817 289 3106 363 ἑκατέρας,
3136 290 3198 344 τδ
3224 284 3570 378 δημιουργὸν
3588 285 3686 339 καὶ

426 407 744 471 sequentem
772 397 1018 460 alteram,
1048 404 1102 449 et
1130 394 1186 450 in
1226 407 1454 463 utraque
1478 391 1674 446 divinae
1703 390 2000 445 voluntatis

428 490 795 547 conditorium
829 495 1154 559 potestatem
1181 496 1235 544 et
1264 483 1559 555 potentiam
1586 481 1910 539 illimitatam
1941 479 1999 536 in

427 581 619 635 oculos
659 580 1056 633 incurrentem.

430 687 759 758 QUESTIO
810 689 967 745 CCXI
1014 684 1204 760 [CoisL
1241 683 1447 749 CCXL,
1491 683 1653 738 Taur.
1686 678 1995 751 CCXXXﬁ.

433 789 515 842 Ad
541 788 952 857 interrogantem
972 824 987 848 ,
1013 783 1269 853 quomodo
1296 797 1407 857 non
1436 782 1684 857 mentitus
1719 778 2004 857 deprehenf

503 858 651 910 ditur
673 849 880 911 diuinas
894 858 930 908 Α
941 849 1195 922 postolus,
1217 852 1306 921 qui
1330 866 1382 903 se
1396 867 1514 922 cum
1538 849 1569 902 J
1578 853 1926 922 admiratum
1949 854 2001 922 et

502 927 798 981 Romanum
829 916 1070 990 dicebat;
1111 933 1159 975 ει
1184 916 1510 990 αἰἱῃιιαηάο
1531 920 1722 976 dixerit
1756 934 1811 972 se
1847 916 2002 973 Tarsi

502 1008 707 1061 natum,
739 995 1027 1066 aliquando
1051 989 1235 1046 autem
1260 989 1440 1047 Roma
1470 989 1606 1060 (85).

2104 386 2533 457 ἁπειροδύναμον
2581 384 2682 452 τῆς
2750 381 2900 446 θείας
2958 382 3301 453 βουλήσεως,
3362 376 3685 453 θεωρούμε-

2102 496 2212 535 νον.

2622 653 2961 708 ΕΡΩΤΗΣΙΣ
3001 650 3151 706 XIA'.

2102 748 2256 818 Πρὸς
2271 748 2380 803 τὸν
2401 746 2882 818 ἐπερωτήσαντα,
2905 744 3031 811 πῶς
3050 743 3316 818 δυνατὸν
3335 744 3422 818 μὴ
3457 742 3687 818 (μῶν-αι

2176 818 2383 888 ψεύδει
2420 814 2713 888 τὸν-ίθεὶον
2750 817 3113 888 Ἀπόστολον
3151 814 3442 888 Ἰουδαῖον
3466 815 3689 888 ἐαυτῷ·

2180 884 2277 942 καὶ
2337 887 2624 956 Ῥωμαῖον
2654 884 3124 956 ἀποφηνάμενοτ
3166 886 3330 956 Ἀ-καὶ
3366 885 3518 956 ποτὲ

2182 951 2457 1026 Ταρσοὺς(
2478 958 2640 1025 ἔχειν
2671 951 2948 1024 πατρίδα,
2976 951 3125 1008 ποτὲ
3170 953 3242 1007 δὲ
3274 954 3344 1007 ἐν
3370 953 3448 1023 τῇ
3490 954 3686 1023 Ῥώμῃ

2182 1026 2545 1099 γεννηθῆναι
2570 1042 2590 1090 ;

1482 1145 1625 1196 Edita
1650 1158 1676 1193 a
1706 1140 2008 1193 Montacutio
2050 1138 2286 1206 (ερ.102,
2307 1152 2356 1201 ρ.
2389 1136 2636 1198 lis-HS).

504 1254 755 1312 Veritatis
784 1253 877 1308 ille
905 1253 1213 1323 discipulus
1232 1254 1438 1310 Paulus
1458 1254 1720 1308 mentitus
1756 1266 1865 1305 non
1899 1259 2007 1312 est,

432 1362 533 1403 nec
558 1362 678 1402 cum
709 1360 769 1399 se
796 1343 1045 1398 Judaeum
1080 1346 1316 1409 diceret,
1363 1360 1464 1398 nec
1497 1359 1619 1398 cum
1649 1342 1959 1397 Romanum
1992 1356 2007 1394 :

434 1435 776 1506 impossibile
802 1435 947 1489 enim
993 1433 1131 1496 fuit,
1169 1435 1348 1504 ipsum
1398 1449 1521 1488 cum
1582 1442 1730 1488 esset
1761 1431 2010 1486 veritatis

430 1545 632 1598 praeco,
661 1527 947 1581 mendacio
989 1526 1146 1580 inniti
1177 1567 1192 1591 ,
1229 1526 1498 1596 imprimis
1528 1536 1641 1579 tum
1673 1539 1798 1580 cum
1834 1524 2007 1579 tribu-

2179 1245 2315 1301 Οὔτε
2358 1243 2629 1306 Ἰουδαῖον,
2652 1241 2777 1295 οὔτε
2805 1241 3078 1312 Ῥωμαῖον
3098 1238 3292 1295 ἑαυτὸν
3314 1238 3509 1302 statim,
3534 1237 3566 1289 ὁ
3590 1236 3691 1305 τῆς

2104 1338 2362 1408 ἀληθείας
2404 1335 2652 1407 μαθητὴς
2690 1334 2903 1398 Παῦλος
2945 1333 3235 1404 ἐψεύσατο.
3273 1331 3408 1385 Ούδὶ
3436 1329 3551 1400 γὰρ
3576 1323 3692 1382 οἷόν

2104 1449 2163 1485 τε
2192 1427 2281 1502 ἦν,
2316 1430 2476 1484 αὑτὸν
2505 1427 2758 1498 ἀληθείας
2788 1425 2917 1481 ὅντα
2935 1427 3175 1495 κήρυκα,
3206 1421 3588 1495 ἑπερείδεσθαι
3611 1420 3690 1490 τῷ

2104 1525 2292 1595 ψεύδει
2322 1539 2337 1557 ο
2372 1522 2607 1594 μάλιστὰ
2632 1537 2695 1589 γε
2721 1518 2992 1591 κριτηρίῳ
3020 1518 3453 1589 παριστάμενον.
3486 1516 3586 1570 καὶ
3612 1514 3692 1569 δε-

434 1619 539 1673 uali
568 1619 873 1682 sisteretur,
892 1628 943 1672 et
964 1633 1057 1687 per
1078 1616 1294 1672 Judmos
1317 1618 1370 1671 in
1393 1616 1662 1687 judicium
1691 1626 1998 1679 vocaretur,

2116 1634 2204 1679 ita;
2234 1613 2449 1683 ἀπάτης
2503 1614 2599 1667 καὶ⁸
2647 1611 3003 1681 κακουργίας,
3059 1603 3136 1663 ὧν
3196 1604 3267 1679 ἦν
3324 1608 3691 1679 καθαιρέτης,

432 1725 621 1779 ραδηεε
652 1708 930 1763 soluturus
957 1707 1167 1763 fraudis
1201 1718 1255 1761 et
1284 1709 1561 1777 nequitiae,
1600 1722 1734 1776 quas
1761 1706 1849 1760 ille
1881 1720 2001 1759 om-

433 1802 656 1852 nimodo
690 1798 1032 1853 deturbabat.
1068 1798 1355 1865 Quomodo
1404 1798 1495 1852 ille
1520 1799 1744 1853 auderet
1778 1796 2002 1851 menda-

433 1892 576 1946 cium
598 1890 875 1956 adbibere,
901 1900 996 1944 aut
1017 1890 1428 1962 sycophantiam
1451 1890 1773 1946 conﬁrmare
1788 1887 2003 1944 Iudaeo-

432 1998 554 2036 rum
590 1997 753 2051 quam
781 1982 837 2036 in
875 1981 1053 2052 ipsum
1106 1981 1605 2037 roncinnaverant?
1650 1983 1844 2037 Annon
1875 1997 2006 2037 con-

433 2075 587 2129 tinuo
613 2074 1012 2131 conviction’em
1067 2072 1490 2139 reformidaret,
1548 2082 1644 2128 aut
1690 2081 2002 2128 secuturam

434 2165 730 2236 deinceps?
758 2181 867 2221 non
896 2164 1241 2237 praevideret,
1270 2181 1394 2223 cum
1428 2166 1667 2222 revelata
1707 2174 1854 2221 esset
1880 2180 2006 2236 per-

436 2271 569 2312 sona
590 2296 606 2321 ,
637 2255 840 2315 nullam
882 2256 987 2313 sibi
1019 2258 1329 2328 anquireret
1358 2255 1646 2312 utilitatem
1669 2295 1684 2322 ,
1732 2255 1825 2311 sed
1878 2270 2005 2311 reus

435 2348 728 2403 haberetur
752 2348 955 2420 duplici
987 2350 1257 2419 supplicio
1292 2348 1531 2420 dignus?
1576 2362 1788 2417 nempe,
1843 2348 1914 2402 ob
1941 2362 2004 2401 ea

438 2455 560 2509 quae
589 2438 759 2495 Judaei
789 2440 1246 2508 criminabantur,
1280 2449 1334 2495 et
1360 2454 1425 2494 ea
1447 2454 1570 2508 qua:
1596 2438 1857 2492 mentitus
1889 2438 2005 2492 fue-

435 2541 540 2585 rat.
569 2528 856 2596 Quomodo
884 2539 939 2584 et
968 2529 1160 2601 Lysias
1186 2530 1425 2600 quicum
1456 2529 1511 2583 in
1534 2529 1847 2599 magistratu
1866 2538 2002 2594 erat,

434 2630 490 2674 et
532 2619 689 2674 facile
732 2629 947 2691 poterat
972 2621 1257 2676 veritatem
1307 2621 1575 2689 expiscari
1600 2661 1616 2685 ,
1665 2630 1933 2675 cessasset
1974 2635 2006 2675 a

433 2711 777 2777 verberibus,
814 2712 860 2768 si
906 2726 1014 2766 non
1047 2712 1336 2767 aﬁirmanti
1372 2698 1731 2768 credidisset?
1780 2713 1838 2766 in
1885 2728 2004 2767 cre-

434 2804 717 2860 dulitatem
759 2805 1040 2877 quomodo
1075 2822 1171 2878 per
1196 2806 1471 2875 captivum
1503 2816 1557 2860 et
1588 2820 1883 2875 pauperem
1918 2804 2005 2856 iu-

433 2898 743 2961 duceretur,
768 2899 812 2953 si
830 2914 937 2952 nou
961 2897 1078 2970 ipsa
1106 2913 1230 2957 eum
1255 2899 1499 2969 adigeret
1518 2913 1583 2953 eo
1605 2897 2006 2962 veritas?Quo-

2103 1708 2210 1763 ὑπὸ
2271 1706 2540 1761 Ἰουδαίων
2612 1704 3095 1774 εῖσπραττόμενον.
3164 1702 3290 1762 Πῶς
3326 1703 3435 1770 γὰρ
3476 1699 3545 1754 ἂν
3590 1701 3692 1753 καὶ

2104 1802 2376 1875 ἐθάρρησε
2397 1799 2582 1869 ψεύδει
2605 1796 2932 1868 χρήσασθαι,
2964 1798 3057 1850 καὶ
3082 1794 3186 1865 τὴν
3227 1793 3348 1861 κατ’
3376 1793 3545 1847 αὐτοῦ
3584 1810 3688 1846 συ-

2104 1891 2418 1962 κοφαντίαν,
2463 1884 2543 1951 οἷς
2602 1888 2876 1959 ἐξηπάτα,
2923 1886 3341 1952 «turbassent;
3399 1882 3511 1957 ἆρα
3574 1885 3689 1955 γὰρ

2104 1985 2222 2055 οὐχ).
2248 1983 2338 2036 τὸν
2366 1980 2680 2051 παραυτίκα
2719 1980 2974 2032 ἐδεδοίκει
3018 1978 3274 2049 ἔλεγχονς
3321 1978 3384 2031 ού
3410 1976 3506 2031 τὸν
3544 1976 3691 2047 μετά

2105 2077 2311 2143 ταῦτα;
2342 2076 2416 2129 Οὐ
2445 2073 2695 2145 συνεώρα
2718 2073 2795 2136 δὲ,
2822 2074 2905 2128 ὅτι
2929 2070 3407 2142 ὲκκαλυπτομένου
3431 2069 3526 2124 τοῦ
3549 2070 3688 2141 δράο

2110 2185 2302 2237 ματος,
2341 2168 2477 2239 πρὸς
2506 2166 2585 2237 τῷ
2618 2167 2784 2237 μηδὲν
2814 2166 3203 2237 ἀποκερδᾶναι,
3227 2164 3321 2218 καὶ
3337 2163 3531 2233 διπλῆς
3553 2164 3689 2217 ἑαυ-

2103 2260 2198 2315 τὸν
2235 2258 2502 2332 τιμωρίας
2544 2258 2726 2330 ἔνοχον
2754 2260 3187 2329 παραστήσειεν,
3230 2249 3321 2325 ὧν,
3350 2272 3412 2311 τε
3457 2256 3519 2309 τὸ
3554 2255 3691 2309 Ἰαυο

2105 2354 2251 2406 δαῖον
2277 2353 2427 2417 ἔθνος
2449 2353 2726 2417 ἐπεκάλει,
2759 2353 2850 2405 καὶ
2884 2345 2959 2406 ὧν
2985 2350 3145 2415 αὐτὸς
3176 2348 3372 2403 ἑαυτοῦ
3412 2347 3691 2419 κατεψεύ-

2104 2441 2225 2494 δετο
2257 2458 2271 2507 ;
2306 2442 2426 2504 Πῶς
2487 2441 2544 2494 δὲ
2584 2442 2676 2494 καὶ
2717 2442 2744 2494 ὁ
2799 2440 3021 2503 Λυσίας,
3079 2439 3257 2511 ἀρχῆς
3298 2436 3559 2505 ἐφεστὼς,
3590 2436 3694 2489 καὶ

2104 2532 2336 2601 τάληθὲς
2359 2530 2599 2601 ἐξευρεῖν
2633 2530 2811 2601 ῥᾴδιον
2850 2530 3007 2600 ἔχων,
3040 2530 3249 2599 ἀπέστη
3295 2527 3389 2581 τοῦ
3432 2527 3689 2593 τύπτειν,

2106 2622 2155 2674 ει
2186 2620 2262 2691 μὴ
2301 2620 2622 2683 ὲπέπεισιο;
2671 2619 2788 2682 πῶς
2822 2619 2866 2671 δ’
2928 2620 2993 2672 ἂν
3020 2619 3311 2672 ἐπέπειστο
3334 2617 3437 2670 {me
3458 2615 3691 2686 δεσμίου

2106 2713 2200 2766 καλ⁸
2225 2712 2474 2782 πένητος,
2501 2713 2551 2764 εἰ
2586 2712 2659 2783 μὴ
2693 2711 2762 2763 τά
2794 2712 2889 2781 τῆς
2910 2710 3164 2781 ἀληθείας
3199 2709 3361 2763 αὑτὸν
3390 2708 3645 2771 ὲῦιάζετο
3670 2724 3687 2772 ;

2108 2803 2224 2868 πῶς
2249 2803 2306 2855 δὲ
2344 2804 2436 2855 καὶ
2462 2801 2658 2871 Φήλικι
2681 2801 2908 2872 γράφων
2936 2804 3015 2864 εἰς
3050 2800 3356 2871 Ῥωμαίους
3385 2799 3560 2853 τελεῖν
3592 2798 3695 2851 τὸν

2107 2894 2323 2948 Παῦλον
2370 2892 2799 2965 ἀπισχυρίζετο;
2856 2912 2877 2947 ι
2926 2892 3130 2948 Μαθὼν
3178 2892 3310 2963 γὰρ,
3357 2893 3546 2961 φησὶν,
3604 2894 3695 2946 ὅτι

436 2988 600 3041 modo
648 2997 701 3041 et
732 2986 903 3043 Felici
935 2988 1202 3052 scribens,
1259 2987 1489 3041 Paulum
1524 2987 1784 3042 Romanis
1814 3002 2008 3041 accen-

2125 2989 2393 3059 Ῥωμαῖός
2412 2989 2584 3049 ἐστιν,
2610 2988 2835 3049 ἐπιστὰς
2861 2987 2957 3039 σὺν
2984 2986 3062 3059 τῷ
3092 2985 3461 3061 στρατεύματι
3486 2985 3696 3049 ἐξειλό-

436 3078 665 3133 scndum
710 3078 1135 3147 pronuntiaret?
1198 3079 1529 3133 «intellecto
1578 3078 1760 3143 enim,
1808 3078 2007 3147 inquit,

440 3170 582 3239 quod
614 3168 894 3224 Romanus
924 3168 1225 3233 erat,adfui
1258 3185 1380 3224 cum
1408 3169 1694 3233 militibus,
1716 3178 1769 3223 et
1789 3170 2011 3225 liberavi

438 3276 564 3314 cum
590 3260 670 3329 ‘3;
707 3278 725 3311 ι
770 3262 863 3316 sed
892 3259 1043 3318 fraus
1071 3272 1188 3317 erat
1213 3261 1357 3323 facta
1388 3263 1611 3334 decepto
1646 3260 1844 3335 Lysiae,
1881 3278 2009 3333 qua,

438 3367 627 3423 quaeso
658 3362 775 3407 arte
801 3353 825 3406 ?
853 3356 1125 3423 quomodo
1152 3356 1509 3410 subinducta?
1530 3354 1681 3410 Felix
1707 3364 1886 3409 autem
1912 3370 2013 3409 cur

438 3459 551 3497 non
591 3442 951 3514 imposturam
985 3445 1280 3509 detexerit,
1331 3448 1629 3514 praesertim
1664 3462 1787 3501 cum
1821 3457 2012 3501 contra

438 3537 586 3609 leges
635 3536 840 3594 Iudaeis
897 3539 1451 3611 gratiﬁcabatur?An
1503 3541 1557 3595 in
1609 3540 1809 3611 quibus
1838 3540 2012 3609 gratia

439 3630 603 3685 ﬁebat
635 3643 822 3686 contra
849 3632 1017 3703 leges,
1058 3642 1111 3688 et
1154 3648 1182 3687 a
1210 3634 1424 3688 ratione
1448 3633 1643 3700 aliena,
1679 3633 1903 3691 sedulus
1931 3632 2015 3685 in-

441 3723 674 3785 rubuit;
735 3740 858 3778 cum
911 3740 1041 3779 vero
1094 3726 1389 3794 gratiﬁcari
1460 3726 1653 3779 iisdem
1709 3725 2012 3779 secundum

441 3823 644 3869 rectam
672 3816 938 3870 rationem
967 3825 1200 3885 poterat,
1257 3816 1486 3886 ignavus
1519 3827 1572 3870 ct
1612 3816 1902 3871 remissior
1930 3816 2015 3869 vi-

442 3905 697 3971 debatur,
728 3905 798 3959 ita
824 3905 965 3974 quod
995 3921 1214 3974 operam
1235 3907 1461 3969 dederit,
1483 3915 1541 3959 ut
1562 3922 1659 3960 nec
1685 3906 2012 3981 principium

441 3997 629 4067 gratia:
659 3996 860 4065 juStum
879 4006 933 4050 et
952 4005 1158 4049 rectum
1186 3996 1417 4050 voluerit
1452 3997 1758 4066 auspicari?
1777 3998 2013 4067 Ecquam

445 4089 563 4143 haec
601 4088 804 4141 habent
831 4088 1245 4157 persuasionem
1276 4096 1371 4142 aut
1392 4088 1878 4158 consequentiam?
1909 4088 2014 4147 Sed

386 4219 390 4224 η
441 4190 496 4234 ει
524 4179 617 4249 qui
645 4188 757 4233 tum
784 4180 1014 4233 aderant
1045 4189 1232 4233 contra
1263 4194 1388 4234 eum
1417 4179 1616 4234 caedem
1639 4180 1932 4256 spirantes,
1961 4163 2016 4235 et

440 4267 661 4324 Judaeos
688 4272 838 4323 omni
874 4269 1036 4324 modo
1058 4271 1420 4336 concitantes,
1455 4272 1560 4326 hoc
1599 4282 1685 4328 εει
1719 4270 1919 4339 Judaei,
1963 4272 2009 4328 si

2040 4321 2088 4381 D

2115 3097 2221 3151 μην
2255 3081 2438 3135 αὐτόν.
2482 3100 2500 3132 ι
2549 3079 2685 3133 Ἀλλ’
2729 3078 2939 3148 ὲκλάπη
2973 3079 3067 3131 καὶ
3116 3077 3403 3149 παρεσύρη
3434 3077 3647 3139 Λυσίας
3677 3092 3692 3106 .

2108 3172 2215 3228 τίνι
2243 3173 2439 3246 τέχνη;
2472 3172 2567 3228 καὶ
2599 3171 2718 3236 πῶς
2748 3169 3047 3242 ὑπαχθείςς
3092 3173 3120 3224 ὁ
3149 3171 3325 3241 Φῆλιξ
3348 3171 3406 3222 δὲ
3440 3169 3559 3234 πῶς
3584 3172 3696 3224 οὐκ

2113 3264 2362 3337 ἐφώρασε
2389 3266 2448 3319 τὸ
2480 3264 2864 3335 κακούργημα,
2908 3262 3087 3317 καίτοι
3134 3261 3231 3315 xa‘t
3288 3261 3521 3334 χάριτας
3572 3264 3695 3325 τοῖς

2122 3357 2397 3418 Ἰουδαίοις
2435 3356 2735 3426 ἑκθέσμους
2765 3356 3075 3418 κατατιθείς
3107 3373 3122 3421 ;
3166 3354 3305 3407 Ἀλλ’
3355 3357 3416 3407 ὲν
3453 3348 3536 3418 οἷς
3587 3356 3695 3424 μὲν

2112 3450 2313 3519 ἄνομος
2335 3451 2368 3518 ἡ
2401 3449 2581 3521 χάρις,
2614 3450 2710 3503 καὶ
2741 3449 2900 3517 λόγον
2956 3449 3057 3501 οὐκ
3090 3448 3310 3517 ἔχουσα,
3346 3448 3549 3517 θερμὸς
3585 3448 3695 3500 ὐπ-

2112 3540 2312 3612 ηρέτης
2340 3557 2354 3570 ·
2382 3542 2440 3593 ἐν
2483 3535 2565 3601 οἷς
2592 3543 2648 3595 δὲ
2681 3542 2818 3611 μετά
2847 3540 2939 3594 τοῦ
2978 3540 3139 3611 ὀρθοῦ
3170 3540 3327 3608 λόγου
3357 3540 3694 3610 χαρίσασθαι

2110 3628 2200 3703 ἦν,
2233 3633 2443 3694 τούτοις
2468 3633 2524 3685 δὲ
2563 3631 2672 3702 ἀρα
2724 3632 2963 3703 ῥᾴθυμος
3002 3631 3096 3683 καὶ
3121 3630 3556 3694 ἀναπεπτωκὼς,
3591 3631 3694 3683 καὶ

2112 3725 2220 3779 οὐδ’
2261 3726 2341 3788 είς
2378 3725 2550 3795 ἀρχὴν
2588 3724 2682 3777 τοῦ
2725 3723 3055 3795 βουληθῆναι
3095 3722 3310 3775 δικαίαν
3351 3722 3693 3775 καταθέσθαι

2113 3818 2272 3890 χάριν
2307 3818 2715 3887 διανιστάμενος
2749 3834 2763 3849 ο
2791 3818 2884 3871 καὶ
2922 3818 3043 3871 τίνα
3075 3816 3141 3869 ἂν
3167 3816 3280 3885 ἔχοι
3300 3814 3476 3870 ταῦτα
3514 3815 3693 3868 πειθὼ

2113 3912 2211 3966 καὶ
2246 3909 2568 3964 ἀκολουθίαν
2594 3925 2607 3973 ;
2661 3906 2794 3963 Εἶτα
2824 3909 2977 3963 αὐτοὶ
3006 3908 3064 3961 δὲ
3094 3910 3360 3979 παρόντες
3397 3909 3446 3960 οἱ
3482 3907 3693 3975 φονῶν-

2112 4019 2205 4065 τες
2229 4001 2348 4054 κατ’
2379 4000 2540 4053 αὑτοῦ
2564 4000 2661 4053 καὶ
2692 3999 2864 4052 πάντα
2892 3999 3038 4053 λίθον
3068 3999 3368 4063 κινοῦντες,
3387 4000 3513 4062 τοὺς
3554 3999 3693 4051 Ἰου-

2113 4095 2296 4159 δαίους
2321 4093 2485 4161 λέγω,
2514 4094 2562 4145 εί
2592 4091 2680 4145 διὰ
2713 4090 2941 4160 ψεύδους
2975 4093 3003 4144 ὁ
3052 4089 3265 4154 Παῦλος
3292 4090 3389 4153 τὰς
3415 4090 3693 4160 βασάνους

2114 4186 2431 4257 ὲτεχνάζετο
2459 4183 2922 4255 διακρούσασθαι,
2955 4183 3070 4246 πῶς
3101 4183 3201 4236 οὐκ
3230 4182 3467 4255 ἔρῤηξαν
3502 4182 3693 4252 φωνὴν

2118 4279 2431 4350 πληροῦσαν
2460 4278 2519 4331 τὸ
2553 4277 2804 4348 θέατρον,
2846 4276 3067 4348 Ὀρᾶτε,
3098 4275 3309 4347 ἄνδρες,
3340 4276 3530 4346 ἡλίκον
3575 4269 3694 4329 οἷον

440 4376 538 4433 ρει·
565 4361 907 4415 mendacium
963 4372 1193 4419 conatus
1250 4362 1445 4419 inisset
1493 4362 1697 4421 Paulus
1746 4374 2008 4419 tormenta

2116 4371 2381 4442 ἐψεύσατο
2403 4388 2417 4402 ·
2450 4370 2754 4424 ἀπαιταιών
2780 4371 2895 4423 ἐστι
2920 4370 3016 4423 καὶ
3044 4368 3176 4438 γόης
3200 4379 3246 4432 ο,
3282 4368 3383 4420 οὐκ
3411 4367 3533 4419 ἐστι
3551 4366 3690 4419 Ῥω.

445 4462 712 4517 avertere,
747 4454 1023 4525 quomodo
1046 4470 1154 4509 non
1173 4470 1357 4510 vocem
1376 4457 1744 4521 sustulissent,
1778 4457 2019 4512 clamore

446 4548 722 4602 theatrum
754 4547 1112 4617 replevissent
1141 4564 1156 4602 :
1190 4549 1483 4603 intuemini
1534 4566 1634 4607 vos
1684 4559 2019 4620 quantopere

450 4639 788 4703 mentiatur;
818 4640 1086 4709 impostor
1105 4649 1208 4703 est,
1241 4640 1495 4710 deceptor
1522 4650 1627 4707 est,
1656 4657 1765 4695 non
1795 4652 1878 4697 est
1909 4640 2018 4696 Ro-

447 4747 664 4793 manus,
690 4731 953 4785 rationem
986 4733 1192 4788 invenit
1218 4749 1323 4803 qua
1347 4749 1444 4788 vos
1471 4735 1762 4805 deciperet,
1815 4742 1868 4788 et
1898 4734 2018 4805 pla-

446 4840 544 4895 gas
573 4824 908 4891 declinaret;
940 4834 995 4885 at
1028 4841 1145 4891 vos,
1170 4836 1457 4897 propterea
1490 4827 1634 4897 quod
1659 4842 1827 4881 ausus
1854 4826 2017 4880 fuerit

448 4916 523 4969 ita
551 4917 861 4988 prodigiose
888 4918 1172 4975 vobiscum
1204 4934 1386 4988 agere,
1427 4928 1644 4973 nostras
1666 4918 2016 4989 probationes

448 5011 718 5067 admittite
745 5026 934 5067 eorum
960 5010 1025 5067 de
1050 5013 1248 5083 quibus
1273 5028 1597 5069 accusamus
1617 5052 1633 5077 ,
1672 5027 2017 5067 communem

453 5102 734 5158 hominum
758 5101 1099 5170 societatem,
1124 5118 1158 5158 a
1175 5104 1451 5160 communi
1477 5111 1629 5174 peste
1656 5102 1756 5157 ista
1774 5102 2019 5158 liberate.

553 5242 601 5273 ⁸⁸
628 5243 748 5297 Δει.
784 5259 932 5312 mu,
961 5242 1054 5298 27.

559 5457 583 5487 ε
612 5465 700 5518 rp.
732 5446 983 5501 ἀπατεὼν
1008 5438 1163 5510 οῦτός
1192 5447 1327 5509 ἐστι,
1365 5441 1495 5515 γόης
1521 5444 1660 5498 ὲστί.
1740 5443 1759 5482 ⁸
1788 5444 1951 5516 ὑμᾶς.

2117 4466 2298 4531 ματος,
2331 4455 2487 4532 εὗρεν
2515 4462 2665 4525 ὅπως
2711 4463 2806 4515 καὶ
2840 4462 2984 4531 ὑμᾶς
3024 4460 3415 4529 ἀποπλανήσας
3453 4460 3559 4527 τὴν
3580 4458 3695 4511 τῶν

2117 4554 2398 4624 μαστίγων
2439 4556 2634 4626 πεῖραν
2698 4553 3036 4624 διαδράσειεν
3067 4568 3084 4583 ·
3143 4552 3258 4605 ἀλλ’
3310 4551 3470 4620 ὑμεῖς
3510 4550 3571 4615 ἐξ
3614 4541 3694 4603 ὧν

2114 4644 2378 4715 ἐτόλμησε
2427 4646 2520 4698 καὶ
2572 4645 2706 4716 πρὸς
2746 4641 2942 4716 ήμᾶςί
2986 4642 3454 4714 τερατεύσασθαι,
3499 4633 3693 4693 statim

2115 4740 2276 4809 ἡμεῖς
2314 4736 3042 4807 κατηγοροῦμεν,ιλαὸόντες
3087 4735 3186 4796 τὰς
3215 4737 3463 4796 πίστεις,
3507 4731 3694 4785 atatch

2120 4830 2395 4901 λυμεῶνος
2418 4829 2513 4901 τὴν
2535 4831 2722 4898 κοινὴν
2752 4829 2862 4884 τῶν
2888 4826 3191 4899 ἀνθρώπων
3216 4825 3493 4879 πολιτείαν
3512 4824 3694 4881 ἀπαλ-

2120 4920 2356 4988 λάξατες
2412 4919 2551 4973 Ἀλλ’
2586 4919 2736 4972 οὐδὲν
2765 4917 2991 4981 τούτων,
3027 4917 3089 4971 ού
3136 4916 3232 4988 μὲν
3259 4911 3353 4969 οῦν
3376 4916 3477 4968 ούκ
3516 4915 3696 4965 εἰπεῖν

2123 5007 2289 5081 εἶχον,
2335 5008 2459 5064 οὔτε
2494 5009 2798 5080 ἐτόλμησαν
2827 5024 2844 5039 ο
2902 5007 2964 5060 οὐ
3003 5006 3123 5061 τότε
3144 5046 3160 5072 ,
3209 5006 3268 5059 ού
3299 5006 3438 5077 μετὰ
3472 5001 3645 5057 ταῦτα
3676 5017 3692 5032 ·

2130 5102 2306 5158 καίτοι
2354 5103 2451 5157 καὶ
2494 5100 2846 5172 δικαστηρίου
2882 5099 3046 5155 πάλιν
3080 5101 3263 5164 αὐτοῖς
3308 5096 3692 5169 κρατηθέντος.

1747 5329 1981 5386 νΑίὶΙᾹύ
2011 5327 2407 5385 LECTIONES.

1946 5534 2174 5592 NOTAE.

567 5612 685 5680 (8'5)
716 5611 803 5666 Cf.
831 5626 953 5665 cum
984 5609 1087 5664 hac
1117 5608 1417 5680 qumstione
1443 5624 1498 5679 (ι.
1529 5606 1710 5665 CXVI.
