3902 6212
238 278 335 344 961

1214 284 1312 343 AD
1345 282 1934 344 AMPIIILOCIIIUM
1969 287 2314 358 QU/ESTIO
2331 289 2526 349 CCXI.

3391 291 3502 352 ’962

235 396 453 452 καὶτοῦ
492 395 648 463 φίλου
687 397 920 463 Φήλικος
947 400 1027 460 εἰς
1054 398 1237 468 κρίσιν
1285 400 1760 470 προκαθεζομένου
1799 415 1811 427 ·

1931 404 1989 454 At
2026 401 2452 470 nlbilejusmodi
2488 402 2569 455 vel
2598 403 2780 455 dicere
2819 411 3091 471 poterant,
3115 414 3207 456 ant
3232 403 3505 458 audebant

237 491 352 544 ἀλλ’
403 490 575 553 οὕτως
611 487 678 561 ἦν
731 492 970 562 ἐναργὴς
1023 491 1118 544 καλ⁸
1165 493 1285 555 ταῖς
1331 490 1588 544 ἁπάντων
1634 491 1814 556 δόξαις

237 584 518 656 κρατοῦσα
542 586 575 656 ἡ
623 585 837 638 Παύλου
867 583 1120 654 ἀλήθεια,
1149 584 1226 647 ὡς
1260 584 1356 638 καὶ
1382 585 1494 637 τῶν
1519 584 1813 653 ἀναισχύνο

233 693 344 729 των
380 676 649 730 Ἰουδαίων
679 718 694 743 ,
733 677 829 729 καὶ
862 677 1040 729 πάντα
1055 675 1234 744 λέγειν
1280 679 1358 738 είς
1385 677 1447 729 τὸ
1473 687 1499 724 8
1551 677 1816 746 πράττειν

233 767 693 839 ἀποτολμῶντων,
753 768 1030 838 ἐμφράξαι
1075 770 1145 822 τὰ
1198 769 1442 838 στόματα
1480 787 1494 799 '
1531 768 1674 821 οὕτω
1717 769 1815 838 μὲν

234 861 328 914 οὖν
354 861 685 930 πολλαχόθεν
743 860 1099 929 ψευδολογίας
1127 861 1306 929 πάσης
1335 860 1606 932 ἀνώτερος
1631 901 1646 923 ,
1684 860 1818 915 Ῥω-

240 954 400 1018 μαῖον
418 950 610 1003 ἐαυτὸν
632 949 800 1003 εἰπὼν
823 951 851 1002 ὁ
875 949 1162 1012 θεσπέσιος
1178 949 1561 1003 ἀποδείκνυται
1582 948 1815 1011 Παῦλος.

236 1042 382 1096 ‘An’
411 1045 460 1097 εἰ
499 1041 766 1112 Ῥωμαῖος
792 1039 863 1112 ἦν
882 1084 898 1108 ,
935 1045 1090 1112 φησὶ,
1120 1043 1242 1106 πῶς
1273 1043 1434 1106 αὐτὸς
1455 1045 1514 1096 ἐν
1539 1042 1719 1106 ἄλλοις
1756 1059 1818 1094 τε

236 1136 334 1190 καὶ
365 1137 422 1188 ἐν
465 1138 529 1206 τῇ
559 1136 693 1206 αὐτῇ
726 1135 1062 1206 δημηγορίᾳ,
1127 1135 1378 1198 Ἰουδαῖός
1422 1152 1481 1187 τε
1533 1131 1689 1194 εἶναι,
1724 1134 1821 1188 καὶ

238 1229 281 1279 Τ
286 1227 489 1297 ἀρσους
536 1226 680 1295 ἔχειν
730 1226 987 1298 πατρίδα,
1021 1226 1399 1297 διισχυρίσατο
1440 1226 1633 1294 λέγων.
1673 1226 1820 1292 Ἐγὼ

241 1317 343 1387 μέν
391 1320 510 1388 εἰμι
550 1317 829 1382 Ἰουδαῖος,
875 1319 1125 1388 Ταρσεὺς
1160 1320 1186 1358 h
1239 1317 1340 1388 τῆς
1397 1319 1674 1379 Κιλικίας,
1721 1321 1821 1371 οὐκ

236 1411 454 1480 ἀσήμου
503 1411 730 1475 πόλεως,
771 1411 1030 1480 πολίτης;
1061 1411 1184 1475 Πῶς
1224 1411 1316 1466 οῦν
1339 1413 1485 1465 ἐστιν
1533 1412 1822 1482 ἀμφότερα

236 1505 588 1574 συνδραμεῖν,
632 1506 724 1558 καὶ
787 1505 1054 1574 Ῥωμαῖον
1097 1505 1193 1558 καὶ
1239 1505 1496 1558 Ἰουδαῖον
1525 1505 1619 1556 τὸν
1659 1506 1822 1572 αὑτὸν

238 1596 612 1667 χρηματίσαι;
647 1597 790 1668 Πρὸς
818 1599 846 1650 ὃ
873 1614 1075 1666 φαμεν,
1107 1600 1188 1652 ὄτι
1217 1598 1420 1652 ἄτοπον
1449 1597 1604 1650 οὐδέν
1628 1613 1643 1628 ·
1675 1597 1824 1663 γένει

240 1690 340 1758 μὲν
392 1691 521 1759 γὰρ,
551 1691 646 1743 καὶ
666 1692 729 1760 τῇ
759 1691 880 1744 κατ’
906 1690 1068 1744 αὑτὸν
1091 1691 1384 1744 Μωσαῖκὸν
1415 1690 1578 1759 νόμον
1608 1691 1821 1758 ἀγωγῇ,

1923 507 2206 557 accusare.
2238 511 2347 548 non
2383 495 2440 549 in
2482 495 2760 564 praesenti,
2800 509 2908 549 non
2950 494 3226 562 deinceps.
3266 512 3364 552 nec
3390 508 3501 550 tum

1921 599 2048 638 cum
2089 584 2385 640 tribunalia
2417 595 2665 655 paterent
2689 586 2756 640 iis
2782 585 3026 649 demum,
3051 595 3104 640 et
3122 585 3268 640 Felix
3298 587 3512 641 amicus

1922 688 2024 742 pro
2053 676 2312 729 tribunali
2350 677 2585 740 sederet,
2619 685 2730 730 tam
2782 684 2968 746 aperte
2998 675 3347 731 manifestum
3393 679 3512 732 erat

1926 764 2155 818 Paulum
2187 768 2482 836 protulisse
2513 769 2822 832 veritatem,
2857 776 2912 822 et
2960 769 3100 838 apud
3143 783 3335 822 omnes
3379 771 3516 823 adeo

1929 857 2020 910 illa
2043 857 2325 912 obtinebat
2346 861 2554 928 opinio,
2571 858 2958 915 utJudazorum
2981 874 3077 914 ora
3097 861 3517 942 oblnrarentur‘

1928 947 2055 1001 licet
2106 957 2290 1003 essent
2321 949 2684 1016 impudentes,
2729 960 2782 1004 et
2835 951 2900 1004 ad
2944 950 3172 1018 quodvis
3205 949 3514 1004 audendum

1933 1041 2204 1110 projecti:
2241 1053 2406 1111 atque
2430 1044 2502 1096 ita
2538 1041 2741 1097 Paulus
2773 1042 2863 1097 ille
2887 1043 3124 1107 divinus,
3149 1045 3277 1097 dum
3307 1057 3367 1098 se
3390 1058 3516 1112 pro-

1931 1130 2116 1185 ﬁtetur
2148 1130 2487 1195 Romanum,
2525 1131 2840 1202 longissime
2877 1147 2907 1186 a
2938 1133 3226 1187 mendacio
3275 1132 3518 1189 abfuisse

1929 1232 2292 1277 monstratur.
2317 1224 2384 1275 At
2411 1223 2455 1276 si
2485 1222 2764 1276 Romanus
2807 1231 2945 1296 erat,
2980 1221 3213 1284 dicetur,
3235 1221 3521 1288 Quomodo

1930 1331 2057 1369 cum
2095 1316 2246 1379 alibi,
2281 1327 2391 1368 tum
2423 1315 2476 1368 in
2505 1315 2621 1384 ipsa
2649 1316 2855 1370 illamet
2887 1317 3152 1370 concione
3176 1314 3426 1370 Judaeum
3459 1330 3520 1369 se

1929 1415 2284 1481 pronuntiat,
2343 1419 2396 1464 et
2426 1411 2658 1480 patriam
2689 1410 2792 1464 sibi
2820 1409 3054 1465 Tarsum
3081 1409 3368 1479 proﬁtetur
3390 1411 3414 1463 ?
3440 1411 3518 1464 ait

1930 1503 2074 1555 enim
2102 1517 2116 1555 :
2151 1500 2266 1571 Ego
2291 1502 2513 1571 quidem
2545 1517 2665 1555 sum
2701 1500 2943 1563 Judrcus,
2990 1500 3187 1562 Tarsi,
3235 1517 3357 1571 qua:
3388 1503 3468 1553 url
3491 1515 3516 1554 s

1932 1602 2017 1646 est
2044 1609 2142 1647 nec
2177 1594 2450 1662 ignobilis,
2484 1593 2690 1647 Cilicia:
2718 1595 2873 1648 civis.
2901 1593 3021 1659 Qua
3049 1595 3262 1647 ratione
3285 1609 3518 1648 concur-

1934 1698 2054 1738 rere
2085 1683 2200 1738 baec
2233 1693 2467 1752 utraque
2496 1693 2758 1752 possunt,
2812 1695 2873 1736 nt
2917 1700 3042 1739 eum
3080 1682 3358 1738 Romanus
3401 1695 3516 1738 tum

237 1781 492 1846 Ἰουδαῖος
529 1781 891 1853 ἐχρημάτιζε,
928 1782 1166 1852 πατρίδα
1207 1782 1459 1854 Τάρσους
1488 1781 1650 1851 ἔχων,
1698 1783 1756 1833 ἐν

1931 1773 2150 1830 Judaaus
2182 1779 2491 1832 habeatur?
2521 1777 2763 1832 Dicimus
2792 1777 2878 1830 liic
2903 1777 2977 1830 nil
2999 1777 3226 1832 subesse
3250 1777 3472 1832 absurdl
3497 1795 3515 1841 ;

236 1873 335 1935 τὰς
380 1874 654 1944 μητρικάς
687 1875 849 1937 αὐτὸς
881 1874 1071 1927 ἔλυσεν
1109 1874 1304 1938 ὠδῖνας
1324 1891 1337 1903 ·
1370 1873 1523 1944 τῴδέ
1560 1876 1572 1913 ί
1609 1875 1700 1926 τὸν
1727 1875 1822 1925 αύ-

235 1966 332 2019 τοῦ
377 1967 590 2038 πατέρα
633 1969 916 2038 Ῥωμαϊκῇ
965 1967 1267 2038 φιλοτιμίᾳ,
1317 1968 1350 2039 ἢ
1402 1969 1497 2021 καὶ
1551 1967 1819 2038 χρήμασι,

253 2050 518 2127 Ῥωμαῖον
545 2060 912 2129 ἐγγραφῆναι,
975 2060 1247 2130 Ῥωμαῖος
1275 2061 1367 2112 καὶ
1394 2058 1552 2120 αὐτὸς
1579 2057 1825 2110 ἐκαλεῖτό

239 2165 298 2202 τε
332 2151 425 2204 καὶ
449 2150 760 2221 ἐτύγχανεν.
783 2161 790 2172 ¹

311 2397 387 2451 Δι’
417 2397 445 2450 ὃ
463 2397 476 2448 i
495 2439 510 2462 ,
531 2399 623 2453 καὶ
648 2401 742 2454 τοῦ
775 2401 976 2454 Λυσίου
1026 2401 1164 2472 πρὸς
1193 2402 1355 2456 αὐτὸν
1387 2403 1660 2468 εἰπόντος,
1682 2403 1825 2471 Ἐγὼ

237 2489 297 2542 δὲ
336 2491 532 2543 πολλοῦ
567 2491 866 2560 κεφαλαίου
896 2493 997 2561 τὴν
1033 2493 1312 2547 πολιτείαν
1343 2493 1550 2564 ταύτην
1592 2495 1826 2565 ἐκτησάο

245 2598 374 2652 μην,
405 2583 566 2646 αὐτὸς
593 2584 895 2652 ἐπήγαγεν,
935 2584 1078 2652 Ἐγὼ
1106 2585 1164 2638 δέ
1207 2587 1300 2639 καλ⁵
1326 2586 1660 2657 γεγέννημαι
1681 2603 1694 2616 ο
1727 2588 1828 2640 οὐκ

241 2675 300 2725 ἐν
326 2676 392 2742 τῇ
433 2671 622 2745 Ῥώμῃ
669 2675 911 2745 δηλονότι
937 2692 952 2707 ο
993 2677 1116 2730 οῦδὲ
1162 2678 1271 2748 γὰρ
1320 2679 1428 2732 οὐδ’
1452 2680 1480 2732 ὁ
1521 2681 1726 2743 Λυσίας
1769 2682 1827 2732 ἐν

238 2765 417 2834 ταύτῃ
435 2765 764 2838 γεννηθῆναι
794 2768 1196 2840 ἐμεγαληγόρει
1245 2772 1340 2823 καὶ
1368 2771 1676 2834 διετείνετο,
1709 2773 1824 2824 ἀλλ’

242 2859 301 2909 ἐν
331 2856 504 2928 ταύτῃ
533 2860 600 2927 τῇ
649 2859 928 2931 Ῥωμαϊκῇ
979 2861 1170 2931 κλήσει
1205 2863 1298 2915 καὶ
1349 2865 1415 2932 τῇ
1470 2865 1734 2935 πολιτείᾳ,
1769 2868 1826 2917 ἐν

241 2941 276 3020 ᾗ
304 2949 552 3012 κάκεῖνος
578 2950 753 3002 τελεῖν
782 2951 1217 3021 ἀπεσεμνύνετο.
1246 2954 1289 3005 Π
1298 2955 1388 3023 ρὺς
1415 2953 1474 3008 ὃν
1509 2957 1602 3008 καὶ
1628 2959 1656 3008 ὁ
1685 2955 1827 3019 Οεῖος

245 3037 453 3102 Παῦλος
482 3041 900 3112 ἀποτεινόμενος
943 3043 1094 3111 ἔλεγε
1135 3031 1418 3116 μονονουχὶ
1451 3046 1694 3117 φάσκων,
1731 3048 1826 3101 καὶ

241 3131 521 3200 καθαιρῶν
542 3133 706 3186 αὐτοῦ
737 3133 799 3187 τὸ
838 3134 1119 3204 φρόνημα,
1157 3136 1240 3188 ὅτι
1269 3137 1341 3190 Σὺ
1393 3138 1494 3208 μὲν
1517 3140 1830 3208 πρόσφατον

242 3223 340 3276 καὶ
369 3224 476 3276 ἀπὸ
507 3223 600 3277 σοῦ
639 3224 887 3295 προῖέναι
938 3225 1306 3294 ἀπαγγέλλεις
1337 3226 1399 3280 τὸ
1436 3229 1676 3298 ἀξίωμα,
1705 3232 1832 3300 ἐμοὶ

239 3315 298 3368 δέ
327 3314 532 3369 ἀνωθεν
554 3317 924 3387 ἐρριζωμένον
965 3320 1059 3372 καὶ
1088 3320 1152 3372 ἐκ
1201 3323 1404 3391 πατρὸς
1455 3324 1831 3393 καταγόμενον

239 3405 345 3474 τῆς
375 3404 533 3475 δόξης
561 3405 764 3476 ταύτης
806 3410 899 3459 καὶ
937 3407 1038 3476 τῆς
1063 3410 1436 3479 προσηγορίας
1457 3409 1746 3483 ἐκληρώθη
1768 3414 1831 3465 τὸ

241 3497 560 3568 προνόμιον.
579 3499 680 3552 Διά
695 3516 775 3552 τοι
788 3499 944 3552 τοῦτο
967 3501 1216 3563 κάκεῖνος
1233 3503 1475 3564 ἀκούσας
1498 3505 1590 3556 καὶ
1609 3504 1831 3573 βεϐαιω-

241 3591 396 3655 Oak,
455 3591 538 3645 ὅτι
593 3591 862 3660 Ῥωμαῖον
931 3591 1061 3644 ὄντα
1129 3593 1352 3650 τύπτειν
1403 3595 1700 3665 ἐπεχείρει,
1751 3599 1831 3658 είς

237 3681 446 3736 δειλίαν
474 3682 572 3736 καλ⁸
602 3682 767 3750 φόϐον
799 3683 859 3734 τὸ
906 3681 1104 3753 Θράσος
1132 3684 1225 3737 καὶ
1253 3683 1352 3754 τὴν
1380 3685 1550 3758 ὀργὴν
1575 3687 1828 3750 διαλύων,

241 3775 645 3830 συνεστέλλετο.
687 3775 864 3846 Τιμῆς
897 3776 1004 3847 γὰρ
1046 3777 1329 3848 ἀπήλαυον
1352 3779 1473 3831 κατ’
1505 3781 1681 3834 ἐκεῖνο
1707 3799 1828 3834 και-

244 3867 363 3937 ροῦ,
394 3867 492 3937 οὐχ
513 3869 628 3920 ὅσοι
661 3867 820 3937 μόνον
843 3867 1108 3936 ἰθαγενεῖς
1131 3870 1231 3941 τῆς
1263 3871 1483 3942 Ῥώμης
1509 3873 1824 3944 ἐτύγχανον,

239 3959 379 4013 ἀλλά
407 3961 502 4014 καὶ
523 3960 668 4022 ὅσοις
695 3959 836 4030 αύτὴ
883 3962 917 4032 ἡ
961 3961 1153 4032 κλῆσις
1180 3962 1331 4034 νόμῳ
1358 3967 1596 4036 χαρίτων
1625 3967 1656 4037 ἢ
1688 3986 1825 4039 χρη-

241 4052 456 4121 μάτων,
511 4053 854 4107 ἐπολιτεύετο
883 4071 898 4085 ·
953 4055 1106 4108 οὐδὲν
1170 4052 1263 4110 οὖν
1305 4059 1563 4113 δύσκολον
1611 4063 1825 4115 καὶτὸν

238 4144 386 4198 θεῖον
417 4144 629 4198 Παῦλον
667 4145 920 4198 Ἰουδαῖον
957 4145 1105 4211 ὄντα,
1153 4149 1250 4201 καὶ
1290 4148 1563 4220 Ῥωμαῖον
1603 4170 1824 4224 χρημα-

237 4241 411 4295 τίσαι.
445 4242 556 4294 Καὶ
588 4239 695 4310 γὰρ
719 4241 813 4294 καὶ
837 4243 957 4295 κατ’
992 4243 1180 4313 ἄνδρα,
1215 4244 1404 4316 ὥσπερ
1427 4249 1454 4300 ὁ
1481 4249 1707 4314 Λυσίας,
1730 4253 1826 4305 καὶ

242 4333 426 4397 πόλεις
455 4333 762 4406 ὁλόκληροι,
786 4335 886 4406 τὴν
929 4335 1218 4406 Ῥωμαίων
1257 4338 1469 4409 κλῆσιν,
1517 4340 1825 4410 ἀλλογενεῖς

1927 1868 2286 1938 ortuquidem
2314 1871 2550 1940 generis,
2584 1882 2639 1924 et
2663 1871 2798 1938 legis
2824 1869 3078 1924 Mosaicae
3113 1871 3412 1925 secundum
3438 1870 3519 1924 in-

1929 1961 2302 2028 stitutionem,
2326 1961 2550 2017 Judams
2568 1962 2672 2016 fuit
2697 1980 2712 2028 ;
2756 1961 2989 2016 Tarsum
3017 1964 3250 2017 habebat
3265 1963 3514 2032 patriam,

1931 2053 2026 2107 ubi
2060 2063 2238 2108 mater
2283 2065 2482 2125 partus
2520 2055 2806 2110 doloribus
2838 2058 3078 2110 relevata
3107 2072 3232 2112 eum
3265 2055 3472 2126 peperit
3499 2071 3516 2118 ;

1927 2154 2137 2212 patrem
2167 2144 2379 2198 civibus
2409 2135 2677 2201 Roinanis
2697 2147 3022 2217 ascriptum,
3047 2148 3128 2202 vel
3145 2149 3516 2201 Romanorum

1930 2233 2269 2304 indulgentia
2333 2234 2416 2288 vel
2474 2237 2683 2290 nummi
2742 2238 3011 2292 numerati
3067 2239 3320 2305 edidere;
3393 2238 3520 2292 hinc

1928 2325 2210 2380 Romanus
2236 2327 2352 2396 ipse
2375 2328 2682 2394 dicebatur,
2715 2339 2770 2384 et
2792 2341 2930 2385 erat.

2001 2417 2272 2484 Quocirca
2299 2435 2423 2473 cum
2449 2421 2516 2474 ad
2547 2437 2672 2474 eum
2700 2421 2890 2492 Lysias
2937 2424 3165 2485 diceret,
3195 2423 3386 2491 Magna
3417 2440 3520 2494 ego

1931 2513 2160 2580 pecunia
2183 2512 2499 2567 civilitatem
2534 2514 2821 2579 liancemi,
2856 2517 3139 2584 respondit
3162 2536 3174 2570 :
3197 2517 3306 2585 Ego
3333 2527 3517 2571 autem

1927 2621 1984 2660 et
2022 2616 2183 2661 natus
2219 2622 2382 2669 sum;
2449 2623 2557 2660 non
2621 2617 2807 2663 autem
2845 2608 3034 2664 Romze
3061 2625 3120 2663 se
3149 2621 3336 2663 natum
3369 2611 3518 2676 vult;

1931 2713 2036 2750 non
2063 2699 2211 2753 enim
2236 2714 2294 2751 se
2323 2698 2512 2768 Lysias
2563 2699 2764 2753 ibidem
2796 2709 2984 2753 natum
3008 2702 3369 2769 gloriabatur,
3428 2712 3523 2756 aut

1928 2793 2313 2854 contendebat,
2370 2793 2465 2846 sed
2534 2793 2588 2845 in
2662 2794 2762 2848 hac
2825 2792 3071 2846 Romana
3127 2795 3518 2864 appellatione,

1929 2893 1984 2938 et
2023 2884 2167 2936 civili
2225 2884 2347 2953 ejus
2399 2894 2569 2950 Statu,
2633 2884 2686 2938 in
2742 2901 2849 2956 qua
2898 2897 2952 2940 et
2981 2889 3096 2955 ipse
3127 2903 3186 2940 se
3221 2888 3522 2941 consistere

1934 2991 2047 3045 pra:
2090 2992 2148 3030 se
2189 2975 2418 3030 ferebat.
2467 2978 2567 3032 Cui
2597 2977 2820 3034 divinus
2847 2977 3046 3034 Paulus
3073 2980 3280 3036 directo
3310 2996 3524 3036 sermo-

1936 3085 2004 3122 ne
2033 3071 2129 3132 ail,
2185 3078 2396 3124 tantum
2455 3086 2562 3125 non
2613 3071 2733 3141 ejus
2768 3072 2998 3140 spiritus
3033 3073 3354 3143 deprimens
3391 3093 3404 3129 :
3437 3074 3518 3128 Τιι

1934 3160 2156 3228 quidem
2215 3163 2349 3215 mibi
2412 3163 2673 3217 novitiain
2734 3179 2930 3218 narras
2985 3165 3345 3230 nobilitatem,
3413 3177 3522 3223 eta

1937 3253 2222 3320 temetipso
2250 3263 2519 3317 exortam,
2552 3263 2607 3310 at
2636 3256 2768 3309 mihi
2804 3258 2946 3310 cedit
2977 3258 3092 3312 haec
3128 3262 3518 3329 praerogativa,

1933 3356 1964 3394 a
1991 3341 2296 3409 majoribus
2332 3340 2580 3409 fundata,
2624 3351 2678 3398 et
2713 3359 2809 3413 per
2835 3353 3118 3414 paternam
3149 3349 3380 3417 gloriam
3418 3365 3518 3402 no-

1935 3431 2136 3486 minala
2180 3435 2246 3487 ad
2272 3448 2360 3487 me
2392 3433 2659 3488 derivata.
2694 3435 2808 3491 Iloc
2841 3438 2933 3492 ille
2961 3439 3176 3502 audito,
3209 3448 3263 3494 et
3296 3455 3524 3509 persna—

1935 3538 2031 3576 sus
2061 3523 2206 3592 quod
2237 3523 2524 3579 Romanus
2555 3533 2692 3589 erat,
2752 3541 3047 3596 propterea
3091 3529 3232 3598 quod
3278 3531 3522 3585 verberi-

1934 3611 2036 3663 bus
2084 3610 2411 3674 cecidisset,
2484 3613 2540 3666 in
2578 3615 2832 3667 timorem
2895 3625 2952 3668 et
3011 3617 3519 3686 pusillanimitatem

1933 3716 2208 3756 conversa
2286 3702 2592 3770 iracundia,
2658 3707 3072 3774 coarctabatur;
3130 3724 3253 3762 nam
3303 3726 3399 3778 per
3431 3712 3520 3766 illa

1930 3809 2177 3867 tempora
2235 3798 2586 3854 deferebatur
2652 3801 2830 3858 honor
2885 3819 2995 3858 non
3047 3804 3224 3860 solum
3259 3805 3521 3862 Romanis

1930 3890 2224 3959 indigenis,
2280 3892 2374 3946 sed
2417 3901 2472 3946 et
2521 3892 2587 3946 iis
2651 3894 2853 3963 quibus
2924 3897 3013 3950 illa
3086 3901 3375 3968 appellatio
3435 3902 3518 3956 vel

1927 3999 2026 4053 per
2057 3985 2314 4054 gratiam,
2348 3985 2431 4040 vel
2468 4001 2567 4054 per
2600 3987 2890 4054 pecuniam
2941 4004 2970 4044 e
2998 3991 3115 4061 lege
3148 3992 3366 4046 cederet
3384 3995 3410 4060 ;'
3431 3997 3514 4049 ni-

1929 4077 2006 4130 bil
2050 4091 2181 4146 ergo
2238 4079 2457 4142 obstat,
2525 4078 2774 4134 divinum
2831 4081 3240 4146 Paulum,cum
3296 4083 3519 4144 Iudaeus

1926 4179 2093 4235 esset,
2121 4168 2430 4224 Romanum
2481 4173 2754 4227 nominari
2786 4192 2799 4228 :
2852 4189 2976 4228 nam
3010 4184 3063 4230 et
3103 4176 3304 4230 viritim
3341 4179 3516 4244 inulti,

1929 4273 1989 4316 ut
2060 4261 2276 4332 Lysias,
2342 4275 2397 4318 et
2451 4264 2677 4336 integrae
2734 4266 3023 4322 confertim
3091 4271 3342 4326 civitates
3393 4288 3518 4327 cum

1925 4363 2200 4409 extranea:
2223 4366 2432 4420 essent,
2476 4357 2694 4411 titulum
2725 4357 3106 4414 Romanorum
3138 4363 3336 4417 civinm
3378 4364 3430 4417 in
3459 4381 3520 4420 se

236 4424 418 4492 οὖσαι,
441 4429 522 4491 είς
551 4429 750 4492 ἐαυτάς
773 4429 1183 4499 ἐφειλκύσαντο.
1219 4434 1326 4485 Καὶ
1361 4433 1446 4486 ἵνα
1473 4433 1567 4486 νῦν
1595 4435 1664 4488 τά
1691 4436 1823 4490 ἄλλα

1931 4446 2269 4501 derivarunt.
2301 4445 2373 4501 Ut
2399 4460 2596 4503 caetera
2637 4452 3076 4519 praetermittam,
3131 4455 3261 4509 audi
3311 4454 3518 4526 Philip-

242 4521 423 4591 παρῶ,
458 4521 691 4576 ἄκουσον
710 4521 1107 4593 Φιλιππησίους
1123 4525 1272 4589 ὅπως
1286 4527 1513 4591 ἑαυτοὺς
1529 4528 1823 4599 Ῥωμαίους

1931 4553 2145 4606 penses,
2181 4548 2240 4594 ut
2278 4555 2337 4595 se
2367 4541 2513 4595 cives
2537 4542 2818 4597 Romanos
2853 4543 3196 4614 gloriantur:
3222 4563 3343 4600 cum
3371 4551 3518 4603 enim

238 4614 724 4684 ἀποσεμνύνουσιν.
798 4615 992 4669 Ἦνίκα
1039 4617 1149 4688 γὰρ
1203 4617 1414 4682 Παῦλος
1463 4620 1524 4673 τὸ
1577 4621 1823 4687 Πυθῶνος

1931 4627 2132 4684 Paulus
2155 4630 2202 4661 ⁸⁸
2230 4631 2485 4700 spiritum
2517 4630 2882 4703 Pythonicum
2922 4651 2953 4690 e
2998 4637 3182 4706 puella
3218 4639 3520 4709 expulisset

240 4704 461 4774 πνεῦμα
501 4708 603 4776 τῆς
642 4705 934 4776 παιδίσκης
979 4707 1248 4777 ἀπήλασε,
1303 4709 1400 4763 καὶ
1450 4712 1584 4782 πρὸς
1633 4712 1821 4784 ὀργὴν,

1931 4721 2186 4792 illiusque
2221 4723 2478 4779 dominus
2514 4725 2606 4794 qui
2652 4726 2861 4796 gratias
2889 4704 3140 4794 debebat,
3167 4731 3236 4784 ob
3257 4704 3376 4785 eam
3405 4747 3518 4786 rem

240 4796 414 4866 αὐτῆς
435 4797 483 4849 οί
514 4797 718 4868 κύριοι,
741 4796 858 4850 δέον
882 4798 1247 4868 εὐχαριστεῖν,
1274 4799 1704 4872 ἀνεφλέχθησαν,
1732 4804 1823 4858 καὶ

1931 4812 2004 4867 ira
2037 4812 2405 4870 inﬂammatus
2448 4813 2827 4874 benefactores
2863 4819 2921 4873 in
2972 4819 3153 4875 forum
3210 4823 3277 4878 ad
3319 4825 3519 4893 magis-

238 4891 368 4954 τοὺς
405 4890 702 4962 εὐεργέτας
746 4891 827 4954 είς
872 4890 970 4962 τὴν
1012 4891 1219 4959 ἀγορὰν
1253 4895 1346 4946 ἐπὶ
1387 4893 1514 4959 τοὺς
1556 4896 1823 4968 ἄρχοντας

1931 4913 2134 4960 tratum
2199 4905 2497 4974 adductos,
2561 4909 2825 4965 tribunali
2880 4911 3133 4968 sisteret:
3170 4913 3288 4981 Isti,
3318 4890 3514 4985 inquit,

237 4982 476 5046 εῖλκυον,
519 4983 664 5036 οὕτω
702 4983 886 5052 φασίν
940 4978 1098 5037 Οὗτοι
1139 4985 1190 5036 οί
1235 4984 1512 5057 ἄνθρωποι
1555 4988 1823 5060 ἐκταράσυ

1931 4997 2204 5064 homines,
2261 5015 2384 5053 cum
2439 5001 2770 5070 sintJudaai,
2824 5005 3094 5061 civitatem
3129 5019 3372 5064 nostram
3403 5019 3518 5066 tur-

238 5089 424 5128 σουσιν
457 5075 614 5146 ἡμῶν
662 5075 760 5146 τὴν
790 5076 965 5142 πόλιν,
1004 5075 1253 5130 Ἰουδαῖοι
1285 5077 1640 5150 ὑπάρχοντες.
1687 5078 1823 5136 Εἶτα

1931 5089 2096 5156 bant;
2145 5092 2480 5147 annuntiant
2528 5095 2674 5149 enim
2726 5111 2867 5150 nova
2905 5098 3065 5153 nobis
3116 5099 3366 5156 instituta
3394 5118 3520 5173 qua:

235 5169 333 5223 καὶ
373 5169 837 5238 καταγγέλλουσιν
874 5170 972 5241 ἔθη
1008 5171 1045 5225 ἃ.
1089 5171 1191 5224 οὐκ
1238 5171 1448 5239 ἔξεστιν
1477 5177 1610 5246 ἡμῖν
1640 5193 1823 5248 παρα-

1931 5181 2224 5239 admittere
2256 5200 2367 5240 non
2398 5185 2549 5253 licet,
2615 5204 2740 5244 cum
2803 5189 3039 5245 Romani
3090 5192 3285 5249 simus.
3317 5169 3514 5259 Audis.

233 5260 488 5332 δέχεσθαι
528 5261 648 5315 οὐδὲ
687 5265 884 5329 ποιεῖν,
928 5265 1222 5336 Ῥωμαίοις
1256 5261 1427 5322 οὖσιν,
1488 5268 1650 5341 Ὁρᾷς
1679 5271 1823 5334 ὅπως

1931 5286 1984 5330 ιιι
2049 5277 2432 5350 Philippenses
2489 5281 2718 5336 Romani
2779 5282 3128 5351 dicebantur,
3193 5296 3249 5342 et
3298 5289 3402 5358 ipsi
3457 5304 3517 5343 se

235 5355 285 5406 οἱ
325 5355 683 5425 Φιλιππήσιοι
728 5355 985 5427 Ῥωμαῖοί
1015 5375 1074 5410 τε
1122 5360 1513 5430 ἐχρημάτιζον,
1541 5362 1637 5416 καὶ
1683 5363 1818 5417 Ῥω-

1931 5366 2198 5425 Romanos
2253 5373 2570 5443 nominant;
2621 5373 2997 5449 Pliilippenses
3050 5394 3079 5432 a
3134 5355 3516 5450 patria—dice-

295 5524 343 5556 “
375 5523 498 5579 Act.
526 5535 682 5587 unt,
711 5523 799 5577 27.

1502 5635 1737 5693 νΑιιιΑῖ
1771 5627 2213 5698 ι.εοτιοΝΕδ.’

309 5732 333 5769 δ
364 5730 472 5784 καί.
543 5728 576 5779 .h
603 5727 838 5798 Τάρσου.
923 5728 939 5767 ί
968 5728 1058 5781 τὸν
1087 5726 1166 5781 δέ.
1250 5726 1262 5776 ι
1300 5727 1439 5783 ὅθεν.

594 5823 862 5882 Ρλτιιοι..
901 5823 1018 5883 Gn.
1050 5821 1152 5881 Cl.

3049 5843 3125 5904 31
