3902 6212
421 273 530 338 963

1580 275 1846 337 ΡΗΟΤΙΙ
1880 278 2386 339 PATRIARCH/E
2413 282 2521 342 ΟΡ.

3574 291 3689 356 θοι

416 393 637 456 bantur,
653 388 883 445 Romani
901 404 1000 462 per
1018 388 1314 447 decretum.
1335 388 1474 456 Quid
1502 389 1728 462 impedit
1744 408 1896 463 ergo,
1917 408 1999 464 po-

2114 396 2307 465 μαίους
2336 397 2564 460 ἐαυτοίις
2596 394 2984 468 ἐξονομάζουσι
3004 416 3019 431 ο
3050 399 3113 454 τὸ
3135 400 3235 472 μὲν
3258 401 3477 473 ἔχοντες
3499 405 3567 458 ἐκ
3586 425 3694 459 παρ

417 479 527 534 tius
554 480 697 535 unde
724 495 832 534 non
850 480 999 536 clare
1027 488 1262 546 constat,
1292 480 1513 536 beatum
1532 479 1759 536 Paulum
1783 484 1874 552 qui
1906 481 2005 537 Ju-

2107 486 2309 557 τρίδος,
2355 488 2414 540 τὸ
2450 487 2528 551 δέ,
2573 489 2682 559 ἀπὸ
2735 488 3125 560 ψηφισμάτων.
3156 490 3222 545 Τί
3262 489 3354 547 οὖν
3404 496 3691 564 ἐμποδώνς

416 569 564 624 (lacus
579 576 719 634 erat,
738 579 794 625 et
806 569 1115 625 Romanum
1136 569 1311 626 fuisse
1326 571 1349 624 ?
1366 570 1563 642 Liquet
1583 573 1727 627 enim
1741 587 1850 627 non
1878 572 1999 630 tuis

2109 577 2309 649 μᾶλλον
2340 577 2417 643 δὲ,
2458 578 2578 642 πῶς
2601 579 2661 633 ού
2697 581 2990 651 γεγένηται
3024 584 3283 654 φανερὸν,
3316 588 3413 640 καί
3461 588 3557 642 τὸν
3588 608 3695 658 μα-

417 677 477 717 se
494 662 856 733 imposturam
875 674 971 719 aut
985 664 1254 720 mendacii
1272 674 1616 734 praetextum,
1634 668 1781 737 quod
1805 667 2004 724 Paulus

417 755 651 809 Romani
681 757 902 811 titulum
950 756 1055 813 sibi
1084 757 1401 813 vindicarit.
1428 756 1488 811 Si
1521 759 1799 814 nonnullis
1826 774 1885 814 se
1911 761 2009 813 .lu-

415 847 593 902 datum
658 850 1025 919 proﬁteretur,
1092 849 1219 905 aliis
1282 865 1343 905 sc
1398 861 1619 906 vocaret
1666 851 2001 915 Romanum,

419 939 565 996 ﬁctio
598 941 691 997 illa
752 942 819 997 de
873 942 1192 1011 deceptione
1244 942 1486 1012 aliquam
1530 944 1764 1012 speciem
1794 960 1905 1014 pra:
1942 959 2002 1000 se

418 1032 639 1088 ferret:
698 1033 843 1104 quod
896 1033 943 1089 si
967 1034 1110 1103 apud
1162 1035 1386 1089 eosdem
1445 1044 1746 1105 utrumque
1778 1052 1837 1092 se
1872 1051 2000 1092 esse

418 1126 731 1192 contendat,
768 1134 917 1181 certe
968 1126 1123 1181 valde
1168 1128 1394 1182 stultum
1450 1126 1594 1184 foret
1654 1129 1996 1197 existimare,

417 1218 566 1288 quod
599 1218 943 1273 mendacium
1026 1220 1337 1290 meditatus,
1381 1222 1513 1277 illud
1554 1222 1824 1293 imprimis
1864 1218 1999 1293 Apro-

414 1318 659 1378 poneret,
688 1316 742 1363 et
770 1293 899 1363 au'te
931 1309 1036 1363 alia
1068 1311 1355 1377 fateretur,
1392 1313 1535 1367 unde
1570 1329 1735 1384 quam
1767 1314 1996 1384 expedi-

415 1400 632 1455 tissime
678 1400 805 1454 ﬁcta
856 1400 1101 1470 proferre
1150 1404 1589 1459 convinceretur.
1630 1405 1803 1476 Magis
1834 1406 1999 1476 perti-

416 1493 598 1558 nebat,
659 1492 729 1548 ad
786 1496 1062 1549 hominem
1107 1497 1233 1567 jure
1295 1497 1659 1553 conﬁdentem
1691 1500 1993 1556 secundum

414 1580 492 1636 rei
519 1589 795 1648 naturam,
827 1592 881 1639 et
913 1586 1198 1639 veritatem
1232 1585 1437 1650 dicere,
1461 1604 1581 1658 qua:
1606 1591 1759 1644 omni
1788 1590 1995 1646 calum-

414 1672 528 1737 nia,
559 1676 895 1744 suspicione,
926 1675 1164 1731 falsitate
1191 1676 1466 1733 eﬁicacior
1492 1688 1667 1752 estget
1701 1682 1990 1746 illustrior,

2105 671 2294 740 κάριον
2323 669 2533 723 Παῦλον
2577 671 2827 725 Ἰουδαῖον
2864 672 3014 738 ὄντα,
3045 677 3142 729 καὶ
3186 676 3462 746 Ῥωμαῖον
3507 675 3691 747 clvas;

2108 761 2270 829 Δῆλον
2298 761 2355 812 δὲ
2396 760 2710 827 κάντεῦθεν,
2737 763 2813 827 ὡς
2856 765 2957 818 οὐκ
2988 766 3201 837 ἀπάτης
3256 763 3326 839 ἦν
3367 769 3402 840 ἢ
3461 770 3692 837 ψεύδους

2102 843 2401 922 πρόσχημα
2450 852 2528 923 τῷ
2588 853 2805 926 Παύλῳ,
2861 856 2960 927 τῆς
3000 857 3318 931 Ῥωμαῖκῆς
3370 862 3624 934 κλήσεως
3656 869 3688 934 ἡ

2102 945 2396 1010 οἰκείωσις.
2430 948 2494 999 El
2521 946 2630 1018 γὰρ
2659 948 2798 1019 πρὸς
2836 948 3027 1013 ἄλλους
3062 953 3163 1022 μὲν
3208 953 3463 1008 Ἰουδαῖον
3497 956 3693 1010 ἐαυτὸν

2102 1036 2309 1103 ἐκάλει,
2354 1039 2628 1110 Ῥωμαῖον
2671 1039 2728 1093 δέ
2766 1040 2905 1109 πρὸς
2948 1042 3192 1115 ἐτέρους,
3235 1042 3381 1116 εἶχεν
3412 1048 3481 1101 ἂν
3528 1049 3565 1119 ή
3592 1050 3692 1117 τῆς

2100 1130 2319 1201 ἀπάτης
2348 1132 2520 1203 σκηνή
2561 1150 2685 1186 τινα
2714 1132 2893 1203 λόγον.
2932 1135 2996 1187 Et
3040 1136 3098 1189 δέ
3131 1137 3270 1207 πρὸς
3317 1139 3449 1202 τοὺς
3491 1140 3694 1204 αὐτοὺς

2098 1220 2385 1293 ἀμφότερα
2425 1222 2735 1289 διετείνετο,
2780 1224 2898 1289 πῶς
2922 1226 2985 1279 ού
3023 1225 3147 1281 λίαν
3170 1226 3367 1298 εὔηθες
3411 1231 3691 1296 ὑπονοεῖν,

2099 1309 2183 1362 ὃτι
2209 1309 2403 1376 ψεῦδος
2429 1311 2605 1364 εἰπεῖν
2649 1312 2977 1383 μελετήσας,
3029 1316 3207 1369 ἐκεῖνο
3264 1316 3549 1387 προύθηκε
3598 1322 3694 1373 καὶ

2099 1400 2669 1474 προδιωμολογήσατο,
2702 1404 2770 1458 δι’
2789 1400 2852 1460 οὗ
2885 1406 3086 1475 μᾶλλον
3120 1407 3186 1462 ἄν
3215 1427 3301 1473 τις
3323 1410 3694 1483 πεπλασμένα

2098 1489 2273 1561 λέγων
2315 1493 2693 1565 ἐξελέγχοιτο;
2725 1495 3069 1568 Θαρῤοὖντος
3105 1500 3215 1571 γάρ
3259 1503 3463 1571 μᾶλλον
3507 1500 3584 1575 ἦν
3616 1506 3694 1569 ὡς

2097 1583 2314 1655 ἀληθῶς
2349 1588 2417 1657 τῇ
2444 1586 2552 1639 τῶν
2589 1589 2933 1658 πραγμάτων
2956 1591 3136 1661 φύσει,
3174 1595 3270 1647 καὶ
3298 1596 3399 1665 τὴν
3422 1595 3692 1665 ἀλήθειαν

2097 1675 2332 1745 ἔχοντος,
2363 1677 2617 1750 διαϐολῆς
2645 1681 2865 1752 ἀπάσης
2893 1684 2988 1736 καὶ
3009 1685 3282 1751 ,ὑπονοίας
3322 1690 3414 1740 καὶ
3456 1688 3693 1757 ψεύδους

414 1765 559 1835 apud
602 1766 751 1835 ipsos
792 1770 1096 1838 praesertim
1145 1769 1198 1823 in
1233 1770 1395 1838 pleno
1429 1786 1691 1828 consessu
1747 1772 1993 1837 .ludazos,

2101 1769 2499 1841 ἐναργεστέραν
2542 1789 2604 1825 τε
2646 1776 2741 1826 καὶ
2794 1774 3205 1848 λαμπροτέραν,
3256 1779 3315 1832 τὸ
3371 1755 3510 1851 πρδς
3560 1783 3693 1846 τοὺς

419 1875 482 1916 se
504 1858 749 1915 Judaeum
787 1862 1085 1927 declarare,
1146 1874 1197 1918 et
1228 1866 1375 1933 quod
1403 1862 1689 1921 Tarsensis
1718 1869 1912 1936 patria,
1944 1878 1999 1922 et

416 1951 491 2006 ita
546 1952 766 2007 demum
831 1955 979 2024 quod
1027 1955 1308 2012 Romanus
1359 1967 1517 2012 erat:
1566 1972 1748 2027 eoque
1810 1961 1995 2030 potius

417 2043 564 2114 quod
590 2059 696 2099 non
741 2047 929 2110 semel,
976 2062 1075 2101 nec
1121 2049 1333 2104 occulte
1358 2064 1416 2105 se
1461 2045 1768 2112 Romanum
1828 2052 1993 2122 proﬁ-

418 2145 650 2200 teretur,
701 2137 794 2192 sed
846 2137 931 2193 bis
972 2147 1122 2193 terve
1176 2140 1462 2195 tribunum
1500 2140 1873 2208 terrefaciens,
1904 2142 1998 2213 qui

416 2228 642 2282 omnino
665 2228 718 2282 in
750 2227 991 2285 furorem
1027 2246 1328 2288 conversus
1361 2233 1577 2301 fuisset,
1619 2234 1664 2288 si
1701 2233 1995 2290 falsitatem

420 2330 545 2390 post
576 2331 888 2377 accuratam
918 2323 1297 2393 quaestionem,
1352 2327 1417 2380 ad
1452 2341 1618 2396 quam
1667 2328 1998 2383 incitabatur

422 2428 525 2485 per
554 2415 703 2469 illam
740 2415 1177 2480 aﬂirmationem,
1220 2418 1536 2487 reperisset.
1568 2418 1753 2475 Facile
1792 2421 1997 2478 idcirco

423 2506 673 2563 ediscere
700 2507 1004 2577 poterimus
1041 2524 1072 2561 e
1118 2508 1305 2563 multis
1351 2511 1722 2578 praeostensis,
1776 2512 1995 2567 beatum

420 2598 648 2653 Paulum
707 2598 1015 2653 Romanum
1048 2598 1373 2667 exstitisse;
1426 2602 1697 2671 imprimis
1749 2606 1818 2659 ab
1867 2605 1999 2660 insi—

415 2691 576 2745 dente
610 2689 713 2759 ipsi
746 2691 992 2752 veritate,
1026 2690 1184 2758 cujus
1221 2706 1397 2760 praeco
1429 2697 1853 2763 agnoscebatur,
1880 2706 1996 2752 tum

414 2783 560 2853 quod
621 2796 744 2837 cum
804 2780 1015 2836 sistitur
1072 2783 1356 2848 tribunali,
1396 2785 1632 2853 seipsum
1688 2784 1997 2843 Romanum

415 2873 738 2941 proclamat.
776 2871 961 2927 Tertio
992 2874 1138 2943 quod
1182 2887 1309 2927 cum
1348 2873 1415 2928 de
1466 2874 1772 2944 impostura
1812 2887 1866 2932 et
1890 2877 1999 2933 fal-

416 2963 570 3019 laciis
598 2963 986 3034 postularetur,
1023 2980 1132 3019 non
1164 2966 1268 3019 nisi
1308 2965 1538 3020 ridicule
1564 2977 1617 3020 et
1647 2968 2000 3038 impudenter

417 3059 635 3114 mentiri
665 3068 874 3128 poterat
904 3078 919 3115 :
955 3070 1008 3115 et
1035 3063 1178 3129 quod
1214 3075 1344 3124 non,
1380 3070 1439 3115 ut
1470 3061 1549 3127 ﬁt,
1587 3062 1816 3118 fortuito
1848 3065 1996 3120 illam
2028 3087 2070 3145 ο

416 3164 605 3206 vocem
629 3151 930 3214 emittebat,
967 3160 1063 3205 aut
1086 3151 1321 3219 joculari
1366 3154 1601 3222 quadam
1646 3155 2001 3213 simulatione

419 3258 573 3309 usus,
606 3242 752 3312 quod
790 3245 917 3313 quis
947 3242 1218 3312 suspicari
1253 3245 1446 3313 possit,
1479 3244 1572 3300 sed
1600 3254 1659 3300 ut
1704 3262 1765 3303 se
1796 3249 2004 3304 exime-

310 3370 313 3371 ν
419 3344 504 3389 ret
541 3348 571 3387 a
602 3334 911 3398 tormentis,
965 3343 1018 3389 et
1075 3333 1392 3404 pra-fectum
1429 3336 1802 3393 terrefaceret.
1835 3340 2003 3394 Porro

419 3421 567 3491 quod
599 3420 817 3492 Lysiam
854 3422 909 3477 in
936 3437 1068 3479 suas
1094 3432 1276 3494 partes
1327 3426 1614 3494 pertraxit,
1656 3438 1715 3483 ut
1741 3444 1773 3483 a
1803 3438 2001 3485 contu-

419 3514 582 3568 inelia
610 3513 891 3568 inferenda
916 3513 1217 3570 abstineret
1244 3533 1259 3582 ;
1307 3525 1363 3571 et
1393 3518 1539 3587 quod
1578 3517 1771 3590 Lysias
1794 3522 1862 3576 ad
1892 3522 2001 3576 Fe-

421 3604 581 3659 licem
614 3603 854 3676 scripsit,
883 3620 945 3661 se
981 3606 1209 3663 Paulum
1254 3607 1562 3663 Romanum
1594 3611 1767 3666 civem
1816 3628 1847 3667 a
1894 3611 2001 3669 Ju-

418 3698 661 3752 daaorum
713 3698 1017 3768 sanguineo
1049 3698 1235 3754 furore
1267 3700 1560 3757 exemisse.
1592 3702 1659 3757 Et
1682 3712 1830 3758 certe
1852 3704 2004 3760 Felix

422 3787 546 3843 licet
575 3787 812 3842 voluerit
856 3786 1063 3845 Iudaeis
1092 3789 1410 3860 gratiﬁcari,
1448 3793 1515 3845 de
1562 3793 1655 3846 tali
1690 3794 2006 3864 suspicione

421 3893 492 3934 ne
545 3879 821 3948 cogitabat
853 3880 1071 3949 quidem
1120 3900 1135 3938 :
1189 3882 1459 3951 imprimis
1498 3886 1670 3939 refelli
1693 3902 1801 3941 non
1827 3896 2006 3957 potest

423 3969 576 4036 illud,
612 3972 760 4040 quod
800 3987 934 4041 gens
955 3971 1267 4027 Iudaeorum
1297 3983 1411 4029 tum
1435 3991 1702 4047 prmseus,
1731 3988 1787 4034 et
1815 3989 2004 4035 contra

422 4074 549 4115 eum
587 4061 789 4116 caedem
822 4062 1063 4132 spirans,
1094 4076 1148 4118 et
1196 4065 1271 4119 nil
1301 4081 1408 4119 non
1446 4082 1668 4134 ausura,
1697 4084 1805 4123 non
1837 4072 2005 4126 audc-

427 4155 557 4208 bant
612 4154 692 4209 illi
740 4155 918 4209 dicam
992 4155 1300 4211 istiusmodi
1352 4159 1621 4214 mendacii
1676 4160 2000 4215 inscribere.

401 4245 650 4300 "Accedit
703 4247 850 4315 quod
906 4248 1047 4316 apud
1096 4248 1316 4304 eosdem
1380 4260 1676 4319 utrumque
1723 4253 2003 4320 professus

424 4337 610 4401 fuerit,
642 4352 838 4407 nempe
880 4339 1024 4408 quod
1053 4337 1275 4394 Iudaeus
1300 4348 1354 4393 et
1379 4343 1526 4409 quod
1562 4342 1837 4396 Romanus
1862 4351 2000 4409 erat;

2098 1861 2320 1926 αὐτοὺς,
2375 1864 2472 1916 καὶ
2520 1863 2579 1915 ἐν
2630 1864 2914 1937 ὁλοκλήρῳ
2951 1866 3132 1937 δήμῳ,
3185 1868 3442 1923 Ἰουδαῖον
3489 1872 3692 1923 ἑαυτὸν

2099 1954 2414 2021 ἀνειπόντα,
2445 1956 2539 2009 καὶ
2574 1956 2673 2028 τὴν
2708 1958 2946 2029 πατρίδα
2973 1958 3056 2012 ὅτι
3095 1957 3366 2030 Ταρσεὺς,
3407 1959 3693 2029 Ῥωμαῖ.ν

2099 2045 2297 2117 ἐφεξῆς
2325 2047 2745 2117 ἀποφήνασθαι·
2774 2050 2869 2102 καὶ
2900 2049 3136 2119 μάλιστά
3171 2065 3256 2118 γε,
3300 2049 3384 2103 ὅτι
3412 2049 3515 2120 ούχ
3540 2048 3694 2114 ἅπαξ

2098 2139 2220 2192 ούδέ
2234 2138 2424 2212 ὥσπερ
2439 2139 2736 2208 λανθάνων,
2760 2142 2842 2208 τὸ,
2873 2142 3176 2211 Ῥωμαῖος,
3198 2144 3528 2214 ἐπήνεγκενο
3551 2142 3692 2196 ἁλλά

2098 2230 2193 2284 καὶ
2220 2229 2321 2296 δὶς,
2354 2232 2549 2295 καιέίς
2572 2230 2775 2304 τρίτον,
2811 2232 2905 2286 καὶ
2933 2233 3025 2286 τὸν
3056 2233 3333 2306 χιλίαρχον
3374 2234 3692 2303 δεδιττόμε-

2099 2336 2190 2384 νος
2209 2335 2223 2351 ⁶
2259 2319 2288 2374 ὃ
2318 2320 2554 2388 μάλιστα
2583 2321 2677 2375 καὶ
2704 2322 2784 2384 είς
2805 2321 2972 2392 ὀργήν
3013 2321 3227 2375 ἐκκαίει
3247 2320 3505 2391 καὶπρὸς
3524 2321 3693 2390 ἀκρι·

2099 2412 2387 2484 ϐεστὲραν,
2415 2414 2511 2467 καὶ
2541 2414 2668 2477 τούς
2700 2432 2763 2483 γε
2795 2414 2869 2485 μὴ
2905 2414 3284 2486 βουλομένους,
3326 2414 3579 2467 ἀνακινεῖ
3598 2412 3694 2467 καὶ

2102 2504 2436 2575 διανίστησιν
2455 2504 2704 2576 ἔρευναν.
2735 2506 2891 2559 Ἔστι
2912 2505 3092 2559 τοίνυν
3115 2505 3207 2559 τὸν
3229 2504 3517 2558 θεσπέσιον
3537 2502 3693 2557 Παῦ-

2102 2595 2213 2658 λον,
2236 2594 2322 2648 διά
2345 2596 2605 2650 πλειόνων
2626 2596 2701 2659 ὡς
2722 2596 2957 2667 ἐδείχθη,
2989 2598 3257 2667 Ῥωμαῖον
3273 2590 3416 2651 εἷναι
3438 2612 3695 2665 καταμα-

2101 2685 2232 2739 θεῖν·
2253 2686 2468 2757 πρῶτον
2499 2687 2598 2757 μὲν
2620 2687 2729 2740 ἀπὸ
2757 2687 2857 2759 τῆς
2890 2687 3198 2758 προσούσης
3218 2688 3365 2759 αὐτῷ
3395 2686 3693 2757 ἀληθείας*

2100 2776 2193 2830 καὶ
2235 2778 2317 2831 ὅτι
2348 2779 2521 2848 κήρυξ
2553 2778 2723 2850 αὐτῆς
2754 2779 3099 2849 ἐγνωρίζετο.
3144 2779 3431 2851 Δεύτερον,
3478 2780 3561 2833 ὅτι
3596 2779 3695 2831 καὶ

2100 2870 2367 2941 κριτηρίῳ
2402 2872 2762 2942 παρεστηκὼς
2788 2873 2979 2925 ἐαυτὸν
3011 2873 3278 2944 Ῥωμαῖον
3322 2874 3690 2943 ἀνεκήρυττε.

2100 2962 2207 3014 Kal
2224 2962 2423 3032 τρίτον,
2445 2964 2525 3015 ὃτι
2539 2965 2618 3027 εἰς
2633 2964 2847 3033 ἀπάτην
2864 2963 2958 3015 καὶ
2974 2963 3308 3035 κακουργίαν
3324 2964 3696 3031 συκοφαντούο

2104 3070 2285 3124 μενος,
2306 3055 2363 3108 ἐν
2377 3047 2421 3121 ᾧ
2434 3055 2557 3107 ούδέ
2574 3056 2665 3108 τὸν
2687 3055 2807 3109 λίαν
2825 3056 2997 3126 εὐήθη
3014 3056 3107 3108 καὶ
3122 3056 3315 3125 ἀναιδῆ
3333 3054 3696 3125 ἐνῆνδιαψεύ-

2107 3146 2321 3198 σασθαι.
2335 3147 2444 3199 Καὶ
2459 3146 2540 3199 ὅτι
2556 3148 2653 3216 οὑχ
2664 3147 2852 3211 ἁπλῶς
2866 3148 3043 3218 ἀφῆκε
3061 3147 3265 3217 ταύτην
3279 3147 3379 3218 τὴν
3398 3145 3584 3215 φωνὴν
3597 3146 3695 3198 καὶ

2105 3238 2501 3309 θρυπτόμενος,
2525 3239 2661 3310 ὅπερ
2689 3239 2754 3293 ἄν
2776 3256 2861 3303 τις
2888 3240 3016 3303 ἴσως
3047 3240 3144 3293 καὶ
3168 3240 3518 3310 ὑπερόψοιτο,
3550 3238 3693 3291 ἀλλὰ

2106 3329 2355 3400 βασάνων
2381 3331 2573 3382 ἑαυτὸν
2604 3329 2987 3401 ἐξαιρούμενος
3012 3331 3222 3385 καὶτὸν
3251 3332 3490 3402 ἄρχοντα
3516 3331 3695 3383 δεδιτ-

2102 3420 2349 3490 τόμενος.
2386 3420 2503 3473 Ἔτι
2529 3421 2586 3473 δὲ
2614 3421 2708 3474 καὶ
2748 3420 2807 3486 ἐξ
2836 3420 3001 3474 αὐτοῦ
3038 3419 3133 3473 τοῦ
3161 3420 3454 3474 πεπεῖσθαι
3480 3421 3695 3473 Λυσίαν

2104 3514 2200 3566 καὶ
2236 3513 2573 3585 ἀποσχέσθαι
2600 3517 2697 3585 τῆς
2718 3512 2947 3582 ὕϐρεως,
2976 3513 3069 3567 καὶ
3098 3515 3161 3566 ἐκ
3189 3513 3283 3567 τοῦ
3313 3514 3450 3584 πρὸς
3474 3513 3695 3585 Φήλικα

2103 3606 2160 3663 δὲ
2198 3609 2586 3673 διατείνασθαι,
2623 3610 2709 3663 ὅτι
2750 3607 3020 3679 Ῥωμαῖον
3047 3607 3176 3661 ὄντα
3202 3608 3293 3660 τὸν
3326 3606 3563 3671 Παῦλον,
3588 3609 3695 3676 τῆς

2117 3700 2413 3771 Ἰουδαϊκῆς
2444 3700 2758 3770 μιαιφονίας
2787 3699 3153 3767 ἐξείλατο.ιοῖο
3191 3698 3298 3770 μὴν
3333 3699 3468 3753 ἀλλά
3509 3701 3605 3755 καὶ
3630 3701 3691 3766 ἐξ

2102 3785 2180 3848 ὧν
2206 3791 2403 3864 Φήλικι
2430 3792 2554 3863 μηδ’
2576 3793 2656 3855 είς
2681 3792 2927 3856 ἐξέτασιν
2949 3790 3124 3846 ἐλθεῖν
3150 3792 3409 3864 τοιαύτης
3431 3794 3694 3859 ὑπονοίας

2100 3884 2419 3953 ἐξεγένετο,
2482 3882 2659 3937 καίτοι
2700 3883 3019 3954 χαρίζεσθαι
3065 3883 3345 3946 Ἰουδαίοις
3388 3901 3693 3955 προαιρου-

2109 3973 2255 4044 μένῳ
2284 3974 2376 4025 κοιλ⁸
2429 3972 2740 4026 σπεύδοντιο
2770 3973 2865 4026 καὶ
2910 3973 2971 4025 τὺ
3015 3972 3221 4043 σφόδρα
3266 3974 3691 4045 ἀναντίρρητον,

2104 4065 2188 4118 ὅτι
2216 4065 2336 4119 οὑδὲ
2355 4063 2464 4117 τῶν
2514 4063 2786 4118 Ἰουδαίων
2810 4067 2838 4118 ὁ
2866 4066 3036 4137 δῆμος
3063 4064 3256 4136 παρὼν
3285 4066 3381 4119 καί⁵
3412 4066 3610 4134 φωνῶν
3633 4068 3691 4130 Β,

2105 4157 2201 4210 καὶ
2224 4156 2403 4211 πάντα
2426 4155 2660 4226 τολμῶν,
2684 4156 2794 4210 οὐδ’
2823 4159 3029 4219 ἐκεῖνος
3064 4158 3361 4228 ἐτόλμησεν
3389 4159 3484 4211 ἐπὶ
3512 4158 3693 4231 τούτῳ

2104 4248 2455 4318 ψευδολογίας
2503 4248 2670 4301 αὑτὸν
2703 4248 3037 4318 γράψασθαι.
3075 4250 3219 4319 Πρὸς
3268 4249 3327 4302 δέ
3374 4265 3439 4318 γε
3476 4250 3693 4315 τούτοις

2106 4340 2191 4393 ὃτι
2230 4339 2325 4393 καὶ
2352 4340 2490 4411 πρὸς
2516 4340 2714 4403 αὑτοὺς
2735 4341 2902 4409 ἄμφω
2933 4340 3058 4410 ἔφη,
3092 4342 3168 4404 ὡς
3214 4340 3462 4403 Ἰουδαῖός
3498 4360 3562 4396 τε
3592 4344 3694 4396 καὶ

423 4430 569 4500 quod
610 4446 769 4486 nemo
797 4431 966 4485 libere
994 4434 1237 4501 proﬁteri
1273 4434 1453 4495 vellet,
1503 4434 1606 4488 nisi
1641 4436 1734 4503 qui
1790 4435 1999 4489 veritati

2122 4434 2394 4503 Ῥωμαῖος
2418 4433 2502 4504 εἴη
2524 4449 2540 4465 ο
2568 4434 2704 4504 ὅπερ
2733 4434 2833 4487 ούκ
2857 4436 2921 4488 ἄν
2945 4452 3030 4498 τις
3063 4434 3136 4506 μὴ
3169 4434 3286 4488 λίαν
3318 4435 3597 4498 πεποιθὼς
3617 4440 3688 4508 τῇ

423 4538 774 4594 summopere
797 4524 1128 4591 conﬁderet;
1171 4540 1270 4579 nec
1297 4525 1620 4595 simpliciter
1647 4534 1881 4591 tantum,
1908 4528 2003 4583 sed

424 4616 732 4685 quod‘cum
766 4617 1169 4671 asseveratione
1202 4617 1553 4671 immauendo
1594 4618 1744 4671 illum
1782 4618 2001 4674 titulum

426 4725 539 4780 pra:
565 4723 625 4763 se
688 4708 875 4765 ferret.
906 4707 963 4762 Si
990 4709 1170 4763 adhuc
1197 4709 1389 4778 placet,
1424 4718 1477 4761 et
1509 4708 1661 4771 illud,
1698 4710 1842 4779 quod
1875 4712 2004 4764 viri-

428 4800 527 4854 tim
561 4808 618 4854 et
662 4800 901 4853 urbatim
924 4835 940 4861 ,
973 4795 1277 4850 Romanum
1307 4796 1543 4860 titulum,
1580 4797 1670 4865 qui
1705 4811 1811 4850 non
1846 4812 1999 4850 eam-

420 4890 543 4946 dem
586 4891 817 4960 patriam
853 4888 1223 4944 sortiebantur
1261 4904 1360 4957 per
1389 4888 1759 4957 psepliismata
1802 4902 2000 4942 consc-

421 4982 743 5050 qucbautur.
775 4981 953 5050 Atque
982 4980 1057 5034 ita
1113 4978 1484 5044 manifestum,
1544 4989 1596 5033 et
1652 4981 1773 5033 sine
1837 4979 2002 5035 dubio

419 5084 678 5128 constare
714 5072 972 5137 arbitror,
1007 5072 1153 5141 quod
1182 5070 1411 5135 Paulus,
1440 5071 1486 5125 si
1517 5071 1644 5140 quis
1679 5071 1822 5126 alius
1854 5071 1907 5124 in
1942 5088 2001 5126 re

418 5164 626 5234 aliqua,
679 5164 732 5218 in
765 5174 997 5233 utroque
1048 5178 1235 5218 verum
1275 5163 1434 5222 dixit.
1474 5164 1567 5233 qui
1624 5179 1684 5218 se
1741 5179 1867 5218 cum
1898 5163 1997 5217 Ju-

416 5258 598 5312 daeum
627 5256 866 5325 prodidit
892 5268 1004 5311 tum
1035 5257 1365 5311 Romanum.
1415 5261 1485 5309 At
1514 5255 1646 5325 quid
1672 5296 1687 5320 ,
1724 5256 1993 5325 inquient,

417 5364 600 5405 nonne
622 5348 970 5404 Christianus
998 5348 1141 5403 fuit?
1184 5347 1418 5404 Omnino
1467 5346 1588 5401 fuit.
1631 5346 1773 5412 Quid
1809 5347 1996 5416 igitur,

2103 4524 2352 4595 ἀληθείᾳ,
2383 4525 2817 4596 παρῤησιάσοιτο
2842 4541 2855 4553 ·
2892 4526 2988 4579 καὶ
3028 4528 3110 4580 ὅτι
3158 4526 3562 4597 διατεινόμενος
3590 4532 3690 4581 καὶ

2102 4616 2378 4685 ἐπιμένων
2400 4615 2498 4686 τὴν
2524 4616 2897 4685 προσηγορίαν
2918 4616 3310 4688 προύϐάλλετο·
3329 4620 3377 4670 εί
3399 4618 3579 4688 βούλει
3600 4617 3685 4681 δὲ,

2104 4710 2185 4761 ὅτι
2211 4709 2305 4762 καὶ
2354 4711 2475 4763 κατ’
2513 4708 2683 4779 ἄνδρα
2713 4712 2807 4764 καὶ
2860 4711 2997 4764 κατά
3030 4710 3213 4775 πόλεις
3240 4711 3350 4783 ετὴν
3391 4711 3686 4782 Ῥωμαίων

2104 4798 2316 4868 κλῆσιν,
2346 4800 2407 4852 ού
2440 4799 2646 4869 ταύτην
2684 4800 2939 4869 λαχόντες
2986 4801 3245 4871 πατρίδα,
3292 4801 3480 4854 πολλοὶ
3507 4803 3684 4873 ψηφίς

2104 4908 2306 4961 σμασιν
2363 4891 2763 4963 ἐκληρώσαντο.
2822 4893 2908 4960 Ἐξ
2955 4886 3032 4947 ὧν
3095 4888 3250 4964 οἶμαι
3306 4894 3539 4965 φανερὸν
3588 4897 3686 4949 καὶ

2098 4981 2585 5051 ἀναμφισϐήτητον
2607 4983 2959 5047 καθεστάναι,
2981 4984 3057 5047 ὡς
3078 4984 3137 5037 ἐν
3160 4986 3365 5055 ἀμφοῖν
3393 4988 3421 5038 ὀ
3445 4984 3681 5052 Παῦλος,

2096 5073 2256 5143 εἴπερ
2284 5089 2370 5135 τις
2386 5071 2576 5138 ἀλλος,
2605 5072 2860 5143 ήλήθευε,
2907 5074 3178 5144 Ῥωμαῖον
3203 5076 3393 5128 ἐαυτὸν
3419 5077 3514 5129 καὶ
3548 5077 3685 5130 Ἰου-

2094 5164 2241 5217 δαῖον
2270 5164 2727 5235 ἀποφαινόμενος.
2756 5166 2821 5218 Τί
2839 5166 2954 5230 οὖν,
2988 5168 3172 5237 φησὶν,
3198 5168 3299 5221 οὑκ
3324 5163 3392 5239 ἢν
3420 5169 3684 5238 Χριστια-

2094 5255 2211 5321 νός;
2247 5256 2359 5310 Kal.
2385 5256 2618 5326 μάλιστά
2646 5274 2729 5326 γε.
2763 5258 2888 5321 Πῶς
2910 5258 3002 5312 οὖν
3022 5259 3122 5313 οὐκ
3152 5260 3336 5313 ἐκάλει
3365 5260 3558 5313 ἑαυτὸν
3583 5263 3682 5314 καὶ

2091 5348 2269 5420 τούτῳ
2300 5349 2379 5420 τῷ
2410 5351 2671 5421 ὀνόματι;
2699 5351 2968 5409 Ἐνταῦθα
2996 5354 3249 5424 περιττὸν
3277 5350 3376 5426 ἦν’
3407 5357 3549 5424 ὑπὲρ
3568 5358 3681 5426 γὰρ

416 5458 524 5499 non
560 5457 656 5513 per
683 5441 789 5497 hoc
820 5456 1017 5497 nomen
1041 5457 1100 5497 se
1128 5441 1471 5498 nominavit?
1501 5439 1739 5503 Scilicet,
1772 5441 1826 5496 in
1868 5455 1999 5509 prae-

2101 5441 2295 5513 ταύτης
2325 5446 2423 5514 τῆς
2473 5442 2769 5516 θρησκείας
2798 5445 2893 5499 καὶ
2931 5445 3032 5516 τῆς
3064 5445 3312 5518 κλήσεως
3357 5448 3537 5503 πάντα
3568 5449 3677 5501 πά-

1641 5644 1877 5701 ΥΑΠΙΑΞ
1909 5642 2313 5700 LECTIONES.

501 5736 531 5776 ε
560 5739 662 5811 leg.
695 5739 892 5809 φονῶν.
