3902 6212
283 290 391 354 965

1195 288 1295 349 ΑΙ)
1353 285 1950 349 AMPHILOCHIUM
2010 285 2358 359 QUIESTIO
2413 284 2641 345 CCXII.

3449 280 3552 345 966

286 417 434 473 σχων
465 397 563 453 καὶ
620 396 883 464 ἐναθλῶν,
917 396 1257 469 διεκαρτέρει
1288 397 1382 450 καὶ
1412 396 1632 468 ἔχαιρεν
1655 414 1669 427 ·
1709 395 1873 459 αὑτός

1987 398 2117 454 senti
2146 412 2254 452 non
2289 405 2410 452 erat
2439 410 2618 466 Opus;
2656 409 2779 449 nam
2818 402 3038 464 propter
3062 394 3210 451 istud
3244 412 3462 469 nomen,
3495 412 3551 456 et

284 514 346 548 τε
374 489 441 565 ἦν
457 495 485 546 ό
508 491 898 554 διδασκαλίαις,
923 490 1020 543 καὶ¹
1051 488 1255 554 πόνοις,
1288 490 1384 542 καὶ
1412 488 1621 559 ἱδρῶσι,
1641 486 1867 558 πρώτην

285 586 514 641 ἁπασῶν
535 584 746 638 πόλεων
773 583 872 654 τὴν
911 582 1267 653 Ἀντιόχειαν.
1298 585 1365 653 τῇ
1398 582 1505 635 τῶν
1528 580 1869 651 Χριστιανῶν

286 680 480 750 κλήσει
510 676 940 746 παρασκευάσας
969 674 1498 745 ἐγκαλλωπίζεσθαι.
1532 675 1596 727 El
1626 672 1681 726 δὲ
1715 673 1795 726 δεῖ
1818 690 1872 725 τι

288 772 381 825 καὶ
438 770 681 839 ἱστορίας
733 767 1075 833 ἐπακοῦσαι,
1134 766 1354 836 λέγεταί
1406 784 1490 830 τις
1538 768 1618 829 είς
1671 765 1873 835 πολλὴν

290 862 628 933 ἀρχαιότητα
658 860 995 930 ἁνηγμένος·
1024 858 1099 922 ὼς
1130 861 1163 928 ή
1197 858 1291 911 τοῦ
1332 858 1593 928 Βενιαμὶν
1638 850 1781 927 φυλὴ
1816 857 1874 908 ἐν

290 952 627 1026 Παλαιστίνῃ
656 951 969 1022 ριζωθεῖσα,
1017 951 1179 1022 μέχρι
1210 950 1320 1003 τῶν
1369 953 1470 1022 τῆς
1513 949 1744 1013 Ἰταλίας
1777 966 1874 1019 μεο

294 1044 403 1114 ρῶν
424 1047 523 1108 τὰς
556 1044 792 1115 βλάστας
818 1044 1183 1108 ὑπεξέτεινεν,
1213 1042 1364 1113 αὐτῷ
1392 1042 1539 1112 γένει
1585 1041 1874 1111 Ῥωμαίων

292 1137 388 1191 καὶ
418 1138 554 1209 αὐτῇ
602 1137 788 1210 Ῥώμῃ
825 1136 1167 1208 χαρισαμὲνη
1193 1135 1410 1204 γένεσίν
1444 1150 1504 1186 τε
1546 1132 1642 1186 καὶ
1680 1132 1871 1200 ὄνομα.

306 1227 397 1292 Ἐξ
424 1222 551 1282 ὦνό
590 1227 733 1292 θεῖος
787 1227 1000 1291 Παῦλος
1045 1228 1127 1291 είς
1175 1226 1235 1279 τὸ
1276 1224 1372 1279 τοῦ
1418 1224 1683 1293 Βενιαμὶν
1733 1216 1876 1292 αἷμα

292 1321 658 1391 ἀναγόμενος,
718 1321 990 1390 Ῥωμαῖος
1048 1319 1115 1373 ἂν
1167 1318 1391 1381 εἰκότως
1448 1314 1873 1388 χρηματίσειεν·

294 1415 544 1483 ἐγένοντο
593 1414 703 1485 γὰρ
753 1414 1012 1480 ἀπόγονοι
1042 1410 1120 1482 τῷ
1173 1410 1456 1480 Βενιαμὶν,
1505 1408 1652 1462 ἄλλοι
1690 1424 1750 1459 τε
1776 1406 1878 1459 οῦκ

294 1506 486 1573 ὀλίγοι,
518 1505 577 1573 ἐξ
610 1499 685 1560 ὧν
715 1505 946 1577 Ἀραδός
969 1522 1029 1557 τε
1071 1504 1163 1558 καὶ
1190 1503 1373 1565 πόλεις
1400 1501 1557 1555 ἄλλαι
1584 1500 1677 1552 καὶ
1702 1498 1878 1571 χῶραι

293 1598 394 1660 τὰς
421 1598 738 1669 ἐπωνυμίας
769 1597 1151 1669 ἐκληρώσαντο
1176 1613 1191 1627 ο
1239 1596 1335 1650 καὶ
1361 1594 1426 1666 δὴ
1464 1594 1557 1648 κα)⁸
1608 1593 1749 1662 ἀνήρ
1792 1608 1878 1655 τις

294 1691 467 1761 δνομα
506 1691 662 1757 Ῥῶς,
702 1690 757 1754 ὃς
802 1692 893 1742 ἐπὶ
923 1690 993 1742 τὰ
1014 1690 1115 1759 τῆς
1157 1690 1385 1752 Ἰταλίας
1414 1687 1556 1758 μέρη
1596 1686 1877 1757 χωρήσας,

296 1749 404 1836 καὶ.
434 1749 664 1846 πολλοῦς
706 1749 885 1835 ἐκεῖσε
932 1780 1028 1835 τοῦ
1071 1749 1388 1851 σπέρματος
1414 1749 1631 1847 ’φύσαςξ
1664 1749 1759 1829 καί
1787 1749 1881 1829 ἐπί.
1915 1749 1955 1803 Β

298 1874 443 1944 μέγα
465 1873 622 1943 δόξης
654 1874 750 1927 καὶ
782 1870 965 1942 ἰσχύος
989 1869 1232 1927 ἀνελθὼν
1272 1868 1497 1940 Ῥώμην
1557 1885 1619 1920 τε
1650 1868 1749 1938 τὴν
1778 1868 1880 1919 ἐπ-

295 1963 547 2036 ωνυμίαν
589 1964 772 2018 ἕλκειν
805 1964 865 2028 ἐξ
904 1961 1121 2027 ἑαυτοῦ,
1168 1962 1263 2016 καὶ
1299 1961 1362 2014 τδ
1407 1962 1674 2031 Ῥωμαῖον
1702 1959 1879 2029 γένος,

297 2057 465 2111 ἔδωκε
486 2072 501 2086 ⁸
536 2056 634 2120 τὰς
662 2056 771 2128 γὰρ
810 2054 1077 2126 Ἐλλήνων
1103 2055 1189 2108 ἐπ’
1224 2054 1363 2124 αὐτῇ
1404 2052 1605 2117 αίτίας,
1648 2050 1814 2114 πολάς
1855 2048 1876 2090 ι

297 2166 359 2202 τε
401 2147 499 2202 καὶ
532 2148 654 2201 οὐδὲ
702 2146 840 2219 πρὸς
889 2147 1126 2216 ἀλλήλας
1166 2144 1588 2215 συμφωνούσας,
1623 2144 1673 2196 οἱ
1709 2140 1882 2197 ταῦτα

296 2238 547 2308 λέγοντες
599 2238 709 2291 οὐδ’
742 2237 1052 2292 ἀκούουσιν.
1096 2236 1155 2290 'O
1198 2236 1380 2289 τοίνυν
1419 2235 1559 2297 Ῥὦς
1610 2234 1876 2303 ἀπόγονος

302 2331 402 2401 μὲν
450 2330 715 2401 ὑπάρχων
758 2330 854 2383 τοῦ
903 2329 1181 2400 Βενιαμὶν,
1230 2330 1494 2400 πρόγονος
1538 2326 1595 2380 δέ
1645 2326 1880 2390 Παύλου,

298 2422 523 2485 εἰκότως
566 2422 658 2475 τὸν
703 2421 873 2492 ἄνδρα
929 2421 1205 2490 Ῥωμαῖον
1256 2420 1560 2490 ἀπέφηνεν,
1606 2417 1665 2485 ἐξ
1713 2417 1882 2472 αὐτοῦ

303 2515 426 2583 μὲν,
452 2514 551 2584 τὴν
577 2514 671 2568 τοῦ
721 2514 1076 2585 πορῤωτέρου
1115 2514 1306 2584 γένους
1336 2513 1537 2577 αἰτίαν,
1572 2513 1637 2565 ἐκ
1686 2511 1745 2564 δὲ
1790 2509 1883 2564 τοῦ

313 2605 628 2677 Ῥωμαϊκοῦ
657 2610 1004 2677 συστήματος
1031 2606 1130 2677 τὴν
1149 2606 1434 2676 ἐγγυτέρω
1455 2604 1709 2676 φέροντα.
1745 2603 1884 2657 Ἀλλ’

299 2696 444 2768 αὕτη
479 2697 576 2769 μέν
604 2699 637 2770 ή
669 2698 900 2770 ἱστορία,
932 2700 1062 2770 ήδὺς
1099 2698 1198 2770 μὲν
1245 2697 1599 2751 ἀκοῦσαικαὶ
1642 2695 1887 2769 ἐπαφρό-

294 2790 467 2853 διτος,
497 2791 558 2843 ού
588 2793 696 2861 μήν
729 2809 793 2861 γε
824 2794 960 2861 μετὰ
992 2791 1089 2844 τοῦ
1119 2791 1424 2862 χαρίεντος,
1462 2791 1557 2844 καὶ⁸
1587 2790 1686 2862 τὴν
1712 2788 1887 2843 πειθὼ

300 2882 640 2951 ἐπιφέρουσα
661 2899 675 2913 ·
710 2882 905 2937 πολλοῦ
931 2882 1040 2954 γὰρ
1069 2882 1134 2936 ἂν
1158 2882 1333 2952 ἔγωγε
1358 2884 1455 2953 τῆς
1478 2882 1731 2952 ἁπαρχῆς
1753 2882 1862 2933 ἀπο

300 2975 595 3045 δεδομένης
629 2992 718 3046 μοι
770 2975 949 3039 αἰτίας
980 2974 1185 3047 ταύτην
1227 2974 1523 3046 προέταξα,
1565 2975 1614 3026 εἱ
1662 2973 1736 3044 μὴ
1768 2973 1890 3027 λίαν

1973 490 2116 544 hanc
2158 488 2557 559 professionem
2600 486 2782 540 omnia
2815 485 2944 555 pati,
2973 502 3099 542 cum
3130 490 3385 547 omnibus
3418 508 3554 547 con-

1972 580 2170 636 ﬂictari
2244 578 2458 634 fortiter
2519 578 2884 648 persistebat;
2943 577 3212 648 gaudebat
3258 590 3441 637 autem
3486 597 3554 638 eo

1974 672 2153 738 titulo,
2185 686 2349 740 quem
2386 669 2640 740 princeps
2676 668 3129 723 Antiochensium
3167 670 3363 728 civitas
3395 689 3555 728 usur-

1974 773 2150 835 parat,
2209 773 2264 819 et
2306 766 2576 830 doctrina,
2618 763 2922 828 laboribus,
2957 764 3251 820 sudoribus
3288 782 3555 836 procura-

1973 859 2087 911 bat.
2122 856 2279 923 Quod
2312 857 2357 912 si
2394 856 2648 911 historias
2679 855 2871 910 audire
2931 855 3084 922 libet,
3120 867 3380 912 narratur
3405 837 3559 929 quie-

1977 950 2102 1004 dam
2130 950 2287 1005 valde
2311 950 2564 1020 antiqua;
2620 948 2767 1019 quod
2816 948 2993 1004 tribus
3019 949 3323 1019 Benjamini
3358 951 3413 1009 in
3456 951 3560 1008 Pa-

1977 1042 2188 1097 laestina
2203 1042 2469 1107 radicata,
2502 1057 2676 1113 usque
2704 1041 2771 1096 ad
2797 1051 2981 1111 partes
3004 1039 3172 1098 Italia:
3199 1046 3559 1115 germinando

1979 1148 2040 1189 se
2091 1132 2386 1200 diﬂ‘uderit,
2446 1134 2575 1188 dum
2617 1142 2673 1189 et
2705 1135 2853 1200 genti
2889 1133 3264 1190 Romanorum
3291 1136 3559 1207 originem

1977 1234 2031 1281 et
2069 1224 2259 1281 Romae
2290 1240 2491 1281 nomen
2542 1234 2596 1280 et
2634 1226 3056 1295 appellationem
3118 1226 3379 1297 impertit.
3406 1226 3563 1284 Unde

1980 1319 2205 1375 divinus
2242 1319 2446 1376 Paulus
2476 1318 2569 1389 qui
2599 1319 2665 1374 de
2696 1319 2786 1373 illa
2837 1319 2981 1373 tribu
3014 1317 3319 1388 Benjamini
3343 1320 3561 1377 deriva-

1982 1415 2075 1469 bat
2113 1414 2460 1482 sanguinem,
2521 1412 2806 1467 Romanus
2834 1426 2934 1467 nec
2963 1411 3171 1482 injuria
3230 1413 3559 1470 dicebatur:

1980 1507 2047 1563 de
2081 1505 2389 1575 Benjamini
2446 1505 2706 1576 progenie
2732 1505 3218 1571 disseminabatur,
3263 1508 3370 1563 alia
3399 1519 3564 1578 atque

1983 1600 2180 1665 altera,
2211 1615 2242 1655 a
2272 1599 2475 1670 quibus
2499 1599 2734 1664 Aradus,
2770 1599 3001 1670 aliaeque
3038 1600 3201 1655 urbes
3227 1608 3283 1655 et
3315 1600 3436 1656 loca
3463 1617 3564 1656 no-

1985 1694 2356 1748 menelaturas
2409 1692 2824 1756 sortiebantur;
2853 1700 2909 1747 et
2965 1691 3108 1746 inter
3135 1694 3292 1760 alios,
3318 1695 3407 1750 vir
3438 1695 3564 1766 qui-

1982 1787 2106 1841 dam
2132 1786 2246 1842 Rus
2274 1786 2472 1850 dictus,
2498 1787 2592 1856 qui
2620 1785 2674 1840 in
2702 1793 2882 1855 partes
2906 1783 3074 1842 Italiae
3101 1788 3405 1857 profectus,
3435 1806 3564 1847 cum

1983 1877 2190 1931 multos
2220 1877 2286 1931 de
2312 1878 2524 1932 semine
2550 1892 2657 1931 suo
2680 1887 3044 1947 procreasset,
3080 1888 3134 1934 et
3166 1896 3419 1952 magnam
3447 1883 3566 1938 exi-

1983 1968 2356 2024 stimationem
2403 1968 2817 2039 potentiamque
2872 1981 3207 2028 consecutus
3253 1983 3421 2040 esset,
3453 1972 3566 2030 Ro-

1982 2076 2129 2115 mam
2157 2061 2226 2115 ab
2249 2076 2315 2116 eo
2349 2061 2758 2116 denominatam
2787 2061 2960 2126 dedit,
3001 2071 3058 2118 et
3088 2064 3398 2121 Romanum
3424 2081 3566 2137 quo-

1985 2166 2093 2222 que
2150 2165 2321 2221 genus
2368 2160 2767 2221 procreatum:
2815 2151 3128 2208 Graecorum
3164 2157 3312 2210 enim
3340 2166 3566 2213 senten-

1986 2244 2113 2309 tias,
2169 2258 2293 2314 quaa
2343 2244 2589 2310 plurimae
2638 2252 2767 2299 sunt
2794 2253 2849 2300 et
2903 2245 3314 2316 diversissimae,
3360 2248 3437 2304 illi
3470 2249 3569 2320 qui

1986 2334 2130 2389 hanc
2185 2334 2471 2389 historiam
2510 2347 2757 2401 narrant,
2789 2351 2897 2390 non
2942 2337 3262 2393 admittunt.
3295 2338 3568 2406 Quocirca

1987 2426 2100 2483 Ros
2158 2426 2463 2497 Benjamini
2517 2426 2831 2498 progenies,
2891 2429 3034 2483 inter
3093 2430 3334 2495 majores
3387 2432 3566 2501 Pauli,

1986 2526 2133 2573 recte
2170 2517 2324 2573 illum
2374 2519 2684 2574 Romanum
2725 2534 2848 2575 esse
2881 2520 3062 2585 docet,
3086 2530 3141 2577 et
3172 2523 3441 2595 originem
3471 2543 3570 2581 an-

1988 2611 2198 2681 tiquam
2237 2610 2532 2679 imprimis,
2567 2609 2826 2680 deinceps
2859 2612 3136 2667 civitatem
3171 2613 3355 2668 datam
3381 2614 3569 2687 largiri

1989 2703 2231 2757 titulum.
2277 2700 2481 2756 Verum
2513 2702 2756 2772 jucunda
2804 2712 3030 2757 narratu
3055 2713 3139 2759 est
3168 2705 3285 2760 hanc
3317 2705 3566 2771 historia,

1988 2791 2084 2847 sed
2132 2806 2242 2846 non
2294 2792 2521 2861 perinde
2551 2793 2866 2862 persuadet,
2918 2804 3082 2863 atque
3120 2794 3386 2864 delectat;
3422 2806 3572 2854 certe

1989 2898 2089 2953 ego
2114 2882 2384 2953 imprimis
2416 2884 2558 2939 hanc
2586 2899 2809 2939 causam
2852 2900 3310 2940 annumerassem
3342 2886 3413 2942 iis
3444 2903 3570 2958 qua:

1990 2975 2253 3046 praemisi,
2308 2975 2355 3031 si
2409 2991 2516 3030 non
2553 2976 2689 3030 adeo
2733 2976 2981 3046 antiqua,
3024 2984 3081 3032 et
3112 2978 3312 3033 canitie
3350 2993 3574 3049 aspersa

302 3067 511 3138 ἀρχαία
540 3084 601 3120 τε
635 3061 703 3139 ἦν
732 3070 827 3120 καὶ
861 3063 1167 3138 πολιωτέρα
1195 3066 1228 3137 ἢ
1262 3065 1617 3120 πιστεύεσθαι
1642 3107 1656 3129 ,
1689 3066 1749 3118 οὐ
1774 3068 1882 3127 τοῖς

1998 3063 2136 3118 foret
2169 3064 2416 3127 historia,
2454 3070 2513 3117 ut
2543 3063 2700 3117 fidem
2727 3073 2977 3133 superet;
3013 3079 3115 3120 nec
3147 3065 3291 3135 apud
3324 3081 3427 3122 nos
3453 3076 3577 3122 tan-

302 3161 402 3215 νῦν
433 3161 616 3233 μόνον,
650 3159 785 3215 ἀλλὰ
817 3161 1050 3225 καὶτοῖς
1082 3160 1204 3213 τότε
1228 3157 1541 3231 ἀνθρώποις
1564 3198 1579 3222 ,
1615 3157 1708 3211 καὶ
1737 3156 1882 3210 οὐδὲν

1995 3167 2109 3213 tum
2141 3157 2235 3228 qui
2260 3173 2410 3212 nunc
2435 3157 2690 3222 vivimus,
2734 3158 2827 3212 sed
2872 3165 2928 3212 ct
2960 3158 3103 3228 apud
3132 3158 3256 3213 illos
3295 3159 3576 3231 antiquio-

303 3257 571 3326 ἐχέγγυον
595 3254 798 3325 ἐχουσα
824 3254 963 3326 πρὸς
1006 3253 1070 3307 τὸ
1117 3252 1397 3318 ἐξελέσθαι
1432 3250 1646 3305 Παῦλον
1675 3248 1769 3303 τοῦ
1800 3249 1897 3302 τύ-

303 3347 561 3403 πτεσθαι.
591 3346 816 3409 Τούτοις
843 3341 938 3400 οὖν
980 3343 1240 3408 διαλύσας
1272 3360 1365 3397 σου
1410 3344 1509 3407 τὰς
1536 3342 1711 3405 καλὰς
1753 3342 1890 3395 ἀπο-

309 3437 432 3509 ρίας
455 3436 640 3508 (καλαὶ
658 3438 788 3507 γὰρ,
806 3437 890 3490 ὅτι
917 3435 1216 3507 ἀπδδιαλῆς
1244 3435 1339 3488 καὶ
1363 3433 1654 3503 φιλοπόνου
1674 3428 1901 3501 γνώμης

305 3530 402 3582 καὶ
437 3528 686 3599 φιλοθέου
711 3526 1114 3599 βλαστάνουσι),
1148 3526 1245 3580 καὶ
1272 3524 1326 3579 εἴ
1360 3543 1413 3579 τι
1445 3524 1573 3580 ἄλλο
1604 3541 1686 3577 σοι
1713 3539 1898 3596 παρα-

307 3623 432 3692 στῇ,
487 3620 708 3693 θαρρῶν
751 3621 852 3689 οὐχ
898 3621 1030 3690 ἡμῖν
1062 3617 1200 3672 ἀλλὰ
1246 3617 1445 3689 Παύλῳ
1492 3618 1586 3673 καὶ
1621 3614 1699 3687 τῷ
1728 3614 1894 3685 κοινῷ

305 3712 613 3784 διδασκάλῳ
658 3712 870 3767 Παύλου
924 3712 1019 3766 καὶ
1059 3710 1220 3783 ἡμῶν
1265 3711 1489 3783 Χριστῷ
1542 3709 1623 3782 τῷ
1653 3705 1896 3781 ἀληθινῷ

461 3805 619 3879 ήμῶν
643 3805 921 3877 ἐπερώτα,
956 3806 1049 3858 καί
1078 3804 1309 3878 ἔρρωσο.

844 4013 1182 4068 ΕΡΩΤΗΣΙΣ
1217 4013 1360 4066 Σ1Β⁹.

382 4113 491 4165 Δια
522 4108 580 4165 τί
607 4112 673 4164 τὸ
715 4106 1146 4177 καταπέτασμα
1175 4105 1283 4160 τοῦ
1318 4104 1471 4159 ναοῦ
1511 4102 1774 4174 ἐσχίσθη
1799 4119 1821 4168 ;

1993 3264 2082 3305 res
2107 3289 2122 3313 ,
2149 3263 2326 3319 neque
2371 3263 2695 3315 sponsorem
2731 3249 2956 3311 invenit,
2997 3250 3091 3315 qui
3129 3248 3195 3305 de
3226 3252 3453 3307 veritate
3474 3254 3576 3309 sti-

1992 3342 2296 3412 pularetur,
2359 3339 2589 3395 Paulum
2646 3341 2768 3395 inde
2812 3356 2843 3395 a
2886 3341 3064 3412 plagis
3120 3352 3431 3414 exemptum
3483 3345 3574 3401 iri.

1996 3434 2174 3504 Atque
2196 3434 2269 3488 ita
2301 3448 2425 3487 cum
2457 3431 2835 3503 responderim
2866 3434 3146 3502 praeclaris
3173 3435 3282 3491 tuis
3312 3436 3579 3503 objectio-

2000 3525 2162 3579 nibus
2218 3524 2388 3592 (certe
2420 3522 2713 3591 praeclarae,
2766 3523 2915 3592 quod
2943 3523 3203 3592 profecta:
3229 3526 3299 3580 ab
3329 3526 3577 3594 honesto,

1995 3616 2260 3686 diligenti,
2294 3623 2349 3670 et
2378 3613 2545 3668 Deum
2581 3626 2801 3671 amante
2829 3615 3118 3687 animo),si
3149 3618 3244 3673 tibi
3276 3619 3404 3689 quid
3432 3621 3581 3676 aliud

1996 3716 2271 3775 occurrat,
2328 3706 2608 3763 conﬁdens
2644 3723 2755 3762 non
2790 3708 2947 3776 mibi,
2999 3709 3095 3765 sed
3122 3708 3316 3776 Paulo,
3341 3718 3396 3766 et
3423 3726 3578 3767 com-

1995 3801 2149 3856 muni
2196 3800 2514 3871 praeceptori
2545 3815 2671 3854 cum
2707 3808 2922 3868 nostro,
2955 3810 3072 3856 tum
3127 3801 3305 3869 Pauli,
3335 3802 3579 3870 Christo,

1997 3911 2129 3950 vero
2170 3895 2293 3959 Deo,
2327 3893 2626 3962 interroga,
2661 3905 2715 3947 et
2754 3893 2892 3947 vale.

2003 4002 2333 4074 QUIESTIO
2359 4003 2545 4060 CCXII
2572 4001 2761 4075 [CoisL
2797 4002 3023 4059 CCXLI.
3055 4002 3219 4059 Taur.
3248 4004 3579 4079 CCXXXII].

2330 4094 2440 4150 Cur
2467 4094 2635 4148 velum
2677 4094 2860 4163 templi
2882 4095 3106 4148 scissum
3142 4094 3259 4147 est?

815 4221 960 4273 Edita
981 4234 1006 4271 a
1033 4220 1334 4270 Montacutio
1366 4218 1472 4279 (ep.
1504 4216 1610 4278 I25,
1635 4216 1695 4265 ad
1722 4216 1880 4279 Ignat.

1987 4211 2111 4275 I64).
2140 4236 2201 4248 -—
2220 4209 2373 4261 Matth
2419 4221 2571 4269 xxvn,
2603 4208 2682 4269 51;
2704 4206 2821 4257 Luc.
2842 4221 2979 4269 χχιιι,
3002 4207 3082 4257 45.

390 4333 685 4405 Ῥήγνυται
737 4331 799 4385 τὸ
836 4329 1241 4399 καταπέτασμα
1278 4326 1374 4381 τοῦ
1407 4324 1561 4394 ναοῦ,
1611 4324 1752 4394 ξύλῳ
1795 4321 1895 4378 τοῦ

310 4427 585 4483 Δεσπότου
611 4424 984 4499 κρεμαμένου,
1017 4420 1106 4475 διὰ
1124 4419 1345 4485 πολλὰς,
1374 4414 1554 4490 οἶμαι,
1574 4418 1672 4482 τὰς
1694 4417 1893 4480 αἰτίας.

311 4524 388 4577 Τὸ
420 4522 518 4594 μὲν
539 4521 650 4591 γὰρ
678 4518 777 4589 τὴν
809 4518 933 4589 γῆν,
959 4515 1082 4572 κατ’
1112 4515 1295 4569 ἐκεῖνο
1315 4512 1378 4567 τὸ
1404 4513 1673 4582 σωτήριον
1702 4509 1896 4572 πάθος,

310 4616 486 4687 κλόνῳ
506 4616 603 4669 καὶ
630 4612 839 4685 τρόμῳ,
868 4607 1066 4681 μικροῦ
1093 4609 1206 4662 δεῖν
1252 4603 1771 4676 συγκατενεχθῆναι,
1805 4602 1901 4654 δυ-

2069 4319 2412 4389 Dirumpitur
2441 4317 2623 4373 velum
2663 4316 2891 4386 templi,
2947 4314 3213 4370 Dominus
3269 4315 3324 4370 in
3373 4315 3581 4386 lignum

1994 4428 2119 4468 cum
2148 4411 2488 4467 attolleretur
2512 4426 2526 4472 ;
2551 4408 2717 4479 idque
2746 4408 2930 4477 plures
2964 4424 3088 4462 reor
3113 4417 3334 4478 propter
3358 4424 3576 4465 causas.

1997 4505 2192 4571 Terra,
2223 4518 2350 4559 cum
2374 4510 2654 4573 pateretur
2683 4500 2957 4567 Salvator,
2998 4502 3355 4557 succussione
3378 4512 3432 4557 et
3469 4512 3583 4558 tre-

1999 4613 2150 4653 more
2175 4598 2241 4653 de
2270 4597 2394 4652 loco
2424 4593 2631 4651 moveri
2676 4593 2924 4664 potuisse
2951 4594 3253 4648 concedant
3296 4594 3458 4648 etiam
3495 4594 3580 4647 in-

309 4686 474 4764 νατόν
501 4710 618 4762 ἐστι
653 4710 767 4770 τοῖς
817 4702 1193 4774 ἀγνωμονοῦσι
1214 4700 1311 4754 καὶ
1354 4699 1434 4762 είς
1466 4698 1537 4752 τὰ
1565 4697 1705 4751 κατὰ
1734 4696 1882 4765 φύσιι

2000 4690 2209 4755 ﬁdeles,
2226 4689 2317 4760 qui
2334 4690 2388 4746 in
2414 4697 2666 4742 naturam
2691 4686 2959 4741 reducunt
2978 4686 3371 4741 elementorum
3395 4687 3544 4740 labes
3565 4707 3579 4743 :

312 4802 470 4871 ἄγειν
496 4799 604 4853 τῶν
648 4798 931 4869 στοιχείων
962 4794 1110 4868 πάθη
1131 4810 1147 4825 ⁸
1172 4794 1234 4847 τὸ
1274 4794 1332 4847 δὲ
1374 4791 1609 4864 ῥαγῆναι
1656 4786 1882 4843 καταπέ-

1999 4792 2056 4840 at
2074 4783 2254 4838 velum
2274 4792 2335 4837 ut
2356 4779 2779 4847 discinderetur,
2808 4794 2935 4833 cum
2970 4794 3001 4833 a
3035 4778 3186 4833 nullo
3218 4779 3272 4833 in
3304 4779 3580 4835 diversum

312 4908 525 4962 τασμα,
579 4888 811 4961 μηδενὸς
858 4886 1095 4958 μάλιστα
1144 4883 1509 4947 διασπῶντος.
1540 4882 1651 4935 ἀπὸ
1693 4879 1882 4936 ἄνωθεη

2002 4875 2420 4939 distraheretur,
2453 4888 2483 4927 a
2517 4887 2737 4928 summo
2769 4886 2941 4942 usque
2979 4872 3046 4927 ad
3076 4873 3271 4937 imum,
3308 4872 3454 4943 quod
3483 4889 3585 4927 nec

312 4985 420 5048 ἐως
459 4984 633 5048 κάτω,
670 4982 809 5054 μήτε
839 4980 994 5051 πρὶν,
1026 4980 1164 5051 μήτε
1211 4978 1350 5049 μετὰ
1378 4976 1552 5031 ταῦτα
1584 4974 1745 5044 φύσιν
1779 4972 1882 5043 ἔχοι

2005 4967 2161 5037 prius
2200 4980 2302 5020 nec
2329 4964 2591 5033 deinceps
2620 4963 2823 5018 factum
2848 4962 2970 5028 fuit,
3000 4978 3103 5018 nec
3125 4964 3190 5017 ad
3215 4964 3265 5018 id
3294 4978 3387 5032 per
3417 4964 3582 5018 ullam

315 5073 755 5145 ἐπιτελεσθῆναι,
811 5070 1071 5143 οὐδεμίαν
1118 5067 1471 5138 ἀναχώρησιν
1512 5065 1749 5125 δίδωσιν,
1780 5062 1882 5116 ούδὲ

2004 5059 2307 5115 naturalem
2350 5057 2768 5127 propensionem
2806 5056 3057 5122 inclinat,
3104 5071 3171 5110 ne
3208 5059 3427 5126 quidem
3478 5058 3582 5110 im-

315 5169 429 5230 τοῖς
464 5166 588 5219 λίαν
636 5162 1032 5235 κακουργοῦσι,
1059 5160 1124 5214 τὸ
1151 5159 1228 5231 μὴ
1268 5160 1392 5229 οὐχὶ
1432 5156 1725 5229 θεομηνίαν
1758 5150 1874 5208 εἷνα

2005 5151 2356 5222 probissimis
2384 5149 2658 5218 refugium
2689 5148 2961 5211 concedit,
3002 5158 3062 5201 ut
3095 5148 3442 5211 cavillentur,
3475 5162 3582 5201 non

312 5255 375 5309 τδ
403 5254 587 5325 τέρας,
614 5254 709 5307 καὶ
734 5253 837 5324 τῆς
882 5252 1177 5323 Ἰουδαϊκῆς
1229 5248 1545 5319 μιαιφονίας
1578 5248 1882 5319 ἀπαράγρα-

2002 5244 2176 5299 fuisse
2212 5244 2315 5298 hoc
2346 5242 2652 5313 prodigium
2683 5257 2713 5295 a
2758 5241 2946 5296 divino
2980 5239 3167 5296 furore
3208 5257 3334 5311 erga
3367 5238 3587 5295 Iudaeos

316 5363 451 5399 πτον
476 5344 699 5415 ἔλεγχον
723 5343 786 5397 τὸ
810 5344 1204 5415 γεγενημένον.
1238 5341 1508 5413 Δευτέραν
1536 5339 1581 5392 δ’
1611 5339 1676 5394 ἄν
1702 5356 1785 5402 τις
1819 5341 1882 5390 αἱ·

2004 5336 2339 5408 profectum,
2371 5344 2433 5389 ut
2464 5344 2611 5390 esset
2639 5333 2691 5389 id
2724 5341 2914 5388 contra
2959 5334 3203 5404 ipsorum
3232 5333 3585 5387 homicidium

314 5438 440 5493 τίαν
471 5435 721 5507 ἀποδοίη,
757 5435 1027 5508 σύμϐολον
1062 5434 1198 5489 αὐτὸ
1234 5433 1330 5489 καὶ
1360 5432 1701 5504 προμήνυμα
1746 5427 1882 5497 γενέι

2007 5428 2313 5483 indelebilis
2345 5426 2637 5483 convictio.
2689 5422 2998 5481 Secundam
3053 5426 3337 5498 assignare
3366 5440 3587 5480 causam

318 5529 447 5586 σθαι
473 5530 672 5601 λέγων,
705 5529 804 5600 τῆς
849 5529 968 5602 μεθ’
1011 5530 1114 5587 ὅσα
1161 5526 1258 5600 ἐτη
1286 5523 1671 5599 καταστροφῆς
1701 5537 1760 5574 τε
1809 5521 1882 5572 κα

2011 5518 2160 5584 licet,
2191 5526 2247 5573 et
2285 5517 2468 5579 dicere
2495 5515 2807 5590 symbolum
2834 5525 2889 5572 et
2918 5512 3462 5587 praedesignationem
3493 5526 3591 5567 ex-

469 5691 473 5695 .
1607 5630 1848 5693 VARUE
1881 5627 2284 5689 LECTIONES.

400 5737 417 5780 ι
451 5739 538 5796 ἵσ.
567 5738 790 5804 πολλάς.
