3902 6212
350 220 450 282 967

1494 225 1758 288 PHOTII
1790 227 1879 286 ΡΑ
1895 227 2300 288 TRIARCIHS
2339 232 2444 292 (ΣΡ.

3500 238 3610 298 ωε
3895 0 3902 304 l

346 331 550 385 stitisse
584 327 725 383 illius
770 328 962 393 ruinae,
1009 332 1384 390 subvcrsionis
1442 343 1496 389 et
1533 337 1910 399 desolatiouis,

2019 337 2412 410 ἐξερημωσεως
2459 341 2552 394 τοῦ
2581 358 2638 394 τε
2677 345 3021 415 περιωνύμου
3066 345 3217 412 ναοῦ,
3260 350 3344 400 κα⁸
3388 349 3497 402 τῶν
3545 353 3609 402 tu

342 438 462 493 qua:
512 439 619 478 non
665 433 788 493 post
819 426 1020 478 multos
1056 440 1228 482 annos
1259 428 1750 484 celebratissimum
1788 429 1920 485 illud

346 513 630 584 templum,
660 523 714 568 et
755 529 878 584 quae
925 514 978 570 in
1015 518 1218 587 templo
1252 527 1410 573 erant
1442 535 1598 576 saera
1630 522 1918 588 solemnia,

341 609 492 678 orgia
534 606 802 674 Iudaica,
855 611 1219 681 sequebatur;
1256 627 1489 682 quorum
1542 631 1738 686 magna
1792 632 1919 688 pars

342 713 558 752 summo
587 700 773 754 studio
805 701 945 755 intra
985 702 1162 756 velum
1199 703 1325 757 illud
1383 705 1656 760 celebrata
1696 722 1920 778 perage-

342 791 563 858 bantur,
597 801 659 845 ut
691 793 896 846 nemini
927 810 958 848 e
1001 795 1310 864 promiscua
1348 797 1694 852 multitudine
1732 813 1918 852 cerne-

341 892 568 950 rentur;
620 890 785 952 atque
831 885 953 940 ideo
1002 887 1393 941 extendebatur
1441 888 1573 942 illud
1622 890 1823 957 velum,
1862 900 1918 944 ut

341 977 648 1031 veneranda
678 978 769 1032 illa
797 978 1053 1047 mysteria
1100 993 1129 1031 a
1166 979 1307 1047 vulgi
1353 981 1527 1037 oculis
1574 990 1782 1037 remota
1819 997 1916 1037 cu-

340 1065 695 1131 stodirentur,
726 1075 779 1121 et
813 1067 945 1122 solis
975 1066 1204 1122 videnda
1229 1078 1474 1139 paterent
1499 1073 1872 1128 sacerdotibus
1897 1090 1910 1127 :

339 1155 462 1209 velo
499 1167 680 1209 autem
718 1155 978 1226 dirupto,
1031 1157 1277 1227 patuisse
1325 1175 1389 1213 ea
1435 1161 1678 1215 omnium
1716 1163 1911 1229 oculis,

339 1247 548 1301 clarum
580 1255 682 1312 est,
713 1256 768 1302 et
797 1248 941 1317 quod
982 1257 1114 1302 tunc
1160 1252 1472 1306 communia
1506 1251 1648 1307 facta
1689 1253 1912 1318 fuerint,

339 1353 461 1407 quae
496 1354 664 1409 usque
689 1354 755 1394 eo
787 1348 974 1395 sancta
1004 1350 1059 1395 et
1092 1357 1247 1396 sacra
1286 1343 1526 1409 fuerunt,
1573 1347 1626 1400 in
1667 1348 1910 1401 omnium

339 1437 603 1504 producta
653 1447 1009 1502 conspectum
1051 1445 1105 1490 et
1160 1438 1632 1507 profanationem;
1689 1449 1742 1494 et
1799 1441 1914 1495 haec

338 1527 495 1595 quasi
530 1529 793 1597 prommia
825 1529 959 1598 ipsis
1008 1531 1356 1599 contigerunt
1396 1531 1718 1586 universalis
1766 1531 1911 1587 illius

337 1619 683 1684 sublationis,
724 1635 846 1688 qua}
877 1620 1022 1690 leges
1056 1621 1323 1690 ipsorum,
1355 1631 1408 1675 et
1444 1623 1666 1692 legalem
1704 1625 1906 1677 cultum

337 1725 554 1764 cessare
582 1709 708 1765 fecit
746 1711 800 1764 in
851 1724 1136 1767 mternum.
1182 1713 1284 1767 Sed
1333 1723 1386 1768 et
1429 1717 1643 1770 tertiam
1691 1731 1910 1786 quoque

338 1802 605 1855 rationem
634 1804 916 1858 advertere
950 1805 1095 1872 licet,
1129 1821 1250 1874 quae
1279 1823 1401 1860 cum
1433 1810 1702 1863 contraria
1731 1811 1909 1864 videa-

336 1902 426 1946 tur
454 1893 797 1959 prmcedenti,
839 1895 906 1947 ab
936 1894 1026 1948 illa
1057 1903 1237 1951 tamen
1288 1912 1444 1951 suum
1475 1907 1655 1952 ortum
1683 1899 1910 1952 sortitur

335 1992 388 2036 et
421 1982 710 2052 originem.
745 1983 1002 2050 Quatnam
1039 1985 1127 2038 illa
1153 1988 1376 2042 autem?
1405 1987 1673 2042 Nimirum
1696 1987 1912 2043 Judaeo-

337 2090 458 2128 rum
489 2074 558 2128 de
605 2073 716 2128 Deo
766 2075 1033 2144 cognitio,
1075 2085 1128 2130 et
1172 2078 1377 2146 cogniti
1423 2079 1665 2132 numinis
1705 2080 1907 2146 cultus,

336 2167 635 2221 conclusus
660 2176 776 2222 erat
822 2167 942 2223 loco
988 2169 1426 2240 circumscripto,
1462 2173 1565 2228 hoc
1601 2182 1684 2228 est
1713 2174 1910 2238 Judaeze

339 2259 539 2312 linibus
554 2267 608 2313 et
624 2257 1036 2331 Hierosolymis,
1069 2277 1191 2330 qua:
1219 2270 1396 2316 tamen
1432 2263 1616 2316 omnia
1654 2272 1908 2335 typorum

336 2358 390 2404 et
445 2348 998 2419 praedesignationum
1072 2352 1258 2420 gratiae
1325 2351 1503 2406 locum
1570 2353 1905 2408 obtinebant.

337 2441 625 2507 Quocirca,
657 2456 780 2494 cum
817 2440 872 2494 in
907 2451 1199 2510 angustum
1239 2443 1499 2497 conclusa
1535 2443 1623 2497 illa
1674 2443 1909 2513 cognitio

335 2547 389 2588 et
421 2535 513 2590 Dei
547 2535 748 2594 cultus.
782 2549 1001 2589 cessare
1037 2544 1370 2604 oporterent,
1417 2536 1505 2590 illa
1537 2545 1720 2590 autem
1750 2537 1910 2590 latria

336 2645 457 2697 qua:
499 2643 596 2697 per
625 2628 807 2682 crucis
846 2628 1159 2697 passionem
1208 2626 1515 2682 Servatoris
1550 2637 1666 2682 erat
1700 2627 1912 2697 patefa-

336 2720 549 2779 cienda,
581 2727 631 2772 ct
665 2733 838 2786 usque
867 2717 932 2770 ad
981 2717 1245 2773 terminos
1288 2719 1436 2772 orbis
1479 2719 1907 2784 disseminanda,

334 2821 387 2864 et
417 2811 470 2864 in
501 2825 689 2864 eorum
724 2809 896 2862 vicem
933 2808 1470 2874 subintroducenda;
1511 2810 1580 2862 ob
1622 2825 1740 2863 eam
1780 2825 1910 2862 cau-

335 2913 450 2952 sam
479 2896 811 2965 dirumpitur
839 2898 944 2950 hoc
970 2937 984 2961 ,
1042 2897 1188 2950 velut
1231 2896 1394 2951 fronti
1434 2899 1907 2966 superindttctum,

333 2989 536 3052 velum,
571 3005 667 3058 per
691 2989 837 3058 quod
870 2988 1068 3042 Sancta
1096 2988 1186 3042 illa
1213 2998 1554 3053 sanctorum,
1588 2989 1640 3042 in
1673 2990 1910 3045 obscuro
1934 3023 1978 3084 ρ

333 3090 389 3133 et
420 3079 623 3133 intacto
652 3080 774 3134 loco
803 3079 1267 3134 concludebantur
1297 3098 1310 3133 :
1343 3081 1414 3133 ita
1445 3090 1504 3134 ut
1545 3089 1753 3134 tantmn
1798 3097 1906 3134 non

329 3171 480 3228 clara
503 3187 634 3226 voce
658 3172 1039 3239 pronuntietur
1069 3187 1164 3240 per
1203 3172 1319 3241 ipsa
1356 3187 1541 3240 opera,
1574 3170 1767 3226 Venite
1794 3187 1910 3226 om-

336 3277 433 3316 nes
463 3277 560 3315 vos
591 3263 657 3315 ad
690 3261 923 3316 videnda
943 3262 1266 3330 invisibilia,
1287 3264 1350 3316 ad
1384 3263 1626 3317 divinum
1653 3264 1907 3318 intuitum

333 3362 387 3406 et
425 3353 827 3423 cognitionem,
877 3369 979 3409 nec
1010 3353 1190 3410 adhuc
1225 3365 1283 3409 ut
1312 3355 1441 3408 olim
1477 3365 1629 3425 parte
1673 3357 1908 3426 quadam

334 3442 486 3497 urbis
517 3450 677 3496 terra:
705 3452 893 3508 et,una
917 3443 1138 3498 natione
1162 3459 1268 3498 non
1300 3445 1372 3499 ita
1394 3462 1704 3511 numerosa,
1731 3447 1932 3520 cultus

335 3531 553 3586 divinus
585 3532 964 3597 concludetur,
997 3533 1088 3587 sed
1121 3542 1310 3604 gentes
1337 3535 1641 3600 universe,
1693 3535 1909 3591 termini

335 3631 492 3674 terra!
535 3621 644 3676 illis
687 3621 937 3676 fruentur
987 3623 1156 3678 libere
1186 3663 1202 3688 ,
1254 3639 1375 3693 qua:
1404 3623 1563 3689 adiri,
1597 3640 1699 3680 nec
1725 3625 1910 3681 accedi

333 3730 362 3767 a
401 3713 603 3769 Judaﬁs
644 3715 778 3784 ipsis
801 3725 1072 3784 poterant.
1099 3717 1170 3771 At
1194 3725 1249 3771 tu
1276 3718 1402 3772 hinc
1431 3718 1661 3772 ulterius
1684 3733 1909 3789 progre-

331 3806 482 3871 dere,
516 3815 570 3859 et
596 3806 816 3860 adverte
845 3808 949 3861 ista
983 3827 994 3861 :
1033 3823 1183 3873 arca,
1228 3819 1282 3863 et
1318 3825 1440 3878 qua:
1489 3811 1911 3866 continebantur

335 3899 387 3952 in
419 3913 546 3953 arca
582 3897 636 3950 in
673 3909 855 3968 typum
889 3899 1012 3953 (εωιί
1041 3899 1321 3965 cedebant,
1351 3911 1404 3954 et
1433 3917 1624 3954 eorum
1653 3917 1774 3970 quae
1807 3901 1910 3956 sub

332 3989 473 4044 caelo
520 3995 650 4041 sunt
683 4007 698 4042 :
738 4006 757 4039 ι
786 3988 939 4055 Vide,
979 3989 1124 4044 enim
1157 3989 1373 4060 inquit,
1413 4003 1473 4045 ut
1502 3991 1684 4047 «facias
1727 3997 1910 4050 omnia

327 4091 483 4161 juxta
515 4089 744 4159 ﬁguram
777 4103 897 4158 quae
932 4088 1028 4143 tibi
1075 4090 1462 4146 ostendebatur
1494 4093 1548 4147 in
1574 4103 1759 4150 monte
1781 4096 1847 4150 ⁸⁷.
1885 4115 1903 4147 ι

333 4179 461 4250 Haec
489 4179 602 4248 ipsa
637 4193 763 4233 arca
794 4195 902 4234 una
935 4194 1058 4234 cum
1089 4180 1212 4236 aliis
1246 4182 1569 4248 Occultatis,
1608 4185 1676 4238 in'
1709 4187 1911 4257 templo

332 4269 793 4334 abscondebatur,
827 4270 948 4324 velo
980 4270 1284 4325 interducto
1311 4273 1557 4339 exclusa,
1605 4290 1786 4347 neque
1814 4293 1908 4334 ac-

2022 429 2171 500 αύτῷ
2215 428 2520 485 Ἰουδαϊκῶν
2567 432 2799 487 τελετῶν
2829 451 2890 486 τε
2943 436 3038 488 καλ⁸
3079 436 3282 506 ὀργίων
3309 456 3324 469 ο
3351 431 3428 492 ὧν
3461 441 3608 510 μέγα

2018 537 2079 573 τε
2105 521 2198 577 καὶ
2226 521 2315 575 διὰ
2346 523 2602 594 σπουδῆς,
2629 525 2688 576 τὸ
2721 525 2913 596 μηδενὶ
2942 526 3052 596 τῶν
3084 527 3320 594 πολλῶν,
3353 529 3421 582 τὰ
3454 530 3607 583 ἔνδσ)

2019 612 2114 666 τοῦ
2142 616 2654 686 καταπετάσματος,
2686 617 2920 688 ὀφθῆναι
2946 634 2960 649 ο
2989 619 3080 672 διὰ
3109 620 3268 673 τοῦτο
3291 622 3387 675 καὶ
3414 607 3604 676 διεπεέ

2015 705 2245 758 τάννυτο
2273 705 2334 758 τὸ
2373 705 2623 777 ὕφασμα,
2663 707 2804 762 ὥστε
2835 709 3039 762 ἀθέατα
3069 711 3167 780 μὲν
3216 713 3508 781 φυλάττειν
3535 717 3608 768 τὰ

2017 797 2172 866 τίμια
2197 797 2274 868 τῷ
2303 798 2437 868 λαῷ,
2480 799 2666 869 μόνοις
2704 800 2763 853 δὲ
2788 803 2903 865 τοῖς
2941 802 3178 874 ἱερεῦσιν
3211 801 3350 858 εἶναι
3391 809 3568 878 ὁρατά

2016 879 2076 938 οὗ
2115 886 2179 958 δὴ
2207 890 2671 960 περιρραγέντος,
2716 893 3059 964 ἀνεπετάσθη
3110 894 3212 964 μὲν
3278 897 3524 969 δηλονότι
3560 907 3603 936 αι

2017 981 2247 1050 πᾶσινή
2300 981 2422 1051 ὄψις
2453 982 2653 1044 αὐτῶν,
2695 985 2851 1038 κοινὰ
2889 986 2946 1039 δὲ
2989 987 3235 1055 γέγονεν,
3281 992 3360 1053 είς
3413 992 3602 1063 κοινὴν

2016 1071 2384 1140 ἀπενεχθέντα
2421 1072 2549 1125 θέαν
2580 1075 2674 1126 καὶ
2709 1075 3035 1146 βεϐήλωσιν,
3066 1078 3134 1131 τά
3161 1079 3299 1143 τέως
3331 1080 3462 1150 ἀγια
3507 1086 3604 1137 καὶ

2016 1163 2254 1232 φρικτά·
2285 1163 2354 1216 δι’
2379 1157 2454 1217 ὧν
2501 1167 2868 1238 προοιμιάσθη
2923 1170 3152 1223 καὶτῶν
3196 1172 3372 1225 ἄλλων
3415 1174 3604 1237 αὐτοῖς

2016 1254 2268 1308 ἁπάντων
2310 1255 2551 1327 θεσμῶν,
2580 1259 2676 1313 καὶ
2709 1259 2810 1329 τῆς
2840 1262 3071 1332 νομικῆς
3105 1263 3366 1334 λατρείας
3399 1267 3431 1335 ἡ
3461 1285 3600 1319 παν-

2013 1345 2172 1412 τελὴς
2205 1346 2486 1416 ἀναίρεσις
2526 1351 2621 1402 καὶ
2655 1351 2844 1422 σχολή.
2875 1354 3030 1406 Ἐστι
3063 1353 3118 1406 δὲ
3158 1356 3254 1407 καὶ
3298 1362 3490 1427 τρίτην
3514 1362 3602 1411 αξ-

2013 1435 2134 1489 τίαν
2157 1437 2410 1504 συνιδεῖν,
2430 1440 2691 1504 ἐναντίως
2723 1443 2822 1512 μὲν
2850 1443 2986 1514 πρὸς
3013 1445 3111 1514 τὴν
3133 1447 3431 1518 εἰρημένην
3453 1450 3602 1520 ἔχειν

2012 1527 2297 1594 δοκοῦσαν,
2345 1530 2404 1595 ἐξ
2444 1531 2614 1601 αὐτῆς
2653 1532 2709 1585 δὲ
2751 1534 2952 1604 μᾶλλον
3001 1539 3350 1610 τικτομένην.
3387 1541 3480 1604 Τίς
3506 1537 3602 1594 οὖν

2014 1618 2152 1688 αὕτη
2179 1636 2194 1682 ;
2223 1621 2344 1674 Ὅτι
2393 1624 2500 1676 τῶν
2547 1623 2813 1680 Ἰουδαίων
2845 1629 2878 1698 ἡ
2913 1629 3045 1699 περὶ
3092 1629 3154 1683 τὸ
3207 1631 3362 1685 Θεῖον
3395 1634 3602 1702 γνῶσις

2014 1713 2104 1764 καὶ
2131 1711 2375 1784 λατρεία,
2400 1715 2828 1790 εύπεριγράπτῳ
2860 1720 2959 1790 μὲν
2995 1721 3167 1793 τόπῳ,
3192 1725 3260 1794 τῇ
3292 1741 3349 1776 τε
3366 1724 3600 1796 Ἰουδαίᾳ

2012 1805 2238 1869 καὶτοῖς
2267 1806 2684 1880 Ἱεροσολύμοις,
2713 1811 3092 1867 ὲναπεκλείετο
3111 1832 3122 1843 ⁸
3149 1815 3338 1868 τύπων
3359 1817 3416 1869 δὲ
3447 1819 3599 1888 ὅμως

2013 1896 2109 1948 καὶ
2137 1901 2621 1969 προχαραγμάτων
2656 1903 2811 1968 τάξιν
2849 1905 3156 1975 ἀνεπλήρου
3205 1910 3305 1977 τῆς
3349 1909 3594 1978 χάριτος.

2024 1987 2177 2041 Ἐπεὶ
2191 1984 2283 2042 οὖν
2302 1991 2408 2044 ἔδει
2434 1992 2534 2062 τὴν
2552 1993 2633 2057 είς
2652 1995 2837 2048 στενὸν
2855 1997 3049 2066 κομιδῇ
3072 2001 3598 2069 περιγεγραμμένην

2013 2077 2270 2149 λατρείαν
2294 2083 2389 2135 καὶ
2423 2083 2646 2152 γνῶσιν,
2665 2086 2926 2154 ἀργῆσαι,
2957 2087 3056 2158 τὴν
3090 2090 3256 2153 είςτά
3295 2090 3506 2161 πέρατα
3540 2092 3595 2144 δὲ

2009 2171 2110 2241 τῆς
2126 2174 2455 2245 οἰκουμένης
2472 2176 2558 2230 διὰ
2575 2176 2667 2230 τοῦ
2689 2179 2956 2250 σωτηρίου
2975 2179 3184 2244 πάθους
3206 2180 3593 2248 ἐξαπλοῦσθαι,

2014 2263 2310 2332 μέλλουσαν
2328 2269 2406 2330 είς
2429 2269 2604 2340 ἀρχὴν
2625 2271 2984 2340 καταστῆναι,
3008 2273 3094 2326 διὰ
3129 2273 3290 2327 τοῦτο
3307 2273 3372 2345 δὴ
3390 2273 3594 2347 [τοῦτο]

2014 2358 2277 2426 ῥήγνυται
2323 2359 2382 2411 τὸ
2425 2362 2866 2430 προμετωπίδιον
2903 2362 3131 2434 ὕφασμα
3182 2367 3383 2433 ἐκεῖνο,
3432 2366 3499 2418 δι’
3532 2361 3594 2419 οὗ

2010 2447 2078 2500 τὰ
2108 2449 2217 2500 τῶν
2258 2449 2428 2518 ἁγίων
2457 2452 2645 2520 Ἀγια,
2679 2453 2755 2517 ὼς
2788 2455 2844 2506 ἐν
2883 2455 3182 2527 ἀπορρήτῳ
3215 2457 3309 2509 καὶ
3332 2457 3595 2527 ἀψαύστῳ

2010 2541 2423 2610 περιεστέλλετο
2443 2545 2646 2614 χωρίῳ,
2683 2549 2967 2616 μονονουχὶ
2992 2550 3102 2610 τοῖς
3125 2548 3306 2618 ἔργοις
3339 2548 3478 2618 βοῶν
3502 2550 3597 2602 καὶ

2012 2633 2458 2704 προκαλούμενον
2496 2635 2742 2700 ἅπαντας
2785 2640 2864 2700 είς
2909 2639 3007 2710 τὴν
3037 2640 3146 2691 τῶν
3177 2640 3424 2694 ἀθεάτων
3452 2641 3593 2713 [καὶ]

2014 2723 2164 2777 Θείαν
2200 2732 2227 2759 τι
2263 2725 2499 2793 ὲποψίαν
2541 2745 2600 2781 τε
2637 2729 2733 2782 καὶ
2779 2731 3099 2798 ἐπίγνωσιν,
3143 2734 3238 2786 καὶ
3285 2733 3362 2796 ὡς
3411 2734 3596 2785 οὐκέτι

2013 2815 2170 2886 μέρει
2198 2818 2303 2870 τινὶ
2329 2819 2428 2887 τῆς
2449 2821 2774 2891 οἰκουμένης
2800 2823 2894 2877 καὶ
2910 2824 3264 2896 εύαριθμήτῳ
3282 2826 3421 2878 ἔθνει
3448 2827 3481 2895 ἡ
3506 2828 3596 2878 εύ-

2011 2907 2196 2960 σέϐεια
2227 2911 2734 2982 συγκλεισθήσεται,
2763 2915 2877 2968 ἀλλ’
2907 2917 3125 2971 ἅπαντα
3148 2921 3216 2982 τᾲι
3247 2919 3372 2988 ἔθνη
3403 2921 3497 2971 καὶ
3528 2920 3597 2971 τά

2013 2999 2224 3070 πέρατα
2249 3001 2350 3071 τῆς
2371 3005 2718 3077 οἰκουμένης,
2765 3008 2872 3060 τῶν
2905 3013 3017 3072 τοῖς
3055 3011 3330 3074 Ἰουδαίοις
3362 3013 3597 3082 ἀπροσίο

2011 3105 2119 3142 των
2158 3091 2250 3143 καὶ
2292 3093 2599 3162 ἀνεφίκτων
2634 3098 2691 3148 ἐν
2729 3097 3026 3153 ἀπολαύσει
3065 3102 3378 3172 γενήσεται.
3432 3103 3593 3155 Ἀλλὰ

2015 3177 2078 3231 σύ
2112 3196 2202 3248 μοι
2233 3182 2326 3233 καὶ
2351 3183 2486 3253 πρὸς
2509 3187 2606 3254 τὴν
2633 3187 2898 3260 ἐχομένην
2920 3189 3124 3259 ταύτης
3158 3192 3478 3261 μετάϐαινε,
3502 3195 3595 3244 καὶ

2015 3271 2207 3324 σκόπει
2236 3266 2339 3325 ὦδε
2365 3290 2378 3304 ⁸
2411 3275 2722 3345 ὴκιϐωτὸς,
2757 3281 2853 3341 καὶ
2891 3281 2960 3333 τὰ
2991 3285 3048 3335 ὲν
3082 3285 3145 3353 τῇ
3184 3284 3420 3353 κιϐωτῷ,
3455 3286 3592 3336 κατὰ

2011 3363 2101 3416 τὸν
2130 3364 2300 3418 τύπον
2332 3366 2522 3434 γέγονε
2567 3369 2662 3422 τοῦ
2699 3372 2931 3442 ούρανοῦ
2967 3391 3026 3426 τε
3073 3377 3167 3428 καὶ
3218 3376 3326 3427 τῶν
3370 3377 3474 3427 ὑπὸ
3505 3378 3594 3428 τὸν

2012 3451 2259 3524 οὐρανόν.
2286 3474 2304 3506 ι
2329 3455 2479 3526 ’Ὅρα
2501 3458 2630 3530 γὰρ,
2660 3460 2819 3528 φησὶ,
2848 3451 3095 3534 ποιήσεις
3127 3464 3305 3516 πάντα
3335 3465 3477 3517 κατὰ
3505 3465 3597 3516 τὸν

2010 3543 2179 3598 τύπον
2199 3546 2478 3617 δειχθέντα
2507 3567 2589 3604 σοι
2618 3555 2676 3604 ὲν
2695 3552 2772 3622 τῷ
2801 3553 2936 3624 δρει.
2969 3575 2987 3604 )
3012 3555 3158 3625 Αύτη
3191 3555 3284 3608 οὖν
3315 3556 3453 3626 μετὰ
3484 3557 3593 3607 τῶν

2011 3638 2186 3693 ἄλλων
2208 3641 2558 3714 ἀπορρήτων,
2592 3645 2651 3698 ὲν
2676 3646 2752 3716 τῷ
2776 3647 2890 3717 ναῷ
2920 3649 3323 3718 ἀπεκρύπτετο,
3359 3649 3594 3718 διειργο-

2014 3733 2150 3803 μένη
2173 3733 2252 3804 τῷ
2287 3736 2764 3807 καταπετάσματι,
2809 3741 2903 3793 καὶ
2938 3741 3196 3811 πρόσοδον
3237 3739 3416 3808 αὐτῆς
3453 3741 3595 3811 πλὴν

2011 3827 2112 3879 ὃσα
2146 3830 2261 3891 τοῖς
2310 3827 2567 3897 ἱερεῦσιν,
2622 3831 2802 3884 οὐδενὶ
2839 3833 3140 3903 ἀνθρώπων
3180 3831 3590 3902 ὲμπαρέχουσα.

2026 3921 2246 3993 Ἐδήλου
2275 3922 2330 3976 δὲ
2360 3924 2470 3994 ἄρα
2494 3924 2654 3978 τοῦτο
2682 3927 2777 3980 καὶ
2806 3928 3145 3998 ὑπέγραφεν,
3189 3927 3288 3999 τὴν
3320 3930 3400 3993 είς
3424 3930 3593 3999 ούρα-

2012 4012 2102 4065 νὸν
2136 4013 2360 4078 εἴσοδον,
2387 4014 2702 4088 ἀνθρώποις
2732 4017 2937 4072 ἄϐατον
2964 4019 3398 4092 συντετηρῆσθαι
3426 4020 3587 4083 τέως,

2012 4103 2108 4157 καὶ
2159 4105 2296 4174 μηδέ
2324 4123 2446 4161 τινα
2478 4109 2613 4178 μηδὲ
2643 4109 2750 4163 τῶν
2773 4111 2874 4182 τῆς
2902 4115 3132 4185 νομικῆς
3169 4097 3425 4182 λατρείας
3467 4115 3594 4183 ἐρα-

2014 4197 2177 4262 στῶν,
2202 4199 2406 4277 ταύτης
2433 4202 2732 4274 ἀξιωθῆναι
2762 4205 2862 4276 τῆς
2893 4205 3118 4275 λήξεως.
3159 4206 3448 4277 Ῥήγνυται
3495 4202 3591 4258 οὖν

2013 4276 2314 4354 τοῦτο,’τοῦ
2337 4293 2604 4347 Δεσπότου
2641 4295 3066 4366 σταυρουμένου,
3097 4296 3195 4366 τὴν
3221 4296 3302 4359 είς
3324 4297 3589 4366 οὐρανοὺς

333 4373 524 4414 cessus
554 4359 810 4430 cuiquam
836 4373 1199 4432 praeterquam
1227 4364 1605 4421 sacerdotibus
1626 4370 1907 4436 permitte-

2013 4383 2214 4436 εἴσοδον
2247 4385 2415 4438 πᾶσιν
2443 4388 2576 4456 ἡμῖν
2616 4359 2988 4452 ὑποσαλπίζον
3030 4359 3125 4442 καὶ
3151 4359 3590 4459 ἐὐαγγελιζόμε-

337 4441 516 4506 batur.
556 4452 872 4508 Declarabat
915 4455 1081 4517 istud,
1112 4465 1165 4509 et
1197 4457 1507 4513 delineabat
1533 4476 1820 4518 ascensum
1855 4466 1909 4519 in

333 4541 504 4598 caelos
535 4543 856 4598 hominibus
886 4545 1212 4615 impervium
1239 4549 1570 4606 custoditum
1592 4551 1784 4617 fuisse,
1811 4569 1912 4611 nec

332 4649 662 4703 quemquam
691 4650 759 4690 ex
791 4636 858 4691 iis
889 4638 981 4706 qui
1019 4638 1210 4708 legalis
1242 4641 1424 4697 cultus
1463 4652 1765 4700 sectatores
1791 4645 1909 4702 fue-

332 4734 456 4780 rant
485 4726 552 4780 ad
577 4731 718 4782 hanc
744 4727 1062 4797 dignitatem
1091 4729 1262 4785 fuisse
1280 4733 1600 4790 admissum.
1636 4736 1904 4804 Quocirca

333 4819 607 4889 rumpitur
642 4818 745 4873 hoc
765 4819 1107 4879 obstaculum
1133 4823 1393 4878 cruciﬁxo
1413 4822 1663 4894 Domino,
1693 4839 1746 4883 et
1777 4831 1904 4887 tuba

2009 4491 2118 4530 vov.
2159 4476 2266 4528 Καὶ
2318 4477 2427 4546 γὰρ
2457 4478 2521 4550 δὴ
2555 4479 2644 4534 διὰ
2684 4481 2778 4534 τοῦ
2824 4481 3088 4546 ζωοποιοῦ
3133 4481 3364 4536 θανάτου
3395 4482 3584 4546 αὐτοῦ,

2006 4566 2107 4636 τὴν
2137 4568 2218 4630 είς
2246 4568 2513 4639 οὐρανοὺς
2552 4571 2780 4637 εἴσοδον,
2815 4574 2981 4626 παντὶ
3023 4573 3100 4645 τῷ
3131 4573 3456 4645 ἀνθρωπίνῳ
3491 4576 3586 4642 γέ-

2007 4674 2108 4721 νει,
2142 4659 2476 4716 ἐνεκαίνισεν
2525 4665 2553 4717 ὁ
2593 4664 2684 4718 διὰ
2716 4665 2875 4720 τοῦτο
2926 4667 3206 4733 κενωθεὶς,
3258 4669 3355 4720 καὶ
3407 4667 3588 4735 σάρκα

2004 4749 2105 4818 τὴν
2138 4751 2414 4824 ἡμετέραν
2461 4755 2815 4827 προσλαϐὼν,
2855 4761 2950 4813 καὶ
2997 4759 3176 4814 πάντα
3201 4757 3406 4830 ⁹παθὼν
3447 4759 3588 4828 ὑπὲρ

2011 4841 2190 4910 ἡμῶν,
2223 4844 2458 4914 Χριστὸς
2485 4848 2514 4900 ὁ
2543 4847 2674 4912 Θεὸς
2705 4849 2884 4920 ἡμῶν.

333 4911 535 4966 clarius
561 4911 894 4980 signiﬁcatur
924 4920 978 4966 et
1007 4913 1354 4985 prazdicatur,
1391 4916 1676 4976 introitum
1705 4922 1759 4977 in
1789 4927 1956 4984 cozlos
1979 4931 2138 4988 nobis
2166 4911 2397 5006 singulis
2462 4948 2670 5007 patere.
2711 4911 2868 4997 ὅθι-ιε
2893 4943 3035 4997 enim
3104 4943 3152 4998 is
3190 4942 3283 5014 qui
3345 4943 3418 4998 ob
3486 4942 3589 4997 hoc

335 5007 515 5107 ipsum
543 5016 844 5062 evacuatus
872 5005 996 5075 fuit,
1033 5018 1086 5063 et
1106 5024 1328 5066 carnem
1355 5023 1598 5070 nostram
1631 5018 1685 5072 in
1726 5035 1785 5075 se
1823 5027 2143 5098 assumpsit,
2180 5041 2234 5085 et
2302 5034 2483 5088 omnia
2538 5051 2739 5106 passus,
2795 5048 2880 5100 est.
2943 5056 3043 5107 pro
3093 5039 3287 5104 nobis,
3336 5039 3589 5096 Christus

336 5099 425 5153 ille
478 5096 626 5198 Deus
674 5107 897 5166 noster,
943 5115 1040 5172 per
1069 5113 1303 5160 mortem
1339 5121 1496 5165 suam
1544 5111 1912 5174 vivificantem
1987 5122 2244 5177 universo
2299 5127 2618 5183 mortalium
2675 5103 2865 5198 generi
2965 5132 3275 5201 ingressum
3321 5134 3376 5190 in
3419 5134 3592 5192 caelos

334 5189 674 5244 instauravit.

403 5346 448 5378 ⁵⁷
477 5345 642 5404 Num.
663 5361 782 5409 vm,
816 5348 868 5401 4.

1611 5515 1845 5570 VARUE
1887 5513 2290 5583 LECTIONES,

403 5693 440 5719 ω
469 5700 559 5747 γρ.
590 5681 748 5750 δῆλον
773 5683 876 5737 ὅτι.
954 5695 978 5722 υ
1004 5686 1093 5740 ϊσ.
1121 5688 1296 5745 θείων.
