3902 6212
287 297 392 363 969

815 424 1149 484 ΕΡΩΤΗΣΙΣ
1198 434 1335 489 XII".

403 617 546 670 Edita
570 634 597 671 a
624 623 925 679 Montacutio
960 632 1062 695 (ep.
1090 634 1178 685 127
1197 639 1256 687 ad
1288 640 1513 711 Eulam_p.
1547 660 1596 709 p.
1623 648 1872 711 167-169).

1228 323 1327 383 AD
1366 318 1959 400 AMPHILOCHIUM
2020 345 2366 415 QU/ESTIO
2418 354 2678 419 CCXIII.

3459 382 3563 446 970

2084 458 2408 524 QUIESTIO
2452 465 2659 524 CCXIII
2702 471 2905 543 [CoisL
2959 477 3223 548 CCXIIII,
3289 488 3449 546 Taur.

2578 563 2927 643 ccxxxnu.

1898 661 2066 759 :lee'
2086 664 2392 759 bgtsplhﬁmia
2424 679 2474 727 in
2505 680 2745 744 Spiritum
2764 695 3005 740 sanctum.
3036 694 3205 745 Matth.
3244 712 3327 759 xu,
3352 699 3429 759 ὄις

1446 707 1563 760 Luc
1596 725 1681 772 xu,
1720 714 1805 777 10;
1840 707 2344 797 Μανοίιῖιῗξίῖγξέςΐίί

270 968 590 1038 δεδώκασιν,
626 977 708 1037 είς
744 978 824 1043 τὸ,
860 998 880 1031 ‹
918 981 1075 1037 Πᾶσα
1107 968 1351 1060 ἁμαρτία
1403 996 1497 1048 καὶ
1540 968 1859 1071 βλασφημία

269 1060 603 1132 ἀφεθήσεται
622 1070 735 1133 τοῖς
752 1071 1085 1144 ἀνθρώποις,
1103 1080 1137 1148 ἡ
1164 1080 1219 1133 δέ
1237 1083 1331 1136 τοῦ
1353 1087 1493 1142 Πνεύ
1502 1060 1671 1159 ματος
1690 1060 1857 1163 βλασ-

268 1155 448 1224 φημία
497 1159 597 1213 οὐκ
641 1162 1013 1231 ἀφεθήσεταιο
1048 1190 1067 1222 ι
1130 1174 1246 1240 καὶ,
1290 1195 1309 1227 ι
1355 1180 1450 1242 Ὃς
1492 1155 1559 1235 ἂν
1606 1155 1735 1257 εἴπῃ
1767 1186 1855 1240 λό-

264 1260 363 1310 γον
388 1248 531 1303 κατά
558 1249 653 1304 τοῦ
691 1253 821 1308 Υίοῢ
854 1258 947 1311 τοῦ
969 1260 1278 1333 ἀνθρώπου,
1301 1268 1638 1344 ἀφεθήσεται
1660 1248 1809 1349 αύτῷ
1834 1298 1849 1311 ·

266 1334 326 1398 ὃς
354 1335 400 1389 δ’
431 1337 498 1392 ἂν
522 1342 651 1415 είπῃ
691 1347 836 1401 κατὰ
879 1350 973 1403 τοῦ
1032 1334 1477 1428 Πνεύματοςντού
1533 1368 1713 1436 ἁγίου,
1748 1334 1851 1428 ob):

264 1426 599 1498 ἀφεθήσεται
625 1433 797 1502 αὐτῷ,
834 1437 956 1493 οὔτε
988 1442 1046 1494 ἐν
1070 1444 1148 1514 τῷ
1190 1446 1285 1501 νῦν
1314 1451 1492 1516 αίῶνι,
1524 1456 1645 1511 οὔτε
1682 1460 1741 1513 ἐν
1770 1464 1849 1534 τῷ

328 1516 395 1534 ,κς
665 1526 679 1534 -
766 1528 776 1534 -
852 1529 876 1534 -

273 1516 519 1585 μέλλοντι
548 1539 562 1552 ·
602 1543 621 1576 ι
662 1526 787 1581 ἐπεὶ
821 1529 914 1582 οὖν
956 1536 1050 1589 καὶ
1080 1537 1276 1609 ἑτέραν
1306 1545 1444 1614 πρὸς
1467 1552 1587 1613 ταῖς
1616 1516 1848 1625 εἰρημιιεζ

261 1627 382 1675 ναις
406 1614 663 1683 ἐκείναις,
689 1621 869 1676 καίτοι
899 1627 1191 1694 τοσαύταις
1220 1631 1428 1701 οὔσαις,
1455 1641 1554 1695 οὐκ
1585 1639 1704 1698 οῖδα
1726 1647 1843 1701 ἀνθ’

259 1702 384 1756 ὅτου
446 1706 729 1779 ἐπιζητεῖς
770 1714 980 1786 (ἱκαναὶ
1011 1720 1119 1792 γὰρ
1154 1726 1358 1780 ἐκεῖναι
1397 1729 1577 1804 ψυχὴν
1604 1736 1840 1809 φιλομα-

257 1793 384 1858 θοῦς
408 1799 689 1871 ἐμπλῆσαι
718 1804 818 1875 τῆς
835 1808 996 1864 ἐπιθυ
1005 1811 1179 1883 μίας)·
1202 1817 1353 1871 οὐδὲν
1380 1793 1562 1893 χεῖρον
1584 1793 1715 1893 ἴσως
1732 1793 1839 1883 κὰ-

246 1890 402 1940 κείνο
444 1892 673 1947 συνιδεῖν
706 1897 965 1971 πλείστην
1018 1904 1149 1975 ὅσην
1214 1909 1312 1979 τὴν
1371 1913 1468 1966 ἀπ’
1509 1918 1688 1973 αὐτῶν
1729 1923 1839 1978 τῶν

252 1982 597 2051 πραγμάτων
627 1985 749 2055 ἕχον
796 1996 1149 2062 συμφωνίαν·
1180 2003 1332 2054 ποῖον
1378 2004 1441 2076 δὴ
1483 2009 1680 2074 τοῦτος
1715 2014 1836 2069 ’Ότι

248 2070 279 2122 ὁ
308 2072 407 2137 μὲν
463 2080 817 2147 προσπταίων
856 2084 934 2155 τῷ
971 2087 1195 2161 Χριστῷ
1238 2097 1331 2149 καὶ
1362 2070 1482 2169 Θεῷ
1512 2070 1689 2172 ἡμῶν,
1726 2108 1834 2161 ἀπὸ

249 2160 357 2217 τῶν
381 2165 737 2239 ἀνθρωπίνων
763 2175 1044 2243 ἐνδείξεων
1068 2198 1082 2212 ·
1115 2160 1225 2238 οἷον
1257 2187 1339 2240 ὅτι
1361 2160 1831 2268 ἤσθιεῗκαίμετὰ

244 2255 495 2313 ’τελωνῶν
542 2262 639 2316 καὶ
673 2264 1020 2338 ἁμαρτωλῶν
1044 2289 1058 2303 ·
1102 2275 1181 2327 ὅτι
1224 2278 1518 2336 ἐκάθευδεν
1543 2299 1557 2316 ο
1583 2288 1663 2341 ὅτι
1707 2292 1831 2343 ἐκο-

244 2347 365 2400 πίασ
386 2350 488 2416 ὅτι,
518 2370 536 2404 ι
559 2354 866 2426 Περίλυπός
886 2363 1055 2430 ἐστιν,
1084 2385 1101 2416 ι
1129 2366 1337 2437 ἔλεγεν,
1367 2391 1385 2424 ι
1412 2375 1619 2448 ήηψυχή
1645 2398 1773 2449 μουο
1802 2402 1820 2434 ι

242 2440 336 2494 καὶ
369 2443 423 2495 εί
457 2461 507 2496 τι
558 2447 798 2503 τοιοῦτον
822 2468 837 2482 °
871 2446 945 2508 ὧν
967 2456 1199 2513 ἕκαστον
1257 2465 1338 2527 εἰς
1388 2465 1680 2536 βεϐαίωσιν
1732 2477 1827 2529 καὶ

241 2534 588 2603 παράστασιν
636 2540 841 2613 ἐναργῆ
894 2548 994 2617 τῆς
1045 2534 1536 2628 ἐνανθρωπήσεως,
1568 2565 1596 2615 ὁ
1649 2566 1826 2621 πάντα

236 2625 419 2694 σοφῶς
466 2633 818 2700 πρυτανεύων
840 2678 855 2703 ,
904 2638 1257 2712 διεπράττετο
1286 2625 1477 2719 Λόγος.
1509 2656 1573 2707 Οί
1600 2658 1731 2723 γοῦν
1760 2661 1824 2713 ἐκ

232 2715 343 2767 τῶν
402 2721 658 2778 τοιούτων
701 2735 1177 2802 προσεπταικότες
1205 2740 1459 2814 Χριστῷ,
1495 2748 1711 2819 ῥᾳδίαν,
1742 2752 1819 2817 ὠς

232 2809 402 2873 εἰκὸς,
426 2812 683 2872 δύνανται
706 2821 806 2890 τὴν
827 2822 1110 2895 διόρθωσιν
1136 2809 1303 2902 ἔχειν.
1329 2809 1672 2915 Τρόπονγάρ
1698 2809 1821 2901 τινα

231 2902 417 2967 αὐτοῖς
449 2906 507 2973 ἐξ
537 2910 757 2978 ἀγνοίας
784 2916 1185 2996 διεξέπιπτενή
1229 2902 1586 3002 βλασφημίας
1619 2902 1680 2989 ob
1732 2939 1821 2992 6o-

231 2995 485 3063 ναμένοις
513 3000 775 3074 διακύψαι
826 3010 963 3080 πρὸς
1016 3015 1077 3067 τὸ
1120 2995 1283 3085 βάθος
1322 2995 1815 3100 της-ὀἰκονομίαθ

231 3086 326 3136 καὶ
353 3086 451 3157 τὴν
484 3090 728 3165 ἄρρητον
769 3103 1203 3167 συγκατάϐασιν.
1232 3112 1313 3164 Δι’
1342 3086 1389 3164 ὃ.
1410 3117 1473 3168 ἐκ
1526 3118 1635 3171 τῶν
1666 3086 1818 3176 ’θειοξ

228 3178 404 3250 τέρων
426 3183 591 3237 αὐτοῦ
622 3187 800 3257 ἔργων
818 3194 912 3245 καὶ
936 3197 1212 3265 πράξεων,
1241 3204 1505 3275 ταχίστην
1530 3209 1629 3281 τὴν
1657 3230 1817 3282 μεταο

229 3273 392 3345 ϐολὴν
458 3278 823 3347 ἐπιδείξουσιν
849 3282 1017 3355 οὗτοι,
1048 3294 1144 3346 καὶ
1193 3273 1597 3372 παραπλησίαν·
1632 3273 1814 3373 ἕξουσι

225 3367 328 3435 τὴν
368 3369 455 3439 ἐφ’
485 3365 567 3435 οἷς
619 3375 933 3448 ἡμάρτανον
980 3383 1196 3452 ἄφεσιν.
1237 3365 1392 3444 Ούτω
1442 3365 1814 3462 Παῦλοςνδιώ-

1956 1215 2210 1260 sanctum
2238 1225 2345 1264 non
2382 1215 2724 1286 remittetur;
2752 1239 2770 1272 ι
2803 1232 2878 1289 et,
2923 1243 2941 1275 ι
2970 1225 3073 1292 Qui
3100 1233 3390 1298 protulerit
3418 1251 3543 1292 ver-

1953 1293 2084 1349 bum
2111 1297 2167 1353 in
2196 1299 2461 1369 Spiritum
2492 1319 2766 1378 sanctum,
2798 1331 2906 1371 non
2931 1321 3238 1377 remittetur
3263 1328 3333 1389 ei,
3364 1345 3542 1399 neque

1953 1385 2007 1439 in
2040 1387 2144 1444 hoc
2180 1395 2403 1461 sa:culo,
2447 1414 2621 1470 neque
2655 1402 2709 1457 in
2740 1403 2973 1474 futuro;
3017 1420 3073 1464 at
3102 1415 3410 1472 remittetur
3440 1424 3533 1491 qui

1949 1480 2177 1538 verbum
2206 1484 2260 1539 in
2292 1486 2490 1545 Filium
2524 1494 2754 1563 dixerit;
2791 1518 2809 1550 ι
2864 1504 3304 1575 quandoquidem
3359 1520 3413 1565 tu
3459 1480 3534 1567 'ah

1949 1571 2073 1628 istis
2106 1576 2268 1635 dictis
2297 1580 2463 1637 aliam
2499 1588 2771 1657 requiris.
2825 1607 2949 1647 cum
2989 1604 3067 1651 tot
3096 1571 3201 1653 illae
3235 1601 3344 1656 sint
3367 1644 3380 1665 ,
3434 1622 3533 1660 cur

1946 1674 2127 1720 autem
2160 1668 2259 1735 sic,
2296 1674 2525 1744 nescio;
2562 1679 2708 1750 (nam
2741 1682 3021 1741 sufﬁciunt
3076 1689 3179 1745 illa:
3235 1693 3410 1749 allata:
3463 1697 3529 1752 ad

1946 1755 2282 1829 implendum
2318 1769 2483 1823 animi
2528 1771 2860 1831 desiderium
2893 1779 3135 1839 discendi
3178 1786 3263 1840 vel
3290 1789 3530 1858 cupidis-

1942 1853 2113 1926 simi),
2134 1860 2271 1914 nihil
2292 1860 2431 1919 forte
2444 1865 2700 1937 obstabit,
2723 1880 2778 1926 et
2801 1872 2948 1929 illam
2973 1877 3135 1932 aliam
3158 1885 3529 1954 contemplare

1940 1962 2063 2014 qua:
2093 1965 2217 2005 cum
2254 1956 2419 2012 rebus
2447 1956 2580 2027 ipsis
2609 1978 2881 2020 summam
2929 1971 3166 2027 admittit
3212 1989 3526 2032 consonan-

1946 2036 2079 2093 tiam
2118 2060 2130 2095 :
2165 2052 2225 2097 at
2255 2062 2505 2115 quamam
2536 2051 2672 2107 illa?
2700 2053 2971 2113 Nimirum
3004 2064 3148 2131 quod
3200 2065 3247 2120 is
3281 2068 3372 2136 qui
3424 2068 3524 2122 im-

1938 2134 2145 2200 pegerit
2177 2135 2228 2190 in
2267 2138 2545 2197 Christum
2570 2145 2739 2202 Deum
2759 2160 3033 2220 nostrum,
3072 2134 3310 2228 propter
3328 2162 3521 2215 Imma-

1936 2224 2125 2281 nitatis
2165 2230 2739 2306 demonstrationem;
2801 2251 2863 2297 ut
2911 2255 3040 2315 puta
3080 2224 3229 2318 quod
3269 2256 3522 2309 comede-

1934 2312 2046 2377 hat,
2079 2315 2242 2386 idque
2285 2337 2409 2375 cum
2463 2326 2775 2394 publicanis
2802 2340 2856 2386 et
2903 2312 3285 2403 peccatoribus
3319 2358 3333 2394 :
3371 2346 3516 2411 quod

1931 2407 2238 2465 dormiebat
2268 2431 2281 2465 :
2322 2417 2466 2484 quod
2502 2418 2833 2480 lassitudine
2879 2430 3168 2484 tenebatur
3201 2452 3213 2487 :
3241 2436 3386 2503 quod
3436 2436 3517 2491 di-

1930 2501 2091 2565 xerit,
2132 2520 2149 2552 ι
2180 2502 2377 2561 Tristis
2408 2521 2489 2564 est
2520 2514 2703 2570 anima
2736 2533 2851 2573 mea
2885 2536 3060 2597 usque
3082 2525 3149 2578 ad
3179 2541 3407 2581 mortem
3441 2546 3453 2582 :
3494 2550 3509 2579 ι

1927 2597 1981 2643 ct
2032 2607 2155 2660 qua:
2188 2605 2313 2650 sunt
2354 2598 2474 2669 ejus
2525 2606 2740 2672 generis
2773 2624 2789 2661 :
2822 2624 2942 2678 quae
2998 2615 3183 2670 omnia
3255 2615 3515 2688 Verbum,

1926 2684 2072 2752 quod
2106 2688 2286 2742 omnia
2324 2691 2603 2760 sapienter
2628 2697 3072 2773 administrabat,
3110 2709 3177 2763 ad
3215 2715 3511 2772 conﬁrma-

1924 2775 2129 2829 tionem
2151 2787 2205 2832 et
2227 2780 2533 2838 evidentem
2553 2785 2982 2849 declarationem
3012 2814 3312 2873 assumpta:
3328 2811 3511 2866 carnis

1923 2872 2294 2937 perpetrabat.
2333 2874 2436 2941 Qui
2465 2877 2629 2948 igitur
2653 2894 2877 2954 propter
2910 2890 3012 2946 ista
3047 2872 3421 2967 impingebant
3451 2904 3504 2958 in

1922 2958 2227 3025 Christum,
2258 2963 2576 3025 facillimam
2606 2979 2912 3047 acquirent,
2962 2993 3022 3039 ut
3048 2958 3285 3056 videtur,
3322 3009 3507 3050 emen-

1921 3051 2197 3110 dationem
2230 3076 2242 3111 :
2271 3074 2395 3113 nam
2428 3062 2496 3117 ab
2520 3063 2828 3135 ignorantia
2859 3076 3268 3143 quodammodo
3293 3088 3507 3143 excide-

1920 3156 2003 3200 rat
2034 3146 2391 3216 blasphemia,
2421 3168 2545 3208 cum
2570 3173 2677 3212 non
2702 3174 2923 3229 possent
2948 3167 3001 3221 in
3028 3169 3384 3239 profundum,
3418 3182 3499 3234 vel

1917 3248 2016 3303 per
2047 3236 2325 3304 rimulam,
2363 3240 2791 3310 dispensationis
2823 3264 3131 3325 penetrare,
3150 3262 3231 3315 vel
3278 3263 3497 3321 inenar-

1917 3327 2145 3384 rabilem
2206 3335 2512 3402 perspicere
2566 3341 3089 3405 condescensionem
3121 3372 3134 3407 :
3166 3364 3499 3429 qdaproptvr

1918 3436 2013 3489 per
2043 3422 2229 3478 divina
2265 3425 2438 3495 ipsius
2474 3446 2637 3500 opera
2670 3433 2905 3506 inducti,
2945 3444 3238 3510 proclivem
3282 3451 3356 3505 illi
3399 3454 3494 3505 ad-

225 3475 382 3529 κτης,
435 3466 668 3535 σταυρὸν
716 3471 933 3527 ἀκούων
980 3465 1076 3530 καὶ
1106 3478 1359 3549 θάνατον,
1401 3490 1496 3539 καὶ
1537 3489 1618 3543 ὅτι
1641 3491 1812 3561 ἔφαγε

225 3552 321 3604 καὶ
373 3553 515 3610 ἔπιε.
558 3559 655 3610 καὶ
701 3563 800 3610 ὅσα
823 3565 960 3610 ἄλλα
988 3572 1103 3610 ιτηῗί-
1150 3571 1428 3610 Ἰηνικηῖηορ
1454 3581 1532 3610 οι..
1556 3583 1811 3610 ι.-α-κιη

1923 3465 2001 3489 ...η
2044 3465 2229 3478 μνη...
2265 3465 2438 3495 ιγοιυσ
2474 3465 2637 3500 υμυια
2671 3465 2905 3506 ιιιυυυιι,
2945 3465 3238 3510 procuvem
3282 3465 3356 3505 llll
3399 3465 3494 3505 ad—

1923 3513 2136 3569 mittent
2163 3516 2633 3589 immutationem,
2666 3538 2724 3581 et
2767 3533 3109 3590 consimilem
3150 3539 3218 3593 de
3262 3544 3499 3610 peccatis

224 3552 321 3604 καὶ
373 3553 515 3623 ἔπιε,
558 3559 655 3612 καὶ
701 3563 800 3616 ὅσα
823 3565 960 3619 ἄλλα
988 3572 1103 3634 τοῖς
1150 3571 1428 3641 Ἰουδαίοις
1452 3581 1532 3645 είς
1555 3552 1812 3658 διαϐολην

223 3643 319 3696 τοῦ
371 3648 645 3704 Δεσπότου
690 3658 1027 3729 προεφέρετο
1055 3678 1068 3690 ’
1103 3664 1226 3719 ἐπεὶ
1268 3668 1325 3721 δὲ
1348 3643 1627 3745 θειοτέρας
1650 3643 1810 3751 ἔτυχε

222 3738 422 3808 πείρας
453 3743 548 3796 καὶ
595 3746 695 3816 τῆς
734 3748 941 3805 ἄνωθεν
987 3753 1278 3825 ὀπτασίας,
1306 3763 1504 3820 αὐτίκα
1528 3738 1713 3826 πάντα
1740 3738 1808 3829 τὰ

220 3827 521 3903 βλάσφημα
552 3837 717 3908 ῥίψας
745 3842 946 3909 ἐκεῖνα,
983 3847 1161 3918 κήρυξ
1183 3851 1276 3904 τοῦ
1306 3854 1638 3928 διωκομένου
1663 3827 1808 3931 γίνεζ

214 3937 328 3976 ται.
360 3924 516 3980 Οὕτω
555 3928 717 3983 πάλιν
748 3935 1038 4004 τρισχίλιοι
1064 3939 1204 4011 ἅμα,
1230 3945 1326 3998 καὶ
1367 3924 1575 4006 τούτων
1605 3924 1805 4025 ἐφεξῆς

217 4014 463 4083 πλείους,
491 4017 612 4075 εἶτα
643 4024 737 4077 καὶ
757 4024 887 4090 λαὸς
915 4027 1119 4099 μείζων
1142 4034 1516 4108 ἀριθμεῖσθαι,
1543 4014 1662 4111 ταῖς

218 4109 475 4176 σημείαις
500 4115 911 4182 μετατεθέντες,
964 4123 1168 4195 σπουδῇ
1225 4130 1357 4199 πρὶν
1386 4132 1463 4203 τῷ
1493 4135 1586 4188 ὑπ’
1620 4109 1803 4197 αὐτῶν

214 4198 609 4274 πολεμουμένῳ
659 4210 964 4280 προσῆλθον
1018 4214 1379 4288 κηρύγματι·
1411 4198 1573 4296 δῆλον
1614 4229 1709 4285 οὖν
1737 4235 1801 4288 ἐκ

206 4290 319 4343 τῶν
346 4296 651 4367 εἰρημένων
688 4302 837 4367 ὅπως
864 4308 978 4371 τοῖς
1008 4312 1091 4373 είς
1118 4311 1209 4366 τὸν
1229 4312 1357 4368 Υίὺν
1386 4290 1479 4371 τού
1505 4320 1797 4392 ἀνθρώπου

209 4383 627 4458 βλασφημοῦσιν
660 4395 692 4464 ἠ
728 4393 922 4465 ἄφεσις
948 4399 1170 4470 δίδοται,
1200 4406 1281 4458 ὅτι
1303 4407 1382 4479 τῷ
1397 4410 1568 4482 ῥαδίῳ
1582 4383 1682 4484 της
1701 4434 1798 4488 με·

203 4479 438 4551 ταϐολῆς
466 4483 628 4537 καὶτὸ
648 4488 937 4558 πρόχειρον
948 4494 1046 4563 τῆς
1063 4498 1394 4572 συγγνώμης
1417 4479 1794 4566 ἕπεταιέόσοι

200 4568 260 4622 δὲ
294 4571 401 4624 τῶν
439 4573 927 4650 θαυμασιωτέρων,
966 4586 1062 4640 καὶ
1097 4587 1133 4641 ἃ
1159 4568 1329 4662 μόνης
1349 4568 1471 4649 ἐστί
1507 4600 1607 4667 τῆς
1641 4601 1793 4668 θείας

198 4660 483 4732 δυνάμεως
511 4664 708 4737 ὕποψιν
728 4680 753 4707 υ
789 4673 1005 4743 ἔχοντες
1036 4678 1135 4748 τὴν
1180 4660 1465 4753 ἐνέργειαν
1488 4703 1501 4717 ·
1531 4660 1791 4762 δαίμονας

1916 3618 2329 3676 consequentur
2354 3615 2590 3670 veniam.
2618 3617 2694 3674 Ita
2716 3624 2922 3678 exstitit
2941 3624 3140 3683 Paulus
3156 3645 3493 3700 perseeutor.

1894 4708 1985 4775 qui
2014 4708 2070 4761 in
2110 4709 2307 4766 Filium
2336 4714 2576 4772 hominis
2608 4721 3021 4794 blasphemant;
3052 4731 3313 4788 nimirum
3346 4735 3476 4791 faci-

198 4754 586 4824 διωκομένους,
620 4761 809 4828 νόσους
836 4764 1224 4839 ἐλαυνομένας,
1256 4777 1480 4845 τυφλοῖς
1516 4782 1615 4846 τὰς
1634 4783 1787 4854 ὄψεις

198 4846 403 4900 όήιιατι
440 4847 949 4900 δημιουργουμένη
975 4876 988 4889 ·
1018 4862 1085 4900 τὸ
1116 4864 1367 4900 ,ἧι-πεινηηῖ-
1387 4872 1477 4900 ..-ι
1501 4876 1779 4900 ---λιιι-κ,
1814 4869 1817 4876 ⁴

1923 4754 1985 4760 η-.
2014 4754 2070 4761 -.-
2110 4754 2127 4763 -
2155 4754 2307 4766 ........
2336 4754 2576 4772 ..ν-..ιιιιο
2608 4754 3021 4794 muapucmaut;
3052 4754 3313 4788 uuuu'um
3346 4754 3476 4791 1801-

1923 4803 2098 4856 itatem
2150 4808 2476 4863 mutationis
2507 4817 2869 4884 consequitur
2903 4820 3139 4880 facilitas
3194 4826 3479 4900 indulgem-

196 4846 403 4917 ῥήματι
440 4847 949 4926 δημιουργουμένας
975 4876 988 4889 ·
1018 4862 1087 4915 τὰ
1116 4864 1370 4939 ὑπερφυῆ
1387 4872 1482 4925 καὶ
1501 4876 1784 4946 παράδοξα
1814 4869 1817 4922 Ῐ

196 4941 381 4987 ἐκεῖνα
404 4958 419 4972 -
450 4945 583 4987 πηὸς·
604 4948 757 4987 mmet.
792 4952 997 4987 11⁵1³.ιῖς-μιν
1024 4956 1302 4987 annm.-.“
1329 4966 1348 4987 ι
1365 4984 1414 4987 __
1433 4984 1483 4987 ,κ
1508 4985 1515 4987 _
1540 4970 1552 4987 ρ
1670 4972 1693 4987 ,ι

1923 4846 2098 4856 .-..,ν...
2151 4846 2476 4863 mauu-vum
2507 4846 2868 4884 ιυιιδσιιυιιιη
2903 4846 3139 4880 ιδυιιιιιιδ
3194 4846 3471 4900 1110111881)-

1923 4895 1997 4947 iae.
2028 4895 2097 4948 At
2123 4897 2217 4965 qui
2248 4915 2335 4955 res
2369 4903 2540 4973 magis
2590 4907 2979 4979 admirabiles,
3011 4925 3066 4970 et
3096 4933 3219 4987 quae
3248 4922 3350 4976 soli
3387 4923 3471 4975 di-

193 4941 381 4994 ἐκεῖνα
404 4958 419 4972 '
450 4945 583 5015 πρὸς
604 4948 757 5003 οὐδὲν
792 4952 997 5007 τούτων
1022 4956 1302 5016 ἐθέλουσιν
1326 4966 1778 5041 ἐπιστρέφεσθαι,

192 5030 269 5094 ὡς
303 5033 521 5099 ἑκόντες
546 5041 681 5109 πρὸς
706 5041 776 5095 τὰ
795 5044 890 5097 τοῦ
923 5048 1241 5119 Πνεύματος
1279 5054 1418 5126 ἔργα
1456 5030 1550 5113 καὶ
1570 5030 1634 5115 τὸ
1664 5030 1781 5132 φῶς

188 5122 728 5198 ἀποτυφλώττοντες,
751 5126 898 5189 οὗτοι
921 5138 1163 5212 χαλεπὴν
1186 5144 1218 5215 ἢ
1240 5146 1335 5198 καὶ
1359 5148 1621 5206 ἀδύνατον
1650 5173 1781 5209 παν-

186 5214 361 5280 τελῶς
413 5218 513 5289 τὴν
570 5225 938 5294 μεταμέλειαν
1002 5230 1239 5301 ἔχουσιν,
1264 5236 1324 5301 ἐξ
1377 5232 1550 5313 οὗπερ
1590 5246 1777 5311 αὐτοῖς

184 5309 504 5381 ἀφαιρεῖται
538 5315 636 5368 καὶ
664 5317 698 5387 ή
720 5316 934 5387 ἄφεσις.
970 5324 1087 5378 Τίνι
1117 5324 1225 5397 γὰρ
1256 5327 1320 5381 ἂν
1366 5333 1461 5384 καὶ
1506 5309 1772 5403 μεταπειέ

184 5399 365 5454 σθεῖεν
394 5394 540 5458 οὗτοι
572 5408 708 5479 πρὸς
732 5411 801 5465 τὰ
824 5411 967 5467 οὕτω
998 5418 1159 5471 καινὰ
1186 5420 1281 5473 καὶ
1321 5422 1503 5494 πολλῷ
1531 5426 1633 5497 τῆς
1665 5430 1769 5497 φύ-

182 5509 326 5559 σεως
384 5498 669 5568 κρείττονα
716 5506 1104 5577 πωρωθέντες,
1130 5513 1224 5567 καὶ
1252 5516 1378 5585 μηδ’
1403 5518 1507 5572 ὑπό
1538 5538 1644 5575 τινι
1668 5524 1768 5576 αύ-

1882 4986 2024 5041 vinm
2079 4991 2337 5057 potentiae
2387 4994 2707 5066 subiacent,
2763 5004 2868 5059 sub
2921 4986 3201 5077 aspectum
3264 5014 3470 5068 habent

1876 5269 1991 5316 tera
2026 5275 2282 5321 naturam
2316 5272 2656 5342 excedentia,
2691 5279 2961 5352 planeque
3006 5290 3310 5357 stupenda;
3366 5308 3466 5347 nec

1881 5357 1947 5410 ad
1979 5356 2170 5411 horum
2203 5358 2386 5430 aliqua
2416 5370 2657 5422 converti
2689 5372 2897 5439 volunt,
2923 5375 3015 5431 scd
3050 5380 3355 5436 voluntarie
3395 5383 3460 5437 ad

1882 5448 2121 5516 Spiritus
2153 5465 2319 5517 opera
2351 5462 2405 5509 et
2435 5456 2898 5521 illuminationem
2926 5467 3288 5525 obczecantur
3326 5491 3340 5527 :
3371 5474 3457 5527 isti

1878 5539 2186 5609 dillieulter,
2221 5544 2267 5600 si
2303 5547 2532 5604 omnino
2563 5560 2768 5620 tamen,
2809 5560 3163 5631 resipiscunt,
3187 5574 3351 5633 atque
3383 5566 3457 5621 ita

1490 5618 1727 5679 VARI/E
1762 5628 2172 5693 LECTIONES.

295 5694 318 5719 "
354 5685 443 5737 ὑπ’
500 5690 643 5757 ὅφιν.

1704 5789 1930 5859 NOTAE,

288 5851 399 5919 (Si?)
438 5852 578 5909 ldum
614 5854 831 5915 Thomu:
863 5878 1022 5935 supra
1058 5884 1103 5935 ιι.
1142 5867 1326 5925 XLIX.
