3902 6212
379 258 478 328 971

1532 276 1796 339 PHOTII
1833 278 2341 342 PATRIARCHIE
2386 281 2493 343 ΟΡ.

3556 278 3667 342 972

378 372 778 445 indulgentiam
819 376 964 434 haud
1004 378 1320 451 impertitur
1355 382 1422 440 iis
1448 382 1614 440 Deus.
1647 386 1768 453 Quo
1808 387 1957 441 enim

2076 388 2170 443 τῶν
2216 390 2355 462 πρὸς
2385 388 2720 460 ἐπιστροφὴν
2743 388 2873 443 ίδετν
2915 388 3379 459 δυσωπηθέντεςς
3419 389 3503 443 Δι’
3526 389 3557 442 δ
3582 392 3664 444 ει-

377 467 489 523 alio
514 483 778 539 persuasu
802 471 1157 541 resipiscant,
1188 474 1283 545 qui
1314 476 1381 531 ad
1405 484 1514 532 tam
1554 493 1690 532 nova
1720 488 1769 533 et
1796 487 1958 534 natu-

375 572 495 612 ram
533 558 610 613 ita
635 559 955 615 excedentia
982 562 1347 632 obdurantur,
1388 582 1487 622 nec
1533 568 1602 623 ab
1656 570 1841 641 aliquo
1874 572 1962 626 in-

378 648 507 706 duci
554 660 791 721 possunt
836 664 897 707 ut
939 656 1359 712 conversionem
1394 674 1551 714 suam
1597 662 1962 718 meditemur?

377 742 503 799 Non
535 743 705 816 igitur
736 745 1034 813 immerito,
1059 748 1180 804 sine
1206 752 1365 805 venia
1391 752 1494 808 hoc
1521 753 1736 809 illorum
1767 771 1963 825 pecca-

379 841 524 900 tum,
554 844 609 889 et
634 835 975 905 blasphemia
1016 837 1409 908 indulgentiam
1436 846 1672 901 excedit.
1701 847 1961 917 Exempla

380 932 943 994 apponanturAnnas,
964 927 1259 1002 Caiaphas,
1274 942 1327 988 et
1349 936 1658 1005 complures
1680 935 1962 1001 eJudaais;

383 1015 440 1070 hi
472 1031 598 1071 cum
641 1019 911 1073 daemonia
940 1019 1251 1089 ejicientem
1286 1035 1596 1090 cernerent,
1627 1043 1749 1081 cum
1797 1028 1964 1083 debe-

381 1115 506 1161 rent
536 1110 783 1163 venerari
818 1110 1249 1180 benefactorem,
1282 1115 1404 1170 ausi
1450 1127 1579 1171 sunt
1619 1132 1734 1172 rem
1780 1117 1965 1189 impu-

381 1199 623 1254 dentiam
650 1216 865 1256 omnem
894 1204 1246 1260 excedentem
1268 1206 1546 1277 proloqui,
1578 1218 1633 1263 et
1658 1224 1753 1280 per
1778 1210 1967 1265 convi-

381 1290 458 1346 tia
502 1292 724 1355 dicere,
780 1307 904 1348 eum
954 1294 1226 1351 daemonia
1273 1296 1472 1367 ejicere
1514 1314 1612 1369 per
1661 1300 1965 1371 principem

381 1383 820 1452 daemoniorum;
848 1400 973 1442 cum
1014 1402 1198 1445 caecos
1223 1388 1570 1447 intuerentur
1590 1392 1796 1460 videre,
1827 1394 1968 1450 lecto

2062 478 2234 545 καίως
2262 480 2444 534 αύτῶν
2465 479 2561 533 καὶ
2615 478 2963 549 σύγγνωστον
2997 488 3023 515 ο
3048 481 3112 535 τὸ
3142 480 3552 551 πλημμέλημα,
3570 482 3668 535 καὶ

2066 571 2320 643 μείζωνή
2348 570 2666 643 βλασφημία
2690 573 2789 641 τῆς
2817 571 3088 641 ἀφέσεως.
3107 572 3542 643 Παραδείγματα
3571 572 3667 627 τοῦ

2062 659 2243 727 λόγου⁶
2267 660 2466 724 Ἄννας
2483 661 2577 713 καὶ
2594 661 2852 730 Καϊάφας
2866 662 2961 715 καὶ
2984 660 3290 731 πολλοὶξτῶν
3304 662 3602 730 Ἰουδαίων,
3615 664 3666 718 οἱ

2062 751 2321 822 δαίμονας
2349 750 2723 806 ἀπελαύνοντα
2771 751 2995 817 ἰδόντες,
3025 752 3146 807 δέον
3190 752 3525 824 προσκυνεῖν
3562 754 3662 807 rev

2062 845 2380 916 εὐεργέτην,
2410 845 2470 898 ὲν
2498 843 2579 915 τῷ
2633 844 2865 916 ἄρχοντι
2922 844 3034 898 τῶν
3084 843 3383 915 δαιμονίων
3405 847 3671 916 (πρᾶγμα

2064 933 2249 1006 πάσης
2274 932 2665 1004 ἀναισχυντίας
2693 932 3011 1005 τολμῶντες
3054 933 3341 1000 ἐπέκεινα)
3375 932 3671 986 ἐκϐάλλειν

2065 1026 2230 1081 αὐτὸν
2269 1025 2580 1097 ἐλοιδόρουν
2638 1023 2710 1080 τά
2758 1024 3011 1097 δαιμόνια
3033 1042 3047 1057 ·
3084 1025 3322 1093 τυφλοὺς
3364 1024 3671 1095 βλέποντας

2065 1116 2320 1186 ὁρῶντες,
2356 1118 2451 1171 καὶ
2480 1116 2763 1188 κλινήρεις
2787 1117 2974 1189 δρόμῳ
3005 1116 3103 1171 καὶ
3131 1117 3342 1188 φορτίῳ
3385 1117 3489 1187 τὴν
3523 1117 3670 1170 τασιν

2068 1209 2446 1281 βεϐαιοῦνταςο
2474 1211 2622 1264 ιΟύκ
2648 1210 2795 1265 ἔστιν
2815 1210 2844 1263 ὁ
2859 1209 3145 1281 ἄνθρωπος
3161 1205 3339 1274 οὗτος,
3371 1210 3582 1279 ἔλεγον,
3604 1212 3671 1264 ὲκ

2069 1301 2163 1355 τοῦ
2195 1300 2332 1355 Θεοῦ
2350 1318 2366 1331 °
2394 1320 2413 1353 ι
2442 1302 2534 1356 τὸν
2551 1300 2801 1374 Λάζαρον
2837 1302 3200 1370 ἀνιστάμενον
3231 1303 3561 1373 τεταρταῖον
3589 1304 3672 1367 εἰς

2068 1392 2292 1448 πλείονα
2315 1392 2475 1463 φόνον
2499 1397 2549 1431 ⁸⁸
2570 1393 2948 1462 ἀνεφλέγοντο.
2977 1411 2996 1444 ι
3019 1392 3278 1465 Ἐζήτουν
3320 1392 3453 1462 γὰρ,
3476 1392 3669 1462 φησὶν,

380 1475 579 1532 aflixos
609 1492 707 1547 per
729 1492 955 1534 cursum
977 1490 1032 1536 et
1056 1482 1447 1552 baiulationem
1474 1485 1763 1541 sanitatem
1789 1496 1965 1543 ratam

2076 1485 2161 1539 ἵνα
2187 1484 2395 1538 καὶτὸν
2419 1482 2676 1554 Λάζαρον
2699 1482 3118 1538 ἀποκτείνωσιν.
3148 1500 3166 1534 ι
3190 1476 3325 1536 Εῐτα
3350 1483 3672 1538 ἀναστάντα

379 1566 679 1653 facientes,
695 1571 952 1627 dixerunt
980 1582 1188 1643 tamen,
1226 1575 1377 1631 «Non
1417 1587 1555 1634 esta
1582 1580 1692 1634 Deo
1721 1580 1824 1635 iste
1864 1580 1968 1635 ho-

2076 1578 2479 1651 μεμαθηκότες,
2534 1580 2784 1649 χρήμασι
2811 1579 2905 1631 καὶ
2925 1575 3114 1647 ψεύδει
3132 1575 3545 1645 κατακρύπτειν
3567 1578 3671 1629 ἐπ-

380 1676 540 1729 ιηος»
580 1672 635 1720 et
655 1679 752 1735 per
778 1664 1050 1722 Lazarum
1080 1679 1358 1724 mortuum
1392 1672 1827 1741 quadriduanum
1848 1673 1969 1729 vitae

2076 1671 2323 1743 εχείρουν
2377 1670 2477 1743 τὴν
2530 1672 2847 1726 ἀνάστασιν.
2883 1671 2994 1725 Καὶ
3037 1671 3102 1742 δὴ
3128 1666 3224 1724 κάι
3263 1670 3375 1723 τῶν
3405 1670 3674 1741 μαθητῶν

384 1756 726 1825 restitutum,
759 1760 825 1816 ad
857 1762 1123 1831 majorem
1159 1762 1424 1819 invidiam
1464 1764 1966 1822 inﬂammabantur.

2076 1764 2332 1835 πυρίναις
2364 1764 2641 1834 γλώσσαις
2686 1763 3099 1834 στομωθέντων,
3137 1763 3232 1816 καὶ
3286 1764 3356 1816 τά
3398 1763 3675 1833 μεγαλεῖα

391 1865 411 1899 ε
439 1846 769 1915 Quaerebam
809 1850 981 1917 enim,
1039 1853 1133 1919 ait,
1206 1863 1265 1908 ut
1302 1864 1356 1910 et
1387 1854 1657 1917 Lazarum
1691 1858 1971 1915 interime-

382 1950 523 1997 rent.
556 1960 577 1995 ›
605 1941 673 1998 Et
706 1952 996 2016 postquam
1034 1947 1362 2003 resciverint
1391 1951 1782 2014 resurrexisse,
1819 1952 1967 2007 illam

383 2033 842 2089 resurrectionem
864 2037 1162 2103 occultare,
1194 2038 1321 2093 data
1344 2040 1597 2109 pecunia,
1622 2048 1677 2096 et
1700 2057 1797 2112 per
1820 2058 1973 2098 men-

385 2125 608 2181 dacium
648 2128 986 2185 nitebantur.
1019 2131 1232 2186 Etcum
1273 2132 1527 2204 discipuli
1564 2133 1763 2205 linguis
1797 2137 1972 2205 igneis

386 2229 832 2288 exacuerentur,
891 2230 947 2277 et
1002 2222 1275 2291 magnalia
1312 2223 1405 2279 Dei
1439 2226 1622 2281 verbis
1667 2229 1971 2298 peregrinis

385 2309 841 2381 depraadicarent,
906 2321 960 2368 et
1010 2330 1203 2385 magna
1240 2316 1529 2372 hominum
1579 2320 1872 2377 multitudo
1902 2324 1969 2377 ad

386 2401 646 2471 pietatem
682 2404 948 2460 miraculo
976 2406 1388 2475 inducerentur,
1419 2413 1536 2466 sine
1561 2413 1713 2467 omni
1738 2414 1969 2485 pudore,

386 2494 637 2550 miraculi
668 2506 960 2567 augustum
990 2508 1046 2554 et
1075 2502 1448 2557 venerandum
1492 2503 1721 2571 factum,
1746 2506 1813 2561 ad
1846 2524 1970 2562 mu-

387 2592 533 2639 stum
592 2586 892 2643 transferre
967 2600 1021 2644 et
1078 2592 1398 2647 ebrietatem
1460 2596 1815 2664 satagebant;
1868 2614 1970 2653 nec

386 2677 717 2733 verebantur
741 2680 1066 2749 nequissimi
1098 2682 1402 2747 alastores,
1465 2700 1535 2741 ne
1582 2687 1652 2742 ab
1700 2688 1823 2759 igne
1876 2689 1970 2745 illo

386 2770 724 2827 miraculoso
755 2772 1203 2829 absumerentur.
1240 2777 1318 2831 Ita
1368 2777 1503 2831 nihil
1535 2794 1761 2849 prorsus
1790 2797 1969 2852 quan-

386 2861 590 2915 tumvis
623 2870 880 2917 naturam
928 2875 1304 2934 exsuperaret,
1344 2868 1410 2921 ad
1444 2870 1770 2924 mutandum
1820 2872 1971 2942 ipso-

386 2967 510 3006 rum
542 2968 775 3023 nequam
818 2966 873 3011 et
921 2956 1217 3011 absurdam
1274 2958 1586 3028 opinionem
1638 2960 1969 3025 sufﬁciebat.

2072 1856 2168 1910 τοῦ
2192 1857 2327 1910 Θεοῦ
2355 1856 2528 1922 ξένοις
2565 1858 2808 1929 ῥήμασιν
2849 1856 3362 1927 ἀνακηρυττόντων,
3400 1859 3500 1910 καὶ⁵
3529 1856 3675 1926 πλῆ-

2075 1950 2165 2014 θος
2190 1949 2418 2020 ἄπειρον
2445 1950 2525 2021 τῷ
2554 1951 2794 2022 θαύματι
2829 1950 2965 2022 πρὸς
2998 1951 3097 2023 τὴν
3118 1950 3405 2004 εὐσέϐειαν
3434 1950 3671 2018 ἐναγόν-

2072 2060 2205 2107 των,
2267 2043 2347 2106 εἱς
2411 2042 2642 2112 γλεῦκος
2690 2036 2839 2097 οὗτοι
2874 2044 2967 2095 καὶ
3011 2042 3183 2113 μέθην
3213 2042 3274 2095 τὸ
3302 2042 3537 2113 φρικτὸν
3567 2040 3671 2095 τοῦ

2074 2135 2357 2206 θαύματος
2398 2135 2677 2207 διασύρειν
2709 2136 2810 2189 ούκ
2839 2134 3156 2207 ᾐσχύνοντο,
3184 2135 3295 2187 οὐδ’
3347 2133 3655 2202 ἐφοϐοῦντο

2076 2227 2154 2299 μὴ
2188 2226 2264 2299 τῷ
2310 2225 2447 2299 ξένῳ
2480 2228 2617 2298 πυρὶ
2646 2226 3178 2297 καταδαπανηθῶσιν
3236 2226 3288 2279 oi
3339 2226 3670 2296 ἀλάστορες.

2073 2320 2264 2386 Οὕτως
2286 2321 2439 2374 οὐδὲν
2456 2322 2642 2386 αὐτοῖς
2666 2320 2776 2375 τῶν
2793 2319 3089 2390 ὑπερφυῶν
3119 2320 3201 2382 είς
3233 2318 3541 2389 μεταϐολὴν
3567 2320 3676 2390 τῆς

2077 2413 2360 2486 μοχθηρᾶς
2393 2414 2489 2467 καὶ
2518 2413 2721 2466 ἀτόπου
2752 2412 2979 2483 γνώμης
3013 2410 3333 2481 ἐξήρκεσεν,
3359 2409 3508 2475 ἅπαξ
3528 2410 3673 2481 πρὸς

2072 2504 2142 2556 τὰ
2169 2503 2367 2573 πρῶτα
2419 2501 2528 2557 τῶν
2557 2500 2949 2574 πνευματικῶν
2979 2501 3075 2555 καὶ
3106 2500 3265 2553 θείων
3310 2500 3490 2571 ἔργων
3510 2502 3677 2555 ἀναι-

2077 2594 2331 2662 σχυντεῖν
2370 2592 2602 2655 ἑαυτοὺς
2651 2591 3096 2662 παρεσκευακόσι
3142 2590 3239 2643 acati.
3288 2589 3679 2661 ἀποθρασύνε-

2074 2683 2223 2738 σθαι.
2259 2684 2497 2748 Δικαίως
2513 2684 2620 2755 ἄρα
2648 2682 2769 2736 λίαν
2786 2683 2880 2737 καὶ
2921 2682 3104 2752 σοφῶς
3133 2682 3473 2753 εἴρηται,ὃτι
3512 2701 3532 2733 ε
3566 2684 3679 2741 Ὃς

2072 2775 2141 2829 ἂν
2168 2775 2299 2846 εἴπῃ
2334 2774 2494 2843 λόγον
2528 2773 2671 2828 κοιτά
2689 2772 2783 2827 τοῦ
2815 2771 2947 2825 Υίοῦ
2983 2773 3078 2825 τοῦ
3106 2771 3399 2843 ἀνθρώπου
3418 2813 3433 2835 ,
3464 2771 3679 2841 ἀφεθήο

2075 2884 2229 2920 σεται
2263 2865 2443 2937 αὐτῷ·
2470 2865 2530 2929 ὃς
2555 2866 2598 2918 δ’
2626 2866 2694 2919 ἂν
2730 2866 2861 2936 εἴπῃ
2890 2864 3032 2918 κατὰ
3059 2864 3152 2917 τοῦ
3189 2865 3532 2935 Πνεύματος,
3561 2864 3674 2915 οὐκ

2075 2960 2411 3032 ἀφεθήσεται
2438 2956 2613 3029 αύτῷ,
2646 2955 2772 3011 οὔτε
2802 2958 2862 3011 ἐν
2892 2955 2972 3027 τῷ
3000 2955 3096 3009 νῦν
3122 2956 3300 3019 αἰῶνι,
3345 2954 3471 3009 οῦτε
3501 2956 3558 3007 ὲν
3588 2956 3675 3025 τῷ

384 3052 676 3115 postquam
708 3049 877 3103 semel
909 3061 1100 3104 contra
1139 3052 1413 3121 praecipua
1438 3052 1675 3122 Spiritus
1707 3056 1885 3109 sancti
1917 3064 1970 3109 et

2077 3052 2348 3123 μέλλοντι.
2389 3068 2407 3102 ›
2434 3051 2560 3114 Τοῖς
2597 3049 2695 3120 μὲν
2722 3048 2833 3119 γὰρ
2862 3048 2973 3102 ἀπὸ
3000 3048 3109 3101 τῶν
3153 3047 3677 3119 ἀνθρωπικωτέρων

387 3136 574 3192 divina
598 3153 763 3208 Opera
797 3142 917 3196 sine
944 3143 1101 3196 omni
1130 3144 1395 3199 modestia
1430 3152 1484 3198 et
1514 3144 1724 3215 pudore
1769 3162 1829 3202 se
1856 3148 1971 3201 dis—

387 3239 711 3299 posuerant,
757 3232 823 3287 ad
856 3235 1191 3291 audendum.
1248 3234 1554 3302 Quocirca,
1603 3252 1704 3293 nec
1746 3237 1970 3308 injuria,

388 3320 683 3378 manifeste
727 3327 1162 3393 pronuntiatur:
1197 3346 1216 3380 ‹
1255 3328 1361 3394 Qui
1404 3330 1634 3384 verbum
1678 3330 1971 3400 protulerit

385 3422 579 3468 contra
612 3414 813 3472 Filium
848 3419 1113 3486 hominis,
1147 3421 1461 3476 remittetur
1482 3422 1596 3480 illi:
1636 3433 1690 3477 at
1724 3422 1817 3491 qui
1842 3438 1974 3478 con-

388 3511 474 3557 tra
503 3503 766 3574 Spiritum
794 3519 1048 3565 sanetum
1080 3511 1371 3581 protulerit
1406 3527 1514 3565 non
1563 3513 1872 3568 remittetur
1897 3513 1969 3578 ei,

389 3612 492 3653 nec
530 3598 584 3652 in
627 3599 734 3657 hoc
779 3603 980 3659 saeculo
1005 3647 1020 3669 ,
1076 3620 1251 3676 neque
1301 3604 1355 3659 in
1391 3603 1578 3659 futuro
1610 3621 1818 3662 :icum
1867 3606 1963 3675 qui

2074 3144 2170 3198 κα)⁸
2198 3142 2599 3212 ταπεινοτέρων
2636 3140 3109 3195 σκανδαλισθείσιν
3167 3141 3262 3192 ἐπὶ
3301 3139 3380 3209 τῷ
3418 3139 3678 3210 Δεσπότῃ

2070 3234 2314 3307 Χριστῷ,
2348 3234 2506 3306 ῥᾳδία
2538 3234 2571 3304 ἠ
2614 3233 2702 3287 διὰ
2725 3232 2835 3287 τῶν
2873 3233 3136 3303 μειζόνων
3177 3232 3270 3285 καὶ
3311 3231 3670 3302 ὑψηλοτέρων

2078 3324 2355 3397 μεταϐολὴ
2382 3324 2477 3377 καὶ
2511 3325 2544 3393 ἡ
2569 3323 2785 3392 ἄφεσις.
2813 3323 2938 3386 Τοῖς
2962 3322 3020 3376 δὲ
3050 3322 3187 3393 πρὸς
3222 3326 3291 3377 τά
3318 3322 3677 3393 πνευματικὰ

2074 3417 2172 3471 καὶ
2211 3417 2471 3488 ὑπερφυῆ
2506 3415 2604 3468 καὶ
2654 3414 2774 3468 θεῖα
2814 3414 3193 3485 νάπονοηθείσι,
3230 3414 3595 3483 παγχάλεπος
3638 3415 3673 3486 ἢ

2076 3510 2171 3564 καὶ
2203 3507 2463 3571 ἀδύνατος
2482 3510 2515 3575 ἠ
2542 3506 2850 3577 διόρθωσις.
2890 3507 2989 3559 Διὰ
3008 3506 3166 3559 τοῦτο
3190 3506 3283 3559 καὶ
3304 3506 3533 3575 οὐδεμία
3553 3506 3672 3559 τῶν

2080 3599 2588 3673 πλημμεληθέντων
2610 3600 2918 3670 ἀπαντήσει
2946 3599 3161 3667 ἄφεσις.

389 3695 618 3757 propter
655 3691 928 3747 humanas
993 3704 1047 3748 et
1096 3695 1423 3755 humilitatis
1483 3700 1770 3773 passiones
1841 3694 2358 3752 scandalizabantur
2430 3692 2483 3746 in
2528 3691 2764 3745 Domino
2805 3690 3065 3757 Christo,
3102 3689 3399 3761 proclivem
3434 3686 3678 3744 habean‘

385 3797 486 3852 per
514 3795 568 3838 et
593 3796 814 3855 propter
852 3788 1059 3858 majora
1095 3801 1149 3845 et
1180 3794 1503 3851 sublimiora
1570 3794 1927 3850 mutationem
1998 3801 2054 3848 et
2086 3789 2474 3846 remissionem
2508 3805 2521 3843 :
2560 3796 2616 3842 at
2642 3788 2738 3858 qui
2766 3788 2819 3842 in
2850 3787 3015 3842 rebus
3045 3787 3449 3858 spiritualibus,
3478 3802 3678 3857 super-

386 3876 733 3932 naturalibus
760 3886 814 3932 et
834 3878 1037 3934 divinis
1061 3881 1177 3937 sine
1201 3885 1418 3941 ratione
1451 3886 1753 3951 insaniunt,
1781 3883 1846 3938 ad
1863 3883 2086 3938 modum
2111 3880 2427 3947 difﬁculter,
2481 3888 2577 3935 aut
2646 3895 2755 3935 non
2822 3879 3071 3945 omnino,
3146 3880 3383 3935 redeunt
3455 3878 3528 3935 ad
3557 3894 3678 3935 me-

385 3970 586 4026 liorem
617 3970 852 4041 frugem.
890 3973 1125 4045 ldeoque
1159 3977 1578 4051 haudquaquam
1624 3988 1971 4051 peccatorum
2013 3978 2263 4049 obtinget
2289 3976 2651 4048 indulgentia.

389 4060 721 4132 QUESTIO
734 4064 945 4121 ccxrv
963 4066 1414 4140 [Coisl.{CCXLlI,
1437 4073 1601 4128 Taur.
1620 4071 1975 4144 ccxxxw].

2607 4067 2947 4122 ΕΡΩΤΗΣΙΣ
2998 4068 3136 4119 Σ1Δ’.

665 4155 808 4207 Edita
835 4172 863 4207 a
894 4159 1200 4213 Hontacutio
1236 4165 1339 4229 (ep.
1368 4166 1476 4229 129,
1509 4168 1569 4217 ad
1598 4168 1880 4233 Christoph.
1913 4181 1962 4230 p.

2076 4165 2108 4227 l,
2140 4164 2344 4227 171).-
2373 4165 2449 4216 De
2478 4166 2730 4225 praecepto
2763 4161 2967 4222 Christi,
3001 4159 3173 4209 Matth.
3209 4172 3275 4221 vi,
3309 4158 3388 4208 17.

458 4242 598 4298 Cum
626 4254 792 4315 caput
820 4245 1083 4317 inungere
1108 4261 1163 4304 et
1189 4249 1384 4307 faciem
1414 4255 1620 4318 lavare,
1652 4255 1719 4309 de
1750 4262 1965 4309 vetusta
1992 4254 2046 4314 D

386 4337 628 4407 quadam
672 4339 1095 4407 consuetudine,
1134 4343 1204 4398 ab
1233 4344 1300 4398 iis
1323 4347 1416 4415 qui
1468 4347 1669 4417 gaudio
1701 4360 1755 4401 et
1782 4348 1971 4402 laetitia

385 4426 788 4496 alﬁciebantur,
842 4441 1167 4502 usurpetur,
1215 4451 1341 4505 quae
1375 4439 1560 4507 gaudii
1607 4447 1663 4494 et
1719 4439 1967 4495 oblecta-

385 4524 558 4581 tionis
589 4526 848 4597 symbola
871 4527 1121 4597 quaadam
1154 4534 1348 4594 erant;
1376 4528 1643 4584 Dominus
1680 4530 1746 4584 de
1762 4529 1975 4601 jejunio

384 4617 564 4689 legem
598 4627 915 4691 rogaturus,
945 4635 1111 4691 quam
1152 4636 1255 4676 nos
1287 4621 1537 4678 lubentes
1561 4623 1733 4678 voluit
1757 4633 1812 4677 et
1843 4639 1977 4694 gau-

386 4710 584 4769 dentes
617 4713 936 4783 adimplero,
973 4732 990 4764 ι
1018 4713 1195 4784 Caput
1250 4723 1435 4782 tuum,
1473 4716 1569 4783 ait,
1618 4716 1894 4786 inungito,
1921 4724 1977 4771 et

384 4802 570 4860 iivato
600 4803 799 4859 faciem
827 4824 842 4860 :
872 4824 892 4857 ι
930 4821 1038 4861 non
1060 4805 1206 4876 quod
1229 4807 1447 4862 volebat
1465 4809 1587 4864 oleo
1605 4819 1771 4879 caput
1788 4807 1978 4863 molle-

386 4894 589 4963 facere,
634 4908 729 4953 aut
766 4897 959 4954 faciem
993 4914 1136 4970 aqua
1181 4900 1493 4971 abstergere
1522 4918 1685 4970 ;cum
1712 4916 1812 4956 nec
1838 4902 1974 4970 ipse,

387 4989 486 5058 qui
521 4998 665 5045 totos
682 4991 1048 5062 quadraginta
1068 4992 1185 5049 dies
1212 4993 1522 5063 jejunabat,
1552 4995 1673 5050 istis
1692 5001 1975 5049 uteretur:

386 5096 492 5136 nec
528 5082 728 5139 intueri
758 5085 887 5140 licet
916 5086 1353 5142 emolumentum
1399 5088 1617 5157 aliquod
1645 5089 1712 5143 iis
1762 5089 1980 5142 contin-

387 5189 538 5243 gere,
568 5176 664 5245 qui
691 5186 943 5234 utuntur.
992 5179 1264 5247 Quocirca
1291 5196 1392 5235 nec
1421 5181 1638 5251 inungi,
1682 5195 1785 5235 nec
1826 5180 1979 5235 ablui

387 5265 515 5323 istis
560 5270 862 5337 mandavit,
912 5274 1005 5329 sed
1034 5290 1131 5344 per
1183 5274 1433 5347 symbola
1463 5274 1647 5345 gaudii
1678 5283 1731 5328 et
1778 5273 1980 5329 lietitize

387 5359 638 5415 voluitet
670 5351 971 5429 mandavit,
1014 5376 1073 5420 ut
1099 5366 1364 5436 jejunium
1392 5383 1517 5423 cum
1545 5366 1751 5437 gaudio
1781 5375 1836 5420 et
1879 5381 1978 5420 vo-

395 5453 602 5523 luptate
656 5469 905 5526 agamus.
946 5456 1029 5512 Ad
1078 5460 1227 5514 hunc
1261 5460 1488 5515 modum
1544 5460 1592 5515 si
1628 5475 1728 5514 nos
1750 5473 1976 5529 compo-

393 5562 592 5604 namus
620 5555 1047 5617 etexornemus,
1080 5568 1206 5608 cum
1229 5553 1368 5608 alios
1398 5552 1569 5608 latere
1598 5552 1979 5623 poterintquze

394 5642 627 5701 facimus
649 5686 663 5709 ,
699 5654 755 5700 et
787 5644 985 5716 jejunii
1033 5654 1310 5703 certamen
1346 5646 1492 5702 haud
1524 5646 1791 5717 gravatim
1818 5644 1978 5701 subi-

2155 4250 2374 4323 Ἐπειδὴ
2408 4255 2470 4303 τὸ
2497 4248 2818 4317 ἀλείφεσθαι
2853 4248 2953 4317 τὴν
2985 4238 3250 4315 κεφαλὴν,
3280 4244 3459 4298 καὶτὸ
3492 4243 3674 4316 πρόσ-

2076 4361 2227 4399 ωπον
2264 4340 2553 4397 νίπτεσθαι
2594 4342 2708 4403 τοῖς
2746 4338 3203 4410 εύφραινομένοις
3262 4337 3358 4390 καὶ
3396 4337 3676 4407 χαίρουσι,

2078 4438 2221 4493 κατά
2284 4454 2338 4491 τι
2389 4435 2622 4489 παλαιὸν
2676 4432 3036 4504 ἐπετηδεύετο
3094 4430 3236 4495 ἔθος,
3280 4431 3376 4484 καὶ
3428 4430 3679 4501 σύμϐολα

2077 4531 2254 4586 ταῦτα
2286 4530 2461 4601 χαρᾶς
2520 4524 2804 4595 ἐνομίζετο
2845 4525 2942 4577 καὶ
2980 4521 3362 4593 εὐφροσύνηςο
3391 4523 3421 4575 ὁ
3460 4522 3676 4575 Δεσπό-

2079 4642 2178 4696 της
2207 4623 2296 4677 τὸν
2320 4623 2451 4694 περὶ
2482 4619 2737 4691 νηστείας
2766 4617 2931 4689 νόμον
2978 4617 3216 4686 εἰσάγων
3234 4656 3250 4682 ,
3280 4615 3377 4668 καὶ
3409 4613 3680 4685 βουλόμε-

2080 4734 2170 4780 νος
2195 4716 2343 4787 ἡμᾶς
2378 4713 2516 4785 μετά
2537 4714 2711 4782 χαρᾶς
2741 4710 2837 4765 καὶ
2869 4708 3215 4780 εὐφροσύνης
3248 4706 3455 4778 ταύτην
3487 4708 3681 4760 ἐπιτε-

2079 4809 2230 4875 λεῖν,
2266 4828 2283 4861 ι
2330 4806 2584 4877 Ἀλειψαί
2640 4822 2757 4871 σου,
2821 4805 2979 4875 φησὶ,
3012 4803 3113 4874 τὴν
3164 4800 3432 4871 κεφαλὴν,
3465 4802 3564 4854 καὶ
3591 4801 3679 4852 vi-

2079 4900 2180 4970 ψαι
2204 4898 2268 4953 τὸ
2301 4898 2594 4970 πρόσωπον
2620 4911 2666 4947 ο»
2705 4895 2766 4946 οὐ
2790 4893 2948 4946 τοῦτο
2977 4891 3174 4960 λέγων,
3204 4889 3372 4959 ἐλαίῳ
3394 4887 3679 4941 λιπαίνειν

2080 4993 2181 5063 τὴν
2209 4988 2472 5060 κεφαλὴν,
2515 4987 2549 5058 ἢ
2583 4986 2646 5039 τὸ
2682 4985 2977 5056 πρόσωπον
3008 4981 3300 5035 ἐκπλύνειν
3323 4978 3478 5032 ῦδατι
3499 4993 3513 5006 ·
3547 4978 3673 5031 οὐδὲ

2081 5084 2191 5154 γὰρ
2219 5082 2383 5146 αὐτὸς
2408 5080 2713 5152 νηστεύσας
2744 5077 2979 5147 ἐφ’ὅλας
3018 5075 3233 5146 ἡμέρας
3254 5072 3681 5143 τεσσαράκοντα

2081 5177 2295 5239 τούτοις
2324 5176 2627 5245 ἐχρήσατο·
2660 5171 2783 5225 ούδέ
2818 5188 2872 5225 τι
2912 5170 3105 5239 κέρδος
3151 5169 3217 5221 ὲκ
3251 5166 3481 5229 τούτων,
3517 5167 3573 5219 el.’
3593 5183 3679 5228 τις

2082 5270 2266 5334 αὐτοῖς
2288 5269 2487 5341 χρῷτο,
2519 5269 2652 5338 ὁρᾷν
2685 5264 2801 5318 ἔστι
2834 5263 3242 5335 παρεπόμενον.
3269 5260 3383 5314 Οὐκ
3403 5255 3500 5312 οὖν
3530 5258 3680 5313 ἀλεί-

2085 5364 2281 5432 φεσθαι
2313 5362 2408 5415 καὶ
2440 5359 2727 5413 νίπτεσθαι
2749 5359 2900 5428 ἡμᾶς
2934 5354 3025 5408 διὰ
3057 5354 3264 5408 τούτων
3292 5352 3675 5421 ἐγκελεύεται,

2086 5454 2202 5510 ἀλλ’
2230 5454 2326 5508 ἀπ’
2361 5453 2541 5507 αὐτῶν
2585 5450 2693 5505 τῶν
2746 5448 3035 5520 συμϐόλων
3082 5447 3182 5518 τῆς
3240 5445 3418 5517 χαρᾶς
3446 5442 3545 5496 καὶ
3576 5445 3678 5513 τῆς

2088 5546 2447 5620 εὐφροσύνης,
2483 5546 2698 5617 χαίρειν
2726 5544 2875 5615 ἡμᾶς
2918 5541 3015 5595 καὶ
3067 5537 3458 5611 εὐφραίνεσθαι
3502 5536 3567 5589 ἐν
3598 5535 3676 5604 τῷ

2087 5639 2372 5709 νηστεύειν
2397 5636 2729 5712 νομοθετῶν,
2763 5634 2941 5691 ταῦτα
2962 5632 3187 5705 ἔφησεν.
3214 5630 3374 5687 Οῦτω
3404 5632 3516 5700 γὰρ
3557 5630 3677 5683 έαυ-

1697 5737 1933 5797 ‘v'Alil/E
1975 5732 2379 5793 LECTIONES.

506 5843 531 5873 °
554 5836 641 5894 Ζσ.
671 5838 1077 5909 ἀσύγγνωστον.
1146 5842 1191 5874 ο⁶
1234 5835 1447 5908 φθόνον.
