3902 6212
228 284 336 350 9³73

1038 292 1141 352 AD
1170 292 1760 361 AMPHILOCHIUM
1814 300 2160 373 QUIES'I‘IO
2205 303 2448 379 CCXIV,
2481 303 2691 368 CCXV.

3398 312 3503 374 974

225 394 750 491 τοὺςδια[τε]θέντες
765 401 861 456 καὶ
873 402 1361 476 διακοσμήσαντες,
1380 408 1507 474 τούς
1518 428 1577 464 τε
1593 411 1809 477 ἀλλους,

1914 415 2120 471 bimus.
2162 414 2299 470 Nam
2327 416 2420 471 ubi
2466 425 2693 488 paratus
2720 416 2931 473 accedit
2963 419 3089 488 quis
3120 433 3247 475 cum
3273 418 3503 491 gaudio,

229 489 288 542 tv
318 485 401 555 οἷς
432 493 773 563 πράττομεν,
795 494 981 548 λαθεῖν
1028 498 1396 570 δυνησόμεθα,
1452 502 1549 557 κα)⁵
1597 504 1815 569 ἑαυτοῖς

229 583 516 655 ἀνεπαχθῆ
543 585 635 639 τὸν
683 586 783 656 τῆς
806 589 1063 659 νηστείας
1116 592 1305 659 ἀγῶνα
1357 595 1810 667 ἀπεργασόμεθα.

232 675 405 730 Ἔνθα
430 678 541 749 γάρ
571 678 855 750 προθυμία
898 682 995 736 καὶ
1052 686 1222 756 χαρά,
1257 687 1377 740 ἐκεῖ
1400 688 1603 757 κοῦφον
1631 691 1726 743 καὶ
1751 691 1814 745 τὸ

227 767 489 824 ἐπίπονον
508 784 524 800 '
557 767 749 842 ῶσπερ
775 771 907 827 ἔνθα
931 775 993 827 τὸ
1022 775 1269 848 ῥᾴθυμον
1287 778 1465 833 καὶτὸ
1494 781 1678 851 ἀηδὲς,
1698 784 1815 836 ἐκεῖ

228 860 331 915 καὶ
363 860 426 915 τὺ
485 862 685 934 ῥᾷστον
712 864 1164 936 δυσχερέστατον.
1202 870 1459 939 Ἀλειψαι
1499 872 1677 927 τοίνυν
1718 875 1813 928 καὶ

227 952 391 1017 αὐτὸς
440 953 542 1026 τὴν
590 956 855 1028 κεφαλὴν,
886 960 983 1014 καὶ
1013 960 1077 1013 τὸ
1119 962 1411 1032 πρόσωπον
1442 963 1594 1033 νίψαι
1628 981 1642 994 ’
1672 965 1812 1037 ὅπερ

230 1045 429 1116 μαθεῖν
483 1048 853 1121 ὲπηρώτησας
890 1067 904 1082 ·
935 1052 1166 1124 φαιδρὸν
1221 1056 1449 1107 σεαυτὸν
1492 1057 1589 1110 καὶ
1629 1057 1812 1128 ἱλαρὸν

226 1140 338 1194 ἀπὸ
365 1141 462 1212 τῆς
486 1142 545 1196 ὲν
574 1145 641 1215 τῇ
675 1145 876 1217 καρδίᾳ
899 1146 1167 1218 εὐθυμίας
1197 1150 1291 1203 καὶ
1324 1149 1722 1217 ἀγαλλιάσεως,
1752 1153 1812 1205 ἐν

224 1231 304 1302 τῷ
333 1234 637 1303 νηστεύειν,
662 1238 1122 1308 παρασκευάζων,
1156 1241 1251 1294 καὶ
1282 1242 1448 1296 παντὶ
1494 1243 1683 1314 τρόπῳ
1710 1243 1811 1297 λα-

226 1325 342 1379 θεῖν
376 1327 713 1400 ἐπιτηδεύων
738 1333 852 1396 τοῖς
883 1332 1196 1404 ἀνθρώποις
1224 1333 1285 1388 τὸ
1316 1334 1653 1407 κατόρθωμα
1675 1377 1691 1402 ,
1723 1336 1811 1389 ἵνα

227 1417 632 1492 μισθαποδότην
661 1422 793 1495 έχῃς
824 1423 917 1477 τὸν
951 1423 1145 1496 ἔφορον
1195 1427 1305 1480 τῶν
1348 1428 1595 1498 κρυφίων
1652 1428 1808 1484 Θεόν.

225 1511 290 1564 El
320 1510 376 1566 δὲ
408 1514 503 1567 καὶ
528 1516 827 1587 νηστεύων,
869 1518 1038 1589 ἐλαίῳ
1087 1520 1342 1584 εὐποιίας
1372 1520 1433 1574 τὸ
1460 1523 1520 1575 ἐν
1542 1524 1613 1594 τῇ
1637 1539 1811 1590 κεφα-

223 1601 291 1675 λῇ
329 1605 571 1675 δαψιλῶς
618 1608 817 1674 πιάνας
861 1612 1212 1683 ἡγεμονικὸν,
1244 1612 1456 1667 ἐκεῖθέν
1505 1630 1566 1667 τε
1620 1613 1811 1686 ῶσπερ

225 1699 335 1753 ἀπό
372 1715 521 1765 τινος
573 1702 759 1773 πηγῆς
783 1705 997 1775 νοερᾶς,
1026 1704 1147 1758 ὅλον
1174 1707 1400 1762 σεαυτὸν
1430 1707 1526 1761 καὶ
1545 1706 1608 1761 τδ
1636 1707 1809 1777 πρόσ-

223 1808 373 1846 ωπον
392 1792 665 1857 ἔκπλύνας
695 1795 921 1868 φαιδρὸν
943 1796 1235 1870 ἀπεργάσῃ
1260 1799 1353 1851 καὶ
1368 1798 1608 1870 καθαρὸν
1632 1798 1811 1870 (ἐλεη-

227 1884 489 1956 μοσύναις
509 1887 641 1959 γὰρ,
666 1889 855 1957 φησιν,
893 1890 1357 1960 ἀποκαθαίρονται
1382 1892 1697 1965 ἁμαρτίαι),
1727 1892 1808 1955 είς

222 1976 285 2030 τὸ
316 1977 735 2050 χρησιμώτατόν
765 1982 849 2035 σοι
887 1981 1085 2048 δείξεις
1116 1982 1228 2038 τῶν
1256 1982 1416 2038 θείων
1460 1982 1672 2053 Λογίων
1707 1980 1808 2055 τὴν

222 2070 523 2136 ἀνάπτυξιν
551 2073 1037 2145 προσεληλυθέναι.

756 2187 1097 2242 ΕΡΩἸἮΣΙΣ
1124 2188 1265 2242 ΣΙΕ’.

1918 509 1994 563 ibi
2026 509 2170 578 quod
2201 509 2536 563 laboriosum
2566 518 2675 577 est,
2717 510 2835 565 leve
2866 510 2958 566 fiet
2985 528 3001 577 ;
3044 526 3075 566 e
3104 522 3320 577 contra,
3350 515 3502 584 quod

1914 601 2077 656 facile
2120 600 2201 663 ﬁt,
2236 601 2613 657 difﬁcillimum
2660 603 2908 659 redditur
2935 604 3031 659 ubi
3081 604 3377 661 intervenit
3404 623 3500 662 so-

1915 695 2124 761 cordia,
2152 694 2444 751 etadversa
2472 696 2971 768 voiuntas.lnunge
3023 704 3077 751 tu
3136 711 3269 768 ergo
3312 707 3498 767 caput,

1914 796 1969 842 et
2015 786 2209 842 faciem
2240 788 2412 855 lava;
2456 788 2509 844 id
2568 790 2713 860 quod
2765 790 3024 859 cupiebas
3072 788 3208 859 quid
3239 798 3385 844 esset
3411 790 3500 843 in-

1915 881 2183 950 telligere,
2250 880 2356 935 hoc
2388 889 2506 936 est:
2549 880 2628 937 Te
2666 896 2865 937 sereno
2898 888 2952 935 et
2984 880 3147 935 hiiari
3176 880 3329 935 vultu
3362 896 3501 949 prae-o

1913 972 2088 1028 ditum
2113 972 2337 1038 exhibe,
2389 983 2607 1043 propter
2636 973 2890 1044 gaudium
2920 973 3087 1028 animi
3127 972 3204 1026 tui
3235 982 3290 1027 et
3314 970 3499 1025 exsul-

1914 1066 2177 1121 tationem
2209 1067 2504 1136 repositam
2532 1066 2586 1121 in
2636 1066 2981 1137 jejunando;
3037 1065 3253 1120 enitere
3310 1073 3494 1118 autem

1912 1167 2203 1227 etoperam
2223 1158 2289 1212 da
2321 1159 2694 1214 omnimodam
2714 1168 2775 1214 ut
2807 1160 2909 1214 hoc
2932 1157 3255 1229 przeclarum
3279 1155 3498 1213 facinus

1912 1254 2140 1319 celetur,
2180 1254 2351 1309 utsic
2389 1253 2559 1309 Deum
2601 1254 2697 1324 qui
2736 1263 2945 1309 secreta
3000 1253 3187 1307 omnia
3219 1252 3493 1316 intuetur,

1913 1344 2121 1400 habeas
2148 1346 2565 1400 retributorem.
2597 1344 2755 1412 Quod
2795 1345 2840 1400 si
2874 1360 3040 1414 porro
3092 1358 3219 1398 cum
3243 1341 3487 1412 ieiunas,

1912 1436 2035 1492 oleo
2072 1437 2447 1493 beneficentia:
2467 1447 2635 1508 caput
2664 1435 2871 1491 affatim
2918 1435 3133 1504 irrigas,
3171 1432 3294 1487 etin
3318 1430 3499 1501 capite

1911 1539 2122 1602 partem
2154 1532 2518 1602 principatum
2549 1530 2913 1592 obtinentem,
2956 1527 3030 1582 ita
3066 1534 3127 1581 ut
3190 1524 3322 1580 inde
3375 1532 3499 1579 tan-

1912 1639 2077 1693 quam
2100 1624 2168 1680 de
2198 1623 2348 1680 fonte
2402 1622 2780 1686 iutellectuali,
2838 1630 2890 1676 te
2919 1628 3122 1683 totum,
3154 1633 3257 1673 nec
3309 1616 3492 1672 solum

1913 1714 2106 1771 faciem
2135 1717 2345 1781 abluas,
2366 1726 2421 1771 et
2445 1716 2677 1770 mundes
2709 1716 2857 1783 (nam
2877 1712 3161 1778 eniuudat,
3192 1717 3252 1765 ut
3272 1708 3495 1774 dicitur,

1916 1807 2265 1880 eleemosyna
2300 1810 2631 1879 peccatum),
2699 1807 2877 1878 palam
2951 1802 3121 1860 facies
3178 1801 3495 1858 divinorum

1913 1899 2267 1955 oraculorum
2344 1900 2769 1971 explicationem
2841 1898 2940 1954 tibi
3027 1897 3311 1954 exstitisse
3379 1894 3497 1951 fru-

1910 2000 2188 2047 ctuosam.

1914 2184 2240 2253 QUIESTIO
2255 2187 2434 2245 CCXV
2451 2186 2641 2262 [CoisL
2667 2187 2947 2257 CCXXIV,
2968 2188 3135 2243 Taur.
3154 2182 3491 2258 CCXXXV].

598 2297 797 2351 Edilaa
828 2299 1127 2351 Montacutio
1162 2299 1267 2363 (ep.
1303 2299 1410 2361 1‘52,
1441 2300 1500 2350 ad
1531 2300 1699 2351 Taras.
1734 2310 1784 2360 p.
1820 2294 2069 2359 171-175).
2091 2323 2154 2336 -—
2182 2297 2358 2348 Matth.
2390 2311 2476 2360 xu,
2507 2297 2595 2358 48;
2631 2297 2778 2347 Marc.
2811 2310 2883 2356 ιιι,
2903 2298 2964 2346 55
2997 2295 3123 2359 (85).

294 2383 476 2455 Ὅπερ
516 2382 725 2455 ἔφησεν
764 2386 822 2437 ἐν
847 2386 958 2449 τοῖς
978 2384 1334 2453 Εὐαγγελίοις
1361 2386 1390 2438 ὁ
1415 2385 1629 2456 Σωτὴρ,
1651 2403 1671 2436 ι
1709 2382 1808 2445 Τίς

1976 2380 2133 2447 Quod
2186 2384 2240 2438 in
2289 2382 2589 2453 Evangelia
2648 2382 2789 2437 dixit
2848 2380 3127 2445 Servator,
3168 2401 3187 2433 ι
3226 2380 3359 2448 Qure
3406 2388 3496 2436 est

220 2477 374 2533 ἐστιν
422 2477 457 2549 ἡ
520 2477 707 2547 μήτηρ
762 2493 891 2547 μου,
922 2476 1018 2531 καὶ
1082 2476 1229 2541 τίνες
1287 2478 1428 2530 είσὶν
1473 2479 1523 2531 οἱ
1583 2476 1806 2545 ἀδελφοί

1914 2483 2082 2529 mater
2110 2490 2253 2542 inea,
2296 2485 2351 2531 et
2390 2478 2617 2547 quinam
2647 2484 2779 2531 sunt
2799 2474 3001 2531 fratres
3048 2475 3230 2530 mei?»
3282 2490 3391 2529 non
3415 2474 3490 2531 ita

221 2586 329 2639 μου
354 2585 371 2633 ;
412 2586 430 2619 ι
468 2569 568 2640 οὐχ
589 2568 665 2633 ὡς
698 2568 775 2624 ἀντ
801 2587 887 2633 τις
914 2570 1167 2642 ἀφρόνως
1217 2570 1451 2642 οἰηθείη,
1480 2569 1806 2640 ὲπαισχυνό-

1914 2566 2153 2637 protulit,
2198 2576 2258 2621 ut
2295 2566 2618 2638 imprudens
2676 2565 2820 2622 forte
2852 2566 3054 2637 aliquis
3100 2565 3361 2620 arbitrari
3392 2581 3494 2638 po-

221 2676 384 2729 μενος
412 2658 611 2724 ὠδῖνας
633 2659 732 2723 τάς
765 2661 1059 2733 μητρικάς,
1083 2660 1117 2732 ἢ
1138 2661 1240 2732 τὴν
1277 2661 1492 2732 μητέρα
1524 2658 1804 2713 ἐκϐάλλων

1914 2661 2053 2725 terit,
2080 2660 2243 2731 quasi
2268 2662 2500 2715 materni
2520 2669 2712 2730 partus
2735 2659 2954 2715 dolores
2981 2659 3448 2715 verecundaretur
3475 2677 3492 2715 :

218 2748 317 2803 τοῦ
375 2750 645 2822 μητρικοῦ
704 2750 897 2814 κλέους
924 2762 953 2802 P
984 2752 1075 2807 καὶ
1130 2752 1241 2805 τῶν
1269 2751 1605 2825 προνομίων,
1645 2749 1804 2804 τοῦτό

1914 2760 2001 2807 aut
2026 2752 2246 2808 eo.fine
2279 2759 2338 2806 ut
2382 2763 2617 2806 matrem
2675 2760 2928 2806 materno
2967 2751 3179 2806 honore
3230 2750 3493 2821 privaret.

220 2858 382 2913 φησι.
429 2841 556 2906 Πῶς
595 2843 725 2913 γὰρ,
762 2843 792 2896 ὃ
824 2860 889 2913 γε
919 2844 1017 2897 κα)⁸
1059 2843 1167 2914 πρὸ
1213 2842 1405 2915 καιροῦ
1448 2843 1555 2896 τῶν
1591 2842 1805 2914 θαυμά-

1914 2843 2012 2911 Qui
2057 2844 2203 2898 enim
2240 2842 2373 2898 illud
2439 2843 2773 2908 admitteret,
2818 2845 2887 2907 is,
2942 2843 3039 2912 qui
3090 2852 3218 2898 ante
3279 2852 3495 2914 tempus

217 2952 353 2999 των,
386 2934 474 2989 διὰ
495 2937 595 3005 τὴν
622 2935 758 3004 πρὸς
802 2935 975 3007 αὐτὴν
1017 2934 1175 3002 αἰδὼ,
1207 2938 1288 3000 εἰς
1316 2931 1459 2989 οἶνον
1515 2952 1803 3005 μεταστοι-

1914 2935 2169 3005 operandi
2203 2936 2492 3001 miracula,
2530 2936 2602 2989 ob
2636 2950 2756 2989 eam
2788 2950 2952 3005 quam
2980 2950 3107 3004 erga
3144 2935 3294 2989 illam
3334 2950 3494 2990 reve-

221 3027 465 3099 χειώσας.
511 3029 572 3082 τὸ
620 3027 785 3100 ὕδωρ,
817 3029 914 3082 καὶ
956 3030 1079 3083 κατ’
1113 3029 1278 3083 αὐτὸν
1324 3028 1420 3083 τοῦ
1474 3029 1679 3092 πάθους
1713 3028 1804 3081 τὸν

1914 3031 2143 3083 rentiam
2196 3027 2456 3094 habebat,
2492 3042 2695 3098 aquam
2753 3028 2808 3082 in
2851 3027 3041 3081 viuum
3088 3028 3492 3083 commutavit:

221 3119 438 3190 καιρὸν,
462 3120 550 3173 ὅτε
599 3119 906 3191 τραύμασι,
932 3121 1029 3175 καὶ
1063 3121 1260 3195 λόγχῃ,
1289 3123 1383 3175 καὶ
1432 3120 1676 3191 σταυρῷ,
1708 3121 1806 3174 καὶ

1914 3127 1963 3173 et
1985 3120 2079 3189 qui
2117 3117 2221 3173 sub
2247 3119 2369 3189 ipso
2400 3119 2679 3188 passionis
2705 3129 2949 3189 tempore
2978 3134 3105 3174 cum
3133 3120 3488 3183 vulneribus,

218 3210 373 3281 ἥλοις
427 3209 797 3278 κατετείνετο,
832 3211 1097 3282 πλείστην
1148 3211 1283 3282 ὅσην
1316 3214 1446 3283 περὶ
1494 3211 1667 3279 αὐτῆς
1708 3210 1809 3282 τὴν

1914 3209 2124 3275 lancea,
2154 3224 2340 3275 cruce,
2387 3210 2558 3267 clavis
2610 3212 3030 3275 extendebatur,
3086 3220 3268 3266 tatnen
3322 3212 3492 3266 etiam

219 3299 481 3371 φροντίδα
531 3301 974 3372 ἐπιδεδειγμένος
1000 3318 1013 3332 ·
1043 3302 1139 3356 καὶ
1196 3302 1305 3374 πρό
1354 3318 1421 3371 γε
1464 3304 1676 3356 τούτων
1702 3301 1804 3357 οὐκ

218 3393 361 3463 αὐτῇ
396 3392 556 3463 μόνον
587 3396 655 3464 τῇ
706 3394 1096 3466 γεννησαμένῃ
1129 3392 1527 3465 ἀληθῶς,ἀλλὰ
1580 3394 1676 3447 καὶ
1726 3392 1806 3464 τῷ

218 3485 532 3555 νομισθέντι
576 3486 1015 3558 ὑποτασσόμενος
1055 3487 1263 3557 πατρί;
1312 3505 1332 3540 ι
1364 3483 1474 3541 Ἦν
1510 3486 1641 3558 γὰρ,
1696 3503 1804 3557 φη-

221 3578 329 3640 σὶν,
357 3576 799 3649 ὑποτασσόμενος
828 3578 1015 3642 αὐτοῖς
1042 3596 1056 3645 ;
1086 3597 1106 3631 ι
1147 3578 1310 3631 Ἀλλά
1335 3577 1387 3631 τί
1409 3577 1585 3632 ταῦτα
1610 3577 1755 3648 λέγω
1789 3594 1805 3645 ;

233 3671 295 3723 '0
339 3672 555 3743 μήτραν
588 3671 813 3743 οἰκῆσαι
847 3672 925 3743 μὴ
972 3671 1380 3742 ὲπαισχυνθεὶς,
1420 3671 1605 3726 καὶτὸ
1640 3672 1805 3743 ἔργον

218 3762 363 3817 ἑκὼν
402 3762 674 3832 ὑπελθὼν,
705 3763 825 3828 πῶς
877 3763 944 3819 ἂν
995 3763 1111 3835 ἔχοι
1146 3764 1306 3834 λόγον
1336 3764 1436 3837 τὴν
1482 3764 1679 3835 κλῆσιν
1723 3765 1810 3818 ati-

220 3855 547 3925 σχύνεσθαι;
580 3856 677 3910 καὶ
704 3858 732 3911 ό
756 3857 922 3928 τιμᾷν
952 3857 1160 3926 γονεῖς,
1184 3856 1325 3927 μετά
1351 3872 1417 3925 γε
1441 3855 1502 3909 τὸ
1525 3856 1684 3908 Θεῖον
1711 3854 1805 3908 εὐ-

220 3948 341 4013 θὺς,
371 3949 705 4020 νομοθετῶν,
732 3950 852 4015 πῶς
882 3948 947 4005 ἂν
981 3949 1145 4013 αὐτὸς
1171 3948 1471 4012 ὑπεύθυνος
1490 3944 1684 4018 ὀφθείη
1708 3965 1808 4021 μη-

1911 3307 2028 3353 tum
2082 3314 2358 3355 summam
2408 3316 2468 3356 se
2508 3300 2660 3356 illius
2711 3316 2902 3355 curam
2957 3315 3147 3371 gerere
3186 3300 3490 3370 patefecit:

1908 3391 2114 3462 quique
2158 3399 2286 3447 ante
2330 3392 2451 3449 haec
2504 3393 2713 3459 omnia,
2771 3392 3193 3463 subjiciebatur,
3248 3408 3355 3447 non
3412 3390 3492 3447 illi

1908 3486 2293 3542 tantummodo
2308 3502 2433 3557 qua:
2456 3487 2638 3558 ipsum
2679 3503 2808 3544 vere
2832 3497 3119 3559 genuerat.
3156 3487 3250 3543 sed
3271 3496 3325 3541 et
3351 3486 3493 3557 patri

1908 3592 2128 3649 quoque
2160 3579 2438 3649 putativo:
2464 3578 2602 3634 Nam
2634 3598 2653 3633 ι
2679 3589 2818 3644 erat,
2849 3580 2927 3635 ait
2959 3578 3269 3650 Scriptura,
3304 3578 3496 3634 subdi-

1909 3678 1998 3726 tus
2025 3670 2218 3726 illis?)
2280 3669 2425 3738 Quid
2459 3678 2642 3727 autem
2685 3673 2802 3728 haec
2842 3673 3063 3743 allego?
3112 3672 3217 3739 Qui
3268 3682 3489 3727 uterum

1909 3765 2152 3822 incolere
2180 3781 2289 3821 non
2328 3767 2568 3833 erubuit,
2600 3766 2696 3838 qui
2726 3780 2866 3839 opus
2882 3776 2936 3823 et
2960 3784 3075 3823 rem
3103 3768 3277 3839 ipsam
3299 3777 3495 3838 sponte

1906 3856 2132 3923 subivit,
2159 3858 2437 3929 quomodo
2463 3874 2721 3915 sermone
2764 3859 3204 3915 nominationem
3262 3874 3495 3916 aversa-

1908 3958 2062 4005 retttr
2088 3949 2113 4003 ?
2142 3950 2236 4020 qui
2278 3958 2539 4021 parentes
2572 3959 2699 4022 post
2730 3950 2903 4008 Deum
2933 3952 3186 4017 sancivit,
3214 3953 3495 4024 quomodo

217 4043 416 4114 τρικῆς
442 4044 941 4115 καταφρονήσεωςς
974 4043 1088 4097 Οὐκ
1131 4042 1248 4096 ἔστι
1289 4043 1490 4107 τοίνυν,
1530 4044 1631 4097 οὐκ
1658 4042 1806 4097 ἐστιν

1914 4056 2035 4098 reus
2066 4042 2160 4098 ille
2218 4042 2387 4098 fuerit
2448 4053 2714 4099 materna
2789 4043 3023 4114 alicujus
3074 4044 3495 4101 vililicationis?

217 4134 420 4200 εἰπεῖν,
450 4135 533 4188 ὅτι
556 4136 658 4207 τὴν
696 4136 916 4205 μητέρα
940 4136 998 4189 ὲν
1024 4134 1257 4209 αἰσχύνῃ
1278 4133 1601 4204 ποιούμενος
1629 4136 1658 4188 ό
1688 4151 1803 4188 κοιο

1914 4131 2027 4188 Non
2058 4142 2305 4205 estergo
2360 4134 2688 4201 dicendum,
2751 4136 2979 4190 omnino
3014 4150 3125 4190 non
3174 4145 3278 4203 est,
3341 4136 3493 4208 quod

217 4226 310 4290 νὸς
354 4227 608 4297 Πλάστης
649 4227 806 4298 ήμῶν
834 4227 869 4298 ἢ
922 4226 1233 4298 ὑπερορῶν,
1262 4228 1324 4281 τὸ
1370 4245 1388 4278 ι
1423 4227 1520 4291 Τίς
1577 4228 1728 4280 ἐστιν
1769 4227 1803 4299 ἡ

1914 4236 2141 4284 matrem
2174 4243 2476 4298 agnoscere
2504 4230 2857 4285 erubesceret
2905 4228 3002 4299 qui
3046 4230 3358 4285 communis
3391 4245 3493 4285 no-

220 4322 408 4391 μήτηρ
452 4336 598 4391 μου;
644 4319 741 4372 καὶ
790 4321 939 4383 τίνες
1008 4320 1149 4373 εἰσὶν
1201 4321 1270 4373 oi:
1310 4319 1533 4388 ἀδελφοί
1592 4336 1739 4389 μου;
1777 4337 1797 4371 ι

1914 4330 2083 4377 strum
2120 4322 2369 4376 omnium
2405 4321 2691 4390 Conditor,
2738 4332 2834 4377 aut
2864 4322 3202 4392 contemptui
3242 4323 3491 4388 haberet,

217 4414 425 4482 ἔφησεν
456 4427 472 4443 ⁸
509 4411 646 4465 ἀλλά
670 4410 761 4465 διὰ
792 4410 905 4465 τῶν
942 4412 1203 4482 ῥημάτων
1228 4410 1435 4464 τούτων
1470 4411 1636 4482 ἕτερά
1680 4428 1803 4465 τινα

1914 4431 2034 4471 cum
2087 4414 2248 4481 dixit,
2304 4431 2323 4465 ι
2355 4413 2489 4480 Quae
2531 4425 2617 4471 est
2666 4426 2843 4470 mater
2881 4416 3050 4469 mea?
3086 4414 3311 4485 quinam
3364 4423 3495 4470 sunt

215 4506 641 4576 διοικονομεῖται
699 4504 921 4573 μείζονα
950 4521 965 4535 ·
1012 4505 1106 4558 καὶ
1160 4504 1269 4577 γὰρ
1299 4505 1329 4558 ὁ
1369 4504 1469 4575 τὴν
1524 4504 1802 4576 σωτηρίαν

1914 4506 2106 4562 fratres
2132 4506 2283 4562 mei?
2312 4525 2331 4558 ι
2364 4506 2601 4560 Omnino
2633 4521 2729 4576 per
2742 4506 2858 4561 ham
2879 4506 3043 4561 verba
3065 4505 3211 4559 aliud
3230 4504 3492 4576 quiddam

216 4599 318 4668 τῆς
351 4598 552 4670 ψυχῆς,
577 4598 687 4651 τῶν
716 4598 891 4654 ἄλλων
919 4598 1176 4653 ἁπάντων
1211 4596 1485 4669 πολλαχοῦ
1529 4598 1800 4653 διδάσκων

1914 4598 2149 4654 eximius
2210 4598 2616 4669 dispensatur;
2650 4598 2744 4667 qui
2789 4613 2900 4653 non
2955 4613 3069 4653 una
3107 4598 3228 4653 vice
3276 4598 3488 4665 docuit,

215 4691 562 4761 προτιθέναι,
596 4691 693 4746 καὶ
741 4692 878 4764 μήτε
929 4691 1163 4763 πατέρα,
1195 4692 1334 4764 μήτε
1380 4690 1615 4762 μητέρα,
1666 4691 1806 4761 μήτε

1914 4692 2106 4746 anima:
2129 4690 2361 4746 salutem
2384 4691 2547 4745 rebus
2573 4688 2701 4745 aliis
2729 4689 2989 4744 omnibus
3015 4687 3485 4758 anteponendam,

214 4784 409 4848 τέκνα,
438 4786 579 4855 μήτε
623 4783 888 4853 ἀδελφοὺς
934 4784 1106 4856 αὐτῆς
1145 4784 1459 4855 προτιμᾷν,
1492 4782 1627 4837 ἀλλά
1669 4781 1805 4853 μηδὲ

1914 4787 1983 4840 ita
2024 4795 2084 4840 ut
2114 4799 2219 4839 nec
2263 4792 2498 4854 patrem,
2560 4791 2816 4848 matrem,
2871 4782 3102 4850 liberos,
3131 4780 3355 4846 fratres,
3407 4780 3488 4835 illi

215 4874 385 4928 αὐτὸν
414 4873 713 4945 σύμπαντα
743 4874 836 4927 τὸν
860 4874 1084 4944 κόσμον,
1116 4873 1212 4928 νῦν
1241 4873 1329 4927 διὰ
1358 4873 1469 4927 τῶν
1499 4873 1675 4943 ἔργων
1713 4873 1804 4926 αὐ-

1914 4880 2283 4949 praaferamus,
2330 4878 2443 4933 imo
2475 4892 2545 4932 ne
2582 4876 2851 4932 mundum
2876 4886 3025 4932 certe
3066 4878 3410 4941 universum,
3438 4873 3488 4930 is

214 4965 330 5019 τῶν
358 4964 491 5018 αὐτὸ
530 4965 689 5019 τοῦτο
715 4964 1033 5037 περιφανῶς
1075 4965 1461 5021 ἐπιδείκνυσιν.
1503 4966 1659 5019 Ἐπεὶ
1691 4966 1801 5036 γὰρ

1914 4978 1957 5029 in
1990 4972 2249 5044 praesenti
2280 4972 2386 5027 hoc
2433 4971 2577 5026 idem
2625 4985 2790 5041 opere
2819 4969 3142 5026 declaravit.
3177 4966 3318 5023 Nam
3361 4982 3487 5023 cum

212 5058 561 5123 διδάσκοντος
620 5059 786 5113 αὐτοῦ
815 5060 942 5122 τοὺς
988 5057 1200 5128 ὄχλους,
1226 5058 1321 5112 καὶ
1367 5058 1458 5111 τὸν
1488 5060 1589 5127 τῆς
1621 5075 1800 5128 σωτητ

1914 5062 2310 5117 multitudinem
2328 5060 2700 5131 promiscuam
2728 5060 2973 5126 doceret,
2994 5070 3050 5116 et
3076 5060 3273 5116 salutis
3299 5074 3490 5116 semen

216 5148 342 5220 ρίας
393 5148 553 5216 λόγον
581 5152 705 5214 ταῖς
746 5150 973 5205 ἐκείνων
1014 5151 1214 5219 ψυχαῖς
1243 5147 1799 5218 ὲγκατασπείροντος,

1914 5156 2163 5211 sordibus
2212 5154 2462 5221 ipsorum
2520 5153 2905 5219 inseminaret,
2953 5152 3183 5208 aderant
3215 5162 3389 5207 mater
3434 5161 3492 5207 et

211 5242 528 5312 ἐπέστησαν
560 5241 595 5312 ή
632 5242 814 5313 μήτηρ
841 5242 938 5296 καὶ
969 5242 1018 5295 oi
1042 5241 1261 5311 ἀδελφοὶ
1286 5240 1423 5311 πρὸς
1452 5241 1683 5303 ἑαυτοὺς
1710 5240 1803 5294 τὸν

1914 5249 2108 5304 fratres
2139 5248 2336 5319 ipsius,
2358 5246 2454 5317 qui
2487 5261 2838 5303 communem
2881 5246 3130 5302 omnium
3169 5243 3490 5303 benefacto-

213 5333 519 5406 εὐεργέτην
574 5336 672 5389 καὶ
715 5334 894 5389 κοινὸν
924 5335 1155 5406 Σωτῆρα
1190 5332 1683 5407 μετακαλούμενοι,
1722 5335 1803 5386 εί-

1914 5352 2019 5393 retn
2064 5344 2120 5391 et
2162 5337 2514 5394 Servatorem
2555 5336 2622 5393 ad
2656 5351 2717 5393 se
2754 5336 3056 5406 vocabant;
3113 5338 3209 5394 cui
3239 5334 3487 5393 citationi

1527 5449 1766 5508 VARIAS
1801 5450 2204 5508 LECTIONES.

289 5549 320 5591 P
360 5540 461 5614 κλή
471 5560 585 5615 ρου.

1736 5647 1972 5715 NOTAE,

293 5732 408 5801 (35)
442 5730 698 5803 Ejusdem
732 5738 1039 5807 argumenti
1077 5748 1162 5794 est
1193 5755 1246 5810 q.
1281 5738 1443 5795 XLV.
