3902 6212
403 265 509 327 975
1556 259 1821 319 ΡΗΟΤΙΙ
1869 261 2377 322 ΡΑΤΗΙΑΒΟΗᾹΞ
2412 264 2520 322 CP.
3584 272 3693 333 976

404 394 513 432 non
567 371 830 431 obedivit.
874 383 974 425 nec
1031 368 1255 439 injuria,
1308 383 1487 439 neque
1543 369 1689 421 enim
1750 367 1981 423 docendi

2109 369 2259 432 ιότως
2309 370 2410 423 οὐκ
2457 370 2780 443 ἐπεστράφη
2818 376 2885 444 τῇ
2936 374 3152 444 κλήσει,
3187 376 3310 463 οὐδὲ
3342 378 3687 448 ὑπήκουσεν,

400 470 741 527 functionem
788 465 1054 529 deseruit,
1080 480 1190 519 non
1221 461 1730 533 comperendinavit
1774 461 1987 516 auditeo

2109 457 2209 510 νὺδὲ
2271 458 2590 513 καταλιπὼν
2639 464 2739 529 τὴν
2805 462 3184 529 διδασκαλίαν,
3257 457 3353 520 καὶ
3406 470 3507 537 τὴν
3577 472 3693 523 τῶν

404 580 525 619 rum
551 562 809 624 salutem,
834 566 927 613 aut
951 567 1254 613 maternam
1288 554 1528 625 praetulit
1557 553 1943 609 salutationem
1970 571 1986 619 ;

403 658 476 710 ita
507 655 683 724 reipsa
707 651 899 708 docuit
947 650 1092 721 quod
1116 665 1237 705 cum
1266 648 1393 717 quis
1416 648 1650 703 salutem
1681 648 1987 701 animarum

402 750 552 802 velut
573 761 766 818 agrum
812 744 1105 802 colendum
1135 743 1386 813 suscipit,
1468 742 1525 797 id
1558 740 1854 812 agricolam
1886 742 1991 794 im-

404 839 597 910 primis
626 837 920 895 sollicitum
946 836 1151 895 habere
1175 834 1393 899 debeat,
1421 842 1483 889 ut
1512 848 1616 889 nec
1641 831 1800 902 juxta
1845 831 1986 884 viam

409 932 614 995 tritam,
652 943 830 999 neque
861 928 1004 982 inter
1054 927 1266 997 spinas,
1296 941 1475 997 neque
1525 925 1579 979 in
1622 936 1777 994 petra
1803 938 1989 977 semen

409 1033 673 1094 spargat:
719 1022 912 1078 eodem
942 1020 1111 1075 modo
1134 1028 1188 1075 et
1218 1019 1524 1091 spiritualis
1558 1018 1803 1088 agricola
1830 1031 1889 1070 se
1916 1024 1993 1068 to-

409 1126 523 1171 tum
552 1115 725 1169 labori
750 1122 804 1168 et
849 1112 1200 1182 agricultura:
1226 1109 1546 1179 impendere
1601 1116 1843 1171 tenetur,
1884 1120 1986 1161 nec

411 1206 468 1261 in
501 1206 637 1261 alias
674 1219 839 1260 curas
876 1211 931 1257 et
973 1200 1334 1272 cogitationes
1376 1215 1436 1253 se
1458 1197 1736 1251 dividere:
1776 1211 1842 1250 ne
1867 1193 1992 1265 qui-

409 1300 535 1355 dem
594 1299 641 1353 si
672 1306 847 1351 mater
891 1302 988 1349 aut
1036 1293 1469 1364 propinquorum
1525 1289 1726 1358 aliquis
1762 1288 1854 1353 sit,
1892 1287 1990 1357 qui

412 1390 538 1447 inde
566 1390 743 1460 ipsum
768 1402 999 1442 avocare
1024 1394 1120 1441 aut
1145 1385 1417 1440 abducere
1447 1382 1601 1438 velit.
1638 1380 1750 1437 Nec
1791 1392 1876 1436 est
1903 1380 1993 1435 hic

412 1489 693 1534 maternus
718 1477 918 1546 aliquis
945 1482 1317 1543 contemptus,
1367 1472 1463 1527 sed
1515 1487 1731 1526 summa
1767 1470 1992 1540 provida

412 1586 547 1627 cura
566 1579 620 1626 et
649 1568 963 1625 sollicitudo
996 1567 1064 1622 de
1093 1566 1270 1622 salute
1302 1566 1695 1621 salvandorum
1724 1582 1737 1616 :
1769 1563 1865 1618 sed
1894 1577 1996 1617 nec

414 1675 629 1732 tempus
667 1661 912 1715 docendo
940 1659 1281 1729 assignatum
1310 1658 1362 1711 in
1406 1655 1735 1725 obsequium
1766 1653 1995 1725 propin-

2086 551 2373 622 ἀκροατῶν
2421 552 2693 624 ὑπεριδὼν
2738 555 3013 626 σωτηρίαν
3037 599 3052 621 ,
3078 558 3179 627 τὴν
3209 561 3487 629 μητρικὴν
3526 565 3691 616 ἐντυ-

2089 643 2212 714 χίαν
2238 645 2615 716 προὺτίμησεν
2646 662 2659 676 ·
2690 646 2836 717 ἔργῳ
2869 648 3163 713 παιδεύων,
3192 651 3266 714 ὡς
3300 654 3475 706 ἑπειό’
3512 658 3580 709 ἄν
3606 674 3693 720 τις

2088 738 2310 807 γεωργῇ
2373 736 2617 808 ψυχικὴν
2686 740 3003 811 σωτηρίαν,
3058 742 3253 815 ῶσπερ
3310 748 3339 798 6
3400 749 3693 818 γεωργού-

2092 847 2253 899 μενος
2316 832 2463 901 μόνῳ
2499 832 2787 903 προσέχειν
2830 834 3037 903 ὀφείλει
3076 836 3153 907 τῷ
3189 842 3445 909 γεωργῷ,
3481 841 3551 894 ἂν
3618 843 3694 912 μὴ

2090 921 2200 991 ἀρα
2254 923 2406 993 παρὰ
2456 924 2556 995 τὴν
2614 924 2820 996 ὁδον,ἢ
2874 926 2961 979 ἐπ’
3027 929 3315 994 ἀκάνθαις,
3366 932 3399 1001 ἧ
3453 932 3692 1003 πέτραις

2091 1014 2449 1086 ὑποδέχεσθαι
2484 1017 2673 1085 μέλλοι
2700 1019 2798 1089 τὴν
2832 1023 3210 1093 κατασποράν·
3244 1024 3388 1077 οὕτω
3420 1025 3512 1094 δὴ,
3545 1027 3693 1080 οὕτω

2092 1104 2187 1158 καὶ
2224 1108 2252 1159 6
2291 1106 2687 1178 [πνευματικὸς
2713 1107 2768 1180 ει]
2802 1112 3051 1182 γεωργὸς
3084 1154 3099 1179 ,
3130 1113 3252 1166 ὅλον
3281 1115 3477 1168 ἑαυτὸν
3507 1118 3691 1170 ἐπιδι-

2093 1198 2244 1251 δόναι
2271 1198 2348 1270 τῷ
2382 1200 2531 1271 πόνῳ
2567 1201 2664 1256 καὶ
2700 1205 2768 1273 τῇ
2830 1204 3078 1275 γεωργίᾳ
3135 1210 3441 1277 χρεωστεῖ,
3473 1211 3570 1263 καὶ
3612 1211 3691 1280 μὴ

2102 1290 2240 1361 πρὸς
2279 1290 2491 1361 πέτρας
2514 1303 2533 1329 τ
2568 1295 3032 1366 καταμερίζεσθαι
3061 1299 3159 1362 τὰς
3191 1301 3483 1370 φροντίδας
3515 1321 3530 1334 ’
3565 1303 3692 1373 μηδ’

2096 1384 2164 1439 ἂν
2215 1388 2420 1457 μήτηρ,
2464 1388 2498 1457 ἦ
2543 1405 2629 1452 τις
2668 1384 2882 1463 ἄλλοςῇ
2926 1390 3039 1443 τῶν
3084 1392 3375 1461 ἐγγυτάτω
3420 1395 3619 1462 γένους
3664 1398 3695 1448 6

2095 1478 2235 1549 πρὸς
2264 1480 2459 1533 ἑαυτὸν
2488 1480 2699 1534 ἐκεῖθεν
2725 1482 3207 1553 μετακαλούμενος
3233 1488 3330 1540 καὶ
3371 1487 3680 1555 μεθέλκων.

2097 1569 2270 1623 Τοῦτο
2320 1571 2377 1623 δὲ
2437 1572 2539 1623 οὐκ
2582 1571 2700 1625 ἐστι
2740 1572 3049 1645 παρόρασις
3093 1577 3321 1645 μητρὸς,
3354 1578 3494 1631 ἀλλὰ
3520 1579 3694 1647 πολλὴ

2098 1664 2328 1735 πρόνοια
2351 1664 2446 1716 καὶ
2476 1663 2678 1733 σπουδὴ
2705 1664 2814 1717 τῶν
2848 1664 3174 1733 σωζομένων
3201 1682 3215 1697 ·
3246 1667 3368 1720 οὐδὲ
3397 1668 3539 1739 γάρ,
3567 1669 3696 1722 οὐδὲ

415 1768 651 1824 quorum
678 1751 918 1821 impendi
958 1751 1139 1805 debet.
1170 1749 1357 1817 Itaque
1388 1748 1690 1817 discipulos
1729 1746 1833 1800 sibi
1863 1761 1995 1799 ma—

2109 1758 2188 1810 τὸν
2211 1758 2311 1826 τῆς
2331 1755 2681 1819 διδασκαλίας
2698 1757 2911 1828 καιρὸν,
2927 1761 3005 1821 εἰς
3024 1758 3122 1827 τὴν
3142 1759 3251 1812 τῶν
3273 1761 3557 1828 συγγενῶν
3580 1761 3691 1832 χρὴ

416 1848 498 1915 gis
542 1845 866 1915 conjunctos
902 1843 1151 1913 cupiens,
1183 1841 1436 1895 Salvator
1462 1840 1557 1901 ait,
1591 1859 1609 1889 ι
1642 1837 1782 1893 Ecce
1820 1847 1997 1891 mater

420 1951 562 2000 mea,
596 1944 648 1990 et
670 1934 869 1989 fratres
909 1932 1035 1995 mei,
1059 1951 1077 1983 ι
1118 1932 1173 1986 id
1206 1944 1307 1996 est,
1346 1931 1433 1984 isti
1465 1929 1642 1984 Patris
1668 1930 1774 1983 mei
1800 1928 2001 1983 doctri-

422 2043 548 2083 nam
607 2035 666 2081 ut
697 2040 885 2081 semen
915 2026 971 2078 in
1008 2024 1189 2078 sinum
1238 2023 1550 2076 animarum
1612 2020 1997 2089 suscipientes,

419 2121 540 2176 loco
584 2119 776 2175 matris
834 2132 969 2173 mea:
1012 2126 1065 2172 et
1110 2115 1342 2170 fratrum
1387 2129 1632 2169 meorum
1668 2114 1804 2167 mihi
1840 2128 2000 2183 repu-

422 2218 634 2265 tantur.
667 2209 745 2264 lta
786 2217 937 2279 patet
983 2221 1339 2277 nequaquam
1376 2206 1480 2260 hoc
1520 2207 1746 2269 dictum,
1776 2215 1834 2259 ut
1884 2220 2001 2257 ma-

423 2316 563 2360 trem
594 2303 752 2358 vilem
781 2302 1009 2357 haberet
1036 2318 1050 2367 ;
1082 2314 1261 2369 neque
1294 2299 1439 2354 enim
1470 2300 1604 2354 tales
1631 2298 1823 2369 quales
1844 2308 2003 2353 erant

424 2396 700 2466 discipuli,
768 2396 821 2449 in
876 2404 1081 2450 sortem
1135 2402 1443 2447 maternam
1518 2392 1842 2447 extulisset:
1908 2392 2003 2445 sed

424 2489 599 2543 multo
626 2487 799 2558 magis
844 2496 1045 2541 uteam
1076 2485 1432 2539 veneratione
1457 2493 1512 2539 et
1555 2485 1763 2538 honore
1811 2498 2004 2552 prosc-

426 2590 709 2651 queretur.
752 2580 842 2633 Ait
866 2579 1032 2645 enim,
1057 2578 1275 2648 qualem
1296 2576 1515 2632 demum
1548 2592 1765 2647 cunque
1786 2576 2004 2630 ﬁlialem

428 2690 673 2729 amorem
705 2674 759 2727 in
808 2682 1038 2727 matrem
1074 2672 1217 2743 quis,
1241 2681 1337 2727 aut
1384 2688 1549 2741 quem
1585 2671 1639 2725 in
1694 2670 1896 2725 fratres
1929 2681 2006 2724 te-

430 2776 587 2820 netur
637 2766 859 2827 habere,
914 2765 1009 2818 tali
1060 2764 1288 2819 omnino
1335 2763 1487 2833 digni
1527 2774 1855 2833 reputantur
1905 2762 2004 2827 illi,

427 2859 520 2928 qui
542 2859 849 2913 doctrinam
878 2858 1198 2921 observant,
1233 2865 1287 2911 et
1314 2857 1458 2911 bona
1483 2857 1608 2911 inde
1629 2858 2006 2927 promanantia

427 2967 590 3021 opera
622 2950 869 3021 gignunt.
906 2951 1182 3005 Attendito
1226 2959 1408 3004 autem
1439 2958 1494 3005 et
1522 2950 1677 3013 illud,
1711 2966 1835 3007 cum
1869 2966 2010 3020 prm-

426 3046 677 3110 miserat,
735 3044 888 3110 «Qui
930 3044 1112 3115 diligit
1176 3053 1385 3114 patrem
1448 3044 1534 3098 vel
1590 3052 1822 3098 matrem
1882 3044 2007 3114 plus

2102 1844 2500 1898 καταναλίσκεν
2530 1843 2847 1915 θεραπείαν.
2876 1846 2974 1899 Διὰ
2990 1847 3147 1900 τοῦτο
3173 1853 3299 1911 τοὺς
3323 1849 3579 1918 μαθητὰς
3602 1852 3698 1902 ἐπὶ

2102 1933 2267 1988 πλέον
2318 1935 2691 2006 οἰκειούμενος
2737 1939 2764 1989 6
2798 1938 3012 2008 Σωτὴρ,
3049 1956 3069 1990 ι
3111 1939 3244 1992 Ἰδοὺ
3270 1942 3303 2009 ἡ
3340 1943 3532 2010 μήτηρ
3565 1959 3695 2010 μου,

2103 2024 2289 2094 φησὶν,
2323 2026 2417 2078 καὶ
2449 2026 2500 2077 οἱ
2556 2026 2776 2094 ἀδελφοί
2823 2045 2947 2097 μου.
2994 2047 3012 2080 ι
3045 2029 3363 2092 Τουτέστιν,
3413 2026 3579 2084 Οὗτοι
3607 2031 3693 2100 δὴ,

2101 2109 2271 2180 οὗτοι.
2301 2118 2392 2169 τὸν
2422 2117 2688 2184 πατρικὸν
2713 2119 2811 2189 τῆς
2839 2118 3191 2184 διδασκαλίας
3221 2122 3425 2193 σπόρον
3448 2126 3562 2184 τοῖς
3593 2124 3697 2191 ψυ-

2103 2213 2279 2282 χικοῖς
2337 2211 2721 2281 ὑποδεχόμενοι
2783 2212 3030 2277 κόλποις,
3058 2214 3150 2266 τὸν
3206 2217 3476 2285 μητρικὸν
3529 2216 3697 2269 τόπον

2104 2303 2201 2356 καὶ
2250 2302 2539 2370 ἀδελφικὸν
2591 2304 3003 2375 ἀναπληροῦσιν
3029 2307 3175 2377 ὲμοί.
3211 2306 3389 2361 Τοῦτο
3419 2308 3478 2359 δὲ
3514 2310 3695 2377 δῆλον,

2104 2394 2181 2456 ὡς
2207 2394 2267 2447 οὐ
2299 2394 2654 2464 φαυλίζοντός
2708 2398 2824 2450 ἐστι
2871 2397 2974 2467 τὴν
3000 2396 3271 2451 τεκοῦσαν
3311 2398 3455 2468 (πῶς
3493 2400 3601 2469 γὰρ
3632 2398 3699 2451 ἂν

2106 2487 2233 2551 τοὺς
2276 2486 2576 2551 τοιούτους,
2605 2488 2681 2551 ὡς
2708 2489 2789 2550 είς
2818 2487 2961 2557 μέγα
2993 2488 3173 2553 κλέος,
3202 2490 3282 2551 είς
3320 2488 3413 2541 τὸν
3442 2488 3699 2558 μητριξόον

2108 2582 2340 2652 ἀνέφερε
2375 2582 2575 2650 κλῆρον
2600 2582 2663 2649 ;),
2696 2582 2831 2635 ἀλλὰ
2863 2580 3071 2653 μᾶλλον
3126 2582 3295 2647 ἀξίως
3337 2582 3701 2652 σεμνύνοντος

2108 2676 2205 2729 καὶ
2249 2676 2514 2747 τιμῶντος
2543 2675 2733 2746 αὑτήν.
2773 2678 2875 2728 Ἢν
2918 2675 3055 2746 γὰρ,
3086 2677 3245 2747 φησι,
3299 2676 3440 2746 πρὸς
3484 2676 3702 2747 μητέρα

2109 2769 2204 2822 καί
2233 2767 2496 2836 ἀδελφοὺς
2522 2768 2755 2839 στοργὴν
2785 2770 2878 2821 καὶ¹
2898 2767 3139 2822 διάθεσιν
3156 2768 3363 2838 ὀφείλει
3392 2786 3476 2830 τις
3498 2768 3703 2829 κεκτῆ-

2113 2860 2260 2924 σθαι,
2298 2861 2399 2925 τῆς
2428 2862 2598 2931 αὐτῆς
2628 2859 2906 2925 ἀξιοῦνται
2942 2862 3037 2915 καὶ
3078 2856 3247 2924 οὗτοι,
3274 2862 3563 2931 πληρωταὶ
3603 2861 3708 2931 τῆς

2110 2952 2457 3016 διδασκαλίας
2503 2954 2599 3005 καὶ
2648 2952 2961 3021 γεννητικοὶ
3006 2951 3120 3005 τῶν
3179 2952 3237 3018 ἐξ
3282 2952 3455 3021 αὐτῆς
3494 2951 3707 3021 φυομέ-

2114 3063 2221 3099 νων
2268 3045 2488 3112 ὰγαθῶν
2549 3043 2726 3114 ἔργων
2780 3044 3078 3115 γινόμενοι.
3140 3044 3344 3097 Σκόπει
3403 3044 3458 3096 δὲ
3512 3044 3708 3096 κάκεῖ-

428 3154 593 3206 quam
628 3153 733 3199 me.
773 3153 881 3191 non
908 3146 993 3191 est
1022 3152 1109 3190 me
1150 3136 1350 3207 dignus
1376 3138 1443 3198 ",
1476 3154 1494 3186 ι
1530 3149 1600 3189 ne
1632 3138 1852 3206 gravius
1876 3136 2006 3206 quid

2112 3153 2190 3201 νο,
2223 3104 2519 3205 ὠςέπειδὴ
2548 3104 2828 3207 προεῖπεν,
2879 3104 2918 3185 ι’
2942 3134 3001 3187 Ὀ
3035 3134 3207 3201 φιλῶν
3249 3134 3465 3205 πατέρα
3514 3136 3548 3205 ἢ
3594 3150 3709 3203 μη-

429 3238 483 3281 et
533 3226 810 3281 dillicilius
859 3227 913 3280 in
939 3225 1215 3281 mandatis
1265 3224 1485 3281 dedisse
1544 3225 1846 3290 videretur,
1895 3230 2011 3296 ipse

430 3318 563 3373 illud
593 3318 863 3387 imprimis
914 3317 1141 3388 proprio
1189 3317 1442 3386 exemplo
1486 3315 1841 3386 adimpletum
1896 3317 2009 3380 dat,

430 3412 707 3467 facilitatis
738 3411 811 3465 ita
844 3411 1235 3473 imitationem,
1295 3419 1547 3465 materno
1575 3410 1841 3477 obsequio
1869 3408 2013 3462 utili-

433 3511 601 3558 tatem
652 3511 709 3557 et
759 3502 990 3557 salutem
1022 3500 1324 3556 multorum
1383 3516 1754 3571 prasponens;
1818 3514 2011 3554 vocem

432 3596 577 3651 hanc
622 3609 787 3667 opere
846 3594 966 3664 ipso
992 3601 1206 3648 tantum
1241 3608 1351 3647 non
1407 3593 1576 3649 edens
1604 3609 1618 3647 :
1645 3592 1821 3647 Nolite
1866 3592 2014 3647 arbi-

429 3686 566 3743 trari
597 3701 779 3741 meum
807 3685 1127 3741 mandatum
1169 3700 1335 3755 grave
1373 3685 1501 3755 quid
1543 3700 1666 3741 esse
1687 3686 1770 3740 vel
1791 3684 2016 3740 difﬁcul-

435 3790 520 3833 ter
560 3778 915 3843 obeundum;
971 3794 1071 3849 ego
1125 3779 1272 3833 enim
1307 3778 1402 3847 qui
1452 3778 1586 3833 nulli
1615 3778 1838 3833 debitor
1865 3793 2013 3844 sum,

432 3886 551 3924 rem
601 3871 772 3939 ipsam
798 3870 1052 3939 princeps
1083 3871 1362 3936 exordior,
1394 3880 1450 3925 et
1497 3878 1625 3924 ante
1661 3869 1854 3924 Matris
1882 3884 2015 3923 meae

434 3961 662 4023 cultum,
687 3971 749 4015 ut
776 3961 975 4016 intueri
1006 3962 1183 4017 oculis
1208 3962 1457 4031 potestis,
1494 3970 1732 4015 vestram
1770 3976 1913 4031 pono
1935 3977 2018 4015 sa-

434 4054 625 4109 lutem.
661 4052 760 4108 Ubi
779 4068 909 4108 vero
933 4054 1181 4109 omnium
1213 4053 1330 4109 Rex
1363 4069 1464 4124 ego
1503 4056 1598 4123 qui
1633 4069 1754 4107 sum
1812 4062 1866 4107 et
1910 4053 2015 4107 Do-

435 4146 621 4200 minus
644 4156 698 4200 et
744 4146 1033 4210 Conditor,
1066 4147 1213 4201 haud
1246 4162 1366 4202 sunt
1413 4147 1485 4200 ita
1514 4160 1706 4216 gerere
1760 4160 1844 4199 me
1884 4161 2016 4213 erga

391 4252 534 4293 vos
586 4238 934 4311 dedignatus,
996 4252 1056 4295 ut
1086 4250 1326 4297 vestram
1386 4240 1619 4295 salutem
1670 4238 1893 4294 aB‘ectui
1960 4248 2016 4293 et

434 4335 610 4391 amori
640 4345 889 4389 materno
928 4335 1288 4405 praetulerim,
1317 4342 1467 4389 certe
1497 4334 1670 4387 inulto
1709 4348 1808 4387 vos
1843 4333 2019 4402 magis

2111 3226 2245 3295 τέρα
2287 3228 2427 3299 ὑπὲρ
2459 3226 2583 3296 ἐμὲ,
2615 3229 2715 3280 οὐκ
2758 3227 2872 3282 ἔστι
2922 3246 3026 3299 μου
3057 3230 3226 3296 ἄξιος,
3266 3247 3286 3281 ι
3348 3228 3435 3282 ἵνα
3471 3228 3549 3299 μὴ
3574 3227 3709 3297 δόξῃ

2116 3318 2256 3390 βαρὺ
2312 3322 2407 3373 καὶ
2456 3319 2714 3374 δύσκολον
2756 3322 3074 3377 ἐπιτάσσειν
3123 3323 3487 3393 πρόσταγμα,
3543 3321 3711 3384 αὐτὸς

2113 3409 2272 3464 τοῦτο
2319 3411 2533 3481 πρῶτος
2586 3413 2857 3485 ἐκπληροῖ
2896 3414 2975 3485 τῷ
3028 3416 3153 3468 καθ’
3205 3416 3397 3468 ἑαυτὸν
3451 3414 3712 3481 ὑποδείγ-

2119 3521 2251 3575 ματι
2292 3505 2477 3577 ῥᾳδίαν
2525 3505 2963 3573 παρασκευάζων
3010 3507 3109 3577 τὴν
3151 3509 3429 3578 μίμησιν,,
3456 3508 3552 3560 καὶ
3607 3507 3710 3575 τῆς

2120 3598 2399 3670 μητρικῆς
2473 3597 2771 3668 θεραπείας
2876 3599 3167 3670 προτίθησι
3250 3602 3349 3669 τὴν
3433 3598 3710 3665 ὠφέλειαν

2117 3691 2213 3744 καὶ
2272 3689 2547 3761 σωτηρίαν
2580 3690 2689 3744 τῶν
2738 3691 2950 3745 πολλῶν
2974 3708 2988 3721 ο
3029 3692 3315 3761 μονονουχὶ
3360 3692 3475 3752 τοῖς
3522 3690 3709 3761 ἔργοις

2118 3782 2302 3853 φωνὴν
2328 3782 2530 3849 ἀφιείς·
2551 3782 2642 3853 Μὴ
2669 3784 3055 3853 νομίσηταιιοι
3085 3784 3186 3855 τὴν
3203 3782 3344 3853 ὲμὴν
3362 3782 3587 3852 ἐντολὴν
3614 3782 3711 3851 βα-

2122 3875 2272 3944 ρεῖαν
2300 3868 2439 3927 εἶναι
2465 3874 2557 3927 καὶ
2588 3874 2982 3940 δυσεξάνυστον
3006 3893 3019 3905 ·
3048 3875 3195 3947 ἔργῳ
3223 3878 3332 3944 γὰρ
3362 3877 3513 3945 ὑμῖν,
3538 3876 3567 3925 6
3605 3892 3711 3944 μηι

2118 3965 2234 4016 δενὶ
2262 3964 2547 4033 τυγχάνων
2575 3964 2881 4036 ὑπόχρεως,
2928 3966 3148 4035 πρῶτος
3180 3965 3275 4019 τοῦ
3315 3964 3480 4035 ἔργου
3522 3965 3711 4032 ἀπάρ-

2118 4074 2305 4126 χομαι,
2340 4056 2437 4109 καὶ
2473 4057 2573 4126 τῆς
2623 4058 2906 4130 μητρικῆς
2936 4058 3259 4129 θεραπείας,
3296 4058 3374 4120 ὼς
3402 4058 3538 4125 ὑμῖν
3573 4059 3710 4127 ὀρᾷν

2120 4148 2378 4218 πάρεστι,
2417 4145 2514 4218 τὴν
2556 4146 2711 4216 ὑμῶν
2762 4149 3041 4219 προκρίνω
3092 4148 3389 4219 σωτηρίαν.
3422 4148 3605 4200 Ὅπου
3655 4146 3711 4198 δὲ

2119 4241 2338 4294 πάντων
2385 4242 2664 4311 Δεσπότης
2694 4241 2959 4312 ὑπάρχων
2991 4242 3089 4295 καὶ
3145 4241 3519 4312 Δημιουργὸς,
3548 4239 3712 4293 τοῦτο

2121 4333 2251 4405 περὶ
2301 4333 2447 4403 ὑμᾶς
2496 4332 2698 4396 αὐτοὺς
2730 4333 2831 4386 οὐκ
2860 4333 3085 4404 ὤκνησα
3130 4332 3536 4398 ἐπιδείξασθαι,
3570 4334 3710 4388 ἀλλά

436 4427 698 4483 tenemini
727 4428 983 4483 similiter
1009 4441 1395 4497 compensare,
1435 4435 1491 4480 et
1519 4440 1629 4495 pra:
1655 4425 1870 4480 caeteris
1891 4439 2006 4478 oin-

2122 4425 2217 4477 καὶ
2254 4423 2517 4495 μητρῴας
2547 4425 2787 4496 στοργῆς
2824 4423 2925 4495 τὴν
2958 4426 3041 4488 είς
3072 4424 3218 4495 ὑμᾶς
3247 4425 3486 4497 σπουδὴν
3517 4426 3716 4495 προτί-

435 4521 598 4575 nihus
634 4518 775 4574 ferre
817 4519 1121 4574 amicitiam
1151 4532 1358 4581 meam,
1410 4528 1464 4572 et
1495 4518 1549 4571 in
1579 4533 1665 4571 me
1690 4517 2016 4572 benevolen-

438 4613 615 4665 tiam:
651 4627 754 4667 nec
786 4612 857 4667 ob
906 4611 1133 4681 aliquod
1187 4624 1367 4665 meum
1403 4609 1507 4663 hoc
1553 4608 2022 4673 emolumentum;

435 4716 593 4755 amor
660 4702 807 4755 enim
842 4702 1119 4755 humanus
1158 4710 1213 4755 et
1235 4699 1590 4765 desiderium,
1627 4699 1756 4768 quid
1783 4699 2027 4767 proderit

436 4794 486 4849 ei
527 4793 621 4864 qui
655 4802 853 4849 cuncta
873 4795 955 4849 vel
989 4803 1123 4847 nutu
1149 4794 1526 4855 circumrotat,
1551 4792 1707 4861 cujus
1737 4807 1874 4860 opus
1890 4790 2025 4860 digi-

436 4895 617 4941 torum
646 4888 929 4941 hominum
954 4897 1040 4942 est
1056 4897 1269 4949 natura,
1293 4887 1497 4942 caelum
1526 4896 1716 4956 etquae
1737 4886 2018 4941 exsistunt

438 4977 714 5033 universa.
751 4976 876 5032 Hmc
904 4993 1005 5047 ego
1030 4978 1170 5048 ipsa,
1203 4986 1262 5031 ut
1287 4988 1338 5033 et
1371 4978 1502 5041 alia,
1528 4979 1599 5032 ob
1652 4987 1885 5032 vestram
1922 4978 2023 5031 de-

439 5069 621 5124 sidero
679 5071 935 5125 salutem.
993 5068 1103 5126 Nec
1148 5071 1339 5125 mirari
1402 5077 1639 5140 oportet,
1687 5071 1731 5124 si
1792 5069 2019 5123 Matrem

438 5160 796 5226 Christus,ut
822 5162 1087 5231 oportuit,
1121 5163 1423 5232 honoratis,
1457 5164 1603 5221 illam
1623 5162 1768 5216 haud
1789 5161 2024 5231 praetulit

440 5254 601 5308 saluti
639 5255 925 5309 hominum
956 5274 969 5309 :
1002 5271 1131 5311 nam
1177 5266 1409 5312 matrem
1464 5257 1613 5311 illam
1659 5262 1885 5325 propter
1922 5267 2023 5308 nos

438 5358 491 5400 rt
528 5356 776 5402 nostram
806 5347 1042 5409 salutem
1084 5349 1406 5419 assumpsit,
1434 5357 1495 5404 ut
1531 5363 1881 5420 nequaquam
1916 5346 2025 5402 sibi

512 5486 556 5518 "
589 5484 779 5543 Matth.
818 5504 946 5552 xvn,
972 5488 1057 5544 58.

2126 4517 2194 4588 θη
2206 4535 2264 4588 μι
2292 4517 2388 4570 καὶ
2422 4516 2664 4570 διάθεσιν
2682 4533 2697 4547 ο
2728 4518 2846 4581 πῶς
2880 4518 2981 4571 οὐκ
3005 4518 3160 4572 αὐτοὶ
3192 4520 3396 4589 μᾶλλον
3424 4519 3710 4587 ὀφειλέται

2125 4610 2523 4681 καθεστήκατε,
2555 4613 2670 4674 τοῖς
2712 4611 2923 4682 ὁμοίοις
2948 4612 3271 4683 ἀμείϐεσθαι
3296 4653 3311 4677 ,
3343 4613 3439 4666 καὶ
3486 4614 3711 4666 πάντων

2124 4704 2437 4775 ἔμπροσθεν
2465 4704 2621 4771 άγειν
2652 4703 2752 4775 τὴν
2778 4705 2906 4777 περὶ
2933 4705 3034 4776 ἐμὲ
3055 4705 3147 4759 τὸν
3182 4705 3483 4777 εὐεργέτην
3521 4706 3710 4774 φιλίαν

2122 4798 2219 4849 καὶ
2269 4795 2518 4862 εὔνοιανς
2575 4795 2752 4849 καίτοι
2794 4797 2917 4850 οὐδὲ
2964 4796 3140 4851 ταῦτα
3190 4798 3257 4850 δι’
3303 4797 3435 4868 ὲμέ·
3498 4798 3550 4849 τί
3600 4800 3712 4868 γὰρ

2124 4886 2348 4940 εἰσοίσει
2400 4885 2563 4950 πόθος
2636 4885 2980 4957 ἀνθρώπινος
3058 4887 3137 4958 τῷ
3208 4886 3388 4940 πάντα
3473 4887 3711 4955 νεύματι

2125 4979 2469 5049 περιάγοντι,
2502 4978 2600 5032 καὶ
2625 4972 2686 5032 οὗ
2712 4980 2996 5033 δακτύλων
3020 4978 3202 5051 ἔργον,
3225 4979 3367 5049 αὑτὴ
3414 4978 3579 5048 φύσις
3612 4979 3711 5030 ἀν-

2122 5068 2379 5141 θρώπων,
2411 5070 2507 5123 καὶ⁵
2539 5070 2791 5139 οὐρανὸς,
2843 5071 2940 5123 καὶ
2972 5069 3041 5124 τά
3092 5069 3409 5140 σύμπαντα,
3441 5066 3582 5121 ἀλλὰ
3614 5068 3713 5119 καὶ

2121 5161 2297 5216 ταῦτα
2328 5202 2342 5221 .
2400 5161 2592 5232 ὥσπερ
2647 5162 2744 5215 καὶ
2794 5162 2983 5227 τᾶλλα,
3036 5162 3125 5215 διὰ
3162 5162 3264 5233 τὴν
3318 5162 3477 5231 ὑμῶν
3528 5159 3712 5213 αὐτῶν

2119 5254 2365 5321 ἐπιζητῶ
2420 5254 2717 5326 σωτηρίαν.
2748 5255 2822 5308 υύ
2868 5256 2972 5325 χρὴ
3008 5254 3073 5325 δὴ
3101 5262 3130 5292 ι
3161 5254 3493 5323 θαυμάζειν,
3525 5252 3575 5305 εί
3608 5252 3707 5320 τὴν

2127 5346 2338 5418 μητέρα
2379 5347 2554 5417 τιμῶν
2586 5348 2615 5400 ὁ
2646 5346 2903 5418 Χριστὸς,
2935 5345 3012 5411 ὡς
3038 5347 3343 5418 προσῆκεν,
3372 5345 3525 5416 ὅμως
3588 5343 3709 5397 οὐδὲ

1669 5598 1904 5655 VARUE
1943 5594 2331 5653 LECTIONES
2357 5637 2369 5650 .

518 5723 545 5768 ιι
577 5716 638 5772 C.
692 5716 763 5773 Μ.
818 5716 1183 5788 πνευματικὸς
1218 5715 1393 5771 deest.
1474 5725 1495 5755 ι
1524 5716 1583 5771 C.
1617 5716 1684 5770 Μ.
1724 5726 1869 5770 recte
1924 5716 1947 5766 ἐ

1956 5715 2134 5787 τέρας.

2216 5716 2283 5751 ⁵·¹
2321 5716 2598 5787 νομίσητε.
2639 5723 2664 5751 ιι
2701 5709 2763 5765 C.
2799 5710 2869 5765 Μ.
2898 5708 2975 5763 δέ.
