3902 6212
274 252 375 314 977

1199 253 1301 313 AD
1366 252 1965 314 AMPHILOCHIUM
2014 250 2361 323 ΟΗᾹΞΞΤΙΟ
2417 250 2625 310 CCXV.

3430 245 3535 309 978

272 366 485 434 ταύτην
512 364 613 433 τῆς
637 360 797 434 ήμῶν
828 360 1151 435 ὑπερτίθησι
1180 360 1455 431 σωτηρίας
1485 377 1501 393 ο
1526 361 1620 413 καὶ
1646 360 1754 431 γάρ
1784 361 1847 431 δὴ

1954 374 2204 431 parcens,
2232 370 2421 415 nostra
2442 372 2609 413 causa
2637 357 2795 424 longe
2816 356 2920 410 alia
2943 362 2998 409 et
3031 354 3316 409 innumera
3342 368 3533 423 passus

276 460 372 511 καὶ
404 455 622 527 μητέρα
650 456 789 519 ὅλως
816 455 883 507 δι’
915 456 1084 524 ἡμᾶς,
1116 454 1212 507 καὶ
1240 453 1328 507 διὰ
1351 454 1452 524 τὴν
1500 454 1656 524 ήμῶν
1684 455 1852 525 ἐκτή-

278 566 409 602 σατο
459 547 751 619 σωτηρίαν,
788 546 905 599 ἀλλ’
931 546 1073 600 ὥστε
1129 546 1187 599 δὲ
1239 546 1458 600 αὐτοῦτ
1522 547 1852 617 φεισάμενος

279 643 420 713 ὑπὲρ
438 640 615 712 ήμῶν,
641 640 777 695 ἀλλὰ
808 641 1036 693 κάκεῖνα
1057 641 1122 694 τὰ
1146 640 1312 711 μυρία
1333 640 1479 712 πάθη
1494 641 1733 703 ὑποστὰς
1760 641 1855 696 καὶ

277 736 369 787 τὸν
398 734 760 787 ἐπονείδιστον
789 735 996 786 ἐκεῖνον
1021 733 1115 786 καὶ
1145 733 1318 803 βίαιον
1359 733 1610 797 θάνατον,
1641 734 1708 788 ἵν’
1734 735 1854 786 ἀντὶ

281 830 536 895 θανάτου,
559 828 705 898 ζωῆς
729 829 875 899 ήμᾶς
892 826 1163 881 ἀθανάτου
1180 826 1329 899 δείξῃ
1344 826 1733 897 κληρονόμους,
1752 826 1852 877 οὐκ

280 924 348 974 ἂν
378 920 687 984 ἀπεικότως
742 921 839 974 καὶ
885 921 985 990 τῆς
1034 920 1309 991 μητρικῆς
1349 918 1693 989 συμπαθείας
1753 917 1853 989 τὴν

278 1014 436 1083 ἡμῶν
478 1015 722 1084 ἡγήσατο
775 1013 1180 1082 προτιμοτέραν
1243 1011 1541 1081 σωτηρίαν.
1567 1011 1631 1063 Εἰ
1671 1008 1851 1078 βούλει

275 1108 335 1159 δὲ
385 1108 606 1161 κάκεῖνο
642 1108 864 1159 σκοπεῖν
894 1118 921 1146 ι
957 1107 975 1174 (
1006 1104 1277 1174 πολύχους
1323 1105 1489 1175 γάρὴ
1529 1104 1641 1157 τῶν
1691 1102 1853 1155 θείων

281 1198 515 1270 Γραφῶν
550 1198 930 1270 γεωργία,καὶ
963 1198 1163 1268 πολλὴν
1192 1197 1515 1252 ἀναδιδοῦσα
1551 1201 1664 1260 τοῖς
1699 1197 1854 1266 φιλο-

279 1296 503 1351 πονοῦσι
536 1297 637 1360 τὴν
663 1296 982 1364 ὠφέλειαν),
1000 1294 1216 1358 οὐδενὸς
1238 1295 1346 1347 τῶν
1369 1294 1543 1348 ἄλλων
1574 1293 1852 1346 ἐνδεέστε-

282 1408 375 1459 ρον
399 1390 722 1461 ὄψῃ,ὃτιτὺ,
745 1409 764 1442 ι
795 1389 891 1453 Τίς
920 1391 1069 1442 ἐστιν
1093 1390 1124 1458 ή
1156 1390 1340 1459 μήτηρ
1365 1405 1466 1457 μου
1495 1386 1592 1441 καὶ
1620 1389 1669 1439 οί
1693 1385 1852 1439 ἀδελ-

281 1481 372 1547 φοί
400 1498 501 1551 μου
531 1497 547 1546 ;
586 1499 605 1530 ι
641 1480 704 1533 οὐ
751 1478 889 1550 πρὸς
932 1480 1029 1549 τὴν
1054 1479 1281 1546 Μητέρα
1328 1477 1748 1546 ἀποτεινόμενος
1777 1476 1853 1530 εῖ-

283 1589 452 1642 ρηκεν
488 1574 516 1626 6
576 1572 801 1641 Σωτήρ’
826 1572 1012 1639 ἐκείνη
1041 1571 1149 1639 γάρ
1179 1571 1210 1639 ή
1249 1570 1496 1639 μακαρία
1550 1569 1849 1639 Παρθένος,

269 1662 681 1733 σεμνοπρεπῶς
714 1663 899 1716 τεικαὶ
934 1663 1031 1716 σὺν
1075 1661 1335 1731 εὐλαϐείᾳ
1366 1660 1471 1726 ἔξω
1498 1660 1706 1727 ἴσταςτο,
1732 1660 1853 1713 οὐδὲ

1961 460 2064 506 est.
2098 449 2375 519 Imprimis
2426 446 2884 503 contumeliosam
2923 445 3073 498 illam
3129 454 3182 499 ct
3237 444 3532 498 violentam

1958 552 2191 599 mortem
2232 542 2438 605 crucis,
2469 553 2529 595 ut
2557 540 2679 594 vitae
2720 546 2843 594 'nos
2880 547 3097 593 :eternae
3147 538 3410 599 haeredes,
3440 536 3534 605 qui

1960 638 2152 692 mortis
2210 634 2509 694 fueramus.
2558 632 2804 688 faceret:
2868 648 2979 686 non
3039 640 3123 686 est
3177 632 3535 700 improbabile

1961 730 2111 781 illum
2144 736 2388 782 nostram
2419 727 2650 780 salutem
2678 726 3081 796 antiquiorem,
3132 739 3297 793 quam
3328 732 3533 776 mater-

1961 837 2084 874 nam
2118 822 2375 875 habuisse
2405 819 2841 875 observantiam.
2876 817 2930 871 Si
2962 818 3139 871 adhuc
3173 817 3301 869 libet
3323 825 3376 869 et
3404 816 3536 869 illud

1960 914 2093 968 mihi
2113 923 2259 977 nota,
2281 913 2588 966 divinarum
2612 912 3018 981 Scripturarum
3041 908 3357 979 agricolatio
3393 909 3537 960 mul-

1960 1008 2239 1077 tiplicibus
2269 1007 2437 1076 spicis
2490 1006 2757 1069 abundat,
2787 1012 2840 1058 et
2890 1002 3189 1071 plurimum
3248 1000 3536 1054 industriis

1961 1099 2309 1155 commodum
2369 1098 2647 1161 concedit,
2706 1111 2815 1150 non
2859 1096 3149 1150 minimum
3192 1094 3350 1154 illud,
3388 1092 3537 1161 quod

1962 1195 2049 1248 illa
2092 1214 2109 1245 ι
2138 1192 2271 1259 Quae
2303 1202 2386 1246 est
2433 1201 2607 1245 mater
2655 1204 2796 1253 mea,
2840 1196 2894 1242 et
2941 1187 3036 1255 qui
3091 1184 3292 1239 fratres
3328 1186 3482 1239 mei?
3513 1203 3532 1236 ι

1964 1298 2068 1337 non
2099 1284 2150 1336 iu
2182 1282 2405 1335 Matrem
2438 1281 2646 1335 directa
2672 1278 2897 1349 protulit
2946 1276 3207 1330 Servator
3245 1277 3359 1347 (illa
3386 1277 3535 1330 enim

1961 1376 2117 1430 beata
2150 1373 2313 1444 Virgo
2377 1372 2623 1427 modeste
2663 1383 2721 1425 ut
2763 1370 3007 1439 oportuit
3057 1369 3205 1424 foras
3264 1371 3532 1435 constitit,

1963 1485 2061 1524 nec
2108 1468 2333 1522 liberam
2366 1466 2596 1520 adeundi
2630 1464 2823 1518 Filium
2856 1463 3132 1518 licentiam
3184 1462 3533 1526 vindicavit),

1962 1562 2054 1617 sed
2085 1576 2186 1615 nec
2217 1559 2444 1614 docendi
2476 1574 2697 1613 cursum
2728 1558 3129 1625 interrumpere
3168 1556 3406 1617 volebat,
3442 1556 3535 1609 sed

1966 1654 2141 1722 ipsum
2191 1652 2568 1705 tantummodo
2624 1650 2895 1721 gestiebat
2943 1649 3205 1703 salutare.
3260 1650 3340 1702 Ad
3370 1665 3531 1717 qnvm

408 1731 544 1825 πρός
566 1756 659 1806 τὸν
689 1754 817 1807 Υίὸν
848 1752 1333 1826 παρρησιαζομένη
1374 1753 1575 1805 εἴσοδον
1602 1768 1614 1781 ⁸
1661 1754 1849 1819 ούμεν·

1963 1746 2124 1817 igitur
2163 1744 2418 1813 dirigitur
2480 1758 2666 1798 sermo
2703 1741 3024 1797 Dominicus
3050 1743 3073 1796 ?
3102 1750 3250 1811 patet
3293 1742 3434 1812 quod
3469 1742 3536 1797 ad

280 1849 374 1900 οὖν
422 1848 544 1900 οὐδὲ
578 1848 676 1918 τήν
726 1846 1080 1901 διδασκαλίαν
1137 1848 1562 1917 περικόπτουσα,
1601 1843 1763 1896 αὑτὸν
1792 1844 1850 1896 δὲ

1958 1854 2105 1900 eum,
2152 1838 2245 1907 qui
2282 1837 2418 1892 satis
2449 1836 2831 1905 intempestive
2891 1835 3248 1890 vociferando
3273 1846 3325 1890 et
3353 1837 3530 1891 incla-

284 1939 444 2009 μόνον
475 1940 603 1992 ἰδεῖν
639 1939 995 1994 ὲπιποθοῦσα.
1017 1940 1160 2008 Πρὸς
1194 1940 1312 1990 τίνα
1341 1937 1530 1989 λοιπὸν
1552 1939 1580 1989 6
1607 1940 1849 1988 Δεσποτι·

1957 1930 2159 1983 mando
2185 1928 2423 1991 dicebat,
2464 1946 2483 1979 ι
2516 1927 2687 1981 Mater
2718 1937 2810 1981 tua
2851 1935 2906 1981 et
2936 1927 3132 1982 fratres
3163 1927 3240 1981 tui
3286 1937 3337 1981 te
3388 1927 3534 1982 foras

281 2029 378 2091 κὸς
406 2027 562 2096 λόγος
586 2028 724 2099 όρᾷ;
751 2028 908 2098 δῆλον
934 2037 984 2088 Y,
1013 2026 1087 2089 ὡς
1118 2026 1249 2096 πρὸς
1286 2026 1509 2087 ἐκεῖνον,
1549 2022 1639 2075 τὸν
1672 2021 1772 2074 οὐκ
1794 2024 1851 2074 ὲν

284 2119 462 2192 καιρῷ
503 2121 597 2172 καὶ¹
648 2119 896 2189 θρασέως
943 2116 1324 2185 ὲπιφωνοῦντα
1371 2116 1465 2168 καὶ
1518 2112 1855 2183 ἀνακράζον-

279 2229 373 2275 τα,
411 2230 430 2262 ι
478 2212 543 2264 Ἥ
577 2213 760 2282 μήτηρ
790 2227 885 2263 σου
915 2210 1010 2263 καὶ
1040 2211 1089 2262 oi
1131 2207 1349 2276 ἀδελφοί
1390 2224 1485 2260 σου
1515 2205 1621 2270 ἔξω
1659 2201 1856 2275 ζητοῦ-

283 2303 336 2355 σί
368 2320 449 2359 σε.
478 2323 496 2355 ι
548 2304 785 2365 Ἐκεῖνος
816 2302 930 2372 γάρ
974 2303 1002 2354 6
1045 2300 1292 2362 Ἰουδαῖος
1327 2300 1343 2367 (
1363 2298 1483 2351 οὐδὲ
1513 2297 1624 2368 γὰρ
1658 2296 1854 2366 ἔχομεν

282 2394 470 2447 τούτου
526 2395 859 2464 κυριώτερον
905 2396 969 2446 ὲκ
1001 2391 1109 2446 τῶν
1140 2390 1491 2459 Εὐαγγελίων
1518 2390 1689 2458 ὖνομα
1721 2392 1734 2451 )
1766 2389 1855 2440 ὅτε

279 2487 358 2557 τῷ
411 2487 655 2558 Δεσπὸτῃ
701 2485 1074 2557 προσεφώνει,
1118 2484 1270 2537 οὐδὲν
1300 2484 1360 2535 ού
1413 2482 1572 2551 μόνον
1614 2483 1854 2550 συνῆπτε

282 2580 434 2646 ῥῆμα
467 2576 912 2647 σεϐασμιότητος,
942 2576 1059 2629 ἀλλ’
1097 2574 1218 2628 οὐδὲ
1266 2574 1359 2626 τὸν
1402 2573 1684 2643 πρέποντα
1730 2589 1855 2624 και-

283 2668 373 2738 ρὸν
406 2668 727 2737 ἀναμείνας,
753 2667 889 2721 ἀλλά
931 2668 1027 2721 καὶ
1064 2666 1162 2737 τὴν
1215 2666 1565 2719 διδασκαλίαν
1615 2664 1854 2735 περικό-

279 2776 453 2825 πτων,
474 2760 569 2813 καὶ
592 2760 760 2831 πολλῇ
779 2759 1061 2830 χρώμενος
1084 2760 1152 2829 τῇ
1176 2756 1439 2826 αὐθαδείᾳ
1464 2757 1559 2810 καὶ
1580 2755 1854 2826 θρασύτη-

276 2870 351 2915 τι,
386 2851 469 2919 τδ,
496 2870 515 2903 ι
558 2852 622 2904 Ἦ
647 2853 831 2922 μήτηρ
863 2869 960 2904 σου
987 2852 1079 2904 καὶ
1113 2851 1162 2903 οἱ
1193 2849 1409 2916 ἀδελφοί
1454 2866 1574 2911 σου,
1613 2847 1851 2918 προσέρ-

281 2948 472 3017 ριπτεν
498 2984 514 3008 ,
567 2944 673 3009 ἔξω
727 2943 951 3013 ζητοῦσί
999 2960 1081 2997 σε.
1125 2960 1143 2994 ι
1171 2938 1338 3011 Οἶμαι
1381 2940 1436 2993 δὲ
1487 2939 1650 2992 αὐτὸν
1695 2937 1854 2992 τοῦτο

276 3038 616 3111 δεδρακέναι,
638 3038 841 3092 ὡσανεὶ
864 3038 959 3116 καὶ
988 3037 1097 3090 ἀπὸ
1119 3034 1213 3088 τοῦ
1247 3034 1439 3102 γένους
1473 3031 1850 3085 ἐπισκώπτειν

274 3130 367 3182 τὸν
395 3130 574 3183 κοινὸν
600 3128 695 3182 τοῦ
726 3129 921 3196 γένους
954 3127 1187 3195 Σωτῆρα
1230 3125 1740 3195 διαμηχανώμενον.
1776 3123 1850 3174 Οὐ

272 3224 382 3293 γάρ
418 3220 485 3278 ἂν
518 3221 661 3276 οὕτω
689 3221 959 3293 θρασέως,
1003 3221 1100 3274 καὶ
1127 3222 1207 3283 είς
1245 3220 1484 3289 ὑπήκοον
1514 3228 1535 3255 τ
1565 3217 1674 3272 τῶν
1703 3216 1851 3271 διδα-

275 3316 577 3385 σκομένων,
623 3316 716 3368 τὸν
766 3313 1069 3384 ὀνειδισμὸν
1109 3313 1438 3381 οἰκειότερον
1485 3310 1720 3381 εἰπεῖνῆ
1752 3310 1850 3381 τὴν

270 3407 574 3479 πρόκλησιν
603 3406 697 3460 τοῦ
732 3406 1003 3459 Δεσπότου
1061 3403 1356 3474 ἐπεποίητο
1383 3420 1396 3434 ·
1429 3403 1526 3457 καὶ
1557 3402 1733 3456 ταῦτα
1768 3401 1849 3454 δι·-

270 3517 298 3553 ε
305 3502 585 3571 μηχανᾶτο
604 3500 698 3552 καὶ
724 3498 1167 3561 συνεσκευάζετο,
1196 3496 1603 3569 ῥᾳθυμοτέρους
1631 3512 1691 3549 τε
1722 3495 1852 3565 περὶ

269 3590 369 3662 τὴν
414 3591 704 3662 ἀκρόασιν,
740 3590 801 3643 τό
851 3606 917 3658 γε
949 3590 1068 3643 καθ’
1094 3589 1307 3653 ἑαυτὸν,
1352 3589 1412 3641 τὸ
1441 3587 1648 3658 πλῆθος
1676 3588 1850 3657 ἀπερ-

268 3681 594 3753 γαζόμενος,
631 3683 726 3735 καὶ
760 3682 823 3735 τὸ
866 3679 1177 3745 ἀξιόπιστον
1226 3680 1321 3734 τοῦ
1369 3679 1717 3746 διδασκάλου,
1742 3679 1850 3732 ἀπό

268 3786 335 3836 γε
394 3768 494 3838 τῆς
533 3768 871 3837 συγγενείας,
903 3767 978 3832 ὡς
1041 3768 1311 3839 ἐνόμιζεν,
1340 3769 1692 3833 ἐξευτελίξων
1753 3770 1848 3823 καὶ

268 3860 730 3931 ὑποτεμνόμενος.
758 3862 871 3915 Καὶ
918 3860 1027 3931 γὰρ
1088 3862 1183 3914 καὶ
1216 3860 1451 3932 ἀλλαχοῦ
1484 3862 1738 3931 φαίνεται
1789 3860 1850 3914 τὸ

281 3952 531 4017 Ἰουδαῖον
567 3953 741 4019 ἔθνος,
768 3952 866 4006 καὶ
900 3953 1134 4023 μάλιστα
1162 3953 1304 4007 κατά
1332 3954 1423 4007 τὸν
1450 3954 1640 4025 καιρὸν
1668 3956 1768 4022 τῆς
1788 3969 1848 4006 τε

266 4041 640 4108 διδασκαλίας,
674 4044 767 4097 καί
819 4061 882 4112 γε
937 4046 1032 4096 καὶ
1080 4044 1181 4115 τῆς
1236 4043 1703 4116 θαυματουργίας,
1772 4044 1848 4115 τῷ

267 4133 447 4204 φθόνῳ
472 4134 1088 4204 διαπιμπράμενον,’κα“ι
1116 4134 1250 4205 πρὸς
1272 4135 1522 4200 διαὸολὰς
1546 4139 1635 4190 καὶ
1661 4135 1848 4207 ὕϐρεις

264 4225 358 4278 τοῦ
390 4227 661 4280 Δεσπότου
693 4227 942 4291 ἐκτόπως
991 4227 1454 4297 ἀναφλεγόμενον.
1491 4246 1511 4281 ι
1548 4230 1660 4299 Οὐχ
1689 4224 1847 4292 οὗτος

266 4316 376 4386 γάρ
391 4318 528 4380 ἐστι,
546 4318 731 4387 φησὶν,
750 4319 882 4371 ὁτοῦ
900 4304 1148 4383 τέκτονος
1166 4319 1305 4386 υἰός;
1340 4340 1358 4371 ι
1388 4320 1483 4373 καὶ
1503 4321 1689 4385 πάλιν,
1709 4340 1726 4371 ι
1752 4319 1849 4374 Οἴ-

264 4407 435 4477 δαμεν
451 4408 540 4461 τὸν
561 4410 772 4479 πατέρα
791 4409 956 4464 αὐτοῦ
979 4412 1074 4464 καὶ
1095 4410 1195 4483 τὴν
1215 4412 1429 4481 μητέρα
1449 4427 1462 4439 ·
1487 4428 1507 4462 ι
1538 4412 1650 4475 καὶ,
1684 4430 1702 4462 ι
1740 4404 1847 4465 Οὖ-
1874 4449 1925 4509 D

264 4516 356 4563 τος
372 4501 471 4553 οὐκ
504 4500 725 4569 οἴδαμεν
748 4502 909 4555 πόθεν
934 4502 1081 4556 ἐστίν
1107 4521 1122 4569 ;
1150 4521 1169 4553 ι
1207 4502 1323 4568 καὶ,
1354 4523 1373 4555 ι
1407 4502 1543 4573 Οὐχὶ
1559 4505 1842 4574 παρ’ὴμῖν

265 4593 407 4643 εἰσιν
443 4592 494 4644 οί
526 4592 747 4662 ἀδελφοὶ
772 4593 938 4647 αὐτοῦ
977 4594 1072 4647 καὶ
1099 4595 1157 4647 αἱ
1192 4595 1422 4665 ἀδελφαὶ
1438 4596 1603 4650 αὐτοῦ
1641 4613 1656 4662 ;
1698 4616 1716 4647 ι
1750 4598 1846 4651 καὶ

264 4682 436 4736 πολλὰ
456 4684 682 4737 τοιαῦτα
700 4684 997 4754 βασκανίας
1021 4688 1264 4757 ῥήματα.
1289 4688 1380 4741 Διὸ
1401 4689 1496 4742 καὶ
1513 4691 1541 4743 ό
1563 4689 1842 4758 Δεσπότης

262 4776 498 4845 Χριστὸς
518 4778 758 4848 ἐλέγχων
774 4778 939 4832 αὑτοῦ
962 4780 1061 4850 τὴν
1085 4782 1458 4851 παρανομίαν,
1478 4782 1574 4835 καὶ
1591 4782 1658 4835 δι’
1673 4781 1840 4836 αὑτοῦ

261 4868 371 4921 τῶν
403 4869 723 4940 ὁμοφρόνων
756 4870 819 4922 τὸ
843 4869 1121 4941 σύστημα,
1161 4873 1240 4935 είς
1269 4872 1527 4942 τοιαύτην
1552 4872 1675 4927 τινὰ
1724 4874 1842 4927 διά-

260 4977 413 5014 νοιαν
446 4961 537 5015 τὸν
571 4960 729 5029 λόγον
764 4963 1114 5033 σχηματίζων
1142 4965 1241 5034 τῆς
1263 4964 1633 5035 ἀποκρίσεως,
1682 4984 1701 5017 ι
1740 4965 1843 5029 Τίς

261 5055 601 5123 ὲστι,φησὶν,
622 5058 655 5125 ή
686 5058 871 5127 μήτηρ
901 5074 1028 5126 μου,
1060 5057 1152 5109 καὶ
1174 5058 1223 5109 oi
1250 5058 1470 5127 ἀδελφοί
1499 5075 1599 5127 μου
1624 5076 1638 5125 ;
1665 5058 1844 5111 Τουτ-

259 5146 397 5211 έστι,
428 5146 493 5198 Τί
541 5146 641 5218 τὴν
675 5148 905 5219 μητέρα,
936 5148 1030 5201 καὶ
1076 5150 1201 5213 τοὺς
1238 5150 1503 5218 ἀδελφοὺς
1534 5152 1615 5214 είς
1642 5151 1839 5204 ὀνειδι-

261 5238 401 5307 σμὸν
434 5239 732 5309 προφέρειν
768 5241 1110 5313 ἑμελέτησας
1139 5258 1154 5306 ;
1185 5241 1365 5312 μάτην
1392 5259 1472 5296 σοι
1500 5242 1838 5314 διεμηχανή-

260 5331 326 5401 ίεη
354 5329 414 5383 τὸ
462 5332 848 5403 κακούργημα,
887 5335 969 5397 εἰς
995 5334 1308 5388 τούναντίον
1343 5350 1427 5387 σοι
1482 5336 1834 5406 περιτραπή-

334 5463 377 5494 ⁶⁰
401 5464 826 5534 Μιιιιιι.κιι,.17.
941 5471 983 5501 ⁸¹
1044 5470 1235 5527 Matth.
1273 5488 1393 5536 xm,
1451 5472 1543 5527 55.

1621 5474 1665 5505 θ’
1695 5471 1952 5536 Joan.v1,
1977 5474 2067 5526 42.

1953 2018 2283 2088 quaerunt”.
2305 2038 2323 2070 ι
2352 2018 2494 2088 Erat,
2517 2018 2605 2072 ille
2639 2016 2880 2081 Judaeus,
2908 2033 3007 2072 nec
3036 2018 3140 2070 alio
3176 2018 3398 2086 proprio
3435 2032 3533 2069 llo--

1958 2114 2104 2168 mine
2148 2112 2354 2167 dictum
2390 2112 2654 2165 habemus
2680 2111 2732 2163 in
2766 2110 3079 2180 Evangelio.
3132 2109 3225 2164 Ille
3258 2123 3383 2164 cum
3430 2111 3535 2163 Do-

1955 2208 2165 2261 minum
2194 2206 2587 2274 alloquerelur,
2616 2219 2722 2258 non
2741 2204 2903 2257 modo
2939 2204 3148 2256 nullum
3178 2204 3405 2257 verbum
3444 2220 3533 2258 re-

1956 2300 2205 2353 verentia:
2224 2298 2473 2361 evolavit,
2504 2296 2598 2351 sed
2619 2311 2718 2350 nec
2745 2306 2960 2364 tempus
2975 2297 3316 2365 praestolatus
3335 2311 3535 2365 oppor-

1954 2399 2147 2443 tunum
2178 2389 2405 2443 docendi
2455 2403 2677 2441 cursum
2736 2388 3044 2455 interrupit,
3080 2397 3134 2441 et
3191 2403 3316 2440 cum
3365 2387 3532 2440 multa

1956 2481 2183 2534 audacia
2218 2489 2273 2533 et
2323 2480 2626 2548 supercilio
2660 2478 3066 2548 projecitillud,
3106 2498 3124 2529 ‹
3163 2478 3332 2531 Mater
3368 2488 3455 2531 tua
3481 2487 3534 2532 et

1956 2571 2153 2625 fratres
2184 2571 2257 2623 tui
2289 2578 2339 2621 te
2383 2570 2516 2624 foris
2557 2578 2831 2638 qtncrunt.
2868 2588 2887 2620 ι
2932 2567 3078 2623 Reor
3107 2580 3286 2623 autem
3334 2585 3399 2621 eo
3429 2572 3534 2623 line

1956 2662 2147 2715 hocab
2176 2661 2269 2715 illo
2298 2660 2621 2723 factitatum,
2643 2671 2701 2714 ut
2723 2664 2813 2730 qui
2845 2662 3077 2716 voluerit
3109 2664 3255 2715 omni
3285 2663 3530 2716 machina

1955 2752 2197 2807 adhibita
2243 2754 2459 2822 generis
2505 2753 2678 2806 nostri
2717 2752 3013 2806 Auctorem
3054 2753 3122 2806 ab
3156 2754 3395 2806 humana
3434 2769 3529 2806 sua

1956 2846 2306 2915 generatione
2330 2845 2655 2898 traducere:
2694 2860 2804 2897 non
2838 2846 2985 2899 enim
3020 2854 3127 2898 tam
3150 2848 3456 2914 petulanter
3478 2848 3530 2900 in

1955 2937 2179 2990 auribus
2242 2937 2551 2990 auditorum
2602 2938 3075 3005 exprobrationem
3145 2938 3326 3006 potius
3368 2954 3531 3007 quam

1954 3030 2324 3083 evocationem
2351 3028 2610 3083 adbibere
2656 3029 2896 3091 volebat,
2933 3028 3039 3083 nisi
3072 3028 3126 3083 id
3176 3032 3372 3097 agebat
3412 3044 3530 3083 ma-

1955 3118 2249 3185 cbinando,
2309 3120 2733 3189 utignaviores
2792 3120 3043 3177 redderet
3106 3122 3405 3176 auditores.
3452 3121 3529 3176 lta

1954 3222 2221 3284 quantum
2250 3214 2303 3268 in
2339 3214 2457 3283 ipso
2484 3225 2602 3270 erat
2630 3215 2856 3269 abduxit
2882 3216 2949 3268 ab
2976 3214 3248 3269 audiendo
3283 3215 3531 3269 multitu-

1953 3310 2160 3373 dinem,
2186 3318 2241 3361 et
2268 3308 2508 3363 doctoris
2541 3311 2905 3363 reverentiam
2935 3309 3293 3363 imminuendi
3325 3310 3531 3372 animo,

1954 3416 2050 3470 per
2087 3401 2495 3455 vililicationem
2536 3402 2809 3471 prosapiei
2859 3402 3228 3470 interrumpit.
3294 3403 3533 3471 Apparet

1954 3496 2097 3548 enim
2134 3503 2187 3547 et
2244 3495 2371 3548 alibi
2408 3492 2694 3548 Judaicam
2749 3504 2963 3563 gentem
3016 3509 3144 3547 cum
3194 3493 3353 3556 alias,
3414 3504 3529 3546 tum

1952 3587 2225 3656 praecipue
2280 3601 2405 3639 cum
2445 3587 2667 3641 doceret
2696 3596 2791 3640 aut
2822 3588 3083 3641 miracula
3114 3586 3289 3651 daret,
3326 3588 3531 3642 invidia

1954 3694 2300 3741 succensam,
2352 3688 2405 3732 et
2448 3681 2514 3733 ad
2583 3680 2956 3733 accusandum
3002 3680 3531 3749 convitiandumque

1954 3771 2242 3824 Dominum
2272 3772 2467 3826 insano
2496 3772 2660 3826 modo
2695 3773 3111 3827 inflammatam.
3145 3774 3220 3826 Ita
3250 3774 3527 3840 inquiunt,

1958 3882 1978 3915 ι
2010 3864 2201 3916 Annon
2235 3863 2323 3917 hic
2356 3873 2440 3917 est
2475 3864 2613 3917 fabri
2655 3865 2799 3919 filius
2816 3865 2901 3918 “‘3
2926 3884 2943 3916 ι
2976 3874 3048 3930 et,
3096 3884 3114 3916 ι
3141 3865 3403 3921 Novimus
3435 3883 3529 3935 pa-

1953 3964 2089 4008 trem
2130 3956 2250 4024 eius
2301 3970 2365 4009 ac
2423 3968 2654 4009 matrem
2702 3958 2823 4025 ejus
2847 3958 2891 3988 °'
2925 3974 2941 4011 :
2983 3978 3001 4009 ι
3041 3966 3114 4022 et,
3145 3975 3163 4007 ι
3191 3959 3386 4012 Annon
3425 3974 3525 4013 nos

1951 4046 2159 4101 scimus
2202 4048 2345 4100 unde
2399 4047 2501 4101 iste
2548 4049 2781 4101 est“?r
2816 4058 2888 4114 et,
2948 4068 2966 4099 ι
3003 4050 3194 4105 Nonne
3241 4051 3382 4119 apud
3428 4065 3531 4103 nos

1951 4148 2081 4193 sunt
2127 4136 2323 4194 fratres
2348 4148 2401 4194 et
2464 4154 2685 4194 sorores
2742 4142 3063 4209 ipsius“?o
3102 4152 3154 4195 et
3202 4144 3372 4196 multa
3423 4144 3529 4197 alia

1953 4232 2344 4288 malevolentiae
2391 4234 2556 4288 verba
2621 4235 2900 4303 ingerunt.
2954 4233 3223 4300 Quocirca
3275 4235 3529 4290 Christus

1953 4325 2214 4380 Dominus
2234 4325 2606 4379 incivilitatem
2631 4326 2779 4380 illius
2804 4327 3153 4396 redarguens,
3178 4336 3230 4381 et
3256 4344 3349 4396 per
3374 4328 3524 4381 illum

1953 4424 2276 4470 conventum
2307 4431 2496 4470 eorum
2533 4420 2622 4487 qui
2656 4418 2847 4471 eodem
2892 4420 3075 4473 animo
3134 4420 3313 4474 affecti
3347 4431 3523 4485 erant,

1951 4507 2018 4560 ad
2046 4506 2403 4575 cogitationes
2430 4507 2739 4562 istiusmodi
2773 4511 3153 4564 accommodat
3176 4527 3524 4581 responsum,

1944 4607 1999 4652 et
2029 4598 2226 4668 inquit,
2262 4616 2281 4649 ι
2304 4599 2440 4663 Quae
2465 4608 2551 4653 est
2570 4609 2743 4653 mater
2782 4616 2899 4654 mea
2922 4601 2945 4653 ?
2969 4602 3064 4671 qui
3093 4605 3196 4655 mei
3236 4604 3430 4658 fratres
3450 4604 3474 4656 ?
3498 4622 3517 4655 ι

1945 4692 2101 4761 quasi
2151 4691 2399 4745 diceret:
2459 4691 2597 4757 Quid
2651 4691 2785 4745 mihi
2843 4704 3069 4748 matrem
3130 4705 3185 4749 et
3213 4694 3411 4749 fratres
3464 4696 3521 4750 in

1944 4783 2298 4851 opprobrium
2332 4783 2580 4854 ingeris?
2607 4784 2809 4838 frustra
2840 4785 2934 4838 tibi
2972 4786 3076 4839 hoc
3104 4788 3271 4841 cessit
3316 4787 3521 4840 machi-

1945 4894 2138 4932 namen
2150 4889 2285 4945 tum,
2315 4880 2370 4933 in
2389 4881 2726 4934 contrarium
2752 4891 3102 4935 convertetur
3128 4881 3387 4935 insidiosa
3410 4881 3523 4935 haec

1943 4981 2037 5024 tua
2069 4971 2388 5040 satagentia.
2414 4970 2646 5026 Tantum
2670 4973 2815 5025 enim
2854 4973 3009 5027 abest
3042 4982 3102 5026 ut
3126 4988 3210 5026 me
3236 4981 3515 5040 parentun»

1943 5079 2191 5118 meorum
2234 5065 2512 5119 tenuitatis
2551 5063 2775 5133 pudeat,
2840 5072 2901 5118 ut
2937 5081 3045 5119 non
3076 5067 3254 5120 solum
3292 5074 3505 5118 matren

1942 5172 2064 5223 quze
2109 5171 2195 5210 me
2232 5156 2576 5211 incarnatum
2616 5173 2744 5213 vere
2791 5158 3020 5227 peperit,
3076 5173 3395 5227 agnoscam,
3425 5156 3519 5210 sed

1943 5252 2169 5318 insuper
2191 5257 2246 5304 et
2275 5249 2409 5304 istos
2457 5265 2598 5319 quos
2650 5250 2788 5304 viles
2835 5250 3064 5304 intueris
3118 5260 3170 5303 et
3208 5252 3517 5318 despectos,

1943 5340 2060 5394 sine
2092 5341 2228 5395 urbe
2252 5350 2308 5395 et
2334 5342 2453 5395 loco
2478 5356 2769 5411 pauperes,
2811 5342 2938 5395 licet
2956 5342 3101 5396 nulla
3132 5356 3219 5395 me
3247 5341 3517 5411 attingant

2186 5474 2232 5506 ⁸³
2260 5472 2416 5529 Joan.
2451 5472 2641 5539 tx,29.
2719 5474 2765 5506 “
2797 5473 2962 5529 Marc.
2994 5489 3067 5540 vt,
3091 5473 3143 5527 5.

1534 5586 1617 5640 VA
1631 5585 1763 5639 [{le
1798 5585 2204 5643 LECTIONES.

334 5703 358 5732 ν
392 5694 568 5760 ἄλλως
590 5695 650 5750 τέ
676 5712 737 5765 γε
770 5698 867 5768 οὐχ
898 5698 1112 5754 ἑαυτοῦ.

1213 5710 1235 5737 ι
1301 5701 1512 5757 σκόπει.
1586 5712 1613 5751 1
1650 5704 1712 5760 C.
1750 5703 1819 5757 Μ.
1846 5703 1879 5776 ἧ
1908 5703 2087 5775 δῆλον.

2172 5716 2192 5741 κ
2227 5705 2486 5776 ἐπήκοον.
