3902 6212
345 192 456 258 979
1508 190 1774 253 PHOTII
1796 189 1960 252 ΡΑΤ]

2060 189 2305 252 LRCHIE
2338 189 2446 250 (ΖΡ.
3504 188 3618 255 980

346 311 629 376 afﬁnitate,
652 323 760 364 non
803 308 1036 379 abnego,
1083 307 1177 363 sed
1209 306 1342 362 mihi
1395 307 1650 378 proprius
1680 321 1960 372 assumo“

2060 324 2183 360 erat
2208 306 2270 359 τὸ
2306 303 2665 378 σκευώρημα.
2701 305 2844 375 Ἐγὼ
2868 305 2978 378 γὰρ
3013 306 3268 362 τοσοῦτον
3289 308 3484 381 ἀπέχω
3512 310 3614 365 τοῦ

346 404 542 459 matris
590 413 643 458 et
678 402 911 457 fratrum
970 401 1104 455 mihi
1154 401 1336 456 locum
1392 401 1738 467 impleturus,
1768 399 1930 453 modo

2062 401 2096 469 ᾗ
2126 398 2374 470 εὐτελείᾳ
2406 399 2518 452 τῶν
2543 398 2826 467 συγγενῶν
2875 399 3323 470 ἐπαισχύνεσθαι,
3350 401 3498 457 ὥστε
3546 402 3615 458 οῦ

346 514 444 568 per
470 512 645 551 meam
669 495 974 550 doctrinam
1003 494 1233 561 inducti,
1254 494 1435 548 Patris
1464 493 1567 547 mei
1596 492 1931 560 adimpleant

2060 492 2195 546 ιόνον
2220 492 2319 564 τὴν
2342 492 2486 546 κατά
2520 492 2701 563 σάρκα
2728 494 3145 566 γεννησαμένην
3174 493 3413 566 ἀληθῶς,
3443 496 3619 567 μητέ-

347 589 706 641 voluntatem.
742 583 1214 650 Quemadmodum
1248 583 1393 637 enim
1426 583 1598 646 illam,
1663 582 1811 635 nulla
1844 594 1932 635 me

2060 603 2104 639 ια
2130 586 2531 657 ὲπιγράφομαι,
2558 586 2696 640 ἀλλά
2728 585 2794 656 δὴ
2818 590 2913 641 καὶ
2932 586 3158 650 τούτους
3192 589 3328 659 ὁρᾷς
3361 588 3490 652 τοὺς
3525 590 3623 643 εὐ-

349 678 830 747 consanguinitate
858 676 1213 745 attingentem
1238 676 1385 745 (nam
1402 674 1537 744 quid
1564 674 1728 727 habet
1750 689 1924 742 genus

351 772 651 825 humanum
703 785 828 824 cum
858 768 1065 823 Deitate
1089 768 1437 838 commune?)
1489 768 1557 823 de
1590 776 1819 837 paterna
1843 776 1929 821 ta-

351 878 476 917 men
508 862 790 917 voluntate
841 862 1159 915 incarnatus
1205 876 1272 914 ex
1327 858 1441 924 illa,
1489 870 1716 913 matrem
1769 874 1931 912 mon-

351 954 545 1019 stravi,
580 965 634 1009 et
661 954 844 1008 omnia
880 962 1125 1006 materna
1162 951 1465 1022 privilegia,
1504 967 1608 1005 una
1639 965 1765 1005 eum
1816 952 1929 1003 vir-

353 1050 580 1118 ginitate
614 1047 821 1102 illibata
845 1056 991 1101 sarta
1027 1044 1102 1098 illi
1132 1054 1274 1099 tecta
1302 1043 1511 1099 servavi
1548 1061 1564 1110 ;
1602 1043 1675 1098 ita
1710 1056 1932 1112 quoque

353 1149 408 1193 et
428 1139 562 1195 istos
597 1137 691 1208 qui
724 1136 935 1191 nullum
966 1136 1181 1206 justum
1215 1135 1435 1189 titulum
1479 1135 1632 1188 adire
1678 1141 1934 1203 possunt,

330 1249 465 1303 .quo
517 1232 652 1286 mihi
708 1247 805 1301 per
830 1246 1052 1286 carnem
1112 1229 1524 1299 conjungantur
1575 1237 1670 1282 aut
1710 1226 1935 1292 tribum,

358 1322 519 1377 modo
544 1321 909 1391 adimplentes
949 1335 1148 1390 cepero
1176 1318 1484 1374 doctrinam
1544 1334 1720 1374 meam
1752 1327 1807 1373 et
1839 1333 1935 1372 vo-

358 1414 623 1468 luntatem
664 1412 865 1477 Patris,
904 1412 956 1465 in
984 1422 1189 1466 sortem
1211 1418 1266 1464 et
1295 1409 1610 1481 dignitatem
1641 1407 1938 1464 fraternam

359 1513 778 1575 maternamque
815 1519 1119 1559 assumam.
1155 1502 1336 1573 Atque
1366 1503 1462 1567 ita,
1500 1512 1561 1557 ut
1589 1517 1691 1573 ego
1722 1502 1940 1572 opinor,

358 1613 390 1651 c
418 1597 580 1651 dictis
606 1596 706 1650 tibi
740 1604 889 1666 patet
918 1604 973 1650 et
1005 1594 1222 1661 satisfit,
1258 1594 1405 1665 quod
1434 1603 1655 1666 propter
1696 1594 1829 1648 illud
1856 1594 1942 1648 di-

357 1697 531 1752 ctum,
563 1704 582 1737 ι
612 1684 746 1752 Quae
777 1696 863 1741 est
903 1694 1077 1740 mater
1109 1699 1250 1750 mea,
1284 1702 1304 1737 ι
1337 1695 1394 1739 et
1420 1698 1544 1755 quae
1577 1694 1892 1755 sequuntur
1921 1699 1937 1750 ;
1967 1674 2015 1733 B

352 1779 671 1834 nullatenus
714 1776 980 1833 Dominus
1009 1787 1063 1832 et
1117 1777 1367 1833 Salvator
1400 1783 1591 1831 noster
1617 1791 1744 1831 reus
1786 1784 1941 1831 tene-

360 1870 525 1924 hatur
553 1869 789 1938 alicujus
837 1877 1186 1939 contemptus
1214 1878 1311 1923 aut
1352 1869 1643 1938 despectus
1666 1883 1795 1938 erga
1819 1882 1940 1922 ma-

363 1973 538 2028 trem;
575 1963 669 2019 sed
703 1971 919 2025 contra,
976 1974 1085 2017 tam
1134 1978 1230 2032 per
1275 1963 1379 2019 ista
1403 1978 1569 2033 quam
1622 1961 1731 2017 alia
1756 1962 1940 2018 omnia

364 2055 460 2110 Dei
500 2070 666 2125 opera
685 2055 1016 2117 ostenditur.
1042 2055 1305 2110 maternis
1328 2055 1630 2125 privilegiis
1668 2063 1724 2109 et
1763 2055 1936 2121 hono-

362 2149 541 2214 ribus,
584 2148 748 2219 idque
794 2148 1177 2213 meritissimo,
1225 2150 1370 2219 apud
1416 2163 1542 2204 eum
1578 2146 1740 2220 quem
1778 2163 1943 2220 pepe-

364 2250 534 2306 rerat,
567 2238 802 2295 fructam
842 2247 897 2295 et
923 2241 1163 2310 gavisam
1190 2238 1382 2296 fuisse.

2030 679 2204 743 τελεῖς
2230 680 2326 733 καὶ
2349 679 2633 745 ἀπόλιδας,
2659 680 2787 743 τοὺς
2818 680 3037 743 ἀοίκους
3066 679 3160 733 καὶ¹
3202 680 3465 751 πένητας,
3492 681 3621 735 καί-

2031 788 2116 825 τοι
2153 772 2320 842 μηδὲν
2366 771 2510 826 κατά
2557 772 2717 841 γένος
2758 774 3161 844 προσήκοντας,
3200 771 3263 825 οὑ
3308 773 3619 844 παραιτοῦ-

2038 880 2136 934 μαι
2162 863 2237 929 ὡς
2273 865 2487 936 μητέρα
2533 864 2632 919 καὶ¹
2674 864 2937 933 ἀδελφοὺς
2978 863 3506 933 οίκειοποιήσασθαι,
3547 864 3623 917 ἂν

2035 948 2138 1008 ὦσι
2175 956 2337 1025 μόνον
2366 955 2428 1009 τὸ
2474 955 2765 1027 πατρικὸν,
2794 955 2881 1009 διὰ
2907 955 3017 1009 τῶν
3047 955 3199 1025 ὲμῶν
3246 954 3620 1025 διδαγμάτων,

2035 1045 2440 1117 ἐκπληροῦντες
2497 1047 2734 1118 θέλημα.
2768 1048 2982 1115 Ὠσπερ
3031 1048 3142 1118 7&9
3192 1046 3412 1118 ἐκείνην
3452 1048 3624 1119 μηδὲν

2035 1140 2102 1210 τῇ
2137 1137 2259 1209 θείᾳ
2295 1138 2453 1207 φύσει
2508 1140 2897 1211 προσήκουσαν
2918 1139 2993 1208 (τί
3037 1139 3147 1211 γὰρ
3194 1139 3377 1195 κοινὸν
3404 1139 3625 1210 ἀνθρω-

2038 1232 2179 1304 πίνῳ
2222 1231 2372 1301 γένει
2416 1234 2513 1287 καὶ
2552 1233 2843 1305 θεότητι;),
2879 1233 3029 1303 ὅμως
3059 1231 3331 1303 θελήματι
3362 1230 3626 1303 πατρικῷ

2041 1325 2346 1397 σαρκωθεὶς
2391 1325 2457 1390 ἐξ
2500 1326 2690 1395 αὐτῆς,
2724 1324 2945 1398 μητέρα
2988 1323 3259 1391 ἀνέδειξα,
3289 1323 3386 1378 καὶ
3442 1324 3631 1378 πάντα.

2038 1418 2110 1473 τὰ
2158 1416 2401 1490 μητρικά
2427 1417 2722 1487 προνόμια,
2754 1417 2896 1487 μετά
2940 1434 3007 1486 γε
3040 1416 3141 1486 τῆς
3190 1415 3493 1487 παρθενίας
3532 1415 3637 1468 αὑ-

2039 1508 2160 1581 τῆς,
2187 1509 2534 1579 συνετήρησα
2564 1526 2577 1539 ·
2607 1507 2752 1561 οὕτω
2777 1506 2864 1578 δὴ,
2896 1506 3038 1561 οὕτω
3065 1506 3162 1560 καὶ
3199 1505 3425 1571 τοὺτους
3456 1504 3636 1575 μηδὲν

2047 1600 2186 1672 μηδὲ
2213 1602 2281 1654 ὲκ
2308 1600 2409 1671 τῆς
2458 1600 2602 1653 κατὰ
2633 1600 2815 1670 σάρκα
2846 1597 3152 1670 προσεχοῦς
3184 1597 3361 1668 φυλῆς
3390 1599 3516 1668 ἐμοὶ
3543 1598 3636 1652 δι-

2043 1692 2267 1763 καίωμα
2322 1690 2726 1756 διασώζοντας,
2772 1690 2841 1745 ἂν
2896 1690 3058 1761 μόνον
3116 1690 3269 1746 λάϐω
3331 1690 3638 1762 πληρωτὰς

2043 1786 2143 1856 τῆς
2170 1784 2311 1855 ἐμῆς
2341 1782 2690 1846 διδασκαλίας
2724 1783 2819 1835 καὶ
2841 1780 2937 1835 τοῦ
2970 1779 3255 1851 πατρικοῦ
3283 1778 3591 1850 θελήματος
3616 1816 3637 1842 ,

2044 1877 2126 1940 είς
2154 1875 2245 1930 τὸν
2275 1874 2385 1928 τῶν
2410 1872 2660 1943 ἀδελφῶν
2703 1872 2799 1926 καὶ
2836 1870 3091 1943 μητέρων
3129 1870 3447 1936 ἀναϐιὸἀζω
3500 1870 3641 1941 κλῆ-

2048 1985 2144 2041 ρον
2171 1968 2269 2022 καὶ
2308 1967 2370 2021 τὸ
2410 1966 2648 2037 ἀξίωμα.
2688 1966 2785 2019 Ἐκ
2821 1964 3002 2019 τοίνυν
3057 1963 3167 2018 τῶν
3216 1964 3528 2036 εἰρημένων
3561 1958 3644 2015 οἶ-

2049 2060 2148 2133 μαί
2177 2077 2260 2114 σοι
2286 2059 2473 2129 σαφῶς
2512 2058 2943 2128 ἐπιγνωσθῆναι,
2966 2056 3043 2121 ὡς
3078 2056 3200 2111 οὑδὲ
3230 2056 3322 2111 διὰ
3347 2053 3469 2120 τοῦ,
3496 2074 3516 2108 ι
3538 2054 3643 2117 Τίς

2052 2152 2203 2207 ἐστιν
2232 2152 2267 2223 ἡ
2304 2151 2487 2221 μήτηρ
2534 2167 2636 2221 μου
2668 2166 2684 2215 ;
2720 2168 2739 2200 ι
2779 2148 2873 2202 καὶ
2910 2148 3021 2202 τῶν
3069 2146 3580 2219 ὲφεξῆς,οὑδαμῶς
3607 2147 3642 2200 6

2052 2246 2332 2317 Δεσπότης
2371 2243 2530 2316 ήμῶν
2563 2243 2658 2297 καὶ
2692 2243 2887 2313 Σωτὴρ
2938 2242 3216 2314 μητρικῆς
3242 2242 3574 2313 ὑπεροψίας,
3602 2241 3641 2309 ἧ

365 2349 512 2396 τινος
576 2332 890 2404 ὀλιγωρίας,
921 2332 1140 2401 ἐγένετο
1169 2331 1351 2402 ἔνοχος
1372 2349 1389 2367 ο
1420 2332 1558 2387 ἀλλά
1590 2332 1690 2387 καὶ
1727 2334 1816 2389 διὰ
1862 2337 2088 2406 τούτων,
2118 2338 2195 2403 ὡς
2227 2340 2322 2392 καὶ
2353 2336 2441 2391 διὰ
2466 2335 2686 2390 πάντων
2707 2334 2816 2388 τῶν
2848 2333 3051 2398 ἄλλων,
3085 2335 3119 2404 ἠ
3152 2332 3416 2398 Θεοτόκος
3460 2331 3645 2386 ἐπιδέ-

369 2425 583 2479 δεικται
634 2426 745 2478 τῶν
798 2425 1085 2495 μητρικῶν
1148 2426 1330 2496 γερῶν
1371 2425 1541 2491 ἀξίως
1570 2428 1726 2498 παρὰ
1756 2431 1850 2483 τοῦ
1882 2433 2172 2503 τεχθέντος
2198 2430 2257 2499 ἐξ
2285 2428 2458 2501 αὐτῆς
2490 2428 2867 2484 ἀπολαύουσα.

477 2515 807 2584 ρωΕδΤιο
858 2515 1065 2573 CCXVI
1123 2517 1323 2589 [CoisL
1373 2518 1623 2587 CCXLV,
1665 2520 1829 2578 Taur.

973 2611 1351 2686 ccxxxvrt

432 2745 576 2798 Edita
611 2759 640 2795 a
671 2749 969 2798 Montacutlo
1005 2749 1109 2811 (ep.
1144 2748 1252 2809 l55,
1286 2748 1348 2798 ad
1381 2750 1632 2811 Michael.,
1666 2764 1718 2815 p.
1755 2750 2006 2810 175-177).

2580 2521 2918 2576 ΕΡΩΤΗΣιΣ
2946 2521 3103 2589 Σιεῖν.

2012 2749 2141 2799 -ῐιι
2171 2748 2322 2800 verba
2353 2750 2494 2800 Joan.
2534 2748 2787 2811 Baptistae,
2821 2746 2992 2796 Matth.
3028 2756 3097 2808 tu,
3135 2745 3184 2795 l‘l
3216 2760 3231 2807 ;
3265 2746 3411 2796 Marc.
3448 2758 3483 2808 ι,
3515 2746 3584 2808 7;

1948 2852 1958 2862 .
1987 2827 2056 2862 Ill.
2084 2827 2164 2862 ιι).

1667 2812 1681 2815 ἡ
1843 2815 1958 2863 Luc.

446 2892 720 2949 Prmconis
746 2894 894 2950 illius
923 2908 1111 2949 vocem
1174 2911 1284 2965 qua
1339 2896 1713 2966 proﬁtebatur,
1780 2916 1799 2949 ι
1834 2896 1953 2952 Νοη

2084 2812 2242 2967 “illiw
2272 2893 2367 2947 τοῦ
2406 2894 2649 2967 κήρυκος
2675 2893 2880 2963 φωνὴν,
2913 2891 3037 2946 καθ’
3074 2893 3151 2963 ἢν
3171 2893 3378 2955 ἐκεῖνος
3413 2890 3651 2962 ἐκήρυτ-

374 3002 496 3041 sum
523 2986 720 3057 dignus
746 2986 841 3056 qui
864 2986 1072 3041 solvam
1096 2986 1387 3058 corrigiam
1416 2987 1583 3042 calcei
1599 2988 1738 3057 eius,
1774 3006 1793 3040 ι
1815 2988 1960 3056 quod

377 3093 409 3133 a
444 3089 496 3133 te
528 3077 819 3148 quaesitum
845 3085 949 3143 est,
973 3077 1276 3133 secundum
1303 3078 1547 3134 diversas
1567 3078 1964 3133 consideratio-

381 3186 480 3226 nes
505 3171 813 3238 expositum
841 3170 1156 3241 invenimus
1187 3188 1202 3224 :
1226 3180 1357 3225 sunt
1383 3170 1478 3240 qui
1502 3186 1608 3225 non
1633 3170 1807 3225 solum
1833 3184 1962 3240 pro-

376 3263 504 3333 pius
519 3261 586 3315 ad
604 3276 850 3330 scopum,
869 3273 1037 3331 utego
1052 3261 1699 3326 arbitror,accedunt,sed
1713 3270 1767 3316 et
1784 3262 1851 3316 ad
1872 3276 1966 3316 vo-

377 3360 460 3410 cis
491 3354 898 3424 proprietatem,
922 3355 1168 3410 calceum
1194 3363 1250 3411 et
1272 3354 1591 3427 corrigiam,
1613 3353 1667 3409 hi
1689 3368 1798 3409 non
1816 3354 1965 3408 aliud

380 3448 692 3517 intelligunt
715 3462 879 3517 quam
910 3462 1033 3518 qua:
1062 3448 1424 3503 communiter
1452 3447 1507 3503 in
1546 3446 1823 3502 communi
1864 3462 1967 3501 usu

378 3538 557 3610 posita
583 3554 704 3594 esse
719 3540 901 3595 sciunt
923 3557 938 3595 :
960 3550 1013 3594 et
1033 3539 1263 3608 perillas
1286 3553 1446 3594 voces
1468 3538 1654 3594 volunt
1673 3537 1966 3608 Baptistam

380 3631 681 3702 intelligere
701 3632 959 3702 baptizati
999 3632 1144 3688 illius
1163 3632 1561 3699 excellentiam,
1606 3633 1726 3687 sine
1744 3646 1970 3702 compa-

379 3723 597 3778 ratione
620 3725 1114 3779 transcendentem.
1146 3725 1273 3780 Scio
1295 3726 1465 3787 enim,
1481 3726 1680 3795 inquit,
1697 3724 1849 3779 illum
1871 3738 1971 3795 ego

384 3824 495 3871 tam
540 3815 828 3871 excellenti
853 3831 977 3872 esse
1009 3816 1275 3885 dignitate
1306 3818 1591 3888 praeditum
1648 3832 1816 3888 supra
1856 3831 1973 3871 me-

385 3905 719 3975 ipsum,non
761 3905 814 3958 in
839 3914 1103 3962 quantum
1135 3921 1326 3961 servus
1347 3920 1377 3960 a
1405 3905 1629 3960 domino
1657 3904 1847 3969 distat,
1879 3903 1975 3960 sed

387 3997 435 4051 s'.
459 4011 580 4063 quae
614 3995 718 4049 alia
737 4003 821 4051 est
840 3994 1144 4050 differentia
1181 4005 1237 4050 et
1256 3996 1539 4062 distantia,
1557 4011 1678 4065 quae
1698 4012 1728 4049 a
1750 3996 1896 4050 nulla
1916 4011 1976 4051 re

388 4089 495 4143 alia
513 4099 821 4159 superetur,
842 4102 1016 4157 neque
1044 4096 1190 4142 certe
1208 4102 1309 4157 ego
1333 4102 1420 4142 me
1445 4087 1499 4141 in
1528 4101 1716 4141 eorum
1744 4101 1974 4143 numero

389 4197 673 4252 reponam,
702 4182 796 4251 qui
832 4181 984 4235 illum
1009 4181 1193 4236 infima
1218 4181 1544 4252 contingunt
1581 4181 1882 4247 servitute;
1922 4182 1973 4236 id

389 4277 535 4330 enim
560 4275 815 4341 indicat,«
850 4273 1075 4329 Solvere
1091 4275 1386 4346 corrigiam
1412 4274 1972 4331 calceamenti.iSunt
2004 4253 2051 4313 θ

393 4367 486 4436 qui
513 4366 685 4436 magis
710 4365 889 4420 adhuc
918 4365 1219 4420 secundum
1248 4380 1550 4435 anagogen,
1573 4368 1733 4420 calcei
1752 4366 1975 4422 nomine

394 4459 659 4513 mundum
686 4468 1044 4530 supponunt;
1075 4459 1363 4529 corrigiam
1403 4469 1585 4515 autem
1608 4461 1976 4529 interpretan-

396 4562 485 4607 tur
515 4552 919 4623 speculationes
947 4554 1002 4606 in
1031 4552 1236 4607 mundo
1282 4552 1430 4607 illius
1458 4554 1603 4608 modi
1634 4568 1757 4623 quae
1784 4566 1979 4622 appre-

398 4646 721 4702 hensionem
758 4646 958 4700 habent
1023 4646 1168 4701 haud
1227 4645 1384 4701 facile
1422 4645 1824 4710 inveniendam,
1884 4643 1979 4699 sed

397 4742 617 4797 vinculo
649 4741 972 4811 ignorantia:
1007 4740 1289 4796 insolubili
1319 4739 1796 4809 constringuntur.
1822 4733 1983 4791 Hunc

398 4835 524 4890 JrSu
558 4836 801 4891 calceum
828 4844 1142 4904 supponunt
1166 4849 1308 4898 esse,
1357 4839 1646 4903 prepterea
1702 4830 1868 4901 quod,
1901 4828 1989 4882 iu-

402 4931 619 4998 quiunt,
654 4928 991 4984 Providentia
1020 4928 1194 4998 ipsius
1222 4927 1407 4982 omnia
1445 4933 1705 4996 permeet,
1738 4933 1791 4980 et
1811 4932 1987 4979 totum

405 5022 668 5075 mundum
697 5022 1062 5091 amplectatur
1092 5028 1147 5075 et
1198 5019 1494 5075 contineat.
1554 5017 1742 5073 Potius
1805 5024 1987 5070 autem

409 5114 632 5184 proprio
665 5113 841 5185 ipsius
872 5114 1007 5184 pede
1036 5113 1247 5184 regulat
1277 5120 1332 5167 et
1361 5111 1471 5181 agit
1508 5125 1631 5165 cum
1665 5123 1875 5163 summa
1902 5122 1992 5161 sa-

408 5206 646 5275 pientia;
681 5220 790 5259 non
825 5214 948 5275 eget
978 5206 1049 5259 ob
1081 5205 1132 5258 id
1161 5204 1360 5273 ipsum,
1396 5202 1628 5257 consilio
1690 5202 1864 5254 multo
1889 5208 1987 5269 aut

412 5294 641 5367 provida
667 5309 823 5361 cura,
847 5295 942 5351 sed
972 5310 1068 5365 per
1091 5303 1392 5349 extremam
1432 5300 1486 5349 et
1525 5292 1770 5348 ultimam
1798 5292 1983 5361 inspe-

2061 3005 2173 3055 τεν,
2209 3004 2230 3039 ι
2267 2987 2382 3041 Οὐκ
2409 2987 2527 3055 εἰμὶ
2560 2985 2746 3049 ἱκανὸς
2772 2984 2933 3039 λῦσαι
2964 2985 3056 3037 τὸν
3105 2985 3308 3056 ίμάντα
3361 2984 3455 3038 τοῦ
3511 2984 3649 3038 ὑπο-

2062 3081 2126 3152 δή
2137 3097 2303 3151 ματος
2316 3077 2500 3142 αὑτοῦ,
2516 3096 2533 3129 ι
2556 3079 2693 3148 ὅπερ
2722 3078 2886 3140 αὐτὸς
2902 3076 3267 3149 διηρώτησας,
3293 3077 3437 3130 κατά
3460 3076 3651 3145 διαφόο

2068 3190 2193 3247 ρους
2222 3172 2454 3243 θεωρίας
2478 3170 2893 3242 ὑπειλημμένην
2908 3170 3268 3242 εὑρίσκομεν.
3292 3171 3359 3224 Ut
3392 3169 3493 3239 μὲν
3517 3171 3649 3241 γάρ,

2064 3264 2127 3318 οὐ
2189 3263 2350 3336 μόνον
2380 3263 2701 3333 ἐγγύτερον,
2730 3257 2911 3332 οἶμαι,
2944 3260 3039 3315 τοῦ
3098 3260 3325 3325 σκοποῦ,
3369 3260 3507 3313 ἀλλά
3556 3262 3651 3312 καὶ

2065 3358 2285 3421 οἰκείως
2309 3356 2409 3428 τῆς
2439 3355 2661 3423 λέξεως,
2700 3354 2959 3424 ὑπόδημα
2977 3356 3072 3407 καὶ
3098 3355 3114 3405 ί
3124 3353 3301 3424 μάντα
3338 3353 3437 3423 οὑχ
3461 3352 3651 3421 ἕτερόν

2067 3467 2122 3503 τι
2150 3449 2284 3521 παρ’
2314 3448 2343 3502 ὅ
2397 3448 2542 3502 κατά
2567 3446 2754 3519 κοινὴν
2797 3446 2992 3518 χρῆσιν
3023 3445 3261 3511 ἅπαντες
3302 3448 3503 3507 ἴσασιν,
3538 3443 3656 3498 ἀλλ’

2068 3544 2207 3598 αὑτά
2269 3543 2460 3596 ἐκεῖνα
2514 3542 2835 3612 νενομίκασι
2866 3558 2882 3573 ο
2917 3540 3012 3594 καὶ
3059 3538 3150 3593 τὸν
3198 3540 3514 3609 Βαπτιστὴν
3565 3538 3657 3591 διά

2069 3633 2274 3688 τούτων
2296 3631 2695 3701 ἀποφαίνεσθαι
2734 3631 2797 3685 τὸ
2818 3631 2943 3686 καθ’
2975 3631 3252 3703 ὑπεροχὴν
3274 3630 3369 3683 τοῦ
3392 3629 3655 3699 βαπτιζο-

2075 3726 2235 3797 μένου
2257 3724 2610 3797 ἀσύγκριτον.
2639 3723 2907 3777 Τοσοῦτον
2938 3723 3046 3795 γὰρ
3087 3725 3321 3788 ἐκεῖνον,
3344 3724 3502 3792 φησὶ,
3529 3739 3656 3775 συν-

2072 3815 2371 3886 επίσταμαι
2398 3818 2456 3869 ὲν
2483 3816 2731 3886 ὑπεροχῇ
2759 3813 3025 3882 μεγέθους
3067 3814 3165 3867 καὶ¹
3196 3812 3533 3880 ἀξιώματος,
3559 3812 3661 3883 οὐχ

2073 3910 2198 3962 ὅσον
2216 3909 2334 3961 ἐστὶ
2350 3908 2410 3962 τὸ
2429 3908 2591 3978 μέσον
2608 3905 2825 3960 δοῦλονιι
2842 3907 2936 3959 καὶ
2947 3905 3239 3969 Δεσπότου,
3256 3904 3391 3958 ἀλλά
3407 3906 3499 3959 καὶ
3512 3904 3662 3968 είτις

2075 4000 2210 4071 ἄλλη
2239 4000 2473 4073 διαφορά
2510 4001 2607 4054 καὶ
2632 3999 2916 4061 διάστασις
2936 3998 3124 4068 μηδενὶ
3149 3996 3322 4068 ἑτέρῳ
3355 3996 3664 4067 ὑπερϐολὴν

2076 4090 2467 4146 ἀπολείπουσα·
2499 4089 2621 4144 οὐδὲ
2643 4089 2775 4161 γὰρ,
2806 4089 2913 4143 οὐδ’
2948 4089 3027 4151 είς
3049 4088 3146 4159 τὴν
3174 4088 3401 4141 ἀπασῶν
3426 4087 3666 4157 ὲσχάτην

2078 4184 2324 4238 δουλείαν
2361 4182 2510 4248 ἀξιον
2542 4184 2779 4254 ἐμαυτὸν
2811 4181 3103 4246 ὲτάζεσθαι
3151 4180 3343 4251 τίθημι
3366 4199 3379 4210 ·
3416 4181 3664 4234 τοιοῦτον

2076 4276 2186 4347 γάρ
2234 4274 2317 4340 τὸ,
2358 4292 2377 4325 ι
2418 4274 2584 4328 Λύειν
2636 4273 2836 4343 ἱμάντα
2888 4270 2982 4324 τοῦ
3037 4270 3402 4340 ὑποδήματος.
3444 4288 3462 4321 ο
3498 4270 3564 4322 Ol
3605 4268 3665 4321 δὲ

2076 4366 2567 4436 ἀναγωγικώτερον
2625 4364 2776 4427 ἴσως,
2816 4363 3103 4432 ὑπόδημα
3154 4362 3253 4433 μὲν
3305 4363 3403 4415 τὸν
3457 4362 3667 4431 κόσμον

2079 4458 2450 4523 ὑποτίθενται,
2487 4456 2703 4526 ἱμάντα
2733 4457 2788 4510 δὲ
2837 4457 2946 4509 τῶν
2988 4458 3046 4508 ἐν
3092 4455 3242 4526 αὐτῷ
3290 4454 3667 4525 θεωρημάτων

2079 4549 2180 4603 ὅσα
2235 4547 2563 4619 δυσεύρετον
2607 4547 2723 4617 ἔχει
2777 4547 2877 4617 τὴν
2920 4545 3247 4615 κατάληψιν,
3281 4544 3375 4598 καὶ
3427 4545 3521 4597 τὸν
3567 4544 3669 4613 τῆς

2084 4641 2310 4711 ἀγνοίας
2367 4639 2566 4709 δεσμὸν
2606 4640 2799 4693 ἄλυτον
2826 4654 2839 4669 ·
2890 4638 2950 4692 δν
3000 4638 3257 4708 ὑπόδημα
3301 4634 3517 4689 ποιοῦσι
3570 4631 3669 4687 τοῦ

2095 4732 2293 4804 Ἰησοῦ,
2322 4732 2405 4786 ὅτι
2436 4729 2728 4794 διαπαντὸς
2761 4729 2949 4792 αὐτοῦ,
2971 4728 3165 4798 φασὶν,
3201 4728 3235 4797 ἡ
3276 4725 3515 4796 Πρόνοια
3546 4725 3666 4777 δια-

2084 4825 2385 4896 πεφοίτηκε
2417 4864 2433 4890 ,
2484 4826 2581 4878 καὶ
2632 4823 2754 4877 ὅλον
2802 4822 2966 4875 αὑτὸν
3017 4822 3130 4893 ἔχει
3180 4816 3494 4889 περιλαϐὼν
3572 4815 3668 4869 καλ⁸

2087 4917 2331 4989 συνέχων
2361 4933 2377 4949 °
2434 4916 2634 4987 μᾶλλον
2682 4916 2740 4969 δὲ
2788 4916 2911 4968 ποδὶ
2954 4914 3033 4985 τῷ
3087 4912 3272 4983 οἰκείῳ
3302 4909 3528 4964 διιθύνει
3573 4907 3671 4960 καὶ

2089 5013 2249 5084 φέρει
2282 5012 2579 5080 πανσόφως
2614 5026 2627 5040 ·
2664 5009 2966 5072 τουτέστιν,
2986 5006 3109 5060 οὐδὲ
3149 5005 3350 5073 πολλῆς
3376 5003 3671 5071 δεῖταιτῆς

2087 5104 2175 5157 ἐπ’
2196 5100 2345 5172 αὑτῷ
2380 5100 2578 5173 βουλῆς
2602 5099 2699 5153 καὶ
2726 5099 3004 5170 προνοίας,
3024 5096 3159 5151 ἀλλά
3184 5095 3274 5148 διά
3296 5095 3394 5164 τῆς
3438 5093 3672 5162 ἐσχάτης

2091 5200 2185 5252 καὶ
2219 5198 2537 5260 τελευταίας
2563 5194 2872 5264 ἐπισκοπῆς
2887 5193 2951 5247 τὸ
2985 5190 3304 5263 τηλικοῦτον
3355 5189 3449 5243 καὶ
3479 5185 3669 5240 τοσοῦ-

2090 5307 2184 5344 τον
2209 5292 2468 5360 συντηρεί
2496 5306 2554 5343 τε
2585 5289 2681 5344 καὶ
2705 5286 2994 5358 διακοσμεῖ
3023 5283 3413 5356 φίλοτέχνημα.
3440 5278 3591 5350 Αὕτη
3616 5276 3672 5331 δὲ

1726 5466 1962 5526 VARle
2004 5465 2415 5526 LECTIONES.

513 5632 540 5659 ⁸
559 5636 623 5692 C.
657 5635 728 5689 Μ.
757 5635 859 5691 555
886 5633 923 5689 f.
948 5633 1016 5688 97
1042 5632 1251 5687 δούλου.
