3902 6212
250 215 361 284 981

1253 223 1354 283 AD
1384 221 1980 284 AMPHILOCHIUM
2008 220 2353 295 QU/ESTIO
2381 222 2625 288 CCXVI.

3407 233 3515 299 982

243 352 381 406 ὅσον
429 348 669 423 κομψείᾳ
723 355 830 406 τινὶ
872 352 1305 427 διεσχηματίσθη
1353 357 1387 427 ὴ
1440 355 1709 429 περίνοια,
1740 356 1813 409 ἐπ

1935 355 2195 422 ctionem,
2234 371 2372 427 opus
2398 357 2606 427 optimo
2631 359 2813 414 studio
2869 360 2938 415 ab
2984 361 3105 432 ipso
3148 364 3510 435 elaboratum,

244 441 530 507 τοσοῦτον,
556 439 733 513 οἶμαι,
752 445 851 513 τῆς
878 444 1111 513 ἀληθοῦς
1141 446 1835 517 ἐννοίαςδιέστηκεν.Ἒτε-

249 551 341 604 ροι
369 532 425 587 δέ
454 551 598 598 τινες
625 535 907 604 ὑπόδημα
954 537 1051 607 μὲν
1081 538 1180 608 τὴν
1227 538 1426 607 σάρκα
1470 541 1835 609 σημαίνεσθαι

249 622 485 696 (ταύτην
531 626 641 696 γὰρ
673 627 702 679 ὁ
755 629 947 697 Λόγος
979 628 1177 694 ὑπέδυ,
1236 630 1425 701 φασίν)
1463 649 1477 664 ο
1512 632 1725 701 ἱμάντα
1775 633 1834 687 δὲ

242 717 630 790 γεγενημένην
660 720 770 773 τῶν
817 719 1035 789 φύσεων
1062 723 1199 794 πρὸς
1229 724 1466 793 ἀλλήλας
1516 725 1831 793 συνάφειαν,

242 809 318 879 ἢν
347 811 376 862 ὁ
410 808 720 881 Πρόδρομος
750 813 852 865 οὐκ
899 814 1184 885 ἀπετόλμα
1222 815 1393 879 λύειν,
1440 816 1548 869 οὐδ’
1578 817 1693 870 ὅσοι
1733 819 1832 886 τῆς

243 900 464 954 ἐκείνου
489 901 837 967 διδασκαλίας
860 906 1146 976 κατήκοοι.
1178 906 1312 959 Οὐδὲ
1347 907 1475 978 γὰρ,
1523 907 1644 960 οὑδέ
1672 908 1831 978 θεμι-

242 990 345 1045 rbv
372 992 594 1056 ἀτόποις
640 995 873 1060 ἐννοίαις
914 999 1039 1052 κατ’
1098 997 1235 1051 ίδίαν
1271 997 1477 1069 σχίζειν
1528 999 1829 1053 ὑπόστασιν

241 1080 360 1135 ἀπὸ
390 1081 483 1136 τοῦ
502 1084 695 1154 Λόγου
723 1085 785 1139 rb
814 1086 1173 1159 πρόσλημμα.
1214 1090 1400 1143 ’Λλλοι
1433 1089 1491 1143 δὲ
1518 1090 1669 1161 παρά
1698 1089 1829 1144 τού-

239 1191 400 1240 τους,
437 1174 535 1247 οὑχ
569 1177 756 1242 ἁπλῶς
813 1180 914 1250 τὴν
946 1179 1165 1249 σάρκα,
1184 1182 1301 1235 ἀλλ’
1341 1182 1512 1255 αὐτὴν
1539 1182 1639 1256 τὴν
1678 1183 1829 1253 σάρ-

241 1275 461 1331 κωσιν,
492 1265 586 1319 καὶ
611 1266 709 1339 τὴν
734 1268 1212 1339 ἐνανθρώπησιν,
1257 1274 1539 1344 ὑπόδημα
1566 1278 1828 1348 νενοήκα-

244 1370 337 1409 σιν
364 1370 380 1386 °
422 1355 664 1426 Ἰμάντα
693 1357 771 1423 δὲ,
806 1361 867 1413 οὐ
920 1363 1220 1432 συνάφειαν
1264 1363 1503 1433 φύσεων,
1539 1364 1677 1418 ἀλλά
1715 1365 1827 1420 τῶν

240 1447 380 1518 περὶ
406 1448 507 1515 τὴν
546 1449 824 1520 σάρκωσιν
853 1453 949 1506 καὶ
994 1453 1094 1526 τὴν
1131 1454 1547 1529 ἐνανθρὼπησιν
1580 1459 1822 1531 ἀπόρων,

239 1539 343 1592 καὶ
388 1537 683 1612 λογισμοὺς
731 1543 1107 1614 ἀνθρωπίνους
1159 1545 1622 1619 ὑπερϐεϐηκότων
1656 1592 1673 1616 ,
1729 1551 1822 1605 τὸν

242 1628 549 1700 σύνδεσμον
578 1628 688 1687 ’ὧν
710 1632 809 1704 τὴν
839 1635 1089 1689 ἐπίλυσιν
1130 1638 1225 1691 καὶ
1257 1639 1582 1710 σαφήνειαν,
1612 1641 1712 1712 οὐχ
1741 1642 1822 1698 bri.

1940 447 2049 502 tale
2085 463 2210 501 cum
2242 447 2311 504 sit
2334 457 2389 503 et
2410 458 2643 517 tantum,
2699 462 2989 506 conservat
3012 462 3067 508 et
3094 466 3345 513 exornat.
3384 457 3513 515 Haac

1936 547 2115 594 autem
2143 539 2435 609 expositio,
2488 556 2598 610 quo
2635 543 2812 609 magis
2860 553 3059 599 ornatu
3110 548 3346 617 quodam
3398 552 3511 607 edi-

1936 629 2133 700 giatur,
2161 644 2247 696 eo,
2274 629 2491 699 opinor,
2511 631 2716 685 recedit
2748 630 2961 702 longius
2999 648 3031 687 a
3065 635 3312 693 veritatis
3334 639 3511 695 inten-

1936 721 2103 774 tione.
2134 719 2239 774 Alii
2274 729 2404 775 sunt
2436 721 2529 791 qui
2560 738 2656 791 per
2706 721 2962 790 calceum,
3019 725 3332 799 intelligunt
3394 749 3510 786 car-

1933 828 2050 865 nem
2077 812 2390 882 signilicari,
2419 829 2581 881 quam
2615 814 2873 870 nimirum
2901 817 3005 873 sibi
3034 818 3209 876 induit
3245 822 3510 887 Verbum;

1933 903 2219 974 corrigiam
2256 913 2437 958 autem
2478 912 2796 958 naturarum
2851 905 3157 963 adinvicem
3211 914 3508 968 connexio-

1932 1010 2079 1061 nem,
2109 1010 2272 1065 quam
2308 1010 2652 1066 nequaquam
2687 997 2776 1052 ille
2805 996 3119 1055 Praecursor
3146 1003 3358 1059 solvere
3406 1020 3508 1060 aut

1931 1085 2110 1151 debat,
2164 1086 2366 1142 nedum
2417 1087 2681 1142 doctrinae
2730 1088 2907 1159 ipsius
2964 1093 3266 1151 auditores.
3319 1096 3508 1167 Neque

1930 1177 2075 1233 enim
2100 1178 2183 1233 fas
2245 1178 2556 1249 cuicunque
2601 1179 2707 1234 fuit
2756 1197 2848 1249 per
2897 1184 3163 1240 absurdas
3222 1188 3507 1257 Opiniones

1930 1268 2202 1339 quaslibet
2268 1271 2486 1341 propria
2526 1271 2848 1327 auctoritate
2919 1274 3129 1329 solvere
3184 1275 3505 1348 hypostasin

1928 1362 2076 1417 illam
2117 1377 2280 1433 quam
2308 1363 2605 1432 assumpsit
2633 1363 2735 1419 sibi
2775 1363 3015 1421 Verbum.
3050 1367 3230 1438 Aliqui
3277 1371 3344 1424 ab
3383 1371 3504 1426 istis
3582 1370 3587 1377 '

1935 1456 2029 1511 alii
2053 1472 2159 1510 non
2191 1455 2518 1526 simpliciter
2564 1472 2794 1521 carnem,
2824 1458 2917 1512 sed
2948 1458 3121 1528 ipsam
3158 1468 3213 1515 et
3248 1462 3503 1515 incarna-

1930 1543 2143 1608 tionem,
2186 1549 2239 1597 et
2266 1541 2659 1598 humanitatem
2693 1554 3003 1615 susceptam
3056 1548 3291 1603 calceum
3331 1549 3503 1605 inter-

1927 1643 2215 1705 pretantur
2258 1653 2271 1690 :
2333 1638 2638 1706 corrigiam,
2692 1651 2801 1691 non
2846 1646 3165 1694 naturarum
3218 1642 3499 1707 unionem,

238 1723 398 1787 τινάς
416 1723 525 1779 τῶν
546 1725 760 1779 πολλῶν
776 1728 989 1792 ἑαυτοῖς
1023 1731 1339 1801 ἐπιτρέπειν
1362 1732 1467 1804 χρὴ
1489 1734 1583 1787 καὶ
1603 1752 1813 1808 περιερ-

1928 1727 2022 1784 sed
2044 1728 2406 1798 quaestionum
2446 1729 2662 1783 illarum
2693 1737 2747 1784 et
2799 1730 3112 1797 dubiorum,
3172 1748 3294 1802 quae
3353 1734 3501 1790 circa

238 1812 532 1883 γάζεσθαι,
564 1816 682 1871 ἀλλ’
711 1819 955 1888 ἀκριϐῶς
1010 1823 1232 1875 κάκεῖνο
1264 1824 1718 1894 συνεπίστασθαι,
1743 1827 1819 1891 ὡς

238 1904 364 1958 οὐδὲ
390 1908 502 1970 τοῖς
524 1908 667 1961 κατά
709 1907 984 1983 Ἰωάννην,
1020 1911 1078 1965 ἐν
1104 1930 1165 1966 τε
1213 1914 1411 1986 πράξει
1444 1917 1538 1969 καὶ
1592 1917 1815 1990 θεωρίᾳ,

237 1992 303 2047 rb
353 1994 555 2066 ὑψηλὸν
596 2002 691 2051 καὶ
721 2001 995 2074 μετέωρον
1038 2003 1275 2073 ἔχουσιν,
1303 2008 1365 2060 οὑ
1406 2008 1505 2079 μὲν
1551 2004 1645 2063 οὖν
1697 2011 1818 2064 οὑδὲ

237 2083 474 2151 τούτοις,
498 2087 607 2139 τῶν
660 2092 988 2162 ἀπορρήτων
1013 2093 1043 2133 ι)
1072 2096 1295 2149 ἐκείνων
1341 2098 1404 2150 rb
1442 2098 1671 2169 κρύφιον
1720 2100 1817 2154 καὶ

235 2176 694 2250 δυσκατάληπτον
746 2184 826 2246 είς
872 2184 1074 2253 γνῶσιν
1137 2188 1410 2258 ἀφίκοιτο.
1452 2191 1626 2256 Αὐτὸς
1682 2192 1813 2263 γὰρ,

234 2268 269 2321 ὁ
309 2285 330 2319 ¢
364 2267 581 2333 Μείζων
609 2271 669 2325 ἐν
700 2277 977 2344 γεννητοῖς
1008 2278 1306 2345 γυναικῶν,
1342 2299 1361 2333 ι
1396 2281 1466 2335 δι’
1499 2278 1574 2336 ὢν
1607 2281 1681 2355 μὴ
1720 2283 1814 2337 δύ-

236 2360 434 2415 νασθαι
485 2364 659 2418 λύειν
710 2367 820 2421 τὸν
856 2369 1071 2438 ἱμάντα
1122 2372 1461 2446 ὡμολόγησε,
1490 2375 1617 2448 μηδ’
1651 2376 1815 2431 αὑτὸν

238 2451 427 2506 ίκανδν
450 2453 518 2508 ἂν
545 2458 800 2524 γενέσθαι
834 2462 1165 2533 παρίστησιν
1199 2465 1269 2518 τά
1300 2466 1527 2521 τοιαῦτα
1549 2468 1656 2522 τῶν
1680 2471 1815 2523 ἀπο-

236 2538 502 2608 ρημάτων
551 2544 934 2603 ἐπιλύσασθαι.
967 2550 1099 2604 Τίνα
1145 2552 1203 2605 δέ
1246 2554 1362 2608 ἐστι
1389 2553 1601 2622 ταῦτα;
1633 2556 1731 2622 Τίς
1775 2560 1808 2630 ἡ

235 2631 549 2722 τούἋόγου
603 2636 870 2707 κένωσις;
929 2642 1046 2707 πῶς
1094 2646 1122 2696 ὁ
1167 2645 1423 2717 Πλάστης
1467 2648 1681 2704 ἑνοῦται
1735 2650 1812 2722 τῷ

234 2721 551 2813 arido-part;
578 2727 851 2799 Παρθένος
889 2732 945 2784 δὲ
977 2735 1094 2798 πῶς
1119 2734 1185 2790 ἂν
1216 2737 1388 2803 τέκοι,
1420 2742 1517 2794 καὶ
1564 2741 1663 2813 τὴν
1701 2744 1811 2799 τῶν

236 2811 443 2868 ὠδίνων
467 2814 621 2871 λύσιν
652 2824 924 2891 σφραγῖδα
973 2827 1073 2896 τῆς
1104 2829 1434 2898 παρθενείας
1482 2811 1807 2904 ποιήσαντος

236 2904 355 2968 πῶς
377 2905 541 2976 ὄγκον
567 2910 707 2981 ἔχων
743 2914 771 2967 ὁ
800 2916 988 2989 Σωτὴρ
1016 2920 1110 2972 καὶ
1145 2921 1325 2991 σῶμα,
1364 2923 1640 2995 θαλάσσης
1666 2928 1809 2982 νῶτα

235 2994 511 3069 διέτρεχε;
541 3002 656 3068 πῶς
686 3004 743 3057 δὲ
782 3008 938 3079 τάφῳ
984 3011 1077 3063 καὶ
1103 3012 1372 3085 κλείθροις
1406 3017 1500 3070 καὶ
1549 2994 1809 3089 σφραγῖσι

236 3090 548 3163 περιέχεται
582 3097 826 3160 ςτούτων
852 3102 914 3154 δὲ
950 3103 1112 3158 πάλιν
1141 3106 1416 3177 ἀκινήτων
1465 3110 1807 3183 φυλαττομέ-

235 3198 342 3235 νων
385 3184 594 3239 ἐκεῖθεν
654 3191 1015 3261 προέρχεται;
1061 3190 1187 3249 εἷται
1228 3196 1284 3250 δὲ
1319 3199 1413 3251 καὶ
1470 3199 1580 3253 τῶν
1630 3200 1809 3273 θυρῶν

233 3274 639 3347 κεκλεισμένων
683 3281 764 3344 είς
796 3282 996 3352 μέσους
1040 3287 1167 3350 τοὺς
1213 3288 1486 3359 μαθητὰς,
1526 3294 1663 3362 μετά
1712 3294 1805 3348 τοῦ

233 3368 402 3422 αὑτοῦ
433 3371 705 3442 σώματος,
737 3377 1118 3447 ἐπιφαίνεται;
1151 3384 1245 3435 καὶ
1286 3383 1502 3454 πληγάς
1546 3387 1637 3440 καλ⁸
1663 3388 1807 3459 τρῶ-

235 3480 348 3526 σεις
371 3464 464 3517 τοῦ
488 3465 734 3532 ἀπαθοῦς
760 3471 854 3523 καὶ
880 3470 1160 3543 ἀφθάρτου
1178 3474 1330 3543 ὄψεις
1358 3476 1685 3547 ἐξερευνῶσι
1712 3481 1807 3534 καὶ

232 3554 519 3624 δάκτυλοι;
550 3558 754 3631 βρῶσις
800 3561 858 3614 δὲ
901 3563 996 3615 καὶ
1046 3563 1204 3629 πόσις
1244 3564 1322 3636 τῷ
1366 3567 1659 3639 ἀπροσδεεῖ
1694 3572 1808 3633 ,καὶ

231 3647 481 3720 ἀριύστῳ
499 3662 522 3691 ο
553 3651 669 3716 πῶς
692 3652 759 3707 ἄν
788 3671 871 3717 τις
890 3653 1531 3731 ἐξείποιιδιαπράττεσθαι
1554 3660 1803 3732 σώματι;

231 3739 450 3795 Τούτων
498 3738 591 3796 οὖν
644 3744 736 3799 καὶ
784 3746 895 3799 τῶν
935 3744 1193 3803 τοιὸύτων
1251 3750 1467 3823 δεσμῶν
1516 3754 1617 3807 οὑκ
1658 3754 1806 3809 ἔστιν

229 3830 377 3895 ὅστις
416 3833 516 3904 οὐχ
545 3835 627 3888 ὅτι
662 3835 771 3889 τῶν
821 3838 1033 3893 πολλῶν
1075 3843 1170 3894 καὶ
1216 3844 1508 3914 τυχόντων,
1542 3845 1658 3899 ἀλλ’
1690 3848 1803 3902 οὐδ’

231 3923 284 3975 εί
305 3941 386 3986 τις
404 3925 484 3989 είς
512 3926 612 3998 τὴν
648 3926 744 3981 τοῦ
784 3930 1100 4003 Προδρόμου
1141 3933 1292 4006 διέϐη
1322 3935 1624 4002 τελείωσιν,
1650 3939 1804 3993 οὐδὲν

232 4017 417 4085 σαφῶς
458 4019 555 4072 καὶ
602 4021 859 4092 καθαρῶς
916 4025 1253 4081 ἐπιλύσεται.
1301 4029 1441 4082 Ἀλλ’
1475 4030 1661 4101 ἕτερος
1705 4032 1803 4101 μὲν

232 4108 358 4171 ἴσως
388 4109 575 4180 ἐτέρου
622 4115 733 4176 τοῖς
792 4115 1088 4187 ἀκροαταῖς
1116 4119 1234 4188 ἐρεῖ
1258 4137 1311 4171 τι
1337 4120 1804 4191 ψυχαγωγικώτε-

234 4217 344 4269 ρον,
376 4203 581 4274 καὶτῆς
613 4206 815 4276 πολλῆς
836 4209 1072 4281 ἀπορίας
1093 4211 1444 4282 παραμύθιον
1460 4229 1473 4243 ·
1494 4215 1529 4285 ἡ
1553 4213 1608 4267 δὲ
1631 4214 1803 4284 χωρὶς

230 4290 508 4363 ἐσόπτρων
539 4295 635 4347 καὶ
657 4298 997 4366 αἰνιγμάτων
1037 4301 1098 4354 ἐν
1150 4300 1365 4365 τούτοις
1410 4303 1658 4373 ἀλήθεια,
1694 4303 1802 4356 τῶν

1923 1819 2317 1874 humanitatem
2352 1820 2406 1874 in
2435 1835 2598 1875 carne
2632 1831 2961 1891 susceptam,
3004 1823 3306 1893 agitantur,
3374 1825 3499 1881 viu-

1921 1911 2102 1967 culum
2132 1920 2185 1966 et
2223 1912 2602 1978 annexionem,
2634 1929 2755 1982 quae
2782 1923 3017 1969 mentem
3046 1931 3265 1970 onmem
3294 1916 3496 1972 huma-

1918 2016 2045 2055 nam
2073 2001 2230 2071 longc
2262 2012 2520 2071 superent
2554 2019 2568 2057 :
2596 2019 2825 2073 quarum
2858 2006 3223 2074 quaestionum
3270 2009 3501 2064 solutio-

1918 2108 2042 2148 nem
2073 2102 2127 2148 ct
2155 2094 2592 2163 explicationem,
2626 2110 2732 2149 non
2769 2094 2937 2164 aliqui
2965 2111 2995 2151 e
3027 2097 3187 2167 vulgo
3218 2098 3319 2152 sibi
3344 2114 3499 2153 arro-

1915 2200 2046 2256 gare
2107 2185 2343 2250 debent,
2395 2196 2489 2241 aut
2540 2185 2815 2241 curiosius
2866 2187 3014 2242 circa
3102 2189 3322 2243 easdem
3376 2205 3497 2244 ver-

1917 2279 2025 2337 sari
2060 2320 2076 2345 ,
2133 2280 2226 2335 sed
2275 2279 2407 2333 illud
2456 2279 2727 2349 exquisite
2794 2279 3067 2349 imprimis
3122 2294 3493 2349 cognoscere,

1913 2373 2057 2443 quod
2107 2387 2207 2428 nec
2254 2371 2478 2427 Joannis
2543 2382 2857 2435 sectatores,
2930 2371 3024 2441 qui
3081 2371 3136 2426 in
3186 2372 3403 2427 actione
3437 2378 3493 2426 et

1914 2466 2367 2535 contemplatione
2434 2466 2663 2520 sublime
2730 2464 2858 2535 quid
2919 2472 2972 2519 et
3012 2464 3289 2519 excelsum
3335 2463 3494 2519 habe-

1914 2558 2067 2622 bant,
2100 2558 2415 2612 abscondita
2438 2558 2551 2612 hinc
2579 2565 2633 2611 et
2664 2556 2753 2610 vix
2784 2555 3323 2625 comprehensibilia,
3343 2562 3491 2609 certe

1912 2650 2332 2721 inexplicabilia,
2370 2649 2757 2719 intelligebant.
2794 2649 2915 2715 Ipse
2947 2666 2966 2699 ‹
3008 2646 3180 2717 Major
3210 2646 3351 2701 inter
3371 2661 3489 2699 om-

1912 2754 2010 2795 nes
2036 2755 2067 2794 e
2094 2740 2414 2794 mulieribus
2444 2749 2620 2803 natos,
2655 2757 2674 2789 ι
2713 2753 2837 2792 cum
2867 2738 3150 2807 protitetur
3183 2753 3241 2792 se
3273 2737 3491 2793 solvere

1912 2831 2189 2900 indignum
2219 2848 2340 2887 esse
2366 2832 2650 2901 corrigiam
2686 2830 2869 2895 calcei,
2909 2830 3099 2884 eodem
3130 2838 3257 2883 actu
3317 2844 3491 2899 agno-

1911 2924 2015 2979 scit
2050 2940 2157 2978 non
2188 2938 2349 2994 posse
2383 2938 2441 2978 se
2509 2921 2776 2992 ejusmodi
2833 2922 3027 2977 dubias
3081 2921 3291 2975 solvere
3340 2935 3491 2990 quae-

1912 3015 2135 3070 stiones.
2173 3015 2237 3069 At
2269 3029 2519 3085 quaenam
2554 3014 2658 3067 illa:
2696 3012 2864 3065 sunt?
2891 3012 3147 3078 Quaenam
3178 3010 3343 3066 Verbi
3367 3011 3486 3064 exi-

1912 3105 2172 3161 nanitio?
2201 3105 2403 3159 Rerum
2435 3104 2702 3159 Conditor
2744 3117 2854 3172 quo
2916 3112 3073 3170 pacto
3128 3101 3205 3155 rei
3254 3100 3488 3155 condita:

1909 3198 2207 3253 adunitur?
2244 3213 2352 3268 quo
2402 3205 2561 3267 pacto
2599 3196 2868 3266 pepererit
2936 3193 3121 3263 Virgo,
3177 3202 3231 3246 et
3284 3202 3475 3261 partus

1908 3289 2157 3343 dolorum
2191 3288 2538 3352 solutionem,
2559 3286 2795 3355 sigillum
2828 3284 3077 3338 adhibuit
3107 3281 3481 3350 virginitatis?

1908 3381 2180 3453 quomodo
2232 3380 2508 3443 Servator,
2542 3379 2635 3448 qui
2694 3377 2907 3447 pondus
2944 3384 2998 3429 et
3030 3389 3229 3444 corpus
3274 3371 3483 3439 habuit,

1908 3474 2075 3528 maris
2107 3482 2320 3543 tergora
2366 3486 2533 3526 cursu
2590 3467 2935 3540 peragravit?
2985 3469 3257 3536 quomodo
3306 3464 3485 3533 sepul-

1906 3580 2024 3632 cro,
2045 3564 2299 3620 claustris
2315 3571 2370 3617 et
2384 3561 2574 3630 sigillis
2598 3560 2884 3615 tenebatur
2909 3557 3154 3611 inclusus
3169 3556 3259 3610 iet
3288 3556 3479 3608 iisdem

1908 3656 2040 3727 ipsis
2079 3654 2319 3709 immotis
2353 3650 2660 3714 custoditis,
2695 3650 2820 3703 inde
2856 3647 3180 3719 egreditur?
3208 3646 3482 3715 quomodo

1906 3746 2100 3803 deinde
2129 3734 2285 3801 Ostiis
2317 3745 2521 3799 clausis
2548 3743 2603 3796 in
2650 3741 2889 3797 medium
2916 3738 3180 3807 processit
3233 3736 3479 3807 discipu-

1904 3837 2104 3900 lorum,
2129 3849 2253 3892 cum
2287 3840 2475 3891 eodem
2509 3832 2780 3902 corpore?
2830 3830 3107 3900 quomodo
3140 3828 3348 3898 plagas,
3391 3828 3478 3879 in-

1904 3926 2047 3983 ﬂicta
2082 3928 2306 3982 vulnera
2360 3923 2717 3995 impassibilis
2756 3922 3008 3991 corporis
3045 3926 3098 3973 et
3152 3917 3478 3986 incorrupti-

1903 4018 2051 4086 bilis,
2083 4018 2225 4072 oculi
2269 4026 2323 4073 et
2351 4017 2503 4087 digiti
2557 4013 3013 4086 perscrutantur?
3069 4010 3356 4079 Quomodo
3407 4009 3480 4063 ci-

1903 4110 2005 4165 bus
2035 4121 2087 4165 et
2116 4118 2274 4179 potus
2306 4108 2590 4163 conferent
2664 4122 2770 4160 non
2827 4106 3110 4174 indigenti,
3144 4118 3245 4157 nec
3300 4101 3470 4155 ﬂuido

1904 4202 2140 4272 corpori,
2170 4201 2297 4271 quis
2356 4209 2535 4254 autem
2567 4199 2717 4253 eﬂ'ari
2744 4198 2959 4266 p0test?
3002 4194 3127 4249 Haec
3178 4202 3359 4247 autem
3420 4200 3475 4246 et

1904 4296 2101 4351 similia
2131 4295 2368 4359 vincula,
2400 4308 2581 4354 nemo,
2625 4308 2734 4346 non
2772 4291 2958 4343 di-xero
2989 4304 3019 4342 e
3076 4287 3238 4355 vulgo
3299 4285 3475 4339 homi-

229 4386 284 4438 ἐν
318 4384 416 4457 βίῳ
447 4388 664 4442 πάντων
693 4389 895 4459 ὁμοίως
938 4391 1386 4464 ἀποκεχώρηκεν.
1433 4393 1593 4448 Ἀ).λά
1626 4393 1799 4448 ταῦτα

1915 4403 2035 4440 num
2068 4399 2122 4442 et
2154 4386 2284 4440 faece
2323 4385 2658 4453 promiscua,
2692 4382 2784 4436 sed
2814 4398 2880 4433 ne
2913 4379 3131 4448 quidem
3168 4379 3213 4432 si
3239 4378 3305 4431 ad
3332 4375 3477 4433 Prai-

231 4478 326 4546 μέν
354 4495 434 4531 σοι
460 4479 568 4533 τῶν
595 4482 736 4535 κατά
766 4483 988 4553 μνήμην
1016 4484 1339 4555 σωζομένων
1365 4482 1518 4556 οἶμαι
1554 4486 1625 4539 τὰ
1653 4486 1797 4550 ἀξιο-

227 4571 483 4645 λογότερα
519 4572 733 4645 ἔγραψα
758 4590 772 4604 °
819 4577 883 4629 σὺ
914 4576 959 4629 δ’
980 4578 1267 4649 ἐπικρίνας
1290 4577 1539 4651 στέργοις
1555 4579 1617 4631 rb
1640 4580 1799 4649 ἀμει-

226 4681 333 4719 νον.
374 4664 436 4720 Εί
463 4666 510 4721 δ’
535 4666 793 4738 ἐρυθριᾷς
821 4667 918 4738 τὴν
945 4668 1150 4738 κρίσιν,
1205 4669 1317 4739 ἐγώ
1351 4687 1432 4724 σοι
1479 4672 1542 4723 rb
1579 4671 1798 4741 πρῶτον

227 4758 319 4810 καὶ
362 4758 424 4811 rb
454 4759 761 4813 τελευταῖον
796 4760 905 4814 τῶν
949 4762 1007 4814 ἐν
1036 4762 1187 4832 μέσῳ
1228 4764 1549 4833 προτίθημι.
1595 4764 1668 4816 Τὸ
1698 4764 1797 4833 μὲν

225 4847 331 4917 γὰρ
360 4848 455 4901 καὶ
480 4850 579 4918 τῆς
622 4849 929 4913 ὑποθέσεως
964 4853 1060 4904 καὶ
1096 4852 1205 4904 τῶν
1238 4854 1500 4923 ῥημάτων
1521 4854 1668 4906 ἐστὶν
1715 4855 1796 4906 οἱ·-

228 4942 539 4993 κειότατον·
595 4942 657 4995 rb
709 4944 766 4996 δὲ
825 4942 1138 4996 τελευταῖον
1191 4943 1299 4998 τῶν
1350 4947 1491 4999 κατὰ
1562 4945 1797 5017 θεωρίαν

228 5031 473 5103 εὑρήσεις
496 5034 921 5105 ἀναλογώτερον.
960 5038 1232 5107 "Eppium.

1903 4477 2148 4533 cursoris
2201 4474 2588 4547 perfectionem
2650 4473 2953 4527 ascenderit
3008 4471 3245 4539 aliquis,
3294 4469 3473 4538 plane,

1904 4569 2069 4634 clare,
2094 4578 2147 4622 et
2172 4569 2458 4638 perspicue
2494 4566 2718 4620 solverit
2754 4582 2767 4619 :
2806 4564 2918 4618 ﬁeri
2948 4573 3129 4617 autem
3179 4570 3379 4630 potest,
3413 4568 3472 4613 ut

1905 4676 2047 4715 unus
2069 4660 2260 4725 altero,
2297 4660 2436 4727 apud
2469 4659 2768 4722 auditores,
2796 4655 2927 4725 quid
2973 4654 3149 4723 magis
3179 4653 3243 4707 ad
3279 4653 3476 4706 animae

1904 4754 2168 4817 solamen,
2198 4752 2417 4816 dixerit,
2450 4760 2503 4805 et
2528 4752 2579 4805 in
2610 4750 2943 4803 dillicultatis
3000 4745 3318 4815 multiplicis
3374 4760 3474 4799 ex-

1902 4844 2229 4915 peditionem
2261 4861 2275 4897 :
2308 4844 2508 4897 veritas
2532 4852 2712 4897 autem
2747 4842 2800 4895 in
2825 4840 2944 4894 istis
2985 4839 3103 4894 sine
3135 4836 3370 4917 speculis
3419 4844 3475 4890 et

1903 4936 2210 5006 aenigmatis
2244 4937 2383 4989 ultra
2416 4936 2588 5004 ipsius
2646 4935 2770 4987 vitae
2823 4932 3090 4985 terminos
3141 4940 3471 4984 removetur.

1904 5030 2082 5099 Atque
2117 5031 2187 5084 ita
2248 5029 2341 5083 tibi
2380 5043 2566 5083 earum
2598 5026 2999 5095 expositionum
3048 5039 3169 5092 quae
3210 5023 3475 5076 mandan-

1906 5132 1994 5175 tur
2024 5120 2318 5184 memoriae,
2370 5120 2668 5188 praecipuas
2708 5117 2978 5172 enarravi.
3022 5115 3124 5181 Tu,
3176 5115 3319 5169 facta
3341 5114 3458 5169 dis-

226 5207 495 5273 cussione,
533 5211 793 5278 Optimam
824 5212 1172 5282 amplectere.
1204 5212 1359 5279 Quod
1422 5214 1468 5270 si
1523 5212 1787 5283 judicium
1848 5212 2193 5281 interponere
2260 5212 2669 5275 verecunderis,
2700 5226 2800 5280 ego
2830 5211 3065 5280 primam
3103 5218 3269 5278 atque
3334 5206 3462 5261 ulti-

230 5319 367 5357 mam
410 5305 617 5357 caeteris
647 5319 925 5373 przepono.
973 5304 1108 5360 Nam
1131 5322 1320 5361 earum
1389 5322 1498 5361 una
1553 5322 1678 5360 cum
1739 5312 2061 5373 argumento
2100 5304 2370 5373 subjecto,
2436 5312 2490 5357 et
2533 5318 2657 5357 cum
2729 5304 2909 5358 verbis
2972 5303 3234 5373 majorem
3306 5300 3470 5355 habet

228 5392 577 5458 albuitatem;
626 5403 955 5460 postremam
985 5398 1222 5467 reperies
1256 5396 1430 5467 magis
1452 5397 1518 5452 ad
1545 5394 2024 5465 contemplationis
2058 5395 2369 5466 analogiam
2404 5394 2719 5451 facientem.
2760 5392 2905 5451 \alc.

1533 5550 1764 5607 VARUE
1793 5548 2192 5607 LECTIONES.

296 5664 322 5707 δ
346 5666 410 5732 C,
451 5666 520 5723 Μ.
550 5667 993 5740 ἀπορῤηθέντων.
1076 5679 1099 5709 ε
1138 5666 1238 5741 leg.
1271 5665 1578 5740 ἀρῤεύστῳ.
1611 5665 1674 5722 C.
1699 5663 1770 5721 M.
1810 5662 2106 5736 ἐναρέστῳ.
