3902 6212
412 292 517 354 983
1297 297 1302 304 ’
1564 297 1825 356 ΡΙΙΟΤΙΙ
1876 298 2375 359 PATRIARCIUE
2407 299 2513 360 ΕΡ.

518 405 847 474 QUA‘JSTIO
896 407 1124 463 ccxvn
1163 407 1371 480 [CoisL
1399 408 1678 476 CCXLVI,
1715 409 1876 465 Taur.

994 501 1394 572 ccxxxvu].

794 593 872 646 De
925 593 1222 661 (li/Ieremia
1281 594 1588 662 imaginum.

1272 707 1413 756 Edita
1437 723 1463 757 a
1490 708 1788 758 Montacutio
1815 709 1919 772 (ep.
1957 705 2064 768 154,
2092 707 2150 756 ad
2180 707 2320 756 Joan.
2344 706 2591 770 Spathar.,
2621 721 2669 770 p.
2694 706 2799 767 I78,
2831 706 2960 766 180).

484 818 597 871 Non
624 819 862 874 detrahit
892 819 1100 891 aliquid
1159 818 1363 874 Christi
1423 821 1668 891 imagini,
1724 822 1770 878 si
1810 821 1981 877 Filius

2154 817 2317 872 Οὐδὲν
2345 819 2658 888 λυμαίνεται
2688 821 2753 889 τῇ
2797 817 2964 871 εἰκόνι
2996 814 3235 887 Χριστοῦ
3256 857 3272 880 ,
3314 817 3376 870 τὺ
3403 817 3662 886 λέγεσθαι

412 913 625 966 dicatur
671 927 796 966 vera
820 911 1002 967 Patris
1031 913 1230 982 imago,
1273 921 1390 977 aut,
1419 913 1583 968 homo
1631 930 1758 970 vere
1806 914 1982 970 factus

2089 911 2180 964 τὸν
2218 911 2344 965 Υἰδν
2383 911 2642 983 ἀληθινὴν
2708 912 2894 965 εἰκόνα
2943 910 3038 964 τοῦ
3072 910 3304 980 Πατρδς,
3344 910 3378 982 ἢ
3411 910 3505 964 τὸν
3562 915 3664 964 ἀν-

413 1004 480 1056 ad
517 1005 800 1074 imaginem
833 1003 971 1058 Dei:
1011 1020 1078 1059 ne
1104 1014 1218 1059 tum
1268 1006 1314 1060 si
1374 1006 1703 1062 allirmamus
1752 1021 1848 1062 eos
1890 1007 1984 1075 qui

2095 1001 2310 1070 θρωπον
2337 1001 2550 1072 ἀληθῶς
2580 1001 2701 1054 κατ’
2749 1001 2932 1055 εἰκόνα
2978 1000 3308 1071 γεγενῆσθαι
3361 999 3501 1053 Θεοῦ
3535 1016 3552 1031 ·
3599 1002 3666 1054 οὐ

2601 408 2933 462 ΕΡΩΤΠΣῘΣ
2977 405 3116 464 ΣΙΖ⁰.

2475 587 2613 654 Περί
2664 584 2952 654 διαφορᾶς
2979 586 3249 639 εἰκόνων.

416 1095 714 1147 secundum
755 1094 1008 1147 virtutem
1055 1095 1261 1159 vivunt,
1291 1097 1357 1150 ad
1389 1112 1571 1151 veram
1609 1097 1811 1152 Christi
1850 1097 1987 1151 ima—

418 1183 597 1250 ginem
630 1181 982 1236 conformari.
1014 1183 1130 1239 Non
1160 1187 1307 1239 enim
1337 1198 1394 1239 ut
1419 1189 1734 1240 traducatur
1790 1185 1984 1252 imagi-

416 1274 503 1325 nis
519 1275 828 1339 artiﬁcium,
846 1275 946 1328 hoc
963 1276 1195 1340 dicitur;
1221 1293 1328 1330 non
1343 1287 1399 1331 ut
1416 1277 1752 1331 mendacium
1771 1277 1989 1346 imagini

2088 1093 2196 1163 μὴν
2226 1094 2335 1146 οὐδ’
2357 1091 2606 1146 ἐπειδάν
2631 1091 2898 1163 λέγωμεν,
2930 1092 3056 1155 τοὺς
3086 1093 3207 1146 κατ’
3229 1092 3435 1163 ἀρετὴν
3469 1092 3666 1161 βεϐιω-

2088 1183 2254 1246 κότας
2297 1184 2394 1253 τὴν
2428 1183 2601 1253 ἀληθῆ
2651 1182 2991 1254 μορφοῦσθαι
3032 1183 3218 1237 εἰκόνα
3278 1183 3540 1254 Χριστοῦ.
3580 1187 3660 1236 Οὑ

2089 1275 2200 1345 γάρ
2248 1277 2342 1329 ἐπὶ
2391 1275 2610 1346 διαϐολῇ
2672 1276 2771 1345 τῆς
2827 1275 3093 1346 τεχνητῆς
3134 1273 3163 1314 ά
3219 1275 3428 1339 εἰκόνος
3486 1275 3664 1328 ταῦτα

415 1365 705 1420 all‘ricetur:
727 1368 818 1421 sed
836 1377 890 1420 ut
907 1369 992 1422 illa
1011 1385 1130 1438 qua:
1146 1369 1723 1424 interceditdiversitas
1736 1369 1995 1440 intelliga-

416 1465 524 1508 tur.
539 1455 651 1510 Non
665 1459 808 1510 enim
825 1474 948 1513 cum
972 1459 1166 1513 Filium
1188 1477 1367 1516 veram
1384 1461 1702 1531 sapientiam
1730 1461 1982 1516 nomina-

2090 1367 2325 1434 λέγεται,
2361 1366 2470 1420 οὐδ’
2502 1366 2591 1421 ἶνα
2620 1365 2811 1436 ψεῦδος
2840 1367 2978 1436 αὐτῇ
3009 1365 3370 1436 ἐπιγράφοιτο
3399 1381 3414 1396 ’
3439 1365 3559 1418 ἀλλ’
3587 1365 3664 1426 ὡς

2091 1460 2158 1512 ἂν
2205 1458 2380 1512 αὐτῶν
2421 1459 2456 1528 ἡ
2525 1457 2660 1528 πρὸς
2711 1457 2914 1528 ἄλληλα
2935 1459 3168 1530 διαφορά
3217 1456 3663 1526 ἐπιγινώσκοιτο.

417 1563 557 1612 nius,
586 1547 908 1617 sapientiam
938 1565 968 1604 a
1001 1551 1199 1604 divinis
1221 1553 1455 1607 oraculis
1483 1553 1860 1618 eliminamus;
1885 1552 1978 1606 sed

2089 1551 2220 1606 Οὑδέ
2257 1552 2385 1622 γὰρ,
2413 1551 2523 1604 οὐδ’
2547 1551 2676 1604 ὅταν
2715 1551 2806 1604 τὸν
2841 1550 2969 1603 Υίὸν
2989 1549 3248 1621 ἀληθινὴν
3276 1549 3468 1619 σοφίαν
3490 1566 3662 1618 προσ-

415 1654 515 1692 nec
541 1655 666 1694 cum
696 1641 870 1696 lucem
907 1658 1114 1705 veram.
1151 1645 1314 1698 vitam
1345 1660 1550 1711 veram,
1581 1645 1836 1705 dicimus,
1887 1643 1978 1697 lu-

2089 1644 2452 1715 ιγορεύωμεν,
2464 1645 2563 1715 τὴν
2580 1645 2642 1697 ἐκ
2657 1643 2764 1696 τῶν
2781 1643 2942 1697 θείων
2961 1643 3190 1714 Γραφῶν
3208 1642 3397 1711 σοφίαν
3408 1642 3504 1713 τῆς
3520 1642 3661 1711 άλη-

415 1746 536 1782 nicn
567 1732 742 1785 solare
769 1742 864 1788 aut
897 1735 1058 1788 vitam
1106 1737 1194 1790 hic
1260 1745 1523 1800 nostram,
1577 1737 1748 1790 multo
1797 1735 1978 1790 minus

2089 1736 2228 1800 θείας
2247 1736 2561 1807 ἐξορίζομεν
2585 1752 2598 1766 ·
2622 1735 2730 1789 οὐδ’
2752 1734 2919 1789 ἐπειδ⁹
2941 1734 3008 1788 ἂν
3043 1735 3160 1803 φῶς
3185 1734 3348 1788 αὑτὸν
3377 1733 3658 1803 ἀληθινὸν,

415 1821 562 1876 illam
600 1823 860 1892 futuram,
890 1826 1125 1881 falsarire
1153 1814 1516 1881 subsistentia:
1547 1827 1703 1880 inniti
1733 1826 1975 1881 insinua-

416 1926 562 1964 mus.
593 1911 796 1968 Eodem
833 1915 994 1970 modo
1019 1927 1073 1970 et
1101 1930 1224 1970 cum
1269 1916 1466 1970 Filium
1530 1919 1844 1986 prolitemur
1889 1930 1980 1970 ve-
2006 1901 2054 1958 Β

415 2017 530 2056 ram
559 2003 870 2074 imaginem,
898 2022 1002 2060 non
1039 2007 1156 2062 illas
1182 2007 1464 2078 imagines,
1487 2023 1606 2076 qua:
1621 2022 1779 2060 suum
1799 2015 1979 2060 ortum

417 2097 486 2148 ab
541 2098 844 2152 imitatione
901 2100 1226 2165 sortiuntur,
1274 2100 1326 2153 in
1383 2100 1790 2154 mendaciorum
1841 2100 1984 2154 ordi-

411 2203 542 2241 nem
593 2189 911 2257 rejicimus;
949 2194 1326 2247 tantummodo
1401 2193 1758 2248 dillerenliam
1818 2209 1979 2262 quam

417 2279 509 2333 illa
550 2281 615 2334 ad
655 2283 788 2337 istas
821 2283 982 2338 habet
1013 2301 1106 2351 per
1121 2301 1404 2340 excessum
1426 2287 1818 2355 signiﬁcamus.
1843 2286 1981 2340 Audi

419 2371 586 2440 igitur
655 2374 822 2432 ﬁlium
893 2377 1158 2440 tonitrus,
1213 2377 1666 2446 quemadmodum
1736 2377 1866 2444 ille,
1915 2377 1984 2432 de

415 2464 559 2517 coelo
587 2464 860 2528 intonans,
890 2467 1046 2521 nobis
1080 2469 1240 2522 talem
1267 2468 1556 2522 verborum
1585 2483 1806 2524 sensum
1855 2484 1984 2538 sug-

413 2555 909 2628 gerit.gUtrumque
953 2569 1120 2626 certe,
1158 2561 1212 2614 in
1241 2576 1327 2625 eo,
1405 2580 1423 2613 ι
1458 2563 1684 2632 gratiam
1709 2577 1809 2630 pro
1864 2578 1987 2632 gra-

415 2650 492 2701 tia
519 2651 585 2713 ⁶⁵,
627 2670 645 2701 ι
685 2666 885 2706 novum
921 2661 972 2707 et
1002 2663 1195 2719 vetus;
1228 2669 1337 2708 uno
1359 2655 1548 2710 eodem
1590 2655 1777 2726 gratia:
1828 2655 1986 2710 titulo

419 2743 730 2808 appellans;
781 2744 929 2798 addit
995 2745 1190 2800 deinde
1238 2747 1614 2812 eminentiam,
1671 2749 1761 2802 ubi
1819 2765 1984 2803 unum

419 2850 542 2885 cum
578 2835 749 2887 altero
783 2845 1081 2904 comparat,
1113 2855 1132 2888 ι
1179 2836 1313 2901 Lex,
1345 2836 1599 2908 inquiens
1639 2854 1733 2908 per
1765 2840 1984 2910 Moysen

419 2924 674 2989 dabatur,
716 2925 886 2994 gratia
916 2937 1095 2980 autem
1127 2935 1180 2979 et
1211 2927 1409 2981 veritas
1459 2943 1552 2996 per
1585 2926 1772 2982 Iesum
1829 2928 1988 2981 Chri-

419 3023 566 3067 stum
601 3017 666 3069 ⁶⁶.
698 3033 716 3064 ι
752 3015 1034 3071 Manifeste
1087 3027 1253 3086 patet,
1313 3018 1458 3086 quod
1519 3035 1644 3073 cum
1672 3007 1764 3073 ita
1819 3019 1984 3085 dicat,

422 3121 521 3158 nec
546 3107 774 3174 gratiam
802 3123 901 3160 nec
927 3109 1204 3163 veritatem
1239 3125 1269 3163 a
1302 3109 1538 3164 Mosaica
1565 3111 1680 3178 lege
1713 3111 1984 3174 absciditi,

423 3198 536 3262 ipse
579 3199 848 3253 enimille
890 3200 989 3253 fuit
1056 3203 1150 3270 qui
1203 3203 1363 3271 paulo
1425 3203 1576 3270 prius
1624 3203 1986 3273 appellatione

420 3289 606 3356 gratia:
635 3290 806 3356 ipsam
850 3291 1187 3361 insignierat.
1226 3293 1330 3347 Sed
1363 3310 1458 3348 nec
1509 3295 1849 3350 mendacium
1908 3297 1982 3350 illi

422 3382 671 3449 imputat.
709 3382 825 3438 Non
876 3387 1020 3438 enim
1059 3387 1110 3440 in
1173 3390 1561 3444 contumeliam
1624 3400 1719 3445 aut
1772 3393 1984 3446 crimen

424 3472 557 3538 legis
587 3473 790 3526 dictum
824 3473 977 3536 illud,
1011 3495 1029 3526 ι
1061 3475 1251 3532 Gratia
1294 3491 1478 3533 autem
1536 3489 1585 3535 et
1635 3481 1837 3536 veritas
1893 3498 1988 3551 per

418 3561 605 3616 Jesum
633 3563 910 3619 Christum
945 3566 1066 3630 fuit,
1100 3585 1117 3618 ι
1151 3569 1490 3639 Evangelicis
1515 3573 1742 3627 sancitis
1767 3573 1991 3642 adapta-

421 3658 580 3709 batur
623 3658 940 3724 (lleracleon
992 3661 1064 3715 ita
1097 3661 1322 3727 diceret,
1351 3671 1406 3718 et
1445 3664 1796 3720 Heracleonis
1845 3666 1984 3733 ﬁlii),

419 3748 512 3800 sed
547 3748 791 3815 profecto
826 3750 999 3818 magis
1023 3751 1288 3806 illustrem
1319 3762 1374 3808 et
1426 3755 1720 3823 perfectam
1769 3754 1985 3810 Domini

428 3838 885 3906 magniﬁcentiam
914 3843 1199 3898 Ostendere
1224 3842 1408 3898 volens
1446 3861 1608 3914 quam
1659 3846 1847 3900 habuit
1877 3847 1984 3900 Lex

418 3942 516 3996 per
555 3926 773 3996 Moysen
813 3930 961 3992 data,
989 3933 1224 3999 generali
1258 3933 1351 3987 illo
1407 3936 1626 3988 nomine
1681 3933 1881 3989 Gratia:
1935 3945 1988 3990 et

419 4020 656 4072 veritatis
706 4021 1023 4088 complexus
1051 4033 1152 4077 est.
1204 4025 1346 4090 Quin
1399 4035 1454 4080 et
1515 4027 1734 4083 divinus
1784 4025 1985 4082 Paulus

419 4126 545 4163 cum
592 4111 744 4175 dixit,
787 4129 805 4161 ι
841 4108 1099 4166 Umbram
1137 4113 1343 4169 habens
1389 4116 1474 4169 lex
1523 4116 1835 4171 futurorum
1889 4118 1986 4171 bo-

303 4227 321 4245 ο
420 4217 640 4266 norum,
677 4202 798 4270 noni
833 4202 1004 4271 ipsum
1052 4205 1344 4274 imaginem
1397 4222 1600 4271 rerum,
1633 4227 1652 4259 ι
1690 4207 1861 4276 legem
1901 4217 1986 4279 ty-

421 4287 550 4362 pum
593 4305 645 4347 et
676 4293 967 4364 imaginem
1009 4312 1131 4352 esse
1175 4296 1482 4354 futurorum
1541 4300 1828 4366 bonorum,
1877 4317 1986 4354 nou

421 4387 772 4458 praedicavit;
825 4389 917 4442 sed
969 4388 1234 4457 imprimis
1285 4405 1380 4458 per
1427 4391 1714 4445 verborum
1771 4391 1985 4445 illorum

423 4493 689 4542 tenorem,
743 4479 936 4534 docere
991 4481 1164 4534 voluit
1196 4482 1378 4550 potius
1416 4483 1665 4552 gratiam,
1705 4498 1868 4552 quam
1908 4483 1986 4537 le-

2083 1830 2115 1899 ἢ
2151 1828 2294 1898 ζωὴν
2329 1826 2584 1898 ἀληθινὴν
2607 1827 2987 1897 ὀνομάζωμεν,
3012 1825 3074 1878 τὸ
3093 1823 3320 1894 ἡλιακὸν
3339 1823 3478 1892 φῶς,
3498 1822 3534 1893 ἢ
3558 1824 3660 1893 τὴν

2082 1922 2354 1991 ἡμετέραν
2369 1919 2600 1973 ἐνταῦθα.
2613 1921 2779 1989 ζωὴν,
2808 1919 2893 1972 ἵνα
2910 1917 2984 1989 μὴ
3002 1918 3150 1986 λέγω
3162 1917 3261 1988 τὴν
3274 1916 3504 1981 ἐκεῖθεν,
3526 1916 3658 1986 ψευ-

2081 2010 2440 2063 δοῦπόστατον
2471 2007 2844 2076 άποφαίνομεν
2859 2021 2874 2036 ⁸
2891 2006 3062 2071 οὕτως
3083 2005 3190 2061 οὐδ’
3215 2006 3455 2078 ὁπηνίκα
3473 2006 3660 2074 φαμὲν

2081 2098 2339 2168 ἀληθινὴν
2371 2098 2554 2150 εἰκόνα
2578 2099 2666 2150 τὸν
2687 2097 2830 2162 Υίὸν,
2859 2097 2978 2167 οὐχὶ⁵
2989 2097 3088 2158 τὰς
3113 2095 3348 2159 εἰκόνας,
3364 2095 3418 2150 αἳ
3448 2095 3549 2167 τὴν
3569 2097 3660 2162 γέ-

2082 2189 2228 2243 νεσίν
2253 2192 2389 2242 εἰσιν
2417 2187 2676 2258 λαχοῦσαι
2708 2187 2796 2240 διὰ
2823 2189 3128 2258 μιμήσεως,
3159 2189 3241 2251 εἰς
3269 2185 3467 2256 ψεῦδος
3506 2185 3663 2239 Elaﬁ-

2083 2299 2266 2349 νομεν,
2300 2279 2437 2334 ἀλλά
2483 2280 2544 2333 τὸ
2582 2280 2718 2351 πρὸς
2751 2280 2922 2342 αὑτάς
2959 2280 3176 2350 ἐκείνης
3221 2279 3341 2333 καθ’
3384 2279 3662 2348 ὑπεροχὴν

2083 2373 2350 2444 δηλοῦμεν
2398 2373 2674 2442 διάφορον.
2725 2373 2990 2426 Ἄκουσον
3029 2372 3210 2426 τοίνυν
3262 2371 3355 2426 τὸν
3400 2371 3518 2424 υίδν
3561 2374 3664 2439 τῆς

2087 2464 2334 2535 βροντῆς,
2379 2464 2527 2526 ὅπως
2585 2464 2716 2533 ἡμῖν
2755 2462 2962 2518 ἄνωθεν
3025 2462 3285 2535 βροντῶν,
3327 2462 3427 2533 τὴν
3473 2462 3664 2516 τοιαῦ-

2085 2576 2184 2627 την
2252 2559 2446 2628 χρῆσιν
2495 2556 2604 2610 τῶν
2653 2557 2826 2625 λόγων
2876 2559 3076 2610 ἐννοεῖν
3151 2557 3386 2611 δίδωσιν.
3457 2559 3666 2626 ’Λμςξω

2085 2653 2196 2720 γὰρ
2225 2652 2282 2704 ἐν
2313 2649 2390 2721 τῷ
2413 2651 2608 2715 εἰπεῖν,
2644 2669 2663 2701 ι
2695 2651 2791 2704 καὶ
2809 2650 2968 2721 χάριν
2984 2650 3106 2704 ἀντὶ
3137 2650 3379 2720 χάριτος,
3419 2667 3439 2701 ι
3469 2650 3570 2719 τήν
3606 2666 3668 2700 τε

2088 2741 2327 2796 Παλαιὰν
2352 2742 2445 2794 καὶ
2470 2741 2567 2812 τὴν
2613 2740 2782 2805 Νέαν,
2805 2741 2883 2812 τῷ
2927 2741 3029 2812 τῆς
3056 2742 3277 2812 χάριτος
3325 2741 3669 2810 ἐξονομάσας

2087 2835 2476 2906 προσρήματι’
2550 2829 2667 2887 εἶτα
2739 2833 2802 2887 τὸ
2857 2834 3297 2905 ὑπερανεστηκὸς
3344 2833 3581 2904 θάττερα
3640 2843 3664 2871 ε

2090 2927 2225 2996 πρὸς
2263 2927 2360 2995 τὴν
2391 2925 2581 2997 ἑτέραν
2631 2926 2938 2996 παριστῶν,
2982 2945 3000 2977 ι
3061 2927 3120 2979 ὐ
3161 2929 3344 2996 νόμος,
3380 2928 3539 2996 φησὶ,
3573 2926 3668 2978 διὰ

2089 3017 2329 3078 Μωσέως
2359 3016 2534 3086 ἐδόθη,
2556 3017 2591 3084 ἡ
2620 3017 2779 3087 χάρις
2806 3016 2863 3069 δὲ
2887 3017 2983 3069 καὶ
3012 3018 3044 3087 ή
3074 3017 3304 3087 ἀλήθεια
3356 3017 3445 3069 διὰ
3484 3015 3667 3084 Ἰησοῦ

2089 3107 2324 3177 Χριστοῦ
2387 3107 2622 3174 ἐγένετο.
2675 3125 2694 3158 ι
2729 3107 2898 3176 Δῆλον
2953 3108 3062 3178 γὰρ
3115 3107 3190 3170 ὡς
3233 3107 3405 3161 ταῦτα
3464 3108 3666 3176 λέγων,

2090 3202 2210 3269 οὐχὶ
2230 3200 2329 3269 τὴν
2356 3199 2669 3270 ἀλήθειανῆ
2706 3200 2806 3272 τὴν
2844 3199 3003 3270 χάριν
3041 3199 3134 3253 τοῦ
3170 3200 3465 3254 Μωσαῖκοῦ
3497 3201 3667 3270 νόμου

2089 3289 2411 3360 περιέκοψεν
2431 3306 2444 3319 °
2469 3291 2628 3353 αὐτὸς
2648 3290 2756 3361 γὰρ
2793 3286 2862 3361 ἦν
2903 3293 2932 3345 6
2970 3291 3154 3362 μικρῴ
3197 3292 3435 3363 πρόσθεν
3463 3292 3542 3362 τῷ
3560 3293 3668 3362 τῆς

2088 3383 2329 3452 χάριτος
2370 3383 2533 3436 αὑτὸν
2582 3382 2963 3452 ἀποσεμνύνας
2996 3384 3242 3452 ὀνόματι.
3280 3385 3356 3437 Οὐ
3403 3387 3512 3454 μὴν
3541 3385 3669 3438 οὐδὲ

2086 3472 2278 3542 ψεῦδος
2309 3471 2473 3526 αὑτοῦ
2504 3473 2880 3543 κατηγόρησεν
2902 3488 2918 3502 ⁶
2947 3473 3068 3526 οὐδὲ
3096 3472 3204 3543 γὰρ
3254 3474 3340 3542 ἐφ’
3372 3473 3529 3544 ὕϐρει
3569 3476 3669 3528 καὶ

2086 3563 2304 3636 διαϐολῇ
2327 3564 2420 3617 τοῦ
2453 3564 2616 3634 νόμου
2649 3564 2729 3626 τὸ,
2766 3582 2785 3616 ι
2823 3566 2892 3617 Ἠ
2921 3565 3077 3635 χάρις
3113 3565 3170 3617 δὲ
3211 3567 3304 3617 καί
3348 3565 3573 3636 ἀλήθεια
3595 3567 3666 3619 δι’

2099 3655 2272 3726 Ἰησοῦ
2327 3655 2563 3726 Χριστοῦ
2607 3656 2844 3724 ἐγένετο,
2891 3674 2909 3707 ι
2959 3658 3071 3720 τοῖς
3132 3655 3511 3724 εὐαγγελικοῐς
3576 3656 3665 3709 θε-

2091 3751 2250 3818 σμοῖς
2291 3751 2660 3820 περιήρμοσεν
2691 3748 3038 3820 (Ἡρακλέων
3062 3748 3170 3819 γὰρ
3196 3749 3265 3802 ἂν
3292 3748 3464 3814 οῦτως
3496 3750 3662 3813 εἴποι,

2089 3838 2184 3892 καὶ
2210 3840 2258 3892 oi
2291 3839 2476 3902 παῖδες
2505 3839 2928 3910 Ἡρακλέωνος),
2965 3838 3080 3892 ἀλλ’
3114 3842 3523 3910 ἐπισημοτέραν
3564 3841 3663 3911 δη-

2088 3930 2260 3986 λονότι
2290 3933 2383 3986 καί
2418 3933 2758 4003 τελειοτέραν
2796 3932 2896 4002 τὴν
2922 3931 3015 3984 τοῦ
3043 3932 3316 3984 Δεσπότου
3346 3931 3663 4000 φιλοτιμίαν

2085 4027 2184 4096 τῆς
2230 4026 2531 4094 Μωσαῖκῆς
2565 4023 2884 4094 νομοθεσίας
2921 4023 3274 4094 παραστῆσαι
3310 4021 3659 4093 βουλόμενος,

2086 4117 2197 4186 τῆς
2242 4116 2482 4187 χάριτος
2513 4116 2681 4188 αὐτὴν
2717 4117 2812 4170 καὶ
2840 4115 3126 4184 ἀληθείας
3162 4117 3228 4186 τῇ
3283 4119 3434 4186 κοινῇ
3492 4132 3662 4185 προσ-

2087 4213 2284 4283 ηγορίᾳ
2302 4212 2641 4284 περιέλαϐεν.
2678 4211 2838 4264 Ἀλλὰ
2863 4211 2956 4264 καὶ
2986 4209 3196 4272 Παῦλος
3223 4210 3252 4261 6
3275 4209 3436 4272 θεῖος,
3463 4210 3660 4263 «Σκιὰν

2087 4303 2223 4372 ἔχων
2251 4305 2278 4355 6
2301 4303 2461 4372 νόμος
2485 4302 2592 4355 τῶν
2626 4301 2928 4370 μελλόντων
2957 4299 3196 4368 ἀγαθῶν,
3228 4300 3328 4352 οὐκ
3351 4300 3520 4370 αὐτὴν
3559 4302 3658 4371 τὴν

2087 4393 2268 4446 εἰκόνα
2296 4393 2404 4447 τῶν
2431 4393 2824 4465 πραγμάτων,›
2855 4393 3313 4461 ἀποφαινόμενος,
3335 4392 3396 4445 οὑ
3421 4392 3482 4444 τὸ
3517 4389 3656 4446 εἶναι

2087 4486 2176 4540 τὸν
2209 4488 2370 4556 νόμον
2401 4487 2569 4542 τύπον
2603 4489 2698 4542 καὶ
2718 4488 2904 4542 εἰκόνα
2926 4487 3034 4541 τῶν
3068 4486 3370 4556 μελλόντων
3409 4487 3654 4556 ἀγαθῶν,

421 4587 570 4640 gem,
627 4573 897 4626 bonorum
954 4572 1262 4628 futurorum
1324 4573 1638 4630 [ruitionem
1681 4591 1981 4644 repraesen-

2089 4579 2434 4648 ἀπεκήρυξεν
2464 4595 2478 4608 °
2523 4580 2660 4633 ἀλλά
2689 4580 2775 4634 διὰ
2803 4581 2908 4633 τῶν
2936 4580 3194 4652 ῥημάτων
3224 4577 3429 4632 τούτων
3455 4581 3655 4633 ἐνεδεί-

423 4676 474 4718 li]
483 4681 560 4719 re.

490 4842 632 4908 Quin
692 4853 746 4897 et
803 4847 1122 4900 decantatus
1159 4843 1212 4898 in
1243 4845 1578 4914 explicandis
1623 4856 1677 4901 et
1724 4847 1984 4904 docendis

418 4933 615 4988 «Ιίιὶιιὶε
645 4933 885 5001 Litteris,
935 4933 1173 4991 Joannes
1225 4936 1665 5008 Clirysostomus,
1700 4941 1889 4996 multis
1928 4943 1983 4997 in

420 5025 554 5078 locis
605 5025 703 5078 hac
759 5025 930 5094 ﬁgura
975 5027 1230 5081 dictionis
1286 5044 1416 5082 usus
1473 5044 1596 5084 esse
1645 5031 1980 5101 agnoscitur.

422 5113 610 5168 Divina
639 5117 855 5170 oracula
887 5117 1296 5172 commentariis
1321 5119 1641 5188 explanatis,
1661 5129 1715 5174 et
1745 5121 1983 5192 linguam

420 5207 476 5262 in
505 5207 572 5262 iis
603 5209 903 5262 enodandis
933 5210 1215 5274 adhibens,
1236 5226 1356 5281 quae
1387 5227 1512 5267 cum
1543 5211 1837 5269 Nicodemo
1869 5213 1984 5270 dis-

489 5408 534 5438 ⁶⁸
564 5407 720 5462 Joan.
752 5425 788 5474 ι,
826 5407 911 5461 16.
989 5409 1033 5439 ⁸³
1069 5407 1204 5464 ibid.
1240 5408 1325 5463 l7.

2093 4667 2238 4734 ξατο,
2268 4671 2466 4740 μᾶλλον
2485 4672 2582 4740 τὴν
2611 4673 2766 4742 χάριν
2796 4672 2829 4742 ἢ
2857 4671 2947 4724 τὸν
2980 4672 3164 4742 νόμον,
3203 4671 3310 4724 τῶν
3356 4671 3657 4742 μελλόντων

2103 4761 2324 4830 ἀγαθῶν
2354 4763 2639 4826 είκονίζειν
2672 4763 2771 4834 τὴν
2803 4763 3120 4816 ἀπόλαυσιν.

2179 4853 2289 4906 Ναὶ
2315 4854 2378 4924 δὴ
2407 4857 2498 4908 καὶ
2529 4857 2557 4907 ὀ
2579 4854 2743 4918 πολὺς
2781 4858 2839 4908 ἐν
2864 4857 2932 4926 τῇ
2963 4855 3071 4908 τῶν
3089 4855 3247 4908 θείων
3276 4857 3317 4908 Γ
3321 4857 3508 4927 ραφῶν
3528 4858 3660 4913 ἀνα-

2085 4942 2277 5007 πτύξει
2335 4946 2429 4997 καί
2473 4945 2791 5016 διδασκαλίᾳ
2854 4945 3108 5017 Ἰωάννης
3161 4948 3189 4998 6
3239 4947 3647 5018 Χρυσόστομος,

2085 5035 2353 5105 πολλαχοῦ
2383 5038 2720 5108 κεχρημένος
2757 5041 2835 5108 τῷ
2865 5038 3092 5110 τοιούτῳ
3144 5041 3382 5110 σχήματι
3420 5041 3528 5092 τῶν
3566 5041 3655 5092 λό-

2085 5143 2198 5196 γων
2243 5128 2538 5183 δείκνυται.
2589 5131 2727 5194 Τοὺς
2784 5131 2891 5202 γὰρ
2941 5131 3123 5195 θείους
3191 5132 3655 5204 ὑπομνηματίζων

2088 5219 2392 5290 χρησμοὺς,
2427 5221 2522 5274 καὶ
2547 5222 2626 5286 εἰς
2646 5222 2716 5277 τά
2747 5223 2882 5296 πρὸς
2930 5225 3020 5277 τὸν
3056 5225 3366 5297 Νικόδημον
3394 5225 3654 5296 εἰρημένα

1686 5591 1725 5642 ν
1740 5593 1768 5644 Α
1781 5589 1918 5644 “MS
1960 5588 2366 5644 LEtlTlONES.

480 5718 504 5749 α
531 5710 802 5780 τεχνικῆς.
883 5721 904 5748 θ
944 5711 1026 5764 to.
1056 5711 1308 5780 οατέρας.
