3902 6212
155 269 255 332 985

857 271 958 330 AD
986 269 1584 330 AMPH-ILOCHIUM
1614 269 1960 340 QUIESTIO
1997 269 2272 342 CCXVII,
2300 269 2610 329 CCXVIII.

3300 271 3412 334 986'

154 367 226 435 τῷ
254 366 516 438 Δεσπότῃ,
547 365 647 434 τὴν
683 363 784 432 τῆς
820 363 1118 433 ἑρμηνείας
1171 360 1419 429 γλῶτταν
1465 361 1716 428 ἐπαφεὶς,

1833 363 2039 417 serebat
2092 362 2370 424 Servator,
2427 375 2821 432 sermonesque
2875 377 3065 416 serens
3102 361 3168 416 de
3230 362 3408 433 bapti-

157 462 242 512 καὶ
266 459 393 531 περὶ
430 457 532 528 τῆς
584 456 674 509 διὰ
721 454 814 506 τοῦ
871 453 1243 524 βαπτίσματος
1295 453 1708 522 ἁναγεννήσεως

156 553 243 607 καὶ
271 555 366 624 τῆς
387 550 631 622 ἀχρόνως
653 551 717 602 ἐκ
746 547 958 616 Πατρὸς
977 543 1072 597 τοῦ
1107 543 1238 597 Υἱοῦ
1267 546 1578 614 γεννήσεως
1627 543 1720 596 τὸν

155 647 314 714 Λόγον
340 643 526 708 κινῶν,
560 659 580 692 ι
619 641 682 694 Et
711 640 820 710 γὰρ
847 637 944 692 καὶ
981 637 1144 708 αὑτὴ,
1171 636 1362 708 φησὶν,
1384 638 1418 706 ἡ
1463 635 1720 704 γέννησις

153 735 464 806 ἐπουράνιος
497 747 510 761 ·
544 730 680 785 ἀλλά
706 729 841 802 πρὸς
874 728 1090 797 ἐκείνην
1135 725 1595 799 παραϐαλλομένη
1621 727 1721 800 τὴν

155 825 344 896 ἀληθῆ,
380 825 476 876 καὶ
505 823 571 875 ὲκ
612 821 713 891 τῆς
741 818 834 871 τοῦ
889 817 1102 886 Πατρὸς
1132 816 1344 882 οὐσίας,
1389 815 1653 884 ἐπίγειος.
1697 833 1716 866 ι

165 917 398 978 ’Δκούεις
448 915 597 977 ὅπως
659 912 796 984 πρὸς
830 912 1046 980 ἐκείνην
1091 909 1228 981 φησὶ⁹
1272 908 1370 978 τὴν
1417 907 1616 980 ἀληθῆ.
1657 905 1724 962 Τί

151 1008 267 1076 div;
301 1011 334 1079 ἡ
372 1008 461 1062 διὰ
485 1007 578 1060 τοῦ
610 1003 992 1076 βαπτίσματος
1047 1003 1148 1055 ούκ
1175 1000 1323 1054 ἔστιν
1356 999 1596 1070 ἀληθής;
1629 999 1725 1054 καὶ

150 1104 232 1165 τίς
265 1101 422 1168 ἀν,εί
485 1100 560 1170 μὴ
611 1097 721 1151 τῶν
769 1095 976 1165 σφόδρα
1040 1092 1381 1164 μαινομένων
1429 1092 1540 1164 εἴη,
1567 1091 1726 1152 τοῦτο

152 1193 308 1259 φάναι
361 1191 682 1260 mitiﬁcae;
733 1187 855 1250 Πῶς
903 1181 996 1239 οὖν
1048 1186 1254 1248 ἐκεῖνος
1308 1184 1452 1254 ἐφη,
1502 1201 1521 1235 ι
1574 1183 1718 1252 Πρὸς

153 1286 363 1356 ἐκείνην
421 1285 520 1353 τὴν
554 1281 760 1352 ἀληθῆ;
801 1298 819 1331 ›
883 1279 943 1331 τὸ
1002 1277 1333 1356 ὑψηλότερον
1367 1275 1583 1347 ἐκείνης
1629 1276 1726 1330 καὶ

153 1353 589 1446 θαυμασιώτερον
637 1371 903 1442 ὲξυμνῶν,
939 1369 1000 1424 ού
1057 1353 1263 1438 ταύτην
1308 1369 1408 1438 τῆς
1467 1368 1727 1439 ἀληθείας

151 1469 483 1540 ἀποστερῶν.
513 1467 622 1520 Καὶ
681 1466 734 1519 τί
783 1466 839 1518 δὲ
884 1463 1043 1518 τοῦτό
1093 1479 1274 1532 φημι;
1304 1461 1472 1515 ἄκουε
1527 1460 1726 1530 μᾶλλον

151 1563 307 1616 αὐτὸν
334 1561 401 1616 τὰ
419 1560 559 1614 αύτά
595 1559 742 1629 ἐμοὶ,
761 1558 820 1612 οὐ
846 1559 958 1619 τοῖς
986 1557 1223 1625 νοήμασι
1257 1554 1439 1624 μόνον,
1474 1551 1612 1606 ἀλλά
1633 1551 1728 1606 καὶ

153 1657 327 1716 αὐτοῖς
344 1658 454 1716 τοῖς
485 1654 692 1724 ῥήμασι
723 1667 786 1704 συ
796 1648 1232 1720 μφθεγγόμενον,
1247 1647 1343 1703 καὶ
1357 1645 1455 1718 τὴν
1471 1644 1728 1715 τοιαύτην

1825 465 2001 508 smate
2044 453 2498 524 regenerationis,
2532 462 2585 508 et
2627 454 2978 522 generatione
3009 470 3174 524 supra
3206 466 3260 512 et
3290 462 3410 513 sine

1823 549 2086 614 tempore,
2111 542 2233 608 Filii
2268 559 2298 598 a
2324 543 2506 614 Patre,
2570 564 2589 596 ι
2631 542 2940 614 Utcunque,
2975 546 3073 614 ait,
3105 547 3220 602 hare
3244 565 3407 618 gene-

1823 636 1963 691 ratio
1991 637 2232 694 ccelestis
2261 640 2366 704 sit,
2401 654 2526 702 cum
2561 638 2652 692 illa
2679 646 2860 691 tamen
2892 653 3018 692 vera
3059 643 3409 707 generatione

1822 729 2041 792 collata,
2066 745 2189 798 qua:
2216 733 2283 784 de
2316 739 2540 800 paterna
2572 729 2812 784 essentia
2839 739 2944 793 est,
2977 739 3193 784 terrena
3226 731 3409 799 potius

1823 821 2158 876 censebitur.
2199 839 2219 871 ι
2265 821 2459 885 Audis,
2511 833 2571 876 ut
2616 821 2784 885 dicat,
2820 830 3069 890 respectu
3128 823 3194 876 ad
3259 823 3404 876 illam

1821 926 2006 968 veram
2063 912 2266 968 habito.
2299 912 2441 967 Num
2497 928 2604 968 non
2654 927 2786 984 ergo
2835 928 2932 982 per
2976 913 3246 982 baptisma
3278 930 3409 968 vera

1824 1012 1908 1058 est
1937 1004 2476 1074 regeneratio?Quis
2528 1005 2637 1060 nisi
2685 1020 2899 1060 summa
2960 1005 3174 1060 insania
3233 1006 3411 1074 perci-

1827 1104 1936 1160 tus,
1979 1096 2125 1160 dicet
2182 1096 2299 1152 ita?
2330 1096 2620 1163 Quomodo
2644 1113 2775 1169 ergo
2807 1098 2946 1152 dixit
2976 1099 3090 1162 ille,
3139 1115 3158 1148 ι
3199 1097 3408 1152 Collata

1827 1203 1951 1258 cum
1986 1189 2078 1245 illa
2107 1189 2275 1244 vera?
2314 1208 2334 1242 ›
2367 1205 2562 1260 nempe
2581 1190 2746 1260 hujus
2771 1190 3166 1246 sublimitatem
3197 1190 3407 1254 laudat,

1828 1279 2150 1348 admiratur,
2199 1295 2299 1335 nec
2356 1289 2534 1334 tamen
2591 1281 2732 1334 hanc
2770 1281 2951 1349 privat
2979 1282 3227 1336 veritate.
3266 1279 3410 1346 Quid

1829 1386 1970 1441 opus
1998 1378 2082 1426 est
2111 1373 2184 1426 ita
2215 1372 2510 1442 colligam?
2537 1373 2772 1427 Attende
2797 1372 2942 1427 enim
2993 1373 3177 1442 potius
3204 1383 3265 1428 ut
3296 1374 3412 1442 ipse

1828 1475 1943 1515 rem
1978 1461 2375 1527 eamdem,non
2407 1477 2573 1516 sensu
2602 1467 2741 1527 solo,
2761 1465 2856 1516 sed
2886 1465 3068 1519 verbis
3095 1464 3426 1532 ipsissimis..

1833 1565 1934 1603 una
1967 1553 2208 1604 concinit
2234 1566 2473 1615 mecum,
2509 1560 2563 1605 et
2601 1551 2838 1605 ostendit
2886 1550 3038 1604 illum
3091 1551 3270 1619 ipsum
3303 1567 3414 1606 ser-

1831 1657 2054 1697 monum
2099 1658 2260 1698 usum
2303 1645 2354 1695 in
2391 1643 2608 1698 Domini
2637 1643 2812 1697 nostri
2845 1642 3024 1696 verbis
3059 1644 3410 1698 insidentem.

151 1748 256 1800 τῶν
307 1747 480 1817 λόγων
513 1745 711 1816 χρῆσιν
770 1745 922 1813 ἡμῖν,
960 1743 1062 1796 κάν
1127 1744 1238 1805 τοῖς
1294 1739 1390 1794 τοῦ
1448 1739 1721 1806 Δεσπότου

1833 1733 1960 1788 Nam
1989 1750 2114 1788 cum
2146 1735 2212 1788 de
2243 1749 2444 1788 manna
2500 1733 2706 1790 Judzeis
2763 1735 2843 1788 sic
2895 1735 3216 1804 prolocutus
3246 1737 3410 1789 Chri—

155 1843 387 1912 ῥήμασιν
426 1838 788 1906 ἐγκειμένην,
837 1833 1273 1888 ὑποδεικνύοντα.
1321 1831 1428 1886 Τοῦ
1457 1832 1567 1904 γὰρ
1614 1832 1728 1886 Σω-

150 1913 310 2004 τῆρος
371 1931 485 1993 τοῖς
539 1927 811 1989 Ἰουδαίοις
879 1926 1127 1989 εἰπόντος
1186 1925 1318 1996 περὶ
1374 1923 1470 1976 τοῦ
1529 1921 1724 1993 μάννα,

150 2024 225 2086 ὡς
261 2043 278 2073 ι
313 2023 448 2092 Οὐχὶ
493 2020 698 2089 Μωσῆς
745 2018 976 2072 δέδωκεν
1011 2018 1140 2086 ὑμῖν
1165 2017 1256 2071 τὸν
1305 2016 1490 2086 ἄρτον,
1538 2012 1652 2067 ἀλλ’
1699 2016 1728 2067 ὁ

153 2113 338 2179 Πατήρ
372 2128 472 2180 μου
490 2110 704 2170 δίδωσιν
733 2108 861 2177 ὑμῖν
887 2107 978 2159 τὸν
1004 2105 1257 2176 ἀληθινὸν
1282 2106 1470 2178 ἄρτον,
1502 2123 1521 2156 ι
1559 2103 1724 2168 αὐτὸς

149 2204 241 2256 τὸν
283 2203 406 2255 νοῦν
445 2199 806 2254 ἀναπτύσσων
831 2199 923 2252 τὸν
980 2198 1338 2264 Δεσποτικὸν,
1365 2196 1509 2251 οὕτω
1539 2196 1675 2268 φησί
1703 2213 1720 2229 ο

155 2297 350 2366 ’Λρτον
389 2294 445 2347 δὲ
499 2293 750 2363 ἀληθινὸν
789 2292 964 2357 καλεῖ,
989 2291 1089 2345 οὐκ
1130 2291 1316 2361 ἐπειδὴ
1343 2290 1538 2360 ψευδὲς
1562 2285 1631 2361 ἦν
1663 2290 1725 2342 τὸ

150 2385 353 2456 θαῦμα,
393 2384 452 2438 τὸ
480 2384 572 2436 ἐπὶ
604 2383 699 2437 τοῦ
747 2382 926 2452 μάννα
955 2399 970 2413 ο
1000 2382 1115 2434 ἀλλ’
1151 2383 1232 2434 ὅτι
1281 2381 1451 2446 τύπος
1499 2377 1588 2451 ἦν,
1626 2382 1729 2435 ούκ

149 2477 543 2548 αὐτοαλήθεια·
580 2477 675 2529 καὶ
727 2475 896 2546 μυρία
922 2474 1079 2529 ἄλλα.
1128 2473 1288 2526 Ἀλλὰ
1342 2472 1394 2525 τί
1436 2472 1527 2526 τὸν
1581 2473 1728 2526 δεῖνα

153 2573 409 2642 μάρτυρα
437 2569 470 2640 ἢ
496 2568 588 2622 τὸν
612 2567 760 2620 δεῖνα
790 2565 972 2630 καλῶ;
1004 2565 1215 2627 Κοινῶς
1250 2564 1488 2627 ἅπαντες
1515 2564 1609 2616 καὶ
1633 2565 1729 2633 τῆς

161 2661 489 2731 Ἐκκλησίας
513 2661 562 2712 οἱ
597 2658 878 2730 τρόφιμοι,
907 2657 1003 2710 κα)⁸
1031 2656 1141 2710 τῶν
1189 2655 1422 2724 θύραθεν
1457 2656 1507 2708 οἱ
1532 2653 1730 2724 λογιώ-

149 2771 320 2818 τατοι,
353 2752 491 2823 πλὴν
515 2749 623 2802 τῶν
665 2747 1200 2819 Εἰκονομαχούντων,
1229 2748 1304 2810 ὡς
1331 2747 1495 2808 ἔοικε,
1525 2747 1731 2816 ταύτην

148 2846 242 2899 τοῦ
275 2832 462 2911 λόγου
488 2842 586 2912 τὴν
620 2841 818 2912 χρῆσιν
851 2839 1306 2893 συνεπίστανται·
1343 2841 1437 2892 καί
1465 2837 1730 2907 γέμουσιν

151 2939 206 2990 αἱ
255 2935 428 3006 βίϐλοι
477 2933 538 2987 τὸ
580 2933 791 2986 τοιοῦτο
838 2931 947 2984 τῶν
981 2930 1157 2998 λόγων
1205 2929 1418 2998 ίδίωμα.
1458 2929 1544 2988 Ὠς
1594 2929 1730 2981 ὲπάν

148 3027 252 3082 ὦσι
281 3027 372 3094 δίύο
397 3028 542 3091 τινὰ,
575 3025 606 3095 ἢ
638 3025 730 3077 καὶ⁹
759 3023 980 3076 πλείονα
1008 3021 1130 3074 καθ’
1168 3020 1510 3090 ὁμωνυμίαν,
1535 3019 1567 3090 ἣ
1609 3018 1730 3072 καθ’

147 3119 335 3191 ἕτερόν
366 3136 487 3172 τινα
507 3117 730 3188 τρόπον,
759 3115 858 3184 τὴν
880 3114 1048 3184 αὐτὴν
1077 3113 1270 3183 κλῆσιν
1297 3112 1661 3182 ἐφελκόμενα,
1694 3112 1726 3180 ἢ
1761 3096 1785 3148 Ψ

149 3213 248 3266 καὶ
276 3211 448 3273 ἄλλως
475 3209 531 3263 ἐν
561 3227 668 3262 τισι
690 3208 994 3269 κοινωνίαις
1022 3207 1332 3276 ἰδιωμάτων
1347 3205 1686 3278 τυγχάνοντα
1712 3223 1726 3238 ·

148 3304 314 3376 ἡνίκα
336 3321 419 3367 τις
451 3302 698 3371 περὶτοῦ
731 3303 788 3354 ὲν
817 3302 1003 3364 αὐτοῖς
1042 3299 1403 3370 ὑπερέχοντος
1437 3300 1529 3353 τὸν
1572 3300 1730 3368 λόγον

149 3393 483 3464 ποιήσασθαι
513 3393 773 3463 βουληθῇι
801 3394 869 3447 τὰ
898 3395 1052 3463 κοινῇ
1105 3393 1379 3462 προσόντα
1419 3394 1577 3453 πᾶσι,
1611 3393 1729 3443 κατ’

147 3488 431 3556 ἐξαίρετον
475 3485 669 3555 ἐκείνῳ
721 3485 902 3555 φέρων
950 3484 1200 3537 δίδως-τιν’
1234 3483 1354 3552 ούχὶ
1406 3482 1514 3534 τῶν
1555 3481 1731 3534 ἄλλων

145 3578 290 3632 αὐτὰ
335 3577 612 3642 παντελῶς
662 3575 1082 3646 ἀφαιρούμενος,
1113 3574 1248 3627 ἀλλά
1285 3573 1374 3625 διὰ
1402 3571 1593 3626 τούτου
1633 3571 1732 3642 τὴν

145 3668 248 3724 τοῦ
291 3668 658 3738 προκειμένου
685 3665 957 3737 ὑπεροχὴν
998 3665 1137 3735 πρὸς
1162 3663 1233 3716 τὰ
1265 3663 1426 3715 λοιπὰ
1457 3661 1730 3724 ἐνδεικνύ-

153 3778 350 3831 μενος·
382 3763 476 3815 καὶ
492 3761 584 3814 τοῦ
608 3759 766 3829 λόγου
800 3758 1026 3828 ἀρκέσει
1056 3755 1408 3829 παράδειγμα
1425 3755 1514 3820 τὰ,
1552 3748 1729 3824 οἶμαι,

149 3857 186 3908 ἂ
217 3853 565 3926 προείρηται.
595 3853 658 3906 Εἰ
703 3851 758 3904 δὲ
786 3851 882 3903 καὶ
927 3848 1131 3920 ἐτέρων
1178 3845 1357 3918 βούλει
1407 3845 1730 3918 παράθεσιν,

147 3946 317 4010 αὐτὸς
368 3947 508 3998 κατά
557 3943 782 3997 σεαυτὸν
829 3940 899 3995 τὰ
951 3938 1132 4011 βιϐλία
1189 3939 1556 4010 διερχόμενος,
1603 3939 1734 4007 ὃλην

147 4039 479 4108 ἀπαρτίσεις
521 4037 703 4108 βίϐλον
733 4034 842 4089 τῶν
884 4032 1140 4087 τοιούτων
1162 4033 1410 4104 χρήσεων
1446 4032 1515 4087 τὰ
1551 4049 1732 4104 παρα-

143 4133 424 4203 δείγματα
479 4130 916 4202 ὲγγραφόμενος.

680 4250 1015 4307 ΕΡΩΤΠΣΙΣ
1056 4249 1206 4302 ΣΙΗ’.

1830 1835 1948 1881 stus
2003 1836 2182 1881 esset:
2232 1846 2249 1878 ι
2310 1826 2488 1882 Moses
2537 1843 2645 1881 non
2688 1826 2835 1880 dedit
2874 1827 3032 1892 vobis
3061 1841 3278 1894 panem,
3318 1828 3413 1881 sed

1829 1918 1989 1974 Pater
2024 1933 2176 1973 meus
2212 1919 2368 1974 vobis
2398 1919 2491 1974 dat
2524 1933 2713 1972 verum
2743 1932 2934 1987 panem
2972 1918 3052 1983 ⁶⁷;
3101 1936 3120 1968 ι
3155 1917 3244 1971 ille
3272 1935 3415 1972 mor-

1830 2015 1941 2062 tem
1974 2007 2196 2063 Domini
2231 2011 2547 2072 enucleans,
2583 2011 2680 2064 ait.
2714 2011 2918 2064 Panem
2953 2019 3135 2064 autem
3182 2011 3418 2079 appellat

1831 2102 1920 2158 hic
1950 2118 2168 2168 verum,
2207 2119 2313 2157 non
2347 2103 2494 2173 quod
2527 2102 2726 2158 falsum
2751 2113 2868 2156 erat
2893 2101 3024 2155 illud
3057 2102 3413 2163 miraculum,

1829 2194 1974 2266 quod
2018 2193 2074 2248 in
2119 2209 2317 2248 manna
2359 2195 2654 2258 edebatur;
2693 2193 2787 2248 sed
2818 2194 2962 2262 quod
2993 2193 3166 2262 ﬁgura
3197 2203 3332 2260 erat,
3365 2203 3420 2246 ct

1834 2302 1940 2341 non
1988 2287 2106 2357 ipsa
2144 2289 2222 2342 rei
2269 2287 2470 2341 veritas
2503 2303 2518 2339 :
2552 2295 2677 2340 sunt
2703 2295 2757 2339 et
2796 2295 3052 2340 sexcenta
3083 2285 3188 2338 alia
3223 2285 3415 2339 istius-

1833 2379 2002 2432 modi.
2025 2378 2129 2432 Sed
2155 2393 2420 2447 quorsum
2456 2378 2602 2430 bunc
2633 2376 2717 2429 vel
2748 2375 2896 2428 illum
2924 2390 3025 2445 ego
3049 2385 3240 2430 testem
3271 2376 3418 2428 cito?

1833 2470 2133 2542 generatim
2171 2486 2383 2534 omnes,
2409 2484 2533 2523 cum
2568 2467 2826 2522 Ecclesia:
2855 2467 3085 2531 alumni,
3112 2476 3226 2521 tum
3267 2477 3420 2523 exte-

1834 2576 2022 2614 rorum
2052 2561 2378 2625 doctissimi,
2401 2561 2535 2615 solis
2565 2561 2809 2629 exceptis
2836 2559 3241 2624 Ieonomachis,
3272 2563 3420 2616 hunc

1833 2651 1986 2718 verbi
2029 2668 2216 2718 usum,
2263 2662 2321 2706 ut
2381 2653 2630 2717 videtur,
2679 2659 2986 2722 agnoscunt
3035 2668 3050 2705 :
3105 2661 3160 2705 et
3210 2662 3423 2707 scatent

1837 2745 2045 2816 passim
2081 2745 2202 2799 libri
2240 2746 2407 2799 istius
2431 2746 2554 2799 nodi
2591 2745 2896 2798 verborum
2943 2745 3416 2814 prolirietatihus:

1837 2848 1899 2891 ut
1926 2847 2080 2908 puta,
2116 2853 2239 2892 eum
2293 2837 2403 2892 duo
2450 2835 2700 2906 quaedam
2733 2846 2826 2891 aut
2877 2838 3042 2892 etiam
3075 2837 3231 2905 plura
3267 2843 3418 2901 sunt,

1837 2945 1958 3000 qua:
1986 2946 2085 2999 per
2116 2930 2529 3000 homonymiam
2556 2937 2652 2982 aut
2680 2929 2846 2982 alium
2876 2930 3163 2999 quemdam
3195 2929 3418 2982 modum

1838 3022 2121 3088 dicuntur,
2165 3026 2414 3078 eamdem
2472 3025 2756 3077 attrahunt
2789 3023 2855 3078 ad
2889 3037 2947 3077 se
2976 3021 3418 3092 appellationem,

1840 3117 1920 3168 vel
1942 3115 2049 3168 alio
2075 3115 2260 3186 aliquo
2289 3115 2472 3177 modo,
2503 3130 2626 3169 cum
2653 3115 3155 3169 communicatione
3185 3113 3421 3166 idioma-

1838 3217 1952 3262 tum
1985 3210 2345 3276 adhibentur;
2375 3210 2468 3280 qui
2499 3222 2809 3264 sermonem
2838 3208 3072 3263 inStituit
3101 3208 3169 3262 de
3199 3206 3422 3275 praccel-

1834 3302 2072 3365 leutiori,
2099 3303 2188 3356 illa
2234 3318 2353 3371 qua:
2379 3303 2748 3357 communiter
2791 3302 2857 3356 ad
2913 3301 3098 3354 omnia
3143 3305 3416 3368 spectant,

1836 3412 1932 3466 per
1976 3411 2265 3450 excessum
2306 3397 2483 3449 cidem
2543 3395 3012 3450 accon‘imodando
3059 3393 3278 3456 tribuit;
3317 3407 3419 3444 nec

1836 3490 1904 3542 ab
1955 3489 2076 3542 aliis
2109 3489 2325 3541 interim
2378 3489 2470 3540 illa
2521 3487 2724 3551 aufert,
2756 3488 2849 3541 sed
2887 3501 2981 3555 per
3033 3485 3164 3538 illud
3203 3483 3419 3553 allegati

1836 3580 2212 3634 excellentiam
2267 3595 2432 3646 super
2453 3589 2648 3633 caetera
2699 3578 2966 3632 declarat.
3011 3576 3237 3645 Opinor,
3272 3575 3417 3644 qupd

1836 3672 2061 3732 allatum
2096 3680 2177 3724 est
2210 3671 2544 3739 exemplum,
2570 3669 2796 3732 sufticit,
2838 3667 2984 3738 quod
3016 3669 3161 3731 dico,
3192 3667 3418 3720 demou-

1837 3771 2029 3815 strare.
2093 3759 2186 3815 Sin
2245 3771 2299 3815 et
2342 3762 2446 3814 alia
2493 3777 2710 3830 quoque
2756 3761 3062 3829 adjicienda
3119 3762 3415 3823 desideres,

1837 3851 1954 3920 ipse
1978 3867 2073 3920 per
2121 3861 2287 3904 temet
2317 3851 2467 3905 solus
2496 3867 2651 3903 sacra
2692 3850 2862 3902 Biblia
2898 3865 3179 3918 percurre,
3212 3861 3265 3902 et
3288 3866 3416 3903 coa-

1837 3946 2083 4000 cerVabis
2138 3955 2222 3999 tot
2262 3946 2510 4014 exempla
2560 3947 2719 4000 istius
2762 3962 2916 4010 usus,
2963 3961 3088 4014 qua:
3147 3948 3417 4001 coniicere

1835 4037 2090 4091 volumen
2128 4045 2351 4108 queant.

1847 4249 2461 4318 QUIESTIOICCXVIII
2498 4256 2686 4329 [CoisL
2720 4255 2950 4320 CLXIII,
2991 4255 3154 4309 Taur.
3187 4253 3412 4310 CLXIII.

841 4367 986 4417 Edita
1007 4379 1037 4416 a
1057 4361 1358 4414 Montacutio
1384 4363 1488 4426 (ep.
1516 4365 1574 4413 ad
1615 4363 1923 4427 Amphiloeh.
1949 4380 1996 4430 p.
2023 4368 2272 4432 190-195).
2300 4397 2362 4406 ——
2383 4373 2521 4421 Joan.
2546 4387 2632 4432 xx,
2655 4372 2731 4421 17.

226 4457 411 4524 Ὅπερ
428 4451 684 4525 Χριστὸς,
722 4451 752 4503 ὅ
775 4449 908 4513 Θεὸς
932 4447 1111 4519 ἡμῶν,
1142 4450 1207 4518 τῇ
1239 4447 1572 4515 Μαγδαληνῇ
1608 4448 1728 4500 Μα-

1903 4447 2057 4513 Quod
2111 4451 2363 4507 Christus
2412 4453 2554 4507 Deus
2608 4465 2792 4508 noster
2842 4452 3023 4506 Maria:
3082 4451 3417 4520 Magdalenaz

149 4551 268 4622 ρίᾳ,
322 4544 622 4616 προσιούσῃ
677 4542 832 4612 φησὶ,
865 4557 885 4592 ι
939 4542 1028 4609 Μή
1070 4557 1171 4609 μου
1198 4537 1370 4592 ἅπτου
1395 4553 1408 4566 ·
1440 4537 1592 4590 οὔπω
1625 4539 1735 4608 γὰρ

145 4639 478 4708 ἀναϐέϐηκα
519 4635 654 4706 πρὸς
690 4634 782 4687 τὸν
833 4632 1058 4699 Πατέρα
1094 4649 1220 4702 μου,
1252 4650 1270 4682 ι
1297 4630 1447 4684 δοκεῖ
1478 4632 1578 4700 μέν
1616 4648 1735 4692 πως

144 4731 296 4787 εἶναι
318 4727 712 4798 δυσθεώρητον.
747 4725 814 4777 Τί
859 4724 958 4790 ὃέ;
989 4719 1098 4793 ἆρα
1134 4722 1244 4792 γὰρ
1287 4719 1425 4791 μετά
1473 4720 1572 4791 τὴν
1601 4721 1737 4790 πρὸς

145 4825 247 4878 τὸν
295 4820 516 4891 Πατέρα
545 4816 754 4880 ἄνοδον,
788 4815 910 4868 τότε
953 4812 1156 4883 μᾶλλον
1180 4812 1315 4882 αὐτῇ
1350 4810 1638 4881 ἐπιτρέψει
1675 4811 1738 4864 τὸ

145 4911 538 4987 ὲφάπτεσθαι;
573 4909 646 4961 Τὸ
681 4907 740 4972 δὲ
769 4905 1010 4960 τοιοῦτόν
1041 4906 1222 4958 ὲστινο
1254 4903 1368 4958 Ούκ
1396 4903 1573 4967 ἔξεστί
1633 4919 1735 4968 σοι,

145 5007 347 5077 φησὶν,
380 5001 514 5073 ἐμοῦ
547 4999 814 5056 ἅπτεσθαι
845 5013 860 5028 ο
891 4996 981 5050 διὰ
1009 4995 1061 5048 τί
1087 5013 1102 5062 ;
1135 4993 1303 5049 Οὔπω
1332 4995 1442 5068 γάρ
1485 5013 1567 5048 σοι
1592 4995 1736 5058 δοκῶ

143 5098 296 5170 πρὸς
326 5094 393 5148 ,τὸ
417 5091 670 5162 πατρῷον
695 5089 828 5159 ὕψος
857 5087 1280 5158 ἀναϐεϐηκέναι,
1311 5088 1408 5140 καὶ
1441 5090 1540 5158 τῆς
1569 5087 1736 5158 ὑπερ-

143 5187 330 5258 ιγτυοῦς
353 5184 539 5245 οὐσίας
569 5183 858 5238 ἀναλαϐεῖν
887 5179 948 5233 τὸ
969 5178 1186 5251 ἀξίωμα
1209 5197 1222 5212 ο
1257 5179 1371 5234 ἀλλ’
1399 5180 1480 5233 ἔτι
1504 5180 1742 5234 ταπεινά

144 5280 350 5350 Λογίςῃ
395 5276 528 5348 περὶ
557 5274 716 5346 ἐμοῦ,
766 5271 1070 5344 προσιοῦσά
1129 5288 1221 5342 μοι
1254 5269 1298 5337 ε,
1328 5272 1424 5326 καὶ
1462 5271 1572 5324 τῶν
1621 5272 1734 5325 ἀν-

187 5372 451 5443 ρωπίνων
482 5369 698 5440 μέτρων
750 5365 903 5420 οὐδὲν
934 5363 1285 5436 ὑψηλότερον.
1315 5363 1393 5417 Τὸ
1413 5363 1492 5429 δὲ,
1521 5365 1618 5435 οὐχ
1648 5366 1731 5419 ὄτι

214 5489 260 5520 θ’
296 5487 460 5542 Joan.
491 5504 564 5550 τι,
593 5487 681 5542 32.

1839 4541 2061 4594 adeunti
2114 4542 2316 4612 ipsum,
2373 4546 2469 4611 ait,
2529 4563 2548 4595 ι
2583 4545 2702 4600 Noli
2739 4561 2824 4600 me
2879 4555 3123 4615 tangere,
3173 4547 3412 4598 nomium

1840 4635 2060 4687 ascendi
2107 4635 2173 4688 ad
2228 4635 2444 4690 Patrem
2484 4654 2702 4703 meum,
2747 4656 2767 4689 ›
2829 4639 3046 4692 videtur
3078 4638 3219 4690 haud
3259 4637 3416 4691 facile

1840 4725 2270 4798 intelligendum.
2331 4730 2472 4797 Quid
2523 4732 2706 4788 enim?
2745 4747 2814 4786 an
2865 4741 2989 4801 post
3034 4731 3413 4798 ascensionem

1839 4818 1906 4872 ad
1967 4819 2204 4886 Patrem,
2241 4825 2414 4892 magis
2467 4825 2516 4878 ei
2570 4824 2944 4894 permissurus
2971 4833 3052 4878 est
3089 4823 3265 4892 ipsum
3297 4831 3417 4876 tan-

1837 4909 2000 4976 gere?
2026 4909 2142 4964 lmo
2173 4911 2276 4966 hoc
2309 4913 2551 4982 estquod
2588 4914 2703 4967 vult
2725 4931 2739 4968 :
2761 4912 2878 4968 Non
2903 4914 3031 4968 licet
3061 4913 3176 4975 tibi,
3205 4913 3302 4978 ait,
3332 4929 3417 4965 me

1841 4999 2176 5070 contingere.
2209 5001 2320 5056 Cur
2352 5003 2573 5057 autem?
2599 5001 2851 5058 Nondum
2881 5019 2981 5072 ego
3007 5002 3103 5057 tibi
3130 5001 3317 5056 videor
3349 5002 3414 5056 ad

1837 5089 2018 5149 Patris
2086 5094 2482 5150 sublimitatem
2552 5095 2901 5162 ascendisse,
2963 5104 3017 5150 et
3097 5095 3418 5149 substantia:

1836 5183 1984 5240 iHius
2034 5187 2468 5244 transcendentis
2504 5188 2825 5259 dignitatem
2871 5187 3273 5257 assumpsisse;
3319 5187 3414 5240 sed

1836 5285 1894 5329 tu
1921 5276 2100 5332 adhuc
2128 5294 2215 5332 me
2240 5293 2530 5334 accessura
2561 5279 2768 5334 humile
2787 5279 2920 5349 quid
2956 5280 3020 5334 de
3050 5295 3137 5333 me
3175 5281 3411 5345 cogitas,

1837 5381 1940 5422 nec
1968 5367 2264 5424 humanam
2314 5383 2630 5429 mensuram
2661 5369 2972 5426 excedens:
3011 5378 3222 5426 tantum
3259 5367 3414 5423 abest

1423 5597 1651 5654 VARUE
1685 5595 2095 5655 LECTIONES.

210 5695 231 5733 τ
279 5693 390 5749 555
423 5709 545 5765 μου.
