3902 6212
464 296 570 363 987

1629 295 1893 357 PHOTII
1931 293 2438 359 PATRIARCHE
2467 292 2579 357 ΟΡ.

3645 288 3750 352 988

463 398 526 443 ut
571 386 688 441 haec
743 384 932 456 opinio
972 396 1025 442 te
1060 385 1282 456 dignam
1322 386 1537 453 reddat,
1572 402 1695 457 qua:
1726 401 1813 440 me
1839 395 2050 455 tangas,

2158 384 2316 451 ἀξίαν
2335 385 2395 438 οὑ
2432 386 2581 438 ποιεῖ
2615 399 2676 436 σε
2697 382 2799 454 τῆς
2830 382 2971 454 ἐμῆς
3003 381 3165 453 δόξης
3207 378 3575 450 ἐφάπτεσθαι,
3613 380 3748 432 ἀλλά

460 489 522 534 ut
558 479 774 549 elonget
819 479 1013 548 magis.
1046 480 1235 549 Itaque
1279 479 1534 535 advertas
1563 479 1825 550 qualiter.
1865 496 1883 529 ι
1926 477 2051 532 Noli

460 586 551 625 me
583 580 830 642 tangere,
854 590 872 623 ι
902 572 992 626 ubi
1021 572 1255 639 dixerat,
1287 572 1420 627 illud
1456 575 1717 636 annectit,
1755 590 1773 623 ι
1794 570 2050 627 Nondum

460 666 639 733 enim;
679 684 697 717 ι
735 681 887 737 spem
925 667 1002 721 illi
1039 664 1191 732 facit,
1222 666 1369 736 quod
1420 681 1529 720 non
1585 667 1640 720 in
1679 666 1843 722 linem
1874 681 1904 720 a
1948 682 2053 721 suo

461 756 739 812 desiderio
770 758 1123 824 excludetur;
1156 758 1249 812 sed
1293 759 1439 827 quod
1480 766 1602 829 post
1628 758 1905 827 paululum
1938 768 2054 814 stu-

463 850 619 905 diose
664 853 896 921 quaasito
922 850 1253 921 perfruetur,
1283 868 1346 905 ac
1378 852 1424 907 si
1463 853 1670 907 diceret
1697 870 1711 905 :
1749 851 1867 907 Non
1895 859 2054 922 potes

463 957 553 997 me
614 942 765 997 adire
816 944 889 997 ita
935 943 1174 997 animata
1223 954 1284 997 ut
1334 958 1485 997 nunc
1527 959 1607 1009 es,
1651 958 1750 998 nec
1792 943 1937 997 enim
1972 942 2053 997 sic

464 1047 760 1103 assequere
798 1033 940 1103 quod
969 1033 1100 1087 velis
1135 1052 1148 1087 :
1185 1033 1332 1104 quod
1364 1036 1409 1088 si
1440 1050 1467 1086 a
1493 1035 1694 1090 vilibus
1727 1034 1879 1089 hisce
1899 1033 2051 1104 cogi-

463 1123 763 1178 tationibus
804 1132 857 1177 te
890 1124 1152 1179 extuleris
1179 1125 1246 1178 ad
1284 1126 1658 1191 sublimiores,
1691 1135 1745 1179 et
1778 1123 1891 1181 Deo
1919 1140 2054 1180 con-

464 1229 651 1281 gruas,
690 1213 1011 1268 conceditur
1064 1214 1160 1268 tibi
1204 1229 1485 1280 accessus,
1520 1222 1575 1269 et
1622 1215 1832 1284 majora
1883 1230 2051 1285 quam

463 1307 727 1374 sperabas
781 1320 1141 1375 consequere.
1180 1304 1407 1361 Volebat
1442 1307 1531 1362 illa
1572 1308 1835 1371 humano,
1859 1318 2053 1377 etquo

461 1397 672 1454 solebat
725 1414 822 1467 per
870 1400 1189 1453 oeconomia:
1224 1400 1539 1469 temporalis
1567 1400 1861 1455 decursum
1900 1416 2053 1457 more

460 1492 623 1545 etiam
656 1506 804 1545 nunc
832 1506 959 1545 cum
1006 1490 1238 1546 Domino
1266 1492 1584 1548 conversari
1620 1510 1635 1548 :
1669 1503 1723 1548 et
1748 1504 1896 1549 certe
1921 1495 2049 1549 dum

459 1581 715 1647 sepulcro
746 1580 1048 1644 assidebat,
1086 1582 1258 1635 multa
1291 1581 1456 1651 hujus
1486 1583 1703 1652 generis
1728 1593 1782 1638 et
1808 1583 1936 1640 fecit
1961 1585 2050 1640 illa

459 1680 515 1725 et
542 1671 823 1738 cogitavit,
844 1682 1183 1742 unguentum
1208 1673 1465 1740 offerens,
1496 1675 1765 1746 lacrymas
1792 1675 2051 1743 fundens,

461 1763 883 1818 translationem
930 1774 1178 1831 causata,
1225 1774 1281 1819 et
1326 1769 1785 1822 resurrectionem
1818 1769 1874 1823 in
1904 1769 2051 1823 illam
2084 1747 2126 1802 Β

460 1854 889 1911 trausformans.
918 1856 1262 1913 AtChristus
1292 1858 1361 1913 ab
1391 1860 1493 1915 hoc
1522 1859 1718 1914 alfectu
1741 1861 1973 1924 ducens,
1999 1871 2055 1916 et

460 1948 599 2003 tales
625 1964 947 2019 cxpungeus
981 1951 1364 2019 cogitationes,
1399 1952 1493 2007 sed
1521 1962 1575 2007 et
1615 1953 2053 2022 intempeStivam

460 2056 577 2096 rem
630 2052 683 2095 et
718 2041 1112 2110 impossibilem
1142 2041 1398 2099 affectare
1434 2060 1553 2098 eam
1606 2046 1920 2110 ostendens,
1956 2046 2051 2112 ait,

464 2149 485 2184 ι
530 2130 609 2187 Ne
631 2147 717 2187 me
751 2141 965 2203 tangas,
999 2134 1241 2188 nondum
1276 2136 1424 2189 enim
1459 2136 1683 2191 ascendi
1730 2137 1797 2191 ad
1836 2138 2055 2193 Patrem

459 2238 642 2278 meum
673 2242 687 2279 :
728 2243 746 2276 ι
785 2226 887 2279 hoc
919 2234 1023 2288 est,
1056 2239 1165 2279 non
1193 2235 1279 2281 est
1326 2242 1544 2296 aequum
1581 2235 1638 2281 ut
1673 2242 1773 2297 ego
1817 2228 1871 2282 id
1906 2227 2055 2298 quod

463 2316 560 2372 tibi
601 2318 807 2372 arridet
863 2318 1143 2372 communi
1199 2318 1484 2388 praeferam
1535 2320 1922 2390 providentiae,
1956 2332 2053 2376 aut

462 2409 652 2465 mundi
702 2411 873 2463 totius
935 2410 1266 2477 commodo;
1328 2427 1435 2465 non
1465 2420 1550 2466 est
1579 2428 1675 2480 par
1708 2420 1767 2466 ut
1798 2413 2052 2468 aﬂectum

462 2512 617 2556 tuum
640 2514 741 2570 ego
777 2508 960 2553 ratum
1016 2499 1265 2564 habens,
1318 2508 1602 2569 paternam
1662 2501 2053 2556 subobscurem

458 2595 516 2650 in
552 2608 639 2648 me
666 2592 1037 2658 divinitatem,
1073 2602 1169 2647 aut
1196 2594 1374 2662 patiar
1402 2603 1460 2648 ut
1491 2609 1577 2648 me
1606 2594 1905 2649 etiamnum
1933 2603 2056 2648 tan-

458 2702 623 2758 quam
661 2702 871 2741 merum
924 2697 980 2741 et
1009 2687 1214 2741 nudum
1279 2687 1557 2741 hominem
1600 2690 1856 2743 accedas.
1889 2687 2054 2743 Tem-

459 2794 564 2849 pus
592 2793 755 2832 omne
788 2777 937 2848 quod
973 2778 1257 2848 praecessit
1283 2794 1528 2843 crucem,
1563 2781 2056 2835 condescensionis

459 2880 515 2925 et
552 2870 954 2925 humiliationis
983 2879 1197 2939 tempus
1233 2881 1394 2925 erat:
1463 2881 1594 2926 tunc
1640 2873 1741 2927 tibi
1777 2874 2059 2942 permitte-

461 2968 624 3021 batur
653 2967 1085 3037 c0gitationibus
1104 2966 1490 3022 humilioribus
1530 2967 1716 3021 innixe
1737 2966 2056 3035 acquiescea

460 3077 539 3125 re,
574 3076 673 3115 nec
708 3060 999 3115 confertim
1037 3061 1105 3114 ad
1142 3062 1348 3129 majora
1396 3061 1705 3129 expulsam,
1740 3059 1907 3113 veluti
1935 3073 2055 3113 om-
2079 3094 2123 3158 C

459 3154 593 3207 nino
628 3153 909 3207 ominibus
943 3151 1221 3213 excidere,
1271 3162 1324 3205 et
1358 3151 1423 3204 ab
1458 3151 1525 3205 iis
1582 3150 1781 3215 avelli;
1817 3157 1874 3204 at
1904 3165 2053 3205 nunc

460 3256 679 3315 tempus
734 3256 819 3301 est
861 3245 1181 3299 sublimium
1215 3254 1270 3298 et
1308 3245 1617 3298 divinarum
1655 3260 1862 3299 rerum.
1904 3242 2050 3299 Mors

460 3340 609 3394 enim
641 3338 901 3407 absorpta
936 3339 992 3392 in
1030 3338 1343 3403 victoriam,
1379 3339 1540 3391 morti
1585 3338 1711 3392 data
1739 3346 1844 3392 est.
1877 3336 2052 3391 infcr-

462 3449 569 3488 nns
625 3433 862 3486 mortuis
928 3432 996 3485 ab
1044 3433 1193 3485 omni
1255 3447 1373 3485 aevo
1433 3441 1721 3495 vacuatus,
1764 3431 2052 3502 tyrannide

459 3532 660 3579 exutus
713 3534 816 3586 est.
881 3523 1116 3577 illustria
1173 3536 1375 3593 troprea
1425 3537 1523 3592 per
1575 3522 2045 3577 resurrectionem

459 3628 651 3674 contra
705 3633 901 3673 omnes
942 3617 1133 3672 hostes
1164 3618 1460 3671 constituta
1501 3625 1669 3683 sunt;
1702 3616 1963 3685 quocirca
1997 3625 2051 3671 te

398 3764 407 3779 ,
462 3720 685 3781 oportet
745 3722 929 3766 mentc
989 3727 1209 3766 sursum
1265 3712 1331 3765 ad
1380 3711 1722 3776 sublimiora,
1763 3720 1817 3765 et
1864 3710 2048 3766 divina

460 3804 819 3867 attollentem,
849 3820 959 3858 non
1008 3805 1213 3869 adhuc,
1246 3814 1306 3858 ut
1334 3804 1505 3873 prius,
1560 3820 1683 3874 qua:
1715 3804 2049 3860 condescen-

461 3898 636 3952 sionis
676 3906 833 3951 erant
864 3898 1165 3967 requirere,
1194 3913 1295 3952 nec
1324 3898 1711 3953 humilioribus
1740 3898 2046 3965 immorari,

461 3996 559 4043 aut
584 4004 709 4043 cum
732 3988 840 4043 illis
873 3988 1243 4043 circumferri.
1276 3987 1389 4042 Hoc
1418 3990 1464 4043 si
1496 3999 1643 4044 recte
1673 3990 2046 4055 administras,

460 4081 519 4137 in
555 4090 807 4151 promptu
841 4080 1103 4149 reperies,
1133 4095 1233 4135 nec
1270 4081 1479 4135 errabit
1534 4080 1631 4135 tibi
1680 4082 1921 4148 animus,
1954 4080 2050 4137 de-

414 4246 417 4250 .
461 4175 784 4230 sideratum.
811 4174 1104 4244 Conceptis
1126 4175 1295 4239 enim,
1328 4190 1465 4245 quas
1498 4174 1737 4228 nondum
1763 4174 2046 4242 imbibisti,

461 4266 631 4320 rectis
684 4264 1134 4335 cogitationibus,
1190 4265 1362 4319 multo
1419 4265 1594 4335 magis
1640 4265 2046 4322 incarnationis

460 4356 686 4413 modum
716 4356 1048 4412 inelfabilem
1074 4368 1129 4412 et
1159 4357 1633 4427 supcrnaturalcm
1661 4356 2044 4423 admiraberis,

2153 475 2250 530 καὶ
2316 475 2537 547 μακρὰν
2585 476 2825 546 τίθησιν.
2877 476 2990 530 Καὶ
3040 474 3144 545 ὅρα
3214 474 3365 536 ὅπως
3406 472 3472 525 τὸ
3508 513 3525 538 ,
3554 520 3559 523 ,
3591 488 3613 521 ι
3658 472 3747 541 Μή

2162 588 2264 642 μου
2318 570 2515 634 ἅπτου,
2557 588 2578 622 ι
2622 569 2813 634 εἰπὼν,
2862 568 2943 635 τὸ,
2981 586 3001 620 ι
3045 566 3213 622 Οὔπω
3264 567 3398 638 γάρ,
3447 585 3469 620 ι
3540 582 3748 620 συνεπο

2152 662 2386 734 ήνεγκεν
2418 670 2445 710 8
2486 674 2500 693 δ
2550 661 2731 725 διδοὺς
2768 660 2991 724 ἐλπίδας
3031 660 3194 731 αὐτῇ,
3228 659 3307 723 ὡς
3328 659 3432 713 οὐκ
3476 656 3561 721 εἰς
3594 656 3747 718 τέλος

2150 755 2246 809 τοῦ
2287 754 2454 809 πόθου
2487 754 2893 824 ἀπελαθήσεται
2924 770 2939 783 ·
2962 754 3079 807 ἀλλ’
3109 754 3197 806 ὅτι
3238 753 3335 806 καὶ
3382 753 3503 823 μετ’
3534 750 3746 816 ὀλίγον,

2150 844 2227 903 ὧν
2280 848 2650 913 ἐσπούδασεν,
2697 846 3067 913 ἐπιτεύξεται·
3102 846 3304 899 ὡσανεὶ⁵
3356 844 3560 914 λέγων,
3610 842 3749 898 Μεθ’

2154 938 2222 1015 ἦς
2256 943 2355 1014 μὲν
2390 943 2671 1015 προσέρχῃ
2704 960 2797 1012 μοι
2830 940 3080 1012 γνώμης,
3110 940 3212 993 οὑκ
3236 938 3413 1006 ἔξεστί
3446 954 3534 991 σοι
3574 952 3749 1008 προσ-

2156 1036 2293 1091 ιέναι
2348 1053 2439 1108 μοι
2468 1052 2483 1067 ·
2531 1035 2654 1090 οὑδέ
2698 1034 2809 1107 γὰρ
2855 1034 2922 1088 ἂν
2967 1033 3158 1103 τύχοις
3213 1032 3315 1103 τῆς
3355 1031 3605 1100 ἐφέσεως
3632 1045 3649 1059 ·
3682 1031 3751 1083 ἂν

2151 1128 2211 1183 δὲ
2262 1130 2385 1192 ταῖς
2405 1126 2767 1200 ὑψηλοτέραις
2787 1128 2882 1182 καὶ
2920 1123 3252 1196 θεοπρεπέσι
3280 1123 3557 1187 διανοίαις
3586 1138 3752 1175 σεαυ-

2151 1219 2245 1274 τὸν
2272 1220 2302 1260 h
2334 1219 2546 1291 ἐπάρῃς
2570 1219 2681 1273 τῶν
2702 1218 2996 1282 ταπεινῶν,
3040 1214 3534 1287 συγχωρηθήσεταί
3568 1230 3660 1267 σοι
3694 1214 3750 1253 ι’

2153 1315 2189 1383 ἡ
2244 1312 2525 1384 πρόσοδος.
2557 1312 2651 1365 καὶ
2687 1307 2953 1382 μειζόνων
3002 1307 3307 1379 ἀξιωθήσῃ,
3338 1307 3373 1376 ἢ
3405 1298 3596 1376 ὧνπερ
3652 1304 3753 1375 ἦ),

2154 1422 2343 1471 πισας.
2376 1405 2489 1460 Καὶ
2543 1404 2732 1475 γάρ,ή
2780 1402 2881 1475 μὲν
2919 1402 3193 1467 ἐϐούλετο,
3216 1397 3305 1454 οἷα
3351 1400 3418 1471 δὴ
3455 1399 3556 1453 καὶ
3613 1399 3747 1468 πρό·

2153 1517 2332 1570 τερον,
2394 1496 2911 1569 ἀνθρωπικώτερον,
2965 1497 3061 1549 καὶ
3106 1496 3251 1549 κατά
3295 1494 3387 1547 τὸν
3442 1493 3548 1563 τῆς
3597 1492 3753 1544 οἰκο-

2154 1591 2347 1661 νομίας
2367 1590 2567 1663 τρόπον
2594 1590 2679 1661 τῷ
2704 1590 2948 1659 Δεσπότη
2974 1586 3530 1659 συναναστρέφεσθαι.
3562 1583 3754 1638 Πολλά

2154 1682 2265 1755 γὰρ
2316 1683 2564 1748 τοιαῦτα,
2619 1682 2715 1735 καὶ
2770 1681 2848 1753 τῷ
2900 1682 3058 1753 τάφῳ
3110 1679 3586 1752 παρακαθημένη,
3644 1677 3754 1745 έμ-

2156 1775 2363 1847 πραττέ
2416 1778 2432 1817 i
2479 1792 2539 1829 τε
2596 1774 2690 1829 καὶ
2745 1772 3059 1843 ἐλογίζετο·
3128 1773 3277 1846 μύρα
3326 1773 3572 1843 φέρουσα
3608 1787 3627 1802 ·
3662 1771 3752 1824 δαο

2155 1868 2397 1939 κρύουσα
2421 1883 2439 1898 ·
2471 1866 2816 1938 μετατίθεσιν
2844 1866 2858 1917 i
2910 1866 3214 1921 ὑπονοοῦσα
3248 1866 3346 1938 τὴν
3398 1866 3647 1938 ἔγερσιν.
3690 1865 3753 1917 ’0

2154 1961 2212 2015 δέ
2244 1961 2449 2031 ταύτην
2478 1963 2526 2013 1⁶
2570 1961 2802 2030 ἀπάγων
2834 1960 2932 2029 τῆς
2976 1959 3176 2031 ὁρμῆς,
3206 1959 3302 2013 καὶ
3349 1958 3460 2012 τῶν
3482 1956 3751 2012 τοιούτων

2155 2053 2522 2126 διακαθαίρων
2551 2053 2839 2118 ὑπονοιῶν,
2876 2053 2954 2107 ἔτι
2989 2054 3047 2107 δὲ
3088 2052 3184 2107 καὶ
3214 2051 3276 2106 τὸ
3308 2052 3544 2124 ἄκαιρον
3575 2050 3751 2104 ἐνδει-

2156 2148 2289 2210 κνὺς
2341 2147 2436 2201 καὶ
2505 2145 2770 2200 ἀδύνατον
2814 2146 2914 2217 τῆς
2969 2144 3359 2217 ἐγχειρήσεως,
3422 2161 3443 2196 ι
3493 2144 3586 2213 Μή
3642 2155 3749 2212 μου

2158 2240 2356 2306 ἅπτου,
2384 2239 2551 2310 φησίν
2568 2255 2582 2269 ·
2602 2239 2756 2292 οὔπω
2779 2239 2887 2310 γὰρ
2914 2237 3231 2308 ἀναϐέϐηκα
3253 2236 3392 2308 πρὸς
3405 2234 3497 2289 τδν
3526 2234 3750 2302 Πατέρα

2158 2347 2299 2403 μου·
2341 2329 2362 2385 ί
2396 2333 2698 2394 τουτέστιν,
2734 2332 2807 2385 Οὑ
2840 2326 3085 2402 προσῆκέ
3115 2330 3215 2401 τὴν
3262 2329 3364 2399 σὴν
3418 2328 3747 2397 ἀρέσκειαν,

2154 2425 2257 2496 τῆς
2285 2426 2471 2496 κοινῆς
2502 2426 2761 2498 προνοίας
2802 2425 3077 2497 προτιμᾷν
3100 2462 3117 2488 ,
3148 2422 3245 2476 καὶ
3284 2420 3381 2475 τοῦ
3418 2420 3521 2491 τῆς
3560 2422 3750 2473 οἱκουο

2160 2515 2328 2588 μένης
2348 2515 2375 2555 ι
2406 2515 2800 2586 συμφέροντος·
2829 2512 2949 2566 οὑδὲ
2976 2510 3069 2565 τὸν
3100 2510 3192 2564 σὺν
3224 2509 3390 2563 πόθον
3404 2506 3750 2577 ἀφοσιούμε-

2156 2626 2268 2672 νον,
2294 2606 2396 2678 τὴν
2420 2608 2479 2659 έν
2502 2609 2629 2675 ἐμοὶ
2658 2603 2921 2675 πατρῴαν
2953 2601 3397 2666 συνεπισκιάζειν
3426 2600 3507 2654 ἐτι
3555 2600 3750 2669 θεότη-

2156 2718 2247 2764 τα,
2283 2700 2378 2753 καὶ
2400 2700 2477 2763 ὡς
2507 2696 2785 2770 ἀνθρώπῳ
2806 2694 2951 2766 ψιλῷ
2980 2693 3062 2748 ἔτι
3107 2693 3398 2765 ἀνέχεσθαι
3454 2692 3748 2761 προσιέναι

2162 2810 2285 2865 μοι·
2319 2788 2389 2863 ἦν
2412 2793 2513 2862 μὲν
2543 2792 2656 2862 γὰρ
2684 2791 2794 2844 τῶν
2823 2793 2925 2860 τῆς
2958 2786 3445 2857 συγκαταϐάσεως,
3473 2788 3569 2839 καὶ
3595 2783 3611 2817 ³
3651 2801 3750 2837 τα-

2158 2885 2511 2954 πεινοτέρων,
2539 2886 2569 2937 ό
2598 2882 2706 2954 πρὸ
2734 2881 2830 2935 τοῦ
2860 2879 3098 2953 σταυροῦ
3122 2880 3314 2952 καιρὸς
3334 2921 3353 2945 ,
3378 2880 3467 2932 ὅτε
3511 2878 3611 2932 καὶ
3662 2877 3753 2930 σοι

2159 2976 2578 3045 παρεχωρεῖτο,
2628 2974 2744 3035 τοῖς
2797 2968 3215 3041 ταπεινοτέροις
3266 2966 3572 3036 λογισμοῖς.
3630 2957 3752 3015 οἷον

2159 3065 2608 3134 ἀναπαυομένην,
2664 3061 3169 3133 ὑποστηρίζεσθαι,
3216 3060 3311 3112 καὶ
3372 3057 3449 3128 μὴ
3493 3056 3637 3127 πρὸς
3677 3056 3749 3108 τά

2160 3154 2353 3227 μείζω,
2383 3154 2668 3225 καταρχὰς
2701 3154 2796 3208 καὶ
2818 3152 3037 3224 ἀθρόον,
3065 3149 3489 3220 ἐκϐιαζομένην,
3520 3149 3752 3202 πάντων

2156 3250 2447 3303 ἐκπίπτειν
2471 3249 2567 3301 καὶ
2598 3246 2771 3301 ὑποσύ
2783 3245 3003 3316 ρεσθαι·
3037 3244 3133 3298 νῦν
3159 3243 3239 3307 δὲ,
3257 3243 3369 3297 τῶν
3388 3241 3750 3313 ὑψηλοτέρων

2153 3343 2250 3396 καὶ
2300 3341 2462 3395 θείων
2516 3340 2818 3409 ἐφέστηκεν
2853 3339 2882 3391 ὁ
2934 3338 3145 3408 καιρός.
3170 3336 3417 3398 Θάνατος
3476 3335 3619 3404 γάρ,
3664 3336 3748 3396 εἰς

2153 3437 2302 3497 νῖκος
2334 3433 2694 3496 καταποθεὶς,
2720 3431 3092 3486 τεθανάτωται
3123 3445 3139 3461 ·
3174 3429 3275 3484 καὶ
3298 3428 3457 3500 ᾅδης,
3490 3428 3602 3481 τῶν
3646 3428 3746 3481 ἀπ’

2152 3529 2350 3594 αἰῶνος
2401 3528 2615 3599 νεκρῶν
2647 3526 2929 3592 κενωθεὶς,
2958 3524 3061 3596 τῆς
3109 3523 3426 3595 τυραννίδος
3480 3521 3748 3592 ἐκϐέϐλη-

2151 3638 2275 3676 ται·
2309 3620 2409 3674 καὶ
2439 3620 2670 3691 λαμπρά
2703 3617 2845 3673 κατὰ
2866 3620 3087 3672 πάντων
3110 3614 3325 3685 ἐχθρῶν
3370 3614 3460 3667 διὰ
3489 3615 3591 3684 τῆς
3611 3616 3744 3667 ἀνα-

2154 3714 2397 3777 στάσεως
2446 3712 2655 3784 ὴγέρθη
2710 3711 2781 3765 τὰ
2817 3709 3081 3782 τρόπαια.
3137 3708 3262 3779 Χρὴ
3308 3707 3608 3777 τοιγαροῦν
3648 3707 3744 3761 καὶ

2153 3807 2235 3874 σὲ,
2267 3804 2406 3879 πρὸς
2429 3805 2499 3858 τὰ
2526 3803 2838 3876 ὑψηλότερα
2864 3804 2959 3857 καὶ
2984 3799 3267 3872 θεοπρεπῆ
3308 3799 3402 3853 τὸν
3442 3799 3573 3853 νοῦν
3614 3800 3744 3853 ἀνα-

2150 3900 2450 3973 φέρουσαν,
2485 3898 2685 3970 μηκέτι
2714 3897 2783 3951 τά
2808 3896 3075 3967 πρότερα,
3111 3894 3209 3949 καὶ
3231 3893 3301 3947 τά
3333 3893 3435 3964 τῆς
3460 3910 3742 3962 συγκατα-

2150 3993 2385 4058 ϐάσεως,
2410 3991 2719 4063 ἐπιζητεῖν·
2755 3989 2893 4061 μηδὲ
2930 3990 3044 4052 τοῖς
3087 3986 3501 4056 ταπεινοτέροις
3546 3987 3743 4040 ἐναπο-

2153 4086 2358 4159 μένειν,
2394 4084 2488 4139 καὶ
2520 4082 3057 4154 συγκαταφέρεσθαι.
3085 4081 3260 4137 Τοῦτο
3282 4082 3340 4136 δὲ
3369 4080 3737 4153 κατορθοῦσα,

2150 4179 2409 4251 εὑρήσεις
2454 4178 2513 4245 ἐξ
2563 4178 2810 4248 ἑτοίμου,
2847 4175 2942 4231 καὶ
3001 4176 3062 4230 ού
3111 4175 3466 4250 σφαλλομένῃ
3517 4174 3735 4247 γνώμῃ,

2149 4269 2213 4325 τὸ
2260 4268 2598 4342 ποθούμενον
2629 4286 2646 4303 ·
2707 4268 2951 4323 λαϐοῦσα
3011 4269 3140 4341 γὰρ,
3176 4268 3243 4332 ἃς
3292 4268 3450 4323 οὑπω
3480 4270 3737 4338 εἴληφας,

2151 4361 2320 4433 ὀρθὰς
2351 4360 2654 4432 ὑπολήψεις
2674 4400 2690 4425 ,
2715 4360 2838 4415 τότε
2866 4361 3066 4433 μᾶλλον
3096 4360 3195 4414 καὶ
3226 4360 3329 4430 τῆς
3379 4359 3738 4431 ἐνανθρωπή-

459 4460 517 4506 et
552 4450 817 4523 majorem
842 4450 1101 4505 ostendes
1132 4450 1388 4505 allectum
1420 4450 1475 4504 in
1515 4466 1602 4505 me
1629 4450 2044 4515 benevolentia),

2153 4470 2293 4518 σεως
2328 4453 2422 4508 τδν
2450 4454 2692 4525 ἄρρητον
2718 4452 2816 4507 καὶ
2854 4452 3114 4523 ὑπερφυᾶ
3158 4450 3464 4521 θαυμάσεις
3507 4450 3733 4522 τρόπον,

458 4560 628 4615 quam
657 4552 741 4600 est
767 4559 891 4616 qua:
916 4543 1223 4609 inhibetur,
1254 4559 1380 4599 cum
1413 4543 1625 4612 abiecte
1651 4560 1738 4598 me
1778 4543 2045 4599 accedere

458 4646 516 4692 et
538 4638 877 4709 contingere,
913 4652 1025 4707 pra:
1058 4638 1254 4692 timore
1278 4647 1333 4692 et
1360 4638 1687 4703 reverentia,
1724 4652 1834 4692 non
1874 4636 2043 4692 susti-

458 4725 682 4792 nueris;
724 4740 938 4795 nempe,
969 4725 1195 4795 dignum
1222 4741 1342 4780 mea
1374 4726 1686 4793 divinitate,
1721 4735 1776 4782 et
1810 4736 1903 4781 tua
1936 4726 2045 4783 lide

455 4816 570 4888 jam
597 4815 870 4872 absoluta.
915 4815 1077 4870 Certe
1110 4816 1257 4887 quod
1287 4832 1396 4871 non
1424 4832 1677 4872 sermone
1702 4818 2045 4874 antecedenti

460 4908 789 4977 simpliciter
847 4922 880 4963 a
934 4915 1079 4962 tactu
1130 4907 1526 4978 prohibebatur
1552 4908 1646 4963 illa
1690 4908 1914 4975 femina,
1948 4910 2045 4966 sed

2149 4544 2250 4599 καὶ
2278 4544 2465 4610 πλέον,
2499 4545 2534 4616 ἢ
2565 4542 2677 4614 ἐγώ
2711 4562 2796 4598 σοι
2818 4544 3088 4611 ἀπεῖπον,
3118 4542 3501 4613 εὐλαϐουμένη
3536 4559 3735 4597 ταπει-

2146 4636 2255 4702 νῶς
2301 4654 2392 4710 μοι
2442 4637 2725 4709 προσιέναι
2762 4638 2857 4691 καὶ
2899 4636 3262 4706 ἐφάπτεσθαι,
3287 4635 3447 4701 ἀξίαν
3476 4636 3576 4689 καὶ
3635 4636 3734 4706 τῆς

2147 4730 2291 4802 ἐμῆς
2318 4731 2594 4801 θεότητος,
2624 4731 2722 4783 καὶ
2746 4730 2847 4801 τῆς
2896 4729 3001 4800 σῆς
3046 4726 3294 4790 ἐντελοῦς
3326 4727 3593 4791 πίστεως,
3618 4727 3735 4780 ἐπι-

2145 4822 2343 4889 δείξεις
2368 4822 2458 4877 τὸν
2486 4823 2568 4886 είς
2604 4822 2705 4893 ἐμὲ
2739 4822 2907 4875 πόθον
2936 4821 3034 4875 καὶ
3062 4821 3163 4891 τὴν
3196 4818 3431 4874 εὔνοιαν.
3468 4819 3597 4873 Ὅτι
3626 4819 3734 4890 γὰρ

2148 4913 2267 4983 ούχὶ
2283 4912 2385 4983 τῆς
2413 4912 2651 4983 ἐπαφῆς,
2689 4910 3092 4984 προηγουμένῳ
3114 4910 3260 4983 λόγῳ
3278 4912 3375 4965 καὶ
3393 4909 3521 4965 καθ’
3545 4911 3731 4976 ἑαυτὸ,

461 5009 675 5056 tantum
709 5002 858 5072 quod
886 5016 956 5057 ex
988 5012 1204 5056 terrena
1240 5010 1295 5057 et
1326 5002 1526 5057 humili
1588 5002 1919 5074 cogitatione
1948 5017 2049 5058 vo-

2153 5003 2207 5057 ιδ
2242 5003 2469 5073 γύναιον
2498 5003 2795 5070 ἐκωλύετο,
2827 5004 2945 5058 ἀλλ’
2978 5005 3061 5057 ὅτι
3085 5005 3366 5068 ταπεινοῖς
3403 5003 3501 5057 καὶ
3525 5020 3731 5074 χαμαιο

459 5094 608 5150 lebat
664 5102 911 5165 tangere,
970 5093 1350 5164 conjecturam
1405 5094 1616 5150 faciunt
1665 5094 1800 5150 satis
1837 5094 2041 5150 claram

2153 5097 2335 5151 πετέσι
2381 5096 2669 5167 λογισμοῖς
2710 5095 2791 5150 ἐτι
2840 5096 3101 5150 διενοεῖτο
3152 5094 3595 5167 προσάπτεσθαι,
3642 5112 3730 5149 τε-

460 5186 719 5242 mulieres
775 5187 882 5241 illa:
911 5184 1034 5241 dua:
1090 5201 1213 5257 qua:
1250 5187 1467 5242 obviam
1507 5186 1647 5243 forte
1684 5186 1917 5242 Domino
1951 5186 2046 5241 lie-

2140 5186 2442 5259 κμηριοῦσι
2470 5189 2659 5257 σαφῶς
2695 5187 2793 5243 καὶ
2822 5189 2879 5242 αἱ
2921 5189 3331 5259 συναντήσασαι
3362 5186 3441 5258 τῷ
3479 5188 3728 5258 Δεσπότῃ

465 5292 612 5347 'Jant,
656 5281 879 5351 quibus,
935 5279 1168 5348 Salvete,
1218 5281 1397 5337 salus°
1431 5281 1678 5336 omnium
1733 5279 1883 5335 clara
1913 5293 2045 5335 voce

2153 5282 2234 5335 itio
2274 5282 2534 5351 γυναῖκες
2559 5297 2572 5312 ·
2605 5276 2696 5346 αῖς
2753 5282 2817 5335 τό
2843 5298 2925 5349 τε,
2972 5282 3236 5350 Χαίρετε,
3268 5282 3303 5352 ἠ
3333 5282 3553 5335 πάντων
3582 5283 3726 5352 χαρὰ

458 5374 812 5444 pronuntiat;
847 5382 903 5429 et
940 5388 1069 5429 cum
1094 5372 1371 5431 mentibus
1403 5382 1461 5429 ct
1492 5372 1750 5428 manibus
1782 5386 2043 5427 consum-

2141 5372 2418 5444 λαμπρῶς
2450 5371 2793 5444 προσφωνεῖ,
2826 5371 2923 5424 καὶ
2951 5370 3065 5424 τῶν
3099 5371 3385 5443 ἀχράντων
3413 5369 3597 5424 ποδῶν
3636 5385 3726 5423 τε·

1740 5548 1981 5606 ἾΑΒΙᾹΞ
2024 5549 2433 5609 LECTIONES.
2952 5606 2959 5613 .

529 5670 554 5709 κ
580 5667 643 5722 C.
678 5664 751 5721 M.
795 5666 1149 5737 συνήνεγκεν.
1214 5664 1320 5739 {'C.
1346 5664 1415 5721 Μ.
1447 5667 1693 5739 σαυτήνχ
1727 5666 1777 5707 ιι·
1810 5664 1938 5721 add.
1974 5665 2091 5726 καί.
2148 5664 2255 5724 i(3.
2286 5663 2357 5721 M.
2379 5663 2637 5736 ἔπραττε.
2693 5662 2708 5719 l
2744 5664 2807 5723 ϐ.
2837 5662 2910 5722 Μ.
2951 5663 3262 5739 μετάθεσιν.
3328 5661 3375 5713 i'
3398 5661 3487 5718 τσ.
3526 5657 3723 5729 ταύτῃ

458 5739 481 5781 ιι
519 5740 603 5794 ισ.
627 5741 816 5810 τῇ-νῃ.
840 5735 1005 5794 (LM.
1041 5739 1137 5790 καὶ
1155 5735 1249 5789 τοῦ
1268 5739 1380 5800 τοῖς
1407 5739 1516 5791 οἰκ.
1605 5735 1758 5791 ἰἵσ.
1792 5739 1920 5792 τῶν.
