3902 6212
221 273 333 337 989

1116 277 1217 339 AD
1254 271 1849 336 AMPIIILOCHIUM
1888 270 2233 343 QU/ESTIO
2288 270 2601 333 CCXVIII.

3387 271 3494 335 990

215 366 606 439 τελειωμέναις
636 370 731 425 καὶ
751 371 914 445 φρεσὶ
938 370 1033 425 καὶ
1057 370 1247 440 χερσὶν
1271 368 1490 439 ἐφίησιν
1511 366 1801 421 ἅπτεσθαι.

1907 379 2067 419 maue
2082 370 2286 430 essent,
2334 364 2713 420 immaculatos
2746 365 2911 436 pedes
2942 367 3262 439 contingere
3289 372 3491 438 permi-

230 459 385 513 Ἑπεὶ
408 461 464 514 δὲ
486 460 622 525 τέως
649 464 984 533 ἐφάπτεσθαι
1008 462 1069 515 τὸ
1089 460 1312 530 γύναιον
1362 458 1687 522 ἐκεκώλυτο,
1712 458 1801 513 ἴνα

218 554 295 626 μὴ
338 555 718 627 διαμαρτοῦσα
743 560 845 629 τῆς
887 557 1144 628 σπουδῆς,
1170 558 1251 619 είς
1285 554 1463 623 λύπην
1490 554 1585 606 καὶ
1615 552 1801 621 λογισιο

218 648 353 717 μοὺς
376 648 615 721 ἐμπέσγγ
638 649 859 704 εὔκολον
879 649 988 721 γὰρ
1018 649 1079 702 τὸ
1105 649 1261 717 γένος
1291 648 1425 717 πρὸς
1452 645 1802 716 ὀλιγοψυχίαν

215 740 314 793 καὶ
335 740 611 795 ὑπόνοιανο
628 743 714 804 Ὠς
727 742 1094 813 παρεώραμαι
1118 741 1223 803 ιὼς
1243 738 1498 809 ἐξουθένη
1508 755 1603 809 μαι
1621 738 1633 791 l
1654 736 1803 807 οἴμοι

214 833 423 899 λοιπὸν,
446 834 530 897 τίς
551 834 827 904 γένωμαι;
883 833 1001 888 ἰνα
1027 829 1120 887 οὖν
1144 833 1221 904 μὴ
1241 832 1377 902 πρὸς
1396 831 1569 885 ταῦτα
1595 830 1798 901 δράμῃ,

214 922 507 996 προλαϐὼν
528 924 698 995 αὑτὴν
719 926 747 977 ό
762 924 975 994 Σωτὴρ,
993 924 1329 994 ψυχαγωγεῖ·
1352 924 1466 989 καὶ,
1491 942 1512 975 ‹
1536 920 1797 993 Πορεύου,

214 1014 376 1081 φησὶν
408 1014 545 1084 πρὸς
577 1015 705 1077 τοὺς
756 1013 1020 1082 ἀδελφούς
1064 1031 1187 1085 μου,
1245 1014 1338 1067 καὶ
1384 1014 1505 1067 είπὲ
1538 1012 1744 1074 αὐτοῖς’
1775 1030 1794 1062 ι

211 1105 337 1158 δυσὶ
394 1106 642 1177 τρόποις,
695 1106 781 1160 διὰ
838 1105 947 1159 τῶν
995 1107 1260 1177 ῥημάτων
1308 1105 1535 1169 τούτων,
1557 1104 1649 1156 τὸν
1699 1103 1797 1157 τά-

216 1214 384 1269 ραχον
433 1198 756 1252 ἀπελαύνων
792 1199 901 1252 τῶν
923 1198 1221 1269 λογισμῶν,
1251 1200 1344 1252 καὶ
1375 1198 1512 1268 πρὸς
1533 1197 1799 1268 εὐθυμίαν

212 1289 385 1361 αὑτὴν
432 1290 768 1360 παρακαλῶν
792 1307 806 1322 ο
837 1290 920 1343 ἐνὶ
971 1292 1090 1360 μὲν,
1121 1292 1313 1361 ὅτιπερ
1350 1290 1520 1360 αὑτὴν
1562 1289 1797 1356 εὐαγγε-

213 1380 464 1452 λίστριαν
495 1383 822 1452 ἐχειροτόνει
846 1384 946 1453 τῆς
980 1382 1331 1445 ἀναστάσεως
1363 1398 1377 1412 ’
1414 1381 1587 1451 ἑτέρῳ
1617 1380 1696 1443 δὲ,
1727 1380 1795 1433 δι’

212 1468 291 1527 ὦν
311 1474 380 1526 τὰ
408 1475 499 1526 ίσα
531 1476 623 1527 καὶ
652 1477 766 1538 τοῖς
792 1474 1081 1545 μαθηταῖς,
1101 1475 1167 1527 δι’
1188 1475 1357 1545 αὑτῆς
1384 1476 1622 1542 ἐκείνης,
1656 1492 1797 1547 παρ-

212 1566 517 1621 εκελεύετο.
555 1568 665 1621 Καὶ
692 1567 801 1638 γάρ
831 1584 965 1637 φησι
996 1586 1011 1600 ο
1050 1585 1069 1619 ι
1110 1568 1220 1620 Kal.
1255 1567 1376 1620 εἰπὲ
1405 1567 1611 1631 αὐτοῖς.
1638 1569 1794 1619 Ἀναο

1904 455 1995 509 sit.
2020 455 2089 508 At
2121 456 2563 525 quandoquidem
2592 457 2791 512 mulier
2822 461 3141 531 contingere
3173 461 3334 516 vetita
3367 459 3489 526 fuit,

1902 563 1972 602 ne
1995 563 2058 601 ex
2090 548 2338 603 studioso
2361 548 2637 603 desiderio
2665 549 2868 618 rejecto
2891 553 3150 607 maestitia
3180 552 3489 609 aﬂiceretur

1902 640 2165 713 (proclive
2188 641 2457 709 siquidem
2482 650 2564 695 est
2586 644 2852 699 muliebre
2866 661 3037 715 genus
3058 647 3112 700 in
3132 647 3491 716 pusillanimi-

1901 745 2065 789 tatem
2093 744 2146 789 et
2171 735 2541 805 suspicionem
2566 745 2913 807 contemptus
2956 750 3009 793 et
3031 739 3350 809 despectus;
3383 757 3491 795 un-

1901 827 1988 892 de,
2015 826 2113 882 llei
2138 827 2293 893 mihi,
2320 842 2571 897 quaenam
2595 844 2695 897 ego
2726 830 2912 897 sum?)
2939 829 3015 885 Ne
3040 832 3262 900 inquam
3289 834 3357 887 ad
3390 832 3494 887 hu-

1896 920 2141 990 iusmodi
2171 930 2482 977 recurreret
2509 961 2525 986 ,
2559 922 2822 992 praevenit
2847 936 2968 977 eam
3017 921 3268 979 Salvator
3290 940 3491 980 conso-

1902 1013 2087 1074 laudo.
2115 1022 2190 1080 et,
2229 1032 2247 1065 ι
2282 1012 2447 1079 Vade,
2468 1016 2565 1081 ait,
2590 1014 2658 1069 ad
2694 1012 2896 1070 fratres
2923 1029 3094 1082 meos,
3124 1017 3280 1071 etdic
3303 1017 3432 1072 illis.
3465 1035 3486 1069 ι

1901 1104 2128 1160 Duobus
2180 1107 2357 1163 modis
2397 1122 2493 1177 per
2546 1107 2710 1162 verba
2764 1106 2869 1162 ista
2912 1107 3304 1163 tumultuantes
3340 1108 3492 1163 able-

1899 1198 2050 1268 gavit
2100 1199 2483 1270 cogitationes,
2534 1208 2589 1254 et
2617 1200 2683 1255 ad
2715 1200 2853 1253 bene
2888 1198 3184 1253 animatam
3212 1213 3337 1255 esse
3361 1214 3485 1253 eam

1898 1289 2146 1344 devocat.
2219 1288 2379 1344 Prior
2422 1300 2527 1353 est,
2563 1290 2708 1361 quod
2748 1290 3194 1361 evangelistriam
3228 1305 3481 1345 resurre-

1897 1379 2097 1435 ctionis
2126 1394 2239 1435 sure
2266 1394 2387 1435 eam
2417 1379 2545 1434 facit
2580 1398 2593 1435 :
2626 1381 2920 1447 posterior,
2969 1381 3115 1451 quod
3151 1380 3269 1451 ipsa
3298 1395 3393 1450 per
3424 1395 3485 1435 se

1892 1471 2118 1541 jubetur
2172 1472 2539 1541 aequalitatem
2571 1472 2773 1527 habere
2819 1486 2945 1527 cum
2972 1472 3261 1543 discipulis
3288 1488 3303 1537 ;
3333 1471 3487 1526 addit

1895 1565 2065 1627 enim,
2088 1582 2106 1615 ι
2134 1562 2199 1618 Ει
2229 1561 2335 1619 illis
2362 1563 2549 1630 dicito,
2575 1564 2828 1620 Ascendo
2849 1564 2917 1619 ad
2939 1563 3159 1620 Patrem
3198 1579 3379 1618 meum
3404 1582 3418 1619 :
3456 1582 3477 1616 ι

212 1659 384 1713 ϐαίνω
417 1660 553 1729 πρὸς
579 1661 671 1713 τὸν
705 1659 930 1731 Πατέρα
959 1678 1064 1728 μου
1096 1676 1110 1691 ’
1156 1679 1174 1711 ι
1208 1660 1297 1713 ῖνα
1326 1659 1488 1730 εἴπης
1513 1670 1554 1698 ιιι
1576 1701 1587 1722 ,
1617 1660 1706 1729 Μή
1730 1676 1790 1712 σε

1896 1657 2054 1726 quasi
2087 1657 2292 1712 diceret
2325 1675 2339 1711 :
2372 1654 2489 1711 Noli
2547 1657 2754 1712 tristari
2794 1657 2941 1727 quod
2982 1672 3069 1711 me
3101 1666 3322 1726 tangere
3370 1671 3483 1711 non

210 1750 472 1817 λυπείτω,
501 1752 583 1806 ὅτι
630 1752 1044 1824 προσάπτεσθαι
1076 1769 1177 1823 μου
1206 1749 1511 1805 διεκώλυσα
1543 1767 1559 1783 ⁸
1590 1751 1649 1803 ού
1682 1755 1790 1820 γάρ

1897 1750 2274 1819 permiserim;
2309 1764 2485 1819 neque
2515 1750 2660 1803 enim
2685 1748 3013 1819 despiciens,
3042 1759 3137 1802 aut
3174 1756 3227 1803 te
3258 1748 3485 1817 insuper

214 1843 500 1914 παρορῶν,
534 1843 567 1914 ἢ
594 1843 932 1915 ἐνυϐρίζων,
965 1844 1123 1898 τοῦτο
1154 1842 1370 1916 ἔπραξα
1392 1860 1406 1873 ·
1447 1842 1564 1896 ἀλλ’
1597 1845 1630 1914 ὴ
1682 1844 1792 1897 τῶν

210 1936 556 2006 πραγμάτων
587 1937 771 2006 φύσις,
798 1938 893 1992 καὶ
927 1940 1024 2008 τῆς
1056 1936 1194 2007 ἐμῆς
1225 1936 1483 2009 προνοίας
1516 1937 1611 1990 καὶ
1649 1938 1795 1990 οἰκο-

213 2027 412 2097 νομίας
445 2031 473 2082 ό
502 2029 745 2100 ᾶρρητος
776 2029 1000 2100 θεσμὸς,
1030 2034 1190 2084 τοῦτο
1206 2032 1432 2101 κρατεῖν
1461 2029 1553 2082 ἐπὶ
1574 2031 1793 2085 πάντων

212 2116 462 2187 βούλεται
486 2134 499 2148 ’
532 2120 625 2189 καὶ
651 2121 805 2174 οὐδὲν
842 2119 987 2185 ἕξεις
1020 2120 1263 2187 ἔλαττον,
1294 2122 1343 2174 εἰ
1373 2121 1448 2192 μὴ
1476 2121 1576 2174 καλ⁸
1604 2120 1790 2186 πλέον,

207 2207 311 2279 τῆς
341 2208 439 2278 σῆς
466 2210 703 2281 σπουδῆς
747 2211 809 2264 οὑ
841 2212 1275 2284 συντελεσθήσης
1302 2220 1353 2271 ιι.
1398 2214 1529 2268 ’1δοὺ
1568 2213 1677 2284 γάρ
1729 2230 1791 2267 σε

208 2297 309 2351 καὶ
356 2302 577 2371 κήρυκα
610 2303 835 2373 πέμπω,
871 2305 983 2366 τοῖς
1012 2303 1307 2374 μαθηταῖς,
1335 2304 1437 2375 τῆς
1473 2304 1615 2376 ἐμῆς
1653 2306 1789 2359 ἀνα-

211 2387 455 2454 στάσεως
492 2405 508 2421 ⁶
543 2391 825 2455 κάκείνοις
858 2392 938 2457 δὲ,
974 2392 1041 2447 τὰ
1069 2394 1210 2447 αὑτά
1246 2412 1349 2463 σοι,
1381 2395 1790 2467 διακελεύομαι,

207 2477 431 2544 ειδέναι,
478 2480 616 2554 πρὸς
646 2483 738 2536 τδν
770 2485 995 2555 Πατέρα
1023 2501 1091 2554 με
1122 2484 1506 2553 ἀναϐαίνοντα,
1546 2487 1642 2540 καὶ
1689 2504 1793 2558 μη-

208 2570 330 2624 κέτι
364 2575 485 2636 ταῖς
531 2574 830 2647 προτέραις
884 2576 1064 2643 δόξαις
1123 2578 1518 2649 ὑποφέρεσθαι,
1558 2579 1794 2634 ταπεινά

208 2664 663 2736 φανταζομένους
698 2669 827 2740 περὶ
864 2669 1001 2741 ἐμοῦ
1032 2670 1127 2725 xal.
1170 2671 1510 2741 ἀνθρώπινα,
1558 2672 1794 2726 συνοδοι-

209 2758 400 2826 πορεῖν
429 2759 590 2812 πάλιν
627 2767 675 2824 ο,
712 2761 787 2824 ὡς
814 2762 875 2813 τὸ
910 2766 1042 2834 πρὶν
1068 2804 1082 2828 ,
1117 2765 1211 2818 καὶ
1263 2764 1642 2835 συνδιαφέρειν
1694 2764 1794 2819 πό-

209 2862 336 2908 νους
370 2849 464 2902 καὶ
492 2849 668 2913 λύπας
692 2892 708 2917 ,
740 2852 983 2923 συνεχῶς
1007 2871 1066 2906 τε
1102 2854 1495 2927 ἐπιχωριάζειν
1532 2856 1628 2909 καὶ
1660 2871 1793 2910 συν-

209 2939 511 3005 αλίζεσθαι.
539 2943 611 2996 Σὺ
656 2944 712 2997 δέ
771 2962 862 3014 μοι
908 2946 1122 3010 σκόπει,
1156 2948 1306 3010 ὅπως
1341 2949 1434 3001 καὶ
1463 2946 1789 3016 ἀδελφοὺς,

1895 1841 2103 1896 habens
2126 1842 2259 1895 illud
2294 1841 2415 1911 egi;
2451 1841 2545 1895 sed
2580 1856 2762 1894 rerum
2783 1841 3024 1910 ipsarum
3057 1848 3249 1905 status,
3279 1849 3334 1894 et
3363 1856 3463 1894 na-

1894 1941 2039 1997 tura,
2091 1941 2145 1986 et
2194 1932 2280 1986 lex
2335 1947 2472 1987 mea:
2524 1932 2879 2002 providentiae
2946 1940 3002 1986 et
3049 1932 3483 2001 dispensationis

1894 2022 2212 2087 inell‘abilis,
2270 2022 2322 2076 id
2384 2023 2457 2076 ita
2502 2022 2618 2076 vult
2651 2023 2924 2091 imprimis
2970 2022 3220 2077 obtinere
3256 2040 3271 2077 :
3304 2039 3483 2093 neque

1893 2115 2077 2169 minus
2110 2116 2206 2169 tibi
2248 2115 2376 2183 erit,
2408 2115 2454 2169 si
2483 2130 2591 2169 non
2626 2129 2680 2169 et
2711 2117 2911 2185 majus,
2976 2116 3022 2170 si
3100 2115 3207 2169 hoc
3254 2114 3477 2170 deside-

1893 2209 2034 2262 rium
2063 2218 2214 2263 tuum
2258 2189 2365 2261 non
2387 2207 2770 2278 adimpleatur.
2806 2210 2944 2262 Ecce
2982 2222 3085 2279 ego
3141 2208 3396 2263 nuntium
3431 2218 3483 2264 te

1893 2303 2315 2356 resurrectionis
2374 2316 2509 2356 mea:
2570 2302 2635 2355 ad
2685 2300 2990 2370 discipulos
3047 2301 3239 2372 ablego
3272 2320 3285 2356 :
3320 2310 3374 2356 et
3416 2317 3483 2356 ea

1894 2410 2016 2464 qua:
2075 2394 2183 2450 illis
2235 2393 2329 2449 tibi
2381 2394 2545 2447 etiam
2605 2389 2872 2447 annuntio
2941 2393 3291 2463 intelligenda
3334 2410 3348 2446 :
3398 2392 3485 2447 ιιθ

1894 2489 2193 2542 ascendere
2240 2488 2306 2541 ad
2347 2485 2605 2551 Patrem;
2649 2502 2748 2541 nec
2807 2494 2866 2539 ut
2919 2485 3052 2539 olim
3114 2485 3484 2556 imaginentur

1894 2578 2136 2634 humano
2162 2594 2313 2633 more
2340 2586 2395 2633 et
2431 2578 2666 2647 abiecto,
2721 2593 2809 2633 me
2838 2578 3049 2633 scilicet
3079 2594 3187 2633 una
3218 2594 3343 2634 cum
3376 2579 3486 2634 illis

1894 2672 2323 2731 ambulaturum,
2380 2679 2477 2725 aut
2534 2671 2751 2727 labores
2801 2681 2896 2726 aut
2930 2672 3209 2728 molestias
3250 2672 3482 2727 ulterius

1894 2764 2277 2828 toleraturum,
2336 2765 2648 2833 frequenter
2694 2764 2765 2818 de
2792 2765 2916 2819 loco
2955 2765 3009 2819 in
3042 2765 3223 2821 locum
3252 2769 3477 2833 iturum,

1893 2867 1988 2914 aut
2019 2873 2220 2911 mensa:
2247 2858 2651 2911 accubiturum.
2684 2859 2917 2914 Attende
2964 2860 3127 2915 etiam
3160 2859 3308 2928 quod
3361 2875 3482 2913 ser-

1893 2964 2087 3004 mones
2126 2963 2313 3003 serens
2363 2964 2488 3005 cum
2524 2950 2776 3014 muliere,
2818 2950 3015 3019 fratres
3045 2953 3280 3020 appellet
3308 2950 3483 3006 disci-

209 3031 273 3084 ἐν
301 3034 413 3097 τοῖς
468 3033 610 3103 πρὸς
652 3035 753 3106 τὴν
809 3039 1044 3106 γυναῖκα
1094 3038 1355 3108 ῥήμασιν,
1386 3039 1513 3102 τοὺς
1544 3039 1795 3110 μαθητάς

1896 3043 2055 3112 pulos
2115 3056 2247 3097 suos
2286 3057 2299 3094 :
2336 3043 2412 3095 ita
2441 3043 2667 3098 omnino
2696 3044 3059 3098 conﬁdentem
3091 3061 3209 3099 eam
3257 3047 3484 3101 reddere

208 3128 562 3198 ἐπωνόμασε,
586 3128 811 3200 θαρρεῖν
839 3129 1009 3199 αὑτὴν
1053 3131 1141 3183 διὰ
1180 3132 1399 3184 πάντων
1431 3133 1792 3204 παρασκευά-

209 3219 463 3286 (amicat
515 3219 683 3290 μηδὲν
734 3218 978 3290 λυπηρὸν
1020 3220 1399 3291 ὑποδέχεσθαι.
1440 3222 1497 3276 Ὀ
1525 3222 1635 3291 γὰρ
1682 3220 1793 3275 τῶν

207 3310 456 3381 ἀδελφῶν
481 3311 582 3383 τὴν
606 3311 797 3381 κλῆσιν
817 3315 931 3376 τοῖς
963 3312 1236 3382 μαθηταῖς
1259 3313 1640 3385 χαριζόμενος.
1670 3312 1792 3369 εἶτα

205 3403 415 3474 ταύτην
465 3403 695 3466 ἐκείνοις
744 3403 1117 3474 συναριθμῶν,
1148 3406 1242 3458 καὶ
1276 3405 1389 3459 τῶν
1426 3404 1558 3459 ίσων
1601 3406 1790 3473 ἀξιῶν,

207 3496 393 3550 πᾶσαν
443 3495 613 3567 αὐτῆς
655 3493 855 3565 λύπην,
877 3495 971 3549 καὶ
1014 3495 1249 3565 ὑποψίας
1276 3494 1497 3561 ἐξέϐαλε
1539 3496 1788 3569 θόρυϐον.

208 3588 399 3658 Σοφῶς
432 3588 490 3642 δὲ
535 3588 676 3654 λίαν,
712 3589 807 3642 καὶ
842 3586 1182 3657 θεοπρεπῶς,
1215 3590 1307 3641 καὶ
1340 3590 1418 3655 τὸ,
1454 3609 1473 3642 ι
1523 3590 1669 3661 Πρὸς
1698 3590 1792 3644 τὸν

206 3681 431 3753 Πατέρα
463 3698 564 3752 μου
585 3720 601 3747 ,
631 3689 723 3734 λαὶ
779 3680 999 3751 Πατέρα
1031 3680 1216 3750 ὑμῶν,
1254 3700 1273 3732 ι
1316 3681 1459 3734 κατὰ
1506 3680 1791 3754 διαστολὴν

205 3774 518 3847 προηνέχθη
566 3775 660 3827 καὶ
706 3773 988 3827 διάστασιν
1014 3788 1031 3806 ο
1065 3773 1174 3826 τῶν
1227 3772 1511 3827 συλλαϐῶν
1550 3773 1631 3845 τῷ
1671 3790 1793 3827 συν-

204 3866 424 3938 δέσμῳ,
452 3867 549 3937 τῆς
579 3866 687 3919 τῶν
726 3864 1072 3936 πραγμάτων
1095 3864 1359 3935 διαφορᾶς
1408 3866 1503 3920 καὶ
1534 3866 1791 3938 ἑτερότη-

204 3976 301 4024 τος
337 3959 824 4029 ἐπιτρανουμένης.
862 3957 954 4028 Τῷ
989 3957 1087 4028 μέν
1121 3956 1229 4028 γὰρ
1250 3957 1526 4023 ίδιάζοντι,
1556 3958 1658 4029 τὴν
1682 3958 1788 4028 φύ-

204 4068 295 4107 σιν
321 4052 490 4117 ἐδειξε
510 4069 523 4082 ·
547 4050 627 4121 τῷ
662 4050 717 4103 δὲ
741 4048 925 4120 κοινῷ,
966 4049 1066 4119 τὴν
1094 4048 1258 4120 χάριν
1292 4050 1585 4121 ἐμήνυσεν.
1622 4050 1787 4105 Ὅσον

204 4145 264 4199 δὲ
289 4144 474 4213 φύσις,
507 4144 728 4214 χάριτος
758 4142 852 4194 καὶ
884 4139 1159 4203 υἱοθεσίας
1196 4140 1504 4213 διενήνοχεν
1528 4159 1543 4175 ο
1572 4138 1636 4196 ’ἐν
1659 4161 1787 4197 τοσ-

204 4235 352 4303 ούτῳ
384 4234 569 4306 μέτρῳ
603 4234 701 4303 τῆς
738 4231 1034 4302 ὑπεροχῆς,
1071 4231 1166 4284 καὶ
1195 4232 1229 4301 ἡ
1265 4232 1404 4303 πρὸς
1426 4232 1517 4287 τὸν
1546 4234 1642 4288 ἕνα
1688 4235 1786 4290 καὶ

208 4327 477 4401 μονογενῆ
518 4324 611 4379 τοῦ
659 4324 871 4395 Πατρὸς
915 4324 1037 4377 κατ’
1082 4324 1273 4378 οὐσίαν
1316 4324 1521 4394 σχέσις,
1568 4328 1669 4397 τῆς
1719 4330 1784 4380 ἐκ

1895 3128 2129 3190 volebat.
2165 3143 2265 3183 nec
2291 3129 2593 3200 quidquam
2635 3131 2819 3186 animo
2866 3133 3243 3189 molestiarum
3280 3137 3482 3189 admit-

1894 3229 2030 3277 tere.
2069 3223 2172 3288 Qui
2206 3223 2352 3277 enim
2388 3222 2620 3279 fratrum
2654 3226 2840 3282 titulos
2870 3228 3158 3297 discipulis
3209 3231 3477 3291 attribuit.

1893 3321 1947 3367 et
1976 3312 2030 3366 in
2061 3314 2254 3367 eodem
2290 3328 2524 3370 numero
2551 3330 2678 3371 cum
2710 3317 2816 3371 illis
2865 3333 2925 3372 se
2957 3319 3166 3382 habuit,
3214 3323 3330 3389 pari
3384 3322 3478 3376 ho-

1892 3416 2027 3456 nore
2083 3402 2361 3474 dignatus,
2421 3415 2572 3459 certe
2632 3421 2850 3460 omnem
2904 3407 2973 3461 ab
3005 3424 3067 3463 ea
3101 3410 3381 3465 tristitiam
3425 3422 3482 3467 et

1892 3493 2230 3563 suspicionis
2259 3496 2558 3551 tumultum
2586 3499 2812 3552 exemit.
2839 3498 3009 3554 Valde
3024 3502 3325 3570 quinetiam
3351 3521 3484 3574 pru-

1891 3585 2083 3639 denter
2109 3594 2162 3639 et
2197 3584 2384 3640 divino
2438 3601 2607 3651 more,
2652 3587 2767 3652 illa,
2808 3607 2827 3639 ι
2877 3589 2957 3643 Ad
3002 3587 3220 3645 Patrem
3264 3608 3473 3657 meum,

1891 3684 1946 3730 et
2002 3674 2218 3730 Patrem
2274 3685 2537 3742 vestrum,
2576 3696 2596 3729 ι
2633 3694 2728 3748 per
2755 3679 3185 3750 discrepantiam
3232 3682 3480 3738 ederun-

1891 3780 2003 3841 tur,
2054 3783 2111 3829 et
2143 3774 2507 3843 distantiam;
2550 3776 2680 3832 dum
2730 3779 3066 3850 syllabarum
3100 3783 3476 3852 copulatione,

1890 3881 2075 3922 rerum
2115 3867 2410 3924 diversitas
2443 3880 2497 3923 et
2555 3870 2833 3927 altereitas
2861 3874 3105 3929 effertur.
3139 3874 3305 3931 Plane
3329 3877 3477 3931 enim

1888 3973 1988 4028 per
2020 3959 2075 4013 id
2107 3961 2252 4028 quod
2288 3960 2570 4029 proprium
2621 3972 2726 4026 est,
2763 3972 3015 4018 naturam
3050 3967 3288 4021 ostendit
3320 3982 3334 4020 :
3378 3983 3475 4037 per

1888 4053 1938 4107 id
1973 4053 2120 4124 quod
2172 4067 2487 4116 commune,
2530 4053 2772 4108 declarat
2825 4056 3086 4125 gratiam.
3119 4057 3177 4111 In
3206 4070 3473 4128 quantum

1886 4157 2080 4201 natura
2134 4146 2447 4216 disparatur
2503 4161 2532 4199 a
2590 4147 2788 4217 gratia,
2833 4148 2887 4202 in
2918 4157 3130 4203 tantum
3169 4166 3265 4220 per
3294 4152 3475 4207 excel-

1886 4238 2067 4294 lentia:
2100 4241 2341 4303 modum,
2389 4238 2590 4305 Patris,
2612 4242 2912 4296 secundum
2948 4245 3269 4311 essentiam,
3312 4245 3472 4301 babi-

1888 4330 2042 4396 tudo,
2073 4330 2140 4385 ad
2172 4332 2396 4386 unicum
2432 4340 2487 4385 et
2520 4333 2862 4401 unigenitum
2897 4331 3119 4399 Filium,
3183 4347 3468 4393 transcen-

206 4397 623 4490 φιλανθρωπίας
638 4416 733 4470 καὶ
757 4416 966 4480 οἴκτου,
992 4415 1127 4486 πρὸς
1157 4415 1284 4479 τοὺς
1323 4416 1515 4481 ἄλλους
1544 4418 1784 4490 σχέσεως

1891 4425 1963 4478 dit
1999 4423 2241 4477 habiturn
2267 4438 2395 4493 erga
2427 4423 2567 4477 alios
2597 4397 2894 4489 ﬁliationis,
2927 4442 3049 4496 qua:
3080 4397 3150 4482 ab
3178 4429 3463 4485 hominum

206 4512 571 4584 ὑπερανέχει·
600 4508 695 4561 καὶ
745 4507 1103 4578 ὑπερίδρυται
1156 4507 1252 4560 καὶ
1280 4509 1308 4561 ό
1363 4511 1661 4579 μονογενὴς
1705 4511 1784 4577 δὲ,

202 4599 363 4670 δῆλον
387 4599 491 4661 ὅτι,
520 4595 632 4649 τῶν
663 4594 872 4648 πολλῶν
896 4595 1050 4658 υἱῶν,
1073 4594 1213 4668 [καὶ]
1242 4596 1337 4660 οὒς
1365 4600 1396 4668 ἡ
1434 4601 1595 4670 χάρις
1629 4602 1789 4654 ἐκυο-

204 4692 435 4761 φόρησεο
454 4690 555 4755 διὸ,
575 4685 805 4754 Πατέρα
834 4703 974 4755 μου,
993 4686 1188 4752 εἰπὼν,
1220 4690 1335 4753 καὶ,
1359 4690 1418 4743 τὸ
1442 4694 1666 4759 γνήσιον
1685 4692 1788 4763 τῆς

204 4784 444 4853 φύσεως,
476 4780 555 4851 τῷ
579 4777 835 4843 ἰδιάζοντι
870 4777 1160 4849 ἀφορίσας,
1187 4780 1302 4846 καὶ,
1334 4780 1565 4851 Πατέρα
1594 4783 1785 4852 ὑμῶν,

202 4876 503 4945 ἐπενήνοχε
524 4914 540 4939 ,
567 4873 666 4941 τὴν
718 4873 782 4924 ἐκ
816 4871 1130 4940 φιλοτιμίας
1162 4871 1311 4927 θέσιν
1342 4876 1438 4926 καὶ
1478 4875 1784 4947 εἰσποίησιν

199 4968 315 5021 τῶν
385 4964 698 5022 ἀποστόλων
758 4962 1293 5033 παραστησάμενος⁸
1348 4964 1577 5031 καὶτὸ,
1636 4970 1787 5022 Θεόν

196 5077 321 5130 μου
344 5100 360 5126 ,
389 5060 446 5112 δέ
490 5059 587 5112 καὶ
608 5097 625 5123 ,
679 5057 828 5115 Θεὸν
858 5054 1049 5125 ὑμῶν,
1084 5056 1221 5127 πρὸς
1255 5056 1355 5129 τὴν
1388 5058 1557 5129 αὑτὴν
1597 5058 1787 5129 βλέπει

199 5152 468 5215 διάνοιαν,
494 5150 591 5203 καλ⁵
628 5150 727 5219 τῆς
763 5148 931 5218 αὑτῆς
969 5144 1199 5217 γνώμης
1239 5147 1439 5219 ἧρηται
1472 5160 1520 5203 Ρ.
1553 5150 1650 5203 Διά
1683 5152 1784 5221 μὲν

202 5244 317 5315 γὰρ
334 5242 452 5307 τοῦ,
475 5242 625 5295 Θεόν
652 5257 791 5310 μου,
814 5238 874 5291 τὸ
890 5236 1152 5305 συγγενὲς
1180 5237 1275 5291 τοῦ
1305 5240 1424 5303 ἐνὸς
1465 5242 1560 5294 καὶ
1584 5244 1785 5297 οίκεῖον

202 5332 753 5407 περιλαμϐανόμενον
817 5329 1256 5401 ἁνακηρύττεται
1288 5346 1303 5361 ο
1368 5332 1459 5385 διὰ
1512 5333 1571 5387 δὲ
1637 5334 1733 5388 τοῦ
1764 5378 1781 5402 ,

1883 4531 2070 4570 amore
2097 4526 2151 4571 et
2184 4516 2534 4570 miseratione
2585 4517 2761 4570 oritur
2792 4534 2808 4571 :
2856 4518 3145 4583 exaltatur,
3188 4521 3334 4590 quod
3364 4537 3465 4592 ap-

1884 4616 2053 4678 paret,
2090 4608 2406 4675 unigenitus
2437 4622 2601 4678 super
2633 4610 2838 4665 multos
2890 4610 3033 4667 filios
3074 4628 3216 4683 quos
3253 4616 3465 4684 peperit

1881 4712 1935 4756 et
1962 4702 2253 4772 parturivit
2279 4703 2495 4772 gratia;
2551 4702 2768 4758 Patrem
2798 4721 2969 4759 meum
3009 4706 3215 4763 idcirco
3249 4708 3459 4775 dicens,

1881 4808 1980 4862 per
2013 4792 2066 4846 id
2096 4793 2243 4862 quod
2304 4794 2583 4863 proprium
2643 4800 2750 4861 est,
2813 4804 3019 4850 natura!
3044 4798 3460 4866 germanitatem

1882 4899 2165 4953 separans,
2198 4884 2429 4947 addidit,
2458 4892 2509 4937 et
2539 4884 2758 4937 Patrem
2805 4893 3055 4949 vestrum,
3090 4886 3324 4942 innuens
3370 4888 3459 4942 ni-

1882 4977 2082 5030 mirum
2112 4976 2460 5047 adoptionem
2507 4985 2561 5031 et
2591 4977 2933 5033 allectionem
2990 4981 3361 5049 apostolorum
3395 4998 3459 5037 ex

1880 5068 2089 5122 amoris
2112 5067 2449 5122 vehementia
2481 5084 2495 5120 :
2548 5067 2714 5122 etiam
2750 5067 2906 5133 illud,
2960 5068 3129 5123 Deum
3188 5087 3381 5137 meum,
3410 5083 3462 5126 et

1881 5158 2051 5212 Deum
2078 5170 2327 5224 vestrum,
2362 5159 2610 5214 eamdem
2651 5162 2983 5215 sententiam
3031 5163 3272 5232 respicit,
3306 5172 3362 5217 et
3392 5166 3463 5218 al)

1881 5252 2072 5305 eodem
2104 5267 2271 5307 sensu
2322 5252 2526 5307 dicitur
2565 5270 2579 5307 :
2615 5268 2739 5306 nam
2774 5269 2869 5322 per
2896 5253 3067 5307 Deum
3099 5272 3296 5318 meum,
3329 5271 3464 5311 con-

1884 5359 2145 5413 generum
2174 5344 2341 5400 unius
2366 5352 2423 5400 et
2448 5344 2746 5414 peculiare,
2783 5346 3283 5419 circumscriptum,
3323 5362 3463 5419 prm-

1508 5544 1743 5605 VARIA‘J
1772 5546 2181 5604 LECTIONES.

312 5724 355 5756 ηι
392 5714 543 5785 εἴπῃ.

653 5722 681 5751 ¹³
710 5713 774 5770 C.
800 5713 869 5770 Μ.
895 5715 1360 5786 συντελεσθείσης.
1441 5721 1467 5750 ο
1487 5711 1549 5767 C.
1580 5710 1649 5767 Μ.
1679 5709 1801 5781 ἐμοὶ
1827 5709 1997 5769 deest.
2078 5712 2106 5754 Ρ
2138 5708 2226 5764 ῖσ.
2259 5707 2514 5780 ἢρτηται.
2547 5707 2608 5765 C.
2642 5706 2712 5763 Μ.
2747 5706 2983 5780 εἴρηται.
