3902 6212
443 249 542 312 991

1621 254 1882 314 PIIOTII
1922 254 2427 316 PATRIARCHE
2465 257 2576 317 CP.

3621 259 3721 320 Εθὲ

437 361 654 414 dicatur
690 378 702 414 :
740 375 838 429 per
862 360 1018 429 illud,
1053 361 1223 416 Deum
1264 374 1518 423 vestrum.
1567 363 1866 416 multorum
1904 375 1988 414 ser

2094 403 2103 423 ι
2135 362 2287 415 Θεὸν
2310 361 2497 431 ὑμῶν,
2531 363 2644 415 τῶν
2675 361 2884 414 πολλῶν
2929 362 2991 416 τὺ
3016 363 3201 418 δοῦλον
3232 365 3326 418 καὶ
3351 366 3601 436 ὑπήκοον
3631 386 3724 425 και

432 452 557 506 vilis
583 452 847 517 conditio,
879 465 934 508 et
958 455 1247 524 subjectio,
1276 465 1332 510 et
1364 455 1508 526 quod
1537 468 1830 508 commune
1857 453 2020 522 quid-

426 545 550 598 dam
585 555 686 608 cst,
727 546 1018 614 productio
1038 557 1400 603 monstratur.
1431 545 1587 601 Patet
1609 546 1756 600 enim
1789 545 2017 598 omnino

423 650 661 702 cunctis,
699 642 844 710 quod
878 649 937 694 ut
988 641 1260 696 interdum
1300 641 1350 694 id
1399 638 1545 710 quod
1597 638 1911 706 subjicitur,
1963 645 2019 692 et

421 736 566 803 quod
611 737 956 799 immutatur,
990 745 1085 790 aut
1116 736 1370 806 superius
1403 736 1638 797 exsistit,
1671 749 1768 803 per
1798 748 2011 796 vocem,

422 843 617 891 meum,
651 830 933 882 intimatur
960 846 976 895 ;
1013 829 1084 881 ita
1114 843 1326 891 rursus,
1354 826 1586 896 azquale,
1616 839 2009 894 congeucrum,

419 929 474 972 et
513 920 752 973 maxime
813 919 1136 989 genuinum,
1174 934 1270 987 per
1312 917 1558 971 eamdem
1616 916 1791 984 ipsam
1824 928 2011 968 vocem

421 1014 712 1068 indicatur.
771 1013 896 1068 lhec
949 1029 1049 1082 ego
1118 1013 1213 1064 tibi
1269 1010 1323 1064 in
1376 1008 1657 1078 exemplar
1718 1007 2010 1073 delineavi,

420 1105 590 1159 multo
619 1105 879 1159 humilius
911 1117 1074 1172 quatit
1111 1102 1422 1172 postulabat
1449 1111 1857 1172 argumentum,
1893 1113 2013 1152 om-

420 1197 549 1250 nino
576 1208 755 1250 tanicn
786 1212 895 1249 non
926 1196 1148 1260 exilius,
1171 1197 1216 1249 si
1249 1195 1496 1265 epistola:
1525 1209 1661 1250 usus
1690 1192 2012 1248 considere-

419 1299 524 1343 tur.

522 1405 850 1471 Quaasrio
916 1405 1126 1462 cum
1193 1407 1382 1479 [CoisL
1439 1403 1674 1469 CLXIV,
1731 1401 1898 1456 Taur.

1083 1499 1334 1572 cum].

2129 454 2188 507 τὸ
2237 454 2738 526 δεδημιουργῆσθαι
2794 457 3274 526 κοινοποιούμενον
3320 459 3718 517 ἐπιδείκνυται.

2125 544 2295 616 Δῆλον
2321 547 2453 617 γὰρ,
2481 547 2640 618 δῆλον
2671 549 2899 612 ἅπασιν,
2927 549 3033 614 ὅτι,
3066 548 3259 620 ῶσπερ
3288 551 3464 604 ἐνίοτε
3493 552 3558 605 τὸ
3589 552 3722 606 ὕπο-

2125 631 2360 708 6ε6ηκδς
2391 642 2485 692 καὶ
2523 641 2980 712 παρηλλαγμένον
3001 681 3016 705 ,
3048 644 3081 712 ἢ
3111 642 3172 694 τὸ
3203 643 3496 713 ὑπερέχων
3521 654 3550 694 (ι
3577 685 3594 705 ,
3627 645 3718 697 διὰ

2125 733 2222 803 τῆς
2278 732 2395 796 τοῦ,
2425 732 2595 801 ἐμοῦ,
2637 735 2826 804 φωνῆς
2884 736 3280 804 ἐνσημαίνεται
3305 752 3320 766 ’
3356 735 3504 789 οὕτω
3529 739 3716 800 πάλιν,

2122 825 2216 876 καλ⁹
2248 826 2309 876 τδ
2343 825 2456 878 ἴσον
2493 827 2590 879 καὶ
2626 826 2890 894 συγγενὲς
2919 828 3015 880 καὶ
3062 828 3464 898 γνησιώτατον,
3491 831 3585 882 διὰ
3616 832 3715 899 τῆς

2120 915 2291 986 αὐτῆς
2319 917 2788 989 χαρακτηρίζεται
2818 917 3038 985 λέξεως.
3090 919 3252 973 Ἀλλὰ
3282 920 3462 974 ταῦτα
3493 924 3600 990 μέν
3631 940 3716 974 σοι

2120 1010 2256 1078 πρὶς
2281 1008 2632 1062 ὑποτύπωσιν
2659 1010 2978 1080 διεχάραξα,
3009 1012 3106 1080 τῆς
3129 1013 3230 1080 μὲν
3271 1013 3589 1076 ὑποθέσεως
3619 1031 3717 1065 τα-

2118 1103 2454 1171 πεινότερον,
2483 1102 2582 1172 τῆς
2615 1101 2672 1154 δὲ
2713 1101 2837 1154 κατ’
2863 1103 3155 1175 ἐπιστολὴν
3185 1104 3376 1175 χρείας
3395 1145 3411 1169 ,
3447 1106 3582 1169 ἴσως
3612 1106 3716 1158 οὐκ

2115 1194 2484 1265 ἐνδεέστερον.

2645 1396 2986 1451 ΕΡΩΤΗΣΙΣ
3016 1397 3159 1450 Σιεῖθ.

597 1615 784 1666 Editaa
807 1617 1109 1667 Montacutio
1137 1619 1240 1680 (ep.
1271 1618 1377 1677 158,
1413 1617 1471 1666 ad
1496 1617 1828 1671 Theodorum,
1857 1629 1904 1676 p.
1944 1611 2050 1670 195,
2083 1607 2285 1668 19l).-——
2306 1604 2382 1656 De
2411 1603 2592 1657 Christi
2616 1605 2797 1654 sudore
2819 1606 3108 1668 sanguineo.
3143 1604 3267 1653 Luc.
3297 1619 3417 1666 un,
3440 1607 3467 1655 ι
3482 1607 3518 1654 ι.

485 1701 836 1758 Proverbium
899 1691 1196 1774 usurpatur
1236 1708 1300 1758 de
1355 1705 1511 1757 valde
1564 1705 1897 1770 lugentibus,
1951 1716 1980 1753 e

2178 1693 2458 1764 Παροιμία
2513 1691 2759 1760 λέγεται,
2805 1692 3038 1744 ἐπὶτῶν
3092 1691 3296 1763 σφόδρα
3343 1692 3713 1760 λυπουμένων

411 1811 639 1863 agonem
697 1797 1054 1866 patientibus,
1091 1796 1416 1866 Sanguinem
1473 1795 1728 1860 sudarit;
1774 1805 1910 1848 utet
1939 1793 2006 1846 de

414 1887 480 1942 iis
519 1888 612 1956 qui
665 1890 860 1943 acerbe
918 1891 1310 1956 lamentantur,
1338 1890 1659 1960 Sanguinem
1701 1888 1900 1957 plorat.
1945 1886 2006 1942 Si

413 1979 538 2047 quis
561 1978 628 2032 ad
665 1981 916 2033 eumdem
983 1983 1208 2035 modum
1273 1982 1568 2035 arbitretur
1619 1980 1914 2034 deductum
1951 1987 2006 2033 et

415 2083 738 2140 usurpatum
773 2073 901 2127 illud
937 2077 1080 2144 apud
1114 2077 1332 2128 beatum
1369 2073 1596 2138 Lucam,
1629 2073 1828 2145 (neque
1853 2071 2003 2129 enim

415 2165 497 2216 vir
526 2165 634 2227 ille,
669 2168 968 2221 illiusmodi
999 2168 1262 2222 doctrina:
1323 2169 1514 2223 leviter
1543 2169 1784 2224 imbutus
1826 2169 1949 2242 fuit)
1980 2187 1995 2225 :

418 2274 437 2307 ι
477 2254 665 2310 Fiebat
693 2267 874 2312 autem
908 2260 1076 2312 sudor
1104 2258 1222 2326 ejus
1254 2269 1512 2330 tauquam
1546 2263 1831 2330 sanguinis
1863 2279 1999 2330 gru-

412 2347 486 2400 mi
521 2365 534 2400 :
570 2367 589 2398 ι
627 2349 796 2403 habes
834 2350 884 2402 id
913 2351 1058 2417 quod
1087 2351 1392 2420 quaerebas.
1425 2351 1581 2416 Quod
1614 2353 1660 2405 si
1688 2353 1780 2406 tibi
1817 2353 1994 2408 visunt

411 2440 685 2494 curiosius
737 2442 804 2496 de
835 2442 939 2496 hoc
969 2443 1120 2498 dicto
1151 2445 1500 2500 inventiones
1537 2445 1792 2512 adjicere,
1846 2457 1996 2502 certe

411 2546 507 2599 per
557 2533 798 2601 seipsum
859 2533 1016 2588 facile
1068 2534 1377 2603 expeditur,
1443 2536 1588 2602 quod
1620 2551 1743 2589 cuin
1773 2536 1992 2600 dixerit,

415 2643 432 2673 ι
470 2626 627 2690 quasi
662 2627 838 2694 grumi
870 2628 1184 2697 sanguinis,
1228 2648 1248 2680 ι
1305 2645 1412 2684 non
1466 2632 1728 2686 indicavit
1763 2632 1994 2686 sudasse

410 2718 562 2769 illum
591 2719 878 2786 sanguinis
916 2736 1143 2788 grumos
1173 2738 1186 2774 :
1232 2738 1411 2790 neque
1442 2725 1588 2778 enim
1630 2723 1699 2777 ad
1731 2723 1991 2776 similitu-

408 2809 592 2863 dinem
634 2826 823 2865 eorum
855 2813 1086 2868 dixisset
1124 2814 1355 2871 sudores
1406 2817 1728 2870 exstitisse:
1760 2829 1814 2870 at
1868 2827 1990 2869 tau-

407 2917 568 2968 quam
606 2905 802 2972 grumi,
849 2905 955 2957 hoc
978 2906 1154 2974 ipsum
1183 2907 1456 2975 pi‘aicipue
1486 2906 1644 2960 docet
1670 2925 1684 2959 :
1711 2915 1858 2960 certe
1893 2921 1990 2960 vo-

407 2990 507 3043 luit
535 2991 584 3043 id
621 2993 997 3056 sobiudicare,
1027 2995 1173 3064 quod
1204 3012 1312 3049 non
1348 2997 1548 3063 exiguo
1579 2996 1823 3065 quodam
1859 3011 1984 3050 rore

2111 1787 2204 1841 καὶ
2235 1786 2619 1854 ἀγωνιώντων,
2645 1785 2856 1853 Αἵματι
2883 1783 3141 1851 ἵδρωσεν
3163 1800 3176 1812 ο
3207 1781 3397 1854 ὥσπερ
3465 1786 3558 1836 καὶ
3618 1788 3712 1837 ἐπὶ

2107 1877 2216 1931 τῶν
2249 1877 2462 1948 πικρῶς
2493 1875 2857 1946 ὀδυρομένων,
2882 1875 3098 1942 Αἵματι
3125 1875 3338 1926 κλαίει.
3371 1875 3433 1925 Ei
3465 1875 3568 1943 μὲν
3614 1871 3710 1925 οὗν

2107 1973 2251 2024 κατὰ
2289 1970 2480 2022 τοῦτόν
2505 1985 2591 2032 τις
2635 1965 3070 2037 πεπαρῳδῆσθαι
3113 1966 3328 2034 νομίσοι
3362 1966 3457 2018 τὸν
3499 1970 3708 2034 τρόπον

2105 2061 2252 2129 (οὐδὲ
2312 2060 2422 2131 γὰρ
2471 2057 2580 2110 τῶν
2648 2056 2910 2109 τοιούτων
2959 2055 3296 2125 μαθημάτων
3352 2057 3380 2107 ὁ
3422 2056 3566 2125 ἀνὴρ
3614 2058 3708 2108 ἀν-

2102 2153 2312 2226 ήκοος),
2345 2153 2441 2205 καί
2466 2152 2524 2204 τὸ
2554 2151 2706 2220 παρὰ
2737 2148 2814 2219 τῷ
2853 2146 3128 2217 θεσπεσίῳ
3159 2148 3344 2218 Λουκᾷ
3380 2151 3702 2218 εἰρημένον,

2114 2264 2135 2298 ι
2177 2247 2424 2315 Ἐγένετο
2450 2243 2505 2296 δὲ
2529 2244 2556 2296 ὁ
2585 2240 2745 2313 ἱδρὼς
2770 2240 2956 2306 αὑτοῦ,
2989 2241 3120 2292 ὡσεὶ
3150 2239 3379 2311 θρόμϐοι
3403 2242 3662 2310 αἵματοςο
3680 2263 3696 2290 ο

2099 2337 2246 2408 ἔχεις
2269 2337 2328 2390 τὸ
2345 2336 2585 2408 ζήτημα.
2606 2333 2665 2386 Εἰ
2686 2335 2743 2387 δὲ
2761 2333 3187 2404 περιεργότερον
3205 2333 3595 2404 ὲπινενοῆσθαί
3617 2351 3699 2386 σοι

2097 2431 2254 2484 τοῦτο
2288 2429 2429 2494 δόξει
2459 2444 2473 2457 ·
2500 2429 2616 2483 ἀλλ’
2646 2424 2741 2481 οὖν
2771 2429 2945 2480 ἐκεῖνο
2966 2425 3198 2478 αὐτόθεν
3221 2427 3333 2496 ἔχει
3357 2427 3415 2479 τὸ
3446 2427 3695 2490 εὔκολον,

2096 2524 2199 2587 δτι,
2248 2542 2264 2573 ι
2313 2523 2459 2574 Ὡσεὶ
2489 2519 2717 2592 θρόμϐοι
2755 2520 3036 2589 αἵματος,›
3074 2516 3244 2571 εἰπὼν
3267 2560 3280 2583 ,
3307 2519 3369 2571 οὺ
3416 2519 3697 2590 θρόμϐους

2097 2617 2322 2687 ἱδρῶσαι
2348 2616 2663 2687 ἀπεφήνατο
2703 2613 2938 2684 αἵματος
3000 2611 3082 2683 (οὐ
3113 2611 3222 2682 γάρ
3264 2612 3327 2665 ἂν
3364 2612 3692 2682 καθ’δμοιὸ-

2091 2728 2230 2780 τητα
2303 2710 2509 2764 τούτων
2593 2710 2806 2779 εἰρήκει
2885 2705 3138 2775 γενέσθαι
3203 2707 3328 2768 τοὺς
3406 2705 3691 2774 ἱδρῶταςο

2090 2806 2250 2860 τοῦτο
2297 2807 2408 2878 γὰρ
2471 2805 2659 2875 σαφῶς
2707 2803 2974 2876 δηλονότι,
3039 2802 3100 2855 τὸ
3153 2803 3326 2854 «ὡσεὶ
3369 2803 3629 2873 θρόμϐοι,
3666 2822 3685 2851 ι

2089 2902 2410 2973 παρίστησι)
2435 2918 2450 2932 ο
2483 2899 2650 2954 θέλων
2681 2899 2738 2952 δὲ
2792 2897 2994 2968 μᾶλλον
3034 2896 3296 2966 δηλῶσαι,
3323 2897 3398 2957 ῶς
3439 2897 3565 2967 οὐχὶ
3600 2899 3690 2948 λε-

2097 2997 2256 3057 πταῖς
2288 3012 2395 3046 τισι
2415 2993 2608 3057 νοτίσι,
2641 2991 2735 3044 καὶ
2753 2985 2865 3043 οἷον
2893 2989 3170 3054 ἐνδείξεως
3201 2989 3360 3059 χάριν
3394 2989 3687 3056 ἐπιφαινο-

405 3081 790 3139 eﬂ‘undcbatur
845 3101 1048 3155 corpus
1097 3087 1333 3150 Domini,
1391 3088 1457 3141 ad
1510 3088 1744 3156 speciem
1775 3097 1983 3141 tantum

2094 3086 2304 3156 μέναις,
2332 3087 2393 3138 τὸ
2412 3083 2742 3138 Δεσποτικδν
2765 3080 3037 3144 ὲνοτίζετο
3067 3081 3245 3150 σῶμα,
3288 3081 3404 3133 ἀλλ’
3440 3082 3516 3143 ὡς
3546 3081 3682 3149 dir,-

405 3188 703 3243 appareute
725 3195 739 3243 ;
765 3179 859 3232 sed
894 3180 1040 3246 quod
1075 3182 1344 3234 veraciter
1379 3181 1432 3233 in
1460 3196 1668 3234 morem
1697 3182 1988 3249 grandium

403 3277 678 3335 guttarum
735 3270 1168 3336 distillantium,
1219 3274 1532 3328 universum
1616 3273 1735 3341 ejus
1781 3287 1984 3341 corpus

401 3358 701 3423 dillluebat,
739 3370 794 3414 et
825 3362 876 3414 id
914 3373 972 3415 ut
999 3365 1240 3430 doceret,
1276 3366 1343 3419 ad
1372 3367 1666 3436 imaginem
1705 3367 1783 3420 rei
1815 3375 1984 3436 gestae

398 3450 834 3517 exprimendam,
871 3457 1154 3525 sanguinis
1206 3475 1430 3525 grumos
1487 3460 1785 3528 assumpsit
1814 3459 1867 3512 in
1905 3458 1980 3512 si-

399 3540 783 3596 militudinem.
838 3543 1204 3604 Maiiil‘estavit
1249 3559 1455 3613 autem,
1508 3551 1976 3619 quemadmodum

396 3645 493 3698 per
517 3635 890 3689 continuatam
911 3639 1214 3692 orationem
1241 3649 1296 3693 et
1315 3638 1671 3692 multifariam
1693 3639 1974 3709 agoniam,

397 3725 468 3777 ita
522 3742 616 3793 per
683 3729 902 3784 sudoris
961 3734 1044 3784 sui
1101 3732 1547 3797 crassitudinem,
1612 3734 1757 3802 quod
1795 3743 1847 3786 et
1879 3748 1978 3803 per

395 3826 647 3871 naturam
679 3831 734 3872 et
767 3821 1070 3882 secundum
1105 3826 1412 3890 veritatem,
1469 3842 1576 3879 non
1622 3841 1719 3895 per
1756 3841 1975 3881 remon-

393 3922 712 3966 stratiouem
741 3924 793 3967 et
821 3918 1218 3983 apparentiam,
1268 3920 1451 3978 homo,
1509 3918 1770 3973 Servatur
1827 3919 1976 3974 dice-

393 3999 552 4052 batur
577 4018 593 4054 :
623 4004 881 4072 quodque
917 4008 1258 4062 naturalibus
1311 4009 1595 4062 hominum
1637 4020 1690 4063 et
1729 4010 1975 4078 inculpa-

393 4091 463 4144 tis
513 4091 798 4148 alfectibus
863 4095 1214 4153 inserviebat.
1263 4098 1378 4154 Hoc
1409 4117 1533 4155 cuni
1590 4103 1768 4170 reipsa
1810 4119 1971 4157 mon-

386 4194 567 4240 strare
613 4187 790 4250 ,vellet
845 4186 1134 4256 Dominus,
1199 4202 1251 4246 et
1301 4195 1446 4261 quod
1483 4194 1629 4248 haud
1665 4196 1969 4250 secundum

387 4281 624 4334 divinam
664 4291 937 4348 naturam,
965 4283 1062 4338 sed
1096 4285 1149 4338 in
1187 4285 1444 4348 humana,
1497 4287 1803 4355 passionem
1837 4289 1970 4343 sub-

387 4371 512 4434 iret,
576 4372 776 4434 oravit,
814 4374 867 4427 in
923 4375 1120 4444 agonia
1173 4388 1536 4432 versaretur:
1589 4394 1806 4435 crassos
1843 4381 1966 4436 illos

385 4473 441 4516 et
494 4465 802 4521 condensos
856 4469 1088 4530 sudores
1159 4470 1469 4537 exsudavit,
1505 4473 1599 4541 qui
1649 4473 1966 4542 sanguineis

380 4560 592 4626 grumis
647 4560 1119 4618 assiniilabantur.
1184 4561 1346 4617 Nullo
1401 4565 1563 4619 modo
1629 4576 1966 4636 quapropter

377 4650 528 4718 apud
569 4661 621 4704 te
653 4653 740 4706 hic
772 4653 924 4708 locus
957 4655 1231 4725 Evangelii
1262 4657 1595 4719 rescidatur,
1631 4656 1774 4711 haud
1804 4667 1887 4711 est
1909 4656 1962 4712 id

377 4759 713 4813 congruum;
760 4757 1054 4816 utcunque,
1085 4747 1233 4817 quod
1261 4748 1520 4810 aﬂirmas,
1552 4749 1705 4818 Syris
1732 4751 1962 4816 quibus-

377 4838 506 4889 d‘ani
535 4841 603 4891 ita
630 4838 805 4892 visum
837 4851 920 4895 est
955 4857 969 4894 :
1003 4839 1099 4895 sed
1127 4849 1388 4910 tanquam
1422 4840 1559 4893 nihil
1595 4841 1953 4908 impossibile,

2086 3178 2193 3241 θῶς
2224 3179 2403 3249 ἁδρῶν
2431 3177 2706 3246 σταγόνων
2727 3175 2907 3242 δίκην,
2948 3174 3071 3226 ὅλον
3129 3177 3242 3237 τοῖς
3282 3173 3470 3244 ἱδρῶσι
3523 3191 3681 3244 περι-

2083 3269 2375 3334 εστάζετο·
2401 3271 2529 3332 τοὺς
2577 3269 2689 3321 τῶν
2733 3268 2984 3337 αἱμάτων
3016 3265 3310 3337 θρόμϐους,
3373 3267 3452 3328 εἰς
3494 3268 3680 3318 εἰκόνα

2081 3360 2176 3414 τοῦ
2239 3361 2606 3432 γεγενημένου
2671 3360 3034 3429 παρείληφεν.
3103 3359 3322 3428 Ἐδηλου
3385 3357 3441 3410 δὲ
3517 3359 3666 3428 ἄρα,

2083 3451 2272 3523 ὥσπερ
2310 3453 2410 3506 καὶ
2433 3453 2520 3506 διὰ
2543 3452 2642 3522 τῆς
2677 3452 3042 3518 ὲντεταμένης
3071 3447 3407 3519 προσευχῆς,
3435 3448 3534 3500 καὶ
3580 3447 3677 3517 τῆς

2081 3543 2282 3609 πολλῆς
2335 3542 2596 3610 ἀγωνίας,
2636 3539 2778 3594 οὕτω
2838 3539 2932 3592 καὶ
2999 3539 3087 3592 διὰ
3139 3539 3237 3608 τῆς
3274 3537 3385 3589 τῶν
3428 3537 3679 3607 ἱδρώτων

2079 3638 2412 3708 παχύτητος,
2448 3634 2524 3699 ὡς
2563 3634 2720 3700 φύσει
2753 3633 2845 3685 καὶ
2883 3631 3124 3702 ἀληθῶς,
3151 3631 3270 3683 ἀλλ’
3301 3631 3403 3683 οὐκ
3453 3631 3668 3682 ἐπι-Ξεὶ-

2079 3732 2161 3800 ξει
2191 3730 2288 3784 καὶ
2318 3727 2611 3799 φαντασίᾳ,
2645 3725 2932 3796 ἄνθρωπός
2966 3742 3025 3776 τε
3072 3725 3446 3794 ἐχρημάτισεν
3477 3725 3506 3776 ὀ
3555 3725 3675 3776 Σω-

2074 3824 2198 3895 τὴρ,
2256 3821 2348 3874 καὶ
2409 3823 2520 3883 τοῖς
2568 3820 2818 3888 φυσικοῖς
2869 3818 2976 3869 τῶν
3009 3816 3318 3886 ἀνθρώπων
3372 3816 3470 3869 καὶ
3517 3817 3679 3870 ἀδια-

2076 3919 2295 3989 ϐλήτοις
2324 3919 2710 3988 ὑπηρετήσατο
2745 3914 2966 3967 πάθεσι.
3009 3915 3180 3967 Τοῦτο
3212 3914 3321 3982 γὰρ
3351 3914 3488 3964 αὐτὸ
3521 3916 3620 3964 καὶ
3649 3914 3676 3964 δ

2073 4010 2350 4076 Δεσπότης
2376 4008 2557 4078 ἔργοις
2594 4006 2888 4077 παριστὰς,
2922 4007 3016 4058 καὶ
3060 4006 3134 4068 ῶς
3180 4005 3302 4075 οὐχὶ
3336 4006 3480 4058 κατὰ
3523 4005 3676 4058 θείαν

2073 4099 2256 4170 φύσιν,
2291 4100 2405 4152 ἀλλ’
2429 4100 2487 4152 ὲν
2512 4102 2578 4170 τῇ
2610 4098 2929 4169 ἀνθρωπίνῃ
2963 4099 3022 4150 τὸ
3057 4098 3231 4162 πάθος
3278 4097 3503 4164 ἐδέξατο
3524 4137 3540 4159 ,
3575 4099 3675 4150 καὶ

2071 4189 2439 4261 προσηύξατο,
2469 4191 2563 4243 καὶ
2590 4189 2863 4259 ἠγωνίασε
2887 4231 2902 4256 ,
2942 4188 3037 4241 καὶ
3074 4189 3199 4251 τοὺς
3271 4191 3468 4258 παχεῖς
3515 4190 3667 4240 ὲκεί-

2070 4301 2193 4344 νους
2241 4285 2335 4336 καὶ
2373 4282 2791 4353 παραπλησίους
2824 4282 3056 4352 αἵματος
3095 4282 3395 4352 θρόμϐους,
3429 4280 3672 4351 ἱδρῶτας

2072 4377 2383 4448 ὲξίδρωσεν.
2419 4377 2632 4446 Μηκέτι
2684 4375 2778 4429 οὖν
2820 4393 2904 4428 σοι
2932 4375 3026 4429 τοῦ
3075 4377 3415 4443 Εὑαγγελίου
3459 4376 3578 4428 τάδε
3608 4376 3672 4428 τὸ

2072 4470 2274 4540 χωρίον
2307 4468 2724 4540 περικεκόφθαι,
2751 4468 2852 4523 κᾶν
2877 4486 2987 4520 τισι
3024 4468 3132 4521 τῶν
3164 4469 3374 4538 Σύρων,
3399 4467 3475 4530 ῶς
3503 4469 3666 4537 ἔφης,

2071 4565 2238 4628 δοκεῖ,
2270 4563 2546 4633 εὐπρεπὲς
2599 4561 2786 4632 νόμιζε
2825 4578 2837 4591 ·
2876 4562 2993 4615 ἀλλ’
3028 4562 3103 4625 ὡς
3160 4561 3314 4613 οὐδὲν
3367 4560 3664 4624 ἀδύνατον,

2074 4655 2272 4726 μᾶλλον
2305 4655 2362 4706 δὲ
2393 4653 2491 4706 καὶ
2533 4653 2655 4706 λίαν
2685 4654 3000 4719 ἀκόλουθον,
3030 4656 3088 4706 ἐν
3134 4651 3283 4722 αὐτῷ
3326 4654 3666 4722 περιεχόμε-

2069 4766 2180 4814 νον,
2212 4747 2394 4810 καλῶς
2450 4748 2729 4814 ἐπιγνοὺς,
2765 4750 2878 4810 τοῖς
2932 4747 3113 4810 ἄλλοις
3145 4747 3466 4800 συντασσων
3493 4746 3664 4807 θείοις

2067 4842 2355 4911 χρησμοῖς,
2385 4837 2742 4908 ἀναμφιϐὁλῳ
2772 4840 2966 4910 γνωμῃ
2997 4839 3438 4907 συναναγίνωσκε
3468 4849 3513 4890 ι’.

380 4947 569 4986 verum
605 4932 763 4988 facile
796 4934 1215 4997 admittendum,
1269 4935 1361 4986 illo
1396 4943 1544 4987 textu
1615 4934 1986 4997 contineatur,
2031 4933 2106 4988 ita
2183 4933 2352 5003 probe
2404 4933 2653 5003 recipito,
2704 4950 2829 4988 cum
2901 4932 3128 5002 reliquis
3163 4933 3366 4987 divinis
3415 4926 3662 4985 oraculis

374 5034 774 5088 aimumerato,
820 5035 874 5079 et
929 5026 1050 5082 sine
1102 5025 1442 5078 dubitatione
1492 5026 1640 5077 omni
1688 5039 1820 5078 cura
1883 5023 2070 5092 legito.

480 5138 807 5207 QUIESTIO
861 5141 1333 5285 ΟῦΧὶἓωὲἶῖρῖει.
1405 5141 1589 5197 CLXV
1683 5142 1846 5200 Taur.

2607 5142 2827 5195 ΕΡΩΤΗ
2837 5143 2940 5195 ΣΙΣ
2971 5143 3095 5197 ΣΚ’.

922 5330 1065 5382 Edita
1087 5331 1435 5383 allontacutio
1460 5335 1561 5396 (ep.
1589 5333 1696 5394 159,
1727 5336 1787 5384 ad
1815 5336 2150 5401 Theodorum,
2174 5355 2224 5404 p.
2254 5342 2507 5408 194-198).
2536 5371 2593 5380 -—
2623 5345 2676 5394 In
2712 5345 2885 5395 Matth.
2913 5357 2963 5406 ν,
2985 5345 3063 5395 28.

441 5435 581 5492 Cum
624 5437 795 5494 multa
837 5440 968 5495 mihi
1017 5445 1366 5514 suppeditant
1399 5446 1652 5513 dicenda,
1709 5450 1852 5505 unde
1881 5449 1949 5503 li-

2139 5453 2315 5506 nam
2346 5455 2443 5524 μὲν
2467 5459 2640 5511 εἰπεῖν
2658 5461 2798 5512 ἔνων
2853 5452 3008 5512 δι’ῶν
3033 5456 3150 5511 ἔστι
3185 5455 3369 5524 σαφῶς
3404 5456 3650 5526 ἐπιτιμῶ-

1662 5613 1897 5671 νςιῐιιΕ
1927 5613 2335 5674 LECTIONES.

440 5722 581 5777 ιῖῑσ.
613 5723 898 5797 ὑπερέχον.
983 5735 1001 5761 τ
1038 5725 1098 5780 C.
1134 5725 1203 5778 Μ.
1239 5724 1595 5793 ἀναγίνωσκε.
