3902 6212
210 238 314 306 993

1174 247 1274 306 AD
1295 243 1886 306 AMPHILOCHIUM
1934 244 2280 317 QUIESTIO
2316 244 2531 306 CCXX.

3369 231 3476 294 994

209 373 321 420 ναι,
357 354 434 421 ὡς
463 355 587 428 οὐχὶ
610 354 783 430 βαρὺς
813 357 936 412 οὐδὲ
957 357 1243 425 ἀδύνατος,
1277 360 1416 414 ἀλλὰ
1445 360 1541 414 καὶ
1588 359 1789 429 κοῦφος

1910 358 2036 430 luod
2091 360 2351 433 cognosci
2387 358 2608 429 poterit,
2662 356 2810 427 quod
2848 353 3274 424 haudquaquam
3315 363 3481 418 grave

210 448 305 501 καὶ
328 448 587 518 χρηστὸς,
611 449 640 502 ὁ
663 449 995 514 Δεσποτικὺς
1019 451 1224 516 ἐκεῖνος
1249 451 1516 522 χρησμὸς,
1543 453 1573 505 ό
1600 450 1796 518 λέγων,

217 558 237 591 ι
283 540 396 602 Πᾶς
426 540 455 592 ό
481 537 696 609 βλέπων
711 542 947 609 γυναῖκα
975 541 1113 608 πρὸς
1134 541 1197 594 τὸ
1220 543 1561 614 ἐπιθυμῆσαι
1584 543 1757 615 αὐτὴν
1780 583 1798 609 ,

212 631 313 701 ἢδη
349 630 670 702 ἐμοίχευσεν
705 632 879 703 αὐτὴν
910 633 970 686 ἐν
992 636 1060 704 τῇ
1092 633 1291 705 καρδίᾳ
1322 634 1510 688 αὐτοῦ’
1543 655 1563 686 ι
1615 636 1800 688 ἐκεῖνα

214 720 354 783 τέως
390 723 509 774 κατ’
540 721 833 792 ἐπιστολήν
863 721 994 795 [σοι]
1028 723 1143 794 ἐρῶ
1175 739 1191 754 ⁸
1244 726 1327 778 ὅτι
1355 724 1596 797 πρῶτον,
1623 743 1797 797 χρεωσ-

218 814 453 883 στοῦμεν
504 814 555 866 oi
600 814 699 885 τῆς
747 814 992 885 χάριτος,
1025 815 1186 870 πλέον
1213 817 1415 883 τι,τῶν
1443 819 1502 871 ἐν
1530 820 1681 890 νόμῳ
1712 819 1801 890 βε-

217 903 530 973 ϐιωκότων,
603 906 929 976 κατορθοῦν.
972 907 1085 961 Καὶ
1140 909 1239 979 οὐχ
1295 909 1498 980 ὁμοίως
1554 912 1800 979 πέφυκεν

216 997 467 1068 ἑκατέρῳ
504 998 662 1068 μέρει
708 998 883 1070 βαρὺς
929 999 1031 1070 τῆς
1071 1001 1396 1068 νομοθεσίας
1430 1004 1464 1072 ἡ
1494 1003 1750 1073 ἀκρίϐεια
1781 1018 1798 1035 ·

217 1086 358 1141 ἀλλὰ
404 1087 466 1140 τὸ
517 1088 749 1153 ἐκείνοις
799 1090 930 1153 ίσως
982 1089 1144 1155 δόξαν
1196 1090 1368 1162 βαρὺ,
1399 1094 1530 1163 ἡμῖν
1584 1094 1800 1163 σύμμε-

214 1197 346 1251 τρον
379 1182 475 1234 καὶ
518 1180 795 1252 ἐλαφρόν·
837 1184 933 1236 καὶ
982 1183 1045 1235 τὸ
1101 1185 1231 1255 ⁴ἡμῖν
1287 1186 1546 1251 τοιοῦτον,
1573 1187 1800 1251 ἐκείνοις

214 1276 277 1327 οὐ
308 1274 572 1330 τοιοῦτον.
599 1276 723 1338 Τοῖς
756 1276 856 1345 μὲν
883 1275 991 1348 γὰρ
1019 1277 1179 1348 μόνον
1212 1278 1526 1350 ἀπέτρεπεν
1559 1281 1587 1332 ό
1612 1281 1797 1349 νόμος,

214 1367 252 1421 ἃ
293 1366 368 1438 μὴ
396 1367 556 1436 θέμις
585 1371 762 1421 ποιεῖν
797 1384 812 1399 ο
844 1369 1077 1438 δύναμιν
1112 1369 1171 1422 δὲ
1202 1369 1459 1440 οὐδεμίαν
1491 1370 1795 1440 ἐχαρίζετο,

217 1460 359 1531 πρὸς
393 1459 633 1531 τὴντῶν
684 1460 1160 1531 νομοθετηθέντων
1218 1461 1584 1533 ἐκπλήρωσιν.
1639 1463 1801 1533 Ἡμῖν

212 1552 275 1604 δὲ
308 1553 518 1623 μεγάλη
555 1552 780 1621 γέγονεν
815 1553 847 1623 ἡ
876 1552 966 1605 διὰ
991 1552 1087 1605 τοῦ
1121 1552 1504 1624 βαπτίσματος
1553 1554 1651 1608 καὶ
1691 1555 1802 1607 τῶν

210 1644 395 1697 ἄλλων
414 1645 633 1715 δωρεῶν
676 1646 989 1717 ἐπικουρία,
1040 1645 1376 1714 κουφίζουσα
1422 1648 1607 1715 σχεδὸν
1653 1647 1800 1701 ἅπαν

1900 455 1973 508 sit
2003 462 2098 508 aut
2123 452 2482 523 impossibile,
2514 452 2647 521 quin
2680 458 2871 508 contra
2896 448 3011 503 leve
3037 457 3092 504 et
3124 444 3477 506 conveniens,

1901 545 2119 601 Domini
2157 545 2377 601 eﬂ'atum
2424 545 2578 611 illud,
2615 563 2633 596 ι
2669 542 2860 598 Omnis
2918 540 3011 610 qui
3067 539 3355 593 mulierem
3393 535 3479 589 in-

1900 649 2114 705 tuetur,
2173 641 2240 696 ad
2288 640 2438 695 illam
2499 633 3019 705 concupiscendam,
3075 631 3187 701 jam
3222 630 3274 684 in
3314 629 3481 684 corde

1900 749 2002 789 suo
2024 732 2406 803 constupravit
2441 730 2587 784 illam
2621 747 2633 782 :
2668 747 2687 780 ι
2720 728 2812 780 illa
2842 740 2942 795 per
2980 732 3308 793 prmsentem
3365 719 3475 789 epi-

1902 821 2099 875 stolam
2135 820 2234 874 tibi
2275 834 2587 890 suggeram.
2622 815 2826 883 Nempe
2878 814 2934 868 in
2975 812 3170 883 primis
3203 810 3349 879 quod
3379 824 3482 863 nos

1901 907 1997 975 qui
2044 908 2149 962 sub
2178 909 2351 976 gratia
2397 908 2657 973 vivimus,
2689 905 2874 960 debito
2931 914 3176 958 tenemur
3210 900 3481 963 obstricti,

1902 998 2075 1053 multo
2127 999 2282 1069 plura
2345 998 2486 1052 bona
2544 996 2830 1067 Operandi,
2882 1010 3047 1063 quam
3114 993 3206 1063 qui
3235 991 3340 1046 sub
3366 990 3484 1060 lege

1901 1091 2284 1147 versabantur.
2343 1090 2452 1145 Nec
2499 1089 2751 1143 alterutri
2802 1091 2943 1157 parti
2998 1102 3063 1141 ex
3114 1100 3271 1154 aequo
3302 1082 3485 1153 gravis

1899 1193 1983 1237 est
2035 1192 2225 1237 exacta
2286 1182 2420 1252 legis
2472 1179 2836 1250 promulgatio
2880 1196 2893 1232 :
2938 1192 3122 1231 verum
3193 1176 3338 1245 quod
3376 1172 3484 1227 illis

1900 1275 2136 1331 fortasse
2180 1292 2346 1347 grave
2411 1274 2718 1338 videbatur,
2743 1272 2901 1326 nobis
2925 1270 3144 1340 perinde
3178 1281 3483 1337 congruum

1901 1379 1956 1421 et
1985 1369 2296 1438 expeditum
2334 1366 2605 1421 videbitur
2642 1384 2654 1420 :
2719 1375 2884 1433 atque
2916 1364 2969 1417 id
3009 1362 3154 1432 quod
3217 1360 3374 1415 nobis
3405 1368 3486 1413 ta-
3539 1407 3556 1426 ,

1902 1460 2157 1515 liusmodi
2193 1459 2383 1524 fuerit,
2417 1459 2561 1513 hami
2611 1459 2685 1512 ita
2722 1457 2830 1511 illis
2868 1453 3227 1525 comparebit.
3266 1451 3377 1506 illis
3429 1450 3484 1505 id

1902 1553 2079 1608 Solum
2123 1552 2408 1606 interdixit
2454 1552 2563 1612 lex,
2624 1551 2769 1620 quod
2814 1558 3033 1619 patrare
3081 1546 3162 1600 fas
3193 1562 3300 1598 non
3337 1543 3481 1597 fuit:

1904 1644 1997 1697 sed
2030 1643 2234 1696 nullam
2282 1642 2663 1712 superaddidit
2696 1640 3009 1696 facultatem
3057 1636 3316 1706 implendi
3364 1649 3487 1704 qua:

212 1736 277 1789 τὸ
306 1735 583 1807 δυσχερὲς,
619 1737 714 1790 καὶ
762 1739 871 1789 τῶν
918 1737 1173 1808 πονηρῶν
1226 1738 1558 1807 πνευμάτων
1585 1739 1684 1807 τὴν
1714 1741 1803 1809 ὁρ-

1910 1734 2027 1805 lege
2051 1734 2408 1803 jubebantur.
2434 1731 2603 1787 Nobis
2634 1732 2764 1802 quid
2799 1732 3004 1801 grande
3055 1727 3359 1799 adjumenti
3395 1741 3487 1779 ac-

216 1822 332 1892 μὴν
388 1824 489 1875 οὐκ
539 1823 686 1876 ἐῶσα
732 1826 1012 1896 τυραννίδι
1064 1825 1190 1879 καθ’
1235 1827 1392 1896 ἡμῶν
1439 1826 1799 1894 ἐπιτίθεσθαι,

216 1915 364 1987 μόνῃ
410 1915 467 1968 δὲ
499 1918 566 1987 τῇ
614 1918 858 1990 ἡμετέρᾳ
905 1919 1177 1992 ῥᾳστώνῃ,
1210 1922 1304 1974 καὶ
1359 1916 1472 1973 οἷον
1527 1921 1805 1975 ὑποκατα-

213 2005 420 2073 κλίσει,
452 2008 861 2079 παραχωροῦσα
897 2009 1125 2084 [αὐτοῖς]
1194 2012 1293 2081 τὴν
1328 2012 1595 2067 ἐπίθεσιν.
1641 2014 1803 2066 Ὥστε

212 2099 265 2149 εί
296 2099 371 2169 μή
393 2117 445 2152 τι
466 2100 858 2173 ἀκριϐέστερον
881 2105 1033 2173 ἡμῖν,
1073 2106 1219 2176 ἥπερ
1246 2106 1477 2170 ἐκείνοις
1509 2105 1806 2178 [ὲ]νενομο-

214 2188 437 2259 θέτητο,
473 2192 553 2255 είς
573 2195 886 2246 τουναντίον
918 2193 984 2248 ἄν
1006 2197 1040 2266 ὴ
1071 2196 1165 2249 τοῦ
1196 2196 1332 2250 Θεοῦ
1369 2199 1684 2271 δικαιοσύνη
1710 2200 1806 2254 καὶ

211 2282 527 2352 χρηστότης
576 2284 985 2356 περιέστραπτο
1007 2298 1028 2325 ἰ
1055 2326 1071 2352 ,
1114 2287 1274 2357 ήμῶν
1305 2305 1366 2341 τε
1408 2289 1518 2342 τῶν
1542 2290 1806 2361 μεγίστης

211 2373 544 2445 ἐπικουρίας
623 2378 895 2446 τυχόντων
924 2416 940 2442 ,
1014 2381 1284 2432 κάκείνων
1355 2383 1466 2434 τῶν
1535 2382 1805 2453 μηδεμιᾶς

210 2462 480 2535 τοιαύτης
509 2464 982 2532 ἀπολελαυκότων,
1015 2468 1113 2539 τὴν
1151 2471 1320 2543 αὐτὴν
1371 2472 1681 2543 ἀκρίϐειαν,
1712 2474 1808 2527 καὶ

209 2552 283 2607 τὸ
303 2558 403 2625 τῆς
421 2556 697 2621 πολιτείας
718 2558 1121 2630 παραπλήσιον,
1159 2563 1599 2634 ἀπαιτουμένων·
1627 2564 1724 2618 καὶ
1748 2566 1808 2619 ἐν

210 2646 304 2717 τῷ
330 2647 499 2717 ἀνίσῳ
516 2649 614 2719 τῆς
632 2649 915 2720 δυνάμεως
935 2656 1034 2725 τῆς
1057 2653 1178 2724 ἴσης
1207 2655 1641 2726 ἐπιζητουμένης
1669 2657 1810 2728 πράθ-

216 2735 603 2808 ξεως.“Ωσπερ
632 2738 741 2808 γὰρ
763 2738 949 2795 ἄδικόν
973 2757 1033 2793 τε
1055 2741 1191 2811 ὁμοῦ
1236 2745 1329 2796 καὶ
1355 2743 1681 2814 βαρύτατον,
1716 2745 1809 2798 τὸν

215 2825 322 2880 δύο
349 2826 589 2881 τάλαντα
607 2829 866 2900 εἰληφότα
888 2832 985 2885 ἐπὶ
1002 2836 1068 2904 τῇ
1096 2833 1380 2907 συντελείᾳ
1396 2837 1496 2905 τῆς
1539 2838 1809 2907 ἐργασίας

216 2920 361 2974 δέκα
386 2922 640 2975 ἀπαιτεῖν
658 2940 672 2953 ’
697 2922 872 2987 οὕτως
904 2925 1173 2997 ὀλίγωρον
1195 2967 1211 2993 ,
1252 2926 1375 2994 καὶ,
1399 2930 1465 2982 ἐκ
1500 2929 1596 2982 τοῦ
1651 2930 1807 2984 ἐναν-

216 3011 370 3077 τίου,
417 3013 756 3086 παράνομον,
786 3016 878 3071 τὸν
926 3018 1091 3073 πέντε
1132 3020 1371 3074 τάλαντα
1418 3021 1673 3088 λαϐόντα,
1729 3025 1810 3088 εἰς

217 3107 469 3177 τέσσαρα
495 3108 592 3180 τὴν
618 3109 748 3181 ὃλην
773 3108 970 3182 πρᾶξιν
999 3113 1650 3185 συγκεφαλαιωσάμενον,
1673 3117 1810 3170 ἀπο-

219 3196 511 3267 δέχεσθαιο
554 3199 669 3252 ἀλλ’
705 3201 936 3256 ἕκαστον
976 3203 1077 3270 δεῖ,
1130 3206 1410 3275 ἀναλόγως
1435 3211 1500 3279 τῇ
1536 3209 1680 3279 ίσχύῖ
1719 3208 1813 3261 καὶ

221 3290 311 3360 τῷ
343 3290 744 3363 καταὸλῃθέντι
773 3295 1098 3366 χαρίσματι,
1128 3296 1226 3369 τὴν
1253 3301 1518 3371 ἐργασίαν
1547 3301 1813 3371 εἰσπράτ-

220 3381 439 3435 τεσθαι.
473 3383 727 3437 Τοιοῦτον
757 3387 865 3455 γὰρ
895 3387 994 3456 τῆς
1031 3387 1296 3459 ἰσότητος,
1330 3391 1427 3442 καὶ
1475 3391 1574 3461 τῆς
1611 3391 1813 3445 ἀδεκά-

223 3489 360 3526 στου
387 3473 635 3545 γνώμης,
670 3478 761 3529 καὶ
786 3477 1039 3548 κρίσεως,
1071 3480 1101 3532 ό
1132 3478 1353 3547 θεσμός.
1386 3482 1555 3552 Δῆλον
1588 3500 1813 3553 τοιγαρ-

220 3564 326 3618 οῦν
367 3565 433 3618 ἐκ
477 3565 586 3619 τῶν
612 3568 943 3640 εἰρημένων,
982 3571 1059 3633 ὡς
1086 3570 1329 3626 τοιοῦτον
1358 3575 1489 3644 παρ’
1508 3576 1640 3644 ἡμῖν
1665 3577 1814 3645 ὀφεί-

220 3658 311 3710 λει
345 3658 665 3728 νομίζεσθαι
689 3700 703 3723 ,
754 3660 814 3713 τὸ
871 3661 1007 3731 μηδὲ
1057 3662 1330 3733 egeas:me
1362 3668 1597 3733 γυναῖκα
1620 3707 1635 3728 .
1674 3668 1814 3738 πρὸς

219 3750 288 3803 τὸ
320 3751 658 3823 ἐπιθυμῆσαι
708 3751 897 3824 αὐτὴν,
938 3749 1050 3807 οἷον
1083 3755 1236 3825 παρὰ
1266 3757 1377 3819 τοῖς
1430 3757 1488 3807 ἐν
1518 3756 1598 3827 τῷ
1626 3758 1774 3828 νόμῳ
1796 3798 1811 3823 ,

220 3842 290 3894 τὸ
342 3841 418 3913 μὴ
469 3842 775 3913 μοιχεῦσαι.
822 3845 933 3896 Καὶ
974 3845 1096 3914 οὐχὶ
1144 3845 1254 3899 τῶν
1312 3846 1486 3915 λόγων
1526 3850 1573 3885 δ’
1604 3846 1664 3901 τὸ
1705 3849 1813 3917 ἀψ-

221 3930 383 3995 ευδὲς
429 3933 523 3985 καὶ
590 3934 882 3988 ἀκόλουθον
932 3937 1370 4008 ἐπιμαρτύρεται
1418 3937 1580 3991 τοῦτο
1608 3954 1623 3971 ’
1676 3940 1814 3993 ἀλλὰ

221 4025 323 4077 καὶ
380 4023 471 4078 διὰ
531 4024 641 4078 τῶν
698 4025 877 4097 ἔργων
930 4027 1114 4081 αὐτῶν
1177 4028 1426 4100 ἐναργῶς
1484 4031 1700 4101 ὁρᾶται.
1738 4032 1811 4083 Οὐ

223 4115 450 4181 πλείους
483 4116 593 4189 γὰρ
626 4117 772 4172 ἐστιν
800 4118 928 4172 ἰδεῖν
965 4119 1075 4175 τῶν
1102 4122 1436 4188 Μωσαῖκῶν,
1464 4123 1564 4193 τὴν
1613 4124 1813 4195 πρᾶξιν

222 4208 595 4274 πεφευγότας,
622 4206 654 4277 ἢ
684 4208 811 4271 τοὺς
835 4208 895 4262 ὲν
928 4210 997 4280 τῇ
1030 4210 1213 4281 χάριτι
1239 4209 1378 4282 [καὶ]
1398 4211 1507 4263 τῶν
1544 4214 1683 4283 πρὸς
1714 4212 1814 4283 τὴν

224 4298 429 4368 πρᾶξιν
458 4297 743 4353 ὠθούντων
775 4300 1294 4372 ἀνακεχωρηκότας.
1333 4304 1508 4357 Ὅπου
1548 4320 1615 4372 γε
1662 4304 1816 4358 πλεῖ-

1905 1827 2073 1882 cessit
2101 1842 2197 1895 per
2215 1828 2569 1896 baptismum,
2600 1836 2653 1880 et
2673 1826 2780 1879 alia
2825 1823 3073 1894 qmedam
3125 1824 3288 1886 dona,
3343 1823 3487 1873 unde

1906 1919 1963 1973 id
1996 1921 2139 1988 quod
2172 1919 2388 1974 difficile
2438 1920 2591 1988 prius
2629 1917 2731 1973 fuit
2796 1916 3188 1981 alleviabatur;
3238 1926 3338 1967 nec
3370 1926 3487 1965 ma-

1908 2011 2086 2064 lorum
2122 2010 2415 2080 spirituum
2450 2010 2832 2080 impctuositas
2882 2017 3203 2079 potestatem
3237 2020 3357 2060 eam
3389 2006 3487 2057 ha-

1907 2103 2018 2166 bet,
2049 2102 2392 2173 tyrannidem
2423 2104 2478 2158 in
2509 2118 2631 2166 nos,
2665 2112 2927 2171 tanquam
2953 2116 2983 2156 e
3024 2101 3146 2154 loco
3180 2097 3485 2169 superiore,

1905 2212 2213 2252 exercere:
2272 2196 2657 2251 tantummodo
2718 2206 2902 2250 autem
2971 2203 3193 2263 ριόριθι·
3240 2201 3487 2247 nostram

1904 2291 2216 2346 socordiam
2265 2292 2361 2362 qui
2417 2299 2612 2360 sponte
2665 2288 3035 2358 nosmetipsos
3094 2296 3304 2341 tantum
3377 2298 3486 2340 non

1908 2381 2255 2451 subjicimus,
2293 2381 2626 2452 permittitur
2662 2380 2730 2435 iis
2770 2380 2931 2435 nobis
2974 2388 3188 2434 struere
3234 2377 3489 2443 insidias,

1908 2489 2011 2531 nos
2048 2475 2272 2530 adoriri.
2334 2475 2515 2542 Certe,
2550 2474 2596 2530 si
2635 2489 2745 2530 non
2812 2473 2990 2545 magis
3048 2482 3296 2527 exactam
3330 2470 3492 2525 nobis

1911 2567 2084 2638 legem
2150 2566 2506 2637 praescripsit,
2564 2581 2730 2637 quam
2790 2566 2919 2630 illis,
2956 2563 3140 2619 divina
3187 2563 3404 2618 bonitas
3436 2569 3493 2616 et

1907 2658 2123 2729 justitia
2161 2660 2215 2713 in
2250 2658 2587 2713 contrarium
2653 2665 2989 2722 verteretur;
3021 2664 3075 2712 et
3116 2669 3147 2709 a
3190 2653 3349 2709 nobis
3397 2652 3492 2722 qui

1911 2751 2201 2821 multiplici
2232 2750 2467 2805 fruimur
2495 2750 2834 2819 adjumento,
2867 2757 2923 2804 et
2968 2749 3038 2803 ab
3063 2747 3172 2802 illis
3200 2746 3348 2801 nullo
3398 2745 3495 2799 tali

1913 2842 2146 2898 sntl‘ultis
2201 2842 2428 2905 auxilio,
2484 2842 2672 2895 eadem
2722 2854 2820 2910 per
2882 2838 3070 2894 omnia
3122 2835 3493 2900 conversatio,

1914 2934 2080 3004 idque
2113 2934 2484 2997 exactissima,
2509 2933 2884 3001 requireretnr
2910 2946 2925 2996 ;
2953 2939 3008 2985 et
3043 2929 3133 2984 ubi
3167 2929 3344 2998 impar
3376 2934 3497 2983 erat

1916 3025 2173 3092 facultas,
2203 3024 2400 3095 agendi
2448 3024 2657 3095 paritas
2705 3023 3100 3093 requireretur.
3144 3020 3320 3075 Veluti
3349 3019 3495 3074 enim

1916 3117 2301 3184 gravissimum
2332 3124 2438 3177 est,
2466 3124 2520 3169 et
2549 3132 2674 3169 cum
2707 3114 2978 3183 injustitia
3008 3102 3388 3182 conjunctum,
3425 3110 3497 3165 ab

1918 3210 2013 3264 illo
2044 3210 2136 3279 qui
2174 3218 2384 3263 tantum
2436 3210 2546 3264 duo
2606 3209 2815 3277 accepit
2851 3208 3076 3271 talenta,
3109 3215 3496 3261 consummato

1917 3318 2101 3373 opere,
2129 3303 2315 3357 decem
2364 3301 2625 3385 exigere:
2678 3301 2753 3355 ita
2813 3299 3197 3370 negligentiam
3236 3298 3399 3367 sapit,
3444 3304 3500 3352 et

1917 3406 2185 3468 repugnat
2214 3411 2280 3450 ex
2312 3395 2545 3450 adverso
2580 3395 2728 3464 legi,
2774 3410 2898 3448 cum
2954 3393 3197 3462 quinque
3244 3390 3369 3462 quis
3420 3398 3499 3444 ta-

1917 3492 2060 3545 lenta
2093 3491 2322 3559 accepit,
2357 3489 2644 3543 deductam
2680 3487 2747 3539 ad
2782 3496 3021 3555 quatuor
3052 3499 3324 3539 summam
3357 3482 3499 3537 reci-

1915 3600 2066 3653 pere.
2099 3582 2349 3638 Profecto
2386 3596 2485 3651 par
2518 3590 2572 3635 et
2600 3596 2817 3650 mquum
2846 3587 2949 3639 est,
2986 3585 3043 3630 ut
3073 3577 3309 3646 quisque
3340 3575 3498 3643 juxta

1917 3676 2117 3729 virium
2176 3675 2579 3744 proportionem
2614 3681 2668 3725 et
2694 3670 2820 3725 doni
2862 3668 3048 3723 collati
3103 3667 3496 3731 conditionem,

1916 3768 2287 3838 operationem
2317 3782 2471 3821 suam
2503 3764 2767 3834 perficiat.
2799 3762 2855 3817 Id
2880 3764 3025 3816 enim
3064 3761 3303 3831 postulat
3330 3760 3501 3828 aequi-

1920 3862 2048 3916 tatis
2080 3870 2134 3914 et
2182 3875 2292 3913 non
2328 3858 2564 3928 coempti
2603 3856 2848 3926 suffragii
2888 3855 2972 3910 vel
3014 3854 3207 3925 judicii
3257 3852 3494 3909 sanetio.

1916 3953 2073 4008 Patet
2119 3953 2287 4022 igitur
2323 3952 2391 4006 ab
2443 3950 2734 4006 antedictis
2790 3949 3034 4011 dictum,
3078 3946 3197 4001 Non
3246 3956 3501 4017 oportere

1918 4047 2204 4100 mulierem
2259 4045 2461 4099 intueri
2521 4044 2589 4097 ad
2641 4041 3139 4111 concupiscendum
3200 4040 3372 4106 illam,
3432 4054 3499 4093 eo

1916 4138 2038 4191 loco
2094 4136 2237 4206 apud
2269 4151 2370 4191 nos
2406 4135 2738 4200 habendum,
2780 4149 2914 4203 quo,
2952 4152 2971 4185 ‹
3009 4131 3127 4187 Non
3179 4131 3495 4187 moechahc—

1916 4228 2014 4293 ris,
2055 4247 2073 4278 ι
2109 4226 2252 4296 apud
2278 4227 2383 4282 sub
2442 4226 2558 4296 lege
2584 4228 2849 4280 viventes.
2899 4223 3012 4279 Nec
3048 4222 3341 4278 verborum
3372 4232 3497 4274 tan-

1920 4318 2209 4374 tummodo
2276 4320 2478 4372 vcritas
2530 4327 2586 4372 et
2635 4315 3026 4385 consequentia
3067 4315 3173 4368 hoc
3203 4322 3495 4379 testantur,

226 4408 344 4445 στοι
377 4392 511 4460 ὅσοι,
539 4393 648 4445 τῶν
703 4393 834 4463 παρ’
861 4395 1015 4465 ἡμῖν,
1042 4394 1104 4447 οὐ
1146 4395 1310 4465 μόνον
1361 4397 1689 4467 περιέργους
1718 4398 1807 4451 καὶ

1919 4411 2012 4466 sed
2045 4410 2351 4465 clarissime
2410 4424 2508 4479 per
2557 4423 2721 4478 opera
2756 4406 2997 4462 discerni
3026 4414 3226 4475 potest.
3259 4404 3499 4459 Cernere

222 4487 570 4556 ἑρωτιὼντας
598 4487 933 4558 ὀφθαλμοὺς,
965 4488 1135 4555 ξένοις
1182 4489 1442 4543 κάλλεσιν
1483 4491 1584 4544 οὐκ
1609 4491 1813 4544 ἐπέϐα-

221 4578 318 4631 λον
350 4593 365 4608 ⁸
395 4577 510 4631 ἀλλ’
552 4578 674 4632 οὐδὲ
697 4581 778 4642 είς
803 4579 928 4649 ὄψιν
956 4579 1145 4643 ἁπλῶς
1173 4582 1434 4649 γυναικὸς
1460 4583 1777 4654 ἐνητένισαν
1794 4599 1810 4615 ⁶

223 4670 393 4741 μέχρι
440 4669 615 4740 ψιλῆς
641 4670 769 4735 θέας
793 4672 1005 4735 ἑαυτοῖς
1031 4672 1091 4725 τὸ
1119 4677 1317 4744 σεμνὸν
1343 4676 1807 4746 συντηρήσαντες.

220 4761 490 4832 Δεύτερον
526 4762 606 4827 δὲ,
640 4762 723 4816 ὅτι
742 4766 856 4827 τοῖς
886 4764 986 4835 μὲν
1009 4765 1114 4817 ὑπὸ
1144 4765 1221 4835 τῷ
1251 4766 1402 4837 νόμῳ
1429 4767 1809 4837 παιδαγωγου-

223 4855 434 4925 μένοις,
473 4856 544 4910 τὰ
584 4858 1045 4928 προστεταγμένα
1082 4858 1465 4930 κατορθοῦσιν,
1506 4863 1577 4915 τὰ
1618 4862 1812 4931 ἀγαθὰ

221 4947 338 5015 τῆς
381 4947 527 5019 γῆς,
556 4944 718 5002 ἆθλον
766 4950 1138 5021 προύτείνετο.
1207 4951 1373 5022 Ἡμῖν
1416 4953 1474 5005 δὲ
1519 4954 1814 5017 ,βασιλεία

222 5039 521 5108 οὐρανῶν,
557 5040 650 5093 καὶ
675 5040 712 5095 ἂ
745 5060 765 5094 ι
805 5041 1117 5113 ὐφθαλμὸς
1174 5044 1277 5097 οὐκ
1311 5042 1444 5109 εἶδε,
1471 5047 1565 5099 καὶ
1591 5042 1684 5110 οὖς
1713 5047 1815 5100 οὐκ

222 5135 451 5205 ἢκουσε,
489 5135 586 5188 καὶ
616 5136 710 5189 ἐπὶ
738 5136 972 5207 καρδίαν
1017 5138 1311 5208 ἀνθρώπου
1374 5141 1475 5193 ούκ
1534 5140 1812 5212 ἀναϐέϐη-

225 5243 346 5282 κεν.
388 5245 407 5278 ι
439 5228 603 5279 Ὥστε
657 5228 753 5280 καὶ
799 5230 863 5280 ἐκ
906 5228 1009 5298 τῆς
1068 5230 1179 5283 τῶν
1243 5231 1495 5284 ἐπάθλων
1548 5232 1814 5303 διαφορᾶς

225 5318 289 5371 τὸ
339 5318 537 5389 ῥᾷστον
581 5320 675 5373 καὶ
723 5321 960 5391 χρηστὸν
1006 5323 1103 5393 τῆς
1174 5324 1540 5392 εύαγγελικῆς
1594 5323 1812 5395 ἐντολῆς

227 5412 624 5467 ἐπιδείκνυται.
662 5414 735 5466 Ού
782 5418 891 5487 γὰρ
933 5416 1135 5486 ὁμοίως
1190 5417 1483 5485 ἐπίπονον,
1534 5417 1815 5489 δραμόντα

1916 4506 2064 4559 enim
2093 4512 2211 4558 erat
2268 4504 2553 4575 pauciores
2601 4517 2694 4572 per
2742 4498 2981 4554 Mosaica
3035 4508 3280 4569 tempora
3315 4509 3494 4553 actum

1915 4594 2096 4664 ipsum
2126 4602 2465 4657 aversantes,
2497 4607 2662 4663 quam
2690 4590 2806 4660 qui,
2838 4604 2986 4645 nunc
3029 4590 3132 4645 sub
3183 4588 3376 4659 gratia,
3410 4602 3497 4641 re-

1913 4695 2202 4743 cesserunt
2256 4685 2472 4755 longius
2492 4686 2566 4738 ab
2612 4684 2721 4738 illis
2747 4684 2931 4748 rebus,
2977 4698 3101 4754 quae
3134 4681 3497 4751 perpetratio-

1916 4780 1973 4833 ni
2003 4778 2207 4832 dabant
2227 4776 2594 4831 occasionem.
2635 4775 2826 4831 Plures
2855 4784 2985 4830 sunt
3026 4773 3171 4844 apud
3220 4788 3347 4837 nos,
3390 4786 3495 4826 non

1916 4868 2103 4931 modo,
2140 4876 2447 4937 satagentes
2470 4866 2662 4921 oculos
2691 4875 2746 4920 et
2793 4865 3188 4920 amaturientcs
3252 4864 3497 4933 peregri.

1915 4973 2114 5014 narum
2145 4957 2641 5028 pulchritudinum,
2674 4958 2767 5027 qui
2804 4973 2911 5013 non
2967 4957 3299 5012 addixerunt
3335 4957 3497 5024 cupi-

1913 5050 2345 5116 ditatibusillis;
2403 5050 2499 5105 sed
2538 5050 2657 5119 qui,
2691 5063 2761 5103 ne
2814 5047 3035 5119 quidem
3066 5049 3121 5102 in
3156 5048 3344 5103 vultus
3371 5064 3487 5101 mn-

1913 5145 2113 5199 liebres
2141 5142 2343 5198 intueri
2367 5143 2596 5210 volunt;
2653 5142 2860 5213 quique
2913 5142 3234 5212 gravitatem
3280 5156 3496 5196 morum

1915 5237 2184 5291 illibatam
2210 5235 2376 5291 etiam
2409 5237 2478 5290 ab
2531 5236 2731 5290 intuitu
2777 5235 3168 5290 cohibuerunt.
3202 5235 3262 5290 In
3302 5250 3497 5290 secun-
3574 5288 3577 5289 ν

1922 5329 2030 5393 dis,
2081 5330 2175 5399 qui
2207 5328 2362 5398 juxta
2418 5330 2591 5399 legem
2638 5344 2762 5400 qua:
2813 5329 3155 5384 scribebatur
3191 5337 3336 5384 recte
3372 5340 3501 5396 ege-

1924 5431 2071 5476 rant.
2116 5420 2255 5475 bona
2302 5433 2476 5488 terrm,
2509 5422 2631 5479 loco
2674 5422 2884 5492 praemii
2912 5422 3155 5497 exhibita
3186 5420 3497 5492 capiebant.

1509 5583 1744 5639 VARUE
1776 5581 2183 5637 LECTIONES.

325 5710 347 5740 ⁸
383 5701 470 5757 ἵσ.
515 5702 935 5772 περιετράπετο.
996 5708 1043 5742 ⁸⁸
1067 5703 1154 5759 Io‘.
1190 5706 1319 5761 add.
1364 5706 1562 5779 μόνων·
1595 5706 1759 5764 habet
1786 5705 1929 5762 Mon.
1965 5707 2083 5763 sine
2124 5707 2323 5778 μόνων.

550 5797 824 5857 ΡΔτιιοι..
856 5797 973 5859 Gn.
1013 5797 1109 5859 Cl.
