3902 6212
400 227 506 291 995

1559 221 1821 283 ΡΗΟΤΙΙ
1858 219 2364 283 ΡΑΤΗΙΑΒΩΗᾹΞ
2393 219 2503 281 CP.

3560 208 3683 273 996

395 337 504 394 Sed
543 336 828 392 nobiscum
886 336 1182 405 stipulatur
1243 350 1458 406 regnum
1511 334 1716 389 calcate
1743 349 1763 388 :
1807 342 1862 389 et
1892 333 1983 389 illa

2103 333 2320 399 ιτάδιον,
2344 332 2527 402 τυχεῖν
2588 328 2799 382 κοτίνου
2837 344 2851 359 ο
2893 325 2991 380 καὶ
3050 323 3145 379 δύο
3204 323 3426 391 στάδια,
3461 323 3686 395 χρυσοῦ

396 446 543 499 quae,
607 448 626 481 ι
655 427 767 483 Nec
812 430 1008 483 oculus
1066 428 1236 492 vidit,
1302 443 1404 483 nec
1450 428 1599 481 auris
1629 426 1857 491 audivit,
1886 441 1987 481 nec

396 521 644 587 ascendit
696 522 752 575 in
812 536 908 575 cor
947 521 1183 575 [nominis
1240 520 1484 590 cogitare
1523 518 1591 572 ⁵⁸.
1658 536 1678 569 ι
1732 516 1813 571 lta
1844 518 1925 572 vel
1956 533 1987 573 e

397 615 765 684 discrepantia
822 614 1172 685 prtemiorum
1224 611 1536 683 evangelica
1597 611 1875 675 mandata,
1930 619 1985 665 et

398 707 605 778 optima
626 707 949 777 jndicantur
978 717 1032 761 et
1062 706 1345 761 facillima.
1399 704 1517 759 Non
1554 720 1710 775 aeque
1738 705 1986 774 profecto

401 805 741 867 laborarunt,
776 801 821 855 is
851 800 943 869 qui
972 799 1210 855 stadium
1240 798 1506 862 cucurrit,
1538 806 1598 852 ut
1639 797 1977 867 oleagineam

404 908 663 947 coronant
699 903 1111 961 consequatur;
1147 906 1212 946 ac
1244 892 1385 945 alius
1407 892 1501 961 qui
1544 892 1654 945 duo
1681 890 1856 946 stadia
1886 906 1983 945 cu-

401 988 592 1049 currit,
630 994 687 1040 ut
740 1000 941 1039 corona
1010 999 1174 1038 aurea
1225 984 1575 1054 insigniatur.
1620 985 1779 1040 Certe
1813 984 1986 1039 levior

400 1079 757 1133 eritduorum
794 1077 1097 1131 stadiorum
1121 1076 1403 1140 decursio,
1446 1092 1609 1146 quam
1646 1077 1832 1139 unius,
1858 1091 1981 1131 cum

402 1166 544 1219 inter
585 1166 804 1234 prmmia
834 1166 983 1219 nulla
1009 1166 1082 1220 sit
1114 1167 1476 1234 comparatio,
1524 1167 1619 1220 sed
1666 1166 1984 1235 pratstantia

400 1268 454 1311 et
475 1258 729 1325 splendor
769 1257 951 1321 unius,
1015 1257 1263 1313 laborem
1324 1258 1563 1319 alleviet.
1620 1273 1720 1312 nec
1757 1273 1983 1312 sensum

326 1410 333 1417 _
402 1348 655 1403 admittat
693 1350 833 1418 apud
868 1350 1212 1405 laborantem
1248 1351 1539 1419 geminata:
1581 1350 1986 1420 defatigationis

402 1451 455 1496 et
516 1443 750 1500 sudoris.
784 1441 1029 1507 Accedit,
1061 1443 1210 1512 quod
1262 1457 1610 1511 nequaquam
1661 1442 1984 1511 simpliciter

401 1535 539 1589 dixit
566 1533 892 1588 adulterium
925 1549 1047 1588 esse
1100 1533 1249 1587 illam
1299 1548 1400 1602 per
1424 1534 1619 1587 oculos
1684 1531 1987 1601 cepulatio-

402 1641 560 1691 nem;
612 1625 705 1679 sed
744 1641 867 1680 cum
904 1626 1149 1679 nominet
1182 1623 1513 1679 adulterium
1567 1623 1771 1689 cordis,
1816 1623 1985 1677 vehe-

2092 428 2359 494 στεφάνου
2413 422 2735 491 ἀξιωθῆναι.
2762 418 2935 490 Δῆλον
2980 418 3112 489 γάρ,
3161 417 3238 479 ὡς
3280 416 3623 486 κουφότερος
3654 416 3687 466 δ

2087 518 2196 570 τῶν
2224 516 2320 569 δύο
2353 514 2583 568 σταδίων
2614 512 2799 580 πόνος,
2825 513 2859 583 ἢ
2903 514 2932 565 ὁ
2962 510 3060 565 τοῦ
3112 511 3253 575 ἐνὸς,
3280 513 3347 580 τῇ
3399 509 3691 578 ἀσυγκρίο

2086 626 2164 679 τῳ
2189 606 2284 661 τοῦ
2312 606 2548 660 ἐπάθλου
2582 605 2829 675 ὑπεροχῇ
2870 604 2968 656 καὶ⁸
3017 602 3367 672 λαμπρότητι
3386 642 3401 665 ,
3424 601 3530 670 τῆς
3577 617 3689 652 τα-

2087 699 2397 769 λαιπωρίας
2434 695 2860 766 κουφιζομένης,
2891 695 2988 748 καὶ
3030 694 3151 764 μηδ’
3184 693 3443 763 αἴσθησιν
3489 690 3686 757 ἐπιγί-

2087 792 2273 846 νεσθαι
2314 788 2753 859 συγχωροῦντος,
2777 789 2877 857 τῆς
2933 784 3133 855 διπλῆς
3200 783 3519 855 συντριϐῆς.
3580 785 3689 835 καὶ

2085 885 2192 937 τῶν
2215 882 2415 936 διπλῶν
2450 879 2711 951 ἱδρώτων,
2742 878 2821 947 τῷ
2854 877 3137 947 κάμνοντι.
3185 875 3308 928 Ἐπὶ
3336 875 3551 935 τούτοις
3593 873 3684 935 δὲ,

2086 974 2207 1028 οὐδὲ
2239 971 2487 1043 μοιχείαν
2514 969 2723 1035 ἁπλῶς,
2752 969 2853 1040 τὴν
2888 967 3153 1039 τοιαύτην
3185 968 3274 1020 διά
3310 966 3421 1018 τῶν
3454 965 3693 1033 ὀφθαλ-

2089 1072 2206 1142 μῶν
2272 1071 2596 1141 συμπλοκὴν
2624 1111 2640 1136 ,
2692 1069 3024 1140 διωρίσατοο
3082 1066 3219 1119 ἀλλά
3293 1063 3547 1134 μοιχείαν
3596 1060 3689 1112 εξ-

2091 1164 2243 1227 πὼν,
2313 1166 2372 1217 ἐν
2443 1164 2660 1235 καρδίᾳ,
2728 1162 2821 1215 καὶ
2885 1160 2948 1214 τὸ
3022 1159 3215 1212 δοκοῦν
3279 1156 3512 1225 σφοδρὸν
3578 1154 3691 1223 τῆς

2086 1254 2442 1322 ἀποφάσεως,
2484 1256 2579 1307 καὶ
2624 1253 2919 1321 ἀπότομον,
2953 1250 3104 1321 νόμῳ
3154 1248 3505 1318 συμπαθείας
3538 1246 3693 1312 ἀφά-

2084 1363 2179 1398 του
2244 1346 2501 1399 ἐκόλασεν
2538 1349 2555 1382 ί
2584 1384 2598 1399 .
2649 1346 2738 1399 Ἐν
2787 1343 2986 1415 καρδίᾳ
3016 1382 3031 1407 ,
3095 1342 3304 1412 φησὶν,
3358 1341 3391 1410 ἡ
3458 1337 3693 1407 μοιχεία

2089 1435 2425 1506 συνέστη,ἢν
2451 1438 2479 1489 ὁ
2512 1436 2600 1490 διὰ
2631 1436 2739 1489 τῶν
2768 1435 3034 1505 ὀμμάτων
3054 1430 3269 1503 οἶστρος
3287 1432 3380 1482 καὶ
3408 1427 3695 1497 γαργαλι-

2090 1528 2226 1595 σμὸς
2252 1528 2658 1597 κατειργάσατο
2684 1544 2698 1557 ·
2734 1527 2883 1589 ὅπως
2908 1526 2975 1580 ἄν
3011 1542 3095 1587 τις
3127 1522 3645 1597 φιλανθρωπότερον
3670 1558 3690 1583 ,

2086 1619 2121 1689 ἢ
2156 1617 2328 1681 οὕτως
2356 1617 2536 1685 εἴποις
2574 1616 2845 1689 "Eccita;
2878 1616 3033 1687 δμμα
3065 1604 3460 1684 πορνικδνὲπὶ⁵
3506 1611 3695 1681 πρόσο

402 1726 640 1770 mentem
683 1725 736 1770 et
786 1715 901 1770 fere
948 1716 1277 1785 praecipitem
1312 1715 1741 1781 accusationem,
1777 1729 1876 1784 per
1914 1715 1992 1768 le-

2103 1727 2247 1763 ωπον
2298 1710 2558 1779 γυναικὸς
2602 1710 2890 1781 ἀλλοτρίας
2913 1725 2929 1742 ⁶
2964 1710 3363 1779 ἐνετρύφησας,
3402 1706 3507 1759 οὐκ
3536 1704 3693 1769 ἐξὸν,

400 1820 521 1874 gem
552 1805 952 1899 compassionis
981 1805 1273 1860 inell‘abilis
1316 1806 1659 1876 amputavit;
1694 1805 1753 1859 In
1802 1804 1986 1868 corde,

404 1895 707 1965 inquiens,
733 1896 988 1951 consistit
1021 1896 1353 1952 adulterium
1389 1914 1402 1951 :
1451 1895 1584 1951 illud
1614 1911 1808 1965 nempe
1845 1896 1991 1966 quod

403 1991 642 2061 patravit
700 2004 796 2058 per
851 1991 1044 2046 oculos
1101 1990 1361 2045 stimulus
1421 2000 1476 2045 et
1515 1991 1758 2061 prurigo.
1786 1987 1990 2060 Ecquis

406 2084 615 2154 aliquid
649 2085 860 2153 majore
893 2099 1018 2139 cum
1062 2085 1466 2154 compassione.
1499 2099 1665 2151 quam
1698 2092 1783 2139 est
1810 2083 1989 2149 istud,

406 2176 596 2231 dicat?
626 2173 1011 2230 Fornicantem
1044 2175 1267 2231 oculum
1320 2175 1374 2229 in
1410 2175 1603 2230 faciem
1650 2174 1842 2230 aliena:
1864 2190 1993 2230 mu-

407 2269 558 2329 lieris
611 2269 921 2340 proiecisti,
982 2278 1037 2324 et
1076 2267 1223 2338 quod
1255 2268 1403 2324 haud
1440 2267 1681 2335 licuerit,
1713 2268 1993 2340 impudico

407 2372 465 2418 et
490 2363 781 2434 peregrino
812 2362 1016 2417 intuitu
1044 2360 1414 2417 oblectabaris
1441 2376 1459 2415 :
1491 2373 1589 2430 per
1619 2359 1799 2415 visum
1829 2359 1995 2431 liqui-

409 2454 643 2518 diorem,
681 2454 911 2508 allectus
943 2467 1214 2508 venenum
1256 2451 1528 2506 mollibus
1560 2450 1839 2507 instillasti
1873 2465 1997 2506 cor-

410 2545 617 2600 dibus:
676 2544 873 2599 exinde
926 2543 1204 2598 ﬂammam
1262 2541 1680 2597 luculentiorem
1732 2551 1788 2597 et
1817 2542 1996 2614 magis

411 2635 706 2689 violentam
756 2634 811 2687 in
839 2633 1170 2704 cogitatione
1194 2631 1495 2687 accendisti
1529 2649 1546 2688 :
1586 2632 1656 2686 ad
1701 2646 1799 2687 cor
1825 2646 2000 2703 usque

412 2726 680 2796 processit
708 2726 1023 2783 incendium
1059 2743 1073 2780 :
1112 2739 1177 2779 ac
1208 2724 1323 2780 sola
1349 2724 1736 2794 opportunitas
1760 2738 1996 2795 compe-

2090 1803 2313 1871 ἀσελγεῖ
2362 1804 2456 1857 καὶ
2505 1804 2644 1875 ξένῳ
2690 1804 2965 1873 θεάματι·
3007 1802 3316 1873 βλέμμασιν
3357 1798 3694 1871 ὑγροτέροις

2089 1895 2181 1949 τὸν
2211 1897 2290 1949 ίὸν
2318 1897 2412 1950 τοῦ
2457 1896 2667 1959 πάθους
2695 1897 2894 1967 ψυχαῖς
2939 1894 3235 1960 ἐνέπαξας
3267 1891 3690 1962 ἁπαλωτέραιςο

2092 1989 2309 2058 ἀνῆψας
2345 1990 2577 2052 ἐκεῖθεν,
2621 1989 2991 2061 σφοδροτέραν
3020 1988 3208 2041 λοιπὸν
3230 1987 3324 2040 καὶ
3350 1984 3693 2049 ἀκάθεκτον,

2093 2078 2151 2132 ἐν
2185 2081 2291 2141 τοῖς
2321 2078 2610 2149 λογισμοῖς
2642 2081 2741 2150 τὴν
2775 2079 2950 2149 φλόγα
2976 2093 2994 2110 ·
3034 2079 3197 2148 μέχρι
3232 2075 3465 2146 καρδίας
3493 2076 3530 2145 ἠ
3574 2072 3690 2126 πύ-

2097 2187 2262 2241 ρωσις
2299 2170 2515 2241 διῆλθεν
2541 2187 2555 2202 ·
2590 2170 2846 2242 εὐκαιρία
2871 2171 3007 2240 μόνη
3034 2170 3171 2241 πρὸς
3209 2170 3308 2238 τὴν
3343 2167 3547 2238 πρᾶξιν
3572 2165 3696 2218 λεί-

2094 2278 2188 2315 πει
2213 2278 2229 2295 ·
2262 2262 2378 2326 πῶς
2407 2264 2507 2316 οὐκ
2539 2262 2867 2333 ἐμοίχευσας
2908 2264 2968 2316 ἐν
2995 2262 3216 2333 καρδίᾳ;
3245 2260 3385 2313 Ἀλλ’
3422 2256 3548 2312 εἷπε
3585 2259 3696 2329 μὲν

2100 2352 2230 2417 ῐσως
2258 2352 2416 2417 ἄλλος
2436 2354 2502 2408 ἀν
2522 2372 2629 2419 τις,
2655 2355 2729 2417 ὡς
2768 2354 2864 2407 καὶ
2883 2354 3132 2425 μοιχείαν
3162 2353 3380 2407 τελείαν
3417 2351 3696 2421 εἰργάσω,

2097 2443 2165 2499 ἂν
2194 2447 2273 2509 είς
2296 2444 2395 2514 τὴν
2425 2446 2622 2499 ἐαυτοῦ
2649 2462 2707 2498 σε
2732 2446 2968 2516 μάλιστα
2991 2444 3292 2517 συνῄσθετο
3312 2443 3477 2496 τοῦτο
3496 2442 3695 2512 δεδρα-

2099 2540 2257 2595 κότα.
2301 2541 2454 2594 Φιλεῖ
2484 2542 2590 2611 γὰρ
2617 2541 2868 2610 ἕκαστος,
2902 2543 3116 2613 ὥσπερ,
3148 2544 3249 2595 ὅσα
3281 2541 3384 2611 μὲν
3416 2539 3585 2603 αὐτὸς
3611 2539 3699 2601 είς

2099 2634 2294 2700 ἄλλους
2329 2636 2570 2707 ἥμαρτε,
2607 2639 2806 2710 μέτρια
2832 2641 3030 2704 ποιεῖν,
3067 2638 3161 2691 καὶ
3189 2636 3524 2707 βραδύτερον
3565 2637 3699 2686 ἐπι-

2103 2730 2361 2811 σκοπεῖν,
2404 2728 2580 2792 οὕτως
2636 2729 2911 2797 ὀξύτερον,
2945 2728 3008 2783 τὸ
3064 2730 3145 2793 είς
3192 2728 3387 2782 ἐαυτὸν
3440 2726 3702 2795 ἀδίκημα

412 2822 667 2877 rendinat
692 2831 877 2877 actum
910 2838 924 2875 :
986 2829 1043 2875 et
1079 2819 1361 2888 quomodo
1397 2834 1508 2873 nou
1562 2818 1616 2873 in
1646 2818 1811 2875 corde
1839 2818 1998 2873 adul-

2105 2818 2347 2890 βλέπειν,
2382 2822 2478 2874 καὶ
2528 2821 2652 2875 τότε
2682 2822 2929 2892 γενέσθαι
2981 2822 3077 2874 τοῦ
3126 2820 3504 2893 ἀκροδικαίου.
3557 2818 3698 2871 Ἐπ-

413 2916 606 2970 terasti
636 2930 753 2969 eam
778 2914 801 2967 ?
826 2912 1025 2968 Procul
1056 2912 1243 2979 dubio,
1275 2912 1481 2966 diceret
1515 2910 1678 2979 alius,
1731 2911 1779 2968 si
1822 2919 1875 2967 te
1896 2911 1998 2967 hoc

2104 2910 2298 2975 έδαλες
2322 2913 2636 2984 ὀφθαλμοὺς
2658 2914 2847 2984 ὕψεσιν
2868 2914 3201 2983 ἀλλοτρίαις,
3222 2912 3488 2985 πορνικάς
3503 2911 3574 2964 δι’
3597 2911 3702 2963 αὒ-

414 3017 595 3076 ipsum
643 3006 696 3060 in
747 3020 845 3060 sua
903 3018 1077 3058 uxore
1119 3003 1327 3057 videret
1364 3010 1685 3067 attentasse,
1739 3016 1998 3058 consum-

2106 3002 2216 3055 τῶν
2251 3004 2554 3074 ἐκπέμπων
2587 3006 2812 3069 ἀκτῖνας
2843 3022 2858 3036 ·
2890 3003 3412 3074 ἀντανεκλάσθησάν
3457 3019 3542 3054 σοι
3583 3001 3701 3053 πά-

415 3112 598 3157 masse
650 3112 775 3150 cum
812 3094 901 3149 illa
964 3093 1318 3147 adulterium.
1358 3092 1519 3147 Amat
1564 3092 1710 3147 enim
1742 3092 1998 3161 quilibet,

2108 3094 2191 3147 λιν
2224 3094 2439 3148 ἐκεῖθεν
2470 3095 2814 3169 μιαρώτεραι
2844 3096 3060 3167 βολίδες
3085 3113 3101 3129 ·
3132 3096 3277 3157 ὅλον,
3310 3096 3377 3147 ἐκ
3407 3094 3585 3163 μέσης
3604 3092 3701 3145 δε-

414 3188 683 3259 quidquid
749 3188 805 3241 in
865 3186 1003 3241 alios
1050 3186 1167 3255 ipse
1217 3183 1572 3248 commiserit,
1598 3191 1655 3238 et
1681 3183 1893 3239 tardius
1919 3184 1998 3238 vi-

2106 3184 2327 3256 σμήσας
2381 3187 2634 3257 καρδίας,
2664 3189 3015 3259 αἰχμάλωτον
3062 3188 3244 3251 ἕλκεις
3271 3186 3334 3241 τὸ
3394 3185 3554 3250 ζῶον,
3580 3186 3699 3247 τοῖς

418 3282 569 3345 dere,
599 3290 654 3334 et
677 3278 1012 3334 moderatius
1045 3291 1301 3332 censere:
1329 3275 1421 3331 sed
1446 3274 1589 3346 quod
1623 3274 1678 3328 in
1710 3275 1998 3345 ipsummel

2104 3278 2291 3342 αὐτοῖς
2329 3278 2727 3351 ἀνθελκόμενος
2776 3280 2996 3353 βρόχοις
3024 3297 3040 3315 ο
3074 3279 3353 3352 ἐτρώθης,
3396 3278 3651 3350 ἐτρωσας
3676 3291 3695 3309 ·

420 3370 723 3427 admissum
741 3378 846 3434 est,
877 3370 1093 3423 acutius
1121 3379 1364 3431 cernere,
1394 3374 1448 3421 et
1479 3380 1756 3421 summum
1779 3367 1832 3420 in
1854 3366 2005 3437 judi-

2114 3369 2484 3442 κατεὸλήθης,
2522 3373 2841 3436 κατέὸαλες.

422 3464 595 3520 cando
625 3462 856 3529 rigorem
880 3472 1152 3513 exercere.
1173 3458 1395 3522 Oculos,
1420 3458 1613 3514 alienis
1629 3458 1805 3514 oculis
1821 3458 2070 3528 adiecisti
2101 3478 2114 3514 :
2138 3477 2235 3532 per
2252 3465 2475 3519 eosdem
2497 3465 2828 3521 fornicantes
2870 3465 3103 3521 emisisti
3137 3464 3321 3520 radios
3363 3485 3378 3520 :
3414 3463 3636 3528 abindc,
3666 3476 3700 3516 ο

423 3555 730 3611 conversim
760 3552 1157 3621 ejaculationes
1179 3551 1232 3606 in
1262 3561 1314 3607 te
1344 3551 1699 3608 reﬂectuntur
1723 3552 2110 3624 improbiores.
2138 3555 2359 3623 Totum,
2386 3574 2417 3612 e
2442 3559 2623 3613 medio
2646 3560 2813 3614 corde
2838 3559 3184 3622 innodatum,
3227 3558 3467 3611 vinctum
3502 3566 3559 3609 et
3597 3569 3696 3609 ca-

421 3654 631 3726 ptivum
658 3650 861 3705 animal
887 3648 1137 3714 abducis,
1160 3648 1276 3718 ipse
1294 3662 1386 3718 per
1402 3648 1621 3704 eosdem
1640 3648 1798 3704 funes
1826 3658 2091 3706 attractus
2110 3669 2124 3706 :
2141 3652 2456 3709 vulneratus
2478 3669 2537 3710 es
2556 3655 2851 3710 vulnerasti
2874 3664 3212 3724 :prosuatus
3224 3666 3283 3706 es
3302 3651 3696 3721 prostravisiti.

494 3748 561 3803 Et
597 3747 790 3819 quidni
850 3745 1136 3815 perspicue
1163 3744 1265 3799 boc
1297 3744 1369 3799 sit
1407 3745 1774 3800 adulterium?
1802 3744 2006 3800 Verum

424 3840 739 3896 misericors
771 3836 912 3890 Deus
939 3850 1046 3888 non
1087 3835 1140 3888 id
1175 3834 1248 3889 ita
1287 3844 1500 3903 reputat
1534 3853 1550 3891 :
1600 3837 2006 3895 circumscribit

424 3937 730 4000 peccatum,
751 3935 803 3980 et
836 3925 988 3979 cordi
1012 3922 1198 3993 afﬁgit,
1238 3924 1330 3978 ubi
1363 3926 1546 3993 passio
1582 3926 2009 3996 producebatur.

425 4022 518 4077 Ait
549 4021 738 4075 enim:
784 4036 803 4070 ι
842 4017 899 4071 ln
946 4017 1109 4072 corde
1155 4015 1473 4070 adulterasti
1525 4031 1672 4071 eum.
1696 4037 1715 4070 ι
1757 4017 1921 4074 Vides
1954 4031 2013 4077 ut

427 4115 521 4184 qui
544 4113 783 4183 optimus
821 4120 927 4175 est,
963 4109 1196 4179 benigne
1225 4116 1439 4178 reputet
1461 4124 1582 4177 quae
1612 4109 1823 4175 deﬁnit,
1848 4112 2007 4169 nobis

428 4202 695 4277 parcens?
762 4202 865 4257 Sed
908 4212 1103 4271 praeter
1130 4200 1242 4269 jam
1280 4200 1443 4255 allata
1466 4201 1596 4256 illud
1630 4202 1832 4272 cogita.
1892 4203 2008 4262 Hoc

428 4298 521 4353 ille
552 4295 750 4351 scitum
803 4293 1057 4364 protulit,
1089 4308 1200 4346 non
1245 4301 1305 4346 ut
1333 4292 1627 4349 meditatus
1656 4292 1709 4347 in
1751 4309 1851 4350 nos
1877 4310 2009 4366 sup-

426 4389 677 4460 plicium,
734 4385 828 4441 sed
863 4395 922 4440 ut
973 4385 1221 4438 eximcns
1256 4398 1357 4438 nos
1407 4399 1439 4439 a
1486 4384 1774 4455 supplicio.
1829 4386 2009 4455 Certe,

2184 3749 2309 3813 Πῶς
2334 3751 2456 3820 οὐχὶ
2488 3752 2665 3822 σαφὴς
2694 3751 2852 3805 τοῦτο
2882 3750 3101 3822 μοιχεία
3126 3767 3140 3815 ;
3166 3748 3313 3803 Ἀλλ’
3338 3747 3436 3817 οὐχ
3455 3749 3483 3800 ὁ
3506 3746 3702 3817 φιλάν-

2107 3839 2325 3909 θρωπος
2363 3842 2519 3913 ἡμῶν
2547 3842 2680 3906 Θεὸς
2712 3844 2885 3906 οὕτως
2906 3858 2919 3872 ⁸
2951 3841 3089 3895 ἀλλά
3134 3840 3296 3912 μέχρι
3340 3840 3607 3912 καρδίας,
3642 3841 3705 3892 ἐν

2107 3924 2144 4003 ᾖ
2177 3933 2272 3983 καὶ
2309 3931 2371 3984 τὸ
2399 3931 2568 3995 πάθος
2605 3932 2847 4002 ὑπέστη,
2892 3932 3226 4003 περιγράφει
3259 3931 3361 4000 τὴν
3390 3929 3700 4000 ἁμαρτίαν.

2117 4039 2137 4072 ι
2202 4021 2559 4093 Ἐμοίχευσας
2609 4024 2739 4096 γὰρ,
2790 4025 2988 4094 φησὶν,
3043 4026 3101 4077 ἐν
3152 4022 3371 4095 καρδίᾳ.
3438 4041 3459 4075 ι
3533 4022 3706 4093 Ὁρᾷς

2113 4115 2264 4178 ὅπως
2304 4116 2587 4185 χρηστῶς,
2622 4118 2768 4179 ὅπως
2811 4115 3049 4185 κούφως,
3083 4116 3263 4170 πάντα
3312 4114 3703 4183 γνωματεύεισ

2116 4207 2266 4271 ὅπως
2290 4209 2446 4279 ἡμῶν
2463 4210 2700 4277 φείδεται
2720 4226 2735 4276 ;
2764 4210 2909 4280 Πρὸς
2934 4209 2990 4261 δὲ
3013 4211 3123 4271 τοῖς
3144 4207 3455 4277 εἰρημένοις
3478 4208 3707 4259 κάκεῖνο

2114 4299 2330 4367 λογίζου
2352 4315 2365 4329 ·
2404 4301 2487 4355 ὅτι
2523 4301 2644 4372 οὐχὶ
2680 4302 2953 4372 τιμωρίαν
2986 4302 3116 4371 ἡμῖν
3158 4299 3425 4362 ἐπινοῶν,
3458 4298 3598 4351 ἀλλά
3622 4316 3708 4351 tt-

2121 4394 2345 4467 μωριῶν
2395 4394 2805 4467 ἐξαιρούμενος,
2838 4396 3043 4465 ταύτην
3084 4396 3273 4449 ἀνεῖπε
3316 4393 3417 4463 ’τὴν
3448 4392 3705 4461 γνώμην.

428 4482 523 4551 qui
557 4482 786 4534 libenter
805 4487 858 4533 et
881 4493 1005 4532 cum
1038 4475 1234 4532 aﬂectu
1272 4476 1509 4547 quodam
1554 4478 1746 4543 animi,
1779 4486 1891 4532 tam
1924 4479 1998 4534 in-

2131 4484 2190 4537 '0
2229 4484 2335 4556 γὰρ
2373 4488 2484 4550 τοῖς
2511 4486 2777 4550 τοιούτοις
2811 4485 3207 4557 ἐμφιλοχωρῶν
3236 4484 3460 4547 ἀτόποις
3488 4482 3707 4554 θεάμα-

429 4575 691 4643 Congruis
716 4570 1041 4641 spectaculis
1071 4572 1421 4637 immoratur,
1457 4585 1523 4625 eo
1544 4585 1682 4639 pene
1718 4573 2007 4641 processit,

431 4673 493 4717 ut
520 4664 697 4732 ipsum
731 4677 791 4715 se
827 4670 951 4715 actu
982 4668 1155 4714 totum
1188 4659 1425 4728 proluat.
1474 4658 1770 4726 Quocirca,
1827 4670 1887 4716 ut
1910 4677 2013 4717 nos

429 4773 461 4809 a
489 4752 1055 4825 supplicioliberaret,
1116 4767 1316 4806 causas
1363 4767 1554 4806 omnes
1601 4762 1844 4808 removet
1872 4755 2013 4809 unde

432 4862 535 4902 nos
572 4845 735 4901 nobis
774 4859 966 4915 pmnas
1020 4858 1165 4897 accet
1181 4843 1375 4896 simus.
1442 4840 1598 4908 Quod
1630 4843 1676 4896 si
1723 4845 1861 4900 velis
1896 4859 2010 4899 rem

433 4938 700 4995 intentius
749 4949 929 4991 mente
975 4935 1237 4998 recolere,
1291 4934 1477 4989 videre
1533 4934 1628 4989 tibi
1663 4934 1811 5003 licet,
1866 4936 2014 5006 quod

435 5046 530 5102 per
588 5031 692 5086 hoc
745 5038 1080 5099 prmceptum
1140 5027 1570 5083 consolationem
1658 5028 2018 5084 humanitatis

436 5124 650 5195 plenam
714 5120 977 5191 suggerit,
1043 5127 1100 5174 et
1146 5119 1629 5175 manuductionem
1659 5118 1728 5174 ad
1762 5122 2018 5185 salutem,

437 5229 548 5269 non
573 5220 755 5266 autem
787 5209 1115 5280 supplicium
1148 5210 1421 5265 construit
1476 5209 1861 5279 implacabilis,
1909 5225 2017 5266 non

439 5320 656 5377 pmnam
693 5304 845 5359 nullo
876 5303 1039 5359 modo
1074 5303 1470 5361 redimendam.
1525 5302 1662 5359 Cum
1695 5304 1864 5369 enim,
1898 5319 2020 5375 qua:

510 5448 557 5480 ⁸⁸
585 5446 603 5499 1
630 5445 757 5500 Cor.
791 5460 851 5509 ιι,
878 5443 933 5497 9.

402 4797 411 4849 l

2120 4593 2238 4639 σιν,
2274 4576 2443 4645 ἐγγύς
2488 4578 2604 4630 ἐστι
2656 4577 2753 4630 καὶ
2787 4577 2926 4648 πρὸς
2967 4575 3140 4647 αὐτὴν
3185 4577 3286 4644 τὴν
3322 4574 3524 4645 πρᾶξιν
3566 4576 3709 4636 ὅλως

2122 4666 2513 4737 βαπτισθῆναι.
2548 4667 2669 4721 ’Ίνα
2698 4666 2792 4721 οὖν
2835 4668 2985 4737 ἡμᾶς
3018 4666 3267 4736 ἐξέληται
3307 4665 3401 4720 τοῦ
3434 4665 3707 4734 κολασθῆ-

2120 4775 2231 4823 ναι,
2258 4758 2683 4829 προαναστέλλει
2713 4759 2811 4821 τάς
2833 4759 3015 4821 αἰτίας
3058 4757 3187 4823 τῶν,
3218 4756 3305 4826 ἐφ’
3332 4750 3415 4820 οἷς
3443 4758 3709 4827 εἰσπρατ-

2120 4851 2327 4922 τόμεθα
2367 4853 2467 4915 τὰς
2506 4851 2797 4923 τιμωρίας.
2846 4850 3008 4914 Ἰδοις
3046 4850 3092 4904 δ’
3134 4850 3199 4903 ἂν
3243 4849 3443 4918 μᾶλλον
3479 4850 3709 4901 ἐπισκο-

2120 4942 2224 4997 πού
2233 4961 2413 5014 μενος,
2436 4943 2512 5008 ὼς
2531 4942 2651 5014 οὐχὶ
2672 4941 2863 5014 ποινὴν
2883 4941 3237 5013 ἀδυσώπητον
3256 4957 3270 4971 ·
3293 4941 3413 4995 οὐδὲ
3434 4940 3710 5014 τιμωρίαν

2120 5035 2511 5106 ἀλογοθέτητον
2534 5053 2548 5067 ·
2579 5035 2943 5105 ψυχαγωγίαν
2966 5035 3023 5087 δὲ
3054 5034 3252 5103 μᾶλλον
3288 5033 3707 5103 φιλάνθρωπον,

2120 5129 2216 5182 καὶ
2264 5129 2633 5198 χειραγωγίαν
2688 5129 2990 5199 σωτήριον,
3040 5126 3130 5180 διά
3173 5128 3379 5193 ταύτης
3429 5126 3564 5193 ἡμῖν
3608 5123 3709 5192 τῆς

2119 5218 2341 5289 ἐντολῆς
2384 5219 2684 5289 μεθοδεύει.
2725 5219 2887 5284 Πῶς;
2937 5219 3095 5271 Ἐπεὶ
3138 5217 3268 5288 γὰρ,
3308 5210 3398 5268 οία
3429 5214 3602 5269 πολλά
3640 5214 3711 5267 τὰ

2121 5306 2463 5377 ἀνθρώπινα,
2499 5309 2594 5364 καὶ
2634 5310 2804 5381 χωρὶς
2841 5308 3075 5381 μελέτης
3113 5309 3209 5362 καὶ
3254 5306 3600 5377 περιεργίας,
3630 5305 3713 5369 εις

1752 5562 1987 5621 VARI/ﬂ
2046 5559 2459 5621 LECTIONES.

555 5659 574 5693 ί
606 5655 820 5725 ἔκοψενο
847 5655 1103 5709 ἐκόλαδεν
1126 5655 1289 5711 habet
1325 5664 1377 5711 cl
1405 5653 1529 5710 Men
