3902 6212
192 234 291 301 Μ

1109 229 1211 290 ΑΙ)
1250 228 1844 291 AMPHILOCHIUM
1883 225 2236 300 QUAESI‘IO
2272 222 2522 285 CCXXI.

3334 218 3442 283 998

185 342 415 403 ἀτόπους
458 336 806 410 ικφερόμεθα
850 337 1117 408 πράξεις·
1169 336 1258 390 ῖνα
1314 336 1535 389 ἐπειδὰν
1588 335 1756 404 μηδὲν

1869 344 1948 389 εει
1987 342 2177 388 rerum
2208 331 2449 387 conditio
2488 329 3063 395 humanarum,etiam
3095 328 3302 401 absque
3337 331 3439 385 ali-

189 430 760 503 προμεμελετηκότες,
810 429 949 500 μηδὲ
996 429 1111 492 τοῖς
1160 428 1442 498 λογισμοῖς
1486 426 1548 480 τὸ
1582 425 1754 487 πάθος

191 522 577 593 στηλώσαντες,
619 520 760 574 κατά
796 537 917 573 τινα
948 519 1006 573 δὲ
1036 519 1180 590 βίαν,
1226 518 1258 589 ἦ
1293 516 1673 587 συναρπαγὴν,
1720 514 1756 584 ἢ

186 616 348 677 δόλον,
379 613 459 676 είς
500 609 761 680 τοιαύτην
801 610 1289 682 παρολισθήσωμεν
1350 608 1571 679 πρᾶξιν,
1608 624 1760 676 τηνι-

184 706 355 760 καῦτα
402 703 478 774 μὴ
531 702 936 773 καταπὲσωμεν
986 701 1291 765 παντελῶς,
1330 700 1452 771 μηδ’
1502 700 1582 763 εἰς
1614 699 1753 753 ἁπό-

185 813 377 867 γνωσιν
416 796 644 859 ἑαυτοὺς
679 793 1097 866 ἀπορρίψωμεν.
1142 792 1281 847 Ἀλλ’
1312 792 1644 856 ἐννοοῦντες,
1675 792 1756 844 ὃτι

186 892 316 960 μήτε
352 888 601 960 μελέτης,
636 889 774 958 μήτε
809 887 1072 957 σπουδῆς,
1108 888 1246 957 μήτε
1286 885 1587 955 λογισμῶν,
1623 899 1759 951 συγ-

184 979 524 1041 καταθέσεως
558 979 1022 1049 προηγησαμένης
1044 1017 1061 1041 ,
1101 978 1177 1045 τῷ
1219 976 1475 1047 πτώματι
1513 974 1760 1046 παρεού-

186 1087 357 1144 ρημεν
376 1109 391 1133 ,
428 1070 620 1124 θᾶττόν
640 1088 700 1124 τε
731 1071 931 1134 αὐτοὺς
958 1072 1169 1123 ἐκεῖθεν
1197 1069 1597 1139 ἀναστήσωμεν
1618 1109 1635 1136 ,
1664 1066 1762 1121 καὶ

183 1164 318 1234 πρὸς
372 1162 659 1233 μετάνοιαν
714 1162 1044 1234 δράμωμεν,
1100 1161 1344 1233 μεγάλην
1391 1159 1762 1231 ὲφευρηκότες

184 1255 434 1326 ἀφορμὴν
489 1254 859 1326 συγγνώμης,
897 1256 958 1308 τὺ
994 1256 1070 1325 μὴ
1108 1253 1248 1324 μετά
1294 1252 1522 1324 γνώμης
1551 1254 1759 1306 πεσεῖν.

186 1351 304 1403 Ἷνα
330 1345 424 1402 οὖν
452 1347 661 1413 τούτοις
682 1352 796 1411 τοῖς
824 1349 1128 1419 λογισμοῖς,
1154 1347 1320 1400 ὲπειδ⁸
1363 1345 1433 1399 ἂν
1466 1343 1525 1409 ἐξ
1552 1345 1764 1416 ἐπιδρο-

188 1442 325 1513 μῆς,
360 1440 393 1512 ἢ
447 1441 640 1510 τέχνης
687 1438 880 1503 τινὸςιι
919 1438 953 1511 ἢ
1010 1438 1105 1492 καὶ
1140 1438 1460 1509 τυραννίδος
1501 1435 1759 1505 ἁλῶμεν,

183 1535 531 1605 ψυχαγωγεῖν
587 1531 800 1603 ἔχωμεν
856 1532 1117 1596 ἑαυτοὺς,
1193 1529 1287 1584 καὶ
1356 1528 1763 1601 προθυμότερον

185 1626 321 1697 πρὸς
346 1625 446 1695 τὴν
478 1624 764 1695 διόρθωσιν
798 1621 1246 1694 εύθυδρομῶμεν,
1284 1621 1489 1692 ταύτην
1519 1623 1547 1674 ὁ
1572 1619 1763 1690 Σωτὴρ

1860 444 1970 497 qua
2000 425 2354 484 meditatione
2381 435 2475 480 aut
2512 423 2852 488 curiositate,
2900 422 2953 476 in
3012 423 3280 477 absurdus
3339 424 3441 478 de»
3469 441 3481 457 ι

1860 519 2093 575 ferimur
2111 519 2391 586 actiones;
2417 517 2561 581 ideo,
2601 516 2656 570 in
2689 530 2813 570 eum
2856 515 3038 578 ﬁnem,
3079 524 3159 580 ut,
3193 531 3317 571 cum
3347 531 3444 572 ne-

1860 627 1969 681 que
1988 610 2168 666 dedita
2193 625 2379 679 opera,
2411 625 2510 665 nec
2531 608 2852 679 cogitationi
2887 607 3106 677 penitus
3142 608 3444 664 inhaarente

1862 702 2085 767 allecto,
2110 702 2203 756 sed
2233 717 2328 772 per
2348 701 2482 765 vim,
2514 715 2611 771 per
2650 700 2925 769 rapinam,
2962 712 3058 768 per
3080 696 3326 751 fraudem
3364 698 3447 751 in-

1862 794 2034 861 ducti,
2068 794 2122 847 in
2153 790 2424 864 ejusmodi
2464 802 2651 846 actum
2684 790 3147 855 exorbitavimus;
3203 798 3336 853 tum,
3388 796 3447 843 ut

1864 910 1933 948 ne
1970 893 2187 963 penitus
2226 888 2603 951 concidamus,
2638 895 2733 941 aut
2779 885 3105 955 abjiciamus
3140 898 3241 938 nos
3268 883 3318 935 in
3349 881 3446 936 de-

1864 985 2264 1055 sperationem;
2326 982 2422 1036 sed
2475 988 2820 1050 reputantes,
2869 978 3016 1047 quod
3044 992 3145 1031 nec
3166 976 3231 1031 de
3270 973 3447 1029 medi-~

1864 1078 2094 1143 tatione,
2157 1090 2261 1131 nec
2317 1073 2521 1138 studio,
2576 1087 2678 1128 nec
2720 1069 3160 1135 ratiocinatione,
3212 1068 3443 1123 condes-

1864 1169 2125 1225 censione
2170 1166 2534 1239 prrecedente,
2597 1168 2651 1221 in
2699 1164 3102 1236 prolapsionem
3170 1162 3442 1218 subtracti

1865 1263 2073 1319 fuimus
2117 1262 2351 1335 celerius
2384 1268 2602 1316 nosmet
2642 1258 3116 1321 resuscitabimus,
3165 1256 3231 1310 ad
3267 1255 3442 1325 paeni-

1863 1357 2090 1412 tentiam
2114 1370 2489 1422 accurremus,
2517 1355 2746 1424 primam
2771 1366 3048 1421 quamque
3070 1350 3241 1406 venia:
3262 1347 3441 1405 indul-

1863 1448 2054 1518 gendae
2108 1448 2455 1504 occasionem
2503 1446 2861 1517 arripientes,
2924 1445 3154 1499 minime
3198 1458 3319 1506 nos.
3377 1444 3446 1497 de

1866 1537 2035 1593 animi
2072 1538 2354 1594 sententia'
2394 1538 2683 1609 prolapsos
2717 1552 2862 1593 esse.
2906 1536 3198 1604 Quocirca,
3227 1534 3444 1605 quoties

1868 1629 1938 1685 ab
1960 1632 2209 1697 incursu,
2256 1630 2342 1685 vel
2399 1645 2498 1699 per
2540 1629 2759 1699 aliquod
2812 1628 3129 1692 artiﬁcium,
3185 1638 3279 1681 aut
3332 1626 3444 1679 vim

183 1716 504 1787 ἀπεφήνατο
532 1715 631 1787 τὴν
676 1715 931 1787 γνώμην*
975 1715 1033 1767 ὲν
1065 1717 1131 1786 τῇ
1171 1713 1280 1767 τῶν
1307 1712 1568 1784 χειρόνων
1610 1711 1763 1781 αἱρέ-

1869 1720 2146 1792 tyrannice
2181 1719 2482 1775 adhibitam
2530 1734 2889 1788 occupamur,
2957 1716 3266 1772 istiusmodi
3297 1715 3444 1770 sola-

186 1827 289 1875 σει,
319 1808 545 1862 καὶτῶν
578 1807 857 1878 λογισμῶν
882 1810 950 1879 τῇ
978 1807 1399 1877 συγκαταθέσει,
1431 1806 1550 1860 ἀλλ’
1573 1807 1673 1859 οὐκ
1706 1806 1763 1860 ἐν

182 1904 246 1973 τῇ
282 1900 480 1971 πράξει
505 1902 662 1972 μόνῃ,
687 1901 749 1954 τὸ
772 1901 871 1971 τῆς
900 1901 1175 1973 ἁμαρτίας
1201 1900 1560 1971 περιστήσας.
1593 1896 1765 1951 Τοῦτο

182 1995 239 2048 δὲ
267 1995 328 2048 οὐ
367 1994 689 2065 βαρύνοντός
731 1995 870 2059 ἐστι,
902 1992 1027 2064 δίχα
1060 1992 1243 2063 λόγου,
1275 1994 1337 2047 τὸ
1383 1992 1621 2054 συνειδὸς
1654 1990 1763 2045 τῶν

181 2088 609 2159 ἁμαρτανόντων
641 2128 656 2153 ,
716 2086 853 2141 ἀλλὰ
910 2085 1330 2158 βεϐαρημένην,
1386 2085 1496 2137 τῶν
1550 2084 1650 2138 ούκ
1699 2086 1765 2137 ὲκ

183 2177 420 2249 μελέτης
451 2177 720 2243 ἁλόντων,
773 2175 1234 2246 ἀνακουφίζοντος
1277 2176 1377 2245 τὴν
1421 2175 1761 2246 συνείδησιν,

182 2266 277 2320 καὶ
323 2266 789 2339 παρηγοροῦντος.
845 2268 1057 2338 Ὥσπερ
1106 2267 1217 2337 γὰρ
1260 2270 1374 2331 τοῖς
1424 2268 1494 2321 δι’
1538 2266 1764 2321 ἐκείνων

180 2359 510 2429 προελθοῦσι
555 2359 665 2413 τῶν
700 2359 1096 2433 ὲρεθισμάτων,
1155 2361 1298 2431 μέγα
1344 2362 1436 2414 καὶ
1485 2358 1764 2415 δύσοιστον

178 2449 240 2504 τὸ
264 2450 608 2523 κατάκριμα.
642 2451 748 2523 (Τί
782 2450 890 2522 γὰρ
924 2453 1227 2521 ὲμελέταςς
1261 2452 1315 2505 τί
1352 2451 1397 2505 δ’
1440 2451 1766 2524 ἁνηρέθιζες

176 2542 247 2595 τὰ
291 2540 482 2612 πάθη;
522 2543 620 2595 καὶ
666 2543 766 2613 τῆς
800 2542 1016 2614 φαύλης
1065 2544 1337 2615 αἱρέσεως
1376 2544 1496 2598 ὅλον
1535 2544 1764 2598 σεαυτὸν

179 2631 394 2694 ἐποίεις
417 2670 433 2697 ,
471 2630 611 2685 ἑκὼν
667 2633 909 2694 ἀποστὰς
939 2634 1050 2687 τῶν
1095 2635 1453 2705 κρειττόνων,
1490 2635 1667 2689 καίτοι
1706 2634 1767 2688 τὸ

180 2722 362 2776 θέλειν
408 2727 477 2777 τὰ
510 2725 721 2796 ἀμείνω
771 2728 932 2797 ρᾷον;
967 2746 985 2779 ι
1028 2727 1365 2799 Παράκειται
1412 2728 1523 2800 γὰρ
1564 2729 1660 2782 καὶ
1706 2730 1766 2781 ὲν

179 2819 393 2891 ἑτοίμῳ
439 2822 639 2888 πᾶσιν,
683 2821 759 2886 ὼς
810 2824 902 2875 καὶ
951 2823 1164 2887 Παῦλος
1212 2822 1342 2895 βοᾷ,
1394 2824 1452 2877 τὸ
1480 2824 1550 2877 τὰ
1583 2824 1767 2894 ἀγαθὰ

180 2911 388 2978 θέλειν,
431 2932 451 2967 ι
486 2914 579 2967 καὶ
607 2914 758 2968 οὐδὲν
784 2916 1022 2988 ἐργῶδες
1048 2918 1229 2986 μισεῖν
1252 2916 1564 2985 τάναντία.)
1607 2916 1768 2970 Ἀλλὰ

178 3005 290 3076 γὰρ
316 3005 511 3076 ὥσπερ
538 3008 651 3069 τοῖς
680 3007 946 3072 τοιούτοις
974 3008 1033 3062 τὸ
1064 3010 1163 3080 τῆς
1193 3010 1575 3081 κατακρίσεως
1606 3008 1768 3079 χαλε-

179 3099 319 3151 πόν’
372 3096 516 3151 οὕτω
560 3101 675 3163 τοῖς
724 3100 800 3171 μὴ
832 3100 921 3154 διὰ
964 3100 1073 3154 τῶν
1121 3102 1326 3172 ὁμοίων
1362 3102 1767 3172 παρενεχθεῖσι,

180 3188 496 3260 προφθάνει
544 3195 644 3264 τῆς
698 3193 970 3264 τιμωρίας
1027 3196 1060 3265 ἡ
1110 3192 1536 3264 φιλανθρωπία,
1593 3193 1652 3243 ὲν
1698 3192 1767 3261 τῇ

179 3287 384 3356 ταχινῇ
418 3284 751 3358 μεταμελείᾳ
771 3327 786 3352 ,
819 3287 1007 3359 ῥᾳδίαν
1034 3287 1133 3359 τὴν
1169 3285 1502 3358 συγγνώμην
1546 3285 1641 3338 καὶ
1669 3282 1769 3355 τὴν

180 3377 440 3430 ἁθώωσιν
471 3380 828 3450 χαριζομένη.
860 3379 972 3434 Καὶ
1008 3379 1180 3434 ταῦτα
1215 3380 1315 3450 μὲν
1353 3379 1446 3432 ἐπὶ
1486 3376 1764 3431 τοσοῦτον.

180 3468 257 3522 Σὺ
283 3469 342 3523 δέ
378 3487 470 3541 μοι
501 3472 597 3525 καὶ
623 3473 850 3541 πράξεις
877 3474 1112 3540 ἀτόπους
1136 3474 1426 3545 ὲκτρέπου,
1452 3473 1547 3526 καὶ
1572 3471 1767 3525 εἴδωλα

180 3562 297 3623 τοῖς
331 3562 640 3633 λογισμοῖς,
675 3564 762 3618 διὰ
789 3565 1086 3636 περιέργου
1122 3567 1217 3619 καὶ
1254 3564 1535 3636 ὲμπαθοῦς
1566 3563 1765 3633 ὂψεως,

180 3653 416 3723 ἁνιστᾷν
458 3653 687 3724 ἀπέχου,
755 3654 844 3709 ’ίνα
878 3672 959 3709 σοι
990 3656 1081 3708 καὶ
1127 3658 1240 3719 τοῖς
1280 3653 1542 3716 τοιούτοις
1586 3652 1769 3721 λόγοις

181 3746 407 3815 τρυφᾷν
433 3753 479 3811 ν,
510 3745 645 3798 ἀλλὰ
678 3746 754 3817 μὴ
780 3746 1169 3817 δυσχεραίνειν,
1200 3745 1553 3816 περιγίνοιτο.

1869 1812 2109 1865 tionibus
2140 1826 2244 1867 nos
2272 1809 2496 1865 reﬁcere
2528 1818 2583 1864 et
2629 1808 2812 1864 fovere
2863 1823 3191 1878 possumus;
3256 1817 3317 1860 ut
3366 1807 3447 1861 sic

1866 1903 2121 1958 alacriori
2174 1919 2341 1958 cursu
2388 1902 2628 1958 feramur
2673 1902 2741 1956 ad
2772 1902 3232 1957 emendationem.
3291 1898 3445 1954 Hanc

1867 1998 2194 2052 sententiam
2229 1994 2489 2050 Servator
2514 1996 2756 2063 protulit,
2803 1994 2937 2047 utin
2960 1993 3296 2049 deteriorum
3336 1990 3445 2046 ele-

1874 2085 2079 2152 ctione,
2120 2094 2174 2139 et
2218 2085 2447 2141 rationis
2493 2101 2786 2152 consensu,
2841 2085 3049 2154 peccati
3085 2091 3360 2142 naturam,
3392 2092 3449 2139 et

1866 2191 1978 2232 non
2002 2176 2055 2230 in
2090 2177 2209 2232 solo
2231 2188 2378 2242 actu,
2408 2177 2853 2233 circumscribat.
2910 2174 3022 2231 Nec
3050 2183 3135 2231 est
3170 2175 3273 2230 hoc
3310 2189 3446 2231 one-

1866 2268 2041 2323 rantis
2085 2268 2207 2325 sine
2253 2268 2469 2324 ratione
2525 2268 2916 2324 conscientiam
2978 2266 3444 2337 delinquentium;

1867 2360 1964 2416 sed
2002 2360 2312 2417 alleviantis
2339 2361 2523 2431 potius
2563 2370 2617 2415 et
2664 2360 3005 2415 consolantis
3046 2357 3445 2414 conscientiam

1867 2461 2282 2522 praegravatam,
2352 2468 2568 2517 eorum,
2624 2452 2719 2523 qui
2774 2469 2883 2508 non
2925 2466 2957 2507 e
2990 2462 3139 2506 certo
3162 2450 3446 2521 proposito

1868 2546 2241 2617 abripiuntur.
2276 2545 2744 2614 Quemadmodum
2775 2548 2919 2601 enim
2948 2546 3055 2602 illis
3084 2546 3179 2616 qni
3203 2545 3271 2598 ab
3301 2544 3448 2614 ipso-

1869 2623 1989 2693 rum
2047 2639 2471 2695 excitationibus
2540 2640 2767 2710 profecti
2813 2648 2979 2705 sunt,
3059 2639 3447 2694 condemnatio

1870 2731 2069 2787 accidit
2101 2733 2250 2802 justa
2278 2742 2333 2789 et
2375 2733 2744 2804 importabilis
2802 2733 2956 2804 (quid
3005 2734 3151 2788 enim
3205 2731 3449 2787 studiose

1870 2823 2166 2881 meditatus
2192 2826 2293 2880 es?
2318 2841 2581 2896 quorsum
2614 2826 2840 2882 allectus
2874 2827 2955 2882 sic
2984 2824 3210 2881 irritasti
3232 2825 3255 2878 ί
3280 2839 3449 2895 quare

1871 2927 1923 2973 te
1944 2928 2117 2973 totum
2149 2919 2435 2988 componis
2479 2920 2544 2974 ad
2577 2919 2981 2988 improbitatem
3002 2916 3445 2987 'amplexandam,

1872 3022 2065 3081 sponte
2101 3011 2385 3077 declinans
2435 3020 2489 3066 et
2540 3012 2802 3067 recedens
2842 3027 2872 3064 a
2918 3011 3258 3076 melioribus,
3322 3025 3449 3064 cum

1874 3111 2058 3157 tamen
2093 3102 2253 3158 facile
2279 3104 2457 3158 fuerat
2498 3113 2557 3158 ut
2582 3113 2865 3174 appeteres
2891 3103 3154 3158 meliora?
3179 3120 3198 3155 ι
3226 3101 3452 3172 Adiacet

1874 3193 2020 3248 enim
2055 3194 2272 3263 cuique,
2306 3194 2386 3247 uti
2426 3193 2630 3248 Paulus
2658 3195 2754 3256 ait,
2790 3192 2928 3247 velle
2957 3191 3218 3247 bonum”
3254 3208 3268 3245 :
3298 3209 3317 3242 ι
3350 3204 3453 3244 nec

1873 3293 1961 3340 est
1996 3300 2291 3341 onerosum
2321 3285 2506 3340 odisse
2540 3284 2723 3355 mala).
2761 3283 2831 3339 Ut
2860 3284 2982 3339 istis
3034 3283 3231 3337 durum
3262 3294 3343 3335 εει
3387 3294 3454 3335 ac

1875 3378 2214 3433 intolerabile
2245 3378 2630 3445 condemnari;
2691 3379 2765 3433 ita
2802 3393 2919 3442 eos,
2975 3376 3068 3448 qui
3102 3392 3211 3431 non
3251 3389 3345 3444 per
3375 3374 3453 3429 si-

1872 3471 2025 3526 milia
2067 3471 2445 3540 abripiuntur,
2501 3471 2785 3542 suppliciis
2844 3476 3152 3539 exemptos,
3187 3467 3452 3537 prazvenit

1875 3564 2281 3630 misericordia;
2343 3575 2399 3620 et
2437 3566 2493 3618 in
2540 3565 2774 3618 celerala
2828 3563 3147 3633 poenitentia
3170 3576 3277 3615 non
3314 3559 3454 3614 diﬁi-

1874 3656 2050 3711 culter
2066 3657 2234 3711 donat
2261 3657 2675 3726 indulgentiam,
2707 3666 2765 3710 et
2784 3672 2813 3710 a
2846 3664 2999 3710 reatu
3025 3653 3449 3709 absolutionem.

1878 3746 1943 3801 Et
1984 3748 2097 3803 haec
2117 3749 2335 3818 quidem
2364 3749 2652 3804 hactenus.
2690 3746 2772 3802 Tu
2795 3757 2977 3802 autem
3008 3750 3254 3801 actiones
3284 3757 3455 3815 quas-

183 3839 321 3897 libet
353 3842 625 3899 absurdas
664 3854 977 3909 aversatur;
1009 3851 1064 3898 et
1085 3845 1229 3900 idola
1270 3845 1516 3916 quaedam
1541 3860 1635 3914 per
1686 3841 2071 3912 cngitationem
2113 3843 2332 3900 curioso
2373 3854 2429 3898 et
2474 3843 2772 3899 aﬁ‘ectuoso
2822 3842 3021 3896 intuitu
3082 3840 3295 3909 erigere
3357 3836 3457 3892 ab-

182 3934 366 4002 sistis,
400 3943 459 3990 ut
492 3934 571 3991 sic
598 3936 817 3992 demum
855 3939 1027 3993 laetari
1059 3938 1262 4008 possis,
1294 3949 1350 3993 et
1385 3938 1545 4007 quasi
1574 3934 1862 4000 luxuriari,
1897 3951 1997 3990 nec
2025 3937 2137 3991 ullo
2162 3938 2327 3991 modo
2350 3937 2486 3991 allici
2516 3937 2715 3991 talibus
2748 3933 3098 3991 sermonibus
3115 3932 3201 3987 vel
3226 3930 3453 3986 oﬁ'endi.

713 4032 1046 4086 ΕΡΩΤΠΣΙΣ
1082 4033 1255 4087 ΣΚΑ’.

292 4125 485 4190 Ποίας
512 4125 795 4193 αἱρέσεως
823 4124 904 4194 ἦν
930 4127 1221 4192 Εὐσέϐιος
1246 4128 1278 4179 ὁ
1306 4124 1659 4194 (lapsorum);

1876 4026 2210 4095 QUIESTIO
2244 4028 2455 4089 CCXXI
2500 4026 2687 4100 [CoisL
2740 4024 2971 4089 CLXVI,
3022 4023 3185 4077 Taur.
3219 4019 3450 4093 CLXV].

2060 4119 2224 4189 Cujus
2266 4121 2479 4174 ltwresis
2518 4129 2631 4174 erat
2663 4118 2924 4172 Eusebius
2960 4114 3279 4186 Pamphili?

477 4236 617 4287 Edita
640 4254 666 4287 a
696 4238 996 4288 Montacutio
1021 4238 1124 4302 (ep.
1151 4237 1260 4301 ιιι,
1283 4238 1344 4287 ad
1375 4238 1630 4289 Constant.
1655 4251 1705 4300 p.
1729 4236 1845 4302 201)
1867 4243 1921 4287 et
1945 4252 1973 4287 a
1999 4239 2054 4288 B.
2080 4237 2144 4285 de
2177 4234 2489 4284 Montt‘aucon
2525 4227 2777 4294 (Biblioth.
2805 4229 2955 4282 Coisl.
2981 4246 3031 4293 p.
3057 4229 3189 4292 548).

260 4347 547 4411 Εὐσέϐιος,
572 4349 600 4400 ὁ
620 4347 717 4400 τοῦ
743 4348 1030 4417 Παμφίλου
1047 4349 1156 4401 εἴτε
1173 4346 1359 4411 δοῦλος
1379 4349 1489 4401 εἴτε
1513 4348 1764 4417 συνήθης,

1950 4344 2270 4409 Eusebium,
2342 4341 2611 4410 Pamphili
2671 4341 2787 4394 sive
2853 4352 3071 4394 servum
3128 4336 3243 4390 sive
3296 4333 3457 4388 fami-

184 4440 274 4491 ὂτι
326 4438 431 4509 μὲν
477 4438 840 4508 ’Δρειανισμῷ
886 4438 1061 4503 ἑάλω,
1119 4438 1286 4509 βοῶσι
1340 4439 1438 4508 μὲν
1505 4438 1672 4491 αὑτοῦ
1710 4438 1778 4491 τὰ

188 4532 405 4602 βιϐλία.
434 4533 544 4584 Καὶ
571 4531 734 4596 αὐτὸς
766 4532 823 4585 δὲ
855 4532 1293 4603 μεταμελόμενος
1321 4532 1481 4602 δῆθεν
1509 4534 1602 4584 καὶ
1628 4533 1777 4585 ἄκων

182 4624 294 4694 τὴν
327 4625 486 4677 νόσον
516 4623 873 4693 ἀνομολογεῖ,
902 4625 1003 4677 κὰν
1022 4626 1087 4695 τῇ
1117 4624 1452 4694 μεταμελείᾳ
1478 4624 1533 4676 δὲ
1567 4624 1771 4693 μᾶλλον

183 4717 394 4771 ἑαυτὸν
431 4717 703 4771 δείκνυσιν
732 4717 1166 4788 ἀμεταμέλητον.
1194 4718 1269 4771 Οὐ
1309 4716 1418 4787 γὰρ
1458 4717 1650 4770 ἑαυτὸν
1686 4718 1778 4769 ὲκ-

184 4809 392 4878 στῆναι
419 4811 520 4879 τῆς
556 4809 829 4881 προτέρας
863 4808 1186 4874 κακοδοξίας
1224 4807 1292 4860 δι’
1321 4800 1397 4861 ὧν
1429 4807 1609 4872 ἔδοξεν
1639 4809 1776 4860 ἀποέ-

183 4900 475 4967 λογετσθαι
508 4901 846 4973 συνίστησιν,
881 4900 1003 4953 οὐδὲ
1032 4903 1099 4970 τῇ
1130 4899 1262 4971 ἁγίᾳ
1289 4900 1383 4953 καὶ
1419 4900 1775 4969 οίκουμενικῇ

262 5018 312 5050 ⁸³
346 5017 505 5073 Rom.
532 5035 628 5086 vn,
657 5019 744 5075 18.

1874 4440 2091 4498 Iiarem,
2124 4436 2440 4489 Arianismo
2477 4433 2649 4487 fuisse
2698 4429 3133 4501 correptum(l),
3175 4428 3298 4498 ejus
3324 4428 3451 4482 libri

1874 4531 2133 4585 clamant.
2164 4527 2281 4597 Ipse
2339 4543 2468 4581 vero
2506 4526 2829 4596 poenitentia
2870 4525 3067 4579 ductus
3122 4522 3207 4576 vel
3252 4521 3456 4576 invitus

1874 4622 2129 4677 morbum
2159 4620 2448 4675 confessus
2478 4629 2583 4683 est,
2613 4618 2828 4673 etiarnsi
2867 4618 2952 4671 vel
2985 4617 3098 4685 ipsa
3142 4613 3457 4679 ptenitentia

1877 4714 2058 4782 ipsum
2113 4714 2264 4767 nullo
2292 4712 2456 4765 modo
2480 4711 2808 4781 pceuituisse
2854 4708 3115 4763 declaret.
3153 4707 3274 4762 Non
3306 4707 3455 4761 enim

1875 4822 1935 4862 se
1973 4821 2003 4859 a
2047 4820 2212 4873 prava
2263 4804 2543 4859 sententia
2606 4801 2871 4857 desistere
2915 4816 3011 4869 per
3055 4799 3225 4863 illam,
3287 4813 3457 4868 quam

1875 4908 2034 4969 parat
2078 4898 2408 4969 apologiam,
2441 4896 2749 4967 proﬁtetur,
2810 4908 3140 4965 neque-cum
3188 4902 3376 4947 sancta
3405 4901 3461 4944 et

1386 5108 1628 5164 VARIIE
1659 5108 2069 5165 LECTIONES.

268 5223 301 5253 ιι
342 5212 653 5282 διαδολικῆς
676 5212 828 5268 deest
866 5210 919 5266 in
946 5207 1201 5265 Monach.
1225 5222 1464 5278 quoque.

1576 5216 1605 5245 ν
1630 5206 1715 5261 ἶσ.
1749 5207 2048 5278 ὲντρυφᾷν.
2069 5206 2283 5278 τρυφᾷν
2336 5204 2499 5259 habet
2520 5214 2576 5260 et
2600 5201 2835 5259 Monach

1709 5295 1918 5353 NOTAE
1931 5343 1943 5354 .

266 5401 352 5473 (Ι)
386 5402 461 5457 De
490 5402 710 5457 Eusebii
744 5400 1054 5473 Arrianisum
1100 5397 1219 5450 fuse
1267 5394 1686 5473 disputa-vimus“
1716 5393 1772 5473 in

187 5464 780 5530 An'ltiiadversionibus
811 5472 862 5523 in
898 5468 1070 5523 Vitam
1105 5476 1159 5519 et
1181 5466 1380 5532 scripta
1408 5464 1691 5518 Athanasii
1718 5464 1774 5516 in

1881 5394 2043 5450 nobis
2079 5392 2466 5463 proferendum
2510 5391 2747 5461 suppetit
2778 5408 2791 5445 :
2826 5390 3042 5459 eritque
3079 5388 3152 5451 id,
3190 5390 3247 5442 ni
3276 5388 3458 5455 fallor,

1886 5480 2090 5518 novum
2153 5464 2293 5518 inter
2325 5463 2517 5516 ductos
2577 5463 2968 5517 controversiae
3028 5469 3455 5528 argumentum:

189 5528 384 5600 ironte
412 5541 749 5597 Colleaiom’s
782 5556 926 5593 nova:
956 5536 1057 5593 SS.
1095 5536 1209 5590 PP.
1254 5528 1423 5589 Nobis
1448 5535 1779 5604 astipulatur
1889 5550 2207 5604 quanquam
2250 5548 2357 5587 non
2392 5532 2708 5604 defuerunt,
2763 5532 2857 5604 qui
2904 5532 3017 5604 jam
3052 5530 3226 5604 ipsum
3251 5545 3317 5604 ei;
3349 5528 3459 5581 fre-

185 5599 453 5694 ?hotius,
488 5614 575 5694 qui
602 5626 723 5694 eum
757 5611 934 5681 palam
966 5609 1231 5694 Ariauum
1277 5599 1783 5694 tleclar'athuoad
1892 5599 2080 5694 quent’i
2132 5602 2384 5675 Origenis
2433 5618 2663 5694 pperum
2697 5599 2943 5694 lectione.
2983 5601 3036 5681 in
3090 5599 3457 5694 Upigenianos

187 5667 629 5755 brikeiiianismi
661 5667 868 5747 notam,
896 5694 1058 5750 quam
1098 5679 1173 5731 illi
1219 5677 1390 5731 inurit
1417 5676 1582 5741 idem,
1616 5667 1786 5728 'niliil
1895 5667 2161 5747 quosdam
2201 5667 2417 5731 errores
2441 5667 2655 5744 lapsum
2686 5671 2949 5743 suspicati
2981 5672 3110 5725 sitit.
3144 5667 3365 5723 Mou'rr.
