3902 6212
446 280 557 343 999

1606 270 1873 333 l’lIOTlI
1909 262 2416 328 PATRIARCHIE
2448 262 2555 322 CI’.

3584 247 3725 316 meo

445 394 785 452 oecumenica
816 392 1028 465 synodo
1070 405 1131 447 se
1164 389 1477 445 consentire
1513 386 1740 451 indicat,
1772 384 1865 439 sed
1898 395 2023 434 cou-

2139 378 2489 445 ςυμφωνῆσαι
2518 376 2570 409 ν’
2601 369 2805 440 συνόδῳ
2831 384 2846 400 ⁸
2880 367 3019 424 ἀλλὰ
3076 366 3204 428 τοὺς
3257 363 3351 418 τοῦ
3388 364 3727 433 όμοουσίου

396 468 405 483 ’
444 486 821 543 substantialis
878 495 1140 556 patronos
1197 495 1387 537 secum
1428 478 1697 535 sententia
1731 485 1788 530 et
1835 483 2023 529 mente

444 578 738 633 ronvenire
766 587 1077 647 portentusc
1103 576 1277 643 lingit.
1304 572 1458 638 Quod
1489 579 1603 623 tum
1634 569 1739 622 alia
1764 565 2019 637 plurima,

445 680 558 724 tum
588 668 843 741 epistola,
876 683 1041 739 quam
1062 664 1494 720 Cmsariensibns
1522 662 1764 731 scripsit,
1796 660 2023 714 demon-

443 774 600 817 strat.
638 763 836 817 Verum
873 762 1018 832 quod
1073 760 1142 813 ab
1193 760 1350 812 initio
1400 758 1663 809 Arianam
1700 754 2021 824 opinionem

443 854 663 918 foverit,
689 863 741 906 et
776 869 951 923 usque
982 853 1035 906 in
1064 851 1227 905 ﬁnem
1260 849 1327 903 al)
1362 865 1425 902 ea
1464 846 1667 900 tuenda
1711 860 1817 899 non
1849 842 2022 898 desti-

446 946 595 1007 terit,
617 946 772 998 multi
798 945 967 1014 probe
992 942 1194 1006 sciunt,
1226 952 1277 994 et
1304 937 1491 992 multis
1509 953 1575 990 ex
1600 936 1849 1006 partibus
1869 932 2024 1002 argui

444 1033 604 1087 facile
630 1043 827 1104 potest.
866 1032 1019 1098 Quod
1055 1041 1238 1085 autem
1275 1027 1528 1099 Origenis
1559 1027 1772 1091 morbo,
1805 1040 1915 1096 quo
1940 1024 2029 1078 ille

443 1128 588 1179 circa
619 1139 969 1180 communem
1019 1134 1263 1177 nostram
1308 1122 1770 1176 l'OSlll‘l'CCllOllClll
1800 1118 2028 1172 allectus

445 1230 584 1283 erat,
624 1218 909 1283 laborarit,
957 1216 1176 1271 tametsi
1211 1215 1368 1269 multi
1411 1218 1708 1286 ignorant;
1753 1212 1800 1266 si
1842 1221 2023 1264 tamen

443 1327 567 1365 cum
616 1310 873 1363 examine
917 1308 1034 1375 ejus
1068 1308 1241 1362 libros
1289 1307 1582 1370 evolveris,
1640 1319 1773 1357 sane
1812 1302 2024 1356 videbis

443 1418 570 1455 cum
617 1418 725 1455 non
752 1402 938 1455 minus
968 1401 1075 1454 hoc
1127 1398 1437 1469 pernicioso
1472 1398 1665 1451 morbo
1720 1397 2022 1461 laborasse,

443 1508 608 1563 quam
642 1493 904 1546 Arianico
934 1489 1122 1545 furore
1151 1499 1467 1559 correptum
1492 1488 1684 1543 fuisse.

441 1689 766 1758 QUASSTIO
790 1688 1018 1744 CCXXII
1052 1688 1246 1761 [CoisL
1273 1685 1529 1755 CLXVII,
1568 1686 1734 1741 Tuur.
1767 1685 2021 1759 CLXVI].

478 1787 617 1850 Quid
650 1797 723 1839 est
761 1783 895 1838 illud
924 1798 942 1835 :
980 1801 997 1833 ι
1024 1782 1127 1847 Qui
1153 1783 1326 1836 minor
1347 1792 1425 1835 est
1456 1783 1511 1834 in
1547 1798 1704 1850 regno
1739 1780 1987 1835 caelorum

964 1854 1140 1921 major
1164 1862 1241 1907 est
1274 1852 1367 1906 illo
1392 1854 1470 1905 7°?
1509 1870 1528 1903 ι

2057 1848 2105 1907 Β

2127 464 2474 538 πρεσϐευτὰς
2502 461 2670 518 αὐτοῦ
2698 460 2976 514 συνελθεῖν
3008 459 3087 530 τῷ
3117 459 3431 529 φρονήματι
3464 456 3562 507 καὶ
3598 471 3727 506 συν-

2125 558 2438 627 διατεθῆναι
2488 559 2557 627 τῇ
2605 555 2837 627 γνώμῃ,
2871 552 3250 625 τερατεύεται.
3287 551 3397 605 Kal.
3435 550 3606 603 τοῦτο
3637 566 3735 602 σα-

2127 651 2245 721 φῶς
2275 651 2413 704 ἄλλα
2444 666 2503 702 τε
2550 647 2775 701 πλείονα
2798 645 3135 715 παριστῶσι,
3164 647 3255 697 καὶ
3289 645 3324 714 ή
3366 647 3482 705 τοῖς
3511 644 3731 695 Καισα-

2131 745 2317 816 ρεῦσιν
2347 742 2497 812 αὐτῷ
2528 742 2803 812 γραφεῖσα
2838 739 3123 809 ἐπιστολή,
3191 737 3329 790 Ἀλλ’
3378 737 3463 790 ὅτι
3500 736 3604 806 μὲν
3634 736 3731 787 ἀπ’

2126 836 2302 905 ἀρχῆς
2331 835 2429 897 τὰς
2479 832 2826 903 ’Λρειανικάς
2858 831 3018 898 δόξας
3056 829 3390 894 ὑπέθαλπεν,
3423 829 3525 881 καὶ
3562 828 3731 897 μέχρι

2125 932 2311 991 τέλους
2336 931 2395 981 οὐ
2413 918 2632 981 ’διέλιπε
2659 926 2961 997 περιέπων,
2983 925 3167 978 πολλοί
3187 940 3247 977 τε
3277 924 3733 982 συνεπίστανται,

2127 1024 2220 1077 καὶ
2251 1023 2381 1094 ῥᾷόν
2410 1024 2528 1075 ἐστι
2581 1019 2768 1074 λαϐεῖν
2819 1018 3174 1088 πολλαχόθεν.
3227 1017 3350 1069 ’ωτι
3399 1015 3457 1068 δὲ
3493 1015 3595 1067 καὶ
3630 1014 3729 1082 τῆξ

2138 1113 2445 1185 Ὠριγένους
2472 1113 2631 1164 νόσου
2666 1109 2952 1181 μετέσχεν,
2983 1110 3048 1180 ἢν
3075 1107 3220 1160 κατὰ
3235 1106 3329 1175 τῆς
3356 1106 3547 1175 κοινῆς
3566 1104 3735 1174 ἡμῶν

2131 1208 2339 1268 ἐκεῖνος
2371 1205 2628 1275 ἐνόσησεν
2682 1201 3071 1266 ἀναστάσεως,
3105 1202 3155 1253 εί
3200 1202 3295 1253 καὶ
3324 1199 3451 1261 τοὺς
3489 1198 3734 1257 πολλοίις

2133 1297 2494 1352 ύπολανθάνει
2524 1312 2540 1329 ο
2576 1294 2691 1348 ἀλλ’
2720 1290 2815 1349 οῦν
2853 1292 3017 1357 αὐτὸς
3048 1292 3147 1345 σῦν
3187 1289 3382 1362 ἐρεύνῃ
3422 1289 3556 1351 τοὺς
3586 1289 3735 1339 ἐκεί-

2133 1407 2227 1443 νου
2278 1388 2473 1456 λόγους
2517 1388 2939 1457 ἀναλεγόμενος,
2988 1384 3145 1437 οὐδὲν
3178 1383 3402 1436 ἔλαττον
3431 1380 3607 1435 αὐτὸν
3653 1377 3736 1448 τις»

2128 1481 2361 1553 ὀλεθρίῳ
2408 1481 2586 1552 τούτῳ
2628 1479 3028 1551 ἀρρωστήματι
3061 1474 3141 1548 [ἢ]
3189 1476 3311 1538 ταῖς
3357 1472 3738 1543 ’Δρειανικαίς

2135 1576 2360 1647 μανίαις
2389 1574 2804 1645 κεκρατημένον
2834 1570 2979 1641 ὄψει.

2651 1686 2989 1741 ΕΡΩΤΗΣΙΣ
3027 1683 3199 1739 ΣΚΒ’.

2138 1783 2199 1837 Τί
2247 1782 2460 1836 ἐστιν’
2512 1799 2530 1831 ι
2579 1778 2769 1849 Ὀγδὲ
2808 1778 3156 1849 μικρότερος
3196 1776 3274 1849 Δἐν·
3313 1772 3392 1849 τῇ
3442 1783 3742 1849 βασιλέι)

2312 1851 2434 1906 τῶν
2461 1848 2754 1918 οὐρανῶν,
2782 1847 3001 1917 μείζων
3032 1846 3229 1905 αὑτοῦ
3262 1846 3463 1917 ἐστιν-ς
3504 1872 3525 1905 ι

1324 1943 1466 1993 Edita
1490 1956 1518 1992 a
1541 1942 1837 1992 Montacutio
1868 1945 1971 2007 (ep.
1995 1944 2101 2008 155,
2121 1946 2179 1995 ad
2201 1946 2503 1997 Constantia.
2540 1955 2591 2003 p.
2623 1940 2873 2001 180-189).

516 2032 672 2099 Quod
731 2047 829 2103 per
872 2030 1235 2101 quiestionern
1292 2029 1347 2082 in
1400 2029 1765 2083 Prmcursoris
1810 2029 2027 2084 laudem

444 2124 648 2180 dicitur
695 2144 711 2180 :
767 2143 785 2176 ι
822 2126 892 2179 At
920 2123 1015 2193 qui
1046 2123 1310 2177 minimus
1336 2130 1419 2176 est
1445 2120 1502 2174 in
1544 2135 1712 2190 regno
1735 2121 2025 2187 caelorum,

447 2220 624 2289 major
656 2218 749 2272 illo
788 2227 907 2283 est;
935 2233 953 2267 ι
998 2216 1113 2270 scio
1142 2213 1409 2284 plurimos
1441 2227 1506 2266 ex
1551 2211 1619 2265 iis
1645 2212 1739 2280 qui
1772 2227 1859 2266 me
1886 2227 2027 2280 prm-

448 2321 759 2377 eesserunt,
822 2309 1079 2364 arbitrari
1116 2306 1466 2362 Servatorem
1521 2305 1597 2361 ita
1631 2305 1943 2375 protulisse.
1970 2310 2031 2357 ut

449 2404 655 2475 proprii
694 2401 862 2455 animi
894 2415 1115 2455 sensum
1135 2398 1451 2469 explicaret.
1487 2395 1774 2451 lnterillos
1805 2394 2030 2466 quidam

450 2503 783 2551 connectunt
819 2493 981 2559 illud,
1035 2493 1313 2555 minimus,
1351 2504 1477 2543 cum
1509 2488 1618 2542 illis
1652 2488 1705 2541 in
1728 2503 1886 2558 regno
1923 2503 2029 2541 cae-

450 2590 645 2654 lorum,
687 2597 741 2641 et
773 2584 947 2655 ὐφ’ἓν,
981 2596 1076 2640 aut
1120 2594 1383 2653 tanquam
1453 2582 1674 2636 unicam
1719 2580 2028 2650 periodum,

452 2682 809 2753 prommtiant
860 2696 874 2732 :
928 2688 1095 2747 atque
1156 2675 1309 2729 illum
1377 2673 1470 2743 qui
1521 2673 1576 2726 in
1602 2672 1698 2726 illo
1720 2686 1888 2741 regno
1909 2671 2033 2728 aliis

455 2779 635 2828 minor
663 2782 749 2827 est
789 2770 1066 2833 omnibus,
1125 2765 1389 2836 majorem
1452 2764 1771 2819 existimant
1799 2762 2031 2818 Joanne.

454 2870 687 2938 Regnum
724 2867 803 2923 illi
838 2867 929 2921 hic
964 2866 1417 2934 interpretantur,
1448 2869 1663 2931 tempus
1699 2860 2033 2915 destinatum

455 2975 577 3034 post
618 2961 955 3018 Dominicam
1011 2956 1480 3014 resurrectionem
1527 2969 1543 3008 :
1604 2968 1714 3024 quo
1771 2952 2035 3022 temporis

398 3052 403 3063 ’
454 3057 751 3119 curriculo,
790 3067 879 3108 res
904 3052 1026 3107 iidei
1060 3066 1157 3121 per
1192 3063 1433 3111 crucem,
1484 3048 1840 3116 baptismum,
1872 3044 2038 3115 spiri—

456 3161 593 3215 tum,
634 3147 1023 3218 perfectionem
1056 3153 1112 3197 et
1142 3142 1308 3197 robur
1324 3140 1705 3211 acquirehant.
1752 3135 2039 3191 Minimum

457 3243 513 3297 in
543 3256 629 3302 eo,
653 3247 985 3309 postremum
1009 3235 1151 3288 inter
1170 3248 1265 3287 eos
1299 3231 1507 3295 volunt,
1530 3230 1623 3300 qui
1655 3230 1709 3284 in
1740 3230 1829 3283 illa
1850 3228 2037 3299 p'olitia

2200 2030 2275 2082 Τὸ
2302 2027 2552 2097 περὶτοῦ
2596 2025 2916 2097 Προδρόμου
2950 2024 3013 2078 ἐν
3046 2027 3258 2098 ἐπαίνῳ
3306 2032 3403 2081 καὶ
3438 2030 3568 2082 κατ’
3602 2030 3741 2099 ἐρώ-

2130 2139 2288 2191 τησιν
2323 2120 2638 2192 εἰρημένον,
2680 2138 2698 2171 ι
2744 2118 2805 2171 'U
2834 2118 2890 2172 δἐ
2940 2120 3268 2191 μικρότερος
3291 2122 3351 2173 ἐν
3382 2125 3451 2193 τῇ
3482 2123 3741 2191 βασιλεὲεξ⁸

2130 2213 2242 2264 τῶν
2274 2211 2540 2283 οὐρανῶν,
2570 2209 2772 2281 μείζων
2800 2210 2972 2264 αὐτοῦ
2998 2213 3147 2265 ἐστιν
3168 2229 3182 2243 ·
3222 2232 3241 2264 ι
3277 2214 3405 2276 τούς
3446 2215 3742 2277 πλείστοις

2132 2304 2241 2356 τῶν
2278 2303 2386 2373 πρὸ
2413 2303 2593 2372 ἡμῶν,
2626 2303 3072 2374 ἀποφαινόμενον
3100 2306 3280 2357 εἰπεῖν
3306 2304 3397 2357 τὸν
3425 2307 3736 2375 Δεσπότην,

2133 2396 2231 2449 καὶ
2268 2395 2448 2465 ψῆφον
2475 2394 2684 2447 οἰκείαν
2713 2396 2926 2466 φέρειν,
2968 2395 3340 2466 ὑπειληφότας
3378 2396 3735 2467 ἐγνώκαμεν.

2133 2488 2355 2543 Τούτων
2380 2489 2460 2555 δὲ,
2493 2490 2541 2541 οῖ
2579 2488 2678 2558 μὲν
2714 2488 3080 2551 συνάπτοντες
3109 2489 3194 2553 τὸ,
3226 2492 3606 2558 μικρότερος,
3640 2494 3739 2543 καὶ

2133 2582 2226 2647 τὸ,
2274 2581 2344 2634 ἐν
2372 2579 2445 2649 τῇ
2467 2581 2767 2647 ,βασιλείᾳ
2816 2579 2937 2634 τῶν
2985 2582 3278 2650 οὐρανῶν,
3318 2584 3408 2653 ὐφ’
3449 2583 3509 2636 ἓν
3538 2586 3738 2652 ἀναγι-

2134 2676 2408 2729 νώσκουσι
2432 2690 2448 2704 ·
2497 2674 2592 2725 καὶ
2620 2672 2713 2725 τὸν
2749 2673 2809 2725 ἐν
2859 2673 2998 2744 αὐτῇ
3028 2675 3138 2727 τῶν
3170 2675 3346 2728 ἄλλων
3378 2675 3736 2747 μικρότερον,

2135 2767 2232 2816 τοῦ
2280 2762 2526 2816 Ἰωάννου
2576 2761 2790 2816 τιθέασι
2846 2762 3103 2834 μείζονα·
3142 2763 3477 2826 ,ϐασιλειαν
3511 2762 3619 2832 μὲν
3648 2765 3740 2813 ὲν-

2136 2854 2335 2921 ταῦθαι,
2383 2854 2476 2908 τὸν
2527 2855 2669 2924 μετὰ
2712 2857 2813 2927 τὴν
2864 2854 3203 2926 Δεσποτικὴν
3244 2854 3547 2907 ἀνάστασιν
3580 2867 3605 2894 ι
3646 2854 3739 2918 ἐξ·

2137 2948 2449 3011 ακούοντεςο
2471 2948 2594 3001 καθ’
2609 2947 2669 3000 ὃν
2698 2948 2938 3018 μάλιστα
2958 2947 3038 3019 τῷ
3054 2948 3295 3017 σταυρῷ,
3319 2946 3509 3017 καὶτῷ
3535 2946 3740 3019 βαπτί-

2140 3060 2329 3114 σματι,
2357 3044 2456 3098 καὶ
2494 3043 2574 3115 τῷ
2598 3044 2901 3115 Πνεύματι,
2930 3043 3233 3097 ἐτελειοῦτο
3264 3044 3361 3096 καὶ
3397 3042 3741 3113 ἐκρατύνετο

2137 3138 2210 3191 τὰ
2236 3138 2336 3209 τῆς
2373 3138 2610 3200 πίστεως
2630 3154 2644 3168 ο
2681 3136 3037 3205 μικρότερον
3063 3135 3143 3200 δὲ,
3182 3134 3293 3188 τῶν
3323 3135 3383 3186 ὲν
3410 3136 3555 3205 αὐτῇ
3574 3135 3739 3187 ¹πτολι-

2138 3233 2472 3302 τευομένων,
2505 3231 2597 3284 τὸν
2624 3230 2927 3285 ἐλάσσονα*
2972 3229 3029 3293 ὃς
3058 3233 3107 3284 εί
3141 3232 3236 3282 καὶ
3268 3229 3377 3282 τῶν
3407 3229 3588 3282 ἄλλων
3621 3228 3742 3299 ἔχει

456 3341 874 3394 conversantur;
922 3329 1016 3399 qui
1068 3336 1347 3396 utcunque
1422 3339 1586 3394 quam
1637 3323 1819 3378 caeteri
1854 3322 2037 3376 minus

2140 3324 2203 3377 τὸ
2229 3324 2470 3390 ἔλαττον,
2506 3323 2622 3376 ἀλλ’
2650 3320 2743 3377 οῦν
2768 3324 2863 3377 τοῦ
2903 3324 3152 3377 Ἰωάννου
3191 3323 3252 3376 τὸ
3293 3326 3482 3394 μεῖζον
3524 3326 3742 3393 ἀποφέ-

457 3421 721 3493 possidet,
772 3419 946 3488 magis
977 3428 1158 3472 tamen
1187 3413 1400 3471 Joanne
1448 3414 1825 3484 consequitur.
1885 3414 2036 3469 Prae-

456 3530 654 3570 cursor
685 3513 853 3575 enim,
889 3512 1064 3575 aiunt,
1116 3509 1220 3565 sub
1266 3507 1403 3577 legis
1428 3506 1611 3561 adhuc
1633 3505 1925 3576 disciplina
1963 3506 2040 3559 vi-

462 3624 616 3671 vens,
645 3608 787 3661 inter
817 3614 967 3658 natos
1007 3611 1263 3657 censetur
1292 3600 1360 3655 de
1390 3599 1725 3662 mulieribus,
1766 3609 1819 3652 et
1848 3606 2036 3652 contra

458 3700 585 3754 illos
618 3712 811 3752 omnes
844 3694 1211 3766 principatum
1257 3690 1465 3746 retulit.
1515 3691 1585 3745 At
1619 3688 1713 3759 qui
1737 3688 1840 3743 sub
1862 3688 2039 3757 gratia

459 3791 616 3855 vivit,
648 3791 795 3845 inter
820 3798 974 3842 natos
1005 3794 1090 3842 est
1119 3785 1187 3840 de
1218 3781 1447 3853 Spiritu.
1475 3790 1528 3836 et
1551 3781 1619 3836 de
1643 3794 1867 3836 sursum
1893 3794 2041 3849 rege-

462 3894 718 3948 neratos;
773 3900 793 3933 ι
827 3880 984 3936 Dedit
1037 3879 1183 3933 enim
1238 3877 1372 3947 ipsis
1418 3881 1744 3945 potestatem
1769 3870 1914 3926 ﬁlios
1945 3870 2038 3925 Dei

461 3990 605 4039 esse,
640 3974 731 4043 qui
755 3973 807 4027 in
830 3986 1029 4025 nomen
1056 3970 1228 4040 ipsius
1259 3969 1511 4029 credunt,
1545 3966 1639 4035 qui
1671 3980 1779 4018 non
1802 3977 1870 4018 ex
1910 3978 2041 4018 san-

463 4067 747 4138 guinibus,
798 4078 898 4117 nec
932 4063 999 4116 de
1033 4062 1311 4115 voluntate
1328 4058 1533 4120 carnis,
1568 4056 1663 4111 sed
1692 4070 1759 4111 ex
1790 4054 1904 4111 Deo
1926 4056 2039 4111 nati

464 4169 595 4217 sunt
614 4160 706 4212 ⁷⁸⁸.
739 4159 957 4226 iﬁAtque
989 4155 1139 4209 nullo
1168 4153 1400 4207 istorum
1425 4150 1700 4220 inquiunt,
1727 4148 2042 4204 Prazcursor

398 4260 401 4264 '
465 4254 641 4324 major
663 4264 767 4315 est,
802 4250 1047 4320 quinimo
1088 4246 1170 4300 vel
1210 4244 1438 4299 minimo
1471 4257 1664 4299 eorum
1684 4241 2039 4312 indigentior.

462 4348 645 4417 Atque
700 4346 960 4401 hactenus
1007 4341 1101 4396 illi.
1144 4340 1272 4403 Alii,
1312 4336 1633 4408 Baptistam,
1672 4335 1902 4407 opinor,
1941 4350 2044 4390 nec

464 4440 762 4504 immerito,
793 4435 1033 4502 reveriti,
1067 4450 1135 4489 ne
1175 4434 1337 4488 talem
1366 4440 1691 4500 tantumque
1712 4429 1888 4483 virum
1915 4444 2040 4484 cum

464 4536 616 4592 nullo
644 4549 833 4590 eorum
864 4531 958 4601 qui
990 4546 1084 4601 per
1107 4528 1340 4600 gratiam
1365 4533 1840 4591 consumumntur,
1876 4523 2045 4592 aequi-

463 4629 765 4700 parandum
832 4632 1097 4689 statuant,
1144 4621 1240 4676 sed
1276 4618 1360 4674 vel
1390 4617 1823 4694 minimo_magis
1841 4617 2036 4673 vilem:

464 4723 522 4779 in
561 4722 753 4794 primis
784 4718 935 4783 illud,
978 4735 997 4767 ι
1029 4715 1078 4771 ls
1101 4714 1197 4785 qui
1225 4712 1485 4767 minimus
1515 4720 1621 4777 cst,
1647 4728 1666 4762 ι
1700 4724 1796 4780 per
1822 4710 2038 4779 disjun-

465 4816 701 4871 ctionem
750 4829 779 4867 a
825 4808 1211 4882 sequentibus,
1277 4805 1420 4875 «qui
1466 4806 1519 4858 in
1560 4818 1731 4872 regno
1774 4804 2041 4857 cmlorum

466 4919 577 4976 est,
609 4928 628 4961 ι
671 4909 857 4978 legunt
907 4921 923 4960 :
985 4902 1248 4968 secundo,
1286 4919 1305 4953 ι
1340 4915 1435 4971 per
1465 4913 1693 4969 regnum
1724 4897 1990 4953 cmlorum
2016 4916 2035 4950 ι

466 5000 777 5071 expeditius
796 4996 1094 5053 secundum
1118 4993 1334 5048 Domini
1352 4991 1644 5046 adventum
1667 4991 1922 5061 capiunt;
1950 4991 2047 5043 mi-

469 5091 673 5143 nimum
689 5086 792 5140 dici
813 5084 1003 5138 volunt
1020 5083 1196 5153 ipsum
1224 5081 1507 5136 Dominum
1529 5078 1715 5137 Jesum
1742 5080 2042 5144 Christum,

467 5182 560 5254 qui
580 5190 855 5248 utcunque
871 5178 925 5233 in
951 5177 1112 5248 primi
1131 5175 1212 5230 sui
1236 5176 1500 5231 adventus
1532 5184 1798 5246 tempore,
1822 5177 1889 5230 de
1913 5175 2051 5229 mul-

467 5283 649 5328 torum
689 5271 951 5341 opinione
997 5285 1109 5324 non
1159 5278 1278 5324 erat
1301 5269 1475 5339 major
1513 5284 1677 5339 quam
1706 5269 2050 5336 Praecursor;

470 5377 600 5421 tunc
631 5376 813 5418 tamen
846 5364 1107 5433 temporis
1126 5362 1195 5417 ab
1221 5362 1497 5424 omnibus,
1534 5363 1695 5417 etiam
1728 5376 1835 5415 non
1870 5360 2058 5415 volen-

473 5460 617 5515 tibus
640 5474 764 5513 eum
808 5457 938 5511 olim
973 5471 1267 5528 agnoscere
1289 5465 1342 5509 et
1375 5453 1639 5524 proﬁteri,
1673 5469 1798 5508 curn
1832 5454 2059 5507 horren-

485 5663 491 5669 ἢ
539 5581 585 5613 ⁷ο
616 5580 749 5635 Luc.
777 5596 872 5645 vn,
899 5578 1004 5648 28;
1035 5577 1228 5633 Matth.
1262 5594 1341 5643 xl,
1375 5577 1463 5631 il.

2145 3438 2321 3492 ρεται.
2355 3422 2467 3475 Καὶ
2495 3423 2606 3492 γὰρ
2633 3423 2662 3475 ὁ
2689 3421 2787 3492 μὲν
2814 3421 3133 3492 Πρόδρομος
3157 3422 3264 3489 ἔτι,
3303 3425 3491 3491 φασιν,
3520 3422 3631 3474 ὑπὸ
3656 3422 3742 3494 τῷ

2138 3513 2292 3583 νόμῳ
2318 3513 2756 3584 πολιτευόμενος,
2802 3514 2860 3565 ἐν
2894 3512 3203 3582 γεννητοῖς
3248 3516 3366 3566 ἐστι
3404 3511 3739 3582 γυναικῶν,

2140 3606 2265 3660 καθ’
2293 3598 2368 3660 ὧν
2392 3606 2666 3671 ἁπάντων,
2693 3608 2787 3660 καῖ
2816 3605 2883 3661 τὰ
2907 3606 3176 3676 πρεσϐεῖα
3201 3605 3473 3675 ἠνέγκατο
3490 3621 3505 3635 ο
3536 3607 3565 3657 ὁ
3596 3606 3655 3658 δε
3680 3607 3741 3657 ἐν

2140 3699 2207 3769 τῇ
2240 3698 2445 3769 χάριτι,
2490 3700 2583 3751 καὶ
2612 3700 2671 3751 ἐν
2706 3698 3018 3769 γεννητοῖς
3065 3700 3184 3751 ἐστι
3242 3698 3589 3767 Πνεύματος,
3642 3700 3741 3753 καὶ

2141 3791 2649 3861 ἁναγεγεννημένος
2708 3791 2938 3847 ἄνωθεν.
3009 3810 3029 3845 ι
3099 3792 3308 3845 Ἔδωκε
3367 3793 3477 3860 γὰρ
3547 3791 3741 3855 autat;

2145 3883 2395 3950 ἐξουσίαν
2424 3884 2589 3937 τέκνα
2631 3885 2767 3938 Θεοῦ
2802 3884 3081 3953 γενέσθαι,
3112 3887 3226 3948 τοῖς
3265 3883 3623 3937 πιστεύουσιν
3656 3885 3741 3946 είς

2141 3978 2205 4031 τὸ
2247 3977 2420 4048 ὄνομα
2449 3976 2639 4042 αὐτοῦ,
2682 3978 2733 4031 οἳ
2762 3980 2862 4032 οὐκ
2896 3976 2955 4043 ἐξ
2983 3979 3253 4048 αἱμάτων,
3294 3975 3419 4029 οὐδὲ
3448 3978 3517 4030 ἐκ
3564 3976 3736 4047 θελήο

2148 4084 2320 4138 ματος
2372 4068 2596 4138 σαρκὸς,
2645 4069 2765 4121 οὐδὲ
2815 4072 2881 4121 ἐκ
2910 4068 3214 4139 θελήματος
3248 4068 3479 4139 ἀνδρὸς,
3512 4067 3635 4121 ἀλλ’
3672 4072 3740 4121 ἐκ

2145 4163 2283 4217 Θεοῦ
2338 4164 2712 4234 ἐγεννήθησαν
2732 4179 2747 4192 ·
2787 4182 2806 4217 ι
2836 4157 2913 4217 ὧν
2941 4165 2970 4216 ὁ
3000 4162 3315 4234 Πρόδρομος
3355 4162 3593 4226 οὐδενὸς,
3629 4181 3739 4232 φα-

2148 4260 2262 4322 σὶν,
2311 4260 2410 4329 οὐχ
2457 4260 2540 4312 ὅτι
2599 4258 2821 4331 μείζων,
2865 4260 3004 4314 ἀλλὰ
3062 4260 3290 4314 καὶτοῦ
3344 4262 3735 4331 μικροτέρουι

2146 4350 2509 4422 ἐνδεέστερος.
2553 4349 2695 4406 Ἀλλ’
2740 4353 2788 4404 οῖ
2827 4352 2927 4421 μὲν
2953 4349 3146 4414 οὕτως.
3189 4354 3251 4406 Οἱ
3285 4352 3345 4405 δὲ
3382 4352 3477 4405 τὸν
3521 4352 3732 4405 Βαπτι-

2149 4443 2305 4514 στὴν,
2356 4439 2535 4514 οῐμαι,
2585 4447 2680 4497 καὶ
2728 4442 2955 4506 δικαίως
2986 4442 3423 4513 δυσωπούμειοι,
3464 4444 3519 4497 εί
3564 4443 3733 4513 τηλις

2145 4533 2338 4589 κοῦτον
2360 4535 2512 4600 ὅντα,
2546 4534 2774 4605 μηδενὸς
2793 4534 2903 4587 τῶν
2930 4535 2988 4587 ἐν
3009 4536 3077 4605 τῇ
3106 4518 3299 4604 χάριτι
3324 4533 3734 4588 τελειωθέντων

2150 4626 2495 4691 ἰσοστάσιον,
2548 4623 2686 4678 ἀλλὰ
2734 4624 2829 4677 καῖΙ
2872 4621 2968 4676 τοῦ
3002 4622 3356 4692 μικροτέρου
3418 4622 3731 4692 ποιήσωσιν

2142 4718 2560 4789 εὐτελέστερον
2592 4716 2812 4788 πρῶτον
2839 4715 2937 4786 μὲν
2965 4715 3047 4778 τὸ,
3087 4732 3105 4765 ι
3149 4716 3178 4768 ὁ
3216 4714 3273 4767 δέ
3310 4715 3666 4785 μικρότερος,
3706 4731 3729 4768 ι

2140 4812 2283 4865 κατὰ
2310 4811 2596 4880 διαστολὴν
2615 4808 2730 4873 τοῦ,
2768 4827 2789 4862 ι
2815 4811 2874 4863 ἐν
2898 4812 2967 4880 τῇ
2991 4806 3243 4879 βασιλείᾳ
3260 4808 3370 4860 τῶν
3397 4806 3673 4876 οὐρανῶν,
3706 4826 3727 4859 ι

2140 4900 2633 4970 ἀναγινώσκουσιν.
2694 4899 2948 4966 Ἔπειτα,
2990 4918 3009 4950 ι
3061 4896 3341 4968 βασιλείαν
3377 4896 3659 4966 οὐρανῶν,
3707 4914 3729 4951 ι

2143 4992 2489 5064 ἑτοιμότερον
2514 4992 2614 5063 τὴν
2640 4992 2980 5062 Δεσποτικὴν
3013 4991 3110 5044 καὶ
3135 4989 3394 5060 δευτέραν
3417 4989 3734 5059 παρουσίαν

2142 5084 2465 5151 ἐξακούουσι
2486 5101 2498 5115 ·
2522 5087 2876 5155 μικρότερον
2906 5085 2984 5148 δὲ,
3021 5084 3182 5137 αὐτὸν
3212 5085 3303 5138 τὸν
3333 5085 3538 5154 Κύριον
3567 5082 3735 5152 ήμῶν

2160 5179 2365 5251 Ἰησοῦν
2397 5180 2635 5250 Χριστόν
2654 5197 2668 5212 ·
2701 5180 2782 5244 ὃς,
2816 5181 2865 5233 εί
2895 5180 2990 5234 καὶ
3023 5178 3098 5251 μὴ
3127 5180 3268 5232 κατὰ
3290 5180 3380 5232 τὸν
3410 5179 3605 5247 καιρὸν
3630 5177 3735 5247 τῆς

2150 5272 2375 5345 πρώτης
2423 5272 2590 5327 αὐτοῦ
2626 5274 2962 5345 παρουσίας,
3013 5273 3215 5345 μείζων
3267 5271 3360 5325 τοῦ
3410 5270 3735 5342 Προδρόμου

2151 5369 2265 5428 τοῖς
2339 5366 2556 5430 πολλοῖς
2608 5364 2894 5436 ἐνομίζετο
2917 5382 2931 5397 ο
2984 5365 3100 5420 ἀλλ’
3148 5361 3241 5418 οὖν
3273 5363 3533 5434 τηνικάδε
3573 5364 3734 5425 πᾶσι,

2154 5458 2251 5511 καὶ
2296 5461 2410 5522 τοῖς
2466 5458 2542 5531 μὴ
2595 5456 2932 5529 βουληθεῖσιν
2984 5455 3280 5528 ἐπιγνῶναι
3335 5454 3540 5520 πάλαι,
3596 5453 3739 5523 μετὰ

1573 5578 1641 5608 ’θ’
1670 5575 1828 5630 Joan.
1862 5590 1901 5639 ι,
1936 5575 2024 5639 12,
2062 5575 2149 5629 15.

1738 5670 1975 5731 ἾΔΒΙΛΞ
2014 5666 2317 5725 ’ΜΞΟΤΙΟΝ
2328 5666 2434 5721 ES.

578 5777 627 5813 "
653 5772 737 5828 vel
763 5770 1166 5841 συμφρονῆσαι.
1282 5779 1306 5807 ³
1340 5770 1462 5828 add.
1506 5771 1714 5841 καιρόν.

1825 5777 1852 5817 7
1885 5767 2008 5823 add.
2038 5767 2137 5819 ἔτι.
