3902 6212
218 266 351 334 1001

1144 236 1251 328 An
1280 258 1875 326 AMPHILOCHIUM
1913 262 2261 336 QUIESTIO
2295 216 2579 328 ccxxii.

3355 273 3495 340 1002

210 381 456 457 φόδερᾶς
500 380 596 437 καὶ
639 379 945 451 φρικώδους
985 380 1467 452 ἐπιγνωσθήσεται
1517 379 1617 449 τῆς
1653 376 1799 449 είδὴ-

1907 377 1980 433 do
2009 386 2065 436 et
2098 379 2348 436 horribili
2380 391 2603 447 aspectu
2632 382 2993 453 agnosce’tnr,
3026 385 3192 457 judex
3231 389 3488 446 nimirum

210 490 378 537 σεως,
422 471 617 541 κριτὴς
651 473 870 527 πάντων
908 471 1005 525 καὶ
1035 469 1291 541 βασιλεὺς
1329 472 1799 541 παραγενόμενος.

226 565 393 620 Ἀλλά
417 565 514 620 καὶ
561 557 732 628 οὗτοι,
762 568 1119 635 μικρότερον
1164 563 1421 634 είρῆσθαι
1460 563 1551 617 τὸν
1596 561 1803 633 Κύριον

208 659 375 729 ἡμῶν
407 656 618 729 Ἰησοῦν
644 657 908 730 Χριστὸν,
942 658 1005 711 οὑ
1042 657 1185 713 κατά
1217 657 1346 728 μίαν
1374 657 1470 711 καὶ
1496 656 1596 727 τὴν
1628 656 1803 723 αὑτὴν

208 749 588 821 παρεδέξαντο
636 750 850 803 ἔννοιαν
875 766 890 781 ·
934 749 1052 804 ἀλλ’
1107 751 1157 804 οἱ
1216 750 1316 821 μὲν
1350 750 1430 819 τῷ
1476 750 1655 821 χρόνῳ
1701 750 1804 820 τῆς

208 844 358 898 κατά
382 844 562 914 σάρκα
590 845 902 913 γεννήσεως
952 842 1116 915 (μησλ⁵
1137 843 1248 912 γὰρ
1277 844 1422 907 ὅλοις
1445 842 1508 918 ἒξ.
1534 846 1562 897 ὁ
1596 846 1803 897 Δεσπο-

206 937 365 1000 τικὸς
396 937 555 1000 τόκος
607 936 702 990 τοῦ
750 936 1070 1006 Προδρόμου
1109 935 1457 1005 ὑπελείπετο)
1482 953 1499 970 ·
1524 937 1575 989 οἱ
1615 936 1694 1001 δὲ,
1724 934 1803 1007 τῷ

212 1028 387 1099 μήκει
423 1028 524 1100 τῆς
566 1028 779 1099 ἡλικίας
807 1043 825 1060 ⁸
868 1028 1164 1099 ὑπερέχειν
1194 1028 1305 1100 γὰρ
1339 1029 1436 1082 τοῦ
1488 1030 1762 1083 Δεσπότου
1783 1068 1801 1095 ,

204 1121 311 1173 »καὶ
338 1122 404 1191 τῇ
429 1120 523 1173 τοῦ
554 1120 809 1190 σώματος
833 1121 1137 1193 ἀναδρομῇ,
1171 1122 1263 1174 τὸν
1287 1122 1605 1192 Βαπτιστὴν
1626 1138 1806 1192 παρα-

206 1208 421 1265 δέδοται
444 1228 460 1243 ο
483 1212 632 1267 ἄλλοι
660 1214 717 1266 δὲ
774 1213 836 1267 τὸ
856 1215 1210 1283 μικρότερος
1254 1216 1511 1286 εἰρῆσθαι
1537 1215 1675 1286 πρὸς
1697 1215 1799 1287 τὴν

207 1303 324 1357 τῶν
356 1304 571 1358 πολλῶν
608 1306 878 1377 ὑπόληψιν
911 1308 1269 1379 ἐξειλήφασιν
1293 1324 1307 1338 ⁸
1353 1310 1660 1379 ὑπείληπτο
1692 1311 1803 1381 γὰρ

214 1395 423 1465 μείζων
493 1398 523 1449 ό
577 1397 855 1468 Ἰωάννης,
892 1398 990 1452 ἆτε
1020 1399 1085 1471 δὴ
1118 1399 1239 1470 Θεῷ
1275 1402 1341 1454 ὲκ
1381 1399 1618 1471 βρέφους
1653 1401 1801 1454 ἀνειο

214 1486 405 1552 μένος,
448 1485 546 1539 καὶ
577 1485 691 1557 βίον
721 1487 957 1542 ἄσκευον
983 1498 1005 1526 ι
1037 1490 1103 1543 ἐκ
1133 1493 1469 1561 σπαργάνων
1500 1492 1682 1546 αὐτῶν
1708 1493 1804 1547 καὶ

208 1573 485 1644 ἐρημικδν
524 1575 975 1649 ἐπανῃρημένοςο
1029 1579 1125 1633 καὶ
1154 1579 1288 1633 διότι
1336 1581 1428 1634 τὸν
1475 1580 1804 1652 βαπτίζοντα

208 1665 308 1719 τοῦ
365 1666 788 1739 βαπτιζομένου,
850 1670 879 1722 ό
932 1669 1226 1742 πρόχειρος
1275 1670 1585 1742 λόγισμοςι
1624 1672 1800 1726 ἐθέλει

1909 470 1966 526 in
2010 475 2248 528 adventu
2300 474 2395 528 illo
2442 484 2497 529 et
2542 493 2634 532 rex
2682 493 2954 548 apparens
3008 499 3024 537 :
3066 482 3162 537 sed
3190 491 3369 538 tamen
3399 485 3490 540 istt

1907 561 2199 621 Dominum
2230 575 2482 622 nostrum
2516 566 2705 625 Jesum
2728 570 3037 637 Christum,
3066 572 3344 627 minimum
3378 576 3485 629 dici

1907 658 2266 723 arbitrantur,
2326 676 2434 715 non
2490 663 2792 718 secundum
2844 678 3011 718 unam
3046 673 3101 721 et
3120 668 3368 721 eamdem
3404 669 3489 721 it.-

1905 751 2279 822 telligentiam.
2334 754 2567 822 Quidam
2620 756 2866 814 referunt
2905 760 2973 816 ad
3005 768 3222 830 tempus
3272 763 3486 816 nativi-

1909 843 2039 901 tatis
2066 845 2121 900 in
2140 860 2341 913 carne;
2373 865 2496 904 nam
2530 866 2625 920 per
2651 865 2747 907 se:
2778 860 2920 909 totos
2941 868 3183 920 menses,
3226 856 3483 910 nativitas

1906 935 2296 1005 Praecursoris,
2330 943 2564 1009 Domini,
2610 947 3006 1002 antevertebat.
3048 947 3153 1002 Alii
3200 949 3266 1003 ad
3310 948 3490 1002 aetatis

1906 1027 2283 1083 extensionem
2327 1041 2383 1083 et
2429 1032 2551 1087 vita:
2599 1048 2913 1088 mensuram
2967 1053 2981 1089 ε
3034 1036 3302 1090 traditum
3340 1038 3487 1090 enim

1905 1127 2023 1186 est,
2091 1120 2488 1179 Prazcursorem
2582 1124 2869 1181 Dominum
2934 1129 3241 1183 excessisse
3321 1143 3487 1183 cursu

1906 1216 2178 1285 corporali
2223 1233 2345 1272 suo.
2403 1218 2505 1273 Alii
2551 1219 2683 1274 illud
2722 1220 2976 1273 minimus
3010 1222 3311 1276 secundum
3344 1222 3490 1276 mul—

1908 1315 2090 1362 torum
2143 1309 2459 1378 opinionem
2508 1311 2715 1365 dictum
2778 1310 3152 1376 arbitrantur;
3210 1310 3490 1367 ferebatur

1907 1400 2055 1455 enim
2088 1400 2266 1471 major
2292 1400 2549 1465 Joannes,
2605 1410 2794 1472 utpote
2829 1401 2941 1459 Deo
2983 1403 3053 1458 ab
3081 1402 3313 1458 infantia
3349 1418 3487 1458 con-
3562 1440 3565 1442 -

1906 1500 2174 1555 secratus,
2196 1491 2402 1562 quique
2438 1492 2604 1547 vitam
2641 1494 2933 1549 asceticam
2967 1502 3022 1549 et
3047 1494 3395 1549 eremicolam
3421 1495 3489 1549 ab

1908 1587 2042 1657 ipsis
2066 1589 2378 1659 crepundiis
2423 1590 2736 1644 sectabatur
2799 1608 2813 1644 :
2874 1597 2988 1643 tum
3025 1588 3170 1658 quod
3206 1587 3485 1642 communi

1908 1690 1961 1736 et
1989 1682 2117 1737 trito
2160 1697 2436 1745 sermone,
2490 1683 2537 1737 is
2581 1684 2673 1753 qui
2727 1683 2971 1753 baptizat
3026 1682 3203 1753 major
3257 1681 3489 1737 habetur

210 1737 661 1831 σεϐασμιὼτερον
687 1746 840 1815 ’ἀλλ’
884 1737 1192 1834 οὑτοι-μέν,
1233 1737 1462 1818 κᾶν-ἐπὶ
1497 1765 1791 1837 διαφόρους

1907 1772 2184 1841 baptizato
2210 1781 2265 1828 et
2306 1737 2691 1829 venerabilior.
2752 1737 3007 1829 Attamen
3052 1773 3163 1838 isti,
3207 1766 3490 1841 utcunque

209 1855 413 1922 αίτίας,
444 1857 771 1929 μικρότερον
795 1857 890 1912 τοῦ
923 1858 1243 1930 Προδρόμου
1269 1859 1360 1912 τὸν
1376 1857 1792 1930 κηρυσσόμενω

205 1949 327 2011 τοῖς
381 1947 597 2013 πολλοῖς
646 1950 974 2021 νομισθῆναι
1027 1949 1449 2019 συγκατέθεντο,
1484 1948 1629 2020 πλὴν
1676 1948 1792 2003 ἀλλ’

207 2039 511 2110 ὁμοφώνως
539 2042 923 2114 ἀναρρηθῆναι
964 2041 1188 2114 μείζονα
1212 2042 1309 2096 τοῦ
1340 2041 1534 2097 δούλου
1565 2040 1657 2094 τδν
1693 2043 1793 2093 Δε-

206 2132 457 2205 σπότην,
517 2136 660 2189 κατὰ
694 2136 796 2206 τὴν
845 2137 1100 2207 οὐράνιον
1151 2135 1372 2206 ἐκείνην
1414 2136 1511 2190 καὶ
1557 2133 1794 2204 φρικτὴν

210 2224 527 2295 βασιλείαν,
586 2228 957 2300 ἀπεφήναντο.
1022 2227 1162 2297 Ἐγὼ
1206 2228 1266 2282 δὲ
1318 2226 1531 2291 τούτοις
1582 2228 1795 2298 διαιτᾷν

205 2318 448 2387 ἐμαυτὸν
494 2318 733 2385 ἐξιστὰς,
766 2320 863 2374 καὶ
895 2322 990 2373 τὸν
1018 2320 1242 2390 ἄμεινον
1276 2320 1502 2374 εἰπόντα
1538 2318 1796 2390 φυλοκρι-

204 2411 323 2461 νεῖν
363 2410 392 2450 b
431 2410 495 2463 οὑ
546 2410 785 2481 νομίζων
837 2411 1009 2481 ἐμόν’
1065 2412 1176 2466 οὐδ’
1224 2410 1302 2475 ὡς
1362 2411 1675 2466 ἀντείποιεν
1743 2412 1794 2465 οί

204 2501 603 2572 ἐπικληθέντες
653 2502 751 2557 τοῦ
808 2503 1119 2558 Βαπτιστοῦ
1182 2503 1387 2572 πολλὴν
1442 2501 1796 2573 καταγνῶναι

198 2600 602 2669 ταπεινότητα,
647 2600 842 2672 ὅτιπερ
874 2600 997 2654 οὐδὲ
1035 2602 1150 2664 τοῖς
1202 2598 1617 2671 αἱτιασαμένοις
1667 2600 1796 2669 ὑμῖν

209 2696 358 2768 μέγα
384 2712 437 2748 τι
465 2695 827 2767 διανενόηται,
857 2695 1083 2767 μείζονα
1120 2694 1216 2749 τοῦ
1247 2693 1435 2748 δούλου
1456 2694 1547 2747 τὸν
1576 2693 1797 2746 Δεσπό-

202 2804 313 2858 την
342 2786 679 2858 ἀποφήνασι.
714 2787 898 2859 (Ποῖον
946 2786 1056 2856 γὰρ
1104 2786 1264 2850 κλέος
1292 2786 1574 2859 Δεσπότην
1602 2785 1795 2840 δούλου

209 2878 439 2949 μείζονα
484 2876 810 2948 φαίνεσθαι·
866 2878 963 2931 καὶ
1000 2877 1122 2931 τότε
1180 2877 1327 2931 κατὰ
1371 2878 1471 2947 τὴν
1513 2877 1796 2948 ἄφραστον

204 2971 429 3043 ἐκείνην
469 2971 564 3025 καὶ
592 2969 826 3043 φρικτὴν
852 2970 1160 3042 παρουσίαν
1181 2970 1222 3041 ;)
1257 2970 1427 3026 Οὐδὲν
1456 2966 1548 3024 οὖν
1588 2969 1797 3024 τούτων

208 3064 424 3135 λέγειν,
475 3063 610 3136 ἐμὸν
654 3060 794 3118 εῖναι
841 3062 1160 3131 δικαιώσας,
1210 3062 1347 3117 ἀλλά
1391 3064 1485 3117 καὶ
1529 3063 1657 3127 τοὺς
1700 3063 1799 3119 ἄν·
1823 3105 1868 3166 C

206 3160 347 3232 δρας
386 3160 667 3233 ἀρχιερεῖς
714 3160 876 3222 ὑντας
913 3160 1173 3231 μάλιστα,
1225 3159 1321 3213 καὶ
1355 3159 1476 3229 Θεῷ
1528 3158 1798 3230 θεράπον-

203 3272 332 3320 τας,
389 3254 657 3326 στέργων,
692 3255 790 3307 καὶ
822 3255 985 3325 χάριν
1030 3252 1277 3324 μεγάλην
1312 3252 1456 3326 ὑπὲρ
1495 3244 1571 3306 ὧν
1621 3249 1796 3318 εἶπον,

209 3346 497 3418 ὁμολογῶν
550 3346 635 3419 (οὑ
672 3344 781 3417 γὰρ
806 3346 908 3399 ὅσα
938 3347 1058 3408 ταῖς
1084 3345 1289 3416 ἐτέρων
1316 3343 1580 3408 διανοίαις
1608 3343 1801 3397 ἐνστα-

214 3455 306 3492 σιν
333 3439 499 3506 ποιεῖ,
528 3436 704 3491 ταῦτα
729 3436 824 3489 καὶ
844 3440 958 3501 τοῖς
979 3436 1218 3508 ὲξαρχῆς
1237 3434 1452 3489 είποῦσι
1475 3435 1650 3506 λαϐήν
1678 3452 1801 3489 τινα

206 3530 501 3603 προξενεῖ*
541 3528 829 3600 ἀγαπητὸν
880 3529 980 3599 μὲν
1027 3529 1081 3582 εἴ
1109 3545 1195 3593 τις
1237 3528 1543 3600 ἀρχόμενος
1586 3527 1802 3599 ὑψηλῆς

204 3641 358 3688 τινος
390 3622 649 3693 θεωρίας,
678 3621 773 3676 ἐπὶ
800 3622 968 3676 ποσόν
1002 3639 1058 3675 τι
1095 3621 1199 3691 τῆς
1236 3621 1500 3693 ἀληθείας
1519 3621 1796 3690 ἐφίκοιτοο

203 3717 260 3770 ot
292 3714 352 3769 δέ
386 3731 450 3784 γε
481 3714 687 3769 κλεινοὶ
713 3714 824 3769 τῶν
853 3714 1116 3786 ιῖατέρων
1149 3713 1330 3786 ἡμῶν,
1362 3713 1456 3766 ἐπί
1482 3731 1546 3783 γε
1574 3712 1637 3766 τὸ
1651 3712 1802 3765 πλεῖ-

208 3826 362 3876 στον,
415 3809 512 3863 καὶ
563 3811 645 3874 είς
701 3809 993 3881 ἀκρίϐειαν
1041 3808 1143 3880 τὴν
1176 3810 1285 3863 τῶν
1325 3807 1490 3861 θείων
1529 3806 1800 3879 χρησμῶν

206 3901 450 3957 διάνοιαν
501 3900 921 3972 ἀπεκάλυψαν),
966 3899 1110 3973 πλήν
1150 3918 1215 3970 γε
1249 3900 1315 3973 δὴ
1339 3901 1466 3964 τοὺς
1496 3901 1696 3972 ἄνδρας
1741 3898 1801 3953 ἐν

206 3996 327 4059 τοῖς
374 3994 609 4066 μάλιστα
642 3996 818 4066 τιμῶν
847 3996 943 4049 καὶ
986 3992 1308 4066 θαυμάζων,
1354 3994 1464 4047 οὐδ’
1504 3994 1643 4066 ὅπερ
1674 3993 1800 4064 ἐμοὶ

206 4084 486 4157 παρέστη,
522 4086 841 4157 σιγήσομαι.
888 4085 1033 4157 Ὀρῶ
1062 4084 1355 4155 τοιγαροῦν
1391 4084 1629 4139 ἐνταῦθα
1669 4103 1798 4139 σκο-

207 4174 313 4228 πδν
333 4174 412 4245 τῷ
445 4174 710 4247 Δεσπότῃ,
745 4175 844 4246 οὑχ
890 4176 1088 4230 ἑαυτοῦ
1116 4174 1209 4229 τὸν
1240 4176 1553 4246 Βαπτιστὴν
1595 4176 1799 4229 ὑποϐε-

206 4265 422 4338 ϐηκότα
444 4267 639 4335 δεῖξαι,
667 4267 776 4321 οὐδ’
800 4267 963 4322 ἄλλου
988 4267 1133 4331 τινὸς
1163 4271 1178 4335 ί
1189 4267 1265 4340 μὴ
1288 4269 1371 4322 ὅτι
1399 4285 1461 4337 γε
1490 4269 1585 4322 τοῦ
1614 4287 1801 4342 μικρο-

1899 1873 2121 1933 propter
2167 1865 2411 1920 diversas
2466 1882 2684 1933 causas,
2754 1880 2880 1921 eum
2923 1866 3016 1936 qui
3049 1864 3479 1935 praedicabatur,

1901 1955 2168 2010 minorem
2220 1955 2570 2012 Prmcursore
2616 1973 2646 2010 a
2703 1952 2892 2013 multis
2944 1958 3319 2013 existimatum
3356 1970 3491 2012 con'

1900 2048 2156 2114 sentiant,
2177 2047 2533 2103 nihilominus
2560 2048 2804 2102 unanimi
2833 2048 3236 2117 conspiratione
3267 2049 3485 2115 docent,

1902 2140 2193 2195 Dominum
2235 2157 2336 2196 suo
2374 2157 2536 2197 servo
2571 2143 2835 2211 majorem
2886 2141 3175 2210 praedicari
3229 2142 3281 2193 in
3318 2156 3485 2208 regno

1902 2232 1995 2288 illo
2017 2234 2251 2296 cmlesti,
2291 2244 2345 2288 et
2373 2235 2672 2289 adoranda.
2742 2233 2854 2301 Ego
2878 2249 2963 2288 me
2996 2233 3144 2287 hisce
3176 2232 3481 2286 concilian-

1902 2323 1986 2378 dis
2013 2339 2120 2378 non
2156 2325 2459 2387 immiscet),
2516 2340 2617 2379 nec
2659 2325 2792 2378 mihi
2824 2340 3023 2394 arrogo
3060 2314 3372 2378 facultatem
3399 2323 3483 2377 dio

1897 2413 2219 2484 judicandi,
2293 2417 2518 2485 quinam
2573 2434 2639 2471 ex
2695 2417 2803 2471 illis
2854 2418 3123 2486 potiorem
3180 2427 3486 2486 sequantur

1903 2508 2258 2573 sententiam;
2315 2524 2416 2563 nec
2470 2519 2663 2564 contra
2719 2510 3057 2565 contendent
3121 2509 3197 2562 illi
3228 2510 3486 2563 ob‘hanc

1903 2612 2151 2665 causam,
2203 2600 2299 2669 qui
2352 2600 2611 2655 dicuntur
2652 2613 2955 2656 extremam
2998 2602 3255 2672 Baptistae
3297 2601 3485 2655 humi-

1905 2692 2112 2745 litatem
2137 2692 2505 2762 exprobrare;
2566 2694 2659 2749 sed
2694 2710 2793 2749 nec
2826 2711 2924 2751 vos
2969 2696 3063 2764 qui
3096 2696 3313 2765 queruli
3367 2696 3487 2749 cnl-

1904 2782 2067 2851 patis,
2104 2782 2262 2853 quasi
2287 2799 2545 2854 magnum
2579 2787 2763 2841 nescio
2780 2788 2909 2856 quid
2935 2788 3270 2857 cogitaretur
3311 2787 3365 2841 in
3393 2804 3482 2851 eo,

1904 2876 2052 2944 quod
2102 2877 2280 2947 major
2335 2893 2456 2932 esse
2485 2893 2645 2933 servo
2680 2893 2779 2934 suo
2834 2880 3163 2950 praedicatur
3219 2880 3486 2935 Dominus

1906 2970 2198 3038 (quantum
2229 2969 2397 3035 enim,
2418 2986 2628 3041 qumso,
2657 2974 2878 3028 accedet
2910 2972 3116 3043 gloriae.
3144 2975 3188 3029 si
3221 2974 3485 3027 llomitms

1905 3074 2064 3114 servo
2100 3061 2277 3131 major
2303 3073 2583 3133 appareat,
2617 3066 2856 3119 maxime
2882 3081 2979 3135 per
3012 3065 3305 3119 adventum
3332 3064 3481 3117 illum

1902 3152 2233 3208 ineffabilem
2282 3165 2337 3210 et
2380 3156 2845 3229 formidabilem);
2879 3158 3014 3213 nihil
3053 3158 3218 3230 igitur
3252 3158 3482 3212 istorum

1901 3244 2171 3301 allirmare
2200 3261 2323 3301 cum
2351 3248 2416 3301 ad
2452 3264 2539 3303 me
2571 3259 2808 3304 statuam
2850 3251 3107 3312 attinere,
3150 3251 3246 3306 sed
3297 3259 3485 3305 aucto-

1901 3349 2012 3398 res,
2064 3349 2191 3389 cum
2241 3346 2428 3391 essent
2478 3339 2728 3395 homines
2762 3341 3081 3410 episcoliatu
3131 3341 3365 3411 praediti,
3400 3341 3485 3393 di-

1901 3426 2136 3483 lectione
2176 3445 2541 3501 prosequens,
2581 3441 2637 3487 et
2679 3435 2844 3487 simul
2879 3435 3012 3503 ipsis
3043 3436 3247 3504 gratias
3283 3436 3485 3490 multas

1902 3520 2103 3576 debere
2125 3536 2432 3591 agnoscens
2460 3540 2557 3593 pro
2576 3524 2799 3594 scriptis
2826 3527 2941 3580 suis
2977 3528 3101 3598 (nec
3130 3530 3275 3581 enim
3296 3528 3484 3581 eadem

1901 3628 2024 3684 quae
2078 3615 2407 3670 evidentiam
2457 3618 2687 3672 aliorum
2752 3619 2950 3675 animis
3012 3620 3355 3690 imprimunt,
3419 3622 3486 3676 iis

1901 3705 1995 3776 qui
2036 3707 2308 3777 principes
2368 3709 2460 3763 illa
2520 3711 2892 3780 praedicarant
2956 3713 3121 3767 verba
3186 3712 3486 3783 Scriptura:

1901 3814 2093 3855 ansam
2133 3802 2527 3872 exporrigunt;
2584 3814 2731 3859 certe
2759 3803 3067 3858 habendum
3096 3814 3179 3860 est
3209 3806 3263 3859 in
3294 3822 3485 3861 nume-

1902 3901 2043 3958 rato,
2101 3893 2147 3948 si
2181 3894 2307 3964 quis
2360 3912 2591 3953 exorsus
2647 3897 2936 3951 sublimem
2963 3898 3204 3968 aliquam
3239 3899 3488 3968 specula-

1903 3985 2110 4041 tionem
2147 3988 2529 4058 quadantenus
2560 3990 2905 4060 pregreditur
2932 3991 2985 4045 in
3030 3991 3486 4060 apprchendenda

1898 4078 2161 4134 veritate:
2193 4081 2440 4150 praeclari
2460 4092 2607 4137 certe
2630 4082 2817 4138 Patres
2841 4083 2914 4137 illi
2942 4086 3137 4148 nostri,
3159 4086 3483 4157 plerumque

1900 4186 2182 4227 sacrarum
2220 4172 2551 4228 Litterarum
2603 4176 2831 4229 intimos
2869 4193 3066 4232 sensus
3106 4179 3351 4233 exactius
3385 4194 3483 4233 ex-

1898 4266 2190 4335 pressere),
2212 4276 2392 4320 tamen
2416 4283 2541 4321 cutn
2561 4266 2681 4322 illos
2699 4284 2915 4323 summo
2937 4270 3143 4323 honore
3162 4285 3483 4340 prosequar,

205 4360 372 4431 τέρα)
420 4358 640 4413 πάντων
706 4358 1077 4430 ἀτιμότερον),
1121 4359 1257 4414 ἀλλὰ
1289 4361 1385 4413 καὶ
1416 4361 1526 4414 πᾶν
1574 4361 1799 4415 τοὺναν-

1903 4371 2011 4411 non
2041 4372 2142 4427 ego
2187 4358 2487 4412 subtacebo
2531 4360 2679 4428 quod
2720 4360 2849 4413 mihi
2877 4360 3052 4415 visum
3083 4371 3188 4417 est.
3221 4362 3483 4416 Animad-

206 4451 328 4504 τίον
373 4452 617 4516 ἐπαίνοις
646 4449 864 4517 δοξάσαι
890 4468 905 4483 ⁸
944 4453 1039 4507 καὶ
1068 4452 1176 4523 γὰρ
1207 4452 1318 4507 τῶν
1352 4455 1791 4525 προειρημένων,

1903 4460 2052 4504 verto
2080 4451 2225 4504 enim
2260 4454 2364 4508 hoc
2410 4453 2463 4506 in
2514 4454 2656 4520 loco,
2718 4452 3008 4508 Dominum
3056 4454 3481 4527 haudquaquam

207 4543 274 4595 τὸ
307 4543 404 4613 μὲν
448 4543 768 4617 ἀσύμφορον
796 4546 948 4610 ἴσως,
986 4545 1048 4598 τὸ
1081 4545 1138 4598 δὲ
1165 4547 1423 4601 ταπεινόν
1445 4563 1460 4578 ⁶
1494 4547 1562 4601 ἄν
1593 4565 1655 4600 τε
1688 4548 1797 4620 γὰρ

1903 4544 1953 4598 id
1999 4545 2305 4610 intendere,
2372 4556 2430 4599 ut
2473 4560 2532 4600 se
2563 4546 2862 4616 Baptistam
2901 4548 3357 4616 superambulare
3389 4549 3485 4603 de—

205 4636 305 4690 τδν
348 4637 570 4707 κήρυκα
596 4639 676 4700 εἰς
718 4637 983 4708 ἐσχάτους
1012 4636 1279 4706 ἐλαύνοις,
1309 4638 1431 4693 οὐδὲ
1461 4639 1556 4692 τοῦ
1584 4657 1793 4711 κηρυσ-

1903 4646 2255 4703 monstraret,
2309 4654 2375 4693 ne
2410 4639 2632 4708 quidem
2663 4640 2716 4694 iu
2743 4640 2925 4709 aliqua
2948 4656 3005 4694 re
3032 4642 3255 4711 (nedum
3292 4650 3351 4695 ut
3391 4658 3485 4709 per

209 4728 446 4798 σομένου
499 4729 561 4782 τὸ
594 4727 797 4801 ὑψηλὸν
825 4729 1144 4795 διασώσεις·
1179 4733 1275 4785 καὶ
1317 4731 1379 4785 τὸ
1408 4730 1597 4785 δοῦλον
1632 4733 1795 4785 ἐλατ-

1903 4730 2034 4785 illud
2084 4731 2335 4785 minimus
2378 4731 2625 4786 omnium
2678 4732 2963 4787 hominum
3008 4743 3235 4802 poneret
3282 4734 3484 4788 vilissi-

206 4818 406 4883 τῶσαι,
435 4818 672 4888 μάλιστα
699 4819 817 4872 νυνὶ
847 4820 1147 4890 παρέλκον,
1172 4821 1266 4874 καὶ
1297 4820 1656 4894 μικρολογίαν
1696 4824 1796 4877 οὐκ

1903 4826 2099 4895 mum),
2134 4824 2229 4879 sed
2291 4826 2449 4894 plane
2514 4826 2884 4893 contrarium,
2941 4826 3183 4881 voluisse
3228 4826 3481 4881 laudibus

207 4910 499 4981 ἐκφεύγειο
530 4912 649 4966 ἀλλ’
674 4913 702 4966 ὃ
726 4930 791 4982 γε
819 4913 848 4967 ὁ
867 4914 1202 4979 Δεσποτικὸς
1230 4915 1433 4979 σκοπὸς
1460 4916 1618 4985 δῆλός
1643 4917 1793 4969 ἐστιν

1903 4919 2194 4974 illustrare.
2231 4918 2389 4975 Certe
2412 4920 2881 4988 prmallegatarum
2917 4921 3331 4985 sententiarum,
3377 4938 3484 4975 una

206 5004 294 5067 είς
330 5004 553 5058 ἔπαινον
602 5006 848 5076 ἀφορῶν,
905 5008 1002 5061 καὶ
1042 5007 1191 5077 μάλα
1239 5008 1487 5075 δικαίως,
1526 5007 1622 5062 τοῦ
1656 5009 1799 5080 Προ-

1903 5008 2248 5063 incommoda
2299 5019 2383 5063 est
2441 5008 2717 5075 fortassis,
2759 5011 2931 5064 altera
2966 5011 3221 5078 humilis;
3281 5029 3403 5065 nam
3438 5014 3482 5066 si

206 5095 418 5165 δρόμου
440 5112 453 5125 ·
486 5096 617 5167 ᾤκει
652 5099 752 5167 μὲν
800 5100 912 5170 γάρ
943 5100 971 5153 ὁ
1023 5100 1197 5171 μέγας
1241 5101 1450 5163 ἐκεῖνος
1489 5100 1798 5171 ἄνθρωπος,

1903 5114 2205 5169 praeconem
2237 5101 2293 5155 in
2325 5101 2430 5154 ima
2460 5102 2719 5156 subsellia
2753 5102 3034 5172 rejeceris,
3065 5104 3211 5157 haud
3243 5105 3484 5160 tueberis

207 5188 353 5257 ὑπὲρ
397 5187 559 5241 θείων
609 5190 788 5261 νόμων
819 5191 880 5245 τὸ
929 5191 1308 5262 δεσμωτήριον
1338 5208 1350 5219 ·
1385 5191 1522 5245 ἀλλά
1559 5193 1666 5247 τῶν
1700 5193 1799 5263 μὲν

1903 5192 2177 5261 pnedicati
2204 5191 2591 5247 sublimitatem
2615 5210 2630 5258 ;
2653 5201 2707 5245 et
2732 5208 2954 5247 servum
2978 5194 3327 5248 imminutum
3355 5196 3485 5250 dare

209 5280 420 5345 κακῶν,
460 5275 543 5345 οἷς
572 5283 851 5354 συνείχετο
889 5283 1183 5356 ὑπερεώρα
1207 5298 1222 5312 ⁸
1262 5284 1452 5339 ἐδεδίει
1476 5296 1497 5324 ο
1539 5284 1649 5355 ἄρα
1678 5287 1799 5356 οὐχὶ

1903 5285 2150 5354 inprimis
2178 5301 2651 5355 supervacaneum
2688 5294 2792 5351 est,
2824 5302 2924 5342 nec
2959 5304 3065 5342 non
3087 5288 3284 5359 abjecti
3316 5290 3482 5343 animi

204 5370 270 5423 τὸ
300 5370 475 5442 ξίφος,
518 5374 643 5428 οὐδὲ
673 5375 775 5448 τὴν
818 5378 1065 5449 σφαγήν
1119 5377 1257 5432 ἀλλὰ
1295 5377 1391 5450 μὴ,
1430 5380 1523 5433 τὸν
1564 5379 1797 5434 θάνατον

1903 5376 2321 5433 existimabitur.
2391 5380 2603 5450 Scopus
2656 5379 2875 5436 Domini
2905 5382 3198 5439 manifeste
3243 5382 3487 5439 collimet

1489 5600 1725 5657 VAle
1761 5598 2161 5657 LECTIONES.

324 5767 347 5797 ³
371 5760 691 5834 ἀσκητικὸν.
803 5772 829 5804 ε
852 5761 987 5820 Cod.
1033 5761 1176 5821 Men.
1220 5775 1367 5824 recte
1399 5765 1572 5821 ποιεῖν
1600 5764 1795 5823 ἐθέλει.

1909 5767 1935 5807 b
1968 5765 2025 5821 C.
2072 5764 2139 5820 Μ.
2172 5776 2316 5824 recte
2348 5768 2702 5838 ’ριλοκρινεῖι
2782 5779 2804 5808 ο
2834 5767 2896 5825 C.
2938 5765 3009 5825 Μ.
3042 5767 3168 5823 add.
3207 5764 3287 5822 δέ.
3360 5772 3363 5773 ⁷
