3902 6212
474 274 617 341 1003

1626 283 1895 345 ΡΗΟΤΙΙ
1926 285 2434 347 PATRIARCHIE
2461 285 2569 346 CP.

3588 278 3730 345 10οι

468 385 684 443 laudem
713 387 1079 448 Pratcursoris
1104 390 1233 464 (nec
1266 392 1590 465 immerito),
1609 396 1861 466 egregius
1898 397 2046 452 enim

2157 399 2558 470 ὑπερχόμενος,
2590 395 2833 468 ὀλέθριον
2875 395 3054 466 δόγμα
3087 394 3433 449 ὑπολείποιτο
3453 394 3539 466 τῷ
3584 395 3730 466 βίῳ·

474 483 563 538 ille
607 483 691 539 vir
719 500 817 555 pro
844 486 963 558 lege
1006 497 1139 544 tunc
1179 490 1360 544 divina
1391 490 1772 545 includebatur
1800 492 2045 559 carceri;

474 579 615 632 mala
643 580 846 649 quibus
879 581 1252 652 stringebatur
1299 581 1440 637 infra
1478 597 1537 638 se
1569 584 1747 653 posita
1779 583 2045 649 ducebat;

476 685 578 725 nec
636 672 912 727 metuebat
970 673 1246 742 gladium,
1334 687 1444 728 non
1511 674 1877 739 occisionem;
1953 674 2048 729 sed

474 776 543 816 ne
598 780 724 818 cum
779 774 1007 820 mortem
1068 774 1381 835 superasset
1426 767 1800 836 perniciosum
1850 768 2051 836 dogma

475 854 950 912 subintroductum
975 857 1118 927 apud
1140 857 1386 912 homines
1415 857 1731 927 deponeret,
1751 867 1803 912 et
1833 858 2049 913 Domini

477 950 748 1019 magnalia
778 965 871 1020 per
901 949 1209 1005 socordiam
1236 965 1415 1020 neque
1438 950 1655 1021 quidem
1709 951 1900 1006 leviter
1920 951 2047 1005 vili-

474 1037 695 1104 ﬁcaret;
730 1039 948 1107 plurimi
970 1038 1115 1093 enim
1136 1040 1631 1109 praeconemipsum
1684 1040 2050 1110 praeconizato

477 1128 741 1198 majorem
776 1130 1219 1186 arbitrabantur:
1243 1147 1475 1201 quorum
1508 1147 1537 1186 e
1557 1148 1783 1186 numero
1806 1141 2051 1188 erantex

476 1219 597 1289 ejus
627 1221 906 1291 discipulis
936 1222 1126 1292 aliqui,
1170 1238 1266 1292 per
1321 1223 1672 1277 ambitionem
1709 1223 1813 1277 hoc
1860 1224 2052 1277 morbo

477 1312 807 1378 laborantes,
867 1314 1113 1382 magistri
1166 1314 1250 1369 sui
1294 1316 1666 1384 praestantiam
1698 1315 1763 1368 ad
1806 1314 2046 1384 ipsorum

479 1404 756 1475 propriam
787 1406 1245 1461 existimationem
1272 1406 1573 1476 augendam
1601 1408 1896 1460 trahentes.
1933 1403 2050 1459 Hoc

478 1507 601 1549 cum
627 1496 717 1549 ille
745 1495 1070 1560 adverteret,
1109 1495 1388 1562 urebatur,
1420 1504 1474 1549 et
1501 1504 1560 1548 ut
1587 1494 1887 1564 improbam
1909 1493 2049 1549 banc

2146 494 2242 549 καὶ
2270 494 2332 547 τὸ
2367 492 2462 546 τοῦ
2489 492 2762 546 Δεσπότου
2796 492 3105 562 μεγαλεῖον,
3140 491 3221 560 τῷ
3250 490 3373 545 καθ’
3403 492 3603 545 ἑαυτὸν
3635 494 3736 563 ῥα-

2149 585 2330 655 θύμῳ,
2362 584 2463 637 ούκ
2488 584 2547 636 ἐν
2580 586 2798 654 μικροῖς
2821 583 3152 635 ταπεινώσει
3174 581 3201 622 ἀ
3224 598 3240 614 ·
3266 581 3451 635 πολλοὶ
3474 582 3590 652 γὰρ
3620 582 3738 651 μεί-

2147 674 2279 739 ζονα
2306 673 2402 727 τοῦ
2446 675 2862 746 κηρυσσομένου
2916 676 3010 730 τὸν
3059 677 3280 747 κήρυκα
3309 676 3598 732 ὑπενόουν.
3644 677 3737 740 Ἐξ

2148 757 2224 818 ὧν
2274 780 2419 828 τινες
2468 765 2563 817 καὶ
2614 764 2721 817 τῶν
2771 763 2937 817 αὐτοῦ
2991 763 3250 835 μαθητῶν
3283 765 3387 818 ὑπὸ
3438 763 3736 832 φιλαυτίας

2146 853 2307 907 τοῦτο
2354 853 2614 924 ἔπασχον,
2661 854 2762 925 τήν
2814 854 3088 925 ὑπεροχὴν
3130 854 3226 908 τοῦ
3257 855 3591 908 διδασκάλω
3657 856 3741 916 είς

2150 943 2377 1013 αῠξησιν
2430 943 2639 1007 οἰκείας
2687 944 3062 1015 ἐπισπώμενοι
3113 946 3296 1017 δόξης.
3346 946 3535 1016 ’Λπερ
3591 944 3742 1015 ὁρῶν

2136 1037 2391 1100 ἐκεῖνος,
2428 1035 2549 1098 ὅλος
2596 1034 2889 1105 ἐφλέγετο,
2938 1037 3036 1090 καὶ
3082 1036 3184 1108 τὴν
3231 1037 3476 1107 πονηρὰν
3526 1035 3743 1105 ταύτην

2152 1125 2407 1179 ὑπόνοιαν
2446 1124 2589 1178 ὥστε
2642 1125 2890 1180 καθελεῖν
2909 1168 2925 1193 ,
2957 1127 3138 1181 πάντα
3168 1128 3407 1199 ἔπραττε
3426 1144 3444 1160 σ
3472 1127 3577 1183 καὶ
3606 1125 3745 1179 πολ-

2150 1218 2309 1281 λάκις
2340 1216 2441 1288 μὲν
2459 1217 2589 1279 τοὺς
2612 1215 2863 1288 μαθητὰς
2883 1219 3118 1288 ἀπάγειν
3142 1219 3442 1290 ἐπεχείρει,
3464 1217 3744 1280 ποικίλοις

2155 1312 2357 1381 λόγοις,
2398 1322 2421 1351 θ
2448 1312 2548 1382 τῆς
2579 1311 2904 1383 ὑπολήψεως
2923 1329 2937 1344 °
2974 1314 3097 1368 ἐπεὶ
3124 1314 3182 1368 δὲ
3209 1316 3337 1378 τοὺς
3363 1314 3563 1382 λόγους
3592 1310 3748 1383 ἐώρα

2156 1402 2256 1472 τῆς
2280 1400 2501 1455 ἐκείνων
2540 1401 2768 1473 γνώμης
2796 1403 3163 1471 ἡττωμένους,
3197 1403 3293 1457 καὶ
3319 1403 3387 1456 τὰ
3432 1402 3540 1471 τῆς
3585 1400 3747 1469 φιλο-

2155 1493 2366 1556 νεικίας
2412 1492 2885 1563 ἐπικρατέστερα,
2951 1494 3041 1545 ἐπ’
3079 1493 3248 1563 ἄλλην
3289 1493 3397 1547 ῐδεν
3445 1492 3610 1555 ὁδὸν,
3648 1490 3749 1543 καὶ

478 1588 729 1643 evelleret
753 1590 1089 1659 Opinionem,
1129 1588 1208 1642 nil
1254 1603 1364 1643 non
1391 1589 1651 1655 tentavit;
1700 1604 1843 1659 saepe
1874 1587 2052 1644 varios

2158 1585 2259 1656 τὴν
2283 1584 2350 1637 δι’
2378 1583 2641 1654 αύτοψίας
2664 1583 2837 1637 πειθὼ
2858 1584 3157 1656 προσάγειν
3196 1584 3379 1647 αὐτοῖς
3412 1582 3745 1653 ἐμελέτησε.

478 1682 762 1738 miscendo
797 1696 1082 1738 sermones
1113 1681 1411 1751 discipulos
1444 1682 1568 1736 inde
1608 1682 1877 1737 abducere
1943 1679 2247 1744 nitebatur;
2308 1691 2449 1747 quos
2505 1691 2629 1731 cum
2690 1675 2894 1732 videret
2942 1677 3089 1731 haud
3117 1675 3463 1742 sufﬁcienter,
3492 1688 3747 1731 movere.

477 1775 610 1847 quin
649 1775 827 1844 potius
876 1782 936 1827 ut
976 1774 1157 1829 acrius
1186 1784 1459 1829 certamen
1483 1774 1700 1839 inirent,
1734 1776 1896 1829 aliam
1951 1773 2107 1827 inivit
2168 1769 2458 1835 rationem,
2532 1777 2586 1823 et
2645 1768 2714 1823 ab
2772 1769 2890 1839 ipso
2943 1770 3227 1826 oculorum
3277 1768 3479 1824 intuitu
3526 1766 3749 1837 cogita-

479 1866 557 1921 vit
580 1867 635 1922 id
661 1868 729 1921 iis
761 1865 1111 1935 persuadere.

550 1956 684 2012 Vide
718 1920 850 2012 m-ibi
898 1959 976 2013 sis
1003 1954 1185 2011 autem
1229 1972 1391 2027 quam
1423 1956 1718 2027 prudenter
1738 1957 1838 2013 hoc
1863 1964 2052 2012 tractat

2231 1958 2345 2011 Καὶ
2368 1958 2469 2029 δρα
2508 1920 2659 2020 ὅπως
2688 1954 2974 2027 ἐμφρόνως
3006 1949 3443 2023 μεταχειρίζεται
3474 1948 3581 2019 τὴν
3609 1948 3750 2003 ὑπό-

480 2057 883 2119 argumentum.
918 2046 1073 2101 Mittit
1098 2047 1395 2117 discipulos
1435 2048 1502 2101 ad
1533 2063 1657 2102 eum
1693 2048 1852 2117 cujus
1879 2063 2051 2103 aemu-

480 2138 681 2194 latione
731 2139 1102 2208 capiebantur,
1149 2145 1204 2193 et
1256 2138 1575 2208 quaestionis
1625 2138 1856 2193 formam
1911 2152 2051 2209 prae-

481 2230 770 2287 scribendo
830 2230 880 2285 id
925 2230 1055 2300 agit,
1107 2238 1168 2284 ut
1212 2245 1309 2300 per
1361 2246 1425 2285 ea
1455 2246 1577 2301 quae
1606 2230 1784 2287 Oculis
1822 2246 2053 2300 usurpa-

480 2321 616 2375 bant
641 2321 870 2382 salutem
904 2321 1147 2391 ipsorum
1178 2332 1518 2391 procuraret,
1580 2330 1745 2391 atque
1775 2338 1929 2377 error
1965 2322 2054 2377 ille

482 2412 764 2482 antiquior
819 2426 917 2482 per
962 2412 1356 2482 discipulorum
1405 2412 1843 2467 emendationem
1885 2413 2052 2468 etiam

482 2508 626 2575 apud
655 2505 794 2561 alios
830 2514 1199 2570 excuteretur,
1235 2514 1290 2561 et
1318 2506 1371 2560 in
1408 2515 1522 2561 toto
1543 2506 1843 2573 ditllueret;
1870 2506 2053 2577 itaque

485 2595 575 2651 ubi
614 2598 946 2651 advenerant
987 2596 1057 2666 (is
1096 2597 1189 2666 qui
1244 2595 1501 2666 Baptistae
1559 2597 1861 2653 immiserat
1899 2600 2054 2671 c0gi-

483 2688 740 2743 tationem
768 2689 909 2743 illam
935 2687 979 2760 ),
999 2689 1181 2745 verbis
1220 2689 1287 2743 ad
1316 2690 1541 2758 quarsita
1574 2690 1706 2745 nihil
1731 2692 2052 2761 respondet;

482 2779 686 2835 sciebat
711 2780 855 2834 enim
892 2788 945 2835 et
973 2794 1290 2850 persuasum
1333 2780 1585 2843 habebat,
1636 2796 1759 2835 eum
1809 2782 1904 2851 qui
1961 2797 2057 2852 per

484 2868 904 2923 exsultationem
939 2869 990 2922 in
1026 2877 1183 2923 utero
1212 2879 1480 2935 materno,
1506 2870 1598 2939 qui
1628 2886 1723 2940 per
1748 2880 2052 2926 maternam

486 2958 722 3030 linguam
781 2960 959 3028 ipsum
1023 2960 1451 3029 praedicaverat,
1526 2978 1740 3017 necnon
1806 2964 2056 3033 plurimis

484 3027 743 3119 deinceps
781 3027 1168 3106 illustrissimis
1200 3050 1530 3107 testimoniis
1569 3061 1622 3106 et
1653 3027 1853 3108 divinis
1878 3070 2055 3109 enun-
2083 3027 2125 3085 (δ

489 3138 811 3193 tiationibus
841 3139 982 3193 idem
1010 3140 1354 3209 praestiterat,
1384 3142 1533 3196 nulla
1565 3143 1806 3213 indigere
1832 3144 2059 3201 ulterius

489 3229 558 3284 de
582 3244 641 3283 se
671 3228 950 3296 doctrina;
1018 3230 1089 3285 ita
1129 3231 1299 3301 signis
1336 3241 1391 3287 et
1451 3233 1713 3305 prodigiis
1746 3235 2057 3305 opinionem

488 3322 901 3385 excedentibus,
931 3324 1303 3379 inconcretum
1339 3341 1453 3382 sum
1499 3330 1741 3399 suggerit
1796 3329 2058 3396 Deitatis;

487 3414 582 3483 qui
631 3427 726 3468 eos
793 3415 1041 3470 mittebat
1093 3416 1147 3470 id
1207 3418 1624 3474 macbinabatur
1677 3428 1731 3475 ut
1762 3436 2060 3491 suspensos

487 3503 741 3559 redderet
785 3520 816 3559 a
862 3506 1186 3572 miraculis,
1277 3524 1417 3578 quos
1469 3512 1690 3567 demum
1755 3513 2059 3584 morigeros

487 3594 806 3663 praeceptori
852 3594 1046 3661 factos,
1097 3607 1153 3652 et
1181 3599 1482 3656 divinitatis
1519 3618 1633 3658 suae
1667 3618 1945 3673 praecones
1974 3621 2060 3661 re-

488 3685 654 3740 mittit
691 3686 964 3744 Christus.
1020 3689 1305 3745 Enimvero
1330 3691 1567 3763 Baptista
1597 3710 1719 3750 cum
1750 3698 1851 3753 hoc
1896 3699 2060 3755 modo

486 3777 771 3847 discipulis
825 3793 1071 3835 errorem
1132 3782 1443 3844 exemisset.
1479 3800 1574 3852 per
1632 3787 1852 3841 eosdem
1892 3789 2059 3844 etiam

488 3876 715 3925 caeteros
754 3885 964 3937 omnes,
1017 3874 1115 3927 via:
1146 3875 1253 3929 dux
1295 3876 1360 3929 ad
1391 3892 1736 3933 communem
1768 3878 2058 3936 Dominum

487 3972 547 4013 se
579 3960 875 4016 transferre
897 3961 1043 4018 fecit.
1068 3963 1208 4030 Quin
1239 3975 1293 4020 et
1314 3966 1589 4032 Scrvator,
1617 3983 1742 4023 cum
1782 3971 2059 4029 auditores

485 4064 617 4106 suos
656 4052 722 4106 ad
757 4053 1110 4109 imitationem
1144 4058 1475 4125 reliquarum
1515 4061 1620 4115 viri
1660 4061 1927 4118 virtutum
1975 4064 2059 4119 in-

485 4142 736 4210 duxerat,
788 4155 999 4201 tantum
1054 4148 1224 4217 ipsius
1276 4159 1439 4219 atque
1493 4152 1601 4208 tale
1662 4155 1902 4211 studium
1938 4171 2060 4211 am-

296 4308 299 4323 i
406 4258 409 4263 ·
483 4236 757 4308 plexatus,
824 4243 1241 4310 propensionem
1295 4245 1463 4300 animi
1495 4245 1795 4304 Dominicis
1838 4250 1955 4307 suis
2004 4259 2061 4306 et

2159 2051 2327 2107 θεσιν.
2384 2052 2598 2121 Πέμπει
2642 2052 2770 2113 τοὺς
2828 2047 3078 2118 μαθητὰς
3113 2046 3249 2116 πρὸς
3279 2044 3374 2097 τὸν
3419 2044 3514 2096 ὑπ’
3558 2042 3746 2097 αὐτῶν

2158 2141 2649 2214 ζηλοτυπούμενον,
2707 2141 2801 2193 καὶ
2848 2138 3036 2208 σχῆμα
3066 2136 3190 2198 δοὺς
3219 2135 3585 2206 ἐρωτήσεως,
3644 2134 3747 2204 τὴν

2156 2235 2367 2291 ἑαυτῶν
2395 2233 2827 2306 παρασκευάζει,
2853 2231 2943 2285 διὰ
2975 2230 3086 2284 τῶν
3108 2228 3521 2299 όφθησομένων,
3565 2244 3749 2298 σωτη-

2155 2329 2277 2400 ρίαν
2306 2326 2736 2399 καρπώσασθαι,
2773 2324 2868 2378 καὶ
2904 2323 3005 2394 τὴν
3028 2320 3304 2394 προτέραν
3334 2320 3549 2388 πλάνην
3584 2320 3647 2373 ἐν
3674 2321 3743 2388 τῇ

2150 2420 2260 2475 τῶν
2312 2418 2571 2491 μαθητῶν
2608 2416 2917 2486 διορθώσει,
2949 2415 3045 2469 καὶ
3078 2416 3192 2478 τοῖς
3216 2412 3400 2475 ἄλλοις
3434 2409 3746 2465 Evagon-6:—

2154 2512 2347 2583 σθῆναι
2392 2511 2486 2566 καὶ
2516 2510 2841 2582 διαρρυῆναι
2889 2507 3112 2561 τέλεονο
3159 2504 3359 2558 αὐτίκα
3397 2502 3510 2572 γὰρ
3553 2518 3745 2571 παρα-

2154 2604 2478 2674 γεγονότων,
2506 2604 2718 2674 ῥήμασι
2754 2599 2853 2669 μὲν
2881 2598 3022 2662 τέως
3048 2599 3076 2651 ό
3103 2597 3296 2665 Σωτὴρ
3354 2594 3404 2653 (ό
3433 2594 3534 2648 καὶ
3561 2594 3742 2648 ταῦτα

2154 2698 2234 2769 τῷ
2261 2698 2542 2766 Βαπτιστῇ
2568 2692 2882 2766 χαριτώσας
2908 2689 3251 2759 λογίσασθαι)
3283 2687 3438 2741 οὐδὲν
3463 2686 3610 2758 πρὸς
3640 2685 3746 2755 τὴν

2156 2788 2425 2859 ἐρώτησιν
2449 2788 2805 2856 ἀποκρίνεται
2826 2800 2839 2815 ·
2882 2783 2997 2855 ᾔδει
3025 2780 3157 2852 γὰρ,
3195 2780 3313 2851 ᾔδει
3345 2778 3440 2833 τὸν
3478 2778 3537 2845 ἐξ
3566 2778 3747 2847 αὐτῆς

2161 2884 2375 2953 μήτρας
2406 2921 2421 2945 ,
2482 2881 2822 2949 σκιρτήμασι
2876 2876 2971 2931 καὶ
3020 2872 3251 2946 μητρῷα
3300 2870 3524 2944 γλώσσῃ
3576 2870 3747 2924 αὐτὸν

2160 2971 2599 3047 προκηρύξαντα,
2640 2970 2733 3025 καὶ
2766 2969 2989 3040 μυρίαις
3020 2968 3173 3032 ὅσαις
3209 2966 3350 3037 μετὰ
3388 2964 3565 3020 ταῦτα
3601 2963 3746 3033 λαμ-

2159 3068 2324 3136 πραῖς
2362 3063 2690 3134 μαρτυρίαις
2716 3060 2812 3114 καὶ
2842 3058 3201 3130 Θεοπρεπέσιν
3231 3057 3599 3127 ἁναρρήσεσι,
3637 3072 3748 3125 μη-

2158 3156 2351 3226 δεμιᾶς
2381 3153 2591 3208 δεῖσθαι
2637 3152 2765 3223 περὶ
2807 3150 2974 3205 αὐτοῦ
3026 3149 3353 3221 μαθήσεως·
3389 3145 3646 3217 σημείοις
3686 3144 3748 3197 δὲ

2159 3246 2486 3318 παραδόξοις
2524 3245 2621 3300 καὶ
2657 3248 2850 3316 τέρασι
2877 3243 2938 3298 τὸ
2980 3243 3311 3314 ἀσύγκριτον
3355 3238 3523 3293 αὐτοῦ
3557 3252 3748 3308 παρα-

2162 3342 2366 3411 στήσας
2386 3340 2483 3409 τῆς
2526 3336 2778 3407 θεότητος
2807 3336 2985 3407 (τοῦτο
3008 3333 3118 3406 γὰρ
3141 3335 3169 3387 6
3194 3332 3417 3405 πέμψας
3444 3333 3749 3401 ἐπραγμα-

2159 3432 2398 3503 τεύετο),
2457 3430 2516 3498 ἐξ
2546 3430 2727 3485 αὐτῶν
2782 3427 3050 3500 ὀμμάτων
3100 3426 3226 3490 τοὺς
3281 3422 3583 3487 σταλέντας
3630 3423 3749 3486 τοῖς

2160 3524 2434 3597 θαύμασιν
2489 3522 2868 3595 ἀνηρτήσατο,
2928 3519 3025 3574 καὶ
3080 3517 3267 3572 λοιπὸν
3329 3515 3613 3579 εὐπειθεῖς
3666 3515 3747 3586 τῷ

2159 3614 2486 3685 διδασκάλῳ,
2529 3613 2626 3673 καὶ
2665 3611 2764 3684 τῆς
2806 3611 2975 3665 αὐτοῦ
3014 3608 3265 3679 θεότητος
3298 3607 3620 3679 ἀναπέμπει
3646 3608 3747 3678 κή-

2165 3723 2354 3778 ρυκας.
2396 3704 2537 3758 Ἀλλ’
2579 3704 2607 3755 6
2643 3702 2743 3774 μὲν
2774 3702 3109 3772 Βαπτιστης,
3139 3697 3283 3754 οὕτω
3315 3698 3441 3762 τοὺς
3489 3698 3747 3768 μαθητὰς

2164 3795 2432 3868 μεθιστῶν
2484 3794 2585 3865 τῆς
2634 3792 2864 3862 πλάνης,
2910 3792 3006 3846 καὶ
3041 3789 3110 3844 δι’
3139 3788 3322 3843 αὐτῶν
3359 3787 3489 3851 τοὺς
3546 3787 3747 3851 ἄλλους

2160 3887 2483 3959 ἀνθρώπους
2532 3885 2612 3957 τῷ
2656 3883 2824 3953 κοινῷ
2868 3881 3243 3954 προσδραμεῖν
3288 3878 3580 3951 ἐμεθόδευε
3648 3881 3747 3932 Δε-

2164 3980 2358 4050 σπότῃ.
2404 3976 2461 4030 '0
2511 3975 2568 4028 δέ
2613 3990 2677 4043 γε
2713 3972 2924 4043 Σωτήρ,
2964 3971 3067 4040 τῆς
3106 3987 3168 4023 τε
3196 3969 3363 4040 ἄλλης
3394 3970 3602 4040 ἀρετῆς
3648 3967 3745 4021 τοῦ

2162 4070 2354 4141 ἀνδρὸς
2382 4071 2461 4133 είς
2486 4067 2647 4138 ζῆλον
2673 4066 2801 4127 τοὺς
2832 4063 3107 4135 ἀκροατὰς
3134 4060 3478 4135 προτρέπων,
3510 4064 3609 4115 καὶ
3644 4063 3747 4131 τῆς

2160 4159 2493 4231 τηλικαύτης
2528 4157 2692 4211 αὐτὸν
2715 4155 2811 4209 καὶ
2838 4152 3107 4223 τοσαύτης
3137 4151 3539 4221 ἀποδεχόμενος
3573 4168 3746 4205 σπου-

2160 4252 2257 4322 δῆς
2300 4250 2394 4305 καὶ
2431 4246 2757 4322 προθυμίας,
2792 4246 3143 4309 Δεσποτικοῖς
3169 4244 3265 4298 καὶ
3306 4242 3541 4306 δικαίοις
3582 4241 3746 4313 ἀμεί-

483 4331 697 4387 meritis
740 4344 1052 4388 retnunerat
1083 4336 1349 4391 encomiis
1376 4355 1391 4404 ;
1418 4353 1591 4408 neque
1615 4341 1759 4401 enim
1800 4343 2052 4398 commit-

2162 4344 2316 4399 δεται
2339 4340 2652 4411 ἐγκωμίοις·
2680 4338 2803 4392 οὐδὲ
2823 4336 2955 4409 γὰρ,
2972 4336 3081 4390 οὐδ’
3102 4334 3350 4406 ἠνέσχετ’
3373 4332 3463 4397 ἂν,
3485 4333 3519 4387 6
3537 4336 3745 4406 προῖκα

484 4430 597 4475 tere
623 4422 838 4476 volebat
877 4422 923 4478 is
946 4425 1037 4494 qui
1058 4426 1227 4495 gratis
1257 4428 1512 4485 omnibus
1541 4432 1859 4488 universum
1892 4435 2059 4492 bene-

482 4511 659 4566 factor
686 4514 917 4580 exstitit,
952 4525 1012 4570 ut
1040 4516 1431 4573 inhonoratum
1460 4519 1756 4590 Baptistam
1784 4524 1962 4579 solum
1989 4542 2055 4582 ex

481 4605 743 4661 omnibus
810 4606 1128 4673 dimitteret,
1200 4625 1301 4679 pro
1356 4625 1542 4667 amore
1613 4613 1954 4683 prmfundato
2001 4627 2057 4674 et

480 4692 679 4748 all‘ectu
712 4709 889 4764 usque
928 4697 992 4752 ad
1024 4707 1255 4753 mortem
1287 4698 1621 4757 inﬂammato
1674 4719 1689 4755 :
1751 4714 1917 4775 atque
1950 4706 2053 4762 ista

481 4783 605 4852 fuit,
647 4786 866 4856 opinor,
903 4790 1151 4859 princeps
1173 4790 1431 4847 laudandi
1462 4793 1613 4848 illum
1649 4810 1836 4851 causa.
1867 4795 2050 4852 Nihilo

476 4875 705 4931 inferior
741 4888 827 4933 est
866 4879 1001 4935 haec.
1067 4882 1518 4953 Quandoquidem
1551 4885 1713 4950 illud,
1760 4906 1779 4939 ι
1813 4888 1965 4944 Tune
2004 4889 2051 4945 is

476 4968 568 5037 qui
599 4980 864 5025 venturus
894 4986 988 5037 es,
1030 4990 1048 5023 ι
1110 4982 1239 5037 etc.,
1290 4974 1361 5028 ob
1400 4976 1627 5030 salutem
1660 4978 2050 5048 discipulorum

477 5061 882 5127 procurandam
920 5061 1318 5131 interrogabat;
1372 5065 1811 5137 interrogationis
1867 5078 2049 5124 autem

479 5149 655 5216 prima
680 5150 850 5207 iacies
872 5154 940 5207 ab
961 5154 1269 5229 ignorantia
1292 5156 1592 5228 Baptistam
1620 5160 1721 5215 hoc
1742 5162 2050 5223 siscitatum

479 5242 648 5297 fuisse
687 5247 928 5313 suggerit
973 5248 1040 5303 iis
1103 5251 1196 5319 qui
1263 5252 1580 5321 prudentem
1615 5264 1668 5309 et
1698 5256 2051 5311 artificiosam

477 5334 834 5403 quaestionem
864 5338 1005 5394 baud
1040 5340 1306 5399 intentius
1343 5345 1760 5413 ponderaverint
1802 5365 1816 5401 :
1864 5358 1922 5403 ut
1960 5350 2028 5404 ab

2160 4440 2295 4491 πᾶσι
2323 4437 2415 4489 καὶ
2444 4434 2622 4498 κοινὸς
2646 4431 2835 4502 φανεὶς
2865 4428 3190 4501 εὐεργέτης,
3223 4428 3320 4497 τῆς
3350 4424 3743 4498 προκαταὸλη-

2158 4530 2343 4598 θείσης
2397 4525 2669 4597 στοργῆς,
2717 4522 2815 4578 καὶ
2864 4521 2958 4576 τοῦ
3018 4520 3183 4591 μέχρι
3217 4519 3431 4588 σφαγῆς
3469 4516 3741 4587 διαπύρου

2165 4620 2356 4685 πόθου,
2391 4619 2692 4689 ἀγέραστον
2721 4615 2880 4686 μόνον
2924 4613 3017 4668 τὸν
3040 4611 3349 4681 Βαπτιστὴν
3382 4609 3741 4681 ἀποπέμψαι.

2167 4711 2307 4765 Ἀλλ’
2340 4710 2477 4778 αὕτη
2509 4709 2628 4779 μὲν,
2653 4702 2829 4778 οἶμαι,
2861 4706 2973 4759 τῶν
2998 4703 3237 4758 ἐπαίνων
3262 4704 3297 4773 ή
3321 4703 3514 4773 πρώτη
3542 4702 3699 4755 αἰτία
3722 4714 3741 4732 ο

2158 4804 2312 4857 οὐδὲν
2338 4802 2395 4855 δέ
2434 4800 2638 4872 ταύτης
2668 4799 2906 4853 ἐλάττων
2946 4798 3041 4852 καὶ
3086 4795 3249 4865 αὕτη.
3292 4794 3447 4848 Ἐπεὶ
3489 4794 3601 4864 γὰρ
3652 4795 3740 4859 τὸ,

2167 4916 2186 4947 ι
2223 4896 2294 4949 Σὺ
2325 4891 2374 4948 εί
2405 4897 2433 4948 6
2455 4893 2767 4965 ἐρχόμενος,
2798 4892 2833 4963 ἢ
2854 4891 3042 4963 ἕτερον
3063 4888 3482 4962 προσδοκῶμεν;
3516 4906 3537 4940 ι
3570 4888 3601 4940 6
3639 4887 3743 4957 μὲν

2160 4989 2254 5040 ἐπὶ
2286 4989 2351 5058 τῇ
2387 4986 2497 5040 τῶν
2528 4983 2790 5056 μαθητῶν
2818 4982 3062 5055 διηρώτα
3103 4981 3364 5053 σωτηρίᾳ.
3395 4978 3470 5032 T6
3513 4979 3575 5032 δὲ
3604 4978 3744 5047 πρό.

2159 5096 2340 5150 χειρον
2382 5077 2483 5148 τῆς
2517 5077 2860 5148 ἐρωτήσεως,
2887 5077 3001 5138 τοῖς
3050 5074 3126 5146 μὴ
3159 5072 3297 5145 πρὸς
3331 5071 3392 5125 τὺ
3424 5071 3742 5142 εὐμήχανον

2158 5172 2252 5225 καὶ
2312 5168 2475 5236 σοφὸν
2544 5167 2637 5222 τοῦ
2697 5167 3079 5239 ἐρωτήσαντος
3141 5163 3527 5219 διακύπτουσιν
3556 5160 3610 5223 ί,
3679 5160 3740 5225 ἐξ

2157 5260 2380 5329 ἀγνοίας
2409 5260 2568 5313 τοῦτο
2601 5256 2871 5312 πυθέσθαι
2910 5256 3002 5310 τὸν
3035 5253 3351 5324 Βατττιστὴν
3373 5250 3697 5306 ὑποτίθεται
3718 5262 3734 5278 ⁸

2169 5352 2256 5407 ἵνα
2308 5351 2403 5405 καὶ
2448 5350 2651 5422 ταύτης
2686 5348 2851 5403 αὐτὸν
2892 5350 2992 5420 τῆς
3034 5346 3267 5417 ύπαψίας
3309 5346 3375 5399 ἐκ
3416 5341 3739 5414 περιουσίας

1740 5511 1973 5566 VARUS
2028 5510 2431 5567 LECTIONES.

703 5630 772 5686 M.
805 5636 1007 5719 rectius
1046 5640 1419 5701 ταττεινώσειε,
1510 5658 1531 5685 e
1560 5646 1642 5700 ῐσ,
1671 5647 1794 5701 add.
1823 5646 2018 5719 ταύτης
2046 5666 2054 5675 ο
2087 5648 2177 5705 sed
2230 5648 2383 5703 deest
2422 5647 2589 5702 etiam
2624 5644 2679 5700 in
2720 5643 2863 5701 Mon.
2948 5642 3054 5701 ‘C.
3091 5639 3525 5712 Μ.ὂιακύψουσι.
3612 5639 3640 5681 ⁸
3666 5638 3733 5696 C.

477 5698 546 5753 Μ.
577 5702 660 5766 ἐξ·
697 5707 974 5772 υφαένετο.
