3902 6212
231 258 369 326 1005
1141 263 1242 325 AD
1283 263 1874 330 AMPHILOCHIUM
1905 271 2252 344 QUESTIO
2280 272 2558 337 CCXXII.
3351 270 3487 341 1006

227 372 571 450 ἐλευθερώσῃ
604 376 861 450 (μεγίστη
894 376 1025 448 γάρ,
1048 379 1124 443 ὡς
1145 380 1383 450 ἀληθῶς,
1420 382 1659 453 κήρυκος
1684 382 1798 436 δια-

1912 396 2001 442 λειο
2070 388 2162 443 illa
2216 389 2529 459 suspicione
2590 389 2738 444 velut
2804 379 2875 444 ~ex
2933 382 3231 445 abimdanti
3287 390 3481 448 liberet

228 466 358 536 ϐολὴ
391 465 488 519 καὶ
533 466 840 537 κατηγορία
860 506 877 532 ,
925 466 1019 521 τοῦ
1056 471 1469 541 κηρυσσομένου
1498 473 1531 541 ή
1564 471 1787 540 ἀγνοία,

1912 478 2055 532 'nam
2089 488 2238 534 certe
2271 479 2325 533 in
2365 496 2642 535 summum
2698 480 2968 552 praeconis
3030 482 3269 539 dedecus
3315 484 3481 547 cedit,

227 555 321 609 ἐπὶ
382 556 509 619 τοὺς
558 558 815 621 ἐπαίνους
856 559 1109 630 ἔρχεταιο
1149 561 1245 614 καὶ
1297 562 1540 615 πλείοσιν
1595 564 1793 626 αὐτοὺς

1912 570 1964 623 ie
2006 570 2261 642 ignorato
2297 571 2631 642 prmeoniato
2676 573 2824 642 juste
2855 574 3128 644 accusari)
3180 575 3249 629 ad
3335 575 3486 628 illum

227 648 505 717 ὶξυφαίνει
550 649 771 721 τρόποις
804 659 853 705 σ.
905 653 1143 705 Ἀτοπον
1194 653 1323 723 γὰρ,
1364 654 1439 717 ὡς
1479 654 1713 726 άληθῶς,
1746 656 1797 709 εί

1912 662 2237 718 laudandum
2293 664 2606 730 descendit;
2656 680 2820 734 quam
2886 667 3252 727 laudationem
3301 667 3487 719 multis

227 740 295 792 δι’
337 735 413 796 ῶν
455 740 628 804 άλλως
672 743 1098 813 προσεκέρδανεν
1141 744 1206 797 ἂν
1245 746 1275 797 6
1318 745 1660 816 Βαπτιστὴς,
1705 747 1801 799 καὶ

1912 752 2083 808 modis
2112 754 2372 807 contexit.
2434 753 2577 807 Sane
2615 770 2805 824 parum
2842 754 3034 811 fuisset
3053 770 3378 825 congruum,
3425 766 3485 809 ut

227 837 329 905 τῆς
388 836 662 905 προτέρας
718 835 1031 889 διεκπίπτοι
1070 835 1248 906 δόξης.
1303 837 1396 890 Διὸ
1449 837 1664 907 πρῶτον
1703 838 1802 907 μὲν

1912 842 2151 912 Baptista
2185 846 2459 899 excideret
2490 860 2520 899 e
2558 846 2878 917 praecedenti
2910 848 3101 916 gloria,
3125 862 3219 916 per
3236 847 3327 900 illa
3363 846 3479 915 ipsa

231 928 455 981 ἔπαινον
493 930 759 996 προσάγει
779 926 829 990 ιλ,
860 927 958 981 ἀπ’
1013 927 1182 998 αὐτῆς
1219 928 1434 998 ἐκείνης
1465 929 1572 981 τῶν
1599 929 1806 999 ἀκροα-

1912 935 2112 1004 quibus
2144 938 2394 991 eamdem
2438 937 2589 1005 prius
2636 939 3015 1007 acquisivcrat.
3073 939 3310 993 Primam
3353 954 3484 1006 ergo

230 1018 337 1070 τῶν
370 1019 468 1087 τῆς
491 1017 673 1089 ψήφου
695 1035 709 1049 ·
738 1019 922 1088 τρίτον
946 1016 1056 1071 ἀπὸ
1080 1020 1177 1088 τῆς
1207 1017 1316 1071 τῶν
1342 1018 1636 1088 προφητῶν
1670 1036 1808 1088 μαρ-

231 1112 424 1179 τυρίας
454 1109 547 1161 καὶ
585 1111 965 1180 προρρήσεως·
997 1110 1108 1164 τῶν
1136 1109 1193 1163 δὲ
1236 1109 1436 1163 λοιπῶν
1465 1110 1578 1175 δύο,
1621 1110 1812 1165 ἑκάτε-

236 1217 329 1270 ρον
365 1202 428 1252 ἐκ
460 1200 559 1270 τῆς
591 1200 724 1263 ἰδίας
751 1200 845 1253 κα)⁸
872 1202 1211 1269 Δεσποτικῆς
1241 1200 1574 1271 ἐπικρίσεως
1593 1218 1609 1232 ·
1636 1200 1752 1254 ἀλλ’
1783 1203 1813 1253 6

236 1292 338 1361 μέν
380 1291 631 1362 δεύτερος
654 1292 873 1361 τρόπος,
906 1294 969 1346 ἐκ
993 1291 1088 1345 τοῦ
1117 1292 1304 1356 εὐθέος
1352 1292 1503 1360 λέγει
1532 1291 1625 1345 τὸν
1661 1291 1816 1344 ἐπαι-

234 1399 325 1435 νον
347 1400 363 1415 ·
391 1384 420 1436 6
460 1383 519 1436 δὲ
561 1383 842 1452 τέταρτος,
881 1383 946 1436 ἐκ
972 1383 1066 1437 τοῦ
1102 1382 1642 1454 παρακολουθοῦντος
1687 1385 1813 1436 ἀτο-

236 1476 507 1545 πήματος,
540 1476 651 1539 τοῖς
680 1476 738 1543 ἐξ
770 1476 991 1545 ἀγνοίας
1032 1475 1359 1545 ὐπειληφόσι
1386 1476 1477 1528 τὸν
1503 1475 1817 1546 Βαπτιστὴν

236 1570 628 1636 προσενεγκεῖν
654 1567 752 1637 τὴν
780 1567 1066 1637 ἐρώτησιν,
1091 1567 1374 1621 διαπλέκει
1409 1567 1469 1620 τὸ
1515 1565 1815 1637 ἐγκώμιον.

243 1659 307 1711 '0
334 1659 431 1729 μὲν
453 1655 547 1713 οὖν
578 1659 789 1729 πρῶτος
816 1659 913 1712 καὶ
941 1660 970 1712 6
1002 1659 1263 1729 τέταρτος
1286 1658 1395 1711 τῶν
1428 1657 1667 1711 ἐπαίνων
1692 1658 1816 1728 τρό-

235 1766 359 1814 πος,
387 1750 444 1817 ἐξ
466 1751 798 1819 ἀναιρέσεως
826 1751 1209 1820 ὐφαινόμενος,
1238 1750 1348 1803 τῶν
1379 1748 1690 1820 μηδαμόθεν
1718 1749 1816 1820 μὲν

231 1842 313 1911 τῷ
346 1843 622 1912 Βαπτιστῇ
688 1842 1111 1913 προσηκόντων,
1146 1841 1411 1913 μάτηνδὲ
1460 1841 1625 1904 ἐνίοις
1654 1841 1817 1893 ὐπει-

1912 1025 2280 1081 laudationem
2316 1026 2555 1082 instituit
2591 1028 2658 1081 ab
2685 1029 2932 1097 ipsismet
2970 1028 3244 1095 suffragiis
3267 1029 3484 1083 audito-

1913 1131 2036 1170 rum
2063 1133 2078 1182 ;
2136 1117 2352 1172 tertiam
2390 1132 2419 1170 a
2467 1117 2782 1171 testimonio
2804 1118 3189 1187 prophetarum
3209 1126 3263 1173 et
3292 1118 3489 1187 praeni-

1915 1206 2224 1273 ctionihus;
2273 1207 2507 1262 duarum
2535 1207 2869 1276 reliquarum
2897 1216 3187 1277 utramque
3213 1207 3285 1262 ab
3314 1207 3487 1278 ipsius

1917 1308 1971 1355 et
2003 1298 2219 1354 Domini
2245 1300 2463 1369 propria
2485 1310 2538 1354 et
2567 1300 2829 1369 peculiari
2860 1300 3129 1354 sententia
3163 1318 3176 1353 :
3215 1299 3491 1354 secundus

1918 1392 2118 1447 modus
2143 1391 2382 1446 instituit
2415 1390 2782 1445 laudationem
2812 1406 2842 1445 e
2871 1390 3095 1459 proclivi
3136 1407 3150 1444 :
3202 1398 3432 1460 quartus
3460 1405 3491 1444 e

1920 1482 2285 1554 consequenti
2320 1482 2582 1546 absurdo,
2605 1493 2660 1535 et
2692 1480 3058 1535 laudationem
3082 1480 3319 1535 instituit
3345 1480 3489 1545 inde,

1923 1590 2117 1645 nempe
2147 1574 2295 1644 quod
2325 1587 2667 1642 consequens
2702 1581 2788 1626 est
2815 1572 3059 1641 Opinioni
3079 1588 3269 1627 eorum
3291 1572 3387 1641 qui
3424 1588 3491 1625 ex

1925 1666 2233 1736 ignorantia
2317 1665 2655 1719 arbitrantur
2747 1662 3047 1731 Baptistam
3128 1664 3486 1731 interrogare.

1926 1758 2141 1814 Primus
2189 1755 2395 1811 idcirco
2423 1764 2477 1809 et
2509 1764 2735 1823 quartus
2767 1754 3095 1807 laudationis
3119 1753 3319 1807 modus
3354 1768 3489 1808 con-

1924 1853 2125 1907 texitur
2185 1865 2215 1905 a
2274 1850 2580 1904 sublatione
2638 1864 2848 1912 eorum,
2921 1863 3042 1916 quae
3084 1845 3307 1900 minime
3357 1860 3491 1898 con-

229 1934 550 2005 λημμένων,
573 1937 696 1987 κατ’
727 1934 994 2005 ἐρώτησίν
1021 1951 1082 1986 τε
1111 1933 1529 2004 σχηματίζεται,
1554 1932 1760 1985 καὶτὸν
1794 1934 1807 1973 ί

1921 1943 2437 2011 veniuntBaptistze,
2461 1950 2515 1997 et
2551 1942 2752 1996 frustra
2786 1956 2817 1994 a
2854 1937 3185 2008 quibusdam
3228 1936 3282 1989 in
3310 1935 3490 2003 suspi-

230 2026 478 2080 ἐναντίον
527 2028 752 2079 ἀπαιτεί
798 2026 895 2079 καὶ
928 2025 1172 2079 διδάσκει
1211 2027 1314 2095 τῆς
1357 2024 1714 2095 ἐρωτήσεως’
1764 2025 1807 2077 ol

1918 2036 2132 2090 cionem
2183 2033 2564 2099 adducuntur;
2625 2047 2720 2102 per
2771 2030 3131 2100 quaestionem
3189 2034 3493 2082 tractantur

228 2114 289 2169 δέ
323 2115 499 2186 μέσοι,
532 2117 620 2169 ἐπ’
648 2115 863 2179 εὐθείας
894 2132 954 2170 τε
978 2114 1078 2185 τὴν
1101 2114 1399 2185 εὐφημίαν,
1432 2115 1528 2168 καὶ
1559 2114 1655 2167 σὺν
1683 2116 1807 2167 ἀπο-

1917 2130 1991 2185 illi
2018 2128 2185 2193 modi,
2210 2136 2264 2183 et
2289 2126 2583 2199 quaestioni
2613 2127 2948 2181 contrarium
2980 2123 3177 2179 docent
3201 2130 3257 2177 et
3284 2129 3493 2191 ponunt

226 2207 420 2274 φάσει,
450 2208 860 2278 ἀναγράφουσιν
882 2224 896 2239 ο
925 2206 1113 2277 ὥσπερ
1136 2205 1268 2274 γὰρ,
1293 2206 1351 2258 ἐν
1380 2205 1479 2276 τῷ,
1514 2223 1532 2257 ι
1574 2204 1639 2258 Τί
1660 2205 1815 2275 ἐξήλ-

222 2298 353 2352 θετε
399 2301 480 2363 εἰς
511 2299 609 2370 τὴν
652 2298 859 2369 ἔρημον
902 2299 1030 2352 ἰδεῖν
1061 2297 1121 2362 i;
1176 2297 1420 2367 κάλαμον
1462 2298 1567 2350 ὑπὸ
1595 2298 1812 2366 ἀνέμων

225 2390 626 2462 σαλευόμενον;
667 2409 687 2443 ι
731 2390 792 2443 οὐ
833 2389 1078 2460 κάλαμον
1108 2385 1246 2443 εἶναι
1274 2389 1366 2442 τὸν
1402 2389 1738 2459 Βαπτιστὴν,
1782 2391 1811 2442 6

218 2483 348 2535 κατ’
390 2481 661 2552 ἐρώτησιν
709 2480 1192 2551 ἐσχηματισμένος
1232 2479 1390 2548 λόγος
1424 2479 1806 2548 ἀποφαίνεται,

212 2570 542 2625 τούναντίον
560 2568 619 2623 δὲ
642 2568 1067 2635 κατασκευάζει,
1097 2570 1286 2642 πόρρω
1314 2568 1643 2623 καθεστάναι
1667 2569 1806 2624 πάν-

215 2678 360 2727 των,
407 2661 522 2714 ὅσοι
558 2661 808 2731 καλάμου
842 2661 1002 2730 δίκην
1031 2660 1130 2731 τὴν
1176 2659 1402 2731 γνώμην
1454 2659 1801 2715 σαλεύονται·

220 2751 373 2807 οὕτω
400 2752 496 2806 καὶ
520 2755 547 2806 6
574 2752 661 2807 διὰ
700 2753 817 2819 τοῦ,
857 2770 876 2803 ι
926 2752 985 2806 ’0
1020 2751 1078 2804 δὲ
1106 2753 1425 2823 μικρότερος
1466 2752 1525 2806 ἐν
1551 2756 1616 2825 τῇ
1651 2753 1804 2823 βασι-

221 2844 351 2916 λείᾳ
387 2843 496 2898 τῶν
537 2845 805 2913 οὐρανῶν,
845 2844 1046 2915 μείζων
1077 2842 1244 2897 αὐτοῦ
1272 2846 1408 2903 ἐστι,
1450 2864 1469 2895 ι
1512 2844 1802 2915 παραπλη-

229 2936 362 2999 σίως
433 2938 866 3007 προσαγόμενος,
900 2937 1021 3006 οὐχὶ
1070 2936 1415 3009 μικρότερον,
1462 2938 1525 2990 οὐ
1575 2938 1675 3008 μὲν
1705 2936 1798 2992 οὖν

224 3027 365 3081 ἀλλά
412 3030 616 3099 μηδένα
646 3026 785 3085 εἶναι
835 3030 930 3084 τοῦ
978 3031 1296 3102 Προδρόμου
1335 3029 1635 3101 παρίστησι
1679 3031 1797 3101 μεί-

228 3120 393 3184 ζονα’
424 3122 545 3176 οὐδέ
596 3123 727 3194 γὰρ,
761 3124 882 3178 οὐδέ
932 3122 1042 3176 τῶν
1086 3121 1325 3177 ἐπαίνων
1370 3121 1467 3185 οὓς
1512 3120 1740 3175 ἐπλεκεν
1771 3126 1800 3176 6

224 3212 439 3285 Σωτὴρ,
468 3213 727 3285 ἐξαίφνης
754 3216 820 3269 ἂν
848 3215 1240 3285 ἀπεστέρησεν,
1276 3212 1388 3267 οὐδ’
1427 3213 1509 3277 είς
1536 3212 1795 3283 ἐσχάτους

227 3302 425 3373 ἀθρόον
452 3305 543 3359 τὸν
562 3306 950 3376 ἐπαινούμενον
977 3304 1217 3377 ἔρριψεν
1237 3303 1374 3358 ἀλλά
1393 3303 1482 3357 τὸν
1496 3302 1658 3357 αὐτὸν
1675 3303 1793 3375 είρ-

230 3397 339 3463 μὸν
354 3396 654 3466 φυλάττων,
668 3399 904 3470 οὐδαμοῦ
923 3399 1292 3470 συγχωρεῗτδν
1307 3398 1436 3469 ἐντῇ
1456 3395 1700 3467 βασιλεία
1718 3414 1806 3466 μι-

230 3486 512 3558 κρότερον,
529 3489 629 3556 τῆς
648 3491 923 3561 ὑπεροχῆς
937 3494 1181 3547 Ἰωάννου
1196 3490 1511 3561 νομίζεσθαι
1552 3490 1794 3560 μείζονα.

313 3576 451 3628 Ἀλλ’
479 3580 508 3630 6
538 3579 637 3648 μὲν
669 3580 778 3633 ἀπὸ
802 3583 900 3651 τῆς
927 3582 1033 3636 τῶν
1063 3582 1348 3651 ἀκροατῶν
1385 3580 1567 3651 ψήφου
1601 3584 1805 3640 πλεκό-

227 3682 394 3736 μενος
423 3667 664 3734 επαινος,
698 3672 1034 3744 πλατύτερον
1048 3675 1242 3739 εἰπεῖν,
1261 3674 1501 3739 τοιοῦτός
1523 3677 1609 3740 τίς
1641 3678 1812 3729 ἐστιν·

225 3757 297 3809 Τί
349 3758 607 3827 ἐξήλθετε
663 3763 746 3824 είς
783 3762 881 3834 τὴν
920 3765 1171 3836 ἔρημον;
1216 3764 1326 3839 ἆρα
1373 3768 1618 3839 κάλαμον
1682 3768 1814 3821 ἰδεῖν

226 3846 337 3900 ὑπὸ
388 3849 593 3921 ἀνέμου
629 3853 988 3925 σαλευόμενον
1027 3859 1083 3923 k;
1137 3861 1252 3915 ἀλλ’
1290 3860 1401 3933 ἆρα
1437 3862 1723 3933 ἄνθρωπον
1754 3865 1813 3916 ἐν

230 3939 498 4008 μαλακοῖς
557 3944 794 4013 ἱματίοις
827 3950 1241 4021 ὴμφιεσμένον;
1285 3955 1322 4024 ἢ
1373 3954 1532 4025 δῆλον
1589 3955 1665 4018 ὡς
1721 3955 1812 4007 οὐ-

225 4030 443 4100 δαμῶς·
470 4035 629 4104 ὑμεῖς
654 4038 763 4109 γὰρ
792 4042 967 4107 αὐτοὶ,
1006 4044 1075 4097 δι’
1102 4038 1178 4099 ὧν
1208 4048 1345 4117 πρὸς
1392 4048 1555 4101 αὐτὸν
1582 4046 1807 4119 διεπράν

225 4122 416 4188 ξασθε,
448 4128 542 4179 καὶ
566 4128 643 4198 τῷ
666 4133 801 4202 πρὸς
828 4134 925 4205 τὴν
947 4136 1153 4207 ἔρημον
1198 4139 1405 4211 δρόμῳ,
1430 4140 1692 4195 τάναντία
1708 4142 1807 4211 τῆς

223 4212 389 4284 δόξης
401 4218 644 4315 ἐπαύξης,
679 4223 1098 4315 ἐμαρτυρήσατε
1131 4245 1146 4259 ·
1204 4232 1507 4303 θαυμάσιόν
1539 4249 1662 4286 τινα
1712 4232 1808 4286 καὶ

226 4308 427 4374 μικροῦ
451 4308 577 4371 τούς
604 4310 981 4381 ἀνθρωπίνους
1008 4318 1168 4388 ὅρους
1197 4321 1635 4393 ὑπερϐεϐηκότα,
1686 4325 1804 4391 τὸν,

222 4394 303 4456 ὡς
326 4394 562 4466 άληθῶς,
591 4403 830 4458 τοιοῦτον
858 4402 996 4461 εἶναι
1019 4412 1330 4482 νομίζοντες
1352 4412 1394 4470 1.
1422 4417 1538 4469 Οὐκ
1560 4416 1653 4471 οῦν
1685 4418 1810 4472 οὐδέ

222 4485 324 4579 νῦν
352 4490 380 4542 6
409 4490 746 4561 τηλικοῦτος,
779 4499 1048 4573 μεταϐολῇ
1083 4474 1198 4557 ’τινι
1226 4474 1324 4558 καί
1348 4507 1566 4579 ἀγνοίᾳ,
1588 4508 1686 4579 τὴν
1720 4510 1808 4565 διὰ
1835 4474 1888 4533 D

222 4577 337 4669 τῶν
390 4582 649 4653 μαθητῶν
695 4587 964 4661 ἐρώτησιν
1018 4596 1142 4664 ἐμοὶ⁸
1193 4577 1614 4669 προσενήνοχεν,
1643 4577 1808 4654 ἀλλὰ

221 4668 558 4739 τούναντίον,
592 4674 739 4747 άπερ
766 4678 974 4747 ἐδίδαξε
1002 4680 1167 4754 λόγῳ,
1213 4685 1309 4739 καὶ
1345 4685 1431 4739 διὰ
1468 4668 1599 4756 τῆς·
1629 4689 1808 4758 ὅψεως

222 4762 395 4832 αὐτῆς
424 4768 759 4833 πιστωθῆναι
783 4772 910 4836 τοὺς
944 4773 1403 4845 μαθητευθέντας,
1436 4782 1572 4851 σοφῇ
1599 4781 1807 4852 μεθόδῳ

224 4853 675 4943 συνδιεπράξατο.
711 4861 808 4924 Τίς
834 4863 944 4934 γὰρ
973 4863 1133 4933 λόγος
1156 4868 1314 4939 ἀνδρὶ
1338 4870 1575 4939 τοσούτῳ
1634 4889 1805 4943 μετα-

223 4942 387 5014 ϐολὴν
415 4947 663 5004 ἐπελθεῖν
691 4952 802 5004 τῶν
830 4956 1207 5028 κρειττόνωνῆ
1237 4959 1552 5028 άλλοίωσιν;
1602 4942 1807 5031 ὅπουγε

223 5035 377 5086 πᾶσα
402 5038 435 5106 ἠ
470 5039 607 5107 πρὸς
624 5041 696 5110 ,τὸ
724 5046 906 5116 χεῖρον
944 5046 1280 5112 ἀπόπτωσις,
1310 5051 1342 5121 ἦ
1374 5051 1599 5122 γνώμης
1624 5054 1807 5124 ἀρρω-

225 5127 373 5197 στίᾳ,
422 5130 454 5199 ἥ
490 5131 803 5201 φιληδονίας
856 5138 1041 5202 πάθει,
1076 5140 1108 5211 ἢ
1146 5140 1513 5213 φιλαργυρίας
1568 5145 1679 5196 καὶ.
1711 5145 1804 5199 τοῦ

224 5218 385 5270 κενοῦ
415 5221 606 5275 τούτου
634 5225 882 5297 δοξαρίου
910 5228 1093 5300 ἔρωτι,
1114 5231 1500 5301 παραγίνεται.
1523 5227 1603 5295 οἷς
1625 5250 1806 5302 παρα-

222 5309 474 5377 γίνεταιο
504 5314 571 5366 δι’
602 5308 677 5369 ὧν
708 5319 803 5371 καὶ
846 5320 879 5391 ἠ
925 5323 1062 5391 πρὸς
1102 5323 1170 5377 τά
1229 5322 1390 5376 λοιπά
1444 5323 1555 5376 τῶν
1620 5323 1806 5377 παθῶν

304 5426 346 5457 ⁷⁸
370 5425 505 5482 Luc.
534 5445 631 5498 vn,
666 5432 758 5487 24.

1914 2230 2173 2290 uterque;
2232 2218 2501 2288 interiecti
2562 2217 2731 2281 modi,
2774 2216 2985 2271 directe
3029 2223 3084 2270 et
3125 2212 3356 2283 positive
3397 2226 3492 2264 en-

1912 2314 2147 2369 comium
2192 2312 2531 2366 instituunt:
2572 2307 3035 2379 quemadmodum
3085 2307 3231 2360 enim
3273 2304 3326 2358 in
3352 2303 3486 2357 illo:

1917 2405 2088 2472 «Quid
2120 2405 2314 2461 existis
2357 2405 2411 2458 in
2438 2404 2713 2458 desertum
2742 2401 2961 2455 videre?
2986 2398 3308 2453 arundinem
3329 2406 3491 2451 vento

1910 2497 2203 2567 agitatam?
2223 2497 2266 2528 '"
2290 2514 2308 2547 ι
2349 2512 2446 2565 per
2463 2494 2945 2564 interrogationem
2973 2492 3257 2546 institutus
3281 2502 3481 2550 sermo,

1908 2588 2054 2643 haud
2113 2587 2445 2658 imaginatur
2488 2585 2785 2654 Baptistam
2859 2580 3180 2636 arundinem
3240 2592 3395 2642 eSSe;
3459 2594 3489 2629 c

1905 2688 2092 2736 contra
2116 2678 2316 2734 astruit
2343 2693 2469 2734 eum
2492 2677 2652 2746 longe
2682 2685 2961 2733 semotum,
3007 2673 3076 2727 ab
3112 2672 3178 2726 iis
3207 2671 3299 2740 qui
3329 2684 3481 2722 more

1904 2768 2211 2824 arundinea
2237 2767 2485 2823 hucillue
2502 2764 2780 2836 agitantur
2808 2762 3193 2833 Opinionibus;
3224 2760 3293 2813 ita
3312 2767 3365 2813 et
3392 2758 3479 2812 ille

1902 2872 2105 2921 sermo,
2129 2856 2223 2927 qui
2245 2856 2494 2912 similiter
2513 2854 2825 2917 instruitur,
2856 2868 2951 2921 per
2972 2852 3125 2913 illud,
3157 2850 3238 2904 ιΙε
3258 2849 3349 2919 qui
3387 2848 3482 2902 ιιιὶ-

1899 2946 2083 3004 nimus
2106 2955 2193 3002 est
2227 2946 2283 3001 in
2309 2959 2479 3016 regno
2507 2944 2792 3009 ccelorum,
2826 2942 3003 3011 major
3035 2941 3154 3009 ipso
3185 2948 3288 3003 est,
3316 2958 3334 2987 ι
3371 2954 3477 2991 non

1822 3056 1866 3118 ρ
1899 3039 2050 3095 illum
2069 3038 2351 3093 minimum
2366 3051 2468 3092 nec
2484 3035 2717 3105 aliquem
2734 3034 2993 3102 majorem
3019 3031 3325 3087 subiudicat
3344 3029 3494 3082 Prae-

1904 3147 2130 3188 cursore
2166 3149 2182 3187 :
2210 3145 2337 3186 nam
2364 3128 2509 3184 haud
2529 3128 2787 3185 continue
2819 3128 3074 3181 Servator
3106 3124 3172 3178 iis
3228 3123 3492 3178 encomiis

1901 3238 2025 3279 eum
2041 3222 2326 3292 privasset,
2345 3234 2465 3292 qua;
2476 3221 2625 3289 prius
2646 3226 3013 3278 conterruerat,
3034 3231 3101 3270 ne
3117 3215 3255 3269 inter
3276 3214 3493 3267 intimos

1907 3315 1981 3371 ita
2018 3314 2297 3370 laudatum
2321 3328 2353 3368 e
2370 3312 2596 3382 vestigio
2634 3310 2894 3377 rejiceret,
2920 3309 3013 3363 sed
3035 3307 3278 3362 eamdem
3308 3306 3495 3360 obser-

1904 3422 2041 3463 vans
2069 3405 2268 3463 seriem
2296 3402 2441 3458 haud
2458 3400 2744 3471 permittit,
2771 3408 2831 3454 ut
2857 3400 2903 3452 is
2932 3397 3026 3467 qui
3046 3397 3306 3451 minimus
3328 3404 3411 3449 est
3440 3394 3494 3447 in

1899 3509 2067 3567 regno
2083 3495 2345 3551 caclorum
2373 3491 2545 3561 major
2573 3489 2909 3545 existimetur
2922 3485 3146 3542 Joannis
3157 3484 3492 3539 excellentia-

1982 3587 2275 3642 Enimvero
2312 3584 2557 3638 laudatio
2608 3596 2770 3651 quam
2811 3596 2842 3634 a
2894 3578 3165 3648 suffragiis
3216 3575 3495 3631 contexuit

1914 3677 2260 3738 auditorum,
2304 3684 2365 3728 ut
2410 3674 2736 3742 explicatius
2785 3687 2904 3727 eam
2944 3670 3330 3734 instituamus,
3368 3668 3493 3722 talis

1910 3778 1996 3825 est
2049 3785 2063 3821 :
2108 3766 2379 3833 Quorsum
2414 3765 2605 3820 existis
2646 3765 2700 3819 in
2754 3761 3077 3819 desertum?
3112 3776 3181 3815 an
3223 3765 3281 3813 ut
3322 3774 3489 3812 arun-

1910 3862 2094 3923 dinem
2142 3858 2400 3914 videretis
2442 3854 3127 3923 ventiscouquassatam?
3166 3868 3236 3906 an
3293 3859 3349 3904 ut
3388 3850 3488 3903 ho-

1909 3952 2112 4007 minem
2162 3951 2418 4006 mollibus
2470 3952 2731 4004 amictum
2771 3944 3150 4001 vestimentis?
3211 3952 3357 3996 certe
3395 3956 3490 4010 pa-

1911 4051 1989 4099 tet
2024 4044 2168 4114 quod
2209 4054 2501 4109 neutrum;
2556 4056 2656 4096 vos
2699 4041 2841 4095 enim
2876 4040 2978 4109 ipsi
3022 4038 3078 4091 in
3124 4035 3313 4091 eodem
3344 4033 3488 4104 quod

1912 4135 2124 4205 egistis,
2152 4146 2205 4191 et
2233 4135 2451 4191 cursim
2478 4134 2547 4188 ad
2577 4149 2823 4188 eremum
2857 4124 3195 4187 discurristis
3219 4168 3236 4195 ,
3267 4136 3486 4183 contra-

1912 4228 2051 4282 riam
2086 4228 2213 4282 huic
2253 4226 2500 4297 opinioni
2535 4224 2718 4280 testati
2761 4224 2929 4299 estis,
2963 4237 3197 4291 eumque
3237 4219 3485 4275 arbitrati

1913 4321 2045 4375 estis
2075 4320 2456 4374 admirandum
2491 4318 2781 4388 quemdam
2803 4326 2858 4371 et
2878 4315 3128 4370 humanae
3155 4310 3485 4367 conditionis

1914 4411 2062 4482 leges
2091 4410 2441 4465 excedentem
2468 4427 2481 4463 :
2513 4424 2683 4478 quare
2706 4448 2721 4474 ,
2748 4408 2831 4461 vir
2854 4413 3058 4469 tantus,
3098 4411 3245 4473 quod
3271 4403 3484 4459 videtur

1915 4501 2083 4567 mihi,
2116 4501 2537 4569 haudquaquam
2603 4507 2826 4567 propter
2882 4495 3240 4565 quaastionem
3284 4506 3482 4561 propo-

1912 4591 2074 4648 sitam
2121 4605 2153 4644 a
2192 4589 2473 4659 discipulis
2514 4587 2831 4642 mutationis
2874 4594 2928 4639 et
2960 4583 3278 4653 ignorantia:
3322 4598 3486 4634 accu-

1913 4680 2118 4738 sandus
2154 4688 2278 4747 est;
2317 4696 2349 4735 c
2382 4681 2621 4740 diverso,
2656 4677 2799 4747 quod
2834 4676 2998 4731 verbo
3025 4675 3230 4736 docuit,
3266 4674 3316 4726 id
3366 4676 3485 4726 visu

1910 4774 2125 4830 volebat
2159 4772 2412 4843 prudenti
2440 4771 2678 4839 quadam
2709 4770 2917 4823 ratione
2944 4767 3087 4837 apud
3110 4765 3485 4821 informandus

1912 4866 2262 4923 confirmare.
2291 4864 2424 4931 Quae
2458 4864 2604 4919 enim
2648 4862 2784 4916 ratio
2825 4861 2973 4915 reddi
3004 4860 3229 4930 poterit,
3266 4873 3364 4913 cur
3401 4858 3484 4911 vir

1907 4967 2092 5014 tantus
2130 4958 2486 5016 mutationem
2535 4952 2778 5008 melioris
2824 4960 3025 5016 status,
3066 4961 3159 5005 aut
3191 4949 3468 5005 alteratio-

1905 5066 2033 5105 nem
2074 5051 2312 5113 subiret;
2367 5061 2494 5102 cum
2544 5043 2723 5100 omnis
2773 5044 2828 5096 in
2879 5043 3117 5097 deterius
3170 5040 3479 5105 declinatio,

1909 5143 1995 5198 vel
2021 5142 2213 5213 judicii
2254 5140 2493 5207 quadam
2535 5136 2881 5201 infirmitate,
2923 5136 3005 5189 vel
3035 5134 3373 5202 voluptatum
3400 5134 3483 5188 lc-

1907 5233 2159 5297 nociniis,
2190 5232 2273 5286 vel
2301 5230 2550 5291 avaritia,
2594 5237 2685 5282 aut
2730 5226 2971 5296 gloriolae
3005 5227 3165 5281 istius
3197 5240 3347 5279 vanm
3388 5242 3481 5278 va-

1906 5340 2132 5397 cuaaquc
2162 5339 2349 5380 amore
2382 5323 2667 5377 inferatur.
2704 5320 2834 5387 Qua:
2878 5320 2992 5389 ipsa
3027 5318 3080 5371 in
3112 5328 3333 5373 crateras
3364 5332 3479 5371 on.-

1502 5531 1736 5586 VAlllIE
1792 5528 2198 5587 LECTIONES.

334 5635 360 5674 ιι
480 5633 551 5690 Μ.
580 5638 829 5708 προάγει.
954 5644 968 5685 ί
1013 5645 1086 5699 τό.

240 5702 259 5744 ι
291 5705 355 5761 C.
388 5705 458 5761 Μ.
485 5702 828 5777 νομίσαντες.

1205 5656 1218 5695 J
1258 5646 1317 5701 C.
1346 5646 1414 5702 Μ.
1477 5649 1634 5705 habet
1666 5647 1981 5704 θεάσασθαι.

2098 5646 2124 5686 Ιί
2153 5644 2355 5717 ἔρημον
2382 5644 2523 5700 ἰδεῖν.
2555 5645 2634 5714 li;
2691 5638 2800 5715 ἄρα
2832 5641 3078 5713 κάλαμον
3108 5640 3227 5695 σαλ.
3255 5639 3346 5694 ὐπ.
3382 5639 3464 5696 ἀν.
