3902 6212
408 264 545 338 Ῑθσῖ

404 497 512 552 que
539 481 654 549 alii,
698 482 952 553 inprimis
1001 491 1189 538 autem
1218 483 1275 538 in
1306 497 1495 553 regum
1525 483 1668 538 aulis
1698 492 1984 539 versantes

405 573 730 639 infitiantur,
769 574 998 645 pulvere
1027 575 1119 629 illo
1145 574 1430 643 obimpleti
1469 593 1483 629 :
1520 589 1552 630 a
1584 574 1787 645 quibus
1810 573 1982 630 Joan-

405 678 526 725 nes,
557 678 660 720 nec
686 664 738 719 id
770 664 929 720 facile
956 675 1039 721 est
1065 664 1322 720 omnibus
1348 664 1551 730 dicere,
1578 679 1648 720 ne
1712 666 1984 719 tantillum

404 753 806 824 expugnabilis.
844 751 964 809 Non
1004 753 1149 809 enim
1174 763 1258 810 est
1289 753 1503 809 arundo
1542 765 1830 809 ventorum
1887 770 1986 810 ex-

406 844 618 915 cipiens
656 846 1084 902 successionem.
1118 844 1234 902 Hoc
1261 855 1379 911 est,
1425 846 1764 902 instabilium
1805 863 1985 904 mores

407 937 604 1002 evasit,
635 946 690 992 et
717 936 1094 1007 aegritudinem
1124 953 1313 993 eorum
1346 938 1439 1007 qui
1471 939 1667 994 calami
1696 954 1848 995 more
1879 941 1986 995 huc

410 1026 541 1082 illuc
565 1017 857 1083 flectuntur
898 1046 913 1084 :
955 1029 1049 1084 sed
1079 1044 1180 1085 nec
1208 1030 1467 1088 mollibus
1499 1032 1863 1097 vestimentis,
1891 1040 1988 1087 aut.

411 1121 535 1177 aliis
566 1123 815 1178 moribus
844 1124 1070 1179 assuelit
1092 1165 1108 1187 .
1140 1124 1341 1196 quibus
1380 1126 1724 1184 insolescunt
1758 1129 1850 1198 qui
1898 1142 1987 1183 re-

410 1213 527 1281 gias
558 1212 944 1284 frequentant;
992 1231 1171 1283 auro,
1224 1218 1639 1288 voluptatibus,
1694 1221 1984 1278 ambitioni

410 1305 732 1362 servientes.
761 1305 967 1364 Domus
992 1308 1070 1363 illi
1100 1319 1185 1365 est
1211 1310 1489 1366 desertum
1516 1312 1753 1370 illustris
1787 1333 1802 1382 ;
1827 1330 1986 1385 para-

409 1395 586 1460 disus,
618 1398 743 1453 aula
770 1415 785 1463 ;
809 1401 1149 1455 camelorum
1185 1402 1305 1471 pilis
1329 1404 1585 1459 amicitur
1610 1419 1812 1476 corpus
1840 1425 1853 1462 :
1883 1422 1985 1463 zo-

411 1504 480 1543 na
510 1489 731 1559 pcllicea
762 1493 911 1549 circa
941 1494 1156 1550 lumbos
1176 1537 1191 1561 ,
1219 1497 1647 1568 constringendo
1686 1499 1987 1555 inserviens

410 1588 467 1634 et.
512 1582 894 1639 inortilicando
943 1586 1258 1653 corporales
1311 1597 1366 1644 et
1416 1588 1686 1645 humanas
1735 1590 1988 1647 lascivias

410 1685 606 1729 omnes
633 1690 755 1745 quae
789 1676 990 1733 lumbis
1016 1679 1376 1734 conveniunt.
1406 1679 1463 1734 Si
1499 1681 1747 1751 requiras
1774 1682 1983 1749 cibum,

1560 274 1825 335 PHOTII
1847 272 2353 336 PATRIARCIL‘E
2390 273 2499 333 ΟΡ.

404 405 506 448 nes
537 388 824 460 passiones
859 390 1149 462 prolapsus
1188 389 1475 446 farilitant.
1503 387 1717 458 Quibus
1747 390 1992 462 plerum-

2095 388 2488 461 παρολίσυησις
2512 402 2527 418 ο
2570 379 2654 450 οἷς
2682 384 2834 440 ἄλλοι
2862 385 2963 457 μὲν
3017 385 3121 441 ούκ
3152 384 3328 456 ὀλίγοι
3366 401 3385 420 ο

3544 264 3683 335 1008

3439 385 3684 457 μάλιστα

2085 481 2144 534 δὲ
2169 481 2217 533 0i
2251 479 2379 551 περὶ
2424 480 2553 541 τοὺς
2601 477 2907 548 βασιλείους
2952 478 3138 543 οῐκους
3176 478 3539 551 ἐπτοημένοι,
3584 480 3684 533 καὶ

2085 572 2180 627 τοῦ
2210 570 2491 639 κονιορτοῦ
2515 570 2726 623 ἐκείνου
2752 570 3042 641 άλώσιμοι,
3080 570 3171 640 ὑφ’
3203 563 3282 626 ὧν
3311 573 3341 625 ὁ
3398 570 3681 638 Ἰωάννης,

2085 666 2194 721 οὐδ’
2242 666 2388 719 ἐστὶν
2417 664 2644 735 εὐχερὲς
2675 664 2880 718 ἅπασιν
2906 665 3104 724 εἰπεῖν,
3136 663 3245 718 οὐδ’
3277 664 3404 719 ὅσον
3458 663 3683 718 ἀνάλω-

2084 777 2176 825 τος
2205 772 2267 816 ιιι.
2301 758 2377 813 Ού
2406 758 2516 828 γὰρ
2546 756 2718 820 ἐστιν,
2744 756 2845 810 ούκ
2875 754 2992 808 ἔστι
3017 754 3285 826 κάλαμος,
3312 755 3406 809 τὸν
3427 754 3542 808 ὑπὸ
3567 753 3682 807 τῶν

2086 853 2305 925 ἀνέμων
2332 852 2492 906 σάλον
2514 849 2822 921 δεχόμενος.
2865 847 3149 917 Ἐξέφυγε,
3182 848 3341 916 φησὶ,
3373 846 3489 901 τῶν
3509 848 3684 915 ἀστη-

2092 943 2292 1013 ρίκτων
2328 940 2453 1003 τοὺς
2480 939 2745 1011 τρόπους,
2773 936 2870 991 καὶ
2894 936 3144 1007 καλάμου
3169 936 3328 1006 δίκην
3386 934 3686 1007 ῥιπιζομέ-

2086 1052 2215 1101 νων,
2244 1034 2306 1087 τὸ
2331 1032 2567 1103 νόσημα.
2622 1020 2700 1084 Οὐ
2750 1029 2880 1100 μὴν,
2937 1028 3060 1083 οὐδὲ
3102 1028 3366 1097 μαλακοῖς
3412 1016 3683 1098 ἱματίοις,

2087 1126 2206 1181 οὐδὲ
2246 1127 2357 1187 τοῖς
2390 1124 2573 1187 ἄλλοις
2605 1122 3001 1193 ἑκδεδιῄτηται,
3032 1114 3114 1183 οἷς
3148 1121 3199 1174 οἱ
3226 1120 3357 1188 περὶ
3396 1119 3468 1173 τά
3522 1118 3688 1188 βασί-

2086 1217 2206 1270 λεια
2234 1214 2693 1285 διαθρύπτονται,
2726 1209 2915 1281 χρυσῷ
2947 1210 3041 1263 καὶ
3066 1209 3283 1279 ἡδοναῖς
3314 1208 3411 1262 καὶ
3457 1207 3688 1277 φιλοδο-

2088 1310 2178 1381 ξίᾳ
2204 1306 2549 1377 δουλούμενοι
2578 1320 2594 1335 ο
2628 1304 2743 1359 ἀλλ’
2772 1303 2980 1374 ἔρημος
3012 1302 3114 1373 μὲν
3171 1301 3321 1373 αύτῷ
3356 1298 3509 1365 οἶκος
3567 1300 3691 1371 ἅμα

2086 1399 2359 1471 λαμπρὸς,
2393 1397 2489 1451 καὶ
2517 1396 2869 1467 παράδεισος,
2897 1395 2994 1448 καὶ
3045 1392 3320 1464 βασίλειον
3344 1409 3360 1426 ο
3409 1393 3692 1464 καμήλων

2087 1492 2145 1546 δὲ
2170 1491 2378 1561 τρίχες,
2408 1488 2488 1560 τῷ
2514 1486 2730 1558 σώματι
2772 1486 2952 1557 σκέπη
2979 1503 2994 1519 ο
3037 1486 3134 1539 καὶ
3164 1484 3314 1554 ζώνη
3366 1484 3690 1556 δερματίνη

2087 1582 2219 1654 περὶ
2250 1583 2351 1651 τὴν
2378 1580 2572 1649 ὀσφὺν,
2605 1576 2882 1649 δεσμοῦσά
2912 1594 2974 1631 τε
3032 1576 3130 1631 καὶ
3166 1575 3441 1647 νεκροῦσα
3498 1575 3693 1628 πάντα

2088 1675 2158 1729 τὰ
2184 1675 2314 1745 παρ’
2348 1674 2586 1742 ἑκάτερα
2632 1669 2862 1741 ταύτης,
2896 1669 3187 1741 σωματικά
3215 1685 3277 1722 τε
3301 1669 3398 1722 καὶ
3461 1666 3690 1736 ἀνθρὼ-

410 1765 638 1821 omnino
677 1766 786 1821 cibi
821 1770 956 1824 nihil
995 1771 1269 1840 sumpsit,
1304 1772 1410 1827 nisi
1436 1772 1490 1826 id
1526 1773 1671 1842 quod
1712 1787 1987 1840 amarum,

2095 1784 2220 1820 πινα
2254 1733 2624 1836 σκιρτήματα.
2662 1762 2726 1816 Εἰ
2781 1733 3075 1831 ῥούλείδὲ
3108 1759 3204 1813 καὶ
3257 1756 3458 1829 τροφὴ.
3516 1733 3605 1827 τῷ
3660 1765 3692 1794 ι

410 1866 468 1912 et
495 1857 615 1914 sine
644 1860 982 1916 nutrimento
1014 1870 1156 1927 erat,
1189 1862 1283 1918 sed
1312 1877 1415 1918 nec
1437 1864 1600 1919 talem
1635 1864 1818 1919 cibum
1840 1905 1856 1931 ,
1880 1867 1989 1922 nisi

408 1963 474 2004 ea
520 1965 779 2007 mensura
820 1967 941 2023 quae
971 1963 1179 2010 naturae
1226 1955 1541 2011 necessitati
1593 1957 1842 2012 satisfiat.
1895 1958 1991 2014 His

414 2055 476 2094 se
513 2042 848 2107 snhinferre,
879 2060 989 2114 quo
1015 2056 1177 2115 pacto
1204 2047 1408 2102 audeat
1440 2047 1601 2103 luxus
1631 2060 1727 2104 aut
1759 2050 1989 2105 evanida

410 2132 627 2197 gloria?
660 2145 757 2190 aut
790 2136 993 2193 divitiae
1023 2154 1145 2208 qua:
1187 2155 1407 2209 gravem
1442 2150 1497 2195 et
1525 2142 1776 2195 acerbam
1808 2153 1993 2213 tyran-

410 2227 594 2282 nidem
643 2240 921 2297 exercent,
950 2246 1075 2286 cum
1103 2231 1156 2284 in
1186 2231 1550 2301 possidentes,
1584 2242 1697 2287 tum
1731 2234 1854 2290 illos
1896 2235 1990 2304 qui

409 2317 571 2374 inviti
602 2319 741 2390 ipsis
769 2331 978 2377 carent.
1011 2321 1121 2378 Nec
1149 2338 1316 2392 opera
1340 2324 1461 2394 ejus
1491 2332 1705 2380 tantum
1728 2325 1844 2380 haec
1864 2342 1993 2396 pro-

408 2408 672 2474 clamant,
704 2428 895 2467 verum
930 2421 986 2468 et
1033 2414 1134 2483 ipsi
1185 2415 1353 2469 etiam
1390 2430 1486 2471 vos
1525 2416 1622 2486 qui
1661 2416 1777 2472 hac
1816 2418 1991 2473 oculis

410 2502 736 2571 usurpatis,
780 2512 949 2559 testes
983 2505 1253 2570 cxhibiti,
1313 2506 1370 2560 in
1440 2506 1587 2561 illam
1654 2508 1991 2565 descenditis

410 2592 749 2662 opinionem.
775 2593 961 2665 Opere
1010 2596 1154 2651 enim
1179 2599 1298 2667 ipso
1325 2612 1423 2653 vos
1449 2599 1803 2668 perhibuistis
1836 2602 1991 2656 testi-

410 2688 680 2753 monium,
711 2690 858 2759 quod
905 2690 1148 2760 Baptista
1188 2691 1440 2764 superior
1479 2694 1654 2749 evasit
1689 2694 1757 2750 iis
1783 2694 1878 2765 qui
1906 2696 1993 2749 in-

411 2778 590 2834 stabili
616 2790 745 2835 sunt
771 2782 981 2846 animo,
1012 2782 1108 2852 qui
1132 2783 1524 2853 voluptatibus,
1558 2785 1869 2848 ambitioni,
1904 2785 1991 2840 di-

410 2867 558 2923 vitiis
577 2869 981 2939 mancipantur,
1007 2885 1038 2925 a
1063 2870 1265 2941 quibus
1293 2871 1432 2927 solet
1459 2872 1732 2942 proficisci
1755 2873 1811 2927 in
1838 2873 1990 2929 dete-

411 2960 528 3016 rius
555 2961 806 3017 alteratio
832 3003 848 3027 ,
880 2964 1111 3019 mutatio
1137 2963 1318 3019 omnis
1364 2973 1417 3018 et
1451 2965 1784 3033 ignorantia.
1812 2964 1992 3034 Atque

2093 1859 2230 1930 μηδὲ
2257 1856 2466 1930 τροφῆς
2497 1854 2683 1917 ἁπλῶς
2716 1851 2963 1923 μετέχειν
2987 1867 3001 1882 ⁸
3028 1851 3145 1904 ἀλλ’
3166 1852 3265 1919 ὅση
3293 1849 3469 1921 πικρά
3495 1867 3563 1903 τε
3591 1849 3693 1903 καὶ

2089 1951 2346 2021 ἄτροφος,
2373 1949 2467 2002 καὶ
2495 1948 2616 2001 οὐδὲ
2655 1946 2857 2016 ταύτην
2885 1948 2943 1998 ὲν
2994 1944 3202 2013 μέτρῳ,
3232 1941 3347 1996 ἀλλ’
3404 1941 3554 1995 ὥστε
3591 1944 3693 1993 καὶ

2091 2042 2261 2113 αὐτὴν
2306 2041 2403 2112 τὴν
2435 2039 2683 2109 ἀνάγκην
2703 2035 3073 2107 διαπλανῆσαι
3101 2042 3125 2069 °
3156 2034 3255 2103 τῆς
3293 2033 3540 2103 φύσεως.
3588 2027 3691 2095 Οἷς

2091 2135 2210 2198 πῶς
2242 2134 2309 2188 ἂν
2335 2131 2692 2202 ὲπιτολμήσοι
2734 2127 2918 2199 τρυφὴ
2955 2126 3334 2198 παρεισδῦναι,
3389 2125 3423 2195 ἢ
3477 2127 3689 2195 ῥέουσα

2089 2225 2238 2291 δόξα,
2266 2224 2299 2295 ἢ
2329 2223 2597 2288 πλοῦτοςς
2632 2221 2661 2275 ὃ
2691 2221 2788 2274 καὶ
2824 2220 2935 2273 τῶν
2968 2219 3224 2289 ἐχόντων,
3256 2220 3353 2271 καὶ
3380 2217 3492 2271 τῶν
3521 2216 3688 2280 είςτδ

2091 2318 2348 2372 ἀκούσιον
2376 2317 2478 2369 ούκ
2504 2314 2759 2385 ἐχόντων,
2792 2312 2964 2383 βαρὺς
3002 2312 3098 2365 καὶ
3144 2310 3345 2381 πικρὸς
3390 2309 3683 2381 τύραννος.

2090 2412 2203 2467 Καὶ
2239 2409 2411 2463 ταῦτα
2433 2408 2490 2461 δὲ
2520 2407 2642 2477 οὐχὶ
2699 2406 2769 2459 τὰ
2817 2404 2958 2475 ἔργα
3017 2403 3157 2474 μόνα
3227 2402 3345 2474 βοᾷ,
3407 2402 3549 2457 ἀλλὰ
3591 2402 3691 2455 καὶ

2098 2507 2252 2578 ἡμεῖς
2284 2512 2312 2553 P
2340 2502 2516 2566 αὐτοὶ,
2558 2498 2747 2570 φησιν,
2786 2495 2895 2551 ἀπὸ
2922 2496 3030 2550 τῶν
3056 2494 3256 2567 ἔργων,
3286 2493 3324 2549 ἃ
3363 2494 3494 2556 τοὺς
3546 2493 3689 2563 ύμε-

2090 2600 2284 2668 τέρους
2334 2594 2668 2664 ὀφθαλμοὺς,
2718 2592 2814 2647 καὶ
2860 2590 2960 2662 τήν
3010 2589 3239 2660 γνώμην
3299 2585 3686 2656 ὲφελκύσατο,

2095 2690 2381 2759 μάρτυρας
2405 2683 2557 2738 οὐδὲν
2585 2682 2807 2736 ἔλαττον
2841 2680 3250 2752 παρεστήσατε.
3295 2678 3525 2748 Ἔργοις
3572 2675 3689 2744 γάρ

2094 2778 2189 2833 καὶ
2231 2778 2387 2830 αὐτοὶ
2424 2775 2523 2846 τὴν
2547 2772 2861 2844 μαρτυρίαν
2885 2770 3268 2840 είσηνέγκατε,
3299 2768 3378 2831 ὡς
3420 2766 3520 2820 καὶ
3572 2764 3692 2819 τῶν

2093 2869 2437 2941 ἁστηρίκτων
2461 2866 2562 2937 τὴν
2597 2864 2846 2935 γνώμην,
2873 2863 2969 2918 καὶ
3000 2862 3110 2916 τῶν
3135 2864 3256 2925 ταῖς
3285 2861 3527 2932 ἡδοναῖς,
3584 2861 3688 2914 καὶ

2092 2960 2241 3031 δόξῃ,
2274 2957 2370 3012 καὶ
2401 2955 2616 3025 πλούτῳ
2640 2952 3033 3023 δουλουμένων,
3063 2952 3134 3005 δι’
3161 2944 3238 3005 ὧν
3272 2952 3306 3021 ή
3339 2950 3436 3003 ἐπὶ
3461 2950 3526 3003 τὸ
3575 2951 3694 3019 χεῖ-

414 3048 531 3104 haec
562 3059 646 3106 est
674 3051 765 3105 illa
798 3051 974 3106 forma
1014 3052 1395 3107 encomiorum
1438 3068 1560 3123 quis
1589 3053 1869 3124 suﬂ’ragiis
1905 3056 1987 3109 in-

2099 3070 2190 3123 ρον
2223 3049 2495 3122 μεταϐολὴ
2526 3047 2626 3102 καὶ
2649 3045 3110 3142 ἀλλοίωσις,”καὶ
3138 3046 3171 3115 ἡ
3224 3045 3417 3112 ἄγνοια
3446 3083 3465 3109 ,
3512 3045 3542 3097 6
3581 3044 3695 3096 Βα-

414 3140 610 3195 nititur
668 3142 1007 3197 auditorum.
1055 3143 1434 3212 Consequitur
1480 3143 1652 3213 ipsam
1706 3146 1992 3216 perspicue

2100 3143 2334 3213 πτιστὴς
2368 3140 2723 3212 ὑψηλότερος.
2772 3136 2913 3191 Ἀλλ’
2940 3127 3095 3199 οὗτος
3130 3136 3231 3206 μὲν
3255 3137 3284 3189 ὁ
3304 3136 3415 3189 ἀπὸ
3432 3135 3535 3203 τῆς
3576 3134 3691 3188 τῶν

418 3233 523 3288 ista
561 3248 684 3304 quae
720 3248 751 3288 a
781 3231 989 3290 Christi
1029 3234 1203 3305 ipsius
1248 3233 1467 3289 Domini
1520 3235 1824 3291 assertione
1872 3250 1997 3291 con-

417 3323 646 3379 texitur.
676 3324 747 3379 At
766 3340 1016 3394 quasnam
1044 3325 1135 3379 illa
1159 3324 1182 3378 ?
1222 3324 1424 3397 Nempe
1441 3328 1762 3397 prophetam
1787 3328 1998 3383 exiistis

418 3416 643 3483 videre;
678 3418 729 3472 id
765 3417 913 3487 quod
945 3417 1236 3473 manifeste
1261 3429 1622 3489 agnoverant,
1661 3435 1759 3490 per
1787 3436 1849 3476 ea
1876 3436 2005 3490 quae

418 3506 703 3574 fecerant;
732 3509 889 3579 quasi
934 3510 1083 3565 dicat
1130 3527 1145 3565 :
1193 3511 1324 3566 Scio
1364 3512 1513 3582 quod
1559 3512 1771 3567 exiistis
1814 3515 1867 3566 in
1904 3514 2000 3568 de-

418 3606 627 3653 sertum
660 3599 846 3654 videre
886 3615 1065 3670 neque
1098 3609 1281 3656 mente
1321 3601 1662 3656 inconstanti
1695 3603 1996 3669 hominem,

418 3705 531 3744 non
562 3692 810 3761 pecunia;
853 3701 1129 3749 amantem
1160 3735 1175 3759 ,
1218 3709 1325 3748 non
1374 3694 1662 3749 ambitioni
1699 3705 1797 3750 aut
1843 3696 1998 3750 luxui

417 3783 684 3854 deditum,
717 3784 811 3839 sed
841 3786 1128 3841 sublimem
1150 3786 1442 3856 quemdam
1471 3797 1526 3842 et
1550 3787 1843 3851 elevatum,
1871 3790 2001 3843 cha-

421 3876 666 3931 rismatis
704 3891 769 3930 ac
803 3875 934 3930 doni
982 3877 1284 3946 prophetici
1334 3879 1701 3947 participem;
1755 3888 1812 3933 et
1853 3887 2003 3934 recte

420 3968 649 4022 omnino
680 3967 1101 4022 arbitrabamini
1128 3985 1143 4023 :
1175 3967 1336 4023 Certe
1370 3968 1635 4024 testiﬁcor
1672 3970 1829 4023 vobis
1852 3969 1998 4038 quod

424 4061 753 4131 prOphetam
794 4062 983 4116 videre
1006 4061 1264 4128 exibatis,
1297 4076 1401 4118 nec
1452 4062 1544 4117 hic
1576 4062 1850 4129 subsistit,
1903 4062 1997 4116 sed

424 4150 547 4219 plus
584 4165 748 4218 quam
774 4151 1121 4220 prophetam,
1147 4154 1416 4220 agnoscit.
1458 4150 1707 4221 Cumque
1752 4152 1998 4221 judiccs,

403 4242 810 4312 legumlatores
840 4282 856 4306 ,
894 4259 1053 4315 reges
1088 4259 1121 4298 a
1151 4245 1375 4300 virtutis
1436 4244 1693 4299 laudibus
1753 4245 1999 4314 insignes

422 4344 552 4390 snnt
570 4335 737 4390 hablti
765 4352 780 4402 ;
813 4351 882 4390 ne
914 4338 962 4392 is
989 4336 1083 4407 qui
1116 4337 1395 4407 prophetis
1429 4338 1679 4407 superior
1708 4338 1996 4403 asseritur,

2098 3232 2385 3305 ἀκροατῶν
2409 3231 2593 3302 ψήφου
2622 3229 2731 3282 τῶν
2759 3226 2996 3281 ἐπαίνων
3017 3224 3210 3289 τύπος.
3228 3224 3325 3289 Τίς
3340 3225 3387 3278 δ’
3401 3225 3433 3277 ό
3454 3223 3688 3293 ἑφεξῆςς

2099 3328 2132 3399 ἢ
2163 3324 2413 3396 δῆλον’ὡς
2442 3325 2471 3377 ὁ
2502 3325 2566 3375 ὲκ
2594 3321 2691 3391 τῆς
2712 3319 2848 3383 ιδίας
2873 3319 2967 3372 καὶ
2981 3315 3689 3387 Δεσποτικῆςάποφάσεωςο

2102 3422 2261 3483 ποίας
2292 3418 2527 3487 ταύτης;
2557 3417 2691 3480 Ναὶ,
2731 3414 2891 3486 φησὶ,
2926 3413 3070 3483 λέγω
3099 3414 3253 3484 ὑμῖν,
3280 3413 3363 3467 ὅτι
3399 3414 3695 3484 προφήτην

2101 3512 2356 3583 ἐξήλθετε
2408 3510 2577 3563 ίδείνο
2608 3507 2688 3572 ὡς
2736 3507 2961 3561 ἐκείνων
3013 3505 3174 3559 τοῦτο
3235 3505 3444 3573 σαφῶς,
3490 3504 3561 3557 δι’
3615 3497 3695 3557 ὧν

2100 3603 2341 3675 ἔπραξαν
2367 3613 2420 3666 (ι,
2448 3598 2842 3669 καταϐεμένων
2879 3614 2892 3627 ⁸
2922 3598 3013 3653 ἶνα
3040 3598 3200 3668 εἴπῃς
3224 3611 3239 3627 ·
3269 3593 3404 3650 Οἶδα
3446 3596 3533 3648 ὅτι
3562 3593 3693 3648 οὔτε

2098 3696 2198 3767 τὴν
2243 3693 2471 3763 γνώμην
2518 3691 2837 3761 εύρίπιστον
2867 3688 3159 3760 ἄνθρωπον
3189 3726 3207 3753 ,
3262 3688 3385 3741 οὔτε
3426 3687 3696 3756 φιλάργυο

2104 3804 2194 3858 ρον
2220 3828 2236 3852 ,
2287 3785 2321 3855 ἢ
2374 3784 2650 3849 κενόδοξον
2681 3823 2695 3849 ,
2753 3782 2879 3837 οὔτε
2949 3780 3167 3853 τρυφῆς
3234 3780 3495 3834 ἐλάττονα
3527 3820 3548 3847 ,
3609 3781 3693 3843 είς

2099 3880 2199 3952 τὴν
2230 3880 2436 3950 ἔρημον
2470 3878 2595 3931 ἰδεῖν
2627 3876 3007 3947 ὲξεληλύθατε,
3037 3875 3153 3929 ἀλλ’
3184 3873 3388 3944 ὑψηλόν
3417 3890 3541 3926 τινα
3591 3873 3695 3925 καὶ

2103 3972 2419 4044 μετάρσιον,
2453 3973 2547 4023 καὶ⁵
2574 3971 2666 4024 τοῦ
2686 3968 3027 4042 προφητικοῦ
3045 3967 3387 4039 χαρίσματος
3424 3966 3688 4037 μέτοχονο

2100 4068 2197 4122 καὶ
2240 4066 2422 4130 καλῶς
2452 4065 2813 4135 ὑπειλήφατε.
2848 4064 2957 4116 Ναὶ
3001 4063 3132 4132 γὰρ,
3192 4061 3338 4129 λέγω
3387 4062 3538 4131 ὑμῖν,
3598 4060 3691 4113 ὅτι

2101 4161 2390 4232 προφήτην
2414 4157 2775 4230 ὲξεληλύθατε
2804 4156 2954 4209 ἰδεῖν.
2977 4150 3111 4207 Εἶτα
3149 4154 3243 4206 καὶ
3272 4153 3334 4206 ού
3365 4152 3532 4222 μέχρι
3556 4151 3691 4204 τού-

2099 4270 2215 4318 του,
2256 4252 2392 4307 ἀλλὰ
2416 4252 2512 4305 καὶ
2544 4249 2933 4319 περισσότερον
2961 4246 3328 4313 ἀποφαίνεται
3374 4246 3688 4313 προφήτου.

2115 4340 2332 4411 Ἐπειδὴ
2360 4340 2417 4393 δὲ
2446 4340 2541 4393 καὶ
2567 4338 2774 4408 κριταὶ,
2806 4336 2902 4389 καὶ
2929 4334 3241 4404 νομοθέται,
3278 4334 3373 4385 καὶ
3416 4333 3689 4403 βασιλεῖς,

419 4426 587 4483 alicui
618 4427 773 4483 alteri
824 4438 882 4483 ut
917 4427 1146 4484 inferior
1203 4428 1557 4493 succumbat;
1592 4428 1755 4483 unica
1811 4443 1992 4484 asser-

2100 4435 2187 4487 ὲπ’
2213 4434 2381 4505 ἀρετῇ
2416 4431 2558 4500 μέγα
2587 4440 2610 4469 ι’
2639 4429 2931 4484 κατέλιπον
2954 4443 2970 4459 ·
3004 4426 3092 4480 ἵνα
3136 4426 3211 4496 μὴ
3250 4424 3360 4478 τῶν
3389 4426 3488 4493 μὲν
3546 4440 3695 4496 προ-

418 4521 571 4575 tione
606 4535 710 4576 sua
749 4520 1054 4592 Baptistam
1083 4521 1264 4585 docet,
1308 4521 1452 4576 ultra
1500 4536 1693 4578 omnes
1748 4522 1999 4578 obtinere

417 4611 909 4678 praeeminentiatn,
973 4629 992 4663 ι
1030 4609 1150 4667 Non
1199 4611 1461 4677 surrexit,
1511 4611 1792 4681 inquiens,
1852 4611 1998 4666 inter

419 4710 578 4758 natos
602 4703 671 4758 de
693 4703 943 4771 muliere,
975 4704 1152 4774 major
1177 4703 1389 4760 Joanne
1422 4703 1662 4774 Baptista
1682 4704 1747 4758 ⁷³.
1776 4723 1794 4756 ι
1821 4705 1999 4775 Atque

418 4789 494 4843 ita
517 4797 606 4846 est
656 4792 936 4847 secundus
962 4792 1340 4850 encomiorum
1371 4794 1589 4849 modus.
1632 4792 1852 4850 Tertius
1881 4810 1998 4850 me-

416 4882 568 4936 dium
622 4881 901 4939 interserit
939 4886 1218 4956 propheta:
1289 4887 1611 4943 vaticinium
1666 4887 1924 4943 laudibus
1965 4903 1997 4942 a

419 4975 653 5029 Domino
702 4978 1036 5046 praedicatis.
1076 4978 1173 5034 Hic
1198 4986 1282 5034 est
1330 4979 1588 5049 inquiens
1626 4980 1695 5034 de
1728 4995 1840 5050 quo
1861 4979 1998 5035 scri-

415 5076 569 5135 ptum
603 5078 705 5131 est,
745 5084 763 5117 ‹
805 5068 945 5123 Ecce
969 5085 1071 5139 ego
1122 5070 1279 5125 mitto
1335 5071 1589 5140 angelum
1641 5086 1822 5125 meum
1873 5080 2000 5125 ante

417 5153 613 5209 faciem
637 5166 808 5223 tnatn,
836 5161 928 5230 qui
957 5163 1284 5230 praeparabit
1313 5165 1457 5217 viam
1492 5173 1639 5218 tuam
1660 5174 1785 5218 ante
1812 5174 1864 5219 te
1879 5164 1946 5217 ⁷³.
1972 5182 1992 5215 ι

418 5245 663 5304 llelictus
695 5261 867 5306 restat
915 5265 1150 5324 quartus
1204 5256 1421 5319 modus,
1472 5256 1540 5310 de
1576 5272 1686 5329 quo
1724 5257 2000 5327 praecipue

489 5435 536 5466 "
568 5430 701 5487 Luc.
748 5407 843 5495 vn,
871 5431 955 5487 9.8.
1036 5434 1079 5464 ⁷³
1118 5433 1305 5488 Matth.
1346 5452 1423 5500 xi,
1480 5435 1564 5490 10.

2103 4524 2294 4596 φητῶν
2322 4522 2731 4594 περισσότερος,
2779 4520 2888 4574 τῶν
2932 4517 3110 4571 ἄλλων
3158 4516 3215 4569 δέ
3266 4532 3409 4581 τινος
3451 4515 3691 4586 νομισθῇ

2105 4614 2454 4686 ἐνδεέστερος
2479 4630 2493 4644 ·
2536 4613 2638 4684 μιᾷ
2668 4610 2810 4665 κατὰ
2835 4609 3055 4663 πάντων
3096 4607 3392 4676 ἀποφάσει,
3444 4607 3512 4659 τὰ
3554 4622 3694 4676 πρε-

2102 4704 2259 4758 σϐεῖα
2288 4702 2477 4774 φέρειν
2504 4702 2598 4754 τὸν
2644 4697 2957 4768 Βαπτιστὴν
2992 4695 3345 4767 ἁνεκήρυξεν,
3382 4696 3527 4749 ιΟύκ
3556 4694 3692 4763 ὲγήυ

2098 4812 2313 4866 γερται,
2345 4792 2535 4857 εἰπὼν,
2571 4794 2630 4845 ὲν
2658 4792 2937 4861 γεννητοῖς
2963 4787 3261 4856 γυναικῶν,
3304 4786 3508 4858 μείζων
3566 4787 3690 4840 ἰω-

2104 4890 2263 4942 άννου
2286 4887 2380 4942 τοῦ
2414 4884 2739 4940 Βαπτιστοῦ.
2758 4903 2776 4934 ι
2798 4882 2937 4937 Ἀλλ’
2962 4873 3116 4943 οὗτος
3146 4880 3268 4948 μὲν,
3302 4880 3396 4932 καὶ
3436 4881 3466 4933 ὁ
3496 4878 3689 4932 δεύτε-

2108 4998 2198 5052 ρος
2220 4979 2331 5033 τῶν
2368 4977 2660 5048 ἐγκωμίων
2684 4975 2874 5036 τύπος.
2918 4972 2979 5026 '0
3019 4972 3078 5026 δὲ
3097 4971 3303 5042 τρίτος,
3341 4968 3544 5041 μεταξὺ
3576 4970 3690 5024 τῶν

2104 5069 2451 5124 Δεσποτικῶν
2479 5067 2739 5127 ἐπαίνων,
2765 5064 2864 5134 τὴν
2912 5059 3264 5132 προφητικὴν
3317 5055 3690 5129 προϐάλλεται

2108 5161 2433 5234 μαρτυρίαν.
2467 5155 2635 5220 Οὗτος
2664 5158 2795 5228 γὰρ,
2840 5155 3007 5226 φησὶν
3037 5192 3052 5216 ,
3080 5153 3210 5221 περὶ
3237 5145 3300 5204 οὗ
3346 5150 3685 5219 γέγραπται*

2110 5274 2132 5307 ι
2180 5254 2311 5309 Ἰδοὺ
2346 5252 2457 5321 ἐγὼ
2494 5249 2806 5305 ἀποστέλλω
2834 5248 2925 5301 τὸν
2954 5244 3185 5315 ἄγγελόν
3216 5258 3319 5315 μου
3358 5242 3466 5313 πρὸ
3515 5249 3687 5309 7:993-

1684 5588 1921 5646 V'ARM‘I
1954 5587 2356 5646 LECTIONES.

559 5735 718 5801 εἰσ.
748 5734 1041 5799 εὐάλωτος.
1153 5743 1179 5773 ιλ
1210 5735 1293 5788 Ec.
1322 5735 1446 5831 τό.Ὀ
1513 5746 1529 5765 ³
1560 5736 1643 5790 ῐσ.
1679 5736 1990 5808 διαπλῆσαι.

2102 5747 2129 5788 Ρ
2160 5735 2339 5806 ὑμεῖς.
2420 5741 2448 5782 τι
2470 5729 2694 5803 ἔπραξε.
2808 5738 2825 5764 ³
2860 5729 2930 5783 fa.
2968 5725 3122 5790 κλέος
3156 5723 3236 5779 τρι
3272 5720 3443 5791 ὄνομα
3468 5717 3645 5773 deest.
