3902 6212
277 228 420 298 1009

1157 237 1259 300 ΑΒ
1317 238 1913 305 AMPHILOCHIUM
1962 232 2312 317 QUESTIO
2353 242 2635 305 CCXXII.

3406 244 3547 314 1010

272 348 429 403 ώπου
469 366 564 405 σου
587 390 605 418 ,
636 348 698 415 δς
730 352 1132 410 κατασκευάσει
1161 355 1263 427 τὴν
1304 356 1424 412 ὀδόν
1469 375 1565 413 σου
1621 358 1867 431 ἔμπροσ-

1969 361 2278 418 instituitur
2300 360 2642 431 disquisitio,
2696 359 2791 431 qui
2821 368 2880 416 et
2926 360 3063 432 ipse,
3097 369 3159 418 ut
3184 328 3431 435 primus,
3451 381 3549 435 per

276 440 368 495 θέν
401 458 519 498 σου.
554 460 574 496 ι
601 444 805 509 homo;
833 444 891 499 δὲ
936 444 1034 499 καὶ
1081 447 1393 511 τελευταῖός
1435 450 1573 516 ἐστι,
1618 452 1749 523 περ)⁵
1800 442 1862 505 οὗ

278 531 515 601 μάλιστα
557 532 654 587 καὶ
706 534 740 605 ἡ
777 533 991 604 σκέψις,
1035 536 1117 600 ὃς,
1145 537 1400 610 καθάπερ
1429 540 1525 595 καὶ
1548 541 1577 595 6
1623 540 1863 611 πρῶτος,

275 624 336 689 ἐξ
372 622 708 692 ἀναιρέσεως
738 627 839 698 μέν
861 629 977 683 ἐστι
1006 629 1106 700 τῆς
1140 630 1453 700 μηδαμόθεν
1480 636 1865 703 προσηκούσης

274 710 355 781 τῷ
386 712 664 785 Βαπτιστῇ
715 714 1038 787 ὑπολήψεως
1062 732 1077 747 ⁸
1110 721 1233 774 κατ’
1264 719 1536 792 ἐρώτησιν
1566 720 1624 775 δὲ
1649 722 1865 793 ἀπορη-

278 803 520 874 ματικὴν
547 804 641 859 καὶ
669 804 855 874 αὐτὸς,
877 807 978 862 οὐκ
1009 808 1071 874 ἐξ
1099 809 1339 876 εὐθείας,
1360 810 1481 865 οὐδὲ
1508 811 1865 881 ἀποφατικῶς

276 893 527 966 πρόεισιν
547 913 562 928 ο
593 897 658 951 ἐκ
688 898 746 952 δέ
774 898 872 953 τοῦ
902 901 1298 973 συμϐαίνοντος
1331 905 1708 976 ἀτοπήματος,
1760 905 1865 977 τὴν

278 988 495 1060 φαύλην
529 989 804 1063 ὑπόληψιν
844 993 1105 1066 ἀναιρεῖ·
1134 997 1389 1051 κάκεῖθεν
1439 998 1720 1052 διαπλέκει
1769 998 1865 1055 καὶ

277 1081 671 1153 συνάπαρτίζει
701 1085 781 1156 τῷ
806 1086 1089 1160 Βαπτιστῇ
1128 1088 1189 1143 τὸ
1215 1089 1512 1161 ἐγκώμιον.
1545 1092 1641 1155 Τίς
1679 1090 1771 1145 οὖν
1826 1091 1865 1163 η

272 1170 477 1244 ψευδὴς
505 1174 813 1246 ὐπόληψις;
848 1178 922 1231 Τὸ
953 1180 1176 1250 νομίσαι
1202 1181 1357 1244 τινάς
1403 1183 1495 1236 τὸν
1551 1182 1863 1255 Βαπτιστὴν

275 1263 545 1333 ἀγνοῆσαι
582 1264 675 1320 τὸν
732 1269 1163 1340 κηρυσσόμενον,
1215 1272 1310 1327 καὶ
1353 1270 1443 1326 διά
1487 1271 1646 1326 τοῦτο
1696 1290 1864 1345 προσ-

274 1357 523 1423 ενεγκεῖν
572 1356 670 1427 τὴν
694 1357 983 1430 ἐρώτησιν.

350 1447 417 1501 Τί
447 1446 505 1501 δὲ
524 1447 586 1502 τὸ
616 1449 885 1521 ἑπόμενον
917 1453 1158 1523 ἀτοπονς
1194 1456 1270 1509 Τὸ
1307 1455 1673 1528 ἐρῤίφθαιδιά
1704 1456 1865 1511 τοῦτο

275 1538 377 1611 τῆς
408 1539 688 1611 βασιλείας
721 1542 831 1598 τῶν
882 1545 1150 1618 οὐρανῶν.
1198 1547 1258 1603 Ὀ
1288 1550 1397 1619 γὰρ
1430 1550 1488 1603 ὲν
1526 1549 1663 1619 αὐτῇ
1724 1548 1865 1603 πάν-

276 1646 388 1684 των
416 1632 763 1706 μικρότερος,
792 1634 937 1700 τίνος
964 1637 1125 1693 ἀλλου
1150 1639 1354 1711 μείζων
1372 1639 1462 1711 εἴη
1495 1640 1585 1707 ἂν,
1608 1640 1745 1713 πλὴν
1766 1640 1862 1696 τοῦ

278 1722 471 1795 πόρρω
484 1704 690 1797 ταύτης
705 1729 1124 1800 ἀπεληλαμένου
1185 1732 1285 1786 Διά
1314 1733 1368 1785 τί
1391 1733 1434 1786 δ’
1447 1704 1861 1804 ἀπορρίπτοιτο,
1890 1704 1938 1766 Β

276 1813 402 1868 οὐδὲ
442 1814 603 1885 λόγου
636 1817 832 1875 δεῖται.
864 1822 976 1875 Καὶ
1006 1822 1137 1893 γὰρ,
1165 1824 1285 1895 ὁμὴ
1320 1825 1686 1894 πεπεισμένος
1714 1826 1867 1895 ἀκρι-

277 1904 392 1971 ϐῶς
418 1906 508 1962 τὸν
549 1910 616 1963 ἐκ
647 1910 926 1982 Παρθένου
956 1913 1054 1984 μὲν
1086 1914 1444 1986 γεννηθέντα,
1476 1914 1580 1969 ὐπὸ
1623 1914 1868 1968 Ἰωάννου

277 1997 340 2052 δὲ
396 1998 785 2070 βαπτισθέντα,
816 2003 921 2057 ὑπὸ
946 2005 1003 2058 δὲ
1031 2006 1132 2076 τῆς
1174 2007 1388 2078 Πατρὸς
1418 2007 1605 2078 φωνῆς
1657 2024 1869 2078 μαρτυ-

282 2089 539 2160 ρηθέντα,
573 2093 670 2147 καὶ
696 2094 802 2148 ὑπὸ
828 2095 925 2149 τοῦ
949 2097 1245 2167 συγγενοῦς
1267 2098 1654 2171 ὐποδειχθέντα
1686 2100 1862 2155 Πνεύ-

281 2200 474 2254 ματος,
524 2184 714 2240 τοῦτον
754 2188 1053 2262 Λυτρωτὴν
1080 2190 1177 2243 τοῦ
1212 2191 1447 2262 κόσμου,
1490 2194 1584 2247 καὶ
1613 2192 1708 2247 τοῦ
1741 2194 1868 2266 ᾅδου

277 2275 615 2349 καθαιρέτην
653 2272 813 2346 εἶναι,
841 2280 1000 2352 δῆλον
1038 2280 1115 2346 ώς
1151 2283 1180 2335 6
1211 2282 1476 2349 τοιοῦτος,
1504 2284 1662 2351 ἐκτός
1702 2286 1863 2341 ἐστι·

275 2366 381 2438 τῆς
403 2366 683 2439 βασιλείας
704 2369 817 2425 τῶν
840 2372 1109 2443 οὐρανῶν.
1148 2374 1270 2439 Πῶς
1298 2375 1412 2446 γὰρ
1435 2375 1503 2430 ἂν
1519 2375 1865 2450 κληρονομή-

279 2474 397 2513 σειε
441 2458 744 2537 βασιλείαν,
777 2463 806 2516 ό
835 2463 975 2534 μηδὲ
1012 2463 1103 2519 τὸν
1130 2465 1337 2537 ταύτης
1372 2468 1735 2538 ἐπιστάμενος
1758 2472 1868 2541 Δη-

280 2550 569 2623 μιουργδν,
598 2554 694 2607 καὶ
725 2553 1006 2625 διανομέα,
1058 2558 1154 2611 κα)⁸
1192 2558 1529 2632 κληρούχον;
1563 2559 1699 2619 Εἶτα
1750 2564 1867 2631 πῶς

276 2638 585 2711 ἀναιρεῖται
613 2640 677 2695 τὸ
703 2641 945 2712 hort-0v;
975 2644 1085 2699 Kal.
1122 2646 1346 2701 αὐτόθεν
1409 2647 1533 2718 μέν.
1580 2648 1707 2713 Πῶς
1758 2650 1866 2724 γὰρ

278 2732 386 2787 οὐκ
432 2734 658 2801 ἄτοπον,
702 2735 793 2790 τὸν
840 2735 1022 2802 ἄλλοις
1071 2739 1385 2808 κηρύξαντα
1429 2740 1531 2814 την
1564 2741 1864 2813 βασιλείαν,

280 2826 450 2883 αὐτὸν
479 2827 739 2883 ἐκπεσεῖν
784 2829 1023 2901 ταύτηςς
1066 2831 1226 2886 Ἀλλά
1272 2849 1335 2902 γε
1369 2834 1465 2887 καὶ
1510 2836 1575 2888 ἐκ
1605 2834 1716 2889 τῶν
1761 2835 1865 2907 έμ-

282 2918 520 2989 προσθεν
543 2920 879 2991 εἰρημένων.
914 2922 977 2976 El
1004 2921 1099 2976 οὖν
1123 2925 1361 2995 ἠγνόησε
1391 2925 1511 2996 μὲν,
1545 2927 1685 2999 ὅπερ
1733 2928 1866 2999 ἐκή-

283 3008 468 3110 ρυξεν,
497 3011 527 3065 6
559 3011 1060 3110 :lwd-YVQS'FWF
1082 3015 1139 3069 δὲ
1166 3016 1310 3090 λήθῃ
1350 3017 1421 3071 τά
1442 3017 1650 3073 ἀνωθεν
1699 3019 1867 3090 ἡκου-
1890 3046 1936 3110 C

283 3103 493 3175 apévts'
520 3104 621 3159 οὐκ
640 3101 750 3161 οἶδε
786 3105 844 3160 δέ
867 3104 926 3159 ὃν
953 3106 1249 3162 ἐϐάπτισεν
1274 3125 1290 3139 ο
1331 3110 1516 3182 ἐρωτᾷ
1568 3111 1614 3164 δ’
1645 3111 1733 3166 ἵνα
1758 3112 1865 3183 μά-

281 3194 377 3264 θε,
427 3194 511 3259 τίς
536 3196 685 3251 ἐστιν
706 3198 735 3250 6
767 3198 1223 3269 προσδοκώμενος
1243 3215 1259 3232 ·
1295 3200 1459 3270 δῆλον
1486 3201 1563 3267 ὡς
1588 3202 1711 3257 οὐδὲ
1764 3203 1864 3275 τῆς

284 3283 566 3354 βασιλείας
592 3286 750 3354 ὅλως,
779 3287 901 3342 οὐδέ
932 3288 1055 3343 καθ’
1087 3290 1155 3360 ἢν
1175 3290 1205 3343 6
1240 3290 1564 3363 μικρότερος
1592 3293 1866 3347 διαιτᾶται

282 3376 442 3446 λῆξιν
470 3416 487 3441 ,
581 3378 704 3433 οὐδὲ
765 3379 984 3451 ,ταύτης
1051 3379 1435 3454 ἀξιωθήσεται.
1512 3383 1675 3439 Ἀλλά
1756 3384 1867 3439 τῶν

286 3468 388 3538 μὲν
436 3467 559 3523 λίαν
616 3469 983 3525 ἀτοπωτάτων
1044 3472 1239 3539 τοῦτο,
1292 3473 1363 3528 τά
1435 3491 1498 3527 τε
1558 3475 1698 3530 ἄλλα
1769 3477 1867 3532 καί⁹

283 3560 352 3614 ἐκ
378 3559 488 3614 τῶν
514 3560 721 3617 ἀνωθεν
745 3562 1071 3633 είρημένων.
1098 3563 1210 3618 Ποῦ
1240 3564 1347 3636 γὰρ
1373 3567 1680 3637 προφήτης,
1707 3569 1734 3622 6
1761 3586 1869 3641 μη-

282 3652 344 3706 δὲ
371 3652 440 3706 τά
494 3653 553 3706 ἐν
594 3653 751 3725 χερσὶ
796 3654 1046 3727 βλέπων;
1091 3655 1204 3710 Ποῦ
1234 3656 1292 3709 δὲ
1338 3658 1636 3729 προφητῶν
1672 3676 1869 3731 περισ-

284 3746 526 3816 σότερος,
544 3746 640 3800 καὶ
669 3747 835 3802 αὐτὸν
860 3746 953 3802 τὸν
984 3748 1394 3821 κηρυσσόμενον
1418 3751 1692 3823 ἀγνοήσας
1722 3768 1737 3819 ;
1776 3754 1868 3809 Ἐν

282 3840 571 3909 γεννητοῖς
598 3838 656 3892 δέ
685 3839 960 3908 γυναικῶν
996 3840 1202 3911 μείζων
1248 3841 1367 3907 πῶς
1420 3842 1508 3909 ἂν,
1552 3846 1581 3898 6
1613 3846 1748 3916 μηδὲ
1770 3846 1869 3917 τῆς

284 3929 567 4000 βασιλείας
598 3929 785 3999 ἀξιοςς
814 3933 916 3987 οὐκ
943 3932 1053 4004 ἄρα
1081 3935 1413 4005 μικρότερος
1464 3936 1721 4008 οὐδαμῶς
1769 3938 1866 3993 τοῦ

285 4022 619 4094 μικροτέρου
656 4024 765 4077 τῶν
792 4026 852 4079 ἐν
886 4024 1136 4098 βασιλείᾳ
1166 4026 1276 4080 τῶν
1303 4028 1572 4099 οὐρανῶν,
1621 4028 1731 4082 οὐδ’
1758 4030 1866 4101 ἄρα

278 4116 572 4188 ἠγνόησεν,
607 4115 668 4170 ὃν
693 4117 992 4188 ἐκήρυξενο
1049 4120 1159 4173 οὐδ’
1214 4120 1281 4173 ἵν’
1327 4120 1489 4185 αὐτὸς
1524 4122 1692 4194 μάθῃ,
1747 4122 1868 4177 ἀλλ’

283 4207 374 4259 ἵνα
400 4208 528 4269 τοὺς
561 4206 810 4279 μαθητὰς
859 4208 949 4262 διὰ
976 4208 1076 4280 τῆς
1103 4209 1371 4279 αὐτοψίας
1424 4211 1714 4285 βελτιώση,
1765 4214 1867 4283 τὴν

1968 456 2314 527 negationem
2340 457 2487 511 illius
2545 455 2826 526 opinionis
2858 456 3237 524 constituitur,
3279 474 3444 528 quam
3479 462 3549 516 de

1966 547 2208 618 Baptista
2236 547 2526 618 concipere
2544 563 2653 602 non
2680 556 2798 603 erat
2821 562 3063 619 (equum.
3094 547 3549 606 Procetlitautem

1967 639 2084 711 ipse
2119 638 2338 706 modus,
2365 655 2465 710 per
2513 638 3001 710 interrogationem
3035 641 3547 713 dubitationesque,

1968 746 2077 786 non
2117 730 2323 787 directe
2364 746 2468 787 nec
2522 730 2849 788 allirmative
2910 733 3275 803 proponitur;
3319 750 3544 804 pravam

1965 832 2151 881 autem
2184 824 2334 880 illam
2392 824 2711 895 opinionem
2757 826 2904 881 tollit
2934 842 3033 897 per
3062 828 3363 883 absurdum
3397 830 3547 898 quod

1964 916 2323 987 consequitur
2376 916 2557 983 illud;
2598 926 2767 987 atque
2817 918 2943 972 inde
2999 918 3293 989 complicat
3331 930 3385 974 et
3409 936 3547 976 con-

1965 1021 2207 1065 summat
2243 1008 2503 1079 Baptista:
2537 1009 2873 1065 encomium.
2926 1009 3212 1076 Quodnam
3242 1011 3410 1081 igttur
3438 1011 3545 1067 l‘al-

1964 1115 2085 1156 sum
2146 1100 2292 1170 quod
2325 1097 2682 1169 supponitur?
2723 1113 2917 1167 nempe
2950 1113 3071 1152 esse
3125 1098 3217 1167 qui
3249 1100 3546 1166 opinaren-

1964 1201 2053 1248 tttr
2090 1190 2389 1262 Baptistam
2456 1191 2741 1263 ignorasse
2769 1204 2918 1255 eum,
2979 1204 3145 1260 quem
3191 1189 3545 1260 praedicabat,

1964 1293 2127 1354 atque
2153 1284 2276 1339 ideo
2303 1283 2664 1353 quaestionem
2692 1281 3016 1337 instituisse.

2038 1457 2399 1529 Consequens
2423 1456 2748 1521 absurdum,
2788 1454 3063 1527 quodnam
3091 1454 3221 1510 est?
3261 1453 3546 1518 nimirum,

1964 1551 2111 1622 quod
2141 1550 2215 1605 ita
2239 1567 2269 1606 a
2293 1564 2458 1621 regno
2475 1549 2742 1605 ccelorum
2774 1548 3117 1604 excludetur.
3148 1546 3250 1613 Qui
3287 1545 3545 1600 omnibus

1966 1649 2017 1695 et
2036 1638 2268 1710 singulis
2287 1637 2344 1692 in
2376 1637 2470 1693 illo
2490 1652 2660 1707 regno
2677 1636 2996 1692 constitutis
3026 1635 3205 1690 minor
3230 1646 3334 1700 est,
3369 1649 3549 1703 ecquo

1969 1731 2143 1801 major
2164 1731 2494 1795 invenietur,
2521 1730 2623 1784 nisi
2649 1744 2735 1794 eo,
2769 1729 2862 1799 qui
2894 1730 2963 1783 ab
2992 1728 3087 1783 illo
3105 1729 3264 1799 longe
3294 1728 3545 1782 eliminet

1972 1824 2100 1879 tur?
2140 1821 2254 1878 Nec
2276 1832 2359 1877 est
2380 1836 2519 1891 opus
2549 1820 2750 1876 docere
2779 1837 2879 1875 cur
2905 1821 2989 1876 sic
3007 1821 3356 1876 excludatur.
3389 1819 3549 1874 Patet

1969 1915 2196 1972 omnino
2228 1914 2378 1985 quod
2414 1922 2568 1968 extra
2598 1913 2863 1968 cmlorum
2894 1927 3121 1984 regnum
3145 1927 3405 1967 emansor
3440 1913 3546 1967 erit

1969 2009 2079 2075 ille,
2113 2007 2208 2079 qui
2240 2021 2351 2062 non
2387 2005 2617 2061 ﬁrmiter
2636 2004 2952 2072 crediderit,
2984 2015 3170 2059 natum
3203 2004 3270 2059 de
3305 2002 3546 2073 Virgine,

1967 2101 2305 2171 baptizatum
2337 2112 2370 2153 a
2393 2096 2628 2162 Joanne,
2660 2107 2899 2167 paterna:
2928 2097 3077 2152 vocis
3109 2096 3426 2151 teSIitnonio
3453 2095 3549 2151 de-

1968 2192 2301 2252 nuntiatum,
2323 2205 2353 2244 a
2385 2188 2678 2260 congeneri
2713 2188 2907 2259 spiritu
2940 2188 3399 2252 demonstratum,
3442 2184 3547 2241 Re-

1966 2284 2310 2353 demptorem
2329 2280 2519 2336 mundi
2536 2296 2683 2346 esse,
2699 2289 2752 2335 et
2770 2280 2971 2336 inferni
3001 2280 3378 2351 spoliatorem.
3394 2278 3547 2345 Quo-

1968 2376 2132 2430 modo
2162 2390 2393 2444 regnum
2421 2372 2555 2429 illud
2587 2374 2935 2428 ltmreditabit
2968 2374 3035 2439 is,
3071 2373 3168 2443 qui
3203 2373 3547 2427 conditorem

1969 2466 2182 2536 ignoret
2233 2464 2375 2534 ejus,
2427 2464 2521 2535 qui
2573 2464 3037 2534 dispensatorem,
3074 2463 3168 2533 qui
3221 2463 3546 2519 sortiturum

1967 2568 2064 2613 aut
2080 2557 2491 2613 distributorem
2513 2557 2536 2610 ‘2
2567 2556 2680 2612 Hoc
2703 2568 2884 2611 autem
2913 2557 3214 2612 absurdum
3271 2557 3547 2625 quomodo

1968 2647 2213 2704 tollitur?
2244 2660 2339 2718 per
2411 2648 2677 2718 seipsum,
2748 2664 2963 2719 nempe,
3017 2648 3164 2719 quod
3222 2646 3295 2701 sit
3350 2647 3549 2700 absur-

1967 2740 2119 2795 dum.
2149 2740 2230 2796 Ita
2259 2748 2341 2797 est
2374 2739 2547 2805 enim,
2575 2750 2635 2794 ut
2657 2740 2704 2796 is
2730 2740 2824 2809 qui
2858 2740 2983 2794 aliis
3010 2739 3378 2794 annuntiabat
3416 2735 3549 2791 illud

1967 2848 2216 2903 regnum,
2245 2832 2315 2887 ab
2341 2832 2458 2903 ipso
2494 2832 2611 2903 ipse
2636 2832 3052 2897 excluderetur;
3080 2832 3176 2887 sed
3206 2839 3264 2885 et
3291 2831 3361 2885 ab
3394 2840 3549 2885 ante-

1967 2925 2127 2981 dictis
2180 2924 2437 2980 tollitur:
2495 2923 2555 2979 Si
2610 2922 2903 2994 ignorabat
2960 2937 3123 2991 quem
3187 2920 3550 2976 annuntiabat

1967 3015 2229 3085 Joannes,
2259 3018 2305 3072 si
2323 3015 2599 3072 oblivione
2631 3015 2847 3087 sepeliit
2871 3030 2994 3086 quae
3022 3016 3090 3070 de
3106 3015 3248 3070 coelo
3280 3015 3547 3081 audierat,

1969 3109 2015 3165 si
2067 3124 2178 3163 non
2203 3108 2415 3165 noverit
2451 3123 2616 3179 quem
2648 3108 2998 3177 baptizabat;
3031 3106 3228 3176 qumrit
3254 3116 3461 3171 autem,
3492 3114 3553 3160 ut

1966 3201 2335 3258 inforntetur:
2367 3200 2505 3269 Quis
2547 3210 2631 3257 est
2657 3200 2753 3271 qui
2796 3207 3176 3269 exspectatur.
3213 3198 3371 3253 Certe
3406 3205 3553 3268 patet

1966 3294 2114 3366 quod
2145 3309 2244 3349 nec
2270 3307 2439 3363 regno
2464 3293 2732 3349 cmlorutn
2767 3306 2867 3346 nec
2908 3293 3017 3345 isto
3045 3300 3193 3345 statu
3225 3289 3424 3360 dignus
3455 3288 3554 3344 ha-

1966 3387 2149 3453 betur,
2179 3386 2235 3440 in
2286 3399 2397 3455 quo
2423 3384 2517 3454 qui
2551 3382 2815 3437 minimus
2841 3390 2927 3437 est
2960 3391 3233 3437 versatur.
3276 3380 3382 3435 Sed
3426 3394 3553 3436 esse

1966 3477 2074 3533 hoc
2119 3480 2260 3531 inter
2287 3474 2685 3530 absurdissima
2718 3472 3081 3538 censendum,
3134 3488 3259 3526 cum
3301 3471 3548 3536 aliunde,

1969 3578 2130 3625 tume
2160 3567 2319 3623 dictis
2359 3566 2429 3621 ab
2460 3566 2616 3622 initio
2647 3573 2816 3636 patet.
2856 3563 2958 3620 Ubi
2985 3573 3071 3621 est
3110 3566 3400 3635 propheta,
3456 3562 3551 3632 qui

1966 3676 2071 3716 nec
2119 3676 2241 3729 quae
2280 3670 2409 3714 ante
2469 3657 2633 3728 pedes
2665 3665 2946 3728 ponuntur
2992 3656 3182 3711 videt?
3223 3655 3325 3712 Ubi
3374 3653 3554 3725 major

1966 3752 2271 3823 prophetis,
2302 3750 2396 3822 qui
2436 3765 2597 3821 quem
2638 3750 3002 3804 annuntiabat
3040 3748 3376 3819 ignorabat?
3407 3747 3556 3801 inter

1967 3855 2126 3901 natos
2159 3846 2474 3909 mulierum,
2511 3842 2789 3914 quomodo
2820 3852 2940 3898 erat
2970 3842 3169 3912 major,
3221 3841 3318 3913 qui
3380 3853 3554 3911 regno

1966 3938 2224 4009 indignus
2241 3945 2327 3992 est
2350 3936 2374 3989 ?
2404 3933 2523 3991 Non
2548 3945 2633 3991 est
2661 3937 2808 3991 enim
2839 3937 3021 3991 minor
3060 3935 3288 3990 minimo
3314 3936 3366 3988 in
3388 3948 3552 4005 regno

1965 4025 2265 4092 caelorum;
2310 4041 2417 4080 non
2450 4025 2615 4096 igitur
2654 4026 2926 4097 ignoravit
2957 4042 3121 4097 quem
3148 4026 3548 4082 annuntiabat:

1968 4129 2075 4170 non
2107 4122 2167 4168 ut
2229 4115 2345 4184 ipse
2372 4116 2563 4181 sciret,
2605 4117 2703 4171 sed
2740 4126 2799 4171 ut
2822 4117 3073 4187 discipuli
3103 4118 3175 4172 ab
3225 4117 3401 4173 oculis
3432 4132 3548 4171 mc-

1970 4208 2331 4274 liorarentur,
2365 4208 2672 4264 doctrinam
2703 4224 2798 4278 per
2847 4209 3172 4279 quaestionis
3191 4208 3421 4262 formam
3468 4206 3555 4261 in-

278 4298 631 4353 διδασκαλίαν
657 4301 738 4364 είς
765 4302 1035 4372 ἐρώτησιν
1065 4302 1427 4374 ἐσχημάτισε.
1497 4305 1641 4359 Ἀλλ’
1700 4307 1733 4376 ἡ
1763 4308 1863 4376 μὲν

1970 4298 2169 4350 stituit.
2206 4298 2385 4364 Atque
2408 4296 2486 4350 ita
2519 4295 2592 4349 sit
2623 4296 2793 4350 totius
2815 4295 2981 4365 hujus
3013 4296 3115 4350 loci
3152 4295 3424 4350 sententia
3452 4311 3551 4348 ex—

278 4393 412 4461 ὃλης
448 4392 729 4457 ίδιανοίας
770 4393 1069 4461 ἀνάπτυξις
1119 4396 1283 4467 α’ὐτη.
1340 4398 1399 4453 ’0
1452 4398 1509 4451 δὲ
1539 4401 1870 4464 Δεσποτικὸς

283 4486 378 4537 καὶ
417 4482 562 4547 θεῖος
607 4484 876 4556 χρησμὸς,
930 4484 1116 4557 δριμεῖ
1165 4503 1225 4540 τε
1285 4488 1380 4541 καὶ
1439 4489 1868 4562 συντετμημένῳ

280 4574 449 4645 λόγῳ,
479 4574 570 4630 διά
594 4574 691 4628 τοῦ
734 4577 856 4630 κατ’
884 4575 1154 4649 ἐρώτησιν
1180 4578 1608 4651 ἀπορηματικοῢ
1663 4581 1863 4648 τύπου,

280 4663 382 4736 τὴν
410 4663 541 4734 ὃλην
573 4663 925 4737 παρέστησεν
966 4664 1213 4733 ἔννοιαν,
1244 4666 1438 4735 εἰπὼν,
1480 4685 1501 4720 ι
1546 4667 1605 4721 '0
1664 4668 1723 4721 δὲ
1777 4685 1869 4737 μι-

279 4757 542 4830 κρότερος
569 4758 629 4812 ἐν
656 4759 723 4828 τῇ
756 4756 1003 4828 βασιλείᾳ
1032 4757 1141 4812 τῶν
1173 4757 1440 4830 οὐρανῶν,
1502 4759 1708 4830 μείζων
1759 4759 1862 4813 αὐ-

1967 4389 2191 4458 plicata.
2252 4388 2467 4441 Domini
2510 4399 2691 4441 autem
2744 4389 2914 4441 nostri
2946 4387 3196 4441 divinum
3252 4387 3548 4440 oraculum

1967 4492 2160 4533 severo
2192 4478 2427 4548 quodam
2461 4487 2516 4531 et
2546 4486 2834 4531 contracto
2868 4491 3127 4532 sermone
3169 4476 3413 4531 adhibita
3453 4477 3553 4529 du-

1966 4569 2252 4625 bitationis
2282 4585 2377 4639 per
2416 4569 2778 4639 quaestionem
2813 4568 2985 4622 forma
3022 4567 3327 4637 generalem
3365 4584 3558 4637 sugge—

1966 4662 2040 4717 rit
2073 4662 2517 4733 intelligentiam,
2553 4678 2676 4716 cntn
2710 4660 2867 4723 dicit,
2915 4678 2933 4711 ι
2970 4662 3040 4714 At
3067 4660 3160 4729 qui
3193 4660 3454 4714 minimus
3475 4669 3557 4714 est

1965 4755 2021 4809 in
2052 4770 2221 4825 regno
2242 4755 2508 4810 caelorum
2542 4755 2633 4808 illo
2665 4755 2837 4825 major
2858 4762 2942 4808 est
2970 4753 2993 4806 ?
3018 4770 3036 4803 ι
3062 4752 3186 4806 llaec
3209 4768 3309 4806 vox
3342 4768 3467 4806 cum
3489 4768 3555 4805 ex

278 4848 376 4903 τοῦ
409 4851 562 4917 ἐστι;
601 4868 621 4903 ι
652 4848 870 4921 Ταύτης
894 4850 1004 4921 γὰρ
1031 4850 1131 4919 τῆς
1165 4852 1368 4921 φωνῆς,
1402 4851 1462 4919 ἐξ
1495 4852 1666 4923 αὐτῆς
1692 4852 1864 4923 ἀκοῆς

1968 4848 2081 4919 ipso
2099 4848 2288 4904 auditu
2315 4848 2740 4917 intelligebatur,
2771 4856 2824 4902 et
2852 4862 2975 4902 eum
3000 4860 3099 4915 per
3128 4844 3351 4898 nimiam
3367 4844 3559 4898 absur-

280 4939 638 5013 ἀπαντώσης,
667 4942 763 4996 καὶ
790 4944 855 5014 τῇ
891 4941 985 4995 τοῦ
1020 4942 1374 5013 ἀτοπήματος
1428 4943 1705 5015 ὑπερϐολῇ
1763 4943 1867 4998 οὐκ

1968 4940 2190 4997 ditatem
2237 4956 2347 4995 non
2378 4942 2619 5010 patiatur
2648 4955 2750 4995 nos
2787 4939 2840 4993 itt
2877 4937 3269 5007 cogitationem
3308 4937 3552 5008 aliquam

281 5031 462 5105 ἐώσης
493 5035 575 5097 είς
603 5034 830 5107 ἀπρεπῆ
858 5052 981 5089 τινα
1016 5035 1290 5107 ὑπόληψιν
1325 5034 1422 5089 τοῦ
1456 5036 1555 5107 τῆς
1600 5034 1864 5108 ἀληθείας

1968 5032 2299 5089 descendere
2337 5033 2406 5088 de
2436 5033 2667 5089 veritate
2716 5031 2883 5101 hujus
2924 5029 3217 5099 prmconis,
3280 5030 3466 5083 statim
3494 5030 3551 5083 in

282 5126 527 5198 κήρυκος
559 5126 963 5198 ἀπενεχθῆναιο
988 5127 1153 5192 εὐθὺς
1187 5129 1287 5199 μὲν
1317 5129 1755 5199 συνελαυνόμεθα
1787 5130 1868 5195 είς

1980 5128 2507 5198 contemplationem
2566 5142 2669 5183 nos
2695 5127 2919 5182 deducit
2952 5126 3243 5197 prudentis
3301 5126 3445 5181 illius
3501 5134 3556 5179 t-t

279 5219 346 5271 τὺ
370 5218 605 5273 συνιδεῖν
629 5218 690 5274 τὺ
721 5220 887 5290 σοφὸν
917 5220 1013 5275 καὶ
1047 5221 1325 5293 ὠφέλιμον
1346 5220 1448 5292 τῆς
1476 5221 1564 5275 διὰ
1595 5221 1705 5276 τῶν
1764 5240 1872 5292 μα-

1978 5220 2235 5291 perutilis
2271 5220 2589 5290 quaestionis
2613 5219 3035 5290 discipulorum.
3069 5217 3251 5288 Atque
3297 5218 3423 5272 inde
3458 5216 3555 5271 dc-

282 5310 463 5380 θητῶν
479 5309 801 5383 ἐρωτήσεως
819 5312 1061 5367 ’ἐκεῖθεν
1077 5313 1135 5367 δὲ
1161 5311 1326 5366 πάλιν
1356 5313 1436 5377 είς
1456 5311 1557 5383 τὴν
1571 5312 1682 5365 τῶν
1712 5313 1870 5367 ἐπαί-

1981 5328 2131 5368 mum
2156 5312 2223 5368 ad
2251 5311 2441 5369 laudes
2464 5312 2640 5383 ipsius
2668 5310 3037 5368 admittendas
3072 5308 3409 5365 inducimur.
3443 5306 3555 5362 Nec

281 5419 390 5457 νων
422 5402 691 5475 ἀποδοχὴν
716 5402 797 5458 ἔτι
829 5402 1030 5476 μᾶλλον
1063 5404 1408 5478 ἐφελκόμεθα
1432 5421 1448 5437 ⁸
1484 5406 1579 5461 καὶ
1622 5404 1745 5478 οὐχὶ
1772 5405 1869 5462 τοῦ

1980 5404 2279 5476 Baptistam
2302 5405 2650 5465 decernimus
2664 5405 2931 5465 minorem
2950 5418 3073 5465 esse
3092 5403 3186 5462 illo
3206 5402 3301 5476 qui
3320 5402 3373 5458 in
3392 5416 3560 5473 regno

1561 5604 1800 5663 VAlilA‘l
1848 5603 2248 5666 LECTIONES.

395 5708 416 5739 ι
441 5698 614 5756 ἔσται.
639 5699 701 5761 (3,
746 5698 815 5757 M.
844 5699 997 5765 ἐκτός
1020 5701 1153 5755 ἐστι.
1237 5702 1254 5737 ί
1286 5700 1343 5755 (ὲ.
1366 5699 1437 5757 Μ.
1463 5700 1559 5770 τῆς
1594 5699 1742 5772 ὅλης.
