3902 6212
382 259 515 329 1011

1540 272 1803 335 ΡΗΟΤΙΙ
1824 274 2329 336 ΡΑΤΒΙΛΒΟΗΕ
2359 274 2470 336 CP.

3500 272 3636 338 1012

379 377 646 435 calorum
697 378 962 438 minimus
988 390 1073 438 est
1098 381 1466 455 (nequaquam
1500 390 1690 457 certe),
1739 390 1831 446 sed
1864 391 1949 460 ju-

2062 392 2387 463 μικροτέρου
2417 390 2527 444 τῶν
2560 391 2620 445 ἐν
2650 393 2714 463 τῇ
2751 390 2999 469 βασιλείᾳ
3030 391 3138 446 τῶν
3185 392 3427 463 οὐρανῶν
3478 394 3634 448 ἐλάτε-

376 470 553 533 dices,
586 471 994 541 legumlatores,
1030 489 1209 545 reges,
1268 487 1433 546 atque
1492 477 1642 547 ipsos
1689 482 1825 537 adeo
1856 497 1954 551 pa-

378 562 654 618 triarchas
699 578 1145 634 supergressum,
1180 575 1345 635 atque
1398 569 1614 623 veritati
1651 572 1756 627 hoe
1812 573 1957 628 amr-

380 653 555 706 manti
608 669 892 708 assensum
927 656 1266 711 adhibemus.
1301 656 1411 712 Nec
1443 660 1682 729 injuria;
1717 662 1954 718 vinculis

377 743 599 797 enimet
630 744 916 814 multiplici
944 746 1233 801 amictione
1262 750 1764 821 constringebatur,
1793 755 1955 811 morti

383 837 598 890 tandem
646 838 975 903 destinatus,
1006 855 1105 908 pro
1134 839 1249 908 lege
1299 857 1495 911 nempe
1528 844 1714 898 divina
1771 858 1954 901 certa-

381 943 505 982 men
532 930 813 985 subiturus
840 946 854 992 ;
880 946 977 985 uec
1008 939 1189 985 tamen
1227 932 1346 999 ejus
1380 933 1433 987 in
1459 935 1669 1005 Agnum
1704 937 1815 1001 Dei,
1848 938 1954 992 tol-

380 1020 581 1075 lentem
614 1033 830 1091 peccata
873 1025 1082 1085 mundi,
1140 1025 1476 1081 desiderium
1556 1028 1951 1085 inﬂammatum

380 1116 784 1170 emarcesrebat
812 1134 827 1180 ;
882 1116 1134 1186 quiuimo
1189 1118 1364 1186 magis
1389 1118 1670 1190 magisque
1697 1118 1953 1185 eﬂloruit,

381 1212 438 1256 et
478 1220 573 1272 per
605 1214 832 1258 mortem
869 1207 1178 1260 enitebatur
1212 1208 1435 1262 accendi
1491 1210 1871 1265 vehementius
1900 1220 1955 1265 et

381 1294 695 1349 immortale
726 1298 863 1352 tieri.
896 1297 1013 1351 Non
1043 1300 1279 1354 cessavit
1317 1316 1504 1366 manu,
1548 1301 1756 1370 lingua,
1802 1304 1953 1358 omni

383 1386 594 1441 ratione
629 1388 904 1441 cwlestem
938 1389 1090 1442 illum
1116 1390 1390 1459 Sponsum
1425 1393 1811 1461 depraedieare,
1840 1395 1955 1449 sin-

382 1479 539 1549 gulos
578 1479 627 1533 ei
671 1481 871 1536 ardens
929 1483 1258 1550 conjunctos
1302 1486 1560 1554 copulare
1595 1496 1649 1539 et
1707 1502 1953 1542 amorem

382 1571 658 1640 sponsalis
701 1572 925 1626 thalami
981 1574 1242 1629 inserere.
1272 1576 1415 1641 Quin
1452 1585 1506 1631 et
1547 1578 1681 1631 mihi
1712 1579 1951 1643 videtur,

379 1659 621 1715 laetatum
658 1663 725 1717 de
776 1664 977 1733 gladio,
1016 1676 1071 1721 et
1101 1668 1225 1736 angi
1251 1677 1475 1737 propter
1522 1672 1858 1735 tarditatem,
1892 1682 1953 1727 et

379 1751 446 1804 ad
481 1751 605 1808 illos
643 1769 939 1824 properare
996 1758 1088 1826 qui
1153 1760 1293 1826 apud
1322 1759 1527 1816 inferos
1564 1773 1743 1826 erant,
1787 1772 1844 1817 ut
1898 1773 1952 1817 et

376 1844 456 1899 ibi
508 1846 647 1902 alios
688 1849 1030 1918 praeveniens
1089 1860 1466 1921 exspectatum
1529 1855 1865 1921 enuntiaret,
1897 1864 1952 1911 et

375 1937 595 2005 primus
646 1941 1066 2010 evangelizaret.
1108 1945 1305 1997 Annon
1343 1945 1458 1998 haec
1486 1946 1734 2000 encomia
1766 1945 1953 2002 Domi~

374 2030 558 2084 nicam
585 2031 850 2086 decebant
880 2034 1121 2103 linguam
1146 2036 1169 2089 ?
1202 2026 1524 2094 intuebatur
1546 2036 1805 2110 gladium,
1830 2055 1951 2094 car-

378 2124 569 2179 nifices
606 2125 940 2191 intuebatur,
985 2129 1315 2185 occisionem
1363 2147 1461 2202 pro
1510 2132 1733 2187 stimulo
1768 2132 1951 2188 Domi-

377 2214 568 2270 minici
596 2218 805 2273 amoris
858 2218 1174 2288 adhibebat,
1206 2231 1352 2278 lotus
1403 2224 1468 2278 ad
1509 2240 1631 2278 eum
1661 2235 1949 2279 converte-

375 2304 558 2360 batur.
595 2306 831 2362 Omnino
855 2324 1041 2364 verum
1079 2317 1185 2376 est,
1220 2329 1239 2360 ι
1276 2310 1419 2365 inter
1446 2319 1603 2365 natos
1645 2311 1938 2365 mulierum

376 2415 486 2453 nun
515 2401 759 2454 surrexit
796 2401 1195 2470 majorJoanne
1210 2403 1473 2473 Baptista.
1512 2423 1530 2455 ι
1564 2402 1741 2472 Caput
1766 2405 1946 2473 ipsum

376 2490 592 2545 Domini
630 2492 950 2561 attingebat,
1012 2495 1081 2548 ab
1119 2505 1278 2549 utero
1330 2496 1719 2559 annuntiabat,
1774 2513 1949 2569 usque

371 2582 443 2636 ad
482 2592 710 2637 mortem
779 2586 1163 2651 annuntiabat,
1208 2587 1469 2641 mundum
1544 2588 1611 2642 ad
1677 2591 1947 2659 poeniten-

373 2675 508 2728 tiam
536 2675 863 2731 attrahebat.
907 2676 1059 2730 Mitto
1098 2678 1577 2733 conversationem
1619 2679 1671 2733 in
1703 2680 1945 2747 deserto,

371 2768 594 2823 diaetam
644 2769 945 2836 insolitam,
986 2770 1330 2840 impudentes
1401 2773 1540 2827 adeo
1596 2770 1814 2828 Iudaeos
1847 2789 1949 2843 pu-

369 2860 506 2915 dore
533 2859 955 2926 sut'fundentem,
996 2863 1467 2919 conversationem
1507 2874 1561 2920 et
1592 2864 1806 2919 vivendi
1831 2879 1949 2919 mo-

374 2951 504 3007 dum
547 2954 687 3007 ultra
738 2955 1068 3017 humanum,
1134 2970 1232 3024 per
1263 2970 1385 3025 qua:
1420 2956 1663 3027 patentia
1706 2957 1946 3026 ipsorum

374 3059 468 3098 ora
503 3045 933 3101 obturabantur.
982 3044 1176 3100 Annon
1210 3046 1405 3101 merito
1452 3047 1628 3117 major
1666 3049 1809 3104 inter
1843 3064 1946 3103 na-
1973 3078 2017 3139 ρ

373 3146 461 3193 tos
496 3138 832 3193 mulierum?
869 3154 1052 3193 annon
1102 3139 1298 3193 merito
1350 3140 1628 3195 Dominica
1666 3140 1949 3197 fruebatur

371 3231 663 3284 voce?An
691 3231 952 3285 minimus
990 3231 1044 3284 in
1082 3232 1347 3285 caelorum
1394 3247 1582 3301 regno,
1627 3233 1745 3302 ipso
1772 3232 1949 3303 major

371 3318 489 3372 est?
541 3318 805 3384 Quocirca
869 3335 900 3373 e
928 3319 1042 3388 jam
1074 3319 1239 3375 dictis
1297 3330 1533 3385 constat,
1571 3338 1677 3376 non
1719 3336 1839 3378 esse
1865 3323 1947 3378 le-

372 3410 609 3480 gendum
643 3409 984 3475 aﬂirmative,
1047 3430 1065 3462 ι
1095 3411 1357 3469 Minimus
1389 3414 1442 3467 in
1474 3429 1642 3483 regno
1682 3415 1947 3470 etelorum

371 3499 552 3568 major
577 3510 663 3555 est
696 3516 784 3566 co,
823 3520 841 3554 ι
874 3502 965 3556 sed
1006 3502 1092 3556 illa
1122 3502 1318 3571 forma,
1375 3520 1481 3574 qua
1529 3504 1787 3576 leguntur
1816 3507 1944 3571 ista,

378 3609 410 3664 ι.
432 3592 572 3657 Quid
608 3594 800 3649 existis
878 3594 932 3649 iu
988 3596 1263 3650 desertum
1326 3596 1555 3651 videre?
1619 3597 1946 3652 arundinem

370 3674 540 3738 vento
578 3686 838 3755 agitatam
864 3686 887 3739 ἰ
911 3706 929 3738 ι
983 3685 1284 3742 Prudenter
1318 3704 1484 3758 porro
1516 3689 1756 3752 adverte,
1799 3688 1948 3758 quod

371 3775 506 3829 illud
566 3795 584 3827 ι
619 3778 671 3831 in
709 3794 876 3847 regno
935 3781 1229 3844 caelorum,
1264 3800 1281 3832 ι
1337 3796 1439 3835 nec
1494 3783 1826 3851 cogebamur
1862 3780 1949 3834 in-

370 3868 616 3935 telligere
657 3878 847 3924 contra
880 3886 1101 3926 sensum
1133 3876 1335 3941 cuique
1362 3873 1582 3927 obvium
1610 3883 1665 3927 et
1696 3874 1948 3944 agnitum

371 3956 608 4023 cunctis,
638 3968 732 4011 aut
792 3959 844 4011 iu
897 3960 1065 4014 alium
1108 3970 1308 4030 praeter
1371 3977 1597 4031 scopum
1636 3962 1689 4015 vi
1721 3972 1942 4032 pertra-

369 4047 545 4113 bere;
607 4065 708 4104 nec
760 4050 904 4104 illam
947 4066 1159 4118 vocem,
1207 4053 1453 4105 minimus
1491 4094 1506 4116 ,
1559 4053 1948 4108 additameutis

368 4140 699 4210 quibusdam
727 4143 1225 4212 scrupulosioribus
1252 4144 1317 4198 ad
1348 4144 1746 4200 confessionem
1773 4146 1943 4212 illius,

375 4247 396 4282 ι
429 4231 605 4301 major
638 4233 691 4287 in
729 4235 870 4287 natis
902 4235 1223 4299 mulierum,
1252 4254 1271 4287 ι
1328 4245 1639 4291 aunectere.
1677 4236 1948 4291 Tantum-

370 4323 536 4377 modo
568 4325 796 4394 ﬁguram
822 4327 891 4380 ab
917 4327 1074 4381 initio
1101 4328 1423 4392 adhibitam,
1448 4336 1697 4395 aptantes
1731 4326 1797 4381 ad
1834 4325 1948 4379 for-

2055 500 2182 536 τονα
2227 482 2320 536 τὸν
2389 483 2700 554 Βαπτιστὴν
2748 482 3101 555 ψηφιζόμεθα
3156 484 3377 557 (πολλοῦ
3434 502 3499 554 γε
3538 486 3630 539 καὶ

2056 573 2180 645 δεῖ)
2216 588 2232 605 ⁵
2263 574 2402 629 ἀλλὰ
2436 576 2528 627 καὶ
2568 575 2797 646 κριτῶν,
2832 576 2927 629 καὶ
2954 575 3295 647 νομοθετῶν,
3330 576 3426 631 καὶ
3475 577 3629 646 βασι-

2059 667 2237 732 λέων,
2298 667 2393 719 καὶ
2451 666 2630 720 αὐτῶν
2694 667 3048 737 πατριαρχῶν
3107 668 3629 738 ὗπερανεστηκέναι,

2054 758 2130 821 ώς
2146 758 2283 828 αὑτὴ
2307 760 2493 828 σαφῶς
2515 760 2733 812 ἀνεῖπεν
2753 760 2786 831 ἡ
2823 759 3096 832 Ἀλήθεια,
3116 760 3495 830 συντιθέμεθα.
3524 761 3633 813 Καὶ

2060 850 2200 921 μάλα
2239 850 2500 911 εἰκότωςο
2559 852 2748 921 εἰρκτῇ
2804 849 2899 903 xui
2937 850 3106 921 μυρίᾳ
3162 849 3406 902 κακώσει
3456 850 3634 901 συνεί-

2056 960 2181 1012 χετο
2207 983 2222 1006 ,
2262 941 2361 1012 τὴν
2388 941 2482 994 ἐπὶ
2520 941 2735 1012 Θανάτῳ
2760 939 3095 1012 τηρούμενος
3116 959 3130 973 ·
3186 940 3353 1010 ἄλλην
3410 938 3583 993 ταῦτα
3605 951 3631 978 ιι

2056 1034 2196 1104 ὑπὲρ
2241 1033 2458 1103 Θεσμῶν
2509 1034 2670 1087 θείων
2731 1034 3109 1105 διακαρτερῶν
3152 1033 3415 1103 ἄθλησιν·
3466 1032 3560 1085 καὶ
3604 1030 3633 1083 ὁ

2057 1130 2193 1197 πρὸς
2224 1126 2315 1179 τὸν
2355 1124 2548 1195 Ἀμνὺν
2579 1126 2672 1179 τοῦ
2717 1125 2874 1188 Θεοῦ,
2922 1125 3014 1178 τὸν
3067 1125 3290 1194 αἴροντα
3328 1123 3431 1194 τὴν
3452 1123 3631 1192 ἀμαρ-

2056 1219 2175 1271 τίαν
2193 1218 2283 1270 τοῦ
2301 1218 2529 1287 κόσμου,
2543 1217 2804 1287 διάπυρος
2821 1216 2969 1286 αὕτῷ
2986 1215 3149 1279 πόθος
3164 1216 3264 1268 οὐκ
3281 1213 3628 1285 ἐμαραίνετοο

2059 1310 2210 1381 ἤνθει
2242 1310 2298 1363 δὲ
2330 1310 2549 1379 μᾶλλον,
2579 1308 2672 1362 καὶ
2726 1308 3102 1377 διεφιλονείκει
3134 1305 3213 1377 τῷ
3268 1305 3485 1375 θανάτῳ
3540 1304 3632 1357 ἐπὶ

2058 1401 2223 1455 πλέον
2252 1399 2728 1470 ἀναζωπυρείσθαι
2786 1399 2881 1451 καὶ
2910 1396 3412 1460 ἀπαθανατίζεσθαι
3441 1411 3458 1426 ο
3518 1395 3632 1447 οὐδ’

2058 1492 2219 1562 ἔληγε
2248 1490 2560 1562 κηρύσσων,
2604 1489 2699 1543 καὶ
2725 1490 2889 1560 χειρὶ,
2941 1488 3038 1542 καὶ
3066 1487 3309 1557 γλώσσῃ,
3341 1487 3437 1540 καὶ
3480 1488 3632 1555 πάσῃ

2061 1583 2288 1654 μεθόδῳ,
2316 1583 2407 1636 τὸν
2447 1582 2699 1652 οὐράνιον
2724 1581 3001 1650 Νυμφίον,
3046 1579 3258 1642 πάντας
3296 1587 3323 1615 ν
3352 1576 3632 1631 ἐπιποθῶν

2060 1672 2209 1744 αὑτῷ
2243 1672 2599 1742 συναρμόσαι,
2640 1670 2733 1724 καὶ
2768 1669 2877 1724 τῶν
2908 1668 3196 1738 νυμφικῶν
3234 1667 3521 1722 παστάδων
3542 1668 3630 1719 ἐν-

2060 1763 2230 1817 θεῖναι
2255 1761 2347 1816 τὸν
2380 1762 2577 1833 ἔρωτα.
2609 1760 2764 1830 Ἐμοὶ
2789 1760 3047 1813 δοκεῖκαὶ
3077 1759 3286 1829 χαίρειν
3308 1758 3472 1811 αὐτὸν
3496 1757 3632 1825 προς

2058 1856 2119 1910 τὸ
2148 1854 2320 1925 ξίφος,
2351 1855 2447 1907 καὶ¹
2484 1854 2774 1924 ἀδημονεῖν
2806 1855 2871 1924 τῇ
2909 1852 3221 1923 βραδύτητι,
3251 1852 3346 1905 καὶ
3377 1849 3632 1902 σπεύδειν

2062 1950 2197 2021 πρὸς
2227 1950 2353 2010 τοὺς
2378 1950 2435 2000 ὲν
2456 1947 2581 2019 ᾅδου
2599 1963 2614 1978 ⁸
2657 1949 2744 1999 ἵνα
2766 1947 2926 1998 κάκεῖ
2945 1944 3127 2017 φθάσῃ
3146 1945 3269 2007 τοὺς
3292 1943 3506 2006 ἀλλους,
3539 1940 3630 1994 τὸν

2062 2038 2511 2110 προσδοκώμενον
2540 2037 2876 2108 ἀνακηρύξαι
2914 2038 3007 2089 καὶ
3042 2032 3627 2106 προευαγγελίσασθαι.

2055 2130 2199 2203 'Apu
2210 2133 2309 2185 οὐκ
2321 2130 2611 2201 ἐγκωμίων
2625 2129 2798 2183 ταῦτα
2810 2129 3140 2197 Δεσποτικῆς
3160 2127 3325 2193 ἀξίων
3344 2125 3595 2193 γλώσσης
3609 2140 3628 2190 ;

2061 2226 2298 2280 Ἕὸλετιε
2319 2224 2381 2277 τὸ
2403 2223 2776 2293 ξίφος,ἐ6).επε
2788 2222 2912 2286 τοὺς
2927 2221 2989 2291 δη
3000 2223 3173 2292 μίους,
3192 2220 3288 2273 καὶ
3302 2219 3401 2288 τὴν
3415 2215 3629 2286 σφαγὴν

2056 2322 2279 2393 κέντρον
2310 2321 2546 2374 ἐποιεῖτο
2572 2317 2668 2373 τοῦ
2695 2315 3028 2372 Δεσποτικοῦ
3062 2315 3309 2384 φίλτρου,
3342 2311 3462 2373 ὅλος
3490 2308 3630 2378 πρὸς

2055 2414 2215 2467 αὑτὸν
2243 2411 2719 2482 ἐπιστρεφόμενος.
2771 2411 2997 2471 Ὄντως,
3043 2424 3063 2458 ι
3096 2406 3195 2459 οὐκ
3221 2404 3518 2473 ἐγήγερται
3569 2399 3630 2452 ἐν

2054 2507 2333 2577 γεννητοῖς
2364 2503 2639 2571 γυναικῶν
2697 2501 2900 2571 μείζων
2958 2497 3202 2551 Ἰωάννου
3266 2493 3363 2548 τοῦ
3426 2494 3630 2544 Βαπτι-

2056 2595 2207 2650 στοῦ.
2246 2614 2265 2647 ι
2309 2594 2524 2663 Ἥψατο
2550 2594 2795 2663 κορυφῆς
2844 2588 3151 2642 Δεσπότουο
3208 2582 3474 2655 ἐκήρυξεν
3517 2579 3629 2634 ἀπὸ

2054 2687 2328 2758 γαστρός·
2382 2687 2656 2757 ἐκήρυσσε
2718 2681 2879 2754 μέχρι
2931 2678 3198 2733 θανάτουο
3244 2675 3494 2729 εἵλκυσεν
3545 2673 3629 2734 είς

2057 2779 2348 2849 μετάνοιαν
2373 2775 2598 2846 κόσμονο
2612 2773 2689 2828 ἐῶ
2706 2771 2806 2843 τὴν
2823 2770 3027 2843 ἔρημον
3045 2782 3072 2811 ι
3091 2766 3388 2829 πολιτείαν,
3414 2761 3511 2816 καὶ
3528 2762 3629 2831 τὴν

2054 2867 2450 2921 καταιδέσασαν
2475 2865 2573 2919 καὶ
2592 2866 2720 2928 τοὺς
2738 2862 3126 2933 ἀναισχύντους
3139 2857 3445 2921 Ἰουδαίους,
3462 2855 3631 2921 ὑπερ-

2055 2960 2163 3030 φυῆ
2203 2959 2415 3012 δίαιταν
2439 2958 2535 3010 καὶ
2564 2954 2863 3027 διαγωγὴν,
2892 2953 2989 3007 καὶ
3017 2950 3115 3024 τὴν
3143 2945 3628 3023 ὲμφράξασανδαῠ-

2054 3052 2162 3104 τῶν
2194 3050 2262 3103 τά
2282 3050 2544 3105 ἀπύλωτα
2591 3047 2857 3118 στόματα,
2905 3045 3045 3115 ὑπὲρ
3090 3043 3397 3113 ἄνθρωπον,
3455 3038 3625 3107 ζωήν.

2050 3139 2174 3215 'Ap‘
2202 3144 2263 3196 οὐ
2293 3142 2517 3205 δικαίως
2548 3140 2753 3211 μείζων
2792 3140 2853 3192 ἐν
2878 3137 3157 3207 γεννητοῖς
3182 3132 3456 3197 γυναικῶν
3479 3149 3498 3196 ς
3536 3126 3628 3200 ἆρ’

2049 3237 2110 3289 οὐ
2151 3237 2269 3288 κατ’
2326 3234 2480 3298 ἀξίαν
2537 3232 3019 3303 τῆςΔεσποτικῆς
3072 3228 3358 3300 ἀπήλαυσε
3406 3224 3627 3294 φωνῆςς

2049 3324 2175 3398 'Ap’
2229 3328 2259 3380 ὁ
2317 3326 2642 3396 μικρότερος
2700 3326 2758 3379 ἐν
2790 3326 2857 3394 τῇ
2919 3321 3167 3392 βασιλείᾳ
3216 3319 3329 3374 τῶν
3382 3318 3630 3389 οὐρανῶν

2051 3418 2252 3489 μείζων
2276 3416 2370 3470 τοῦ
2410 3417 2651 3469 τοιούτου
2698 3414 2879 3480 ἐστίν;
2925 3415 3018 3466 Δεῖ
3069 3412 3381 3483 τοιγαροῦν,
3420 3412 3485 3463 ἐκ
3517 3409 3631 3462 τῶν

2049 3510 2381 3582 είρημένων,
2440 3509 2541 3562 οὐκ
2594 3507 3031 3576 ἀποφαινόμενον
3087 3505 3486 3574 ἀναγινώσκειν
3542 3503 3627 3556 τό·

2055 3621 2075 3655 ι
2127 3602 2185 3655 Ὀ
2214 3601 2271 3654 δὲ
2335 3600 2659 3671 μικρότερος
2701 3600 2760 3653 ἐν
2805 3601 2873 3670 τῇ
2912 3597 3158 3669 βασιλεία
3218 3598 3328 3650 τῶν
3378 3594 3630 3664 οὐρανῶν

2052 3694 2252 3764 μείζων
2285 3691 2450 3745 αὑτοῦ
2478 3694 2625 3745 ἐστιν
2646 3705 2661 3721 °
2699 3710 2718 3743 ι
2753 3690 2890 3744 ἀλλά
2916 3691 3035 3743 κατ’
3076 3690 3283 3743 ἐκεῖνον
3324 3688 3418 3740 τὸν
3457 3686 3631 3740 τύπον

2050 3786 2171 3838 καθ’
2207 3784 2266 3837 ὂν
2315 3786 2745 3852 ἀναγινώσκεται
2801 3783 2896 3836 καὶ
2952 3782 3033 3845 τὸ,
3104 3799 3123 3832 ι
3162 3780 3228 3833 Τί
3250 3778 3500 3849 ἐξήλθετε
3547 3780 3628 3839 εἰς

2050 3875 2148 3947 τὴν
2181 3876 2387 3947 ἔρημον
2421 3876 2548 3929 ἰδεῖν
2583 3893 2599 3941 ;
2642 3876 2886 3946 κάλαμον
2912 3874 3016 3927 ὑπὸ
3070 3873 3271 3944 ἀνέμου
3327 3870 3627 3939 σαλευόμε-

2050 3986 2185 4036 νον;
2225 3988 2243 4021 ι
2273 3970 2381 4022 Καὶ
2434 3969 2629 4022 σκόπει
2667 3986 2755 4039 μοι
2812 3965 3068 4031 συνετῶς,
3099 3965 3182 4018 ὅτι
3215 3961 3340 4016 οὔτε
3396 3961 3476 4026 τὸ,
3516 3980 3535 4011 ι
3569 3961 3629 4014 ἐν

2048 4064 2115 4131 τῇ
2167 4060 2415 4130 βασιλείᾳ
2456 4059 2563 4113 τῶν
2614 4058 2875 4128 οὐρανῶν,
2917 4075 2935 4107 ι
2976 4054 3127 4128 παρὰ
3184 4054 3284 4124 τὴν
3334 4052 3629 4123 πρόχειρον

2050 4154 2143 4206 καὶ
2180 4152 2346 4204 πᾶσιν
2380 4150 2736 4220 ἐγνωσμένην
2764 4149 3028 4213 διάνοιαν,
3066 4145 3496 4217 ἠναγκάσθημεν
3546 4145 3628 4203 εἰς

2048 4244 2175 4300 ἀλλο
2206 4261 2260 4297 τι
2287 4241 2741 4315 περινενοημένον
2776 4238 3136 4295 ἐκϐιάσασθαι
3160 4254 3175 4268 ⁶
3238 4235 3361 4290 οὔτε
3395 4236 3478 4299 τὺ,
3530 4252 3629 4302 μι-

2049 4336 2353 4402 κρότερος,
2416 4332 2757 4404 προσθήκαις
2815 4332 2928 4384 τισὶ
2983 4328 3439 4401 περιεργοτέραις
3489 4327 3627 4396 πρὸς

372 4433 516 4472 niam
531 4421 998 4488 quastionariam,
1017 4422 1093 4477 rei
1109 4432 1443 4485 monstratae,
1466 4422 1819 4477 licetmodum
1840 4420 1947 4489 epi-

2060 4427 2340 4497 5μολογίαν
2366 4425 2482 4487 τοῦ,
2536 4444 2554 4477 ι
2594 4424 2796 4495 μείζων
2851 4426 2910 4476 ἐν
2950 4423 3231 4490 γεννητοῖς
3256 4417 3552 4487 γυναικῶν,
3597 4436 3617 4465 ι

370 4513 524 4567 stola:
540 4514 882 4579 excedenles,
900 4516 1243 4584 perspicuam
1262 4515 1486 4596 iecimus
1505 4514 1940 4583 intelligentiam.

2053 4516 2513 4585 συνδιεπλέξαμεν
2539 4532 2557 4548 ο
2608 4518 2767 4585 μόνον
2811 4513 2869 4566 δὲ
2898 4513 2960 4566 τὸ
2997 4513 3057 4577 ἐξ
3092 4510 3266 4583 ἀρχῆς
3298 4512 3484 4579 σχῆμα
3525 4506 3622 4558 τοῦ

368 4605 658 4672 λόγου,είς
692 4608 783 4659 τὸν
839 4609 960 4661 κατ’
1014 4610 1284 4679 ἐρώτησιν
1334 4608 1504 4662 τύπον
1555 4608 1939 4679 ρυθμίσαντες,
2000 4610 2099 4683 τὴν
2143 4610 2238 4664 τοῦ
2297 4610 2624 4681 δηλουμένου
2694 4607 2921 4677 σαφῶς,
2956 4606 3006 4659 εἰ
3052 4606 3144 4659 xui
3188 4604 3351 4658 πλέον
3416 4602 3452 4669 ἢ
3500 4614 3623 4654 κατ’

370 4698 679 4770 ἐπιστολὴν,
717 4702 1144 4772 παρεστήσαμεν
1169 4702 1399 4758 ἔννοιαν.

481 4815 813 4882 ΟΗᾸΕΞΤΙΟ
857 4816 1113 4873 CCXXIII
1146 4816 1337 4889 [CoisL
1374 4817 1653 4886 CLXVIII,
1688 4817 1851 4873 Taur.

1024 4907 1306 4980 CLXVHL

365 4997 434 5053 Si
479 5000 615 5054 Deus
642 5010 718 5055 est
744 5002 954 5069 ubique,
990 5005 1248 5070 quomodo
1280 5002 1588 5072 mysterium
1614 5018 1717 5072 quo
1749 5003 1802 5053 iu
1832 5017 1949 5053 mu-

442 5071 589 5124 lieris
621 5081 768 5124 utero
793 5088 1018 5138 pra’sens
1042 5082 1116 5125 est
1136 5074 1453 5126 accusetur?
1472 5071 1646 5135 Certe,
1673 5072 1944 5141 inquiunt,

440 5142 579 5213 quod
620 5143 689 5213 ait
728 5143 1049 5213 pnrsens‘in
1079 5141 1316 5194 mulieris
1356 5151 1540 5201 utero,
1576 5143 1712 5213 sicut
1752 5153 1800 5195 et
1834 5141 1952 5213 ubi-

440 5211 563 5281 que,
591 5212 738 5265 nulla
769 5223 844 5264 est
876 5211 1223 5276 reclamatio;
1254 5226 1318 5263 ea:
1351 5212 1446 5264 illa
1471 5222 1647 5265 autem
1674 5212 1842 5265 Deum
1875 5212 1953 5264 in-

441 5292 727 5335 carnatum
760 5282 944 5347 fuisse,
975 5281 1232 5351 quomodo
1259 5290 1307 5335 et
1332 5282 1488 5351 quale
1521 5284 1633 5337 sit?

2561 4812 2900 4866 ΕΡΩἸἩΣῙΣ
2935 4811 3105 4865 ΣΚΓ.

2048 5001 2118 5053 El
2145 4996 2456 5065 παντὰχου
2511 4994 2579 5048 τὸ
2619 4996 2809 5054 Θεῖον.
2854 4993 2983 5059 πῶς
3043 4988 3459 5065 διαϐολὴύτρῦ
3514 5006 3623 5065 μιξ-

2115 5058 2379 5134 στηρίοιῖ
2401 5067 2691 5135 γυναικὸς
2716 5066 2913 5132 μήτρᾳ
2944 5063 3253 5135 παρεῖναι,
3288 5059 3420 5135 Ναί,
3447 5058 3621 5127 φασί,

2118 5130 2533 5210 παὲεῖνςιέγμέν
2569 5130 2779 5210 Tacito?
2800 5130 3119 5210 ,γυναικὸςε
3136 5134 3216 5210 ᾡς
3247 5130 3350 5210 καὶ,
3394 5144 3621 5210 farre;

2122 5196 2257 5275 κοῦ,
2290 5196 2539 5275 οὐδέμία
2560 5196 2851 5275 {immuler
2882 5196 3265 5271 σαρκωθῆναι
3289 5200 3358 5254 δὲ
3390 5200 3539 5252 Θεὸν
3553 5196 3622 5261 ἐξ

2121 5273 2329 5343 αὐτῆς,
2364 5274 2489 5342 πῶς
2520 5273 2649 5329 οἷόν
2677 5275 2739 5328 τέ
2778 5275 2950 5327 ἐστιν
2968 5291 2989 5339 ;

590 5396 731 5446 Edita
753 5410 781 5446 a
814 5395 936 5447 Maio
966 5399 1115 5460 (Nov.
1141 5396 1266 5449 Coll.
1304 5405 1340 5449 t.
1376 5398 1587 5460 lX,'ltl,
1622 5397 1752 5461 112).
1788 5422 1850 5432 -
1875 5397 1951 5447 De
1977 5394 2084 5445 Deo
2106 5393 2294 5456 ubique
2319 5398 2566 5456 praesente
2589 5398 2641 5442 et
2670 5392 2733 5442 de
2766 5393 3004 5453 mysterio
3038 5388 3407 5439 Incarnationis.

463 5481 530 5537 l‘u
560 5499 690 5554 ergo
712 5522 729 5551 ,
764 5498 797 5538 ο
826 5484 1002 5540 amice
1022 5526 1038 5552 ,
1080 5486 1484 5542 accusationem
1533 5496 1723 5543 contra
1755 5492 1955 5555 myste-

2135 5482 2365 5546 Οὐκοῦν,
2396 5479 2441 5535 ὦ
2468 5481 2731 5553 βέλτιστε,
2764 5480 2859 5534 καὶ
2888 5479 3048 5542 αὐτὸς
3096 5479 3193 5549 τῆς
3226 5476 3324 5548 μὲν
3358 5472 3495 5527 κατά
3529 5469 3621 5523 τοῦ

1652 5596 1889 5653 VARUE
1935 5592 2339 5651 LECTIONES.

455 5726 483 5754 ἰ
516 5714 739 5785 ταύτην.
817 5725 845 5755 ν
875 5716 1107 5779 πάντως.
1222 5730 1246 5757 ι
1280 5718 1506 5787 ἐρήμου.
