3902 6212
348 217 487 286 1013

1045 221 1145 282 ΑΙ)
1195 218 1788 282 AMPHILOCHIUM
1837 215 2186 292 QUESTIO
2229 218 2526 281 CCXXIII
2544 266 2562 295 ,
2624 218 2925 288 CCXXIV.

3456 227 3597 296 10M

346 335 651 410 μυστηρίου
700 333 955 406 διαϐολῆς
982 336 1080 389 καὶ
1132 334 1283 390 ἄκων
1330 335 1558 407 ἐξέστης
1583 349 1599 365 ο
1634 333 1893 390 λανθάνει

2022 332 2164 387 rium
2198 331 2402 390 invitus
2430 332 2738 404 reliquisti,
2779 343 2836 391 et
2860 335 2979 406 ipse
3001 350 3067 392 ex
3102 336 3329 396 inimico
3370 339 3426 396 in
3460 344 3600 398 ami-

340 431 387 485 δ’
422 431 587 484 αὑτὸν
638 428 759 484 ἀντὶ
811 427 1072 499 πολεμίου
1115 429 1197 492 είς
1245 428 1347 498 τὴν
1396 427 1508 480 τῶν
1540 425 1711 497 φίλων
1762 426 1917 493 τάξιν

344 522 709 595 μεταϐαίνων.
751 522 812 574 ’0
844 520 951 592 γὰρ
990 519 1151 589 ἀφεὶς
1188 518 1289 590 μὲν
1319 520 1419 591 τὴν
1446 519 1722 588 διαϐολὴν,
1776 520 1913 575 ἀπό-

337 617 504 683 δειξιν
531 618 589 672 δὲ
615 616 707 671 τοῦ
737 617 1099 688 προκειμένου
1127 616 1327 687 ζητῶν,
1374 616 1436 669 ού
1466 615 1534 669 δι’
1560 609 1638 670 ὧν
1688 615 1765 688 μὴ
1806 616 1915 670 ἀπ-

338 709 529 781 αχθείη
566 709 665 777 τῆς
717 706 877 778 δόξης
902 707 1216 778 φιλονεικεῖ,
1248 707 1363 761 ἀλλ’
1413 700 1494 770 οἷς
1526 706 1593 761 ἂν
1623 707 1718 761 καὶ
1750 706 1914 771 αὐτὸς

334 800 542 870 ταύτην
568 799 953 870 προσδέξηται.
989 798 1183 853 Καίτοι
1224 797 1303 869 τῷ
1330 797 1470 869 πρὸς
1506 797 1681 852 ταῦτα
1735 815 1916 870 παρα-

338 889 749 961 σκευαζομένῳ,
785 890 946 962 ῆρκει
979 890 1219 944 συνιέναι
1246 890 1345 961 τὴν
1394 889 1651 960 ἀλήθειαν
1700 889 1912 961 καθάρ-

338 997 453 1035 σιον
484 982 581 1051 τῆς
613 981 873 1052 διαϐολῆς
908 982 1003 1037 τοῦ
1040 980 1450 1053 προϐλήματος.
1476 983 1555 1036 Δι’
1582 976 1658 1038 ὧν
1683 983 1794 1055 γάρ
1824 999 1913 1048 τις

333 1073 413 1137 ὡς
438 1074 638 1127 ἄτοπον
673 1072 888 1144 φεύγει,
924 1076 973 1128 εί
996 1073 1155 1128 τοῦτο
1213 1074 1424 1128 κατίδοι
1476 1074 1551 1147 μὴ
1610 1074 1772 1145 μόνον
1806 1090 1915 1146 μη.

332 1165 528 1234 δεμίαν
585 1165 708 1237 έχον
764 1166 995 1220 ἀτοπίαν
1021 1206 1037 1233 ,
1081 1166 1222 1223 ἀλλά
1260 1166 1356 1221 καὶ
1395 1166 1555 1235 λόγου
1614 1167 1911 1236 συμϐαῖνον

331 1258 601 1328 ἀνάγκην,
634 1258 751 1321 πῶς
775 1258 897 1330 οὐχὶ
927 1258 1067 1330 μετά
1097 1259 1199 1331 τὴν
1224 1258 1498 1327 ἀποϐολὴν
1528 1259 1626 1330 τῆς
1652 1258 1909 1330 διαϐολῆς

330 1349 432 1402 οὐκ
458 1349 663 1419 ὀφείλει
682 1349 1155 1421 περιπτύσσεσθαι
1170 1350 1362 1417 τοῦτο;
1382 1350 1669 1404 ’Δδύνατον
1697 1351 1865 1422 ἀρετή
1888 1367 1905 1418 ;

328 1440 447 1494 ἀλλ’
471 1441 646 1507 ἔδειξα
689 1442 920 1506 πολλοὺς
968 1442 1273 1512 μετιόντας.
1313 1442 1526 1497 Οὐκοῦν
1575 1444 1637 1497 τὸ
1683 1444 1907 1499 δυνατὸν

327 1531 657 1604 ἀντεισήχθη
685 1550 701 1565 ο
724 1533 819 1588 καὶ
848 1532 941 1587 τὸν
969 1534 1098 1604 πρὶν
1129 1534 1365 1603 φυγάδα,
1387 1536 1502 1588 νυνὶ
1533 1534 1738 1603 ταύτης
1765 1532 1905 1588 εἶναι

326 1625 409 1679 δεῖ
428 1626 673 1695 πολίτην.
711 1626 981 1697 Βλαϐερὸν
1013 1628 1047 1698 ὴ
1075 1626 1305 1698 ἀνδρία;
1333 1626 1470 1682 ἀλλά
1496 1625 1807 1681 λυσιτελοῦν
1822 1628 1902 1681 sf-

324 1731 432 1786 περ
490 1732 541 1768 τι
571 1715 699 1769 ἄλλο
758 1715 1080 1787 παρέστησα
1127 1716 1207 1788 τῷ
1254 1716 1375 1789 βίῳ.
1410 1717 1620 1771 Οὐκοῦν
1675 1718 1901 1787 γέγονεν

325 1806 555 1874 ὲραστὸν
583 1805 684 1874 τὴν
728 1804 933 1877 βλάϐην
962 1806 1062 1859 οὐκ
1088 1805 1233 1877 ἔχον,
1272 1806 1301 1860 δ
1329 1806 1560 1877 μισητὸν
1590 1807 1766 1861 ἐδόκει
1809 1805 1900 1860 διὰ

322 1896 424 1965 τὴν
454 1895 676 1967 βλάϐην.
720 1896 1007 1951 Ἀδύνατον
1035 1897 1171 1951 Θεὸν
1208 1897 1408 1968 γαστρὶ
1434 1893 1707 1969 παρθένου
1756 1914 1900 1969 παρ-

321 1990 462 2042 εῖναι
485 2006 501 2055 ;
539 1990 1001 2062 Συνωμολόγησας
1024 1991 1107 2045 ὃτι
1135 1990 1339 2062 μᾶλλον
1368 1990 1631 2047 ἀδύνατον
1659 1993 1732 2065 μὴ
1762 2009 1900 2062 παρ-

320 2083 481 2135 εῖναι.
514 2080 671 2144 Τίνος
702 2081 889 2135 λοιπὸν
920 2083 1115 2153 ἑτέρας
1147 2084 1499 2154 κατασκευῆς
1528 2083 1592 2138 τὸ
1648 2084 1897 2156 προϐλη-

322 2172 417 2224 θὲν
445 2172 616 2228 δεῖται
640 2172 831 2238 ς’Δλλά
860 2174 965 2246 χρή
999 2191 1088 2243 με,
1116 2175 1273 2246 φησὶ,
1307 2175 1500 2245 μαθεῖν
1524 2176 1765 2240 καὶπῶς
1783 2171 1896 2231 οἷόν

318 2263 379 2317 τέ
411 2265 528 2317 ἐστι
558 2264 927 2336 σαρκωθῆναι,
962 2266 1167 2336 μᾶλλον
1196 2266 1254 2320 δὲ
1301 2267 1351 2319 εί
1386 2267 1447 2320 τὸ
1476 2271 1734 2339 παρεῖναι
1764 2269 1909 2340 σάρεί

316 2368 488 2416 κωσις
519 2352 654 2407 Θεοῦ
712 2354 814 2409 οὐκ
863 2354 931 2410 ἀν
981 2356 1203 2426 φθάνοις
1227 2357 1431 2421 παντὸς
1480 2355 1622 2421 ζὼου
1679 2359 1895 2431 μορφὴν

316 2443 494 2515 τούτῳ
516 2445 845 2514 περιϐαλών.
878 2446 991 2501 Νῦν
1019 2448 1205 2502 οὐκέτι
1245 2448 1355 2502 τῶν
1407 2448 1726 2520 φιλούντων,
1775 2450 1892 2504 ἀλλ’

315 2535 398 2596 εἰς
444 2534 541 2605 τὴν
596 2534 706 2588 τῶν
768 2535 1043 2606 πολεμίων
1091 2536 1254 2591 πάλιν
1301 2537 1502 2609 ἔχθραν
1555 2538 1890 2609 ἐπανῆλθες⁹

316 2627 459 2697 πλὴν
480 2622 562 2690 οἷς
586 2627 685 2697 τὴν
712 2621 882 2699 ἧτταν
912 2629 1071 2700 ἔσχες
1098 2630 1158 2683 ἐν
1186 2633 1300 2695 τοῖς
1331 2629 1715 2704 προλαϐοῦσιν,
1767 2631 1893 2686 οὐδὲ

314 2717 375 2768 έν
402 2717 612 2781 τούτοις
657 2735 741 2772 σοι
770 2719 831 2772 τὸ
867 2719 943 2791 μὴ
985 2723 1174 2774 πεσεῖν
1216 2721 1370 2774 ἔσται
1422 2721 1891 2793 παραταττομένῳ

314 2808 458 2861 κατά
487 2809 586 2877 τῆς
610 2808 869 2878 ἀληθείας
899 2828 914 2842 ·
948 2811 1042 2865 καί
1084 2829 1147 2881 γε
1177 2812 1314 2882 πρὸς
1347 2812 1440 2865 τὸν
1490 2813 1891 2884 ἀκροϐολισμὸν

312 2898 653 2970 διαναστηθι.
715 2900 871 2953 Ἐστι
920 2917 1005 2964 τις
1064 2900 1368 2969 ἀνθρώπων
1409 2901 1639 2973 πρόνοια
1688 2903 1889 2974 μᾶλλον

310 2989 489 3062 Θεῷῆ
537 2990 647 3043 τῶν
687 2990 959 3060 άγελαίων
1009 2992 1197 3057 ζὼωνς
1251 2994 1365 3047 Οὐκ
1408 2993 1474 3047 ἀν
1515 2994 1744 3064 φήσεις·
1795 2996 1888 3049 καὶ

309 3080 420 3150 γὰρ
451 3078 544 3131 καὶ
585 3078 793 3133 τούτων
825 3081 858 3152 ἡ
895 3081 1227 3153 δημιουργία
1267 3084 1360 3135 καὶ
1416 3085 1448 3151 ἠ
1511 3084 1739 3156 πρόνοια
1799 3084 1888 3139 διὰ

309 3167 408 3239 τὴν
440 3169 549 3221 τῶν
582 3168 887 3241 ἀνθρώπων
914 3171 1123 3243 χρείαν.
1159 3172 1370 3226 Οὐκοῦν
1408 3173 1531 3226 οὐδὲ
1578 3173 1783 3243 ὁμοίως
1828 3175 1889 3229 ὲν

307 3259 620 3331 ἀνθρώποις
644 3278 704 3313 τε
723 3262 816 3315 καὶ¹
842 3265 953 3325 τοῖς
981 3262 1164 3327 ἄλλοις
1199 3262 1359 3327 ζώοις
1393 3266 1425 3335 ἡ
1448 3264 1541 3318 τοῦ
1574 3264 1718 3320 θείου
1742 3282 1890 3338 παρ-

305 3352 486 3407 ούσία.
532 3354 629 3407 Ἓν
660 3354 768 3424 γὰρ
800 3354 858 3407 δν
891 3355 984 3409 καὶ
1008 3354 1369 3426 ἀπληθύντως
1394 3356 1764 3429 πληθύνεσθαι
1799 3358 1887 3413 λέ-

305 3459 499 3513 γεται·
529 3444 671 3499 ὥστε
703 3463 785 3500 σοι
819 3448 887 3500 αίσ
917 3447 1112 3502 πολλαὶ
1146 3448 1351 3520 μορφαὶ
1400 3450 1482 3514 είς
1538 3450 1667 3521 μίαν
1717 3449 1887 3521 μόνην

304 3544 407 3611 τὴν
452 3543 754 3615 ἀνθρώπων
799 3544 1192 3617 διηλάσθησαν.
1253 3545 1417 3617 Ὁρᾷς
1457 3547 1605 3611 ὅπως
1644 3546 1886 3619 εὐχερῶς

301 3637 334 3690 ὁ
361 3638 460 3707 τῆς
486 3637 744 3702 ἀπιστίας
777 3638 1112 3692 καταπίπτει
1147 3639 1455 3711 πρόμαχος.
1485 3640 1596 3692 Καὶ
1615 3639 1666 3692 τί
1702 3638 1880 3705 τοῦτο;

302 3729 504 3801 φησίν⁹
536 3731 599 3785 Εἰ
628 3732 737 3803 γὰρ
771 3731 865 3785 καὶ
889 3732 998 3785 τῶν
1025 3732 1200 3788 ἄλλων
1242 3731 1396 3797 ζώων
1444 3732 1545 3797 τὰς
1585 3732 1800 3804 μορφὰς
1854 3733 1883 3786 ὁ

302 3819 479 3888 Λόγος
504 3820 865 3891 ὑπεξέφυγεν,
905 3821 1021 3876 ἀλλ’
1052 3822 1143 3877 οῦν
1171 3823 1233 3877 τὸ
1262 3823 1336 3894 μὴ
1368 3824 1475 3877 ἀπὸ
1514 3826 1643 3895 μιᾶς
1682 3823 1883 3896 παρθέο

302 3930 419 3976 νου,
462 3912 579 3966 ἀλλ’
604 3914 670 3966 ὲκ
702 3914 893 3968 πασῶν
919 3914 1196 3983 γυναικῶν
1234 3917 1329 3969 καὶ
1353 3916 1641 3987 παρθένων
1669 3918 1881 3989 σάρκω-

303 4021 390 4058 σιν
413 4003 594 4074 λέγειν
635 4005 1006 4063 ὑπολείπεται.
1049 4008 1213 4073 Ἀλλ’,
1248 4000 1293 4061 ὦ
1318 4008 1509 4077 ἀγαθὲ,
1536 4009 1746 4080 φανερά
1778 4011 1880 4080 μὲν

300 4097 580 4152 κάνταῦθα
616 4100 651 4166 ἡ
684 4098 792 4153 τῶν
821 4101 1195 4170 ἀναισχύντων
1228 4102 1285 4154 ὲν
1311 4098 1391 4165 οἷς
1446 4101 1689 4171 ἔφθασαν
1720 4105 1879 4157 ἀναι-

302 4190 726 4260 σχυντήσαντες,
759 4189 963 4253 πτῶσις
984 4208 998 4222 ο
1022 4192 1170 4261 ὅμως
1185 4191 1278 4244 οῦν
1306 4192 1383 4255 ὡς
1408 4192 1555 4245 δοκεῖ
1570 4193 1877 4247 ἀναστάντα

353 4315 370 4333 .
408 4318 424 4332 .
461 4281 766 4351 ἀποχρήσει
796 4298 885 4350 μοι
910 4281 1072 4336 πάλιν
1098 4298 1156 4335 σε
1192 4286 1306 4347 τοῖς
1332 4287 1536 4353 σοφοῖς
1593 4284 1875 4338 καταϐάλ-

2019 440 2208 480 corum
2256 436 2439 481 castra
2490 426 2698 483 inscius
2770 429 3058 486 transiisti.
3135 431 3238 498 Qui
3283 434 3432 489 enim
3500 452 3598 491 nc-

2019 517 2190 584 glccta
2212 521 2566 575 accusatione
2592 522 2858 591 propositi
2884 521 3414 582 demonstrationem
3440 546 3592 599 qna:-

2017 611 2109 675 rit,
2133 625 2241 666 non
2273 611 2343 667 de
2369 612 2454 667 bis
2490 628 2613 683 quae
2639 613 2792 668 illum
2813 630 2845 670 a
2868 616 3143 672 credendo
3172 634 3284 674 non
3313 632 3596 676 removent

2016 701 2301 772 disputat,
2341 705 2435 759 sed
2474 706 2539 758 de
2590 705 2675 760 bis
2723 716 2947 777 propter
2996 724 3118 779 qua:
3160 710 3291 765 illud
3346 713 3594 783 accipere

2014 795 2213 866 possit.
2240 793 2413 850 Porro
2440 796 2516 849 illi
2549 796 2645 865 qui
2677 797 2782 852 isto
2827 798 2993 854 modo
3039 814 3162 858 sese
3208 800 3370 856 habet
3395 844 3411 866 ,
3449 805 3586 858 satis

2013 891 2099 938 est
2130 890 2192 936 ut
2230 884 2498 954 propositi
2538 883 2828 939 veritatem
2876 885 2947 940 ab
2985 888 3333 943 accusatione
3360 889 3591 946 liberam

2012 972 2316 1045 intelligat;
2344 975 2439 1045 qui
2473 975 2620 1030 enim
2645 975 2851 1047 aliquid
2882 976 3059 1045 reiicit
3092 988 3151 1033 ut
3181 979 3507 1045 absurdum,
3538 985 3586 1037 si

2012 1062 2148 1119 illud
2169 1062 2374 1119 viderit
2406 1078 2516 1118 non
2549 1064 2730 1120 solum
2755 1065 2963 1119 nullam
2994 1066 3387 1121 absurditatem
3413 1068 3586 1121 invol-

2010 1169 2177 1222 vens,
2212 1156 2309 1212 sed
2337 1167 2393 1210 et
2420 1156 2648 1212 rationis
2676 1154 2969 1211 fundatum
3015 1156 3334 1227 principiis,
3382 1174 3585 1221 nonne,

2010 1245 2257 1317 deposita
2295 1248 2670 1312 accusatione,
2704 1249 2837 1303 illud
2869 1248 3122 1318 amplecti
3160 1249 3344 1305 debet.
3372 1247 3584 1318 Impos-

2009 1336 2187 1393 sibilis
2222 1347 2309 1393 est
2337 1337 2566 1393 virtus?
2607 1336 2703 1392 sed
2747 1337 2949 1392 multos
2995 1337 3140 1391 illam
3173 1348 3462 1407 sequentes
3493 1354 3580 1395 ex-

2009 1428 2185 1493 hibui,
2219 1443 2352 1498 ergo
2394 1428 2473 1483 illi
2518 1429 2852 1496 possibilitas
2886 1428 3181 1484 substituta
3229 1428 3369 1494 fuit;
3408 1439 3461 1484 ct
3488 1431 3582 1499 qui

2006 1519 2243 1588 primum
2271 1519 2419 1574 illam
2450 1520 2752 1589 rejiciebat,
2777 1536 2925 1575 nunc
2952 1521 3129 1589 ipsum
3158 1520 3303 1574 illius
3330 1536 3451 1576 esse
3474 1538 3584 1577 ser-

2010 1624 2138 1663 vum
2172 1620 2404 1679 oportet.
2438 1609 2678 1666 Funesta
2707 1620 2793 1666 est
2822 1610 3131 1665 fortitudo?
3161 1612 3255 1666 sed
3281 1612 3427 1665 illam
3459 1614 3582 1667 vitae

1928 1671 1976 1732 Β
2009 1671 2226 1767 utilem,
2255 1702 2300 1758 si
2330 1702 2460 1771 quid
2489 1711 2575 1757 est
2606 1702 2775 1768 aliud,
2803 1702 3046 1758 exhibui.
3080 1700 3223 1771 Ergo
3256 1703 3451 1756 factum
3498 1714 3582 1758 est

2007 1794 2242 1849 amabile
2263 1834 2280 1860 ,
2331 1809 2399 1848 ex
2443 1809 2511 1849 eo
2543 1795 2691 1865 quod
2726 1795 3114 1849 detrimentum
3147 1811 3257 1848 non
3292 1798 3577 1864 producat,

2005 1885 2151 1955 quod
2188 1894 2249 1940 ut
2280 1885 2485 1941 odibile
2509 1886 2742 1941 dabatur
2779 1897 3001 1957 propter
3025 1889 3437 1944 detrimentum.
3471 1887 3579 1941 lm-

2005 1978 2267 2049 possibile
2302 1988 2389 2033 est
2418 1976 2587 2032 Deum
2614 1978 2670 2032 in
2705 1978 2931 2049 virginis
2964 1989 3120 2035 utero
3149 1979 3382 2035 adesse?
3410 1978 3578 2048 Magis

2004 2084 2127 2124 esse
2155 2068 2497 2139 impossibile
2522 2069 2675 2124 illum
2706 2086 2813 2125 non
2846 2071 3037 2127 adesse
3066 2070 3358 2127 confessus
3387 2054 3588 2137 fuisti}

2003 2164 2149 2231 quali
2190 2165 2421 2235 posthac
2446 2165 2557 2220 alio
2585 2174 2910 2236 argumento
2930 2166 3173 2239 indigeat
3194 2166 3533 2237 propositum
3554 2167 3587 2225 is

2005 2256 2113 2313 Sed
2149 2266 2366 2328 oportet
2394 2273 2482 2313 me
2504 2299 2520 2322 ,
2571 2258 2787 2327 inquit,
2840 2259 3054 2314 discere
3086 2259 3220 2330 quid
3242 2269 3295 2314 et
3320 2259 3480 2328 quale
3506 2257 3585 2334 sit

2002 2349 2278 2406 incarnari
2305 2390 2322 2416 ,
2356 2350 2440 2405 vel
2469 2350 2652 2422 potius
2695 2360 2877 2405 utrum
2906 2350 3043 2405 illud
3084 2351 3226 2421 quod
3261 2351 3464 2406 dicitur
3488 2350 3574 2415 in:

2001 2442 2249 2497 carnatio
2303 2441 2400 2496 Dei
2455 2458 2565 2503 non
2597 2442 2874 2498 inveneris
2916 2442 3096 2499 omnis
3123 2443 3352 2498 viventis
3397 2441 3574 2498 forma

2000 2533 2255 2590 induens.
2338 2533 2499 2589 Nunc
2560 2550 2669 2589 non
2746 2534 2859 2604 jam
2932 2535 3233 2590 amicorum
3291 2549 3389 2600 es,
3479 2534 3572 2598 sed

2000 2625 2227 2683 hostiles
2264 2627 2655 2684 insectationes
2695 2628 2892 2684 iterum
2930 2627 3213 2697 repetiisti.
3245 2627 3364 2683 Non
3394 2628 3571 2683 solum

2000 2718 2056 2772 in
2090 2719 2255 2773 rebus
2287 2734 2455 2789 supra
2484 2720 2750 2790 expositis
2786 2719 3011 2775 inferior
3048 2719 3238 2787 fuisti,
3288 2720 3383 2776 sed
3429 2728 3484 2775 et
3516 2720 3569 2773 in

1998 2808 2122 2865 istis
2164 2826 2273 2864 non
2323 2811 2571 2880 superari
2621 2826 2730 2866 non
2780 2813 2986 2882 poteris
3037 2818 3230 2866 contra
3284 2810 3569 2866 veritatem

1996 2912 2359 2971 praeparatus.
2389 2899 2548 2957 Nunc
2589 2917 2721 2972 ergo
2760 2902 2829 2957 ad
2871 2916 3111 2972 pugnam
3153 2915 3337 2971 surge.
3401 2898 3570 2955 Estne

1998 2993 2179 3063 aliqua
2212 2993 2304 3048 Dei
2336 3009 2465 3065 erga
2501 2994 2750 3049 homines
2791 2992 3133 3064 providentia
3179 2992 3360 3062 potius
3402 3007 3567 3060 quam

1992 3100 2121 3157 erga
2148 3086 2510 3140 animantium
2545 3086 2837 3141 armenta?
2867 3084 3101 3155 Negabis
3130 3083 3306 3151 forte;
3331 3094 3569 3139 attamen

1994 3176 2224 3233 istorum
2263 3179 2472 3233 creatio
2503 3188 2558 3233 et
2596 3179 2935 3248 providentia
2967 3193 3077 3232 non
3107 3186 3193 3233 est
3222 3176 3329 3232 nisi
3362 3176 3429 3231 ad
3475 3176 3571 3231 bo-

1992 3269 2200 3323 minum
2235 3270 2521 3325 utilitatem
2550 3288 2564 3325 :
2594 3286 2701 3326 non
2741 3286 2875 3342 ergo
2904 3271 3094 3326 eadem
3125 3277 3209 3325 est
3234 3269 3290 3323 in
3322 3268 3569 3324 homini-

1991 3360 2094 3416 bus
2129 3369 2184 3416 et
2235 3361 2289 3417 in
2327 3362 2467 3422 aliis
2519 3363 2789 3418 creaturis
2830 3362 2926 3418 Dei
2964 3360 3334 3433 providentia.
3382 3360 3567 3417 Unum

1987 3453 2135 3507 enim
2163 3469 2287 3509 cum
2329 3454 2421 3521 sit,
2461 3462 2516 3509 et
2547 3455 2601 3510 in
2634 3454 2951 3509 diversitate
2980 3468 3093 3509 non
3132 3451 3431 3522 multiples,
3467 3451 3569 3507 im-

1986 3560 2211 3601 mensus
2228 3547 2426 3601 dicitur
2456 3547 2574 3602 sine
2602 3545 3018 3616 multiplicitate,
3065 3544 3137 3598 ita
3169 3552 3229 3598 ut
3249 3541 3434 3597 multae
3453 3539 3568 3597 for-

1986 3656 2090 3695 mae
2134 3640 2203 3696 ad
2256 3656 2420 3695 unam
2466 3640 2813 3695 solummodo
2866 3640 3163 3694 humanam
3207 3636 3564 3692 reducantur.

1986 3730 2153 3789 Vides
2187 3744 2394 3803 quanta
2433 3732 2698 3788 facilitate
2730 3732 2840 3787 ruit
2877 3730 3118 3802 primum
3160 3726 3565 3784 incredulitatis

1983 3824 2286 3881 munimen.
2325 3825 2433 3881 Sed
2462 3825 2529 3879 ad
2557 3824 2688 3894 quid
2728 3823 2901 3879 illud?
2939 3822 3139 3892 inquit,
3172 3820 3220 3877 si
3247 3819 3393 3875 enim
3426 3817 3565 3874 alio-

1981 3930 2104 3970 rum
2151 3915 2514 3971 animantium
2558 3913 2761 3970 formas
2791 3914 3036 3970 Verbum
3068 3927 3181 3967 non
3207 3909 3406 3975 induit,
3433 3908 3564 3965 reli-

1980 4024 2150 4080 quam
2198 4018 2284 4064 est
2322 4017 2381 4063 ut
2413 4023 2521 4063 non
2562 4008 2633 4062 ab
2658 4023 2769 4063 una
2796 4006 3035 4078 virgine,
3072 4004 3168 4062 sed
3207 4019 3275 4060 ex
3304 4004 3565 4061 omnibus

1980 4099 2305 4155 mulieribus
2350 4108 2407 4154 et
2453 4098 2761 4168 virginibus
2802 4098 2938 4154 illud
2991 4099 3344 4155 incarnatum
3390 4100 3563 4156 fuisse

1978 4190 2211 4246 dicatur.
2241 4190 2370 4257 Sed,
2403 4206 2434 4246 ο
2458 4191 2656 4255 amice,
2692 4191 2923 4247 visibilis
2950 4200 3035 4247 est
3063 4200 3119 4247 et
3148 4192 3239 4248 hic
3267 4192 3561 4262 impuden-

1980 4283 2111 4337 tium
2139 4281 2299 4352 culpa
2324 4320 2340 4346 ,
2374 4281 2429 4337 in
2471 4283 2674 4352 quibus
2705 4298 2813 4337 non
2860 4284 3166 4339 timuerunt
3205 4299 3327 4341 sese
3357 4285 3562 4340 irreve-

296 4369 414 4424 λειν
442 4371 642 4440 λόγοις.
686 4373 976 4427 Ἀδύνατον
1002 4374 1111 4443 γὰρ
1138 4374 1305 4446 φαίην
1336 4375 1403 4428 ἀν
1435 4376 1612 4444 ἔγωγε
1670 4377 1875 4447 μᾶλλον

2000 4383 2162 4429 'enter
2208 4374 2429 4429 habere.
2474 4373 2649 4427 Simul
2697 4390 2855 4444 ergo,
2904 4384 2963 4430 ut
2991 4376 3239 4443 videtur,
3302 4391 3557 4431 resurre-

294 4465 390 4517 τὸν
418 4465 563 4532 ἅπαξ
597 4466 949 4537 σαρκωθέντα
976 4465 1236 4536 δευτέρας
1268 4467 1599 4539 σαρκώσεως
1637 4467 1871 4522 δεῖσθαι.

296 4556 509 4611 Οὐκοῦν
541 4559 663 4612 οὐδὲ
699 4559 845 4640 sane
872 4558 1057 4613 ποσῶν
1095 4558 1205 4613 τῶν
1250 4559 1538 4631 παρθένων
1594 4559 1872 4630 σάρκωσις

294 4646 479 4719 χώραν
497 4647 639 4720 ἔχει,
676 4651 812 4722 μόνη
843 4650 899 4704 δὲ
928 4652 963 4721 η
992 4651 1082 4705 διὰ
1114 4652 1265 4723 μιᾶς.

804 4914 1137 4968 ΕΡΩΤΗΣΙΣ
1185 4915 1352 4971 ΣΚΝ.

287 5001 569 5078 ῘιόιξιερρνΔ
587 5004 643 5078 οἱ
667 5002 951 5078 δαίμονες
978 5004 1193 5058 ισασιν
1214 5005 1295 5078 ᾡς
1313 5006 1759 5078 μετανοοῦντες
1775 5008 1870 5078 ἐφ’

358 5067 455 5147 οἷό
470 5067 820 5147 έτόλμησάκ
840 5067 1117 5147 ἀφίενται
1147 5076 1254 5129 τοῦ
1274 5067 1706 5146 τολμήματος,
1734 5067 1871 5147 ἧτῖυι

352 5142 518 5223 ἅπαξ
571 5142 894 5213 θεοσοφίαςξ
919 5215 931 5223 ⁸
951 5145 1245 5223 πεσόντες
1318 5142 1420 5200 καί
1492 5142 1610 5216 τὴν
1655 5142 1870 5204 τούτου

354 5215 587 5284 γνῶσιν
617 5215 1156 5284 συναφῃρέθησαν;

1979 4474 2126 4521 ctum
2158 4504 2172 4519 .
2211 4504 2228 4518 .
2260 4503 2275 4519 .
2312 4464 2448 4521 satis
2463 4477 2579 4519 erat
2603 4467 2738 4521 mihi
2773 4476 2825 4522 te
2849 4468 3043 4523 iterum
3075 4470 3414 4540 sapientibus
3439 4484 3560 4524 ver-

1979 4556 2065 4611 bis
2118 4554 2381 4611 refutare.
2431 4555 2601 4627 Magis
2636 4557 2783 4611 enim
2841 4558 3184 4629 impossibile
3231 4560 3411 4615 dicam
3458 4574 3557 4627 ego

1980 4645 2133 4701 illum
2156 4647 2248 4715 qui
2270 4647 2437 4702 semel
2470 4648 2785 4704 incarnatus
2806 4659 2890 4705 est
2916 4651 3156 4706 secunda
3181 4651 3559 4707 incarnatione

1980 4738 2244 4810 indigere.
2292 4737 2405 4795 Nec
2451 4755 2582 4812 ergo
2627 4756 2690 4796 ex
2739 4742 2996 4798 omnibus
3036 4744 3343 4814 virginibus
3375 4745 3557 4799 incar-

1978 4829 2126 4885 natio
2153 4830 2333 4886 locum
2366 4831 2527 4886 habet
2551 4832 2894 4887 solummodo
2924 4843 3105 4889 autem
3141 4850 3207 4891 ex
3248 4852 3379 4891 una.

2387 4922 2718 4989 QUAESTlO
2744 4924 3000 4980 ccxxnv
3034 4927 3136 4997 (ι).

1979 5010 2169 5091 Utrum
2201 5014 2403 5069 diaboli
2433 5017 2603 5091 sciant
2646 5017 2786 5086 quod
2830 5018 3191 5091 paenitentiam
3249 5023 3449 5091 agam-lo
3490 5024 3554 5077 de

2043 5084 2124 5135 his
2149 5100 2266 5153 quae
2292 5084 2686 5151 commiserunt,
2735 5103 2767 5140 α
2819 5090 3047 5155 peccatis
3070 5084 3441 5154 liberarentur,
3479 5093 3555 5146 vel

2042 5155 2461 5236 u-lrumfenteia
2489 5157 2752 5226 sapientia
2783 5158 2963 5213 divina
3006 5159 3180 5231 lapsi,
3220 5161 3381 5232 hujus
3415 5167 3555 5217 uoti-

2046 5227 2123 5275 tia
2150 5227 2345 5293 privati
2371 5227 2500 5279 sint.

658 5304 800 5355 Edita
822 5319 849 5354 a
872 5305 996 5355 Maio
1032 5305 1088 5367 (l.
1126 5320 1170 5356 c.
1197 5321 1245 5370 p.
1270 5306 1397 5370 112).
1422 5334 1484 5371 τ-
1502 5310 1579 5361 De
1603 5312 1847 5375 lapsorum
1868 5314 2161 5377 angelorum
2195 5328 2285 5365 seu
2315 5317 2591 5368 dmmonnm
2624 5319 2909 5384 COgnitione
2941 5326 2996 5373 et
3024 5328 3177 5376 statu.

371 5385 513 5441 Ἀλλ’
546 5388 597 5441 εί
627 5385 728 5459 μὲν
758 5386 819 5441 τὸ
844 5388 1132 5462 πρότερον,
1181 5388 1298 5455 πῶς
1336 5390 1626 5463 ἀσώματος
1692 5393 1853 5464 φύσις

2035 5393 2192 5463 Quod
2233 5398 2277 5453 si
2320 5400 2556 5471 primum
2604 5404 2851 5471 dicatur,
2895 5407 3175 5477 quomodo
3226 5407 3551 5482 incorporea

1825 5529 2037 5587 NOT/E

326 5640 407 5714 (l)
448 5639 562 5703 Hac
585 5643 889 5717 quaestione
913 5655 1103 5703 carent
1138 5655 1251 5703 tum
1276 5646 1645 5704 Coislinianus
1680 5654 1795 5705 tum
1821 5646 2181 5709 Taurinensis
2206 5652 2397 5709 codex.
