3848 6312
357 285 506 356 1015
1507 264 1772 363 PHOTII
1805 296 2316 360 PATRIARCH/E
2354 296 2465 359 ep.
3495 291 3626 362 tota

355 407 574 465 natura,
605 413 705 456 nec
735 406 889 456 tanto
911 401 1103 458 carnis
1125 416 1292 460 onere
1310 414 1537 474 gravato
1569 406 1662 462 illa
1687 423 1812 478 quae
1831 409 1937 464 sibi

2063 411 2139 463 ιαὶ
2164 407 2303 481 μηδὲ
2330 409 2628 471 τοσαύταις
2662 406 2930 480 βαρύτησι
2989 405 3196 477 σαρκὸς
3243 404 3630 476 καθελκομένη

348 491 602 558 subjecta
641 499 727 545 est
773 491 1016 548 deterior
1065 495 1268 549 fieret?
1305 494 1459 550 Multi
1501 497 1648 552 enim
1691 498 1942 553 homines

2063 504 2140 571 πῆς
2184 501 2292 555 ύπὸ
2347 500 2543 555 τούτου
2598 498 2970 570 συνεχομένης
3021 496 3224 568 χείρων
3280 495 3632 567 γεγένηταις

346 584 422 638 ad
455 583 790 652 profundum
815 585 943 640 mali
968 587 1240 656 perveuti,
1266 603 1364 658 per
1380 589 1758 659 pmnitentiam
1781 605 1938 645 suam

347 675 588 745 primam
635 676 851 732 visendi
911 678 1181 732 rationem
1238 691 1594 749 superarunt.
1655 681 1713 736 Si
1755 691 1940 737 autem

350 778 481 839 post
519 769 740 824 illorum
787 771 1001 840 lapsum
1053 771 1281 826 omnino
1323 772 1572 828 audacia:
1618 783 1674 829 et
1709 790 1943 830 conver-

352 861 537 916 sionis
570 862 727 917 inscii
757 861 888 918 facti
917 873 1068 929 sunt,
1110 872 1164 918 et
1197 864 1280 918 sic
1303 864 1358 918 in
1378 863 1673 934 profundis
1704 867 1942 923 tenebris

353 953 639 1022 rugientes
665 954 1008 1024 sepeliuntur
1030 997 1044 1021 ,
1086 955 1366 1027 quomodo
1409 957 1478 1013 ad
1519 959 1788 1014 malitiam
1816 974 1942 1014 om-

356 1059 489 1098 nem
537 1059 760 1100 sensum
805 1057 1157 1116 superantem
1199 1063 1307 1104 non
1355 1048 1638 1120 impellant
1667 1051 1938 1120 homines,

353 1135 418 1190 in
449 1136 652 1205 quibus
682 1153 858 1207 neque
905 1153 1038 1193 cura
1064 1155 1210 1209 saepe
1250 1141 1478 1196 deduxit
1531 1141 1596 1196 ad
1642 1157 1751 1196 non
1792 1141 1943 1198 dete-

348 1230 530 1301 genda
583 1243 804 1301 peccata
863 1232 1021 1287 simul
1065 1235 1308 1288 excitant
1349 1241 1407 1288 et
1453 1235 1780 1290 attrahunt?
1822 1233 1941 1290 Tua

346 1338 510 1394 «ergo,
541 1337 599 1379 ut
646 1335 779 1395 puto
801 1367 816 1392 ,
853 1327 899 1381 si
937 1327 1120 1396 plures
1151 1343 1438 1383 sermones
1470 1328 1523 1382 in
1559 1345 1730 1384 unum
1761 1329 1940 1400 magis

346 1418 805 1475 coadunarentUr
829 1460 845 1484 ,
897 1419 1023 1474 talis
1069 1429 1215 1474 esset
1265 1421 1568 1490 propositio
1599 1439 1612 1476 :
1643 1422 1829 1492 lapsus
1857 1431 1943 1477 est

345 1509 607 1565 diabolus
639 1524 656 1563 :
696 1509 974 1581 quomodo
1007 1511 1393 1580 pmttitentiam
1424 1512 1595 1582 agat?
1627 1513 1724 1568 sed
1763 1513 1944 1569 obcae-

345 1612 510 1660 catus
534 1610 618 1658 est
643 1623 655 1656 :
686 1604 832 1657 unde
859 1603 960 1656 ista
997 1602 1337 1657 obczccatio?
1382 1603 1497 1673 ipse
1525 1605 1670 1658 enim
1704 1604 1942 1659 aliorum

347 1696 743 1752 obeazcationis
785 1711 955 1752 causa
998 1705 1102 1751 est.
1137 1695 1425 1762 Quomodo
1454 1711 1587 1768 ergo
1626 1697 1938 1752 obcaacatus

2044 592 2240 646 Πολλοὶ
2266 592 2374 665 γὰρ
2409 590 2716 662 ἀνθρώπων
2745 592 2826 654 εἰς
2858 588 3087 660 ἔσχατον
3115 589 3430 651 ἐλάσαντες
3472 587 3634 640 κακοῦ

2042 682 2133 737 διὰ
2160 683 2451 753 μετανοίας
2483 682 2580 737 καὶ
2604 683 2704 753 τῆς
2735 681 3013 753 προτέρας
3038 679 3223 744 αὐτοῖς
3249 679 3498 748 ἐνούσης
3546 694 3636 731 ποι

2043 775 2250 839 λιτείας
2278 775 2693 846 ύπερῄρθησαν.
2723 775 2785 828 Ei
2815 775 2872 828 δὲ
2903 773 3041 844 μετὰ
3063 774 3166 844 τὴν
3192 773 3420 826 πτῶσιν
3470 771 3638 824 διόλου

2044 866 2270 931 τούτους
2303 868 2398 921 καὶ
2430 867 2533 938 τῆς
2557 867 2766 939 τόλμης
2795 869 2891 921 καὶ
2922 867 3020 937 τῆς
3050 865 3498 936 ἐπαναστροφῆς
3523 864 3642 917 ελα-

2046 958 2140 1011 ϐεν
2168 957 2382 1027 ἄγνοια,
2416 959 2512 1013 καὶ
2539 957 2684 1013 οὕτω
2731 959 2890 1028 βαθεί
2925 959 3103 1029 σκότῳ
3157 958 3486 1030 μεμυκότες
3520 958 3645 1010 καθ-

2045 1051 2281 1114 εύδουσι.
2338 1052 2458 1116 πῶς
2483 1054 2564 1114 εις
2592 1052 2936 1122 κακουργίαν
2951 1053 3136 1106 πᾶσαν
3167 1050 3434 1105 ἐπίνοιαν
3470 1051 3638 1121 ὑπερ

2045 1143 2350 1200 ϐάλλουσαν
2389 1145 2491 1198 οὐκ
2524 1145 2711 1199 ἀνιᾶσι
2741 1144 2877 1208 τοὺς
2906 1143 3230 1215 ἀνθρώπους
3261 1143 3354 1211 ἐφ’
3384 1136 3478 1206 οἷς
3530 1142 3647 1196 οὐδὲ

2047 1236 2338 1306 μελέτησις
2361 1237 2624 1300 πολλάκις
2653 1237 3012 1308 προηγήσατο
3035 1239 3115 1301 εἰς
3138 1237 3507 1309 ἀπορρήτους
3528 1234 3646 1286 τόλ-

2047 1345 2155 1397 μας
2187 1327 2304 1398 ἅμα
2334 1327 2645 1398 ἐρεθίζουσι
2692 1346 2752 1382 τε
2773 1329 2869 1382 καὶ
2897 1328 3341 1398 συγκαθέλκουσι
3373 1344 3392 1393 ;
3430 1326 3511 1380 Τὸ
3554 1328 3647 1396 μὲν

2047 1421 2160 1485 σὺν,
2183 1421 2260 1484 ὡς
2289 1420 2558 1491 ἡγοῦμαι,
2589 1421 2644 1474 εῐ
2661 1439 2746 1485 τις
2769 1421 2896 1484 τοὺς
2919 1421 3145 1484 πολλοὺς
3165 1419 3649 1489 συνοπτικώτερον

2045 1512 2190 1566 εἷποι
2222 1511 2436 1580 λόγους,
2471 1511 2727 1565 τοσοῦτον
2756 1511 2825 1565 ἂν
2854 1512 2942 1582 εἴη
2973 1511 3298 1582 πρόϐλημα·
3321 1510 3566 1564 ἔπταισε
3592 1509 3648 1562 τὸ

2045 1602 2324 1672 δαιμόνιον
2351 1620 2366 1636 ο
2397 1603 2454 1656 τί
2491 1607 2783 1674 μετανοεῑς
2849 1604 2994 1659 Ἀλλ’
3046 1603 3326 1676 ἐπωρώθη
3353 1618 3370 1632 ⁶
3411 1601 3584 1655 πόθεν
3615 1603 3649 1671 i;

2047 1694 2344 1764 πώρωσις;
2383 1696 2526 1749 Αὐτὸ
2563 1696 2673 1769 γὰρ
2703 1696 2812 1750 τῶν
2846 1696 3023 1751 ἄλλων
3060 1695 3214 1750 αἰτία
3269 1693 3603 1764 πωρώσεως
3630 1709 3644 1720 '

348 1790 468 1846 sit?
501 1790 594 1846 sed
645 1805 746 1845 nec
797 1791 1106 1845 obczeeatos
1160 1790 1342 1845 facere
1395 1799 1453 1846 et
1503 1792 1937 1846 obcweationem

2063 1785 2184 1839 Ξιλλὰ
2213 1785 2553 1858 πεπώρωται
2583 1803 2598 1817 '
2634 1788 2754 1852 πῶς
2777 1789 2880 1842 οὐκ
2919 1787 3194 1859 ἐπωρώθη
3223 1805 3239 1853 ;
3317 1786 3470 1840 Ἀλλ’
3529 1784 3648 1838 οὗτε

347 1896 558 1950 augere
591 1891 792 1952 potest.
839 1881 1129 1946 Quomodo
1160 1893 1342 1937 autem
1376 1884 1464 1938 ille
1513 1887 1607 1953 qui
1639 1884 1692 1937 in
1738 1885 1942 1938 bonum

347 1974 584 2026 omnino
617 1973 889 2028 formatus
933 1985 1055 2038 est,
1108 1975 1176 2028 ad
1215 1974 1346 2028 illud
1397 1975 1549 2028 nullo
1583 1977 1768 2040 modo,
1821 1991 1944 2030 sese

358 2065 602 2127 inclinet.
631 2067 700 2120 ad
743 2067 890 2136 quod
922 2078 1104 2121 autem
1138 2084 1246 2121 non
1293 2068 1538 2122 directus
1571 2077 1676 2132 est,
1712 2068 1766 2121 in
1807 2066 1942 2123 illud

351 2174 420 2214 se
449 2159 781 2229 immergat?
825 2160 1039 2229 etquid
1084 2159 1226 2216 forte
1277 2161 1382 2213 hoc
1435 2168 1584 2215 esset
1637 2160 1786 2231 quod
1834 2176 1944 2215 non

348 2249 581 2322 dignata
617 2251 887 2306 diabolica
923 2261 1085 2320 gente
1125 2252 1248 2308 illos
1274 2253 1562 2322 suscepit?

778 2366 1103 2435 QUASSTIO
1147 2366 1382 2422 ccxxv
1416 2368 1517 2439 (ι).

354 2459 602 2516 Hominis
661 2461 994 2515 ethnicorum
1052 2463 1284 2530 partium
1341 2462 1570 2515 studiosi
1629 2477 1749 2514 cum
1790 2460 1950 2517 Chri-

426 2533 603 2614 stiano
635 2532 904 2614 dialogus,
938 2547 1031 2588 seu
1069 2533 1246 2600 capita
1274 2533 1518 2602 quwdam
1551 2533 1741 2604 quibus
1774 2533 1950 2588 Triui-

429 2613 514 2657 ιαδ
544 2615 824 2659 utaentur.

2044 1878 2490 1948 πεπωρωμὲνους
2530 1881 2706 1934 ποιεῖν
2749 1880 2845 1933 καὶ
2903 1880 3157 1940 αὐξάνειν
3217 1879 3324 1949 τὴν
3353 1877 3644 1948 πώρωσιν.

2043 1971 2171 2035 Πῶς
2209 1971 2255 2024 δ’
2283 1972 2375 2026 ἐπ’
2408 1972 2602 2044 ἀγαθῷ
2651 1973 2896 2028 πλασθὲν
2936 1974 3074 2035 ὅλως
3128 1973 3354 2027 νένευκε
3400 1972 3510 2041 μὲν
3561 1970 3650 2022 ού-

2048 2061 2262 2131 δαμῶς,
2302 2065 2440 2134 πρὸς
2478 2064 2507 2118 ὃ
2538 2065 2596 2118 δὲ
2629 2065 2708 2135 μῆ
2731 2065 2987 2137 προήχθη
3046 2064 3124 2127 ὡς
3173 2065 3357 2116 ἐκεῖνο
3392 2062 3643 2114 καταπέο

2043 2171 2270 2219 πτωκες
2300 2156 2396 2209 καὶ
2428 2156 2482 2209 τί
2511 2157 2578 2210 ἂν
2613 2157 2793 2209 ἐκεῖνο
2837 2158 2948 2227 εἴη,
2995 2155 3025 2209 ὃ
3077 2155 3155 2227 μὴ
3185 2154 3507 2223 τραπέντος
3560 2150 3651 2203 τοῦ

2040 2243 2322 2316 δαιμονίου
2350 2246 2522 2313 φύλου
2549 2246 2772 2312 τούτους
2797 2247 3096 2312 ὑπεδέξατο
3119 2263 3134 2311 ς

2563 2362 2900 2415 ΕΡΩΊῊΣΙΣ
2937 2363 3028 2414 ΣΚ
3037 2361 3110 2415 ιγ.

2058 2451 2160 2519 Ὠς
2196 2452 2267 2506 ἐν
2322 2453 2587 2520 διαλέξει
2632 2453 3075 2522 Αέλληνίζοντος
3132 2454 3234 2508 καὶ
3280 2449 3647 2521 Χριστιανοῦ

2151 2523 2471 2594 κεφάλαια,
2502 2525 2590 2579 δι’
2617 2519 2704 2579 ὧν
2733 2519 3242 2585 κατασκευᾶζεται
3274 2519 3338 2594 ’δ’
3356 2523 3560 2593 Τριάς.

981 2717 1127 2770 Edita
1150 2730 1178 2766 a
1197 2717 1324 2767 Maio
1349 2716 1499 2779 (Nov.
1524 2716 1648 2769 Coll.
1669 2723 1707 2769 t.
1731 2716 1773 2779 Ι,
1800 2733 1850 2783 p.
1872 2721 2206 2789 202-207).-—
2225 2726 2302 2777 De
2321 2737 2490 2779 sancta
2510 2729 2756 2780 'l'rinitate
2776 2730 3018 2792 dialogus.

430 2829 714 2886 Ethnicus.
751 2827 889 2884 Cum
929 2834 984 2882 te
1011 2825 1311 2882 Christiani
1361 2825 1638 2898 dogmatis
1666 2836 1942 2897 protecto-

359 2938 478 2980 rem
509 2923 757 2978 noverim
788 2937 852 2976 ac
882 2930 1372 2991 propugnatorem,
1410 2935 1509 2974 nec
1546 2935 1654 2973 non
1691 2919 1945 2988 benigni-

364 3024 477 3072 tate
521 3014 855 3084 fulgentem,
922 3029 1030 3068 non
1092 3012 1326 3068 verebor
1367 3011 1710 3081 disquirendi
1769 3012 1943 3082 gratia

359 3121 659 3178 exponere,
696 3107 742 3161 si
779 3106 1004 3176 quidem
1043 3115 1096 3159 tu
1137 3103 1360 3170 annuis,
1411 3101 1621 3173 antiqui
1652 3102 1946 3173 ρι’ωυίρυὶ-

363 3217 471 3272 que
496 3201 640 3268 apud
673 3214 770 3255 vos
806 3198 1081 3254 sermonis
1121 3196 1452 3252 sententiam
1488 3212 1502 3249 :
1534 3210 1698 3264 quam
1729 3194 1952 3264 quidem

361 3310 468 3366 ego
495 3293 651 3349 valde
680 3291 1058 3346 incredibilem
1106 3305 1229 3344 esse
1256 3290 1450 3355 video;
1481 3298 1535 3344 et
1567 3287 1614 3342 si
1652 3287 1794 3342 forte
1828 3301 1952 3342 cre-

365 3387 552 3446 dibilis
592 3387 707 3448 fiat,
740 3383 913 3438 nihilo
945 3394 1126 3437 tamen
1167 3382 1353 3435 minus
1385 3379 1799 3435 contradicendi
1843 3378 1954 3432 vim

367 3481 592 3543 habere,
617 3489 781 3549 atque
807 3477 860 3533 id
887 3477 1066 3547 ipsum
1100 3474 1384 3532 evertendi
1410 3475 1555 3545 quod
1583 3472 1796 3544 pridem
1831 3471 1955 3525 nisa

362 3581 486 3632 erat
515 3579 788 3626 astruere.

428 3661 798 3719 Christianus.
836 3660 1095 3727 Quaenam
1125 3672 1257 3713 vero
1294 3655 1390 3711 tibi
1426 3657 1567 3710 ratio
1602 3654 1682 3710 sic
1711 3653 1957 3723 cogitare

365 3742 631 3825 loquique
669 3751 881 3809 suasit?
910 3751 1055 3804 Sane
1083 3749 1231 3819 quod
1277 3757 1371 3801 tua
1419 3745 1610 3816 Opinio
1644 3761 1820 3812 neque
1853 3758 1956 3799 nos

367 3861 547 3917 neque
597 3845 882 3899 veritatem
934 3848 1234 3912 Oppugnet,
1280 3839 1356 3894 nil
1413 3855 1553 3908 opus
1590 3848 1675 3892 est
1722 3837 1953 3890 dicere:

367 3938 516 4009 quod
547 3947 729 3991 autem
782 3935 818 3988 ii
852 3934 947 4003 qui
1004 3932 1322 4009 caliginnsis
1365 3929 1716 3999 dogmatibus
1755 3927 1957 3981 obseu-

369 4041 586 4094 rantur,
646 4027 934 4096 religionis
993 4035 1155 4078 rectae
1202 4023 1386 4075 lumen
1435 4035 1544 4074 non
1603 4019 1851 4082 videant,
1903 4016 1957 4071 id

367 4136 589 4196 quoque
634 4120 794 4175 facile
848 4116 1191 4186 intelligitur.
1245 4111 1385 4166 Fare
1440 4126 1540 4182 age
1594 4119 1776 4164 tamen
1830 4111 1956 4179 qui-

368 4218 606 4271 busnam
637 4227 695 4267 tu
746 4210 1053 4266 rationibus
1107 4204 1376 4274 impulsus
1408 4203 1584 4263 dicas.
1635 4210 1860 4256 nostros
1891 4201 1958 4256 de

366 4307 636 4377 religione
688 4316 995 4365 sermones,
1064 4299 1192 4352 dum
1254 4311 1369 4350 rem
1425 4293 1657 4348 suadere
1709 4293 1953 4362 student,

1971 3058 2018 3121 C

2138 2833 2520 2904 Ἐλληνίζων.
2555 2838 2663 2891 Τοῦ
2709 2837 3036 2909 Χριστιανοῠ
3082 2855 3142 2892 σε
3200 2836 3482 2905 δόγματος
3517 2851 3642 2906 προ-

2054 2929 2324 3000 σσπιστὴν
2341 2929 2496 2992 εἰδὼς
2516 2930 2609 2983 καὶ
2630 2929 2972 3000 ὑτιέρμαχον,
2990 2929 3168 2994 ἄλλως
3199 2947 3254 2981 τε
3274 2930 3331 2982 δὲ
3357 2930 3459 2981 καὶ
3476 2931 3645 2981 ἐπιει-

2054 3022 2180 3093 κείᾳ.
2205 3023 2687 3097 λαμπρυνόμενον,
2743 3027 2843 3079 οὑκ
2874 3027 2940 3080 ἂν
2973 3026 3338 3098 εὐλαϐηθείην
3370 3028 3646 3096 λογισμοῖς

2055 3115 2295 3180 ἐτάσεως
2317 3117 2630 3184 ὑποϐαλεῖν,
2649 3119 2763 3186 εἴγε
2788 3121 2883 3172 καὶ
2899 3120 3064 3180 αὐτὸς
3087 3121 3385 3182 ἐπινεύοις,
3410 3120 3506 3172 τοῦ
3526 3118 3643 3187 παρ’

2054 3205 2184 3277 ὑμῖν
2219 3209 2663 3279 πρεσϐευομένου
2697 3210 2856 3279 λόγου
2891 3211 2992 3280 τὴν
3012 3211 3277 3265 διάνοιανο
3307 3211 3428 3281 ὁρῶ
3456 3212 3564 3280 γὰρ
3589 3213 3642 3262 ἐν

2055 3300 2194 3370 αύτῇ
2235 3299 2370 3353 πολὺ
2398 3301 2498 3370 μὲν
2521 3301 2582 3353 τὸ
2611 3301 2907 3355 ἁπείθανον
2934 3318 2949 3333 ο
2974 3303 3196 3355 ἐπειδὰν
3225 3303 3282 3354 δὲ
3304 3301 3368 3354 τὸ
3392 3301 3642 3355 mtuam

2055 3393 2364 3456 ὑποδύοιτο,
2413 3394 2512 3446 οὐκ
2551 3394 2757 3449 ἐλάττω
2806 3394 3077 3460 δηλοῦσαν
3125 3395 3216 3447 τὸν
3251 3395 3506 3466 ἔλεγχον,
3558 3393 3643 3446 καὶ

2056 3487 2543 3558 καταστρέφουσαν
2579 3488 2615 3542 ἃ
2642 3487 3077 3554 κατασκευάζειν
3104 3488 3415 3560 προῄρητο.

2128 3665 2502 3732 Χριστιανός.
2530 3663 2654 3728 Πῶς
2677 3664 2743 3737 δὴ
2770 3666 2865 3718 καὶ
2893 3666 2979 3729 τίς
3011 3683 3071 3719 σε
3102 3665 3260 3734 λόγος
3291 3659 3396 3720 ὧδε
3434 3669 3642 3740 φρονεῖν

2058 3755 2154 3809 καὶ
2193 3755 2375 3824 λέγειν
2420 3757 2741 3824 ἀνέπεισεν;
2783 3758 2908 3811 Ὅτι
2943 3759 3045 3829 μὲν
3097 3760 3206 3830 γὰρ
3235 3762 3267 3831 ἡ
3301 3761 3368 3832 σὴ
3406 3762 3536 3827 δόξα
3560 3761 3645 3813 καὶ

2057 3846 2190 3917 ἡμῖν
2215 3848 2309 3900 καὶ
2353 3850 2421 3920 τῇ
2461 3849 2692 3920 ἀληθείᾳ
2721 3850 2782 3903 ού
2814 3851 3070 3920 μάχεται,
3111 3852 3264 3904 οὐδὲν
3298 3852 3380 3905 δεῖ
3417 3853 3636 3924 μαθεῖν·

2057 3937 2140 3990 ὅτι
2169 3937 2226 3991 δὲ
2258 3940 2370 4002 τοῖς
2411 3941 2469 3994 ἐν
2514 3940 2675 4011 ἀχλύῖ
2716 3942 3004 4013 δογμάτων
3050 3945 3449 4013 κατεχομένοις
3490 3945 3642 4018 ήτῆς

2058 4031 2340 4096 εὐσεϐείας
2365 4033 2466 4103 οὐχ
2491 4035 2684 4106 ὁρᾶται
2707 4035 3040 4106 καθαρότης.
3069 4037 3194 4090 οὐδὲ
3217 4039 3380 4092 τοῦτο
3405 4039 3638 4111 ἐργῶδες

2059 4125 2293 4178 ἐννοείνο
2344 4125 2484 4198 πλὴν
2538 4128 2676 4180 ἀλλὰ
2709 4129 2858 4196 λέγε,
2906 4129 2960 4182 οἵ
2988 4147 3046 4182 σε
3074 4133 3183 4183 τῶν
3222 4131 3398 4201 λόγων
3438 4135 3642 4204 ἐπῇραν

2058 4215 2258 4284 λέγειν,
2289 4217 2364 4282 ὡς
2409 4221 2456 4272 οἱ
2490 4221 2619 4290 περὶ
2648 4221 2749 4291 τῆς
2780 4221 3068 4286 εὐσεϐείας
3100 4223 3259 4295 ἡμῶν
3285 4224 3441 4292 λόγοι
3467 4227 3528 4279 τὸ
3557 4242 3639 4278 πι-

2061 4307 2220 4362 θανὸν
2263 4309 2668 4380 μηχανώμενοι,
2728 4313 2929 4383 μᾶλλον
2974 4315 3112 4386 πρὸς
3155 4315 3218 4368 τὸ
3262 4314 3563 4370 ἀπίθανόν
3587 4330 3639 4367 τε

366 4416 490 4456 eam
531 4397 716 4468 potius
759 4391 1136 4448 incredibilem
1165 4404 1228 4444 ac
1258 4386 1728 4443 demonstratione
1760 4401 1949 4440 caren-

2063 4401 2482 4456 κὰναπόδεικτον
2511 4405 2901 4477 ἀπορρέουσιν.

369 4501 480 4547 tem
512 4487 820 4544 ostendere.

436 4583 566 4639 ΕιΙι.
621 4580 802 4635 Faber
855 4577 1024 4649 igitur
1079 4590 1188 4630 non
1251 4589 1425 4629 novos
1474 4590 1654 4645 neque
1711 4587 1953 4644 nuperos

367 4688 676 4737 sermones,
705 4671 802 4726 sed
848 4686 879 4724 a
911 4669 1105 4740 priScis
1137 4667 1433 4721 admodum
1464 4666 1660 4721 vestris
1707 4667 1956 4736 patribus

369 4771 566 4825 dictos.
608 4766 703 4822 lsti
737 4765 882 4820 enim
919 4764 1050 4818 dum
1080 4762 1281 4816 Filium
1330 4770 1497 4830 atque
1541 4759 1808 4831 Spiritum
1844 4758 1954 4814 Deo

372 4863 682 4932 adiungunt
725 4860 832 4931 (est
878 4857 1026 4912 enim
1077 4856 1182 4908 hoc
1231 4865 1496 4916 vestrum,
1551 4868 1585 4907 ο
1631 4851 1956 4917 Christiani,

372 4954 569 5024 dogma
606 4960 660 5007 et
687 4947 1116 5019 magisterium),
1159 4946 1258 5001 has
1288 4946 1400 5000 fere
1431 4944 1688 5014 loquendi
1715 4945 1960 5012 argutias

373 5046 763 5115 interrogativa
802 5043 980 5098 forma
1023 5048 1345 5096 contexunt.
1379 5038 1546 5093 Deum
1594 5039 1822 5091 minime
1857 5053 1954 5092 ca-

373 5154 494 5194 rere
540 5137 707 5192 verbo
759 5136 957 5190 mentis
990 5134 1180 5205 (λόγῳ)
1227 5133 1400 5187 dices.
1443 5129 1598 5186 Hanc
1647 5142 1702 5185 tu
1760 5132 1808 5186 si
1841 5130 1959 5186 bla-

374 5229 681 5298 sphemiam
733 5243 918 5293 caves,
969 5227 1218 5297 profecto
1263 5226 1415 5280 dices
1473 5225 1702 5278 verbum
1754 5223 1958 5277 mentis

377 5323 578 5376 habere
613 5317 806 5372 Deum.
841 5319 972 5373 Item
1016 5319 1061 5373 si
1089 5318 1234 5372 Deus
1269 5333 1378 5370 non
1412 5324 1495 5371 est
1529 5317 1822 5382 exanimis,
1859 5331 1955 5369 ne-

374 5431 484 5485 que
513 5411 915 5468 insensibilium
941 5427 1124 5466 rerum
1156 5419 1352 5465 natura
1377 5410 1662 5479 praeditus,
1704 5408 1958 5478 spiritum

379 5506 579 5562 habeat
617 5519 846 5562 necesse
890 5511 992 5559 est.
1027 5502 1172 5574 Ergo
1220 5517 1403 5558 sermo
1431 5502 1496 5556 de
1540 5512 1735 5556 natura
1769 5500 1956 5556 divina

2136 4579 2260 4634 Ἑλ.
2280 4579 2424 4650 Ἰἰρῶ
2462 4598 2522 4633 τε
2559 4581 2740 4634 τοίνυν
2766 4583 2827 4635 οὐ
2873 4583 3051 4650 νέους,
3087 4586 3150 4638 οὐ
3180 4589 3535 4657 προσφάτους
3562 4587 3638 4640 λό-

2052 4685 2208 4738 γους,
2243 4669 2384 4724 ansa;
2437 4671 2689 4737 παλαιοῖς
2739 4674 2893 4744 ὑμῶν
2944 4677 3038 4730 καὶ
3093 4678 3327 4750 χρονίοις
3373 4683 3639 4752 [lat-piant

2056 4764 2481 4835 ἀνειρημένουςο
2531 4766 2627 4820 καὶ
2672 4767 2782 4839 γὰρ
2828 4761 2976 4822 οὗτοι
3030 4770 3158 4822 Υἱὸν
3192 4773 3286 4824 καὶ
3313 4773 3546 4844 Πνεῦμα
3570 4771 3639 4840 τῷ

2061 4855 2180 4926 Θεῷ
2231 4857 2662 4927 παρεισάγοντες
2719 4859 2901 4929 (τοῦτο
2939 4862 3048 4931 γάρ
3087 4863 3204 4917 ἐστι
3259 4865 3322 4917 τὸ
3382 4867 3640 4936 ὑμέτερον

2061 4947 2170 5000 τῶν
2201 4949 2553 5018 Χριστιανῶν
2583 4951 2675 5004 καὶ
2718 4953 2897 5024 δόγμα
2944 4957 3037 5008 καὶ
3082 4958 3368 5027 κήρυγμα)
3395 4960 3640 5028 τοιαύτην

2059 5041 2183 5095 τινὰ
2209 5042 2416 5112 πλοκὴν
2462 5045 2518 5095 ἐν
2560 5043 2830 5115 ἐρωτήσει
2883 5045 3288 5101 διαπλέκουσιν·
3335 5051 3367 5103 ὁ
3393 5052 3527 5116 Θεὸς
3554 5053 3640 5106 οὐκ

2063 5131 2130 5186 ἂν
2173 5135 2319 5202 ἐρεῖς
2352 5133 2427 5196 ὡς
2455 5135 2669 5204 ἄλογο;’
2710 5139 2758 5188 εἰ
2803 5137 2860 5190 δὲ
2897 5141 2992 5192 καὶ
3038 5139 3102 5190 σὺ
3141 5139 3368 5210 φεύγεις
3392 5143 3454 5196 τὸ
3488 5144 3639 5214 βλὰσο

2063 5241 2278 5295 φημον,
2307 5261 2310 5264 ι
2339 5226 2512 5295 Λόγον
2566 5229 2642 5292 ὼς
2687 5229 2801 5299 ἔχει
2829 5231 3051 5294 πάντως
3100 5233 3269 5302 ἐρεῖς·
3310 5235 3361 5287 εί
3401 5236 3459 5290 δὲ
3501 5237 3574 5306 μὴ
3603 5233 3639 5287 δ’

2063 5319 2271 5382 ἄπνους
2309 5320 2404 5373 καὶ
2443 5320 2550 5374 τῶν
2593 5321 2938 5394 ἀναισθήτων
2986 5323 3086 5395 τὴν
3133 5325 3300 5394 φύσιν
3353 5326 3641 5381 ὑποϐαλλό-

2063 5428 2244 5482 μενος,
2289 5411 2402 5481 ἔχει
2437 5412 2654 5476 πάντως
2695 5413 2794 5466 καλ¹
2847 5415 3092 5487 Πνεῦμα·
3141 5417 3342 5471 οὐκοῦν
3378 5420 3439 5471 ἐν
3466 5416 3639 5490 Τριὰὁι

2058 5500 2157 5572 τὴν
2195 5501 2479 5569 θεολογίαν
2535 5502 2859 5575 ὑμνολογεῖν
2902 5505 3002 5559 δεῐ’
3046 5506 3273 5563 τοιαῦτα
3321 5508 3379 5563 δέ
3410 5527 3534 5565 τινα
3562 5507 3640 5563 καὶ

1882 5667 2091 5723 ΝΟΤΑΞ

454 5796 529 5867 (t)
565 5793 686 5852 llaec
715 5808 932 5867 quoque
958 5791 1260 5864 quaestioin
1283 5789 1509 5847 Coisliu.
1541 5797 1593 5844 et
1621 5785 1944 5844 Taurinensi
1988 5783 2179 5841 codice
2212 5784 2375 5855 plane
2407 5785 2579 5844 det-st.

3791 521 3799 590 ξ
