3902 6212
249 246 373 313 1017

1122 251 1222 311 AD
1260 251 1854 314 AMPHILOCHIUM
1925 250 2277 323 QUzESTlO
2316 250 2582 312 CCXXV.

3370 250 3515 317 1018

243 373 374 427 ἄλλα
402 370 716 442 σοφίσματα
738 369 1205 441 παραπλέκουσιν·
1226 371 1288 424 οὐ
1310 370 1418 424 τῶν
1443 372 1564 423 ὲστε
1574 372 1826 442 ρημένων

1953 386 2039 424 non
2075 370 2285 440 absque
2316 369 2587 424 'l‘rimtate
2618 369 2982 425 celebrandus
3004 381 3105 425 ρει.
3144 368 3262 426 Alia
3287 386 3515 443 quoque

245 466 355 518 ἐστὶ
397 464 560 534 γονῆς
588 464 616 516 6
644 463 795 525 Θεός’
848 461 1043 516 οὐκοῦν
1074 462 1194 515 ἐστί
1231 481 1291 515 τε
1322 463 1487 533 γονῆς
1518 463 1706 533 Πατὴρ
1732 461 1826 515 καὶ

244 556 587 626 γεγέννηκεν⁸
630 555 767 609 ἀλλά
806 556 901 608 καὶ
931 555 1102 625 χωρὶς
1137 556 1237 608 οὐκ
1263 555 1329 609 ἂν
1356 555 1444 625 εἴη
1481 556 1823 624 Πνεύματος.

246 650 409 720 Τριὰς
435 648 528 702 οὖν
548 650 712 702 πάλιν
741 651 805 702 ὲκ
828 648 1033 703 τούτων
1055 648 1122 702 ἂν
1160 648 1246 719 εἴη
1280 651 1309 702 6
1347 648 1499 711 Θεός·
1529 648 1623 702 καὶ
1648 648 1822 701 πολλὰ

246 740 465 794 τοιαῦτα
504 740 636 794 ἀλλα
672 742 1015 811 συναγείρειν
1070 743 1184 803 τοῖς
1225 742 1366 794 κατά
1401 741 1500 810 τὴν
1532 740 1677 794 ἰδέαν
1710 741 1819 795 τῶν

247 831 552 884 ὑπνούντων
600 832 974 900 σχολάζουσιν,
1018 831 1118 884 οὐκ
1148 831 1213 884 ἂν
1249 832 1333 900 εἴη
1369 830 1607 901 χαλεπὸν
1639 829 1825 902 ἀθροί-

247 924 380 988 ζειν,
426 923 521 977 καὶ
572 923 895 995 θεραπεύειν
939 924 1193 988 ἑαυτοὺς,
1237 923 1351 977 ἀλλ’
1379 924 1478 977 οὐκ
1516 922 1711 987 ἀλλους
1754 925 1821 994 τῇ

246 1015 640 1089 πεπλανημένη
674 1015 802 1086 περὶ
833 1016 1007 1069 ταῦτα
1031 1015 1236 1087 θεωρίᾳ
1266 1017 1361 1071 καὶ
1389 1015 1662 1088 πειθούσῃ
1692 1019 1822 1082 τοὺς

250 1107 632 1172 ἀνεξετάστους
675 1107 1085 1177 παραδέχεσθαι
1119 1108 1178 1161 τὸ
1211 1108 1538 1165 ἀπείθανον.

313 1202 417 1267 Χρ.
460 1198 556 1262 Τίς
581 1195 674 1252 οὖν
705 1217 764 1253 σε
800 1201 980 1268 λόγος,
1036 1201 1238 1269 μᾶλλον
1286 1201 1347 1254 δὲ
1383 1204 1536 1254 ποῖον
1568 1200 1829 1266 ἀπονοίας

252 1293 444 1361 θράσος
468 1290 710 1345 τοσαῦτα
738 1292 975 1362 ληρῆσαι
1022 1292 1162 1346 κατά
1205 1295 1303 1365 τῆς
1352 1294 1636 1359 εὐσεϐείας
1682 1312 1829 1366 παρ-

260 1384 589 1447 εσκεύασεν;

329 1476 454 1530 Ἑλ.
480 1476 649 1529 Οὐδὲν
678 1472 859 1542 εἶπας,
886 1478 1022 1532 ἀλλὰ
1059 1478 1126 1532 τὰ
1177 1479 1247 1532 σὰ
1285 1479 1383 1548 τῆς
1410 1478 1713 1541 ἐπιεικείας
1734 1478 1830 1532 καὶ

255 1568 665 1638 φιλανθρωπίας
695 1569 1032 1641 προπύλαιαο
1083 1571 1177 1623 καί
1213 1588 1302 1641 μοι
1331 1570 1497 1641 μηδὲν
1536 1570 1828 1641 ἀχθεσθῇς,

252 1659 342 1712 καὶ
382 1660 534 1714 οὐδὲν
564 1654 639 1714 ὧν
671 1661 780 1714 ἔδει
807 1661 906 1732 μέν
941 1678 1002 1715 σε
1033 1656 1196 1727 εἶναι,
1223 1664 1306 1717 ἑνὶ
1330 1663 1509 1735 καιρῷ
1543 1662 1602 1716 δὲ
1629 1662 1693 1715 τὸ
1727 1664 1829 1715 ὲπ-

251 1754 278 1805 ό
285 1770 443 1823 μενον
471 1754 887 1825 ἀποκρύψομεν.

319 1848 425 1913 Χρ.
476 1847 617 1915 Λέγε
647 1847 948 1918 προθύμως
981 1848 1150 1919 μηδὲν
1171 1848 1598 1919 εὐλαῦούμενοςο
1623 1846 1692 1901 τά
1720 1847 1830 1920 γάρ

254 1936 396 1990 ἔνδον
428 1937 583 1992 οὐδὲν
620 1939 875 2011 εὑρήσεις
923 1939 1035 1994 τῶν
1081 1940 1435 2012 προπυλαίων
1495 1939 1828 2011 θρασύτερα·

255 2029 392 2099 πλὴν
438 2031 488 2084 εἰ
542 2031 709 2102 μήπω
763 2031 858 2086 καὶ
899 2032 1063 2095 αύτὺς
1109 2032 1325 2085 οὐδέπω
1352 2032 1454 2102 τῆς
1501 2034 1566 2085 ἐκ
1608 2031 1717 2086 τῶν
1744 2031 1833 2089 λό-

256 2138 368 2189 γων
408 2122 657 2193 ἀνάγκης
702 2124 1089 2195 συνεχόμενος,
1142 2124 1280 2194 πρὸς
1327 2124 1488 2195 ὓϐριν
1529 2125 1628 2193 τῆς
1679 2124 1835 2178 εὐσε-

254 2212 403 2278 ϐείας
443 2214 541 2285 τὴν
566 2215 812 2283 γλῶτταν
840 2214 1066 2284 όξυνείς,
1102 2217 1199 2269 καὶ
1225 2215 1324 2286 τὴν
1363 2216 1537 2287 ὀφρὺν
1577 2215 1833 2270 ἀνασπά-

258 2319 375 2358 σαις
400 2304 542 2358 κατὰ
568 2306 693 2370 τοὺς
714 2306 973 2376 ἄφρονας.

337 2394 684 2452 Ἑλ.Φαΰλον
726 2398 827 2468 μὲν
882 2400 1094 2454 οἴκοθεν
1147 2400 1267 2453 οὐδὲ
1319 2400 1632 2471 ὑθριστικδν
1672 2400 1835 2455 οὐδὲν

255 2487 383 2557 cpi-3'
437 2491 485 2542 εί
517 2489 572 2542 δὲ
607 2491 664 2543 αἱ
697 2492 826 2562 παρ’
862 2491 1016 2561 ὑμῶν
1047 2492 1352 2559 ἀποδείξεις
1378 2492 1631 2546 δοκοῦσαι
1661 2494 1837 2546 ταῦτα

256 2576 536 2644 φέρουσιν,
579 2577 679 2630 οὐκ
728 2578 841 2647 ἐγὼ
881 2579 1056 2633 ταῦτα
1104 2580 1277 2652 φέρω,
1335 2580 1450 2634 ἀλλ’
1483 2582 1535 2634 οἱ
1562 2584 1836 2653 προκομί-

259 2681 449 2729 σαντες
473 2669 574 2738 τῆς
602 2670 781 2733 αἰτίας
805 2669 1002 2740 ἔνοχοι.

326 2848 431 2917 Χρ.
471 2848 611 2917 Λέγε
664 2850 865 2917 τοίνυν,
917 2852 1152 2924 καὶτῆς
1205 2852 1469 2924 ἀληθείας
1520 2857 1553 2927 ἡ
1600 2856 1839 2929 βάσανος

257 2940 359 2993 οὐκ
386 2939 451 2992 ἂν
480 2941 785 3012 παρόψεται
812 2943 872 2995 τὸ
904 2944 1296 3016 σφαλλόμενον.

343 3030 462 3085 Ἑλ.
507 3033 621 3085 Οὐκ
652 3032 789 3087 ἄλλα
824 3051 889 3102 γε
931 3036 1063 3105 ἐρῶ,
1094 3038 1231 3095 ἀλλὰ
1256 3040 1432 3096 ταῦτά
1461 3056 1526 3110 γε
1559 3042 1653 3095 καὶ
1679 3040 1715 3095 ἃ
1743 3042 1837 3097 τοῦ

254 3122 418 3189 λόγου
447 3125 856 3196 καταρχόμενος
877 3129 1036 3200 ἔφην.

329 3216 434 3281 Χρ.
467 3217 591 3279 Πῶς
629 3217 737 3289 δή;

344 3309 471 3364 Ἑλ.
508 3308 817 3381 Ἐρωτῶσιν
855 3313 903 3366 οἱ
932 3314 1168 3383 Χριστὸν
1216 3315 1530 3386 εἰσάγοντες
1574 3318 1704 3375 Υίδν
1747 3318 1843 3375 τοῦ

260 3401 421 3469 Θεοῦ,
459 3403 686 3473 πότερον
713 3405 741 3456 6
769 3404 898 3468 Θεὸς
919 3406 1032 3476 ἔχει
1068 3405 1225 3476 λόγον
1249 3407 1281 3478 ἢ
1308 3407 1402 3471 οῦς

328 3495 434 3560 Χρ.
468 3492 746 3563 Ἐρωτῶσι
769 3495 888 3566 μέν’
911 3499 1011 3553 οὐκ
1039 3495 1160 3552 οἶδα
1179 3500 1235 3553 δὲ
1261 3503 1309 3554 εί
1328 3501 1403 3565 ὡς
1433 3502 1497 3555 σὺ
1518 3501 1614 3572 τὴν
1632 3503 1843 3574 ἐρώτη-

260 3601 349 3637 σιν
396 3588 924 3656 μετασχηματίςειςο
970 3589 1108 3644 ἀλλά
1157 3592 1299 3656 τέως
1356 3594 1497 3647 ἔστω
1537 3595 1698 3649 τοῦτο
1725 3596 1840 3662 νῦν,

261 3678 354 3731 ἴνα
382 3678 549 3748 μήπω
577 3681 687 3750 πρὸ
716 3680 884 3751 ἀλλης
921 3683 1223 3748 ἐξετάσεως
1255 3686 1387 3756 ἄλλη
1413 3686 1643 3756 βάσανος
1666 3706 1846 3759 παρα-

258 3767 552 3838 ληφθεῖσα,
574 3770 672 3843 τὴν
697 3774 792 3826 τοῦ
829 3775 924 3828 σοῦ
945 3776 1107 3846 λόγου
1138 3779 1461 3832 ἀκολουθίαν
1494 3797 1554 3831 τε
1586 3782 1842 3852 περιόψῃ,

260 3862 360 3913 καὶ
396 3860 657 3915 ἀσύνετον
700 3862 800 3932 τὴν
835 3864 965 3935 ὃλην
1014 3867 1398 3940 ἀπεργάσηται
1453 3871 1726 3941 διήγησιν·
1778 3871 1845 3924 ἂν

258 3944 319 3997 δέ
349 3961 414 4013 γε
443 3947 542 4017 ἐμὲ
583 3948 919 4020 ἐρωτήσειας
967 3953 1020 4006 τί
1049 3953 1116 4007 ἂν
1164 3956 1397 4027 εἴποιμι,
1439 3960 1504 4011 σὺ
1532 3959 1600 4013 ἂν
1642 3959 1845 4030 εἰδείης

262 4041 361 4090 καὶ
391 4041 425 4108 ὴ
463 4042 530 4111 σὴ
565 4041 701 4113 πρὸς
730 4044 923 4113 ἑτέραν
949 4044 1108 4112 δόξαν
1133 4048 1477 4104 ἀπονεύουσα
1518 4052 1735 4125 γνώμη.

362 4221 472 4276 Ελ.
502 4219 643 4291 Ἐγω
677 4223 777 4295 μὲν
804 4226 999 4291 ὁσάκις
1027 4227 1093 4281 ἃν
1106 4227 1279 4283 ταῦτα
1296 4232 1717 4303 προτεινομένην
1746 4234 1845 4304 τὴν

258 4310 533 4384 ἐρώτησιν
590 4316 797 4384 ἀκούω,
858 4319 1146 4390 διαχέομαι
1212 4323 1310 4391 μὲν
1360 4324 1437 4394 τῷ
1501 4325 1839 4395 μειδιάματιο

1930 461 2272 529 sophismata
2317 459 2632 529 huiusmodi
2672 470 2906 531 pergunt
2940 472 3180 517 nectere.
3209 462 3327 518 Non
3359 476 3519 521 caret

1929 552 2187 622 gignendi
2221 552 2269 606 vi
2309 552 2483 618 Deus;
2520 564 2607 606 est
2640 567 2773 622 ergo
2802 552 3072 623 genitura:
3100 569 3299 623 parens
3324 566 3379 609 et
3413 571 3517 626 ge-

1932 645 2074 699 nuit.
2109 643 2214 699 Sed
2247 658 2427 714 neque
2474 643 2596 699 sine
2625 645 2823 713 spiritu
2865 655 2980 713 est;
3024 662 3215 701 rursus
3246 648 3411 716 igitur
3441 664 3511 703 ex

1933 737 2019 791 his
2072 736 2363 791 conﬁcitur
2418 735 2474 790 in
2542 736 2812 792 Trinitate
2871 737 3037 794 Deus.
3104 738 3271 793 Multa
3320 739 3517 809 huju»

1936 827 2082 881 modi
2115 828 2223 881 alia
2280 828 2333 881 hi
2387 827 2480 897 qui
2507 829 2612 881 ritu
2643 828 3035 883 somniantium
3085 831 3329 883 utiantur
3363 830 3509 883 haud.

1936 936 2078 991 aegre
2106 921 2403 989 colligent;
2445 919 2685 989 sibique,
2720 934 2830 974 non
2861 920 3006 985 aliis,
3056 921 3159 976 hoc
3205 920 3383 975 fallaci
3420 936 3509 974 ra-

1935 1008 2162 1065 tiocinio
2214 1008 2605 1064 blandientur:
2636 1009 2954 1080 nominique
2998 1010 3140 1066 hanc
3168 1026 3282 1066 rem
3331 1012 3516 1066 incre—

1934 1100 2179 1163 dibilem,
2200 1108 2577 1170 praeterquam
2606 1099 3049 1165 inconsideratis,
3079 1103 3507 1171 persuadebunt.

2003 1191 2102 1248 Ch.
2141 1190 2274 1259 Quas
2321 1203 2541 1248 tenam
2584 1193 2757 1258 ratio,
2804 1194 2913 1247 imo
2951 1210 3081 1248 vero
3126 1210 3375 1264 quamam
3406 1213 3506 1251 au-

1929 1285 2037 1341 dax
2069 1286 2278 1340 insania
2317 1284 2385 1338 ad
2419 1284 2872 1341 hosell‘utiendos
2895 1285 3158 1342 adversus
3189 1288 3514 1359 religionem

1930 1394 2211 1436 sermones
2240 1378 2492 1449 impulit?

2000 1470 2127 1527 Em.
2159 1470 2303 1526 Nihil
2325 1470 2464 1526 dicis
2494 1470 2600 1526 nisi
2636 1469 2992 1541 benignitatis
3023 1486 3087 1527 ac
3120 1472 3515 1531 benevolentiae

1932 1572 2037 1617 tua:
2074 1563 2401 1634 primordia.
2431 1564 2601 1634 Atqui
2662 1565 2711 1619 si
2762 1565 2898 1619 mihi
2959 1578 3065 1619 non
3130 1580 3513 1633 succeaseres,

1931 1655 2065 1709 nihil
2094 1670 2285 1712 eorum
2316 1671 2440 1726 quae
2472 1666 2525 1713 te
2561 1657 2704 1712 scire
2744 1650 3048 1727 opOrteret,
3071 1672 3300 1730 quaeque
3347 1661 3513 1715 simul

1854 1735 1904 1795 Β
1930 1757 2298 1804 consentanea
2333 1759 2482 1813 sunt,
2516 1748 2822 1805 reticerem.

2002 1839 2098 1896 Ch.
2140 1839 2387 1910 Loquere
2416 1842 2700 1907 alacriter,
2726 1842 2863 1897 nihil
2884 1856 3080 1899 verens
3109 1860 3124 1897 :
3160 1858 3339 1914 neque
3363 1845 3515 1900 enim

1931 1933 2266 2004 asperiorem
2308 1948 2396 1988 me
2424 1934 2685 2005 deinceps
2728 1949 2894 2006 quam
2926 1934 3081 1989 initio
3114 1934 3360 1991 invenies
3392 1953 3408 1990 :
3438 1937 3515 1991 ita

1932 2035 2115 2080 tamen
2144 2033 2203 2079 ut
2238 2034 2291 2080 tu
2329 2026 2465 2096 ipse,
2497 2026 2599 2082 nisi
2633 2028 2907 2082 sermonis
2939 2027 3264 2084 necessitate
3288 2024 3521 2086 coactus

1933 2116 2124 2182 fueris,
2161 2127 2510 2188 nequaquam
2542 2118 2608 2171 ad
2654 2118 2967 2174 convicium
3014 2118 3266 2189 religioni
3306 2116 3520 2174 facien—

1933 2211 2061 2265 dum
2096 2212 2335 2281 linguam
2368 2226 2557 2279 aeuus,
2604 2227 2781 2283 neque
2815 2212 3168 2283 supercilium
3218 2213 3517 2270 stultorum

1935 2318 2087 2358 more
2121 2304 2438 2360 contrahas.

2010 2394 2133 2451 Eth.
2156 2394 2232 2451 De
2259 2410 2405 2466 penu
2435 2412 2556 2451 mea
2585 2398 2718 2451 nihil
2749 2399 3004 2454 insanum
3025 2402 3517 2458 contumeliosum-

1936 2500 2044 2555 que
2101 2484 2401 2555 proferam.
2457 2486 2613 2553 Quod
2673 2489 2719 2544 si
2773 2489 2912 2545 forte
2956 2492 3063 2547 illa:
3096 2508 3217 2562 qua:
3248 2494 3389 2564 apud
3418 2510 3522 2549 vos

1940 2576 2198 2631 videntur
2240 2577 2759 2643 demonstrationes,
2790 2580 3045 2635 insanum
3076 2583 3281 2651 aliquid
3319 2599 3428 2652 pra:
3460 2599 3523 2640 se

1939 2670 2142 2732 ferunt,
2172 2684 2277 2724 non
2314 2684 2416 2741 ego
2444 2670 2498 2727 id
2528 2670 2720 2739 altero,
2754 2673 2847 2728 sed
2875 2673 3093 2730 illarum
3129 2687 3383 2732 auctores
3403 2678 3524 2733 cul-

1942 2775 2063 2830 pam
2092 2759 2385 2816 sustinent.

2010 2852 2107 2909 Ch.
2128 2852 2267 2908 Fare
2292 2853 2493 2924 igitur;
2524 2869 2651 2909 nam
2684 2856 2925 2914 veritatis
2951 2857 3259 2929 exploratio
3281 2874 3524 2917 errorem

1940 2945 2062 3002 sine
2094 2947 2259 3001 dubio
2291 2947 2677 3017 deprehendet.
2766 3012 2771 3017 1

2013 3038 2140 3094 ΕιΙι.
2174 3038 2291 3094 Non
2322 3040 2470 3095 aliud
2521 3042 2723 3110 dicam,
2763 3052 2962 3114 praeter
2991 3060 3052 3101 ea
3093 3061 3216 3117 qua:
3247 3045 3523 3104 sermonis

1944 3128 2099 3186 initio
2126 3130 2360 3187 aiebam.

2013 3221 2106 3278 Ch.
2140 3221 2399 3289 Quaenam
2422 3238 2483 3277 ea
2516 3225 2677 3280 sunt?
3006 3288 3015 3297 ε

2016 3312 2143 3368 ΕιΙι.
2172 3313 2275 3380 Qui
2307 3316 2584 3370 Christum
2610 3316 2952 3373 suadentDei
2970 3333 3091 3374 esse
3115 3318 3334 3389 Filium,
3363 3337 3527 3391 roga-

1944 3418 2005 3459 re
2028 3405 2209 3459 solent
2228 3414 2407 3460 utrum
2428 3406 2574 3463 Deus
2596 3409 2825 3463 verbum
2855 3411 3052 3465 mentis
3069 3410 3288 3477 habeat,
3319 3414 3531 3469 necne?

2019 3495 2117 3550 Ch.
2151 3495 2366 3568 Rogant
2414 3514 2581 3564 sane;
2616 3498 2760 3553 haud
2789 3500 2906 3554 scio
2936 3508 3117 3554 tamen
3150 3516 3218 3555 an
3254 3518 3320 3557 eo
3365 3503 3529 3557 modo

1945 3600 2056 3654 quo
2088 3596 2142 3638 tu
2170 3586 2654 3655 interregationem
2688 3587 2977 3657 pervertis.
3012 3587 3206 3643 Verum
3232 3589 3284 3644 id
3306 3590 3525 3647 interim

1948 3674 2020 3729 ita
2062 3691 2183 3731 esse
2225 3677 2493 3743 sinamus,
2534 3692 2603 3731 ne
2628 3677 2674 3733 si
2700 3694 2809 3733 una
2832 3679 3131 3748 quaestione
3167 3682 3409 3736 nondum
3441 3684 3527 3736 in-

1948 3766 2157 3830 stituta,
2211 3767 2375 3821 aliam
2412 3769 2814 3839 aggrediamur,
2850 3772 3124 3827 sermonis
3159 3773 3238 3826 tui
3274 3774 3524 3829 ordinem

1944 3858 2385 3928 pessuntdemus,
2450 3869 2615 3930 atque
2664 3862 2975 3918 universam
3010 3864 3373 3922 obscuremus
3411 3866 3525 3923 dis-

1945 3961 2305 4022 putationem.
2337 3953 2599 4022 Equidem
2624 3954 2670 4010 si
2700 3970 2786 4010 me
2810 3970 3036 4027 rogares
3070 3959 3201 4028 quid
3234 3959 3349 4029 ipse
3380 3959 3529 4015 dice-

1946 4059 2084 4109 rem,
2108 4045 2243 4099 satis
2274 4053 2485 4099 certum
2520 4055 2571 4101 te
2603 4044 2839 4102 facerem
2862 4056 3126 4119 tuamque
3153 4049 3295 4106 hanc
3314 4064 3435 4121 qua:
3469 4051 3524 4105 in

1946 4146 2320 4193 transversum
2351 4140 2562 4207 rapitur
2585 4148 2845 4195 mentem.

2016 4232 2143 4287 Em.
2185 4231 2297 4303 Ego
2345 4234 2627 4287 enimvero
2667 4234 3105 4305 quotiescunque
3148 4234 3525 4305 hujuscemodi

1947 4322 2430 4394 intermgationem
2466 4323 2581 4378 ﬁeri
2617 4326 2801 4392 audio,
2839 4325 2953 4380 risu
2979 4326 3309 4394 disrumpor.
3342 4325 3527 4381 Posci-

257 4405 699 4478 διαπυνθάνομεν
750 4408 808 4462 δὲ
863 4410 957 4463 τὸν
1010 4412 1319 4482 ἐρωτῶντα,
1394 4415 1626 4488 πότερον
1669 4419 1834 4488 ἡδέως

1953 4429 2073 4470 mus
2101 4425 2286 4471 autem
2318 4415 2387 4469 ab
2416 4416 2807 4486 interrogante,
2833 4427 3012 4472 utram
3041 4417 3288 4488 responsi
3314 4427 3523 4489 partem

258 4496 485 4551 ἀκούειν
515 4500 628 4568 ἔχει
674 4500 839 4572 μέρος
877 4501 980 4573 τῆς
1020 4505 1385 4573 ἀντιφάσεως·
1427 4508 1555 4577 ἐμοὶ
1581 4509 1692 4580 γὰρ
1718 4509 1844 4562 ἑκά·

258 4589 423 4659 τερόν
451 4591 600 4644 ἐστιν
628 4594 802 4645 εἰπεῖν
823 4593 923 4647 οὐκ
948 4595 1132 4667 ἀηδέςο
1159 4597 1227 4651 ἀν
1252 4614 1312 4651 τε
1343 4599 1451 4670 γὰρ
1472 4601 1499 4652 6
1516 4599 1650 4664 Θεὸς
1674 4601 1846 4669 Λόγον

260 4680 413 4752 ἔχειν
447 4684 634 4755 φαίην,
671 4687 892 4753 ἀφεῖλον
944 4689 1037 4741 τὸν
1064 4689 1238 4759 Λόγον
1285 4691 1382 4745 τοῦ
1416 4688 1558 4747 εἶναι
1584 4694 1746 4747 Θεόν*
1782 4699 1844 4749 οὐ

259 4774 377 4842 ⁴γάιρ
404 4774 516 4842 ἔχει
548 4775 722 4842 Λόγον
749 4778 777 4830 6
806 4777 999 4846 Λόγος,
1032 4780 1080 4832 εί
1107 4780 1182 4851 μὴ
1207 4782 1610 4854 τοὺςἝλληνας
1637 4785 1719 4846 είς
1746 4803 1845 4837 πο-

260 4860 538 4934 λυμαθίαν
576 4868 719 4927 ,θεῶν
757 4873 1103 4943 παρακαλεῖν
1160 4875 1491 4944 ἁμιλλᾶσθαι
1543 4877 1843 4948 βούλοισθε·

260 4953 334 5006 ἄν
368 4971 426 5006 τε
456 4956 543 5023 φῶ
574 4959 650 5029 μὴ
678 4958 843 5029 ἔχειν,
876 4962 935 5030 ἐξ
965 4964 1139 5033 αὐτῆς
1171 4965 1420 5035 βαλϐίδος
1461 4968 1592 5038 ὑμῖν
1621 4969 1842 5040 διερρύη

257 5043 325 5096 τὸ
371 5044 655 5116 ἐρώτημα
688 5050 794 5105 ὑπὸ
818 5050 876 5103 δὲ
904 5052 998 5104 τὸν
1034 5053 1198 5106 αὐτὸν
1239 5056 1503 5127 ἀναχθείη
1530 5056 1597 5110 ἂν
1625 5057 1846 5127 ἔλεγχον

258 5136 366 5191 καὶ
392 5136 454 5190 τὸ
483 5138 577 5191 τοῦ
624 5141 870 5211 πότερον,
915 5142 1109 5211 ἄγονος
1140 5145 1169 5198 6
1214 5144 1346 5210 Θεὸς
1374 5147 1407 5217 ἢ
1437 5150 1754 5216 γεννητικός
1784 5165 1844 5201 τε

258 5233 367 5283 καὶ
414 5230 679 5299 ἔμπνους,
723 5236 818 5289 καῖ⁵
862 5237 963 5290 ὅσα
1002 5236 1139 5295 ἄλλα
1192 5240 1419 5294 τοιαῦτα
1474 5242 1604 5310 ὑμῖν
1636 5241 1713 5304 ὡς
1755 5242 1848 5294 ἐπὶ

261 5321 479 5391 σκηνῆς
498 5322 997 5397 δραματουργεῖται
1023 5330 1359 5400 σοφίσματα’
1378 5331 1550 5385 ταῦτα
1569 5334 1669 5403 οὐχ
1690 5332 1848 5403 ὕϐρις

258 5413 418 5465 ἐστὶν
441 5413 557 5467 ἀλλ’
583 5415 825 5487 ἐλεγχος,
855 5420 950 5475 καὶ
976 5420 1077 5493 τὴν
1109 5422 1356 5477 ἐπίνοιαν
1397 5425 1432 5495 ἢ
1457 5425 1558 5496 τὴν
1585 5425 1846 5497 ἀλήθειαν

259 5504 566 5570 ἑπεσκίαζε
586 5506 950 5579 διασκεδάζει,
975 5512 1069 5567 καὶ
1087 5512 1243 5584 ὑμῶν
1269 5514 1465 5587 ἀφίησι
1484 5516 1844 5589 περιορᾶσθαι

257 5594 329 5649 τὺ
362 5598 748 5671 κακούργημα.

1945 4508 2139 4564 audire
2186 4510 2382 4564 malit:
2415 4524 2540 4563 nam
2574 4510 2710 4564 mihi
2750 4512 2971 4581 quidem
3006 4511 3321 4566 alterutram
3343 4512 3531 4568 dicere

1946 4616 2057 4655 non
2110 4609 2197 4656 est
2248 4600 2633 4672 iniucundum.
2671 4600 2801 4659 Sive
2846 4603 2989 4658 enim
3033 4605 3232 4658 mentis
3285 4599 3523 4658 Vel-hum

1946 4691 2059 4747 Deo
2094 4692 2280 4748 inesse
2305 4692 2508 4759 dicam,
2526 4693 2638 4763 jam
2666 4693 2925 4764 impedivi
2961 4694 3256 4764 quominus
3288 4692 3524 4749 Verbum

1945 4783 2092 4840 Deus
2139 4786 2211 4840 sit
2250 4802 2264 4839 :
2311 4802 2489 4856 neque
2515 4786 2660 4841 enim
2699 4795 2785 4841 est
2818 4784 3051 4841 Verbum
3085 4787 3140 4841 in
3168 4784 3346 4841 Verbo
3379 4786 3523 4841 :nisi

1948 4875 2111 4942 forte}
2153 4875 2501 4929 ethnicorum
2558 4876 2941 4931 contentiones
3002 4890 3305 4947 provocare
3361 4876 3525 4934 vultis

1945 4964 2012 5020 de
2069 4966 2353 5036 multiplici
2396 4978 2590 5021 natura
2635 4968 2888 5023 deorum.
2926 4968 3020 5023 Sin
3063 4979 3245 5024 autem
3288 4968 3524 5022 Verbum

1947 5057 2127 5112 inesse
2156 5074 2450 5128 negavero,
2507 5059 2657 5115 illico
2692 5060 2934 5115 concidit
2982 5062 3355 5131 interrogatio.
3411 5060 3528 5117 Sub

1945 5148 2193 5204 eamdem
2247 5149 2451 5204 cadunt
2498 5150 2883 5206 refutationem
2942 5150 3248 5206 locutiones
3308 5165 3529 5220 quoque

1949 5241 2065 5311 jam
2095 5243 2276 5309 diem,
2313 5253 2496 5298 utrum
2538 5244 2683 5300 Deus
2730 5245 2936 5301 sterilis
2964 5246 3035 5300 sit
3064 5260 3131 5299 an
3179 5245 3529 5316 genitabilis?

1948 5343 2208 5391 utrumne
2261 5336 2518 5406 spirans?
2563 5346 2618 5392 et
2665 5337 2921 5409 quaelibet
2989 5338 3095 5393 alia
3148 5346 3406 5409 tanquam
3471 5338 3524 5392 in

1949 5442 2172 5484 scenam
2226 5428 2604 5499 producuntur
2650 5445 2681 5485 a
2728 5431 2883 5487 vobis
2913 5430 3268 5503 suphismata.
3298 5429 3415 5497 Hae,
3442 5430 3544 5485 in?

1948 5533 2139 5590 quam,
2190 5534 2300 5574 non
2330 5522 2679 5579 contumelia;
2708 5533 2860 5593 sunt,
2890 5524 2985 5580 sed
3014 5522 3371 5581 refutationes
3400 5541 3413 5578 :
3440 5522 3526 5578 ha:

1949 5620 2319 5667 commentum
2351 5614 2565 5669 veritati
2607 5614 2855 5672 alliciens
2898 5614 3235 5687 dispellunt,
3260 5622 3527 5672 vestram-

1952 5718 2057 5776 que
2090 5704 2349 5761 malitiam
2379 5706 2667 5777 perspicue
2698 5708 2955 5765 revelant.
