3902 6212
358 279 493 346 1019

1514 270 1780 336 ΡΗΟΤῙῙ
1817 262 2326 332 ΡΑΤΒΙΑΗΟΗΑΞ
2348 261 2458 324 CP.

3482 252 3628 320 1020

424 393 525 452 Ch.
566 391 714 448 Bene
739 397 827 447 est
852 392 1000 461 quod
1039 390 1362 446 universum
1389 398 1585 444 contra
1610 385 1939 457 religionem

2116 380 2222 448 Χρ.
2254 374 2331 433 Εὖ
2359 376 2422 446 γέ
2450 392 2532 429 σοι
2561 374 2671 438 πᾶς
2693 379 2722 427 ὸ
2748 371 2890 426 κατὰ
2914 370 3015 441 τῆς
3053 367 3335 432 εὐσεϐείας
3363 367 3443 432 ἰὸς
3490 368 3625 421 πολε

356 486 508 541 virus
534 483 800 539 diuturno
839 491 1089 553 tempore
1116 483 1491 552 putrefactum
1519 480 1609 536 vix
1646 492 1794 534 nunc
1818 485 1937 531 tan-

2039 472 2156 535 λοῖς
2202 469 2464 531 ἐνσαπεὶς
2509 467 2727 539 χρόνοις
2758 464 2857 534 ὀψὲ
2905 464 3001 517 καὶ
3034 461 3189 534 μόλις
3215 459 3503 531 ὰπημέθη·
3534 460 3631 512 καὶ

354 577 477 633 dem
537 576 833 648 aliquando
884 551 1173 632 vomuisti.
1220 574 1289 630 Et
1335 590 1472 631 sane
1515 585 1840 643 cognosces,
1891 567 1937 623 si

2075 561 2160 631 ψει
2190 578 2257 631 γε
2286 560 2495 625 τοῦτον,
2527 559 2577 612 εἰ
2597 556 2921 628 βουληθείης
2941 554 3224 625 ἀνανήψας
3247 553 3476 623 ὲφορᾷν,
3496 551 3633 620 ὅσην

356 668 521 725 modo
545 682 729 724 mente
751 669 1086 739 resipiscens
1110 668 1463 723 considerare
1487 663 1751 729 volueris,
1772 675 1937 726 quam

2075 651 2191 728 ῐχεν
2222 656 2378 727 ἰσχὺν
2426 649 2931 722 καταλυμαίνεσθαι
2976 647 3045 703 τὰ
3072 646 3345 701 ἑντόσθια.

357 761 409 816 id
441 760 866 831 corrumpendis
890 759 991 815 tibi
1019 758 1326 816 visceribus
1349 757 1592 813 validum
1626 763 1797 811 esset.

428 852 559 908 ΕιΙι.
605 852 749 919 Quid
776 853 892 907 ita?

430 943 527 998 Ch.
570 942 726 998 Haud
760 942 1088 997 arbitrobte
1117 942 1393 1012 ignorare,
1424 948 1486 995 ut
1510 939 1624 1008 jam
1657 937 1794 1005 dixi,
1826 936 1942 991 hac

359 1036 577 1106 quidem
607 1051 637 1088 a
666 1035 771 1105 piis
802 1035 931 1097 dici,
963 1049 1073 1089 non
1099 1048 1166 1089 eo
1206 1043 1389 1087 tamen
1413 1045 1525 1100 quo
1546 1037 1607 1086 tu
1643 1030 1725 1085 ais
1755 1028 1940 1083 modo.

434 1126 559 1181 Eth.
601 1124 802 1195 Quaeso
830 1126 999 1195 igitur
1029 1140 1271 1195 quonam
1300 1124 1450 1179 alio?

431 1219 530 1275 Ch.
579 1217 806 1274 Veteres
858 1218 938 1272 illi
984 1232 1095 1273 non
1145 1217 1222 1271 ita
1275 1215 1522 1287 profecto
1574 1216 1940 1283 interrogant,

362 1309 459 1365 sed
490 1310 597 1364 alia
633 1309 866 1364 ratione.

440 1400 563 1457 Eth.
608 1400 820 1455 Rursus
850 1399 1118 1469 egojusta
1154 1398 1507 1455 accusatione
1536 1397 1802 1469 gravique
1847 1412 1941 1453 re-

363 1494 728 1564 prehensione
780 1492 1011 1559 liberor,
1064 1493 1192 1548 dum
1233 1493 1325 1547 illa
1378 1494 1655 1562 vitupero,
1707 1507 1942 1561 quorum

366 1602 433 1640 ne
466 1595 520 1639 tu
556 1585 779 1654 quidem
814 1586 1184 1655 patrocinium
1214 1588 1409 1640 sumis.
1438 1583 1574 1639 Nam
1608 1584 1757 1655 quod
1797 1595 1850 1639 tu
1882 1599 1945 1639 ea

364 1678 735 1747 prmiermittis
778 1693 901 1747 qua:
945 1692 1048 1746 ego
1086 1678 1373 1743 criminor,
1430 1677 1540 1732 alia
1582 1691 1713 1732 vero
1761 1675 1943 1737 affers.

2120 833 2248 889 Ἑλ.
2282 830 2407 894 Πῶς
2429 829 2535 900 μήν
2560 846 2578 895 ;

2111 930 2215 997 Χρ.
2244 926 2361 980 Οὐκ
2380 920 2535 994 οἶμαί
2568 938 2626 975 σε
2648 918 2852 981 λαθεῖν,
2874 916 2950 979 ὼς
2974 916 3214 988 εἴρηται,
3243 911 3636 985 προτείνεσθαι

2046 1021 2146 1094 μὲν
2173 1018 2347 1074 ταῦτα
2371 1020 2484 1080 τοῖς
2516 1014 2821 1077 εὐσεϐέσιν,
2860 1012 2961 1081 οὐχ
2994 1010 3069 1073 ὡς
3102 1009 3168 1062 σὺ
3211 1008 3559 1079 προέτεινας.

2125 1114 2254 1167 Ἑλ.
2284 1112 2429 1182 Ἀρα
2450 1125 2534 1178 γε,
2561 1107 2657 1160 καὶ
2685 1106 2809 1159 τίνα
2839 1103 3041 1175 τρόπον
3071 1100 3269 1167 ἄλλονς

2113 1208 2217 1276 Χρ.
2250 1202 2460 1259 Οὐκοῦν
2486 1202 2587 1272 οὐχ
2614 1199 2758 1271 ἆπερ
2784 1196 3085 1270 ἐρωτῶσιν,
3111 1192 3226 1249 ἀλλ’
3256 1192 3421 1265 ἕτερά
3449 1208 3596 1247 τινα.

2126 1385 2248 1441 Ἑλ.
2275 1383 2390 1437 Καὶ
2419 1381 2581 1436 πάλιν
2606 1378 2840 1449 ἀφίεμαι
2882 1373 3097 1437 δικαίας
3128 1370 3310 1433 αἰτίας
3333 1369 3429 1421 καὶ
3463 1366 3635 1436 μεγαν

2044 1480 2144 1550 λης
2176 1476 2441 1549 μέμψεως
2491 1474 2679 1527 ἐκεῖνα
2707 1469 2915 1539 ψέγων,
2965 1461 3040 1520 ὧν
3090 1463 3216 1517 οὐδὲ
3243 1464 3308 1515 σὺ
3352 1464 3470 1550 τῆς
3497 1474 3638 1527 προ-

2050 1546 2279 1634 στασίας
2308 1546 2654 1639 ὖπέρμαχος⁹
2682 1563 2743 1615 τὸ
2771 1561 2882 1632 γὰρ
2908 1557 3152 1631 μεθεῖναί
3183 1572 3244 1608 σε
3286 1554 3409 1608 καθ’
3436 1546 3512 1605 ὧν
3536 1550 3638 1617 τὴν

2048 1665 2228 1720 αἰτίαν
2267 1662 2441 1735 φέρω,
2488 1660 2684 1728 ἑτέραν
2709 1656 2764 1710 δὲ
2791 1652 3175 1725 προκομίζειν,
3210 1649 3337 1703 ὅσον
3364 1650 3479 1716 ἔχει
3517 1646 3636 1706 τοῖς

364 1726 416 1823 id
446 1778 713 1839 quantum
756 1726 854 1822 tijbi
883 1726 1130 1823 anei-emi
1156 1776 1319 1839 auget
1349 1769 1573 1834 virium,
1599 1769 1940 1823 tantumdem

2075 1726 2548 1830 τροκομιζομένοις
2569 1726 2630 1805 τὸ
2655 1750 2897 1822 θαρρεῖν,
2924 1743 3181 1799 τοσοῦτον
3221 1743 3336 1803 τοῖς
3360 1739 3453 1807 ὑφ’
3474 1737 3640 1808 ήμῶν

366 1861 477 1916 illis
509 1861 750 1915 detrahit
778 1875 919 1929 quos
947 1875 1049 1915 nos
1080 1859 1562 1930 reprehendimus.

437 1953 537 2008 Ch.
577 1953 714 2019 Quis
773 1962 828 2007 te
872 1952 986 2022 jam
1040 1952 1280 2023 benigno
1325 1954 1489 2008 oculo
1549 1952 1807 2023 aspiciat,
1849 1958 1948 2005 aut

367 2043 644 2098 hominem
692 2042 839 2111 frugi
887 2041 1161 2112 appellet?
1201 2041 1339 2096 Cum
1389 2042 1535 2095 enim
1575 2056 1644 2096 eo
1677 2040 1947 2095 decideris

368 2149 479 2202 quo
507 2148 615 2187 non
648 2133 969 2202 oportebat;
999 2135 1046 2189 si
1076 2132 1202 2203 quis
1236 2141 1289 2188 te
1308 2132 1532 2199 allevat,
1558 2148 1671 2186 non
1696 2131 1901 2186 laetaris
1933 2144 1947 2183 :

367 2225 481 2281 imo
507 2225 844 2293 expostulas,
871 2223 1004 2294 quia
1046 2237 1155 2278 non
1204 2224 1298 2277 ubi
1321 2223 1565 2293 iacebas,
1592 2222 1819 2277 relictus
1848 2218 1946 2275 sis.

301 2303 305 2308 “
446 2315 570 2371 Eth.
613 2316 713 2381 Qui
758 2317 873 2369 fieri
910 2322 1090 2385 potest
1117 2323 1178 2368 ut
1208 2315 1326 2370 haec
1356 2315 1428 2369 ita
1459 2329 1519 2370 se
1549 2314 1829 2369 habeant?

441 2407 541 2463 Ch.
577 2406 715 2474 Quia
745 2407 1003 2472 nimirum
1028 2407 1223 2476 priscis
1245 2406 1496 2475 patribus
1521 2421 1586 2461 ea
1618 2406 1753 2461 vitio
1780 2410 1951 2463 verti-

370 2499 465 2564 sti,
495 2513 616 2567 qua:
647 2511 808 2552 nemo
850 2512 1094 2567 unquam
1126 2495 1286 2551 dixit.
1320 2494 1477 2550 Nune
1518 2504 1703 2550 autem
1739 2514 1865 2552 cum
1899 2508 1950 2555 te

371 2590 576 2644 sentias
606 2587 961 2643 accusatione
990 2587 1302 2651 exclusum,
1337 2588 1548 2656 peccati
1574 2587 1791 2642 veniam
1838 2604 1947 2643 non

371 2680 652 2751 postulas;
692 2694 869 2748 neque
920 2677 1135 2744 cogitas
1185 2677 1419 2748 gratiam
1469 2691 1593 2731 esse
1640 2678 1948 2734 habendam

370 2774 415 2830 si
443 2772 566 2844 quis
592 2780 642 2829 te
670 2772 737 2827 ah
775 2771 876 2827 hac
898 2769 1205 2827 temeritate
1230 2778 1468 2831 revocet,
1495 2772 1605 2823 imo
1630 2768 1791 2839 quia,
1819 2770 1949 2827 dum

372 2882 540 2922 unum
572 2866 809 2937 impetis,
845 2866 995 2920 aliud
1041 2879 1141 2935 pro
1198 2879 1264 2919 eo
1300 2863 1552 2929 lacessis,
1602 2862 1809 2919 idcirco
1855 2866 1951 2921 tibi

364 2960 804 3032 superbiendum
850 2974 975 3015 esse
1013 2968 1175 3037 putas
1205 2975 1220 3013 :
1250 2973 1360 3029 qua
1401 2957 1647 3022 insania,
1696 2972 1954 3030 quaenam

369 3052 593 3123 gravior
624 3066 747 3108 esse
777 3052 995 3122 potest?

443 3143 571 3199 Eth.
609 3147 750 3199 Ante
784 3144 1163 3199 refutationem
1210 3157 1299 3207 ne,
1342 3156 1554 3213 quaeso,
1594 3143 1951 3213 supercilium

370 3238 591 3292 attollas
620 3252 799 3306 neque
834 3251 1062 3306 magnos
1087 3234 1314 3304 spiritus
1353 3249 1534 3303 geras.
1573 3233 1707 3289 Nam
1738 3249 1834 3290 eos
1860 3235 1952 3305 qui

374 3328 585 3382 ratione
611 3328 882 3391 nituntur,
909 3340 1144 3395 eamque
1173 3340 1285 3396 prae
1324 3340 1385 3401 se
1422 3324 1677 3393 tendunt,
1712 3327 1839 3397 quis
1875 3326 1953 3381 ir-

375 3418 553 3473 ridere
578 3416 765 3471 ausit?

445 3508 543 3564 Ch.
585 3507 755 3563 Recte
786 3508 889 3563 ais.
922 3506 1006 3562 Me
1049 3506 1219 3578 igitur
1248 3504 1543 3561 ratiocinio
1578 3512 1673 3560 tuo
1702 3519 1953 3574 sequere.

378 3604 479 3656 Aio
527 3611 748 3657 nostros
781 3615 893 3655 non
928 3599 1271 3672 interrogare
1310 3607 1494 3653 utrum
1530 3596 1678 3653 Deus
1723 3597 1954 3652 verbum

376 3693 571 3748 mentis
603 3694 821 3747 habeat.

446 3784 573 3840 Eth.
616 3784 758 3850 Quid
794 3799 925 3853 ergo
949 3782 1098 3838 aliud
1133 3783 1516 3854 interrogant?

443 3874 542 3934 ει.
583 3876 751 3931 Esme
782 3874 926 3930 Deus
981 3889 1147 3945 supra
1190 3886 1442 3930 naturam
1475 3888 1694 3929 omnem
1723 3873 1957 3940 locatus,

375 3978 593 4024 creator
622 3976 678 4022 et
707 3968 1009 4037 inspector,
1034 3982 1137 4022 nec
1165 3967 1271 4022 ne?

451 4058 577 4111 Eth.
619 4055 764 4111 Nihil
798 4058 901 4113 hoc
932 4056 1002 4112 ad
1030 4058 1298 4112 rationem
1334 4072 1509 4112 meam
1560 4056 1777 4112 attinet.
1816 4054 1954 4111 Nam

377 4162 553 4217 neque
589 4146 717 4217 quia
751 4162 876 4201 cum
922 4147 1111 4202 divina
1141 4156 1336 4202 natura
1378 4146 1670 4204 facultates
1695 4149 1818 4218 ejus
1847 4164 1955 4203 non

377 4240 596 4311 copulo.
626 4240 835 4294 idcirco
869 4241 1145 4310 sophistas
1182 4241 1507 4296 calumniari
1540 4239 1788 4295 videbor.

446 4330 547 4387 Ch.
583 4328 702 4384 Non
735 4331 788 4385 id
820 4331 928 4385 aio.
963 4329 1069 4386 Sed
1101 4331 1188 4386 fac
1230 4334 1471 4386 anintum
1506 4332 1576 4385 ad
1618 4330 1953 4386 audiendum

2045 1847 2488 1917 διαϐαλλομένοις
2521 1843 2830 1911 ἁπένειμας
2864 1839 2925 1891 τὸ
2952 1838 3026 1907 μὴ
3056 1836 3306 1907 θαρρεῖν.

2062 1968 2065 1971 λ
2116 1943 2221 2010 Χρ.
2260 1937 2425 1992 Ἀλλὰ
2455 1934 2573 1997 πῶς
2621 1932 2687 1987 ἄν
2728 1931 2812 1994 τίς
2837 1946 2895 1982 σε
2936 1925 3195 1997 ἡδύτερον
3230 1924 3351 1985 ἴδοι,
3398 1922 3432 1990 ἢ
3465 1918 3636 1974 καλὸν

2046 2032 2283 2102 κάγαθὸν
2335 2031 2658 2100 όνομάσειε;
2709 2021 2891 2077 πεσὼν
2950 2020 3061 2089 γὰρ
3091 2020 3171 2080 εἰς
3200 2016 3237 2071 ἃ
3268 2014 3344 2088 μὴ
3369 2014 3501 2078 ἔδει,
3528 2011 3637 2102 οὔκ

2048 2128 2103 2181 εἰ
2127 2100 2213 2190 τις
2256 2124 2471 2196 χαίρεις
2501 2119 2882 2190 ἀναστήσειεν,
2912 2112 3051 2168 ἀλλὰ
3095 2108 3194 2165 καὶ
3230 2107 3394 2179 χάριν
3442 2106 3527 2160 ὃτι
3555 2100 3637 2176 μὴ

2047 2218 2305 2290 κείμενον
2336 2216 2551 2287 ἀφῆκεν
2584 2212 2860 2273 ἀπαιτεῖς.

2130 2310 2258 2366 Ἑλ.
2287 2309 2411 2372 Πῶς
2433 2307 2498 2378 δὴ
2527 2306 2622 2360 καὶ
2645 2304 2771 2358 τίνα
2788 2300 3022 2373 τρόπον;

2120 2398 2223 2465 Χρ.
2244 2396 2366 2449 Ὀτι
2386 2392 2773 2464 κατηγόρησας
2798 2388 3021 2444 ἐκείνων
3036 2385 3075 2440 ἃ.
3096 2384 3286 2456 μηδεὶς
3304 2380 3639 2454 προτείνειε⁹

2049 2493 2145 2546 καὶ
2170 2490 2271 2559 τῆς
2305 2485 2643 2557 κατηγορίας
2661 2483 2804 2556 ὀρῶν
2837 2481 3062 2536 σεαυτὸν
3089 2480 3167 2542 ὡς
3196 2477 3375 2531 ἔοικεν
3402 2472 3644 2539 ἐξωθού-

2054 2598 2235 2653 μενον,
2276 2580 2337 2634 οὑ
2388 2575 2721 2647 συγγνώμην
2769 2568 2851 2636 οἷς
2882 2573 3130 2644 ἥμαρτες
3175 2570 3375 2632 αἰτεῖς,
3405 2565 3519 2619 οὐδ’
3550 2566 3643 2618 ὅτι

2051 2674 2211 2746 χάριν
2237 2671 2471 2742 ὀφείλεις
2517 2668 2571 2723 εῐ
2610 2669 2697 2730 τίς
2742 2684 2801 2719 σε
2842 2665 3203 2738 μεταστήσειε
3252 2658 3349 2713 τοῦ
3398 2657 3645 2729 θράσους

2055 2767 2281 2835 ἐννοεῖς,
2315 2763 2429 2820 ἀλλ’
2454 2763 2545 2818 ὅτι
2577 2760 2701 2816 καθ’
2752 2760 2959 2831 ἑτέρων
3012 2754 3345 2828 ὡρμημένος
3392 2748 3647 2815 διέϐαλες

2053 2863 2237 2934 ἕτερα,
2289 2859 2437 2932 μέγα
2490 2856 2734 2925 νομίζεις
2770 2853 3009 2923 φρονεῖν’
3044 2849 3140 2904 καί
3192 2864 3275 2901 τοι
3302 2848 3403 2917 τῆς
3453 2844 3645 2907 ἀνοίας

2053 2952 2258 3024 ταύτης
2281 2951 2335 3005 τί
2375 2950 2442 3005 ἂν
2471 2947 2560 3018 εἴη
2590 2942 3003 3017 χαλεπώτερονς

2136 3131 2262 3186 Ἑλ.
2292 3128 2409 3200 Πρὸ
2452 3127 2562 3182 τῶν
2608 3124 2847 3196 ἐλέγχων
2886 3122 2946 3177 οὐ
2987 3121 3068 3177 δεῖ
3103 3120 3205 3193 τὴν
3242 3118 3420 3192 ὀφρῦν
3461 3120 3649 3190 ατρειν

2053 3223 2176 3278 οὐδὲ
2203 3222 2424 3295 φρονεῖν
2454 3219 2616 3291 μέγαν
2648 3216 2733 3287 ἐφ’
2778 3210 2861 3280 οἷς
2887 3214 2955 3268 ἂν
2998 3214 3127 3278 τοὺς
3153 3212 3456 3282 ὑπέχοντας
3480 3211 3648 3279 λόγον

2053 3316 2089 3388 ἢ
2124 3313 2218 3369 καὶ
2250 3309 2725 3384 προϐαλλομένους
2754 3307 2839 3371 τίς
2872 3304 3291 3377 ἐπιχλευάσειε;

2125 3495 2231 3562 Χρ.
2257 3488 2455 3552 Καλῶς
2483 3504 2547 3557 γε
2576 3486 2734 3558 ἔφης·
2768 3483 2864 3539 καί
2892 3500 2983 3554 μοι
3004 3483 3120 3546 τοῖς
3158 3481 3443 3551 λογισμοῖς
3496 3494 3650 3549 παρ-

2056 3581 2362 3640 ακολούθει⁹
2382 3580 2446 3633 οὐ
2473 3578 2819 3650 προτείνουσι
2850 3576 2952 3646 τὴν
2979 3572 3272 3645 ἐρώτησιν,
3306 3572 3337 3625 ό
3376 3568 3509 3634 Θεὸς
3526 3569 3648 3641 ἔχει

2054 3675 2235 3744 λόγον.
2569 3714 2573 3721 .

2143 3766 2271 3823 Ἑλ.
2313 3763 2427 3820 Καὶ
2464 3761 2582 3827 πῶς
2614 3761 2827 3829 ἄλλωςς

2127 3862 2231 3929 Χρ.
2261 3856 2408 3928 *Αρά
2451 3856 2569 3910 ἐστί
2597 3872 2651 3908 τι
2680 3855 2837 3908 Θεῖον
2869 3851 3304 3924 ὑπεριδρῦμενον
3331 3850 3441 3905 τῶν
3469 3849 3648 3904 ὅντων

2057 3951 2453 4024 δημιουργικόν
2485 3965 2546 4002 τε
2578 3948 2673 4002 καὶ
2695 3948 2990 4001 ἐποπτικὸν
3015 3946 3048 4017 ἢ
3077 3944 3177 4012 of);

2139 4045 2266 4099 Ἐλ.
2296 4040 2462 4096 Οὐδὲν
2483 4039 2647 4094 τοῦτο
2676 4038 2815 4109 πρὸς
2853 4038 2946 4092 τὸν
2999 4036 3132 4107 ἐμὸν
3150 4036 3331 4105 λόγον.
3360 4034 3496 4090 Οὐδὲ
3527 4034 3647 4106 γὰρ

2056 4138 2141 4194 ὅτι
2167 4136 2241 4209 μὴ
2282 4136 2514 4206 συνείρω
2559 4136 2626 4205 τῇ
2676 4132 2798 4203 θείᾳ
2836 4130 2998 4201 φύσει
3033 4129 3103 4183 τὰ
3150 4129 3427 4200 προσόντα
3468 4127 3641 4197 αὐτῇ,
3712 4200 3719 4203 ι

2057 4228 2146 4283 διὰ
2173 4227 2332 4282 τοῦτο
2353 4226 2482 4289 τοὺς
2509 4221 2772 4293 σοφιστὰς
2802 4221 3161 4289 συκοφαντεῖν
3187 4218 3343 4284 δόξω.

2129 4320 2234 4388 Χρ.
2263 4318 2339 4372 Οὐ
2372 4314 2533 4370 τοῦτο
2556 4315 2720 4382 λέγω·
2773 4312 2909 4367 ἀλλὰ
2942 4312 3136 4383 μικρὸν
3181 4310 3409 4364 σεαυτὸν
3434 4310 3646 4365 ὑπόθου

376 4423 693 4496 diligentius
732 4422 1005 4479 attendas.
1052 4421 1166 4479 Hoc
1211 4439 1412 4479 numen
1446 4424 1629 4493 (mitto
1658 4438 1807 4478 nunc
1832 4423 1947 4477 lau-

2075 4412 2125 4482 τῇ
2164 4408 2449 4479 ἀκροάσειο
2501 4403 2664 4458 τοῦτο
2690 4402 2755 4475 δὴ
2794 4402 2856 4456 τὸ
2900 4402 3046 4455 θεῖον
3094 4400 3211 4473 (καὶ
3236 4399 3339 4452 οὐκ
3368 4398 3479 4469 ἐρῶ
3509 4397 3645 4463 τοὺς

374 4518 628 4571 dationes
674 4515 818 4585 ejus)
856 4515 1138 4570 Rationale
1180 4532 1247 4570 ne
1286 4516 1427 4572 diris
1474 4526 1529 4573 et
1569 4516 1846 4586 Spiritale,
1883 4530 1955 4570 an

376 4607 699 4663 irrationale
744 4617 799 4663 et
849 4609 1133 4663 inanime?
1183 4609 1461 4663 Audacter
1515 4622 1816 4679 presseque
1867 4622 1957 4663 re-

378 4699 609 4771 sponde.

447 4792 576 4846 Eth.
618 4791 813 4849 Utrum
836 4808 904 4849 ex
938 4792 1024 4848 his
1048 4793 1253 4859 dicam,
1295 4793 1500 4849 nescio.

448 4882 547 4937 Ch.
586 4882 752 4953 Atqui
792 4884 1117 4938 alterutrum
1165 4899 1233 4937 ex
1279 4882 1365 4938 his
1398 4897 1429 4936 a
1474 4881 1656 4951 priore
1704 4882 1956 4937 convicio

377 4977 621 5031 nondum
664 4985 717 5031 te
742 4976 1001 5031 abducit?
1037 4974 1174 5030 Nam
1212 4976 1328 5029 sive
1371 4990 1575 5028 numen
1606 4975 1760 5030 dicas
1799 4976 1959 5030 ratio-

376 5068 502 5122 nale
546 5083 612 5122 ac
658 5068 928 5137 spiritale,
984 5067 1094 5135 jam
1156 5081 1259 5122 nos
1308 5080 1417 5121 non
1467 5080 1633 5135 coges
1677 5066 1858 5121 dicere
1900 5068 1955 5121 in

376 5155 544 5210 verbb
579 5153 812 5210 Verbum
843 5170 985 5220 esse,
1019 5170 1198 5225 neque
1233 5155 1287 5209 in
1313 5154 1508 5225 spiritu
1539 5155 1825 5223 Spiritum.
1860 5152 1957 5209 Sin

379 5246 532 5302 dicas
581 5262 784 5301 numen
840 5246 973 5302 illud
1023 5248 1237 5302 ratione
1283 5262 1347 5303 ac
1403 5248 1553 5302 vitali
1586 5248 1784 5317 spiritu
1832 5261 1958 5303 esse

377 5346 679 5407 expertem,
741 5339 978 5409 teipsum
1024 5355 1133 5394 non
1173 5339 1311 5395 alios
1355 5340 1409 5394 in
1455 5339 1752 5410 impietatis
1790 5338 1955 5393 bara-

378 5429 563 5486 thrum
592 5430 803 5503 dejicis.
836 5432 1027 5506 Neque
1055 5434 1154 5489 tibi
1187 5442 1439 5505 superest
1468 5444 1526 5489 ut
1570 5432 1817 5489 Ethnicaz
1854 5433 1960 5488 im-

2058 4502 2286 4574 ὖμνους)
2305 4501 2433 4555 πότε
2442 4517 2534 4571 ρον
2569 4498 2819 4569 λογικὸν
2838 4497 2985 4569 ἐρεῖς
3008 4495 3104 4549 καὶ
3143 4490 3491 4562 ἕμπνουν,ῆ
3516 4490 3649 4547 ἄλο·

2056 4594 2155 4665 γόν
2184 4612 2245 4648 τε
2285 4593 2381 4647 καὶ
2418 4594 2656 4659 ἄπνουν;
2703 4589 2797 4644 καί
2846 4606 2939 4660 μοι
2979 4585 3226 4658 θρασέως
3259 4601 3319 4638 τε
3345 4584 3442 4638 καὶ
3472 4600 3647 4638 σπου·-

2057 4687 2223 4752 δαίως
2245 4684 2567 4758 ἀποκρίνου.

2140 4779 2268 4834 Ἑλ.
2302 4777 2417 4847 Οὐχ
2448 4775 2710 4844 ὁπότερον
2732 4772 2800 4827 ἂν
2825 4771 2936 4842 ἐρῶ
2963 4769 3257 4840 βουλοίμην

2132 4873 2238 4940 Χρ.
2282 4867 2422 4923 Ἀλλ’
2451 4866 2481 4919 ὃ
2505 4864 2734 4937 θάτερόν
2757 4879 2820 4916 σε
2852 4862 2952 4933 τῆς
2981 4860 3259 4933 προτέρας
3303 4860 3514 4932 ὕϐρεως
3540 4862 3646 4916 οὐκ

2060 4964 2266 5032 ἀπάγει
2291 4977 2306 5026 ;
2339 4960 2406 5016 ἄν
2433 4975 2496 5012 τε
2528 4957 2637 5029 γὰρ
2674 4958 2821 5028 ἐρεῖς
2847 4953 3067 5021 λογικὸν
3096 4954 3194 5007 καὶ
3222 4951 3487 5024 ἔμπνουν,
3514 4953 3645 5006 οὔτε

2059 5060 2152 5113 τὸν
2176 5056 2349 5123 Λόγον
2376 5052 2536 5120 λόγον
2582 5049 2727 5120 ἔχειν
2770 5048 2922 5119 ἡμᾶς
2974 5044 3471 5117 προσαναγκάσεις,
3517 5045 3645 5098 οὔτε

2062 5150 2233 5221 πνοὴν
2248 5147 2310 5201 τὸ
2325 5144 2577 5214 Πνεῦμα·
2595 5144 2662 5199 ἄν
2680 5158 2740 5195 τε
2761 5140 2869 5212 μὴν
2887 5148 2918 5188 1
2943 5139 3089 5211 ἐρεῖς
3107 5140 3189 5193 ὅτι
3208 5137 3269 5191 τὸ
3284 5139 3441 5190 Θεῖον
3464 5139 3647 5191 ἐκεῖνο

2061 5232 2223 5311 λόγου
2252 5257 2314 5293 τε
2338 5238 2435 5293 καὶ
2469 5235 2785 5306 ζωαρχικῆς
2814 5231 3081 5303 ἀμέτοχόν
3104 5233 3221 5285 ἐστι
3254 5228 3449 5298 πνοῆς,
3482 5245 3647 5282 σεαυο

2060 5341 2176 5404 τὸν,
2205 5338 2311 5391 οὐκ
2335 5334 2531 5398 ἄλλους
2568 5333 2649 5396 είς
2696 5330 2795 5401 τὴν
2820 5329 3058 5400 ἐσχάτην
3090 5326 3345 5381 ἀσεϐείαν
3384 5325 3642 5397 βυθίζεις·

2066 5433 2162 5487 καὶ
2194 5430 2322 5485 οὔτε
2354 5446 2437 5484 σοι
2469 5426 2533 5481 τὸ
2572 5422 2834 5481 πολύθεον
2866 5422 2967 5496 τῆς
3006 5420 3327 5491 Ἑλληνικῆς
3347 5417 3644 5491 ἀθεότητος

1622 5598 1861 5657 VARUE
1927 5595 2221 5656 LECTION
2231 5594 2336 5653 ES.

444 5690 452 5696 ’
490 5717 521 5760 1
544 5707 679 5767 Cod.
713 5711 814 5782 μή.
