3902 6212
239 237 373 304 1021

1077 245 1178 304 AD
1232 246 1826 309 AlliPHILOClIIUhI
1882 249 2227 323 QUIESTIO
2287 251 2586 316 CCXXVI.

3353 255 3497 325 1022

235 354 361 409 καθ’
389 353 545 424 ἡμῶν
571 352 714 425 ἔχειν
746 353 930 425 χώραν
969 354 1412 427 ἐναπορρίπτεις,
1449 358 1574 412 οὔτε
1603 361 1633 412 ὁ
1652 361 1810 430 λόγος

1913 364 2128 433 pictatis
2176 365 2598 436 polytheismum
2643 366 2803 423 nobis
2847 367 3113 438 obiicias;
3164 385 3342 436 neque
3375 374 3496 443 jam

236 445 583 511 ἐκῦάλλεται,
614 447 729 500 ἀλλ’
758 447 880 500 οὐδὲ
910 446 973 501 τὸ
1012 447 1228 512 πνεῦμα
1248 448 1349 519 τῆς
1378 450 1651 522 θεότητος·
1680 454 1811 524 ὁρᾷς

235 539 384 601 ὅπως
426 537 494 589 τὰ
552 538 695 591 αὐτὰ
755 538 831 608 μὴ
879 538 1142 603 ὡσαύτως
1200 544 1596 614 προτεινόμενα
1640 546 1811 601 πολὺν

236 628 394 682 σάλον
426 630 519 684 καὶ
565 630 803 701 τάραχον
852 634 964 693 τοῖς
1010 632 1252 704 ἀπείρως
1290 636 1471 705 ἔχουσι
1504 638 1606 707 τῆς
1641 639 1812 710 σοφῆς

235 722 330 773 καὶ
394 720 716 791 ἀδιαὸλήτου
776 721 1002 792 μεθόδου
1061 725 1532 796 κατεπανίστησι;
1603 728 1668 781 Τί
1745 728 1810 800 δὴ

235 811 435 881 σιγᾷς;
474 811 538 863 El
571 812 671 881 μὲν
700 812 809 883 γὰρ
840 813 1099 885 συνῆκας,
1128 814 1186 867 ού
1219 814 1302 868 δεῖ
1328 816 1426 888 τὴν
1458 818 1674 872 σύνεσιν
1707 837 1811 890 μα-

232 900 591 966 λακίζεσθαι·
651 903 700 955 εί
747 904 803 956 δὲ
856 904 956 975 μὴ,
987 904 1151 958 πάλιν
1197 906 1379 975 λέγειν
1432 908 1502 963 τὰ
1550 908 1811 965 δοκοῦντα

230 992 484 1063 ἐμποδῶν
515 994 661 1046 ἐστιν
692 995 767 1059 ὡς
798 997 929 1067 ὁρᾷς
967 997 1141 1052 οὐδέν.

313 1086 441 1139 Ἑλ.
474 1085 751 1156 Θαυμάζω
772 1087 887 1151 πῶς
922 1088 1128 1153 ὁαύτὸς
1160 1090 1317 1161 λόγος
1348 1092 1524 1157 ἄλλως
1553 1094 1654 1164 μὲν
1680 1112 1811 1167 σχη-

236 1175 596 1246 ματιζόμενος
627 1177 828 1242 πολλὰς
860 1181 1024 1247 γονὰς
1053 1182 1226 1235 ἐδίδου
1259 1183 1451 1253 λαϐῆς·
1492 1186 1596 1238 ὑπὸ
1621 1187 1678 1240 δέ
1713 1204 1806 1240 σου

233 1270 352 1320 νυνὶ
410 1269 743 1340 προαχθεὶς,
815 1273 1238 1346 ἀπηλλαγμένος
1300 1278 1516 1331 πάντων
1584 1278 1809 1332 ἐκείνων

231 1360 445 1431 ἐδείχθη
486 1363 822 1432 περιφανῶς·
865 1365 960 1419 καὶ
1002 1367 1063 1420 ού
1115 1367 1273 1421 τοῦτο
1324 1370 1505 1439 μόνον,
1553 1370 1687 1424 ἀλλὰ
1714 1373 1810 1426 καὶ

230 1453 378 1505 δοκεῖ
405 1452 466 1505 τὸ
500 1455 651 1525 παρὰ
682 1456 774 1509 σοῦ
805 1459 1207 1531 κηρυττόμενον
1234 1461 1392 1530 ἄγειν
1429 1465 1508 1525 είς
1537 1462 1731 1517 πειθώ.

300 1545 404 1612 Χρ.
441 1545 554 1597 Οὐκ
583 1546 677 1600 ἐπὶ
709 1547 807 1618 τῆς
829 1550 1126 1622 εἰρημένης
1154 1552 1358 1618 θέσεως
1382 1554 1529 1609 ἐστιν
1549 1594 1565 1619 ,
1606 1548 1652 1608 ὦ
1681 1555 1799 1625 βέλ-

228 1654 403 1703 τιστε,
454 1640 623 1710 μόνης
656 1641 816 1696 τοῦτο
855 1645 1130 1711 κατιδεῖν,
1181 1647 1318 1703 ἀλλὰ
1360 1650 1453 1703 καὶ
1500 1651 1588 1707 ἐπ’
1632 1656 1807 1711 ἄλλων

1913 459 2136 511 verbum
2186 474 2360 526 neque
2398 460 2523 513 item
2570 458 2800 527 spiritus
2833 460 3120 517 divinitate
3157 465 3497 523 excluditur.

1912 545 2104 602 Vidcn’
2156 557 2215 602 ut
2265 549 2536 603 sententia
2586 549 2777 603 eadent
2828 550 2954 606 aliis
2997 553 3181 609 verbis
3230 558 3484 625 recitata,

1911 642 2336 710 perturbationis
2369 643 2597 697 nebulas
2626 654 2682 697 et
2706 642 3052 701 confusionis
3087 686 3102 709 ,
3132 646 3215 703 his
3257 651 3350 719 qui
3398 667 3490 706 so-

1911 731 2064 786 lertis
2096 742 2330 801 tutaeque
2372 733 2614 787 methodi
2656 732 2832 804 ignari
2870 742 3020 797 sunt,
3070 734 3347 790 otl‘undat?
3377 736 3492 793 Cur

1912 822 2079 877 siles?
2106 824 2243 878 Nam
2269 824 2315 879 si
2346 840 2459 880 rem
2490 825 2829 890 intellexisti,
2871 839 2982 880 non
3013 835 3096 881 est
3128 827 3490 898 intelligentia

1911 914 2307 970 dissimulanda
2353 916 2445 971 :si
2496 917 2701 982 minus,
2759 918 2895 973 nihil
2951 930 3120 986 vetat,
3175 930 3236 976 ut
3280 921 3490 988 cernis,

1910 1007 2043 1077 quin
2070 1007 2213 1061 idem
2246 1024 2274 1060 a
2305 1023 2392 1062 me
2421 1008 2605 1063 denuo
2639 1009 2876 1065 dicatur.

1981 1099 2107 1153 Eth.
2150 1100 2318 1155 Miror
2352 1102 2629 1171 quomodo
2654 1102 2794 1156 idem
2825 1119 3006 1159 sermo
3031 1104 3189 1161 aliter
3221 1106 3490 1177 ﬁguratus

1911 1189 2101 1244 multis
2147 1190 2442 1259 generibus
2481 1191 2980 1246 contradictionum
3016 1196 3291 1263 patuerit;
3338 1211 3489 1250 nunc

1911 1290 2094 1334 autem
2126 1296 2156 1335 a
2185 1292 2236 1336 te
2272 1282 2539 1350 prolatus,
2566 1281 2652 1337 his
2682 1284 2937 1338 omnibus
2964 1285 3251 1341 manifeste
3279 1296 3484 1342 careat.

1909 1368 2096 1440 Neque
2129 1372 2181 1425 id
2211 1381 2475 1439 eatenus;
2511 1387 2638 1427 nam
2673 1388 2794 1444 quae
2840 1382 2894 1429 tu
2930 1374 3094 1442 dicis,
3123 1376 3488 1446 persuadendi

1910 1475 2127 1530 quoque
2158 1462 2264 1512 vim
2294 1462 2515 1516 habent.

1980 1552 2078 1611 Ch.
2117 1551 2236 1607 Non
2289 1555 2341 1608 in
2388 1555 2647 1624 prtedicta
2699 1557 2901 1622 solum,
2952 1572 2987 1612 o
3034 1559 3198 1623 bone,
3248 1559 3487 1616 dictione

1908 1657 2246 1713 cognoscere
2286 1644 2435 1709 licet,
2472 1646 2568 1701 sed
2607 1647 2769 1701 etiam
2810 1648 2862 1701 in
2894 1649 3016 1703 aliis
3045 1650 3313 1719 pluribus,
3341 1651 3487 1707 bane

228 1725 442 1779 πολλῶν
493 1727 553 1780 τὸ
604 1727 789 1800 σχῆμα
834 1732 929 1786 τοῦ
975 1733 1157 1803 λόγου·
1200 1739 1292 1791 καὶ
1339 1741 1371 1812 ή
1440 1747 1799 1817 προσαγωγὴ,

1915 1734 2177 1804 loquendi
2249 1737 2509 1805 speciem.
2574 1736 2887 1807 Propositio
2955 1748 3134 1795 autem
3206 1742 3483 1798 malitiose

229 1821 680 1892 κακουργουμένη
712 1821 833 1893 μὲν,
869 1826 951 1890 είς
979 1826 1217 1899 ἀπορίαν
1246 1836 1661 1904 περιτρέπεται’
1684 1840 1803 1893 κατ’

229 1909 362 1963 εὐθὺ
397 1911 454 1965 δὲ
485 1913 899 1986 προτεινομένη,
942 1916 1004 1972 τὸ
1027 1920 1225 1976 οἰκεῖον
1261 1923 1516 1991 διασώζει
1559 1929 1653 1982 καὶ
1683 1929 1802 1984 δια-

229 2001 489 2072 φυλάττει
512 2003 751 2075 ἀξίωμα.

314 2098 438 2152 Ἑλ.
487 2094 611 2151 Οἷον
640 2098 695 2151 τί
722 2116 738 2167 ;

296 2191 398 2257 Χρ.
418 2192 710 2263 Ἐὦμεν,εί
729 2194 929 2267 βούλει,
949 2199 1018 2253 τὰ
1044 2200 1249 2272 πόρρω·
1273 2203 1391 2258 ἀλλ’
1411 2205 1587 2261 ἐκεῖνο
1608 2207 1802 2279 ῥητέον

221 2280 252 2332 ὂ
296 2284 390 2336 καὶ
418 2285 553 2339 αὐτὸ
595 2288 735 2358 μετὰ
766 2291 865 2362 τῆς
898 2294 1301 2366 προειρημένης
1331 2297 1665 2364 ἀποδείξεως
1702 2300 1801 2372 τῆς

220 2373 425 2445 χλεύης
455 2377 647 2447 γέγονε
677 2385 956 2442 κοινωνόν.

206 2479 215 2483 ·
306 2465 431 2521 Ἑλ.
464 2468 538 2522 Τὸ
575 2472 730 2527 ποῖον
767 2472 990 2545 λέγεις;

292 2560 403 2648 Kp.
422 2560 535 2615 Οὐκ
563 2563 673 2634 ἐρῶ
696 2566 877 2635 πάλιν,
928 2566 1038 2643 ἆρά
1081 2589 1144 2641 γε
1173 2573 1395 2644 γόνιμος
1419 2575 1447 2628 ὁ
1475 2574 1608 2639 Θεὸς
1648 2577 1681 2648 ἦ
1711 2576 1795 2630 05-

220 2643 311 2699 ἴνα,
348 2647 426 2715 μὴ
450 2648 542 2702 τὸν
575 2651 799 2724 γόνιμον
820 2657 1036 2726 ἀφελὼν
1074 2660 1167 2714 τοῦ
1196 2661 1327 2715 Υἱοῦ
1363 2643 1680 2735 ωναφέλῃς
1702 2665 1798 2718 καὶ

216 2736 319 2807 τὴν
349 2738 601 2812 θεότητα·
636 2745 670 2816 ἢ
716 2746 925 2818 διδοὺς,
985 2751 1275 2818 πολυθεῖας
1319 2755 1452 2825 ἡμῖν
1490 2755 1799 2821 διαπλέξεις

217 2829 432 2899 σειράψ
463 2832 580 2887 ἀλλ’
610 2835 754 2892 οὕτω
784 2857 901 2905 πως
924 2842 1154 2914 ἐροίμην
1184 2845 1272 2898 ἀν’
1303 2846 1534 2918 πότερον
1565 2847 1627 2899 τὸ
1653 2847 1797 2902 θεῖον

217 2920 316 2990 (ὲῶ
342 2923 400 2976 δὲ
430 2924 526 2979 νῦν
549 2929 675 2993 τοὺς
715 2928 920 3001 ὕμνους
941 2932 1037 2999 οὓς
1078 2937 1112 3007 ἡ
1139 2938 1390 3008 μακαρία
1416 2938 1579 3008 φύσις
1609 2939 1793 3011 ἐκείνη

218 3012 462 3078 ϐιάζεται
484 3016 708 3092 λέγειν),
740 3023 854 3077 ἀλλ’
882 3024 976 3079 οὖν
998 3026 1058 3080 τὸ
1086 3026 1228 3081 θεῖον
1254 3030 1488 3101 πότερόν
1517 3031 1637 3083 ἐστι
1666 3048 1793 3101 γεν-

1906 1824 2105 1886 oblata,
2140 1827 2546 1897 perplexitatem
2579 1838 2761 1895 creat;
2810 1838 2956 1885 recte
2999 1830 3270 1901 exposita,
3314 1848 3476 1889 suam

1904 1913 2230 1971 incolumem
2266 1916 2582 1986 dignitatem
2614 1918 2831 1975 retinet.

1974 2090 2102 2146 Eth.
2143 2092 2365 2164 Ecquod
2397 2094 2567 2151 habes
2594 2097 2672 2153 rei
2702 2100 3051 2168 exemplum?

1973 2178 2070 2236 Ch.
2114 2179 2468 2250 Omitlamus,
2510 2185 2556 2240 si
2588 2186 2692 2250 vis,
2738 2198 2945 2242 remota
2982 2188 3159 2245 :illud
3202 2191 3473 2262 dicamus,

1899 2273 2046 2342 quod
2081 2273 2136 2327 in
2166 2274 2479 2344 supradicto
2512 2291 2766 2334 sermone
2791 2278 2929 2333 risui
2963 2279 3212 2337 habitum
3240 2282 3366 2341 fuit.

1970 2446 2098 2504 Eth.
2137 2449 2308 2516 Quale
2340 2452 2395 2507 id
2428 2454 2551 2508 est?

1972 2540 2071 2596 Ch.
2130 2544 2243 2611 Ego
2297 2545 2554 2617 deinceps
2602 2562 2713 2602 non
2753 2548 3109 2622 interrogabo
3150 2570 3281 2609 num
3327 2556 3473 2612 Deus

1899 2630 2164 2690 fecundus
2216 2637 2309 2700 sit,
2345 2653 2445 2693 nec
2490 2653 2596 2705 ne;
2646 2654 2716 2694 ne
2756 2639 2895 2697 forte
2932 2653 3012 2707 tu,
3044 2660 3170 2699 cum
3213 2646 3470 2719 gignendi

1897 2723 1970 2789 vi,
2012 2722 2211 2779 Filium
2256 2742 2477 2796 quoque
2516 2728 2722 2800 eripias
2759 2745 2824 2785 ac
2866 2732 3207 2790 divinitatem
3253 2753 3268 2791 :
3303 2736 3389 2792 vel
3421 2737 3472 2792 si

1896 2817 2188 2882 concedas,
2220 2817 2584 2888 polytheismo
2642 2836 2744 2878 nos
2788 2824 3023 2880 irretias.
3075 2824 3183 2881 Sed
3213 2827 3472 2897 proposi-

1899 2907 2100 2961 tionem
2133 2909 2214 2964 sic
2252 2910 2610 2968 conformabo
2666 2932 2682 2970 :
2747 2927 3005 2973 utrumne
3048 2934 3247 2974 numen
3287 2920 3470 2984 (mitto

1896 3014 2044 3054 nunc
2074 3010 2301 3055 cmteros
2341 3002 2552 3069 titulos,
2592 3005 2685 3074 qui
2721 3006 2894 3061 beatae
2924 3007 3000 3060 illi
3032 3018 3239 3063 natura:
3266 3010 3470 3064 deben-

213 3107 456 3176 νητικὺν,
501 3110 535 3182 ἢ
580 3090 679 3183 τῆς
728 3113 1009 3189 δυνάμεως
1050 3119 1329 3192 ἀφῄρηται
1379 3090 1621 3194 ταύτης
1677 3090 1823 3193 ’τῆθ

1912 3090 2022 3162 ur),
2055 3100 2332 3159 utrumne,
2377 3094 2627 3166 inquam,
2685 3112 2886 3152 numen
2933 3107 3017 3153 est
3066 3114 3355 3167 generans,
3395 3116 3468 3156 an

211 3197 273 3249 δὲ
300 3198 537 3265 διανοίας
555 3204 649 3256 τοῦ
676 3206 871 3273 ἁπλοῦ,
901 3210 1024 3263 ἀντὶ
1044 3211 1139 3265 τοῦ
1168 3214 1358 3285 ῥέπειν
1382 3213 1519 3286 πρὸς
1539 3214 1638 3285 τὴν
1667 3217 1794 3286 ἐρη-

214 3288 348 3358 μίαν
362 3292 461 3362 τῆς
472 3298 802 3364 γεννήσεως,
815 3302 896 3365 είς
912 3302 1012 3374 τὴν
1031 3303 1282 3377 γέννησιν
1298 3307 1790 3377 ἐπιστρεφομένης,

1890 3180 1993 3238 bac
2026 3181 2286 3239 facultate
2314 3188 2501 3241 caret?
2529 3186 2684 3244 Tunc
2726 3192 2873 3244 enim
2918 3190 3287 3262 simplicitatis
3316 3194 3468 3266 cogi-

1889 3274 2095 3330 tatione
2120 3291 2229 3330 non
2262 3278 2328 3331 ad
2354 3280 2727 3347 generationis
2756 3280 2997 3350 inopiam
3029 3283 3122 3338 sed
3154 3285 3221 3338 ad
3241 3299 3467 3353 genera-

210 3378 411 3450 ἔχομεν
440 3385 532 3438 τὸν
574 3385 722 3454 Υἱδν,
753 3388 878 3443 οὔτε
928 3365 1320 3466 της-θεότητος
1358 3365 1789 3467 ἀλλὸτριὲῠντέξξ

1914 3365 2092 3420 ionem
2149 3367 2371 3432 reﬂexa,
2420 3368 2621 3425 Filium
2666 3371 2977 3429 habemus:
3009 3389 3170 3445 quem
3212 3390 3389 3446 neque
3431 3391 3466 3434 a

208 3471 340 3525 οὔτε
365 3477 671 3546 γεννήσεως
700 3479 831 3534 ῐδιον
885 3481 1364 3553 ἁνομολογοῦντεςο
1419 3487 1479 3540 ἐν
1528 3486 1624 3558 ὅλῃ
1678 3486 1789 3558 γὰρ

206 3563 387 3616 ταῦτα
414 3568 481 3637 τῇ
528 3567 766 3640 θεότητι,
815 3572 932 3626 ἀλλ’
958 3574 1058 3628 οὐκ
1088 3578 1172 3647 ἐφ’
1196 3578 1404 3651 ἑκάστῃ
1433 3578 1543 3632 τῶν
1564 3580 1622 3632 ἐν
1645 3579 1781 3652 αὐτῇ

207 3652 647 3727 θεολογουμένων
680 3663 1005 3733 προσώπων.

1887 3455 2176 3513 divinitate
2220 3460 2638 3528 submovemus,
2680 3479 2860 3534 neque
2907 3465 2975 3521 ad
3008 3467 3301 3536 generandi
3331 3482 3465 3539 pro-

1890 3549 2175 3617 prietatem
2225 3551 2587 3609 admittimus.
2620 3554 2834 3625 Quippe
2878 3556 2967 3611 illa
2996 3560 3299 3629 propositio
3338 3561 3465 3616 uni-

1891 3656 2108 3696 versam
2156 3642 2325 3698 allicit
2353 3644 2718 3713 divinitatem,
2750 3665 2861 3705 non
2907 3666 3351 3724 unamquamque
3378 3653 3466 3711 di-

1892 3731 2139 3786 vinitatis
2168 3732 2411 3803 ejusdem
2444 3750 2756 3815 personam.
3268 3761 3275 3769 ’

696 3840 1031 3894 ΕΡΩΤΗΣΙΣ
1067 3844 1253 3911 ΣΚς¹⁸

359 3927 421 3979 Τί
451 3927 585 3984 ἐστι
609 3931 695 3997 τὸ,
729 3952 749 3985 ι
787 3935 980 3989 Πόθεν
1006 3938 1420 4007 παραγέγονας
1453 3937 1565 4008 (86)
1586 3953 1635 4003 ς»

1891 3841 2220 3908 ΟυΑΞδΤΙΟ
2237 3844 2490 3900 CCXXV]
2510 3846 2942 3919 [Coisl.CLXlX,
2966 3852 3131 3908 Taur.
3157 3853 3463 3927 CLXVlll].

2034 3934 2175 4001 Quid
2206 3936 2309 3991 sibi
2336 3940 2449 3992 vult
2478 3941 2611 3994 illud
2637 3956 2657 3996 :
2711 3960 2731 3995 ι
2770 3941 2918 3999 Unde
2950 3947 3215 4003 accessisti
3235 3951 3261 4005 7
3294 3966 3317 4002 ι

923 4051 1065 4103 Nunc
1085 4056 1296 4117 primum
1321 4055 1452 4105 edita
1472 4069 1501 4105 a
1520 4056 1582 4106 D.
1607 4053 2035 4117 Hergenroetber.
2065 4042 2129 4090 -έ
2146 4054 2419 4119 Exegetica
2441 4056 2492 4107 in
2514 4058 2628 4109 Job.
2649 4075 2685 4119 ι,
2706 4061 2754 4111 7.

1946 4154 2273 4226 Neutiquam
2303 4175 2404 4213 vox
2438 4160 2537 4214 ista
2560 4199 2573 4222 ,
2608 4170 2667 4215 ut
2693 4165 2837 4217 torte
2861 4165 3135 4235 quispiam
3164 4167 3461 4227 arbitratus

199 4240 371 4310 μόνον
402 4243 764 4313 προϐάλλεται
793 4247 988 4311 τύπον,
1024 4248 1160 4303 ἀλλὰ
1189 4251 1283 4303 καὶ
1330 4249 1634 4320 βαθυτέρας
1680 4250 1777 4319 ζη-

1912 4248 2070 4314 lel'll,
2117 4249 2563 4321 interrogationis
2604 4255 2950 4312 solummodo
2995 4258 3227 4314 formam
3260 4277 3371 4332 pra:
3398 4279 3460 4320 se

197 4333 414 4400 τήσεως
454 4335 826 4390 ἀνακαλύτπει
875 4338 1128 4411 θεωρίαν.
1190 4341 1286 4406 Σὺ,
1327 4341 1518 4409 φησὶν,
1553 4342 1612 4394 ἐν
1659 4345 1774 4406 τοῖς

1912 4347 1976 4390 .-rt
1999 4376 2017 4401 ,
2053 4338 2145 4393 sed
2188 4346 2241 4392 et
2281 4338 2652 4407 profundioris
2687 4343 3066 4411 inquisitionis
3097 4348 3298 4418 detegit
3326 4365 3458 4405 con-

197 4423 567 4491 χαμαιπετέσι
644 4428 737 4478 καὶ
785 4430 1086 4498 περιγείοις
1135 4431 1222 4484 διὰ
1297 4430 1397 4501 τὴν
1455 4431 1774 4495 ἀλαζονείαν

1912 4428 2299 4496 :mplationem.
2338 4427 2419 4483 Tu
2456 4470 2472 4495 ,
2518 4431 2595 4484 ait
2626 4431 2843 4505 (Deus)
2872 4472 2888 4496 ,
2920 4444 3140 4504 propter
3170 4437 3365 4493 fastum
3391 4455 3458 4495 ac

195 4514 624 4580 καταδικασθεὶς
648 4519 764 4589 ρτὴν
808 4519 1020 4574 διαίταν
1068 4520 1235 4591 ἔχειν,
1273 4522 1437 4576 πόθεν
1469 4523 1499 4593 ἢ
1533 4523 1651 4585 πῶς
1683 4525 1771 4577 ἐν-

1912 4518 2185 4573 uetantiam
2214 4559 2229 4581 ,
2266 4520 2332 4574 ad
2358 4520 2643 4576 incolenda
2668 4523 2852 4579 infima
2884 4525 3028 4580 circa
3053 4536 3251 4583 terram
3280 4532 3455 4599 spatia

194 4605 376 4659 ταῠθα
404 4608 811 4678 παραγέγονας,
840 4612 1103 4682 οὐδεμίαν
1126 4612 1267 4684 ἔχων
1313 4614 1562 4680 ἐξουσίαν
1608 4615 1771 4685 ἱερῶν
1808 4601 1823 4656 Ῑ

1912 4611 2305 4678 ondemuatus,
2357 4613 2502 4668 unde
2536 4623 2630 4669 aut
2656 4631 2894 4685 quonam
2940 4628 3101 4688 pacto
3125 4619 3231 4675 huc
3269 4636 3455 4678 acces-

192 4694 413 4766 ἁνδρῶν
438 4698 897 4769 περιεργάζεσθαι
947 4701 1115 4771 βίους,
1144 4705 1201 4758 ἐν
1232 4704 1461 4769 ἐκείνοις
1489 4705 1546 4758 δὲ
1593 4706 1775 4776 μόνοις

1912 4704 2031 4771 isti,
2079 4705 2283 4761 nullam
2327 4706 2536 4763 habens
2578 4717 2905 4778 petestatem
2949 4721 3268 4768 sanctorum
3307 4716 3456 4771 viro—

191 4788 558 4857 ἀπορριφεὶς,
590 4791 645 4843 οἵ
673 4808 731 4844 σε
761 4793 861 4862 τῆς
891 4794 1097 4859 οἰκείας
1140 4796 1417 4862 πολιτείας
1446 4800 1561 4862 τοῖς
1594 4799 1775 4872 πλημ-

1912 4812 1992 4850 um
2030 4797 2197 4852 vitam
2243 4799 2532 4870 indagandi
2572 4809 2627 4856 et
2662 4802 3028 4873 inspiciendi;
3072 4806 3166 4862 sed
3213 4808 3281 4863 ad
3328 4809 3451 4864 illos

197 4875 510 4946 μελήμασιν
552 4881 851 4951 εἰσηγητὴν
889 4883 982 4935 καὶ
1016 4885 1251 4953 χορηγὸν
1302 4886 1522 4941 ἀτόπων
1558 4889 1773 4942 ποιοῦν-

1912 4885 2019 4940 Dios
2050 4885 2328 4955 deiectus,
2382 4888 2475 4958 qui
2531 4899 2581 4944 te
2611 4891 2829 4946 delictis
2863 4897 3189 4964 perpetratis
3228 4897 3281 4951 in
3320 4913 3452 4968 pro-

191 4984 325 5032 1at;
360 4968 528 5021 Πόθεν
556 4969 650 5023 οὖν
678 4973 758 5035 είς
793 4972 959 5044 μηδέν
986 4991 1067 5027 σοι
1102 4977 1451 5046 προσήκοντα
1476 4977 1591 5049 βίον
1620 4981 1772 5049 λογο-

1912 4974 1988 5028 ria
2019 4976 2127 5030 vita
2161 4980 2481 5049 magistrum
2521 4997 2586 5036 ac
2614 4983 2806 5038 ducem
2838 4986 3194 5043 absurditatis
3224 4989 3327 5044 sibi
3363 4988 3449 5044 fa-

193 5056 362 5126 θέτην
391 5058 582 5113 ἑαυτὸν
609 5059 723 5132 (87)
748 5062 959 5132 ἐπῆρας
991 5063 1243 5131 γενέσθαι
1267 5083 1281 5131 ;

274 4148 388 4220 Οὐχ
414 4150 620 4216 ἁπλῶς,
649 4152 724 4218 ὡς
754 4155 818 4209 ἄν
847 4173 928 4219 τις
955 4157 1187 4228 οἰηθείη,
1214 4159 1245 4228 ἡ
1277 4157 1426 4230 φωνὴ
1452 4158 1774 4229 ἐρωτήσεως

1860 5166 2014 5212 tuere
2061 5161 2207 5226 vitaz,
2251 5177 2373 5231 qua:
2424 5164 2578 5220 nullo
2634 5181 2858 5236 prorsus
2899 5170 3061 5225 modo
3116 5169 3185 5225 ad
3224 5181 3279 5227 te
3318 5187 3446 5243 per-

1873 5247 2009 5303 tinet
2030 5248 2053 5302 ?

1695 5357 1904 5418 ΝΟΤᾸΕ

267 5457 398 5564 (εξι
414 5456 795 5564 Ἷῗθθηψυῖιξὲιίθ
816 5462 901 5564 1:35
924 5466 1392 5564 .BE"‘.‘.‘.’E.'I_‘-°‘1€':
1433 5469 1770 5564 Ξῗὶξέἱῐϊίξὶηίξ
1878 5479 2382 5564 οφξξεῖιλερῖειρς·
2400 5480 2444 5549 ιν
2466 5498 2524 5553 ει-
2539 5482 2636 5564 4.9.:
2660 5483 3255 5564 Ρβευάο-ᾼιιιωιεξῑιεεν
3276 5506 3331 5564 (ιο
3352 5491 3442 5563 η,

434 5527 1279 5632 etmqinltigloetnbianuoque
1328 5527 1766 5632 ip‘gliau-ritten‘si

186 5603 277 5693 sq;
304 5599 451 5693 “923
489 5608 539 5693 οξ
576 5617 649 5693 lq.
713 5599 854 5693 αρε).
871 5599 1091 5693 Ξίεᾴοηιί
1132 5599 1312 5693 verbis
1348 5611 1636 5693 incipiens.
1690 5615 1764 5693 De

1919 5599 1930 5605 ⁷
1947 5599 2057 5693 (ἓῆ
2091 5599 2287 5679 iciticit;
2296 5599 2636 5693 ᾗὶῖῖἒᾶῖτῖᾀξ

186 5668 279 5722 bis
304 5668 483 5726 verbis
506 5668 701 5742 Job'u,
731 5675 787 5742 2,
823 5668 921 5742 '17,
950 5677 1134 5746 plures
1175 5689 1420 5737 veterum
1462 5668 1649 5752 agunt,
1700 5668 1761 5740 ut

1862 5066 2055 5121 ciunt?
2095 5069 2246 5125 Unde
2282 5072 2450 5142 igitur
2486 5089 2656 5129 ausus
2713 5092 2772 5131 es
2838 5092 3119 5133 censorem
3154 5088 3206 5135 te
3238 5082 3448 5135 consti-
3564 5116 3581 5127 ρ
