3902 6212
394 251 420 317 1
431 252 536 315 023

392 461 582 516 Utrum
601 461 656 513 in
686 458 855 513 verbis
880 474 899 511 :
926 476 943 509 ι
983 458 1127 510 Misit
1164 456 1301 510 Deus
1346 456 1540 510 Filium
1569 472 1747 518 suum,
1771 472 1790 508 ι
1814 453 1986 525 γενώ-

466 549 628 602 μενον
670 528 899 598 (natum)
941 528 1120 602 dicere
1157 546 1229 583 an
1261 528 1556 599 γενόμενον
1595 527 1844 597 (factum)
1890 541 1984 595 per

460 598 625 655 unum
653 618 682 654 ν
714 598 959 670 oportet?

1555 244 1822 309 PHOTII
1858 243 2375 308 PATRIARCHB
2412 245 2525 308 ΕΡ.

390 362 724 435 ρυΑεετιο
773 361 1078 432 ccxxvnt
1143 361 1380 434 [Coisl..
1423 360 1591 419 Taur.
1645 360 1986 432 LXXXIX].
2018 372 2066 431 Α

3546 237 3688 305 ιοει

2612 360 2952 417 ΕΡΩΤΗΣῙΣ
2987 359 3159 416 XKZ'.

2098 474 2120 511 ι
2156 456 2628 521 Ἐξαπέστειλεν
2659 458 2694 508 ό
2732 454 2880 520 Θεὸς
2919 453 3030 508 τὸν
3066 452 3207 507 Flor
3239 452 3434 509 αὐτοῦ
3465 451 3688 520 τεν-νώ-

2122 544 2314 598 μενον
2359 526 2452 581 δεῖ
2479 525 2703 597 λέγειν,
2729 525 2769 595 ἢ
2799 526 3132 597 γενόμενον
3152 523 3229 579 δι’
3251 523 3394 592 ἑνός
3426 524 3583 597 (88);
3628 543 3650 576 ι

421 716 680 767 Editarum
702 729 730 765 a
755 711 935 763 Wolﬁo
959 712 1210 763 tricesima
1230 726 1386 776 prima
1418 714 1559 775 (Cur.
1584 711 1835 779 Philolog.
1859 717 1894 765 t.
1914 713 1976 777 V,
1996 728 2046 777 p.
2069 712 2297 763 688-689.
2329 711 2555 763 Galland.
2590 708 2820 762 Bibliotlt.
2842 711 3054 761 Patrum
3077 716 3115 760 t.
3139 708 3267 769 XIV,
3290 723 3342 773 p.
3362 708 3483 770 θοι,
3508 723 3562 759 n.
3584 708 3659 772 8.)

458 827 758 897 Γενόμενον
789 826 1036 898 (factum)
1060 842 1124 880 ea:
1141 826 1359 880 muliere
1382 826 1565 881 dicere
1593 827 1991 897 oportet,sicut

389 928 443 974 et
472 919 764 987 γενόμενον
794 920 890 972 sub
934 919 1041 990 lege
1065 918 1266 974 dicitur
1309 934 1406 989 per
1437 934 1604 973 unum
1642 936 1671 972 ν
1707 935 1986 989 nunquam

391 1011 736 1065 mutandum.
784 1010 1029 1065 Primum
1076 1011 1297 1080 quidem
1334 1051 1349 1075 ,
1400 1012 1546 1081 quod
1592 1013 1879 1067 sententia:
1935 1021 1991 1067 et

392 1118 554 1159 voces
580 1104 683 1158 sibi
720 1104 950 1159 invicem
973 1119 1189 1175 semper
1216 1106 1545 1173 respondere
1570 1104 1770 1161 debent
1800 1123 1811 1159 :
1839 1105 1989 1160 dein-

392 1196 462 1251 de
489 1212 640 1259 vero,
680 1198 824 1265 quod
860 1196 1113 1253 Cill‘lSlllS
1143 1197 1362 1265 quidem
1412 1199 1629 1267 genitus
1657 1207 1742 1253 est
1776 1199 1993 1266 (γεγέν-

391 1290 570 1359 νηται)
604 1304 668 1342 ex
716 1288 978 1357 Virgine,
1047 1290 1138 1343 ubi
1182 1290 1407 1343 verbum
1460 1290 1592 1343 illud
1642 1290 1694 1343 in
1746 1290 1991 1345 secunda

393 1378 598 1450 syllaba
630 1396 724 1449 per
752 1380 862 1433 duo
913 1396 942 1431 ν
964 1380 1339 1443 [scribendum
1368 1391 1485 1446 est;
1524 1396 1630 1434 non
1656 1390 1839 1434 autem
1872 1395 1992 1433 am-

392 1471 537 1541 plius
580 1472 819 1542 gignitur
857 1490 870 1527 :
909 1473 1079 1527 semel
1111 1474 1257 1527 enim
1294 1482 1505 1526 tantum
1543 1488 1609 1527 ex
1646 1472 1868 1543 Virgine.
1896 1488 1991 1542 ge-

392 1563 543 1617 nitus
570 1574 672 1618 est.
697 1563 912 1619 Nemini
935 1581 1065 1619 vero
1084 1566 1174 1620 bie
1197 1564 1445 1634 Gregorii
1483 1564 1745 1635 Theologi
1780 1564 1989 1619 dietum

2166 828 2512 896 Γενόμενον
2569 826 2649 878 δεῖ
2690 824 2871 893 λέγειν
2920 826 2985 878 ὲκ
3030 822 3313 892 γυναικὸς,
3354 822 3553 893 ὥσπερ
3598 821 3694 879 καὶ

2091 920 2428 988 γενόμενον
2468 917 2588 973 ὑπὸ
2634 918 2826 986 νόμον
2867 917 2956 971 διὰ
3003 917 3097 971 τοὺ
3143 917 3264 979 ἑνὸς
3319 916 3691 989 ἀμεταὸόλου.

2095 1011 2320 1082 Πρῶτον
2356 1011 2454 1082 μὲν
2485 1013 2548 1064 ἐκ
2577 1010 2678 1080 τῆς
2723 1011 2988 1081 συνεχοῦς
3026 1010 3387 1082 παραθέσεως
3418 1011 3534 1063 τῶν
3565 1026 3693 1079 νοη-

2096 1104 2282 1174 μάτων
2302 1121 2361 1156 τε
2386 1103 2481 1157 καὶ
2514 1104 2799 1175 ῥημάτων.
2846 1104 3113 1175 Δεύτερον
3141 1103 3220 1163 δὲ.
3246 1104 3329 1157 ὅτι
3360 1102 3693 1172 γεγέννηται

2098 1196 2198 1267 μὲν
2240 1199 2269 1250 ὁ
2313 1196 2551 1265 Χριστὸς
2598 1198 2662 1250 ἐκ
2707 1196 2989 1267 Παρθένου
3039 1195 3151 1249 τῶν
3178 1196 3274 1249 δύο
3320 1195 3696 1266 γραφομένων

2091 1288 2238 1342 κατὰ
2266 1289 2365 1358 τὴν
2402 1288 2668 1357 δεύτεραν
2720 1288 2996 1359 συλλαϐὴν
3042 1287 3420 1358 ἀμεταϐόλων.
3468 1288 3547 1340 Οὑ
3585 1287 3695 1357 μὴν

2089 1381 2144 1434 δὲ
2185 1383 2463 1449 γεννᾶται.
2506 1379 2691 1446 Ἀπαξ
2746 1379 2855 1449 γὰρ
2896 1381 2961 1431 ὲκ
3004 1378 3285 1449 Παρθένου
3334 1378 3693 1446 γεγέννηται.

2090 1472 2299 1541 Μηδενὶ
2348 1472 2406 1525 δὲ
2437 1472 2471 1542 ἡ
2520 1471 2614 1524 τοῦ
2653 1472 2923 1538 Θεολόγου
2966 1472 3306 1540 Γρηγορίου
3347 1471 3484 1541 (88')
3534 1473 3692 1542 φωνὴ

2092 1564 2301 1634 πλάνης
2329 1564 2505 1617 αἴτιον
2535 1564 2799 1631 γενέσθω.
2838 1564 3080 1626 Ἐκεῖνος
3128 1564 3239 1635 γὰρ
3284 1563 3512 1635 ἔφησεν,
3549 1565 3692 1632 Χρι-

391 1655 611 1708 errandi
645 1656 994 1711 occasionem
1025 1660 1277 1725 prtebeat.
1312 1655 1412 1710 llle
1437 1656 1583 1710 enim
1615 1656 1754 1711 dixit
1781 1672 1795 1709 :
1836 1654 1991 1709 Chri-

2109 1658 2246 1723 γτὸς
2270 1658 2553 1727 γεννᾶται
2582 1658 2744 1729 (88“)
2768 1701 2785 1726 ,
2839 1658 2936 1729 οὑχ
2968 1660 3051 1713 ὅτι
3080 1659 3170 1712 διὰ
3200 1659 3403 1722 παντὸς
3440 1660 3506 1711 ὲκ
3534 1659 3693 1729 nep.

393 1756 507 1802 stus
534 1748 810 1817 gignitur;
835 1764 942 1802 non
968 1750 1112 1819 quod
1140 1765 1357 1820 semper
1378 1763 1443 1803 ex
1475 1747 1698 1819 Virgine
1722 1749 1986 1820 gignitur.

394 1840 654 1909 sedquod
688 1840 825 1894 festa
859 1841 950 1895 illa
977 1841 1172 1897 concio
1209 1842 1298 1896 die
1327 1839 1544 1895 Domini
1582 1842 1757 1897 nostri
1822 1841 1991 1897 natali

392 1933 724 1987 habebatur.
768 1935 957 2004 Itaque
999 1934 1151 1989 omni
1200 1934 1364 1989 modo
1405 1933 1713 1989 cavendum
1753 1942 1875 1999 est,
1926 1949 1996 1988 ue

2088 1749 2243 1805 θένου
2275 1753 2563 1819 γεννᾶται,
2592 1751 2708 1806 ἀλλ’
2735 1752 2818 1805 ὄτι
2838 1769 2903 1820 γε
2935 1753 2968 1823 ή
2998 1752 3254 1825 παροῦσα
3287 1752 3410 1807 τότε
3435 1753 3693 1821 πανήγυ-

2091 1860 2178 1915 ρις
2216 1844 2318 1914 τῆς
2357 1844 2455 1899 τοῦ
2490 1847 2769 1902 Δεσπότου
2800 1852 3111 1922 γεννήσεως
3141 1847 3445 1919 ἐτύγχανεν
3477 1848 3690 1920 ἡμέρα.

2090 1934 2184 1987 Διὸ
2208 1935 2376 1988 παντὶ
2412 1936 2602 2007 τρόπῳ
2637 1938 2943 2006 φυλακτέον
2984 1938 3081 1993 τοῦ
3124 1940 3462 2009 γενόμενον
3486 1938 3557 1991 ἐκ
3587 1956 3694 2007 τυ-

394 2025 637 2094 pbrasim
670 2026 964 2096 γενόμενον
1007 2028 1072 2080 ὲκ
1110 2026 1371 2095 γυναικὸς
1423 2027 1509 2083 vel
1563 2026 1861 2098 scriptione
1910 2026 1995 2082 vel

2109 2026 2301 2093 ναικὸς
2326 2028 2416 2081 διὰ
2457 2030 2566 2083 τῶν
2603 2029 2698 2097 δύο
2739 2048 2789 2097 ν,
2863 2032 3004 2104 μήτε
3035 2031 3138 2104 τὴν
3167 2031 3390 2104 γραφὴν
3418 2031 3565 2103 μήτε
3591 2028 3695 2103 τὴν

394 2116 843 2187 pronuntiatione
868 2132 967 2189 per
996 2116 1108 2173 duo
1138 2134 1167 2171 ν
1191 2116 1511 2174 etleramus.

2096 2117 2412 2190 ἑκφὼνησιν
2440 2122 2745 2179 ποιεῖσθαι.

1116 2234 1447 2303 QUASSTIO
1493 2234 1798 2293 CCXXVII!
1855 2234 2054 2309 [CoisL
2090 2232 2256 2293 Taur.
2306 2236 2525 2295 LXXVI
2545 2240 2930 2313 ].—-lnedit‘t.

864 2332 942 2386 De
972 2342 1169 2386 natura
1203 2343 1251 2386 et
1284 2350 1530 2403 persona.

465 2422 523 2479 Id
542 2422 687 2493 quod
712 2424 1009 2493 apparebat
1034 2424 1087 2477 in
1119 2424 1344 2479 Christo
1370 2425 1503 2495 quid
1529 2432 1669 2489 erat,
1692 2440 1761 2480 an
1789 2433 1989 2481 natura

396 2530 466 2571 an
499 2516 774 2585 persona?

2404 2338 2546 2405 Περὶ
2584 2339 2828 2407 φύσεως
2859 2339 2959 2392 καὶ
2987 2339 3410 2407 ὑποστάσεως.

2170 2427 2248 2482 Τδ
2276 2429 2604 2501 φαινόμενον
2647 2430 2741 2485 τοῦ
2772 2431 3012 2504 Χριστοῦ
3043 2433 3096 2487 τί
3136 2429 3241 2507 ἦν,
3274 2433 3437 2504 φύσις
3469 2434 3507 2505 ἢ
3553 2433 3694 2488 ὑπό-

2100 2539 2321 2591 στασις;

480 2628 676 2683 Allatis
703 2631 1042 2699 argumentis
1064 2670 1080 2696 ,
1123 2644 1246 2699 quae
1285 2640 1476 2685 contra
1505 2638 1799 2700 utramque
1832 2637 2041 2700 partem
2083 2634 2360 2701 militant,
2407 2649 2703 2711 respondet
2728 2640 2960 2699 Pltotius
2982 2684 2999 2709 ,
3040 2644 3092 2699 id
3126 2647 3275 2717 quod
3307 2646 3611 2717 apparebat
3639 2657 3695 2702 et

396 2718 685 2775 videbatur
715 2718 768 2773 in
805 2719 1026 2777 Christo
1053 2761 1068 2786 ,
1120 2735 1227 2773 non
1273 2718 1445 2774 fuisse
1484 2734 1587 2773 nec
1619 2729 1871 2774 naturam
1904 2717 2263 2789 simpliciter,
2311 2736 2414 2779 nec
2454 2740 2744 2794 personam
2776 2728 3123 2798 simpliciter.
3169 2730 3264 2785 sed
3300 2744 3509 2799 partem
3539 2748 3691 2785 cout-

396 2808 588 2877 posita:
622 2810 965 2877 hypostaseos
989 2842 1005 2866 ,
1036 2803 1184 2874 quod
1225 2814 1310 2859 est
1340 2817 1463 2858 esse
1492 2802 1802 2859 subsistens
1838 2801 1995 2874 (ἀλλέ

2109 2808 2241 2881 ,ἐρος
2288 2811 2392 2883 τῆς
2431 2814 2527 2869 τοῦ
2591 2816 2779 2886 Λόγου
2840 2818 3105 2874 συνθέτου
3154 2819 3510 2885 ὑποστάσεως
3552 2820 3696 2891 ὅπερ

397 2897 548 2950 ἐστὶν
579 2895 945 2950 ὲνυπόστατον
968 2892 1009 2962 ).

1112 3043 1444 3113 ΩΙΗΕΞΤΙΟ
1492 3044 1754 3101 ccxth
1795 3043 1995 3120 [CoisL

2109 3062 2229 3105 aur.
2292 3050 2533 3110 LXXVII
2560 3055 2602 3130 ].
2630 3058 2950 3117 —luedita.

1016 3162 1093 3218 De
1125 3179 1375 3233 persona.

424 3292 427 3293 ν
470 3257 555 3311 An
587 3256 895 3327 composita
930 3256 1094 3311 Verbi
1131 3270 1369 3327 persona
1394 3254 1886 3310 consubstantialis
1912 3262 1998 3309 est

400 3348 644 3419 simplici
680 3347 846 3403 Verbi
878 3363 1146 3419 personae,
1166 3364 1238 3402 an
1268 3363 1398 3403 vero
1428 3347 1657 3403 diversae
1681 3356 1995 3409 naturae.“

2584 3176 2724 3245 Περὶ
2763 3178 3188 3246 ὑποστάσεως.

2172 3264 2410 3335 Πότερον
2432 3267 2467 3338 ἡ
2498 3267 2591 3322 τοῦ
2614 3269 2792 3338 Λόγου
2824 3269 3079 3333 σύνθετος
3108 3270 3413 3337 ὑπόστασις
3438 3271 3696 3343 όμοφυής

2100 3355 2248 3408 ὲστιν
2278 3359 2346 3430 τῇ
2373 3358 2468 3412 τοῦ
2504 3358 2679 3427 Λόγου
2724 3359 2870 3431 ἁπλῇ
2901 3361 3205 3416 ὑποστάσει
3234 3361 3266 3433 ἦ
3299 3362 3630 3432 ἑτεροφυὴς.
3660 3361 3694 3430 ἢ

400 3443 506 3497 sub
539 3457 651 3497 uno
678 3451 925 3512 respectu
959 3441 1204 3511 ejusdem
1235 3482 1252 3506 ,
1287 3440 1391 3495 sub
1424 3440 1535 3495 alio
1580 3454 1712 3493 vero
1736 3440 1995 3494 diversae?

2109 3457 2182 3526 πῆ
2238 3453 2339 3524 μὲν
2384 3451 2672 3523 όμοφυὴς,
2726 3452 2807 3523 πῆ
2852 3451 2911 3505 δὲ
2958 3453 3297 3523 ἑτεωφυήω
3349 3450 3415 3505 Et
3448 3451 3552 3521 μὲν
3580 3451 3699 3519 γὰρ

400 3533 541 3588 Nam
587 3535 634 3590 si
681 3534 931 3605 ejusdem
981 3543 1065 3587 est
1110 3543 1361 3598 naturze,
1409 3532 1640 3602 simplex
1674 3548 1802 3586 vero
1833 3531 1994 3587 Verbi

408 3625 721 3695 bypostasis
752 3626 1002 3680 eamdem
1034 3640 1160 3679 cum
1203 3622 1387 3679 Patris
1419 3623 1698 3694 hypostasi
1740 3632 1995 3678 naturam

402 3718 608 3783 habet,
653 3733 783 3787 ergo
839 3728 894 3773 et
940 3718 1252 3787 composita
1292 3717 1459 3773 Verbi
1506 3717 1820 3789 bypostasis
1869 3730 1996 3771 cum

402 3810 650 3880 simplice
684 3809 864 3866 Patris
895 3811 1177 3883 hypostasi
1207 3812 1453 3866 eamdem
1507 3811 1672 3866 habet
1715 3820 1994 3867 naturam.

402 3899 694 3967 Quomodo
718 3916 850 3955 vero
874 3902 1178 3971 composita
1224 3902 1463 3972 simplici
1505 3904 1996 3960 consubstantialis

402 3996 555 4052 erit?
584 3994 873 4062 Quomodo
901 4012 1008 4050 non
1037 4000 1346 4066 composita
1376 4012 1600 4067 quoque
1622 3997 1855 4053 dicenda
1890 3999 1997 4054 erit

404 4103 640 4160 persona
670 4087 881 4144 Patris?
925 4088 991 4141 Et
1042 4088 1203 4144 tertio
1237 4104 1421 4144 nonne
1461 4094 1810 4159 quaternitas
1850 4092 1955 4146 erit
1980 4132 1997 4157 ,

403 4192 517 4239 tres
561 4180 837 4252 simplices
876 4182 1136 4236 nimirum
1174 4196 1424 4252 personte
1453 4182 1655 4248 Patris,
1687 4191 1741 4237 et
1772 4180 1920 4247 Filii,
1943 4194 1999 4239 et

404 4272 643 4345 Spiritus
666 4274 841 4329 sancti
873 4283 928 4329 et
947 4274 1253 4344 composita
1279 4272 1440 4328 Verbi
1476 4274 1751 4343 persona?
1780 4275 1836 4329 Si
1866 4288 1997 4331 vero

400 4364 631 4420 diversa:
678 4376 925 4432 naturae,
974 4374 1030 4421 et
1076 4366 1155 4421 sic
1204 4377 1390 4421 manet
1426 4367 1792 4437 quaternitas.
1844 4362 1996 4435 Quo-

402 4458 567 4511 modo
597 4473 727 4512 vero
776 4473 806 4512 a
860 4458 1041 4529 seipso
1088 4470 1281 4513 natura
1330 4458 1585 4525 diﬂ'eret,
1627 4462 1673 4515 si
1750 4475 1859 4515 non
1890 4461 1999 4516 duo

401 4558 651 4618 separata
682 4549 827 4604 dicet
859 4550 1221 4620 compositum
1260 4560 1424 4620 atque
1453 4552 1732 4622 simplex?
1773 4552 1830 4607 Si
1867 4569 1999 4609 vero

402 4641 703 4696 secundum
732 4641 880 4696 aliud
909 4642 1138 4697 diversae
1169 4681 1185 4707 ,
1239 4644 1542 4698 secundum
1572 4644 1719 4699 aliud
1751 4645 1996 4717 ejusdem

401 4734 726 4790 substantia:
772 4744 893 4799 est,
931 4746 985 4791 et
1033 4736 1114 4790 sic
1159 4742 1422 4805 sequetur
1457 4737 1885 4806 quaternitatem
1912 4738 1997 4795 di-

2098 3548 2372 3619 ὁμοφυὴς,
2423 3546 2540 3600 ἔστι
2588 3545 2643 3598 δὲ
2682 3544 2717 3616 ἡ
2766 3543 2862 3599 τοῦ
2890 3544 3065 3613 Λόγου
3097 3544 3243 3615 ἁπλῆ
3288 3544 3590 3607 ὑπόστασις
3624 3544 3696 3612 τῇ

2098 3638 2193 3693 τοῦ
2230 3637 2447 3707 Ιῐατρδς
2493 3635 2778 3707 ὁμοφυὴς,
2833 3636 2927 3689 καὶ
2975 3636 3007 3704 ἡ
3058 3636 3313 3699 σύνθετος
3342 3636 3453 3706 ἄρα
3489 3636 3560 3706 τῇ
3595 3634 3695 3687 τοῦ

2098 3729 2314 3801 Ila-.96;
2358 3729 2506 3799 ἁπλῇ
2548 3728 2847 3781 ὑποστάσει
2880 3728 3150 3797 ὀμοφυής.
3214 3726 3339 3792 Πῶς
3372 3724 3469 3781 οὖν
3499 3728 3534 3798 ἡ
3565 3727 3699 3780 σύν-

2100 3822 2255 3884 θετος
2282 3822 2349 3892 τῇ
2385 3819 2530 3890 ἁπλῇ
2560 3819 2843 3889 ὁμοφυής;
2893 3816 3010 3881 πῶς
3051 3818 3097 3871 δ’
3125 3818 3249 3888 οὐχὶ
3295 3817 3557 3879 σύνθετος
3586 3820 3696 3889 ρη-

2101 3914 2220 3984 θείη
2248 3912 2315 3967 ἄν
2349 3912 2493 3983 καὶὴ
2528 3910 2623 3964 τοῦ
2675 3910 2924 3981 Πατρόςς
2968 3910 3063 3964 καὶ
3112 3910 3324 3982 τρίτον,
3374 3910 3575 3980 τετρὰς
3636 3912 3697 3964 αι

2097 4003 2249 4070 τρεῖς
2283 3998 2456 4054 ἁπλαῖ.
2489 3999 2821 4062 ὑποστάσεις
2865 3998 3081 4071 Πατρὸς
3110 4000 3205 4053 καὶ
3238 3999 3370 4053 Υῑοῦ
3402 3999 3500 4053 καὶ
3529 4000 3698 4068 ἁγίου

2100 4093 2419 4165 Πνεύματος
2449 4093 2545 4146 καὶ
2584 4092 2619 4164 ἡ
2670 4090 2925 4155 σύνθετος
2951 4090 3045 4144 τοῦ
3080 4091 3283 4161 Λόγου.
3325 4093 3389 4148 Εἰ
3424 4092 3471 4145 δ’
3504 4093 3697 4164 ἑτερο·

2101 4187 2262 4256 φυὴς,
2285 4185 2381 4238 καὶ
2404 4182 2586 4245 οὕτως
2613 4182 2766 4250 μένει
2792 4182 2990 4252 τετράς
3012 4200 3026 4213 ·
3048 4182 3168 4245 πῶς
3192 4181 3249 4236 δὲ
3271 4182 3365 4237 καί
3388 4182 3700 4253 ἑτεροφυὴς

2099 4276 2265 4341 αὑτὸς
2295 4274 2516 4338 ἑαυτοῦ,
2568 4276 2619 4328 εἴ
2651 4290 2717 4343 γε
2758 4273 2834 4344 μὴ
2876 4273 2972 4327 δύο
3002 4273 3070 4327 τὰ
3104 4272 3494 4347 κεχωρισμένα
3531 4272 3594 4327 τό
3631 4290 3698 4327 τε

2102 4367 2357 4421 σύνθετον
2378 4366 2532 4435 λέγει
2561 4367 2656 4420 καὶ
2687 4365 2748 4420 τδ
2782 4366 3025 4432 ἁπλοῦνς
3058 4366 3121 4420 El
3159 4365 3216 4419 δὲ
3259 4366 3336 4437 πῆ
3375 4367 3476 4436 μὲν
3501 4367 3699 4437 ἑτερο-

2100 4460 2264 4533 φυὴς,
2296 4460 2452 4531 «an
2486 4460 2771 4532 ὁμοφυὴς,
2822 4460 2885 4514 τὸ
2927 4460 3026 4531 μὲν
3074 4460 3309 4532 τετράδα
3357 4459 3542 4528 λέγειν
3593 4459 3700 4531 τὴν

2100 4557 2310 4629 Τριάδα
2356 4557 2451 4610 καὶ
2493 4553 2669 4617 οὑτως
2714 4554 2932 4625 ἕψεταιο
2971 4553 3164 4625 ἕψεται
3194 4555 3251 4609 δὲ
3290 4554 3388 4609 καὶ
3417 4553 3479 4607 τὸ
3502 4553 3700 4608 διαπο-

2102 4653 2241 4724 ρεῖν,
2274 4650 2391 4715 πῶς
2419 4650 2571 4705 ἐστιν
2600 4649 2765 4715 αὑτὸς
2812 4649 2995 4722 ἑαυτῷ
3020 4648 3100 4721 πῆ
3128 4647 3229 4719 μὲν
3260 4648 3587 4720 ἑτεροφυὴς,
3611 4646 3699 4717 πῆ

2100 4740 2157 4795 δὲ
2183 4741 2455 4812 ὁμοφυής.

400 4831 632 4885 cendaut
655 4845 779 4887 esse
814 4827 1187 4898 Trinitatem;
1223 4840 1486 4901 sequetur
1529 4846 1751 4903 quoque
1813 4847 1878 4888 ea
1944 4833 2275 4903 dimcultas,
2338 4849 2449 4906 qua
2514 4832 2731 4889 ratione
2778 4832 2897 4904 ipse
2955 4846 3148 4888 secum
3198 4832 3501 4888 secundum
3542 4828 3697 4887 atiud

400 4923 677 4994 ejusdem,
729 4924 1030 4980 secundum
1079 4924 1227 4980 aliud
1261 4926 1493 4983 diversae
1550 4942 1583 4982 a
1644 4941 1705 4981 se
1755 4935 1968 4984 naturae
2004 4930 2256 4986 exsistat.

479 5018 605 5073 llaec
631 5033 760 5072 vero
789 5018 1034 5073 absurda
1083 5019 1208 5074 inde
1244 5029 1370 5073 nata
1408 5028 1581 5085 sunt,
1614 5019 1761 5089 quod
1792 5020 1861 5074 ab
1895 5019 2003 5074 ini-
2034 5040 2078 5096 υ

405 5112 482 5165 tio
542 5126 715 5165 unum
786 5122 1048 5181 tanquam
1108 5113 1218 5170 duo
1264 5113 1676 5184 accipiebatur;
1752 5127 1818 5168 ex
1891 5112 1996 5168 hoc

402 5207 547 5261 enim
576 5217 630 5261 et
654 5207 989 5277 sequebatur
1026 5207 1112 5264 bis
1155 5208 1209 5262 in
1253 5206 1731 5278 suppositionibus
1774 5206 2002 5262 conclu-

2192 5020 2504 5076 Ἠκολούθει
2536 5021 2606 5075 τὰ
2625 5020 2804 5075 ἄτοπα
2832 5021 2899 5072 ὲκ
2930 5017 3025 5071 τοὺ
3048 5016 3237 5072 λαϐεῖν
3256 5016 3316 5084 ἐξ
3338 5016 3514 5089 ἀρχῆς
3548 5017 3611 5071 τὸ
3631 5017 3697 5072 ἓν

2105 5117 2182 5181 ὡς
2210 5114 2333 5171 δύο·
2369 5116 2435 5168 ἐκ
2456 5113 2649 5166 τούτου
2684 5111 2794 5182 γὰρ
2844 5112 2943 5165 καὶ
2973 5113 3095 5174 ταῖς
3138 5109 3461 5164 ὑποθέσεσιν
3503 5112 3697 5166 εἵπετο

2110 5205 2442 5277 συνάγεσθαι
2468 5203 2676 5277 Τριάδα
2707 5202 2808 5275 τὴν
2834 5200 3076 5273 τετράδα.
3095 5215 3110 5230 °
3142 5202 3205 5255 οὐ
3230 5199 3341 5273 γάρ
3372 5200 3522 5256 ἔστιν
3550 5202 3693 5276 ἄλλη

1922 5382 2156 5441 NOTAE.

374 5566 379 5581 ι
478 5505 592 5581 (ss)
628 5503 784 5581 ροιι).
810 5505 1043 5581 εςιάῑιηῇ
1075 5506 1165 5581 διὰ
1194 5507 1307 5581 δύο.

371 5576 380 5598 "
413 5646 424 5649 _
480 5577 596 5649 (88)
627 5576 950 5649 Gregorium
988 5576 1248 5649 Nazianz.
1294 5578 1572 5649 intelligit,
1623 5595 1787 5649 quem
1828 5579 1998 5635 Theo-

373 5674 381 5703 δ
403 5646 889 5722 Ιοῃιιηιόηιξᾳιιίωε
908 5649 1029 5722 κατ’
1046 5648 1239 5720 ἐξοχὴν
1260 5646 1710 5722 appellariMVid.
1730 5650 1992 5722 Cotelerii

407 5717 649 5772 Monum.
688 5717 893 5776 Eccles.
932 5718 1053 5789 Gn,
1085 5717 1219 5777 tota.
1255 5721 1346 5790 Ill,
1386 5736 1441 5791 p.
1468 5717 1592 5791 57!,
1642 5733 1693 5777 et
1723 5730 1856 5776 tom.
1896 5720 1987 5789 IV,

2091 5505 2307 5571 μω.

2169 5556 2322 5648 (ὲὲίί)
2357 5576 2551 5648 Exstat
2590 5575 2706 5631 haec
2726 5556 2946 5648 phrasis
2968 5577 3023 5633 in
3049 5576 3241 5634 limine
3260 5575 3544 5635 orationis
3566 5578 3690 5647 ejus

2101 5645 2185 5713 εἰς
2231 5645 2301 5703 τὰ
2330 5646 2634 5718 Θεοφάνια,
2677 5645 2812 5705 lout.
2842 5646 2860 5702 Ι
2891 5648 3059 5720 0pp.,
3089 5666 3147 5721 p.
3180 5648 3307 5705 615.
