3902 6212
420 294 567 359 402Ἰ

1562 289 1825 350 ΙἯΟΤΙΙ
1854 287 2359 349 PATRIARCHIE
2399 286 2508 347 ΟΡ.

3552 278 3690 344 109.8

418 408 763 479 amplificata:
798 414 1182 477 argumentum
1212 405 1501 470 allaturus,
1532 405 1813 475 subjungit
1838 422 1851 457 :
1880 424 1899 455 ι
1934 404 1999 459 Ut

2124 404 2348 459 λαϐοῦσα
2391 404 2453 457 τὸ
2497 402 2717 473 ῦψωμα,
2778 421 2796 453 ι
2831 402 2949 455 Ἵνα
2993 402 3153 472 ἡμεῖς
3183 400 3344 466 Θεοῦ,
3381 400 3573 472 φησιν,
3616 400 3694 453 δι-

421 517 521 555 nos
550 501 769 570 justitia
811 499 904 555 Dei
942 502 1139 555 ﬁamus
1173 515 1268 568 per
1307 500 1507 570 ipsunt.
1559 518 1579 551 ι
1625 498 1779 552 Hanc
1830 498 1997 568 igitur

418 606 640 661 operam
674 599 1017 660 praestantes,
1051 591 1249 659 inquit.
1286 593 1448 645 etiam
1482 606 1583 645 nos
1614 590 1995 655 adhortantur,

419 700 487 737 ne
525 698 621 737 vos
656 682 860 738 frustra
901 682 1126 752 gratiam
1170 682 1264 737 Dei
1312 683 1616 753 accipiatis.
1667 682 1744 737 Ita
1797 682 2001 738 Paulus

418 775 661 844 seipsum
688 784 1065 845 repraesentat,
1118 786 1372 845 tanquam
1398 791 1495 846 pro
1525 776 1746 831 Christo
1777 776 1997 847 legatio~

418 882 545 920 nem
588 868 903 922 obeuntem.
935 866 1077 932 Quo,
1112 883 1318 937 quaeso,
1352 869 1499 923 ﬁne?
1537 879 1596 923 ut
1619 885 1714 924 vos
1732 885 1798 924 ex
1822 880 1999 924 vestra

418 971 577 1029 parte
610 969 821 1014 tantum
887 960 1008 1029 ejus
1059 960 1384 1015 beneficium
1430 976 1540 1016 non
1595 963 1810 1017 irritum
1853 963 1997 1033 apud

420 1064 521 1101 vos
547 1045 717 1101 fuisse
751 1050 1071 1103 ostendatis.
1105 1049 1223 1103 Non
1260 1065 1387 1104 vero
1418 1052 1595 1106 solum
1624 1069 1749 1115 nos,
1796 1054 1996 1123 inquit,

424 1139 630 1208 legatos
664 1140 733 1193 ad
770 1156 865 1194 vos
891 1141 1124 1212 agimus,
1159 1142 1251 1197 sed
1276 1142 1350 1195 ita
1378 1152 1439 1195 ut
1470 1142 1586 1212 ipse
1610 1159 1831 1214 quoque
1858 1145 2001 1200 Deus

424 1246 478 1281 et
527 1232 687 1286 Pater
734 1247 839 1285 una
878 1232 1163 1287 nobiscum
1219 1249 1319 1303 pro
1346 1232 1486 1288 Filio
1519 1251 1621 1291 suo
1656 1238 1998 1291 adhortctur.

425 1322 805 1376 llevereamini
834 1322 1019 1393 itaque
1054 1326 1288 1395 legatos,
1334 1327 1517 1395 magni
1549 1326 1764 1381 faciatis
1802 1328 2005 1380 adhor-

426 1422 622 1477 tantes,
652 1416 705 1466 in
746 1416 921 1483 pretio
961 1416 1210 1471 trabeatis
1232 1418 1406 1481 illum,
1436 1436 1535 1490 pro
1558 1436 1667 1490 quo
1699 1420 2004 1476 instituitur

428 1505 765 1559 adhortatio.
803 1504 961 1571 Quod
995 1507 1041 1562 si
1076 1508 1285 1562 dictum
1330 1510 1461 1563 illud
1489 1511 1590 1565 hac
1620 1511 1831 1564 ratione
1858 1511 2005 1565 acci—

425 1600 663 1665 piamus,
720 1598 801 1661 τὸ,
867 1600 1010 1670 ὑπὲρ
1060 1601 1298 1671 Χριστοῦ
1355 1618 1463 1657 non
1515 1603 1657 1657 idem
1702 1605 1825 1668 erit,
1860 1604 2003 1672 quod

427 1689 547 1742 ἀντὶ
586 1690 824 1761 Χριστοῦ
864 1692 996 1761 (loco
1020 1691 1262 1766 Christi),
1293 1697 1383 1749 sed
1412 1695 1613 1750 rectius
1637 1696 1732 1761 ita,
1764 1706 1823 1750 ut
1846 1695 2007 1749 modo

425 1783 628 1835 dictum
663 1792 767 1845 est,
804 1787 1125 1855 accipietur.

498 1874 827 1940 QUIESTIO
878 1878 1186 1934 CCXXXIII
1224 1879 1417 1952 [δοῦσι.
1470 1881 1633 1935 Taur.
1677 1879 1941 1952 LXXXI].

425 1972 573 2037 Quid
632 1979 706 2025 est
764 1971 901 2024 illud
955 1988 974 2025 :
1013 1992 1029 2022 ι
1079 1971 1170 2024 Vel
1200 1983 1250 2024 ut
1289 1976 1594 2027 accuratius
1619 1974 1919 2043 loquamur,
1954 1989 2015 2026 ea

978 2058 1095 2111 qua:
1131 2044 1428 2098 divinitas?
1462 2065 1479 2095 ι

2106 498 2368 566 καιοσύνη
2421 495 2711 565 γενώμεθα
2762 496 2818 547 ἐν
2882 495 3054 564 αὐτῷ.
3104 512 3123 544 ι
3154 493 3556 563 Συνεργοῦντες
3608 493 3690 557 δὲ,

2106 592 2264 659 φησι,
2298 593 2393 643 κα)⁵
2428 589 2879 660 παρακαλοῦμεν,
2912 588 2986 659 μὴ
3017 590 3096 651 εἰς
3131 588 3289 640 κενὸν
3314 586 3410 639 τοῦ
3429 585 3567 638 Θεοῦ
3596 585 3695 653 τὴν

2108 692 2269 752 χάριν
2315 682 2572 747 δέξασθαι
2600 683 2766 753 ὑμᾶς.
2800 681 2987 745 Οῦτως
3022 682 3215 735 ἑαυτὸν
3261 682 3291 733 ὁ
3321 678 3535 740 Παῦλος
3572 678 3695 729 δια-

2109 776 2268 841 σαφεί
2313 769 2425 827 οἷον
2476 774 2618 843 ὑπὲρ
2665 774 2904 843 Χριστοῦ
2956 772 3419 842 πρεσϐευόμενος.
3468 769 3591 821 Ἵνα
3639 768 3695 820 τί

2107 868 2366 935 γέγηταη
2405 866 2491 918 ἵνα
2536 866 2636 936 τὴν
2666 865 2877 918 ἐκείνου
2910 865 3070 935 χάριν
3100 862 3371 932 τοσαύτην
3405 856 3574 914 οὖσαν
3618 860 3694 928 μὴ

2108 962 2272 1033 κενὴν
2302 962 2430 1031 τόγε
2464 962 2732 1034 ὑμέτερον
2769 961 2935 1032 μέρος
2969 959 3267 1030 άπελέγξῃ.
3299 959 3414 1027 Οὐχ
3451 957 3616 1026 ἡμεῖς
3638 954 3695 1007 δὲ

2112 1058 2272 1129 μόνον
2293 1056 2390 1126 τὴν
2418 1056 2719 1127 πρεσϐείαν
2749 1056 2880 1123 ὑμῖν
2920 1052 3292 1124 προσάγομεν,
3336 1049 3453 1102 ἀλλ’
3485 1049 3561 1111 ὼς
3599 1047 3698 1099 καὶ

2109 1149 2275 1204 αὐτοῦ
2314 1148 2410 1202 τοῦ
2447 1148 2585 1201 Θεοῦ
2636 1147 2732 1201 καὶ
2782 1146 2999 1218 Πατρδς
3055 1145 3175 1215 μεθ’
3206 1144 3363 1214 ἡμῶν
3412 1141 3557 1209 ὑπὲρ
3598 1140 3694 1193 τοῦ

2110 1243 2240 1297 Υἰοῦ
2277 1240 2746 1314 παρακαλοῦντος.
2779 1240 3119 1309 Ἐντράπητε
3161 1238 3289 1301 τοὺς
3325 1234 3697 1306 πρεσϐευτὰς,

2110 1336 2473 1406 δυσωπήθητε
2547 1334 2677 1397 τοὺς
2740 1322 3252 1403 ¹Χ¹παρακαλοῦντας.
3342 1326 3695 1397 εύλαϐήθητε

2110 1430 2201 1482 τὸν
2237 1428 2353 1498 (95)
2389 1426 2530 1496 ὑπὲρ
2566 1421 2625 1479 οὗ
2659 1427 2691 1494 ἡ
2721 1423 3088 1496 παράκλησις.
3121 1419 3327 1473 Τούτου
3371 1417 3430 1470 δὲ
3463 1417 3557 1469 τοῦ
3596 1418 3699 1486 ρη-

2112 1521 2207 1574 τοῦ
2256 1517 2739 1590 ὲκλαμϐανομένου
2770 1558 2785 1582 ,
2844 1516 2939 1569 καὶ
3002 1513 3063 1567 τὸ
3103 1513 3246 1583 ὑπὲρ
3297 1509 3539 1580 Χριστοῦ
3594 1509 3700 1561 οὐκ

2114 1614 2235 1665 ἀντὶ
2261 1611 2524 1682 Χριστοῦ,
2559 1608 2697 1676 ἀλλ’,
2734 1607 2810 1672 ὡς
2845 1606 3084 1677 εἴρηται,
3115 1603 3238 1658 κατ’
3273 1602 3493 1656 εὐθεῖαν
3515 1616 3701 1672 παρα-

2114 1703 2475 1775 ληφθήσεται.

2639 1875 2977 1930 ΕΡΩΤΗΣΙΣ
3017 1874 3181 1927 ΣΛΓν.

2121 1970 2183 2023 Τί
2208 1969 2398 2031 ἐστιν,
2437 1987 2455 2020 ι
2490 1969 2556 2023 Ἢ
2580 1970 2647 2022 τό
2670 1984 2735 2038 γε
2758 1963 3184 2107 ἀκρξξὲστερον
3201 1962 3415 2030 εἰπεῖν,
3434 1963 3472 2017 ἄ
3500 1965 3539 2032 ἡ
3563 1961 3677 2017 Θεό

2735 2055 2839 2105 της
2968 2041 3023 2102 l;
3052 2056 3071 2088 ι

2735 2041 3071 2105 της(96);›

674 2152 817 2201 Nunc
838 2151 1047 2214 primum
1070 2153 1200 2202 edita
1220 2168 1246 2201 a
1280 2154 1338 2201 D.
1373 2153 1802 2217 Hergenroether.
1827 2182 1879 2192 —
1909 2151 2189 2216 Explicatio
2229 2149 2495 2199 verborum
2523 2149 2845 2211 quorumdam
2880 2145 3107 2211 Gregorii
3144 2145 3451 2196 Nazianzeni.

496 2235 801 2301 Quoniam,
842 2236 1043 2304 inquit,
1095 2250 1202 2290 vox
1259 2237 1313 2289 in
1368 2253 1470 2307 quo
1528 2254 1638 2291 non
1686 2254 1853 2292 unum
1887 2236 2019 2307 quid

434 2330 686 2399 designat
723 2336 802 2393 ut,
826 2329 976 2383 verbi
1003 2328 1207 2399 gratia,
1238 2329 1383 2397 quod
1416 2330 1472 2383 in
1511 2330 1652 2384 caelo
1680 2338 1783 2393 est,
1818 2340 1871 2384 et
1900 2344 2021 2399 qua:

439 2424 490 2476 in
528 2438 595 2476 eo
639 2435 768 2475 sunt
792 2422 959 2487 (aliud
1011 2421 1156 2475 enim
1180 2429 1263 2475 est
1293 2422 1491 2476 malum
1526 2432 1580 2475 et
1607 2422 1755 2476 aliud
1789 2422 1930 2491 quod
1965 2424 2015 2476 in

438 2515 623 2581 cmlo),
678 2530 745 2567 ne
798 2514 927 2582 quid
960 2514 1103 2568 aliud
1129 2514 1307 2568 simile
1336 2514 1422 2569 hic
1453 2530 1673 2584 quoque
1696 2516 2016 2586 suspiceris,

437 2606 723 2661 confestim
769 2605 918 2658 addit
954 2624 967 2659 :
1005 2624 1023 2656 ι
1062 2605 1145 2659 vel
1173 2614 1233 2660 ut
1271 2607 1581 2662 accuratius
1615 2608 1926 2676 loquamur,
1955 2625 2016 2662 ea

442 2711 563 2764 qua:
596 2703 725 2749 sunt
757 2695 872 2763 ipsa
901 2692 1181 2747 divinitas.
1219 2712 1239 2744 ι
1276 2691 1429 2748 Licet
1463 2708 1594 2748 vero
1626 2702 1680 2747 et
1712 2694 1875 2763 hujus
1906 2708 2020 2748 ser-

443 2788 622 2841 monis
683 2785 971 2854 imaginem
1040 2770 1280 2840 sumere.
1339 2784 1810 2850 Quemadmodum
1875 2785 2019 2838 enim

440 2878 567 2947 quis
595 2877 785 2931 dicens
834 2876 887 2929 in
927 2875 1146 2946 regibus
1182 2891 1302 2930 esse
1353 2891 1580 2946 regnum
1616 2885 1671 2930 et
1713 2876 2024 2932 accuratius

441 2970 782 3024 indicaturus
830 2969 963 3039 ipsis
1029 2986 1257 3040 regnum
1302 2970 1486 3025 inesse
1525 2970 1761 3039 adjicere
1800 2981 2020 3041 potest:

2202 2232 2445 2303 Ἐπειδὴ,
2476 2232 2633 2301 φησι,
2665 2232 2727 2284 τὸ
2746 2231 2817 2283 ἐν
2849 2224 2898 2298 ᾧ
2926 2231 3024 2299 οὐχ
3044 2229 3103 2282 ἓν
3126 2246 3181 2282 τι
3213 2230 3573 2299 παρίστησιν,
3593 2224 3706 2281 οἷον

2116 2326 2175 2378 τὸ
2203 2327 2260 2376 ἐν
2288 2325 2504 2395 οὐρανῷ
2547 2324 2643 2375 καὶ
2672 2324 2739 2375 τὰ
2769 2323 2826 2375 ὲν
2861 2321 3010 2393 αὑτῷ
3040 2322 3252 2393 (ἕτερον
3278 2322 3388 2392 γάρ
3414 2322 3443 2373 ὁ
3472 2322 3706 2391 οὐρανὸς

2118 2420 2213 2472 καὶ
2246 2420 2434 2488 ἕτερον
2480 2416 2541 2470 τὸ
2583 2418 2643 2469 ὲν
2679 2415 2851 2486 αὐτῷ)
2875 2455 2891 2480 ,
2928 2414 3016 2468 ἵνα
3042 2413 3207 2484 μηδὲν
3240 2412 3485 2466 τοιοῦτον
3518 2414 3708 2483 ἕτερον

2116 2510 2465 2580 ὑποπτεύσῃς
2479 2509 2575 2563 καὶ
2601 2507 2857 2571 ἐνταῦθα,
2885 2508 3164 2577 συντόμως
3187 2506 3384 2573 ἐπάγει
3402 2521 3417 2536 ο
3449 2506 3552 2557 «‘H
3566 2506 3626 2557 τό
3643 2523 3707 2572 γε

2118 2602 2511 2673 ἀκριϐέστερον
2546 2603 2741 2666 εἰπεῖν,
2773 2599 2807 2653 ἃ
2838 2602 2870 2671 ἡ
2911 2600 3137 2670 Θεότης.
3179 2618 3199 2651 ι
3234 2598 3400 2652 Ἐστι
3434 2598 3491 2651 δὲ
3522 2599 3711 2651 λαϐεῖν

2119 2695 2213 2748 τοῦ
2243 2695 2403 2764 λόγου
2430 2695 2530 2749 καὶ
2555 2695 2739 2748 εἰκόνα
2760 2710 2775 2727 ⁸
2815 2694 3007 2766 ὥσπερ
3052 2696 3162 2764 γὰρ
3188 2694 3246 2746 ἐν
3274 2697 3388 2757 τοῖς
3425 2692 3712 2763 βασιλεῦσι.

2119 2785 2294 2853 λέγων
2325 2803 2409 2848 τις
2457 2781 2598 2838 εἶναι
2632 2784 2906 2855 βασιλείαν
2953 2783 3049 2837 καὶ
3088 2783 3484 2855 ἀκριϐέστερον
3536 2783 3716 2851 αὐτὴν

2121 2877 2472 2947 παραστῆσαι
2525 2875 2854 2945 βουλόμενος
2892 2876 3094 2927 ἐνεῖναι
3127 2873 3362 2935 τούτοις,
3395 2870 3597 2941 μᾶλλον
3630 2869 3717 2938 δὲ,

2124 2968 2433 3037 ἐπαγάγοι,
2466 2987 2486 3020 ‹
2507 2967 2716 3030 Αὐτοὺς
2733 2963 2871 3019 εἷναί
2886 2984 3028 3038 φημι
3051 2968 3148 3036 τὴν
3168 2965 3471 3036 βασιλείαν,
3493 2983 3513 3017 ι
3541 2967 3638 3017 καί
3654 2965 3718 3016 τὸ

444 3078 465 3114 ι
513 3063 624 3116 Ιιηο
681 3063 828 3130 ipsos
880 3078 1034 3131 reges
1080 3077 1309 3133 regnum
1365 3077 1487 3117 esse
1528 3062 1760 3128 afﬁrmo,
1796 3083 1813 3113 ι
1861 3071 2014 3131 atque

2130 3062 2228 3132 μὲν
2254 3062 2456 3132 κράτος
2474 3060 2575 3129 τῆς
2606 3059 2882 3130 βασιλείας
2905 3061 3091 3122 αὐτοῖς
3113 3059 3361 3130 ἐναργῶς
3388 3059 3717 3127 περιάπτει,

441 3153 639 3209 exinde
670 3154 889 3222 quidem
917 3163 1241 3233 potestatem
1260 3154 1412 3223 regni
1440 3153 1549 3208 illis
1572 3153 1877 3207 luculenter
1907 3154 2014 3206 viu-

2124 3155 2223 3207 οὐκ
2256 3155 2336 3216 εἰς
2368 3152 2635 3220 ποιότητα
2676 3153 2735 3206 δὲ
2765 3152 2865 3223 τὴν
2907 3139 3017 3206 τῶν
3052 3152 3318 3222 βασιλέων
3353 3150 3575 3220 ἀμείϐει
3603 3150 3717 3217 φύ-

441 3246 609 3307 dicat,
645 3258 751 3299 non
786 3261 915 3299 vero
962 3247 1013 3299 in
1048 3246 1370 3314 qualitatem
1420 3245 1585 3299 vertit
1630 3260 1818 3315 regum
1861 3253 2014 3298 natu-

2126 3263 2209 3299 σιν
2229 3261 2241 3275 ·
2275 3244 2450 3319 οὕτως
2488 3245 2641 3299 οὐδὲν
2680 3245 2879 3299 κωλύει
2911 3245 3139 3313 λέγοντα
3171 3261 3185 3274 ’
3228 3263 3246 3296 ι
3277 3244 3493 3298 Μᾶλλον
3519 3243 3577 3296 δὲ
3610 3243 3650 3296 ἂ
3681 3244 3717 3313 ἡ

442 3350 561 3388 ram
610 3350 625 3387 :
669 3334 743 3388 ita
796 3335 928 3387 nihil
967 3334 1220 3403 prohibet
1266 3336 1563 3405 quominus
1607 3337 1732 3405 quis
1787 3336 2022 3388 dicens:

448 3446 467 3477 ι
510 3424 698 3481 Pelius
728 3426 860 3495 ipsis
891 3442 1011 3496 qua:
1053 3436 1179 3481 sunt
1214 3428 1477 3481 divinitas
1517 3447 1535 3479 ι
1587 3425 2026 3497 inseparabilita-

442 3526 550 3571 tem
578 3517 826 3586 .quidem
879 3526 932 3571 et
981 3517 1474 3572 indirisibilitatem
1505 3516 1810 3572 divinitatis
1841 3531 1870 3569 a
1899 3530 2023 3584 per-

441 3606 597 3660 sonis
653 3605 875 3669 indicct,
912 3619 1020 3658 non
1089 3618 1267 3659 tamen
1313 3606 1570 3675 quamvis
1627 3618 1917 3674 personam
1969 3602 2022 3655 in

441 3696 779 3751 divinitatem
830 3696 911 3750 vel
952 3698 1004 3748 in
1058 3698 1303 3749 eamdem
1355 3709 1604 3749 naturam
1638 3694 1896 3758 resolvat,
1929 3694 2021 3747 sed

442 3791 627 3858 potius
662 3788 1048 3857 proprietatem
1104 3802 1463 3858 personarum
1513 3788 1853 3852 custodiens,
1876 3786 2025 3855 quod

449 3880 611 3932 unius
657 3887 713 3931 et
754 3878 868 3931 haec
898 3887 1027 3931 sunt
1050 3888 1103 3932 et
1132 3866 1341 3931 naturae
1366 3889 1419 3932 et
1442 3876 1740 3931 divinitatis
1762 3884 1814 3930 et
1836 3891 2022 3930 essen-

444 3973 552 4036 ti-ce,
583 3987 673 4037 per
698 3987 760 4025 ea
784 3970 947 4023 verba
977 3968 1230 4023 declaret.

517 4062 844 4132 QUAESTIO
883 4060 1184 4116 CCXXXIV
1222 4063 1406 4135 [CoisL
1446 4065 1610 4119 Taur.
1665 4061 1951 4133 LXXX").

446 4158 618 4226 Quam
652 4161 714 4209 ob
746 4173 962 4210 causam
1010 4156 1100 4209 ille
1142 4158 1232 4226 qui
1265 4166 1369 4209 toto
1401 4174 1614 4223 corpore
1648 4167 1761 4210 erat
1790 4158 2027 4223 leprosus

448 4238 454 4244 '
521 4233 574 4280 in
634 4228 801 4281 Veteri
828 4226 1155 4280 Testamento
1186 4242 1346 4291 purus
1397 4229 1689 4288 dicebatur,
1721 4231 1809 4298 qui
1850 4237 2026 4277 autem

514 4317 579 4353 ex
604 4310 756 4365 parte
793 4308 1020 4356 tantum,
1060 4299 1337 4364 impurus?

2123 3338 2353 3409 Θεότης,
2392 3356 2411 3389 ι
2449 3338 2511 3391 τὸ
2548 3338 2855 3408 ἀχώριστον
2884 3339 2983 3409 μὲν
3018 3340 3188 3409 αὐτῆς
3242 3338 3379 3408 πρὸς
3423 3337 3522 3398 τὰς
3574 3336 3720 3388 ὑπο-

2128 3432 2349 3494 στάσεις
2375 3432 2472 3485 καὶ
2494 3431 2556 3484 τὸ
2579 3431 2887 3502 ἀδιαίρετον
2911 3430 3129 3502 δηλοῦν,
3160 3431 3221 3483 οὐ
3253 3430 3363 3500 μὴν
3390 3428 3445 3481 δὲ
3473 3429 3721 3497 ἑκάστην

2124 3525 2203 3585 εἰς
2231 3523 2466 3593 θεότητα.
2518 3524 2551 3592 ἢ
2585 3525 2666 3587 εἰς
2694 3526 2796 3595 τὴν
2850 3523 3020 3590 αὐτὴν
3054 3522 3311 3582 ἀναλύειν
3354 3522 3542 3592 φύσιν,
3575 3520 3720 3573 ἀλλὰ

2125 3613 2412 3681 φυλάττων
2439 3613 2499 3667 τὸ
2526 3614 2722 3685 ἰδίωμα
2749 3615 2857 3669 τῶν
2897 3616 3271 3676 ύποστάσεων,
3305 3614 3387 3667 ὅτι
3424 3616 3559 3684 μιᾶς
3591 3617 3720 3665 ἐστι

2127 3707 2223 3757 καὶ
2250 3706 2427 3759 ταῦτα
2456 3707 2550 3760 καί¹
2581 3707 2797 3775 φύσεως
2826 3708 2921 3762 καὶ
2951 3708 3216 3779 Θεότητος
3254 3708 3350 3763 καὶ
3378 3708 3592 3772 οὐσίας,
3619 3707 3719 3760 διὰ

2128 3800 2234 3851 τῶν
2263 3800 2527 3870 ῥημάτων
2554 3800 2879 3872 παρίστησι.

2646 4069 2979 4123 ΕΡΩΤΗΣΙΣ
3025 4067 3188 4123 ΣΛΔ’.

2136 4161 2302 4224 Τίνος
2332 4159 2511 4213 ἕνεκα
2544 4163 2577 4215 ὀ
2605 4160 2725 4232 μέιῄ
2760 4165 3096 4230 ὀλόλεπρος
3126 4165 3285 4231 παρὰ
3334 4164 3410 4216 τῖ
3451 4164 3709 4232 {Inﬁrmi

2199 4231 2456 4355 3:10ade
2519 4230 2834 4301 ἐλογίζετο·
2904 4236 2935 4287 ό
3007 4233 3069 4287 δὲ
3132 4230 3217 4286 ἐκέ
3251 4235 3494 4303 μέρους,
3563 4230 3718 4292 (lde

2235 4318 2442 4368 qptcc;

752 4391 896 4441 Edita
915 4404 942 4438 a
968 4389 1090 4438 Maio
1117 4391 1264 4452 (Nov.
1298 4387 1423 4441 Coll.
1449 4397 1485 4439 ι.
1513 4390 1595 4451 ΙΧ,
1623 4407 1670 4455 p.
1706 4393 1838 4456 112).
1862 4422 1922 4433 -—
1953 4396 2029 4446 De
2054 4396 2364 4459 leprosorum
2398 4394 2685 4445 diversitate
2708 4400 2978 4447 secundum
3004 4398 3160 4449 Levit.
3190 4414 3297 4461 xm,
3327 4402 3401 4450 15.

517 4479 654 4546 Quia
678 4478 771 4547 qui
795 4484 908 4527 toto
930 4488 1159 4542 corpore
1194 4484 1311 4527 erat
1331 4474 1580 4544 leprosus
1606 4479 1809 4533 nullam
1861 4496 2024 4536 sana-

446 4571 613 4626 tionis
654 4583 806 4637 spem
842 4565 1105 4629 habebat,
1140 4574 1193 4618 et
1236 4565 1359 4620 ideo
1412 4568 1725 4624 misericors
1757 4570 1900 4626 Deus
1923 4572 2026 4627 du-

446 4666 641 4735 plieem
671 4663 747 4716 illi
773 4660 1015 4714 dolorem
1046 4674 1151 4712 non
1180 4659 1442 4729 judicavit
1470 4660 1826 4726 offerendum,
1850 4664 1900 4718 id
1920 4676 2023 4727 est,

443 4756 652 4821 lcpram
686 4757 740 4804 et
775 4747 1109 4817 impuritatis
1138 4763 1356 4808 nomen,
1389 4758 1445 4802 et
1477 4764 1507 4803 a
1538 4750 1710 4805 sacris
1746 4752 2022 4823 relegatio.

445 4844 538 4896 llle
571 4852 752 4896 autem
778 4842 871 4911 qui
902 4855 968 4894 ex
996 4846 1149 4909 parte
1178 4849 1387 4893 tantum
1424 4851 1543 4894 erat
1601 4842 2025 4912 leprosus,cum

445 4948 570 5001 spes
598 4929 901 4986 sanationis
923 4929 1000 4982 illi
1028 4928 1321 4980 maximam
1363 4928 1487 4981 mali
1510 4939 1722 4995 partem
1758 4933 2019 4999 auferret,

445 5021 641 5074 merito
689 5034 799 5074 non
848 5018 1037 5072 eadem
1069 5015 1473 5085 philanthropia
1502 5017 1738 5086 gaudere
1767 5022 2022 5091 dignatus

441 5124 546 5168 est.

2205 4482 2329 4532 Ὅτι
2371 4483 2397 4534 ὀ
2438 4480 2537 4550 μὲν
2580 4481 2756 4534 διόλου
2812 4482 3012 4556 λεπρὸς
3056 4485 3119 4539 τὸ
3164 4487 3486 4540 ἀνέλπιστον
3542 4488 3712 4558 ἔφερε

2124 4570 2261 4639 πρὸς
2298 4570 2395 4640 τὴν
2434 4571 2595 4624 ἴασιν.
2638 4573 2842 4643 Διόπερ
2883 4576 2911 4626 ό
2945 4575 3326 4648 φιλάνθρωπος
3350 4578 3480 4641 Θεὸς
3507 4579 3713 4649 διπλῆν

2125 4662 2275 4733 αύτῴ
2319 4663 2418 4731 τὴν
2465 4662 2655 4734 ποινὴν
2705 4665 2935 4733 ἐπάγειν
2986 4669 3087 4722 οὐκ
3128 4669 3450 4739 ἐδοκίμαζε,
3500 4674 3605 4742 τήν
3644 4691 3710 4726 τε

2127 4753 2333 4825 λέπραν
2363 4756 2506 4824 φημὶ
2542 4757 2637 4808 καὶ
2664 4757 2724 4808 τὸ
2764 4757 2873 4810 ἀπὸ
2902 4760 3000 4828 τῆς
3031 4761 3375 4833 ἀκαθαρσίας
3408 4764 3584 4835 ὄνομα
3614 4770 3716 4820 καὶ

2126 4845 2219 4898 τοῦ
2269 4846 2414 4915 ἱεροῦ
2462 4847 2523 4899 τὸ
2570 4848 2892 4921 ύπερὸριον’
2949 4853 3026 4923 τῷ
3069 4854 3124 4907 δὲ
3174 4857 3239 4908 ὲκ
3275 4858 3476 4927 μέρους
3519 4860 3715 4931 λεπρῷ

2131 4939 2360 5010 ἐπείπερ
2386 4941 2419 5009 ἡ
2456 4940 2612 5005 ἐλπὶς
2654 4942 2753 5012 τῆς
2788 4943 2983 5009 ἰάσεως
3014 4946 3076 4999 τὸ
3109 4949 3245 5002 πολὺ
3280 4951 3373 5003 τοῦ
3411 4952 3717 5019 λυποῦντος

2131 5026 2510 5097 ὲπεκούφιζεν.
2567 5031 2792 5096 εἰκότως
2854 5036 2915 5087 ού
2976 5036 3075 5105 τῆς
3124 5038 3245 5109 ἴσης
3301 5041 3717 5114 φιλανθρωπίας

2130 5119 2423 5174 ἀπολαύειν
2454 5122 2836 5180 ἐπιδείκνυται.

1977 5205 2205 5263 NOTAE.

516 5300 627 5368 (ἥδ)
655 5297 892 5359 Colbert.
922 5315 1020 5368 pro
1042 5300 1187 5363 τούς.

432 5384 435 5385 ⁷
516 5363 628 5439 ιιῖϋ)
658 5371 799 5421 Sunt
828 5363 1190 5439 ista-Gregorii
1221 5368 1543 5425 Nazianzeni
1573 5370 1725 5426 Orat.
1762 5372 1830 5426 39
1856 5371 2017 5439 p.650

438 5443 529 5495 etl.
550 5439 677 5511 lli“.
706 5439 767 5511 ἓν
787 5439 896 5511 γάρ
924 5440 1180 5511 ὲνᾲτρισὶν
1201 5442 1235 5511 ἡ
1257 5441 1451 5511 θεότης
1474 5442 1568 5494 καὶ
1593 5442 1661 5496 τὰ
1685 5444 1811 5511 τρία
1834 5443 1913 5495 ἓν·
1950 5444 2020 5496 τὰ

444 5513 501 5561 ὲν
539 5503 621 5571 οἷς
658 5510 691 5578 ἡ
749 5503 939 5579 dedit};
973 5503 1105 5631 {Rw
1137 5527 1200 5577 γε
1223 5503 1643 5581 ⁷ἀκριϐέστερον
1695 5503 1890 5578 εἰπεῖν,
1920 5513 2015 5585 ἆή

444 5580 654 5631 ϐεότης.
674 5578 970 5631 Gregorius
1045 5581 1371 5631 azianzenus
1395 5582 1568 5631 tribus
1585 5582 1834 5631 formulis
1856 5586 2015 5631 trium

444 5580 654 5646 θεότης.
674 5578 970 5648 Gregorius
996 5578 1371 5635 Nazianzenus
1395 5578 1568 5636 tribus
1585 5582 1834 5638 formulis
1856 5578 2017 5637 trium

443 5664 801 5718 personarum
833 5651 1028 5703 realem
1069 5665 1193 5704 eum
1227 5652 1427 5704 deitate
1471 5652 1808 5707 identitatem
1837 5654 2019 5708 decla-

443 5728 547 5775 rat.
577 5718 716 5773 Sunt
754 5734 1000 5789 persona:
1032 5734 1095 5777 ea
1129 5736 1361 5789 quorum
1404 5721 1577 5777 dcitas
1621 5724 1711 5794 (τά
1737 5718 1811 5778 ὧν
1832 5726 1865 5794 ἡ
1902 5723 2022 5777 Θεό.

2122 5306 2268 5377 τηε),
2293 5323 2356 5363 ea
2466 5311 2670 5391 quibus
2698 5313 2871 5391 deitas
2902 5316 3024 5391 (τά
3062 5317 3120 5391 ὲν
3140 5311 3227 5391 οἷς
3265 5320 3299 5388 ή
3329 5319 3543 5391 θεότης)
3568 5335 3623 5376 et
3642 5340 3709 5379 ea

2124 5393 2245 5457 qua;
2276 5390 2404 5457 sunt
2427 5382 2543 5450 ipsa
2565 5384 2864 5457 divinitas_(
2897 5386 2965 5438 τὰ
2994 5386 3028 5440 ἃ
3073 5390 3107 5457 ή
3142 5382 3376 5456 θεότης).
3416 5382 3709 5448 Deliis-lo—

2123 5450 2437 5529 orationibus
2456 5468 2575 5529 sese
2592 5450 3201 5529 mu_tttoillustranti'hus
3220 5450 3430 5529 egimtts
3447 5464 3499 5514 in
3519 5477 3710 5519 nostro

2123 5515 2261 5569 libro
2291 5518 2544 5599 {doctrina
2568 5524 2642 5599 dep
2662 5523 3049 5599 ATrt'nitale‘
3076 5545 3140 5581 ex
3166 5515 3415 5599 Gregorio
3456 5515 3700 5587 Nestora;

2124 5604 2274 5651 zetto,
2298 5588 2607 5664 [latisl‘tome
2627 5594 2785 5660 1850,
2812 5610 2864 5664 p.
2897 5597 2987 5660 4|,
3011 5588 3336 5653 GermaniEe
3366 5602 3534 5656 edito.
3560 5605 3707 5657 Duas

2123 5672 2426 5744 postremas
2455 5661 2719 5743 formulas
2744 5661 2864 5744 loco
2904 5666 3071 5744 citato
3095 5670 3387 5740 conjungit
3406 5670 3707 5744 Gregorius

2123 5740 2174 5781 et
2211 5738 2495 5797 postremae
2523 5735 2629 5788 vim
2660 5736 2883 5805 exponit
2904 5735 3154 5794 I’hotius.
