3902 6212
175 303 320 371 1029

689 432 1028 513 erantet):
1064 437 1228 493 me.

172 542 347 626 Τίνος
375 542 554 626 Ereto?
582 546 911 626 deferatrd
946 551 1191 626 Πνεῦμα
1217 553 1396 608 εἰκὼν
1425 554 1536 610 τοῦ
1580 558 1752 626 Υίοῦ;

241 613 341 666 καὶ
376 617 467 682 τίς
497 617 536 686 ἡ
570 613 689 672 τῶν
713 613 1127 690 Πυθαγορείωῦ
1163 628 1484 693 τετρακτύς
1522 628 1675 700 (97);

859 320 960 380 ΑΙ)
988 320 1581 386 AMPIIILOCHIUM
1621 326 1968 398 QUJSSTIO
1988 329 2332 395 CCXXXIII
2369 338 2756 402 CCXXXVII.

3290 348 3426 413 1030

1672 520 1673 523 γ
1779 456 1828 512 Α
1924 448 2251 515 ρυΑεετιο
2300 452 2579 509 ccxxxv
2616 456 2807 528 ιοοίςι.
2853 457 3356 538 Taur.LXXXlllj.

1856 563 1968 620 Cur
1998 566 2211 621 dicatur
2241 568 2475 639 Spiritus
2506 573 2679 645 inroga
2718 573 2870 639 Filii,
2904 588 2953 631 et
2976 580 3104 648 quid
3136 581 3204 635 sit
3230 580 3436 653 Pytha-

2343 658 2639 712 gormorum
2671 656 2738 701 ιει
2749 659 2951 703 ructus.

1428 789 1571 841 Edita
1596 808 1624 843 a
1648 792 1773 846 Maio
1798 796 1855 860 (1.
1881 811 1922 848 e.
1955 812 1988 863 p
2041 798 2172 866 115).

238 906 418 959 Είκὼν
458 908 677 977 λέγεται
725 910 818 964 τοῦ
858 914 1069 984 Πατρὺς
1113 918 1142 970 6
1184 918 1314 983 Υἱὸς
1360 922 1456 975 καὶ
1497 922 1575 985 ὡς
1621 927 1759 995 πρὸς

162 997 327 1050 αὐτὸν
364 1000 483 1052 κατ’
518 1001 696 1054 αἰτίαν
732 1004 1171 1077 ἀναφερόμενος,
1210 1012 1304 1063 καὶ
1330 1012 1403 1076 ὡς
1451 1015 1630 1087 ἑαυτῷ
1667 1019 1759 1072 τὸν

165 1089 393 1159 Πατέρα
423 1092 749 1162 προδεικνὺς
783 1099 876 1150 καὶ
914 1101 1218 1168 εἰκονίζων,
1256 1105 1315 1165 ὃς
1342 1123 1446 1159 που
1492 1111 1585 1161 καὶ
1619 1111 1758 1182 πρὸς

162 1185 258 1237 τὸν
269 1185 535 1240 Φίλιππον
556 1204 602 1239 ἰ
625 1189 683 1242 '0
696 1190 962 1262 ἑωρακὼς
985 1195 1108 1265 ἐμὲ,
1124 1196 1339 1266 ἑώρακε
1357 1200 1448 1253 τὸν
1474 1202 1714 1274 Πατέρα’
1730 1225 1749 1258 ι

161 1276 329 1330 εἰκὼν
362 1279 417 1331 δὲ
451 1280 579 1333 Υίοῦ
624 1282 685 1334 τὺ
716 1284 942 1355 Πνεῦμα
974 1288 1072 1357 οὐχ
1103 1288 1179 1353 ὡς
1204 1293 1285 1354 είς
1316 1293 1750 1364 ἀναφερόμενον⁸

162 1368 378 1437 ἄπαγε·
421 1371 538 1424 ἀλλ’
568 1373 651 1427 ὅτι
699 1374 772 1445 μὴ
804 1372 915 1429 οἶόν
948 1395 1009 1431 τε
1051 1382 1305 1451 γνωρίσαι
1348 1384 1440 1438 τὸν
1478 1386 1605 1441 Υίὸν
1635 1390 1751 1441 ἐτέ-

164 1461 364 1528 ρωϐεν,
418 1465 466 1516 εἰ
517 1463 592 1536 μὴ
637 1466 698 1518 τὸ
745 1469 1013 1537 πανάγιον
1062 1473 1196 1544 πρὸς

164 1554 429 1623 συνεργὸν
450 1556 668 1612 λάϐοιτο
698 1560 944 1631 Πνεῦμα.
975 1564 1086 1635 Τὴν
1114 1570 1420 1639 τετρακτὺν
1443 1573 1499 1626 δὲ
1521 1576 1756 1645 τιμῶσιν

157 1646 212 1696 οἱ
244 1646 603 1717 Πυθαγόρειοι
622 1650 699 1714 ὡς
739 1653 926 1709 εἰκόνα
953 1656 1065 1709 τῶν
1096 1660 1380 1732 τεσσάρων
1410 1661 1576 1719 οὖσαν
1609 1684 1754 1720 στοι-

157 1753 348 1807 χειων.

678 1858 1017 1916 ΕΡΩΤΗΣΙΣ
1054 1865 1234 1934 ΣΑςν.

397 1950 559 2003 Arat!
590 1951 824 2022 ἀλείφει
853 1956 963 2008 τὸν
987 1958 1163 2012 λίθον
1188 1963 1223 2013 ὁ
1274 1960 1484 2016 Ἰακώϐ
1501 1980 1519 2028 ;

1926 930 2110 1009 Imago
2167 940 2339 1010 patris
2383 941 2587 998 dicitur
2620 943 2793 1000 Filius
2831 959 2885 1000 et
2920 947 3048 1017 quia
3079 946 3149 1002 ad
3180 949 3334 1004 illum
3377 962 3440 1007 ut

1852 1044 2075 1084 causam
2104 1032 2338 1088 refertur
2359 1045 2411 1090 et
2435 1037 2564 1107 quia
2596 1037 2650 1091 in
2677 1037 2859 1107 seipso
2881 1038 3096 1094 Patrem
3127 1042 3366 1097 ostendit
3387 1054 3443 1099 et

1854 1123 2074 1192 ﬁgurat.
2107 1124 2213 1191 Qui
2256 1126 2388 1181 olim
2436 1128 2687 1199 Philippo
2720 1131 2939 1186 dicebat
2973 1150 2987 1187 :
3026 1132 3130 1199 Qui
3159 1134 3305 1190 videt
3352 1151 3441 1192 me

1850 1217 1999 1272 videt
2039 1227 2091 1272 et
2125 1229 2331 1289 patrem
2377 1238 2578 1288 meum,
2609 1221 2850 1293 Spiritus
2900 1235 3083 1279 autem
3136 1236 3221 1281 est
3260 1228 3439 1299 imago

1848 1308 2116 1375 Filii,non
2151 1314 2295 1382 quod
2327 1315 2394 1369 ad
2422 1315 2571 1369 illum
2609 1316 2911 1384 referatur;
2945 1320 3100 1374 nullo
3128 1322 3312 1384 modo,
3337 1322 3430 1377 sed

1846 1407 1993 1473 quod
2044 1407 2301 1475 possibile
2331 1423 2441 1462 non
2483 1421 2567 1465 est
2597 1409 2790 1466 Filium
2818 1413 2975 1467 aliter
2994 1429 3291 1484 agnoscere.
3329 1417 3431 1470 nisi

1243 1476 1344 1547 τὴν
1385 1482 1737 1551 χειραγωγία·

1856 1495 2093 1565 Spiritus
2131 1506 2355 1553 sanctus
2387 1507 2446 1553 ut
2482 1502 2788 1556 conductor
2819 1516 2872 1557 et
2900 1514 3224 1574 cooperator
3250 1522 3437 1561 suma-

1854 1598 1964 1643 tur.
2006 1588 2437 1655 Quateruitatem
2470 1604 2652 1649 autem
2694 1597 2882 1651 colunt
2926 1598 3266 1669 Pythagorici
3307 1600 3437 1669 quia

1850 1692 1938 1737 est
1970 1682 2149 1753 imago
2177 1694 2417 1755 quatuor
2449 1688 2870 1743 elementorum.

1921 1860 2253 1928 QUESTIO
2278 1864 2583 1920 CCXXXVI
2614 1867 2798 1939 {CoisL
2842 1868 3007 1922 Taur.
3052 1867 3365 1943 LXXXIV].

2227 1955 2405 2022 Quare
2434 1956 2601 2011 Jacob
2631 1970 2834 2029 petram
2862 1972 3023 2029 angat
3047 1963 3073 2015 ἵ

711 2105 858 2156 Edita
890 2121 919 2156 a
950 2107 1078 2159 Maio
1112 2111 1168 2169 (ι.
1205 2125 1253 2162 c.
1284 2128 1338 2177 p.
1378 2114 1511 2179 115).
1548 2142 1608 2151 -
1645 2117 1720 2167 De

1846 2116 1900 2167 ob
1934 2124 2157 2181 ungente
2188 2118 2420 2179 lapidem,
2447 2118 2572 2168 Gen.
2608 2132 2777 2179 xxvm,
2805 2116 2878 2167 18.

231 2240 346 2316 Τὴν
372 2245 685 2317 ἀτεράμονα
708 2250 804 2303 καὶ
831 2252 971 2307 κατὰ
996 2253 1180 2318 λίθους
1207 2258 1433 2328 καρδίαν
1460 2263 1754 2331 προτυπῶν

155 2336 269 2387 ’τῶν
299 2336 466 2390 ἐθνῶν
489 2342 569 2392 ὅτι
601 2343 956 2415 χρισθήσεται
984 2348 1083 2418 μὲν
1110 2350 1246 2421 αὕτη
1275 2353 1554 2423 Πνεῦματι
1588 2357 1749 2427 ἁγίῳ,

156 2428 587 2500 ἀφορισθήσεται
614 2434 671 2487 δὲ
704 2434 896 2509 ὥσπερ
929 2441 1136 2504 ἐκεῖνος
1185 2444 1264 2514 τῷ
1310 2446 1450 2516 Θεῷ.
1482 2447 1674 2501 Νοοίτο
1707 2449 1751 2501 δ’

158 2517 228 2569 ἂν
286 2522 379 2572 καὶ
410 2522 533 2574 καθ’
574 2524 762 2596 ἓτερον
802 2530 1003 2598 τρόπον
1051 2533 1243 2605 ὅτιπερ
1277 2535 1369 2588 τὸν
1411 2536 1558 2589 λίθον
1602 2539 1750 2592 ἀλεί-

157 2624 273 2680 (per
308 2614 443 2667 διότι
483 2616 674 2685 ἔμελλε
719 2619 787 2672 δι’
823 2621 1032 2689 ἄφατον
1075 2624 1221 2689 ἕλεος
1261 2628 1294 2697 ή
1339 2629 1750 2700 προσληφθεῖσα

156 2704 297 2773 σὰρξ
330 2709 395 2776 τῇ
426 2707 639 2779 θεότητι
684 2712 956 2783 χρίεσθαι.
995 2716 1157 2780 Λίθος
1197 2719 1254 2772 δὲ
1283 2721 1310 2772 6
1344 2720 1548 2792 Κύριος
1577 2724 1749 2794 ἀκρο-

153 2801 410 2863 γωνιαῖος
463 2802 678 2870 ἔντιμος
750 2806 1040 2861 συνάπτων
1089 2808 1159 2861 δι’
1215 2811 1414 2867 ἑαυτοῦ
1470 2816 1599 2879 τοὺς
1654 2816 1750 2870 δύο

152 2885 342 2951 λαούς.

674 3010 1010 3067 ΕΡΩΤΙΙΣΙΣ
1057 3017 1222 3074 ΣΛΖ’.

296 3162 399 3216 Διὰ
423 3166 481 3218 τί
512 3170 853 3235 προσκυνεῖ
882 3172 950 3225 τὸ
977 3172 1165 3243 ἄκρον
1192 3175 1301 3246 τῆς
1331 3176 1555 3245 ῥάϐδου
1579 3194 1600 3243 ;

1928 2267 2276 2321 lntractahile
2300 2278 2355 2323 et
2380 2270 2577 2324 durum
2613 2282 2671 2325 ut
2708 2284 2858 2341 petra
2887 2287 2984 2327 cor
3012 2273 3255 2343 gentium
3291 2274 3433 2346 ﬁgu-

1852 2358 2028 2419 rabat,
2070 2357 2218 2425 quod
2247 2356 2452 2426 Spiritu
2484 2370 2675 2413 sancto
2707 2362 3017 2430 ungendum
3052 2372 3189 2427 erat,
3221 2372 3277 2418 et
3323 2364 3434 2420 Deo

1852 2455 1935 2500 est
1995 2448 2085 2501 illa
2126 2450 2590 2505 consecrandum.
2630 2452 2755 2506 Alio
2806 2451 2946 2508 forte
2992 2455 3155 2509 modo
3205 2455 3434 2527 intelligi

1851 2550 2030 2607 potest
2065 2541 2177 2595 hzuc
2218 2542 2413 2609 lapidis
2445 2546 2653 2607 unctio,
2688 2543 2894 2599 Scilicet
2931 2562 2946 2599 :
2977 2559 3073 2614 per
3104 2546 3431 2602 ineﬁ‘ahilem

1854 2631 2291 2686 miscricordiam
2339 2649 2467 2688 caro
2515 2646 2790 2704 assumpta
2848 2636 3136 2692 divinitate
3184 2641 3430 2710 ungenda

1848 2734 1987 2776 erat.
2018 2722 2173 2777 Petra
2198 2733 2379 2778 autem
2410 2725 2691 2795 augularis
2713 2727 2965 2783 Christus
2992 2729 3267 2799 gloriosus
3298 2733 3348 2785 in
3375 2748 3434 2786 St‘.

1847 2815 1985 2867 duos
2022 2816 2250 2885 pepulos
2285 2818 2651 2887 conjungens.

1915 2996 2244 3063 QUIESTIO
2272 2998 2608 3055 CCXXXVII
2664 3000 2855 3073 |Coisl.
2897 3002 3062 3057 Taur.
3096 3003 3356 3061 LXXXV.

2377 3088 2543 3154 Wolf.
2581 3088 2892 3165 Lxxxvu.

2117 3176 2294 3241 Quare
2326 3180 2687 3233 summitatem
2715 3180 2893 3235 baculi
2912 3182 3104 3239 adoras
3126 3186 3152 3239 ?

857 3334 1110 3387 Editarum
1135 3353 1164 3388 a
1190 3339 1367 3389 Wolfio
1392 3339 1639 3390 tricesima
1660 3343 1808 3391 tertia
1840 3341 1979 3404 (Cur.
2012 3337 2216 3397 Pltilol.,
2240 3345 2277 3389 t.
2308 3338 2366 3399 V,
2392 3354 2443 3413 p.
2478 3338 2741 3403 673-674).

224 3482 530 3556 Προσκυνεῖ
565 3491 749 3558 μέντοι
787 3490 887 3562 τὴν
924 3494 1119 3564 ῥάϐδον
1168 3495 1261 3548 τοῦ
1297 3497 1522 3565 παιδὸς,
1554 3502 1583 3553 6
1612 3499 1737 3563 νοῦς

1914 3497 2123 3551 Adorat
2179 3497 2399 3568 quidem
2455 3499 2709 3555 baculum
2771 3501 2896 3567 ﬁlii,
2959 3506 3201 3573 animus,
3254 3507 3425 3567 Deum

148 3581 182 3632 ὁ
202 3581 343 3650 ὁρῶν
364 3581 452 3633 τὸν
480 3583 634 3638 Θεόν.
668 3584 837 3637 Τοῦτο
867 3587 979 3655 (98)
1007 3587 1116 3658 γὰρ
1144 3591 1173 3641 6
1215 3591 1485 3657 Ἰσραήλ.
1524 3592 1647 3647 ’Ότι
1674 3596 1740 3647 ἐκ

149 3673 255 3742 τῆς
283 3672 478 3744 ῥάϐδου
511 3676 672 3741 ἄνθος
712 3682 1025 3749 προεμήνυε
1056 3684 1604 3755 προσκυνηθήσεσθαι
1625 3729 1639 3746 ,
1672 3689 1734 3741 οὐ

150 3765 315 3833 μόνον
344 3767 449 3819 ὑπὸ
481 3769 571 3820 τοῦ
602 3769 741 3835 νέου,
774 3770 910 3823 ἀλλὰ
952 3774 1045 3825 καὶ
1080 3774 1185 3826 ὑπὸ
1226 3775 1320 3829 τοῦ
1359 3779 1736 3849 γεγηρακότος

164 3858 400 3928 Ἰσραήλ.
460 3859 618 3914 Ἀλλὰ
664 3865 759 3915 καὶ
799 3864 896 3927 τὰς
942 3866 1195 3935 εὐλογίας
1239 3868 1353 3931 τοῖς
1405 3873 1591 3924 παισὶν
1621 3869 1731 3940 (99)

147 3950 251 4002 οὐκ
277 3950 474 4021 ἐπίσης
511 3952 745 4022 μερίζει.
796 3955 957 4008 Ἀλλὰ
983 3959 1109 4021 τοὺς
1138 3960 1240 4029 μὲν
1274 3962 1551 4031 εὐλογίαις
1596 3964 1733 4018 ὑπο-

146 4043 372 4109 δάλὶει,
430 4048 557 4104 τοὺς
602 4047 657 4099 δὲ
700 4049 851 4112 υἱοὺς
896 4051 1036 4120 ἀρᾶς
1087 4053 1384 4126 ἀπελέγχει
1437 4057 1538 4128 (l).
1587 4061 1731 4113 Διὸτι

144 4136 335 4206 ὥσπερ
361 4131 514 4202 οὗτος
538 4139 628 4191 τὸν
655 4142 881 4195 παλαιὸν
914 4144 1182 4199 ἀπέτεκεν
1221 4147 1370 4209 λαὸν.
1403 4149 1545 4203 οὕτω
1579 4153 1671 4205 καὶ
1702 4153 1731 4204 6

144 4228 350 4300 Κύριος
381 4234 501 4294 ταῖς
534 4236 934 4303 πνευματικαῖς
974 4235 1130 4290 ὠδῖσι
1161 4239 1253 4293 τὸν
1300 4242 1422 4294 νέον
1454 4244 1730 4315 άπογεννᾷ

143 4320 274 4375 λαὸν
325 4322 416 4376 καὶ
458 4325 555 4392 τῆς
599 4325 851 4393 εὐλογίας
886 4327 1266 4396 μεταδίδωσιν,
1311 4334 1372 4386 οὐ
1420 4337 1590 4388 πᾶσιν
1617 4336 1727 4407 (2),

142 4413 283 4467 ἀλλὰ
311 4417 423 4478 τοῖς
456 4421 931 4487 παρεσκευακόσιν
961 4419 1147 4485 ἀξίους
1181 4424 1432 4488 ἑαυτούς.
1472 4428 1545 4480 Οὐ
1577 4428 1728 4497 φιλο·

140 4510 302 4578 τιμία
336 4508 516 4563 τοίνυν
556 4511 800 4580 διανέμει
835 4514 934 4584 τὴν
981 4516 1232 4585 εὐλογίαν
1275 4521 1392 4583 τοῖς
1440 4520 1650 4583 τέκνοις
1700 4526 1729 4577 6

154 4599 372 4665 Ἰακὼὸ,
412 4603 550 4658 ἀλλὰ
597 4604 699 4668 τὰς
742 4605 969 4676 πράξεις
1002 4609 1209 4664 τούτων
1255 4611 1447 4685 κριτὴν
1492 4619 1728 4670 ποιεῖται

139 4694 241 4764 τῆς
278 4694 557 4767 διανομῆς.

1843 3589 2167 3657 respiciens.
2223 3589 2279 3643 Id
2328 3591 2476 3647 enim
2532 3593 2801 3662 signiﬁcat
2853 3593 3047 3652 Israel.
3102 3598 3232 3658 Flos
3277 3608 3425 3661 enim

1839 3693 1904 3735 ex
1952 3681 2104 3751 virga
2164 3680 2513 3761 elliprescens
2591 3685 2935 3755 signiﬁcabat
3017 3692 3133 3747 fore
3190 3706 3247 3749 ut
3314 3714 3425 3752 nou

1840 3770 2015 3825 solum
2053 3772 2120 3825 ab
2148 3770 2345 3827 lsraele
2385 3772 2606 3841 juvene,
2633 3777 2727 3831 sed
2771 3794 2902 3835 sene
2928 3797 3146 3853 quoque
3172 3788 3428 3844 adorare-

1839 3869 1947 3914 tur.
1971 3859 2114 3913 Idem
2138 3875 2302 3930 porro
2333 3860 2748 3920 benedictioues
2776 3882 2909 3923 suas
2950 3870 3076 3926 ﬁliis
3104 3889 3211 3927 non
3239 3891 3425 3947 atqua-

1835 3949 1957 4004 liter
1992 3952 2323 4020 impertitur,
2363 3955 2460 4009 sed
2510 3956 2648 4012 alios
2694 3959 2915 4029 quidem
2947 3963 3423 4027 benedictionibus

1833 4040 2112 4107 cumulat,
2153 4042 2273 4098 aliis
2327 4059 2458 4100 vero
2514 4047 2640 4104 ﬁliis
2692 4049 2843 4104 diras
2889 4053 3250 4124 imprecatur;
3299 4058 3424 4116 ideo

1834 4136 2065 4200 scilicet,
2118 4138 2287 4207 quod,
2326 4143 2794 4209 quemadmodum
2834 4146 2923 4199 hic
2957 4146 3233 4223 (Iacobus)
3270 4164 3421 4211 vete-

1832 4242 1946 4281 rem
1979 4228 2130 4283 illum
2180 4232 2441 4301 populum
2495 4237 2703 4304 genuit,
2730 4237 2803 4292 ita
2840 4238 3130 4307 Dominus,
3158 4247 3416 4316 spiritua‘

1834 4320 1960 4376 liter
2004 4325 2339 4391 parturiens,
2392 4340 2593 4381 novum
2632 4331 2892 4400 populum
2936 4335 3147 4406 gignit.
3181 4354 3420 4411 eumque

1831 4412 2232 4471 benedictionis
2281 4434 2395 4472 suae
2451 4421 2627 4502 reddit
2675 4425 3016 4495 participem,
3052 4446 3160 4484 non
3195 4433 3417 4502 quidem

1831 4516 2043 4566 omnes,
2065 4504 2158 4558 sed
2184 4520 2299 4571 eos,
2342 4506 2432 4573 qui
2460 4501 2673 4577 seipsﬁis
2700 4511 2789 4566 illa
2822 4514 3021 4585 dignos
3053 4501 3412 4579 reddiderint.

1830 4590 2277 4650 Benedictionem
2329 4596 2514 4668 itaque
2572 4600 2699 4657 ﬁliis
2752 4619 2860 4657 non
2906 4608 3131 4677 proprio
3173 4614 3413 4680 quodam

1832 4686 2017 4741 studio
2045 4687 2292 4757 dispertit
2315 4687 2572 4756 Jacobus,
2610 4694 2704 4748 sed
2743 4697 2987 4765 ipsorum
3032 4701 3276 4761 actiones
3299 4704 3413 4762 dis-

1833 4779 2142 4849 pertitionis
2174 4782 2337 4851 hujus
2374 4784 2610 4841 arhitras
2636 4788 2945 4844 constituit.

1657 4955 1887 5015 NOTAE.

213 5134 327 5220 (97)
366 5136 1236 5232 Apudéﬂontefagconium'(Bibl:
1251 5139 1487 5232 goistinl.
1520 5160 1571 5232 βε
1596 5145 1720 5228 ὅξῑὸ)
1757 5156 1800 5209 D
1830 5150 2071 5232 quidem.
2103 5148 2305 5232 Eadem
2340 5161 2533 5232 tamen
2560 5155 2903 5232 etymologia
2921 5172 2993 5232 se
3037 5168 3090 5213 et
3122 5159 3245 5232 aliis
3279 5176 3410 5232 pro.

135 5219 192 5262 et
239 5210 290 5261 in
318 5208 729 5285 _cod._Taurin
771 5210 833 5265 5i
890 5208 1078 5285 (catal.
1105 5213 1304 5285 p.119)
1349 5208 1721 5285 titulo-hujus

1829 5221 1998 5297 havit,
2026 5221 2096 5297 de
2119 5221 2320 5291 quibus
2340 5223 2454 5297 lege
2478 5221 2733 5278 l)a|l35um
2758 5221 2967 5296 p.188.
2989 5244 3074 5297 sq.
3100 5230 3165 5283 de
3196 5221 3403 5286 Pseud-

136 5279 458 5362 quaestionis
478 5280 603 5362 .baac
626 5354 638 5362 _
658 5297 873 5350 quoque
902 5279 1079 5362 verba
1107 5279 1458 5362 adjiciuntur
1476 5304 1489 5337 :
1526 5279 1645 5362 καῖ
1665 5288 1717 5340 τί
1823 5279 2151 5362 ερὶιινάρΙιίδ’
2196 5279 2524 5362 apostolicis.
2601 5279 2805 5351 (loner
2848 5279 2866 5281 _
2885 5279 3258 5354 Leu—sde'niu-m
3326 5304 3398 5356 ad

134 5350 269 5421 περὶ
285 5347 380 5421 τοῦ
407 5350 452 5411 ζ’
469 5350 497 5401 6
521 5347 960 5421 Θεολόγοςίρησί’
984 5355 1035 5406 in
1064 5347 1250 5408 codice
1271 5371 1400 5409 vero
1421 5352 1713 5411 Vaticano:

136 5368 206 5401 πε
253 5368 380 5401 ιτου
407 5368 449 5411 ς’
469 5368 497 5401 ο
521 5368 782 5419 υεολογος
807 5368 960 5421 φησί’
984 5371 1035 5406 Ill
1064 5368 1250 5408 cource
1271 5371 1400 5409 vero
1427 5368 1707 5411 Vaticano:

136 5368 245 5472 καξ
270 5419 322 5498 τί
371 5423 500 5486 περὶ
546 5422 647 5498 τῆς
688 5423 834 5498 ζῳῆς
880 5424 1135 5498 Ἰωάννης
1184 5427 1213 5478 ὁ
1256 5425 1520 5493 Θεολόγος
1554 5429 1707 5498 φησί.

138 5493 245 5565 Sed
280 5492 331 5565 in
370 5500 518 5545 textu
545 5493 669 5546 cod.
700 5491 833 5565 Vat.
860 5496 995 5547 nihil
1030 5495 1097 5549 de
1126 5496 1227 5549 hac
1257 5491 1528 5565 postrema
1562 5491 1712 5565 parte

137 5562 450 5633 invenitur;
480 5565 768 5631 responsio
804 5564 997 5619 iisdem
1039 5567 1224 5621 verbis
1257 5562 1626 5633 concluditur,
1664 5580 1722 5623 ut

136 5631 309 5684 editio
337 5632 458 5685 Maii
491 5648 600 5701 prie
639 5650 697 5688 se
726 5633 853 5689 fert.

210 5723 322 5796 (98)
354 5708 542 5783 Sanun
575 5727 730 5795 quasi
774 5708 845 5785 5N
873 5737 1014 5787 rum-1
1045 5736 1162 5790 ωνκ
1200 5731 1296 5793 vir.
1324 5730 1500 5784 videns
1532 5732 1719 5796 Deam,

146 5790 411 5870 Ita'_l_’hilo
448 5799 575 5870 olim
593 5790 842 5856 censuit.
877 5801 1179 5870 castigatus
1212 5790 1332 5854 ideo
1362 5819 1388 5855 a
1435 5799 1499 5855 li.
1528 5790 1718 5858 Asan-ia

138 5865 207 5919 de
244 5862 448 5922 Ruheis
486 5868 537 5921 in
576 5874 704 5925 rm:
742 5876 894 5928 911:»:
930 5862 1049 5939 cap:
1096 5871 1159 5925 V.
1198 5885 1250 5940 p.
1286 5873 1371 5926 '58.
1411 5875 1463 5927 b.
1497 5884 1545 5927 et
1578 5890 1721 5929 reete

1819 5359 2015 5434 [onata
2057 5359 2391 5434 illustratum
2443 5381 2494 5434 p.
2537 5366 2681 5431 212;
2718 5369 2970 5424 Drusium
3019 5371 3390 5425 Animaduers.

1818 5432 1887 5496 ll,
1912 5430 2005 5507 g7,
2042 5430 2523 5507 et__F_esseliuu1'in
2558 5437 2894 5493 Adversariis
2932 5438 3114 5495 Sacris
3164 5441 3260 5496 lil).
3302 5439 3391 5507 IV,

1822 5519 1871 5556 c.
1910 5502 1963 5567 5,
2000 5519 2047 5570 p.
2080 5503 2206 5558 519.

1889 5592 2000 5662 (99)
2038 5592 2221 5648 Malim
2270 5594 2449 5664 legere
2493 5598 2682 5663 πᾶσιν,
2726 5600 3012 5654 omnibus:
3050 5602 3124 5655 ita
3171 5618 3294 5656 mox
3342 5602 3396 5656 in

1822 5663 2053 5718 Coislin.
2104 5666 2305 5736 legitur
2331 5663 2551 5731 παισίν,
2601 5670 2693 5723 ubi
2749 5668 2993 5725 Colbert.
3045 5680 3190 5727 recte
3233 5673 3396 5728 habet

1826 5752 2007 5787 πασιν.

1891 5806 1966 5878 (t)
2006 5802 2230 5878 Vereor,
2263 5823 2330 5861 ne
2370 5807 2485 5862 bzec
2508 5825 2697 5878 parum
2737 5826 2869 5865 sana
2899 5811 3029 5866 sint.

1899 5876 1974 5948 (2)
2010 5877 2174 5929 πᾶσιν
2204 5881 2401 5947 scripst
2427 5876 2550 5935 cum
2581 5880 2734 5936 Coll).
2771 5899 2868 5951 pro
2899 5882 3109 5935 παισίν.
