3902 6212
463 333 589 400 1031

555 444 885 512 QUIESTIO
911 445 1262 502 CCXXX"!!!
1302 444 1488 517 [CoisL
1522 443 1687 500 Tanr.
1723 440 1937 512 XCVI].

440 557 478 588 νε
514 537 628 590 Tibi
667 535 766 589 sali
791 536 1000 604 peccavi
1025 545 1074 587 et
1104 535 1301 586 malum
1331 550 1507 586 corum
1545 522 1744 600 té'fcci,
1771 544 1822 583 ut
1849 532 2026 582 vincas

455 617 458 620 ‘
950 621 1067 658 cum
1081 604 1344 674 judicaris
1378 604 1475 672 t2).
1519 623 1537 653 ι

1614 333 1877 394 ΡΗΟΤΙΙ
1919 327 2426 391 PATRIARCILE
2457 326 2568 386 ΕΡ.

2067 451 2113 505 Δ

3559 309 3718 375 1032

2641 430 2976 487 ΕΙὨΤΠΣΙΣ
3023 429 3195 483 ΣΛΗ’.

2137 535 2234 588 Σοὶ
2263 550 2428 600 [eorm
2472 532 2738 599 ἥμαρτον
2767 525 2862 600 καὶ
2900 523 2982 600 τὸ⁸
3010 521 3281 600 atorij
3608 530 3733 567 σου

2243 591 2638 668 ὲῗποίὴσιῖέως
2667 596 2925 662 νικήσῃς
2959 595 3027 646 ἐν·
3063 591 3142 656 τῷ
3173 591 3488 658 κρίνεσθαί
3521 603 3618 640 σε.

1036 759 1180 810 Edita
1200 773 1227 808 a
1254 758 1380 807 Maio
1407 759 1556 818 (Nov.
1587 757 1708 808 Coll.
1747 764 1783 807 t.
1821 757 1902 819 IX,
1931 772 1981 821 p.
2009 757 2055 807 11

2173 787 2232 798 --
2259 760 2311 812 In
2345 757 2582 821 psalmum
2612 770 2640 802 ι.
2673 753 2863 817 (Graece
2906 754 2973 811 ιι)
3008 763 3052 796 v.
3084 747 3135 799 6.

527 870 699 924 David
728 868 943 939 quidem
971 867 1193 936 nuptias
1219 865 1426 918 alienas
1465 863 1724 925 destruit,
1763 865 2033 936 adulterio

441 969 638 1013 autem
667 954 1022 1010 homicidium
1044 952 1243 1022 adjecit
1276 960 1331 1006 et
1376 951 1582 1006 crimen
1617 953 1798 1006 celare
1828 959 2038 1020 satage-

453 1051 567 1104 bat.
597 1049 734 1103 Cum
767 1056 948 1102 autem
981 1044 1125 1100 Deus
1147 1044 1302 1099 illum
1332 1044 1400 1100 de
1425 1044 1745 1100 discrimine
1773 1044 2037 1114 objurgat

453 1156 552 1210 per
592 1139 936 1209 Prophetam,
990 1138 1044 1191 in
1099 1151 1160 1192 se
1202 1151 1494 1197 reversus.
1529 1135 1666 1192 dicit
1721 1155 1734 1191 :
1769 1135 1891 1190 Tibi
1938 1136 2040 1191 soli

454 1228 694 1298 peccavi.
733 1225 953 1281 [Etiamsi
981 1225 1126 1279 enim
1187 1223 1349 1280 Urias
1396 1225 1655 1296 injuriam
1706 1239 1904 1296 passus
1945 1225 2036 1291 sit,

451 1329 557 1383 ego
574 1323 854 1380 peccatum
893 1314 1181 1369 adversum
1215 1321 1268 1366 te
1297 1311 1654 1367 commissum
1683 1327 1753 1367 ex
1790 1312 1900 1367 tuis
1933 1311 2039 1366 ob-

453 1405 856 1474 jurgationibus
882 1404 1085 1468 sciens,
1109 1403 1176 1459 ad
1203 1404 1490 1473 petendam
1534 1404 1752 1458 veniam
1786 1418 2039 1458 accurro.

460 1495 673 1550 Etenim
711 1510 821 1550 non
867 1494 1162 1566 permisisti
1200 1509 1306 1557 me,
1340 1497 1396 1548 in
1442 1509 1623 1548 meum
1663 1509 1882 1548 servum
1915 1509 2042 1563 pec-

459 1600 670 1642 cantem
693 1628 709 1654 ,
738 1587 836 1642 tibi
869 1587 1035 1643 simul
1083 1587 1318 1643 Domino
1373 1587 1728 1644 insultantem
1764 1588 2038 1659 ignorare.

460 1680 672 1747 Quare?
705 1679 775 1735 Ut
815 1679 1136 1751 justiliceris
1169 1681 1223 1735 in
1272 1680 1625 1736 sermonibus
1685 1679 1830 1744 tuis,
1862 1679 1915 1734 id
1957 1693 2042 1735 est

462 1785 520 1827 ut
559 1784 648 1829 tua
697 1775 910 1845 justitia
965 1775 1246 1830 hominum
1282 1774 1724 1829 machinationes
1763 1775 1948 1828 vincat
1988 1783 2042 1828 et

459 1852 726 1936 judicium
776 1876 931 1920 tuum
991 1866 1174 1922 nullus
1228 1865 1467 1937 eﬂ‘ugere
1523 1865 1749 1936 cogitet.
1796 1865 1913 1921 Hoc
1959 1875 2043 1919 est

463 1961 634 2025 enim,
679 1960 891 2024 vinces,
941 1974 1067 2014 cum
1119 1959 1404 2029 judicaris,
1473 1958 1648 2015 vincis
1691 1959 1744 2012 in
1785 1973 1850 2013 eo
1896 1960 2041 2028 quod

467 2051 650 2105 nullus
673 2059 798 2104 ante
826 2059 880 2104 te
903 2049 1089 2119 justus
1121 2049 1295 2103 videri
1335 2057 1535 2118 potest,
1568 2058 1623 2103 et
1655 2048 1782 2118 quia
1819 2063 1927 2118 pra:
1950 2057 2041 2102 tua

2211 844 2489 915 Διορύττει
2532 842 2629 912 μὲν
2678 840 2706 892 ὁ
2749 835 2914 890 Δαὸὶδ
2951 834 3080 896 τοὺς
3125 827 3442 899 ἀλλοτρίους
3486 827 3730 895 γάμους·

2139 937 2416 1005 ἐπιτίθησι
2439 933 2497 986 δὲ
2524 934 2591 1002 τῇ
2623 929 2839 1002 μοιχείᾳ
2866 927 3045 989 φόνον·
3073 924 3168 978 καὶ
3191 924 3378 992 λήσειν
3406 919 3735 990 ἐτεχνὰζετν.

2136 1029 2235 1100 τὴν
2267 1027 2487 1099 πρᾶξιν.
2528 1023 2683 1076 Ἐπεὶ
2727 1022 2785 1074 δέ
2814 1019 2874 1072 τὸ
2898 1017 3054 1070 Θεῖον
3083 1017 3165 1078 είς
3213 1013 3439 1083 ἔλεγχον
3471 1013 3596 1078 ἄγει
3634 1008 3734 1061 τοῦ

2137 1120 2489 1190 τολμήματος
2515 1116 2605 1168 διὰ
2629 1111 2724 1165 τοῦ
2759 1109 3047 1180 Προφήτου
3069 1143 3085 1169 ,
3114 1104 3326 1172 γίνεται
3355 1105 3384 1154 ὁ
3429 1100 3570 1169 ἀνὴρ
3601 1099 3735 1150 ἐαυ-

2138 1214 2233 1267 τοῦ
2266 1212 2359 1265 καί
2391 1224 2544 1281 φησι·
2578 1208 2668 1260 Σοὶ
2700 1205 2845 1276 μόνῳ
2879 1203 3148 1272 ἥμαρτον·
3183 1199 3233 1250 εί
3259 1197 3369 1266 γὰρ
3398 1195 3494 1246 καὶ
3521 1191 3735 1261 οὐρίας

2139 1304 2417 1375 ἠδίκηται,
2449 1300 2562 1354 ἀλλ’
2595 1295 2706 1366 ἐγὼ
2732 1294 2794 1347 τὸ
2821 1293 3132 1363 ἁμάρτημα
3165 1288 3247 1350 είς
3273 1285 3333 1339 σέ
3359 1283 3737 1354 τετολμῆσθαι

2139 1395 2229 1449 διὰ
2254 1395 2362 1448 τῶν
2388 1394 2630 1463 ἐλέγχων
2655 1386 2864 1460 μαθὼν,
2898 1385 2992 1436 ἐπὶ
3022 1384 3122 1452 τὴν
3156 1377 3491 1448 συγγνώμην
3523 1375 3734 1445 τρέχω·

2141 1490 2236 1544 καὶ
2258 1488 2367 1559 γὰρ
2392 1487 2502 1539 οὐδ’
2535 1484 2753 1553 ἀφῆκας
2788 1480 2971 1533 λαθεῖν
2996 1479 3076 1540 είς
3097 1473 3283 1528 δοῦλον
3314 1472 3448 1542 ἐμὸν
3473 1472 3738 1539 ἡμαρτηο

2143 1580 2278 1633 κὸτα
2301 1618 2317 1644 ,
2353 1577 2466 1632 ἀλλ’
2498 1575 2573 1638 ὡς
2605 1576 2685 1638 είς
2731 1573 2792 1626 σὲ
2826 1567 3266 1640 πεπαρῳνηκότα
3294 1565 3386 1618 τὸν
3426 1563 3734 1630 Δεσπότην·

2143 1671 2316 1737 διατί;
2342 1671 2490 1732 ὅπως
2526 1668 2592 1720 ἂν
2631 1663 2928 1733 δικαιωθῇς
2953 1663 3011 1715 ἐν
3043 1662 3158 1722 τοῖς
3195 1657 3374 1726 λόγοις
3406 1670 3526 1708 σου·
3571 1669 3738 1705 τουτ-

2145 1766 2290 1817 έστιν
2321 1763 2410 1814 ἵνα.
2440 1762 2473 1830 ἡ
2505 1759 2572 1829 σὴ
2599 1755 2909 1826 δικαιοσύνη
2945 1753 3046 1822 τῆς
3091 1746 3444 1820 ἀνθρωπίνης
3469 1745 3735 1816 κρατήσῃ

2147 1852 2427 1925 μηχανῆς⁹
2465 1851 2560 1904 καὶ
2605 1850 2706 1920 τὴν
2740 1849 2843 1920 σὴν
2887 1847 3071 1917 κρίσιν
3108 1843 3296 1914 μηδεὶς
3340 1840 3738 1909 ἐξαμαρτάνων

2145 1937 2459 2016 σοφίζεσθαι
2485 1945 2684 2015 οἴηται·
2715 1942 2874 1994 τοῦτο
2901 1940 3008 2009 γάρ
3028 1940 3145 1990 ἐστι
3167 1933 3552 2003 τὺ,‹Νικήσεις
3575 1931 3635 1982 ἐν
3662 1928 3739 1998 τῷ

2145 2038 2424 2110 κρίνεσθαί
2470 2052 2551 2088 σε·
2591 2035 2747 2105 νικᾷς
2779 2035 2838 2086 ἐν
2885 2032 2964 2102 τῷ
3009 2029 3215 2100 μηδένα
3263 2025 3407 2095 ἔχειν
3453 2023 3608 2093 παρὰ
3655 2023 3739 2074 σοὶ

467 2143 707 2197 maxima
761 2142 1021 2207 bonitate,
1055 2142 1302 2196 omnium
1343 2140 1597 2196 esuriens
1640 2140 1892 2206 salutem,
1950 2154 2044 2209 per

2161 2131 2351 2183 Ξίκαιον
2380 2127 2639 2197 ὀφθῆναι·
2677 2127 2771 2177 καὶ⁵
2811 2125 2895 2177 ὃτι
2927 2125 2994 2191 τῇ
3032 2122 3098 2191 σῇ
3134 2118 3432 2187 ἀγαθότητι
3465 2122 3567 2186 τὴν
3595 2115 3738 2167 πᾶν·

471 2243 620 2288 tuam
651 2233 1086 2288 misericordiam
1118 2242 1308 2288 nostra
1353 2233 1531 2287 vincis
1562 2243 1779 2302 peccata
1819 2247 2050 2286 conver-

471 2328 678 2382 sionem
715 2337 768 2382 et
800 2327 1176 2396 paenitentiam
1210 2327 1578 2381 maximorum
1627 2326 1895 2380 donorum
1931 2325 2052 2379 loco

471 2421 762 2490 recipiens.
807 2418 1024 2474 Judicat
1055 2419 1200 2473 enim
1240 2416 1382 2472 Deus
1417 2433 1640 2472 causam
1674 2431 1831 2472 suam
1862 2424 2052 2470 contra

471 2527 761 2576 nos,suam
801 2509 1230 2566 misericordiam
1267 2525 1390 2564 cum
1416 2509 1651 2580 peccatis
1673 2507 1874 2563 nostris
1904 2524 2054 2560 ιευιιι-

473 2601 772 2670 peusando,
803 2613 856 2655 et
900 2603 1080 2655 vincet
1113 2599 1406 2654 clementia
1457 2609 1808 2669 peccatorum
1866 2610 2058 2664 poenas

473 2694 907 2748 oondatnnando.

576 2807 903 2877 QUA‘tSTIO
930 2805 1239 2863 CCXXXIX
1271 2804 1458 2878 lCoisl.
1492 2801 1657 2858 Taur.
1694 2798 1954 2866 LXXXII,

959 2899 1126 2970 Wolf.
1159 2896 1423 2969 Lxxxn]
1461 2897 1565 2967 (δ).

480 2998 619 3065 Quid
649 3007 725 3052 est
758 2997 892 3050 illud
924 3011 942 3048 :
972 3011 990 3044 ι
1029 2992 1183 3058 Quod
1217 3008 1317 3065 non
1347 2988 1632 3065 habitqt_in
1661 3003 1760 3052 me,
1786 2987 1881 3041 hoc
1899 2994 1975 3039 est
2008 2986 2061 3037 in

865 3077 874 3088 ‘
962 3080 1118 3117 carne
1136 3079 1271 3127 mea,
1301 3063 1490 3115 bonum
1512 3059 1565 3111 ’ἲ
1593 3076 1612 3108 ι

2146 2241 2254 2278 των
2288 2223 2456 2293 διψῶν
2499 2219 2772 2290 σωτηρίαν
2820 2216 2898 2288 τῷ
2945 2215 3098 2285 παρὰ
3138 2211 3233 2266 σοῦ
3278 2211 3414 2282 ἐλέῳ
3443 2211 3544 2272 τὰς
3578 2209 3739 2278 ἡμῶν

2146 2318 2302 2389 νικᾷς
2330 2315 2605 2386 ἁμαρτίας
2623 2355 2638 2379 ,
2665 2309 3002 2382 ἐπιστροφὴν
3036 2308 3129 2360 καὶ
3159 2305 3452 2377 μετάνοιαν
3480 2304 3605 2357 ἀντὶ
3638 2319 3737 2371 με-

2148 2410 2352 2480 γίστων
2391 2409 2680 2478 δεχόμενος
2710 2404 2922 2475 δώρων·
2959 2403 3054 2454 καὶ
3091 2403 3202 2472 γὰρ
3245 2398 3492 2470 κρίνεται
3531 2397 3560 2449 ὁ
3606 2395 3742 2457 Θεὸς

2154 2503 2291 2574 πρὸς
2318 2501 2467 2572 ἡμᾶς
2494 2500 2584 2552 τὸν
2613 2500 2812 2551 οἰκεῖον
2844 2495 2992 2548 ἔλεον
3035 2495 3152 2556 ταῖς
3187 2491 3486 2563 ἡμετέραις
3516 2491 3740 2542 ἀντιτα-

2154 2597 2429 2651 λαντεύων
2453 2593 2776 2666 ἁμαρτίαις·
2806 2590 2903 2643 καὶ
2935 2591 3064 2660 νικᾷ
3094 2590 3161 2658 τῇ
3188 2585 3568 2655 εὐσπλαγχνίᾳ
3599 2582 3743 2636 λύων

2162 2688 2259 2758 τὴν
2293 2684 2436 2740 κατὰ
2462 2684 2570 2738 τῶν
2592 2680 2930 2753 ἁμαρτωλῶν
2951 2678 3243 2750 τιμωρίαν.

2676 2796 3011 2853 ΕΡΩΤΗΣΙΣ
3051 2793 3215 2850 EAG’.

2169 2983 2228 3034 Τί
2261 2981 2446 3032 ἐστιν·
2487 3001 2504 3032 ι
2543 2977 2704 3043 Οἶδαθ
2732 2981 2819 3033 ὅτι
2841 2982 2951 3033 οὐκ
2989 2978 3143 3032 aliter".
3164 2978 3232 3030 ἐν
3253 2977 3403 3044 ἐμοὶ,
3427 2975 3748 3029 τουτέστιν

2471 3057 2542 3112 ἐν
2573 3051 2646 3126 τῇ
2676 3053 2855 3126 σαρκί
2875 3069 2995 3124 μου
3018 3053 3084 3108 τὸ
3110 3051 3364 3121 άγιιθονδ
3406 3068 3424 3097 ι

905 3178 1155 3230 Editarum
1181 3189 1208 3225 a
1244 3175 1420 3225 Wolﬁo
1443 3173 1693 3222 tricesima
1714 3181 1887 3236 quarta
1925 3175 2065 3236 (Cur.
2094 3171 2275 3222 Philol.
2300 3179 2342 3221 t.
2367 3172 2423 3230 ν,
2449 3186 2498 3233 p.
2522 3168 2749 3218 67l—675.
2776 3166 3001 3225 Galland,
3027 3165 3155 3222 XIII,
3175 3164 3312 3224 705).

552 3286 612 3341 Id
662 3284 878 3356 quidem
933 3298 1040 3336 non
1083 3282 1151 3336 de
1185 3281 1366 3352 seipso
1430 3280 1563 3336 dicit
1605 3279 1827 3344 Paulus,
1870 3279 1964 3334 sed
2009 3280 2059 3330 in
2091 3282 2134 3342 ιι

483 3387 745 3448 quantum
801 3390 1087 3446 personam
1128 3383 1336 3429 naturae
1382 3374 1633 3429 humanm
1673 3368 2060 3429 sustinetJant

484 3487 616 3525 vero
665 3479 778 3524 tum
839 3469 1042 3522 bonum
1087 3467 1142 3521 in
1204 3481 1371 3520 carne
1423 3477 1613 3522 nostra
1661 3481 1772 3520 non
1821 3465 2059 3526 habitat,

484 3567 726 3636 quando.
753 3564 1146 3620 consuetudine
1190 3571 1244 3618 et
1275 3571 1542 3634 tempore,
1572 3573 1796 3634 peccato
1827 3562 2060 3616 'obnoxii

487 3661 612 3715 lacti
667 3659 868 3712 malum
926 3657 1172 3728 pertinax
1233 3669 1288 3713 et
1353 3657 1639 3712 dilIiculter
1693 3653 2062 3709 amoliendum

486 3748 946 3803 circutnlerimus.
1001 3747 1101 3814 Qui
1151 3748 1295 3801 enim
1357 3747 1628 3800 diuturna:
1661 3743 1879 3797 illorum
1932 3756 2065 3796 con-

487 3842 763 3896 suctudini
787 3840 992 3905 serviit,
1012 3839 1241 3894 etiamsi
1265 3838 1331 3892 ad
1352 3838 1568 3891 virtutis
1600 3836 1840 3890 Studium
1868 3833 2063 3888 reverti

489 3930 803 3992 contendat,
835 3931 1142 3983 institutum
1176 3943 1338 3984 suum
1376 3927 1662 3981 diﬂiculter
1690 3924 1982 3980 admodum
2010 3931 2065 3978 et

490 4036 598 4074 non
630 4020 747 4074 sine
786 4033 984 4088 magno
1025 4019 1210 4074 labore
1236 4019 1422 4088 perlici
1459 4017 1727 4088 intelligit.
1770 4013 2064 4085 Propterea

491 4111 566 4163 ait
599 4128 613 4164 :
653 4128 670 4161 ο
704 4107 820 4163 Νοιι
842 4109 956 4176 jam
991 4123 1092 4179 ego
1129 4108 1183 4162 id
1210 4108 1452 4180 perlicio.
1487 4127 1505 4160 ι
1534 4106 1648 4161 Hoc
1669 4115 1774 4171 est,
1805 4105 1928 4158 novi
1958 4121 2062 4157 non

463 4218 672 4256 inicum
733 4217 856 4257 esse
907 4203 1006 4257 hoc
1056 4217 1215 4272 opus.
1271 4200 1557 4268 Quomodo
1607 4203 1752 4254 enim
1805 4197 2066 4269 perlicere

494 4297 622 4350 illud
680 4297 920 4366 possim,
962 4296 1057 4365 qui
1102 4311 1132 4348 a
1189 4295 1332 4348 malo
1390 4279 1769 4362 constringar?
1830 4289 2067 4345 Debetur

492 4387 678 4456 itaque
725 4386 828 4440 hoc
865 4400 1086 4454 peccato
1122 4385 1285 4438 lixam
1311 4384 1674 4453 stabilemque
1705 4381 1891 4437 sedem
1920 4381 2064 4447 apud

491 4493 579 4531 me
614 4477 852 4532 habenti.
880 4474 1173 4546 Propterea
1226 4486 1281 4532 et
1327 4478 1595 4531 lamentor
1621 4474 1930 4528 libertatem
1969 4488 2067 4526 an-

493 4569 724 4633 helans,
780 4579 835 4623 et
911 4568 1155 4623 clamans
1219 4584 1234 4624 ;
1305 4585 1326 4619 ι
1392 4565 1479 4622 Me
1548 4565 1811 4622 miserum
1886 4565 2062 4619 homi-

494 4677 639 4726 nem,
680 4680 698 4712 ι
730 4673 834 4716 etc.

493 4771 819 4838 ρυτΕδΤιΟ
845 4771 1046 4840 CCXL.
1071 4769 1261 4843 [CoisL
1285 4769 1552 4826 CCCVI".
1585 4769 1747 4825 Taur.
1768 4767 2067 4825 CCXCVII.

1026 4865 1167 4918 Maio
1198 4882 1254 4934 q.
1287 4864 1511 4936 CCXL]

1011 4959 1082 5010 De
1116 4962 1239 5011 vita:
1265 4961 1506 5010 termino.

2237 3274 2406 3327 Τοῦτο
2446 3275 2546 3327 οὐκ
2579 3273 2658 3334 είς
2695 3270 2886 3324 ἐαυτὸν
2931 3271 2958 3321 ὁ
2991 3267 3197 3327 Παῦλος
3231 3265 3473 3336 εἴρηκεν,
3517 3262 3655 3315 ἀλλὰ
3684 3260 3742 3313 τὸ

2165 3367 2456 3435 πρόσωπον
2504 3364 2603 3433 τῆς
2656 3358 3008 3431 ἀνθρωπίνης
3071 3356 3447 3425 οίκειούμενος
3505 3352 3743 3422 φύσεως.

2165 3459 2297 3510 Τότε
2321 3456 2378 3508 δὲ
2401 3455 2499 3506 οὐκ
2523 3455 2660 3506 οίκεί
2686 3453 2746 3505 τὺ
2773 3449 2977 3519 ἀγαθὸν
3001 3451 3057 3501 ἐν
3084 3450 3152 3519 τῇ
3184 3449 3347 3520 σαρκὶ
3373 3445 3554 3516 ἡμῶν.
3589 3445 3748 3515 ἡνίκα

2165 3549 2275 3601 ἔθει
2299 3549 2391 3600 καὶ
2415 3548 2590 3619 χρόνῳ
2617 3541 3119 3604 καταδουλωθέντες
3144 3543 3212 3611 τῇ
3235 3540 3483 3610 ἁμαρτίᾳ
3508 3537 3747 3609 ἔμμονον

2164 3658 2224 3693 τε
2258 3642 2352 3693 καὶ
2380 3638 2796 3704 δυσεξάλειπτον
2827 3639 2885 3688 ἐν
2932 3635 3144 3696 ἐαυτοίς
3178 3631 3418 3703 φέρομεν
3453 3631 3513 3682 τὸ
3555 3632 3747 3683 κακόν.

2147 3732 2234 3784 "0
2264 3732 2370 3800 γὰρ
2413 3729 2696 3793 δουλωθεὶς
2736 3731 2800 3798 τῇ
2833 3726 3026 3798 χρονίᾳ
3066 3723 3268 3777 τούτων
3304 3721 3557 3792 διατριϐῇ
3585 3763 3604 3786 ,
3646 3724 3749 3774 κᾶν

2167 3822 2401 3894 βουληθῇ
2432 3822 2591 3875 πάλιν
2620 3821 2753 3891 πρὸς
2785 3822 2885 3890 τὴν
2915 3817 3118 3889 ἀρετὴν
3144 3814 3585 3882 ἐπαναδριμεῖν,
3618 3813 3749 3865 δύσ-

2166 3915 2328 3986 εργόν
2371 3931 2431 3967 τε
2479 3915 2572 3968 καὶ
2612 3914 2946 3984 δυσήνυστον
2983 3909 3232 3978 εὑρίσκει
3267 3907 3367 3976 τὴν
3399 3905 3624 3976 βουλήν.
3661 3907 3752 3957 Διό

2168 4021 2332 4074 φησι·
2358 4022 2376 4055 ι
2405 4004 2518 4056 Οὐκ
2541 4003 2619 4054 ἔτι
2649 4002 2760 4071 ἐγὼ
2781 3999 3204 4070 κατεργάζομαι
3233 3997 3382 4056 αὐτὸ,
3407 4015 3425 4046 ι
3447 3997 3752 4061 τουτέστιν,

2168 4096 2284 4148 Οὐκ
2309 4093 2441 4165 ἐμοῦ
2478 4089 2595 4146 οἶδα
2637 4094 2697 4146 τὸ
2727 4092 2905 4162 ἔργον.
2934 4090 3056 4153 Πῶς
3096 4090 3205 4160 γὰρ
3248 4090 3341 4157 ὅγε
3382 4085 3750 4155 στενοχωρού-

2172 4203 2330 4258 μενος
2360 4185 2453 4238 ὑπ’
2484 4183 2683 4248 aet-06;
2722 4183 2859 4238 ἀλλὰ
2893 4184 2990 4254 τῆς
3025 4181 3285 4252 οἰκούσης
3318 4183 3378 4234 ἐν
3423 4180 3549 4249 ἐμοὶ
3575 4180 3756 4247 ἁμαρ-

2167 4283 2288 4344 τίας
2309 4323 2323 4346 ,
2355 4278 2573 4349 ἑδραίαν
2610 4279 2708 4331 καὶ
2749 4277 3153 4346 ἀμετακίνητον
3186 4275 3282 4344 τὴν
3309 4273 3526 4342 οἴκησιν
3553 4288 3756 4339 κεκτη-

2173 4374 2342 4444 μένης
2368 4372 2464 4442 (4).
2498 4370 2589 4422 Διὸ
2625 4371 2718 4422 καὶ
2762 4367 3133 4438 ἁποδύρομαι,
3179 4367 3276 4437 τὴν
3305 4364 3626 4435 ἐλευθερίαν
3659 4363 3757 4432 ξη-

2169 4465 2276 4518 τῶν
2311 4465 2406 4517 καὶ⁸
2435 4462 2781 4532 ἁνακράζων·
2818 4480 2835 4512 ι
2863 4458 3222 4529 Ταλαίπωρος
3245 4456 3357 4526 ἐγὼ
3384 4457 3697 4528 ἀνθρωπκ,
3734 4473 3754 4505 ι

2171 4556 2268 4610 καὶ
2296 4553 2442 4625 ἑξῆς.

2699 4776 3036 4831 ΕΡΩΤΗΣΙΣ
3071 4777 3202 4832 ΣΜ’.

2700 4956 2837 5023 Περὶ
2874 4956 3017 5024 ὅρου
3043 4953 3210 5022 ζωῆς.

1571 5112 1710 5162 Nunc
1734 5112 1941 5174 primum
1963 5112 2095 5162 edita
2116 5126 2140 5161 a
2163 5113 2222 5161 D.
2248 5109 2678 5173 Ilergenroether.

571 5196 621 5248 I.
651 5196 736 5251 Ad
763 5209 1068 5254 veteranos
1090 5199 1390 5253 certamina
1411 5214 1596 5261 vocas,
1632 5200 1687 5254 in
1707 5200 1910 5269 quibus
1939 5214 2064 5253 cum

2245 5204 2316 5252 α’.
2371 5197 2493 5250 Ἐπὶ
2518 5197 2780 5260 παλαιοὺς
2808 5198 2954 5266 ἡμᾶς
2984 5196 3200 5263 ἀγῶνας
3224 5195 3410 5259 καλεῖς
3441 5195 3520 5265 (5)
3548 5199 3645 5249 καὶ
3672 5195 3761 5266 ἐφ’

2009 5312 2241 5368 NO'I‘JE.

565 5404 644 5477 lg)
671 5404 930 5477 Eumdem
962 5413 1172 5460 textum
1207 5407 1463 5477 explanat
1489 5405 1720 5477 letius
1747 5423 1803 5475 ιι.
1834 5405 1967 5462 LVI.

677 5473 1222 5553 l-lainc_qua:stionem
1245 5473 1349 5553 iam
1374 5493 1404 5529 ιι
1432 5473 1866 5553 Wollioedilanr
1886 5478 2067 5553 denuo

488 5544 1008 5618 publicavitijaius
1049 5545 1188 5601 Nov.
1215 5544 1426 5602 collect.
1466 5557 1602 5602 tom.
1630 5546 1724 5616 IX,
1758 5564 1812 5618 p.
1847 5548 1973 5612 114,
2007 5560 2067 5602 ιιι

492 5629 550 5682 q.
576 5613 902 5668 euxxxw.

567 5684 643 5749 (4)
663 5684 750 5757 Ita
767 5689 954 5757 scribo
982 5701 1083 5755 pro
1119 5703 1289 5756 κεκτη
1301 5687 1458 5757 μένη,
1487 5688 1630 5756 quod
1663 5696 1751 5757 est
1794 5689 1849 5742 in
1886 5687 2062 5743 Coisl.

492 5755 713 5825 quando
755 5754 999 5812 Coibert.’
1035 5757 1204 5812 habet
1246 5754 1606 5826 κτησάμενος.
1657 5756 1811 5813 Patet
1855 5762 2062 5829 utique,

2168 5407 2299 5478 illun
2329 5409 2679 5478 κεκτημένης
2709 5405 2776 5459 ad
2803 5421 2991 5460 vocem
3015 5406 3290 5477 ἁμαρτίας
3317 5405 3508 5462 referri
3537 5407 3758 5463 debere.

2165 5477 2439 5531 Caeterum
2469 5476 2603 5545 quid
2635 5476 2705 5530 de
2745 5478 2860 5547 ipsa
2892 5478 2994 5530 hac
3028 5476 3398 5546 expositione,
3442 5495 3611 5547 quam
3667 5481 3757 5530 alii

2166 5557 2354 5602 nostra
2395 5548 2658 5600 memoria
2693 5546 3050 5615 adoptarunt,
3092 5548 3409 5602 habendum
3447 5546 3544 5612 Sit,
3594 5553 3760 5601 intet~

2166 5618 2302 5688 liges
2324 5633 2392 5688 es
2422 5617 2577 5671 Curis
2618 5617 2823 5671 nostris
2855 5620 2920 5670 ad
2957 5617 2994 5671 l.
3028 5631 3080 5670 c.

2239 5686 2314 5757 (ὅ)
2354 5685 2641 5758 Vetustum
2691 5697 2972 5758 certamen
3020 5695 3180 5741 vocat
3221 5684 3477 5755 Photius,
3521 5689 3652 5758 quia
3694 5688 3760 5742 de

2165 5755 2358 5813 eadem
2385 5773 2443 5812 re
2467 5757 2580 5828 jam
2614 5773 2670 5826 q.
2696 5755 2910 5811 CXLIX
2943 5757 3272 5828 disputarat.
