3902 6212
211 261 342 330 1033
937 276 1037 337 ΑΙ)
1062 280 1654 344 AMPHILOCHIUM
1694 285 1775 356 Οἱ

1881 286 2040 348 STIO
2079 289 2327 350 CCXXX
2337 293 2726 358 VIII-CCXL.
3325 301 3477 368 103L

202 376 278 431 ὢν
310 377 494 432 πολλοὶ
522 384 868 454 κονισάμενοι
898 388 992 441 καὶ
1017 390 1141 454 τοὺς
1172 390 1368 455 ἄθλους
1403 395 1504 448 ούκ
1541 396 1775 463 ἀγεννῶς

1885 400 2038 454 multi
2092 416 2214 456 sese
2251 407 2602 460 exercuerim
2630 415 2684 462 et
2712 425 2817 463 non
2864 411 3179 480 ignobiliter
3213 417 3460 476 decerta-

204 470 514 538 ἐνεγκόντες
555 473 654 544 τὴν
680 476 837 544 νίκην
862 481 994 548 ἡμῖν
1026 481 1125 552 (οὐ
1165 482 1274 553 γὰρ
1306 484 1416 556 ἐρῶ
1444 503 1497 538 τι
1523 488 1775 556 φαυλότε-

1887 490 2016 551 rint.
2045 493 2251 547 nullam
2295 495 2454 550 nobis
2509 498 2818 566 conspicuae
2849 501 3091 557 victoriae
3139 504 3277 575 (non
3313 510 3481 563 enim.

208 561 331 630 ρον)
376 562 618 633 καθορᾶν
654 567 716 620 ού
753 569 1032 641 παρέσχον
1077 574 1356 646 ἀνίκητον·
1391 577 1531 648 πλὴν
1568 580 1632 632 ἐκ
1675 579 1775 633 τῶν

1886 581 2153 652 abjectius
2171 585 2300 654 quid
2322 561 2692 658 dicam)spem
2719 591 3098 660 reliquerunt;
3121 561 3244 650 cum
3278 607 3458 654 tamen

205 654 596 724 προλαϐόντων
627 660 776 728 ἡμᾶς
807 662 969 715 ὁσίων
1009 666 1104 718 καὶ
1140 668 1429 738 μακαρίων
1449 671 1660 741 ἀνδρῶν
1685 672 1782 726 λα-

204 743 304 808 ϐὰς
352 746 454 799 οὐκ
495 746 682 816 ὀλίγας
723 751 1133 824 συλλεξάμενοι,
1162 760 1258 813 καὶ
1303 760 1370 822 ἃς
1413 762 1466 831 η’
1493 763 1592 830 τῆς
1631 763 1782 827 θείας

205 839 379 908 ῥοπῆς
451 838 711 910 εὐμένεια
777 835 1086 918 παρασχεῖν
1140 852 1272 921 ἡμῖν
1313 855 1416 907 οὐκ
1474 855 1778 926 ἀπηξίωσε,

201 928 403 993 ταύτας
446 932 683 999 ἐκείναις
725 938 1083 1008 συνάψαντες,
1126 943 1398 1014 εὐχόμεθα
1439 946 1538 1014 μὲν
1561 948 1660 1018 τὴν
1681 948 1780 1017 σὴν

205 1020 442 1091 σπουδὴν
486 1025 581 1078 καὶ
631 1025 821 1081 ἐλπίδα
851 1030 926 1100 μὴ
961 1035 1347 1102 κεκενωμένην
1398 1037 1638 1107 χαρίτων
1689 1038 1780 1091 καὶ

201 1113 453 1179 γνώσεως
475 1116 538 1168 ού
570 1116 833 1190 δεομένης
862 1121 1159 1193 ἀλλαχόθεν
1185 1124 1464 1195 γνώμονος
1498 1128 1776 1193 ἀπελθεῖν,

203 1204 251 1256 εί
279 1203 336 1258 δὲ
363 1206 438 1277 μὴ
463 1245 481 1272 ,
510 1207 856 1283 βραχυτάτης
899 1213 980 1267 ἔτι
1017 1215 1275 1287 δεηθῆναι
1304 1219 1666 1289 διορθώσεως.
1705 1222 1780 1276 Τὸ

205 1294 306 1362 μὲν
350 1294 444 1350 οὖν
490 1299 710 1372 ἀνενδεῆ
765 1303 858 1356 τὸν
904 1304 1060 1374 λόγον
1105 1308 1406 1378 ἐπιζητεῖν,
1470 1312 1552 1375 είς
1602 1312 1780 1382 μῆκός

203 1384 352 1437 ἐστιν
379 1386 727 1451 ἐκϐιάζεσθαι
750 1391 849 1463 τὴν
874 1395 1112 1467 γραφὴν,
1147 1398 1210 1451 τὸ
1232 1398 1290 1452 δὲ
1317 1399 1583 1472 σύντομον
1610 1404 1778 1457 ἁπαιο

201 1477 334 1540 τείν,
365 1478 537 1567 πολλά
555 1481 662 1535 τῶν
683 1482 909 1538 δεόντων
933 1488 1253 1559 ἐπιτρέπειν
1276 1492 1581 1548 ἀπολιπεῖν⁹
1614 1497 1774 1567 πλὴν,

199 1565 277 1628 ὡς
312 1566 377 1622 ἂν
404 1563 516 1633 οἶός
545 1589 606 1625 τε
637 1567 712 1638 ὦ,
750 1577 1080 1648 πειράσομαι
1111 1582 1251 1636 κατά
1282 1585 1387 1655 τὴν
1420 1586 1519 1657 σὴν
1555 1588 1776 1655 ἀξίωσιν

199 1659 288 1712 τὸν
322 1664 450 1732 περὶ
479 1664 604 1734 ὅρου
631 1666 788 1735 λόγον
817 1673 1100 1741 προάγειν.

271 1836 338 1934 βξ
376 1840 739 1934 Οἱῗχάσματα
785 1849 890 1918 γῆς
928 1856 1354 1925 προκομίζοντες
1399 1863 1494 1915 καὶ
1541 1865 1778 1934 ναυάγια

201 1930 294 2027 καὶ
324 1928 511 2027 λοιμὸν
535 1936 696 2027 ἀέρος
726 1941 821 1994 καί
847 1959 970 1997 τινα
992 1947 1215 2003 τοιαῦτα
1237 1951 1399 2023 ἕτερα
1427 1955 1625 2027 ἀθρόον
1657 1928 1779 2013 πολ-

201 2019 308 2115 λῶν
371 2023 467 2076 καὶ
527 2025 797 2099 διαφόρων
849 2019 1341 2108 τιτεριλαμιϐἀνοντα⁷
1384 2019 1633 2115 θάνατον,
1659 2045 1778 2105 εἷτα

202 2112 512 2184 ζητοῦντες,
547 2121 775 2189 πότερον
812 2124 1012 2196 ὥριστο
1038 2129 1262 2198 τούτους
1294 2135 1428 2205 ὑφέν
1454 2138 1532 2208 (6)
1559 2112 1654 2194 καὶ
1678 2142 1777 2214 τὴν

203 2209 374 2279 αὐτὴν
411 2209 584 2265 ἐλθεῖν
628 2215 909 2289 τελευτὴν,
955 2214 1098 2275 οὗτοί
1142 2241 1233 2294 μοι
1274 2227 1495 2284 δοκοῦσι
1539 2234 1600 2286 τὸ
1646 2209 1778 2289 καθο

201 2299 476 2369 ορὼμενον
493 2303 825 2376 ζητούμενον
860 2316 1053 2367 ποιεῖν’
1080 2316 1140 2381 ἐξ
1160 2311 1234 2371 ὧν
1267 2321 1452 2386 αὐτοῖς
1487 2326 1774 2395 συμϐαίνει

201 2393 508 2491 αἰσθήσεως
546 2400 746 2466 μᾶλλον
771 2403 804 2474 ἢ
835 2405 1160 2474 ἀποδείξεως
1189 2411 1431 2482 δεῖσθαι,
1465 2393 1652 2490 ἵναμὴ
1682 2421 1776 2491 βα-

204 2484 429 2557 θύτερον
459 2489 725 2557 ἐξετάζων
757 2496 927 2563 εἴπω,
968 2500 1061 2553 καὶ
1092 2503 1262 2575 αὐτῆς
1311 2506 1486 2562 διόλου
1518 2484 1618 2581 τῆς
1642 2484 1778 2567 ,ἀπὸ

201 2582 310 2636 τῶν
345 2585 623 2657 λογισμῶν
658 2592 954 2664 προῖούσης
997 2595 1252 2666 κρίσεωςο
1283 2601 1345 2654 τὸ
1379 2603 1480 2673 μέν
1510 2607 1620 2675 γὰρ
1649 2608 1779 2676 ὁμο-

201 2675 379 2744 λογεῖν
416 2679 513 2748 μὲν
541 2680 610 2734 τὰ
632 2681 782 2747 ὄντα,
815 2683 996 2755 ζητεῖν
1028 2687 1085 2740 δὲ
1115 2689 1290 2744 ταῦτα
1319 2694 1368 2746 εἰ
1414 2694 1580 2761 ἐστιν,
1624 2675 1777 2752 οὐδὲν

201 2765 386 2837 ἕτερόν
411 2770 559 2823 ἐστιν
592 2772 624 2843 ἢ
671 2774 770 2844 τῆς
800 2779 996 2848 νοητῆς
1031 2782 1126 2834 καὶ
1167 2785 1574 2857 ἀνερμηνεύτου
1617 2792 1776 2844 δυνά-

204 2876 350 2927 μεως
381 2862 715 2932 στηλιτεύειν
744 2868 844 2936 τὴν
871 2871 1175 2926 ἀσθένειανο
1215 2879 1264 2930 εί
1293 2878 1410 2954 γὰρ,
1429 2881 1533 2934 ὑπὸ
1555 2883 1654 2955 τὴν
1681 2887 1778 2938 αύ-

197 2952 300 3021 τὴν
342 2957 686 3026 περιγραφὴν
714 2959 806 3012 τοῦ
851 2961 1080 3016 θανάτου
1113 2965 1344 3022 ἕκαστον
1371 2952 1577 3041 πλῆθος
1610 2952 1778 3046 ’περι-

199 3042 570 3114 λαμϐάνεται,
617 3050 710 3101 καὶ
751 3050 910 3106 τοῦτο
938 3056 1415 3132 καθωμολόγηται.
1466 3065 1526 3118 Ὀ
1561 3067 1618 3119 δὲ
1651 3042 1774 3136 ὅρος
1801 3077 1844 3135 C

196 3135 348 3190 οὐδὲν
373 3137 560 3209 ἔτερόν
586 3142 702 3194 ἐστι
725 3146 876 3216 παρά
895 3147 955 3200 τὸ
975 3149 1126 3214 τέλος
1154 3153 1384 3208 ἑκάστου
1410 3156 1509 3227 (7),
1533 3160 1652 3223 πῶς
1677 3161 1776 3232 οὐχ

196 3228 336 3322 ᾇπερ
385 3231 742 3301 ὁμολογοῦσιν
791 3239 918 3309 ὅρον
964 3244 1290 3312 γεγενῆσθαι
1323 3247 1423 3300 οὐκ
1464 3228 1774 3322 ἐλέγχονται

195 3317 515 3387 ζητοῦντες,
567 3327 616 3376 εί
659 3325 768 3398 ἄρα
819 3331 960 3383 κατὰ
1011 3333 1227 3386 πάντων
1275 3331 1358 3399 εἷς
1406 3333 1476 3410 ἦν
1504 3343 1532 3394 ὁ
1567 3317 1775 3412 παγεὶς

193 3409 362 3478 ὄρος;
406 3412 548 3467 Ἀλλ’
590 3415 649 3469 ἓν
681 3421 778 3488 μὲν
818 3420 1009 3486 τοῦτο,
1039 3424 1303 3497 ζδεύτερον
1339 3409 1439 3483 δέ(
1464 3432 1538 3484 Τίι
1574 3409 1774 3504 δήποτε

194 3501 630 3572 καταφεύγουσιν
672 3509 753 3571 είς
803 3510 1003 3581 πλῆθος
1043 3512 1239 3584 ἁθρόον
1278 3517 1420 3572 οὕτω
1456 3521 1585 3590 μίαν
1610 3501 1775 3577 ἀπαί-

192 3606 352 3662 τησιν
395 3594 853 3670 εἰσπραττόμενον
880 3603 1101 3672 τέλους;
1132 3606 1165 3678 ἢ
1199 3607 1358 3679 δῆλον
1375 3611 1458 3665 ὅτι
1480 3615 1641 3667 τινῶν
1673 3615 1772 3686 μὲν

192 3682 321 3778 ὅρον
366 3687 753 3756 ὁμολογοῦντες
801 3694 929 3766 περὶ
972 3696 1028 3748 δὲ
1067 3698 1177 3753 τῶν
1205 3700 1466 3756 πλειόνων
1495 3682 1777 3778 ἀμφισϐηη

192 3770 434 3836 τοῦντες.
481 3777 554 3828 Οὐ
599 3778 704 3850 γὰρ
748 3779 814 3834 ἂν
855 3784 1039 3847 αὐτοῖς
1086 3788 1166 3850 είς
1207 3789 1411 3854 πλῆθος
1434 3770 1548 3845 ούδί
1591 3770 1670 3858 εἰς
1715 3770 1776 3850 τὸ

192 3863 390 3934 ἁθρόον
420 3867 766 3943 ἡκαταφυγὴ
789 3872 886 3942 τῆς
916 3876 1196 3945 ἀριστείας
1223 3882 1512 3956 ἐπενοήθη·
1545 3888 1638 3939 καὶ
1669 3887 1774 3959 μὴν

193 3955 245 4005 εί
287 3956 449 4008 τινῶν
493 3959 592 4027 μὲν
637 3959 884 4029 λέγουσιν
923 3967 1068 4037 ὅρον,
1117 3971 1190 4041 μὴ
1237 3974 1455 4028 πάντων
1479 3955 1586 4042 δὲ,
1612 3955 1680 4044 ἐξῆ
1698 3955 1773 4034 ὧν

191 4047 350 4100 αὐτοὶ
393 4049 500 4102 τῶν
540 4053 698 4107 ἐνίων
721 4056 844 4127 ὅρον
878 4063 973 4114 καὶ
1011 4064 1272 4130 σιγῶντες
1308 4069 1685 4140 ἀποδέχονται,
1708 4075 1774 4128 ἐκ

189 4137 302 4194 τῶν
336 4139 516 4194 αὐτῶν
554 4140 668 4198 ἐστι
701 4149 793 4200 καὶ
835 4151 946 4212 τοῖς
980 4153 1123 4205 κατὰ
1161 4155 1378 4210 πάντων
1418 4160 1510 4213 τὸν
1537 4161 1660 4231 ὅρον
1683 4161 1773 4215 λέ-

189 4249 380 4298 γουσιν
436 4235 786 4300 ἐκϐιάζεσθαι
845 4243 1066 4308 τούτους
1115 4250 1208 4300 καὶ
1244 4249 1476 4314 ἄκοντας
1517 4251 1774 4308 ἕλκεσθαι

189 4324 332 4394 πρὸς
382 4333 817 4396 συγκατάθεσιν·
873 4331 953 4400 οἷς
995 4341 1102 4409 γὰρ
1147 4342 1346 4396 ἐκεῖνοι
1392 4345 1490 4408 τὰς
1539 4329 1774 4418 ἀπορίας

1881 687 1948 726 ex
1978 673 2383 744 antiquioribus
2411 679 2619 736 sanctis
2659 679 2944 751 beatisque
2973 684 3108 739 viris
3136 700 3459 757 argumenta

1883 777 1991 817 non
2023 779 2190 833 pauca
2221 765 2627 837 collegerimus,
2667 770 2753 828 his
2780 773 3136 830 adnectentes
3165 775 3254 830 illa
3279 817 3293 840 ,
3336 795 3459 846 quae

1882 855 2044 910 nobis
2074 856 2276 913 divinae
2297 846 2418 929 opis
2451 859 2739 916 clementia
2780 879 3070 934 suggerere
3101 881 3207 922 non
3243 881 3328 924 est
3362 871 3460 924 de—

1881 945 2122 1017 dignata,
2150 958 2405 1020 optamus
2431 953 2675 1022 quidem,
2699 963 2756 1008 ut
2787 963 2942 1010 tuum
2969 958 3209 1012 studium
3238 975 3302 1014 ac
3333 977 3456 1030 spes

1881 1051 1990 1091 non
2027 1038 2184 1093 abeat
2215 1055 2385 1096 vacua
2419 1043 2610 1111 gratiis
2662 1053 2715 1099 et
2770 1047 3082 1116 cognitione
3109 1089 3125 1114 ,
3187 1066 3310 1120 qua:
3347 1068 3456 1106 non

1882 1129 2143 1198 indigeat,
2174 1142 2232 1185 ut
2255 1132 2476 1187 aliunde
2497 1133 2837 1204 explicetur;
2870 1137 2953 1192 sin
2982 1149 3186 1204 autem,
3213 1146 3455 1212 utquam

1881 1216 2204 1274 brevissima
2237 1220 2478 1291 indigeat
2515 1225 2873 1281 correctione.
2925 1227 3224 1298 Exquirere
3270 1232 3453 1303 igitur,

1881 1316 1942 1361 ut
1970 1308 2086 1362 haec
2111 1311 2287 1364 oratio
2320 1311 2480 1379 plena
2514 1313 2586 1366 sit
2620 1313 2803 1385 nilque
2831 1315 2880 1371 ei
2912 1317 3074 1380 desit,
3110 1319 3252 1375 idem
3282 1330 3367 1376 est
3392 1337 3458 1375 ac

1880 1398 2207 1470 scripturam
2238 1401 2398 1457 istam
2445 1402 2501 1456 in
2537 1404 2765 1459 nimiam
2806 1405 3177 1476 prolixitatem
3208 1412 3455 1481 compel-

1880 1491 2010 1553 lere,
2046 1490 2368 1546 brevitatem
2393 1501 2576 1548 autem
2628 1494 2683 1548 in
2725 1496 2915 1552 eadem
2946 1500 3164 1572 exigere
3198 1501 3340 1556 idem
3373 1513 3458 1558 est

1877 1599 1943 1639 ac
1966 1585 2299 1654 permittere,
2329 1594 2390 1640 ut
2425 1588 2596 1642 multa
2633 1592 2946 1646 necessaria
2975 1596 3322 1650 omittantur.
3357 1598 3453 1650 At-

1879 1684 2058 1731 tamen
2085 1691 2188 1746 pro
2215 1678 2358 1731 virili
2391 1680 2636 1734 conabor
2654 1679 2810 1749 juxta
2835 1685 3176 1754 rogationem
3207 1697 3355 1742 tuam
3389 1687 3456 1743 de

1878 1765 2004 1818 vita:
2027 1767 2266 1820 termino
2297 1781 2603 1821 sermonem
2639 1770 2961 1836 producere.

1925 1855 2004 1910 .2.
2039 1856 2143 1924 Qui
2169 1859 2486 1927 repentinos
2516 1860 2700 1916 hiatus
2727 1869 2890 1917 terra».
2921 1863 3210 1934 proferunt
3241 1873 3296 1920 et
3320 1880 3456 1920 nau-

1878 1950 2047 2021 fragia
2071 1959 2127 2005 ct
2151 1951 2297 2005 aeris
2319 1952 2686 2022 pestilentiam
2708 1955 2956 2026 aliosque
2973 1971 3136 2012 casus
3156 1956 3450 2027 ejusmodi,

1877 2041 1972 2110 qui
2025 2040 2324 2094 multorum
2373 2042 2539 2097 simul
2574 2045 2964 2115 variorumque
3013 2050 3454 2118 complectuntur

1878 2137 2135 2193 mortem,
2165 2138 2219 2185 et
2234 2130 2430 2186 deinde
2480 2143 2733 2202 quaerunt
2763 2144 2946 2190 utrum
2979 2137 3259 2193 deﬁnitum
3285 2148 3452 2204 esset,

1878 2225 1931 2278 in
1951 2239 2120 2278 unum
2150 2223 2252 2280 hos
2279 2239 2470 2280 omnes
2487 2227 2854 2298 eamdemque
2887 2230 3185 2286 convenire
3215 2233 3452 2295 obitum,

1878 2316 1930 2370 hi
1970 2316 2103 2371 mihi
2131 2316 2383 2371 videntur
2411 2316 2466 2371 in
2484 2319 2844 2388 quaestionem
2867 2336 3065 2378 vocare
3089 2363 3104 2389 ,
3137 2325 3281 2393 quod
3314 2325 3450 2394 ipsis

1875 2409 2050 2464 oculis
2079 2409 2449 2479 conspicitur;
2503 2410 2651 2466 unde
2699 2411 2821 2468 istis
2869 2428 3036 2469 sensu
3069 2416 3255 2484 potius
3287 2431 3452 2486 quam

1877 2501 2350 2557 demonstratione
2375 2516 2515 2572 opus
2543 2511 2646 2566 est,
2679 2518 2748 2560 ne
2784 2505 2951 2560 altius
2979 2520 3093 2560 rem
3133 2508 3454 2563 examinans

1877 2593 2090 2657 dicam,
2148 2592 2300 2662 ipsos
2333 2593 2497 2648 etiam
2533 2593 2743 2664 judicio
2789 2610 2858 2650 ex
2916 2595 3201 2652 ratiocinio
3255 2599 3455 2654 mentis

1876 2693 2166 2738 emanante
2198 2683 2491 2739 destitutos
2518 2697 2679 2750 esse;
2708 2699 2832 2739 nam
2865 2687 3110 2742 conﬁteri
3132 2687 3349 2758 quidem
3388 2702 3453 2742 ea

1876 2792 1999 2845 quae
2027 2785 2177 2841 sunt,
2207 2793 2454 2848 quaerere
2484 2795 2634 2845 vero,
2669 2793 2736 2833 an
2786 2779 2903 2836 haec
2950 2781 3080 2847 sint,
3130 2781 3266 2836 nihil
3302 2782 3451 2837 aliud

1876 2877 1983 2932 est,
2025 2884 2194 2938 quam
2243 2871 2446 2925 mentis
2479 2880 2644 2940 atque
2676 2871 3047 2942 intelligentiae
3075 2873 3449 2928 infirmitatem

1879 2963 2122 3018 indicare
2151 2975 2215 3016 ac
2247 2962 2499 3032 prodere.
2540 2961 2599 3016 Si
2645 2964 2792 3018 enim
2832 2966 2937 3019 sub
2977 2967 3222 3021 eamdem
3259 2969 3455 3022 mortis

1878 3053 2446 3123 circumscriptionem
2485 3053 2715 3124 singulae
2768 3055 3145 3110 multitudines
3200 3071 3452 3126 compre-

1877 3143 2230 3210 henduntur,
2269 3145 2536 3201 terminus
2570 3152 2753 3200 autem
2785 3146 2921 3201 nihil
2963 3147 3110 3202 aliud
3160 3159 3246 3204 est
3285 3164 3468 3219 quam,

1878 3234 2315 3306 uniuscujusque
2347 3235 2516 3291 linis:
2554 3237 2831 3306 quomodo
2885 3253 2995 3293 non
3049 3239 3452 3296 convincuntur

1873 3342 2120 3397 quaerere
2144 3327 2291 3397 quod
2312 3327 2574 3393 fatentur,
2601 3329 2730 3384 dum
2770 3339 3052 3400 quaerunt,
3102 3347 3172 3386 an
3201 3349 3344 3388 unus
3383 3333 3451 3388 de

1873 3419 2134 3476 omnibus
2166 3421 2239 3476 sit
2287 3427 2527 3476 statutus
2554 3422 2856 3477 terminus?
2889 3420 2995 3478 Sed
3026 3423 3132 3478 hoc
3157 3440 3329 3480 unum
3367 3433 3453 3479 est

1872 3527 1937 3566 ex
1973 3511 2351 3580 argumentis;
2377 3511 2681 3568 secundum
2713 3527 2846 3567 vero
2872 3512 3204 3576 istud:Cur,
3240 3528 3449 3584 quaeso,

1874 3605 1941 3658 ad
1968 3603 2369 3659 multitudinem
2400 3604 2744 3674 confugiunt,
2799 3619 2832 3659 a
2867 3620 2974 3674 qua
3003 3605 3126 3659 linis
3157 3605 3229 3659 ita
3257 3621 3451 3675 repen-

1876 3695 2024 3750 tinus
2061 3697 2518 3766 promiscuusque
2566 3695 2844 3767 exigitur?
2898 3694 3167 3751 Nimirum
3219 3697 3348 3767 quia
3385 3697 3451 3750 de

1873 3788 2152 3858 aliquibus
2183 3788 2476 3842 terminum
2521 3791 2883 3854 conﬁtentur,
2924 3788 2992 3844 de
3035 3787 3286 3858 pluribus
3322 3803 3450 3842 vera

1873 3897 1981 3937 non
2008 3882 2318 3937 concedunt
2342 3881 2672 3952 (dubitant);
2706 3897 2818 3938 non
2847 3883 2996 3938 enim
3031 3882 3305 3952 ejusmodi
3329 3896 3452 3952 per-

1873 3972 2080 4042 fugium
2119 3973 2187 4027 ad
2237 3973 2641 4028 multitudinem
2691 3989 2803 4028 uno
2859 3975 3078 4044 agmine
3128 3973 3447 4028 moriente...

1872 4065 2292 4135 excogitassent.
2330 4062 2399 4119 Et
2429 4075 2610 4120 tamen
2649 4065 2698 4120 si
2740 4065 2810 4120 de
2855 4065 3130 4136 aliquibus
3180 4065 3452 4120 atlirmant

1874 4155 2187 4221 terminum,
2215 4169 2322 4210 non
2350 4169 2479 4210 vero
2515 4155 2586 4210 de
2620 4157 2920 4212 omnibus:
2954 4167 3068 4211 tum
3105 4156 3306 4226 quibus
3347 4156 3452 4226 ipsi

1875 4245 2180 4302 rationibus
2208 4244 2504 4300 terminum
2535 4246 2602 4302 de
2635 4246 2913 4316 aliquibus
2951 4247 3038 4302 vel
3069 4246 3221 4302 taciti
3249 4246 3451 4301 admit-

1878 4345 2024 4401 tunt,
2052 4338 2249 4393 iisdem
2280 4339 2368 4394 vel
2399 4339 2554 4392 inviti
2585 4339 2837 4409 compelli
2860 4353 2923 4393 ac
2957 4339 3102 4393 trahi
3129 4345 3360 4409 possunt
3385 4340 3452 4390 ad

188 4415 589 4484 ἁποκρούονται
623 4425 781 4478 ἐνίων
809 4429 937 4499 ὅρον
967 4431 1280 4497 δοξάζοντες
1323 4436 1434 4488 τῶν
1464 4437 1600 4507 πρὸς
1639 4438 1771 4491 ταύ-

1881 4434 2240 4501 praestandum
2258 4447 2544 4488 assensum
2567 4434 2654 4498 iis,
2673 4434 2766 4512 qui
2790 4435 3086 4489 terminum
3109 4434 3178 4489 de
3196 4432 3455 4490 omnibus

188 4523 292 4576 την
319 4511 755 4585 ἀπομαχομένων
794 4520 893 4592 τὴν
925 4522 1105 4590 δόξαν,
1146 4528 1258 4589 τοῖς
1285 4527 1468 4592 αὐτοῖς
1496 4529 1564 4582 ἂν
1603 4531 1652 4582 οί
1681 4532 1772 4583 εὐ-

1881 4524 2163 4585 ailirmant,
2177 4522 2388 4590 Quibus
2419 4525 2564 4580 enim
2584 4511 3035 4596 respoiisionibus
3049 4525 3138 4582 isti
3159 4526 3471 4580 terminum

196 4599 484 4668 σεϐοὖντες
512 4607 798 4673 κάκείνους
819 4613 1227 4685 ἀποκρούεσθαι
1253 4620 1351 4682 τὰς
1380 4621 1650 4693 ἐπηρείας
1675 4624 1772 4674 ἐκ·

1881 4614 1942 4670 tle
1971 4615 2251 4684 aliquibus
2281 4613 2634 4671 admittentes
2703 4617 2959 4672 refellunt
2986 4617 3330 4686 objectiones
3356 4632 3451 4669 co-

192 4689 542 4761 ὀιδὰσκουσι,
577 4698 643 4762 ἃς
678 4704 819 4758 κατά
860 4705 968 4758 τῶν
1009 4708 1275 4778 λεγόντων
1297 4711 1392 4765 ἕνα
1418 4712 1598 4766 κοινὸν
1649 4715 1775 4786 ὅρον

1881 4722 2022 4770 ιιιω,
2053 4708 2148 4777 qui
2177 4707 2306 4763 huic
2334 4709 2619 4764 sententiae
2649 4710 3012 4778 reluctantur,
3039 4709 3232 4765 iisdem
3264 4717 3320 4764 et
3359 4723 3453 4762 ca-

189 4782 450 4875 ἀπάντων
485 4789 578 4842 ἐπὶ
605 4791 698 4844 τοῦ
739 4799 1223 4871 προχειριζομένου
1268 4802 1504 4873 πλήθους
1553 4782 1774 4875 γεγενῆ-

1881 4799 2281 4855 tholicidocent
2304 4799 2550 4856 refellere
2570 4815 2663 4857 eos
2693 4817 2854 4872 posse
2883 4801 3221 4874 objectiones
3245 4800 3303 4855 in
3331 4799 3454 4855 illos

192 4872 320 4926 σθαι
361 4875 800 4957 [προκομίζουσι]
831 4887 928 4957 (8).
1363 4872 1369 4873 ⁷
1567 4872 1570 4873 ν
1633 4872 1639 4873 ⁷
1739 4872 1750 4875 —

1881 4894 2126 4952 irolatas,
2157 4892 2250 4961 qui
2311 4907 2478 4946 unum
2515 4909 2868 4949 communem
2915 4896 2984 4950 de
3017 4895 3279 4950 omnibus
3326 4903 3445 4946 ter-

1885 4981 2090 5036 minum
2114 4980 2166 5036 in
2199 4981 2290 5038 illa
2315 4982 2664 5040 multitudine
2702 4985 2872 5041 fuisse
2912 4985 3268 5042 constitutum
3299 4999 3452 5040 asse-

1879 5082 2026 5127 runt.

1948 5163 2002 5217 5.
2037 5163 2264 5235 Insuper
2294 5182 2400 5219 non
2437 5169 2611 5220 solum
2641 5168 2863 5237 quando
2909 5183 3084 5224 novus
3129 5166 3327 5237 aliquis
3364 5165 3452 5218 itt-

188 5238 473 5306 νοπρεπὴς
499 5239 696 5310 ἐπιστῇ
719 5281 732 5305 ,
774 5240 944 5313 ἁθρόα
976 5246 1108 5315 γένη
1151 5247 1241 5300 καὶ
1269 5248 1502 5320 διάφορα
1533 5253 1614 5305 ἐνὶ
1653 5255 1764 5324 ὅρῳ

1881 5268 2061 5327 surgat
2097 5273 2277 5323 casus,
2316 5260 2462 5312 varia
2500 5272 2550 5312 et
2579 5263 2888 5330 prnniisrua
2925 5263 3086 5317 simul
3117 5274 3318 5332 genera
3350 5260 3478 5314 110--

269 5158 302 5209 γ
325 5179 336 5194 .
388 5141 500 5196 Ἔτι
532 5143 587 5196 δὲ
629 5147 688 5198 ού
737 5147 898 5217 μόνον
931 5151 1153 5205 ἐπειδὰν
1181 5155 1497 5226 περίστασίς
1524 5175 1606 5222 τις
1647 5177 1764 5214 και-

1715 5432 1948 5490 NOTAE.

491 5575 583 5650 ῥέξ’
604 5574 844 5650 Ev._me|.
875 5580 980 5632 ὑπὸ
1014 5583 1162 5650 μίαν.

266 5643 662 5725 (7)_Catil'orus
693 5648 807 5725 jam
841 5650 895 5702 in
929 5643 1029 5725 suo
1054 5654 1370 5725 Apograplto
1405 5659 1595 5714 vitium
1630 5660 1761 5716 huic

191 5714 368 5765 textui
397 5715 624 5771 subesse
663 5714 744 5773 viil
783 5735 956 5788 pauca
992 5714 1520 5796 dcchevsnspicatus
1546 5739 1650 5786 est.

1948 5595 2021 5660 (8)
2049 5592 2249 5650 'l'cxtus
2287 5597 2564 5651 vidrbnttir
2598 5601 2843 5654 nonnihil
2877 5611 3173 5673 corruptus
3204 5611 3258 5658 et
3290 5615 3448 5661 math

1877 5679 1990 5718 ειιδ.
