3902 6212
416 245 554 311 1035

1542 255 1807 316 ΡΗΟΤΠ
1858 256 2367 317 PATRIARCH/E
2404 260 2514 321 ΕΡ.

3534 260 3673 323 1036

411 358 620 411 minnm
668 356 763 411 uni
815 359 1007 413 mcrtis
1048 369 1283 415 termino
1329 362 1663 429 traduntur,
1715 366 1808 419 sed
1868 366 1983 435 ipsa

2109 366 2181 420 :oii
2216 367 2448 421 Θανάτου
2498 368 2905 439 παραδίδονται,
2933 369 3071 423 ἀλλὰ
3100 370 3193 423 καὶ
3224 371 3362 442 αὑτὴ
3398 373 3432 442 ἡ
3463 372 3679 441 ἀνθρω-

410 464 630 520 quoque
663 450 902 505 humana
934 452 1062 506 vita:
1115 453 1437 510 constitutio
1465 456 1711 524 quotidie
1744 458 1990 513 cernitur

410 543 755 598 narrationes
785 544 1055 613 ejusmodi
1092 562 1415 617 proponere.
1474 550 1685 604 Etenim
1748 567 1858 606 non
1908 563 1991 609 est

413 634 658 689 invenire
686 636 851 703 diem,
886 653 997 707 quo
1028 638 1191 694 simul
1242 650 1296 697 et
1327 656 1492 697 senex
1540 652 1593 697 et
1628 643 1848 713 juvenis
1872 685 1889 709 ,
1936 654 1993 700 et

411 744 547 797 puer
572 738 627 783 et
657 729 851 784 mulier
877 742 932 785 et
960 731 1137 799 virgo,
1160 741 1214 787 et
1243 748 1447 802 egenus
1474 743 1530 789 et
1581 734 1735 791 dives
1772 746 1827 791 et
1863 737 1994 792 sub-

410 818 560 875 ditus
590 834 643 873 et
678 823 933 892 princeps
972 821 1161 879 eadem
1221 827 1415 879 mortis
1466 840 1669 895 sagena
1710 844 1818 882 non
1851 828 2021 883 irre-.

416 912 642 965 tiautur.
680 911 791 965 Cur
838 914 1003 983 igitur
1044 916 1229 970 relicta
1262 917 1579 985 quotidiana
1616 918 1739 971 vitm
1780 920 1993 973 consti-

414 1003 624 1056 tutione
655 1002 721 1056 ad
757 1004 1039 1058 hominum
1073 1007 1323 1063 interitus
1357 1010 1569 1076 fugiunt
1600 1025 1667 1063 ex
1693 1010 1994 1066 infortunio

413 1094 597 1162 aliquo
639 1098 1059 1168 contingentes?
1102 1098 1369 1155 Nimirum
1401 1102 1529 1172 quia
1560 1119 1628 1157 ex
1658 1105 1745 1158 illa
1774 1105 1990 1174 quidem

415 1204 524 1244 non
552 1190 865 1245 existimant
894 1191 1035 1247 ellici
1066 1195 1212 1263 quod
1254 1196 1614 1259 contendunt,
1648 1213 1713 1252 ex
1749 1199 1871 1255 istis
1901 1216 1994 1254 au-

412 1289 519 1335 tem
553 1283 775 1337 casibus
804 1283 1130 1339 dubitationi
1162 1301 1275 1341 sua:
1306 1287 1427 1342 dari
1456 1288 1670 1354 locum;
1727 1300 1782 1345 et
1814 1302 1994 1347 tamen

414 1375 489 1429 ibi
526 1390 744 1447 quoque
775 1377 920 1432 varia
952 1379 1113 1432 simul
1143 1395 1340 1447 genera
1379 1382 1472 1435 nni
1503 1383 1789 1453 eidemque
1833 1386 1996 1439 morti

415 1470 773 1525 inveniuntur
812 1471 952 1525 tradi
987 1468 1241 1526 similiter
1268 1482 1433 1544 atque
1470 1475 1587 1540 hic;
1627 1476 1777 1530 illinc
1811 1486 1993 1532 autem

419 1563 782 1634 objectionem
816 1566 1118 1631 producere
1139 1582 1249 1620 non
1282 1569 1506 1633 andent,
1532 1569 1766 1637 ideoque
1790 1586 1886 1640 per
1910 1586 1992 1633 ea,

419 1670 541 1724 qua:
566 1655 618 1708 in
651 1656 923 1711 mortibus
955 1657 1063 1712 illis
1118 1660 1462 1714 naturalibus
1509 1662 1731 1724 docent,
1769 1662 1821 1716 id
1853 1664 1997 1732 quod

420 1746 473 1800 in
505 1746 626 1801 istis
656 1746 944 1802 eventibus
979 1751 1240 1804 audacter
1268 1752 1802 1819 comminiscuntur,
1869 1769 1997 1823 pro-

418 1837 668 1892 cacitatis
698 1838 884 1907 potius
913 1854 977 1895 ac
1009 1842 1336 1897 temeritatis
1366 1843 1665 1899 ostendunt
1712 1860 1873 1915 opus,
1910 1845 1999 1899 ni-

420 1928 605 1999 liilque
643 1930 930 1998 plausibile
979 1932 1208 1986 omnino
1254 1942 1350 1989 aut
1398 1935 1771 1991 necessarium
1821 1951 2001 2006 argu-

424 2030 609 2075 mento
639 2023 745 2077 isto
777 2023 1022 2078 indicant
1065 2026 1338 2081 exhiberi.

500 2114 554 2169 4.
588 2113 729 2169 Dens
759 2127 992 2172 mortem
1026 2134 1135 2173 non
1190 2118 1319 2175 fecit
1362 2123 1428 2185 ⁷⁸,
1479 2122 1666 2192 posuit
1721 2124 1866 2178 enim
1932 2124 2003 2180 ob

424 2206 615 2261 oculos
642 2208 838 2269 vitam,
881 2209 1079 2265 deinde
1116 2224 1375 2277 mortem,
1411 2230 1520 2268 non
1552 2217 1881 2280 naturalem,
1908 2234 2005 2271 ne-

425 2299 668 2356 cessitati
707 2301 1036 2370 subiectam,
1066 2305 1160 2359 sed
1186 2305 1359 2361 libero
1389 2307 1687 2364 voluntatis
1738 2310 2002 2377 arbitrio;

426 2403 708 2461 peceatum
736 2394 880 2448 enim
915 2403 1287 2465 perpetratum
1344 2410 1574 2453 mortem
1614 2402 1820 2471 genuit.
1873 2400 2007 2457 Vide

426 2484 740 2540 Adamum:
780 2485 958 2541 fuerat
1025 2488 1075 2542 ei
1139 2489 1423 2545 definitum
1473 2493 1658 2547 vivere
1708 2505 2007 2563 nongento-

426 2592 549 2631 rum
580 2578 803 2648 triginta
844 2594 1114 2635 annorum
1169 2598 1494 2649 cursum,et
1549 2586 1653 2640 nisi
1704 2598 2005 2656 peccasset,

428 2672 653 2729 omnino
668 2674 1040 2728 consummari
1059 2675 1292 2747 (scilicet
1320 2678 1385 2732 ad
1409 2678 1794 2747 perfectionem
1813 2683 2006 2736 adduci

429 2764 513 2822 vel
546 2765 777 2820 lectione
814 2777 1062 2821 mutata:
1118 2777 1172 2822 et
1239 2784 1348 2823 non
1399 2774 1642 2839 peccanti
1702 2776 2011 2841 perenniter

431 2857 614 2911 vivere
638 2858 952 2929 statutum),
1008 2858 1117 2912 vita
1189 2859 1412 2915 definita
1478 2873 1597 2916 erat
1636 2865 1777 2932 apud
1814 2864 2007 2929 Deum,

432 2952 761 3019 pracognita
781 2966 912 3005 vero
938 2959 991 3005 et
1016 2967 1198 3017 tnors;
1220 2952 1425 3007 idcirco
1443 2969 1551 3007 non
1572 2964 1653 3009 est
1679 2954 1821 3009 Dens
1844 2972 2009 3011 causa

2090 459 2221 528 πίνη
2249 460 2342 513 τοῦ
2374 460 2491 530 βίου
2540 442 2874 526 κατάστασις
2900 460 3025 516 καθ’
3052 462 3264 533 ἡμέραν
3298 463 3679 517 ἐπιδείκνυται

2090 552 2316 606 τοιαῦτα
2336 551 2751 624 προβαλλομένη
2772 554 3108 624 διηγήματα·
3142 556 3237 609 καὶ
3259 556 3371 626 γάρ
3398 555 3502 608 οὐκ
3532 554 3679 608 ἔστιν

2092 646 2273 717 εὑρεῖν
2291 645 2528 716 ἡμέραν.
2558 646 2683 700 καθ’
2707 647 2777 718 ἢν
2799 648 2914 717 ἅμα
2934 664 2993 701 τε
3015 650 3196 719 γέρων
3222 665 3281 701 τε
3307 650 3401 703 καὶ
3435 649 3677 711 νεανίας,

2092 736 2187 790 καὶ
2222 737 2351 799 παῖς
2397 734 2493 787 καὶ
2540 733 2681 807 γυνὴ
2728 735 2824 789 καὶ
2866 734 3173 807 παρθένος,
3222 735 3321 789 καὶ
3369 734 3547 805 πένης
3586 736 3678 787 καὶ

2092 827 2346 892 πλούσιος
2367 869 2382 893 ,
2412 828 2507 880 καὶ
2545 828 2850 898 ἀρχόμενος
2884 829 2981 881 καί
3017 828 3203 898 ἄρχων
3238 828 3347 880 ὑπὸ
3372 826 3473 898 τὴν
3508 825 3679 895 αὐτὴν

2092 923 2343 991 σαγήνην.
2367 918 2462 973 τοῦ
2494 918 2727 973 θανάτου
2772 919 3196 990 περιϐέϐληνται
3225 918 3324 989 (9).
3356 918 3426 970 Τί
3459 913 3555 971 οὖν
3580 918 3681 986 τὴν

2093 1014 2471 1084 καθημερινὴν
2506 1012 2841 1066 κατάστασιν
2868 1011 2961 1065 τοῦ
3004 1011 3118 1081 βίου
3156 1012 3424 1081 φυγόντες
3449 1010 3545 1062 ἐπὶ
3581 1010 3679 1073 τὰς

2094 1109 2158 1160 ἐκ
2199 1105 2575 1177 περιστάσεως
2606 1104 2896 1174 γινομένας
2926 1103 3229 1174 διαφθορὰς
3267 1100 3683 1170 καταφεῦγουσι

2094 1199 2203 1253 τῶν
2234 1198 2569 1270 ἁνθρώπων;
2604 1198 2639 1267 ἢ
2670 1196 2827 1263 δῆλον
2860 1196 2935 1258 ὡς
2962 1195 3021 1260 ἐξ
3053 1198 3270 1263 ἐκείνης
3303 1194 3405 1266 μὲν
3435 1195 3497 1248 οὐ
3532 1195 3686 1263 νομί-

2096 1292 2248 1357 ζουσι
2271 1292 2335 1344 τὸ
2358 1289 2791 1361 σπουδαζόμενον
2814 1290 2994 1352 αὐτοῖς
3018 1287 3360 1353 ὲξανύεσθαι,
3396 1289 3464 1339 ὲκ
3489 1286 3550 1339 δὲ
3574 1284 3690 1338 τῶν

2097 1382 2503 1454 περιστατικῶν
2544 1382 2728 1453 χώραν
2772 1381 3044 1453 εὑρίσκειν
3087 1382 3150 1433 τὸ
3179 1380 3407 1447 ἄπορον
3443 1379 3540 1433 καὶ
3579 1378 3687 1449 μὴν

2097 1478 2261 1531 κάκεῖ
2302 1493 2360 1529 τε
2402 1475 2521 1543 ἃμα
2556 1475 2789 1545 διάφορα
2838 1474 2970 1545 γένη
3003 1472 3085 1543 τῷ
3119 1474 3201 1526 ἐνὶ
3239 1472 3459 1542 θανάτῳ
3500 1487 3689 1540 παρα-

2100 1567 2347 1637 πλησίως
2378 1568 2693 1639 εὑρίσκεται
2723 1565 3061 1636 ὲκδιδόμενα·
3090 1564 3308 1619 ἐκεῖθεν
3334 1564 3390 1617 δὲ
3420 1564 3523 1635 τὴν
3549 1563 3692 1615 άπο-

2102 1661 2226 1733 ρίαν
2264 1661 2327 1714 οὐ
2360 1661 2624 1732 προάγειν
2650 1659 3025 1730 τεθαρρἡκασι
3058 1658 3168 1727 (10)
3194 1657 3284 1711 διὰ
3312 1658 3411 1726 τῆς
3445 1659 3504 1708 ὲν
3539 1654 3693 1708 ἑκεί-

2101 1770 2212 1815 νοις
2245 1751 2594 1813 διδασκαλίας
2622 1751 2683 1804 τὸ
2709 1751 2769 1802 ὲν
2791 1749 3001 1812 τούτοις
3029 1749 3442 1817 νεανιευόμενον
3477 1764 3693 1817 προπε-

2102 1849 2252 1909 τείας
2288 1846 2487 1914 μᾶλλον
2519 1846 2615 1897 καὶ
2645 1843 2986 1913 θρασΰτητος
3016 1842 3176 1912 ἔργον
3199 1840 3569 1902 δεικνύουσιν,
3599 1840 3692 1891 οὑ-

2100 1938 2189 1992 δὲν
2212 1938 2268 1991 δὲ
2299 1936 2525 1989 πιθανὸν
2555 1937 2691 2001 ὅλως
2720 1936 2831 1989 οὐδ’
2864 1936 3163 2005 ἀναγκαῖον
3197 1935 3582 2007 παρεχόμενον
3613 1933 3695 2002 τῷ

2105 2032 2541 2102 ὲπιχειρήσαντι.

2174 2126 2235 2179 δ’.
2290 2125 2348 2177 '0
2380 2123 2513 2186 Θεὸς
2539 2123 2775 2177 θάνατον
2799 2121 2899 2176 οὐκ
2941 2123 3231 2193 ἐποίησενο
3264 2120 3426 2190 ἔθηκε
3455 2120 3569 2192 γὰρ
3615 2122 3696 2182 εἰς

2105 2220 2383 2291 προῦπτον
2434 2217 2601 2287 ζωὴν,
2650 2212 2770 2270 εἶτα
2813 2216 3063 2277 θάνατον,
3101 2214 3163 2267 οὐ
3207 2214 3435 2282 φυσικὸν
3474 2212 3701 2283 ἀνάγκῃ

2106 2305 2491 2383 προκείμενον,
2532 2308 2646 2364 ἀλλ’
2694 2306 3028 2375 αὑτεξουσίῳ
3064 2307 3228 2377 ῥοπῇ.
3280 2305 3559 2377 Ἀμαρτία
3586 2305 3695 2372 γὰρ

2107 2404 2425 2459 τελεσθεῖσα
2447 2403 2681 2457 άπέτεκε
2702 2402 2951 2455 θάνατον·
2980 2399 3055 2453 ἴδε
3073 2399 3267 2469 Ἀδάμ·
3298 2396 3502 2470 ὥριστο
3529 2395 3697 2465 ζῆσαι

2108 2497 2407 2551 ἐνακοσίων
2450 2494 2742 2566 τριάκοντα
2793 2491 2929 2546 ἑτῶν
2971 2491 3188 2544 δίαυλον
3237 2490 3332 2542 καὶ
3376 2488 3450 2558 μὴ
3510 2488 3696 2557 ἁμαρο

2108 2590 2216 2642 τῶν
2247 2589 2456 2661 (11-ίὲ)
2496 2586 2811 2640 τετελέσθαι
2842 2586 3061 2650 πάντως
3091 2587 3201 2656 (13)
3226 2627 3240 2640 .
3274 2584 3395 2654 Ζωὴ
3450 2583 3553 2653 μὲν
3590 2582 3699 2649 γὰρ

2110 2681 2313 2753 ὥριστο
2343 2679 2493 2749 παρὰ
2514 2678 2651 2749 Θεῷ,
2688 2680 3036 2749 προέγνωστο
3064 2678 3120 2730 δὲ
3148 2678 3242 2731 καὶ
3267 2680 3295 2730 ό
3329 2676 3583 2736 θάνατος’
3610 2674 3703 2729 διὰ.

2110 2773 2271 2828 τοῦτο
2296 2774 2540 2835 ἀναίτιος
2578 2774 2607 2825 ὁ
2647 2772 2777 2834 Θεὸς
2806 2770 3061 2825 θανάτου’
3094 2770 3154 2822 οὗ
3182 2770 3291 2840 γάρ
3382 2768 3699 2838 πρόγνωσις

2114 2866 2407 2935 εἰργάσατο
2446 2865 2696 2929 θάνατον,
2748 2864 2861 2916 ἀλλ’
2892 2866 2925 2933 ἡ
2963 2863 3063 2933 τῆς
3099 2862 3319 2931 ἐντολῆς
3356 2860 3698 2930 παράϐασις.

2129 2956 2298 3027 Ἑνὼχ
2331 2958 2387 3010 δὲ
2429 2957 2538 3021 ζῶν
2562 2956 2664 3008 ἐτι·
2705 2954 2821 3019 πῶς
2861 2954 3056 3019 τοῦτος
3096 2949 3258 3006 ἆθλον
3281 2951 3571 3013 εὐσεϐείας
3602 2950 3711 3001 λα-

435 3042 654 3107 mortis;
674 3058 848 3112 neque
875 3046 1019 3098 enim
1046 3045 1387 3114 praescientia
1412 3060 1630 3114 operata
1653 3059 1734 3103 est
1757 3059 2005 3109 mortem.

2116 3047 2225 3117 χὼν
2273 3048 2372 3117 τὴν
2424 3046 2732 3115 μετάθεσιν.
2779 3044 2844 3097 Τί
2900 3043 2958 3097 δὲ
3008 3042 3164 3107 Νῶε;
3214 3040 3531 3103 δικαιωθεῖς
3581 3038 3713 3091 δεύς

434 3135 529 3190 sed
561 3136 803 3190 mandati
842 3140 1227 3207 transgressio.
1262 3138 1447 3193 Εηοοιι
1478 3148 1659 3193 autem
1695 3141 1876 3194 adhuc
1926 3143 2010 3193 vi-

434 3226 532 3283 vit.
559 3226 843 3293 Quomodo
884 3229 1025 3285 hoc?
1051 3230 1341 3285 Praemium
1370 3232 1621 3287 videlicet
1656 3234 1870 3302 pietatis
1914 3251 2014 3288 na-

434 3328 558 3375 ctus
590 3320 1023 3378 translationem.
1056 3323 1197 3389 Quid
1237 3340 1365 3378 vero
1400 3322 1512 3379 Noe
1549 3325 1641 3378 "?
1669 3324 2014 3381 Juslilicalns

434 3414 530 3484 qui
561 3418 837 3471 secundus
869 3418 1058 3471 mundi
1097 3418 1308 3471 semina
1340 3419 1617 3487 reparavit
1668 3431 1721 3473 et
1775 3422 2016 3474 servavit

436 3508 492 3564 in
524 3509 684 3563 undis
708 3511 780 3565 ob
802 3510 1093 3565 criminum
1124 3512 1528 3566 multitudinem
1548 3513 1815 3567 submersi
1836 3513 2015 3581 ?Quid

438 3602 557 3669 Lot,
593 3602 897 3670 Sodomita,
928 3606 1021 3659 sed
1051 3621 1161 3659 non
1195 3604 1526 3661 Sodomitica
1545 3608 2014 3675 voluntate?Quid

439 3696 652 3768 Moyses
690 3698 783 3766 qui
816 3698 1075 3767 populum
1146 3698 1309 3753 Israel
1342 3700 1582 3753 servavit
1633 3698 1906 3771 [Egyptiis
1962 3702 2014 3753 in

437 3785 727 3841 Tartarum
776 3788 1043 3857 dejectis?
1074 3787 1213 3855 Quid
1251 3804 1381 3844 vero
1417 3791 1515 3855 illi,
1572 3806 1835 3861 quorum,
1892 3791 2020 3845 licet

436 3893 549 3932 non
584 3878 935 3949 deliquerint,
983 3882 1230 3935 membra
1289 3882 1342 3934 in
1384 3882 1601 3937 deserto
1661 3882 2022 3937 exciderunt?

436 3971 578 4036 Quid
612 3985 743 4025 vero
765 3971 867 4035 illi,
899 3986 1038 4041 quos
1055 3973 1214 4027 tellus
1263 3973 1415 4028 vivos
1452 3974 1795 4043 sepeliendos
1827 3974 2022 4027 absor-

437 4060 566 4131 psit,
584 4059 805 4130 quando
820 4061 1093 4131 principes
1109 4063 1348 4115 tribuum
1369 4063 1661 4116 tumultum
1685 4048 2023 4118 excitarunt?

438 4151 579 4219 Quid
615 4168 748 4208 vero
781 4154 863 4224 (ut
894 4170 1109 4207 omnem
1146 4154 1354 4209 cladem
1398 4155 1451 4209 in
1522 4170 1740 4225 poenam
1810 4157 2017 4225 peccati

439 4248 720 4302 inductam
770 4260 1102 4317 omnemque
1154 4248 1521 4302 voluntariam
1582 4250 2018 4305 interfectionem

2117 3157 2273 3211 τερος
2330 3140 2535 3207 κόσμου
2605 3138 2899 3207 σπέρματα
2941 3136 3369 3205 ἀνασωσάμενος
3418 3134 3511 3185 τὸν
3569 3130 3705 3201 βρύ-

2119 3251 2236 3303 χιον
2264 3233 2373 3300 (H)
2421 3232 2649 3283 θάνατον
2681 3230 2991 3281 ὑποστάντα
3016 3229 3084 3281 δι’
3118 3226 3408 3297 ἁμαρτιῶν
3454 3225 3715 3294 «nam;

2119 3324 2183 3376 Τί
2202 3326 2258 3376 δὲ
2283 3321 2425 3383 Λὼτ,
2445 3322 2761 3393 Σοδομίτης,
2784 3321 2845 3373 οὐ
2872 3319 3160 3387 Σοδομίτου
3188 3318 3546 3387 προαίρεσινς
3575 3314 3627 3366 τί
3651 3314 3717 3371 δὲ¹

2120 3417 2359 3486 Μωυσῆς
2393 3415 2537 3484 ἀμφὶ
2576 3415 2690 3484 λαῷ
2743 3413 3052 3485 Ἰσραηλίτῃ
3077 3410 3389 3479 Αἰγυπτίων
3418 3424 3709 3477 ταρταρω-

2122 3510 2353 3574 θέντωνς
2390 3510 2454 3562 Τί
2481 3509 2536 3561 δὲ
2570 3502 2645 3561 ὧν
2672 3507 2742 3560 τά
2769 3508 2920 3561 κῶλα
2951 3506 3146 3559 ἔπεσον
3178 3507 3235 3557 ἐν
3268 3506 3335 3574 τῇ
3374 3504 3571 3571 ἐρήμῳ
3596 3500 3706 3552 τῶν

2126 3603 2199 3673 μὴ
2258 3602 2637 3665 πταισάντων;
2688 3601 2742 3653 τί
2784 3602 2842 3654 δὲ
2888 3598 2983 3664 οὓς
3032 3598 3315 3665 ζωτάφους
3344 3594 3595 3648 δέδεκται
3638 3595 3714 3663 γῇ

2120 3695 2232 3748 τῶν
2270 3694 2383 3765 (15)
2428 3692 2938 3747 συνστασιασάντων
2998 3690 3325 3761 φυλάρχων;
3376 3686 3429 3738 τί
3480 3685 3540 3739 δὲ
3586 3686 3716 3753 (ἵνα

2122 3789 2304 3841 πᾶσαν
2346 3786 2490 3840 ἐάσω
2530 3786 2849 3854 ἐφάμαρτον
2890 3782 3269 3854 πανωλεθρίαν
3315 3782 3410 3835 καὶ
3464 3780 3719 3833 έκουσιό-

2123 3881 2284 3949 τητα)
2316 3878 2396 3943 τὸ,
2428 3895 2446 3929 ι
2492 3878 2614 3930 Ἐάν
2645 3877 2859 3945 θέλητε,
2883 3877 2950 3928 τά
2972 3875 3152 3943 ἀγαθὰ
3189 3878 3287 3945 τῆς
3310 3875 3414 3942 γῆς
3444 3871 3715 3941 φάγεσθεσ

2123 3976 2171 4025 εί
2193 3972 2249 4026 δὲ
2276 3972 2373 4044 μὴ,
2404 3972 2647 4043 μάχαιρα
2670 3972 2812 4041 ὑμᾶς
2835 3970 3119 4023 κατέδεται
3143 3986 3157 4034 ;
3184 3988 3201 4019 ι
3226 3968 3289 4020 Τί
3315 3968 3370 4021 δὲ
3391 3968 3485 4030 οὓς
3524 3966 3720 4027 Ἠλίας

2122 4065 2316 4129 ἀθέους
2357 4064 2712 4135 κατῃθάλωσε
2777 4063 2915 4134 πυρὶ
2962 4062 3092 4132 θείῳ
3137 4062 3331 4132 ἱερεῖς,
3364 4062 3460 4113 καὶ
3513 4060 3719 4126 διπλῆν

2124 4156 2560 4227 πεντηκοντάδα,
2587 4156 2723 4225 πρὸς
2753 4154 2863 4218 οὖς’
2896 4172 2914 4205 ι
2946 4154 3251 4207 Κατέλιπον
3284 4152 3508 4222 ἐμαυτῷ
3539 4150 3722 4203 ἑπτάσ-

2124 4263 2212 4309 κις
2244 4246 2447 4316 χιλίους
2464 4245 2659 4314 ἄνδρας
2683 4264 2701 4295 δ
2732 4248 2827 4297 καὶ
2850 4243 2909 4296 ὃν
2931 4244 3123 4315 νεκρὸν
3142 4242 3494 4310 ἑξανέσττιτες
3521 4238 3721 4291 Ταῦτα

438 4339 713 4411 omittam)
742 4339 963 4395 elIatum
995 4340 1128 4395 illud
1166 4358 1181 4396 :
1215 4360 1235 4392 ‹
1274 4342 1330 4395 Si
1359 4342 1666 4406 volueritis,
1690 4343 1831 4397 bona
1864 4354 2005 4397 terra

2128 4337 2224 4389 καὶ
2254 4337 2321 4389 τά
2352 4334 2578 4389 τοιαῦτα
2611 4336 2660 4387 εἰ
2697 4334 2930 4404 ὥρισται
2975 4334 3187 4387 Κλωθὼ
3227 4335 3362 4403 πρὸς
3406 4332 3577 4391 Θεοῦ,
3607 4329 3723 4382 ποῦ

440 4433 740 4489 comedetis
771 4435 852 4499 7’;
884 4434 969 4489 sin
994 4443 1199 4498 autem,
1232 4435 1445 4505 gladius
1490 4436 1773 4490 devorabit
1809 4436 1948 4489 vos?
1995 4455 2005 4488 ι

2125 4430 2186 4481 τὸ
2216 4427 2581 4493 αὐτεξούσιον,
2622 4428 2707 4480 ἵνα
2744 4428 2818 4498 μὴ
2843 4426 2981 4479 εἴπω
3009 4428 3068 4479 τὸ
3090 4426 3326 4489 ἄτοπονς
3363 4423 3429 4475 Τί
3470 4423 3527 4475 δὲ
3564 4425 3598 4491 ἡ
3626 4439 3722 4473 τε·

440 4522 583 4589 Quid
614 4540 743 4580 vero
773 4525 872 4590 illi,
906 4540 1047 4595 quos
1089 4524 1236 4581 Elias
1276 4526 1399 4595 igne
1442 4528 1648 4582 caelesti
1695 4528 1747 4581 in
1778 4528 2005 4581 cinerem

2127 4523 2350 4575 λευταία
2382 4521 2726 4591 πανωλεθρία
2753 4519 2861 4572 τῶν
2897 4518 3241 4589 Ἰσραηλιτῶν
3265 4514 3553 4585 εἴσπραξις
3577 4511 3721 4566 οὖσα

440 4615 698 4671 conflavit
723 4616 921 4687 impios
948 4619 1263 4672 saccrdOtes
1291 4618 1365 4681 ⁷⁸,
1413 4618 1607 4688 bisque
1671 4619 1991 4689 quinquage

2130 4613 2414 4686 Κυριακοῦ
2442 4614 2676 4685 αἵματος
2694 4614 2789 4665 καὶ
2812 4607 3378 4681 προφητικοῦλύθρου
3408 4607 3475 4659 δι’
3517 4605 3719 4658 Ἰταλιο

444 4712 634 4766 narios
664 4713 708 4748 τ’
738 4712 888 4766 viros
928 4727 995 4766 ex
1028 4710 1160 4775 illis,
1201 4711 1269 4765 de
1314 4711 1516 4780 quibus
1580 4711 1742 4782 (dixit
1812 4710 1974 4781 Deus)

2130 4708 2235 4778 κῆς
2274 4708 2510 4778 λόγχηςς
2549 4705 2608 4772 ἐξ
2642 4708 2771 4776 ὅρου
2815 4706 3040 4774 γέγονεν
3078 4704 3109 4770 ἢ
3150 4701 3209 4768 ἐξ
3253 4699 3635 4770 ἑκουσιότητος
3683 4699 3717 4770 ἦ

448 4821 468 4857 ι
508 4804 721 4874 Reliqui
766 4804 899 4859 mihi
930 4813 1137 4875 septem
1172 4803 1343 4858 millia
1369 4804 1613 4859 virorum
1646 4802 1692 4837 ⁸ο
1730 4824 1750 4857 ι
1794 4818 2005 4873 etquen

2132 4801 2342 4865 ἄλλως;
2388 4800 2453 4851 Τί
2481 4798 2539 4853 δὲ
2575 4797 2637 4851 τὸ
2668 4800 2750 4863 είς
2786 4799 2880 4851 τὸν
2914 4796 3081 4850 Ἀδελ
3111 4793 3445 4867 διαπραχθὲν
3488 4792 3723 4863 μιαιφό-

512 5003 719 5073 τιδειρ.
770 5018 810 5067 ι,
861 5004 947 5059 ιδ.
1044 5005 1089 5035 το
1113 5004 1249 5059 Gen.
1288 5020 1340 5073 ν,
1377 5004 1469 5073 at.
1580 5004 1625 5035 ’τ
1659 5002 1762 5059 Isa.
1826 5019 1864 5067 ι.
1922 5002 2005 5069 19.

2109 5007 2143 5057 t,
2257 5002 2300 5033 ⁷⁸
2333 5002 2398 5063 Ill
2458 5000 2592 5072 Reg.
2637 5017 2793 5067 xvm,
2824 5001 2914 5056 40.
3023 5000 3068 5032 ⁷³
3098 4998 3161 5053 ιν
3207 4996 3340 5069 Reg.
3376 5015 3417 5061 ι,
3466 4997 3499 5052 9
3554 5011 3717 5066 seqq.

443 5075 491 5113 ”
522 5072 594 5143 ιιι
618 5070 751 5145 Heg.
784 5092 898 5139 XIX,
935 5075 1019 5145 l8.
1336 5070 1341 5077 ”

1972 5254 2205 5312 NOTAE.

520 5423 789 5498 (9)_D¢_2_es_t
823 5384 1086 5498 particula
1111 5433 1340 5498 negans.
1372 5492 1382 5498 _
1584 5489 1597 5498 _
2214 5414 2325 5498 (Ἰί)
2362 5412 2453 5469 Sic
2482 5411 2761 5470 Catilorus
2807 5412 2909 5483 legi
2950 5412 3089 5477 vult,
3120 5427 3246 5467 cum
3299 5411 3471 5466 codex
3517 5411 3717 5467 habeat

524 5486 911 5569 illiillidetur
930 5494 1123 5547 deesse
1144 5486 1420 5569 particula
1443 5489 1715 5569 quaedam.
1821 5558 1833 5569 .
1912 5566 1921 5569 Α

2139 5486 2395 5569 κρύβῖἓοῖς
2446 5555 2459 5569 .
2571 5559 2582 5569 .
2649 5557 2679 5569 ..
2739 5556 2751 5569 .
3128 5554 3141 5569 .
3223 5553 3235 5569 .
3372 5550 3415 5569 ι.

549 5548 728 5636 illi?)
763 5563 1117 5636 Catiforuset
1144 5548 1233 5636 l'iie
1259 5563 1391 5631 quid
1438 5548 1647 5636 deesse
1686 5558 2017 5636 suspicatur.
2142 5628 2156 5636 _
2181 5548 2322 5636 '(1'5)
2347 5555 2483 5611 Cod.
2516 5559 2613 5629 μή.
2648 5556 2755 5613 Sed
2786 5570 2969 5612 sermo
2994 5564 3080 5610 est
3111 5554 3179 5609 de
3222 5553 3344 5609 loco
3371 5550 3535 5606 Num.
3572 5548 3711 5607 XVI.

549 5573 728 5636 11-12)
763 5573 1039 5620 L‘attl‘orus
1062 5573 1233 5618 etme
1259 5573 1391 5631 quid
1441 5573 1634 5625 deesse
1686 5573 2005 5629 suspicatur.

520 5573 637 5708 $15)
664 5637 800 5691 Cod.
825 5634 1126 5708 τετελέσθω
1154 5634 1394 5708 πάντως.
1433 5632 1489 5685 Si
1515 5630 1652 5684 nihil
1690 5632 1862 5708 deest.
1908 5640 2005 5685 tuu

2138 5628 2159 5684 ι
2210 5573 2421 5701 ἓθέὲέῗ

451 5700 547 5775 aut
576 5700 855 5777 τετέλεστο
883 5704 1168 5777 legendum
1196 5702 1410 5758 videtur
1442 5711 1536 5759 aut
1564 5700 1902 5763 τετελέσθαι.
