3902 6212
231 262 370 327 1037

1200 266 1300 323 AD
1328 262 1921 323 AMPHILOCHIUM
1951 262 2295 333 QUAESTIO
2332 263 2545 325 CCXL.
3125 286 3168 311 κ

3346 260 3497 326 1038:

226 393 411 445 νημα;
438 375 502 429 Ei
532 375 657 446 ὄρος
686 376 987 440 τετέλεστο,
1012 376 1064 429 τί
1100 376 1241 431 Καῒν
1265 377 1340 439 ὡς
1372 377 1653 449 ὑπηρέτης
1677 379 1803 449 ὅρου

1912 378 2194 431 suscitavit
2222 378 2539 433 mortuum?
2577 378 2703 433 Haec
2733 385 2789 432 et
2811 378 3010 433 similia
3058 377 3103 433 si
3167 377 3361 432 Clotho
3388 395 3485 448 per

226 467 618 535 ἀδελφοκτόνος
648 468 724 521 ὢν
770 469 955 521 στόνον
986 468 1148 531 αὐτὸς
1169 470 1265 522 καὶ
1288 469 1539 540 παγγενῆ
1564 469 1811 524 πανωλεο·

227 558 390 629 θρίαν
416 560 660 628 ὲσχάτως
687 560 1131 626 καταδικάζεται,
1150 561 1383 625 καὶπῶς
1409 561 1501 615 τὸν
1531 561 1699 629 φονέα
1720 562 1807 615 νό-

231 670 332 723 μος
360 653 503 716 θεῖος
527 655 591 707 ἐκ
613 653 738 706 Νῶε
762 653 889 725 ἄχρι
912 655 1011 725 τῆς
1034 654 1193 727 δεῦρο
1213 654 1429 724 θανάτῳ
1454 654 1809 719 καταδικάζει

231 744 351 814 μετ’
372 744 747 815 ἐπιστάσεως
771 745 804 815 ἢ
836 744 953 810 πῶς
977 748 1039 799 τὸ
1066 747 1144 810 είς
1167 745 1258 800 τὸν
1292 746 1465 815 Ἀγάγ
1494 746 1807 816 λογιστέονς

227 836 280 888 el
322 836 650 906 πεπλήρωτο
690 838 719 890 ό
754 838 833 900 είς
874 837 1038 891 αὑτὸν
1072 839 1216 910 ὅρος,
1248 840 1347 892 ούκ
1373 838 1682 910 ἐτεθνήκει,
1716 840 1811 892 καὶ

231 923 309 994 μὴ
344 924 669 996 βουλομένου
720 925 813 980 τοῦ
850 926 1023 981 Σαοὺλ
1058 928 1287 993 πατάξει
1319 931 1515 994 αὐτόνς
1550 930 1615 982 Τί
1661 929 1718 983 δὲ
1760 930 1811 982 οἱ

226 1014 324 1067 τοῦ
368 1015 487 1069 ’1ὼὸ
515 1019 705 1083 παῖδες
724 1058 739 1079 ,
771 1020 883 1091 ὅρῳ
912 1020 946 1090 ἢ
983 1019 1259 1092 ὲξαιτήσει
1305 1022 1483 1076 Σατάν
1509 1022 1649 1090 (16);
1680 1021 1729 1074 τί
1754 1019 1811 1074 δὲ

238 1106 517 1173 Ἑζεκίαςο
539 1110 592 1163 τί
615 1112 672 1164 δὲ
695 1110 1010 1179 Νινευῗται;
1044 1112 1096 1166 τί
1136 1114 1191 1166 δὲ
1217 1114 1266 1168 οἱ
1296 1114 1528 1184 καθεξῆς
1554 1114 1622 1167 δι’
1655 1116 1811 1168 εὐτυ-

228 1201 355 1270 χίας
385 1203 758 1267 ἀνασωθέντες
783 1206 815 1275 ἦ
837 1206 929 1258 καὶ
960 1205 1258 1277 σωζόμενοι
1284 1225 1298 1274 ;
1334 1207 1462 1260 τίδὲ
1492 1206 1597 1280 [τὸ]
1634 1227 1651 1260 ι
1691 1209 1810 1261 Ἵνα

226 1309 313 1355 τις
346 1294 411 1365 θῇ
439 1292 616 1364 ψυχὴν
644 1294 786 1365 ὑπὲρ
819 1296 1240 1367 στεργομένου,ι
1280 1291 1341 1353 οὗ
1369 1301 1736 1370 πρόγραμμος
1761 1298 1810 1351 oi

229 1385 375 1453 ᾶγιοι
423 1388 735 1456 μάρτυρες;
784 1388 907 1451 Πῶς
936 1390 996 1442 τὸ
1038 1390 1224 1453 Φινεὲς
1257 1391 1416 1461 ἔργον
1450 1392 1673 1457 θετέον;
1712 1410 1810 1445 κα-

228 1480 511 1551 κοπραγίᾳ
542 1480 572 1550 ἢ
606 1482 757 1550 ὃρῳ;
792 1480 903 1535 Ποῦ
937 1482 993 1534 δὲ
1025 1482 1106 1546 τὸ,
1152 1502 1171 1535 ι
1230 1485 1357 1537 Ἐὰν
1392 1485 1807 1558 ἀγαθοεργήσῃ,

228 1568 329 1642 ἔσῃ
360 1572 794 1643 μακροχρόνιοςς
824 1574 927 1626 ποῦ
954 1574 1009 1627 δὲ
1036 1574 1118 1636 τὸ,
1156 1594 1175 1626 ι
1224 1574 1605 1628 Ἐλασσονοῦσι
1639 1578 1811 1646 φυλάς

228 1664 529 1734 ἀμαρτίαι;
585 1666 651 1719 Τί
707 1665 765 1720 δὲ
818 1667 867 1719 οί
916 1666 1089 1737 δειλίᾳ
1143 1668 1372 1722 θανάτου
1436 1670 1805 1740 ἀπαγχόμενοι

227 1758 492 1822 ἑκουσίως
539 1758 572 1831 ἢ
615 1760 769 1814 αὐτοὶ
820 1761 943 1814 καθ’
996 1761 1376 1832 οίονδηποτοῦν
1431 1762 1631 1832 τρόπον
1677 1763 1806 1814 ἑαυ-

225 1851 354 1913 τοὺς
414 1838 764 1923 ἀναιροῦντες
823 1852 855 1924 ἢ
901 1854 1173 1918 ἀκουσίως
1214 1855 1345 1927 παρ’
1395 1854 1599 1924 ἑτέρων
1654 1853 1811 1907 τοῦτο

226 1943 545 2015 πεισόμενοι
590 1942 670 2017 [ἢ]
724 1945 867 2017 λιμῷ
907 1945 941 2015 ἢ
1024 1945 1173 2016 κόρῳ
1225 1946 1259 2016 ἢ
1310 1944 1468 2015 ψύξει
1532 1946 1809 2018 πληθούσῃ

229 2037 262 2085 ἦ
296 2036 472 2108 θέρμῃ
500 2038 534 2108 ἢ
565 2037 819 2108 λοιμώδει
855 2039 995 2111 νόσῳ
1018 2039 1049 2110 ἢ
1074 2040 1172 2093 ὅσα
1203 2038 1455 2110 βοηθείας
1488 2040 1811 2110 ἰσχυρότερα

225 2127 261 2196 ἢ
305 2127 690 2200 ἀθεράπευτα,
736 2130 824 2183 ἴνα
865 2131 939 2200 μὴ
972 2131 1116 2199 λέγω
1156 2131 1334 2185 πάντα
1368 2132 1438 2185 τά
1468 2131 1535 2184 δι’
1578 2133 1810 2203 ἀφαιρέ·

230 2237 371 2284 σεως
401 2222 666 2292 αἵματος
712 2223 777 2275 Τί
805 2223 862 2276 δὲ
895 2222 991 2275 ἐὰν
1020 2226 1131 2295 ἁφῇ
1175 2222 1273 2294 τὴν
1299 2224 1571 2295 ἀρτηρίαν
1599 2226 1809 2291 ἀδετον,

227 2312 497 2375 ἑκουσίως
537 2314 569 2385 ἢ
616 2315 709 2367 καὶ
755 2315 865 2389 μή;
906 2315 1027 2385 ούχὶ
1074 2318 1131 2367 ὲν
1182 2315 1375 2386 αἵματι
1420 2315 1598 2387 ψυχῆς
1645 2317 1809 2373 αὑτοῦ

227 2405 484 2475 ὲκδράσει
525 2408 619 2460 καὶ
657 2407 718 2460 τὸ
751 2407 936 2478 νοερὸν
984 2406 1242 2478 Πνεῦμα,
1284 2407 1311 2461 δ
1354 2409 1411 2462 ὲν
1453 2408 1628 2479 τούτῳ
1663 2408 1812 2461 δέδε-

227 2514 321 2551 ται
347 2497 457 2567 (17)
490 2499 611 2551 ἐπεὶ
633 2494 772 2568 αἷμα
813 2498 1179 2570 ἀποτυροῦται
1204 2502 1282 2564 είς
1306 2501 1487 2573 σάρκα
1510 2518 1525 2566 ;
1553 2502 1670 2572 ἅμα
1703 2503 1812 2573 γὰρ

230 2588 403 2660 σὰρξ,
437 2589 551 2660 ἅμα
581 2590 805 2658 Πνεῦμα
828 2591 959 2661 (18)·
990 2590 1085 2644 καὶ
1108 2591 1227 2655 πῶς
1266 2592 1423 2645 τοῦτο
1445 2608 1459 2658 ;
1484 2593 1566 2645 ὅτι
1606 2595 1635 2645 ό
1669 2592 1811 2657 θεῖος

228 2682 406 2750 Λόγος
450 2684 545 2737 καὶ
582 2683 990 2747 αύθυπόστατος
1033 2684 1171 2756 σὰρξ
1219 2685 1438 2754 ἐγένετο
1489 2686 1706 2756 σκηνῶν
1754 2687 1813 2738 ὲν

227 2774 364 2843 ἡμῖν
406 2773 535 2843 περὶ
575 2772 667 2825 τὸν
705 2773 963 2842 ἀσφαλῶς
1002 2772 1261 2842 δήσαντα.
1316 2772 1382 2826 Τί
1418 2772 1476 2826 δὲ
1502 2774 1551 2825 oi
1596 2773 1698 2843 γῆν
1733 2774 1812 2826 ol-

229 2864 451 2929 κοῦντες
490 2865 699 2935 σεισμῷ
744 2865 778 2936 ἢ
824 2869 1065 2938 πυρκαῖᾷ
1095 2866 1503 2937 ἀναιρούμενοι,
1543 2868 1637 2919 καὶ
1660 2869 1707 2920 oi
1755 2870 1813 2921 ὲν

229 2956 475 3029 θαλάσσῃ
498 2958 909 3029 διασωζόμενοι,
939 2958 1128 3030 ὥσπερ
1147 2961 1205 3013 ἐν
1249 2959 1483 3013 κλύδωνι
1506 2959 1814 3029 ἀπολλύμε-

1911 464 2106 530 Deum,
2143 467 2235 521 ubi
2270 469 2375 522 erit
2401 468 2614 522 arbitrii
2668 467 2917 531 libertas,
2952 483 3019 523 ne
3067 468 3246 523 dicam
3291 468 3484 522 absur-

1908 559 2090 614 ditas?
2121 559 2260 627 Quid
2289 576 2416 614 vero
2446 570 2720 631 postrema
2774 560 3273 615 illa‘Israelitarum
3313 560 3485 615 inter-

1909 650 2071 705 fectio
2108 650 2161 704 in
2198 665 2415 720 poenam
2457 651 2742 723 sanguinis
2775 651 2986 706 Domini
3013 660 3068 705 et
3094 652 3485 722 prophetarum

1908 742 2071 796 caedis
2117 758 2212 812 per
2251 758 2402 797 arma
2440 742 2813 799 Romanorum
2879 743 3068 797 illata?
3121 744 3199 797 Ex
3250 744 3487 797 termino

1909 847 2004 887 seu
2036 833 2252 888 decreto
2278 835 2505 904 contigit
2542 850 2610 889 an
2641 850 2706 889 ex
2767 836 2998 889 arbitrio
3030 834 3331 888 voluntatis
3392 847 3487 889 aut

1908 924 2015 979 alia
2040 925 2295 980 ratione?
2323 926 2462 994 Quid
2494 942 2621 982 vero
2639 936 2862 982 cruenta
2890 927 3065 983 caades
3094 926 3149 980 in
3180 926 3344 981 Abele
3364 942 3488 997 per-

1909 1017 2159 1085 petrata?
2190 1016 2247 1070 Si
2290 1018 2560 1073 terminus
2624 1034 2654 1074 a
2691 1018 2800 1073 Deo
2854 1019 3193 1089 praestitutus
3236 1018 3487 1088 expletus

1911 1105 2015 1159 fuit
2042 1104 2110 1167 ⁸¹,
2144 1123 2243 1161 cur
2276 1108 2430 1175 Cain,
2457 1109 2550 1178 qui
2590 1119 2648 1163 ut
2674 1109 2845 1165 divini
2878 1109 3081 1165 decreti
3118 1109 3369 1164 minister
3392 1124 3488 1163 oc-

1910 1197 2042 1252 cidit
2092 1197 2342 1266 fratrem,
2379 1207 2446 1254 ad
2497 1202 2733 1271 gemitus
2792 1203 2907 1272 ipse
2959 1202 3233 1273 totiusque
3273 1202 3489 1272 generis

1910 1291 2191 1346 interitum
2255 1294 2689 1348 condemnatur?
2746 1292 2812 1347 Et
2862 1295 3137 1364 quomodo
3171 1295 3259 1349 lex
3305 1294 3489 1350 divina

1913 1398 1939 1436 a
1970 1381 2084 1439 Noe
2127 1384 2173 1415 υ
2203 1384 2268 1439 ad
2301 1385 2405 1440 hoc
2455 1401 2631 1455 usque
2673 1394 2889 1455 tempus
2941 1386 3269 1441 homicidam
3329 1389 3487 1441 morti

1910 1476 2157 1531 addicit?
2188 1476 2295 1531 Aut
2323 1479 2599 1547 quomodo
2631 1478 2763 1533 illud
2794 1480 2859 1533 de
2890 1479 3038 1549 Agag
3060 1479 3106 1511 ⁸³
3128 1479 3489 1550 reputandum

1910 1568 2117 1623 esl?Si
2149 1569 2414 1623 terminus
2476 1569 2579 1638 ipsi
2638 1568 2836 1625 fuisset
2896 1570 3254 1639 praestitutus,
3303 1585 3490 1623 nonne

1913 1662 2164 1727 obiisset,
2205 1662 2307 1719 etsi
2343 1664 2511 1717 nollet
2532 1662 2661 1717 Saul
2705 1664 2883 1731 ipsum
2949 1662 3292 1718 interficere?
3349 1662 3488 1729 Quid

1915 1770 2044 1810 vero
2090 1754 2185 1809 ﬁlii
2215 1755 2319 1811 Job
2349 1754 2434 1809 8"i
2458 1756 2560 1811 Per
2601 1755 2970 1814 terminumne
2997 1771 3069 1811 an
3127 1771 3223 1826 per
3274 1754 3492 1811 Satanae

1913 1848 2226 1919 petitionem
2262 1847 2681 1904 occubuerunt?
2703 1847 2844 1913 Quid
2882 1848 3169 1903 Ninivitaz?
3200 1846 3341 1921 Quid
3359 1847 3493 1901 Eze-

1913 1942 2105 1998 chias?
2135 1941 2273 2008 Quid
2302 1957 2429 1998 vero
2454 1942 2658 2009 caeteri,
2689 1943 2781 2011 qui
2802 1958 3067 2013 prospero
3088 1942 3271 2013 aliquo
3294 1951 3491 1998 eventu

1912 2035 2111 2091 servati
2142 2044 2272 2091 sunt
2300 2036 2385 2089 vel
2418 2035 2601 2090 adhuc
2638 2034 2958 2091 servantur?
2992 2034 3135 2101 Quid
3190 2050 3319 2090 vero
3358 2032 3491 2095 cffa-

1911 2141 2025 2185 tum
2061 2128 2196 2183 illud
2226 2148 2239 2183 :
2270 2147 2287 2178 ι
2323 2126 2393 2183 Ut
2419 2135 2585 2197 ponat
2614 2128 2738 2198 quis
2779 2128 3019 2185 animam
3066 2143 3222 2183 suam
3249 2126 3494 2197 pranlile-

1912 2230 2000 2275 cto
2025 2221 2093 2287 ⁸⁸,
2131 2239 2150 2272 ι
2209 2219 2369 2289 cujus
2424 2218 2502 2274 rei
2543 2234 2735 2275 norma
2792 2229 2923 2275 sunt
2970 2220 3144 2279 sancti
3200 2228 3489 2289 martyres.

1914 2311 2052 2379 Quid
2087 2325 2216 2365 vero
2240 2310 2308 2365 de
2329 2310 2422 2364 illo
2461 2310 2607 2380 quod
2634 2310 2765 2368 fecit
2797 2308 3033 2367 Phinees
3069 2308 3116 2341 ⁸⁸
3140 2306 3492 2365 statuendum

1912 2403 2040 2457 est?
2074 2401 2151 2455 Ex
2180 2400 2487 2463 infortunio
2543 2401 2673 2456 illud
2708 2400 2959 2459 evenisse
3005 2416 3073 2454 an
3122 2413 3189 2453 ex
3239 2396 3517 2455 decreto?

1916 2494 2017 2551 Ubi
2048 2510 2177 2550 vero
2211 2495 2377 2554 illud:
2414 2512 2433 2545 (
2469 2494 2527 2549 Si
2569 2495 2707 2550 bene
2734 2494 2931 2563 egeris,
2974 2493 3084 2548 eris
3129 2492 3424 2560 longzevus.
3468 2507 3488 2538 ι

1914 2586 2020 2642 Ubi
2068 2587 2247 2641 illud:
2309 2605 2327 2638 ι
2364 2585 2617 2641 Minuunt
2680 2586 2853 2641 tribus
2908 2593 3130 2654 peccata
3166 2582 3255 2635 3’?
3287 2600 3306 2633 ι
3354 2580 3517 2646 Quid

1915 2692 2045 2731 vero
2069 2678 2162 2746 qui
2212 2685 2359 2732 metu
2408 2676 2601 2730 mortis
2657 2683 2854 2746 sponte
2907 2691 2965 2731 se
3013 2675 3362 2743 strangulant
3409 2673 3495 2726 vel

1915 2783 2139 2839 quoquo
2172 2768 2331 2822 modo
2393 2768 2607 2836 seipsos
2652 2767 2983 2822 interimunt
3026 2767 3111 2821 vel
3161 2766 3231 2820 ab
3278 2764 3399 2819 aliis
3440 2762 3495 2816 id

1917 2859 2096 2928 ipsum
2149 2858 2305 2913 inviti
2336 2858 2626 2928 patiuntur
2657 2858 2742 2913 vel
2777 2858 2946 2912 nimia
2976 2858 3154 2912 inedia
3200 2865 3295 2911 aut
3325 2856 3493 2915 salict-

1917 2962 2037 3008 tate.
2057 2953 2139 3007 vel
2194 2954 2421 3022 cepioso
2454 2950 2659 3022 frigore
2699 2960 2793 3011 aut
2843 2950 3027 3005 calore
3068 2949 3155 3004 vel
3212 2949 3345 3003 febri
3400 2958 3497 3002 aut

227 3064 313 3102 νοι
360 3048 454 3101 καὶ
492 3050 542 3103 οἱ
588 3052 645 3103 ὲν
696 3053 765 3121 γῇ
817 3050 892 3122 μὴ
925 3050 1322 3123 βλαπτόμενοι;
1365 3053 1430 3108 Τί
1469 3054 1599 3117 τοὺς
1657 3054 1811 3125 παρὰ

1918 3046 2226 3115 pestilentia
2261 3043 2343 3098 vel
2397 3043 2521 3098 aliis
2564 3042 2771 3097 morbis
2826 3040 3226 3097 incurabilibus
3276 3054 3348 3095 ne
3407 3054 3496 3093 re-

242 3137 517 3195 Ἐλισαίου
542 3142 880 3205 ἀναστάντας
915 3147 1141 3214 νεκρούς
1167 3160 1182 3209 ;
1220 3146 1274 3198 τί
1299 3145 1356 3199 δὲ
1389 3146 1518 3208 τοὺς
1543 3146 1696 3217 παρά
1720 3147 1814 3198 τοῦ

1913 3152 2168 3193 censeam
2198 3138 2383 3192 omnia
2416 3136 2506 3197 illa
2553 3150 2674 3204 qum
2703 3151 2765 3189 ex
2825 3133 3161 3193 detractione
3207 3132 3495 3202 sanguinis

227 3235 333 3299 τῆς
383 3234 527 3302 ζωῆς
557 3234 802 3305 ἀρχηγοῦ
847 3235 1115 3306 Χριστοῦ;
1166 3238 1231 3289 Τί
1264 3238 1322 3291 δὲ
1358 3237 1420 3290 τὸ
1453 3238 1694 3300 Ταόιθᾶς
1716 3255 1735 3303 ;‹
1763 3238 1815 3290 τί

227 3321 288 3374 δὲ
319 3322 378 3374 τὸ
429 3324 673 3377 Ἀνανίου
716 3326 810 3376 καὶ
848 3325 1163 3397 Σαπφείρας
1188 3344 1202 3390 ;
1232 3326 1284 3379 τί
1317 3327 1376 3381 δὲ
1406 3328 1477 3381 τὰ
1502 3327 1610 3383 τῶν
1643 3327 1818 3381 ἄλλων

228 3408 403 3473 ἁγίων
425 3408 552 3478 ἀχρι
590 3412 689 3479 τῆς
709 3409 867 3478 δεῦρο
908 3411 1423 3481 τερατουργούμενα
1442 3410 1654 3481 νεκρῶν
1682 3412 1814 3464 ἀνα-

230 3498 520 3566 6ιὼματα;
567 3501 616 3553 εἰ
647 3502 771 3570 ὄρος
801 3502 1160 3573 ἐπεπλήρωτο
1186 3544 1201 3570 ,
1233 3502 1352 3566 πῶς
1385 3503 1445 3561 τὸ
1494 3496 1709 3574 ὁρισθὲν
1755 3503 1816 3558 ού

232 3610 303 3644 τε
311 3592 377 3643 πέ
385 3610 582 3662 ρασται
604 3611 619 3657 ;

1913 3228 2238 3298 contingunt
2264 3227 2286 3281 ?
2316 3227 2459 3294 Quid
2490 3241 2622 3281 vero
2674 3226 2718 3281 si
2756 3225 3042 3295 reliquerit
3095 3224 3353 3278 arteriam
3384 3238 3494 3276 non

1916 3320 2137 3388 ligatam
2198 3319 2315 3375 sive
2354 3320 2611 3373 consulto
2666 3319 2782 3374 sive
2814 3313 3389 3371 inmttsullo?N0nne
3440 3314 3495 3369 in

1915 3411 2183 3481 sanguine
2208 3410 2405 3471 anima:
2434 3426 2547 3465 sua:
2595 3410 2833 3479 spiritus.
2855 3423 3079 3479 quoque
3132 3406 3498 3462 intellectivus

1914 3502 2156 3573 effugiet,
2184 3502 2392 3572 quiest
2423 3503 2477 3557 in
2508 3517 2575 3555 eo
2627 3502 2904 3570 alligatus,
2942 3501 3121 3555 statim
3156 3514 3221 3552 ac
3271 3498 3499 3564 sanguis

1916 3596 1971 3653 in
2011 3610 2230 3652 carnem
2271 3594 2682 3649 condensatur?
2717 3594 2893 3649 Simul
2921 3594 3067 3649 enim
3121 3591 3339 3647 exsistit
3370 3604 3499 3644 caro

226 3682 394 3738 simul
414 3695 468 3739 et
489 3686 734 3755 spiritus.
772 3686 837 3743 Et
860 3689 1138 3759 quomodo
1192 3688 1332 3743 hoc?
1372 3686 1512 3755 Quia
1560 3687 1807 3745 divinum
1849 3685 2087 3742 Verbum
2154 3694 2210 3741 et
2276 3701 2371 3755 per
2402 3700 2463 3740 se
2504 3686 2813 3740 subsistens
2852 3699 2981 3739 caro
3023 3682 3228 3738 factum
3278 3689 3363 3736 est
3398 3681 3499 3735 lia-

227 3776 409 3833 bitaus
452 3781 504 3834 in
540 3782 696 3835 nobis
738 3783 803 3837 ⁸⁸.
838 3783 1019 3850 "Quid
1055 3800 1183 3839 vero
1238 3784 1553 3851 dicendum,
1619 3784 1840 3854 quando
1879 3783 1975 3852 qui
2043 3790 2244 3837 terram
2283 3781 2553 3846 habitant,
2586 3791 2747 3836 terra:
2780 3788 2931 3836 motu
2966 3788 3061 3835 aut
3092 3778 3376 3834 incendio
3412 3777 3498 3830 in-

228 3874 583 3935 terimuntur,
640 3879 696 3927 et
728 3874 822 3942 qui
851 3874 904 3926 in
929 3876 1068 3929 mari
1109 3876 1335 3946 degunt,
1362 3877 1669 3931 incolumes
1735 3884 2047 3939 servantur,
2116 3875 2260 3931 sicut
2330 3875 2423 3929 alii
2473 3875 2526 3928 in
2568 3883 2889 3943 tempestate
2939 3882 3171 3944 pereunt
3198 3882 3253 3927 et
3308 3871 3403 3942 qui
3444 3872 3500 3926 in

226 3979 369 4023 terra
402 3977 529 4023 sunt
561 3982 669 4021 non
702 3969 1005 4023 laeduntur?
1033 3968 1173 4035 Quid
1203 3971 1269 4025 de
1313 3972 1545 4026 mortuis
1603 3971 1669 4025 ab
1717 3969 1910 4024 Elisaao
1976 3969 2030 4023 in
2098 3969 2265 4024 vitam
2334 3968 2649 4024 revoeatis?
2682 3966 2824 4034 Quid
2849 3968 2918 4022 de
2950 3968 3019 4023 iis
3062 3981 3201 4036 quos
3234 3967 3494 4021 excitavit

224 4060 353 4113 vitae
384 4067 579 4113 auctor
609 4057 904 4114 Christus?
936 4058 1076 4126 Quid
1101 4062 1167 4116 de
1211 4061 1485 4116 'l‘abitha?
1558 4061 1699 4127 Quid
1742 4062 1809 4115 de
1847 4077 1913 4116 eo
1958 4062 2105 4132 quod
2171 4060 2402 4132 contigit
2467 4060 2699 4115 Ananiae
2751 4068 2809 4114 et
2867 4057 3195 4129 Sapphiraa?
3250 4056 3393 4123 Quid
3433 4059 3525 4113 de.

226 4155 351 4209 aliis
386 4162 725 4211 mortuorum
758 4158 1200 4223 cxcitationibus,
1225 4174 1347 4228 quae
1375 4159 1441 4212 ad
1467 4159 1614 4213 hunc
1636 4174 1807 4228 usque
1871 4158 2013 4213 diem
2055 4172 2095 4212 at
2120 4156 2327 4213 sanctis
2387 4159 2761 4227 peraguntur?
2810 4154 2869 4208 Si
2916 4154 3185 4210 terminus
3244 4153 3499 4222 impletus

226 4260 369 4315 erat,
400 4252 679 4319 quomodo
708 4254 857 4322 quod
905 4252 1085 4308 fuerat
1105 4254 1389 4309 definitum
1420 4269 1528 4309 non
1574 4254 1678 4309 fuit
1732 4254 1800 4309 ad
1834 4253 2085 4309 effectum
2114 4253 2439 4322 perductum
2461 4253 2502 4305 ἲ»

296 4347 357 4401 ε’.
402 4350 556 4403 Πᾶσα
588 4350 793 4404 παλαιὰ
818 4351 929 4423 (l9)
968 4352 1115 4423 ὅρον,
1158 4350 1323 4423 πλὴν,
1340 4352 1503 4421 μόνου
1528 4352 1621 4406 τοῦ
1652 4354 1710 4406 ὲν
1737 4354 1802 4421 τῇ

1987 4351 2039 4405 5.
2076 4348 2407 4405 Universum
2444 4348 2610 4405 Vetus
2641 4348 3056 4405 Testamentum
3096 4347 3263 4402 alium
3311 4346 3500 4401 terrui-

223 4440 534 4509 παραϐάσει
561 4441 856 4511 ἁμαρτίας,
883 4460 902 4494 ι
956 4444 1002 4513 ῌ
1030 4441 1074 4495 δ⁸
1098 4441 1163 4496 ἂν
1182 4441 1302 4513 ὥρᾳ
1326 4443 1565 4512 φάγεσθε
1595 4442 1806 4498 ἀποθα-

220 4533 426 4594 νεῖσθε,
472 4552 490 4586 ι
552 4534 696 4587 κατά
736 4534 995 4604 πρόθεσιν
1033 4533 1191 4588 ἀλλον
1228 4534 1329 4588 οὐκ
1355 4529 1531 4600 οἷδεν;
1572 4536 1621 4587 εί
1657 4535 1715 4588 δὲ
1747 4535 1809 4589 τὸ

223 4622 563 4691 Εὑαγγέλιον
597 4624 859 4695 κηρύττει
889 4627 1036 4695 ὅρον,
1070 4627 1247 4677 εἰπεῖν
1266 4625 1366 4678 οὐκ
1398 4626 1525 4696 ἔχω·
1560 4625 1659 4680 ἕνα
1690 4622 1807 4679 οἶδα

222 4714 524 4783 ἀκρότατον
557 4715 681 4786 ὅρον
714 4714 952 4786 Χριστοῦ
988 4715 1271 4783 λέγοντος·
1311 4715 1664 4786 ἐρωτώμενος
1698 4718 1806 4786 γὰρ

223 4807 381 4877 παρὰ
417 4807 729 4879 Φαρισαίων
764 4809 893 4877 περὶ
942 4807 1255 4877 ἀνθρώπων.
1297 4807 1619 4870 Γαλιλαίων,
1671 4800 1748 4859 ὧν
1779 4810 1807 4860 ὁ

222 4899 459 4963 Πιλάτος
502 4900 563 4953 τὸ
610 4894 750 4970 αἷμα
797 4900 936 4970 μετὰ
984 4900 1094 4952 τῶν
1129 4899 1329 4951 θυσιῶν
1374 4897 1527 4971 ἔμιξε
1575 4899 1671 4953 καὶ
1713 4898 1807 4962 οὒς

298 5097 343 5129 ⁸⁸
377 5096 511 5151 Gen.
546 5114 621 5160 ιν,
648 5096 714 5153 10
741 5114 894 5168 seqq.

225 5183 360 5233 xxv,
385 5169 415 5219 7
468 5183 625 5239 seqq.

972 5098 1017 5130 ⁸¹
1047 5099 1180 5155 Gen.
1201 5102 1335 5165 tx,6.
1394 5099 1455 5171 _”
1480 5099 1501 5154 1
1522 5098 1655 5171 Reg.
1685 5116 1773 5162 XV.
1799 5101 1830 5154 8
1853 5116 2007 5170 seqq.

698 5170 740 5200 ⁸⁷
773 5169 947 5225 Exod.
1002 5186 1094 5236 xx,
1153 5172 1243 5227 1‘2.
1317 5171 1364 5202 ⁸⁸
1386 5168 1547 5225 Joan.
1590 5168 1629 5234 ιζ
1661 5171 1749 5226 14.
1826 5172 1873 5204 ⁸⁸
1921 5168 2057 5225 Gen.
2091 5188 2147 5237 ιι,
2184 5173 2269 5225 Π.

1906 4456 2035 4496 num
2070 4440 2370 4496 secundum
2408 4441 2747 4509 propositum
2775 4456 2883 4495 non
2916 4440 3184 4510 agnoscit,
3204 4438 3494 4493 nisiunum

1906 4533 2083 4598 illttm,
2139 4532 2231 4601 qui
2285 4540 2511 4601 peccato
2563 4547 2629 4586 ac
2690 4530 3129 4601 praavaricationi
3180 4530 3491 4586 statuitur:

1911 4642 1929 4674 ι
1967 4621 2026 4677 1η
2052 4639 2159 4692 qua
2195 4622 2327 4676 hora
2348 4621 2720 4687 comederitis,
2751 4622 3066 4676 moriemini
3091 4619 3138 4653 ⁸³
3157 4621 3180 4674 ?
3202 4640 3221 4671 ι
3249 4619 3330 4674 An
3358 4635 3493 4674 vero

1905 4716 2258 4788 Evangelium
2290 4717 2549 4787 praedicet
2588 4720 2906 4781 terminum,
2936 4717 3210 4772 afﬁrmare
3243 4732 3483 4787 nequeo.

1904 4807 2084 4862 Unutn
2110 4810 2226 4863 scio
2269 4825 2587 4878 supremum
2618 4825 2647 4863 a
2675 4808 2893 4865 Christo
2951 4810 3251 4864 indicatum
3303 4810 3493 4863 termi-

1902 4917 2050 4955 num.
2086 4900 2454 4972 lnterrogatus
2483 4907 2631 4957 enim
2659 4918 2689 4956 a
2709 4900 3001 4957 Pharisads
3024 4901 3090 4956 de
3121 4902 3229 4955 illis
3247 4899 3516 4955 Galilaais.

2083 5101 2129 5131 ‘“
2154 5099 2257 5154 Jnh
2279 5118 2317 5164 ι,
2349 5102 2548 5166 18,19.
2663 5104 2707 5135 ⁸³
2733 5100 2891 5157 Joan.
2917 5104 3117 5164 “.15.
3226 5102 3273 5134 ⁸⁸
3306 5100 3468 5158 Num.

1750 5351 1980 5410 NOTAE.

228 5538 848 5665 γ(ιίὶίιίξῖηξιιρριοιιιίιιιιι
899 5542 1111 5598 videtur
1153 5542 1446 5615 τεθνήκασι
1504 5541 1585 5597 vel
1631 5540 1813 5597 simile

305 5682 420 5751 (17)
454 5678 512 5735 lu
540 5682 663 5738 cod.
720 5683 937 5743 lacuna.
980 5684 1055 5738 Ad
1094 5701 1266 5758 marg.
1299 5684 1457 5741 Catili
1503 5684 1552 5736 oi
1591 5683 1804 5749 διᾶγαν.

1968 5543 2082 5613 (18)
2135 5540 2201 5597 Et
2245 5541 2335 5597 hic
2396 5540 2649 5596 vitiatum
2717 5549 2923 5597 textum
2986 5538 3299 5610 suspicatur
3345 5532 3521 5602 Catia

1917 5614 2090 5668 fortis.

1991 5685 2101 5755 (19)
2134 5684 2221 5740 Sc.
2256 5682 2510 5757 διαθήκη.
