3902 6212
445 188 581 253 1039

1560 204 1823 265 ΡΗΟἹῊ
1854 206 2355 270 PATRIAHCH/E
2395 213 2505 273 CP.

3544 224 3689 294 10ιο

435 319 670 373 quorum
718 306 1037 375 sanguinem
1091 308 1296 366 Pilatus
1328 326 1453 366 cum
1520 314 1805 371 sacriﬁciis
1870 318 1971 371 mis

2105 319 2132 370 6
2161 319 2217 371 ἐν
2248 320 2468 389 Σιλωὰμ
2502 320 2709 392 πύργος
2743 323 2923 377 πεσὼν
2954 326 3292 397 ἀπέκτεινεν,
3338 335 3387 386 εί
3420 334 3680 407 ἁμαρτω-

434 394 610 448 cuit"
642 405 697 448 et
724 411 865 465 quos
892 398 1059 454 turris
1086 400 1140 453 in
1189 398 1336 456 Siloe
1359 405 1600 474 collapsa
1630 409 1905 464 occiderat
1930 411 1999 478 “,

432 501 501 541 an
536 488 780 541 omnium
813 489 1045 545 fuissent
1078 491 1437 563 iniquissimi,
1488 500 1722 569 negavit,
1776 502 2001 572 adjecit-

432 595 539 648 que
574 596 681 635 non
712 582 887 635 solum
926 583 1086 637 verba
1113 585 1201 640 illa
1239 603 1251 639 :
1291 606 1309 638 ι
1349 586 1847 659 Νἱ8ἰρωοἰιοοιίιιιο
1872 610 1999 665 ege-

432 673 550 728 ritis
585 676 631 707 ⁹²
672 696 690 726 I
731 689 921 731 omnes
947 676 1197 733 similiter
1241 681 1511 749 peribilis,
1546 685 1638 739 sed
1672 699 1725 741 et
1781 687 1865 741 ﬁci
1912 703 2001 740 ar-

431 768 578 825 boris
609 771 858 839 exemplo
890 772 1183 826 terminum
1215 778 1407 830 statuit
1450 776 1671 832 dicens:
1714 798 1729 829 ι
1771 778 1998 835 Succide

431 860 617 927 illam;
659 871 719 915 ut
748 863 879 932 quid
900 864 1062 917 etiam
1110 874 1310 919 terram
1350 878 1581 938 occupat
1609 870 1704 923 9'?
1739 889 1757 921 I
1794 870 1997 925 Simili-

430 959 511 1006 ter
539 961 593 1006 et
621 953 778 1009 divus
805 955 1096 1023 Apostolus
1134 958 1201 1012 de
1228 958 1295 1011 iis
1338 961 1430 1029 qui
1479 962 1719 1033 indigne,
1779 975 1836 1019 ut
1874 981 1993 1035 ego,

428 1054 779 1099 sacrosancta
816 1047 1073 1116 mysteria
1108 1050 1455 1120 participant,
1498 1052 1665 1107 infert
1696 1054 1990 1110 deﬁniens:

435 1152 453 1184 ι
519 1132 647 1189 Ideo
708 1136 865 1190 multi
908 1138 1108 1192 inﬁrmi
1152 1150 1205 1193 et
1258 1141 1553 1198 imbecilles
1618 1154 1669 1198 et
1712 1146 1994 1203 dormiunt

427 1224 581 1278 multi
612 1225 679 1277 “.
713 1244 731 1277 I
775 1224 913 1291 Quid
946 1244 1073 1282 vero
1099 1228 1289 1295 David,
1341 1231 1543 1288 Christi
1586 1235 1677 1288 Dei
1730 1252 1991 1306 proavus,

422 1314 552 1370 dum
580 1316 703 1369 vita:
734 1317 987 1373 humanae
1011 1337 1323 1376 mensuram
1361 1325 1702 1396 septuaginta
1749 1334 1844 1380 aut
1900 1343 1991 1382 oc-

423 1408 630 1477 toginta
668 1423 864 1475 annos,
912 1411 1050 1467 ultra
1112 1430 1252 1483 quos
1292 1416 1530 1471 laborem
1578 1420 1842 1483 nectit”;
1874 1429 1987 1474 tum

419 1498 545 1551 alibi
581 1516 594 1552 :
637 1517 655 1549 ι
693 1499 841 1555 Educ
879 1501 947 1556 de
992 1505 1240 1559 custodia
1305 1507 1544 1561 animam
1599 1524 1773 1563 meam
1802 1511 1846 1541 ⁹⁶
1879 1529 1896 1561 I
1935 1521 1989 1567 et

418 1606 611 1645 rursus
655 1610 668 1645 :
697 1612 714 1643 ι
750 1590 828 1647 Ne
866 1610 1086 1651 revoces
1137 1613 1221 1651 me
1253 1598 1306 1652 in
1335 1599 1561 1655 dimidio
1594 1602 1805 1656 dierum
1837 1619 1986 1658 meo-

420 1694 535 1731 rum
567 1680 633 1744 ⁸⁷,
684 1700 702 1732 I
737 1691 796 1736 ut
838 1702 857 1735 ι
896 1682 1051 1740 Viros
1092 1689 1420 1757 sanguinum
1473 1700 1527 1745 et
1580 1690 1820 1759 dolosos,
1872 1709 1978 1748 non
2018 1678 2057 1733 Β

415 1767 778 1825 dimidiabunt
812 1773 929 1829 dies
969 1791 1100 1830 suos
1130 1777 1195 1842 9‘,
1226 1797 1245 1829 I

484 1861 538 1915 6.
570 1861 706 1927 Quis
731 1863 872 1920 inter
904 1869 1177 1937 apostolos
1208 1881 1303 1925 aut
1343 1874 1583 1943 synodos
1631 1884 1726 1930 aut
1768 1885 1987 1934 sanctos

413 1948 623 2019 Patres,
653 1955 745 2022 qui
778 1958 1066 2011 terminum
1096 1959 1257 2013 istum
1296 1964 1544 2017 scribat?
1575 1964 1727 2031 Quod
1763 1968 1808 2020 si
1867 1985 1985 2022 ma-

416 2058 581 2111 gnum
619 2044 881 2099 Basilium
914 2048 1166 2117 aﬂ‘erant,
1197 2053 1336 2105 male
1363 2054 1511 2106 illum
1543 2055 1867 2126 intelligunt,
1891 2060 1982 2128 qui

415 2130 468 2183 id
502 2130 569 2185 de
592 2147 657 2186 eo
683 2136 996 2202 opinantur.
1030 2137 1239 2207 Ubique
1272 2144 1415 2194 enim
1458 2144 1529 2196 ita
1564 2146 1741 2212 docet,
1783 2164 1847 2201 ex
1882 2166 1980 2203 no-

414 2216 499 2271 bis
534 2220 799 2277 exsistere
834 2235 1087 2289 mortem,
1132 2243 1240 2281 non
1303 2243 1483 2284 autem
1508 2250 1575 2287 ex
1614 2236 1742 2291 Deo.
1803 2236 1981 2293 Locus

414 2320 544 2361 vero
575 2309 643 2362 ab
668 2309 734 2363 iis
766 2312 965 2367 citatus
1000 2315 1267 2382 ejusmodi
1315 2328 1417 2373 est.
1464 2320 1806 2391 Propositum
1865 2337 1981 2382 erat

413 2406 603 2450 sancto
633 2400 938 2468 ostendere,
972 2417 1076 2456 non
1097 2419 1216 2459 esse
1243 2405 1407 2460 Deum
1432 2425 1651 2464 causam
1676 2416 1976 2481 malorum;

414 2487 775 2555 particulatim
809 2492 953 2547 enim
970 2495 1246 2552 disserens
1286 2498 1684 2557 demonstravit
1727 2516 1975 2563 nostrum

412 2579 631 2647 quidem
696 2597 818 2637 esse
855 2585 1144 2654 inﬁrmari,
1188 2587 1282 2644 Dei
1323 2604 1507 2646 autem
1566 2609 1783 2663 sanare,
1819 2598 1978 2667 juxta

410 2669 541 2725 illud
572 2690 585 2723 :
622 2691 643 2724 ι
683 2672 798 2729 NOII
823 2686 904 2731 est
936 2680 1141 2735 malitia
1175 2683 1290 2738 sive
1323 2687 1559 2753 vexatio,
1595 2704 1760 2759 quam
1789 2689 1976 2746 Domi-

409 2776 514 2817 nus
548 2780 656 2818 non
690 2765 875 2823 fecerit
900 2772 967 2826 ⁸³.
1008 2791 1028 2824 I

407 2874 736 2944 QUIESTIO
792 2882 994 2938 CCXLI
1048 2884 1232 2958 [CoisL
1312 2887 1476 2946 Tanr.
1511 2889 1774 2949 LXXVII.
1812 2894 1979 2966 Wolf.

1003 2975 1361 3052 Lxxxvnu.

407 3060 549 3129 Quid
576 3064 839 3149 signiﬁcat
879 3068 1014 3149 illud
1040 3084 1060 3122 :
1097 3087 1118 3121 ι
1159 3070 1528 3149 Voseqpalre
1565 3076 1780 3149 diabolo
1810 3081 1970 3149 estisj:

719 3146 791 3201 et,
829 3155 848 3188 ι
905 3138 1035 3205 Quis
1052 3150 1129 3194 est
1160 3141 1365 3197 diaboli
1389 3157 1541 3213 pater
1564 3148 1580 3179 ¹
1604 3148 1627 3201 ?
1656 3166 1675 3200 I

2106 408 2314 463 λότατοι
2346 411 2564 465 πάντων
2602 408 2763 485 ἦσαν,
2814 412 2963 470 εἶπεν
2998 419 3117 489 οὐχί
3138 438 3151 450 ·
3205 424 3298 475 καὶ
3332 426 3589 495 ἐπιφέρει
3621 429 3685 482 οὗ

2107 504 2266 574 μόνον
2294 505 2376 558 τό·
2420 525 2437 557 ι
2480 507 2605 561 Ἑάν
2640 508 2715 580 μὴ
2739 512 3127 583 μετανοήσητε,
3164 534 3182 567 I
3221 518 3317 571 καὶ
3348 520 3511 589 ἑξῆς,
3544 522 3687 576 ἀλλὰ

2102 593 2196 646 καὶ
2242 593 2319 665 τῷ
2359 596 2458 665 τῆς
2500 598 2673 667 συκῆς
2723 601 3130 671 παραδείγματι
3170 607 3260 658 τὸν
3293 609 3419 678 ὅρον
3450 610 3685 682 καθιπᾷ

2101 686 2360 755 φάσκων·
2395 707 2413 739 ι
2458 689 2732 758 Ἕκκοψον
2770 692 2960 761 αὐτήν·
3014 695 3101 747 ἵνα
3139 697 3191 748 τί
3238 699 3335 751 καὶ
3378 700 3473 778 τὸν
3514 701 3683 754 τόπον

2100 782 2404 849 καταργεῖ;
2443 798 2461 831 I
2512 780 2783 845 Ὡσαύτως
2831 785 2924 836 καὶ
2955 787 2982 837 6
3012 786 3155 850 θεῖος
3200 788 3527 854 Ἀπόστολος
3555 793 3682 845 ἐπι-

2098 872 2256 941 φέρει
2288 874 2367 935 είς
2395 874 2521 938 τοὺς
2552 876 2670 928 κατ’
2700 878 2799 946 ἐμὲ
2822 877 3057 943 ἀναξίως
3084 880 3194 934 τῶν
3226 884 3513 952 ἀχράντων
3547 902 3681 953 μετ-

2096 963 2318 1033 έχοντας
2373 968 2686 1036 μυστηρίων
2736 968 2973 1039 ὁρίζων·
3030 989 3049 1022 ι
3116 973 3216 1025 Διὰ
3265 974 3424 1027 τοῦτο
3490 976 3682 1027 πολλοὶ

2094 1054 2341 1117 ἀσθενεῖς
2368 1056 2462 1107 καὶ
2488 1056 2758 1127 ἄρρωστοι
2790 1059 2883 1111 καὶ
2912 1060 3209 1130 κοιμῶνται
3234 1064 3430 1117 ἱκανοί.
3467 1082 3487 1114 I
3526 1064 3590 1115 Τί
3614 1064 3679 1117 δὲ

2092 1144 2251 1197 Δαυῒδ
2277 1148 2303 1198 6
2334 1145 2615 1217 θεοπάτωρ
2646 1149 3023 1205 παλαιστιαῖον
3052 1153 3252 1221 ὁρίζων
3292 1156 3498 1224 μέτρον
3522 1155 3678 1208 ἑϐδο-

2094 1237 2363 1307 μηκοστὸν
2391 1238 2422 1308 ἢ
2453 1239 2810 1310 ὀγδοηκοστὸν
2833 1245 2888 1295 ὲν
2912 1243 3197 1317 δυναστείᾳ
3232 1247 3324 1299 καὶ
3355 1249 3670 1316 περαιτέρω

2089 1332 2258 1384 κόπον
2287 1332 2497 1397 συνδεῖ;
2530 1326 2670 1385 εἶτα·
2702 1351 2720 1384 ι
2772 1333 3037 1403 Ἐξάγαγε
3058 1338 3120 1388 ὲκ
3143 1335 3393 1405 φυλακῆς
3426 1336 3525 1405 τὴν
3556 1335 3667 1404 dfu-

2088 1424 2190 1494 χήν
2228 1442 2347 1491 μου·
2382 1443 2400 1475 I
2444 1424 2537 1477 Ital.
2565 1420 2742 1489 αὖθις
2777 1445 2795 1476 ι
2831 1426 2922 1496 Μὴ
2954 1428 3234 1501 ἀναγάγῃς
3267 1445 3337 1498 με
3384 1430 3442 1480 ἐν
3478 1426 3675 1497 ἡμίσει

2087 1515 2308 1587 ἡμερῶν
2336 1531 2457 1585 μου·
2500 1535 2518 1566 I
2547 1516 2665 1579 καὶ,
2691 1532 2709 1567 ι
2747 1516 2984 1585 Ἀνδρας
3012 1518 3263 1586 αἱμάτων
3302 1516 3397 1570 καὶ
3426 1516 3674 1586 δολιότη-

2085 1625 2175 1672 τος
2208 1607 2283 1679 μὴ
2316 1608 2680 1678 ἡμισεύοντας
2708 1608 2804 1672 τὰς
2835 1610 3049 1681 ἡμέρας
3080 1610 3283 1665 αὐτῶν.
3321 1630 3340 1663 I

2152 1891 2217 1955 ξ’.
2257 1891 2353 1951 Τίς
2376 1892 2485 1943 τῶν
2526 1892 2868 1960 ἀποστόλων,
2909 1893 3045 1949 ἀλλά
3090 1894 3233 1966 [καὶ]
3275 1894 3384 1947 τῶν
3425 1912 3524 1948 συν
3583 1912 3665 1951 ων

2080 1983 2113 2056 ἢ
2142 1984 2250 2037 τῶν
2282 1984 2456 2053 ἁγίων
2486 1986 2749 2056 Πατέρων
2775 1988 2953 2050 ὁποῖος
2980 1988 3103 2057 ὅρον
3130 1991 3369 2058 γράφεις
3398 1990 3459 2041 El
3481 1989 3536 2041 δὲ
3568 1991 3665 2041 τὸν

2082 2076 2255 2147 μέγαν
2307 2076 2585 2131 Βασίλειον
2618 2078 2730 2147 (20)
2779 2080 3051 2149 φήσουσι,
3107 2080 3295 2143 κακῶς
3345 2081 3557 2133 νοοῦσιν
3609 2083 3663 2133 ot

2078 2169 2236 2222 τοῦτο
2275 2169 2751 2240 ὑπολαμϐάνοντες
2777 2188 2792 2202 ⁸
2829 2171 3105 2241 πανταχοῦ
3150 2171 3259 2243 γὰρ
3310 2172 3455 2224 ούτω
3500 2172 3660 2239 δοξὼ

2078 2259 2179 2323 ζει,
2214 2258 2272 2324 ἐξ
2303 2259 2459 2330 ἡμῶν
2480 2256 2619 2314 εἶναι
2640 2262 2731 2315 τὸν
2758 2260 3011 2326 θάνατον,
3032 2263 3127 2316 καὶ
3148 2263 3270 2333 οὐχὶ
3290 2264 3383 2316 τοῦ
3401 2263 3558 2317 Θεοῦ.
3587 2266 3657 2316 ⁸0

2075 2352 2132 2404 δὲ
2151 2352 2402 2423 ἐπιφέρει
2426 2353 2494 2407 τὰ
2508 2355 2603 2409 τοῦ
2621 2356 2746 2424 ὅρου
2768 2356 2850 2424 (ﬁl
2864 2361 2901 2424 ),
2920 2357 3164 2410 τοιοῦτόν
3191 2360 3326 2411 ἐστι·
3353 2358 3561 2420 220:6;
3588 2353 3660 2425 ἦν

2078 2441 2154 2511 τῷ
2199 2442 2340 2514 ἁγίῳ
2370 2444 2575 2512 δεῖξαι,
2622 2446 2704 2499 ὅτι
2743 2447 2843 2499 οὐκ
2873 2447 3021 2501 ἔστιν
3056 2450 3226 2513 αἴτιος
3258 2449 3368 2502 τῶν
3400 2450 3585 2502 κακῶν
3626 2450 3659 2500 ό

2075 2532 2226 2595 Θεός·
2259 2533 2399 2587 κατά
2442 2536 2605 2606 μέρος
2632 2536 2738 2606 γὰρ
2778 2537 2991 2599 διεξιὼν
3022 2537 3246 2607 ἔδειξεν,
3276 2540 3357 2591 ὅτι
3387 2539 3657 2608 ἡμέτερον

2077 2627 2174 2699 μὲν
2204 2628 2265 2681 τὸ
2296 2628 2619 2699 ἀρρωστεῖν,
2643 2627 2778 2681 Θεοῦ
2807 2629 2862 2681 δὲ
2907 2631 2968 2682 τὸ
2996 2629 3347 2702 Θεραπεύειν,
3392 2630 3533 2681 κατᾶ
3571 2629 3653 2693 τὸ,

2078 2722 2203 2774 Οὐκ
2235 2720 2368 2774 ἔστι
2399 2718 2684 2787 κάκωσις,
2722 2719 2807 2789 ἣν
2839 2722 3051 2790 Κύριος
3088 2724 3199 2787 οὐκ
3236 2720 3548 2789 ἐποίησεν.

2599 2922 2935 2975 ΕΡΩἸῊΣΙΣ
2973 2923 3151 2978 ΣΜΑί.

2082 3081 2145 3135 Τί
2174 3081 2305 3135 ἐστι
2343 3079 2409 3134 τὸ
2432 3121 2447 3145 ,
2485 3100 2504 3133 ι
2561 3079 2746 3149 Ὑμεῖς
2783 3081 2851 3135 ἐκ
2898 3082 3005 3136 τοῦ
3034 3081 3264 3150 Πατρός
3306 3082 3411 3135 τοῦ
3452 3083 3652 3139 διαϐάς

2147 3154 2262 3205 ,1ου
2289 3150 2448 3203 ἐστέ·
2484 3170 2503 3203 I
2523 3154 2674 3218 καὶ,‹
2705 3154 2800 3218 Τίς
2816 3155 2986 3206 ἐστιν
3021 3154 3052 3206 ό
3084 3153 3193 3207 τοῦ
3222 3151 3506 3207 διαϐόλου
3535 3158 3656 3208 Πα-

2002 3214 2046 3273 C
2146 3220 2258 3289 τήρ
2288 3221 2435 3291 (ἳῖ);
2461 3240 2480 3274 ι

711 3294 959 3347 Editarum
988 3314 1016 3349 a
1037 3299 1214 3352 Wolﬁo
1242 3304 1489 3357 tricesima
1517 3310 1689 3369 quinta
1710 3311 1852 3371 (Cur.
1873 3311 2120 3376 Philol.,t.
2146 3314 2203 3376 V,
2219 3328 2271 3377 p.
2292 3314 2386 3364 675
2410 3314 2503 3364 678
2545 3315 2769 3367 Galland.
2791 3315 3043 3375 XIll,705,
3062 3315 3177 3376 704,
3195 3328 3248 3364 ιι.
3269 3313 3343 3376 6).

472 3370 712 3430 Primum
745 3378 960 3444 quidem
988 3381 1077 3438 hic
1138 3385 1317 3441 obstat
1339 3387 1491 3456 illud,
1519 3394 1664 3461 quod
1697 3370 1968 3465 nusquam

404 3463 458 3537 in
484 3467 658 3522 sacris
695 3466 918 3527 Litteris
942 3474 1028 3530 vel
1055 3476 1266 3548 antiqui
1293 3480 1379 3535 vel
1410 3484 1536 3537 novi
1592 3463 1835 3541 Fmderis
1868 3503 1972 3542 no-

403 3574 523 3612 men
575 3574 1084 3632 commemoratum,
1124 3588 1144 3620 ι
1176 3579 1328 3639 pater
1356 3572 1580 3641 diaboli,
1614 3594 1633 3627 I
1693 3588 1967 3643 occurrat,

400 3653 653 3721 quamvis
679 3655 866 3712 multis
899 3657 954 3712 in
975 3658 1111 3715 locis
1138 3662 1294 3717 mala:
1349 3663 1497 3721 illius
1540 3670 1823 3736 potestatis
1878 3670 1971 3723 ﬁat

400 3747 625 3800 mentio.
660 3745 813 3803 Nunc
842 3751 986 3805 enim
1015 3752 1297 3820 Satanam,
1328 3773 1476 3812 nunc
1513 3759 1807 3823 diabolum,
1827 3776 1970 3816 nunc

398 3850 720 3907 apostatam,
749 3849 845 3897 aut
883 3844 1137 3900 similiter
1192 3848 1479 3917 antiquum
1532 3850 1685 3904 illum
1743 3850 1968 3906 humani

399 3932 616 4000 generis
662 3933 873 3993 hostem
914 3935 969 3989 in
1029 3939 1202 3993 sacris
1264 3938 1520 4007 Litteris;
1572 3958 1966 4013 nonnunquam

397 4021 562 4092 etiam
593 4022 745 4078 illum
776 4025 866 4093 qui
892 4041 1056 4095 prava
1085 4028 1206 4098 ejus
1260 4032 1469 4087 semina
1515 4034 1617 4087 sibi
1674 4035 1852 4089 inesse
1883 4050 1970 4089 se-

397 4128 505 4181 que
538 4113 604 4167 ad
633 4117 943 4187 exemplum
973 4119 1093 4187 ejus
1119 4118 1547 4188 conformatum,
1609 4127 1825 4195 probat,
1854 4145 1874 4179 ι
1914 4128 1968 4181 ﬁ-

398 4206 530 4258 lium
561 4205 761 4262 diaboli
794 4226 814 4259 I
839 4210 1023 4265 vocari
1055 4211 1261 4267 videas.
1307 4212 1427 4270 lluc
1479 4227 1709 4285 spectat,
1760 4221 1905 4288 quod
1936 4238 1967 4276 a

396 4296 524 4357 divo
541 4296 713 4353 Paulo
760 4301 829 4357 ad
864 4302 1123 4373 Elymam
1155 4304 1356 4359 dicitur
1386 4324 1401 4361 :
1437 4325 1456 4358 ι
1495 4308 1570 4361 ﬁli
1625 4309 1839 4366 Satanm
1864 4314 1906 4366 '.
1941 4333 1960 4364 I

397 4387 511 4442 lloc
540 4391 779 4459 primum
822 4401 924 4458 est,
971 4395 1116 4464 quod
1156 4414 1175 4446 ι
1216 4406 1366 4466 pater
1399 4398 1599 4454 diaboli
1632 4420 1652 4454 I
1688 4418 1963 4473 nunquam

396 4480 453 4550 in
490 4483 664 4537 sacris
702 4482 926 4540 Litteris
954 4498 1437 4547 commemoratur.

2141 3397 2365 3469 Πρῶτον
2399 3397 2498 3467 μὲν
2530 3398 2951 3467 ἀντιφθέγγεται
2982 3398 3042 3451 τὺ
3075 3398 3327 3468 μηδαμοῦ
3360 3397 3463 3467 τῆς
3499 3398 3652 3467 ἱερᾶς

2068 3491 2227 3560 ἡμῶν
2260 3482 2482 3560 Γραφῆς
2521 3491 2658 3560 μήτε
2687 3491 2831 3544 κατά
2861 3491 2931 3543 τὰ
2970 3491 3303 3560 παλαιότερα
3346 3490 3446 3558 τῆς
3485 3507 3652 3559 νομο-

2070 3581 2273 3645 Θεσίας,
2296 3583 2431 3652 μήτε
2453 3584 2509 3634 ὲν
2532 3583 2668 3651 αὐτῇ
2687 3585 2749 3651 τῇ
2774 3582 2956 3652 χάριτι
2980 3602 2997 3633 ι
3022 3583 3233 3652 πατέρα
3248 3581 3344 3634 τοῦ
3361 3580 3645 3635 διαϐόλου»

2069 3674 2254 3727 λαϐεῖν
2301 3673 2365 3728 τὸ
2405 3674 2557 3745 ῥῆμα
2605 3676 2667 3727 τὸ
2724 3676 3034 3743 εἰρημένον,
3082 3675 3260 3728 καίτοι
3322 3690 3387 3741 γε
3460 3672 3651 3726 πολλοὶ

2069 3764 2328 3828 πολλάκις
2354 3764 2484 3836 περὶ
2512 3765 2613 3836 τῆς
2641 3766 2883 3835 πονηρᾶς
2914 3766 3127 3834 ἐκείνης
3157 3766 3441 3833 δυνάμεως
3470 3781 3647 3816 κατα-

2068 3857 2358 3928 ϐέϐληνται
2384 3856 2554 3926 λόγοι.
2596 3856 2753 3910 Ἀλλὰ
2795 3859 2990 3910 Σατὰν
3024 3856 3122 3925 μὲν
3158 3858 3251 3909 καὶ
3278 3854 3524 3909 διάϐολον
3548 3856 3647 3906 καὶ

2067 3947 2440 4015 ἀποστάτην,
2495 3949 2590 4002 καὶ⁵
2635 3950 2703 4001 τὰ
2748 3947 3009 4009 τοιαῦτα,
3055 3948 3147 3999 τὸν
3189 3947 3498 4017 ἀρχέκακον
3548 3946 3644 3999 τοῦ

2066 4042 2257 4108 γένους
2275 4040 2433 4110 ἡμῶν
2459 4037 2650 4108 ἐχθρὸν
2672 4039 2986 4108 εὑρίσκεται
2998 4036 3067 4090 τὰ
3087 4038 3257 4105 Λόγια
3282 4036 3644 4105 ὀνομάζοντα,

2069 4132 2163 4184 καὶ
2192 4130 2306 4182 υἱὸν
2338 4129 2450 4181 ἐσθ’
2480 4130 2569 4181 ὅτε
2598 4127 2844 4180 διαϐόλου
2874 4127 2973 4190 τὰς
3010 4127 3252 4194 πονηρὰς
3281 4125 3448 4179 αὑτοῦ
3475 4126 3645 4192 γονὰς

2068 4222 2126 4274 ἐν
2158 4218 2337 4290 ἑαυτῷ
2364 4217 2648 4271 δεικνύντα
2668 4257 2684 4282 ,
2726 4216 2820 4269 καὶ
2851 4215 2929 4288 τῷ
2958 4217 3267 4287 χαρακτῆρι
3298 4216 3399 4284 τῆς
3431 4215 3643 4284 πλάνης

2067 4308 2557 4380 διαμορφούμενον,
2587 4307 2663 4371 ὡς
2701 4307 2759 4361 τὸ
2789 4308 2926 4380 πρὸς
2956 4309 3047 4360 τὺν
3089 4308 3321 4378 Ἑλύμαν
3349 4308 3643 4378 εἰρημένον

2066 4401 2144 4472 τῷ
2193 4402 2444 4471 μακαρίω
2475 4400 2702 4471 Παύλῳ,
2742 4419 2762 4451 ι
2799 4402 2883 4452 υἱὲ
2916 4400 3187 4453 διαϐόλου·
3230 4420 3249 4452 I
3303 4399 3417 4453 ἀλλ’
3448 4398 3505 4451 ἓν
3542 4399 3643 4467 μὲν

2065 4492 2255 4560 τοῦτο,
2300 4493 2362 4545 τὸ
2397 4492 2647 4563 μηδαμοῦ
2698 4492 3165 4563 κατονομάζεσθαι
3216 4493 3432 4560 πατέρα
3461 4490 3641 4543 διαϐὀ·

2066 4585 2161 4637 λου
2190 4585 2268 4653 τῷ
2297 4583 2548 4653 ἰδιώματι
2568 4584 2667 4653 τῆς
2692 4583 2939 4652 Γραφῆς.

465 4657 669 4715 Deinde
708 4658 959 4717 Salvator
994 4676 1180 4725 noster
1212 4681 1319 4721 non
1346 4666 1401 4720 id
1458 4669 1669 4738 agebat.
1708 4681 1766 4725 ut
1798 4673 1963 4728 doce-

2138 4678 2401 4746 Δεύτερον
2428 4675 2483 4727 δὲ
2503 4716 2518 4739 ,
2540 4676 2600 4727 ού
2628 4676 2755 4745 περὶ
2778 4674 2872 4728 τοῦ
2900 4674 3107 4744 πατρὸς
3137 4674 3232 4727 τοῦ
3260 4673 3528 4735 διαϐόλου,
3557 4674 3641 4736 τίς

396 4763 496 4813 Ict,
529 4752 656 4820 quis
687 4754 907 4809 tandem
939 4754 1031 4808 illc
1072 4756 1275 4825 diaboli
1303 4768 1460 4827 pater
1500 4760 1590 4826 sit,
1623 4762 1717 4816 sed
1752 4772 1809 4817 ut
1865 4781 1957 4820 os-

394 4841 660 4909 tenderet,
710 4845 872 4915 cujns
916 4844 1091 4901 Patris
1146 4849 1290 4903 ﬁlios
1332 4850 1603 4920 improbat
1643 4854 1959 4911 Judaeorum

392 4948 523 5008 gens
550 4948 609 4989 se
647 4943 701 4990 et
749 4952 893 5001 esse,
924 4946 980 4993 et
1002 4940 1259 5007 appellari
1299 4939 1508 4996 fecerit.
1544 4944 1623 4997 Illi
1647 4946 1792 4999 enim
1818 4963 1960 5002 nunc

391 5025 763 5081 Abraliamum
814 5030 835 5061 ³
887 5039 1095 5098 patrem
1144 5047 1204 5087 se
1265 5032 1469 5097 habere
1527 5036 1955 5104 proﬁtebantur;

461 5139 507 5168 9°
557 5134 693 5190 Luc.
738 5154 860 5206 XIII,
891 5141 942 5193 ‘l.
1018 5142 1061 5173 ⁹¹
1095 5142 1222 5196 ibid.
1254 5143 1305 5196 4.
1383 5145 1428 5175 ⁹¹
1461 5144 1591 5200 ibid.
1630 5147 1686 5203 5.
1760 5150 1806 5181 ”
1842 5149 1972 5203 ibid.

461 5208 560 5260 :br.
621 5204 709 5261 XC
747 5208 827 5262 10.
904 5210 951 5241 θ’
972 5208 1112 5265 Psal.
1146 5228 1288 5275 CXLI,
1319 5212 1373 5266 8.
1407 5216 1592 5275 (CXLII,
1625 5217 1655 5268 7
1690 5217 1787 5275 θ’).
1888 5220 1932 5250 ³⁷

2109 5150 2164 5203 7.
2237 5150 2331 5201 οιι
2380 5148 2506 5204 Cor.
2545 5166 2619 5212 XI,
2662 5152 2752 5206 50.
2854 5152 2901 5183 ⁸⁸
2931 5149 3073 5205 Psal.
3108 5167 3333 5214 Lxxxut,
3371 5151 3456 5203 Il.
3516 5148 3581 5211 ιϐ

2095 5219 2131 5273 Ι.
2189 5235 2261 5275 01.
2288 5219 2505 5275 25100.
2536 5220 2608 5273 2i
2638 5222 2736 5275 θ’).
2797 5222 2844 5253 ³⁸
2877 5222 3022 5275 Psai.
3068 5237 3178 5275 Liv.
3210 5222 3280 5274 ﬁt
3305 5224 3415 5275 (ω’.
3438 5221 3508 5273 ‘25
3533 5224 3587 5271 U'

1478 5232 1592 5279 :LII,
1625 5219 1655 5268 7
1690 5219 1787 5283 0').
1888 5220 1932 5250 ³⁷

1478 5287 1498 5325 ³
1525 5288 1645 5341 Act.
1674 5304 1791 5355 χιιι,
1849 5291 1937 5344 10.

2095 5219 2131 5273 Ι.
2189 5235 2261 5283 01,
2288 5219 2356 5272 25
2389 5229 2505 5289 (CII,
2536 5220 2608 5273 2i
2638 5222 2736 5291 0').
2797 5222 2844 5253 ³⁸
2877 5222 3022 5275 Psai.
3068 5237 3178 5286 Liv,
3210 5222 3280 5274 ﬁt
3305 5224 3415 5291 (Lv,
3438 5221 3508 5273 ‘25
3533 5224 3632 5289 θ’).

2085 5288 2231 5345 loan.
2275 5305 2393 5355 τιιι,
2429 5291 2482 5344 5.

394 5206 560 5285 llebr.
621 5204 709 5261 XC
747 5204 852 5285 Ιρζ
904 5208 1112 5285 ?'_Psal.
1146 5228 1288 5276 CXLI,
1319 5212 1373 5285 8.
1407 5216 1592 5285 (CXLII,
1625 5217 1655 5268 7
1690 5217 1787 5283 0').

389 5278 434 5310 θ’
460 5278 628 5337 Amos
666 5293 748 5345 III,
771 5278 827 5333 6.
866 5356 870 5360 '
904 5281 920 5311 ¹
948 5279 1102 5336 .loan.
1134 5299 1252 5350 vnI,
1282 5282 1371 5339 ait.

2063 4767 2198 4829 ὅλως
2228 4767 2338 4837 (25)
2375 4761 2465 4836 ἦν,
2499 4766 2579 4837 τῷ
2618 4765 2830 4836 Σωτῆρι
2865 4766 3155 4836 πρόκειται
3209 4766 3429 4827 σκοπός.
3478 4763 3643 4816 Ἀλλά

2062 4857 2207 4920 τίνος
2238 4857 2441 4926 πατρὸς
2466 4856 2659 4918 παῖδας
2699 4856 2927 4918 ἑαυτοὺς
2953 4858 2981 4908 6
3008 4855 3116 4907 τῶν
3157 4855 3428 4908 Ἰουδαίων
3458 4852 3643 4922 ἀγνώ-

2069 4967 2183 5018 μων
2212 4949 2339 5012 λαδς
2367 4948 2791 5018 παρεσκεύασαν
2820 4949 2913 5000 καὶ
2950 4943 3089 4999 εἶναι
3116 4948 3213 4999 καί⁵
3248 4944 3639 5015 ὀνομάζεσθαι.

2067 5041 2178 5095 Καὶ
2210 5041 2320 5109 γὰρ
2345 5039 2439 5091 νῦν
2473 5040 2572 5108 μὲν
2602 5040 2786 5107 ελεγον
2809 5038 3025 5108 πατέρα
3048 5038 3194 5108 ἔχειν
3218 5037 3310 5090 τὸν
3353 5036 3639 5114 Ἀϐραὰμ⁹

2854 5152 2901 5183 ⁸⁸
2931 5149 3073 5205 Psal.
3108 5167 3333 5214 Lxxxut,
3371 5151 3456 5203 Il.
3516 5148 3633 5211 (Gr.

1890 5383 2125 5439 NOTAE.

464 5470 594 5556 (ῃ),
614 5469 678 5556 ξε
705 5467 889 5527 Basilii
924 5477 1133 5527 textum
1173 5474 1396 5533 uberius
1428 5485 1693 5533 tractarat
1723 5478 1954 5545 Pbotius

392 5538 941 5681 η’(ξῦιὲξτίφέροντα
972 5613 1050 5683 τῷ
1074 5614 1184 5683 ὅρῳ
1229 5615 1671 5682 legitCatil’orIIs,
1726 5621 1780 5673 ni
1828 5635 1945 5671 mea

393 5682 674 5737 annotatio
714 5684 869 5740 fallit.
944 5682 1200 5747 Fortasse
1241 5686 1527 5757 legendum
1572 5689 1601 5741 ὃ
1643 5690 1700 5742 δὲ
1754 5691 1945 5759 Emei—

2055 5496 2238 5552 ρονται
2259 5479 2347 5552 τῷ
2381 5481 2513 5552 ὅρῳ,
2552 5481 2699 5548 quod
2732 5480 3140 5552 praeferendum
3164 5481 3403 5535 videtur.

2123 5551 2235 5618 (2‘2)
2258 5534 2389 5605 Vide
2414 5534 2592 5621 'supra
2619 5534 2976 5621 quaa'slionem
3008 5550 3191 5605 XLVII
3228 5534 3350 5622 quae
3384 5552 3629 5622 ejusdem

2048 5623 2349 5687 argumenti
2378 5632 2480 5674 est.
3141 5661 3144 5664 .

2058 5682 2061 5687 γ
2111 5682 2227 5772 ηβῧ)
2267 5690 2403 5754 ὅλως
2423 5691 2580 5751 Colb.
2609 5700 2778 5759 recte,
2803 5706 2900 5764 pro
2923 5692 2951 5745 6
2981 5691 3158 5763 λόγος.
