3902 6212
144 250 260 317 1041

1095 252 1194 313 ΑΙ)
1227 249 1817 336 AMPHlLOCHIUM
1851 248 2196 320 QUIESTIO
2223 250 2460 311 CCXLI.

3225 246 3362 312 1042

132 365 217 419 νῦν
242 365 293 418 δὲ
311 404 325 429 ,
351 366 513 436 ἡμεῖς
540 365 760 437 Πατέρα
786 366 882 420 ἕνα
907 366 1104 437 ἔχομεν
1131 367 1225 420 τὸν
1249 366 1404 420 Θεόν.
1436 366 1571 434 Οὐχὶ
1602 364 1679 429 δὲ,

1803 379 1929 419 umc
1962 364 2197 429 aiebant,
2220 381 2390 419 unum
2422 367 2686 424 habemus
2720 366 2933 423 Patrem
2969 363 3139 420 Deum
3160 363 3183 396 ⁸
3213 379 3360 429 ;uon

132 456 336 527 Πατέρα
379 455 576 525 ἔχομεν
604 457 693 508 τὸν
720 457 938 528 Πατέρα
964 457 1057 511 τοῦ
1098 456 1255 512 Θεοῦ.
1294 458 1403 511 Καὶ
1429 457 1457 509 6
1488 456 1683 524 Σωτὴρ

131 549 339 615 ἀπάγων
365 547 462 616 τῆς
487 546 759 616 πατρικῆς
780 548 837 601 ὲν
861 550 927 618 τῇ
952 548 1142 613 κλήσει
1169 547 1429 617 σχέσεως,
1455 546 1686 616 ἐπείπερ

133 640 272 692 αὐτοὶ
301 639 524 700 ἑαυτοὺς
550 636 886 708 διεσχίσαντο
935 639 1028 692 καὶ
1058 638 1371 708 διετέμοντο
1410 636 1510 703 τῆς
1550 635 1687 706 πρὸς

134 730 279 783 αὑτὸν
324 729 673 799 ὁμοιότητος,
727 729 963 800 τολμᾶτε
988 771 1004 795 ,
1038 732 1208 801 φησὶ,
1238 730 1418 798 λέγειν
1465 730 1690 791 ἑαυτοὺς

134 821 271 883 υἱοὺς
297 816 434 874 εἶναι
482 820 576 873 τοῦ
625 821 862 892 πατρὸς,
913 823 1072 892 ὑμεῖς
1113 821 1206 875 τοῦ
1252 821 1499 876 διαϐόλου
1542 820 1686 873 ἐστέ.

138 910 278 977 Εἶτα,
314 932 330 965 ι
370 913 480 967 Καὶ
507 915 605 977 τὰς
630 914 849 980 ἐντολάς
880 916 1045 969 αὑτοῦ
1068 914 1249 967 Θέλετε
1274 915 1469 969 ποιεῖν,
1501 933 1519 966 ι
1558 912 1693 985 Οὐχὶ

142 1024 157 1056 ι
191 1004 278 1059 τοῦ
303 1004 504 1076 πατρὸς
539 1005 780 1077 δηλονότι
810 1006 905 1059 τοῦ
937 1006 1207 1061 διαϐόλου.
1241 1025 1259 1057 ι
1301 1005 1410 1059 Ποῦ
1443 1005 1551 1076 γὰρ
1588 1022 1693 1057 πα-

137 1096 419 1166 ραδέδωκεν
450 1098 655 1161 ἐκεῖνος
675 1099 925 1165 ἐντολὰς,
957 1099 1016 1162 ὃς
1052 1098 1189 1161 ὅλως
1216 1098 1336 1152 οὐδὲ
1368 1095 1692 1167 γνωρίζεται

134 1192 195 1259 τῇ
226 1188 402 1259 Γραφῇ
426 1228 441 1251 ,
472 1188 608 1242 ἀλλὰ
635 1189 733 1251 τὰς
763 1191 982 1254 ἐντολὰς
1008 1190 1102 1243 τοῦ
1129 1190 1377 1243 διαϐόλου
1401 1228 1417 1253 ,
1446 1190 1505 1252 ὃς
1546 1191 1694 1242 ἐστιν

138 1281 384 1351 ὑμέτερος
433 1282 637 1352 πατήρ.
698 1283 909 1346 Αἶτινές
968 1285 1076 1335 είσι
1122 1283 1384 1352 πορνεία,
1443 1281 1693 1351 μοιχεία,

136 1372 297 1444 κλοπὴ
317 1414 331 1437 ,
365 1373 522 1442 φόνος
542 1416 557 1439 ,
585 1373 778 1443 ψεῦδος
796 1413 813 1440 ,
859 1375 953 1428 καὶ
989 1376 1127 1429 ὅσων
1159 1375 1333 1429 ἄλλων
1365 1377 1570 1438 ἐκεῖνος
1600 1390 1699 1428 κα-

134 1463 240 1516 κῶν
267 1466 497 1532 σπορεὺς
525 1468 590 1535 τῇ
619 1465 811 1538 γνώμῃ
840 1467 1083 1534 γέγονεν,
1112 1468 1207 1519 καὶ
1227 1466 1468 1538 ἀρχηγὸς
1495 1467 1699 1536 τολμᾶ-

137 1554 252 1609 σθαι
286 1556 352 1609 τὰ
386 1556 665 1627 άτόλμητα
691 1598 706 1619 ,
758 1559 853 1611 καὶ
896 1561 1399 1629 καταπράττεσθαι.
1444 1562 1552 1615 Καὶ
1600 1561 1694 1626 τὸ,

1790 470 1938 520 vero,
1967 455 2179 511 Patrem
2208 457 2470 511 habemus
2520 458 2611 514 Dei
2642 461 2877 514 Patrem.
2940 457 3059 511 Jam
3115 456 3365 509 Salvator

1791 556 1976 602 noster
2024 549 2242 602 eosdem
2274 564 2304 603 a
2326 559 2574 619 respectu
2602 561 2850 620 paterno,
2873 550 2966 619 qui
3017 547 3237 602 nomine
3261 547 3365 600 hoc

1792 639 2149 703 inferebatur,
2175 640 2535 707 abducturus,
2568 645 2827 713 quoniam
2864 641 2965 707 ipsi
2995 655 3053 695 se
3082 655 3110 691 a
3166 638 3366 693 simili-

1794 732 1980 785 tudine
2015 731 2135 800 ejus
2165 732 2562 798 abstraxerant,
2600 737 2676 790 ait
2723 751 2859 791 :vos
2893 732 3070 789 Patris
3100 733 3239 787 filios
3268 746 3366 784 vos

1793 825 1942 892 ipsos
1992 824 2207 879 audetis
2238 826 2533 895 appellare,
2563 843 2687 881 cum
2720 837 2899 882 tamen
2949 826 3147 882 diaboli
3187 824 3368 891 potius

1794 916 1893 970 lilii
1924 915 2079 970 sitis:
2114 925 2169 970 et
2205 932 2353 983 mox,
2396 938 2413 969 ι
2446 929 2500 973 et
2553 921 2803 973 mandata
2851 920 2971 989 ejus
3024 917 3205 972 facere
3249 916 3370 967 vul-

1793 1007 1887 1061 tis.
1923 1026 1941 1058 ι
1980 1006 2097 1061 Νοη
2131 1023 2265 1062 sane
2293 1049 2308 1075 ,
2348 1028 2366 1059 ι
2398 1011 2570 1079 patris
2603 1011 2834 1075 diaboli;
2877 1030 2895 1061 ι
2931 1009 3034 1064 Ubi
3083 1009 3226 1063 enim
3280 1006 3369 1060 ille

1794 1106 2060 1169 praecepta
2094 1099 2261 1165 dedit,
2319 1098 2387 1154 de
2420 1116 2530 1170 quo
2563 1117 2625 1155 ex
2679 1101 2967 1171 Scriptura
3007 1099 3145 1153 nihil
3209 1097 3369 1166 quid-

1794 1206 1959 1261 quam
1990 1198 2204 1245 constat
2230 1192 2253 1245 ἰ
2284 1192 2378 1245 sed
2419 1192 2621 1247 diaboli
2653 1192 2847 1262 ipsius,
2882 1191 2973 1261 qui
3000 1200 3154 1260 pater
3193 1199 3371 1243 vester

1795 1292 1898 1348 est,
1934 1293 2221 1352 praecepta.
2248 1282 2527 1353 Ejusmodi
2559 1300 2688 1338 vero
2721 1292 2868 1348 sunt,
2906 1282 3185 1345 scortatiu,
3210 1281 3371 1333 adul-

1798 1375 2016 1441 terium,
2056 1374 2282 1440 furtum,
2336 1376 2532 1442 caedes,
2591 1376 2961 1441 mendacium,
3022 1385 3077 1429 et
3111 1390 3230 1445 quae
3268 1373 3372 1427 alia

1797 1469 1940 1523 mala
1971 1469 2112 1524 idem
2139 1484 2237 1539 pro
2267 1470 2535 1524 sententia
2577 1485 2674 1525 sua
2717 1471 2876 1534 sevit,
2910 1469 2976 1524 ad
3024 1485 3185 1538 prava
3222 1483 3372 1536 qua:-

1797 1560 1881 1615 vis
1906 1560 2153 1614 audenda
2180 1573 2235 1615 et
2266 1561 2625 1630 perpetranda
2661 1560 2767 1614 dux
2792 1569 2843 1614 et
2867 1570 3062 1615 auctor
3082 1559 3371 1613 exsistens.

140 1666 155 1695 ι
200 1647 428 1711 Ἐκεῖνος
449 1648 545 1701 ἀπ’
574 1648 749 1720 ἀρχῆς
772 1649 1215 1721 ἀνθρωποκτόνος
1233 1653 1397 1718 ἐστὶν,
1430 1672 1448 1704 ›
1476 1653 1554 1716 είς
1577 1653 1699 1705 τίνα

1803 1650 1858 1706 ld
1903 1668 2033 1708 vero
2073 1652 2215 1723 quod
2248 1654 2487 1707 dicitur:
2546 1672 2564 1705 ι
2603 1654 2697 1707 Ille
2760 1654 2828 1707 ab
2882 1653 3038 1707 initio
3098 1650 3374 1706 homicida

135 1738 197 1790 ἂν
225 1738 544 1810 οἰκειότερον
583 1720 973 1813 ἀνενεχθείη,ἣ
1001 1744 1080 1806 είς
1105 1743 1267 1796 αὐτόν
1298 1761 1360 1811 γε
1389 1743 1477 1796 τὸν
1510 1743 1694 1797 διάϐο-

1803 1745 1933 1812 fuit;
1966 1763 1984 1796 ι
2039 1720 2107 1799 ad
2140 1761 2301 1815 quem
2345 1745 2562 1800 tandem
2597 1747 2791 1817 potiori
2822 1746 2966 1813 jure,
2999 1759 3164 1814 quam
3195 1742 3261 1796 ad
3294 1742 3377 1810 ip-

132 1829 237 1895 λον,
264 1829 318 1893 6;
343 1833 407 1901 τῇ
437 1829 657 1902 γλώσσῃ
685 1832 776 1885 τὸν
817 1833 989 1903 Ἀδὰμ
1019 1834 1115 1887 τοῦ
1142 1835 1473 1905 παραδείσου
1505 1835 1693 1902 ἐξέϐα-

132 1921 238 1986 λεν,
270 1922 362 1974 καὶ
393 1922 653 1992 πρόξενος
685 1925 850 1978 αὑτοῦ
900 1925 1130 1980 θανάτου
1166 1927 1263 1979 καὶ
1294 1926 1501 1997 φθορᾶς
1533 1925 1696 1994 γεγέ-

130 2030 318 2082 νηται;
366 2012 498 2077 Θεὸς
535 2015 645 2085 γὰρ
686 2015 916 2070 θάνατον
948 2018 1047 2070 οὐκ
1077 2018 1353 2088 ἐποίησεν,
1405 2018 1526 2071 οὐδὲ
1567 2018 1695 2089 τέρα

129 2121 287 2156 πεται
332 2104 418 2156 ἐπ’
462 2104 710 2176 ἀπωλείᾳ
742 2107 959 2169 ζώντων
979 2107 1111 2176 (24).
1146 2108 1242 2171 Τίς
1287 2108 1345 2161 δὲ
1389 2107 1576 2177 ’ἕτερος
1606 2106 1697 2159 τὸν

131 2195 352 2249 θάνατον
383 2196 473 2249 διὰ
500 2196 591 2249 τοῦ
616 2196 843 2265 ψεύδους
874 2198 1243 2268 ἐχαλκεύσατο
1264 2240 1278 2262 ,
1304 2199 1400 2252 καὶ
1425 2200 1565 2252 κατὰ
1588 2198 1697 2252 τῶν

131 2287 447 2357 σπλάγχνων
478 2288 574 2341 τοῦ
592 2289 762 2358 Ἀδὰμ
785 2290 884 2359 τὴν
919 2290 1148 2358 φθορὰν,
1180 2292 1227 2344 εί
1258 2289 1330 2361 μὴ
1359 2292 1386 2343 6
1416 2291 1697 2360 παραδοὺς

132 2378 231 2446 μὲν
254 2378 343 2431 τὸν
388 2379 531 2447 ὅφιν,
568 2380 635 2432 δι’
670 2381 834 2433 αὐτοῦ
874 2381 931 2434 δὲ
957 2382 1047 2435 τὸν
1077 2381 1450 2453 θανατηφόρον
1493 2381 1568 2434 ἰὸν
1599 2382 1699 2449 τῆς

128 2470 209 2532 είς
232 2469 359 2523 Θεὸν
394 2469 743 2540 βλασφημίας
772 2475 838 2543 τῇ
874 2475 1115 2541 γυναικὶ,
1142 2476 1237 2527 κα)⁵
1265 2473 1355 2526 διὰ
1384 2472 1589 2544 ταύτης
1619 2472 1698 2541 τῷ

142 2561 265 2614 ’Δδὰ
272 2582 309 2629 μ
333 2563 708 2633 κερασάμενος
733 2580 747 2627 ;

213 2652 304 2705 Ἐκ
352 2652 559 2705 τούτων
601 2649 696 2706 οὖν
751 2654 1004 2709 ἁπάντων
1054 2657 1151 2709 καὶ⁹
1198 2657 1399 2727 ἑτέρων
1443 2658 1700 2711 τοιούτων

127 2743 399 2797 δείκνυται
430 2746 560 2817 περὶ
590 2747 684 2800 τοῦ
707 2748 954 2815 διαϐόλου
976 2750 1069 2802 τὸν
1098 2751 1368 2820 σωτήριον
1392 2750 1700 2821 διαλαμϐά-

124 2854 238 2889 νειν
276 2837 455 2904 λόγον,
507 2839 597 2891 καὶ
642 2839 831 2893 τοῦτον
877 2841 1098 2910 Πατέρα
1142 2843 1536 2911 κατονομάζειν
1590 2842 1701 2894 τῶν

123 2928 457 2999 ἀγνωμόνων
499 2931 790 2986 Ἰουδαίων.
840 2933 949 2985 Καὶ
989 2933 1098 3003 γὰρ
1135 2921 1380 2988 κάκεῖνοι
1428 2935 1522 2987 τὸν
1568 2935 1701 2987 Θεὸν

125 3020 534 3091 ἐφιλοτιμοῦντο
580 3026 796 3094 πατέρα
844 3024 1050 3090 καλεῖν,
1081 3026 1175 3079 καὶ
1217 3028 1297 3089 εἰς
1342 3028 1490 3090 υἱοὺς
1533 3024 1699 3080 αὐτοῦ

124 3112 551 3182 καταλέγεσθαι.
600 3118 692 3180 Εἰς
726 3117 819 3171 δύο
847 3118 903 3170 δὲ
933 3118 1129 3189 μοίρας
1180 3119 1418 3191 μερίζων
1452 3122 1480 3173 6
1510 3121 1702 3190 Σωτὴρ

122 3202 219 3256 τὸν
269 3206 511 3276 παρόντα
560 3208 737 3276 λόγον,
773 3210 1075 3278 συμπλέκει
1128 3211 1226 3280 μὲν
1258 3211 1420 3264 πάλιν
1458 3212 1704 3283 ἑκατέρῳ

122 3296 408 3367 ἑκάτερον.
440 3299 553 3353 Νῦν
581 3302 680 3371 μὲν
713 3302 1025 3371 προτάττων
1043 3305 1135 3356 τὸν
1152 3303 1418 3365 διάϐολον,
1451 3306 1547 3357 καὶ
1575 3304 1707 3356 ὑπο-

122 3388 338 3441 τάττων
366 3392 496 3455 τοὺς
548 3394 861 3458 Ἰουδαίους,
891 3395 985 3450 νῦν
1014 3397 1071 3449 δὲ
1115 3397 1227 3465 (‘25)
1278 3398 1706 3468 προκαταλέγων

118 3479 253 3541 τοὺς
281 3478 570 3545 Ἰουδαίους
591 3525 604 3548 ,
637 3480 755 3536 εἶτα
778 3484 999 3550 ἐπάγων
1027 3486 1116 3538 τὸν
1144 3484 1411 3543 διάϐολον,
1453 3486 1547 3539 Διὸ
1577 3484 1706 3554 περὶ

121 3571 221 3623 τοῦ
268 3571 517 3627 διαϐόλου
566 3576 959 3645 προδιαλαϐὼν,
993 3577 1092 3630 καὶ
1128 3579 1193 3631 ὲκ
1234 3579 1335 3647 τῆς
1378 3578 1487 3631 τῶν
1527 3578 1706 3646 ἔργων

124 3663 455 3729 συγγενείας
501 3665 597 3717 καὶ
649 3666 967 3736 ὁμοιότητος
1018 3667 1198 3734 δείξας
1242 3668 1370 3730 τοὺς
1425 3667 1710 3729 Ἰουδαίους

123 3755 346 3825 πατέρα
390 3756 537 3827 ἔχειν
580 3758 763 3819 αὐτὸν,
816 3760 1132 3829 μεταϐαίνει
1174 3762 1335 3814 πάλιν
1379 3761 1469 3814 ἐπ’
1514 3762 1712 3827 αὐτοὺς

118 3848 254 3908 τοὺς
296 3846 583 3912 Ἰουδαίους
604 3889 619 3912 ,
650 3851 716 3904 δι’
746 3845 821 3903 ὦν
851 3855 947 3905 καὶ
980 3854 1011 3920 ἡ
1043 3852 1138 3922 ὅλη
1168 3852 1263 3905 τοῦ
1292 3852 1452 3920 λόγου
1491 3854 1712 3922 γέγονεν

122 3932 373 4001 εἰσϐολή.
390 3935 497 3987 Καί
525 3953 712 4006 φησιν·
738 3939 907 3991 Ὅταν
928 3942 957 3992 ὁ
990 3938 1242 4003 Ἰουδαῖος
1263 3940 1324 3993 τὸ
1339 3941 1535 4010 ψεῦδος
1554 3942 1711 4013 λαλῇ,

122 4021 325 4093 ὥσπερ
359 4024 455 4075 καὶ
492 4025 650 4092 ὑμεῖς
698 4028 816 4078 νυνὶ
864 4026 1148 4095 λέγοντες·
1203 4047 1221 4079 ι
1252 4028 1473 4098 Πατέρα
1516 4029 1714 4099 ἔχομεν

124 4110 224 4162 τὸν
251 4110 407 4177 Θεὸν,
437 4130 456 4163 ι
485 4113 601 4177 καὶ,
636 4131 655 4164 ι
683 4114 900 4185 πατέρα
923 4115 1119 4185 ἔχομεν
1140 4116 1233 4169 τὸν
1279 4117 1550 4188 Ἀϐραάμ,
1590 4136 1609 4169 ι
1649 4121 1714 4173 ὲκ

1797 1851 1918 1890 sum
1948 1835 2222 1890 diabolum
2252 1836 2537 1900 referetur,
2572 1838 2663 1906 qui
2695 1838 2881 1906 lingua
2944 1850 3046 1890 sua
3098 1835 3372 1887 Adamqu

1796 1929 2106 1997 eparadiso
2156 1928 2334 1998 ejecit,
2390 1930 2666 1999 mortique
2699 1938 2753 1983 et
2806 1928 3065 1996 perniciei
3124 1927 3377 1995 pararius

1797 2022 2043 2075 exstitit?
2073 2020 2219 2075 Deus
2267 2022 2411 2076 enim
2478 2031 2706 2077 mortem
2748 2037 2856 2075 nou
2919 2019 3163 2075 condidit
3204 2034 3379 2085 neque

1797 2112 2098 2167 viventium
2126 2113 2367 2182 pernicie
2433 2114 2757 2168 delectatur.
2819 2111 2954 2177 Quis
3005 2119 3184 2164 autem
3235 2109 3377 2162 alius

1798 2214 2028 2258 mortem
2057 2219 2153 2271 per
2207 2203 2550 2259 mendacium
2607 2200 2919 2264 fabricavit,
2973 2196 3381 2268 perniciemque

1797 2295 2105 2350 visceribus
2137 2296 2328 2350 Adami
2356 2295 2557 2359 attulit,
2611 2294 2714 2348 nisi
2748 2293 2816 2357 is,
2847 2291 2940 2361 qui
2995 2297 3214 2359 sumpto
3272 2303 3383 2341 ser-

1798 2386 1974 2456 peutis
2007 2387 2216 2451 habitu,
2260 2402 2357 2455 per
2404 2387 2583 2454 ipsum
2640 2385 2793 2438 illum
2852 2380 3200 2436 mortiferum
3261 2378 3383 2432 bla-

1799 2479 2078 2549 sphemiae,
2096 2479 2148 2532 in
2164 2478 2333 2533 Deum
2352 2478 2633 2547 conjecta,
2650 2491 2914 2531 venenum
2934 2476 3169 2544 primum
3195 2470 3379 2535 uxori,

1799 2570 1996 2625 deinde
2025 2586 2118 2639 per
2142 2586 2261 2625 eam
2293 2571 2503 2625 Adamo
2535 2569 2793 2624 miscuit?

1870 2665 1949 2718 Ex
1981 2663 2067 2719 his
2097 2665 2280 2731 itaque
2308 2663 2564 2717 omnibus
2590 2662 2821 2730 aliisque
2858 2657 3154 2721 similibus,
3204 2668 3382 2724 appa-

1801 2764 1885 2810 ret
1919 2754 2221 2809 Salvatoris
2253 2753 2427 2808 nostri
2467 2754 2631 2807 verba
2694 2751 2761 2806 de
2798 2750 3020 2804 diabolo
3062 2746 3242 2815 accipi
3283 2747 3381 2798 de-

1803 2846 1948 2905 bere.
1988 2860 2224 2913 eumque
2272 2844 2413 2897 male
2458 2842 2778 2897 feriatorum
2820 2839 3131 2895 Iudaeorum
3173 2848 3381 2905 patrem

1804 2936 2086 3005 appellari.
2115 2934 2249 2989 Nam
2271 2942 2325 2989 et
2353 2935 2428 2988 illi
2456 2932 2625 2988 Deum
2660 2940 2870 3003 patrem
2896 2945 3054 2986 suum
3088 2927 3385 2982 ambitiose

1806 3028 2090 3092 vocabant,
2124 3029 2375 3095 interque
2406 3027 2545 3081 ﬁlios
2576 3027 2696 3096 ejus
2739 3023 3021 3079 numerari
3064 3020 3380 3090 cupiebant.

1806 3119 2048 3189 Cumque
2079 3120 2335 3174 Servator
2381 3131 2569 3174 noster
2596 3132 2906 3174 sermonem
2943 3116 3089 3169 hunc
3123 3129 3285 3168 suum
3329 3112 3387 3165 iu

1806 3214 1915 3269 duo
1948 3213 2191 3267 membra
2222 3210 2546 3281 distinguat,
2581 3209 2814 3263 alterum
2844 3208 2998 3260 alteri
3030 3205 3229 3260 deinde
3259 3219 3393 3257 cou-

1809 3304 1994 3367 nectit,
2026 3319 2171 3357 nunc
2210 3301 2427 3371 quidem
2453 3300 2732 3355 diabolum
2772 3298 2976 3368 priore,
3008 3294 3231 3349 Judmos
3257 3308 3388 3346 veru

1808 3397 2110 3467 posteriore
2173 3395 2294 3448 loco
2353 3393 2664 3458 collocans;
2725 3405 2871 3445 nunc
2924 3398 3110 3442 autem
3170 3383 3391 3439 JUtitBuS

1809 3504 2155 3559 praeponens,
2192 3486 2471 3541 diabolum
2512 3498 2641 3537 vero
2686 3480 3049 3548 subjungens.
3088 3474 3382 3543 Propterea

1810 3594 1932 3633 cum
1965 3577 2033 3632 de
2066 3576 2285 3629 diabolo
2317 3582 2477 3628 antea
2522 3571 2878 3625 disseruisset
2917 3576 2969 3621 et
3005 3582 3070 3618 ex
3105 3564 3390 3617 actionum

1812 3670 2191 3725 convenientia
2226 3676 2279 3722 et
2304 3667 2566 3720 aﬂinitate
2599 3662 2819 3718 Iudaeos
2849 3659 3071 3713 Patrem
3118 3657 3270 3710 illum
3299 3654 3396 3707 ha-

1811 3763 1941 3818 bere
1963 3761 2314 3825 ostendisset,
2345 3774 2473 3813 mox
2508 3758 2578 3813 ad
2622 3755 2842 3810 Judaeos
2886 3753 3037 3822 ipsos
3078 3752 3396 3812 revertitur,

1816 3868 1845 3906 a
1878 3852 2081 3922 quibus
2103 3851 2283 3904 omnis
2303 3850 2394 3903 illa
2415 3857 2539 3901 nata
2572 3854 2690 3900 erat
2709 3842 3030 3913 disputatio.
3056 3840 3149 3893 Ait
3174 3838 3395 3905 itaque:

1823 3944 2053 4011 Quando
2072 3941 2295 3996 Iudaeus
2321 3939 2663 3994 mendacium
2694 3936 2920 4007 profert,
2939 3934 3082 3989 sicut
3108 3947 3225 3996 vos,
3252 3945 3399 3983 nunc

1816 4037 2035 4107 quidem
2053 4036 2318 4096 dicentes,
2342 4050 2360 4081 ι
2385 4030 2599 4085 Patrem
2624 4029 2888 4083 habemus
2904 4026 3094 4089 Deum,
3127 4043 3144 4076 ι
3171 4032 3246 4085 et,
3272 4036 3399 4091 «pa-

1818 4138 1956 4184 trem
1994 4128 2260 4182 habemus
2291 4124 2661 4179 Abrahamum
2694 4123 2741 4185 ⁸,
2775 4141 2795 4173 ι
2834 4121 2901 4175 de
2949 4117 3187 4189 propriis
3218 4114 3403 4184 loqui-

121 4205 240 4258 τῶν
280 4207 429 4260 ἰδίων
455 4207 627 4262 λαλεῖ.
677 4210 970 4265 Τουτέστιν
999 4212 1108 4264 ἀπὸ
1151 4212 1360 4276 κοιλίας
1392 4216 1589 4280 φωνεῖ,
1622 4213 1699 4266 κα⁴

1822 4231 1931 4288 tur,
1968 4222 2079 4276 hoc
2102 4231 2207 4287 est,
2227 4236 2293 4275 ex
2316 4228 2506 4274 ventre
2533 4233 2657 4282 suo,
2681 4230 2790 4269 non
2823 4225 3005 4268 autem
3036 4227 3103 4266 ex
3130 4207 3399 4263 sententia

122 4298 233 4351 οὐκ
266 4300 333 4352 ἐκ
360 4298 469 4351 τῶν
507 4301 795 4371 κριμάτων
832 4302 925 4355 τοῦ
972 4304 1306 4372 Πνεῦματος.
1340 4307 1462 4358 Ὅτι
1495 4306 1551 4358 δὲ
1579 4304 1715 4374 ψεύ-

1824 4311 2065 4397 Spiritus
2123 4310 2385 4380 loquitur.
2450 4308 2607 4373 Quod
2659 4320 2789 4359 vero
2860 4305 3027 4358 homo
3082 4296 3399 4367 hujusmodi

124 4407 268 4457 στης
292 4392 411 4443 ἐστὶ
428 4432 444 4456 ,
478 4393 573 4446 καὶ
594 4393 652 4456 ἐξ
675 4389 748 4447 ὧν
776 4394 938 4457 αὐτὸς
961 4394 1342 4459 ἁλαξονεύεται
1361 4440 1376 4461 ,
1409 4397 1685 4450 δείκνυται

1828 4389 2062 4459 mendax
2099 4405 2189 4468 sit,
2220 4413 2335 4455 tum
2375 4416 2441 4453 ex
2484 4400 2594 4455 illis
2635 4404 2882 4467 apparet,
2928 4396 2996 4449 de
3038 4394 3241 4463 quibus
3284 4390 3404 4461 glo-

126 4482 232 4534 καὶ
262 4482 324 4548 ἐξ
359 4475 433 4536 ὧν
457 4484 611 4538 έθετο
644 4486 825 4554 ἐαυτῷ
852 4488 1068 4559 πατέρα
1100 4489 1186 4541 διὰ
1208 4491 1305 4559 τῆς
1327 4490 1436 4543 τῶν
1463 4491 1699 4561 πράξεωπ

1816 4497 2009 4560 riatur,
2043 4506 2156 4549 tum
2186 4511 2253 4550 ex
2283 4494 2408 4548 istis
2444 4492 2589 4548 clare
2626 4489 2976 4559 intelligitur,
3002 4500 3100 4556 per
3128 4500 3275 4555 quae,
3320 4483 3400 4537 si-

123 4572 456 4641 ὁμοιότητος
480 4613 497 4638 ,
523 4578 841 4645 περιφανῶς
859 4579 1254 4634 ἀναδείκνυται.
1290 4582 1378 4633 Διὸ
1405 4582 1499 4634 καί
1531 4598 1696 4651 φησιν

1819 4587 2043 4642 milibus
2071 4587 2234 4640 rebus
2266 4583 2612 4654 perpetratis,
2650 4580 2868 4652 Patrem
2898 4578 3002 4633 sibi
3040 4578 3156 4646 ipse
3183 4573 3405 4628 ascivit.

129 4665 319 4717 ’Ὅταν
357 4665 387 4717 6
428 4666 681 4730 Ἰουδαῖος
706 4668 768 4721 τὸ
797 4668 995 4738 ψεῦδος
1028 4671 1191 4740 λαλῇ,
1222 4673 1302 4725 ὅτι
1338 4673 1577 4744 ψεύστης
1608 4676 1698 4725 ἐστ

1817 4677 2110 4746 Propterea
2139 4676 2214 4730 ait
2244 4694 2256 4729 :
2293 4673 2735 4744 quandocunque
2779 4667 2999 4723 Iudaeus
3047 4665 3402 4720 mendacium

124 4759 228 4811 καὶ
272 4759 435 4823 αὐτὸς
460 4800 475 4823 ,
509 4762 604 4815 καὶ
651 4763 679 4814 ὁ
723 4765 909 4835 πατὴρ
951 4765 1139 4821 αὑτοῦ.
1194 4770 1289 4821 Ὃν
1326 4770 1353 4820 6
1383 4768 1608 4837 Σωτὴρ,
1650 4768 1695 4819 ὡ

1822 4769 2089 4837 loquitur,
2122 4776 2177 4822 et
2222 4768 2341 4836 ipse
2370 4765 2605 4820 mendax
2640 4773 2764 4829 est,
2804 4771 2858 4817 et
2897 4770 3054 4831 pater
3075 4760 3214 4826 ejus.
3252 4758 3408 4811 Illum

124 4851 403 4915 πολλάκις
431 4853 643 4925 εἴρηται
668 4896 685 4919 ,
710 4856 802 4908 τὸν
831 4856 1077 4910 διάϐολον
1115 4861 1212 4912 καὶ
1236 4860 1335 4913 οὐκ
1367 4860 1526 4914 ἄλλον
1560 4855 1698 4913 εἶναι

1823 4860 1969 4913 enim
2002 4860 2279 4924 Servator,
2309 4858 2456 4927 quod
2490 4857 2694 4926 saepius
2722 4856 3066 4911 admonitum
3089 4861 3195 4909 est.
3226 4850 3412 4904 diabo-

124 4943 231 4999 καὶ
265 4942 610 5014 ἀπεφήνατο,
635 4947 731 4999 καὶ
753 4948 1160 5020 κατωνόμασεν.

1828 4951 1963 5015 lum,
1998 4966 2103 5004 non
2136 4959 2318 5004 autem
2349 4949 2518 5003 alium
2549 4963 2672 5004 esse
2701 4955 2756 5003 et
2783 4955 3018 5003 testatus
3054 4952 3158 5012 est,
3215 4952 3271 4997 et
3310 4939 3413 4995 hoc

1830 5044 2049 5098 nomine
2074 5042 2387 5112 appellavit.

206 5208 229 5239 δ
256 5208 424 5267 Joau.
461 5226 559 5265 Vlll
592 5211 681 5267 M.
758 5220 778 5251 ⁵
808 5212 985 5269 Galat.
1018 5228 1090 5277 Iv,
1122 5215 1178 5268 4.

1676 5388 1908 5445 NOTAE.

210 5564 338 5638 (24)
370 5573 447 5625 ιω
472 5565 626 5621 Colb.
658 5582 754 5638 pro
784 5566 1298 5638 ὲπαπωλιαζόντων.

1901 5565 2012 5638 (εδ)
2045 5566 2139 5619 νῦν
2178 5565 2235 5620 δὲ
2268 5568 2388 5629 τοὺς
2433 5563 2741 5627 Ἰουδαίους,
2775 5562 2933 5619 Coib.
