3902 6212
167 263 303 330 1045

877 274 979 335 ΑΙ)
1011 273 1601 338 AMPHILOCHIUM
1633 275 1978 350 QUIESTIO
2014 278 2593 340 CCXLII-CCXLIV.

3279 266 3417 332 1M6

159 383 456 436 ὑπόστασιν
533 382 662 453 μίαν
718 385 814 440 τοῦ
844 388 1016 458 Λόγου
1066 393 1516 464 σεσαρκωμένην.
1556 394 1721 464 Ὀρᾷς

1835 394 2172 466 hypostasin.
2200 376 2386 458 Vides,
2411 407 2522 464 quo
2544 377 2704 461 pacto
2731 396 2861 443 sunt
2899 385 3052 456 impii
3083 392 3138 438 et
3182 383 3419 438 detesta-

156 473 302 538 ὃπως
328 476 434 528 είσὶ
457 474 772 542 θεοϐλαϐεῖς
831 481 928 534 καὶ
985 482 1285 554 ἀπόκλητοι
1324 501 1340 516 ·
1387 487 1570 538 ἐκεῖνα
1621 487 1730 558 γὰρ

155 568 250 620 καὶ
277 568 500 632 ἄκοντες
529 571 865 642 χαρίζονται,
894 572 931 628 ἃ
963 576 1039 646 μὴ
1086 575 1309 643 λέγουσι
1343 577 1731 646 συλαγωγοῦνο

153 675 266 722 τες,
298 659 568 714 κάκείνων
599 663 896 733 κατήγοροι
944 665 1206 733 γίνονται,
1257 667 1395 740 ὑπὲρ
1420 664 1496 722 ὧν
1525 669 1601 740 μὴ
1640 670 1731 738 ἐξ-

154 749 454 818 ομόσασθαι
475 751 702 823 μυρίους
724 754 976 808 ὑπελθεῖν
999 758 1424 827 σχηματίζονται
1445 759 1728 826 θανάτους.

153 841 264 912 Τὴν
292 840 455 910 φύσιν
486 843 595 915 γὰρ
626 844 676 896 οί
725 845 1022 915 Ἀκέφαλοι
1054 846 1222 916 ἤγουν
1261 850 1311 902 οἱ
1351 850 1459 904 ἀπὸ
1485 852 1728 923 Σεϐήρου

153 932 233 994 εἰς
261 932 356 985 δύο
379 933 636 1003 τέμνουσι
667 934 880 1005 φύσεις,
911 939 1007 991 καὶ
1030 939 1128 1009 τὴν
1149 940 1248 1010 μὲν
1276 940 1501 994 καλοῦσι
1535 943 1729 1014 ίδικὴν,

152 1024 254 1094 τὴν
290 1024 348 1077 δὲ
382 1025 647 1092 καθόλου,
689 1029 870 1082 καίτοι
904 1030 1072 1100 μηδὲν
1113 1033 1300 1096 αὑτοῖς
1349 1036 1450 1104 τῆς
1487 1035 1732 1099 ἐπινοίας

155 1114 359 1184 ταύτης
407 1115 543 1187 πρὸς
592 1117 693 1189 τὴν
746 1119 1004 1174 ἀσέϐειαν
1042 1121 1404 1194 συντελούσης
1427 1140 1442 1154 ο
1472 1125 1730 1198 οὐδὲγὰρ

152 1208 252 1276 τὴν
280 1205 482 1260 ἄτοπον
526 1208 707 1262 αὑτῶν
763 1209 921 1274 δόξαν
948 1211 1108 1265 τοῦτο
1151 1212 1215 1266 τὸ
1245 1213 1613 1287 κενολόγημα,
1669 1217 1732 1270 τὸ

158 1301 287 1369 μίαν
343 1297 506 1366 φύσιν
557 1300 649 1354 ἐπὶ
707 1301 945 1372 Χριστοῦ
986 1304 1393 1375 τερατεύεσθαι,
1443 1311 1735 1379 συγκροτεῖ

154 1389 249 1442 καὶ
313 1391 456 1441 κατὰ
525 1390 635 1444 τῶν
708 1392 1008 1461 ὀρθοδόξων
1080 1396 1232 1448 οὐδὲν
1299 1398 1728 1468 παρατάττεται.

166 1478 502 1548 Ἐρωτητέον
545 1480 602 1534 δὲ
632 1483 848 1544 αὐτοὺς,
880 1485 1129 1556 πότερον,
1177 1489 1344 1558 ήνίκα
1390 1490 1608 1559 λέγουσι
1641 1493 1732 1547 τὸν

153 1569 409 1639 Χριστὸν,
475 1574 540 1626 ὲκ
592 1573 686 1628 δύο
744 1576 980 1644 φύσεων,
1039 1578 1104 1631 ἐκ
1145 1579 1394 1652 ποτέρων
1421 1581 1514 1635 δύο
1543 1583 1732 1638 τοῦτον

157 1656 296 1714 εἷναί
356 1680 510 1732 φασι,
574 1665 702 1729 τῶν,
773 1665 849 1728 ὡς
899 1669 1100 1723 ἐκεῖνοι
1143 1670 1386 1741 λέγουσι,
1427 1675 1726 1748 μερικῶνῆ

1832 488 2004 554 biles;
2035 503 2098 544 ea
2127 488 2270 544 enim
2299 497 2352 542 et
2381 485 2534 540 inviti
2572 481 2897 539 concedunt,
2931 494 3052 548 quae
3082 492 3191 530 non
3229 476 3419 530 dicunt

1828 579 2176 649 praedatores,
2241 587 2296 633 et
2343 577 2560 631 illorum
2593 581 2950 629 accusatores
3000 569 3268 634 evadunt,
3318 584 3418 638 pro

1829 671 2032 741 quibus
2075 686 2184 725 non
2224 667 2504 738 ejurandis
2555 673 2818 725 sexcenta
2862 679 2921 719 se
2968 665 3163 718 mortis
3220 675 3419 730 genera

1833 763 2114 818 subituros
2147 761 2485 832 contingunt.
2531 758 2795 813 Naturam
2831 756 2976 810 enim
3012 753 3270 824 Acephali
3304 753 3420 806 sive

1833 849 2116 906 Severiani
2151 853 2205 904 in
2238 851 2375 906 duas
2409 859 2595 907 secant
2635 857 2884 911 naturas,
2917 856 2970 901 et
2995 861 3158 900 unam
3195 844 3416 914 quidem

1829 954 2028 998 vocant
2079 942 2444 1013 singularem.
2501 941 2732 996 alteram
2791 938 3183 998 nniversalem,
3237 951 3418 1006 quan-

1831 1052 1995 1108 quam
2031 1035 2164 1090 nihil
2209 1035 2450 1091 conferat
2503 1035 2568 1088 ad
2618 1032 2952 1103 impietatem
3009 1031 3110 1084 ista
3145 1028 3414 1085 inventio.

1835 1129 2020 1200 Neque
2045 1129 2188 1184 enim
2216 1129 2509 1183 absurdam
2539 1142 2728 1182 eorum
2781 1123 3088 1180 doctrinam
3127 1121 3246 1176 haec
3277 1135 3420 1173 vana

1831 1223 2068 1286 locutio,
2111 1237 2219 1291 qua
2268 1236 2376 1276 una
2433 1222 2490 1275 in
2537 1219 2759 1274 Christo
2809 1225 3003 1270 natura
3063 1214 3417 1283 confingitur,

1833 1318 2077 1374 stabilire
2107 1325 2288 1387 potest
2331 1323 2388 1371 et
2435 1321 2627 1368 contra
2667 1310 3003 1365 orthodoxos
3055 1306 3254 1360 frustra
3293 1321 3420 1374 pro-

1833 1412 2029 1466 fertur.
2087 1407 2450 1476 Quaarendum
2509 1419 2640 1459 vero
2700 1418 2766 1456 ex
2841 1401 2921 1454 eis
3004 1407 3131 1460 est,
3199 1397 3419 1466 quando

1833 1504 2108 1559 Christum
2143 1504 2331 1556 dicunt
2372 1515 2434 1553 ex
2478 1498 2688 1552 duabus
2718 1493 2964 1553 naturis,
3015 1506 3080 1545 ex
3120 1491 3258 1544 utris
3295 1504 3417 1543 eum

1831 1610 1955 1650 esse
1985 1595 2216 1650 doceant
2243 1633 2257 1657 ,
2287 1607 2349 1645 ex
2402 1586 2902 1659 particularihnsne
2925 1599 2992 1638 an
3022 1598 3088 1636 ex
3115 1582 3422 1636 communi-

1837 1687 1960 1741 bus.
1987 1684 2121 1739 Nam
2176 1684 2222 1739 si
2254 1699 2319 1736 ex
2351 1679 2773 1752 particular-ibus
2795 1717 2810 1741 ,
2845 1676 3112 1746 quomodo
3156 1690 3262 1727 non
3291 1689 3419 1728 eru-

154 1752 264 1804 τῶν
282 1754 495 1808 κοινῶν.
526 1757 588 1808 Εἰ
617 1757 717 1826 μὲν
744 1759 852 1828 γὰρ
873 1760 980 1812 τῶν
1005 1762 1269 1832 μερικῶν,
1298 1763 1416 1829 πῶς
1435 1767 1731 1840 Νεστόριον

1834 1779 2057 1834 bescunt
2089 1774 2402 1832 Nestorium
2453 1772 2670 1842 injuriis
2718 1769 2931 1824 afficere
2958 1812 2970 1833 ,
3025 1767 3184 1836 cujus
3213 1765 3418 1820 doctri-

155 1846 256 1900 οὑκ
305 1846 631 1920 ἐρυθριῶσιν
681 1849 946 1920 ὑϐρίζειν,
1007 1847 1067 1906 οὗ
1107 1854 1169 1907 τὸ
1219 1855 1396 1929 δόγμα
1465 1862 1729 1928 περιϐάλ-

153 1954 359 2004 πουσι;
419 1941 480 1993 τὸ
558 1941 668 2011 γὰρ
724 1945 788 1996 ὲκ
835 1944 933 1998 δύο
957 1945 1308 2002 ὑποστάσεων
1343 1930 1738 2020 συντιθέμενον·

158 2032 438 2099 σοφίζεται
493 2033 592 2105 μὲν
617 2036 716 2105 τὴν
751 2039 830 2102 είς
861 2037 920 2090 ἓν
958 2040 1251 2111 πρόσωπον
1280 2043 1550 2110 σύνθεσιν,
1580 2047 1731 2101 οὐδὲν

155 2123 213 2176 δὲ
248 2119 410 2196 ἦττον
440 2126 539 2190 τὰς
560 2126 653 2181 δύο
690 2128 1018 2196 ὑποστάσεις
1083 2134 1467 2201 ίδιοσυστάτως
1519 2140 1732 2208 εἰσάγει

153 2218 245 2268 καὶ
265 2217 580 2298 δογματίζει
608 2221 703 2274 καὶ
733 2224 912 2276 κοινὸν
953 2225 1319 2296 προϐάλλεται
1353 2231 1603 2302 μάθημα.
1659 2235 1732 2288 Τὸ

160 2305 260 2372 μὲν
292 2304 401 2375 γὰρ
432 2309 496 2358 ὲκ
540 2307 634 2361 δύο
679 2312 874 2363 κοινῶν
922 2311 1138 2380 φύσεων
1183 2318 1506 2384 συγκεῖσθαι
1550 2319 1732 2389 λέγειν

150 2396 242 2448 τὸν
288 2397 524 2464 Χριστὸν
573 2403 931 2471 καταισχύνει
981 2407 1070 2456 τδν
1104 2405 1400 2479 Νεστόριον
1444 2411 1588 2480 (οὑδὲ
1625 2414 1732 2484 γὰρ

150 2486 261 2544 οὐδ’
299 2487 357 2554 ἐξ
386 2490 632 2562 ἀνάγκης
665 2495 744 2556 είς
784 2495 1189 2560 ἱδιοσυστάτους
1235 2500 1564 2567 ὑποστάσεις
1597 2505 1734 2558 διαι-

153 2587 328 2654 ρεῖται
390 2584 451 2636 τὸ
510 2583 889 2654 συγκείμενον)
923 2601 937 2615 ⁸
969 2586 1030 2639 τὸ
1086 2587 1142 2640 δὲ
1196 2591 1260 2642 ὲκ
1311 2590 1404 2644 δύο
1429 2593 1630 2661 λέγειν,
1659 2595 1734 2659 ὡς

150 2675 383 2739 ἐκείνοις
415 2675 631 2743 ἀνάγκη
673 2675 876 2743 λέγειν,
931 2678 1356 2747 ὑποστάσεων,
1406 2684 1506 2737 οὐκ
1552 2687 1734 2740 αὑτῶν

155 2769 376 2843 μᾶλλον,
409 2768 546 2820 ἀλλὰ
571 2767 662 2822 τοῦ
691 2769 988 2840 Νεστορίου
1013 2772 1274 2842 κηρύττει
1315 2775 1375 2828 τὸ
1423 2779 1680 2850 φρόνημα
1713 2801 1729 2814 ο

149 2863 253 2920 κᾶν
283 2880 342 2915 τε
372 2861 479 2932 γάρ
503 2862 571 2916 ἐκ
595 2862 689 2915 δύο
708 2880 791 2927 τις
829 2863 1228 2921 ὺποστάσεων
1258 2871 1393 2939 φαίη
1417 2876 1738 2942 συγκεῖσθαι

147 2953 241 3012 τὸν
270 2954 312 3006 Χ
322 2951 523 3023 ριστὸν,
548 2954 648 3008 κάν
675 2971 734 3006 τε
757 2955 826 3008 ἐν
841 2956 981 3023 δυσὶ,
1007 2959 1109 3012 κάν
1131 2977 1188 3014 τε
1212 2960 1322 3016 δύο
1344 2966 1735 3037 ὑποστάσεις,

147 3044 507 3114 ήΝεστορίου
565 3044 830 3116 θεομαχία
885 3048 1210 3118 κρατύνεται
1267 3052 1456 3127 ῶσπερ
1513 3057 1610 3112 ὲάν
1653 3077 1738 3124 τις

1831 1887 1958 1927 nam
2017 1869 2200 1925 fovent
2243 1877 2407 1937 atque
2458 1863 2903 1935 prosequuntur?
2959 1861 3114 1926 Quod
3159 1861 3302 1913 enim
3349 1873 3418 1912 ex

1833 1965 2042 2020 duabus
2105 1961 2491 2034 bypostasibus
2563 1957 2815 2027 componi
2875 1955 3162 2018 asseritur,
3197 1951 3420 2005 simulat

1833 2057 2048 2129 quidem
2079 2052 2528 2122 compositionem
2579 2049 2633 2102 in
2681 2063 2842 2102 unam
2886 2059 3173 2108 personam
3200 2083 3215 2108 ,
3246 2043 3418 2096 nihilo

1831 2165 1963 2204 vero
2015 2145 2196 2201 secius
2243 2143 2380 2196 duas
2433 2140 2751 2210 byposlases
2809 2152 2903 2207 per
2965 2151 3024 2190 se
3070 2132 3419 2204 peculiariter

1833 2241 2190 2299 subsistentes
2223 2233 2433 2290 inducit
2464 2241 2516 2286 et
2543 2231 2797 2302 praedicat
2827 2239 2881 2283 et
2905 2215 3248 2282 communem
3281 2241 3419 2296 pra:-

1834 2331 1940 2385 fert
1975 2311 2279 2382 doctrinam
2316 2322 2498 2376 dicere
2539 2320 2758 2390 quidem
2789 2317 3071 2372 Christum
3111 2333 3174 2370 ex
3207 2315 3419 2370 duabus

1835 2423 2219 2482 communibus
2265 2417 2478 2472 naturis
2523 2414 2882 2483 compositum
2930 2411 3233 2466 Nestorium
3285 2427 3418 2464 con-

1837 2518 2016 2574 fundit
2071 2515 2270 2586 (neque
2327 2512 2472 2564 enim
2530 2507 2845 2562 necessario
2903 2506 2955 2558 in
3015 2505 3152 2559 duas
3206 2519 3302 2573 per
3358 2518 3418 2557 se

1836 2607 2198 2664 subsistentes
2225 2615 2487 2673 personas
2515 2597 2776 2651 dividitur
2803 2595 3212 2665 compositum),
3236 2594 3418 2649 dicere

1836 2705 2015 2750 autem
2047 2709 2112 2747 ex
2138 2692 2351 2746 duabus
2391 2686 2778 2758 hypostasibus,
2808 2685 2950 2740 sicut
2985 2683 3092 2738 illis
3116 2684 3294 2738 dicere
3320 2699 3418 2736 ne-

1837 2802 1988 2842 cesse
2022 2793 2124 2848 est,
2161 2798 2270 2836 non
2295 2794 2481 2834 eorum
2513 2780 2716 2846 potius,
2750 2778 2842 2831 sed
2876 2774 3108 2829 Nestorii
3149 2773 3418 2844 imprimis

1837 2875 2164 2935 sententiam
2196 2871 2487 2944 praedicat;
2524 2870 2638 2924 sive
2667 2867 2814 2922 enim
2842 2883 2908 2920 ea:
2936 2866 3150 2921 duabus
3171 2866 3421 2936 hyposta-

1837 2970 1980 3025 aibus
2034 2966 2309 3021 Christum
2371 2962 2495 3032 quis
2526 2961 2672 3014 dicat
2724 2958 3110 3028 compositum,
3185 2959 3300 3012 sive
3362 2959 3418 3011 iu

1838 3063 2070 3124 duabus,
2109 3059 2224 3114 sive
2257 3056 2392 3109 duas
2427 3055 2752 3124 Iiyposlases,
2790 3048 3022 3106 Nestorii
3055 3050 3329 3106 stabilitur
3362 3050 3416 3104 in

148 3133 289 3206 φαίη
316 3135 414 3204 τὴν
441 3134 740 3193 ὑπόστασιν
763 3136 855 3190 τοῦ
883 3138 1059 3207 Λόγου
1088 3143 1147 3194 ὲν
1180 3143 1346 3215 ἑαυτῇ
1390 3119 1490 3215 τὴν
1520 3119 1731 3220 ἀνθρωζ

1843 3153 2009 3208 Deum
2038 3119 2215 3222 pugna
2244 3167 2258 3216 ;
2292 3119 2753 3220 quemadmodum
2807 3149 2853 3204 si
2904 3149 3028 3218 quis
3058 3149 3204 3202 dicat
3254 3147 3418 3203 Verbi

149 3224 315 3295 πίνην
342 3223 752 3294 ὑποστήσασθαι
795 3227 980 3296 φύσιν,
1025 3230 1128 3286 κάν
1178 3250 1236 3285 τε
1260 3235 1326 3287 ἐκ
1367 3235 1460 3290 δύο
1485 3238 1736 3306 φύσεων

147 3307 327 3375 εἷπον,
361 3311 462 3366 κᾶν
507 3329 566 3364 τε
615 3315 673 3366 ἐν
709 3314 847 3379 δυσὶ,
896 3317 998 3370 κᾶν
1045 3335 1106 3371 τε
1172 3319 1281 3375 δύο
1309 3362 1326 3385 ,
1378 3325 1579 3394 ὁμοίως
1632 3329 1733 3398 τὴν

147 3404 274 3463 καθ’
304 3405 600 3459 ὑπόστασιν
655 3407 850 3464 ἕνωσιν
878 3411 1200 3482 ἀνομολογεῖ
1263 3417 1357 3470 κα)⁸
1414 3419 1474 3471 τὸ
1504 3421 1732 3486 εὐσεϐὲς

145 3497 514 3568 ἀνακηρύττει
545 3499 834 3571 φρόνημα·
869 3503 1154 3572 σύγκειται
1181 3509 1289 3578 γὰρ
1322 3512 1352 3564 ό
1389 3514 1622 3584 Χριστὸς
1663 3517 1730 3572 ἐκ

147 3605 210 3640 τε
232 3589 328 3640 τοῦ
381 3589 518 3642 Θεοῦ
567 3591 744 3660 Λόγου
795 3593 886 3647 καὶ
935 3595 1036 3665 τῆς
1083 3600 1434 3672 ἀνθρωπίνης
1473 3607 1727 3677 φύσεωςο

147 3679 247 3730 καὶ
277 3678 386 3748 γὰρ
413 3679 441 3730 ὁ
484 3679 653 3748 Λόγος
680 3721 696 3746 ,
756 3682 893 3754 ὅπερ
943 3687 1091 3739 ἐστὶν
1154 3690 1471 3760 ὑπόστασις,
1534 3699 1731 3766 γέγονε

149 3767 310 3840 σὰρξ,
344 3769 444 3838 τῆς
496 3771 698 3843 σαρκὸς
752 3774 813 3826 ού
863 3777 1155 3846 πρόσωπον
1205 3783 1552 3859 είσαγούσης,
1593 3791 1734 3848 ἀλλά

145 3861 248 3931 τὴν
285 3859 638 3931 ἀνθρωπίνην
667 3861 832 3932 φύσιν
861 3868 1338 3946 ἀπαγγελλούσης.

714 3957 1044 4014 ΕΡΩΤΗΣΙΣ
1081 3965 1255 4024 ΣΜΔν.

151 4048 298 4135 Tim,
313 4052 478 4135 rati":
510 4051 887 4135 ἀναεξτύεγσει
911 4055 973 4135 τε)
997 4057 1103 4135 ῑοτέ
1119 4059 1494 4135 Momm
1509 4066 1721 4135 ῥητὸν,

1838 3243 2150 3317 hypostasin
2198 3243 2251 3297 in
2304 3257 2366 3298 se
2411 3244 2702 3297 humanam
2757 3251 3098 3298 sustentasse
3143 3250 3416 3305 naturam,

1835 3337 1948 3393 sive
1979 3348 2046 3391 ex
2073 3337 2286 3390 duabus
2333 3338 2542 3391 naturis
2599 3338 2714 3392 sive
2747 3337 2800 3390 in
2850 3337 3063 3391 duabus
3118 3336 3232 3390 sive
3285 3337 3421 3390 duas

1833 3437 2055 3481 naturas
2086 3428 2252 3495 dicat,
2283 3429 2536 3481 similiter
2566 3429 2824 3482 unionem
2863 3427 3254 3498 bypostaticam
3287 3442 3420 3480 con-

1833 3519 2015 3574 ﬁtetur
2037 3527 2090 3573 et
2123 3519 2514 3573 catholicorum
2533 3520 2727 3589 dogma
2753 3519 3097 3586 depraedicat.
3137 3517 3422 3584 Composi-

1826 3625 1916 3668 tus
1963 3611 2118 3667 enim
2159 3622 2240 3665 est
2272 3612 2524 3666 Christus
2572 3627 2637 3665 ex
2685 3611 2793 3665 Deo
2843 3611 3020 3664 Verbo
3077 3621 3132 3664 et
3182 3610 3418 3663 humana

1827 3717 2056 3771 natura;
2114 3719 2239 3759 nam
2285 3702 2568 3768 Verbum},
2627 3702 2771 3771 quod
2801 3712 2883 3758 est
2927 3702 3256 3774 bypostasis,
3290 3717 3420 3756 caro

1825 3797 2029 3852 factum
2064 3806 2176 3862 est;
2213 3797 2396 3850 carnis
2437 3805 2619 3851 autem
2661 3811 2794 3851 voce
2827 3810 2933 3849 non
2979 3809 3210 3864 persona
3256 3794 3420 3848 indu-

1826 3890 1990 3956 citur,
2024 3888 2118 3944 sed
2162 3889 2396 3941 humana
2435 3897 2628 3940 natura
2676 3887 2994 3941 denotatur.

2004 3978 2332 4048 ρυιιΕετιο
2359 3978 2607 4034 CCXLIV
2633 3977 2824 4050 [CoisL
2859 3976 3023 4030 Taur.
3062 3974 3232 4048 XCI].

1830 4075 1996 4142 Quem
2033 4089 2243 4126 sensum
2279 4073 2430 4142 habet
2463 4071 2600 4124 illud
2637 4069 2875 4142 Αρρειοίὶ
2917 4070 3162 4142 dictum;
3195 4089 3214 4121 ι
3247 4069 3420 4126 Collo-

220 4121 606 4259 bc‘gggfgrier
644 4121 801 4195 ἡμᾶς
833 4124 902 4177 ἐν
925 4124 1094 4196 δεξιᾷ
1139 4129 1275 4200 (σιν)
1309 4134 1417 4187 τοῦ
1441 4121 1588 4191 sebi)
1623 4121 1724 4197 έιάί

363 4281 616 4332 Erlitarum
644 4299 672 4336 a
701 4286 880 4338 Wolfio
910 4289 1159 4342 tricesima
1186 4298 1328 4345 sexta
1360 4298 1497 4358 (Cur.
1531 4304 1718 4359 Philol.
1749 4305 1870 4366 LV,
1891 4316 1942 4364 p.
1972 4300 2083 4362 679,
2113 4299 2223 4349 685.
2257 4299 2480 4349 Galland.
2515 4299 2649 4359 Xlll,
2679 4313 2730 4362 p.
2762 4299 2872 4360 705,
2903 4299 3014 4360 706,
3044 4311 3095 4348 n.
3127 4297 3201 4362 8).

220 4362 344 4417 Ὅτι
367 4367 478 4436 (51)
508 4370 791 4438 κρείττους
819 4373 1066 4440 ἀγγέλων
1085 4379 1416 4452 γεγενῆσθαι
1436 4385 1523 4438 διὰ
1543 4389 1643 4455 τῆς
1661 4394 1719 4445 ὲν

1893 4385 2304 4439 Prasstantiores
2352 4383 2558 4452 angelis
2607 4397 2707 4437 nos
2732 4399 2825 4452 per
2850 4383 3136 4437 adventum
3166 4383 3321 4437 Verbi
3365 4382 3417 4437 in

147 4459 316 4556 σαρκὶ
381 4461 475 4513 τοῦ
532 4463 715 4556 Λόγου
761 4467 1065 4556 παρουσίας
1097 4470 1246 4539 ἡμᾶς
1311 4475 1491 4545 ἡθεία
1536 4481 1728 4556 Γραφὴ

1832 4493 2043 4535 carnem
2084 4474 2260 4530 factos
2288 4489 2428 4538 esse,
2481 4483 2535 4529 et
2567 4476 2617 4528 in
2649 4476 3049 4530 resurrectione
3107 4475 3309 4545 angelis
3342 4477 3419 4528 si-
3449 4476 3454 4481 ’

144 4547 530 4619 διακέκραγεν,
582 4557 677 4606 καὶ
703 4554 758 4607 ἐν
787 4557 853 4626 τῇ
883 4555 1181 4610 ἀναστάσει
1239 4560 1560 4630 ίσαγγέλους
1580 4547 1728 4622 ⁷ίξσελ

1832 4571 1984 4626 miles
2021 4567 2258 4630 futuros,
2295 4565 2530 4620 divinior
2566 4565 2850 4635 Scriptura
2893 4574 3144 4620 testatur.
3178 4585 3196 4617 ι
3236 4565 3419 4620 Collo-

147 4637 300 4692 σθαι.
337 4659 355 4691 ι
401 4641 683 4697 Ἐκάθισεν
709 4644 818 4716 γὰρ
841 4648 990 4716 ἡμᾶς
1034 4649 1094 4702 ὲν
1141 4649 1293 4722 δεξιᾷ
1335 4655 1431 4707 τοῦ
1461 4656 1595 4711 Θεοῦ
1629 4661 1721 4714 καὶ

1832 4658 1969 4714 cavit
1992 4657 2138 4712 enim
2169 4670 2272 4710 nos
2298 4654 2367 4710 ad
2397 4655 2643 4709 dextram
2671 4654 2765 4709 Dei
2793 4663 2847 4709 et
2873 4653 3072 4718 Patris,
3111 4674 3130 4706 ι
3167 4667 3228 4710 ut
3259 4656 3418 4712 divus

147 4729 387 4801 Πατρδς,
422 4750 442 4784 ι
476 4733 551 4796 ὡς
588 4736 616 4786 ό
648 4734 790 4799 θεῖος
825 4738 1038 4803 Παῦλος
1066 4740 1183 4811 βοᾷ,
1218 4745 1309 4796 καὶ
1349 4745 1496 4816 ἑξῆς.
1529 4750 1637 4801 Καὶ
1664 4751 1725 4803 οὑ

1832 4750 2031 4807 Paulus
2060 4747 2284 4811 clamat,
2313 4756 2421 4800 etc.
2449 4744 2637 4815 Neque
2659 4761 2792 4801 vero
2823 4747 2939 4802 haec
2967 4763 3150 4802 secum
3181 4747 3414 4806 invicem

145 4821 384 4925 μάχεται
415 4823 608 4925 ταῦτα.
639 4825 730 4896 Τῷ
762 4828 860 4896 μὲν
886 4829 994 4900 γὰρ
1033 4833 1381 4906 συνεδριάσαι
1430 4838 1507 4908 τῷ
1552 4838 1730 4913 θρόνῳ

1832 4849 2098 4914 pugnant.
2120 4837 2465 4894 Manifestum
2493 4839 2637 4894 enim
2670 4849 2754 4894 est
2813 4855 2913 4894 nos
2946 4841 3087 4894 ultra
3114 4840 3417 4909 angelicam

141 4915 230 5005 τῶ
259 4915 509 5005 πατρικῷ
539 4917 600 4970 τὸ
625 4918 686 4982 ἐξ
712 4919 871 4989 ἡμῶν
903 4923 1266 4994 πρόσλημμα,
1298 4927 1398 4996 τῆς
1426 4929 1731 5000 ἀγγελικῆς

1832 4933 2060 5005 gloriam
2095 4939 2150 4986 et
2181 4930 2503 5000 dignitatem
2531 4945 2599 4985 eo
2655 4929 2776 5000 ipso
2809 4938 3026 4986 evectos
3066 4945 3220 4996 esse,
3268 4931 3416 5000 quod

143 5003 242 5104 in}
267 5001 438 5104 Ξόξης
475 5006 634 5104 όῆλον
679 5010 763 5062 ὅτι
811 5010 906 5065 καὶ
954 5014 1122 5085 τιμῆς
1175 5017 1723 5092 ὑπερανεστὴκαμεν.

1832 5001 1986 5090 illud,
2037 5021 2183 5094 quod
2230 5037 2295 5076 ex
2343 5021 2504 5076 nobis
2559 5029 2900 5089 assumptum
2949 5027 3068 5088 est,
3109 5019 3164 5074 in
3218 5019 3417 5074 throno

142 5092 240 5160 Τῷ
262 5093 321 5147 δὲ
351 5096 550 5167 μηκέτι
574 5099 764 5170 μηδενὶ
805 5103 916 5158 τῶν
943 5108 1044 5175 τῇς
1071 5107 1279 5179 σακρὸς
1299 5109 1358 5164 ὲν
1395 5113 1461 5182 τῇ
1492 5111 1729 5168 ἀναστά-

1832 5117 2007 5175 Patris
2029 5092 2115 5174 est
2141 5115 2463 5174 collocatum
2504 5113 2734 5181 Quando
2772 5128 2902 5169 vero
2940 5111 2994 5168 in
3019 5111 3419 5168 resurrectione

2032 4145 2170 4198 cavit
2203 4159 2298 4198 nos
2330 4141 2398 4196 ad
2428 4142 2673 4196 dextram
2703 4140 2801 4195 Dei
2827 4151 2875 4195 et
2909 4139 3091 4194 Patris
3116 4141 3159 4194 ⁸.
3190 4158 3210 4192 ι

221 5249 245 5282 ⁸
274 5249 473 5321 Ephes.
499 5269 561 5320 ιι,
585 5255 640 5310 6.

1659 5419 1896 5480 ΝΟΤᾸῦ.

223 5544 378 5628 (56⁸)
433 5545 658 5630 Frustra
686 5550 907 5620 quidem
956 5554 1100 5610 hanc
1134 5556 1334 5626 φράσιν
1383 5557 1437 5611 in
1487 5557 1719 5628 epistola

143 5613 304 5674 Pauli
346 5621 684 5674 quaesiveris.
719 5621 926 5674 Similis
959 5637 1137 5674 tamen
1195 5629 1268 5674 illi
1331 5636 1436 5674 est-
1462 5643 1568 5674 mia
1607 5629 1712 5674 nn-

1832 5557 1978 5625 αὑτῷ
2015 5559 2238 5614 καθίσαι
2279 5561 2397 5628 μετ’
2437 5560 2572 5632 ἐμοῦ
2622 5564 2680 5617 ἐν
2715 5561 2793 5634 τῷ
2819 5563 2997 5637 θρόνῳ
3033 5579 3156 5634 μου,
3195 5578 3250 5618 κ.
3273 5578 3324 5616 τ.
3350 5558 3409 5618 λ.

1832 5629 1978 5674 [10111⁵-
2005 5628 2205 5674 Enhes-
2237 5631 2301 5674 ΙΙΔ
2337 5631 2390 5674 Β-

191 5617 926 5703 σιιιι(ιιιεεεὶνετίετςδίηῃιὶε
959 5617 1158 5703 tamen
1179 5617 1272 5703 illi
1314 5636 1438 5703 εει,
1462 5617 1580 5703 qua
1607 5629 1712 5703 l)o-
1820 5617 1981 5703 Con_f.
2003 5628 2206 5703 Ephes.
2237 5617 2303 5694 ll',
2337 5631 2392 5685 6.

146 5693 340 5746 minus
380 5699 567 5746 noster
608 5693 780 5748 utitur
806 5693 1030 5765 Apocal.
1059 5693 1148 5753 111.
1187 5697 1278 5753 21.
1303 5699 1332 5752 ὁ
1365 5693 1529 5754 νικῶν
1560 5699 1722 5755 δώσω

1902 5701 2014 5770 (51)
2049 5693 2168 5756 Ὅτι
2194 5693 2341 5759 deest
2366 5703 2421 5759 in
2449 5703 2605 5760 Colb.
2635 5714 2688 5761 et
2709 5719 2900 5761 revera
2924 5703 3189 5760 abundat.
