3902 6212
416 215 552 280 1047

1574 222 1840 283 ΡΠΟΤΙΙ
1871 220 2062 282 PATB
2074 218 2375 281 IARCH/E
2415 221 2525 282 CP.

3543 212 3696 277 1048

414 328 550 380 nihil
578 343 791 393 eoi-nm,
838 343 958 396 quae
983 328 1051 381 ad
1084 343 1285 396 corpus
1331 332 1619 399 pertinent.
1657 340 1738 388 vel
1779 348 2030 389 amove-.

2137 350 2185 384 ει
2233 334 2371 403 μήτε
2429 330 2813 396 καθέλκεσθαι,
2877 328 3014 400 μηδὲ
3068 325 3510 398 παρασύρεσθαι,
3565 324 3704 394 μηδ’

410 425 534 482 tur,
592 419 679 472 vel
718 419 1103 486 contemnitur,
1152 421 1298 473 nulla
1332 436 1462 476 vero
1504 423 1666 477 etiam
1712 439 1797 489 re,
1829 439 1992 494 quam

412 510 663 580 corporis
702 520 899 564 natura
933 510 1068 565 alias
1100 513 1374 581 postulat,
1414 513 1553 568 idem
1591 516 1826 585 amplius
1859 515 2000 570 indi—

2101 425 2233 487 ὅλως
2252 428 2309 477 ὲν
2330 425 2486 496 χρείᾳ
2514 423 2873 477 καθίστασθαι
2894 422 3023 486 τῶν,
3050 422 3150 474 ὅσα
3175 420 3380 489 σακρὸς
3394 420 3557 489 φύσις
3578 417 3701 483 (52)

2100 515 2402 582 ἐδούλευεν,
2475 516 2575 585 τῆς
2639 515 2749 569 τῶν
2814 514 3125 583 ἀσωμάτων
3196 512 3405 581 λήξεως
3468 509 3696 581 χαρίζε-

415 610 539 667 get;
575 601 627 656 id
667 602 884 671 quidem
924 603 1083 657 nobis
1126 606 1515 659 commercium
1553 607 1884 661 conditionis
1912 624 2001 662 re-

2135 625 2188 660 αι
2228 608 2330 677 τὴν
2370 606 2710 675 συγγένειαν,
2742 605 2884 658 ὥστε
2919 605 3148 666 εἰκότως
3185 604 3299 669 (55)
3336 602 3431 656 καὶ
3470 603 3707 670 ἰσάγγε-

420 710 540 747 rum
574 694 1021 763 incorporearum
1052 695 1125 748 ita
1152 696 1398 765 largitur,
1430 706 1485 750 ut
1513 705 1567 751 et
1600 697 1804 751 similes
1836 712 2003 768 ange-

422 788 511 851 Iis,
566 794 621 841 et
662 786 975 855 superiores
1009 786 1072 841 iis
1098 788 1217 842 dem
1244 789 1416 844 simns
1457 788 1648 844 futuri.
1684 788 2005 859 Superiores

421 879 645 947 quidem
698 881 841 945 ideo,
876 881 1020 951 quod
1068 864 1281 935 natura!
1310 892 1498 937 nostra
1548 899 1644 953 per
1694 899 1856 947 eum,
1914 883 2006 953 qui

421 974 569 1028 illam
620 974 945 1041 assumpsit,
990 974 1146 1043 juxta
1194 974 1409 1029 Patrem
1457 976 1719 1030 collocata
1772 984 1890 1040 est;
1938 975 2005 1028 ad

424 1062 837 1117 similitudinem
890 1077 1019 1117 vero
1084 1065 1348 1117 mentium
1394 1064 1842 1132 incorporearum
1891 1078 2013 1133 per-

425 1153 606 1217 ducti;
666 1162 958 1222 postquam
992 1153 1061 1207 ab
1136 1154 1420 1209 aﬂ‘ectibus
1474 1165 1529 1209 et
1557 1153 2016 1224 corruptibilitate

426 1244 717 1309 immunes,
745 1253 799 1298 et
820 1260 847 1297 a
873 1244 1156 1313 corporeis
1186 1245 1588 1313 aﬂ'ectionibus,
1609 1246 2017 1315 petulantiaque

427 1348 478 1387 et
514 1336 878 1389 inconstantia
901 1376 916 1400 ,
969 1336 1055 1391 cui
1114 1339 1393 1392 materiale
1426 1340 1680 1410 quodque
1721 1338 2015 1393 obnoxium

427 1438 531 1492 est,
560 1428 714 1483 liberi
742 1429 1041 1484 evasimus.

504 1518 601 1573 llic
646 1535 776 1574 vero
827 1521 990 1576 etiam
1046 1522 1449 1578 observandum
1482 1532 1599 1590 est,
1646 1522 1825 1579 verbis
1876 1522 2019 1596 illis,
2066 1502 2069 1517 1

434 1629 453 1663 ι
495 1611 662 1667 Erant
714 1623 774 1667 ut
827 1614 1006 1684 angeli
1049 1614 1219 1681 Dei",
1261 1635 1301 1691 D.
1343 1631 1451 1669 non
1512 1616 1759 1671 eamdem
1814 1626 2023 1671 naturae

2103 699 2227 762 λοι,
2282 698 2380 751 κοιλ⁸
2425 697 2709 768 κρείττους
2764 696 2991 750 ἐκείνων
3044 696 3307 766 ἐσόμεθα.
3346 694 3437 765 Τῷ
3467 697 3565 765 μὲν
3596 696 3705 765 τὴν

2106 790 2268 859 φύσιν
2320 788 2475 859 ἡμῶν
2531 790 2589 840 ὲν
2646 788 2723 859 τῷ
2777 786 3141 858 προσλαὸόντι
3203 787 3551 858 συνεδριάσαι
3614 787 3701 856 τῷ

2109 885 2306 955 "arpi;
2365 884 2668 954 κρείττους.
2720 882 2800 952 Τῇ
2838 881 2896 933 δὲ
2950 880 3291 933 καθέκαστον
3344 878 3505 947 ἡμῶν
3551 878 3706 930 ἀπα-

2110 978 2232 1047 θείᾳ
2264 975 2359 1029 καὶ
2386 975 2665 1046 ἀφθαρσίᾳ
2714 975 2808 1027 καὶ
2838 972 3171 1043 σωματικῶν
3202 970 3425 1023 πάντων
3456 969 3552 1022 καὶ
3588 985 3709 1020 πα-

2113 1069 2221 1121 θῶν
2249 1068 2343 1121 καὶ
2399 1068 2809 1137 σκιρτημάτων,
2857 1065 2952 1118 καὶ
2990 1063 3295 1134 ταχύτητος
3346 1060 3707 1129 ἀπηλλάχθαι

2114 1159 2408 1229 προσύλου,
2439 1157 2538 1227 τὴν
2587 1156 2725 1225 πρὸς
2759 1155 2890 1219 τούς
2946 1151 3280 1224 ἀσωμάτους
3311 1150 3438 1214 νόας
3471 1150 3707 1217 ἰσότητα

2119 1248 2535 1319 ἀναδεδεγμένοι
2569 1248 2703 1317 (54).

2206 1526 2593 1583 Ἐπισκεπτέον
2618 1524 2675 1576 δὲ
2698 1522 2781 1587 τὸ,
2799 1539 2819 1573 ι
2852 1522 3104 1574 Ἔσονται
3125 1519 3201 1581 ὡς
3256 1516 3480 1586 ἄγγελοι
3504 1514 3704 1580 Θεοῦ,ι

2124 1623 2185 1677 οὐ
2204 1622 2302 1692 τὴν
2324 1618 2593 1690 ἰσοτιμίαν
2616 1615 2873 1687 κηρύττει
2895 1614 2996 1684 τῆς
3016 1613 3255 1680 φύσεως,
3279 1611 3415 1664 ἀλλά
3438 1612 3500 1663 τὸ
3530 1609 3713 1679 μηδὲν

429 1703 788 1771 dignitatem,
846 1706 944 1760 sed
1004 1705 1059 1761 id
1112 1707 1293 1775 potius
1346 1707 1608 1772 indicari,
1671 1707 1817 1778 quod
1879 1708 2013 1761 nihil

2135 1716 2379 1784 πάσχειν,
2399 1705 2473 1765 ὧν
2499 1710 2739 1779 ἔπασχον
2765 1708 3052 1779 πρότερον,
3076 1703 3376 1776 σαρκικῶν.
3398 1702 3712 1773 Παραπλη-

429 1809 617 1849 eorum
641 1836 656 1861 ,
686 1796 886 1867 quibus
920 1797 974 1852 in
1016 1813 1182 1852 carne
1219 1797 1437 1853 fuerant
1466 1799 1724 1865 obnoxii,
1755 1800 2021 1869 imposw—

433 1904 551 1941 rum
580 1889 756 1945 simus
778 1891 1077 1959 experturi,
1115 1892 1373 1960 angelica:
1392 1906 1521 1945 vero
1555 1891 1868 1945 indolentiae
1896 1906 2022 1961 par-

431 1978 624 2048 ticipes
652 1989 707 2035 et
745 1996 773 2034 a
795 1981 1145 2050 passionihus
1173 1982 1454 2051 corporeis
1472 1982 1744 2036 immunes
1764 1982 1931 2035 vitam
1969 1982 2024 2036 in

433 2071 840 2127 resurrectione
891 2073 1095 2137 acturi,
1138 2074 1389 2142 quamvis
1439 2073 1657 2127 interim
1712 2074 1920 2138 angelis
1958 2089 2024 2129 eo

435 2162 610 2217 simus
638 2164 969 2233 superiores,
1002 2167 1147 2235 quod
1185 2176 1427 2219 nostram
1460 2166 1734 2233 lapsorum
1772 2175 2021 2220 naturam

434 2255 528 2309 Dei
554 2254 724 2310 Filius
755 2258 1049 2328 assumpsit
1095 2267 1150 2313 et
1180 2259 1440 2322 redemit,
1487 2258 1704 2313 illorum
1752 2275 1881 2313 vero
1918 2276 2023 2313 non

438 2346 588 2399 item.
648 2346 818 2417 Cujus
856 2348 1074 2418 quidem
1124 2349 1205 2404 rei
1254 2349 1517 2403 rationem
1564 2350 1617 2403 in
1664 2364 1731 2404 eo
1780 2365 2025 2419 quaerere

441 2445 676 2506 oportet,
711 2440 856 2508 quod
883 2439 958 2494 illi
999 2442 1216 2510 quidem
1245 2456 1347 2496 nos
1380 2442 1737 2505 seduxerunt,
1768 2457 1869 2496 nos
1894 2456 2024 2497 vero

438 2529 651 2585 seducti
702 2547 933 2599 sumus;
984 2536 1237 2604 quodque
1279 2535 1355 2589 illi
1412 2535 1593 2590 varias
1639 2534 2026 2605 praerogativas

439 2622 772 2691 habuerunt,
804 2642 914 2696 quo
937 2627 1118 2682 minus
1142 2640 1450 2697 peccarent,
1477 2629 1675 2698 quippe
1699 2628 1792 2698 qui
1817 2627 1993 2682 allecti
2010 2653 2027 2665 -

440 2716 542 2771 bus
568 2718 753 2772 minus
776 2727 1046 2788 paterent,
1088 2720 1154 2773 ad
1185 2720 1352 2775 Deum
1381 2735 1509 2775 vero
1544 2721 1770 2791 pmpius
1796 2720 2024 2775 accede-

442 2817 580 2871 rent,
614 2819 667 2862 et
695 2824 924 2878 corpore
961 2811 1195 2880 denique
1244 2822 1514 2867 carerent.
1552 2813 1635 2867 Ab
1668 2814 1836 2867 altera
1874 2822 2029 2882 parte

448 2901 607 2955 nobis
641 2902 862 2971 quidam
894 2904 1298 2959 miserationem
1327 2906 1501 2972 magis
1521 2905 1848 2969 conciliavit,
1880 2904 2026 2974 quod

444 2994 592 3049 vitiis
627 2996 798 3065 magis
839 2996 1183 3064 petebamus,
1214 2999 1540 3067 corporique
1571 2996 1789 3051 obnoxii
1822 3005 1878 3051 et
1906 2997 2027 3050 alli-

2128 1809 2258 1872 σίως
2289 1807 2345 1860 δὲ
2375 1807 2473 1876 τῆς
2501 1802 2801 1872 ἀγγελικῆς
2821 1800 3091 1863 ἀπαθείας
3144 1799 3238 1852 καὶ
3291 1797 3490 1858 αὐτοὺς
3536 1797 3595 1847 ἐν
3637 1796 3710 1865 τῇ

2127 1899 2423 1953 ἀναστάσει
2453 1895 2563 1950 τῶν
2596 1892 2876 1965 σαρκικῶν
2914 1889 3375 1963 ἀπηλλαγμένους
3412 1887 3713 1971 πολιτεύε-

2129 1990 2272 2053 σθαι,
2308 1988 2593 2058 κρείττους
2635 1986 2692 2039 δὲ
2746 1985 2843 2037 καὶ
2877 1982 3053 2045 ἄλλως
3088 1981 3362 2049 ἀγγέλων,
3402 1980 3485 2032 ὅτι
3547 1978 3711 2048 ἡμῶν

2131 2080 2230 2150 μὲν
2256 2077 2660 2147 ὀλισθησάντων
2682 2075 2781 2145 τὴν
2837 2074 3000 2144 φύσιν
3031 2064 3295 2127 ἀνέλαϐεν
3343 2074 3372 2124 ὁ
3422 2070 3514 2124 τοῦ
3548 2069 3710 2122 ’Θεοῦ

2128 2174 2256 2236 Υἱὸς
2296 2174 2389 2225 καὶ
2417 2170 2754 2233 ἀνεσώσατο,
2783 2167 3008 2221 ἐκείνων
3037 2166 3094 2220 δὲ
3127 2166 3333 2219 οὐκέτι.
3368 2165 3476 2218 Καὶ
3520 2164 3712 2231 ζητεῖν

2126 2268 2207 2320 δεῖ
2237 2266 2337 2334 τὴν
2382 2264 2587 2326 αἰτίαν,
2633 2262 2716 2314 ὅτι
2748 2261 2902 2313 αὐτοί
2956 2260 3055 2329 μὲν
3090 2258 3427 2326 ὲπλάνησαν,
3457 2259 3622 2327 ἡμεῖς
3651 2255 3709 2307 δὲ

2126 2357 2233 2411 τῶν
2261 2354 2663 2423 πλανηθέντων.
2720 2352 2832 2405 Καὶ
2861 2350 2941 2403 ὃτι
2977 2349 3130 2402 αὐτοὶ
3167 2350 3263 2419 μὲν
3300 2347 3499 2410 πολλάς
3532 2347 3712 2416 ἀφορ-

2133 2450 2238 2523 μὰς
2270 2443 2413 2517 εἶχον
2442 2445 2537 2498 τοῦ
2571 2445 2645 2515 μὴ
2676 2442 3077 2515 ἑξαμαρτῆσαι,
3106 2442 3168 2494 τὸ
3193 2440 3467 2501 δυσπαθές
3522 2456 3583 2491 τε
3616 2441 3713 2490 καὶ

2124 2544 2189 2598 τὸ
2216 2542 2536 2613 πλησιάζειν
2570 2541 2769 2612 μᾶλλον
2799 2539 2918 2610 Θεῷ
2960 2539 3054 2592 καὶ
3103 2539 3165 2591 τὸ
3211 2537 3525 2607 ἀσώματον.
3580 2535 3713 2595 Τοῖς

2128 2637 2184 2690 δὲ
2215 2636 2387 2709 ῥοπὴν
2413 2634 2564 2686 ἐλέου
2598 2632 2828 2703 παρέχει
2859 2632 2954 2685 καὶ
2992 2630 3052 2683 τὸ
3081 2628 3483 2698 εὐπαθέστερον
3514 2627 3611 2679 καὶ
3632 2625 3714 2694 τῷ

2131 2731 2345 2799 σώματι
2378 2723 2742 2779 καθέλκεσθαί
2788 2741 2847 2776 τε
2916 2723 3010 2775 καὶ
3061 2719 3441 2782 συνδεδέσθαι,
3499 2718 3600 2769 καὶ
3649 2717 3715 2767 τὸ

2133 2819 2339 2891 μεῖζον,
2387 2819 2467 2871 ὅτι
2521 2817 2622 2870 οὐκ
2670 2816 3118 2883 έπιγεγέννηνται
3167 2813 3231 2865 ὲκ
3271 2810 3381 2863 τῶν
3433 2808 3714 2860 πεσόντων

2129 2911 2328 2981 ἕτεροι,
2363 2907 2430 2960 δι’
2456 2904 2550 2970 οὓς
2579 2909 2646 2960 ἂν
2670 2906 2762 2958 τὸν
2790 2904 3175 2975 φιλάνθρωπον
3203 2895 3388 2954 εἷλκεν
3417 2899 3478 2953 τὸ
3506 2898 3713 2963 πτῶμα

2132 3002 2268 3073 πρὸς
2298 3000 2465 3053 ἔλεον.
2483 2998 2625 3052 Ἀλλ’
2653 2996 2807 3051 αὐτοί
2836 3012 2900 3065 γε
2934 2996 2985 3048 οἱ
3022 2993 3371 3066 παραϐάντες
3396 2991 3496 3060 τὴν
3532 2987 3715 3057 παρά-

445 3087 552 3155 gati
579 3102 837 3153 eramus;
870 3097 983 3142 tum
1014 3104 1143 3144 vero
1177 3089 1468 3165 imprimis,
1500 3088 1644 3157 quod
1674 3104 1739 3142 ex
1770 3088 1899 3151 illis,
1934 3088 2025 3157 qui

2135 3097 2290 3148 6ασιν
2305 3092 2597 3156 διαπαντὸς
2627 3092 2848 3161 μένουσι
2877 3088 3218 3160 στέργοντες.
3247 3087 3367 3138 Ἔτι
3398 3084 3717 3151 οὐδ’ὃμοιον

447 3181 583 3250 lapsi
609 3193 785 3244 erant,
818 3184 955 3239 tales
988 3200 1093 3239 non
1122 3185 1289 3255 geniti
1328 3194 1487 3249 sunt,
1519 3200 1615 3253 per
1649 3199 1787 3254 quos
1818 3181 2030 3237 Numen

449 3273 903 3343 benignissimum
932 3276 1000 3330 ad
1034 3278 1246 3330 veniam
1284 3276 1471 3346 lapsus
1506 3274 1809 3329 faciendam
1837 3274 2032 3329 adduci

450 3375 677 3434 poterat.
708 3365 822 3421 lmo
864 3382 996 3424 vero
1024 3368 1123 3433 illi,
1168 3370 1262 3439 qui
1292 3369 1465 3439 legem
1499 3368 1855 3429 violaverant,
1882 3383 2034 3422 eam-

450 3453 575 3509 dem
612 3455 827 3517 ,violare
880 3473 1097 3527 semper
1141 3469 1347 3514 amant.
1385 3460 1571 3525 'Porro
1604 3473 1782 3528 neque
1834 3460 2035 3514 similia

452 3562 628 3616 neque
656 3547 835 3602 aﬂinia
867 3558 1015 3614 sunt,
1041 3551 1359 3620 angelorum
1386 3561 1639 3605 naturam
1670 3562 1724 3605 et
1751 3551 2033 3606 hominum

451 3638 597 3693 illam
652 3654 951 3695 assumere.
1004 3642 1142 3708 Quid
1194 3642 1340 3696 enim
1406 3643 1512 3698 hoc
1571 3643 1870 3713 profuisset
1930 3644 2036 3698 illis

452 3732 696 3798 angelis,
743 3732 837 3802 qui
869 3748 977 3786 non
1019 3743 1178 3788 erant
1207 3734 1388 3803 lapsi?
1418 3733 1475 3789 Si
1519 3750 1645 3789 vero
1678 3736 1731 3789 in
1761 3736 2037 3806 lapsorum

453 3821 682 3889 gratiam
716 3822 767 3875 id
800 3823 1005 3876 factum
1040 3834 1202 3888 esset,
1232 3839 1433 3891 nonne,
1470 3824 1576 3880 hoc
1614 3825 1776 3889 facto,
1818 3826 1919 3888 illi,
1945 3826 2038 3895 qui

454 3912 593 3981 lapsi
620 3928 730 3967 non
779 3924 935 3968 erant
961 3916 1270 3981 deterioris,
1302 3931 1465 3986 quam
1513 3918 1669 3986 lapsi,
1710 3918 2039 3972 conditiOnis

457 4002 723 4057 fuissent?
766 4003 1035 4060 Praeterea
1072 4004 1306 4061 Verbum
1346 4006 1691 4062 incarnatum
1724 4020 1777 4063 et
1828 4009 2041 4064 virtutis

454 4108 509 4149 et
539 4097 762 4165 pietatis
802 4108 1067 4167 praecepta
1102 4113 1205 4153 nos
1236 4098 1441 4165 docuit,
1476 4115 1569 4169 per
1602 4116 1743 4169 quae,
1776 4100 2039 4170 siquidem

457 4192 548 4248 illa
587 4208 684 4262 per
706 4191 935 4260 gratiam
962 4193 1080 4256 ejus
1112 4193 1469 4247 observemus
1489 4233 1506 4259 ,
1545 4208 1736 4247 eorum
1768 4193 2045 4247 reddimur

456 4285 771 4355 participes,
799 4300 918 4354 qua:
951 4295 1210 4354 perpetua
1258 4285 1409 4353 regni
1440 4285 1703 4339 caelorum
1759 4284 2045 4340 haereditas

457 4392 675 4446 sperare
706 4376 879 4445 jubet.
913 4372 1031 4429 Jam
1067 4392 1197 4429 vero
1227 4376 1542 4447 angelorum
1576 4385 1768 4429 natura
1797 4388 1852 4429 et
1879 4378 2047 4429 virtu-

461 4472 530 4524 tis
572 4478 627 4525 et
654 4470 869 4541 pietatis
906 4470 1098 4524 notitia
1152 4478 1269 4524 erat
1324 4470 1611 4525 instructa.
1650 4467 1881 4524 Virtutis
1923 4468 2044 4539 qui-

460 4562 605 4629 dem,
643 4578 743 4617 ceu
774 4576 844 4616 ex
875 4577 940 4616 eo
968 4570 1135 4633 patet,
1174 4561 1317 4632 quod
1365 4562 1639 4627 homines,
1677 4562 1747 4616 ab
1789 4561 1880 4616 illa
1915 4576 2043 4616 avo-

461 4666 633 4722 catos,
667 4656 720 4710 in
751 4656 1025 4710 contraria
1074 4656 1256 4708 omnia
1300 4654 1685 4724 pellexerunt:
1724 4670 1824 4709 nec
1861 4655 2045 4710 minus

465 4750 703 4819 pietatis.
736 4748 1071 4819 Argumento
1101 4756 1185 4801 est
1229 4747 1350 4811 ille,
1385 4746 1480 4817 qui
1512 4747 1814 4813 clamabat;
1858 4765 1876 4797 ι
1906 4745 2044 4800 Novi

466 4855 539 4901 te,
570 4839 694 4909 quis
726 4839 801 4895 sis
833 4857 847 4893 :
876 4846 1101 4893 sanctus
1136 4835 1299 4901 Dei’;
1342 4856 1359 4886 ι
1406 4846 1478 4902 et,
1518 4854 1537 4886 ι
1585 4832 1791 4889 Venisti
1825 4845 1884 4888 ut
1915 4843 2041 4891 ante

469 4948 683 5004 tempus
715 4949 816 4988 nos
846 4931 1167 5003 aﬂligeres'.
1212 4949 1229 4982 ι
1261 4929 1582 4999 Cujusmodi
1609 4930 1890 4999 complura
1915 4930 2044 4986 alibi

467 5038 701 5082 exstant.
724 5029 906 5095 Itaque
938 5025 1199 5079 Dominus
1225 5023 1430 5079 frustra
1458 5024 1771 5094 angelorum
1792 5032 2045 5079 naturam

540 5124 558 5153 ⁷
587 5120 780 5173 Matth.
812 5134 947 5184 xm,
984 5118 1073 5170 30.

2132 3181 2241 3236 οὐδ’
2272 3183 2439 3250 ἐγγὺς
2477 3179 2726 3248 ἀγγέλων
2751 3196 2808 3231 τε
2844 3177 3059 3247 φύσεως
3080 3178 3172 3229 καὶ
3190 3175 3495 3245 ἀνθρώπων
3526 3172 3716 3224 ἐπιλα-

2131 3272 2539 3343 6έσθαι.Τίγάρ
2562 3271 2657 3325 καὶ
2680 3269 2888 3341 ὤνησεν
2908 3271 3036 3332 τοὺς
3061 3269 3122 3323 οὐ
3145 3268 3441 3331 πεσόντας;
3465 3265 3516 3317 εἰ
3542 3265 3601 3317 δὲ
3631 3262 3747 3315 δια·

2132 3374 2257 3432 τοὺς
2280 3366 2546 3427 πεσόντας
2569 3403 2585 3427 ,
2610 3362 2725 3425 πῶς
2740 3362 2800 3415 οὐ
2826 3360 3042 3432 χείρους
3060 3361 3108 3413 οἰ
3135 3360 3208 3431 μὴ
3235 3357 3587 3418 πεπτωκότες
3609 3356 3719 3406 τῶν

2135 3462 2500 3517 πεπτωκότων
2518 3456 2629 3530 (55)
2650 3456 2684 3528 ἢ
2697 3455 2853 3512 τοῦτο
2866 3456 2962 3507 ἐπε
2971 3452 3253 3524 ργαστέον;
3264 3451 3385 3502 Ἔτι
3412 3466 3479 3501 σα
3488 3446 3719 3518 ρκωθεὶς

2135 3560 2162 3612 ὁ
2185 3559 2351 3626 Λόγος
2375 3555 2445 3609 τά
2465 3572 2525 3607 τε
2545 3554 2645 3624 τῆς
2673 3550 2871 3623 ἀρετῆς
2896 3549 2991 3601 καὶ
3016 3547 3083 3599 τά
3097 3544 3197 3612 τῆς
3233 3540 3516 3603 εὐσεϐείας
3549 3540 3721 3608 μαθή-

2140 3650 2444 3721 ματαήμᾶς
2476 3644 2875 3712 ὲξεπαίδευσεν,
2899 3639 2969 3693 δι’
2988 3632 3062 3692 ὧν
3085 3639 3215 3708 ἡμῖν
3244 3637 3468 3703 γέγονεν
3494 3635 3560 3701 τῇ
3591 3631 3720 3699 παρ’

2138 3741 2303 3797 αὐτοῦ
2332 3742 2514 3814 χάριτι
2542 3734 2946 3807 κατορθοῦντας
2979 3731 3114 3801 (56),
3147 3729 3183 3782 ὃ.
3216 3727 3447 3781 ὑπέθετο
3477 3724 3577 3793 τῆς
3610 3722 3719 3774 τῶν

2139 3833 2382 3903 οὐρανῶν
2448 3828 2724 3901 βασιλείας
2773 3824 3053 3894 ἀδιάδοχος
3114 3817 3475 3890 κληρονομία.
3552 3815 3619 3867 Ἠ
3664 3816 3718 3866 δὲ

2141 3920 2407 3991 ἁγγελικὴ
2437 3919 2597 3989 φύσις
2624 3918 2719 3971 καὶ
2745 3918 2845 3986 τῆς
2886 3913 3087 3983 ἀρετῆς
3142 3913 3240 3963 καὶ
3282 3909 3380 3991 τῆς
3437 3904 3722 3966 εὐσεϐείας

2143 4008 2287 4081 εἶχεν
2308 4011 2407 4080 τὴν
2432 4008 2655 4077 γνῶσιν.
2687 4006 2819 4075 Τῆςξ
2854 4004 2953 4073 μὲν
2978 4000 3205 4072 ἀρετῆς,
3231 3997 3291 4063 ἐξ
3338 3990 3415 4052 ὧν
3466 3996 3595 4053 τοὺς
3630 3993 3721 4047 ὐπ’

2146 4105 2319 4174 αὐτῆς
2349 4102 2459 4174 (57)
2486 4098 3007 4169 ὐποσκελιζομένους
3034 4093 3169 4164 πρὸς
3196 4090 3459 4145 τάναντία
3503 4086 3723 4157 μεθεῖλ-

2144 4198 2241 4251 κέν
2264 4214 2323 4248 τε
2343 4196 2436 4249 καὶ
2453 4192 2833 4255 ὐπεδελέαζεν.
2860 4190 2972 4242 Καὶ
2993 4187 3091 4256 τῆς
3109 4183 3394 4246 εὐσεϐείας
3421 4182 3467 4234 δ’
3497 4179 3721 4251 ὁμοίως,

2146 4290 2241 4342 καὶ
2298 4287 2357 4355 ἐξ
2416 4280 2491 4340 ὧν
2543 4285 2673 4338 έὸόα
2701 4300 2716 4316 ⁸
2783 4302 2802 4335 ι
2837 4277 2968 4335 Οἶδά
3024 4296 3084 4331 σε
3137 4276 3219 4340 τίς
3255 4273 3342 4327 εἰ·
3375 4277 3403 4328 ὁ
3447 4274 3605 4341 ἆγιος
3632 4272 3722 4324 τοῦ

2150 4379 2307 4434 Θεοῦ·
2336 4398 2356 4431 ι
2393 4380 2509 4442 καὶ,
2539 4397 2556 4431 ‹
2587 4373 2790 4438 Ἦλθες
2821 4375 2930 4446 πρὸ
2958 4369 3154 4442 καιροῦ
3188 4366 3476 4439 βασανίσαι
3507 4366 3675 4435 ἡμᾶς·
3702 4383 3721 4415 ι

2153 4473 2245 4525 καὶ
2279 4470 2450 4542 μυρία
2482 4468 2810 4522 άλλα.”Ωστε
2864 4466 2946 4525 εἰς
2978 4462 3156 4533 μάτην
3183 4460 3356 4530 αὐτὴν
3386 4457 3497 4510 τῶν
3558 4454 3696 4522 ἀγγέ

2149 4563 2257 4617 λῶν
2283 4564 2559 4633 ὑπήρχετο
2578 4560 2757 4629 φύσιν.
2769 4558 2889 4610 Ἔτι
2910 4574 2977 4609 σα
2986 4555 3211 4622 ρκοῦται
3227 4556 3254 4606 ὁ
3266 4551 3435 4620 Λόγος
3445 4549 3582 4612 ,ὁδὸν
3598 4550 3630 4616 ἡ
3641 4549 3728 4616 μῖν

2149 4648 2293 4708 δι’ὦν
2312 4654 2599 4723 ἔπραττεν,
2632 4649 2974 4712 ὑποδεικνὺς,
2991 4646 3057 4699 δι’
3086 4639 3153 4717 ἧς
3172 4646 3304 4713 ἡμῖν
3322 4644 3357 4712 ἡ
3377 4643 3512 4711 πρὸς
3534 4639 3625 4691 τὸν
3651 4638 3727 4690 οὐ-

2154 4747 2312 4820 ρανὸν
2337 4745 2520 4808 ἄνοδος
2540 4742 2955 4815 πορισθήσεται.
2970 4741 3097 4802 Τοῖς
3115 4738 3171 4791 δὲ
3191 4736 3410 4806 δαίμοσι
3437 4733 3723 4820 πρόκειται

2146 4818 2217 4895 τά
2236 4838 2471 4910 ὁμογενῆ
2491 4837 2747 4906 τάγματα
2773 4834 2874 4903 τῆς
2901 4832 3133 4905 ἀρχαίας
3147 4826 3447 4899 λήξεως,δι’
3463 4818 3539 4878 ὧν
3558 4822 3725 4893 πράτ-

2149 4950 2323 4994 τουσι,
2347 4931 2447 5000 τὴν
2478 4927 2858 4998 μακαριότητα
2892 4920 3333 4994 προδεικνύοντα.
3352 4916 3494 4969 Ἀλλ’
3532 4915 3725 4966 ἐκεῖνοι

2154 5024 2377 5095 γνώμης
2402 5019 2631 5090 ἀπονοίᾳ
2644 5017 2767 5072 οὐτε
2789 5018 3036 5081 ἕπονται,
3066 5012 3191 5067 οὐτε
3219 5011 3354 5082 πρὸς
3379 5006 3578 5069 αὐτοὺς
3607 5007 3720 5058 ἐπι-

1212 5117 1231 5149 ’¹
1266 5115 1404 5172 Luc.
1439 5132 1514 5181 iv,
1546 5117 1636 5173 ὄις
1713 5116 1735 5147 ⁸
1767 5115 1956 5169 Matth.
1992 5132 2068 5178 ix,
2102 5116 2195 5170 29.

1986 5205 2219 5262 NOTAE.

545 5305 657 5375 (52)
696 5304 802 5359 Pro
856 5303 1020 5373 φύσις
1069 5303 1224 5360 Colb.
1273 5303 1457 5373 φύσιν.
1516 5301 1793 5375 Neutrum
1834 5310 2041 5375 rectum

474 5371 606 5447 puto
638 5371 649 5429 Ξ
691 5371 911 5445 legerint
954 5376 1136 5447 φύσει.
1173 5371 1584 5447 Fortassevero
1616 5389 1713 5447 pro
1746 5371 2048 5447 εδούλευεν,

474 5442 767 5517 iegendtttii
786 5448 949 5502 luerit
970 5442 1289 5514 ἐϐούλευεν,
1316 5445 1593 5499 suadebat.
1628 5442 1693 5496 Et
1724 5444 1803 5498 sic
1831 5443 2051 5495 retineri

476 5522 649 5589 possit
671 5517 854 5586 φύσις.

558 5582 851 5658 (55)’ὢστε
883 5588 1115 5649 εἰκότως
1135 5586 1296 5641 Colb.
1340 5602 1440 5658 pro
1464 5582 1913 5658 προστεθηκότω.

552 5652 666 5727 (ὅ.ίὶ
721 5660 801 5714 lta
848 5660 1046 5730 scripsi
1098 5674 1197 5728 pro
1246 5652 1739 5725 ἀναδεδειγμὲνοι,
1774 5670 1839 5709 ex
1895 5652 2065 5707 verbo

2147 5301 2503 5370 ἀναδέχομαι.

2222 5366 2343 5440 (33')-
2375 5366 2679 5438 Legeitdum
2710 5377 2839 5440 puto
2878 5366 2948 5416 εἰ.

2352 5424 2534 5495 Malim
2565 5424 2914 5509 κατορθοῦσι.
2948 5443 3003 5487 ιιι
3028 5433 3296 5487 referatur
3316 5430 3381 5485 ad
3403 5424 3723 5483 antecedens

2158 5516 2346 5653 ήμίέἔῖ)
2375 5582 2544 5653 αὐτῆς
2573 5581 2727 5637 Colb.
2753 5594 2851 5648 pro
2880 5574 3095 5637 αὐτούς.
