3902 6212
158 299 292 369 1049

1041 301 1139 361 AD
1176 297 1768 360 AMPIIILOCHIUM
1797 295 2144 370 QUIESTIO
2185 294 2442 357 CCXLV.

3302 283 3439 348 1050

155 422 494 494 στρέφονται·
510 418 650 472 ὥστε
666 417 818 488 περίε
828 417 956 490 ργόν
971 417 1117 470 ἐστιν
1128 415 1376 485 ἀγγέλων
1391 415 1490 486 τὴν
1500 414 1594 468 τοῦ
1607 413 1742 467 Θεοῦ

1873 423 1966 469 :rat
2011 423 2386 483 suscepturus.
2431 407 2826 464 lncarnabatur
2865 414 3126 476 praeterea
3174 399 3439 466 Verbum,

155 514 316 583 φύσιν
348 511 622 566 ὑπελθεῖν.
662 509 880 564 Μᾶλλον
904 509 962 562 δὲ
991 509 1071 572 είς
1105 507 1276 579 μείζω
1297 509 1390 562 καὶ
1413 507 1742 578 βαρυτέραν,

156 606 315 674 εἴπερ
335 597 446 654 οἷόν
468 601 527 654 τέ
558 603 692 664 ἐστι,
719 600 818 670 τῆς
837 599 1210 669 ἀποκειμένης
1235 600 1420 662 αὐτοῖς
1445 599 1740 662 κολάσεως.

159 694 281 746 1Ιἰίτι
305 693 554 762 ἀγγέλων
584 694 742 762 εἰπερ
771 691 997 763 ἔμελλεν
1025 691 1054 743 6
1082 693 1253 760 Λόγος
1290 691 1453 762 φύσιν
1505 693 1743 764 ὑπέρχε-

165 785 290 839 σθαι
319 785 455 855 (58),
487 784 604 848 πῶς
633 782 699 838 ἂν
730 783 996 854 ὑπῆλθεν,
1028 785 1192 838 τόκου
1220 784 1295 857 μὴ
1324 783 1738 855 μεσιτεύοντοςς

154 879 206 930 εἰ
231 877 274 930 δ’
297 876 483 940 ἁπλῶς
513 877 633 930 κατ’
649 875 924 929 οἱκείωσιν
946 877 1040 930 καὶ
1065 878 1322 949 σχετικὴν
1345 877 1564 932 σύνοδον
1585 877 1745 932 τοῦτο

157 970 370 1038 προσῆν
391 971 503 1032 τοῖς
520 967 792 1038 δαίμοσιν,
817 967 932 1022 ἀλλ’
960 969 1173 1022 ἐκεῖθεν
1202 970 1575 1041 διερράγησαν
1603 971 1740 1041 (59).

162 1061 286 1113 Ἔτι
319 1061 464 1123 τίνος
501 1061 614 1130 (40)
653 1060 761 1114 τῶν
789 1062 1160 1114 πεπτωκότων
1185 1063 1426 1115 ἐποιεῖτο
1475 1061 1574 1132 τὴν
1603 1062 1745 1115 κατὰ

157 1153 221 1205 τὸ
233 1153 406 1223 ἄκρον
416 1152 726 1217 οἰκείωσιν;
773 1153 945 1222 Είμὲν
963 1154 1071 1206 τῶν
1099 1153 1372 1218 ἑστώτων,
1390 1155 1485 1208 καὶ
1513 1154 1566 1207 τί
1591 1154 1657 1208 ἂν
1683 1155 1745 1208 τὸ

161 1246 452 1308 πεπτωκὸς
470 1243 667 1314 (hvmo;
685 1245 940 1299 Ἐκείνων
956 1245 1065 1316 γὰρ
1084 1245 1180 1297 καὶ
1195 1247 1322 1316 πρὶν
1347 1245 1617 1314 μενόντων
1633 1246 1743 1316 (41)

161 1339 219 1388 ὲν
252 1339 364 1400 τοῖς
392 1335 642 1404 ἀμείνοσι
670 1336 732 1388 τὺ
762 1336 1036 1405 δαιμόνιον
1057 1334 1430 1400 ταλανίζεται.
1461 1337 1525 1389 Ei
1549 1336 1606 1389 δὲ
1634 1337 1744 1389 τῶν

162 1431 553 1494 πεπτωκότων,
584 1429 686 1483 ποῦ
716 1430 776 1483 τὸ
804 1429 1013 1482 δίκαιον
1041 1446 1055 1495 ;
1104 1428 1228 1492 Πῶς
1280 1427 1325 1482 δ’
1353 1427 1419 1482 ἂν
1447 1428 1550 1482 οὐκ
1587 1427 1748 1498 ἔσχεν

159 1525 343 1594 χώραν
371 1521 692 1588 ἐκλέγεσθαι
707 1522 769 1575 τὸ
797 1521 1246 1591 κατεγνωσμένον
1267 1520 1467 1592 Παύλῳ
1490 1536 1505 1551 ’
1535 1539 1554 1572 t
1579 1522 1746 1590 Ποιή-

162 1631 345 1685 σωμεν
367 1613 437 1667 τὰ
461 1614 637 1680 κακά;
665 1631 683 1664 ι
699 1612 892 1666 Ἐτιδὲ
919 1612 1078 1666 τόκου
1104 1613 1224 1674 ταῖς
1241 1610 1560 1680 ἀγγελικαῖς
1588 1611 1750 1665 δυνά-

165 1728 294 1781 μεσι
323 1711 396 1782 μὴ
430 1706 832 1780 μεσιτεύοντος,
865 1706 988 1760 οὐδὲ
1024 1705 1190 1774 φύσιν
1213 1700 1280 1775 ἦν
1310 1704 1536 1758 δυνατὸν
1565 1705 1746 1758 αὐτῶν

1844 505 1988 559 viam
2017 503 2178 558 nobis
2217 518 2310 572 per
2359 516 2420 556 ea
2443 539 2459 562 ,
2489 514 2609 569 qua:
2661 497 2888 569 agebat,
2938 504 3308 554 ostensurum,
3343 505 3441 560 per

1845 613 2010 669 quam
2048 596 2259 651 reditus
2308 595 2467 648 nobis
2510 593 2563 647 in
2595 591 2794 648 caelum
2829 597 3056 659 pateret.
3087 582 3440 661 Daemonibus

1841 707 1976 747 vero
2007 691 2061 745 in
2096 689 2406 758 exemplum
2441 685 2703 758 propositi
2737 692 2865 740 sunt
2893 679 3104 737 similes
3135 678 3246 732 illis
3275 690 3442 745 ange-

1845 786 2026 840 lorum
2060 783 2308 846 ordines,
2336 783 2624 852 pristinam
2657 779 2844 834 sedem
2875 783 3108 837 tuentes,
3135 783 3299 841 atque
3334 770 3441 822 illis

1845 880 2014 950 ipsis,
2055 893 2178 948 quae
2222 886 2424 946 agunt,
2478 875 2624 928 viam
2677 871 2742 927 ad
2789 868 3098 926 beatitatem
3153 878 3440 921 common-

1846 982 2105 1027 strantes.
2144 970 2225 1025 llli
2280 984 2446 1032 vero,
2498 976 2678 1021 mente
2724 963 2938 1026 aversi,
2986 975 3086 1016 nec
3136 964 3444 1026 sequuntur

1846 1063 1972 1118 illos
1995 1105 2008 1129 ,
2052 1077 2153 1117 nec
2185 1059 2252 1115 ad
2297 1060 2518 1115 eosdem
2556 1062 2971 1112 convertuntur.
3024 1051 3217 1120 Itaque
3250 1061 3443 1117 snper-

1848 1171 2149 1212 vacaneum
2200 1152 2376 1214 foret,
2425 1150 2472 1206 si
2536 1148 2630 1203 Dei
2676 1157 2870 1201 natura
2920 1143 3067 1198 illam
3119 1141 3442 1211 angelorum

1847 1249 2180 1317 susciperet;
2218 1248 2330 1300 imo
2361 1245 2411 1298 id
2451 1244 2631 1312 ipsum
2665 1254 2884 1310 poenam
2921 1237 3299 1290 imminentem
3330 1246 3439 1285 ma-

1843 1341 2019 1411 jorem
2069 1349 2123 1394 et
2173 1338 2504 1409 graviorem,
2559 1334 2824 1405 siquidem
2877 1331 3002 1386 talis
3053 1329 3171 1382 dari
3227 1331 3444 1393 potest,

1850 1434 2120 1487 redderet.
2153 1431 2308 1497 Quod
2347 1429 2392 1484 si
2429 1438 2691 1499 praeterea
2728 1425 2965 1479 Verbum
3001 1421 3318 1490 angelorum
3351 1431 3448 1470 na—

1850 1538 2027 1582 turam
2055 1538 2339 1580 assumere
2367 1537 2610 1592 unquam
2639 1519 2920 1583 voluisset,
2948 1513 3224 1586 quomodo
3252 1510 3302 1566 id
3328 1509 3448 1564 sine

1850 1620 2220 1676 intercedente
2265 1626 2426 1688 partu
2475 1615 2660 1684 aliqtto
2691 1611 2806 1666 fieri
2849 1606 3154 1680 potuisset?
3185 1603 3242 1659 Si
3281 1615 3450 1673 porro

1853 1720 2061 1766 tantum
2096 1725 2194 1780 per
2226 1706 2728 1778 appropriationem
2770 1703 3008 1772 aliquam
3043 1707 3097 1754 et
3123 1698 3445 1753 relationem

164 1775 458 1856 άναλαῦεἰν
505 1802 597 1855 τὸν
629 1801 802 1869 Λόγον
849 1797 945 1852 τοῦ
976 1796 1135 1863 Θεοῦ,
1168 1797 1307 1851 ἀλλά
1325 1815 1449 1850 τινα
1466 1797 1556 1851 τὸν
1623 1797 1745 1850 καθ’

1873 1801 2115 1856 noralem
2147 1798 2388 1854 Verbum
2424 1796 2556 1852 illud
2587 1811 2648 1852 se
2678 1811 2803 1852 cum
2827 1792 3172 1849 dtemonibus
3203 1803 3451 1842 commn-

161 1894 526 1949 ἓκαστον.⁸ον
562 1893 607 1947 δ’
638 1892 704 1946 ἂν
734 1892 946 1958 ἐλαϐεν,
979 1891 1140 1962 μόνον
1175 1892 1384 1943 ἐκεῖνον
1406 1889 1582 1944 ἄνκαὶ
1610 1889 1748 1942 έσωο

1851 1895 2108 1958 nicasset,
2165 1892 2241 1946 illi
2290 1890 2375 1944 vel
2423 1889 2502 1944 sic
2547 1889 2616 1944 ab
2658 1903 2724 1944 eo
2766 1885 3001 1956 sejuncti
3039 1883 3292 1938 fuissent.
3331 1878 3449 1945 Qua

163 1986 278 2052 ξεν.
304 1987 470 2044 Ὥστε
529 1985 847 2039 συνέϐαινεν
877 1984 943 2037 ἂν
995 1982 1159 2037 αὑτὸν
1187 1982 1452 2054 μυριάκις
1502 1983 1750 2052 ἀγγέλων

1873 2002 2014 2040 »οπο
2061 1987 2128 2039 de
2175 1999 2342 2039 causa
2395 1981 2629 2036 Verbum
2682 1979 2865 2048 lapsos
2909 1977 3030 2031 illos
3071 1973 3174 2029 sibi
3208 1972 3447 2026 maxime

162 2080 340 2151 ἄτομα
368 2079 479 2150 (42)
520 2077 867 2132 ὑποδύεσθαι.
900 2076 1119 2130 Μᾶλλον
1160 2075 1217 2129 δὲ
1249 2076 1477 2140 ἁνίλεως
1509 2077 1596 2147 εἴη
1639 2075 1750 2148 (53)

1873 2076 2296 2150 ippropriasset?
2324 2074 2380 2143 Si
2419 2073 2622 2129 dixeris
2657 2093 2669 2128 :
2711 2070 2767 2124 In
2795 2069 3027 2141 gratiam
3082 2066 3323 2129 illorum,
3355 2060 3450 2131 qui

162 2169 511 2239 δαιμόνων,οϊ
535 2171 716 2240 πάσης
737 2168 939 2230 κακίας
956 2167 1186 2230 ἑαυτοὺς
1207 2166 1500 2234 ἀπέδειξαν
1517 2167 1748 2238 ὄργανα.

1873 2172 2146 2224 nationem
2195 2180 2350 2222 suam
2388 2164 2765 2222 retinuerant,
2823 2157 2954 2228 quid
2996 2155 3122 2210 inde
3175 2150 3452 2208 commodi

165 2265 234 2316 ad
262 2263 441 2331 lapsos
471 2259 839 2332 pervenisset?
873 2259 987 2315 lllis
1017 2259 1160 2312 enim
1191 2259 1417 2314 meliore
1443 2261 1758 2318 conditione
1797 2263 2008 2335 pridem
2035 2261 2362 2321 fruentibus,
2391 2258 2672 2310 daemones
2699 2255 2845 2310 vices
2908 2267 3039 2308 suas
3096 2249 3450 2303 miserantur.

166 2354 227 2408 Si
257 2370 383 2408 vero
408 2354 461 2408 in
495 2355 726 2424 gratiam
763 2354 1072 2424 lapsorum;
1109 2353 1389 2422 quomodo
1424 2353 1476 2407 id
1505 2353 1589 2409 fas
1647 2355 1882 2412 fuisset?
1946 2353 2140 2410 Nonne
2204 2354 2386 2424 potius
2452 2349 2504 2403 id
2559 2349 2764 2404 factum
2802 2355 2968 2409 esset,
3035 2341 3183 2412 quod
3248 2338 3453 2392 Paulus

169 2453 457 2502 aversatur
495 2467 507 2502 :
558 2466 576 2499 ι
621 2443 912 2502 Faciamus
949 2445 1088 2499 mala
1135 2447 1178 2499 '.
1219 2463 1239 2496 ι
1293 2447 1522 2510 Quando
1569 2448 1806 2517 denique
1847 2455 2038 2518 partus
2079 2446 2342 2516 angelicis
2386 2442 2558 2513 copiis
2611 2439 2819 2494 mederi
2876 2446 2932 2492 et
2965 2451 3069 2490 usu
3109 2433 3301 2487 venire
3340 2447 3452 2484 non

167 2540 370 2605 potuit,
418 2555 519 2594 nec
555 2549 807 2594 naturam
851 2539 1174 2608 angelorum
1212 2535 1450 2592 Verbum
1491 2538 1581 2592 Dei
1613 2556 1916 2607 assumere,
1953 2540 2047 2595 sed
2121 2555 2293 2593 unum
2361 2537 2599 2606 aliquem
2635 2547 2850 2598 eorum,
2914 2533 3109 2599 potuit.
3143 2525 3458 2592 Quemcun-

169 2645 280 2701 que
310 2646 440 2687 vero
466 2647 658 2686 eorum
728 2631 1144 2700 assumpsisset,
1189 2631 1343 2686 illum
1414 2648 1583 2686 ttnum
1657 2634 1944 2689 salvasset.
2003 2631 2078 2686 Ita
2137 2646 2267 2685 vero
2325 2623 2575 2682 futurum
2633 2635 2791 2689 erat,
2858 2633 2918 2678 ut
2975 2621 3068 2674 illa
3133 2617 3456 2688 angelorum

171 2723 524 2777 iudivisibilia
560 2723 760 2777 millies
813 2723 1138 2790 susciperet.
1178 2722 1368 2778 Satius
1413 2725 1597 2793 itaque
1633 2724 1773 2788 ei-at,
1816 2723 2128 2780 daemonum
2161 2739 2269 2776 non
2305 2721 2592 2785 misereri,
2645 2718 2736 2788 qui
2789 2731 2850 2771 se
2899 2715 3047 2785 ipsos
3088 2712 3271 2766 omnis
3331 2724 3460 2780 pra-

169 2817 355 2871 vitatis
378 2817 737 2870 instrumenta
765 2815 1164 2885 prmstitissent.

687 2911 1023 2965 ΕΙὨΤΗΣΙΣ
1055 2912 1233 2965 ΣΜΕ’.

1873 2905 2197 2976 υυᾹίὃΠο
2209 2905 2338 2960 CCX
2349 2901 2433 2956 LV
2451 2899 2636 2974 [CoisL
2662 2892 2990 2952 Tattr.XCI|.
3003 2893 3146 2946 Maio
3158 2887 3458 2962 CCXLW].

173 3007 338 3059 Arati
359 3004 763 3073 διδασκόμεθα
790 3005 1246 3058 ὑποτάσσεσθαι
1277 3001 1355 3068 τῷ
1392 3001 1631 3071 Σατανᾷ
1661 3003 1758 3056 καὶ

1873 3003 2050 3068 Quare
2104 2999 2444 3069 prwcipiatur
2492 2993 2652 3072 nobis
2697 2989 3018 3073 renuntiatio
3051 2985 3292 3050 Satanae,
3354 2998 3460 3036 non

460 3075 598 3142 οὐχὶ
612 3061 753 3139 ’τοῖς
771 3075 1060 3143 πονηροῖς
1081 3061 1411 3142 ἀνθρώποις
1439 3091 1455 3134 ;
1602 3061 1612 3071 ’

1875 3061 1912 3068 ’⁷
2105 3061 2114 3069 ’
2267 3061 2465 3120 ἀιιιρηι
2506 3063 2680 3131 pravis
2717 3061 3043 3114 hominibus.

823 3170 963 3218 Edita
987 3184 1012 3218 a
1042 3169 1166 3218 Maio
1199 3168 1350 3231 (Nov.
1386 3168 1508 3218 Coll.
1533 3177 1569 3218 t.
1609 3168 1688 3228 IX,
1714 3183 1760 3230 p.
1794 3169 1920 3230 Ill).
1955 3194 2016 3206 —-
2043 3168 2115 3217 De
2143 3163 2572 3214 abrenuntiatione
2605 3156 2802 3206 diaboli.

263 3257 713 3340 Ἀποτασσόμεθα
747 3256 825 3328 τῷ
851 3257 1063 3326 Σατανᾷ
1086 3257 1183 3309 καὶ
1210 3260 1322 3320 τοῖς
1353 3257 1538 3328 ἔργοις
1573 3257 1760 3318 αὐτοῦ,

1940 3257 2159 3310 Sulttttzt:
2184 3264 2236 3306 et
2289 3251 2550 3320 operibus
2584 3247 2725 3316 ejus,
2755 3257 2867 3299 non
2909 3250 3096 3296 autem
3140 3237 3326 3310 pravis
3360 3238 3462 3293 bo-

177 3356 275 3406 καὶ
303 3353 423 3420 οὐχὶ
442 3353 555 3414 τοῖς
578 3333 838 3420 πονηροῖς
880 3348 1213 3419 ἀνθρώποις,
1265 3349 1483 3418 πρῶτον
1529 3348 1631 3416 μὲν
1676 3349 1765 3402 ἵνα

1873 3350 2114 3406 minibus
2155 3343 2560 3402 renuntiamus,
2606 3338 2786 3407 primo
2803 3334 3055 3406 quidem,
3091 3347 3163 3387 ne
3192 3333 3460 3386 motivum

183 3445 261 3516 μὴ
295 3442 571 3514 ἀφορμὰς,
598 3443 646 3494 εί
672 3442 766 3494 καὶ⁴
799 3442 872 3511 μὴ
897 3441 1176 3508 εὐλόγους,
1198 3441 1264 3493 ὲκ
1285 3439 1491 3511 ταύτης
1511 3439 1765 3510 λάϐωμεν

1873 3441 2122 3513 quamvis
2146 3453 2254 3492 non
2291 3432 2639 3496 rationabile,
2671 3444 2742 3484 ex
2772 3428 2878 3484 ista
2917 3424 3325 3482 reuuntiatione
3368 3439 3464 3478 su-

177 3511 280 3608 ;cﬁ';
310 3511 615 3606 ἀποταγῆς,
656 3537 836 3604 μισεῖν
866 3534 958 3588 καὶ
990 3533 1434 3602 ἀποστρέφεσθαι
1465 3533 1560 3586 καὶ
1584 3531 1765 3602 ὲκτρέα

1873 3511 2128 3592 mantus,
2185 3526 2526 3580 conlratrum
2604 3520 2732 3575 odio
2801 3515 3308 3588 persequendorum
3379 3511 3465 3566 vel

180 3631 386 3684 ττεσθαι
416 3631 512 3682 καὶ
544 3627 955 3681 ἁποτάσσεσθαι
979 3626 1040 3678 τὸ
1064 3626 1357 3698 ὁμόφυλον.
1382 3624 1650 3695 Δεύτερον
1689 3623 1768 3686 δὲ,

181 3725 236 3776 εί
294 3719 728 3791 ἀπεταοθσόμεθα
781 3721 896 3782 τοῖς
956 3721 1215 3789 πονηροῖς
1278 3716 1610 3788 ἀνθρώποις,
1674 3716 1773 3784 οὐχ

181 3817 350 3884 ἡμεῖς
381 3815 438 3866 δὲ
463 3813 597 3865 ἀλλὰ
618 3813 716 3865 καὶ
749 3811 856 3883 πρὸ
886 3811 1042 3880 ἡμῶν
1075 3811 1123 3862 οἱ
1153 3809 1472 3864 διδάσκαλοι
1513 3808 1609 3861 καὶ
1637 3807 1774 3860 ἁπόο

186 3903 387 3967 στολοι,
427 3903 512 3966 τίς
555 3902 620 3955 ἂν
668 3901 780 3954 τῶν
818 3885 1164 3971 ἁμαρτωλῶν
1195 3900 1491 3961 ἐσέσωστο,
1541 3898 1642 3968 τῆς
1674 3898 1776 3967 μὲν

185 3997 477 4066 ἀποταγῆς
525 3997 626 4066 τὴν
665 3994 1020 4064 ἀποστροφὴν
1061 3993 1392 4064 τικτούσης,
1443 3993 1544 4062 τῆς
1579 3992 1637 4045 δὲ
1677 3990 1776 4061 τὴν

187 4087 513 4158 παραίνεσιν
539 4087 632 4139 καὶ
670 4084 1022 4140 διδασκαλίαν
1052 4082 1508 4154 συναναιρούσης,
1610 4080 1705 4135 καὶ
1741 4083 1775 4151 ἡ

188 4181 500 4251 ἐπιστροφὴ
519 4178 617 4232 καὶ
648 4180 680 4248 ή
714 4177 1055 4249 μεταμέλεια
1092 4179 1536 4248 συναναιρεῖται;
1563 4173 1633 4244 γ’.
1668 4175 1780 4228 Καὶ

186 4272 272 4338 τίς
293 4273 359 4327 ἂν
377 4274 625 4336 ἐκεῖνοςὸ
645 4271 846 4340 λέγων,
865 4269 1276 4338 Ἀποτάσσομαι
1297 4271 1411 4329 τοῖς
1435 4264 1781 4338 ἁμαρτωλοῖς

189 4365 512 4436 ἦπονηροῖς
582 4361 926 4433 ἀνθρὼποις;
979 4363 1027 4413 εἰ
1075 4361 1174 4428 μὲν
1222 4359 1375 4428 λέγοι
1429 4357 1623 4410 ἑαυτὸν
1670 4358 1780 4409 τῶν

188 4457 560 4529 ἁμαρτωλῶν,
594 4455 776 4525 ἑαυτῷ
814 4457 880 4508 ἂν
921 4455 1259 4507 άπετάττετο
1299 4467 1313 4482 '
1350 4452 1400 4504 εί
1443 4451 1501 4504 δὲ
1553 4449 1663 4502 τῶν
1695 4448 1778 4501 διο

193 4551 388 4610 καίων.
421 4551 508 4603 ἵνα
534 4549 705 4604 τᾶλλα
731 4549 898 4614 ἐάσω,
946 4546 1065 4600 ἀλλ’
1087 4546 1144 4598 ἐν
1162 4542 1342 4614 καιρῷ
1362 4543 1462 4611 τῆς
1488 4541 1780 4612 μετανοίας

1872 3625 2246 3687 vitandorum,
2279 3619 2365 3674 vel
2398 3615 2863 3686 repellendorum,
2895 3611 2979 3665 vel
3010 3607 3462 3678 rejiciendorum.

1877 3716 2130 3772 Secundo
2157 3721 2364 3771 autem.
2387 3710 2432 3764 si
2459 3707 2903 3762 rennntiaremus
2925 3702 3108 3773 pravis
3125 3698 3463 3761 hominibus,

1877 3825 1979 3864 nec
2024 3822 2147 3868 nos,
2197 3820 2297 3858 nec
2336 3811 2462 3856 ante
2512 3815 2613 3854 nos
2663 3795 2911 3868 magistri
2950 3803 3005 3850 et
3051 3792 3307 3863 apostoli,
3341 3792 3467 3860 quis

1878 3911 2232 3972 peccatorum
2273 3896 2520 3950 salvatus
2544 3889 2777 3946 fuisset?
2802 3885 3211 3943 renuntiatione
3239 3883 3463 3954 quidem

1881 3993 2223 4048 aversionem
2270 3987 2630 4058 producente,
2689 3982 2786 4038 sed
2844 3988 2900 4036 et
2941 3976 3380 4035 exhortationem
3414 3985 3470 4030 et

1879 4085 2303 4142 instructionem
2358 4081 2668 4142 destruent,
2715 4083 2772 4130 et
2815 4073 2893 4129 ita
2940 4071 3365 4128 conversionem
3413 4077 3471 4124 et

1882 4174 2256 4249 paenitentiam
2296 4174 2539 4228 tollente.
2577 4170 2784 4233 Tertio,
2835 4175 2891 4222 et
2918 4164 3043 4236 quis
3070 4171 3154 4220 est
3188 4163 3280 4232 qui
3323 4161 3470 4215 dicat

1884 4271 2143 4327 renuntio
2195 4267 2597 4338 peccatoribus,
2647 4261 2732 4316 vel
2777 4259 2958 4330 pravis
3005 4254 3362 4312 hominibus?
3421 4253 3472 4305 si

1885 4366 2128 4435 seipsum
2178 4361 2313 4415 dicit
2359 4359 2502 4414 inter
2552 4363 2890 4425 peccatores,
2941 4365 3124 4405 nonne
3165 4348 3346 4417 seipso
3379 4361 3469 4398 re-

1887 4454 2195 4512 nuntiabit?
2225 4452 2270 4506 si
2301 4465 2434 4505 vero
2483 4449 2626 4502 inter
2655 4445 2857 4516 justus,
2889 4458 2957 4496 ne
2992 4442 3148 4511 plura
3177 4437 3377 4503 dicam,
3415 4436 3470 4490 in

1889 4562 2132 4619 tempore
2161 4541 2500 4617 paenitentia:
2532 4549 2586 4594 et
2613 4537 2834 4600 salutis,
2876 4532 3146 4604 superbiae
3180 4539 3235 4586 et
3279 4531 3470 4600 phari-

185 4633 292 4696 καὶ
350 4641 647 4711 σωτηρίας,
709 4639 982 4710 βάραθρον
1030 4635 1209 4706 ἑαυτῷ
1262 4635 1642 4711 μεγαλαυχίας
1687 4634 1765 4686 κα¹

1886 4618 2050 4699 saicae
2091 4635 2417 4709 perditionis
2447 4630 2717 4703 gurgitem
2769 4625 2875 4681 sibi
2921 4621 3205 4677 elIodiret.
3241 4618 3474 4686 Quarto,

191 4734 534 4804 φαρισαῖκῆς
567 4732 841 4795 ἀπωλείας
886 4731 1169 4800 διώρυττε.
1196 4729 1259 4783 δ’.
1293 4729 1406 4797 Οὐχ
1433 4729 1461 4781 6
1496 4726 1786 4796 ἄνθρωπος

192 4828 292 4882 ἀπ’
321 4827 518 4899 ἀρχῆς,
547 4826 662 4880 ἀλλ’
690 4828 717 4879 6
744 4824 982 4895 πονηρὸς
999 4822 1271 4893 ἡπάτησε.
1296 4819 1358 4874 ε’.
1387 4821 1448 4875 'O
1482 4820 1580 4890 μὲν
1610 4819 1787 4871 Σατα-

195 4923 297 4983 νᾶς
327 4921 424 4990 τὴν
456 4920 658 4972 κακίαν
692 4917 842 4972 ἐστὶν
873 4914 1274 4985 ἀμετάϐλητος.
1306 4911 1382 4979 ς’.
1430 4910 1520 4965 Ἐν
1547 4912 1614 4980 τῇ
1646 4910 1787 4963 ἀπο-

1886 4750 1995 4790 non
2031 4735 2196 4787 homo
2220 4744 2251 4784 λ
2282 4724 2581 4798 principio;
2609 4722 2702 4778 sed
2736 4718 2968 4774 Satanas
2989 4713 3224 4783 decepit.
3244 4711 3474 4778 Quinto,

1860 4825 2123 4882 "Satanas
2153 4821 2373 4893 quidem
2409 4819 2462 4872 in
2494 4815 2640 4870 malo
2673 4822 2761 4869 est
2784 4808 3153 4866 invariabilis.
3188 4802 3376 4866 Sesto,
3413 4801 3472 4855 lu

1889 4919 2306 4978 restnntiatione
2362 4915 2580 4968 Satanae
2648 4907 2945 4980 operibus,
3005 4913 3060 4958 et
3134 4911 3480 4970 quaecunque

194 5015 341 5082 ταγῇ
369 5012 477 5065 τῶν
499 5010 591 5064 τοῦ
624 5010 843 5062 Σατανᾶ.
884 5007 1060 5076 ἔργων
1088 5006 1181 5058 καὶ⁵
1205 5005 1305 5058 ὅσα
1335 5002 1626 5073 ἄνθρωπος
1651 5001 1765 5072 πρά

1891 5015 2020 5070 facit
2059 5014 2248 5075 homo,
2291 5008 2560 5078 siquidem
2607 5004 2736 5057 hinc
2779 5000 3011 5054 fallaciae
3049 5008 3261 5058 semen,
3299 4989 3480 5045 conti-

198 5105 306 5172 ξει,
343 5104 464 5157 ἐπεὶ
485 5103 696 5156 ἐκεῖθεν
727 5102 791 5154 ἐκ
815 5103 911 5171 τῆς
934 5100 1151 5168 ἀπάτης
1179 5098 1240 5149 τὸ
1270 5095 1515 5165 σπέρμα,
1552 5095 1610 5146 ὲν
1637 5091 1783 5144 ὲκεί-

198 5213 316 5259 vos;
351 5196 664 5269 περιέχεται
697 5210 711 5224 ·
743 5195 824 5256 εἰς
849 5208 959 5262 γάρ
993 5189 1200 5243 ἐκεῖνον
1229 5187 1584 5258 ἀναφέρεται.

1896 5117 2116 5163 nentur.
2141 5104 2201 5158 ln
2231 5103 2386 5158 illum
2419 5101 2565 5155 enim
2601 5095 2927 5151 relationem
2967 5089 3188 5143 habent.

1713 5271 1940 5331 ΝΟΤᾸΕ.

278 5381 392 5450 (58)
424 5380 518 5435 Sic
542 5379 726 5434 scribo
767 5393 884 5448 pro,
919 5377 1241 5447 ὑπέρχεται.

279 5453 394 5522 (59)
424 5453 501 5506 Ita
526 5451 686 5504 ρυιι».
716 5467 812 5522 pro
842 5451 938 5501 καὶ
967 5450 1310 5522 ὲρῤάγησαν.

279 5513 392 5597 (40)
419 5513 808 5597 Τίνος-ευτ’μεί
837 5535 935 5597 pro
972 5513 1139 5597 τίνος.
1170 5513 1295 5597 ’δαί
1341 5513 1425 5569 vel
1467 5513 1562 5597 sic.
1587 5525 1786 5566 sensus

205 5587 345 5659 hiat,
375 5587 482 5647 nisi
515 5587 955 5645 sttbitttellexet'is
993 5590 1176 5659 χάριν,
1215 5587 1299 5640 vel
1338 5591 1786 5659 sequentem_vu—

206 5651 344 5720 cent,
359 5663 731 5716 πεπτωκότων
759 5675 884 5714 cum
917 5651 1290 5726 ἰιιεῖἅγγέλων
1323 5651 1618 5727 permutes.
1665 5651 1786 5704 Mox

206 5735 358 5789 enim
389 5733 566 5804 angeli
594 5735 647 5804 in
677 5731 920 5804 ἑστῶτας
957 5737 1011 5804 et
1042 5726 1790 5804 πεπτωκότας.άίειὶιιεμυιιιι

210 5817 324 5861 tur.
359 5804 439 5860 ita
464 5792 608 5858 Vero
639 5801 924 5872 legendum
967 5798 1131 5855 fuerit
1163 5799 1310 5860 τίνος
1355 5795 1463 5850 τῶν
1505 5792 1787 5862 antliam;

1889 5378 2043 5435 quem
2059 5430 2066 5435 _
2082 5356 2393 5435 angelorum
2423 5347 2767 5435 chorumnsiltf
2801 5341 3201 5435 app‘roprinafset

1965 5410 2208 5504 (ᾗ)ξῆ
2237 5427 2446 5504 St-ribo,
2480 5438 2604 5476 cum
2633 5417 2792 5501 Qotb.
2828 5410 2924 5485 pro
2966 5410 3064 5493 μεν
3094 5410 3284 5471 ὅννων,
3312 5417 3482 5473 quam

1893 5485 2183 5561 lectionem
2217 5507 2401 5551 tumen
2425 5485 2487 5548 in
2514 5491 2763 5544 versione
2790 5485 3056 5561 expressi.

1970 5544 3057 5645 ἇξῖἓό’ἀόίιῐῖιὲἐὶιἀτοπαεέιυόςιεεξξε
3082 5544 3485 5645 ξξτὶξξιεῆίίξζῑῑῐο

1971 5615 2643 5714 iiéjﬁ'asdeifhfmim;
2687 5615 2828 5714 ειίδτί.
2857 5624 3022 5714 ,ιιυΙιο
3069 5633 3246 5714 sensu
3265 5633 3293 5714 ,ε
3320 5615 3482 5668 ιιυιυ.

1901 5691 2338 5788 prosae—habet
2365 5707 2474 5778 εἴη.
2511 5691 2824 5775 Legendum
2857 5699 3034 5788 itaque
3057 5691 3307 5751 ἁνίλεως.
