3902 6212
440 299 578 367 1051

531 529 707 593 Quare
738 525 1078 595 Confessores
1114 532 1364 577 vocentur
1397 520 1659 575 Samonas
1690 529 1737 570 et
1760 514 1934 570 socii?

1605 292 1875 355 PHOTII
1911 288 2419 352 PATRIARCIIIE
2443 288 2556 349 CP.

439 432 770 504 ρυΑεεΤιο
808 428 1061 488 CCXLVI
1125 428 1316 503 [CoisL
1358 426 1518 483 CLIX
1561 425 1727 480 Taur.
1768 418 2019 493 CLVIII].
2050 407 2098 461 Α

3563 277 3707 344 1052

2630 414 2968 469 EPQTHEIE
3016 414 3209 480 me".

2123 507 2287 563 Διατί
2335 508 2695 576 ὁμολογηταί
2728 507 3054 561 καλοῦνται
3083 508 3138 560 οἱ
3181 503 3317 574 περὶ
3374 500 3711 573 lia/curiit;

1593 611 1735 660 Edita
1760 622 1787 657 a
1817 608 1939 657 Maio
1963 607 2023 668 (ι.
2055 616 2100 651 c.
2127 616 2177 665 p.
2206 600 2312 660 tl5,
2336 614 2386 662 q.
2412 600 2549 660 2L5).

512 707 873 761 Conl‘essores
902 703 995 773 qui
1028 710 1155 759 sunt
1185 702 1334 756 circa
1361 700 1587 753 Gttriam
1623 707 1891 766 martyres
1916 708 2012 744 vo-

441 809 635 853 cantur
662 812 773 850 non
805 796 953 859 quod
983 795 1261 848 Christum
1292 792 1347 846 in
1378 788 1555 843 stadio
1602 784 1840 841 confessi
1879 784 2010 846 sint,

439 890 555 943 haec
585 897 667 943 est
696 888 842 941 enim
870 885 1184 940 communis
1205 883 1448 936 omnium
1493 889 1799 951 martyrum
1842 891 2017 929 temu-

438 975 589 1038 latio,
644 975 737 1030 sed
787 975 933 1043 quod
981 973 1414 1041 promissionqu
1469 984 1608 1039 quas
1661 969 1728 1021 ad
1785 964 2020 1020 invicem

440 1069 690 1123 homines
721 1067 993 1120 habebant
1050 1073 1220 1118 testes
1261 1073 1315 1117 et
1370 1062 1698 1114 mediatores
1732 1056 2021 1124 assumpti,

435 1175 624 1216 eorum
654 1157 747 1229 qui
784 1157 890 1210 illis
924 1156 1280 1211 considerant
1330 1168 1482 1224 spem
1514 1168 1623 1204 non
1654 1150 2021 1218 deceperunt,

446 1264 501 1307 et
563 1253 631 1306 ab
681 1251 795 1307 illis
851 1249 946 1319 qui
1009 1265 1039 1301 a
1085 1246 1376 1316 promissis
1435 1243 1757 1299 defecerunt
1816 1240 2021 1309 justam

436 1360 661 1415 pinnam
740 1343 1074 1413 expetivere.
1134 1338 1290 1392 Sicut
1346 1351 1478 1405 ergo
1539 1345 1702 1389 testes
1747 1332 1907 1401 rigidi
1962 1338 2020 1383 et

438 1438 808 1493 inexOrabiles
840 1433 1287 1506 promissionum-
1304 1446 1444 1500 quas
1470 1429 1536 1483 ad
1570 1427 1804 1481 invicem
1848 1424 2021 1479 habe-

436 1529 570 1583 bant
617 1529 872 1582 homines
926 1527 1077 1589 lacti,
1131 1522 1329 1577 merito
1366 1519 1747 1576 confessorum
1815 1532 2016 1570 nomen

376 1612 379 1615 λ
436 1618 617 1672 sortiti
643 1626 794 1672 sunt.

509 1708 834 1776 QUIESTIO
886 1704 1165 1761 CCXLVII
1214 1704 1404 1778 [CoisL
1461 1703 1626 1757 Taur.
1683 1699 1944 1773 XCVIII].

820 1799 931 1855 Cur
962 1798 1205 1853 Christus
1231 1799 1378 1851 cruci
1409 1797 1592 1866 afﬁxus
1612 1794 1637 1846 ?

2203 686 2569 757 Ὀμολογηταί
2590 684 2633 736 δ’
2676 683 2741 736 ἂν
2775 683 2825 735 οἰ
2861 681 2991 752 περὶ
3028 680 3260 751 Γουρίαν
3301 679 3581 750 μάρτυρες
3608 694 3712 733 κα-

2119 778 2312 841 λοῖντο,
2350 775 2450 844 οὐχ
2495 775 2577 826 ὅτι
2612 774 2702 825 τὸν
2748 772 2983 842 Χριστὸν
3034 773 3093 823 ὲν
3124 768 3325 838 σταδίῳ
3370 765 3713 837 διιομολογή-
3758 824 3761 827 _

2122 887 2284 924 σαντο
2306 886 2321 902 ο
2349 867 2526 921 κοινὸν
2560 867 2669 937 γὰρ
2684 864 2973 932 ἀγώνισμα
2999 861 3159 916 τοῦτο
3184 861 3400 914 πάντων
3426 859 3540 911 τῶν
3564 877 3712 927 μαρ-

2117 964 2296 1034 τύρων
2321 976 2337 991 ’
2385 958 2499 1014 ἀλλ’
2529 960 2611 1012 ὅτι
2657 958 2766 1010 τῶν
2804 956 3106 1025 ὁμολογιῶν
3146 954 3212 1016 ἃς
3244 953 3383 1023 πρὸς
3438 952 3711 1019 ἀλλήλους

2117 1057 2393 1127 ἄνθρωποι
2420 1054 2657 1106 τίθενται
2691 1052 2925 1105 ἐπόπται
2944 1051 3038 1103 καὶ
3072 1051 3287 1119 μεσῖται
3316 1045 3713 1117 παραληφθέν-

2120 1167 2232 1211 τες,
2290 1146 2417 1200 οὔτε
2460 1146 2568 1199 τῶν
2621 1144 3065 1199 πεπιστευκότων
3098 1142 3281 1202 αὐτοῖς
3323 1140 3425 1202 τὰς
3481 1138 3713 1199 ἐλπίδας

2121 1240 2439 1309 ἐψεύσαντο,
2466 1241 2561 1293 καὶ
2601 1242 2731 1302 τοὺς
2770 1237 3146 1306 ἁθετήσαντας
3184 1236 3252 1286 τὰ
3275 1231 3711 1301 ὁμολογηθέντα,

2122 1333 2221 1404 τὴν
2258 1332 2471 1385 δικαίαν
2500 1330 2656 1402 δίκην
2687 1331 2975 1401 ἀπῄτησαν
3010 1328 3104 1389 ’ὡς
3131 1323 3222 1379 οὖν
3244 1326 3477 1377 ἐπόπται
3510 1324 3716 1393 θερμοὶ

2123 1429 2219 1479 καὶ
2253 1425 2618 1494 ἀπαραίτητοι
2653 1422 2760 1475 τῶν
2786 1420 2923 1492 πρὸς
2951 1419 3217 1488 ἀλλήλους
3248 1419 3363 1478 τοῖς
3394 1414 3715 1486 ἀνθρώποις

2125 1517 2423 1587 ὁμολογιῶν
2448 1516 2835 1585 γεγενημένοι,
2868 1513 3093 1574 εἰκότως
3114 1512 3214 1582 τὴν
3233 1509 3343 1561 τῶν
3356 1506 3713 1579 ὁμολογητιῖη

2127 1611 2421 1683 ὀνομασίαν
2448 1608 2907 1680 διεκληρώσαντο.

2636 1698 2974 1754 ΕΡΩΤΗΣῘΣ
3003 1698 3179 1752 ΣΜΖ¹.

2442 1792 2606 1846 Διατί
2644 1789 3008 1859 σταυροῦται
3041 1794 3072 1843 ό
3098 1789 3389 1857 Χριστός;

1584 1885 1726 1935 Edita
1758 1901 1783 1936 a
1818 1886 1942 1935 Maio
1976 1886 2029 1948 (1.
2066 1901 2109 1936 c.
2134 1900 2184 1950 p.
2220 1885 2328 1942 115,
2355 1901 2406 1949 q.
2434 1884 2569 1948 246).

508 1976 862 2047 Cruciﬁgitur
894 1975 1241 2029 incarnatum
1272 1972 1366 2027 Dei
1402 1970 1667 2035 Verbum,
1700 1972 1842 2026 Deus
1876 1972 2010 2039 ipse,

2187 1969 2521 2039 Σταυροῦται
2557 1966 2865 2047 σαρκωθεὶς
2889 1967 2918 2018 ὁ
2938 1965 3031 2018 τοῦ
3069 1963 3204 2018 Θεοῦ
3232 1964 3407 2031 Λόγος
3426 1962 3524 2017 καὶ
3550 1962 3713 2027 Θεδς,

439 2081 503 2126 ut
564 2079 750 2138 aperte
808 2067 1015 2121 diaboli
1075 2064 1401 2134 injustitiam
1463 2065 1789 2135 redarguat,
1854 2074 2022 2130 utque

440 2177 603 2216 suum
644 2174 773 2228 erga
824 2158 1074 2212 homines
1122 2170 1367 2209 amorem
1416 2156 1747 2210 immensum
1793 2155 2022 2207 demon-

440 2260 598 2312 stret,
646 2265 713 2302 ne
760 2249 926 2301 etiam
977 2245 1133 2300 multi
1164 2246 1452 2299 credentes
1487 2261 1608 2300 sese
1641 2246 1824 2299 dicere
1850 2243 2019 2296 Deum

443 2343 604 2396 facile
631 2357 754 2395 esse
802 2339 1147 2394 occasionem
1179 2339 1307 2392 inde
1335 2348 1560 2392 sumant
1608 2354 1730 2392 sese
1774 2338 1906 2390 deos
1943 2335 2024 2388 fa-

442 2432 622 2486 ciendi
660 2441 716 2484 et
764 2428 1042 2482 funestum
1079 2442 1324 2482 errorem
1366 2427 1681 2492 inducendi,
1721 2438 1887 2496 utque
1915 2426 2022 2480 illis

441 2524 535 2593 qui
579 2521 795 2592 probris
830 2528 886 2574 et
931 2519 1198 2589 angustiis
1243 2529 1296 2573 et
1337 2520 1497 2573 malis
1548 2521 1614 2573 ad
1648 2528 1879 2573 mortem
1922 2518 2023 2571 du-

441 2613 692 2665 centibus
726 2610 1050 2678 probantur,
1092 2609 1445 2676 semetipsum
1479 2610 1758 2678 patientiae
1786 2620 1839 2663 et
1869 2608 2024 2661 torti-

444 2703 650 2756 tudinis
677 2701 987 2768 exemplum
1023 2715 1354 2770 proponens,
1390 2701 1619 2754 viriliter
1650 2712 1703 2754 et
1744 2709 2022 2770 gratanter

442 2792 746 2847 accidentia
784 2791 939 2845 ‘l‘erre
973 2801 1259 2862 praeparet.
1312 2791 1381 2846 Ut
1426 2792 1589 2845 etiam
1624 2792 2021 2862 omnipotentia

441 2884 661 2938 virtutis
707 2898 823 2938 sua:
853 2883 1030 2953 magis
1080 2884 1137 2936 in
1169 2883 1346 2937 lucem
1380 2885 1609 2953 prodeat
1641 2903 1655 2937 :
1690 2882 1753 2937 Vi
1789 2887 1935 2938 enim
1968 2892 2023 2939 et

442 2977 699 3031 manibus
741 2984 798 3030 et
840 2976 1011 3029 armis
1064 2982 1118 3030 et
1169 2974 1367 3045 pugnis
1409 2977 1786 3032 adversarium
1829 2979 2021 3048 (supe—

442 3066 609 3135 rare),
653 3066 926 3121 laudabile
952 3066 1169 3136 quidem
1221 3077 1323 3131 est,
1365 3068 1460 3121 sed
1500 3070 1553 3122 in
1602 3070 1794 3123 ordine
1839 3085 2019 3123 rerum

443 3162 851 3215 ordinariarum
900 3169 1003 3224 est,
1061 3175 1163 3214 nec
1207 3160 1380 3213 ullum
1435 3160 1635 3214 divinae
1681 3161 2021 3229 Operationis

442 3255 661 3324 signum
699 3253 924 3307 revelat.
968 3252 1076 3307 Sed
1119 3262 1295 3306 morte
1325 3262 1556 3306 mortem
1586 3253 1755 3323 ipsam
1797 3262 1853 3307 et
1884 3254 2021 3307 inte-

2123 2064 2211 2116 ἴνα
2242 2062 2509 2132 λαμπρῶς
2543 2044 3123 2132 ἀδικοῦνταδιελέγξῃ
3154 2058 3246 2111 τὸν
3284 2057 3535 2110 διάϐολον
3558 2095 3578 2123 ,
3614 2060 3712 2109 καὶ

2124 2156 2211 2208 ἵνα
2242 2154 2301 2206 τὸ
2328 2153 2465 2222 πρὸς
2497 2153 2825 2223 ἀνθρώπους
2853 2151 3079 2221 φίλτρον
3112 2151 3446 2220 παραστήσῃ
3466 2150 3710 2219 ἀνυπέρο

2122 2246 2337 2315 ὃλητον,
2382 2246 2473 2296 καί⁸
2505 2244 2591 2297 ἵνα
2629 2243 2702 2312 μὴ
2748 2242 2909 2307 δόξαν
2952 2241 3175 2311 εὐχερὲς
3212 2241 3273 2294 τὸ
3316 2240 3505 2304 λέγειν
3544 2240 3709 2292 αὐτὸν

2122 2333 2260 2390 εἶναι
2279 2337 2431 2397 Θεὸν,
2449 2335 2664 2395 πολλοῖς
2686 2334 2911 2404 ἀφορμὴ
2945 2332 3263 2403 κατασταθῇ
3283 2332 3553 2386 θεοποιεῖν
3575 2333 3711 2384 ἑαυ-

2121 2432 2266 2494 τοὺς,
2284 2430 2377 2484 καὶ
2395 2431 2604 2499 πλάνην
2623 2444 2764 2480 κατα
2772 2427 2916 2495 ργῶν
2933 2426 3140 2496 πλάνην
3154 2426 3422 2495 εἰσαγάγῃ
3439 2424 3708 2494 ὀλέθριονο

2122 2523 2215 2575 καὶ
2234 2524 2320 2576 ἵνα
2345 2525 2458 2585 τοῖς
2476 2524 2532 2574 ἐν
2554 2522 2840 2590 ὲπηρείαις
2864 2520 2961 2572 καὶ
2978 2517 3290 2580 ἐπιϐουλαῖς
3313 2518 3407 2571 καὶ
3427 2518 3714 2570 κακώσεσι

2124 2616 2260 2685 πρὸς
2290 2615 2518 2668 θάνατον
2552 2612 2814 2681 ἀγούσαις
2860 2610 3291 2680 ὲξεταζομένοις,
3323 2610 3521 2663 ἑαυτὸν
3570 2609 3711 2660 ὑπο-

2125 2706 2294 2777 μονῆς
2329 2706 2423 2758 καὶ
2460 2704 2756 2775 καρτερίας
2787 2703 3139 2774 παράδειγμα
3167 2700 3414 2771 προθεξ,
3440 2699 3713 2767 γενναίως

2123 2798 2311 2867 φέρειν
2332 2796 2426 2850 καὶ
2443 2795 2780 2865 εὐχαρίστως
2801 2794 3195 2864 παρασκευάσῃ
3215 2793 3283 2845 τὰ
3299 2793 3709 2861 συμπίπτοντα·

2122 2891 2217 2943 καὶ
2249 2890 2334 2943 ἵνα
2362 2890 2424 2942 τὸ
2468 2888 2938 2941 πανσθενέστατον
2982 2887 3147 2939 αὑτοῦ
3182 2884 3383 2956 μᾶλλον
3413 2884 3712 2954 φανερώσῃ

2121 2983 2219 3051 τῆς
2276 2981 2561 3051 δυνάμεως
2592 2996 2608 3010 ⁸
2677 2979 2737 3033 τὸ
2787 2979 2886 3049 μὲν
2924 2979 3033 3049 γὰρ
3077 2980 3236 3050 ῥώμῃ
3274 2978 3371 3031 καὶ
3413 2978 3559 3048 χειρὶ
3614 2974 3713 3029 καὶ

2123 3074 2305 3137 ὅπλοις
2328 3074 2420 3126 καὶ
2456 3071 2765 3142 συμμάχοις
2795 3070 2885 3123 τὸν
2909 3069 3199 3123 ἀντίπαλον
3221 3110 3236 3134 ,
3267 3067 3549 3120 ἐπαινετὸν
3584 3066 3710 3135 μὲν,

2122 3164 2231 3218 τῶν
2266 3164 2512 3234 συνήθως
2541 3164 2599 3217 δὲ
2635 3164 3132 3232 διαπεπραγμένων
3164 3163 3257 3214 καὶ
3287 3161 3442 3213 οὐδὲν
3488 3159 3712 3223 εἰσάγον

2125 3257 2413 3329 θεουργίας
2434 3256 2712 3327 ἐξαίρετον
2734 3273 2750 3286 ·
2777 3261 2839 3308 τὸ
2863 3256 2952 3309 διὰ
2981 3256 3234 3320 θανάτου,
3268 3254 3431 3306 αὐτόν
3453 3270 3515 3305 τε
3541 3253 3713 3305 θάνα-

442 3360 538 3400 ros
570 3354 625 3399 et
652 3345 932 3399 diabolum
964 3352 1019 3399 et
1048 3345 1386 3414 principatus
1413 3357 1469 3399 et
1499 3353 1791 3413 potestates
1831 3345 2019 3398 mundi

2134 3365 2212 3399 ιον
2239 3347 2334 3399 καὶ
2375 3345 2510 3417 ᾇδην
2543 3346 2640 3397 κτιί¹
2683 3345 2931 3399 διάϐολον
2964 3345 3060 3397 καὶ
3103 3344 3201 3407 τὰς
3248 3343 3424 3413 ἀρχὰς
3463 3342 3561 3394 καὶ
3610 3343 3713 3403 τὰς

443 3436 754 3490 annihilare
787 3446 842 3491 et
874 3436 1117 3501 vincere,
1149 3435 1254 3491 hoc
1283 3446 1369 3491 est
1412 3437 1532 3491 sine
1562 3437 1731 3490 dubio
1767 3437 2021 3504 omnipo-

446 3530 630 3584 tentiae
656 3529 855 3583 divinae
892 3546 1013 3599 qua:
1043 3545 1261 3583 omnem
1298 3544 1520 3584 sensum
1559 3539 1613 3583 ct
1657 3538 1892 3582 mentem
1925 3544 2022 3583 su-

390 3660 391 3663 η
441 3630 615 3691 perat.
648 3622 826 3691 thue
852 3621 1227 3690 magnitudine
1258 3620 1529 3675 bonorum
1563 3620 1615 3672 in
1646 3635 1746 3674 nos
1772 3619 2014 3689 imperti-

444 3724 623 3765 torum
682 3712 964 3777 exhibita,
1017 3714 1287 3767 debitores
1343 3728 1443 3765 nos
1506 3713 1625 3780 puri
1681 3727 1807 3781 erga
1866 3712 2020 3764 illum

441 3806 671 3867 amoris,
702 3814 757 3858 et
786 3806 905 3858 vita:
932 3804 1233 3858 secundum
1260 3804 1434 3872 ipsius
1460 3803 1605 3873 leges
1626 3804 2025 3858 constituenda:

443 3890 641 3948 faciat.
680 3894 759 3947 Ex
793 3897 995 3963 quibus
1028 3895 1239 3948 lucrum
1272 3895 1338 3949 ad
1371 3910 1473 3949 nos
1506 3894 1657 3963 ipsos
1702 3894 2022 3958 revertitur,

443 3986 618 4054 regni,
664 3986 716 4039 id
753 3999 862 4052 est,
913 3988 1228 4052 haereditas,
1279 3986 1418 4041 etin
1469 3985 1838 4041 ineﬂabilihus
1869 3986 2025 4055 quies

443 4092 497 4129 et
523 4081 794 4145 voluptas.

549 4260 875 4327 ρυΑΞδΤιο
920 4258 1217 4316 CCXLVIII
1275 4257 1473 4329 [CoisL
1518 4257 1684 4313 Taur.
1727 4257 1913 4324 XCIX,

929 4354 1072 4407 Maio
1101 4350 1395 4423 CCXLVII]
1444 4352 1542 4421 (ι).

440 4448 693 4499 Editarum
714 4461 743 4496 a
766 4446 948 4497 Wolﬁo
970 4443 1217 4494 tricesima
1254 4449 1461 4506 septima
1488 4445 1628 4504 (Cur.
1656 4441 1788 4493 Phil.

1206 4507 1225 4554 ι
1262 4510 1373 4555 (lor.
1422 4519 1521 4567 xlv,
1545 4506 1625 4566 22,
1650 4520 1759 4554 cum

2121 3438 2371 3502 ἐξουσίας
2405 3437 2500 3490 τοῦ
2534 3438 2743 3508 κόσμου
2774 3436 3125 3507 καταργῆσαι
3152 3453 3211 3488 τε
3251 3437 3346 3488 καὶ
3400 3433 3709 3504 θριαμϐεῦ-

2120 3548 2234 3596 σαι,
2255 3529 2415 3583 τοῦτο
2462 3531 2530 3584 ἂν
2566 3531 2652 3600 εἴη
2688 3530 2763 3594 ὡς
2791 3531 3007 3601 ἀληθῶς
3035 3530 3136 3599 τῆς
3160 3529 3302 3597 ὑπὲρ
3340 3527 3466 3579 νοῦν
3500 3529 3595 3579 καὶ
3622 3528 3710 3578 ἓν-

2119 3640 2269 3676 νοιαν
2296 3622 2808 3693 παντοκρατορικῆς
2845 3621 3131 3691 δυνάμεως
3157 3619 3252 3672 τοῦ
3275 3618 3411 3672 Θεοῦ
3448 3634 3461 3649 ·
3497 3619 3595 3671 καὶ
3627 3620 3713 3671 ἵνα

2118 3715 2216 3785 τὴν
2257 3712 2561 3784 ὑπερϐολὴν
2590 3714 2700 3765 τῶν
2738 3714 2819 3777 εἰς
2866 3716 3013 3784 ἡμᾶς
3046 3712 3267 3779 ἀγαθῶν
3309 3709 3713 3774 ἐνδειξάμενκ,

2120 3803 2402 3874 Χρεώστσσς
2425 3804 2520 3874 τῆς
2545 3803 2791 3873 καθαρᾶς
2817 3804 2954 3874 πρὸς
2980 3804 3143 3855 αὑτὸν
3164 3801 3384 3869 ἀγάπης
3415 3801 3711 3869 παραστῇ-

2122 3914 2211 3971 σῃ,
2241 3899 2336 3951 καὶ
2374 3897 2475 3965 τῆς
2504 3896 2645 3950 κατὰ
2671 3896 2801 3957 τοὺς
2845 3895 3012 3947 αὑτοῦ
3059 3894 3262 3963 νόμους
3291 3891 3568 3953 πολιτείας
3600 3908 3616 3921 ·
3645 3888 3715 3942 δι’

2124 3982 2200 4039 ὧν
2231 3988 2291 4039 τὸ
2320 3986 2511 4055 κέρδος
2544 3988 2625 4048 εἰς
2669 3986 2817 4054 ἡμᾶς
2860 3986 3055 4046 αὐτοὺς
3102 3980 3525 4051 ἀναστρέφεται,
3553 3981 3714 4048 βασι-

2118 4080 2268 4141 λείας
2294 4082 2427 4151 ἡμῖν
2458 4078 2659 4149 κλῆρος
2696 4077 2776 4145 ὃν,
2804 4079 2899 4131 καὶ
2922 4079 2981 4129 ὲν
3002 4077 3317 4148 άδιηγήτοις
3346 4073 3596 4153 διαγωγὴ
3620 4075 3715 4126 καὶ

2124 4172 2448 4233 ἀπόλαυσις.

2648 4260 2985 4316 ΕΡΩΤΗΣΙΣ
3008 4259 3188 4312 ΣΜΗ’.

1856 4482 1866 4493 .
1895 4443 2004 4503 685,
2045 4445 2152 4496 686.
2183 4449 2405 4497 Galland.
2434 4448 2559 4507 XIII,
2594 4447 2705 4501 707.
2732 4446 2829 4507 ll).
2855 4472 2916 4482 —
2936 4447 3189 4505 Quomodo
3225 4444 3529 4494 concilianda
3562 4445 3719 4494 verba

1842 4507 1965 4555 atth.
1992 4522 2059 4569 ix,
2084 4512 2173 4570 22;
2209 4525 2309 4571 xm,
2335 4513 2414 4571 58,
2443 4522 2495 4560 et
2522 4507 2766 4559 similibus
2791 4507 2946 4558 locis?

443 4590 946 4663 Quomododietum
978 4590 1114 4663 illud
1144 4591 1490 4663 apostolicum
1521 4590 1562 4620 ⁸⁸
1593 4608 1606 4643 :
1649 4609 1667 4641 ι
1691 4588 1867 4663 Δδίριια
1916 4607 2015 4644 non

2134 4594 2258 4661 Πῶς
2292 4592 2845 4663 συμϐιϐασθήσεται
2872 4594 2935 4644 τὸ
2973 4592 3385 4649 ἀποστολικὸν
3404 4592 3616 4661 ῥητὸν,
3647 4594 3715 4645 τὸ

512 4661 863 4721 credentibus,
916 4660 1004 4713 sed
1060 4661 1389 4725 incredulis;
1420 4680 1439 4713 ι
1492 4677 1611 4713 cum
1661 4660 1777 4715 illis
1807 4661 2021 4714 Domini

513 4734 748 4785 oraculis
802 4732 1078 4783 conciliari
1126 4733 1395 4798 potest“:
1435 4751 1453 4781 ι
1483 4729 1649 4785 Fides
1687 4744 1779 4784 tua
1818 4732 2025 4784 salvum

516 4814 563 4857 te
597 4805 749 4869 (ecit;
783 4820 802 4852 ι
834 4810 883 4854 et
910 4814 929 4852 :
960 4820 980 4851 ι
1010 4799 1136 4853 Non
1169 4810 1375 4869 poterat
1404 4802 1577 4869 facere
1622 4802 1776 4870 signa
1813 4813 2026 4870 propter

516 4872 945 4926 incredulitatem
988 4887 1171 4925 eorum
1190 4889 1209 4936 ;
1244 4891 1263 4924 ι
1318 4875 1543 4942 itemque
1600 4876 1731 4938 alia,
1788 4873 2025 4925 eamdem

514 4942 829 4997 sententiam
854 4942 1183 4997 inculcantia
1202 4944 1267 4997 “.

512 5095 617 5163 Qui
644 5095 886 5152 discendi
918 5097 1101 5152 studio
1131 5097 1185 5152 in
1213 5097 1330 5153 haec
1358 5096 1605 5167 inquirit,
1636 5096 1710 5151 illi
1752 5097 2020 5152 dictorum

441 5205 639 5248 sensus
662 5205 770 5243 non
801 5189 1089 5245 dilIiculter
1137 5191 1363 5261 patebit.
1410 5192 1522 5246 lllis
1553 5192 1734 5253 enim,
1782 5191 1874 5259 qui
1909 5190 2023 5259 jam

441 5299 537 5353 per
567 5293 779 5352 tempus
805 5284 1023 5354 aliquod
1059 5285 1430 5347 crediderunt,
1472 5299 1573 5338 nec
1624 5283 1790 5338 dubio
1841 5283 2027 5353 aliquo

439 5378 509 5430 de
531 5391 727 5448 magno
748 5377 860 5440 illo,
891 5376 1036 5446 quod
1060 5376 1398 5446 proﬁtemur,
1430 5376 1692 5446 mysterio
1730 5385 2026 5441 vexantur;

2195 4666 2467 4734 φάσκον·
2526 4684 2543 4716 ι
2576 4664 2653 4717 Τὰ
2703 4663 2921 4731 σημεῖα
2981 4666 3052 4717 οὐ
3098 4665 3222 4731 τοῖς
3273 4666 3714 4726 πιστεύουσιν,

2197 4736 2360 4789 ἀλλὰ
2384 4734 2509 4800 τοῖς
2537 4735 2837 4797 ἀπίστοις,
2868 4752 2885 4782 ι
2921 4734 3047 4799 τοῖς
3074 4735 3455 4799 Δεσποτικοῒς
3481 4734 3717 4802 λογίοις

2194 4806 2326 4869 τοῖς
2368 4805 2697 4875 λέγουσιν·
2736 4822 2754 4853 ι
2777 4803 2844 4857 Ἦ
2873 4806 3079 4869 πίστις
3115 4820 3232 4859 σου
3261 4805 3641 4875 σέσωκέίσιε.⁸
3690 4822 3709 4875 ι

2196 4875 2350 4940 Καὶ,
2416 4873 2462 4926 ‹“
2501 4876 2623 4927 Οὐκ
2685 4874 2952 4943 ἠδύνατο
3008 4875 3259 4941 ποιῆσαι
3339 4874 3558 4943 σημεῖα
3614 4873 3716 4927 διὰ

2193 4945 2307 5010 τὴν
2337 4945 2629 4998 ἀπιστίαν
2657 4942 2892 4997 αὐτῶν·
2933 4963 2951 4994 ι
2991 4946 3088 4998 καί
3132 4946 3251 4999 ὅσα
3275 4944 3438 5001 ἄλλα
3465 4944 3583 5013 τὴν
3604 4946 3716 4998 αὑ-

2193 5014 2309 5081 τὴν
2342 5014 2673 5069 ὑποϐάλλει
2711 5013 3020 5079 διάνοιαν;
3047 5034 3066 5065 ι

2192 5106 2283 5177 Τῷ
2304 5104 2650 5176 διερευνῶντι
2681 5105 3000 5175 φιλομαθῶς
3018 5107 3119 5160 οὐκ
3142 5107 3388 5178 ἐργώδης
3417 5107 3527 5159 τῶν
3552 5106 3714 5175 εἰρη-

2127 5202 2370 5273 μένων’ή
2402 5202 2749 5273 κατανόησις.
2794 5203 2920 5266 Τοῖς
2948 5219 3009 5254 τε
3052 5202 3161 5273 γὰρ
3188 5203 3287 5273 ἤδη
3334 5200 3512 5271 χρόνῳ
3544 5214 3716 5251 πεπι-

2127 5291 2402 5356 στευκόσι,
2464 5291 2558 5344 καὶ
2605 5290 2876 5360 μηδεμίαν
2924 5291 3261 5360 ἀμφιϐολίαν
3288 5290 3415 5360 περὶ
3457 5288 3551 5342 τοῦ
3584 5286 3714 5341 καθ’

2126 5385 2276 5453 ἡμᾶς
2324 5383 2625 5454 μυστηρίου
2672 5382 3156 5453 παραδεχομένοις,
3205 5382 3467 5445 ὡσαύτως
3512 5380 3571 5432 δὲ
3618 5379 3715 5431 καὶ

441 5470 699 5525 similiter
731 5485 861 5524 vero
899 5471 1065 5524 etiam
1102 5469 1233 5535 illis,
1264 5468 1360 5539 qui
1399 5468 1767 5523 incredulitati
1811 5469 2021 5538 penitus

2134 5473 2243 5535 τοῖς
2301 5471 2523 5535 τελείως
2575 5475 2641 5542 τῇ
2684 5473 2916 5537 ἀπιστία
2968 5474 3439 5545 κεκρατημένοις,
3495 5470 3594 5525 καὶ
3636 5470 3713 5542 μὴ

515 5584 558 5615 ¹⁰
589 5583 607 5637 l
638 5585 763 5640 Cor.
815 5602 929 5651 xxv,
960 5587 1053 5641 22.
1132 5586 1173 5616 ¹¹
1205 5584 1398 5641 Matth.
1459 5601 1537 5655 ix,
1576 5584 1669 5639 22.
1748 5586 1790 5616 ¹²
1825 5585 2018 5640 Matth.

2138 5604 2175 5652 ι,
2206 5587 2294 5643 58.

1954 5682 2186 5739 NOTAE.

517 5773 592 5841 (l)
630 5772 783 5827 Hanc
828 5774 1183 5844 qumstionem
1229 5775 1341 5846 jam
1382 5773 1581 5833 editam
1617 5774 1789 5832 Maius
1824 5792 2015 5832 rursus
2055 5779 2197 5846 typis
2232 5778 2507 5832 mandarit
2540 5777 2706 5847 (Nov.
2737 5778 2873 5834 Coll.
2908 5790 2946 5835 t.
2979 5779 3074 5846 1X,
3106 5797 3159 5853 p.
3201 5780 3349 5847 HG.)
