3902 6212
118 300 261 366 1053

950 301 1050 360 AD
1077 295 1673 359 AMPllILOClllUM
1708 289 2052 365 ΟΗᾹΞΞΤΙΟ
2090 287 2545 350 CCXLVI-CCL.

3240 279 3381 345 1054

113 414 336 467 θέλουσι
362 411 450 466 διὰ
476 410 585 465 τῶν
626 410 871 482 σημείων
928 410 1065 481 πρὸς
1093 410 1191 480 τὴν
1232 407 1518 460 εὐσέϐειαν
1548 423 1701 477 χειρ-

1819 410 1936 457 sunt
1964 401 2210 466 obnoxii,
2243 415 2345 453 nec
2392 396 2458 451 ad
2496 394 2799 451 doctrinam
2844 392 3061 464 pietatis
3088 407 3185 462 per
3216 394 3387 447 mira-

113 502 496 572 αγωγηθῆναι,
519 500 675 553 κενὸν
713 501 807 553 καὶ
834 500 1059 570 μάταιον
1097 498 1130 568 ὴ
1161 495 1269 549 τῶν
1300 495 1540 565 σημείων
1573 493 1697 546 ὲπί-

111 593 303 660 δειξις.
336 593 459 656 Tot;
486 591 545 644 δέ
576 609 638 660 γε
684 592 742 643 ἐν
769 593 835 660 τῇ
873 588 1102 661 ἀπιστίᾳ
1139 587 1240 657 μὲν
1274 584 1695 657 τεθραμμένοις,

112 685 241 743 εἶτα
265 689 450 760 ἡρέμα
481 701 597 747 πως
636 685 762 746 τοὺς
793 681 1088 751 λογισμοὺς
1120 680 1256 750 πρὸς
1287 678 1387 747 τὴν
1417 676 1699 730 εὐσέϐειαν

112 780 379 834 ἐνδιδόναι
407 775 859 843 διανισταμένοις,
893 770 1103 834 τούτοις
1128 769 1303 822 οἰκεία
1334 767 1431 821 καὶ
1460 769 1700 836 πρόσφο-

117 890 213 945 ρος
263 871 372 923 τῶν
422 867 741 938 παραδόξων
771 864 948 936 ἔργων
972 865 1006 934 ἡ
1045 862 1373 932 φανέρωσις.
1410 859 1507 911 Διὰ
1542 857 1698 910 τοῦτο

114 964 214 1017 καὶ
242 963 269 1015 6
303 961 503 1031 Κύριος
533 956 659 1011 οὗτε
697 958 845 1028 παρὰ
881 954 990 1008 τῶν
1022 952 1299 1013 παντελῶς
1326 950 1570 1005 ἀπίστων
1601 947 1697 999 πί-

116 1074 238 1110 στιν
280 1054 544 1126 ἐπιζητεῖ.
603 1051 761 1123 ’ᾙδει
805 1051 914 1120 γὰρ
941 1050 1039 1119 οὐχ
1084 1047 1356 1118 εὑρίσκων
1387 1045 1444 1094 ὲν
1473 1041 1655 1101 αὐτοῖς
1679 1054 1696 1068 ·

116 1146 244 1200 οὔτε
275 1144 427 1215 παρὰ
454 1142 563 1194 τῶν
586 1139 895 1211 εἰλικρινῶς
932 1135 1401 1192 πεπιστευκότων.
1440 1129 1700 1204 Προειλή-

116 1258 211 1308 (ρει
244 1238 351 1307 γὰρ
376 1237 470 1290 καὶ
504 1234 709 1303 ταύτην
746 1230 1274 1303 προεισενεγκόντων
1296 1227 1505 1296 Ιαὐτῶν.
1537 1225 1700 1293 Ζητεί

114 1333 176 1384 δὲ
204 1331 332 1402 παρ’
361 1328 605 1392 ἐκείνων,
641 1326 690 1379 οἳ
720 1324 779 1389 ἐξ
816 1323 1069 1385 ἀσεϐείας
1101 1322 1180 1383 είς
1220 1319 1502 1373 εὐσέϐειαν
1537 1333 1700 1386 μετα-

117 1423 462 1493 ϐαλλόμενοι,
509 1420 610 1490 ἠδη
650 1420 764 1489 (44)
794 1417 891 1485 τὴν
934 1416 1118 1468 πίστιν
1148 1412 1433 1465 ὠδίνουσιν
1474 1412 1531 1463 ὲν
1566 1410 1697 1460 tau-

114 1520 251 1579 τοῖς.
277 1517 399 1578 Τοῖς
428 1512 608 1567 τοίνυν
644 1513 852 1573 πιστοῖς
885 1509 944 1562 ού
986 1507 1186 1561 δίδοται
1235 1504 1302 1557 τὰ
1340 1504 1563 1574 σημεῖα.
1594 1504 1700 1555 Πε-

115 1606 300 1676 ριττδν
325 1605 454 1676 γάρ.
495 1602 629 1657 Οὐδὲ
662 1604 773 1665 τοῖς
810 1599 1206 1670 ἁμεταϐλήτως
1231 1598 1442 1670 ἔχουσιν
1468 1596 1573 1650 ἀπὸ
1600 1595 1697 1664 τῆς

118 1698 399 1760 ἀπιστίας.
427 1696 521 1759 Et;
548 1695 703 1749 κενὸν
734 1692 863 1764 γάρ.
914 1692 1074 1746 Ἀλλὰ
1101 1694 1212 1755 τοῖς
1243 1691 1300 1757 ἐξ
1341 1689 1596 1750 ἀπιστίας
1619 1689 1699 1750 είς

117 1795 303 1845 πίστιν
333 1757 852 1860 μεταϐαλλομένοις.
885 1777 985 1837 Ὧν
1011 1785 1106 1838 καὶ
1149 1785 1183 1855 ἡ
1215 1782 1394 1846 πίστις
1424 1780 1699 1851 ἐπιζητεῖ·
1732 1757 1771 1815 Β

114 1902 209 1937 ται
261 1879 748 1951 τελεσφορηθῆναι,
795 1878 890 1932 καὶ
920 1876 1393 1946 τελεσφορουμένη
1440 1872 1700 1946 πρόξενος

117 1976 330 2045 ’γίνεται
361 1974 459 2043 τῆς
490 1971 845 2033 ἀπολαύσεως
868 1969 975 2022 τῶν
1016 1967 1374 2039 θεοσημειῶν.
1410 1966 1579 2022 Οὐδὲν
1608 1960 1702 2018 οὖν

118 2067 450 2136 διαμάχεται
512 2063 607 2116 τοῦ
667 2061 956 2115 θεσπεσίου
1025 2057 1243 2112 Παύλοῦ
1296 2060 1330 2130 ή
1386 2058 1541 2128 φωνὴ
1591 2058 1705 2119 τοῖς

117 2158 495 2227 εύαγγελικοῖς
526 2157 759 2227 ῥήμασι.
794 2154 938 2223 Πρὸς
981 2154 1092 2224 (45)
1142 2153 1239 2224 μὲν
1279 2152 1387 2222 γὰρ
1434 2167 1705 2220 πεπωρωο

121 2252 320 2320 μένους
354 2248 451 2319 τὴν
474 2246 705 2318 καρδίαν
739 2246 841 2299 οὐκ
895 2244 1045 2315 ἠξίου
1074 2242 1523 2315 παραδοξοποιεῖν
1557 2243 1583 2294 6
1613 2240 1705 2293 ἐπὶ

119 2342 369 2412 σωτηρίᾳ
391 2341 500 2394 τῶν
529 2338 834 2409 ἀνθρώπων
880 2338 1059 2392 πάντα
1092 2335 1348 2407 πράττων
1373 2334 1527 2398 Θεός.
1558 2335 1620 2386 Οί
1650 2331 1705 2385 δὲ

119 2432 434 2504 εἰλικρινῶς
462 2431 893 2494 πεπιστευκότες
928 2431 1027 2483 οὐκ
1062 2429 1273 2482 ἐδέοντο
1304 2426 1510 2481 τούτων
1539 2427 1617 2489 είς
1646 2424 1707 2477 τὸ

121 2523 431 2578 πιστεῦσαι.
458 2522 803 2586 ’Υπόλοιπον,
835 2522 973 2592 πρὸς
1001 2519 1241 2583 ἐκείνους
1267 2516 1708 2588 θαυματουργίας

122 2616 218 2669 τὸν
243 2615 337 2669 τοῦ
366 2615 555 2684 γένους
583 2614 740 2687 ἡμῶν
770 2614 1000 2683 Σωτῆρα
1019 2611 1313 2675 ἐπιτελεῖν,
1338 2609 1388 2662 οἳ
1430 2609 1581 2662 οὔπω
1609 2607 1709 2679 μὲν

124 2710 553 2775 ’πεπιστευκότες
589 2706 751 2781 ἦσαν,
782 2709 880 2778 τὴν
908 2706 964 2759 δὲ
994 2706 1104 2760 τῶν
1137 2704 1384 2759 ἀπίστων
1412 2702 1493 2755 ἔτι
1526 2701 1710 2773 χώραν

124 2804 489 2875 ἀνεπλήρουν,
529 2804 678 2873 ὅμως
712 2800 957 2872 ἐζήτουν,
980 2798 1047 2853 δι’
1079 2792 1155 2851 ὧν
1196 2795 1545 2850 πιστεύουσιν
1571 2834 1587 2859 ,
1617 2794 1712 2848 καὶ

126 2894 465 2965 χειραγωγὸν
490 2892 858 2963 λαμϐάνοντες
889 2891 958 2943 τὰ
984 2890 1207 2960 σημεῖα,
1237 2888 1315 2950 είς
1345 2886 1445 2958 τὴν
1472 2884 1582 2938 τῶν
1624 2901 1712 2935 πι-

127 2987 274 3040 στῶν
308 2985 738 3059 μετηλλάττοντο
763 2985 983 3054 μοῖραν.

643 3181 986 3237 ΕΡΩΤΗΤΙΣ
1019 3179 1199 3234 ΣΜΘ¹.

120 3345 190 3396 Et
230 3342 309 3411 ἦν
343 3343 381 3412 ἡ
430 3341 540 3411 γῆ,
582 3341 709 3408 πῶς
745 3341 1025 3429 erait-ego;
1059 3337 1233 3408 ’λέγει
1286 3337 1430 3408 γάρ·
1475 3353 1493 3386 ι
1554 3335 1619 3389 Ἠ
1653 3332 1724 3385 δὲ

800 3430 875 3480 γη
909 3428 1006 3481 ην.
1031 3430 1049 3461 ι

1801 496 1922 550 cula
1950 492 2145 548 adduci
2177 491 2422 559 cupiunt,
2452 488 2728 559 signorum
2755 485 3149 549 demonstratio
3174 482 3382 538 frustra

1799 596 1854 641 et
1892 601 2030 639 vano
2056 593 2251 638 conatu
2285 581 2531 635 offertur.
2578 580 2779 634 (Iontra
2811 591 2938 632 vero
2995 577 3143 643 illis,
3196 577 3292 648 qui
3328 579 3384 629 iu

1798 676 2184 733 incredulitate
2245 672 2463 727 educati
2532 672 2750 742 quidem
2810 678 2973 733 sunt,
3028 677 3216 738 postea
3260 684 3391 723 vero

1798 769 2003 824 sensim
2072 779 2312 821 mentem
2378 779 2533 819 suam
2603 764 2670 817 ad
2742 764 2996 832 pietatem
3072 773 3393 815 convertere

1798 861 2093 921 sustinent,
2119 873 2344 928 operum
2376 856 2747 910 mirandorum
2775 853 3144 909 ntauifestatio
3166 868 3389 908 accom-

1800 953 2015 1009 modata
2045 965 2100 1006 et
2129 950 2370 1021 proficua
2405 960 2505 1004 est.
2543 950 2837 1017 Propterea
2868 956 2921 1001 et
2970 946 3235 1001 Dominus
3288 961 3392 1000 nec

1797 1046 1865 1100 ab
1896 1046 2025 1107 illis,
2060 1045 2152 1114 qui
2184 1047 2401 1113 penitus
2428 1050 2585 1096 erant
2616 1040 2901 1104 increduli,
2937 1039 3098 1094 ﬁdem
3129 1038 3392 1109 postulat;

1799 1147 2033 1192 noverat
2066 1138 2212 1190 enim
2244 1151 2303 1189 se
2330 1137 2471 1203 apud
2505 1136 2625 1188 i|los
2652 1148 2758 1185 non
2794 1132 3138 1185 inventurum
3171 1149 3184 1184 :
3220 1146 3396 1200 neque

1799 1228 1868 1281 ab
1901 1227 2030 1292 illis,
2072 1227 2161 1295 qui
2230 1224 2445 1279 sincere
2477 1223 2768 1278 credebant
2796 1239 2810 1287 ;
2858 1229 3086 1275 noverat
3119 1221 3264 1273 enim
3299 1235 3395 1274 eos

1798 1318 1944 1373 illam
1977 1318 2088 1388 jam
2123 1327 2249 1371 ante
2277 1318 2561 1386 probasse.
2598 1314 2845 1369 Postulat
2870 1328 2998 1366 vero
3024 1311 3093 1365 ab
3124 1311 3255 1375 illis,
3301 1308 3394 1379 qui

1797 1410 1867 1463 ab
1916 1409 2195 1478 impietate
2228 1408 2292 1462 ad
2334 1409 2582 1476 pietatem
2616 1403 2864 1458 conversi
2912 1402 3074 1457 fidem
3116 1401 3259 1471 apud
3306 1416 3393 1453 Sc—

1800 1504 1950 1574 ipsos
1989 1502 2388 1572 parturiebant.
2433 1498 2798 1554 Credcutibus
2848 1496 3035 1565 itaque
3090 1495 3243 1564 signa
3287 1507 3394 1545 non

1799 1595 2078 1659 eduntur;
2156 1595 2206 1648 id
2252 1594 2401 1647 enim
2453 1605 2919 1660 supervacaneum
2969 1588 3109 1642 foret
3156 1604 3170 1641 :
3220 1600 3399 1653 neque

1799 1689 1939 1752 illis,
1993 1689 2087 1758 qui
2153 1688 2222 1741 ab
2297 1685 2683 1740 incredulitate
2764 1679 2984 1735 avocari
3075 1694 3184 1733 non
3268 1692 3397 1747 pos-

1802 1788 1960 1847 sunt;
2052 1778 2257 1834 frustra
2367 1777 2512 1831 enim
2582 1776 2634 1829 id
2721 1774 2903 1838 fieret;
2967 1769 3061 1826 sed
3108 1769 3216 1823 illis
3277 1776 3398 1820 tau-

1803 1881 1959 1938 tum,
2018 1873 2109 1941 qui
2166 1870 2235 1925 ab
2290 1867 2673 1923 incredulitate
2700 1865 2766 1920 ad
2820 1865 2979 1918 fidem
3003 1861 3398 1933 perducuntur.

1806 1966 2011 2020 Horum
2062 1964 2207 2017 enim
2258 1961 2392 2015 fides
2444 1958 2740 2029 perfectior
2789 1954 2941 2010 reddi
2997 1952 3194 2016 debet,
3255 1949 3399 2003 facta

1804 2074 1934 2115 vero
1994 2056 2291 2128 perfectior
2339 2053 2403 2106 ad
2466 2052 2702 2105 fructum
2749 2064 2817 2103 ex
2868 2045 3070 2101 divinis
3117 2042 3401 2097 miraculis

1806 2152 2127 2220 capiendum
2159 2147 2514 2216 perdueitur.
2564 2142 2685 2197 Divi
2724 2143 2908 2207 itaque
2936 2138 3085 2192 Pauli
3117 2135 3400 2190 oraculum

1806 2260 1930 2300 cum
1957 2242 2137 2296 verbis
2168 2238 2450 2308 Evangelii
2484 2252 2593 2291 non
2644 2241 2870 2305 pugnat.
2904 2232 2962 2286 ln
3003 2244 3195 2285 eorum
3229 2230 3400 2291 enim,

1807 2339 1898 2407 qui
1928 2334 2098 2391 corde
2128 2332 2343 2403 penitus
2375 2329 2633 2385 obdurati
2661 2334 2841 2391 erant,
2875 2324 3107 2396 gratiam
3138 2320 3303 2382 Deus,
3345 2319 3400 2371 in

1812 2431 2095 2485 hominum
2132 2426 2365 2481 salutem
2414 2423 2599 2479 omnia
2656 2421 2888 2483 faciens,
2946 2414 3209 2471 miracula
3243 2412 3403 2467 edere

1810 2539 1916 2576 nou
1968 2520 2294 2575 sustinebat.
2337 2515 2440 2582 Qui
2474 2529 2602 2569 vero
2631 2514 2846 2568 sincere
2896 2507 3262 2567 crediderant,
3292 2501 3400 2555 illis

1811 2616 1876 2668 ad
1903 2612 2233 2669 credendum
2260 2623 2370 2663 non
2406 2606 2747 2675 indigebant.
2815 2599 3171 2669 Relinquitur
3220 2596 3404 2662 itaque

1814 2708 2154 2762 Salvatorem
2206 2708 2458 2757 nostrum
2512 2711 2703 2753 eorum
2761 2708 2925 2749 causa
2988 2689 3253 2746 miracula
3303 2702 3404 2757 pa-

1817 2814 2009 2862 trasse,
2040 2800 2135 2866 qui
2184 2797 2429 2849 nondum
2476 2790 2840 2853 crediderant,
2883 2784 2976 2840 sed
3000 2781 3404 2838 incredttlorutu

1818 2890 2086 2942 hactenus
2159 2884 2342 2938 locum
2395 2889 2726 2949 occupantes
2777 2890 2842 2930 ea
2890 2873 3263 2943 requirebant,
3313 2884 3409 2939 per

1816 2996 1938 3050 qua:
1968 2979 2035 3034 ad
2069 2976 2229 3031 tidem
2258 2973 2641 3045 pervenirent,
2694 2968 2961 3023 miracula
3005 2976 3187 3020 autem
3232 2963 3409 3017 instar

1818 3074 1973 3129 ducis
2005 3070 2146 3126 nacti
2179 3070 2233 3122 iu
2281 3066 2619 3122 credentium
2663 3071 2865 3118 conum
2914 3057 3407 3114 transferebautur.

1896 3158 2223 3232 QUESTIO
2258 3154 2748 3232 ccxuxntqug.
2791 3149 3120 3210 CCLXXIV.
3166 3149 3336 3203 Taur.

2464 3225 2774 3297 CCLXIV].

1826 3331 1885 3387 Si
1919 3340 2060 3385 terra
2081 3328 2201 3399 jam
2228 3334 2360 3379 esset
2380 3320 2641 3393 quomodo
2670 3318 3028 3399 furialiter“,
3063 3317 3199 3371 dixit
3222 3314 3361 3369 enim
3387 3328 3407 3366 :

2257 3389 2403 3450 ιρι-να
2432 3403 2609 3446 autem
2642 3402 2752 3443 erat
2783 3389 2934 3460 (46)?

776 3504 920 3553 Edita
946 3519 973 3553 a
1002 3504 1126 3554 Maio
1153 3504 1304 3567 (Nov.
1344 3499 1467 3553 Coll.
1503 3506 1538 3548 t.
1571 3498 1650 3558 IX,
1676 3512 1727 3561 p.
1754 3498 1862 3561 tl6)
1908 3521 1967 3533 --
1985 3492 2041 3542 lu
2067 3493 2193 3543 Gen.
2219 3503 2255 3549 ι,
2281 3488 2329 3535 2.
2356 3487 2432 3536 De
2454 3490 2566 3533 ortu
2594 3490 2757 3531 terrae.

200 3587 439 3641 ’Πλίθιον
490 3586 551 3639 τὸ
602 3585 866 3658 ἐρώτημα
893 3601 909 3616 ⁸
940 3586 969 3639 6
1002 3587 1113 3657 γὰρ
1159 3557 1359 3638 εἰπών’
1394 3601 1413 3634 ι
1455 3581 1547 3634 Ἐν
1580 3557 1723 3650 ἀργῇ

1848 3557 1855 3561 ’
1902 3576 2082 3629 Stulta
2116 3580 2198 3625 est
2229 3573 2342 3623 haec
2368 3566 2636 3635 quaestio;
2667 3564 2758 3632 qui
2788 3577 2932 3615 emm
2956 3560 3095 3614 dixit
3125 3578 3139 3614 :
3174 3557 3230 3611 lu
3260 3557 3411 3626 prin-

128 3681 388 3752 ἐποίησεν
413 3680 587 3744 όΘεὸς
604 3680 697 3733 τὸν
724 3678 950 3750 οὐρανὸν
980 3678 1075 3732 καὶ
1096 3678 1196 3748 τὴν
1223 3677 1348 3746 γῆν,
1378 3694 1395 3725 ι
1418 3675 1519 3726 οὐκ
1548 3671 1716 3725 ἀΐδιον

122 3773 375 3840 δηλονότι
437 3772 542 3843 ἔφη
601 3771 699 3843 τὴν
742 3771 848 3842 γῆν
909 3788 923 3803 ο
970 3770 1074 3840 ἔφη
1125 3769 1182 3821 δὲ
1213 3769 1313 3839 οὐχ
1345 3768 1428 3819 ὅτι
1467 3760 1535 3835 ἦν
1569 3765 1603 3833 ἢ
1642 3762 1717 3831 γῆ

128 3864 438 3926 ἀπολύτως,
475 3864 588 3917 ἀλλ’
618 3864 699 3917 ὅτι
722 3858 791 3935 ἦν
820 3860 1299 3921 ἁκατασκεύαστος
1336 3872 1351 3886 ⁸
1382 3856 1463 3908 ἔτι
1488 3855 1597 3924 γὰρ
1629 3852 1722 3905 ἀό-

134 3977 299 4029 ρατος
328 3954 396 4029 ἦν
419 3956 768 4028 ἐπικειμένου
786 3954 893 4007 ’τοῦ
928 3954 1118 4016 ὓδατος
1145 3969 1160 3983 ·
1196 3953 1291 4005 καὶ
1335 3944 1722 4002 ἁκατασκεύα-

134 4068 283 4116 στος,
335 4052 561 4123 μηδέπω
606 4047 945 4119 κοσμηθεῖσα
997 4046 1241 4118 βλάστην
1293 4043 1387 4095 καὶ
1434 4039 1577 4094 διατι
1625 4035 1721 4092 τοῦ

134 4144 318 4213 φωτὸς
368 4143 588 4215 πρῶτον
618 4137 780 4204 εἶδος,
831 4135 949 4193 εἶτα
1009 4137 1070 4191 τὸ
1115 4136 1473 4205 ὑποκείμενον
1516 4132 1634 4202 ἤτοι
1662 4128 1724 4181 τὸ

135 4237 364 4309 ἡλιακὸν
392 4236 552 4305 σῶμα
587 4233 894 4302 ὑπέστησε-εν
920 4250 935 4297 ;
962 4230 1052 4283 ἵνα
1087 4226 1580 4298 θαυματουργήσῃ,
1615 4238 1723 4291 φη·

141 4332 231 4381 σὶν
256 4331 284 4381 6
313 4327 594 4395 θεολόγος,
623 4323 845 4394 μείζονα
870 4338 884 4353 ·
910 4320 1098 4389 ἐπειδὴ
1123 4320 1230 4389 γὰρ
1253 4320 1367 4379 τοῖς
1384 4314 1564 4376 ἄλλοις
1593 4311 1725 4380 ὓλην

140 4420 566 4493 προῦποστήσας
618 4415 978 4484 είδοποίησεν,
1031 4411 1258 4481 ὕστερον
1307 4406 1458 4471 τάξιν
1510 4404 1727 4472 ἑκάστῳ

137 4514 236 4567 καὶ
264 4513 450 4583 σχῆμα
487 4510 585 4565 καὶ
633 4507 865 4580 μέγεθος
911 4503 1158 4575 περιθεὶς
1182 4541 1198 4565 ,
1232 4498 1465 4553 ἐνταῦθα
1491 4496 1727 4568 παραδο-

137 4606 363 4676 ξότερον
424 4605 522 4673 τῆς
580 4602 711 4671 ὕλης
766 4600 828 4653 τὸ
875 4595 1013 4659 εἶδος
1051 4596 1539 4667 προύπεστήσατο·
1590 4584 1729 4651 εἶδος

135 4700 253 4768 γὰρ
278 4699 431 4770 ἡλίου
467 4697 531 4748 τὸ
564 4694 700 4763 φῶς.

688 4780 1023 4837 ΕΡΩΤΗΣΙΣ
1057 4778 1187 4831 ΣΝ⁹.

137 4885 209 4938 El
252 4883 320 4935 τὸ
357 4879 483 4950 φῶς
510 4882 542 4934 ὀ
600 4877 746 4941 Θεὸς
793 4861 1649 4950 ἐδημιούρηισεν..οὺκ.αίίῖὀς
1668 4862 1732 4914 τὸ
1774 4892 1818 4947 D

211 4932 435 5018 σᾷιὸτᾌξ
455 4932 766 5016 ἔταττονεῶ
787 4932 1054 4998 enim;
1075 4932 1187 5009 άοᾶρ
1205 4937 1393 4991 ταῦτα
1415 4932 1737 4997 ἀλλήλοις.

1823 3670 1971 3739 cipio
2000 3668 2208 3722 creavit
2238 3663 2387 3717 Deus
2422 3659 2620 3715 emtum
2657 3666 2711 3709 et
2738 3665 2960 3718 terram,
2996 3668 3104 3707 nou
3131 3650 3414 3706 evidenter

1827 3771 2031 3815 terram
2076 3766 2336 3811 aeternam
2382 3765 2506 3807 esse
2537 3747 2677 3803 dixit
2711 3744 2890 3799 :dixit
2923 3746 3069 3799 enim
3118 3758 3226 3796 non
3268 3741 3413 3811 quod

1827 3859 1971 3904 terra
2006 3856 2127 3902 erat
2160 3843 2432 3908 absolute,
2460 3839 2555 3895 sed
2583 3835 2728 3908 quod
2753 3843 2873 3889 erat
2904 3834 3180 3888 inornata.
3212 3830 3411 3886 Adhuc

1826 3941 1973 3996 enim
1998 3936 2293 3993 invisibilis
2319 3940 2459 3995 erat,
2513 3927 2671 3999 aquis
2695 3927 3032 3982 circumdata
3057 3933 3110 3978 et
3137 3925 3413 3987 inornata,

1829 4033 1979 4088 nullo
2039 4029 2204 4084 modo
2264 4025 2334 4080 ad
2400 4022 2881 4078 fructiﬁcationem
2955 4027 3285 4088 praeparata.
3347 4014 3415 4069 Et

1830 4138 2004 4192 quare
2028 4118 2256 4177 luminis
2298 4116 2537 4187 primum
2574 4115 2845 4169 visionem
2883 4119 3071 4181 postea
3108 4124 3239 4163 vero
3281 4121 3415 4176 sup-

1830 4216 2095 4287 positum,
2145 4212 2198 4266 id
2246 4216 2354 4275 est,
2386 4207 2522 4263 solis
2567 4205 2934 4260 substantiam
2971 4199 3308 4258 constituat?
3358 4208 3419 4252 ut

1833 4308 2067 4377 majora,
2091 4304 2226 4360 dicit
2252 4301 2586 4370 Tbeologus,
2615 4297 2779 4352 faciat
2805 4296 3101 4351 mirabilia.
3136 4290 3416 4361 Siquidem

1834 4402 1958 4456 aliis
1994 4398 2253 4457 formam,
2278 4397 2699 4463 praeexsistcute
2731 4386 2981 4451 materia,
3016 4386 3186 4449 dedit,
3230 4392 3417 4453 postea

1835 4493 2087 4549 ordinem
2142 4485 2443 4555 unicuique
2498 4492 2553 4538 et
2606 4490 2813 4536 statum
2865 4488 2922 4536 et
2977 4477 3416 4547 magnitudinem

1839 4582 2138 4654 disposuit.
2191 4577 2294 4633 Hic
2339 4583 2523 4631 autem
2571 4574 2719 4644 quod
2769 4581 2853 4629 est
2891 4570 3200 4625 mirabilius
3247 4577 3421 4623 mate-

1838 4679 1936 4731 ria:
1961 4675 2194 4729 formam
2213 4670 2367 4739 prius
2388 4676 2561 4728 creat,
2585 4665 2760 4720 forma
2783 4664 2928 4719 enim
2953 4663 3088 4718 solis
3111 4672 3193 4717 est.
3212 4661 3416 4715 lumen.

1838 4759 2165 4831 QUIESTIO
2194 4758 2325 4814 CCL
2357 4757 2547 4830 [CoisL
2578 4752 2880 4811 CCLXXV.
2923 4752 3090 4806 Taur.
3140 4748 3417 4820 CCLXVJ.

1847 4860 1907 4915 Si
1940 4860 2113 4912 lumen
2149 4853 2285 4907 Deus
2321 4849 2539 4911 creavit,
2571 4864 2674 4901 non
2713 4850 2820 4915 ipse
2854 4845 3092 4899 tenebras
3123 4845 3280 4915 fecit;
3312 4842 3422 4897 hwc

2227 4922 2367 4976 enim
2394 4922 2532 4973 inter
2559 4936 2611 4972 se
2641 4925 2877 4988 pugnant
2906 4915 3043 4987 (Δεῖ).

575 5008 717 5092 Edita
739 5053 767 5088 a
798 5037 923 5086 Maio
956 5037 1013 5098 (Ι.
1041 5048 1086 5085 c.
1113 5047 1164 5096 p.
1190 5031 1299 5091 117,
1324 5044 1374 5092 q.
1409 5028 1545 5091 2i9).
1568 5053 1629 5063 —
1649 5025 1727 5074 An
1764 5023 1903 5073 Deus
1941 5022 2114 5068 auctor
2138 5016 2264 5065 lucis
2289 5012 2522 5062 tenebras
2545 5022 2718 5060 creare
2745 5008 2984 5071 potuerit.

226 5127 478 5182 Ἐναντία
532 5127 631 5199 μὲν
672 5126 944 5195 ἀλλήλοις,
995 5120 1111 5175 ἀλλ’
1166 5118 1444 5184 ἀναγκαῖα
1481 5115 1592 5175 τοῖς
1638 5113 1735 5165 ἁν-

1912 5107 2054 5161 Suut
2083 5103 2306 5174 quidem
2342 5102 2485 5155 inter
2522 5114 2584 5153 se
2624 5094 2926 5159 contraria,
2962 5090 3059 5146 sed
3107 5086 3423 5143 hominibus

730 5234 745 5249 °
781 5178 1059 5270 καὶτοῦτο
1100 5211 1197 5264 καὶ
1232 5210 1260 5261 6
1286 5178 1459 5260 ⁷Δαϐὶδ
1487 5201 1730 5274 ὲξυμνῶν

1839 5199 2003 5254 ambo
2040 5193 2375 5251 necessaria.
2407 5189 2523 5244 Hoc
2552 5186 2721 5241 David
2761 5181 3039 5238 Creatoris
3070 5178 3420 5248 magniﬁcen-

2168 5286 2180 5291 -
2432 5282 2466 5291 ..
2509 5280 2541 5291 ..
2685 5277 2723 5291 η
2834 5277 2844 5287 .
2885 5275 2919 5291 _.
3146 5270 3397 5291 μηλω-

142 5314 248 5381 τὴν
280 5311 372 5364 τοῦ
408 5310 642 5382 Ποιητοῦ
684 5305 1086 5380 μεγαλουργίαν
1112 5302 1262 5367 λέγει
1286 5317 1300 5331 ·
1338 5318 1356 5351 ι
1398 5296 1563 5350 Ἐθου
1601 5295 1733 5382 γὰρ,

145 5377 312 5476 φησὶ,
347 5377 559 5467 σκότος,
580 5377 917 5469 καὶ-ἐγένετο
949 5399 1064 5465 νὺξ,
1100 5413 1119 5447 ι
1154 5412 1209 5449 κ.
1234 5410 1285 5447 τ.
1317 5391 1366 5445 λ.
1400 5389 1527 5455 ἓως,
1556 5406 1575 5440 ι
1626 5377 1737 5443 Ἐξ·

1840 5293 1996 5355 tiam,
2031 5286 2382 5358 proclamans
2416 5280 2549 5337 dicit
2581 5297 2596 5334 :
2636 5295 2655 5331 ι
2685 5275 2923 5331 Posuisti
2967 5272 3111 5328 enim
3146 5270 3424 5330 tenebras,

1841 5382 2041 5452 inquit,
2096 5389 2150 5434 et
2183 5377 2328 5432 facta
2374 5384 2457 5429 est
2512 5387 2645 5434 nox,
2681 5389 2701 5423 ι
2754 5378 2810 5424 et
2839 5368 3048 5437 reliqua
3101 5377 3278 5434 usque
3308 5363 3374 5416 ad
3407 5375 3423 5413 :

1655 5474 1891 5534 NOTAE.

227 5586 339 5659 (44)
375 5586 467 5659 Sic
493 5584 773 5659 Golb._pro
801 5583 926 5653 ἤδη.

227 5648 343 5729 (liii)
371 5656 506 5730 πρὸς
542 5648 910 5709 ηιωῑωιωζ
956 5650 1110 5706 Colb.
1161 5648 1307 5720 quod
1356 5661 1555 5704 sensus
1606 5657 1734 5716 pos-

240 5744 316 5783 ει.

149 5731 344 5871 ml(liti)
376 5797 524 5854 Hanc
559 5795 998 5853 dissertationem
1038 5790 1274 5847 Photius
1321 5787 1431 5844 fere
1462 5794 1630 5843 totam
1666 5798 1734 5840 ex

1831 5566 2178 5623 Tlteodoreto
2206 5580 2261 5633 ιι.
2292 5562 2325 5618 5
2366 5563 2419 5616 in
2445 5560 2643 5633 Cenes.
2679 5557 2837 5628 (Opp.
2884 5555 2971 5611 ed.
2999 5570 3124 5609 nov.
3152 5560 3190 5605 t.
3217 5549 3236 5604 l
3263 5547 3426 5615 hujus

1831 5638 2159 5706 Patrulogiw
2192 5630 2403 5698 LXXX,
2442 5630 2664 5706 col._8_5.

1905 5688 2157 5777 (ξίῆἳὲι
2197 5688 2404 5775 pariter
2438 5719 2503 5760 ex
2552 5700 2897 5756 Tlteodoreto
2919 5712 2974 5768 q.
3001 5695 3031 5748 7
3060 5693 3113 5748 in
3141 5690 3346 5745 Geues.
3383 5688 3420 5741 l.

1843 5796 1894 5837 c.
1929 5780 2034 5836 col.
2068 5778 2157 5833 87.
