3902 6212
494 286 637 353 1055

1654 282 1921 344 PHOTII
1960 280 2464 344 PATRIARCHIE
2502 279 2608 339 ΟΡ.

3620 270 3765 337 1056

498 416 515 447 α
548 395 730 451 Exibit
777 394 941 448 homo
978 392 1043 447 ad
1086 406 1232 461 opus
1266 407 1425 446 suum
1474 400 1532 447 et
1580 393 1645 446 ad
1695 393 2068 462 operationem

2176 391 2451 445 ελεύσεται
2482 390 2768 460 ἄνθρωπος
2798 388 2890 441 ἐπὶ
2922 387 2983 441 τὸ
3008 386 3169 459 ἔργον
3193 385 3358 440 αὑτοῦ
3389 386 3485 440 καὶ
3516 386 3615 441 ἐπὶ
3663 389 3765 456 τὴν

490 506 645 543 suam
682 502 855 557 usque
920 487 984 538 ad
1028 501 1334 554 vesperam.
1370 505 1387 535 ι
1422 486 1575 551 Quod
1604 486 1715 539 sint
1750 483 2072 539 necessaria;

493 583 734 635 tenebrae
774 581 996 634 evidens
1046 589 1169 645 est;
1211 578 1357 647 quod
1402 589 1582 631 autem
1621 593 1727 631 non
1776 580 1885 631 sint
1926 576 2061 631 sub-

490 672 713 737 stantia,
760 670 855 726 sed
912 685 1000 723 res
1042 668 1292 737 qnzedam
1334 668 1709 732 accidentalis,
1777 668 1936 723 facile
1981 680 2069 726 est

492 764 599 818 hoc
644 762 981 830 intelligere;
1013 770 1140 814 sunt
1170 762 1313 813 enim
1348 761 1467 814 mali
1509 769 1563 814 et
1592 772 1748 813 teme
1779 762 2071 817 adumbra-

494 856 587 908 tio.
639 853 1005 919 Quamobrem
1060 852 1337 905 evanescit
1382 860 1436 905 et
1484 851 1537 904 in
1596 852 1825 905 nihilum
1870 856 2068 919 evadit,

488 948 752 999 redeunte
775 946 1012 1009 lumine;
1047 945 1228 998 lumen
1269 952 1451 996 atttem
1481 953 1566 997 est
1596 945 1903 998 substantia
1935 955 1987 999 et
2017 947 2069 1000 in

490 1053 549 1092 se
580 1039 849 1093 subsistit.
893 1036 1080 1105 Itaque
1124 1046 1177 1091 et
1225 1036 1409 1091 oriens
1452 1036 1807 1107 splendescit,
1848 1047 1902 1091 et
1938 1053 2065 1092 cum

489 1126 772 1189 occiderit,
807 1140 1022 1178 rursum
1042 1124 1253 1189 oritur;
1280 1132 1479 1177 etcum
1512 1125 1728 1189 abierit,
1760 1126 2068 1181 revertitur.

490 1216 573 1270 Ex
601 1218 704 1271 hoc
741 1225 922 1270 autem
953 1217 1132 1269 discat
1165 1216 1289 1285 quis
1322 1216 1468 1284 quod
1500 1217 1736 1269 tenebra:
1771 1218 1883 1270 sint
1926 1218 2073 1271 acci-

489 1312 645 1364 dens.
680 1309 885 1363 Domus
915 1312 1060 1362 enim
1112 1325 1217 1361 non
1268 1310 1482 1362 habens
1510 1307 1789 1376 lampades
1824 1310 1876 1361 in
1916 1321 2070 1363 tene-

491 1404 609 1458 ltris
649 1414 733 1457 est
764 1413 873 1457 tota
900 1420 914 1470 ;
959 1404 1209 1457 adductis
1237 1413 1419 1456 autem
1449 1402 1793 1471 lampadibus
1828 1404 2071 1457 illustra-

490 1495 764 1549 tur:Non
814 1495 1056 1549 tenebris
1103 1496 1211 1547 alio
1262 1496 1648 1565 migrantibus,
1698 1495 1925 1550 luminis
1979 1496 2074 1550 ad-

488 1596 653 1641 ventu
738 1588 1117 1656 pereuntibus.
1206 1586 1323 1640 Non
1399 1597 1531 1640 sunt
1592 1587 1758 1656 igitur
1836 1588 2073 1642 tenebrae

488 1682 793 1735 substantia
852 1681 1097 1749 quaedam
1170 1680 1413 1734 inct'eata
1469 1694 1649 1749 neque
1710 1680 1871 1733 etiam
1940 1682 2071 1733 sub-

2174 486 2439 555 ἐργασίαν
2465 481 2631 536 αὑτοῦ
2657 482 2761 544 ἕως
2802 480 3061 549 ἑσπέρας.
3111 499 3129 531 ι
3180 479 3317 532 Ἀλλ’
3338 480 3419 531 ὅτι
3450 479 3558 549 μὲν
3594 480 3765 546 ἀναγ-

2170 576 2325 627 καῖον
2350 575 2411 626 τὸ
2440 574 2653 637 σκότος,
2684 570 2841 641 δῆλον
2872 586 2884 598 ·
2926 573 3007 623 ὅτι
3033 569 3091 622 δὲ
3120 568 3218 621 οὐκ
3245 568 3422 632 ούσία,
3445 568 3583 621 ἀλλὰ
3621 584 3737 636 σύμ

2172 666 2428 736 6ε6ηκὸς,
2452 666 2546 717 καὶ
2575 662 2822 716 ἐντεῦθεν
2848 661 2961 715 ἔστι
2982 660 3167 713 λαϐεῖν
3200 677 3213 691 ⁸
3242 660 3477 729 ούρανοῦ
3507 661 3621 730 γάρ
3665 658 3767 711 καὶ

2170 759 2274 829 γῆς
2328 760 2477 811 ἐστιν
2517 757 2877 825 ἀποσκίασμα
2906 771 2921 785 ο
2978 754 3069 807 διά
3111 771 3171 807 τε
3199 754 3356 807 τοῦτο
3388 755 3483 807 καὶ
3524 750 3764 822 φροῦδον

2171 852 2381 919 γίνεται
2435 850 2529 904 καὶ
2587 852 2667 913 είς
2720 850 2782 904 τὸ
2846 849 2918 919 μὴ
2970 848 3031 902 ὃν
3088 847 3363 901 διαλύεται
3422 846 3519 899 τοῦ
3576 848 3762 914 qam-3,;

2172 944 2502 1011 ἀνίσχοντος.
2544 942 2616 994 Τὸ
2656 942 2711 994 δὲ
2762 941 2878 1009 φῶς
2918 940 3075 993 οὐσία
3125 940 3242 991 ἐστὶ
3291 941 3387 991 καὶ
3422 937 3711 1005 ὑφέστηκε
3744 953 3759 969 ο

2170 1034 2251 1089 διὸ
2281 1035 2376 1086 καὶ
2421 1033 2676 1103 δυόμενον
2726 1033 2935 1100 ἀνίσχει
2972 1046 2987 1062 ·
3029 1034 3123 1084 καί⁵
3146 1031 3307 1085 ἀπιὸν
3337 1030 3711 1098 ἐπανέρχεται
3748 1046 3761 1057 ο

2171 1125 2325 1194 γνοίη
2367 1124 2411 1177 δ’
2444 1125 2509 1177 ἄν
2534 1141 2617 1186 τις
2648 1123 2943 1177 κάντεῦθεν
2968 1124 3048 1177 ὃτι
3077 1124 3137 1176 τὸ
3162 1123 3354 1186 σκότος
3383 1122 3768 1191 ὲπισυμῦἐεηο

2172 1233 2265 1269 κεν
2299 1233 2313 1247 ο
2346 1212 2492 1280 οἶκος
2515 1216 2623 1286 γὰρ
2652 1217 2751 1269 οὐκ
2782 1218 2921 1286 έχων
2955 1216 3323 1285 φωταγωγοὺς
3368 1216 3594 1275 σκότους
3646 1215 3767 1265 ἐστὶ

2172 1311 2406 1380 πλήρης,
2450 1310 2891 1380 είσκομισθείσης
2923 1311 2979 1363 δὲ
3017 1309 3297 1379 λαμπάδος
3341 1309 3666 1378 φωτίζεται.
3704 1310 3766 1361 οὐ

2171 1402 2265 1455 τοῦ
2299 1403 2523 1465 σκότους
2548 1401 2736 1455 ἄλλοσέ
2778 1420 2853 1470 πη
2883 1403 3320 1471 μεταϐαίνοντος,
3350 1402 3487 1454 ἀλλὰ
3522 1403 3766 1469 πάμπαν

2172 1494 2521 1563 διολλυμένου
2543 1497 2607 1564 τῇ
2630 1494 2722 1546 τοῦ
2752 1495 2926 1561 φωτὸς
2957 1495 3249 1566 παρουσία.
3290 1496 3364 1548 Ού
3387 1495 3567 1546 τοίνυν
3596 1494 3753 1560 ἀγὲνσ

2172 1606 2330 1657 νητος
2377 1588 2535 1641 οὐσία
2573 1588 2635 1640 τὸ
2674 1588 2883 1650 σκότος,
2926 1585 3052 1639 οὗτε
3085 1586 3191 1656 μὴν
3229 1586 3486 1655 γεννητὴ,
3544 1586 3665 1637 ἀλλ’
3702 1587 3765 1637 ὲκ

2173 1683 2282 1734 τῶν
2332 1680 2606 1751 γεννητῶν
2647 1681 3013 1751 συνισταμένη
3060 1679 3256 1750 χρῆσις
3303 1678 3617 1746 ἀναγκαία,
3667 1676 3764 1727 τοῦ

490 1774 691 1827 stantia
761 1784 976 1837 creata;
1030 1772 1126 1827 sed
1201 1788 1335 1827 usus
1396 1773 1620 1841 quidam
1685 1773 2058 1831 necessarius.

2173 1776 2302 1829 Θεοῦ
2346 1776 2446 1846 τὴν
2493 1776 2686 1844 σοφίαν
2734 1776 3079 1845 κηρύττουσα
3106 1790 3123 1806 ο
3169 1773 3366 1825 αὐτίκα
3402 1772 3536 1839 γοῦν
3585 1770 3688 1822 καὶ
3738 1770 3766 1819 ό

487 1865 557 1917 ab
586 1866 669 1917 bis
698 1880 818 1933 quae
840 1864 982 1916 facta
1010 1870 1137 1916 sunt
1169 1863 1493 1929 provenicns
1524 1870 1578 1915 et
1611 1863 1934 1931 sapientiam
1973 1862 2061 1916 Dei

485 1954 815 2022 pnedicans.
846 1954 1042 2007 Statim
1078 1970 1207 2023 ergo
1234 1955 1496 2023 propheta
1528 1970 1593 2007 ex
1626 1956 1725 2007 hoc
1754 1953 1921 2007 Deum
1950 1955 2066 2008 lau-

486 2049 599 2110 dat,
632 2063 649 2095 ι
680 2044 781 2110 Qui
826 2043 974 2110 fecit,
1011 2045 1210 2113 inquit,
1254 2044 1435 2097 lumen
1468 2054 1521 2098 et
1552 2044 1875 2113 praeparavit
1915 2055 2065 2097 tene-

488 2136 638 2188 bras.
675 2153 693 2185 ι
759 2134 833 2187 De
893 2134 1100 2187 lumine
1154 2134 1375 2203 quidem
1434 2135 1823 2187 convenienter
1882 2134 2062 2188 dicit:

490 2228 594 2290 Qui
647 2226 809 2293 fecit;
854 2226 922 2280 de
976 2225 1212 2279 tenebris
1258 2235 1461 2289 autem,
1512 2224 1867 2293 Prwparauit.
1923 2223 2066 2279 Sunt

486 2319 632 2370 enim
675 2319 928 2372 accidens
955 2317 1228 2387 quoddam
1255 2316 1401 2385 quod
1440 2324 1495 2370 et
1528 2316 1785 2369 consistit
1826 2324 1882 2370 et
1934 2315 2051 2371 dis-

489 2411 745 2464 solvitur.

593 2500 922 2569 QUESTIO
963 2497 1747 2626 CCLIC[CCI:)§3€.“CCLXXVL
1792 2498 1959 2554 Taur.

1125 2570 1433 2642 CCLXVH.

653 2664 830 2730 Quare
861 2664 1001 2732 ferus
1030 2673 1081 2716 et
1124 2663 1335 2731 reptilta
1367 2663 1548 2731 fecerit
1581 2662 1719 2716 Deus
1745 2663 1900 2732 (48)?

2172 1870 2460 1940 προφήτης
2482 1871 2575 1921 καὶ
2596 1866 2845 1921 ἐντεῦθεν
2871 1868 3029 1937 ὑμνεῖ
3050 1866 3141 1918 τὸν
3170 1864 3323 1930 Θεὸν,
3357 1884 3375 1917 ι
3427 1865 3485 1917 ’0
3521 1865 3765 1930 ποιήσας

2168 1962 2300 2032 γὰρ,
2336 1962 2492 2031 φησὶ,
2526 1961 2643 2031 φῶς
2672 1963 2768 2014 καὶ.
2794 1960 3208 2023 κατασκευάσας
3231 1958 3420 2019 σκότος
3442 1974 3488 2007 ἰ
3530 1956 3626 2007 ὲπί
3665 1953 3765 2022 μὲν

2169 2054 2263 2107 τοῦ
2308 2055 2485 2123 φωτὸς
2520 2054 2867 2124 ἁρμοζόντως
2910 2052 3099 2112 εἰπὼν.
3132 2055 3164 2106 ὁ
3222 2051 3489 2115 ποιήσας
3516 2064 3530 2077 °
3577 2049 3676 2099 ἐπὶ
3706 2045 3763 2098 δὲ

2169 2147 2263 2201 τοῦ
2290 2149 2513 2211 σκότους
2535 2187 2551 2212 ,
2586 2144 3077 2211 κατασκευάσας
3119 2142 3471 2215 συμϐεϐηκὸς
3498 2140 3612 2212 γάρ
3646 2141 3764 2192 ἐστι

2176 2244 2571 2313 συνιστάμενον
2594 2244 2688 2295 καὶ
2713 2242 3082 2311 διαλυόμενον.

2697 2505 3036 2559 ΕΡΩΤΗΣΙΣ
3063 2505 3235 2558 ΣΝΑἏ

2168 2664 2331 2718 Διατί
2362 2662 2434 2716 τὰ
2462 2662 2637 2730 θηρία
2674 2662 2773 2715 καὶ
2801 2664 2873 2716 τὰ
2894 2662 3108 2730 ἑρπετὰ
3134 2678 3469 2730 πεποιηκεν
3504 2665 3540 2717 ὀ
3570 2666 3762 2729 Θεός;

826 2755 970 2804 Edita
997 2770 1024 2803 a
1050 2754 1173 2803 .‘daio
1209 2756 1266 2819 (Ι.
1304 2769 1347 2805 c.
1380 2769 1414 2817 p
1454 2755 1564 2816 117,
1602 2755 1709 2815 118,
1742 2771 1792 2819 q.
1818 2756 1952 2820 250).
1988 2783 2050 2796 —-
2084 2758 2160 2809 De
2192 2758 2311 2807 leris
2341 2764 2393 2805 et
2418 2756 2678 2819 reptilibus
2705 2770 2733 2804 a
2765 2756 2873 2805 Deo
2903 2758 3096 2805 creatis.
3123 2757 3247 2806 Gen.
3278 2769 3312 2813 ι,
3335 2757 3416 2804 20.

557 2844 717 2899 Pueri
771 2852 886 2897 tum
934 2843 1426 2907 terriculamentis,
1484 2853 1597 2896 tum
1628 2845 1792 2897 etiam
1839 2846 1974 2899 loris
2018 2854 2074 2900 et

491 2938 662 3007 vit-gis
696 2938 964 3006 indigent.
1001 2935 1068 2988 Et
1099 2951 1195 3005 per
1228 2935 1318 2987 illa
1348 2935 1568 3004 quidem
1606 2935 1757 3004 ipsos
1783 2945 2073 3000 terremus,

2241 2847 2421 2898 Δεῖται
2462 2843 2531 2897 τὰ
2566 2842 2756 2896 παιδία
2793 2844 2885 2895 καὶ
2933 2842 3343 2912 μορμολυκείων
3384 2842 3478 2894 καὶ
3511 2842 3763 2909 ἱμάντων

2173 2937 2270 2989 καὶ
2318 2935 2530 3005 ῥάϐδων
2562 2950 2575 2963 ·
2615 2938 2852 2999 καὶτοῖς
2898 2935 2996 3004 μὲν
3027 2935 3164 2987 αὐτὰ
3211 2934 3590 3002 δεδιττόμεθα,
3647 2935 3762 2995 τοῖς

396 3370 411 3383 Ι
499 3307 607 3371 ι·ἰιὶ,
662 3305 729 3359 ad
780 3304 931 3357 illum
976 3304 1318 3359 attrahamus
1369 3314 1425 3358 et
1481 3303 1548 3357 ad
1598 3304 1752 3358 illum
1809 3304 1863 3357 in
1914 3304 2072 3358 auxi-

491 3045 587 3098 per
622 3030 736 3083 haec
764 3043 946 3083 autem
975 3027 1280 3082 erudimus.
1314 3026 1428 3082 Nos
1461 3042 1593 3098 ergo
1630 3029 1811 3083 sciens
1839 3028 1980 3084 Deus
2008 3031 2068 3083 ad

2174 3027 2230 3079 δὲ
2287 3026 2379 3077 καὶ
2434 3024 2787 3093 παιδεύομεν.
2838 3025 2947 3076 Καὶ
2980 3024 3130 3091 ἡμᾶς
3188 3024 3367 3075 τοίνυν
3416 3020 3691 3092 προειδὼς
3734 3022 3763 3071 ὁ

496 3122 852 3185 indolentiam
888 3135 1212 3190 propensos,
1244 3119 1391 3174 sicut
1422 3118 1699 3175 funiculus
1728 3122 1996 3190 quosdam
2026 3130 2068 3176 et

2177 3111 2307 3180 Θεὸς
2336 3117 2411 3180 ὡς
2446 3119 2526 3180 είς
2561 3117 2832 3187 ρᾳθυμίαν
2861 3116 3226 3178 ὲκκλίνοντας,
3268 3110 3379 3167 οἷον
3404 3116 3639 3183 ἱμάντας
3680 3130 3761 3163 τι·

498 3214 761 3268 terricula
817 3213 960 3267 feras
1008 3213 1168 3266 nobis
1222 3213 1548 3282 praeparavit
1592 3222 1651 3266 ut
1696 3213 1764 3267 ab
1809 3213 1917 3269 illis
1964 3222 2068 3268 ter-

2177 3213 2272 3276 νάς
2300 3211 2331 3280 ἢ
2360 3210 2729 3281 μορμολύκεια
2762 3212 3271 3280 προκατεσκευάσεν
3301 3211 3434 3278 ἡμῖν
3462 3209 3531 3260 τά
3558 3208 3760 3277 θηρία*

2180 3303 2265 3355 ῖνα
2314 3302 2526 3364 τούτοις
2573 3304 2725 3372 ἡμᾶς
2768 3302 3156 3372 δεδιττόμενος,
3210 3301 3345 3372 πρὸς
3395 3301 3586 3352 ἑαυτὸν
3625 3300 3760 3367 ἕλκῃ

497 3397 629 3452 lium
696 3398 1005 3451 vocandum
1080 3411 1475 3465 prteparemnr.
1557 3395 1663 3451 Sed
1720 3399 2068 3467 quemadmo-

2175 3394 2269 3445 καὶ
2299 3393 2482 3445 καλεῖν
2506 3394 2666 3446 αὐτὸν
2695 3394 2772 3454 είς
2811 3392 3127 3461 συμμαχίαν
3154 3390 3573 3463 παρασκευάζῃ.
3619 3387 3762 3443 Ἀλλ’

496 3493 624 3543 dum
681 3490 849 3544 adulti
919 3488 1195 3543 infantiles
1260 3490 1481 3544 timores
1538 3500 1838 3559 spernunt,
1891 3491 1965 3544 ita
2020 3500 2068 3545 et

2174 3483 2361 3554 ῶσπερ
2383 3486 2430 3536 οἱ
2455 3484 2645 3537 τέλειοι
2668 3484 2777 3536 τῶν
2802 3484 3067 3537 παιδικῶν
3089 3484 3361 3553 δειμάτων
3386 3482 3761 3552 καταφρονοῖ)-

497 3582 591 3649 qui
642 3581 693 3634 in
729 3581 929 3634 virtute
976 3580 1285 3634 conﬁrmati
1337 3590 1465 3635 sunt
1514 3578 1753 3635 ferarum
1803 3596 1910 3635 non
1944 3597 2071 3652 per-

497 3674 790 3726 timescunt
836 3674 1111 3730 incursus.
1170 3672 1382 3727 Etenim
1440 3682 1566 3727 ante
1610 3674 1875 3729 Adamum
1926 3684 2073 3730 asta-

497 3766 635 3819 liant
666 3765 812 3830 fera},
857 3775 983 3819 ante
1016 3775 1328 3836 peccatum,
1358 3767 1675 3822 servitutem
1712 3784 1868 3822 suam
1901 3770 2073 3825 conﬁ-

496 3866 694 3919 tentes,
728 3864 783 3909 et
830 3873 953 3910 cum
985 3857 1094 3911 Noe
1122 3859 1175 3911 in
1215 3873 1342 3911 arca
1386 3858 1701 3913 habitabant
1725 3870 1779 3913 et
1804 3876 1926 3914 cum
1964 3861 2071 3916 Da-

498 3948 607 4001 niel
639 3948 690 4000 in
724 3945 871 4000 fossa
908 3948 1089 4001 leones
1123 3963 1434 4017 quanquam
1465 3948 1584 4003 dira
1618 3948 1762 4003 fame
1806 3952 2069 4019 cruciati;

496 4040 679 4108 vipera
709 4040 895 4103 etiam,
927 4039 1169 4109 Apostoli
1206 4056 1370 4093 manu
1402 4038 1659 4095 dentibus
1693 4053 1939 4111 arrepta,
1973 4060 2072 4098 nec

496 4127 702 4192 νίψαιιὶ
741 4126 1010 4184 ﬂat-citate
1058 4140 1111 4183 et
1156 4127 1385 4181 mollitie
1434 4128 1675 4191 inventa,
1710 4144 1833 4183 sese
1870 4138 2068 4183 statum

496 4217 683 4287 tlejicil
716 4230 769 4275 et
795 4222 847 4273 in
888 4219 1063 4286 ignem
1098 4217 1280 4282 irruit,
1312 4218 1468 4287 quasi
1506 4218 1822 4288 sibitnetipsi
1852 4234 2069 4288 pallam

495 4314 746 4384 inﬂigens
774 4330 838 4366 ex
871 4329 937 4367 eo
967 4312 1111 4382 quod
1138 4314 1189 4367 in
1224 4330 1423 4383 corpus
1455 4330 1560 4367 non
1593 4314 1924 4369 conveniens
1952 4330 2071 4369 sese

495 4403 801 4470 injecissct.
836 4402 1006 4458 Nobis
1048 4420 1178 4473 ergo
1208 4405 1480 4458 cnervatis
1510 4406 1823 4472 providens,
1854 4405 2069 4460 deserta

494 4496 613 4563 illisj
646 4496 764 4549 loca
813 4504 867 4549 et
910 4497 1092 4551 noctis
1135 4508 1345 4566 tempus
1398 4497 1633 4566 partitus
1678 4510 1783 4551 est.
1835 4496 2066 4567 lieptilia

2177 3595 2282 3642 σιν,
2330 3579 2471 3631 οὕτω
2508 3579 2601 3630 καὶ
2648 3579 2697 3631 οί
2743 3577 2843 3647 τῆς
2866 3578 3063 3648 ἀρετῆς
3093 3576 3349 3649 τρόφιμοι
3374 3576 3475 3639 τὰς
3506 3576 3619 3628 τῶν
3659 3574 3760 3643 θη-

2178 3672 2307 3743 ρίων
2346 3672 2407 3724 οὐ
2432 3671 2770 3741 δειμαίνουσι
2802 3668 3106 3739 προσϐολάς
3132 3686 3145 3700 ο
3201 3670 3429 3737 καὶγὰρ
3464 3666 3545 3737 τῷ
3587 3667 3761 3735 Ἀδάμ

2175 3763 2283 3835 πρὸ
2322 3763 2421 3833 τῆς
2464 3764 2739 3834 ἁμαρτίας
2784 3764 3143 3834 παρειστήκει
3190 3765 3257 3816 τὰ
3287 3762 3450 3831 θηρία
3502 3761 3605 3830 τὴν
3634 3761 3759 3812 δου-

2172 3853 2323 3907 λείαν
2357 3836 2734 3923 ’όμολογοῦντα
2765 3871 2779 3884 ·
2824 3856 2918 3908 καὶ
2953 3856 3032 3925 τῷ
3066 3855 3190 3907 Νῶε
3235 3853 3567 3923 συνῳκίζετο
3593 3855 3651 3905 ὲν
3692 3855 3757 3920 τῇ

2172 3947 2411 4019 κιϐωτίξν
2443 3949 2538 4000 καὶ
2564 3949 2642 4017 τῷ
2668 3948 2865 4019 Δανιὴλ
2893 3950 2951 4000 ἐν
2975 3949 3053 4017 τῷ
3079 3947 3267 4018 λάκκῳ
3288 3950 3338 4001 οἱ
3369 3948 3609 4009 λέοντες,
3641 3946 3763 3999 καί·

2172 4060 2253 4096 τοι
2276 4044 2394 4097 λίαν
2419 4042 2779 4114 λιμώττοντες
2817 4060 2831 4073 ·
2873 4044 2965 4095 καὶ
2997 4044 3025 4094 ό
3084 4041 3201 4112 έχις
3226 4042 3281 4095 δὲ
3316 4045 3381 4111 τῇ
3424 4040 3757 4093 Ἀποστόλου

2173 4136 2318 4205 χειρὶ
2368 4136 2496 4200 τοὺς
2544 4134 2759 4197 ὀδόντας
2809 4132 3064 4203 ἐμϐαλὼν
3098 4136 3193 4186 καὶ
3231 4138 3330 4204 τῆς
3372 4134 3658 4204 ἁμαρτίας
3700 4134 3759 4185 τὸ

2172 4225 2373 4296 χαῦνον
2401 4228 2495 4281 καὶ
2514 4227 2751 4297 χαλαρὸν
2771 4227 2869 4296 οὺχ
2893 4225 3069 4298 εὑρὼν
3094 4226 3413 4296 ἀπεπήδησε
3438 4226 3759 4297 παραυτίκα

2172 4318 2265 4371 καὶ
2331 4319 2474 4372 κατὰ
2520 4322 2620 4391 τῆς
2660 4321 2838 4390 πυρᾶς
2884 4320 3072 4390 ἥλατο,
3133 4318 3322 4390 ὥσπερ
3365 4319 3522 4381 δίκας
3562 4319 3757 4371 ἑαυτὸν

2172 4412 2633 4482 εἰσπραττόμενος
2655 4414 2735 4465 ὃτι
2776 4413 2853 4483 τῷ
2883 4412 3197 4485 μηδαμόθεν
3226 4414 3558 4483 προσήκοντι
3578 4428 3754 4481 προσι

2171 4503 2326 4556 έϐαλε
2359 4503 2593 4574 σώματι.
2650 4506 2758 4557 Καὶ
2786 4506 2943 4576 ήμῶν
2984 4506 3041 4558 δὲ
3071 4504 3459 4576 ῥᾳθυμούντων
3478 4504 3633 4574 ὅμως
3661 4522 3759 4574 κη·

493 4596 672 4642 autem
701 4588 953 4641 cavernis
987 4588 1288 4657 assignavit
1321 4598 1380 4642 ut
1431 4588 1651 4643 nonnisi
1683 4588 1969 4644 diﬂiculter
2000 4592 2068 4645 ab

2173 4595 2397 4663 δόμενος
2425 4597 2454 4648 ό
2499 4594 2651 4659 Θεὸς,
2695 4595 2821 4659 τοὺς
2875 4596 3247 4667 ἐρημοτέρους
3284 4597 3516 4656 ἐκείνοις
3552 4596 3755 4655 τόπους

493 4681 601 4736 illis
637 4682 921 4736 hominum
966 4698 1139 4749 genus
1187 4684 1589 4736 vulneraretur.
1638 4682 1850 4738 Accidit
1890 4694 2073 4738 autem

498 4774 795 4842 aliquando
828 4774 1095 4843 quosdam
1126 4774 1193 4828 ab
1230 4774 1337 4827 illis
1370 4773 1629 4835 sauciari,
1669 4783 1730 4828 ut
1761 4776 2074 4844 {unusquis-

492 4880 599 4934 que
644 4866 842 4919 timens
899 4880 967 4918 ne
1020 4865 1198 4919 simile
1228 4865 1488 4919 damnum
1523 4866 1761 4934 patiatur
1811 4865 1879 4920 ad
1922 4867 2073 4921 illum

492 4956 585 5024 qui
645 4964 824 5024 potest
871 4956 1083 5009 salvare
1132 4955 1206 5021 (id
1260 4956 1366 5024 est)
1408 4955 1491 5023 .ad
1540 4954 1710 5009 Deum
1770 4957 2071 5025 confugiat,

492 5044 725 5097 Aliunde
758 5056 812 5098 et
854 5046 943 5099 illa
988 5046 1054 5098 ad
1101 5047 1273 5100 multa
1307 5046 1571 5100 salutaria
1614 5047 1854 5100 remedia
1890 5046 2067 5101 inser-

493 5134 667 5188 viunt.
695 5134 867 5189 Nemo
896 5152 1028 5206 ergo
1062 5136 1206 5191 feras
1242 5137 1485 5207 singulas
1514 5136 1871 5191 considerans
1898 5136 2068 5190 Crea-

495 5238 663 5283 torem
715 5231 1079 5301 reprehendat
1134 5232 1227 5286 sed
1276 5232 1492 5284 illarum
1544 5231 1836 5283 utilitatem
1882 5232 2069 5298 requi-

450 5330 596 5373 trat.
648 5320 860 5376 Etenim
916 5332 970 5377 et
1021 5338 1224 5392 corpus
1276 5323 1574 5375 humanum
1630 5322 1858 5374 multam
1906 5320 2071 5376 habet

492 5413 720 5480 gratiam
775 5423 830 5466 et
859 5413 1203 5467 harmoniam
1254 5424 1302 5468 et
1355 5413 1643 5467 utilitatem
1693 5412 1746 5465 in
1796 5412 2067 5481 partibus,

489 5506 584 5560 sed
621 5506 787 5560 habet
825 5508 987 5561 etiam
1019 5508 1267 5576 pituitam
1298 5516 1351 5561 et
1386 5506 1454 5559 ad
1504 5505 1649 5559 illius
1699 5505 2058 5559 secretionem

488 5612 760 5664 recessus,
796 5609 850 5653 et
899 5601 1039 5654 male
1071 5600 1305 5654 olentem
1351 5598 1595 5652 odorem.
1639 5595 1831 5651 Nullus
1880 5605 2059 5650 autem

2175 4688 2269 4739 καὶ
2302 4686 2401 4755 τῆς
2429 4688 2621 4751 νυκτὸς
2659 4688 3023 4759 ἀπεκλήρωσε
3068 4689 3161 4741 τὸν
3186 4686 3399 4759 καιρὸν,
3433 4690 3550 4749 τοῖς
3584 4687 3753 4755 ἑρπε-

2172 4780 2282 4839 τοῖς
2302 4778 2355 4829 δὲ
2385 4780 2510 4842 τοὺς
2534 4780 2591 4831 ὲν
2618 4782 2683 4850 τῇ
2721 4782 2791 4850 γῇ
2824 4780 3111 4851 κατένειμε
3142 4779 3447 4850 χηραμοῦς,
3482 4780 3638 4841 ὅπως
3679 4777 3755 4847 μὴ

2176 4870 2304 4939 ῥᾷον
2334 4869 2425 4922 ὑπ’
2472 4870 2671 4935 αὐτῶν,
2716 4872 2824 4924 τῶν
2854 4872 3158 4942 ἀνθρώπων
3204 4871 3532 4940 πημαίνοιτο
3561 4871 3627 4923 τὸ
3661 4870 3756 4938 γέ-

2171 4977 2259 5022 νος
2288 4977 2301 4991 ·
2343 4966 2615 5033 συγχωρεῖ
2659 4963 2715 5016 δὲ
2752 4964 2865 5016 ἔσθ’
2904 4966 2993 5017 ὅτε
3021 4966 3194 5028 τινας,
3230 4961 3323 5017 ὑπ’
3352 4964 3534 5018 αὐτῶν
3569 4979 3748 5033 παραο

2174 5049 2504 5105 ϐλάπτεσθαι
2536 5070 2549 5082 ο
2580 5053 2656 5115 ὡς
2697 5055 2763 5107 ἂν
2799 5056 3031 5118 ἕκαστος
3068 5056 3253 5119 δεδιὼς
3293 5057 3426 5125 μήτι
3459 5055 3758 5124 παραπλή-

2168 5156 2281 5193 σιον
2307 5143 2457 5216 πάθῃ
2478 5185 2492 5209 ,
2536 5145 2672 5215 πρὸς
2702 5148 2794 5198 τὸν
2832 5146 3131 5217 δυνάμενον
3177 5146 3369 5211 σώζειν
3418 5146 3556 5197 Θεὸν
3588 5163 3755 5198 κατα⁸

2166 5231 2346 5301 φεύγῃ
2374 5247 2387 5261 '
2418 5233 2590 5297 ἄλλως
2621 5252 2681 5287 τε
2720 5235 2776 5287 δὲ
2807 5236 2980 5290 ταῦτα
3010 5239 3102 5289 καὶ
3132 5239 3265 5308 πρὸς
3287 5236 3459 5289 πολλὰ
3495 5237 3610 5288 τῶν
3634 5235 3755 5287 ἁλε-

2168 5319 2404 5383 ξικάκων
2445 5323 2753 5393 φαρμάκων
2812 5324 3072 5379 συντελεῖ.
3128 5324 3334 5395 Μηδεὶς
3385 5325 3568 5375 τοίνυν
3625 5321 3757 5374 αὐτὸ

2168 5414 2291 5466 καθ’
2338 5416 2498 5468 έαυτὸ
2546 5416 2605 5468 τὸ
2656 5416 2846 5488 θηρίον
2889 5418 3181 5484 ἐξετάζων,
3236 5414 3641 5485 ἐπιμεμφέσθω
3679 5414 3754 5482 τῷ

2170 5507 2397 5578 Ποιητῇ,
2442 5507 2577 5561 ἀλλὰ
2618 5510 2717 5579 τὴν
2768 5512 2958 5582 χρείαν
3004 5510 3365 5581 ἐπιζητείτω·
3396 5509 3521 5565 ἐπεὶ
3564 5506 3753 5559 καὶτὸ

2172 5598 2328 5664 σῶμα
2358 5599 2418 5653 τὸ
2440 5600 2780 5671 ἀνορὼπινον
2802 5602 2999 5675 πολλὴν
3020 5603 3131 5675 ἔχει
3156 5603 3248 5656 καὶ
3280 5601 3432 5673 ῶραν
3464 5600 3560 5654 καὶ
3586 5600 3753 5670 ἁρμο-

1995 5688 2205 5743 Ν()ΤίΕ

584 5782 698 5853 (ιε)
758 5782 849 5839 Est
917 5783 1242 5839 Theodoreti
1304 5783 1446 5840 fetus
1493 5799 1550 5853 q.
1614 5782 1680 5836 18
1742 5783 1793 5837 in
1855 5782 2049 5836 Cenes.
2093 5780 2197 5833 col.
2233 5781 2321 5836 98.
