3902 6212
155 323 269 386 1057

929 316 1025 376 AD
1063 314 1656 377 AMPHILOCHIUM
1695 316 2037 387 QUIESTIO
2085 317 2272 390 CCLI,
2322 317 2543 377 CCLII.

3242 319 3377 384 1058

148 439 253 492 νίαν
283 434 368 487 καὶ
394 432 504 486 τῶν
543 429 750 503 μορίων
776 428 878 501 τὴν
914 430 1109 499 χρείαν
1136 444 1151 460 ’
1185 428 1303 483 ἀλλ’
1329 429 1444 500 ἔχει
1473 429 1570 482 καὶ
1602 430 1694 483 κό-

1799 445 1968 485 sanus
1998 445 2066 485 ex
2092 430 2195 485 hoc
2225 430 2392 485 vitam
2437 429 2747 486 accusabit.
2781 428 2912 486 Sine
2944 430 3094 485 enim
3148 432 3258 489 illis
3297 437 3379 490 vi-

151 528 295 600 ρυζαν
323 523 411 578 καὶ
445 521 674 576 πτύελον
706 523 801 577 καλ⁵
830 520 1042 591 δυσώδη
1089 521 1295 590 κόπρον
1320 539 1337 554 ·
1383 519 1499 574 ἀλλ’
1521 520 1697 585 οὐδεὶς

147 620 204 673 εὖ
228 616 418 688 φρονῶν
448 615 559 669 ἀπὸ
593 615 802 677 τούτων
838 613 1083 667 διαϐάλοι
1119 613 1179 665 τὸ
1208 613 1347 676 ζῶον
1380 630 1395 644 θ
1432 613 1556 683 δίχα
1588 614 1699 684 γὰρ

145 712 324 764 τούτων
342 708 551 779 βιῶναι,
582 706 694 759 τῶν
716 707 992 760 ἀδυνάτων
1017 719 1031 734 ⁶
1064 705 1155 758 διὰ
1179 706 1286 775 γὰρ
1310 703 1514 757 τούτων
1542 704 1699 775 ἀρδό-

148 815 291 867 μενον
320 795 528 864 τέθηλε,
564 797 660 849 καὶ
692 796 922 866 αἵματος
948 795 1044 848 καὶ
1077 795 1385 863 φλέγματος
1417 795 1512 847 καὶ
1534 794 1699 865 χολῆς

144 890 403 960 ἑκατέρας·
428 888 547 943 ἀλλ’
573 888 762 957 ὥσπερ
795 886 885 941 διὰ
906 887 1114 940 τούτων
1141 885 1491 955 συνέστηκεν,
1526 885 1700 948 οὕτως

142 981 223 1034 διὰ
238 983 425 1036 τούτων
446 981 565 1046 ἑνὸς
591 980 702 1034 τῶν
730 978 1045 1049 είρημένων
1073 978 1467 1040 πλεονάσαντος
1491 976 1704 1047 ἢὲλλεί-

142 1072 321 1141 ψαντος
343 1072 605 1127 διόλλυται
630 1088 645 1102 '
673 1071 767 1124 uati.
805 1070 1099 1125 σκυταλίδα
1128 1071 1183 1123 εί
1203 1087 1289 1131 τις
1327 1070 1556 1140 ἑκτέμοι
1586 1068 1698 1122 τῶν

140 1162 395 1218 δακτύλων
435 1161 823 1233 δῴεταιαύτὴν
873 1160 1153 1224 παντελῶς
1194 1162 1486 1231 ἄχρηστον.
1527 1162 1704 1231 Προσ-

143 1255 258 1321 ήκει
316 1253 371 1306 δὲ
407 1253 498 1306 διὰ
540 1250 702 1305 τοῦτο
756 1250 852 1304 καὶ
896 1252 1043 1322 ἡμᾶς
1082 1249 1161 1322 μὴ
1198 1250 1332 1305 αὐτὸ
1373 1251 1496 1305 καθ’
1544 1248 1706 1303 ἑαυτὸ

140 1343 550 1414 άπομερίζοντας
592 1342 690 1396 τοῦ
723 1342 923 1407 παντὸς
955 1343 1185 1398 ἕκαστον
1226 1344 1392 1416 μέρος
1425 1341 1701 1408 ἐξετάζειν

136 1439 228 1508 τῆς
253 1438 470 1501 κτίσεως
495 1453 508 1466 ·
547 1436 684 1491 ἀλλὰ
712 1436 895 1507 ζητεῖν
921 1437 1016 1491 καὶ
1044 1438 1366 1492 ἐπισκοπεῖν
1391 1437 1441 1489 εἰ
1479 1436 1555 1508 τῷ
1584 1452 1699 1489 κοι-

135 1528 209 1599 νῷ
241 1530 415 1599 χρείαν
432 1528 553 1583 τινὰ
587 1527 847 1582 συντελεῖ.
890 1529 1000 1582 Καὶ⁹
1025 1529 1093 1582 τὰ
1127 1529 1293 1600 θηρία
1327 1529 1559 1583 αἰδεῖται
1594 1528 1695 1597 μὲν

1797 538 1926 578 vere
1956 522 2294 593 impossibile
2322 534 2433 590 est;
2473 538 2540 578 ex
2574 523 2681 578 hoc
2714 522 2862 578 enim
2894 523 3073 579 oritur
3100 525 3250 594 quod
3294 542 3381 582 re-

1797 612 2023 681 frigerat
2047 622 2102 667 et
2126 613 2450 682 sanguinem
2480 620 2535 667 et
2567 612 2848 678 ardorem,
2884 622 2942 668 et
2964 613 3134 669 bilem
3170 625 3380 670 utram-

1797 718 1924 772 que.
1961 701 2067 756 Sed
2113 703 2257 757 sicut
2293 717 2389 772 per
2420 703 2510 757 illa
2539 703 2814 765 consistit,
2846 702 2923 757 ita
2964 700 3040 757 ex'
3061 703 3224 758 dictis
3269 719 3381 758 uno

1797 795 1885 848 vel
1916 793 2423 863 superabundante.
2458 794 2544 850 vel
2572 794 2862 851 deﬁciente
2893 796 3124 865 deperit.
3166 794 3225 850 Si
3257 797 3383 864 quis

1799 887 1947 940 enim
1985 902 2147 941 unam
2180 887 2336 956 digiti
2382 895 2593 956 partem
2630 888 2947 953 absciderit,
2988 888 3265 944 videbitur
3291 888 3378 946 illa

1800 978 2030 1031 omnino
2061 977 2309 1044 inutilis;
2338 979 2593 1034 convenit
2624 993 2757 1050 ergo
2786 995 2887 1034 nos
2916 994 3025 1034 non
3066 980 3381 1050 singulatim

1803 1084 2254 1140 unamquamque
2306 1072 2477 1127 totius
2513 1082 2721 1142 partem
2784 1073 3082 1130 creationis
3130 1073 3383 1130 conside-

1802 1176 1970 1228 rare,
2027 1163 2125 1217 sed
2189 1178 2434 1234 quaerere
2483 1174 2538 1221 et
2582 1166 2858 1236 inspicere
2917 1176 3103 1222 utrum
3160 1166 3383 1222 utilitati

1804 1252 2085 1307 communi
2120 1253 2307 1325 aliquo
2354 1256 2518 1312 modo
2566 1256 2889 1313 inserviant.
2922 1256 3072 1313 Ferae
3100 1257 3380 1313 hominem

1804 1341 2219 1410 pertimescunt,
2261 1354 2483 1414 propter
2519 1355 2844 1415 potestatem
2888 1346 2965 1401 illi
2998 1361 3165 1417 super
3191 1345 3314 1400 illas
3347 1360 3382 1402 a

1808 1435 2080 1505 principio
2116 1437 2320 1492 datam.
2353 1437 2491 1503 Quia
2524 1449 2707 1493 autem
2730 1439 2901 1508 legem
2928 1437 3168 1493 divinam
3198 1445 3381 1493 trans-

1824 1542 2047 1596 gressus
2080 1529 2202 1594 iuit,
2237 1529 2531 1599 aliquando
2555 1530 2706 1584 illum
2740 1539 3030 1599 spernunt.

132 1623 220 1677 τὸν
243 1621 517 1693 ἄνθρωπον
545 1621 634 1676 διά
656 1621 753 1692 τὴν
775 1620 836 1689 ἐξ
869 1621 1045 1692 ἀρχῆς
1078 1620 1228 1693 αὑτῷ
1253 1622 1501 1676 δοθεῖσαν
1536 1618 1787 1686 ἐξουσίαν
1820 1622 1943 1675 κατ’
2013 1621 2196 1676 αὐτῶν
2218 1638 2231 1653 ο
2266 1621 2715 1692 παραδεδηκότος
2770 1621 2828 1676 δὲ
2887 1620 2979 1676 τὸν
3017 1620 3158 1675 θεῖον
3216 1618 3381 1691 νόμον

131 1714 275 1768 ἐστιν
305 1715 390 1769 ὅτε
418 1715 761 1786 καταφρονεῖ.

636 1829 975 1883 ΕΡΩΤΗΣΙΣ
1005 1829 1174 1884 ΣΝΒ⁹.

134 1913 308 1973 Τίνι’ὀ
330 1918 473 1985 Θεὸς
506 1920 738 1987 εἴρηκε·
775 1936 795 1970 ι
829 1919 1184 1987 Ποιήσωμεν
1210 1916 1529 1984 ἄνθρωπον
1569 1914 1696 1968 κατ’

294 1991 494 2044 είκόνα
521 1991 812 2059 ἡμετέραν
841 1990 940 2042 καὶ
970 1988 1100 2044 καθ’
1127 1987 1454 2057 όμοίωσιν;
1503 2004 1522 2037 ι

2295 1821 2633 1889 ρυλεετιο
2681 1822 2880 1878 CCLII.

1802 1912 2036 1967 Cuinam
2071 1913 2214 1968 Deus
2237 1914 2437 1969 dixerit
2462 1931 2482 1969 :
2506 1914 2797 1967 Faciamus
2823 1914 3171 1985 nominentur!
3189 1914 3379 1985 imagi-

2019 2000 2135 2038 nem
2182 1996 2232 2038 et
2278 1986 2687 2039 similitudinem
2736 1995 2973 2039 nostram
3004 1984 3160 2057 (49)?

769 2103 912 2154 Edita
946 2116 973 2153 a
1004 2103 1130 2153 Maio
1161 2101 1221 2161 (1.
1246 2115 1291 2152 c.
1314 2115 1364 2165 p.
1392 2099 1505 2160 118,
1536 2099 1650 2157 119,
1673 2112 1723 2161 q.
1744 2098 1881 2161 251).
1918 2126 1980 2135 —
2016 2099 2312 2162 Explanatio
2341 2102 2394 2151 in
2417 2100 2541 2151 Gen.
2568 2116 2604 2160 ι,
2631 2100 2711 2150 26.

196 2187 441 2258 Δηλονότι
487 2187 566 2257 τῷ
592 2189 865 2259 ὁμοουσίῳ
913 2189 1009 2243 καὶ
1039 2190 1335 2256 ταυτοφυεί
1360 2186 1483 2240 Υίεῖ
1513 2199 1528 2215 ’
1565 2184 1694 2238 τού-

1863 2184 2157 2241 Evidenter
2204 2200 2306 2242 suo
2373 2186 2831 2243 consubstantiali
2881 2194 2938 2242 et
2994 2186 3243 2255 ejusdem
3283 2202 3377 2242 na-

121 2298 230 2333 των
257 2281 360 2352 γάρ
390 2282 485 2335 καὶ
513 2281 610 2352 μία
636 2280 859 2335 δύναται
880 2279 1138 2350 γενέσθαι
1170 2276 1355 2333 είκών.
1375 2279 1439 2332 Οί
1475 2276 1534 2331 δὲ
1559 2275 1697 2348 πρὸς

119 2374 247 2435 τοὺς
264 2372 524 2441 ἀγγέλους
547 2373 797 2445 εἰρῆσθαι
821 2371 980 2427 τοῦτο
1011 2371 1507 2445 παραληρήσαντες
1544 2370 1698 2441 αἰρε-

120 2464 283 2531 τικοὶ,
315 2465 409 2518 καὶ
432 2465 567 2536 πρός
593 2481 656 2533 γε
686 2466 813 2528 τοὺς
841 2464 1103 2535 δαίμονας
1139 2465 1201 2517 τὸ
1230 2461 1556 2533 ἀθεώτερον,
1578 2461 1701 2517 λίαν

124 2559 261 2611 είσὶν
289 2559 506 2629 ἀνόητοι
538 2574 552 2589 ο
592 2558 715 2611 τίνα
742 2559 852 2629 γὰρ
896 2557 1182 2612 κοινωνίαν
1224 2556 1338 2628 ἔχει
1371 2554 1535 2610 είκὼν
1564 2554 1701 2609 Θεοῦ

117 2653 215 2705 καὶ
242 2652 487 2720 ἀγγέλων
524 2651 846 2722 ἦδαιμόνων
870 2667 888 2717 ;
928 2646 1032 2705 Ὧν
1060 2649 1171 2719 γὰρ
1197 2650 1357 2704 οὐσία
1384 2648 1701 2721 ἁσυγκρίτῳ

115 2740 260 2812 λόγῳ
285 2741 580 2812 διενήνοχε,
603 2740 685 2803 τίς
708 2741 924 2811 μηχανὴ
953 2739 1161 2794 τούτων
1187 2738 1288 2810 τὴν
1315 2738 1485 2808 αὐτὴν
1515 2737 1701 2791 εἰκόνα

116 2833 407 2903 ὲννοῆσαι;
482 2832 753 2887 Ἰουδαίων
804 2834 913 2903 γὰρ
951 2832 1017 2888 ἄν
1059 2848 1145 2896 τις
1184 2832 1282 2884 καὶ
1321 2831 1570 2900 γελάσειε
1599 2829 1700 2900 τὴν

116 2926 306 2980 ἄνοιαν
330 2941 344 2955 ·
378 2924 514 2996 πρὸς
544 2924 737 2978 ἑαυτὸν
764 2925 873 2995 γὰρ
894 2924 1056 2979 τοῦτο
1078 2925 1169 2977 τὸν
1196 2923 1335 2977 Θεόν
1359 2938 1527 2991 φασιν
1563 2924 1701 2975 ἁπο-

116 3017 411 3088 φήνασθαι,
448 3017 614 3081 ,κατά
660 3032 783 3070 τινα
838 3016 1072 3086 μίμησιν
1116 3017 1227 3069 τῶν
1267 3015 1447 3068 καίτοι
1496 3014 1543 3066 εί
1604 3014 1701 3067 καὶ

112 3106 500 3177 πληθυντικῶς
532 3106 627 3160 καὶ
664 3105 726 3158 τὸ
770 3105 1102 3173 κελεύομεν
1132 3105 1229 3158 καὶ
1271 3106 1334 3158 τὸ
1355 3100 1702 3171 ποιήσωμεν

110 3197 474 3268 προφέρεται,
520 3196 636 3250 ἀλλ’
666 3191 759 3250 οὖν
800 3195 1001 3266 πολλὴν
1037 3195 1154 3265 ἔχει
1200 3195 1335 3266 πρὸς
1365 3194 1571 3265 ἄλληλα
1600 3195 1699 3265 τὴν

109 3291 381 3360 διαφοράν
414 3306 429 3323 ο
456 3289 517 3342 τὸ
550 3288 651 3360 μὲν
688 3287 794 3360 γὰρ
834 3287 1215 3357 ποιήσωμεν,
1242 3286 1430 3360 ὥσπερ
1456 3287 1699 3341 ὲπὶκοι-

109 3381 285 3450 νωνίᾳ
340 3379 444 3449 τῆς
512 3379 765 3448 πράξεως
828 3379 920 3430 τὸν
972 3378 1210 3447 ἰσότιμον
1269 3376 1469 3429 καλεῖ·
1530 3374 1589 3429 τὸ
1639 3373 1699 3429 δὲ

106 3472 449 3540 κελεύομεν
473 3469 508 3538 ἢ
540 3467 866 3539 γράφομεν,
903 3469 954 3521 εί
997 3468 1095 3521 καὶ
1130 3466 1506 3538 πληθυντικῶς
1528 3466 1694 3535 ἐσχη-

1805 2281 1944 2330 ιυτω
1971 2273 2149 2343 Filio;
2200 2277 2416 2333 illorum
2463 2279 2611 2335 enim
2663 2295 2772 2334 una
2802 2287 2983 2350 potest
3013 2279 3127 2335 ﬁeri
3170 2280 3374 2351 imago.

1803 2364 2059 2423 Haeretici
2093 2376 2277 2424 autem
2308 2370 2405 2439 qui
2444 2370 2581 2425 illud
2613 2370 2685 2425 ad
2710 2371 2936 2441 angelos
2961 2372 3170 2427 dictum
3203 2371 3377 2427 fuisse

1804 2460 1972 2529 inepti
2010 2468 2361 2530 putaverunt,
2390 2470 2445 2517 et
2482 2462 2552 2517 ad
2587 2462 2897 2529 daemones,
2930 2463 3079 2533 quod
3113 2464 3374 2533 majorem

1804 2550 2013 2606 redolet
2077 2550 2464 2620 impietatem,
2535 2553 2762 2607 omnino
2828 2560 2960 2607 sunt
3031 2553 3372 2623 insipientes.

1802 2642 2108 2710 Quamnam
2141 2644 2288 2699 enim
2336 2644 2537 2701 habeat
2579 2646 3029 2700 communitatem
3074 2646 3254 2716 imago
3284 2644 3377 2700 Dei

1801 2746 1857 2791 et
1905 2738 2223 2807 angelorum
2268 2745 2324 2793 et
2373 2738 2725 2793 daemonum?
2774 2738 3018 2805 Quorum
3068 2739 3376 2794 substantia

1801 2825 1875 2881 ita
1934 2826 2161 2891 diﬂ‘ert,
2216 2835 2276 2883 ut
2329 2827 2483 2883 nullo
2516 2828 2680 2884 modo
2749 2828 2891 2884 inter
2953 2844 3014 2885 se
3065 2828 3376 2900 comparari

1800 2919 2051 2990 possint,
2092 2920 2375 2990 quomodo
2420 2921 2639 2976 illorum
2681 2922 2870 2977 eadem
2921 2922 3103 2994 imago
3147 2924 3375 2995 cogitari

1799 3012 2013 3082 possit?
2058 3010 2375 3067 Judaeorum
2424 3013 2697 3069 insaniam
2754 3029 2917 3070 nemo
2964 3024 3050 3070 est
3106 3016 3200 3085 qui
3263 3030 3372 3071 non

1799 3101 2071 3169 derideat,
2109 3102 2178 3158 ad
2219 3101 2575 3173 semetipsum
2612 3104 2758 3159 enim
2800 3105 2995 3161 dicunt
3021 3106 3191 3160 Deum
3240 3107 3375 3163 illud

1799 3193 2044 3249 locutum
2075 3195 2268 3261 fuisse,
2307 3194 2594 3267 proferens
2622 3196 2887 3263 faciamus
2915 3198 2983 3254 ad
3010 3198 3373 3254 imitationem

1799 3281 2018 3337 illorum
2052 3298 2177 3353 quae
2210 3284 2345 3340 dicit
2380 3287 2547 3341 etiam
2592 3287 2647 3342 in
2692 3287 2892 3355 plurali
2935 3304 3189 3356 numero,
3224 3307 3376 3344 man-

1798 3372 2030 3439 damus;
2087 3375 2181 3430 sed
2241 3376 2399 3431 adest
2447 3377 2591 3432 inter
2642 3378 2733 3433 illa
2788 3392 2987 3449 magna
3042 3380 3373 3438 diﬂ‘erentia.

1802 3464 2037 3523 Verbum
2066 3466 2211 3523 enim
2239 3468 2502 3540 faciamus
2535 3470 2692 3542 quasi
2723 3471 2791 3527 ad
2821 3473 3090 3530 actionem
3121 3488 3379 3531 commu-

108 3565 401 3635 μάτισται,
431 3560 545 3615 ἀλλ’
575 3560 827 3630 οὐδαμῶς
855 3560 1044 3631 ἑτέρου
1070 3560 1260 3630 κλῆσιν
1290 3559 1370 3623 είς
1406 3558 1696 3630 συνεργίαν

1805 3574 1927 3616 nem
1958 3563 2225 3631 aequalem
2256 3571 2438 3630 vocat,
2493 3580 2816 3619 manaamus
2857 3574 3041 3622 autem
3070 3569 3157 3623 vel
3190 3570 3379 3623 decer-

103 3656 336 3708 δίδωσιν
361 3655 568 3707 ἐννοεῖν
593 3671 606 3685 ο
637 3651 819 3715 ἄλλως
847 3669 911 3705 τε
929 3651 992 3705 τὸ
1026 3651 1126 3721 μὲν
1151 3649 1457 3720 γράφομεν
1476 3650 1572 3704 καὶ
1598 3665 1696 3703 κε-

100 3748 401 3816 λεύομεν,
434 3744 548 3813 ἔχει
595 3746 884 3814 πρόσωπον
919 3741 1152 3811 φανερὸν
1184 3740 1321 3811 πρὸς
1358 3739 1388 3792 ὃ
1425 3738 1648 3808 λέγεται
1679 3753 1695 3769 ⁶

98 3840 272 3908 δῆλον
327 3839 442 3910 γὰρ
473 3836 548 3899 ὡς
587 3836 724 3905 πρὸς
764 3834 855 3887 τὸν
889 3831 1227 3897 ὑπεξούσιον·
1285 3828 1521 3885 ἐνταῦθα
1549 3829 1604 3883 δὲ
1634 3827 1698 3883 τὸ

100 3930 490 4000 ποιήσωμεν,
519 3927 755 3999 μάλιστά
813 3943 879 3995 γε
937 3925 1026 3979 διὰ
1089 3924 1189 3994 τὴν
1240 3923 1538 3993 ἐπαγωγὴν
1598 3918 1696 3975 τοῦ

98 4022 240 4077 κατ’
273 4023 510 4087 είκόνα,
539 4016 793 4089 οὐδαμῶς
831 4016 1016 4071 δίδωσι
1059 4014 1354 4086 πρόσωπον
1385 4013 1514 4068 ἄλλο
1542 4012 1698 4082 παρὰ

90 4115 197 4169 τὸν
221 4115 359 4169 Υἱδν
387 4114 483 4168 καὶ
504 4112 564 4166 τὸ
595 4112 861 4179 πανάγιον
884 4109 1112 4181 Πνεῦμα
1141 4108 1363 4171 ἐννοεῖν,
1394 4106 1494 4168 τὰς
1527 4105 1697 4176 μεγά-

90 4208 200 4270 λας
287 4205 683 4274 πιστευόμενον
775 4200 972 4271 ἀρχάς,
1057 4199 1109 4254 οἳ
1188 4197 1371 4267 λέγειν
1434 4197 1697 4251 εἰώθεσαν

86 4298 468 4365 κελεύομεν,
502 4296 597 4349 καὶ
624 4293 944 4364 γράφομεν,
974 4291 1069 4345 καὶ
1100 4289 1569 4359 προστάττομεν,
1602 4287 1699 4341 καὶ

85 4391 162 4445 τὰ
219 4384 398 4460 ὃμοια
421 4406 436 4419 ’
467 4388 647 4443 καίτοι
666 4387 737 4438 τὰ
767 4385 993 4438 πλεῖστα
1041 4381 1237 4463 ἑνικῶς
1269 4382 1305 4453 ἡ
1341 4381 1462 4434 θεία
1502 4380 1697 4452 Γραφὴ

83 4483 386 4554 προφέρει
420 4481 646 4551 λέγοντα
685 4477 777 4532 τὸν
802 4476 910 4529 τῶν
956 4477 1091 4530 ὅλων
1115 4474 1268 4529 Θεόνο
1302 4491 1322 4525 ι
1351 4473 1556 4543 Καιρὸς
1586 4474 1696 4543 γὰρ

82 4574 311 4637 παντὸς
350 4573 480 4643 ἥκει
509 4570 748 4626 ἐναντίον
776 4566 966 4639 ἐμοῦοο
997 4567 1113 4629 καὶ,
1152 4584 1170 4618 ι
1195 4562 1565 4634 Ἐνεθυμήθην
1613 4562 1696 4615 ὅτι

80 4665 349 4735 ἐποίησα
372 4665 463 4717 τὸν
480 4664 783 4734 ἄνθρωπονο
798 4679 815 4712 ι
851 4658 969 4722 καὶ,
1009 4656 1351 4725 «Ἂπαλείψω
1377 4654 1470 4708 τὸν
1489 4651 1698 4724 ἄνθρω-

78 4774 258 4811 πον-ι
288 4758 413 4818 καὶ,
441 4774 458 4805 ι
487 4754 601 4807 Οὐκ
613 4752 825 4806 ἔσονται
846 4749 958 4803 θεολ⁹
994 4749 1175 4819 ἕτεροι
1203 4747 1344 4817 πλὴν
1374 4745 1567 4817 ὲμοῦ·›
1601 4744 1697 4799 καὶ

1799 3652 1996 3717 nimus,
2020 3655 2274 3723 quamvis
2301 3653 2494 3724 plurali
2518 3670 2749 3710 numero
2782 3657 3017 3727 prolata,
3035 3658 3188 3713 nullo
3210 3660 3379 3715 modo

1797 3744 1972 3799 alium
2007 3744 2078 3800 ad
2113 3745 2385 3802 actionem
2433 3760 2785 3802 communem
2817 3750 3006 3804 vocari
3034 3762 3371 3821 supponunt.

1797 3835 1971 3892 Aliter
2032 3845 2215 3893 autem
2275 3839 2504 3893 verbum
2559 3841 2890 3896 decernimus
2939 3854 2994 3897 et
3053 3842 3374 3896 mandamus

1796 3929 1945 3983 clare
1977 3939 2205 3999 apparet
2226 3930 2294 3986 ad
2324 3931 2458 4001 quid
2487 3931 2766 3993 dicantur.
2796 3932 3078 3989 evidenter
3113 3933 3262 3990 enim
3305 3934 3377 3987 ad

1798 4018 2126 4087 subjectum.
2162 4019 2265 4079 Hic
2282 4031 2466 4077 autem
2497 4024 2723 4078 verbum
2755 4024 3040 4094 faciamus,
3068 4026 3372 4097 przesertim

1798 4117 2021 4179 propter
2043 4110 2177 4167 illud
2201 4111 2352 4182 quod
2376 4112 2637 4182 adjicitur
2672 4113 2743 4168 ad
2771 4115 3077 4185 imaginem,
3110 4116 3247 4170 nihil
3274 4116 3376 4170 ab-

1798 4203 1978 4259 solute
2021 4203 2117 4259 dat
2156 4203 2579 4275 excogitandum
2626 4205 2733 4263 nisi
2770 4206 2967 4261 Filium
3003 4216 3059 4261 et
3102 4204 3368 4275 Spiritum

1797 4301 2049 4347 sanctum
2074 4293 2275 4363 quibus
2311 4294 2737 4350 committuntur
2763 4297 3017 4351 maxima;
3044 4304 3381 4367 potestates,

1798 4384 1890 4455 qui
1918 4385 2104 4440 dicere
2124 4395 2548 4452 consueverant,
2582 4387 2904 4442 mandamus
2936 4395 2992 4442 et
3018 4386 3371 4451 decernimus,

1795 4484 1852 4531 et
1882 4474 2142 4541 iubemus,
2193 4484 2250 4529 et
2295 4476 2401 4531 alia
2447 4476 2500 4532 id
2533 4493 2725 4548 genus.
2757 4478 3012 4532 Attamen
3053 4477 3376 4546 plerumque

1796 4576 1985 4623 sancta
2031 4567 2317 4640 Scriptura
2367 4569 2592 4625 exhibet
2634 4568 2814 4626 Deum
2857 4570 2913 4624 in
2959 4567 3226 4637 singulari
3266 4584 3375 4623 uu-

1795 4676 1953 4718 mero
2001 4663 2315 4734 loquentem
2364 4682 2381 4715 :
2426 4680 2448 4716 ι
2496 4662 2738 4732 Tempus
2784 4663 2930 4717 enim
2994 4660 3178 4717 omnis
3223 4668 3373 4715 venit

1799 4763 1927 4810 ante
1957 4770 2065 4811 me.
2102 4774 2124 4808 ι
2155 4785 2225 4796 -
2252 4774 2274 4810 ι
2311 4755 2396 4813 Me
2423 4756 2655 4826 paenitet
2688 4755 2818 4826 quia
2857 4753 2959 4809 feci
2992 4754 3308 4818 hominem;
3346 4770 3368 4804 ι

83 4849 301 4919 μυρία⁸
324 4846 577 4914 ὀλιγάκις
602 4844 657 4897 δὲ
679 4840 1062 4913 πληθυντικῶς
1097 4838 1422 4911 σχηματίζει
1454 4837 1564 4891 τῶν
1595 4838 1695 4905 τῆς

1800 4854 1852 4901 et
1884 4861 1900 4898 :
1937 4864 1958 4897 ι
1993 4844 2198 4901 Delebo
2232 4846 2543 4912 hominem;
2579 4863 2599 4899 ι
2634 4855 2735 4900 et:
2772 4863 2791 4897 ι
2823 4843 2939 4898 Non
2972 4852 3138 4899 erunt
3171 4842 3247 4898 dii
3279 4842 3376 4896 alii

78 4938 346 5011 Τριάδος
371 4938 681 5006 προσώπων
698 4933 977 5005 ἐμφαίνων
1004 4932 1093 4984 τὸν
1111 4930 1361 5002 ἀριθμόν.
1382 4929 1593 4999 Ὠσπερ
1610 4928 1693 4995 τὸ,

1799 4946 1993 5006 prater
2048 4953 2159 5003 me,
2195 4956 2216 4990 ι
2259 4948 2314 4993 et
2359 4938 2466 4992 alia
2513 4937 2707 4991 multa.
2740 4936 3049 5005 Aliquando
3089 4943 3268 4990 autem
3318 4935 3374 4989 iu

82 5052 103 5085 ε
138 5032 356 5096 Δεῦτε,
388 5029 486 5084 καὶ
510 5028 842 5090 καταϐάντες
872 5025 1192 5096 συγχέωμεν
1237 5021 1335 5086 τὰς
1370 5020 1641 5091 γλώσσας·
1674 5039 1693 5071 ι

1799 5024 1996 5095 plurali
2046 5041 2282 5081 numero
2313 5027 2545 5098 loquens
2597 5042 2886 5081 numerum
2920 5024 3208 5079 Trinitatis
3247 5038 3374 5095 per-

77 5123 187 5176 καὶ
210 5119 358 5191 περὶ
399 5112 461 5172 οὗ
483 5118 577 5171 νῦν
609 5119 637 5171 ὁ
668 5116 825 5185 λόγος
856 5132 870 5147 ο
897 5117 991 5168 καὶ
1022 5114 1130 5184 γὰρ
1154 5113 1391 5168 ἐνταῦθα
1422 5114 1612 5185 ἐπειδὴ
1637 5112 1698 5165 τὸ

1799 5134 2058 5173 sonarum
2089 5120 2327 5191 ﬁgurare
2364 5120 2601 5185 videtur,
2646 5129 2708 5174 ut
2745 5136 2869 5176 cum
2893 5120 3026 5175 dicit
3054 5136 3070 5175 :
3100 5136 3119 5170 ι
3155 5117 3373 5184 Venite,

77 5213 332 5281 λογικὸν
367 5210 507 5276 ζῶον
533 5208 845 5263 διέπλαττεν
869 5209 897 5261 ὁ
936 5206 1067 5270 Θεός
1088 5222 1103 5236 ο
1130 5205 1160 5260 ὃ
1188 5207 1284 5259 καὶ
1328 5206 1700 5269 ἀνακαινίζειν

1799 5209 2197 5264 descendamus
2242 5216 2298 5263 et
2326 5207 2734 5265 confundamus
2763 5208 2979 5280 linguas
3004 5222 3217 5274 eorum,
3252 5227 3273 5261 ι
3317 5219 3374 5263 et

78 5308 244 5375 μετὰ
275 5303 490 5365 πολλὰς
515 5301 739 5372 ἔμελλεν
779 5298 974 5369 γενεὰς
1009 5301 1129 5363 ταῖς
1155 5298 1255 5369 τῆς
1281 5298 1443 5367 ἁγίας
1470 5298 1696 5369 Τριάδος

1799 5301 2024 5354 verbum
2059 5301 2124 5355 de
2161 5316 2274 5370 quo
2321 5301 2525 5371 agitur.
2559 5302 2661 5357 Hic
2687 5302 2835 5357 enim
2876 5316 3003 5354 cum
3050 5299 3376 5355 rationabile

77 5397 444 5468 ἐπικλήσεσι
499 5392 895 5464 τελεσιουργῶν
942 5391 1006 5445 τὸ
1060 5392 1326 5462 πανάγιον
1388 5390 1691 5462 βάπτισμα,

1801 5391 2003 5446 animal
2029 5401 2273 5447 creasset
2292 5391 2457 5459 Deus,
2482 5393 2625 5463 quod
2647 5400 2702 5449 et
2722 5400 3091 5447 renovaturus
3116 5398 3235 5445 erat
3254 5397 3378 5458 post

77 5489 329 5561 μέλλων
356 5487 712 5557 δημιουργεῖν
729 5485 828 5555 τὴν
851 5484 1036 5536 ἐκεῖνα
1056 5482 1124 5541 τὰ
1144 5482 1421 5553 μυστήρια
1447 5482 1695 5553 παραλη-

1802 5484 2003 5540 multas
2052 5485 2454 5554 generationes,
2496 5486 2552 5540 in
2603 5486 2826 5541 nomine
2859 5494 3064 5541 sancta:
3091 5481 3376 5537 Trinitatis

1632 5593 1868 5650 NOTAE.

155 5696 288 5765 (49)
325 5693 459 5747 llaec
498 5691 759 5765 quaestio,
802 5704 924 5758 quae
954 5705 1023 5765 ex
1056 5686 1401 5765 Theodoreto
1426 5704 1480 5760 q.
1527 5689 1594 5743 19
1639 5689 1693 5742 in
1733 5688 1931 5745 Genes.
1970 5703 2023 5758 p.
2084 5688 2188 5744 102
2227 5689 2511 5761 desumpta
2544 5700 2652 5758 est,
2685 5689 2911 5745 dcestin
2936 5687 3106 5742 Coisl.
3128 5693 3181 5741 et
3205 5683 3374 5740 Taur.

77 5759 347 5833 Quod'et
375 5765 444 5819 de
480 5759 692 5816 duabus
717 5761 1075 5829 sequentibus
1105 5759 1267 5816 valet.

441 5860 742 5941 _PA'm0L.
792 5859 909 5919 Gn.
949 5856 1051 5917 Cl.
2988 5845 3059 5906 ὃῖι
