3902 6212
509 330 646 395 1059

1602 329 1867 391 ΡΙΙΟΤΙΙ
1901 328 2406 390 ΡΑΤΒῙΑΒΩΗιΈ
2438 330 2549 390 'CP.

3628 322 3769 391 1060

501 447 802 503 conficiens
855 445 1269 502 sanctissimum
1322 445 1629 516 baptisma,
1677 448 2071 516 generationes:

2186 446 2433 517 αἰρομένην
2477 445 2660 517 φύσιν,
2714 443 3131 515 αἰνιγματωδῶς
3197 444 3293 498 καὶ
3336 444 3401 497 τδ
3443 444 3650 498 ταυτὸν
3688 448 3785 515 τῆς

502 550 793 597 creaturus
823 556 947 612 quae
975 541 1081 596 ista
1102 539 1367 612 mysteria
1392 540 1682 609 acciperet,
1715 541 1768 594 in
1797 542 2087 613 aenigmate

502 645 557 689 ct
592 635 857 689 unitatem
902 633 1225 689 substantia:
1273 643 1329 687 et
1382 626 1675 693 humerum
1724 648 2086 703 personarum

502 728 867 782 demonstrat.
915 725 1052 781 Cum
1101 727 1245 780 enim
1286 724 1438 791 dicit,
1473 722 1626 778 Dixit
1679 724 1841 787 Deus.
1888 726 2089 783 divinae

501 829 713 876 natura
764 819 1219 873 communitatem
1266 818 1616 885 manifestat;
1651 819 1962 889 adiiciendo
1995 836 2087 875 au-

503 921 614 963 tem
638 909 920 979 faciamus,
950 924 1309 978 personarum
1343 909 1805 980 multiplicitatem
1822 912 2083 967 declarat.

502 1003 711 1057 iterum
737 1002 969 1056 dicendo
1015 1016 1248 1056 numero
1276 1002 1537 1072 singulari
1571 1003 1855 1074 imaginem
1886 1006 2085 1060 identi-

504 1104 672 1150 tatem
718 1103 928 1148 natura:
954 1094 1237 1158 exhibuit;
1273 1106 1514 1149 nostram
1562 1106 1746 1152 autem
1777 1098 2085 1168 adjiciendo

502 1183 884 1257 bypostasium
927 1183 1411 1252 multiplicitatem.
1446 1185 1643 1240 Omnia
1680 1187 1831 1241 enim
1884 1188 2085 1257 praevi-

500 1280 637 1334 dens
670 1276 815 1332 Deus
844 1284 899 1330 et
933 1274 1212 1345 Unigeniti
1248 1276 1337 1331 sui
1376 1277 1839 1345 incarnationem,
1874 1279 2086 1335 scilicet

499 1370 647 1439 quod
680 1370 840 1424 istam
867 1378 1123 1423 naturam
1148 1384 1215 1423 ex
1245 1368 1594 1424 sanctissima
1630 1371 1842 1440 virgine
1866 1387 2086 1427 assum-

497 1473 692 1535 pturus
712 1472 851 1527 erat,
878 1464 1075 1517 merito
1097 1463 1244 1517 illam
1268 1464 1641 1534 generationis
1664 1464 2083 1523 fundamentum

499 1554 711 1609 honore
741 1569 946 1623 magno
970 1555 1231 1625 dignatus
1253 1565 1357 1609 est.
1382 1554 1623 1611 Primum
1656 1558 1875 1627 quidem
1899 1560 2084 1615 consi-

498 1646 634 1701 lium
680 1646 982 1701 creationis
1027 1647 1327 1716 praeposuit
1368 1656 1430 1702 ut
1484 1651 1851 1705 creandarum
1898 1668 2080 1706 rerum

500 1741 771 1795 rationem
810 1740 1281 1810 prasignilicaret.
1312 1739 1510 1796 Postea
1547 1758 1909 1812 personarum
1937 1746 2082 1801 divi-

497 1833 689 1888 nitatis
733 1845 1024 1887 numerum
1074 1832 1467 1899 manifestavit,
1518 1843 1578 1890 ut
1610 1834 1881 1892 formatus
1915 1838 2081 1894 homo

498 1925 785 1995 theologia:
828 1934 1040 1979 secreta
1084 1934 1327 1979 sumeret
1365 1936 1419 1979 et
1446 1925 1543 1995 qui
1589 1936 1783 1982 sancto
1810 1928 2082 1997 baptismo

496 2015 751 2085 dignatus
784 2023 888 2079 est,
918 2014 1064 2069 clare
1107 2023 1404 2083 cognoscat
1427 2016 1574 2084 quod
1608 2018 1705 2085 qui
1739 2017 1997 2073 formavit
2028 2030 2082 2075 et

432 2090 435 2093 γ
502 2105 621 2174 ipse.
670 2105 920 2169 salvavit,
977 2113 1034 2159 et
1085 2104 1181 2174 qui
1242 2104 1475 2159 salvavit
1529 2118 1584 2160 et
1638 2108 1755 2177 ipse
1798 2107 2078 2165 formavit.

499 2196 767 2251 Praeterea
832 2206 892 2250 ut
937 2204 1134 2251 auctor
1176 2194 1526 2253 formationis
1582 2196 1786 2265 factus,
1841 2201 2083 2257 ostendit

500 2292 829 2345 immensum
880 2303 1005 2359 erga
1058 2288 1164 2343 hoc
1221 2288 1435 2358 plasma
1489 2302 1774 2357 amorem;
1832 2292 1926 2347 sed
1981 2308 2081 2349 nec

498 2397 697 2437 manus
747 2381 949 2435 habere
994 2379 1343 2435 Divinitatem
1375 2380 1651 2446 dicimus,
1695 2397 1798 2437 nec
1846 2384 2078 2441 consilio

496 2476 757 2545 quodam,
783 2474 866 2528 vel
892 2473 1217 2543 pravisione
1240 2474 1507 2545 indigere,
1528 2485 1610 2540 ut,
1629 2477 1931 2532 secundum
1953 2476 2079 2532 Pla-

500 2567 643 2620 tonis
674 2565 861 2630 verba,
903 2566 969 2619 ad
1011 2565 1302 2635 cogitatam
1334 2566 1573 2620 'iormam
1598 2565 1869 2622 facturam
1920 2582 2075 2623 suam

496 2664 831 2726 praepararet
862 2673 876 2708 :
910 2653 1007 2710 sed
1032 2655 1264 2710 istorum
1285 2657 1721 2727 unumquodque
1743 2657 2071 2715 immensam

492 2746 590 2801 Dei
626 2762 756 2816 erga
782 2755 1073 2802 creaturas
1104 2746 1533 2802 sollicitudinem
1564 2748 1930 2807 demonstrat.

983 2837 1314 2904 QUIESTIO
1351 2840 1584 2895 CCLlll.

672 2932 812 2997 Quid
852 2931 1112 3001 signiﬁcet
1146 2945 1167 2984 :
1202 2949 1220 2983 ι
1250 2930 1333 2985 Ad
1361 2931 1644 3002 imaginem
1672 2950 1691 2983 ο
1725 2932 1842 3003 (50)
1871 2932 1896 2987 ἳ

2190 540 2379 602 οὐσίας
2415 540 2513 592 καὶ
2531 538 2621 592 τὸν
2647 538 2757 592 τῶν
2781 536 3090 609 προσώπων
3112 536 3502 608 παρεδήλωσεν
3526 536 3782 607 ἀριθμόν·

2188 634 2278 689 διὰ
2330 636 2431 704 μὲν
2468 635 2578 706 γὰρ
2606 633 2703 689 τοῦ
2746 636 2944 697 εἰπεῖν,
2986 629 3175 687 Εἶπεν
3214 636 3247 687 ό
3276 633 3420 697 Θεὸς
3444 671 3458 694 ,
3494 632 3559 683 τὸ
3609 632 3787 683 κοινόν

2187 730 2291 799 τῆς
2322 728 2473 791 θείας
2505 726 2775 797 δεδήλωκε
2800 724 3040 795 φύσεως
3075 724 3375 794 ἐπαγαγὼν
3399 724 3460 777 δὲ
3487 725 3576 787 τὸ,
3606 724 3787 788 Ποιή-

2190 837 2429 890 σωμεν,
2468 820 2699 891 ἐνέφηνε
2740 819 2849 873 τῶν
2884 817 3196 890 προσώπων
3228 819 3322 870 τον
3353 817 3593 886 ἀριθμόν
3628 832 3647 847 ο
3686 817 3790 869 πάι

2189 912 2272 965 λιν
2328 910 2499 964 εἰπὼν
2549 910 2746 974 ἑνικῶς
2796 912 3004 965 εἰκόνα
3054 911 3115 963 τὸ
3157 910 3353 964 ταυτὸν
3408 910 3511 979 τῆς
3565 908 3789 975 φύσεως

2188 1002 2390 1067 ἔδειξεν
2418 1020 2431 1034 ⁸
2474 1002 2771 1073 ἡμετέραν
2812 1002 2869 1056 δὲ
2918 1001 3200 1073 προσθεὶς,
3245 1002 3340 1055 τὸν
3379 1001 3493 1054 τῶν
3539 1002 3788 1053 ὑποστά-

2190 1115 2331 1151 σεων
2374 1097 2609 1168 ἀριθμόν
2644 1113 2660 1129 ’
2721 1096 2939 1150 ἅπαντα
2979 1098 3089 1166 γὰρ
3120 1095 3371 1167 προορῶν
3395 1098 3424 1149 ὁ
3450 1096 3565 1148 τῶν
3608 1096 3788 1148 ἁπάν-

2186 1211 2296 1247 των
2322 1193 2456 1258 Θεὸς
2483 1195 2576 1247 καὶ
2607 1192 2706 1265 τὴν
2731 1191 2825 1245 τοῦ
2857 1188 3198 1258 Μονογενοῦς
3225 1187 3674 1257 ὲνανθρώπησιν,
3714 1188 3791 1251 ὡς

2186 1287 2396 1359 ταύτην
2424 1286 2525 1358 τὴν
2565 1287 2729 1357 φύσιν
2758 1287 2825 1339 ὲκ
2854 1284 3131 1351 πανάγνου
3162 1282 3260 1351 τῆς
3296 1282 3583 1353 Παρθένου
3618 1280 3792 1351 λήψε-

2187 1398 2301 1443 ται,
2360 1379 2505 1449 μάλα
2556 1380 2784 1442 εἰκότως
2833 1378 2929 1431 καὶ
2954 1376 3125 1447 αὐτὴν
3152 1374 3246 1428 τοῦ
3290 1375 3484 1442 γένους
3522 1374 3628 1444 τὴν
3662 1391 3793 1443 κρης

2186 1472 2315 1526 πῖδα
2344 1469 2511 1542 τιμῆς
2558 1470 2823 1543 μεγίστης
2850 1469 3074 1540 ἠξίωσε,
3119 1467 3345 1539 Πρῶτον
3370 1467 3469 1537 μὲν
3501 1466 3619 1537 γὰρ
3665 1464 3791 1535 βου-

2184 1562 2284 1633 λὴν
2315 1564 2416 1634 τῆς
2462 1563 2823 1634 δημιουργίας
2867 1560 3189 1633 προέταξεν,
3242 1560 3331 1613 ίνα
3383 1559 3477 1611 τοῦ
3506 1560 3790 1628 δημιουρ-

2185 1654 2456 1724 γουμένσυ
2492 1654 2554 1707 τὸ
2601 1653 2819 1722 λογικὸν
2860 1652 3191 1724 προσημάνῃ
3231 1668 3248 1684 ο
3272 1647 3392 1704 εἶτα
3440 1650 3556 1703 τῶν
3600 1666 3785 1719 προσ-

2184 1745 2351 1799 ώπων
2376 1744 2477 1817 τῆς
2510 1745 2777 1817 Θεότητος
2807 1746 3162 1817 παρεδήλωσε
3192 1744 3283 1798 τὸν
3318 1744 3579 1815 ἀριθμὸν,
3608 1744 3704 1796 ἶνα
3725 1745 3791 1796 τά

2182 1837 2280 1905 τῆς
2312 1835 2594 1907 θεολογίας
2643 1838 2673 1890 ὁ
2705 1837 3080 1907 πλαττόμενος
3112 1837 3403 1907 ἄνθρωπος
3442 1836 3593 1907 λάϐῃ
3643 1836 3787 1889 αἰνί-

2180 1942 2390 1996 γματα,
2432 1928 2524 1981 καί
2556 1929 2585 1981 ὁ
2626 1928 2722 1982 τοῦ
2749 1929 3018 1998 παναγίου
3049 1928 3428 1999 βαπτίσματος
3450 1929 3787 1999 ἀξιούμενος

2179 2018 2429 2092 γινώσκῃ
2458 2020 2648 2089 σαφῶς
2680 2021 2763 2074 ὃτι
2788 2022 2818 2075 ό
2841 2021 3055 2085 πλάσας
3081 2021 3179 2075 καὶ
3210 2020 3461 2085 διέσωσε,
3488 2022 3588 2074 καὶ⁵
3620 2024 3651 2073 ὁ
3681 2020 3785 2073 σώ-

2179 2128 2279 2175 σας
2310 2113 2471 2177 αὐτὸς
2497 2114 2593 2167 καὶ
2617 2114 2875 2169 διέπλασε
2901 2128 2919 2147 ο
2947 2114 3083 2185 πρὸς
3101 2114 3157 2168 δὲ
3179 2113 3387 2176 τούτοις
3415 2115 3515 2166 καὶ
3544 2107 3666 2166 οἷον
3688 2114 3784 2166 αύ-

2177 2223 2272 2259 του
2280 2206 2409 2278 ργδς
2431 2206 2533 2278 τῆς
2546 2207 2890 2272 διαπλάσεως
2906 2208 3220 2278 γενόμενος,
3241 2205 3408 2271 ἔδειξε
3433 2206 3536 2275 τὴν
3552 2205 3781 2258 πλείονι

2182 2299 2316 2370 περὶ
2338 2298 2460 2353 τόδε
2484 2300 2546 2353 τὸ
2577 2300 2805 2371 πλάσμα
2836 2300 3223 2370 φιλοστοργίαν
3242 2317 3257 2331 ο
3287 2299 3404 2353 ἀλλ’
3427 2298 3557 2353 οὔτε
3580 2301 3779 2369 χεῖρας

2179 2393 2328 2463 ἔχειν
2350 2392 2413 2446 τὸ
2445 2392 2600 2447 Θεῖόν
2644 2410 2829 2464 φαμεν
2862 2392 2987 2447 οὔτε
3020 2392 3229 2447 δεῖσθαι
3257 2393 3457 2465 βουλῆς
3500 2410 3654 2456 τινος
3684 2396 3779 2447 καὶ

2177 2483 2546 2555 προθεωρίας,
2578 2484 2666 2538 ῐνα
2719 2485 2863 2538 κατὰ
2892 2484 3020 2547 τοὺς
3053 2484 3339 2547 Πλάτωνος
3372 2483 3579 2555 μύθους
3635 2484 3778 2554 πρὸς

2173 2576 2275 2645 τὴν
2301 2575 2402 2647 τῆς
2426 2576 2780 2647 ἐνθυμήσεως
2828 2576 2975 2629 ίδέαν
3006 2577 3394 2647 κατασκευάσῃ
3427 2578 3491 2630 τὸ
3517 2577 3738 2648 ποίημα
3756 2592 3771 2604 ⁸

2180 2666 2318 2721 ἀλλά
2346 2668 2445 2722 καὶ
2469 2669 2678 2722 τούτων
2715 2668 2944 2723 ἕκαστον
2970 2669 3072 2739 τὴν
3098 2668 3326 2723 πλείονα
3355 2669 3453 2723 τοῦ
3472 2668 3611 2723 Θεοῦ
3637 2668 3777 2738 περὶ

2178 2759 2241 2812 τὸ
2276 2756 2416 2825 ζῶον
2439 2760 2767 2831 κηδεμονίαν
2789 2759 2960 2831 δηλοῖ.

2699 2856 3039 2909 ΕΡΩἸῊΣῘΣ
3072 2855 3241 2909 ΣΝΓ.

2539 2946 2602 2999 Τί
2629 2945 2763 2999 ἐστι
2798 2945 2866 2999 τὸ
2900 2963 2919 2997 ι
2956 2947 3098 3000 Κατ’
3130 2944 3337 2999 εἰκόνα
3357 2961 3407 3009 ,‘l

1569 3026 1715 3076 Edita
1736 3040 1766 3076 ι
1791 3026 1917 3078 Maio
1951 3029 2011 3089 (ι.
2041 3042 2088 3080 c.
2114 3045 2163 3095 p.
2190 3034 2299 3098 119,
2330 3036 2433 3097 121,
2464 3051 2514 3101 q.
2539 3038 2673 3100 231).

562 3114 798 3183 Quidam
823 3127 893 3169 au
924 3113 1358 3169 invisibilitatem
1398 3114 1594 3169 anima:
1617 3113 1810 3169 referri
1836 3116 1969 3170 illud
1998 3118 2069 3171 ad

2242 3122 2402 3187 Τινὲς
2437 3126 2501 3179 τὸ
2524 3126 2757 3199 ἀόρατον
2782 3127 2886 3198 τῆς
2909 3127 3093 3198 ψυχῆς
3118 3127 3182 3180 τδ
3208 3129 3340 3181 κατ’
3372 3128 3577 3181 dm
3612 3127 3773 3197 εῖρῆ⁶

492 3208 780 3276 imaginem
818 3205 1117 3261 dixerunt:
1143 3203 1238 3259 sed
1262 3204 1310 3259 si
1337 3204 1413 3258 ita
1449 3203 1543 3270 sit,
1578 3204 1754 3258 multo
1800 3204 1975 3274 magis
1999 3206 2069 3260 ad

493 3297 785 3368 imaginem
834 3304 1024 3352 essent
1072 3295 1289 3365 angeli:
1320 3294 1546 3365 quidam
1606 3304 1787 3349 autem
1842 3296 2070 3352 omnino

491 3389 661 3443 stulte
722 3387 917 3442 dicunt
968 3387 1373 3441 humanitatem
1440 3386 1510 3441 ad
1556 3386 1853 3459 imaginem
1929 3389 2072 3443 divi-

490 3496 616 3537 nam
676 3480 875 3536 factam
938 3479 1131 3538 fuisse.
1220 3479 1433 3549 decepti
1498 3493 1569 3534 ex
1609 3494 1676 3535 eo
1729 3480 1875 3549 quod
1924 3495 2069 3550 saepe

488 3576 706 3630 dicatur
755 3574 810 3628 in
851 3572 1135 3644 Scriptura
1185 3586 1344 3628 sacra
1401 3572 1470 3628 de
1505 3570 1665 3627 Deo:
1705 3571 1888 3639 Oculi,
1945 3589 2068 3629 ma-

485 3684 615 3732 nus,
666 3676 719 3723 et
759 3667 984 3732 similia,
1014 3681 1122 3720 non
1180 3666 1547 3735 intelligentes
1590 3667 1737 3737 quod
1775 3666 1920 3723 Deus
1965 3668 2067 3723 ho-

484 3763 665 3817 mines
720 3776 817 3831 per
854 3761 995 3816 alios
1035 3761 1287 3816 homines
1348 3760 1656 3831 alloquens,
1720 3761 2063 3816 audientium

486 3854 852 3909 imbecillitati
890 3868 1179 3909 sermones
1203 3854 1452 3918 metitur,
1492 3864 1548 3908 et
1572 3854 1703 3924 quia
1740 3868 1839 3923 per
1869 3854 2064 3910 oculos

485 3962 587 4003 nos
605 3947 881 4013 videmus,
918 3946 1151 4002 visionis
1170 3945 1485 4002 facultatem
1510 3949 1565 4002 in
1603 3946 1697 4001 illo
1727 3947 1920 4002 oculos
1959 3962 2065 4001 no-

484 4042 732 4105 minavit.
792 4043 938 4097 sicut
988 4049 1043 4096 et
1070 4057 1255 4108 aures,
1325 4041 1583 4097 audiendi
1610 4040 1953 4108 facultatem,
2010 4053 2065 4098 et

461 4134 742 4209 loquendi
765 4149 850 4191 os.
878 4136 1134 4189 Altamen
1183 4136 1610 4189 immensitatem
1635 4133 1730 4187 Dei
1775 4148 1842 4190 ex
1875 4135 2063 4191 multis

484 4228 783 4297 Scriptura:
800 4227 935 4281 locis
965 4226 1180 4281 discere
1206 4224 1367 4281 facile
1393 4234 1493 4281 est.
1516 4225 1752 4292 Quidam
1787 4240 1918 4296 ergo
1948 4242 2065 4282 ma-

481 4318 635 4389 gistri
654 4320 728 4373 ita
756 4319 1127 4385 intelligebant
1152 4317 1309 4385 illud,
1340 4336 1358 4369 ι
1384 4320 1452 4372 ad
1472 4318 1764 4388 imaginem
1794 4329 1845 4373 et
1864 4319 2064 4375 simili-

483 4412 724 4467 tudinem
755 4425 1020 4477 nostram,
1041 4412 1271 4473 scilicet,
1287 4431 1305 4464 ι
1328 4412 1474 4481 quod
1495 4426 1619 4466 cum
1639 4420 1921 4468 creaturas
1941 4427 2061 4469 sen-

2175 3230 2337 3269 κασιν
2373 3232 2391 3249 ο
2439 3216 2555 3273 ἀλλ’
2581 3218 2632 3270 εί
2682 3216 2862 3282 τοῦτο,
2900 3219 3083 3289 πολλῷ
3134 3218 3338 3288 μᾶλλον
3386 3217 3517 3273 κατ’
3555 3220 3771 3272 εἰκόνα

2174 3310 2422 3383 ὑπῆρχον
2467 3313 2535 3369 ἂν
2570 3314 2621 3367 οἱ
2656 3311 2879 3383 ἄγγελοι
2904 3331 2921 3345 ο
2960 3315 3108 3379 τινὲς
3144 3315 3205 3369 δὲ
3256 3315 3378 3369 λίαν
3422 3316 3670 3387 ἀνοήτως
3704 3315 3769 3369 τδ

2172 3407 2512 3479 ἀνθρώπινον
2591 3411 2715 3464 κατ’
2767 3411 2953 3464 εἰκόνα
3013 3410 3167 3465 θείαν
3205 3411 3540 3483 γεγενῆσθαί
3571 3429 3763 3479 φασιν,

2171 3500 2551 3571 ἀπατηθέντες
2600 3506 2664 3556 ὲκ
2708 3502 2805 3557 τοῦ
2848 3504 3030 3572 λέγειν
3059 3504 3322 3567 πολλάκις
3352 3505 3446 3558 ἐπὶ
3478 3504 3618 3557 Θεοῦ
3664 3505 3764 3574 τὴν

2172 3592 2323 3645 θείαν
2348 3594 2571 3666 Γραφὴν
2594 3594 2905 3666 ὀφθαλμοὺς
2930 3596 3026 3649 καὶ
3049 3599 3238 3666 χεῖρας
3264 3598 3449 3651 καὶτὰ
3477 3597 3665 3667 ὅμοια,
3689 3598 3765 3668 μὴ

2172 3686 2477 3751 συνιδόντες
2499 3686 2573 3751 ὡς
2593 3686 2906 3759 ἀνθρώποις
2946 3686 3016 3741 δι’
3039 3688 3349 3759 ἀνθρώπων
3375 3688 3763 3758 διαλεγόμενος

2168 3772 2352 3850 όιθεδς
2384 3782 2453 3851 τῇ
2486 3780 2595 3832 τῶν
2637 3780 2946 3833 ἀκουόντων
2984 3778 3240 3851 ἀσθενείᾳ
3270 3780 3397 3843 τοὺς
3434 3780 3631 3847 λόγους
3668 3796 3765 3848 μεο

2167 3872 2329 3941 τρεῖ*
2362 3871 2457 3924 καὶ
2497 3871 2686 3943 ἐπειδὴ
2716 3871 2781 3925 δι’
2832 3871 3127 3942 ὀφθαλμῶν
3167 3871 3385 3942 ὁρῶμεν
3430 3871 3617 3941 ἡμεῖς,
3661 3870 3763 3941 τὴν

2167 3964 2400 4033 ὀπτικὴν
2422 3964 2588 4018 αὑτοῦ
2624 3964 2853 4036 δύναμιν
2872 3964 3185 4035 ὀφθαλμοὺς
3214 3965 3471 4035 ὀνομάζει
3504 3980 3519 3994 ⁸
3568 3964 3759 4034 ὥσπερ

2167 4059 2261 4111 καὶ
2306 4051 2422 4111 ὦτα
2449 4058 2511 4111 τὸ
2541 4058 2867 4113 ἀκουστικόν
2891 4075 2907 4089 ·
2952 4057 3050 4112 καὶ
3074 4058 3136 4111 τὸ
3176 4057 3509 4127 πρόσταγμα
3541 4056 3719 4126 στόμα
3738 4071 3755 4085 ⁸

2167 4150 2345 4203 καίτοι
2368 4150 2435 4203 τὸ
2461 4150 2843 4223 ἀπερίγραφον
2868 4149 2963 4203 τοῦ
2999 4150 3136 4203 Θεοῦ
3170 4149 3440 4218 πολλαχοῦ
3472 4134 3758 4220 τῆςΓρα-

2165 4243 2274 4313 φῆς
2316 4241 2466 4313 ἔστιν
2509 4243 2807 4313 ὲκμαθείνο
2844 4242 2989 4306 τινὲς
3036 4242 3217 4295 τοίνυν
3259 4242 3368 4294 τῶν
3414 4240 3757 4294 διδασκάλων

2164 4308 2338 4402 οὕτως
2362 4308 2603 4409 ⁴δένόησαν
2639 4336 2723 4400 τὸ,
2762 4338 2922 4391 «κατ’
2950 4335 3137 4390 εἰκόνα
3178 4335 3455 4405 ἡμετέραν
3499 4335 3597 4386 καὶ
3633 4333 3759 4385 καθ’

2165 4428 2446 4496 ὁμοίωσιν,
2472 4448 2491 4480 ι
2521 4429 2603 4482 ὃτι
2622 4428 2722 4499 τὴν
2753 4430 2929 4483 κτίσιν
2951 4427 3050 4499 τὴν
3067 4427 3331 4497 αἰσθητήν
3348 4443 3407 4479 τε
3431 4425 3529 4478 καὶ
3557 4426 3753 4494 νοητὴν

479 4504 675 4561 ﬁentes
709 4510 764 4558 et
789 4503 1085 4557 rationales
1119 4501 1339 4557 fecisset
1366 4502 1459 4572 qui
1493 4512 1577 4557 est
1608 4504 1855 4559 omnium
1885 4503 2052 4572 Deus,

2174 4522 2479 4594 πεποιηκὼς
2513 4522 2543 4574 ὁ
2575 4496 2688 4575 τῶν
2721 4522 2859 4576 ὅλων
2889 4496 3021 4585 Θεὸς
3051 4522 3144 4575 τὸν
3193 4520 3481 4592 ἄνθρωπον
3521 4521 3752 4575 διέπλα-

480 4598 753 4652 hominem
800 4596 995 4652 ultimo
1060 4596 1181 4651 loco
1230 4596 1381 4658 fecit,
1432 4598 1576 4652 sicut
1640 4597 1935 4668 quamdam
1974 4600 2059 4654 sui

476 4689 653 4759 ipsius
681 4688 974 4760 imaginem
1000 4704 1206 4759 ponens
1238 4689 1291 4743 in
1312 4688 1495 4743 medio
1526 4699 1908 4744 creaturarum
1940 4692 2062 4745 ina-

476 4785 809 4837 nimatarum
837 4790 891 4836 et
913 4781 1251 4837 sensibilium
1283 4790 1338 4836 et
1364 4781 1772 4837 rationabilium
1807 4791 1868 4837 ut
1902 4798 2061 4839 crea-

474 4885 612 4929 tura:
632 4875 887 4929 animatae
917 4882 971 4928 et
995 4873 1309 4928 inanimatae
1345 4873 1416 4927 illi
1458 4874 1599 4929 sicut
1638 4875 1914 4945 quoddam
1958 4878 2057 4932 tri-

472 4970 665 5023 butum
706 4967 994 5023 utilitatem
1022 4965 1328 5022 conferant.
1368 4967 1649 5023 Creaturae
1670 4979 1853 5023 autem
1880 4970 2053 5024 ratio-

470 5061 622 5116 nales
654 5058 730 5115 illi
762 5059 1096 5129 providendo
1124 5074 1279 5115 suam
1323 5073 1450 5131 erga
1495 5057 1759 5115 factorem
1808 5060 2053 5116 benevo-

469 5153 691 5209 lentiam
731 5153 1047 5207 ostendunt.
1102 5150 1337 5217 Quidam
1364 5161 1548 5207 autem
1581 5154 1749 5207 verba
1791 5152 1858 5207 ad
1909 5153 2051 5207 ima-

466 5247 641 5318 ginem
678 5245 768 5300 Dei
803 5243 871 5298 ad
926 5242 1215 5314 imperium
1286 5244 1492 5301 factum
1546 5246 1723 5303 fuisse
1766 5247 2047 5302 hominem

469 5336 781 5408 signiﬁcare
813 5336 1107 5392 dicebant:
1138 5336 1339 5403 adjecit
1373 5338 1543 5402 enim,
1582 5339 1837 5409 inquiunt
1865 5358 1880 5394 :
1928 5360 1947 5393 ι
1979 5341 2049 5397 Ει

465 5432 650 5502 prasit
682 5431 924 5502 piscibus
955 5432 1147 5492 maris.
1190 5450 1209 5483 ι
1241 5443 1296 5487 et
1328 5433 1561 5504 reliqua.
1600 5434 1755 5488 Sicut
1785 5436 1931 5490 enim
1958 5435 2049 5491 ille

464 5522 628 5598 habet
651 5530 894 5585 omnium
960 5529 1285 5599 potentiam,
1318 5531 1393 5585 ita
1440 5538 1495 5585 et
1541 5530 1688 5585 dedit
1728 5530 2047 5587 hominibus

461 5620 516 5675 in
540 5630 821 5678 creaturas
852 5622 1195 5678 irrationales
1222 5622 1540 5691 potentiam.

2160 4631 2251 4668 σεν
2282 4614 2509 4684 ἔσχατον
2545 4632 2560 4647 ’
2587 4609 2699 4670 οἷόν
2738 4631 2864 4668 τινα
2892 4615 3076 4667 εἰκόνα
3104 4614 3270 4668 αὐτοῦ
3306 4617 3365 4667 ὲν
3395 4615 3551 4686 μέσῳ
3577 4618 3752 4670 τεθει-

2158 4706 2270 4770 κὼς
2301 4706 2413 4760 τῶν
2443 4706 2667 4777 ἀψύχων
2705 4708 2800 4761 καὶ
2828 4707 3107 4779 αἰσθητῶν
3148 4707 3243 4760 καὶ
3271 4708 3477 4775 νοητῶν
3516 4727 3532 4741 ο
3560 4710 3650 4762 ἵνα
3682 4711 3749 4762 τά

2160 4798 2260 4869 μὲν
2306 4798 2491 4870 ἄψυχά
2528 4816 2589 4853 τε
2618 4800 2712 4853 καὶ
2751 4800 2971 4870 ἔμψυχα
3013 4798 3188 4870 τούτῳ
3236 4801 3525 4871 προσφέρῃ
3556 4800 3748 4871 ὥσπερ

2155 4891 2278 4945 τινὰ
2323 4892 2489 4963 φόρον
2540 4892 2640 4963 τὴν
2692 4892 2879 4965 χρείαν
2902 4910 2917 4925 ·
2944 4892 3088 4946 αἰδὲ
3112 4896 3301 4963 νοηταὶ
3348 4892 3545 4959 φύσεις
3591 4896 3651 4947 ὲν
3681 4899 3746 4966 τῇ

2161 4986 2290 5056 περὶ
2336 4984 2525 5039 τοῦτον
2576 4985 2898 5056 κηδεμονίᾳ,
2945 4989 3044 5055 τὴν
3084 4984 3216 5055 περί⁸
3260 4984 3354 5037 τὸν
3402 4986 3746 5055 πεποιηκότα

2159 5078 2496 5133 δεικνύουσιν
2529 5078 2763 5135 εὔνοιαν.
2801 5080 2956 5143 Τινὲς
2995 5079 3052 5131 δὲ
3100 5078 3161 5132 τὸ
3194 5078 3322 5131 κατ’
3358 5078 3568 5131 εἰκόνα
3606 5080 3741 5131 Θεοῦ

2158 5172 2300 5226 κατὰ
2321 5174 2381 5225 τὸ
2425 5173 2651 5243 ἀρχικὸν
2689 5174 3020 5244 γεγενῆσθαι
3049 5174 3142 5227 τὸν
3171 5174 3458 5246 ἄνθρωπον
3481 5176 3693 5245 ἔφησαν
3722 5189 3739 5206 ·

2157 5267 2407 5336 ἐπήγαγε
2430 5267 2500 5336 γά
2509 5284 2561 5339 ρ,
2576 5269 2737 5338 φασίν
2754 5283 2767 5321 f
2782 5268 2817 5335 ξι
2831 5269 2939 5322 Καὶ
2961 5268 3279 5339 ἀρχέτωσαν
3294 5269 3404 5322 τῶν
3426 5268 3629 5339 ἰχθύων
3643 5268 3739 5337 τῆς

2158 5356 2455 5431 θαλάσσης,
2482 5379 2500 5410 ι
2524 5378 2579 5415 κ.
2605 5378 2655 5415 τ.
2689 5360 2739 5416 λ.
2771 5361 2984 5433 Ὠσπερ
3015 5361 3123 5432 γὰρ
3151 5360 3317 5423 αὐτὸς
3341 5360 3583 5431 ἔχειτῶν
3605 5360 3740 5413 ὅλων

2154 5449 2254 5521 τὴν
2282 5452 2617 5519 δεσποτείαν,
2654 5452 2798 5507 οὓτω
2838 5455 2935 5507 καί¹
2963 5453 3165 5507 δέδωκε
3196 5452 3273 5525 τῷ
3318 5452 3601 5524 ἀνθρώπῳ
3633 5453 3735 5506 τῶν

2154 5543 2366 5611 ἀλόγων
2390 5540 2488 5613 τὴν
2520 5541 2789 5606 ἐξουσίαν.

1977 5721 2210 5777 NOTAE.

1977 5722 2115 5777 ΝΟΤ
2196 5764 2210 5777 .

532 5808 645 5881 (30)
668 5808 806 5868 Cum
832 5814 936 5870 bac
961 5814 1286 5885 quaestione,
1312 5828 1477 5885 quam
1496 5828 1527 5868 e
1551 5812 1894 5870 Thcodoreto
1929 5832 1984 5885 q.
2007 5815 2078 5869 20
2105 5722 2385 5872 ifGenes.
2422 5816 2695 5889 decerpsit
2717 5827 2932 5885 auctor,
2964 5816 3157 5873 confer
3183 5826 3380 5887 quast.
3417 5814 3661 5873 XXXVI.
