3902 6212
138 306 268 371 1061

920 310 1018 369 AD
1054 309 1647 371 AMPHILOCHIUM
1679 311 2022 382 QUIESTIO
2063 312 2316 385 CCLIII,
2363 313 2595 374 CCLIV.

3236 315 3370 374 10(ῖὲ

207 425 361 477 Ἐστι
395 421 579 492 μέντοι
627 423 720 475 καὶ
771 421 907 476 ἄλλα
943 424 1124 494 εὑρεῖν
1151 425 1227 486 ὼς
1266 424 1574 494 ἀρχετύπου
1619 442 1704 493 μι-

1875 423 2287 480 Possentetiam
2317 423 2548 479 inveniri
2577 424 2681 479 alia
2705 424 2862 495 quasi
2889 424 3163 495 archetypi
3187 442 3372 481 exem-

134 518 210 586 μή
221 534 364 586 ματα
393 531 408 546 ⁸
433 517 757 585 δημιουργεῖ
793 515 900 584 γὰρ
922 517 1014 568 καὶ
1037 515 1322 585 ἄνθρωπος
1348 518 1491 570 κατὰ
1528 517 1698 588 μίμη-

133 627 218 661 σιν
243 607 338 662 τοῦ
371 609 734 676 πεποιηκότος
771 606 907 659 Θεοῦ
948 607 1040 659 καὶ
1079 608 1256 671 οίκίας
1285 611 1381 662 καὶ
1412 610 1566 679 τείχη
1605 611 1700 662 καὶ

135 702 318 764 πόλεις
344 701 438 754 καὶ
466 699 711 770 λιμένας,
743 698 973 772 ούρανοῦ
1004 700 1392 770 ὲκτυπώματα,
1429 704 1522 756 καὶ
1550 703 1700 772 ἡλίου

133 794 227 848 καὶ
263 793 490 863 σελήνης
520 793 613 845 καὶ
646 792 890 862 ἀστέρων
920 792 1015 846 καὶ
1042 793 1344 864 ἀνθρώπων
1369 787 1463 847 καὶ
1492 794 1701 862 ἀλόγων

133 886 290 950 ζώων
319 886 533 949 εἰκόνας
570 901 584 914 ·
609 886 657 938 εί
695 886 790 938 καὶ
817 886 879 939 τὸ
907 885 1006 956 τῆς
1037 886 1397 956 δημιουργίας
1448 887 1704 958 διάφορον

133 981 377 1048 ἄφατον,
428 978 542 1034 ἀλλ’
572 980 721 1048 ὅμως
771 977 1122 1050 δημιουργῶν
1167 982 1196 1032 6
1228 980 1514 1051 ἄνθρωπος
1561 983 1705 1052 ἀμη-

135 1072 302 1140 γέπη,
354 1072 446 1124 τὸν
489 1073 687 1124 οἰκεῖον
739 1073 984 1141 μιμεῖται
1045 1072 1278 1142 ποιητὴν
1325 1072 1399 1135 ὡς
1440 1072 1602 1126 εἰκὼν
1645 1075 1705 1128 τὸ

134 1165 444 1236 ἀρχέτυπον
471 1179 484 1193 ·
513 1163 607 1217 καὶ
634 1162 741 1233 γὰρ
766 1165 798 1234 ἠ
832 1163 996 1217 εἰκὼν
1033 1163 1146 1233 ἔχει
1185 1165 1254 1217 τὰ
1276 1164 1369 1217 τοῦ
1397 1165 1704 1235 ἀρχετύπου

141 1261 438 1327 ἰνδάλματα
479 1275 494 1289 ⁵
536 1259 670 1312 ἀλλὰ
713 1258 776 1312 τὺ
835 1261 933 1329 μὲν
965 1261 1074 1312 τῶν
1121 1261 1328 1331 μορίων
1365 1257 1505 1325 εἶδος
1548 1264 1661 1333 ἔχει
1687 1305 1703 1327 ,

135 1353 237 1415 τὰς
273 1352 331 1405 δὲ
370 1351 648 1424 ἐνεργείας
678 1352 776 1404 ούκ
822 1351 955 1422 ἔχει·
981 1353 1264 1424 ἐστέρηται
1293 1353 1401 1424 γὰρ
1432 1354 1608 1425 ψυχῆς
1639 1355 1707 1408 δι’

137 1439 206 1514 ἧς
230 1447 458 1498 κινεῖται
502 1445 563 1498 τὸ
619 1444 812 1514 σῶμα·
858 1444 1001 1499 οὕτω
1040 1445 1200 1501 πάλιν
1239 1447 1334 1500 καὶ
1379 1446 1650 1516 βασιλεύει
1679 1448 1707 1500 6

139 1538 427 1608 ἄνθρωπος
468 1539 565 1593 καὶ
595 1539 772 1609 κρίνει
815 1539 956 1593 κατὰ
1011 1541 1244 1611 μίμησιν
1288 1541 1382 1595 τοῦ
1430 1543 1539 1596 τῶν
1571 1542 1708 1595 ὅλων

140 1631 277 1685 Θεοῦ
302 1647 317 1663 ο
347 1631 462 1683 ἀλλ’
491 1631 519 1684 6
552 1631 650 1700 μὲν
679 1632 774 1683 καὶ
814 1630 1107 1702 μαρτύρων
1131 1634 1225 1688 καὶ
1252 1634 1576 1705 κατηγόρων
1603 1635 1710 1688 δεῖ-

140 1739 232 1775 ται
262 1721 356 1776 καὶ
385 1721 598 1793 μυρίων
626 1721 800 1774 ἄλλων
827 1723 884 1774 ὲν
921 1725 985 1794 τῇ
1025 1723 1306 1793 συγκρίσει
1340 1741 1355 1756 ο
1395 1728 1424 1779 6
1452 1726 1531 1789 δὲ,
1564 1727 1712 1780 ούδε-

1809 513 2017 584 plaria:
2052 513 2181 569 fecit
2220 514 2365 568 enim
2402 514 2586 580 homo,
2639 515 2890 584 exemplo
2947 515 3041 570 Dei
3075 518 3371 581 creatoris,

1807 615 1860 660 et
1884 605 2076 660 domos
2101 615 2156 660 et
2193 620 2387 661 muros
2431 616 2484 660 et
2509 605 2674 661 nrbes
2707 615 2762 660 et
2817 615 3030 675 portus,
3061 607 3183 661 coeli
3216 608 3372 660 simi-

1806 696 2085 760 litudines,
2113 707 2170 750 et
2190 697 2325 752 solis
2351 706 2407 752 et
2440 697 2582 751 lunae
2609 706 2664 751 et
2700 705 2974 753 astrorum
3008 706 3061 752 et
3090 697 3374 751 hominum

1807 799 1861 844 et
1921 790 2323 844 irrationalium
2376 789 2698 844 animalium
2769 789 3056 860 imagines.
3113 788 3378 854 Quamvis

1810 880 2094 935 ineﬂ'abilis
2124 880 2198 956 sit
2221 880 2273 933 in
2297 879 2574 950 operando
2603 878 2922 944 dilferentia,
2950 887 3186 932 attamen
3212 877 3378 930 homo

1812 975 1998 1044 aliqua
2032 973 2197 1030 modo
2229 989 2426 1030 creans
2459 989 2618 1029 suum
2649 973 2908 1027 factorem
2953 971 3197 1026 imitatur
3236 971 3379 1024 sicut

1814 1069 1996 1137 imago
2024 1083 2185 1123 suum
2231 1067 2608 1136 archetypum.
2640 1065 2852 1120 Etenim
2883 1066 3063 1135 imago
3093 1065 3258 1119 habet
3284 1079 3377 1117 ar-

1812 1160 2026 1231 chetypi
2051 1159 2433 1230 apparentias;
2463 1160 2704 1230 partium
2725 1159 2942 1229 quidem
2966 1159 3169 1211 formas
3192 1157 3376 1221 habet,

1811 1253 2071 1308 virtutem
2104 1261 2285 1307 autem
2328 1267 2434 1306 non
2460 1252 2664 1307 habet:
2701 1251 2884 1306 anima
2909 1251 3054 1305 enim
3097 1265 3204 1319 qua
3257 1262 3379 1303 sese

1814 1353 1995 1400 movet
2013 1358 2212 1411 corpus
2235 1344 2502 1413 privatur.
2536 1341 2627 1398 Sic
2653 1343 2849 1397 iterum
2892 1350 3084 1410 regnat
3135 1341 3298 1394 homo
3328 1348 3383 1392 et

1811 1435 2020 1507 iudicat
2048 1436 2114 1490 ad
2134 1435 2494 1490 imitationem
2521 1434 2666 1489 illius
2691 1434 2786 1504 qui
2817 1443 2900 1489 est
2932 1434 3176 1488 omnium
3214 1432 3378 1487 Deus.

1815 1530 1908 1585 Ille
1937 1529 2157 1600 quidem
2215 1529 2445 1584 testibus
2499 1537 2555 1584 et
2605 1528 3022 1583 accusatoribus
3071 1527 3272 1595 indiget
3327 1535 3382 1579 et

1817 1623 2007 1678 multis
2055 1623 2179 1679 aliis
2223 1623 2290 1676 ad
2345 1621 2741 1692 iudicandum:
2801 1620 2892 1674 hic
2937 1628 3142 1682 autem,
3203 1618 3379 1672 nullo.

1819 1715 2014 1771 Omnia
2045 1717 2190 1771 enim
2225 1723 2520 1784 antequam
2555 1713 2695 1769 facta
2717 1714 2829 1767 sint
2859 1713 3166 1784 cognoscit.
3210 1713 3301 1767 Sic
3329 1721 3382 1766 et

141 1812 235 1874 νός
261 1829 276 1843 ·
307 1814 482 1866 πάντα
513 1813 612 1881 γάρ
649 1813 745 1866 καὶ
775 1812 902 1882 πρὶν
947 1813 1199 1881 γενέσθαι
1224 1811 1364 1868 οἶδεν
1386 1830 1401 1846 ⁸
1450 1815 1593 1870 οὕτω
1615 1818 1709 1869 καὶ

1827 1810 1984 1865 homo
2005 1809 2151 1864 Deus
2188 1810 2490 1879 appellatus
2515 1817 2620 1874 est,
2651 1810 2779 1879 quia
2829 1819 2884 1863 et
2930 1810 3107 1877 imago
3154 1815 3381 1862 vocatus

144 1905 268 1968 θεὸς
289 1906 326 1958 '6
354 1905 640 1977 ἄνθρωπος
670 1905 959 1976 ὠνομάσθη
986 1921 998 1935 ⁸
1031 1906 1166 1961 διότι
1203 1908 1295 1961 καὶ
1318 1909 1479 1962 εἰκὼν
1506 1911 1707 1980 ἐκλήθη

143 1994 315 2049 Θεοῦ·
344 1997 438 2050 καὶ
475 1997 582 2067 γὰρ
604 1998 631 2050 6
656 1995 865 2059 Παῦλός
891 2014 1055 2067 φησιν
1078 2013 1094 2030 ο
1138 2016 1158 2050 ι
1194 1998 1359 2069 Ἀνὴρ
1380 1999 1480 2052 ούκ
1506 1999 1710 2067 ὀφείλει

148 2087 666 2143 κατακαλύπτεσθαι
698 2089 797 2159 τὴν
823 2089 1085 2160 κεφαλὴν,
1111 2089 1275 2144 εἰκὼν
1310 2093 1404 2144 καὶ
1421 2091 1547 2156 δόξα
1577 2092 1711 2145 Θεοῦ

147 2181 411 2252 ὑπάρχων
440 2197 455 2212 ο
492 2200 509 2232 ι
553 2181 685 2234 ἀλλὰ
729 2181 890 2235 πάλιν
922 2184 950 2234 6
978 2183 1076 2251 μὲν
1108 2182 1240 2245 Θεὸς
1269 2184 1366 2237 καὶ
1409 2183 1509 2252 τὴν
1551 2184 1713 2253 φύσιν

147 2276 299 2329 ἐστὶν
317 2277 452 2345 ὅπερ
473 2274 716 2327 καλεῖται
739 2291 753 2306 ο
773 2276 799 2327 6
820 2274 876 2327 δὲ
896 2274 990 2328 ἄνθ
1002 2292 1178 2342 ρωπος
1200 2274 1275 2336 ὡς
1298 2275 1461 2329 είκὼν
1476 2274 1714 2344 τοῦνομα

150 2367 312 2437 μόνον
355 2365 466 2435 ἔχει
491 2379 507 2396 ο
571 2364 730 2418 πάλιν
789 2364 1165 2435 ἀπερίγραφον
1208 2365 1411 2436 κυρίως
1465 2366 1566 2434 μὲν
1623 2367 1717 2419 καὶ

145 2461 364 2533 ἀληθῶς
391 2463 420 2514 6
455 2460 616 2523 Θεός’
653 2462 901 2530 μιμεῖται
934 2460 990 2513 δὲ
1023 2460 1156 2513 αὐτό
1186 2477 1303 2523 πως
1333 2462 1428 2513 καὶ
1449 2462 1477 2514 6
1504 2461 1715 2530 ἀνθρώ-

149 2573 305 2618 πινος
327 2554 586 2623 λογισμός
614 2568 629 2583 ο
658 2554 715 2606 ὲν
745 2553 943 2622 ἀκαρεῖ
970 2552 1078 2622 γὰρ
1104 2555 1414 2624 περινοστεῖ
1431 2552 1501 2606 τά
1517 2570 1575 2604 τε
1607 2552 1719 2622 ἑῷα

149 2649 246 2702 καὶ
281 2647 349 2702 τὰ
388 2646 619 2715 ἑσπέρια
661 2646 758 2699 καὶ
794 2645 862 2699 τὰ
891 2646 1040 2699 νότια
1078 2646 1266 2699 καὶτὰ
1303 2646 1490 2717 βόρεια
1526 2648 1623 2700 καὶ
1655 2647 1720 2718 δὴ

149 2743 246 2795 καὶ
286 2741 354 2795 τά
386 2739 613 2810 οὐράνια
655 2740 749 2792 καὶ
789 2738 859 2792 τὰ
895 2739 1189 2808 ὑποχθόνια
1231 2755 1246 2769 ο
1278 2739 1392 2792 ἀλλ’
1425 2741 1454 2792 6
1501 2739 1601 2809 μὲν
1650 2741 1718 2810 τῇ

147 2833 246 2887 τοῦ
290 2831 553 2901 λογισμοῦ
595 2831 730 2902 μόνῃ
767 2831 1038 2900 φαντασίᾳ
1057 2847 1070 2862 ·
1098 2830 1230 2893 Θεὸς
1264 2830 1319 2883 δὲ
1346 2831 1439 2884 καὶ
1467 2833 1533 2901 τῇ
1564 2830 1722 2902 οὐσίᾳ

151 2924 250 2977 καὶ
279 2926 346 2994 τῇ
385 2924 548 2993 σοφίᾳ
581 2923 674 2975 καὶ
706 2924 773 2992 τῇ
814 2922 1038 2992 δυνάμει
1069 2922 1129 2975 τὺ
1155 2921 1531 2993 άπερίγραφον
1569 2922 1682 2991 ἔχει
1703 2937 1719 2952 ⁶

151 3013 306 3082 εὖροι
332 3012 376 3066 δ’
419 3013 484 3068 ἄν
509 3030 592 3076 τις
621 3013 715 3066 καὶ
751 3014 941 3084 ἑτέραν
977 3013 1208 3085 μίμησιν
1237 3014 1633 3085 ἀκριϐεστέραν
1665 3015 1722 3067 ἐν

1817 1913 1901 1957 est
1922 1902 2032 1956 Dei.
2061 1903 2265 1957 Paulus
2297 1904 2441 1958 enim
2476 1903 2676 1958 dicitzc
2698 1903 2872 1958 Homo
2899 1917 3006 1957 non
3038 1903 3200 1957 debet
3223 1914 3387 1971 caput

1819 2003 2120 2070 cooperire.
2154 2017 2278 2058 cum
2329 2004 2404 2057 sit
2455 2003 2637 2075 imago
2665 2011 2720 2058 et
2758 2005 2932 2073 gloria
2987 2003 3077 2058 Dei
3112 2003 3176 2055 “.
3222 2022 3239 2053 ι
3278 2001 3381 2055 Sed

1820 2096 1966 2151 Deus
2005 2096 2305 2152 secundum
2350 2106 2602 2152 naturam
2634 2113 2790 2153 suam
2819 2098 2899 2153 sic
2927 2107 3184 2161 vocatur;
3219 2098 3387 2150 homo

1820 2199 1998 2244 autem
2035 2189 2179 2244 sicut
2200 2190 2380 2260 imago
2412 2204 2613 2245 nomen
2647 2199 2854 2245 tantum
2886 2191 3068 2247 habet.
3105 2192 3237 2246 Item
3263 2207 3389 2248 vere

1822 2293 1876 2336 et
1908 2282 2126 2337 realiter
2168 2282 2676 2353 incircumscriptus
2724 2293 2809 2340 εει
2840 2285 2984 2342 Deus
3014 2305 3027 2341 :
3060 2287 3165 2342 hoc
3205 2299 3386 2343 antem

1825 2375 2009 2442 aliquo
2030 2373 2193 2428 modo
2222 2375 2466 2429 imitatur
2492 2376 2846 2445 intelligentia
2875 2379 3112 2434 humana
3136 2399 3150 2446 ;
3180 2381 3231 2434 in
3268 2398 3388 2435 mo-

1824 2475 2010 2521 mento
2033 2465 2177 2520 enim
2219 2474 2273 2520 et
2302 2465 2568 2522 orientem
2604 2476 2659 2523 et
2687 2469 3021 2524 occidentem
3052 2478 3104 2524 et
3139 2480 3388 2526 austrum

1825 2567 1878 2613 et
1909 2559 2331 2627 septentrionem
2383 2567 2439 2614 et
2469 2559 2710 2616 caelestia
2747 2570 2803 2616 et
2857 2562 3208 2616 subterranea
3263 2580 3390 2632 per-

1827 2661 1998 2715 currit
2027 2679 2041 2714 :
2080 2655 2175 2714 sed
2201 2655 2290 2708 hic
2317 2653 2538 2723 quidem
2584 2656 2697 2710 sola
2732 2657 2927 2710 mentis
2964 2656 3389 2726 imaginatione;

1831 2750 1973 2805 Deus
2007 2757 2190 2804 autem
2223 2746 2528 2803 substantia
2560 2755 2614 2801 et
2635 2746 2902 2816 sapientia
2930 2757 2985 2801 et
3028 2749 3266 2815 potentia
3301 2747 3392 2802 in-

1829 2841 2281 2910 circumscriptus
2333 2849 2436 2895 est.
2500 2839 2734 2894 lnveniri
2781 2839 2945 2894 etiam
3004 2847 3182 2909 potest
3247 2839 3393 2893 aliud

1831 2933 2143 3004 exemplum
2172 2933 2306 2988 satis
2322 2931 2623 3002 perfectum
2654 2934 2706 2986 in
2726 2932 2906 2986 anima
2927 2931 3170 2985 hominis
3197 2948 3212 2984 :
3234 2930 3399 2984 habet

1832 3029 1976 3082 ettim
2011 3029 2103 3083 illa
2138 3029 2193 3083 in
2233 3028 2409 3100 scipsa
2451 3037 2507 3083 et
2535 3028 2700 3081 vitam
2735 3027 3057 3081 rationalem
3083 3033 3137 3080 et
3183 3026 3398 3079 anima-

149 3109 220 3176 τῇ
261 3106 404 3176 ψυχῇ
448 3104 540 3158 τοῦ
574 3103 862 3173 ἀνθρώπου
901 3121 915 3136 ⁶
968 3105 1083 3174 ἔχει
1133 3106 1242 3176 γὰρ
1277 3107 1415 3175 αὐτὴ
1467 3107 1525 3158 ὲν
1556 3107 1714 3176 ἑαυτῇ

1833 3122 1938 3176 lem
1971 3139 1984 3188 ;
2014 3133 2066 3177 et
2116 3138 2272 3179 mens
2299 3121 2443 3191 parit
2467 3122 2693 3176 verbum
2730 3138 2745 3174 :
2779 3122 2946 3174 verb'o
2987 3131 3167 3174 autem
3205 3129 3400 3189 praeest

152 3197 250 3250 καὶ
277 3196 338 3249 τὸ
361 3196 576 3264 λογικὸν
597 3199 690 3250 καὶ
721 3198 780 3250 τὸ
803 3197 1032 3262 ζωτικόν
1059 3212 1074 3227 ⁸
1105 3199 1197 3251 καὶ
1226 3200 1392 3268 γεννᾷ
1425 3198 1521 3268 μὲν
1545 3200 1573 3250 6
1601 3197 1714 3261 νοῦς

1831 3214 2078 3284 spiritus,
2105 3229 2212 3269 non
2253 3221 2542 3283 generatus
2580 3214 2722 3269 sicut
2751 3213 3000 3277 verbum,
3048 3212 3140 3267 sed
3184 3226 3400 3281 semper

151 3287 248 3342 τὸν
280 3287 436 3356 λόγον
469 3305 483 3321 ο
510 3289 838 3359 συμπρόεισι
871 3289 927 3342 δὲ
967 3287 1046 3358 τῷ
1070 3288 1213 3359 λόγῳ
1247 3288 1486 3358 πνεῦμα,
1515 3290 1578 3343 οὐ
1605 3304 1729 3356 γεν-

153 3377 398 3450 νώμενον
441 3379 691 3449 καθάπερ
719 3379 747 3430 6
775 3377 960 3444 λόγος,
1011 3378 1509 3449 συμπαρομαρττοῦν
1535 3379 1579 3430 δ’
1615 3377 1725 3433 ἀεί.

169 3471 333 3524 Ἀλλά
370 3471 545 3524 ταῦτα
577 3471 651 3535 ὡς
681 3473 737 3523 ἐν
779 3472 946 3524 είκόνι
989 3471 1249 3541 πρόσεστι
1294 3471 1373 3542 τῷ
1410 3470 1684 3540 ἀνθρώπῳ
1711 3485 1726 3501 ο

153 3561 238 3615 διδ
274 3563 640 3625 ἀνυπόστατός
675 3567 789 3616 ἐστι
837 3564 930 3616 καὶ
968 3563 997 3615 6
1030 3562 1186 3630 λόγος
1225 3564 1320 3615 καὶ¹
1364 3561 1426 3615 τὸ
1472 3561 1687 3631 πνεῦμα
1710 3576 1726 3592 ⁸

152 3653 258 3707 ἐπὶ
303 3654 360 3708 δὲ
391 3655 492 3724 τῆς
532 3656 692 3722 ἁγίας
720 3656 953 3725 Τριάδος
991 3658 1144 3725 τρεῖς
1179 3656 1411 3726 νοοῦμεν
1455 3655 1554 3716 τὰς
1593 3655 1728 3708 ὑπο-

155 3745 382 3809 στάσεις
421 3749 513 3799 καὶ
542 3747 864 3817 άσυγχύτως
898 3748 1184 3819 ἡνωμένας
1227 3748 1323 3802 κα)⁸
1359 3746 1483 3801 καθ’
1526 3748 1728 3810 ἑαυτὰς

155 3836 502 3906 ὑφεστώσας.

665 3952 999 4005 ΕΡΩἸἮΣΙΣ
1047 3951 1214 4006 ΣΝΔ’.

168 4044 422 4111 Ἀγαθὸν
443 4043 549 4097 τὸν
581 4044 728 4098 Θεὸν
755 4043 1160 4112 ὀνομάζοντες,
1207 4046 1333 4110 πῶς
1372 4046 1532 4110 αὐτῷ
1566 4063 1723 4113 περι-

225 4113 443 4185 άπτετε
461 4115 765 4185 τοσαύτην
789 4115 1154 4185 ἀποτομίανς
1183 4117 1468 4185 Ὠμότητα
1487 4117 1595 4183 γὰρ
1626 4117 1724 4168 καὶ

226 4184 525 4249 ἀπήνειαν
541 4184 603 4236 τὸ
635 4183 730 4236 διὰ
753 4184 990 4251 ,βρῶσιν
1038 4183 1254 4252 ὀλίγην
1286 4187 1589 4252 τοσαύτην·
1618 4186 1725 4238 ἐπ·-

1824 3307 2116 3361 comitans.
2157 3305 2284 3362 Haec
2306 3317 2485 3362 autem
2517 3305 2716 3361 suntin
2745 3305 2987 3371 homine,
3019 3305 3162 3360 sicut
3192 3305 3243 3358 in
3265 3305 3400 3357 ima-

1828 3401 1973 3470 gine,
2045 3403 2229 3469 itaque
2287 3399 2657 3454 inconsistens
2717 3407 2800 3452 est
2847 3399 3074 3452 verbum
3143 3398 3286 3453 sicut
3340 3405 3397 3449 et

1827 3507 2004 3547 mens.
2046 3490 2103 3545 ln
2135 3499 2323 3546 sancta
2355 3499 2538 3546 autem
2573 3489 2838 3545 Trinitate
2869 3498 2979 3546 tres
3003 3490 3275 3546 credimus
3303 3492 3400 3560 hy-

1831 3594 2078 3654 postases
2109 3592 2165 3637 et
2222 3582 2630 3637 indivisibiliter
2660 3582 2844 3636 unitas
2875 3590 2930 3638 et
2958 3582 3012 3636 in
3045 3596 3104 3636 se
3150 3580 3395 3650 singula-

1826 3678 1960 3733 riter
1988 3675 2374 3732 subsistentes.

2311 3953 2638 4022 QUIESTIO
2689 3953 2911 4009 CCLIV.

1834 4049 2040 4104 Bonum
2069 4065 2176 4101 esse
2199 4047 2367 4102 Deum
2390 4047 2774 4111 existimantes,
2813 4048 3071 4116 quomodo
3093 4047 3177 4100 illi
3198 4057 3400 4101 lmttnm

1904 4120 2212 4172 attribuatis
2264 4119 2641 4172 severitatem?
2668 4117 2970 4172 Crudelitas
3008 4128 3086 4170 est
3156 4120 3290 4170 enim
3355 4128 3402 4169 (ιι

1907 4191 2109 4243 duritia
2140 4198 2344 4242 tantam
2390 4199 2602 4257 propter
2662 4204 2880 4255 parvam
2934 4189 3403 4240 manducatimmn

225 4253 496 4318 ενεγκεῒν
542 4254 839 4320 τιμωρίαν,
876 4257 947 4308 οὺ
965 4255 1089 4320 τοῖς
1123 4258 1493 4322 ἡμαρτηκόσι
1514 4257 1728 4322 μόνον,

1909 4261 2102 4328 inferre
2126 4275 2354 4319 prunam,
2407 4275 2509 4309 non
2560 4257 2728 4310 solum
2765 4257 2895 4328 illis
2924 4257 3014 4328 qui
3041 4268 3402 4325 peccaverunt,

227 4323 388 4376 ἀλλὰ
419 4323 513 4376 καὶ
551 4323 676 4389 τοῖς
699 4323 768 4388 ἐξ
793 4323 1040 4378 ἐκείνων
1053 4327 1567 4392 βεϐλαστηκόσιν.

1912 4331 2003 4382 sed
2033 4339 2081 4383 et
2106 4329 2319 4381 illorum
2346 4329 2645 4396 posteritati
2675 4327 2804 4396 (Si).

251 4443 397 4491 Edita
421 4458 447 4492 a
471 4443 594 4492 Maio
628 4440 685 4504 (1.
713 4455 756 4492 c.
817 4476 831 4490 .
856 4441 964 4501 121,
990 4441 1096 4502 122,
1129 4457 1180 4505 q.
1203 4441 1338 4501 253).
1357 4470 1420 4480 --
1439 4441 1514 4493 De
1533 4456 1674 4554 péeenna
1699 4443 1984 4554 πωῗὲεἱῐῖιᾶι
2013 4459 2039 4494 a
2064 4445 2171 4494 Deo
2200 4445 2252 4493 in
2282 4442 2517 4492 Adamum
2551 4448 2606 4492 et
2636 4442 2745 4501 ejus
2774 4445 2998 4505 posteros
3027 4446 3309 4493 constituta.

235 4587 457 4658 Πρῶτον
487 4589 755 4659 προσήκει
785 4588 1074 4641 πεπεῖσθαι
1111 4591 1236 4652 τοὺς
1261 4589 1506 4642 εὐσεϐεῖν
1532 4607 1714 4661 προαι-

1906 4588 2092 4643 Primo
2121 4588 2718 4658 convenitpersuasum
2745 4601 2866 4642 esse
2915 4587 3022 4642 illis
3065 4587 3159 4655 qui
3214 4586 3397 4656 pietati

161 4677 458 4748 ρουμένους
488 4677 561 4741 ὡς
618 4679 725 4730 πᾶν
748 4677 926 4731 ὁτιοῦν
984 4677 1086 4730 ὑπὸ
1125 4676 1218 4730 τοῦ
1280 4677 1416 4730 Θεοῦ
1447 4679 1555 4731 τῶν
1601 4678 1714 4732 ὂλιο

1839 4681 2081 4736 colendae
2135 4680 2379 4746 student,
2437 4678 2584 4748 quod
2629 4679 2993 4746 quodcunque
3024 4678 3095 4731 ab
3149 4677 3401 4745 omnipo-

155 4769 446 4838 γινόμενον
487 4769 520 4835 ἦ
547 4769 900 4838 κελευόμενον
949 4769 1045 4823 καὶ⁵
1081 4769 1227 4823 ὅσιον
1277 4771 1374 4823 καὶ
1397 4769 1606 4824 δίκαιον
1645 4787 1714 4824 κα

1840 4782 1987 4827 tente
2011 4771 2122 4827 Deo
2147 4771 2348 4826 factum
2383 4771 2466 4826 vel
2491 4771 2807 4824 mandatum
2837 4769 2929 4831 sit,
2977 4777 3031 4822 et
3063 4779 3312 4823 sanctum
3349 4778 3404 4821 et

158 4859 366 4926 ἀγαθὸν
391 4862 487 4911 καὶ
505 4859 887 4929 φιλάνθρωπον
915 4875 930 4892 ο
962 4859 1155 4912 ἔπειτα
1184 4860 1380 4914 εἰδέναι
1402 4861 1507 4933 χρὴ
1533 4862 1608 4925 ὡς
1630 4864 1714 4916 πᾶ.

1832 4865 2040 4934 justum
2069 4871 2123 4917 et
2163 4863 2368 4918 bonum
2414 4869 2471 4917 et
2512 4861 3018 4931 philanthropicum
3044 4869 3146 4914 est.
3198 4860 3404 4913 Deinde

160 4950 328 5018 νόμος
382 4950 432 5002 ει
485 4950 580 5003 καὶ
643 4951 771 5021 περὶ
821 4950 1032 5020 μικρῶν
1070 4968 1231 5004 τινων
1273 4951 1604 5023 διαγορεύει,
1638 4953 1714 5023 τὴε

1837 4956 1977 5011 scito
2011 4969 2148 5023 opus
2186 4963 2269 5008 est
2301 4968 2517 5007 omnem
2551 4953 2745 5023 legem,
2780 4952 3031 5019 quamvis
3063 4954 3127 5005 de
3157 4951 3402 5005 minimis

161 5038 288 5110 ῐσην
333 5038 447 5109 ἔχει
475 5038 704 5110 δύναμιν
717 5040 794 5111 τῷ
823 5040 891 5094 τὰ
925 5042 1153 5110 μέγιστα
1173 5043 1444 5096 κελεύοντι
1470 5043 1714 5114 δρᾷν,κα“

1841 5047 2007 5101 rebus
2025 5054 2244 5108 statuat,
2277 5045 2537 5114 aequalem
2561 5045 2762 5099 habere
2796 5044 3050 5098 virtutem
3077 5059 3142 5098 ac
3167 5044 3254 5096 illa
3282 5059 3403 5112 quae

157 5131 528 5198 διαφερόντως
563 5131 690 5184 ὅταν
737 5131 878 5197 θεῖος
915 5131 1005 5205 ᾖό
1052 5135 1214 5204 νόμος
1256 5150 1271 5164 ·
1305 5135 1502 5188 αὐτίκα
1542 5133 1674 5202 γοῦν
1706 5153 1714 5185 ι

1841 5139 2079 5194 maxima
2110 5138 2486 5208 lacerejubet,
2537 5145 2593 5192 et.
2619 5138 2923 5192 eminenter
2957 5137 3177 5206 quando
3224 5138 3402 5205 agitur

160 5221 585 5291 περιτέμνεσθαι
631 5221 866 5276 κελεύων
898 5263 912 5285 ,
965 5223 1222 5292 ούδεμίαν
1264 5225 1714 5294 παραϐαινόμενος

1833 5230 1901 5284 de
1927 5230 2042 5299 lege
2066 5230 2269 5284 divina.
2327 5229 2409 5284 Sit
2438 5229 2492 5282 in
2532 5229 2837 5298 exemplum
2887 5228 2970 5282 lex
3003 5243 3124 5297 qua:
3169 5229 3406 5280 circnm-

165 5308 246 5379 τῷ
279 5309 449 5372 πέλας
479 5310 832 5382 ἐξεργάζεται
861 5313 1062 5383 βλάϐην
1091 5329 1106 5344 ο
1149 5313 1263 5366 ἀλλ’
1321 5314 1471 5382 ὅμως
1508 5316 1535 5365 6
1571 5331 1714 5383 νομο¹

1834 5319 1941 5373 cidi
1975 5333 2164 5372 omnes
2199 5318 2371 5385 jubet,
2407 5333 2573 5386 quam
2604 5318 2646 5372 si
2669 5317 3184 5386 quistransgressus
3215 5314 3399 5380 fuerit,

163 5397 326 5469 θέτης
352 5402 538 5469 φησὶν,
562 5402 716 5456 ι”Οτι
744 5404 853 5465 πᾶς
874 5403 1048 5474 ἄρσην
1076 5405 1446 5474 ἀπερίτμητος
1466 5403 1523 5466 ὃς
1553 5404 1614 5456 ού
1639 5421 1714 5456 πει

1836 5411 2043 5464 nullam
2071 5410 2320 5478 proximo
2349 5409 2703 5463 oﬂ‘ensionem
2731 5417 2940 5470 causat,
2969 5417 3204 5462 attamen
3239 5408 3402 5477 legis--

165 5493 567 5563 ριτμηθήσεται
585 5497 648 5565 τῇ
675 5495 861 5566 ἡμέρᾳ
887 5498 952 5565 τῇ
969 5496 1150 5567 ὀγδόῃ,
1175 5496 1686 5569 ὲξολοθρευθήσεται

1839 5499 1975 5553 lator
2003 5500 2136 5554 dixit
2167 5517 2180 5553 :
2252 5517 2270 5548 ι
2300 5499 2452 5563 Quod
2481 5513 2644 5552 omne
2687 5499 3052 5553 masculinum
3108 5498 3405 5553 incircum-

236 5604 280 5636 “
305 5605 324 5658 1
354 5605 480 5658 Cor.
519 5621 597 5671 xl,
632 5605 683 5660 7.
1660 5675 1867 5734 Μ.)τῶ

239 5767 348 5837 (Sil)
387 5766 709 5824 Theodoreti
740 5778 865 5825 sunt
895 5768 1003 5826 fere
1033 5772 1212 5826 omnia
1249 5772 1322 5843 (q.
1352 5775 1416 5827 57
1439 5773 1492 5828 in
1525 5774 1720 5829 Gencs.
1760 5791 1811 5843 ρ.
1845 5775 1986 5844 151).
