3902 6212
539 322 679 386 1063

1650 316 1913 384 PHOTII
1961 321 2465 387 PATRIARCHE
2493 320 2603 383 (ΣΡ.

3669 317 3805 384 Ῑθθί

536 442 713 496 cisum
743 439 887 510 quod
917 453 1026 494 non
1052 437 1442 495 circumcisum
1485 438 1649 494 fuerit
1672 440 1759 494 die
1783 450 1997 503 octava,
2031 454 2098 493 ex

2204 490 2206 496 ,
2232 440 2327 491 καὶ
2352 438 2419 509 ἢν
2457 436 2627 508 ὥρισε
2656 438 2770 501 τοῖς
2798 434 3145 506 ἀνδροφόνοις
3168 434 3263 491 καὶ
3291 437 3502 507 μοιχοῖς
3515 437 3817 509 τιμωρίαν,

538 533 938 596 terminabitur,
965 542 1019 585 et
1046 548 1211 602 quam
1236 532 1427 588 statuit
1461 533 1749 589 homicidis
1776 542 1831 588 et
1862 532 2123 589 adulteris

538 641 779 696 ptenam,
810 625 1054 681 eamdem
1086 624 1192 679 illis
1226 624 1377 690 ponit
1408 625 1473 678 ¹δ.
1505 644 1525 677 ι
1584 624 1641 680 Si
1670 634 1851 680 autem
1883 625 2121 680 Marcion

542 727 597 771 et
615 716 858 795 ejusdem
881 716 1172 785 impietatis
1194 714 1419 769 assecla:
1432 724 1713 785 propterea
1734 716 2037 785 praesertim
2070 725 2127 769 et

542 806 711 875 legem
745 814 801 861 et
821 805 1203 876 Legislatorem
1233 806 1412 875 ipsum
1443 807 1795 876 redarguunt,
1830 806 2125 874 Evangelio

536 900 725 969 lingua
749 915 936 955 eorum
967 900 1373 969 comprimenda
1424 910 1525 955 est.
1584 919 1605 953 ι
1636 901 1737 967 Qui
1770 902 1913 955 enim
1943 910 2123 956 mente

540 993 743 1046 lasciVa
772 993 1057 1047 mulierem
1089 992 1286 1048 viderit
1327 993 1470 1048 sicut
1499 992 1710 1048 adulter
1741 992 1810 1047 al)
1853 994 1946 1047 illo
1970 992 2121 1061 judi-

537 1093 691 1135 catur
717 1083 757 1113 ¹⁵
778 1100 825 1149 ς»
844 1092 919 1146 et,
943 1081 1219 1147 «Quidicit
1250 1082 1401 1136 fratri
1417 1098 1536 1149 suo,
1565 1081 1874 1149 Raca,reus
1888 1092 1972 1138 est
1997 1098 2125 1138 con-

538 1173 698 1237 cilio;
734 1181 789 1226 et
813 1174 911 1242 qui
954 1181 1160 1228 temere
1191 1174 1472 1239 irascitur,
1500 1188 1629 1229 reus
1654 1174 1759 1228 erit
1782 1173 2021 1243 judicio;
2065 1181 2122 1227 et

537 1266 631 1332 qui
696 1265 846 1319 illum
903 1264 1112 1318 fatuum
1170 1266 1471 1330 vocaverit,
1517 1280 1645 1320 reus
1692 1267 1798 1321 erit
1856 1266 2119 1337 gehennae

540 1356 681 1425 ignis
705 1357 767 1408 ‘°.
801 1375 819 1407 ι
862 1355 1095 1421 Quidam
1124 1356 1269 1411 hunc
1302 1356 1525 1427 quidem
1564 1358 1770 1412 bonum
1810 1358 2111 1427 appellant,

537 1448 808 1504 crudelem
872 1458 1053 1504 autem
1102 1447 1312 1505 Veteris
1352 1447 1686 1505 Testamenti
1726 1449 2114 1517 legislatorem.

540 1538 665 1595 Haec
698 1549 878 1595 autem
913 1542 1031 1596 istis
1077 1542 1377 1597 secundum
1408 1542 1624 1597 illorum
1668 1557 1981 1597 tiieiisuram
2012 1541 2116 1595 du~

536 1631 682 1685 riora
711 1640 840 1685 sunt
866 1648 880 1697 ;
906 1645 1008 1686 nos
1035 1642 1217 1685 autem
1248 1642 1301 1685 et
1355 1633 1455 1686 has
1498 1643 1555 1688 et
1609 1633 1727 1688 illas
1761 1632 1927 1687 unius
1969 1632 2116 1703 leges

535 1723 777 1789 scimus,
809 1724 1165 1779 ditl‘erentiam
1190 1734 1370 1779 autem
1406 1725 1519 1780 sola
1562 1725 1740 1781 eﬂ‘ecit
1765 1724 2112 1781 subditorum

2229 529 2437 601 ταύτην
2463 529 2527 601 δὴ
2548 528 2760 592 τούτοις
2790 529 3132 599 ἐπλήρωσεν.
3160 548 3180 580 ι
3222 529 3284 582 Εἰ
3316 529 3376 583 δὲ
3420 530 3700 599 Μαρκίων
3728 531 3818 583 καὶ

2228 625 2276 676 οί
2336 622 2439 692 τῆς
2492 623 2663 691 αὐτῆς
2709 621 3032 685 δυσσεϐείας
3086 621 3178 675 διὰ
3233 622 3406 675 ταῦτα
3447 624 3696 694 μάλιστα
3731 626 3818 676 τὸν

2227 715 2389 785 νόμον
2451 715 2546 768 καὶ
2582 714 2746 769 αὐτὸν
2785 712 3072 778 κακίζουσι
3122 714 3213 769 τὸν
3260 715 3585 787 νομοθέτην,
3614 716 3684 769 ὲκ
3724 717 3817 769 τοῦ

2227 803 2561 872 Εύαγγελίου
2590 804 3148 873 ὲπιστομιζέσθωσαν·
3174 823 3194 856 ι
3213 807 3273 858 Ὀ
3290 806 3402 876 γὰρ
3428 806 3652 873 λάγνως
3679 807 3820 875 ὀρῶν

2226 898 2460 964 γυναῖκα
2488 896 2565 959 ὡς
2595 896 2781 966 μοιχὸς
2797 896 2989 966 ἐκείνῳ
3017 897 3263 968 κρίνεται
3282 915 3295 927 ·
3327 915 3346 947 ι
3382 898 3503 962 καὶ,
3542 917 3563 949 ι
3585 897 3650 949 Ὀ
3677 898 3817 967 ρακᾶ

2226 989 2400 1058 λέγων
2424 988 2515 1042 τὸν
2557 988 2807 1056 ἀδελφὸν,
2840 989 3060 1059 γραφῆς
3116 988 3453 1052 ὑπεύθυνος·
3485 992 3586 1042 καὶ
3634 991 3666 1041 6
3696 990 3815 1058 είκῆ

2224 1079 2601 1151 ὀργιζόμενος,
2633 1081 2815 1151 ἔνοχος
2836 1082 2903 1151 τῇ
2935 1080 3115 1150 κρίσει
3139 1095 3154 1110 ⁸
3180 1081 3276 1135 καὶ
3301 1082 3330 1134 6
3362 1080 3551 1152 μωρὸν
3608 1079 3814 1144 καλῶν,

2223 1172 2375 1238 ἄξιος
2400 1172 2498 1238 τῆς
2527 1171 2752 1241 γεέννης
2777 1188 2792 1203 ⁸
2827 1172 2906 1223 »τί
2931 1171 3041 1240 γὰρ
3061 1171 3152 1224 τὸν
3169 1171 3271 1241 μὲν
3291 1172 3495 1239 ἀγαθὸν
3511 1171 3817 1241 ὀνομάζου-

2223 1282 2327 1326 σιν.
2356 1264 2541 1335 ἀπηνῆ
2569 1264 2728 1317 δὲτὺν
2745 1266 2841 1333 τῆς
2864 1264 3103 1328 [Ιαλαιᾶς
3128 1263 3425 1335 νομοθέτην
3446 1280 3460 1328 ;
3494 1264 3686 1317 ταῦτα
3711 1265 3815 1333 γὰρ

2221 1357 2444 1411 ἐκείνων
2468 1355 2612 1410 κατὰ
2642 1356 2733 1410 τὸν
2765 1356 2971 1410 τούτων
3022 1357 3148 1427 ὅρον
3194 1356 3453 1427 ὠμότερα
3480 1373 3494 1386 ⁸
3532 1358 3706 1426 ἡμεῖς
3761 1357 3813 1408 δὲ

2221 1449 2316 1501 καὶ
2346 1448 2571 1511 τούτους
2595 1447 2881 1508 κάκείνους
2908 1448 3065 1517 ίσμεν
3093 1450 3221 1511 τοὺς
3243 1448 3441 1517 νόμους
3469 1448 3595 1510 ἑνός
3617 1465 3630 1475 ⁸
3669 1450 3733 1499 τὸ
3760 1448 3812 1499 δὲ

2222 1539 2478 1611 διάφορον
2508 1540 2542 1609 ἡ
2570 1541 2678 1593 τῶν
2709 1538 3189 1610 νομοθετουμένων
3221 1540 3442 1605 ποιότης
3469 1539 3809 1610 είργὰσατω

2219 1624 2307 1684 οἷα
2337 1630 2446 1701 γὰρ
2474 1630 2633 1700 σοφὸς
2655 1630 2977 1693 διδάσκαλος
3004 1634 3114 1695 τοῖς
3150 1631 3250 1701 μὲν
3280 1632 3499 1686 ἀτελέσι
3522 1632 3595 1686 τὰ
3612 1631 3806 1701 ἀτελῆ,

2220 1725 2330 1786 τοῖς
2365 1722 2423 1775 δὲ
2459 1723 2685 1787 τελείοις
2714 1724 2782 1778 τὰ
2815 1723 2998 1777 τέλεια
3020 1725 3407 1796 προσενήνοχε.

532 1816 791 1886 qualitas.
869 1816 1023 1873 Sicut
1080 1819 1226 1873 enim
1304 1818 1485 1874 bonus
1535 1821 1795 1892 magister
1842 1818 2182 1892 imperfectis
2218 1818 2439 1889 quidem
2518 1817 2863 1890 imperfecta,
2951 1819 3210 1891 perfectis
3291 1830 3474 1875 autem
3561 1820 3807 1891 perlecta

540 1911 739 1963 attulit.

598 2001 680 2053 Ad
711 2001 814 2055 hoc
852 2010 1034 2056 autem
1056 2012 1110 2056 et
1156 2003 1292 2059 illud
1319 2004 1782 2060 considerandum
1828 2013 1934 2069 est,
1970 2000 2100 2071 quod

2290 1995 2431 2065 Πρὸς
2478 1995 2537 2049 δὲ
2575 1995 2787 2060 τούτοις
2836 1996 3147 2067 σκοπητέον
3195 1999 3288 2051 καὶ
3339 1998 3520 2065 τοῦτο,
3544 1999 3632 2053 ὅτι
3691 2003 3806 2063 τοῖς

531 2088 639 2144 illis
684 2092 775 2159 qui
834 2092 995 2161 primi
1047 2093 1195 2163 leges
1240 2095 1742 2162 transgrediuntur,
1778 2095 1897 2150 sine
1946 2094 2107 2149 venia

531 2182 850 2252 inﬂigutitur
882 2200 1053 2253 pmnae
1081 2203 1094 2239 :
1132 2187 1205 2241 ita
1234 2198 1292 2241 ut
1333 2188 1423 2241 alii
1469 2188 1748 2257 punitione
1776 2187 1898 2245 visa
1923 2198 2104 2243 trans-

530 2275 680 2343 gredi
710 2291 818 2329 non
848 2276 1105 2331 audeant.
1141 2278 1231 2333 Sic
1260 2279 1353 2348 qui
1384 2280 1532 2348 prius
1553 2280 1605 2333 in
1630 2278 1871 2335 Sabbato
1895 2280 2105 2349 lignum

529 2366 767 2436 collegit,
798 2367 865 2421 ab
897 2368 1043 2421 omni
1061 2369 1257 2439 populo
1279 2369 1549 2439 lapidatus
1572 2380 1676 2427 est.
1708 2372 1902 2427 Postea
1920 2380 2103 2426 autem

529 2458 715 2515 multis
752 2458 976 2514 Sabbati
1034 2461 1206 2531 legem
1274 2463 1805 2535 transgredientibus
1855 2466 2104 2536 longani-

531 2551 689 2605 miter
712 2550 833 2605 tulit
855 2550 1154 2621 legislator.
1183 2551 1273 2607 Sic
1296 2553 1433 2609 Cain
1463 2555 1557 2625 qui
1582 2556 1795 2625 primus
1825 2556 2099 2613 homicida

528 2642 655 2707 fult,
700 2644 1131 2700 inexorabilibus
1157 2646 1335 2715 poenis
1389 2647 1796 2715 circumfertur,
1848 2650 2101 2719 quamvis

526 2745 713 2805 postea
747 2738 905 2792 multi
937 2738 1222 2794 homicidae
1249 2754 1440 2809 pmnas
1462 2756 1573 2796 non
1602 2742 1789 2797 statim
1823 2742 2096 2798 dederint.

524 2826 824 2899 Oportebat
865 2844 994 2899 ergo
1022 2829 1319 2897 Adamum,
1361 2840 1585 2901 accepta
1608 2831 1727 2903 lege
1770 2843 1826 2887 et
1860 2834 1965 2888 hac
1991 2849 2100 2887 non

525 2935 780 2986 onerosa,
821 2920 1091 2992 siquidem
1138 2936 1206 2975 ex
1232 2922 1381 2977 omni
1437 2938 1635 2994 genere
1680 2923 1961 2980 fructuum
2003 2925 2099 2981 de-

524 3012 676 3066 derat
706 3012 1119 3078 abundantiam,
1155 3027 1263 3067 uno
1298 3013 1649 3070 solummodo
1685 3015 1968 3086 impedito,
1998 3032 2098 3087 pro

523 3105 725 3162 delicto
775 3104 843 3159 ad
880 3104 1168 3159 utilitatem
1202 3107 1420 3174 generis
1446 3107 1533 3161 sui
1574 3122 1765 3177 poenas
1822 3108 1977 3164 dare.
2038 3108 2097 3165 Si

524 3204 704 3249 autent
732 3195 902 3249 nimia
932 3195 1009 3248 ira
1045 3204 1376 3262 commotus,
1416 3206 1477 3251 ut
1508 3197 1651 3268 dixit
1677 3198 1921 3255 Marcion
1966 3201 2101 3255 abo-

522 3286 821 3350 minabilis,
858 3296 1084 3356 propter
1102 3300 1320 3356 parvam
1348 3290 1741 3346 comestionem
1770 3294 1962 3348 mortis
1990 3309 2099 3363 pa:-

2208 2084 2444 2155 πρώτοις
2472 2087 2871 2157 παραϐαίνουσι
2898 2090 3024 2152 τοὺς
3055 2088 3253 2157 νόμους
3279 2090 3401 2160 δίχα
3457 2090 3803 2162 συγγνώμης

2206 2176 2554 2247 ἐπιφέρονται
2585 2179 2641 2231 al
2662 2178 2950 2250 τιμωρίαι,
2976 2180 3119 2233 ὥστε
3160 2182 3288 2244 τοὺς
3315 2182 3512 2246 ἄλλους
3550 2186 3799 2254 ὁρῶντας

2205 2266 2302 2338 τὴν
2353 2268 2573 2322 κόλασιν
2605 2269 2680 2342 μὴ
2712 2271 3075 2342 παραϐαίνειν
3109 2289 3123 2303 ⁸
3173 2272 3348 2335 οὕτως
3376 2278 3405 2329 ὁ
3461 2276 3691 2346 πρῶτος
3738 2280 3800 2331 ἐν

2204 2357 2478 2430 Σαϐϐάτῳξ
2505 2360 2639 2427 ξύλα
2684 2360 2946 2429 συλλέξας
2979 2364 3084 2418 ὑπὸ
3114 2365 3315 2430 παντὸς
3347 2367 3442 2420 τοῦ
3496 2368 3637 2423 λαοῦ
3667 2387 3799 2423 κατ·

2204 2451 2453 2523 ελεύσθη⁸
2479 2454 2656 2526 χρόνῳ
2678 2456 2734 2509 δὲ
2756 2454 2984 2528 ὕστερον
3006 2458 3217 2512 πολλῶν
3240 2459 3333 2512 τὸν
3352 2462 3480 2531 περὶ
3498 2462 3793 2517 Σαϐϐάτου

2201 2542 2366 2613 νόμον
2419 2544 2914 2617 παραϐεϐηκότων,
2976 2548 3346 2620 μακροθύμως
3406 2552 3437 2603 6
3486 2552 3799 2624 νομοθέτης

2202 2635 2450 2706 ἤνεγκεν
2474 2636 2617 2691 οὕτω
2645 2638 2786 2695 Κάῖν
2814 2640 3033 2712 πρῶτος
3061 2640 3331 2710 φονεύσας
3357 2643 3692 2714 ἀνηκέστοις
3716 2662 3797 2697 τι·

2203 2726 2437 2797 μωρίαις
2474 2728 2887 2799 περιϐάλλεται,
2939 2731 3149 2786 πολλῶν
3180 2735 3387 2803 φονέων
3439 2735 3675 2808 ὓστερον
3725 2738 3790 2790 ού

2202 2820 2517 2891 παραυτίκα
2559 2822 2760 2877 δόντων
2818 2824 2919 2890 τὰς
2941 2827 3216 2899 τιμωρίας
3248 2842 3266 2857 ⁸
3304 2828 3412 2883 ἔδει
3451 2830 3639 2883 τοίνυν
3694 2832 3791 2884 καὶ

2200 2911 2290 2964 τὸν
2340 2912 2514 2985 ’Δδάμ
2543 2913 2837 2986 δεξάμενον
2856 2918 2948 2972 τὸν
2982 2920 3170 2989 νόμον,
3199 2921 3294 2972 καὶ
3323 2920 3485 2991 νόμον
3506 2922 3790 2990 κουφότα-

2199 3019 2291 3057 τον
2318 3003 2452 3076 (τῶν
2504 3008 2861 3063 παντοδαπῶν
2911 3010 3020 3081 γὰρ
3059 3012 3286 3082 καρπῶν
3325 3013 3474 3084 αύτῷ
3524 3014 3791 3068 ἐδεδώκει

2199 3096 2298 3165 τὴν
2336 3095 2618 3166 ἀφθονίαν,
2650 3098 2769 3163 ἑνὸς
2792 3099 2849 3152 δὲ
2897 3100 3061 3170 μόνου
3116 3103 3526 3174 ἀπηγορεύκει)
3550 3145 3564 3168 ,
3599 3105 3789 3160 δοῦναι

2198 3186 2355 3251 δίκας
2373 3187 2469 3240 τοῦ
2500 3190 2971 3261 πλημμελήματος
2996 3195 3077 3256 είς
3118 3193 3386 3265 ὠφέλειαν
3407 3196 3504 3249 τοῦ
3533 3197 3728 3264 γένους
3767 3216 3781 3227 ·

2201 3281 2248 3332 εί
2264 3279 2322 3333 δὲ
2340 3280 2669 3353 δυσόργητος
2688 3282 2786 3351 ὣν,
2808 3285 2884 3348 ὡς
2900 3287 2927 3339 ὁ
2942 3285 3260 3358 δυσώνυμος
3276 3288 3377 3359 ἔφη
3393 3290 3683 3361 Μαρκίων,
3696 3290 3791 3344 διὰ

522 3394 647 3434 nam
692 3378 895 3446 intulit,
926 3378 1205 3448 quomodo
1228 3382 1487 3436 omnibus
1544 3384 1864 3441 hominibus
1902 3386 1969 3439 ad
1993 3388 2095 3440 im-

2204 3371 2404 3442 βρῶσιν
2433 3346 2620 3444 ὀλίγην
2645 3377 2743 3447 τὴν
2763 3346 3120 3432 τοῦῗθανάτου
3162 3346 3447 3453 ’τιμωρίαν
3478 3346 3783 3453 ἐπήνεγκε,

519 3470 773 3543 pietatem
805 3480 859 3525 et
907 3470 1231 3541 injustitiam
1285 3472 1644 3541 irruentibus,
1699 3491 1810 3531 non
1870 3477 2095 3533 totalem

520 3566 883 3636 perditionem
917 3562 1189 3629 intulerit,
1215 3564 1310 3622 sed
1336 3580 1367 3621 e
1389 3574 1582 3622 contra
1604 3583 1763 3623 suum
1781 3568 1978 3626 Filium
2003 3571 2097 3625 de-

519 3657 679 3722 derit,
710 3666 763 3712 et
796 3672 890 3727 per
918 3658 1229 3726 passionem
1287 3655 1355 3710 ad
1402 3672 1621 3713 crucem
1656 3659 1886 3715 salutem
1926 3661 2097 3717 dona-

516 3749 673 3802 verit.
728 3748 966 3802 Evidens
1009 3756 1094 3802 est
1131 3756 1316 3802 autem
1366 3747 1473 3803 illis
1511 3748 1607 3818 qui
1664 3749 1722 3803 in
1776 3750 2093 3807 divinorum

515 3841 708 3894 notitia
737 3853 1026 3896 versantur
1050 3841 1187 3895 nihil
1226 3856 1297 3898 ex
1316 3842 1486 3896 animi
1516 3842 1885 3899 inconstantia
1913 3845 2095 3902 facere

516 3929 729 3987 Deum:
769 3932 885 3987 haec
916 3942 1000 3988 est
1044 3934 1190 3988 enim
1228 3935 1449 4005 proprie
1491 3935 1677 4003 passio
1728 3935 1948 3991 illorum
1997 3939 2092 4008 qui

515 4032 769 4088 naturam
818 4025 1134 4080 variabilem
1176 4026 1400 4093 habent,
1449 4041 1550 4080 nec
1594 4025 1843 4083 futurum
1886 4045 2093 4100 cogno-

512 4124 690 4169 scunt.
739 4113 882 4171 Deus
914 4126 1096 4170 autem
1136 4127 1190 4172 et
1222 4133 1345 4187 quae
1396 4132 1507 4174 non
1549 4128 1680 4173 sunt
1708 4120 1855 4175 sicut
1882 4132 1938 4176 et
1969 4139 2092 4192 quae

512 4206 654 4259 facta
683 4217 811 4260 sunt
836 4206 1003 4261 videt.
1031 4207 1219 4278 Itaque
1248 4209 1553 4279 praevidens
1581 4208 1725 4264 Deus
1741 4212 1886 4280 quod
1915 4210 2089 4269 Adam

510 4297 758 4351 mortalis
787 4296 943 4353 ﬁeret
998 4309 1219 4369 propter
1264 4301 1757 4371 transgressionem
1822 4305 2086 4373 mandati,

510 4388 601 4442 tali
644 4392 808 4444 modo
847 4390 994 4446 illius
1036 4401 1291 4446 naturam
1322 4394 1374 4447 iu
1399 4393 1707 4450 masculum
1737 4404 1792 4449 et
1824 4395 2085 4452 feminam

506 4480 852 4549 praeparavit.
928 4480 1249 4538 Mortalibus
1305 4484 1452 4539 enim
1507 4495 1563 4541 et
1622 4487 1976 4558 generatione
2018 4490 2084 4545 ad

506 4573 722 4641 generis
746 4574 832 4628 sui
864 4574 1210 4629 durationem
1250 4576 1648 4645 indigentibus,
1680 4580 1808 4636 talis
1841 4588 1927 4635 est
1956 4595 2085 4636 cor-

2200 3465 2318 3529 πῶς
2333 3467 2589 3521 ἁπάντων
2600 3468 2901 3539 ἀνθρώπων
2918 3473 2997 3535 είς
3016 3473 3272 3527 ἀσέϐειαν
3284 3475 3674 3540 ὲξοκειλάντων
3691 3479 3784 3531 καὶ

2199 3558 2572 3627 παρανομίαν,
2608 3559 2669 3612 ού
2723 3561 3101 3633 πανωλεθρίαν
3131 3564 3472 3632 ὲπήνεγκεν;
3511 3567 3651 3622 ἀλλὰ
3685 3571 3782 3621 καὶ

2197 3648 2287 3702 τὸν
2310 3650 2437 3703 Υίὺν
2468 3651 2637 3705 ἔδωκε
2672 3653 2767 3707 καὶ
2796 3654 2894 3726 τὴν
2930 3655 3019 3709 διὰ
3049 3656 3143 3711 τοῦ
3176 3658 3386 3723 πάθους
3414 3660 3506 3714 καὶ
3541 3662 3783 3732 σταυροῦ

2197 3740 2510 3811 ἐδωρήσατο
2537 3744 2810 3815 σωτηρίαν
2830 3761 2844 3776 ⁸
2892 3746 3067 3801 καίτοι
3099 3748 3260 3818 δῆλον
3292 3752 3400 3813 τοῖς
3430 3750 3501 3804 τὰ
3534 3752 3657 3805 θεῖα
3685 3769 3786 3805 πε-

2196 3834 2581 3905 παιδευμένοις
2610 3836 2685 3901 ὡς
2699 3838 2852 3891 οὐδὲν
2881 3840 2947 3892 ὲκ
2978 3840 3352 3911 μεταμελείας
3381 3846 3577 3898 ποιεῖό
3599 3844 3736 3910 Θεός
3761 3863 3781 3878 ⁸

2194 3923 2354 3977 τοῦτο
2392 3925 2499 3996 γὰρ
2533 3926 2664 3979 ἴδιον
2694 3927 2757 3981 τὸ
2796 3929 2965 3993 πάθος
2995 3930 3103 3984 τῶν
3131 3932 3374 4003 τρεπτὴν
3412 3933 3651 4003 ἐχόντων
3676 3936 3778 4006 τὴν

2196 4014 2379 4081 φύσιν,
2407 4014 2487 4069 ἔτι
2528 4016 2583 4069 δὲ
2612 4020 2705 4071 καὶ
2730 4018 2788 4071 τὸ
2848 4019 3043 4090 μέλλον
3073 4022 3411 4090 ἀγνοούντων
3442 4027 3501 4079 ’ὁ
3536 4025 3595 4077 δὲ
3644 4027 3781 4089 Θεὸς

2193 4106 2287 4159 καὶ
2316 4107 2385 4161 τὰ
2416 4110 2581 4179 μήπω
2621 4112 2964 4181 γεγενημένα
2997 4112 3073 4177 ὡς
3112 4113 3212 4185 ήδη
3245 4116 3589 4185 γεγενημένα
3626 4120 3733 4189 δρᾷ
3761 4137 3778 4150 ⁵

2193 4200 2272 4255 διὸ
2300 4200 2512 4256 καὶτὸν
2572 4203 2743 4273 Ἀδὰμ
2798 4206 3064 4275 προειδὼς
3108 4208 3189 4261 ὃτι
3241 4209 3434 4279 θνητὸς
3481 4212 3778 4282 γενήσεται

2190 4291 2287 4363 τὴν
2307 4293 2527 4366 ἐντολὴν
2550 4295 2829 4365 παραϐὰς,
2854 4302 3110 4370 τοιαύτην
3154 4299 3324 4354 αὐτοῦ
3349 4302 3446 4355 καὶ
3470 4301 3572 4373 τὴν
3606 4305 3775 4372 φύσιν

2190 4388 2270 4449 είς
2298 4386 2466 4458 ἄρρεν
2491 4387 2588 4441 καὶ
2618 4386 2749 4459 θῆλυ
2778 4391 3259 4460 προκατεσκεύασε
3292 4409 3305 4422 ⁸
3332 4394 3439 4446 τῶν
3472 4394 3584 4467 γὰρ
3638 4397 3773 4467 liv-q-

2189 4475 2297 4531 τῶν
2332 4477 2429 4531 καὶ
2451 4478 2794 4543 παιδοποιίας
2818 4480 3085 4551 δεομένων
3112 4485 3193 4547 είς
3211 4484 3309 4555 τὴν
3320 4483 3410 4538 τοῦ
3432 4486 3631 4555 γένους
3656 4489 3772 4542 δια-

2191 4570 2361 4641 μονὴν
2415 4571 2449 4638 ἡ
2507 4575 2730 4644 τοιαύτη
2789 4573 2899 4626 τῶν
2976 4575 3245 4645 σωμάτων
3326 4577 3618 4643 διάπλασις
3664 4597 3679 4611 ⁸
3738 4586 3771 4648 η

504 4676 697 4728 porum
724 4661 1032 4731 dispositio.
1066 4662 1400 4720 Immortalis
1428 4667 1571 4721 enim
1609 4678 1803 4723 natura
1847 4684 1961 4723 non
2001 4670 2085 4724 in-

2204 4662 2299 4733 γὰρ
2320 4662 2588 4726 ἀθάνατος
2630 4664 2793 4733 φύσις
2836 4664 2897 4718 ού
2941 4665 3111 4719 δεῖται
3155 4667 3249 4720 τοῦ
3294 4668 3519 4738 θήλεος·
3574 4672 3773 4725 τούτου

502 4753 650 4823 diget
696 4753 934 4809 femina:
980 4755 1145 4825 huius
1183 4772 1351 4812 causa
1378 4756 1604 4813 Creator
1630 4775 1926 4831 corporum
1963 4764 2088 4832 qui-

2204 4754 2352 4823 (άριν
2391 4754 2420 4806 6
2466 4754 2720 4824 Ποιητής,
2770 4754 2861 4807 τὸν
2908 4755 3008 4824 μὲν
3058 4756 3167 4810 τῶν
3212 4759 3481 4827 σωμάτων
3528 4762 3774 4833 ἀριθμὸν

501 4844 622 4896 dem
661 4861 951 4901 numerum
993 4847 1158 4902 simul
1219 4848 1511 4917 produxit,
1574 4853 1829 4910 mortalia
1895 4864 2083 4910 autem

503 4936 757 4991 animalia
794 4938 963 5005 bina;
1000 4946 1055 4994 et
1104 4951 1393 5010 postquam
1421 4942 1636 5014 singula
1665 4944 1901 5001 formata
1942 4948 2084 5010 sint,

500 5026 609 5082 illis
637 5029 1070 5085 benedictionem
1089 5033 1155 5087 ad
1192 5033 1662 5103 multiplicandum
1697 5037 1900 5093 intulit.

574 5119 699 5175 llaec
730 5138 860 5192 ergo
887 5124 1186 5201 praevidens
1215 5124 1380 5189 Deus,
1416 5141 1523 5181 non
1562 5130 1727 5184 modo
1762 5130 1818 5185 in
1856 5146 2074 5187 mascu-

500 5212 613 5266 luin
646 5224 700 5268 et
733 5213 993 5269 feminam
1043 5217 1321 5273 hominem
1347 5216 1497 5285 fecit,
1526 5218 1623 5274 sed
1646 5230 1699 5275 et
1739 5221 1807 5275 de
1838 5224 2073 5277 mandu-

2184 4845 2320 4914 ὁμοῦ
2344 4846 2655 4917 παρήγαγε,
2685 4847 2793 4900 τῶν
2817 4847 2876 4900 δὲ
2922 4847 3129 4919 θνητῶν
3159 4848 3313 4914 ζώων
3334 4852 3438 4905 ἀνα
3459 4853 3554 4906 δύο
3587 4871 3604 4884 ⁸
3646 4859 3773 4910 καθ’

2184 4936 2418 4990 ἕκαστον
2475 4935 3047 5009 δημιουργησάμενος,
3070 4940 3169 5011 τῆς
3210 4943 3380 5014 αὔξης
3432 4946 3621 5011 αὐτοῖς
3669 4949 3773 5021 τὴν

2186 5026 2439 5095 εὐλογίαν
2473 5028 2873 5100 προσήνεγκεν.

2255 5120 2636 5176 Ταῦτατοίνυν
2666 5124 2913 5198 προορῶν
2956 5126 2984 5179 6
3014 5127 3145 5193 Θεὸς
3169 5130 3230 5183 ού
3268 5129 3429 5199 μόνον
3464 5130 3548 5195 είς
3600 5132 3774 5204 ἄρσεν

2184 5214 2276 5266 καὶ
2304 5213 2438 5284 θῆλυ
2462 5216 2554 5268 τὸν
2584 5215 2873 5287 ἄνθρωπον
2893 5218 3205 5287 διέπλασεν,
3235 5222 3374 5275 ἀλλὰ
3395 5223 3491 5277 καὶ
3515 5224 3611 5278 τὸν
3638 5230 3772 5296 περὶ

490 5306 714 5361 catione
740 5306 910 5376 legem
944 5308 1053 5363 illis
1079 5310 1246 5364 dedit.
1285 5329 1302 5361 ι
1336 5310 1476 5368 Ecce
1497 5313 1669 5378 enim,
1712 5313 1909 5383 inquit,
1949 5316 2073 5370 dedi

2204 5305 2278 5375 ῖῆς
2292 5304 2548 5376 βρώσεως
2566 5310 2751 5367 αὐτοῖς
2766 5311 2929 5382 νόμον
2946 5311 3167 5370 ἔδωκεν.
3221 5332 3241 5367 ι
3274 5315 3405 5371 Ἰδοὺ
3422 5318 3559 5387 γὰρ,
3578 5321 3768 5388 φησὶν,

498 5398 653 5452 vobis
688 5414 907 5453 omnem
942 5399 1167 5455 herbam
1205 5401 1521 5459 ail‘erentem
1550 5420 1759 5470 semen,
1783 5414 1837 5460 et
1851 5416 2071 5468 caetera.

498 5498 559 5541 ut
586 5488 697 5543 sint
724 5489 877 5544 vobis
898 5490 949 5543 in
976 5507 1157 5546 escam
1190 5493 1233 5524 "
1257 5532 1271 5547 .
1304 5512 1322 5545 ι
1352 5494 1415 5548 Ει
1438 5495 1552 5550 haec
1572 5505 1700 5550 ante
1725 5496 2069 5553 mandatum.

2174 5399 2359 5455 ἔδωκα
2391 5400 2520 5470 ὑμῖν
2552 5403 2730 5457 πάντα
2788 5404 2982 5476 χόρτον
3014 5408 3284 5479 σπόριμον
3333 5411 3425 5462 καὶ
3454 5410 3585 5479 ἑξῆς
3638 5412 3773 5481 ὑμῖν

2170 5491 2386 5547 δέδωκα
2414 5493 2494 5556 είς
2517 5492 2721 5566 βρῶσιν
2741 5511 2756 5526 ⁸
2794 5514 2814 5549 ι
2848 5498 2941 5551 καὶ
2988 5497 3163 5551 ταῦτα
3192 5500 3300 5570 πρὸ
3347 5500 3448 5571 τῆς
3491 5503 3720 5571 ἐντολῆς
3750 5520 3767 5533 ⁸

496 5575 615 5632 Non
650 5594 778 5649 ergo
799 5578 873 5633 ita
906 5580 1065 5649 plena
1098 5591 1181 5637 est
1209 5582 1304 5638 ira:
1327 5583 1547 5653 punitio
1568 5625 1585 5651 ,
1633 5586 1725 5641 sed
1752 5597 1836 5641 est
1882 5592 2078 5644 modus

2204 5584 2440 5639 ὑτοίνυν
2484 5586 2653 5659 ὀργῆς
2701 5590 2737 5660 ἡ
2786 5590 3028 5661 τιμωρία
3067 5591 3183 5645 ἀλλ’
3226 5594 3512 5664 οἰκονομία
3573 5598 3769 5665 σοφίας

569 5755 610 5785 ⁸⁸
644 5754 814 5811 Levit.
853 5771 952 5823 xu,
987 5758 1039 5812 3.

1120 5760 1162 5789 ³⁵
1204 5757 1392 5813 Matth.
1424 5776 1473 5825 ν,
1496 5760 1583 5816 28.
1632 5761 1675 5793 "‘
1705 5760 1837 5817 ibid.
1861 5761 1950 5818 ‘29..
2035 5764 2075 5794 ²⁷
2106 5765 2305 5822 Genes.
2348 5781 2391 5829 ι,
2424 5765 2512 5821 29.
