3902 6212
170 305 306 368 1065

1115 303 1214 362 ΑΙ)
1253 299 1838 361 AMPHILOCHIUM
1863 294 2208 367 QUIESTIO
2243 294 2444 355 CCLV.

3295 275 3428 343 1066

170 422 342 491 μεστή
418 421 504 476 ῐνα
535 421 644 491 γὰρ
666 423 872 493 μισήσῃ
900 417 996 490 τὴν
1019 418 1294 490 ἁμαρτίαν
1322 417 1384 470 τὸ
1409 416 1519 470 τῶν
1541 414 1750 487 ἀνθρώ-

1863 413 2049 483 agendi
2108 410 2376 482 sapientia
2421 408 2640 478 plenus.
2711 403 2782 460 Ut
2826 402 2972 459 enim
3020 407 3304 472 peccatum
3334 413 3430 451 ex-

165 531 288 566 πων
332 518 488 581 γένος
523 513 600 576 ὡς
648 513 828 566 αἰτίαν
885 511 1113 565 Θανάτου
1157 508 1550 580 γεγενημένην,
1606 506 1746 578 μετὰ

166 604 271 672 τὴν
317 601 630 673 παράϐασιν
669 602 768 672 τῆς
809 602 1031 672 ἐντολῆς
1072 601 1323 671 ἐπιφέρει
1370 598 1465 653 τοῦ
1517 599 1746 653 Θανάτου

165 693 270 763 τὴν
295 692 475 764 ψῆφον
503 693 532 744 6
564 693 860 764 πάνσοφος,
896 692 1054 748 τοῦτο
1074 693 1175 763 μὲν
1200 693 1259 745 τὸ
1291 693 1420 764 περὶ
1445 692 1543 763 τὴν
1563 692 1747 762 ἁμαρ-

167 783 293 837 τίαν
319 783 708 854 μηχανώμενος
736 788 914 856 μῖσος,
949 781 1395 856 προευτρεπίζων
1415 784 1471 838 δέ
1499 785 1577 854 τῷ
1602 783 1748 853 γένει

169 877 274 946 τῆς
333 876 610 947 σωτηρίας
652 877 713 930 τὸ
761 878 1074 948 φάρμακον,
1118 877 1217 949 τὴν
1275 875 1371 931 τοῦ
1411 876 1749 944 Μονογενοῦς

171 965 588 1037 ἐνανθρώπησιν
613 981 628 996 ·
662 968 727 1020 δι’
751 963 819 1040 ἧς
841 969 973 1039 ἡμῖν
1005 970 1039 1039 ὴ
1085 969 1151 1021 ἐκ
1188 967 1402 1040 νεκρῶν
1453 967 1751 1030 ἀνάστασις

173 1061 272 1114 καὶ
295 1061 613 1131 ήὰθανασία
639 1061 1223 1132 διαπεπραγμάτευται
1251 1078 1267 1094 θ
1307 1061 1360 1114 τί
1407 1059 1463 1114 δὲ
1499 1059 1593 1113 καὶ⁵
1631 1060 1745 1113 ἀπ-

168 1153 302 1222 ηνὲς
329 1156 362 1223 ἡ
391 1154 663 1222 ἀπόφασις
679 1153 824 1224 ἐχει;
855 1152 962 1222 «Γῆ
987 1151 1057 1221 εἴ,
1074 1154 1168 1206 καὶ
1187 1153 1267 1216 είς
1292 1152 1396 1222 γῆν
1411 1151 1711 1225 ἀπελεύσῃ.
1727 1169 1744 1202 ι

186 1244 324 1297 Ἀπὸ
358 1243 463 1312 γῆς
520 1261 601 1310 σε,
634 1245 820 1314 φησὶν,
857 1246 938 1308 εἰς
987 1243 1197 1313 ἀμείνω
1221 1242 1402 1314 πολλῷ
1429 1241 1590 1311 φύσιν
1619 1257 1752 1312 μετ-

171 1336 447 1390 εσκεύασα
483 1353 496 1367 ·
551 1336 674 1390 ἐπεὶ
711 1336 770 1390 δὲ
823 1335 1054 1406 φυλάξαι
1103 1353 1205 1406 μου
1263 1333 1365 1406 τὴν
1401 1333 1623 1403 ἐντολὴν
1651 1331 1752 1386 οὐκ

165 1429 463 1500 ἠθέλησας,
518 1429 657 1500 πρὸς
693 1426 792 1500 τὴν
846 1426 1124 1500 προτέραν
1157 1424 1498 1494 ἐπανελεύσῃ
1539 1421 1703 1491 φύσιν
1733 1437 1748 1453 ·

169 1523 396 1574 ἀνθότου
419 1520 477 1572 δὲ
510 1520 605 1574 καὶ
631 1519 861 1590 σμικρὸν
878 1514 1020 1572 εἷναι
1043 1518 1194 1571 δοκεῖ
1223 1515 1285 1569 τὸ
1309 1515 1528 1586 ἁμάρτη
1539 1529 1650 1583 μα;
1693 1512 1751 1566 ⁸0

175 1614 279 1683 μὲν
337 1613 554 1666 πάντων
622 1612 793 1666 ἔδωκε
845 1611 944 1683 τὴν
989 1610 1266 1675 ἐξουσίαν,
1307 1607 1427 1670 ἐνὸς
1479 1606 1535 1660 δὲ
1587 1606 1751 1676 μόνου

169 1703 437 1776 ἀπεῖρξεν
472 1719 488 1733 ·
510 1705 539 1757 6
564 1702 620 1756 δὲ
648 1700 967 1756 καταλιπὼν
988 1700 1226 1765 ἅπαντα,
1250 1698 1439 1752 τοῦτον
1464 1695 1560 1750 καὶ
1588 1695 1752 1765 μόνον

1855 507 2197 560 horresceret
2256 501 2536 557 hominum
2612 510 2785 569 genus
2838 505 2900 550 ut
2959 507 3181 549 causam
3237 489 3431 544 mortis

1855 599 2079 665 factum,
2111 605 2235 668 post
2266 591 2760 666 transgressionem
2809 586 3054 644 mandati
3099 583 3294 639 mortis
3339 582 3434 636 de-

1856 700 2065 746 cretum
2101 689 2196 759 qui
2226 697 2311 743 est
2339 686 2566 742 omnino
2593 683 2835 754 sapiens,
2865 679 3067 745 intulit,
3109 685 3164 731 et
3181 676 3296 730 ,hoc
3315 674 3435 744 qui-

1857 782 1983 838 dem
2029 782 2214 836 odium
2247 779 2460 849 peccati
2500 775 2756 839 moliens,
2793 771 3110 828 hominibus
3133 775 3315 822 autem
3340 781 3432 826 sa-

1857 874 2087 929 lutarem
2133 871 2463 927 medicinam
2510 882 2846 940 praeparans,
2896 864 3124 929 scilicet,
3155 858 3433 930 Unigeniti

1857 967 1942 1023 sui
2001 965 2454 1028 incarnationem,
2518 976 2614 1032 per
2645 975 2810 1031 quam
2874 956 3034 1012 nobis
3095 969 3163 1008 ex
3203 951 3435 1007 mortuis

1856 1058 2190 1116 resurrectio
2237 1065 2292 1112 et
2318 1054 2706 1110 immortalitas
2763 1058 3042 1121 cperatur.
3077 1045 3220 1113 Quid
3253 1055 3434 1099 autem

1857 1151 2076 1210 crudele
2100 1149 2263 1204 habet
2287 1147 2394 1202 hoc
2409 1142 2756 1200 deeretum‘h
2784 1140 2952 1196 Terra
2980 1155 3058 1204 cs,
3085 1146 3140 1192 et
3158 1138 3212 1190 in
3238 1145 3436 1190 terram

1859 1242 2150 1299 reverteris
2180 1240 2224 1272 ¹⁸
2255 1258 2276 1292 ι
2311 1253 2343 1294 e
2364 1246 2510 1292 terra
2535 1246 2609 1299 te,
2629 1235 2830 1304 inquit,
2861 1233 2926 1287 ad
2957 1231 3132 1284 multo
3153 1227 3437 1282 meliorem

1859 1343 2112 1390 naturam
2141 1328 2467 1401 praeparavi,
2501 1327 2630 1397 quia
2670 1334 2852 1380 autem
2880 1338 2992 1378 non
3035 1319 3258 1375 voluisti
3283 1334 3439 1373 man-

1858 1428 2044 1482 datum
2069 1438 2252 1478 meum
2290 1436 2530 1486 servare,
2588 1418 2655 1474 ad
2687 1417 2919 1488 primam
2963 1423 3217 1467 naturam
3256 1425 3441 1466 rever-

1860 1515 2012 1581 teris,
2046 1527 2216 1583 quare
2242 1519 2423 1566 autem
2467 1521 2697 1579 parvum
2747 1518 2868 1559 esse
2925 1501 3182 1557 videatur
3240 1511 3436 1568 pecca-

1859 1610 2014 1666 tum?
2055 1606 2148 1662 llle
2201 1605 2422 1676 quidem
2471 1601 2717 1656 omnium
2745 1597 2897 1652 dedit
2943 1593 3280 1666 potentiam,
3330 1603 3442 1644 uno

1861 1698 2206 1756 solummodo
2246 1693 2528 1751 interdixit
2554 1711 2568 1760 ;
2603 1692 2694 1746 hic
2725 1698 2907 1744 autem
2929 1687 3189 1742 omnibus
3212 1683 3443 1746 relictis,

173 1794 270 1845 καὶ
293 1772 511 1864 πρῶτον
545 1793 814 1864 ἐτρύγησε
844 1793 935 1846 τὸν
968 1792 1180 1863 καρπόν
1209 1807 1225 1821 ·
1255 1789 1416 1844 τοῦτο
1443 1789 1554 1859 γὰρ
1612 1784 1758 1856 αὐτῷ

1863 1793 2016 1848 illum
2054 1802 2109 1846 et
2143 1791 2318 1845 solum
2360 1797 2416 1844 et
2442 1787 2690 1857 primum
2716 1781 2923 1851 carpsit
2977 1779 3239 1833 fructum.
3281 1793 3299 1826 ι
3331 1772 3444 1828 Hoc

178 1885 274 1938 καὶ
301 1887 330 1938 6
354 1886 632 1955 Δεσπότης
658 1885 966 1956 ἐμέμψατο.
985 1885 1080 1948 Τίς
1100 1887 1230 1956 γὰρ,
1257 1882 1443 1952 φησὶν,
1466 1877 1759 1951 ἅνήγγειλέ

180 1993 265 2028 σοι
281 1977 363 2030 ὅτι
384 1977 589 2046 γυμνὸς
611 1972 680 2041 el,
705 1977 762 2028 εἰ
786 1976 860 2047 μὴ
884 1976 993 2030 ἀπὸ
1016 1976 1110 2029 τοῦ
1144 1975 1301 2040 ξύλου
1319 1964 1379 2026 οὗ
1399 1970 1759 2040 ἐνετειλάμην

173 2084 260 2121 σοι
283 2067 472 2121 τούτου
497 2068 658 2139 μόνον
694 2067 769 2140 μὴ
801 2071 1028 2137 φαγεῖν,
1057 2069 1150 2122 ἀπ’
1174 2065 1341 2120 αὐτοῧ
1377 2063 1620 2134 ἐφαγες;
1655 2063 1745 2117 δε-

174 2159 389 2229 δήλωκε
415 2159 472 2213 δὲ
507 2160 601 2213 καὶ
649 2161 680 2214 6
709 2161 960 2224 διάϐολος
1022 2162 1097 2231 μὴ
1154 2160 1350 2227 φαγεῖν
1401 2155 1602 2218 αὐτοὺς
1651 2154 1759 2208 ἀπό

169 2267 318 2314 τινος
344 2250 504 2304 ἄλλου
533 2249 712 2316 ξύλου.
743 2250 822 2309 At,’
857 2245 932 2307 ὧν
961 2250 1065 2321 ἔφη
1103 2252 1170 2320 τῇ
1206 2248 1320 2320 Εὐᾳ
1345 2265 1356 2277 ο
1389 2249 1455 2301 Τί
1490 2248 1573 2302 ὅτι
1605 2240 1759 2314 εἶπεν

171 2347 200 2398 ὁ
231 2343 388 2407 Θεὸς,
412 2343 486 2396 Οὐ
525 2343 599 2414 μὴ
638 2343 850 2414 φάγητε
880 2343 988 2396 ἀπὸ
1017 2343 1222 2405 παντὸς
1250 2341 1412 2406 ξύλου
1439 2340 1536 2394 τοῦ
1574 2341 1632 2393 ἐν
1650 2355 1758 2392 πα-

175 2432 442 2504 ραδείσῳ;
479 2435 527 2487 εἰ
554 2435 662 2502 γὰρ
686 2429 829 2487 οἶδεν
855 2433 1198 2504 ἐδηδοκότας,
1220 2432 1320 2485 οὐκ
1348 2431 1414 2485 ἂν
1440 2430 1596 2501 ᾠήθη
1625 2429 1756 2500 περὶ

169 2525 392 2579 πάντων
420 2527 617 2589 αὐτοὺς
640 2524 748 2578 τῶν
769 2524 1001 2596 δένδρων
1036 2524 1316 2594 εἰληφέναι
1343 2523 1444 2593 τὴν
1472 2521 1696 2591 ἐντολήν
1740 2536 1754 2553 ο

170 2619 235 2670 οὐ
269 2618 440 2690 μικρὰ
470 2619 648 2672 τοίνυν
698 2619 730 2689 ἡ
767 2617 1080 2689 παράϐασις
1113 2631 1128 2646 ·
1178 2615 1398 2687 πρώτου
1459 2613 1570 2682 γὰρ
1627 2629 1758 2683 μετ-

173 2707 390 2774 έλαϐον,
421 2702 483 2763 οὐ
514 2709 677 2779 μόνου
717 2709 792 2780 μὴ
815 2711 1106 2780 μετασχεῖν
1141 2707 1564 2778 ἐκελεύσθησαν.

701 2926 1036 2980 ΕΡΩΤΗΣΙΣ
1069 2927 1156 2979 ΣΝ
1162 2924 1235 2980 Ε’.

377 3021 546 3086 Τίνας
589 3019 760 3085 υἱοὺς
803 3020 953 3074 Θεοῦ
986 3020 1247 3087 κέκληκε
1273 3019 1577 3087 Μωϋσῆς;

1863 1885 2006 1940 enim
2041 1882 2116 1936 illi
2165 1879 2424 1935 Dominus
2451 1876 2822 1947 exprobravit.
2879 1871 3014 1938 Quis
3039 1869 3208 1932 enim,
3243 1866 3442 1933 inquit,

1863 1973 2124 2030 indicavit
2149 1971 2247 2027 tibi
2285 1969 2430 2040 quod
2463 1967 2640 2022 nudus
2667 1979 2842 2029 esses,
2891 1962 2998 2016 nisi
3028 1959 3173 2030 quod
3193 1974 3258 2013 ex
3297 1957 3445 2025 ligno

1861 2068 1928 2123 de
1948 2081 2057 2136 quo
2076 2076 2440 2134 praeceperam
2470 2058 2566 2114 tibi
2585 2073 2652 2112 ne
2673 2055 2989 2112 comederes
3014 2047 3304 2107 comedisti
3332 2045 3440 2099 "1’9

1861 2157 2258 2215 demonstravit
2312 2161 2497 2207 autem
2537 2159 2592 2205 et
2641 2147 2897 2203 diabolus
2937 2145 3061 2198 illos
3108 2157 3216 2196 non
3265 2152 3446 2193 come-

1861 2253 2007 2308 disse
2033 2251 2102 2305 ab
2131 2249 2237 2303 alio
2273 2246 2515 2317 quodam
2543 2243 2713 2313 ligno.
2768 2240 2959 2309 Itaque
2985 2236 3117 2290 dicit
3150 2234 3274 2288 Eva:
3298 2231 3449 2293 :-Cur

1860 2345 2112 2417 praecepit
2134 2341 2292 2395 vobis
2342 2337 2487 2392 Deus
2540 2345 2731 2390 utnon
2781 2328 3147 2390 comederetis
3198 2327 3268 2380 de
3298 2323 3448 2378 omni

1861 2438 2007 2509 ligno
2062 2432 2346 2506 paradisi?
2381 2429 2438 2484 Si
2479 2429 2633 2484 enim
2665 2427 2788 2481 illos
2815 2422 3130 2479 comedisse
3173 2419 3447 2483 scivisset,

1862 2547 1969 2585 non
1999 2535 2244 2598 putasset
2267 2524 2335 2580 de
2367 2523 2629 2578 omnibus
2649 2518 2942 2573 arboribus
2971 2515 3097 2568 illos
3128 2510 3449 2566 mandatum

1860 2622 2159 2692 accepisse.
2186 2617 2306 2672 Non
2334 2625 2600 2686 estparva
2618 2627 2748 2681 ergo
2771 2607 3140 2677 transgressio
3163 2623 3176 2658 :
3209 2603 3450 2674 primum

1860 2716 2005 2772 enim
2043 2710 2411 2784 apprehendit
2437 2722 2600 2778 quem
2632 2705 2808 2760 solum
2839 2717 2948 2756 non
2975 2701 3242 2769 attingere
3263 2697 3453 2765 jussus

1862 2807 2059 2862 fuerat.

1858 2919 2187 2991 QUIESTIO
2241 2915 2419 2972 ccev
2470 2913 2654 2987 [CoisL
2703 2908 2901 2973 cccv,
2943 2909 3104 2961 Taur.
3154 2901 3451 2975 ccxcuvL

2001 3013 2274 3080 Quasnam
2323 3010 2463 3080 ﬁlios
2510 3007 2603 3061 Dei
2645 3003 2906 3059 vocaverit
2939 3001 3144 3070 Moyses
3175 2997 3311 3068 (52).

819 3154 960 3203 Edita
990 3168 1018 3202 a
1045 3153 1171 3202 Maio
1197 3155 1254 3218 (1.
1281 3167 1323 3203 c.
1350 3168 1397 3217 p.
1435 3154 1544 3215 125,
1565 3169 1615 3217 q.
1651 3155 1758 3218 251]

1863 3153 1964 3203 ιΒθ
1989 3152 2102 3200 (illis
2137 3151 2231 3200 Dei
2259 3150 2311 3198 in
2343 3149 2486 3197 textu
2513 3144 2640 3194 Gen.
2665 3155 2729 3200 VI,
2756 3138 2803 3186 2.

248 3239 312 3293 Οί
348 3238 447 3308 μὲν
499 3238 624 3302 τοὺς
669 3239 933 3308 ἀγγέλους
966 3241 1386 3310 ὑπονοήσαντες,
1447 3243 1750 3312 μαίνονται·

1927 3238 2032 3305 Qui
2057 3236 2276 3308 quidem
2307 3233 2528 3303 angelos
2555 3243 2678 3285 esse
2724 3223 2968 3280 sentiunt
2991 3220 3222 3289 turpiter
3245 3226 3454 3280 errant,

174 3332 326 3393 υἱοὺς
346 3331 402 3383 δέ
432 3331 667 3404 κέκληκε
696 3331 783 3384 θῦν
807 3332 900 3385 τοῦ
931 3333 1066 3384 Θεοῦ
1087 3335 1214 3397 τοὺς
1240 3335 1304 3387 ἐκ
1327 3333 1422 3388 τοῦ
1464 3335 1572 3407 Σὴθ
1627 3353 1769 3390 κατ-

174 3423 511 3492 αγομένους·
539 3423 770 3477 εἰποῦσα
804 3424 912 3496 γάρ
945 3427 979 3496 ή
1006 3425 1197 3498 Γραφὴ
1219 3427 1367 3492 ὅπως
1395 3430 1458 3481 ἐκ
1482 3428 1573 3482 τοῦ
1600 3429 1707 3500 Σὴθ
1739 3431 1768 3482 6

161 3549 164 3552 -
189 3515 360 3580 Ἐνὼς
387 3517 670 3589 ἐγεννήθη,
699 3519 1060 3589 προσέθηκε-’.ν’
1092 3514 1289 3583 «Οὗτος
1317 3520 1546 3590 ἣλπισεν
1571 3523 1768 3575 ἐπικα-

179 3607 394 3661 λεῖσθαι
410 3609 470 3661 τὸ
492 3609 661 3679 ὄνομα
684 3611 891 3679 Κυρίου
909 3610 1003 3663 τοῦ
1029 3611 1184 3664 Θεοῦ·
1201 3631 1219 3663 ι
1247 3614 1274 3664 ὁ
1290 3612 1346 3664 δὲ
1363 3611 1592 3674 Ἀκύλας
1611 3613 1764 3682 φησί’

182 3696 330 3752 Τότε
371 3697 600 3766 ἤρξατο
655 3698 869 3753 καλεῖν
915 3699 985 3752 ἐν
1022 3700 1269 3769 ὀνόματι
1296 3701 1570 3769 Κυρίουοι
1599 3702 1769 3754 αἰνίτ-

175 3790 414 3843 τεταιδέ
473 3791 548 3854 ὼς
595 3789 684 3844 διὰ
731 3793 832 3859 τὴν
889 3791 1173 3846 εὐσέϐειαν
1219 3787 1376 3856 οὗτος
1417 3792 1634 3864 πρῶτος
1666 3792 1769 3862 τῆς

176 3883 333 3947 θείας
368 3883 738 3954 προσηγορίας
770 3883 1036 3955 τετύχηκε
1071 3885 1166 3939 καὶ
1215 3885 1321 3939 ὑπὸ
1351 3885 1462 3938 τῶν
1492 3883 1769 3954 συγγενῶν

177 3971 474 4042 ὠνομάσθη
528 3971 681 4034 Θεός·
736 3971 858 4025 ὅθεν
907 3974 957 4025 οἱ
1010 3974 1076 4026 ἐκ
1135 3975 1326 4028 τούτου
1388 3974 1605 4043 φύντες,
1665 3976 1770 4028 υἱοὶ

178 4062 320 4116 Θεοῦ
364 4063 749 4132 ἐχρημάτιζονο
778 4063 858 4117 διὸ
890 4067 985 4118 καὶ
1021 4068 1049 4120 6
1081 4065 1284 4138 Κύριος
1315 4067 1406 4120 διὰ
1428 4066 1524 4120 τοῦ
1556 4070 1772 4139 προφή-

177 4168 280 4206 του
328 4152 511 4206 Δαϐίδο
554 4172 574 4205 ι
608 4153 761 4222 ,Ἐγὼ
791 4150 920 4208 εἶπα
951 4173 966 4187 ο
996 4157 1120 4210 Θεοί
1149 4158 1276 4210 ἐστε
1314 4159 1410 4212 καὶ
1469 4160 1575 4213 υἱοὶ
1614 4158 1771 4229 Ὑψί-

182 4260 311 4297 στου
329 4245 548 4308 πάντες·
571 4265 590 4297 ›
613 4246 757 4310 καὶ,‹
780 4246 838 4300 Ὀ
853 4247 986 4311 Θεὸς
1003 4247 1130 4318 ἐστη
1144 4249 1202 4301 ἐν
1225 4252 1515 4319 συναγωγῇ
1536 4248 1694 4302 θεῶν·
1714 4250 1774 4302 ἐν

183 4335 336 4404 μέσῳ
377 4336 434 4389 δὲ
458 4337 614 4401 θεοὺς
650 4339 935 4406 διακρινεῖ·
977 4360 996 4392 ι
1042 4339 1184 4394 οὕτω
1233 4341 1290 4394 δὲ
1342 4340 1603 4411 ὀνομάζει
1645 4341 1774 4405 τοὺς

1871 3331 2012 3386 ﬁlios
2037 3337 2220 3383 autem
2254 3325 2468 3381 vocavit
2500 3322 2594 3378 Dei
2628 3321 2750 3376 illos
2787 3319 2882 3388 qui
2913 3332 2979 3371 ex
3012 3314 3146 3369 Seth
3177 3314 3280 3367 orti
3305 3319 3454 3367 sunt.

1869 3423 2067 3477 Dicens
2096 3420 2242 3475 enim
2293 3417 2577 3487 Scriptura
2625 3427 2782 3468 sacra
2814 3409 2960 3479 quod
3011 3423 3077 3461 ex
3109 3405 3237 3459 Seth
3270 3403 3455 3458 Enoch

1870 3525 2031 3570 natus
2063 3521 2169 3574 est,
2210 3510 2408 3581 adjecit
2438 3525 2453 3562 :
2505 3526 2525 3559 ι
2564 3506 2674 3561 Iste
2707 3503 2934 3559 conlidit
2968 3501 3222 3555 invocare
3261 3511 3458 3550 nomen

1872 3603 2088 3658 Domini
2122 3602 2307 3656 Dei“.
2346 3619 2364 3651 ι
2415 3598 2612 3668 Aquila
2667 3603 2850 3649 autem
2894 3592 3026 3646 dicit
3059 3607 3071 3642 :
3108 3587 3255 3641 Tunc
3307 3585 3459 3654 coepit

1870 3699 2113 3751 invocare
2140 3709 2326 3747 nomen
2372 3691 2625 3752 Domini;
2658 3686 2900 3743 ostendit
2946 3692 3124 3737 autem
3176 3678 3322 3749 quod
3366 3692 3459 3746 per

1869 3790 2127 3862 pietatem
2147 3789 2252 3842 iste
2278 3785 2486 3856 primus
2507 3782 2749 3836 divinam
2775 3777 3195 3848 appellationem
3221 3773 3463 3827 obtinuit

1869 3861 1924 3936 et
1969 3896 2000 3934 a
2031 3877 2349 3949 parentibus
2395 3874 2542 3929 Deus
2571 3871 2994 3942 cognominatus
3023 3878 3128 3920 est.
3173 3863 3329 3918 Unde
3367 3861 3462 3931 qui

1871 3989 1937 4027 ex
1968 3972 2073 4035 .illo
2119 3970 2233 4025 nati
2282 3976 2450 4030 sunt,
2504 3964 2598 4019 lilii
2641 3963 2733 4018 Dei
2785 3960 3232 4015 nominabantur.
3278 3954 3464 4023 Itaque

1875 4065 2138 4119 Dominus
2193 4076 2284 4131 per
2317 4057 2636 4128 prophetam
2680 4051 2849 4106 David
2875 4050 3007 4105 dicit
3037 4066 3051 4102 :
3088 4066 3105 4098 ι
3141 4045 3254 4115 Ego
3299 4041 3413 4096 dixi
3445 4059 3459 4095 :

1875 4157 1957 4211 Dii
1990 4155 2123 4212 estis
2171 4161 2226 4208 et
2281 4151 2378 4206 lilii
2423 4148 2635 4203 Excelsi
2686 4159 2880 4198 omnes
2927 4143 2993 4194 ".
3022 4158 3042 4192 ι
3096 4137 3206 4191 Et:
3241 4155 3260 4187 ι
3319 4135 3462 4188 Deus

1873 4249 2024 4305 stetit
2056 4247 2112 4301 in
2141 4243 2374 4301 concilio
2407 4240 2636 4296 deorum
2669 4239 2736 4289 “.
2787 4235 2846 4289 In
2880 4232 3060 4288 medio
3105 4238 3286 4283 autem
3328 4227 3461 4282 deos

1871 4339 2098 4411 judicat.
2143 4354 2163 4387 σ
2198 4335 2290 4391 Sic
2339 4332 2586 4388 nominat
2617 4329 2742 4384 illos
2783 4327 2874 4396 qui
2923 4326 3210 4393 imperant.
3247 4317 3459 4373 Etenim

181 4427 473 4497 ἄρχοντας·
499 4430 597 4482 καὶ
616 4432 723 4500 γὰρ
743 4432 959 4500 ἐπάγει·
984 4455 1003 4485 ι
1016 4433 1162 4496 Ἕως
1180 4432 1312 4486 πότε
1329 4433 1543 4505 κρίνετε
1560 4433 1758 4486 ἀδικίαι

1875 4430 2107 4498 adjicit:
2141 4445 2162 4479 ε
2204 4425 2500 4494 Usquequo
2553 4419 2809 4491 iudicatis
2856 4415 3180 4485 injustitiam
3238 4423 3293 4464 et
3337 4418 3464 4479 per-

181 4521 280 4573 καὶ
366 4523 637 4591 πρόσωπα
674 4525 1017 4594 ἁμαρτωλῶν
1054 4525 1441 4595 λαμϐάνετες»
1475 4527 1571 4579 καὶ
1621 4524 1771 4594 ἑξῆς·

1877 4539 2043 4579 sonas
2083 4529 2431 4593 peccatorum
2463 4515 2684 4571 sumitis
2699 4512 2782 4564 ’3?
2817 4530 2836 4562 ι
2871 4521 2924 4565 et
2947 4518 3168 4564 caetera.
3201 4504 3264 4559 Et
3290 4505 3371 4559 sic
3408 4501 3462 4555 in
3550 4573 3551 4576 η

183 4614 280 4666 καὶ
309 4614 576 4684 πολλαχοῦ
624 4616 721 4687 τῆς
764 4617 986 4688 Γραφῆς
1013 4618 1268 4688 εὑρήσεις
1317 4617 1472 4679 θεοὺς
1498 4619 1624 4681 τοὺς
1652 4619 1758 4671 δια-

1873 4618 2060 4672 multis
2106 4614 2404 4682 Scriptum
2448 4608 2580 4664 locis
2628 4606 2872 4660 invenies
2919 4603 3051 4656 deos
3105 4598 3291 4653 vocari
3343 4597 3464 4650 illos

181 4703 452 4772 φέροντας
479 4678 589 4757 τῶν
630 4678 841 4759 πολλῶν
877 4678 1179 4780 ἀνθρώπων
1229 4678 1686 4778 ὀνομαζομένους·
1717 4709 1758 4761 οΙ

1864 4721 2058 4762 omnes
2096 4704 2190 4774 qui
2231 4678 2301 4756 ab
2330 4701 2454 4754 aliis
2499 4695 2822 4752 hominibus
2879 4691 3310 4758 distinguuntur.
3358 4678 3463 4750 Qui

183 4792 364 4846 τοίνυν
410 4793 502 4846 τοῦ
531 4796 637 4864 Σὴθ
667 4797 923 4864 ἀπόγονοι
945 4798 1056 4850 εἴτε
1093 4799 1159 4850 ἐκ
1204 4796 1298 4850 τοῦ
1328 4776 1522 4862 ἸἙνὼς,
1549 4799 1608 4861 ὃς
1634 4799 1758 4862 Θεὸς

1865 4813 1995 4869 ergo
2015 4813 2082 4852 ex
2099 4797 2230 4851 Seth
2251 4793 2359 4850 orti
2385 4799 2516 4847 sunt
2533 4790 2652 4845 sive
2667 4803 2730 4841 ex
2750 4785 2959 4848 Enoclt,
2981 4783 3074 4852 qui
3098 4779 3243 4833 Deus
3256 4776 3465 4847 primus

183 4885 463 4955 ἐπεκλήθη
494 4887 728 4958 πρῶτος,
747 4889 1034 4958 ἐκφύντες,
1061 4890 1174 4942 εἴτε
1195 4889 1382 4954 ἁπλῶς
1404 4890 1478 4954 ὡς
1509 4890 1758 4962 εὐσεϐείᾳ

1873 4896 2123 4949 vocatur,
2159 4883 2271 4939 nati
2306 4884 2438 4948 sint,
2470 4881 2587 4935 sive
2631 4873 2985 4933 solummodo
3013 4871 3217 4941 pietate
3262 4882 3294 4920 a
3340 4863 3465 4918 liliis

1895 4980 1908 4986 ‘
1953 4979 1963 4986 '
2053 4974 2136 4986 ··¹·¹·
2268 4985 2274 4986 γ
2433 4970 2524 4986 tu"
2576 4968 2664 4986 nr!
2715 4965 3053 4986 --μ.-»-ι----.....
3129 4970 3178 4986 η.
3225 4973 3332 4986 “nn
3363 4955 3465 4986 .“L

181 4976 292 5028 τῶν
323 4976 388 5028 ἐκ
416 4976 510 5029 τοῦ
563 4979 706 5032 Κάῖν
750 4980 1053 5049 τεχθέντων
1080 4979 1453 5052 διαφέροντες,
1497 4981 1603 5033 υἱοὶ
1631 4955 1758 5034 Θεού

1869 4979 2006 5032 Cain
2035 4974 2370 5038 dilferentes,
2429 4970 2528 5024 lilii
2573 4968 2670 5023 Dei
2714 4965 3088 5026 vocabantur,
3127 4970 3182 5014 et
3224 4973 3334 5012 non
3363 4955 3467 5009 mi-

1973 5071 1983 5080 '
2089 5078 2095 5080 ‘
2407 5064 2480 5080 ""
2735 5076 2790 5080 Α-
2841 5056 2973 5080 [ῖυιη
3045 5051 3436 5080 ,1....ηιηη1ιιὶηηη

181 5065 495 5132 ἐκαλοῦντο,
519 5069 615 5120 καὶ
635 5071 737 5122 οὐκ
766 5069 1059 5140 ἐμίγνυντο
1077 5072 1188 5132 τοῖς
1211 5071 1276 5123 ἐκ
1291 5069 1386 5122 τοῦ
1409 5071 1550 5124 Κάῖν
1568 5070 1656 5124 διὰ
1677 5071 1758 5142 rip

1875 5071 2172 5126 scebantur
2216 5082 2341 5122 cum
2407 5064 2516 5118 illis
2567 5061 2661 5132 qui
2728 5076 2796 5114 ex
2840 5056 2975 5112 Cain
3042 5051 3463 5110 descendebant,

181 5158 567 5229 ἐπενεχθεῖσαν
592 5162 742 5232 αὐτῷ
792 5163 945 5233 παρὰ
985 5162 1078 5215 τοῦ
1113 5162 1250 5215 Θεοῦ
1275 5162 1387 5216 τῶν
1416 5163 1552 5216 ὅλων
1606 5163 1758 5235 ἀράνί

1874 5170 2096 5231 propter
2128 5157 2565 5214 maledictionem
2617 5160 2808 5208 contra
2841 5149 2996 5204 illum
3030 5162 3061 5200 a
3095 5146 3201 5198 Deo
3235 5143 3459 5196 illatam.

180 5252 441 5354 χρόνω.δέ
475 5231 722 5322 ὕστερον
755 5231 982 5318 εὐειδεῖς
1046 5254 1377 5326 θεασάμενοι
1429 5255 1528 5319 τὰς
1574 5231 1758 5325 ἐκντῆς

1875 5247 2163 5318 Temporis
2193 5256 2377 5300 autem
2421 5245 2691 5307 decursu,
2747 5238 3002 5309 pulchras
3043 5236 3288 5290 videntes
3328 5231 3466 5286 tilias

1875 5342 1909 5354 η
1951 5341 1963 5352 ο
2073 5352 2079 5354 Α
2211 5339 2264 5354 ..ο
2434 5337 2547 5354 τιξςξ
2583 5332 2964 5354 2..-._-_._....--.'...
2993 5329 3060 5354 ΑΙ..
3088 5327 3194 5354 ιιιει.
3230 5325 3459 5354 ἔπι-ιιι..Ιί-

169 5341 279 5449 τοῦ
303 5343 445 5449 ἰςάῖν
469 5345 788 5412 συγγενείας
816 5344 1143 5416 θυγατέρας,
1168 5325 1262 5400 καὶ
1283 5345 1758 5414 καταθελχθέντες,

1870 5341 2005 5397 Cain
2035 5352 2087 5396 et
2111 5339 2300 5394 multis
2326 5337 2556 5392 musicis
2582 5332 2968 5390 instrumentis
2991 5329 3062 5382 ab
3088 5327 3198 5382 illis
3230 5325 3463 5380 inventis

1889 5436 1899 5449 .
1941 5434 1970 5449 ιι
2141 5433 2159 5449 π
2204 5433 2226 5449 l,
2274 5433 2284 5449 I
2338 5447 2349 5449 _
2377 5432 2410 5449 es
2447 5447 2463 5449 ,
2526 5445 2580 5449 μ.
2621 5427 2724 5449 τηε..
2761 5436 2911 5449 ..-μη
2959 5421 3273 5449 ..ηηιιιη-ζιηη
3303 5427 3354 5449 οε
3386 5417 3463 5449 ης-

181 5434 260 5498 ὡς
312 5435 481 5502 εἰκὸς,
521 5438 635 5500 τοῖς
690 5437 832 5507 παρ’
882 5438 1062 5492 αὐτῶν
1115 5438 1446 5508 ἐπινοηθεῖσι
1489 5439 1758 5507 μουσικοῖς

1869 5434 2100 5502 deliniti,
2132 5433 2289 5489 Jobal
2327 5432 2470 5486 enim
2518 5445 2582 5483 ex
2620 5427 2726 5481 illis
2757 5436 2914 5480 ortus
2959 5421 3275 5492 psalterium
3302 5427 3358 5472 et
3385 5417 3464 5471 ci-

258 5549 281 5582 ³
314 5550 452 5606 Gen.
476 5567 562 5618 nt,
608 5551 695 5606 19.
785 5554 826 5585 ³⁸
856 5554 989 5610 ibid.
1027 5555 1115 5611 11.
1207 5556 1252 5587 ’⁸
1291 5554 1494 5609 Genes.
1524 5571 1599 5617 ιν,
1629 5554 1718 5608 ‘24.
1795 5552 1838 5582 “
1874 5551 2017 5606 Psal.
2049 5565 2248 5615 LXXXI,
2300 5547 2354 5603 6.
2430 5547 2476 5579 “
2511 5544 2659 5600 Psal.
2687 5557 2779 5609 cx,
2809 5541 2861 5594 1.
2939 5539 2984 5571 ⁸³
3009 5537 3158 5593 Psal.
3187 5546 3377 5598 uxxr,
3401 5531 3456 5584 2-

263 5759 380 5832 (52)
413 5762 492 5816 Ex
519 5759 866 5817 Tlteodot'eto
899 5770 1093 5832 quaest.
1142 5762 1208 5817 47
1249 5763 1302 5818 in
1341 5763 1536 5818 Cenes.
1583 5779 1636 5832 υ.
1680 5666 1944 5830 .
