3902 6212
507 222 529 285 1
540 224 638 287 ΟϋἾ

1598 233 1859 295 ΡΗΟΤΙΙ
1889 233 2391 296 ΡΑΤΒΙΑΒΟΗΑΞ
2420 232 2527 292 CP.

3614 216 3754 279 1068

500 340 711 395 tbaram
745 341 970 411 invenit,
990 353 1044 400 et
1088 354 1417 416 acceperunt
1462 346 1583 403 illas
1626 347 1729 403 sibi
1768 363 1991 413 uxores,
2021 358 2075 403 et

2182 347 2425 419 όργάνοις
2450 347 2501 417 (6
2535 344 2645 415 γὰρ
2688 340 2878 398 Ἰωϐἀλ
2922 340 2982 404 ἐξ
3036 334 3217 391 αὐτῶν
3267 334 3509 405 ἀνθήσας
3537 331 3756 403 ψαλτή-

500 434 574 488 ita
603 433 823 490 illorum
855 436 1116 493 honestas
1154 449 1413 509 corrupta
1448 438 1571 506 fuit,
1606 451 1662 495 et
1686 455 1715 494 a
1749 439 1856 497 Deo
1886 457 2073 511 poenas

498 527 956 595 transgressionis
984 543 1147 584 causa
1197 529 1501 595 dederunt,
1548 532 1903 600 perditionem
1936 542 2075 588 tota-

502 612 606 664 lem
636 612 1001 671 invenientes.
1033 617 1167 671 Illud
1198 627 1380 673 autem
1418 618 1646 674 omnino
1682 620 2072 677 advertendum

497 710 582 753 est
607 701 839 763 scilicet.
862 719 968 758 non
988 704 1310 775 simpliciter
1336 708 1439 763 illis
1467 709 1715 765 divinum
1744 713 1966 767 verbum
1988 728 2078 767 ex-

499 793 761 859 probrare
790 806 1094 863 peccatum,
1129 798 1222 853 scd
1257 799 1430 854 zelum
1459 810 1514 855 et
1541 801 1790 856 ardorem
1819 802 1872 856 in
1894 812 2077 858 trans-

503 884 827 952 grediendo:
878 887 980 943 hoc
1015 890 1159 943 enim
1209 890 1412 946 indicat
1458 891 1590 948 illud
1620 911 1636 948 :
1676 892 1868 949 Omnis
1894 896 1986 964 qui
2022 896 2078 950 in

506 978 670 1032 corde
698 993 799 1033 suo
827 979 1070 1035 studiose
1107 981 1311 1051 cogitat
1340 983 1544 1039 malum
1584 986 1838 1043 omnibus
1864 987 2075 1043 diebus.

501 1068 606 1135 Qui
650 1072 796 1125 enim
842 1075 1050 1141 peccati
1089 1076 1376 1132 victoriam
1417 1092 1561 1147 aegre
1595 1076 1815 1142 ferunt,
1858 1087 2080 1148 propter

500 1162 700 1217 mentis
734 1164 1182 1231 imbecillitatem,
1217 1184 1323 1222 non
1359 1179 1541 1223 autem
1580 1184 1646 1223 ex
1674 1170 1880 1224 malitia
1915 1186 2079 1240 supe-

470 1328 473 1331 γ
501 1254 628 1319 rati,
661 1264 843 1325 postea
864 1267 1042 1313 autem
1074 1259 1261 1315 dolore
1291 1260 1468 1317 affecti
1497 1269 1550 1317 et
1577 1272 1854 1332 gementes
1881 1262 2080 1317 habent

500 1346 884 1402 rationabilem
934 1348 1121 1419 aliquo
1163 1349 1328 1405 modo
1367 1352 1798 1407 excusationem.
1832 1350 1937 1417 Qui
1981 1366 2078 1405 au-

504 1446 612 1491 tem
631 1437 697 1492 ad
723 1438 998 1494 licentiam
1018 1449 1073 1495 et
1096 1442 1362 1497 malitiam
1388 1443 1701 1499 omnimodo
1724 1443 2078 1505 inclinantur,

501 1527 575 1582 ita
607 1538 665 1583 ut
690 1545 905 1601 semper
931 1548 1103 1589 novas
1129 1534 1351 1590 malitia
1372 1534 1524 1592 ideas
1554 1536 1881 1606 excogitent,
1902 1533 2079 1605 qualis

501 1621 676 1675 veniae
697 1621 809 1677 sint
836 1624 1019 1694 digni?

644 1824 972 1892 QUIESTIO
1012 1819 1248 1884 'CCLVI
1302 1828 1494 1902 [Coish
1562 1825 1939 1892 CCLXXVI’I,‘

1048 1916 1212 1972 Taur.
1238 1916 1559 1991 CCLXVII].

504 2003 639 2075 Lege
675 2006 906 2061 nondum
940 2008 1279 2079 promulgata
1331 2026 1448 2080 qua:
1482 2010 1636 2078 jubet
1684 2010 1956 2080 honorare
1984 2023 2081 2080 pa-

575 2089 706 2149 trem
756 2088 805 2130 et
858 2091 1116 2149 matrem,
1177 2079 1437 2149 quomOdo
1482 2080 1650 2134 Cham
1703 2090 1761 2133 ut
1812 2079 2083 2148 parricida

564 2146 844 2216 judicatur
870 2148 981 2217 (55)
1005 2148 1028 2201 ?

2179 455 2293 509 ριον
2337 438 2432 491 καὶ
2475 435 2710 508 κιθάραν
2764 430 3119 499 κατέδειξεν),
3149 428 3500 499 έπεμίγησαν
3558 426 3757 489 αὐταῖς

2174 532 2268 584 καὶ
2312 530 2620 599 διέφθειραν
2652 528 2753 599 τήν
2779 526 2987 580 οἰκείαν
3018 522 3317 593 εὐγένειαν,
3361 522 3460 575 καὶ
3488 519 3759 589 θεήλατον

2172 620 2441 693 τιμωρίαν
2473 620 2736 686 ἐδέξαντο,
2754 618 2967 690 καρπὸν
2988 616 3087 687 τῆς
3116 614 3461 685 παρανομίας
3483 612 3590 682 τὴν
3624 628 3759 664 παν-

2173 712 2439 784 ωλεθρίαν
2505 712 2833 781 εὑράμενοι·
2892 710 3072 763 έκεῖνο
3146 706 3329 776 μέντοι
3404 703 3760 773 ementibu-

2176 805 2301 859 σθαι
2353 804 2484 876 χρὴ,
2518 804 2593 868 ὡς
2639 806 2736 875 οὐχ
2796 802 2981 864 άπλῶς
3025 799 3208 855 αὐτῶν
3236 798 3516 869 ἁμαρτίαν
3543 797 3575 848 6
3614 795 3760 858 θεῖος

2173 895 2333 965 λόγος
2348 898 2669 968 κατηγορεῖ,
2690 895 2827 950 ἀλλά
2851 893 2949 965 τὴν
2982 892 3099 965 μετ’
3122 890 3441 961 ἐπιμελείας
3465 887 3566 941 καὶ
3585 903 3759 939 σπου-

2174 987 2272 1057 δῆς
2310 987 2676 1060 παρανομίαν·
2706 986 2864 1040 τοῦτο
2888 985 2999 1056 γὰρ
3028 984 3179 1055 δηλοῖ
3215 983 3297 1045 τδ,
3353 984 3471 1045 Πᾶς
3519 997 3610 1043 τις
3642 980 3762 1032 δια-

2175 1081 2377 1135 νοεῖται
2400 1082 2458 1133 έν
2486 1083 2553 1152 τῇ
2585 1079 2784 1150 καρδία
2808 1078 2974 1132 αὐτοῦ
3021 1076 3296 1146 ἐπιμελῶς
3318 1075 3411 1128 ἐπὶ
3439 1074 3511 1127 τά
3538 1072 3763 1141 πονηρά

2177 1172 2359 1234 πάσας
2387 1170 2486 1236 τὰς
2516 1172 2751 1242 ἡμέρας·
2783 1172 2832 1224 oi
2884 1170 2982 1241 μὲν
3031 1170 3141 1241 γὰρ
3170 1168 3624 1238 δυσχεραίνοντες
3661 1164 3762 1231 τῆς

2178 1261 2451 1333 ἁμαρτίας
2479 1261 2576 1331 τὴν
2605 1260 2932 1332 ὑπερϐολήν,
2962 1259 3265 1331 ἡττώμενοι
3294 1260 3353 1312 δὲ
3380 1259 3472 1311 διά
3531 1256 3641 1325 τὴν
3666 1255 3761 1308 τοῦ

2177 1351 2269 1405 νοῦ
2314 1351 2608 1422 ρᾳθυμίαν,
2638 1351 2699 1403 οὐ
2744 1350 3025 1422 πονηρίαν,
3061 1347 3181 1403 εἶτα
3204 1348 3428 1419 ὕστερον
3459 1346 3763 1415 ἀλγοῦντες

2177 1446 2275 1498 καὶ
2302 1443 2579 1505 στένοντες
2608 1440 2790 1513 ἔχουσί
2833 1459 2954 1495 τινα
2981 1441 3207 1513 μετρίαν
3248 1440 3515 1512 ἀμηγέπη
3555 1439 3761 1508 παραί-

2176 1548 2355 1604 τησιν·
2380 1534 2430 1586 οἱ
2459 1532 2516 1585 δὲ
2543 1533 2625 1596 είς
2650 1531 2946 1585 ἀκολασίαν
2970 1534 3064 1585 καὶ
3096 1532 3363 1603 πονηρίαν
3405 1531 3763 1585 παντάπασιν

2178 1627 2591 1689 ἀποκλίναντες,
2628 1623 2771 1677 ὥστε
2800 1625 2895 1678 καλ⁸
2917 1626 3295 1697 προσεπινοείν
3337 1624 3620 1695 νεωτέρας
3663 1642 3764 1676 κα-

2109 1727 2154 1782 B
2181 1718 2306 1783 κίας
2338 1719 2502 1786 ἰδέας,
2542 1717 2705 1783 ποίας
2736 1718 2875 1782 ἄξιοι
2907 1716 3235 1787 συγγνώμης
3262 1734 3279 1785 ;

2672 1828 3007 1884 sparum
3040 1826 3222 1897 me”.

2186 2007 2297 2063 Τοῦ
2336 2007 2530 2076 νόμου
2558 2074 2565 2076 Α
2578 2004 2761 2075 μήπω
2778 2003 3065 2076 τεθέντος
3124 2003 3193 2076 δς
3222 2002 3554 2076 διαγορεύει
3579 2002 3765 2073 τιμᾶν

2249 2076 2361 2131 τὸν
2408 2073 2659 2144 ’πατέρα
2691 2075 2792 2129 καί
2848 2074 2965 2142 τὴν
3011 2073 3257 2145 μητέρα.
3303 2074 3431 2141 πῶς
3463 2078 3499 2129 ό
3521 2076 3657 2145 Χὰμ
3684 2077 3766 2141 ὡς

2248 2147 2614 2215 πατραλοίας
2637 2146 2930 2215 xplicatm;

868 2260 1015 2313 Edita
1039 2276 1067 2313 a
1100 2262 1228 2313 Maio
1260 2263 1317 2327 (l.
1344 2274 1388 2313 c.
1415 2276 1467 2326 p.
1491 2261 1604 2324 125,
1634 2262 1741 2323 124,
1764 2277 1812 2327 q.
1836 2261 1973 2326 255).
1995 2288 2058 2299 —
2085 2260 2181 2312 Cur
2199 2260 2348 2313 Cham
2368 2258 2624 2323 parricidii
2638 2258 3031 2322 reusjudicatus.
3065 2260 3188 2310 Gen.
3213 2274 3285 2322 .x,
3307 2259 3385 2309 28.

572 2340 906 2399 Naturaliter
941 2344 996 2398 in
1041 2344 1207 2400 corde
1247 2344 1588 2401 necessarias
1629 2346 1774 2411 leges
1805 2344 2082 2413 inscripsit

506 2433 668 2489 Deus.
708 2434 799 2490 Sic
850 2435 984 2489 Cain
1031 2436 1433 2493 condemnavit.
1491 2438 1621 2507 quia
1679 2436 1833 2492 illum
1888 2445 2080 2490 natura

502 2528 741 2582 erudivit
794 2529 939 2597 quod
993 2527 1349 2584 homicidium
1396 2540 1480 2585 est
1524 2530 1787 2595 vetitum,
1842 2538 2082 2585 attamen

501 2619 629 2673 dolo
660 2629 817 2675 utens
846 2628 905 2674 ut
947 2620 1267 2689 adjumento
1296 2622 1456 2693 longe
1488 2638 1520 2678 a
1560 2624 1878 2693 parentibus
1912 2623 2086 2677 abdu-

498 2723 634 2765 cens
662 2707 884 2763 fratrem
918 2708 1212 2774 interfecit,
1245 2719 1302 2766 et
1343 2710 1453 2766 Deo
1496 2712 1886 2783 interrogante,
1924 2730 1943 2765 ι
1973 2709 2078 2768 Ubi

500 2807 586 2854 est
603 2798 737 2863 Abel
764 2797 934 2853 frater
958 2808 1084 2854 tuus
1101 2798 1168 2865 ⁸⁸,
1207 2819 1227 2853 ι
1267 2801 1409 2857 scire
1436 2810 1616 2874 negat,
1642 2802 1922 2858 evidenter
1949 2802 2079 2872 quia

502 2890 709 2944 sciebat
740 2889 945 2944 malum
975 2905 1098 2946 esse
1128 2892 1273 2961 quod
1305 2901 1636 2963 patraverat,
1666 2893 1954 2950 convictus
1981 2909 2083 2952 au-

504 2991 613 3036 tem
641 2996 670 3035 a
697 2980 847 3052 justo
871 2979 1062 3037 Judice
1085 2982 1376 3040 confessus
1407 2992 1491 3040 est
1535 2986 1715 3055 majus
1745 3000 1907 3041 suum
1952 3000 2078 3041 esse

501 3082 784 3141 peccatum
808 3088 972 3142 quam
1021 3083 1080 3129 ut
1107 3075 1322 3131 veniam
1362 3086 1687 3132 mereretur.
1725 3096 1745 3130 ι
1781 3076 1955 3148 Major
1996 3087 2080 3134 est

2246 2343 2326 2413 Τῇ
2379 2341 2540 2410 φύσει
2588 2342 2714 2405 τοὺς
2764 2342 3092 2409 ἀναγκαίους
3144 2342 3340 2411 νόμους
3394 2340 3710 2394 ἐντέθεικεν
3739 2343 3769 2396 ό

2177 2432 2328 2497 Θεός·
2361 2433 2503 2486 οὓτω
2557 2433 2648 2487 τὸν
2675 2432 2816 2486 Κάῖν
2854 2432 3191 2503 κατέκρινεν,
3240 2431 3541 2501 ἐπειδήπερ
3594 2430 3766 2483 αὑτὸν

2176 2526 2210 2596 ή
2241 2524 2402 2595 φύσις
2447 2523 2724 2578 ἐδίδασκεν
2765 2523 2843 2587 ὡς
2889 2525 2919 2577 ό
2966 2525 3125 2594 φόνος
3175 2525 3511 2594 παράνομον·
3557 2522 3767 2576 αὐτίκα

2179 2621 2310 2689 γοῦν
2341 2619 2477 2691 δόλῳ
2508 2619 2855 2691 χρησάμενος
2893 2618 3160 2690 συνεργῷ,
3191 2618 3381 2689 πόρρω
3410 2617 3522 2671 τῶν
3569 2633 3767 2685 γεγεν-

2179 2712 2424 2785 νηκότων
2475 2712 2705 2780 ἀπάγων
2740 2711 2917 2765 ἀνεῖλε
2948 2711 3039 2763 τὸν
3070 2710 3319 2778 ἀδελφὸν,
3359 2710 3455 2763 καὶ
3486 2709 3584 2761 τοῦ
3619 2708 3763 2761 Θεοῦ

2180 2803 2606 2874 πυνθανομένου,
2646 2821 2664 2854 ι
2691 2802 2801 2856 Ποῦ
2830 2801 2995 2855 ’Δϐελ
3014 2802 3042 2855 ὁ
3070 2801 3297 2871 ἀδελφός
3328 2818 3442 2864 σου,
3469 2819 3487 2850 ι
3518 2799 3762 2870 ἠρνήθη,

2176 2895 2421 2967 δηλονότι
2455 2893 2533 2958 ώς
2577 2895 2940 2964 ἐπιστάμενος
2966 2894 3134 2948 κακὸν
3170 2892 3310 2947 εἶναι
3342 2892 3402 2945 τὸ
3444 2891 3719 2961 τολμηθὲν
3746 2906 3762 2920 ·

2180 2986 2455 3059 ἐλεγχθεὶς
2506 2986 2563 3040 δὲ
2622 2985 2726 3040 ὑπὸ
2755 2984 2849 3039 τοῦ
2888 2986 3096 3040 δικαίου
3149 2984 3374 3055 Κριτοῦ,
3405 2983 3765 3054 ὡμολόγησεν

2181 3080 2322 3151 ὑπὲρ
2344 3078 2676 3151 συγγνώμην
2698 3081 3097 3151 ἡμαρτηκέναι·
3125 3076 3373 3140 (Μείζων
3389 3076 3497 3146 γάρ
3516 3077 3549 3145 ή
3576 3075 3767 3144 ἀμαρο

500 3163 645 3216 enim
674 3162 933 3231 iniquitas
976 3179 1093 3219 mea
1138 3180 1305 3234 quam
1353 3175 1410 3220 ut
1440 3168 1656 3222 veniam
1686 3182 1902 3223 merear
1936 3168 2004 3222 ’⁸.
2053 3186 2073 3220 ι

2182 3171 2270 3225 τία
2290 3140 2534 3240 ’μουυτοῦ
2864 3140 2953 3241 με·
2977 3189 2995 3222 ι
3036 3171 3130 3223 καὶ
3166 3169 3349 3241 μέντοι
3586 3140 3767 3236 ’Ᾰδάμ

504 3252 672 3308 Porro
727 3254 845 3324 ipse
901 3256 1073 3310 Adam
1130 3257 1373 3311 divinam
1424 3260 1770 3329 praesentiam
1836 3260 2080 3315 sentiens

502 3358 622 3398 sese
650 3344 985 3401 abscondere
1017 3347 1269 3412 tentavit,
1297 3348 1480 3404 sciens
1508 3357 1657 3403 certe
1687 3348 1834 3419 quod
1870 3347 2078 3403 furtum

502 3436 705 3491 malum
744 3447 850 3494 est.
887 3436 979 3495 Sic
1023 3439 1193 3496 Cham
1229 3440 1507 3512 parricidii
1541 3440 1948 3498 accusationem
1994 3441 2080 3495 in-

500 3530 709 3595 currit,
763 3539 986 3601 propter
1038 3532 1173 3601 legis
1237 3533 1507 3588 naturalis
1559 3533 2074 3603 transgressionem.

500 3616 657 3685 Quod
688 3635 815 3674 vero
843 3621 1115 3677 honorare
1138 3632 1389 3691 parentes
1418 3632 1613 3677 natura
1634 3623 1846 3689 edocet,
1873 3631 2081 3679 testan-

502 3721 592 3766 tur
632 3712 803 3768 Cbam
848 3712 1045 3769 fratres
1088 3714 1183 3784 qui
1232 3730 1356 3770 cum
1418 3715 1589 3770 multo
1634 3716 1840 3784 pudore
1872 3724 2081 3785 patrem

499 3817 851 3874 operuerunt.

620 3917 948 3985 quasue
1015 3921 1237 3993 CCLVII
1316 3921 1507 3993 ιςρίει.
1536 3920 1913 3993 ,CCLxxvm
1937 3964 1954 3988 ,

1018 3992 1183 4047 Taur.
1232 3992 1576 4065 CCLXVIII].

504 4078 705 4146 Quare,
738 4080 906 4137 Cham
954 4084 1011 4138 in
1041 4094 1314 4153 peccatum
1339 4085 1516 4152 lapso,
1559 4086 1705 4153 ﬁlius
1731 4084 1881 4140 illius
1910 4086 2079 4141 male-

1095 4155 1307 4209 dicatur
1335 4155 1447 4226 (54)
1469 4156 1493 4209 ?

2176 3264 2276 3334 τῆς
2307 3264 2457 3326 θείας
2487 3262 2811 3333 ἐπιφανείας
2859 3262 3180 3333 αἰσθόμενος
3236 3260 3502 3331 ἐπειράθη
3550 3259 3762 3322 λαθεῖν,

2178 3356 2272 3408 καὶ
2303 3355 2456 3419 είδὼς
2479 3354 2646 3427 ὁτιδὴ
2672 3355 2732 3408 τὸ
2773 3355 3027 3408 κλέπτειν
3068 3352 3257 3407 κακόν·
3292 3351 3435 3405 οὕτω
3480 3351 3547 3420 δὴ
3581 3352 3611 3402 6
3634 3351 3765 3418 Χαμ

2176 3448 2279 3518 τήν
2306 3446 2402 3501 τοῦ
2434 3448 2764 3520 πατραλοίου
2813 3447 3153 3521 κατηγορίαν
3199 3444 3418 3511 ἐδέξατο
3455 3442 3532 3505 ὠς
3573 3457 3760 3510 παρα-

2180 3537 2281 3601 δάς
2304 3538 2396 3591 τὸν
2441 3539 2543 3609 τῆς
2587 3537 2802 3608 φύσεως
2834 3537 3029 3607 νόμον·
3060 3537 3143 3591 ὅτι
3167 3535 3224 3589 δὲ
3257 3535 3352 3588 καὶ
3388 3534 3452 3587 τὸ
3480 3533 3765 3603 γεραίρειν

2178 3630 2308 3693 τοὺς
2336 3630 2784 3701 γεγεννηκόταςή
2816 3630 2979 3700 φύσις
3007 3628 3274 3690 ἐδίδασκε,
3310 3624 3685 3697 μαρτυροῦσιν
3712 3622 3768 3675 οἱ

2178 3720 2276 3773 τοῦ
2302 3722 2433 3792 Χάμ
2463 3721 2682 3791 ἀδελφοὶ
2713 3723 2763 3775 οἱ
2800 3721 2939 3791 μετά
2971 3717 3172 3788 πολλῆς
3206 3718 3389 3782 αἰδοῦς
3418 3718 3509 3770 τὸν
3543 3716 3765 3784 πατέρα

2181 3814 2651 3886 συγκαλύψαντες.

2698 3930 3035 3990 ΕΡΩΤΗΣΙΣ
3080 3929 3241 3982 ΣΝΖν.

2197 4094 2257 4147 Tl
2290 4092 2513 4160 δήποτε
2568 4091 2674 4146 τοῦ
2721 4091 2851 4159 Χὰμ
2872 4088 3253 4213 ρπΙιὲαικότος,
3301 4085 3335 4138 ὁ
3360 4082 3600 4137 ἐκείνου
3625 4078 3769 4145 παῖς

2852 4178 2969 4213 una
3008 4176 3078 4213 ηε

2852 4176 3043 4229 ηραση
3058 4176 3078 4225 ;

1057 4268 1200 4319 Edita
1236 4284 1261 4319 a
1296 4268 1425 4320 Maio
1453 4271 1509 4333 (Ι.
1532 4284 1575 4322 e.
1604 4284 1655 4334 p.
1690 4271 1798 4335 ηι,
1831 4286 1884 4336 q.
1910 4273 2042 4337 256).
2072 4302 2134 4311 —
2154 4278 2231 4328 De
2262 4279 2365 4327 filio
2386 4276 2579 4329 Chaami
2614 4273 2890 4339 peccatoris
2926 4270 3192 4323 maledicto

573 4352 776 4409 Omnes
814 4370 943 4421 una,
989 4356 1142 4411 linito
1173 4357 1408 4423 diluvio,
1438 4358 1639 4413 divinae
1683 4360 2080 4418 benedictionis

2256 4366 2425 4435 Κοινῇ
2456 4368 2657 4428 πάντες
2687 4362 2828 4433 μετὰ
2856 4360 2954 4431 τὴν
2980 4359 3074 4414 τοῦ
3100 4352 3490 4424 κατακλυσμοῦ
3530 4351 3768 4417 παῦλαν,

504 4443 726 4500 fuerunt
750 4447 1063 4517 participes.
1102 4448 1311 4504 Timuit
1346 4466 1477 4521 ergo
1508 4449 1620 4507 Noe
1646 4452 2082 4509 maledictionem

504 4537 763 4593 inducere
786 4540 843 4593 in
870 4541 1106 4611 aliquem
1132 4544 1226 4611 qui
1254 4543 1453 4598 divinae
1480 4542 1873 4600 benedictionis
1905 4545 2087 4601 fuerat

503 4631 776 4701 particeps
826 4648 841 4685 :
882 4634 1042 4703 cujus
1077 4650 1245 4691 causa
1288 4636 1430 4691 lianc
1461 4636 1573 4692 filio
1621 4636 1768 4693 illius
1813 4637 2083 4709 deposuit,

502 4732 557 4776 et
590 4724 705 4778 haec
726 4726 938 4793 punitio
962 4726 1112 4795 justa
1138 4739 1243 4783 est.
1277 4727 1417 4795 Quia
1444 4730 1589 4784 enim
1612 4745 1737 4784 cum
1766 4741 1908 4786 esset
1938 4731 2083 4787 filius

507 4826 717 4884 patrem
744 4816 992 4885 offendit,
1023 4835 1123 4889 per
1141 4820 1578 4877 maledictionem
1611 4821 1703 4875 filii
1737 4824 2076 4892 punitionem

503 4908 732 4972 accepit.
780 4909 862 4963 Ad
893 4910 997 4965 hoc
1021 4920 1200 4965 autem
1231 4922 1285 4966 et
1334 4912 1467 4967 illud
1517 4913 1973 4969 considerandum
2002 4924 2087 4969 est

502 4998 671 5065 quod,
690 4998 735 5053 si
754 5000 870 5070 ipse
888 5000 1058 5056 Cham
1084 5019 1170 5057 ma
1185 5003 1528 5059 ledictionem
1550 5006 1866 5075 accepisset,
1881 5007 1935 5061 in
1952 5021 2086 5061 om—

503 5104 628 5143 nem
657 5105 813 5147 suam
848 5096 1159 5165 progeniem
1189 5112 1350 5167 pmna
1382 5097 1789 5152 extenderetur.
1828 5097 1999 5153 Porro
2018 5116 2084 5154 ex

503 5182 599 5237 illo
629 5186 734 5238 orti
770 5194 899 5242 sunt
925 5187 1207 5259 Ethiopes
1233 5202 1287 5245 et
1319 5188 1558 5260 Egyptii
1590 5200 1645 5247 et
1676 5189 1842 5261 Libya
1875 5200 1983 5246 tota
2031 5203 2086 5245 et

498 5273 785 5332 Phoenicia
797 5286 850 5334 et
860 5276 1166 5336 Palmstina.
1184 5280 1261 5335 Ne
1274 5290 1455 5337 autem
1469 5297 1631 5336 omne
1645 5297 1816 5351 genus
1832 5296 1987 5351 paena
2000 5290 2082 5337 at-

579 5406 623 5437 “
649 5408 846 5465 Cenes.
878 5426 950 5477 IV,
974 5412 1029 5467 9.
1106 5413 1153 5444 ’⁵
1180 5413 1291 5468 ibid
1355 5414 1442 5468 15.

2182 4457 2281 4527 τῆς
2315 4456 2466 4520 θείας
2502 4455 2796 4526 μετέλαχον
2819 4452 3088 4521 εὐλογίας·
3124 4447 3396 4519 τολμηρὸν
3436 4446 3619 4499 τοίνυν
3662 4446 3739 4496 ὑπ

2181 4546 2374 4601 ἐλαϐεν
2403 4552 2432 4602 ό
2470 4548 2595 4601 Νῶε
2641 4548 2869 4616 ἐπάγειν
2894 4545 3034 4617 ἀρὰν
3087 4543 3166 4614 τῷ
3205 4542 3303 4612 τῆς
3333 4539 3483 4600 θείας
3514 4539 3769 4605 εὐλογίας

2184 4641 2545 4712 μετειληχότι·
2596 4639 2790 4693 τούτου
2844 4637 3005 4708 χάριν
3032 4635 3111 4705 τῷ
3143 4634 3353 4687 ἐκείνου
3383 4631 3538 4683 παιδλ⁸
3561 4630 3769 4699 ταύτην

2181 4733 2529 4804 περιέθηκεν·
2557 4732 2671 4803 ἔχει
2722 4732 2778 4785 δὲ
2816 4732 2849 4801 ἠ
2899 4728 3139 4800 τιμωρία
3187 4726 3249 4778 τὸ
3308 4724 3539 4777 δίκαιον·
3578 4723 3765 4789 ἐπειδὴ

2186 4830 2297 4897 γάρ
2331 4827 2447 4890 υίὸς
2475 4825 2552 4878 ὣν
2595 4825 2901 4895 ἐξήμαρτεν
2953 4824 3033 4884 είς
3072 4818 3309 4889 πατέρα.
3367 4815 3455 4869 διὰ
3510 4815 3613 4883 τῆς
3671 4814 3764 4865 τοῦ

2184 4919 2373 4982 παιδὸς
2403 4919 2542 4990 ἀρᾶς
2574 4918 2789 4987 δέχεται
2815 4913 3105 4984 τιμωρίαν·
3150 4910 3289 4983 πρὸς
3318 4907 3376 4961 δὲ
3405 4906 3606 4976 τούτῳ,
3638 4922 3769 4957 σκο-

2184 5010 2384 5081 πητέον
2403 5011 2639 5063 κάκεῖνο·
2669 5010 2744 5071 ὡς
2777 5010 2825 5060 εἰ
2856 5007 3015 5068 αὐτὸς
3032 5007 3060 5059 6
3083 5005 3213 5073 Χάμ
3240 5002 3458 5066 ἐδέξατο
3481 5000 3581 5071 τὴν
3604 4998 3762 5067 ἀρὰν,

2182 5102 2262 5162 είς
2292 5100 2411 5153 ὅλον
2441 5101 2508 5153 ἂν
2533 5099 2684 5170 διέϐη
2707 5100 2769 5151 τὸ
2806 5098 2959 5167 γένος
2985 5098 3017 5167 ἡ
3064 5094 3326 5165 τιμωρία·
3378 5094 3443 5145 ἐκ
3472 5091 3528 5143 δὲ
3573 5090 3764 5142 τούτου

2180 5192 2523 5263 ἐϐλάστησαν
2550 5194 2805 5254 Αἰθίοπες
2844 5192 2938 5244 καὶ
2995 5188 3289 5257 Αίγύπτιοι
3328 5187 3423 5239 καὶ
3456 5183 3631 5251 Λιϐύη
3664 5182 3767 5233 πᾶ-

2191 5297 2260 5334 σα
2286 5285 2382 5336 καὶ
2409 5283 2628 5353 Φοινίκη
2659 5283 2751 5335 καὶ
2779 5280 3134 5350 Παλαιστίνη·
3177 5279 3266 5332 ἴνα
3297 5277 3479 5330 τοίνυν
3512 5272 3589 5345 μὴ
3619 5273 3763 5326 ἅπαν

2027 5528 2259 5588 NOTAE.

580 5644 689 5713 (33)
826 5643 1170 5700 Theodoreto
1200 5663 1253 5715 η.
1282 5646 1348 5700 57
1378 5647 1429 5699 iu
1460 5648 1656 5701 Geucs.
1689 5662 1738 5714 μ,
1777 5646 1890 5701 159.

2253 5647 2364 5715 (Μ)
2406 5645 2480 5701 lix
2517 5643 2863 5699 'l‘beouorcto
2893 5658 2947 5712 q.
2981 5641 3048 5696 58
3089 5642 3142 5695 in
3171 5639 3369 5697 Genes.
3393 5655 3447 5711 p.
3478 5638 3605 5693 169..
