3902 6212
439 183 570 247 107i

1567 203 1830 265 ΡΠΟΤΙΙ
1872 208 2380 274 PATRIARCH/E
2404 217 2494 278 ΕΡ

3576 228 3709 291 1072

430 304 625 359 audire
670 307 943 375 potuisses
977 312 1304 373 patriarchae
1341 315 1628 377 dicentes:
1670 341 1689 375 ι
1720 321 1835 378 Rex
1863 340 1921 379 es
1962 336 1974 380 t

432 411 458 420 ,ι
498 395 601 420 ΠΛ..
636 399 837 420 __:,.-_-_
897 402 1042 420 __|-,
1156 406 1166 417 ο
1286 406 1299 420 ι
1377 409 1410 420 _.
1640 413 1652 420 .
1722 416 1731 420 -

2089 332 2355 403 ,Χεϐρὼν
2402 337 2715 391 οἰκούντων·
2752 334 2829 395 ὧν
2881 341 2996 395 ἐστι
3044 346 3183 415 πρὸς
3234 346 3325 401 τὸν
3354 349 3710 420 πατριάρχην

431 411 461 448 a
494 395 605 453 Deo
636 399 841 455 missus
892 402 1086 470 nobis;
1154 406 1209 460 in
1253 406 1444 465 electis
1499 413 1766 482 sepulcris
1816 428 1970 471 nostr

2243 395 2255 403 '
3089 395 3100 415 ι
3133 395 3180 408 ’τ
3245 395 3316 401 ’τ’
3361 395 3705 420 ”““⁷Γ⁷“ΓΑἹ⁷

2112 426 2347 480 ἀκοῦσαι
2391 429 2682 497 λεγόντωνο
2712 450 2730 483 t
2766 434 3032 496 Βασιλεὺς
3062 431 3114 489 εἷ
3164 438 3229 490 σὺ
3279 440 3431 510 παρὰ
3464 440 3609 494 Θεοῦ
3653 445 3710 495 ἐν

428 490 594 558 Sepeli
624 506 825 560 corpus
864 502 1040 549 tuum.
1067 516 1085 547 ι

632 692 964 758 ΟΠΙΕΞΤΙΟ
997 698 1202 755 ccux
1236 702 1424 774 [Coisl.
1462 705 1793 779 ccum].

424 782 596 847 Quam
673 787 737 839 ab
796 804 1017 845 causam
1085 792 1338 848 elnctetm
1412 797 1667 857 adversus

1021 864 1239 929 angelus
1270 866 1403 935 (56).

1747 805 2009 866 Jacobum

2112 521 2266 589 ἡμῖν,
2318 522 2378 574 ὲν
2415 526 2529 587 τοῖς
2564 525 2846 591 ἐκλεκτοῖς
2880 530 3174 602 μνημείοις
3219 532 3381 603 ⁴ἡμῶν
3412 533 3594 605 θάψον
3617 535 3711 589 τὸν

2111 613 2303 683 νεκρόν
2337 631 2455 669 σου.
2491 634 2511 666 ι

2641 735 2977 791 ΕΡΩἸἮΣΙΣ
3000 738 3171 794 ΣΝΘ’.

2149 820 2328 888 Τίνος.
2343 822 2554 880 ἕνεκεν
2581 827 2895 885 ἐκπαλαίει
2927 829 3007 895 τῷ
3040 831 3257 885 Ἰακὼό
3295 835 3329 887 ό
3359 832 3620 903 ἅγγελος
3650 849 3672 898 ;

757 966 897 1016 Edita
920 981 948 1017 a
980 967 1105 1019 Maio
1129 968 1186 1033 (Ι.
1219 985 1266 1022 c.
1292 986 1342 1036 p.
1371 974 1479 1037 125,
1513 977 1621 1040 126,
1643 994 1691 1043 q.
1714 983 1848 1046 258).
1881 992 1974 1039 -l

2094 997 2227 1059 :tgeli
2253 1011 2366 1049 cum
2388 1001 2574 1053 Jacobo
2604 1008 2898 1057 certamine.
2930 1006 3059 1059 Gen.
3090 1011 3352 1072 1111524.

489 1070 627 1129 Cum
664 1072 893 1131 fratrem
936 1078 1154 1135 timeret
1183 1084 1414 1153 angelus
1447 1087 1497 1142 ei
1538 1088 1794 1148 virtutem
1835 1099 2009 1154 addit.

418 1164 622 1221 Eadem
666 1169 832 1224 etiam
886 1169 954 1226 de
984 1187 1153 1229 causa
1197 1175 1328 1232 huic
1373 1178 1661 1238 victoriam
1716 1192 2008 1257 concessit,

420 1256 537 1314 haec
584 1262 975 1331 propemodum
1023 1266 1211 1323 dicens
1250 1285 1264 1322 :
1308 1270 1411 1337 Qui
1460 1288 1549 1328 me
1577 1275 1791 1344 vicisti,
1829 1256 2010 1336 horni¥

419 1365 541 1405 nem
575 1353 775 1407 times?
816 1354 896 1409 Ne
951 1373 1085 1412 vero
1140 1360 1232 1416 ille
1276 1364 1587 1433 superbiret
1635 1368 1803 1428 Deum
1860 1391 1890 1430 a

416 1440 621 1496 victum
655 1442 827 1501 fuisse
857 1457 1057 1516 putans
1086 1459 1235 1507 tactu
1284 1454 1508 1513 femoris
1535 1462 1761 1532 angelus
1802 1468 1999 1521 volun-

416 1532 610 1587 tariam
652 1533 825 1592 fuisse
867 1539 1079 1596 cladem
1132 1558 1287 1599 suam
1324 1549 1588 1605 ostendit.
1630 1551 1802 1611 Tactu
1851 1558 1995 1613 enim

368 1676 371 1679 .
416 1620 640 1680 femoris
687 1628 763 1681 illi
824 1637 1100 1700 torporem
1158 1636 1401 1693 obducit.
1459 1639 1757 1714 Postquam
1810 1659 1994 1706 autem

414 1717 591 1786 angeli
620 1720 713 1789 qui
743 1721 846 1777 sibi
878 1738 1204 1795 apparuerat
1231 1734 1532 1799 potentiam
1561 1739 1733 1805 novit,
1756 1740 1997 1802 Iacobus

413 1806 851 1869 benedictionem
899 1815 969 1871 ab
1022 1833 1089 1873 eo
1144 1823 1358 1889 poscit,
1415 1842 1577 1896 quam
1641 1831 1731 1887 ille
1789 1820 2071 1904 petentiB

411 1901 642 1967 annuit;
685 1904 916 1977 ejusque
956 1925 1153 1966 nomen
1189 1923 1388 1972 mutat.
1428 1917 1713 1980 Remansit
1752 1901 1837 1982 vel
1872 1938 1996 1999 post

407 1992 651 2063 vigiliam
707 1997 885 2054 femur
938 2002 1061 2072 ejus
1119 2012 1340 2075 torpore
1388 2010 1644 2069 affectum
1700 2033 1766 2073 ac
1803 2019 1996 2077 leviter

409 2084 692 2153 claudum,
726 2106 795 2145 ne
823 2108 1016 2148 vanam
1052 2095 1347 2169 imaginem
1388 2104 1615 2163 duceret
1646 2109 1751 2166 hoc
1792 2114 1992 2170 visum.

406 2176 526 2241 Qua
597 2179 665 2235 de
722 2197 890 2240 causa
955 2202 1081 2243 cum
1142 2190 1543 2266 interrogasset
1590 2216 1702 2270 quo
1764 2206 1994 2276 angelus

405 2270 770 2339 appellaretur
816 2282 1076 2349 nomine,
1126 2299 1236 2339 non
1288 2287 1469 2344 solum
1521 2294 1713 2360 petitio
1745 2311 1855 2351 non
1901 2314 1993 2352 ex-

404 2363 647 2429 auditur,
677 2368 769 2421 sed
803 2370 966 2425 etiam
993 2374 1107 2443 ipse
1128 2377 1445 2449 increpatur
1467 2422 1482 2447 ,
1515 2392 1576 2438 ut
1606 2395 1819 2444 natura:
1838 2406 1991 2446 men-

401 2469 587 2508 suram
629 2465 1029 2530 transgressus.
1082 2485 1102 2518 ι
1128 2467 1261 2535 Cur,
1294 2471 1505 2542 inquit,
1554 2480 1760 2548 qureris
1791 2498 1988 2541 nomen

402 2560 581 2601 meum
601 2548 665 2605 ’⁸.
682 2571 700 2603 ι
729 2551 1037 2627 Mirumque
1055 2569 1139 2614 est
1160 2570 1324 2631 atque
1350 2565 1439 2621 bic
1462 2572 1742 2628 notatione
1763 2575 1988 2645 dignum

396 2640 548 2707 quod
601 2644 855 2701 eumdem
903 2651 1195 2719 appellavit
1242 2664 1297 2710 et
1350 2657 1631 2717 hominem
1680 2673 1735 2719 et
1783 2640 1986 2735 Deum,

396 2733 533 2788 dixit
583 2738 730 2793 enim
767 2759 780 2795 :
834 2759 854 2793 ι
895 2741 977 2799 Τιι
1016 2747 1110 2815 qui
1150 2759 1343 2806 contra
1393 2751 1568 2810 Deum
1609 2757 1771 2814 fortis
1814 2733 1984 2829 fuisti,

396 2838 587 2883 contra
612 2830 865 2889 homines
913 2840 1261 2907 prmvalebis,
1298 2861 1319 2894 ι
1370 2848 1700 2919 vocavitque
1744 2849 1987 2912 Jacobus

395 2932 592 2974 nomen
624 2920 726 2978 loci
757 2924 902 2981 illius
924 2925 1192 2998 Phanuel,
1217 2933 1405 2992 dicens
1431 2955 1446 2993 :
1473 2958 1491 2991 ι
1509 2937 1631 2995 Vidi
1657 2941 1828 2998 Deum
1849 2944 1987 3003 facie

392 3010 461 3065 ad
512 3012 730 3080 faciem,
760 3029 817 3073 et
872 3019 1024 3077 salva
1071 3025 1214 3081 facta
1242 3037 1330 3082 est
1357 3030 1541 3087 anima
1587 3050 1707 3089 mea
1746 3038 1812 3092 ”.
1859 3058 1878 3091 ι
1913 3071 1985 3080 -

397 3115 419 3149 ι
458 3099 734 3173 Ortusque
761 3117 843 3162 est
873 3108 923 3163 ei
946 3112 1131 3166 statim
1161 3114 1243 3170 sol
1264 3125 1552 3185 postquam
1603 3130 1980 3194 transgressus

388 3202 475 3249 est
505 3194 749 3288 Phanuel
764 3202 831 3257 ³ο.
864 3222 886 3255 ι
934 3204 1081 3271 Quas
1125 3208 1197 3264 ob
1225 3226 1424 3268 causas
1468 3213 1824 3288 intelligimus
1855 3224 1980 3278 uni-

389 3282 634 3349 genitum
673 3284 871 3344 Filium
916 3292 1005 3349 bic
1038 3292 1209 3353 Jacob
1237 3303 1579 3370 apparuisse.

387 3394 721 3462 QUESTIO
773 3404 953 3460 CCLX
998 3406 1190 3480 [οοὶεί.
1234 3411 1444 3478 CLXX,
1490 3416 1657 3475 Taur.
1708 3421 1968 3500 CLXIX].

385 3490 499 3546 Cur
539 3494 717 3551 liberis
754 3500 866 3553 suis
891 3501 1234 3579 _6enedt‘1t'sse
1280 3505 1518 3579 Jacobus
1567 3513 1803 3579 dicatur,

702 3571 971 3626 nonnullis
1007 3586 1146 3629 certe
1177 3577 1515 3635 maledixerit
1539 3583 1585 3614 ‘°
1609 3585 1701 3653 (57
1716 3574 1792 3658 *).

1845 3535 1966 3574 cum

2180 1110 2385 1166 Δεδιότι
2417 1114 2508 1168 τὸν
2528 1115 2760 1186 ἀδελφὸν
2791 1117 2993 1188 θάρσος
3023 1119 3292 1191 ἐντίθησι·
3316 1120 3407 1176 διά
3424 1138 3510 1175 τοι
3536 1120 3704 1175 τοῦτο

2109 1202 2206 1251 καὶ¹
2241 1202 2343 1271 τῆς
2371 1204 2530 1276 νίκης
2585 1206 2736 1279 αὑτῷ
2780 1208 3247 1283 παρακεχώρηκε·
3294 1215 3581 1284 μονονουχὶ
3616 1212 3704 1266 λέ-

2107 1307 2243 1357 γων·
2272 1294 2402 1365 Ἐμὲ
2425 1298 2740 1370 νενίκηκας,
2764 1304 2859 1356 καὶ
2890 1304 3178 1377 ἄνθρωπον
3207 1306 3490 1370 ὃέδοικας;
3530 1308 3619 1359 ἵνα
3640 1306 3699 1359 δὲ

1948 1392 2008 1432 se
2109 1385 2185 1457 μὴ
2227 1387 2369 1457 μέγα
2404 1395 2575 1462 φρονῇ
2607 1392 2767 1461 δόξας
2796 1398 3143 1469 νενικηκέναι
3165 1398 3319 1466 Θεὸν,
3350 1402 3418 1471 τῇ
3450 1402 3568 1472 ἁφῇ
3602 1400 3698 1453 τοῦ

2109 1480 2286 1548 μηροῦ
2313 1482 2373 1535 τὸ
2397 1483 2705 1541 ἐθελούσιον
2734 1488 2834 1559 τῆς
2857 1489 3030 1561 ἥττης
3049 1491 3311 1563 ἐδήλωσεο
3341 1494 3409 1565 τῇ
3442 1494 3553 1564 γὰρ
3579 1495 3697 1564 ἀφῇ

2102 1566 2199 1621 τοῦ
2228 1572 2404 1641 μηροῦ
2435 1574 2537 1645 τὴν
2570 1576 2780 1647 νάρκην
2808 1579 3126 1650 εἰργάσατο.
3162 1581 3331 1647 Γνοὺς
3358 1583 3418 1637 δὲ
3440 1584 3538 1637 τοῦ
3566 1585 3697 1636 ἑπι-

2104 1662 2365 1731 φανέντος
2387 1666 2487 1739 τὴν
2513 1668 2764 1742 δύναμιν,
2798 1672 2898 1745 τὴν
2926 1675 3178 1744 εὐλογίαν
3229 1679 3394 1731 αἰτεῖ·
3442 1679 3472 1732 6
3503 1678 3561 1731 δὲ
3597 1679 3695 1730 καὶ

2100 1753 2201 1826 τὴν
2238 1757 2459 1829 αῐτησιν
2503 1760 2688 1816 δίδωσι
2731 1766 2825 1819 καὶ
2877 1767 2977 1839 τὴν
3017 1770 3394 1842 προσηγορίαν
3440 1770 3689 1841 ἁμείδει·

2097 1845 2333 1916 διέμεινε
2358 1849 2416 1903 δὲ
2453 1854 2549 1908 καὶ
2590 1855 2730 1926 μετὰ
2764 1857 2863 1928 τὴν
2901 1861 3232 1933 ἐγρήγορσιν
3272 1864 3300 1917 6
3346 1864 3525 1935 μηρὸς
3558 1881 3694 1934 ναρ-

2098 1939 2213 1993 κῶν
2248 1959 2310 1995 τε
2340 1946 2435 1997 καὶ
2460 1946 2809 2016 ὑποσκάζων,
2852 1952 2939 2007 ἵνα
2971 1954 3046 2026 μὴ
3092 1956 3394 2025 φαντασίαν
3432 1957 3692 2029 ὑπολάϐῃ

2096 2028 2195 2100 τὴν
2227 2030 2373 2102 ὀψινο
2405 2033 2491 2088 διὰ
2528 2037 2688 2092 τοῦτο
2716 2043 2812 2094 καὶ
2841 2043 3125 2114 ἐρωτήσας
3150 2046 3273 2100 τίνα
3308 2028 3690 2119 προσηγορίαν

2096 2119 2234 2191 ἔχει,
2268 2126 2328 2177 οὐ
2371 2127 2534 2197 μόνον
2568 2130 2931 2202 διαμαρτάνει
2973 2135 3076 2203 τῆς
3103 2139 3395 2208 αἰτήσεως,
3421 2139 3559 2192 ἀλλὰ
3589 2140 3690 2192 καὶ

2094 2216 2492 2290 ὲπιπλήττεται
2537 2223 2613 2287 ὡς
2665 2225 2914 2297 ὑπερϐὰς
2957 2229 3027 2282 τὰ
3069 2231 3245 2302 μέτρα
3288 2232 3388 2301 τῆς
3436 2231 3683 2303 φύσεως*

2101 2328 2119 2359 ι
2134 2309 2250 2363 Ἴνα
2275 2311 2328 2363 τί
2345 2313 2475 2385 γὰρ,
2500 2316 2687 2387 φησιν,
2709 2319 2919 2392 ἐρωτᾷς
2940 2321 3000 2374 τὸ
3015 2322 3186 2393 ὄνομά
3205 2341 3307 2395 μου
3335 2342 3382 2389 ;›
3408 2326 3505 2378 καὶ
3521 2326 3687 2379 τοῦτό

2095 2404 2209 2455 ἐστι
2228 2403 2566 2476 θαυμαστόν’
2585 2412 2747 2483 ἐπιση
2758 2414 2991 2483 μαντέον
3006 2416 3062 2469 δὲ
3080 2416 3361 2472 κάνταῦθα
3374 2418 3457 2472 ὅτι
3473 2419 3568 2472 τὸν
3579 2420 3685 2473 αὑ-

2093 2495 2187 2549 τὸν
2208 2497 2434 2552 ἐκάλεσε
2454 2502 2550 2555 καὶ
2565 2503 2964 2576 ἄνθρωπονκαὶ
2976 2507 3131 2569 Θεόνο
3154 2529 3171 2561 t
3185 2510 3515 2581 Ἐνισχύσας
3541 2513 3683 2581 γὰρ,

2092 2586 2219 2657 ἔφη,
2245 2591 2385 2659 μετὰ
2400 2592 2536 2647 Θεοῦ
2560 2596 2654 2649 καὶ
2673 2599 2812 2667 μετὰ
2829 2599 3135 2671 ἀνθρώπων
3152 2600 3250 2673 ἔσῃ
3274 2603 3519 2667 δυνατός·
3537 2624 3556 2657 ι
3578 2604 3686 2657 καὶ

2090 2678 2319 2734 ἐκάλεσε
2341 2686 2403 2735 τὸ
2425 2683 2599 2756 ὄνομα
2623 2686 2718 2741 τοῦ
2740 2690 2907 2743 τόπου
2925 2691 3156 2745 ἐκείνου·
3181 2689 3335 2757 Εἶδος
3352 2693 3509 2747 θεοῦ.
3539 2715 3557 2747 ι
3583 2691 3687 2749 Εἴ·

2088 2771 2180 2826 δον
2205 2772 2336 2845 γὰρ,
2356 2780 2544 2846 φησὶν,
2568 2779 2702 2834 Θεὸν
2730 2784 3023 2853 πρόσωπον
3050 2786 3191 2855 πρὸς
3217 2788 3533 2856 πρόσωπον·
3578 2792 3683 2841 καὶ

2089 2862 2267 2937 ἐσώθη
2280 2869 2313 2933 ἡ
2328 2867 2498 2941 ψυχή’
2529 2889 2548 2922 ι
2566 2872 2660 2925 καὶ
2674 2874 2856 2927 πάλινο
2887 2896 2906 2928 ι
2929 2876 3193 2931 Ἀνὲτειλε
3208 2879 3254 2931 δ’
3268 2878 3419 2947 αὐτῷ
3442 2884 3469 2933 6
3490 2881 3677 2951 ἥλιος,

2088 2954 2252 3025 ἡνίκα
2282 2961 2529 3031 παρῆλθε
2580 2962 2641 3017 τὸ
2679 2959 2822 3029 εἶδος
2848 2965 2944 3019 τοῦ
2974 2966 3144 3022 Θεοῦο
3188 2988 3207 3020 ι
3232 2970 3323 3024 διὰ
3351 2971 3558 3025 τούτων
3612 2973 3683 3025 δὲ

2088 3047 2307 3103 πάντων
2338 3054 2687 3125 μανθάνομεν
2713 3057 2791 3122 ὡς
2822 3060 2851 3112 6
2868 3061 3165 3132 μονογενὴς
3192 3061 3322 3127 Υἱὸς
3339 3065 3515 3136 ἐφάνη
3536 3065 3679 3118 κάν-

2085 3139 2263 3194 ταῦθα
2293 3142 2370 3214 τῷ
2430 3143 2645 3201 Ἰακώϐ.

2637 3441 2972 3500 ΕΡΩΤΗΣΙΣ
3020 3449 3136 3503 ΣΞ’.

2065 3523 2200 3592 Πῶς
2236 3529 2598 3618 εὐλογῆσαι.
2623 3535 2767 3618 tot);
2813 3540 3032 3618 παῖδας
3082 3546 3117 3598 ό
3164 3544 3378 3600 Ἰακὼϐ
3424 3549 3671 3618 λέγεται

2502 3602 2690 3670 ἐνίοις
2707 3602 3170 3683 ἐπῳασάρενος
3185 3634 3207 3683 ἶ

592 3680 733 3732 Edita
753 3696 780 3731 ³
802 3684 930 3735 Μδίο
960 3686 1107 3750 (Νονι
1133 3689 1259 3741 (ἷοηο
1283 3697 1324 3742 ιο
1349 3693 1388 3755 Ῐι
1417 3708 1470 3757 P-
1493 3696 1587 3746 208
1606 3700 1760 3762 εδει).
1785 3730 1846 3740 -
1872 3703 1949 3753 De
1970 3705 2140 3759 Jacobi
2164 3711 2337 3764 ultima
2360 3715 2587 3769 oratione
2613 3734 2667 3770 ac
2686 3720 3144 3781 benedictionibus.
3170 3733 3297 3784 Gen.
3318 3750 3451 3788 χιιι.

599 3777 733 3788 -...--
779 3764 906 3788 AL...
962 3784 988 3788 _
1014 3784 1133 3788 ____-
1183 3770 1207 3788 ι
1342 3774 1376 3788 ..
1421 3777 1452 3788 Α.
1672 3781 1684 3788 .

458 3762 503 3813 ι.
548 3760 735 3831 Neque
774 3764 910 3821 dirae
961 3784 1140 3838 neque
1183 3770 1615 3843 benedictiuues,
1670 3760 1785 3836 imo
1838 3799 1970 3840 vero

380 3851 641 3909 vaticinia
663 3868 791 3910 sunt
812 3858 1142 3927 patriarcha:
1161 3878 1446 3924 sermones
1469 3874 1722 3927 extremi.
1744 3874 1967 3943 Adeste,

381 3944 585 4016 inquit,
636 3957 700 4002 ut
743 3950 1011 4007 certiores
1049 3969 1146 4010 vos
1187 3955 1387 4014 faciam
1434 3962 1566 4032 quid
1620 3966 1826 4038 cuique
1868 3985 1967 4040 po-

370 4314 509 4369 diris
541 4330 606 4371 ac
645 4317 1124 4380 benedictionibus
1173 4330 1479 4384 orationem
1514 4349 1670 4389 suam
1702 4336 1772 4392 ob
1802 4354 1958 4393 com-

369 4422 592 4463 munem
623 4410 917 4481 legentium
952 4415 1243 4473 utilitatem
1274 4422 1492 4492 ligurat.
1518 4424 1638 4481 Jam
1676 4445 1806 4485 vero
1839 4430 1957 4486 Ru-

370 4502 538 4556 benio
574 4507 948 4576 arrOgantiam
974 4511 1271 4579 exprobrat
1298 4524 1354 4569 et
1379 4515 1638 4573 ferociam
1668 4524 1952 4594 patrisque

366 4593 672 4650 thalamum
706 4598 971 4653 violatum
1000 4619 1014 4655 :
1044 4614 1407 4676 posterosque
1438 4610 1559 4679 ejus
1596 4628 1800 4683 paucos
1827 4634 1959 4688 pra:-

364 4684 628 4743 dicitzid
684 4691 831 4745 enim
883 4692 1119 4750 innuunt
1170 4699 1362 4764 verba,
1413 4702 1585 4759 instar
1632 4721 1790 4776 aqua:
1827 4684 1952 4769 non

364 4776 604 4846 fervens,
655 4782 706 4836 id
758 4794 845 4838 est
897 4787 963 4839 ad
1015 4787 1407 4848 fecunditatem
1454 4812 1566 4851 non
1623 4799 1947 4862 incalescas.

360 4867 619 4927 Irascitur
641 4890 863 4946 quoque
897 4879 1141 4937 Simeoni
1174 4894 1340 4956 atque
1371 4889 1620 4956 Levinio,
1668 4892 1947 4952 Sicimita-

360 4975 483 5015 rum
517 4963 777 5033 injustam
816 4983 1005 5025 necem
1044 4974 1367 5045 deplorans;
1402 4981 1731 5051 deprecatur
1758 4999 1942 5045 autem

358 5056 656 5123 quominus
693 5059 925 5129 ipsemet
971 5065 1136 5123 ullam
1191 5073 1416 5129 sceleris
1447 5074 1567 5140 ejus
1620 5080 1942 5136 societatem

357 5150 628 5219 attingat:
660 5162 775 5208 tum
818 5157 1096 5215 maledicit
1127 5163 1413 5222 affectibus
1442 5183 1633 5224 eorum
1674 5173 1940 5243 improbis

2141 3799 2211 3848 α’.
2243 3794 2383 3850 Οὔτε
2412 3800 2547 3868 ἀραί
2576 3802 2717 3857 εἰσιν
2734 3805 2858 3861 οὕτε
2883 3811 3124 3881 εὐλογίαι
3155 3816 3293 3871 ἀλλὰ
3319 3824 3665 3893 προρρήσεις

2064 3885 2115 3939 Ol
2137 3886 2436 3944 τελευταῖοι
2452 3893 2546 3946 τοῦ
2577 3896 2927 3974 Πατριάρχου
2944 3904 3112 3974 λόγου
3141 3926 3159 3959 ι
3180 3885 3493 3983 Συνάχθητε
3522 3885 3657 3988 γὰρ,

2065 3980 2252 4048 φησὶν,
2300 3983 2387 4037 ἵνα
2417 3987 2729 4058 ἀναγγείλω
2759 3995 2888 4065 ὑμῖν
2921 3998 2975 4050 τί
2996 3980 3375 4071 ἀπαντήσεται
3409 3980 3546 4075 ῦμίν
3567 3980 3659 4063 ἑτέ

2056 4349 2138 4412 είς
2162 4351 2303 4423 ἀρὰν
2336 4356 2431 4410 καὶ
2483 4359 2735 4429 εὐλογίαν
2786 4367 2913 4429 τοὺς
2957 4366 3151 4436 λόγους
3198 4374 3280 4436 εἰς
3317 4349 3507 4449 κοινὴν
3536 4349 3653 4434 τῶν

1981 4441 2459 4546 Ι)ὲντευξομ.ιξνων
2486 4451 2773 4521 ὠφέλειαν.
2831 4458 2940 4511 Καὶ
2968 4459 3048 4529 τῷ
3094 4462 3196 4532 μὲν
3239 4441 3473 4538 Ῥουϐὶμῖ
3510 4471 3647 4523 αὐθ-

2061 4533 2249 4589 άδειαν
2279 4538 2654 4612 ἐπιμέμφεται
2689 4547 2781 4600 καὶ
2820 4546 3136 4622 θρασύτητα
3176 4556 3271 4609 καὶ
3300 4558 3399 4629 τὴν
3426 4533 3509 4623 είς
3534 4579 3652 4615 πα-

2055 4628 2238 4697 τρῴαν
2270 4631 2432 4702 εὐνὴν
2478 4638 2846 4708 παρανομίαν·
2892 4637 2954 4697 οὗ
2985 4643 3049 4715 δὴ
3088 4644 3305 4715 ὀλίγους
3348 4628 3517 4703 αὑτοῦ
3560 4671 3651 4718 γε-

2063 4718 2314 4788 γενῆσθαι
2329 4724 2455 4789 τοὺς
2475 4728 2774 4796 ἀπογόνους
2792 4734 3072 4801 προλέγει*
3096 4735 3253 4792 τοῦτο
3280 4740 3387 4811 γὰρ
3406 4742 3561 4813 δηλοῖ
3581 4746 3647 4797 τὸ

2054 4829 2071 4860 t
2099 4809 2185 4873 Ὡς
2208 4811 2350 4881 ὕδωρ
2366 4816 2440 4884 μὴ
2470 4818 2776 4886 ὲκζέσαις,»
2800 4824 2919 4876 ἀντὶ
2945 4823 3059 4891 τοῦ,
3087 4826 3177 4893 Μὴ
3205 4828 3329 4882 ὲκθε
3341 4809 3648 4901 ρμανθείης

2046 4902 2127 4965 εἰς
2166 4903 2513 4974 πολυγονίαν.
2558 4911 2783 4984 Νεμεσᾷ
2821 4915 2879 4969 δὲ
2922 4919 3015 4971 καὶ
3057 4918 3135 4990 τῷ
3165 4920 3382 4992 Σιμεὼν
3438 4925 3532 4977 καὶ
3558 4924 3645 4995 τῷ

2051 4992 2203 5059 Λευῒ,
2238 4997 2346 5052 τῶν
2368 5001 2665 5071 Σικιμιτῶν
2694 5006 2787 5061 τὸν
2828 5009 3014 5064 ἄδικον
3044 5012 3265 5084 ὄλεθρον
3286 4992 3639 5084 ὀδυρόμενος,

2051 5087 2145 5139 καὶ
2172 5086 2388 5159 εὔχεται
2420 5093 2690 5165 μηδεμίαν
2723 5101 3009 5156 κοινωνίαν
3048 5106 3130 5167 εἰς
3158 5104 3261 5176 τὴν
3286 5108 3641 5179 παρανομίαν

2048 5177 2194 5249 ἔχειν
2213 5184 2449 5257 ἐκείνην
2475 5188 2749 5261 ἐπαρᾶται
2789 5194 2975 5263 μέντοι
3012 5197 3112 5249 οὐκ
3138 5198 3348 5265 αὐτοῖς,
3366 5177 3640 5267 suum;

427 5261 473 5292 ”
500 5261 698 5321 Genes.
725 5283 895 5333 xxx",
935 5271 1027 5328 29.
1102 5275 1152 5309 ’ν
1182 5277 1311 5333 ibid.
1339 5280 1432 5335 28.
1510 5282 1559 5316 ³⁰
1589 5283 1722 5339 ibid.
1774 5285 1844 5340 50
1878 5296 1933 5342 et
1964 5304 2083 5360 seq.
2177 5294 2243 5326 ³ο·
2270 5295 2468 5353 Genes.
2508 5316 2657 5360 xux.
2688 5303 2709 5356 1
2752 5261 2904 5376 seqq.

500 5348 503 5351 '
1849 5348 2081 5437 uera}.

427 5444 539 5517 (56)
569 5445 974 5527 Hzeequaestio,
1005 5472 1128 5526 qum
1172 5460 1225 5515 in
1256 5464 1377 5520 cod.
1428 5464 1661 5522 Taurin.
1714 5470 1933 5527 deside-

351 5526 529 5582 ratur,
563 5534 628 5571 εχ
660 5518 1100 5599 ΤΙιοοιΙονοιοή.
1151 5532 1219 5587 92
1265 5534 1320 5588 in
1351 5518 1658 5609 Cenes.

351 5600 565 5654 sumpta
600 5588 723 5643 fuit.

424 5658 534 5729 (57)
574 5658 671 5717 Est
711 5661 1040 5725 Theodoreti
1080 5686 1134 5740 q.
1177 5671 1211 5726 6
1271 5673 1326 5727 in
1394 5677 1565 5733 Exod.
1621 5690 1658 5734 ι.
1710 5681 1930 5752 LXXX,

2043 5495 2095 5549 p.
2128 5481 2256 5537 250.

2115 5552 2227 5620 (57)
2269 5552 2612 5642 Fereuvcrbo
2655 5568 2818 5616 lenus
2859 5577 2922 5617 ex
2960 5562 3306 5625 Thcodorcto
3337 5589 3392 5642 q.
3448 5573 3542 5626 HO
3569 5574 3625 5630 in

2041 5620 2217 5677 Cenes
2267 5642 2318 5693 p.
2358 5625 2483 5681 213.
