3902 6212
292 265 426 329 1073

1097 271 1194 331 AD
1223 271 1818 332 AMPHILOCHIUM
1844 269 2189 343 QUﬂiSTIO
2233 271 2472 344 CCLIX,
2510 270 2717 330 CCLX.

3412 264 3508 329 107
3514 265 3549 328 4

290 380 546 449 πονηροῖς
576 378 757 433 αὐτῶν
789 378 988 434 πάθεσι
1018 382 1113 435 καὶ
1138 384 1204 453 τῇ
1234 382 1374 454 ὀργῇ
1408 385 1477 453 τῇ
1509 382 1708 453 μήνιδι·
1743 385 1864 436 ἐπι-

1975 384 2170 452 iraeque
2188 382 2409 437 vindici.
2431 381 2496 435 Et
2513 382 2732 452 quidem
2757 379 3072 450 cupiditatis
3099 379 3321 434 nomine
3346 394 3549 435 excau-

290 468 490 539 θυμίαν
511 467 567 521 δέ
595 468 693 539 τὴν
718 468 890 541 ὀργὴν
916 470 1194 524 ἐκάλεσεν·
1223 473 1288 524 ἐκ
1308 472 1516 543 ταύτης
1536 473 1646 543 γὰρ
1673 474 1706 543 ἠ
1730 472 1870 544 ὀργὴ

288 563 388 634 τὴν
420 561 779 632 ἐτυμολογίαν
830 563 941 633 ἔχει
965 580 979 594 ·
1014 563 1269 635 ὀρέγεται
1302 565 1412 636 γὰρ
1444 566 1472 617 6
1516 563 1869 636 ὀργιζόμενος

290 656 599 727 ἀμύνασθαι
665 656 757 709 τὸν
816 656 1029 727 ἐχθρόν·
1089 657 1187 709 καὶ
1242 657 1381 725 αὑτὴ
1432 656 1488 710 δὲ
1545 657 1579 727 ἡ
1632 656 1871 725 τιμωρία

290 748 598 819 πρόρρησις
617 744 705 819 ἦν·
739 768 756 800 ι
783 746 1063 818 Διαμεριῶ
1083 748 1192 819 γὰρ
1219 748 1417 811 αὐτοὺς
1448 750 1506 801 ἐν
1536 747 1757 810 Ἰακὼϐ,
1775 747 1872 800 καὶ

288 838 567 911 διασπερῶ
592 840 790 903 αὐτοὺς
816 840 874 893 ἐν
908 840 1141 911 Ἰσραήλ·
1180 860 1201 892 ι
1236 841 1407 912 ἀλλ’ή
1436 840 1530 893 τοῦ
1559 840 1695 893 Λευῖ
1727 839 1870 909 φυλὴ

288 931 375 985 διὰ
390 932 490 1002 τὴν
511 932 686 1003 ἄκραν
707 932 971 1004 διεσπάρη
990 920 1180 1005 τιμήν·
1202 934 1343 987 ὥστε
1363 933 1472 1005 γὰρ
1491 934 1698 1005 ἑκάστῃ
1729 932 1870 1004 φυλῇ

291 1025 524 1076 συνεῖναι
546 1024 779 1088 Λευΐτας
794 1024 890 1078 καὶ
915 1027 1095 1095 ἱερέας
1119 1026 1215 1079 καὶ
1231 1026 1329 1097 τὴν
1359 1026 1493 1097 παρ’
1517 1025 1698 1079 αὐτῶν
1723 1025 1870 1094 ώφέ-

284 1112 440 1167 λειαν
488 1115 850 1186 καρποῦσθαι,
874 1119 974 1171 οὐκ
1022 1117 1215 1174 ἔλαϐον
1246 1118 1378 1173 ἴδιον
1407 1120 1630 1190 κλῆρον,
1665 1118 1780 1172 ἀλλ’
1814 1120 1874 1171 ἐν

290 1208 495 1280 ἑκάστῃ
544 1210 684 1281 φυλῇ
734 1228 879 1276 τινες
946 1212 1133 1275 αὐτοῖς
1186 1213 1615 1283 ἀπενεμήθησαν
1664 1212 1871 1277 πόλεις,

290 1302 382 1353 καὶ
411 1301 507 1369 τῆς
542 1302 867 1371 προαστείου
899 1304 1003 1372 γῆς
1028 1304 1331 1375 ὡρισμένος
1362 1306 1584 1376 πήχεων
1614 1303 1869 1375 ἀριθμός·

289 1396 385 1448 καὶ
414 1398 446 1466 η
475 1396 568 1450 τοῦ
592 1397 803 1468 Σιμεὼν
826 1398 969 1469 φυλὴ
1001 1399 1102 1451 οὐκ
1153 1392 1265 1468 εἶχε
1294 1398 1496 1468 κλῆρον
1523 1395 1873 1467 κεχωρισμέ-

288 1504 399 1551 νον,
435 1488 569 1542 um:
595 1495 735 1543 κατὰ
763 1490 860 1561 τὴν
893 1488 987 1542 τοῦ
1040 1491 1382 1561 πατριάρχου
1435 1490 1743 1561 πρόρρησιν
1778 1504 1877 1559 με·

287 1577 421 1644 ταξὺ
446 1580 554 1634 τῶν
584 1581 761 1636 ἄλλων
784 1582 970 1653 φυλῶν
996 1582 1424 1653 διεσπαρμένον.

360 1759 426 1830 β’.
487 1759 594 1813 Τοῦ
645 1759 702 1813 δέ
765 1760 935 1814 Ἰουδα
982 1760 1209 1825 πολλοὺς
1276 1761 1532 1825 ἐπαίνους
1587 1760 1861 1825 διέξεισιν.

292 1870 313 1904 ι
353 1852 545 1916 Ἰούδα,
602 1853 661 1905 σέ
690 1853 1007 1907 αἰνέσαισαν
1032 1855 1079 1907 οἱ
1135 1853 1355 1923 ἀδελφοί
1413 1871 1530 1907 σου·
1574 1855 1631 1907 αἱ
1684 1854 1865 1925 χεῖρές

287 1961 382 1998 σου
423 1944 518 1996 ἐπὶ
560 1944 731 1997 νώτου
775 1946 885 1999 τῶν
913 1944 1125 2016 ἐχθρῶν
1160 1961 1274 1998 σου·
1309 1945 1752 2016 προσκυνήσουσί
1784 1962 1867 1998 σοι

284 2037 335 2089 οἱ
368 2036 474 2089 υἱοὶ
506 2033 601 2088 τοῦ
647 2034 853 2106 πατρός
897 2052 1011 2088 σου·
1045 2034 1287 2106 σκύμνος
1314 2034 1527 2099 λέοντος
1580 2035 1771 2100 Ἰούδα,
1801 2036 1866 2088 ἐκ

288 2126 540 2196 βλαστοῦ,
577 2128 661 2181 υἱέ
699 2146 824 2198 μου,
852 2127 1073 2200 ἀνέϐης.
1110 2145 1130 2180 ›
1172 2127 1335 2182 ’Δλλὰ
1360 2128 1568 2183 τούτων
1597 2129 1751 2181 οὐδὲν
1787 2128 1866 2199 τῷ

297 2217 471 2273 Ἰούδα
524 2220 806 2291 ἁρμόττει,
850 2220 987 2275 ἀλλὰ
1023 2222 1091 2292 τῇ
1158 2221 1224 2275 ἐκ
1265 2220 1460 2274 τούτου
1512 2220 1867 2295 βλαστησάσῃ

286 2311 449 2380 φυλῇ·
504 2311 756 2382 βασιλικὴ
808 2314 918 2382 γὰρ
976 2308 1046 2385 ἦν
1108 2312 1272 2382 αῦτη,
1334 2313 1555 2383 πρώτου
1620 2312 1720 2383 μὲν
1770 2314 1868 2368 τοῦ

284 2405 448 2458 Δαϐὶδ
469 2405 910 2475 βασιλεύσαντος,
930 2401 1052 2460 εἶτα
1076 2406 1184 2460 τῶν
1208 2408 1267 2473 ἐξ
1298 2406 1530 2469 ἐκείνου,
1558 2406 1653 2460 καὶ
1675 2408 1869 2463 πασῶν

283 2499 341 2552 δὲ
378 2499 487 2553 τῶν
517 2499 694 2554 ἄλλων
724 2501 909 2569 φυλῶν
938 2496 1007 2572 ἦν
1043 2502 1416 2571 δυνατωτάτη⁶
1440 2503 1534 2557 καὶ
1564 2503 1674 2573 γὰρ
1703 2504 1870 2573 ἡνίκα

282 2590 452 2643 Δαϐὶδ
477 2592 505 2643 6
545 2590 796 2661 βασιλεὺς
824 2592 1199 2665 ἀριθμηθῆναι
1248 2594 1553 2663 προσέταξε
1596 2595 1688 2650 τὸν
1715 2595 1867 2661 λαὸν,

283 2683 645 2753 τετρακοσίας
668 2684 911 2754 χιλιάδας
940 2685 1034 2738 τοῦ
1075 2682 1252 2739 ’ἰούδα
1274 2678 1425 2758 εὗρε,
1457 2686 1569 2739 τῶν
1609 2686 1667 2740 δὲ
1693 2687 1870 2741 ἄλλων

286 2774 471 2843 φυλῶν
518 2776 886 2840 ἐννεακοσίας·
920 2778 1014 2830 καὶ
1043 2776 1226 2848 μέντοι
1260 2779 1364 2832 κάν
1401 2781 1467 2850 τῇ
1501 2779 1693 2851 ἐρήμῳ
1747 2780 1870 2849 ἀρι-

285 2865 613 2938 δμηθέντες,
634 2868 855 2932 πλείους
878 2867 1141 2941 ὤφθησαν
1167 2870 1276 2923 τῶν
1309 2870 1487 2925 ἄλλων
1503 2870 1706 2940 φυλῶν·
1735 2871 1871 2925 ἀλλὰ

283 2957 348 3016 τὸ
378 2956 602 3032 ἆκριϐἐς
628 2961 727 3031 τῆς
760 2962 1120 3031 προρρήσεως
1157 2958 1259 3030 τὴν
1296 2957 1521 3011 ἔκϐασιν
1554 2958 1747 3011 ἐλαϐεν
1777 2959 1872 3012 ἐπὶ

284 3053 381 3110 τοῦ
406 3055 677 3108 Δεσπότου
701 3053 960 3125 Χριστοῦ,
990 3053 1048 3116 ὂς
1071 3053 1136 3106 ἐκ
1160 3050 1397 3123 βλαστοῦ
1439 3050 1609 3105 Ἰούδα
1628 3051 1869 3105 ἀνέτειλε

285 3147 427 3201 κατὰ
451 3148 543 3199 τὸν
578 3147 925 3217 πατριάρχην
969 3145 1186 3210 Ἰακὼϐ,
1230 3146 1326 3199 καὶ
1355 3145 1498 3198 κατὰ
1535 3145 1625 3198 τὸν
1661 3145 1868 3216 προφή-

285 3257 385 3311 την
414 3240 662 3294 Ἡσαῖαν·
694 3259 712 3291 ι
735 3238 957 3310 Ἐξῆλθε
980 3239 1175 3310 ῥάϐδος
1193 3239 1259 3292 ἐκ
1273 3239 1375 3307 τῆς
1394 3239 1549 3309 ῥίζης
1565 3237 1755 3301 Ἰεσαὶ,
1774 3239 1866 3291 καὶ

286 3332 445 3396 ἄνθος
468 3335 531 3385 ἐκ
560 3332 662 3403 τῆς
692 3331 849 3403 ῥίζης
877 3331 1101 3403 ἁνέϐη·›
1130 3330 1278 3401 αὑτῷ
1298 3331 1355 3383 δέ
1385 3331 1481 3384 καὶ
1504 3330 1565 3383 τὸ
1596 3350 1614 3382 ι
1639 3332 1871 3385 Ἀναπε-

288 3424 400 3476 σὼν
442 3423 518 3486 ώς
547 3422 686 3476 λέων
729 3423 1023 3494 ἐκοιμήθη,
1071 3416 1358 3493 ἁρμόττει,
1387 3422 1483 3476 καὶ
1514 3422 1589 3484 ώς
1630 3420 1869 3490 σκύμνος

283 3514 521 3578 λέοντος·
556 3536 573 3567 ι
596 3514 784 3586 ὥσπερ
808 3514 913 3585 γὰρ
941 3515 969 3567 6
998 3514 1135 3567 λέων
1156 3513 1438 3567 καθεύδων
1470 3514 1589 3567 ἐστὶ
1613 3513 1869 3588 φοϐερὸς,

284 3607 461 3673 οῦτως
508 3610 537 3661 6
557 3608 883 3671 Δεσποτικὸς
912 3607 1142 3671 θάνατος
1191 3608 1288 3662 καὶ
1316 3607 1398 3677 τῷ
1427 3606 1644 3678 θανάτῳ
1674 3606 1871 3680 καὶτῷ

284 3701 519 3770 διαϐόλῳ
557 3701 872 3769 γεγένηται·
916 3700 1106 3763 λέοντα
1150 3699 1259 3771 γὰρ
1292 3699 1456 3753 αὑτὸν
1503 3700 1598 3753 καὶ
1630 3699 1872 3768 σκύμνον

285 3794 499 3858 λέοντος
520 3795 791 3865 κέκληκεν
811 3794 886 3856 ὡς
910 3794 1146 3847 Βασιλέα
1167 3794 1263 3847 καλ⁵
1284 3793 1561 3857 Βασιλέως
1593 3794 1746 3856 Υίὸν,
1777 3794 1872 3847 καὶ

287 3888 421 3942 Θεὸν
456 3889 552 3941 καὶ
574 3887 711 3940 Θεοῦ
732 3888 861 3941 Υίόν
894 3903 908 3918 ·
931 3887 1030 3942 καὶ
1052 3887 1193 3941 κατὰ
1209 3887 1271 3940 τὸ
1292 3886 1661 3960 ἀνθρώπινον·
1689 3890 1755 3942 ἐκ
1775 3886 1871 3941 τοῦ

290 3981 456 4034 Δαϐὶδ
495 3981 603 4052 γὰρ
628 3980 953 4051 ἐϐλάστησε·
986 3982 1079 4033 καὶ
1109 3980 1185 4043 ώς
1223 3979 1356 4044 Θεὸς
1387 3980 1494 4051 πρὸ
1517 3980 1628 4034 τῶν
1657 3980 1873 4034 αἰώνων

290 4074 354 4127 ἐκ
373 4073 467 4127 τοῦ
485 4073 699 4144 [ἰατρὸς
729 4072 1017 4143 ἐγεννήθη·
1049 4073 1144 4125 καὶ
1166 4074 1247 4135 τὸ,
1270 4090 1289 4123 ι
1314 4073 1411 4135 Τίς
1432 4074 1616 4144 ἐγερεῖ
1641 4072 1805 4126 αὐτόν
1821 4091 1869 4138 ;»

288 4166 389 4237 τὴν
439 4166 649 4234 ἄφατον
704 4163 873 4217 αὑτοῦ
927 4163 1170 4216 δείκνυσι
1235 4163 1485 4234 δύναμιν·
1556 4164 1721 4227 αὐτὸς
1764 4164 1875 4235 γὰρ

290 4257 484 4310 ἐαυτὸν
499 4255 763 4326 ἀνέστησε
790 4256 930 4307 κατὰ
946 4255 1045 4324 τὴν
1071 4253 1237 4307 αὐτοῦ
1257 4255 1567 4327 πρόρρησιν
1585 4272 1631 4305 ·‹
1657 4255 1874 4310 Λύσατε

288 4351 380 4404 τὸν
407 4350 532 4403 ναὸν
559 4348 769 4412 τοῦτον,
804 4367 821 4400 ›
850 4347 945 4401 καὶ
968 4346 1115 4417 ἐξῆς.

1898 1732 1945 1790 Β

1972 476 2305 532 descentiatn
2367 475 2644 545 appellat:
2679 474 2827 528 illinc
2874 474 3078 543 quippe
3125 474 3347 529 ducitur
3383 489 3551 528 voca-

1974 569 2087 622 buli
2122 567 2564 622 excandescentia
2590 567 2765 631 ratio;
2797 566 2950 619 ardet
2970 566 3116 621 enim
3145 566 3552 621 excandescens

1975 660 2258 714 inimicum
2308 658 2612 714 ulciscendi
2662 659 2985 728 cupiditate.
3036 660 3217 727 Atque
3264 658 3380 712 haec
3432 658 3551 726 ipsa

1974 754 2111 809 ultio
2150 753 2471 807 vaticinium
2506 762 2648 807 erat.
2687 770 2705 803 ι
2741 751 2985 805 Dividam
3016 750 3217 820 quippe
3240 763 3336 804 eos
3362 751 3417 803 in
3456 746 3552 803 Ja-

1973 847 2099 911 cob,
2147 846 2454 917 dispergam
2504 846 2558 900 in
2592 845 2779 901 Israel.
2818 864 2835 895 ι
2888 844 3098 913 Reapse
3132 852 3311 898 tamen
3342 841 3552 897 Levinii

1975 941 2155 995 tribus
2205 938 2407 995 summi
2444 938 2674 993 honoris
2710 938 2884 1007 gratia
2919 937 3167 1006 dispersa
3208 934 3314 990 fuit
3352 949 3553 989 :nam-

1976 1048 2083 1103 que
2108 1044 2167 1087 ut
2200 1032 2255 1087 in
2290 1031 2524 1102 singulis
2555 1031 2804 1087 tribubus
2830 1029 3031 1082 Levita:
3061 1037 3245 1082 essent
3280 1043 3345 1082 ac
3373 1041 3556 1085 sacer-

1974 1125 2150 1192 dotes,
2200 1124 2554 1194 indidemque
2606 1124 2898 1179 utilitatem
2946 1120 3291 1191 perciperent
3315 1120 3382 1185 ³¹,
3446 1134 3553 1172 non

1974 1227 2058 1275 est
2087 1218 2197 1274 illis
2226 1218 2507 1287 assignate
2536 1215 2834 1285 peculiaris
2867 1212 3169 1285 possessio,
3198 1212 3294 1268 sed
3324 1210 3380 1264 in
3415 1226 3556 1264 una-

1976 1324 2197 1380 quaque
2228 1308 2372 1364 tribu
2401 1306 2653 1379 quredam
2686 1308 2851 1361 urbes
2876 1305 3156 1360 attributae
3186 1319 3312 1358 cum
3354 1303 3556 1358 subur-

1976 1400 2105 1455 bani
2134 1398 2238 1453 soli
2267 1397 2495 1453 deﬁnito
2538 1397 2852 1451 cubitorum
2895 1408 3150 1448 numero.
3186 1391 3325 1445 Tum
3358 1406 3425 1445 ne
3466 1389 3555 1443 Si-

1976 1491 2191 1547 meonis
2214 1491 2437 1561 quidem
2478 1490 2657 1545 tribus
2689 1488 2973 1557 proprium
3001 1500 3192 1556 agrum
3222 1483 3415 1537 sortita
3450 1492 3555 1543 est,

1975 1586 2073 1643 sed
2124 1597 2185 1642 ut
2241 1584 2552 1655 patriarcha
2610 1581 2955 1653 praedixerat,
3005 1580 3148 1634 inter
3187 1576 3323 1632 alias
3380 1575 3557 1631 tritius

1975 1680 2223 1749 dispersa
2248 1679 2313 1731 “.

2041 1773 2096 1826 2.
2137 1771 2247 1841 Age
2282 1783 2409 1824 vero
2430 1766 2584 1822 Judae
2610 1765 2872 1835 plurimas
2897 1764 3083 1820 laudes
3104 1761 3315 1817 recitat.
3353 1775 3372 1809 ι
3396 1756 3556 1823 Juda,

1970 1861 2194 1917 laudent
2239 1868 2291 1913 te
2337 1857 2541 1912 fratres
2586 1856 2703 1921 tui;
2752 1867 2948 1907 manus
3003 1861 3110 1906 tua:
3160 1851 3213 1904 in
3253 1847 3557 1904 cervicibus

1968 1955 2209 2012 hostium
2242 1962 2501 2016 tuorum;
2531 1949 2627 2004 lilii
2659 1949 2839 2018 patris
2865 1946 2944 2001 tui
2971 1947 3200 2000 adorent
3227 1952 3298 1996 te.
3331 1939 3557 1996 Catulus

1966 2047 2142 2103 leonis
2172 2045 2342 2101 ludas
2370 2062 2386 2111 ;
2421 2059 2487 2098 ex
2516 2042 2778 2113 germine,
2811 2038 2886 2093 tili
2908 2036 3005 2101 mi,
3037 2035 3357 2090 ascendas.»
3391 2031 3554 2101 Atqui

1966 2140 2107 2197 nihil
2136 2141 2331 2194 horum
2357 2136 2513 2192 Judaa
2545 2132 2817 2203 congruit,
2849 2130 2945 2187 sed
2984 2137 3118 2185 orta:
3145 2143 3213 2183 ex
3256 2140 3322 2182 eo
3359 2122 3547 2182 tribui.

1967 2250 2089 2305 quae
2135 2231 2335 2302 regalis
2385 2228 2579 2291 evasit,
2648 2225 2850 2280 Davide
2904 2238 3033 2293 rege
3091 2221 3302 2291 primo,
3351 2218 3547 2273 deinde

1967 2326 2207 2399 posteris
2241 2324 2383 2393 ejus.
2419 2319 2546 2375 Haec
2582 2317 2831 2373 omnium
2878 2314 3119 2370 tribuum
3173 2308 3553 2381 potentissima

1968 2419 2117 2474 fuit:
2160 2432 2287 2472 nam
2342 2423 2549 2468 etcum
2606 2426 2699 2465 rex
2753 2407 2921 2461 David
2977 2403 3255 2460 numerari
3294 2401 3555 2472 populum

1966 2511 2162 2583 jussit,
2199 2507 2596 2578 quadringenta
2634 2500 2805 2556 millia
2848 2497 3164 2552 Judaeorum
3202 2497 3443 2565 reperit;
3490 2508 3559 2547 ex

1970 2605 2096 2661 aliis
2153 2617 2284 2658 vero
2341 2597 2582 2657 cunctim
2639 2595 2889 2650 tribubus
2955 2598 3227 2659 nongenta
3305 2585 3556 2641 millia”.

1971 2700 2084 2753 lmo
2116 2703 2171 2752 et
2228 2695 2282 2749 in
2344 2692 2562 2747 deserto
2621 2704 2747 2744 cum
2805 2700 3005 2742 census
3056 2691 3327 2753 ageretur,
3378 2678 3561 2749 plures

1970 2790 2144 2847 Judaai
2174 2789 2388 2843 caeteris
2422 2783 2679 2838 tribubus
2710 2777 2975 2849 comperti
3010 2783 3161 2831 sunt.
3193 2771 3453 2827 Vaticinii
3476 2781 3558 2823 ta-

1973 2899 2097 2939 men
2137 2886 2396 2936 accurata
2454 2875 2596 2930 ratio
2642 2881 2801 2927 nacta
2857 2878 2942 2925 est
2986 2867 3191 2922 exitum
3242 2865 3295 2918 in
3340 2860 3563 2916 Christo

1973 2976 2230 3037 Domino,
2256 2974 2353 3043 qui
2380 2970 2447 3025 de
2471 2968 2625 3023 Iudae
2657 2964 2906 3037 germine
2928 2960 3175 3023 emersit,
3206 2967 3370 3027 prout
3396 2954 3559 3009 Jaco-

1973 3070 2077 3123 bus
2110 3064 2423 3138 patriarcha
2475 3069 2530 3116 et
2574 3057 2745 3113 Isaias
2794 3054 3057 3126 propheta
3113 3050 3558 3107 affirmaverunt:

1973 3160 2121 3214 Exiit
2148 3156 2295 3224 virga
2319 3154 2389 3209 de
2414 3152 2596 3208 radice
2621 3148 2831 3211 Jessmi,
2863 3157 2917 3202 et
2938 3145 3039 3201 llos
3063 3144 3131 3199 de
3163 3143 3344 3197 radice
3371 3155 3563 3195 ascen-

1971 3254 2069 3309 dit.
2104 3252 2327 3308 Christo
2376 3257 2638 3318 przeterea
2684 3244 2851 3299 verba
2893 3246 3228 3309 congruunt,
3297 3253 3316 3285 ι
3367 3231 3437 3289 Ut
3479 3234 3563 3287 leo

1972 3345 2339 3420 procumbens
2401 3340 2629 3411 quievit,
2686 3352 2746 3391 ut
2800 3334 2976 3389 leonis
3010 3329 3306 3388 catulus“.
3350 3345 3372 3380 ι
3427 3326 3561 3381 Nam

1973 3418 2137 3497 sicuti
2174 3439 2260 3494 leo
2291 3435 2500 3492 cubans
2543 3428 2802 3487 terribilis
2842 3435 2945 3491 est,
2990 3426 3066 3479 ita
3097 3438 3250 3478 mers
3280 3418 3563 3475 Dominica

1974 3531 2137 3588 morti
2170 3546 2235 3587 ae
2270 3528 2484 3583 diabolo
2521 3522 2717 3579 terrori
2751 3520 2875 3575 fuit.
2915 3518 3155 3573 Leonem
3196 3516 3373 3585 ipsum
3406 3519 3566 3567 catu-

1975 3628 2200 3696 lumque
2233 3622 2407 3678 leonis
2441 3618 2697 3689 appellat.
2741 3627 2936 3683 nempe
2979 3619 3041 3665 ut
3082 3623 3264 3680 regem
3310 3605 3567 3696 regisque

1977 3694 2470 3784 filium,l)eumque
2518 3710 2609 3763 Dei
2647 3707 2867 3761 Filium.
2904 3702 3120 3759 Etenim
3152 3708 3210 3753 ut
3240 3700 3425 3759 homo,
3459 3694 3569 3748 Da-

1974 3812 2099 3866 vide
2128 3817 2284 3863 ortus
2310 3814 2429 3872 est;
2466 3814 2526 3858 ut
2559 3804 2722 3866 Deus,
2775 3806 2902 3853 ante
2933 3794 3134 3851 saecula
3166 3807 3195 3843 a
3226 3788 3391 3844 Patre
3414 3785 3569 3857 geni—

1977 3914 2089 3960 tus.
2108 3900 2228 3957 Jam
2248 3900 2413 3954 verba
2437 3918 2455 3949 ι
2480 3894 2617 3962 Quis
2635 3891 2924 3949 suscitabit
2943 3903 3093 3954 eum,
3116 3905 3135 3937 ›
3158 3882 3428 3938 maximas
3447 3877 3567 3947 ejus

1975 3998 2121 4051 vires
2149 3994 2531 4049 demonstrant
2565 4004 2578 4042 :
2610 3987 2726 4055 ipse
2750 3984 2896 4039 enim
2924 3987 3098 4037 semet
3120 3983 3284 4048 prout
3309 3970 3570 4045 praedixe-

1976 4098 2065 4145 rat
2108 4084 2469 4142 exsuscitavit
2518 4101 2532 4136 :
2592 4099 2610 4133 ι
2654 4079 2863 4134 Solvite
2926 4074 3189 4144 templum
3240 4070 3383 4135 hoc;
3440 4084 3460 4117 ι
3513 4073 3568 4117 et

1979 4184 2211 4253 reliqua.

363 4448 431 4512 γ’.
464 4405 834 4513 Προαγορεύει
875 4440 933 4493 δὲ
960 4405 1201 4509 καὶμτῆς
1225 4439 1549 4508 ἐπιφανείας
1578 4440 1744 4494 αὐτοῦ
1774 4441 1867 4494 τὸν

2051 4428 2106 4483 5.
2142 4424 2324 4496 Pergit
2355 4431 2575 4490 tempus
2606 4416 2769 4472 etiam
2806 4411 3123 4484 praedicere,
3163 4421 3274 4478 quo
3303 4405 3393 4461 ille
3437 4419 3568 4458 ven»

292 4536 499 4607 καιρόν·
524 4554 541 4586 ι
562 4536 678 4589 Οὐκ
693 4534 934 4605 ἐκλείψει
950 4534 1058 4605 γὰρ
1075 4534 1259 4604 ἄρχων
1277 4531 1336 4597 ἐξ
1365 4533 1554 4599 Ἰούδα,
1580 4554 1599 4587 ι
1620 4536 1713 4589 καὶ
1726 4534 1874 4606 ἑξῆς·

291 4632 519 4700 σημεῖον
552 4628 660 4700 γὰρ
695 4628 855 4681 τοῦτο
891 4630 992 4699 τῆς
1037 4625 1133 4679 τοῦ
1166 4626 1374 4697 Κυρίου
1416 4627 1721 4697 παρουσίας
1778 4645 1877 4681 σα-

288 4721 578 4789 φέστατον·
631 4718 879 4783 ἐξέλιπον
926 4716 1038 4786 γὰρ
1074 4716 1184 4770 τῶν
1222 4716 1494 4770 Ἰουδαίων
1516 4718 1617 4787 οὐχ
1646 4718 1697 4771 οἱ
1721 4715 1879 4788 βασι-

289 4814 405 4876 λεῖς
464 4813 624 4883 μόνον
653 4811 790 4864 ἀλλὰ
829 4811 922 4864 καὶ
969 4810 1020 4862 οἱ
1067 4809 1349 4881 ἀρχιερεῖς
1374 4810 1469 4863 καὶ
1496 4810 1548 4862 οἱ
1577 4812 1874 4882 προφῆται·

287 4902 384 4956 τοῦ
422 4904 531 4973 γὰρ
563 4902 813 4972 Σωτῆρος
855 4898 1013 4970 ἡμῶν
1045 4899 1330 4970 μέλλοντος
1357 4899 1664 4965 τίκτεσθαι,
1710 4902 1871 4955 ἁλλό-

289 4995 447 5064 φυλοι
477 4994 657 5048 αὐτῶν
685 4994 997 5064 ἐκράτησαν
1033 4990 1298 5060 βασιλεῖς,
1334 4992 1422 5045 ἵνα
1450 4993 1480 5045 6
1522 4992 1739 5056 αἰώνιος
1768 4995 1876 5047 δει-

288 5088 391 5158 χθῇ
426 5086 686 5149 Βασιλεὺς
713 5087 747 5156 ἡ
777 5084 887 5137 τῶν
916 5082 1088 5137 ἐθνῶν
1136 5082 1457 5154 προσδοκία·
1494 5084 1590 5137 καὶ
1617 5085 1727 5154 γὰρ
1780 5084 1875 5139 καὶ

286 5178 369 5249 τῷ
419 5177 670 5249 Ἀϐραὰμ
700 5178 795 5230 καὶΙ
824 5175 901 5247 τῷ
944 5176 1133 5229 Ἰσαὰκ
1153 5176 1248 5228 καὶ
1277 5174 1354 5246 τῷ
1388 5174 1584 5228 Ἰακὼϐ
1608 5176 1877 5246 ὑπέσχετο

288 5276 317 5326 6
351 5273 483 5335 Θεὸς
513 5274 571 5324 ἐν
621 5270 701 5341 τῷ
751 5272 1028 5341 σπέρματι
1088 5268 1268 5321 αὐτῶν
1319 5267 1638 5338 εὐλογήσειν
1701 5269 1881 5321 πάντα

274 5354 360 5419 ’τὰ
388 5365 514 5435 ἔθνη
536 5363 637 5432 τῆς
670 5363 795 5433 γῆς·
827 5362 987 5415 τοῦτο
1005 5362 1062 5415 δέ
1082 5360 1178 5413 καὶ
1206 5359 1442 5413 ἐνταῦθα
1485 5359 1811 5429 παραδηλῶν
1853 5361 1883 5412 6

304 5457 520 5522 Ἰακὼϐ,
554 5457 708 5529 φησί·
735 5475 753 5507 ι
781 5456 895 5509 Οὐκ
910 5454 1148 5525 ἐκλείψει
1181 5454 1421 5524 ἄρχων,›
1448 5455 1543 5506 καὶ
1565 5451 1717 5521 ἐξῆς·
1749 5453 1880 5517 ἓως,

299 5568 318 5600 ι
342 5550 451 5603 Καὶ
465 5551 623 5613 αὐτὸς
641 5549 937 5620 προσδοκία
953 5548 1144 5602 ἐθνῶν·
1168 5566 1187 5598 ι
1206 5549 1302 5600 καὶ
1316 5546 1588 5601 Ἰουδαίων
1609 5546 1882 5599 συστάντα

367 5664 411 5696 ³¹
438 5662 596 5717 Num.
652 5678 818 5723 xxxv.
849 5664 904 5718 4.
1008 5662 1052 5695 ³¹
1080 5660 1200 5717 Jos.
1231 5676 1344 5727 tux,
1374 5660 1426 5716 9.

298 5733 343 5765 “
368 5735 565 5791 Cenes.
599 5750 745 5800 xux,
782 5732 865 5788 10.

1529 5658 1574 5691 ³⁸
1600 5659 1618 5714 l
1647 5659 1826 5715 Paral.
1858 5675 1972 5726 xxr,
2008 5658 2075 5727 5;
2106 5656 2267 5713 Num.
2309 5671 2349 5722 ι,
2400 5652 2492 5711 ‘27.

1975 4532 2139 4579 turus
2171 4526 2334 4575 erat:
2370 4535 2389 4568 ι
2435 4513 2558 4568 Non
2585 4509 2802 4565 deficiet
2846 4508 3102 4576 princeps
3134 4517 3201 4557 ex
3228 4498 3402 4564 Juda;
3447 4516 3467 4551 ι
3515 4506 3572 4551 et

1979 4616 2212 4685 reliqua.
2241 4611 2356 4667 Hoc
2399 4607 2547 4664 enim
2585 4603 2851 4660 indicium
2899 4598 3004 4653 fuit
3035 4594 3237 4651 Christi
3286 4590 3573 4661 praesentis

1977 4682 2479 4779 exploratissimum
2516 4717 2532 4754 :
2566 4709 2808 4765 namque
2834 4690 2978 4761 apud
3003 4687 3220 4744 Judaeos
3253 4682 3574 4738 defecerant

1978 4778 2088 4859 non
2125 4816 2281 4872 reges
2317 4790 2722 4854 tantummodo,
2753 4786 2848 4843 sed
2881 4784 3047 4841 etiam
3088 4778 3378 4851 pontiﬁces
3408 4783 3574 4844 atque

1983 4866 2282 4966 prophetae.
2313 4887 2527 4943 Etenim
2557 4881 2864 4939 Servatoris
2895 4875 3069 4933 nostri
3099 4875 3339 4928 instante
3375 4866 3581 4923 nativi-

1984 5000 2116 5054 tate,
2146 4986 2465 5057 alienigenas
2495 4996 2651 5053 reges
2679 4976 3125 5037 dominabantur,
3161 4981 3224 5025 ut
3270 4984 3371 5057 rex,
3412 4975 3573 5020 aiter-

1986 5100 2091 5140 uus
2143 5056 2608 5140 manifestaretur,
2656 5071 2897 5143 gentium
2929 5063 3285 5136 exspectatio.
3330 5056 3467 5113 Nam
3517 5064 3573 5109 et

1985 5174 2303 5231 Abrahamo
2328 5181 2382 5225 et
2415 5168 2601 5224 lsaaco
2625 5174 2681 5220 et
2715 5162 2919 5218 Jacobo
2961 5157 3292 5229 promiserat
3316 5151 3483 5213 Deus,
3516 5148 3571 5202 in

1981 5267 2192 5325 semine
2240 5276 2433 5318 eorum
2493 5258 2908 5314 henedicturum
2958 5268 3019 5308 se
3056 5257 3244 5321 gentes
3302 5255 3479 5300 terrm.
3514 5241 3573 5294 ld

1980 5359 2161 5428 ipsum
2204 5354 2310 5409 hoc
2336 5355 2457 5407 loco
2487 5349 2773 5405 declarans
2800 5344 3038 5400 Jacobus
3070 5341 3148 5395 ait
3174 5358 3187 5394 :
3226 5355 3247 5389 ι
3284 5333 3406 5428 Nop
3434 5332 3570 5386 deli-

1981 5422 2089 5505 ciet
2116 5447 2369 5519 princeps
2394 5460 2410 5511 ;
2440 5463 2458 5495 ι
2486 5451 2542 5500 ct
2560 5441 2790 5509 reliqua,
2813 5450 2986 5506 usque
3004 5433 3070 5487 ad
3094 5429 3258 5486 verba
3280 5445 3294 5482 :
3327 5443 3347 5477 ι
3372 5422 3437 5477 Et
3454 5423 3577 5494 ipse

1981 5543 2085 5599 erit
2118 5518 2461 5611 exspectatio
2492 5535 2738 5609 gentium
2765 5550 2781 5588 :
2808 5550 2826 5583 ι
2863 5528 3235 5601 populumque
3282 5518 3574 5575 Iudaicum

2597 5649 2641 5681 “
2673 5647 2779 5706 lsa.
2829 5660 2903 5711 χι,
2939 5645 2989 5698 7.
3088 5640 3131 5672 ³³
3161 5634 3319 5693 Joan.
3386 5648 3443 5699 ιι,
3482 5632 3569 5687 l9.
