3848 6312
409 269 548 338 10Ἱό

1478 269 1744 330 ΜῘΟΤΙΙ
1784 263 2291 328 PATRIARCH/E
2329 263 2440 323 CP.

3541 249 3667 311 me

397 382 714 439 constituet.
747 380 1009 448 Alligans,
1044 378 1244 450 inquit,
1276 377 1373 435 vili
1403 379 1614 434 asinam
1651 393 1828 444 suam,
1861 375 1988 430 vitis

2095 369 2238 424 λαόν.
2253 367 2573 440 «Δεσμεύων
2593 366 2728 438 πρὸς
2757 364 3002 436 ἄμπελον
3027 363 3127 435 τὴν
3147 361 3270 417 ὄνον
3297 361 3505 426 αὐτοῦ,
3524 362 3671 432 φησιν

398 491 555 530 ramo
581 474 785 543 pullum
817 473 985 527 asina:
1012 487 1144 527 suae.
1178 471 1332 538 Quod
1361 471 1583 541 quidem
1611 473 1738 528 vitis
1766 471 1990 527 nomine

399 569 688 622 denotetur
721 567 907 631 Israel,
957 567 1160 636 passim
1216 566 1493 636 propheta:
1533 566 1753 621 docent.
1792 563 1990 636 Utique

400 660 568 716 David
619 662 724 714 ait:
783 680 802 711 ‹
847 658 1067 715 Vineam
1113 676 1181 715 ex
1220 659 1456 732 Egypto
1512 659 1834 715 transtulisti
1855 660 1924 715 ³⁷.
1962 678 1982 714 ι

401 752 540 807 Tum
617 753 882 808 Dominus
943 755 994 807 in
1034 753 1389 821 Evangeliis:
1449 772 1467 804 ι
1522 749 1703 808 Homo
1761 754 1986 823 quidam

403 847 619 900 vineam
690 846 1036 916 plantavit“.
1081 867 1100 899 ι
1165 845 1379 900 Pullum
1445 846 1582 902 dicit
1633 845 1984 900 ethnicorum

403 938 666 1008 populum
689 979 704 1001 ,
755 948 936 1008 utpote
966 940 1146 994 adhuc
1176 939 1462 994 indocilem
1498 950 1553 996 et
1591 941 1861 996 domitore
1891 956 1988 995 ca-

406 1040 634 1086 remem.
673 1031 787 1088 Hoc
815 1033 932 1102 ipse
958 1030 1222 1090 Dominus
1278 1034 1478 1098 innuit,
1537 1049 1663 1090 cum
1711 1033 1990 1089 mandavit

404 1127 692 1200 discipulis
727 1131 860 1184 utin
895 1131 1183 1186 adversum
1214 1132 1494 1187 castellum
1529 1135 1691 1200 irent,
1723 1134 1990 1188 vinctam-

403 1238 511 1291 que
554 1224 764 1278 asinam
798 1225 1070 1279 solverent
1098 1240 1224 1280 cum
1266 1226 1414 1295 pullo
1461 1227 1600 1296 ejus,
1633 1243 1796 1299 quem
1827 1242 1989 1282 nemo

405 1315 603 1382 adhuc,
643 1317 838 1386 inquit,
883 1317 1239 1374 insederat”.
1272 1319 1404 1375 Nam
1436 1338 1614 1394 neque
1652 1327 1986 1394 patriarcha,

406 1424 582 1477 neque
610 1409 908 1476 legislator,
933 1427 1108 1481 neque
1142 1414 1404 1484 propheta
1432 1416 1624 1473 salutis
1641 1420 1986 1476 ethnicorum

406 1517 593 1554 curam
619 1516 921 1572 gesserant.
955 1504 1072 1560 Divi
1096 1517 1279 1562 autem
1311 1511 1540 1579 apostoli
1569 1513 1787 1568 erudire
1808 1514 1990 1569 ethni-

406 1608 500 1646 cos
529 1592 670 1660 jussi
711 1595 990 1651 solverunt
1047 1599 1278 1665 asinam,
1313 1599 1364 1654 id
1400 1610 1484 1655 est
1513 1602 1796 1658 hominum
1828 1613 1990 1660 natu-

406 1700 523 1738 ram
565 1698 912 1755 peccatorum
943 1689 1073 1744 loris
1120 1699 1280 1744 antea
1306 1691 1614 1748 devinctam
1647 1709 1661 1746 :
1705 1695 1990 1752 solverunt
2018 1721 2064 1780 Β

405 1786 460 1828 et
493 1777 720 1845 pullum.
757 1781 1152 1849 germinantem
1192 1783 1400 1839 scilicet
1443 1801 1509 1840 ex
1551 1803 1614 1842 ea
1671 1791 1932 1858 populum
1970 1809 1984 1846 :

409 1869 786 1942 iiuposilisque
811 1874 857 1928 ei
886 1875 1224 1931 vestimentis
1253 1879 1388 1940 suis,
1419 1878 1470 1933 id
1499 1889 1602 1943 est,
1636 1898 1800 1951 quam
1833 1899 1992 1940 accc-

409 1973 618 2028 peraut,
658 1965 831 2032 gratia
885 1969 1035 2036 (nam
1077 1977 1344 2039 quotquot
1379 1970 1432 2024 in
1470 1971 1690 2028 Christo
1730 1975 1988 2045 baptizati

409 2065 570 2117 Sunt,
631 2055 908 2110 Christum
967 2057 1339 2130 induerunt“)
1404 2063 1634 2118 docilem
1693 2066 1992 2124 eﬁeceruut

408 2159 570 2209 eum,
617 2146 712 2215 qui
768 2156 889 2202 erat
950 2159 1106 2204 antea
1149 2151 1328 2221 pullus
1379 2155 1718 2223 indomitus,
1778 2161 1992 2233 ipsique

412 2236 702 2294 Dominum
738 2241 1135 2311 imposuerunt.
1187 2243 1326 2301 Tum
1365 2252 1615 2305 eumdem
1655 2253 1750 2308 viti
1800 2255 1993 2323 alliga-

412 2342 630 2396 verunt,
671 2333 723 2388 id
756 2346 840 2389 est
867 2334 1086 2392 sibimet
1117 2339 1252 2409 ipsis
1290 2359 1302 2395 :
1351 2359 1476 2398 nam
1517 2342 1722 2402 Judzeis
1772 2351 1993 2408 oriundi

411 2425 667 2495 apostoli.
718 2425 903 2498 Neque
973 2433 1234 2500 apostolis
1291 2443 1535 2502 tantum,
1585 2455 1774 2497 verum
1827 2449 1991 2500 etiam

413 2517 611 2572 horum
661 2520 946 2592 discipulis
992 2525 1229 2580 devincti
1279 2527 1464 2586 ﬁdeles
1511 2545 1689 2588 sunt:
1742 2536 1795 2591 id
1845 2539 1993 2609 quod

409 2613 722 2680 patriarcha
777 2617 1079 2685 praevidens
1126 2622 1203 2674 ait
1245 2637 1262 2676 :
1314 2625 1558 2696 Alligaus
1609 2629 1706 2684 viti
1775 2633 1992 2688 asinam

411 2722 589 2771 suam,
623 2725 884 2780 ramoque
915 2712 1040 2768 vitis
1071 2713 1277 2783 pullum
1307 2718 1473 2774 asina:
1503 2735 1636 2776 suae.

2089 461 2185 514 καὶ
2198 463 2264 531 τῇ
2296 460 2438 512 ἕλικι
2463 458 2561 529 τῆς
2579 457 2824 529 ἀμπέλου
2848 456 2937 509 τὸν
2963 455 3142 508 πῶλον
3162 453 3263 525 τῆς
3286 454 3426 507 δνου
3451 452 3666 505 αὐτοῦ’»

2086 553 2169 608 ὃτι
2196 553 2253 606 δὲ
2283 552 2527 624 ἄμπελος
2566 553 2596 604 ὀ
2653 549 2873 622 Ἰσραὴλ
2919 547 3274 619 ὠνομάζετο,
3314 546 3535 604 πάντες
3584 547 3673 613 μὲν

2085 645 2136 698 oi
2173 647 2450 716 προφῆται
2471 645 2808 698 διδάσκουσι·
2833 642 2929 694 καὶ
2956 641 3121 695 Δαϐίδ
3151 656 3310 710 φησι·
3338 659 3360 690 ι
3394 637 3674 706 Ἄμπελον

2086 740 2145 806 ἐξ
2169 740 2445 809 Αἰγύπτου
2479 739 2744 809 μετῆρας·
2772 756 2791 787 ι
2816 737 2911 790 καὶ
2932 737 2961 788 ὀ
2989 733 3195 804 Κύριος
3214 734 3277 786 δὲ
3292 735 3354 785 ὲν
3370 733 3496 794 τοῖς
3519 731 3677 796 Εὐαγ-

2085 833 2306 902 γελίοις·
2334 850 2352 883 ι
2377 829 2693 903 Ἀνθρωπος
2705 845 2788 892 τις
2803 826 3100 897 ἐφύτευσεν
3113 825 3450 897 ἀμπελῶνα·
3465 841 3486 872 ι
3510 820 3679 872 πιῖλλον

2085 925 2142 978 δὲ
2176 925 2266 978 τδν
2301 923 2362 988 ἐξ
2389 921 2559 976 ἐθνῶν
2586 905 2844 991 ὀνομάζει
2879 918 3031 984 λαὸν,
3081 917 3157 981 ὡς
3199 915 3532 986 ἀδάμαστον
3560 911 3679 964 ὅντα

2087 1017 2182 1070 καὶ
2231 1015 2590 1086 πωλοδάμνην
2639 1013 2742 1067 οὐκ
2802 1011 3097 1082 ἐσχηκότα·
3136 1010 3302 1063 τοῦτο
3357 1008 3508 1110 γάρ.
3537 1005 3680 1110 κα).νό

2089 1105 2292 1180 Κύριος
2343 1105 2566 1177 ᾐνίξατο
2616 1106 2732 1168 τοῖς
2780 1102 3103 1165 ἀποστόλοις
3151 1102 3560 1172 προστεταχὼς
3608 1102 3682 1155 εἰς

2086 1200 2184 1269 τὴν
2214 1199 2476 1253 ἀπέναντι
2519 1197 2712 1268 κώμην
2744 1195 2999 1249 ἀπελθεῖν
3054 1195 3149 1247 καὶ
3199 1193 3367 1245 λῦσαι
3409 1190 3519 1260 τὴν
3569 1188 3683 1238 om

2087 1295 2186 1364 τὴν
2228 1291 2520 1362 δεδεμένην
2548 1289 2757 1344 καὶτὸν
2783 1290 2990 1360 ταύτης
3022 1287 3222 1350 πῶλον,
3257 1285 3347 1354 ἐφ’
3390 1283 3479 1347 ὃν,
3530 1281 3678 1350 φησὶ.

2087 1385 2264 1447 οὐδεὶς
2307 1383 2613 1454 ἀνθρώπων
2670 1381 2922 1436 ἐκάθισε·
2965 1379 3089 1434 οὗτε
3137 1380 3246 1450 γάρ
3304 1375 3687 1448 πατριάρῃς.

2088 1474 2212 1530 οὔτε
2239 1474 2563 1547 νομοθέτης,
2593 1472 2720 1528 οὕτε
2743 1475 3033 1545 προφήτης
3055 1473 3194 1542 (58),
3225 1471 3328 1542 τῆς
3359 1469 3483 1522 τῶν
3521 1467 3685 1521 ἐθνῶν

2090 1568 2373 1640 ἐφρόντισε
2423 1567 2729 1640 σωτηρίας·
2762 1568 2812 1620 oi
2853 1567 2911 1621 δὲ
2951 1566 3087 1620 θεῖοι
3140 1565 3446 1620 ἀπόστολοι
3513 1575 3682 1632 προσ-

2089 1661 2387 1733 ταχθέντες
2453 1660 2791 1732 μαθητεῦσαι
2843 1661 2914 1714 τὰ
2975 1658 3126 1728 ἔθνη,
3184 1656 3390 1709 ἔλυσαν
3446 1653 3555 1725 μὲν
3593 1650 3688 1720 τὴν

2090 1755 2232 1819 ὀνον,
2275 1754 2523 1808 τουτέστι
2566 1753 2674 1808 τῶν
2709 1752 3016 1825 ἀνθρώπων
3047 1751 3146 1822 τὴν
3177 1751 3343 1819 φύσιν
3393 1748 3506 1817 τὴν
3545 1745 3686 1797 δεδεο

2094 1847 2263 1918 μένην
2301 1849 2426 1910 ταῖς
2473 1848 2569 1916 τῆς
2613 1845 2892 1917 ἁμαρτίας
2950 1847 3179 1916 σειραῖς·
3233 1843 3446 1894 ἔλυσαν
3505 1839 3566 1890 δὲ
3602 1838 3689 1890 καὶ

2090 1936 2182 1990 τὸν
2227 1936 2408 1990 πῶλον
2435 1939 2528 1990 τὸν
2580 1938 2646 1991 ἐκ
2681 1937 2887 2006 ταύτης
2941 1935 3358 2008 βεϐλαστηκότα
3385 1932 3548 1985 λαόν·
3600 1930 3688 1982 καὶ

2091 2029 2372 2095 ἐπιθέντες
2401 2029 2553 2101 αύτῷ
2575 2030 2646 2084 τά
2702 2031 2891 2101 ἱμάτια
2924 2031 2993 2082 τὰ
3025 2027 3261 2093 ἑαυτῶν,
3295 2026 3567 2080 τουτέστι
3596 2022 3688 2093 τὴν

2091 2123 2254 2196 χάριν
2273 2117 2342 2196 ἦς
2362 2123 2552 2194 ἔτυχον
2580 2123 2716 2193 (ὅσοι
2745 2123 2855 2194 γάρ
2873 2124 2954 2186 εἰς
2973 2120 3211 2192 Χριστὸν
3237 2117 3684 2186 ἐϐαπτίσθησαν,

2093 2215 2328 2287 Χριστὸν
2341 2213 2680 2284 ὲνεδύσαντο)
2695 2215 2932 2286 ,εὐήνιον
2949 2215 3238 2284 ἀπέφηναν
3253 2212 3348 2265 τὸν
3370 2211 3687 2279 ἁδάμαστον

2093 2308 2390 2374 πῶ>.ον,καὶ
2416 2308 2754 2362 έπεκάθισαν
2775 2307 2924 2378 αὐτῷ
2956 2308 3049 2362 τὸν
3070 2306 3377 2376 Δεσπότην,
3399 2306 3504 2359 καὶ
3530 2318 3665 2374 προσ

2095 2400 2295 2473 έδησαν
2356 2399 2518 2455 αὑτὸν
2566 2403 2635 2472 τῇ
2696 2401 2948 2472 ἀμπέλῳ,
3003 2399 3290 2454 τουτέστιν
3344 2399 3595 2458 ἑαυτοῖς·
3632 2393 3686 2459 ἐξ

2104 2493 2381 2554 ¹Ἰουδαίων
2417 2495 2528 2565 γὰρ
2561 2495 2614 2548 οἱ
2647 2494 2965 2559 ἀπόστολοι,
3011 2493 3072 2545 ού
3101 2491 3262 2563 μόνον
3295 2491 3356 2545 δὲ
3398 2491 3520 2551 τοῖς
3558 2489 3683 2540 ἀπο-

2097 2587 2306 2652 στόλοις
2339 2587 2694 2660 συνήφθησαν
2717 2587 2768 2639 οί
2795 2585 3247 2647 πεπιστευκότες,
3276 2582 3422 2638 ἀλλὰ
3457 2580 3685 2640 καὶτοῖς

2093 2679 2205 2733 τῶν
2249 2680 2564 2735 ἀποστόλων
2631 2679 2900 2750 μαθηταῖς
2926 2695 2940 2709 ·
3001 2677 3097 2731 καὶ
3140 2676 3301 2729 τοῦτο
3353 2672 3617 2746 προορῶν
3659 2672 3684 2722 6

2097 2771 2447 2842 πατριάρχης
2475 2769 2578 2841 ἔφη
2603 2786 2618 2802 ο
2638 2787 2658 2820 ι
2681 2769 2973 2841 Δεσμεύων
2993 2766 3131 2839 πρὸς
3154 2763 3408 2836 ἄμπελον
3441 2764 3544 2830 τὴν
3573 2761 3684 2813 ὄνον

2096 2864 2286 2930 αὐτοῦ,
2313 2865 2409 2917 καὶ
2436 2865 2505 2934 τῇ
2532 2861 2673 2916 ἒλικι
2695 2861 2796 2932 τῆς
2821 2859 3072 2932 ἀμπέλου
3102 2859 3194 2912 τὸν
3213 2858 3398 2910 πῶλον
3439 2856 3541 2927 τῆς
3568 2853 3682 2907 ὄνου

2096 2952 2282 3007 αὑτοῦ.
2319 2971 2340 3005 ›

483 3022 536 3078 4.
595 3025 730 3080 Exin
772 3028 1084 3098 passionem
1133 3048 1353 3105 quoque
1380 3011 1664 3108 praedicit:
1708 3062 1728 3096 ι
1763 3043 1992 3105 Lavabit

2166 3047 2229 3102 δ’.
2263 3043 2397 3101 Εἶτα
2427 3047 2521 3100 καὶ
2561 3046 2623 3100 τὸ
2646 3046 2817 3110 πάθος
2857 3044 3144 3116 προλέγει·
3182 3062 3202 3095 ι
3234 3041 3439 3096 Πλυνεῖ
3476 3043 3535 3095 ὲν
3567 3038 3682 3108 οἴνῳ

411 3119 540 3173 vino
576 3120 772 3173 stolam
813 3138 995 3187 suam,
1045 3127 1313 3196 sanguine
1349 3145 1470 3185 uva:
1511 3133 1742 3203 pallium
1777 3155 1938 3196 suum
1975 3161 1994 3200 :

413 3211 615 3268 hilares
653 3214 796 3268 oculi
833 3217 955 3284 ejus
997 3231 1038 3272 a.
1064 3218 1220 3284 vino,
1276 3226 1494 3282 candidi
1532 3230 1742 3288 dentes.
1784 3231 1998 3305 Corpus

412 3305 630 3374 quidem
664 3307 786 3377 ejus
820 3309 974 3365 stola:
1009 3313 1229 3368 nomine
1262 3315 1512 3388 indigitat
1535 3359 1553 3385 ,
1609 3323 1718 3379 vini
1775 3329 2000 3385 nomine

411 3398 772 3467 sanguinem:
805 3416 930 3456 nam
952 3416 1336 3462 consecratum
1369 3410 1553 3466 vinum
1576 3417 1799 3488 sanguis
1827 3421 1994 3488 est“,

415 3496 552 3543 teste
583 3488 891 3546 Servatoris
913 3508 1186 3554 sermone.
1215 3493 1351 3552 Tum
1377 3501 1764 3570 evangelistam
1795 3506 2001 3563 docen-

413 3588 522 3634 tem
551 3581 840 3648 audimus,
874 3585 1022 3654 quod
1075 3602 1200 3642 cum
1234 3589 1434 3653 militis,
1467 3591 1658 3650 lancea
1705 3597 1848 3654 latus
1876 3601 1997 3670 ejus

402 3670 671 3728 .eﬁ'ossum
697 3684 801 3740 est,
830 3679 1054 3748 sanguis
1086 3689 1141 3734 et
1168 3696 1308 3752 aqua
1348 3685 1594 3754 eruperit
1612 3686 1656 3717 δ’
1688 3706 1702 3743 :
1731 3704 1853 3758 quae
1873 3707 1996 3747 sca-

415 3763 581 3817 tebrze
596 3779 722 3819 cum
749 3767 804 3820 in
835 3780 1034 3837 corpus
1061 3770 1388 3839 diﬁluereut,
1432 3773 1640 3831 idcirco
1685 3779 1803 3834 ait:
1844 3800 1863 3832 ι
1886 3781 1994 3838 La-

413 3854 559 3910 vabit
618 3856 745 3910 vino
799 3861 995 3913 stolam
1043 3877 1222 3928 suam,
1277 3880 1395 3920 uva:
1448 3870 1715 3939 sanguiue
1771 3873 1994 3942 pallium

409 3960 574 4000 suum
591 3946 654 4004 “.
687 3968 706 4000 ›
741 3948 944 4007 Deinde
981 3956 1278 4010 ostendens
1313 3969 1632 4016 exorturum
1673 3979 1704 4018 e
1738 3968 1998 4034 passione

409 4040 701 4110 gaudium,
728 4043 990 4111 illilares,
1010 4047 1212 4118 inquit,
1243 4052 1385 4106 oculi
1405 4053 1524 4122 ejus
1546 4070 1578 4109 a
1600 4055 1726 4110 vino
1764 4075 1780 4112 :
1809 4077 1828 4110 ι
1867 4076 1993 4115 nam

413 4130 599 4186 laetitia
632 4133 782 4188 orbis
813 4133 1120 4193 Servatoris
1151 4143 1335 4209 passio
1362 4151 1468 4198 est.
1497 4144 1649 4211 Quod
1675 4157 1859 4204 autem
1892 4153 1997 4208 hac

415 4226 588 4295 ﬁgura
614 4227 926 4296 passionem
949 4232 1262 4301 patriarcha
1285 4235 1672 4309 designaverit,
1701 4245 1855 4298 testis
1879 4247 1995 4315 ipse

413 4320 680 4376 Dominus
707 4323 894 4380 dicens
926 4342 941 4380 :
979 4345 997 4376 ι
1018 4324 1200 4391 Pater,
1250 4329 1295 4383 si
1341 4330 1462 4385 ﬁeri
1489 4343 1690 4403 potest,
1745 4346 1990 4393 transeat

2099 3139 2198 3208 τὴν
2224 3138 2416 3210 στολὴν
2437 3139 2628 3206 αὑτοῦ,
2655 3140 2749 3194 καὶ
2780 3141 2837 3192 ἐν
2861 3139 3054 3208 αἵματι
3089 3135 3370 3206 σταφυλῆς
3396 3135 3503 3206 τὴν
3537 3149 3683 3200 περι-

2100 3233 2262 3306 ϐολὴν
2325 3232 2490 3288 αὐτοῦ
2517 3250 2534 3265 ·
2600 3233 2889 3305 χαροποιοὶ
2945 3232 2994 3284 οἱ
3041 3229 3316 3300 ὀφθαλμοὶ
3358 3227 3540 3282 αὐτοῦ
3586 3223 3682 3280 ἀπὸ

2099 3325 2245 3380 οίνου
2273 3341 2287 3355 ·
2359 3324 2455 3379 καὶ
2529 3323 2717 3378 λευκοὶ
2797 3324 2846 3377 οἱ
2893 3321 3107 3385 ὀδόντες
3163 3320 3333 3375 αὑτοῦ
3358 3338 3376 3353 ·
3433 3340 3453 3372 ι
3497 3321 3589 3374 καὶ
3632 3319 3684 3370 τὸ

2102 3420 2201 3492 μὲν
2266 3417 2428 3488 σῶμα
2484 3417 2651 3472 αὑτοῦ
2704 3417 2898 3486 στολὴν
2964 3413 3224 3486 ὀνομάζει
3251 3432 3267 3446 ·
3321 3415 3388 3468 τὸ
3453 3415 3514 3468 δὲ
3554 3410 3679 3483 αἷμα

2099 3509 2242 3568 οἶνον
2277 3529 2291 3546 ·
2327 3511 2513 3584 ἐπειδὴ
2537 3511 2634 3566 καὶ¹
2663 3512 2755 3564 τὸν
2785 3510 3049 3582 μυστικὸν
3074 3506 3218 3562 οἶνον
3246 3504 3388 3578 αἷμα
3423 3508 3682 3572 κέκληκεν

2097 3606 2127 3659 ὀ
2151 3604 2428 3676 Δεσπότης
2462 3603 2598 3676 (59)·
2629 3605 2904 3674 ἀκούομεν
2927 3603 2984 3656 δὲ
3020 3604 3117 3656 καὶ
3160 3601 3255 3656 τοῦ
3293 3595 3680 3670 εὐαγγελιστοῦ

2099 3698 2439 3760 διδάσκοντος
2498 3697 2575 3760 ὼς
2619 3696 2715 3750 τοῦ
2737 3695 3072 3767 στρατιώτου
3125 3697 3194 3767 τῇ
3227 3694 3398 3765 λόγχῃ
3435 3693 3681 3760 νύξαντος

2099 3791 2267 3845 αὐτοῦ
2291 3791 2392 3862 τὴν
2419 3790 2687 3862 πλευρὰν,
2730 3789 2956 3860 ἐξῆλθεν
2988 3782 3130 3859 αἷμα
3163 3788 3259 3842 καὶ
3292 3787 3444 3859 ὕδωρ
3477 3805 3492 3818 ·
3547 3778 3680 3840 οὗτοι

2098 3884 2156 3938 δὲ
2193 3885 2243 3937 οἱ
2268 3883 2490 3956 κρουνοὶ
2531 3882 2619 3937 διὰ
2669 3882 2764 3936 τοῦ
2815 3881 3071 3953 σώματος
3119 3881 3560 3952 κατερρύησαν·
3601 3877 3679 3929 διὰ

2098 3976 2259 4032 τοῦτο
2298 3977 2391 4031 καί
2421 3992 2580 4047 φησι·
2625 3996 2644 4029 ι
2674 3977 2876 4029 Πλυνεῖ
2911 3978 2971 4030 ἐν
2997 3976 3128 4043 οἴνῳ
3144 3973 3245 4045 τὴν
3267 3972 3472 4044 στολὴν
3504 3969 3676 4032 αὐτοῦ,

2098 4071 2192 4123 καὶ
2255 4070 2314 4122 ὲν
2375 4069 2570 4139 αἵματι
2625 4067 2906 4138 σταφυλῆς
2960 4066 3060 4136 τὴν
3087 4065 3386 4136 περιϐολὴν
3439 4062 3627 4119 αὑτοῦ.
3658 4080 3675 4112 ι

2099 4157 2233 4214 Εῐτα
2287 4160 2502 4224 δεικνὺς
2555 4159 2655 4230 τὴν
2707 4159 2818 4212 ἀπὸ
2865 4156 2962 4212 τοῦ
3027 4156 3238 4220 πάθους
3309 4156 3680 4226 γενησομένην

2098 4252 2460 4324 εὐφροσύνην·
2498 4271 2517 4304 ι
2552 4251 2875 4324 Χαροποιοὶ,
2905 4253 3090 4322 φησὶν,
3123 4252 3174 4303 oi
3215 4249 3499 4320 ὀφθαλμοὶ
3531 4246 3678 4302 αὐτοῦ

2099 4345 2210 4398 ἀπὸ
2231 4343 2375 4398 οἴνου
2395 4361 2441 4395 ἰ
2473 4342 2784 4415 εὐφροσύνη
2830 4343 2940 4413 γὰρ
2993 4342 3094 4412 τῆς
3131 4343 3470 4413 οἰκουμένης
3497 4342 3561 4395 τὸ
3589 4357 3681 4392 σω-

413 4426 444 4464 a
488 4427 578 4468 me
628 4415 771 4468 calix
831 4417 936 4473 iste
964 4417 1032 4473 “.
1082 4437 1102 4470 ι
1157 4417 1298 4475 Tum
1351 4423 1520 4479 etiam
1575 4425 1822 4484 Zebedzei
1861 4431 1992 4486 ﬁliis

2099 4443 2290 4513 τήριον
2318 4439 2512 4505 πάθος.
2543 4409 2666 4494 λὸτι
2703 4409 2942 4493 δὲ-ούτω
2972 4439 3032 4492 τὸ
3051 4409 3240 4502 ’πάθος
3263 4409 3523 4502 ἐκάλεσε,
3555 4437 3680 4506 μάρ-

411 4504 638 4561 aiebat:
696 4528 715 4560 ι
752 4508 1062 4568 Potestisne
1111 4515 1298 4570 bibere
1366 4517 1596 4574 calicem
1666 4536 1831 4590 quem
1895 4539 1995 4594 ego

413 4599 686 4656 bibiturus
716 4619 838 4657 sum
852 4604 938 4660 u’?
974 4625 994 4658 ι
1030 4605 1174 4679 Ergo
1211 4610 1499 4666 oculorum
1525 4613 1779 4672 hilaritas
1805 4632 1998 4674 cense-

411 4703 594 4748 cutam
638 4710 669 4752 e
717 4700 972 4766 passione
1023 4702 1266 4757 laetitiam
1321 4706 1565 4761 denotat.
1600 4706 1847 4780 Namque
1873 4722 1996 4781 post

407 4788 724 4854 passionem
744 4792 899 4849 missi
928 4807 1057 4850 sunt
1088 4797 1143 4850 in
1178 4797 1492 4854 uuiverSum
1521 4803 1711 4858 orbem
1739 4806 1994 4877 discipuli

391 4880 649 4936 'salutem‘
688 4884 939 4942 ﬁdelibus
983 4889 1221 4946 allaturi.
1256 4891 1376 4947 Jam
1404 4894 1671 4953 doctrina:
1704 4902 1994 4969 puritatem

391 4971 823 5048 claritatemque
870 4982 1278 5040 candidissimis
1327 4987 1581 5044 dentibus
1635 4997 1993 5060 comparavit.

417 5082 435 5114 ‹
468 5065 718 5135 Candidi,
752 5072 948 5142 inquit,
979 5077 1168 5133 dentes
1197 5079 1318 5149 ejus
1357 5097 1466 5151 prae
1492 5083 1631 5140 lacte
1648 5084 1716 5140 “.
1759 5105 1781 5140 ι
1822 5089 2000 5160 Atque

413 5158 679 5216 hactenus
703 5167 1014 5233 patriarcha
1053 5169 1250 5228 Judam
1278 5180 1704 5235 commendavit.

2093 4552 2193 4600 τυς
2223 4534 2388 4598 αὐτὸς
2433 4535 2462 4588 ὁ
2512 4532 2720 4604 Κύριος
2761 4533 2973 4602 λέγων·
3031 4551 3050 4582 ι
3082 4533 3289 4604 Πάτερ,
3343 4534 3396 4585 εἰ
3441 4529 3676 4591 δυνατὸν,

2094 4626 2414 4696 παρελθέτω
2440 4625 2504 4679 τὸ
2537 4631 2798 4696 ποτήριον
2835 4624 2992 4678 τοῦτο
3019 4625 3114 4677 ἀπ’
3150 4624 3287 4696 ἐμοῦ
3315 4642 3329 4656 ο
3364 4644 3384 4676 ι
3419 4624 3568 4679 οὕτω
3596 4619 3678 4675 καὶ

2091 4724 2205 4784 τοῖς
2237 4721 2373 4782 υἱοῖς
2403 4719 2510 4790 ἔφη
2541 4719 2830 4773 Ζεϐεδαίου
2853 4735 2866 4748 ·
2920 4736 2940 4769 ι
2967 4718 3209 4771 Δύνασθε
3247 4720 3398 4771 πιεῖν
3432 4718 3501 4771 τὸ
3531 4716 3679 4784 ποτή-

2097 4831 2212 4883 ριον
2234 4813 2262 4867 ὃ
2291 4811 2403 4882 ἐγὼ
2437 4813 2616 4884 μέλλω
2650 4815 2794 4864 πιεῖν
2817 4829 2831 4878 ;
2857 4831 2876 4863 ι
2935 4813 2996 4865 τὸ
3019 4811 3205 4865 τοίνυν
3233 4811 3541 4882 χαροποιὺν
3585 4809 3676 4861 τῶν

2101 4905 2422 4976 ὀφθαλμῶν,
2449 4905 2548 4976 τὴν
2599 4905 2738 4975 μετὰ
2791 4906 2853 4958 τὸ
2904 4903 3083 4967 πάθος
3120 4904 3470 4974 εὐφροσύνην
3499 4902 3675 4974 δηλοῖ·

2108 4998 2248 5068 μετά
2276 4997 2386 5067 γὰρ
2419 4996 2482 5049 τὸ
2510 4996 2681 5060 πάθος
2709 4997 2804 5050 καὶ
2861 4996 2960 5068 τὴν
3007 4998 3329 5062 ἀνάστασιν,
3385 4998 3467 5060 εἰς
3514 4998 3676 5049 πᾶσαν

2103 5091 2494 5160 ἀπεστάλησαν
2517 5090 2618 5160 τὴν
2641 5089 2972 5160 οἰκουμένην
3021 5093 3070 5143 οἱ
3104 5090 3346 5160 μαθηταὶ
3379 5088 3484 5160 τὴν
3515 5105 3677 5155 σωτη-

2110 5183 2230 5256 ρίαν
2259 5157 2669 5254 προσφέροντες
2723 5185 2840 5245 τοίς
2884 5183 3205 5235 πιστεύουσι
3233 5198 3246 5214 ο
3299 5183 3401 5252 τῆς
3431 5183 3491 5235 δέ
3527 5199 3587 5250 γε
3609 5180 3676 5233 ὀι-

485 5304 920 5396 ³1Ρεο1ίιιιξχικ
955 5317 1007 5371 9.
1087 5318 1420 5396 "_i.uc.__x:§,_
1453 5325 1505 5379 9.
1585 5328 1628 5359 ’9
1660 5329 1792 5386 Luc.
1847 5352 1961 5396 χιχ.

2163 5338 2208 5371 ⁶⁰
2235 5336 2414 5393 Galat.
2446 5347 2534 5396 ιιι,
2580 5329 2672 5382 27.
2751 5325 2792 5357 δ’
2832 5321 3021 5378 Matth.
3056 5335 3209 5396 xsvl,
3266 5319 3355 5373 '28.
3436 5321 3482 5352 δ’
3519 5317 3671 5374 Marc.

411 5390 466 5440 χ,
512 5375 600 5432 58.
677 5378 723 5409 ’⁵³
753 5375 1085 5451 Gem-tux,
1119 5390 1209 5444 Η.
1262 5375 1334 5424 7“
1363 5375 1566 5452 rhiatth.
1623 5375 1992 5468 xIﬁ”,’5§I“'~

2095 5375 2534 5474 latth.u
2585 5375 3066 5458 ié-chcsiatix,
3103 5394 3188 5446 12.

1901 5544 2138 5604 NOTAS.

626 5666 828 5749 Excipe
855 5681 1038 5749 tamen
1071 5684 1219 5731 certe
1246 5675 1438 5736 Jonam
1463 5681 1528 5734 ad
1559 5685 1809 5743 ethnicos
1833 5686 2103 5749 Ninivitas
2130 5693 2383 5749 missum.

484 5735 598 5806 (59)
631 5735 830 5799 Recole
854 5743 1032 5802 i’hotii
1068 5735 1432 5817 quaestionem
1469 5751 1558 5807 75.
