3902 6212
420 243 556 311 1077

1390 254 1490 315 AD
1519 256 2110 322 AMPHILOCHIUM
2166 263 2514 334 ΟΗινΕΞΤΙΟ
2550 264 2758 327 CCLX.

3518 257 3652 321 1078

411 359 708 423 δασκαλίας
753 358 815 413 τὸ
854 359 1046 424 διειδές
1099 360 1191 414 καὶ
1233 360 1295 417 τὸ
1338 360 1597 432 διαφανὲς
1645 365 1993 432 λευκοτάτοις
2040 369 2255 425 ὀδοῦσιν
2284 374 2554 428 ἀπείκασε
2583 391 2597 406 ο
2629 393 2650 426 ‹
2681 372 2885 427 Λευκοι
2910 371 3052 443 γὰρ,
3103 370 3289 443 φησὶν,
3335 368 3383 423 οί
3444 366 3655 429 ὀδόντες

411 452 643 523 αὑτοῦῆ
704 452 867 523 γάλα.
909 473 928 506 ι
980 453 1231 508 Τοσαῦτα
1256 454 1356 525 μέν
1406 456 1736 527 προείρηκεν
1787 461 1815 512 6
1874 460 2219 531 πατριάρχης
2248 464 2488 533 εὐλογῶν
2514 465 2609 518 τὸν
2677 465 2899 521 Ἰούδαν.

480 546 543 602 ε’.
588 545 693 599 Τοῦ
747 547 804 601 δέ
860 546 1146 601 Ζαϐουλὼν
1202 549 1504 620 προείρηκε
1553 548 1650 621 τὴν
1721 551 1986 621 παράλιον

2157 554 2212 611 5.
2266 557 2378 626 Age
2434 571 2564 611 vero
2613 556 2906 611 Zabulonis
2965 555 3297 611 maritimum
3359 554 3652 610 incolatum

407 640 622 711 οῐκησιν
648 655 663 670 ·
700 638 794 692 τοῦ
818 640 877 693 δὲ
922 639 1139 711 Ἰσάχαρ
1187 641 1288 712 τὴν
1316 641 1607 714 γηπονίαν·
1634 642 1728 696 τοῦ
1759 643 1817 696 δέ
1848 643 1980 710 Δὰν,

408 733 550 784 κατά
586 730 687 800 μέν
722 747 893 794 τινας,
934 732 1003 785 τὰ
1026 732 1130 786 ὑπὸ
1155 732 1251 787 τοῦ
1305 732 1546 803 Σαμψὼν
1601 736 1944 806 γεγενημένα
1966 756 1978 765 ⁴

407 818 471 871 ἐκ
497 817 698 887 ταύτης
730 817 839 889 γὰρ
865 814 933 889 ἦν
964 821 1063 890 τῆς
1097 821 1270 891 φυλῆς
1297 839 1315 856 ο
1369 823 1768 895 συνηρίθμηται
1801 825 1858 878 δὲ
1886 825 1982 880 καὶ

407 912 519 974 τοῖς
545 912 773 981 Κριταῖς
792 926 806 940 ⁸
839 912 933 964 καί⁸
959 912 1046 965 διὰ
1076 913 1255 977 τοῦτο,
1277 916 1463 984 φησὶν,
1482 915 1606 986 ἔφη·
1631 934 1651 968 ι
1677 918 1786 970 Δάν
1808 919 1984 989 κρινεῖ

407 1002 499 1055 τὸν
525 1003 719 1056 ἐαυτοῦ
752 1003 879 1058 λαὸν
905 1003 1037 1057 ὡσεὶ
1063 1005 1159 1059 καὶ
1195 1006 1294 1075 μία
1316 1006 1425 1076 (60)
1454 1007 1592 1078 φυλὴ
1614 1010 1671 1061 ἐν
1696 1009 1935 1080 Ἰσραήλ·
1952 1028 1972 1062 ι

409 1091 537 1147 ἔνιοι
565 1094 623 1148 δέ
649 1111 782 1164 φασι
807 1096 877 1149 τὰ
902 1096 1044 1150 κατά
1085 1096 1184 1168 τὴν
1212 1098 1454 1153 Λάῖσσαν
1482 1101 1582 1172 τὴν
1610 1098 1709 1155 νῦν
1736 1102 1983 1157 Πανεάδα

407 1187 750 1259 καλουμένην
812 1188 1300 1260 προσαγορεῦσαι·
1368 1190 1627 1262 ἐξαπίνης
1678 1192 1786 1264 γάρ
1838 1209 1984 1257 τινες

409 1281 518 1334 ἀπὸ
548 1281 754 1352 ταύτης
788 1281 1104 1353 ὁρμώμενοι
1144 1284 1245 1353 τῆς
1278 1283 1472 1354 φυλῆς,
1515 1284 1688 1356 ταύτῃ
1736 1286 1983 1355 προσϐα-

409 1372 593 1436 λόντες
614 1376 681 1446 τῇ
716 1375 891 1439 πόλει,
921 1372 1066 1429 είλόν
1096 1394 1155 1429 τε
1190 1376 1331 1430 κατὰ
1358 1376 1561 1447 κράτος
1609 1378 1705 1432 καὶ
1753 1377 1983 1449 ᾤκισαν,

411 1464 507 1518 καὶ
540 1466 639 1536 τὴν
689 1466 898 1520 οἰκείαν
935 1469 1073 1538 αὐτῇ
1124 1469 1501 1539 προσηγορίαν
1548 1471 1833 1526 ἐπέθεσαν.
1880 1471 1987 1526 Δὰν

410 1554 520 1625 γὰρ
546 1555 715 1627 αὐτὴν
739 1559 1006 1611 ἐκάλεσαν
1027 1574 1042 1590 ·
1096 1559 1207 1625 ἐγὼ
1233 1558 1288 1611 δὲ
1313 1553 1472 1629 οἶμαι
1498 1559 1559 1613 τὸ
1590 1560 1730 1613 θεῖον
1761 1562 1987 1632 Πνεῦμα

412 1647 601 1719 ὥσπερ
636 1650 706 1703 τά
731 1651 860 1722 περὶ
885 1651 978 1704 τοῦ
1003 1651 1256 1725 Σωτῆρος
1303 1653 1485 1724 ἡμῶν,
1530 1652 1673 1708 οὕτω
1718 1654 1818 1708 καὶ
1859 1656 1989 1727 περὶ

412 1738 507 1791 τοῦ
579 1739 951 1810 Ἀντιχρίστου
1007 1740 1095 1794 διὰ
1137 1742 1233 1795 τοῦ
1274 1742 1616 1814 πατριάρχου
1669 1746 1734 1797 ἐκ
1782 1745 1990 1816 ταύτης

412 1828 604 1899 δηλοῦν
627 1826 745 1901 [cod
758 1870 771 1885 .
792 1829 989 1904 δηλῶν]
1010 1832 1106 1902 τῆς
1126 1830 1502 1904 προρρήσεως.
1516 1852 1535 1885 ι
1554 1833 1660 1888 Δάν
1687 1834 1817 1906 γὰρ,
1832 1838 1986 1906 φησὶ,

413 1898 693 1990 κρινεῖτδν
712 1898 905 1976 ἐαυτοῦ
931 1898 1211 1977 λαδνγώσεὶ
1236 1898 1339 1979 καί,⁷
1355 1925 1494 1995 φυλὴ
1514 1926 1611 1996 μία
1629 1898 1983 1999 ἐνλΙσραήλά
2019 1898 2062 1954 Β

419 2012 628 2085 Ὠσπερ
648 2014 780 2083 γὰρ,
811 2015 965 2085 φησὶ,
996 2016 1059 2069 ἐκ
1080 2016 1179 2087 τῆς
1209 2015 1302 2070 τοῦ
1335 2016 1507 2072 Ἰούδα
1537 2018 1710 2086 φυλῆς
1745 2020 1774 2073 6
1800 2019 1991 2090 Σωτὴρ

419 2100 725 2175 βλαστήσας
750 2105 1004 2170 διασώζει
1041 2108 1141 2177 τὴν
1167 2106 1518 2177 οἰκουμένην,
1565 2106 1742 2173 οὕτως
1775 2110 1842 2162 ἐκ
1890 2108 1992 2180 τῆς

416 2193 509 2247 τοῦ
541 2195 646 2249 Δάν
669 2195 843 2268 φυλῆς
873 2196 997 2267 ῦφις
1020 2196 1265 2269 ὀλέθριος
1288 2197 1631 2262 ἐξελεύσεται
1657 2216 1671 2228 ·
1702 2198 1861 2253 τοῦτο
1883 2201 1992 2271 γὰρ

416 2287 584 2355 λέγει·
626 2307 646 2340 ι
677 2289 787 2341 Καὶ
816 2289 1105 2360 γενηθήτω
1130 2290 1239 2344 Δάν
1266 2290 1390 2359 ὄφις
1416 2291 1502 2360 ἐφ’
1530 2289 1654 2344 ὁδοῦ
1678 2290 1993 2362 καθήμενος

416 2380 509 2432 ἐπὶ
538 2380 723 2450 τρίϐου
762 2381 974 2435 δάκνων
1025 2385 1263 2453 πτέρναν
1295 2384 1464 2436 ῐππου
1491 2398 1508 2415 ·
1537 2385 1630 2437 καὶ
1657 2387 1909 2439 πεσεῖται
1964 2386 1994 2439 6

418 2470 615 2532 ἱππεὺς
638 2469 737 2542 τὴν
757 2471 1031 2542 σωτηρίαν
1045 2472 1333 2543 ἀναμένων
1352 2472 1580 2543 Κυρίου·
1611 2492 1631 2525 ι
1658 2474 1851 2546 ἐπειδὴ
1885 2475 1994 2546 γὰρ

417 2559 656 2623 ἀπάταις
715 2562 1083 2627 παντοδαπαῖς
1147 2562 1487 2635 κεχρημένος
1556 2568 1819 2637 πειρᾶται
1867 2567 1995 2631 τοὺς

419 2653 877 2723 φενακιζομένους
907 2655 1162 2728 ἀγρεύειν
1194 2657 1277 2719 είς
1303 2655 1547 2728 ὄλεθρον,
1594 2658 1721 2728 ϐφει
1744 2658 1856 2713 τινὶ
1883 2660 1996 2713 αύ-

417 2744 509 2797 τὸν
536 2746 825 2810 ἀπεικάζει
851 2748 1004 2819 παρά
1040 2765 1146 2801 τινι
1191 2747 1365 2819 τρίϐῳ
1406 2747 1703 2817 φωλεύοντι
1758 2751 1996 2814 καὶτοῖς

420 2836 679 2908 παριοῦσι
710 2838 773 2892 λυ
781 2839 1092 2913 μαινομένῳ
1108 2857 1121 2871 ο
1157 2840 1324 2894 ῖππον
1351 2839 1411 2894 δέ
1435 2836 1591 2912 οἶμαι
1615 2841 1804 2896 καλεῖν
1827 2841 1994 2896 αὑτὸν

419 2928 482 2983 τὸ
507 2929 689 2999 σῶμα,
722 2930 987 3002 ἐπιϐάτην
1005 2932 1062 2986 δὲ
1084 2933 1185 3003 τὴν
1212 2934 1392 3004 ψυχήν
1416 2947 1433 2964 ⁸
1469 2935 1532 2988 τὸ
1564 2933 1619 2987 δὲ
1649 2935 1730 2998 είς
1750 2933 1998 2989 τούπίσω

420 3023 629 3088 πεσεῖν,
668 3022 944 3077 τουτέστιν
970 3021 1161 3080 ὕπτιον
1187 3024 1402 3079 κεῖσθαι
1426 3024 1518 3079 τὸν
1551 3024 1782 3079 θάνατον
1814 3041 1998 3097 παρα-

420 3112 605 3183 δηλοῖ·
639 3113 847 3167 τοιοῦτο
877 3113 987 3186 γὰρ
1011 3114 1122 3168 τῶν
1148 3114 1463 3171 τεθνεώτων
1518 3114 1581 3169 τὸ
1638 3114 1826 3186 σχῆμα
1846 3131 1862 3147 ο
1910 3115 1999 3169 διὰ

2080 646 2367 717 przedixit;
2407 645 2642 703 lsachari
2678 645 3009 717 agricolandi
3051 646 3326 712 studium;
3364 645 3530 700 Danis
3559 646 3657 699 cle-

2082 740 2270 809 nique,
2303 747 2362 794 ut
2399 740 2623 811 quidam
2653 748 2957 803 autumant,
2992 753 3114 808 qua:
3157 736 3409 793 Samsoni
3445 738 3657 791 accide—

2081 841 2231 887 runt.
2251 831 2328 886 Ex
2352 833 2455 888 hac
2477 832 2623 887 enim
2642 833 2688 887 is
2718 831 2858 886 tribu
2890 831 3012 894 fuit,
3028 830 3280 899 idemque
3300 829 3354 883 in
3374 827 3657 883 Judicibus

2082 934 2525 981 connumeratur.
2561 924 2905 994 Quapropter
2932 923 3171 979 dicitur:
3223 941 3241 974 ι
3282 921 3394 975 Dan
3450 920 3662 990 judica-

2082 1017 2162 1073 bit
2182 1018 2440 1088 populum
2464 1033 2650 1080 suum,
2671 1017 2846 1071 instar
2873 1015 3034 1069 unius
3051 1014 3224 1069 tribus
3244 1013 3295 1067 in
3316 1013 3516 1067 Israele
3534 1011 3600 1064 ⁸⁷.
3634 1029 3654 1062 ι

2084 1107 2190 1163 Alii
2241 1108 2429 1164 dicunt
2509 1106 2921 1165 conuuemorari
2981 1120 3046 1160 ea
3121 1120 3240 1173 qua:
3314 1104 3661 1172 contigerunt

2085 1199 2288 1255 Laissae
2328 1215 2475 1256 nunc
2525 1198 2765 1254 Paneadi
2820 1200 2992 1253 dictaz.
3053 1196 3294 1267 Repente
3338 1197 3481 1250 enim
3518 1210 3658 1249 non-

2087 1290 2219 1345 nulli
2245 1305 2307 1345 ea
2338 1291 2482 1345 tribu
2512 1289 2729 1345 oriundi
2755 1289 2940 1342 urbem
2970 1289 3111 1342 hanc
3135 1288 3331 1352 adorti,
3365 1287 3414 1341 vi
3444 1294 3657 1356 captam

2085 1381 2191 1451 ipsi
2221 1382 2601 1446 incoluerunt,
2658 1396 2926 1450 suumque
2978 1381 3028 1436 ei
3080 1396 3275 1434 nomen
3328 1379 3664 1441 indiderunt,

2090 1474 2203 1528 Dan
2235 1474 2442 1529 scilicet
2471 1474 2797 1529 vocitantes.
2833 1472 2945 1541 Ego
2970 1488 3101 1528 vero
3136 1472 3388 1527 existimo
3412 1470 3658 1524 divinum

2090 1562 2353 1634 Spiritum
2385 1564 2544 1619 sicuti
2574 1580 2663 1617 res
2697 1563 3003 1617 Servatoris
3033 1562 3227 1628 nostri,
3271 1560 3343 1613 ita
3382 1574 3467 1614 res
3521 1572 3661 1627 quo-

2088 1670 2195 1726 que
2215 1654 2531 1709 Antichristi
2553 1655 2654 1708 hoc
2691 1654 2947 1708 vaticinio
2976 1651 3308 1723 patefacere;
3336 1671 3354 1702 ι
3378 1650 3491 1703 Dan
3514 1650 3665 1704 scili-

2090 1758 2197 1811 cet,
2226 1747 2423 1817 inquit,
2452 1746 2717 1816 judicabit
2755 1746 3010 1815 populum
3054 1760 3249 1809 suum,
3295 1744 3469 1797 instar
3498 1741 3664 1795 unius

2090 1836 2266 1891 tribus
2308 1834 2364 1890 in
2416 1834 2631 1890 lsraele.
2666 1853 2684 1886 ι
2719 1834 2893 1889 Sicuti
2924 1835 2991 1890 de
3020 1833 3172 1889 Judae
3219 1833 3363 1886 tribu
3405 1831 3665 1885 Servator

2092 1927 2367 1999 pullulans
2400 1926 2662 1981 mundum
2718 1926 2986 1991 servabit,
3043 1926 3117 1979 ita
3170 1924 3237 1979 de
3296 1922 3460 1976 Danis
3518 1921 3663 1974 tribu

2089 2022 2355 2077 exitiosus
2383 2022 2573 2090 anguis
2595 2019 2829 2075 exsiliet.
2851 2018 2910 2074 Id
2939 2018 3083 2073 enim
3111 2018 3273 2072 verba
3293 2017 3547 2079 innuunt,
3567 2014 3665 2067 ﬁat

2091 2112 2205 2169 Dan
2235 2129 2459 2184 serpens
2487 2114 2541 2167 in
2572 2113 2657 2167 via
2677 2153 2692 2180 ,
2744 2112 3017 2182 proiectus
3050 2112 3102 2164 in
3134 2110 3322 2165 semita
3344 2147 3360 2173 ,
3407 2107 3665 2161 mordens

2091 2206 2218 2275 equi
2249 2207 2568 2261 calcaneum
2609 2224 2623 2259 :
2657 2214 2771 2258 tum
2798 2212 3016 2258 corruet
3036 2218 3220 2273 eques,
3246 2200 3339 2270 qui
3371 2215 3400 2253 a
3434 2198 3665 2253 Domino

2092 2293 2433 2365 exspectabit
2466 2292 2720 2347 salutem.
2775 2291 3046 2357 Quoniam
3092 2289 3460 2343 Antichristus
3489 2284 3666 2341 omni.

2092 2386 2271 2440 modis
2310 2384 2451 2440 dolis
2508 2392 2667 2438 utens
2722 2382 2929 2437 illectos
2987 2380 3302 2450 pertrahere
3354 2377 3559 2431 nitetur
3610 2375 3664 2429 in
3740 2378 3742 2381 ’

2094 2475 2411 2539 interitum,
2454 2473 2599 2529 hunc
2625 2472 2852 2528 colubro
2900 2478 3181 2540 comparat
3222 2469 3377 2538 juxta
3413 2467 3664 2521 semitam

2094 2566 2363 2631 latitanti,
2416 2564 2828 2635 viatoribusque
2869 2563 3097 2618 exitium
3140 2559 3416 2615 inferenti.
3455 2558 3664 2627 Equum

2095 2656 2202 2713 dici
2230 2672 2260 2712 a
2288 2655 2597 2727 patriarcha
2629 2670 2829 2725 corpus
2857 2668 3084 2720 censeo;
3116 2652 3377 2722 equitem,
3403 2650 3662 2704 animam.

2097 2748 2253 2817 Quod
2275 2756 2459 2804 autem
2492 2757 2640 2803 retro
2668 2746 2889 2813 decidit,
2911 2745 2966 2799 id
2992 2753 3076 2799 est
3097 2744 3327 2812 supinus
3360 2738 3667 2809 projicitur,

2096 2855 2249 2897 mors
2286 2840 2547 2895 nimirum
2578 2837 2824 2893 innuitur
2850 2855 2863 2891 :
2917 2836 3007 2892 hic
3033 2845 3119 2891 est
3149 2834 3295 2889 enim
3325 2830 3669 2886 exanimato-

2097 2948 2223 2988 rum
2249 2932 2489 2989 habitus.
2523 2931 2795 2987 Calcaneo
2821 2928 3053 2995 denique
3078 2925 3326 2980 fraudem
3359 2921 3627 2992 signiﬁcat
3652 2936 3666 2986 ;

2098 3027 2227 3097 quia
2281 3025 2535 3080 videlicet
2586 3021 2958 3077 Antichristus
3020 3019 3156 3074 alios
3208 3016 3473 3086 decipiet,
3533 3013 3671 3067 alios

2100 3113 2473 3170 acerbissimis
2519 3110 2799 3182 suppliciis
2843 3108 3135 3164 cruciabit.
3189 3107 3379 3176 Equo,
3427 3113 3487 3159 ut
3532 3103 3669 3168 dixi,

420 3204 480 3302 δέ
508 3208 613 3302 τῆς
640 3206 879 3277 πτέρνης
926 3206 1025 3277 τὴν
1071 3207 1288 3278 ἀπάτην
1334 3208 1555 3280 ᾐνίξατο
1583 3223 1598 3238 ·
1643 3207 1831 3279 ἐπειδὴ
1858 3209 1993 3273 ’τοὺς

2101 3219 2301 3275 corpus
2333 3204 2611 3268 innuitur;
2654 3218 2764 3273 quo
2799 3203 2927 3257 laeso
2965 3210 3022 3255 et
3048 3208 3325 3268 corrupto,
3355 3212 3503 3251 mors
3536 3211 3672 3250 con-

425 3295 521 3365 μέν
555 3295 821 3366 ἐξαπατᾷ,
858 3297 971 3359 τοῖς
1023 3295 1082 3350 δὲ
1118 3296 1495 3368 παγχαλέποις
1540 3297 1791 3366 ἐπιφέρει
1838 3295 1999 3351 κολά-

424 3403 538 3451 σεις
565 3405 581 3420 ο
611 3388 698 3443 διὰ
727 3388 785 3443 δὲ
815 3388 909 3443 τοῦ
950 3389 1121 3443 ἵππου
1145 3391 1207 3443 τὸ
1234 3389 1394 3461 σῶμα
1419 3390 1661 3461 ᾐνίξατο,
1705 3379 1767 3442 οὗ
1802 3388 1998 3445 δακνο-

2104 3296 2388 3366 sequitur:
2423 3311 2545 3366 quae
2576 3302 2758 3351 tamen
2788 3292 3024 3348 fortibus
3052 3290 3165 3362 spei
3202 3290 3437 3344 fructum
3472 3286 3628 3341 aﬂ‘ert
3655 3302 3671 3340 :

2101 3388 2266 3459 hujus
2291 3403 2419 3445 vero
2444 3388 2560 3459 spei
2579 3386 2812 3453 fructus,
2848 3387 3018 3442 salus.

426 3481 591 3550 μένου
650 3482 743 3536 καὶ
766 3482 1237 3555 διαφθειρομένου,
1268 3483 1501 3549 θάνατος
1523 3484 1755 3553 γίνεται,
1785 3485 1914 3550 τοὺς
1949 3483 2051 3556 τῆς
2105 3483 2320 3549 ἐλπίδος
2361 3486 2475 3548 τοῖς
2503 3482 2835 3553 ὑπομένουσι
2874 3479 3114 3552 κομίζων
3152 3476 3396 3549 καρπούς
3417 3494 3432 3508 ο
3465 3475 3675 3546 καρπὸς

422 3574 478 3628 δὲ
509 3575 607 3646 τῆς
632 3574 890 3645 τοιαύτης
916 3574 1130 3639 ἐλπίδος
1152 3578 1186 3647 ἡ
1219 3577 1484 3649 σωτηρία.

496 3666 570 3731 ς’.
607 3667 866 3738 Προλέγει
893 3666 969 3739 τῷ
991 3667 1099 3729 Γὰδ
1136 3667 1239 3733 ¹τὰς
1264 3668 1527 3738 ἐσομένας
1542 3666 1692 3737 αὐτῷ
1712 3666 1866 3738 παρά
1888 3666 1998 3720 τῶν

421 3756 729 3828 λῃστρικῶν
782 3755 987 3826 ἐφόδων
1051 3756 1343 3820 ἐπιϐουλάς
1380 3773 1397 3789 ·
1451 3758 1610 3812 τοῦτο
1659 3757 1769 3828 γὰρ
1823 3756 1997 3823 λέγει,

434 3863 454 3895 ι
498 3847 862 3917 Πειράτήριον
892 3846 1212 3917 πειρατεύει
1240 3846 1435 3901 αὐτόν·
1478 3865 1497 3899 ι
1542 3846 1907 3918 προαγορεύει
1942 3846 1999 3900 δὲ

423 3938 519 3991 καὶ
555 3939 656 4010 τὴν
683 3941 945 4010 ἐσομένην
993 3939 1160 3995 αὐτοῦ
1203 3940 1398 4011 νίκην·
1440 3959 1459 3993 ι
1494 3942 1604 3994 Καὶ
1645 3941 1809 4004 αὐτὸς
1866 3941 1995 4010 γὰρ,

425 4030 582 4101 φησι,
621 4031 967 4099 πειρατεύσει
995 4030 1158 4084 αὐτὸν
1186 4031 1329 4085 κατὰ
1357 4031 1524 4096 πόδας
1543 4049 1558 4063 ·
1602 4051 1623 4084 ι
1649 4030 1912 4095 ὡσαύτως
1939 4032 1999 4084 δὲ

425 4121 520 4173 καί¹
544 4119 638 4173 τοῦ
656 4119 820 4192 Ἀσὴρ
842 4120 939 4191 τὴν
966 4122 1249 4194 σιτοφόρον
1285 4122 1498 4193 χώραν·
1528 4123 1624 4176 καὶ
1656 4122 1750 4176 τοῦ
1774 4122 1997 4192 Νεφθα-

424 4212 549 4282 λεὶμ
575 4213 674 4283 τὴν
707 4212 787 4274 είς
816 4212 1018 4282 πλῆθος
1047 4212 1314 4266 ἐπίδοσιν·
1346 4214 1504 4269 τοῦτο
1523 4213 1633 4284 γὰρ
1660 4214 1787 4284 ἔφη·
1830 4233 1848 4266 ι
1866 4213 1998 4267 Στέ-

423 4305 578 4375 λεχος
604 4304 884 4374 ἀνειμένον
912 4304 1177 4369 ἐπιδιδοὺς
1204 4307 1262 4359 ἐν
1276 4305 1354 4376 τῷ
1378 4307 1692 4376 γεννήματι
1726 4306 1922 4369 κάλλος
1945 4323 1991 4357 ο»

2169 3660 2223 3717 6.
2248 3659 2400 3716 Gado
2426 3656 2641 3711 futuras
2664 3669 2695 3709 a
2719 3653 2995 3707 latronum
3019 3649 3427 3706 incursionibus
3450 3645 3676 3700 insidias

2094 3753 2393 3810 ominatur.
2429 3748 2487 3802 ιιι
2514 3746 2659 3801 enim
2689 3743 2845 3798 aiunt
2873 3741 3063 3807 verba,
3095 3759 3113 3792 ι
3132 3738 3364 3809 direptio
3384 3753 3508 3792 eum
3547 3736 3679 3790 diri-

2096 3843 2231 3914 piet.
2255 3860 2274 3895 ι
2304 3838 2443 3895 Τιιιη
2477 3836 2643 3892 etiam
2673 3832 2957 3889 victoriam
2981 3831 3212 3901 spondet
3244 3846 3259 3883 :
3298 3829 3444 3899 ipse,
3478 3826 3675 3895 inquit,

2096 3948 2227 3990 mox
2281 3928 2504 3998 diripiet
2561 3926 2738 3981 illum.
2795 3922 2969 3977 Asero
3037 3920 3289 3976 similiter
3356 3916 3678 3989 frugiferum

2098 4038 2289 4095 agrum
2316 4019 2598 4092 praedicit;
2633 4014 2980 4085 Nephtalimo
3000 4012 3205 4068 sobolis
3234 4012 3633 4066 incrementum
3664 4029 3677 4063 :

2098 4119 2178 4173 sic
2210 4115 2356 4171 enim
2393 4110 2772 4179 intelliguntur
2803 4106 2966 4161 verba
2991 4144 3007 4171 ,
3040 4104 3251 4159 caudex
3288 4102 3527 4159 emissus
3552 4139 3569 4164 ,
3615 4115 3681 4153 ex

2100 4222 2160 4263 se
2188 4207 2415 4277 gignens
2442 4196 2868 4272 pulchritudinis
2897 4208 3139 4266 germen.
3185 4192 3391 4247 Deinde
3412 4188 3677 4243 infensam

2098 4298 2335 4367 Josepho
2366 4293 2627 4349 invidiam
2667 4289 2959 4358 variasque
2987 4284 3231 4356 pandens
3265 4283 3517 4344 insidias,
3541 4280 3681 4334 divi-

422 4371 543 4452 είτα
571 4398 667 4453 τοῦ
707 4371 901 4469 ’ίωσὴφ
943 4399 1036 4453 τὸν
1075 4399 1290 4470 φθόνον,
1325 4371 1441 4454 ϋκαὶ
1493 4371 1594 4462 τάς
1647 4399 1993 4463 παντοδαπὰς

2104 4406 2229 4447 nam
2261 4387 2503 4443 celebrat
2530 4380 2960 4442 Providentiam,
2998 4392 3107 4447 qua
3139 4385 3312 4430 tectus
3339 4371 3681 4427 adversarios

423 4491 693 4556 ἐπιδείξας
750 4465 1058 4556 ἐπιϐουλὰς,
1088 4465 1201 4562 ’τὴν
1247 4489 1402 4545 θείαν
1448 4490 1609 4561 ὑμνεῖ
1651 4489 1993 4560 κηδεμονίαν,

2108 4498 2239 4541 suos
2292 4478 2593 4550 superavit.
2657 4493 2677 4528 ι
2727 4472 2963 4529 Contriti
3020 4477 3186 4532 sunt,
3242 4467 3460 4535 inquit,
3524 4476 3685 4517 arcus

422 4582 490 4635 δι’
541 4578 611 4653 ἦς
659 4583 785 4644 τοὺς
836 4581 1289 4652 πεπολεμηκότας
1344 4580 1586 4651 ἐνίκησε.
1646 4597 1664 4631 ι
1707 4578 2004 4651 Συνετρίϐη

423 4674 554 4743 γὰρ,
586 4674 738 4743 φησὶ,
774 4672 909 4743 μετὰ
946 4673 1184 4745 κράτους
1213 4673 1282 4725 τὰ
1320 4672 1455 4736 τόξα
1495 4670 1712 4736 αὐτῶν,
1769 4671 1863 4724 καὶ
1916 4670 2007 4736 ἐξ-

423 4765 586 4836 ελύθη
617 4764 785 4835 νεῦρα
812 4763 1114 4835 βραχιόνων
1145 4761 1347 4834 χειρῶν
1381 4760 1582 4827 αὐτῶν,
1616 4761 1706 4816 διὰ
1733 4763 1890 4832 χεῖρα
1917 4762 2010 4814 δυ-

421 4859 617 4913 νάστου
682 4856 895 4911 Ἰακώϐ·
945 4855 1157 4910 ἐκεῖθεν
1211 4856 1240 4909 6
1288 4853 1625 4923 κατισχύσας
1687 4870 1747 4906 σε
1792 4852 2008 4924 Ἰσραὴλ

422 4954 573 5025 παρὰ
603 4951 738 5006 Θεοῦ
771 4951 867 5005 τοῦ
897 4949 1112 5021 Πατρός
1142 4964 1259 5003 σου·
1289 4948 1383 5002 καὶ⁹
1404 4946 1669 5016 ἐϐοήθησέ
1701 4964 1784 4999 σοι
1817 4947 1843 4999 6
1868 4946 2002 5011 Θεὸς

420 5047 448 5098 6
474 5044 624 5115 ἐμός·
659 5045 754 5097 καὶ
780 5042 1045 5112 εύλόγησέ
1072 5058 1133 5094 σε
1168 5038 1425 5108 εὐλογίαν
1484 5036 1718 5108 οὐρανοῦ
1765 5038 1995 5100 ἄνωθεν,

422 5138 515 5192 καὶ
539 5135 788 5206 εὐλογίαν
815 5135 920 5206 γῆς
952 5132 1181 5205 ἐχούσης
1208 5131 1409 5192 πάντα,
1449 5148 1467 5181 ι
1500 5130 1595 5183 καὶ
1623 5129 1750 5201 ἐξῆς
1777 5146 1790 5159 ·
1826 5129 1895 5183 δι’
1920 5123 1997 5183 ὧν

492 5279 536 5311 ⁸⁷
566 5277 682 5335 Jos.
711 5294 824 5344 χιιι,
855 5277 944 5332 47.
1017 5276 1063 5309 ⁸⁸
1101 5274 1299 5330 Genes.
1332 5288 1479 5340 ηις,
1507 5272 1601 5337 24,
1627 5271 1718 5327 25.

2104 4589 2331 4642 eorum;
2360 4570 2553 4641 dilapsi
2580 4576 2709 4623 sunt
2736 4565 2889 4621 nervi
2922 4562 3268 4618 brachiorum
3313 4568 3685 4623 manuumque

2104 4683 2320 4733 eorum,
2352 4680 2449 4736 per
2479 4677 2703 4718 manum
2742 4656 2985 4729 potentis
3041 4653 3231 4709 Jacob.
3267 4652 3423 4704 Illinc
3473 4649 3566 4718 qui
3631 4655 3685 4700 te

2106 4764 2332 4817 roborat
2361 4758 2528 4814 Israel
2568 4771 2601 4809 a
2632 4753 2742 4809 Deo
2786 4749 2964 4817 Patris
2991 4747 3091 4802 tui.
3120 4744 3428 4813 Opitulatus
3459 4748 3543 4794 est
3585 4736 3683 4790 tibi

2107 4852 2251 4907 Deus
2280 4864 2435 4905 meus
2467 4866 2482 4901 :
2519 4842 2798 4901 benedixit
2831 4839 2925 4894 tibi
2952 4833 3331 4892 benedictione
3360 4828 3484 4883 εωιί
3525 4827 3687 4880 desu-

2107 4961 2227 5016 per.
2274 4953 2543 5011 terraeque
2574 4935 2950 4994 benedictione
2980 4928 3165 4985 omnia
3196 4918 3619 4983 continentis";
3660 4934 3682 4969 ι

2104 5046 2159 5092 et
2186 5036 2419 5106 reliqua.
2454 5031 2665 5100 Quibus
2693 5026 2949 5082 omnibus
2986 5020 3169 5076 verbis
3206 5016 3373 5070 Deum
3410 5025 3568 5067 suum
3598 5024 3688 5063 ce-

2104 5102 2357 5195 lebravit,
2381 5128 2474 5199 qui
2503 5141 2565 5183 se
2590 5122 2745 5179 fratri
2787 5115 3104 5175 adversario
3142 5111 3478 5182 superiorem
3506 5102 3689 5158 reddi-

1917 5405 2149 5462 ΝΟΤᾹΞ.

499 5553 611 5625 (60)
658 5555 738 5609 lta
774 5556 974 5608 habent
1016 5552 1154 5607 LXX
1187 5554 1532 5622 interpretes,
1563 5565 1706 5621 quos
1740 5547 1996 5625 sequitur

426 5618 688 5692 Photius;
739 5640 917 5694 neque
980 5625 1145 5678 ullam
1194 5618 1513 5679 varietatem
1563 5618 1663 5691 ego
1710 5619 1901 5694 reperi
1944 5618 2000 5671 in

432 5688 780 5754 llolmesiana
802 5688 1141 5752 diversarum
1169 5693 1460 5750 lectionum
1489 5688 1681 5763 iiiag'na
1705 5688 2001 5759 iarragiuc.

2109 5543 2315 5598 Textus
2344 5549 2526 5594 tamen
2558 5538 2678 5592 Lat.
2729 5536 2981 5607 vulgatus
3014 5530 3189 5609 habet.
3213 5529 3344 5590 alia,
3376 5525 3504 5595 quia
3544 5524 3689 5609 let-ta

2110 5615 2214 5695 init
2271 5612 2328 5666 in
2360 5609 2630 5668 llcbraico
2680 5602 2976 5677 archétypo
3024 5602 3283 5656 vicesima
3351 5612 3449 5668 pro
3494 5605 3689 5666 quarta
