3902 6212
279 208 416 275 1079

1399 208 1662 271 PIIOTII
1698 208 2200 271 PATBIARCH/E
2238 212 2346 274 ΕΡ.

3398 208 3543 271 1080

278 326 397 379 dit:
441 323 725 395 liliumque
756 325 961 393 pariter
1000 340 1199 389 suum,
1247 333 1438 381 contra
1492 340 1654 395 quem
1706 331 1857 377 tanta

1970 323 2229 378 ἁπάντων
2282 324 2492 396 ὕμνησε
2542 325 2635 379 τὸν
2690 327 2888 378 οἰκεῖον
2923 322 3057 378 Θεὸν
3082 365 3098 390 ,
3154 322 3212 386 ὃς
3264 321 3359 376 καὶ
3384 322 3550 374 αὐτὸν

274 415 506 469 fratrum
552 416 707 469 turba
746 416 1149 483 conjuraverat.
1184 414 1355 481 Hanc,
1393 416 1595 486 inquit,
1633 414 1855 469 tutelam

274 521 469 566 nactus
491 524 552 565 es
578 518 801 580 propter
833 518 989 563 tuum
1029 524 1157 580 erga
1186 519 1440 580 parentes
1471 509 1733 564 studium.
1768 507 1859 562 Sic

270 603 419 657 enim
452 604 721 671 intelligas
754 602 920 658 verba
952 620 966 656 :
1000 612 1222 673 prepter
1261 603 1696 658 benedictionem
1729 601 1860 656 ube-

273 711 394 748 rum
425 706 480 750 et
511 697 705 761 vulvae,
741 696 1176 752 benedictionem
1200 695 1371 765 patris
1400 695 1701 765 matrisque
1730 704 1854 748 iure.

274 787 324 840 Is
350 787 494 842 enim
523 788 674 843 senis
702 788 873 859 patris
910 788 1201 843 sollicitam
1236 803 1424 844 curam
1456 787 1623 857 gessit
1650 803 1664 838 :
1701 787 1860 855 quid-

273 881 403 949 quid
428 889 609 936 autem
640 883 779 949 patri
807 880 955 943 fecit,
988 881 1041 934 id
1073 880 1293 950 utrique
1324 880 1537 951 parenti
1567 894 1858 934 commune

274 971 517 1025 dicitur:
554 989 788 1042 namque
815 982 869 1027 et
906 982 1078 1027 mater
1133 973 1380 1029 eamdem
1426 989 1613 1028 curam
1663 973 1859 1027 fuisset

272 1072 518 1133 experta,
547 1064 650 1119 nisi
680 1065 843 1120 citius
864 1066 972 1119 vita
1000 1066 1345 1121 excessisset.
1381 1065 1582 1120 Deinde
1607 1073 1859 1133 precatur

270 1156 322 1209 ei
364 1158 678 1225 praeclaram
715 1156 938 1222 famam,
977 1142 1141 1227 atque
1176 1166 1235 1211 ut
1265 1158 1408 1227 apud
1461 1173 1653 1213 omnes
1681 1158 1856 1212 incla-

275 1261 450 1304 rescat
478 1268 490 1302 :
518 1268 536 1300 ι
566 1249 892 1319 Exsuperes,
920 1252 1118 1321 inquit,
1147 1252 1555 1306 benedictiones
1584 1253 1854 1306 montium

276 1340 664 1406 immobilium,
699 1343 1143 1413 desideriumque
1167 1345 1435 1399 clivorum
1466 1352 1851 1399 aeternorum.»

272 1432 397 1488 “rec
421 1434 548 1487 ticnt
582 1436 637 1488 in
665 1437 845 1505 capite
873 1434 1117 1506 Joseplti,
1154 1436 1207 1490 in
1244 1438 1447 1492 vertice
1475 1452 1709 1507 quorum
1740 1436 1858 1507 ipse

270 1528 381 1581 dux
408 1538 491 1582 est
520 1528 773 1584 fratrum.
803 1527 957 1584 Haud
988 1530 1312 1585 vocabulum
1343 1530 1493 1593 θίνας
1517 1529 1734 1600 Aquila,
1761 1528 1855 1583 sed

271 1620 492 1687 βουνοὺς
537 1620 742 1688 posuit.
790 1621 960 1676 Sicuti
1019 1637 1150 1692 ergo
1197 1622 1385 1691 procul
1442 1620 1857 1690 conspiciuntur

1966 419 2250 484 κρείττονα
2279 416 2377 469 τοῦ
2431 416 2880 485 πεπολεμηκότος
2944 415 3230 483 ἀπέφηνεν
3284 412 3547 482 ἀδελφοῦ,

1964 508 2062 559 καὶ
2088 505 2179 559 τὸν
2215 508 2333 560 υἱὸν
2360 508 2573 578 ἄμαχον
2603 507 2771 574 ἔδειξε
2798 505 2953 578 παρὰ
2978 505 3252 560 τοσούτων
3298 504 3549 573 ἀδελφῶν

1964 601 2436 655 ἐπιϐουλευθέντα.
2463 601 2677 672 Ταύτης
2701 602 2779 663 δὲ,
2805 601 2963 672 φησὶ,
2989 601 3090 671 τῆς
3112 599 3437 671 κηδεμονίας
3460 616 3549 651 τε.

1963 694 2228 766 τύχηκας,
2251 696 2347 766 τῆς
2367 696 2448 758 εἰς
2468 695 2595 757 τοὺς
2618 695 3019 763 γεγεννηκότας
3042 692 3335 764 θεραπείας
3357 690 3549 760 μισθὸν

1963 787 2351 855 κομισάμενος
2375 786 2533 839 τοῦτο
2555 785 2666 857 γὰρ
2684 785 3130 853 λέγει,ι”Ενεκεν
3155 784 3407 851 εὐλογίας
3437 800 3547 852 μα-

1967 878 2109 932 σθῶν
2135 879 2230 932 καὶ
2264 880 2497 950 μήτρας,
2536 878 2789 947 εὐλογίας
2822 877 3029 949 πατρός
3066 894 3161 930 σου
3212 877 3308 930 καὶ
3337 875 3547 946 μητρός

1965 988 2061 1023 σου
2078 988 2092 1003 ο
2106 989 2126 1022 ι
2150 988 2221 1041 γη
2229 971 2478 1042 ρωκόμος
2506 972 2614 1042 γὰρ
2635 971 2731 1024 τοῦ
2748 970 2959 1042 πατρὸς
2979 970 3267 1032 σπουδαῖος
3282 970 3339 1038 ὲγ
3348 967 3546 1036 εγόνειο

1964 1066 2031 1116 τά
2046 1064 2195 1127 δὲείς
2209 1064 2372 1118 αὐτὸν
2388 1064 2753 1136 γεγενημένα,
2776 1064 2930 1118 κοινὰ
2950 1062 3115 1117 αὐτοῦ
3130 1080 3191 1116 τε
3211 1066 3307 1116 καὶ
3321 1062 3423 1131 τῆς
3444 1079 3549 1130 μη-

1963 1156 2091 1227 τρὸς
2109 1151 2249 1211 εἶναί
2265 1173 2421 1227 φησι·
2441 1156 2763 1227 ταύτηςγὰρ
2782 1154 2848 1210 ἂν
2862 1159 2960 1227 τῆς
2977 1155 3304 1226 κηδεμονίας
3320 1155 3547 1223 κάκείνη

1964 1250 2301 1319 ἁπήλαυσεν,
2329 1251 2377 1303 εί
2404 1250 2480 1321 μὴ
2500 1249 2694 1303 θᾶττον
2720 1249 2911 1321 ἐξῆλθε
2938 1247 3032 1302 τοῦ
3065 1248 3213 1318 βίου’
3234 1242 3355 1301 εἶτα
3381 1246 3545 1298 ἐπεύ-

1964 1360 2118 1413 χεται
2150 1342 2298 1415 αὐτῷ
2324 1343 2709 1413 περιφάνειαν,
2742 1341 2887 1395 ὥστε
2913 1340 3170 1410 γενέσθαι
3205 1340 3371 1393 αὑτὸν
3397 1338 3547 1409 παρᾶ

1964 1438 2132 1489 πᾶσιν
2152 1436 2473 1505 ὲπίσημον.‹
2495 1434 2924 1507 ’Υπερισχύσαις
2938 1434 3069 1504 γὰρ,
3091 1434 3276 1503 φησὶν,
3296 1432 3439 1501 ὑπὲρ
3456 1433 3547 1484 εύ·

1963 1527 2146 1596 λογίας
2163 1527 2335 1598 ὀρέων
2353 1527 2598 1599 μονίμων
2627 1529 2720 1581 καὶ
2747 1526 3044 1599 ἐπιθυμίας
3064 1526 3228 1580 θινῶν
3244 1525 3479 1580 αἰωνίων
3492 1542 3508 1555 ο
3521 1543 3541 1577 t

1964 1619 2177 1676 ἔσονται
2206 1623 2298 1675 ἐπὶ
2322 1621 2564 1691 κεφαλῆς
2580 1620 2799 1693 Ἰωσὴφ,
2830 1623 2924 1675 καὶ
2940 1620 3035 1674 ἐπὶ
3053 1619 3296 1690 κορυφῆς
3317 1612 3392 1672 ῶν
3411 1618 3548 1689 ήγή-

269 1725 364 1764 εειι
404 1712 571 1767 colles
619 1727 716 1766 seu
769 1722 1023 1779 montes,
1073 1713 1269 1767 horum
1331 1713 1504 1767 instar
1542 1711 1852 1780 patriarcha

1964 1733 2087 1769 σατο
2102 1716 2365 1784 ἀδελφῶν⁸
2399 1716 2461 1769 τὸ
2494 1716 2551 1769 δὲ
2580 1715 2751 1779 θῖνας
2770 1717 2799 1769 6
2825 1714 3058 1776 Ἀκύλας
3081 1712 3353 1778 ,ϐουνοὺς
3368 1712 3551 1783 ἡρμή-

269 1813 420 1870 optat
454 1807 812 1873 conspicuum
868 1805 987 1861 ﬁeri
1058 1804 1355 1877 Josephum
1403 1812 1568 1875 atque
1602 1804 1851 1861 omnium

271 1891 731 1948 illustrissimum.

344 2065 391 2123 .7.
441 2068 681 2138 Denique
738 2067 1117 2138 Benjaminum
1163 2070 1301 2125 dixit
1350 2071 1542 2143 lupum
1592 2086 1849 2141 rapacem

269 2172 488 2231 propter
544 2178 666 2217 eam
714 2178 837 2233 quae
863 2165 1092 2236 contigit
1120 2164 1249 2220 huic
1301 2164 1465 2219 tribui
1494 2164 1729 2222 cladem.
1764 2166 1853 2221 ld-

269 2255 416 2308 I'iI'CO
474 2254 721 2323 adjecit:
784 2274 804 2307 ι
839 2256 993 2313 Mane
1048 2258 1318 2322 comedet,
1368 2272 1598 2327 vespere
1666 2259 1850 2314 cibum

265 2347 644 2402 distribuat“.
685 2367 705 2399 ι
739 2348 874 2403 Nam
909 2350 1088 2419 primo
1116 2351 1399 2420 alteroque
1430 2364 1727 2420 congressu
1757 2367 1855 2407 su-

268 2439 512 2506 perieres
561 2440 897 2511 Benjamitae,
953 2442 1021 2496 ad
1050 2450 1359 2496 extremum
1387 2441 1639 2499 funditus
1686 2443 1851 2499 deleti

267 2527 509 2593 fuerunt,
546 2533 733 2600 paucis
772 2532 1062 2587 admodum
1085 2534 1350 2604 exceptis,
1383 2535 1587 2605 quibus
1612 2535 1851 2591 victores

268 2623 643 2679 misericordia
683 2626 943 2680 commoti
977 2625 1211 2682 feminas
1227 2626 1449 2696 quidem
1478 2628 1534 2683 in
1560 2628 1852 2683 matrimo-

268 2716 420 2773 nium
449 2719 521 2773 ob
554 2723 884 2776 sacramenti
934 2721 1255 2793 religionem
1316 2738 1426 2780 non
1486 2725 1852 2788 tradiderunt,

267 2812 425 2865 aliter
454 2823 633 2867 tamen
666 2814 745 2869 eis
777 2816 996 2885 nuptias
1022 2816 1477 2873 conciliaverunt.
1527 2817 1715 2889 Neque
1768 2829 1853 2874 ta-

1951 1824 2163 1863 νευσενο
2188 1808 2374 1879 ἐπειδὴ
2395 1808 2576 1863 τοίνυν
2599 1806 2883 1879 πόρρωθεν
2909 1806 3143 1878 ὁρῶνται
3167 1807 3261 1859 καὶ
3290 1806 3341 1857 οί
3370 1805 3550 1875 βουνοὶ

1951 1905 2048 1959 καὶ
2076 1905 2145 1959 τὰ
2177 1904 2277 1976 ὅρη
2306 1946 2320 1969 ,
2360 1903 2570 1968 τούτοις
2597 1903 2994 1974 παραπλησίως
3021 1902 3239 1971 εΰχεται
3270 1897 3551 1967 γνώριμον

1952 1996 2116 2051 αὑτὸν
2157 1996 2413 2064 γενέσθαι
2439 1997 2535 2049 καὶ
2562 1996 2783 2050 πάντων
2810 1993 3296 2065 περιφανέστατον.

2026 2086 2094 2152 ζ’.
2124 2087 2228 2140 Τὸν
2260 2087 2318 2139 δὲ
2352 2086 2611 2157 Βενιαμὶν
2640 2086 2804 2140 λύκον
2838 2086 3066 2157 ἅρπαγα
3099 2082 3337 2151 κέκληκε
3367 2080 3457 2132 διὰ
3482 2078 3550 2131 τὸ

1953 2178 2298 2251 συμϐεϐηκὸς
2340 2180 2512 2244 πάθος
2555 2182 2620 2249 τῇ
2668 2178 2861 2231 τούτου
2905 2176 3069 2247 φυλῇ.
3124 2174 3218 2227 Διὸ
3274 2174 3543 2240 ὲπήγεαγεο

1958 2296 1978 2330 ι
2013 2275 2088 2328 Τὸ
2116 2272 2355 2340 πρωῖνὸν
2400 2272 2601 2336 ἔδεται,
2657 2274 2753 2325 καὶ
2782 2272 2863 2333 είς
2893 2269 2955 2323 τὸ
2999 2267 3243 2339 ἑσπέρας
3291 2261 3547 2317 διαδώσει

1949 2367 2185 2438 τροφήν·
2227 2383 2247 2417 ›
2277 2365 2336 2418 ὲν
2379 2362 2491 2435 γὰρ
2523 2365 2591 2435 τῇ
2638 2361 2835 2434 πρώτῃ
2865 2361 2961 2414 καὶ
2987 2358 3220 2430 δευτέρᾳ
3252 2355 3541 2428 συμπλοκῇ

1952 2455 2319 2525 νενικηκότες,
2362 2453 2591 2525 ὕστερον
2620 2452 2789 2524 ἄρδην
2816 2450 3097 2506 ἀπώλοντο
3117 2488 3134 2514 ,
3174 2448 3315 2517 πλὴν
3358 2446 3540 2517 εὐαρι-

1954 2548 2177 2618 θμήτων
2198 2547 2359 2601 τινῶν
2376 2546 2594 2615 ὀλίγων,
2609 2543 2764 2608 οὒςοί
2783 2541 3132 2613 νενικηκότες
3148 2539 3543 2609 οἰκτείραντες,

1950 2638 2135 2692 δοῦναι
2168 2638 2266 2708 μὲν
2293 2638 2480 2700 αὐτοῖς
2509 2639 2779 2706 γυναῖκας
2804 2633 2897 2688 διὰ
2918 2634 3013 2687 τὸν
3057 2633 3220 2703 ὅρκον
3242 2629 3540 2690 ὑπείδοντο,

1954 2732 2161 2802 ἑτέρως
2194 2731 2239 2784 δ’
2293 2732 2477 2795 αὐτοῖς
2500 2731 2591 2784 τὸν
2631 2731 2809 2799 γάμον
2862 2726 3309 2797 ἐμηχανήσαντοο
3346 2723 3545 2775 εἰδέναι

1951 2826 2011 2879 δὲ
2044 2824 2150 2897 χρὴ
2173 2824 2248 2889 ῶς
2275 2842 2421 2889 τινες
2440 2824 2599 2896 τήνδε
2628 2824 2726 2894 τὴν
2756 2822 3062 2894 πρόρρησιν
3122 2822 3202 2883 είς
3231 2818 3321 2871 τὸν
3347 2817 3545 2870 θεσπέ-

266 2919 390 2957 men
422 2905 771 2961 nesciendum
814 2917 898 2963 est
941 2910 1239 2966 nonnullos
1282 2911 1384 2967 hoc
1413 2912 1734 2967 vaticinium
1785 2912 1854 2967 ad

1964 2936 2073 2973 σιον
2121 2917 2334 2972 Παῦλον
2378 2919 2639 2972 εἵλκυσαν
2669 2917 2802 2989 (61)·
2858 2914 3027 2969 λύκου
3073 2912 3182 2984 γὰρ
3214 2911 3374 2981 δίκην
3417 2909 3543 2961 έλυ-

267 2996 453 3052 divum
494 2998 721 3053 Paulum
757 3000 991 3056 traxisse
1023 3020 1037 3056 :
1071 3002 1161 3058 hic
1178 3004 1326 3061 enim
1358 3003 1470 3074 lupi
1512 3004 1617 3059 ritu
1651 3006 1852 3060 noxius

1964 3010 2181 3081 μαίνετο
2212 3011 2314 3080 τὴν
2382 3011 2712 3081 Ἐκκλησίαν
2763 3010 2904 3062 κατὰ
2958 3007 3086 3069 τοὺς
3121 3005 3306 3067 οἴκους
3351 3005 3542 3056 εἰσπο-

267 3088 523 3144 Ecclesite
546 3090 649 3144 fuit
673 3091 727 3145 in
761 3093 955 3147 domos
990 3093 1305 3163 irrumpens
1329 3111 1344 3161 ;
1373 3104 1561 3164 postea
1589 3110 1721 3151 vero
1741 3096 1857 3166 spi-

1964 3102 2275 3174 ρευόμενος,
2320 3103 2548 3176 ὕστερον
2579 3104 2635 3157 δὲ
2673 3103 2773 3174 τὴν
2807 3099 3189 3171 πνευματικὴν
3243 3096 3452 3167 τροφὴν
3479 3097 3542 3163 τῇ

267 3181 478 3235 ritalem
520 3198 702 3237 escam
734 3184 854 3238 orbi
891 3183 1193 3240 distribuit.
1223 3185 1521 3255 Postquam
1556 3187 1668 3243 haec
1698 3186 1857 3244 Jaco-

266 3271 370 3325 bus
407 3272 658 3338 dixisset,
709 3288 982 3343 suumque
1005 3276 1216 3330 obitum
1255 3277 1642 3344 nuntiavisset,
1677 3280 1856 3351 pergit

267 3363 449 3417 dicere
473 3364 770 3421 historicus
800 3383 815 3421 :
847 3367 1107 3422 Collectis
1140 3368 1193 3422 in
1219 3368 1421 3424 lectulo
1457 3368 1712 3439 pedibus,
1744 3372 1859 3425 ani-

266 3469 413 3507 mam
451 3455 580 3524 egit.
606 3465 662 3511 et
684 3457 754 3512 ad
805 3459 1067 3529 populum
1104 3476 1266 3515 suum
1323 3462 1609 3531 appositus
1657 3471 1765 3517 est.
1798 3463 1856 3518 Id

264 3544 443 3615 ipsum
476 3547 787 3603 Abrahamo
814 3566 1035 3620 quoque
1054 3550 1268 3605 dixerat
1303 3553 1616 3608 communis
1663 3552 1808 3615 Deus
1842 3572 1856 3608 :

271 3654 290 3686 ι
331 3635 407 3691 Tu
456 3654 587 3694 vero
641 3641 820 3697 abibis
872 3643 939 3697 ad
998 3652 1182 3712 patres
1238 3652 1380 3709 tuos,
1415 3646 1555 3699 bona
1579 3655 1859 3701 senectute

264 3730 587 3787 nutritus”.
632 3751 652 3783 ι
686 3732 824 3789 Hinc
875 3735 1040 3790 etiam
1101 3735 1377 3791 Dominus
1429 3736 1856 3793 Sadducazorum

268 3819 707 3876 incredulitatem
756 3826 1091 3894 coarguebat
1127 3826 1320 3881 dicens
1357 3842 1371 3880 :
1406 3843 1427 3876 ι
1465 3824 1623 3892 Quod
1672 3837 1857 3882 autem

266 3914 469 3966 mortui
531 3917 831 3970 surrecturi
864 3916 997 3982 sint,
1046 3932 1231 3972 nonne
1279 3918 1531 3988 legistis?
1561 3918 1678 3989 Ego
1712 3920 1861 3979 Deus

267 4004 568 4061 Abrahami
617 4016 673 4061 ct
705 4006 873 4064 lsaaci
912 4017 966 4065 et
1003 4008 1193 4064 Jacobi
1218 4010 1287 4064 ⁸⁸.
1348 4028 1367 4062 ι
1409 4008 1531 4064 Non
1572 4022 1657 4068 est
1689 4012 1856 4081 Deus,

269 4106 611 4151 mortuorum
636 4097 801 4164 Deus,
821 4100 917 4155 sed
950 4101 1310 4155 viventium.»
1339 4100 1447 4170 [psi
1481 4101 1654 4171 gloria
1676 4103 1729 4158 in
1757 4122 1858 4161 sae-

270 4193 417 4243 cula.
449 4190 646 4246 Amen.

340 4301 668 4369 QUAESTIO
706 4304 908 4361 CCLXI
927 4307 1181 4452 ([ἕιοξᾶ]
1207 4307 1512 4364 CCLXXXI
1536 4351 1551 4375 ,
1618 4309 1785 4365 Taur.

374 4468 516 4535 Quid
545 4472 643 4524 hoc
673 4471 918 4525 ostendat
948 4473 1135 4525 rubum
1160 4473 1346 4527 ardere
1378 4490 1470 4527 nec
1490 4474 1746 4531 comburi.

1886 4394 1941 4455 D

1954 3198 2252 3271 οἰκουμένῃ
2274 3199 2519 3254 διέδωκε.
2551 3197 2739 3251 Ταῦτα
2767 3196 2862 3251 τοῦ
2879 3194 3075 3249 Ἰακὼϐ
3105 3193 3411 3264 εἰρηκότος,
3445 3191 3543 3243 καὶ

1956 3290 2057 3362 τὴν
2103 3291 2312 3345 οἰκείαν
2363 3290 2620 3359 τελευτὴν
2654 3288 3055 3361 μεμηνυκότος,
3106 3287 3134 3339 ὀ
3188 3282 3543 3353 συγγραφεὺς

1958 3379 2087 3449 ἔφη·
2122 3398 2142 3432 ι
2178 3380 2290 3432 Καὶ
2316 3379 2519 3449 ἐξάρας
2552 3379 2679 3442 τοὺς
2711 3378 2878 3440 πόδας
2912 3374 3082 3430 αὐτοῦ
3112 3373 3206 3425 ἐπὶ
3231 3372 3329 3443 τὴν
3364 3370 3550 3441 κλίνην

1960 3469 2197 3534 ἐξέλιπε,
2219 3468 2317 3523 καὶ
2343 3466 2648 3539 προσετέθη
2684 3466 2822 3538 πρὸς
2849 3466 2941 3518 τὸν
2964 3465 3093 3518 λαὸν
3125 3462 3310 3516 αὐτοῦ·
3340 3480 3359 3513 ι
3393 3460 3551 3513 τοῦτο

1959 3562 2018 3615 δὲ
2070 3562 2167 3615 καὶ
2216 3561 2353 3631 πρὸς
2402 3560 2494 3613 τὸν
2536 3558 2788 3631 Ἀϐραὰμ
2831 3557 3001 3610 ὁιτῶν
3050 3556 3191 3610 ὅλων
3242 3553 3346 3624 ἔφη
3392 3551 3544 3614 Θεός·

1966 3673 1985 3705 ι
2022 3654 2094 3708 Σὺ
2127 3653 2185 3707 δὲ
2215 3653 2497 3726 ἀπελεύσῃ
2522 3654 2661 3724 πρὸς
2683 3652 2813 3715 τοὺς
2849 3650 3094 3720 πατέρας
3120 3666 3215 3701 σου
3247 3650 3304 3700 ἐν
3332 3646 3547 3716 εἰρήνη,

1959 3746 2191 3818 τραφεὶς
2224 3747 2282 3800 ὲν
2309 3746 2472 3817 γήρει
2497 3744 2668 3814 καλῷ·
2710 3764 2729 3796 ι
2761 3741 3013 3796 ἐντεῦθεν
3034 3741 3129 3794 καὶ
3158 3742 3184 3793 6
3222 3737 3428 3808 Κύριος
3450 3735 3550 3804 τὴν

1966 3841 2077 3895 τῶν
2107 3839 2483 3894 Σαδδουκαίων
2501 3838 2761 3891 ἀπιστίαν
2781 3832 3062 3906 διήλεγξεν
3080 3830 3339 3901 εἰρηκώς
3371 3846 3391 3879 ι
3424 3828 3545 3876 Ὀτι

1958 3934 2015 3986 δὲ
2058 3933 2366 4003 ἐγείρονται
2395 3931 2446 3983 οἱ
2473 3929 2659 4000 νεκροὶ
2686 3929 2785 3980 οὐκ
2806 3928 3077 3995 ἀνέγνωτε
3104 3942 3119 3990 ;
3171 3920 3311 3987 Ἐγὼ
3346 3918 3376 3969 6
3416 3915 3548 3977 Θεὸς

1974 4026 2226 4097 Ἀϐραὰμ
2260 4025 2355 4077 καὶ
2388 4022 2576 4077 Ἰσαὰκ
2600 4022 2696 4075 καὶ
2732 4018 2949 4073 Ἰακώϐ.
2996 4035 3015 4069 ι
3043 4016 3157 4067 Οὐκ
3186 4012 3334 4065 ἐστιν
3361 4011 3390 4061 6
3414 4008 3548 4070 Θεὸς

1960 4118 2092 4181 Θεὸς
2144 4116 2377 4187 νεκρῶν,
2410 4114 2549 4169 ἀλλὰ
2591 4113 2833 4179 ζώντων.
2884 4107 3048 4179 Αύτῴ
3094 4109 3129 4178 ἡ
3158 4105 3283 4168 δόξα
3315 4105 3397 4166 εἰς
3423 4102 3547 4161 τοὺς

1958 4211 2182 4271 αἰῶνας.
2227 4210 2424 4281 Ἀμήν.

2498 4323 2834 4380 ΕΡΩΤΗΣΙΣ
2857 4322 3019 4375 ΣΞΝ.

1973 4488 2036 4541 Τί
2065 4485 2245 4553 δηλοῖ
2277 4488 2366 4552 τὸ,
2399 4487 2515 4556 τὴν
2544 4486 2742 4608 ,Βάττ’
2788 4485 3063 4609 galeam:
3113 4480 3211 4535 καὶ
3235 4478 3323 4548 μὴ
3372 4494 3549 4532 κατα-

2605 4574 2680 4609 xu
2708 4571 2785 4609 εσ
2822 4574 2881 4609 ιιι
2909 4571 2927 4609 .'

2605 4571 2881 4611 καιεσυιιι
2909 4571 2927 4619 ;

1111 4666 1252 4716 Edita
1283 4680 1309 4715 a
1337 4663 1462 4716 Maio
1495 4666 1640 4731 (Nov.
1670 4669 1796 4721 Coll.
1825 4676 1863 4719 ι.
1899 4672 1978 4737 ΙΧ,
2010 4692 2061 4740 p.
2101 4678 2235 4739 126).
2272 4703 2329 4713 --
2363 4673 2517 4724 Exod.
2559 4685 2629 4731 nt,
2662 4670 2711 4717 2.

338 4748 451 4803 duc
487 4748 578 4803 Dei
632 4750 933 4820 potentiam
989 4758 1156 4820 atque
1204 4767 1448 4805 amorem
1499 4755 1552 4807 in
1610 4755 1864 4812 homines

265 4844 569 4915 proclamat
595 4846 741 4914 quod
770 4846 968 4900 rubum
1000 4847 1093 4915 qui
1125 4846 1375 4916 lignosus
1409 4856 1528 4901 erat
1560 4865 1668 4903 non
1706 4867 1863 4905 com-

2036 4762 2148 4835 Τὴν
2165 4761 2257 4815 τοῦ
2274 4759 2409 4814 Θεοῦ
2433 4758 2664 4828 δύναμιν
2684 4756 2781 4809 καὶ
2807 4750 3229 4822 φιλανθρωπίαν
3259 4744 3542 4835 κηρύττει,

1964 4853 2048 4906 ὅτι
2074 4832 2402 4923 φρυγανώδη
2429 4844 2598 4901 οὖσαν
2626 4847 2728 4898 οὐκ
2755 4844 3020 4914 ἀνήλισκε
3050 4840 3110 4894 τὸ
3132 4837 3398 4893 ἄσϐεστον
3421 4832 3552 4903 πῦρ’

266 4936 441 4990 bussit
482 4936 945 5005 inexstinguibilis
998 4938 1157 5008 ignis.
1211 4936 1484 4994 Praeterea
1541 4955 1744 4998 censeo
1799 4944 1867 4998 ab

1965 4941 2118 5016 οἶμαι
2155 4944 2211 4997 δὲ
2245 4943 2313 4996 δι’
2353 4941 2519 4995 αὑτοῦ
2558 4935 3004 5009 παραδηλοῦσοαι
3030 4932 3125 4986 καὶ
3168 4932 3250 4984 ὅτι
3272 4930 3300 4981 6
3341 4924 3557 5016 Ἰσραὴλ

266 5029 371 5084 hoc
405 5029 572 5083 Israel
636 5030 1015 5099 repraesentari
1069 5033 1161 5101 qui
1217 5033 1286 5087 ab
1333 5031 1608 5103 Egyptiis
1644 5047 1869 5091 vexatus

1967 5015 2073 5089 ὑπὸ
2109 5034 2218 5089 τῶν
2247 5032 2565 5099 Αἰγυπτίων
2600 5028 2921 5082 ὲπιϐουλευό
2934 5042 3095 5096 μενος
3135 5024 3236 5076 οὐκ
3270 5015 3555 5084 ἀναλωθή-

267 5138 379 5177 non
413 5134 591 5175 tamen
623 5123 905 5191 periturus
932 5132 1071 5190 erat,
1102 5124 1185 5177 vel
1228 5124 1395 5178 etiam
1437 5124 1635 5181 Filium
1666 5127 1866 5199 Unige-

1973 5143 2151 5182 σεταιο
2185 5125 2343 5179 ἔτιδὲ
2372 5123 2471 5178 καὶ
2503 5124 2578 5187 ὡς
2603 5124 2633 5176 ὁ
2654 5120 2969 5188 Μονογενὴς
2999 5113 3432 5185 ἐνανθρωπήσας
3462 5111 3556 5161 καὶ

266 5218 445 5272 nitum
476 5216 592 5285 qui,
622 5226 912 5287 postquam
943 5227 1193 5271 naturam
1215 5230 1513 5274 numanam
1543 5220 1867 5286 sumpsisset

1977 5217 2313 5288 παρθενικὴν
2343 5215 2635 5283 ὲνοικήσας
2661 5211 2842 5282 νηδὺν,
2866 5208 3098 5279 φυλάξει
3120 5205 3218 5275 τὴν
3250 5200 3556 5272 παρθενίαν

266 5320 438 5379 atque
467 5308 520 5362 in
539 5309 659 5363 sinu
690 5310 916 5377 virginis
942 5308 1325 5371 habitavisset,
1359 5310 1407 5364 ei
1446 5310 1714 5381 integram
1750 5312 1863 5366 vir-

1609 5425 1653 5457 “
1688 5424 1856 5479 Marc.
1897 5440 1998 5490 xu,
2025 5424 2116 5479 26.

345 5425 390 5459 δ’
423 5424 602 5481 Judic.
643 5441 743 5491 xx;
777 5441 891 5480 χχι.
993 5424 1041 5456 ⁵ο
1066 5421 1265 5478 Genes.
1295 5439 1386 5488 xv,
1421 5424 1509 5479 15.

1970 5312 2267 5383 ἀκήρατον·
2312 5308 2449 5379 φασὶ
2479 5308 2535 5360 δέ
2560 5322 2702 5369 τινες
2730 5307 2788 5358 ὲν
2819 5303 2966 5374 βάτῳ
2998 5300 3237 5372 φανῆναι
3276 5296 3368 5351 τὸν
3400 5294 3554 5352 Θεὸν.

1793 5514 2029 5570 NOTAE.

1793 5514 1837 5569 N
1890 5514 1932 5569 Τ
2014 5556 2029 5570 .

354 5608 464 5679 (6|)
493 5608 549 5662 In
594 5608 681 5665 his
711 5607 1078 5680 Hieronymus
1105 5624 1191 5679 ep.
1231 5607 1323 5673 58,
1381 5607 1436 5672 1,
1466 5616 1521 5661 et
1546 5617 1741 5678 quaest.
1781 5514 2053 5665 ingeris.
2087 5622 2189 5665 nec
2233 5622 2340 5663 non
2366 5604 2420 5660 in
2452 5603 2721 5674 opusculo
2747 5599 2891 5672 quod
2940 5597 3060 5669 ejus
3102 5610 3303 5651 nomen
3361 5590 3549 5662 iactat,

284 5678 371 5734 ea
397 5682 840 5735 benedictionibus
863 5678 1053 5734 Iacob.
