3902 6212
317 314 450 381 1081

1107 309 1207 367 AD
1238 303 1833 366 AMPIIILOCIIIUM
1859 302 2206 376 ΟΠίΈ-ΞΤΙΟ
2244 302 2809 365 CCLXI-CCLXIII.

3438 296 3583 362 1082

312 430 408 481 καὶ
445 426 546 479 οὐκ
581 422 641 477 ἐν
670 421 815 493 ἄλλῳ
844 419 1018 492 φυτῷ,
1051 420 1144 475 διὰ
1169 420 1231 474 τὸ
1260 418 1335 491 μὴ
1372 416 1633 473 δύνασθαί
1665 433 1784 470 τινα
1823 417 1884 468 ἐκ
1915 439 1931 483 Α

2019 415 2271 473 :initatem
2336 416 2593 471 servavit.
2657 414 2856 470 Dicunt
2914 412 3137 483 quidam
3218 412 3388 467 Deum
3450 414 3575 467 rubi

316 517 479 588 βάτου
529 513 731 583 γλύψαι
780 510 932 562 Θεόν·
989 508 1135 572 εἰκὸς
1193 509 1302 578 γὰρ
1359 501 1428 575 ἦν
1474 502 1763 565 Ἰουδαίους
1797 501 1891 554 καὶ

314 609 471 663 τοῦτο
497 608 790 679 τολμῆσαι,
817 605 976 676 εἴπερ
1006 603 1065 656 ἐν
1095 600 1237 671 ἄλλῳ
1259 599 1415 670 ὤφθη
1438 595 1610 669 φυτῷ.

847 927 1179 983 ΕΡΩΤΗΣΙΣ
1202 924 1365 981 ΣΞΒ’.

583 1090 642 1144 Ἠ
669 1089 973 1158 λέπρωσις
996 1088 1107 1157 τῆς
1145 1089 1340 1158 χειρὸς
1369 1087 1427 1141 τί
1450 1082 1663 1154 δηλοῖς

1992 508 2211 579 quidem
2256 521 2364 561 non
2411 516 2592 561 autem
2639 506 2783 563 alius
2808 505 3009 576 plantae
3034 504 3265 558 formam
3315 505 3583 570 induisse,

1991 602 2119 671 quia
2174 616 2281 654 non
2321 608 2500 669 potest
2552 614 2617 654 ex
2661 599 2800 653 rubo
2853 596 3031 653 caelati
3068 597 3231 653 Deus.
3276 596 3588 653 Verisimile

1992 693 2312 749 estJudaeos
2329 694 2432 748 hoc
2457 699 2664 747 tentare
2692 706 2927 747 ausuros
2953 688 3128 748 fuisse
3151 691 3197 747 si
3226 690 3367 746 Deus
3392 692 3446 745 in
3478 691 3587 748 alia

2000 788 2185 859 planta
2218 788 2370 842 visus
2397 795 2563 841 esset.

2075 898 2405 968 QUIESTIO
2430 898 2913 1025 CCLXltclfzglﬁ
2951 900 3298 964 CCLXXXII,
3346 900 3510 999 Taur.

2636 970 2938 1044 CCLXXI].

2285 1061 2592 1133 Leprositas
2649 1078 2832 1116 manus
2859 1062 2984 1133 quid
3022 1063 3302 1133 signiﬁcet.

1241 1202 1382 1251 Edita
1411 1214 1441 1249 a
1473 1198 1599 1250 Maio
1624 1198 1677 1261 (l.
1711 1208 1756 1245 c.
1782 1206 1833 1256 p.
1868 1186 1978 1247 126,
2002 1197 2052 1247 q.
2076 1176 2212 1241 271).
2244 1203 2307 1213 —
2336 1176 2493 1226 Exod.
2522 1188 2589 1235 tv,
2609 1174 2656 1223 6.

400 1310 486 1362 'Ev
519 1307 772 1379 εὐσεϐείᾳ
804 1307 1013 1377 τραφὲν
1046 1306 1107 1360 τὸ
1144 1307 1299 1376 γένος
1328 1306 1421 1360 τοῦ
1446 1302 1658 1383 ίἸακὼϐ
1687 1304 1765 1366 εἰς
1794 1301 1895 1371 τὴν

317 1403 591 1468 Αιγυπτον
648 1400 1011 1471 εἰσελήλυθεν·
1075 1399 1191 1453 ἀλλ’
1252 1401 1373 1453 ἐκεῖ
1423 1398 1532 1451 τῶν
1581 1393 1897 1463 Αἰγυπτίων

321 1492 593 1565 μετέμαθε
637 1493 739 1563 τὴν
781 1492 1059 1546 ἀσέϐειαν·
1118 1493 1222 1563 τῆς
1273 1491 1496 1545 ἐκείνων
1550 1490 1608 1544 δὲ
1656 1487 1900 1550 δουλείας

318 1583 631 1653 ἀπαλλαγὲν
668 1582 945 1654 μετέμαθε
981 1582 1077 1637 τὸν
1110 1582 1221 1635 τῶν
1272 1581 1411 1636 ὅλων
1438 1580 1593 1634 Θεόν·
1628 1577 1898 1649 δεδήλωκε

316 1675 498 1729 τοίνυν
524 1676 613 1730 διὰ
633 1676 733 1746 τῆς
763 1673 1106 1737 ἀλλοιώσεως
1135 1674 1235 1745 τῆς
1263 1675 1466 1745 χειρὸς,
1490 1674 1592 1744 τὴν
1619 1670 1896 1741 λέπρωσιν

318 1770 499 1824 αύτῶν
518 1770 613 1824 καὶ
641 1766 738 1841 τὴν
769 1767 1060 1841 κάθαρσιν·
1096 1767 1235 1840 πρὸς
1263 1768 1321 1822 δὲ
1345 1766 1556 1829 τούτοις
1590 1763 1686 1818 καὶ
1708 1763 1898 1834 ἕτερον

317 1862 586 1934 ᾠκονόμει
619 1864 648 1916 ὁ
698 1863 853 1928 Θεός·
900 1862 1090 1935 ἐπειδὴ
1140 1862 1249 1932 γάρ
1288 1859 1481 1931 ἔμελλε
1511 1859 1602 1911 τὸν
1630 1858 1761 1928 περὶ
1789 1855 1899 1909 τῶν

316 1954 536 2026 λεπρῶν
565 1954 773 2012 τιθέναι
809 1957 971 2028 νόμον
992 1956 1087 2011 καὶ
1104 1954 1451 2026 ἀκαθάρτους
1486 1951 1711 2014 τούτους
1736 1965 1904 2022 προσ-

322 2048 631 2118 ἀγορεύειν,
683 2050 846 2122 ἕτερα
912 2050 1001 2105 διὰ
1047 2049 1253 2104 τούτων
1301 2045 1603 2118 οἰκονομῶν
1625 2045 1903 2115 ἐλέπρωσε

2067 1286 2377 1342 Educatum
2422 1282 2475 1336 in
2507 1282 2707 1351 pietate
2755 1279 2940 1335 Jacobi
2977 1296 3148 1351 genus
3176 1277 3466 1351 Aﬁgyptum
3503 1283 3590 1339 in-

1994 1393 2243 1452 gressum
2276 1384 2414 1431 erat.
2456 1372 2555 1429 Hic
2584 1386 2718 1427 vero
2741 1370 3120 1442 IEgyptiorum
3157 1373 3352 1428 didicit
3382 1374 3580 1445 impie-

1996 1480 2196 1537 tatem;
2252 1481 2488 1538 quorum
2540 1464 2767 1521 servitio
2816 1464 3106 1518 liberatum
3162 1481 3357 1521 rursus
3385 1466 3579 1521 didicit

1996 1560 2239 1615 omnium
2294 1572 2477 1613 rerum
2520 1556 2715 1610 Deum.
2770 1553 3023 1610 Ostendit
3079 1555 3266 1627 igitur,
3310 1571 3406 1627 per
3446 1557 3588 1612 hanc

2002 1669 2200 1708 manus
2254 1650 2710 1715 immutationem,
2777 1648 2972 1704 horum
3021 1659 3074 1703 et
3129 1649 3499 1718 leprositatem
3530 1660 3587 1703 et

1996 1745 2397 1815 purgationem.
2453 1738 2832 1811 Praztereaque
2900 1740 3043 1794 aliud
3091 1740 3255 1794 etiam
3300 1742 3591 1797 constituit

2000 1837 2143 1889 Deus
2186 1852 2201 1889 :
2243 1849 2366 1889 cum
2403 1833 2546 1890 enim
2575 1846 2744 1903 prope
2772 1842 2917 1888 esset
2944 1840 3000 1885 ut
3033 1830 3240 1886 Hebraei
3268 1832 3320 1886 in
3348 1833 3593 1903 leprosos

2001 1927 2175 1998 legem
2205 1925 2411 1981 ferrent
2447 1940 2654 1994 eosque
2711 1923 3027 1979 immundos
3070 1923 3435 1991 declararent,
3483 1925 3592 1980 alia

2005 2014 2152 2071 Deus
2181 2016 2476 2087 providens
2512 2015 2783 2084 leprosam
2802 2012 2981 2069 eﬂecit
3005 2014 3336 2083 legislatoris
3364 2030 3588 2069 manum

318 2106 745 2214 to5.vop00'étou
778 2106 881 2214 τὴν
935 2146 1105 2215 χεῖρα
1128 2142 1225 2214 τὴν
1276 2140 1348 2195 τὰ
1389 2106 1571 2195 τέλεια
1603 2106 1906 2193 πεπαίδευσ-

2019 2124 2130 2180 qua:
2166 2108 2233 2164 ad
2261 2116 2446 2163 tantas
2468 2122 2555 2161 res
2576 2118 2703 2176 apta
2726 2115 2866 2171 erat,
2895 2107 3099 2161 docens
3122 2106 3259 2161 nihil
3280 2107 3387 2162 tale
3403 2121 3593 2161 revera

322 2236 514 2307 μένην,
570 2237 839 2291 διδάσκων
896 2237 973 2300 ὡς
1028 2237 1182 2291 οὐδὲν
1218 2234 1327 2289 τῶν
1377 2232 1635 2288 τοιούτων
1678 2232 1906 2302 τάληθεῖ

319 2328 465 2400 λόγῳ
495 2329 830 2402 ἀκάθαρτον·
858 2330 979 2393 πῶς
1015 2327 1127 2401 γάρ
1172 2326 1484 2397 ἀκάθαρτον
1512 2324 1575 2379 τὸ
1603 2323 1861 2378 ἀκούσιον
1885 2339 1901 2390 ;

321 2421 400 2476 διὸ
438 2424 471 2494 ἡ
506 2423 573 2477 τὰ
613 2422 873 2494 θαύματα
901 2425 1087 2477 ἐκεῖνα
1133 2422 1485 2494 ἐργασαμένη
1522 2418 1693 2486 δεξιὰ,
1727 2415 1906 2490 λεπρά

321 2516 592 2587 πρότερον
656 2518 922 2589 γενομένη
972 2518 1094 2579 ταῖς
1156 2514 1510 2586 θεοσημείαις
1567 2510 1902 2583 ὑπούργησε·

320 2608 481 2661 τοῦτο
510 2608 567 2662 δὲ
595 2611 689 2664 καὶ
713 2608 806 2663 τὸν
840 2608 1141 2680 νομοθέτην
1168 2608 1459 2662 ἐπαίδευσε
1493 2605 1568 2677 μὴ
1596 2604 1742 2675 μέγα
1770 2619 1905 2674 φρο-

321 2702 461 2765 νεῖν,
491 2700 608 2754 ἀλλ’
637 2702 839 2756 εἰδέναι
889 2702 988 2773 τὴν
1026 2700 1191 2771 φύσιν
1221 2701 1321 2771 τῆς
1370 2697 1749 2771 λεπρωθείσης
1780 2699 1910 2752 ἀνα-

326 2794 774 2866 μιμνησκόμενον
802 2794 1006 2859 δεξιᾶς.

839 2884 1177 2939 ΕΡΩΤΗΣΙΣ
1211 2881 1379 2937 ΣΞΓ’.

328 3043 490 3095 Διατί
514 3041 826 3113 ἠϐουλήθη
856 3044 889 3096 ὁ
921 3041 1169 3113 ἄγγελος
1203 3040 1446 3096 ἀνελεῖν
1478 3039 1585 3094 τὸν·
1610 3038 1909 3109 Μωῦσῆν;

2001 2203 2347 2258 immundum
2377 2217 2519 2258 esse.
2550 2200 2669 2268 Quo
2702 2210 2861 2271 pacto
2885 2203 3031 2257 enim
3076 2203 3221 2273 quod
3258 2218 3365 2257 non
3401 2212 3597 2272 sponte

2001 2296 2061 2351 ﬁt
2086 2295 2431 2351 immundum
2469 2295 2579 2351 sit?
2610 2294 2788 2358 Quam
2817 2297 2887 2349 ob
2921 2310 3143 2350 causam
3173 2310 3294 2366 qua:
3320 2304 3399 2349 tot
3429 2295 3598 2350 mira-

2002 2390 2132 2445 bilia
2163 2399 2469 2459 peregerat,
2499 2390 2615 2443 haec
2642 2389 2833 2443 dextra
2852 2389 3064 2459 leprosa
3104 2390 3254 2458 prius
3272 2387 3413 2443 facta
3463 2402 3597 2457 ope-

2003 2496 2119 2536 ram
2143 2490 2334 2551 postea
2360 2480 2579 2535 navavit
2604 2479 2868 2550 prodigiis
2892 2480 3115 2534 divinis.
3143 2478 3254 2534 l-loc
3271 2494 3487 2550 quoque
3516 2478 3596 2533 le-

2007 2572 2325 2644 gislatorem
2377 2572 2558 2643 ipsum
2613 2570 2758 2626 Deus
2825 2570 3064 2635 edocuit,
3130 2586 3238 2625 non
3284 2572 3615 2642 superbire,

2006 2664 2242 2735 propriae.
2273 2671 2485 2718 natura:
2513 2664 2798 2732 scientem,
2825 2662 3140 2734 dextraeque
3171 2672 3330 2719 antea
3365 2664 3599 2734 leprosae

2010 2756 2154 2813 haud
2188 2756 2592 2811 immemorem.
3264 2807 3269 2810 ι

2070 2871 2403 2940 ΟυᾸΞΞΤΙΟ
2429 2872 2948 2999 CCLXllé.C
2967 2870 3348 2939 GCLXXXIII,
3374 2871 3417 2925 T
3420 2888 3539 2925 aur.

2648 2943 2922 2999 CCLXXII
2958 2984 2971 2997 .

2018 3034 2137 3103 Qua
2168 3036 2232 3092 de
2255 3055 2417 3092 causa
2444 3038 2662 3092 voluerit
2697 2943 3198 3108 angelusloccidere
3219 3033 3437 3106 Moysen
3467 3034 3606 3107 (65).

1227 3154 1371 3205 Edita
1403 3169 1430 3204 a
1458 3154 1583 3205 Maio
1617 3154 1673 3218 (I.
1709 3168 1755 3205 c.
1781 3170 1830 3219 p.
1853 3154 1964 3217 126,
1995 3171 2047 3220 q.
2077 3158 2213 3220 272).
2245 3182 2306 3193 —
2329 3157 2483 3208 Exod.
2516 3170 2584 3218 iv,
2617 3154 2697 3206 ει.

412 3262 477 3314 Ἡ
507 3262 643 3332 γυνὴ
694 3262 791 3333 μὲν
816 3261 1051 3316 ἐτόπασε
1107 3262 1197 3316 διὰ
1221 3262 1282 3315 τὸ
1312 3262 1541 3334 θάτερον
1568 3262 1679 3315 τῶν
1706 3262 1913 3316 παίδων

331 3355 708 3426 άπερίτμητον
739 3349 904 3418 εἶναι,
942 3354 1021 3407 διὸ
1059 3355 1156 3411 καὶ
1188 3355 1387 3410 αὐτίκα
1418 3355 1735 3426 περιέτεμε·
1767 3355 1914 3419 τινὲς

331 3448 391 3500 δέ
423 3464 576 3516 φασι,
611 3446 748 3501 διότι
776 3449 863 3500 ἐπ’
904 3446 1193 3518 ἐλευθερία
1238 3447 1510 3517 πεμφθεὶς
1551 3446 1661 3500 τῶν
1704 3446 1913 3518 ὁμοφύο

332 3540 462 3602 λων,
495 3539 752 3592 κοινωνὸν
782 3538 886 3609 τῆς
931 3538 1055 3592 ὀδοῦ
1101 3539 1341 3609 ἐπήγετο
1390 3538 1490 3607 τὴν
1515 3538 1785 3610 ὁμόζυγα,
1818 3538 1913 3604 οὓς

334 3633 503 3703 ἐχρῆν
534 3633 765 3685 συνιδεῖν
794 3633 876 3686 ὅτι
915 3633 1104 3686 πεῖσαι
1149 3632 1242 3685 τὸν
1282 3631 1553 3703 κηδεστὴν
1589 3631 1918 3703 βουλόμενος

334 3724 410 3787 ὼς
434 3725 536 3779 οὐκ
589 3724 854 3797 ἀμελήσει
904 3725 1008 3794 τῆς
1042 3724 1323 3795 γυναικὸς..
1377 3724 1485 3777 οὐδ’
1535 3724 1706 3794 αὐτῆς
1753 3724 1920 3795 ἄλλην

335 3817 689 3887 προτιμήσει,
720 3815 929 3887 ταύτην
972 3815 1296 3889 ἠναγκάσθη
1342 3814 1767 3883 συνεπάγεσθαι,
1802 3815 1919 3869 ἀλλ’

338 3901 398 3953 οὐ
431 3906 917 3979 καταφρονητικῶς
937 3907 1202 3962 διαγονῶν
1232 3906 1311 3978 τῷ
1342 3906 1472 3979 θείῳ
1495 3908 1917 3978 προστάγματι·

340 3991 543 4046 αὐτίκα
566 3994 699 4060 γοῦν
721 3997 901 4052 λαϐὼν
934 3998 1034 4070 τὴν
1063 3999 1323 4070 ἀφορμὴν
1366 3997 1462 4051 τοῦ
1501 3997 1761 4066 ἀγγέλου,
1789 3996 1921 4050 ταύ-

337 4101 438 4154 την
470 4084 811 4154 ἀναστρέψαι
848 4089 983 4157 πρὸς
1018 4090 1145 4153 τοὺς
1189 4091 1422 4153 οἰκείους
1456 4088 1758 4161 προσέταξε
1778 4104 1793 4117 ·
1827 4088 1923 4142 καὶ

337 4178 420 4232 ὅτι
448 4175 605 4231 τοῦτό
652 4179 801 4232 ἐστιν
848 4178 1069 4250 ἀληθὲς,
1104 4181 1138 4251 ή
1192 4182 1403 4253 ἱστορία
1455 4182 1735 4237 διδάσκει·
1783 4181 1923 4250 μετά

338 4270 449 4340 γὰρ
481 4268 580 4339 τὴν
628 4267 805 4334 ἔξοδον
834 4269 933 4340 τὴν
979 4270 1040 4335 ἐξ
1082 4272 1362 4340 Αἰγύπτου
1412 4273 1713 4328 διαϐάντων
1743 4272 1922 4327 αὐτῶν

338 4361 439 4433 τὴν
484 4361 754 4433 Ἐρυθρὰν
785 4361 1059 4416 θάλασσαν
1083 4364 1179 4418 καὶ
1210 4367 1290 4429 εἰς
1319 4365 1380 4418 τὸ
1415 4365 1629 4420 Σίναιον
1658 4365 1785 4437 ὅρος
1815 4383 1923 4418 πα-

342 4453 718 4523 ραγεγονότων
759 4454 988 4524 ἀφίκετο
1036 4456 1134 4509 σὺν
1165 4459 1232 4527 τῇ
1279 4458 1506 4526 γυναικί
1532 4458 1627 4511 καὶ
1672 4459 1787 4521 τοῖς
1830 4457 1925 4510 δύο

343 4544 533 4599 παισὶν
561 4548 590 4600 ὁ
616 4546 885 4617 κηδεστὴς
930 4548 1069 4618 πρὸς
1099 4549 1296 4603 αὐτόν·
1327 4551 1611 4621 τοιγάρτοι
1654 4550 1783 4605 ἄλλο
1818 4568 1923 4604 κα-

340 4637 696 4701 τασκευάζων
721 4642 749 4693 ὀ
786 4641 1039 4708 ἄγγελος,
1058 4640 1230 4706 ἔδειξε
1264 4641 1364 4712 τὴν
1384 4643 1663 4713 ῥομφαίαν
1683 4645 1920 4714 γυμνήν·

341 4729 530 4799 ἐπειδὴ
560 4730 669 4801 γὰρ
703 4731 735 4782 ὁ
766 4732 943 4801 μέγας
982 4733 1223 4805 Μωῦσῆς
1255 4734 1446 4788 ἐδεδίει
1480 4734 1570 4787 τὸν
1595 4734 1818 4806 Φαραὼ,
1847 4735 1924 4798 ὡς

343 4820 611 4891 πολλαχοῦ
656 4821 718 4875 τὸ
764 4823 883 4886 δέος
928 4824 1191 4896 ἐδήλωσε,
1241 4825 1337 4880 νῦν
1392 4826 1492 4897 μὲν
1513 4826 1688 4896 λέγων
1715 4844 1729 4859 ·
1768 4848 1786 4879 ι
1827 4828 1924 4892 Τίς

2093 3262 2257 3330 Quia,
2293 3272 2352 3316 ut
2400 3261 2635 3331 coniecit
2673 3258 2872 3331 Moysis
2923 3274 3081 3326 uxor,
3142 3274 3288 3315 unus
3317 3275 3348 3316 e
3386 3258 3621 3315 duobus‘

2022 3354 2207 3425 pueris
2229 3354 2649 3409 incircumcisus
2677 3361 2828 3414 erat;
2861 3351 2982 3408 ideo
3021 3366 3242 3424 quoque
3288 3353 3469 3409 statim
3499 3352 3606 3408 clr-

2021 3448 2460 3513 cumciditeum;
2492 3447 2576 3501 vel
2607 3447 2735 3515 quia
2757 3456 2813 3501 ut
2844 3447 2966 3501 aliis
2995 3446 3191 3517 placet,
3222 3450 3420 3502 missus
3451 3447 3606 3518 Moy-

2022 3553 2111 3593 ses
2163 3536 2232 3592 ad
2280 3537 2704 3606 emancipandos
2749 3536 3063 3606 populares,
3126 3537 3329 3592 sociam
3388 3537 3606 3591 itineris

2021 3630 2315 3701 coniugem
2361 3644 2548 3685 secum
2589 3628 2768 3684 duxit.
2802 3630 2873 3684 At
2915 3628 2990 3683 illi
3042 3629 3343 3699 intelligere
3379 3629 3606 3683 debuis—

2021 3730 2145 3777 sent
2206 3719 2422 3791 Moysen
2464 3719 2538 3773 ita
2569 3718 2767 3775 fecisse
2802 3728 2864 3773 ut
2910 3735 3104 3774 socero
3131 3735 3236 3775 suo
3278 3734 3602 3790 persuasum

2019 3821 2165 3869 esset
2190 3811 2308 3868 fore
2339 3821 2399 3866 ut
2428 3813 2544 3881 ipse
2600 3813 2831 3868 minime
2883 3828 3112 3867 uxorem
3170 3812 3467 3883 negligeret
3508 3827 3608 3867 nec

2020 3905 2185 3959 aliam
2216 3904 2531 3975 praeferret;
2565 3920 2738 3975 quare
2764 3905 2913 3960 illam
2942 3920 3127 3960 secum
3156 3905 3359 3960 ducere
3381 3914 3606 3960 coactus

2019 4007 2143 4062 est,
2201 3998 2296 4054 sed
2345 4013 2694 4069 nequaquam
2752 4007 3066 4067 contemptu
3122 3998 3292 4051 divini
3341 3996 3610 4053 mandati.

2023 4089 2220 4143 Statim
2287 4088 2476 4159 igitur,
2541 4099 2765 4159 accepto
2815 4091 2991 4160 angeli
3064 4089 3296 4158 impetu,
3351 4089 3611 4159 praecepit

2022 4182 2183 4237 uxori
2213 4190 2272 4236 ut
2297 4182 2363 4236 ad
2400 4191 2611 4252 patrem
2659 4198 2819 4237 suum
2873 4183 3093 4238 rediret.
3135 4182 3290 4248 Quod
3315 4182 3490 4237 fuisse
3518 4198 3615 4236 ve-

2024 4290 2143 4328 rum
2197 4274 2431 4330 historia
2485 4284 2739 4331 testatur.
2804 4274 3060 4342 Etenim,
3108 4284 3230 4344 post
3283 4275 3489 4328 exitum
3545 4289 3614 4328 ex

2023 4367 2281 4439 Egypto,
2313 4383 2439 4422 cum
2464 4365 2637 4422 Judaei
2670 4367 2914 4422 Rubrum
2940 4381 3090 4421 mare
3123 4366 3467 4435 trajecissent
3492 4381 3615 4435 per-

2023 4462 2406 4530 venissentque
2449 4461 2515 4514 ad
2572 4460 2724 4515 Sinai
2775 4469 3040 4525 montem,
3078 4475 3237 4515 socer
3259 4460 3460 4530 Moysis
3485 4475 3614 4513 cum

2023 4551 2145 4621 ejus
2186 4551 2414 4605 muliere
2436 4550 2768 4621 duobusque
2801 4552 2985 4621 pueris
3013 4566 3139 4606 eum
3173 4550 3331 4605 adiit.
3378 4550 3621 4605 Proinde

2025 4644 2090 4698 ad
2124 4643 2272 4699 aliud
2310 4654 2568 4713 spectans
2595 4645 2822 4713 angelus
2840 4644 3082 4699 ostendit
3109 4644 3312 4699 nudum
3348 4642 3619 4714 gladium.

2022 4733 2161 4790 Cum
2190 4734 2336 4789 enim
2365 4735 2706 4789 Pharaonem
2735 4734 2955 4789 timeret
2998 4748 3233 4805 magnus
3283 4733 3521 4805 Moyses,
3549 4749 3620 4789 ac

2026 4837 2229 4883 metum
2274 4842 2524 4898 persaepe
2554 4828 2665 4897 jam
2714 4828 3107 4883 declaravisset
3156 4829 3318 4882 modo
3376 4829 3563 4882 dicens
3596 4844 3615 4881 :

342 4911 459 4981 εἰμι
490 4909 601 4979 ἐγὼ
629 4911 711 4965 ὅτι
761 4912 1106 4985 πορεύσομαι
1152 4914 1288 4987 πρὸς
1317 4915 1521 4988 Φαραὼ
1558 4917 1787 4986 βασιλέα
1820 4918 1919 4972 Αἰ-

2039 4940 2057 4970 (
2082 4919 2223 4987 Quis
2239 4935 2359 4975 sum
2380 4935 2479 4991 ego
2502 4930 2561 4975 ut
2578 4920 2770 4974 vadam
2791 4921 2856 4975 ad
2872 4920 3210 4974 Pharaonem
3233 4918 3618 4990 Egyptiorum

341 5002 596 5072 γύπτου;
640 5022 659 5055 ι
695 5005 793 5059 νῦν
845 5007 939 5061 δέ·
980 5024 1000 5058 t
1037 5007 1393 5078 Προχείρισαι
1436 5007 1596 5063 ἄλλον
1629 5009 1928 5081 δυνάμενον

342 5091 401 5144 ὃν
449 5093 864 5161 ἐξαποστελεῖς·
901 5115 920 5149 ι
966 5097 1065 5151 καὶ
1115 5097 1311 5151 πάλιν·
1354 5116 1373 5149 t
1430 5097 1787 5168 ’ἰσχνόφωνος
1834 5101 1929 5153 καί

347 5186 762 5256 βραδύγλωσσός
809 5191 926 5261 εἰμι
962 5190 1072 5261 ἐγώ
1096 5207 1111 5223 ·
1148 5210 1168 5243 ι
1202 5191 1420 5246 ἀπειλεῖ
1463 5192 1616 5263 αύτῷ
1652 5193 1929 5266 τιμωρίαν

343 5279 373 5330 ὁ
413 5278 665 5347 ἄγγελος,
697 5282 848 5353 φόϐῳ
895 5283 1065 5351 φόϐον
1096 5282 1425 5347 ἐξελαύνων,
1467 5282 1547 5354 τῷ
1598 5284 1809 5356 μείζονι
1834 5285 1928 5339 τὸν

344 5367 626 5438 ἐλάττονα,
655 5374 938 5445 μονονουχὶ
982 5374 1157 5444 λέγων
1200 5374 1288 5428 διὰ
1338 5374 1436 5444 τῆς
1490 5375 1926 5446 γεγυμνωμένης

416 5551 463 5583 ⁸⁸
493 5549 664 5606 Exod.
704 5566 789 5618 ιιι,
818 5550 880 5605 ll
909 5562 966 5608 et
993 5568 1146 5624 seqq.
1222 5554 1269 5587 ⁸³
1290 5552 1462 5608 Exod.
1495 5568 1571 5618 IV,
1600 5552 1688 5607 10.

2028 5029 2208 5084 regem
2227 5014 2307 5066 σαι
2340 5032 2358 5064 ι
2411 5014 2619 5068 modo:
2678 5030 2698 5065 ι
2758 5011 2911 5082 Elige
2953 5012 3122 5066 alium
3193 5011 3387 5066 fortem
3433 5010 3618 5064 virum

2026 5120 2190 5174 quem
2217 5104 2459 5170 mittes,»
2487 5120 2790 5176 rursusque
2814 5124 2827 5160 :
2865 5104 3262 5175 dmpeditioris
3279 5112 3332 5157 et
3356 5103 3623 5158 tardioris

2026 5197 2229 5266 linguae
2255 5212 2362 5267 ego
2388 5214 2509 5253 sum
2534 5198 2602 5265 ⁵³,
2637 5216 2656 5248 ι
2708 5198 2789 5253 ab
2814 5197 2910 5252 illo
2945 5213 3136 5268 poenas
3165 5197 3403 5266 sumpsit
3449 5210 3618 5266 ange-

2026 5288 2137 5354 lus,
2189 5303 2346 5344 metu
2404 5300 2607 5347 metum
2667 5290 2980 5361 expellens,
3037 5290 3246 5361 majore
3300 5290 3626 5354 minorem,

2026 5396 2198 5453 prope
2256 5381 2481 5438 modum
2545 5384 2692 5439 nudo
2722 5384 2902 5456 gladio
2927 5383 3152 5440 dicens:
3213 5399 3236 5434 ο
3268 5381 3623 5437 Pharaonem.

1878 5648 2117 5709 NOTAE.

343 5832 381 5888 Ρ
594 5745 673 5802 Ex
741 5745 1087 5803 Tlieodoreto
1145 5763 1203 5818 q.
1266 5746 1334 5803 l0
1394 5749 1448 5804 in
1516 5745 1696 5802 Exod.
1755 5746 1794 5800 l.
1868 5762 1925 5802 c.

2108 5752 2223 5825 (63)
2254 5751 2345 5809 Est
2376 5752 2710 5812 Theodoreti
2740 5708 2798 5825 q.
2847 5751 2915 5807 ιι
2947 5752 2997 5805 in
3034 5746 3207 5804 Exod.
3242 5746 3279 5801 1.
3312 5762 3364 5803 c.
3404 5761 3461 5817 p.
3484 5744 3618 5802 ate.
