3902 6212
317 298 453 362 1083

1491 303 1753 367 PHOTII
1771 304 2272 365 PATRIARCHzE
2308 305 2416 364 CP.

3324 370 3335 383 ,
3412 303 3549 369 tost

313 410 493 473 times,
546 409 727 479 potius
778 425 865 465 me
918 410 1112 467 timeas
1140 412 1233 478 qui
1273 413 1366 467 tibi
1408 415 1493 469 vel
1536 414 1866 470 invisibilitet

1984 416 2291 483 ῥομφαίας’
2326 434 2345 466 ι
2384 415 2561 468 Είτὸν
2606 414 2805 486 Φαραὼ
2844 415 3107 480 δέδοικας,
3146 416 3347 487 μᾶλλον
3373 418 3552 471 δεῖσον

316 498 536 552 vulnera
568 499 810 571 inﬂigere
842 516 1084 570 possunt.
1117 521 1136 554 ι

422 629 744 697 ΟυΑΞδΤΙΟ
781 631 1029 689 CCLXIV
1063 633 1251 707 [CoisL
1290 634 1536 696 CCCVll,
1574 635 1745 691 Taur.

947 727 1247 799 ccxcvn.

418 815 538 881 Qua
584 816 650 871 de
683 832 849 871 causa
877 818 1194 886 fugientibus
1224 820 1531 889 prwceperit
1566 821 1773 889 exsequi

859 889 1080 943 Pascha:
1116 891 1303 959 ferias.

1980 506 2081 576 ἐμὲ
2121 507 2213 559 τὸν
2237 507 2331 561 καὶ
2359 508 2607 579 ἀοράτως
2638 526 2719 562 σοι
2749 508 2847 579 τὴν
2891 510 3105 581 πληγὴν
3136 512 3364 579 ἐπάγειν
3390 511 3550 565 δυνά-

1982 612 2162 665 μενον.
2200 615 2219 648 ι

2503 692 2838 746 ΕΡΩΤΗΣΙΣ
2873 692 3027 749 ΣΞΔ’.

1976 867 2138 921 Διατί
2157 868 2488 939 φεύγουσιν
2498 870 2836 945 ἐπιτελέσαι
2859 874 3191 945 προσέταξε
3210 876 3313 930 τοῦ
3330 876 3549 945 Πάσχα

2569 942 2685 1009 τὴν
2716 943 2930 1012 ἑορτήν
2949 962 2971 1011 ;

930 1021 1075 1071 Edita
1093 1035 1122 1071 a
1152 1021 1278 1073 Maio
1307 1023 1365 1089 (1.
1390 1037 1437 1075 c.
1459 1038 1510 1089 p.
1546 1024 1769 1085 127-129,
1799 1040 1851 1089 q.
1874 1027 2012 1094 275).
2044 1056 2106 1068 -—
2134 1032 2212 1083 De
2238 1040 2485 1098 pracepto
2512 1035 2670 1086 Exodi
2703 1051 2790 1097 xu,
2823 1035 2901 1086 11.

380 1126 439 1179 In
506 1136 826 1196 perpetuum
898 1129 1071 1184 voluit
1144 1131 1213 1186 ab
1252 1133 1320 1188 iis
1354 1135 1587 1189 obtineri
1651 1151 1880 1192 conser-

319 1218 557 1272 vationis
624 1219 986 1285 memoriam,
1047 1222 1277 1293 ideoque
1342 1224 1481 1279 dixit
1544 1226 1873 1296 legislator:

315 1326 334 1357 ι
374 1308 431 1361 Si
482 1309 836 1377 interrogabit
894 1310 1040 1367 ﬁlius
1110 1320 1240 1369 tuus
1285 1315 1476 1371 dicens
1521 1333 1535 1369 :

307 1398 570 1453 Pascha?
638 1401 1004 1470 respondes:
1071 1402 1130 1458 In
1198 1405 1458 1461 hodierna
1536 1406 1624 1463 die
1686 1410 1875 1464 eduxit

308 1500 494 1559 patres
540 1500 757 1548 nostros
801 1493 1066 1551 Dominus
1114 1496 1258 1553 Deus
1300 1498 1367 1553 de
1401 1498 1638 1571 Egypto
1663 1501 1731 1565 ⁵⁸,
1764 1520 1784 1555 ι
1820 1509 1874 1557 et

309 1591 530 1637 caetera.
572 1582 935 1649 Quamobrem
970 1585 1233 1655 jubentur
1259 1589 1352 1658 qui
1379 1590 1477 1645 has
1517 1591 1681 1646 ferias
1713 1607 1874 1647 exse-

306 1683 573 1743 qnuntur,
608 1677 823 1731 itineris
854 1687 1005 1732 veste
1027 1680 1377 1735 circumdari.
1411 1700 1429 1733 ι
1464 1680 1643 1739 Renes
1664 1694 1875 1739 vestros

306 1768 605 1838 accingetis
625 1770 692 1823 ⁵⁵.
721 1787 738 1819 ι
772 1770 882 1824 Hoc
926 1780 1105 1827 autem
1134 1773 1456 1829 vocabulum
1488 1775 1697 1829 Pascha
1719 1776 1875 1831 Philo

304 1860 693 1929 interpretatur
713 1864 980 1918 sacrificia
999 1879 1098 1933 pro
1118 1866 1384 1933 transitu;
1404 1865 1675 1938 Iosephus
1696 1877 1873 1924 trans-

303 1952 676 2022 gressionem;
706 1953 1068 2027 Symmachus
1094 1960 1596 2030 transgressiones;
1624 1959 1871 2017 Theodo-

306 2039 418 2093 tius
444 2038 666 2106 Phasck,
720 2044 839 2113 ipso
869 2042 1139 2101 Hebraico
1170 2064 1302 2103 usus
1338 2048 1526 2116 verbo,
1568 2065 1677 2120 quo
1706 2051 1873 2121 signi-

304 2127 498 2184 ﬁcatur
545 2134 1023 2192 exterminatorem
1047 2152 1077 2191 a
1101 2138 1477 2209 primogenitis
1517 2139 1868 2197 Hebraeorum

300 2222 655 2279 abstinuisse.
684 2224 831 2281 Jussi
884 2225 1100 2283 fuerant
1124 2230 1268 2284 enim
1294 2230 1617 2287 fasciculum
1649 2233 1871 2305 hyssopi

305 2328 563 2381 sumere,
631 2324 991 2388 mactataeque
1076 2322 1195 2376 ovis
1280 2336 1478 2377 cruore
1547 2325 1868 2393 immersis,

306 2410 492 2471 postes
519 2414 572 2458 et
600 2405 763 2460 limen
792 2408 1024 2475 illinere,
1048 2418 1249 2465 utcum
1283 2412 1595 2469 immineret
1615 2415 1873 2471 extermi-

306 2503 465 2547 nator
490 2499 864 2565 percutiendis
896 2501 1273 2574 [Egyptiorum
1290 2506 1688 2576 primogenitis,
1708 2523 1870 2563 cruo-

304 2598 419 2638 rem
444 2588 734 2656 aspiciens,
760 2589 1106 2649 Hebraeorum
1135 2594 1329 2650 domos
1372 2599 1866 2668 transgrederetur.

304 2674 378 2731 lis
404 2678 623 2747 quidem
658 2681 831 2751 signis
877 2697 986 2737 non
1026 2699 1164 2754 Opus
1203 2695 1321 2741 erat
1372 2690 1581 2758 experti
1623 2691 1868 2761 corporis

301 2770 516 2838 angelo,
547 2771 643 2827 sed
682 2771 887 2828 Judaeis
928 2785 987 2829 ut
1018 2777 1265 2846 symbolo
1305 2776 1401 2833 Dei
1445 2780 1866 2837 sollicitudinem

302 2862 599 2928 discerent,
630 2880 840 2937 nosque
860 2870 951 2937 qui
984 2868 1198 2939 Agnum
1217 2871 1340 2926 labe
1362 2883 1638 2930 carentem
1670 2876 1867 2933 immo-

301 2955 501 3022 lamus,
562 2957 710 3015 hunc
750 2961 941 3031 ﬁguris
994 2965 1441 3036 praedescriptum
1492 2969 1863 3027 novissemus.

299 3076 372 3088 -—
395 3045 503 3104 Nec
530 3064 596 3104 ex
643 3051 839 3106 ovibus
868 3067 1038 3123 agnos
1076 3055 1253 3110 solum
1296 3072 1512 3115 sumere
1549 3059 1732 3128 jubet,
1771 3061 1867 3117 sed

297 3140 464 3193 etiam
487 3156 553 3195 ex
578 3144 760 3212 capris
786 3143 992 3210 hados,
1019 3160 1126 3199 non
1151 3155 1210 3201 ut
1234 3157 1541 3205 mactarent
1566 3161 1863 3223 utrumque

2057 1142 2408 1215 Ἀείμνηστον
2434 1144 2707 1216 ⁴ἠϐουλήθη
2737 1144 3078 1215 φυλαχθῆναι
3121 1146 3222 1217 τῆς
3268 1147 3546 1218 σωτηρίας

1972 1236 2071 1306 τὴν
2105 1237 2346 1306 μνήμηνο
2387 1235 2467 1289 διδ
2489 1237 2585 1289 καὶ
2611 1235 2914 1307 νομοθετῶν
2942 1237 3128 1305 ἔλεγεν
3150 1254 3163 1267 ·
3197 1256 3217 1288 ι
3260 1237 3389 1291 Ἐάν
3408 1241 3546 1310 ὲρω-

1599 1315 1740 1382 Quid
1791 1326 1876 1373 est
1970 1328 2111 1396 στήσῃ
2139 1344 2199 1379 σε
2226 1330 2253 1381 6
2280 1328 2392 1392 υίός
2420 1346 2514 1382 σου
2539 1330 2744 1398 λέγων’
2774 1328 2841 1383 Τί
2868 1331 2984 1382 ἐστι
3024 1330 3084 1381 τὸ
3113 1328 3303 1399 Πάσχα
3328 1346 3343 1395 ;
3376 1332 3540 1399 ἐρεῖς,

1974 1419 2094 1473 Ὅτι
2145 1422 2202 1472 ὲν
2248 1424 2315 1493 τῇ
2363 1424 2601 1494 σήμερον
2643 1411 2833 1494 ἡμέρα
2859 1421 3097 1493 ἐξήγαγε
3126 1424 3253 1485 τοὺς
3301 1423 3544 1494 πατέρας

1975 1512 2133 1582 ἡμῶν
2160 1512 2364 1583 Κύριος
2392 1516 2420 1567 6
2462 1514 2595 1578 Θεὸς
2626 1515 2689 1568 ὲκ
2731 1514 2830 1584 τῆς
2856 1514 3154 1582 Αίγύπτου,
3194 1532 3214 1564 ι
3248 1514 3344 1567 καὶ
3391 1513 3539 1582 ἑξῆς.

1978 1604 2187 1658 Τούτου
2240 1606 2402 1678 χάριν
2432 1606 2864 1676 παρακελεύεται
2915 1606 3119 1676 ταύτην
3166 1605 3542 1670 ἐπιτελοῦντας

1974 1697 2073 1768 τὴν
2110 1698 2303 1769 ἑορτὴν
2349 1699 2691 1770 περικεῖσθαι
2730 1699 2791 1752 τὸ
2833 1700 2931 1769 τῆς
2958 1699 3279 1768 ὁδοιπορίας,
3312 1702 3499 1769 σχῆμα
3523 1715 3540 1729 ⁸

1982 1808 2001 1841 ι
2043 1789 2325 1843 Ἔστωσαν
2354 1789 2461 1861 γὰρ
2509 1792 2564 1845 αί
2595 1791 2794 1861 ὀσφύες
2827 1790 2983 1862 ὑμῶν
3016 1789 3474 1861 περιεζωσμέναι,
3516 1807 3537 1840 ι

1973 1883 2068 1934 καὶ
2094 1882 2253 1953 ἑξῆςο
2282 1883 2343 1937 τὸ
2371 1883 2427 1936 δὲ
2456 1884 2671 1953 Πάσχα
2696 1886 2723 1937 6
2756 1883 2854 1955 μὲν
2891 1883 3062 1937 Φίλων
3080 1884 3394 1954 ἡρμήνευσε
3414 1881 3544 1934 δια-

1974 1974 2239 2045 ϐατήρια’
2271 1978 2300 2030 6
2323 1976 2381 2031 δὲ
2415 1975 2742 2048 ’1ώσηππος,
2777 1976 3111 2045 ὑπερϐάσια
3131 1990 3145 2006 ⁸
3178 1975 3277 2029 όδὲ
3307 1974 3543 2045 Σύμμα-

1971 2084 2084 2137 χος,
2108 2067 2497 2137 ὑπερϐάσεις·
2532 2070 2560 2123 6
2588 2069 2643 2121 δὲ
2665 2068 2975 2133 Θεοδοτίων,
3005 2068 3223 2138 φασὲκ,
3255 2065 3420 2137 αὐτὴν
3443 2065 3543 2137 τὴν

1985 2160 2244 2232 Ἐϐραίαν
2298 2160 2561 2227 τεθεικώς
2589 2162 2810 2233 φωνήν·
2851 2162 3104 2233 σημαίνει
3154 2161 3213 2214 δὲ
3252 2160 3315 2213 τὸ
3345 2159 3540 2229 δνομι,

1970 2251 2079 2303 τῶν
2120 2251 2392 2323 Ἐϐραίων
2415 2254 2774 2323 πρωτοτόκων
2813 2253 2914 2323 τὴν
2948 2252 3224 2322 σωτηρίαν
3251 2268 3267 2282 ο
3299 2267 3541 2321 παρεκε-

1971 2343 2202 2398 λεύσατο
2227 2344 2336 2416 γὰρ
2362 2344 2567 2415 δέσμην
2601 2344 2853 2399 ὑσσώπου
2882 2344 3067 2398 λαϐεῖν
3098 2345 3194 2397 καὶ
3224 2342 3302 2413 τῷ
3345 2343 3542 2413 αἵματι

1970 2436 2065 2490 τοῦ
2111 2436 2371 2509 θυομένου
2414 2438 2687 2507 προϐάτου
2719 2437 3073 2508 ἒμϐάψαντας
3104 2436 3230 2499 τοὺς
3265 2435 3542 2505 σταθμοὺς

1970 2530 2252 2600 ὲγπιχρίσαι
2266 2529 2407 2603 [καὶ]
2427 2530 2523 2601 τὴν
2541 2530 2721 2601 φλιὰν,
2736 2532 2823 2584 ἴνα
2839 2531 2965 2584 ὅταν
2982 2531 3176 2600 ἐπιστῇ
3198 2527 3541 2598 ὁδλοθρεύων

1970 2622 2209 2687 πατάξαι
2231 2623 2299 2676 τά
2320 2624 2639 2695 πρωτότοκα
2655 2621 2761 2677 τῶν
2784 2622 3115 2691 Αἰγυπτίων,
3149 2618 3273 2673 ίδὼν
3292 2619 3355 2671 τὸ
3376 2612 3536 2687 αἷμα,

1970 2715 2183 2786 ὑπερϐῇ
2215 2714 2326 2769 τῶν
2364 2714 2628 2787 Ἐϐραίων
2648 2715 2747 2779 τὰς
2776 2714 2972 2778 οἰκίας,
2999 2713 3100 2766 οὐκ
3139 2709 3326 2781 ἐπειδὴ
3356 2709 3537 2762 τοιού-

1967 2825 2076 2862 των
2109 2807 2278 2862 ὲδεῖτο
2320 2808 2560 2879 σημείων
2598 2809 2630 2879 ἡ
2666 2806 2955 2877 ἀσώματος
2984 2803 3167 2874 φύσις,
3200 2804 3316 2857 ἀλλ’
3344 2803 3425 2856 ὅτι
3448 2802 3539 2854 διὰ

1968 2900 2063 2954 τοῦ
2117 2900 2386 2971 συμϐόλου
2430 2901 2539 2955 ἔδει
2567 2900 2852 2963 κάκείνους
2907 2897 3098 2969 μαθεῖν
3137 2896 3238 2967 τὴν
3268 2894 3361 2949 τοῦ
3399 2893 3535 2947 Θεοῦ

1967 2992 2313 3063 κηδεμονίαν,
2339 2995 2433 3047 καὶ
2452 2995 2601 3064 ἡμᾶς
2626 2995 2753 3058 τοὺς
2776 2994 2867 3048 τὸν
2888 2995 3119 3065 ἄμωμον
3153 2989 3349 3060 ’Δμνδν
3375 2987 3535 3040 θύον-

1967 3100 2067 3146 τας
2098 3084 2301 3151 γνῶναι
2337 3085 2814 3157 προδιαγράφοντα
2846 3085 2938 3138 τὸν
2968 3085 3139 3138 τύπον
3163 3096 3177 3111 ⁸
3210 3083 3309 3136 οὐκ
3339 3083 3403 3133 ὲκ
3426 3080 3535 3132 τῶν

1969 3174 2260 3245 προϐάτων
2295 3177 2352 3230 δὲ
2396 3178 2556 3247 μόνον
2595 3178 2764 3249 ἄρνας
2799 3178 2984 3231 λαϐεῖν
3006 3175 3240 3240 κελεύει,
3268 3172 3402 3228 ἀλλὰ
3438 3171 3536 3224 καὶ

298 3232 486 3298 simul,
521 3232 615 3287 sed
649 3242 709 3288 ut
737 3236 831 3304 qui
858 3250 1012 3290 ovem
1040 3237 1289 3305 haberet,
1332 3255 1533 3311 agnum
1577 3254 1863 3313 mactaret,

1971 3232 2032 3319 ἐκ
2055 3267 2164 3319 τῶν
2189 3268 2361 3335 αἰγῶν
2396 3232 2667 3338 ’ἐρίφουςιο
2693 3232 2791 3340 ούχ
2816 3270 2904 3323 ἴνα
2932 3269 3073 3323 κατὰ
3096 3232 3293 3321 ταυτὸν
3327 3267 3535 3320 ἐκεῖνον

301 3324 398 3392 qui
424 3339 555 3379 vero
591 3342 699 3380 non
745 3327 992 3395 haberet,
1029 3330 1263 3385 haedum.
1310 3331 1407 3388 Die
1452 3334 1667 3390 decimo
1702 3338 1863 3406 primi

299 3416 506 3470 mensis
554 3416 713 3484 jubet
761 3420 969 3476 hostias
1015 3421 1303 3479 desumere
1351 3441 1473 3495 quae
1534 3437 1864 3498 pararentur

297 3511 427 3559 ante
456 3504 679 3576 festum,
727 3517 781 3565 et
814 3521 1011 3581 quarto
1043 3513 1258 3571 decimo
1301 3519 1391 3572 die
1431 3519 1534 3573 sub
1574 3535 1863 3589 vesperum

298 3607 693 3667 mactarentur,
732 3604 860 3673 quia
915 3604 1170 3664 Christus
1219 3625 1447 3680 vespere
1493 3610 1699 3667 Judaeis
1748 3621 1866 3668 tra-

295 3689 444 3745 ditus
469 3700 585 3757 est;
611 3708 734 3747 Clllll
768 3696 1121 3755 silvestribus
1152 3700 1374 3771 intybus
1409 3702 1645 3757 hostiam
1680 3719 1867 3760 come-

296 3780 427 3835 dere
469 3782 772 3850 debebant,
822 3803 1093 3846 memores
1133 3795 1495 3849 amarissima:
1540 3797 1593 3849 itt
1624 3795 1863 3867 Egypto

297 3874 447 3928 vitae.
480 3876 685 3945 Azyma
722 3880 1037 3949 significant
1066 3898 1174 3938 non
1202 3886 1382 3940 solum
1413 3887 1627 3943 itineris
1672 3890 1865 3943 celeri—

296 3972 483 4033 tatem,
515 3983 837 4040 comamque
874 3976 1253 4047 improvisam,
1292 3983 1388 4037 sed
1423 3984 1589 4038 etiam
1615 3983 1859 4051 Judaaos,

298 4070 356 4110 ut
380 4072 476 4126 par
503 4067 641 4127 erat,
666 4063 801 4118 nihil
826 4069 1039 4139 vestigii
1061 4085 1093 4125 e
1114 4074 1361 4130 moribus
1383 4073 1654 4146 Egyptiis
1674 4092 1861 4132 secum

294 4149 578 4207 allaturos.
600 4154 693 4208 Sic
719 4158 862 4211 enim
888 4159 1156 4218 Dominus
1194 4165 1588 4235 interpretatur
1631 4167 1859 4224 dicens:

298 4257 317 4291 ι
345 4240 541 4299 Cavete
563 4260 595 4299 a
619 4245 887 4305 fermento
913 4254 1217 4310 scribarum
1245 4266 1300 4311 et
1338 4261 1733 4328 pbarisarorutn
1754 4264 1855 4317 ⁵⁸.»

291 4332 574 4407 Jussitque
606 4354 701 4394 eos
731 4343 821 4411 qui
869 4345 938 4399 ad
983 4348 1107 4415 agni
1142 4349 1476 4405 sacriﬁcium
1534 4368 1698 4422 pares
1749 4370 1860 4410 non

291 4439 493 4497 essent,
534 4432 741 4490 vicinos
788 4437 891 4491 sibi
939 4439 1121 4495 socios
1163 4444 1468 4511 asciscere,
1508 4453 1565 4499 et
1599 4462 1706 4501 una
1734 4462 1859 4502 cum

291 4520 371 4575 eis
397 4521 664 4580 Pascham
705 4527 1007 4585 immolare.
1048 4532 1141 4587 Sic
1174 4534 1295 4590 illos
1341 4535 1640 4592 fraternam
1672 4539 1857 4594 chari-

291 4621 457 4669 tatem
512 4615 693 4683 docet,
751 4629 806 4674 et
860 4622 918 4675 in
969 4640 1235 4694 pauperes
1292 4630 1849 4686 commiserationent.

289 4703 495 4762 Idcirco
532 4708 675 4778 jussi
701 4710 926 4768 fuerunt
954 4717 1203 4770 carnium
1240 4719 1659 4775 redundantiam
1703 4738 1854 4777 cont-

288 4795 507 4862 hurere,
554 4807 616 4854 ut
659 4814 985 4871 cogerentur
1040 4807 1230 4877 inopes
1283 4811 1352 4864 ad
1400 4813 1852 4868 communionem

288 4889 567 4948 feriarum.

358 5090 485 5146 llaec
528 5100 710 5149 omnia
745 5112 1058 5154 nostrorum
1112 5111 1241 5157 sunt
1280 5106 1671 5175 mysteriorum
1724 5108 1858 5162 aani-

288 5193 487 5251 gtnata.
520 5183 927 5245 Linimusenim
954 5202 1009 5247 et
1038 5210 1135 5248 nos
1155 5210 1353 5251 cruore
1380 5200 1551 5252 nOStri
1574 5201 1711 5270 Agni
1747 5215 1855 5255 non

288 5275 463 5330 solum
487 5278 690 5346 limen,
718 5281 812 5337 sed
840 5284 1005 5338 etiam
1037 5286 1177 5342 duos
1208 5304 1428 5359 quoque
1456 5301 1677 5359 postes;
1710 5292 1854 5362 ﬁgu-

287 5376 404 5420 rate
430 5369 652 5436 quidem
680 5372 925 5443 linguam
951 5384 1005 5430 et
1041 5377 1191 5433 labra
1222 5381 1548 5437 mundantes
1577 5390 1635 5437 et
1656 5385 1853 5439 sancti-

356 5545 403 5578 “
438 5545 610 5604 Exod.
664 5567 761 5617 xu,
805 5554 892 5610 5|.
972 5559 1017 5590 ⁸⁵
1060 5558 1190 5613 ibid.
1232 5560 1318 5614 H.
1396 5558 1442 5590 ⁵⁸
1469 5563 1659 5618 Matth.
1700 5580 1815 5627 xvr,
1846 5567 1931 5622 ll.

1804 5658 2031 5718 NO'I'IE.

364 5733 469 5803 (64)
498 5734 590 5791 Est
612 5734 937 5795 Theodoreti
968 5759 1023 5813 τι.
1050 5743 1121 5797 9-4
1154 5745 1206 5799 in
1233 5744 1431 5813 Esod.,
1461 5763 1515 5819 p.
1543 5749 1659 5805 9.50.

1965 3358 2223 3426 θύσωσιν,
2260 3360 2374 3415 ἀλλ’
2408 3361 2496 3415 ἵνα
2537 3363 2567 3415 6
2607 3363 2707 3433 μὲν
2737 3364 3026 3435 πρόϐατον,
3067 3362 3162 3417 τὸν
3190 3362 3385 3434 άρνόνο
3415 3363 3445 3413 6
3475 3360 3533 3413 δὲ
3648 3400 3657 3407 .

1966 3452 2044 3524 μὴ
2076 3454 2238 3523 ἔχων,
2266 3455 2360 3508 τὸν
2389 3456 2575 3526 ἔριφον
2597 3456 2733 3526 θύσῃ
2758 3473 2772 3488 ·
2802 3460 2867 3529 τῇ
2895 3457 3095 3530 δεκάτῃ
3115 3456 3171 3509 δὲ
3190 3456 3284 3510 τοῦ
3312 3452 3532 3525 πρώτου

1967 3544 2135 3614 μηνὸς
2163 3547 2454 3617 παρεγγυᾷ
2479 3546 2635 3600 τοῦτο
2659 3547 2842 3601 λαϐεῖν
2877 3548 2943 3602 ἵν’
2976 3549 3271 3621 εὐτρεπίσῃ
3300 3548 3407 3618 πρὸ
3431 3546 3534 3616 τῆς

1964 3637 2161 3709 ἑορτῆς
2178 3655 2192 3670 ο
2223 3642 2289 3710 τῇ
2311 3639 2366 3693 δὲ
2383 3641 2947 3713 τεσσαρεσκαιδεκάτῃ
2968 3642 3196 3711 τυθῆναι
3217 3640 3353 3709 πρὸς
3375 3640 3536 3693 ἑσπέ-

1968 3749 2067 3801 ραν
2084 3748 2099 3761 ·
2130 3732 2211 3786 ὅτι
2239 3734 2332 3786 καὶ
2359 3733 2388 3785 6
2413 3736 2692 3802 Δεσπότης
2713 3734 2812 3801 τὴν
2840 3735 3079 3805 ἑσπέραν
3105 3737 3218 3797 τοῖς
3259 3733 3534 3794 Ἰουδαίοις

1965 3823 2279 3895 παρεδόθη’
2322 3825 2460 3895 μετὰ
2509 3826 2776 3893 πικρίδων
2820 3827 2865 3880 δ’
2919 3825 3052 3881 αὐτὸ
3104 3824 3399 3895 βρωθῆναι,
3452 3824 3532 3878 είς
3630 3816 3643 3831 ³

1963 3913 2271 3984 ἀνάμνησιν
2318 3918 2417 3989 τῆς
2450 3921 2509 3972 ὲν
2544 3919 2805 3989 Αἰγύπτῳ
2859 3919 3191 3989 πικροτάτης
3232 3918 3374 3980 ζωῆς
3400 3928 3413 3940 '
3440 3910 3527 3961 διὰ

1961 4000 2020 4055 δὲ
2043 4003 2151 4056 τῶν
2173 4004 2400 4076 ἀζύμων
2423 4008 2483 4060 ού
2520 4009 2678 4079 μόνον
2701 4008 2800 4077 τῆς
2833 4006 3141 4076 ὁδοιπορίας
3169 3999 3231 4050 τὸ
3266 3998 3524 4064 σύντομον

1962 4097 2058 4149 καλ.
2088 4096 2151 4149 τὸ
2188 4097 2290 4168 τῆς
2311 4101 2517 4171 τροφῆς
2555 4100 2920 4170 αὐτοσχέδιον,
2965 4094 3100 4147 ἀλλὰ
3121 4092 3213 4145 καί
3245 4091 3327 4143 ὅτι
3360 4105 3527 4159 προσ-

1962 4189 2086 4260 ήκει
2138 4190 2302 4260 μηδὲν
2348 4191 2491 4261 ίχνος
2530 4192 2628 4260 τῆς
2671 4187 3052 4258 Αἰγυπτιακῆς
3087 4185 3364 4247 πολιτείας
3411 4187 3531 4235 ἑπι-

1962 4282 2258 4351 φέρεσθαι·
2287 4282 2430 4337 οὕτω
2453 4283 2563 4354 γὰρ
2600 4283 2628 4334 6
2670 4281 2873 4352 Κύριος
2904 4280 3213 4351 ἡρμήνευσε
3236 4293 3252 4307 ο
3297 4295 3314 4326 ι
3354 4277 3531 4348 Προσ-

1964 4373 2144 4443 έχετε,
2170 4374 2371 4442 λέγων,
2406 4376 2514 4429 ἀπὸ
2549 4375 2649 4445 τῆς
2686 4373 2865 4444 ζύμης
2897 4370 3006 4424 τῶν
3035 4370 3411 4439 Γραμματέων
3438 4370 3532 4421 καὶ

1961 4465 2272 4536 Φαρισαίων
2293 4482 2309 4496 ·
2349 4485 2368 4519 ι
2404 4466 2657 4520 ἐκέλευσε
2689 4466 2746 4519 δὲ
2774 4466 2868 4519 καὶ
2899 4463 3025 4527 τοὺς
3058 4465 3134 4533 μὴ
3174 4462 3531 4531 διαρκοῦντας

1882 4591 1937 4651 D
1963 4558 2044 4612 είς
2069 4545 2262 4610 θυσίαν
2292 4558 2567 4629 προϐάτου
2619 4555 2958 4624 παραλαϐεῖν
2993 4554 3143 4651 τοὺς-
3165 4553 3412 4651 γείτονας
3438 4552 3530 4651 καὶ

1963 4649 2104 4702 κατὰ
2151 4650 2348 4703 ταυτὸν
2395 4651 2557 4704 θῦσαι
2597 4648 2659 4701 τὸ
2688 4650 2901 4718 Πάσχα,
2940 4646 3290 4716 φιλαδελφίαν
3335 4646 3529 4705 αὐτοὺς

1962 4744 2300 4798 ἑκπαιδεύων
2358 4744 2453 4797 καὶ
2497 4743 2589 4795 τὸν
2647 4743 2726 4805 είς
2769 4740 2899 4803 τοὺς
2940 4739 3179 4807 πένητας
3220 4736 3408 4788 ἐλεονο
3442 4736 3529 4787 διὰ

1959 4838 2119 4890 τοῦτο
2142 4836 2577 4908 παρακελεύεται
2602 4835 2696 4886 καὶ
2718 4832 2787 4886 τὰ
2810 4831 3196 4903 περιττεύοντα
3220 4829 3327 4881 τῶν
3350 4830 3528 4898 κρεῶν

1960 4928 2374 4993 κατακαίεσθαι,
2423 4928 2595 4996 ταύτῃ
2638 4922 3069 4993 καταναγκάζων
3099 4921 3299 4984 αὐτοὺς
3342 4921 3527 4974 καλεῖν

1955 5022 2083 5084 τοὺς
2123 5020 2409 5090 δεομένους
2434 5021 2514 5083 εἰς
2542 5019 2826 5072 κοινωνίαν
2847 5019 2946 5088 τῆς
2979 5016 3193 5087 ἑορτῆς.

2026 5111 2215 5165 Ταῦτα
2260 5112 2317 5164 δὲ
2369 5112 2546 5165 πάντα
2588 5109 2696 5162 τῶν
2740 5109 3021 5179 ἡμετέρων
3060 5108 3176 5161 ἐστὶ
3211 5122 3524 5177 μυστηρίων

1955 5204 2257 5272 αἰνίγματα
2282 5218 2297 5232 ⁸
2333 5202 2561 5273 χρίομεν
2588 5201 2698 5271 γὰρ
2747 5202 2843 5254 καὶ
2872 5200 3031 5269 ἡμεῖς
3066 5199 3145 5268 τῷ
3184 5198 3379 5267 αἵματι
3429 5196 3524 5249 τοῦ

1954 5294 2227 5364 ἡμετέρου
2280 5293 2490 5364 Ἀμνοῦ
2517 5294 2580 5347 οὐ
2604 5293 2763 5364 μόνον
2789 5292 2888 5362 τὴν
2922 5291 3085 5360 φλιάν
3118 5290 3252 5345 ἀλλὰ
3277 5291 3369 5343 καὶ
3399 5291 3524 5351 τοὺς

1953 5387 2047 5441 δύο
2087 5386 2379 5459 σταθμοὺς,
2426 5387 2571 5442 κατὰ
2609 5386 2707 5458 μὲν
2733 5385 2794 5440 τὸ
2822 5383 3097 5457 ὁρώμενον
3141 5383 3240 5455 τὴν
3279 5383 3525 5454 γλῶτταν
