3848 6370
254 363 402 427 1085

1203 362 1303 421 AD
1338 362 1934 423 AMPHILOCHIUM
1966 361 2312 433 QUIESTIO
2344 366 2633 429 CCLXIV.

3379 364 3519 430 1086

252 478 359 531 καὶ
384 474 455 529 τά
485 473 641 545 χείλη
680 471 1036 545 καθαίροντές
1067 488 1127 526 τε
1179 472 1270 526 καὶ
1325 473 1670 540 άγιάζοντες·
1705 473 1846 526 κατὰ

1958 473 2199 541 licantes,
2229 492 2417 533 revera
2458 490 2644 534 autem
2678 494 2780 550 pro
2818 479 3005 534 limine
3032 479 3389 544 intellectum,
3423 496 3520 548 pro

258 572 323 625 δὲ
344 571 407 624 τὸ
440 570 727 640 νοούμενον
759 569 881 621 ἀντὶ
912 567 1074 635 φλιᾶς
1104 567 1166 620 τὺ
1202 566 1419 634 λογικόν
1438 582 1452 597 ·
1488 567 1609 620 ἀντὶ
1656 566 1715 620 δὲ
1736 566 1847 619 τῶν

260 663 362 717 δύο
380 662 659 732 σταθμῶν,
682 659 743 713 τὸ
772 658 1055 730 θυμοειδὲς
1076 659 1167 713 καῖ
1194 658 1617 729 ἐπιθυμητικόν·
1645 657 1849 727 ἁρμότ-

254 772 343 807 τει
374 754 429 807 δὲ
453 756 586 825 ἡμῖν
617 750 715 804 καὶ
744 750 802 803 τὸ
829 751 968 820 μήτε
989 748 1138 820 ὠμὰ,
1162 750 1299 820 μήτε
1327 747 1598 819 ὲψημένα,
1624 747 1844 811 ἐσθίειν,

254 847 378 899 ἀλλ’
415 847 555 900 ὀπτὰ
578 844 712 915 πυρί
732 860 749 876 ο
778 842 904 896 οὗτε
932 842 1040 913 γάρ
1074 842 1222 913 μόνῳ
1249 840 1326 912 τῷ
1352 841 1561 912 ὄμματι
1580 838 1849 910 προσϐλέ-

257 954 464 1006 πομεν,
500 934 637 989 ἀλλὰ
673 933 772 1005 τὴν
800 933 1042 987 διάνοιαν
1076 932 1412 1002 έρευνῶμεν,
1440 930 1566 984 οὔτε
1603 930 1709 1003 μὴν
1750 929 1848 983 ἀν-

258 1029 575 1101 θρωπίνους
596 1028 892 1097 Λογισμοὺς
922 1028 1037 1088 τοῖς
1062 1024 1228 1087 θείοις
1254 1024 1619 1094 ἑπεισάγομεν
1641 1022 1845 1091 λόγοις⁶

258 1123 423 1175 τοῦτο
449 1122 558 1194 γὰρ
589 1121 685 1174 καὶ⁸
723 1118 953 1181 Ἡσαΐας
982 1116 1146 1170 τινῶν
1172 1116 1577 1187 κατηγόρησεν,
1612 1115 1687 1178 ὡς
1716 1116 1848 1167 ἀνα-

266 1213 575 1284 μιγνύντων
614 1212 769 1265 ὕδατι
796 1211 890 1265 τὸν
929 1205 1072 1263 οἶνον
1091 1222 1106 1237 ·
1134 1208 1274 1262 ἀλλὰ
1302 1208 1448 1279 μόνῳ
1480 1206 1741 1280 χρώμεθα
1769 1205 1848 1277 τῷ

264 1305 398 1375 θείῳ
434 1305 592 1373 πυρὶ,
619 1307 686 1375 τῇ
723 1304 816 1357 τοῦ
857 1300 1126 1370 παναγίου
1174 1300 1493 1370 Πνεύματος
1524 1301 1746 1371 χάριτι·
1787 1299 1848 1351 τὸ

262 1396 322 1450 δὲ
350 1397 427 1468 μὴ
453 1396 775 1451 καταλιπεῖν
800 1395 911 1447 τῶν
938 1394 1118 1465 κρεῶν
1146 1393 1227 1456 εἰς
1250 1391 1348 1463 τὴν
1370 1391 1686 1462 ὑστεραίαν,
1704 1389 1848 1443 οὕτω

265 1488 498 1558 νοοῦμεν
517 1505 533 1521 ⁸
568 1489 650 1542 ὅτι
674 1489 703 1541 6
726 1486 935 1558 μέλλων
967 1484 1081 1555 βίος
1100 1484 1210 1538 τῶν
1240 1484 1527 1554 συμϐόλων
1557 1482 1618 1536 οὐ
1641 1482 1845 1535 δεῖταιο

268 1580 410 1635 αὐτὰ
449 1581 557 1652 γὰρ
607 1578 824 1651 ὁρῶμεν
872 1581 931 1633 ὲν
966 1576 1159 1647 ἐκείνῳ
1195 1576 1273 1647 τῷ
1314 1574 1641 1648 πράγματιο
1689 1575 1758 1628 τὰ
1789 1574 1847 1628 δὲ

268 1675 408 1739 ὀστᾶ
440 1672 533 1725 τοῦ
573 1671 848 1743 προϐάτου
897 1668 1274 1739 συντρίϐουσιν
1317 1669 1366 1720 οἰ
1399 1664 1588 1730 κακῶς
1618 1665 1687 1719 τὰ
1729 1667 1849 1720 θεῖα

267 1760 522 1823 νοοῦντες
556 1762 730 1830 Λόγια
764 1760 857 1813 καὶ
881 1760 960 1821 εἰς
987 1756 1085 1829 τὴν
1110 1757 1316 1810 οἰκείαν
1344 1756 1485 1811 αὐτὰ
1514 1755 1847 1828 πειρώμενοι

274 1853 604 1926 μεταφέρειν
634 1853 889 1907 ἀσέϐειαν
908 1867 924 1883 ·
960 1850 1023 1904 τὸ
1058 1851 1115 1903 δὲ
1158 1851 1235 1921 μὴ
1265 1850 1426 1921 μόνον
1465 1851 1531 1903 ὲκ
1556 1848 1848 1919 προϐάτων

271 1945 412 1998 ἀλλὰ
436 1945 531 1997 καὶ
564 1943 622 2011 ἐξ
649 1944 853 2015 ἐρίφων
882 1945 1202 2016 λαμϐάνειν,
1229 1946 1329 2017 τὴν
1361 1946 1511 1999 θείαν
1544 1946 1710 1999 πάλιν
1740 1962 1845 2016 κη-

274 2034 460 2105 ρύττει
486 2035 932 2108 φιλανθρωπίαν·
967 2039 1031 2092 ού
1063 2043 1172 2109 γὰρ
1207 2038 1366 2108 μόνον
1396 2038 1535 2108 ὑπὲρ
1560 2036 1784 2091 δικαίων
1820 2038 1849 2090 6

270 2127 506 2199 Χριστὸς
554 2128 691 2182 ἀλλὰ
736 2130 831 2182 καὶ
886 2131 1027 2202 ὑπὲρ
1074 2130 1415 2202 ἁμαρτωλῶν
1464 2130 1526 2184 τὸ
1581 2131 1849 2201 σωτήριον

273 2220 666 2291 ὖπομεμένηκε
707 2222 912 2287 πάθος·
957 2223 1147 2295 ἔριφον
1179 2222 1288 2294 γὰρ
1333 2223 1472 2294 ὑπὲρ
1518 2218 1847 2293 ἁμαρτωλοῦ

271 2314 301 2365 6
326 2312 490 2384 νόμος
528 2317 861 2386 προσφέρειν
898 2316 1149 2370 ἐκέλευσε
1174 2330 1188 2348 ·
1218 2316 1313 2369 καί⁵
1337 2315 1447 2369 τῶν
1475 2314 1636 2368 θείων
1655 2314 1711 2367 δὲ
1748 2331 1850 2384 μυ-

276 2406 516 2477 στηρίων
548 2410 596 2461 οἱ
651 2408 1180 2478 μεταλαμϐάνοντες,
1212 2409 1261 2461 οἰ
1303 2412 1401 2479 μὲν
1447 2407 1523 2471 ὡς
1570 2406 1849 2477 προϐάτου

277 2498 810 2570 μεταλαμϐάνουσιν,
842 2503 936 2556 άτε
964 2501 1027 2573 δὴ
1050 2501 1264 2555 τελείαν
1297 2500 1397 2571 τὴν
1422 2500 1625 2571 ἀρετὴν
1652 2517 1851 2567 κεκτη-

277 2590 466 2661 μένοι⁶
504 2593 554 2644 οἰ
587 2591 643 2645 δὲ
672 2592 747 2656 ὡς
775 2593 989 2663 ἐρίφου,
1030 2593 1118 2648 διὰ
1162 2593 1449 2663 μετανοίας
1478 2591 1851 2662 ἐξαλείφοντες

273 2683 376 2747 τὰς
402 2683 511 2738 τῶν
548 2685 963 2757 ἁμαρτημάτων
996 2687 1247 2757 κηλῖδαςο
1279 2685 1423 2740 οὕτω
1453 2686 1547 2739 καὶ
1578 2688 1607 2739 ό
1648 2684 1852 2756 Κύριος

273 2776 435 2848 ήμῶν
475 2778 577 2832 οὐκ
628 2780 693 2832 ὲκ
724 2777 943 2833 σιτίνων
988 2778 1148 2850 μόνον
1179 2778 1315 2832 ἀλλὰ
1350 2779 1446 2833 καὶ
1489 2779 1555 2833 ὲκ
1596 2778 1853 2849 κριθίνων

274 2869 404 2933 τοὺς
456 2868 887 2940 συνεληλυθότας
936 2870 1118 2941 άρτων
1172 2868 1453 2941 διέθρεψε·
1500 2872 1596 2924 καὶ
1633 2870 1767 2940 ἡμῖν
1797 2869 1854 2923 δὲ

275 2960 620 3016 διεκέλευσεν
666 2960 813 3031 ἔχειν
857 2961 956 3026 τὰς
1016 2961 1224 3030 ὀσφύας
1276 2961 1722 3033 περιεζωσμένας
1761 2961 1857 3016 καὶ

273 3058 406 3119 τοὺς
436 3055 603 3118 πόδας
640 3054 1064 3125 ὑποδεδεμένους
1097 3056 1191 3108 καὶ
1221 3056 1346 3119 τοὺς
1377 3054 1604 3126 λύχνους
1634 3057 1859 3127 καιομέ-

1951 566 2172 623 duobus
2199 570 2450 638 postibus
2476 571 2721 625 animum
2751 579 2805 627 et
2833 571 3181 640 cupiditates.
3209 568 3335 626 llaec
3377 588 3519 640 quo-

1947 676 2096 731 que:
2135 680 2154 713 ‹
2188 660 2306 717 Non
2357 663 2658 718 comedetis
2705 678 2771 717 ex
2822 676 2889 717 eo
2935 663 3165 716 crudum
3210 662 3363 725 quid,
3418 675 3520 713 nec

1948 760 2167 807 coctum
2237 769 2400 824 aqua,
2468 754 2560 810 sed
2619 763 2833 808 tantum
2871 770 3054 808 assum
3106 754 3216 823 igni
3266 756 3332 817 υτ,
3379 771 3397 802 ι
3451 751 3519 805 ad

1951 860 2053 900 nos
2087 847 2367 916 pertinent
2401 849 2494 917 qui
2526 863 2636 902 non
2689 848 2755 901 ad
2789 849 3027 917 speciem
3087 855 3296 898 tantmu
3343 845 3520 913 reSpi-

1949 941 2150 1002 cimus,
2180 943 2275 996 sed
2300 953 2534 997 mentem
2562 944 2726 995 etiam
2754 940 3094 1011 indagamus,
3123 956 3221 994 nec
3254 940 3523 993 humanas

1949 1030 2194 1085 rationes
2238 1030 2441 1084 divinis
2501 1032 2841 1084 asciscimus.
2911 1029 3069 1096 Quod
3130 1030 3296 1081 etiam
3353 1027 3520 1080 Isaias

1949 1117 2282 1188 quibusdam
2351 1118 2724 1188 exprobravit,
2763 1117 2919 1186 quasi
2972 1118 3160 1169 vinum
3206 1132 3331 1170 cum
3381 1130 3521 1184 aqua

1948 1213 2340 1278 miscuissent;
2374 1215 2467 1266 sed
2504 1212 2623 1265 solo
2650 1211 2838 1266 divino
2880 1210 3003 1280 igne
3053 1209 3283 1273 utimur,
3314 1208 3524 1262 scilicet

1950 1305 2124 1359 sancti
2179 1302 2422 1374 Spiritus
2458 1304 2654 1375 gratia.
2680 1332 2753 1343 ——
2791 1303 2945 1368 Quod
2997 1317 3107 1356 non
3166 1308 3412 1371 oporteat
3453 1300 3521 1352 ad

1948 1405 2228 1467 posterum
2263 1396 2407 1451 diem
2458 1396 2705 1465 linquere
2747 1410 2943 1450 carnes
2993 1396 3073 1449 sic
3120 1394 3521 1461 intelligimus:

1950 1490 2150 1545 futura:
2180 1491 2304 1545 vitae
2332 1505 2449 1545 non
2479 1505 2616 1559 opus
2650 1505 2771 1544 esse
2802 1488 3084 1559 symbolis.
3118 1487 3261 1541 ldem
3294 1500 3525 1556 sequen-

1949 1585 2024 1638 tia
2056 1583 2358 1638 declarant.
2384 1582 2521 1637 Ossa
2580 1583 2724 1636 enim
2753 1582 2878 1652 agni
2907 1588 3197 1636 conterunt
3241 1578 3332 1647 qui
3379 1577 3523 1631 male

1949 1674 2173 1729 oracula
2211 1673 2395 1728 divina
2434 1674 2856 1742 intelliguntvet
2886 1673 2953 1726 ad
2986 1672 3321 1740 impietatem
3364 1682 3522 1723 suam

1949 1781 2011 1820 ea
2047 1768 2253 1821 referre
2284 1776 2575 1822 conantur.
2610 1765 2764 1831 Quod
2810 1780 2917 1819 non
2954 1770 3208 1833 oporteat
3251 1763 3423 1816 solum
3457 1775 3525 1813 ex

1950 1859 2166 1925 ovibus,
2203 1861 2297 1914 sed
2331 1860 2497 1913 etiam
2529 1874 2592 1913 ex
2623 1858 2794 1913 haedis
2838 1856 3046 1911 hostias
3075 1856 3383 1913 desumere,
3419 1852 3524 1904 hoc

1949 1967 2143 2007 rursus
2172 1951 2417 2006 divinum
2442 1950 2495 2004 in
2521 1951 2767 2004 homines
2791 1948 3092 2020 proclamat
3118 1961 3385 2007 amorem,
3413 1958 3521 1998 non

1948 2047 2096 2101 enim
2151 2047 2330 2101 solum
2368 2059 2469 2115 pro
2514 2044 2681 2114 justis
2726 2043 3004 2106 Christus,
3060 2040 3153 2094 sed
3207 2039 3370 2092 etiam
3423 2051 3522 2105 pro

1949 2137 2335 2209 peccatoribus
2385 2136 2682 2192 salutarem
2730 2133 2953 2205 pertulit
3004 2130 3340 2202 passionem.
3383 2126 3519 2181 Nam

1951 2227 2167 2283 bardum
2203 2242 2302 2297 pro
2339 2224 2722 2296 peccatoribus
2768 2225 2850 2277 lex
2880 2222 3076 2277 oti‘erre
3101 2220 3296 2290 jussit;
3341 2234 3408 2272 ex
3456 2218 3525 2271 iis

1951 2330 2133 2375 autem
2170 2320 2442 2389 quisacra
2488 2315 2750 2388 mysteria
2785 2313 3131 2385 participant,
3164 2311 3254 2363 alii
3301 2307 3522 2378 quidem

1951 2415 2105 2486 quasi
2134 2413 2187 2468 in
2214 2424 2423 2484 partem
2456 2412 2581 2481 agni
2618 2412 2864 2473 veniunt,
2892 2417 3079 2479 utpote
3111 2408 3366 2460 virtutem
3405 2402 3523 2456 exi-

1955 2510 2116 2561 miam
2154 2505 2358 2576 adepti,
2385 2504 2477 2558 alii
2502 2518 2632 2558 vero
2668 2502 2828 2571 quasi
2866 2502 2918 2554 in
2950 2509 3160 2571 partem
3204 2497 3365 2557 haedi.
3418 2494 3525 2549 sci-

1953 2598 2080 2653 licet
2098 2598 2189 2666 qni
2210 2595 2531 2667 paenitentia
2556 2594 2800 2649 maculas
2818 2600 3164 2662 peccatorum
3185 2590 3521 2644 oblitterant.

1955 2693 2048 2748 Sic
2072 2692 2217 2746 enim
2251 2690 2515 2745 Dominus
2537 2695 2723 2742 noster
2754 2701 2861 2740 non
2890 2702 2921 2739 e
2944 2682 3301 2738 frumentario
3324 2680 3523 2741 solum,

1956 2781 2049 2838 sed
2077 2781 2241 2835 etiam
2277 2794 2345 2833 ex
2388 2777 2692 2832 hordeaceo
2721 2790 2858 2845 pane
2886 2774 3102 2829 turbam
3143 2769 3427 2833 enutrivit,
3472 2775 3527 2821 et

1957 2872 2119 2927 nobis
2149 2870 2483 2940 praescripsit
2519 2867 2736 2923 lumbos
2769 2868 2979 2922 cinctos
3009 2865 3232 2926 habere,
3274 2872 3328 2916 et
3365 2860 3527 2930 pedes

1957 2963 2251 3027 calceatos,
2298 2971 2354 3015 et
2401 2960 2682 3015 lucernam
2728 2973 3015 3014 accensam
3057 2966 3118 3012 ut
3158 2956 3378 3010 famulis
3430 2954 3529 3008 do-

1958 3057 2169 3110 minum
2197 3054 2663 3126 exspectantibus.
2686 3051 2759 3107 Ut
2782 3052 2948 3122 igitur
2976 3050 3186 3106 Hebraei
3211 3050 3276 3103 de
3295 3048 3529 3118 Egypto

278 3164 427 3211 νους,
476 3145 553 3209 ὡς
614 3147 832 3211 οἰκέτας
896 3147 1163 3218 δεσπότην
1228 3148 1634 3219 προσμένοντας
1659 3165 1674 3180 ·
1741 3148 1852 3203 ἀλλ’

1960 3148 2110 3203 exire
2180 3147 2357 3217 jussi,
2434 3148 2845 3219 migrantesque
2919 3144 2972 3198 in
3046 3142 3308 3198 Chanaan
3386 3142 3531 3194 hunc

290 3238 538 3309 Ἑϐραῖοι
579 3239 678 3309 μὲν
698 3238 774 3303 ὡς
798 3238 1116 3307 Αἰγυπτίων
1148 3238 1616 3310 ἀπαλλαττόμενοι
1651 3239 1746 3293 καὶ
1770 3241 1850 3304 είς

1962 3240 2170 3296 cultum
2206 3240 2499 3303 habebant,
2536 3238 2834 3294 habeamus
2862 3245 2917 3292 et
2946 3252 3046 3291 nos
3072 3237 3164 3305 qui
3193 3250 3260 3289 ex
3289 3234 3391 3288 hac
3421 3232 3530 3287 vita

275 3327 378 3397 τὴν
434 3328 757 3382 Χαναναίων
818 3327 926 3399 γῆν
986 3329 1333 3399 εἰσαγόμενοι
1381 3331 1539 3382 τοῦτο
1586 3324 1734 3400 εἶχον
1791 3330 1853 3384 τὸ

278 3419 504 3489 σχῆμα·
542 3423 704 3492 ἡμεῖς
731 3420 788 3475 δὲ
809 3420 884 3486 ὡς
912 3418 1165 3475 ἐντεῦθεν
1194 3420 1276 3485 εἰς
1298 3419 1484 3493 ἕτερον
1515 3419 1852 3493 μεθιστάμε-

277 3522 361 3561 νοι
394 3505 531 3576 βίον.

348 3596 450 3651 Διά
480 3598 640 3652 τοῦτο
664 3599 760 3653 καὶ
794 3600 926 3671 ἡμῖν
959 3600 988 3653 6
1014 3599 1159 3665 θεῖος
1175 3601 1614 3673 παρακελεύεται
1640 3602 1854 3666 Παῦλος

278 3687 456 3758 βοιῖιν·
511 3708 534 3743 r
579 3690 955 3761 Ἐκκαθάρατε
1001 3692 1100 3764 τὴν
1151 3692 1390 3747 παλαιὰν
1440 3693 1655 3767 ζύμην*
1699 3712 1719 3746 υ
1758 3694 1853 3747 καὶ

276 3779 409 3850 ἑξῆς
452 3779 623 3834 εἰπών
645 3797 660 3811 ⁸
706 3801 726 3834 ι
760 3783 924 3836 Ὥστε
967 3784 1316 3855 ἑορτάζωμεν
1352 3783 1429 3855 μὴ
1457 3787 1515 3838 ὲν
1570 3784 1715 3856 ζύμῃ
1744 3802 1852 3838 πα-

274 3869 426 3933 λαιᾷ,
459 3872 596 3942 μηδὲ
631 3873 690 3925 ὲν
742 3873 891 3946 ζύμῃ
936 3876 1137 3939 κακίας
1174 3879 1269 3929 καὶ
1309 3877 1598 3949 πονηρίας,
1638 3877 1751 3931 ἀλλ’
1794 3880 1852 3931 ὲν

281 3954 513 4025 ἀζύμοις
563 3965 914 4036 εἰλικρινείας
963 3969 1060 4021 καὶ
1111 3968 1392 4039 ἀληθείας.
1444 3988 1465 4022 ι
1501 3968 1741 4023 Ἀνωθεν
1797 3971 1853 4023 δὲ

280 4047 680 4118 πῳμεμὴνυκε
709 4057 807 4121 τὴν
839 4057 947 4110 τῶν
984 4058 1153 4114 ὲθνῶν
1187 4061 1462 4131 σωτηρίαν
1506 4064 1535 4115 6
1570 4061 1699 4125 Θεός
1718 4078 1731 4093 ο
1760 4062 1854 4115 καὶ

281 4142 393 4209 γὰρ
421 4139 791 4210 προσηλύτους
836 4148 1261 4214 μεταλαγχάνειν
1306 4152 1400 4206 τοῦ
1448 4154 1640 4223 Πάσχα
1685 4170 1854 4226 προσ-

281 4230 466 4296 ἔταξε.
498 4232 692 4302 Γιόραν
722 4232 831 4304 γὰρ
854 4235 946 4288 τὸν
965 4238 1301 4309 προσήλυτον
1326 4245 1607 4309 ἐκάλεσεν,
1627 4247 1722 4299 καὶ
1746 4248 1856 4299 ἰσο-

280 4326 478 4396 νομίας
517 4326 667 4397 αὐτῷ
717 4328 1053 4397 μετέδωκενο
1086 4349 1106 4384 ι
1144 4333 1339 4387 Ἔσται
1386 4336 1516 4407 γὰρ,
1565 4341 1749 4409 φησὶν,
1780 4341 1856 4403 ὡς

280 4413 562 4483 αὐτόχθων
581 4414 681 4484 τῆς
700 4416 803 4486 γῆς
824 4432 839 4447 ·
873 4437 893 4469 ι
916 4418 1009 4471 καὶ⁴
1034 4418 1094 4472 τὸ
1123 4438 1142 4471 ι
1167 4422 1253 4474 Ἐν
1282 4425 1425 4494 οἰκίᾳ
1447 4429 1547 4499 μιᾷ
1573 4429 1855 4501 βρωθήσεο

1961 3333 2017 3389 in
2048 3334 2276 3389 alteram
2310 3333 2629 3403 migramus.

2028 3602 2144 3669 Qua
2190 3601 2257 3657 de
2283 3615 2451 3656 causa
2497 3608 2552 3654 et
2591 3614 2692 3654 nos
2736 3599 2894 3653 divus
2947 3597 3267 3652 adhortatur
3307 3592 3531 3655 Paulus,

1960 3697 2234 3751 clamans:
2259 3715 2276 3744 ι
2290 3694 2595 3765 Expurgate
2615 3701 2768 3746 vetus
2787 3690 3109 3745 fermentum
3125 3690 3189 3752 ⁸⁸,
3206 3696 3287 3741 ιρι
3301 3688 3531 3756 reliqua,

1960 3789 2149 3843 dicens
2182 3805 2195 3842 :
2240 3806 2259 3839 ι
2282 3787 2470 3856 Itaque
2499 3786 2785 3855 cpulemur
2822 3798 2927 3837 non
2955 3785 3007 3837 in
3039 3783 3206 3837 veteri
3239 3780 3532 3841 fermento,

1961 3896 2063 3935 nec
2116 3881 2168 3933 in
2231 3878 2452 3933 malitia:
2506 3892 2559 3931 et.
2623 3877 2734 3931 vitii
2782 3875 3068 3940 fermento,
3117 3874 3209 3928 sed
3242 3872 3296 3925 in
3328 3871 3535 3941 azymis

1960 3971 2291 4028 sinceritatis
2346 3970 2703 4038 veritatisque
2733 3968 2799 4020 θ’.
2833 3987 2852 4019 ι
2892 3970 2937 4021 Α
2970 3968 3123 4035 longe
3154 3966 3536 4035 praenuntiant

1961 4066 2244 4137 gentilium
2299 4065 2528 4119 salutem
2591 4061 2735 4118 Deus
2797 4063 2891 4132 qui
2957 4062 3262 4131 proselytos
3311 4056 3536 4111 Pascha:

1962 4159 2079 4213 tieri
2107 4158 2402 4229 participes
2424 4157 2612 4224 jussit.
2642 4157 2854 4212 Etenim
2874 4154 3203 4226 prosclytum
3221 4150 3531 4221 appellavit,

1962 4251 2124 4321 eique
2165 4252 2307 4320 juris
2362 4249 2785 4320 aequabilitatem
2817 4248 2987 4302 dedit.
3060 4264 3078 4296 ι
3112 4241 3224 4297 Erit
3247 4242 3416 4303 enim,
3448 4243 3533 4295 in-

1962 4342 2099 4412 quit,
2137 4349 2196 4395 ut
2230 4352 2389 4395 terra:
2430 4340 2704 4411 indigena.
2752 4338 2865 4393 Hoc
2895 4346 3072 4391 autem
3097 4332 3308 4388 Pascha
3339 4334 3389 4386 in
3428 4348 3535 4386 una

1963 4435 2126 4489 domo
2152 4433 2469 4488 comedetur
2491 4432 2558 4495 ⁸ο,
2588 4451 2607 4484 ι
2670 4432 2963 4486 observant
3002 4429 3185 4483 fideles
3215 4426 3306 4496 qui
3338 4440 3446 4477 una
3479 4428 3533 4475 in

277 4520 393 4597 ται,
486 4506 844 4575 φυλάττουσιν
873 4513 921 4564 οἰ
969 4514 1172 4581 πιστοὶ,
1210 4516 1268 4569 έν
1294 4517 1429 4591 μόνῃ
1457 4523 1523 4590 τῇ
1567 4521 1852 4597 Ἐκκλησία

1967 4526 2195 4580 ecclesia
2227 4539 2511 4579 sacrorum
2540 4522 2833 4592 participes
2860 4520 3243 4592 mysteriorum
3275 4526 3424 4579 sunt,
3482 4525 3537 4567 et.

278 4595 389 4649 τῶν
418 4596 575 4652 θείων
605 4602 1119 4673 μεταλαμϐάνοντες
1163 4610 1507 4680 μυστηρίων,
1536 4612 1637 4677 τὰς
1661 4615 1717 4668 δὲ
1748 4595 1858 4669 τῶν

280 4689 577 4758 αἱρετικῶν
644 4696 969 4763 συναγωγάς
1037 4696 1487 4772 βδελυττόμενον
1541 4707 1609 4760 τὰ
1673 4708 1858 4778 μέντοι

280 4780 605 4851 πρωτότοκα
632 4784 727 4838 καὶ
754 4786 864 4839 τῶν
892 4788 1184 4859 προϐάτων
1208 4794 1430 4846 καὶτῶν
1458 4794 1597 4867 βοῶν
1619 4800 1859 4870 προσφέ-

282 4870 474 4941 ρεσθαι
526 4875 944 4947 νενομοθέτηκε,
973 4880 1072 4950 τῆς
1103 4881 1214 4936 τῶν
1262 4887 1624 4954 πρωτοτόκων
1657 4890 1857 4955 αὐτοὺς

282 4962 556 5032 σωτηρίας
580 4965 1016 5037 ἀναμιμνήσκων
1039 4985 1053 5000 '
1083 4972 1203 5027 οὐδὲ
1226 4974 1335 5044 γὰρ
1355 4976 1518 5041 αὐτὸς
1543 4978 1652 5032 τῶν
1679 4979 1859 5051 θυμά-

277 5070 391 5108 των
424 5054 612 5123 ὲδείτο,
652 5059 789 5113 ἀλλὰ
829 5061 931 5131 τὴν
973 5063 1200 5119 ἐκείνων
1246 5066 1513 5137 ὠφέλειαν
1566 5073 1859 5141 ἐπραγμα-

280 5145 501 5201 τεύετοο
533 5150 692 5205 τοῦτο
732 5153 792 5207 δὲ
828 5157 923 5210 καὶ
973 5157 1136 5220 αὐτὸς
1171 5161 1201 5213 6
1234 5162 1398 5231 νόμος
1441 5164 1589 5233 δηλοι
1613 5180 1629 5196 ο
1661 5182 1682 5217 ‹
1731 5166 1859 5219 Ἐὰν

280 5236 393 5306 γὰρ
421 5240 671 5314 ἐρωτήσῃ
693 5260 752 5296 σε
773 5246 802 5298 6
822 5246 936 5311 υίός
963 5266 1081 5314 σου,
1100 5251 1165 5303 Τί
1190 5253 1308 5304 ἐστι
1336 5253 1493 5307 τοῦτο
1513 5273 1559 5321 ;›
1588 5256 1683 5309 καὶ
1705 5257 1855 5325 ἑξῆς,

281 5326 388 5391 ἕως
418 5330 536 5397 τοῦ,
568 5351 585 5384 ι
618 5336 718 5388 Διὰ
740 5337 897 5391 τοῦτο
922 5339 1032 5409 ἐγὼ
1058 5341 1171 5395 θύω
1195 5342 1273 5413 τῷ
1304 5346 1493 5415 Κυρίῳ
1523 5348 1631 5399 πᾶν
1658 5346 1859 5400 διανοῖ-

281 5436 379 5488 γον
412 5424 650 5497 μήτραν,
680 5429 749 5484 τὰ
782 5430 1048 5501 ἀρσενικὰ
1078 5436 1173 5489 καὶ
1219 5438 1331 5489 πᾶν
1374 5438 1717 5508 πρωτότοκον
1749 5438 1858 5493 τῶν

285 5512 418 5565 υίῶν
445 5531 539 5568 σου
570 5517 946 5592 λυτρώσομαιο
981 5526 1074 5578 καὶ
1099 5526 1249 5579 ἔσται
1278 5529 1357 5591 είς
1388 5531 1613 5598 σημεῖον
1642 5530 1733 5583 ἐπὶ
1759 5531 1859 5600 τῆς

283 5604 465 5674 χειρός
525 5625 618 5662 σου
668 5612 763 5665 καὶ
804 5615 1098 5672 ἀσάλευτον
1145 5618 1251 5691 πρὸ
1301 5619 1717 5691 ὀφθαλμῶν·ὲν
1756 5621 1860 5692 γὰρ

1964 4619 2035 4672 ab
2112 4616 2386 4671 haereticis
2463 4614 2822 4671 conventibus
2884 4612 3200 4665 abhorrent.
3279 4609 3532 4661 Attamen

1965 4709 2327 4781 primogenita
2388 4708 2572 4762 ovium
2608 4717 2661 4763 et
2712 4707 2873 4761 boum
2904 4705 3089 4759 offerri
3122 4704 3365 4759 Hebraeis
3396 4717 3536 4772 prae-

1964 4802 2109 4871 cepit
2169 4800 2455 4864 Dominus,
2518 4810 2577 4854 ut
2648 4798 3011 4869 primogenita
3073 4810 3259 4850 eorum
3319 4802 3535 4847 servata

1964 4892 2136 4949 fuisse
2165 4893 2232 4947 iis
2259 4894 2313 4946 in
2341 4896 2661 4947 memoriam
2685 4897 2988 4946 revocaret.
3018 4887 3180 4941 Nullo
3200 4885 3346 4940 enim
3376 4882 3537 4937 modo

1928 5028 1931 5033 μ
1966 4985 2013 5039 ei
2067 4986 2306 5039 victimis
2359 4999 2498 5053 opus
2527 4992 2666 5051 erat,
2720 4984 2824 5037 hoc
2871 4990 3051 5035 autem
3085 4979 3150 5033 ad
3186 4977 3535 5030 Hebraeorum

1966 5076 2255 5129 utilitatem
2328 5075 2630 5144 spectabat.
2720 5072 2874 5139 Quod
2929 5072 3069 5125 idem
3129 5066 3369 5123 ostendit
3423 5064 3533 5118 lex.

1975 5184 1993 5215 ι
2030 5164 2277 5235 Cumque
2317 5165 2733 5234 interrogaverit
2788 5174 2840 5217 te
2876 5163 3020 5216 [ilius
3046 5172 3173 5215 tuus
3208 5176 3221 5213 :
3259 5156 3398 5221 Quid
3453 5165 3538 5210 est

1968 5258 2149 5322 hoc“,
2186 5276 2205 5309 ι
2234 5267 2291 5312 et
2313 5259 2517 5327 reliqua
2547 5272 2719 5327 usque
2750 5259 2816 5311 ad
2850 5257 2988 5311 hoc:
3030 5275 3048 5303 ο
3074 5252 3280 5305 Idcirco
3312 5251 3536 5305 immoto

1967 5350 2197 5405 Domino
2224 5365 2386 5403 omne
2414 5350 2559 5419 quod
2595 5350 2766 5418 aperit
2800 5348 3012 5400 vulvam
3054 5344 3341 5399 masculini
3374 5359 3537 5398 sexus

1967 5450 2022 5496 et
2057 5442 2242 5496 omnia
2300 5441 2660 5512 primogenita
2723 5438 2959 5494 ﬁliorum
3012 5454 3256 5493 meorum
3306 5436 3535 5498 redimo,

1967 5545 2021 5588 et
2073 5534 2178 5587 erit
2231 5535 2396 5603 igitur
2447 5533 2601 5603 quasi
2654 5532 2873 5603 signum
2924 5532 2977 5585 in
3012 5547 3173 5584 manu
3208 5540 3321 5591 tua,
3377 5526 3536 5597 quasi

1969 5640 2270 5694 appensum
2301 5625 2429 5695 quid
2477 5624 2549 5678 ob
2580 5623 3007 5679 recordationem
3038 5622 3176 5676 inter
3201 5620 3388 5675 oculos
3413 5627 3538 5675 tuos

354 5782 401 5816 "
440 5781 612 5841 Exod.
641 5803 739 5853 xu,
773 5788 826 5843 9.
901 5790 946 5822 ⁸⁸
974 5788 992 5843 1
1019 5791 1141 5847 Cor.
1175 5809 1228 5860 v,
1257 5793 1311 5849 7.
1346 5795 1391 5827 "
1424 5794 1556 5851 ibid.
1586 5794 1639 5850 8.
1673 5796 1718 5831 ‘°
1738 5796 1906 5855 Exod.
1936 5815 2032 5867 xu,
2056 5798 2147 5854 46.
2184 5798 2224 5831 ⁶¹
2260 5798 2433 5854 Exod.
2467 5814 2588 5866 xnt,
2624 5797 2710 5853 14.
