3902 6212
380 317 512 380 1087

1586 310 1845 372 PI'IOTII
1886 309 2393 371 PATRIARCIIE
2418 310 2526 371 CP.

3517 312 3651 377 1088

375 445 442 481 eo
498 427 643 498 quod
693 426 747 480 in
808 440 971 482 manu
1026 425 1153 482 forti
1199 426 1388 481 eduxit
1449 441 1546 479 nos
1597 427 1862 480 Dominus
1892 425 1989 483 de.

2075 425 2202 495 (ειρὶ
2252 425 2491 495 κραταιᾷ
2542 422 2781 493 ἐξήγαγέ
2816 440 2875 476 σε
2924 424 3133 494 Κύριος
3183 422 3244 488 ἐξ
3288 424 3589 491 Αἰγύπτου.
3629 447 3646 477 ι

377 516 635 587 Aigyplo.
710 516 949 572 Proinde
998 516 1115 570 hanc
1140 516 1323 569 omnia
1364 531 1473 570 non
1506 528 1607 585 pro
1637 529 1695 568 re
1728 511 1967 576 Domini,

378 613 472 667 Sed
508 628 604 679 pro
645 612 829 672 populi
861 610 1163 665 commodis
1190 618 1510 663 evenerunt.
1658 630 1689 657 κ

451 701 784 769 QU.-ESTlO
823 698 1049 756 CCLXV
1082 696 1658 773 [Coisl.CCLXXXlV,
1696 702 1860 753 Taur.

992 791 1344 863 CCLxxuu.

382 886 659 951 Quomodo
696 885 991 953 intelligere
1050 897 1287 951 aperient
1325 886 1436 938 hare
1484 883 1731 951 Apostoli
1760 882 1914 936 verba
1946 900 1966 940 .°

458 977 475 1007 σ
507 957 699 1011 Omnes
730 960 785 1009 in
817 955 999 1026 Moyse
1052 957 1310 1023 bttplizltli
1352 972 1555 1015 sumus,
1604 973 1621 1005 ι
1658 964 1707 1007 et
1739 957 1963 1023 reliqua,

452 1029 699 1099 usquead
735 1048 751 1078 ι
772 1027 872 1079 llic
908 1045 1024 1079 vero
1057 1029 1195 1095 lapis
1234 1036 1347 1080 erat
1377 1026 1619 1079 Christus
1650 1026 1815 1093 (65).»

2065 518 2359 589 Τοιγάρτοι
2388 518 2593 570 τούτων
2638 518 2869 570 ἕκαστον
2917 518 2979 570 οὐ
3011 521 3111 589 τῆς
3149 517 3247 571 τοῦ
3298 518 3435 572 Θεοῦ
3464 522 3652 590 χρείας

2063 612 2247 676 ἕνεκα,
2272 610 2410 666 ἀλλὰ
2438 611 2539 682 τῆς
2562 610 2654 665 τοῦ
2685 610 2819 664 λαοῦ
2849 612 3070 681 ἐγένετο
3099 610 3392 678 ὠφελείας.

2584 705 2921 759 ΕΡΩΤΗΣΙΣ
2957 705 3127 761 ΣΞΕ’.

2064 883 2199 950 Πῶς
2226 885 2480 955 νοητέον
2506 883 2575 937 τὸ
2601 884 2723 940 ὑπὸ
2753 884 2859 938 τοῦ
2898 885 3276 955 ΪΑποστόλου
3315 886 3650 955 εἰρημένον.

2148 973 2166 1005 ι
2203 954 2433 1019 Πάντες
2456 956 2543 1020 εἰς
2563 957 2670 1007 τὸν
2698 954 2967 1023 Μωῦσῆν
2986 954 3463 1025 ⁸ιέὃά.·ττιο-θημεν.
3505 980 3525 1007 ι
3562 960 3657 1011 καί

2142 1025 2310 1093 ἑξῆς,
2336 1025 2447 1090 ἕως
2467 1040 2481 1053 ⁸
2523 1046 2542 1076 ι
2579 1024 2640 1081 Ἡ
2663 1025 2731 1077 δὲ
2754 1026 2941 1094 πέτρα
2969 1023 3050 1096 ἦν
3075 1030 3107 1079 ό
3138 1023 3424 1095 Xpw'tb'c,‘
3467 1049 3487 1080 ι

784 1138 927 1189 Edita
956 1154 984 1188 a
1016 1141 1138 1188 Maio
1176 1140 1232 1202 (l.
1264 1152 1309 1189 c.
1344 1154 1394 1202 p.
1420 1139 1664 1199 129,150,
1697 1153 1747 1201 q.
1779 1140 1914 1202 274).
1946 1167 1997 1175 -
2026 1139 2082 1189 In
2114 1139 2131 1188 l
2164 1138 2274 1190 Cor.
2306 1153 2360 1197 ι,
2393 1138 2439 1200 1,
2471 1140 2519 1201 4,
2543 1144 2599 1189 et
2621 1140 2781 1190 Exod.
2817 1154 2924 1201 χιιι,
2953 1140 3033 1200 2i,
3060 1140 3255 1200 xnv,22.

455 1221 657 1293 Figura
716 1234 873 1278 erant
932 1240 1198 1279 novarum
1258 1228 1499 1295 antiqua:
1547 1240 1636 1280 res
1683 1234 1738 1280 et
1772 1227 1965 1280 umbra

390 1318 611 1387 quidem
670 1316 780 1383 lex,
809 1332 1011 1387 corpus
1065 1333 1192 1371 vero
1226 1319 1501 1387 quoddam
1538 1319 1739 1391 gratia.
1823 1318 1963 1374 Cum

384 1410 553 1479 igitur
581 1418 1041 1480 persequerentur
1054 1410 1310 1466 Hebraeos
1322 1410 1589 1482 Egyptii,
1624 1412 1768 1481 iique
1786 1421 1967 1466 trans-

383 1504 555 1574 gressi
616 1512 746 1559 sunt
777 1519 926 1558 mare
956 1504 1226 1569 Rubrum,
1267 1515 1319 1560 et
1369 1522 1553 1559 amara
1585 1505 1964 1575 {Egyptiorum

382 1596 647 1651 servitute
676 1596 893 1651 liberati
917 1606 1065 1677 sunt,
1127 1597 1301 1666 ﬁgura
1330 1596 1429 1651 fuit
1456 1598 1757 1667 baptisterii
1792 1612 1963 1662 mare,

383 1687 625 1759 Spiritus
680 1690 856 1744 sancti
918 1691 1113 1756 nubes,
1148 1691 1353 1746 Christi
1388 1689 1690 1745 Salvatoris
1736 1690 1970 1759 Moyses,

384 1782 570 1837 crucis
617 1782 801 1851 virga,
858 1782 1060 1837 diaboli
1084 1782 1320 1847 Pharao,
1372 1784 1684 1838 daemonum
1710 1781 1970 1854 IEgyptii,

384 1874 556 1927 divini
609 1874 719 1929 cibi
759 1890 983 1941 manna,
1038 1876 1403 1947 redemptoris
1450 1876 1735 1947 sanguinis
1775 1889 1972 1943 aquae

388 1982 546 2023 saxo.
605 1965 678 2021 Ut
724 1967 869 2022 enim
906 1967 983 2022 illi
1039 1978 1332 2038 postquam
1386 1968 1720 2038 transgressi
1750 1967 1973 2023 fuerunt

386 2060 635 2113 Rubrum
662 2073 810 2113 mare
846 2059 1112 2114 inusitato
1137 2060 1260 2115 cibo
1291 2069 1345 2116 et
1368 2061 1605 2115 mirabili
1635 2060 1785 2116 fonte
1813 2059 1968 2114 fruiti

388 2161 539 2214 sunt.
573 2154 653 2207 sic
676 2167 775 2206 nos
798 2160 1087 2221 postquam
1120 2168 1215 2221 per
1246 2152 1514 2222 baptisma
1537 2153 1731 2207 salvati
1761 2150 1966 2207 fuimus

387 2246 698 2301 divinorum
722 2248 1107 2317 mysteriorum
1143 2248 1439 2317 participes
1474 2244 1605 2300 facti
1647 2260 1863 2301 sumus.

460 2522 785 2591 QUESTIO
812 2524 1066 2579 CCLXVI
1122 2524 1311 2597 [δοῦσι.
1341 2526 1696 2593 CCLXXXV,
1726 2527 1891 2583 Taur.

1004 2614 1361 2689 CCLxxw].

392 2705 667 2768 Quomodo
711 2704 970 2759 incolume
1022 2714 1115 2779 sit
1156 2722 1363 2779 (equum
1417 2706 1547 2777 ﬁliis
1591 2724 1697 2777 pro
1726 2711 1970 2779 patribus

988 2778 1188 2846 punitis
1243 2778 1376 2849 (66).

2138 1224 2320 1288 Τύπος
2350 1219 2419 1296 ἦν
2442 1224 2553 1277 τῶν
2584 1226 2721 1277 νέων
2750 1224 2820 1277 τὰ
2843 1223 3072 1290 παλαιὰ,
3099 1225 3194 1278 καὶ
3223 1223 3356 1276 σκιὰ
3390 1224 3489 1294 μὲν
3514 1225 3544 1278 ὁ
3570 1224 3655 1276 νό-

2068 1333 2191 1387 μος,
2228 1316 2392 1387 σῶμά
2427 1334 2481 1368 τι
2524 1316 2583 1369 δὲ
2629 1318 2663 1386 ἠ
2715 1317 2912 1387 χάρις’
2960 1316 3154 1386 ἐπειδὴ
3204 1316 3385 1368 τοίνυν
3433 1316 3657 1369 ἐδίωκον

2062 1412 2190 1473 τοὺς
2226 1408 2517 1481 Ἐϐραίους
2546 1410 2596 1462 οί
2630 1408 2943 1476 Αἰγύπτιοι,
2967 1408 3256 1472 διαϐάντες
3277 1408 3336 1461 δὲ
3363 1408 3463 1479 τὴν
3495 1409 3655 1479 Ἐρυ-

2071 1501 2207 1570 θρὰν
2252 1501 2532 1556 θάλασσαν
2570 1502 2618 1554 οἱ
2660 1500 2902 1571 Ἑϐραῖοι
2947 1501 3047 1570 τῆς
3091 1501 3299 1571 πικρᾶς
3335 1500 3445 1554 τῶν
3491 1502 3659 1570 Δξγυ⁴

2069 1596 2203 1648 τίων
2231 1596 2627 1666 ἀπηλλάγησαν
2647 1594 2986 1659 δεσποτείας,
3004 1595 3177 1649 τύπον
3202 1596 3317 1666 ἔχει
3334 1594 3433 1665 τῆς
3455 1595 3658 1666 κολυμ-

2076 1687 2285 1759 ϐήθρας
2315 1689 2348 1759 ἡ
2381 1687 2621 1744 θάλαττα
2642 1706 2658 1720 ·
2690 1688 2723 1757 ἡ
2766 1688 2824 1741 δὲ
2863 1687 3087 1759 νεφέλη,
3119 1687 3214 1741 τοῦ
3260 1687 3603 1757 Πνεύματος·
3633 1690 3662 1740 ὀ

2070 1778 2129 1831 δὲ
2155 1780 2433 1849 Μωῦσῆς,
2462 1776 2559 1831 τοῦ
2591 1778 2843 1849 Σωτῆρος
2873 1779 3133 1848 Χριστοῦ·
3170 1778 3267 1832 τοῦ
3301 1779 3545 1848 σταυροῦ
3581 1779 3658 1843 δὲ,

2069 1872 2103 1942 ἠ
2138 1872 2332 1941 ῥάϐδος
2358 1887 2372 1901 °
2404 1871 2497 1925 τοῦ
2523 1872 2770 1925 διαϐόλου
2796 1872 2874 1937 δὲ,
2902 1873 2932 1925 ὁ
2962 1870 3161 1943 Φαραὼ
3181 1887 3194 1901 ⁸
3224 1873 3334 1925 τῶν
3362 1873 3658 1943 δαιμόνων,

2070 1959 2120 2012 οἱ
2151 1958 2442 2027 Αἰγύπτιοι
2462 1975 2476 1989 ·
2510 1958 2572 2013 τὸ
2601 1961 2657 2013 δὲ
2689 1961 2891 2031 μάννα,
2932 1962 3032 2032 τῆς
3063 1962 3215 2025 θείας
3254 1967 3487 2033 τροφῆς
3517 1965 3579 2016 τὸ
3604 1964 3661 2017 δέ

2068 2051 2167 2121 τῆς
2196 2051 2402 2123 πέτρας
2426 2050 2594 2122 ὕδωρ,
2619 2053 2715 2106 τοῦ
2743 2054 3013 2124 σωτηρίου
3051 2055 3307 2125 αἵματος·
3336 2055 3534 2126 ὥσπερ
3556 2058 3661 2124 γὰρ

2065 2144 2273 2197 ἐκεῖνοι
2310 2144 2449 2214 μετὰ
2479 2143 2541 2197 τὸ
2562 2144 2816 2216 διαϐῆναι
2843 2146 2940 2216 τὴν
2957 2146 3224 2218 Ἐρυθρὰν
3254 2147 3537 2201 θάλασσαν
3570 2148 3662 2200 καὶ

2068 2237 2172 2306 τῆς
2226 2235 2386 2307 ξένης
2436 2238 2644 2309 τροφῆς
2689 2239 2787 2294 καί
2835 2237 2932 2292 τοῦ
2978 2239 3286 2310 παραδόξου
3334 2239 3661 2306 ἀπήλαυσαν

2066 2328 2333 2398 νάματος,
2360 2327 2536 2393 οὕτως
2564 2331 2727 2399 ἡμεῖς
2764 2331 2903 2400 μετά
2937 2330 2998 2384 τὸ
3031 2332 3298 2402 σωτήριον
3326 2330 3620 2401 βάπτισμα
3641 2372 3657 2396 ,

2062 2421 2173 2475 τῶν
2207 2420 2368 2477 θείων
2408 2423 2891 2494 μεταλαγχάνομεν
2929 2424 3248 2495 μυστηρίων

2581 2536 2920 2590 spumam
2953 2536 3133 2605 ΣΞςι.

2066 2715 2199 2781 Πῶς
2226 2713 2294 2768 τὸ
2331 2713 2568 2770 δίκαιον
2612 2716 2889 2780 σώζεται,
2931 2717 3051 2771 τῶν
3093 2718 3329 2772 παίδων
3367 2720 3525 2787 ὑπὲρ
3545 2718 3660 2775 τῶν

2494 2788 2766 2856 πατέρων
2795 2788 3245 2859 κολαζομένων;

1209 2887 1350 2937 Edita
1380 2903 1408 2939 a
1440 2890 1565 2940 Maio
1598 2892 1658 2955 (l.
1694 2906 1739 2942 c.
1772 2904 1822 2955 p.
1858 2893 1966 2955 129,
2000 2894 2105 2957 150,
2126 2911 2175 2959 q.
2210 2897 2343 2960 275).
2375 2925 2437 2936 —
2465 2899 2626 2952 Exod.
2663 2914 2748 2960 xx,
2779 2900 2825 2950 5.

460 2967 698 3038 Maiores
756 2970 898 3039 apud
950 2970 1120 3041 Deum
1177 2984 1307 3029 sunt
1362 2978 1523 3032 minae
1562 2980 1773 3047 poenis;
1829 2982 1989 3039 diciti

2136 2985 2371 3050 Μείζους
2412 2985 2522 3038 τῶν
2551 2984 2833 3041 κολάσεων
2878 2986 3033 3058 παρὰ
3056 2986 3136 3056 τῷ
3163 2985 3285 3057 Θεῷ
3313 2988 3372 3040 αἱ
3408 2982 3655 3042 ἀπειλαί

387 3058 537 3112 enim
573 3076 587 3113 :
638 3076 658 3111 ι
692 3057 1017 3130 Quicunque
1060 3062 1479 3124 incircumcisus
1529 3071 1633 3124 erit
1673 3073 1973 3139 masculus,

391 3165 493 3205 nec
518 3150 939 3206 circumcidetur
966 3153 1054 3208 die
1082 3166 1296 3222 octavo,
1327 3160 1798 3218 exterminabitur.
1825 3180 1846 3215 ι
1870 3161 1975 3219 Sed

391 3236 575 3291 videre
590 3253 878 3306 possumus
898 3242 1164 3309 quosdam
1188 3245 1547 3303 circumcisos
1562 3249 1775 3306 diverse
1792 3263 1974 3319 tamen

392 3330 449 3384 in
491 3331 707 3387 deserto
730 3332 1119 3404 interemptos;
1152 3338 1288 3393 alios
1326 3353 1478 3405 vero,
1522 3341 1972 3410 incircumcisos,

392 3436 496 3490 pro
539 3423 737 3490 pmnis,
765 3438 829 3478 ea
864 3436 1193 3482 consecutos
1221 3445 1344 3498 qua:
1378 3432 1681 3502 majoribus
1703 3436 1975 3505 promissa

394 3516 631 3569 l’ueiant.
670 3513 782 3571 Hos
800 3516 947 3572 enim
981 3518 1327 3576 circumcidit
1350 3521 1521 3581 Josue
1541 3524 1799 3597 Galgalis.
1829 3525 1975 3580 Rur-

393 3620 490 3659 sus
505 3604 761 3659 domibus
780 3606 1111 3662 fermentum
1138 3609 1470 3667 habentibus
1494 3615 1708 3670 ruinam
1739 3615 1977 3671 minatus

387 3709 497 3760 est,
521 3698 615 3753 sed
641 3714 752 3753 nou
775 3700 1024 3756 immisit.
1049 3700 1254 3758 Deinde
1270 3705 1436 3760 etiam
1455 3708 1549 3777 qui
1570 3723 1771 3778 pueros
1784 3708 1976 3779 dilige-

394 3788 549 3852 bant,
584 3790 682 3842 hos
708 3800 875 3845 terret
908 3792 1091 3859 minis,
1129 3794 1396 3866 dicitque,
1433 3816 1451 3849 ι
1496 3798 1736 3855 Visitans
1769 3801 1973 3871 iniqui-

391 3888 562 3934 tatem
630 3892 842 3951 patrum
911 3885 967 3939 in
1006 3885 1151 3943 ﬁlios
1219 3888 1276 3943 in
1326 3892 1544 3948 tertiam
1606 3906 1974 3964 quartamque

390 3976 807 4043 generationem
851 3992 1045 4036 eorum
1099 3984 1194 4051 qui
1249 3984 1685 4041 oderuntme“.
1722 4006 1741 4039 ι
1801 3989 1974 4045 Porro

393 4067 656 4123 adhibere
709 4070 868 4125 iidem
904 4072 1033 4127 huic
1082 4075 1230 4129 nudo
1255 4078 1423 4131 verbo
1451 4079 1673 4148 impium
1706 4096 1830 4136 esse
1858 4082 1974 4150 ipse

399 4157 540 4210 Deus
559 4158 1024 4221 docet,contraria
1044 4168 1340 4223 ostendens
1362 4168 1523 4235 ;dicit
1542 4172 1741 4226 etenim
1763 4190 1777 4226 :
1804 4191 1824 4224 ι
1850 4172 1971 4228 Non

390 4248 715 4304 occidentur
741 4252 839 4307 lilii
876 4270 977 4323 pro
1026 4259 1296 4326 patribus,
1358 4276 1459 4317 nec
1489 4274 1668 4331 patres
1688 4279 1785 4334 pro
1819 4265 1967 4333 ﬁliis,

391 4347 492 4401 sed
529 4352 907 4422 unusquisque
956 4370 1055 4425 pro
1101 4369 1323 4426 peccato
1360 4374 1463 4415 suo
1517 4362 1778 4418 morietur
1800 4364 1876 4420 ⁸³.
1949 4384 1969 4416 ι
2008 4352 2051 4407 Ι)

394 4439 461 4492 Ει
506 4440 562 4495 in
596 4440 849 4498 Ezechiel
896 4461 910 4499 :
984 4464 1002 4497 ι
1038 4445 1178 4512 Quid
1211 4459 1295 4504 est
1326 4451 1475 4521 quod
1514 4453 1659 4508 inter
1688 4470 1784 4510 vos
1814 4471 1974 4525 para-

392 4532 573 4587 bolam
607 4535 818 4591 vertitis
846 4536 899 4591 in
938 4542 1282 4607 proverbium
1301 4544 1445 4599 istud
1468 4545 1749 4601 dicentes:
1782 4546 1975 4605 Patres

393 4626 751 4681 comederunt
799 4643 960 4684 uvam
1021 4634 1321 4700 acerbam,
1384 4647 1439 4690 et
1488 4638 1681 4695 dentes
1731 4642 1970 4697 liliorum

386 4715 811 4785 obstupescunt.
842 4718 980 4776 Vivo
1008 4737 1129 4794 ego,
1151 4725 1282 4780 dicit
1312 4725 1595 4795 Dominus,
1618 4732 1664 4785 si
1694 4734 1799 4787 erit
1831 4734 1973 4789 ultra

394 4810 549 4865 vobis
575 4813 856 4880 parabola.
920 4813 1045 4870 Haec
1084 4816 1137 4871 in
1168 4822 1518 4887 proverbium
1567 4824 1619 4877 in
1656 4822 1854 4891 Israel;
1876 4829 1969 4881 scd

390 4902 796 4958 comedentium
839 4908 1092 4962 acerbam
1123 4925 1283 4966 uvam
1336 4915 1734 4985 obstupescunt
1757 4918 1969 4974 dentes.

394 4991 536 5044 Ecce
579 4994 721 5048 enim
759 5011 952 5053 omnes
1001 5001 1198 5056 animae
1233 5019 1365 5058 meaa
1390 5015 1518 5060 sunt
1550 5008 1615 5062 “.
1642 5027 1664 5061 ι
1734 5010 1973 5080 Quaeque

392 5089 695 5149 sequuntur
742 5087 889 5144 hunc
948 5090 1150 5146 habent
1188 5109 1432 5149 sensum.
1488 5095 1601 5166 Ego
1626 5106 1810 5151 autem
1844 5107 1974 5168 puto

395 5174 581 5243 potius
645 5174 885 5234 divinum
939 5182 994 5236 in
1026 5184 1276 5242 homines
1314 5202 1555 5243 amorem
1589 5192 1974 5260 repraesentari

2079 3079 2215 3149 φησι
2235 3079 2367 3148 γάρ·
2395 3079 2540 3143 «Πᾶς
2565 3078 2939 3150 ἀπερίτμητος
2961 3078 3134 3147 ἅρσην
3151 3077 3209 3141 ὃς
3228 3080 3290 3130 ού
3310 3080 3656 3149 περιτμηθῆ-

2078 3187 2235 3225 σεται
2271 3173 2336 3241 τῇ
2367 3170 2554 3241 ἡμέρᾳ
2582 3173 2647 3241 τῇ
2678 3170 2871 3241 ὀγδόῃ,
2902 3168 3449 3241 ὲξολοθρευθήσεται·
3483 3190 3506 3224 ι
3543 3171 3655 3224 ἀλλ’

2077 3268 2222 3321 ἐστιν
2251 3269 2379 3323 ἰδεῖν
2406 3269 2543 3333 τοὺς
2575 3270 2675 3339 μὲν
2718 3271 3227 3343 περιτετμημένους
3268 3271 3327 3322 ἐν
3354 3270 3421 3339 τῇ
3470 3270 3660 3338 ἐρήμῳ

2075 3360 2348 3432 διαφόρως
2371 3362 2763 3433 ἀναιρεθέντας
2782 3378 2796 3392 °
2836 3364 2961 3425 τοὺς
2992 3363 3050 3416 δὲ
3088 3363 3503 3433 ἀπεριτμήτους
3522 3399 3537 3427 ,
3568 3358 3662 3413 καὶ

2075 3453 2177 3521 τῆς
2222 3452 2330 3507 τῶν
2374 3455 2662 3525 προγόνων
2719 3455 3054 3525 ἐπαγγελίας
3081 3456 3203 3509 ἀντὶ
3250 3454 3350 3525 τῆς
3387 3454 3661 3524 τιμωρίας

2076 3541 2445 3611 τετυχηκότας
2496 3543 2757 3613 (τούτους
2786 3545 2894 3616 γὰρ
2938 3546 2998 3597 ἐν
3040 3544 3339 3615 Γαλγάλοις
3382 3545 3413 3597 ὁ
3453 3543 3661 3615 Ἰησοῦς

2075 3630 2428 3701 περιέτεμε),
2490 3632 2652 3686 πάλιν
2713 3635 2834 3697 ταῖς
2902 3635 3157 3705 ἐχούσαις
3215 3634 3396 3705 ζύμην
3458 3634 3661 3696 οίκίαις

2077 3723 2455 3795 πανωλεθρίαν
2485 3726 2804 3796 ἠπείλησεν,
2835 3727 2950 3780 ἀλλ’
2979 3730 3081 3782 οὐκ
3107 3730 3411 3799 ἐπήγαγεν·
3448 3729 3548 3781 καὶ
3574 3729 3658 3779 ἐν·

2073 3812 2252 3868 ταῦθα
2278 3814 2457 3869 τοίνυν
2486 3816 2561 3879 ὡς
2592 3818 2915 3886 φιλόπαιδας
2935 3820 3234 3873 δεδίττεται
3256 3822 3380 3884 ταῖς
3404 3818 3653 3873 ἀπειλαίς

2074 3907 2169 3960 καί
2193 3921 2379 3977 φησιν·
2409 3926 2429 3960 ι
2470 3910 2780 3975 Ἀποδιδοὺς
2801 3914 3078 3984 ἁμαρτίας
3102 3913 3358 3984 πατέρων
3374 3906 3469 3957 επὶ
3490 3904 3652 3956 τέκνα

2074 3998 2169 4051 ἐπὶ
2202 4000 2391 4070 τρίτην
2430 4001 2525 4054 καὶ
2552 4000 2822 4074 τετάρτην
2848 4002 3045 4071 γενεὰν
3087 4005 3199 4058 τοῖς
3246 3992 3469 4065 μισοῦσί
3502 4007 3595 4063 με’
3627 4011 3645 4044 ³

2074 4090 2156 4144 ὃτι
2179 4091 2469 4163 προσέχειν
2494 4094 2687 4164 γυμνῷ
2715 4094 2794 4159 τῷ
2818 4094 3101 4159 γράμματι
3130 4088 3328 4150 ἀσεϐὲς
3345 4126 3360 4151 ,
3393 4086 3560 4148 αὐτὸς
3586 4086 3649 4138 δι’

2072 4175 2148 4236 ὧν
2173 4185 2435 4238 τάναντία
2472 4184 2713 4237 διδάσκει
2740 4183 2769 4234 ὁ
2800 4180 2953 4245 Θεὸς,
2998 4180 3156 4250 δῆλον
3177 4195 3194 4212 ο
3234 4198 3253 4231 ι
3286 4180 3402 4232 Οὐκ
3438 4177 3649 4231 ἀποθα-

2074 4273 2291 4328 νοῦνται
2319 4276 2427 4347 γὰρ
2458 4277 2648 4338 παῖδες
2679 4275 2817 4345 ὑπὲρ
2849 4274 3105 4343 πατέρων
3125 4313 3140 4337 ,
3177 4274 3368 4342 φησὶν,
3396 4271 3521 4325 ούδὲ
3548 4289 3648 4325 πα-

2074 4366 2232 4435 τέρες
2271 4365 2411 4435 ὑπὲρ
2450 4366 2657 4419 παίδων
2682 4380 2696 4395 ·
2729 4364 2846 4419 ἀλλ’
2880 4364 3111 4427 ἕκαστος
3141 4365 3198 4417 ἐν
3223 4364 3288 4432 τῇ
3334 4361 3442 4432 ἰδία
3483 4360 3645 4415 αὑτοῦ

2076 4456 2324 4529 ἁμαρτίᾳ
2373 4457 2760 4510 ἀποθανεῖται·
2811 4474 2831 4509 ι
2875 4456 2972 4510 καὶ
3016 4454 3104 4508 διὰ
3159 4454 3431 4523 Ἐζεκιὴλ’
3484 4471 3502 4505 ι
3554 4454 3645 4511 Τίς

2073 4545 2203 4615 ὑμῖν
2244 4546 2528 4618 παραϐολὴ
2573 4546 2712 4617 αὕτη
2744 4546 3032 4615 λεγόντων·
3070 4547 3134 4599 Οί
3164 4545 3403 4615 πατέρες
3449 4544 3646 4613 ἔφαγον

2073 4636 2351 4707 δμφακας,
2386 4639 2483 4693 καὶ
2511 4641 2558 4693 oi
2603 4640 2815 4703 ὀδόντες
2854 4640 2963 4693 τῶν
2996 4640 3125 4693 υἱῶν
3166 4638 3527 4709 αίμοδίασαν;
3565 4638 3646 4691 Ζῶ

2072 4731 2207 4798 ἐγὼ,
2237 4734 2383 4801 λέγει
2403 4736 2605 4807 Κύριος
2636 4736 2664 4787 ὁ
2684 4735 2836 4798 Θεὸς,
2865 4738 2915 4788 εί
2936 4736 3090 4788 ἔσται
3116 4737 3148 4805 ἠ
3176 4735 3458 4805 παραϐολὴ
3484 4733 3640 4804 αὕτη,

2072 4824 2212 4878 ἀλλὰ
2259 4827 2371 4880 τῶν
2413 4830 2697 4897 φαγόντων
2741 4830 2834 4882 τὸν
2872 4829 3097 4898 ὄμφακα
3141 4831 3553 4898 αιμοδιάσουσιν
3598 4829 3643 4880 oi

2070 4915 2319 4980 ὀδόντες·
2372 4920 2453 4972 ὃτι
2507 4922 2678 4977 πᾶσαι
2713 4921 2769 4973 αί
2816 4919 2985 4990 ψυχαὶ
3031 4922 3162 4990 ἐμαί
3208 4923 3336 4974 είσι·
3384 4939 3405 4972 ι
3441 4923 3537 4974 καὶ
3580 4921 3643 4971 τὰ

2071 5008 2198 5080 ἑξῆς
2236 5010 2293 5063 δὲ
2320 5012 2524 5082 ταύτην
2557 5013 2657 5082 τὴν
2693 5012 2903 5066 ἔννοιαν
2932 5015 3064 5084 ἔχει·
3101 5012 3213 5083 ἐγὼ
3241 5013 3299 5066 δὲ
3328 5009 3479 5083 οἶμαι
3514 5012 3641 5083 μᾶλ-

2071 5103 2162 5155 λον
2195 5105 2293 5174 τὴν
2324 5103 2473 5157 θείαν
2509 5105 2922 5177 φιλανθρωπίαν
2951 5105 3235 5177 ἐμφαίνειν
3260 5108 3361 5177 τὴν
3394 5106 3637 5173 ἀπειλήν·

2076 5196 2361 5265 πρόκειται
2400 5198 2541 5270 γάρ·
2580 5217 2599 5251 ι
2638 5202 2751 5263 τοῖς
2792 5198 3011 5271 μισοῦσί
3055 5216 3143 5271 με·
3189 5220 3209 5253 ›
3254 5199 3498 5253 τουτέστι
3538 5215 3639 5268 μα·

484 5350 545 5407 1⁸⁸
571 5374 741 5430 Exod.
775 5392 863 5443 xx,
890 5379 945 5434 5.
1006 5382 1051 5413 ⁸³
1081 5382 1235 5438 Deut.
1271 5402 1419 5456 xxiv,
1462 5392 1547 5446 l6.
1608 5396 1652 5426 ⁸⁵
1684 5394 1885 5451 Ezech.
1918 5412 2033 5451 xvn
2113 5398 2169 5453 2.

1914 5576 2145 5635 NOTAE.

609 5677 683 5760 [is
716 5679 1057 5760 Tlreodoreto
1086 5702 1139 5755 q.
1170 5686 1319 5760 9.7_in
1351 5688 1547 5755 Exod.,
1578 5708 1631 5760 p.
1656 5692 1783 5748 258.

464 5754 579 5820 (Uti)
627 5751 704 5803 Ex
747 5749 1191 5825 Theodoreto'q.
1238 5757 1309 5811 40
1355 5760 1409 5813 in
1444 5749 1615 5815 Exod.
1655 5774 1695 5817 t.
1743 5764 1957 5832 LXXX,
2002 5781 2049 5837 p.
2083 5766 2207 5822 266.
