3902 6212
268 332 404 402 1083

1126 336 1223 395 AD
1262 332 1853 397 AMPHILOCHIUM
1890 330 2237 404 QU/ESTIO
2270 329 2894 412 QCLXV'CCLXVIH.

3393 329 3529 395 1000

267 446 530 520 κροθυμῶ
575 447 690 509 τοῖς
743 446 1014 517 πατράσιν
1069 448 1454 519 ἡμαρτηκόσι·
1510 446 1852 519 μακροθυμεῖ)

1958 445 2139 499 minis.
2171 442 2371 498 Ultima
2404 443 2548 499 enim
2574 443 2739 498 verba
2761 449 2892 498 sunt
2937 460 2957 494 ‹
2982 441 3075 513 qui
3108 442 3343 499 oderunt
3364 447 3472 509 inc,
3505 465 3522 495 ι

264 545 364 598 καὶ⁸
391 542 599 597 παισίν.
634 543 695 595 Εί
723 542 782 595 δὲ
809 543 859 595 οἱ
889 541 1101 610 ἔκγονοι
1130 544 1223 596 καὶ
1251 545 1300 595 oi
1328 546 1587 611 ἀπόγονοι
1608 543 1708 614 τὴν
1734 543 1845 597 τῶν

264 634 552 707 προγόνων
594 632 900 703 ζηλώσαιεν
930 632 1221 704 πονηρίαν,
1256 634 1377 687 τότε
1416 633 1604 698 ἐπάξω
1639 634 1740 704 τὴν
1767 650 1847 686 τι·

268 726 502 798 μωρίαν.
572 744 589 778 t
638 725 814 779 Ποιῶν
858 724 1008 797 γάρ,
1061 726 1252 797 φησὶν,
1290 726 1440 788 ἕλεος
1485 727 1566 789 είς
1602 725 1848 795 χιλιάδας

267 817 364 870 καὶ
414 816 681 887 μυριάδας
730 818 842 881 τοῖς
875 817 1131 885 ἀγαπῶσι
1188 833 1277 888 με.
1329 838 1348 870 ο
1384 815 1549 888 Εὖροι
1587 816 1631 868 δ’
1669 816 1735 872 ἀν
1764 832 1849 879 τις

268 908 364 959 καὶ
391 906 489 978 τὴν
530 906 772 979 ἱστορίαν
799 907 1113 978 σύμφωνον·
1146 910 1376 983 πέμπτῃ
1402 909 1511 979 γάρ
1538 910 1704 980 γενεᾷ
1726 907 1851 962 ἀνέ-

268 997 445 1066 ϐησαν
485 1001 533 1052 of
584 1000 692 1054 υίοὶ
734 998 950 1071 Ἰσραὴλ
991 1002 1049 1068 ἐξ
1080 1001 1387 1070 Αἰγύπτου·
1427 1001 1563 1055 ἀλλά
1593 1004 1705 1063 τοῖς
1742 999 1849 1053 τῶν

267 1088 583 1156 Αἰγυπτίων
616 1092 675 1144 ὲν
704 1090 964 1161 Αἰγύπτῳ
998 1091 1405 1156 δεδουλευκότες
1438 1089 1579 1154 θεοῖς
1607 1091 1707 1144 οὐκ
1740 1089 1848 1143 ἔτι·

268 1194 369 1231 σαν
392 1178 571 1243 δίκας,
600 1180 724 1232 οὔτε
748 1182 798 1234 οί
818 1181 1055 1252 πατέρες
1069 1181 1249 1235 αὐτῶν
1268 1181 1392 1235 οὔτε
1412 1184 1458 1234 oi
1483 1181 1848 1253 προπάτορες,

268 1266 497 1321 αὐτοὶδὲ
529 1268 873 1338 ζηλώσαντες
895 1269 993 1339 τὴν
1027 1270 1252 1323 ἐκείνων
1283 1269 1537 1325 ἀσέϐειαν
1554 1269 1851 1339 ἐκολάσθη-

271 1372 403 1410 σαν·
440 1356 518 1421 ὡς
569 1358 708 1428 μετὰ
745 1360 1013 1429 τοσαύτην
1059 1361 1384 1432 εὐεργεσίαν
1429 1362 1523 1415 καὶ
1560 1361 1630 1416 τὰ
1683 1362 1850 1433 μυρία

269 1445 526 1516 θαύματα
554 1448 654 1519 τὴν
683 1448 939 1504 ἀσέϐειαν
974 1452 1076 1505 οὐκ
1119 1450 1493 1516 ἐκπτύσαντες
1512 1468 1525 1482 ·
1556 1454 1606 1506 oi
1638 1451 1695 1506 δὲ
1728 1452 1850 1505 τού-

268 1554 378 1590 των
406 1538 597 1603 παῖδες
627 1539 717 1594 τὸν
755 1537 985 1613 Σωτῆρα
1017 1541 1150 1596 Θεὸν
1190 1542 1544 1613 ἠγαπηκότες
1578 1543 1677 1613 τῆς
1719 1560 1854 1613 προ·-

270 1629 495 1699 γονικῆς
544 1630 868 1714 ἀπήλαυσαν
930 1634 1316 1705 ὑποσχέσεως·
1372 1634 1468 1689 καὶ
1523 1635 1739 1706 ὁρῶμεν
1791 1634 1852 1688 τὸ

270 1721 501 1790 ἀψευδὲς
532 1724 631 1795 τῆς
665 1725 802 1796 πρὸς
838 1727 965 1791 τοὺς
996 1728 1238 1798 πατέρας
1273 1727 1651 1799 γεγενημένης
1680 1728 1852 1796 ἐπαγ-

270 1816 477 1882 γελίας·
504 1816 573 1871 τά
599 1817 707 1889 γάρ
730 1819 856 1892 ἔθνη
883 1820 972 1874 διά
996 1820 1091 1875 τοῦ
1124 1821 1438 1893 σπέρματος
1472 1821 1727 1891 Ἀϐραάμ
1750 1821 1851 1890 τῆς

269 1906 522 1977 εὐλογίας
553 1909 873 1982 τετύχηκεν·
907 1913 1095 1985 ἐπειδὴ
1130 1914 1309 1968 τοίνυν
1341 1914 1436 1969 τὸν
1465 1914 1665 1985 μόσχον
1695 1914 1856 1986 ἔμελ-

267 1996 361 2052 λον
391 2003 740 2073 προσκυνεῖν,
768 2003 1093 2074 προαπειλεῖ
1120 2005 1219 2076 τὴν
1255 2006 1553 2076 τιμωρίαν.

797 2206 1131 2261 ΕΡΩΤΠΣΙΣ
1169 2205 1327 2261 ΣΞΖ’.

561 2364 620 2418 Τί
642 2362 773 2417 ἐστι
800 2363 1286 2435 ἐξεικονισμένον
1306 2367 1568 2438 βρέφοςς

1948 537 2135 601 idest,
2203 535 2417 605 patiens
2450 551 2551 607 ego
2604 534 2660 590 in
2690 544 2874 605 patres
2912 544 3258 605 peceatores,
3313 536 3528 605 patiens

1948 630 2078 682 etin
2105 627 2263 681 filios.
2320 626 2380 681 Si
2418 635 2602 681 autem
2630 628 2806 697 prima
2833 626 3185 697 secundaque
3238 628 3530 698 progenies

1949 722 2106 777 avitae
2139 720 2359 777 malitiae
2383 720 2578 776 aemula
2606 719 2791 786 fuerit,
2824 730 2955 776 tunc
2995 720 3081 777 his
3104 734 3296 791 poenas
3324 721 3530 776 itumit-

1953 821 2098 878 tam;
2125 810 2538 880 namque,-dicit
2566 810 2851 877 Dominus,
2893 811 3352 867 «Misericordiam
3386 812 3531 865 facio

1951 903 2009 958 in
2043 903 2208 957 millia
2261 903 2348 958 his
2386 904 2480 973 qui
2529 904 2765 974 diligunt
2791 920 2877 959 me
2900 904 2999 958 ⁸⁵.»
3066 902 3218 969 Quod
3274 905 3532 974 prmserti

1951 1008 2018 1048 ex
2061 994 2285 1049 historia
2312 995 2471 1050 facile
2501 1004 2741 1051 constat.
2785 995 2984 1063 Quinta
3007 999 3153 1051 enim
3180 999 3533 1067 generatione

1953 1085 2050 1140 lilii
2088 1085 2255 1142 Israel
2310 1087 2378 1143 de
2421 1087 2657 1160 Egypto
2730 1091 3133 1157 ascenderunt;
3197 1091 3291 1160 qui
3348 1101 3530 1147 autem

1953 1177 2337 1250 Egyptiornm
2395 1180 2499 1237 diis
2548 1180 2605 1235 in
2654 1179 2900 1253 Egypto
2954 1182 3354 1249 inservierant,
3420 1199 3532 1239 non

1954 1272 2169 1329 multati
2226 1282 2388 1340 sunt,
2440 1288 2617 1345 neque
2670 1283 2855 1345 patres
2914 1290 3129 1342 eorum,
3181 1290 3288 1332 nec
3349 1284 3533 1346 patres

1955 1369 2192 1431 patrum,
2252 1363 2348 1419 sed
2393 1363 2496 1433 ipsi
2555 1378 2745 1434 pinnas
2790 1365 3261 1420 dederuuttemuli
3293 1374 3535 1435 paternae

1956 1453 2273 1522 impietatis.
2319 1454 2414 1523 qui
2453 1464 2573 1523 post
2630 1461 2780 1508 tanta
2815 1454 3105 1522 beneficia,
3162 1464 3394 1526 postque
3425 1465 3532 1511 tam

1954 1545 2127 1600 multa
2183 1544 2428 1618 prodigia
2500 1545 2836 1618 impietatem
2895 1560 3005 1601 non
3067 1557 3409 1618 respuerant.
3469 1550 3537 1602 At

1957 1637 2153 1693 horum
2196 1636 2292 1693 ﬁlii
2342 1645 2631 1710 postquam
2671 1637 3014 1693 Salvatorem
3043 1638 3215 1694 Deum
3255 1650 3532 1705 amarunt,

1958 1727 2024 1783 iis
2053 1726 2204 1785 fruiti
2229 1738 2359 1785 sunt
2394 1743 2517 1800 qua:
2543 1730 2791 1799 patribus
2818 1730 3090 1800 promissa
3108 1738 3285 1796 erant,
3303 1745 3536 1801 quaeque

1956 1819 2059 1890 ipsi
2117 1820 2484 1890 comperimus
2566 1836 2694 1877 vere
2762 1822 3064 1894 majoribus
3154 1826 3536 1896 praenuntiata.

1955 1912 2147 1982 Pepuli
2186 1914 2333 1968 enim
2391 1930 2488 1986 per
2532 1930 2720 1970 semen
2772 1916 3051 1972 Abraham
3100 1918 3535 1973 benedictionem

1953 2002 2331 2069 obtinuerunt,
2351 2012 2634 2075 propterea
2656 2004 2825 2075 igitur
2848 2005 2994 2075 quod
3012 2005 3237 2061 vitulum
3260 2003 3539 2059 adoraturi

1952 2106 2160 2163 essent,
2194 2097 2332 2153 tales
2363 2097 2507 2154 Deus
2529 2112 2721 2169 poenas
2742 2098 3008 2153 minatur.

2024 2187 2354 2254 QUIESTIO
2386 2187 2659 2245 CCLXVII
2690 2188 2886 2262 [Οοὶει.
2929 2188 3262 2257 CCXXXVI,
3299 2190 3466 2247 Taur.

2592 2281 2921 2355 ecexxvy

2241 2376 2383 2443 Quid
2414 2377 2485 2432 sit
2520 2377 2871 2447 informatum
2904 2378 3041 2447 [elus
3085 2378 3195 2449 (67)
3229 2379 3253 2430 ?
3288 2370 3303 2382 ’

1146 2479 1285 2531 Edita
1312 2495 1340 2530 a
1373 2482 1497 2534 Maio
1530 2486 1586 2551 (Ι.
1621 2500 1665 2536 c.
1701 2500 1749 2550 p.
1784 2490 1890 2555 150,
1923 2505 1974 2555 q.
2010 2486 2143 2553 276).
2169 2514 2232 2524 -
2262 2487 2421 2539 Exod.
2456 2502 2559 2551 χιι,
2584 2488 2664 2537 22.

341 2563 480 2617 Φασὶ
532 2562 629 2621 τοῦ
674 2563 925 2637 σώματος
967 2568 1025 2620 ὲν
1074 2571 1140 2640 τῇ
1179 2570 1363 2642 μήτρᾳ
1406 2572 1849 2641 διαπλασθέντος,

272 2656 396 2709 τότε
434 2658 810 2729 ἐμψυχοῦσθαι
843 2662 903 2716 τὸ
943 2662 1213 2735 ἔμϐρυον·
1252 2666 1347 2721 καὶ
1388 2668 1496 2741 γάρ
1532 2671 1625 2725 καὶ
1657 2672 1717 2727 τὸ
1757 2672 1851 2727 τοῦ

287 2747 461 2818 Ἀδὰμ
492 2749 653 2821 σῶμα
694 2752 961 2825 πρότερον
1014 2755 1306 2812 διέπλασεν
1340 2761 1369 2813 ό
1408 2760 1577 2826 Θεὸς,
1605 2756 1727 2817 εἶτα
1765 2766 1851 2818 ὲν-

274 2840 518 2914 εςρύσησε
586 2843 684 2912 τὴν
743 2845 947 2917 ψυχήν·
980 2848 1192 2903 κελεύει
1241 2850 1424 2905 τοίνυν
1474 2855 1502 2907 ό
1554 2855 1855 2927 νομοθέτης

278 2932 531 3001 γυναικὸς
579 2934 880 3007 ἐγκύμονος
916 2940 975 2992 ἐν
1013 2939 1164 3013 μάχῃ
1205 2941 1578 3016 ἀμϐλωσάσης
1602 2985 1619 3011 ,
1653 2947 1702 3000 εί
1754 2948 1854 3019 μὲν

275 3027 731 3103 ὲξεικονισμένον,
773 3036 1020 3091 τουτέστι
1077 3042 1513 3112 μεμορφωμένον
1539 3042 1747 3109 ἐξέλθοι
1795 3046 1857 3099 τὸ

278 3120 512 3192 βρέῃος,
558 3124 717 3195 φόνον
750 3127 1033 3184 καλεῖσθαι
1073 3131 1170 3187 καὶ
1214 3134 1375 3203 φόνου
1423 3134 1582 3207 δίκην
1631 3138 1856 3210 ὑπέχειν

275 3213 373 3266 τὸν
399 3214 728 3286 δεδρακότα·
757 3218 826 3273 ἂν
861 3221 920 3274 δὲ
955 3222 1059 3293 μὴ,
1091 3224 1253 3292 φόνου
1308 3225 1410 3297 μὲν
1454 3228 1753 3298 ἀφίεσθαι·
1794 3233 1854 3287 οὐ

278 3304 387 3373 γὰρ
415 3305 656 3378 ἔμψυχον
685 3308 1007 3382 aequaeua
1026 3328 1039 3342 ·
1080 3310 1285 3383 ζημίαν
1317 3314 1375 3368 δέ
1407 3334 1529 3370 τινα
1558 3318 1747 3373 τίνειν.

809 3604 1138 3660 ΕΡΩΉΙΣΙΣ
1160 3606 1325 3663 ΣΞΙΡ.

360 3772 479 3842 Τὴν
498 3775 744 3847 σκηνὴν
767 3780 825 3833 τί
845 3778 1071 3847 δήποτε
1096 3782 1374 3853 γενέσθαι
1399 3784 1807 3853 ποοσέταξεν;

2027 2577 2198 2631 Aiunt
2221 2574 2445 2646 quidam
2476 2573 2933 2643 corporicstatim
2962 2582 3126 2644 atque
3149 2573 3204 2628 in
3238 2582 3395 2630 utero
3422 2572 3536 2629 for-

1956 2677 2156 2733 matur,
2204 2667 2443 2721 animam
2467 2661 2661 2720 afﬂari.
2727 2662 2940 2718 Etenim
2977 2678 3179 2735 corpus
3207 2664 3380 2720 Adam
3421 2666 3537 2734 pri-

1956 2777 2105 2815 mum
2160 2758 2418 2815 formavit
2463 2757 2608 2813 Deus
2637 2796 2653 2822 ,
2736 2755 2934 2813 deinde
2980 2756 3213 2813 immisit
3273 2759 3537 2814 animam.

1956 2853 2207 2924 Pracipit
2236 2850 2697 2924 igiturlegislator
2738 2868 2749 2904 :
2790 2848 2848 2904 Si
2885 2849 3083 2906 mulier
3118 2851 3365 2920 quaedam
3397 2866 3535 2921 pra!-

1957 2964 2151 3019 gnans,
2182 2947 2325 3003 inter
2348 2944 2636 3000 rixandum
2666 2957 2945 3015 percussa,
2976 2942 3287 2998 abortivum
3318 2943 3537 3013 quidem

1952 3039 2183 3104 fecerit,
2240 3040 2401 3108 idque
2462 3038 2576 3108 jam
2630 3035 3007 3101 informatum,
3058 3034 3112 3090 id
3161 3044 3246 3092 est
3300 3037 3538 3106 quadam

1954 3142 2209 3203 suscepta
2225 3130 2464 3187 hominis
2486 3130 2660 3184 forma
2689 3129 2904 3196 exierit,
2940 3126 3229 3183 habebitur
3266 3127 3538 3182 homicida

1957 3242 2127 3302 utque
2176 3228 2446 3285 homicida
2491 3229 2746 3299 punietur
2789 3225 3056 3282 facinoris
3133 3224 3375 3280 molitor.
3444 3222 3537 3278 Sin

1956 3326 2134 3391 aliter,
2170 3338 2298 3379 reus
2326 3322 2393 3377 de
2419 3322 2569 3377 crede
2592 3321 2813 3391 quidem
2858 3318 3204 3383 absolvatur,
3240 3332 3350 3372 non
3390 3316 3533 3371 enim

1880 3397 1927 3460 (ἶ
1961 3418 2118 3473 vivus
2152 3415 2335 3471 infans
2362 3424 2550 3479 partus
2600 3414 2726 3477 erit,
2762 3410 2858 3467 sed
2882 3410 3121 3482 quadam
3165 3419 3348 3466 tamen
3378 3425 3538 3480 poena

1962 3508 2307 3562 multabitur.

2026 3597 2356 3665 QUIESTIO
2399 3593 2699 3651 CCLXVIII
2747 3592 2943 3665 [CoisL
2994 3590 3232 3659 CLXXI,
3273 3591 3440 3647 Taur.

2629 3686 2863 3760 CLXXL

1957 3782 2080 3848 Qua
2136 3782 2200 3834 de
2252 3797 2416 3835 causa
2482 3779 2889 3834 tabernaculum

2953 3779 3073 3847 ﬁeri
3119 3780 3257 3833 Deus
3292 3781 3541 3848 praescri-

2582 3851 2742 3921 pserit
2774 3848 2911 3919 (68).

798 3953 939 4005 Edita
962 3970 989 4006 a
1022 3956 1145 4008 )laio
1178 3960 1231 4021 (l.
1266 3974 1309 4012 c.
1341 3977 1389 4025 p.
1422 3964 1645 4025 151-135,
1676 3979 1727 4028 q.
1758 3966 1891 4023 277).
1925 3994 1985 4005 —
2018 3969 2091 4018 De
2116 3966 2455 4019 tabernaculo.
2489 3966 2646 4017 Exod.
2670 3978 2802 4028 m1,
2830 3967 2853 4017 l
2888 3980 2994 4029 seq.

350 4032 517 4098 Αὐτὸς
538 4034 568 4086 ὁ
590 4034 725 4101 Θεὸς
756 4040 935 4093 αἰτίαν
955 4041 1244 4113 δεδήλωκε.
1283 4066 1300 4098 ι
1336 4049 1445 4102 Καὶ
1469 4052 1720 4122 ποιήσεις
1748 4053 1853 4125 γόιε⁸

278 4142 392 4195 μοι,
415 4126 612 4197 φησὶν,
650 4128 917 4198 ἁγίασμα,
966 4136 1059 4197 καὶ
1088 4135 1400 4209 ὀφθήσομαι
1447 4142 1506 4196 ὲν
1543 4143 1676 4214 ύμῖν
1699 4161 1714 4176 ·
1761 4147 1857 4201 καὶ

276 4215 539 4287 ποιήσειςΔ
573 4219 721 4273 κατὰ·
752 4222 934 4276 πάντα
971 4224 1073 4278 ὅσα
1123 4225 1233 4295 ἐγὼ
1261 4228 1512 4302 δείκνυμί
1548 4249 1631 4287 σοι
1680 4236 1739 4287 ὲν
1779 4234 1859 4304 τῷ

272 4305 415 4375 ὄρει,
447 4307 508 4360 τὸ
543 4310 893 4383 παράδειγμα
922 4314 1028 4385 τῆς,
1052 4319 1258 4389 σκηνῆς
1289 4321 1383 4373 καὶ
1410 4322 1471 4375 τὸ
1507 4324 1856 4397 παράδειγμα

275 4397 387 4491 τῶν
422 4403 631 4456 σκευῶν
672 4404 862 4474 αὐτῆς.
912 4425 933 4460 ι
986 4399 1201 4481 Ἐπειδὴ
1242 4413 1350 4483 γάρ
1378 4414 1438 4467 ἐν
1465 4414 1544 4484 τῷ
1572 4416 1689 4488 ὄρει
1726 4418 1856 4491 Σινᾷ

276 4488 442 4560 νόμον
468 4492 747 4560 ἐδεδώκει,
783 4497 931 4563 εἰκὸς
957 4499 1014 4553 δὲ
1038 4496 1106 4572 ἦν
1139 4519 1291 4568 τινας
1327 4506 1669 4562 ύποτοπάσαι
1701 4488 1856 4582 περιλ-

276 4582 590 4674 γεγράφθαι
641 4587 706 4641 τὸ
751 4588 942 4657 Θείον,
999 4593 1253 4649 ἐκέλευσε
1302 4598 1557 4666 γενέσθαι
1614 4604 1855 4674 σκηνήν·

276 4672 488 4727 ἐκεῖθεν
529 4677 631 4749 τὴν
674 4679 883 4733 οίκείαν
916 4684 1240 4755 ποιούμενος
1276 4688 1628 4759 ἐπιφάνειαν,
1662 4672 1858 4748 ἐκπαι-

2033 4054 2174 4111 Deus
2208 4057 2325 4125 ipse
2360 4068 2585 4110 causam
2627 4053 2811 4109 attulit
2839 4053 3029 4109 dicens
3058 4072 3072 4109 :
3103 4053 3201 4108 «Et
3227 4052 3399 4109 facies
3430 4052 3539 4109 mei

1956 4148 2426 4214 sanctuarium,et
2445 4147 2705 4203 habitabo
2732 4148 2788 4202 in
2823 4146 3005 4202 medio
3030 4155 3297 4212 vestrum,
3332 4161 3538 4204 secun-

1955 4240 2084 4295 dum
2113 4242 2392 4311 exemplar
2424 4241 2569 4311 quod
2604 4242 2700 4297 tibi
2730 4242 2787 4296 in
2822 4250 3009 4296 monte
3039 4249 3405 4297 monstratum
3430 4249 3538 4304 est.

1956 4332 2373 4390 similitudinem
2399 4335 2737 4390 tabernaculi
2760 4344 2816 4390 et
2837 4334 3254 4390 similitudinem
3276 4349 3537 4390 vasorum

1956 4427 2008 4480 in
2068 4427 2272 4482 cultum
2322 4426 2441 4498 ejus
2477 4429 2542 4481 κ.
2584 4447 2603 4481 ι
2648 4426 2789 4484 Cum
2855 4428 3002 4484 enim
3055 4428 3107 4482 in
3159 4437 3345 4483 monte
3389 4426 3540 4483 Sinai

1958 4520 2127 4589 !egem
2166 4520 2438 4587 dedisset,
2471 4521 2876 4594 verisimileque
2923 4531 3068 4579 esset
3116 4521 3381 4593 quosdam
3422 4537 3542 4577 ere‘

1959 4611 2168 4668 dituros
2202 4613 2671 4684 circumscriptam
2702 4629 2829 4671 esse
2876 4615 3088 4671 numini
3120 4615 3540 4678 habitationem,

1954 4704 2118 4776 jussit
2184 4705 2302 4763 fieri
2363 4708 2800 4775 tabernaculum,
2850 4709 2998 4764 unde
3051 4709 3268 4779 propria
3331 4723 3396 4764 ac
3448 4723 3543 4778 pc-

276 4765 423 4822 δεύει
455 4769 546 4825 τδν
572 4771 699 4825 λαὸν
728 4772 826 4842 τὴν
852 4774 1156 4833 εὐσέϐειαν.
1187 4778 1399 4851 Ὠσπερ
1427 4781 1535 4853 γάρ
1555 4782 1650 4855 τὴν
1684 4785 1858 4856 ἐπηγ-

1958 4765 2156 4852 culiari
2204 4798 2643 4857 manifestatione
2698 4802 2961 4872 populum
3019 4765 3275 4872 pietatem
3325 4800 3538 4858 doceat.

277 4859 546 4933 γελμένην
595 4866 1011 4938 ἀπειληφότων,
1043 4869 1179 4923 νεὼν
1216 4873 1468 4940 γενέσθαι
1512 4876 1817 4947 προσέταξε
1840 4920 1855 4944 ,

278 4956 373 5009 καὶ
401 4958 496 5021 τὰς
526 4957 677 5024 θείας
708 4960 1051 5034 λειτουργίας
1082 4965 1141 5021 έν
1204 4967 1378 5039 τούτῳ
1406 4970 1654 5039 γίνεσθαι
1686 4990 1858 5044 προσ-

276 5045 490 5113 έταξεν,
518 5048 603 5103 ἵνα
631 5054 707 5122 μὴ
730 5051 901 5118 ἀδεῶς
912 5053 1072 5111 τοῦτο
1086 5056 1323 5127 δρῶντες
1345 5062 1413 5132 τῇ
1437 5062 1544 5116 τῶν
1567 5062 1859 5136 δαιμονίων

277 5141 618 5210 περιπέσωσι
673 5144 895 5220 πλάνῃ,
940 5146 1085 5203 οὕτω
1134 5150 1232 5222 τὴν
1266 5150 1474 5224 ἔρημον
1521 5155 1858 5214 διαϐαίνουσι

279 5234 485 5326 σκηνὴν
532 5238 783 5306 γενέσθαι
837 5244 1174 5312 προσέταξε,
1208 5248 1512 5316 μεταϐῆναι
1562 5255 1652 5306 καὶ
1687 5256 1856 5326 αὐτὴν

273 5324 609 5416 δυναμένους
630 5345 645 5359 ⁸
678 5332 773 5385 κα)⁸
806 5332 1181 5404 άπαιρόντων,
1212 5338 1465 5407 ἡγεῖσθαι
1499 5324 1851 5416 προσέταξεν·

275 5414 364 5468 ἵνα
394 5416 470 5487 μὴ
497 5416 733 5488 ζητῶσιν
763 5423 925 5477 πάλιν
959 5424 1135 5495 θεοὺς,
1167 5430 1217 5482 οἳ
1248 5414 1715 5503 προπορεύσονται
1755 5439 1855 5491 αὐ-

421 5525 465 5556 ⁶³
489 5527 665 5584 Exod.
704 5547 793 5599 xx,
829 5532 881 5588 6.
917 5534 1152 5593 “Exod.
1189 5555 1318 5609 xxv,
1350 5541 1405 5597 8.

1962 4888 2139 4961 thue
2175 4906 2308 4958 nos,
2339 4893 2540 4964 quibus
2576 4894 2847 4965 promissa
2889 4893 3170 4964 persoluta
3218 4901 3369 4960 sunt,
3403 4902 3544 4950 tem-

1958 4982 2106 5053 plum
2154 4983 2354 5040 habere
2405 4985 2571 5055 jussit
2620 4984 2763 5042 Deus
2803 4985 2857 5041 in
2889 5002 3001 5057 quo
3032 4986 3248 5057 liturgia
3289 4983 3539 5056 quaedam

1958 5083 2291 5140 servaretur,
2358 5090 2428 5131 ne
2496 5091 2651 5133 sacra
2696 5078 2906 5148 absque
2950 5076 3254 5133 reverentia
3277 5075 3541 5130 facientes

1960 5165 2118 5222 facile
2145 5167 2200 5223 in
2227 5167 2539 5224 daemonum
2565 5170 2780 5227 insidiis
2799 5171 3123 5226 caderemus
3147 5212 3163 5237 ,
3192 5171 3274 5225 sic
3302 5168 3540 5225 Hebraeis

1958 5258 2233 5315 desertum
2264 5262 2681 5319 transeuntibus
2723 5263 2864 5319 Deus
2915 5263 3249 5334 praescripsit
3290 5274 3351 5317 ut
3391 5270 3541 5317 esset

1959 5349 2408 5419 tabernaculum;
2457 5353 2618 5424 idque
2651 5356 2745 5426 qui
2769 5355 3012 5410 valerent
3044 5364 3415 5426 asportarent,
3450 5364 3537 5409 ut-

1959 5457 2062 5512 que
2090 5454 2433 5514 asportantes
2454 5449 2743 5515 anteirent,
2780 5464 2848 5504 ne
2875 5464 3070 5505 rursus
3088 5449 3184 5521 qui
3206 5464 3272 5505 ex
3297 5448 3539 5506 Hebreis

1807 5637 2038 5697 NOTAE.

273 5803 328 5859 Ρ.
346 5718 578 5845 (ἓξῖσεχ
609 5719 953 5782 Theodoreto
975 5743 1030 5799 q.
1058 5729 1127 5786 48
1146 5732 1199 5786 in
1224 5732 1395 5789 Exod.
1419 5731 1608 5790 Videt.
1634 5731 1847 5799 LXXX,

540 5885 825 5950 Ῥηιὶοῐ..
863 5892 978 5954 Gtt.
1014 5894 1110 5957 Cl.

1958 5737 2163 5881 Ρ.
2192 5739 2267 5796 Ex
2310 5737 2659 5804 Theodoreto
2684 5762 2739 5820 q.
2774 5746 2844 5805 60
2889 5748 2943 5805 in
2987 5746 3161 5804 Exod.
3206 5747 3269 5804 Τ.
3308 5743 3525 5816 LXXX,

3100 5910 3183 5973 33
