3902 6212
433 298 565 364 1091

1601 303 1861 406 ξΙΙΟΤΙΙ
1901 305 2408 369 PATRIARCIL’E
2437 311 2547 373 Cl’.

3568 309 3706 376 1092

430 417 832 489 praecedebant,
882 416 984 472 sibi
1014 417 1146 474 deos
1205 428 1535 488 qumrerent,
1583 429 1774 487 utque,
1806 421 2008 491 populo

2132 422 2240 476 τῶν·
2289 425 2386 478 καλ⁸
2423 424 2797 495 αύλιζομένων
2840 422 3132 478 ἵστασθαι·
3174 418 3287 494 εἶχε
3335 423 3395 477 δέ
3429 423 3570 495 αῦτη
3608 428 3705 494 τῆς

430 511 728 573 assidente,
752 511 1076 567 assiderent.
1120 512 1388 568 Prteterea
1412 513 1574 568 habet
1595 515 2008 571 tabernaculum

430 606 592 675 quasi
653 605 950 661 creationis
992 605 1308 676 imaginem.
1363 605 1436 660 Ut
1491 607 1660 672 enim,
1721 619 2010 679 postquam

431 697 630 753 caelum
659 707 713 752 et
747 706 946 751 terram
978 697 1193 753 fecisset
1227 698 1388 761 Deus,
1423 699 1475 754 in
1515 701 1696 755 medio
1725 701 2016 758 collocavit

437 789 873 853 ﬁrmamentum,
921 805 1032 860 quo
1085 802 1502 846 secernerentur
1543 792 1789 849 coelestia
1841 803 2016 850 terre-

433 882 673 948 stribus,
706 882 852 938 haud
910 882 1089 947 aliter,
1129 892 1414 954 postquam
1457 886 1830 942 sanctuarium
1893 903 2017 944 esse

437 989 606 1049 unum
653 975 1119 1044 praescripsisset,
1165 975 1218 1028 in
1269 974 1452 1030 medio
1507 975 1628 1046 ejus
1675 978 1804 1048 poni
1850 978 2018 1050 jussit

435 1068 614 1123 velum
654 1067 797 1138 quod
820 1077 967 1122 esset
989 1081 1087 1136 pro
1120 1066 1480 1122 ﬁrmamento.
1516 1068 1606 1124 Sic
1636 1085 1761 1126 arca
1796 1071 1850 1126 in
1878 1072 2017 1128 duas

436 1162 612 1219 divisa
645 1169 728 1216 est
761 1169 976 1230 partes;
1018 1169 1225 1229 partem
1265 1169 1446 1215 autem
1479 1178 1600 1231 quae
1623 1163 1780 1233 juxta
1804 1174 2014 1234 portam

435 1263 555 1309 erat
588 1253 956 1308 sanctuarium
984 1252 1294 1322 appellavit,
1322 1254 1631 1310 interiorem
1659 1271 1789 1312 vero
1814 1255 2012 1313 Sancta

438 1354 794 1409 sanctorum;
848 1358 1018 1413 utque
1061 1345 1196 1398 dicit
1252 1345 1417 1399 David
1489 1365 1503 1402 :
1577 1365 1595 1398 ι
1628 1348 1840 1404 Casium
1892 1352 2017 1406 caeli

437 1438 692 1501 Domino,
743 1447 946 1492 terram
989 1447 1170 1491 autem
1217 1439 1365 1493 dedit
1399 1440 1525 1496 liliis
1577 1442 1858 1497 hominum
1888 1445 1955 1509 ⁸⁷,
1994 1464 2012 1497 ι

437 1531 519 1587 sic
577 1529 818 1586 exterior
860 1531 1163 1586 sanctuarii
1193 1546 1322 1602 pars
1337 1532 1464 1587 data
1495 1543 1579 1590 est
1614 1537 2017 1600 sacerdotibus,

439 1624 666 1680 interior
707 1637 836 1679 vero
884 1624 1086 1680 intacta
1141 1625 1425 1694 remansit,
1476 1627 1722 1699 nullique
1777 1646 2016 1701 unquam

439 1719 652 1787 patuit,
725 1718 834 1774 nisi
907 1733 1126 1776 summo
1175 1718 1466 1791 pontiﬁci,
1505 1729 1583 1777 -et
1629 1723 1799 1780 semel
1855 1724 2018 1780 modo

437 1812 753 1881 quotannis.

509 1904 612 1960 llic
644 1913 801 1961 erant
850 1906 1145 1962 simulacra
1193 1905 1487 1962 Cherubim
1541 1908 1634 1978 qui
1671 1908 2021 1980 incorporeas

439 2004 740 2066 potestates
768 1997 1095 2068 ﬁgurabant.
1155 1998 1213 2052 In
1243 1999 1423 2054 medio
1453 2013 1594 2054 arca:
1639 1998 1854 2055 tabulas
1887 2001 2022 2070 legis

443 2091 727 2146 includens
751 2100 804 2146 et
835 2107 1026 2147 urnam
1059 2107 1184 2147 cum
1221 2107 1446 2158 manna,
1479 2100 1530 2146 et
1553 2094 1758 2163 virgam
1787 2092 2024 2150 Aaronis

442 2185 828 2260 germinatam.
859 2181 960 2243 llic
991 2198 1212 2255 quoque
1243 2194 1364 2238 erat
1403 2183 1844 2254 prepitiatorium
1877 2185 2022 2256 quod

441 2273 701 2345 expansis
730 2274 856 2338 alis,
888 2274 1480 2345 tegebantCheruhim.
1521 2273 1645 2330 llaec
1677 2275 1817 2330 inter
1839 2276 2022 2331 omnia

441 2381 502 2421 se
547 2367 692 2423 Detis
731 2365 1138 2422 manifestatum
1177 2367 1398 2422 dabat.‘
1431 2366 1571 2422 Cum
1622 2367 1768 2422 enim
1829 2377 2023 2423 natura

441 2457 625 2512 divina
677 2472 855 2528 neque
895 2472 1161 2526 corporea
1200 2458 1292 2524 sit,
1334 2472 1513 2527 neque
1551 2457 1802 2528 ﬁgurata,
1828 2474 1930 2514 nec
1961 2475 2024 2515 ea

430 2565 670 2621 .prorsus
699 2549 786 2605 cui
818 2549 1016 2606 similis
1055 2551 1235 2622 imago
1264 2557 1533 2612 struatur,
1589 2547 1734 2606 Deus
1771 2553 2027 2621 praecepit

442 2645 680 2702 maxima
740 2644 824 2701 sui
865 2645 1037 2715 ipsius
1065 2646 1299 2715 insignia
1343 2646 1729 2716 repraesentari
1763 2645 2025 2718 symbolis

442 2755 565 2808 quae
601 2739 938 2794 tabernaculi
972 2740 1118 2794 intus
1142 2748 1348 2794 essent.
1408 2741 1620 2797 Indices
1647 2741 1792 2796 enim
1815 2740 2028 2812 legisla-

444 2833 609 2887 tiouis
653 2842 809 2888 erant
844 2832 1075 2898 tabulae;
1134 2833 1426 2888 sacerdotii
1485 2833 1679 2904 virga,
1737 2834 1916 2889 victus
1969 2833 2025 2888 in

437 2931 664 2983 deserto
722 2941 948 2988 manna,
991 2927 1518 2997 prophetiarumque
1549 2927 2025 2998 propitiatorium.

439 3020 573 3076 lude
589 3019 734 3076 enim
759 3019 1072 3090 prophetias
1093 3019 1290 3075 edebat
1323 3021 1490 3076 Deus.
1541 3020 1675 3087 Quae
1709 3020 1878 3090 igitur
1908 3021 2028 3075 velo

2114 515 2344 579 κτίσεως
2368 516 2468 589 τὴν
2492 519 2679 571 εἰκόνα
2696 532 2710 546 ·
2737 517 2929 589 ὥσπερ
2960 516 3069 588 γὰρ
3094 517 3188 570 τὸν
3221 517 3455 587 οὐρανὸν
3479 519 3577 571 καὶ
3608 517 3706 587 τὴν

2115 609 2219 678 γῆν
2243 610 2660 681 δημιουργήσας
2684 609 2713 662 ό
2737 608 2870 671 Θεὸς
2899 609 3064 678 μέσον
3097 607 3295 679 ἔστησε
3323 608 3386 661 τὸ
3416 608 3705 679 στερέωμα

2113 699 2182 756 δι’
2209 699 2377 756 αὐτοῦ
2412 700 2657 772 διορίσας
2681 700 2750 754 τὰ
2783 701 2895 755 ἄνω
2920 700 3031 754 τῶν
3063 700 3235 764 κάτω,
3266 699 3413 754 οὕτω
3443 699 3544 772 τὴν
3569 716 3701 770 σκηι

2115 792 2214 863 νὴν
2248 792 2380 862 μίαν
2410 791 2722 864 προστάξας
2751 791 3034 861 γενέσθαι,
3067 793 3126 846 ἐν
3163 792 3316 862 μέσῳ
3345 790 3707 862 διαταχθῆναι

2118 885 2332 939 κελεύει
2362 885 2424 938 τὸ
2455 885 2872 956 παραπέτασμα
2901 885 2959 939 ἐν
2987 884 3144 955 τύπῳ
3169 882 3264 937 τοῦ
3297 882 3707 954 στερεὼματος·

2119 978 2213 1032 καὶ
2247 977 2314 1031 δι’
2358 977 2522 1032 αὐτοῦ
2563 978 2791 1050 διῄρητο
2830 978 2864 1049 ή
2894 976 3158 1042 κιϐωτός·
3188 976 3287 1030 καὶ
3319 977 3382 1029 τὸ
3414 975 3572 1046 παρὰ
3609 975 3710 1044 τὴν

2124 1069 2296 1142 θύραν
2347 1069 2513 1141 μέρος
2543 1069 2804 1123 ἐκάλεσεν
2853 1070 3005 1139 ἅγια·
3038 1073 3100 1122 τὸ
3159 1068 3217 1121 δέ
3248 1067 3342 1121 τοῦ
3382 1068 3712 1138 παραπετά·

2123 1181 2331 1236 σματος
2357 1163 2527 1227 ἔνδον,
2548 1165 2718 1232 ’Ἅγια
2735 1163 2926 1233 ἁγίων·
2948 1163 3043 1217 καὶ
3062 1162 3252 1232 ὥσπερ
3281 1161 3432 1231 λέγει
3459 1163 3488 1214 ὁ
3518 1160 3710 1214 Δαϐίδ·

2130 1275 2149 1308 ι
2198 1255 2258 1310 '0
2303 1256 2533 1328 οὐρανὸς
2581 1256 2675 1308 τοῦ
2715 1254 2950 1327 ούρανοῦ
2999 1254 3078 1323 τῷ
3127 1255 3340 1326 Κυρίῳ,
3378 1254 3561 1325 τὴνδὲ
3609 1255 3715 1323 γῆν

2124 1350 2295 1404 ἔδωκε
2321 1352 2434 1414 τοῖς
2467 1351 2606 1412 υἱοῐς
2633 1350 2742 1403 τῶν
2770 1347 3106 1420 ἀνθρώπων,
3149 1367 3168 1399 ι
3205 1345 3348 1400 οὓτω
3380 1347 3479 1400 καὶ
3509 1345 3574 1398 τὸ
3609 1347 3718 1410 ἐξω

2124 1442 2222 1514 μὲν
2253 1441 2349 1496 τοῦ
2383 1440 2884 1510 καταπετάσματος
2921 1441 3196 1511 εἱσητιτὸν
3233 1434 3302 1510 ἦν
3329 1440 3444 1502 τοῖς
3478 1436 3713 1508 ἱερεῦσι,

2119 1537 2188 1591 τά
2211 1535 2266 1589 δὲ
2299 1533 2446 1589 ἔνδον
2473 1533 2728 1604 άψαυστα
2751 1528 2820 1604 ἦν
2849 1533 2947 1586 καὶ
2973 1533 3162 1588 ἄδυτα·
3190 1532 3281 1586 τὸν
3307 1531 3574 1604 ἀρχιερέα
3604 1532 3718 1602 γὰρ

2125 1630 2284 1701 μόνον
2315 1626 2462 1693 ἅπαξ
2493 1627 2588 1680 τοῦ
2623 1626 2777 1691 ἔτους
2805 1625 2971 1698 νόμος
2999 1621 3068 1698 ἦν
3100 1627 3350 1696 εἱσιέναι.

2192 1913 2302 1970 ἾΙν
2330 1914 2388 1969 δέ
2415 1917 2534 1969 ἐκεῖ
2561 1913 2631 1969 τὰ
2665 1914 2776 1969 τῶν
2807 1915 3092 1987 Χερουϐὶμ
3123 1913 3506 1985 είκονίσματα,
3545 1911 3721 1965 τύπον

2123 2008 2231 2062 τῶν
2253 2008 2563 2078 ἀσωμάτων
2588 2007 2874 2079 δυνάμεων
2907 2007 3195 2079 ἐπέχοντα·
3231 2008 3290 2061 ἐν
3320 2007 3476 2077 μέσῳ
3504 2005 3564 2058 δέ
3588 2004 3720 2057 τού-

2123 2113 2232 2153 των
2272 2099 2305 2168 ή
2341 2097 2574 2161 κιϐωτὸς
2619 2096 2719 2162 τὰς
2767 2095 2983 2160 πλάκας
3013 2095 3216 2166 ἔχουσα
3260 2095 3355 2148 τοῦ
3392 2095 3591 2166 νόμου,
3628 2097 3722 2148 καὶ

2123 2188 2222 2259 τὴν
2254 2188 2492 2259 στάμνον
2521 2186 2616 2241 τοῦ
2652 2187 2850 2256 μάννα,
2879 2187 2978 2240 καὶ
3005 2186 3106 2257 τὴν
3141 2185 3340 2256 ῥάϐδον
3371 2181 3594 2256 Ἀαρὼν
3619 2184 3722 2251 τὴν

2127 2280 2540 2352 βλαστήσασαν·
2587 2279 2842 2333 ἐπέκειτο
2871 2278 2929 2332 δὲ
2967 2280 3104 2349 αύτῇ
3151 2277 3212 2331 τὸ
3252 2275 3572 2346 ἱλαστήριον
3601 2278 3724 2338 ταῖς

2127 2373 2354 2446 πτέρυξι
2393 2373 2502 2427 τῶν
2545 2372 2830 2445 Χερουϐὶμ
2862 2371 3226 2442 σκιαζόμενον
3247 2387 3261 2402 ·
3305 2370 3362 2425 ἐν
3393 2368 3574 2440 τούτῳ
3601 2368 3660 2422 δέ
3693 2369 3724 2421 ό

2124 2467 2232 2521 τῶν
2280 2467 2418 2521 ὃλων
2461 2466 2594 2531 Θεὸς
2642 2467 2741 2539 τὴν
2788 2467 2999 2520 οἰκείαν
3050 2465 3380 2535 ἐπιφάνειαν
3439 2465 3722 2517 ἐποιεῖτο·

2126 2559 2316 2633 ἐπειδὴ
2353 2560 2463 2632 γὰρ
2492 2561 2526 2629 ή
2560 2559 2680 2613 θεία
2718 2559 2880 2630 φύσις
2911 2559 3152 2624 άνείδεός
3179 2576 3240 2612 τε
3286 2559 3380 2612 καὶ
3409 2557 3725 2628 ἀσχημάτι-

2129 2669 2286 2718 στος,
2315 2652 2408 2705 καὶ
2437 2653 2538 2723 τῆς
2578 2651 2836 2724 τοιαύτης
2876 2651 3062 2714 οὐσίας
3093 2650 3312 2714 εἰκόνας
3353 2645 3725 2718 τεκτῄνασθαι

2129 2746 2481 2801 παντάπασιν
2507 2745 2794 2812 ἀδύνατον,
2818 2745 2886 2799 τὰ
2910 2743 3154 2815 σύμϐολα
3182 2743 3290 2796 τῶν
3315 2741 3597 2814 μεγίστων
3628 2741 3724 2792 αὐ-

2129 2839 2237 2892 τῶν
2283 2837 2504 2910 δωρεῶν
2553 2837 2701 2893 ἔνδον
2734 2839 2950 2893 κεῖσθαι
2981 2838 3339 2910 προσέταξεν·
3385 2839 3441 2890 al
3473 2835 3580 2906 μὲν
3619 2835 3727 2902 γὰρ

2130 2931 2338 2995 πλάκες
2369 2932 2471 3003 τὴν
2511 2932 2837 3003 νομοθεσίαν
2871 2933 3096 3004 ἐδήλουν
3119 2947 3135 2960 ·
3171 2931 3282 3004 τὴν
3318 2929 3630 3000 ἱερωσύνην
3671 2927 3728 2978 δὲ

2129 3026 2163 3097 ἧ
2196 3026 2411 3097 ῥάϐδος·
2445 3025 2507 3080 τὺ
2552 3026 2610 3080 δέ
2645 3025 2821 3098 μάννα
2846 3025 2947 3097 τὴν
2977 3026 3036 3079 ἐν
3068 3025 3260 3096 ἐρήμῳ
3290 3022 3535 3092 τροφήν·
3583 3017 3648 3071 τὸ
3674 3018 3729 3069 δέ

444 3114 595 3170 intus
623 3112 843 3169 fuerant
867 3113 1158 3182 collocata,
1194 3114 1440 3170 ccelestia
1471 3113 1802 3180 referebant,
1833 3123 1886 3170 et
1907 3114 2027 3170 ideo

2132 3137 2197 3190 γε
2229 3120 2539 3192 ἱλαστήριον
2566 3119 2669 3190 τῆς
2692 3119 3034 3192 προφητείας
3067 3110 3436 3216 σύμϐολον.ῆν
3464 3131 3479 3145 ·
3505 3113 3726 3210 ἐκεῖθεν

443 3220 574 3274 pars
603 3205 695 3261 illa
729 3204 931 3260 Sancta
951 3214 1266 3261 sanctorum
1290 3205 1688 3275 appellabatur.
1711 3205 1826 3260 Hoc
1841 3206 2032 3260 beatus

448 3299 650 3354 Paulus
682 3307 914 3354 testatur
943 3299 1132 3354 dicens
1187 3315 1202 3352 :
1248 3318 1289 3351 Ὶ
1319 3297 1436 3352 Non
1462 3298 1608 3353 enim
1635 3297 1688 3352 in
1717 3296 2033 3353 manufacta

447 3397 640 3443 sancta
667 3387 828 3443 Jesus
867 3388 1117 3443 introivit
1159 3387 1494 3458 exemplaria
1530 3402 1810 3452 verorum,
1848 3387 1944 3443 sed
1979 3388 2034 3442 in

446 3482 627 3549 ipsum
667 3478 954 3534 coelum“.
1015 3497 1034 3532 ι
1075 3478 1208 3544 Quae
1262 3479 1444 3533 autem
1483 3478 1622 3534 citra
1652 3479 1832 3533 velum
1856 3487 2034 3541 erant,

445 3571 721 3627 terrestria
769 3572 1262 3642 ‘reprmsentabant.
1301 3570 1401 3626 Hic
1419 3580 1558 3634 erat,
1598 3570 1822 3627 australi
1861 3580 2037 3642 parte,

444 3663 840 3720 candelabrum
893 3674 1097 3732 septem
1158 3679 1224 3717 ex
1280 3661 1578 3718 hastilibus
1632 3672 1930 3728 constans,
1977 3669 2034 3717 et

451 3771 621 3827 super
669 3756 1058 3811 candelabrum
1117 3757 1356 3810 lucernae
1393 3765 1626 3826 septem,
1659 3765 1866 3826 septem
1899 3756 2033 3810 beb—

447 3848 836 3904 domadisdics
877 3848 1206 3920 ﬁgurabant.
1267 3848 1346 3902 Ex
1391 3848 1598 3904 boreali
1639 3858 1814 3919 parte,
1867 3863 2032 3902 aurea

451 3957 637 3996 mensa
671 3958 838 4011 supra
862 3958 1052 4012 quam,
1082 3941 1172 3995 llci
1206 3941 1390 4011 jussu,
1417 3957 1586 4012 panes
1615 3941 2034 4012 imponebantur

448 4037 764 4100 duodecim,
800 4051 1090 4105 auremque
1121 4035 1319 4105 phialae
1352 4034 1530 4088 thuris
1577 4044 1633 4088 et
1662 4033 1794 4089 salis
1839 4033 2031 4102 plenae.

448 4129 596 4184 Inter
627 4128 1016 4184 candelabrum
1045 4138 1098 4182 et
1132 4142 1378 4183 mensam
1394 4126 1567 4181 altare
1585 4141 1652 4181 ex
1670 4141 1809 4181 auro
1835 4127 2032 4181 stabat.

449 4221 578 4280 llmc
617 4221 893 4277 ordinatio
949 4234 1071 4278 erat
1118 4220 1398 4276 fructuum
1452 4235 1594 4290 quos
1643 4219 1857 4275 homini
1891 4231 2034 4276 terra

449 4312 673 4382 praebet.

2131 3212 2242 3282 γὰρ
2271 3212 2328 3266 αἱ
2364 3212 2700 3285 προρρήσεις
2731 3209 3007 3278 ἐγίνοντο·
3046 3208 3132 3262 τὰρ
3161 3209 3262 3278 μέν
3300 3200 3395 3260 οὖν
3432 3204 3592 3258 ἔνδον
3633 3201 3728 3254 τοῦ

2133 3303 2652 3375 καταπετάσματος,
2681 3303 2793 3356 τῶν
2833 3301 3103 3374 οὐρανίων
3134 3297 3249 3372 εἶχε
3286 3298 3480 3353 τύπον·
3511 3296 3602 3352 διὸ
3635 3296 3731 3349 καὶ

2135 3396 2302 3464 Ἅγια
2329 3397 2438 3450 τῶν
2467 3397 2639 3466 ἁγίων
2655 3395 2972 3468 ὠνόμαστο·
3010 3395 3281 3466 μαρτυρεῖ
3306 3393 3364 3447 δὲ
3395 3390 3558 3445 τοῦτο
3586 3390 3684 3444 καί
3703 3391 3731 3441 ὁ

2139 3489 2411 3561 μακάριος
2449 3489 2664 3555 Παῦλος
2696 3489 2871 3559 λέγων
2900 3505 2914 3520 ·
2947 3507 2966 3540 ι
2998 3489 3073 3542 Οὐ
3106 3488 3218 3559 γὰρ
3259 3488 3338 3550 εἰς
3369 3482 3731 3556 χειροποίητα

2139 3579 2272 3646 ἅγια
2303 3579 2550 3650 εἰσῆλθεν
2593 3583 2622 3634 ὁ
2659 3579 2895 3650 Χριστὸς
2939 3579 3209 3636 ἀντίτυπα
3254 3577 3364 3630 τῶν
3413 3574 3729 3645 ἀληθινῶν,

2130 3670 2245 3726 ἀλλ’
2269 3673 2350 3737 εἱς
2378 3673 2542 3727 αὐτὸν
2570 3673 2661 3727 τὸν
2693 3671 2944 3743 οὐρανόν·
2995 3690 3014 3725 ι
3045 3671 3117 3724 τά
3148 3671 3207 3724 δὲ
3237 3671 3433 3723 τούτου
3469 3668 3628 3731 ἐντὸς
3656 3667 3734 3719 εἱ-

2131 3763 2262 3818 κόνα
2292 3764 2458 3836 ἔφερε
2489 3764 2598 3818 τῶν
2623 3765 2886 3835 ἐπιγείων
2906 3779 2923 3796 ⁸
2948 3759 3060 3836 εἶχε
3085 3764 3142 3818 δέ
3167 3762 3339 3818 ταῦτα
3369 3761 3600 3832 λυχνίαν
3635 3759 3732 3827 μὲν

2131 3856 2191 3910 ἐν
2227 3856 2307 3928 τῷ
2337 3855 2497 3926 νοτίῳ
2529 3857 2687 3928 μέρει
2716 3857 3094 3924 ἐπτάκαυλον,
3141 3855 3465 3926 ἰσαρίθμους
3497 3852 3733 3922 ἔχουσαν

2133 3946 2360 4019 λύχνους
2398 3948 2816 4019 ἐπικειμένους·
2847 3947 3072 4021 ἐδήλουν
3103 3948 3160 4003 δέ
3185 3941 3333 4002 οὗτοι
3365 3945 3474 3999 τῶν
3504 3943 3733 4016 ἡμερῶν

2133 4038 2233 4109 τῆς
2264 4039 2559 4111 ἑϐδομάδος
2587 4041 2679 4095 τὸν
2719 4039 2973 4111 ἀριθμόν·
3006 4038 3292 4111 τράπεζαν
3329 4037 3388 4092 δὲ
3433 4037 3494 4090 ἐν
3527 4035 3613 4106 τῷ
3648 4033 3733 4104 βο-

2137 4131 2268 4201 ρείῳ
2304 4132 2512 4204 χρυσῆν
2531 4171 2546 4197 ,
2577 4133 2668 4202 ἐφ’
2701 4127 2769 4204 ἧς
2801 4133 3003 4204 ἄρτους
3032 4119 3336 4201 προσέταξε
3363 4127 3730 4202 προσκεῖσθαι

2134 4222 2495 4290 δυοκαίδεκα,
2527 4225 2624 4278 καὶ
2664 4223 2862 4294 φιάλας
2901 4225 3112 4295 χρυσᾶς
3146 4224 3378 4294 πλήρεις
3422 4217 3730 4275 λιϐανωτοῦ

2137 4314 2234 4368 καὶ
2276 4314 2443 4370 ἁλῶν·
2490 4318 2549 4371 ἐν
2598 4316 2656 4370 δέ
2690 4315 2769 4387 τῷ
2809 4316 2960 4388 μέσῳ
2999 4314 3101 4385 τῆς
3137 4331 3198 4366 τε
3241 4313 3466 4384 λυχνίας
3495 4312 3597 4366 καὶ
3634 4311 3732 4380 τῆς

447 4409 752 4481 τραπέζης,
782 4407 1021 4480 ,χρυσοῦν
1051 4408 1232 4462 ἔκειτο
1263 4407 1673 4480 θυσιαστήριον·
1703 4405 1880 4461 ταῦτα
1903 4407 1948 4461 δ’
1978 4403 2046 4480 ῆν
2088 4410 2444 4483 συντάγματα
2489 4412 2599 4466 τῶν
2639 4412 2746 4467 άπὸ
2778 4414 2882 4484 γῆς
2953 4413 3068 4476 τοῖς
3137 4411 3448 4484 ἀνθρώποις
3490 4409 3731 4481 δεδωρη-

453 4501 629 4570 μένων
655 4501 906 4569 καρπῶν.

521 4588 756 4650 ὶΕιιευη]
794 4603 980 4648 autem
1018 4594 1190 4649 altare
1219 4596 1284 4649 ad
1344 4596 1488 4666 quod
1519 4596 1754 4653 victimae
1804 4597 2027 4653 adduce-

2221 4596 2333 4670 Πρὸ
2363 4597 2420 4651 δὲ
2449 4596 2548 4667 τῆς
2582 4599 2788 4669 σκηνῆς
2819 4595 2924 4662 ἔξω
2952 4595 3014 4650 τὸ
3045 4594 3282 4667 χαλκοῦν
3306 4593 3731 4664 θυσιαστήριον,

450 4690 674 4750 bantur,
725 4703 910 4742 curam
955 4687 1335 4754 tabernaculo,
1372 4687 1511 4744 foris
1555 4689 1851 4756 exstabat;
1894 4689 2039 4745 unde

450 4779 804 4851 perspicuum
859 4791 944 4834 est
976 4781 1090 4834 hmc
1135 4795 1542 4849 supervacanea
1592 4782 1783 4848 fuisse,
1821 4781 2043 4853 Deoque

451 4873 769 4945 injucunda.
796 4872 924 4928 llaec
948 4874 1169 4943 operari
1202 4888 1359 4928 sacra
1385 4872 1528 4929 Deus
1546 4877 1820 4931 concessit
1839 4874 2043 4932 Iudaeis

451 4965 522 5019 ob
549 4980 742 5020 eorum
769 4965 1172 5031 inﬁrmitatem,
1229 4966 1324 5020 sed
1366 4965 1546 5021 solum
1581 4975 1738 5022 extra
1793 4969 2046 5023 taberna-

453 5059 662 5123 culum,
691 5058 837 5114 velut
869 5057 1222 5114 interioribus
1249 5073 1358 5115 non
1382 5059 1716 5126 necessaria,
1737 5075 1838 5116 nos
1863 5070 2045 5116 autem

454 5150 722 5205 solemnia
747 5159 937 5206 nostra
964 5150 1326 5206 interioribus
1345 5151 1727 5222 exsequimur,
1759 5151 1872 5208 Deo
1897 5153 2045 5218 thus,

451 5243 919 5314 lucernarumque
998 5241 1301 5308 ﬂammam,
1367 5253 1422 5299 et
1486 5245 1780 5316 mysticum
1844 5261 2047 5302 mensa:

453 5335 746 5392 oﬁ‘erentes
781 5335 1134 5390 sacriﬁcium.
1193 5335 1503 5405 Longitudo
1535 5336 1873 5393 tabernaculi
1901 5333 2047 5392 'erat

453 5429 674 5498 triginta
705 5428 1043 5493 cubitorum,
1086 5429 1320 5484 latitudo
1351 5428 1565 5493 decem,
1608 5429 1755 5501 quod
1807 5430 2036 5486 educere

449 5522 612 5577 facile
643 5531 747 5587 est,
775 5536 902 5576 nam
939 5521 1134 5591 viginti
1163 5521 1376 5578 tabulas
1407 5539 1535 5592 pars
1569 5523 1830 5580 australis
1864 5523 2034 5578 liabe-

448 5612 560 5678 bat,
598 5622 652 5666 ct
678 5610 903 5666 totidem
935 5609 1196 5666 borealis.
1231 5611 1472 5669 Tabulas
1491 5615 1670 5669 caeteri
1709 5615 2036 5685 interpretes

447 5703 734 5760 columnas
754 5703 1116 5774 appellarunt.
1151 5701 1288 5758 Cum
1339 5720 1465 5760 vero
1487 5721 1832 5777 unaquaeque
1853 5705 2035 5761 tabula

533 5817 578 5849 ⁸⁷
602 5815 743 5872 Psal.
779 5831 937 5885 cxxn,
969 5816 1055 5871 16.
1105 5816 1149 5848 ⁸⁸
1177 5815 1342 5871 Hebr.
1381 5816 1571 5882 11,24.

2137 4691 2200 4743 τὸ
2248 4690 2318 4743 τὰ
2371 4690 2792 4761 προσφερόμενα
2840 4689 3131 4760 δεχόμενον
3180 4687 3434 4758 θύματα·
3479 4685 3634 4754 δηλοῖ
3676 4685 3734 4738 δὲ

2141 4782 2298 4836 τοῦτο
2337 4783 2570 4854 περιττὰ
2599 4778 2738 4836 εἶναι
2769 4782 2943 4836 ταῦτα
2982 4783 3075 4836 καὶ
3118 4781 3192 4852 μὴ
3226 4780 3434 4853 ἀρεστά
3459 4778 3539 4850 τῷ
3589 4778 3731 4850 Θεῷ·

2143 4875 2267 4929 ὅθεν
2317 4877 2687 4930 ἐπιτελεῖσθαι
2731 4876 2831 4947 μὲν
2876 4876 3017 4930 αὐτὰ
3065 4874 3444 4946 συνεχώρησεν
3499 4873 3590 4926 διά
3637 4873 3732 4942 τὴν

2158 4968 2430 5023 Ἰουδαίων
2455 4969 2765 5033 ἀσθένειαν,
2796 4969 2900 5034 ἔξω
2921 4970 2978 5022 δέ
3010 4968 3216 5040 σκηνῆς
3241 4969 3315 5031 ὼς
3337 4967 3440 5020 οὐκ
3461 4969 3732 5034 ἀναγκαῖα

2149 5061 2263 5124 τοῖς
2292 5060 2473 5115 ἔνδον·
2520 5062 2684 5131 ἡμεῖς
2711 5059 2768 5113 δὲ
2806 5061 2907 5132 τήν
2948 5061 3062 5123 τοῖς
3096 5058 3246 5113 ἔνδον
3291 5057 3731 5128 ἀπονεμηθεῖσαν

2147 5153 2491 5227 λειτουργίαν
2519 5153 2880 5224 ἐπιτελοῦμεν
2897 5169 2911 5184 ⁸
2941 5152 3197 5224 θυμίαμα
3217 5152 3326 5224 γάρ
3349 5152 3443 5206 καὶ
3463 5150 3732 5221 λυχνιαῖον

2146 5247 2265 5316 φῶς
2317 5247 2706 5319 προσφέρομεν
2739 5246 2818 5318 τῷ
2863 5245 2984 5318 Θεῷ
3030 5246 3127 5299 καὶ⁸
3174 5245 3274 5314 τὴν
3328 5243 3600 5316 μυστικὴν
3637 5242 3731 5312 τῆς

2144 5337 2425 5409 τραπέζης
2467 5338 2800 5409 ἱερουργίαν·
2836 5338 3134 5409 τριάκοντα
3181 5337 3240 5389 δὲ
3294 5338 3515 5406 πήχεων
3558 5331 3626 5406 ἦν
3671 5337 3729 5387 τὸ

2149 5430 2322 5501 μῆκος
2354 5431 2454 5502 τῆς
2495 5432 2723 5503 σκηνῆς,
2769 5432 2864 5484 καὶ
2907 5430 3042 5486 δέκα
3087 5430 3148 5484 τὸ
3202 5425 3382 5502 εὖρος·
3439 5430 3534 5482 καὶ
3577 5427 3729 5482 τοῦτο

2147 5523 2488 5594 καταμαθεῖν
2519 5523 2768 5588 εὐπετές·
2806 5522 2982 5578 εἴκοσι
3021 5522 3133 5594 γάρ
3168 5523 3389 5585 σανίδας
3422 5517 3534 5592 εἶχε
3567 5521 3624 5574 τὸ
3651 5521 3729 5574 νό-

2145 5633 2259 5672 τιον
2287 5618 2474 5690 μέρος,
2509 5620 2601 5673 καὶ
2626 5617 2899 5681 τοσαύτας
2922 5618 2983 5671 τὸ
3013 5617 3243 5689 βόρειον·
3280 5616 3497 5679 σανίδας
3531 5615 3585 5668 δὲ
3608 5613 3728 5672 τοὺς

2149 5709 2374 5773 στύλους
2405 5711 2702 5782 ὠνόμασαν
2747 5712 2794 5766 οἱ
2832 5710 2983 5767 ἄλλοι
3014 5710 3373 5784 ἑρμηνευταί·
3402 5709 3642 5779 ἑκάστης
3673 5705 3728 5759 δέ
