3902 6212
343 279 485 347 1093
1241 280 1340 345 AD
1378 283 1927 347 AMPHILOCHIU]

2031 284 2376 358 QUASSTIO
2420 283 2773 347 CCLXVIII.
3466 284 3602 353 1094

337 391 550 454 σανίδος
580 390 758 463 πῆχυν
782 390 1015 463 ἐχούσης
1046 389 1143 446 καὶ
1168 391 1366 464 ἥμισυ,
1393 392 1692 465 τριάκοντα
1718 394 1915 463 πήχεις

2031 396 2072 447 Ln
2108 391 2545 464 sesquicubitum
2606 390 3046 464 protenderetur,
3084 393 3278 465 viginti
3313 394 3481 466 igitur
3518 406 3601 454 ta-

336 483 394 537 αί
442 482 618 536 εἴκοσι
671 484 884 548 σανίδες
934 483 1239 556 ἐπλήρουν⁶
1276 483 1421 538 οὕτω
1468 486 1632 540 πάλιν
1672 485 1734 538 τὸ
1777 485 1916 555 πρὸς

333 574 549 647 δυσμάς
598 574 911 630 ἀποϐλέπον
938 574 999 642 ἐξ
1037 572 1152 648 εἶχε
1188 576 1406 641 σανίδας
1438 577 1499 630 τὸ
1537 575 1671 631 αὐτὸ
1719 575 1918 648 μέτρον

334 666 567 738 ἐχούσας
598 668 689 721 καὶ⁵
714 668 808 721 δύο
828 669 1053 738 γωνίας³
1080 670 1287 722 δώδεκα
1316 670 1373 724 δέ
1402 670 1601 742 πήχεις
1629 671 1694 723 ἐκ
1714 667 1918 723 τούτων

336 761 697 830 συναγόμενοι
726 762 773 814 οἱ
803 761 902 831 μέν
925 761 1057 814 δέκα
1084 761 1144 814 τὸ
1169 761 1320 815 ἔνδον
1354 761 1520 833 μέρος
1548 761 1841 834 ἐπλήρουν,
1867 761 1919 815 οί

333 853 392 906 δὲ
417 853 568 907 ἄλλοι
603 853 696 906 δύο
725 854 835 907 τῶν
882 854 1162 926 ἑκατέρων
1208 853 1459 925 πλευρῶν
1507 854 1606 918 τὰς
1650 846 1920 927 ἁρμονίας

334 942 603 1013 ἐδέχοντο·
638 945 702 997 ἐκ
733 943 918 1015 μέντοι
942 944 1038 998 τοῦ
1073 945 1209 1016 ἐῴου
1252 946 1454 1015 μέρους
1489 944 1591 1017 τὴν
1624 944 1794 1015 θύραν
1822 962 1919 1013 γε-

335 1037 523 1092 νέσθαι
550 1037 906 1109 προσέταξεν,
933 1038 1020 1093 ἵνα
1036 1041 1132 1093 καὶ
1151 1039 1314 1104 αὐτὸς
1333 1039 1568 1109 ἀνίσχων
1589 1041 1617 1093 ὁ
1636 1039 1788 1111 ἣλιος
1807 1032 1920 1093 οἷόν

336 1149 458 1184 τινα
497 1130 872 1202 προσκύνησιν
901 1132 1188 1204 προσφέρῃ
1216 1135 1337 1197 τοῖς
1367 1132 1728 1203 προπυλαίοις
1759 1132 1922 1193 εὐθὺς

336 1225 518 1277 ἐκεῖσε
547 1227 646 1288 τὰς
677 1224 903 1289 ἀκτῖνας
932 1225 1269 1294 ἐκπέμπων
1299 1225 1393 1278 καὶ
1425 1225 1475 1278 οί
1506 1224 1585 1295 τῷ
1618 1223 1739 1295 Θεῷ
1772 1223 1922 1295 μόνῳ

335 1315 695 1388 λατρεύοντες
723 1316 948 1371 ὄπισθεν
979 1316 1071 1371 τὸν
1106 1317 1257 1387 ἥλιον
1291 1316 1458 1388 ἔχωσι
1491 1318 1629 1389 πρὸς
1656 1316 1756 1389 τὴν
1781 1334 1919 1388 σκη-

336 1407 432 1478 νὴν
485 1407 894 1478 τετραμμένοι,
938 1408 1034 1461 καὶ
1070 1407 1145 1478 μὴ
1188 1405 1399 1473 τοῦτον,
1426 1408 1565 1462 ἀλλά
1608 1408 1700 1462 τὸν
1731 1408 1921 1463 τούτου

337 1499 577 1571 Ποιητὴν
594 1499 962 1570 προσκυνῶσι·
979 1499 1275 1571 δρυφακτῷ
1295 1501 1477 1555 τοίνυν
1499 1503 1531 1573 ἡ
1560 1501 1734 1573 σκηνὴ
1757 1518 1925 1571 προσ⁹

226 1600 241 1617 ⁸
337 1591 539 1662 εῴκει,
594 1592 812 1656 σανίδας
879 1592 1148 1647 πάντοθεν
1203 1592 1403 1664 ἔχουσα
1469 1593 1924 1666 συνηρμοσμένας

338 1685 619 1756 ἀλλήλαις*
651 1680 797 1756 εἶχον
821 1685 877 1740 δὲ
911 1684 1007 1767 κα).
1035 1685 1134 1749 τάς
1160 1685 1346 1757 βάσεις
1369 1687 1615 1759 ἀργυρᾶς
1637 1687 1733 1741 καὶ
1760 1704 1925 1757 κεφα-

2026 485 2167 542 bulas
2197 486 2253 541 in
2293 486 2516 556 triginta
2560 486 2781 542 cubitos
2837 494 2997 541 erant
3045 496 3341 557 protenszc.
3385 489 3604 547 Rursus

2021 593 2144 648 quae
2184 593 2314 649 pars
2350 579 2573 650 respicit
2613 579 2681 635 ad
2713 578 3075 648 occidentem,
3105 594 3201 635 sex
3245 580 3484 637 habebat
3519 593 3601 636 ta-

2021 670 2181 727 bulas
2242 670 2437 727 eadem
2484 686 2766 736 mensura,
2814 671 3064 741 duosque
3102 673 3356 744 angulos.
3387 674 3465 729 Ex
3516 675 3603 729 bis

2022 763 2315 821 duodecim
2342 763 2543 821 cubitis
2596 764 2670 821 ita
2700 765 3031 832 distributis,
3079 764 3272 822 decem
3300 766 3605 837 implebant

2023 856 2337 912 interiorem
2392 865 2608 927 partem
2684 856 2869 912 caeteri
2963 857 3201 912 laterum
3279 856 3597 927 juncturam

2022 948 2419 1020 suscipiebant.
2482 947 2565 1005 Ex
2618 963 2683 1005 ea
2713 963 2844 1004 vero
2878 958 3033 1020 parte
3078 964 3203 1020 qua:
3255 949 3480 1020 respicit
3532 950 3599 1003 ad

2022 1042 2313 1108 orientem,
2376 1050 2592 1114 portam
2625 1056 2748 1098 esse
2782 1041 2974 1113 jussit,
3012 1052 3073 1097 ut
3108 1042 3226 1114 ipse
3282 1042 3470 1099 oriens
3496 1042 3603 1106 sol,

2022 1134 2386 1200 osculatione,
2422 1143 2483 1190 ut
2531 1133 2607 1189 ita
2665 1135 2868 1203 dicam,
2912 1134 3243 1191 vestibulum
3274 1136 3607 1205 complecte-

2025 1238 2198 1293 retur,
2236 1226 2421 1284 statim
2474 1227 2660 1284 radios
2703 1226 3024 1295 immittens,
3054 1236 3225 1299 utque
3255 1227 3349 1298 qui
3383 1227 3604 1282 unicum

2026 1318 2199 1374 Deum
2235 1318 2517 1374 adoraturi
2563 1328 2768 1387 essent,
2802 1318 2868 1375 ad
2893 1320 3315 1374 tabernaculum
3330 1318 3606 1381 conversi,

2025 1412 2296 1468 orientem
2338 1430 2369 1467 ιι
2403 1422 2561 1486 tergo
2595 1414 2772 1470 Solem
2803 1413 3144 1483 exciperent,
3192 1428 3293 1469 nec
3323 1429 3474 1479 eum,
3510 1414 3605 1468 sed

2026 1505 2149 1577 ejus
2183 1506 2501 1563 Creatorem
2523 1507 2838 1563 adorarent.
2868 1506 3134 1562 Tabulato
3171 1506 3391 1578 quidem
3429 1508 3611 1562 taber-

2027 1599 2289 1654 naculum
2316 1600 2495 1656 simile
2520 1607 2657 1667 erat,
2682 1599 2969 1655 columnas
2997 1598 3366 1671 undequaque
3398 1599 3608 1655 habens

2028 1692 2166 1748 alias
2196 1692 2320 1748 aliis
2343 1707 2523 1763 aptas.
2556 1692 2630 1748 lis
2660 1701 2822 1747 erant
2846 1699 3118 1763 argenteae
3164 1689 3346 1755 bases,
3380 1690 3610 1761 capitis-

337 1776 487 1842 λίδας
508 1778 794 1843 ὡσαύτως’
819 1779 916 1833 καὶ
943 1771 1102 1833 αὗται
1123 1777 1181 1831 δέ
1207 1778 1406 1843 ἔξωθεν
1431 1779 1526 1832 καὶ
1546 1778 1757 1832 ἔνδοθεν
1781 1774 1925 1850 ἦσαν

2031 1801 2139 1856 que
2175 1794 2489 1856 tegumenta
2518 1801 2587 1841 ex
2632 1786 2826 1840 eodem
2864 1784 3111 1851 metallo,
3143 1784 3349 1855 illaque
3402 1783 3612 1838 extrin-

338 1871 669 1942 ejlqppévat
708 1870 917 1943 χρυσῷο
952 1870 1044 1924 τὸν
1075 1870 1135 1924 δὲ
1161 1871 1360 1941 ὄροφον
1401 1868 1547 1943 εἶχεν
1577 1871 1636 1939 ἐξ
1668 1872 1925 1943 ὑφασμά-

337 1980 447 2016 των
496 1964 783 2028 ποικίλων,
821 1964 887 2018 ἐκ
922 1962 1197 2037 διαφόρων
1235 1966 1749 2036 κατεσκευασμένον
1779 1983 1927 2038 χρω-

342 2058 530 2130 μάτων
553 2073 569 2088 ·
604 2057 665 2112 τὸ
701 2058 803 2130 μὲν
830 2056 938 2130 γὰρ
973 2051 1042 2128 ἦν
1076 2056 1363 2128 ἁλουργόν·
1405 2057 1466 2111 τὸ
1506 2058 1563 2111 δὲ
1596 2058 1861 2130 ῥοδοειδὲς
1888 2058 1923 2131 ἢ

341 2151 704 2220 κοκκοόαφές’
737 2152 799 2206 τὸ
824 2151 881 2206 δὲ
912 2153 1156 2225 ὑακίνθῳ
1182 2152 1537 2223 προσεοικόςο
1568 2153 1602 2221 ἡ
1638 2150 1694 2205 δὲ
1727 2149 1925 2223 βύσσος

336 2243 438 2314 τὴν
472 2243 674 2315 λευκὴν
706 2241 821 2316 εἶχε
852 2246 1044 2318 χρόανο
1075 2246 1171 2300 καὶ
1200 2244 1376 2300 ταῦτα
1409 2245 1465 2299 δὲ
1498 2244 1608 2298 τῶν
1641 2246 1926 2317 τεσσάρων

337 2337 623 2409 στοιχείων
653 2332 722 2409 ἦν
772 2338 1111 2410 αίνίγματα·
1156 2338 1186 2392 ὁ
1231 2337 1331 2409 μὲν
1383 2337 1636 2402 ὑάκινθος
1681 2335 1760 2408 τῷ
1802 2337 1927 2409 ἀέρι

340 2430 652 2503 προσέοικεο
676 2432 739 2486 τὸ
766 2431 825 2486 δὲ
861 2430 1122 2505 ῥοδοειδὲς
1151 2430 1184 2501 ἢ
1208 2427 1551 2500 κοκκοὸαφές
1573 2428 1651 2501 τῷ
1680 2428 1836 2500 πυρίο
1864 2428 1926 2483 τὸ

337 2524 395 2578 δὲ
412 2523 677 2595 ἁλουργὸν
701 2524 896 2596 μηνύει
923 2524 1024 2596 τὴν
1054 2524 1362 2580 θάλασσαν·
1393 2522 1578 2594 ἐκείνη
1599 2522 1710 2594 γάρ
1735 2522 1926 2594 τρέφει

337 2616 431 2671 τὸν
456 2615 673 2688 κόχλον,
700 2616 761 2682 ἐξ
792 2612 859 2691 ἧς
886 2617 949 2670 τὸ
992 2617 1248 2671 τοσοῦτον
1278 2615 1490 2687 γίνεται
1534 2614 1736 2686 χρῶμα
1759 2630 1775 2645 ο
1804 2615 1837 2686 ἡ
1870 2615 1927 2669 δὲ

341 2710 540 2781 βύσσος
570 2713 670 2785 τὴν
703 2712 829 2783 γῆν,
861 2713 924 2766 ἐκ
954 2709 1159 2783 ταύτης
1189 2711 1298 2783 γὰρ
1338 2710 1554 2781 φύεται’
1586 2709 1683 2763 καὶ
1710 2708 1926 2781 δέρρεις

339 2804 397 2858 δὲ
418 2800 533 2875 εἶχε
560 2804 804 2876 τριχίνας
825 2804 1201 2876 ἐπικειμένας,
1222 2804 1316 2859 καὶ
1340 2802 1524 2874 μέντοι
1547 2801 1642 2857 καὶ
1663 2800 1925 2875 διφθέρας

340 2897 615 2965 ποικίλας,
646 2896 789 2951 ὥστε
829 2896 926 2952 καὶ
953 2896 1045 2951 τὸν
1078 2895 1237 2951 ὑετὸν
1262 2894 1575 2968 ἀπείργειν.

413 2992 521 3045 Καὶ
543 2993 655 3055 τοῖς
678 2990 885 3063 ἱερεῦσι
914 2991 972 3046 δέ
1000 2988 1345 3045 παντοδαπὸν
1372 2988 1671 3060 περιέθηκε
1694 2986 1923 3059 κόσμον,

339 3080 431 3132 τὸν
467 3080 567 3151 μὲν
599 3079 727 3133 λαὸν
776 3080 1227 3152 καταπλήττοντα
1270 3076 1349 3151 τῷ
1382 3079 1626 3150 διαφόρῳ
1656 3078 1751 3133 τοῦ
1794 3077 1928 3149 σχή-

346 3190 512 3243 ματος
533 3215 547 3237 ,
575 3173 776 3236 αὐτοὺς
806 3173 865 3226 δὲ
898 3174 1024 3239 τοὺς
1062 3174 1246 3246 ἱερέας
1286 3171 1611 3227 διδάσκοντα
1644 3171 1791 3236 ὅπως
1823 3170 1930 3243 χρὴ

341 3260 442 3331 τὴν
492 3260 673 3333 ψυχὴν
711 3262 1036 3334 ἐξωραῖζειν
1087 3261 1184 3317 καὶ
1236 3263 1501 3333 κοσμεῖνο
1558 3260 1830 3331 ὑποδύτην
1874 3259 1932 3314 δὲ

345 3353 500 3407 καλεῖ
535 3355 626 3408 τὸν
674 3356 957 3428 ἐνδότερον
1002 3354 1365 3427 χιτωνίσκον·
1402 3353 1705 3424 ἐπενδύτην
1744 3353 1801 3407 δὲ
1842 3351 1933 3406 τὸν

343 3446 553 3516 χιτῶνα
576 3446 669 3501 τδν
692 3446 976 3520 ἐξώτερον·
1008 3447 1320 3501 ὑακίνθινον
1341 3445 1397 3499 δὲ
1427 3446 1614 3501 τοῦτον
1631 3444 1933 3517 προσέταξε

345 3538 637 3609 γενέσθαι·
674 3539 887 3611 ποδήρη
926 3539 984 3593 δέ
1017 3539 1433 3612 προσηγόρευσε
1456 3538 1531 3603 ὡς
1569 3539 1731 3611 μέχρι
1748 3538 1934 3610 ἄκρων

345 3632 457 3687 τῶν
490 3631 668 3687 ποδῶν
700 3632 960 3703 διήκοντα
986 3648 1002 3664 ⁸
1035 3633 1327 3705 ἀπήρτησε
1355 3631 1413 3687 δὲ
1443 3631 1636 3687 τούτου
1674 3631 1934 3695 κώδωνας

345 3724 584 3798 χρυσοῦς
622 3724 719 3779 καὶ
761 3726 1012 3798 ῥοΐσκους
1044 3725 1132 3780 ἵνα
1161 3727 1243 3789 είς
1271 3725 1339 3779 τὸ
1362 3725 1554 3781 ἄδυτον
1584 3725 1677 3778 καὶ
1701 3725 1934 3781 ἀνάκτο-

349 3835 444 3889 ρον
476 3818 577 3888 τῆς
610 3817 818 3889 σκηνῆς
843 3817 1027 3871 είσιὼν
1050 3858 1066 3885 ,
1102 3817 1199 3872 καὶ
1226 3817 1325 3888 τὴν
1360 3817 1468 3871 ἀπὸ
1501 3816 1706 3871 τούτων
1753 3816 1935 3869 ἐπιτε-

347 3913 619 3983 λουμένην
647 3912 788 3983 ὴχὴν
817 3909 1193 3981 εἰσδεχόμενος
1228 3908 1371 3981 μετά
1393 3908 1548 3973 δέους
1568 3908 1668 3980 τὴν
1694 3906 1937 3977 λειτουρ-

347 4006 475 4076 γίαν
500 4006 722 4076 ἐπιτελῇ
748 4006 826 4067 είς
847 4004 1069 4075 μνήμην
1093 4002 1188 4056 τοῦ
1212 4001 1648 4075 προστεταχότος
1674 3999 1938 4069 ἀφικνούη

352 4113 533 4171 μενος
574 4096 663 4152 διά
703 4113 789 4150 τοι
828 4093 988 4150 τοῦτο
1016 4095 1111 4149 κοιλ⁸
1136 4096 1163 4148 ὁ
1195 4095 1462 4166 ποδήρης,
1495 4093 1589 4147 τοῦ
1633 4094 1795 4165 ἀέρος
1822 4090 1936 4163 εἶχε

344 4194 410 4247 τὸ
443 4188 664 4264 χρῶμω
708 4190 965 4254 ὑάκινθος
1005 4188 1062 4243 δέ
1093 4185 1162 4261 ἦν
1191 4188 1266 4253 ὡς
1297 4188 1363 4242 ἂν
1392 4190 1468 4252 εἰς
1497 4185 1685 4241 τοῦτον
1717 4187 1936 4257 ἀφορῶν

351 4286 641 4357 μετάρσιος
661 4282 903 4355 γίνηται⁸
931 4280 1187 4337 ἐπέκειτο
1207 4280 1265 4334 δέ
1286 4283 1353 4351 τῇ
1378 4280 1588 4351 κεφαλῇ
1613 4278 1827 4350 κίδαρις
1844 4277 1937 4331 τὸν

345 4376 578 4449 οὐρανὸν
598 4372 932 4447 μιμουμένη·
959 4372 1307 4427 ἐπεκάλυπτε
1324 4372 1381 4426 δὲ
1404 4372 1497 4425 καὶ
1517 4369 1698 4425 ταινία
1718 4368 1781 4423 τὸ
1804 4368 1935 4441 μέτ-

2026 1893 2187 1936 secus
2215 1889 2271 1935 et
2304 1894 2378 1934 ex
2416 1878 2662 1935 interiori
2701 1887 2854 1949 parte
2897 1893 3035 1933 auro
3069 1876 3348 1933 distincta.
3382 1875 3610 1933 Tectum

2024 1988 2086 2028 ex
2119 1973 2273 2030 varia
2299 1982 2519 2030 textura
2571 1973 2884 2038 constabat,
2918 1972 3153 2028 diversis
3205 1971 3489 2027 coloribus
3516 1971 3612 2026 de-

2024 2065 2258 2137 pictum,
2293 2074 2448 2137 parte
2463 2081 2532 2122 ex
2550 2065 2657 2121 alia
2696 2080 3059 2136 purpureum,
3092 2064 3198 2120 alia
3230 2080 3477 2134 roseum,
3505 2065 3611 2121 alia

2025 2172 2192 2213 cocco
2207 2157 2465 2223 tinctum,
2508 2157 2615 2212 alia
2655 2157 3091 2228 hyacinthinum,
3107 2158 3214 2215 alia
3238 2158 3511 2216 referente
3533 2161 3615 2216 al-

2025 2249 2157 2305 bum
2176 2250 2324 2322 byssi
2344 2249 2610 2306 colorem.
2626 2247 2753 2305 Haec
2771 2260 3019 2321 quatuor
3035 2250 3431 2309 elementorum
3455 2261 3615 2309 erant

2027 2357 2146 2414 sym
2155 2341 2638 2415 bola.Hyacinthus
2650 2341 2764 2397 aeri
2780 2342 2977 2399 similis
2988 2353 3291 2409 est,roseus
3304 2344 3617 2401 coccineus-
3680 2397 3682 2399 .

2026 2449 2093 2489 ve
2123 2433 2273 2490 color
2293 2433 2431 2505 igni,
2457 2448 2768 2505 purpureus
2788 2448 2919 2490 vero
2953 2449 3105 2490 mare
3134 2434 3449 2507 signiﬁcat;
3478 2436 3612 2492 illud

2034 2527 2183 2583 enim
2214 2527 2386 2583 nutrit
2415 2527 2683 2584 concham
2712 2540 2778 2583 ex
2822 2542 2931 2598 qua
2955 2535 3065 2584 tam
3089 2529 3325 2599 pulcher
3362 2530 3616 2585 nascitur

2027 2618 2218 2687 color;
2272 2628 2632 2689 repraesentat
2674 2618 2874 2691 byssus
2921 2626 3129 2674 terram
3173 2633 3205 2675 e
3241 2636 3346 2691 qua
3399 2619 3612 2687 oritur;

2031 2716 2200 2788 pelles
2248 2716 2414 2773 etiam
2452 2715 2705 2773 crinibus
2757 2714 3029 2773 confecta:
3067 2716 3174 2772 illis
3217 2715 3617 2788 superinductae

2027 2817 2205 2875 erant,
2236 2809 2555 2881 exuviaeque
2582 2807 2857 2865 distinctae
2902 2824 3024 2880 quae
3066 2806 3295 2864 imbrem
3344 2818 3613 2865 arcerent.

2100 2981 2363 3037 l‘ncterca
2398 2982 2777 3039 sacerdotibus
2817 2982 3224 3040 diversissimas
3266 2993 3445 3041 vestes
3473 2984 3617 3043 Deus

2032 3074 2351 3147 assignavit,
2382 3089 2504 3146 quae
2555 3075 2788 3147 populo,
2835 3074 3022 3131 cultus
3079 3075 3386 3141 varietate,
3449 3075 3617 3131 mira-

2035 3167 2235 3223 tionem
2292 3174 2628 3231 moverent,
2680 3166 2937 3238 ipsosque
2991 3164 3253 3222 docerent
3304 3165 3618 3221 sacerdotes

2034 3259 2313 3330 quomodo
2352 3259 2593 3315 animam
2647 3272 2924 3315 exornare
2961 3268 3361 3330 venustamque
3405 3258 3619 3315 eﬂicere

2034 3359 2332 3421 oporteret.
2362 3348 2587 3407 Vestem
2621 3349 2938 3406 interiorem
3015 3350 3254 3420 appellat
3288 3350 3615 3416 tuniculam,

2036 3440 2333 3495 amiculum
2386 3440 2745 3505 exteriorem,
2801 3449 2856 3496 et
2892 3439 3034 3496 hanc
3096 3440 3339 3497 tunicam
3391 3442 3619 3514 hyacin-

2036 3534 2247 3588 thinam
2288 3547 2411 3589 esse
2441 3533 2801 3605 praescripsit.
2833 3529 2937 3588 Cui
2971 3531 3038 3587 ad
3084 3533 3224 3589 imos
3280 3534 3447 3605 pedes
3486 3550 3618 3606 pro-

2036 3624 2220 3680 missa:
2251 3624 2439 3681 talaris
2469 3623 2912 3696 fuitcognomen,
2938 3624 3006 3680 de
3026 3640 3133 3695 qua
3159 3640 3327 3682 aurea
3355 3627 3620 3682 tintinna-

2035 3714 2164 3769 bula
2188 3713 2425 3785 Speciem
2456 3715 2587 3770 mali
2636 3715 2827 3786 punici
2853 3714 3149 3771 referentia
3189 3716 3521 3787 pendebant,
3558 3728 3620 3774 ut

2035 3805 2091 3862 in
2138 3806 2360 3880 adytum
2407 3815 2463 3861 et
2532 3807 2742 3878 regiam
2812 3808 3150 3863 tabernaculi
3206 3824 3331 3864 cum
3388 3809 3623 3867 intraret

2037 3900 2316 3965 sacerdos,
2349 3908 2607 3971 percepto
2642 3915 2834 3956 eorum
2878 3900 3086 3965 sonitu,
3129 3915 3257 3957 cum
3311 3902 3620 3960 reverentia

2038 3993 2308 4049 solemnia
2334 4001 2640 4064 perageret,
2661 3994 2959 4049 recordans
2988 3994 3139 4051 illius
3168 3995 3261 4065 qui
3284 3994 3399 4051 haec
3433 3997 3619 4051 omnia

2036 4097 2388 4156 praeceperat.
2441 4086 2810 4154 Quamobrem
2844 4085 3034 4143 talaris
3110 4087 3319 4142 aeriam
3377 4087 3618 4143 colorem

2038 4177 2330 4244 referebat,
2362 4179 2798 4251 hyaeintheaque
2843 4188 3056 4234 eratut
3113 4178 3179 4233 ad
3227 4194 3346 4234 eam
3404 4180 3622 4234 intuens

2039 4280 2279 4327 mentem
2310 4272 2573 4327 sacerdos
2619 4287 2841 4327 sursum
2902 4278 3134 4326 teneret.
3186 4269 3623 4341 lmminebatquc

2038 4364 2242 4421 summi
2271 4364 2575 4421 sacerdotis
2626 4364 2793 4420 fronti
2829 4365 2989 4429 tiara,
3031 4364 3233 4419 coelum
3268 4364 3500 4430 imitata,
3540 4363 3623 4418 fa.

346 4487 497 4523 ωπον
520 4508 535 4535 ,
581 4468 649 4539 ἢν
690 4466 888 4538 μίτραν
922 4463 1074 4518 εἷπον
1107 4464 1163 4518 οἱ
1199 4463 1625 4535 Ἑϐδομήκοντα·
1660 4458 1774 4533 εἶχε
1800 4460 1847 4516 δ’
1875 4463 1927 4517 ἐν

2037 4458 2179 4514 ciem
2230 4456 2555 4529 contegebat
2604 4456 2734 4511 vitta
2776 4471 2940 4526 quam
2997 4454 3352 4525 Septuaginta
3400 4455 3622 4509 mitram

351 4563 505 4634 μέσῳ
549 4559 691 4633 αὕτη
745 4557 978 4614 πέταλον
1027 4556 1268 4629 χρυσοῦν
1317 4555 1777 4626 ἐγγεγραμμένον
1822 4553 1927 4625 ἔχοι

2031 4549 2374 4620 appellarunt
2407 4566 2423 4616 ;
2463 4547 2643 4605 stabat
2665 4548 2717 4603 in
2754 4548 2932 4604 medio
2984 4547 3186 4602 lamina
3211 4562 3377 4603 aurea
3432 4547 3489 4601 in
3516 4562 3623 4618 qua

346 4654 443 4708 τοῦ
477 4652 615 4707 Θεοῦ
663 4653 944 4723 ἄφραστον
986 4649 1158 4720 ὄνομα
1195 4649 1224 4702 ὃ
1264 4648 1521 4703 καλοῦσιν
1565 4646 1808 4718 Ἑϐραῖοι
1851 4663 1927 4699 τε·

2040 4641 2411 4699 inenarrabile
2477 4641 2573 4697 Dei
2633 4656 2856 4706 nomen,
2902 4656 2933 4696 a
2971 4638 3177 4697 Judacis
3233 4649 3623 4709 tetragramma

348 4747 796 4818 τραγράμματον
820 4759 835 4775 ⁸
887 4742 1177 4798 εὐλάϐειαν
1209 4741 1267 4796 δὲ
1312 4739 1405 4793 τὸν
1450 4737 1578 4792 λαὸν
1610 4735 1927 4791 ἐκπαιδεύωπ

2044 4736 2401 4806 appellatum,
2450 4733 2779 4805 inscriptum
2833 4740 2975 4789 erat.
3036 4731 3131 4789 Sic
3192 4732 3425 4802 tigurate
3476 4730 3624 4786 Deus

348 4841 417 4895 δι’
443 4840 767 4911 αἰνίγματος
794 4835 952 4892 τοῦτο
984 4833 1313 4907 δεδήλωκεν’
1358 4829 1748 4902 Ἐπιγῃάψεις
1808 4828 1927 4900 γάρτ

2042 4826 2304 4896 populum
2340 4824 2701 4881 reverentiam
2758 4823 3008 4891 docebat,
3037 4833 3098 4877 ut
3143 4837 3207 4877 ex
3237 4821 3322 4876 his
3361 4828 3624 4891 apparet:

350 4935 536 5005 φησὶν,
553 4931 702 4987 αὐτὸ
721 4930 988 5000 ἀγίασμα
1019 4928 1259 4996 Κυρίου.

2043 4917 2288 4988 Sculpes,
2333 4919 2534 4989 inquit,
2590 4918 2762 4987 ipsum
2826 4925 3067 4969 sanctum
3125 4912 3350 4967 Domino
3379 4912 3450 4968 ".

432 5026 721 5081 Ἐκέλευσε
753 5023 810 5077 δὲ
845 5020 996 5093 αὐτῷ
1025 5020 1121 5075 καὶ
1151 5016 1445 5089 ἐφεστρίδα
1473 5015 1754 5085 γενέσθαι,
1800 5015 1870 5087 ἢν
1893 5031 1923 5069 ο

2111 5013 2763 5085 Ρταδοθρίιιιυοιιυοῡθιιε
2790 5025 3065 5065 summum
3099 5008 3437 5063 sacerdotem
3474 5004 3624 5059 indui

364 5118 792 5189 Ἐϐδομήκοντα,
825 5112 1078 5186 ἐπωμίδα
1100 5111 1364 5165 ἐκάλεσαν
1384 5126 1398 5140 ⁸
1438 5110 1497 5163 ἐν
1539 5109 1596 5161 δὲ
1629 5110 1748 5172 ταῖς
1776 5108 1927 5161 Βασι·

2038 5118 2188 5165 veste
2199 5123 2363 5179 quam
2380 5101 2886 5177 superhumeralem
2907 5110 3237 5155 vocaverunt
3251 5097 3628 5169 Septuaginta,

350 5210 523 5275 λείαις
582 5208 953 5281 εὑρίσκομεν,
1004 5204 1206 5276 ἐφοὺδ,
1257 5203 1428 5276 αὐτὴν
1494 5201 1638 5257 κατά
1685 5202 1787 5273 τὴν
1832 5198 1927 5254 τῶι

2038 5217 2205 5274 quam
2242 5208 2426 5256 autem
2477 5199 2531 5253 in
2563 5197 2767 5268 Regum
2788 5194 2947 5250 libris
2977 5193 3250 5265 appellant
3288 5191 3500 5263 Ephod,
3529 5190 3631 5245 He-

363 5300 635 5373 Έόραίων
687 5298 936 5369 γλῶτταν
986 5296 1413 5367 ὠνομασμένην·
1473 5293 1614 5365 αὕτη
1662 5287 1807 5364 εῖχεν
1854 5292 1923 5362 ἐφ

2036 5295 2184 5351 braca
2235 5308 2372 5349 voce
2395 5291 2753 5362 designatam.
2783 5286 2925 5343 Huic
2972 5295 3128 5341 erant
3151 5299 3317 5357 super
3339 5291 3634 5353 utrumque

354 5392 620 5464 ἐκατέρου
664 5391 766 5463 μέν
796 5389 951 5463 ὤμου
995 5390 1090 5444 δύο
1143 5388 1325 5453 λίθους
1372 5386 1686 5463 πολυτελεῖς
1722 5386 1927 5458 ἔχοντας

2046 5388 2340 5443 humerum
2390 5384 2510 5440 duo.
2528 5380 2754 5454 pretiosi
2784 5379 2994 5451 lapides
3018 5378 3266 5448 inscripti
3308 5374 3631 5431 nominibus

355 5488 464 5542 τῶν
516 5485 700 5557 φυλῶν
746 5484 845 5549 τὰς
888 5480 1263 5554 προσηγορίας
1324 5479 1819 5552 ἐγγεγραμμένας·
1865 5476 1927 5551 τι]

2044 5479 2288 5534 tribuum
2313 5475 2499 5532 Israel.
2534 5472 2592 5531 ln
2611 5484 2850 5546 pectore,
2870 5468 3068 5526 mentis
3086 5477 3301 5539 tegmen
3335 5465 3629 5537 pectoralc.

357 5580 547 5653 στήθει
575 5578 632 5633 δὲ
660 5577 722 5632 τὺ
759 5575 1097 5649 καλούμενον
1126 5574 1334 5646 λογεῖον
1354 5571 1452 5645 τὴν
1479 5570 1704 5643 λογικὴν
1738 5587 1927 5640 συγκα·

2053 5570 2199 5629 lluic
2240 5585 2460 5644 quoque
2488 5565 2776 5625 duodecim
2810 5564 3019 5635 lapides
3049 5561 3217 5633 aptati
3254 5568 3430 5626 erant,
3469 5558 3635 5614 variis

432 5766 475 5798 “
503 5762 675 5819 Exod.
700 5775 890 5826 xxviii,
923 5758 1009 5813 l7.
