  <div class='ocr_page' id='page_1' title='image "/cluster/home/n/w/nwhite01/storage/ocr_20150623/101/hvd.32044018872879/571.png"; bbox 0 0 3902 6212; ppageno 0'>
   <div class='ocr_carea' id='block_1_1' title="bbox 348 292 487 358">
    <p class='ocr_par' dir='ltr' id='par_1_1' title="bbox 348 292 487 358">
     <span class='ocr_line' id='line_1_1' title="bbox 348 292 487 358; baseline -0.014 -1"><span class='ocrx_word' id='word_1_1' title='bbox 348 292 370 357; x_wconf 81' lang='lat'><strong><em>1</em></strong></span> <span class='ocrx_word' id='word_1_2' title='bbox 383 293 487 358; x_wconf 88' lang='lat'><strong>095</strong></span> 
     </span>
    </p>
   </div>
   <div class='ocr_carea' id='block_1_2' title="bbox 1467 289 2422 352">
    <p class='ocr_par' dir='ltr' id='par_1_2' title="bbox 1467 289 2422 352">
     <span class='ocr_line' id='line_1_2' title="bbox 1467 289 2422 352; baseline -0.003 0"><span class='ocrx_word' id='word_1_3' title='bbox 1467 291 1730 352; x_wconf 89' lang='lat' dir='ltr'><strong>PIIOTII</strong></span> <span class='ocrx_word' id='word_1_4' title='bbox 1769 289 2273 351; x_wconf 72' lang='lat' dir='ltr'><strong>PATRIARCII/E</strong></span> <span class='ocrx_word' id='word_1_5' title='bbox 2314 291 2422 352; x_wconf 69' lang='grc' dir='ltr'><strong>(ΣΡ.</strong></span> 
     </span>
    </p>
   </div>
   <div class='ocr_carea' id='block_1_3' title="bbox 3483 294 3629 360">
    <p class='ocr_par' dir='ltr' id='par_1_3' title="bbox 3483 294 3629 360">
     <span class='ocr_line' id='line_1_3' title="bbox 3483 294 3629 360; baseline 0.021 -3"><span class='ocrx_word' id='word_1_6' title='bbox 3483 294 3629 360; x_wconf 78' lang='lat'><strong>1096</strong></span> 
     </span>
    </p>
   </div>
   <div class='ocr_carea' id='block_1_4' title="bbox 351 398 1930 475">
    <p class='ocr_par' dir='ltr' id='par_1_4' title="bbox 351 402 1930 470">
     <span class='ocr_line' id='line_1_4' title="bbox 351 402 1930 470; baseline -0.002 -10"><span class='ocrx_word' id='word_1_7' title='bbox 351 405 638 462; x_wconf 82' lang='lat' dir='ltr'><strong>coloribus</strong></span> <span class='ocrx_word' id='word_1_8' title='bbox 704 403 993 459; x_wconf 99' lang='lat' dir='ltr'><strong>micantes.</strong></span> <span class='ocrx_word' id='word_1_9' title='bbox 1071 402 1281 470; x_wconf 77' lang='lat' dir='ltr'><strong>Quibus</strong></span> <span class='ocrx_word' id='word_1_10' title='bbox 1352 403 1553 459; x_wconf 84' lang='lat' dir='ltr'><strong>indicto</strong></span> <span class='ocrx_word' id='word_1_11' title='bbox 1613 403 1781 466; x_wconf 90' lang='lat' dir='ltr'><strong>bello,</strong></span> <span class='ocrx_word' id='word_1_12' title='bbox 1850 403 1930 457; x_wconf 82' lang='lat' dir='ltr'><strong>vel</strong></span> 
     </span>
    </p>
   </div>
   <div class='ocr_carea' id='block_1_5' title="bbox 2019 398 3633 475">
    <p class='ocr_par' dir='ltr' id='par_1_5' title="bbox 2036 398 3633 475">
     <span class='ocr_line' id='line_1_5' title="bbox 2036 398 3633 475; baseline 0.005 -20"><span class='ocrx_word' id='word_1_13' title='bbox 2036 403 2237 457; x_wconf 86' lang='grc' dir='ltr'>λύπτον</span> <span class='ocrx_word' id='word_1_14' title='bbox 2290 402 2518 475; x_wconf 80' lang='grc' dir='ltr'>καρδίαν</span> <span class='ocrx_word' id='word_1_15' title='bbox 2544 419 2556 433; x_wconf 70' lang='grc'><strong>⁸</strong></span> <span class='ocrx_word' id='word_1_16' title='bbox 2588 398 2703 475; x_wconf 72' lang='grc' dir='ltr'>εἶχε</span> <span class='ocrx_word' id='word_1_17' title='bbox 2742 405 2924 460; x_wconf 76' lang='grc' dir='ltr'>δὲκαὶ</span> <span class='ocrx_word' id='word_1_18' title='bbox 2970 405 3131 460; x_wconf 83' lang='grc' dir='ltr'>τοῦτο</span> <span class='ocrx_word' id='word_1_19' title='bbox 3180 406 3391 461; x_wconf 81' lang='grc' dir='ltr'>δώδεκα</span> <span class='ocrx_word' id='word_1_20' title='bbox 3440 409 3633 471; x_wconf 82' lang='grc' dir='ltr'>λίθους</span> 
     </span>
    </p>
   </div>
   <div class='ocr_carea' id='block_1_6' title="bbox 339 494 1927 565">
    <p class='ocr_par' dir='ltr' id='par_1_6' title="bbox 339 494 1927 565">
     <span class='ocr_line' id='line_1_6' title="bbox 339 494 1927 565; baseline -0.003 -11"><span class='ocrx_word' id='word_1_21' title='bbox 339 497 597 563; x_wconf 87' lang='lat' dir='ltr'><strong>victoria,</strong></span> <span class='ocrx_word' id='word_1_22' title='bbox 628 497 713 551; x_wconf 97' lang='lat' dir='ltr'><strong>vel</strong></span> <span class='ocrx_word' id='word_1_23' title='bbox 739 496 921 551; x_wconf 80' lang='lat' dir='ltr'><strong>clades</strong></span> <span class='ocrx_word' id='word_1_24' title='bbox 947 495 1382 565; x_wconf 83' lang='lat' dir='ltr'><strong>signiﬁcabatur.</strong></span> <span class='ocrx_word' id='word_1_25' title='bbox 1432 494 1589 561; x_wconf 85' lang='lat' dir='ltr'><strong>Quod</strong></span> <span class='ocrx_word' id='word_1_26' title='bbox 1627 495 1832 565; x_wconf 74' lang='lat' dir='ltr'><strong>Regum</strong></span> <span class='ocrx_word' id='word_1_27' title='bbox 1859 509 1927 548; x_wconf 77' lang='lat' dir='ltr'><strong>ex</strong></span> 
     </span>
    </p>
   </div>
   <div class='ocr_carea' id='block_1_7' title="bbox 342 590 1925 648">
    <p class='ocr_par' dir='ltr' id='par_1_7' title="bbox 342 590 1925 648">
     <span class='ocr_line' id='line_1_7' title="bbox 342 590 1925 648; baseline -0.001 -3"><span class='ocrx_word' id='word_1_28' title='bbox 342 591 575 648; x_wconf 83' lang='lat' dir='ltr'><strong>historia</strong></span> <span class='ocrx_word' id='word_1_29' title='bbox 600 598 837 647; x_wconf 87' lang='lat' dir='ltr'><strong>constat.</strong></span> <span class='ocrx_word' id='word_1_30' title='bbox 906 592 1042 646; x_wconf 88' lang='lat' dir='ltr'><strong>Cum</strong></span> <span class='ocrx_word' id='word_1_31' title='bbox 1062 591 1211 646; x_wconf 89' lang='lat' dir='ltr'><strong>enim</strong></span> <span class='ocrx_word' id='word_1_32' title='bbox 1243 591 1507 645; x_wconf 88' lang='lat' dir='ltr'><strong>adversus</strong></span> <span class='ocrx_word' id='word_1_33' title='bbox 1540 590 1705 645; x_wconf 90' lang='lat' dir='ltr'><strong>Israel</strong></span> <span class='ocrx_word' id='word_1_34' title='bbox 1726 590 1925 645; x_wconf 87' lang='lat' dir='ltr'><strong>bellum</strong></span> 
     </span>
    </p>
   </div>
   <div class='ocr_carea' id='block_1_8' title="bbox 340 678 1923 754">
    <p class='ocr_par' dir='ltr' id='par_1_8' title="bbox 340 678 1923 754">
     <span class='ocr_line' id='line_1_8' title="bbox 340 678 1923 754; baseline -0.003 -16"><span class='ocrx_word' id='word_1_35' title='bbox 340 682 713 754; x_wconf 84' lang='lat' dir='ltr'><strong>suscepissent</strong></span> <span class='ocrx_word' id='word_1_36' title='bbox 739 680 947 748; x_wconf 78' lang='lat' dir='ltr'><strong>hostes,</strong></span> <span class='ocrx_word' id='word_1_37' title='bbox 980 695 1091 736; x_wconf 91' lang='lat' dir='ltr'><strong>non</strong></span> <span class='ocrx_word' id='word_1_38' title='bbox 1118 682 1268 751; x_wconf 89' lang='lat' dir='ltr'><strong>prius</strong></span> <span class='ocrx_word' id='word_1_39' title='bbox 1291 694 1458 735; x_wconf 89' lang='lat' dir='ltr'><strong>ausus</strong></span> <span class='ocrx_word' id='word_1_40' title='bbox 1487 690 1570 735; x_wconf 89' lang='lat' dir='ltr'><strong>est</strong></span> <span class='ocrx_word' id='word_1_41' title='bbox 1604 678 1730 733; x_wconf 89' lang='lat' dir='ltr'><strong>Saul</strong></span> <span class='ocrx_word' id='word_1_42' title='bbox 1751 680 1923 734; x_wconf 88' lang='lat' dir='ltr'><strong>aciem</strong></span> 
     </span>
    </p>
   </div>
   <div class='ocr_carea' id='block_1_9' title="bbox 341 768 1924 842">
    <p class='ocr_par' dir='ltr' id='par_1_9' title="bbox 341 768 1924 842">
     <span class='ocr_line' id='line_1_9' title="bbox 341 768 1924 842; baseline -0.001 -17"><span class='ocrx_word' id='word_1_43' title='bbox 341 773 617 828; x_wconf 84' lang='lat' dir='ltr'><strong>instruere</strong></span> <span class='ocrx_word' id='word_1_44' title='bbox 647 787 810 842; x_wconf 90' lang='lat' dir='ltr'><strong>quam</strong></span> <span class='ocrx_word' id='word_1_45' title='bbox 853 772 1007 841; x_wconf 84' lang='lat' dir='ltr'><strong>signa</strong></span> <span class='ocrx_word' id='word_1_46' title='bbox 1034 771 1279 826; x_wconf 63' lang='lat' dir='ltr'><strong>victoria:</strong></span> <span class='ocrx_word' id='word_1_47' title='bbox 1312 770 1565 825; x_wconf 80' lang='lat' dir='ltr'><strong>vidisset.</strong></span> <span class='ocrx_word' id='word_1_48' title='bbox 1602 768 1786 836; x_wconf 85' lang='lat' dir='ltr'><strong>Quare</strong></span> <span class='ocrx_word' id='word_1_49' title='bbox 1810 769 1924 824; x_wconf 86' lang='lat' dir='ltr'><strong>uni-</strong></span> 
     </span>
    </p>
   </div>
   <div class='ocr_carea' id='block_1_10' title="bbox 340 861 1924 933">
    <p class='ocr_par' dir='ltr' id='par_1_10' title="bbox 340 861 1924 933">
     <span class='ocr_line' id='line_1_10' title="bbox 340 861 1924 933; baseline 0 -17"><span class='ocrx_word' id='word_1_50' title='bbox 340 865 482 919; x_wconf 81' lang='lat' dir='ltr'><strong>versi</strong></span> <span class='ocrx_word' id='word_1_51' title='bbox 508 866 699 919; x_wconf 89' lang='lat' dir='ltr'><strong>mundi</strong></span> <span class='ocrx_word' id='word_1_52' title='bbox 734 864 877 919; x_wconf 94' lang='lat' dir='ltr'><strong>Deus</strong></span> <span class='ocrx_word' id='word_1_53' title='bbox 916 865 1083 919; x_wconf 84' lang='lat' dir='ltr'><strong>dicit:</strong></span> <span class='ocrx_word' id='word_1_54' title='bbox 1123 884 1139 915; x_wconf 82' lang='grc' dir='ltr'><strong>ι</strong></span> <span class='ocrx_word' id='word_1_55' title='bbox 1171 863 1460 933; x_wconf 84' lang='lat' dir='ltr'><strong>Poncsque</strong></span> <span class='ocrx_word' id='word_1_56' title='bbox 1513 864 1788 918; x_wconf 85' lang='lat' dir='ltr'><strong>rationale</strong></span> <span class='ocrx_word' id='word_1_57' title='bbox 1832 861 1924 930; x_wconf 84' lang='lat' dir='ltr'><strong>ju-</strong></span> 
     </span>
    </p>
   </div>
   <div class='ocr_carea' id='block_1_11' title="bbox 338 954 1923 1025">
    <p class='ocr_par' dir='ltr' id='par_1_11' title="bbox 338 954 1923 1025">
     <span class='ocr_line' id='line_1_11' title="bbox 338 954 1923 1025; baseline -0.001 -17"><span class='ocrx_word' id='word_1_58' title='bbox 338 957 466 1011; x_wconf 88' lang='lat' dir='ltr'><strong>dicii</strong></span> <span class='ocrx_word' id='word_1_59' title='bbox 494 957 548 1010; x_wconf 93' lang='lat' dir='ltr'><strong>in</strong></span> <span class='ocrx_word' id='word_1_60' title='bbox 578 966 799 1025; x_wconf 82' lang='lat' dir='ltr'><strong>pectore</strong></span> <span class='ocrx_word' id='word_1_61' title='bbox 821 958 1029 1019; x_wconf 84' lang='lat' dir='ltr'><strong>Aaron,</strong></span> <span class='ocrx_word' id='word_1_62' title='bbox 1062 962 1116 1009; x_wconf 90' lang='lat' dir='ltr'><strong>et</strong></span> <span class='ocrx_word' id='word_1_63' title='bbox 1145 955 1197 1009; x_wconf 91' lang='lat' dir='ltr'><strong>in</strong></span> <span class='ocrx_word' id='word_1_64' title='bbox 1255 963 1489 1023; x_wconf 89' lang='lat' dir='ltr'><strong>utroque</strong></span> <span class='ocrx_word' id='word_1_65' title='bbox 1529 954 1699 1008; x_wconf 83' lang='lat' dir='ltr'><strong>latere</strong></span> <span class='ocrx_word' id='word_1_66' title='bbox 1727 968 1923 1024; x_wconf 82' lang='lat' dir='ltr'><strong>super-</strong></span> 
     </span>
    </p>
   </div>
   <div class='ocr_carea' id='block_1_12' title="bbox 339 1044 1923 1117">
    <p class='ocr_par' dir='ltr' id='par_1_12' title="bbox 339 1044 1923 1117">
     <span class='ocr_line' id='line_1_12' title="bbox 339 1044 1923 1117; baseline -0.002 -16"><span class='ocrx_word' id='word_1_67' title='bbox 339 1047 659 1103; x_wconf 87' lang='lat' dir='ltr'><strong>humeralis.</strong></span> <span class='ocrx_word' id='word_1_68' title='bbox 693 1066 711 1100; x_wconf 77' lang='grc'><strong>»</strong></span> <span class='ocrx_word' id='word_1_69' title='bbox 762 1048 1128 1117; x_wconf 73' lang='lat' dir='ltr'><strong>Adiecitque:</strong></span> <span class='ocrx_word' id='word_1_70' title='bbox 1186 1066 1205 1097; x_wconf 73' lang='grc' dir='ltr'><strong>ι</strong></span> <span class='ocrx_word' id='word_1_71' title='bbox 1245 1045 1534 1115; x_wconf 85' lang='lat' dir='ltr'><strong>Ponesque</strong></span> <span class='ocrx_word' id='word_1_72' title='bbox 1595 1045 1651 1099; x_wconf 89' lang='lat' dir='ltr'><strong>in</strong></span> <span class='ocrx_word' id='word_1_73' title='bbox 1707 1060 1772 1099; x_wconf 87' lang='lat' dir='ltr'><strong>eo</strong></span> <span class='ocrx_word' id='word_1_74' title='bbox 1822 1044 1923 1099; x_wconf 82' lang='lat' dir='ltr'><strong>do-</strong></span> 
     </span>
    </p>
   </div>
   <div class='ocr_carea' id='block_1_13' title="bbox 336 1137 1919 1209">
    <p class='ocr_par' dir='ltr' id='par_1_13' title="bbox 336 1137 1919 1209">
     <span class='ocr_line' id='line_1_13' title="bbox 336 1137 1919 1209; baseline -0.003 -13"><span class='ocrx_word' id='word_1_75' title='bbox 336 1142 567 1196; x_wconf 85' lang='lat' dir='ltr'><strong>ctrinam</strong></span> <span class='ocrx_word' id='word_1_76' title='bbox 623 1149 677 1194; x_wconf 83' lang='lat' dir='ltr'><strong>et</strong></span> <span class='ocrx_word' id='word_1_77' title='bbox 716 1140 997 1195; x_wconf 85' lang='lat' dir='ltr'><strong>veritatem</strong></span> <span class='ocrx_word' id='word_1_78' title='bbox 1035 1140 1104 1193; x_wconf 80' lang='grc'><strong>⁷⁸.</strong></span> <span class='ocrx_word' id='word_1_79' title='bbox 1141 1157 1159 1192; x_wconf 72' lang='grc' dir='ltr'><strong>ι</strong></span> <span class='ocrx_word' id='word_1_80' title='bbox 1224 1138 1650 1209; x_wconf 87' lang='lat' dir='ltr'><strong>Doctrinamque</strong></span> <span class='ocrx_word' id='word_1_81' title='bbox 1699 1137 1919 1208; x_wconf 86' lang='lat' dir='ltr'><strong>quidem</strong></span> 
     </span>
    </p>
   </div>
   <div class='ocr_carea' id='block_1_14' title="bbox 335 1231 1921 1303">
    <p class='ocr_par' dir='ltr' id='par_1_14' title="bbox 335 1231 1921 1303">
     <span class='ocr_line' id='line_1_14' title="bbox 335 1231 1921 1303; baseline 0.001 -19"><span class='ocrx_word' id='word_1_82' title='bbox 335 1233 550 1289; x_wconf 81' lang='lat' dir='ltr'><strong>vocavit</strong></span> <span class='ocrx_word' id='word_1_83' title='bbox 582 1234 739 1303; x_wconf 85' lang='lat' dir='ltr'><strong>signa</strong></span> <span class='ocrx_word' id='word_1_84' title='bbox 794 1247 861 1289; x_wconf 78' lang='lat' dir='ltr'><strong>ex</strong></span> <span class='ocrx_word' id='word_1_85' title='bbox 923 1232 1031 1286; x_wconf 90' lang='lat' dir='ltr'><strong>illis</strong></span> <span class='ocrx_word' id='word_1_86' title='bbox 1076 1232 1370 1301; x_wconf 83' lang='lat' dir='ltr'><strong>lapidibus,</strong></span> <span class='ocrx_word' id='word_1_87' title='bbox 1435 1231 1722 1287; x_wconf 82' lang='lat' dir='ltr'><strong>veritatem</strong></span> <span class='ocrx_word' id='word_1_88' title='bbox 1790 1244 1921 1285; x_wconf 91' lang='lat' dir='ltr'><strong>vero</strong></span> 
     </span>
    </p>
   </div>
   <div class='ocr_carea' id='block_1_15' title="bbox 334 1320 1923 1393">
    <p class='ocr_par' dir='ltr' id='par_1_15' title="bbox 334 1320 1923 1393">
     <span class='ocr_line' id='line_1_15' title="bbox 334 1320 1923 1393; baseline -0.003 -15"><span class='ocrx_word' id='word_1_89' title='bbox 334 1323 617 1393; x_wconf 86' lang='lat' dir='ltr'><strong>signorum</strong></span> <span class='ocrx_word' id='word_1_90' title='bbox 670 1322 1044 1376; x_wconf 88' lang='lat' dir='ltr'><strong>veracitatcm.</strong></span> <span class='ocrx_word' id='word_1_91' title='bbox 1112 1320 1228 1375; x_wconf 84' lang='lat' dir='ltr'><strong>Hoc</strong></span> <span class='ocrx_word' id='word_1_92' title='bbox 1284 1321 1431 1376; x_wconf 92' lang='lat' dir='ltr'><strong>enim</strong></span> <span class='ocrx_word' id='word_1_93' title='bbox 1478 1320 1923 1375; x_wconf 83' lang='lat' dir='ltr'><strong>animadverten-</strong></span> 
     </span>
    </p>
   </div>
   <div class='ocr_carea' id='block_1_16' title="bbox 332 1411 1918 1482">
    <p class='ocr_par' dir='ltr' id='par_1_16' title="bbox 332 1411 1918 1482">
     <span class='ocr_line' id='line_1_16' title="bbox 332 1411 1918 1482; baseline 0.001 -18"><span class='ocrx_word' id='word_1_94' title='bbox 332 1415 462 1467; x_wconf 90' lang='lat' dir='ltr'><strong>dum</strong></span> <span class='ocrx_word' id='word_1_95' title='bbox 491 1426 692 1469; x_wconf 88' lang='lat' dir='ltr'><strong>censeo</strong></span> <span class='ocrx_word' id='word_1_96' title='bbox 731 1412 877 1481; x_wconf 91' lang='lat' dir='ltr'><strong>quod</strong></span> <span class='ocrx_word' id='word_1_97' title='bbox 917 1411 1287 1467; x_wconf 89' lang='lat' dir='ltr'><strong>crassioribus</strong></span> <span class='ocrx_word' id='word_1_98' title='bbox 1317 1411 1482 1482; x_wconf 85' lang='lat' dir='ltr'><strong>hujus</strong></span> <span class='ocrx_word' id='word_1_99' title='bbox 1522 1411 1699 1466; x_wconf 64' lang='lat' dir='ltr'><strong>artatis</strong></span> <span class='ocrx_word' id='word_1_100' title='bbox 1736 1412 1918 1466; x_wconf 84' lang='lat' dir='ltr'><strong>homi-</strong></span> 
     </span>
    </p>
   </div>
   <div class='ocr_carea' id='block_1_17' title="bbox 334 1502 1919 1573">
    <p class='ocr_par' dir='ltr' id='par_1_17' title="bbox 334 1502 1919 1573">
     <span class='ocr_line' id='line_1_17' title="bbox 334 1502 1919 1573; baseline -0.001 -16"><span class='ocrx_word' id='word_1_101' title='bbox 334 1506 494 1559; x_wconf 91' lang='lat' dir='ltr'><strong>nibus</strong></span> <span class='ocrx_word' id='word_1_102' title='bbox 524 1520 689 1573; x_wconf 91' lang='lat' dir='ltr'><strong>quam</strong></span> <span class='ocrx_word' id='word_1_103' title='bbox 720 1513 780 1558; x_wconf 84' lang='lat' dir='ltr'><strong>ut</strong></span> <span class='ocrx_word' id='word_1_104' title='bbox 817 1503 1127 1573; x_wconf 87' lang='lat' dir='ltr'><strong>spiritualia</strong></span> <span class='ocrx_word' id='word_1_105' title='bbox 1154 1503 1522 1573; x_wconf 88' lang='lat' dir='ltr'><strong>intelligerent</strong></span> <span class='ocrx_word' id='word_1_106' title='bbox 1572 1502 1919 1571; x_wconf 85' lang='lat' dir='ltr'><strong>sapientissi-</strong></span> 
     </span>
    </p>
   </div>
   <div class='ocr_carea' id='block_1_18' title="bbox 333 1594 1916 1667">
    <p class='ocr_par' dir='ltr' id='par_1_18' title="bbox 333 1594 1916 1667">
     <span class='ocr_line' id='line_1_18' title="bbox 333 1594 1916 1667; baseline 0 -18"><span class='ocrx_word' id='word_1_107' title='bbox 333 1612 456 1651; x_wconf 90' lang='lat' dir='ltr'><strong>mus</strong></span> <span class='ocrx_word' id='word_1_108' title='bbox 478 1595 740 1651; x_wconf 89' lang='lat' dir='ltr'><strong>Dominus</strong></span> <span class='ocrx_word' id='word_1_109' title='bbox 770 1607 955 1651; x_wconf 87' lang='lat' dir='ltr'><strong>noster</strong></span> <span class='ocrx_word' id='word_1_110' title='bbox 981 1612 1076 1665; x_wconf 85' lang='lat' dir='ltr'><strong>per</strong></span> <span class='ocrx_word' id='word_1_111' title='bbox 1094 1610 1355 1666; x_wconf 89' lang='lat' dir='ltr'><strong>corporea</strong></span> <span class='ocrx_word' id='word_1_112' title='bbox 1380 1594 1624 1667; x_wconf 85' lang='lat' dir='ltr'><strong>symbola</strong></span> <span class='ocrx_word' id='word_1_113' title='bbox 1655 1596 1916 1649; x_wconf 82' lang='lat' dir='ltr'><strong>auxilium</strong></span> 
     </span>
    </p>
   </div>
   <div class='ocr_carea' id='block_1_19' title="bbox 329 1688 1917 1760">
    <p class='ocr_par' dir='ltr' id='par_1_19' title="bbox 329 1688 1917 1760">
     <span class='ocr_line' id='line_1_19' title="bbox 329 1688 1917 1760; baseline 0.001 -17"><span class='ocrx_word' id='word_1_114' title='bbox 329 1690 722 1760; x_wconf 81' lang='lat' dir='ltr'><strong>suppeditavit,</strong></span> <span class='ocrx_word' id='word_1_115' title='bbox 780 1690 938 1744; x_wconf 86' lang='lat' dir='ltr'><strong>nobis</strong></span> <span class='ocrx_word' id='word_1_116' title='bbox 991 1698 1174 1743; x_wconf 86' lang='lat' dir='ltr'><strong>autem</strong></span> <span class='ocrx_word' id='word_1_117' title='bbox 1205 1688 1599 1759; x_wconf 87' lang='lat' dir='ltr'><strong>interpretatur</strong></span> <span class='ocrx_word' id='word_1_118' title='bbox 1640 1692 1917 1760; x_wconf 84' lang='lat' dir='ltr'><strong>pectorale</strong></span> 
     </span>
    </p>
   </div>
   <div class='ocr_carea' id='block_1_20' title="bbox 2035 496 3635 572">
    <p class='ocr_par' dir='ltr' id='par_1_20' title="bbox 2035 496 3635 572">
     <span class='ocr_line' id='line_1_20' title="bbox 2035 496 3635 572; baseline 0.003 -23"><span class='ocrx_word' id='word_1_119' title='bbox 2035 496 2568 568; x_wconf 86' lang='grc' dir='ltr'>προσηρμοσμένους</span> <span class='ocrx_word' id='word_1_120' title='bbox 2601 496 2859 569; x_wconf 77' lang='grc' dir='ltr'>διάφορον</span> <span class='ocrx_word' id='word_1_121' title='bbox 2904 498 3131 569; x_wconf 81' lang='grc' dir='ltr'>ἔχοντας</span> <span class='ocrx_word' id='word_1_122' title='bbox 3177 500 3346 572; x_wconf 88' lang='grc' dir='ltr'>χρόαν</span> <span class='ocrx_word' id='word_1_123' title='bbox 3373 517 3386 531; x_wconf 88' lang='grc'><strong>·</strong></span> <span class='ocrx_word' id='word_1_124' title='bbox 3424 501 3517 554; x_wconf 80' lang='grc' dir='ltr'><strong>διὰ</strong></span> <span class='ocrx_word' id='word_1_125' title='bbox 3567 503 3635 555; x_wconf 71' lang='grc' dir='ltr'><strong>δὲ.</strong></span> 
     </span>
    </p>
   </div>
   <div class='ocr_carea' id='block_1_21' title="bbox 2033 586 3629 665">
    <p class='ocr_par' dir='ltr' id='par_1_21' title="bbox 2033 586 3629 665">
     <span class='ocr_line' id='line_1_21' title="bbox 2033 586 3629 665; baseline 0.012 -28"><span class='ocrx_word' id='word_1_126' title='bbox 2033 586 2192 640; x_wconf 84' lang='grc' dir='ltr'>τοῦτο</span> <span class='ocrx_word' id='word_1_127' title='bbox 2234 586 2487 658; x_wconf 80' lang='grc' dir='ltr'><strong>ἐδηλοῦτο</strong></span> <span class='ocrx_word' id='word_1_128' title='bbox 2514 587 2754 659; x_wconf 89' lang='grc' dir='ltr'>πολέμου</span> <span class='ocrx_word' id='word_1_129' title='bbox 2790 590 3290 661; x_wconf 85' lang='grc' dir='ltr'>συγκροτηθέντος,</span> <span class='ocrx_word' id='word_1_130' title='bbox 3321 594 3356 663; x_wconf 76' lang='grc' dir='ltr'>ἢ</span> <span class='ocrx_word' id='word_1_131' title='bbox 3398 593 3520 663; x_wconf 75' lang='grc' dir='ltr'>νίκη</span> <span class='ocrx_word' id='word_1_132' title='bbox 3542 634 3559 657; x_wconf 77' lang='lat'><strong>.</strong></span> <span class='ocrx_word' id='word_1_133' title='bbox 3592 595 3629 665; x_wconf 76' lang='grc' dir='ltr'><strong>ἦ</strong></span> 
     </span>
    </p>
   </div>
   <div class='ocr_carea' id='block_1_22' title="bbox 2030 675 3628 754">
    <p class='ocr_par' dir='ltr' id='par_1_22' title="bbox 2030 675 3628 754">
     <span class='ocr_line' id='line_1_22' title="bbox 2030 675 3628 754; baseline 0.004 -23"><span class='ocrx_word' id='word_1_134' title='bbox 2030 675 2169 750; x_wconf 79' lang='grc' dir='ltr'>ἧττα</span> <span class='ocrx_word' id='word_1_135' title='bbox 2194 695 2208 710; x_wconf 88' lang='grc'><strong>·</strong></span> <span class='ocrx_word' id='word_1_136' title='bbox 2246 679 2341 732; x_wconf 78' lang='grc' dir='ltr'>καὶ</span> <span class='ocrx_word' id='word_1_137' title='bbox 2378 676 2540 734; x_wconf 85' lang='grc' dir='ltr'>τοῦτο</span> <span class='ocrx_word' id='word_1_138' title='bbox 2566 681 2624 734; x_wconf 85' lang='grc' dir='ltr'><strong>δέ</strong></span> <span class='ocrx_word' id='word_1_139' title='bbox 2662 682 2774 736; x_wconf 85' lang='grc' dir='ltr'>τῶν</span> <span class='ocrx_word' id='word_1_140' title='bbox 2803 681 3101 737; x_wconf 84' lang='grc' dir='ltr'>Βασιλειῶν</span> <span class='ocrx_word' id='word_1_141' title='bbox 3132 684 3165 754; x_wconf 83' lang='grc' dir='ltr'>ἡ</span> <span class='ocrx_word' id='word_1_142' title='bbox 3219 684 3437 753; x_wconf 75' lang='grc' dir='ltr'><strong>ἱστορία</strong></span> <span class='ocrx_word' id='word_1_143' title='bbox 3481 685 3628 737; x_wconf 78' lang='grc' dir='ltr'>διδά-</span> 
     </span>
    </p>
   </div>
   <div class='ocr_carea' id='block_1_23' title="bbox 2033 773 3631 846">
    <p class='ocr_par' dir='ltr' id='par_1_23' title="bbox 2033 773 3631 846">
     <span class='ocr_line' id='line_1_23' title="bbox 2033 773 3631 846; baseline 0.003 -22"><span class='ocrx_word' id='word_1_144' title='bbox 2033 788 2193 824; x_wconf 77' lang='grc' dir='ltr'>σκειο</span> <span class='ocrx_word' id='word_1_145' title='bbox 2255 773 2807 843; x_wconf 75' lang='grc' dir='ltr'><strong>ἐπιστρατευσάντων</strong></span> <span class='ocrx_word' id='word_1_146' title='bbox 2878 774 2989 845; x_wconf 74' lang='grc' dir='ltr'><strong>γὰρ</strong></span> <span class='ocrx_word' id='word_1_147' title='bbox 3038 776 3149 828; x_wconf 80' lang='grc' dir='ltr'>τῶν</span> <span class='ocrx_word' id='word_1_148' title='bbox 3216 775 3497 846; x_wconf 85' lang='grc' dir='ltr'>πολεμίων</span> <span class='ocrx_word' id='word_1_149' title='bbox 3547 775 3631 844; x_wconf 81' lang='grc' dir='ltr'>τῷ</span> 
     </span>
    </p>
   </div>
   <div class='ocr_carea' id='block_1_24' title="bbox 2044 862 3627 938">
    <p class='ocr_par' dir='ltr' id='par_1_24' title="bbox 2044 862 3627 938">
     <span class='ocr_line' id='line_1_24' title="bbox 2044 862 3627 938; baseline 0.004 -23"><span class='ocrx_word' id='word_1_150' title='bbox 2044 862 2260 933; x_wconf 76' lang='grc' dir='ltr'>Ἰσραὴλ</span> <span class='ocrx_word' id='word_1_151' title='bbox 2286 862 2349 917; x_wconf 81' lang='grc' dir='ltr'>οὐ</span> <span class='ocrx_word' id='word_1_152' title='bbox 2375 864 2643 936; x_wconf 81' lang='grc' dir='ltr'>πρότερον</span> <span class='ocrx_word' id='word_1_153' title='bbox 2686 866 2991 937; x_wconf 85' lang='grc' dir='ltr'>ἐτόλμησεν</span> <span class='ocrx_word' id='word_1_154' title='bbox 3020 868 3049 919; x_wconf 97' lang='lat'><strong>6</strong></span> <span class='ocrx_word' id='word_1_155' title='bbox 3083 868 3260 921; x_wconf 78' lang='grc' dir='ltr'>Σαοὺλ</span> <span class='ocrx_word' id='word_1_156' title='bbox 3300 869 3627 938; x_wconf 76' lang='grc' dir='ltr'>παρατάξα-</span> 
     </span>
    </p>
   </div>
   <div class='ocr_carea' id='block_1_25' title="bbox 2031 954 3629 1031">
    <p class='ocr_par' dir='ltr' id='par_1_25' title="bbox 2031 954 3629 1031">
     <span class='ocr_line' id='line_1_25' title="bbox 2031 954 3629 1031; baseline 0.003 -24"><span class='ocrx_word' id='word_1_157' title='bbox 2031 954 2179 1020; x_wconf 91' lang='grc' dir='ltr'>σθαι,</span> <span class='ocrx_word' id='word_1_158' title='bbox 2209 956 2314 1022; x_wconf 74' lang='grc' dir='ltr'>ἕως</span> <span class='ocrx_word' id='word_1_159' title='bbox 2339 955 2445 1011; x_wconf 73' lang='grc' dir='ltr'>εἶδε</span> <span class='ocrx_word' id='word_1_160' title='bbox 2470 957 2538 1011; x_wconf 82' lang='grc' dir='ltr'>τὰ</span> <span class='ocrx_word' id='word_1_161' title='bbox 2555 959 2656 1029; x_wconf 85' lang='grc' dir='ltr'>τῆς</span> <span class='ocrx_word' id='word_1_162' title='bbox 2687 959 2845 1030; x_wconf 81' lang='grc' dir='ltr'>νίκης</span> <span class='ocrx_word' id='word_1_163' title='bbox 2871 959 3167 1031; x_wconf 79' lang='grc' dir='ltr'><strong>μηνύματα</strong></span> <span class='ocrx_word' id='word_1_164' title='bbox 3190 977 3206 992; x_wconf 74' lang='grc'>⁸</span> <span class='ocrx_word' id='word_1_165' title='bbox 3234 961 3323 1014; x_wconf 79' lang='grc' dir='ltr'><strong>διὰ</strong></span> <span class='ocrx_word' id='word_1_166' title='bbox 3356 961 3517 1014; x_wconf 90' lang='grc' dir='ltr'>τοῦτο</span> <span class='ocrx_word' id='word_1_167' title='bbox 3548 962 3629 1014; x_wconf 68' lang='grc' dir='ltr'>είς</span> 
     </span>
    </p>
   </div>
   <div class='ocr_carea' id='block_1_26' title="bbox 2030 1045 3627 1121">
    <p class='ocr_par' dir='ltr' id='par_1_26' title="bbox 2030 1045 3627 1121">
     <span class='ocr_line' id='line_1_26' title="bbox 2030 1045 3627 1121; baseline 0.003 -24"><span class='ocrx_word' id='word_1_168' title='bbox 2030 1045 2214 1115; x_wconf 87' lang='grc' dir='ltr'>ρηκὼς</span> <span class='ocrx_word' id='word_1_169' title='bbox 2239 1048 2267 1099; x_wconf 88' lang='lat'><strong>6</strong></span> <span class='ocrx_word' id='word_1_170' title='bbox 2290 1047 2399 1100; x_wconf 87' lang='grc' dir='ltr'>τῶν</span> <span class='ocrx_word' id='word_1_171' title='bbox 2419 1047 2556 1101; x_wconf 79' lang='grc' dir='ltr'>ὅλων</span> <span class='ocrx_word' id='word_1_172' title='bbox 2583 1048 2716 1111; x_wconf 83' lang='grc' dir='ltr'>Θεός</span> <span class='ocrx_word' id='word_1_173' title='bbox 2742 1064 2756 1079; x_wconf 89' lang='grc'><strong>·</strong></span> <span class='ocrx_word' id='word_1_174' title='bbox 2786 1066 2806 1099; x_wconf 79' lang='grc' dir='ltr'><strong>ι</strong></span> <span class='ocrx_word' id='word_1_175' title='bbox 2856 1050 2965 1102; x_wconf 74' lang='grc' dir='ltr'><strong>Καὶ</strong></span> <span class='ocrx_word' id='word_1_176' title='bbox 2996 1048 3282 1121; x_wconf 72' lang='grc' dir='ltr'><strong>ἐπιθήσεις</strong></span> <span class='ocrx_word' id='word_1_177' title='bbox 3310 1051 3372 1104; x_wconf 78' lang='grc' dir='ltr'>τὸ</span> <span class='ocrx_word' id='word_1_178' title='bbox 3413 1050 3627 1117; x_wconf 75' lang='grc' dir='ltr'>λογεῖον</span> 
     </span>
    </p>
   </div>
   <div class='ocr_carea' id='block_1_27' title="bbox 2026 1136 3627 1211">
    <p class='ocr_par' dir='ltr' id='par_1_27' title="bbox 2026 1136 3627 1211">
     <span class='ocr_line' id='line_1_27' title="bbox 2026 1136 3627 1211; baseline 0.001 -20"><span class='ocrx_word' id='word_1_179' title='bbox 2026 1136 2124 1205; x_wconf 79' lang='grc' dir='ltr'><strong>τῆς</strong></span> <span class='ocrx_word' id='word_1_180' title='bbox 2166 1137 2402 1207; x_wconf 83' lang='grc' dir='ltr'>κρίσεως</span> <span class='ocrx_word' id='word_1_181' title='bbox 2451 1138 2545 1191; x_wconf 78' lang='grc' dir='ltr'>ἐπὶ</span> <span class='ocrx_word' id='word_1_182' title='bbox 2595 1140 2659 1193; x_wconf 83' lang='grc' dir='ltr'>τὸ</span> <span class='ocrx_word' id='word_1_183' title='bbox 2692 1139 2890 1211; x_wconf 84' lang='grc' dir='ltr'>στῆθος</span> <span class='ocrx_word' id='word_1_184' title='bbox 2943 1139 3190 1211; x_wconf 85' lang='grc' dir='ltr'>Ἀαρὼν,</span> <span class='ocrx_word' id='word_1_185' title='bbox 3241 1142 3337 1194; x_wconf 73' lang='grc' dir='ltr'>καὶ</span> <span class='ocrx_word' id='word_1_186' title='bbox 3364 1140 3627 1208; x_wconf 60' lang='grc' dir='ltr'>συνάψεις</span> 
     </span>
    </p>
   </div>
   <div class='ocr_carea' id='block_1_28' title="bbox 2025 1226 3629 1301">
    <p class='ocr_par' dir='ltr' id='par_1_28' title="bbox 2025 1226 3629 1301">
     <span class='ocr_line' id='line_1_28' title="bbox 2025 1226 3629 1301; baseline 0.004 -23"><span class='ocrx_word' id='word_1_187' title='bbox 2025 1226 2157 1280; x_wconf 77' lang='grc' dir='ltr'>αὐτὸ</span> <span class='ocrx_word' id='word_1_188' title='bbox 2182 1226 2317 1298; x_wconf 80' lang='grc' dir='ltr'>πρὸς</span> <span class='ocrx_word' id='word_1_189' title='bbox 2341 1227 2439 1297; x_wconf 87' lang='grc' dir='ltr'>τὴν</span> <span class='ocrx_word' id='word_1_190' title='bbox 2467 1228 2718 1300; x_wconf 79' lang='grc' dir='ltr'>ἐπωμίδα</span> <span class='ocrx_word' id='word_1_191' title='bbox 2743 1250 2757 1263; x_wconf 79' lang='grc' dir='ltr'><strong><em>ο</em></strong></span> <span class='ocrx_word' id='word_1_192' title='bbox 2787 1248 2804 1282; x_wconf 75' lang='grc' dir='ltr'><strong>ι</strong></span> <span class='ocrx_word' id='word_1_193' title='bbox 2833 1231 3085 1299; x_wconf 81' lang='grc' dir='ltr'>ἐπήγαγε</span> <span class='ocrx_word' id='word_1_194' title='bbox 3105 1248 3117 1261; x_wconf 91' lang='grc'><strong>·</strong></span> <span class='ocrx_word' id='word_1_195' title='bbox 3153 1249 3172 1282; x_wconf 81' lang='grc' dir='ltr'><strong>ι</strong></span> <span class='ocrx_word' id='word_1_196' title='bbox 3204 1231 3313 1283; x_wconf 73' lang='grc' dir='ltr'><strong>Καὶ</strong></span> <span class='ocrx_word' id='word_1_197' title='bbox 3337 1232 3629 1301; x_wconf 74' lang='grc' dir='ltr'>ἐπιθήσεις</span> 
     </span>
    </p>
   </div>
   <div class='ocr_carea' id='block_1_29' title="bbox 2028 1319 3629 1393">
    <p class='ocr_par' dir='ltr' id='par_1_29' title="bbox 2028 1319 3629 1393">
     <span class='ocr_line' id='line_1_29' title="bbox 2028 1319 3629 1393; baseline 0.002 -22"><span class='ocrx_word' id='word_1_198' title='bbox 2028 1319 2181 1389; x_wconf 82' lang='grc' dir='ltr'><strong>αὐτῷ</strong></span> <span class='ocrx_word' id='word_1_199' title='bbox 2209 1319 2307 1391; x_wconf 80' lang='grc' dir='ltr'>τὴν</span> <span class='ocrx_word' id='word_1_200' title='bbox 2345 1320 2580 1391; x_wconf 84' lang='grc' dir='ltr'>δήλωσιν</span> <span class='ocrx_word' id='word_1_201' title='bbox 2611 1322 2708 1376; x_wconf 75' lang='grc' dir='ltr'><strong>καὶ</strong></span> <span class='ocrx_word' id='word_1_202' title='bbox 2732 1322 2830 1392; x_wconf 82' lang='grc' dir='ltr'>τὴν</span> <span class='ocrx_word' id='word_1_203' title='bbox 2873 1322 3134 1393; x_wconf 82' lang='grc' dir='ltr'>ἀλήθειαν</span> <span class='ocrx_word' id='word_1_204' title='bbox 3160 1338 3176 1354; x_wconf 87' lang='grc'><strong>·</strong></span> <span class='ocrx_word' id='word_1_205' title='bbox 3212 1341 3229 1375; x_wconf 76' lang='grc' dir='ltr'><strong>ι</strong></span> <span class='ocrx_word' id='word_1_206' title='bbox 3259 1325 3355 1377; x_wconf 80' lang='grc' dir='ltr'><strong>καὶ</strong></span> <span class='ocrx_word' id='word_1_207' title='bbox 3386 1324 3629 1393; x_wconf 82' lang='grc' dir='ltr'>δήλωσιν</span> 
     </span>
    </p>
   </div>
   <div class='ocr_carea' id='block_1_30' title="bbox 2026 1411 3626 1486">
    <p class='ocr_par' dir='ltr' id='par_1_30' title="bbox 2026 1411 3626 1486">
     <span class='ocr_line' id='line_1_30' title="bbox 2026 1411 3626 1486; baseline 0.002 -22"><span class='ocrx_word' id='word_1_208' title='bbox 2026 1411 2128 1480; x_wconf 80' lang='grc' dir='ltr'>μὲν</span> <span class='ocrx_word' id='word_1_209' title='bbox 2156 1412 2417 1466; x_wconf 77' lang='grc' dir='ltr'>ἐκάλεσεν</span> <span class='ocrx_word' id='word_1_210' title='bbox 2445 1414 2514 1467; x_wconf 88' lang='grc' dir='ltr'><strong>τά</strong></span> <span class='ocrx_word' id='word_1_211' title='bbox 2536 1414 2747 1468; x_wconf 85' lang='grc' dir='ltr'>ἐκεῖθεν</span> <span class='ocrx_word' id='word_1_212' title='bbox 2772 1415 3068 1486; x_wconf 80' lang='grc' dir='ltr'><strong>μηνύματα</strong></span> <span class='ocrx_word' id='word_1_213' title='bbox 3087 1431 3103 1446; x_wconf 89' lang='grc'><strong>·</strong></span> <span class='ocrx_word' id='word_1_214' title='bbox 3139 1415 3403 1486; x_wconf 81' lang='grc' dir='ltr'>ἀλήθειαν</span> <span class='ocrx_word' id='word_1_215' title='bbox 3432 1416 3489 1468; x_wconf 83' lang='grc' dir='ltr'>δὲ</span> <span class='ocrx_word' id='word_1_216' title='bbox 3510 1416 3626 1468; x_wconf 82' lang='grc' dir='ltr'><strong>τῶν</strong></span> 
     </span>
    </p>
   </div>
   <div class='ocr_carea' id='block_1_31' title="bbox 2029 1504 3625 1578">
    <p class='ocr_par' dir='ltr' id='par_1_31' title="bbox 2029 1504 3625 1578">
     <span class='ocr_line' id='line_1_31' title="bbox 2029 1504 3625 1578; baseline 0.004 -23"><span class='ocrx_word' id='word_1_217' title='bbox 2029 1504 2361 1574; x_wconf 82' lang='grc' dir='ltr'><strong>μηνυμάτων</strong></span> <span class='ocrx_word' id='word_1_218' title='bbox 2392 1505 2452 1558; x_wconf 86' lang='grc' dir='ltr'>τὸ</span> <span class='ocrx_word' id='word_1_219' title='bbox 2498 1506 2729 1576; x_wconf 75' lang='grc' dir='ltr'>ἀψευδές</span> <span class='ocrx_word' id='word_1_220' title='bbox 2757 1523 2771 1536; x_wconf 73' lang='grc' dir='ltr'><strong>ο</strong></span> <span class='ocrx_word' id='word_1_221' title='bbox 2804 1508 2979 1563; x_wconf 86' lang='grc' dir='ltr'>ίστέον</span> <span class='ocrx_word' id='word_1_222' title='bbox 3025 1508 3127 1578; x_wconf 86' lang='grc' dir='ltr'><strong>μέν</strong></span> <span class='ocrx_word' id='word_1_223' title='bbox 3154 1524 3238 1560; x_wconf 87' lang='grc' dir='ltr'><strong>τοι</strong></span> <span class='ocrx_word' id='word_1_224' title='bbox 3270 1508 3347 1573; x_wconf 84' lang='grc' dir='ltr'><strong>ὡς</strong></span> <span class='ocrx_word' id='word_1_225' title='bbox 3383 1508 3625 1578; x_wconf 81' lang='grc' dir='ltr'>παχυτέ-</span> 
     </span>
    </p>
   </div>
   <div class='ocr_carea' id='block_1_32' title="bbox 2026 1595 3620 1672">
    <p class='ocr_par' dir='ltr' id='par_1_32' title="bbox 2026 1595 3620 1672">
     <span class='ocr_line' id='line_1_32' title="bbox 2026 1595 3620 1672; baseline 0.003 -24"><span class='ocrx_word' id='word_1_226' title='bbox 2026 1611 2141 1664; x_wconf 84' lang='grc' dir='ltr'>ροις</span> <span class='ocrx_word' id='word_1_227' title='bbox 2160 1595 2279 1649; x_wconf 82' lang='grc' dir='ltr'>οῦσι</span> <span class='ocrx_word' id='word_1_228' title='bbox 2309 1599 2421 1661; x_wconf 85' lang='grc' dir='ltr'>τοῖς</span> <span class='ocrx_word' id='word_1_229' title='bbox 2455 1599 2759 1668; x_wconf 82' lang='grc' dir='ltr'>τηνικαῦτα</span> <span class='ocrx_word' id='word_1_230' title='bbox 2798 1602 2894 1653; x_wconf 71' lang='grc' dir='ltr'>καὶ</span> <span class='ocrx_word' id='word_1_231' title='bbox 2928 1600 3038 1654; x_wconf 87' lang='grc' dir='ltr'><strong>τῶν</strong></span> <span class='ocrx_word' id='word_1_232' title='bbox 3068 1600 3279 1672; x_wconf 82' lang='grc' dir='ltr'>νοητῶν</span> <span class='ocrx_word' id='word_1_233' title='bbox 3324 1600 3620 1669; x_wconf 79' lang='grc' dir='ltr'>ἐφικέσθαι</span> 
     </span>
    </p>
   </div>
   <div class='ocr_carea' id='block_1_33' title="bbox 2027 1685 3622 1764">
    <p class='ocr_par' dir='ltr' id='par_1_33' title="bbox 2027 1685 3622 1764">
     <span class='ocr_line' id='line_1_33' title="bbox 2027 1685 3622 1764; baseline 0.003 -26"><span class='ocrx_word' id='word_1_234' title='bbox 2027 1685 2102 1756; x_wconf 80' lang='grc' dir='ltr'>μὴ</span> <span class='ocrx_word' id='word_1_235' title='bbox 2134 1686 2489 1758; x_wconf 78' lang='grc' dir='ltr'>δυναμένοις,</span> <span class='ocrx_word' id='word_1_236' title='bbox 2519 1688 2607 1742; x_wconf 83' lang='grc' dir='ltr'><strong>διὰ</strong></span> <span class='ocrx_word' id='word_1_237' title='bbox 2653 1689 2761 1743; x_wconf 86' lang='grc' dir='ltr'><strong>τῶν</strong></span> <span class='ocrx_word' id='word_1_238' title='bbox 2797 1691 3128 1761; x_wconf 82' lang='grc' dir='ltr'>σωματικῶν</span> <span class='ocrx_word' id='word_1_239' title='bbox 3171 1692 3459 1764; x_wconf 79' lang='grc' dir='ltr'>συμϐόλων</span> <span class='ocrx_word' id='word_1_240' title='bbox 3514 1694 3622 1762; x_wconf 75' lang='grc' dir='ltr'>τὴν</span> 
     </span>
    </p>
   </div>
   <div class='ocr_carea' id='block_1_34' title="bbox 331 1767 1930 1858">
    <p class='ocr_par' dir='ltr' id='par_1_34' title="bbox 331 1780 1921 1852">
     <span class='ocr_line' id='line_1_34' title="bbox 331 1780 1921 1852; baseline 0.001 -15"><span class='ocrx_word' id='word_1_241' title='bbox 331 1782 637 1851; x_wconf 80' lang='lat' dir='ltr'><strong>speeulatio</strong></span> <span class='ocrx_word' id='word_1_242' title='bbox 666 1782 1057 1851; x_wconf 84' lang='lat' dir='ltr'><strong>spiritualium,</strong></span> <span class='ocrx_word' id='word_1_243' title='bbox 1092 1781 1338 1852; x_wconf 83' lang='lat' dir='ltr'><strong>chlamys</strong></span> <span class='ocrx_word' id='word_1_244' title='bbox 1380 1780 1644 1852; x_wconf 84' lang='lat' dir='ltr'><strong>perfectio</strong></span> <span class='ocrx_word' id='word_1_245' title='bbox 1675 1782 1921 1847; x_wconf 87' lang='lat' dir='ltr'><strong>virtutis,</strong></span> 
     </span>
    </p>
   </div>
   <div class='ocr_carea' id='block_1_35' title="bbox 2019 1767 3617 1858">
    <p class='ocr_par' dir='ltr' id='par_1_35' title="bbox 2028 1780 3617 1858">
     <span class='ocr_line' id='line_1_35' title="bbox 2028 1780 3617 1858; baseline 0.004 -25"><span class='ocrx_word' id='word_1_246' title='bbox 2028 1780 2298 1849; x_wconf 73' lang='grc' dir='ltr'>ὠφέλειαν</span> <span class='ocrx_word' id='word_1_247' title='bbox 2362 1782 2391 1834; x_wconf 87' lang='grc' dir='ltr'>ὁ</span> <span class='ocrx_word' id='word_1_248' title='bbox 2415 1782 2692 1851; x_wconf 84' lang='grc' dir='ltr'>πάνσοφος</span> <span class='ocrx_word' id='word_1_249' title='bbox 2751 1786 2910 1856; x_wconf 73' lang='grc' dir='ltr'>ἡμῶν</span> <span class='ocrx_word' id='word_1_250' title='bbox 2976 1785 3258 1856; x_wconf 83' lang='grc' dir='ltr'>Δεσπότης</span> <span class='ocrx_word' id='word_1_251' title='bbox 3319 1786 3617 1858; x_wconf 86' lang='grc' dir='ltr'>ἐπραγμα-</span> 
     </span>
    </p>
   </div>
   <div class='ocr_carea' id='block_1_36' title="bbox 327 1872 1923 1946">
    <p class='ocr_par' dir='ltr' id='par_1_36' title="bbox 327 1872 1923 1946">
     <span class='ocr_line' id='line_1_36' title="bbox 327 1872 1923 1946; baseline 0.001 -17"><span class='ocrx_word' id='word_1_252' title='bbox 327 1877 591 1944; x_wconf 78' lang='lat' dir='ltr'><strong>iunctura</strong></span> <span class='ocrx_word' id='word_1_253' title='bbox 621 1881 804 1929; x_wconf 88' lang='lat' dir='ltr'><strong>autem</strong></span> <span class='ocrx_word' id='word_1_254' title='bbox 826 1874 1097 1929; x_wconf 85' lang='lat' dir='ltr'><strong>concinna</strong></span> <span class='ocrx_word' id='word_1_255' title='bbox 1116 1872 1408 1943; x_wconf 88' lang='lat' dir='ltr'><strong>pectoralis</strong></span> <span class='ocrx_word' id='word_1_256' title='bbox 1424 1873 1793 1946; x_wconf 77' lang='lat' dir='ltr'><strong>etchlam&#39;ydis</strong></span> <span class='ocrx_word' id='word_1_257' title='bbox 1822 1891 1923 1929; x_wconf 80' lang='lat' dir='ltr'><strong>no-</strong></span> 
     </span>
    </p>
   </div>
   <div class='ocr_carea' id='block_1_37' title="bbox 335 1964 1917 2037">
    <p class='ocr_par' dir='ltr' id='par_1_37' title="bbox 335 1964 1917 2037">
     <span class='ocr_line' id='line_1_37' title="bbox 335 1964 1917 2037; baseline 0.003 -18"><span class='ocrx_word' id='word_1_258' title='bbox 335 1967 421 2022; x_wconf 87' lang='lat' dir='ltr'><strong>his</strong></span> <span class='ocrx_word' id='word_1_259' title='bbox 448 1968 678 2037; x_wconf 81' lang='lat' dir='ltr'><strong>ﬁgurate</strong></span> <span class='ocrx_word' id='word_1_260' title='bbox 704 1966 863 2021; x_wconf 86' lang='lat' dir='ltr'><strong>docet</strong></span> <span class='ocrx_word' id='word_1_261' title='bbox 894 1966 1016 2022; x_wconf 88' lang='lat' dir='ltr'><strong>ﬁdei</strong></span> <span class='ocrx_word' id='word_1_262' title='bbox 1048 1975 1104 2021; x_wconf 91' lang='lat' dir='ltr'><strong>et</strong></span> <span class='ocrx_word' id='word_1_263' title='bbox 1130 1964 1393 2021; x_wconf 69' lang='lat' dir='ltr'><strong>eﬁectiva:</strong></span> <span class='ocrx_word' id='word_1_264' title='bbox 1424 1966 1641 2021; x_wconf 83' lang='lat' dir='ltr'><strong>virtutis</strong></span> <span class='ocrx_word' id='word_1_265' title='bbox 1680 1981 1917 2023; x_wconf 88' lang='lat' dir='ltr'><strong>concen-</strong></span> 
     </span>
    </p>
   </div>
   <div class='ocr_carea' id='block_1_38' title="bbox 334 2056 1915 2126">
    <p class='ocr_par' dir='ltr' id='par_1_38' title="bbox 334 2056 1915 2126">
     <span class='ocr_line' id='line_1_38' title="bbox 334 2056 1915 2126; baseline 0.003 -17"><span class='ocrx_word' id='word_1_266' title='bbox 334 2056 564 2111; x_wconf 89' lang='lat' dir='ltr'><strong>tionem.</strong></span> <span class='ocrx_word' id='word_1_267' title='bbox 600 2056 844 2111; x_wconf 88' lang='lat' dir='ltr'><strong>Primum</strong></span> <span class='ocrx_word' id='word_1_268' title='bbox 878 2056 1093 2126; x_wconf 90' lang='lat' dir='ltr'><strong>imponi</strong></span> <span class='ocrx_word' id='word_1_269' title='bbox 1114 2056 1485 2126; x_wconf 80' lang='lat' dir='ltr'><strong>chlamydem,</strong></span> <span class='ocrx_word' id='word_1_270' title='bbox 1536 2056 1735 2111; x_wconf 86' lang='lat' dir='ltr'><strong>deinde</strong></span> <span class='ocrx_word' id='word_1_271' title='bbox 1788 2058 1915 2114; x_wconf 89' lang='lat' dir='ltr'><strong>huic</strong></span> 
     </span>
    </p>
   </div>
   <div class='ocr_carea' id='block_1_39' title="bbox 328 2145 1911 2218">
    <p class='ocr_par' dir='ltr' id='par_1_39' title="bbox 328 2145 1911 2218">
     <span class='ocr_line' id='line_1_39' title="bbox 328 2145 1911 2218; baseline 0.001 -16"><span class='ocrx_word' id='word_1_272' title='bbox 328 2148 608 2217; x_wconf 85' lang='lat' dir='ltr'><strong>pectorale</strong></span> <span class='ocrx_word' id='word_1_273' title='bbox 634 2148 811 2217; x_wconf 91' lang='lat' dir='ltr'><strong>aptari</strong></span> <span class='ocrx_word' id='word_1_274' title='bbox 846 2148 1120 2218; x_wconf 81' lang='lat' dir='ltr'><strong>signiﬁcat</strong></span> <span class='ocrx_word' id='word_1_275' title='bbox 1160 2157 1364 2202; x_wconf 89' lang='lat' dir='ltr'><strong>rectam</strong></span> <span class='ocrx_word' id='word_1_276' title='bbox 1401 2145 1599 2217; x_wconf 84' lang='lat' dir='ltr'><strong>agendi</strong></span> <span class='ocrx_word' id='word_1_277' title='bbox 1648 2147 1911 2205; x_wconf 89' lang='lat' dir='ltr'><strong>rationem</strong></span> 
     </span>
    </p>
   </div>
   <div class='ocr_carea' id='block_1_40' title="bbox 327 2238 1353 2311">
    <p class='ocr_par' dir='ltr' id='par_1_40' title="bbox 327 2238 1353 2311">
     <span class='ocr_line' id='line_1_40' title="bbox 327 2238 1353 2311; baseline -0.001 -18"><span class='ocrx_word' id='word_1_278' title='bbox 327 2238 566 2309; x_wconf 84' lang='lat' dir='ltr'><strong>supponi</strong></span> <span class='ocrx_word' id='word_1_279' title='bbox 588 2239 884 2294; x_wconf 81' lang='lat' dir='ltr'><strong>virtutibus</strong></span> <span class='ocrx_word' id='word_1_280' title='bbox 900 2240 1353 2311; x_wconf 66' lang='lat' dir='ltr'><strong>fundamentum.</strong></span> 
     </span>
    </p>
   </div>
   <div class='ocr_carea' id='block_1_41' title="bbox 2023 1872 3620 1952">
    <p class='ocr_par' dir='ltr' id='par_1_41' title="bbox 2023 1872 3620 1952">
     <span class='ocr_line' id='line_1_41' title="bbox 2023 1872 3620 1952; baseline 0.006 -27"><span class='ocrx_word' id='word_1_281' title='bbox 2023 1872 2210 1926; x_wconf 83' lang='grc' dir='ltr'>τεύετο</span> <span class='ocrx_word' id='word_1_282' title='bbox 2234 1891 2248 1904; x_wconf 68' lang='grc' dir='ltr'><strong><em>υ</em></strong></span> <span class='ocrx_word' id='word_1_283' title='bbox 2281 1876 2375 1929; x_wconf 72' lang='grc' dir='ltr'><strong>καὶ</strong></span> <span class='ocrx_word' id='word_1_284' title='bbox 2394 1876 2690 1948; x_wconf 78' lang='grc' dir='ltr'>γὰρήμεϊς</span> <span class='ocrx_word' id='word_1_285' title='bbox 2738 1878 2970 1948; x_wconf 85' lang='grc' dir='ltr'>νοοῦμεν</span> <span class='ocrx_word' id='word_1_286' title='bbox 2998 1879 3088 1933; x_wconf 85' lang='grc' dir='ltr'><strong>διὰ</strong></span> <span class='ocrx_word' id='word_1_287' title='bbox 3120 1880 3217 1933; x_wconf 92' lang='grc' dir='ltr'><strong>τοῦ</strong></span> <span class='ocrx_word' id='word_1_288' title='bbox 3261 1880 3475 1949; x_wconf 86' lang='grc' dir='ltr'>λογείου</span> <span class='ocrx_word' id='word_1_289' title='bbox 3515 1881 3620 1952; x_wconf 67' lang='grc' dir='ltr'>τὴν</span> 
     </span>
    </p>
   </div>
   <div class='ocr_carea' id='block_1_42' title="bbox 2023 1966 3619 2045">
    <p class='ocr_par' dir='ltr' id='par_1_42' title="bbox 2023 1966 3619 2045">
     <span class='ocr_line' id='line_1_42' title="bbox 2023 1966 3619 2045; baseline 0.004 -26"><span class='ocrx_word' id='word_1_290' title='bbox 2023 1966 2256 2039; x_wconf 82' lang='grc' dir='ltr'>Θεωρίαν</span> <span class='ocrx_word' id='word_1_291' title='bbox 2283 1969 2395 2023; x_wconf 83' lang='grc' dir='ltr'><strong>τῶν</strong></span> <span class='ocrx_word' id='word_1_292' title='bbox 2413 1970 2620 2041; x_wconf 82' lang='grc' dir='ltr'>νοητῶν</span> <span class='ocrx_word' id='word_1_293' title='bbox 2640 1986 2653 1999; x_wconf 72' lang='grc' dir='ltr'>ο</span> <span class='ocrx_word' id='word_1_294' title='bbox 2694 1971 2783 2024; x_wconf 83' lang='grc' dir='ltr'>διὰ</span> <span class='ocrx_word' id='word_1_295' title='bbox 2807 1971 2864 2025; x_wconf 86' lang='grc' dir='ltr'><strong>δέ</strong></span> <span class='ocrx_word' id='word_1_296' title='bbox 2893 1972 2991 2042; x_wconf 85' lang='grc' dir='ltr'>τῆς</span> <span class='ocrx_word' id='word_1_297' title='bbox 3018 1974 3295 2043; x_wconf 82' lang='grc' dir='ltr'>ἐπωμίδος</span> <span class='ocrx_word' id='word_1_298' title='bbox 3319 1973 3418 2045; x_wconf 79' lang='grc' dir='ltr'>τὴν</span> <span class='ocrx_word' id='word_1_299' title='bbox 3444 1976 3619 2044; x_wconf 86' lang='grc' dir='ltr'>ἐργα-</span> 
     </span>
    </p>
   </div>
   <div class='ocr_carea' id='block_1_43' title="bbox 2020 2060 3617 2136">
    <p class='ocr_par' dir='ltr' id='par_1_43' title="bbox 2020 2060 3617 2136">
     <span class='ocr_line' id='line_1_43' title="bbox 2020 2060 3617 2136; baseline 0.006 -25"><span class='ocrx_word' id='word_1_300' title='bbox 2020 2060 2141 2113; x_wconf 87' lang='grc' dir='ltr'>σίαν</span> <span class='ocrx_word' id='word_1_301' title='bbox 2172 2061 2271 2130; x_wconf 80' lang='grc' dir='ltr'>τῆς</span> <span class='ocrx_word' id='word_1_302' title='bbox 2327 2062 2550 2134; x_wconf 85' lang='grc' dir='ltr'>ἀρετῆς,</span> <span class='ocrx_word' id='word_1_303' title='bbox 2584 2064 2677 2117; x_wconf 72' lang='grc' dir='ltr'>καὶ</span> <span class='ocrx_word' id='word_1_304' title='bbox 2701 2063 2801 2134; x_wconf 86' lang='grc' dir='ltr'>τὴν</span> <span class='ocrx_word' id='word_1_305' title='bbox 2829 2064 2925 2118; x_wconf 90' lang='grc' dir='ltr'><strong>τοῦ</strong></span> <span class='ocrx_word' id='word_1_306' title='bbox 2954 2064 3166 2134; x_wconf 84' lang='grc' dir='ltr'>λογείου</span> <span class='ocrx_word' id='word_1_307' title='bbox 3201 2067 3298 2120; x_wconf 72' lang='grc' dir='ltr'><strong>καὶ</strong></span> <span class='ocrx_word' id='word_1_308' title='bbox 3328 2068 3427 2136; x_wconf 81' lang='grc' dir='ltr'>τῆς</span> <span class='ocrx_word' id='word_1_309' title='bbox 3462 2068 3617 2120; x_wconf 75' lang='grc' dir='ltr'>ἐπω-</span> 
     </span>
    </p>
   </div>
   <div class='ocr_carea' id='block_1_44' title="bbox 2017 2152 3617 2229">
    <p class='ocr_par' dir='ltr' id='par_1_44' title="bbox 2017 2152 3617 2229">
     <span class='ocr_line' id='line_1_44' title="bbox 2017 2152 3617 2229; baseline 0.004 -24"><span class='ocrx_word' id='word_1_310' title='bbox 2017 2152 2167 2223; x_wconf 85' lang='grc' dir='ltr'>μίδος</span> <span class='ocrx_word' id='word_1_311' title='bbox 2197 2155 2466 2226; x_wconf 83' lang='grc' dir='ltr'>ἁρμονίαν</span> <span class='ocrx_word' id='word_1_312' title='bbox 2489 2173 2549 2208; x_wconf 88' lang='grc' dir='ltr'><strong>τε</strong></span> <span class='ocrx_word' id='word_1_313' title='bbox 2584 2157 2680 2211; x_wconf 77' lang='grc' dir='ltr'>καὶ</span> <span class='ocrx_word' id='word_1_314' title='bbox 2707 2157 3005 2224; x_wconf 82' lang='grc' dir='ltr'>συνάφειαν</span> <span class='ocrx_word' id='word_1_315' title='bbox 3026 2158 3108 2222; x_wconf 89' lang='grc' dir='ltr'><strong>είς</strong></span> <span class='ocrx_word' id='word_1_316' title='bbox 3126 2156 3224 2229; x_wconf 81' lang='grc' dir='ltr'>τὴν</span> <span class='ocrx_word' id='word_1_317' title='bbox 3246 2160 3345 2229; x_wconf 81' lang='grc' dir='ltr'>τῆς</span> <span class='ocrx_word' id='word_1_318' title='bbox 3375 2158 3617 2221; x_wconf 85' lang='grc' dir='ltr'>πίστεως</span> 
     </span>
    </p>
   </div>
   <div class='ocr_carea' id='block_1_45' title="bbox 2021 2248 3616 2323">
    <p class='ocr_par' dir='ltr' id='par_1_45' title="bbox 2021 2248 3616 2323">
     <span class='ocr_line' id='line_1_45' title="bbox 2021 2248 3616 2323; baseline 0.003 -25"><span class='ocrx_word' id='word_1_319' title='bbox 2021 2248 2115 2299; x_wconf 73' lang='grc' dir='ltr'>καὶ</span> <span class='ocrx_word' id='word_1_320' title='bbox 2158 2248 2256 2318; x_wconf 78' lang='grc' dir='ltr'>τῆς</span> <span class='ocrx_word' id='word_1_321' title='bbox 2279 2249 2493 2318; x_wconf 75' lang='grc' dir='ltr'>ἀγαθῆς</span> <span class='ocrx_word' id='word_1_322' title='bbox 2520 2250 2772 2321; x_wconf 78' lang='grc' dir='ltr'>πράξεως</span> <span class='ocrx_word' id='word_1_323' title='bbox 2798 2250 3149 2323; x_wconf 74' lang='grc' dir='ltr'>λαμϐάνομεν</span> <span class='ocrx_word' id='word_1_324' title='bbox 3177 2251 3516 2322; x_wconf 65' lang='grc' dir='ltr'>συμφωνίαψ</span> <span class='ocrx_word' id='word_1_325' title='bbox 3550 2251 3616 2302; x_wconf 82' lang='grc' dir='ltr'>τὸ</span> 
     </span>
    </p>
   </div>
   <div class='ocr_carea' id='block_1_46' title="bbox 336 2330 3614 2419">
    <p class='ocr_par' dir='ltr' id='par_1_46' title="bbox 336 2330 3614 2419">
     <span class='ocr_line' id='line_1_46' title="bbox 336 2330 3614 2419; baseline 0.003 -32"><span class='ocrx_word' id='word_1_326' title='bbox 336 2334 392 2387; x_wconf 84' lang='grc' dir='ltr'>δὲ</span> <span class='ocrx_word' id='word_1_327' title='bbox 437 2334 675 2406; x_wconf 85' lang='grc' dir='ltr'>πρώτοις</span> <span class='ocrx_word' id='word_1_328' title='bbox 712 2333 1051 2388; x_wconf 81' lang='grc' dir='ltr'>ἐπιτίθεσθαι</span> <span class='ocrx_word' id='word_1_329' title='bbox 1115 2335 1215 2405; x_wconf 76' lang='grc' dir='ltr'>τὴν</span> <span class='ocrx_word' id='word_1_330' title='bbox 1266 2334 1549 2406; x_wconf 76' lang='grc' dir='ltr'>ἐπωμίδα,</span> <span class='ocrx_word' id='word_1_331' title='bbox 1613 2330 1714 2388; x_wconf 79' lang='grc' dir='ltr'>εἶθ’</span> <span class='ocrx_word' id='word_1_332' title='bbox 1759 2334 1931 2400; x_wconf 75' lang='grc' dir='ltr'>οὕτως</span> <span class='ocrx_word' id='word_1_333' title='bbox 1960 2340 2132 2412; x_wconf 81' lang='grc' dir='ltr'>ταύτῃ</span> <span class='ocrx_word' id='word_1_334' title='bbox 2155 2345 2214 2396; x_wconf 88' lang='grc' dir='ltr'>τὸ</span> <span class='ocrx_word' id='word_1_335' title='bbox 2250 2344 2456 2413; x_wconf 85' lang='grc' dir='ltr'>λογεῖον</span> <span class='ocrx_word' id='word_1_336' title='bbox 2486 2346 2852 2400; x_wconf 85' lang='grc' dir='ltr'>συνάπτεσθαι</span> <span class='ocrx_word' id='word_1_337' title='bbox 2899 2346 2961 2400; x_wconf 83' lang='grc' dir='ltr'>τὸ</span> <span class='ocrx_word' id='word_1_338' title='bbox 2988 2345 3086 2418; x_wconf 79' lang='grc' dir='ltr'>τὴν</span> <span class='ocrx_word' id='word_1_339' title='bbox 3136 2347 3347 2419; x_wconf 76' lang='grc' dir='ltr'>ἀγαθὴν</span> <span class='ocrx_word' id='word_1_340' title='bbox 3411 2346 3614 2417; x_wconf 75' lang='grc' dir='ltr'>πρᾶξιν</span> 
     </span>
    </p>
   </div>
   <div class='ocr_carea' id='block_1_47' title="bbox 331 2423 1209 2500">
    <p class='ocr_par' dir='ltr' id='par_1_47' title="bbox 331 2423 1209 2500">
     <span class='ocr_line' id='line_1_47' title="bbox 331 2423 1209 2500; baseline 0.005 -21"><span class='ocrx_word' id='word_1_341' title='bbox 331 2426 645 2499; x_wconf 79' lang='grc' dir='ltr'>ὑποδάθραν</span> <span class='ocrx_word' id='word_1_342' title='bbox 678 2423 817 2483; x_wconf 79' lang='grc' dir='ltr'>εἶναι</span> <span class='ocrx_word' id='word_1_343' title='bbox 847 2428 956 2482; x_wconf 86' lang='grc' dir='ltr'>τῶν</span> <span class='ocrx_word' id='word_1_344' title='bbox 977 2428 1209 2500; x_wconf 81' lang='grc' dir='ltr'>ἀρετῶν.</span> 
     </span>
    </p>
   </div>
   <div class='ocr_carea' id='block_1_48' title="bbox 365 2537 1875 2683">
    <p class='ocr_par' dir='ltr' id='par_1_48' title="bbox 365 2537 1875 2683">
     <span class='ocr_line' id='line_1_48' title="bbox 365 2537 1875 2683; baseline 0.001 -86"><span class='ocrx_word' id='word_1_345' title='bbox 365 2537 697 2607; x_wconf 70' lang='grc' dir='ltr'><strong>ΟυΑΞδΤΙΟ</strong></span> <span class='ocrx_word' id='word_1_346' title='bbox 726 2538 1669 2683; x_wconf 42' lang='grc' dir='ltr'><strong>ροιχιέὲμέξξθιῗοιχχχγιι,</strong></span> <span class='ocrx_word' id='word_1_347' title='bbox 1709 2541 1875 2599; x_wconf 83' lang='lat' dir='ltr'><strong>Tnur.</strong></span> 
     </span>
    </p>
   </div>
   <div class='ocr_carea' id='block_1_49' title="bbox 364 2745 1882 2821">
    <p class='ocr_par' dir='ltr' id='par_1_49' title="bbox 364 2745 1882 2821">
     <span class='ocr_line' id='line_1_49' title="bbox 364 2745 1882 2821; baseline -0.001 -19"><span class='ocrx_word' id='word_1_348' title='bbox 364 2746 539 2814; x_wconf 77' lang='lat' dir='ltr'><strong>Quam</strong></span> <span class='ocrx_word' id='word_1_349' title='bbox 568 2747 638 2801; x_wconf 81' lang='lat' dir='ltr'><strong>ob</strong></span> <span class='ocrx_word' id='word_1_350' title='bbox 668 2763 888 2802; x_wconf 84' lang='lat' dir='ltr'><strong>causam</strong></span> <span class='ocrx_word' id='word_1_351' title='bbox 924 2746 1130 2818; x_wconf 78' lang='lat' dir='ltr'><strong>Moyses</strong></span> <span class='ocrx_word' id='word_1_352' title='bbox 1159 2745 1372 2803; x_wconf 81' lang='lat' dir='ltr'><strong>tabulas</strong></span> <span class='ocrx_word' id='word_1_353' title='bbox 1406 2748 1713 2802; x_wconf 84' lang='lat' dir='ltr'><strong>contriverit</strong></span> <span class='ocrx_word' id='word_1_354' title='bbox 1744 2746 1882 2821; x_wconf 86' lang='lat'><strong>(69).</strong></span> 
     </span>
    </p>
   </div>
   <div class='ocr_carea' id='block_1_50' title="bbox 2517 2551 3085 2609">
    <p class='ocr_par' dir='ltr' id='par_1_50' title="bbox 2517 2551 3085 2609">
     <span class='ocr_line' id='line_1_50' title="bbox 2517 2551 3085 2609; baseline 0.004 -2"><span class='ocrx_word' id='word_1_355' title='bbox 2517 2551 2867 2607; x_wconf 81' lang='grc' dir='ltr'><strong>ΕΡΩῚἩΚΙΣ</strong></span> <span class='ocrx_word' id='word_1_356' title='bbox 2924 2553 3085 2609; x_wconf 81' lang='grc' dir='ltr'><strong>ΣΞΘ’.</strong></span> 
     </span>
    </p>
   </div>
   <div class='ocr_carea' id='block_1_51' title="bbox 2320 2749 3389 2823">
    <p class='ocr_par' dir='ltr' id='par_1_51' title="bbox 2320 2749 3389 2823">
     <span class='ocr_line' id='line_1_51' title="bbox 2320 2749 3389 2823; baseline 0.007 -22"><span class='ocrx_word' id='word_1_357' title='bbox 2320 2749 2483 2803; x_wconf 85' lang='grc' dir='ltr'>Διατί</span> <span class='ocrx_word' id='word_1_358' title='bbox 2532 2750 2639 2817; x_wconf 84' lang='grc' dir='ltr'>τὰς</span> <span class='ocrx_word' id='word_1_359' title='bbox 2695 2750 2935 2819; x_wconf 74' lang='grc' dir='ltr'>πλάκας</span> <span class='ocrx_word' id='word_1_360' title='bbox 2985 2753 3389 2823; x_wconf 71' lang='grc' dir='ltr'>συνέτριψεν,</span> 
     </span>
    </p>
   </div>
   <div class='ocr_carea' id='block_1_52' title="bbox 1193 2864 2737 2930">
    <p class='ocr_par' dir='ltr' id='par_1_52' title="bbox 1193 2864 2737 2930">
     <span class='ocr_line' id='line_1_52' title="bbox 1193 2864 2737 2930; baseline 0.001 -15"><span class='ocrx_word' id='word_1_361' title='bbox 1193 2866 1335 2916; x_wconf 81' lang='lat' dir='ltr'><strong>Edita</strong></span> <span class='ocrx_word' id='word_1_362' title='bbox 1365 2880 1393 2914; x_wconf 89' lang='lat' dir='ltr'><strong>a</strong></span> <span class='ocrx_word' id='word_1_363' title='bbox 1426 2864 1553 2915; x_wconf 77' lang='lat' dir='ltr'><strong>Maio</strong></span> <span class='ocrx_word' id='word_1_364' title='bbox 1586 2866 1641 2930; x_wconf 84' lang='grc' dir='ltr'><strong>(Ι.</strong></span> <span class='ocrx_word' id='word_1_365' title='bbox 1669 2879 1712 2914; x_wconf 92' lang='lat' dir='ltr'><strong>c.</strong></span> <span class='ocrx_word' id='word_1_366' title='bbox 1749 2880 1796 2929; x_wconf 92' lang='lat' dir='ltr'><strong>p.</strong></span> <span class='ocrx_word' id='word_1_367' title='bbox 1826 2865 1936 2926; x_wconf 67' lang='lat' dir='ltr'><strong>liii,</strong></span> <span class='ocrx_word' id='word_1_368' title='bbox 1960 2879 2009 2929; x_wconf 89' lang='lat' dir='ltr'><strong>q.</strong></span> <span class='ocrx_word' id='word_1_369' title='bbox 2042 2864 2177 2927; x_wconf 74' lang='lat'><strong>278).</strong></span> <span class='ocrx_word' id='word_1_370' title='bbox 2201 2864 2440 2915; x_wconf 81' lang='lat' dir='ltr'><strong>—Exod.</strong></span> <span class='ocrx_word' id='word_1_371' title='bbox 2475 2880 2634 2923; x_wconf 77' lang='lat' dir='ltr'><strong>xxx&quot;,</strong></span> <span class='ocrx_word' id='word_1_372' title='bbox 2662 2866 2737 2916; x_wconf 86' lang='lat' dir='ltr'><strong>l9.</strong></span> 
     </span>
    </p>
   </div>
   <div class='ocr_carea' id='block_1_53' title="bbox 396 2951 1917 3025">
    <p class='ocr_par' dir='ltr' id='par_1_53' title="bbox 396 2951 1917 3025">
     <span class='ocr_line' id='line_1_53' title="bbox 396 2951 1917 3025; baseline 0.002 -21"><span class='ocrx_word' id='word_1_373' title='bbox 396 2954 535 3020; x_wconf 85' lang='lat' dir='ltr'><strong>Quia</strong></span> <span class='ocrx_word' id='word_1_374' title='bbox 570 2951 1081 3025; x_wconf 84' lang='lat' dir='ltr'><strong>crediditpopulum</strong></span> <span class='ocrx_word' id='word_1_375' title='bbox 1108 2953 1243 3024; x_wconf 80' lang='lat' dir='ltr'><strong>legis</strong></span> <span class='ocrx_word' id='word_1_376' title='bbox 1260 2968 1383 3009; x_wconf 81' lang='lat' dir='ltr'><strong>esse</strong></span> <span class='ocrx_word' id='word_1_377' title='bbox 1417 2952 1724 3024; x_wconf 85' lang='lat' dir='ltr'><strong>indignum.</strong></span> <span class='ocrx_word' id='word_1_378' title='bbox 1777 2952 1917 3008; x_wconf 85' lang='lat' dir='ltr'><strong>Cum</strong></span> 
     </span>
    </p>
   </div>
   <div class='ocr_carea' id='block_1_54' title="bbox 324 3043 1920 3115">
    <p class='ocr_par' dir='ltr' id='par_1_54' title="bbox 324 3043 1920 3115">
     <span class='ocr_line' id='line_1_54' title="bbox 324 3043 1920 3115; baseline 0.001 -16"><span class='ocrx_word' id='word_1_379' title='bbox 324 3045 471 3099; x_wconf 90' lang='lat' dir='ltr'><strong>enim</strong></span> <span class='ocrx_word' id='word_1_380' title='bbox 523 3044 718 3099; x_wconf 84' lang='lat' dir='ltr'><strong>tabulae</strong></span> <span class='ocrx_word' id='word_1_381' title='bbox 780 3059 880 3114; x_wconf 87' lang='lat' dir='ltr'><strong>pro</strong></span> <span class='ocrx_word' id='word_1_382' title='bbox 929 3043 1206 3099; x_wconf 84' lang='lat' dir='ltr'><strong>dotalibus</strong></span> <span class='ocrx_word' id='word_1_383' title='bbox 1259 3043 1455 3099; x_wconf 88' lang='lat' dir='ltr'><strong>libellis</strong></span> <span class='ocrx_word' id='word_1_384' title='bbox 1486 3054 1690 3112; x_wconf 88' lang='lat' dir='ltr'><strong>essent,</strong></span> <span class='ocrx_word' id='word_1_385' title='bbox 1748 3058 1920 3115; x_wconf 70' lang='lat' dir='ltr'><strong>Spon-</strong></span> 
     </span>
    </p>
   </div>
   <div class='ocr_carea' id='block_1_55' title="bbox 326 3133 1897 3206">
    <p class='ocr_par' dir='ltr' id='par_1_55' title="bbox 326 3133 1897 3206">
     <span class='ocr_line' id='line_1_55' title="bbox 326 3133 1897 3206; baseline 0.001 -17"><span class='ocrx_word' id='word_1_386' title='bbox 326 3151 500 3206; x_wconf 88' lang='lat' dir='ltr'><strong>saque</strong></span> <span class='ocrx_word' id='word_1_387' title='bbox 526 3133 772 3189; x_wconf 90' lang='lat' dir='ltr'><strong>nondum</strong></span> <span class='ocrx_word' id='word_1_388' title='bbox 829 3134 1132 3189; x_wconf 86' lang='lat' dir='ltr'><strong>thalamum</strong></span> <span class='ocrx_word' id='word_1_389' title='bbox 1195 3133 1464 3205; x_wconf 86' lang='lat' dir='ltr'><strong>ingressa,</strong></span> <span class='ocrx_word' id='word_1_390' title='bbox 1514 3148 1637 3191; x_wconf 88' lang='lat' dir='ltr'><strong>sese</strong></span> <span class='ocrx_word' id='word_1_391' title='bbox 1692 3135 1897 3205; x_wconf 88' lang='lat' dir='ltr'><strong>prosti-</strong></span> 
     </span>
    </p>
   </div>
   <div class='ocr_carea' id='block_1_56' title="bbox 327 3223 1909 3295">
    <p class='ocr_par' dir='ltr' id='par_1_56' title="bbox 327 3223 1909 3295">
     <span class='ocr_line' id='line_1_56' title="bbox 327 3223 1909 3295; baseline 0.001 -16"><span class='ocrx_word' id='word_1_392' title='bbox 327 3225 543 3290; x_wconf 88' lang='lat' dir='ltr'><strong>tuisset,</strong></span> <span class='ocrx_word' id='word_1_393' title='bbox 592 3224 749 3279; x_wconf 88' lang='lat' dir='ltr'><strong>valde</strong></span> <span class='ocrx_word' id='word_1_394' title='bbox 792 3223 988 3289; x_wconf 89' lang='lat' dir='ltr'><strong>iratus,</strong></span> <span class='ocrx_word' id='word_1_395' title='bbox 1040 3234 1099 3279; x_wconf 89' lang='lat' dir='ltr'><strong>ut</strong></span> <span class='ocrx_word' id='word_1_396' title='bbox 1151 3240 1248 3295; x_wconf 92' lang='lat' dir='ltr'><strong>par</strong></span> <span class='ocrx_word' id='word_1_397' title='bbox 1289 3232 1392 3288; x_wconf 89' lang='lat' dir='ltr'><strong>est,</strong></span> <span class='ocrx_word' id='word_1_398' title='bbox 1433 3226 1615 3280; x_wconf 89' lang='lat' dir='ltr'><strong>dotale</strong></span> <span class='ocrx_word' id='word_1_399' title='bbox 1662 3225 1909 3281; x_wconf 88' lang='lat' dir='ltr'><strong>libellum</strong></span> 
     </span>
    </p>
   </div>
   <div class='ocr_carea' id='block_1_57' title="bbox 324 3314 1910 3387">
    <p class='ocr_par' dir='ltr' id='par_1_57' title="bbox 324 3314 1910 3387">
     <span class='ocr_line' id='line_1_57' title="bbox 324 3314 1910 3387; baseline 0.001 -16"><span class='ocrx_word' id='word_1_400' title='bbox 324 3316 548 3387; x_wconf 89' lang='lat' dir='ltr'><strong>dirupit.</strong></span> <span class='ocrx_word' id='word_1_401' title='bbox 584 3314 1144 3370; x_wconf 78' lang='lat' dir='ltr'><strong>Animadvertendum</strong></span> <span class='ocrx_word' id='word_1_402' title='bbox 1167 3316 1416 3386; x_wconf 89' lang='lat' dir='ltr'><strong>estquod</strong></span> <span class='ocrx_word' id='word_1_403' title='bbox 1450 3326 1580 3371; x_wconf 87' lang='lat' dir='ltr'><strong>tunc</strong></span> <span class='ocrx_word' id='word_1_404' title='bbox 1627 3318 1693 3372; x_wconf 91' lang='lat' dir='ltr'><strong>ad</strong></span> <span class='ocrx_word' id='word_1_405' title='bbox 1722 3332 1910 3387; x_wconf 89' lang='lat' dir='ltr'><strong>preces</strong></span> 
     </span>
    </p>
   </div>
   <div class='ocr_carea' id='block_1_58' title="bbox 328 3406 1913 3480">
    <p class='ocr_par' dir='ltr' id='par_1_58' title="bbox 328 3406 1913 3480">
     <span class='ocr_line' id='line_1_58' title="bbox 328 3406 1913 3480; baseline 0.002 -17"><span class='ocrx_word' id='word_1_406' title='bbox 328 3409 620 3480; x_wconf 88' lang='lat' dir='ltr'><strong>placabilis</strong></span> <span class='ocrx_word' id='word_1_407' title='bbox 654 3407 835 3465; x_wconf 80' lang='lat' dir='ltr'><strong>factus</strong></span> <span class='ocrx_word' id='word_1_408' title='bbox 886 3406 1055 3476; x_wconf 86' lang='lat' dir='ltr'><strong>Deus,</strong></span> <span class='ocrx_word' id='word_1_409' title='bbox 1081 3409 1135 3463; x_wconf 92' lang='lat' dir='ltr'><strong>in</strong></span> <span class='ocrx_word' id='word_1_410' title='bbox 1179 3409 1328 3464; x_wconf 90' lang='lat' dir='ltr'><strong>aliud</strong></span> <span class='ocrx_word' id='word_1_411' title='bbox 1390 3416 1605 3479; x_wconf 88' lang='lat' dir='ltr'><strong>tempus</strong></span> <span class='ocrx_word' id='word_1_412' title='bbox 1635 3410 1913 3466; x_wconf 82' lang='lat' dir='ltr'><strong>distulerit</strong></span> 
     </span>
    </p>
   </div>
   <div class='ocr_carea' id='block_1_59' title="bbox 323 3498 1911 3573">
    <p class='ocr_par' dir='ltr' id='par_1_59' title="bbox 323 3498 1911 3573">
     <span class='ocr_line' id='line_1_59' title="bbox 323 3498 1911 3573; baseline 0.001 -17"><span class='ocrx_word' id='word_1_413' title='bbox 323 3517 536 3572; x_wconf 69' lang='lat' dir='ltr'><strong>poenas,</strong></span> <span class='ocrx_word' id='word_1_414' title='bbox 562 3501 750 3556; x_wconf 89' lang='lat' dir='ltr'><strong>dicens</strong></span> <span class='ocrx_word' id='word_1_415' title='bbox 778 3519 791 3556; x_wconf 88' lang='lat'><strong>:</strong></span> <span class='ocrx_word' id='word_1_416' title='bbox 836 3521 854 3553; x_wconf 76' lang='grc' dir='ltr'><strong>ι</strong></span> <span class='ocrx_word' id='word_1_417' title='bbox 886 3499 996 3573; x_wconf 81' lang='lat' dir='ltr'><strong>Ego</strong></span> <span class='ocrx_word' id='word_1_418' title='bbox 1026 3509 1205 3555; x_wconf 88' lang='lat' dir='ltr'><strong>autem</strong></span> <span class='ocrx_word' id='word_1_419' title='bbox 1233 3500 1285 3554; x_wconf 91' lang='lat' dir='ltr'><strong>in</strong></span> <span class='ocrx_word' id='word_1_420' title='bbox 1308 3498 1396 3556; x_wconf 92' lang='lat' dir='ltr'><strong>die</strong></span> <span class='ocrx_word' id='word_1_421' title='bbox 1426 3500 1650 3556; x_wconf 90' lang='lat' dir='ltr'><strong>ultionis</strong></span> <span class='ocrx_word' id='word_1_422' title='bbox 1681 3501 1911 3557; x_wconf 86' lang='lat' dir='ltr'><strong>visitabo</strong></span> 
     </span>
    </p>
   </div>
   <div class='ocr_carea' id='block_1_60' title="bbox 322 3590 1909 3665">
    <p class='ocr_par' dir='ltr' id='par_1_60' title="bbox 322 3590 1909 3665">
     <span class='ocr_line' id='line_1_60' title="bbox 322 3590 1909 3665; baseline -0.001 -15"><span class='ocrx_word' id='word_1_423' title='bbox 322 3603 377 3651; x_wconf 86' lang='lat' dir='ltr'><strong>et</strong></span> <span class='ocrx_word' id='word_1_424' title='bbox 404 3596 507 3650; x_wconf 90' lang='lat' dir='ltr'><strong>hoc</strong></span> <span class='ocrx_word' id='word_1_425' title='bbox 545 3602 830 3665; x_wconf 87' lang='lat' dir='ltr'><strong>peccatum</strong></span> <span class='ocrx_word' id='word_1_426' title='bbox 858 3607 1049 3649; x_wconf 90' lang='lat' dir='ltr'><strong>eorum</strong></span> <span class='ocrx_word' id='word_1_427' title='bbox 1093 3593 1161 3645; x_wconf 76' lang='grc' dir='ltr'><strong>τί.</strong></span> <span class='ocrx_word' id='word_1_428' title='bbox 1194 3611 1215 3644; x_wconf 81' lang='grc'>›</span> <span class='ocrx_word' id='word_1_429' title='bbox 1272 3590 1429 3658; x_wconf 86' lang='lat' dir='ltr'><strong>Quod</strong></span> <span class='ocrx_word' id='word_1_430' title='bbox 1460 3594 1909 3663; x_wconf 81' lang='lat' dir='ltr'><strong>Apostoliverhis</strong></span> 
     </span>
    </p>
   </div>
   <div class='ocr_carea' id='block_1_61' title="bbox 322 3682 1907 3755">
    <p class='ocr_par' dir='ltr' id='par_1_61' title="bbox 322 3682 1907 3755">
     <span class='ocr_line' id='line_1_61' title="bbox 322 3682 1907 3755; baseline 0.001 -18"><span class='ocrx_word' id='word_1_431' title='bbox 322 3684 503 3739; x_wconf 78' lang='lat' dir='ltr'><strong>simile</strong></span> <span class='ocrx_word' id='word_1_432' title='bbox 534 3691 659 3739; x_wconf 87' lang='lat' dir='ltr'><strong>est:</strong></span> <span class='ocrx_word' id='word_1_433' title='bbox 726 3703 742 3735; x_wconf 80' lang='grc' dir='ltr'><strong>ι</strong></span> <span class='ocrx_word' id='word_1_434' title='bbox 770 3682 998 3752; x_wconf 82' lang='lat' dir='ltr'><strong>Ignoras</strong></span> <span class='ocrx_word' id='word_1_435' title='bbox 1025 3682 1287 3752; x_wconf 85' lang='lat' dir='ltr'><strong>quoniam</strong></span> <span class='ocrx_word' id='word_1_436' title='bbox 1342 3683 1653 3755; x_wconf 73' lang='lat' dir='ltr'><strong>benignitas</strong></span> <span class='ocrx_word' id='word_1_437' title='bbox 1703 3683 1795 3739; x_wconf 88' lang='lat' dir='ltr'><strong>Dei</strong></span> <span class='ocrx_word' id='word_1_438' title='bbox 1840 3686 1907 3739; x_wconf 88' lang='lat' dir='ltr'><strong>ad</strong></span> 
     </span>
    </p>
   </div>
   <div class='ocr_carea' id='block_1_62' title="bbox 328 3773 1907 3844">
    <p class='ocr_par' dir='ltr' id='par_1_62' title="bbox 328 3773 1907 3844">
     <span class='ocr_line' id='line_1_62' title="bbox 328 3773 1907 3844; baseline 0 -14"><span class='ocrx_word' id='word_1_439' title='bbox 328 3776 708 3844; x_wconf 67' lang='lat' dir='ltr'><strong>pmnitentiam</strong></span> <span class='ocrx_word' id='word_1_440' title='bbox 754 3785 805 3831; x_wconf 90' lang='lat' dir='ltr'><strong>te</strong></span> <span class='ocrx_word' id='word_1_441' title='bbox 838 3774 1112 3829; x_wconf 87' lang='lat' dir='ltr'><strong>adducit?</strong></span> <span class='ocrx_word' id='word_1_442' title='bbox 1179 3773 1491 3830; x_wconf 85' lang='lat' dir='ltr'><strong>Secundum</strong></span> <span class='ocrx_word' id='word_1_443' title='bbox 1533 3785 1714 3830; x_wconf 89' lang='lat' dir='ltr'><strong>autem</strong></span> <span class='ocrx_word' id='word_1_444' title='bbox 1761 3776 1907 3831; x_wconf 87' lang='lat' dir='ltr'><strong>duri-</strong></span> 
     </span>
    </p>
   </div>
   <div class='ocr_carea' id='block_1_63' title="bbox 324 3868 1908 3939">
    <p class='ocr_par' dir='ltr' id='par_1_63' title="bbox 324 3868 1908 3939">
     <span class='ocr_line' id='line_1_63' title="bbox 324 3868 1908 3939; baseline 0.001 -18"><span class='ocrx_word' id='word_1_445' title='bbox 324 3871 453 3923; x_wconf 86' lang='lat' dir='ltr'><strong>tiam</strong></span> <span class='ocrx_word' id='word_1_446' title='bbox 490 3878 641 3924; x_wconf 88' lang='lat' dir='ltr'><strong>tuam</strong></span> <span class='ocrx_word' id='word_1_447' title='bbox 667 3869 805 3936; x_wconf 63' lang='lat'><strong>&quot;,.</strong></span> <span class='ocrx_word' id='word_1_448' title='bbox 875 3878 928 3923; x_wconf 89' lang='lat' dir='ltr'><strong>ct</strong></span> <span class='ocrx_word' id='word_1_449' title='bbox 985 3868 1217 3937; x_wconf 84' lang='lat' dir='ltr'><strong>reliqua.</strong></span> <span class='ocrx_word' id='word_1_450' title='bbox 1295 3870 1548 3923; x_wconf 85' lang='lat' dir='ltr'><strong>Attamen</strong></span> <span class='ocrx_word' id='word_1_451' title='bbox 1630 3869 1908 3939; x_wconf 79' lang='lat' dir='ltr'><strong>legislator</strong></span> 
     </span>
    </p>
   </div>
   <div class='ocr_carea' id='block_1_64' title="bbox 324 3960 1905 4031">
    <p class='ocr_par' dir='ltr' id='par_1_64' title="bbox 324 3960 1905 4031">
     <span class='ocr_line' id='line_1_64' title="bbox 324 3960 1905 4031; baseline 0.003 -19"><span class='ocrx_word' id='word_1_452' title='bbox 324 3962 548 4031; x_wconf 74' lang='lat' dir='ltr'><strong>t&#39;ugttilo</strong></span> <span class='ocrx_word' id='word_1_453' title='bbox 575 3966 724 4031; x_wconf 84' lang='lat' dir='ltr'><strong>quod</strong></span> <span class='ocrx_word' id='word_1_454' title='bbox 759 3962 1047 4016; x_wconf 90' lang='lat' dir='ltr'><strong>universus</strong></span> <span class='ocrx_word' id='word_1_455' title='bbox 1076 3960 1216 4016; x_wconf 91' lang='lat' dir='ltr'><strong>Deus</strong></span> <span class='ocrx_word' id='word_1_456' title='bbox 1258 3962 1373 4031; x_wconf 88' lang='lat' dir='ltr'><strong>jam</strong></span> <span class='ocrx_word' id='word_1_457' title='bbox 1414 3962 1583 4017; x_wconf 90' lang='lat' dir='ltr'><strong>nollet</strong></span> <span class='ocrx_word' id='word_1_458' title='bbox 1630 3978 1751 4017; x_wconf 85' lang='lat' dir='ltr'><strong>esse</strong></span> <span class='ocrx_word' id='word_1_459' title='bbox 1778 3977 1905 4016; x_wconf 89' lang='lat' dir='ltr'><strong>cum</strong></span> 
     </span>
    </p>
   </div>
   <div class='ocr_carea' id='block_1_65' title="bbox 320 4053 1907 4125">
    <p class='ocr_par' dir='ltr' id='par_1_65' title="bbox 320 4053 1907 4125">
     <span class='ocr_line' id='line_1_65' title="bbox 320 4053 1907 4125; baseline 0.001 -16"><span class='ocrx_word' id='word_1_460' title='bbox 320 4054 550 4119; x_wconf 76' lang='lat' dir='ltr'><strong>Judzeis,</strong></span> <span class='ocrx_word' id='word_1_461' title='bbox 591 4055 844 4125; x_wconf 79' lang='lat' dir='ltr'><strong>angelum</strong></span> <span class='ocrx_word' id='word_1_462' title='bbox 900 4069 1033 4109; x_wconf 90' lang='lat' dir='ltr'><strong>vero</strong></span> <span class='ocrx_word' id='word_1_463' title='bbox 1066 4055 1135 4109; x_wconf 90' lang='lat' dir='ltr'><strong>iis</strong></span> <span class='ocrx_word' id='word_1_464' title='bbox 1186 4053 1541 4124; x_wconf 82' lang='lat' dir='ltr'><strong>praelecturus</strong></span> <span class='ocrx_word' id='word_1_465' title='bbox 1569 4065 1733 4119; x_wconf 89' lang='lat' dir='ltr'><strong>esset,</strong></span> <span class='ocrx_word' id='word_1_466' title='bbox 1767 4057 1907 4110; x_wconf 84' lang='lat' dir='ltr'><strong>scire</strong></span> 
     </span>
    </p>
   </div>
   <div class='ocr_carea' id='block_1_66' title="bbox 320 4144 1905 4218">
    <p class='ocr_par' dir='ltr' id='par_1_66' title="bbox 320 4144 1905 4218">
     <span class='ocr_line' id='line_1_66' title="bbox 320 4144 1905 4218; baseline -0.001 -17"><span class='ocrx_word' id='word_1_467' title='bbox 320 4146 571 4218; x_wconf 71' lang='lat' dir='ltr'><strong>quaesivit</strong></span> <span class='ocrx_word' id='word_1_468' title='bbox 611 4160 772 4215; x_wconf 90' lang='lat' dir='ltr'><strong>quem</strong></span> <span class='ocrx_word' id='word_1_469' title='bbox 818 4154 965 4200; x_wconf 89' lang='lat' dir='ltr'><strong>esset</strong></span> <span class='ocrx_word' id='word_1_470' title='bbox 1026 4144 1321 4209; x_wconf 86' lang='lat' dir='ltr'><strong>missurus,</strong></span> <span class='ocrx_word' id='word_1_471' title='bbox 1373 4144 1786 4214; x_wconf 86' lang='lat' dir='ltr'><strong>obsecravitque</strong></span> <span class='ocrx_word' id='word_1_472' title='bbox 1838 4160 1905 4200; x_wconf 90' lang='lat' dir='ltr'><strong>ne</strong></span> 
     </span>
    </p>
   </div>
   <div class='ocr_carea' id='block_1_67' title="bbox 322 4236 1901 4308">
    <p class='ocr_par' dir='ltr' id='par_1_67' title="bbox 322 4236 1901 4308">
     <span class='ocr_line' id='line_1_67' title="bbox 322 4236 1901 4308; baseline -0.003 -15"><span class='ocrx_word' id='word_1_473' title='bbox 322 4243 390 4293; x_wconf 85' lang='lat' dir='ltr'><strong>iis</strong></span> <span class='ocrx_word' id='word_1_474' title='bbox 417 4239 576 4295; x_wconf 89' lang='lat' dir='ltr'><strong>daret</strong></span> <span class='ocrx_word' id='word_1_475' title='bbox 606 4251 938 4293; x_wconf 85' lang='lat' dir='ltr'><strong>conservum</strong></span> <span class='ocrx_word' id='word_1_476' title='bbox 971 4238 1190 4304; x_wconf 88' lang='lat' dir='ltr'><strong>ducem,</strong></span> <span class='ocrx_word' id='word_1_477' title='bbox 1230 4237 1324 4292; x_wconf 89' lang='lat' dir='ltr'><strong>sed</strong></span> <span class='ocrx_word' id='word_1_478' title='bbox 1362 4236 1479 4308; x_wconf 90' lang='lat' dir='ltr'><strong>ipse</strong></span> <span class='ocrx_word' id='word_1_479' title='bbox 1509 4251 1605 4291; x_wconf 89' lang='lat' dir='ltr'><strong>eos</strong></span> <span class='ocrx_word' id='word_1_480' title='bbox 1625 4236 1901 4307; x_wconf 85' lang='lat' dir='ltr'><strong>dirigeret.</strong></span> 
     </span>
    </p>
   </div>
   <div class='ocr_carea' id='block_1_68' title="bbox 322 4328 1904 4401">
    <p class='ocr_par' dir='ltr' id='par_1_68' title="bbox 322 4328 1904 4401">
     <span class='ocr_line' id='line_1_68' title="bbox 322 4328 1904 4401; baseline -0.001 -16"><span class='ocrx_word' id='word_1_481' title='bbox 322 4330 480 4399; x_wconf 80' lang='lat' dir='ltr'><strong>Quod</strong></span> <span class='ocrx_word' id='word_1_482' title='bbox 516 4332 605 4386; x_wconf 88' lang='lat' dir='ltr'><strong>ubi</strong></span> <span class='ocrx_word' id='word_1_483' title='bbox 660 4330 995 4401; x_wconf 82' lang='lat' dir='ltr'><strong>impetravit,</strong></span> <span class='ocrx_word' id='word_1_484' title='bbox 1054 4330 1273 4385; x_wconf 89' lang='lat' dir='ltr'><strong>sublato</strong></span> <span class='ocrx_word' id='word_1_485' title='bbox 1301 4328 1488 4384; x_wconf 89' lang='lat' dir='ltr'><strong>ebrius</strong></span> <span class='ocrx_word' id='word_1_486' title='bbox 1543 4343 1734 4383; x_wconf 87' lang='lat' dir='ltr'><strong>amore</strong></span> <span class='ocrx_word' id='word_1_487' title='bbox 1782 4344 1904 4399; x_wconf 68' lang='lat' dir='ltr'><strong>qua:</strong></span> 
     </span>
    </p>
   </div>
   <div class='ocr_carea' id='block_1_69' title="bbox 326 4421 1900 4490">
    <p class='ocr_par' dir='ltr' id='par_1_69' title="bbox 326 4421 1900 4490">
     <span class='ocr_line' id='line_1_69' title="bbox 326 4421 1900 4490; baseline -0.002 -12"><span class='ocrx_word' id='word_1_488' title='bbox 326 4425 603 4479; x_wconf 86' lang='lat' dir='ltr'><strong>hominem</strong></span> <span class='ocrx_word' id='word_1_489' title='bbox 655 4423 927 4478; x_wconf 77' lang='lat' dir='ltr'><strong>excedunt</strong></span> <span class='ocrx_word' id='word_1_490' title='bbox 975 4421 1269 4486; x_wconf 68' lang='lat' dir='ltr'><strong>affectavit,</strong></span> <span class='ocrx_word' id='word_1_491' title='bbox 1322 4421 1765 4490; x_wconf 81' lang='lat' dir='ltr'><strong>invisibilcntque</strong></span> <span class='ocrx_word' id='word_1_492' title='bbox 1803 4437 1900 4475; x_wconf 84' lang='lat' dir='ltr'><strong>na-</strong></span> 
     </span>
    </p>
   </div>
   <div class='ocr_carea' id='block_1_70' title="bbox 321 4511 1903 4585">
    <p class='ocr_par' dir='ltr' id='par_1_70' title="bbox 321 4511 1903 4585">
     <span class='ocr_line' id='line_1_70' title="bbox 321 4511 1903 4585; baseline -0.003 -14"><span class='ocrx_word' id='word_1_493' title='bbox 321 4528 504 4571; x_wconf 85' lang='lat' dir='ltr'><strong>turam</strong></span> <span class='ocrx_word' id='word_1_494' title='bbox 567 4531 798 4573; x_wconf 82' lang='lat' dir='ltr'><strong>cernere</strong></span> <span class='ocrx_word' id='word_1_495' title='bbox 858 4514 1197 4585; x_wconf 79' lang='lat' dir='ltr'><strong>concupivit.</strong></span> <span class='ocrx_word' id='word_1_496' title='bbox 1243 4511 1730 4566; x_wconf 78' lang='lat' dir='ltr'><strong>Vcrunieuimvcro</strong></span> <span class='ocrx_word' id='word_1_497' title='bbox 1799 4511 1903 4566; x_wconf 93' lang='lat' dir='ltr'><strong>hoc</strong></span> 
     </span>
    </p>
   </div>
   <div class='ocr_carea' id='block_1_71' title="bbox 319 4604 1902 4678">
    <p class='ocr_par' dir='ltr' id='par_1_71' title="bbox 319 4604 1902 4678">
     <span class='ocr_line' id='line_1_71' title="bbox 319 4604 1902 4678; baseline -0.003 -16"><span class='ocrx_word' id='word_1_498' title='bbox 319 4624 439 4663; x_wconf 85' lang='lat' dir='ltr'><strong>esse</strong></span> <span class='ocrx_word' id='word_1_499' title='bbox 470 4608 623 4664; x_wconf 77' lang='lat' dir='ltr'><strong>nefas</strong></span> <span class='ocrx_word' id='word_1_500' title='bbox 640 4608 850 4674; x_wconf 86' lang='lat' dir='ltr'><strong>didicit;</strong></span> <span class='ocrx_word' id='word_1_501' title='bbox 877 4624 997 4678; x_wconf 69' lang='lat' dir='ltr'><strong>qua:</strong></span> <span class='ocrx_word' id='word_1_502' title='bbox 1030 4617 1209 4662; x_wconf 91' lang='lat' dir='ltr'><strong>autem</strong></span> <span class='ocrx_word' id='word_1_503' title='bbox 1248 4606 1312 4660; x_wconf 86' lang='lat' dir='ltr'><strong>ad</strong></span> <span class='ocrx_word' id='word_1_504' title='bbox 1348 4606 1591 4659; x_wconf 84' lang='lat' dir='ltr'><strong>divinam</strong></span> <span class='ocrx_word' id='word_1_505' title='bbox 1628 4604 1902 4674; x_wconf 91' lang='lat' dir='ltr'><strong>pertinent</strong></span> 
     </span>
    </p>
   </div>
   <div class='ocr_carea' id='block_1_72' title="bbox 2086 2951 3607 3026">
    <p class='ocr_par' dir='ltr' id='par_1_72' title="bbox 2086 2951 3607 3026">
     <span class='ocr_line' id='line_1_72' title="bbox 2086 2951 3607 3026; baseline 0.003 -22"><span class='ocrx_word' id='word_1_506' title='bbox 2086 2951 2316 3017; x_wconf 81' lang='grc' dir='ltr'>Λνάξιον</span> <span class='ocrx_word' id='word_1_507' title='bbox 2376 2952 2565 3023; x_wconf 86' lang='grc' dir='ltr'>κρίνας</span> <span class='ocrx_word' id='word_1_508' title='bbox 2588 2951 2677 3005; x_wconf 80' lang='grc' dir='ltr'>τὸν</span> <span class='ocrx_word' id='word_1_509' title='bbox 2725 2952 2851 3007; x_wconf 79' lang='grc' dir='ltr'>λαὸν</span> <span class='ocrx_word' id='word_1_510' title='bbox 2900 2954 3002 3025; x_wconf 84' lang='grc' dir='ltr'>τῆς</span> <span class='ocrx_word' id='word_1_511' title='bbox 3025 2953 3348 3025; x_wconf 80' lang='grc' dir='ltr'>νομοθεσίας</span> <span class='ocrx_word' id='word_1_512' title='bbox 3368 2970 3384 2985; x_wconf 81' lang='grc'>⁶</span> <span class='ocrx_word' id='word_1_513' title='bbox 3415 2955 3607 3026; x_wconf 78' lang='grc' dir='ltr'>ἐπειδὴ</span> 
     </span>
    </p>
   </div>
   <div class='ocr_carea' id='block_1_73' title="bbox 2015 3040 3605 3117">
    <p class='ocr_par' dir='ltr' id='par_1_73' title="bbox 2015 3040 3605 3117">
     <span class='ocr_line' id='line_1_73' title="bbox 2015 3040 3605 3117; baseline 0.001 -20"><span class='ocrx_word' id='word_1_514' title='bbox 2015 3044 2122 3116; x_wconf 83' lang='grc' dir='ltr'>γὰρ</span> <span class='ocrx_word' id='word_1_515' title='bbox 2147 3044 2437 3117; x_wconf 81' lang='grc' dir='ltr'>προικῴων</span> <span class='ocrx_word' id='word_1_516' title='bbox 2464 3046 2862 3117; x_wconf 84' lang='grc' dir='ltr'>γραμματείων</span> <span class='ocrx_word' id='word_1_517' title='bbox 2890 3046 3065 3101; x_wconf 77' lang='grc' dir='ltr'>τύπον</span> <span class='ocrx_word' id='word_1_518' title='bbox 3107 3040 3252 3117; x_wconf 86' lang='grc' dir='ltr'>εἶχον</span> <span class='ocrx_word' id='word_1_519' title='bbox 3288 3046 3344 3100; x_wconf 79' lang='lat' dir='ltr'><strong>ai</strong></span> <span class='ocrx_word' id='word_1_520' title='bbox 3375 3046 3605 3110; x_wconf 85' lang='grc' dir='ltr'>πλάκες,</span> 
     </span>
    </p>
   </div>
   <div class='ocr_carea' id='block_1_74' title="bbox 2013 3135 3603 3208">
    <p class='ocr_par' dir='ltr' id='par_1_74' title="bbox 2013 3135 3603 3208">
     <span class='ocr_line' id='line_1_74' title="bbox 2013 3135 3603 3208; baseline 0 -19"><span class='ocrx_word' id='word_1_521' title='bbox 2013 3138 2044 3207; x_wconf 78' lang='grc' dir='ltr'>ἡ</span> <span class='ocrx_word' id='word_1_522' title='bbox 2070 3136 2126 3189; x_wconf 89' lang='grc' dir='ltr'><strong>δέ</strong></span> <span class='ocrx_word' id='word_1_523' title='bbox 2158 3135 2343 3208; x_wconf 76' lang='grc' dir='ltr'>νύμφη</span> <span class='ocrx_word' id='word_1_524' title='bbox 2379 3138 2485 3207; x_wconf 63' lang='grc' dir='ltr'>πρὸ</span> <span class='ocrx_word' id='word_1_525' title='bbox 2517 3136 2618 3208; x_wconf 83' lang='grc' dir='ltr'>τῆς</span> <span class='ocrx_word' id='word_1_526' title='bbox 2648 3138 2917 3202; x_wconf 85' lang='grc' dir='ltr'>παστάδος</span> <span class='ocrx_word' id='word_1_527' title='bbox 2942 3139 3022 3201; x_wconf 85' lang='grc' dir='ltr'>εἰς</span> <span class='ocrx_word' id='word_1_528' title='bbox 3051 3136 3296 3208; x_wconf 84' lang='grc' dir='ltr'>μοιχείαν</span> <span class='ocrx_word' id='word_1_529' title='bbox 3323 3137 3603 3198; x_wconf 82' lang='grc' dir='ltr'>ἀπέκλινε,</span> 
     </span>
    </p>
   </div>
   <div class='ocr_carea' id='block_1_75' title="bbox 2015 3228 3601 3300">
    <p class='ocr_par' dir='ltr' id='par_1_75' title="bbox 2015 3228 3601 3300">
     <span class='ocr_line' id='line_1_75' title="bbox 2015 3228 3601 3300; baseline -0.003 -17"><span class='ocrx_word' id='word_1_530' title='bbox 2015 3228 2161 3300; x_wconf 84' lang='grc' dir='ltr'>μάλα</span> <span class='ocrx_word' id='word_1_531' title='bbox 2195 3229 2421 3293; x_wconf 75' lang='grc' dir='ltr'>εἰκότως</span> <span class='ocrx_word' id='word_1_532' title='bbox 2456 3229 2517 3281; x_wconf 80' lang='grc' dir='ltr'>τὸ</span> <span class='ocrx_word' id='word_1_533' title='bbox 2542 3229 2815 3300; x_wconf 81' lang='grc' dir='ltr'>προικῷον</span> <span class='ocrx_word' id='word_1_534' title='bbox 2859 3230 3242 3300; x_wconf 69' lang='grc' dir='ltr'>γραμματεῖον</span> <span class='ocrx_word' id='word_1_535' title='bbox 3277 3228 3564 3300; x_wconf 71' lang='grc' dir='ltr'>διέρρηξεν</span> <span class='ocrx_word' id='word_1_536' title='bbox 3586 3243 3601 3257; x_wconf 90' lang='grc'><strong>·</strong></span> 
     </span>
    </p>
   </div>
   <div class='ocr_carea' id='block_1_76' title="bbox 2017 3319 3600 3393">
    <p class='ocr_par' dir='ltr' id='par_1_76' title="bbox 2017 3319 3600 3393">
     <span class='ocr_line' id='line_1_76' title="bbox 2017 3319 3600 3393; baseline -0.002 -18"><span class='ocrx_word' id='word_1_537' title='bbox 2017 3322 2381 3376; x_wconf 83' lang='grc' dir='ltr'>ἐπισκεπτέον</span> <span class='ocrx_word' id='word_1_538' title='bbox 2415 3322 2515 3393; x_wconf 83' lang='grc' dir='ltr'>μὲν</span> <span class='ocrx_word' id='word_1_539' title='bbox 2540 3321 2616 3386; x_wconf 84' lang='grc' dir='ltr'><strong>ὡς</strong></span> <span class='ocrx_word' id='word_1_540' title='bbox 2647 3322 2768 3374; x_wconf 82' lang='grc' dir='ltr'>τότε</span> <span class='ocrx_word' id='word_1_541' title='bbox 2801 3320 3094 3392; x_wconf 79' lang='grc' dir='ltr'>δεξάμενος</span> <span class='ocrx_word' id='word_1_542' title='bbox 3116 3322 3144 3373; x_wconf 91' lang='lat'><strong>6</strong></span> <span class='ocrx_word' id='word_1_543' title='bbox 3188 3320 3321 3385; x_wconf 82' lang='grc' dir='ltr'>Θεὸς</span> <span class='ocrx_word' id='word_1_544' title='bbox 3352 3319 3452 3391; x_wconf 73' lang='grc' dir='ltr'>τὴν</span> <span class='ocrx_word' id='word_1_545' title='bbox 3486 3322 3600 3372; x_wconf 77' lang='grc' dir='ltr'>ἱκεο</span> 
     </span>
    </p>
   </div>
   <div class='ocr_carea' id='block_1_77' title="bbox 2018 3406 3599 3485">
    <p class='ocr_par' dir='ltr' id='par_1_77' title="bbox 2018 3406 3599 3485">
     <span class='ocr_line' id='line_1_77' title="bbox 2018 3406 3599 3485; baseline -0.001 -18"><span class='ocrx_word' id='word_1_546' title='bbox 2018 3415 2163 3479; x_wconf 88' lang='grc' dir='ltr'>σίαν,</span> <span class='ocrx_word' id='word_1_547' title='bbox 2198 3414 2503 3468; x_wconf 76' lang='grc' dir='ltr'>ἁπεϐάλετο</span> <span class='ocrx_word' id='word_1_548' title='bbox 2530 3414 2630 3485; x_wconf 79' lang='grc' dir='ltr'>τὴν</span> <span class='ocrx_word' id='word_1_549' title='bbox 2658 3412 2928 3484; x_wconf 86' lang='grc' dir='ltr'>τιμωρίαν</span> <span class='ocrx_word' id='word_1_550' title='bbox 2950 3429 2964 3442; x_wconf 81' lang='lat'><strong><em>°</em></strong></span> <span class='ocrx_word' id='word_1_551' title='bbox 2998 3411 3355 3484; x_wconf 75' lang='grc' dir='ltr'>προστέθεικε</span> <span class='ocrx_word' id='word_1_552' title='bbox 3381 3412 3460 3477; x_wconf 85' lang='grc' dir='ltr'>δὲ,</span> <span class='ocrx_word' id='word_1_553' title='bbox 3483 3430 3500 3462; x_wconf 75' lang='grc' dir='ltr'><strong>ι</strong></span> <span class='ocrx_word' id='word_1_554' title='bbox 3523 3406 3599 3483; x_wconf 59' lang='grc' dir='ltr'><strong>Ἰ]</strong></span> 
     </span>
    </p>
   </div>
   <div class='ocr_carea' id='block_1_78' title="bbox 2012 3505 3598 3578">
    <p class='ocr_par' dir='ltr' id='par_1_78' title="bbox 2012 3505 3598 3578">
     <span class='ocr_line' id='line_1_78' title="bbox 2012 3505 3598 3578; baseline -0.004 -17"><span class='ocrx_word' id='word_1_555' title='bbox 2012 3506 2057 3561; x_wconf 87' lang='grc' dir='ltr'>δ’</span> <span class='ocrx_word' id='word_1_556' title='bbox 2083 3506 2149 3561; x_wconf 84' lang='grc' dir='ltr'>ἂν</span> <span class='ocrx_word' id='word_1_557' title='bbox 2178 3507 2364 3578; x_wconf 77' lang='grc' dir='ltr'>ἡμέρᾳ</span> <span class='ocrx_word' id='word_1_558' title='bbox 2396 3508 2838 3577; x_wconf 83' lang='grc' dir='ltr'>ἐπισκέπτωμαι,</span> <span class='ocrx_word' id='word_1_559' title='bbox 2862 3505 3049 3569; x_wconf 79' lang='grc' dir='ltr'>ἐπάξω</span> <span class='ocrx_word' id='word_1_560' title='bbox 3067 3505 3156 3557; x_wconf 78' lang='grc' dir='ltr'><strong>ἐπ’</strong></span> <span class='ocrx_word' id='word_1_561' title='bbox 3186 3506 3385 3567; x_wconf 81' lang='grc' dir='ltr'>αὐτοὺς</span> <span class='ocrx_word' id='word_1_562' title='bbox 3420 3507 3598 3559; x_wconf 77' lang='grc' dir='ltr'>πᾶσαν</span> 
     </span>
    </p>
   </div>
   <div class='ocr_carea' id='block_1_79' title="bbox 2012 3596 3599 3673">
    <p class='ocr_par' dir='ltr' id='par_1_79' title="bbox 2012 3596 3599 3673">
     <span class='ocr_line' id='line_1_79' title="bbox 2012 3596 3599 3673; baseline -0.003 -19"><span class='ocrx_word' id='word_1_563' title='bbox 2012 3600 2112 3673; x_wconf 80' lang='grc' dir='ltr'>τὴν</span> <span class='ocrx_word' id='word_1_564' title='bbox 2165 3600 2442 3672; x_wconf 85' lang='grc' dir='ltr'>ἁμαρτίαν</span> <span class='ocrx_word' id='word_1_565' title='bbox 2501 3600 2685 3654; x_wconf 78' lang='grc' dir='ltr'>αὐτῶν</span> <span class='ocrx_word' id='word_1_566' title='bbox 2714 3617 2725 3628; x_wconf 79' lang='grc'><em>’</em></span> <span class='ocrx_word' id='word_1_567' title='bbox 2788 3620 2805 3651; x_wconf 74' lang='grc' dir='ltr'><strong>ι</strong></span> <span class='ocrx_word' id='word_1_568' title='bbox 2863 3598 3097 3652; x_wconf 81' lang='grc' dir='ltr'>ἔοικεδὲ</span> <span class='ocrx_word' id='word_1_569' title='bbox 3127 3596 3286 3651; x_wconf 87' lang='grc' dir='ltr'>τοῦτο</span> <span class='ocrx_word' id='word_1_570' title='bbox 3335 3600 3447 3661; x_wconf 80' lang='grc' dir='ltr'>τοϊς</span> <span class='ocrx_word' id='word_1_571' title='bbox 3494 3600 3599 3652; x_wconf 77' lang='grc' dir='ltr'>ὑπδ</span> 
     </span>
    </p>
   </div>
   <div class='ocr_carea' id='block_1_80' title="bbox 2012 3692 3598 3765">
    <p class='ocr_par' dir='ltr' id='par_1_80' title="bbox 2012 3692 3598 3765">
     <span class='ocr_line' id='line_1_80' title="bbox 2012 3692 3598 3765; baseline -0.004 -16"><span class='ocrx_word' id='word_1_572' title='bbox 2012 3695 2110 3749; x_wconf 90' lang='grc' dir='ltr'><strong>τοῦ</strong></span> <span class='ocrx_word' id='word_1_573' title='bbox 2183 3694 2508 3747; x_wconf 82' lang='grc' dir='ltr'>Ἀποστὸλου</span> <span class='ocrx_word' id='word_1_574' title='bbox 2575 3693 2923 3765; x_wconf 64' lang='grc' dir='ltr'>εἰρημέιοιςο</span> <span class='ocrx_word' id='word_1_575' title='bbox 2999 3710 3019 3745; x_wconf 73' lang='grc' dir='ltr'><strong>ι</strong></span> <span class='ocrx_word' id='word_1_576' title='bbox 3088 3692 3324 3759; x_wconf 81' lang='grc' dir='ltr'>’Δγνοῶν</span> <span class='ocrx_word' id='word_1_577' title='bbox 3391 3692 3472 3745; x_wconf 84' lang='grc' dir='ltr'>ὅτι</span> <span class='ocrx_word' id='word_1_578' title='bbox 3537 3692 3598 3744; x_wconf 74' lang='grc' dir='ltr'><strong>τὸ</strong></span> 
     </span>
    </p>
   </div>
   <div class='ocr_carea' id='block_1_81' title="bbox 2013 3781 3594 3855">
    <p class='ocr_par' dir='ltr' id='par_1_81' title="bbox 2013 3781 3594 3855">
     <span class='ocr_line' id='line_1_81' title="bbox 2013 3781 3594 3855; baseline -0.003 -16"><span class='ocrx_word' id='word_1_579' title='bbox 2013 3784 2248 3855; x_wconf 76' lang='grc' dir='ltr'>χρηστὸν</span> <span class='ocrx_word' id='word_1_580' title='bbox 2280 3784 2373 3837; x_wconf 90' lang='grc' dir='ltr'><strong>τοῦ</strong></span> <span class='ocrx_word' id='word_1_581' title='bbox 2425 3783 2562 3837; x_wconf 87' lang='grc' dir='ltr'>Θεοῦ</span> <span class='ocrx_word' id='word_1_582' title='bbox 2614 3785 2693 3847; x_wconf 83' lang='grc' dir='ltr'><strong>είς</strong></span> <span class='ocrx_word' id='word_1_583' title='bbox 2727 3783 3019 3854; x_wconf 84' lang='grc' dir='ltr'>μετάνοιάν</span> <span class='ocrx_word' id='word_1_584' title='bbox 3054 3799 3113 3835; x_wconf 88' lang='grc' dir='ltr'><strong>σε</strong></span> <span class='ocrx_word' id='word_1_585' title='bbox 3155 3782 3279 3851; x_wconf 78' lang='grc' dir='ltr'>ἄγει</span> <span class='ocrx_word' id='word_1_586' title='bbox 3304 3796 3318 3811; x_wconf 73' lang='grc'>⁸</span> <span class='ocrx_word' id='word_1_587' title='bbox 3347 3782 3487 3836; x_wconf 83' lang='grc' dir='ltr'><strong>κατά</strong></span> <span class='ocrx_word' id='word_1_588' title='bbox 3540 3781 3594 3834; x_wconf 85' lang='grc' dir='ltr'><strong>δέ</strong></span> 
     </span>
    </p>
   </div>
   <div class='ocr_carea' id='block_1_82' title="bbox 2010 3868 3593 3946">
    <p class='ocr_par' dir='ltr' id='par_1_82' title="bbox 2010 3868 3593 3946">
     <span class='ocr_line' id='line_1_82' title="bbox 2010 3868 3593 3946; baseline -0.004 -19"><span class='ocrx_word' id='word_1_589' title='bbox 2010 3876 2109 3945; x_wconf 87' lang='grc' dir='ltr'>τὴν</span> <span class='ocrx_word' id='word_1_590' title='bbox 2139 3875 2479 3946; x_wconf 83' lang='grc' dir='ltr'>σκλήροτητά</span> <span class='ocrx_word' id='word_1_591' title='bbox 2504 3891 2618 3935; x_wconf 89' lang='grc' dir='ltr'>σου,</span> <span class='ocrx_word' id='word_1_592' title='bbox 2660 3892 2678 3924; x_wconf 76' lang='grc' dir='ltr'><strong>ι</strong></span> <span class='ocrx_word' id='word_1_593' title='bbox 2705 3873 2798 3925; x_wconf 78' lang='grc' dir='ltr'>καὶ</span> <span class='ocrx_word' id='word_1_594' title='bbox 2824 3871 2953 3940; x_wconf 77' lang='grc' dir='ltr'><strong>ἑξῆς</strong></span> <span class='ocrx_word' id='word_1_595' title='bbox 2979 3888 2991 3902; x_wconf 92' lang='grc'><strong>·</strong></span> <span class='ocrx_word' id='word_1_596' title='bbox 3021 3872 3049 3925; x_wconf 88' lang='lat'><strong>6</strong></span> <span class='ocrx_word' id='word_1_597' title='bbox 3091 3870 3274 3941; x_wconf 86' lang='grc' dir='ltr'>μέντοι</span> <span class='ocrx_word' id='word_1_598' title='bbox 3301 3868 3593 3940; x_wconf 85' lang='grc' dir='ltr'>νομοθέτης</span> 
     </span>
    </p>
   </div>
   <div class='ocr_carea' id='block_1_83' title="bbox 2010 3958 3595 4026">
    <p class='ocr_par' dir='ltr' id='par_1_83' title="bbox 2010 3958 3595 4026">
     <span class='ocr_line' id='line_1_83' title="bbox 2010 3958 3595 4026; baseline -0.003 -11"><span class='ocrx_word' id='word_1_599' title='bbox 2010 3961 2249 4025; x_wconf 73' lang='grc' dir='ltr'>ἀκούσας</span> <span class='ocrx_word' id='word_1_600' title='bbox 2280 3961 2354 4024; x_wconf 83' lang='grc' dir='ltr'>ὡς</span> <span class='ocrx_word' id='word_1_601' title='bbox 2387 3962 2484 4014; x_wconf 81' lang='grc' dir='ltr'><strong>οὐκ</strong></span> <span class='ocrx_word' id='word_1_602' title='bbox 2512 3960 2760 4026; x_wconf 82' lang='grc' dir='ltr'>ἀνέξεται</span> <span class='ocrx_word' id='word_1_603' title='bbox 2794 3962 3032 4013; x_wconf 85' lang='grc' dir='ltr'>συνεῖναι</span> <span class='ocrx_word' id='word_1_604' title='bbox 3056 3959 3238 4022; x_wconf 80' lang='grc' dir='ltr'>αὐτοῖς</span> <span class='ocrx_word' id='word_1_605' title='bbox 3267 3960 3295 4012; x_wconf 87' lang='lat'><strong>6</strong></span> <span class='ocrx_word' id='word_1_606' title='bbox 3324 3959 3433 4012; x_wconf 83' lang='grc' dir='ltr'>τῶν</span> <span class='ocrx_word' id='word_1_607' title='bbox 3461 3958 3595 4011; x_wconf 78' lang='grc' dir='ltr'>ὅλων</span> 
     </span>
    </p>
   </div>
   <div class='ocr_carea' id='block_1_84' title="bbox 2009 4047 3591 4121">
    <p class='ocr_par' dir='ltr' id='par_1_84' title="bbox 2009 4047 3591 4121">
     <span class='ocr_line' id='line_1_84' title="bbox 2009 4047 3591 4121; baseline -0.004 -15"><span class='ocrx_word' id='word_1_608' title='bbox 2009 4053 2141 4117; x_wconf 69' lang='grc' dir='ltr'>Θεὸς</span> <span class='ocrx_word' id='word_1_609' title='bbox 2165 4053 2243 4106; x_wconf 75' lang='grc' dir='ltr'>ἔτι</span> <span class='ocrx_word' id='word_1_610' title='bbox 2269 4095 2283 4118; x_wconf 91' lang='grc'><strong>,</strong></span> <span class='ocrx_word' id='word_1_611' title='bbox 2324 4052 2440 4106; x_wconf 86' lang='grc' dir='ltr'>ἀλλ’</span> <span class='ocrx_word' id='word_1_612' title='bbox 2479 4053 2708 4121; x_wconf 85' lang='grc' dir='ltr'>ἄγγελον</span> <span class='ocrx_word' id='word_1_613' title='bbox 2743 4053 3049 4121; x_wconf 84' lang='grc' dir='ltr'>ἐπιστήσει,</span> <span class='ocrx_word' id='word_1_614' title='bbox 3115 4050 3282 4121; x_wconf 78' lang='grc' dir='ltr'>ᾔτησε</span> <span class='ocrx_word' id='word_1_615' title='bbox 3315 4049 3412 4119; x_wconf 81' lang='grc' dir='ltr'>μὲν</span> <span class='ocrx_word' id='word_1_616' title='bbox 3451 4047 3591 4117; x_wconf 65' lang='grc' dir='ltr'>γνῶν</span> 
     </span>
    </p>
   </div>
   <div class='ocr_carea' id='block_1_85' title="bbox 2010 4140 3589 4213">
    <p class='ocr_par' dir='ltr' id='par_1_85' title="bbox 2010 4140 3589 4213">
     <span class='ocr_line' id='line_1_85' title="bbox 2010 4140 3589 4213; baseline -0.004 -16"><span class='ocrx_word' id='word_1_617' title='bbox 2010 4161 2096 4197; x_wconf 83' lang='grc' dir='ltr'><strong>ναι</strong></span> <span class='ocrx_word' id='word_1_618' title='bbox 2128 4144 2217 4197; x_wconf 83' lang='grc' dir='ltr'>τὸν</span> <span class='ocrx_word' id='word_1_619' title='bbox 2251 4144 2701 4213; x_wconf 81' lang='grc' dir='ltr'>ἐπιστησόμενον,</span> <span class='ocrx_word' id='word_1_620' title='bbox 2733 4142 3055 4213; x_wconf 71' lang='grc' dir='ltr'>ἡντιόόλησε</span> <span class='ocrx_word' id='word_1_621' title='bbox 3086 4142 3141 4194; x_wconf 80' lang='grc' dir='ltr'>δὲ</span> <span class='ocrx_word' id='word_1_622' title='bbox 3172 4141 3247 4211; x_wconf 80' lang='grc' dir='ltr'>μὴ</span> <span class='ocrx_word' id='word_1_623' title='bbox 3276 4140 3455 4193; x_wconf 83' lang='grc' dir='ltr'>δοῦναι</span> <span class='ocrx_word' id='word_1_624' title='bbox 3491 4140 3589 4192; x_wconf 77' lang='grc' dir='ltr'>αῦ-</span> 
     </span>
    </p>
   </div>
   <div class='ocr_carea' id='block_1_86' title="bbox 2010 4234 3593 4308">
    <p class='ocr_par' dir='ltr' id='par_1_86' title="bbox 2010 4234 3593 4308">
     <span class='ocr_line' id='line_1_86' title="bbox 2010 4234 3593 4308; baseline -0.002 -18"><span class='ocrx_word' id='word_1_625' title='bbox 2010 4240 2118 4300; x_wconf 89' lang='grc' dir='ltr'><strong>τοίς</strong></span> <span class='ocrx_word' id='word_1_626' title='bbox 2158 4237 2448 4306; x_wconf 73' lang='grc' dir='ltr'>ὁμόδουλον</span> <span class='ocrx_word' id='word_1_627' title='bbox 2491 4237 2753 4308; x_wconf 70' lang='grc' dir='ltr'>ἡγεμόνα,</span> <span class='ocrx_word' id='word_1_628' title='bbox 2797 4236 2911 4290; x_wconf 79' lang='grc' dir='ltr'>ἀλλ’</span> <span class='ocrx_word' id='word_1_629' title='bbox 2938 4236 3100 4290; x_wconf 73' lang='grc' dir='ltr'>αὑτὸν</span> <span class='ocrx_word' id='word_1_630' title='bbox 3133 4235 3312 4288; x_wconf 75' lang='grc' dir='ltr'>αὐτῶν</span> <span class='ocrx_word' id='word_1_631' title='bbox 3342 4234 3593 4305; x_wconf 72' lang='grc' dir='ltr'>καθηγήσ-</span> 
     </span>
    </p>
   </div>
   <div class='ocr_carea' id='block_1_87' title="bbox 2008 4326 3590 4398">
    <p class='ocr_par' dir='ltr' id='par_1_87' title="bbox 2008 4326 3590 4398">
     <span class='ocr_line' id='line_1_87' title="bbox 2008 4326 3590 4398; baseline -0.002 -18"><span class='ocrx_word' id='word_1_632' title='bbox 2008 4328 2234 4382; x_wconf 85' lang='grc' dir='ltr'>σασθαι·</span> <span class='ocrx_word' id='word_1_633' title='bbox 2270 4328 2345 4391; x_wconf 83' lang='grc' dir='ltr'>ὡς</span> <span class='ocrx_word' id='word_1_634' title='bbox 2374 4327 2429 4380; x_wconf 80' lang='grc' dir='ltr'><strong>δέ</strong></span> <span class='ocrx_word' id='word_1_635' title='bbox 2462 4328 2555 4380; x_wconf 77' lang='grc' dir='ltr'>καὶ</span> <span class='ocrx_word' id='word_1_636' title='bbox 2590 4326 2794 4397; x_wconf 81' lang='grc' dir='ltr'>ταύτην</span> <span class='ocrx_word' id='word_1_637' title='bbox 2821 4326 2945 4398; x_wconf 75' lang='grc' dir='ltr'>ἔσχε</span> <span class='ocrx_word' id='word_1_638' title='bbox 2970 4327 3069 4397; x_wconf 83' lang='grc' dir='ltr'>τὴν</span> <span class='ocrx_word' id='word_1_639' title='bbox 3106 4326 3281 4398; x_wconf 78' lang='grc' dir='ltr'>ἀρχὴν</span> <span class='ocrx_word' id='word_1_640' title='bbox 3299 4326 3460 4396; x_wconf 76' lang='grc' dir='ltr'>ἔρωτι</span> <span class='ocrx_word' id='word_1_641' title='bbox 3492 4342 3590 4395; x_wconf 81' lang='grc' dir='ltr'>με·</span> 
     </span>
    </p>
   </div>
   <div class='ocr_carea' id='block_1_88' title="bbox 2006 4418 3590 4491">
    <p class='ocr_par' dir='ltr' id='par_1_88' title="bbox 2006 4418 3590 4491">
     <span class='ocr_line' id='line_1_88' title="bbox 2006 4418 3590 4491; baseline -0.004 -16"><span class='ocrx_word' id='word_1_642' title='bbox 2006 4421 2149 4475; x_wconf 81' lang='grc' dir='ltr'>θύων</span> <span class='ocrx_word' id='word_1_643' title='bbox 2185 4420 2565 4491; x_wconf 76' lang='grc' dir='ltr'>ἐπαινουμένῳ</span> <span class='ocrx_word' id='word_1_644' title='bbox 2599 4421 2705 4473; x_wconf 78' lang='grc' dir='ltr'>τῶν</span> <span class='ocrx_word' id='word_1_645' title='bbox 2744 4419 2884 4489; x_wconf 79' lang='grc' dir='ltr'>ὑπὲρ</span> <span class='ocrx_word' id='word_1_646' title='bbox 2915 4420 3199 4491; x_wconf 76' lang='grc' dir='ltr'>ἄνθρωπον</span> <span class='ocrx_word' id='word_1_647' title='bbox 3239 4418 3454 4489; x_wconf 75' lang='grc' dir='ltr'>ἠράσθη</span> <span class='ocrx_word' id='word_1_648' title='bbox 3500 4419 3590 4469; x_wconf 78' lang='grc' dir='ltr'>καὶ</span> 
     </span>
    </p>
   </div>
   <div class='ocr_carea' id='block_1_89' title="bbox 2004 4506 3587 4583">
    <p class='ocr_par' dir='ltr' id='par_1_89' title="bbox 2004 4506 3587 4583">
     <span class='ocr_line' id='line_1_89' title="bbox 2004 4506 3587 4583; baseline -0.006 -17"><span class='ocrx_word' id='word_1_649' title='bbox 2004 4514 2103 4583; x_wconf 83' lang='grc' dir='ltr'>τὴν</span> <span class='ocrx_word' id='word_1_650' title='bbox 2133 4510 2360 4564; x_wconf 83' lang='grc' dir='ltr'>ἀθέατον</span> <span class='ocrx_word' id='word_1_651' title='bbox 2403 4510 2563 4580; x_wconf 80' lang='grc' dir='ltr'>φύσιν</span> <span class='ocrx_word' id='word_1_652' title='bbox 2595 4510 2721 4563; x_wconf 85' lang='grc' dir='ltr'>ἰδεῖν</span> <span class='ocrx_word' id='word_1_653' title='bbox 2760 4508 3132 4579; x_wconf 83' lang='grc' dir='ltr'>ἐπεθύμησεν,</span> <span class='ocrx_word' id='word_1_654' title='bbox 3164 4507 3301 4561; x_wconf 76' lang='grc' dir='ltr'><strong>ἀλλά</strong></span> <span class='ocrx_word' id='word_1_655' title='bbox 3335 4506 3587 4577; x_wconf 82' lang='grc' dir='ltr'>μεμάθη-</span> 
     </span>
    </p>
   </div>
   <div class='ocr_carea' id='block_1_90' title="bbox 2005 4600 3589 4672">
    <p class='ocr_par' dir='ltr' id='par_1_90' title="bbox 2005 4600 3589 4672">
     <span class='ocr_line' id='line_1_90' title="bbox 2005 4600 3589 4672; baseline -0.005 -14"><span class='ocrx_word' id='word_1_656' title='bbox 2005 4622 2099 4658; x_wconf 89' lang='grc' dir='ltr'><strong>κεν</strong></span> <span class='ocrx_word' id='word_1_657' title='bbox 2127 4605 2202 4667; x_wconf 84' lang='grc' dir='ltr'>ὠς</span> <span class='ocrx_word' id='word_1_658' title='bbox 2228 4603 2384 4657; x_wconf 86' lang='grc' dir='ltr'>τοῦτο</span> <span class='ocrx_word' id='word_1_659' title='bbox 2411 4603 2668 4658; x_wconf 81' lang='grc' dir='ltr'>ἀδύνατον</span> <span class='ocrx_word' id='word_1_660' title='bbox 2689 4618 2703 4633; x_wconf 74' lang='grc'><em>’</em></span> <span class='ocrx_word' id='word_1_661' title='bbox 2739 4602 2807 4655; x_wconf 78' lang='grc' dir='ltr'><strong>τὰ</strong></span> <span class='ocrx_word' id='word_1_662' title='bbox 2833 4601 2890 4654; x_wconf 80' lang='grc' dir='ltr'><strong>δέ</strong></span> <span class='ocrx_word' id='word_1_663' title='bbox 2938 4604 3038 4672; x_wconf 83' lang='grc' dir='ltr'>τῆς</span> <span class='ocrx_word' id='word_1_664' title='bbox 3067 4601 3378 4671; x_wconf 79' lang='grc' dir='ltr'>οἰκονομίας</span> <span class='ocrx_word' id='word_1_665' title='bbox 3404 4616 3461 4653; x_wconf 91' lang='grc' dir='ltr'><strong>τε</strong></span> <span class='ocrx_word' id='word_1_666' title='bbox 3494 4600 3589 4651; x_wconf 66' lang='grc' dir='ltr'>καὶ</span> 
     </span>
    </p>
   </div>
   <div class='ocr_carea' id='block_1_91' title="bbox 320 4691 1930 4772">
    <p class='ocr_par' dir='ltr' id='par_1_91' title="bbox 320 4696 1903 4772">
     <span class='ocr_line' id='line_1_91' title="bbox 320 4696 1903 4772; baseline -0.003 -17"><span class='ocrx_word' id='word_1_667' title='bbox 320 4700 721 4772; x_wconf 88' lang='lat' dir='ltr'><strong>providentiam</strong></span> <span class='ocrx_word' id='word_1_668' title='bbox 741 4710 795 4756; x_wconf 87' lang='lat' dir='ltr'><strong>et</strong></span> <span class='ocrx_word' id='word_1_669' title='bbox 820 4701 1092 4755; x_wconf 89' lang='lat' dir='ltr'><strong>actionem</strong></span> <span class='ocrx_word' id='word_1_670' title='bbox 1129 4698 1232 4768; x_wconf 86' lang='lat' dir='ltr'><strong>(sic</strong></span> <span class='ocrx_word' id='word_1_671' title='bbox 1260 4699 1405 4752; x_wconf 89' lang='lat' dir='ltr'><strong>enim</strong></span> <span class='ocrx_word' id='word_1_672' title='bbox 1431 4696 1785 4767; x_wconf 84' lang='lat' dir='ltr'><strong>intelligenda</strong></span> <span class='ocrx_word' id='word_1_673' title='bbox 1820 4705 1903 4751; x_wconf 90' lang='lat' dir='ltr'><strong>est</strong></span> 
     </span>
    </p>
   </div>
   <div class='ocr_carea' id='block_1_92' title="bbox 2019 4691 3587 4772">
    <p class='ocr_par' dir='ltr' id='par_1_92' title="bbox 2019 4691 3587 4767">
     <span class='ocr_line' id='line_1_92' title="bbox 2019 4691 3587 4767; baseline -0.004 -16"><span class='ocrx_word' id='word_1_674' title='bbox 2019 4696 2309 4767; x_wconf 66' lang='grc' dir='ltr'>ἐνεργείας,</span> <span class='ocrx_word' id='word_1_675' title='bbox 2347 4695 2491 4749; x_wconf 72' lang='grc' dir='ltr'>οὕτω</span> <span class='ocrx_word' id='word_1_676' title='bbox 2524 4698 2632 4766; x_wconf 84' lang='grc' dir='ltr'>γὰρ</span> <span class='ocrx_word' id='word_1_677' title='bbox 2663 4696 2743 4748; x_wconf 84' lang='grc' dir='ltr'><strong>δεῖ</strong></span> <span class='ocrx_word' id='word_1_678' title='bbox 2776 4697 2914 4747; x_wconf 86' lang='grc' dir='ltr'>νοεῖν</span> <span class='ocrx_word' id='word_1_679' title='bbox 2952 4693 3047 4746; x_wconf 92' lang='grc' dir='ltr'><strong>τοῦ</strong></span> <span class='ocrx_word' id='word_1_680' title='bbox 3093 4692 3227 4746; x_wconf 77' lang='grc' dir='ltr'>Θεοῦ</span> <span class='ocrx_word' id='word_1_681' title='bbox 3256 4692 3322 4745; x_wconf 86' lang='grc' dir='ltr'><strong>τά</strong></span> <span class='ocrx_word' id='word_1_682' title='bbox 3345 4691 3587 4753; x_wconf 79' lang='grc' dir='ltr'>ὀπίσθια,</span> 
     </span>
    </p>
   </div>
   <div class='ocr_carea' id='block_1_93' title="bbox 320 4791 1903 4866">
    <p class='ocr_par' dir='ltr' id='par_1_93' title="bbox 320 4791 1903 4866">
     <span class='ocr_line' id='line_1_93' title="bbox 320 4791 1903 4866; baseline -0.006 -13"><span class='ocrx_word' id='word_1_683' title='bbox 320 4794 595 4866; x_wconf 88' lang='lat' dir='ltr'><strong>posterior</strong></span> <span class='ocrx_word' id='word_1_684' title='bbox 612 4793 709 4850; x_wconf 87' lang='lat' dir='ltr'><strong>Dei</strong></span> <span class='ocrx_word' id='word_1_685' title='bbox 738 4795 885 4865; x_wconf 89' lang='lat' dir='ltr'><strong>pars)</strong></span> <span class='ocrx_word' id='word_1_686' title='bbox 915 4791 1278 4862; x_wconf 87' lang='lat' dir='ltr'><strong>contemplari</strong></span> <span class='ocrx_word' id='word_1_687' title='bbox 1306 4806 1625 4861; x_wconf 87' lang='lat' dir='ltr'><strong>possumus,</strong></span> <span class='ocrx_word' id='word_1_688' title='bbox 1650 4806 1758 4843; x_wconf 84' lang='lat' dir='ltr'><strong>non</strong></span> <span class='ocrx_word' id='word_1_689' title='bbox 1780 4791 1903 4860; x_wconf 84' lang='lat' dir='ltr'><strong>qui-</strong></span> 
     </span>
    </p>
   </div>
   <div class='ocr_carea' id='block_1_94' title="bbox 2002 4784 3588 4862">
    <p class='ocr_par' dir='ltr' id='par_1_94' title="bbox 2002 4784 3588 4862">
     <span class='ocr_line' id='line_1_94' title="bbox 2002 4784 3588 4862; baseline -0.006 -17"><span class='ocrx_word' id='word_1_690' title='bbox 2002 4791 2277 4862; x_wconf 84' lang='grc' dir='ltr'>θεωρῆσαι</span> <span class='ocrx_word' id='word_1_691' title='bbox 2318 4790 2545 4843; x_wconf 80' lang='grc' dir='ltr'>δυνατὸν</span> <span class='ocrx_word' id='word_1_692' title='bbox 2582 4790 2694 4851; x_wconf 87' lang='grc' dir='ltr'>τοῖς</span> <span class='ocrx_word' id='word_1_693' title='bbox 2737 4787 2884 4841; x_wconf 77' lang='grc' dir='ltr'>κατὰ</span> <span class='ocrx_word' id='word_1_694' title='bbox 2918 4786 3191 4851; x_wconf 81' lang='grc' dir='ltr'>Μωῦσέα,</span> <span class='ocrx_word' id='word_1_695' title='bbox 3223 4786 3342 4838; x_wconf 75' lang='grc' dir='ltr'><strong>οὐδὲ</strong></span> <span class='ocrx_word' id='word_1_696' title='bbox 3377 4784 3588 4847; x_wconf 79' lang='grc' dir='ltr'>τούτοις</span> 
     </span>
    </p>
   </div>
   <div class='ocr_carea' id='block_1_95' title="bbox 318 4875 1930 4959">
    <p class='ocr_par' dir='ltr' id='par_1_95' title="bbox 318 4882 1902 4959">
     <span class='ocr_line' id='line_1_95' title="bbox 318 4882 1902 4959; baseline -0.004 -16"><span class='ocrx_word' id='word_1_697' title='bbox 318 4890 440 4944; x_wconf 90' lang='lat' dir='ltr'><strong>dem</strong></span> <span class='ocrx_word' id='word_1_698' title='bbox 470 4888 672 4959; x_wconf 87' lang='lat' dir='ltr'><strong>palam,</strong></span> <span class='ocrx_word' id='word_1_699' title='bbox 717 4888 812 4944; x_wconf 89' lang='lat' dir='ltr'><strong>sed</strong></span> <span class='ocrx_word' id='word_1_700' title='bbox 865 4894 922 4941; x_wconf 91' lang='lat' dir='ltr'><strong>ut</strong></span> <span class='ocrx_word' id='word_1_701' title='bbox 962 4884 1179 4957; x_wconf 79' lang='lat' dir='ltr'><strong>Moyses</strong></span> <span class='ocrx_word' id='word_1_702' title='bbox 1210 4892 1267 4938; x_wconf 92' lang='lat' dir='ltr'><strong>et</strong></span> <span class='ocrx_word' id='word_1_703' title='bbox 1310 4884 1365 4938; x_wconf 92' lang='lat' dir='ltr'><strong>in</strong></span> <span class='ocrx_word' id='word_1_704' title='bbox 1396 4894 1556 4954; x_wconf 90' lang='lat' dir='ltr'><strong>petra</strong></span> <span class='ocrx_word' id='word_1_705' title='bbox 1612 4884 1773 4953; x_wconf 88' lang='lat' dir='ltr'><strong>quasi</strong></span> <span class='ocrx_word' id='word_1_706' title='bbox 1833 4882 1902 4938; x_wconf 90' lang='lat' dir='ltr'><strong>ab</strong></span> 
     </span>
    </p>
   </div>
   <div class='ocr_carea' id='block_1_96' title="bbox 2019 4875 3585 4959">
    <p class='ocr_par' dir='ltr' id='par_1_96' title="bbox 2019 4875 3585 4952">
     <span class='ocr_line' id='line_1_96' title="bbox 2019 4875 3585 4952; baseline -0.005 -17"><span class='ocrx_word' id='word_1_707' title='bbox 2019 4885 2053 4937; x_wconf 73' lang='grc' dir='ltr'><strong>ῖέ</strong></span> <span class='ocrx_word' id='word_1_708' title='bbox 2084 4883 2271 4947; x_wconf 84' lang='grc' dir='ltr'>ἁπλῶς</span> <span class='ocrx_word' id='word_1_709' title='bbox 2293 4926 2307 4949; x_wconf 92' lang='grc'><strong>,</strong></span> <span class='ocrx_word' id='word_1_710' title='bbox 2334 4882 2450 4936; x_wconf 81' lang='grc' dir='ltr'>ἀλλ’</span> <span class='ocrx_word' id='word_1_711' title='bbox 2476 4883 2556 4945; x_wconf 88' lang='grc' dir='ltr'><strong>εἰς</strong></span> <span class='ocrx_word' id='word_1_712' title='bbox 2588 4881 2686 4951; x_wconf 84' lang='grc' dir='ltr'>τὴν</span> <span class='ocrx_word' id='word_1_713' title='bbox 2726 4880 2934 4952; x_wconf 83' lang='grc' dir='ltr'>πέτραν</span> <span class='ocrx_word' id='word_1_714' title='bbox 2984 4878 3076 4931; x_wconf 82' lang='grc' dir='ltr'><strong>ὑπ’</strong></span> <span class='ocrx_word' id='word_1_715' title='bbox 3110 4877 3275 4931; x_wconf 77' lang='grc' dir='ltr'>αὑτοῦ</span> <span class='ocrx_word' id='word_1_716' title='bbox 3327 4875 3419 4931; x_wconf 86' lang='grc' dir='ltr'><strong>τοῦ</strong></span> <span class='ocrx_word' id='word_1_717' title='bbox 3450 4875 3585 4928; x_wconf 85' lang='grc' dir='ltr'>Θεοῦ</span> 
     </span>
    </p>
   </div>
   <div class='ocr_carea' id='block_1_97' title="bbox 320 4976 1902 5051">
    <p class='ocr_par' dir='ltr' id='par_1_97' title="bbox 320 4976 1902 5051">
     <span class='ocr_line' id='line_1_97' title="bbox 320 4976 1902 5051; baseline -0.003 -16"><span class='ocrx_word' id='word_1_718' title='bbox 320 4984 440 5051; x_wconf 81' lang='lat' dir='ltr'><strong>ipso</strong></span> <span class='ocrx_word' id='word_1_719' title='bbox 477 4979 585 5036; x_wconf 90' lang='lat' dir='ltr'><strong>Deo</strong></span> <span class='ocrx_word' id='word_1_720' title='bbox 614 4979 894 5046; x_wconf 92' lang='lat' dir='ltr'><strong>collocati,</strong></span> <span class='ocrx_word' id='word_1_721' title='bbox 931 4981 1014 5034; x_wconf 90' lang='lat' dir='ltr'><strong>sic</strong></span> <span class='ocrx_word' id='word_1_722' title='bbox 1048 4976 1364 5033; x_wconf 89' lang='lat' dir='ltr'><strong>ostenditur</strong></span> <span class='ocrx_word' id='word_1_723' title='bbox 1417 4977 1573 5031; x_wconf 84' lang='lat' dir='ltr'><strong>ﬁrma</strong></span> <span class='ocrx_word' id='word_1_724' title='bbox 1624 4976 1749 5031; x_wconf 87' lang='lat' dir='ltr'><strong>ﬁdei</strong></span> <span class='ocrx_word' id='word_1_725' title='bbox 1788 4987 1902 5031; x_wconf 90' lang='lat' dir='ltr'><strong>sta-</strong></span> 
     </span>
    </p>
   </div>
   <div class='ocr_carea' id='block_1_98' title="bbox 1997 4965 3588 5043">
    <p class='ocr_par' dir='ltr' id='par_1_98' title="bbox 1997 4965 3588 5043">
     <span class='ocr_line' id='line_1_98' title="bbox 1997 4965 3588 5043; baseline -0.007 -16"><span class='ocrx_word' id='word_1_726' title='bbox 1997 4974 2308 5043; x_wconf 86' lang='grc' dir='ltr'>τιθεμένοις</span> <span class='ocrx_word' id='word_1_727' title='bbox 2328 4989 2342 5003; x_wconf 86' lang='grc'><strong>·</strong></span> <span class='ocrx_word' id='word_1_728' title='bbox 2378 4970 2704 5042; x_wconf 86' lang='grc' dir='ltr'>σημαίνειδέ</span> <span class='ocrx_word' id='word_1_729' title='bbox 2736 4969 2874 5039; x_wconf 73' lang='grc' dir='ltr'>αῦτη</span> <span class='ocrx_word' id='word_1_730' title='bbox 2890 4968 2988 5038; x_wconf 83' lang='grc' dir='ltr'>τῆς</span> <span class='ocrx_word' id='word_1_731' title='bbox 3014 4967 3251 5030; x_wconf 87' lang='grc' dir='ltr'>πίστεως</span> <span class='ocrx_word' id='word_1_732' title='bbox 3272 4966 3331 5018; x_wconf 84' lang='grc' dir='ltr'>τὸ</span> <span class='ocrx_word' id='word_1_733' title='bbox 3361 4965 3588 5036; x_wconf 64' lang='grc' dir='ltr'>στερρὸν</span> 
     </span>
    </p>
   </div>
   <div class='ocr_carea' id='block_1_99' title="bbox 319 5057 1930 5138">
    <p class='ocr_par' dir='ltr' id='par_1_99' title="bbox 319 5065 1899 5137">
     <span class='ocr_line' id='line_1_99' title="bbox 319 5065 1899 5137; baseline -0.004 -11"><span class='ocrx_word' id='word_1_734' title='bbox 319 5073 524 5137; x_wconf 63' lang='grc' dir='ltr'>ὺιιὶιιιε,</span> <span class='ocrx_word' id='word_1_735' title='bbox 557 5081 614 5127; x_wconf 91' lang='lat' dir='ltr'><strong>et</strong></span> <span class='ocrx_word' id='word_1_736' title='bbox 641 5072 697 5126; x_wconf 87' lang='lat' dir='ltr'><strong>in</strong></span> <span class='ocrx_word' id='word_1_737' title='bbox 730 5070 1000 5125; x_wconf 83' lang='lat' dir='ltr'><strong>foramine</strong></span> <span class='ocrx_word' id='word_1_738' title='bbox 1040 5067 1200 5136; x_wconf 86' lang='lat' dir='ltr'><strong>hujus</strong></span> <span class='ocrx_word' id='word_1_739' title='bbox 1240 5066 1438 5137; x_wconf 87' lang='lat' dir='ltr'><strong>lapidis</strong></span> <span class='ocrx_word' id='word_1_740' title='bbox 1470 5067 1592 5123; x_wconf 85' lang='lat' dir='ltr'><strong>ﬁdei</strong></span> <span class='ocrx_word' id='word_1_741' title='bbox 1650 5065 1899 5122; x_wconf 83' lang='lat' dir='ltr'><strong>foramen</strong></span> 
     </span>
    </p>
   </div>
   <div class='ocr_carea' id='block_1_100' title="bbox 2019 5057 3591 5138">
    <p class='ocr_par' dir='ltr' id='par_1_100' title="bbox 2019 5057 3591 5138">
     <span class='ocr_line' id='line_1_100' title="bbox 2019 5057 3591 5138; baseline -0.008 -18"><span class='ocrx_word' id='word_1_742' title='bbox 2019 5068 2093 5120; x_wconf 80' lang='grc' dir='ltr'>ιαὶ</span> <span class='ocrx_word' id='word_1_743' title='bbox 2120 5066 2457 5138; x_wconf 84' lang='grc' dir='ltr'>ἀκράδαντον</span> <span class='ocrx_word' id='word_1_744' title='bbox 2481 5080 2494 5093; x_wconf 76' lang='grc' dir='ltr'><strong>ο</strong></span> <span class='ocrx_word' id='word_1_745' title='bbox 2525 5064 2620 5116; x_wconf 75' lang='grc' dir='ltr'>καὶ</span> <span class='ocrx_word' id='word_1_746' title='bbox 2640 5061 2731 5116; x_wconf 80' lang='grc' dir='ltr'>διὰ</span> <span class='ocrx_word' id='word_1_747' title='bbox 2750 5061 2850 5131; x_wconf 84' lang='grc' dir='ltr'>τῆς</span> <span class='ocrx_word' id='word_1_748' title='bbox 2887 5060 3026 5128; x_wconf 82' lang='grc' dir='ltr'>ὀπῆς</span> <span class='ocrx_word' id='word_1_749' title='bbox 3055 5059 3156 5128; x_wconf 80' lang='grc' dir='ltr'>τῆς</span> <span class='ocrx_word' id='word_1_750' title='bbox 3188 5057 3411 5128; x_wconf 80' lang='grc' dir='ltr'>πέτρας,</span> <span class='ocrx_word' id='word_1_751' title='bbox 3440 5057 3591 5127; x_wconf 86' lang='grc' dir='ltr'><strong>δηλοί</strong></span> 
     </span>
    </p>
   </div>
   <div class='ocr_carea' id='block_1_101' title="bbox 320 5156 1900 5233">
    <p class='ocr_par' dir='ltr' id='par_1_101' title="bbox 320 5156 1900 5233">
     <span class='ocr_line' id='line_1_101' title="bbox 320 5156 1900 5233; baseline -0.004 -16"><span class='ocrx_word' id='word_1_752' title='bbox 320 5171 566 5232; x_wconf 80' lang='lat' dir='ltr'><strong>apparet,</strong></span> <span class='ocrx_word' id='word_1_753' title='bbox 596 5161 1018 5233; x_wconf 71' lang='lat' dir='ltr'><strong>quminaccessa</strong></span> <span class='ocrx_word' id='word_1_754' title='bbox 1046 5157 1221 5214; x_wconf 89' lang='lat' dir='ltr'><strong>oculis</strong></span> <span class='ocrx_word' id='word_1_755' title='bbox 1258 5159 1542 5228; x_wconf 89' lang='lat' dir='ltr'><strong>corporeis</strong></span> <span class='ocrx_word' id='word_1_756' title='bbox 1570 5164 1624 5213; x_wconf 91' lang='lat' dir='ltr'><strong>et</strong></span> <span class='ocrx_word' id='word_1_757' title='bbox 1652 5156 1900 5212; x_wconf 85' lang='lat' dir='ltr'><strong>invisibi-</strong></span> 
     </span>
    </p>
   </div>
   <div class='ocr_carea' id='block_1_102' title="bbox 321 5255 705 5324">
    <p class='ocr_par' dir='ltr' id='par_1_102' title="bbox 321 5255 705 5324">
     <span class='ocr_line' id='line_1_102' title="bbox 321 5255 705 5324; baseline -0.01 -14"><span class='ocrx_word' id='word_1_758' title='bbox 321 5257 390 5310; x_wconf 85' lang='lat' dir='ltr'><strong>lia</strong></span> <span class='ocrx_word' id='word_1_759' title='bbox 426 5255 705 5324; x_wconf 88' lang='lat' dir='ltr'><strong>perspicit.</strong></span> 
     </span>
    </p>
   </div>
   <div class='ocr_carea' id='block_1_103' title="bbox 1994 5150 3589 5231">
    <p class='ocr_par' dir='ltr' id='par_1_103' title="bbox 1994 5150 3589 5231">
     <span class='ocr_line' id='line_1_103' title="bbox 1994 5150 3589 5231; baseline -0.007 -18"><span class='ocrx_word' id='word_1_760' title='bbox 1994 5159 2051 5213; x_wconf 85' lang='grc' dir='ltr'><strong>δέ</strong></span> <span class='ocrx_word' id='word_1_761' title='bbox 2078 5158 2215 5229; x_wconf 81' lang='grc' dir='ltr'>αῦτη</span> <span class='ocrx_word' id='word_1_762' title='bbox 2245 5158 2306 5231; x_wconf 70' lang='grc' dir='ltr'>τῆ</span> <span class='ocrx_word' id='word_1_763' title='bbox 2320 5175 2342 5222; x_wconf 88' lang='grc' dir='ltr'><strong>ς</strong></span> <span class='ocrx_word' id='word_1_764' title='bbox 2362 5158 2595 5218; x_wconf 80' lang='grc' dir='ltr'>πίστεως</span> <span class='ocrx_word' id='word_1_765' title='bbox 2621 5154 2897 5223; x_wconf 66' lang='grc' dir='ltr'>ὀφθαλμὸν</span> <span class='ocrx_word' id='word_1_766' title='bbox 2923 5152 3235 5223; x_wconf 84' lang='grc' dir='ltr'>θεωροῦντα</span> <span class='ocrx_word' id='word_1_767' title='bbox 3263 5152 3375 5215; x_wconf 87' lang='grc' dir='ltr'>τοῖς</span> <span class='ocrx_word' id='word_1_768' title='bbox 3398 5150 3589 5222; x_wconf 78' lang='grc' dir='ltr'>αἰσθη-</span> 
     </span>
    </p>
   </div>
   <div class='ocr_carea' id='block_1_104' title="bbox 1992 5244 3159 5319">
    <p class='ocr_par' dir='ltr' id='par_1_104' title="bbox 1992 5244 3159 5319">
     <span class='ocr_line' id='line_1_104' title="bbox 1992 5244 3159 5319; baseline -0.003 -18"><span class='ocrx_word' id='word_1_769' title='bbox 1992 5251 2105 5312; x_wconf 80' lang='grc' dir='ltr'>τοῖς</span> <span class='ocrx_word' id='word_1_770' title='bbox 2138 5248 2435 5319; x_wconf 62' lang='grc' dir='ltr'>ὀφθαλιοίς</span> <span class='ocrx_word' id='word_1_771' title='bbox 2474 5248 2737 5317; x_wconf 77' lang='grc' dir='ltr'>ἀνέφικτα</span> <span class='ocrx_word' id='word_1_772' title='bbox 2792 5244 2885 5298; x_wconf 73' lang='grc' dir='ltr'><strong>κ..ὶ</strong></span> <span class='ocrx_word' id='word_1_773' title='bbox 2931 5244 3159 5298; x_wconf 84' lang='grc' dir='ltr'>ἀθέατα.</span> 
     </span>
    </p>
   </div>
   <div class='ocr_carea' id='block_1_105' title="bbox 392 5426 2135 5501">
    <p class='ocr_par' dir='ltr' id='par_1_105' title="bbox 392 5426 2135 5501">
     <span class='ocr_line' id='line_1_105' title="bbox 392 5426 2135 5501; baseline 0.006 -17"><span class='ocrx_word' id='word_1_774' title='bbox 392 5436 439 5466; x_wconf 75' lang='grc' dir='ltr'><strong>τσ</strong></span> <span class='ocrx_word' id='word_1_775' title='bbox 474 5432 647 5489; x_wconf 77' lang='lat' dir='ltr'><strong>Exod.</strong></span> <span class='ocrx_word' id='word_1_776' title='bbox 686 5446 875 5498; x_wconf 75' lang='lat' dir='ltr'><strong>xxvm,</strong></span> <span class='ocrx_word' id='word_1_777' title='bbox 900 5428 993 5485; x_wconf 80' lang='lat'><strong>&#39;58.</strong></span> <span class='ocrx_word' id='word_1_778' title='bbox 1069 5429 1112 5460; x_wconf 81' lang='grc'>⁷¹</span> <span class='ocrx_word' id='word_1_779' title='bbox 1148 5427 1322 5485; x_wconf 80' lang='lat' dir='ltr'><strong>Exod.</strong></span> <span class='ocrx_word' id='word_1_780' title='bbox 1355 5446 1529 5501; x_wconf 57' lang='grc' dir='ltr'>χχχιι,</span> <span class='ocrx_word' id='word_1_781' title='bbox 1566 5434 1655 5490; x_wconf 67' lang='lat'><strong>36.</strong></span> <span class='ocrx_word' id='word_1_782' title='bbox 1732 5429 1777 5458; x_wconf 84' lang='lat'><strong>&quot;</strong></span> <span class='ocrx_word' id='word_1_783' title='bbox 1803 5426 1961 5485; x_wconf 73' lang='lat' dir='ltr'><strong>Rom.</strong></span> <span class='ocrx_word' id='word_1_784' title='bbox 1988 5447 2046 5492; x_wconf 78' lang='lat' dir='ltr'><strong>tl.</strong></span> <span class='ocrx_word' id='word_1_785' title='bbox 2080 5428 2135 5483; x_wconf 71' lang='grc' dir='ltr'><strong>4ο</strong></span> 
     </span>
    </p>
   </div>
   <div class='ocr_carea' id='block_1_106' title="bbox 1848 5588 2079 5645">
    <p class='ocr_par' dir='ltr' id='par_1_106' title="bbox 1848 5588 2079 5645">
     <span class='ocr_line' id='line_1_106' title="bbox 1848 5588 2079 5645; baseline -0.004 -2"><span class='ocrx_word' id='word_1_786' title='bbox 1848 5588 2079 5645; x_wconf 64' lang='lat' dir='ltr'><strong>NOTAE.</strong></span> 
     </span>
    </p>
   </div>
   <div class='ocr_carea' id='block_1_107' title="bbox 392 5742 2099 5816">
    <p class='ocr_par' dir='ltr' id='par_1_107' title="bbox 392 5742 2099 5816">
     <span class='ocr_line' id='line_1_107' title="bbox 392 5742 2099 5816; baseline -0.003 -14"><span class='ocrx_word' id='word_1_787' title='bbox 392 5748 504 5813; x_wconf 86' lang='lat'><strong>(69)</strong></span> <span class='ocrx_word' id='word_1_788' title='bbox 542 5749 619 5803; x_wconf 78' lang='lat' dir='ltr'><strong>Ex</strong></span> <span class='ocrx_word' id='word_1_789' title='bbox 646 5746 991 5805; x_wconf 86' lang='lat' dir='ltr'><strong>&#39;l‘heodorelo</strong></span> <span class='ocrx_word' id='word_1_790' title='bbox 1030 5762 1082 5816; x_wconf 91' lang='lat' dir='ltr'><strong>q.</strong></span> <span class='ocrx_word' id='word_1_791' title='bbox 1112 5745 1182 5799; x_wconf 83' lang='lat'>68</span> <span class='ocrx_word' id='word_1_792' title='bbox 1225 5744 1277 5797; x_wconf 89' lang='lat' dir='ltr'><strong>in</strong></span> <span class='ocrx_word' id='word_1_793' title='bbox 1326 5743 1495 5797; x_wconf 80' lang='lat' dir='ltr'><strong>Exod.</strong></span> <span class='ocrx_word' id='word_1_794' title='bbox 1546 5742 1607 5796; x_wconf 88' lang='grc' dir='ltr'><strong>Τ.</strong></span> <span class='ocrx_word' id='word_1_795' title='bbox 1639 5742 1852 5812; x_wconf 61' lang='lat' dir='ltr'><strong>LXXX,</strong></span> <span class='ocrx_word' id='word_1_796' title='bbox 1893 5759 1945 5815; x_wconf 86' lang='lat' dir='ltr'><strong>p.</strong></span> <span class='ocrx_word' id='word_1_797' title='bbox 1973 5743 2099 5799; x_wconf 71' lang='grc'><strong>294.</strong></span> 
     </span>
    </p>
   </div>
  </div>
