3902 6212
1072 298 1170 356 AD
1209 295 1802 359 AMPIlILOCHIUM
1840 292 2188 368 QUfESTIO
2224 293 2826 354 CCLXIX-CCLXXI.
3465 286 3605 353 1098

890 408 1222 462 ΕΡΩΤΗΣΙΣ
1272 409 1389 466 ΣΟ’.
1946 430 1992 483 Α
2048 403 2379 473 ρυΑεετιο
2415 403 2664 460 CCLXX.
2711 402 2895 475 [Coist.
2936 398 3356 466 CCLXXXVI“,
3401 397 3564 456 Taur.

2629 493 3003 566 CCLXXVHJ

2079 589 2358 656 Quomodo
2413 589 2820 661 intelligendum
2867 591 2949 661 in,
2982 590 3306 661 vestimentis
3346 589 3544 659 tepram

2644 662 2812 716 inesse
2848 659 2998 733 (70)?

1206 767 1353 822 Edita
1381 781 1409 817 a
1442 768 1567 820 Maio
1600 769 1657 833 (l.
1694 782 1738 820 c.
1772 784 1821 833 p.
1851 771 2034 849 ἰδέης.
2062 774 2198 837 279).
2233 802 2292 813 -
2321 774 2487 826 Levit.
2518 788 2625 836 xm,
2650 774 2728 824 t7.

403 871 610 936 Πολλὰς
640 872 822 939 αὐτοῖς
846 874 1092 940 παιδείας
1112 879 1141 932 6
1172 878 1306 944 Θεὸς
1324 880 1580 946 τοιαύτας
1596 883 1877 954 ἐπήγαγεν
1900 900 1914 916 ⁶

331 963 531 1019 αὐτίκα
559 964 687 1033 γοῦν
727 967 823 1020 καὶ
877 968 1008 1039 περὶ
1058 968 1279 1040 λεπρῶν
1316 973 1505 1026 οἰκιῶν
1550 974 1725 1039 οὕτως
1776 975 1915 1047 ἔφη·

334 293 467 359 1097

612 583 742 651 Πῶς
763 582 833 640 ἐν
862 586 1117 656 ἱματίοις
1152 586 1346 655 λέπρα
1370 586 1635 657 erle-sto;

2087 886 2288 942 Judaeis
2308 887 2494 942 multae
2550 888 2797 958 talesque
2846 884 3221 941 institutiones
3251 899 3280 939 a
3316 885 3423 938 Deo
3464 883 3604 939 data:

2021 988 2169 1036 sunt.
2209 979 2408 1034 Statim
2450 981 2618 1051 igitur
2654 980 2722 1034 de
2756 978 2988 1049 leprosis
3015 977 3272 1033 domibus
3313 976 3393 1031 sic
3421 977 3604 1045 loqui-

338 1073 356 1106 ι
398 1054 487 1118 Ὠς
548 1054 614 1109 ἂν
643 1057 921 1130 εἰσέλθητε
959 1061 1041 1124 εἰς
1092 1060 1190 1133 τὴν
1218 1065 1323 1134 γῆν
1350 1064 1460 1118 τῶν
1492 1066 1819 1122 Χαναναίων
1850 1068 1920 1140 ἣν

2023 1077 2113 1126 tur
2138 1087 2153 1125 :
2182 1087 2201 1121 ι
2230 1068 2367 1125 Cum
2400 1069 2631 1141 ingressi
2660 1069 2872 1124 fueritis
2902 1078 3105 1124 terram
3134 1068 3397 1124 Chanaan
3435 1084 3602 1138 quam

332 1147 443 1211 ἐγὼ
494 1148 688 1219 δίδωμι
745 1151 876 1221 ύμῖν
900 1167 915 1182 °
950 1154 1047 1207 καὶ
1089 1155 1244 1208 δώσω
1274 1156 1419 1229 ἁφὴν
1441 1158 1647 1230 λέπρας
1693 1162 1924 1226 ὲνιταῖς

2025 1176 2126 1233 ego
2172 1162 2316 1217 dabo
2365 1160 2523 1217 vobis
2569 1163 2621 1216 in
2674 1161 3109 1231 possessionem,
3154 1161 3197 1215 si
3250 1160 3416 1216 fuerit
3444 1160 3603 1230 plaga

331 1237 530 1301 οἰκίαις
545 1240 646 1307 τῆς
667 1242 769 1311 γῆς
787 1242 888 1313 τῆς
912 1244 1179 1314 ὲγκτήτου
1198 1247 1373 1317 ὑμῶν,
1413 1267 1431 1300 ι
1467 1250 1562 1303 καὶ
1586 1250 1712 1319 ἑξῆς
1734 1267 1747 1281 ο
1778 1250 1922 1305 διδά-

2024 1252 2189 1323 Ιθρτιε
2237 1254 2290 1307 in
2327 1254 2621 1317 aedibus",
2648 1272 2666 1305 ι
2706 1262 2760 1308 et
2802 1253 3035 1324 reliqua.
3071 1253 3164 1308 Sic
3190 1252 3351 1319 docet
3374 1253 3600 1307 vulnera

334 1344 454 1381 σκει
481 1329 540 1382 δὲ
559 1330 646 1385 διὰ
668 1333 873 1386 τούτων
899 1335 983 1388 ὅτι
1015 1336 1263 1408 θεήλατοι
1284 1334 1424 1410 ἦσαν
1441 1342 1508 1394 ,αί
1539 1342 1766 1412 πληγαὶ,
1793 1344 1924 1398 ποτὲ

2022 1359 2142 1401 esse
2192 1361 2225 1400 a
2275 1344 2388 1400 Deo
2444 1346 2715 1412 immissa,
2772 1346 2934 1402 modo
2978 1348 3030 1400 in
3076 1359 3293 1412 VCSleS,
3342 1344 3506 1400 modo
3546 1345 3601 1398 in

336 1420 433 1490 μὲν
461 1422 603 1475 κατᾶ
638 1425 891 1494 ἱματίων,
923 1427 1055 1480 ποτὲ
1079 1428 1139 1482 δὲ
1172 1431 1314 1484 κατὰ
1353 1432 1543 1486 οἰκιῶν
1580 1435 1879 1504 φερόμεναι
1904 1452 1917 1466 °

2022 1437 2234 1494 domos.
2271 1437 2396 1493 llaec
2438 1446 2620 1493 autem
2654 1439 2770 1510 ipsa
2805 1438 3132 1493 inctlabilem
3183 1438 3275 1492 Dei
3324 1453 3453 1507 erga
3504 1438 3603 1491 ho-

331 1510 503 1565 ταῦτα
534 1513 592 1565 δὲ
621 1513 721 1585 τὴν
748 1516 963 1586 ἄφατον
991 1517 1086 1571 τοῦ
1120 1518 1258 1573 Θεοῦ
1290 1522 1704 1593 φιλανθρωπίαν
1727 1525 1919 1597 ἀνεδή-

2022 1531 2196 1585 mines
2228 1545 2471 1587 amorem
2502 1529 2883 1585 demonstrant
2919 1549 2932 1583 :
2973 1530 3258 1584 hominum
3294 1529 3439 1583 enim
3477 1543 3603 1597 pee-

330 1601 424 1655 λου
444 1619 460 1634 ·
487 1604 720 1678 τῶνγὰρ
749 1608 1051 1680 ἀνθρώπων
1080 1611 1530 1684 ἁμαρτανόντων,
1561 1618 1803 1688 ἱματίοις
1824 1620 1918 1674 καὶ

2022 1631 2261 1676 eatorum
2311 1622 2367 1677 in
2413 1622 2744 1679 vestimenta
2815 1633 2870 1677 et
2923 1623 3119 1677 domos
3183 1621 3409 1674 vulnera
3475 1635 3602 1674 eum

330 1695 532 1760 οἰκίαις
564 1699 799 1770 ἐπέφερε
843 1700 943 1765 τάς
975 1704 1210 1775 πληγὰς,
1242 1705 1332 1759 διὰ
1357 1708 1565 1761 τούτων
1594 1712 1705 1773 τοῖς
1743 1710 1914 1765 ταῦτα
1942 1690 1966 1749 Ῑ

2022 1714 2361 1777 immitteret.
2398 1714 2471 1770 ita
2518 1714 2864 1772 sanationem
2897 1729 2959 1769 ea
3011 1713 3419 1784 possidentibus
3469 1712 3601 1767 atl‘e-

330 1792 691 1861 κεκτημένοις
729 1794 830 1863 τὴν
859 1796 1157 1865 θεραπείαν
1186 1800 1510 1871 προσφέρων
1531 1817 1545 1832 ·
1578 1801 1720 1855 ἔοικε
1751 1803 1806 1856 δὲ
1836 1804 1914 1875 τῷ

2024 1807 2193 1860 rebat.
2218 1806 2407 1861 Simile
2425 1816 2509 1861 est
2536 1808 2724 1861 domui
2758 1806 2985 1876 leprosaa
3019 1805 3217 1861 domus
3245 1804 3412 1859 Israel
3440 1818 3469 1857 e
3493 1818 3602 1873 qua

329 1881 600 1953 λεπρῶντι
639 1884 775 1957 οἴκῳ
807 1888 835 1940 6
856 1884 1003 1951 οἶκος
1019 1889 1113 1942 τοῦ
1158 1890 1390 1962 Ἰσραὴλ,
1417 1887 1479 1947 οὗ
1511 1894 1771 1960 πολλάκις
1815 1898 1914 1966 μὲν

2022 1899 2349 1967 saepissime,
2374 1900 2533 1967 quasi
2584 1909 2751 1969 petra:
2804 1898 3093 1967 quaedam,
3133 1897 3308 1952 Juda'i
3364 1896 3601 1965 lcprosi,

328 1972 666 2044 ἐξῃρέθησαν
705 1978 954 2050 καθάπερ
972 1981 1109 2035 λίθοι
1137 1983 1281 2047 τινὲς
1313 1984 1623 2056 λεπρῶντες
1650 1990 1698 2041 οἱ
1729 1990 1913 2060 πλημ-

2022 1986 2075 2041 id
2102 1995 2206 2053 est,
2238 1997 2555 2056 peccatores
2604 1988 2781 2043 avulsi
2838 1996 2989 2055 sunt,
3035 2003 3181 2042 nunc
3226 1986 3294 2041 ab
3333 1984 3598 2057 Assyriis,

331 2066 703 2135 μελήσαντες,
754 2071 885 2124 ποτὲ
913 2073 1009 2143 μὲν
1055 2073 1144 2127 διὰ
1195 2075 1495 2148 Ἀσσυρίων
1519 2118 1535 2144 ,
1575 2081 1704 2133 ποτὲ
1734 2079 1791 2133 δὲ
1829 2081 1919 2135 διά

2022 2094 2166 2133 nunc
2199 2094 2230 2133 a
2263 2078 2601 2151 Babyloniis,
2646 2081 2785 2135 alias
2819 2080 3039 2134 tandem
3088 2096 3119 2134 a
3163 2078 3597 2139 Macedonibus;

329 2157 720 2228 Βαϐυλωνίων,
759 2162 946 2218 ἄλλοτε
990 2165 1048 2218 δὲ
1094 2166 1183 2221 διὰ
1220 2170 1549 2226 Μακεδόνων
1579 2189 1593 2203 ⁸
1626 2171 1814 2244 ἐπειδὴ
1860 2173 1918 2227 δὲ

2022 2186 2140 2225 cum
2182 2179 2364 2226 autem
2421 2173 2722 2228 inveterata
2779 2172 2968 2228 domui
3012 2172 3230 2226 cuidam
3285 2172 3435 2241 lepra
3486 2170 3598 2223 ha:-

332 2247 540 2315 παγίαν
570 2249 729 2321 ἔσχον
775 2254 874 2325 τὴν
899 2256 1141 2328 λέπραν,
1175 2258 1346 2331 ἄρδην
1393 2262 1766 2333 καταλυθῆναι
1817 2264 1917 2328 τὴν

326 2339 505 2394 οὶκίαν
532 2343 561 2394 6
598 2344 896 2418 νομοθέτης
925 2348 1194 2405 ἐκέλευεν.
1546 2364 1553 2369 “

846 2461 1184 2517 ΕΡΩΤΗΣΙΣ
1218 2465 1379 2518 ΣΟΑ’.

334 2605 400 2663 ΐί
426 2614 707 2681 σημαίνει
733 2616 806 2671 τὰ
821 2614 931 2671 δύο
962 2619 1193 2687 ὀρνίθια
1216 2622 1370 2695 ὑπὲρ
1393 2622 1500 2677 τοῦ
1534 2622 1909 2695 καθαρίζομέ-

804 2704 916 2742 νου
947 2693 1405 2761 προσφερόμενα
1429 2709 1449 2759 ;

2016 2272 2182 2326 reret,
2217 2263 2357 2317 hanc
2379 2264 2537 2319 evelli
2565 2263 2813 2320 funditus
2840 2264 3122 2335 legislator
3150 2263 3482 2333 imperabat.

2019 2440 2349 2509 QUAESTIO
2403 2444 2679 2501 CCLXXI.
2740 2444 2932 2517 [CoisL
2998 2442 3382 2507 CCLXXXIX,
3426 2441 3597 2497 Taur.

2593 2538 2997 2610 CCLxxvuL|

2022 2630 2166 2696 Quid
2199 2630 2492 2701 signiﬁcent
2524 2636 2645 2685 dum
2688 2649 2807 2686 aves
2835 2648 2952 2702 qua:
2984 2649 3078 2701 pro
3104 2631 3364 2702 expianda
3390 2632 3602 2687 nomine

2550 2702 2909 2771 o/ferebantur
2933 2703 3069 2774 (7t).

1212 2806 1355 2857 Edita
1385 2823 1412 2857 a
1440 2808 1564 2858 Maio
1597 2808 1651 2873 (Ι.
1689 2822 1733 2858 c.
1767 2821 1816 2870 p.
1854 2811 1960 2875 153,
1992 2829 2040 2877 q.
2074 2813 2208 2879 280).
2241 2840 2304 2850 —
2332 2813 2496 2865 Levlt.
2530 2829 2629 2877 xxv,
2663 2817 2712 2867 4.

399 2904 507 2958 Τοῦ
539 2908 809 2978 σωτηρίου
840 2910 1046 2975 πάθους
1077 2915 1322 2985 περιέχει
1360 2917 1451 2971 τὸν
1481 2917 1654 2972 τύπον
1673 2934 1687 2948 °
1721 2917 1915 2991 ὥσπερ
1942 2928 1966 2985 (

2090 2922 2291 2995 Figura
2319 2936 2450 2981 sunt
2480 2902 3070 2995 salutaris‘passionis.
3108 2924 3179 2980 Ut
3217 2926 3360 2981 enim
3399 2927 3598 2982 horum

329 2993 438 3065 γάρ
466 2995 669 3050 τούτων
697 2997 760 3051 τὸ
786 2999 886 3069 μὲν
911 2997 1121 3067 θύεται,
1146 3003 1205 3056 τὸ
1242 3004 1298 3057 δὲ
1327 3007 1408 3071 είς
1438 3008 1502 3060 τὸ
1531 3007 1628 3063 τοῦ
1656 3009 1913 3074 τυθέντος

326 3081 470 3157 αἷμα
502 3088 843 3160 βαπτόμενον
866 3093 1154 3161 ἀπελύετο,
1188 3096 1359 3162 οὕτως
1396 3099 1537 3169 ὑπὲρ
1563 3102 1667 3172 τῆς
1694 3102 1911 3174 λεπρὼ-

328 3197 432 3252 σης
461 3181 882 3255 ἀνθρωπότητος
915 3187 943 3239 6
982 3189 1258 3260 Δεσπότης
1288 3193 1609 3267 ἐσταυρώθη
1650 3198 1909 3268 Χριστὸς,

327 3272 429 3343 τῆς
448 3273 549 3343 μὲν
576 3274 779 3347 σαρκὸς
801 3276 1103 3349 δεξαμένης
1124 3283 1214 3335 τὸν
1237 3284 1486 3354 θάνατον,
1514 3290 1613 3359 τῆς
1639 3289 1696 3342 δὲ
1719 3289 1914 3362 Θεότη-

328 3381 421 3426 τος
450 3366 881 3440 οἰκειωσαμένης
910 3369 971 3423 τὸ
1007 3372 1106 3442 τῆς
1137 3374 1556 3449 άνθρωπότητος
1589 3380 1781 3445 πάθος
1815 3383 1912 3437 καὶ

331 3458 583 3545 καθάπερ
615 3459 769 3515 ὕδατι
812 3463 1041 3536 καθαρῷ
1079 3466 1173 3519 τοῦ
1223 3469 1525 3539 σφαγέντος
1561 3473 1801 3545 ὀρνιθίου
1848 3477 1913 3530 τὸ

328 3544 471 3619 αἷμα
515 3551 878 3623 μιγνύμενον,
909 3556 1004 3609 καὶ
1040 3558 1287 3630 κεδρίνου
1326 3560 1483 3626 ξύλου
1518 3566 1615 3618 καὶ
1654 3567 1909 3624 ὑσσώπου

331 3642 427 3694 καὶ
458 3644 710 3698 κοκκίνου
740 3646 1122 3719 κεκλωσμένον
1156 3654 1643 3727 περιρραινόμενος
1668 3661 1695 3712 6
1731 3660 1907 3714 καθα-

331 3731 617 3801 ριζόμενος
673 3735 873 3807 λεπρὸς
922 3737 1175 3810 λαμπρός
1225 3759 1285 3795 τε
1338 3746 1431 3798 καὶ
1479 3747 1720 3819 καθαρὸς
1771 3753 1907 3805 ἀπο-

328 3820 627 3889 δείκνυται,
656 3824 828 3890 οῦτως
856 3828 884 3879 6
908 3828 984 3897 τῷ
1022 3830 1235 3903 Σωτῆρι
1266 3835 1540 3890 πιστεύων
1568 3833 1788 3913 Χριστῷ
1816 3845 1909 3897 καὶ

328 3914 406 3985 τῷ
452 3916 544 3969 τοῦ
591 3921 858 3989 παναγίου
909 3923 1241 3993 Πνεύματοςκ
1265 3926 1420 3982 ὕδατι
1464 3930 1903 4004 καθαιρόμενος,

327 4006 427 4070 τὰς
452 4010 562 4061 τῶν
588 4010 1001 4082 ἁμαρτημάτων
1029 4016 1325 4072 ἀποϐάλλει
1354 4020 1599 4091 κηλῖδας
1634 4024 1906 4095 σύμϐολον

326 4097 386 4151 δὲ
429 4100 492 4151 τὸ
538 4102 635 4171 μὲν
674 4103 921 4174 κέδρινον
968 4106 1143 4175 ξύλον,
1191 4109 1291 4179 τῆς
1332 4112 1579 4178 ἀπαθοῦς
1619 4115 1905 4187 Θεότητος’

327 4190 573 4260 ἄσηπτον
614 4194 669 4246 δὲ
703 4194 767 4247 τὸ
802 4197 992 4262 ξύλον·
1038 4199 1100 4253 τὸ
1132 4201 1188 4254 δὲ
1228 4203 1483 4260 κόκκινον
1531 4206 1593 4260 τὸ
1639 4208 1902 4279 κλωστὺν,

2016 3012 2120 3067 alia
2169 3013 2508 3080 immolatur,
2555 3014 2772 3085 aliaque
2820 3017 2872 3070 in
2940 3016 3264 3087 sanguinem
3306 3016 3600 3072 immolatae

2018 3106 2274 3161 immersa
2298 3106 2695 3175 dimittebatur,
2715 3107 2853 3161 haud
2878 3109 3035 3161 aliter
3060 3123 3159 3179 pro
3180 3109 3421 3164 humana
3446 3110 3609 3180 lepra.

2018 3195 2284 3254 Dominus
2313 3197 2573 3255 Christus
2608 3200 2909 3256 cruciﬁxus
2941 3216 3172 3271 corpore
3200 3201 3423 3272 quidem
3447 3217 3596 3259 mor-

2016 3296 2125 3342 tem
2164 3288 2425 3359 suscepit,
2479 3290 2787 3363 divinaeque
2833 3299 3046 3348 naturae
3081 3293 3441 3350 humanitatis
3474 3311 3599 3366 pas-

2015 3379 2249 3435 sionem.
2282 3384 2362 3437 Ac
2390 3382 2553 3437 veluti
2588 3398 2754 3439 cruor
2801 3384 3096 3440 immolata:
3150 3386 3269 3441 avis
3306 3394 3596 3457 postquam

2018 3473 2220 3529 viventi
2261 3488 2421 3544 aqua:
2456 3475 2780 3531 commistus
2815 3476 3015 3540 fuerat,
3042 3478 3320 3549 homoque
3345 3478 3598 3548 leprosus

2013 3566 2164 3637 ligno
2204 3568 2451 3631 cedrino,
2479 3568 2743 3639 hyssopo,
2786 3584 3067 3640 coccoque
3093 3585 3428 3640 conspersus
3454 3578 3595 3636 erat,

2015 3669 2144 3713 tunc
2164 3659 2402 3715 mundus
2430 3675 2711 3731 purusque
2729 3661 3147 3728 videbatur;sie
3184 3664 3277 3733 qui
3314 3662 3369 3716 in
3406 3662 3599 3717 Salva-

2014 3760 2184 3804 torem
2214 3751 2494 3807 Christum
2513 3754 2707 3819 credit,
2730 3764 2783 3809 et
2803 3754 2978 3810 sancti
3003 3753 3241 3825 Spiritus
3262 3772 3404 3827 aqua
3426 3772 3598 3826 purus

2012 3844 2190 3901 factus
2250 3855 2356 3913 est,
2397 3862 2593 3902 omnes
2642 3858 2992 3918 peccatorum
3050 3850 3295 3905 maculas
3352 3850 3593 3920 proiicit.

2011 3935 2279 4006 Exprimit
2302 3938 2508 4008 lignum
2536 3940 2820 3995 cedrinum
2858 3951 3139 4011 expertem
3160 3943 3367 3997 doloris
3386 3943 3595 3997 divini-

2013 4036 2208 4097 tatem;
2257 4031 2638 4102 iucorruptum
2671 4033 2817 4088 enim
2848 4041 2932 4089 est
2973 4033 3077 4088 hoc
3108 4033 3353 4102 lignum;
3389 4048 3594 4093 coccus

2013 4136 2140 4175 vero
2169 4122 2352 4177 nendo
2400 4121 2691 4189 deductus,
2752 4124 3157 4179 humanitatem
3202 4139 3267 4179 ex
3315 4126 3498 4180 anima
3542 4134 3596 4180 et

2012 4228 2243 4283 corpore
2290 4215 2616 4283 conﬂatam;
2669 4214 2944 4288 hyssopus
2993 4215 3234 4286 Spiritus
3281 4221 3455 4271 sancti
3498 4231 3594 4271 ea-

327 4282 429 4352 τῆς
458 4285 522 4337 ὲκ
544 4284 719 4356 ψυχῆς
756 4288 849 4341 καὶ
880 4289 1131 4360 σώματος
1161 4294 1602 4367 άνθρωπότητος·
1635 4304 1696 4353 τὸ
1725 4303 1780 4355 δὲ
1810 4303 1906 4356 ὖσ-
1936 4285 1966 4341 ί

2022 4282 2183 4363 orem
2235 4317 2288 4364 et
2337 4282 2820 4367 suavitatemISie
2873 4311 2942 4368 iis
2989 4312 3083 4381 qui
3131 4312 3481 4383 baptizantur
3526 4328 3592 4366 ex

329 4387 532 4438 σωπον,
561 4375 661 4445 τῆς
703 4377 795 4429 τοῦ
826 4381 1095 4448 παναγίου
1126 4383 1445 4454 Πνεύματος
1476 4388 1808 4461 θερμότητός
1844 4412 1903 4447 τε

2022 4401 2193 4456 mima
2226 4402 2374 4472 lepra
2404 4403 2702 4471 adimitur;
2739 4405 2920 4460 cotula
2953 4405 3079 4461 oleo
3111 4406 3270 4476 plena
3324 4404 3596 4477 signiﬁcat

328 4467 422 4517 καὶ
448 4466 711 4537 εὐοσμίας
731 4485 746 4499 ⁸
781 4469 869 4524 διά
897 4472 1103 4525 τούτων
1151 4475 1199 4527 οἱ
1246 4475 1641 4549 βαπτιζόμενοι
1677 4483 1774 4551 τῆς
1804 4484 1905 4554 ψυ-

328 4556 489 4625 χικῆς
536 4560 969 4616 ἀπαλλάττονται
1004 4565 1209 4638 λέπρας
1230 4584 1243 4598 ο
1278 4570 1370 4622 καὶ
1419 4572 1450 4640 ἡ
1492 4573 1692 4645 κοτύλη
1723 4576 1778 4629 δὲ
1811 4578 1903 4632 τοῦ

329 4646 534 4711 ἐλαίου,
580 4649 676 4701 τοῦ
713 4651 1090 4721 Πνευματικοῦ
1142 4658 1257 4710 ἐστι
1306 4659 1481 4731 μύρου
1535 4669 1851 4738 σημαντικὴ
1889 4683 1904 4698 ο

329 4739 476 4809 δηλοί
515 4741 570 4794 δὲ
618 4744 679 4796 τὸ
719 4747 1102 4818 ἐπιχριόμενον
1135 4750 1312 4805 ἔλαιον
1358 4755 1436 4824 τῷ
1468 4755 1616 4827 ὡτίῳ
1643 4760 1717 4830 τῷ
1749 4760 1907 4832 δεξιῷ

329 4832 424 4884 καὶ
460 4835 526 4903 τῇ
572 4834 724 4906 δεξιᾷ
760 4838 906 4907 χειρὶ
955 4841 1049 4891 καὶ
1090 4840 1167 4911 τῷ
1195 4842 1355 4914 δεξιῷ
1386 4846 1547 4909 ποδὶ,
1574 4848 1636 4901 τὺ
1668 4849 1766 4919 μὲν
1811 4850 1909 4921 τὴν

328 4925 497 4995 ἀκοὴν
523 4929 635 4991 τοῖς
667 4928 863 4993 δεξιοῖς
900 4932 1245 5003 ἀφοριεῖσθαι
1281 4935 1483 5005 λογίοις
1502 4956 1516 4969 ο
1541 4940 1641 5011 τὴν
1666 4941 1722 4994 δὲ
1750 4945 1907 5015 χεῖρα

331 5018 428 5070 καὶ
465 5020 558 5072 τὸν
594 5021 753 5089 πόδα,
800 5027 920 5088 ταῖς
947 5026 1147 5092 δεξιαῖς
1176 5029 1441 5100 πράξεσιν
1478 5034 1906 5106 ἐπιϐαλλόμενον

2009 4493 2185 4547 sancti
2212 4493 2452 4563 Spiritus
2501 4496 2758 4565 gratiam,
2812 4495 3014 4552 illitum
3073 4511 3240 4567 super
3281 4504 3591 4551 extremum

2009 4584 2268 4640 auricula:
2296 4585 2521 4652 dextrre,
2562 4596 2617 4642 et
2662 4602 2828 4657 super
2859 4603 3082 4644 manum
3125 4589 3373 4643 dextram
3402 4595 3455 4641 et
3498 4601 3594 4657 pe-

2009 4677 2170 4742 dem,
2232 4678 2411 4732 oleum
2478 4679 2740 4737 ostendit.
2799 4680 3059 4735 Auditum
3119 4679 3339 4751 quidem
3396 4677 3594 4750 aperiri

2012 4766 2220 4825 dextris
2248 4770 2514 4839 eloquiis,
2549 4787 2772 4827 manum
2804 4788 2941 4828 vero
2961 4781 3014 4827 et
3045 4772 3237 4843 pedem
3266 4781 3414 4826 recte
3448 4769 3591 4824 facta

2013 4861 2410 4919 elaboraturos.
2462 4863 2661 4920 lllitum
2713 4875 2897 4921 autem
2936 4866 3102 4936 capiti
3155 4865 3355 4919 mentis
3398 4874 3597 4917 conse-

2012 4954 2314 5010 crationem
2356 4958 2649 5029 signiﬁcat.
2693 4959 2795 5027 Qui
2830 4971 3013 5014 autem
3050 4959 3302 5030 leprosus
3335 4972 3595 5028 perman-

2014 5046 2169 5113 serit,
2201 5063 2268 5103 ex
2296 5047 2540 5105 Ecclesia
2576 5052 2845 5117 ejiciatur.

327 5109 499 5215 ξὲῇαὶ
523 5116 588 5183 τῇ
618 5116 851 5188 κεφαλῇ’
892 5119 993 5190 τὴν
1030 5121 1324 5194 ἀφιέρωσιν
1350 5125 1447 5180 τοῦ
1471 5125 1689 5193 λογικοῦ
1720 5127 1889 5199 δηλοῖ·
1918 5133 1948 5186 ὁ
1979 5137 2079 5205 μέν
2104 5109 2187 5194 τοι
2243 5141 2527 5212 διαμείνας
2575 5109 2774 5212 λεπρῦς
2811 5142 2916 5210 ἔξω
2974 5142 3075 5214 τῆς
3119 5142 3441 5215 Ἐκκλησίας
3483 5143 3593 5196 ἐκ·

329 5205 607 5266 ϐάλλεται.

402 5429 448 5463 ⁷³
473 5427 634 5485 Num.
666 5448 853 5500 xxxiv,
887 5435 940 5490 2.

1839 5554 2073 5611 ΝΟΤΕ.

552 5664 630 5721 Ex
666 5664 1007 5725 Theodorcto
1042 5686 1093 5739 q.
1143 5670 1206 5726 l8
1248 5669 1302 5726 in
1339 5670 1509 5730 Levit.
1561 5672 1623 5728 T.
1681 5672 1896 5739 LXXX,

332 5752 386 5807 p.
431 5750 552 5791 om.

2228 5676 2301 5732 Ex
2355 5676 2693 5733 Theodorum
2744 5696 2794 5747 τι.
2851 5677 2911 5733 l9
2963 5680 3013 5732 in
3050 5676 3217 5734 Levit.
3265 5676 3326 5731 Τ.
3375 5676 3593 5743 LXXX,

2100 5764 2150 5799 ο*
2176 5770 2179 5773 ·
2209 5787 2221 5801 .

2014 5762 2063 5814 p.
2100 5762 2221 5801 om.
