3902 6212
333 291 473 360 1099

435 402 764 472 ΟΗᾸΞΒΤΙΟ
800 404 1078 463 CCLXXII
1118 406 1309 480 [CoisL
1346 405 1548 471 CCXC,
1606 408 1774 465 Taur.

936 501 1292 575 ccuxrxq

332 596 442 652 Cur
470 612 571 650 non
601 595 813 650 licuerit
833 595 1044 651 Juda’is
1077 596 1257 651 edulia
1318 598 1594 651 immolare
1652 596 1910 651 animalia

695 667 801 720 nisi
832 683 1011 720 coram
1045 667 1390 722 tabernaculo
1424 669 1562 737 (72)?

1533 299 1805 363 PHO'III
1845 301 2355 365 PATRIARCH/E
2382 301 2493 365 CP.

1934 418 1987 476 Δ

3459 298 3599 365 ιιθο

2542 408 2878 467 ΕΡΩἹἮΣῙΣ
2902 410 3063 467 208‘.

2016 592 2184 647 Διατί
2209 592 2564 663 ἀπαγορεύει
2592 594 2795 662 πόρῥω
2831 590 2941 660 τῆς
2969 591 3210 660 σκηνῆς
3248 590 3496 645 θύεσθαι
3528 588 3603 643 τὰ

2472 665 2797 733 ἐσθιόμενα
2827 663 3128 734 θρέμματα
3157 680 3178 730 ;

903 778 1045 829 Edita
1066 794 1093 828 a
1119 780 1247 829 Maio
1281 782 1339 844 (1.
1376 793 1419 829 c.
1455 795 1502 843 p.
1539 780 1649 842 155,
1681 780 1790 843 156,
1820 796 1867 845 q.
1899 780 2032 845 282).
2065 805 2127 817 —
2157 780 2232 829 De
2264 784 2516 842 praecepto
2567 779 2730 829 Levit.
2759 792 2877 841 xvu,
2899 779 2950 839 5,
2974 777 3021 827 ι.

401 871 524 925 Non
564 869 735 927 Deum
775 871 1019 941 fugiebat
1062 871 1284 928 Iudaeos
1330 887 1454 927 esse
1500 872 1736 943 impios,
1780 887 1913 943 pro-

332 976 641 1032 pensosque
719 962 789 1018 ad
847 962 1104 1019 victimas
1170 962 1515 1020 daemonibus
1580 962 1911 1021 offerendas.

334 1055 630 1126 Imperavit
659 1055 828 1127 igitur
848 1067 908 1112 ut
930 1058 1027 1128 qui
1061 1057 1222 1113 vellet
1249 1058 1455 1129 aliquid
1488 1058 1796 1123 immolare,
1825 1058 1914 1114 vel

334 1145 590 1213 vitulum,
635 1147 718 1202 vel
753 1163 934 1211 ovem,
976 1148 1064 1204 vel
1098 1165 1345 1220 capram,
1385 1151 1431 1206 is
1470 1151 1538 1206 ad
1566 1151 1794 1221 januam
1826 1158 1917 1206 ta-

335 1236 616 1293 bernaculi
660 1238 979 1304 adduceret,
1024 1250 1155 1296 tunc
1202 1241 1432 1312 profuso
1476 1243 1596 1313 ejus
1646 1243 1917 1314 sanguine

335 1342 523 1383 secum
557 1343 753 1385 carnes
785 1330 1012 1385 domum
1064 1339 1399 1402 asportaret.
1444 1330 1584 1387 Eum
1633 1332 1730 1403 qui
1759 1332 1919 1388 aliter

335 1431 543 1489 ageret,
584 1428 651 1476 ut
703 1420 991 1477 homicidii
1041 1438 1197 1479 reum
1259 1422 1377 1479 neri
1422 1424 1611 1495 jussit,
1673 1423 1917 1480 dicens:

260 1548 285 1577 η
345 1525 363 1558 ι
404 1506 704 1580 Sanguinis
736 1526 865 1567 reus
908 1513 1032 1577 erit,
1084 1513 1243 1584 quasi
1293 1514 1340 1569 si
1396 1515 1719 1585 sanguinem
1763 1514 1920 1571 fude-

337 1599 411 1652 rit
442 1598 515 1664 ⁷⁵,
556 1618 575 1651 ι
606 1609 660 1656 et
693 1602 926 1673 reliqua.
960 1603 1118 1671 Quod
1170 1614 1353 1661 autem
1386 1607 1469 1660 lex
1500 1608 1566 1660 ad
1592 1606 1644 1662 id
1692 1615 1923 1676 spectet,

2085 869 2242 941 ’ῌδει
2269 869 2371 939 τὴν
2395 867 2553 921 ἐνίων
2577 865 2854 929 ἀσέϐειαν,
2880 869 2976 921 καὶ
3001 866 3084 920 ὅτι
3111 868 3225 930 τοῖς
3246 866 3470 938 δαίμοσι
3501 870 3605 924 θυ-

2014 964 2135 1029 σίας
2185 962 2559 1036 προσοίσουσι·
2621 959 2926 1032 προσέταξε
2983 960 3166 1015 τοίνυν
3202 961 3385 1017 πάντα
3439 963 3609 1018 θύσαι

2016 1057 2342 1128 βουλόμενον
2389 1054 2592 1126 μόσχον
2637 1054 2672 1126 ἢ
2720 1053 2991 1123 πρόϐατον
3024 1054 3057 1126 ἢ
3091 1049 3224 1122 αῐγα
3243 1094 3261 1119 ,
3315 1056 3474 1128 παρά
3506 1057 3609 1128 τὴν

2016 1151 2188 1221 θύραν
2217 1151 2319 1219 τῆς
2361 1149 2569 1219 σκηνῆς
2599 1147 2851 1216 ἀγαγεῖν·
2891 1146 2989 1199 καὶ
3019 1146 3082 1200 τὸ
3118 1141 3264 1217 αἷμα
3295 1147 3489 1217 ἐκχέαι
3513 1148 3610 1201 καὶ

2018 1242 2344 1313 μεταϐαλεῖν
2375 1239 2562 1295 οῐκαδε
2588 1238 2698 1292 τῶν
2727 1237 2938 1309 κρεῶν·
2973 1237 3065 1293 τδν
3115 1238 3171 1291 δὲ
3200 1238 3364 1293 τοῦτο
3410 1240 3487 1311 μὴ
3522 1240 3614 1293 δε-

2015 1335 2276 1409 δρακότα,
2306 1334 2383 1398 ὡς
2413 1333 2591 1404 φόνων
2618 1331 2806 1403 ἔνοχον
2834 1330 3263 1402 κατηγορεῖσθαι
3300 1331 3611 1385 ἐκέλευσεν·

2027 1446 2048 1482 ι
2066 1423 2218 1499 Αἷμα
2238 1426 2372 1498 γὰρ,
2401 1424 2561 1497 φησὶ,
2580 1424 2972 1496 λογισθήσεται
2992 1424 3071 1495 τῷ
3095 1423 3373 1496 ἀνθρώπῳ
3393 1424 3610 1497 ἐκείνῳ·

2019 1520 2160 1592 αἷμα
2193 1520 2409 1590 ἐξέχεε,
2454 1537 2474 1570 ι
2527 1518 2624 1572 καὶ
2670 1516 2821 1587 ἑξῆς.
2859 1517 2985 1570 Ὅτι
3031 1515 3091 1569 δὲ
3139 1514 3331 1569 τοῦτον
3366 1516 3481 1587 εχει
3521 1517 3616 1570 τὸν

2023 1613 2228 1667 σκοπὸν
2251 1612 2281 1665 6
2312 1611 2497 1682 νόμος,
2530 1608 2599 1663 τὰ
2628 1609 2827 1679 ἐφεξῆς
2851 1608 3120 1664 διδάσκει.
3151 1627 3171 1660 ι
3221 1609 3450 1665 Ἀνοίσει
3480 1608 3615 1679 γὰρ,

338 1708 371 1749 e
403 1696 768 1765 sequentibus
815 1709 1034 1755 constat
1069 1719 1084 1756 :
1126 1718 1145 1752 ι
1177 1699 1314 1755 Nam
1368 1702 1608 1758 adolebit
1639 1701 1922 1767 sacerdos,

2035 1705 2216 1775 ψησὶν,
2245 1706 2276 1758 6
2304 1704 2485 1775 ἱερεὺς
2512 1704 2573 1756 τὸ
2612 1702 2782 1773 στέαρ
2815 1702 2895 1765 είς
2924 1702 3101 1773 ὀσμὴν
3126 1701 3355 1765 εὐωδίας
3385 1700 3462 1771 τῷ
3496 1702 3582 1754 Κυ
3602 1731 3617 1743 -

341 1787 543 1858 inquit,
576 1790 810 1859 'adipern
847 1793 902 1846 in
954 1793 1177 1849 ederent
1230 1796 1523 1852 suavitatis
1567 1796 1821 1861 Domino,
1872 1803 1928 1851 et

342 1894 802 1952 nequaquaquam
877 1884 1025 1940 ultra
1093 1886 1455 1943 immolabant
1521 1888 1730 1944 hostias
1795 1903 1929 1944 suas

342 1973 689 2031 daemonibus
739 1991 865 2032 cum
916 1979 1122 2047 quibus
1172 1979 1432 2035 fornicati
1481 1990 1611 2036 sunt
1658 1982 1726 2037 ⁷⁵.
1764 2000 1784 2034 ι
1822 1982 1930 2036 Ista

340 2076 426 2123 est
458 2066 540 2122 lex
574 2083 697 2138 quae
729 2068 873 2139 apud
904 2068 1124 2127 Judazos
1166 2070 1340 2142 viget;
1377 2087 1501 2127 nam
1537 2071 1792 2128 sacerdos
1827 2072 1932 2126 im-

343 2159 516 2214 molat
558 2159 742 2216 edulia
793 2161 1074 2229 animalia,
1106 2163 1386 2234 prohibuit
1421 2179 1550 2219 vero
1590 2179 1660 2219 ne
1706 2164 1931 2235 sanguis

344 2269 472 2311 esea
508 2255 660 2310 licret
708 2255 796 2313 his
836 2256 906 2311 de
939 2255 1127 2312 causis
1164 2276 1178 2312 :
1216 2274 1235 2309 ι
1269 2257 1467 2312 Anima
1494 2257 1681 2313 carnis
1711 2258 1765 2312 in
1800 2272 1934 2312 san-

345 2350 510 2422 guine
552 2360 658 2418 est,
687 2360 743 2407 et
779 2367 881 2424 ego
914 2352 1037 2407 dedi
1069 2353 1227 2407 illum
1254 2354 1412 2410 vobis
1449 2362 1509 2409 ut
1543 2368 1709 2425 super
1757 2353 1933 2411 altare

347 2442 404 2497 in
432 2458 504 2498 eo
525 2444 759 2514 expietis
789 2460 890 2515 pro
925 2445 1221 2501 animabus
1248 2447 1467 2513 vestris,
1496 2456 1552 2504 et
1580 2448 1807 2519 sanguis
1831 2464 1933 2520 pro

347 2533 546 2589 anima:
575 2535 793 2605 piaculo
825 2539 915 2592 sit.
944 2536 1159 2593 Idcirco
1187 2538 1300 2593 dixi
1334 2538 1464 2593 ﬁliis
1493 2536 1661 2594 Israel
1694 2558 1709 2595 :
1742 2537 1935 2597 Omnis

348 2624 536 2681 anima
563 2641 630 2681 ex
664 2626 821 2683 vobis
847 2644 955 2683 non
984 2629 1235 2684 comedet
1264 2629 1590 2700 sanguinem
1616 2629 1687 2685 ".
1719 2648 1739 2681 ι
1774 2627 1936 2685 Velut

349 2717 488 2787 ipse,
522 2716 726 2788 inquit,
770 2718 1012 2774 animam
1051 2720 1415 2776 immortalem
1457 2721 1646 2784 habes,
1692 2721 1772 2776 sic
1810 2721 1935 2775 ani-

351 2809 461 2865 mal
490 2825 657 2867 sensu
689 2827 905 2879 carens,
937 2829 1037 2884 pro
1069 2814 1253 2869 anima
1279 2829 1481 2884 corpus
1509 2813 1695 2869 habet.
1730 2813 1936 2882 Quam-

352 2902 543 2960 obrem
610 2919 711 2974 pro
784 2906 975 2965 anima
1021 2914 1111 2962 tua
1179 2906 1321 2965 lianc
1374 2906 1520 2961 Deus
1577 2906 1705 2976 poni
1756 2907 1936 2976 jubet.

2034 1798 2156 1870 ρίῳ,
2196 1798 2294 1851 καὶ
2337 1796 2400 1850 οὐ
2456 1795 2709 1851 θύσουσιν
2762 1794 2842 1849 ἔτι
2896 1794 2995 1858 τὰς
3026 1793 3221 1858 θυσίας
3269 1793 3454 1847 αὐτῶν
3501 1795 3620 1857 τοῖς

2033 1890 2309 1961 ματαίοις,
2343 1882 2420 1944 ὧν
2452 1890 2608 1944 αὐτοὶ
2648 1888 3110 1960 ἐκπορνεύσουσιν
3134 1888 3312 1942 ὀπίσω
3339 1888 3552 1942 αὐτῶν·
3595 1906 3618 1939 ι

2029 1975 2190 2047 οὗτος
2225 1983 2255 2035 6
2283 1981 2450 2053 νόμος
2490 1981 2643 2053 παρά
2687 1980 2963 2045 Ἰουδαίοις
2997 1981 3303 2050 ἐπικρατεῖ·
3334 1979 3366 2031 6
3394 1978 3506 2050 γάρ
3541 1978 3621 2032 ιε·-

2036 2076 2164 2147 ρεὺς
2194 2074 2315 2129 θύει
2356 2074 2427 2129 τὰ
2457 2073 2748 2144 ἐσθιόμενα
2781 2074 2895 2139 ζῶα
2916 2090 2931 2105 ·
2965 2073 3315 2145 ἀπηγόρευσε
3347 2072 3405 2125 δὲ
3436 2072 3533 2126 καὶ
3560 2070 3626 2125 τὸ

2033 2168 2237 2223 ἐσθίειν
2286 2162 2429 2240 αἷμα
2478 2168 2574 2222 καὶ
2608 2167 2711 2239 τὴν
2762 2166 2942 2222 αἰτίαν
2996 2166 3256 2234 ἐδίδαξεν.
3310 2184 3329 2219 ι
3392 2165 3457 2219 Ἦ
3512 2164 3626 2235 γὰρ

2032 2262 2199 2335 ψυχὴ,
2254 2262 2411 2334 φησὶ,
2458 2263 2641 2333 πάσης
2680 2261 2884 2333 σαρκὸς
2928 2255 3069 2331 αἷμα
3105 2258 3273 2315 αὐτοῦ
3322 2260 3475 2312 ἐστι·
3530 2257 3629 2312 καὶ

2037 2355 2151 2427 ἐγὼ
2184 2355 2320 2411 αὐτὸ
2346 2356 2557 2411 δέδωκα
2612 2356 2743 2426 ὑμῖν
2772 2354 2867 2408 ἐπὶ
2892 2354 2990 2409 τοῦ
3018 2353 3409 2424 θυσιαστηρίου
3439 2352 3626 2417 ἐξιλά-

2039 2450 2272 2504 σκεσθαι
2303 2450 2435 2522 περὶ
2477 2449 2587 2502 τῶν
2615 2447 2806 2519 ψυχῶν
2846 2448 3020 2519 ὑμῶν’
3054 2447 3116 2500 τὸ
3154 2446 3266 2517 γὰρ
3294 2439 3434 2515 αἷμα
3458 2442 3630 2497 αὑτοῦ

2038 2543 2163 2598 ἀντὶ
2191 2546 2292 2615 τῆς
2322 2542 2501 2614 ψυχῆς
2539 2541 2705 2597 αὐτοῦ
2740 2541 3046 2605 ὲξιλάσεται
3065 2554 3083 2570 ⁸
3113 2538 3203 2593 διὰ
3240 2538 3399 2593 τοῦτο
3429 2539 3632 2610 εἴρηκα
3686 2561 3698 2571 ο

2039 2639 2155 2701 τοῖς
2183 2637 2321 2701 υἱοῖς
2353 2636 2571 2709 Ἰσραὴλ
2592 2654 2604 2667 ·
2640 2638 2798 2692 Πᾶσα
2830 2635 2977 2707 ψυχὴ
3006 2635 3065 2701 ἐξ
3095 2634 3252 2706 ὑμῶν
3283 2634 3344 2687 οὐ
3393 2634 3632 2703 φάγεται

2038 2724 2197 2800 αἷμα·
2237 2748 2256 2783 ι
2281 2728 2474 2802 ὥσπερ
2493 2730 2581 2795 σὺ,
2608 2730 2762 2800 φησι,
2786 2728 2967 2800 ψυχὴν
2995 2726 3264 2782 ἀθάνατον
3295 2726 3460 2797 ἔχεις,
3487 2724 3636 2778 οὕτω

2038 2823 2100 2877 τὸ
2124 2822 2321 2892 ἄλογον
2348 2822 2489 2889 ζῶον
2519 2823 2641 2876 ἀντὶ
2670 2822 2770 2892 τῆς
2800 2822 2979 2893 ψυχῆς
3014 2821 3126 2892 ἔχει
3153 2820 3216 2874 τὸ
3246 2821 3426 2889 σῶμα·
3463 2812 3528 2872 οὗ
3568 2818 3637 2889 δὴ

2040 2915 2206 2988 χάριν
2244 2914 2458 2969 κελεύει
2495 2915 2621 2970 ἀντὶ
2646 2915 2748 2985 τῆς
2788 2914 2891 2985 σῆς
2928 2913 3137 2983 ταύτην
3169 2912 3633 2984 προσενεχθῆναι·

354 2994 693 3068 Sanguinem
726 2998 892 3069 igitur
926 2999 974 3055 si
1007 2999 1284 3065 comedes,
1316 2999 1499 3055 anima
1529 3001 1788 3067 vesceris;
1813 3015 1927 3055 nam

2043 3008 2140 3064 ἐὰν
2166 3008 2225 3063 δὲ
2252 3007 2414 3062 τοῦτο
2440 3008 2645 3079 φάγῃς.
2673 3006 2852 3079 ψυχὴν
2881 3007 3105 3070 ἐσθίεις·
3136 3007 3363 3078 λογικῆς
3393 3004 3504 3076 γὰρ
3534 3004 3640 3074 ψυ-

354 3090 649 3147 rationalis
671 3091 855 3147 anima
884 3092 1033 3149 vices
1059 3093 1265 3164 implet.
1290 3092 1466 3160 Quam
1500 3093 1753 3149 edentem
1776 3103 1927 3149 vocat

2051 3101 2156 3174 χῆς
2182 3101 2341 3166 τάξιν
2373 3100 2536 3155 τοῦτο
2583 3099 2801 3172 πληροῖ·
2835 3099 2920 3153 διδ
2958 3099 3057 3153 καὶ
3096 3098 3258 3168 φόνον
3293 3097 3395 3169 τὴν
3435 3096 3643 3169 βρῶσιν

355 3184 718 3241 homicidam.
749 3186 1121 3252 Quamobrem
1148 3186 1439 3243 morticina
1468 3187 1726 3243 animalia
1757 3202 1927 3243 come-

2051 3194 2327 3266 ὠνόμασε·
2366 3192 2559 3247 τούτου
2587 3192 2755 3247 ἕνεκα
2794 3193 2890 3246 καὶ
2915 3192 2983 3245 τὰ
3012 3190 3315 3264 τεθνηκότα
3340 3189 3450 3243 τῶν
3484 3188 3645 3255 ζώων

358 3277 486 3335 dere
534 3287 705 3346 vetat,
723 3279 991 3350 quoniam
1013 3294 1046 3336 a
1084 3283 1355 3353 sanguine
1384 3290 1697 3352 separatum
1726 3295 1837 3337 non
1865 3296 1927 3339 es

2054 3285 2257 3340 ἐσθίειν
2286 3283 2643 3356 ἀπαγορεύει,
2676 3284 2752 3348 ὡς
2777 3283 2872 3339 τοῦ
2906 3282 3140 3354 αἵματος
3174 3281 3251 3354 μὴ
3279 3280 3645 3354 χωρισθέντος

360 3383 588 3439 corpus.
981 3432 988 3438 ,

811 3458 1143 3528 ρυλΕδτιθ
1169 3460 1493 3518 CCLXXI“.

2053 3374 2148 3430 τοῦ
2180 3374 2345 3442 ζώου.

2569 3466 2906 3522 ΕΡΩΤΗΣΙΣ
2942 3463 3107 3523 ΣΟΓ’.

367 3550 556 3634 Sancti
581 3552 1078 3639 Joannis-Cymaei
1110 3558 1259 3638 locus
1295 3572 1360 3610 ea:
1377 3555 1661 3639 .capitehde
1686 3558 1870 3639 quiete.
1895 3574 1927 3612 ε

2057 3556 2515 3639 ΤῆςΟΚλίμαξος
2541 3556 2611 3611 ἐκ
2633 3557 2766 3639 ,τοῦ
2805 3557 2941 3639 περ)
2972 3555 3239 3639 ἡσυχίας
3417 3556 3542 3639 om)1

437 3626 714 3697 patientia,
738 3646 756 3677 ι
784 3624 1019 3686 Medium
1044 3628 1350 3697 pneteriens
1372 3627 1425 3682 in
1455 3628 1640 3685 mediis
1664 3624 1892 3697 perveni,
1925 3647 1944 3680 ι

436 3706 484 3749 et
504 3711 524 3749 :
548 3714 566 3747 ι
598 3695 793 3750 Pomm
813 3698 1013 3751 sitienti
1045 3695 1238 3766 dabat,
1269 3716 1288 3748 ι
1316 3699 1565 3771 usquead
1583 3695 1759 3755 verba:
1793 3719 1811 3752 ι
1846 3697 1947 3752 Di-

438 3781 783 3836 εει-θρνοηιω
811 3784 1027 3838 nequeo.
1069 3787 1093 3819 ι

2127 3626 2280 3697 γῆς·
2322 3647 2340 3680 ι
2379 3629 2825 3699 Μετερκόμενος
2864 3629 2932 3699 τέ)
2947 3626 3457 3699 μέσονένμέςτοις

2130 3696 2228 3764 να,
2256 3716 2276 3750 ι
2305 3700 2426 3765 καὶ,
2458 3717 2477 3750 ι
2509 3696 2737 3760 ἐπότιζε
2768 3696 3039 3769 διψῶντα
3063 3717 3081 3751 ι
3106 3698 3221 3765 ἕως
3245 3698 3377 3763 τοῦ,
3401 3716 3421 3749 ι
3446 3699 3654 3767 λέγειν

2133 3773 2222 3837 εὶς
2242 3769 2410 3825 ἅπαν
2435 3770 2549 3824 οὐκ
2578 3770 2698 3839 ἔχω
2728 3770 2860 3841 (75).
2898 3788 2920 3821 ›

368 3876 510 3927 Nunc
528 3880 741 3941 primum
766 3878 901 3930 edita
926 3894 951 3928 a
976 3879 1037 3931 Ι).
1067 3879 1481 3944 Hergenroether
1507 3895 1536 3932 e
1554 3882 1667 3932 cod.
1688 3881 1939 3943 Vaticano,
1958 3879 1995 3931 ἲ.
2018 3879 2129 3931 186.
2151 3905 2214 3917 -
2246 3879 2527 3943 Explicatio
2546 3880 2869 3945 quorumdam
2891 3878 3159 3933 verborum
3197 3880 3403 3931 Joannis
3429 3877 3654 3929 Climaci'

445 3996 499 4053 1.
531 3993 690 4054 δινητο
714 3995 856 4053 sacri
885 4004 1053 4066 atquc
1072 3996 1345 4054 laboriosi
1369 3998 1586 4068 petitio,
1614 3999 1764 4055 senis
1797 4013 1927 4054 vene

2132 4004 2203 4053 a.'.
2236 3998 2500 4070 Γέροντος
2525 3997 2673 4068 ἱεροῦ
2694 3999 2793 4053 καὶ
2819 3996 3110 4067 φιλοπόνου
3137 3998 3378 4067 αἴτησις,
3400 3996 3658 4067 γέροντος

376 4086 563 4147 rabilis
592 4097 644 4142 et
667 4088 1078 4161 contemplativi
1133 4090 1492 4161 quaestionem
1521 4092 1780 4163 proponit
1809 4091 1927 4163 ejus

2064 4088 2356 4144 θεσπεσίου
2382 4090 2479 4143 καὶ
2507 4087 2847 4161 θεωρητικοῦ
2883 4087 3120 4161 θεωρίαν
3162 4086 3528 4160 προϐάλλεται
3557 4086 3660 4159 τὴν

316 4250 339 4259 χ
374 4182 497 4240 dem
524 4184 805 4252 postulans
857 4182 1302 4258 explicationem,
1351 4200 1477 4241 cum
1518 4195 1704 4240 tamen
1759 4184 1847 4251 iis,
1872 4201 1925 4255 qi

2063 4180 2271 4253 ταύτης
2322 4180 2661 4253 ἐπιζητοῦσα
2713 4182 3047 4253 σαφήνειαν·
3085 4180 3265 4237 καίτοι
3306 4196 3373 4249 γε
3428 4181 3541 4242 τοῖς
3592 4178 3663 4232 τὰ

377 4283 506 4331 sunt
556 4276 611 4329 in
657 4275 763 4330 vita
819 4274 998 4333 activa
1032 4276 1334 4347 sapientes,
1368 4292 1478 4332 non
1522 4276 1668 4332 solet
1702 4286 1761 4331 ut
1790 4276 1927 4346 pluri

2069 4272 2358 4347 πρακτικὰ
2387 4276 2574 4343 σοφοῖς
2602 4274 2667 4329 οὗ
2698 4274 2856 4343 λόγος
2887 4274 2964 4339 ὡς
2988 4274 3195 4327 ὲπίπαν
3228 4272 3375 4344 φιλεῖ
3397 4271 3663 4327 καθίστα-

378 4381 528 4420 man
559 4366 820 4437 magister
842 4382 967 4423 esse
996 4383 1202 4432 sermo,
1229 4368 1325 4425 sed
1363 4368 1507 4423 actio
1537 4377 1704 4439 atque
1733 4369 1927 4425 imitati

2077 4366 2203 4421 σθαι
2223 4366 2551 4430 διδάσκαλος
2574 4383 2587 4397 ·
2618 4368 2654 4438 ἡ
2696 4366 2756 4421 δὲ
2786 4366 2986 4438 πρᾶξις
3036 4367 3133 4420 καὶ
3164 4365 3397 4438 μίμησις
3435 4363 3665 4418 αὐτόθεν

379 4474 475 4532 per
520 4475 587 4517 se.
621 4460 926 4519 doctrinam
974 4463 1200 4519 revelat.
1243 4462 1429 4519 Nostri
1473 4463 1640 4536 igitur
1685 4465 1835 4521 senis
1861 4479 1927 4520 es

2035 4476 2052 4528 ι
2081 4457 2455 4513 ἀνακαλύπτει
2477 4458 2541 4512 τὸ
2564 4458 2821 4530 μάθημα.
2868 4456 2977 4511 Τοῦ
3003 4457 3277 4529 ἡμετέρου
3320 4455 3501 4510 τοίνυν
3548 4453 3667 4506 ἐστὶ

383 4553 584 4609 vetusti
634 4553 786 4611 senis
815 4570 881 4610 ex
920 4556 1199 4612 actionum
1249 4556 1500 4613 instituto
1549 4556 1838 4626 aenigmata
1866 4572 1927 4612 ex

2070 4550 2353 4622 γέροντος,
2383 4552 2479 4606 τοῦ
2510 4551 2748 4606 παλαιοῦ
2778 4552 3036 4624 γέροντος
3058 4552 3129 4606 τὰ
3157 4550 3266 4607 ἀπὸ
3281 4550 3382 4619 τῆς
3412 4547 3666 4620 πράξεως

379 4650 583 4722 plicare
608 4669 629 4719 ς
659 4648 806 4708 facto
834 4651 983 4708 enim
1011 4669 1137 4709 cum
1170 4653 1376 4709 habeas
1405 4667 1495 4708 res
1526 4654 1697 4723 ipsas.
1724 4667 1927 4722 quasqu

2069 4642 2313 4697 διαλύειν
2361 4642 2699 4714 αἰνίγματα·
2745 4643 2893 4716 ἔργῳ
2916 4644 3028 4714 γὰρ
3067 4642 3208 4713 ἔχων
3252 4642 3319 4695 τά
3360 4642 3668 4712 πράγματα

383 4740 572 4811 nequit
610 4755 792 4797 sermo
823 4743 1158 4813 quatstiones
1201 4742 1431 4804 diluere,
1474 4740 1619 4796 actio
1647 4740 1713 4794 ad
1751 4738 1927 4793 illarul

2073 4738 2169 4789 καὶ
2194 4735 2297 4789 ὅσα
2327 4736 2488 4806 λόγος
2510 4737 2764 4790 ἀδυνατεῖ
2790 4737 2899 4790 τῶν
2928 4739 3111 4805 ἀπορη
3121 4733 3313 4805 μάτων
3344 4731 3605 4796 διαλύειν,
3634 4732 3667 4799 ἡ

383 4834 756 4904 cognitionem
788 4836 942 4907 praeit
968 4851 1033 4890 ac
1086 4836 1260 4890 ducit.
1293 4834 1563 4901 Quoniam
1597 4842 1777 4887 tamen
1811 4841 1927 4887 casu

2077 4827 2279 4899 πρᾶξις
2301 4828 2599 4898 καθοδηγεί
2628 4826 3060 4881 συνεπίστασθαι
3079 4844 3092 4860 ·
3120 4826 3262 4894 πλὴν
3284 4824 3409 4878 ἐπεὶ
3427 4822 3669 4894 προσλα-

385 4931 461 4981 ris
504 4927 620 4984 vult
659 4929 959 4985 virtutibus
991 4928 1159 4985 etiam
1192 4928 1283 4983 hic
1308 4925 1636 4981 humilitatis
1682 4923 1927 4995 perfectit

2086 4923 2203 4975 ϐεῖν
2228 4925 2352 4985 ταῖς
2381 4921 2572 4986 ἄλλαις
2614 4923 2839 4993 ἀρεταῖς
2878 4920 3159 4977 κάνταῦθα
3194 4920 3254 4972 τὸ
3285 4920 3382 4988 τῆς
3412 4933 3671 4972 ταπεινο-

385 5029 510 5070 nem
536 5015 837 5087 adjungere
862 5028 915 5074 et
945 5018 1015 5071 ab
1050 5017 1144 5085 iis,
1180 5016 1234 5071 in
1274 5016 1477 5086 quibus
1521 5030 1631 5069 non
1660 5022 1841 5070 exstat
1868 5013 1919 5068 vi

2087 5013 2366 5085 φροσύνης
2418 5013 2622 5067 τέλειον
2661 5012 2756 5067 καὶ
2787 5014 2919 5083 παρ’
2964 5006 3047 5075 οἷς
3079 5013 3181 5065 οὐκ
3231 5011 3348 5067 ἐστι
3394 5008 3615 5080 πρᾶξις,
3643 5010 3671 5061 6

386 5115 565 5165 tutum
625 5110 847 5181 praxis,
918 5110 1196 5183 practicus
1269 5110 1373 5168 iste
1448 5108 1532 5163 vir
1614 5107 1927 5179 praeticaru:

2087 5106 2396 5180 πρακτικὸς
2410 5108 2521 5160 τῶν
2534 5107 2857 5178 πρακτικῶν
2887 5106 3265 5178 θεωρημάτων
3293 5102 3360 5156 τὰ
3386 5102 3671 5173 ἀπόρρητα

384 5198 762 5257 doctrinarum
790 5217 991 5257 arcana
1011 5203 1189 5273 poscit
1208 5201 1312 5257 sibi
1336 5200 1599 5273 explicari
1621 5215 1687 5255 ac
1712 5200 1927 5271 pateﬁet

2089 5197 2246 5272 ζητεῖ
2274 5198 2534 5270 γενέσθαι
2561 5198 2722 5271 ῥητὰ,
2755 5199 2857 5270 οὐχ
2884 5199 3039 5269 ἡμῖν,
3077 5195 3218 5250 ἀλλά
3239 5198 3309 5267 τῇ
3339 5193 3548 5252 ἐκείνου
3578 5201 3673 5254 καὶ

459 5316 707 5375 "-Levit.
732 5334 867 5387 xvtt,
902 5326 959 5375 ι.
1034 5319 1081 5351 τι
1106 5316 1241 5373 ibid.
1272 5317 1326 5373 6.
1404 5318 1450 5349 τ·
1488 5315 1622 5372 ibid.
1657 5315 1746 5373 ιι.

1910 5405 2149 5465 NOTAE.

464 5506 584 5578 ('72)
631 5505 710 5561 Ex
747 5504 1101 5562 Theodoreto
1136 5521 1193 5576 q.
1228 5504 1300 5559 23
1343 5504 1398 5558 in
1428 5502 1604 5559 Levit.
1643 5499 1707 5555 T.
1746 5498 1968 5569 LXXX,
2091 5512 2461 5578 nuncupatus,
2501 5501 2728 5578 saeculo
2771 5509 2925 5578 sexto
2949 5496 3308 5578 conscripsit
3353 5494 3449 5578 (cf.
3500 5494 3672 5578 decc

394 5565 697 5653 p.:§§6.___
1096 5647 1109 5653 _
1153 5565 1170 5576 ’
1322 5645 1356 5653 ι.
1396 5644 1408 5653 _
1519 5650 1527 5653 _
1670 5643 1684 5653 _
1930 5565 1961 5653 ξ
2089 5565 2857 5653 FesslerPatrglpg._tonr_.__ll,
2885 5570 3063 5653 ξιιμ),
3088 5586 3145 5641 p.
3174 5565 3279 5625 8‘90
3303 5568 3475 5653 ειη.»
3503 5565 3670 5653 Hujus

467 5647 580 5731 (73.)
602 5646 829 5731 .Climax
866 5663 959 5703 seu
996 5644 1411 5731 scala‘paradisi
1448 5643 1926 5731 est‘titqlus‘loper

2093 5651 2221 5731 libri
2252 5650 2431 5704 locum
2462 5639 2693 5731 Ifhbtius
2730 5639 2969 5731 illiust-rat
3015 5652 3072 5697 et
3093 5639 3356 5731 exponit=
3382 5639 3669 5731 ﬁnie-

396 5709 640 5786 aseeti'ci,
678 5734 841 5789 quem
879 5728 1106 5789 rogante
1150 5709 1363 5789 Joanne
1387 5709 1977 5789 abbatellajtlmensi
2086 5721 2287 5783 ειῑοηο,
2328 5732 2451 5788 qum
2485 5718 2541 5775 in
2577 5717 2698 5776 cod,
2732 5714 3075 5771 Coisliniano
3092 5722 3147 5769 et
3185 5709 3523 5767 Taurineusi
3556 5721 3669 5767 ont-

400 5784 637 5847 .leannes
686 5784 859 5847 abbas
908 5784 967 5845 in
1011 5798 1198 5844 monte
1248 5787 1422 5850 Sinni,
1470 5784 1664 5840 exinde
1699 5784 1977 5838 Climacus
2087 5796 2215 5851 ηῑηο
2248 5784 2423 5849 deost.
