3848 6364
199 281 379 350 1101

959 290 1060 351 AD
1091 291 1681 354 AMPHILOCHIUM
1724 293 2071 366 QUIESTIO
2105 293 2807 356 CCLXXII-CCLXXIII;

3401 292 3543 358 1102

200 396 419 469 ἀρετῇ
456 399 550 450 καὶ
575 398 791 468 αἰτήσει
827 397 1156 472 θαρῤοῦντες
1189 404 1282 456 ἐπὶ
1320 405 1420 475 τὴν
1453 404 1561 457 τῶν
1590 407 1832 476 ἀπορου-

1949 422 2044 460 non
2094 406 2276 471 nobis,
2312 407 2408 463 sed
2436 406 2583 461 illius
2609 416 2665 461 et
2694 408 2899 461 virtute
2925 415 2979 461 et
3010 405 3384 475 postulatione
3410 407 3535 465 freti

212 489 439 558 μένων
464 489 618 543 λύσιν
653 490 1005 562 βαδιούμεθα.

312 580 391 649 β’.
431 582 592 653 Τρεῖς
625 584 653 636 6
682 583 908 649 παλαιὸς
944 585 1043 640 καὶ
1070 587 1234 652 καλὸς
1260 589 1466 653 ἐκεῖνος
1492 606 1672 661 γερων
1698 608 1806 661 προ

219 673 433 738 κοπάς
462 676 574 728 εἴτε
619 674 805 741 τάξεις
834 678 945 731 εἴτε
987 678 1255 750 βαθμοὺς,
1282 683 1392 736 εἴτε
1438 700 1492 737 τι
1526 684 1656 739 ἀλλο
1686 684 1839 755 φίλον

219 768 361 829 ’τοῖς
386 766 742 839 βουλομένοις
771 770 981 837 καλεῖν,
1004 773 1063 826 ὲν
1091 775 1203 837 τοῖς
1238 774 1506 847 παροῦσιν
1533 777 1839 832 ἐκδιδάσκει

226 858 537 928 ῥήμασιν·
592 859 932 932 ἀμεριμνίαν
973 863 1085 917 τῶν
1135 866 1195 917 ὲν
1238 863 1339 936 βίῳ
1388 867 1483 920 καὶ
1531 862 1612 932 οἷς
1644 870 1673 922 6
1724 867 1841 939 βίος

230 949 698 1016 συγκαταλύεται
734 954 1102 1024 πραγμάτων,
1156 958 1468 1028 προσευχὴν
1498 958 1714 1025 ἄοκνον,
1746 960 1842 1013 καὶ

229 1040 442 1111 τρίτον
489 1044 758 1113 ἐργασίαν
806 1045 1003 1100 ἄσυλον
1059 1047 1323 1117 καρδίας·
1356 1047 1497 1102 ὥστε
1551 1050 1710 1119 δῆλον
1761 1053 1842 1106 ὅτι

236 1132 432 1203 μέσον
455 1135 719 1208 ἑκατέρου
750 1137 857 1192 τῶν
908 1138 1093 1211 ἄκρων
1131 1143 1163 1210 ἡ
1214 1142 1491 1216 προσευχὴ
1535 1146 1735 1198 κεῖται.
1784 1143 1844 1198 '0

233 1224 443 1279 τοίνυν
469 1226 568 1298 τὴν
596 1228 933 1301 ἀμεριμνίαν
965 1230 1042 1303 μὴ
1088 1233 1433 1303 κτησάμενος
1461 1235 1585 1289 οὐδὲ
1617 1235 1688 1289 τά
1717 1238 1846 1307 ἐφε-

238 1318 355 1390 ξῆς
386 1320 482 1374 δύο
516 1320 743 1387 δυνατός
785 1325 903 1378 ἐστι
937 1326 1237 1396 μετελθεῖν.
1285 1326 1445 1381 Ἀλλά
1480 1329 1534 1382 τί
1567 1328 1628 1382 τὸ
1660 1329 1845 1382 ἐντεῦ-

241 1411 383 1479 Θεν;
417 1412 493 1467 Τὸ
524 1414 688 1486 μέσον
727 1418 909 1471 τοίνυν
939 1419 1060 1489 ἦτοι
1088 1418 1188 1490 τὴν
1239 1422 1550 1495 προσευχὴν
1587 1423 1847 1493 μετερχό-

248 1520 430 1574 μενος
458 1506 515 1559 ὲν
551 1506 739 1578 μέσοις
763 1510 956 1578 γέγονε
986 1513 1101 1576 τοῖς
1124 1512 1331 1580 καλοῖς,
1365 1515 1465 1569 κᾶν
1501 1515 1671 1586 μήπω
1706 1515 1846 1584 πρὸς

242 1592 316 1647 τὸ
347 1595 521 1669 ἄκρον
557 1598 876 1672 ἀναδεδήκῃ
906 1601 1015 1657 τῶν
1042 1602 1283 1673 ἀγαθῶν.

326 1783 402 1844 γ’.
445 1777 706 1840 Ἐπότιζε
753 1780 808 1835 δ’
860 1780 1020 1852 ὅμως
1069 1780 1339 1853 διψῶντα
1402 1785 1497 1839 καὶ
1558 1784 1845 1857 πόρρωθεν

242 1868 398 1926 οὖσα
451 1873 486 1944 ἠ
532 1873 629 1927 τοῦ
680 1874 1019 1947 σελασφὸρου
1075 1875 1352 1949 θεάματος
1412 1878 1698 1950 πλήρωσις
1750 1882 1846 1934 καὶ

245 1966 440 2038 τρυφὴ
473 1968 567 2021 καὶ
594 1967 724 2022 θέα*
760 1963 880 2023 εἶτα
912 1970 979 2023 οὐ
1009 1969 1171 2042 μέχρι
1207 1971 1410 2036 παντὸς
1436 1973 1532 2027 τοῦ
1570 1974 1846 2045 θεάματος

246 2059 534 2130 ἐτρύφων,
561 2060 698 2114 ἀλλά
726 2060 867 2132 μετὰ.
907 2061 1083 2116 ταῦτα
1111 2063 1274 2116 πάλιν
1303 2063 1361 2119 ἐν
1386 2064 1639 2132 ἐκείνοις,
1681 2068 1739 2120 ἐν
1763 2061 1845 2132 οἷς

248 2154 355 2205 καί
385 2151 601 2224 πρώην.
638 2153 705 2207 Τί
753 2154 853 2226 μὲν
879 2154 971 2210 οῦν
998 2152 1067 2229 ἦν
1105 2157 1211 2230 πρὸ
1251 2158 1351 2228 τῆς
1390 2160 1593 2230 ὁρατῆς
1628 2161 1845 2230 μορφῆς

249 2248 316 2300 ἓν
347 2249 462 2312 τοῖς
501 2246 827 2319 ὁρωμένοις,
856 2250 977 2304 οὖδν
997 2251 1137 2304 αύτά
1176 2252 1243 2306 τά
1280 2251 1534 2321 ὁρώμενα
1572 2252 1846 2307 διδάσκειν

252 2340 548 2410 ἠδύναντο,
566 2341 756 2415 ὥσπερ
784 2341 975 2397 εἴωθεν
993 2345 1027 2414 ἠ
1058 2343 1178 2414 δψις
1201 2345 1270 2399 τά
1302 2346 1472 2400 πολλά
1500 2348 1608 2401 τῶν
1632 2348 1845 2420 ὁρωμέ-

254 2452 370 2488 νων
396 2433 719 2500 διδάσκαλος
768 2436 1052 2505 γίνεσθαι·
1105 2438 1227 2492 οὐδὲ
1282 2438 1392 2510 γὰρ
1423 2434 1493 2511 ἦν
1542 2442 1652 2495 τῶν
1703 2442 1846 2495 κατά

252 2526 422 2596 φύσιν
447 2527 544 2583 καὶ
572 2529 819 2602 συνήθων
870 2530 1180 2601 θεαμάτων,
1217 2534 1355 2586 ἀλλά
1400 2534 1561 2605 χάρις
1595 2531 1664 2607 ἦν
1695 2537 1727 2605 ἡ
1763 2536 1844 2589 δι-

253 2621 428 2677 δοῦσα
458 2621 539 2677 τά.
574 2623 675 2693 μὲν
703 2625 858 2696 δρᾷν,
889 2626 961 2678 τὰ
987 2625 1044 2680 δὲ
1089 2626 1325 2697 κρείττω
1358 2626 1589 2682 ποιοῦσα
1619 2628 1730 2682 τῶν
1752 2630 1843 2683 διά

253 2713 360 2783 τῆς
384 2713 562 2784 ὅψεως
584 2716 940 2788 καταλήψεων
959 2733 973 2748 ·
1001 2717 1097 2771 καὶ
1119 2718 1228 2790 γάρ
1253 2718 1375 2772 ούδὲ
1427 2721 1456 2774 6
1481 2719 1687 2792 ταύτης
1711 2722 1845 2793 ἡμῖν

255 2807 359 2877 τῆς
411 2807 728 2880 ἀπορρήτου
768 2809 998 2881 ,τρυφῆς
1055 2810 1149 2863 καὶ
1216 2809 1450 2880 θεωρίας
1504 2813 1843 2884 ἀρχιτέκτων

258 2900 443 2968 ἐφεῖτο
470 2902 564 2955 καὶ
586 2900 883 2974 συνεχώρει
911 2903 1190 2975 ἀκραιφνῆ
1215 2904 1517 2975 λαμϐάνειν
1541 2908 1642 2980 τὴν
1670 2907 1847 2980 μάθηο

262 3011 371 3048 σιν.
408 2994 551 3047 Ἀλλ’
604 2995 781 3067 ἔγωγε
822 2997 975 3068 πόοῳ
1003 2997 1101 3051 καὶ
1143 2996 1309 3069 ἔρωτι
1361 3000 1558 3070 μαθεῖν
1615 3001 1845 3073 ἠρώτων

260 3086 434 3154 ὅμως,
484 3084 602 3149 πῶς
634 3084 698 3156 δὴ
740 3085 836 3139 νῦν
870 3088 898 3140 6
945 3088 1044 3157 τῆς
1095 3086 1369 3159 σωτηρίας
1391 3089 1563 3163 ,ήμῶν
1613 3090 1845 3145 καὶτῶν

262 3177 446 3232 καλῶν
466 3178 754 3249 θεαμάτων
784 3179 1083 3250 αὐτουργὸς
1108 3180 1344 3251 ὑπάρχει
1364 3198 1379 3213 ο
1415 3182 1510 3236 καὶ
1539 3184 1572 3254 ὴ
1615 3182 1849 3253 ἀπόκρι-

268 3289 359 3337 at;
392 3271 579 3340 ἔλεγεν
617 3274 676 3325 ὲν
726 3274 839 3337 τοῖς
871 3271 1023 3336 ίδίοις
1061 3273 1185 3342 μὲν,
1216 3273 1335 3327 ἀλλ’
1362 3275 1463 3327 οὐκ
1503 3276 1561 3327 ἐν
1598 3268 1681 3339 οἷς
1704 3274 1849 3345 ᾠκο-

262 3366 419 3435 νόμει
451 3367 547 3436 τὴν
569 3365 762 3436 ὅρασιν
786 3363 946 3420 εἶναι’
970 3366 1040 3420 τά
1081 3366 1179 3436 μὲν
1203 3366 1313 3436 γάρ
1336 3362 1404 3438 ἦν
1432 3366 1849 3438 φιλανθρωπίας

200 3529 211 3540 ⁸
268 3456 365 3511 καὶ
397 3456 883 3526 συγκαταὸάσεως,
928 3455 999 3510 τά
1052 3456 1111 3510 δὲ
1140 3456 1219 3528 τῷ
1250 3457 1328 3531 μὴ
1369 3458 1470 3528 τῆς
1508 3459 1720 3523 οἰκείας
1760 3458 1851 3527 ἐξ·

269 3549 520 3605 ίστασθαι
560 3548 777 3617 φύσεως
814 3550 876 3603 τδ
896 3550 1068 3605 ἀΐδιον
1100 3549 1488 3621 ὑπογράφοντα
1515 3552 1608 3605 καὶ
1642 3551 1850 3622 ἀμετά-

268 3640 485 3711 ϐλητον.
517 3634 653 3695 Εἶτα
692 3639 879 3711 ἐπειδὴ
935 3658 1006 3711 με
1067 3639 1204 3711 πρὸς
1246 3639 1407 3709 φύσιν
1457 3641 1629 3711 ἀνῆγε
1668 3642 1850 3713 πάσης

266 3732 439 3803 ὅψεως
474 3734 568 3787 καὶ
589 3732 952 3805 καταλήψεως
992 3732 1565 3804 ὕπεραναόεὸηκυῖαν,
1611 3733 1849 3787 ἐπυνθα-

265 3826 437 3897 νόμην
468 3824 1002 3897 ἐτιζπροσδιαπορῶν,
1028 3827 1103 3891 ὡς
1127 3826 1191 3879 Et
1212 3825 1369 3880 ταῦθ’
1397 3824 1570 3891 οὕτως
1600 3826 1732 3898 ἔχει,
1766 3827 1850 3893 τίς

268 3917 304 3987 ἡ
332 3916 482 3983 δεξιά
509 3917 700 3981 στάσις
724 3918 822 3973 καὶ
869 3916 1109 3989 καθέδρα
1132 3917 1228 3971 καὶ
1255 3916 1326 3970 τά
1352 3919 1462 3972 τῶν
1492 3918 1696 3973 ὐλικῶν
1728 3919 1850 3991 σχέ-

271 4025 407 4062 σεων
434 4009 525 4062 καὶ
572 4009 866 4064 διαθέσεων
910 4010 1186 4081 ὀνόματα;
1233 4009 1338 4064 ποῦ
1386 4010 1497 4083 γὰρ
1533 4012 1647 4083 ἔχει
1674 4012 1850 4066 ταῦτα

267 4098 448 4171 χώραν
471 4100 726 4170 λέγεσθαι
756 4102 816 4154 ὲν
845 4095 929 4166 οἷς
972 4102 1067 4156 κα)⁵
1098 4102 1207 4155 τῶν
1237 4102 1534 4173 ὁρωμένων
1582 4105 1651 4159 τά
1680 4103 1849 4158 πολλὰ

265 4196 361 4265 οὐχ
388 4194 577 4267 ὅρασίς
620 4196 790 4261 ἐστιν,
821 4195 961 4249 ἀλλά
993 4196 1093 4266 τῆς
1133 4198 1434 4266 φαντασίας
1470 4198 1807 4264 διατύπωσις
1832 4215 1846 4229 ·
1890 4258 1893 4263 η

267 4291 297 4343 6
325 4289 379 4342 δὲ
401 4288 509 4342 τῶν
533 4287 776 4360 ἀποριῶν
793 4288 1069 4360 ἀκροατὴς
1086 4289 1378 4359 ἐπιτιμῶν,
1405 4290 1480 4354 ὡς
1496 4289 1664 4357 ἔοικε,
1691 4290 1848 4360 φιλο-

267 4383 556 4454 πράγμονα
595 4382 844 4437 ἔνστασιν
880 4383 975 4437 καὶ
1013 4383 1115 4437 ούκ
1151 4382 1257 4436 ὲῶν
1284 4381 1581 4436 ἀπολαύειν
1611 4382 1706 4436 τοῦ
1746 4382 1846 4453 ζη-

1942 500 2009 552 ad
2038 498 2332 555 dubiorum
2365 499 2697 554 solutionem
2752 500 3120 568 procedimus.

2024 590 2079 648 2.
2116 591 2250 648 Tres
2295 590 2560 662 antiquus
2611 591 2700 645 ille
2737 589 3027 660 bonusque
3064 607 3228 646 senex
3284 607 3540 663 progres-

1944 693 2130 748 siones
2172 688 2240 742 ad
2285 686 2541 740 virtutem
2587 685 2703 740 sive
2747 684 2969 738 ordines
3018 683 3135 738 sive
3185 684 3390 754 gradus
3422 688 3538 739 sive

1944 782 2075 854 quid
2107 779 2255 836 aliud
2290 778 2565 849 appellare
2612 777 2804 844 libeat,
2839 776 2893 831 in
2945 777 3031 833 his
3065 778 3245 831 verbis
3276 778 3484 833 indicat
3519 799 3533 833 :

1945 873 2159 943 plenam
2190 883 2375 925 rerum
2423 867 2588 938 hujus
2620 866 2764 931 vitae,
2809 881 2934 921 cum
2964 866 3165 937 quibus
3191 875 3245 921 et
3272 862 3394 936 ipsa
3427 869 3535 922 vita

1947 963 2110 1020 simul
2134 961 2343 1027 interit,
2394 960 2685 1028 incuriam,
2724 960 2969 1016 sedulam
3003 970 3167 1031 atque
3199 960 3531 1015 indefessant

1945 1056 2272 1121 orationem,
2303 1062 2358 1110 et
2384 1055 2541 1109 tertio
2574 1052 2888 1109 inviolatam
2913 1055 3094 1110 cordis
3122 1055 3491 1124 operationem
3519 1074 3533 1117 ;

1947 1147 2091 1203 unde
2133 1155 2352 1203 constat
2406 1146 2640 1199 mediam
2679 1145 2820 1200 inter
2859 1154 3089 1217 utraque
3129 1156 3376 1201 extrema
3408 1162 3535 1199 ora-

1948 1240 2150 1293 tionem
2194 1252 2335 1293 esse.
2368 1236 2471 1303 Qui
2520 1236 2686 1304 igitur
2722 1236 3028 1307 neglectum
3084 1254 3267 1292 rerum
3303 1237 3539 1291 munda-

1949 1345 2144 1386 narum
2194 1344 2306 1385 non
2344 1330 2669 1400 possederit,
2721 1345 2821 1384 nec
2871 1330 3083 1400 reliqua
3134 1330 3244 1384 duo
3280 1331 3535 1399 persequi

1949 1422 2170 1495 poterit.
2200 1420 2406 1477 Verum
2435 1419 2568 1492 quid
2599 1420 2767 1475 inde?
2789 1420 3025 1475 Mediqu
3064 1420 3250 1491 igitur,
3282 1420 3531 1474 videlicet

1948 1518 2298 1582 orationem,
2362 1530 2626 1571 exercens
2682 1516 2736 1569 in
2793 1515 2987 1569 mediis
3053 1514 3285 1569 exsistit
3330 1513 3532 1578 bonis,

1950 1612 2205 1682 quamvis
2243 1608 2485 1665 nondum
2542 1609 2610 1663 ad
2666 1618 2970 1663 extremum
3036 1606 3308 1662 bonorum
3344 1621 3536 1661 ascen-

1950 1701 2107 1756 derit.

1877 1770 1922 1830 B
2020 1794 2075 1849 5.
2127 1791 2321 1847 Polum
2340 1806 2461 1845 vero
2489 1789 2692 1845 sitienti
2725 1790 2886 1843 dabat
2919 1789 3003 1843 vel
3024 1788 3239 1844 eminus
3267 1786 3537 1842 exsisteus

1949 1885 2223 1958 splendidi
2285 1883 2583 1956 spectaculi
2646 1882 2892 1953 impletio
2926 1891 2981 1937 et
3033 1881 3334 1936 oblectatio
3364 1890 3533 1949 atque

1949 1979 2132 2046 visio;
2167 1976 2363 2033 deinde
2408 1991 2519 2031 non
2572 1991 2753 2047 usque
2793 1976 2859 2030 ad
2894 1975 3213 2030 universum
3243 1982 3537 2040 spectacu—

1948 2073 2061 2127 lum
2098 2070 2432 2135 deliciabar;
2467 2069 2562 2124 sed
2597 2076 2785 2138 postea
2816 2082 3012 2121 rursus
3042 2081 3195 2120 eram
3232 2064 3285 2119 in
3324 2064 3456 2128 illis,
3482 2064 3537 2117 in

1948 2164 2150 2235 quibus
2193 2170 2248 2218 et
2296 2170 2479 2216 antea.
2525 2160 2666 2227 Quid
2714 2159 2881 2230 igitur
2928 2168 3075 2213 esset
3107 2166 3234 2211 ante
3261 2155 3534 2211 visibilem

1948 2252 2184 2308 formam
2232 2251 2286 2306 in
2336 2250 2527 2316 rebus,
2579 2264 2715 2319 quas
2746 2249 3015 2314 videmus,
3060 2264 3128 2303 ne
3156 2248 3286 2319 ipsa:
3316 2246 3537 2318 quidem

1948 2362 2060 2413 res,
2093 2361 2231 2416 quas
2267 2344 2539 2409 videmus,
2568 2344 2763 2399 docere
2786 2358 2886 2398 nos
2918 2350 3194 2413 poterant,
3225 2342 3370 2397 sicut
3400 2341 3540 2396 solet

1948 2439 2087 2493 visio
2100 2438 2416 2506 frequenter
2432 2452 2622 2491 eorum
2642 2451 2762 2505 qua?
2776 2435 3025 2489 videntur
3039 2435 3365 2503 interpretes
3382 2449 3534 2499 esse;

1950 2547 2126 2600 neque
2157 2530 2301 2583 enim
2350 2537 2468 2583 erat
2518 2543 2584 2584 ex
2617 2528 2682 2583 iis
2708 2528 3061 2597 spectaculis,
3093 2543 3217 2597 qua:
3264 2527 3536 2581 naturalia

1951 2622 2218 2693 nobisque
2276 2621 2568 2676 familiaria
2636 2620 2940 2685 exsistunt,
2993 2620 3088 2676 sed
3136 2618 3311 2690 gratia
3374 2627 3536 2678 erat,

1948 2732 2069 2789 quae
2112 2716 2279 2771 dabat
2315 2714 2419 2770 alia
2450 2714 2671 2785 quidem
2710 2714 2993 2775 intuenda,
3020 2712 3127 2767 alia
3159 2726 3291 2768 vero
3326 2712 3536 2781 potiora

1948 2809 2236 2865 oculorum
2286 2805 2639 2878 perceptione
2687 2803 2985 2871 elliciebat;
3033 2802 3237 2858 etenim
3289 2817 3390 2857 nec
3423 2803 3538 2870 ipse

1946 2922 2163 2964 arcanae
2204 2907 2367 2978 hujus
2397 2903 2783 2961 oblectationis
2821 2914 2875 2957 et
2916 2898 3396 2970 contemplationis
3442 2912 3540 2950 no-

1950 3012 2076 3058 stra:
2131 3011 2320 3055 auctor
2387 2997 2739 3069 permittebat
2792 2996 2880 3051 vel
2933 2994 3273 3050 concedebat
3326 2991 3535 3045 claram

1873 3118 1917 3178 ο
1949 3089 2095 3144 illius
2140 3087 2359 3142 haurire
2408 3085 2801 3178 cognitionem.
3012 3095 3113 3178 ego
3148 3077 3345 3178 studio
3367 3085 3535 3146 atque

1954 3194 2143 3235 amore
2171 3178 2415 3235 discendi
2458 3176 2781 3234 sciscitabar
2830 3173 3215 3237 nihilominus,
3256 3171 3349 3226 ubi
3391 3184 3571 3224 nunc.

1952 3272 2144 3331 salutis
2163 3280 2365 3327 nostra:
2390 3271 2890 3341 praeclarorumque
2913 3266 3351 3338 spectaculorum
3376 3262 3539 3318 nobis

1952 3374 2146 3422 auctor
2189 3374 2390 3421 exstet.
2422 3365 2490 3419 Et
2547 3365 2837 3432 responsio
2878 3360 3096 3418 dicebat
3133 3379 3146 3415 :
3201 3359 3254 3414 in
3299 3356 3541 3429 propriis

1951 3459 2192 3530 quidem,
2227 3472 2337 3513 non
2366 3468 2545 3512 tamen
2584 3456 2638 3510 in
2665 3457 2866 3526 quibus
2900 3453 3232 3525 disponebat
3263 3449 3532 3505 visionem

1951 3565 2115 3615 esse;
2149 3549 2263 3603 haec
2285 3548 2433 3603 enim
2474 3554 2632 3602 erant
2661 3546 3017 3615 benignitatis
3060 3555 3109 3599 et
3146 3540 3536 3611 indulgentiaz;

1953 3639 2044 3693 illa
2069 3653 2200 3692 vero
2242 3637 2602 3692 aeternitatem
2650 3644 2816 3705 atque
2858 3633 3359 3687 immutabilitatem
3392 3622 3539 3684 desi-

1951 3732 2211 3803 gnabant,
2252 3730 2399 3801 quod
2448 3745 2512 3784 ex
2573 3728 2791 3799 propria
2832 3743 2939 3781 non
2989 3726 3267 3780 recederet
3316 3730 3536 3777 natura.

1952 3824 2155 3879 Deinde
2173 3823 2265 3879 ubi
2284 3837 2369 3877 me
2384 3822 2449 3876 ad
2468 3832 2725 3876 naturam
2743 3820 2922 3875 evexit
2944 3817 3091 3873 omni
3112 3816 3324 3871 visione
3343 3824 3397 3870 et
3411 3827 3538 3868 con-

1952 3914 2306 3986 templatione
2331 3912 2694 3984 superiorem,
2719 3911 3128 3981 interrogabam
3151 3907 3331 3962 adhuc
3366 3904 3538 3960 addu-

1951 4010 2130 4068 bitans
2168 4026 2183 4063 :
2220 4006 2277 4063 Si
2301 4008 2418 4063 haec
2442 4007 2517 4062 ita
2547 4021 2607 4063 se
2636 4006 2861 4072 habent,
2917 4017 3166 4072 quaenam
3201 4007 3284 4057 est
3314 3999 3539 4054 dextera

1950 4099 2115 4155 statio
2149 4107 2203 4154 et
2235 4098 2412 4155 sessio
2452 4106 2506 4154 et
2528 4097 2892 4152 materialium
2934 4093 3315 4149 habitudinum
3351 4092 3538 4160 dispo-

1950 4192 2323 4263 sitiOuumque
2345 4190 2597 4247 nomina?
2618 4188 2720 4246 Ubi
2736 4190 2881 4245 enim
2904 4189 3022 4244 haec
3042 4187 3223 4243 locum
3250 4186 3450 4240 habent
3479 4194 3539 4238 ut

1951 4283 2224 4349 dicantur,
2264 4284 2320 4339 in
2356 4283 2559 4354 quibus
2592 4291 2646 4338 et
2684 4282 2855 4336 multa
2889 4296 3105 4343 eorum,
3152 4294 3278 4349 qua:
3309 4276 3531 4347 conspi-

1950 4375 2192 4442 ciuntur,
2230 4391 2336 4430 non
2372 4375 2513 4429 visio
2536 4383 2687 4439 sunt,
2712 4375 2807 4429 sed
2846 4373 3260 4443 imaginationis
3291 4372 3537 4426 delinea-

264 4477 521 4547 τήματος,
578 4478 826 4547 κρεῖττον
878 4476 1049 4547 ἀκοῆς
1101 4475 1204 4549 ἔφη
1260 4476 1360 4546 τὴν
1415 4475 1688 4547 ἐρώτησιν
1743 4460 1844 4531 καὶ

1949 4465 2045 4522 tio.
2094 4464 2187 4520 llle
2230 4465 2636 4520 dubitationum
2691 4464 2909 4519 auditor
2956 4465 3289 4533 ittrrepans,
3333 4472 3403 4516 ut
3440 4477 3538 4531 par

266 4573 456 4643 καιρὸν
477 4574 676 4628 οἰκεῖον
704 4573 850 4645 ἔχειν
869 4573 969 4645 τῆς
992 4570 1408 4643 ἀποκαλύψεως.
1447 4572 1590 4641 Ἐγὼ
1616 4571 1675 4625 δὲ
1699 4570 1843 4641 φιλοο

266 4664 456 4718 νεικῶν
492 4664 575 4718 ἔτι
622 4665 717 4719 καὶ
769 4664 883 4729 τδνὲ
911 4664 1105 4737 καιρόν
1145 4680 1213 4735 με
1254 4665 1584 4733 συναγαγεῖν
1636 4680 1843 4736 παρεκ-

266 4757 421 4812 άλουν
439 4760 531 4811 καὶ
553 4758 629 4829 μὴ
654 4759 753 4829 τῆς
769 4758 944 4830 καλῆς
973 4759 1296 4829 ἀποστερεῖν
1331 4757 1571 4827 ἐφέσεως
1589 4773 1603 4787 ·
1635 4759 1843 4821 ἐκεῖνος

266 4850 320 4903 δὲ
347 4849 438 4903 τοῦ
464 4849 762 4913 λυποῦντος
800 4851 875 4915 ὡς
904 4845 1016 4904 οἷόν
1044 4868 1105 4904 τε
1147 4851 1243 4905 καὶ
1270 4848 1669 4921 ἀδημονοῦντος
1699 4848 1844 4902 ἀπά-

265 4957 372 5000 γων
399 4939 551 4994 οὔπω
569 4939 661 4993 τὸν
685 4941 876 5012 καιρὸν
902 4940 1054 5009 ἔλεγε
1086 4943 1369 5011 παρεῖναιο
1406 4938 1560 4993 οὔπω
1591 4938 1701 5009 γὰρ
1723 4939 1844 4992 οὐδὲ

266 5032 324 5086 τὸ
359 5032 470 5104 πῦρ
493 5032 553 5085 τὸ
581 5033 680 5105 τὴν
705 5033 1019 5105 ἀφθαρσίαν
1046 5034 1287 5089 ἀνάπτον
1317 5036 1373 5089 ἐν
1399 5036 1513 5098 τοῖς
1544 5032 1666 5087 καθ’
1686 5034 1840 5103 ἡμᾶς

266 5124 646 5195 ἀναφλέγεται.

330 5390 390 5444 δ’.
427 5388 647 5460 Ταύτην
671 5388 766 5444 οὖν
791 5392 890 5462 τὴν
916 5392 1183 5446 ὀπτασίαν
1205 5394 1234 5447 ὁ
1273 5393 1435 5457 καλὸς
1464 5394 1556 5448 καὶ
1593 5393 1840 5465 φιλόθεος

268 5481 356 5537 καὶ
380 5481 608 5546 παλαιὸς
634 5482 847 5545 ἐκεῖνος
873 5483 1215 5551 ἀπαγγείλας
1253 5483 1432 5555 γέρων
1464 5485 1526 5537 οὐ
1563 5484 1840 5555 μεγαλαυ-

267 5574 362 5644 χεῖ,
396 5571 520 5625 οὐδὲ
573 5572 799 5626 τοιαῦτα
828 5574 1155 5644 τεθεαμένος
1204 5575 1529 5647 ἐπαίρεταιο
1581 5576 1720 5631 ἀλλά
1749 5578 1843 5631 καὶ

270 5666 481 5733 ἄγνοιαν
515 5664 695 5735 ἑαυτῷ
754 5670 1058 5736 προσάπτει
1088 5666 1263 5735 λέγων
1289 5683 1301 5696 ·
1345 5667 1459 5722 Οὐκ
1497 5664 1614 5723 οῖδα
1663 5670 1711 5722 εί
1744 5671 1841 5723 σὺν

271 5754 339 5826 τῷ
367 5756 448 5826 χοῖ
480 5755 651 5810 ταῦτα
698 5756 958 5828 ὲθεάμην,
991 5760 1099 5813 εἴτε
1146 5758 1268 5814 καθ’
1310 5759 1507 5831 ἑαυτὴν
1538 5760 1634 5834 τῆς
1662 5763 1839 5833 ψυχῆς

1946 4566 2087 4623 erat,
2119 4555 2393 4611 curiosam
2429 4555 2746 4610 instantiam
2785 4571 2883 4610 nec
2914 4553 3019 4609 l'rui
3055 4570 3142 4609 me
3174 4554 3361 4610 sinens
3385 4570 3536 4621 qun:-

1946 4648 2141 4705 stionis
2172 4649 2463 4714 solutione,
2503 4665 2610 4703 non
2654 4664 2813 4719 posse
2842 4648 3030 4702 auditu
3057 4648 3262 4719 percipi
3293 4649 3533 4700 interro-

1945 4741 2218 4811 gationem
2257 4741 2456 4811 inquit,
2482 4756 2711 4813 eamque
2759 4741 3040 4811 prOprium
3078 4740 3278 4794 habere
3324 4739 3533 4792 revela-

1947 4834 2111 4889 tionis
2152 4842 2391 4905 tempus.
2418 4831 2533 4904 Ego
2579 4849 2708 4889 vero
2751 4833 2931 4888 adhuc
2955 4831 3297 4888 contendens
3320 4841 3369 4885 et
3398 4845 3533 4886 con-

1944 4929 2088 4984 trahi
2138 4929 2273 4984 mibi
2362 4937 2578 5000 tempus
2654 4929 2920 4998 precabar
2970 4942 3071 4983 nec
3130 4941 3215 4981 me
3298 4925 3530 4981 honesta

1944 5021 2245 5092 cupiditate
2278 5020 2542 5077 fraudari.
2587 5021 2678 5077 Ille
2705 5028 2887 5076 autem
2918 5020 3187 5083 dolorem,
3232 5034 3339 5090 qua
3377 5028 3531 5090 pote-

1945 5123 2049 5180 rat,
2081 5114 2512 5185 mmstitiamque
2554 5114 2743 5170 levans
2775 5114 3018 5168 nondum
3071 5113 3266 5169 adesse
3314 5113 3532 5168 dicebat

1944 5218 2196 5277 tempus;
2250 5207 2491 5263 nondum
2536 5209 2682 5263 enim
2738 5208 2899 5278 ignis,
2950 5208 3043 5277 qui
3099 5207 3530 5278 incorruptibili-

1945 5309 2109 5355 tatem
2167 5300 2425 5372 impertit,
2456 5301 2599 5356 inter
2661 5317 2762 5357 nos
2820 5301 2995 5357 ardet.

2015 5390 2070 5446 4.
2100 5389 2251 5447 lianc
2282 5391 2448 5463 igitur
2476 5392 2743 5448 visionem
2791 5392 2971 5450 bonus
3027 5394 3140 5459 ille,
3196 5394 3320 5465 pius
3364 5399 3529 5463 atque
3610 5460 3611 5463 η

1946 5488 2206 5559 antiquus
2241 5502 2408 5544 senex
2451 5489 2748 5547 enuntians
2782 5505 2889 5545 non
2920 5506 2980 5545 se
3016 5491 3305 5559 magniﬁce
3330 5488 3525 5557 jactat,

1946 5595 2049 5636 nec
2092 5596 2152 5636 se
2185 5582 2332 5650 quod
2374 5583 2491 5637 haec
2542 5582 2739 5638 viderit
2776 5582 3008 5650 extollit,
3051 5583 3143 5638 sed
3178 5592 3232 5636 et
3270 5581 3528 5652 ignoran-

1945 5670 2073 5724 tiam
2100 5670 2203 5727 sibi
2242 5671 2434 5727 tribuit
2461 5673 2716 5743 inquiens
2744 5691 2757 5727 :
2800 5672 3018 5736 Nescio,
3049 5688 3116 5726 an
3151 5686 3274 5728 cum
3299 5685 3529 5740 corpore

1947 5772 2161 5820 terreno
2184 5762 2300 5819 bace
2328 5764 2592 5831 intuerer,
2615 5779 2683 5820 an
2704 5780 2835 5821 vero
2861 5764 3039 5819 anima
3069 5776 3160 5832 per
3188 5777 3248 5819 sc
3269 5760 3336 5815 ad
3358 5758 3525 5815 Deum
