3902 6212
391 177 530 246 1107

1551 180 1818 245 PHOTII
1844 178 2357 244 PATRIABCHIE
2383 179 2496 242 CP.

3536 175 3675 241 1108

384 295 459 352 ei.
486 292 656 349 fuisse
681 291 792 352 vim
839 304 964 362 qua:
992 289 1062 346 ad
1100 304 1263 347 usum
1313 288 1715 362 suppeditaret.
1748 289 1967 345 Etenim

2088 287 2189 340 m'
2222 289 2431 342 ἐκεῖνον
2459 285 2738 340 διδάσκων
2769 284 2847 349 ὡς
2878 283 3095 356 εἱλήφει
3132 282 3363 355 δύναμιν
3394 284 3671 356 ἀρκοῦσαν

387 384 735 458 septuaginta
766 381 903 438 viris
930 382 1093 449 dans,
1137 397 1245 437 non
1288 381 1491 436 minuit
1539 381 1689 436 illius
1719 382 1974 452 gratiam,

388 488 451 534 ut
480 494 547 535 ex
578 484 777 533 eventu
820 482 1059 531 constat.
1093 472 1298 531 Eadem
1338 474 1485 531 enim
1537 481 1594 529 et
1642 474 1875 545 imperio
1919 482 1975 529 et

390 565 678 623 miraculis
703 564 998 636 peragebat
1024 579 1189 636 quam
1227 573 1407 620 antea.
1439 563 1598 632 Quod
1621 577 1675 622 et
1700 579 1802 621 nos
1832 580 1972 635 quo-

391 658 526 715 tidie
556 658 705 713 idem
737 658 855 713 ﬁeri
878 656 1151 712 videmus.
1184 655 1340 711 Multi
1364 658 1510 712 enim
1539 657 1611 713 ab
1644 671 1757 712 uno
1790 672 1977 713 sacer-

387 750 516 807 dote
561 741 865 821 baptizati,
921 748 1017 804 alii
1069 764 1287 805 summo
1308 748 1595 806 sacerdote
1630 748 1975 816 consecrati,

341 858 701 914 .munusque
760 842 1011 898 divinum
1066 842 1434 913 accipientes,
1492 842 1723 898 minime
1778 841 1966 899 dantis

388 936 644 993 minuunt
665 936 923 1008 gratiam,
951 946 1007 991 et
1030 933 1135 1007 ipsi
1157 934 1361 990 donum
1386 935 1649 991 eximium
1673 934 1970 1005 accipiunt.

388 1027 506 1085 lloc
537 1037 772 1086 testatur
797 1029 914 1100 ipse
948 1027 1215 1084 Dominus
1249 1026 1396 1083 servi
1426 1028 1512 1084 sui
1542 1026 1830 1100 suﬂragio,
1882 1026 1973 1085 cui

386 1123 565 1180 dixit:
602 1141 622 1176 ι
657 1122 945 1195 Congrega
973 1135 1115 1193 quos
1144 1128 1204 1176 tu
1232 1119 1402 1175 nosti.
1433 1138 1452 1172 ι

457 1406 788 1475 ΟΠᾹΞΞἸΊΟ
824 1406 1173 1473 CCLXXVII.
1206 1405 1398 1481 [CoisL
1434 1405 1686 1476 CCXCll,
1713 1408 1885 1466 Taur.

1006 1500 1362 1573 CCLxxxu

387 1593 497 1650 Cur
546 1594 929 1666 prwscripserit
966 1593 1104 1666 Deus
1138 1594 1813 1666 factiosorumqthuribula
1865 1596 1971 1650 cir-

754 1663 877 1719 cum
938 1663 1110 1719 altare
1141 1663 1422 1719 distribui
1463 1664 1627 1736 (76)?

2077 381 2147 451 τῇ
2178 378 2358 451 χρείᾳ,
2382 377 2543 433 τοῦτο
2569 377 2680 448 ἔφη
2706 392 2722 409 °
2753 376 2836 431 ὅτι
2868 375 2977 447 γὰρ
3006 376 3103 430 καὶ
3145 377 3263 440 τοῖς
3293 374 3672 448 ἐϐδομήκοντα

2078 471 2225 536 δοὺς,
2272 472 2374 526 ούκ
2423 470 2660 542 ἐμείωσε
2684 469 2875 525 τούτου
2908 469 3009 542 τὴν
3040 467 3226 541 χάριν,
3254 468 3325 523 τά
3364 470 3669 539 πράγματα

2083 564 2394 636 μαρτυρεῖ*
2424 564 2492 618 τά
2522 562 2663 617 αὐτὰ
2689 562 2801 635 γὰρ
2844 561 2943 616 καὶ
2969 561 3275 631 οἱκονομῶν
3314 563 3411 615 καὶ
3457 561 3671 632 θαυμαο

2075 669 2170 707 του
2177 654 2326 725 ργῶν
2346 653 2573 708 διετέλει
2592 653 2629 709 ἆ
2654 655 2751 708 καὶ
2775 654 3043 727 πρότερον
3060 666 3077 684 ⁶
3102 652 3262 708 τοῦτο
3289 654 3384 707 καὶ
3416 653 3511 708 νῦν
3532 656 3673 727 ὁρῶο

2079 762 2184 818 μεν
2203 746 2490 818 γινόμενον
2510 764 2524 779 ο
2549 747 2735 802 πολλοὶ
2756 749 2865 818 γὰρ
2889 747 2994 802 ὑπὸ
3016 745 3137 810 ἐνὸς
3159 746 3450 817 ἀνθρώπου
3479 749 3675 819 ἱερέως

2078 837 2488 911 βαπτιζόμενοι,
2522 840 2674 896 ἄλλοι
2708 840 2765 894 δὲ
2810 840 2963 912 παρὰ
2994 838 3302 912 ἀρχιερέως
3328 838 3670 911 χειροτονούο

2080 948 2254 1001 μενοι,
2282 933 2377 986 καὶ
2407 932 2508 1005 τὴν
2537 933 2690 987 θείαν
2710 932 2995 1004 δεχόμενοι
3018 932 3253 1003 δωρεὰν,
3281 932 3405 986 οὔτε
3438 931 3673 1003 σμικρύ-

2076 1041 2229 1079 νουσι
2249 1026 2345 1079 τοῦ
2380 1026 2703 1097 μεταδόντος
2726 1026 2829 1097 τὴν
2849 1025 3034 1097 χάριν,
3061 1026 3159 1079 καὶ
3188 1027 3345 1079 αὐτοὶ
3368 1026 3431 1080 τὸ
3462 1024 3675 1078 τέλειον

2072 1115 2354 1187 δέχονται·
2390 1117 2791 1191 μεμαρτύρηκε
2830 1117 3018 1189 μέντοι
3061 1119 3091 1171 δ
3124 1118 3407 1189 Δεσπότης
3470 1115 3569 1169 καὶ
3601 1118 3675 1185 τῇ

2072 1208 2169 1262 τοῦ
2192 1208 2525 1281 θεράποντος
2583 1212 2757 1284 ψήφῳ
2784 1226 2800 1242 ο
2826 1212 2932 1284 ἐφη
2964 1212 3074 1281 γὰρ
3120 1209 3301 1281 αὐτῷ’
3341 1228 3365 1263 ι
3409 1206 3674 1272 Ἕκλεξαι

2074 1298 2170 1365 οὓς
2200 1298 2369 1370 οἶδας.
2407 1322 2428 1357 ι

2601 1416 2944 1474 ΕΡΩΊἮΣΙΣ
2983 1411 3149 1471 ΣΟΖ’.

2078 1598 2241 1652 Διατί
2293 1594 2674 1665 προσέταξεν
2699 1596 2733 1650 ὀ
2780 1593 2927 1660 Θεὸς
2987 1591 3082 1665 τὰΔ
3110 1588 3233 1645 τῶν
3278 1588 3680 1665 στασιαστῶν

2184 1660 2401 1737 πυρεῖα
2421 1666 2502 1733 τῷ
2514 1660 2927 1734 θυσιαστηρίῳ
2946 1661 3227 1733 γενέσθαι
3247 1660 3568 1731 περίθεμαὶ

946 1777 1082 1828 Edita
1110 1791 1139 1828 a
1171 1776 1297 1828 Malo
1330 1776 1387 1842 (l.
1421 1791 1466 1829 c.
1499 1792 1551 1842 p.
1585 1778 1697 1840 158,
1732 1778 1843 1841 159,
1874 1794 1923 1843 q.
1946 1780 2081 1845 287).
2114 1807 2177 1817 —
2213 1781 2507 1845 Explanatio
2533 1781 2583 1830 in
2607 1779 2753 1830 Num.
2787 1791 2889 1840 xvr,
2917 1778 2977 1827 57
3000 1788 3110 1838 seq.

465 1858 535 1917 Ut
560 1866 885 1931 coargueret
919 1868 1126 1915 temere
1157 1861 1428 1919 adversus
1472 1862 1840 1919 sacerdotium
1888 1864 1977 1919 in-

385 1960 577 2023 cepta,
640 1967 848 2024 eosque
911 1951 1268 2008 conﬁrmaret
1349 1954 1444 2025 qui
1517 1955 1693 2012 sacris
1752 1971 1977 2026 operam

387 2046 613 2101 dabant.
644 2043 761 2101 Hoc
785 2045 931 2100 enim
954 2045 1130 2100 edixit
1161 2064 1175 2100 :
1206 2064 1225 2098 ι
1253 2045 1558 2102 Commone
1584 2047 1725 2104 ﬁlios
1748 2048 1972 2115 Israel,»

387 2147 444 2193 et
476 2137 711 2208 reliqua.
743 2136 1113 2204 Quamobrem
1146 2139 1516 2209 germinatam
1553 2139 1736 2193 Aaron
1768 2140 1978 2211 virgam

390 2228 651 2285 collocari
706 2229 762 2283 in
819 2244 947 2283 arca
992 2229 1273 2300 praecepit,
1322 2240 1378 2286 et
1425 2245 1620 2285 rursus
1665 2232 1979 2288 sacerdotes

390 2337 549 2377 sacra
576 2320 779 2385 facere,
813 2330 868 2376 et
892 2320 1112 2377 Levitas
1142 2322 1222 2377 eis
1272 2321 1721 2387 subministrare,
1764 2335 1866 2377 nec
1908 2321 1978 2377 ad

391 2417 587 2482 altare,
626 2430 732 2470 nec
762 2414 831 2470 ad
862 2429 1022 2470 sacra
1068 2414 1335 2470 accedere
1369 2430 1523 2472 vasa.
1565 2414 1774 2472 Deinde
1819 2414 1980 2472 docet

391 2522 516 2578 quae
574 2505 956 2564 sacerdotibus
997 2506 1146 2563 dono
1194 2507 1478 2564 darentur.
1539 2508 1769 2566 Oblatas
1826 2509 1978 2565 enim

392 2599 669 2672 primitias
696 2598 879 2670 panis,
915 2606 971 2655 et
1002 2598 1142 2667 vini,
1170 2608 1228 2655 et
1256 2600 1386 2667 olei,
1418 2608 1471 2655 et
1504 2600 1612 2656 cibi
1660 2615 1757 2658 eos
1794 2615 1982 2658 come-

393 2692 525 2749 dere
589 2691 969 2764 praescripsit,
1029 2700 1085 2747 et
1140 2692 1247 2748 alia
1320 2708 1664 2765 qumcunque
1724 2692 1981 2751 donaria.

396 2786 708 2857 Posteaque
756 2784 1053 2842 decrevit:
1108 2804 1128 2838 ι
1158 2784 1270 2841 Pro
1329 2787 1698 2859 primogenito
1751 2788 1987 2843 immun-

397 2879 596 2935 dorum
669 2878 997 2935 animalium
1067 2880 1311 2950 pretium
1372 2895 1495 2936 esse
1564 2880 1717 2936 siclis
1772 2881 1986 2950 argenti

396 2970 667 3040 quinque,
698 2971 946 3041 pondere
972 2969 1301 3039 sanctuarii,
1333 2970 1505 3026 siclus
1558 2971 1753 3041 viginti
1792 2972 1986 3028 obolos

2152 1867 2248 1930 Είς
2274 1866 2496 1936 ἔλεγχον
2523 1863 2632 1917 τῶν
2677 1864 2818 1918 κατὰ
2849 1864 2949 1936 τῆς
2990 1862 3296 1934 ἱερωσύνης
3331 1860 3681 1933 Θρασυνομέ-

2079 1976 2207 2021 νων,
2260 1958 2357 2012 καὶ
2408 1958 2705 2029 βεϐαίωσιν
2757 1955 2869 2009 τῶν
2924 1956 3233 2027 ἱερουργεῖν
3279 1953 3639 2025 τεταγμένων
3664 1970 3678 1981 ’

2078 2045 2239 2099 τοῦτο
2305 2044 2416 2118 γὰρ
2485 2046 2737 2117 ἐπήγαγε
2768 2059 2784 2074 θ
2850 2062 2871 2098 ι
2934 2044 3302 2116 Μνημόσυνον
3367 2046 3485 2107 τοῖς
3539 2045 3683 2107 υἱοῖς

2092 2140 2309 2213 Ἰσραὴλ
2335 2182 2351 2206 ,
2389 2159 2410 2192 ι
2438 2142 2534 2194 καὶ
2563 2137 2724 2210 ἐξῆςσ
2755 2136 2950 2193 τούτου
2991 2138 3155 2210 χάριν
3186 2136 3282 2192 καὶ
3300 2134 3401 2209 τὴν
3436 2136 3684 2207 βλαστή-

2082 2251 2257 2289 σασαν
2284 2232 2380 2288 τοῦ
2434 2231 2647 2305 Ἀαρὼν
2682 2231 2883 2304 ῥάϐδον
2934 2230 3220 2303 ἐντεθῆναι
3270 2228 3580 2302 προσέταξε
3613 2231 3682 2302 τῇ

2082 2325 2335 2397 κιϐωτῷο
2385 2324 2482 2381 καὶ
2526 2326 2690 2380 πάλιν
2746 2322 3112 2394 ἐνομοθέτησε
3162 2322 3292 2386 τοὺς
3336 2322 3437 2393 μὲν
3489 2321 3682 2393 ἱερέας

2085 2419 2415 2491 ἱερουργεῖν,
2458 2418 2587 2482 τοὺς
2628 2416 2687 2471 δὲ
2732 2416 2966 2480 Λευῖτας
3020 2414 3357 2485 ὑπουργεῖν,
3408 2416 3552 2487 μήτε
3604 2413 3681 2485 τῷ

2084 2512 2459 2584 θυσιαστηρίῳ
2500 2512 2637 2583 μήτε
2658 2511 2771 2576 τοῖς
2808 2510 2974 2582 ἱεροῖς
3003 2508 3343 2574 πελάζοντας
3380 2508 3642 2562 σκεύεσιν
3662 2523 3680 2539 ⁸

2083 2601 2202 2659 εἶτα
2216 2606 2458 2660 διδάσκει
2480 2606 2575 2658 καὶ
2592 2604 2712 2659 τίνα
2732 2604 2840 2676 χρὴ
2858 2603 2987 2668 τοὺς
3018 2603 3202 2675 ἱερέας
3222 2603 3524 2676 λαμϐάνειν
3544 2620 3558 2632 ο
3580 2603 3686 2668 τὰς

2084 2698 2193 2768 γάρ
2227 2697 2378 2769 αύτῷ
2426 2696 2881 2769 προσφερομένας
2912 2698 3170 2769 ἀπαρχὰς
3212 2696 3361 2750 σίτου
3392 2697 3489 2750 καὶ
3532 2696 3684 2749 οίνου

2085 2790 2182 2843 καὶ
2229 2789 2411 2844 ἐλαίου
2444 2791 2539 2843 καὶ
2594 2790 2798 2862 ἄρτων,
2840 2789 3039 2854 αὐτοὺς
3094 2789 3296 2843 ἐσθίειν
3348 2787 3685 2861 προσέταξε,

2086 2880 2183 2936 καὶ
2231 2881 2417 2953 μέντοι
2478 2882 2579 2934 καὶ
2616 2881 2687 2934 τά
2718 2880 3052 2951 ἀναθήματα
3090 2880 3185 2935 καὶ
3233 2879 3306 2934 τὰ
3354 2881 3687 2950 πρωτότοκα

2087 2973 2199 3027 τῶν
2228 2973 2329 3045 μὲν
2359 2972 2689 3043 ἀκαθάρτων
2725 2971 2944 3044 κτηνῶν
2974 2972 3187 3043 ὁρίσας,
3225 2970 3296 3026 τά
3323 2970 3484 3042 λίτρα
3518 2971 3687 3025 πέντε

400 3064 600 3131 habet;
678 3064 1012 3120 mundorum
1079 3078 1211 3119 vero
1271 3061 1598 3118 animalium
1660 3064 1984 3135 sanguinem

2090 3065 2290 3119 σίκλων
2320 3064 2551 3119 ἕκαστον
2577 3065 2720 3119 κατὰ
2757 3065 2849 3119 τὸν
2881 3064 3064 3119 σίκλον
3104 3065 3197 3119 τὸν
3224 3064 3403 3135 ἅγιον,
3440 3066 3499 3128 ὃς
3529 3067 3686 3117 ἐστιν

399 3162 616 3213 tantum
650 3171 844 3212 eorum
888 3155 1121 3212 fundere
1152 3171 1321 3228 super
1349 3155 1526 3211 altare
1559 3164 1616 3212 et
1639 3154 1878 3211 farinam
1903 3156 1984 3213 of-

2091 3158 2266 3213 εἱκοσι
2294 3156 2469 3211 ὀϐολοί
2490 3174 2517 3188 ον
2535 3157 2646 3211 τῶν
2670 3156 2729 3211 δέ
2754 3156 3012 3229 καθαρῶν
3049 3158 3415 3227 πρωτοτόκων
3442 3158 3602 3223 ζώων
3625 3157 3688 3209 cs

401 3244 567 3311 ferre,
604 3253 661 3300 et
687 3244 758 3301 ab
796 3244 905 3301 illis
935 3258 1131 3301 carnes
1162 3242 1360 3313 accipi.
1413 3240 1570 3299 Sicut
1612 3244 1990 3314 pectusculum

402 3344 813 3405 consecratum,
844 3344 901 3393 et
927 3352 1118 3394 armus
1144 3336 1359 3403 dexter,
1409 3345 1503 3394 tua
1527 3344 1691 3392 erunt
1715 3336 1801 3393 “.‘
1824 3354 1844 3390 ι
1873 3335 1992 3395 Hoc

400 3425 583 3483 finitus
614 3434 835 3497 pactum
863 3426 994 3484 salis
1023 3426 1340 3503 appellavit,
1361 3429 1647 3501 quoniam,
1682 3428 1991 3486 secundum

401 3521 591 3577 divum
640 3520 996 3592 Apostolum,
1050 3538 1071 3575 ι
1104 3521 1211 3588 Qui
1262 3522 1425 3579 altari
1477 3523 1815 3590 deserviunt,
1862 3538 1991 3579 cum

404 3614 569 3671 altari
592 3614 925 3687 participant
940 3615 1008 3669 ἰι
1037 3633 1057 3669 ι
1080 3614 1127 3672 Α
1152 3615 1483 3688 quibusdam
1503 3631 1725 3689 quoque
1747 3616 1988 3673 dicitur:

403 3706 712 3778 Postquam
743 3707 799 3763 in
842 3706 1101 3763 victimas
1133 3708 1313 3780 spargi
1348 3708 1431 3765 sal
1462 3709 1819 3780 praescripsit,
1872 3718 1989 3764 tum

403 3800 649 3856 edixitet
672 3800 988 3856 sacerdotes
1015 3810 1069 3855 et
1088 3798 1309 3856 Levitas
1334 3815 1525 3857 omnes
1549 3801 1792 3857 decimas
1812 3801 1992 3857 Israe-

404 3893 476 3949 lis
511 3894 568 3948 in
608 3893 1023 3965 possessionem.
1046 3892 1352 3959 habituros,
1382 3903 1439 3949 et
1468 3894 1712 3950 decimas
1740 3894 1882 3949 lucri
1922 3909 1992 3949 ex

404 3985 626 4051 ovibus,
669 3993 726 4041 et
751 4000 819 4041 ex
844 3984 1045 4050 bobus,
1078 3996 1131 4042 et
1181 4001 1254 4042 ex
1286 3996 1618 4053 mercatura,
1660 3997 1717 4043 et
1771 4003 1838 4043 ex
1882 3988 1993 4044 alio

405 4090 739 4150 quocunque
782 4075 961 4132 lucro.
996 4074 1261 4147 Praecepit
1307 4091 1532 4148 quoque
1580 4075 1797 4135 Levitas
1837 4092 1869 4133 e
1895 4077 1994 4133 de~

407 4169 570 4227 cimis
616 4168 860 4226 decimas
903 4166 1103 4224 otl‘erre
1154 4168 1549 4226 sacerdotibus.
1597 4166 1760 4224 Jubct
1805 4183 1994 4225 sacer-

409 4259 569 4316 dotes
596 4260 859 4316 omnibus
886 4258 1026 4316 locis
1067 4258 1265 4315 harum
1299 4274 1486 4316 rerum
1518 4258 1636 4315 ﬁeri
1668 4259 1989 4331 participes,

409 4350 658 4421 ipsisque
678 4350 953 4423 sepositas
979 4350 1288 4408 hostiarum
1322 4358 1509 4422 partes
1539 4351 1689 4408 intus
1711 4352 1767 4407 in
1792 4353 1994 4425 templo

408 4443 717 4499 comedere.
777 4442 1056 4514 Vocatque
1101 4443 1347 4500 decimas
1386 4462 1406 4496 ι
1448 4441 1690 4499 Pretium
1744 4460 1846 4514 pro
1891 4445 1994 4500 mi-

410 4533 643 4589 nisterio
695 4549 806 4603 quo
864 4535 1067 4605 populo
1110 4534 1357 4590 serviunt
1381 4534 1464 4602 5';
1507 4554 1526 4589 ι
1556 4535 1751 4602 vobis,
1779 4536 1990 4608 inquit,

407 4623 832 4690 tedilicantibus,
879 4625 965 4681 vel
1021 4626 1420 4692 mercantibus,
1473 4626 1561 4681 vel
1609 4627 1758 4682 domi
1805 4629 1994 4684 viven-

409 4716 586 4781 tibus,
618 4716 696 4771 illi
726 4732 827 4787 pro
850 4714 1009 4771 vobis
1032 4716 1291 4771 omnibus
1312 4715 1506 4770 sedulo
1536 4730 1659 4772 meo
1685 4717 1996 4774 ministerio

410 4807 679 4862 serviunt.
711 4805 823 4863 Hoc
845 4821 1067 4877 quoque
1091 4806 1263 4862 dicit:
1303 4824 1321 4858 ι
1350 4805 1491 4873 Quia
1519 4806 1757 4877 pretium
1788 4817 1871 4864 est
1892 4824 1993 4880 pro

409 4898 721 4955 ministerio
747 4899 790 4932 ³⁷
829 4916 873 4971 η
898 4898 1044 4970 quod
1078 4897 1355 4970 praestatis
1408 4899 1464 4954 in
1512 4898 1865 4956 tabernaculo
1914 4909 1996 4958 te-

408 4989 673 5048 stimonii.

2095 3251 2195 3323 μὲν
2220 3243 2361 3321 αἷμα
2408 3250 2702 3322 ὲκχεθῆναι
2749 3249 2901 3321 παρὰ
2921 3249 3022 3322 τὴν
3062 3250 3158 3305 τοῦ
3189 3250 3551 3321 θυσιατηρίου
3583 3250 3685 3320 βάκ

2093 3358 2201 3408 σιν,
2236 3342 2297 3396 τὸ
2324 3342 2382 3397 δὲ
2432 3343 2600 3415 στέαρ
2629 3341 3083 3414 προσενεχθῆναι,
3114 3342 3184 3396 τὰ
3213 3343 3271 3398 δὲ
3315 3344 3452 3413 κρέα
3484 3344 3689 3407 αὐτοὺς

2091 3435 2394 3508 λαμϐάνειν
2417 3454 2433 3469 ·
2463 3435 2653 3509 ὥσπερ
2686 3436 2751 3508 δὴ
2772 3436 2832 3490 τὸ
2868 3435 3156 3507 στηθύνιον
3178 3436 3275 3490 καὶ
3301 3436 3393 3489 τὸν
3418 3436 3689 3507 βραχίονα

2093 3529 2204 3585 ἀπὸ
2229 3528 2339 3583 τῶν
2383 3528 2564 3585 ἄλλων
2611 3527 2872 3599 θυμάτων
2918 3527 3274 3599 κομίζονται·
3311 3525 3584 3599 διαθήκην
3630 3527 3689 3580 δὲ

2091 3621 2221 3686 ἁλὸς
2248 3621 2348 3693 τὴν
2373 3620 2664 3676 κοινωνίαν
2683 3621 2944 3677 ἐκάλεσεν
2964 3616 2993 3651 ·’
3009 3620 3218 3692 ἐπειδὴ,
3251 3620 3391 3674 κατὰ
3416 3620 3511 3673 τὸν
3540 3619 3689 3672 θεῖον

2106 3712 2452 3777 Ἀπόστολον,
2483 3731 2503 3766 ι
2536 3714 2600 3766 Οἱ
2645 3712 2724 3783 τῷ
2770 3712 3146 3784 θυσιαστηρίῳ
3190 3711 3686 3784 προσεδρεύοντες,

2092 3804 2171 3876 τῷ
2217 3803 2590 3875 θυσιαστηρίῳ
2629 3803 3095 3874 συμμερίςονται·
3138 3821 3158 3855 ι
3196 3803 3340 3866 τινὲς
3387 3801 3443 3855 δέ
3492 3818 3685 3868 φασιν,

2093 3895 2283 3968 ἐπειδὴ
2318 3898 2441 3960 ταῖς
2469 3894 2684 3959 θυσίαις
2731 3894 3125 3950 ἐπιϐάλλεσθαι
3153 3896 3283 3958 τοὺς
3320 3895 3454 3958 άλας
3484 3894 3688 3964 προσέο

2092 3986 2277 4053 ταξεν,
2305 3984 2425 4041 εἷτα
2446 3987 2688 4043 διδάσκει
2707 3988 2804 4041 καὶ
2825 3988 2955 4052 τοὺς
2979 3988 3162 4059 ἱερέας
3187 3986 3428 4050 καὶτοὺς
3450 3986 3691 4049 Aesim;

2094 4081 2188 4135 καὶ
2215 4080 2326 4134 τῶν
2354 4079 2464 4133 ἀπὸ
2501 4081 2604 4151 γῆς
2633 4080 2920 4151 φυομένων
2952 4081 3051 4145 τὰς
3083 4079 3335 4143 δεκάτας,
3368 4081 3461 4133 καὶ
3484 4079 3598 4131 τῶν
3623 4080 3691 4131 ὲκ

2093 4172 2366 4243 ποιμνίων
2384 4170 2481 4225 καὶ
2509 4172 2811 4243 βουκολίων
2850 4171 3305 4244 προσγενομένων
3332 4169 3565 4241 κερδῶν,
3589 4170 3688 4225 καὶ

2093 4264 2204 4319 τῶν
2234 4262 2296 4329 ἐξ
2344 4264 2618 4337 ἐμπορίας
2648 4264 2746 4319 καὶ⁹
2793 4264 2989 4338 ἐτέρας
3013 4263 3162 4327 τινος
3204 4262 3396 4335 χρείας
3416 4279 3430 4294 ·
3464 4262 3593 4325 τοὺς
3625 4262 3685 4315 δὲ

2096 4356 2329 4421 Λευὶτας
2368 4354 2477 4410 τῶν
2507 4355 2751 4413 δεκατῶν
2783 4357 2884 4422 τὰς
2924 4357 3159 4421 δεκάτας
3204 4355 3535 4427 προσφέρειν
3568 4356 3686 4418 10";

2098 4448 2338 4520 ἱερεῦσι·
2366 4449 2463 4503 καὶ
2490 4448 2697 4504 τούτων
2739 4448 2839 4521 μὲν
2864 4453 2923 4505 ἐν
2954 4451 3120 4504 παντὶ
3152 4450 3303 4521 τόπῳ
3338 4448 3551 4502 κελεύει
3584 4465 3685 4519 με-

2095 4540 2456 4612 ταλαγχάνειν
2480 4556 2497 4575 ⁸
2531 4540 2602 4595 τὰ
2642 4542 2702 4595 δέ
2736 4560 2800 4613 γε
2842 4544 2909 4597 ἐκ
2938 4542 3049 4598 τῶν
3076 4543 3279 4598 θυσιῶν
3322 4543 3689 4612 ἀφωρισμένα

2091 4631 2295 4699 αὐτοῖς,
2331 4631 2478 4687 ἔνδον
2526 4631 2727 4687 ἐσθίειν
2770 4633 2832 4686 ἐν
2868 4632 2947 4704 τῷ
2977 4632 3125 4705 ναῷ·
3158 4633 3314 4686 καλεῖ
3361 4633 3420 4686 δὲ
3465 4632 3564 4687 καὶ
3590 4634 3691 4695 τὰς

2089 4727 2324 4792 δεκάτας
2357 4746 2377 4780 ι
2406 4727 2614 4782 Μισθὺν
2634 4729 2711 4792 εἰς
2734 4728 2835 4800 τὴν
2858 4728 2955 4783 τοῦ
2981 4728 3112 4783 λαοῦ
3141 4728 3409 4799 ὠφέλειαν
3431 4744 3445 4758 ·
3484 4746 3503 4779 ι
3529 4724 3694 4797 ὑμῶν

2091 4819 2223 4891 γάρ,
2270 4818 2460 4890 φησὶν,
2490 4820 2918 4891 οἱκοδομούντων
2948 4820 3513 4893 ἢέμπορευομένωνῆ
3544 4820 3691 4873 οἴκοι

2092 4908 2414 4979 διαγόντων,
2460 4903 2607 4965 οὗτοι
2650 4911 2772 4966 ἀντὶ
2817 4911 3041 4966 πάντων
3086 4910 3239 4982 ὑμῶν
3266 4915 3331 4981 τῇ
3364 4912 3472 4980 ἐμῇ
3514 4925 3692 4980 προσ-

2104 5000 2387 5073 εδρεύουσι
2437 5000 2780 5076 λειτουργίᾳο
2812 5004 2973 5059 τοῦτο
2998 5004 3107 5077 γὰρ
3122 5003 3227 5075 ἔφη
3250 5021 3263 5034 ·
3302 5022 3322 5056 ι
3360 5004 3443 5056 ὃτι
3495 5000 3694 5071 μισθὸς

2105 5091 2261 5164 ύμῶν
2290 5084 2446 5171 οὗτός
2489 5094 2659 5160 ἐστιν,
2693 5095 2849 5149 »ἀντὶ
2868 5095 2977 5151 τῶν
3006 5094 3361 5168 λειτουργιῶν
3390 5092 3547 5165 ὑμῶν
3579 5091 3692 5147 τῶν

2106 5185 2166 5237 ἐν
2188 5186 2254 5257 τῇ
2290 5186 2465 5257 σκηνῇ
2496 5184 2591 5241 τοῦ
2621 5187 2942 5261 μαρτυρίου.

505 5378 555 5413 ⁸⁵
585 5377 746 5434 Num.
781 5394 863 5444 ιιι,
886 5354 987 5436 47.
1018 5378 1066 5413 ⁸⁸
1098 5377 1116 5434 l
1144 5380 1275 5438 Cor.
1317 5396 1395 5448 ix,
1429 5382 1519 5439 l5.
1592 5382 1639 5417 ⁸⁸
1672 5380 1837 5440 Νιιιη.
1871 5399 1981 5441 xvii

2088 5390 2115 5440 ε.
2190 5387 2236 5420 ⁸⁷
2273 5386 2405 5445 ibid.
2438 5388 2492 5447 3.

1932 5562 2161 5621 NOTAE.

494 5677 609 5745 (76)
633 5674 728 5733 Est
754 5675 1085 5735 Tlicodorcti
1115 5673 1260 5733 fctus
1280 5691 1335 5745 ιι.
1367 5675 1435 5732 54
1460 5674 1513 5730 in
1540 5675 1703 5730 Num.
