3902 6212
162 196 323 263 1109

699 334 1034 390 ΕΡΩἸῊΣΙΣ
1075 335 1240 393 ΣΟΙΡ.

276 504 524 585 δήποτε
544 508 811 585 ὠργιξσρη
851 509 940 585 τῷΔ
974 514 1219 585 Μωρσεῖ
1239 513 1335 566 καὶ
1361 514 1440 580 τῷ
1486 516 1712 585 Ἀσρων
1739 520 1772 572 ὁ

211 579 390 644 Θεῦς,
419 578 605 644 ἡνίκα
635 580 701 632 τὸ
730 580 888 649 ὕδωρ
915 582 985 636 ἐκ
1018 582 1124 651 τῆς
1156 585 1376 653 πέτρας
1397 578 1732 658 ἐξήγαγεν;

823 202 926 265 ΑΙ)
957 204 1550 271 AMPHILOCHIUM
1581 211 1930 284 QUAESTIO
1963 219 2672 286 CCLXXVII-CCLXXX.

3324 221 3460 289 1110

1798 327 1849 388 A
1928 330 2256 398 QUESTIO
2294 333 2640 389 CCLXXVIII
2680 333 2866 406 [CoisL
2929 334 3200 392 CCXCIII.
3249 336 3413 393 Taur.

2473 427 2852 499 chxxxu].

1949 520 2061 574 Cur
2090 521 2219 593 olim
2253 522 2426 593 iratus
2476 523 2547 574 sit
2601 532 2787 574 contra
2839 520 3057 593 Moysen
3100 532 3149 576 et
3208 522 3388 577 Aaron

2119 591 2261 645 Deus
2303 591 2414 662 (77)
2433 606 2553 644 cum
2578 608 2770 664 aquam
2797 608 2824 647 e
2863 591 2994 648 sacro
3017 594 3220 648 eduxit.

1045 699 1186 750 Edita
1218 715 1246 750 a
1278 701 1405 752 Maio
1437 704 1494 767 (Ι.
1528 717 1569 754 c.
1603 706 1785 768 p.139,
1817 720 1867 770 q.
1890 706 2026 767 288).
2051 732 2114 742 —
2143 705 2197 755 In
2222 704 2366 754 Num.
2402 719 2488 765 xx,
2523 704 2599 755 12.

265 775 598 848 Ἀθυμοῦσιν
631 778 818 842 αὐτοῖς
845 779 934 834 διά
970 783 1073 853 τὴν
1101 786 1200 854 τῆς
1229 785 1467 858 ἀδελφῆς
1489 788 1771 860 τελευτὴν,

171 869 474 923 ἐπέκειντο
504 871 687 934 αὐτοῖς
719 872 746 924 6
774 872 901 936 λαὸς
929 873 1018 928 διά
1047 875 1150 946 τὴν
1179 877 1276 930 τοῦ
1303 877 1500 941 ὓδατος
1539 880 1735 934 σπάνιν
1759 896 1774 910 ⁶

170 963 634 1035 δυσχεραίνοντες
682 961 778 1018 οὖν
829 965 930 1038 τὴν
986 966 1188 1040 πολλὴν
1243 970 1424 1025 αὐτῶν
1478 973 1774 1042 ἀκρασίαν,

173 1058 513 1129 ἀμφιϐόλοις
558 1060 865 1130 ἐχρήσαντο
909 1062 1153 1132 ῥήμασιν
1188 1064 1250 1117 τὸ
1281 1065 1427 1137 ὕδωρ
1480 1066 1777 1136 ἐξαγαγόν-

171 1168 277 1214 τες
305 1167 320 1182 ·
355 1151 458 1223 ἔφη
489 1151 599 1222 γάρ
619 1168 633 1182 ·
676 1171 695 1203 ι
742 1152 1041 1207 Ἀκούσατέ
1070 1173 1194 1226 μου,
1226 1159 1274 1210 οἱ
1306 1156 1577 1222 ἀπειθεῖς,
1612 1159 1686 1228 μὴ
1709 1161 1775 1212 ἐκ

173 1243 286 1311 τῆς
311 1246 523 1314 πέτρας
555 1245 757 1316 ταύτης
789 1245 965 1313 ἐξάξω
1003 1247 1131 1318 ύμῖν
1161 1248 1344 1321 ύδωρ;
1393 1269 1412 1303 ι
1451 1251 1612 1304 τοῦτο
1641 1250 1774 1318 γοῦν

173 1335 208 1386 6
240 1332 378 1396 Θεὸς
409 1333 543 1405 ἔφη·
572 1353 592 1386 t
630 1337 752 1389 Ὀτι
784 1339 886 1390 οὐκ
918 1339 1281 1392 ἐπιστεύσατέ
1313 1359 1406 1411 μοι
1440 1343 1666 1410 ἁγιάσαι
1706 1359 1774 1412 με

175 1426 434 1481 ἐναντίον
477 1427 586 1481 τῶν
622 1429 754 1482 υἱῶν
794 1428 1032 1502 Ἰσραὴλ,
1075 1431 1162 1485 διὰ
1189 1432 1350 1486 τοῦτο
1379 1435 1480 1488 ούκ
1527 1435 1774 1500 εἰσάξετε

177 1519 349 1587 ὑμεῖς
382 1520 483 1591 τήν
515 1523 842 1591 συναγωγὴν
872 1522 1077 1594 ταύτην
1104 1526 1184 1587 εἰς
1229 1527 1329 1597 τὴν
1366 1527 1470 1596 γῆν
1499 1528 1566 1598 ἣν
1597 1528 1774 1581 ἔδωκα

1953 792 2090 847 Cum
2138 790 2323 845 animo
2371 790 2684 854 deﬁcerent,
2719 798 2936 846 mortua
2963 803 3173 855 sorore,
3224 791 3306 845 eis
3337 803 3465 858 pro-

1878 892 2000 954 pter
2051 897 2207 953 aquas
2265 882 2555 952 penuriam
2611 881 2922 935 minabatur
2979 880 3233 951 populus.
3297 879 3464 952 IEgre

1876 978 2044 1048 igitur
2064 978 2303 1038 ferentes
2351 991 2573 1046 pravam
2606 974 2728 1044 ejus
2755 975 2996 1030 indolem
3019 1016 3035 1042 ,
3067 973 3248 1029 verbis
3297 973 3464 1027 ambi-

1876 1071 2001 1143 guis
2026 1071 2111 1126 usi
2156 1079 2306 1134 sunt,
2339 1083 2465 1124 cum
2493 1082 2690 1138 aquam
2718 1066 3032 1122 educerem.
3071 1067 3348 1136 Scriptum
3383 1073 3468 1121 est

1882 1162 2078 1218 enim:
2137 1179 2156 1212 ι
2193 1158 2417 1226 Audite,
2473 1159 2707 1214 rebelles
2751 1168 2804 1213 et
2857 1157 3144 1222 increduli,
3210 1173 3340 1211 num
3399 1157 3467 1212 de

1882 1264 2038 1324 petra
2095 1252 2200 1306 hac
2252 1251 2406 1304 vobis
2451 1264 2648 1319 aquam
2715 1249 3019 1320 poterimus
3059 1247 3262 1318 ejicere
3307 1247 3388 1300 3"?
3440 1263 3460 1298 ι

1883 1347 1998 1402 Ηοο
2049 1346 2218 1415 igitur
2263 1345 2402 1399 dixit
2444 1343 2585 1399 Deus
2644 1360 2658 1395 :
2717 1360 2736 1394 ι
2798 1341 2939 1408 Quia
2992 1355 3103 1396 non
3157 1337 3466 1395 credidistis

1884 1439 2017 1494 mihi
2063 1447 2125 1493 ut
2154 1435 2570 1493 sanctilicaretis
2617 1449 2704 1488 me
2733 1449 2921 1488 coram
2971 1433 3098 1488 ﬁliis
3132 1433 3296 1488 Israel
3318 1474 3332 1498 ,
3358 1447 3466 1486 non

1884 1529 2243 1587 introducctis
2295 1529 2397 1583 hos
2444 1527 2678 1597 populos
2733 1526 2789 1579 in
2846 1533 3044 1579 terram
3101 1539 3265 1594 quam
3325 1522 3468 1576 dabo

175 1611 405 1675 αὐτοῖς·
451 1631 470 1665 r
522 1613 683 1667 τοῦτο
732 1616 828 1668 καὶ
883 1617 1050 1670 Δαόίδ
1096 1634 1264 1688 φησι·
1303 1638 1321 1671 ι
1361 1620 1470 1673 Καὶ
1521 1619 1776 1690 ἐκακώθη

1889 1624 1967 1679 eis
1996 1623 2063 1676 δ’.
2100 1639 2118 1673 ι
2179 1620 2297 1675 Hoc
2355 1633 2576 1689 quoque
2620 1617 2754 1672 dicit
2814 1613 3029 1670 David:
3074 1633 3092 1666 ι
3128 1615 3197 1668 Ει
3239 1621 3468 1668 vexatus

176 1705 431 1778 Μωῦσῆς
482 1706 549 1762 δι’
582 1708 804 1777 αὐτοὺς,
839 1730 857 1762 ι
890 1713 984 1764 καὶ
1037 1713 1197 1782 ἑξῆς·
1250 1713 1613 1785 ὀργιζόμενος
1667 1716 1776 1786 γὰρ

179 1799 420 1865 ἐκείνοις
470 1801 788 1873 ἀμφιϐόλως
828 1804 920 1858 τὸν
970 1804 1127 1873 λόγον
1170 1808 1544 1878 προήνεγκεν·
1581 1807 1678 1860 καὶ
1707 1803 1777 1878 ἦν

178 1890 245 1944 οὐ
281 1894 382 1964 τῆς
425 1893 628 1965 ψυχῆς.
653 1895 790 1949 ἀλλὰ
816 1897 915 1966 τῆς
957 1895 1210 1967 γλώσσης
1243 1899 1543 1970 ἀμφιϐολία
1565 1915 1582 1933 ·
1618 1899 1778 1953 τοῦτο

180 1983 297 2055 γάρ
330 1984 468 2057 ἔφη·
507 2006 526 2040 ι
563 1989 675 2042 Καὶ
695 1989 993 2043 διέστειλεν
1019 1991 1078 2043 ὲν
1103 1993 1216 2054 τοῖς
1244 1992 1482 2061 χείλεσιν
1529 1991 1692 2045 αὑτοῦ
1711 2009 1724 2021 ·
1751 2012 1770 2045 ι

187 2076 370 2130 ἰστέον
426 2078 609 2148 μέντοι
637 2081 721 2133 ὄτι
778 2081 966 2152 ἕτερον
997 2081 1298 2152 οἰκονομῶν
1324 2082 1352 2135 6
1392 2083 1526 2147 Θεὸς
1569 2082 1775 2155 ταύτην

183 2167 474 2242 ἐξενήνοχε
506 2171 608 2244 τὴν
632 2174 932 2242 ἀπόφασιν.

707 2289 1049 2344 ΕΡΩΤΗΣΙΣ
1088 2287 1250 2345 ΣΟΘ’.

186 2442 355 2494 Διατί
384 2442 492 2498 τὸν
517 2443 782 2513 οὐρανὸν
814 2443 913 2498 καὶ
957 2446 1073 2518 τὴν
1105 2446 1224 2516 γῆν
1269 2447 1777 2518 διαμαρτύρεσθαι

770 2517 1152 2584 προσετάχθη
1172 2534 1190 2575 .'

1875 1726 1962 1776 est
2013 1715 2232 1788 Moyses
2301 1720 2529 1784 propter
2587 1726 2683 1767 eos
2725 1711 2773 1743 ⁸ο
2829 1730 2893 1778 ι,
2953 1717 3008 1764 et
3064 1708 3295 1777 reliqua.
3356 1703 3465 1758 lrao

1875 1820 1964 1867 tus
2022 1809 2170 1864 enim
2234 1806 2463 1861 dubium
2526 1818 2840 1859 sermonem
2895 1801 3026 1858 fecit
3074 1800 3182 1864 eis,
3233 1807 3288 1854 et
3353 1805 3472 1853 erat

1876 1918 1987 1959 non
2015 1903 2232 1960 animm.
2269 1900 2362 1954 sed
2383 1899 2583 1967 linguae
2617 1895 2927 1962 luesitatio;
2967 1891 3315 1961 adjecitque:
3355 1906 3375 1940 ι
3402 1887 3472 1942 Et

1876 1992 2201 2051 distinxitin
2249 1991 2409 2046 labiis
2456 1991 2595 2053 suis,
2636 2007 2655 2040 ι
2685 1987 2988 2042 notandum
3030 1983 3176 2053 quod
3222 1981 3368 2038 Deus
3398 1977 3469 2036 ad

1883 2088 2032 2144 aliud
2071 2095 2351 2156 spectans,
2383 2083 2525 2138 hanc
2551 2081 2780 2153 protulit
2815 2078 3168 2135 sententiam.

1951 2267 2284 2339 QUIESTIO
2327 2262 2683 2339 cumtum:-
2698 2260 2898 2339 Luget.
2933 2255 3210 2322 ccxcrv,
3237 2255 3404 2310 Taur.

2455 2332 2862 2404 CCLXXXHL]

1886 2434 1998 2492 Cur
2029 2433 2214 2490 curtum
2244 2441 2294 2486 et
2347 2439 2548 2483 terram
2587 2425 2844 2481 obtestari
2886 2422 3073 2492 jussus
3104 2419 3268 2489 fuerit
3310 2415 3474 2489 (78)?

874 2632 1014 2681 Edita
1039 2647 1067 2680 a
1104 2630 1228 2682 Maio
1258 2632 1313 2696 (ι.
1350 2646 1392 2682 c.
1426 2646 1476 2696 p.
1512 2633 1619 2692 139,
1643 2646 1692 2694 q.
1717 2630 1804 2680 289

1889 2653 1918 2666 -
1944 2625 2003 2676 In
2030 2623 2310 2674 Deuteron.
2344 2629 2411 2674 ιγ,
2432 2611 2494 2661 26
2520 2625 2534 2672 ;
2562 2623 2720 2670 xxx",
2746 2607 2794 2658 1.

263 2716 380 2772 Οὐκ
431 2717 624 2790 ἐπειδὴ
660 2717 879 2790 ἔμψυχα
922 2719 1096 2774 ταῦτα
1139 2723 1232 2775 καὶ
1281 2722 1495 2791 λογικά,
1532 2722 1644 2774 ἀλλ’
1695 2721 1778 2775 ὅτι

192 2812 416 2867 πάντων
447 2812 567 2865 ἐστὶ
595 2812 706 2865 τῶν
741 2813 1057 2884 κτισμάτων
1095 2815 1421 2884 περιεκτικά
1443 2831 1459 2847 ·
1494 2814 1653 2867 τοῦτο
1687 2814 1781 2867 καὶ

202 2903 432 2967 Ἡσαΐας
452 2903 481 2955 6
503 2902 790 2974 προφήτης
825 2905 1160 2975 πεποίηκεν·
1204 2923 1223 2956 ι
1264 2906 1464 2959 ’Ἄκουε
1495 2905 1628 2976 γὰρ,
1668 2923 1779 2975 φη-

194 2998 302 3090 σὶν,
321 2996 544 3090 ούρανε,
562 2997 659 3090 καὶ
684 2995 1087 3090 ἑνωτίζου,ᾲγῆ,
1123 3017 1142 3050 ι
1173 2999 1268 3090 καὶ
1293 2998 1420 3090 ἑξῆς
1438 3013 1470 3090 ’Δ
1487 2996 1779 3090 καὶᾼῚερεῗ
1808 3031 1850 3090 c

1963 2713 2081 2769 Non
2112 2709 2241 2781 quia
2274 2707 2392 2761 haec
2438 2710 2570 2758 sunt
2603 2699 2842 2754 animata
2878 2704 2932 2751 et
2962 2693 3177 2749 ratione
3221 2687 3470 2761 prmdita,

1889 2808 1984 2864 sed
2017 2803 2147 2876 quia
2180 2808 2355 2856 totam
2392 2793 2737 2850 creationem
2770 2787 3235 2857 complectuntur.
3274 2781 3391 2837 lloc
3420 2787 3478 2835 et

1889 2898 2062 2954 Isaias
2088 2892 2355 2966 propheta
2383 2887 2533 2948 fecit,
2563 2885 2756 2939 dicens
2787 2899 2830 2935 τι
2865 2879 3088 2941 Audite.
3122 2876 3268 2966 coeli,
3294 2884 3349 2930 et
3378 2889 3478 2928 au-

1889 2990 2042 3045 ribus
2070 2964 2314 3057 percipe,
2349 2988 2494 3035 terra
2523 2977 2630 3040 ",s
2670 2988 2736 3027 ac
2772 2970 3011 3041 reliqua.
3043 2966 3110 3022 Et
3153 2964 3424 3057 Jeremias
3453 2979 3468 3016 ι

197 3053 360 3159 μίας·
390 3053 417 3140 ἰ
468 3053 693 3157 Ἐξέστη
717 3053 1286 3160 οὐρανὸςιὲπίστούτῳ,
1446 3087 1664 3160 ἔφριξεν
1688 3053 1781 3139 ἐπὶ

1891 3098 1909 3132 ι
1933 3053 2340 3144 Obstupescite,
2357 3067 2505 3133 coeli,
2525 3078 2692 3133 super
2717 3063 2845 3127 hoc,
2873 3067 2928 3115 et
2943 3068 3116 3130 porta:
3138 3056 3282 3160 ejus,
3307 3053 3477 3159 deso-

197 3184 363 3240 πλέον
392 3185 425 3255 ἡ
459 3185 552 3255 γή,
577 3183 728 3252 λέγει
766 3183 1004 3255 Κύριος·
1048 3202 1068 3236 ι
1111 3185 1301 3253 ἐπειδὴ
1329 3183 1438 3256 γὰρ
1461 3186 1542 3246 εἰς
1573 3199 1787 3254 μαρτυ-

201 3277 324 3349 ρίαν
352 3276 492 3331 αὐτὰ
522 3277 623 3347 τῆς
659 3277 890 3347 ἀπειλῆς
922 3279 950 3332 6
984 3278 1284 3349 νομοθέτης
1326 3277 1608 3342 ἐκάλεσεν,
1640 3275 1787 3330 εἰκό-

198 3387 310 3433 τως
342 3369 481 3441 μετὰ
502 3368 603 3440 τὴν
632 3368 743 3422 τῶν
774 3371 958 3441 νόμων
1002 3369 1320 3441 παράϐασιν
1350 3370 1444 3423 καὶ
1480 3368 1669 3440 φρίξαι
1697 3367 1788 3419 λέ-

200 3477 358 3529 γεται
382 3461 477 3514 καὶ
501 3460 802 3530 ἐκστῆναι·
836 3462 980 3515 οὕτω
1006 3462 1114 3532 γάρ
1139 3462 1234 3516 καὶ
1266 3460 1461 3515 Ἰακὼῦ
1484 3459 1579 3514 καὶ
1603 3459 1789 3513 Λάδαν

201 3555 296 3608 τὸν
326 3553 555 3626 οὐρανὸν
586 3555 839 3626 ὠνόμασε
865 3573 884 3606 ι
919 3555 1107 3626 βουνὸν
1127 3557 1229 3625 τῆς
1265 3555 1602 3626 μαρτυρίας·
1641 3570 1659 3604 ι
1694 3552 1787 3606 καὶ

215 3646 466 3719 ’Δὸραάμ
493 3649 523 3701 6
549 3649 896 3718 πατριάρχης
922 3649 1019 3702 καὶ
1061 3646 1353 3718 ’Ᾱϐιμελὲχ
1389 3646 1499 3700 τῶν
1530 3647 1789 3718 Γεράρων

204 3741 237 3794 6
275 3740 527 3810 βασιλεὺς
550 3759 568 3793 ι
594 3741 778 3811 φρέαρ
807 3740 902 3794 τοῦ
927 3741 1116 3810 ὅρκου,
1155 3759 1174 3792 ι
1205 3739 1281 3803 ὠς
1315 3741 1436 3793 ἐκεῖ
1467 3738 1594 3809 μεθ’
1615 3740 1786 3810 ὅρκου

207 3832 565 3904 ποιησάμενοι
593 3833 694 3896 τὰς
736 3831 1032 3903 συνθήκας.

734 3922 1073 3977 ΕΡΩΤΗΣΙΣ
1129 3922 1257 3978 Σιγ.

211 4078 342 4144 Πῶς
366 4077 735 4154 νρητρονῌτὸ,
767 4094 787 4154 ς
815 4074 1229 4154 ίζὺφράνᾷητρ,
1292 4076 1462 4154 ἔθνη.
1487 4072 1640 4154 ρξετᾲ
1678 4073 1786 4128 τοῦ

277 4143 432 4204 λαοῦ
460 4143 667 4210 αὐτοῦ,
693 4148 790 4201 καὶ
831 4143 1340 4215 ἐνισχυσὶὶτὼσαν
1377 4143 1546 4210 αὐτῷ’
1558 4145 1784 4212 πάντες

281 4220 522 4290 ἄγγελοι
552 4217 738 4283 Θεοῦ;
770 4237 789 4270 ι

1890 3168 2084 3226 lamiui
2134 3165 2509 3225 vehementer,
2555 3156 2692 3213 dicit
2739 3153 3005 3209 Dominus
3035 3153 3103 3203 ".
3145 3170 3164 3204 ι
3205 3147 3280 3203 Ea
3324 3148 3474 3203 enim

1887 3277 2010 3334 qua:
2044 3261 2100 3315 in
2133 3255 2509 3314 testimonium
2547 3251 2823 3305 minarum
2851 3251 3147 3300 vocaverat
3173 3240 3476 3312 legislator,

1888 3332 2087 3410 merito
2136 3359 2264 3422 post
2297 3347 2436 3418 legis
2469 3340 2970 3414 transgressionem
3011 3339 3336 3391 horrescere
3388 3332 3476 3388 di-

1889 3454 2093 3503 cuntur
2121 3451 2180 3498 et
2207 3442 2616 3509 obstupescere.
2657 3433 2750 3488 Sic
2796 3430 2945 3487 enim
2975 3437 3031 3484 et
3059 3426 3228 3483 Jacob
3270 3435 3326 3482 et
3372 3425 3479 3480 La-

1892 3538 2069 3592 banus
2093 3533 2295 3590 coelum
2332 3535 2670 3585 vocaverunt
2695 3543 2715 3578 ι
2741 3535 2998 3579 acervum
3045 3516 3347 3575 testimonii
3373 3517 3476 3582 ⁸³.»

1891 3631 2020 3684 item
2049 3625 2360 3700 patriarcha
2384 3621 2659 3676 Abraham
2681 3624 2737 3673 et
2771 3613 3088 3670 Abimelech
3144 3610 3479 3667 Gerarorum

1893 3739 2012 3789 rex,
2047 3739 2066 3774 ι
2100 3729 2326 3792 puteum
2355 3712 2660 3787 juramenti
2689 3711 2760 3777 ⁸⁸,
2793 3729 2811 3762 ι
2848 3709 2980 3779 quia
3030 3706 3120 3791 hic
3160 3720 3286 3762 cum
3328 3703 3484 3775 jura-

1895 3823 2083 3871 mento
2114 3812 2291 3868 foedus
2326 3809 2589 3864 fecerant.

1972 3902 2302 3974 QUASSTIO
2342 3894 2879 4038 CCLXéEi£folisL
2939 3890 3200 3957 CLXXII,
3241 3890 3409 3947 Taur.

1901 4068 2180 4139 Quomodo
2215 4060 2722 4139 irttelligenduut_sit
2751 4057 2848 4139 hoc
2881 4054 3092 4139 verbum
3118 4052 3228 4139 (29)
3259 4070 3276 4104 ι
3306 4049 3483 4139 ξιφία-

1964 4124 2114 4204 ntim',
2159 4149 2342 4208 gentes
2369 4124 2508 4208 {mu
2537 4131 2680 4199 plebe
2734 4128 2871 4200 ejus,
2922 4136 2971 4181 et
3020 4124 3328 4194 conﬁrment
3363 4137 3485 4177 eum

1962 4227 2139 4265 omnes
2159 4203 2345 4277 ἀηθείὶ
2371 4203 2509 4258 Dei?
2532 4221 2550 4254 ι

967 4311 1112 4362 Edita
1142 4325 1170 4360 a
1202 4310 1328 4361 Maio
1355 4309 1407 4374 (1.
1441 4324 1483 4359 c.
1514 4323 1563 4372 p.
1592 4310 1700 4371 HO,
1723 4323 1774 4372 q.
1804 4309 1936 4372 290).
1970 4333 2034 4343 —
2057 4305 2114 4355 ln
2147 4304 2426 4354 Deuteron.
2458 4309 2613 4357 χχχιι,
2645 4296 2722 4344 45.

285 4400 393 4455 Καὶ
424 4398 482 4466 ἐξ
525 4397 793 4453 Ἰουδαίων
827 4396 1023 4451 πολλαὶ
1058 4396 1320 4470 μυριάδες
1359 4396 1687 4451 ἐπίστευσαν
1715 4395 1793 4467 τῷ

1969 4408 2392 4469 lnnumerabilis
2450 4403 2767 4464 multitudo,
2841 4411 2895 4456 et
2942 4415 3010 4454 ex
3085 4395 3334 4464 Iudaeis,
3429 4395 3485 4450 in

215 4492 460 4565 Δεσπότῃ
486 4489 730 4562 Χριστῷ,
763 4489 860 4543 καὶ
886 4489 948 4543 τὸ
979 4489 1232 4544 πλεῖστον
1261 4489 1370 4542 τῶν
1416 4490 1558 4543 κατά
1588 4490 1688 4560 τὴν
1717 4489 1795 4543 οἱ-

1895 4509 2186 4564 Dominum
2233 4501 2511 4559 Christum
2532 4496 2782 4560 credidit,
2813 4503 2868 4550 et
2909 4492 3209 4564 przcsertim
3257 4505 3324 4545 ex
3352 4489 3488 4544 aliis

216 4584 487 4656 κτιυμὲνην
519 4583 687 4637 ὲθνῶν
708 4599 724 4615 ·
754 4580 891 4636 ἀλλὰ
934 4584 1049 4645 τοῖς
1080 4581 1259 4635 ἔθνεσι
1310 4581 1410 4652 τὴν
1442 4580 1795 4637 διδασκαλίαν

1901 4608 2062 4655 terra:
2116 4596 2356 4670 populis,
2421 4592 2623 4663 quibus
2685 4587 2858 4644 Judaei
2933 4588 3027 4656 qui
3113 4584 3483 4650 crediderant,

216 4679 263 4730 οἱ
291 4676 349 4743 ἐξ
384 4675 657 4730 Ἰουδαίων
685 4673 1114 4737 πεπιστευκότες
1141 4676 1523 4745 προσήνεγκαν
1541 4691 1554 4704 ·
1582 4673 1641 4739 ἐξ
1674 4674 1797 4727 Ἰου-

1895 4691 2210 4748 doctrinam
2268 4687 2592 4742 attulerunt.
2681 4682 2759 4737 Ex
2844 4679 3055 4736 Judzeis
3122 4678 3268 4734 enim
3332 4686 3491 4733 erant

215 4770 376 4826 δαίων
404 4772 514 4841 γάρ
553 4770 605 4823 οἱ
659 4769 793 4822 θεῖοι
824 4767 1147 4822 ἀπόστολοι·
1205 4767 1381 4821 ταῦτα
1430 4767 1613 4821 τοίνυν
1657 4785 1796 4838 προ⁴

1897 4785 2070 4843 divini
2098 4781 2354 4854 apostoli.
2389 4779 2517 4834 llzec
2548 4775 2721 4848 igitur
2771 4773 3144 4845 praedivinans
3192 4771 3328 4826 dixit
3359 4784 3490 4840 pro-

221 4863 490 4929 θεσπίζων
543 4865 572 4918 6
617 4862 906 4934 προφήτης
955 4859 1088 4931 ἔφη·
1133 4878 1153 4912 ι
1205 4861 1594 4932 Εὐφράνθητε,
1644 4861 1794 4933 ἔθνη.

1902 4876 2070 4947 pheta
2109 4890 2124 4928 :
2169 4892 2187 4926 ι
2221 4869 2537 4938 Ιιαξιοηιὶιιί,
2572 4874 2798 4940 gentes,
2830 4881 2956 4920 cum
3013 4863 3168 4933 plebe
3213 4860 3334 4930 ejus
3361 4861 3430 4926 ⁸⁸,
3463 4877 3482 4911 ›

224 4956 358 5034 μετά
387 4954 480 5008 τοῦ
511 4953 642 5008 λαοῦ
680 4951 868 5018 αὑτοῦ,
905 4972 926 5006 ι
959 4953 1205 5006 τουτέστι
1238 4954 1346 5006 τῶν
1387 4953 1448 5018 ἐξ
1489 4952 1660 5005 ἐθνῶν
1700 4971 1798 5007 πε-

1904 4969 1959 5026 id
2001 4977 2109 5035 est,
2159 4976 2351 5039 gentes
2399 4981 2467 5021 ex
2541 4963 2762 5034 populis
2828 4958 3224 5022 credentibus;
3283 4968 3490 5024 eosque

222 5046 620 5113 πιστευκότων,
679 5049 773 5102 καὶ
833 5044 1278 5116 ὲνισχυσάτωσαν
1341 5045 1541 5108 αὐτοὺς
1596 5045 1798 5108 πάντες

1903 5061 2232 5117 confirment
2273 5059 2449 5130 angeli
2481 5057 2578 5111 Dei
2609 5055 2701 5126 qui
2734 5057 2788 5109 in
2811 5053 3093 5110 Christum
3117 5046 3487 5105 crediderunt.

220 5139 436 5209 ἀγγελοι
460 5138 595 5193 Θεοῦ
621 5140 750 5204 τοὺς
773 5139 852 5204 είς
883 5139 1043 5192 αὑτὸν
1067 5137 1496 5200 πεπιστευκότας
1520 5154 1534 5169 ·
1567 5137 1662 5191 καὶ
1686 5135 1797 5207 γάρ

1902 5155 2042 5212 Cum
2071 5154 2217 5209 enim
2266 5151 2516 5207 Salvator
2572 5149 2730 5204 nobis
2778 5156 2943 5202 natus
2993 5144 3116 5207 fuit,
3167 5140 3487 5212 angelorum

291 5250 335 5280 “"
378 5248 541 5305 Num.
579 5266 673 5311 xx,
707 5248 795 5303 ιο.
871 5248 918 5282 ⁸⁸
950 5249 1082 5304 ibid.
1141 5248 1229 5302 12.
1308 5250 1355 5282 ⁹⁰
1389 5249 1532 5307 Psal.
1564 5264 1653 5317 ον,
1685 5248 1804 5304 52-Ξ

1987 5248 2032 5281 ’ί
2068 5245 2174 5305 lsa.
2202 5264 2240 5316 ι,
2271 5247 2327 5303 2.
2404 5247 2450 5279 ³³
2480 5245 2683 5303 Jerem.
2714 5258 2778 5311 ιι,
2811 5242 2900 5298 12.
2976 5240 3021 5272 ⁸³
3057 5238 3194 5294 Gen.
3228 5235 3484 5300 suum.

223 5321 263 5354 "
293 5321 426 5377 Gen.
459 5337 575 5387 xxi,
604 5322 698 5377 52.
776 5321 821 5353 ⁸⁵
850 5319 977 5376 lsai.
1008 5336 1156 5382 ωινι,
1190 5320 1278 5376 10.

1730 5406 1968 5464 NOTAE.

291 5504 402 5577 (77)
427 5503 831 5563 Theodore-tum
849 5504 992 5577 q.37
1021 5504 1074 5559 in
1111 5502 1414 5561 Num.l‘ere
1440 5503 1787 5575 transcripsit
1893 5510 2071 5577 terea.

227 5555 831 5647 Ριῖικιιῖίιεῖξψ”’⁷””’
1298 5555 1411 5561 Ψ*
1680 5555 1784 5575 ’γ’
2116 5571 2254 5627 Fere
2283 5571 2474 5630 eadem
2503 5568 2671 5627 babes
2721 5565 2864 5639 apud
2905 5563 3311 5623 Theodorctum
3333 5575 3388 5634 q.
3418 5555 3491 5612 42

294 5644 418 5718 (ἹΒῙ
457 5645 753 5720 Desumpta
798 5662 864 5704 ex
918 5644 1267 5704 Theodoreto
1319 5663 1372 5719 q.
1412 5645 1492 5718 ε.ιο
1546 5647 1599 5704 in
1640 5646 1776 5703 Dcu-
1891 5645 1948 5703 in
1977 5644 2271 5701 Deuteron.
