3902 6212
91 286 230 353 1113

788 293 889 352 AD
927 290 1523 353 AMPHILOCHIUM
1574 288 1921 363 QU/ESTIO
1962 290 2747 355 CCLXXXI-CCLXXXIII.

3241 300 3377 365 1114

86 405 270 474 φήτην
294 402 396 457 οὐκ
420 403 605 457 εἴασεν
631 405 711 468 εἰς
734 404 833 476 τὴν
856 405 960 475 γῆν
982 405 1082 475 τῆς
1104 406 1443 476 ἐπαγγελίας
1466 407 1691 475 εἰσαγα-

1809 402 1870 458 Ut
1900 403 2051 459 enim
2086 402 2231 460 Deus
2256 418 2367 459 non
2395 412 2572 471 curat,
2610 405 2694 461 vel
2729 405 2911 477 potius
2936 421 3045 461 non
3073 407 3206 464 sinit
3224 409 3381 466 hunc

86 494 207 563 γεῖν
231 492 324 549 τὸν
354 492 507 551 λαὸν.
541 494 630 547 ἵνα
662 494 739 565 μὴ
776 495 852 559 ὡς
882 495 1015 549 Θεὸν
1049 496 1211 549 αὑτὸν
1259 495 1597 550 σεϐασθῶσιν
1630 497 1680 549 οἰ

101 587 463 659 ἰσραηλίταιο
492 587 687 641 τούτου
720 588 881 660 χάριν
913 589 1081 642 αὑτοῦ
1101 590 1198 645 καὶ
1226 590 1320 644 τὸν
1346 591 1520 661 τάφον
1547 590 1682 660 ἄδη-

87 678 183 732 λον
232 680 491 750 ἐποίησεν
528 681 559 732 ό
605 679 786 749 σοφῶς
831 679 902 733 τὰ
953 682 1079 735 καθ’
1124 684 1273 752 ἡμᾶς
1321 681 1682 754 πρυτανεύων

89 772 247 837 Θεός.
286 772 503 828 Εἰδέναι
543 773 599 827 δὲ
648 774 744 827 καὶ
786 772 947 828 τοῦτο
996 776 1288 847 προσήκει,
1321 775 1398 839 ὡς
1439 774 1685 845 Μωῦσῆς

88 864 265 920 τύπον
288 865 530 937 ἔχειτοῦ
574 866 779 937 νόμουο
814 866 897 921 διὸ
935 867 1032 920 καὶ
1076 868 1321 938 Μωῦσῆς
1366 868 1467 937 τὴν
1514 883 1685 937 προσ-

90 962 326 1034 ηγορίαν
354 962 559 1034 όνόμος
586 962 700 1034 ἔχει
726 979 740 996 ο
769 962 954 1034 ἔχουσι
984 963 1114 1034 γὰρ,
1144 962 1565 1035 φησ1,Μωῦσέα
1590 962 1686 1016 καὶ

91 1054 225 1117 τοὺς
276 1056 565 1126 προφήτας
591 1070 605 1084 ’
636 1054 877 1109 Μωῦσέα
926 1055 1022 1108 τὸν
1058 1056 1226 1126 νόμον
1276 1055 1517 1119 καλέσας
1542 1070 1555 1084 ·
1588 1054 1688 1109 καὶ

95 1145 373 1217 πολλαχοῦ
426 1147 586 1201 τοῦτο
642 1146 863 1219 εὕροις·
918 1146 1113 1216 ὥσπερ
1156 1148 1267 1219 γὰρ
1310 1147 1544 1210 Ἡσαΐας
1594 1145 1690 1201 καὶ

108 1237 383 1309 Ἱερεμίας
414 1241 510 1294 καὶ
550 1240 813 1312 Ἰεζεκιὴλ
838 1241 900 1296 οὺ
922 1243 1049 1305 τοὺς
1076 1242 1280 1312 ἄνδρας
1307 1241 1526 1310 μόνους,
1555 1240 1691 1294 ἀλλὰ

94 1333 195 1387 καὶ
220 1332 289 1387 τὰ
313 1334 541 1387 ἐκείνων
569 1334 752 1404 βιϐλία
783 1334 1063 1406 καλοῦμεν
1083 1351 1098 1366 ⁶
1132 1337 1230 1389 καὶ
1256 1335 1445 1405 σχεδὸν
1469 1334 1532 1388 τὸ
1558 1333 1692 1387 αὐτὸ

94 1427 194 1478 ἐπὶ
246 1428 469 1481 πάντων
516 1427 763 1499 καθορᾷν
827 1428 949 1481 ἔστι
997 1427 1108 1481 τῶν
1162 1426 1487 1499 συγγραφὰς
1542 1426 1693 1488 θείας

94 1518 543 1573 ἁπολελοιπότων
561 1538 575 1552 ·
603 1520 747 1573 οὕτω
772 1521 868 1575 καὶ
894 1521 1138 1590 Μωῦσῆν
1166 1521 1228 1574 ού
1264 1520 1356 1574 τὸν
1391 1520 1564 1590 ἄνδρα
1599 1518 1694 1589 μό-

95 1627 212 1676 νον,
242 1611 381 1665 ἀλλὰ
413 1612 507 1666 καὶ
533 1611 627 1665 τὸν
656 1613 822 1683 νόμον
854 1612 1005 1666 ἐστιν
1038 1613 1166 1666 ίδεῖν
1200 1613 1540 1684 κεκλημένον
1566 1628 1580 1644 ·
1599 1611 1691 1664 τύα

97 1720 205 1767 πος
234 1703 333 1773 μὲν
360 1698 454 1765 οὖν
500 1704 743 1774 Μωῦσῆς
773 1705 868 1759 τοῦ
925 1705 1091 1775 νόμου
1114 1722 1128 1737 ·
1172 1703 1382 1775 Ἰησοῦς
1436 1704 1494 1757 δὲ
1538 1705 1567 1757 ό
1598 1701 1693 1756 τοῦ

1786 512 2042 569 magnum
2069 497 2395 568 prophetam
2423 498 2477 552 in
2502 507 2703 553 terram
2749 498 3079 570 promissam
3114 503 3378 572 populum

1785 589 2165 657 lutroducere,
2217 603 2288 645 ne
2333 596 2396 644 ut
2443 603 2544 660 pro
2600 589 2711 646 Deo
2770 591 2925 645 illum
2984 602 3382 649 venerarentur

1785 681 2071 747 Israelitae,
2126 680 2321 737 eadem
2350 681 2419 736 de
2468 696 2636 737 causa
2673 683 2986 753 sepulcrum
3011 683 3132 754 ejus
3172 685 3382 741 abdidit

1787 774 1883 845 qui
1919 773 2200 845 sapienter
2250 775 2525 830 humanas
2578 791 2668 831 res
2704 774 3021 831 moderatur
3068 775 3233 833 Deus.
3264 778 3381 835 Hoc

1788 879 2013 938 quoque
2041 867 2186 923 scire
2211 866 2483 924 debemus
2513 867 2739 941 Moysen
2768 867 2943 926 fuisse
2964 869 3101 942 legis
3128 871 3377 942 ﬁguram.

1787 958 1975 1028 Quare
2023 974 2331 1030 cognomen
2385 960 2600 1033 Moyses
2635 962 2803 1019 habet
2845 962 2950 1019 lex.
2990 962 3205 1019 Habent
3232 964 3378 1020 enim

1788 1053 2015 1125 Moysen
2042 1063 2097 1110 et
2125 1056 2445 1127 prophetas,
2475 1058 2553 1111 ait
2576 1057 2886 1128 Scriptura.
2925 1057 3125 1127 Legem
3158 1056 3379 1129 Moysen

1791 1147 2101 1216 appellant,
2145 1149 2293 1218 quod
2355 1148 2545 1205 multis
2595 1149 2734 1206 locis
2782 1150 3055 1206 invenias.
3109 1148 3182 1207 Ut
3234 1151 3379 1206 enim

1790 1236 2012 1304 Isaiam,
2046 1237 2343 1295 Jeremiam
2367 1249 2422 1296 et
2444 1240 2699 1297 Ezechiel
2727 1257 2838 1297 non
2870 1243 3018 1299 viros
3068 1243 3252 1309 modo,
3285 1244 3381 1299 sed

1792 1328 1959 1384 etiam
1986 1345 2177 1386 eorum
2209 1332 2383 1388 libros
2416 1334 2778 1404 appellamus,
2814 1344 2983 1404 utque
3011 1336 3091 1392 sic
3119 1336 3382 1392 habemus

1794 1437 1987 1479 omnes
2046 1427 2441 1496 propemodum
2467 1443 2704 1497 quorum
2757 1444 2917 1484 saera
2950 1436 3170 1485 exstant
3193 1444 3381 1499 opera,

1800 1514 1949 1568 haud
1998 1514 2161 1569 aliter
2204 1515 2454 1588 Moysrn,
2502 1532 2613 1573 non
2641 1519 2821 1573 virum
2859 1519 3043 1585 modo,
3082 1520 3175 1575 sed
3214 1520 3383 1574 etiam

1796 1604 1969 1676 legem
2001 1606 2150 1663 illius
2178 1606 2283 1663 hoc
2314 1608 2538 1663 nomine
2567 1609 2831 1680 appellari
2864 1610 3137 1665 videmus.
3169 1608 3384 1681 Moyses

1798 1694 1964 1765 igitur
1993 1696 2131 1769 legis
2154 1707 2239 1753 est
2267 1698 2464 1769 tigura,
2498 1699 2687 1769 Josue,
2712 1700 2834 1756 Nun
2860 1701 3029 1767 filius,
3056 1699 3382 1757 Salvatoris.

98 1792 287 1862 Ναυῆ.
318 1791 489 1857 τύπος
525 1793 622 1848 τοῦ
675 1796 930 1867 Σωτῆρος
952 1812 965 1826 ·
1002 1794 1192 1866 ὥσπερ
1218 1794 1400 1848 τοίνυν
1450 1793 1692 1863 Μωῦσῆς

1809 1785 1867 1842 Ut
1925 1788 2095 1858 igitur
2149 1789 2368 1862 Moyses
2439 1790 2665 1861 quidem
2728 1792 2918 1848 eduxit
2982 1792 3244 1863 populum
3317 1792 3388 1847 de

54 1882 61 1905 ’
102 1885 204 1952 μὲν
235 1885 479 1957 ἐξήγαγε
517 1887 609 1941 τὸν
650 1887 781 1941 λαὸν
807 1888 869 1953 ἐξ
911 1888 1217 1955 Αἰγύπτου,
1262 1886 1471 1957 Ἰησοῦς
1509 1886 1566 1939 δὲ
1592 1886 1693 1939 αύο

1793 1878 2054 1951 ΔΕεγριο,
2085 1880 2255 1937 Josue
2284 1892 2470 1939 autem
2500 1884 2555 1939 in
2590 1892 2793 1940 terram
2827 1884 3157 1956 promissam
3205 1884 3382 1940 intro-

52 2035 64 2048 _
96 1976 195 2029 τὸν
220 1978 301 2040 εἰς
344 1978 444 2049 τὴν
498 1980 921 2052 ἐπηγγελμένην
965 1983 1232 2053 εἰσήγαγε
1269 1980 1398 2050 γῆν,
1445 1979 1621 2045 οὕτως
1663 1982 1692 2033 ό

1809 1972 1967 2040 luxit,
2018 1974 2101 2029 sic
2131 1974 2218 2029 lex
2251 1975 2473 2045 quidem
2526 1976 2803 2048 impietate
2833 1978 3123 2035 credentes
3165 1978 3383 2043 liberat,

99 2070 267 2140 νόμος
304 2074 405 2143 τῆς
455 2072 556 2143 μὲν
582 2073 843 2138 ἀσεϐείας
890 2074 1229 2130 ἀπαλλάττει
1258 2076 1385 2138 τοὺς
1429 2075 1693 2146 πειθομέ-

1791 2066 1968 2135 gratia
2014 2081 2147 2122 vero
2197 2065 2483 2138 Evangelii
2531 2068 2589 2125 in
2640 2083 2869 2143 regnum
2904 2070 3173 2128 etelorum
3206 2070 3385 2127 intro-

96 2177 247 2226 νους,
277 2163 311 2231 ἡ
342 2163 398 2216 δὲ
425 2163 543 2217 τῶν
572 2164 923 2234 Εὑαγγελίων
957 2166 1122 2237 χάρις
1162 2167 1245 2231 εἰς
1276 2166 1377 2238 τὴν
1411 2165 1694 2236 βασιλείαν
1792 2160 1986 2218 mittit.

97 2252 319 2322 εἰσάγει
348 2254 458 2309 τῶν
487 2257 758 2328 οὐρανῶν.

630 2371 972 2428 ΕΡΩΤΗΣῘΣ
1009 2373 1176 2431 ΣΠΒ’.

106 2524 173 2578 Τί
199 2523 389 2581 ἐστιν·
432 2545 452 2580 ι
498 2529 601 2584 Ἐν
634 2529 819 2656 ὀλίγιὲ
843 2549 920 2657 gs
959 2536 1184 2602 πείθεις
1206 2536 1567 2603 Χριστιανὸν
1597 2553 1691 2607 γε-

738 2620 776 2656 ν
810 2618 853 2656 σ
890 2619 948 2656 αι
973 2620 991 2657 :
1030 2623 1049 2657 ι

738 2619 948 2657 νεσυαι
971 2620 991 2667 ;
1030 2623 1049 2657 ι

1846 2361 2177 2432 ΩΗΑΞΞΤΙΟ
2213 2363 2548 2454 οοωωςὶξιι
2589 2364 2794 2491 £59551.
2845 2364 3121 2433 ccxcw,
3159 2363 3329 2421 Taur.

2407 2436 2587 2491 μεως
2648 2436 2786 2509 xVJ.

2410 2478 2690 2491 eum“..-
2716 2478 2728 2489 .
2747 2478 2786 2509 J.

1800 2530 1943 2597 Quid
1987 2537 2066 2584 est
2101 2528 2243 2583 hoc:
2284 2546 2302 2582 ι
2339 2528 2403 2583 In
2450 2530 2659 2669 ii’iiodicgo
2701 2527 2894 2583 suades
2926 2544 3005 2582 me
3022 2526 3387 2585 Christianum

2513 2616 2591 2653 eri
2613 2641 2625 2653 .
2677 2616 2694 2650 ι

756 2717 904 2769 Edita
926 2733 952 2768 a
985 2718 1111 2769 Maio
1138 2722 1196 2785 (1.
1223 2734 1269 2772 c.
1295 2736 1344 2786 p.
1371 2722 1479 2783 111,
1516 2725 1625 2785 112,
1656 2737 1707 2787 q.
1739 2719 1876 2780 292).
1896 2715 2259 2781 ~Explanatl0
2289 2716 2341 2765 in
2364 2714 2478 2765 Act.
2502 2727 2636 2787 xxvi,
2655 2713 2738 2763 28.

176 2800 462 2866 Τουτέστι,
494 2802 563 2856 δι’
588 2802 783 2873 ὀλίγων
825 2807 1111 2878 ῥημάτων,
1144 2810 1204 2862 ἐν
1238 2810 1695 2883 βραχέσιλόγοις,

101 2896 167 2947 ὲν
191 2894 351 2967 ὀλίγῃ
383 2895 730 2969 διδασκαλίᾳ,
760 2899 930 2970 χωρὶς
968 2901 1166 2956 πολλοῦ
1202 2905 1369 2958 πόνου
1401 2906 1499 2958 καὶ
1537 2923 1698 2961 συνε-

101 2986 239 3057 χοῦς
282 2988 574 3056 διαλέξεως
599 3007 615 3022 ο
657 2989 742 3045 διδ
770 2994 866 3047 καὶ
894 2994 1034 3065 πρὸς
1083 2996 1247 3050 αὑτὸν
1284 2999 1644 3072 καταλλήλως
1669 3003 1699 3055 ό

1878 2807 1937 2862 Id
1973 2814 2083 2869 est,
2140 2802 2334 2874 paucis
2387 2786 2590 2864 verbis,
2644 2799 2797 2855 brevi
2851 2811 3128 2865 sermone,
3172 2796 3389 2853 modico

1801 2898 2160 2963 documento,
2195 2895 2405 2965 absque
2456 2891 2630 2947 multo
2682 2891 2873 2946 labore
2918 2897 2974 2946 et
3010 2888 3230 2945 assidua
3271 2889 3391 2945 dis-

1803 2991 2110 3065 putatione.
2133 2989 2316 3056 Quare
2345 2986 2411 3041 ad
2436 2985 2589 3040 illum
2618 2984 2959 3056 respondens
2986 2983 3188 3040 Paulus
3218 2984 3386 3039 dicit:

106 3083 328 3183 11.01616;
362 3103 527 3157 φησιν
550 3104 563 3119 ο
616 3106 635 3141 ι
678 3089 944 3162 Ηύξάμην
973 3090 1041 3147 ἂν
1069 3092 1148 3165 τῷ
1186 3094 1330 3166 Θεῷ,
1365 3115 1383 3148 ι
1414 3096 1510 3150 καὶ
1538 3094 1696 3166 ἑξῆς·

1811 3106 1830 3140 ι
1864 3085 2006 3156 Opto
2050 3099 2149 3155 per
2199 3081 2437 3145 Deum’,
2468 3098 2487 3131 ι
2553 3086 2609 3135 et
2680 3078 2915 3150 reliqua.
2968 3077 3198 3133 Perinde
3238 3093 3302 3132 ac
3345 3078 3392 3134 si

99 3170 225 3229 οἷον
252 3177 335 3231 ὅτι
357 3178 483 3250 ἐμοὶ
511 3181 718 3251 σπουδὴ
758 3180 920 3235 τοῦτο
948 3183 1010 3236 τὸ
1039 3186 1296 3253 γενέσθαι
1321 3188 1531 3252 πάντας
1560 3189 1604 3241 Χ
1614 3206 1700 3260 ρι-

1809 3180 2020 3235 diceret
2048 3195 2062 3232 :
2093 3176 2241 3231 Nihil
2262 3174 2397 3229 mihi
2427 3171 2612 3244 potius
2629 3179 2896 3243 estquam
2923 3186 3114 3227 omnes
3142 3170 3393 3227 homines

106 3270 393 3335 στιανούς·
423 3272 519 3326 καὶ
564 3273 722 3328 τοῦτό
768 3274 885 3329 ἐστι
938 3294 1028 3347 μοι
1059 3278 1195 3350 εὐχὴ
1224 3280 1359 3345 πρὸς
1386 3280 1550 3335 Θεόψ
1580 3283 1704 3336 ἐπεὶ

106 3360 331 3431 ἕτοιμός
381 3363 497 3432 εἰμι
538 3364 634 3416 καὶ
683 3365 893 3421 πολλῶν
924 3366 1098 3435 λόγων
1132 3369 1228 3421 καὶ
1273 3369 1472 3439 ὀλίγων
1514 3370 1613 3443 τὴν
1644 3373 1703 3425 έν

112 3454 343 3526 Χριστῷ
374 3455 673 3527 κηρύσσειν
704 3460 889 3513 πίστιν
919 3462 1017 3514 καὶ
1045 3461 1185 3531 μετὰ
1213 3465 1377 3517 πόνου
1409 3464 1504 3517 καί⁵
1533 3464 1702 3518 κόπου

110 3543 214 3597 καὶ
244 3546 310 3597 ὲκ
338 3543 435 3598 τοῦ
475 3546 821 3617 παραχρῆμα
842 3565 856 3578 ·
901 3550 1070 3613 κόπος
1101 3551 1196 3604 καὶ
1244 3552 1408 3615 πόνος
1449 3555 1507 3607 ὲν
1535 3556 1600 3624 τῇ
1626 3554 1707 3607 δι-

111 3636 388 3707 δασκαλίᾳ
440 3639 533 3691 καὶ
579 3638 897 3709 κηρύγματι
947 3641 1204 3712 οὐδαμῶς
1254 3643 1528 3713 λογίζεταί
1574 3661 1704 3716 μοι’

112 3730 236 3783 ἀλλ’
265 3726 384 3784 ἶσόν
416 3733 533 3785 ἐστι
563 3734 762 3804 κοπιᾷν
793 3734 890 3786 καὶ
925 3734 1020 3805 μὴ,
1050 3735 1146 3789 καὶ
1174 3736 1343 3789 πολὺν
1374 3736 1563 3808 χρόνον
1590 3737 1709 3809 τρί-

112 3822 234 3877 δειν
256 3822 581 3893 κηρύττοντι
608 3826 703 3878 καὶ
731 3825 913 3894 ὀλίγον
936 3842 951 3856 ο
987 3827 1149 3897 μόνον
1176 3828 1399 3891 εἴτινας
1430 3829 1542 3900 όρῶ
1573 3829 1710 3902 πρὸς

116 3915 213 3968 τὸν
242 3917 478 3987 Χριστὸν
522 3917 961 3988 ἐπιστρέφοντας
985 3936 999 3951 ο
1029 3920 1203 3975 ταῦτα
1251 3920 1309 3975 δὲ
1353 3922 1560 3992 ἔλεγεν,
1594 3923 1713 3994 ἅμα

123 4009 227 4078 μὲν
254 4010 317 4062 τὸ
336 4009 503 4063 αὑτοῦ
532 4012 818 4082 πρόθυμον
850 4013 947 4066 καὶ
975 4013 1239 4085 διάπυρον
1278 4014 1709 4087 ἐνδεικνύμενος,

121 4101 243 4172 ἅμα
270 4102 328 4155 δὲ
372 4104 626 4158 κάκεῖνον
673 4104 1097 4177 ἐκκαλούμενος,
1130 4108 1206 4170 ὼς
1246 4108 1293 4159 εἰ
1350 4106 1591 4178 βούλοιτο
1620 4109 1715 4161 καὶ

121 4194 296 4248 πλείω
328 4194 563 4248 ἀκοῦσαι
592 4197 686 4249 καὶ
705 4196 1049 4269 τελειοτέρας
1078 4198 1431 4261 διδασκαλίας
1476 4199 1715 4253 ἀπολαῦ-

119 4302 239 4347 σαι,
276 4284 337 4337 οὐ
398 4286 559 4356 μόνον
605 4287 759 4341 οὐδὲν
817 4290 1139 4359 ἀποκνήσει,
1192 4289 1310 4341 ἀλλ’
1350 4290 1524 4354 οὕτως
1567 4294 1715 4345 ἐστὶν

118 4378 341 4449 ἕτοιμος
371 4379 465 4431 καὶ
508 4378 568 4433 τὸ
602 4380 881 4451 πρόθυμον
928 4384 1205 4453 παρέχων,
1243 4383 1382 4435 ὥστε
1418 4384 1513 4436 καὶ
1552 4385 1715 4454 εὐχῆς

1810 3272 1925 3327 ﬁeri
1950 3270 2321 3327 Christianos.
2351 3266 2446 3323 Hae
2475 3272 2608 3323 sunt
2642 3280 2778 3322 meae
2807 3280 2997 3321 coram
3035 3264 3145 3321 Deo
3175 3279 3389 3336 preces,

1808 3380 2048 3435 namque
2078 3372 2302 3435 paratus
2331 3376 2456 3416 sum
2522 3368 2578 3416 et
2625 3359 2678 3414 in
2731 3352 2947 3415 mou’ico
2988 3367 3043 3414 et
3095 3359 3151 3413 in
3194 3372 3395 3427 magno

1813 3456 2117 3528 praedicare
2148 3453 2309 3509 [idem
2340 3453 2395 3508 in
2435 3451 2742 3517 Christum,
2773 3467 2867 3521 per
2914 3451 3159 3507 laborem
3190 3460 3243 3506 et
3275 3465 3397 3505 mo-

1810 3549 2028 3605 lestiam
2060 3554 2116 3604 et
2144 3563 2208 3603 ex
2236 3554 2517 3617 tempore;
2549 3545 2859 3601 molestiam
2882 3544 3029 3599 enim
3083 3544 3397 3599 etlaburem

1812 3641 1956 3695 inter
1985 3639 2296 3695 docendum
2328 3647 2381 3692 et
2409 3636 2815 3707 praedicandum
2851 3636 3063 3691 minimi
3105 3635 3264 3691 facio.
3293 3634 3399 3689 Sed

1817 3732 1953 3787 mihi
1983 3747 2082 3803 par
2115 3740 2200 3788 est
2224 3731 2479 3786 laborare
2510 3730 2593 3783 vel
2638 3745 2772 3794 non,
2802 3737 2855 3784 et
2886 3728 2980 3783 diu
3009 3736 3103 3784 aut
3130 3728 3198 3784 ad
3241 3729 3403 3783 breve

1812 3827 2134 3899 prmdieare,
2186 3826 2351 3881 modo
2394 3825 2610 3896 aliquos
2658 3824 2727 3879 ad
2777 3822 3061 3880 Christum
3101 3837 3403 3879 conversos

1816 3921 2059 3977 videam.
2098 3920 2192 3977 llis
2242 3921 2409 3977 dictis
2443 3922 2786 3976 alacritatem
2835 3919 3003 3973 animi
3055 3928 3110 3974 et
3149 3919 3401 3973 ardorem

1816 4029 1922 4067 una
1980 4012 2283 4069 indicabat.
2338 4012 2480 4068 Cum
2535 3999 2700 4082 igiiur
2752 4011 3047 4081 Agrippam
3094 4012 3161 4066 ad
3232 4011 3404 4065 Deum

1815 4112 2057 4170 vocaret,
2083 4114 2145 4159 ut
2173 4105 2221 4159 si
2283 4102 2549 4158 voluisset
2578 4102 2735 4173 plura
2758 4101 2950 4157 audire
2972 4103 3406 4172 amplioremque

1820 4197 2131 4251 doctrinam
2159 4196 2415 4267 adipisci,
2435 4211 2540 4250 non
2574 4198 2753 4251 solum
2789 4195 2925 4250 nihil
2950 4194 3284 4259 reformidat,
3310 4194 3406 4248 sed

1820 4288 1986 4342 etiam
2022 4289 2159 4342 adeo
2186 4298 2415 4357 paratus
2454 4297 2539 4343 est
2569 4295 2623 4341 et
2670 4286 2894 4354 ardens,
2932 4294 2990 4341 ut
3021 4285 3087 4340 ad
3122 4300 3314 4356 preces
3347 4301 3407 4339 se

1822 4379 2093 4444 conferat,
2127 4379 2427 4435 dummodo
2453 4380 2800 4449 propositum
2830 4387 3179 4449 assequatur.
3203 4377 3408 4433 Precor

120 4472 285 4545 ἔργον
313 4471 447 4524 αὐτὸ
480 4475 737 4539 ποιεῖται,
772 4474 839 4529 ἂν
883 4475 1043 4545 μόνον
1073 4476 1316 4548 τυγχάνῃ
1347 4477 1439 4530 τοῦ
1470 4478 1700 4531 σκοποῦ

1823 4473 1969 4525 enim
2014 4480 2070 4527 et
2119 4472 2173 4527 in
2224 4472 2441 4528 modico
2486 4480 2540 4527 et
2573 4471 2628 4526 in
2676 4487 2875 4545 magno
2898 4486 3008 4527 non
3041 4474 3218 4527 solum
3252 4482 3324 4537 te,
3354 4478 3408 4525 et

120 4562 382 4634 Εὑξάμην
413 4562 525 4634 γὰρ
552 4565 647 4618 καὶ
684 4566 741 4619 ὲν
792 4564 958 4637 ὀλίγῳ
1007 4567 1101 4621 καὶ
1145 4569 1203 4621 έν
1233 4568 1415 4640 πολλῷ
1443 4568 1505 4622 οὐ
1552 4570 1713 4639 μόνον

120 4656 205 4723 οὲ,
240 4673 294 4711 κ.
325 4673 376 4710 τ.
405 4655 455 4709 λ.

648 4772 984 4825 ΕΡΩΤΠΣΙΣ
1024 4773 1153 4826 ΣΠΓ
1175 4815 1188 4829 .

132 4926 196 4980 Τί
219 4926 407 4981 ἐστι’(
438 4925 551 4981 Τοῦ
569 4925 921 4996 ὁρισθέντος
950 4927 1088 4982 Υἱοῦ
1115 4928 1263 4982 Θεοῦ
1291 4929 1360 4982 ἐν
1386 4928 1657 5001 δυνάμει.
1690 4951 1709 4984 ι

1823 4574 2042 4621 Οἱθῑὲΐθ.

1820 4766 2151 4835 ρυᾸΞδΤΙΟ
2882 4765 3183 4832 CCXCVII,
3241 4766 3406 4821 Taur.

1824 4931 1971 4998 Quid
2010 4932 2151 4988 istud
2181 4932 2444 5013 signiﬁcet
2483 4951 2497 4988 :
2533 4952 2551 4985 ι
2588 4933 2968 5002 Manifeslalus
2996 4944 3072 4986 est
3109 4929 3281 4986 Filius
3312 4932 3407 4986 Dei

2408 5020 2464 5058 tn
2508 5015 2785 5074 potestate.
2824 5023 2843 5055 ι

863 5110 1008 5161 Edita
1037 5124 1064 5160 a
1097 5110 1224 5160 Maio
1260 5112 1319 5175 (l.
1350 5124 1377 5160 e
1419 5126 1467 5174 p.
1499 5113 1609 5175 112,
1629 5128 1681 5176 q.
1714 5115 1847 5179 295).
1880 5138 1946 5150 --
1978 5114 2275 5177 Explanatlo
2306 5115 2359 5166 in
2391 5116 2530 5166 Rom.
2557 5130 2593 5176 r,
2626 5116 2671 5165 t.

198 5195 308 5251 Τοῦ
339 5196 419 5260 εἰς
444 5195 645 5265 γνῶσιν
676 5194 947 5261 ἐλθόντος,
981 5195 1075 5249 τοῦ
1117 5198 1551 5266 ὲπιγνωσθέντος
1580 5202 1712 5273 ἡμῖν

126 5289 225 5343 καὶ
264 5287 671 5359 φανερωθέντος
705 5287 838 5342 Υίοῦ
868 5288 1005 5342 Θεοῦ
1025 5306 1040 5319 ·
1067 5289 1235 5343 πόθεν
1252 5289 1310 5344 δὲ
1336 5292 1673 5360 γνωσθέντος
1697 5311 1711 5360 ;

127 5384 219 5438 διὰ
244 5385 353 5439 τῶν
393 5384 714 5456 προφητῶν,
751 5384 843 5437 διὰ
870 5383 980 5438 τῶν
1020 5385 1440 5457 ὲπιδειχθέντων
1472 5390 1716 5460 σημείων

130 5477 227 5531 καὶ
251 5476 554 5547 δυνάμεων,
584 5474 671 5528 διὰ
702 5474 798 5529 τοῦ
838 5477 1164 5545 άγιαστικοῦ
1197 5478 1365 5532 αὐτοῦ
1396 5480 1716 5552 Πνεύματος

129 5571 158 5623 ὃ
187 5566 432 5639 παρέσχε
458 5569 573 5632 τοῖς
606 5568 688 5633 εἰς
726 5566 891 5624 αὑτὸν
932 5570 1302 5643 πιστεύουσιν,
1325 5571 1393 5627 δι’
1422 5572 1592 5645 αὐτῆς
1625 5574 1720 5628 αύ-

172 5760 192 5789 ¹
216 5758 334 5814 Aet.
366 5774 511 5822 nrt,
534 5757 625 5813 ‘39.

1888 5200 2300 5269 Manifestatus,
2336 5203 2391 5258 id
2414 5210 2518 5268 est,
2546 5202 2706 5257 nobis
2735 5201 2789 5256 iu
2832 5201 3086 5256 notitiam
3120 5202 3287 5269 venit,
3324 5216 3409 5256 se-

1817 5310 1922 5364 que
1957 5296 2310 5366 perSpicuum
2338 5305 2394 5351 et
2422 5295 2730 5351 revelatum
2766 5295 2926 5350 nobis
2951 5294 3221 5350 exhibuit.
3259 5292 3411 5349 Unde

1818 5399 1999 5444 autem
2053 5388 2123 5443 ad
2153 5388 2578 5444 notitiam?Per
2631 5389 2952 5460 prOphetas,
3005 5402 3104 5459 per
3154 5387 3311 5457 signa
3357 5395 3412 5442 et

1819 5480 2085 5535 miracula
2123 5495 2248 5551 quae
2282 5481 2337 5537 in
2396 5480 2574 5537 lucem
2622 5482 2965 5553 prodierunt,
3016 5497 3114 5551 per
3156 5488 3410 5534 sanctum

1825 5574 1944 5644 ejus
1979 5571 2247 5644 Spiritum
2290 5588 2455 5644 quem
2486 5574 2715 5631 immisit
2748 5576 2829 5631 eis
2856 5576 2949 5646 qui
2981 5574 3036 5630 in
3060 5586 3183 5630 eum
3223 5570 3416 5628 crede-
