3930 6218
1628 108 1765 139 βκ·

518 212 655 280 1115

1663 212 1928 276 ΡΗΟΤΙΙ
1977 208 2483 274 ΡΛΤΒΙΛΒΟΗᾹΞ
2520 212 2629 273 CP.

3653 203 3791 271 1116

514 331 669 395 bant,
695 334 752 383 et
780 340 878 399 per
902 325 1211 383 mirabilem
1246 326 1389 384 hanc
1412 340 1442 383 e
1471 326 1705 384 mortuis
1743 325 2097 382 resurrectio-

2209 323 2294 378 τοῦ
2321 328 2423 397 τῆς
2443 326 2509 378 ἐκ
2543 322 2752 395 νεκρῶν
2781 322 3225 395 παραδοξοτάτης
3255 322 3529 395 ἐγέρσεως
3553 338 3570 355 ·
3596 323 3788 377 τούτου

512 437 661 478 nem.
725 419 903 492 Hujus
961 420 1127 492 igitur
1183 436 1349 492 quem
1410 420 1920 491 praenuntiaverunt
1965 433 2094 488 pro-

514 516 714 585 phetae,
759 515 878 584 qui,
911 512 1187 569 declarata
1238 520 1527 583 potestate,
1578 511 1785 566 mundo
1831 510 2093 577 innotuit,

513 608 900 677 revelatusque
941 614 1031 661 est
1073 621 1105 661 a
1153 616 1347 660 sancto
1383 603 1590 675 Spiritu
1625 619 1791 674 quem
1834 604 2098 659 credenti-

512 700 617 754 bus
659 699 712 754 in
744 714 804 755 se
835 698 1086 769 prwbuit,
1121 697 1216 768 qui
1248 697 1489 766 denique
1518 711 1577 752 se
1605 712 1704 767 per
1732 696 2094 752 resurrectio-

511 806 634 845 nem
696 806 854 846 suam
917 787 1269 844 manifestum
1322 789 1493 855 dedit,
1546 804 1649 859 ego
1709 804 1833 845 sum
1880 804 2092 846 servus.

511 880 742 937 Etiamsi
791 896 1007 948 servus,
1042 880 1138 936 sed
1162 881 1328 951 hujus
1351 882 1547 938 saltem
1579 881 1672 951 qui
1715 897 1814 953 per
1845 890 1997 937 tanta
2043 890 2098 937 et

511 972 643 1027 talia
678 971 993 1027 testimonia
1036 972 1274 1027 ostendit
1302 987 1363 1027 se
1394 987 1515 1028 esse
1544 971 1742 1028 Filium
1790 971 1906 1028 Dei.
1941 992 1960 1025 ι
1997 974 2099 1028 Per

506 1079 695 1135 quem,
730 1063 932 1134 inquit,
988 1065 1307 1134 accepimus
1346 1065 1583 1137 gratiam
1628 1076 1683 1121 et
1726 1066 2094 1136 apostolatqu

506 1159 576 1212 ad
609 1155 972 1212 obediendum
1002 1155 1125 1212 fidei
1153 1156 1196 1212 ⁸.
1230 1176 1248 1209 ι
1270 1157 1506 1213 Perinde
1532 1173 1596 1213 ac
1620 1157 1664 1213 si
1683 1157 1939 1226 dixisset,
1974 1158 2094 1213 Alia

508 1248 675 1304 etiam
707 1248 1027 1304 testimonia
1060 1258 1188 1305 sunt
1220 1250 1399 1315 nobis,
1444 1265 1511 1306 ac
1541 1250 1634 1305 illa
1668 1266 1793 1321 quae
1828 1265 2097 1307 memora-

507 1337 708 1394 vimus.
776 1337 955 1393 Testis
1012 1347 1097 1395 est
1149 1339 1266 1410 ipsa
1326 1349 1514 1395 nostra
1577 1340 1711 1408 vita,
1772 1341 1920 1395 hunc
1971 1355 2097 1395 vere

509 1426 706 1483 Filium
731 1443 858 1485 esse
886 1427 1019 1497 Dei;
1050 1443 1160 1498 quo
1178 1429 1385 1500 pacto?
1414 1429 1531 1487 lloc
1558 1431 1770 1487 scilicet
1793 1430 1941 1501 quod
1972 1446 2098 1486 cur-

506 1520 683 1576 rimus
707 1528 764 1575 et
795 1534 1163 1590 properamus
1202 1520 1268 1576 ad
1301 1530 1491 1591 gentes
1540 1510 1785 1595 ignotas,
1830 1540 1955 1594 quae
1996 1540 2097 1579 au-

507 1612 668 1667 diunt
740 1610 1132 1681 accipiuntque
1183 1611 1561 1668 testimonium
1621 1615 1770 1670 fidei.
1822 1614 1962 1671 Vere
2016 1624 2095 1669 te-

2198 407 2295 466 οὖν
2342 410 2438 464 τοῦ
2495 410 2959 480 προαγγελθέντος
3010 411 3099 467 διὰ
3151 411 3262 465 τῶν
3312 412 3650 484 προφητῶν,
3696 412 3789 465 τοῦ

2197 503 2597 576 γνωρισθέντος
2624 505 2684 557 ὲν
2728 507 2794 575 τῇ
2840 504 3104 571 ἐπιδείξει
3144 506 3248 575 τῆς
3278 506 3569 576 δυνάμεως
3598 505 3787 571 αὐτοῦ,

2196 596 2291 651 τοῦ
2314 596 2720 670 φανερωθέντος
2739 599 2880 651 κατὰ
2903 597 2964 651 τδ
2997 598 3317 666 ἁγιαστικὺν
3340 598 3571 669 Πνεῦμα
3597 598 3627 652 ὃ
3646 616 3787 669 παρ-

2199 689 2330 762 έσχε
2381 693 2493 754 τοῖς
2531 690 2882 743 πιστεύουσιν
2949 691 3031 754 είς
3084 690 3272 757 αὐτὸν,
3306 690 3402 744 τοῦ
3450 691 3793 763 δηλωθέντος

2197 782 2265 838 ὲκ
2311 784 2410 854 τῆς
2459 784 2811 846 ἀναστάσεως
2856 782 3045 850 αὐτοῦ,
3081 782 3278 837 τούτου
3316 784 3433 855 είμὶ
3482 781 3717 848 δοῦλος·
3745 785 3793 836 εἰ

2197 878 2307 950 γὰρ
2333 878 2429 934 καὶ
2457 878 2662 942 δοῦλος,
2703 877 2841 931 ἀλλὰ
2873 876 3066 931 τούτου
3097 876 3303 942 δοῦλος,
3337 876 3433 931 τοῦ
3474 877 3568 931 διὰ
3598 876 3795 931 τοσού-

2197 991 2305 1027 των
2353 972 2449 1026 καὶ
2490 970 2826 1042 τηλικούτων
2868 970 3188 1042 μαρτυριῶν
3239 970 3607 1032 πιπωθέντος
3657 970 3796 1040 ἡμῖν

2197 1067 2278 1121 ὅτι
2307 1066 2436 1130 Υἱός
2461 1067 2578 1121 ἐστι
2618 1065 2713 1121 τοῦ
2747 1064 2915 1119 Θεοῦ·
2945 1081 2966 1117 ι
3002 1066 3079 1119 Δι’
3117 1058 3199 1130 οὗ,
3254 1065 3440 1135 φησὶν,
3483 1063 3582 1119 καὶ
3629 1065 3793 1134 ἡμεῖς

2197 1158 2465 1231 ἐλάϐομεν
2485 1160 2646 1231 χάριν
2667 1159 2760 1212 καὶ
2780 1157 3090 1229 ἀποστολὴν
3110 1159 3190 1220 εἰς
3212 1157 3461 1226 ὑπακοὴν
3481 1156 3750 1219 πίστεως,
3769 1174 3787 1207 ι

2196 1246 2576 1320 οἷον,Ἔχομεν
2603 1248 2704 1313 τὰς
2740 1248 3066 1320 μαρτυρίας,
3090 1247 3279 1318 φησὶν,
3298 1248 3391 1301 καὶ
3424 1246 3485 1312 ἐξ
3513 1246 3698 1301 ἄλλων
3728 1245 3797 1309 ἃς

2197 1342 2425 1412 εἴπομεν
2448 1358 2462 1371 ·
2506 1344 2778 1414 μαρτυρεῖ
2814 1342 2873 1396 δὲ
2901 1341 2995 1397 καὶ
3035 1341 3097 1395 τὸ
3124 1342 3417 1414 ἡμέτερον,
3453 1341 3583 1395 Υἱδν
3624 1341 3797 1395 αὐτὸν

2198 1435 2373 1507 ἀληθῆ
2398 1433 2540 1489 εἷναι
2563 1434 2699 1489 Θεοῦ
2721 1451 2735 1467 ·
2780 1438 2933 1490 ποῖον
2961 1434 3149 1504 τοῦτο;
3179 1436 3240 1490 τὸ
3270 1436 3488 1507 τρέχειν
3515 1435 3619 1505 μὲν
3644 1435 3798 1505 ἡμᾶς

2198 1528 2295 1583 καὶ
2313 1527 2738 1597 κατεπείγεσθαι
2763 1529 2842 1592 εἰς
2868 1527 2939 1583 τὰ
2954 1528 3082 1599 ἔθνη
3111 1528 3149 1584 ἃ
3168 1529 3270 1583 οὐκ
3298 1528 3549 1600 ἔγνωμεν
3566 1545 3581 1559 ·
3604 1527 3800 1582 ἐκεῖνα

2197 1621 2254 1674 δὲ
2289 1620 2586 1675 ὑπακούειν
2614 1621 2709 1676 καὶ
2754 1621 3007 1693 δέχεσθαι
3038 1622 3130 1676 τὸν
3178 1622 3336 1691 λόγον
3364 1622 3465 1693 τῆς
3509 1620 3756 1686 πίστεως
3780 1635 3798 1651 ⁸

508 1699 833 1757 stimonium
882 1710 965 1755 est
1019 1699 1222 1755 divinae
1269 1700 1741 1759 manifestationis
1793 1702 2095 1765 hominem,

2209 1712 2506 1785 μαρτύριον
2530 1714 2640 1785 γὰρ
2658 1713 2734 1777 ὡς
2759 1713 2977 1784 ἀληθῶς
3010 1713 3334 1785 θεοφανείας
3352 1716 3514 1769 τοῦτο
3531 1731 3547 1746 °
3576 1714 3801 1786 ἄνθρωο

508 1794 700 1850 relicta
766 1790 946 1863 patria
1000 1789 1352 1862 familiaque,
1419 1791 1492 1848 ad
1545 1793 1783 1849 alienam
1840 1806 2092 1855 currere,

510 1888 676 1957 idque
722 1884 948 1941 minime
997 1882 1252 1940 utilitatis
1320 1891 1375 1938 et
1419 1884 1562 1940 lucri
1610 1884 1863 1956 corporei
1906 1899 2098 1948 causa,

509 1978 641 2049 quid
675 1977 801 2033 dico
833 1976 903 2031 de
957 1974 1113 2030 lucro
1161 1982 1218 2028 et
1257 1974 1528 2030 utilitate?
1566 1974 1679 2030 imo
1736 1974 2097 2040 laborantem,

506 2068 862 2131 esurientem,
894 2064 1266 2129 verberatum,
1302 2061 1660 2134 ﬂagellatum,
1703 2072 2098 2135 contemptum,

509 2162 606 2218 sed
639 2158 1001 2215 nihilominus
1040 2154 1218 2211 ollicio
1248 2169 1353 2211 suo
1385 2154 1662 2224 functum,
1689 2167 1742 2214 et
1768 2155 1933 2212 fidem
1964 2172 2102 2227 prac-

509 2252 806 2306 dicantem.
841 2246 1179 2304 Esuriebat?
1210 2246 1309 2301 sed
1336 2247 1476 2304 alios
1519 2247 1738 2315 alebat;
1777 2256 2097 2304 contemne-

511 2345 644 2401 bant
675 2342 842 2399 eum?
889 2340 986 2395 sed
1029 2338 1228 2394 deinde
1273 2340 1654 2408 mirabantur;
1703 2339 2105 2397 verberabant?

512 2438 609 2494 sed
634 2438 684 2493 ei
716 2436 879 2491 [idem
906 2431 1270 2499 adhibebant;
1302 2434 1697 2503 expellebant?
1725 2434 1823 2491 sed
1855 2433 2103 2505 require-

512 2527 673 2595 bant;
736 2523 1133 2597 ﬂagellabaut?
1177 2524 1270 2581 sed
1328 2524 1569 2582 sudariis
1637 2532 1693 2580 et
1745 2524 2107 2581 sueceutor'iis

512 2620 764 2690 corporis
793 2621 915 2691 ejus
967 2621 1194 2676 vulnera
1243 2619 1533 2675 sanabant.
1573 2616 1717 2673 Num
1747 2615 1915 2690 igitur
1952 2617 2106 2687 parvi

514 2713 783 2769 momenti
809 2713 916 2768 hoc
945 2713 1327 2771 testimonium
1380 2720 1488 2779 est,
1518 2710 1777 2783 quodque
1817 2709 1907 2764 his
1943 2717 2107 2764 antea

514 2806 679 2862 dictis
707 2806 949 2877 indigeat
982 2816 1044 2862 ut
1067 2821 1171 2862 nos
1200 2819 1393 2862 onmes
1420 2800 1884 2861 commonefaciat
1905 2800 2107 2859 Filium

516 2898 614 2954 Dei
647 2913 771 2955 esse
802 2898 1123 2954 Christum?

516 3007 851 3079 QUESTIO
910 3008 1267 3079 CCLXXXIV

1097 3075 1479 3143 cccxxxvu
1498 3075 1539 3148 1.

522 3200 665 3270 Quid
693 3200 793 3258 hoc
824 3200 894 3256 sit
925 3215 944 3254 :
980 3217 999 3252 ι
1036 3197 1340 3270 Prohibitus
1379 3212 1495 3270 sum
1522 3162 1884 3270 usqueadlmc
1912 3203 1970 3247 ut
2005 3192 2110 3247 ali-

873 3285 1027 3342 quem
1054 3270 1290 3340 fructum
1320 3267 1543 3320 Imbeam
1568 3266 1704 3337 (81).
1728 3284 1746 3317 ι

1348 3005 1517 3121 Egilia
1556 3001 1882 3071 CCXCVIII,
1937 3000 2105 3059 Taur.
2137 3058 2184 3121 ϐ

2201 1821 2304 1859 πον
2329 1808 2698 1861 καταλιπόντα
2728 1807 2965 1877 πατρίδα
3003 1807 3099 1861 καὶ
3127 1808 3284 1877 γένος
3320 1809 3539 1880 τρέχειν
3581 1808 3669 1871 είς
3694 1807 3800 1862 ἀλ-

2200 1900 2444 1974 λοτρίαν,
2475 1900 2730 1971 οὐδεμιᾶς
2750 1899 3072 1974 ὠφελείαςῆ
3104 1901 3331 1973 κέρδους
3358 1902 3521 1956 ἕνεκα
3549 1918 3802 1972 σωματιο

2204 1993 2334 2051 κοῦ·
2365 1993 2420 2048 τί
2446 1992 2591 2063 λέγω
2620 1992 2845 2065 κέρδους
2870 1992 2965 2046 καὶ
2991 1990 3292 2062 ὠφελεία;;
3324 1991 3463 2047 ἀλλὰ
3487 1990 3799 2057 κοπιῶντα,

2202 2086 2567 2160 λιμώττοντα,
2593 2087 2952 2157 τυπτόμενον,
2978 2086 3398 2156 μαστιζόμενον,
3427 2084 3801 2158 ὑπερορώμεο

2204 2197 2318 2244 νον,
2347 2180 2484 2235 ἀλλά
2532 2181 2684 2251 ὅμως
2723 2180 2784 2233 τὸ
2816 2180 3016 2234 οἰκεῖον
3064 2178 3227 2250 ἔργον
3272 2178 3510 2235 ἀνύοντα
3540 2181 3641 2235 καὶ
3696 2180 3804 2252 τὴν

2207 2274 2393 2329 πίστιν
2422 2272 2865 2343 καταγγέλλοντα
2890 2287 2905 2303 ·
2939 2272 3271 2344 ὲλίμωττενς
3302 2272 3441 2328 ἀλλὰ
3474 2274 3572 2328 καὶ
3597 2273 3805 2337 ἄλλους

2208 2367 2471 2439 ἔτρεφεν·
2496 2365 2831 2438 ὑπερεώρων
2869 2364 3058 2433 αὐτόν;
3086 2365 3203 2420 ἀλλ’
3237 2365 3467 2438 ὕστερον
3501 2367 3601 2421 καὶ
3635 2367 3805 2421 eous-

2212 2458 2413 2530 μαζον·
2450 2459 2717 2525 ἔτυπτονς
2755 2458 2874 2513 ἀλλ’
2901 2446 3224 2513 ἐπίστευον·
3252 2459 3516 2524 ἐδίωκονς
3547 2459 3671 2514 ἀλλ’
3708 2461 3808 2513 ἐπ-

2210 2553 2440 2624 εζήτουν
2459 2570 2474 2584 ·
2505 2551 2836 2621 ὲμάστιζονς
2886 2552 3023 2606 ἀλλὰ
3043 2552 3135 2607 διὰ
3154 2552 3264 2606 τῶν
3298 2552 3602 2623 σουδαρίων
3630 2552 3806 2607 αὐτοῦ

2211 2649 2305 2702 καὶ
2325 2647 2693 2719 σιμικινθίων,
2723 2646 2832 2700 τῶν
2867 2645 3198 2717 σωματικῶν
3232 2646 3662 2723 ρπηλλάσσοντο
3693 2663 3806 2717 μα-

2213 2739 2451 2808 στίγων·
2498 2736 2608 2810 ἆρα
2643 2737 2720 2809 μὴ
2764 2737 2962 2811 μικρὸν
3012 2736 3318 2810 μαρτύριον
3346 2736 3507 2791 τοῦτο
3546 2737 3583 2809 ἢ
3618 2738 3809 2791 ἐνδέον

2211 2832 2321 2886 τῶν
2349 2833 2766 2905 προειρημένων
2791 2872 2807 2899 ,
2856 2833 2938 2896 εἰς
2960 2831 3025 2886 τὸ
3065 2829 3369 2902 ἐπιγνῶναι
3410 2830 3626 2896 πάντας
3675 2831 3809 2886 rte»

2213 2923 2352 2980 Θεοῦ
2377 2921 2518 2981 εἶναι
2542 2925 2633 2979 τὸν
2655 2923 2927 2996 Χριστόνς

2735 3040 3071 3096 ΕΡΩΊἩΣΙΣ
3110 3040 3279 3098 ΡΠΔ’.

2223 3199 2284 3254 Τί
2314 3197 2445 3252 ἐστι
2461 3211 2509 3249 ⁸(
2530 3195 2640 3253 Καὶ
2669 3194 2987 3265 ἐκωλύθην
3008 3197 3144 3268 ἄχρι
3169 3197 3278 3252 τοῦ
3301 3197 3502 3268 δεῦρο,
3530 3199 3639 3255 ἵνα
3664 3214 3808 3269 καρ-

2743 3269 2865 3323 πόν
2888 3286 3022 3323 τινα
3053 3269 3185 3339 σχῶ
3197 3284 3218 3334 ;
3251 3288 3271 3322 ι

1172 3384 1310 3435 Edita
1331 3398 1360 3433 a
1389 3380 1517 3433 Maio
1548 3382 1606 3444 (ι.
1638 3394 1683 3431 c.
1714 3394 1765 3443 p.
1802 3378 1907 3439 N2,
1939 3378 2047 3439 145,
2079 3391 2129 3441 q.
2161 3377 2363 3441 294.)—
2392 3378 2686 3442 Explaualio
2720 3380 2773 3431 in
2805 3382 2946 3433 Rom.
2981 3395 3017 3444 t,
3050 3380 3128 3431 15.

592 3466 722 3523 Haec
752 3466 945 3535 verba,
977 3466 1197 3538 opinor,
1230 3466 1569 3537 transposita
1620 3473 1770 3531 sunt,
1797 3470 1853 3520 et
1886 3462 1995 3518 illis
2024 3462 2115 3519 hic

522 3575 742 3628 sensus,
777 3560 895 3616 haec
923 3569 1007 3617 est
1031 3559 1370 3616 continuitas
1402 3577 1416 3614 :
1456 3577 1475 3611 ι
1506 3556 1644 3625 Quia
1681 3572 1825 3627 saepe
1852 3554 2112 3627 proposui

522 3654 710 3710 venire
751 3654 820 3709 ad
852 3667 952 3709 vos
1002 3660 1063 3707 ut
1107 3652 1346 3723 aliquem
1390 3650 1629 3706 fructum
1663 3650 1917 3712 habeam,
1971 3647 2109 3703 etin

522 3747 699 3802 vobis.
733 3764 752 3797 ›
790 3742 891 3799 llic
915 3752 1098 3799 autem
1131 3744 1199 3799 ad
1228 3759 1325 3799 eos
1358 3742 1680 3807 adveniens,
1714 3755 1881 3797 causa
1915 3739 2113 3796 fuisset

523 3853 623 3893 cur
651 3837 908 3906 copiosos
934 3836 1155 3906 pietatis
1184 3837 1394 3892 fructus
1433 3834 1660 3889 ferrent.
1700 3832 1857 3889 Haud
1896 3832 2107 3898 nescio,

524 3931 724 4000 inquit,
777 3930 938 3984 fidem
994 3944 1243 3999 sparsam
1293 3942 1417 3984 esse
1459 3928 1600 3982 inter
1624 3941 1743 3990 vos,
1801 3927 1897 3983 sed
1944 3926 2111 3982 etiam

525 4021 665 4076 hanc
687 4019 1007 4091 frugiferam
1042 4019 1156 4074 ﬁeri
1187 4019 1576 4074 desideroetiu
1608 4020 1786 4087 vobis,
1810 4026 1869 4073 ut
1898 4018 2112 4075 fructus

522 4128 748 4183 carpere
780 4112 1009 4183 possim.
1051 4110 1244 4168 Vestra
1279 4112 1421 4166 enim
1450 4126 1571 4167 mea
1600 4110 1783 4179 duco;
1818 4111 1864 4167 si
1895 4111 2111 4166 videam

524 4207 740 4262 fructus
783 4205 838 4260 in
870 4204 1048 4273 vobis,
1117 4204 1189 4259 ita
1248 4204 1495 4271 laetabor,
1534 4203 1760 4275 perinde
1802 4219 1866 4259 ac
1923 4205 1968 4259 si
2012 4217 2114 4275 ego

521 4301 738 4356 fructus
776 4300 1002 4367 ferrem,
1050 4299 1229 4369 iisque
1282 4306 1513 4354 ornatus
1546 4314 1749 4354 essem.
1799 4298 1893 4354 Sic
1941 4298 2109 4352 iutcr-

521 4393 825 4466 pretandus
877 4392 969 4449 hic
1024 4393 1202 4459 locus,
1265 4394 1507 4449 admissa
1558 4391 1892 4447 inversione.
1952 4389 2109 4444 Tunc

522 4486 669 4541 enim
712 4486 862 4557 leges
908 4499 1032 4555 qua:
1085 4494 1393 4555 sequuntur
1425 4501 1439 4538 :
1472 4501 1489 4535 ι
1524 4484 1590 4538 Ει
1631 4483 1940 4553 prohibitus
1981 4496 2103 4536 sum

2294 3467 2431 3520 Καθ’
2462 3464 2770 3538 ὑπερϐατὸν
2799 3465 3051 3537 είρῆσθαί
3083 3483 3173 3535 μοι
3217 3463 3382 3530 δοκεῖ,
3413 3464 3479 3517 't'v‘
3572 3465 3639 3519 τὸ
3668 3466 3810 3521 κατὰ

2220 3559 2503 3630 συνέχειαν
2533 3558 2705 3621 οὕτως
2723 3574 2738 3590 ·
2773 3576 2792 3610 ι
2831 3556 3099 3621 Πολλάκις
3125 3556 3441 3627 προεθέμην
3470 3556 3653 3611 ἐλθεῖν
3673 3559 3812 3628 πρὸς

2217 3653 2386 3724 ὑμᾶς,
2423 3651 2510 3706 ἵνα
2538 3651 2661 3704 τινὰ
2698 3648 2911 3720 καρπὸν
2940 3648 3055 3720 σχῶ
3080 3665 3095 3681 ·
3133 3650 3228 3703 καὶ
3258 3650 3369 3721 γὰρ
3406 3649 3440 3719 ἡ
3473 3650 3671 3704 τούτου
3707 3669 3812 3704 πα-

2220 3745 2412 3819 ρουσία
2438 3747 2659 3807 πάντως
2692 3742 2892 3805 αὐτοὺς
2917 3745 3292 3814 καρποφορεῖν
3319 3745 3581 3812 εποίησεν
3604 3743 3678 3798 ἂν
3712 3744 3814 3815 τὴν

2213 3839 2529 3892 εὐσέϐειαν·
2582 3836 2644 3890 τὸ
2680 3834 2737 3889 δὲ
2768 3833 3003 3906 καρπὸν,
3034 3830 3174 3901 οἶδα,
3212 3834 3399 3906 φησιν,
3439 3836 3521 3889 ὅτι
3554 3839 3588 3908 ἡ
3614 3837 3813 3902 πίστις

2210 3932 2341 4002 ὑμῖν
2373 3929 2731 3998 ὲνέσπαρται,
2776 3927 2917 3985 ἀλλὰ
2959 3928 3057 3983 καὶ
3086 3929 3301 3999 καρπὸν
3350 3930 3499 3998 σχεῖν
3546 3929 3815 4000 ἐπιθυμῶ

2210 4023 2341 4095 παρ’
2368 4023 2524 4094 ὐμῶν
2557 4006 2645 4076 ἵνα
2699 4022 2913 4093 καρπὸν
2946 4022 3060 4093 σχῶ
3084 4036 3099 4052 ·
3131 4021 3200 4076 τὰ
3243 4021 3353 4093 γὰρ
3383 4022 3653 4093 ὑμέτερα,
3698 4024 3815 4094 ὲμὶ

2210 4116 2534 4189 λογίζομαι·
2569 4116 2636 4169 ἂν
2684 4115 2777 4170 οὖν
2816 4116 2911 4170 ἴδω
2946 4114 3161 4187 καρπὸν
3203 4116 3261 4168 ἐν
3285 4117 3437 4186 ὑμῖν,
3485 4114 3669 4181 οὕτως
3720 4118 3814 4171 εὐο

2213 4210 2602 4281 φρανθήσομαι
2633 4209 2709 4273 ὡς
2736 4208 2899 4272 αὐτὸς
2928 4206 3042 4278 ἐγὼ
3064 4207 3156 4262 τὸν
3183 4208 3397 4279 καρπὸν
3424 4208 3587 4279 ἔχων,
3620 4210 3725 4265 καὶ
3754 4213 3813 4263 ἐν

2212 4302 2393 4374 τούτῳ
2424 4302 2613 4373 κομῶν
2639 4319 2654 4333 ·
2688 4300 2834 4355 οὕτω
2865 4300 2967 4373 μὲν
2994 4301 3104 4375 γὰρ
3142 4300 3192 4353 εἰ
3220 4300 3345 4355 καθ’
3383 4300 3698 4372 ὑπερϐατόν
3728 4322 3812 4367 τις

2213 4394 2438 4448 ὲκλὰϐοι
2493 4394 2556 4448 τὸ
2597 4393 2832 4466 χωρίον·
2884 4393 3041 4448 ἔσται
3079 4394 3189 4466 γὰρ
3240 4392 3302 4446 τὸ
3344 4392 3586 4463 ἑφεξῆς·
3632 4413 3655 4448 σ
3698 4396 3814 4451 Καὶ

2211 4485 2494 4557 ἐκωλύθην
2519 4484 2648 4556 ἄχρι
2675 4484 2772 4539 τοῦ
2799 4484 2989 4554 δεῦρο·
3030 4502 3052 4537 ι
3070 4484 3119 4538 εί
3139 4484 3197 4539 δὲ
3220 4483 3297 4556 μὴ
3316 4483 3439 4537 καθ’
3467 4485 3812 4557 ὑπερϐατὸν,

523 4590 698 4647 usque
727 4576 911 4631 adhuc
932 4575 975 4629 ⁸.
1014 4595 1034 4628 ι
1088 4574 1393 4646 Repudiata
1436 4584 1619 4630 autem
1662 4574 1996 4641 inversione,
2029 4574 2104 4629 sic

2212 4576 2355 4631 οὕτω
2368 4576 2587 4649 νοηθείη
2604 4577 2670 4632 ἄν
2692 4591 2705 4606 ·
2724 4576 3068 4645 Ἔκωλύθην
3094 4575 3234 4647 ἄχρι
3252 4575 3362 4631 τοῦ
3383 4575 3581 4644 δεῦρο,
3597 4577 3709 4630 ἀνα
3716 4579 3816 4648 μὲ-

523 4669 638 4724 fere
680 4668 1097 4741 intelligendum
1151 4685 1166 4723 :
1204 4667 1513 4723 Prohibitus
1563 4684 1680 4723 sum
1708 4684 1869 4739 usque
1917 4666 2115 4734 adhuc,

520 4770 853 4833 exspectans
888 4761 1066 4817 donec
1112 4758 1237 4815 ﬁdei
1291 4759 1505 4816 fructus
1555 4760 1609 4815 in
1660 4762 1816 4817 vobis
1852 4760 2115 4818 viderem.

522 4856 815 4921 Quomodo
864 4856 1033 4926 igitur
1085 4855 1326 4912 fructum
1385 4856 1663 4911 feremus?
1716 4855 1850 4923 Quae
1908 4855 2116 4913 utilitas

524 4948 793 5002 adventus
835 4948 953 5001 tui?
987 4947 1264 5025 lmo.vero
1308 4948 1516 5015 multa;
1551 4962 1659 5003 non
1694 4948 1865 5017 enim,
1914 4949 2114 5021 inquit,

523 5054 721 5095 omnes
760 5038 999 5107 fructus,
1043 5049 1100 5097 at
1148 5040 1373 5113 quidam
1423 5041 1616 5097 saltem
1664 5043 1895 5114 neglecti
1942 5052 2107 5111 sunt;

524 5146 674 5187 nunc
713 5132 876 5189 venio
911 5142 990 5199 ιιι,
1016 5133 1132 5204 jam
1169 5132 1370 5198 seduli,
1421 5149 1517 5204 per
1551 5150 1639 5191 me
1668 5136 1846 5207 parati
1877 5136 1999 5193 sitis
2042 5138 2111 5194 ad

527 5223 771 5294 reliquos
823 5222 1037 5282 fructus
1082 5225 1364 5283 ferendos.
1402 5224 1616 5283 Etenim
1672 5240 1731 5284 ut
1780 5244 2113 5299 supervaca-

526 5331 690 5371 neum
747 5324 832 5372 est
883 5315 1101 5375 fructus
1143 5318 1378 5374 eximios
1427 5320 1681 5377 edentem
1713 5320 1977 5389 excitare,
2032 5319 2114 5377 sic

609 5501 631 5534 ³
653 5500 810 5557 Rom.
843 5515 883 5570 t,
916 5502 970 5557 5.
1047 5500 1068 5532 ι
1092 5480 1255 5555 nom.
1293 5501 1446 5567 t,15.

607 5709 720 5779 (81)
748 5709 892 5765 Idem
914 5706 1071 5766 Pauli
1105 5718 1286 5766 textus
1316 5726 1371 5781 q.
1403 5708 1519 5766 XCI
1546 5708 1855 5781 exponitur.

2217 4687 2326 4725 νων
2368 4668 2587 4741 καρπὸν
2636 4668 2736 4739 τῆς
2767 4668 3006 4731 πίστεως
3038 4669 3095 4721 ὲν
3139 4669 3270 4740 ὑμῖν
3307 4668 3468 4722 ἰδεῖν·
3494 4667 3551 4721 τί
3607 4667 3709 4723 οὖν
3746 4671 3815 4723 ἂν

2214 4763 2309 4818 καὶ
2331 4761 2813 4834 καρποφορῶμεν;
2848 4761 2932 4823 τίς
2974 4761 3133 4833 χρεία
3164 4760 3267 4833 τῆς
3308 4759 3411 4831 σῆς
3448 4762 3812 4832 παρουσίας;

2214 4855 2387 4928 πολλὴ
2419 4855 2521 4926 μὲν
2545 4850 2639 4908 οὖν
2657 4871 2671 4885 ·
2698 4854 2759 4907 οὐ
2787 4854 2897 4926 γὰρ
2927 4854 3103 4908 πάντα
3132 4853 3225 4907 τὸν
3246 4854 3461 4924 καρπόν
3490 4871 3661 4927 φησιν
3691 4856 3815 4910 ἀνέ-

2217 4964 2401 5019 μενον,
2441 4946 2579 5002 ἀλλὰ
2611 4946 2736 5001 τινὰ
2768 4947 2981 5018 καρπόν
3004 4962 3019 4977 ·
3050 4946 3139 5001 ἵνα
3172 4947 3455 5019 πρόθυμον
3500 4947 3666 5013 αὐτὸς
3698 4966 3811 5002 πα-

2222 5044 2552 5116 ρασκευάσω
2576 5044 2672 5098 καὶ
2698 5042 2808 5097 τῶν
2832 5040 3091 5096 λείποντα
3120 5042 3309 5115 φέρειν
3340 5042 3554 5117 καρπόν
3577 5059 3591 5072 ·
3612 5042 3813 5114 ὥσπερ

2221 5136 2332 5207 γὰρ
2390 5134 2645 5210 περιττὸν
2690 5134 2753 5188 τὸ
2799 5134 2891 5189 τὸν
2943 5134 3166 5199 τελείως
3204 5134 3666 5211 καρποφοροῦντα
3728 5135 3813 5189 δι-

2218 5229 2465 5294 δάσκειν,
2499 5227 2643 5282 οὕτω
2672 5227 2955 5292 παντελῶς
2986 5228 3247 5281 ἐπίπονον
3285 5228 3381 5282 καὶ
3416 5227 3695 5298 μοχθηρὸν
3720 5227 3815 5281 τὸν

2226 5321 2474 5392 μηδόὶως
2503 5323 2583 5385 εἰς
2614 5320 2925 5393 εὐκαρπίαν
2958 5318 3262 5394 εὔχρηστον
3291 5319 3368 5390 τῷ
3404 5320 3505 5392 τῆς
3548 5319 3816 5375 διδασκα-

2044 5584 2277 5655 NOTAE,
