3848 6324
24 310 250 381 1117

784 314 882 373 AD
925 308 1520 371 AMPIIILOCHIUM
1559 308 1909 382 QUJESTIO
1949 306 2742 375 CCLXXXIV-‘CCLXXXVI

3272 302 3411 375 1118

38 423 236 492 lia;
263 427 485 498 ἀρότρῳ
509 425 905 498 ἐξεργάζεσθαι
944 423 1041 478 καλ⁸
1073 422 1339 493 ἀροτριᾷν
1359 439 1373 453 ’
1400 424 1449 476 εί
1474 422 1581 495 γὰρ
1616 423 1713 477 καὶ

1834 422 1978 477 nulli
2006 431 2063 477 et
2088 419 2327 492 improbi
2362 418 2571 474 laboris
2603 428 2688 474 est
2717 433 2848 473 arva
2888 417 3137 490 frugibus
3184 420 3415 476 minime

44 520 329 592 κλητοὶ,
359 520 477 573 ἀλλ’
507 514 601 573 οὖν
634 517 793 590 χρεία
822 517 918 571 καί⁸
951 517 1055 586 τῆς
1098 514 1307 580 οίκείας
1336 516 1715 587 προαιρέσεως

42 614 205 667 καὶ
249 613 488 684 σπουδῆς
510 627 528 645 ο
569 630 588 665 ι
637 612 791 666 Ἐπεὶ
829 610 926 664 καὶ
972 609 1161 663 πολλοὶ
1198 607 1410 681 κλητοὶ,
1458 608 1629 679 ὀλίγοι
1654 608 1714 663 δὲ

50 704 388 762 ἐκλεκτοί.
424 724 443 757 ι

638 921 974 976 ΕΡΩΤΗΣΙΣ
1028 921 1116 975 ΣΠ
1124 922 1198 977 E'.

66 1084 174 1137 Τί
203 1085 344 1137 ἐστι
365 1098 379 1113 ⁸
414 1099 437 1136 ι
452 1082 810 1147 Δικαιοσύνη
826 1083 937 1151 γὰρ
962 1082 1113 1137 Θεοῦ
1136 1082 1208 1136 ἐν
1228 1081 1388 1148 αὐτῷ
1402 1082 1715 1137 ἀποκαλύ-

735 1169 945 1207 πτεται
965 1170 985 1218 ;
1016 1173 1034 1207 ι

1844 525 1970 590 apta
2025 523 2213 572 aratro
2248 516 2517 572 doctrinae
2544 524 2760 570 vertere
2782 524 2839 570 et
2864 517 3137 583 subigere.
3168 516 3227 573 Si
3265 517 3416 581 enim

1818 608 2003 664 vocati
2049 606 2211 673 estis,
2248 616 2306 662 at
2332 605 2494 662 vobis
2533 620 2675 677 opus
2708 614 2793 660 est
2830 606 3050 677 propria
3088 618 3267 665 vestra
3299 609 3416 665 cle-

1816 697 2025 764 ctione,
2058 696 2301 768 pr0priis
2332 695 2551 763 studiis,
2593 712 2613 749 ι
2644 694 2800 750 Multi
2850 697 2994 751 enim
3047 707 3177 753 sunt
3212 700 3415 767 vocati,

1818 789 1981 861 pauci
2006 803 2141 844 vero
2174 787 2331 844 electi
2350 789 2396 843 ⁸.
2428 805 2450 841 ι

1826 921 2161 993 ΩῸᾸΞΞΤΙΟ
2216 920 2548 1008 (ΣΟΙΑΧΧΧΥ
2608 920 2807 1045 quid.
2879 921 3175 991 CCXCIX,
3247 923 3413 978 Taur.

2389 991 2615 1045 LLLXX
2678 992 2858 1045 Villi.

2389 991 2787 1049 chxxxvm
2813 992 2858 1065 ].

1877 1088 2023 1156 Quid
2049 1090 2121 1145 sit
2152 1104 2172 1145 :
2208 1086 2484 1143 (Iustitia
2521 1086 2662 1140 enim
2694 1085 2790 1140 Dei
2824 1086 2880 1141 in
2914 1103 2974 1141 eo
3005 1086 3301 1143 reveletur?
3340 1106 3357 1139 ι

766 1266 910 1318 Edita
938 1280 967 1317 a
998 1265 1124 1316 Maio
1156 1266 1212 1330 (1.
1246 1280 1291 1318 c.
1325 1281 1375 1331 p.
1413 1267 1519 1330 N5,
1552 1267 1661 1327 Hi,
1693 1280 1744 1330 q.
1776 1266 1910 1331 295).
1931 1294 1995 1303 —
2025 1264 2322 1328 Explanatio
2351 1265 2405 1313 in
2434 1262 2579 1311 Rom.
2608 1272 2643 1321 ι,
2676 1259 2752 1310 17.

178 1356 516 1428 Δικαιοσύνη
548 1357 656 1427 γὰρ
680 1355 839 1422 Θεοῦ,
868 1356 1174 1424 τουτέστιν,
1214 1358 1249 1427 ἡ
1270 1358 1585 1428 δικαιοσύνη
1620 1356 1715 1412 τοῦ

64 1449 253 1503 Θεοῦ
276 1450 337 1503 ὲν
358 1449 431 1520 τῷ
456 1449 775 1519 Εὑαγγελίῳ
794 1448 963 1505 αὐτοῦ
994 1449 1449 1505 ἀποκαλύπτεται
1480 1452 1576 1505 καὶ
1611 1468 1715 1519 φα-

74 1539 375 1611 νεροῦται
394 1556 410 1571 ·
448 1540 566 1603 πῶς
594 1538 689 1593 καὶ
716 1539 837 1595 τίνα
858 1540 1093 1612 τρόπον;
1127 1543 1191 1595 ἐκ
1226 1541 1467 1607 πίστεως
1494 1542 1595 1611 μὲν
1622 1540 1716 1595 τοῦ

1890 1356 2111 1411 Justitia
2152 1355 2299 1411 enim
2338 1352 2458 1421 Dei,
2491 1354 2543 1408 id
2568 1362 2675 1417 est,
2710 1351 2925 1423 justitia
2957 1349 3051 1406 Dei
3079 1351 3133 1405 in
3165 1349 3417 1420 Evange-

1821 1448 1897 1504 lio
1931 1463 2036 1503 suo
2084 1447 2329 1503 revelata
2378 1454 2434 1502 et
2482 1453 2711 1502 retecta.
2758 1443 3089 1511 Quomodo?
3125 1443 3352 1498 Proﬁuit
3384 1458 3416 1497 ο

1821 1543 1927 1599 ﬁde
1968 1542 2375 1615 proselytorum
2411 1539 2643 1611 justitiaa
2692 1538 2891 1593 divina:
2935 1536 3310 1592 manifestatio
3354 1545 3410 1591 et

82 1632 461 1703 προσιόντος,
489 1632 589 1703 τὴν
617 1631 794 1705 ἀρχὴν
824 1632 1181 1704 λαμϐάνουσα
1223 1634 1324 1705 τῆς
1350 1633 1713 1706 φανερώσεως

1834 1633 2106 1701 revelatio,
2154 1646 2461 1702 rursusque
2486 1629 2702 1702 justitia
2748 1629 3037 1684 credentes
3064 1626 3319 1697 propellit
3360 1635 3417 1682 ct

84 1726 210 1779 καὶ
244 1725 641 1797 ἀποκαλύψεως
662 1743 675 1756 ·
716 1727 799 1791 είς
837 1727 1021 1782 πίστιν
1052 1726 1110 1781 δὲ
1144 1728 1463 1798 προάγουσα
1498 1730 1594 1782 καὶ
1624 1746 1715 1783 τε-

84 1818 345 1871 λειοῦσα
372 1817 465 1871 τὸν
499 1817 942 1885 πεπιστευκότα,
975 1818 1244 1889 εἰλικρινῆ
1291 1822 1385 1874 καὶ
1418 1818 1713 1892 ἀκέραιον

88 1908 216 1979 οὐχ
244 1910 316 1979 ἢν
331 1909 518 1979 τέχναι
545 1910 964 1981 συγκροτοῦσιν,
984 1910 1100 1965 ἀλλ’
1126 1911 1197 1982 ἥν
1225 1914 1259 1981 ή
1282 1910 1491 1966 ἀνωθεν
1519 1911 1720 1982 ἐλλαμ-

89 2000 208 2070 qn;
234 2001 575 2073 χαριζομένη
599 2001 675 2073 τῷ
707 2003 894 2073 μέτρῳ
916 2004 1153 2074 παρέχει
1177 2002 1280 2074 τῆς
1303 2004 1680 2076 προαιρέσεως
1700 2019 1715 2035 ·

94 2092 260 2163 αὕτη
278 2093 390 2165 γάρ
415 2095 568 2147 ἐστιν
595 2096 629 2166 ὴ
654 2094 750 2148 τοῦ
778 2094 916 2150 Θεοῦ
957 2096 1462 2169 ἀποκαλυπτομένη
1503 2096 1592 2152 διὰ
1621 2096 1718 2151 τοῦ

100 2186 460 2255 Εὐαγγελίου
483 2186 821 2259 δικαιοσύνη,
844 2189 927 2243 ὅτι
950 2190 1172 2261 σπέρμα
1197 2190 1435 2253 πίστεως
1460 2189 1717 2260 εὑροῦσα,

102 2279 340 2349 καρπὸν
367 2278 671 2352 βλαστῆσαι
704 2282 1090 2351 παρεσκεύασε
1108 2282 1347 2344 πίστεως
1369 2299 1383 2312 ·
1402 2282 1593 2335 ἔστιδὲ
1623 2283 1720 2335 καὶ

104 2375 305 2437 ἄλλως
328 2373 622 2428 ὑπολαϐεῖν
658 2374 755 2446 τὴν
776 2374 1017 2429 διάνοιαν
1037 2375 1133 2429 τοῦ
1168 2374 1335 2448 ῥητοῦ
1355 2391 1369 2405 ο
1388 2376 1470 2430 ὅτι
1491 2378 1547 2431 ὲν
1570 2375 1720 2446 αὐτῷ

104 2464 199 2536 τῷ
222 2464 537 2518 πιστεύοντι
568 2466 602 2535 ἡ
628 2465 944 2538 δικαιοσύνη
990 2466 1087 2521 τοῦ
1121 2466 1258 2520 Θεοῦ
1290 2466 1596 2539 καθορᾶται
1628 2468 1721 2522 καὶ

104 2556 491 2626 γινώσκεται*
524 2557 608 2611 ὃτι
652 2559 858 2629 μικρὰν
907 2559 1093 2612 πίστιν
1120 2558 1496 2631 προαιρέσεως
1540 2558 1721 2613 λαϐὼν

107 2649 257 2720 παρ’
283 2647 470 2712 αὑτοῦ,
487 2648 616 2718 ὅλην
638 2649 789 2721 αύτῷ
812 2650 911 2722 τὴν
941 2650 1004 2716 ἐξ
1027 2652 1422 2723 ἀποκαλύψεως
1446 2655 1540 2709 καὶ
1572 2655 1722 2720 Θείας

108 2740 382 2810 γνώσεως
418 2739 604 2795 πίστιν
628 2742 934 2813 παρέσχετο
957 2784 972 2810 ,
999 2744 1063 2797 ὲκ
1104 2744 1204 2814 τῆς
1229 2744 1456 2811 ἀτελοῦς
1484 2746 1721 2812 πίστεως

111 2835 202 2898 εἰς
262 2832 504 2904 μεγάλην
556 2834 720 2887 αὐτὸν
767 2837 1194 2907 χειραγωγήσας
1246 2838 1339 2892 καὶ
1386 2841 1723 2911 καταρτίσας

114 2928 365 2991 πίστεως
395 2927 708 2999 τελειότητα
738 2945 753 2961 ο
785 2924 904 2983 εἷτα
924 2928 1110 2992 καθὼς
1137 2929 1448 3003 γέγραπται
1472 2950 1487 2965 ο
1518 2951 1537 2985 ι
1587 2934 1645 2988 '0
1664 2934 1721 2987 δὲ

112 3020 331 3083 δίκαιος
353 3019 417 3074 ἐκ
436 3020 676 3083 πίστεως
700 3019 925 3091 ζήσεται
950 3037 964 3051 ⁸
991 3039 1009 3073 ι
1051 3021 1127 3092 μὴ
1178 3023 1403 3096 νομίσῃς
1460 3024 1539 3091 δὲ,
1572 3026 1727 3094 φησὶ,
1758 3032 1802 3091 C

119 3109 319 3163 καινὸν
350 3107 446 3161 καὶ
468 3108 782 3179 πρόσφατον
808 3125 822 3139 ·
888 3108 1046 3161 τοῦτο
1097 3115 1419 3183 προφητικῇ
1451 3116 1602 3184 φωνῇ
1628 3114 1721 3169 τοῦ

131 3201 458 3271 Ἀϐϐακοὺμ
486 3202 693 3256 ἀνωθεν
720 3200 1265 3272 προανακηρύττεται
1286 3220 1300 3235 ⁸
1326 3206 1459 3276 ποίᾳ
1503 3206 1680 3281 ταύτῃ
1705 3226 1719 3275 ;

122 3312 148 3347 ι
172 3295 233 3348 ’0
260 3295 319 3348 δὲ
343 3294 548 3357 δίκαιος
562 3297 627 3348 ὲκ
651 3294 887 3359 πίστεως
913 3296 1161 3365 ζήσεται·
1196 3314 1215 3347 ι
1242 3299 1541 3365 τουτέστιν,
1572 3302 1721 3373 ήτοῦ

116 3387 338 3441 δικαίου
368 3387 465 3440 καὶ
480 3388 769 3441 σπουδαίου
798 3388 933 3457 ζωή·
949 3387 1157 3443 δίκαιον
1186 3390 1296 3463 γὰρ
1312 3392 1404 3445 τὸν
1425 3394 1604 3447 πᾶσαν
1623 3394 1723 3466 τὴν

119 3481 332 3551 ἀρετὴν
358 3479 781 3552 κατορθώσαντα
832 3479 928 3535 νῦν
979 3480 1127 3551 λέγει
1152 3498 1167 3513 ·
1203 3483 1396 3537 τούτου
1430 3483 1571 3556 οῦνή
1606 3486 1721 3559 ζωὴ

119 3572 316 3624 πίστει
347 3570 464 3623 ἐστὶ
486 3572 871 3644 περατουμένη
902 3573 997 3627 καὶ
1030 3592 1094 3627 συ
1104 3592 1211 3646 μπε
1223 3576 1394 3647 ριλαμ
1410 3576 1683 3650 ϐανομένη
1703 3596 1717 3609 ·

122 3663 361 3733 ἄρχεται
400 3663 498 3733 μὲν
515 3664 624 3735 γὰρ
649 3663 759 3719 ἀπὸ
786 3664 887 3735 τῆς
917 3668 1062 3721 κατὰ
1096 3667 1415 3739 προαίρεσιν
1438 3670 1675 3736 πίστεως
1701 3688 1717 3705 ο

121 3755 357 3825 τελευτᾷ
390 3755 447 3807 δὲ
484 3756 580 3809 καὶ
623 3757 1071 3826 ἀποπερατοῦται
1124 3761 1204 3823 εἰς
1230 3760 1332 3831 τὴν
1379 3763 1520 3815 κατὰ
1570 3764 1723 3819 Θείαν

122 3847 475 3916 ἀποκάλυψιν
502 3849 689 3903 πίστιν
711 3866 724 3880 ·
754 3850 834 3903 διὸ
854 3851 942 3905 ἀεὶ
974 3852 1003 3904 ό
1027 3851 1237 3914 δίκαιος
1263 3853 1327 3905 ἐκ
1356 3853 1593 3919 πίστεως
1619 3855 1687 3925 ζῆ
1704 3871 1719 3888 ·

120 3940 189 3993 τὸ
221 3939 281 3993 δὲ
316 3940 574 4010 ζήσεται,
609 3942 690 3995 ὅτι
724 3942 824 3996 οὐκ
857 3940 1018 4012 ἔζησε
1048 3942 1167 4013 μὲν,
1188 3944 1455 4000 παύσεται
1483 3946 1561 4012 δὲ,
1588 3948 1724 4002 ἀλλά

124 4032 230 4085 καὶ
285 4032 454 4085 εἰσέτι
487 4032 739 4104 ζήσεται,
788 4035 864 4098 ὡς
907 4036 1001 4088 καὶ
1045 4037 1311 4107 πρότερον
1344 4038 1516 4108 ζήσας
1542 4055 1556 4070 ο
1586 4040 1723 4111 ὅπερ

124 4120 250 4177 ἶσον
270 4123 374 4194 τῷ,
403 4125 491 4179 ἀεὶ
515 4124 582 4197 ζῇ
610 4127 673 4179 ὲκ
700 4126 935 4191 πίστεως
966 4143 983 4160 ο
1013 4127 1074 4181 τὸ
1104 4127 1159 4181 δὲ
1187 4127 1449 4196 ζήσεται,
1468 4130 1722 4203 ἀντὶτοῦ,

124 4214 220 4267 διὰ
260 4213 464 4278 παντὸς
492 4215 552 4269 ὲν
579 4214 716 4288 αὐτῇ
744 4215 897 4269 ἔσται
939 4216 1035 4270 καὶ
1064 4219 1487 4290 στηριχθήσεται
1516 4235 1532 4250 ·
1584 4220 1723 4275 ὥστε

130 4305 271 4378 μηδὲ
292 4308 393 4379 ζῇν
424 4306 701 4380 αἱρεῖσθαι
731 4309 901 4380 χωρὶς
921 4310 1114 4379 αὐτῆς,
1140 4310 1274 4381 μηδὲ
1295 4312 1576 4367 ἀναπνεῖν.

645 4418 982 4473 ΕΡΩΤΗΣΙΣ
1008 4419 1191 4487 Σηςι.

137 4576 203 4631 Τί
228 4575 358 4630 ἐστι
393 4575 457 4629 τὸ
481 4574 642 4647 παρὰ
673 4573 755 4641 τῷ
798 4576 1134 4647 Ἀποστόλφ
1161 4577 1475 4647 εἰρημένον
1497 4595 1514 4612 ο
1550 4597 1570 4633 ι
1605 4583 1727 4635 Πα-

445 4646 666 4715 ράδοτε
691 4646 880 4701 αὑτὸν
920 4646 1000 4713 τῷ
1029 4646 1311 4717 Σατανᾷ,
1350 4667 1370 4701 ι

1753 4381 1799 4437 D

1825 1724 2119 1782 conﬁrmat
2148 1724 2201 1780 in
2228 1724 2389 1779 ﬁdem
2413 1738 2607 1795 puram
2646 1729 2812 1793 atque
2844 1720 3218 1790 incorruptam
3248 1735 3413 1790 quam

1825 1833 1934 1873 non
1972 1826 2121 1874 artes
2149 1817 2415 1883 indicant,
2453 1817 2549 1873 sed
2574 1816 2749 1886 gratia
2780 1813 2969 1870 divina
2990 1812 3228 1882 desuper
3257 1812 3417 1868 nobis

1824 1918 2023 1977 sponte
2067 1922 2166 1963 sua
2204 1905 2420 1961 tribuit.
2468 1904 2597 1961 Haec
2634 1912 2721 1960 est
2745 1903 2893 1959 enim
2928 1902 3113 1958 divina
3140 1902 3233 1957 illa
3260 1917 3417 1958 reve-

1824 1994 1933 2050 lata
2003 2009 2102 2067 per
2154 1993 2508 2066 Evangelium
2560 1992 2814 2065 justitia,
2861 2008 2986 2063 quae
3033 1992 3250 2048 inventa
3292 1991 3417 2047 ﬁdei

1825 2084 2040 2139 semina
2083 2083 2215 2140 fecit
2266 2092 2327 2139 ut
2364 2086 2741 2155 germinarent
2791 2084 2915 2140 ﬁdei
2964 2083 3198 2141 fructus.
3247 2084 3420 2140 Alitvr

1830 2184 2010 2230 tamen
2040 2174 2210 2244 hujus
2239 2175 2389 2231 verbi
2420 2190 2620 2231 sensus
2656 2176 2888 2247 intelligi
2914 2184 3129 2248 potest,
3160 2176 3234 2231 ita
3269 2177 3419 2233 scili-

1827 2277 1914 2323 cet
1946 2286 1961 2322 :
1999 2268 2189 2323 Divina
2219 2269 2521 2340 percipitur
2565 2278 2620 2324 et
2647 2270 2990 2339 dignoscitur
3019 2269 3231 2340 justitia
3284 2270 3419 2340 ipsis

1828 2358 1883 2413 in
1944 2360 2298 2417 credentibus
2337 2361 2458 2431 qui,
2525 2369 2817 2433 postquam
2875 2362 2985 2417 Deo
3044 2363 3419 2433 praestiterunt

1828 2448 2101 2504 modicam
2159 2466 2225 2504 ex
2281 2452 2567 2507 voluntate
2626 2452 2812 2517 ﬁdem,
2850 2452 3121 2523 integram
3169 2453 3417 2508 vicissim

1828 2541 2105 2611 accipiant
2146 2541 2500 2598 revclationis
2537 2552 2594 2598 et
2632 2543 2830 2597 divina:
2865 2544 3111 2599 scientia:
3146 2544 3330 2611 ﬁdem,
3365 2554 3421 2600 ct

1828 2644 1897 2685 ex
1928 2630 2078 2685 inani
2109 2632 2350 2701 quadam
2388 2631 2492 2686 ﬁde
2522 2630 2590 2687 ad
2638 2647 2911 2688 summam
2944 2632 3097 2687 illam
3138 2632 3262 2687 ﬁdei
3293 2648 3420 2704 pcr-

1830 2719 2149 2783 t‘cctionem,
2205 2721 2363 2792 quasi
2424 2736 2590 2777 manu
2652 2722 2920 2791 perducti,
2980 2722 3415 2779 constituuntur.

1830 2814 1987 2883 Quod
2017 2823 2201 2869 autem
2242 2814 2441 2870 deinde
2476 2815 2743 2885 scriptum
2778 2824 2864 2869 est
2898 2834 2910 2870 :
2943 2834 2963 2867 ι
2996 2813 3188 2871 Justus
3229 2816 3284 2870 in
3316 2815 3422 2870 ﬁde

1831 2922 1933 2963 sua
1996 2908 2143 2964 vivet
2171 2908 2216 2973 ⁸,
2257 2922 2326 2963 ne
2354 2908 2661 2973 existimes,
2716 2908 2917 2979 inquit,
2958 2909 3065 2964 hoc
3111 2924 3314 2964 novum
3365 2917 3421 2963 et

1836 3017 2031 3058 recens
2059 3018 2203 3059 esse.
2236 3000 2352 3059 Hoc
2384 3002 2711 3073 jampridem
2763 3002 2908 3058 enim
2941 3002 3259 3074 prophetica
3287 3017 3421 3058 voce

1837 3092 2097 3151 Habacuc
2152 3096 2553 3166 proclamatum
2610 3103 2717 3150 est.
2773 3094 3097 3161 Quomodo?
3148 3112 3168 3147 ι
3224 3094 3418 3151 Justus

1834 3196 2019 3241 autem
2050 3186 2105 3241 in
2134 3187 2241 3242 ﬁde
2285 3203 2384 3243 sua
2418 3187 2631 3241 vivet".
2668 3205 2687 3239 ι
2729 3185 2845 3243 Hoc.
2878 3187 2980 3242 viri
3007 3186 3163 3258 probi
3204 3187 3419 3258 etjusti

1824 3278 1997 3332 vitam
2033 3279 2329 3350 signiﬁcat.
2382 3277 2573 3333 Justus
2606 3278 2752 3334 enim
2784 3286 3045 3334 censetur
3086 3277 3183 3349 qui
3226 3279 3413 3333 omnia

1823 3384 1949 3423 cum
1976 3369 2178 3425 virtute
2207 3371 2369 3440 gerit.
2398 3368 2549 3425 Illius
2575 3384 2706 3438 ergo
2738 3370 2847 3425 vita
2883 3370 2941 3423 in
2969 3369 3072 3425 ﬁde
3108 3385 3210 3425 sua
3256 3369 3417 3440 quasi

1823 3460 2223 3530 comprehensa
2254 3470 2309 3515 et
2346 3461 2534 3517 clausa
2561 3466 2667 3526 est,
2703 3468 2757 3515 et
2794 3476 2826 3515 a
2862 3460 2969 3515 ﬁde
2999 3460 3313 3516 voluntaria
3342 3462 3420 3516 in-

1824 3550 1978 3619 cipit.
2022 3548 2368 3604 Postremum
2422 3563 2550 3603 vero
2594 3550 2661 3601 ad
2714 3548 2873 3601 ﬁdem
2916 3562 2949 3602 e
2994 3546 3180 3602 divina
3238 3557 3415 3601 ortam

1825 3641 2162 3695 revelatione
2202 3641 2472 3710 pervenit.
2514 3639 2885 3705 Quamobrem
2929 3639 3191 3694 continuo
3233 3639 3421 3709 justus

1825 3734 1881 3788 in
1916 3733 2023 3791 ﬁde
2054 3749 2153 3789 sua
2183 3730 2356 3800 vivit;
2398 3732 2665 3803 scriptum
2711 3739 2818 3797 est,
2849 3730 3016 3797 vivet,
3064 3730 3118 3785 id
3160 3738 3264 3795 est,
3305 3730 3418 3785 vita

1820 3826 1934 3896 jam
1980 3826 2182 3890 caruit,
2227 3824 2359 3879 vita:
2404 3823 2531 3878 ﬁnis
2581 3824 2713 3890 erit;
2744 3833 2799 3878 at
2828 3822 3086 3893 deinceps
3124 3821 3419 3877 reviviscet

1826 3921 1886 3969 ut
1918 3915 2074 3985 prius
2132 3913 2360 3979 vixerit;
2407 3928 2643 3984 quorum
2684 3927 2882 3967 sensus
2923 3912 3069 3967 idem
3124 3919 3212 3967 est
3253 3919 3419 3982 atque

1826 4008 1920 4065 ille
1949 4025 1965 4064 :
1990 4007 2047 4062 in
2080 4006 2186 4062 ﬁde
2212 4021 2312 4063 sua
2348 4006 2611 4062 continuo
2645 4005 2804 4071 vivit,
2840 4005 2946 4059 hoc
2976 4012 3158 4059 autem
3190 4003 3414 4058 verbum

1825 4104 1957 4159 vivet
1987 4103 2213 4173 ponitur
2233 4115 2334 4173 pro
2362 4119 2377 4158 :
2408 4102 2462 4156 in
2496 4101 2588 4157 illa
2620 4110 2884 4173 perpetuo
2909 4100 3015 4156 erit
3038 4108 3094 4155 et
3123 4098 3419 4156 conﬁrma-

1827 4196 2011 4263 bitur;
2048 4194 2126 4250 ita
2171 4201 2233 4249 ut
2283 4194 2405 4250 sine
2453 4193 2546 4250 illa
2593 4208 2697 4249 nec
2736 4192 2942 4261 vivere,
2990 4205 3095 4247 nec
3138 4190 3417 4261 respirare

1827 4288 2026 4359 possit.

1900 4416 2235 4488 QUESTIO
2281 4416 2637 4505 CCLXXXV!
2701 4415 2912 4540 ξϐοἰει.
2965 4413 3124 4484 CCC,
3174 4413 3345 4469 Taur.

2410 4488 2696 4540 (LLXXX
2726 4486 2814 4540 XL

2410 4486 2814 4559 suum].

1827 4585 1946 4652 Quo
1985 4591 2181 4656 spectet
2222 4583 2319 4637 hoc
2354 4579 2852 4706 Αριξὶιῖἔιξηέξνὺιιηι
2879 4594 2900 4635 :
2934 4598 2953 4631 ι
2987 4577 3206 4633 Tradite
3264 4575 3417 4632 illum

721 4765 867 4816 Edita
899 4781 927 4818 a
959 4766 1083 4817 Maio
1112 4767 1171 4830 (Ι.
1205 4781 1249 4819 c.
1284 4783 1332 4832 p.
1362 4768 1469 4832 tu,
1501 4783 1551 4834 q.
1576 4771 1713 4836 296).
1735 4800 1798 4814 —
1818 4773 1946 4835 Quid
1969 4773 2035 4822 sit
2062 4770 2261 4821 tradere
2292 4768 2502 4828 Satanae,
2532 4768 2549 4817 l
2584 4766 2694 4817 Cor.
2719 4779 2769 4827 v,
2795 4766 2841 4816 5.

207 4848 335 4902 Ὅτι
347 4847 407 4901 τὸ
427 4847 760 4920 παραδοῦναι
783 4850 946 4905 αὑτὸν
962 4851 1041 4923 τῷ
1061 4854 1276 4924 Σατανᾷ
1292 4854 1419 4925 περὶ
1435 4852 1527 4907 τοῦ
1551 4856 1733 4926 ἡμαρ-

133 4940 366 5011 τηκότος
409 4937 701 5011 Κορινθίου
751 4940 829 5013 τῷ
856 4940 1131 5015 θεσπεσίῳ
1162 4943 1358 5016 Παύλῳ
1412 4945 1729 5015 εἰρημένον,

136 5036 276 5099 ἐστι,
308 5033 463 5104 φησι,
491 5032 693 5099 ἐξῶσαι
723 5034 887 5088 αὐτὸν
908 5034 1353 5109 τῆςἘκκλησίας
1371 5053 1388 5070 ο
1415 5038 1464 5091 οἱ
1487 5035 1597 5107 γὰρ
1625 5035 1735 5090 τῶν

150 5125 493 5196 Ἐκκλησιῶν
544 5125 946 5197 ἐξωθούμενοι,
980 5127 1087 5194 ἔξω
1112 5133 1213 5201 τῆς
1255 5129 1405 5194 θείας
1456 5130 1734 5200 γινόμενοι

137 5215 505 5289 κηδεμονίας,
565 5217 671 5272 ὑπὸ
729 5219 827 5291 τὴν
885 5219 1082 5292 βουλὴν
1137 5222 1233 5275 καὶ
1268 5220 1365 5292 τὴν
1415 5221 1733 5275 δυναστείαν

138 5311 402 5364 πίπτουσι
446 5311 546 5382 τὴν
606 5311 818 5365 ἐκείνου
839 5328 856 5345 ο
907 5312 1090 5378 καλῶς
1123 5314 1182 5368 δὲ
1235 5314 1484 5384 ἐπήγαγε
1508 5313 1602 5366 καὶ
1636 5312 1728 5365 τό·

146 5428 165 5460 ι
188 5407 281 5470 El;
300 5404 520 5477 δλεθρον
534 5407 632 5477 τῆς
652 5409 877 5479 σαρκὸς,
892 5430 911 5463 ι
934 5410 1149 5475 δεικνὺς
1166 5411 1246 5464 ὅτι
1265 5409 1385 5463 οὐδὲ
1402 5408 1558 5462 τοῦτο
1576 5410 1735 5477 ἀφει-

140 5500 227 5571 δίᾳ
258 5501 403 5552 ποιεῖ
426 5499 519 5551 καὶ
552 5499 722 5568 μίσει,
747 5502 862 5557 ἀλλ’
887 5503 972 5557 ἴνα
996 5507 1064 5575 τῇ
1092 5504 1260 5575 πείρᾳ
1285 5504 1504 5571 γνόντες
1535 5501 1594 5554 τὸ
1619 5500 1733 5554 διά-

143 5610 329 5663 φομν,
380 5590 519 5661 πρὸς
571 5595 938 5667 μεταμέλειαν
996 5596 1292 5652 νεύσωσιν·
1346 5593 1488 5647 οὕτω
1533 5609 1591 5645 τε
1631 5592 1733 5660 τῆς

228 5780 247 5810 ⁸
270 5777 462 5834 Matth.
488 5793 583 5846 ιι,
616 5776 701 5833 16.
780 5776 983 5833 “Rom.
1025 5794 1065 5843 ι,
1098 5778 1186 5833 t7.
1260 5782 1278 5813 ⁷
1308 5780 1514 5835 llabac.
1552 5795 1614 5844 ll,
1652 5776 1702 5831 ί.

1834 5776 1845 5836 ι
1887 5776 2018 5834 Cor.
2053 5791 2103 5845 v,
2144 5774 2197 5833 5.

1901 4853 2019 4910 Hoc
2040 4854 2292 4921 verbum,
2328 4871 2346 4904 ι
2378 4848 2602 4905 Tradite
2632 4848 2783 4903 illum
2804 4848 3043 4917 Satanae,
3072 4865 3091 4899 ι
3114 4847 3260 4918 quod
3287 4863 3419 4918 pro-

1833 4953 1954 5019 pter
1982 4946 2253 5003 Corinthii
2294 4952 2578 5015 peccatum
2609 4941 2771 4997 divus
2811 4940 2980 4996 edidit
3005 4938 3231 5005 Paulus,
3274 4942 3417 4997 idem

1830 5054 1918 5098 est
1958 5055 2025 5097 ac
2070 5040 2118 5096 si
2164 5038 2435 5095 dixisset:
2463 5035 2663 5107 Ejicite
2694 5034 2845 5089 illum
2903 5048 2971 5088 ex
3004 5032 3280 5099 Ecclesia;
3322 5034 3419 5105 qui

1832 5134 1981 5191 enim
2021 5132 2235 5204 expulsi
2292 5138 2424 5187 sunt
2469 5143 2536 5184 ex
2576 5125 2822 5183 Ecclesia
2869 5133 2926 5181 et
2966 5126 3125 5195 cjecti
3155 5140 3187 5181 e
3233 5126 3418 5183 divina

1835 5231 2154 5280 sanctorum
2196 5220 2482 5285 aﬁinitate,
2527 5214 2758 5272 arbitrio
2807 5223 2861 5270 et
2904 5214 3166 5285 potestati
3199 5215 3420 5273 Satanae

1830 5315 2263 5386 permittuntur;
2326 5320 2382 5368 et
2424 5308 2631 5380 optime
2692 5306 2936 5377 adjecit:
2975 5324 2994 5359 ι
3024 5304 3082 5362 ln
3136 5307 3415 5364 interitum

1831 5405 2015 5461 carnis
2038 5404 2097 5469 ';
2133 5423 2151 5455 ›
2191 5402 2488 5459 ostendens
2537 5400 2608 5454 ita
2643 5412 2703 5454 se
2732 5396 2960 5453 minime
2995 5396 3335 5453 crudelitatis
3364 5407 3420 5453 ct

1831 5495 1941 5553 odii
1971 5510 2138 5552 causa
2159 5495 2209 5550 id
2230 5493 2434 5558 facere,
2457 5489 2553 5547 sed
2572 5487 2899 5559 utexemplo’
2928 5487 3100 5556 docti,
3143 5499 3413 5560 quantum

1834 5594 2122 5649 interesset
2158 5591 2327 5646 Deum
2359 5589 2499 5645 inter
2521 5601 2587 5643 ac
2620 5583 2907 5651 Satanam,
2938 5582 3005 5640 ad
3036 5582 3412 5655 paenitentiam

2273 5776 2292 5807 ⁹
2318 5774 2447 5830 ibid.
