3930 6218
431 267 571 333 1119

1527 271 1795 333 ΡΗΟΤῙΙ
1834 272 2341 335 ΡΑΤΒΙΛΒΟΗᾸΞ
2390 276 2499 336 Ci’.

3568 280 3713 347 1120

427 394 763 457 spectarent,
794 393 957 456 atque
991 385 1065 440 ita
1098 400 1161 440 ex
1201 394 1468 457 potestate
1497 387 1700 444 diaboli
1730 391 1937 460 egressi
1962 398 2016 447 et

2122 392 2439 457 δυναστείας
2470 393 2563 445 τοῦ
2579 392 2822 447 διαϐόλου
2858 394 2963 460 ἔξω
2994 395 3271 467 γινόμενοι
3301 399 3367 470 τῇ
3396 397 3491 451 τοῦ
3526 401 3717 470 κρείτ-

428 478 640 534 tneliori
675 478 943 533 electione
976 476 1141 543 facta,
1172 476 1416 533 futuram
1460 479 1695 533 salutem
1734 494 2017 536 mererena

432 579 562 625 tur:
601 568 749 624 unde
782 575 835 624 et
867 569 1110 639 adjecit:
1147 588 1167 622 ι
1200 567 1275 625 Ut
1303 569 1530 639 spiritus
1548 558 1733 626 salvus
1749 572 1820 627 sit
1844 571 1898 627 in
1928 572 2017 627 die

429 658 648 716 Domini
680 659 857 716 nostri
887 658 1020 715 Jesu
1049 658 1284 715 Christi.
1318 678 1337 710 ι

758 850 1089 921 ρυλΕεΤιο
1128 851 1513 908 CCLxxxvn
1539 854 1673 926 (se).

434 947 573 1013 Quid
603 947 701 1001 hoc
730 948 902 1002 valeat
935 962 953 1000 :
985 965 1003 997 ι
1028 946 1094 1000 In
1126 947 1285 1015 ﬁnem
1336 963 1430 1015 pro
1475 964 1538 1000 ea
1571 963 1688 1017 qua:
1730 947 2015 1002 [neredita-

910 1029 1016 1071 tem
1047 1018 1387 1086 consequitur
1411 1018 1475 1072 ¹⁰.
1509 1040 1528 1070 ο

2115 498 2270 544 τονος
2310 483 2655 553 αίρέσει,τῆς
2708 486 2987 555 σωτηρίας
3022 487 3222 551 αὐτοὺς
3264 488 3365 558 τῆς
3408 488 3720 561 μελλούσης

2116 577 2541 646 καταστήσωσιν
2571 577 2758 642 ἀξίους
2787 594 2804 609 ·
2834 580 2957 632 ὅθεν
2977 581 3072 633 καὶ
3102 582 3407 651 ἐπήγαγεν·
3447 601 3468 635 ι
3498 582 3620 636 ἰνα
3650 584 3716 636 τὸ

2116 670 2337 742 πνεῦμα
2368 671 2518 742 σωθῇ
2545 673 2602 726 ἐν
2632 674 2697 744 τῇ
2729 673 2916 745 ἡμέρᾳ
2960 673 3051 727 τοῦ
3086 676 3295 747 Κυρίου
3327 676 3486 747 ήμῶν
3527 676 3714 747 Ἰησοῦ

2112 763 2374 835 Χριστοῦ.
2416 784 2435 817 ι

2649 857 2985 912 ΕΡΩΤΗΣΙΣ
3007 859 3171 913 ΣΠΖ’.

2130 954 2191 1007 Τί
2241 953 2443 1007 ἐστιν·
2505 971 2525 1005 ι
2558 954 2665 1020 Είς
2706 953 2773 1006 τὸ
2832 951 3010 1039 τέλος
3059 953 3213 1021 ὑπὲρ
3256 954 3366 1022 τῆς
3410 959 3717 1024 κληρονο-

2743 1039 3017 1092 μουσης;
3051 1042 3070 1074 ι

584 1134 725 1185 Edita
747 1147 775 1182 a
802 1134 925 1183 Maio
960 1134 1016 1195 (ι.
1044 1146 1087 1183 c.
1111 1146 1159 1195 p.
1188 1132 1296 1194 1H,
1328 1132 1441 1194 145,
1466 1147 1516 1195 q.
1539 1133 1674 1193 297).
1706 1162 1769 1172 —
1791 1136 1917 1195 Quid
1949 1134 2043 1185 sibi
2080 1138 2185 1186 vult
2218 1136 2268 1186 in
2302 1136 2628 1200 inscriptione
2652 1137 2957 1187 Psalmorum
2986 1140 3140 1190 illud:
3169 1156 3185 1188 ι
3220 1142 3274 1191 In
3308 1142 3455 1192 tinem
3474 1142 3500 1193 ?
3529 1159 3549 1191 ι

501 1219 631 1274 Tria
673 1219 830 1274 nobis
857 1218 959 1273 hac
986 1218 1054 1272 de
1079 1218 1383 1288 quaestione
1424 1220 1802 1289 inwstiganda
1835 1227 1965 1275 sunt
1997 1239 2013 1274 :

431 1310 565 1379 Quae
592 1310 805 1365 haeres?
835 1309 993 1377 Quod
1024 1309 1461 1379 patrimonium?
1501 1308 1566 1363 Et
1594 1310 1816 1381 quando
1846 1311 2017 1365 haere-

431 1404 609 1460 ditas?
638 1401 825 1458 Haeres
865 1411 950 1457 est
977 1400 1246 1464 Ecclesia,
1292 1409 1347 1457 et
1391 1402 1537 1457 illius
1566 1404 1886 1473 plenitudo;
1918 1419 2018 1474 pa-

430 1497 751 1553 trimonium
788 1496 937 1568 quod
972 1511 1082 1551 non
1117 1496 1253 1550 vidit
1277 1495 1493 1563 oculus,
1535 1511 1637 1552 nec
1669 1497 1821 1554 auris
1855 1498 2015 1553 audi-

2187 1222 2328 1293 Τρία
2360 1223 2494 1291 ήμίν
2523 1221 2631 1275 ἀπὸ
2667 1222 2768 1292 τῆς
2797 1224 3111 1295 ἐπιγραφῆς
3164 1226 3457 1298 ζητήματα
3499 1226 3704 1281 ἀνακύ·

2116 1330 2241 1365 πτει
2270 1329 2285 1345 ·
2316 1312 2399 1375 τίς
2428 1313 2463 1382 ή
2497 1312 2933 1384 κληρονομοῦσα,
2957 1316 3041 1379 τίς
3063 1318 3093 1369 6
3132 1316 3355 1389 κλῆρος,
3390 1319 3485 1372 καὶ
3516 1319 3653 1374 πότε
3678 1323 3714 1391 ἡ

2114 1405 2454 1477 κληρονομία
2477 1420 2491 1435 ·
2541 1404 2959 1477 κληρονομοῦσα
2989 1406 3089 1476 μέν
3127 1408 3276 1461 ἐστιν
3329 1408 3362 1479 ἡ
3404 1409 3715 1481 Ἐκκλησία

2115 1500 2209 1553 καὶ
2245 1499 2306 1552 τὸ
2338 1498 2613 1570 πλήρωμα
2663 1499 2861 1571 αὐτῆς·
2896 1497 3097 1570 κλῆρος
3120 1499 3177 1552 δὲ
3213 1501 3248 1553 ἂ
3287 1500 3567 1572 ὀφθαλμὸς
3605 1494 3715 1556 οὐῖι

430 1590 530 1655 vit,
574 1599 627 1645 et
654 1603 950 1660 quousque
1001 1603 1100 1643 cor
1144 1588 1388 1643 hominis
1440 1603 1551 1643 non
1606 1589 1856 1661 erigitur,
1906 1590 2012 1645 hoc

2122 1587 2224 1645 εἶδε
2248 1632 2261 1656 ,
2292 1594 2387 1645 καὶ
2407 1590 2500 1654 οὓς
2527 1591 2629 1645 οὐκ
2656 1591 2884 1662 ἢκουσε,
2906 1594 3003 1645 καὶ
3026 1590 3118 1644 ἐπὶ
3150 1592 3382 1663 καρδίαν
3412 1592 3713 1664 ἀνθρώπου

432 1683 550 1753 ipse
603 1681 795 1738 forsan
861 1681 1068 1735 revelat
1113 1680 1347 1735 dicens:
1382 1679 1448 1734 In
1505 1682 1683 1750 ﬁnem,
1727 1684 1876 1753 quod
1932 1692 2016 1738 est

432 1773 681 1829 futurum
711 1787 912 1837 aevum,
946 1786 1051 1825 non
1078 1779 1261 1826 autem
1292 1784 1567 1841 praesens;
1593 1790 1692 1828 cur
1718 1789 1818 1829 nos
1846 1775 2017 1831 hmre-

431 1871 529 1923 des
556 1866 844 1922 inscribit?
870 1865 1142 1931 Quoniam
1169 1866 1312 1920 ﬁlios
1348 1866 1488 1921 Deus
1516 1868 1813 1937 adoptavit.
1839 1868 2019 1935 Quos-

432 1962 600 2017 nam?
631 1960 855 2031 Dignos.
887 1961 991 2027 Qui
1026 1967 1209 2014 autem
1237 1959 1422 2030 digni?
1451 1959 1558 2026 Qui
1596 1962 1855 2017 mandata
1896 1977 2017 2017 ser-

433 2062 585 2109 vant.
611 2053 689 2108 De
711 2053 803 2107 illa
826 2052 1041 2108 haerede
1063 2051 1268 2107 Paulus
1295 2052 1433 2107 dixit
1464 2071 1478 2107 :
1512 2071 1530 2104 ι
1564 2051 1839 2122 Despondi
1874 2053 2019 2108 enim

432 2160 532 2200 vos
567 2145 659 2200 uni
685 2146 805 2199 viro
828 2144 1093 2215 virginem
1124 2153 1332 2200 castam
1362 2144 1623 2200 exhibere
1649 2142 1873 2199 Christo
1899 2144 1965 2200 ¹¹.
1997 2163 2016 2197 ›

435 2235 503 2290 Et
543 2233 785 2290 Joannes
833 2235 967 2290 dicit
1000 2252 1014 2290 :
1053 2253 1071 2286 ι
1108 2234 1212 2301 Qui
1258 2234 1424 2290 habet
1466 2250 1744 2305 sponsam,
1784 2251 2021 2306 sponsus

432 2334 517 2384 est
539 2329 619 2395 ¹²;
652 2344 671 2380 ι
707 2328 803 2383 sed
839 2326 931 2382 hic
967 2343 1227 2397 sponsus,
1270 2339 1393 2398 post
1421 2342 1624 2398 paucos
1646 2328 1787 2392 dies,
1819 2329 2021 2384 amoris

431 2422 542 2475 vim
595 2420 857 2491 dispellit,
904 2427 1092 2474 noster
1135 2427 1320 2474 autem
1367 2433 1607 2489 sponsus
1662 2434 1882 2489 semper
1919 2434 2022 2475 nos

435 2522 603 2581 amat,
645 2527 865 2584 semper
911 2511 1189 2583 protendit
1232 2525 1497 2566 amorem.
1537 2508 1693 2577 Quod
1730 2511 2022 2566 conﬁrmat

435 2604 676 2659 Joannes
733 2618 996 2674 sponsum
1051 2602 1207 2657 illum
1267 2602 1583 2673 appellans;
1642 2617 2020 2675 sponsumque

435 2710 543 2751 non
573 2695 669 2767 qui
718 2702 933 2751 tantum
979 2694 1266 2750 desideriis
1298 2693 1527 2759 ferveat,
1577 2696 1671 2750 sed
1716 2695 1883 2750 etiam
1922 2695 2017 2766 qui

433 2790 565 2845 velit
603 2804 794 2845 omnes
840 2803 962 2844 esse
996 2804 1167 2843 unum
1199 2802 1403 2858 corpus
1452 2798 1508 2843 et
1544 2801 1708 2843 unam
1749 2788 2013 2855 animam,

444 2890 505 2937 ut
551 2890 742 2937 nostra
786 2881 1008 2937 virtutis
1051 2891 1107 2937 et
1157 2883 1364 2938 amoris
1397 2881 1515 2953 lege
1545 2892 1872 2953 praeceptum
1911 2893 2015 2938 est.

2118 1684 2218 1736 οὐκ
2247 1682 2413 1752 ἀνέϐη
2443 1699 2457 1716 ·
2487 1682 2549 1735 τὸ
2572 1682 2629 1735 δὲ
2657 1682 2785 1736 πότε
2812 1722 2827 1748 ,
2852 1683 3016 1747 αὐτὸς
3036 1682 3300 1754 ἐδήλωσεν
3327 1682 3515 1751 εἰπὼν,
3545 1687 3625 1749 εξς
3653 1688 3717 1738 τὸ

2118 1774 2270 1839 τέλος
2288 1791 2301 1805 ·
2325 1775 2464 1844 ὅπερ
2496 1774 2647 1827 ἐστὶν
2669 1776 2697 1828 6
2725 1774 2960 1845 μέλλων,
2995 1774 3111 1830 ἀλλ’
3136 1775 3235 1845 οὐχ
3252 1776 3281 1828 6
3315 1774 3508 1845 παρὼν
3535 1776 3674 1830 αἰών
3699 1794 3713 1805 ·

2118 1865 2258 1918 διατί
2304 1863 2359 1917 δὲ
2397 1864 2771 1936 κληρονόμους
2800 1865 2951 1936 ἡμᾶς
2993 1867 3298 1938 ἐγγραφει;
3335 1866 3418 1919 ὅτι
3466 1867 3717 1937 υἱοποιή-

2122 1975 2253 2011 σατο
2277 1975 2291 1990 ·
2322 1958 2475 2023 τίνας
2507 1958 2601 2026 δές
2636 1958 2762 2023 τοὺς
2791 1959 2974 2026 ἀξίους
3011 1975 3024 1988 ·
3053 1958 3191 2023 ἄξιοι
3220 1960 3277 2014 δὲ
3308 1961 3488 2027 τίνες;
3523 1964 3572 2015 οἱ
3602 1962 3717 2015 τῶν

2120 2050 2349 2105 ἐντολῶν
2401 2050 2672 2121 φύλακες·
2707 2054 2838 2126 περὶ
2888 2052 3091 2123 ταύτης
3117 2054 3217 2122 τῆς
3259 2053 3717 2125 κληρονομούσης

2121 2144 2217 2197 καὶ
2248 2144 2278 2196 6
2305 2142 2514 2207 Παῦλος
2544 2143 2731 2212 ἔλεγεν
2754 2159 2768 2173 ·
2807 2161 2827 2195 ι
2876 2144 3238 2215 Ἦρμοσάμην
3266 2146 3396 2215 ὑμῖν
3435 2146 3719 2218 παρθένον

2120 2232 2292 2302 ἁγνὴν
2326 2232 2411 2285 ἑνὶ
2434 2232 2589 2303 ἀνδρὶ
2638 2234 2986 2305 παραστῆσαι
3033 2234 3113 2305 τῷ
3167 2235 3423 2306 Χριστῷ·
3487 2256 3506 2289 ι
3556 2237 3711 2291 καὶὸ

2132 2324 2388 2395 Ἰωάννης
2430 2325 2627 2396 φησίν·
2694 2344 2714 2378 ι
2767 2326 2826 2381 '0
2867 2325 3008 2398 ἔχων
3060 2325 3160 2398 τὴν
3206 2327 3427 2399 νύμφην
3477 2329 3718 2399 νυμφίος

2121 2416 2287 2469 ἐστίν·
2320 2435 2338 2468 ι
2366 2417 2481 2470 ἀλλ’
2506 2421 2535 2471 6
2558 2417 2656 2489 μὲν
2678 2418 2912 2473 ἐνταῦθα
2937 2412 3167 2490 νῦμφίος
3194 2422 3332 2490 μετὰ
3353 2422 3450 2485 τὰς
3482 2422 3716 2493 πρώτας

2119 2508 2335 2579 ἡμέρας
2390 2509 2650 2564 καταλύει
2680 2511 2742 2563 τὸ
2774 2511 3007 2583 σφοδρὸν
3035 2512 3130 2565 τοῦ
3158 2512 3363 2583 ἔρωτος
3384 2551 3399 2578 ,
3420 2516 3450 2567 6
3481 2514 3538 2567 δὲ
3570 2516 3717 2585 ήμέο

2117 2616 2277 2672 τερος
2319 2602 2549 2672 νυμφίος
2602 2601 2753 2672 μένει
2805 2602 3068 2674 διηνεκῶς
3115 2604 3349 2672 ἀγαπῶν
3392 2606 3579 2674 ἡμᾶς,
3614 2606 3719 2659 καὶ

2119 2693 2407 2749 ἐπιτείνων
2465 2695 2558 2749 τὸν
2604 2694 2806 2749 πόθον·
2867 2697 3006 2768 ὅπερ
3084 2696 3262 2769 δηλῶν
3323 2699 3354 2751 6
3426 2698 3717 2768 Ἰωάννης,

2117 2788 2351 2857 νυμφίον
2387 2788 2550 2842 αὐτὸν
2578 2790 2869 2845 ἐπεκάλει·
2897 2791 2981 2844 ὅτι
3025 2791 3370 2863 ἀκμάζοντες
3395 2792 3445 2845 oi
3502 2792 3667 2846 πόθοι
3698 2807 3713 2821 ·

2117 2880 2177 2931 ού
2211 2879 2302 2933 διὰ
2328 2879 2487 2934 τοῦτο
2518 2881 2572 2933 δὲ
2606 2881 2765 2951 μόνον
2790 2883 3044 2953 νυμφίος,
3077 2883 3215 2937 ἀλλὰ
3246 2884 3343 2937 καὶ
3386 2884 3470 2937 δτι
3499 2885 3719 2947 πάντας

440 2972 504 3027 Et
534 2972 999 3045 quemadmodum
1027 2989 1231 3045 sponsa
1269 2973 1455 3029 omnia
1486 2972 1621 3028 facit
1651 2983 1710 3029 ut
1753 2975 1870 3029 viro
1902 2974 2018 3045 pla-

2124 2969 2182 3023 ἓν
2216 2971 2375 3042 σῶμα
2398 2967 2534 3026 εἶναι
2570 2972 2819 3042 βούλεται
2850 2974 2946 3028 καὶ
2978 2974 3108 3045 μίαν
3133 2974 3312 3045 ψυχὴν
3331 2977 3474 3029 κατά
3497 2977 3587 3029 τὸν
3611 2978 3722 3047 τῆς

434 3074 577 3131 ceat,
620 3065 702 3123 sic
744 3080 847 3121 nos
890 3080 1106 3137 semper
1144 3064 1199 3120 in
1249 3065 1354 3121 hac
1382 3065 1492 3121 vita
1524 3064 1661 3122 tales
1709 3081 1832 3122 esse
1864 3066 2021 3121 debe-

436 3172 585 3225 mus,
623 3157 805 3228 qualis
845 3171 1046 3227 sponsa
1091 3157 1151 3211 in
1201 3155 1305 3211 hac
1335 3157 1446 3225 die,
1492 3171 1618 3212 cum
1680 3156 1734 3211 in
1779 3156 2020 3213 thalamo

439 3249 615 3317 sedet,
658 3249 764 3305 hoc
792 3265 963 3304 unum
1010 3249 1265 3317 sollicita,
1314 3250 1595 3320 quomodo
1622 3251 1742 3306 viro
1782 3251 2015 3322 placeat.

437 3343 612 3413 Cujus
657 3356 874 3413 sponsa:
933 3343 1144 3399 scilicet
1188 3342 1359 3399 David
1405 3346 1733 3401 recordatur
1779 3346 2017 3401 dicens:

442 3453 462 3485 ι
494 3433 683 3489 Astitit
716 3432 907 3504 regina
949 3448 981 3487 a
1030 3434 1238 3491 dextris
1264 3435 1308 3467 “
1341 3452 1359 3488 ι
1428 3444 1483 3490 et
1530 3446 1746 3492 caatera.
1801 3435 2013 3492 Vestem

438 3526 560 3595 ejus
585 3524 792 3593 vidisti,
815 3525 971 3581 visne
1002 3540 1232 3597 quoque
1252 3525 1439 3583 videre
1464 3528 1584 3599 ejus
1615 3529 2022 3585 ealceamenta?

439 3617 566 3674 llaec
599 3618 808 3675 Paulus
843 3619 1095 3674 ostendet
1124 3619 1321 3675 divina:
1354 3620 1464 3675 dux
1510 3636 1746 3691 sponsae,
1780 3621 1970 3677 dicens
2003 3640 2017 3677 :

446 3730 463 3763 ι
498 3711 563 3766 Et
601 3711 829 3767 calceati
871 3711 1037 3782 pedes
1078 3711 1129 3764 in
1163 3710 1562 3781 prwparatione
1606 3711 1884 3783 Evangelii
1925 3730 2020 3784 pa-

436 3802 602 3859 cis“.
635 3821 655 3855 ι
721 3803 886 3859 Visne
932 3803 1133 3857 intueri
1177 3812 1232 3859 et
1279 3818 1471 3858 zonam
1514 3820 1621 3874 qua
1671 3806 1742 3859 sit
1792 3821 2022 3862 concors

438 3912 566 3950 cum
606 3896 875 3951 veritate?
928 3916 946 3949 ι
980 3894 1267 3952 Prmcineti
1302 3897 1521 3951 lumbos
1549 3898 1612 3964 ¹⁵,
1649 3917 1666 3949 ι
1717 3898 1914 3970 inquit,
1965 3899 2020 3954 in

438 3988 693 4043 veritate.
730 4006 749 4040 ι
775 3986 943 4044 Visne
986 3998 1039 4042 et
1071 3989 1236 4057 pedes
1266 3988 1488 4044 videre?
1517 3989 1656 4044 Audi
1690 3990 2019 4059 Pmphetam

438 4081 751 4150 loquentem
800 4098 815 4135 :
869 4079 1087 4146 «Quam
1139 4081 1375 4147 speciosi
1427 4081 1590 4150 pedes
1636 4084 2021 4153 evangelizan-

440 4173 574 4228 tium
630 4188 861 4243 pacem,
903 4172 1396 4242 evangelizantium
1455 4174 1601 4228 bona
1627 4175 1697 4229 “l
1735 4193 1753 4225 ι
1809 4175 1872 4230 Ει
1920 4176 2022 4231 hoc

440 4266 573 4320 mihi
616 4267 961 4321 mirationem
993 4267 1235 4335 stupenti
1282 4267 1479 4322 incutit
1507 4268 1675 4337 quod,
1728 4279 2018 4340 postquam

2123 3062 2327 3133 ἀρετῆς
2373 3063 2468 3116 καὶ
2518 3061 2616 3132 τῆς
2656 3064 2876 3134 ἀγάπης
2903 3063 3090 3133 λόγον·
3121 3064 3215 3118 καὶ
3265 3064 3348 3118 ὃτι
3385 3064 3640 3137 καθάπερ
3684 3068 3720 3136 ἡ

2123 3153 2309 3226 νύμφη
2332 3155 2510 3209 πάντα
2541 3157 2685 3208 ποιεῖ
2704 3155 2841 3225 πρὸς
2878 3156 3172 3227 ἀρέσκειαν
3206 3155 3298 3211 τοῦ
3326 3157 3541 3228 ἀνδρὸς,
3571 3157 3723 3212 οὕτω

2124 3249 2219 3301 καὶ
2240 3250 2388 3320 ἡμᾶς
2412 3248 2500 3302 διὰ
2537 3250 2739 3313 παντὸς
2778 3250 2871 3302 τοῦ
2909 3248 3024 3319 βίου
3067 3249 3345 3314 τοιούτους
3393 3246 3537 3303 εἶναι
3578 3250 3719 3321 χρὴ,

2123 3340 2264 3411 οῖαή
2295 3339 2485 3411 νύμφη
2515 3340 2657 3393 κατὰ
2686 3340 2785 3411 τὴν
2814 3340 3028 3412 ἡμέραν
3061 3340 3278 3411 ἐκείνην
3304 3380 3319 3407 ,
3346 3340 3435 3394 οἵα
3477 3340 3573 3393 ἐπὶ
3603 3341 3719 3392 τῶν

2124 3434 2414 3488 παστάδων
2468 3433 2792 3500 καθέζεται,
2850 3434 2908 3488 ἓν
2973 3434 3296 3506 μεριμνῶσα
3355 3436 3515 3505 μόνον
3562 3435 3722 3497 ὅπως

2125 3525 2301 3596 ἀρέσῃ
2331 3525 2410 3597 τῷ
2448 3526 2702 3597 νυμφίῳ·
2739 3527 2944 3597 ταύτης
2974 3527 3073 3597 τῆς
3102 3526 3323 3597 νύμφης
3357 3528 3452 3580 καὶ
3485 3529 3516 3580 6
3548 3526 3723 3579 Δαόὶδ

2127 3616 2401 3687 μέμνηται
2421 3616 2594 3684 λέγων
2616 3634 2633 3651 ·
2672 3637 2689 3670 ι
2716 3618 3019 3689 Παρέστηή
3047 3617 3337 3686 βασίλισσα
3368 3618 3431 3670 ἐκ
3452 3616 3667 3681 δεξιῶν,
3696 3635 3717 3665 ι

2125 3710 2219 3761 καὶ
2249 3707 2409 3779 ἑξῆς·
2432 3708 2541 3773 ἴδες
2560 3710 2649 3762 τὸν
2677 3710 2974 3779 ἱματισμόν
3001 3724 3014 3738 ⁸
3041 3710 3215 3772 θέλεις
3241 3708 3299 3762 δὲ
3328 3709 3525 3762 εἰδέναι
3546 3710 3724 3779 αὐτῆς

2124 3802 2314 3857 καὶτὰ
2346 3802 2705 3874 ὑποδήματα;
2752 3801 2962 3866 Παῦλος
2993 3802 3233 3856 διδάσκει
3278 3803 3307 3855 6
3346 3803 3723 3873 νυμφαγωγὸς

2125 3896 2331 3965 λέγων·
2390 3913 2407 3947 ι
2460 3895 2888 3965 Ὑποδυσάμενοι
2930 3895 3057 3958 τοὺς
3088 3896 3255 3959 πόδας
3305 3896 3364 3948 ὲν
3423 3893 3724 3965 ἑτοιμασίᾳ⁵

2125 3989 2218 4042 τοῦ
2253 3989 2587 4059 Εὐαγγελίου
2612 3988 2710 4057 τῆς
2740 3989 2966 4058 εἰρήνης
2993 4003 3006 4018 ·
3047 4007 3066 4037 ι
3108 3987 3286 4049 θέλεις
3327 3986 3456 4041 ἰδεῖν
3487 3988 3584 4041 καὶ
3615 3986 3724 4057 τὴν

2125 4081 2304 4152 ζώνην
2321 4082 2437 4145 πῶς
2455 4081 2563 4134 ἀπὸ
2576 4080 2831 4151 ἀληθείας
2852 4080 3137 4149 σύγκειται
3159 4096 3173 4145 ;
3200 4097 3216 4131 ι
3248 4079 3721 4150 Περιζωσάμενοι,

2124 4177 2280 4247 φησὶ,
2315 4175 2414 4249 τὴν
2436 4175 2608 4244 ὀσφῦν
2642 4173 2801 4245 ἡμῶν
2830 4177 2887 4226 ὲν
2914 4174 3146 4245 ἀληθεία
3169 4189 3183 4204 ·
3208 4192 3225 4224 ν
3257 4173 3436 4235 θέλεις
3470 4172 3567 4226 καὶ
3590 4174 3724 4235 τοὺς

2126 4268 2292 4332 πόδας
2327 4267 2496 4330 ἱδείνς
2532 4268 2734 4321 ’Λκουε
2772 4267 2868 4319 τοῦ
2902 4266 3192 4337 Προφήτου
3234 4266 3517 4334 λέγοντος·
3558 4285 3577 4317 ι
3626 4265 3723 4327 '12;

439 4357 542 4413 hoc
577 4358 740 4413 modo
781 4371 902 4413 sese
933 4372 1170 4426 sponsus
1212 4368 1484 4425 ornasset,
1522 4361 1673 4415 venit
1707 4377 1816 4416 non
1861 4377 2017 4417 suam

2129 4358 2322 4427 ὡραῖοι
2372 4358 2422 4411 οί
2454 4357 2615 4421 πόδες
2640 4358 2750 4411 τῶν
2781 4355 3293 4427 εὐαγγελιζομένων
3334 4358 3580 4427 εἰρήνην,
3604 4356 3725 4409 τῶν

435 4458 722 4505 ostentans
755 4450 1007 4521 gloriam,
1039 4465 1107 4505 ne
1139 4450 1339 4505 eximia
1370 4452 1779 4522 pulchritudine
1804 4456 2017 4526 percel-

435 4542 573 4595 leret
598 4554 857 4610 sponsam
886 4550 1268 4611 amentemque
1299 4541 1523 4607 iaceret,
1551 4544 1644 4598 sed
1677 4545 1823 4601 venit
1852 4546 2022 4602 vesti-

434 4639 621 4687 mento
683 4630 962 4687 involutus
1027 4639 1087 4686 ut
1140 4632 1255 4702 ipsa
1309 4647 1526 4698 sponsa.
1573 4632 1705 4700 Qua:
1763 4651 1886 4691 cum
1949 4636 2020 4692 sit

434 4724 722 4796 sanguinis
772 4731 827 4779 et
884 4724 1067 4779 carnis
1107 4710 1404 4795 particeps,
1454 4740 1689 4797 sponsus
1740 4744 1849 4783 non
1897 4744 2018 4784 eam

433 4834 655 4874 sursum
686 4826 863 4881 vocat,
891 4818 985 4872 sed
1019 4818 1131 4887 ipse
1164 4818 1230 4873 ad
1254 4833 1374 4873 eam
1406 4820 1707 4887 descendit,
1739 4821 1812 4877 ita
1842 4822 2018 4894 legem

432 4915 734 4971 observans
781 4915 1090 4986 sponsalem
1120 4931 1243 4986 qum
1284 4916 1403 4970 vult
1444 4931 1709 4986 sponsum
1743 4917 1811 4972 ad
1855 4933 2021 4988 spon-

432 5022 548 5060 sam
588 5007 687 5062 ire.
719 5005 874 5073 Quod
923 5007 1162 5063 ostendit
1204 5009 1428 5074 Paulus,
1471 5009 1703 5064 dicens:
1740 5026 1759 5061 ι
1790 5008 2020 5081 Propter

438 5094 543 5149 hoc
585 5095 862 5165 relinquet
905 5095 1071 5173 homo
1114 5106 1323 5168 patrem
1371 5105 1426 5153 et
1459 5108 1688 5152 matrem
1741 5114 1921 5163 suam,
1966 5108 2020 5155 et

434 5189 735 5244 adinerebit
766 5189 948 5246 uxori.
998 5190 1418 5247 Sacramentum
1454 5192 1557 5248 hoc
1604 5206 1860 5262 magnum
1909 5202 2015 5259 est,

432 5288 540 5353 ego
564 5292 747 5338 autem
778 5282 905 5340 dico
931 5284 986 5338 in
1017 5282 1237 5339 Christo
1269 5293 1323 5339 et
1350 5285 1401 5339 in
1434 5282 1675 5340 Ecclesia
1703 5286 1769 5338 ".
1803 5305 1821 5337 ι
1853 5284 2012 5341 Post-

431 5391 595 5445 quam
626 5374 793 5445 igitur
825 5376 1150 5432 accessisset
1182 5375 1249 5429 ad
1267 5390 1482 5447 sponsm
1513 5377 1831 5443 stationem,
1860 5393 2012 5433 eam-

2123 4447 2631 4518 εὐαγγελιζομένων
2652 4448 2721 4501 τὰ
2754 4445 2935 4516 ἀγαθά
2959 4464 2976 4479 ·
3008 4467 3027 4500 ι
3075 4449 3170 4501 καὶ
3196 4448 3256 4500 τὸ
3286 4448 3350 4516 δὴ
3399 4446 3723 4517 θαυμαστὸν

2122 4542 2216 4595 καὶ
2250 4540 2570 4611 ἐκπλήξεως
2613 4539 2785 4610 γέμον
2810 4540 2893 4593 ὅτι
2923 4539 3021 4593 καὶ
3059 4540 3348 4610 κοσμήσας
3374 4539 3565 4591 τοῦτον
3621 4539 3724 4591 τὸν

2118 4634 2319 4705 τρόπον
2361 4629 2548 4706 ἦλθεν,
2598 4633 2719 4703 οὐχὶ
2772 4634 2870 4703 τὴν
2923 4634 3081 4699 δόξαν
3109 4630 3553 4701 ἐπιδεικνύμενος
3613 4630 3721 4702 τὴν

2120 4727 2338 4793 ἑαυτοῦ,
2363 4728 2449 4783 ἵνα
2476 4728 2552 4799 μὴ
2575 4724 2850 4799 ὑπερϐολὴ
2881 4724 2976 4778 τοῦ
3001 4724 3235 4787 κάλλους
3259 4721 3509 4793 ἐκπλήξῃ
3539 4722 3717 4792 αὐτὴν

2117 4823 2211 4876 καὶ
2241 4821 2571 4893 παράφρονα
2602 4820 2926 4890 ἐργάσηται,
2970 4817 3085 4871 ἀλλ’
3119 4816 3338 4889 ἔρχεται
3372 4816 3590 4886 ἱμάτιον
3612 4831 3720 4866 πε-

2120 4912 2513 4985 ριϐεϐλημένος
2542 4906 2654 4964 οἷον
2686 4913 2926 4983 ήνύμφη
2952 4926 2968 4941 ·
3005 4909 3316 4980 μετέσχηκε
3336 4907 3445 4978 γὰρ
3478 4906 3723 4972 αἵματος

2115 5004 2213 5059 καὶ
2243 5003 2447 5077 σαρκὸς
2476 5000 2879 5073 παραπλησίως
2896 5000 3032 5072 αὐτῇ
3058 5015 3074 5031 ·
3107 5000 3203 5051 καὶ
3224 4999 3324 5052 οὐκ
3352 4994 3514 5059 αὐτὸς
3542 4994 3723 5063 αὐτὴν

2116 5098 2229 5152 ἄνω
2279 5097 2469 5161 καλεῖ,
2516 5096 2633 5150 ἀλλ’
2681 5096 2843 5158 αὐτὸς
2910 5093 3049 5165 πρὸς
3098 5091 3269 5163 αὐτὴν
3322 5086 3722 5159 παραγίνεται,

2121 5190 2306 5262 τηρῶν
2340 5188 2622 5243 κάνταῦθα
2658 5189 2753 5241 τὸν
2783 5186 2878 5240 τοῦ
2913 5185 3148 5257 νυμφίου
3195 5183 3392 5252 νόμον,
3438 5180 3497 5245 ὃς
3554 5180 3726 5233 αὐτὸν

2124 5282 2246 5349 ἄγει
2284 5280 2423 5350 πρὸς
2462 5280 2561 5351 τὴν
2584 5277 2803 5349 νύμφην
2823 5294 2838 5309 ·
2871 5276 3012 5349 ὅπερ
3054 5276 3150 5328 καὶ
3182 5275 3212 5327 6
3247 5273 3457 5337 Παῦλος
3488 5272 3681 5340 ἔλεγεν
3711 5289 3725 5304 ο

2128 5394 2147 5427 ι
2184 5375 2329 5428 ’Λντὶ
2354 5374 2544 5427 τούτου
2569 5372 2885 5441 καταλείψει
2904 5369 3000 5425 ἄνθ
3009 5385 3193 5440 ρωπος
3207 5368 3299 5421 τὸν
3319 5366 3528 5437 πατέρα
3546 5364 3723 5419 αὐτοῦ

505 5496 717 5552 “’Psal.
747 5512 801 5563 ν,
831 5495 883 5550 1.
963 5495 1070 5551 “ll
1096 5495 1223 5553 Cor.
1260 5511 1337 5559 ιι,
1367 5495 1424 5550 2.
1505 5494 1728 5555 “Joan.
1762 5511 1844 5565 In,
1873 5497 1965 5554 29.
2041 5495 2255 5555 "Ps-al.
2315 5513 2455 5561 XLIV,
2504 5497 2585 5552 10.
2672 5493 2938 5565 “Ephes.
3009 5508 3083 5558 vr,
3130 5490 3214 5547 15.
3296 5489 3337 5521 ¹³
3392 5488 3497 5544 isa.
3539 5501 3727 5552 xxxii,

437 5565 525 5620 Η.
602 5568 647 5599 ¹⁶
670 5567 830 5622 Rom.
865 5582 918 5635 κ,
952 5566 1040 5621 15.
1121 5568 1161 5598 ⁸⁷
1188 5565 1390 5636 Eplu-s.
1420 5584 1473 5625 γ.
1507 5564 1594 5623 5|.

1951 5654 2185 5711 NOTAE.

508 5752 621 5822 (8:2)
653 5753 778 5809 limc
806 5752 1038 5824 qutestio
1074 5754 1225 5809 deest
1254 5750 1308 5806 in
1341 5751 1504 5806 codd.
1532 5751 1834 5806 C01>11ll.(‘1
1871 5751 2211 5807 Taurinensi.
