3930 6218
250 194 381 261 ιιει

927 200 1030 262 AD
1060 199 1654 262 AMPHILOCHIUM
1692 198 2040 272 QUIESTIO
2076 196 2937 262 CCLXXXVII-CCLXXXIX.

3378 192 3514 259 1192

245 311 345 365 καὶ
368 308 468 381 τὴν
504 307 718 379 μητέρα
750 308 847 363 καὶ
877 310 1418 382 προσκολληθήσεται
1454 310 1591 382 πρὸς
1612 308 1711 382 τὴν
1734 327 1837 379 γυ-
1866 360 1869 369 η

1953 324 2048 380 que
2089 309 2413 375 invenisset,
2461 308 2761 372 sordidam,
2803 306 3172 378 squalentem,
3207 306 3413 362 nudam
3455 319 3511 362 et

243 404 411 455 ναίκα
441 399 607 453 αὑτοῦ
635 415 651 429 ⁸
679 399 741 452 τὸ
798 403 1101 473 μυστήριον
1137 402 1298 456 τοῦτο
1333 402 1475 477 μέγα
1502 402 1654 456 ἐστίν
1675 419 1690 433 ·
1724 400 1837 468 ἐγὼ

245 494 307 548 δέ
346 493 489 562 λέγω
514 494 595 559 είς
646 494 882 564 Χριστὸν
916 497 1013 549 καὶ
1046 495 1141 567 τὴν
1177 496 1508 568 Ἐκκλησίαν
1536 511 1551 526 ’
1597 514 1616 547 ι
1665 493 1839 548 ἐλθὼν

245 588 426 641 τοίνυν
475 588 555 652 είς
605 587 667 641 τὸ
703 588 1049 659 καταγώγιον
1093 588 1285 659 αὐτῆς,
1333 590 1429 642 καὶ
1462 585 1638 659 εὑρὼν
1663 584 1837 655 αὐτὴν

250 681 512 751 ρυπῶσαν
535 720 552 747 ,
607 681 931 752 αὐχμῶσαν,
958 683 1196 753 γυμνὴν,
1228 681 1587 752 πεφυρμένην
1616 678 1835 750 αἵματι,

247 772 488 835 ἔλουσεν,
561 772 807 842 ἤλειψεν,
843 773 1097 844 ἔθρεψεν,
1142 774 1391 828 ἐνέδυσεν
1442 772 1683 843 ίμάτιον,
1719 765 1835 824 οἷον

250 864 543 934 εὑρεθῆναι
571 865 758 935 ἕτερον
787 864 887 917 οὐκ
915 865 1016 929 ενι,
1052 865 1214 928 αὐτὸς
1242 865 1382 937 αὐτῇ
1416 865 1710 935 γενόμενος
1741 880 1841 916 πε-

255 957 440 1027 ριϐολή
466 972 481 986 ο
511 959 607 1011 καὶ
630 957 813 1010 λαϐὼν
842 958 1013 1030 αὐτὴν
1034 957 1209 1021 οὕτως
1241 956 1436 1024 ἀνάγει
1464 956 1544 1021 είς
1561 956 1656 1010 τὸν
1680 956 1847 1026 οὖρα-

256 1050 345 1101 νόν
375 1067 389 1081 σ
420 1048 625 1120 ταύτης
658 1050 963 1120 συνήγορός
1006 1051 1157 1103 ἐστιν
1185 1051 1213 1103 6
1250 1050 1537 1120 προφήτης
1560 1064 1575 1078 ·
1606 1048 1705 1102 καὶ
1732 1048 1843 1118 γὰρ

255 1141 425 1194 πολλὰ
454 1142 549 1194 καὶ
590 1142 717 1212 περὶ
750 1140 844 1195 τοῦ
871 1140 1108 1211 νυμφίου
1130 1142 1225 1194 καὶ
1254 1140 1386 1212 περὶ
1413 1140 1513 1210 τῆς
1540 1155 1843 1210 νυμφαγω-

1938 400 2206 471 sanguine
2239 400 2603 470 inquinatam,
2646 398 2800 464 lavit,
2836 398 3015 464 unxit,
3062 398 3314 462 nutrivit,
3346 400 3515 455 vesti-

1942 503 2239 563 mentoque
2272 492 2408 546 texit
2443 490 2536 545 tali
2562 490 2725 561 quale
2754 504 2916 545 nemo
2961 490 3107 545 aliud
3141 489 3323 545 simile
3365 498 3518 561 repe-

1941 583 2189 651 rivisset;
2230 584 2348 655 ipse
2392 584 2539 639 enim
2580 583 2684 638 fuit
2719 582 2953 638 amictus
3009 582 3109 647 illi,
3140 592 3196 637 et
3223 591 3515 654 postquam

1940 693 2062 734 eam
2098 679 2450 749 sumpsisset,
2476 679 2545 734 ad
2572 680 2773 735 caelum
2807 680 3019 735 eduxit.
3049 678 3259 747 Quibus
3284 681 3519 736 assenti-

1941 780 2033 827 tur
2057 772 2346 843 propheta,
2386 772 2479 843 qui
2511 773 2682 828 multa
2712 772 2779 827 de
2807 788 3033 844 sponso,
3069 774 3245 843 deque
3285 774 3517 844 nuptiis,

1939 865 2120 934 deque
2161 864 2323 922 bonis
2369 865 2625 921 omnibus
2658 880 2781 936 quae
2814 881 3031 936 sponsae
3060 874 3287 921 ventura
3330 877 3519 923 essent

1938 956 2193 1027 praedixit
2236 965 2294 1013 et
2338 957 2716 1028 proclamavit.
2765 954 3132 1023 Quamobrem
3176 957 3245 1013 de
3292 957 3387 1013 illa
3436 958 3520 1012 sic

1938 1048 2188 1118 loquitur
2218 1064 2236 1105 :
2263 1047 2403 1116 Quid
2436 1048 2612 1118 poscit
2645 1048 2855 1103 haeres?
2884 1047 3186 1105 Audiamus
3210 1049 3522 1120 responsio-

1940 1154 2066 1194 nem
2098 1158 2112 1194 :
2144 1158 2164 1193 ι
2201 1139 2380 1196 Verba
2411 1154 2534 1196 mea
2567 1140 2796 1196 auribus
2825 1140 3064 1210 percipe,
3096 1140 3323 1197 Domine
3346 1138 3445 1195 η.»

251 1237 376 1302 γίας
412 1237 506 1289 καὶ
534 1236 662 1305 περὶ
688 1235 796 1289 τῶν
815 1234 1041 1303 ἀγαθῶν
1089 1233 1202 1288 τῶν
1258 1232 1655 1303 διαδεξομένων
1699 1231 1869 1302 αὐτὴν
1942 1235 2175 1303 προεῖπε
2222 1235 2318 1289 καὶ
2363 1232 2824 1306 προανεφώνησε’
2877 1232 2967 1288 διὰ
3010 1234 3074 1306 δὴ
3107 1234 3267 1287 τοῦτο
3295 1232 3390 1287 καὶ
3432 1233 3522 1285 ἐν·

251 1329 427 1384 ταῦθα
459 1328 599 1399 ὑπὲρ
632 1329 800 1398 αὐτῆς
833 1329 1074 1381 ποιεῖται
1112 1326 1205 1381 τὸν
1232 1325 1425 1397 λόγον·
1473 1325 1569 1379 καὶ
1599 1324 1653 1379 τί
1698 1325 1845 1379 αίτεῖ
1877 1327 1912 1398 ἠ
1943 1324 2393 1398 κληρονομοῦσας
2424 1326 2774 1397 ’Δκούσωμεν
2825 1325 2879 1380 τί
2925 1343 3097 1396 φησι·
3132 1344 3150 1378 ι
3188 1326 3269 1380 Τά
3300 1326 3524 1397 ῥήματά

257 1439 359 1492 μου
393 1420 667 1486 ἐνώτισαι,
694 1422 887 1491 Κύριε.
928 1438 947 1472 ι

749 1514 1088 1569 ΕΡΩΤΗΣΙΣ
1131 1514 1306 1567 ΣΠΗ’.

264 1670 488 1740 «Κύριε,
502 1669 586 1741 μὴ
609 1669 690 1736 τῷ
713 1667 876 1738 θυμῷ
896 1685 1012 1741 σοι)
1031 1668 1282 1737 ἐλέγξῃς
1304 1687 1400 1736 με,
1412 1668 1568 1739 μηδὲ
1588 1668 1666 1739 τῇ
1696 1667 1845 1740 ὀργῇ

714 1757 829 1795 σου
861 1739 1195 1808 παιδεύσῃς
1233 1756 1329 1806 με.
1358 1758 1378 1791 ι

1874 1522 1919 1579 Β
2017 1508 2348 1579 QUESTIO
2396 1506 3025 1581 αοιχχξιχυῃσοίει.
3064 1505 3242 1573 οοοι,
3278 1505 3442 1562 Taur.

2620 1578 2847 1635 CCXCl.

2710 1579 2798 1633 XC
2832 1579 2853 1633 Σ

1954 1666 2211 1723 «Domine
2256 1683 2319 1723 ne
2356 1669 2414 1723 in
2450 1579 2984 1751 furorectiojrguas
3020 1684 3124 1735 me,
3153 1684 3316 1740 neque
3343 1668 3401 1724 in
3440 1670 3523 1724 ira

2444 1751 2541 1795 tua
2580 1756 2838 1810 corripias
2869 1756 2968 1794 me.
3005 1758 3025 1791 ι

955 1855 1099 1906 Edita
1123 1871 1151 1906 a
1178 1855 1303 1907 Maio
1328 1858 1384 1922 (l.
1408 1871 1451 1908 c.
1476 1872 1527 1921 p.
1560 1857 1667 1914 “5.
1696 1856 1805 1917 146,
1829 1870 1879 1921 q.
1900 1853 2036 1919 298).
2061 1883 2124 1894 —
2144 1855 2282 1907 Psal.
2307 1869 2377 1918 vi,
2402 1855 2449 1915 1,
2471 1858 2503 1906 2
2530 1870 2545 1917 ;
2572 1869 2773 1917 xxxvm,
2800 1858 2847 1908 1.

333 1944 503 1998 Ὅταν
531 1942 771 2016 ἀκούσῃς
806 1942 977 2013 θυμδν
1010 1943 1103 1996 καὶ
1134 1942 1307 2015 ὀργὴν
1340 1944 1427 1996 ἐπὶ
1460 1944 1618 2010 Θεοῦ,
1673 1943 1842 2016 μηδὲν

258 2037 597 2109 ἀνθρώπινον
616 2035 961 2105 ὑποπτεύσῃς
984 2051 999 2065 ·
1020 2033 1480 2102 συγκαταϐάσεως
1499 2035 1608 2103 γάρ
1630 2036 1746 2089 ἐστι
1774 2033 1844 2089 τά
1871 2046 1880 2054 '

262 2127 484 2198 ῥήματα
507 2140 523 2156 ⁸
552 2124 651 2178 καὶ
675 2124 783 2195 γάρ
810 2126 873 2176 τὸ
889 2123 1044 2176 Θείον
1083 2124 1342 2178 ἁπάντων
1363 2123 1710 2191 ἀπήλλακται
1733 2127 1846 2181 τῶν

260 2216 447 2271 παθῶν
474 2231 490 2247 °
519 2216 827 2284 διαλέγεται
876 2216 935 2269 δὲ
968 2215 1140 2279 οὕτως
1182 2214 1323 2269 ὥστε
1355 2216 1707 2287 καθάψασθαι
1742 2219 1841 2290 τῆς

259 2309 366 2364 τῶν
423 2309 749 2380 παχυτέρων
803 2307 1081 2372 διανοίας·
1140 2308 1268 2361 ἐπεὶ
1331 2308 1428 2362 καλ⁸
1468 2309 1656 2381 ἡμεῖς,
1716 2312 1846 2365 ὅταν

263 2401 559 2473 βαρϐάροις
642 2398 1063 2470 διαλεγώμεθα,
1128 2402 1195 2471 τῇ
1265 2400 1490 2453 ἐκείνων
1586 2400 1849 2475 χρώμεθα

261 2492 518 2564 γλώσσῃ·
574 2492 679 2546 κάν
732 2492 869 2562 πρὸς
929 2491 1143 2544 παιδίον
1165 2491 1556 2563 φθεγγώμεθα,
1601 2495 1848 2566 συμψελ-

264 2586 506 2655 λίζομεν,
527 2583 629 2636 κᾶν
661 2583 925 2655 μυριάκις
947 2575 1102 2652 ὦμεν
1135 2584 1310 2652 σοφοί·
1338 2586 1514 2650 ἄλλως
1543 2604 1605 2639 τε
1650 2588 1707 2641 δὲ
1752 2589 1848 2641 καὶ

264 2677 491 2747 ὁθυμδς
538 2677 633 2730 καὶ
694 2677 727 2745 ὴ
782 2676 921 2747 όργὴ
975 2676 1077 2729 οὐκ
1130 2674 1190 2741 ἐξ
1246 2677 1494 2748 ἀνάγκης
1530 2678 1701 2742 πάθος
1736 2680 1847 2733 τῶν

265 2767 717 2839 προϐαλλομένων
776 2768 917 2822 αὐτὰ
950 2768 1315 2822 ἐνδείκνυταισ
1356 2771 1415 2823 ἐν
1471 2770 1593 2823 δυσὶ
1640 2770 1752 2841 γάρ
1784 2770 1847 2824 τὸ

266 2860 336 2917 δι’
385 2862 566 2916 αὐτῶν
618 2863 971 2933 ἐγγινόμενον
1002 2854 1174 2927 πάθος
1215 2863 1553 2930 συνίσταται,
1590 2864 1649 2917 ἐν
1680 2881 1741 2916 τε
1770 2863 1850 2935 τῷ

222 2942 227 2951 “
271 2954 601 3026 βαλλομένῳ,
649 2953 746 3008 καὶ
794 2954 852 3008 ἐν
890 2949 973 3018 οἷς
1009 2953 1182 3009 ταῦτα
1235 2955 1544 3027 πλήττοντα
1590 2955 1849 3027 ἀλγεινὴν

268 3046 508 3101 διάθεσιν
586 3045 1005 3119 ἀπεργάζεται·
1062 3049 1091 3103 ὃ
1144 3065 1204 3102 τε
1249 3049 1356 3119 γὰρ
1419 3049 1760 3121 θυμούμενος
1814 3051 1849 3124 ἢ

269 3138 621 3211 ὀργιζόμενος
649 3138 946 3193 διατίθεται
981 3157 1099 3203 πως
1134 3140 1277 3194 κατά
1303 3138 1474 3194 ταῦτα
1503 3156 1518 3170 ο
1552 3142 1647 3195 καὶ
1677 3144 1706 3196 6
1758 3142 1851 3195 τὸν

2027 1939 2294 1997 Furorem
2343 1951 2398 1997 et
2431 1942 2571 1996 iram
2599 1940 2692 1997 Dei
2740 1942 2991 2009 audiens,
3038 1940 3177 1997 nihil
3220 1943 3521 1997 humanum

1946 2033 2215 2103 suSpicari
2245 2032 2432 2089 debes.
2480 2030 2606 2089 llaec
2647 2033 2795 2088 enim
2838 2044 3063 2090 suntex
3092 2043 3254 2105 pacto
3299 2043 3356 2090 et
3386 2048 3523 2091 con-

1945 2134 2112 2182 ventu
2140 2126 2328 2192 verba,
2353 2139 2477 2179 cum
2513 2124 2588 2179 sit
2618 2125 2858 2181 alienum
2895 2140 2926 2179 a
2958 2126 3173 2183 cunctis
3198 2126 3369 2182 animi
3405 2141 3526 2181 mo-

1947 2219 2095 2273 tibus
2130 2217 2369 2274 Numen.
2400 2217 2492 2274 Sic
2538 2227 2722 2274 autem
2756 2218 2977 2275 locutus
3023 2227 3110 2275 est
3135 2220 3302 2286 Deus,
3350 2229 3409 2275 ut
3437 2219 3524 2273 vel

1946 2309 2119 2366 crassi
2173 2310 2424 2366 homines
2468 2309 2884 2380 intelligerent:
2931 2313 3151 2383 quando
3198 2313 3343 2369 enim
3395 2328 3525 2368 cum

1947 2400 2199 2456 barbaris
2232 2401 2598 2471 colloquimur
2644 2418 2836 2458 eorum
2876 2402 3063 2473 lingua
3108 2404 3331 2471 utimur,
3367 2419 3433 2459 ac
3476 2405 3525 2460 si

1948 2507 2135 2548 coram
2177 2493 2365 2561 pueris
2408 2495 2576 2549 verba
2607 2493 2864 2561 facimus,
2896 2495 3257 2562 balbutimur,
3300 2497 3405 2551 etsi
3428 2496 3526 2552 dc-

1949 2584 2063 2639 cies
2097 2582 2301 2638 millies
2352 2584 2511 2653 periti
2555 2599 2826 2640 essemus.
2875 2583 3146 2640 Caeterum
3188 2586 3431 2642 furorem
3472 2598 3529 2641 et

1948 2676 2088 2731 iram
2128 2676 2222 2747 qui
2252 2692 2361 2745 prae
2402 2692 2463 2732 se
2499 2677 2684 2733 lerunt
2728 2693 2840 2733 non
2869 2677 3073 2733 idcirco
3105 2693 3172 2734 ex
3201 2678 3528 2735 necessitate

1949 2768 2235 2823 declarant
2267 2769 2585 2825 interiorem
2621 2769 2792 2823 animi
2842 2779 3075 2827 motum.
3110 2770 3293 2826 Animi
3342 2779 3528 2827 motus

1950 2874 1983 2917 ο
2007 2861 2227 2916 duobus
2257 2870 2475 2917 constat
2508 2880 2522 2916 :
2553 2862 2709 2932 prius
2753 2871 2837 2917 est
2865 2862 3012 2932 quod
3043 2862 3314 2933 percellit,
3344 2872 3530 2933 postc-

1952 2951 2072 3009 rius
2100 2963 2282 3008 autem
2314 2953 2461 3024 quod
2504 2953 2593 3007 illa
2637 2954 2863 3009 molesta
2888 2954 3234 3026 perculsione
3261 2954 3532 3026 comingi-

1954 3054 2064 3101 tur.
2112 3045 2273 3100 Aliud
2303 3045 2507 3116 patitur
2535 3044 2628 3115 qui
2679 3044 2956 3111 irascitur,
2986 3045 3133 3101 aliud
3172 3045 3269 3117 qui
3314 3045 3409 3102 ira:
3433 3046 3535 3101 ob-

1954 3137 2154 3192 noxius
2174 3146 2277 3203 est,
2305 3137 2557 3207 quamvis
2580 3136 2799 3208 utrique
2825 3138 3007 3194 inesse
3026 3138 3235 3210 aliquid
3259 3137 3534 3208 passionis

270 3230 442 3301 θυμὸν
469 3230 562 3285 καὶ
578 3230 674 3301 τὴν
688 3230 857 3300 ὀργὴν
887 3231 1265 3302 ἐκδεξάμενος,
1297 3232 1548 3297 κάκεῖνος
1574 3234 1857 3300 πεπονθὼς

1963 3229 2231 3284 videatur.
2270 3228 2376 3285 Sed
2420 3240 2481 3284 ut
2523 3229 2819 3285 identidem
2871 3231 3118 3287 invenias
3154 3230 3303 3287 hunc
3351 3231 3532 3286 solmu

270 3320 484 3391 διετέθη
510 3323 656 3375 κατὰ
680 3322 781 3391 τὴν
804 3322 1040 3391 πάθησιν
1069 3338 1085 3354 ⁸
1109 3325 1167 3376 ἐν
1190 3324 1523 3395 ἀμφοτέροις
1549 3325 1648 3395 μὲν
1670 3324 1762 3378 οὖν
1792 3326 1852 3379 τὸ

271 3408 445 3472 πάθος
494 3410 719 3479 ὁρᾶταιο
776 3410 892 3463 ἀλλ’
927 3410 1115 3482 ὥσπερ
1146 3411 1293 3466 ἔστιν
1320 3412 1449 3467 ίδεῖν
1488 3415 1658 3468 ἐνίοτε
1693 3416 1852 3486 μόνον

270 3500 362 3554 τὸν
443 3499 879 3572 προϐαλλόμενον
936 3502 1029 3555 τὸν
1095 3503 1265 3575 θυμὸν
1338 3505 1432 3558 καὶ
1507 3504 1607 3575 τὴν
1683 3505 1853 3579 ὀργὴν

271 3592 569 3662 πάσχοντα,
623 3593 760 3664 πρὸς
816 3594 875 3646 ὃν
931 3594 987 3648 δέ
1020 3596 1193 3650 ταῦτα
1253 3598 1494 3667 ἀφίεται,
1531 3599 1713 3669 ἀπαθῆ
1759 3600 1856 3653 καὶ

270 3682 628 3738 ἀναλλοίωτον
654 3724 669 3749 ,
701 3684 831 3748 ἴσως
865 3686 1153 3759 φιλοσοφίᾳ
1187 3688 1287 3760 τὴν
1320 3688 1497 3760 ψυχὴν
1518 3689 1851 3755 τονώσαντα,

271 3773 368 3827 καὶ
396 3774 630 3846 κρείττω
659 3774 760 3845 τῆς
788 3774 959 3847 ὀργῆς
984 3777 1092 3829 τῶν
1124 3776 1480 3849 θυμουμένων
1506 3780 1600 3832 καὶ
1631 3780 1850 3851 ὀργιζο-

274 3867 453 3937 μένων
482 3867 773 3936 γενόμενον
796 3884 810 3899 ⁸
855 3867 971 3921 ἀλλ’
1000 3869 1151 3941 ὅμως
1189 3871 1293 3925 κᾶν
1323 3873 1385 3925 ἐν
1414 3872 1629 3943 θατέρῳ
1655 3873 1716 3925 τὸ
1741 3872 1851 3927 πά-

272 3957 365 4021 θος
389 3960 582 4029 όράται
606 3974 620 3989 ⁶
650 3958 801 4013 οὐδὲν
822 3954 982 4031 ἦττον
1009 3962 1181 4032 θυμὸς
1221 3964 1249 4016 6
1277 3962 1449 4032 θυμὸς
1488 3965 1582 4017 καὶ
1624 3966 1656 4034 ὴ
1714 3965 1853 4036 ὀργὴ

270 4047 491 4116 λέγεται
519 4064 536 4080 ο
572 4048 715 4102 οὕτω
747 4049 850 4104 κᾶν
880 4051 1041 4121 μόνος
1070 4054 1098 4105 6
1121 4053 1213 4107 τὸν
1246 4053 1415 4125 θυμὸν
1448 4054 1545 4107 καὶ
1566 4055 1666 4125 τὴν
1686 4054 1855 4127 όργὴν

268 4137 621 4210 ἐκδεχόμενος
651 4142 792 4195 κατὰ
823 4142 886 4196 τὸ
911 4144 1082 4209 πάθος
1125 4144 1420 4217 διατεθείη,
1459 4145 1555 4199 τοῦ
1612 4146 1855 4219 προϐαλ-

269 4230 502 4301 λομένου
552 4232 727 4286 ταῦτα
759 4235 927 4306 μηδὲν
953 4236 1093 4301 ὅλως
1118 4238 1503 4303 ἀλλοιωθέντος
1542 4238 1576 4309 ἢ
1611 4239 1755 4293 κατά
1799 4257 1855 4293 τι

268 4324 442 4388 πάθος
457 4324 815 4392 διατεθέντος,
846 4329 1001 4385 οὐδὲν
1034 4329 1256 4385 ἔλαττον
1278 4331 1478 4396 ταῦτα,
1504 4330 1620 4386 ἀλλ’
1653 4332 1854 4402 ὁμοίως

270 4415 443 4486 θυμὸς
470 4418 565 4469 καὶ
611 4417 749 4489 ὀργὴ
790 4420 961 4484 πάθος
1012 4421 1108 4475 καὶ
1161 4422 1323 4491 ἄλγος
1376 4421 1455 4493 τῷ
1506 4422 1855 4493 ἐκδεξαμένῳ

268 4510 706 4579 ὲμπεποιηκότα,
738 4512 1017 4585 ἀκολούθῳ
1046 4514 1190 4586 λόγῳ
1216 4515 1419 4570 καλοῖτ’
1436 4514 1523 4569 ἄν’
1553 4516 1644 4569 καὶ
1681 4516 1855 4586 ἰατροὶ

1960 3324 2391 3375 stomachantem
2438 3324 2795 3388 commoveri,
2844 3323 2998 3377 illum
3031 3332 3214 3378 autem
3257 3330 3345 3379 cui
3385 3324 3535 3395 prior

1958 3412 2202 3468 oll‘ensus
2242 3424 2326 3467 est
2356 3412 2505 3468 nullo
2542 3422 2695 3468 motu
2726 3413 3015 3476 concitari,
3050 3414 3198 3483 quod
3246 3413 3386 3468 forte
3415 3416 3535 3467 ani-

1960 3519 2110 3558 mum
2158 3503 2496 3574 philosophia
2547 3504 2770 3570 fultum,
2823 3519 2935 3574 pra:
2988 3503 3286 3575 impetibus
3330 3505 3425 3559 ira:
3471 3519 3537 3559 ac

1960 3595 2165 3651 furoris
2210 3596 2526 3664 sustulerit;
2581 3612 2647 3653 ac
2687 3606 2869 3652 tamen
2903 3596 3122 3667 utrique
3170 3597 3377 3667 aliquid
3411 3612 3539 3667 pas-

1961 3685 2132 3741 sionis
2172 3700 2296 3763 esse
2336 3685 2607 3752 videatur,
2640 3674 2785 3758 quod
2841 3686 2992 3741 nullo
3035 3687 3352 3743 discrimine
3394 3687 3535 3742 iram

1960 3792 2243 3832 vocamus.
2284 3777 2442 3833 Haud
2489 3778 2666 3843 aliter,
2700 3777 2910 3833 etiamsi
2950 3793 3114 3847 quem
3161 3777 3256 3833 ira:
3300 3778 3539 3849 impetus

1962 3870 2238 3926 lacessivit
2283 3870 2331 3926 is
2379 3885 2523 3926 unus
2553 3880 3008 3942 permoveretur;
3042 3871 3137 3942 qui
3181 3878 3365 3925 autem
3398 3871 3537 3925 iram

1962 3961 2258 4017 concitavit
2285 3977 2441 4033 aequo
2467 3962 2630 4033 plane
2663 3963 2850 4018 animo
2882 3973 3047 4026 esset,
3084 3963 3346 4033 nulloque
3383 3972 3538 4018 motu

1962 4053 2211 4118 affectus,
2257 4054 2618 4110 uihilosecius
2662 4071 2787 4126 qua:
2820 4056 3031 4111 oﬂ‘enso
3059 4055 3539 4113 conturbationem

1961 4150 2017 4195 et
2045 4140 2289 4196 dolorem
2322 4142 2646 4209 attulerunt,
2677 4144 2889 4216 vulgari
2922 4160 3198 4212 sermone,
3237 4145 3314 4201 ira
3347 4154 3404 4201 et
3427 4156 3542 4201 sto-

1961 4232 2193 4288 machus
2222 4234 2647 4304 appellarentur.
2695 4234 2889 4292 Medici
2925 4252 3146 4308 quoque
3174 4236 3392 4309 quoties
3437 4236 3541 4291 ali-

1961 4326 2096 4396 quid
2123 4326 2208 4381 vel
2243 4336 2517 4392 resecant,
2546 4328 2634 4382 vel
2659 4338 2921 4393 exurunt,
2960 4331 3054 4384 ira:
3092 4344 3200 4385 non
3235 4327 3539 4399 indulgent,

1962 4436 2072 4476 non
2119 4421 2244 4476 irati
2280 4432 2412 4477 sunt
2440 4422 2707 4478 adversus
2733 4431 3085 4493 aegrotantes,
3117 4422 3212 4476 sed
3242 4422 3539 4477 commise-

1962 4512 2175 4567 ratione
2213 4510 2393 4567 all'ecti
2418 4522 2471 4567 et
2500 4528 2599 4569 eos
2627 4514 2824 4568 morbo
2852 4513 3089 4568 liberare
3121 4513 3386 4584 cupiunt;
3413 4529 3539 4569 cum

267 4600 327 4653 δὲ
366 4601 657 4672 τέμνοντες
697 4606 791 4658 καὶ
844 4606 1094 4672 καίοντες
1126 4608 1187 4661 οὐ
1210 4607 1366 4678 θυμῷ
1397 4607 1553 4661 τοῦτο
1585 4608 1853 4672 ποιοῦσιν,

1962 4606 2133 4673 igitur
2171 4604 2309 4659 dicis
2342 4623 2356 4659 :
2395 4624 2415 4656 ι
2444 4603 2523 4660 Ne
2561 4605 2615 4660 in
2656 4604 2846 4661 furore
2888 4616 2984 4661 tuo
3029 4622 3230 4676 arguas
3275 4620 3384 4670 me,
3421 4623 3440 4657 ›
3484 4606 3538 4659 id

267 4691 406 4747 ἀλλά
443 4695 633 4765 σκοπῷ
665 4699 765 4767 τῆς
809 4696 1173 4769 διορθώσεως,
1206 4699 1307 4752 οὐκ
1353 4699 1698 4770 ὀργιζόμενοι
1740 4701 1854 4757 τοῖς

271 4785 594 4856 κάμνουσιν,
618 4787 734 4840 ἀλλ’
762 4788 1041 4853 ἐλεοῦντες
1069 4791 1268 4855 αὐτοὺς
1285 4791 1381 4844 καὶ
1402 4792 1511 4844 τῶν
1534 4792 1856 4861 νοσημάτων

1962 4707 2080 4763 est;
2114 4698 2223 4753 noli
2252 4713 2446 4769 poenas
2475 4716 2505 4753 a
2533 4715 2620 4755 me
2647 4701 2886 4773 exigere,
2916 4709 2971 4754 et
3000 4708 3345 4770 peccatorum
3385 4714 3538 4753 meo-

1964 4805 2087 4844 rum
2118 4789 2408 4845 vindictam
2439 4807 2702 4861 quaerere.

267 4882 700 4949 ἀπαλλάττοντες
732 4901 748 4916 ·
782 4886 910 4939 ὅταν
933 4885 1027 4938 οὖν
1053 4887 1200 4957 είπῃ’
1253 4906 1272 4939 ι
1451 4888 1531 4958 τῷ
1588 4886 1746 4957 θυμῷ
1779 4904 1873 4939 σου
1915 4885 2141 4959 ἐλέγξῃς
2205 4904 2296 4957 με,
2335 4906 2353 4938 i
2380 4889 2628 4941 τουτέστι
2655 4887 2750 4959 Μὴ
2796 4889 3105 4960 ἀπαιτήσῃς
3148 4905 3216 4958 με
3247 4887 3404 4957 δίκην
3429 4883 3539 4939 τῶν

268 4974 711 5045 ἡμαρτημένων,
769 4976 905 5047 μηδέ
948 4977 1244 5050 ἐπεξέλθῃς
1288 4981 1402 5043 τοῖς
1457 4976 2042 5049 πεπλημμελημένοις.

798 5072 1130 5126 ΕΡΩΤΗΣΙΣ
1180 5074 1349 5128 ΣΠΘ.

581 5230 711 5285 Ὀτι
758 5232 1059 5304 ἐταράχθη
1112 5232 1184 5286 τὰ
1216 5231 1369 5287 ὁστᾶ
1419 5250 1560 5302 μου.

2061 5070 2392 5140 ρυΑεδτιο
2426 5071 3019 5199 ΟϐιΧέἓὲίωῳοὶει.
3064 5072 3264 5128 CCCI].
3305 5070 3468 5126 Taur.

2623 5143 2872 5216 CCXle]

2148 5254 2167 5287 ι
2206 5236 2472 5302 Quoniam
2503 5237 2822 5291 conturbata
2862 5247 2983 5290 sunt
3013 5252 3137 5291 ossa
3168 5251 3304 5289 utea.
3337 5252 3357 5287 ι

1104 5346 1251 5396 Edita
1281 5360 1309 5395 a
1330 5344 1454 5394 Maio
1480 5345 1537 5407 (1.
1571 5360 1615 5397 c.
1655 5361 1706 5410 p.
1732 5348 1837 5411 H6,
1864 5351 1971 5407 H7.
1996 5370 2045 5417 q.
2071 5354 2206 5416 299).
2234 5382 2294 5392 —
2326 5354 2381 5403 In
2414 5354 2542 5403 Psal.
2569 5367 2633 5414 vr,
2663 5354 2712 5403 2.

354 5426 519 5479 Ὀστᾶ
574 5425 631 5478 δὲ
692 5426 928 5481 ἐνταῦθα
994 5429 1143 5496 λέγει
1215 5428 1313 5499 τὴν
1377 5429 1531 5499 ἰσχὺν
1595 5430 1854 5485 ἅπασαν·

264 5517 515 5591 ταραχὴν
546 5518 603 5571 δὲ
634 5519 735 5589 τὴν
759 5519 993 5591 πληγὴν,
1015 5520 1114 5593 τὴν
1139 5521 1386 5591 κόλασιν,
1414 5522 1516 5596 τὴν
1544 5524 1819 5597 τιμωρίαν
1838 5542 1854 5559 ⁸

339 5658 385 5691 ³⁵
422 5658 565 5717 Psal.
597 5674 652 5725 ν,
678 5658 732 5713 2.

539 5752 814 5817 ΡΑτιιοι..
868 5756 985 5816 Gn.
1019 5754 1120 5819 Cl.

2035 5437 2174 5492 Ossa
2209 5436 2296 5492 hic
2327 5438 2435 5491 vim
2487 5452 2701 5490 omnem
2750 5436 3086 5506 signiﬁcant.
3130 5432 3400 5488 Turbalio
3445 5450 3543 5503 pro

1971 5531 2151 5601 plaga.
2185 5544 2369 5602 poena,
2413 5529 2651 5586 vindicta
2682 5529 2926 5601 ponitur.
2962 5528 3131 5584 Aiunt
3156 5528 3380 5599 quidam
3404 5569 3419 5594 ,
3455 5530 3543 5590 hic

3180 5751 3260 5812 36
