3930 6218
397 191 545 256 11523

1563 195 1762 254 ΡΗοΤ
1769 195 1827 254 ΙΙ
1860 197 2362 256 PATRIARCll/E
2402 197 2507 255 GP.

3531 196 3666 258 112i

400 321 430 360 a
465 303 775 359 turbatione
809 304 1105 374 signiﬁcari
1142 311 1346 360 metum
1376 304 1472 373 qui
1503 319 1570 358 ex
1599 314 1822 374 peccato
1856 305 1972 358 ori-

2092 305 2222 369 τινές
2245 323 2408 374 φασιν
2430 305 2661 359 ἐνταῦθα
2694 305 2937 376 ταραχὴν
2956 305 3137 374 λέγειν
3160 307 3344 369 αὑτὸν,
3366 309 3458 361 τὸν
3484 309 3550 361 ὲκ
3567 310 3671 378 τῆς

399 407 508 450 tur.
553 395 708 461 Quod
762 396 1065 465 przesertim
1120 397 1176 450 in
1220 395 1531 450 libidinosis
1585 395 1976 465 cupiditatibus

402 491 720 558 contingere
765 489 927 552 solet,
959 503 1114 556 aeque
1146 504 1210 543 ac
1246 487 1300 541 in
1351 487 1430 541 ira
1460 495 1517 542 et
1545 487 1601 541 in
1648 487 1978 542 calamitati-

401 585 526 635 bus.
559 582 690 647 ρυειι
716 591 916 636 cuncta
943 581 1182 635 animam
1216 591 1270 635 et
1297 595 1423 636 ossa
1451 581 1697 634 turbant.
1733 579 1832 634 llic
1861 589 1973 634 tum

402 672 623 742 pupilla:
652 673 1094 742 dis-torquentur,
1141 681 1196 726 et
1235 673 1373 726 nihil
1417 672 1563 726 oculi
1596 681 1742 726 recte
1772 672 1974 726 vident.

406 767 511 820 Sed
539 776 597 820 ut
624 767 696 820 ab
725 767 928 820 amenti
967 766 1157 836 auriga
1193 765 1503 822 inordinate
1527 765 1808 820 ducuntur
1829 764 1975 832 equi,

403 860 486 914 sic
529 861 742 914 turbata
797 860 1030 924 ratione,
1079 859 1261 914 omnia
1311 857 1749 922 confunduntur,
1794 861 1979 913 omnia

403 967 660 1020 perversa
696 954 851 1006 liunt.
893 950 1045 1005 Unde
1072 960 1254 1005 autem
1293 951 1430 1005 satis
1459 951 1670 1004 oriatur
1693 951 1982 1020 perturba-

405 1046 517 1097 tio?
547 1059 782 1113 namque
826 1043 876 1096 id
927 1043 1334 1113 explanandum
1383 1058 1564 1112 opera:
1595 1044 1824 1112 pretium
1861 1053 1978 1108 est;

412 1153 523 1190 non
565 1137 713 1190 enim
755 1148 812 1189 nt
852 1153 1003 1190 mare
1042 1136 1218 1190 ventis
1269 1136 1606 1189 irruentibus
1648 1136 1728 1190 sic
1773 1135 1978 1198 anima,

407 1229 684 1298 inopinata
706 1229 942 1297 quadam
961 1228 1342 1283 vicissitudine
1361 1229 1743 1296 perturbatur;
1767 1227 1858 1282 sed
1880 1227 1986 1281 hoc

405 1337 503 1390 per
545 1329 795 1374 nostram
844 1320 1110 1374 desidiam
1160 1320 1308 1375 licet.
1339 1318 1643 1376 Possumus
1681 1318 1826 1374 enim
1874 1317 1988 1372 eﬂi-

408 1427 532 1466 rere
565 1421 626 1465 ut
656 1411 749 1475 sit,
782 1427 892 1465 non
935 1426 1164 1466 accensa
1203 1412 1451 1479 libidine,
1488 1410 1694 1481 peccati
1731 1409 1982 1474 occasio;

408 1519 646 1574 namque
699 1505 746 1558 si
790 1505 1067 1558 ﬂammam
1110 1520 1220 1559 non
1277 1505 1569 1571 accendes,
1617 1519 1724 1558 non
1775 1503 1987 1557 ardebit

403 1600 691 1665 caminus;
731 1600 776 1652 si
817 1599 1098 1651 materiem
1136 1597 1246 1668 igni
1296 1597 1504 1668 lignum
1550 1612 1657 1650 non
1704 1595 1983 1664 SUlljiClCS,

2079 401 2354 470 ἁμαρτίας
2384 400 2666 468 γινόμενον
2691 397 2899 470 [φόϐον]
2927 417 2942 430 ο
2971 400 3130 453 τοῦτο
3147 401 3205 453 δὲ
3225 401 3464 468 μάλιστα
3492 404 3590 454 καὶ
3612 405 3672 454 ἐν

2080 489 2398 559 ἐπιθυμίαις
2426 489 2718 558 ἀσελγείας
2748 489 3069 560 συμϐαίνειν
3096 491 3282 555 εἴωθε,
3318 490 3481 544 τοῦτο
3509 491 3570 544 δὲ
3608 493 3670 543 ἐν

2082 579 2238 652 θυμῴ
2266 581 2359 634 καὶ
2386 582 2445 634 ἐν
2477 583 2781 652 συμφοραῖς
2805 597 2820 612 °
2859 582 3041 636 πάντα
3067 583 3178 652 γάρ
3206 583 3381 636 ταῦτα
3409 586 3675 648 ταράττει
3765 609 3770 616 -

2080 673 2258 743 ψυχὴν
2313 674 2409 727 καὶ
2458 674 2614 740 ὀστᾶ,
2646 673 2743 728 καὶ
2793 674 2848 726 αἱ
2887 674 3047 746 κόραι
3085 675 3543 747 διαστρέφονται,
3579 679 3676 728 καὶ

2081 763 2202 816 οὐδὲ
2235 765 2284 816 οἱ
2311 764 2580 834 ὀφθαλμοὶ
2627 765 2770 819 κατά
2794 765 2949 829 τάξιν
2982 765 3292 836 βλέπουσιν,
3331 766 3448 820 ἀλλ’
3479 767 3675 837 ὥσπερ

2081 853 2298 924 ἡνιόχου
2343 853 2738 926 θορυϐηθέντος
2777 857 3035 920 ἀτάκτως
3064 858 3112 911 oi
3174 858 3332 910 ἵπποι
3385 857 3670 927 φέρονται,

2082 946 2224 1000 οὓτω
2252 947 2345 1000 τοῦ
2366 947 2628 1017 λογισμοῦ
2663 948 3140 1019 διαταραχθέντος,
3160 951 3341 1004 πάντα
3362 954 3675 1021 συγχεῖται,

2085 1040 2262 1094 πάντα
2283 1040 2698 1109 διαστρέφεται·
2724 1044 2818 1094 καὶ
2847 1043 2963 1104 πῶς
2977 1042 3116 1112 αὕτη
3140 1045 3348 1112 γίνεται
3369 1047 3402 1115 ἡ
3417 1046 3633 1115 ταραχή
3656 1062 3674 1104 ;

2084 1134 2383 1200 ἀναγκαῖον
2406 1137 2517 1204 γὰρ
2547 1136 2640 1187 καί⁹
2685 1134 2846 1189 τοῦτο
2891 1138 3071 1190 εἰπεῖν
3100 1153 3113 1168 ·
3152 1138 3215 1191 ού
3251 1137 3361 1208 γὰρ
3394 1137 3589 1208 ὥσπερ
3613 1138 3678 1189 ὲν

2087 1224 2330 1296 θαλάσσῃ
2359 1225 2510 1297 παρὰ
2540 1225 2642 1298 τὴν
2668 1227 2779 1280 τῶν
2828 1229 3160 1298 πνευμάτων
3199 1230 3440 1300 ἐμϐολὴν
3459 1271 3477 1297 ,
3529 1230 3681 1283 οὕτω

2086 1320 2180 1372 καὶ
2208 1319 2265 1370 ὲν
2310 1318 2491 1390 ψυχῇ,
2547 1320 2609 1373 ού
2647 1320 2791 1374 κατά
2834 1338 2958 1376 τινα
3015 1321 3276 1391 ἀδόκητον
3323 1321 3677 1390 περίστασιν.

2087 1410 2223 1464 ἀλλά
2271 1413 2422 1482 παρὰ
2452 1411 2552 1482 τὴν
2579 1413 2858 1483 ἡμετέραν
2888 1397 3163 1485 ρᾳθυμίαν
3195 1413 3493 1484 συμϐαίνει
3527 1429 3542 1444 ο
3577 1415 3680 1465 καὶ

2087 1505 2196 1574 γάρ
2254 1507 2350 1558 κα)⁵
2399 1504 2492 1558 τοῦ
2524 1506 2779 1574 γενέσθαι
2837 1508 2931 1560 καὶ
2975 1507 3069 1561 τοῦ
3129 1507 3205 1578 μὴ
3254 1507 3508 1575 γενέσθαι
3572 1507 3680 1577 τὴν

2089 1597 2413 1668 περίστασιν
2442 1598 2542 1669 τῆς
2568 1599 2844 1670 ἁμαρτίας
2879 1602 3044 1670 ἡμεῖς
3079 1600 3282 1672 κύριοι,
3331 1601 3432 1669 τῆς
3475 1599 3678 1654 ἐπιθυ-

410 1692 457 1743 si
500 1692 773 1745 formosos
803 1691 984 1744 vultus
1010 1707 1117 1744 non
1141 1691 1470 1760 inquires,si
1493 1691 1760 1744 theatrum
1781 1688 1980 1757 iniqui-

2092 1690 2210 1757 μίας
2229 1691 2613 1763 άναπτομὲνης
2639 1707 2654 1720 ·
2687 1692 2800 1744 ἀλλ’
2817 1690 2884 1745 ἂν
2918 1692 2993 1763 μὴ
3023 1692 3088 1744 σὺ
3109 1691 3207 1761 τὴν
3238 1691 3410 1759 φλόγα
3435 1691 3678 1760 ἀνάιξιῃς,

401 1783 536 1837 talis
567 1799 676 1836 non
695 1783 984 1847 accendes,
1017 1797 1116 1835 nec
1160 1782 1394 1850 dapibus
1433 1796 1654 1837 carnem
1686 1778 1984 1847 saginabis,

405 1892 513 1932 nec
539 1877 803 1930 rationem
828 1875 955 1930 vino
989 1869 1294 1944 demerges,
1325 1891 1435 1930 non
1462 1883 1711 1944 assurget
1742 1871 1984 1934 ﬂamma,

409 1981 517 2018 non
567 1965 966 2018 intractabilior
1030 1962 1143 2018 fera
1195 1966 1324 2028 fiet,
1378 1978 1487 2017 non
1545 1962 1984 2026 disturbabitur;

399 2057 567 2126 quasi
589 2056 896 2110 furentibus
919 2056 1117 2119 ventis,
1143 2055 1573 2110 animicaslitas.
1605 2055 1792 2109 lloene
1831 2052 1987 2116 satis,

403 2150 650 2217 inquies,
703 2158 762 2201 nt
808 2147 1026 2202 ﬂanuna
1061 2148 1267 2218 peccati
1323 2147 1552 2201 vitetur?
1599 2146 1845 2210 minime,
1895 2142 1989 2199 sed

410 2249 628 2308 oportet
685 2248 740 2294 et
785 2239 892 2293 alia
935 2240 1164 2309 insuper
1212 2237 1373 2309 adjici
1409 2257 1421 2293 :
1452 2238 1728 2294 continua:
1778 2249 1988 2306 preces,

408 2341 727 2387 sanctorum
775 2333 1140 2396 consuetudo,
1187 2332 1396 2402 aliquot
1439 2330 1717 2384 interdum
1757 2329 1989 2398 jejunis,

412 2424 642 2493 simplex
691 2425 906 2478 vivendi
963 2439 1157 2494 genus,
1204 2425 1531 2479 necessaria:
1579 2423 1987 2494 occupationes,

412 2515 830 2583 praesertimque
882 2514 974 2567 Dei
1027 2522 1227 2578 metus,
1277 2513 1444 2568 futuri
1484 2514 1676 2584 judicii
1721 2512 1986 2567 memoria

412 2614 470 2659 et
511 2607 825 2660 mercedum
882 2621 1004 2675 quae
1051 2605 1216 2676 justis
1258 2606 1544 2675 desponsa:
1593 2605 1835 2661 fuerunt.
1876 2603 1991 2660 Hoc

410 2713 512 2767 per
534 2698 715 2752 omnia
752 2713 1011 2752 vesanam
1038 2697 1206 2751 animi
1239 2698 1743 2767 concupiscentiam
1764 2712 1988 2768 compe-

413 2805 566 2844 scere
602 2798 656 2844 et
682 2789 1013 2844 ﬂuetuosum
1051 2805 1204 2844 mare
1226 2789 1443 2844 frenare
1469 2791 1701 2859 poteris.

2085 1873 2207 1945 ὕλῃ,
2239 1874 2305 1928 ἂν
2337 1875 2410 1946 μὴ
2448 1875 2546 1939 τὰς
2577 1875 2890 1946 εὐμόρφους
2913 1876 3065 1943 ὄψεις
3101 1877 3466 1947 περιεργάσῃ,
3500 1875 3568 1928 ἂν
3598 1876 3681 1946 μὴ

2086 1963 2318 2034 θέατρον
2387 1965 2742 2036 παρανομίας
2800 1965 3117 2036 ἁναὸαίνῃς,
3185 1965 3252 2019 ἂν
3312 1965 3388 2036 μὴ
3451 1966 3681 2035 πιαίνῃς

2085 2058 2265 2125 τρυφῇ
2315 2056 2414 2127 τὴν
2477 2058 2678 2129 σάρκα,
2719 2058 2786 2112 ἂν
2847 2056 2921 2129 μὴ
2971 2058 3374 2128 καταποντίζῃς
3419 2058 3547 2127 οἴνῳ
3584 2058 3685 2110 τὸν

2087 2146 2370 2217 λογισμὸν,
2432 2149 2531 2202 οὐκ
2582 2151 2799 2220 αἴρεται
2847 2153 2880 2222 ἡ
2928 2149 3095 2216 φλὸξ,
3155 2150 3216 2202 ού
3256 2149 3470 2218 γίνεται
3507 2149 3682 2218 χαλε-

2088 2237 2335 2308 πώτερον
2390 2241 2449 2293 τὸ
2505 2241 2718 2311 θηρίον,
2783 2243 2844 2295 οὐ
2895 2243 3244 2313 διατέμνεται
3281 2241 3532 2312 καθάπερ
3570 2240 3685 2293 ὑπὸ

2087 2329 2414 2397 πνευμάτων
2457 2330 2666 2401 ἀγρίων
2691 2331 2792 2402 τῆς
2818 2332 3058 2394 διανοίας
3083 2332 3144 2384 τὸ
3171 2331 3434 2402 καθαρόν.
3483 2331 3686 2401 Ἀρκεῖ

2085 2413 2178 2470 οὖν
2217 2419 2406 2486 ταῦτα,
2438 2424 2596 2493 φησι,
2631 2423 2769 2493 πρὸς
2794 2422 2856 2476 τὸ
2880 2423 3165 2493 διαφυγεῖν
3198 2424 3297 2494 τὴν
3352 2422 3530 2493 φλόγα
3576 2422 3683 2492 τῆς

2087 2512 2391 2583 άμαρτίας;
2411 2517 2511 2570 οὐκ
2536 2517 2714 2590 ἀρκεῖ·
2735 2519 2870 2574 ἀλλὰ
2888 2519 2969 2572 δεῖ
2986 2521 3076 2573 καὶ
3088 2520 3252 2591 ἕτερα
3281 2517 3681 2589 προστεθῆναι,

2094 2608 2408 2677 προσευχὰς
2460 2610 2761 2679 διηνεκεῖς,
2818 2613 2990 2678 ἁγίων
3043 2613 3363 2675 συνουσίαν,
3416 2611 3683 2680 νηστείαν

2097 2698 2428 2771 σύμμετρον,
2467 2701 2680 2756 δίαιταν
2707 2702 2880 2774 λιτὴν,
2914 2703 3171 2774 ἀσχολίας
3205 2703 3534 2772 ἀναγκαίαςο
3566 2703 3685 2770 πρὸ

2091 2789 2202 2842 τῶν
2251 2791 2426 2845 ἄλλων
2490 2795 2776 2861 ἁπάντων,
2803 2857 2808 2860 _
2839 2795 2935 2848 τοῦ
2994 2797 3128 2849 Θεοῦ
3183 2796 3273 2849 τὸν
3323 2795 3520 2865 φόϐον,
3576 2794 3684 2863 τὴν

2082 1783 2183 1836 ούκ
2209 1784 2422 1853 αἴρεται
2456 1786 2488 1854 ἡ
2523 1785 2774 1855 κάμινος,
2806 1784 2872 1838 ἂν
2903 1785 2977 1855 μὴ
3008 1787 3216 1855 τροφὴν
3256 1784 3552 1856 παράσχῃς
3603 1787 3676 1853 τῇ

415 2882 716 2952 μέλλουσαν
760 2883 966 2953 κρίσιν,
996 2882 1096 2946 τὰς
1124 2883 1459 2948 ἐπαγγελίας
1493 2883 1602 2936 τῶν
1619 2882 1876 2950 ἀγαθῶν·
1913 2880 1998 2935 διὰ
2045 2881 2250 2937 τούτων
2308 2886 2528 2941 πάντων
2577 2888 2804 2942 δύνασαι
2878 2889 3178 2959 χαλινῶσαι
3231 2889 3332 2960 τὴν
3384 2888 3685 2941 λυσσῶσαν

412 2973 708 3044 ἐπιθυμίαν
745 2975 841 3028 καὶ
887 2976 1082 3044 στῆσαι
1121 2976 1220 3044 τὴν
1257 2975 1664 3046 κυμαινομένην
1689 2975 1984 3028 θάλασσαν.

413 3085 737 3155 ρυΑΞδΤΙΟ
771 3088 955 3147 C(IXC
997 3091 1186 3163 [CoisL
1241 3089 1462 3146 CCCI“.
1505 3089 1670 3144 Taur.
1713 3087 1986 3161 CCXCll].

595 3201 613 3232 ι
649 3182 888 3238 Clamavi
934 3185 1003 3236 ad
1057 3195 1124 3249 le,
1155 3184 1395 3246 Domine,
1433 3183 1627 3236 exaudi
1659 3199 1758 3236 me.
1790 3200 1810 3234 ο

2534 3154 2551 3164 _
2648 3088 2986 3140 ΕΡΩΤΗΣΙΣ
3011 3089 3122 3155 BL].

2107 3198 2123 3233 t
2160 3179 2354 3262 Κύριε,
2386 3177 2685 3247 ἐκέκραξα
2722 3181 2873 3248 πρὸς
2913 3179 3018 3246 σὲ,
3051 3180 3425 3233 είσάκουσόν
3467 3197 3608 3247 μου.
3656 3197 3677 3229 ι

1089 3293 1232 3345 Edita
1263 3309 1291 3343 a
1317 3295 1441 3344 Maio
1465 3295 1520 3356 (1.
1546 3309 1589 3344 c.
1617 3310 1668 3358 p.
1703 3295 1810 3356 H7,
1841 3310 1890 3357 q.
1924 3295 2054 3356 500).
2078 3320 2138 3329 —
2170 3295 2224 3344 In
2262 3293 2390 3343 Psal.
2423 3309 2532 3352 CXL,
2565 3294 2589 3342 1
2619 3295 2811 3359 (Graece
2843 3295 2995 3356 cm).

487 3376 613 3432 Haec
653 3377 818 3445 hujus
869 3377 1058 3448 psalmi
1107 3379 1252 3432 dicta
1294 3394 1502 3444 omnes,
1559 3391 1616 3432 ut
1667 3381 1738 3433 ita
1785 3381 1983 3441 dicam,

2161 3378 2365 3431 Τούτου
2394 3377 2488 3431 τοῦ
2513 3378 2730 3448 ψαλμοῦ
2775 3379 2844 3431 τά
2878 3380 2976 3448 μὲν
3023 3380 3243 3448 ῥήματα
3282 3378 3546 3442 ἅπαντες,
3601 3381 3686 3444 ὡς

413 3471 618 3536 sciunt,
661 3480 716 3525 et
749 3481 861 3525 tota
903 3474 1012 3524 vita
1058 3471 1385 3535 concinnat;
1426 3487 1622 3525 sensus
1669 3481 1849 3524 autem
1889 3471 1988 3524 ali-

415 3573 552 3633 quot
600 3562 892 3616 verb0rum
934 3577 1029 3616 eos
1076 3563 1236 3616 fallit.
1290 3560 1445 3627 Quod
1506 3562 1573 3616 iis
1623 3577 1731 3616 non
1799 3562 1988 3615 leviter

413 3655 863 3725 exprobrandam
914 3664 1019 3708 est.
1066 3653 1278 3708 Etenim
1327 3655 1458 3724 quid
1513 3663 1598 3709 est
1645 3655 1789 3708 aliud
1822 3669 1984 3722 quam

414 3747 648 3816 psallere
678 3756 791 3802 toto
815 3747 924 3812 die,
949 3747 1040 3802 sed
1073 3764 1140 3801 ne
1170 3748 1338 3803 semel
1368 3748 1587 3818 quidem
1625 3748 1819 3817 psalmi
1863 3763 1958 3802 seu

416 3854 541 3894 sum
579 3839 896 3908 requirere?
933 3839 1181 3909 Namque
1225 3841 1329 3895 hoc
1371 3850 1454 3896 est
1493 3841 1740 3912 segnitici
1796 3851 1850 3894 et
1899 3857 1962 3895 so

417 3933 621 3987 cordia:
670 3947 946 3986 summum
992 3933 1256 3987 continuo
1289 3935 1584 4003 psalmum,
1613 3951 1641 3987 a
1687 3933 1988 4002 puerilibus

415 4024 576 4079 annis
625 4025 691 4078 ad
741 4024 986 4077 ultimam
1037 4036 1367 4079 senectutem
1404 4026 1455 4079 in
1491 4042 1590 4079 usu
1635 4026 1854 4088 habere;
1890 4041 1990 4080 nec

413 4115 564 4169 aliud
606 4125 965 4184 praeterquam
1019 4117 1183 4170 verba
1223 4133 1388 4172 sensu
1435 4119 1675 4172 carentia
1722 4118 1988 4172 memoria

415 4217 622 4274 tenere,
673 4218 873 4262 tectum
906 4224 1073 4277 prope
1124 4213 1438 4263 thesaurum
1483 4211 1743 4276 assidere,
1774 4225 1991 4263 crume-

414 4314 653 4370 namque
685 4299 1026 4368 obsignatam
1082 4299 1463 4366 circumferre,
1513 4316 1613 4355 nec
1655 4317 1987 4372 quemquam

416 4391 500 4444 vel
551 4390 874 4444 curiositate
925 4391 1129 4458 impelli
1166 4399 1225 4445 ut
1276 4392 1440 4446 sciret
1468 4409 1576 4462 quo
1622 4392 1839 4447 demum
1875 4393 1988 4448 hinc

413 4483 577 4536 verba
623 4492 958 4553 Spectat-ent.
1001 4484 1254 4537 Attamen
1288 4500 1355 4538 ne
1401 4484 1506 4539 hoc
1545 4487 1762 4556 quidam
1793 4486 1985 4540 dicas:

411 4576 763 4644 perspicuum
795 4576 1088 4645 quemdam
1131 4591 1224 4630 eos
1259 4577 1352 4631 tali
1398 4587 1616 4643 torpore
1655 4578 1900 4633 affecisse
1930 4585 1990 4632 ut

415 4681 660 4734 quaerere
714 4668 1031 4720 omitterent
1073 4669 1217 4737 quod
1261 4669 1314 4722 in
1359 4681 1610 4740 promptu
1667 4683 1814 4729 esset
1863 4692 1988 4729 cum

2095 3471 2290 3534 εἰπεῖν,
2318 3472 2484 3534 ἴσασι,
2519 3471 2614 3522 καὶ
2641 3471 2728 3522 διὰ
2759 3471 2939 3539 πάσης
2969 3471 3184 3539 ἡλικίας
3212 3469 3519 3523 διατελοῦσι
3543 3472 3686 3538 gini).-

2093 3561 2293 3624 λοντες,
2325 3561 2422 3632 τὴν
2446 3561 2500 3614 δὲ
2533 3561 2770 3614 διάνοιαν
2799 3564 2954 3616 ὲνίων
2975 3564 3082 3616 τῶν
3105 3564 3415 3633 εἰρημένων
3451 3564 3686 3631 ἀγνοοῦ-

2097 3672 2181 3707 σιν
2208 3671 2222 3686 ⁶
2257 3654 2393 3724 ὅπερ
2431 3655 2493 3706 ού
2529 3653 2724 3724 μικρὸν
2749 3657 2827 3716 εἰς
2854 3656 3186 3726 κατηγορίας
3213 3655 3374 3724 λόγον
3403 3672 3421 3688 ο
3450 3656 3617 3720 ψάλλε
3630 3677 3686 3709 ιν

2099 3746 2198 3817 μὲν
2258 3747 2378 3800 καθ’
2409 3748 2644 3818 ἡμέραν,
2685 3746 2809 3818 μηδ’
2837 3747 2985 3812 ἅπαξ
3015 3749 3060 3802 δ’
3089 3749 3426 3820 ἐπιζητῆσαι
3479 3749 3687 3821 μαθεῖν

2094 3839 2187 3889 τὸν
2236 3837 2360 3890 νοῦν
2411 3838 2520 3891 τῶν
2575 3839 2927 3910 ψαλλομὲνων
2959 3857 2974 3870 ·
3025 3841 3119 3893 καὶ
3168 3842 3278 3910 γὰρ
3319 3842 3550 3905 νωθείας
3581 3844 3685 3894 καὶ

2097 3918 2425 3999 χαυνότητος
2484 3931 2739 4001 ἐσχάτης,
2789 3932 2879 3984 διὰ
2934 3934 3135 3996 παντὸς
3168 3933 3258 3986 τὸν
3306 3934 3523 4003 ψαλμὸν
3579 3937 3684 3987 καὶ

2096 4021 2159 4071 ἐκ
2210 4017 2433 4090 πρώτης
2466 4020 2680 4090 ἡλικίας
2723 4023 2801 4084 είς
2843 4023 3070 4092 ἔσχατον
3113 4026 3292 4094 γῆρας
3327 4025 3683 4093 μελετῶντας

2095 4111 2384 4179 διατελεῖν,
2411 4113 2479 4191 τὰ
2511 4116 2730 4184 ῥήματα
2766 4115 2924 4184 μόνον
2958 4117 3166 4179 εἰδότας
3190 4117 3372 4187 ἔρημα
3397 4117 3644 4180 διανοίας
3667 4136 3680 4148 ·

2098 4205 2194 4258 καὶ
2254 4206 2678 4274 παρακαθῆσθαι
2739 4205 2999 4278 θησαυρῷ
3063 4211 3533 4276 συνεσκιασμένῳ,
3581 4209 3686 4260 καὶ

2099 4291 2386 4364 βαλάντιον
2418 4297 2738 4366 περιφέρειν
2777 4299 3216 4367 ὲσφραγισμένον
3244 4315 3258 4329 ·
3294 4298 3387 4352 καὶ
3419 4299 3539 4351 οὐδὲ
3572 4299 3688 4351 ὑπὸ

2098 4389 2634 4459 πολυπραγμοσύνης
2685 4391 3014 4462 παρωξύνοη
3055 4409 3138 4454 τις
3191 4392 3404 4462 μαθεῖν,
3435 4393 3488 4444 τί
3542 4396 3685 4445 ποτέ

2097 4479 2212 4531 ἐστι
2250 4480 2627 4549 τὸλεγόμενον
2661 4499 2676 4515 ο
2709 4483 2885 4538 καίτοι
2918 4501 2980 4551 γε
3015 4484 3134 4535 οὐδὲ
3195 4486 3370 4536 ἐκεῖνο
3418 4485 3566 4536 ἔστιν
3595 4485 3684 4536 εἰ-

2098 4573 2241 4637 πεῖν,
2264 4573 2346 4625 ὅτι
2379 4575 2558 4644 σαφής
2575 4592 2659 4638 τις
2685 4575 2761 4628 ὢν
2793 4576 3002 4640 πάντας
3027 4578 3106 4639 είς
3133 4576 3299 4630 ὕπνον
3325 4578 3500 4646 ἤγαγε
3530 4593 3545 4607 ·
3577 4579 3683 4630 καὶ

2095 4660 2195 4712 οὐκ
2255 4663 2435 4731 ἀφῆκε
2489 4666 2722 4735 ζητῆσαι
2755 4667 2815 4721 τὸ
2869 4669 3178 4738 προχείρως
3234 4671 3529 4738 κείμενον·
3582 4672 3683 4723 καὶ

418 4758 735 4826 inexplicito
761 4759 843 4813 vir
871 4775 1127 4814 sermone
1153 4761 1221 4814 sit
1250 4762 1477 4818 idoneus
1505 4765 1692 4819 leviter
1712 4767 1983 4822 dormien-

2096 4751 2204 4822 γάρ
2227 4754 2373 4807 ἐστιν
2402 4757 2616 4829 άσαφὴς
2647 4760 2741 4811 καὶ
2771 4760 2953 4824 ἱκανὸς
2994 4761 3258 4832 διεγεῖραι
3289 4762 3377 4814 τὸν
3433 4761 3508 4831 μὴ
3541 4763 3682 4831 σφό-

412 4847 560 4902 tibus
606 4849 930 4918 excitandis,
977 4866 1076 4905 nec
1117 4850 1256 4906 alios
1308 4855 1507 4908 excitet
1537 4872 1698 4925 quam
1731 4857 1824 4926 qui
1861 4858 1986 4913 dor-

414 4941 613 4996 miunt.

416 5050 746 5118 QUIESTIO
774 5055 974 5112 CCXCI
1005 5058 1194 5130 [CoisL
1218 5058 1440 5116 CCCIV.
1477 5058 1637 5117 Taur.
1685 5062 1979 5137 CCXClll].

421 5163 439 5196 ι
461 5143 589 5201 Voce
613 5164 726 5202 mea
743 5149 810 5201 ad
839 5149 1122 5205 Dominum
1153 5152 1379 5205 clamavi
1388 5169 1533 5215 ,voce
1559 5169 1672 5208 mea
1695 5153 1984 5211 Dominum

938 5224 1244 5290 deprecatus
1278 5239 1416 5276 sum.
1431 5242 1448 5274 ι

2092 4843 2194 4914 δρα
2229 4847 2581 4917 καθεύδοντα,
2618 4852 2819 4922 μᾶλλον
2849 4852 2904 4906 δὲ
2937 4854 3148 4907 καὶτὸν
3188 4855 3535 4909 καθεύδοντα.

2565 5075 2900 5130 ΕΡΩΤΗΣΙΣ
2943 5078 3103 5146 ΣιιΑν.

2099 5183 2116 5216 ι
2145 5165 2318 5234 Φωνῇ
2325 5184 2446 5237 μου
2469 5167 3186 5242 πρὸςΑΚύριονᾲέκέκραξα,
3199 5170 3370 5242 φωνίῖ
3385 5190 3507 5241 μου
3525 5175 3682 5242 πρὸς

2547 5239 2766 5306 Κύριον
2815 5240 3093 5308 ἐδεήθην.
3124 5260 3143 5292 ι

1092 5337 1230 5387 Edita
1251 5352 1278 5386 a
1311 5339 1432 5388 Maio
1468 5339 1523 5402 (1.
1557 5354 1600 5390 c.
1628 5357 1678 5404 p.
1714 5343 1818 5403 H7,
1850 5360 1900 5407 q.
1927 5349 2124 5407 3οη-
2153 5351 2209 5402 In
2242 5353 2370 5403 Psal.
2394 5367 2520 5413 cm,
2545 5356 2568 5403 l
2597 5357 2790 5419 (Graece
2817 5359 2987 5421 exui).

486 5441 631 5496 Duas
668 5441 757 5497 hic
786 5443 1012 5497 virtutes
1042 5443 1322 5512 docemur,
1353 5447 1691 5504 fortitudinis
1723 5463 1986 5507 constan-

418 5535 571 5598 tiam,
597 5537 1052 5606 cogitationisque
1078 5539 1474 5596 ordinationem
1499 5557 1513 5604 ;
1543 5552 1802 5611 prmterea
1834 5545 1984 5601 l’sal-

412 5629 590 5684 reisue
632 5630 796 5686 verba
848 5631 1067 5686 tertium
1108 5632 1254 5688 aliud
1298 5633 1605 5701 signiﬁcant
1639 5651 1652 5688 :
1683 5650 1792 5692 non
1839 5639 1981 5695 enim

2165 5458 2270 5512 Δύο
2333 5461 2569 5514 ἐνταῦθα
2614 5463 2816 5532 ἀρετάς
2865 5465 3230 5536 μανθάνομεν,
3267 5467 3330 5520 τό
3363 5484 3421 5519 τε
3455 5466 3678 5522 εὔτονον

2094 5551 2192 5620 τῆς
2227 5552 2555 5622 προθυμίας,
2587 5555 2647 5608 τό
2676 5573 2732 5609 τε
2771 5562 3203 5630 συντεταγμένον
3251 5563 3352 5631 τῆς
3401 5563 3672 5630 διανοίας,

2093 5643 2188 5696 καὶ
2221 5644 2406 5714 ἕτερον
2435 5646 2569 5717 πρὸς
2596 5646 2802 5714 τούτοις
2831 5651 2889 5705 τὸ
2918 5653 3082 5707 αὐτοῦ
3113 5651 3253 5712 εἶναι
3299 5654 3397 5727 τὴν
3432 5661 3620 5726 φωνήν
3649 5674 3667 5689 ·
