3930 6218
237 234 372 299 1125

215 351 277 402 οὐ
328 347 438 415 γὰρ
491 344 695 407 πάντες

215 440 368 503 Θεὸν,
386 437 511 493 οὔτε
537 441 602 510 τῇ
631 437 827 508 οἰκείᾳ·
856 435 1008 490 δεῖδὲ
1034 434 1253 488 ἅπαντα
1275 434 1447 487 ταῦτα
1480 430 1757 484 συνελθεῖν
1778 444 1795 459 ’

212 534 242 585 6
266 530 387 584 κατ’
418 529 628 601 ἐχθρῶν
648 527 786 598 βοῶν
806 527 907 580 ούκ
936 525 1227 595 ἀνθρώπου
1256 522 1441 593 φωνὴν
1472 523 1796 591 προήσεται,

215 622 351 676 ἀλλὰ
375 620 567 693 θηρίου
601 623 695 673 καὶ
716 619 895 688 ὄφεως
916 635 930 649 ο
966 620 994 671 6
1033 615 1315 688 ῥᾳθυμῶν,
1354 616 1448 667 καὶ
1484 614 1558 684 μὴ
1585 611 1800 665 ἀκούων

214 705 290 766 ῶν
315 712 484 779 λέγει,
517 709 576 762 ού
607 709 744 781 πρὸς
772 709 864 761 τὸν
894 707 1029 760 Θεὸν
1052 706 1171 778 βοᾷ,
1204 705 1321 757 ἀλλ’
1344 704 1468 774 εἰκῆ
1500 705 1592 756 καὶ
1619 702 1799 772 μάτην

214 805 513 874 φθέγγεται
548 817 563 831 ·
591 803 619 855 6
651 801 724 873 μὴ
758 802 1042 872 διεγείρων
1073 800 1172 870 τὴν
1203 800 1464 863 διάνοιαν,
1485 798 1589 851 κᾶν
1624 797 1798 869 μεγά-

212 898 281 952 λα
303 899 501 968 κράζῃ,
530 895 693 950 πάλιν
721 889 876 958 οὗτος
897 896 958 948 οὐ
988 894 1106 965 βοᾷο
1138 894 1321 964 φωνὴν
1342 892 1473 963 γὰρ,
1496 891 1572 954 ὡς
1604 890 1801 944 πολλά⁴

212 1008 303 1055 κις
330 989 501 1059 ἔφθην
543 987 737 1051 εἰπὼν,
767 988 828 1041 οὐ
862 988 955 1041 τὸν
975 987 1129 1040 τόνον
1156 986 1307 1054 λέγει
1340 985 1435 1038 τοῦ
1462 984 1796 1054 πνεύματος,

211 1083 351 1139 ἀλλά
379 1082 479 1153 τὴν
524 1079 971 1150 συντεταγμένην
1005 1079 1247 1133 διάνοιαν
1269 1094 1284 1107 ·
1319 1077 1437 1133 ἀλλ’
1468 1078 1567 1148 οὐχ
1601 1077 1795 1139 οὕτως’

209 1176 348 1230 ἀλλά
400 1177 469 1229 τὰ
520 1176 651 1247 τρία
701 1174 873 1229 ταῦτα
923 1175 1182 1243 συνάγειο
1212 1174 1292 1228 ὅτι
1346 1190 1407 1225 τε
1463 1173 1656 1241 φωνεῖ,
1705 1170 1799 1225 καὶ

210 1269 349 1340 πρὸς
379 1269 472 1322 τὸν
495 1269 649 1333 Θεὸν,
680 1270 775 1322 καὶ
812 1272 878 1341 τῇ
910 1270 1105 1323 ἐαυτοῦ
1134 1269 1286 1340 φωνῇ
1319 1283 1335 1300 ³
1371 1267 1463 1320 διὰ
1488 1266 1647 1321 τοῦτο
1671 1266 1796 1321 δεύ-

209 1380 367 1434 τερον
400 1363 533 1433 φησί
562 1379 576 1393 ⁵
620 1384 639 1416 ι
675 1365 829 1432 Φωνῇ
864 1379 986 1431 μου,
1017 1362 1113 1415 καὶ
1143 1363 1296 1432 φωνῇ
1332 1377 1457 1431 μου.
1491 1378 1510 1411 ι

736 1453 1077 1507 sparum.
1111 1453 1274 1519 Σιβι.

290 1550 351 1603 Τί
376 1550 507 1603 ἐστι
535 1549 623 1615 τὸ,
654 1566 672 1599 ι
700 1551 1023 1618 Εὺλόγησε
1045 1546 1294 1616 Μελχὸλ
1318 1545 1425 1600 τὸν
1453 1544 1667 1615 Δαϐίδ;
1700 1565 1720 1599 ι

1112 232 1211 291 AD
1241 225 1833 291 AMPHILOCIIIUM
1871 220 2221 294 QUAESTIO
2250 220 2766 281 CCXC-CCXCIII.

754 341 879 396 οὗτε
914 344 1067 412 φωνῇ
1124 340 1342 412 βοῶσιν,
1380 341 1504 392 οὔτε
1549 338 1684 409 πρὸς
1712 337 1799 389 τὸν

1909 346 2103 386 omnes
2136 347 2312 399 neque
2349 346 2480 385 voce
2522 331 2781 394 clamant,
2812 344 2988 400 neque
3018 330 3259 401 propria,
3311 347 3489 400 neque

3353 221 3488 285 1196

1906 423 1972 475 ad
2018 421 2223 488 Deum;
2277 429 2494 491 oportet
2542 429 2722 475 tamen
2768 420 2883 475 haec
2928 422 3028 474 tria
3074 436 3179 474 una
3209 420 3344 473 lieri.
3382 420 3487 487 Qui

1905 513 2170 566 adversus
2200 512 2387 568 hostes
2426 513 2650 575 clamat,
2680 529 2785 566 non
2818 512 3113 566 humanam
3143 528 3331 568 vocent
3360 532 3486 584 pm-

1903 606 2023 671 mit,
2065 605 2159 661 sed
2190 603 2322 661 fera:
2371 612 2426 658 et
2456 605 2748 673 serpentis.
2781 604 2886 670 Qui
2921 605 3198 675 negligens
3241 615 3347 670 est,
3385 622 3485 660 nec

1903 698 2056 753 audit
2086 697 2216 767 quid
2260 698 2428 761 dicat,
2458 713 2564 752 non
2596 698 2661 752 ad
2698 696 2868 752 Deum
2902 698 3122 760 clamat.
3157 700 3250 754 sed
3283 709 3485 754 temere

1900 799 1955 843 et
1984 789 2263 842 incassum
2290 789 2556 858 loquitur.
2581 786 2687 854 Qui
2714 802 2825 842 non
2847 789 3227 860 expergefacta
3276 799 3481 851 mente,

1900 883 2005 938 etsi
2044 881 2397 936 vehementer
2443 880 2795 948 vociferetur,
2844 898 3039 936 rursus
3095 884 3186 937 ille
3220 897 3331 937 non
3368 885 3483 938 cla-

1902 984 2035 1029 mat.
2070 973 2235 1029 Vocis
2265 974 2437 1040 enim,
2482 982 2544 1028 ut
2568 974 2679 1043 jam
2714 974 2981 1039 dictitavi,
3014 988 3122 1028 non
3159 976 3357 1030 ruentis
3403 985 3483 1027 te-

1900 1083 2093 1122 norem
2142 1067 2367 1132 indicat,
2419 1066 2515 1122 sed
2554 1067 2785 1123 usitatas
2834 1069 2961 1123 terit
2991 1084 3171 1123 voces.
3209 1068 3330 1123 Non
3382 1085 3484 1123 au-

1902 1171 2009 1216 tem
2069 1163 2151 1218 sic
2215 1161 2492 1233 Propheta
2552 1162 2646 1232 qui
2714 1164 2832 1218 hwc
2895 1163 2996 1217 tria
3058 1165 3480 1234 complectitur,

1900 1256 2213 1326 clamatque
2244 1256 2309 1309 ad
2359 1254 2551 1319 Deum,
2599 1264 2654 1309 et
2686 1257 2907 1326 propria
2937 1257 3110 1325 ipsius
3140 1272 3305 1325 voce;
3345 1274 3484 1328 qua-

1900 1358 2125 1419 propter
2156 1349 2241 1403 his
2263 1348 2538 1403 exclamat
2569 1366 2582 1403 ι
2619 1366 2639 1400 ι
2672 1348 2816 1403 Voce
2842 1364 2983 1409 mea,
3016 1366 3149 1405 voce
3176 1367 3319 1433 mea.
3354 1372 3372 1402 ι

2100 1441 2434 1509 ΟυΔΕδΤΙΟ
2460 1441 2691 1497 CCXCU
2721 1442 2915 1515 [Coist.
2957 1443 3122 1499 Taur.
3148 1445 3306 1519 CIV].

1937 1539 2081 1606 Quid
2108 1540 2283 1595 valeat
2307 1539 2405 1593 hoc
2442 1542 2653 1669 verbzm
2681 1559 2775 1669 {4}
2792 1543 3087 1598 Gratulata
3118 1555 3192 1598 est
3232 1544 3454 1600 Melchol

2616 1631 2698 1669 αυι
2802 1634 2821 1666 ι

2616 1631 2736 1669 avra
2750 1631 2774 1668 ι’
2802 1634 2821 1666 ι

982 1751 1124 1803 Edita
1153 1767 1179 1801 a
1211 1752 1335 1802 Maio
1367 1751 1425 1815 (l.
1467 1764 1511 1801 ε.
1545 1765 1595 1813 p.
1631 1747 1764 1811 148).
1797 1777 1860 1787 -
1889 1747 2183 1811 Explanatio
2215 1752 2264 1800 in
2300 1750 2342 1800 ΙΙ
2373 1750 2499 1815 Reg.
2532 1763 2601 1811 v1,
2630 1751 2709 1799 20.

280 1870 356 1923 Τὸ
380 1869 457 1931 δὲ,
492 1869 809 1936 Εὐλόγησε
844 1865 1091 1933 Mesz
1138 1866 1249 1918 τὸν
1278 1863 1457 1917 Δαϐὶδ
1480 1903 1495 1926 ,
1528 1861 1799 1931 λαμϐάνει

1978 1859 2105 1916 Haec
2138 1858 2369 1915 Melclrol
2411 1861 2688 1932 gratulata
2718 1870 2797 1914 est
2831 1858 3003 1914 David
3033 1860 3192 1931 plana
3246 1872 3377 1916 sunt
3418 1879 3485 1917 et

210 1965 313 2034 μὲν
340 1963 433 2015 καὶ
459 1964 521 2014 ἐκ
555 1962 653 2030 τῆς
683 1960 1090 2030 προειρημένης
1119 1954 1474 2021 ἀναπτύξεως
1501 1956 1562 2009 τὸ
1599 1958 1789 2021 σαφέςο

204 2058 330 2110 ἀντὶ
354 2055 463 2125 γὰρ
490 2054 584 2106 τοῦ
614 2052 1034 2118 ἐξουδένωσεν
1061 2054 1279 2122 εἰρηται
1304 2066 1319 2081 ⁸
1352 2050 1636 2121 ἀλλότριον
1684 2050 1796 2123 γάρ

206 2150 386 2202 ἐδόκει
417 2150 478 2200 τὸ
517 2147 740 2217 γύναιον
772 2143 1053 2215 βασιλικοῦ
1084 2146 1437 2215 φρονήματος
1472 2144 1567 2198 καὶ
1603 2143 1794 2212 ὄγκου,

205 2243 393 2311 χοροῖς
432 2240 528 2292 καὶ
566 2239 939 2309 σκιρτήμασιν
970 2236 1331 2306 ἐνδιατρίϐειν
1353 2252 1367 2266 ο
1394 2235 1511 2289 ἀλλ’
1542 2235 1675 2288 αὐτὸ
1700 2236 1797 2307 μὲν

204 2334 369 2386 τοῦτο
395 2330 456 2384 τδ
482 2332 725 2401 χορείαις
754 2331 830 2401 μὴ
863 2328 1377 2399 συγκαταφέρεσθαι
1404 2328 1496 2381 τὸν
1546 2327 1795 2399 βασιλέα,

205 2426 311 2478 οὐκ
339 2424 759 2486 ἀνεπισκέπτως
790 2423 1061 2491 ἐλογίζετο
1093 2423 1125 2493 ή
1149 2420 1244 2475 τοῦ
1272 2422 1444 2475 Σαοὺλ
1472 2420 1795 2492 θυγάτηρ...

206 2517 271 2571 τὸ
293 2517 349 2569 δὲ
377 2517 520 2569 θεῖον
549 2516 715 2568 πόθον
745 2514 1192 2583 ἐπιδεικνύμενον
1222 2513 1317 2566 ἐπὶ
1352 2513 1607 2567 τοσοῦτον
1658 2513 1800 2566 ἀλῶ-

207 2627 301 2662 ναι
325 2608 403 2680 τῷ
434 2609 600 2679 ἔρωτι
644 2606 737 2660 τοῦ
784 2606 1123 2676 ποθουμένου
1172 2606 1326 2659 ἐνίκα
1352 2606 1450 2678 τῆς
1484 2606 1799 2675 γυναικείας

210 2703 430 2773 φύσεως
481 2701 582 2771 τὴν
646 2699 888 2769 γνῶσινο
933 2700 1030 2753 καὶ
1087 2698 1389 2768 ἀγνοοῦσαν
1451 2699 1800 2770 διήλεγχετά

210 2796 418 2864 κέντρα
452 2794 548 2846 τοῦ
582 2791 871 2845 Δαυῖτικοῦ
930 2792 1123 2847 πόθου.
1157 2792 1622 2863 Ἐπισημαίνεται
1656 2793 1798 2846 δὲτὸ

213 2888 459 2958 Γράμμα
485 2886 545 2938 τὸ
575 2885 739 2957 ἱερὸν,
769 2885 845 2948 ὡς
875 2886 1058 2957 μήτηρ
1091 2886 1191 2939 οὐκ
1227 2887 1605 2956 ἐχρημάτισεν
1656 2886 1799 2959 αῦτη

213 2980 457 3043 παιδίου,
492 2979 591 3049 τῆς
648 2978 742 3031 ἐπὶ
789 2978 869 3048 τῷ
919 2978 1085 3031 Δαϐὶδ
1137 2978 1337 3048 χλεύης
1382 2978 1801 3047 ἀπαγγέλλουσα

211 3072 314 3142 τὴν
364 3070 520 3139 δίκην
547 3087 559 3099 ’
592 3070 811 3139 ἀφίεται
856 3068 912 3123 δὲ
952 3071 986 3140 ἡ
1025 3069 1239 3139 Μελχὸλ
1298 3072 1375 3133 είς
1408 3070 1507 3141 τὴν
1554 3071 1800 3142 περὶτοῦ

217 3163 386 3217 Δαόὶδ
414 3163 805 3234 κατενεχθῆναι
829 3162 1051 3233 χλεύην,
1070 3163 1234 3232 ἡνίκα
1262 3162 1420 3233 δίκην
1447 3163 1802 3233 χρεωστοῦσα

1900 1953 1986 2008 his
2018 1970 2140 2024 qua:
2170 1970 2332 2024 supra
2368 1954 2694 2021 docuimus;
2723 1954 2884 2007 verba
2919 1954 3066 2008 enim
3100 1954 3335 2022 despexit
3365 1972 3486 2008 eum

1900 2047 1956 2101 in
1974 2047 2134 2100 corde
2160 2063 2256 2101 suo
2294 2046 2375 2102 sic
2400 2047 2742 2117 interpretati
2784 2062 2996 2102 sumus.
3028 2046 3219 2101 Mulier
3246 2048 3484 2105 alienum

1905 2156 1936 2194 a
1974 2142 2122 2209 regia
2160 2140 2427 2211 gravitate
2466 2152 2519 2195 et
2571 2139 2861 2210 majestate
2903 2141 3138 2195 ducebat
3198 2157 3382 2212 regem
3429 2143 3487 2198 in

1900 2234 2085 2289 choris
2115 2245 2169 2288 et
2196 2234 2585 2290 saltationibus
2632 2234 2867 2289 versari.
2900 2232 3019 2288 Hoc
3057 2234 3235 2303 ipsum
3287 2236 3487 2290 choros

1903 2341 2011 2381 non
2045 2326 2241 2382 decere
2291 2342 2498 2398 regem,
2540 2343 2645 2382 non
2706 2327 3020 2382 inconsulto
3052 2329 3329 2398 cegitabat
3378 2328 3486 2382 tilia

1904 2417 2037 2473 Saul
2068 2459 2083 2473 .
2119 2458 2133 2471 .
2159 2459 2173 2473 .
2198 2460 2211 2474 .
2246 2438 2261 2487 ;
2297 2421 2541 2475 divinum
2561 2438 2691 2476 vero
2721 2422 3055 2476 desiderium
3089 2424 3258 2491 quod,
3294 2432 3487 2492 captus

1902 2528 2092 2567 amore
2124 2512 2316 2577 David,
2348 2525 2455 2567 tam
2488 2515 2844 2570 vehementer
2875 2516 3273 2581 declaraverat,
3318 2515 3487 2586 hujus

1904 2605 2157 2660 mulieris
2189 2616 2442 2660 naturam
2482 2616 2535 2661 et
2575 2618 2811 2662 mentem
2845 2607 3173 2676 superabat;
3226 2608 3491 2677 ignoran-

1907 2705 2013 2751 tem
2052 2698 2333 2769 redarguit
2383 2697 2629 2754 fervidus
2688 2697 2915 2753 Davidis
2948 2714 3121 2753 amor.
3167 2698 3399 2754 Docetur
3432 2699 3488 2751 in

1906 2789 2077 2845 sacris
2109 2787 2414 2859 Scripturis
2441 2788 2671 2844 Melehol
2700 2807 2982 2861 nunquam
3033 2793 3226 2847 matris
3270 2791 3517 2869 nominc‘

1905 2893 2156 2935 vocatam
2194 2896 2337 2948 esse,
2404 2887 2595 2953 sicque
2653 2884 2996 2939 nuntiavisse
3032 2900 3136 2954 qua
3188 2884 3493 2939 alliceretur

1906 2987 2068 3043 pmna
2097 2988 2197 3042 pro
2224 2974 2405 3029 allatis
2440 2974 2495 3028 in
2537 2974 2791 3030 Davidem
2824 2976 3112 3030 conviciis.
3155 2974 3494 3046 Repudiatur

1905 3066 2140 3122 Melehol
2202 3085 2325 3140 qua:
2376 3068 2641 3125 Davidem
2718 3070 2985 3135 irriserat,
3056 3080 3111 3126 et
3163 3087 3261 3141 pro
3316 3073 3495 3127 exsol-

1908 3161 2085 3215 venda
2119 3176 2303 3231 paena,
2331 3163 2599 3234 deinceps
2634 3148 2747 3218 non
2782 3165 2961 3234 parit:
2993 3165 3283 3221 sterilitate
3310 3176 3492 3220 autem

214 3256 498 3329 ἁπαιτηθῇ
546 3257 647 3327 τὴν
702 3256 963 3309 ἀπαιδίαν
997 3258 1352 3310 ’άπαιτείται
1402 3256 1581 3329 δὲτὴν
1625 3259 1798 3311 άπαι-

1910 3254 2145 3309 afficitur
2176 3271 2244 3310 ne
2274 3256 2568 3326 quisquam
2596 3271 2626 3311 e
2664 3258 2875 3312 semine
2908 3258 3040 3311 Saul
3076 3257 3129 3311 in
3159 3259 3367 3328 regiam
3398 3274 3496 3328 po-

212 3352 355 3419 δίαν,
391 3351 480 3405 ἶνα
521 3350 712 3421 μηδεὶς
748 3352 813 3402 ἐκ
842 3349 937 3402 τοῦ
972 3350 1290 3420 σπέρματος
1334 3350 1470 3420 ὅπερ
1518 3350 1801 3419 ἁπεφύετο

213 3444 314 3496 τοῦ
345 3442 516 3495 Σαοὺλ
546 3441 641 3494 τοῦ
679 3441 961 3512 βασιλικοῦ
1001 3442 1245 3511 διάδοχος
1289 3440 1599 3511 ἀξιώματος
1629 3461 1799 3497 κατα-

217 3540 322 3608 στῇ
342 3552 355 3564 ·
384 3536 463 3589 ἔτι
487 3535 543 3588 δὲ
568 3536 655 3588 ἵνα
687 3535 760 3606 μὴ
798 3535 986 3597 στάσις
1016 3534 1112 3587 καὶ
1142 3535 1301 3602 φόνος
1335 3535 1430 3589 τοῦ
1454 3553 1513 3588 τε
1539 3535 1599 3601 ἐξ
1626 3537 1799 3605 αὐτῆς

218 3630 649 3701 προεληλυθότος
677 3628 910 3683 καὶτῶν
961 3627 1021 3693 ἐξ
1059 3627 1263 3699 ἐτέρων
1305 3628 1577 3697 γυναικῶν
1610 3629 1799 3697 ἐπιγε-

216 3723 375 3791 γονότ
384 3740 458 3775 ων
486 3718 820 3791 διαπραχθῇ.

744 3813 1086 3867 sparum:
1115 3809 1269 3880 zu".

390 3909 554 3963 Διατί
575 3909 609 3962 ό
646 3907 824 3961 Δαϐίὸ
867 3906 934 3960 τὸ
978 3907 1168 3975 ὲφοὺδ
1200 3910 1621 3977 περιεϐάλετο;

1912 3352 2162 3400 testatem
2191 3348 2540 3415 succederet,
2576 3357 2672 3404 aut
2700 3348 2966 3405 factiones
2988 3359 3043 3405 et
3069 3352 3363 3407 homicidia
3400 3367 3496 3421 per

1910 3438 2032 3506 ejus
2078 3440 2253 3494 tilium
2285 3482 2301 3508 ,
2352 3441 2602 3513 aliosque
2644 3460 2707 3499 ex
2754 3443 2878 3500 aliis
2932 3444 3256 3502 mulieribus
3294 3445 3495 3501 liberos

1911 3544 2209 3589 orirentur.

2100 3822 2435 3892 QUESTIO
2482 3823 2731 3881 CCXCIII
2763 3824 2951 3897 [CoisL
2993 3825 3160 3880 Taur.
3188 3827 3326 3900 CV].

2216 3918 2326 3972 Cur
2353 3914 2528 3971 David
2561 3918 2632 3971 sit
2661 3920 2931 3973 accinctus
2964 3918 3149 3987 Eplzod
3182 3924 3207 3976 ἱ)

768 4047 916 4099 Edita
946 4063 974 4098 a
1006 4048 1128 4098 Maio
1163 4048 1217 4111 (1.
1241 4062 1283 4098 c.
1317 4063 1366 4112 p.
1393 4050 1502 4111 148,
1526 4066 1576 4115 q.
1598 4051 1729 4111 505).
1764 4082 1825 4090 —
1858 4055 1911 4104 In
1938 4056 1981 4107 Il
2012 4057 2136 4121 Reg.
2162 4070 2226 4119 vr,
2267 4058 2343 4119 il;
2371 4058 2392 4108 Ι
2425 4057 2718 4123 Paralipom.
2743 4073 2826 4119 xv,
2859 4058 2937 4108 27.

286 4159 519 4232 Εἴρηται
555 4159 613 4212 δὲ
658 4160 742 4213 ὅτι
793 4159 887 4212 ἐπὶ
917 4158 1013 4211 τοῦ
1043 4158 1204 4211 Δαυῒδ
1223 4197 1239 4224 ,
1270 4158 1435 4227 ἐφούδ
1455 4177 1468 4191 ο
1500 4160 1674 4214 καίτοι
1699 4161 1799 4215 ούκ

210 4255 336 4322 ἐξὸν
366 4253 515 4322 αύτῷ
547 4251 786 4313 εὐσεϐῶς
818 4250 1023 4321 βιοῦντι
1064 4250 1251 4321 ἱερέως
1280 4250 1473 4321 στολὴν
1506 4252 1801 4321 περιϐαλέ-

214 4347 380 4400 σθαιο
416 4344 551 4397 ἀλλὰ
586 4345 717 4414 περὶ
745 4341 935 4395 τούτου
978 4342 1091 4395 τισὶ
1131 4343 1230 4414 μὲν
1258 4342 1490 4413 ἐρρήθη,
1517 4343 1593 4406 ὡς
1650 4345 1803 4397 ἐπει-

1979 4163 2197 4220 Dictum
2253 4175 2336 4221 est
2378 4166 2635 4222 Davidem
2665 4166 2856 4236 Ephod
2901 4167 3148 4225 induisse
3177 4172 3325 4239 quod
3362 4172 3492 4227 huic

1910 4265 2096 4327 utpote
2117 4258 2327 4328 integra
2362 4258 2471 4314 vita
2501 4274 2611 4314 non
2664 4260 2881 4315 licebat.
2920 4257 3035 4314 Hac
3059 4261 3128 4315 de
3161 4276 3220 4315 re
3256 4262 3349 4316 alii
3384 4263 3491 4317 alia

1908 4358 2264 4407 censuerunt.
2285 4349 2543 4404 Samuele
2583 4350 2797 4411 scilicet
2820 4362 3061 4415 mortuo,
3101 4350 3333 4422 ejusque
3362 4353 3491 4408 filiis

210 4440 281 4509 δὴ
312 4436 566 4509 Σαμουὴλ
593 4437 694 4505 μὲν
726 4435 964 4498 ἁπεϐίω,
997 4436 1046 4488 οἱ
1072 4434 1129 4489 δὲ
1165 4436 1356 4488 τούτου
1387 4436 1573 4499 παῖδες
1601 4435 1799 4505 ἐξητά-

1908 4441 1963 4494 in
1990 4440 2201 4495 crimen
2226 4440 2468 4506 vocatis,
2504 4451 2564 4496 ut
2610 4450 2890 4511 oporteret
2916 4442 3256 4497 sacerdotem
3303 4458 3489 4498 arcam

213 4534 373 4596 ζοντο
402 4531 459 4583 ἐν
481 4530 703 4594 αἰτίαις,
732 4528 839 4582 ἔδει
861 4528 919 4581 δὲ
952 4528 1102 4599 ἱερέα
1135 4526 1235 4596 τῆς
1268 4526 1503 4580 κιϐωτοῦ
1534 4526 1628 4581 τοῦ
1663 4526 1798 4581 Θεοῦ

211 4620 684 4694 προπορεύεσθαι,
717 4622 813 4675 καὶ
844 4622 945 4675 οὐκ
965 4618 1034 4691 ἦν
1065 4622 1093 4673 ὁ
1122 4621 1221 4690 τὴν
1252 4620 1559 4691 ὑπηρεσίαν
1594 4620 1801 4691 ταύτης

258 4715 544 4786 ξιωμένος,
566 4714 625 4778 ἐξ
658 4714 904 4785 ἀνάγκης
935 4715 963 4765 6
990 4713 1238 4783 βασιλεὺς
1265 4712 1364 4783 τὴν
1390 4712 1647 4783 τοιαύτην
1670 4715 1805 4765 ἁνα-

213 4811 431 4880 δέχεται
497 4807 863 4878 λειτουργίαν,
921 4807 1017 4861 ἅτε
1061 4805 1126 4874 δὴ
1179 4805 1273 4858 καὶ
1332 4806 1441 4858 τῶν
1488 4804 1802 4873 ἀλλοφύλων

212 4904 317 4974 τὴν
379 4900 610 4955 κιϐωτὸν
673 4899 833 4959 αὐτὸς
890 4896 1236 4967 ἀνενεγκών·
1269 4897 1350 4950 διὸ
1403 4898 1497 4950 καὶ
1552 4897 1802 4967 χρησμὸν

216 4999 399 5051 ἀνεῖλε
427 4996 487 5049 τὸ
518 4994 680 5062 ἐφοὺδ
707 4994 866 5062 νίκην
908 4992 1383 5063 ἐπαγγελλόμενον
1412 4992 1489 5063 τῷ
1529 4993 1747 5063 Ἰσραήλ
1784 5008 1798 5021 ·

216 5091 314 5144 καὶ
357 5089 455 5161 τὴν
503 5088 660 5158 νίκην
691 5088 717 5140 6
746 5086 909 5140 Δαυῒδ
947 5088 1234 5156 ἀνατίθησι
1274 5085 1352 5156 τῷ
1394 5086 1514 5157 Θεῴ
1551 5100 1565 5115 ⁸
1603 5086 1717 5155 ἅμα
1747 5087 1804 5138 δὲ

213 5184 329 5236 οὐδ’
355 5181 713 5252 ἁτιμάζοντος
771 5176 840 5250 ἦν
887 5178 1047 5231 τοῦτο
1096 5179 1196 5249 τὴν
1251 5178 1531 5249 ἱερατικὴν
1589 5178 1804 5243 στολὴν,

214 5275 358 5329 ἀλλὰ
388 5273 759 5344 σεϐαςομένου
789 5274 881 5327 καὶ
913 5273 1011 5343 τῆς
1034 5272 1116 5325 ὅτι
1144 5272 1377 5343 μάλιστα
1402 5270 1567 5342 τιμῆς
1592 5269 1807 5335 ἀξιοῦν-

220 5383 348 5430 τοςο
385 5366 599 5418 ἐδείκνυ
629 5367 739 5434 γὰρ
758 5366 825 5419 δι’
860 5359 935 5419 ὧν
960 5366 1040 5428 εἰς
1062 5365 1280 5433 ἐκείνην
1307 5365 1672 5431 κατέφευγεν,
1705 5364 1805 5431 ὅση

218 5464 482 5533 ὠφείλετο
507 5466 621 5526 τοῖς
646 5463 721 5524 ὡς
748 5462 965 5533 ἀληθῶς
989 5460 1226 5532 ἱερεῦσιν
1254 5462 1287 5531 ἡ
1317 5461 1452 5532 τιμή
1475 5478 1489 5492 ο
1512 5453 1585 5513 ὧν
1617 5461 1650 5531 ὴ
1686 5476 1807 5512 στο-

219 5557 291 5629 λὴ
320 5558 397 5629 τῷ
432 5557 641 5629 βασιλεῖ
686 5556 845 5623 δόξαν
889 5572 948 5608 τε
975 5556 1068 5607 καὶ
1098 5555 1255 5623 νίκην
1288 5556 1381 5608 καὶ
1406 5553 1678 5622 τοσαύτην
1706 5555 1806 5623 χάο

225 5668 316 5720 ριν
374 5650 643 5723 προξενεῖ.
694 5649 832 5703 Ἀλλ’
872 5649 1016 5702 οὕτω
1048 5650 1147 5719 μὲν
1191 5648 1324 5702 ἔνιοί
1356 5664 1520 5718 φασιν
1553 5664 1566 5677 ⁸
1600 5647 1808 5715 ἑτέροις

222 5743 281 5796 δὲ
306 5744 454 5797 δοκεῖ
486 5744 560 5814 μὴ
589 5743 654 5797 ἄν
677 5761 807 5797 ποτε
840 5742 1254 5811 κατατολμῆσαι
1278 5742 1368 5795 τὶν
1396 5740 1619 5812 βασιλέα
1646 5738 1809 5795 Δαυῗδ

1903 4532 2000 4588 Dei
2023 4533 2356 4604 praecedere,
2382 4550 2449 4589 ae
2464 4549 2627 4590 nemo
2647 4534 2779 4590 tanti
2792 4546 2936 4591 esset
2952 4535 3241 4591 ministerii
3264 4535 3486 4607 dignus,

1902 4641 1968 4680 ex
1995 4628 2329 4681 necessitate
2370 4642 2552 4698 regem
2579 4628 2683 4683 hoc
2713 4628 2897 4685 ollicio
2928 4628 3185 4683 functum
3216 4643 3363 4693 esse,
3391 4630 3488 4696 qui

1903 4720 1974 4773 ab
2005 4720 2201 4775 alienis
2264 4721 2522 4791 gentibus
2578 4736 2759 4775 arcam
2798 4721 2919 4791 ipse
2968 4722 3252 4777 retulerat.
3306 4723 3489 4787 Quare

1905 4810 2095 4881 Ephod
2153 4813 2302 4883 quod
2342 4814 2473 4869 filiis
2525 4815 2693 4869 Israel
2727 4813 3020 4870 victoriam
3044 4814 3342 4871 nuntiabat
3397 4816 3488 4868 in-

1904 4904 2021 4958 duit
2051 4922 2065 4971 ;
2096 4906 2264 4960 David
2296 4907 2462 4977 igitur
2500 4906 2788 4961 victoriam
2819 4907 2887 4961 ad
2925 4906 3095 4961 Deum
3125 4908 3295 4961 refert
3322 4925 3338 4974 ;
3377 4923 3488 4961 non

1908 5007 2089 5051 autem
2118 4998 2222 5053 hoc
2250 5010 2370 5053 erat
2399 5001 2595 5054 stolam
2633 5001 3035 5055 contemnentis
3068 5000 3487 5065 sacerdotalem,

1909 5088 2001 5141 sed
2044 5091 2362 5147 venerantis
2428 5100 2481 5144 et
2536 5105 2656 5145 eam
2700 5106 2864 5158 quam
2930 5090 3155 5145 maximi
3206 5089 3485 5159 facientis.

1906 5179 2146 5251 Apparet
2172 5184 2317 5237 enim
2347 5200 2409 5238 ex
2435 5183 2502 5237 iis
2525 5184 2618 5254 qui
2651 5185 2718 5239 ad
2738 5186 2880 5239 hanc
2902 5184 3100 5240 stolam
3124 5183 3491 5252 confugerunt

1907 5284 2148 5343 quantus
2189 5276 2481 5331 deberetur
2512 5293 2638 5331 vere
2686 5277 3067 5332 sacerdotibus
3113 5278 3313 5341 honor,
3350 5290 3490 5345 quo-

1910 5384 2032 5422 rum
2074 5370 2213 5424 stola
2241 5371 2351 5439 regi
2389 5370 2619 5439 gloriam
2651 5380 2707 5426 et
2734 5372 3016 5426 victoriam
3057 5384 3111 5426 et
3133 5380 3340 5425 tantam
3362 5384 3490 5436 gra-

1910 5462 2038 5515 tiam
2070 5464 2470 5533 suppeditabat.
2496 5463 2622 5518 llmc
2647 5480 2676 5518 a
2698 5464 3025 5535 quibusdam
3064 5465 3338 5526 dicuntur,
3363 5462 3489 5515 aliis

1911 5564 2092 5609 autem
2117 5557 2294 5624 placet
2319 5572 2599 5625 nunquam
2634 5574 2830 5612 ausum
2882 5558 3057 5613 fuisse
3090 5571 3274 5627 regem
3314 5554 3489 5608 David

1914 5648 2305 5703 sacerdotalem
2334 5650 2530 5704 stolam
2562 5650 2812 5713 induere,
2843 5649 2939 5706 sed
2989 5649 3163 5704 fuisse
3192 5647 3491 5714 quamdam

1912 5741 2190 5813 propriam
2229 5741 2450 5812 regibus
2492 5752 2719 5810 vestem,
2761 5743 2850 5799 cui
2921 5740 3280 5798 sacerdotalis
3334 5738 3491 5793 stola:
