3930 6218
448 152 582 216 1127

1601 145 1866 209 ΡΙΙΟΤΙΙ
1896 144 2405 207 ΡΑΤΒΙΛΗΟΗᾹΞ
2445 147 2557 207 CP.

3568 151 3715 217 1128

437 286 737 344 cognomen
764 278 904 335 erat,
926 280 1160 339 eamque
1220 265 1315 320 illo
1350 275 1597 336 tempore
1629 279 1659 318 a
1700 278 1827 334 rege
1859 260 2028 317 David

2140 262 2418 333 ἱερατικὴν
2458 264 2652 335 στολὴν
2704 265 3055 337 περιϐαλεῖν,
3082 267 3198 322 ἀλλ’
3244 264 3383 323 εἶναί
3415 286 3490 334 τι,
3523 270 3716 339 φασὶν,

440 366 691 420 indulam
723 362 919 418 fuisse.

2130 353 2665 427 ἀποκεκληρωμένω
2698 361 2812 422 τοῖς
2847 358 3162 429 βασιλεῦσιν
3199 360 3522 432 ἀμφίασμα,
3554 359 3584 413 ὃ
3616 362 3719 413 καὶ

437 468 570 522 αὐτὸ
593 465 753 537 ἔφερε
780 463 881 535 τὴν
908 459 1209 533 ὀνομασίαν
1238 460 1338 530 τῆς
1374 453 1660 529 ἱερατικῆς
1691 451 1908 521 στολῆς,
1924 448 2022 503 καὶ
2059 448 2219 505 τοῦτο
2280 456 2405 508 κατ’
2433 457 2611 510 έκεῖνο
2671 457 2866 529 καιροῦ
2903 457 3338 530 περιϐεϐλῆσθαι
3364 458 3461 511 τὸν
3491 458 3722 531 βασιλέα

436 559 920 724 ΔλυῖἒυᾹΞΞΤΙΟ
951 646 1203 707 CCXCIV
1273 642 1466 716 lCoisl.
1502 639 1665 695 Taur.
1717 635 1880 708 CVI].

739 745 882 812 Quid
907 744 1106 815 faceret
1132 740 1308 795 Adam
1336 740 1392 791 in
1428 735 1685 805 paradiso
1717 737 1742 788 ζ’

2669 634 3005 688 ΕΡΩΤΗΣΙΣ
3032 635 3189 704 mu

2354 724 2418 777 Τί
2449 723 2745 793 ἔπραττεν
2778 725 2961 796 Ἀδὰμ
3004 726 3077 781 ἐν
3118 728 3508 798 παραδείσῳ;

921 859 1067 910 Edita
1096 872 1123 907 a
1154 853 1280 905 Maio
1302 854 1360 920 (1.
1393 868 1437 905 c.
1469 868 1521 917 p-
1554 852 1669 915 149,
1691 865 1745 915 q.
1770 847 1905 911 504).
1932 846 2034 905 -(

2140 888 2141 893 η
2170 843 2323 895 Adam
2354 848 2406 898 in
2434 846 2661 910 paradiso
2689 848 2886 899 fecerit.
2910 848 3035 900 Gen.
3062 864 3119 911 ιι,
3149 850 3228 900 15.

511 977 571 1031 1η
633 974 893 1047 paradiso
939 971 1243 1026 collocatus
1298 967 1497 1033 Adam,
1560 980 1740 1035 neque
1788 963 2026 1017 otiosam

442 1084 623 1141 neque
648 1070 876 1122 inertem
925 1066 1092 1119 vitam
1128 1063 1343 1133 agebat,
1379 1061 1475 1117 sed
1506 1058 1701 1115 virtuti
1736 1055 2026 1112 incumbe-

442 1163 556 1225 bat,
581 1169 636 1215 et
660 1159 973 1224 advntutis
997 1170 1161 1227 opera
1194 1169 1318 1211 sese
1347 1153 1660 1209 exercebat.
1720 1149 2028 1217 Quoniam-

444 1272 554 1328 que
585 1252 804 1309 virtutis
846 1258 1055 1314 custos,
1082 1256 1138 1302 et
1168 1246 1415 1301 omnium
1468 1259 1655 1300 rerum
1699 1243 1867 1309 hujus
1920 1239 2027 1295 loci

447 1346 782 1404 constitutus
806 1350 944 1407 erat,
975 1356 1007 1396 e
1040 1338 1300 1411 paradiso
1328 1338 1386 1394 in
1405 1338 1664 1393 exsilium
1688 1336 1895 1407 eiectus
1921 1342 2026 1389 est.

445 1442 503 1497 In
532 1439 711 1497 medio
755 1435 1011 1507 paradiso
1040 1441 1160 1489 erat
1199 1431 1385 1487 arbor.
1419 1431 1538 1497 Qua
1573 1432 1641 1485 de
1693 1444 1862 1486 causa
1917 1436 2038 1483 erat

442 1536 571 1595 vitae
596 1529 807 1587 arbor?
839 1529 938 1583 Est
967 1527 1093 1582 huic
1117 1525 1300 1579 arbori
1334 1539 1459 1578 cum
1488 1523 1653 1578 corde
1675 1523 1926 1592 quaedam
1959 1520 2035 1575 si-

444 1622 741 1689 militudo;
791 1620 994 1674 etenim
1030 1626 1091 1672 ut
1140 1630 1236 1671 cor
1267 1615 1511 1669 medium
1550 1615 1606 1668 in
1656 1616 1886 1683 corpore
1913 1611 2034 1666 ani-

445 1714 575 1771 nali
605 1709 983 1775 constituitur,
1018 1707 1100 1763 sic
1131 1705 1223 1760 illa
1262 1707 1388 1761 vitae
1417 1705 1589 1759 arbor
1626 1704 1682 1758 in
1713 1702 1892 1759 medio
1938 1717 2035 1772 pa-

446 1811 615 1867 radisi
643 1806 925 1863 crescebat
952 1820 968 1872 ;
1004 1804 1113 1867 vel,
1138 1802 1182 1859 si
1210 1802 1308 1857 tibi
1334 1801 1510 1872 placet
1542 1801 1806 1873 mysticus
1828 1812 2030 1862 sermo,

445 1918 664 1960 summa
730 1902 909 1956 virtus
964 1897 1223 1953 rationali
1279 1896 1477 1951 arbore
1543 1895 1801 1966 ﬁgurata,
1873 1890 2033 1963 quasi

446 1996 651 2060 media,
676 2007 894 2050 summo
943 2006 974 2047 e
1006 1998 1193 2045 monte
1221 1989 1280 2044 in
1314 2003 1535 2043 omnem
1565 1987 1732 2041 vitam
1788 1983 2032 2055 proﬂuit.

450 2086 635 2158 thue
660 2087 771 2140 vita
830 2082 1011 2139 medio
1037 2097 1069 2137 e
1102 2094 1336 2150 corpore
1407 2078 1634 2143 diffusa,
1675 2090 1866 2132 omnes
1914 2074 2037 2129 ani-

449 2182 614 2236 malis
647 2187 832 2251 partes
854 2180 1008 2231 vivas
1038 2182 1094 2230 et
1120 2173 1499 2229 coalescentes
1530 2178 1701 2236 tenet,
1744 2171 1824 2224 sic
1856 2168 1949 2223 illa
1968 2183 2037 2223 ex

450 2275 636 2330 medio
684 2271 852 2327 veluti
885 2269 1040 2324 fonte
1079 2266 1305 2333 emissa,
1336 2280 1528 2320 omnes
1572 2264 1807 2319 virtutes
1844 2262 2038 2333 irrigat

449 2380 506 2421 et
529 2366 723 2421 nutrit.
738 2363 916 2433 Prope
949 2361 1302 2430 intelligerem
1339 2359 1593 2413 arborem
1615 2358 1739 2412 vitae
1765 2357 1819 2411 in
1861 2356 2038 2410 medio

448 2459 704 2531 paradiso
730 2457 986 2529 positam,
1019 2455 1149 2524 quia
1176 2451 1453 2518 Christus,
1488 2452 1596 2506 vita
1625 2462 1836 2518 nostra,
1861 2452 2039 2508 media

453 2553 509 2605 in
540 2558 690 2605 terra
730 2546 877 2602 cruci
911 2560 1010 2615 pro
1036 2544 1201 2599 nobis
1255 2541 1450 2598 alIixus
1502 2553 1610 2601 est.
1636 2543 1886 2616 Namque
1910 2548 2039 2602 huic

450 2643 602 2715 ligno
627 2640 773 2710 quod
821 2638 1061 2693 medium
1096 2638 1155 2690 in
1191 2638 1352 2691 terris
1376 2647 1517 2703 erat,
1571 2638 1718 2693 haud
1765 2640 2040 2697 absimilis

452 2749 589 2790 crux
626 2732 944 2789 dicitur.’De
968 2731 1163 2784 arbore
1197 2730 1441 2785 scientiae
1474 2731 1603 2785 boni
1634 2742 1687 2786 et
1709 2733 1839 2787 mali
1872 2734 2039 2789 verba

450 2828 674 2899 quidem
701 2825 843 2881 facta
895 2832 1046 2891 sunt,
1075 2823 1262 2877 nullus
1293 2832 1477 2877 autem
1527 2823 1682 2880 locus
1729 2826 2041 2897 assignatus

455 2931 562 2978 est.
590 2920 709 2987 Qua
732 2921 797 2974 de
822 2917 1036 2972 causa?
1066 2916 1205 2983 Quia
1258 2916 1465 2970 malitia
1493 2916 1676 2971 locum
1711 2933 1816 2972 non
1854 2919 2036 2984 habet,

454 3015 552 3071 sed
573 3014 762 3069 virtuti
795 3009 1187 3081 propemodum
1216 3008 1492 3075 colueret;
1534 3009 1732 3065 melius
1777 3026 1905 3066 vero
1934 3015 2042 3068 erit

457 3109 525 3163 de
557 3107 643 3162 his
669 3116 861 3177 postea
897 3103 1200 3172 disputare.

2212 960 2302 1013 'Ev
2331 960 2389 1013 δὲ
2434 960 2513 1032 τῷ
2540 962 2859 1034 παραδείσῳ
2889 963 3069 1026 τεθεὶς
3105 964 3135 1015 6
3162 962 3349 1034 η’Δδάμ
3400 964 3502 1018 ούκ
3548 964 3728 1035 ἀργὸν

2128 1054 2251 1109 οὐδὲ
2299 1054 2587 1126 ἄπρακτον
2641 1056 2986 1110 ἐπολιτεύετο
3045 1056 3183 1127 βίον,
3218 1057 3334 1111 ἀλλ’
3365 1057 3573 1128 ἀρετῆς
3627 1058 3730 1129 μὲν

2132 1145 2474 1217 ἐπεμελεῖτο,
2498 1148 2611 1210 τοῖς
2655 1148 2712 1201 δὲ
2737 1150 2861 1201 κατ’
2889 1150 3063 1219 αὐτὴν
3111 1148 3296 1221 ἔργοις
3328 1149 3681 1220 ὲνησχολεῖτο
3710 1163 3727 1178 ⁸

2132 1239 2216 1292 διὸ
2251 1240 2348 1292 καὶ
2376 1239 2544 1310 ἡνίκα
2580 1240 2676 1293 τοῦ
2721 1240 2897 1310 φύλαξ
2937 1237 3077 1295 εἶναι
3112 1245 3214 1313 τῆς
3260 1243 3461 1313 ἀρετῆς
3492 1240 3733 1294 καὶτῶν

2132 1332 2434 1402 δεδομένων
2485 1333 2701 1405 ἐξέστη,
2739 1337 2836 1389 τοῦ
2887 1336 3225 1407 παραδείσου
3283 1337 3382 1408 τὴν
3422 1336 3735 1406 ὑπερορίαν

2133 1426 2536 1499 κατεδικάσθηο
2573 1428 2737 1499 μέσον
2768 1428 2826 1482 δὲ
2886 1429 2983 1482 τοῦ
3025 1429 3358 1499 παραδείσου
3397 1428 3460 1481 τὸ
3512 1428 3679 1494 ξύλον
3711 1443 3730 1459 ⁶

2133 1518 2271 1573 διότι
2296 1519 2440 1592 ζωῆς
2485 1516 2556 1592 ἦν
2605 1519 2764 1586 ξύλον
2802 1538 2817 1552 ⁸
2849 1522 2946 1576 καὶ
3000 1522 3299 1591 ἀναλογίαν
3350 1523 3475 1576 τινὰ
3529 1523 3734 1592 ἐπέχει

2136 1613 2275 1681 πρὸς
2304 1614 2401 1684 τὴν
2428 1614 2655 1685 καρδίαν
2675 1633 2690 1648 ·
2731 1616 2925 1688 ὥσπερ
2956 1616 3049 1671 οῦν
3080 1617 3220 1690 αῦτη
3250 1620 3309 1670 ὲν
3341 1618 3494 1687 μέσῳ
3525 1616 3607 1687 τῷ
3629 1617 3736 1670 τοῦ

2141 1706 2284 1771 ζὼου
2346 1708 2754 1780 καταϐέϐληται
2813 1709 3063 1781 σώματι,
3092 1708 3237 1764 οὕτω
3291 1710 3513 1764 κάκεῖνο
3578 1709 3738 1779 ζωῆς

2139 1801 2409 1872 ὑπάρχον,
2454 1801 2612 1867 ξύλον
2641 1802 2809 1874 μέσον
2841 1804 3183 1871 ὲπεφύτευτο
3228 1803 3323 1857 τοῦ
3353 1803 3694 1875 παραδείσου
3714 1819 3733 1834 ο

2136 1895 2186 1947 εί
2219 1894 2277 1949 δέ
2329 1912 2413 1949 σοι
2470 1895 2629 1964 φίλον
2663 1895 2759 1949 καὶ
2782 1897 2810 1950 6
2839 1896 3186 1966 ἀναγωγικδς
3216 1896 3398 1966 λόγος,
3423 1898 3458 1968 ἡ
3491 1914 3738 1965 γενικω-

2134 1989 2296 2060 τάτη,
2336 1990 2523 2059 φασὶν,
2554 1989 2727 2062 ἀρετὴ
2760 1991 2818 2044 ὲν
2842 1989 2918 2060 τῷ
2946 1990 3152 2062 λογικῷ
3191 1990 3542 2062 θεωρουμένη
3578 1989 3737 2060 ζώῳ,

2137 2086 2327 2157 ὥσπερ
2355 2086 2465 2139 ἀπὸ
2501 2085 2676 2156 μέσης
2708 2084 2858 2148 τινὸς
2901 2083 3218 2156 ἀκρωρείας
3251 2084 3346 2138 ἐπὶ
3395 2086 3584 2137 πᾶσαν
3612 2082 3741 2136 δια-

2137 2180 2314 2250 χεῖται
2361 2178 2563 2249 πρᾶξιν
2591 2194 2606 2209 ο
2644 2178 2738 2231 καὶ
2772 2176 2895 2231 καθ’
2928 2176 2988 2230 ὃν
3014 2178 3217 2249 τρόπον
3250 2179 3285 2249 ὴ
3316 2176 3430 2247 ζωὴ
3460 2180 3525 2231 ἐκ
3557 2177 3741 2249 μέσου

2137 2269 2284 2334 τινὸς
2312 2268 2513 2340 χωρίου
2544 2268 2913 2340 προχεομένη,
2946 2270 3127 2324 πάντα
3156 2269 3227 2323 τὰ
3267 2268 3363 2322 τοῦ
3396 2266 3535 2333 ζὼου
3586 2268 3738 2339 μέρη

2140 2362 2399 2431 ζωογονεῖ
2444 2377 2506 2414 τε
2559 2360 2656 2414 καὶ
2687 2359 2925 2431 συνέχει,
2961 2359 3105 2413 οὕτω
3136 2360 3232 2413 καὶ
3262 2359 3402 2430 αῦτη
3445 2360 3510 2412 ὲκ
3556 2359 3741 2430 μέσης

2138 2454 2284 2519 τινὸς
2322 2454 2487 2507 οἱονεὶ
2518 2452 2703 2525 πηγῆς
2756 2452 3025 2522 προϊοῦσα
3078 2450 3232 2521 ἄρδει
3256 2469 3317 2505 τε
3345 2452 3438 2505 καὶ
3473 2452 3742 2522 ἐκτρέφει

2140 2548 2236 2602 καὶ
2283 2546 2384 2612 τὰς
2418 2545 2831 2615 ὑποϐεϐηκυίας
2860 2546 3000 2616 αὐτῇ
3045 2544 3241 2609 λοιπὰς
3273 2544 3497 2615 ἀρετάς.
3532 2545 3744 2614 Ἐγγῦς

2140 2641 2187 2695 δ’
2215 2640 2282 2695 ἂν
2325 2642 2413 2711 εἴη
2460 2639 2716 2703 διανοεῖν,
2754 2638 2920 2707 μέσον
2954 2637 3211 2709 εἰρῆσθαι
3252 2637 3347 2691 τοῦ
3392 2638 3741 2708 παραδείσου

2140 2735 2203 2789 τὸ
2233 2734 2334 2806 τῆς
2376 2733 2524 2803 ζωῆς
2571 2731 2945 2801 πεφυτεῦσθαι
2992 2730 3172 2798 ξύλον,
3200 2731 3284 2784 ὅτι
3312 2732 3405 2783 καί
3434 2730 3675 2801 Χριστὸς
3700 2732 3739 2801 ἡ

2144 2825 2258 2897 ζωὴ
2306 2824 2465 2895 ἡμῶν
2493 2825 2552 2877 έν
2584 2823 2735 2893 μέσῳ
2764 2822 2863 2892 τῆς
2893 2824 2996 2894 γῆς
3017 2821 3111 2875 τὸν
3140 2821 3282 2893 ὑπὲρ
3305 2821 3464 2893 ἡμῶν
3509 2821 3743 2887 ἐδέξατο

2147 2919 2383 2991 σταυρόν
2408 2932 2423 2946 ⁸
2462 2917 2556 2972 καὶ
2607 2916 2717 2988 γὰρ
2750 2917 2832 2978 είς
2868 2914 2931 2968 τὸ
2971 2914 3301 2986 μεσαίτατον
3330 2915 3469 2985 φασὶ
3496 2914 3599 2983 τῆς
3627 2916 3742 2985 γῆς

2145 3012 2209 3066 τὸ
2231 3010 2517 3083 ζωηφὸρον
2547 3008 2725 3075 ξύλον,
2754 3007 2848 3061 τὸν
2882 3006 3119 3079 σταυρὸν
3143 3007 3391 3079 παγῆναι
3422 3022 3439 3037 ο
3464 3006 3527 3061 τὸ
3555 3006 3612 3060 δὲ
3635 3006 3742 3072 ξύε-

2065 3109 2111 3169 C
2142 3107 2232 3160 λον
2281 3103 2374 3159 τοῦ
2414 3099 2705 3172 γινώσκειν
2739 3100 2907 3154 καλὸν
2946 3101 3041 3155 καὶ
3073 3100 3312 3172 πονηρὸν
3354 3100 3577 3173 εἴρηται
3609 3101 3737 3171 μὲν,

455 3201 632 3265 οὐδεὶς
660 3200 717 3253 δὲ
766 3198 945 3270 χῶρος
993 3195 1142 3266 αῦτῷ
1182 3196 1559 3250 ἁποτέτακται
1585 3212 1601 3228 σ
1633 3198 1776 3255 διατί
1805 3202 1974 3267 ςδιότι
2008 3209 2043 3281 η
2081 3206 2252 3263 κακία
2281 3201 2467 3275 χῶραν
2525 3199 2627 3252 οὐκ
2662 3197 2799 3268 ἔχει,
2862 3196 3002 3252 ἀλλά
3048 3200 3119 3270 τῇ
3160 3197 3329 3269 ἀρετῇ
3386 3196 3745 3268 παρυφίστα-

455 3309 574 3350 ταιο
608 3292 831 3364 ἄμεινον
882 3288 941 3342 δὲ
987 3288 1127 3359 μετὰ
1176 3287 1350 3341 ταῦτα
1396 3290 1527 3359 περὶ
1564 3290 1756 3347 τούτου
1803 3296 2150 3371 διαληπτέον.

629 3400 966 3473 ΩΟΑΞΞΤΙΟ
1008 3400 1240 3457 CCXCV
1261 3399 1456 3473 [Cois.'.
1490 3402 1659 3460 Taur.
1702 3406 1885 3482 CVII].

704 3498 815 3553 Cur
846 3496 941 3551 sub
967 3510 1175 3566 vespere
1202 3495 1573 3551 immolaretur
1593 3516 1762 3569 agnus
1779 3504 1806 3557 ?

2666 3407 3005 3462 EPnTnziz
3061 3407 3225 3474 2w.

2310 3501 2475 3558 Διατί
2524 3501 2673 3571 πρὸς
2722 3500 2993 3569 ἑσπέραν
3036 3500 3245 3556 ἐθύετο
3270 3502 3305 3555 ὁ
3334 3501 3574 3571 ἀμνὸς-ς

724 3611 869 3663 Edita
898 3625 927 3661 a
956 3610 1082 3660 Maio
1117 3609 1175 3674 (1.
1208 3622 1252 3661 c.
1286 3623 1336 3673 p.
1365 3610 1476 3675 149,
1495 3626 1547 3676 q.
1582 3614 1715 3676 305).
1748 3643 1811 3654 —
1842 3617 1918 3669 De
1950 3622 2187 3674 sacrificio
2220 3621 2332 3685 agni
2364 3618 2674 3682 vespertino.
2701 3615 2859 3667 Exod.
2888 3631 2941 3675 ιι,
2965 3614 3014 3676 6;
3048 3614 3259 3666 Denter.
3291 3630 3393 3678 1m,
3422 3616 3473 3666 6.

533 3708 649 3765 Sub
676 3722 904 3778 veSpere
934 3704 1322 3761 immolabatur
1349 3721 1544 3777 agnus,
1572 3707 1700 3777 quia
1723 3708 1894 3780 figura
1922 3723 2034 3767 erat

2221 3712 2368 3783 Πρὸς
2396 3709 2638 3780 ἑσπέραν
2660 3708 2717 3761 δὲ
2745 3706 2935 3760 ἐθύετο
2963 3706 2991 3758 6
3024 3706 3217 3777 ἀμνὸς,
3249 3707 3335 3761 ὅτι
3382 3707 3555 3761 τύπον
3599 3725 3749 3778 προ-

458 3802 573 3858 veri
605 3800 731 3870 agni
788 3798 1137 3871 pastorisque
1167 3796 1370 3853 Christi
1421 3798 1620 3853 nostri.
1651 3799 1735 3855 Ad
1777 3817 2034 3860 occasum

2148 3804 2413 3874 διέγραφε
2437 3800 2536 3855 τοῦ
2565 3797 2823 3871 ἀληθινοῦ
2856 3796 3032 3869 ἀμνοῦ
3080 3798 3178 3851 καὶ
3207 3796 3467 3868 ποιμένος
3495 3799 3746 3869 Χριστοῦ

461 3896 568 3951 diei
604 3894 833 3950 Creator
858 3899 1045 3946 noster
1068 3906 1169 3962 pro
1217 3892 1376 3946 nobis
1399 3891 1763 3947 voluntariam
1808 3904 2034 3952 mortem

2146 3895 2242 3951 τοῦ
2266 3893 2401 3949 Θεοῦ
2429 3892 2587 3965 ἡμῶν
2624 3908 2640 3923 ·
2670 3890 2764 3945 ἐπὶ
2803 3889 3039 3959 δυσμαῖς
3069 3890 3177 3961 γὰρ
3204 3889 3313 3942 τῶν
3341 3888 3555 3943 αίώνων
3578 3892 3678 3943 καὶ
3713 3893 3746 3944 6

460 3987 621 4041 obiit.
670 3984 1057 4052 Praescriptum
1111 3992 1231 4039 erat
1278 3984 1615 4039 sacriﬁcium
1650 3984 1865 4052 offerri,
1911 3988 2034 4049 luna

2150 3988 2397 4059 πλάστης
2442 3986 2536 4041 τὸν
2575 3985 2715 4055 ὑπὲρ
2742 3982 2903 4055 ἡμῶν
2930 3982 3178 4037 ἑκούσιον
3222 3981 3433 4051 ὑπέστη
3464 3980 3701 4035 θάνατον
3726 3997 3744 4014 ⁸

464 4080 682 4152 plenam
717 4078 916 4147 [lucem
958 4077 1216 4132 habente.
1279 4077 1419 4131 Cum
1450 4087 1633 4133 autem
1669 4076 1920 4136 Salvator
1947 4097 2034 4153 ge-

2150 4079 2502 4153 πλησιφαοῦς
2523 4078 2582 4133 δὲ
2615 4079 2712 4148 τῆς
2746 4077 2980 4148 σελήνης
3008 4075 3175 4147 οῦσης
3206 4076 3517 4147 προσήγετο
3546 4076 3607 4127 τὸ
3638 4076 3747 4128 θῦο

458 4171 608 4226 neris
639 4169 815 4225 nostri
843 4183 953 4222 non
985 4168 1163 4224 solum
1194 4169 1359 4224 homo
1390 4168 1715 4239 appelletur,
1746 4173 1839 4227 sed
1871 4170 2034 4240 Deus,

2151 4192 2229 4247 μα
2249 4192 2264 4206 ·
2304 4174 2428 4228 ἐπεὶ
2458 4173 2552 4227 καλ⁸
2588 4173 2616 4226 6
2645 4170 2737 4225 τοῦ
2764 4170 2956 4239 γένους
2986 4168 3144 4241 ἡμῶν
3170 4168 3363 4239 Σωτὴρ
3390 4169 3491 4221 οῦκ
3519 4168 3748 4239 ἄνθρω-

456 4263 671 4319 lunaris
694 4261 913 4332 quidem
944 4262 1037 4315 lux
1066 4260 1238 4332 ligura
1275 4260 1602 4329 divinitatis,
1636 4264 1830 4319 lunare
1857 4276 2034 4320 autem

2144 4286 2247 4332 πος
2283 4267 2445 4339 μόνον
2492 4263 2892 4339 ἐχρημάτιζεν,
2919 4263 3057 4318 ἀλλά
3100 4264 3196 4316 καὶ
3224 4262 3357 4326 Θεός
3383 4280 3398 4295 ³
3431 4262 3528 4317 καὶ
3565 4264 3748 4318 τύπον

456 4370 658 4426 corpus
685 4353 933 4425 corporis
962 4351 1533 4424 assumpti.Praaterea
1555 4363 1613 4410 ut
1639 4355 1769 4411 luna
1793 4358 2034 4427 quoties-

2147 4363 2245 4433 μὲν
2302 4363 2407 4431 τῆς
2458 4358 2726 4428 Θεότητος
2758 4358 2915 4428 φέρει
2940 4357 3001 4410 τὸ
3060 4357 3197 4425 φῶς,
3221 4356 3283 4410 τὸ
3306 4356 3364 4410 δὲ
3413 4355 3748 4426 σεληνιακὸν

454 4461 675 4517 cunque
706 4446 970 4516 integram
996 4445 1174 4500 lucem
1217 4444 1411 4516 adepta
1430 4454 1540 4510 est,
1563 4447 1822 4504 universo
1840 4448 2034 4505 munda

2143 4450 2305 4521 σῶμα
2324 4450 2427 4520 τῆς
2453 4448 2897 4521 προσληφθείσης
2928 4448 3130 4520 σαρκός
3155 4466 3171 4480 -
3209 4447 3348 4519 πλὴν
3372 4448 3563 4518 ἐπειδὴ
3594 4451 3749 4503 κατὰ

454 4540 566 4597 dux
594 4548 814 4612 praeest,
843 4539 1148 4609 eodemque
1178 4540 1341 4595 modo
1360 4536 1617 4595 Salvator
1650 4550 1859 4608 noster,
1896 4541 2034 4598 obita

2140 4547 2241 4618 τὴν
2267 4544 2667 4618 κοσμογένειαν
2700 4543 2984 4616 ὁλοκλήρῳ
3015 4545 3155 4614 φωτὶ
3186 4544 3684 4615 καταλαμπομένη
3708 4547 3747 4616 ἡ

454 4644 652 4699 morte,
680 4642 878 4689 cuncta
929 4633 1264 4688 recreaverit
1319 4649 1383 4688 ac
1416 4633 1693 4703 refecerit,
1747 4634 1895 4692 haud
1934 4636 2034 4692 im-

2145 4642 2343 4715 σελήνη
2383 4640 2657 4711 λαμϐάνει
2688 4640 2789 4710 τὴν
2822 4638 3179 4709 προαγωγὴν,
3206 4641 3234 4693 6
3262 4639 3319 4693 δὲ
3359 4637 3454 4691 τοῦ
3480 4638 3748 4709 Σωτῆρος

454 4725 651 4781 merito
684 4725 812 4780 luna
859 4732 993 4780 tunc
1047 4723 1311 4796 temporis
1361 4724 1432 4780 ab
1486 4741 1554 4782 eo
1606 4726 1699 4797 qui
1760 4727 2034 4799 sapienter

2146 4734 2286 4805 ὑπὲρ
2314 4732 2409 4787 τοῦ
2440 4733 2633 4803 γένους
2668 4732 2898 4797 θάνατος
2931 4733 3233 4787 ἀνανέωσίν
3258 4750 3319 4787 τε
3363 4733 3459 4787 καὶ
3501 4732 3746 4786 ἀνακαί-

453 4816 641 4873 omnia
662 4816 825 4888 regit,
857 4816 1127 4887 integram
1160 4816 1338 4873 lucem
1367 4817 1630 4874 exhibere
1655 4818 1811 4889 iussa
1842 4830 1945 4875 est.

2146 4844 2289 4880 νισιν
2321 4826 2778 4898 ἐπραγματεύετο
2800 4826 2895 4880 τοῦ
2931 4826 3134 4891 παντὸς
3158 4866 3175 4892 ,
3210 4827 3437 4891 εἰκότως
3463 4829 3498 4898 ἠ
3528 4827 3742 4898 σελήνη

2144 4919 2206 4973 τδ
2229 4918 2345 4989 φῶς
2400 4919 2673 4990 ἀμείωτον
2714 4921 2840 4974 κατ’
2872 4921 3049 4974 έκεῖνο
3094 4923 3294 4993 καιροῦ
3328 4920 3594 4993 παρέχειν
3626 4922 3743 4975 ὑπὸ

2144 5010 2240 5065 τοῦ
2272 5011 2452 5065 πάντα
2478 5010 2659 5079 σοφῶς
2678 5012 3097 5082 οίκονομοῦντος
3118 5011 3426 5083 ἀπετάχθη.

2662 5123 3000 5178 ΕΡΩΤΗΣιΣ
3025 5124 3201 5193 suo”.

2143 5215 2206 5270 Τί
2240 5215 2395 5283 ἐστι,
2438 5236 2458 5269 ι
2496 5216 2674 5286 Θήσω
2714 5218 2782 5271 τὸ
2830 5218 3014 5284 τόξον
3041 5234 3163 5288 μου
3188 5218 3261 5273 ἐν
3287 5217 3362 5289 τῇ
3388 5220 3615 5289 νεφέλῃ
3642 5236 3665 5283 ;
3712 5239 3733 5272 ι

632 5098 967 5167 ρυῶετιο
996 5100 1244 5159 CCXCVI
1266 5102 1483 5176 [Coisl.,
1515 5103 1678 5160 Taur.
1700 5105 1861 5179 CIX].

452 5190 599 5262 Quid
624 5207 693 5248 ea:
707 5191 791 5247 his
805 5194 975 5250 verbis
996 5194 1400 5265 intelligendum
1414 5214 1431 5247 ι
1445 5194 1649 5250 Panum
1667 5213 1851 5252 arcum
1867 5217 2040 5257 meum

542 5305 546 5309 -
1066 5267 1123 5321 in
1152 5266 1379 5321 nubibus
1395 5270 1421 5321 Ρ
1443 5286 1462 5319 ο

1160 5378 1305 5430 Edita
1336 5396 1363 5430 a
1396 5381 1521 5431 Maio
1545 5382 1602 5442 (ι.
1627 5397 1671 5433 c.
1704 5398 1757 5448 p.
1791 5384 1901 5446 150,
1932 5402 1983 5451 q.
2016 5393 2150 5456 506).
2174 5422 2235 5433 —
2272 5398 2562 5463 Explanatio
2595 5402 2645 5449 in
2677 5400 2801 5451 Gen.
2838 5412 2909 5460 ix,
2935 5397 3011 5450 15.

524 5462 729 5522 Arcum
759 5466 817 5521 in
836 5466 1106 5530 nubibus,
1135 5468 1418 5537 gentilium
1436 5469 1529 5523 lilii
1564 5472 1839 5539 quoddam
1870 5485 2034 5528 natu-

2216 5462 2374 5538 Τὸδέ
2406 5489 2465 5539 ὲν
2489 5489 2553 5557 τῇ
2582 5485 2785 5556 νεφέλῃ
2810 5485 2965 5550 τόξον
2984 5483 3251 5555 Ἑλλήνων
3285 5484 3382 5554 μὲν
3413 5481 3598 5545 παῖδες
3622 5500 3733 5549 φυ-

447 5558 565 5613 rale
599 5569 795 5629 putant
818 5574 979 5629 opus,
1010 5559 1154 5626 quod
1178 5575 1359 5622 suam,
1391 5561 1533 5615 unde
1559 5563 1700 5618 solet
1723 5566 1893 5620 nubes
1910 5583 2034 5620 con-

2144 5573 2296 5626 σικόν
2354 5593 2405 5628 τι
2468 5575 2785 5645 νομίζουσιν
2819 5574 3003 5645 ἔργον,
3037 5576 3131 5627 καὶ
3157 5574 3253 5642 ἀφ’
3286 5567 3347 5627 οὗ
3390 5573 3607 5640 νεφέλαι
3632 5574 3734 5626 καὶ

446 5650 791 5707 stitutionem
827 5651 1026 5721 accipit
1059 5669 1075 5719 ;
1108 5652 1235 5709 divo
1268 5662 1451 5710 autem
1480 5653 1651 5727 Moysi
1700 5670 1967 5728 quantum
2004 5681 2033 5719 e

2140 5665 2313 5736 ἣλιος,
2344 5668 2565 5721 κάκεῖνο
2597 5667 2698 5738 τὴν
2733 5665 3003 5720 σύστασιν
3031 5664 3334 5737 λαμϐάνεν
3366 5664 3443 5737 τῷ
3460 5664 3602 5734 δέγε
3633 5665 3731 5718 θε-
