3854 6324
64 493 213 562 1129

839 501 935 563 AD
981 498 1570 562 AMPHILOCUIUM
1606 499 1950 568 QU/ESTIO
1984 496 2637 563 ccxcw-ccxcvnt.

3189 500 3328 567 1130

52 619 287 687 σπεσίῳ
316 617 541 671 Μωῦσεῖ
568 617 692 671 ὅσον
716 616 824 671 ἀπδ
848 621 946 689 τῆς
979 618 1086 670 τῶν
1111 617 1309 683 λέξεων
1332 617 1644 688 προφανοῦς

1763 617 2139 686 significatione
2175 616 2470 671 verborum
2504 616 2627 686 ejus
2654 614 3007 685 perspicuum
3051 625 3157 680 est,
3212 634 3321 673 non

52 707 357 777 σημασίας
380 708 478 760 οὐκ
517 708 691 762 ἐδόκει
718 708 896 773 τοῦτο,
934 708 1069 761 ἀλλά
1095 708 1393 780 σύγχρονον
1422 705 1648 779 εἶναιτῇ

54 798 341 871 δεδομένῃ
361 798 621 871 διαθήκῃο
653 818 672 851 ι
732 798 864 853 Ἰδοὺ
908 798 1038 869 γὰρ,
1070 798 1229 870 φησὶ,
1254 799 1445 869 τίθημι
1469 799 1531 851 τὸ
1557 798 1651 851 τό·

58 891 158 953 ξον
226 908 334 961 μου
386 893 444 944 ὲν
486 894 558 962 τῇ
602 892 823 963 νεφέλῃ,
857 890 932 953 ὡς
963 890 1058 944 νῦν
1105 889 1391 959 τιθεμένου
1426 890 1651 960 καὶτῆς

54 982 345 1053 διαθήκης
378 982 805 1053 χρηματίζοντος
832 981 1059 1052 σημείου
1084 997 1099 1014 ο
1134 1001 1152 1034 ι
1191 982 1347 1035 οὐδὲν
1369 981 1426 1036 δὲ
1449 981 1653 1036 ἄτοπον

52 1074 279 1128 ἐννοεῖν
309 1077 407 1129 καὶ
442 1076 659 1145 φάσεως
684 1076 782 1146 μὲν
805 1074 1060 1145 ἀπαρχὴν
1104 1073 1381 1146 [ἀπαρχῆς
1402 1073 1450 1144 η
1480 1089 1652 1145 προσ-

54 1165 240 1237 δολὴν
274 1161 417 1221 εἶναι
442 1167 503 1220 τὸ
527 1167 704 1234 τόξον,
728 1166 821 1220 ἐπὶ
842 1166 1135 1236 βεϐαιώσει
1165 1166 1224 1220 δὲ
1248 1166 1351 1236 τῆς
1393 1165 1532 1235 πρὸς
1558 1164 1653 1219 τὸν

58 1259 203 1313 Νῶε
239 1259 511 1330 διαθήκης
560 1259 621 1313 τὸ
675 1260 828 1313 Θεῖον
858 1259 992 1313 αὐτὸ
1025 1259 1472 1330 προσλαμϐάνειν
1496 1274 1511 1291 ⁸
1541 1253 1656 1313 οἷον

54 1352 142 1415 ὡς
174 1351 228 1405 εἰ
262 1351 536 1420 λέγοντες,
569 1353 653 1406 ὅτι
675 1352 782 1417 ἕως
816 1352 883 1407 ἂν
914 1351 1073 1405 τοῦτο
1099 1352 1328 1424 γένηται
1353 1353 1450 1407 καὶ⁵
1476 1354 1511 1423 ἡ
1554 1352 1656 1422 φύ-

54 1458 158 1504 σις
202 1441 269 1495 τὸ
308 1444 505 1496 οἰκεῖον
553 1443 891 1515 προὸἀληται
942 1442 1125 1514 ἔργον,
1155 1444 1255 1498 οὐκ
1295 1444 1449 1498 ἔσται
1480 1461 1655 1499 κατα-ν

58 1532 353 1604 κλυσμός·
396 1533 513 1587 καθ’
535 1532 573 1588 ἃ
601 1534 667 1588 ἄν
686 1552 769 1598 τις
796 1536 960 1589 εἷπον
997 1536 1144 1599 Ἕως
1172 1534 1265 1590 οὖν
1288 1536 1652 1607 ἀνταναιρεθῇ

52 1628 94 1698 ἡ
127 1626 369 1697 σελήνη,
398 1626 493 1681 καὶ
521 1627 627 1690 ἕως
660 1627 728 1681 ἂν
762 1628 791 1681 ό
815 1627 969 1698 ἥλιος
1016 1629 1109 1681 τὸν
1149 1628 1399 1699 οὐράνιον
1436 1628 1655 1698 διατρέ-

56 1737 191 1787 χων
224 1717 395 1771 πόλον
437 1720 505 1772 τά
545 1718 766 1783 ἐπίγεια
804 1720 1030 1789 φωτίζει
1056 1735 1071 1751 ο
1104 1720 1241 1788 ὅπερ
1285 1720 1433 1773 ἐστίν
1457 1736 1475 1753 ο
1509 1720 1659 1779 Ἕως

53 1810 95 1877 ἡ
132 1808 312 1877 φύσις
336 1810 431 1863 τὸν
461 1811 660 1865 οἰκεῖον
686 1812 879 1882 εἱρμὸν
904 1810 1159 1875 διασώζει
1190 1811 1286 1865 καὶ
1328 1812 1467 1883 πρὸς
1499 1812 1654 1864 λύσιν

50 1900 125 1953 οὐ
159 1900 513 1971 διαστρέφει,
537 1902 642 1966 ἕως
669 1902 792 1955 τότε
821 1902 883 1955 τὸ
919 1902 1261 1973 ἀνθρώπινον
1300 1904 1457 1973 γένος
1482 1920 1654 1957 κατα·-

1754 709 1894 764 idem
1943 706 2155 763 videtur
2182 706 2277 763 sed
2308 722 2549 762 coaevum
2622 705 2794 763 fuisse
2841 722 3031 763 arcum
3076 711 3327 765 concessi

1752 802 1882 856 olim
1915 799 2228 855 hominibus
2258 798 2629 856 Testamenti:
2670 819 2689 852 ι
2719 802 2883 865 Ecce,
2927 801 3109 871 inquit
3156 802 3325 867 Deus,

1755 906 1899 961 pono
1928 905 2119 946 arcum
2147 905 2329 946 meum
2359 890 2413 945 in
2466 890 2729 957 nubibus,
2759 900 2816 947 et
2842 890 2949 945 erit
2974 892 3193 965 signum
3220 889 3328 945 fa:-

1752 983 1900 1038 deris
1927 982 2201 1053 pectique.
2233 1000 2253 1035 ι
2288 980 2513 1038 Minime
2554 991 2739 1039 autem
2774 982 3074 1039 absurdum
3102 982 3331 1039 credere

1752 1090 1943 1131 arcum
1981 1076 2140 1146 quasi
2171 1075 2446 1147 adjectum
2471 1076 2659 1131 statim
2706 1080 2875 1133 verbo
2904 1084 3188 1132 auctorem
3218 1091 3337 1147 quo

1754 1166 1869 1237 ipse
1926 1166 2074 1223 Deus
2097 1169 2448 1223 conﬁrmaret
2499 1183 2661 1224 suum
2688 1183 2813 1223 cum
2862 1167 3077 1224 Noemn
3122 1167 3326 1224 foedus.

1754 1258 1983 1315 Perinde
2008 1274 2076 1315 ac
2102 1260 2149 1316 si
2182 1258 2390 1316 dictum
2439 1270 2586 1316 esset
2615 1260 2860 1331 quandin
2886 1277 3050 1317 arcus
3079 1261 3183 1318 iste
3204 1276 3332 1332 per-

1756 1349 2019 1413 manebit,
2039 1357 2095 1407 et
2127 1358 2329 1405 natura
2372 1364 2535 1406 suum
2585 1365 2727 1419 opus
2768 1360 3012 1422 peraget.
3047 1349 3168 1405 Non
3222 1352 3340 1406 erit

1755 1441 2043 1508 diluvium,
2107 1442 2251 1513 quod
2278 1441 2421 1497 idem
2455 1449 2541 1497 est
2584 1450 2794 1512 atque:
2847 1441 3102 1510 Quandiu
3164 1443 3338 1499 stabit

1755 1532 1907 1599 luna,
1956 1542 2012 1589 et
2040 1533 2123 1589 sol
2161 1534 2360 1589 caelum
2421 1548 2771 1603 percurrens,
2836 1534 3337 1590 terrestriaillumi-

1755 1625 1903 1681 nabit
1927 1642 1943 1692 ;
1969 1626 2073 1693 vel,
2112 1625 2365 1693 Quandiu
2390 1635 2583 1682 natura
2625 1628 2742 1683 suis
2770 1627 2931 1683 nodis
2969 1628 3333 1697 astringetur,

1754 1726 1809 1771 et
1835 1717 1904 1771 ad
1931 1716 2342 1772 dissolutionem
2371 1734 2480 1772 non
2507 1726 2769 1781 vertetur,
2799 1717 2987 1772 tandiu
3019 1723 3201 1787 genus'
3227 1719 3335 1771 hu-

1756 1820 1978 1860 manum
2004 1805 2218 1860 diluvio
2266 1822 2375 1861 non
2428 1806 2705 1877 punietur.
2766 1804 3052 1877 Syriorum
3104 1821 3200 1860 rex
3263 1805 3336 1860 ad

1757 1896 2012 1954 Elisaaum
2047 1900 2197 1954 misit
2220 1900 2313 1970 qui
2348 1900 2504 1955 hunc
2523 1900 2592 1955 de
2622 1899 2768 1971 regis
2793 1902 2902 1954 vita
2942 1900 3333 1967 interrogaret,

51 1990 314 2062 κλυσμῷ
334 1992 681 2064 ἀτιμώρητον
710 1993 865 2047 ἔσται
899 2010 913 2023 ⁸
947 1996 976 2048 ὁ
1003 1994 1061 2048 δὲ
1089 1994 1341 2065 βασιλεὺς
1392 1998 1492 2065 τῆς
1547 1996 1653 2049 Συ-

1763 1989 2009 2059 quamvis
2064 1989 2157 2044 ille
2191 2005 2299 2043 non
2330 1988 2463 2055 Deo,
2514 1990 2609 2045 sed
2642 1990 2803 2045 idolis
2849 1988 3161 2045 inserviret.
3194 1985 3333 2039 Pro-

57 2078 198 2151 ρίας
272 2079 467 2149 μαθεῖν
510 2081 836 2135 ἀποστέλλει
870 2084 999 2155 περὶ
1025 2084 1126 2155 τῆς
1154 2083 1300 2155 ζωῆς
1326 2084 1490 2139 αὐτοῦ
1518 2086 1654 2156 πρὸς

1763 2081 1929 2148 pheta:
1971 2090 2155 2136 autem
2208 2080 2371 2137 fama.
2417 2081 2662 2151 undique
2721 2080 3042 2152 pervulgata
3089 2086 3227 2143 erat,
3280 2088 3337 2131 et

52 2175 161 2229 τὸν
197 2173 509 2227 Ἐλισσαῖον
544 2190 560 2205 ο
612 2176 791 2228 καίτοι
843 2176 917 2247 μὴ
970 2176 1050 2247 τῷ
1095 2176 1236 2247 Θεῷ,
1270 2177 1385 2232 ἀλλ’
1415 2178 1655 2243 εἰδώλοις

1763 2174 2070 2230 istiusmodi
2131 2182 2251 2228 erat
2312 2174 2542 2229 morbus
2588 2172 2702 2243 regi
2733 2172 2950 2227 instans
3003 2180 3062 2224 ut
3113 2182 3339 2224 necesse

52 2265 383 2335 λατρεύων,
414 2266 497 2318 ὅτι
518 2268 804 2337 προφήτην
844 2267 1009 2321 αὐτὸν
1039 2268 1317 2338 πανταχοῦ
1338 2270 1654 2342 διήγγελλεν

59 2360 100 2427 ἡ
142 2358 333 2428 φήμη,
362 2358 455 2411 καὶ
497 2359 530 2428 ἡ
554 2359 708 2422 νόσος
745 2362 1019 2414 ἐπιστᾶσα
1043 2360 1122 2431 τῷ
1152 2361 1360 2431 βασιλεί
1389 2363 1656 2433 συνηνάγ-

54 2450 203 2514 καζε
239 2448 508 2504 πυθέσθαι
532 2450 667 2521 πρὸς
695 2447 807 2503 οἷον
832 2451 1170 2522 ἀποῦήσεται
1197 2452 1370 2517 τέλος.

598 2561 934 2616 sperum:
976 2564 1131 2632 ztz'.

55 2656 313 2723 Δίκαιος
358 2655 427 2709 δέ
478 2658 511 2709 ό
563 2655 689 2710 Νῶε
746 2657 1077 2726 τυγχάνων,
1134 2656 1291 2711 διατι
1342 2658 1655 2713 ἁλίσκεται

421 2726 593 2796 μέθῃ,
620 2727 719 2780 καὶ
746 2730 817 2781 οὐ
851 2728 1060 2782 δίδωσι
1084 2728 1302 2795 δίκην;

1753 2264 1907 2320 fieret
1934 2263 2206 2320 sciscitari
2239 2278 2402 2334 quem
2435 2263 2505 2319 ad
2537 2263 2703 2319 ﬁnem
2732 2261 2983 2318 exiturus
3010 2269 3178 2317 esset.

1916 2568 2243 2636 QUAESTIO
2273 2566 2545 2624 CCXCVII
2575 2566 2793 2640 [Coisl.,
2826 2565 2989 2621 Taur.
3023 2564 3170 2637 CX].

1760 2660 1893 2715 Cum
1911 2660 2093 2729 justus
2122 2670 2254 2715 esset
2284 2658 2335 2711 Ν
2343 2676 2400 2714 oe
2426 2700 2442 2723 ,
2478 2658 2873 2782 cur‘ebrietatt's
2909 2668 3129 2727 argutus
3156 2671 3341 2725 pwuaa

2394 2747 2498 2782 non
2523 2746 2579 2782 so
2607 2739 2708 2782 vat.

2394 2747 2498 2784 non
2523 2739 2708 2785 solvat.

555 2839 699 2890 Edita
720 2856 745 2890 a
773 2840 981 2904 Maian.
1017 2854 1060 2891 c.
1084 2855 1131 2904 p.
1161 2841 1338 2905 150,q.
1362 2843 1499 2905 σοι).
1522 2871 1583 2881 -
1609 2846 1657 2895 οι

1763 2858 1812 2895 ›ο
1836 2844 1979 2895 ebrio
2001 2857 2095 2895 nec
2112 2851 2277 2895 tamen
2295 2848 2490 2908 punito.
2517 2846 2641 2894 Gen.
2668 2860 2739 2907 ix,
2771 2846 2851 2897 Si.

135 2923 370 2987 Δίκαιος
420 2923 534 2977 δὲηό
565 2924 689 2977 Νῶε
717 2924 1000 2996 τυγχάνων
1048 2926 1330 2981 ἁλίσκεται
1372 2928 1525 3003 μέθῃ
1565 2930 1658 2985 καὶ

63 3017 129 3071 οὐ
165 3017 359 3069 δίδωσι
390 3015 569 3087 δίκην,
597 3017 680 3070 ὅτι
718 3020 858 3087 μήτε
882 3018 1123 3090 ἀκρασίᾳ
1164 3020 1506 3091 κεχρημένος
1560 3020 1660 3092 τὴν

68 3106 260 3178 μέθην
310 3105 543 3175 ὑπέστη,
578 3108 671 3159 καὶ
706 3106 870 3177 νόμον
919 3109 1024 3162 οὐκ
1084 3105 1201 3179 εἶχε
1253 3109 1355 3180 τῆς
1388 3110 1469 3173 εἰς
1500 3110 1660 3183 κόρον

63 3199 420 3269 ἀπείργοντα
446 3197 758 3261 οίνοποσίας
780 3213 796 3227 ⁶
826 3197 1002 3262 ἄλλως
1034 3216 1093 3253 τε
1125 3199 1181 3251 δὲ
1210 3199 1308 3253 καὶ
1337 3200 1535 3273 ἀγνοίᾳ
1557 3200 1658 3271 τῆς

66 3294 353 3361 χρήσεως,
388 3289 503 3343 ἀλλ’
523 3290 645 3360 οὐχὶ
674 3291 981 3359 πολυποσίᾳ
1011 3292 1313 3346 κατέπεσεν
1334 3295 1415 3358 είς
1449 3294 1653 3364 μέθηψ

68 3384 410 3453 κιρνάμενος
432 3383 541 3453 γάρ
573 3384 602 3435 ὁ
630 3377 772 3447 οίνος
796 3382 895 3453 οὐχ
928 3380 1100 3446 οὕτως
1130 3383 1240 3437 τῶν
1265 3383 1658 3437 ὲπιθολούντων

71 3476 274 3546 ἀτμῶν
293 3474 385 3528 τὸν
413 3474 719 3544 ἐγκέφαλον
742 3473 941 3546 πληροῖ
966 3475 1062 3529 καὶ
1094 3475 1157 3529 τὸ
1195 3476 1521 3547 ἡγεμονικὸν
1546 3477 1665 3529 ἑπι-

73 3567 326 3630 σκοτίζει
351 3581 368 3596 ⁸
402 3568 435 3637 ἡ
470 3566 529 3618 δὲ
555 3567 793 3637 ἄκρατος
822 3566 1015 3620 τούτου
1051 3568 1342 3639 προσφορά
1394 3568 1664 3639 θερμοτέ-

78 3676 207 3730 ρους
265 3656 492 3720 τούτους
542 3658 891 3729 ἀναφέρουσα
948 3658 1043 3711 καὶ
1087 3658 1448 3728 δριμυτέρους
1474 3658 1573 3713 καὶ
1602 3658 1664 3724 ἐξ

72 3752 262 3820 ὀλίγου
295 3749 540 3819 πόματος
572 3748 812 3818 μάλιστα
839 3752 952 3811 τοῖς
995 3750 1282 3819 ἀσυνήθως
1322 3750 1459 3821 πρὸς
1504 3750 1663 3806 τοῦτο

73 3842 446 3912 διακειμένοις
494 3842 849 3911 ἐνεργάζεται
875 3842 936 3895 τὸ
961 3843 1133 3902 πάθος
1159 3859 1173 3872 ο
1210 3842 1347 3914 πλὴν
1378 3845 1407 3897 ό
1458 3843 1660 3897 θεσπέ-

78 3953 191 3999 σιος
219 3932 455 3998 Παῦλος,
473 3934 578 3998 πρὸ
596 3932 751 4003 ἡμῶν
772 3934 863 3986 τὸν
885 3934 1023 4004 ὑπὲρ
1045 3934 1212 3987 αὐτοῦ
1232 3936 1466 3989 ποιεῖται
1481 3936 1661 4005 λόγον,

84 4046 103 4077 ι
124 4024 423 4097 Ἀμαρτία,
444 4024 691 4094 φάσκων,
718 4024 821 4078 οὐκ
846 4023 1134 4092 ἐλλογεῖτο,
1159 4028 1235 4096 μὴ
1262 4026 1413 4090 ὄντος
1436 4026 1653 4098 νόμουοι

76 4118 158 4172 διὸ
191 4116 370 4170 πολλά
395 4117 463 4170 ἂν
489 4115 673 4188 εὕροις
702 4115 844 4170 κατά
866 4116 967 4185 τὴν
1000 4117 1238 4172 παλαιὰν
1267 4118 1483 4188 ἐκείνην
1513 4121 1662 4173 πολι-

77 4213 227 4268 τείαν
247 4211 378 4275 τούς
407 4209 746 4279 θαυμασίους
774 4208 1016 4270 ἐκείνους
1056 4208 1255 4279 ἄνδρας
1291 4210 1662 4282 διαπεπραχό-

77 4321 174 4367 τας
218 4303 281 4370 ἐξ
342 4300 623 4372 ἀπειρίας,
651 4299 711 4363 ἐξ
754 4293 829 4352 ὧν
889 4299 1071 4363 αὐτοῖς
1133 4298 1358 4369 οὐδεμία
1414 4318 1664 4371 παρηκο-

78 4396 312 4465 λούθησε
341 4394 465 4465 δίκη
490 4408 502 4422 ·
544 4393 661 4445 νυνὶ
707 4390 766 4444 δὲ
791 4391 915 4444 ἐπεὶ
940 4390 1072 4463 παρ’
1097 4392 1229 4463 ἡμῖν
1254 4392 1351 4445 καὶ
1381 4392 1535 4463 νόμοι
1562 4396 1660 4449 καὶ

81 4490 191 4544 τῶν,
206 4488 502 4559 πρακτέων
531 4487 563 4557 ἡ
596 4483 796 4553 γνῶσις
819 4484 1248 4555 ἐπιφανεστάτη,
1272 4485 1513 4551 εὐλόγως
1531 4488 1660 4550 τούς

83 4578 545 4651 παραϐεΰηκότας
593 4577 627 4647 ή
672 4574 775 4645 τῆς
828 4576 1174 4647 παρανομίας
1222 4576 1545 4648 ὑποδέχεται
1571 4594 1656 4629 τι-

85 4674 289 4745 μωρία.

610 4810 946 4863 sparum:
970 4808 1137 4875 min

86 4900 272 4953 Πόθεν
298 4899 435 4954 ἐστι
465 4899 574 4968 τῆς
596 4900 843 4969 Γραφῆς
872 4897 1217 4969 λαϐεῑνίύπὸ
1239 4898 1348 4953 τοῦ
1373 4896 1660 4951 διαϐόλου

483 4972 593 5025 td»
629 4968 801 5040 Ἀδὰμ
832 4968 1209 5038 ἀπατηθῆναι
1236 4985 1257 5033 ;

1849 2931 1987 2987 Cum
2013 2931 2199 3000 justus
2242 2940 2387 2986 esset
2423 2930 2557 2997 Nec,
2589 2932 2869 2986 ebrietatis
2916 2929 3185 3000 arguitur,
3238 2941 3347 2983 nec

1759 3040 1950 3095 pinnas
1983 3026 2167 3091 solvit,
2202 3025 2331 3095 quia
2395 3040 2503 3079 non
2547 3040 2613 3079 ex
2674 3024 3101 3092 intemperantia
3152 3019 3346 3075 ebrius

1758 3117 1938 3173 factus
1966 3128 2071 3185 est,
2096 3128 2152 3174 et
2205 3119 2451 3173 nondum
2480 3117 2747 3172 adversus
2803 3117 3057 3171 ebriosos
3085 3115 3341 3170 homines

1757 3208 1866 3263 lata
1888 3217 2008 3263 erat
2034 3209 2141 3275 lex,
2173 3208 2476 3278 praesertim
2522 3223 2681 3262 cum.
2714 3207 2835 3261 vini
2872 3206 3106 3273 inscius,
3150 3221 3259 3259 non
3285 3222 3347 3259 so

1767 3302 1933 3357 nimia
1970 3303 2266 3373 cupiditate
2295 3300 2518 3356 bibendi
2553 3302 2679 3356 vino
2719 3301 2955 3356 obrutus
2987 3301 3098 3366 sit;
3136 3308 3342 3367 tempe—

1766 3404 1945 3450 ratum
1975 3410 2131 3466 aqua;
2183 3395 2373 3449 vinum
2398 3409 2509 3449 non
2541 3394 2677 3449 adeo
2714 3394 3029 3449 turbulento
3073 3393 3341 3459 anhelitu,

1764 3487 2051 3543 cerebrum
2084 3486 2292 3556 implet,
2351 3494 2624 3556 caputque
2661 3486 3000 3541 obtenebrat.
3066 3484 3351 3539 Meracunr

1764 3589 1945 3634 autem
1977 3580 2162 3632 vinum
2196 3577 2476 3635 calefactis
2521 3576 2845 3632 hominibus
2876 3575 3147 3631 feritatem
3194 3576 3345 3630 addit

1764 3669 1868 3725 vel.
1908 3669 2122 3725 modice
2163 3669 2445 3736 haustum,
2497 3670 2910 3740 praesertimque
2936 3699 2941 3703 -
2968 3669 3202 3723 insuetis
3224 3670 3346 3723 ani-

1763 3775 1912 3815 mum
1950 3760 2211 3815 incendit.
2246 3760 2518 3816 Caeterum
2571 3760 2733 3816 divus
2788 3760 2991 3816 Paulus
3047 3769 3174 3816 ante
3242 3775 3349 3814 nos

1762 3868 1878 3908 rem
1902 3853 2126 3924 agitavit
2149 3854 2377 3909 dicens:
2414 3872 2439 3906 ι
2468 3853 2763 3909 Peccatum
2783 3863 2991 3909 autem.
3015 3870 3123 3909 non
3160 3855 3342 3923 impu-

1762 3945 1967 4003 tabitur
2008 3946 2233 4017 quando
2263 3961 2370 4000 non
2396 3956 2551 4003 esset
2575 3948 2662 4003 lex
2692 3948 2735 3980 ι’
2767 3967 2815 4003 ι.
2858 3947 3227 4014 Quamobrem
3284 3946 3339 3999 in

1763 4037 1987 4106 antiqua
2025 4037 2143 4107 lege
2163 4037 2444 4092 mirabiles
2462 4038 2649 4093 videas
2680 4054 2924 4109 persaape
2945 4039 3099 4093 viros
3139 4038 3343 4109 quibus

1764 4128 1818 4184 id
1842 4129 2140 4199 inexpertis
2165 4130 2382 4191 accidit,
2413 4146 2480 4185 ex
2508 4146 2618 4200 quo
2652 4114 2801 4185 nulla
2861 4138 3042 4184 tamen
3094 4130 3173 4185 eis
3207 4145 3341 4184 con-

1764 4232 1947 4275 secuta
1972 4230 2058 4276 cst
2104 4236 2286 4291 poena.
2316 4220 2475 4276 Nunc
2537 4230 2716 4276 autem
2782 4222 2926 4293 apud
2982 4237 3083 4277 nos
3117 4238 3241 4277 cum
3289 4230 3346 4276 et

1764 4309 1849 4365 lex
1895 4320 1950 4365 et
1977 4326 2159 4366 rerum
2194 4326 2317 4381 quae
2377 4321 2507 4366 sunt
2550 4308 2813 4367 facienda:
2869 4313 3109 4383 cognitio
3162 4314 3343 4368 mani-

1763 4401 1958 4457 festata
1986 4403 2079 4467 sit,
2129 4412 2275 4457 recte
2318 4418 2415 4458 cos
2456 4404 2549 4473 qui
2609 4404 2756 4474 leges
2790 4406 3118 4476 transgressi
3176 4414 3333 4471 sunt,

1774 4496 2229 4565 transgressionis
2250 4509 2410 4564 paena
2432 4496 2653 4565 excipit.

1907 4798 2236 4868 QUABSTIO
2283 4801 2578 4859 CCXCVIII
2623 4803 2815 4877 [CoisL
2839 4804 3003 4861 Taur.
3039 4804 3202 4879 CXI‘I.

1768 4894 1853 4949 Ea:
1883 4910 1990 4965 quo
2017 4893 2307 4963 Scriptura:
2332 4894 2445 4948 loco
2485 4907 2711 4959 constat,
2765 4898 3033 4953 Adamum
3060 4915 3093 4952 a
3134 4897 3355 4952 diabolo

2317 4968 2589 5037 deceptum
2624 4984 2736 5022 esse
2761 4970 2787 5021 Ρ

422 5083 681 5133 Editarum
699 5098 726 5132 a
750 5083 926 5132 Wolﬁo
947 5084 1194 5131 tricesima
1224 5088 1391 5131 octava
1413 5081 1553 5144 (Cur.
1590 5076 1793 5141 Philot,
1815 5083 1852 5128 t.
1889 5078 1947 5141 ν,
1970 5093 2019 5142 p.
2050 5079 2161 5141 692,
2194 5080 2303 5130 693.
2320 5080 2557 5133 ,Galland.
2580 5080 2715 5143 XIII,
2736 5082 2848 5145 709,
2869 5083 2983 5149 7f0)

160 5193 227 5245 Ὃ
268 5191 327 5245 δὲ
368 5190 732 5262 ἐπηρώτησας
756 5231 772 5255 ,
822 5189 897 5253 ὡς
928 5190 1090 5242 πόθεν
1140 5190 1256 5241 ἐστι
1288 5190 1390 5259 τῆς
1426 5189 1656 5263 Γραφῆς

90 5285 285 5348 λαδεῖν,
335 5283 444 5336 ὐπὸ
485 5282 579 5335 τοῦ
627 5282 873 5335 διαϐόλου
940 5281 1033 5334 τὸν
1073 5281 1246 5351 ’Λδάμ
1290 5282 1655 5352 ἀπατηθῆναι,

94 5380 219 5431 πᾶσι
245 5377 343 5447 μὲν
363 5374 614 5429 εὐσεϐέσι
632 5374 914 5444 νομίζεται
942 5373 1122 5439 τοῦτο,
1141 5373 1259 5427 ἀλλ’
1287 5375 1322 5445 ὴ
1340 5374 1530 5445 Γραφὴ
1548 5374 1657 5444 (85)

94 5470 173 5521 διὰ
200 5467 291 5522 τοῦ
318 5468 496 5537 ὄφεως
541 5467 705 5536 μόνον
734 5464 1083 5536 ἀπατηθῆναι
1117 5466 1230 5537 (84)
1260 5467 1358 5536 τὴν
1388 5463 1556 5529 Εὕαν,
1590 5464 1659 5518 δι’

164 5628 204 5657 ¹⁹
230 5625 391 5682 Rom.
425 5642 479 5691 ν,
509 5625 606 5681 15.

1831 5190 1985 5256 Quod
2006 5188 2228 5259 quaeris,
2255 5189 2400 5244 unde
2420 5206 2486 5244 ex
2509 5189 2800 5261 Scriptura
2818 5200 3033 5247 constet
3070 5190 3342 5247 Adamum

1762 5301 1791 5340 a
1823 5285 2044 5340 diabolo
2081 5300 2204 5341 esse
2231 5284 2549 5351 seductum,
2607 5286 2659 5339 id
2692 5284 2912 5355 quidem
2949 5286 3058 5356 piis
3083 5286 3359 5343 omnibus.

1767 5374 2110 5446 exploratum
2145 5374 2397 5429 habetur.
2434 5373 2720 5445 Scriptura
2756 5386 2961 5444 tamen,
2997 5393 3119 5448 qua:
3170 5378 3339 5431 Evam

1764 5475 1977 5520 tantum
2009 5482 2104 5537 per
2157 5475 2487 5537 serpentem,
2543 5483 2639 5538 per
2698 5468 2850 5526 illam
2884 5486 3015 5526 vero
3066 5471 3364 5527 Adamnan

1608 5740 1841 5797 NOTAE.

167 5868 271 5937 (83)
310 5867 459 5939 Post;
487 5866 674 5939 γραφὴ
720 5867 989 5939 excidisse
1031 5844 1245 5939 videtur
1292 5864 1435 5939 facili
1469 5864 1621 5933 lapsu
1660 5864 1887 5930 librarii,

170 5939 274 6011 (84)
298 5937 541 5995 Οοίειίηζ
558 5940 932 6009 ἀπατηθῆναι,
955 5938 1108 5993 Colb.
1142 5937 1531 6008 ἁπαιτηοῆναι.
