3930 6218
517 350 645 416 1131

1673 355 1934 416 PHOTII
1963 358 2467 419 PATRIARCHAE
2498 338 2607 418 οι).

3633 342 3754 406 1122

513 467 799 536 deceptum
826 462 990 526 sistit,
1029 463 1443 518 luculentiorem
1470 463 1683 532 quaesiti
1713 463 1875 532 hujus
1927 463 2080 518 solu—

2200 465 2360 534 ιύτῆς
2408 465 2467 518 δὲ
2507 466 2598 517 τὸν
2638 462 2811 532 Ἀδάμ
2857 459 3105 528 εἰσάγει,
3142 451 3619 529 περιφανεστέραν
3661 453 3747 506 τοῦ

515 560 720 613 tionem
752 557 924 610 aﬂ'ert.
965 556 1080 625 Ipse
1110 557 1252 609 enim
1313 555 1578 608 Dominus
1607 563 1796 610 noster
1825 555 1878 610 in
1909 555 2086 609 Evan-

514 650 672 721 geliis
700 665 800 704 nos
856 650 1063 711 docuit,
1116 648 1349 703 dicens:
1390 641 1528 701 «ille
1582 647 1650 702 ab
1695 647 1854 701 initio
1912 647 2089 700 homi-

517 743 636 797 cida
663 753 745 795 est
765 743 830 795 '°.
859 761 877 792 ι
921 741 1107 810 Neque
1129 741 1271 793 enim
1307 739 1404 800 ibi,
1431 739 1575 807 quod
1607 740 1882 794 nonnullis
1909 741 2086 792 visum

515 841 619 892 est.
649 833 878 891 Cainum
906 833 1082 885 innuit
1115 833 1248 896 ;sed
1282 832 1334 885 in
1367 832 1546 900 ipsum
1585 830 1845 884 Satanam
1878 832 2090 885 crimen

517 926 623 978 hoc
648 923 831 977 refert.
868 919 1104 990 Serpens
1149 923 1322 985 enim,
1349 923 1440 990 qui
1494 921 1694 975 diaboli
1741 922 2087 976 instrunmen—

516 1026 632 1069 tum
666 1026 917 1078 vocatur,
959 1015 1090 1068 nihil
1124 1015 1274 1069 dubii
1313 1021 1517 1080 movet,
1577 1014 1777 1083 quippe
1832 1014 1925 1081 qui
1977 1014 2092 1082 prid

517 1109 727 1162 marins
757 1115 809 1161 e‘t
855 1108 1108 1176 princeps
1159 1106 1494 1162 seductionis
1524 1115 1714 1159 auctor
1761 1106 1945 1158 haberi
1982 1121 2091 1159 non

517 1198 712 1265 possit.
752 1197 1042 1264 Propterea
1074 1209 1204 1250 vero
1255 1211 1349 1262 per
1379 1203 1708 1264 serpentem,
1760 1211 1867 1248 non
1905 1203 2090 1249 autem

519 1303 616 1358 per
655 1288 799 1340 aliud
866 1288 1072 1342 animal
1127 1287 1305 1341 malus
1361 1289 1571 1341 daemon
1659 1286 1908 1341 fraudem
1967 1287 2094 1341 Eva:

516 1381 671 1442 facit,
724 1381 868 1449 quod
905 1378 1109 1432 animal
1141 1377 1274 1432 illud
1339 1379 1556 1432 mulieri
1611 1379 1917 1447 jucundum
1944 1388 2094 1434 esset

514 1471 662 1536 ideo,
688 1473 974 1540 quoniam,
1007 1484 1106 1539 pro
1141 1469 1404 1537 singulari
1435 1469 1620 1523 indole
1652 1485 1770 1533 sua,
1806 1471 1911 1524 alia
1946 1486 2096 1539 qum—

517 1577 738 1631 cunque
768 1562 1033 1615 imitando
1062 1561 1322 1614 facillime
1353 1563 1661 1630 exprimere
1691 1573 1926 1632 poterat.
1955 1565 2093 1618 Cum

516 1669 651 1708 vero
692 1662 954 1722 praeterea
999 1651 1250 1706 diabolus
1287 1654 1490 1707 animal
1547 1655 1652 1709 hoc
1687 1655 1923 1708 naturali
1955 1672 2096 1725 qua-

518 1745 643 1798 dam
673 1743 973 1813 sagacitate
1001 1741 1329 1795 instructum
1366 1743 1594 1807 videret,
1638 1745 1781 1797 idem
1812 1745 1884 1797 illi
1920 1745 2098 1798 maxi-

2191 553 2504 626 ζητήματος
2531 553 2632 625 τὴν
2659 554 2813 606 λύσιν
2843 551 2975 623 ἔχει.
3011 548 3183 612 Atio-:6;
3225 549 3334 619 γὰρ
3397 547 3426 599 ό
3472 545 3671 617 Κύριος
3702 547 3755 598 ὲν

2190 647 2547 716 Εὑαγγελίοις
2592 646 2828 710 ἐδίδαξεν
2868 645 3017 713 ἡμᾶς
3064 639 3274 695 εἰπών’
3332 657 3350 690 ι
3397 638 3636 699 Ἐκεῖνος
3669 635 3758 688 ἀπ’

2191 741 2364 811 ἀρχῆς
2421 739 2867 810 ἀνθρωποκτόνος
2922 735 3088 790 ἐστίν.
3131 755 3151 789 ι
3186 733 3297 788 Καὶ
3353 731 3462 802 γὰρ
3516 731 3634 799 ούχ,
3691 728 3761 790 ὡς

2193 833 2357 894 ἐνίοις
2388 829 2532 895 ἔδοξε
2555 869 2570 892 ,
2605 829 2697 882 τὸν
2741 827 2883 882 Κάῖν
2921 825 3136 896 μηνύει,
3187 825 3303 877 ἀλλ’
3357 824 3436 884 εἰς
3483 819 3645 873 αὐτὸν
3678 819 3763 870 τὸν

2194 922 2438 974 Σατανᾶν
2483 921 2582 990 τὴν
2627 919 2967 989 κατηγορίαν
3013 916 3298 985 ἀναφέρει.
3358 914 3418 966 Ὀ
3465 910 3577 982 γὰρ
3623 912 3762 977 δφις.

2193 1013 2424 1082 ὄργανον
2487 1011 2586 1082 μὲν
2645 1009 2741 1063 τοῦ
2791 1006 3041 1062 διαϐόλου
3095 1003 3472 1078 χρηματίζων,
3515 1001 3764 1070 οὐδεμίαν

2195 1101 2494 1174 παρέχεται
2527 1100 2764 1168 ἀπορίαν
2787 1139 2803 1162 ,
2838 1095 3141 1166 αὐτουργὸς
3186 1095 3244 1147 δὲ
3292 1094 3386 1146 καὶ
3444 1089 3766 1160 πρωταίτιος

2194 1195 2292 1265 τῆς
2321 1192 2538 1261 ἀπάτης
2568 1188 2822 1258 οὐδαμῶς
2860 1188 2924 1241 ἂν
2954 1186 3054 1256 ἔχῃ
3086 1182 3271 1254 χώραν
3296 1181 3646 1250 νομισθῆναι.
3673 1177 3764 1230 Διὰ

2195 1287 2355 1339 τοῦτο
2376 1285 2454 1347 δὲ,
2486 1285 2580 1336 καὶ
2605 1283 2728 1352 οὐχὶ
2754 1281 2822 1334 δι’
2847 1279 3012 1334 ἄλλον
3044 1276 3208 1342 ζῶον,
3256 1273 3526 1345 προσάγει
3551 1274 3579 1326 6
3605 1286 3765 1338 πονη-

2203 1377 2293 1448 ρὸς
2321 1378 2420 1446 τὴν
2448 1376 2664 1446 ἀπάτην
2690 1377 2756 1444 τῇ
2786 1371 2902 1443 Εὔα
2926 1412 2940 1434 ,
2971 1371 3054 1424 ὅτι
3081 1367 3476 1438 κεχαρισμένον
3517 1359 3588 1434 ἦν
3621 1361 3769 1414 τοῦτο

2197 1471 2258 1522 τὸ
2291 1467 2429 1533 ζῶον
2451 1469 2516 1538 τῇ
2553 1468 2797 1534 γυναικὶ,
2840 1463 2930 1516 διὰ
2951 1458 3048 1514 τοῦ
3077 1459 3175 1530 τὴν
3209 1457 3376 1527 ἄλλην
3411 1454 3643 1523 εύιρυῖαν
3683 1451 3770 1503 καὶ

2198 1561 2336 1631 πρὸς
2377 1560 2438 1613 τὸ
2488 1557 2831 1628 μιμήσασθαι
2880 1553 3106 1606 δυνατὸν
3152 1547 3245 1619 ἦν.
3272 1545 3482 1607 Ἀλλως
3509 1561 3570 1597 τε
3601 1544 3656 1596 δὲ
3684 1542 3769 1595 καί

2197 1670 2340 1716 τινος
2382 1651 2624 1721 ἐμφύτου
2660 1648 2888 1718 μετέχον
2931 1645 3091 1698 τοῦτο
3121 1643 3180 1696 τὸ
3212 1641 3349 1706 ζῶον
3380 1638 3527 1708 ὀρῶν
3575 1636 3770 1705 φρονή-

2203 1759 2342 1804 σεως
2367 1743 2396 1794 6
2423 1739 2666 1800 διάϐολος
2693 1780 2707 1804 ,
2755 1734 3061 1807 ἐπιτήδειον
3098 1732 3319 1801 ἐνόμισε
3369 1729 3507 1799 πρὸς
3536 1727 3636 1797 τὴν
3673 1725 3771 1776 ὑπ-

518 1851 610 1890 ]ηε
660 1836 840 1890 visum
899 1846 983 1890 est
1033 1835 1528 1896 accommodatum,
1577 1836 1737 1905 cujus
1785 1836 2092 1891 ministerio

2203 1834 2429 1905 ηρεσίαν
2461 1831 2609 1901 αὑτῴ
2631 1830 2733 1900 τῆς
2759 1827 2977 1895 ἀπάτης
3011 1821 3349 1895 χρηματίσαι
3389 1819 3645 1888 ὗργανον,
3680 1814 3769 1905 an

519 1929 586 1982 ad
638 1926 884 1983 fraudem
945 1927 1250 1984 faciendam
1311 1937 1596 1992 uteretur;
1655 1928 1910 1998 inprimis
1969 1944 2095 1983 cum

519 2018 667 2073 idem
727 2030 856 2074 tunc
885 2020 1106 2089 quidem
1138 2020 1382 2088 linguam
1429 2019 1652 2073 haberet
1679 2019 1747 2072 ad
1774 2019 1938 2074 verba
1968 2035 2099 2090 pro-

519 2108 748 2165 ferenda
806 2110 1080 2165 idoneam.
1134 2109 1354 2165 Interim
1421 2110 1682 2165 inell'abili
1740 2111 2100 2181 providentia

519 2201 753 2256 debetur
779 2201 943 2254 etiam
972 2201 1129 2265 illud,
1164 2201 1310 2272 quod
1330 2216 1556 2270 serpens
1579 2215 1740 2256 voces
1773 2202 2097 2258 articulatas

523 2291 766 2348 formare
796 2294 990 2362 potuit.
1035 2292 1174 2348 Cum
1205 2293 1351 2348 enim
1387 2292 1652 2347 Conditor
1686 2295 1933 2364 optimus
1969 2295 2098 2348 mali

525 2384 792 2438 daemonis
853 2383 1148 2438 consilium
1205 2384 1559 2454 perspiceret,
1625 2386 1896 2454 sciretque
1946 2399 2096 2449 eum,

518 2475 623 2529 nisi
664 2483 971 2544 serpentem
1001 2475 1214 2532 fraudis
1240 2491 1351 2531 sua:
1389 2477 1819 2532 instrumentum
1852 2477 2096 2543 haberet,

517 2565 835 2622 hominibus
858 2567 990 2638 ipsis
1011 2567 1076 2622 ad
1095 2577 1339 2623 mutuam
1363 2569 1446 2624 sui
1462 2568 1838 2639 deceptiouem
1866 2585 2098 2624 usurum

516 2674 660 2726 esse,
691 2671 1001 2731 serpentem
1031 2661 1330 2716 humanam
1384 2675 1569 2716 vorem
1623 2663 1874 2718 emittere
1903 2680 2100 2733 passus

517 2761 622 2815 est,
679 2769 747 2808 ne
804 2755 1072 2823 pernicies
1130 2755 1415 2810 hominum
1459 2773 1524 2810 ex
1594 2757 1726 2826 ipsis
1782 2759 2099 2814 hominibus

518 2858 859 2908 nasceretur,
896 2847 1136 2916 malique
1168 2847 1322 2917 origo
1357 2848 1426 2902 ab
1459 2849 1592 2918 ipsis
1643 2850 1908 2919 prodiret.
1943 2850 2098 2917 Quod

518 2937 563 2991 si
589 2937 734 2992 enim
785 2938 888 3007 ipsi
920 2949 1176 2994 auctores
1225 2940 1606 3009 persuasionis
1655 2941 1721 2996 ad
1761 2945 2098 3012 peccandum

517 3029 880 3095 exstitissent,
917 3031 1060 3086 idem
1091 3033 1199 3086 illis
1235 3049 1336 3087 usu
1368 3034 1630 3098 venisset,
1679 3036 1823 3105 quod
1859 3038 2098 3106 serpenti

518 3125 736 3189 accidit,
764 3126 839 3180 ita
892 3126 1135 3195 quidem,
1171 3136 1229 3181 ut
1271 3127 1390 3181 sine
1435 3128 1689 3183 instituto
1742 3145 1923 3184 causae
1971 3145 2101 3184 exa-

518 3218 689 3276 mine,
733 3215 798 3266 ad
850 3217 1156 3283 exempl-um
1229 3217 1522 3284 serpentis,
1587 3218 2096 3273 condemnatoriam

520 3309 846 3362 sententiam
909 3308 1271 3364 audivissent.
1308 3309 1497 3379 Itaque
1553 3311 1826 3364 sermonis
1871 3312 2096 3367 humani

517 3398 750 3454 facultas
783 3400 1019 3468 Serpenti
1050 3401 1404 3469 permittitur,
1438 3417 1508 3455 ne
1544 3401 1708 3456 homo
1735 3403 1861 3456 mali
1895 3413 2090 3457 auctor

519 3491 688 3546 fuisse
739 3490 1029 3545 videretur.
1070 3489 1146 3545 lta
1178 3491 1324 3546 enim
1373 3491 1518 3547 Deus
1572 3509 1734 3561 agere
1783 3497 2092 3560 consuevit,

517 3594 599 3638 ut.
632 3599 729 3653 per
759 3599 881 3651 quae
910 3582 1261 3638 adversarius
1308 3585 1482 3639 malas
1533 3595 1678 3640 artes
1708 3587 1954 3650 molitur,
1997 3603 2096 3657 per

516 3673 706 3728 eadem
737 3672 972 3741 pessima
999 3673 1119 3742 ejus
1153 3673 1385 3728 consilia
1414 3684 1619 3730 evertat
1640 3684 1694 3730 et
1726 3676 2022 3732 disturbet.

653 3783 976 3850 QUIESTIO
1002 3782 1250 3838 CCXCIX
1282 3782 1473 3856 [Coish
1513 3784 1699 3851 Tuan,
1745 3787 1958 3861 CXVI].

554 3876 697 3943 Quid
724 3879 836 3934 [nec
865 3877 1115 3947 valeant;
1158 3896 1176 3929 ‹
1209 3876 1452 3943 Domine,
1499 3895 1603 3934 non
1632 3893 1709 3935 est
1759 3883 2059 3938 exaltatum

1146 3965 1236 4003 σον
1264 3966 1454 4003 meum.
1469 3968 1487 4000 ι

2198 1903 2262 1996 δί,
2317 1923 2550 1994 μάλιστα
2591 1921 2684 1973 καὶ
2737 1917 2990 1987 γλῶσσαν
3023 1916 3264 1985 ῥήμασιν
3318 1903 3771 1978 ὑπηρετήσασθαι

2199 2018 2430 2088 λαχόντα
2455 2015 2576 2068 τότε
2601 2015 2694 2066 τὸν
2717 2012 2862 2082 ὅφιν.
2905 2008 3217 2079 Ἀφράστου
3244 2004 3300 2056 δὲ
3331 1999 3589 2073 προνοίας
3621 1997 3774 2065 ἔργον

2196 2106 2266 2182 ἣν
2297 2109 2392 2163 καὶ
2417 2108 2499 2170 τὸ,
2527 2107 2618 2160 τὸν
2642 2104 2768 2175 ὅφιν
2798 2101 2985 2172 φωνὰς
3035 2097 3338 2169 ἐνάρθρους
3368 2093 3610 2162 ἀφιέναι.
3658 2090 3774 2144 Ἑν-

2197 2201 2343 2274 ορῶν
2371 2200 2482 2270 γὰρ
2503 2200 2532 2251 6
2561 2199 2768 2266 πλάνης
2791 2196 2892 2257 τὰς
2920 2193 3014 2246 τοῦ
3041 2189 3280 2259 πονηροῦ
3310 2187 3522 2249 ἐννοίας
3543 2225 3558 2247 ,
3585 2183 3680 2236 καὶ
3707 2183 3776 2246 ὼς

2200 2299 2248 2350 εί
2281 2295 2356 2366 μὴ
2401 2295 2493 2348 τὸν
2540 2292 2664 2362 ὅφιν
2693 2291 2930 2359 ὄργανον
2959 2286 3059 2355 τῆς
3098 2283 3314 2351 ἀπάτης
3347 2280 3525 2343 λάϐοι,
3585 2275 3779 2338 αὐτοὺς

2201 2383 2444 2444 ἐκείνους
2479 2381 2604 2441 τοὺς
2637 2375 2962 2448 ἀνθρώπους
3015 2375 3095 2435 εἰς
3146 2372 3246 2442 τὴν
3296 2367 3508 2422 ἑαυτῶν
3560 2366 3777 2434 ἀπάτην

2203 2473 2607 2542 συλαγωγήσει,
2654 2470 2929 2539 συγχωρεί
2977 2466 3068 2520 τὸν
3095 2465 3218 2532 ὅφιν
3251 2461 3634 2532 ἀνθρωπίνους
3667 2476 3780 2526 φω-

2200 2569 2298 2630 νὰς
2324 2569 2596 2637 προϊέναι,
2615 2565 2704 2618 ἵνα
2737 2563 2810 2632 μὴ
2839 2561 2900 2626 ἐξ
2930 2559 3111 2614 αὐτῶν
3141 2558 3249 2610 τῶν
3283 2552 3591 2626 ἀνθρώπων
3618 2552 3652 2621 ἡ
3677 2550 3782 2602 τῶν

2202 2657 2507 2727 ἀνθρώπων
2534 2653 2682 2725 λύμη
2713 2651 3086 2722 ἐκϐλαστήσῃ,
3120 2648 3217 2701 καὶ
3246 2649 3278 2717 ἡ
3308 2643 3404 2697 τοῦ
3432 2641 3611 2696 κακοῦ
3638 2639 3782 2710 ἀρχὴ

2201 2749 2409 2801 ἐκεῖθεν
2434 2745 2532 2817 τὴν
2562 2743 2788 2815 πρόοδον
2815 2740 2991 2795 λάϐοι.
3018 2741 3080 2792 Εἰ
3111 2738 3221 2807 γάρ
3254 2735 3408 2789 αύτο1⁵
3435 2735 3535 2804 τῆς
3562 2733 3760 2800 εἰσηγή

2205 2859 2342 2904 σεως
2365 2839 2460 2894 τοῦ
2494 2836 2894 2908 ἁμαρτήματος
2921 2831 3326 2901 καθεστηκότες
3354 2827 3621 2897 ῶερθησαν
3648 2827 3786 2894 ἀρχ-

2200 2933 2366 3004 ηγοὶ,
2417 2932 2554 2999 ὅπερ
2600 2928 2668 2982 ἂν
2713 2928 2806 2980 ἐπὶ
2851 2924 2946 2978 τοῦ
2991 2924 3167 2994 ὄφεως
3217 2920 3492 2991 ἐπράχθη,
3543 2917 3644 2971 καὶ
3696 2913 3783 2966 ἐπ’

2204 3024 2428 3078 ἐκείνων
2454 3021 2522 3075 ἂν
2550 3018 2906 3088 διεφυλάχθη.
2940 3017 3051 3070 Καὶ
3081 3013 3190 3068 οὐδ’
3217 3011 3563 3081 ἀνακρίσεως
3591 3006 3787 3076 τυχόν-

2203 3135 2293 3180 τες
2324 3117 2413 3179 ἂν,
2449 3115 2640 3185 ῶσπερ
2669 3113 2779 3166 οὐδ’
2807 3115 2835 3165 6
2868 3111 3013 3178 ὄφις,
3042 3108 3140 3176 τὴν
3171 3101 3648 3166 καταδικάζουσαν
3676 3099 3789 3151 ἐδέ-

2204 3213 2364 3279 ξαντο
2388 3210 2596 3281 ψῆφον.
2633 3206 2799 3261 Ἀλλὰ
2827 3205 3246 3274 παραχωρεῖται
3273 3199 3352 3270 τῷ
3378 3199 3501 3267 ὄφει
3545 3198 3660 3248 τῶν
3699 3195 3790 3247 ἁν-

2204 3307 2439 3376 θρώπων
2466 3306 2494 3357 6
2517 3303 2696 3371 λόγος,
2733 3300 2822 3352 ἵνα
2856 3298 2930 3369 μὴ
2972 3298 3001 3350 6
3053 3293 3340 3366 ἄνθρωπος
3371 3289 3618 3360 ἀρχηγὸς
3649 3286 3789 3356 ὀφθῇ

2201 3397 2571 3468 γεγενημένος
2592 3398 2692 3465 τῆς
2716 3393 2940 3458 κακίας.
2966 3389 3224 3446 Τοιοῦτον
3255 3387 3365 3458 γὰρ
3388 3385 3450 3439 τὸ
3477 3385 3664 3437 Θεῖον.
3696 3381 3793 3447 Ἐξ

2201 3482 2276 3541 ῶν
2308 3488 2338 3540 6
2371 3485 2747 3554 ἀντικείμενος
2778 3484 2879 3554 τὴν
2919 3478 3282 3550 κακοτεχνίαν
3325 3477 3659 3536 ἐπινοεῖται,
3701 3472 3795 3524 διὰ

2198 3577 2404 3632 τούτων
2457 3577 2627 3631 αὐτοῦ
2674 3576 2746 3630 τὰ
2803 3574 3176 3646 μηχανήματα
3223 3568 3550 3640 περιτρέπει
3597 3580 3661 3617 τε
3695 3562 3796 3616 καὶ

2203 3669 2484 3724 καταλύει.

2706 3777 3046 3833 ararum
3098 3774 3258 3842 mea

2208 3873 2274 3928 Τί
2309 3874 2440 3928 ἐστι
2469 3914 2486 3938 ,
2533 3891 2554 3925 ι
2586 3872 2782 3941 Κύριε,
2819 3872 2932 3940 οὐχ
2970 3867 3180 3938 ὑψώθη
3225 3866 3264 3934 ή
3310 3863 3522 3932 καρδία
3551 3879 3675 3932 μου
3711 3876 3726 3889 ·
3769 3877 3789 3911 ι

1590 4063 1732 4114 Edita
1750 4079 1777 4114 a
1797 4067 1924 4117 Maio
1945 4069 2096 4127 (Nov.
2123 4071 2246 4124 Coll.
2275 4079 2310 4123 t.
2336 4074 2419 4135 IX,
2441 4089 2492 4138 p.
2518 4073 2650 4138 151).

586 4147 712 4203 llazc
753 4147 942 4211 verba,
999 4166 1020 4199 ι
1071 4148 1322 4213 Domine,
1365 4162 1473 4202 non
1518 4157 1605 4204 est
1640 4153 1938 4207 exaltatum
2001 4171 2098 4209 cor

513 4258 721 4306 meum,
756 4258 931 4312 neque
974 4242 1098 4297 elati
1133 4250 1263 4296 sunt
1293 4243 1436 4297 oculi
1465 4243 1592 4309 mei,
1619 4259 1793 4314 neque
1821 4247 2095 4302 ambulavi

2278 4159 2350 4213 T6
2375 4161 2451 4223 δὲ,
2487 4181 2505 4212 ι
2544 4159 2736 4232 Κύριε,
2793 4160 2894 4228 οὐχ
2928 4154 3116 4226 ὑψώθη
3169 4153 3203 4224 ἡ
3243 4151 3440 4222 καρδία
3480 4166 3608 4218 μου,
3667 4149 3799 4203 οὐδὲ

2207 4249 2684 4322 ἐμετεωρίσθησαν
2720 4251 2769 4304 οί
2807 4247 3080 4319 ὀφθαλμοί
3141 4263 3270 4316 μου,
3315 4243 3438 4297 οὐδὲ
3477 4243 3801 4313 ἐπορεύθην

515 4333 572 4388 in
595 4335 836 4402 magnis,
866 4348 1046 4402 neque
1073 4333 1126 4385 in
1159 4333 1504 4388 mirabilibus
1527 4350 1693 4399 super
1719 4351 1805 4391 me
1828 4339 1895 4400 ²¹,
1920 4356 1938 4388 ι
1973 4339 2090 4395 hmo

2200 4341 2248 4391 ὲν
2280 4339 2555 4408 μεγάλοις,
2575 4340 2695 4392 οὐδὲ
2721 4341 2778 4392 ὲν
2797 4337 3119 4408 θαυμασίοις
3162 4336 3303 4404 ὑπὲρ
3322 4333 3441 4403 ἐμὲ,
3474 4351 3493 4384 ι
3515 4332 3661 4402 τάχα
3695 4333 3803 4402 μὲν

516 4425 572 4477 in
612 4424 790 4494 ipsum
837 4422 1022 4477 forsan
1062 4422 1230 4477 David
1270 4423 1602 4480 conferenda
1643 4437 1792 4482 sum.
1827 4427 1930 4494 Qui
1963 4445 2088 4484 cum

516 4531 742 4586 regnum
771 4515 1002 4585 adeptus
1031 4524 1196 4581 esset,
1231 4516 1470 4584 plurima
1501 4517 1566 4572 de
1605 4518 1858 4575 hostibus
1890 4531 2093 4591 tropaea

516 4603 922 4672 constituisset,
980 4615 1250 4676 anteaque
1291 4621 1322 4660 e
1352 4616 1573 4677 pastore
1607 4624 1701 4664 rex
1746 4611 1944 4675 factus,
1996 4629 2093 4682 spe

514 4697 725 4768 majora
767 4707 1096 4753 consecutus
1117 4707 1281 4766 esset,
1313 4713 1435 4754 cum
1471 4699 1608 4754 iram
1637 4702 1902 4757 adversus
1925 4704 2095 4758 Nabal

516 4791 694 4862 palam
731 4793 1072 4847 exercuisset
1123 4791 1420 4846 irruentem
1455 4793 1567 4847 ﬁlio
1620 4809 1807 4849 necem
1841 4806 2094 4850 contem-

514 4867 719 4950 platus,
760 4883 934 4935 multa
969 4891 1228 4951 expertus
1258 4898 1286 4935 a
1315 4880 1454 4936 Joab
1490 4891 1546 4936 et
1571 4881 1750 4936 Semei
1778 4893 2094 4954 czeteraque

515 4974 570 5028 id
607 4989 780 5043 genus
825 4973 1032 5043 majore
1068 4974 1267 5044 dignus
1313 4975 1609 5029 miratione
1642 4975 1880 5041 videtur,
1940 4977 2089 5046 quod

513 5079 641 5117 cum
703 5065 869 5118 tantis
895 5074 947 5118 et
991 5065 1188 5119 talibus
1221 5065 1386 5120 rebus
1418 5073 1659 5121 tentatus
1693 5077 1860 5132 esset,
1897 5066 2094 5123 fractae

516 5171 627 5209 non
681 5164 810 5210 sunt
858 5156 977 5226 ejus
1033 5157 1205 5224 vires,
1263 5172 1383 5217 nec,
1409 5158 1662 5226 quamvis
1733 5175 1828 5229 spe
1883 5162 2095 5229 majora

519 5247 751 5316 adeptus
787 5249 1068 5312 intumuit,
1093 5251 1446 5304 autanimum
1468 5252 1680 5317 extulit,
1707 5261 1804 5306 aut
1830 5267 1948 5307 sese
1975 5254 2096 5321 plus

515 5341 940 5409 aequojactavit.
975 5341 1180 5395 Cuncta
1210 5343 1352 5396 enim
1368 5343 1433 5397 ad
1462 5360 1730 5398 summam
1747 5345 2096 5414 omnipoten-

517 5433 588 5486 tis
612 5435 903 5504 omniaque
931 5435 1166 5504 regentis
1193 5433 1281 5488 Dei
1311 5437 1606 5505 potentiam
1633 5437 1921 5504 referebat,
1945 5441 2095 5494 verbi

513 5524 683 5594 hujus
741 5541 1014 5594 nusquam
1067 5527 1396 5582 immemor:
1467 5547 1485 5579 ι
1520 5529 1632 5600 Ego
1678 5540 1859 5585 autem
1894 5532 2098 5587 vermis

514 5632 661 5680 sum,
693 5627 748 5672 et
775 5633 880 5671 non
915 5618 1104 5683 homo,
1133 5621 1417 5675 hominum
1447 5622 1682 5678 dedecus
1701 5633 1758 5678 et
1793 5625 1982 5695 populi
2002 5626 2097 5680 ab-

589 5796 636 5828 ⁸⁸
668 5795 824 5854 Joan.
857 5815 974 5865 vnt,
1014 5800 1102 5857 H.
1181 5804 1221 5835 "
1259 5800 1407 5858 Psal.
1431 5818 1595 5869 εχιτ,
1626 5803 1675 5869 1,
1701 5803 1756 5859 2.

2196 4431 2290 4484 καὶ
2323 4434 2402 4494 εἰς
2457 4431 2619 4484 αὐτὸν
2649 4430 2948 4500 ἑκληφθείη
3002 4430 3093 4483 τὸν
3139 4426 3322 4480 Δαδίδ.
3346 4425 3418 4477 Τὸ
3467 4426 3576 4492 γάρ
3634 4423 3804 4492 βασι-

2195 4523 2342 4576 λείαν
2368 4523 2466 4590 μὲν
2491 4522 2881 4593 περιεζῶσθαι,
2906 4521 3028 4574 κατ’
3055 4519 3264 4589 ἐχθρῶν
3283 4518 3341 4571 δὲ
3361 4516 3626 4578 πολλάκις
3657 4517 3798 4586 τρό-

2197 4631 2332 4667 παια
2360 4615 2685 4680 ἀναστῆσαι,
2719 4614 2814 4666 καὶ
2867 4612 2974 4681 πρὸ
3013 4611 3223 4664 τούτων
3264 4610 3373 4663 ἀπὸ
3417 4610 3683 4678 ποιμένος
3742 4612 3806 4660 ἐν

2199 4705 2491 4776 βασιλείοις
2522 4705 2851 4771 διαιτᾶσθαι,
2883 4705 2979 4758 καὶ
3030 4703 3293 4773 μειζόνων
3322 4703 3354 4771 ἢ
3408 4703 3532 4755 κατ’
3563 4701 3806 4762 ἐλπίδας

2197 4797 2501 4864 ἀξιοῦσθαι,
2525 4799 2620 4852 καὶ
2652 4797 2822 4868 ὀργὴν
2855 4796 3081 4867 ὕστερον
3113 4794 3258 4848 κατὰ
3309 4792 3402 4845 τοῦ
3444 4791 3638 4846 Νάϐαλ
3673 4793 3809 4843 ἐπι-

2196 4890 2737 4960 δεδεῖχθαι,θανάτου
2768 4905 2827 4941 τε
2856 4888 3154 4955 ἀπαίτησιν
3179 4885 3481 4954 ἐπισκῆψαι
3509 4884 3587 4953 τῷ
3611 4883 3806 4944 παιδὶ,

2197 4983 2349 5054 παρά
2377 4999 2436 5036 τε
2465 4981 2560 5034 τοῦ
2610 4981 2766 5034 ’ἰωὰϐ
2789 4982 2883 5034 καὶ
2917 4979 3012 5032 τοῦ
3041 4979 3242 5048 Σεμεεὶ
3288 4978 3497 5038 λαῆεῖν,
3532 4977 3633 5028 καὶ
3693 4977 3807 5027 ὅσα

2199 5071 2335 5124 ἄλλα
2372 5070 2624 5133 τοιαῦτα,
2671 5069 3122 5139 θαυμασιώτερον
3174 5069 3272 5138 μὲν
3303 5065 3600 5133 ἀποφαίνει
3658 5066 3811 5134 μᾶ).-

2197 5163 2290 5217 λον
2311 5163 2401 5215 τὸν
2434 5163 2597 5216 Δαόὶδ
2637 5164 2684 5214 εἰ
2713 5165 2769 5214 ἐν
2797 5148 3071 5224 τοσούτοίς
3088 5161 3182 5212 καὶ
3212 5158 3472 5220 τοιούτοις
3528 5156 3810 5220 ἐξεταζό-

2204 5273 2382 5326 μενος,
2424 5255 2483 5308 τὸ
2535 5256 2636 5324 τῆς
2689 5253 2871 5324 ψυχῆς
2909 5254 3010 5306 ούκ
3053 5251 3320 5322 ὲκλονήθη
3383 5249 3604 5317 πάγιον,
3669 5248 3808 5300 οὐδὲ

2204 5345 2535 5417 μειζόνωνῆ
2592 5345 2734 5398 κατὰ
2780 5344 2878 5408 τὰς
2921 5343 3144 5406 ἐλπίδας
3206 5339 3524 5410 ἀξιούμενος
3574 5338 3811 5409 ἐπῆρεν

2202 5436 2395 5490 ἑαυτοῦ
2425 5439 2522 5491 καὶ⁴
2545 5437 2877 5509 ὑπερύψωσε
2905 5435 3003 5506 τὴν
3042 5433 3293 5505 καρδίαν,
3333 5433 3514 5503 μεῖζον
3549 5431 3583 5503 ἢ
3616 5449 3810 5499 προσ-

2201 5530 2305 5597 ῇκε
2354 5527 2424 5580 τὰ
2465 5528 2588 5581 καθ’
2629 5528 2820 5582 ἑαυτὸν
2887 5527 3335 5596 φανταζόμενος
3389 5524 3504 5577 ἀλλ’
3548 5525 3637 5586 εἰς
3697 5522 3813 5590 τὴν

2204 5620 2619 5692 παντοκράτορα
2662 5621 2756 5676 καὶ
2817 5618 3178 5691 κυριεύουσαν
3232 5617 3341 5672 τῶν
3391 5618 3529 5672 ὅλων
3565 5615 3814 5670 ἅπαντα
