3930 6218
186 452 322 516 11ἶῖῖῖ

1078 460 1180 519 AD
1219 461 1812 522 AMPIIILOCIIIUM
1850 463 2194 535 QUIESTIO
2230 459 2524 523 CCXCIX.

3323 457 3344 519 1
3365 455 3458 518 τςτι

183 568 367 638 φέρων
406 565 576 620 ἐτίθει
611 565 898 639 Πρόνοιαν,
936 569 1177 641 οὐδαμοῦ
1227 573 1401 644 λήθην
1469 573 1765 645 λαμϐάνων
1801 627 1806 637 ,

1910 577 2038 632 actio
2062 577 2131 629 η.
2165 595 2182 626 ι
2223 574 2280 629 Si
2314 575 2438 644 quis
2485 573 2644 627 aliter
2678 572 2796 626 btec
2835 572 3008 627 verba
3051 572 3458 640 interpretetur,

183 657 300 723 τοῦ,
331 676 348 708 ι
386 657 530 726 Ἐγὼ
561 658 617 711 δέ
641 662 758 730 εξμι
792 659 1010 731 σκώληξ
1042 665 1136 715 καὶ
1165 664 1265 716 οὐκ
1291 664 1598 738 ἄνθρωπος,
1627 666 1772 719 ὄνει-

183 752 273 814 δος
326 753 632 823 ἀνθρώπων
692 755 787 807 καὶ
840 755 1179 826 ὲξυυθένημα
1215 757 1371 814 λαοῦ.
1414 779 1432 810 ›
1471 759 1532 812 EE
1583 760 1640 815 δέ
1689 779 1775 826 τις

188 845 364 898 ἐθέλοι
402 847 462 898 τὸ
506 847 799 915 εἰρημένον
852 849 1106 903 ἐκλαϐεῖν
1157 853 1250 903 καὶ
1269 853 1356 919 ἐφ’
1402 852 1591 924 ἐτέρου
1627 856 1776 918 τινὸς

188 937 288 1005 τὴν
338 939 744 1008 ταπεινόφρονα
790 940 992 1012 ἀρετὴν
1035 942 1468 1012 κατορθωκὸτος,
1499 946 1593 997 καὶ
1633 942 1776 1000 εἶναι

188 1027 350 1080 τοῦτο
374 1028 562 1098 ῶσπερ
600 1030 803 1100 στήλην
833 1031 926 1083 καὶ
979 1029 1306 1106 ὑπογραφὴν
1341 1035 1534 1105 ἀνδρὸς
1558 1035 1624 1090 ἂν
1645 1038 1781 1106 φρό-

191 1138 257 1188 νη
269 1138 344 1189 μα
376 1125 840 1195 τεταπεινωμένον
874 1127 970 1182 καὶ
1004 1129 1462 1198 συντετριμμένον
1493 1129 1776 1202 φέροντος,

194 1209 306 1262 οὐδ’
339 1203 494 1275 οὗτος
516 1212 582 1265 ἂν
606 1214 689 1283 εῖη
721 1216 817 1269 τοῦ
849 1218 1388 1290 εῖκὸτωςφερόμενος
1415 1221 1520 1288 ἔξω
1553 1240 1566 1254 ο
1597 1241 1784 1276 ταπει-

195 1303 506 1376 νοφροσύνῃ
533 1306 577 1357 δ’
612 1306 726 1369 οὖν,
748 1308 824 1372 ὼς
853 1310 970 1364 ἔστι
1014 1311 1350 1382 πολλαχόθεν
1384 1312 1590 1379 λαϐεῖν,
1615 1315 1710 1367 καὶ
1755 1317 1784 1368 6

201 1394 378 1462 μέγας
421 1398 762 1469 ἐκεκόσμητο
797 1401 982 1456 Δαϐίδ.
1047 1404 1244 1467 Ἐνίοις
1288 1404 1345 1458 δὲ
1378 1407 1474 1458 καὶ
1522 1408 1601 1470 εἰς
1655 1407 1785 1476 ὃλην

199 1484 296 1554 τὴν
327 1485 675 1561 ἀνθρωπίνην
688 1491 849 1557 φύσιν
871 1492 1049 1558 ἔδοξεν
1078 1493 1479 1566 ἐναρμόζεσθαι
1508 1497 1569 1549 τὸ
1598 1499 1782 1568 ῥητόν.

200 1576 353 1649 Δῦτη
389 1581 518 1652 γὰρ,
550 1584 704 1654 φησὶ,
747 1585 835 1639 διὰ
862 1586 958 1657 τὴν
1002 1586 1291 1640 ἀσθένειαν
1334 1589 1431 1660 τῆς
1461 1591 1661 1661 σαρκὸς
1693 1591 1789 1644 καὶ⁹

201 1667 312 1721 τῶν
340 1673 468 1745 περὶ
496 1673 554 1726 τὸ
583 1674 743 1744 σῶμα
785 1678 1070 1749 φυομένων
1102 1697 1162 1732 τε
1185 1681 1280 1731 καὶ
1296 1680 1788 1752 ἀναστρεφομένων

202 1761 419 1825 παθῶν,
486 1765 596 1817 οὐδ’
649 1767 832 1820 ὅντινα
881 1768 1076 1840 καιρὸν
1139 1770 1519 1824 ἀνατείνεσθαι
1574 1789 1633 1824 τε
1697 1776 1790 1824 καὶ

202 1853 537 1922 ἁνυψοῦσθαι
555 1857 694 1929 ὑπὲρ
715 1858 914 1929 ἑαυτὴν
939 1860 1186 1924 δύναται,
1203 1861 1368 1914 οἱονεὶ
1382 1861 1457 1932 τῷ
1473 1862 1628 1934 βάρει
1655 1862 1790 1916 καθ-

1878 683 2053 738 eaque
2089 664 2290 722 referat
2311 666 2378 719 ad
2419 665 2565 718 hunc
2592 662 2770 717 virum
2813 662 3111 718 humilitati
3157 665 3460 729 subditum,

1877 761 1924 814 si
1960 759 2109 813 dicat
2137 758 2341 826 scripta
2371 766 2423 810 et
2449 757 2590 810 edita
2641 771 2764 809 esse
2794 757 2864 810 ab
2899 770 2966 810 eo
3019 770 3118 810 cor
3149 757 3448 812 contritum

1878 862 1931 906 et
1969 850 2321 905 humiliatum
2375 857 2624 918 gerente,
2677 850 2766 902 hic
2814 865 3036 918 quoque
3092 864 3124 902 a
3184 859 3332 904 recta
3372 850 3459 902 via

1882 960 1991 997 non
2043 942 2385 996 abhorreret.
2418 938 2666 1010 Namque
2720 941 3052 1008 humilitate,
3095 950 3154 996 ut
3211 940 3398 995 tnttltis
3428 957 3460 995 e

1882 1035 2019 1089 locis
2061 1032 2360 1103 colligitur,
2411 1048 2645 1102 magnus
2694 1041 2924 1087 ornatus
2962 1041 3050 1088 est
3101 1033 3290 1088 David.
3337 1034 3464 1090 Haec

1885 1124 2157 1181 sententia
2185 1123 2439 1193 pluribus
2470 1123 2634 1177 etiam
2668 1123 2788 1177 visa
2814 1132 2899 1178 est
2934 1123 3232 1178 humanam
3265 1124 3332 1178 ad
3359 1139 3463 1178 na-

1887 1228 2064 1272 turam
2098 1226 2367 1286 spectare.
2402 1214 2523 1270 llzcc
2554 1215 2720 1280 enim,
2742 1216 3019 1286 inquiunt,
3046 1225 3268 1286 propter
3284 1217 3470 1272 carnis

1887 1310 2260 1365 inﬁrmitatem
2349 1322 2650 1378 omnesque
2703 1307 2924 1363 dolores
2977 1308 3073 1378 qui
3129 1309 3183 1362 in
3237 1323 3478 1378 corpore

1889 1407 2188 1476 gignuntur
2240 1413 2292 1457 et
2337 1401 2588 1456 incidunt
2646 1401 2867 1472 proprio
2933 1403 3176 1472 pondere
3243 1410 3469 1472 gravata

1889 1509 1996 1545 non
2030 1508 2095 1546 ea-
2148 1501 2230 1546 est
2264 1506 2384 1562 qua:
2455 1490 2540 1544 vel
2601 1489 2668 1543 ad
2703 1490 2981 1544 modicum
3037 1507 3208 1560 supra
3234 1492 3472 1558 seipsatn

1889 1584 2021 1654 erigi
2061 1595 2114 1640 et
2145 1585 2316 1638 attolli
2359 1593 2540 1654 queat.
2594 1583 2802 1638 Etenim
2857 1597 3002 1638 nunc
3069 1583 3152 1638 his
3187 1599 3334 1637 nunc
3369 1584 3476 1637 illis

1891 1687 2140 1741 onerata,
2181 1693 2283 1732 nec
2340 1693 2583 1746 unquam
2625 1677 2939 1730 turbatione
2995 1685 3050 1730 et
3110 1676 3475 1746 oppressione

1895 1771 2144 1836 liberata,
2194 1769 2327 1823 nihil
2365 1784 2622 1838 magnum
2654 1768 2721 1822 de
2769 1783 2828 1821 se
2867 1769 3179 1834 excogitat;
3238 1766 3332 1820 sed
3387 1781 3478 1819 se~

1896 1867 2092 1933 ipsam,
2128 1863 2270 1916 haud
2300 1863 2576 1916 immerito
2637 1861 2881 1931 quidem,
2913 1860 3047 1912 nihil
3104 1869 3300 1928 praeter
3349 1858 3475 1927 pul-

204 1944 514 2017 ελκομένη·
551 1951 646 2002 καὶ
701 1951 832 2003 ποτὲ
887 1953 987 2022 μὲν
1034 1951 1231 2021 τούτῳ,
1285 1953 1418 2006 ποτὲ
1468 1955 1525 2008 δὲ
1597 1955 1790 2027 ἐκείνῳ

1910 1976 2075 2014 verem
2111 1968 2165 2014 et
2213 1961 2456 2014 cinerem
2494 1973 2616 2013 esse
2641 1958 2926 2012 existimat
2959 1965 3013 2009 et
3047 1955 3330 2022 indignam
3361 1970 3488 2023 qua:-

206 2037 572 2112 βαρυνομένη,
606 2043 698 2096 καὶ
729 2043 996 2114 μηδέποτε
1026 2045 1243 2117 καθαρὰ
1273 2046 1365 2098 τοῦ
1394 2047 1790 2117 διενοχλοῦντός

203 2147 262 2183 τε
321 2135 416 2185 καὶ
487 2133 764 2202 βιάζοντος
813 2138 1366 2208 καθεστηκυῖα,μηδὲ
1396 2142 1494 2202 τὰς
1528 2142 1791 2211 μεγίστας

202 2239 262 2274 τε
295 2223 533 2294 καὶπερὶ
562 2227 732 2296 αὐτῆς
747 2228 1160 2295 ἀναλογίζεσθαι
1177 2229 1508 2301 δεδυνημένη
1549 2232 1754 2294 ἐννοίας
1772 2248 1787 2261 ο

205 2314 343 2368 ἀλλὰ
375 2316 557 2379 καλῶς
601 2334 664 2385 γε
703 2318 954 2384 ποιοῦσα,
981 2321 1085 2390 γῆν
1125 2338 1186 2373 τε
1224 2321 1396 2392 αὐτὴν
1451 2323 1544 2376 καὶ
1594 2323 1789 2377 σποδὸν

207 2409 444 2475 ἡγεῖται,
476 2409 570 2461 καὶ
585 2410 920 2482 ἀναξίαντῆς
951 2413 1092 2484 ὑπὲρ
1117 2413 1404 2485 ἄνθρωπον
1438 2415 1757 2481 ἀναϐάσεως
1777 2432 1790 2446 ·

210 2498 298 2552 ἵνα
325 2501 399 2570 μὴ
421 2501 804 2569 μεταλαϐοῦσα
837 2504 933 2557 τοῦ
967 2505 1126 2570 ξύλου
1174 2507 1358 2575 ἐφέσει
1394 2507 1669 2579 θεότητος,
1703 2510 1798 2562 καὶ

208 2592 386 2662 αὐτῆς
414 2593 513 2663 τῆς
545 2596 866 2668 πρεπούσης
904 2601 1040 2670 αὐτῇ
1073 2600 1166 2654 καὶ
1205 2601 1652 2672 ὲναρμοζομένης
1694 2602 1800 2655 πά-

210 2685 296 2738 λιν
325 2685 530 2751 τάξεως
561 2692 860 2763 κατενεχθῇ
901 2707 914 2720 ·
957 2692 1206 2746 ἐντεῦθεν
1227 2693 1282 2746 δὲ
1313 2695 1439 2764 ύψοῖ
1480 2697 1578 2766 τὴν
1621 2697 1802 2768 ψυχὴν

1893 2069 2056 2123 supra
2082 2052 2360 2107 hominem
2397 2058 2668 2119 assurgat.
2703 2047 2819 2113 Qua
2852 2047 2907 2100 in
2933 2046 3204 2101 sententia
3237 2060 3483 2110 commo-

1891 2153 2063 2206 ratur,
2097 2157 2186 2204 ne,
2239 2140 2511 2210 particeps
2569 2139 2752 2193 crucis
2788 2137 2950 2204 facta,
3010 2136 3312 2204 sitiensque
3362 2134 3482 2188 dei—

1893 2235 2041 2298 tatis,
2077 2231 2296 2288 recedat
2321 2232 2388 2286 ab
2414 2231 2516 2286 ista
2552 2231 2678 2284 vita:
2712 2233 2924 2285 ratione
2945 2245 3066 2299 quae
3101 2230 3277 2299 ipsam
3306 2227 3482 2286 decet,

1889 2325 2128 2396 buicque
2181 2323 2652 2379 accommodatur.
2720 2323 2870 2378 Crux
2901 2331 3084 2376 autem
3143 2322 3195 2374 in
3253 2319 3488 2373 sublime

1895 2417 2004 2471 fert
2025 2417 2262 2470 animam
2303 2423 2357 2470 et
2391 2414 2681 2484 proprium
2713 2415 2896 2468 cibum
2928 2415 2978 2467 ei
3017 2413 3242 2482 prrebct,
3269 2423 3321 2465 et
3362 2411 3486 2465 illas

1902 2509 2260 2580 cogitationes
2277 2523 2398 2578 quae
2414 2507 2580 2561 simul
2598 2517 2760 2577 atque
2780 2522 2979 2576 corpus
3001 2505 3071 2558 ali
3099 2519 3207 2558 non
3233 2511 3486 2572 possunt.

1905 2601 2152 2671 Namque
2202 2601 2307 2656 hoc
2340 2602 2593 2668 verbum,
2629 2610 2690 2653 ut
2741 2600 2834 2670 qui
2888 2615 2918 2654 a
2945 2598 3084 2654 lacte
3109 2597 3376 2667 depulsus
3409 2604 3492 2650 est

1907 2698 1974 2749 ad
1999 2706 2230 2747 matrem
2260 2709 2418 2748 suam
2459 2733 2475 2748 .
2506 2735 2520 2748 .
2560 2735 2572 2747 .
2612 2734 2624 2746 .
2661 2732 2676 2746 .

211 2778 310 2830 καὶ
329 2779 517 2848 τρέφει
540 2779 640 2851 τὴν
673 2782 858 2851 ἡδεῖαν
907 2784 1136 2855 τροφὴν,
1169 2786 1386 2850 ἐκείνας
1440 2790 1538 2852 τὰς
1587 2790 1800 2853 ἐννοίας
1833 2789 1898 2852 ἂς
1930 2787 2071 2858 μετὰ
2110 2779 2202 2839 τοῦ
2234 2786 2487 2857 σώματος
2514 2786 2791 2858 τραφῆναι
2812 2785 2873 2838 οὐ
2931 2785 3196 2839 δύναται·
3263 2782 3358 2836 καὶ
3385 2781 3492 2852 γὰρ

212 2870 310 2934 τὸ,
339 2889 358 2922 ι
406 2871 496 2935 Ὠς
525 2871 584 2926 τὸ
635 2873 1255 2947 ἀπογεγαλακτισμένον
1291 2880 1384 2934 ἐπὶ
1439 2881 1538 2952 τὴν
1594 2877 1809 2952 μητέρα
1843 2881 2080 2936 αὑτοῦ...
2124 2899 2143 2931 ι

287 2963 378 3034 Τῷ
434 2965 614 3034 μέντοι
652 2969 732 3030 εἰς
757 2969 848 3020 τὸν
877 2968 1083 3040 Κύριον
1109 2971 1265 3041 ήμῶν
1307 2973 1520 3043 Ἰησοῦν
1566 2976 1804 3046 Χριστὸν

219 3057 585 3129 μεταφέροντι
646 3060 745 3131 τὴν
788 3063 1110 3133 ἑρμηνείαν,
1142 3065 1236 3120 καὶ
1277 3069 1621 3138 προφητείαν
1663 3065 1807 3123 εἶναι

214 3151 309 3204 τὸν
353 3153 567 3206 ἐκείνου
598 3153 712 3224 βίον
765 3156 858 3209 καὶ
887 3158 1150 3228 τρόπαιον
1195 3159 1619 3230 ὑπογράφουσαν
1647 3161 1808 3228 δόξαν

217 3247 553 3316 ποιουμένῳ,
580 3246 701 3300 οὐδὲ
741 3248 903 3302 τοῦτο
943 3249 1010 3303 ἂν
1061 3252 1272 3320 γένοιτο
1318 3257 1432 3318 τοῖς
1479 3255 1809 3326 δευτερείοις

1974 2971 2078 3040 Qui
2111 2971 2177 3026 ad
2214 2970 2509 3026 Dominum
2549 2982 2804 3027 nostrum
2847 2972 3037 3026 .lesum
3092 2972 3370 3027 Christum
3409 2973 3495 3026 in-

1908 3065 2349 3136 terpretationem
2386 3064 2951 3134 confert,,babetque
3011 3066 3176 3119 vitam
3227 3067 3347 3134 ejus
3371 3083 3499 3136 pro-

1905 3157 2149 3226 pbetiant
2201 3172 2308 3224 qua
2346 3163 2608 3223 tropaeum
2661 3156 2979 3210 inscribitur
3023 3156 3090 3210 iis
3114 3157 3207 3224 qui
3245 3158 3498 3212 0001³11-

1907 3253 2030 3303 dem
2081 3249 2410 3313 retribuunt,
2462 3263 2569 3301 non
2624 3248 2669 3300 is
2729 3263 2834 3302 non
2878 3249 3182 3302 secundum
3232 3249 3500 3304 obtinebit

218 3337 634 3408 ἐναριθμεῖσθαι
663 3339 772 3394 τῶν
799 3341 976 3410 ὀρθῶς
1001 3345 1132 3413 περὶ
1154 3345 1255 3413 τῆς
1295 3347 1508 3415 ρήσεως
1540 3350 1806 3421 τεθεωρη-

1932 3341 2111 3394 locum
2160 3340 2301 3392 inter
2335 3356 2430 3394 eos
2459 3339 2554 3407 qui
2585 3338 2686 3392 bac
2711 3338 2778 3392 de
2811 3339 3080 3392 sententia
3116 3349 3260 3394 recte
3291 3340 3501 3408 cogita-

217 3428 418 3481 κότων·
450 3429 638 3500 ὥσπερ
653 3433 760 3504 γὰρ
781 3433 888 3499 τὸ,ι
906 3435 1144 3506 Ὠρυξαν
1165 3438 1356 3509 χεῖράς
1391 3458 1492 3510 μου
1527 3443 1620 3494 καὶ
1639 3443 1806 3506 πόδας

223 3536 384 3591 μου,›
412 3522 579 3575 Δασὶδ
603 3523 703 3594 μὲν
753 3525 922 3594 λέγει,
952 3528 1031 3591 εἰς
1061 3529 1297 3599 Χριστὸν
1334 3530 1390 3582 δὲ
1420 3531 1602 3601 ἐξέϐη,
1637 3533 1809 3598 οὕτως

219 3615 322 3668 καὶ
337 3617 396 3669 τὸ
412 3615 750 3689 εἰρημένον,‹
773 3618 997 3672 ’Ἑθεντό
1017 3637 1084 3690 με
1105 3624 1161 3674 ἐν
1180 3621 1367 3692 λάκκῳ
1385 3625 1700 3696 κατωτάτω,
1717 3627 1810 3679 καὶ

220 3708 603 3779 διεμερίσαντο
629 3709 698 3762 τὰ
736 3711 926 3780 ἱμάτιά
958 3730 1118 3782 μου,›
1156 3715 1250 3767 καὶ
1279 3716 1452 3786 μυρία
1473 3715 1628 3770 ἄλλαο
1655 3717 1812 3772 τοῦτο

223 3799 284 3852 δὲ
309 3801 402 3852 καὶ
445 3801 475 3853 6
536 3801 749 3865 Παῦλος
789 3804 1051 3874 συνορῶν,
1088 3806 1516 3876 αἰχμαλωτίζειν
1558 3813 1814 3880 παραινεῖ

224 3891 338 3944 πᾶν
375 3891 552 3962 νόημα
580 3894 661 3956 εἰς
683 3893 782 3964 τὴν
813 3894 1062 3966 ὑπακοὴν
1101 3897 1195 3950 τοῦ
1247 3899 1488 3971 Χριστοῦ
1514 3918 1528 3932 ο
1580 3903 1676 3955 καὶ
1705 3901 1814 3973 γὰρ

223 3979 337 4032 οὐδ’
382 3981 569 4054 ὑψώθη
598 3984 832 4052 Χριστὸς
881 3987 908 4038 6
955 3986 1088 4050 Θεὸς
1123 3988 1282 4058 ἡμῶν
1339 3991 1368 4043 6
1421 3989 1562 4061 ὑπὲρ
1614 3995 1816 4057 παντὸς

226 4070 401 4141 ὕψους
422 4073 519 4126 καὶ
551 4073 730 4145 πάσης
758 4076 1032 4148 ὑπεροχῆς
1045 4079 1235 4145 τελῶν,
1261 4081 1382 4133 οῦδὲ
1407 4083 1812 4155 ἐμετεωρίσθη·

227 4167 434 4235 μᾶλλον
479 4167 537 4220 δὲ
571 4168 632 4220 τὸ
685 4169 1042 4224 ἀποστολικον
1092 4174 1301 4224 εἰπεῖν·
1341 4176 1484 4246 «Οὐχ
1520 4177 1819 4247 ἁρπαγμὸν

227 4258 480 4328 ἡγήσατο
503 4257 564 4310 τὺ
593 4253 735 4311 εἶναι
765 4259 857 4313 ἶσα
886 4261 1026 4332 Θεῷ,
1055 4262 1173 4316 ἀλλ’
1196 4264 1388 4317 ἑαυτὸν
1407 4266 1643 4319 ἐκένωσε
1689 4283 1821 4338 μορ-

229 4351 342 4421 φὴν
373 4351 560 4404 δούλου
586 4351 791 4415 λαϐὼν,
820 4355 915 4406 καὶ
947 4356 1189 4424 σχήματι
1221 4357 1470 4427 εὑρεθεὶς
1504 4358 1579 4422 ὡς
1610 4359 1821 4429 ἄνθρω-

232 4461 356 4506 πος,
390 4445 759 4498 ἐταπείνωσεν
788 4446 977 4500 ἑαυτὸν
1012 4449 1445 4520 μέχριθανάτου·
1472 4471 1490 4502 ι
1527 4455 1623 4506 καὶ
1656 4455 1822 4518 αὐτὸς

230 4537 290 4588 δὲ
320 4538 525 4599 ἐκεῖνος
553 4537 694 4589 κατὰ
711 4539 902 4608 καιρὸν
923 4539 1019 4592 τοῦ
1043 4541 1248 4604 πάθους
1269 4544 1484 4612 φησίνί
1509 4545 1821 4617 Ἠδυνάμην

235 4628 621 4697 παρακαλέσαι
659 4629 751 4682 τὸν
792 4629 1012 4701 Πατέρα
1051 4649 1174 4702 μου,
1216 4634 1309 4686 καὶ
1363 4634 1679 4706 παρέστησέ
1731 4654 1822 4707 μοι

1913 3441 2130 3488 verunt.
2173 3449 2192 3483 ι
2253 3433 2321 3487 Ut
2357 3433 2502 3486 enim
2546 3431 2802 3486 foderunt
2836 3449 3032 3486 manus
3079 3448 3228 3485 meas
3251 3445 3302 3486 et
3340 3433 3520 3502 pedes.

1913 3542 2064 3581 meos
2085 3527 2149 3592 ³³,
2209 3546 2228 3576 )
2284 3526 2417 3581 dicit
2467 3525 2660 3590 David,
2691 3525 2974 3579 Christum
3025 3534 3253 3594 spectat,
3287 3527 3368 3580 sic
3401 3526 3504 3578 hoc

1913 3622 2140 3686 dictum,
2173 3618 2579 3674 descenderunt
2613 3635 2698 3673 me
2730 3621 2781 3672 itt
2833 3619 3024 3671 inﬁma
3070 3618 3238 3682 fessa,
3272 3631 3335 3671 et.
3359 3636 3377 3667 ι
3416 3616 3504 3670 Di—

1913 3713 2159 3767 viserunt
2188 3712 2296 3767 sibi
2329 3713 2653 3766 vestimenta
2686 3725 2804 3763 mea
2836 3709 2881 3738 "
2921 3727 2938 3760 ι
2985 3716 3040 3762 et
3069 3718 3327 3762 sexcenta
3359 3708 3502 3771 alia;

1915 3803 2058 3872 quod
2095 3814 2149 3856 et
2182 3803 2295 3872 ipse
2339 3801 2595 3870 intelligit
2637 3798 2860 3854 Paulus.
2907 3796 3136 3853 Omnem
3190 3813 3409 3850 sensum
3439 3797 3507 3851 ad

1917 3895 2194 3949 Christum
2258 3895 2518 3958 referens,
2589 3908 2826 3961 namque
2853 3907 2918 3944 ne
2953 3891 3128 3944 elatus
3161 3889 3378 3956 quidem
3410 3888 3512 3941 fuit

1918 3988 2173 4043 Christus
2209 3986 2350 4043 Deus
2379 3997 2566 4041 noster
2604 3987 2694 4056 qui
2725 4001 2887 4054 super
2916 3998 3134 4036 onmem
3161 3982 3508 4036 altitudinem

1920 4092 1975 4134 et
2003 4079 2359 4134 eminentiam
2389 4087 2784 4142 commoratur,
2823 4091 2922 4129 nec
2951 4077 3002 4128 in
3027 4075 3262 4129 sublime
3294 4087 3522 4128 erectus.

1925 4171 2044 4226 fuit.
2075 4169 2167 4224 Vel
2220 4171 2402 4240 potius
2440 4169 2802 4240 apostolicum
2857 4167 3088 4221 verbum
3134 4165 3513 4234 hujuscemodi

1923 4273 2008 4318 est
2041 4281 2054 4317 :
2096 4283 2114 4314 ι
2154 4261 2270 4316 Non
2308 4261 2553 4330 rapinam
2616 4261 2917 4313 arbitratus
2966 4267 3052 4312 est
3087 4273 3210 4310 esse
3241 4273 3297 4310 se
3325 4271 3512 4324 acqua-

1927 4354 2033 4410 lem
2067 4353 2203 4420 Deo,
2231 4355 2324 4408 sed
2361 4353 2716 4422 semetipsum
2748 4351 3074 4411 exiuanivit,
3108 4350 3338 4402 formam
3371 4349 3515 4402 servi

1926 4448 2221 4517 accipiens,
2252 4447 2306 4500 itt
2360 4445 2775 4500 similitudinem
2812 4443 3092 4497 hominum
3116 4441 3313 4506 factus,
3339 4453 3392 4496 et
3423 4442 3518 4494 ltu-

1928 4540 2159 4594 miliarit
2217 4539 2572 4608 semetipsqu
2627 4552 2801 4607 usque
2852 4537 2920 4589 ad
2971 4535 3281 4589 mortem“.
3325 4553 3342 4585 ι
3402 4532 3517 4602 Ipse

1929 4635 2092 4688 etiam
2127 4633 2192 4687 ad
2223 4633 2492 4701 passionis
2519 4639 2733 4700 tempus
2762 4630 2904 4684 dixit
2939 4647 2953 4684 :
3004 4647 3024 4680 ι
3066 4611 3286 4682 Possem
3321 4642 3517 4696 rogare

236 4719 490 4780 πλείονας
523 4719 560 4790 ἢ
587 4717 794 4773 δώδεκα
825 4721 1101 4789 λεγεῶνας
1139 4724 1440 4792 ἀγγέλωνί
1469 4725 1608 4792 ἀλλ’,
1640 4725 1702 4778 οὗ
1733 4745 1800 4798 μο

1932 4723 2144 4778 Patrem
2185 4738 2391 4785 meum,
2429 4731 2482 4776 et
2529 4721 2816 4775 exhiberet
2848 4719 2983 4773 mihi
3033 4719 3194 4772 modo
3228 4718 3516 4787 plusquam

237 4808 456 4880 γνώμη,
501 4815 564 4863 τὸ
603 4811 891 4880 ύψοῦσθαι,
925 4814 1154 4883 μέγεθος
1193 4816 1250 4868 δὲ
1304 4818 1400 4869 καὶ
1451 4817 1825 4888 θαυμασιὸτης

239 4896 385 4966 ὑπὲρ
407 4897 567 4951 αὑτὸν
595 4897 720 4951 οὔτε
755 4897 824 4970 ἦν
861 4898 985 4953 οὔτε
1007 4901 1310 4970 ὑπενοεῖτο,
1339 4903 1463 4957 οὔτε
1509 4907 1673 4970 αὐτὸς
1708 4907 1828 4961 οὐδὲ

239 4990 562 5061 ἐπεστράφη
588 4993 716 5044 ποτὲ
736 4993 1166 5066 ὑπερενεχθῆναι
1191 4997 1388 5066 τούτῳ.
1429 4997 1494 5052 Τί
1519 4998 1632 5070 γὰρ
1655 4998 1722 5053 ἂν
1743 5001 1828 5070 εῖη

241 5083 749 5156 θαυμασιώτερονῆ
787 5086 973 5156 μεῖζον
1002 5086 1103 5156 τῆς
1139 5089 1280 5160 ὑπὲρ
1321 5091 1428 5144 πᾶν
1463 5091 1695 5161 μέγεθος
1735 5092 1830 5145 καὶ

240 5174 464 5245 ἀξίωμα
513 5177 955 5248 ὐπεριδρυμένης
993 5179 1212 5248 φύσεως
1259 5179 1481 5251 θεῖκῆςς
1533 5182 1672 5252 πλὴν
1713 5183 1830 5238 ἀλλ’

241 5270 367 5323 οὐδὲ
384 5269 459 5334 ῶς
475 5271 570 5324 ἄνθ
579 5288 762 5340 ρωπος
777 5274 892 5330 τοῖς
910 5273 1054 5326 κατὰ
1065 5273 1135 5327 τέι
1152 5274 1406 5344 περίγεια
1422 5275 1516 5329 καὶ
1538 5276 1637 5346 τὴν
1654 5276 1834 5348 σάρκα

247 5363 496 5435 μεγάλην
524 5363 686 5428 δόξαν
716 5367 812 5419 καὶ
841 5367 1004 5434 δγκον
1040 5368 1338 5438 περιϐεὗλη
1349 5370 1532 5436 μένοις
1565 5371 1686 5423 οὐδὲ
1711 5371 1836 5423 τού-

244 5473 362 5520 τοις
384 5457 754 5526 συνημιλλᾶτο
771 5457 866 5510 καὶ
887 5458 1300 5527 συνεπορεύετοο
1323 5459 1594 5530 μᾶλλονδὲ
1612 5462 1837 5514 τούναν-

247 5548 365 5600 τίον
391 5549 537 5602 ἆπαν
560 5549 1030 5621 ταπεινοφροσύνῃ
1046 5551 1141 5603 καλ⁴
1165 5552 1481 5622 μετριότητι
1505 5553 1622 5604 ὅλον
1646 5554 1838 5606 ἑαυτὸν

248 5641 626 5713 ι’ἒιερῤύθμιζεο
647 5641 728 5695 διὸ
747 5643 878 5695 καὶό
897 5645 1204 5714 προφήτης
1230 5662 1247 5695 ι
1270 5646 1464 5716 Χαῖρε,
1490 5647 1643 5715 φησὶ,
1671 5645 1841 5714 θύγα-

251 5752 352 5807 τερ
377 5733 514 5788 Σιών
538 5751 553 5766 ·
585 5755 602 5786 ι
632 5736 724 5790 καὶ
749 5735 848 5806 τῆς
874 5738 1052 5801 αἰτίας
1083 5739 1116 5808 ἡ
1147 5737 1314 5809 χαρὰ,
1341 5759 1359 5791 ‹
1397 5739 1525 5792 Ὅτι
1552 5741 1726 5810 πρᾶος
1747 5741 1842 5794 καὶ

333 5947 377 5976 ³³
413 5942 562 5999 Psal.
591 5961 706 6012 XXI,
737 5946 795 6002 7.

869 5945 913 5976 ’³
943 5943 1090 6000 Psal.
1129 5959 1248 6009 χχι,
1279 5943 1361 5998 ιτ.
1439 5943 1482 5974 ³³
1517 5943 1649 5999 ibid.
1690 5943 1771 6002 ιθ.

1829 5946 1895 6021 ,πα
1928 5943 2128 6014 Philip.
2161 5957 2220 6011 ιι,
2257 5943 2311 6009 6,
2341 5941 2397 6012 τ,
2420 5942 2475 5996 8.

1927 4815 2216 4872 duodecim
2255 4815 2497 4886 legiones
2528 4814 2846 4884 angelorum
2868 4813 2960 4878 ’5‘;
3001 4831 3019 4862 ι
3055 4812 3174 4876 sed,
3202 4824 3260 4865 ut
3298 4813 3515 4879 opinor,

1928 4907 2181 4969 altitudo,
2240 4905 2559 4974 magnitudo
2616 4913 2670 4958 et
2727 4902 3015 4957 admiratio
3059 4901 3112 4954 in
3148 4901 3370 4954 Christo
3419 4915 3521 4952 nee

1929 5010 2106 5062 erant,
2139 5013 2240 5052 nec
2265 4997 2731 5066 suspiciebantur.
2774 4992 2884 5049 Nec
2915 4995 3032 5063 ipse
3070 4991 3324 5062 quaesivit
3380 5006 3520 5060 quo-

1933 5091 2097 5142 modo
2151 5087 2368 5142 caeteris
2422 5087 2795 5141 antecelleret.
2838 5085 2978 5151 Quid
3013 5085 3162 5138 enim
3208 5081 3520 5136 mirabilius

1932 5180 2220 5251 velmajus
2276 5187 2422 5235 esset
2476 5195 2644 5249 quam
2704 5187 2900 5232 natura
2947 5177 3131 5230 divina
3185 5189 3310 5245 qua:
3351 5191 3518 5244 super

1932 5289 2152 5329 omnem
2209 5273 2642 5341 magnitudinem
2689 5279 2744 5324 et
2793 5269 3141 5338 majestatem
3188 5266 3525 5321 collocatur?

1936 5367 2207 5422 Praeterea
2262 5364 2521 5420 Christus
2570 5379 2658 5428 ne,
2704 5372 2763 5418 ut
2806 5363 2970 5416 homo
3015 5361 3261 5431 quidem,
3293 5376 3417 5415 cuin
3445 5359 3524 5411 eis

1935 5457 2050 5526 qui,
2088 5458 2135 5512 si
2177 5457 2241 5510 ad
2273 5467 2489 5510 terrena
2526 5465 2579 5509 et
2615 5471 2878 5523 corporea
2907 5465 3140 5524 spectes,
3177 5453 3350 5506 multo
3379 5452 3552 5505 fastu,

1941 5550 2378 5614 circumdantur,
2464 5549 2850 5610 contendebat,
2917 5555 3011 5601 aut
3071 5544 3522 5600 cunversabatur.

1942 5641 2058 5698 lmo
2092 5659 2222 5699 vero
2256 5659 2315 5697 se
2346 5651 2516 5697 totum
2553 5643 2606 5696 in
2657 5641 2966 5695 humilitate
2997 5646 3053 5694 et
3081 5637 3348 5692 modestia
3376 5653 3528 5691 eont-

1945 5737 2200 5807 puttebat.
2230 5737 2410 5803 Quare
2434 5736 2733 5806 pr0pltcta:
2765 5732 3043 5800 «Exsulta,
3078 5729 3188 5786 [illa
3216 5727 3374 5796 Sion;
3403 5745 3543 5783 nam.-

2552 5941 2638 5995 ‘25‘
2674 5940 2816 5996 ibid.
