3930 6218
462 390 602 457 1135

1617 403 1878 465 ΡΗΟΤΙΙ
1909 404 2413 468 ΡΛΤΒΙΑΒΕΙ-ΙίΕ
2440 408 2550 469 CP.

3588 409 3721 475 1136

454 518 622 558 causa
645 510 731 557 est
754 501 850 557 tibi
872 503 1078 574 gaudii,
1111 506 1368 577 quoniam
1393 508 1611 580 quietus
1633 520 1688 565 et
1727 522 2042 568 mansuetus
2070 575 2073 583 Α

2160 515 2346 586 ἥσυχος
2372 516 2496 587 ἥκει
2527 532 2609 569 σοι
2650 514 2679 567 ὁ
2702 513 2989 585 βασιλεύς·
3020 534 3041 568 ι
3075 518 3137 571 τὸ
3162 517 3243 583 δὲ,
3278 518 3720 590 ἀπογεγαλακτι-

455 595 605 650 venit
630 594 698 648 ad
725 602 778 650 te
810 610 904 650 rex
930 595 996 651 “.
1029 614 1048 648 ι
1096 596 1209 654 Hoc
1247 600 1473 654 verbum
1503 615 1533 653 a
1565 599 1704 655 lacte
1739 602 2030 671 depulsum

2160 607 2355 677 rpévov,
2381 605 2749 678 ἐναρμοσθείη
2782 606 2850 660 ἂν
2874 608 2991 670 τοῖς
3011 607 3347 679 εἰρημένοις,
3373 610 3455 663 ὅτι
3486 612 3585 664 καὶ
3625 613 3719 683 τὴν

454 701 583 741 cum
631 686 717 742 his
745 686 886 743 forte
930 698 1276 760 congrueret,
1311 692 1441 760 quia
1475 691 1715 745 animam
1750 708 1913 763 quam
1946 709 2035 749 as-

455 789 769 850 sumpserat
806 779 874 835 ad
927 781 1207 851 antiquam
1238 792 1293 837 et
1320 780 1658 851 primitivam
1707 783 2033 855 dignitatem

453 870 696 937 reduxit,
746 872 892 943 quod
925 873 1064 928 idem
1092 883 1177 928 est
1226 888 1293 929 ac
1316 874 1456 929 lacte
1487 876 1779 946 depulsum
1813 878 1880 933 ad
1917 893 2035 933 ma-

463 971 604 1018 trem
652 980 831 1020 suam.
881 965 938 1021 Si
973 966 1101 1035 quis
1146 977 1329 1022 autem
1365 969 1695 1039 intelligeret
1752 972 2031 1027 Christum

450 1070 741 1132 postquam
766 1071 933 1132 utque
957 1061 1120 1126 Deus,
1153 1072 1324 1134 utque
1353 1066 1518 1121 homo
1542 1070 2035 1125 commorationem

453 1168 612 1207 suam
660 1152 802 1207 inter
847 1154 1099 1211 homines
1138 1157 1369 1227 peregit,
1417 1172 1611 1212 rursus
1654 1159 1721 1213 ad
1748 1168 2036 1230 paternum

451 1245 719 1313 gremium
760 1261 827 1300 ex
857 1261 969 1315 quo
1016 1264 1274 1317 egressus
1318 1259 1437 1304 erat
1475 1266 1755 1306 reversum
1798 1268 1944 1319 esse,
1989 1252 2038 1309 is

451 1350 672 1406 quoque
695 1337 1013 1393 verisimilia
1048 1340 1373 1408 conjiceret.
1400 1341 1656 1414 Namque
1691 1345 1820 1400 illuc
1854 1360 2043 1399 recur-

452 1441 600 1493 rens,
642 1435 698 1483 et
741 1439 969 1499 accepto
1022 1446 1188 1501 super
1230 1434 1417 1489 omnia
1458 1435 1689 1504 judicio,
1737 1451 1930 1491 omnes
1985 1436 2041 1490 in

450 1519 807 1591 semetipsum
856 1520 1203 1592 justiﬁcavit,
1254 1525 1398 1595 quod
1455 1541 1524 1581 ex
1554 1527 1641 1583 his
1689 1527 1875 1583 verbis
1910 1542 2044 1583 con-

452 1618 563 1666 stat
599 1628 616 1666 :
655 1630 675 1664 t
710 1612 988 1669 Restitues
1018 1615 1085 1669 ad
1120 1616 1360 1671 animam
1386 1632 1589 1673 meam.
1623 1636 1645 1671 t

628 1722 961 1793 QUESTIO
997 1728 1126 1784 CCC
1168 1727 1363 1802 [σοιτί.
1418 1730 1586 1786 Taur.
1634 1729 1846 1805 CXIII].

487 1815 599 1873 Cur
620 1819 679 1874 in
709 1820 836 1875 rubo
872 1836 965 1874 nec
996 1824 1052 1875 in
1084 1822 1433 1947 aligeﬁqnta
1480 1823 1655 1895 Moysi
1703 1822 2011 1894 apparuerit

2072 1867 2122 1928 B

2133 698 2311 769 ψυχὴν
2339 699 2407 770 ἢν
2453 699 2823 771 προσείληφεν
2864 699 2962 753 ἐπὶ
3007 699 3070 753 τὸ
3119 702 3348 771 ἀρχαῖον
3400 704 3573 775 αὐτὴν
3628 706 3724 758 καὶ

2133 791 2459 863 προγονικὸν
2493 792 2845 864 ἐπανήγαγεν
2873 793 3092 863 ἀξίωμα
3125 807 3140 823 ⁸
3176 794 3338 847 τοῦτο
3372 796 3482 867 γάρ
3521 798 3589 850 ἂν
3636 797 3723 868 εἴη

2133 884 2217 949 τὸ,
2252 901 2272 936 t
2294 884 2382 946 Ὠς
2400 883 2461 936 τὸ
2488 884 3103 955 ἀπογεγαλακτισμένον
3128 886 3221 939 ἐπὶ
3239 888 3338 957 τὴν
3371 889 3587 961 μητέρα
3623 891 3721 943 αὑ-

2135 971 2229 1025 τοῦ
2258 989 2272 1002 ·
2296 990 2315 1024 ι
2354 973 2402 1026 εἰ
2430 972 2486 1026 δέ
2522 989 2609 1036 τις
2652 972 2827 1026 ἐθέλοι
2876 976 3019 1027 νοεῖν
3057 975 3141 1028 ὅτι
3174 976 3271 1028 καὶ
3305 976 3405 1042 τὴν
3432 981 3572 1048 μετά
3616 979 3725 1031 τῶν

2137 1063 2445 1136 ἀνθρώπων
2480 1066 2831 1137 ἀναστροφὴν
2862 1066 3185 1138 θεοπρεπῶς
3198 1085 3260 1120 τε
3314 1070 3410 1122 καὶ
3438 1070 3727 1140 ἀνθρωπο-

2139 1155 2367 1226 πρεπῶς
2393 1157 2619 1221 τελέσας
2666 1159 2831 1212 πάλιν
2874 1158 2969 1211 ἐπὶ
3011 1159 3137 1221 τοὺς
3158 1161 3477 1229 πατρικοὺς,
3502 1155 3581 1215 ὧν
3626 1162 3726 1215 οὑκ

2138 1249 2612 1320 ἐξέστη,κόλπους
2638 1249 2932 1319 ἐπανῆλθε,
2972 1252 3067 1304 καὶ
3108 1245 3265 1316 οὗτος
3319 1252 3385 1306 ἂν
3422 1254 3493 1305 τά
3538 1253 3728 1307 είκότα

2140 1341 2299 1410 ἐρεί’
2353 1341 2449 1393 καὶ
2495 1340 2605 1409 γὰρ
2661 1341 2843 1393 ἐκεῖσε
2896 1341 3224 1411 ἀναδραμὼν
3288 1342 3383 1397 καὶ
3435 1342 3538 1414 τὴν
3584 1343 3729 1415 ὑπὲρ

2106 1477 2116 1487 .
2141 1432 2361 1485 πάντων
2386 1431 2566 1504 κρίσιν
2594 1431 2908 1503 δεξάμενος,
2938 1433 3226 1486 ἐδικαίωσε
3257 1434 3469 1498 πάντας
3500 1436 3562 1488 ἐν
3593 1437 3722 1489 tau.

2143 1522 2244 1595 τῷ,
2267 1524 2407 1594 ὅπερ
2445 1523 2786 1596 ὑποδηλώσει
2816 1524 2883 1579 ἂν
2913 1525 3009 1579 καὶ
3040 1524 3125 1590 τὸ,
3155 1543 3175 1577 t
3197 1525 3287 1589 Ὠς
3322 1526 3729 1592 ἀνταποδώσεις

2143 1615 2237 1667 ἐπὶ
2272 1614 2374 1687 τὴν
2390 1613 2574 1686 ψυχήν
2594 1632 2720 1686 μου.
2748 1634 2767 1667 t

2707 1728 3039 1782 ΕΡΩΤΗΣΙΣ
3082 1731 3163 1786 T'.

2149 1819 2311 1873 Διατί
2333 1819 2403 1873 ἐν
2420 1818 2589 1885 βάτῳ
2619 1819 2717 1892 καὶ
2743 1822 2855 1892 οὐκ
2874 1821 2945 1874 ἐν
2971 1822 3152 1890 ἑτέρῳ
3181 1821 3349 1892 φυτῷ
3370 1821 3451 1890 τῷ
3483 1821 3732 1878 Μωῦσεῖ

2646 1890 2968 1945 ὀπτὰνεται
2984 1895 3017 1947 ὀ
3046 1890 3193 1960 Θεόςί
3203 1910 3226 1959 ;

1346 2004 1492 2055 Edita
1520 2019 1549 2055 a
1570 2004 1695 2055 Maio
1719 2006 1777 2068 (l.
1803 2019 1847 2056 c.
1870 2003 2172 2068 p.152-l5l,
2189 2016 2241 2066 q.
2263 2001 2396 2064 309).
2422 2028 2483 2039 --
2503 2002 2661 2052 Exod.
2685 2016 2753 2065 tu,
2780 2003 2831 2052 2.

526 2087 725 2145 Multas
758 2089 830 2145 ob
855 2105 1089 2157 causas;
1124 2100 1181 2145 at
1212 2090 1538 2163 priusquam
1568 2093 1917 2147 excutiamus
1936 2108 2045 2161 qua

456 2181 526 2237 de
551 2196 719 2237 causa
773 2182 1113 2251 apparuerit,
1150 2183 1333 2239 dicere
1369 2182 1589 2253 expedit
1624 2185 1726 2239 tria
1775 2183 1877 2238 hoc
1901 2199 2048 2256 sym-

460 2274 648 2329 bolum
684 2273 1021 2344 signiﬁcare.
1061 2272 1161 2329 Vel
1193 2285 1252 2329 ut
1280 2275 1451 2332 rubus
1478 2276 1729 2342 ardebat,
1760 2292 1862 2331 nec
1894 2291 2047 2332 com-

460 2365 784 2431 burebatnr,
832 2367 912 2422 sic
954 2365 1121 2421 Israel
1170 2367 1472 2422 obnoxium
1518 2367 1799 2437 periculis,
1851 2367 2045 2437 poenis,

461 2458 807 2528 ﬂammisque
866 2458 1105 2514 miseriae
1136 2461 1340 2530 quibus
1369 2476 1493 2515 eum
1523 2460 1747 2515 servitio
1772 2460 2048 2529 objectum

460 2550 698 2623 JEgyptii
726 2553 1020 2613 vexabant,
1050 2552 1165 2607 sola
1194 2552 1286 2608 Dei
1312 2551 1503 2607 dextra
1533 2568 1563 2607 e
1602 2563 1777 2608 morte
1800 2561 1854 2607 et
1883 2553 2051 2607 exitio

462 2655 714 2715 ereptum
764 2646 956 2701 fuisse.
982 2644 1081 2699 Vel
1119 2645 1289 2699 Deum
1326 2644 1590 2711 Verbum,
1622 2646 1803 2700 Patris
1840 2646 2049 2710 lumen,

464 2738 877 2807 incorporeum,
910 2737 1222 2792 divinitatis
1273 2739 1451 2808 ignem
1490 2738 1733 2794 terrestri
1764 2747 1818 2793 et
1848 2753 2053 2807 corpo-

463 2843 562 2883 reo
593 2825 830 2898 Virginis
890 2828 1015 2882 sinu
1082 2827 1326 2890 fulsisse,
1392 2828 1944 2898 inconsumptamque
2000 2835 2055 2881 ct

464 2922 729 2977 intactam
768 2918 1040 2989 Virginem
1092 2935 1215 2990 qua:
1254 2928 1580 2990 conceperat
1628 2921 1955 2976 servavisse.
1997 2918 2054 2973 Si

465 3012 644 3069 mavis
692 3013 809 3083 ipse
864 3011 1176 3068 Divinitatis
1228 3014 1369 3084 ignis
1406 3013 1661 3068 humana:
1704 3013 2057 3069 consociatus

467 3114 705 3170 natura},
742 3105 889 3159 illam
934 3105 1155 3175 quidem
1191 3105 1502 3168 mundabit.
1538 3106 1915 3167 consecrabit,
1946 3120 2056 3159 non

471 3205 656 3252 autem
710 3198 1018 3261 comburet,
1055 3213 1155 3253 nec
1184 3198 1403 3254 delebit.
1438 3198 1922 3254 Verumenitnvero
1944 3200 2058 3254 haec

2220 2090 2319 2142 Διά
2339 2088 2538 2149 πολλὰς
2582 2087 2797 2150 αἰτίαςο
2849 2087 3125 2159 μᾶλλονδὲ
3156 2088 3262 2161 πρὸ
3290 2086 3387 2142 τοῦ
3432 2086 3735 2142 ἀποδοῦναι

2147 2180 2250 2244 τὰς
2270 2180 2410 2233 διατί
2442 2179 2598 2248 ὤφθη
2632 2180 2835 2245 αἰτίας,
2870 2180 3096 2250 ἄμεινον
3126 2182 3302 2235 εἰπεῖν
3333 2181 3416 2234 ὅτι
3457 2180 3587 2252 τρία
3611 2179 3737 2232 τινά

2148 2271 2210 2325 τὸ
2263 2270 2533 2343 σύμϐολον
2585 2271 2815 2341 μηνύει·
2856 2272 2889 2343 ἢ
2935 2272 3019 2326 ὅτι
3061 2272 3250 2343 ὥσπερ
3294 2273 3330 2343 ή
3378 2272 3540 2344 βάτος
3596 2270 3737 2343 πυρὶ

2150 2367 2623 2437 περιελαμϐάνετο
2674 2367 2797 2437 μὲν,
2837 2368 2897 2421 οὑ
2928 2368 3247 2422 κατεκαίετο
3286 2367 3365 2431 δέ,
3396 2366 3534 2421 οὖτα.
3578 2367 3678 2420 καὶ
3709 2369 3739 2419 ὀ

2163 2459 2381 2530 Ἰσραὴλ
2401 2458 2619 2522 ἔκδοτος
2647 2461 2761 2522 τοῖς
2788 2462 3117 2531 πειρασμοῖς
3140 2460 3235 2513 καὶ
3280 2462 3403 2522 ταῖς
3439 2459 3737 2530 τιμωρίαις

2152 2553 2246 2605 καὶ
2264 2554 2329 2623 τῇ
2370 2551 2530 2622 φλογὶ
2548 2554 2646 2621 τῆς
2670 2552 3046 2624 ταλαιπωρίας
3102 2554 3170 2624 ἢν
3220 2555 3406 2617 αὑτοῖς
3442 2553 3494 2606 οἱ
3533 2553 3742 2622 αἰχμα-

2154 2643 2523 2708 λωτεύσαντες
2558 2644 2825 2714 ὑφῆπτον,
2850 2646 2987 2717 μόνῃ
3006 2645 3061 2699 δὲ
3078 2648 3144 2716 τῇ
3165 2644 3260 2699 τοῦ
3288 2644 3425 2699 Θεοῦ
3458 2644 3612 2715 δεξιᾷ
3640 2642 3740 2697 τοῦ

2156 2734 2231 2806 μὴ
2281 2735 2599 2789 διολωλέναι
2644 2736 2739 2789 καὶ
2793 2736 3248 2807 ἀποτεφρωθῆναι
3296 2736 3739 2805 διετηρήθησαν·

2153 2826 2188 2896 ἦ
2226 2826 2356 2879 ὅτιὸ
2387 2824 2519 2888 Θεὸς
2547 2825 2721 2893 Λόγος
2749 2826 2811 2878 τὸ
2832 2826 2946 2894 φῶς
2985 2827 3046 2879 τὸ
3075 2828 3346 2897 πατρικὸν
3379 2827 3547 2879 καὶτὸ
3570 2827 3744 2879 ἀῦλον

2154 2920 2255 2989 τῆς
2286 2919 2554 2990 Θεότητος
2585 2918 2697 2990 πῦρ
2731 2920 2790 2972 ἐν
2835 2922 2901 2990 τῇ
2932 2921 3111 2990 γεηρᾷ
3157 2937 3215 2973 τε
3272 2920 3365 2972 καὶ
3406 2919 3603 2972 ὑλώδει
3638 2918 3743 2988 τῆς

2156 3010 2437 3083 Παρθένου
2469 3012 2655 3081 μήτρᾳ
2705 3011 3144 3081 περιαστράψαν,
3177 3008 3592 3077 ἀκατάφλεκτον
3646 3010 3747 3059 καὶ

2155 3105 2418 3174 ἀπήμονα
2471 3102 2729 3156 διασώσει
2785 3103 2883 3174 τὴν
2929 3101 3233 3172 δεξαμένην
3289 3100 3463 3153 αὑτό’
3506 3099 3557 3152 εί
3611 3097 3747 3169 βούσ-

2156 3194 2239 3246 λει
2299 3194 2357 3247 δὲ
2432 3194 2493 3247 τὸ
2555 3194 2687 3247 αὑτὸ
2740 3194 2841 3263 τῆς
2900 3193 3154 3263 θεότητος
3233 3191 3343 3262 πῦρ
3400 3194 3467 3263 τῇ
3526 3191 3750 3263 ἀνθρω-

471 3285 596 3340 rubi
659 3286 919 3356 mysterio
970 3288 1408 3358 praetigurantur,
1453 3288 1755 3358 rubusque,
1813 3303 1913 3342 nec
1946 3288 2055 3343 alia

2160 3284 2290 3356 πίνῃ
2341 3284 2753 3356 προσομιλῆσαν
2809 3284 3016 3354 φύσει,
3066 3280 3422 3353 πυρακτώσει
3480 3283 3582 3353 μὲν
3648 3284 3750 3334 καὶ

472 3375 661 3445 planta
708 3375 1000 3447 subjicitur
1043 3376 1176 3447 igni.
1230 3376 1394 3432 Forte
1437 3377 1698 3446 quoniam
1742 3377 1797 3431 in
1838 3378 2055 3434 deserto

2161 3374 2495 3446 θεοποιήσει,
2517 3374 2579 3428 οὑ
2630 3372 2959 3443 καταφλέξει
2995 3372 3053 3427 δὲ
3084 3372 3181 3426 καὶ
3230 3370 3547 3441 ἐξαφανίσει
3570 3389 3583 3400 ·
3607 3372 3750 3426 ἀλλὰ

436 3486 441 3493 ί
480 3467 628 3521 nulla
681 3466 789 3521 alia
828 3466 1011 3537 planta
1056 3467 1417 3537 gignebatur;
1451 3466 1536 3522 vel
1571 3467 1760 3529 etiam,
1796 3477 1856 3523 ut
1888 3468 2060 3524 disca-

480 3575 602 3615 mus
630 3559 807 3630 ignem
860 3560 1107 3615 divinum
1143 3574 1268 3617 cum
1295 3567 1543 3614 naturam
1581 3560 1873 3614 humanam
1909 3577 2061 3615 com-

480 3654 805 3719 plecteretur
830 3670 952 3725 qua:
971 3663 1192 3725 peccata
1221 3669 1321 3710 sua
1345 3663 1405 3709 ut
1433 3654 1625 3725 spinas
1649 3653 1885 3724 projicit,
1912 3653 2062 3723 illam

479 3743 871 3809 inﬂatmnasse,
914 3761 1020 3801 non
1055 3756 1238 3801 autem
1266 3747 1694 3817 consumpsisse.
1728 3746 1832 3800 Sed
1873 3745 2062 3815 spinas

480 3840 888 3895 eireuunlantes
973 3843 1252 3895 exussisse
1295 3856 1359 3895 ac
1396 3839 1684 3896 delevisse.
1715 3838 1813 3895 Vel
1839 3840 1896 3895 si.
1913 3840 2063 3895 aliud

483 3944 536 3988 te
562 3935 737 4003 juvat,
786 3933 843 3987 in
900 3934 1041 3988 rubo
1080 3934 1184 3987 isto
1212 3942 1471 4001 apparent
1497 3933 1772 4003 pleraeque
1797 3931 2061 4002 gentium,

484 4025 712 4095 abiectis
764 4025 833 4081 de
889 4026 1001 4081 Deo
1056 4025 1418 4094 opinionibus
1463 4033 1747 4092 correpte,
1798 4032 1853 4078 et
1905 4025 2063 4095 quasi

488 4119 762 4175 atheismo
807 4120 1069 4185 obsessze,
1101 4118 1312 4173 semina
1350 4127 1702 4187 peccatorum
1754 4130 1939 4171 secum
1980 4117 2064 4171 l‘e-

486 4222 691 4277 rcntes,
721 4211 1192 4282 putrefactamque
1217 4213 1269 4263 in
1290 4210 1460 4265 Deum
1482 4210 1913 4274 venerationem,
1940 4226 2062 4281 qua:

487 4304 764 4360 debebant
800 4304 976 4360 sancti
1012 4302 1249 4373 Spiritus
1280 4304 1515 4358 adventu
1544 4313 1598 4357 et
1628 4303 2071 4358 manifestatione

488 4394 734 4463 accendi,
761 4404 816 4451 et
844 4395 1072 4464 spinoso
1127 4394 1219 4448 illo
1265 4395 1587 4464 ingratoque
1663 4409 1853 4449 errore
1909 4410 2071 4447 mun-

491 4488 633 4551 dari,
661 4486 913 4557 ignisque
972 4485 1141 4540 divini
1173 4484 1356 4539 radios
1381 4486 1651 4554 accipere.
1690 4504 1707 4537 ι
1746 4484 1884 4554 Ipse,
1910 4491 2073 4554 prout

2160 3470 2431 3539 προτυποῖ
2471 3468 2569 3538 μὲν
2596 3466 2656 3521 τὸ
2689 3466 2783 3519 ἐπὶ
2826 3468 2927 3535 τῆς
2956 3463 3120 3535 βάτου
3158 3464 3458 3535 μυστήριον
3493 3463 3627 3524 tam;
3678 3462 3751 3515 ἂν

2159 3561 2230 3614 τά
2268 3559 2524 3613 τοιαῦτα·
2553 3559 2649 3612 καὶ
2705 3560 2738 3629 ἡ
2770 3557 2932 3626 βάτος
2965 3558 3022 3610 δὲ
3070 3554 3434 3610 ὑποϐάλλεται
3487 3553 3567 3623 τῷ
3610 3553 3755 3623 πυρὶ

2161 3653 2258 3708 καὶ
2315 3652 2438 3722 οὐχὶ
2467 3651 2636 3720 φυτὸν
2684 3650 2871 3721 ἕτερον
2908 3664 2923 3678 ·
2958 3648 3101 3719 τάχα
3152 3647 3252 3718 μὲν
3285 3648 3478 3718 ὅτιπερ
3518 3645 3627 3698 οὐδ’
3678 3639 3754 3713 ἦν

2163 3746 2349 3817 ἐτέρου
2378 3745 2527 3809 τινὸς
2555 3744 2589 3814 ή
2620 3742 2829 3813 ἕρημος
2872 3740 3025 3812 παρά
3058 3740 3218 3794 τοῦτο
3242 3740 3412 3810 φυτοῦ
3462 3736 3757 3809 καρποφό-

2167 3857 2259 3913 ρος
2281 3855 2297 3871 ο
2332 3838 2412 3892 ἐτι
2440 3837 2497 3890 δὲ
2547 3836 2643 3890 καὶ
2688 3836 2777 3888 ἵνα
2812 3834 3096 3905 μάθωμεν,
3126 3833 3203 3896 ὡς
3256 3832 3358 3903 τὴν
3396 3830 3756 3901 ἀνθρωπίνην

2166 3932 2330 4001 φύσιν
2361 3929 2422 3982 τὸ
2445 3928 2545 3998 τῆς
2582 3927 2838 3996 θεότητος
2869 3924 3176 3995 ’περιλαϐὸν
3227 3922 3362 3994 πῦρ,
3391 3920 3553 3975 οἱονεί
3594 3937 3758 3983 τινας

2166 4023 2411 4086 ἀκάνθας
2435 4021 2535 4085 τὰς
2559 4020 2838 4092 ἁμαρτίας
2879 4016 3357 4089 προϐεϐλημένην,
3386 4014 3594 4086 ταύτην
3648 4013 3763 4082 μὲν

2140 4115 2473 4185 ἐφλόγιζεν,
2503 4114 2564 4167 οὑ
2594 4113 2851 4166 κατέκαιε
2881 4109 2940 4163 δέ
2965 4125 2981 4141 ⁸
3013 4108 3113 4171 τὰς
3131 4109 3189 4162 δὲ
3216 4108 3347 4177 περὶ
3370 4107 3548 4176 αὐτὴν
3578 4106 3764 4158 ἀκάν-

2170 4208 2270 4272 θας
2323 4207 2585 4261 κατέκαιε
2638 4206 2734 4258 καὶ
2774 4202 3081 4273 διέφθειρεν
3119 4217 3135 4232 ·
3173 4202 3223 4254 εί
3290 4199 3470 4270 βούλει
3506 4198 3598 4258 δὲ,
3655 4196 3767 4251 καὶ

2171 4301 2402 4369 ἐπείπερ
2433 4300 2503 4353 τὰ
2545 4298 2727 4369 πλήθη
2745 4297 2853 4351 τῶν
2887 4295 3056 4350 ἐθνῶν
3082 4296 3206 4355 ταῖς
3229 4292 3597 4363 χαμιπετέσι
3625 4308 3696 4342 πε
3708 4290 3766 4361 pi.

2172 4391 2309 4446 Θεοῦ
2345 4390 2627 4463 συρόμενα
2650 4386 2935 4450 διανοίαις,
2970 4387 3065 4441 καὶ
3093 4380 3204 4439 οἷον
3222 4388 3285 4456 τῇ
3308 4384 3564 4453 ἀθεότητι
3594 4400 3767 4454 περι-

2174 4483 2475 4553 κεχυμένα,
2511 4481 2609 4534 καὶ
2633 4479 2732 4543 τὰς
2759 4480 2870 4532 τῶν
2903 4478 3192 4549 ἁμαρτιῶν
3227 4475 3530 4548 ἐκφέροντα
3587 4476 3770 4545 ἐκφύ-

493 4583 702 4637 dictum
762 4588 887 4643 est,
942 4577 1245 4648 baptizabit
1296 4594 1397 4633 vos
1450 4578 1501 4632 in
1536 4576 1741 4653 Spiritu
1795 4588 1985 4634 sancto
2021 4586 2073 4632 et

2178 4593 2312 4640 σεις,
2328 4574 2421 4627 καὶ
2444 4572 2543 4643 τὴν
2563 4572 2658 4625 τοῦ
2682 4570 3026 4640 σεϐάσματος
3053 4568 3313 4621 σύστασιν
3329 4566 3772 4637 σαθρὰν,ἐμελ).ε

495 4675 605 4744 igni
629 4674 696 4727 "'.
736 4691 755 4723 ι
796 4669 868 4726 Ut
912 4681 1093 4726 autem
1140 4670 1480 4725 manifestior
1542 4670 1852 4743 clariorque
1930 4679 2073 4723 esset

2178 4666 2235 4721 δὲ
2266 4664 2438 4720 ταῦτα
2486 4668 2554 4738 τῇ
2586 4663 2679 4715 τοῦ
2711 4663 2869 4729 ἁγίου
2923 4658 3241 4730 Πνεύματος
3301 4660 3646 4728 ἐπιφοιτήσει
3707 4674 3774 4709 τε

498 4768 692 4836 ﬁgura,
740 4770 1048 4819 memoraut
1086 4763 1283 4819 rubum
1314 4764 1538 4824 arsisse,
1576 4778 1680 4815 non
1714 4771 1890 4814 autem
1920 4776 2072 4815 com-

498 4858 722 4913 bustum
752 4869 894 4913 esse.
926 4852 1174 4924 Namque
1206 4854 1376 4909 rubus
1412 4868 1608 4922 repens
1641 4860 1695 4904 et
1720 4852 1995 4920 spinosus,
2026 4854 2069 4909 si

502 4948 569 5003 ad
607 4958 859 5002 naturam
885 4948 1005 5017 ejus
1035 4956 1269 5017 spectes,
1315 4947 1567 5001 intirmus
1600 4956 1722 5009 est;
1757 4945 1802 4998 si
1834 4945 1903 5001 ad
1951 4963 2073 5016 spe-

500 5042 667 5104 ciem,
714 5055 879 5110 super
927 5050 1127 5095 terram
1167 5039 1420 5093 dimisus.
1463 5036 1595 5105 Quae
1635 5047 1835 5092 cuncta
1877 5038 2074 5092 rubum

507 5134 649 5186 inter
687 5142 741 5185 et
801 5131 1035 5202 gentiles
1113 5129 1363 5198 quaedam
1440 5128 1758 5181 communia
1837 5138 2070 5199 ponunt.

509 5224 735 5296 Insuper
790 5222 894 5276 hac
942 5220 1162 5289 quidem
1194 5220 1378 5288 planta
1436 5217 1571 5271 nihil
1624 5217 1735 5273 fere
1790 5219 2082 5287 humilius,

508 5331 651 5384 quat,
707 5313 921 5369 etiamsi
951 5319 1233 5382 augescat,
1291 5324 1572 5379 nunquam
1614 5319 1792 5365 tamen
1826 5312 2085 5382 assurgit,

510 5407 773 5476 humique
799 5419 1016 5472 semper
1046 5404 1351 5472 proserpit:
1389 5401 1532 5468 ignis
1561 5412 1768 5469 autem,
1789 5403 1904 5457 leve
1934 5406 2090 5474 quid-

511 5502 637 5551 dam
692 5511 817 5551 eum
873 5495 1093 5557 habeat,
1149 5509 1215 5549 ex
1274 5493 1533 5548 omnibus
1562 5509 1683 5561 quae
1714 5510 1877 5548 sensu
1918 5495 2093 5570 perci-

2182 4759 2276 4814 καλ⁸
2307 4758 2591 4828 ἐλλάμψει,
2618 4757 2719 4826 τῆς
2767 4755 2864 4826 μὲν
2895 4753 3238 4814 ἀκανθώδους
3276 4751 3372 4804 καὶ
3410 4749 3777 4813 ζιζανιὼδους

2183 4850 2633 4925 περιφλέγεσθαι,
2655 4849 2752 4902 καλ⁵
2802 4842 3274 4915 ἀποκαθαίρεσθαι
3319 4842 3551 4909 πλάνης,
3581 4840 3686 4903 τὰς
3713 4840 3777 4893 δὲ

2180 4940 2276 4997 τοῦ
2318 4940 2500 4994 θεῖκοῦ
2534 4938 2706 5009 πυρὸς
2729 4938 2952 4997 ἀκτῖνας
2996 4931 3375 5002 ὑποδέχεσθαι.
3425 4929 3600 4991 Αὑτδς
3629 4928 3778 4997 γάρ,

2184 5035 2342 5106 φησὶ,
2380 5031 2633 5102 βαπτίσει
2669 5030 2813 5099 ὑμᾶς
2842 5030 2901 5080 ἐν
2929 5025 3207 5093 Πνεύματι
3254 5022 3395 5092 ἁγίῳ
3437 5021 3535 5074 καὶ
3577 5020 3724 5089 πυρί
3761 5035 3779 5051 ο

2185 5127 2252 5180 ἵν’
2281 5122 2683 5197 ὲμφανέστερόν
2710 5140 2772 5174 τε
2799 5122 2893 5174 καὶ
2934 5118 3371 5190 τηλαυγέστερον
3402 5114 3463 5167 τὸ
3504 5112 3785 5175 είκονιζὸ-

2188 5233 2349 5289 μενον
2378 5213 2860 5287 προσδιατυπωθῇ,
2885 5213 2918 5281 ἡ
2939 5210 3101 5281 βάτος
3119 5206 3639 5278 παραλαμϐάνεται,
3663 5204 3784 5255 ὑπ·

2187 5308 2530 5381 ηρετουμένη
2562 5308 2682 5378 μὲν,
2708 5306 2769 5359 οὑ
2788 5304 3097 5376 φλεγομένη
3119 5299 3268 5371 δὲτῷ
3299 5298 3451 5369 πυρὶ·
3476 5297 3789 5367 χαμερπὴς

2186 5422 2245 5456 τε
2262 5404 2371 5473 γάρ
2389 5406 2505 5455 ἐστι
2530 5401 2623 5455 καὶ
2650 5397 2973 5467 ἀκανθώδης
2992 5397 3086 5449 καὶ
3098 5395 3196 5466 τὴν
3227 5394 3521 5447 ὑπόστασιν
3537 5389 3789 5456 ἀσθενὴς

2191 5497 2286 5548 καὶ
2317 5494 2460 5552 κατά
2484 5494 2583 5563 τὴν
2610 5491 2733 5560 ὅφιν
2762 5486 3114 5558 διηπλωμένη
3150 5485 3248 5555 τῆς
3281 5486 3386 5553 γῆς
3413 5501 3426 5514 ο
3460 5482 3583 5535 καθ’
3610 5480 3648 5534 ἃ.
3684 5486 3791 5532 καὶ

518 5594 738 5657 νίιιιιιυι·
785 5588 1021 5640 maxime
1064 5587 1132 5640 ad
1182 5586 1394 5641 excelsa
1457 5596 1510 5639 et
1558 5570 1818 5639 sublimia
1899 5588 2073 5639 tetulit

2194 5589 2291 5657 τὴν
2364 5586 2659 5653 ἀναλογίαν
2719 5585 2855 5658 πρὸς
2915 5581 3087 5649 αὑτὴν
3145 5577 3404 5640 διασώζει
3475 5572 3545 5626 τὰ
3621 5570 3790 5639 ἔθνη.

518 5686 640 5750 Quo
685 5679 1020 5751 signiﬁcatur
1044 5678 1185 5735 banc
1218 5694 1326 5748 pra:
1356 5679 1568 5732 caeteris
1597 5678 1853 5733 omnibus
1885 5680 2090 5734 consti—

596 5860 641 5893 ³⁵
671 5860 838 5931 Soph.
878 5874 960 5925 ttt,
990 5860 1077 5924 14,
1155 5860 1196 5891 ³⁷
1238 5857 1405 5915 Marc.
1439 5874 1478 5924 ι,
1519 5859 1574 5914 8.

2202 5681 2321 5732 Ἔτι
2365 5679 2422 5732 δὲ
2458 5676 2552 5732 τοῦ
2591 5677 2833 5731 τοιούτου
2892 5674 2991 5745 μὲν
3054 5670 3224 5744 φυτοῦ
3282 5666 3471 5742 σχεδόν
3520 5680 3575 5720 τι
3623 5665 3795 5717 οὐδεν
