3854 6324
385 403 525 467 1ί3ῖ)

1553 403 1819 464 ΡΗΟΤΙΙ
1857 403 2368 465 ΡΑΤΒΙΑΗΟΗίΕ
2398 404 2507 464 CP.

3563 400 3699 463 Ilii;

380 537 479 576 cor
519 518 824 572 Pharaonis
869 517 921 571 in
975 517 1236 573 duritiam
1294 518 1368 574 sit
1431 534 1824 584 conversurus,
1870 523 1964 577 sed

2121 524 2268 578 κκά·›
2311 525 2426 585 καὶ,
2463 519 2622 577 «Οἶδα
2651 522 2728 575 ὅτι
2760 521 2859 575 ούκ
2888 519 3182 575 ἀκούσεταί
3215 537 3307 572 σου
3339 518 3580 584 Φαραώ·
3617 521 3698 569 r22..-

379 612 527 685 quod
561 613 628 665 ad
659 613 804 665 illam
839 613 1005 666 istum
1045 611 1397 668 inclinantem
1428 622 1482 668 et
1507 629 1834 670 conversum
1862 630 1972 670 non

2121 615 2229 668 ›ὖτο
2287 613 2574 684 σκληρυνῶ
2624 613 2725 681 τὴν
2769 612 2998 680 καρδίαν
3054 609 3278 663 αὐτοῦ’»
3309 610 3408 661 καὶ
3449 609 3577 676 γὰρ
3619 609 3696 665 τδ,

380 707 586 761 relevet
640 719 741 758 nec
775 703 1036 762 refrenet.
1075 719 1142 758 ne
1192 705 1445 759 humanm
1475 716 1687 761 naturae
1741 708 1974 762 liberum

2121 703 2421 774 κληρυνῶ,
2477 707 2576 775 οὐχ
2609 705 2691 758 ὅτι
2738 706 2903 768 αὐτὸς
2935 703 3032 771 τὴν
3069 701 3165 753 τοῦ
3214 701 3422 770 Φαραὼ
3457 699 3702 768 καῴξαν

379 797 672 852 arbitrium
731 794 966 850 auferat.
1004 793 1322 866 Egyptium
1390 808 1582 852 contra
1635 801 1975 855 voluntatem

380 890 709 944 inclinatum
746 904 850 941 non
899 899 1073 942 mutat
1108 904 1207 942 nec
1236 889 1509 944 convertit
1533 891 1599 944 ad
1632 891 1833 944 malam
1876 906 1978 944 vo-

385 984 688 1048 luntatem;
731 981 834 1036 hoc
857 981 1000 1034 enim
1049 982 1323 1052 significat
1387 983 1670 1036 indurabo.
1723 983 1978 1038 Contiuet

382 1072 524 1128 forte
559 1075 849 1144 quemdam
891 1075 1056 1128 alium
1083 1076 1273 1128 eadem
1308 1077 1469 1130 lectio
1504 1092 1726 1131 sensum
1759 1094 1772 1131 :
1805 1076 1978 1130 Indu-

385 1167 536 1232 rabo,
572 1168 624 1222 id
655 1176 758 1234 est,
793 1169 943 1221 duraa
967 1176 1021 1222 et
1063 1167 1285 1222 indoeili
1337 1169 1507 1222 menti
1553 1169 1686 1223 dura
1721 1167 1976 1223 inducam

383 1269 440 1315 et
475 1262 783 1316 istiusmodi
815 1260 1049 1315 feritatis
1075 1261 1265 1332 digna.

2079 802 2421 874 μεταπλάσει
2478 802 2559 862 εἰς
2589 799 2959 871 σκληρότητα,
3005 796 3136 851 ἀλλ’
3186 797 3271 847 δτι
3305 795 3446 864 πρὸς
3486 795 3700 859 ταὶ-τη,

2079 895 2245 950 αὑτοῦ
2277 895 2537 967 ρέποντος
2571 895 2666 947 καὶ
2726 891 3236 962 συνεστραμμένου,
3273 889 3403 941 οὐδὲ
3457 890 3703 957 ἀναχαι-

2083 987 2244 1052 τίζει,
2287 987 2374 1040 ἵνα
2417 988 2491 1057 μὴ
2527 985 2754 1056 περιέλῃ
2806 986 2906 1054 τῆς
2957 983 3308 1051 ἀνθρωπίνης
3345 979 3587 1048 φύσεως
3649 980 3705 1029 τιὶ

2084 1076 2450 1141 αὐτεξούσιον·
2481 1079 2576 1128 καὶ
2622 1075 2763 1146 παρ’
2801 1073 3050 1126 ἑκούσιον
3083 1073 3178 1125 τοῦ
3208 1071 3535 1139 Αἰγυπτίου
3593 1067 3706 1136 ὡρ-

2088 1170 2370 1240 μηκότος,
2424 1170 2484 1221 ού
2543 1167 2838 1236 μεταϐαλεῖ
2895 1166 3015 1218 οὐδὲ
3051 1165 3390 1233 μεταστήσει
3444 1161 3597 1231 πρὸς
3648 1159 3710 1210 τὸ

2083 1263 2360 1316 ἀκούσιον·
2397 1259 2556 1313 τοῦτο
2590 1260 2696 1330 γάρ
2726 1261 2841 1312 ἐστι
2868 1259 2949 1321 τὸ,
2983 1255 3513 1324 σκληρυνῶβεχω
3552 1253 3613 1305 δ’
3643 1251 3706 1305 ἄν

383 1372 507 1408 τινα
535 1356 628 1408 καὶ
671 1354 863 1426 ἑτέραν
891 1356 924 1425 ὴ
958 1354 1106 1419 λέξις
1128 1353 1267 1423 αὕτη
1299 1355 1796 1426 παραδηλουμένην
1861 1355 2238 1425 περιπέτειαν·
2267 1353 2597 1422 σκληρυνῶ
2636 1353 2744 1422 γὰρ
2811 1349 2932 1404 ἀντὶ
2982 1349 3102 1414 τοῦ,
3137 1346 3366 1418 σκληρῷ
3433 1347 3541 1400 καὶ
3572 1345 3704 1398 ἁτε-

390 1449 586 1521 ρὰμονι
616 1449 714 1519 τὴν
765 1448 996 1520 γνώμην
1049 1449 1163 1503 ὄντι
1196 1450 1409 1521 σκληρὰ
1441 1450 1588 1522 αὐτῷ
1645 1451 1832 1516 ἐπάξω
1879 1452 1974 1505 καὶ
2009 1451 2110 1522 τῆς
2137 1451 2231 1504 τοῦ
2262 1452 2465 1522 τρόπου
2491 1449 2775 1518 ὠμότητος
2813 1447 3037 1512 ἐπάξια.

460 1540 535 1596 Ita
585 1557 738 1611 ergo,
788 1542 931 1597 sicut
968 1541 1249 1608 diximus,
1309 1544 1616 1613 praevidens
1667 1546 1808 1599 Deus
1861 1543 1984 1600 illos

388 1635 612 1705 proprio
648 1642 801 1688 motu
836 1643 891 1689 et
925 1635 1143 1704 propria
1169 1635 1448 1690 voluntate
1471 1635 1717 1690 Roboam
1740 1637 1986 1690 desertu-

389 1744 480 1782 ros
509 1743 650 1791 esse,
707 1743 1040 1798 servumque
1083 1737 1139 1783 et
1201 1738 1511 1798 apostatam
1575 1727 1866 1784 Jeroboam
1896 1745 1986 1784 se-

391 1821 640 1888 quendos
683 1836 825 1886 esse,
859 1831 912 1876 et
964 1822 1315 1876 dividendam
1357 1838 1480 1878 esse
1511 1833 1724 1892 gentem
1760 1823 1814 1876 in
1846 1823 1987 1878 duas

392 1919 599 1979 partes,
644 1897 808 1980 hnj'us
865 1912 1138 1983 (inquam)
1196 1913 1571 1983 cognitionem
1605 1915 1747 1969 sicut
1775 1923 1828 1969 et
1861 1931 1984 1968 om-

2156 1545 2315 1597 Οὕτω
2343 1543 2408 1614 δὴ
2435 1542 2526 1596 οὖν
2558 1541 2818 1605 ἐνταῦθα,
2857 1539 3048 1610 ὥσπερ
3078 1538 3314 1610 ἔφημεν,
3348 1537 3621 1608 προειδδς
3647 1536 3708 1588 τδ

2081 1635 2236 1689 Θεῖον
2269 1634 2346 1698 ὡς
2382 1635 2440 1700 ἐξ
2474 1635 2687 1697 οἰκείας
2727 1632 2911 1703 ὁρμῆς
2961 1632 3057 1684 καὶ
3096 1630 3381 1701 θελήσεως
3441 1631 3698 1698 ἀποστή-

2086 1746 2267 1782 σονται
2297 1728 2397 1799 μὲν
2428 1726 2519 1779 τοῦ
2570 1725 2834 1796 Ῥοδοὰμ,
2870 1711 3389 1794 ἀκολουθήσουσίδὲ
3413 1724 3494 1793 τῷ
3522 1721 3705 1790 δούλῳ

2082 1823 2178 1875 καὶ
2208 1819 2492 1890 ἀποστάτῃ
2533 1819 2818 1890 Ἰεροδοὰμ
2863 1819 2960 1872 καὶ⁹
3005 1817 3411 1888 μερισοήσεται
3444 1819 3505 1870 τὸ
3548 1817 3708 1878 ἕῧνος

2084 1918 2165 1979 είς
2194 1916 2460 1984 τμήματα
2488 1912 2601 1976 δύο,
2629 1911 2822 1965 τούτου
2845 1911 2944 1982 τὴν
2976 1912 3186 1978 γνῶσιν
3214 1910 3410 1980 ὥσπερ
3451 1909 3552 1962 καὶ
3595 1908 3707 1958 te?”

393 2004 547 2056 nium
579 2004 814 2058 aliorum
852 2020 1250 2076 praaoccupans
1282 2005 1450 2073 Deus,
1479 2022 1602 2076 quae
1635 2006 1824 2062 futura
1855 2015 1985 2062 sunt

2123 2007 2262 2060 λλων
2292 2007 2546 2060 ἁπάντων
2579 2002 2928 2076 προειληφὼς
2955 2005 2984 2056 δ
3017 2003 3175 2069 Θεὸς,
3223 2001 3613 2073 προαγορεύει
3644 1999 3706 2050 τὸ

393 2096 728 2163 praenuntiat
772 2105 826 2150 et
853 2097 986 2151 dicit
1017 2113 1032 2151 :
1077 2096 1336 2152 Seindam
1372 2115 1600 2168 regnum
1651 2109 1828 2165 tuum,
1857 2116 1988 2170 pro-

396 2196 517 2255 pter
539 2187 676 2242 duas
704 2203 900 2243 causas
925 2189 1037 2259 jam
1074 2189 1446 2259 supradictas.
1482 2192 1539 2246 Si
1581 2192 1727 2247 enim
1761 2191 1871 2247 Deo
1909 2193 1985 2246 ita

397 2292 613 2346 semper
637 2278 913 2348 loquente,
945 2290 998 2334 et
1016 2281 1080 2335 ad
1104 2282 1460 2353 semetipsum
1489 2284 1675 2338 omnia
1695 2282 1984 2350 referente,

400 2375 636 2422 attamen
679 2369 754 2422 illi
813 2371 880 2424 ad
936 2371 1073 2426 alios
1126 2389 1248 2428 sese
1296 2382 1680 2430 convertentes
1735 2376 1903 2441 deos,
1934 2385 1988 2430 et

401 2460 674 2514 Astartem
728 2477 851 2531 quae
898 2463 1135 2520 Artemis
1199 2465 1342 2534 apud
1392 2465 1612 2521 Grzecos
1661 2473 1888 2521 vocatur
1934 2475 1988 2522 et

399 2550 640 2607 Chamos
675 2560 728 2607 et
776 2570 997 2610 muscas
1042 2557 1308 2624 colentes,
1344 2559 1468 2614 istis
1498 2575 1612 2614 sua:
1641 2560 1768 2614 vitae
1801 2561 1986 2630 provi-

399 2645 642 2701 dentiam
662 2656 716 2702 et
755 2647 1101 2705 durationem
1133 2651 1528 2718 attribuerunt,
1563 2653 1630 2707 ad
1661 2653 1792 2724 quid
1816 2653 1989 2708 auda-

399 2738 500 2793 ciai.
535 2755 642 2794 non
688 2741 990 2808 venissent,
1026 2745 1071 2798 si
1101 2759 1167 2798 ex
1200 2756 1516 2800 sanctarum
1569 2745 1986 2817 Scripturarum

400 2831 655 2897 lectione,
713 2833 822 2890 illis
862 2836 988 2890 data
1044 2836 1239 2892 fuisset
1286 2838 1507 2893 occasio
1551 2840 1801 2908 quaedam
1841 2840 1992 2909 cegi-

399 2924 572 2991 tandi,
614 2926 780 2980 alium
805 2927 1096 2997 quemdam
1124 2945 1244 2984 esse
1266 2929 1429 2984 finem
1461 2931 1643 3000 poenis
1673 2931 1988 2998 facientem,

401 3023 456 3068 et
484 3029 550 3069 ex
583 3015 692 3069 alio
732 3019 972 3086 quodam
1029 3020 1302 3074 malorum
1339 3035 1479 3075 onus
1511 3022 1744 3078 venire?
1793 3019 1991 3076 Videas

401 3115 582 3160 autem
636 3107 690 3162 in
741 3111 1041 3164 tentatione
1094 3111 1228 3180 justi
1280 3109 1384 3167 Job
1439 3113 1610 3168 Deum
1659 3117 1993 3168 tentationes

404 3200 818 3268 permittentem
849 3209 904 3258 et
955 3204 1092 3258 lines
1123 3205 1394 3274 quosdam
1445 3206 1733 3260 tentationi
1785 3205 1994 3261 consti—

403 3299 600 3357 tuens;
634 3292 784 3346 verbi
813 3295 1007 3361 gratia,
1036 3295 1140 3350 hoc
1178 3298 1340 3350 datur
1371 3298 1468 3351 tibi
1499 3306 1729 3364 tentare,
1749 3298 1803 3352 in
1841 3297 2020 3357 illum.

2093 2102 2376 2173 ἐσόμενον,
2408 2099 2502 2153 καί
2557 2115 2693 2170 φησι
2721 2114 2738 2132 ·
2768 2095 3058 2170 Διαρρήξω
3110 2099 3212 2164 τὴν
3267 2094 3588 2165 βασιλείαν,
3614 2094 3703 2146 διὰ

2089 2192 2188 2254 τὰς
2216 2191 2625 2264 προειρημένας
2650 2189 2961 2261 ἔμπροσθεν
2988 2189 3167 2250 αίτίας
3197 2187 3314 2241 δύο.
3362 2189 3428 2240 Εἰ
3464 2188 3578 2255 γὰρ
3611 2186 3705 2237 καὶ

2089 2285 2233 2339 οὕτω
2263 2284 2356 2338 τοῦ
2386 2283 2542 2336 Θείου
2587 2280 2864 2352 πανταχοῦ
2893 2281 3142 2349 λέγοντος
3168 2279 3267 2333 καὶ
3294 2280 3376 2342 είς
3412 2280 3617 2331 ἑαυτὸν
3645 2277 3703 2328 τὸ

2091 2380 2199 2433 πᾶν
2223 2377 2606 2448 ἀναφέροντος,
2625 2377 2684 2428 οὑ
2704 2375 2938 2427 διέλιπον
2969 2374 3122 2427 αὐτοὶ
3138 2374 3276 2444 πρὸς
3297 2372 3528 2442 ἑτέρους
3559 2374 3700 2424 ἁπο-

2090 2473 2375 2544 τρέχοντες
2395 2470 2574 2533 Οεοὺς,
2592 2469 2688 2522 καὶ
2702 2470 2768 2540 τῇ
2805 2467 3074 2537 Ἀστάρτη
3097 2467 3220 2538 ἦτις
3246 2467 3366 2519 ἐστὶ
3394 2466 3529 2535 παρ’
3571 2464 3699 2516 Ἐλ-

2089 2565 2250 2634 λησιν
2307 2563 2596 2634 Ἀρτεμις,
2635 2561 2735 2615 καὶ
2772 2560 2849 2631 τῷ
2876 2561 3084 2630 Χαμὼς
3105 2560 3200 2611 καὶ
3237 2561 3360 2620 ταῖς
3387 2557 3583 2626 μυίαις
3603 2557 3702 2606 λα’

2089 2655 2397 2730 τρεύοντες,
2418 2654 2693 2716 κάκείνοις
2711 2653 2809 2724 τῆς
2827 2652 3039 2705 ἑαυτῶν
3059 2651 3205 2720 ζωῆς
3226 2651 3330 2722 τὴν
3354 2649 3622 2720 πρόνοιάν
3643 2663 3698 2698 τε

2093 2751 2189 2804 καὶ
2223 2748 2319 2816 τὴν
2345 2745 2607 2816 διαμονὴν
2639 2746 3058 2815 περιάπτοντες,
3091 2742 3145 2795 τί
3166 2743 3268 2795 οὐκ
3285 2740 3354 2794 ἃν
3381 2740 3701 2808 ἐτόλμησαν

2094 2841 2148 2895 εἴ
2177 2839 2300 2894 τινά
2330 2839 2494 2891 ποθεν
2515 2836 2696 2890 λαϐεῖν
2732 2835 2990 2906 ἀφορμὴν
3023 2832 3184 2903 ἔσχον
3229 2835 3294 2902 ἐκ
3328 2831 3435 2901 τῆς
3489 2830 3598 2882 τῶν
3628 2830 3701 2879 ξε·

2099 2931 2207 3004 ρῶν
2235 2929 2586 3003 Γραμμάτων
2617 2927 2882 2990 διανοίας.
2901 2925 2978 2988 ὡς
3009 2926 3168 2989 ἄλλος
3197 2927 3282 2989 τίς
3322 2928 3482 2979 ἐστιν
3518 2925 3701 2985 αὐτοῖς

2093 3022 2122 3074 ὀ
2153 3019 2252 3083 τὰς
2283 3017 2560 3090 τιμωρίας
2620 3015 2848 3088 ὁρίζων,
2880 3016 2976 3068 καὶ
3005 3015 3065 3080 ἐξ
3102 3016 3292 3087 ἑτέρου
3349 3015 3503 3078 τινὸς
3528 3017 3563 3085 ἡ
3595 3014 3698 3067 τῶν

2096 3112 2356 3183 χειρόνων
2387 3111 2570 3174 αὐτοῖς
2614 3108 2807 3163 ἕπεται
2837 3109 2983 3179 φορά.
3013 3125 3028 3174 ;
3057 3108 3215 3172 Ίδοις
3241 3109 3300 3161 δ’
3331 3108 3402 3162 ἂν
3434 3109 3534 3162 καὶ
3561 3095 3699 3160 κατὰ

2093 3204 2157 3256 τὸ
2186 3203 2543 3274 πειρατήριον
2565 3199 2658 3254 τοῦ
2692 3200 2903 3254 δικαίου
2938 3199 3057 3254 ’1ὼὸ
3078 3201 3171 3254 τὸν
3188 3200 3319 3253 Θεὸν
3351 3199 3700 3269 συγχωροῦνο

2096 3311 2166 3346 τα
2189 3295 2319 3356 τοὺς
2370 3293 2719 3364 πειρασμοὺς
2775 3291 2874 3346 καὶ
2905 3294 3064 3363 ὅρους
3121 3291 3273 3354 τινὰς
3328 3289 3699 3361 καθορίζοντα

407 3392 589 3436 autem
634 3400 702 3438 ne
740 3401 965 3441 manum
1011 3389 1292 3443 extendas.
1325 3388 1518 3444 Omnia
1550 3391 1699 3445 enim
1741 3391 1810 3444 ab
1843 3391 1994 3446 omni

2201 3384 2537 3460 πειράζοντι·
2564 3381 2697 3451 οἷον,
2737 3385 2877 3439 Τάδε
2901 3383 3104 3438 δίδοται
3137 3401 3220 3436 σοι
3251 3383 3548 3453 πειράσαι,
3577 3380 3699 3435 τούς

405 3476 614 3543 potenti
659 3478 874 3544 dextra,
924 3481 1087 3535 modo
1111 3482 1334 3552 quidem
1378 3482 1671 3552 adiuvante
1709 3491 1764 3538 et
1790 3498 1994 3554 coope-

409 3576 586 3634 rante,
632 3569 796 3625 modo
837 3573 1191 3640 permittente
1227 3583 1283 3628 et
1326 3588 1437 3629 non
1479 3574 1831 3644 impediente,
1863 3593 2000 3649 pen-

405 3659 556 3715 dent.

485 3839 694 3898 Similis
725 3849 906 3897 autem
929 3843 1112 3914 aliquo
1142 3847 1306 3902 modo
1337 3846 1555 3902 videtur
1575 3857 1629 3900 et
1657 3848 1775 3903 hate
1798 3847 1998 3904 lectio:

417 3957 437 3990 ι
473 3937 542 3990 Et
598 3937 807 3990 addidit
853 3933 1008 3990 furor
1063 3939 1281 3993 Domini
1338 3940 1501 3996 irasci
1556 3951 1746 3996 contra
1807 3941 2000 4007 Israel,

411 4029 819 4096 eommovitqne
878 4027 1047 4083 David
1099 4031 1152 4084 in
1203 4033 1283 4085 eis
1335 4032 1608 4087 dicentem
1649 4047 1664 4088 :
1703 4033 2000 4089 Dinumera

412 4118 666 4173 Israel”.
712 4135 732 4168 ι
772 4115 968 4171 Incitat
1016 4119 1164 4173 enim
1211 4120 1382 4176 David
1419 4121 1487 4176 ad
1541 4122 1708 4176 Israel
1751 4122 2003 4177 dinume-

410 4211 649 4266 randum
701 4213 828 4282 quia
873 4229 999 4284 erga
1028 4212 1166 4283 justi
1206 4211 1411 4282 judieis
1440 4212 1578 4267 iram
1619 4221 1674 4268 et
1703 4212 1999 4268 vindictam

413 4307 674 4361 Israelita:
716 4321 816 4376 pro
847 4307 1087 4375 peccatis
1124 4306 1240 4362 suis
1270 4306 1547 4362 debitores
1578 4314 1775 4374 erant;
1809 4316 1863 4362 et
1893 4323 2001 4363 non

414 4407 498 4452 est
552 4397 694 4452 alius
749 4398 1036 4468 impellens
1082 4397 1343 4452 Davidem
1382 4413 1447 4453 ac
1485 4397 1576 4452 ille
1622 4397 1717 4468 qui
1746 4397 2003 4454 irascitur

413 4498 603 4544 contra
664 4491 828 4545 Israel
893 4501 948 4546 et
995 4492 1089 4562 qui
1136 4507 1332 4562 poenas
1401 4491 1455 4546 in
1486 4491 1639 4546 illum
1675 4492 2002 4549 inducturus

413 4590 554 4638 erat.
584 4583 796 4638 Etenim
824 4587 1032 4654 peccati
1063 4602 1165 4641 nos
1195 4601 1322 4640 reos
1351 4585 1578 4650 scimus,
1619 4585 2000 4640 testimonium

415 4675 578 4728 etiam
614 4675 1030 4744 perhibentibus
1083 4676 1284 4732 divinis
1335 4675 1578 4742 Litteris,
1629 4677 1999 4733 accidentium

2098 3496 2192 3534 του
2223 3479 2281 3533 δὲ
2326 3481 2401 3550 μὴ
2426 3479 2560 3552 ἅψῃ.
2595 3479 2782 3532 Πάντα
2807 3479 2918 3549 γὰρ
2942 3478 3041 3548 τῆς
3062 3476 3585 3546 παντοκρατορικῆς
3611 3475 3698 3540 ἐξ·

2097 3573 2268 3644 ἧπται
2301 3572 2502 3639 δεξιᾶς,
2537 3571 2607 3625 τὰ
2669 3572 2768 3642 μὲν
2829 3568 3379 3641 ἀντιλαμϐανομένης
3426 3569 3529 3622 καὶ
3563 3585 3698 3636 συμ-

2101 3663 2472 3734 πραττούσης,
2512 3661 2584 3716 τὰ
2632 3662 2690 3716 δὲ
2724 3660 3164 3734 παραχωρούσης
3220 3659 3319 3712 καὶ
3361 3659 3468 3712 οὐκ
3497 3659 3695 3726 ἀπειρ-

2100 3757 2328 3827 γούσης.

2175 3848 2563 3919 Παραπλήτιον
2594 3845 2651 3900 δέ
2686 3863 2804 3910 πως
2857 3840 2999 3898 εἶναι
3023 3845 3172 3898 δοκεῖ
3218 3843 3314 3896 καὶ
3361 3842 3448 3905 τὸ,
3478 3859 3499 3893 ι
3531 3842 3703 3908 [lpos-

2101 3941 2254 3996 έθετο
2269 3942 2405 4014 ὀργὴ
2429 3941 2639 4011 Κυρίου
2650 3939 2746 3993 τοῦ
2767 3938 3089 4012 θυμωθῆναι
3110 3939 3205 3990 ἐπὶ
3221 3935 3461 4007 Ἰσραήλ.
3482 3937 3600 3988 Καὶ
3613 3938 3704 3987 ἑπ-

2103 4035 2284 4088 έσεισε
2309 4034 2402 4086 τὸν
2447 4032 2613 4086 Δαδὶδ
2647 4033 2728 4096 εἰς
2753 4031 2954 4094 αὐτοὺς
2994 4029 3189 4097 λέγων,
3227 4028 3575 4098 Ἀρίθμησον
3617 4027 3705 4079 τὶν

2115 4127 2358 4198 Ἰσραήλ.
2396 4147 2415 4178 ι
2450 4125 2714 4179 Ἐπισείει
2756 4123 2864 4196 γὰρ
2915 4125 3008 4176 τὸν
3039 4122 3206 4175 Δαδὶδ
3260 4120 3576 4192 ἀριθμῆσαι
3620 4120 3706 4172 τὸν

2115 4221 2353 4293 Ἰσραὴλ,
2390 4220 2473 4273 ὅτι
2493 4217 2587 4272 τοῦ
2613 4219 2823 4272 δικαίου
2850 4215 3040 4288 κριτοῦ
3064 4215 3202 4286 ὀργὴ
3232 4215 3326 4269 καὶ
3356 4214 3608 4283 τιμωρία
3632 4213 3706 4281 τῷ

2115 4313 2332 4385 Ἰσραὴλ
2349 4314 2415 4382 ἐφ
2430 4308 2537 4376 ὀἷς
2562 4313 2810 4382 ἥμαρτον
2832 4309 3266 4381 ἐκεχρεὼστητο·
3286 4308 3383 4360 καὶ
3405 4307 3509 4360 οὐκ
3533 4307 3697 4368 ἄλλος

2101 4407 2188 4470 τίς
2215 4409 2364 4460 ἐστιν
2381 4407 2408 4458 ὁ
2423 4405 2693 4458 ἀνασείων
2716 4403 2808 4454 τὸν
2825 4401 3014 4465 Δαόὶδ,
3041 4399 3156 4454 ἀλλ’
3185 4402 3213 4453 ὁ
3230 4398 3586 4470 ὠργισμένος
3607 4398 3705 4468 μὲν

2101 4497 2181 4570 τῷ
2224 4497 2464 4570 Ἰσραὴλ,
2502 4496 2819 4564 ἐπενεγκεῖν
2863 4493 2921 4546 δὲ
2959 4491 3172 4563 μέλλων
3213 4491 3400 4553 αὐτοῖς
3429 4490 3532 4561 τὴν
3587 4506 3707 4542 ποι-

2101 4593 2222 4663 νήν.
2257 4591 2367 4644 Καὶ
2391 4589 2501 4660 γὰρ
2530 4589 2648 4656 τῆς.
2660 4588 2758 4659 μὲν
2793 4586 3072 4657 ἁμαρτίας
3101 4585 3300 4648 αὐτοὺς
3334 4584 3498 4655 ἴσμεν
3529 4603 3593 4637 τε
3629 4587 3706 4638 αξ·

2102 4683 2398 4748 τίους,καὶ
2423 4682 2494 4735 τὰ
2545 4681 2666 4734 Θεία
2720 4679 3190 4750 διαμαρτύρονται
3224 4678 3420 4746 Λόγια,
3474 4679 3591 4731 τῶν
3651 4679 3707 4732 δὲ

417 4777 598 4821 autem
627 4767 786 4823 nobis
818 4783 916 4838 pro
954 4769 1194 4838 peccatis
1228 4768 1643 4822 tribulationum
1678 4768 1859 4822 divina
1897 4783 1994 4822 vo-

2121 4774 2409 4847 ,ρχομένων
2439 4774 2574 4843 ἡμῖν
2598 4771 2696 4840 ἐφ’
2744 4765 2827 4833 οἷς
2860 4770 3313 4841 ἐξαμαρτάνομεν
3365 4769 3644 4840 θλιδερῶν
3673 4773 3705 4840 ἡ

415 4859 604 4914 luntas
643 4869 728 4914 est
779 4868 992 4914 auctor.
1032 4857 1169 4914 Justi
1213 4861 1361 4913 enim
1413 4867 1499 4914 est
1539 4859 1742 4929 judicis
1782 4873 2002 4928 pennam

417 4965 518 5020 pro
583 4952 851 5019 gravitate
902 4951 1089 5006 delicti
1145 4958 1422 5017 statuere;
1456 4951 1658 5005 ctenim
1712 4950 1807 5005 irae
1835 4967 2001 5006 causa

421 5052 572 5108 sunt,
604 5045 698 5115 qui
731 5053 1130 5114 peccaverunt;
1177 5045 1259 5098 ira
1284 5052 1468 5100 autem
1504 5043 1626 5099 istis
1659 5044 2002 5113 punitionem

421 5135 662 5201 induxit,
724 5137 905 5191 medio
949 5147 1168 5207 sumpto
1211 5135 1404 5202 David,
1435 5151 1597 5206 quem
1632 5136 1732 5206 ipsi
1763 5135 2004 5191 offende-

421 5238 566 5294 rant,
607 5240 830 5301 propter
860 5232 1008 5302 quod
1041 5241 1096 5287 et
1129 5232 1319 5302 ipsein
1352 5231 1521 5286 Deum
1547 5240 1888 5301 peccaverat,
1920 5238 2001 5286 et-

423 5320 568 5376 enim
596 5321 984 5386 dinumeravit,
1026 5324 1278 5392 quamvis
1311 5323 1465 5378 illum
1516 5323 1678 5379 citius
1705 5323 1829 5378 aliis
1875 5338 2010 5378 con-

425 5415 800 5481 demnaverit;
835 5415 967 5471 dicit
992 5417 1138 5470 enim
1169 5435 1183 5470 :
1227 5415 1510 5473 Percussit
1543 5434 1639 5472 cor
1685 5418 1851 5473 David
1881 5433 2009 5472 eum

430 5519 652 5580 propter
681 5508 868 5578 pepuli
898 5509 1299 5565 recensionem.
1325 5509 1486 5576 Quali
1511 5526 1642 5566 vero
1670 5527 1770 5582 pro
1811 5511 2010 5566 delicto

427 5601 661 5672 populus
692 5617 882 5671 paruas
906 5603 1036 5657 dare
1052 5601 1308 5673 dignatus
1327 5605 1451 5658 est?
1474 5620 1655 5658 nonne
1675 5604 1899 5660 evidens
1921 5612 2014 5676 est

429 5711 534 5766 pro
560 5696 959 5752 insurrectione
987 5706 1179 5752 contra
1221 5696 1390 5752 David
1420 5713 1583 5752 suum
1615 5713 1820 5768 regem,
1881 5711 2009 5752 cum

437 5789 637 5860 reiecta
664 5791 902 5862 legitima
927 5800 982 5846 et
1015 5791 1164 5863 justa
1188 5797 1481 5860 potestate,
1515 5791 1567 5844 in
1599 5790 1840 5848 favorem
1869 5789 2015 5848 illius

509 5906 554 5938 ’θ
589 5905 760 5963 Exod.
792 5922 904 5973 xw,
941 5905 1020 5987 κίε.Δ
1072 5906 1147 5987 η³¹
1171 5903 1331 5963 Num.
1368 5919 1496 5974 xxv,
1533 5904 1588 5960 ll.

2103 4866 2224 4922 Θεία
2271 4865 2454 4937 ψῆφος
2483 4865 2838 4937 δημιουργός·
2897 4862 3090 4934 κριτοῦ
3146 4863 3255 4931 γὰρ
3287 4861 3524 4924 δικαίου,
3565 4860 3706 4932 πρὸς

2100 4960 2201 5032 τὴν
2227 4957 2336 5011 τῶν
2364 4959 2543 5029 ἔργων
2583 4958 2870 5030 βαρύτητα
2901 4957 2996 5010 καὶ
3023 4957 3124 5027 τὴν
3156 4955 3256 5009 ἐπ’
3287 4955 3487 5017 αὐτοὺς
3522 4971 3704 5025 τιμω-

2105 5053 2228 5127 ρίαν
2261 5052 2627 5123 ἁρμόζεσθαι.
2655 5051 2765 5105 Kal
2795 5051 2904 5122 γὰρ
2957 5050 3061 5119 τῆς
3094 5049 3194 5118 μὲν
3224 5047 3394 5117 ὀργῆς
3427 5049 3476 5099 oi
3521 5048 3708 5116 ἡμαρ-

2103 5147 2332 5218 τηκότες
2365 5145 2661 5215 παραίτιοι·
2692 5145 2727 5215 ἡ
2754 5144 2811 5197 δὲ
2837 5143 2977 5215 ὀργὴ
3033 5142 3246 5206 τούτοις
3298 5141 3398 5212 τὴν
3426 5140 3708 5212 τιμωρίαν

2105 5239 2385 5309 ἐπήγαγε,
2428 5235 2595 5308 μέσου
2645 5233 3217 5306 παραλαμϐανομένου
3269 5231 3362 5286 τοῦ
3401 5231 3590 5295 Δασὶδ,
3625 5234 3706 5294 είς

2105 5330 2166 5384 ὃν
2199 5331 2394 5383 ἐκεῖνοι
2434 5329 2870 5401 προσέκρουσαν,
2894 5327 2982 5380 διὰ
3009 5325 3071 5378 τὸ
3113 5325 3210 5378 καὶ
3250 5323 3414 5377 αὐτὸν
3443 5325 3703 5396 ἡμαρτη-

2107 5423 2264 5476 κέναι
2312 5421 2453 5492 Θεῷ·
2491 5423 2583 5474 καὶ
2623 5422 2733 5492 γὰρ
2760 5419 3089 5490 ἠρίθμησεν·
3122 5419 3172 5471 εἰ
3228 5418 3324 5470 καὶ
3357 5417 3556 5470 Θᾶττον
3597 5417 3713 5468 αὖ·-

2107 5514 2198 5569 τὺν
2228 5515 2332 5585 πρὸ
2345 5516 2452 5568 τῶν
2465 5515 2640 5568 ἄλλων
2667 5513 3048 5568 κατεδίκασεν·
3073 5511 3208 5581 φησὶ
3232 5512 3392 5582 γάρ-ι
3422 5511 3698 5578 Ἔπαταξε

2108 5607 2307 5678 καρδία
2339 5607 2502 5660 Δαΰὶδ
2532 5608 2696 5661 αὑτὸν
2730 5607 2814 5659 ὅτι
2845 5604 3123 5676 ἠρίθμησε
3167 5603 3258 5655 τὸν
3288 5604 3438 5656 λαόν.
3480 5621 3496 5653 ι
3538 5602 3700 5664 Ποίας

2119 5699 2177 5752 δὲ
2197 5699 2542 5770 παρανομίας
2565 5698 2872 5767 τηνικαῦτα
2897 5699 2924 5750 ὁ
2955 5695 3084 5760 λαὸς
3115 5695 3370 5764 ὑποσχεῖν
3397 5696 3701 5749 eammeam

2121 5789 2415 5864 τιμωρίαν,
2444 5792 2478 5862 ἢ
2519 5791 2764 5863 δηλονότι
2793 5790 2894 5859 τῆς
2955 5788 3375 5851 ἐπαναστάσεως
3408 5788 3510 5858 τῆς
3565 5789 3702 5842 κατα
