  <div class='ocr_page' id='page_1' title='image "/cluster/home/n/w/nwhite01/storage/ocr_20150623/101/hvd.32044018872879/594.png"; bbox 0 0 3930 6218; ppageno 0'>
   <div class='ocr_carea' id='block_1_1' title="bbox 337 285 1951 383">
    <p class='ocr_par' dir='ltr' id='par_1_1' title="bbox 337 285 1949 362">
     <span class='ocr_line' id='line_1_1' title="bbox 337 285 1949 362; baseline 0.006 -10"><span class='ocrx_word' id='word_1_1' title='bbox 337 285 476 352; x_wconf 75' lang='lat' dir='ltr'><strong>Ilii</strong></span> <span class='ocrx_word' id='word_1_2' title='bbox 1222 300 1323 360; x_wconf 82' lang='lat' dir='ltr'>AD</span> <span class='ocrx_word' id='word_1_3' title='bbox 1360 301 1949 362; x_wconf 81' lang='lat' dir='ltr'><strong>AMPIIILOCHIUM</strong></span> 
     </span>
    </p>
   </div>
   <div class='ocr_carea' id='block_1_2' title="bbox 2038 285 3592 383">
    <p class='ocr_par' dir='ltr' id='par_1_2' title="bbox 2038 305 3592 383">
     <span class='ocr_line' id='line_1_2' title="bbox 2038 305 3592 383; baseline 0.002 -20"><span class='ocrx_word' id='word_1_4' title='bbox 2038 305 2330 366; x_wconf 62' lang='lat' dir='ltr'><strong>UZESTIO</strong></span> <span class='ocrx_word' id='word_1_5' title='bbox 2361 308 2544 383; x_wconf 76' lang='lat' dir='ltr'><strong>CCCI,</strong></span> <span class='ocrx_word' id='word_1_6' title='bbox 2585 310 2800 371; x_wconf 88' lang='lat' dir='ltr'><strong>CCCII.</strong></span> <span class='ocrx_word' id='word_1_7' title='bbox 3457 305 3592 372; x_wconf 74' lang='grc'><strong>1142</strong></span> 
     </span>
    </p>
   </div>
   <div class='ocr_carea' id='block_1_3' title="bbox 329 402 1951 490">
    <p class='ocr_par' dir='ltr' id='par_1_3' title="bbox 329 402 1951 486">
     <span class='ocr_line' id='line_1_3' title="bbox 329 402 1951 486; baseline 0.006 -29"><span class='ocrx_word' id='word_1_8' title='bbox 329 403 426 458; x_wconf 77' lang='grc' dir='ltr'>τοῦ</span> <span class='ocrx_word' id='word_1_9' title='bbox 479 402 629 471; x_wconf 79' lang='grc' dir='ltr'>σφῶν</span> <span class='ocrx_word' id='word_1_10' title='bbox 677 403 941 473; x_wconf 81' lang='grc' dir='ltr'>βασιλέως</span> <span class='ocrx_word' id='word_1_11' title='bbox 965 407 1130 461; x_wconf 82' lang='grc' dir='ltr'>Δαϐίδ</span> <span class='ocrx_word' id='word_1_12' title='bbox 1161 426 1174 474; x_wconf 90' lang='lat'><strong>;</strong></span> <span class='ocrx_word' id='word_1_13' title='bbox 1210 411 1373 480; x_wconf 79' lang='grc' dir='ltr'>ἡνίκα</span> <span class='ocrx_word' id='word_1_14' title='bbox 1408 413 1798 486; x_wconf 75' lang='grc' dir='ltr'>διαρῤαγὲντες</span> <span class='ocrx_word' id='word_1_15' title='bbox 1859 416 1951 475; x_wconf 76' lang='grc' dir='ltr'><strong>ἐκ,</strong></span> 
     </span>
    </p>
   </div>
   <div class='ocr_carea' id='block_1_4' title="bbox 2038 402 3594 490">
    <p class='ocr_par' dir='ltr' id='par_1_4' title="bbox 2038 418 3594 490">
     <span class='ocr_line' id='line_1_4' title="bbox 2038 418 3594 490; baseline 0.003 -19"><span class='ocrx_word' id='word_1_16' title='bbox 2038 418 2117 486; x_wconf 77' lang='grc' dir='ltr'>ξιιιί</span> <span class='ocrx_word' id='word_1_17' title='bbox 2148 430 2336 473; x_wconf 88' lang='lat' dir='ltr'><strong>contra</strong></span> <span class='ocrx_word' id='word_1_18' title='bbox 2368 430 2574 488; x_wconf 87' lang='lat' dir='ltr'><strong>patrem</strong></span> <span class='ocrx_word' id='word_1_19' title='bbox 2602 431 2655 475; x_wconf 92' lang='lat' dir='ltr'><strong>et</strong></span> <span class='ocrx_word' id='word_1_20' title='bbox 2676 435 2854 487; x_wconf 74' lang='lat' dir='ltr'><strong>regem</strong></span> <span class='ocrx_word' id='word_1_21' title='bbox 2883 419 3197 490; x_wconf 81' lang='lat' dir='ltr'><strong>tyrannicas</strong></span> <span class='ocrx_word' id='word_1_22' title='bbox 3224 435 3418 474; x_wconf 89' lang='lat' dir='ltr'><strong>manus</strong></span> <span class='ocrx_word' id='word_1_23' title='bbox 3447 422 3594 475; x_wconf 83' lang='lat' dir='ltr'><strong>leva-</strong></span> 
     </span>
    </p>
   </div>
   <div class='ocr_carea' id='block_1_5' title="bbox 334 494 1922 580">
    <p class='ocr_par' dir='ltr' id='par_1_5' title="bbox 334 494 1922 580">
     <span class='ocr_line' id='line_1_5' title="bbox 334 494 1922 580; baseline 0.012 -35"><span class='ocrx_word' id='word_1_24' title='bbox 334 494 502 564; x_wconf 84' lang='grc' dir='ltr'>νόμου</span> <span class='ocrx_word' id='word_1_25' title='bbox 551 496 650 547; x_wconf 82' lang='grc' dir='ltr'>καὶ</span> <span class='ocrx_word' id='word_1_26' title='bbox 693 495 910 560; x_wconf 76' lang='grc' dir='ltr'>δικαίας</span> <span class='ocrx_word' id='word_1_27' title='bbox 937 500 1112 570; x_wconf 82' lang='grc' dir='ltr'>ἀρχῆς</span> <span class='ocrx_word' id='word_1_28' title='bbox 1141 501 1218 571; x_wconf 84' lang='grc' dir='ltr'>τῷ</span> <span class='ocrx_word' id='word_1_29' title='bbox 1254 504 1393 557; x_wconf 78' lang='grc' dir='ltr'>κατὰ</span> <span class='ocrx_word' id='word_1_30' title='bbox 1439 507 1643 574; x_wconf 70' lang='grc' dir='ltr'>πατρὸς</span> <span class='ocrx_word' id='word_1_31' title='bbox 1689 513 1782 562; x_wconf 79' lang='grc' dir='ltr'><strong>καὶ</strong></span> <span class='ocrx_word' id='word_1_32' title='bbox 1823 510 1922 580; x_wconf 85' lang='grc' dir='ltr'><strong>βα-</strong></span> 
     </span>
    </p>
   </div>
   <div class='ocr_carea' id='block_1_6' title="bbox 337 584 1921 670">
    <p class='ocr_par' dir='ltr' id='par_1_6' title="bbox 337 584 1921 670">
     <span class='ocr_line' id='line_1_6' title="bbox 337 584 1921 670; baseline 0.011 -35"><span class='ocrx_word' id='word_1_33' title='bbox 337 584 527 648; x_wconf 77' lang='grc' dir='ltr'>σιλέως</span> <span class='ocrx_word' id='word_1_34' title='bbox 560 588 887 654; x_wconf 76' lang='grc' dir='ltr'><strong>τυραννικὰς</strong></span> <span class='ocrx_word' id='word_1_35' title='bbox 913 593 1106 661; x_wconf 82' lang='grc' dir='ltr'>χεῖρας</span> <span class='ocrx_word' id='word_1_36' title='bbox 1151 593 1463 664; x_wconf 80' lang='grc' dir='ltr'>ἁντάραντι,</span> <span class='ocrx_word' id='word_1_37' title='bbox 1497 598 1592 648; x_wconf 73' lang='grc' dir='ltr'>καὶ</span> <span class='ocrx_word' id='word_1_38' title='bbox 1650 601 1784 668; x_wconf 84' lang='grc' dir='ltr'>μήτε</span> <span class='ocrx_word' id='word_1_39' title='bbox 1819 601 1921 670; x_wconf 83' lang='grc' dir='ltr'><strong>τὴν</strong></span> 
     </span>
    </p>
   </div>
   <div class='ocr_carea' id='block_1_7' title="bbox 337 675 1924 762">
    <p class='ocr_par' dir='ltr' id='par_1_7' title="bbox 337 675 1924 762">
     <span class='ocr_line' id='line_1_7' title="bbox 337 675 1924 762; baseline 0.012 -35"><span class='ocrx_word' id='word_1_40' title='bbox 337 675 502 744; x_wconf 78' lang='grc' dir='ltr'>φύσιν</span> <span class='ocrx_word' id='word_1_41' title='bbox 554 677 932 748; x_wconf 79' lang='grc' dir='ltr'>εὐλαϐηθέντι,</span> <span class='ocrx_word' id='word_1_42' title='bbox 965 683 1101 751; x_wconf 80' lang='grc' dir='ltr'>μήτε</span> <span class='ocrx_word' id='word_1_43' title='bbox 1149 683 1210 735; x_wconf 85' lang='grc' dir='ltr'><strong>τὸ</strong></span> <span class='ocrx_word' id='word_1_44' title='bbox 1236 685 1334 754; x_wconf 82' lang='grc' dir='ltr'>τῆς</span> <span class='ocrx_word' id='word_1_45' title='bbox 1391 684 1669 754; x_wconf 75' lang='grc' dir='ltr'>βασιλείας</span> <span class='ocrx_word' id='word_1_46' title='bbox 1703 691 1924 762; x_wconf 80' lang='grc' dir='ltr'>ἀξίωμα</span> 
     </span>
    </p>
   </div>
   <div class='ocr_carea' id='block_1_8' title="bbox 334 769 1920 857">
    <p class='ocr_par' dir='ltr' id='par_1_8' title="bbox 334 769 1920 857">
     <span class='ocr_line' id='line_1_8' title="bbox 334 769 1920 857; baseline 0.01 -35"><span class='ocrx_word' id='word_1_47' title='bbox 334 769 730 837; x_wconf 80' lang='grc' dir='ltr'>δυσωπηθέντι,</span> <span class='ocrx_word' id='word_1_48' title='bbox 775 776 1248 847; x_wconf 80' lang='grc' dir='ltr'>συνεπανέστησάν</span> <span class='ocrx_word' id='word_1_49' title='bbox 1284 795 1342 831; x_wconf 83' lang='grc' dir='ltr'><strong>τε</strong></span> <span class='ocrx_word' id='word_1_50' title='bbox 1372 784 1465 832; x_wconf 77' lang='grc' dir='ltr'><strong>καὶ</strong></span> <span class='ocrx_word' id='word_1_51' title='bbox 1510 786 1920 857; x_wconf 81' lang='grc' dir='ltr'>συναπεστάτη-</span> 
     </span>
    </p>
   </div>
   <div class='ocr_carea' id='block_1_9' title="bbox 339 856 1916 954">
    <p class='ocr_par' dir='ltr' id='par_1_9' title="bbox 339 856 1916 954">
     <span class='ocr_line' id='line_1_9' title="bbox 339 856 1916 954; baseline 0.013 -43"><span class='ocrx_word' id='word_1_52' title='bbox 339 875 457 913; x_wconf 88' lang='grc' dir='ltr'>σαν.</span> <span class='ocrx_word' id='word_1_53' title='bbox 515 861 604 926; x_wconf 84' lang='grc' dir='ltr'><strong>Ἐξ</strong></span> <span class='ocrx_word' id='word_1_54' title='bbox 646 856 720 954; x_wconf 52' lang='grc' dir='ltr'>οὗ.</span> <span class='ocrx_word' id='word_1_55' title='bbox 757 864 960 936; x_wconf 78' lang='grc' dir='ltr'>κυρίως</span> <span class='ocrx_word' id='word_1_56' title='bbox 1001 867 1100 935; x_wconf 79' lang='grc' dir='ltr'><strong>μὲν</strong></span> <span class='ocrx_word' id='word_1_57' title='bbox 1135 870 1256 922; x_wconf 84' lang='grc' dir='ltr'>κατ’</span> <span class='ocrx_word' id='word_1_58' title='bbox 1309 871 1550 942; x_wconf 78' lang='grc' dir='ltr'>ἀλλήλων</span> <span class='ocrx_word' id='word_1_59' title='bbox 1593 876 1856 947; x_wconf 79' lang='grc' dir='ltr'>ἐρῤυήκει</span> <span class='ocrx_word' id='word_1_60' title='bbox 1880 856 1916 931; x_wconf 85' lang='lat'><strong>6</strong></span> 
     </span>
    </p>
   </div>
   <div class='ocr_carea' id='block_1_10' title="bbox 339 953 1918 1035">
    <p class='ocr_par' dir='ltr' id='par_1_10' title="bbox 339 953 1918 1035">
     <span class='ocr_line' id='line_1_10' title="bbox 339 953 1918 1035; baseline 0.001 -15"><span class='ocrx_word' id='word_1_61' title='bbox 339 953 519 1020; x_wconf 69' lang='grc' dir='ltr'><strong>φόνοςν</strong></span> <span class='ocrx_word' id='word_1_62' title='bbox 546 953 772 1016; x_wconf 15' lang='grc' dir='ltr'><strong>ἅπαςνδὲ</strong></span> <span class='ocrx_word' id='word_1_63' title='bbox 834 954 1043 1024; x_wconf 66' lang='grc' dir='ltr'><strong>φύσεως</strong></span> <span class='ocrx_word' id='word_1_64' title='bbox 1083 963 1436 1035; x_wconf 70' lang='grc' dir='ltr'><strong>κατεπατήθη</strong></span> <span class='ocrx_word' id='word_1_65' title='bbox 1471 966 1657 1034; x_wconf 81' lang='grc' dir='ltr'>νόμος,</span> <span class='ocrx_word' id='word_1_66' title='bbox 1713 969 1918 1022; x_wconf 75' lang='grc' dir='ltr'>παίδων</span> 
     </span>
    </p>
   </div>
   <div class='ocr_carea' id='block_1_11' title="bbox 341 1045 1918 1127">
    <p class='ocr_par' dir='ltr' id='par_1_11' title="bbox 341 1045 1918 1127">
     <span class='ocr_line' id='line_1_11' title="bbox 341 1045 1918 1127; baseline 0.01 -32"><span class='ocrx_word' id='word_1_67' title='bbox 341 1045 605 1108; x_wconf 73' lang='grc' dir='ltr'><strong>πολλάκις</strong></span> <span class='ocrx_word' id='word_1_68' title='bbox 635 1050 778 1100; x_wconf 75' lang='grc' dir='ltr'>κατὰ</span> <span class='ocrx_word' id='word_1_69' title='bbox 803 1049 1055 1119; x_wconf 77' lang='grc' dir='ltr'>πατέρων</span> <span class='ocrx_word' id='word_1_70' title='bbox 1082 1053 1151 1104; x_wconf 83' lang='grc' dir='ltr'>τὰ</span> <span class='ocrx_word' id='word_1_71' title='bbox 1173 1050 1300 1123; x_wconf 76' lang='grc' dir='ltr'>ξίφη</span> <span class='ocrx_word' id='word_1_72' title='bbox 1329 1055 1622 1125; x_wconf 74' lang='grc' dir='ltr'>φερόντων,</span> <span class='ocrx_word' id='word_1_73' title='bbox 1639 1059 1732 1110; x_wconf 62' lang='grc' dir='ltr'><strong>καὶ</strong></span> <span class='ocrx_word' id='word_1_74' title='bbox 1752 1061 1778 1111; x_wconf 88' lang='lat'><strong>6</strong></span> <span class='ocrx_word' id='word_1_75' title='bbox 1796 1060 1918 1127; x_wconf 77' lang='grc' dir='ltr'>φίλ-</span> 
     </span>
    </p>
   </div>
   <div class='ocr_carea' id='block_1_12' title="bbox 338 1137 1920 1217">
    <p class='ocr_par' dir='ltr' id='par_1_12' title="bbox 338 1137 1920 1217">
     <span class='ocr_line' id='line_1_12' title="bbox 338 1137 1920 1217; baseline 0.011 -31"><span class='ocrx_word' id='word_1_76' title='bbox 338 1151 501 1199; x_wconf 88' lang='grc' dir='ltr'>τατος</span> <span class='ocrx_word' id='word_1_77' title='bbox 527 1137 642 1201; x_wconf 81' lang='grc' dir='ltr'>υίὸς</span> <span class='ocrx_word' id='word_1_78' title='bbox 685 1140 868 1209; x_wconf 69' lang='grc' dir='ltr'>χειρὸς</span> <span class='ocrx_word' id='word_1_79' title='bbox 897 1144 1169 1213; x_wconf 84' lang='grc' dir='ltr'>πατρικῆς</span> <span class='ocrx_word' id='word_1_80' title='bbox 1196 1144 1358 1215; x_wconf 81' lang='grc' dir='ltr'>ἔργον</span> <span class='ocrx_word' id='word_1_81' title='bbox 1387 1147 1654 1217; x_wconf 78' lang='grc' dir='ltr'>κείμενος·</span> <span class='ocrx_word' id='word_1_82' title='bbox 1694 1151 1920 1204; x_wconf 81' lang='grc' dir='ltr'>τοιαῦτα</span> 
     </span>
    </p>
   </div>
   <div class='ocr_carea' id='block_1_13' title="bbox 339 1227 1920 1311">
    <p class='ocr_par' dir='ltr' id='par_1_13' title="bbox 339 1227 1920 1311">
     <span class='ocr_line' id='line_1_13' title="bbox 339 1227 1920 1311; baseline 0.011 -33"><span class='ocrx_word' id='word_1_83' title='bbox 339 1228 448 1297; x_wconf 77' lang='grc' dir='ltr'>γὰρ</span> <span class='ocrx_word' id='word_1_84' title='bbox 473 1227 544 1281; x_wconf 82' lang='grc' dir='ltr'>τὰ</span> <span class='ocrx_word' id='word_1_85' title='bbox 599 1230 745 1283; x_wconf 76' lang='grc' dir='ltr'>κακὰ</span> <span class='ocrx_word' id='word_1_86' title='bbox 800 1232 898 1302; x_wconf 84' lang='grc' dir='ltr'>τῆς</span> <span class='ocrx_word' id='word_1_87' title='bbox 951 1234 1214 1302; x_wconf 78' lang='grc' dir='ltr'>ἐμφυλίου</span> <span class='ocrx_word' id='word_1_88' title='bbox 1273 1237 1534 1301; x_wconf 74' lang='grc' dir='ltr'>στάσεως.</span> <span class='ocrx_word' id='word_1_89' title='bbox 1579 1239 1794 1311; x_wconf 77' lang='grc' dir='ltr'><strong>Ταύτης</strong></span> <span class='ocrx_word' id='word_1_90' title='bbox 1827 1237 1920 1295; x_wconf 80' lang='grc' dir='ltr'>οὖν</span> 
     </span>
    </p>
   </div>
   <div class='ocr_carea' id='block_1_14' title="bbox 339 1318 1917 1401">
    <p class='ocr_par' dir='ltr' id='par_1_14' title="bbox 339 1318 1917 1401">
     <span class='ocr_line' id='line_1_14' title="bbox 339 1318 1917 1401; baseline 0.011 -33"><span class='ocrx_word' id='word_1_91' title='bbox 339 1318 438 1387; x_wconf 82' lang='grc' dir='ltr'><strong>τῆς</strong></span> <span class='ocrx_word' id='word_1_92' title='bbox 467 1318 588 1371; x_wconf 83' lang='grc' dir='ltr'>κατ’</span> <span class='ocrx_word' id='word_1_93' title='bbox 641 1320 891 1392; x_wconf 83' lang='grc' dir='ltr'>ἀλλήλων</span> <span class='ocrx_word' id='word_1_94' title='bbox 922 1325 1256 1393; x_wconf 79' lang='grc' dir='ltr'>μιαιφονίας,</span> <span class='ocrx_word' id='word_1_95' title='bbox 1301 1328 1509 1390; x_wconf 84' lang='grc' dir='ltr'>δίκαιος</span> <span class='ocrx_word' id='word_1_96' title='bbox 1560 1319 1627 1400; x_wconf 74' lang='grc' dir='ltr'>ἦν</span> <span class='ocrx_word' id='word_1_97' title='bbox 1661 1331 1917 1401; x_wconf 82' lang='grc' dir='ltr'>ὑποσχεῖν</span> 
     </span>
    </p>
   </div>
   <div class='ocr_carea' id='block_1_15' title="bbox 340 1410 1916 1494">
    <p class='ocr_par' dir='ltr' id='par_1_15' title="bbox 340 1410 1916 1494">
     <span class='ocr_line' id='line_1_15' title="bbox 340 1410 1916 1494; baseline 0.011 -34"><span class='ocrx_word' id='word_1_98' title='bbox 340 1410 438 1477; x_wconf 80' lang='grc' dir='ltr'>τὴν</span> <span class='ocrx_word' id='word_1_99' title='bbox 464 1413 733 1480; x_wconf 81' lang='grc' dir='ltr'>τιμωρίαν</span> <span class='ocrx_word' id='word_1_100' title='bbox 759 1411 788 1464; x_wconf 90' lang='lat'><strong>6</strong></span> <span class='ocrx_word' id='word_1_101' title='bbox 831 1415 1069 1486; x_wconf 86' lang='grc' dir='ltr'>Ἰσραήλ·</span> <span class='ocrx_word' id='word_1_102' title='bbox 1111 1418 1234 1470; x_wconf 78' lang='grc' dir='ltr'>ἐπεὶ</span> <span class='ocrx_word' id='word_1_103' title='bbox 1262 1419 1318 1471; x_wconf 83' lang='grc' dir='ltr'>δὲ</span> <span class='ocrx_word' id='word_1_104' title='bbox 1361 1420 1473 1473; x_wconf 74' lang='grc' dir='ltr'>ἔδει</span> <span class='ocrx_word' id='word_1_105' title='bbox 1522 1423 1916 1494; x_wconf 82' lang='grc' dir='ltr'>ποινηλαθῆναι</span> 
     </span>
    </p>
   </div>
   <div class='ocr_carea' id='block_1_16' title="bbox 2027 513 3595 582">
    <p class='ocr_par' dir='ltr' id='par_1_16' title="bbox 2027 513 3595 582">
     <span class='ocr_line' id='line_1_16' title="bbox 2027 513 3595 582; baseline 0.003 -21"><span class='ocrx_word' id='word_1_106' title='bbox 2027 519 2198 574; x_wconf 86' lang='lat' dir='ltr'><strong>verat,</strong></span> <span class='ocrx_word' id='word_1_107' title='bbox 2230 513 2378 564; x_wconf 89' lang='lat' dir='ltr'><strong>nullo</strong></span> <span class='ocrx_word' id='word_1_108' title='bbox 2411 523 2618 565; x_wconf 73' lang='lat' dir='ltr'><strong>natura:</strong></span> <span class='ocrx_word' id='word_1_109' title='bbox 2652 519 2924 580; x_wconf 86' lang='lat' dir='ltr'><strong>respectu,</strong></span> <span class='ocrx_word' id='word_1_110' title='bbox 2953 513 3096 566; x_wconf 88' lang='lat' dir='ltr'><strong>nulla</strong></span> <span class='ocrx_word' id='word_1_111' title='bbox 3123 514 3402 582; x_wconf 74' lang='lat' dir='ltr'><strong>dignitatis</strong></span> <span class='ocrx_word' id='word_1_112' title='bbox 3434 514 3595 582; x_wconf 72' lang='lat' dir='ltr'><strong>regite</strong></span> 
     </span>
    </p>
   </div>
   <div class='ocr_carea' id='block_1_17' title="bbox 2025 603 3591 664">
    <p class='ocr_par' dir='ltr' id='par_1_17' title="bbox 2025 603 3591 664">
     <span class='ocr_line' id='line_1_17' title="bbox 2025 603 3591 664; baseline 0.001 -10"><span class='ocrx_word' id='word_1_113' title='bbox 2025 604 2347 664; x_wconf 87' lang='lat' dir='ltr'><strong>reverentia,</strong></span> <span class='ocrx_word' id='word_1_114' title='bbox 2407 613 2867 658; x_wconf 78' lang='lat' dir='ltr'><strong>consurrexerunt</strong></span> <span class='ocrx_word' id='word_1_115' title='bbox 2907 615 2959 657; x_wconf 88' lang='lat' dir='ltr'><strong>et</strong></span> <span class='ocrx_word' id='word_1_116' title='bbox 3005 603 3171 657; x_wconf 84' lang='lat' dir='ltr'><strong>simul</strong></span> <span class='ocrx_word' id='word_1_117' title='bbox 3228 614 3591 657; x_wconf 86' lang='lat' dir='ltr'><strong>secesserunt.</strong></span> 
     </span>
    </p>
   </div>
   <div class='ocr_carea' id='block_1_18' title="bbox 2023 689 3596 755">
    <p class='ocr_par' dir='ltr' id='par_1_18' title="bbox 2023 689 3596 755">
     <span class='ocr_line' id='line_1_18' title="bbox 2023 689 3596 755; baseline 0.001 -12"><span class='ocrx_word' id='word_1_118' title='bbox 2023 689 2142 755; x_wconf 85' lang='lat' dir='ltr'><strong>Quo</strong></span> <span class='ocrx_word' id='word_1_119' title='bbox 2186 691 2388 745; x_wconf 83' lang='lat' dir='ltr'><strong>factum</strong></span> <span class='ocrx_word' id='word_1_120' title='bbox 2443 706 2525 748; x_wconf 91' lang='lat' dir='ltr'><strong>est</strong></span> <span class='ocrx_word' id='word_1_121' title='bbox 2565 704 2621 748; x_wconf 90' lang='lat' dir='ltr'><strong>ut</strong></span> <span class='ocrx_word' id='word_1_122' title='bbox 2652 693 2739 746; x_wconf 83' lang='lat' dir='ltr'><strong>alii</strong></span> <span class='ocrx_word' id='word_1_123' title='bbox 2797 693 2933 748; x_wconf 91' lang='lat' dir='ltr'><strong>alios</strong></span> <span class='ocrx_word' id='word_1_124' title='bbox 2966 691 3257 748; x_wconf 72' lang='lat' dir='ltr'><strong>crudeliter</strong></span> <span class='ocrx_word' id='word_1_125' title='bbox 3287 693 3596 746; x_wconf 87' lang='lat' dir='ltr'><strong>trucidave-</strong></span> 
     </span>
    </p>
   </div>
   <div class='ocr_carea' id='block_1_19' title="bbox 2021 783 3593 857">
    <p class='ocr_par' dir='ltr' id='par_1_19' title="bbox 2021 783 3593 857">
     <span class='ocr_line' id='line_1_19' title="bbox 2021 783 3593 857; baseline 0.001 -22"><span class='ocrx_word' id='word_1_126' title='bbox 2021 783 2153 849; x_wconf 89' lang='lat' dir='ltr'><strong>rint,</strong></span> <span class='ocrx_word' id='word_1_127' title='bbox 2180 794 2233 838; x_wconf 88' lang='lat' dir='ltr'><strong>et</strong></span> <span class='ocrx_word' id='word_1_128' title='bbox 2261 801 2451 837; x_wconf 81' lang='lat' dir='ltr'><strong>omnes</strong></span> <span class='ocrx_word' id='word_1_129' title='bbox 2482 797 2689 839; x_wconf 76' lang='lat' dir='ltr'><strong>natura:</strong></span> <span class='ocrx_word' id='word_1_130' title='bbox 2713 789 2858 857; x_wconf 78' lang='lat' dir='ltr'><strong>leges</strong></span> <span class='ocrx_word' id='word_1_131' title='bbox 2878 785 3104 854; x_wconf 83' lang='lat' dir='ltr'><strong>pedibus</strong></span> <span class='ocrx_word' id='word_1_132' title='bbox 3132 786 3593 847; x_wconf 86' lang='lat' dir='ltr'><strong>conculcavcrint,</strong></span> 
     </span>
    </p>
   </div>
   <div class='ocr_carea' id='block_1_20' title="bbox 2019 873 3594 948">
    <p class='ocr_par' dir='ltr' id='par_1_20' title="bbox 2019 873 3594 948">
     <span class='ocr_line' id='line_1_20' title="bbox 2019 873 3594 948; baseline 0.001 -21"><span class='ocrx_word' id='word_1_133' title='bbox 2019 873 2143 928; x_wconf 81' lang='lat' dir='ltr'><strong>ﬁliis</strong></span> <span class='ocrx_word' id='word_1_134' title='bbox 2196 891 2335 944; x_wconf 69' lang='lat' dir='ltr'><strong>saepe</strong></span> <span class='ocrx_word' id='word_1_135' title='bbox 2371 886 2558 930; x_wconf 88' lang='lat' dir='ltr'><strong>contra</strong></span> <span class='ocrx_word' id='word_1_136' title='bbox 2610 889 2791 946; x_wconf 85' lang='lat' dir='ltr'><strong>patres</strong></span> <span class='ocrx_word' id='word_1_137' title='bbox 2845 877 3085 948; x_wconf 74' lang='lat' dir='ltr'><strong>gladium</strong></span> <span class='ocrx_word' id='word_1_138' title='bbox 3142 876 3482 937; x_wconf 81' lang='lat' dir='ltr'><strong>ferentibus.</strong></span> <span class='ocrx_word' id='word_1_139' title='bbox 3540 885 3594 928; x_wconf 87' lang='lat' dir='ltr'><strong>et</strong></span> 
     </span>
    </p>
   </div>
   <div class='ocr_carea' id='block_1_21' title="bbox 2016 967 3589 1039">
    <p class='ocr_par' dir='ltr' id='par_1_21' title="bbox 2016 967 3589 1039">
     <span class='ocr_line' id='line_1_21' title="bbox 2016 967 3589 1039; baseline 0 -19"><span class='ocrx_word' id='word_1_140' title='bbox 2016 968 2342 1022; x_wconf 81' lang='lat' dir='ltr'><strong>charissimo</strong></span> <span class='ocrx_word' id='word_1_141' title='bbox 2377 969 2486 1022; x_wconf 85' lang='lat' dir='ltr'><strong>ﬁlio</strong></span> <span class='ocrx_word' id='word_1_142' title='bbox 2519 986 2680 1023; x_wconf 86' lang='lat' dir='ltr'><strong>manu</strong></span> <span class='ocrx_word' id='word_1_143' title='bbox 2725 982 2951 1039; x_wconf 88' lang='lat' dir='ltr'><strong>paterna</strong></span> <span class='ocrx_word' id='word_1_144' title='bbox 3016 970 3250 1037; x_wconf 88' lang='lat' dir='ltr'><strong>jaccnte.</strong></span> <span class='ocrx_word' id='word_1_145' title='bbox 3296 967 3418 1021; x_wconf 76' lang='lat' dir='ltr'><strong>lla-c,</strong></span> <span class='ocrx_word' id='word_1_146' title='bbox 3459 980 3589 1020; x_wconf 86' lang='lat' dir='ltr'><strong>sunt</strong></span> 
     </span>
    </p>
   </div>
   <div class='ocr_carea' id='block_1_22' title="bbox 2016 1060 3596 1129">
    <p class='ocr_par' dir='ltr' id='par_1_22' title="bbox 2016 1060 3596 1129">
     <span class='ocr_line' id='line_1_22' title="bbox 2016 1060 3596 1129; baseline -0.002 -17"><span class='ocrx_word' id='word_1_147' title='bbox 2016 1061 2159 1112; x_wconf 86' lang='lat' dir='ltr'><strong>enim</strong></span> <span class='ocrx_word' id='word_1_148' title='bbox 2185 1060 2307 1114; x_wconf 81' lang='lat' dir='ltr'><strong>belli</strong></span> <span class='ocrx_word' id='word_1_149' title='bbox 2350 1061 2526 1116; x_wconf 81' lang='lat' dir='ltr'><strong>civilis</strong></span> <span class='ocrx_word' id='word_1_150' title='bbox 2555 1061 2691 1114; x_wconf 89' lang='lat' dir='ltr'><strong>mala</strong></span> <span class='ocrx_word' id='word_1_151' title='bbox 2720 1081 2736 1128; x_wconf 90' lang='lat'><strong>;</strong></span> <span class='ocrx_word' id='word_1_152' title='bbox 2773 1063 2929 1129; x_wconf 79' lang='lat' dir='ltr'><strong>cujus</strong></span> <span class='ocrx_word' id='word_1_153' title='bbox 2959 1071 3154 1115; x_wconf 79' lang='lat' dir='ltr'><strong>autem</strong></span> <span class='ocrx_word' id='word_1_154' title='bbox 3197 1075 3398 1114; x_wconf 76' lang='lat' dir='ltr'><strong>mntnzc</strong></span> <span class='ocrx_word' id='word_1_155' title='bbox 3429 1061 3596 1112; x_wconf 71' lang='lat' dir='ltr'><strong>credis</strong></span> 
     </span>
    </p>
   </div>
   <div class='ocr_carea' id='block_1_23' title="bbox 2017 1151 3595 1221">
    <p class='ocr_par' dir='ltr' id='par_1_23' title="bbox 2017 1151 3595 1221">
     <span class='ocr_line' id='line_1_23' title="bbox 2017 1151 3595 1221; baseline -0.001 -18"><span class='ocrx_word' id='word_1_156' title='bbox 2017 1165 2230 1219; x_wconf 68' lang='lat' dir='ltr'><strong>tequum</strong></span> <span class='ocrx_word' id='word_1_157' title='bbox 2265 1163 2382 1205; x_wconf 88' lang='lat' dir='ltr'><strong>erat</strong></span> <span class='ocrx_word' id='word_1_158' title='bbox 2411 1169 2600 1221; x_wconf 78' lang='lat' dir='ltr'><strong>poenas</strong></span> <span class='ocrx_word' id='word_1_159' title='bbox 2639 1153 2768 1206; x_wconf 86' lang='lat' dir='ltr'><strong>dare</strong></span> <span class='ocrx_word' id='word_1_160' title='bbox 2831 1152 3019 1206; x_wconf 68' lang='lat' dir='ltr'><strong>Israel.</strong></span> <span class='ocrx_word' id='word_1_161' title='bbox 3057 1152 3192 1204; x_wconf 70' lang='lat' dir='ltr'><strong>Cnn&#39;i</strong></span> <span class='ocrx_word' id='word_1_162' title='bbox 3227 1162 3404 1204; x_wconf 87' lang='lat' dir='ltr'><strong>autem</strong></span> <span class='ocrx_word' id='word_1_163' title='bbox 3446 1151 3595 1202; x_wconf 90' lang='lat' dir='ltr'><strong>illum</strong></span> 
     </span>
    </p>
   </div>
   <div class='ocr_carea' id='block_1_24' title="bbox 2022 1244 3597 1315">
    <p class='ocr_par' dir='ltr' id='par_1_24' title="bbox 2022 1244 3597 1315">
     <span class='ocr_line' id='line_1_24' title="bbox 2022 1244 3597 1315; baseline -0.001 -20"><span class='ocrx_word' id='word_1_164' title='bbox 2022 1259 2195 1313; x_wconf 74' lang='lat' dir='ltr'><strong>poena:</strong></span> <span class='ocrx_word' id='word_1_165' title='bbox 2252 1261 2474 1299; x_wconf 77' lang='lat' dir='ltr'><strong>causam</strong></span> <span class='ocrx_word' id='word_1_166' title='bbox 2527 1247 2739 1300; x_wconf 85' lang='lat' dir='ltr'><strong>nescire</strong></span> <span class='ocrx_word' id='word_1_167' title='bbox 2794 1255 3090 1315; x_wconf 84' lang='lat' dir='ltr'><strong>oporteret,</strong></span> <span class='ocrx_word' id='word_1_168' title='bbox 3140 1247 3281 1298; x_wconf 81' lang='lat' dir='ltr'><strong>sicut</strong></span> <span class='ocrx_word' id='word_1_169' title='bbox 3346 1244 3597 1314; x_wconf 64' lang='lat' dir='ltr'><strong>quoniam</strong></span> 
     </span>
    </p>
   </div>
   <div class='ocr_carea' id='block_1_25' title="bbox 2023 1335 3604 1404">
    <p class='ocr_par' dir='ltr' id='par_1_25' title="bbox 2023 1335 3604 1404">
     <span class='ocr_line' id='line_1_25' title="bbox 2023 1335 3604 1404; baseline -0.001 -16"><span class='ocrx_word' id='word_1_170' title='bbox 2023 1335 2342 1404; x_wconf 84' lang='lat' dir='ltr'><strong>principalis</strong></span> <span class='ocrx_word' id='word_1_171' title='bbox 2374 1353 2540 1391; x_wconf 89' lang='lat' dir='ltr'><strong>causa</strong></span> <span class='ocrx_word' id='word_1_172' title='bbox 2577 1337 2829 1390; x_wconf 75' lang='lat' dir='ltr'><strong>vindictm</strong></span> <span class='ocrx_word' id='word_1_173' title='bbox 2861 1338 3062 1390; x_wconf 84' lang='lat' dir='ltr'><strong>dicitur</strong></span> <span class='ocrx_word' id='word_1_174' title='bbox 3114 1337 3366 1390; x_wconf 87' lang='lat' dir='ltr'><strong>Davidcm</strong></span> <span class='ocrx_word' id='word_1_175' title='bbox 3400 1337 3604 1390; x_wconf 78' lang='lat' dir='ltr'><strong>excita-</strong></span> 
     </span>
    </p>
   </div>
   <div class='ocr_carea' id='block_1_26' title="bbox 2024 1427 3249 1497">
    <p class='ocr_par' dir='ltr' id='par_1_26' title="bbox 2024 1427 3249 1497">
     <span class='ocr_line' id='line_1_26' title="bbox 2024 1427 3249 1497; baseline 0.002 -18"><span class='ocrx_word' id='word_1_176' title='bbox 2024 1437 2137 1479; x_wconf 90' lang='lat' dir='ltr'><strong>tum</strong></span> <span class='ocrx_word' id='word_1_177' title='bbox 2178 1427 2347 1481; x_wconf 77' lang='lat' dir='ltr'><strong>fuisse</strong></span> <span class='ocrx_word' id='word_1_178' title='bbox 2376 1429 2442 1481; x_wconf 90' lang='lat' dir='ltr'><strong>ad</strong></span> <span class='ocrx_word' id='word_1_179' title='bbox 2478 1428 2732 1497; x_wconf 88' lang='lat' dir='ltr'><strong>populum</strong></span> <span class='ocrx_word' id='word_1_180' title='bbox 2767 1429 3249 1482; x_wconf 84' lang='lat' dir='ltr'><strong>dinumcramlum.</strong></span> 
     </span>
    </p>
   </div>
   <div class='ocr_carea' id='block_1_27' title="bbox 341 1498 3604 1590">
    <p class='ocr_par' dir='ltr' id='par_1_27' title="bbox 341 1498 3604 1590">
     <span class='ocr_line' id='line_1_27' title="bbox 341 1498 3604 1590; baseline 0.004 -35"><span class='ocrx_word' id='word_1_181' title='bbox 341 1503 524 1567; x_wconf 76' lang='grc' dir='ltr'>αὐτὸν,</span> <span class='ocrx_word' id='word_1_182' title='bbox 558 1498 668 1558; x_wconf 76' lang='grc' dir='ltr'>οἶόν</span> <span class='ocrx_word' id='word_1_183' title='bbox 705 1522 791 1568; x_wconf 89' lang='grc' dir='ltr'><strong>τις</strong></span> <span class='ocrx_word' id='word_1_184' title='bbox 825 1511 1275 1581; x_wconf 83' lang='grc' dir='ltr'>προκαταρκτικὴ</span> <span class='ocrx_word' id='word_1_185' title='bbox 1354 1512 1503 1565; x_wconf 86' lang='grc' dir='ltr'>αἰτία</span> <span class='ocrx_word' id='word_1_186' title='bbox 1562 1515 1832 1586; x_wconf 77' lang='grc' dir='ltr'>τιμωρίας</span> <span class='ocrx_word' id='word_1_187' title='bbox 1880 1513 2179 1571; x_wconf 81' lang='grc' dir='ltr'>διατίθεται</span> <span class='ocrx_word' id='word_1_188' title='bbox 2244 1516 2304 1571; x_wconf 75' lang='grc' dir='ltr'>τὸ</span> <span class='ocrx_word' id='word_1_189' title='bbox 2338 1519 2724 1588; x_wconf 82' lang='grc' dir='ltr'>ἁνασεισθῆναι</span> <span class='ocrx_word' id='word_1_190' title='bbox 2779 1519 2867 1571; x_wconf 82' lang='grc' dir='ltr'><strong>τὸν</strong></span> <span class='ocrx_word' id='word_1_191' title='bbox 2911 1519 3075 1572; x_wconf 71' lang='grc' dir='ltr'>Δαϐὶδ</span> <span class='ocrx_word' id='word_1_192' title='bbox 3109 1518 3466 1590; x_wconf 80' lang='grc' dir='ltr'>ἐξαριθμῆσαι</span> <span class='ocrx_word' id='word_1_193' title='bbox 3514 1516 3604 1569; x_wconf 71' lang='grc' dir='ltr'>τὸν</span> 
     </span>
    </p>
   </div>
   <div class='ocr_carea' id='block_1_28' title="bbox 340 1592 486 1650">
    <p class='ocr_par' dir='ltr' id='par_1_28' title="bbox 340 1592 486 1650">
     <span class='ocr_line' id='line_1_28' title="bbox 340 1592 486 1650; baseline 0.027 -4"><span class='ocrx_word' id='word_1_194' title='bbox 340 1592 486 1650; x_wconf 75' lang='grc' dir='ltr'>λαόν.</span> 
     </span>
    </p>
   </div>
   <div class='ocr_carea' id='block_1_29' title="bbox 414 1688 1951 1771">
    <p class='ocr_par' dir='ltr' id='par_1_29' title="bbox 414 1688 1922 1771">
     <span class='ocr_line' id='line_1_29' title="bbox 414 1688 1922 1771; baseline 0.007 -29"><span class='ocrx_word' id='word_1_195' title='bbox 414 1689 535 1742; x_wconf 76' lang='grc' dir='ltr'>Ὀτι</span> <span class='ocrx_word' id='word_1_196' title='bbox 552 1688 660 1760; x_wconf 83' lang='grc' dir='ltr'>γὰρ</span> <span class='ocrx_word' id='word_1_197' title='bbox 687 1691 804 1743; x_wconf 78' lang='grc' dir='ltr'><strong>οὐδέ</strong></span> <span class='ocrx_word' id='word_1_198' title='bbox 820 1689 926 1743; x_wconf 85' lang='grc' dir='ltr'><strong>τῶν</strong></span> <span class='ocrx_word' id='word_1_199' title='bbox 953 1692 1140 1746; x_wconf 83' lang='grc' dir='ltr'>δεινῶν</span> <span class='ocrx_word' id='word_1_200' title='bbox 1171 1695 1376 1766; x_wconf 77' lang='grc' dir='ltr'>σφόδρα</span> <span class='ocrx_word' id='word_1_201' title='bbox 1398 1696 1549 1766; x_wconf 73' lang='grc' dir='ltr'>παρὰ</span> <span class='ocrx_word' id='word_1_202' title='bbox 1575 1695 1836 1766; x_wconf 81' lang='grc' dir='ltr'>βασιλέως</span> <span class='ocrx_word' id='word_1_203' title='bbox 1855 1695 1922 1771; x_wconf 76' lang='grc' dir='ltr'>ἦν</span> 
     </span>
    </p>
   </div>
   <div class='ocr_carea' id='block_1_30' title="bbox 2038 1688 3602 1771">
    <p class='ocr_par' dir='ltr' id='par_1_30' title="bbox 2100 1691 3602 1765">
     <span class='ocr_line' id='line_1_30' title="bbox 2100 1691 3602 1765; baseline -0.005 -13"><span class='ocrx_word' id='word_1_204' title='bbox 2100 1698 2251 1765; x_wconf 87' lang='lat' dir='ltr'><strong>Quod</strong></span> <span class='ocrx_word' id='word_1_205' title='bbox 2284 1697 2427 1751; x_wconf 89' lang='lat' dir='ltr'><strong>enim</strong></span> <span class='ocrx_word' id='word_1_206' title='bbox 2461 1713 2566 1750; x_wconf 89' lang='lat' dir='ltr'><strong>non</strong></span> <span class='ocrx_word' id='word_1_207' title='bbox 2600 1706 2706 1750; x_wconf 90' lang='lat' dir='ltr'><strong>tam</strong></span> <span class='ocrx_word' id='word_1_208' title='bbox 2753 1695 2922 1750; x_wconf 80' lang='lat' dir='ltr'><strong>fuerit</strong></span> <span class='ocrx_word' id='word_1_209' title='bbox 2950 1696 3246 1749; x_wconf 80' lang='lat' dir='ltr'><strong>criminosa</strong></span> <span class='ocrx_word' id='word_1_210' title='bbox 3280 1694 3381 1748; x_wconf 89' lang='lat' dir='ltr'><strong>ista</strong></span> <span class='ocrx_word' id='word_1_211' title='bbox 3422 1691 3602 1761; x_wconf 81' lang='lat' dir='ltr'><strong>pepuli</strong></span> 
     </span>
    </p>
   </div>
   <div class='ocr_carea' id='block_1_31' title="bbox 341 1781 1917 1861">
    <p class='ocr_par' dir='ltr' id='par_1_31' title="bbox 341 1781 1917 1861">
     <span class='ocr_line' id='line_1_31' title="bbox 341 1781 1917 1861; baseline 0.008 -29"><span class='ocrx_word' id='word_1_212' title='bbox 341 1781 374 1852; x_wconf 84' lang='grc' dir='ltr'><strong>ἡ</strong></span> <span class='ocrx_word' id='word_1_213' title='bbox 405 1783 700 1852; x_wconf 86' lang='grc' dir='ltr'>ἀρίθμησις</span> <span class='ocrx_word' id='word_1_214' title='bbox 734 1784 826 1836; x_wconf 75' lang='grc' dir='ltr'>τοῦ</span> <span class='ocrx_word' id='word_1_215' title='bbox 882 1785 1034 1849; x_wconf 86' lang='grc' dir='ltr'>λαοῦ,</span> <span class='ocrx_word' id='word_1_216' title='bbox 1070 1785 1172 1840; x_wconf 71' lang='grc' dir='ltr'><strong>κᾶν</strong></span> <span class='ocrx_word' id='word_1_217' title='bbox 1223 1788 1318 1840; x_wconf 83' lang='grc' dir='ltr'>νῦν</span> <span class='ocrx_word' id='word_1_218' title='bbox 1363 1790 1443 1853; x_wconf 86' lang='grc' dir='ltr'>εἰς</span> <span class='ocrx_word' id='word_1_219' title='bbox 1501 1791 1681 1842; x_wconf 81' lang='grc' dir='ltr'>αἰτίαν</span> <span class='ocrx_word' id='word_1_220' title='bbox 1709 1792 1808 1861; x_wconf 76' lang='grc' dir='ltr'>τῆς</span> <span class='ocrx_word' id='word_1_221' title='bbox 1839 1811 1917 1845; x_wconf 83' lang='grc' dir='ltr'>τι-</span> 
     </span>
    </p>
   </div>
   <div class='ocr_carea' id='block_1_32' title="bbox 345 1875 1918 1951">
    <p class='ocr_par' dir='ltr' id='par_1_32' title="bbox 345 1875 1918 1951">
     <span class='ocr_line' id='line_1_32' title="bbox 345 1875 1918 1951; baseline 0.009 -26"><span class='ocrx_word' id='word_1_222' title='bbox 345 1875 560 1944; x_wconf 78' lang='grc' dir='ltr'>μωρίας</span> <span class='ocrx_word' id='word_1_223' title='bbox 596 1877 988 1947; x_wconf 72' lang='grc' dir='ltr'>παρείληπται,</span> <span class='ocrx_word' id='word_1_224' title='bbox 1036 1879 1186 1947; x_wconf 83' lang='grc' dir='ltr'>δηλοί</span> <span class='ocrx_word' id='word_1_225' title='bbox 1216 1883 1372 1951; x_wconf 68' lang='grc' dir='ltr'>καὶὴ</span> <span class='ocrx_word' id='word_1_226' title='bbox 1419 1884 1559 1951; x_wconf 76' lang='grc' dir='ltr'>μετὰ</span> <span class='ocrx_word' id='word_1_227' title='bbox 1599 1885 1771 1937; x_wconf 80' lang='grc' dir='ltr'>ταῦτα</span> <span class='ocrx_word' id='word_1_228' title='bbox 1812 1887 1918 1939; x_wconf 84' lang='grc' dir='ltr'>ἁπ-</span> 
     </span>
    </p>
   </div>
   <div class='ocr_carea' id='block_1_33' title="bbox 341 1964 1919 2052">
    <p class='ocr_par' dir='ltr' id='par_1_33' title="bbox 341 1964 1919 2052">
     <span class='ocr_line' id='line_1_33' title="bbox 341 1964 1919 2052; baseline 0.008 -36"><span class='ocrx_word' id='word_1_229' title='bbox 341 1964 639 2037; x_wconf 86' lang='grc' dir='ltr'>αρίθμησις</span> <span class='ocrx_word' id='word_1_230' title='bbox 686 1968 837 2038; x_wconf 76' lang='grc' dir='ltr'>παρὰ</span> <span class='ocrx_word' id='word_1_231' title='bbox 869 1969 944 2038; x_wconf 82' lang='grc' dir='ltr'><strong>τῷ</strong></span> <span class='ocrx_word' id='word_1_232' title='bbox 971 1971 1121 2040; x_wconf 78' lang='grc' dir='ltr'>αὐτῷ</span> <span class='ocrx_word' id='word_1_233' title='bbox 1167 1974 1510 2044; x_wconf 78' lang='grc' dir='ltr'>γεγενημένη</span> <span class='ocrx_word' id='word_1_234' title='bbox 1549 1976 1729 2028; x_wconf 73' lang='grc' dir='ltr'>Δαῦίδ’</span> <span class='ocrx_word' id='word_1_235' title='bbox 1769 1970 1919 2052; x_wconf 75' lang='grc' dir='ltr'><strong>ἐφ’ᾖ</strong></span> 
     </span>
    </p>
   </div>
   <div class='ocr_carea' id='block_1_34' title="bbox 342 2057 1921 2138">
    <p class='ocr_par' dir='ltr' id='par_1_34' title="bbox 342 2057 1921 2138">
     <span class='ocr_line' id='line_1_34' title="bbox 342 2057 1921 2138; baseline 0.006 -28"><span class='ocrx_word' id='word_1_236' title='bbox 342 2057 467 2112; x_wconf 72' lang='grc' dir='ltr'>οὔτε</span> <span class='ocrx_word' id='word_1_237' title='bbox 503 2076 556 2113; x_wconf 90' lang='grc' dir='ltr'><strong>τι</strong></span> <span class='ocrx_word' id='word_1_238' title='bbox 607 2061 770 2130; x_wconf 79' lang='grc' dir='ltr'>μηδὲν</span> <span class='ocrx_word' id='word_1_239' title='bbox 801 2063 1083 2132; x_wconf 80' lang='grc' dir='ltr'>ἀπήντησε</span> <span class='ocrx_word' id='word_1_240' title='bbox 1133 2065 1370 2134; x_wconf 78' lang='grc' dir='ltr'>πονηρὸν</span> <span class='ocrx_word' id='word_1_241' title='bbox 1420 2067 1514 2118; x_wconf 79' lang='grc' dir='ltr'><strong>καὶ</strong></span> <span class='ocrx_word' id='word_1_242' title='bbox 1565 2069 1701 2138; x_wconf 84' lang='grc' dir='ltr'>μήτε</span> <span class='ocrx_word' id='word_1_243' title='bbox 1751 2086 1921 2138; x_wconf 86' lang='grc' dir='ltr'>πονη-</span> 
     </span>
    </p>
   </div>
   <div class='ocr_carea' id='block_1_35' title="bbox 346 2153 1920 2231">
    <p class='ocr_par' dir='ltr' id='par_1_35' title="bbox 346 2153 1920 2231">
     <span class='ocr_line' id='line_1_35' title="bbox 346 2153 1920 2231; baseline 0.006 -27"><span class='ocrx_word' id='word_1_244' title='bbox 346 2153 469 2223; x_wconf 89' lang='grc' dir='ltr'>ρίας</span> <span class='ocrx_word' id='word_1_245' title='bbox 495 2154 798 2225; x_wconf 81' lang='grc' dir='ltr'>ἐγκλήματι</span> <span class='ocrx_word' id='word_1_246' title='bbox 826 2155 1129 2225; x_wconf 80' lang='grc' dir='ltr'>ὑπαχθεῖσα</span> <span class='ocrx_word' id='word_1_247' title='bbox 1162 2159 1299 2226; x_wconf 79' lang='grc' dir='ltr'>μήτε</span> <span class='ocrx_word' id='word_1_248' title='bbox 1339 2159 1461 2212; x_wconf 74' lang='grc' dir='ltr'>τινὰ</span> <span class='ocrx_word' id='word_1_249' title='bbox 1504 2159 1920 2231; x_wconf 76' lang='grc' dir='ltr'>ἐφελκυσαμένη</span> 
     </span>
    </p>
   </div>
   <div class='ocr_carea' id='block_1_36' title="bbox 345 2247 1924 2321">
    <p class='ocr_par' dir='ltr' id='par_1_36' title="bbox 345 2247 1924 2321">
     <span class='ocr_line' id='line_1_36' title="bbox 345 2247 1924 2321; baseline 0.004 -24"><span class='ocrx_word' id='word_1_250' title='bbox 345 2247 559 2315; x_wconf 82' lang='grc' dir='ltr'>ποινήν’</span> <span class='ocrx_word' id='word_1_251' title='bbox 615 2247 755 2317; x_wconf 72' lang='grc' dir='ltr'>αὕτη</span> <span class='ocrx_word' id='word_1_252' title='bbox 811 2248 868 2300; x_wconf 80' lang='grc' dir='ltr'>δὲ</span> <span class='ocrx_word' id='word_1_253' title='bbox 921 2247 1142 2318; x_wconf 74' lang='grc' dir='ltr'>περὶτὰ</span> <span class='ocrx_word' id='word_1_254' title='bbox 1190 2249 1317 2319; x_wconf 84' lang='grc' dir='ltr'>τέλη</span> <span class='ocrx_word' id='word_1_255' title='bbox 1375 2250 1564 2318; x_wconf 82' lang='grc' dir='ltr'>γέγονε</span> <span class='ocrx_word' id='word_1_256' title='bbox 1628 2251 1720 2303; x_wconf 73' lang='grc' dir='ltr'>τοῦ</span> <span class='ocrx_word' id='word_1_257' title='bbox 1772 2251 1924 2321; x_wconf 85' lang='grc' dir='ltr'>βασι-</span> 
     </span>
    </p>
   </div>
   <div class='ocr_carea' id='block_1_37' title="bbox 347 2337 1922 2415">
    <p class='ocr_par' dir='ltr' id='par_1_37' title="bbox 347 2337 1922 2415">
     <span class='ocr_line' id='line_1_37' title="bbox 347 2337 1922 2415; baseline 0.004 -26"><span class='ocrx_word' id='word_1_258' title='bbox 347 2337 502 2400; x_wconf 60' lang='grc' dir='ltr'>λέως</span> <span class='ocrx_word' id='word_1_259' title='bbox 532 2340 619 2392; x_wconf 81' lang='grc' dir='ltr'>ὅτε</span> <span class='ocrx_word' id='word_1_260' title='bbox 649 2343 741 2394; x_wconf 69' lang='lat' dir='ltr'><strong>xui.</strong></span> <span class='ocrx_word' id='word_1_261' title='bbox 778 2342 806 2394; x_wconf 96' lang='lat'><strong>6</strong></span> <span class='ocrx_word' id='word_1_262' title='bbox 828 2341 935 2394; x_wconf 83' lang='grc' dir='ltr'>τῶν</span> <span class='ocrx_word' id='word_1_263' title='bbox 992 2343 1237 2396; x_wconf 84' lang='grc' dir='ltr'>Λευῖτῶν</span> <span class='ocrx_word' id='word_1_264' title='bbox 1266 2343 1617 2414; x_wconf 74' lang='grc' dir='ltr'>συνελογίσθη</span> <span class='ocrx_word' id='word_1_265' title='bbox 1671 2344 1922 2415; x_wconf 73' lang='grc' dir='ltr'>ἀριθμός·</span> 
     </span>
    </p>
   </div>
   <div class='ocr_carea' id='block_1_38' title="bbox 346 2428 1924 2504">
    <p class='ocr_par' dir='ltr' id='par_1_38' title="bbox 346 2428 1924 2504">
     <span class='ocr_line' id='line_1_38' title="bbox 346 2428 1924 2504; baseline 0.004 -24"><span class='ocrx_word' id='word_1_266' title='bbox 346 2428 505 2480; x_wconf 74' lang='grc' dir='ltr'>τοῦτο</span> <span class='ocrx_word' id='word_1_267' title='bbox 546 2429 716 2482; x_wconf 78' lang='grc' dir='ltr'>δὲκαὶ</span> <span class='ocrx_word' id='word_1_268' title='bbox 747 2432 1259 2498; x_wconf 74' lang='grc' dir='ltr'>συνυπεμφαίνουσα</span> <span class='ocrx_word' id='word_1_269' title='bbox 1290 2434 1321 2500; x_wconf 83' lang='grc' dir='ltr'><strong>ἡ</strong></span> <span class='ocrx_word' id='word_1_270' title='bbox 1347 2432 1560 2502; x_wconf 76' lang='grc' dir='ltr'>Γραφὴ,</span> <span class='ocrx_word' id='word_1_271' title='bbox 1590 2435 1670 2494; x_wconf 81' lang='grc' dir='ltr'><strong>τὸ,</strong></span> <span class='ocrx_word' id='word_1_272' title='bbox 1704 2453 1721 2484; x_wconf 77' lang='grc' dir='ltr'><strong>ι</strong></span> <span class='ocrx_word' id='word_1_273' title='bbox 1747 2435 1924 2504; x_wconf 80' lang='grc' dir='ltr'>Προσ-</span> 
     </span>
    </p>
   </div>
   <div class='ocr_carea' id='block_1_39' title="bbox 349 2519 1929 2593">
    <p class='ocr_par' dir='ltr' id='par_1_39' title="bbox 349 2519 1929 2593">
     <span class='ocr_line' id='line_1_39' title="bbox 349 2519 1929 2593; baseline 0.003 -21"><span class='ocrx_word' id='word_1_274' title='bbox 349 2519 502 2572; x_wconf 84' lang='grc' dir='ltr'>ἐοετο</span> <span class='ocrx_word' id='word_1_275' title='bbox 544 2521 680 2591; x_wconf 83' lang='grc' dir='ltr'>ὀργὴ</span> <span class='ocrx_word' id='word_1_276' title='bbox 728 2521 932 2591; x_wconf 83' lang='grc' dir='ltr'>Κυρίου</span> <span class='ocrx_word' id='word_1_277' title='bbox 957 2520 1288 2591; x_wconf 76' lang='grc' dir='ltr'>ῖθυμωθῆναι</span> <span class='ocrx_word' id='word_1_278' title='bbox 1342 2523 1434 2575; x_wconf 76' lang='grc' dir='ltr'><strong>ἐπὶ</strong></span> <span class='ocrx_word' id='word_1_279' title='bbox 1496 2523 1767 2593; x_wconf 78' lang='grc' dir='ltr'>’1σραὴλ,ι</span> <span class='ocrx_word' id='word_1_280' title='bbox 1800 2525 1929 2578; x_wconf 89' lang='grc' dir='ltr'>δια-</span> 
     </span>
    </p>
   </div>
   <div class='ocr_carea' id='block_1_40' title="bbox 347 2611 1930 2683">
    <p class='ocr_par' dir='ltr' id='par_1_40' title="bbox 347 2611 1930 2683">
     <span class='ocr_line' id='line_1_40' title="bbox 347 2611 1930 2683; baseline 0.004 -21"><span class='ocrx_word' id='word_1_281' title='bbox 347 2611 528 2680; x_wconf 86' lang='grc' dir='ltr'>τίθησι</span> <span class='ocrx_word' id='word_1_282' title='bbox 547 2613 651 2682; x_wconf 83' lang='grc' dir='ltr'><strong>πρὸ</strong></span> <span class='ocrx_word' id='word_1_283' title='bbox 676 2612 820 2678; x_wconf 82' lang='grc' dir='ltr'>τού,‹</span> <span class='ocrx_word' id='word_1_284' title='bbox 846 2614 1109 2665; x_wconf 79' lang='grc' dir='ltr'>’Λνέσεισε</span> <span class='ocrx_word' id='word_1_285' title='bbox 1133 2611 1453 2678; x_wconf 71' lang='grc' dir='ltr'>τὸνΔα6“ιδ,ι</span> <span class='ocrx_word' id='word_1_286' title='bbox 1474 2616 1739 2683; x_wconf 81' lang='grc' dir='ltr'>ἐνὰγουσα</span> <span class='ocrx_word' id='word_1_287' title='bbox 1769 2618 1930 2669; x_wconf 72' lang='grc' dir='ltr'>οἱονεὶ</span> 
     </span>
    </p>
   </div>
   <div class='ocr_carea' id='block_1_41' title="bbox 350 2704 1929 2777">
    <p class='ocr_par' dir='ltr' id='par_1_41' title="bbox 350 2704 1929 2777">
     <span class='ocr_line' id='line_1_41' title="bbox 350 2704 1929 2777; baseline 0.001 -19"><span class='ocrx_word' id='word_1_288' title='bbox 350 2705 447 2758; x_wconf 75' lang='grc' dir='ltr'><strong>καὶ</strong></span> <span class='ocrx_word' id='word_1_289' title='bbox 494 2704 818 2759; x_wconf 84' lang='grc' dir='ltr'>διανιστῶσα</span> <span class='ocrx_word' id='word_1_290' title='bbox 847 2706 938 2759; x_wconf 85' lang='grc' dir='ltr'><strong>τὸν</strong></span> <span class='ocrx_word' id='word_1_291' title='bbox 988 2706 1261 2776; x_wconf 82' lang='grc' dir='ltr'>ἀκροατὴν</span> <span class='ocrx_word' id='word_1_292' title='bbox 1292 2707 1523 2759; x_wconf 72' lang='grc' dir='ltr'>συνιδεῖν</span> <span class='ocrx_word' id='word_1_293' title='bbox 1567 2708 1642 2770; x_wconf 83' lang='grc' dir='ltr'>ὼς</span> <span class='ocrx_word' id='word_1_294' title='bbox 1691 2709 1812 2777; x_wconf 67' lang='grc' dir='ltr'>οὐχὶ</span> <span class='ocrx_word' id='word_1_295' title='bbox 1841 2708 1929 2777; x_wconf 56' lang='grc' dir='ltr'>διὰ</span> 
     </span>
    </p>
   </div>
   <div class='ocr_carea' id='block_1_42' title="bbox 349 2797 1930 2869">
    <p class='ocr_par' dir='ltr' id='par_1_42' title="bbox 349 2797 1930 2869">
     <span class='ocr_line' id='line_1_42' title="bbox 349 2797 1930 2869; baseline 0.003 -21"><span class='ocrx_word' id='word_1_296' title='bbox 349 2799 411 2849; x_wconf 57' lang='lat' dir='ltr'><strong>ir?)</strong></span> <span class='ocrx_word' id='word_1_297' title='bbox 441 2797 806 2868; x_wconf 84' lang='grc' dir='ltr'>αριθμηθῆναι</span> <span class='ocrx_word' id='word_1_298' title='bbox 851 2799 943 2851; x_wconf 81' lang='grc' dir='ltr'><strong>τὸν</strong></span> <span class='ocrx_word' id='word_1_299' title='bbox 970 2798 1098 2851; x_wconf 64' lang='grc' dir='ltr'>λαὲάν</span> <span class='ocrx_word' id='word_1_300' title='bbox 1131 2800 1162 2869; x_wconf 81' lang='grc' dir='ltr'>ἡ</span> <span class='ocrx_word' id='word_1_301' title='bbox 1189 2797 1325 2869; x_wconf 82' lang='grc' dir='ltr'>ὀργὴ</span> <span class='ocrx_word' id='word_1_302' title='bbox 1383 2798 1597 2869; x_wconf 77' lang='grc' dir='ltr'>ἀνήφθη</span> <span class='ocrx_word' id='word_1_303' title='bbox 1629 2799 1719 2852; x_wconf 82' lang='grc' dir='ltr'>τοῦ</span> <span class='ocrx_word' id='word_1_304' title='bbox 1774 2799 1930 2864; x_wconf 76' lang='grc' dir='ltr'>Θεοῦ,</span> 
     </span>
    </p>
   </div>
   <div class='ocr_carea' id='block_1_43' title="bbox 354 2888 1934 2960">
    <p class='ocr_par' dir='ltr' id='par_1_43' title="bbox 354 2888 1934 2960">
     <span class='ocr_line' id='line_1_43' title="bbox 354 2888 1934 2960; baseline 0.002 -18"><span class='ocrx_word' id='word_1_305' title='bbox 354 2888 491 2942; x_wconf 75' lang='grc' dir='ltr'>ἀλλὰ</span> <span class='ocrx_word' id='word_1_306' title='bbox 541 2888 631 2941; x_wconf 78' lang='grc' dir='ltr'>διὰ</span> <span class='ocrx_word' id='word_1_307' title='bbox 672 2891 769 2960; x_wconf 86' lang='grc' dir='ltr'><strong>τὴν</strong></span> <span class='ocrx_word' id='word_1_308' title='bbox 828 2892 1347 2960; x_wconf 78' lang='grc' dir='ltr'>προσγεγενημένην</span> <span class='ocrx_word' id='word_1_309' title='bbox 1409 2890 1587 2944; x_wconf 69' lang='grc' dir='ltr'>αὐτῶν</span> <span class='ocrx_word' id='word_1_310' title='bbox 1641 2892 1828 2945; x_wconf 74' lang='grc' dir='ltr'>στάσιν</span> <span class='ocrx_word' id='word_1_311' title='bbox 1875 2910 1934 2945; x_wconf 87' lang='grc' dir='ltr'><strong>τε</strong></span> 
     </span>
    </p>
   </div>
   <div class='ocr_carea' id='block_1_44' title="bbox 353 2982 1934 3057">
    <p class='ocr_par' dir='ltr' id='par_1_44' title="bbox 353 2982 1934 3057">
     <span class='ocr_line' id='line_1_44' title="bbox 353 2982 1934 3057; baseline 0.003 -24"><span class='ocrx_word' id='word_1_312' title='bbox 353 2983 449 3043; x_wconf 71' lang='grc' dir='ltr'><strong>καὶ</strong></span> <span class='ocrx_word' id='word_1_313' title='bbox 477 2982 768 3051; x_wconf 84' lang='grc' dir='ltr'>τυραννίδα</span> <span class='ocrx_word' id='word_1_314' title='bbox 816 2985 908 3036; x_wconf 77' lang='grc' dir='ltr'>καὶ</span> <span class='ocrx_word' id='word_1_315' title='bbox 950 2984 1283 3053; x_wconf 69' lang='grc' dir='ltr'>μιαιφονίανο</span> <span class='ocrx_word' id='word_1_316' title='bbox 1335 2984 1396 3038; x_wconf 81' lang='grc' dir='ltr'><strong>τὸ</strong></span> <span class='ocrx_word' id='word_1_317' title='bbox 1446 2985 1554 3056; x_wconf 84' lang='grc' dir='ltr'>γὰρ</span> <span class='ocrx_word' id='word_1_318' title='bbox 1609 2984 1710 3056; x_wconf 82' lang='grc' dir='ltr'>τὴν</span> <span class='ocrx_word' id='word_1_319' title='bbox 1763 2983 1934 3057; x_wconf 74' lang='grc' dir='ltr'>ὀργὴν</span> 
     </span>
    </p>
   </div>
   <div class='ocr_carea' id='block_1_45' title="bbox 2022 1783 3606 1856">
    <p class='ocr_par' dir='ltr' id='par_1_45' title="bbox 2022 1783 3606 1856">
     <span class='ocr_line' id='line_1_45' title="bbox 2022 1783 3606 1856; baseline -0.007 -12"><span class='ocrx_word' id='word_1_320' title='bbox 2022 1792 2269 1845; x_wconf 84' lang='lat' dir='ltr'><strong>recensio</strong></span> <span class='ocrx_word' id='word_1_321' title='bbox 2297 1807 2326 1844; x_wconf 90' lang='lat' dir='ltr'><strong>a</strong></span> <span class='ocrx_word' id='word_1_322' title='bbox 2363 1806 2486 1856; x_wconf 82' lang='lat' dir='ltr'><strong>rege</strong></span> <span class='ocrx_word' id='word_1_323' title='bbox 2521 1790 2687 1852; x_wconf 78' lang='lat' dir='ltr'><strong>facta,</strong></span> <span class='ocrx_word' id='word_1_324' title='bbox 2715 1789 2966 1856; x_wconf 78' lang='lat' dir='ltr'><strong>quamvis</strong></span> <span class='ocrx_word' id='word_1_325' title='bbox 2995 1801 3138 1838; x_wconf 89' lang='lat' dir='ltr'><strong>nunc</strong></span> <span class='ocrx_word' id='word_1_326' title='bbox 3163 1793 3221 1838; x_wconf 87' lang='lat' dir='ltr'><strong>ut</strong></span> <span class='ocrx_word' id='word_1_327' title='bbox 3251 1801 3413 1838; x_wconf 82' lang='lat' dir='ltr'><strong>causa</strong></span> <span class='ocrx_word' id='word_1_328' title='bbox 3445 1783 3606 1851; x_wconf 74' lang='grc' dir='ltr'>νηιιί-</span> 
     </span>
    </p>
   </div>
   <div class='ocr_carea' id='block_1_46' title="bbox 2021 1872 3604 1947">
    <p class='ocr_par' dir='ltr' id='par_1_46' title="bbox 2021 1872 3604 1947">
     <span class='ocr_line' id='line_1_46' title="bbox 2021 1872 3604 1947; baseline -0.008 -9"><span class='ocrx_word' id='word_1_329' title='bbox 2021 1885 2187 1938; x_wconf 91' lang='lat' dir='ltr'><strong>tionis</strong></span> <span class='ocrx_word' id='word_1_330' title='bbox 2211 1883 2476 1947; x_wconf 89' lang='lat' dir='ltr'><strong>tradatur,</strong></span> <span class='ocrx_word' id='word_1_331' title='bbox 2509 1882 2654 1934; x_wconf 66' lang='lat' dir='ltr'><strong>clare</strong></span> <span class='ocrx_word' id='word_1_332' title='bbox 2680 1881 3015 1933; x_wconf 90' lang='lat' dir='ltr'><strong>demonstrat</strong></span> <span class='ocrx_word' id='word_1_333' title='bbox 3048 1878 3134 1930; x_wconf 87' lang='lat' dir='ltr'><strong>illa</strong></span> <span class='ocrx_word' id='word_1_334' title='bbox 3172 1893 3292 1944; x_wconf 80' lang='lat' dir='ltr'><strong>quae</strong></span> <span class='ocrx_word' id='word_1_335' title='bbox 3323 1887 3507 1944; x_wconf 83' lang='lat' dir='ltr'><strong>postea</strong></span> <span class='ocrx_word' id='word_1_336' title='bbox 3539 1872 3604 1925; x_wconf 89' lang='lat' dir='ltr'><strong>ab</strong></span> 
     </span>
    </p>
   </div>
   <div class='ocr_carea' id='block_1_47' title="bbox 2021 1964 3605 2038">
    <p class='ocr_par' dir='ltr' id='par_1_47' title="bbox 2021 1964 3605 2038">
     <span class='ocr_line' id='line_1_47' title="bbox 2021 1964 3605 2038; baseline -0.007 -10"><span class='ocrx_word' id='word_1_337' title='bbox 2021 1979 2208 2028; x_wconf 86' lang='lat' dir='ltr'><strong>eodem</strong></span> <span class='ocrx_word' id='word_1_338' title='bbox 2242 1973 2409 2027; x_wconf 84' lang='lat' dir='ltr'><strong>David</strong></span> <span class='ocrx_word' id='word_1_339' title='bbox 2441 1973 2580 2026; x_wconf 76' lang='lat' dir='ltr'><strong>facta</strong></span> <span class='ocrx_word' id='word_1_340' title='bbox 2607 1971 2708 2026; x_wconf 77' lang='lat' dir='ltr'><strong>fuit</strong></span> <span class='ocrx_word' id='word_1_341' title='bbox 2744 1973 3012 2033; x_wconf 87' lang='lat' dir='ltr'><strong>recensio,</strong></span> <span class='ocrx_word' id='word_1_342' title='bbox 3043 1981 3264 2038; x_wconf 84' lang='lat' dir='ltr'><strong>propter</strong></span> <span class='ocrx_word' id='word_1_343' title='bbox 3290 1983 3452 2035; x_wconf 84' lang='lat' dir='ltr'><strong>quam</strong></span> <span class='ocrx_word' id='word_1_344' title='bbox 3484 1964 3605 2018; x_wconf 92' lang='lat' dir='ltr'><strong>nul-</strong></span> 
     </span>
    </p>
   </div>
   <div class='ocr_carea' id='block_1_48' title="bbox 2024 2060 3605 2131">
    <p class='ocr_par' dir='ltr' id='par_1_48' title="bbox 2024 2060 3605 2131">
     <span class='ocr_line' id='line_1_48' title="bbox 2024 2060 3605 2131; baseline -0.007 -12"><span class='ocrx_word' id='word_1_345' title='bbox 2024 2060 2133 2119; x_wconf 77' lang='lat' dir='ltr'><strong>lum</strong></span> <span class='ocrx_word' id='word_1_346' title='bbox 2161 2067 2400 2119; x_wconf 90' lang='lat' dir='ltr'><strong>occurrit</strong></span> <span class='ocrx_word' id='word_1_347' title='bbox 2426 2065 2649 2125; x_wconf 84' lang='lat' dir='ltr'><strong>malum,</strong></span> <span class='ocrx_word' id='word_1_348' title='bbox 2669 2065 2934 2131; x_wconf 88' lang='lat' dir='ltr'><strong>siquidem</strong></span> <span class='ocrx_word' id='word_1_349' title='bbox 2972 2063 3172 2116; x_wconf 89' lang='lat' dir='ltr'><strong>nullam</strong></span> <span class='ocrx_word' id='word_1_350' title='bbox 3199 2061 3419 2113; x_wconf 83' lang='lat' dir='ltr'><strong>malitiae</strong></span> <span class='ocrx_word' id='word_1_351' title='bbox 3443 2073 3605 2110; x_wconf 89' lang='lat' dir='ltr'><strong>accu—</strong></span> 
     </span>
    </p>
   </div>
   <div class='ocr_carea' id='block_1_49' title="bbox 2026 2147 3608 2224">
    <p class='ocr_par' dir='ltr' id='par_1_49' title="bbox 2026 2147 3608 2224">
     <span class='ocr_line' id='line_1_49' title="bbox 2026 2147 3608 2224; baseline -0.007 -13"><span class='ocrx_word' id='word_1_352' title='bbox 2026 2159 2291 2211; x_wconf 85' lang='lat' dir='ltr'><strong>sationem</strong></span> <span class='ocrx_word' id='word_1_353' title='bbox 2327 2157 2507 2208; x_wconf 88' lang='lat' dir='ltr'><strong>attulit</strong></span> <span class='ocrx_word' id='word_1_354' title='bbox 2536 2171 2635 2209; x_wconf 87' lang='lat' dir='ltr'><strong>nec</strong></span> <span class='ocrx_word' id='word_1_355' title='bbox 2677 2171 2892 2224; x_wconf 85' lang='lat' dir='ltr'><strong>poenam</strong></span> <span class='ocrx_word' id='word_1_356' title='bbox 2923 2151 3161 2206; x_wconf 83' lang='lat' dir='ltr'><strong>induxit.</strong></span> <span class='ocrx_word' id='word_1_357' title='bbox 3203 2151 3295 2203; x_wconf 86' lang='lat' dir='ltr'><strong>llla</strong></span> <span class='ocrx_word' id='word_1_358' title='bbox 3342 2149 3477 2201; x_wconf 78' lang='lat' dir='ltr'><strong>facta</strong></span> <span class='ocrx_word' id='word_1_359' title='bbox 3507 2147 3608 2200; x_wconf 82' lang='lat' dir='ltr'><strong>fuit</strong></span> 
     </span>
    </p>
   </div>
   <div class='ocr_carea' id='block_1_50' title="bbox 2025 2247 3607 2319">
    <p class='ocr_par' dir='ltr' id='par_1_50' title="bbox 2025 2247 3607 2319">
     <span class='ocr_line' id='line_1_50' title="bbox 2025 2247 3607 2319; baseline -0.008 -15"><span class='ocrx_word' id='word_1_360' title='bbox 2025 2250 2286 2304; x_wconf 84' lang='lat' dir='ltr'><strong>extremis</strong></span> <span class='ocrx_word' id='word_1_361' title='bbox 2331 2250 2474 2319; x_wconf 80' lang='lat' dir='ltr'><strong>regis</strong></span> <span class='ocrx_word' id='word_1_362' title='bbox 2518 2249 2700 2306; x_wconf 81' lang='lat' dir='ltr'><strong>annis.</strong></span> <span class='ocrx_word' id='word_1_363' title='bbox 2738 2263 2860 2300; x_wconf 89' lang='lat' dir='ltr'><strong>cum</strong></span> <span class='ocrx_word' id='word_1_364' title='bbox 2893 2247 3178 2300; x_wconf 79' lang='lat' dir='ltr'><strong>levitarum</strong></span> <span class='ocrx_word' id='word_1_365' title='bbox 3219 2257 3482 2295; x_wconf 79' lang='lat' dir='ltr'><strong>numerus</strong></span> <span class='ocrx_word' id='word_1_366' title='bbox 3519 2255 3607 2292; x_wconf 88' lang='lat' dir='ltr'><strong>re-</strong></span> 
     </span>
    </p>
   </div>
   <div class='ocr_carea' id='block_1_51' title="bbox 2027 2331 3604 2405">
    <p class='ocr_par' dir='ltr' id='par_1_51' title="bbox 2027 2331 3604 2405">
     <span class='ocr_line' id='line_1_51' title="bbox 2027 2331 3604 2405; baseline -0.011 -9"><span class='ocrx_word' id='word_1_367' title='bbox 2027 2343 2268 2396; x_wconf 81' lang='lat' dir='ltr'><strong>censitos</strong></span> <span class='ocrx_word' id='word_1_368' title='bbox 2293 2341 2408 2394; x_wconf 86' lang='lat' dir='ltr'><strong>fuit.</strong></span> <span class='ocrx_word' id='word_1_369' title='bbox 2433 2339 2586 2405; x_wconf 88' lang='lat' dir='ltr'><strong>Quod</strong></span> <span class='ocrx_word' id='word_1_370' title='bbox 2615 2339 2748 2392; x_wconf 89' lang='lat' dir='ltr'><strong>satis</strong></span> <span class='ocrx_word' id='word_1_371' title='bbox 2775 2339 2916 2391; x_wconf 89' lang='lat' dir='ltr'><strong>clare</strong></span> <span class='ocrx_word' id='word_1_372' title='bbox 2944 2337 3138 2390; x_wconf 82' lang='lat' dir='ltr'><strong>indicat</strong></span> <span class='ocrx_word' id='word_1_373' title='bbox 3168 2334 3447 2401; x_wconf 79' lang='lat' dir='ltr'><strong>Scriptura</strong></span> <span class='ocrx_word' id='word_1_374' title='bbox 3479 2331 3604 2381; x_wconf 82' lang='lat' dir='ltr'><strong>dum</strong></span> 
     </span>
    </p>
   </div>
   <div class='ocr_carea' id='block_1_52' title="bbox 2028 2421 3605 2502">
    <p class='ocr_par' dir='ltr' id='par_1_52' title="bbox 2028 2421 3605 2502">
     <span class='ocr_line' id='line_1_52' title="bbox 2028 2421 3605 2502; baseline -0.01 -16"><span class='ocrx_word' id='word_1_375' title='bbox 2028 2436 2245 2488; x_wconf 84' lang='lat' dir='ltr'><strong>verba:</strong></span> <span class='ocrx_word' id='word_1_376' title='bbox 2313 2451 2332 2482; x_wconf 88' lang='grc'><strong><em>‹</em></strong></span> <span class='ocrx_word' id='word_1_377' title='bbox 2369 2432 2584 2502; x_wconf 85' lang='lat' dir='ltr'><strong>Adjecit</strong></span> <span class='ocrx_word' id='word_1_378' title='bbox 2625 2432 2702 2484; x_wconf 85' lang='lat' dir='ltr'><strong>ira</strong></span> <span class='ocrx_word' id='word_1_379' title='bbox 2753 2430 2847 2483; x_wconf 88' lang='lat' dir='ltr'><strong>Dei</strong></span> <span class='ocrx_word' id='word_1_380' title='bbox 2902 2429 3062 2482; x_wconf 84' lang='lat' dir='ltr'><strong>irasci</strong></span> <span class='ocrx_word' id='word_1_381' title='bbox 3110 2434 3298 2480; x_wconf 86' lang='lat' dir='ltr'><strong>contra</strong></span> <span class='ocrx_word' id='word_1_382' title='bbox 3348 2421 3605 2492; x_wconf 82' lang='lat' dir='ltr'><strong>populum</strong></span> 
     </span>
    </p>
   </div>
   <div class='ocr_carea' id='block_1_53' title="bbox 2031 2512 3608 2593">
    <p class='ocr_par' dir='ltr' id='par_1_53' title="bbox 2031 2512 3608 2593">
     <span class='ocr_line' id='line_1_53' title="bbox 2031 2512 3608 2593; baseline -0.009 -17"><span class='ocrx_word' id='word_1_383' title='bbox 2031 2521 2197 2578; x_wconf 82' lang='lat' dir='ltr'><strong>lsrael</strong></span> <span class='ocrx_word' id='word_1_384' title='bbox 2222 2545 2238 2575; x_wconf 74' lang='grc' dir='ltr'><strong>ι</strong></span> <span class='ocrx_word' id='word_1_385' title='bbox 2259 2524 2411 2593; x_wconf 92' lang='lat' dir='ltr'><strong>ponit</strong></span> <span class='ocrx_word' id='word_1_386' title='bbox 2433 2531 2558 2576; x_wconf 86' lang='lat' dir='ltr'><strong>ante</strong></span> <span class='ocrx_word' id='word_1_387' title='bbox 2589 2521 2677 2575; x_wconf 89' lang='lat' dir='ltr'><strong>illa</strong></span> <span class='ocrx_word' id='word_1_388' title='bbox 2699 2519 2948 2590; x_wconf 68' lang='lat' dir='ltr'><strong>«Impulit</strong></span> <span class='ocrx_word' id='word_1_389' title='bbox 2968 2516 3135 2571; x_wconf 85' lang='lat' dir='ltr'><strong>David</strong></span> <span class='ocrx_word' id='word_1_390' title='bbox 3163 2537 3178 2567; x_wconf 75' lang='grc' dir='ltr'><strong>ι</strong></span> <span class='ocrx_word' id='word_1_391' title='bbox 3211 2516 3473 2568; x_wconf 82' lang='lat' dir='ltr'><strong>inducens</strong></span> <span class='ocrx_word' id='word_1_392' title='bbox 3507 2512 3608 2563; x_wconf 90' lang='lat' dir='ltr'><strong>ali-</strong></span> 
     </span>
    </p>
   </div>
   <div class='ocr_carea' id='block_1_54' title="bbox 2033 2604 3610 2685">
    <p class='ocr_par' dir='ltr' id='par_1_54' title="bbox 2033 2604 3610 2685">
     <span class='ocr_line' id='line_1_54' title="bbox 2033 2604 3610 2685; baseline -0.009 -17"><span class='ocrx_word' id='word_1_393' title='bbox 2033 2631 2143 2685; x_wconf 83' lang='lat' dir='ltr'><strong>quo</strong></span> <span class='ocrx_word' id='word_1_394' title='bbox 2177 2615 2339 2669; x_wconf 88' lang='lat' dir='ltr'><strong>modo</strong></span> <span class='ocrx_word' id='word_1_395' title='bbox 2362 2623 2415 2669; x_wconf 88' lang='lat' dir='ltr'><strong>et</strong></span> <span class='ocrx_word' id='word_1_396' title='bbox 2459 2615 2759 2682; x_wconf 89' lang='lat' dir='ltr'><strong>disponens</strong></span> <span class='ocrx_word' id='word_1_397' title='bbox 2791 2613 3070 2666; x_wconf 86' lang='lat' dir='ltr'><strong>auditores</strong></span> <span class='ocrx_word' id='word_1_398' title='bbox 3098 2611 3161 2661; x_wconf 91' lang='lat' dir='ltr'><strong>ad</strong></span> <span class='ocrx_word' id='word_1_399' title='bbox 3192 2604 3610 2674; x_wconf 72' lang='lat' dir='ltr'><strong>intelligendum</strong></span> 
     </span>
    </p>
   </div>
   <div class='ocr_carea' id='block_1_55' title="bbox 2036 2698 3613 2777">
    <p class='ocr_par' dir='ltr' id='par_1_55' title="bbox 2036 2698 3613 2777">
     <span class='ocr_line' id='line_1_55' title="bbox 2036 2698 3613 2777; baseline -0.009 -16"><span class='ocrx_word' id='word_1_400' title='bbox 2036 2724 2143 2762; x_wconf 92' lang='lat' dir='ltr'><strong>non</strong></span> <span class='ocrx_word' id='word_1_401' title='bbox 2192 2718 2413 2777; x_wconf 87' lang='lat' dir='ltr'><strong>propter</strong></span> <span class='ocrx_word' id='word_1_402' title='bbox 2459 2707 2643 2776; x_wconf 91' lang='lat' dir='ltr'><strong>populi</strong></span> <span class='ocrx_word' id='word_1_403' title='bbox 2687 2705 3063 2760; x_wconf 82' lang='lat' dir='ltr'><strong>recensionem</strong></span> <span class='ocrx_word' id='word_1_404' title='bbox 3108 2703 3241 2754; x_wconf 91' lang='lat' dir='ltr'><strong>iram</strong></span> <span class='ocrx_word' id='word_1_405' title='bbox 3283 2699 3377 2751; x_wconf 84' lang='lat' dir='ltr'><strong>Dci</strong></span> <span class='ocrx_word' id='word_1_406' title='bbox 3406 2698 3613 2750; x_wconf 78' lang='lat' dir='ltr'><strong>excita-</strong></span> 
     </span>
    </p>
   </div>
   <div class='ocr_carea' id='block_1_56' title="bbox 2035 2788 3610 2866">
    <p class='ocr_par' dir='ltr' id='par_1_56' title="bbox 2035 2788 3610 2866">
     <span class='ocr_line' id='line_1_56' title="bbox 2035 2788 3610 2866; baseline -0.01 -14"><span class='ocrx_word' id='word_1_407' title='bbox 2035 2809 2145 2852; x_wconf 92' lang='lat' dir='ltr'><strong>tam</strong></span> <span class='ocrx_word' id='word_1_408' title='bbox 2183 2799 2375 2863; x_wconf 86' lang='lat' dir='ltr'><strong>fnisse,</strong></span> <span class='ocrx_word' id='word_1_409' title='bbox 2425 2799 2516 2852; x_wconf 88' lang='lat' dir='ltr'><strong>sed</strong></span> <span class='ocrx_word' id='word_1_410' title='bbox 2555 2807 2776 2866; x_wconf 87' lang='lat' dir='ltr'><strong>propter</strong></span> <span class='ocrx_word' id='word_1_411' title='bbox 2822 2794 3016 2848; x_wconf 80' lang='lat' dir='ltr'><strong>factam</strong></span> <span class='ocrx_word' id='word_1_412' title='bbox 3053 2791 3119 2845; x_wconf 88' lang='lat' dir='ltr'><strong>ab</strong></span> <span class='ocrx_word' id='word_1_413' title='bbox 3147 2791 3226 2845; x_wconf 91' lang='lat' dir='ltr'><strong>eis</strong></span> <span class='ocrx_word' id='word_1_414' title='bbox 3263 2788 3610 2842; x_wconf 86' lang='lat' dir='ltr'><strong>rebellionem</strong></span> 
     </span>
    </p>
   </div>
   <div class='ocr_carea' id='block_1_57' title="bbox 2038 2880 3616 2961">
    <p class='ocr_par' dir='ltr' id='par_1_57' title="bbox 2038 2880 3616 2961">
     <span class='ocr_line' id='line_1_57' title="bbox 2038 2880 3616 2961; baseline -0.011 -16"><span class='ocrx_word' id='word_1_415' title='bbox 2038 2901 2091 2945; x_wconf 89' lang='lat' dir='ltr'><strong>et</strong></span> <span class='ocrx_word' id='word_1_416' title='bbox 2118 2890 2455 2961; x_wconf 79' lang='lat' dir='ltr'><strong>tyrannidem</strong></span> <span class='ocrx_word' id='word_1_417' title='bbox 2492 2898 2546 2942; x_wconf 88' lang='lat' dir='ltr'><strong>et.</strong></span> <span class='ocrx_word' id='word_1_418' title='bbox 2575 2887 2797 2943; x_wconf 71' lang='lat' dir='ltr'><strong>czedem.</strong></span> <span class='ocrx_word' id='word_1_419' title='bbox 2828 2886 2911 2939; x_wconf 91' lang='lat' dir='ltr'><strong>lra</strong></span> <span class='ocrx_word' id='word_1_420' title='bbox 2960 2886 3102 2938; x_wconf 90' lang='lat' dir='ltr'><strong>enim</strong></span> <span class='ocrx_word' id='word_1_421' title='bbox 3134 2880 3450 2936; x_wconf 85' lang='lat' dir='ltr'><strong>recensione</strong></span> <span class='ocrx_word' id='word_1_422' title='bbox 3476 2891 3616 2947; x_wconf 66' lang='grc' dir='ltr'>[ιιίιξ-</span> 
     </span>
    </p>
   </div>
   <div class='ocr_carea' id='block_1_58' title="bbox 2043 2977 3612 3056">
    <p class='ocr_par' dir='ltr' id='par_1_58' title="bbox 2043 2977 3612 3056">
     <span class='ocr_line' id='line_1_58' title="bbox 2043 2977 3612 3056; baseline -0.01 -15"><span class='ocrx_word' id='word_1_423' title='bbox 2043 2988 2240 3056; x_wconf 77' lang='lat' dir='ltr'><strong>posita,</strong></span> <span class='ocrx_word' id='word_1_424' title='bbox 2289 2987 2434 3040; x_wconf 90' lang='lat' dir='ltr'><strong>illam</strong></span> <span class='ocrx_word' id='word_1_425' title='bbox 2487 3000 2594 3039; x_wconf 92' lang='lat' dir='ltr'><strong>non</strong></span> <span class='ocrx_word' id='word_1_426' title='bbox 2633 2994 2854 3054; x_wconf 87' lang='lat' dir='ltr'><strong>propter</strong></span> <span class='ocrx_word' id='word_1_427' title='bbox 2909 2981 3283 3036; x_wconf 83' lang='lat' dir='ltr'><strong>recensionem</strong></span> <span class='ocrx_word' id='word_1_428' title='bbox 3337 2977 3612 3029; x_wconf 89' lang='lat' dir='ltr'><strong>inductam</strong></span> 
     </span>
    </p>
   </div>
   <div class='ocr_carea' id='block_1_59' title="bbox 357 3045 1951 3146">
    <p class='ocr_par' dir='ltr' id='par_1_59' title="bbox 357 3045 1933 3146">
     <span class='ocr_line' id='line_1_59' title="bbox 357 3045 1933 3146; baseline 0.003 -23"><span class='ocrx_word' id='word_1_429' title='bbox 357 3045 732 3140; x_wconf 80' lang='grc' dir='ltr'>προτεθείσοαι</span> <span class='ocrx_word' id='word_1_430' title='bbox 782 3073 880 3143; x_wconf 73' lang='grc' dir='ltr'><strong>τῆς</strong></span> <span class='ocrx_word' id='word_1_431' title='bbox 915 3045 1292 3143; x_wconf 66' lang='grc' dir='ltr'>ἀριθμῆσεως,</span> <span class='ocrx_word' id='word_1_432' title='bbox 1343 3075 1401 3125; x_wconf 82' lang='grc' dir='ltr'><strong>οὐ</strong></span> <span class='ocrx_word' id='word_1_433' title='bbox 1445 3045 1537 3126; x_wconf 69' lang='grc' dir='ltr'>διὲί</span> <span class='ocrx_word' id='word_1_434' title='bbox 1566 3045 1933 3146; x_wconf 43' lang='grc' dir='ltr'>τὴνΙὰρίθμηι-</span> 
     </span>
    </p>
   </div>
   <div class='ocr_carea' id='block_1_60' title="bbox 2038 3045 3615 3146">
    <p class='ocr_par' dir='ltr' id='par_1_60' title="bbox 2041 3068 3615 3142">
     <span class='ocr_line' id='line_1_60' title="bbox 2041 3068 3615 3142; baseline -0.01 -11"><span class='ocrx_word' id='word_1_435' title='bbox 2041 3078 2210 3134; x_wconf 76' lang='lat' dir='ltr'><strong>fuisse</strong></span> <span class='ocrx_word' id='word_1_436' title='bbox 2243 3078 2448 3132; x_wconf 87' lang='lat' dir='ltr'><strong>clarum</strong></span> <span class='ocrx_word' id='word_1_437' title='bbox 2473 3086 2575 3131; x_wconf 89' lang='lat' dir='ltr'><strong>est.</strong></span> <span class='ocrx_word' id='word_1_438' title='bbox 2614 3076 2877 3129; x_wconf 87' lang='lat' dir='ltr'><strong>lncitalur</strong></span> <span class='ocrx_word' id='word_1_439' title='bbox 2929 3090 3054 3127; x_wconf 86' lang='lat' dir='ltr'><strong>vero</strong></span> <span class='ocrx_word' id='word_1_440' title='bbox 3088 3073 3203 3142; x_wconf 88' lang='lat' dir='ltr'><strong>ipse</strong></span> <span class='ocrx_word' id='word_1_441' title='bbox 3233 3068 3400 3122; x_wconf 88' lang='lat' dir='ltr'><strong>David</strong></span> <span class='ocrx_word' id='word_1_442' title='bbox 3427 3075 3478 3119; x_wconf 89' lang='lat' dir='ltr'><strong>et</strong></span> <span class='ocrx_word' id='word_1_443' title='bbox 3509 3081 3615 3118; x_wconf 91' lang='lat' dir='ltr'><strong>non</strong></span> 
     </span>
    </p>
   </div>
   <div class='ocr_carea' id='block_1_61' title="bbox 359 3161 1934 3232">
    <p class='ocr_par' dir='ltr' id='par_1_61' title="bbox 359 3161 1934 3232">
     <span class='ocr_line' id='line_1_61' title="bbox 359 3161 1934 3232; baseline 0.003 -20"><span class='ocrx_word' id='word_1_444' title='bbox 359 3177 443 3214; x_wconf 90' lang='grc' dir='ltr'><strong>σιν</strong></span> <span class='ocrx_word' id='word_1_445' title='bbox 472 3162 775 3231; x_wconf 79' lang='grc' dir='ltr'>ἐπαχθῆναι</span> <span class='ocrx_word' id='word_1_446' title='bbox 806 3161 1008 3232; x_wconf 84' lang='grc' dir='ltr'>ταύτην</span> <span class='ocrx_word' id='word_1_447' title='bbox 1057 3163 1225 3232; x_wconf 81' lang='grc' dir='ltr'>δηλοῐο</span> <span class='ocrx_word' id='word_1_448' title='bbox 1284 3163 1593 3216; x_wconf 83' lang='grc' dir='ltr'>ἁνασείεται</span> <span class='ocrx_word' id='word_1_449' title='bbox 1623 3163 1681 3216; x_wconf 80' lang='grc' dir='ltr'><strong>δὲ</strong></span> <span class='ocrx_word' id='word_1_450' title='bbox 1715 3165 1877 3227; x_wconf 76' lang='grc' dir='ltr'>αὐτὸς</span> <span class='ocrx_word' id='word_1_451' title='bbox 1907 3166 1934 3217; x_wconf 93' lang='lat'><strong>6</strong></span> 
     </span>
    </p>
   </div>
   <div class='ocr_carea' id='block_1_62' title="bbox 359 3254 1935 3326">
    <p class='ocr_par' dir='ltr' id='par_1_62' title="bbox 359 3254 1935 3326">
     <span class='ocr_line' id='line_1_62' title="bbox 359 3254 1935 3326; baseline 0.002 -20"><span class='ocrx_word' id='word_1_452' title='bbox 359 3255 524 3307; x_wconf 84' lang='grc' dir='ltr'>Δα6“ιδ</span> <span class='ocrx_word' id='word_1_453' title='bbox 554 3255 647 3306; x_wconf 74' lang='grc' dir='ltr'><strong>καὶ</strong></span> <span class='ocrx_word' id='word_1_454' title='bbox 680 3254 778 3307; x_wconf 76' lang='grc' dir='ltr'><strong>οὐκ</strong></span> <span class='ocrx_word' id='word_1_455' title='bbox 808 3254 986 3318; x_wconf 85' lang='grc' dir='ltr'>ἄλλος,</span> <span class='ocrx_word' id='word_1_456' title='bbox 1019 3255 1210 3326; x_wconf 77' lang='grc' dir='ltr'>ὅτιπερ</span> <span class='ocrx_word' id='word_1_457' title='bbox 1243 3254 1333 3307; x_wconf 72' lang='grc' dir='ltr'>διὰ</span> <span class='ocrx_word' id='word_1_458' title='bbox 1367 3255 1426 3307; x_wconf 87' lang='grc' dir='ltr'>τὸ</span> <span class='ocrx_word' id='word_1_459' title='bbox 1457 3255 1624 3308; x_wconf 79' lang='grc' dir='ltr'>αὑτοῦ</span> <span class='ocrx_word' id='word_1_460' title='bbox 1680 3256 1935 3326; x_wconf 78' lang='grc' dir='ltr'>ἁμαρτη-</span> 
     </span>
    </p>
   </div>
   <div class='ocr_carea' id='block_1_63' title="bbox 362 3342 1936 3416">
    <p class='ocr_par' dir='ltr' id='par_1_63' title="bbox 362 3342 1936 3416">
     <span class='ocr_line' id='line_1_63' title="bbox 362 3342 1936 3416; baseline 0.003 -19"><span class='ocrx_word' id='word_1_461' title='bbox 362 3363 440 3416; x_wconf 89' lang='grc' dir='ltr'><strong>μα</strong></span> <span class='ocrx_word' id='word_1_462' title='bbox 465 3348 498 3416; x_wconf 80' lang='grc' dir='ltr'>ἡ</span> <span class='ocrx_word' id='word_1_463' title='bbox 525 3343 619 3398; x_wconf 78' lang='grc' dir='ltr'>τοῦ</span> <span class='ocrx_word' id='word_1_464' title='bbox 636 3345 954 3414; x_wconf 80' lang='grc' dir='ltr'>Ἀϐεσαλὼμ</span> <span class='ocrx_word' id='word_1_465' title='bbox 985 3347 1348 3410; x_wconf 82' lang='grc' dir='ltr'>ἐπανάστασις</span> <span class='ocrx_word' id='word_1_466' title='bbox 1373 3347 1597 3416; x_wconf 76' lang='grc' dir='ltr'>συνέϐη.</span> <span class='ocrx_word' id='word_1_467' title='bbox 1621 3366 1640 3399; x_wconf 74' lang='grc' dir='ltr'><strong>ι</strong></span> <span class='ocrx_word' id='word_1_468' title='bbox 1683 3348 1828 3401; x_wconf 87' lang='grc' dir='ltr'>Ἀνθ’</span> <span class='ocrx_word' id='word_1_469' title='bbox 1861 3342 1936 3402; x_wconf 83' lang='grc' dir='ltr'>ὧν</span> 
     </span>
    </p>
   </div>
   <div class='ocr_carea' id='block_1_64' title="bbox 359 3438 1938 3509">
    <p class='ocr_par' dir='ltr' id='par_1_64' title="bbox 359 3438 1938 3509">
     <span class='ocr_line' id='line_1_64' title="bbox 359 3438 1938 3509; baseline 0.001 -20"><span class='ocrx_word' id='word_1_470' title='bbox 359 3440 489 3508; x_wconf 85' lang='grc' dir='ltr'>γὰρ,</span> <span class='ocrx_word' id='word_1_471' title='bbox 525 3439 711 3507; x_wconf 78' lang='grc' dir='ltr'>φησὶν,</span> <span class='ocrx_word' id='word_1_472' title='bbox 757 3439 1053 3506; x_wconf 72' lang='grc' dir='ltr'>ἐφόνευσας</span> <span class='ocrx_word' id='word_1_473' title='bbox 1099 3439 1193 3492; x_wconf 76' lang='grc' dir='ltr'><strong>καὶ</strong></span> <span class='ocrx_word' id='word_1_474' title='bbox 1233 3438 1578 3507; x_wconf 82' lang='grc' dir='ltr'>ἐμοίχευσας,</span> <span class='ocrx_word' id='word_1_475' title='bbox 1612 3440 1707 3492; x_wconf 71' lang='grc' dir='ltr'><strong>καὶ</strong></span> <span class='ocrx_word' id='word_1_476' title='bbox 1730 3439 1938 3509; x_wconf 77' lang='grc' dir='ltr'>ἑτέροις</span> 
     </span>
    </p>
   </div>
   <div class='ocr_carea' id='block_1_65' title="bbox 363 3530 1939 3601">
    <p class='ocr_par' dir='ltr' id='par_1_65' title="bbox 363 3530 1939 3601">
     <span class='ocr_line' id='line_1_65' title="bbox 363 3530 1939 3601; baseline 0.001 -19"><span class='ocrx_word' id='word_1_477' title='bbox 363 3531 462 3600; x_wconf 80' lang='grc' dir='ltr'><strong>μὲν</strong></span> <span class='ocrx_word' id='word_1_478' title='bbox 490 3531 800 3601; x_wconf 78' lang='grc' dir='ltr'>ὑπαχθήσῃ,</span> <span class='ocrx_word' id='word_1_479' title='bbox 835 3530 972 3600; x_wconf 83' lang='grc' dir='ltr'>πλὴν</span> <span class='ocrx_word' id='word_1_480' title='bbox 1005 3530 1140 3582; x_wconf 72' lang='grc' dir='ltr'>ἀλλὰ</span> <span class='ocrx_word' id='word_1_481' title='bbox 1165 3530 1260 3583; x_wconf 72' lang='grc' dir='ltr'>καὶ</span> <span class='ocrx_word' id='word_1_482' title='bbox 1292 3532 1347 3582; x_wconf 90' lang='grc' dir='ltr'>αἱ</span> <span class='ocrx_word' id='word_1_483' title='bbox 1376 3531 1636 3598; x_wconf 80' lang='grc' dir='ltr'>γυναῖκές</span> <span class='ocrx_word' id='word_1_484' title='bbox 1699 3548 1792 3583; x_wconf 89' lang='grc' dir='ltr'><strong>σου</strong></span> <span class='ocrx_word' id='word_1_485' title='bbox 1850 3534 1939 3584; x_wconf 81' lang='grc' dir='ltr'>ἐν·</span> 
     </span>
    </p>
   </div>
   <div class='ocr_carea' id='block_1_66' title="bbox 291 3607 1932 3694">
    <p class='ocr_par' dir='ltr' id='par_1_66' title="bbox 291 3607 1932 3694">
     <span class='ocr_line' id='line_1_66' title="bbox 291 3607 1932 3694; baseline -0.002 -17"><span class='ocrx_word' id='word_1_486' title='bbox 291 3607 294 3614; x_wconf 45' lang='grc'><em>’</em></span> <span class='ocrx_word' id='word_1_487' title='bbox 361 3625 531 3677; x_wconf 82' lang='grc' dir='ltr'>ὡπιον</span> <span class='ocrx_word' id='word_1_488' title='bbox 547 3623 654 3674; x_wconf 82' lang='grc' dir='ltr'>τῶν</span> <span class='ocrx_word' id='word_1_489' title='bbox 676 3622 970 3693; x_wconf 65' lang='grc' dir='ltr'>ὀφθαλμῶν</span> <span class='ocrx_word' id='word_1_490' title='bbox 997 3639 1090 3675; x_wconf 87' lang='grc' dir='ltr'><strong>σου</strong></span> <span class='ocrx_word' id='word_1_491' title='bbox 1108 3624 1186 3686; x_wconf 84' lang='grc' dir='ltr'><strong>είς</strong></span> <span class='ocrx_word' id='word_1_492' title='bbox 1205 3623 1422 3693; x_wconf 76' lang='grc' dir='ltr'>ἐτέρους</span> <span class='ocrx_word' id='word_1_493' title='bbox 1450 3627 1932 3694; x_wconf 80' lang='grc' dir='ltr'>μεταστήσονται,›</span> 
     </span>
    </p>
   </div>
   <div class='ocr_carea' id='block_1_67' title="bbox 359 3712 1939 3787">
    <p class='ocr_par' dir='ltr' id='par_1_67' title="bbox 359 3712 1939 3787">
     <span class='ocr_line' id='line_1_67' title="bbox 359 3712 1939 3787; baseline -0.001 -18"><span class='ocrx_word' id='word_1_494' title='bbox 359 3716 388 3769; x_wconf 85' lang='grc' dir='ltr'>ὃ</span> <span class='ocrx_word' id='word_1_495' title='bbox 414 3715 496 3787; x_wconf 65' lang='grc' dir='ltr'><strong>δὴ,</strong></span> <span class='ocrx_word' id='word_1_496' title='bbox 523 3715 616 3768; x_wconf 73' lang='grc' dir='ltr'><strong>καὶ</strong></span> <span class='ocrx_word' id='word_1_497' title='bbox 647 3716 1048 3785; x_wconf 81' lang='grc' dir='ltr'>διαπέπρακται</span> <span class='ocrx_word' id='word_1_498' title='bbox 1079 3714 1156 3786; x_wconf 83' lang='grc' dir='ltr'><strong>τῷ</strong></span> <span class='ocrx_word' id='word_1_499' title='bbox 1218 3712 1554 3785; x_wconf 70' lang='grc' dir='ltr'>Ἀὅεσαλὼμο</span> <span class='ocrx_word' id='word_1_500' title='bbox 1627 3716 1939 3768; x_wconf 83' lang='grc' dir='ltr'>ἁνασείεται</span> 
     </span>
    </p>
   </div>
   <div class='ocr_carea' id='block_1_68' title="bbox 359 3807 1939 3879">
    <p class='ocr_par' dir='ltr' id='par_1_68' title="bbox 359 3807 1939 3879">
     <span class='ocr_line' id='line_1_68' title="bbox 359 3807 1939 3879; baseline -0.001 -16"><span class='ocrx_word' id='word_1_501' title='bbox 359 3809 453 3863; x_wconf 81' lang='grc' dir='ltr'><strong>οὖν</strong></span> <span class='ocrx_word' id='word_1_502' title='bbox 479 3809 638 3871; x_wconf 75' lang='grc' dir='ltr'>αὐτὸς</span> <span class='ocrx_word' id='word_1_503' title='bbox 661 3810 689 3860; x_wconf 91' lang='lat'><strong>6</strong></span> <span class='ocrx_word' id='word_1_504' title='bbox 719 3807 1075 3879; x_wconf 81' lang='grc' dir='ltr'>ἡμαρτηκὼς,</span> <span class='ocrx_word' id='word_1_505' title='bbox 1103 3808 1190 3862; x_wconf 83' lang='grc' dir='ltr'><strong>ἵνα</strong></span> <span class='ocrx_word' id='word_1_506' title='bbox 1222 3809 1317 3862; x_wconf 81' lang='grc' dir='ltr'>τοῦ</span> <span class='ocrx_word' id='word_1_507' title='bbox 1355 3811 1558 3863; x_wconf 76' lang='grc' dir='ltr'>οἰκείου</span> <span class='ocrx_word' id='word_1_508' title='bbox 1591 3809 1939 3878; x_wconf 80' lang='grc' dir='ltr'>πταίσματος</span> 
     </span>
    </p>
   </div>
   <div class='ocr_carea' id='block_1_69' title="bbox 361 3897 1942 3970">
    <p class='ocr_par' dir='ltr' id='par_1_69' title="bbox 361 3897 1942 3970">
     <span class='ocr_line' id='line_1_69' title="bbox 361 3897 1942 3970; baseline -0.001 -18"><span class='ocrx_word' id='word_1_509' title='bbox 361 3901 444 3963; x_wconf 81' lang='grc' dir='ltr'>εἰς</span> <span class='ocrx_word' id='word_1_510' title='bbox 465 3899 814 3966; x_wconf 84' lang='grc' dir='ltr'>συναισθησιν</span> <span class='ocrx_word' id='word_1_511' title='bbox 831 3897 1020 3958; x_wconf 86' lang='grc' dir='ltr'>ἐλθὼν,</span> <span class='ocrx_word' id='word_1_512' title='bbox 1047 3917 1065 3950; x_wconf 80' lang='grc' dir='ltr'><strong>ι</strong></span> <span class='ocrx_word' id='word_1_513' title='bbox 1088 3897 1510 3970; x_wconf 79' lang='grc' dir='ltr'>Ἐγὼῆμαρτον,</span> <span class='ocrx_word' id='word_1_514' title='bbox 1526 3899 1825 3969; x_wconf 76' lang='grc' dir='ltr'>ἀναϐοήσῃ,</span> <span class='ocrx_word' id='word_1_515' title='bbox 1846 3899 1942 3951; x_wconf 70' lang='grc' dir='ltr'><strong>καὶ</strong></span> 
     </span>
    </p>
   </div>
   <div class='ocr_carea' id='block_1_70' title="bbox 363 3985 1943 4064">
    <p class='ocr_par' dir='ltr' id='par_1_70' title="bbox 363 3985 1943 4064">
     <span class='ocr_line' id='line_1_70' title="bbox 363 3985 1943 4064; baseline -0.004 -16"><span class='ocrx_word' id='word_1_516' title='bbox 363 3994 475 4061; x_wconf 78' lang='grc' dir='ltr'><strong>ἐγὼ</strong></span> <span class='ocrx_word' id='word_1_517' title='bbox 503 3992 899 4064; x_wconf 82' lang='grc' dir='ltr'>ἐκακοποίησα,</span> <span class='ocrx_word' id='word_1_518' title='bbox 925 3985 1080 4054; x_wconf 73' lang='grc' dir='ltr'>οὗτος</span> <span class='ocrx_word' id='word_1_519' title='bbox 1105 3991 1161 4044; x_wconf 81' lang='grc' dir='ltr'><strong>δέ</strong></span> <span class='ocrx_word' id='word_1_520' title='bbox 1188 3992 1218 4044; x_wconf 88' lang='lat'><strong>6</strong></span> <span class='ocrx_word' id='word_1_521' title='bbox 1239 3991 1366 4053; x_wconf 82' lang='grc' dir='ltr'>λαὸς</span> <span class='ocrx_word' id='word_1_522' title='bbox 1407 3992 1457 4044; x_wconf 87' lang='grc' dir='ltr'><strong>τί</strong></span> <span class='ocrx_word' id='word_1_523' title='bbox 1489 3991 1714 4061; x_wconf 85' lang='grc' dir='ltr'>ἐποίησε</span> <span class='ocrx_word' id='word_1_524' title='bbox 1741 4009 1754 4057; x_wconf 92' lang='grc'><strong>;</strong></span> <span class='ocrx_word' id='word_1_525' title='bbox 1783 4010 1801 4042; x_wconf 85' lang='grc'>›</span> <span class='ocrx_word' id='word_1_526' title='bbox 1832 3989 1943 4043; x_wconf 76' lang='grc' dir='ltr'><strong>Καὶ</strong></span> 
     </span>
    </p>
   </div>
   <div class='ocr_carea' id='block_1_71' title="bbox 363 4081 1944 4154">
    <p class='ocr_par' dir='ltr' id='par_1_71' title="bbox 363 4081 1944 4154">
     <span class='ocr_line' id='line_1_71' title="bbox 363 4081 1944 4154; baseline -0.003 -16"><span class='ocrx_word' id='word_1_527' title='bbox 363 4087 429 4138; x_wconf 87' lang='grc' dir='ltr'><strong>ἐκ</strong></span> <span class='ocrx_word' id='word_1_528' title='bbox 462 4084 559 4150; x_wconf 78' lang='grc' dir='ltr'><strong>μὲν</strong></span> <span class='ocrx_word' id='word_1_529' title='bbox 577 4087 676 4153; x_wconf 77' lang='grc' dir='ltr'>τῆς</span> <span class='ocrx_word' id='word_1_530' title='bbox 693 4082 1095 4154; x_wconf 77' lang='grc' dir='ltr'>ἐξαγορεύσεως</span> <span class='ocrx_word' id='word_1_531' title='bbox 1122 4085 1216 4136; x_wconf 64' lang='grc' dir='ltr'>καὶ</span> <span class='ocrx_word' id='word_1_532' title='bbox 1236 4083 1524 4149; x_wconf 76' lang='grc' dir='ltr'>μετανοίας</span> <span class='ocrx_word' id='word_1_533' title='bbox 1551 4084 1584 4152; x_wconf 77' lang='grc' dir='ltr'>ἡ</span> <span class='ocrx_word' id='word_1_534' title='bbox 1603 4081 1830 4153; x_wconf 80' lang='grc' dir='ltr'>θραῦσις</span> <span class='ocrx_word' id='word_1_535' title='bbox 1850 4098 1944 4134; x_wconf 83' lang='grc' dir='ltr'>κο·</span> 
     </span>
    </p>
   </div>
   <div class='ocr_carea' id='block_1_72' title="bbox 363 4173 1944 4246">
    <p class='ocr_par' dir='ltr' id='par_1_72' title="bbox 363 4173 1944 4246">
     <span class='ocr_line' id='line_1_72' title="bbox 363 4173 1944 4246; baseline -0.004 -16"><span class='ocrx_word' id='word_1_536' title='bbox 363 4177 534 4246; x_wconf 77' lang='grc' dir='ltr'>πάσῃ·</span> <span class='ocrx_word' id='word_1_537' title='bbox 586 4175 791 4245; x_wconf 86' lang='grc' dir='ltr'>ταύτης</span> <span class='ocrx_word' id='word_1_538' title='bbox 838 4175 894 4227; x_wconf 86' lang='grc' dir='ltr'>δὲ</span> <span class='ocrx_word' id='word_1_539' title='bbox 923 4175 1262 4246; x_wconf 82' lang='grc' dir='ltr'>ληγούσηςὴ</span> <span class='ocrx_word' id='word_1_540' title='bbox 1318 4175 1560 4244; x_wconf 86' lang='grc' dir='ltr'>σωτηρία</span> <span class='ocrx_word' id='word_1_541' title='bbox 1608 4173 1944 4242; x_wconf 81' lang='grc' dir='ltr'>περιγένοιτο</span> 
     </span>
    </p>
   </div>
   <div class='ocr_carea' id='block_1_73' title="bbox 364 4265 1943 4337">
    <p class='ocr_par' dir='ltr' id='par_1_73' title="bbox 364 4265 1943 4337">
     <span class='ocr_line' id='line_1_73' title="bbox 364 4265 1943 4337; baseline -0.003 -17"><span class='ocrx_word' id='word_1_542' title='bbox 364 4270 444 4337; x_wconf 85' lang='grc' dir='ltr'><strong>τῷ</strong></span> <span class='ocrx_word' id='word_1_543' title='bbox 487 4267 651 4334; x_wconf 79' lang='grc' dir='ltr'>γένει·</span> <span class='ocrx_word' id='word_1_544' title='bbox 689 4266 886 4336; x_wconf 77' lang='grc' dir='ltr'>μᾶλλον</span> <span class='ocrx_word' id='word_1_545' title='bbox 919 4266 976 4318; x_wconf 73' lang='grc' dir='ltr'>δὲ</span> <span class='ocrx_word' id='word_1_546' title='bbox 1009 4265 1214 4320; x_wconf 81' lang='grc' dir='ltr'>ἄνωθεν</span> <span class='ocrx_word' id='word_1_547' title='bbox 1259 4268 1455 4328; x_wconf 79' lang='grc' dir='ltr'>εἰπεῖν,</span> <span class='ocrx_word' id='word_1_548' title='bbox 1503 4267 1943 4334; x_wconf 83' lang='grc' dir='ltr'>ἐκεχρεωστήκει</span> 
     </span>
    </p>
   </div>
   <div class='ocr_carea' id='block_1_74' title="bbox 2038 3159 3618 3238">
    <p class='ocr_par' dir='ltr' id='par_1_74' title="bbox 2038 3159 3618 3238">
     <span class='ocr_line' id='line_1_74' title="bbox 2038 3159 3618 3238; baseline -0.009 -14"><span class='ocrx_word' id='word_1_549' title='bbox 2038 3171 2199 3231; x_wconf 87' lang='lat' dir='ltr'><strong>alius,</strong></span> <span class='ocrx_word' id='word_1_550' title='bbox 2244 3171 2371 3238; x_wconf 86' lang='lat' dir='ltr'><strong>quia</strong></span> <span class='ocrx_word' id='word_1_551' title='bbox 2424 3177 2642 3237; x_wconf 84' lang='lat' dir='ltr'><strong>prepter</strong></span> <span class='ocrx_word' id='word_1_552' title='bbox 2672 3168 2841 3236; x_wconf 88' lang='lat' dir='ltr'><strong>ipsius</strong></span> <span class='ocrx_word' id='word_1_553' title='bbox 2872 3167 3126 3220; x_wconf 82' lang='lat' dir='ltr'><strong>delictum</strong></span> <span class='ocrx_word' id='word_1_554' title='bbox 3204 3161 3497 3216; x_wconf 83' lang='lat' dir='ltr'><strong>Absalonis</strong></span> <span class='ocrx_word' id='word_1_555' title='bbox 3537 3159 3618 3210; x_wconf 88' lang='lat' dir='ltr'><strong>in-</strong></span> 
     </span>
    </p>
   </div>
   <div class='ocr_carea' id='block_1_75' title="bbox 2039 3253 3621 3321">
    <p class='ocr_par' dir='ltr' id='par_1_75' title="bbox 2039 3253 3621 3321">
     <span class='ocr_line' id='line_1_75' title="bbox 2039 3253 3621 3321; baseline -0.008 -7"><span class='ocrx_word' id='word_1_556' title='bbox 2039 3261 2307 3314; x_wconf 89' lang='lat' dir='ltr'><strong>surrectio</strong></span> <span class='ocrx_word' id='word_1_557' title='bbox 2345 3260 2563 3320; x_wconf 87' lang='lat' dir='ltr'><strong>accidit,</strong></span> <span class='ocrx_word' id='word_1_558' title='bbox 2605 3259 2739 3312; x_wconf 88' lang='lat' dir='ltr'><strong>dicit</strong></span> <span class='ocrx_word' id='word_1_559' title='bbox 2773 3257 2918 3310; x_wconf 78' lang='lat' dir='ltr'><strong>enim</strong></span> <span class='ocrx_word' id='word_1_560' title='bbox 2961 3276 2974 3311; x_wconf 89' lang='lat'><strong>:</strong></span> <span class='ocrx_word' id='word_1_561' title='bbox 3019 3276 3035 3306; x_wconf 84' lang='grc' dir='ltr'><strong>ι</strong></span> <span class='ocrx_word' id='word_1_562' title='bbox 3067 3255 3205 3321; x_wconf 87' lang='lat' dir='ltr'><strong>Quia</strong></span> <span class='ocrx_word' id='word_1_563' title='bbox 3259 3253 3506 3308; x_wconf 85' lang='lat' dir='ltr'><strong>occidisti</strong></span> <span class='ocrx_word' id='word_1_564' title='bbox 3565 3261 3621 3303; x_wconf 85' lang='lat' dir='ltr'><strong>et</strong></span> 
     </span>
    </p>
   </div>
   <div class='ocr_carea' id='block_1_76' title="bbox 2038 3341 3618 3413">
    <p class='ocr_par' dir='ltr' id='par_1_76' title="bbox 2038 3341 3618 3413">
     <span class='ocr_line' id='line_1_76' title="bbox 2038 3341 3618 3413; baseline -0.006 -11"><span class='ocrx_word' id='word_1_565' title='bbox 2038 3351 2366 3404; x_wconf 83' lang='lat' dir='ltr'><strong>adulterium</strong></span> <span class='ocrx_word' id='word_1_566' title='bbox 2394 3349 2742 3411; x_wconf 84' lang='lat' dir='ltr'><strong>commisisti,</strong></span> <span class='ocrx_word' id='word_1_567' title='bbox 2786 3348 2892 3401; x_wconf 87' lang='lat' dir='ltr'><strong>sub</strong></span> <span class='ocrx_word' id='word_1_568' title='bbox 2933 3347 3163 3402; x_wconf 85' lang='lat' dir='ltr'><strong>aliorum</strong></span> <span class='ocrx_word' id='word_1_569' title='bbox 3196 3353 3459 3413; x_wconf 76' lang='lat' dir='ltr'><strong>potestate</strong></span> <span class='ocrx_word' id='word_1_570' title='bbox 3487 3341 3618 3404; x_wconf 86' lang='lat' dir='ltr'><strong>cris,</strong></span> 
     </span>
    </p>
   </div>
   <div class='ocr_carea' id='block_1_77' title="bbox 2039 3437 3622 3504">
    <p class='ocr_par' dir='ltr' id='par_1_77' title="bbox 2039 3437 3622 3504">
     <span class='ocr_line' id='line_1_77' title="bbox 2039 3437 3622 3504; baseline -0.009 -6"><span class='ocrx_word' id='word_1_571' title='bbox 2039 3445 2131 3498; x_wconf 87' lang='lat' dir='ltr'><strong>sed</strong></span> <span class='ocrx_word' id='word_1_572' title='bbox 2184 3453 2238 3497; x_wconf 87' lang='lat' dir='ltr'><strong>et</strong></span> <span class='ocrx_word' id='word_1_573' title='bbox 2285 3442 2539 3496; x_wconf 88' lang='lat' dir='ltr'><strong>mulieres</strong></span> <span class='ocrx_word' id='word_1_574' title='bbox 2578 3452 2698 3495; x_wconf 87' lang='lat' dir='ltr'><strong>tuas</strong></span> <span class='ocrx_word' id='word_1_575' title='bbox 2739 3441 2791 3493; x_wconf 90' lang='lat' dir='ltr'><strong>in</strong></span> <span class='ocrx_word' id='word_1_576' title='bbox 2816 3440 2992 3493; x_wconf 90' lang='lat' dir='ltr'><strong>oculis</strong></span> <span class='ocrx_word' id='word_1_577' title='bbox 3043 3437 3149 3490; x_wconf 83' lang='lat' dir='ltr'><strong>tuis</strong></span> <span class='ocrx_word' id='word_1_578' title='bbox 3174 3437 3453 3504; x_wconf 81' lang='lat' dir='ltr'><strong>proximus</strong></span> <span class='ocrx_word' id='word_1_579' title='bbox 3496 3442 3622 3485; x_wconf 92' lang='lat' dir='ltr'><strong>tuus</strong></span> 
     </span>
    </p>
   </div>
   <div class='ocr_carea' id='block_1_78' title="bbox 2038 3520 3624 3604">
    <p class='ocr_par' dir='ltr' id='par_1_78' title="bbox 2038 3520 3624 3604">
     <span class='ocr_line' id='line_1_78' title="bbox 2038 3520 3624 3604; baseline -0.009 -13"><span class='ocrx_word' id='word_1_580' title='bbox 2038 3537 2213 3592; x_wconf 89' lang='lat' dir='ltr'><strong>tollet.</strong></span> <span class='ocrx_word' id='word_1_581' title='bbox 2249 3555 2269 3590; x_wconf 74' lang='grc' dir='ltr'><strong>ι</strong></span> <span class='ocrx_word' id='word_1_582' title='bbox 2305 3535 2460 3602; x_wconf 87' lang='lat' dir='ltr'><strong>Quod</strong></span> <span class='ocrx_word' id='word_1_583' title='bbox 2489 3535 2708 3604; x_wconf 88' lang='lat' dir='ltr'><strong>quidem</strong></span> <span class='ocrx_word' id='word_1_584' title='bbox 2738 3533 2866 3588; x_wconf 77' lang='lat' dir='ltr'><strong>fecit</strong></span> <span class='ocrx_word' id='word_1_585' title='bbox 2907 3532 3190 3587; x_wconf 84' lang='lat' dir='ltr'><strong>Absalom.</strong></span> <span class='ocrx_word' id='word_1_586' title='bbox 3233 3520 3624 3583; x_wconf 83' lang='lat' dir='ltr'><strong>Commovctur</strong></span> 
     </span>
    </p>
   </div>
   <div class='ocr_carea' id='block_1_79' title="bbox 2041 3619 3621 3701">
    <p class='ocr_par' dir='ltr' id='par_1_79' title="bbox 2041 3619 3621 3701">
     <span class='ocr_line' id='line_1_79' title="bbox 2041 3619 3621 3701; baseline -0.011 -14"><span class='ocrx_word' id='word_1_587' title='bbox 2041 3647 2171 3701; x_wconf 77' lang='lat' dir='ltr'><strong>ergo</strong></span> <span class='ocrx_word' id='word_1_588' title='bbox 2208 3631 2323 3700; x_wconf 90' lang='lat' dir='ltr'><strong>ipse</strong></span> <span class='ocrx_word' id='word_1_589' title='bbox 2348 3631 2440 3699; x_wconf 89' lang='lat' dir='ltr'><strong>qui</strong></span> <span class='ocrx_word' id='word_1_590' title='bbox 2478 3628 2723 3699; x_wconf 87' lang='lat' dir='ltr'><strong>peccavit</strong></span> <span class='ocrx_word' id='word_1_591' title='bbox 2757 3637 2814 3680; x_wconf 92' lang='grc' dir='ltr'><strong>ιιι</strong></span> <span class='ocrx_word' id='word_1_592' title='bbox 2844 3627 2928 3681; x_wconf 92' lang='lat' dir='ltr'><strong>sui</strong></span> <span class='ocrx_word' id='word_1_593' title='bbox 2977 3625 3157 3679; x_wconf 89' lang='lat' dir='ltr'><strong>delicti</strong></span> <span class='ocrx_word' id='word_1_594' title='bbox 3230 3619 3621 3676; x_wconf 83' lang='lat' dir='ltr'><strong>conscientiam</strong></span> 
     </span>
    </p>
   </div>
   <div class='ocr_carea' id='block_1_80' title="bbox 2043 3711 3626 3790">
    <p class='ocr_par' dir='ltr' id='par_1_80' title="bbox 2043 3711 3626 3790">
     <span class='ocr_line' id='line_1_80' title="bbox 2043 3711 3626 3790; baseline -0.009 -14"><span class='ocrx_word' id='word_1_595' title='bbox 2043 3725 2326 3787; x_wconf 72' lang='lat' dir='ltr'><strong>liabens,‘¢</strong></span> <span class='ocrx_word' id='word_1_596' title='bbox 2359 3722 2467 3789; x_wconf 75' lang='lat' dir='ltr'><strong>Ego</strong></span> <span class='ocrx_word' id='word_1_597' title='bbox 2503 3722 2744 3790; x_wconf 85' lang='lat' dir='ltr'><strong>peccavi,</strong></span> <span class='ocrx_word' id='word_1_598' title='bbox 2782 3719 3044 3780; x_wconf 88' lang='lat' dir='ltr'><strong>clamitet,</strong></span> <span class='ocrx_word' id='word_1_599' title='bbox 3081 3730 3180 3786; x_wconf 81' lang='lat' dir='ltr'><strong>ego</strong></span> <span class='ocrx_word' id='word_1_600' title='bbox 3229 3715 3369 3767; x_wconf 89' lang='lat' dir='ltr'><strong>male</strong></span> <span class='ocrx_word' id='word_1_601' title='bbox 3390 3712 3498 3780; x_wconf 80' lang='lat' dir='ltr'><strong>egi,</strong></span> <span class='ocrx_word' id='word_1_602' title='bbox 3537 3711 3626 3763; x_wconf 87' lang='lat' dir='ltr'><strong>hic</strong></span> 
     </span>
    </p>
   </div>
   <div class='ocr_carea' id='block_1_81' title="bbox 2044 3805 3628 3887">
    <p class='ocr_par' dir='ltr' id='par_1_81' title="bbox 2044 3805 3628 3887">
     <span class='ocr_line' id='line_1_81' title="bbox 2044 3805 3628 3887; baseline -0.009 -18"><span class='ocrx_word' id='word_1_603' title='bbox 2044 3825 2224 3870; x_wconf 90' lang='lat' dir='ltr'><strong>autem</strong></span> <span class='ocrx_word' id='word_1_604' title='bbox 2259 3817 2489 3887; x_wconf 88' lang='lat' dir='ltr'><strong>populus</strong></span> <span class='ocrx_word' id='word_1_605' title='bbox 2517 3814 2646 3884; x_wconf 86' lang='lat' dir='ltr'><strong>quid</strong></span> <span class='ocrx_word' id='word_1_606' title='bbox 2682 3812 2846 3868; x_wconf 78' lang='lat' dir='ltr'><strong>fecit?</strong></span> <span class='ocrx_word' id='word_1_607' title='bbox 2868 3832 2886 3864; x_wconf 76' lang='grc' dir='ltr'><strong>ι</strong></span> <span class='ocrx_word' id='word_1_608' title='bbox 2915 3821 2969 3865; x_wconf 87' lang='lat' dir='ltr'><strong>et</strong></span> <span class='ocrx_word' id='word_1_609' title='bbox 2991 3827 3054 3864; x_wconf 80' lang='lat' dir='ltr'><strong>ex</strong></span> <span class='ocrx_word' id='word_1_610' title='bbox 3078 3810 3179 3865; x_wconf 89' lang='lat' dir='ltr'><strong>ista</strong></span> <span class='ocrx_word' id='word_1_611' title='bbox 3211 3805 3551 3862; x_wconf 76' lang='lat' dir='ltr'><strong>confessione</strong></span> <span class='ocrx_word' id='word_1_612' title='bbox 3573 3810 3628 3855; x_wconf 87' lang='lat' dir='ltr'><strong>et</strong></span> 
     </span>
    </p>
   </div>
   <div class='ocr_carea' id='block_1_82' title="bbox 2043 3901 3625 3978">
    <p class='ocr_par' dir='ltr' id='par_1_82' title="bbox 2043 3901 3625 3978">
     <span class='ocr_line' id='line_1_82' title="bbox 2043 3901 3625 3978; baseline -0.013 -13"><span class='ocrx_word' id='word_1_613' title='bbox 2043 3909 2361 3978; x_wconf 71' lang='lat' dir='ltr'><strong>ptenitentia</strong></span> <span class='ocrx_word' id='word_1_614' title='bbox 2397 3907 2764 3962; x_wconf 84' lang='lat' dir='ltr'><strong>tribulationis</strong></span> <span class='ocrx_word' id='word_1_615' title='bbox 2807 3905 2900 3958; x_wconf 85' lang='lat' dir='ltr'><strong>ﬁat</strong></span> <span class='ocrx_word' id='word_1_616' title='bbox 2935 3904 3079 3966; x_wconf 86' lang='lat' dir='ltr'><strong>linis,</strong></span> <span class='ocrx_word' id='word_1_617' title='bbox 3119 3909 3173 3954; x_wconf 85' lang='lat' dir='ltr'><strong>et</strong></span> <span class='ocrx_word' id='word_1_618' title='bbox 3204 3901 3305 3954; x_wconf 86' lang='lat' dir='ltr'><strong>ista</strong></span> <span class='ocrx_word' id='word_1_619' title='bbox 3353 3903 3625 3958; x_wconf 87' lang='lat' dir='ltr'><strong>cessante,</strong></span> 
     </span>
    </p>
   </div>
   <div class='ocr_carea' id='block_1_83' title="bbox 2045 3999 3628 4076">
    <p class='ocr_par' dir='ltr' id='par_1_83' title="bbox 2045 3999 3628 4076">
     <span class='ocr_line' id='line_1_83' title="bbox 2045 3999 3628 4076; baseline -0.013 -17"><span class='ocrx_word' id='word_1_620' title='bbox 2045 4005 2194 4060; x_wconf 88' lang='lat' dir='ltr'><strong>salus</strong></span> <span class='ocrx_word' id='word_1_621' title='bbox 2221 4005 2372 4076; x_wconf 83' lang='lat' dir='ltr'><strong>genti</strong></span> <span class='ocrx_word' id='word_1_622' title='bbox 2431 4003 2805 4073; x_wconf 84' lang='lat' dir='ltr'><strong>superveniat.</strong></span> <span class='ocrx_word' id='word_1_623' title='bbox 2856 3999 3053 4053; x_wconf 85' lang='lat' dir='ltr'><strong>Potius</strong></span> <span class='ocrx_word' id='word_1_624' title='bbox 3085 4004 3262 4049; x_wconf 88' lang='lat' dir='ltr'><strong>autem</strong></span> <span class='ocrx_word' id='word_1_625' title='bbox 3307 4008 3428 4062; x_wconf 75' lang='lat' dir='ltr'><strong>quae</strong></span> <span class='ocrx_word' id='word_1_626' title='bbox 3461 4001 3628 4056; x_wconf 89' lang='lat' dir='ltr'><strong>supra</strong></span> 
     </span>
    </p>
   </div>
   <div class='ocr_carea' id='block_1_84' title="bbox 2043 4079 3627 4161">
    <p class='ocr_par' dir='ltr' id='par_1_84' title="bbox 2043 4079 3627 4161">
     <span class='ocr_line' id='line_1_84' title="bbox 2043 4079 3627 4161; baseline -0.013 -13"><span class='ocrx_word' id='word_1_627' title='bbox 2043 4109 2379 4156; x_wconf 88' lang='lat' dir='ltr'><strong>memorans,</strong></span> <span class='ocrx_word' id='word_1_628' title='bbox 2413 4107 2628 4161; x_wconf 75' lang='lat' dir='ltr'><strong>poenam</strong></span> <span class='ocrx_word' id='word_1_629' title='bbox 2690 4092 2889 4144; x_wconf 90' lang='lat' dir='ltr'><strong>meruit</strong></span> <span class='ocrx_word' id='word_1_630' title='bbox 2925 4087 3183 4158; x_wconf 86' lang='lat' dir='ltr'><strong>populus,</strong></span> <span class='ocrx_word' id='word_1_631' title='bbox 3227 4091 3448 4152; x_wconf 87' lang='lat' dir='ltr'><strong>propter</strong></span> <span class='ocrx_word' id='word_1_632' title='bbox 3482 4079 3627 4148; x_wconf 86' lang='lat' dir='ltr'><strong>quod</strong></span> 
     </span>
    </p>
   </div>
   <div class='ocr_carea' id='block_1_85' title="bbox 2046 4172 3632 4255">
    <p class='ocr_par' dir='ltr' id='par_1_85' title="bbox 2046 4172 3632 4255">
     <span class='ocr_line' id='line_1_85' title="bbox 2046 4172 3632 4255; baseline -0.011 -17"><span class='ocrx_word' id='word_1_633' title='bbox 2046 4187 2244 4255; x_wconf 86' lang='lat' dir='ltr'><strong>adjecit</strong></span> <span class='ocrx_word' id='word_1_634' title='bbox 2270 4186 2426 4239; x_wconf 81' lang='lat' dir='ltr'><strong>furor</strong></span> <span class='ocrx_word' id='word_1_635' title='bbox 2452 4184 2662 4239; x_wconf 83' lang='lat' dir='ltr'><strong>Domini</strong></span> <span class='ocrx_word' id='word_1_636' title='bbox 2697 4182 2856 4237; x_wconf 90' lang='lat' dir='ltr'><strong>irasci</strong></span> <span class='ocrx_word' id='word_1_637' title='bbox 2886 4188 3078 4236; x_wconf 89' lang='lat' dir='ltr'><strong>contra</strong></span> <span class='ocrx_word' id='word_1_638' title='bbox 3127 4179 3248 4231; x_wconf 88' lang='lat' dir='ltr'><strong>illos</strong></span> <span class='ocrx_word' id='word_1_639' title='bbox 3275 4193 3289 4240; x_wconf 91' lang='lat'><strong>;</strong></span> <span class='ocrx_word' id='word_1_640' title='bbox 3333 4172 3632 4228; x_wconf 86' lang='lat' dir='ltr'><strong>commovit</strong></span> 
     </span>
    </p>
   </div>
   <div class='ocr_carea' id='block_1_86' title="bbox 2047 4261 3630 4340">
    <p class='ocr_par' dir='ltr' id='par_1_86' title="bbox 2047 4261 3630 4340">
     <span class='ocr_line' id='line_1_86' title="bbox 2047 4261 3630 4340; baseline -0.009 -14"><span class='ocrx_word' id='word_1_641' title='bbox 2047 4284 2227 4327; x_wconf 88' lang='lat' dir='ltr'><strong>autem</strong></span> <span class='ocrx_word' id='word_1_642' title='bbox 2275 4274 2354 4326; x_wconf 88' lang='lat' dir='ltr'><strong>ira</strong></span> <span class='ocrx_word' id='word_1_643' title='bbox 2397 4274 2560 4326; x_wconf 89' lang='lat' dir='ltr'><strong>David</strong></span> <span class='ocrx_word' id='word_1_644' title='bbox 2593 4273 2658 4325; x_wconf 90' lang='lat' dir='ltr'><strong>ad</strong></span> <span class='ocrx_word' id='word_1_645' title='bbox 2691 4271 2948 4340; x_wconf 89' lang='lat' dir='ltr'><strong>populum</strong></span> <span class='ocrx_word' id='word_1_646' title='bbox 2982 4263 3468 4322; x_wconf 87' lang='lat' dir='ltr'><strong>dinumerandum.</strong></span> <span class='ocrx_word' id='word_1_647' title='bbox 3499 4261 3630 4312; x_wconf 78' lang='lat' dir='ltr'><strong>l’ost</strong></span> 
     </span>
    </p>
   </div>
   <div class='ocr_carea' id='block_1_87' title="bbox 367 4355 1951 4438">
    <p class='ocr_par' dir='ltr' id='par_1_87' title="bbox 367 4357 1943 4430">
     <span class='ocr_line' id='line_1_87' title="bbox 367 4357 1943 4430; baseline -0.002 -17"><span class='ocrx_word' id='word_1_648' title='bbox 367 4361 468 4430; x_wconf 82' lang='grc' dir='ltr'>τὴν</span> <span class='ocrx_word' id='word_1_649' title='bbox 515 4361 670 4430; x_wconf 85' lang='grc' dir='ltr'>δίκην</span> <span class='ocrx_word' id='word_1_650' title='bbox 701 4361 730 4411; x_wconf 90' lang='lat'><strong>6</strong></span> <span class='ocrx_word' id='word_1_651' title='bbox 762 4359 907 4420; x_wconf 70' lang='grc' dir='ltr'>λαός·</span> <span class='ocrx_word' id='word_1_652' title='bbox 977 4359 1066 4411; x_wconf 68' lang='grc' dir='ltr'><strong>διὰ</strong></span> <span class='ocrx_word' id='word_1_653' title='bbox 1102 4358 1258 4411; x_wconf 81' lang='grc' dir='ltr'>τοῦτο</span> <span class='ocrx_word' id='word_1_654' title='bbox 1304 4357 1600 4428; x_wconf 77' lang='grc' dir='ltr'>προσέθετο</span> <span class='ocrx_word' id='word_1_655' title='bbox 1645 4358 1780 4430; x_wconf 80' lang='grc' dir='ltr'>ὀργὴ</span> <span class='ocrx_word' id='word_1_656' title='bbox 1811 4357 1943 4411; x_wconf 78' lang='grc' dir='ltr'>Θεοῦ</span> 
     </span>
    </p>
   </div>
   <div class='ocr_carea' id='block_1_88' title="bbox 2038 4355 3633 4438">
    <p class='ocr_par' dir='ltr' id='par_1_88' title="bbox 2050 4355 3633 4432">
     <span class='ocr_line' id='line_1_88' title="bbox 2050 4355 3633 4432; baseline -0.01 -13"><span class='ocrx_word' id='word_1_657' title='bbox 2050 4375 2231 4419; x_wconf 90' lang='lat' dir='ltr'><strong>autem</strong></span> <span class='ocrx_word' id='word_1_658' title='bbox 2265 4365 2637 4419; x_wconf 85' lang='lat' dir='ltr'><strong>reccnsioncm</strong></span> <span class='ocrx_word' id='word_1_659' title='bbox 2661 4365 2821 4417; x_wconf 87' lang='lat' dir='ltr'><strong>irruit</strong></span> <span class='ocrx_word' id='word_1_660' title='bbox 2846 4364 3000 4432; x_wconf 83' lang='lat' dir='ltr'><strong>plaga</strong></span> <span class='ocrx_word' id='word_1_661' title='bbox 3026 4379 3041 4427; x_wconf 91' lang='lat'><strong>;</strong></span> <span class='ocrx_word' id='word_1_662' title='bbox 3071 4375 3178 4430; x_wconf 89' lang='lat' dir='ltr'><strong>qua</strong></span> <span class='ocrx_word' id='word_1_663' title='bbox 3201 4367 3399 4419; x_wconf 89' lang='lat' dir='ltr'><strong>stante,</strong></span> <span class='ocrx_word' id='word_1_664' title='bbox 3428 4355 3479 4407; x_wconf 93' lang='lat' dir='ltr'><strong>in</strong></span> <span class='ocrx_word' id='word_1_665' title='bbox 3503 4368 3633 4407; x_wconf 90' lang='lat' dir='ltr'><strong>con-</strong></span> 
     </span>
    </p>
   </div>
   <div class='ocr_carea' id='block_1_89' title="bbox 371 4451 1948 4524">
    <p class='ocr_par' dir='ltr' id='par_1_89' title="bbox 371 4451 1948 4524">
     <span class='ocr_line' id='line_1_89' title="bbox 371 4451 1948 4524; baseline -0.003 -17"><span class='ocrx_word' id='word_1_666' title='bbox 371 4453 694 4524; x_wconf 83' lang='grc' dir='ltr'>θυμωθῆναι</span> <span class='ocrx_word' id='word_1_667' title='bbox 721 4454 806 4505; x_wconf 86' lang='grc' dir='ltr'>ἐπ’</span> <span class='ocrx_word' id='word_1_668' title='bbox 823 4451 1035 4513; x_wconf 76' lang='grc' dir='ltr'>αὐτούς*</span> <span class='ocrx_word' id='word_1_669' title='bbox 1081 4451 1323 4503; x_wconf 86' lang='grc' dir='ltr'>ἀνασείει</span> <span class='ocrx_word' id='word_1_670' title='bbox 1346 4451 1402 4504; x_wconf 82' lang='grc' dir='ltr'><strong>δὲ</strong></span> <span class='ocrx_word' id='word_1_671' title='bbox 1429 4453 1456 4504; x_wconf 87' lang='grc' dir='ltr'>ὁ</span> <span class='ocrx_word' id='word_1_672' title='bbox 1481 4451 1652 4520; x_wconf 84' lang='grc' dir='ltr'>θυμὸς</span> <span class='ocrx_word' id='word_1_673' title='bbox 1683 4451 1819 4521; x_wconf 86' lang='grc' dir='ltr'>πρὸς</span> <span class='ocrx_word' id='word_1_674' title='bbox 1849 4451 1948 4522; x_wconf 86' lang='grc' dir='ltr'><strong>τὴν</strong></span> 
     </span>
    </p>
   </div>
   <div class='ocr_carea' id='block_1_90' title="bbox 370 4541 1948 4615">
    <p class='ocr_par' dir='ltr' id='par_1_90' title="bbox 370 4541 1948 4615">
     <span class='ocr_line' id='line_1_90' title="bbox 370 4541 1948 4615; baseline -0.003 -17"><span class='ocrx_word' id='word_1_675' title='bbox 370 4546 495 4615; x_wconf 87' lang='grc' dir='ltr'>ἁρίθ</span> <span class='ocrx_word' id='word_1_676' title='bbox 503 4563 578 4614; x_wconf 90' lang='grc' dir='ltr'><strong>μη</strong></span> <span class='ocrx_word' id='word_1_677' title='bbox 587 4563 667 4598; x_wconf 91' lang='grc' dir='ltr'><strong>σιν</strong></span> <span class='ocrx_word' id='word_1_678' title='bbox 678 4545 768 4597; x_wconf 82' lang='grc' dir='ltr'>τὸν</span> <span class='ocrx_word' id='word_1_679' title='bbox 785 4544 969 4597; x_wconf 74' lang='grc' dir='ltr'>Δαόίδο</span> <span class='ocrx_word' id='word_1_680' title='bbox 985 4541 1372 4612; x_wconf 78' lang='grc' dir='ltr'>ἀριθμηθὲντος</span> <span class='ocrx_word' id='word_1_681' title='bbox 1389 4543 1444 4595; x_wconf 76' lang='grc' dir='ltr'>δὲ</span> <span class='ocrx_word' id='word_1_682' title='bbox 1457 4543 1679 4595; x_wconf 80' lang='grc' dir='ltr'>ἐπέθετο</span> <span class='ocrx_word' id='word_1_683' title='bbox 1696 4544 1729 4612; x_wconf 82' lang='grc' dir='ltr'>ἡ</span> <span class='ocrx_word' id='word_1_684' title='bbox 1747 4542 1948 4612; x_wconf 86' lang='grc' dir='ltr'>πληγή·</span> 
     </span>
    </p>
   </div>
   <div class='ocr_carea' id='block_1_91' title="bbox 373 4634 1948 4708">
    <p class='ocr_par' dir='ltr' id='par_1_91' title="bbox 373 4634 1948 4708">
     <span class='ocr_line' id='line_1_91' title="bbox 373 4634 1948 4708; baseline -0.003 -17"><span class='ocrx_word' id='word_1_685' title='bbox 373 4638 670 4708; x_wconf 79' lang='grc' dir='ltr'>ἱσταμένης</span> <span class='ocrx_word' id='word_1_686' title='bbox 694 4639 749 4690; x_wconf 80' lang='grc' dir='ltr'>δὲ</span> <span class='ocrx_word' id='word_1_687' title='bbox 775 4637 874 4707; x_wconf 81' lang='grc' dir='ltr'>τῆς</span> <span class='ocrx_word' id='word_1_688' title='bbox 905 4637 1116 4706; x_wconf 74' lang='grc' dir='ltr'>πληγῆς</span> <span class='ocrx_word' id='word_1_689' title='bbox 1144 4638 1222 4698; x_wconf 82' lang='grc' dir='ltr'>εἰς</span> <span class='ocrx_word' id='word_1_690' title='bbox 1244 4634 1593 4704; x_wconf 84' lang='grc' dir='ltr'>συναίσθησιν</span> <span class='ocrx_word' id='word_1_691' title='bbox 1635 4635 1730 4687; x_wconf 80' lang='grc' dir='ltr'><strong>τοῦ</strong></span> <span class='ocrx_word' id='word_1_692' title='bbox 1765 4651 1948 4704; x_wconf 85' lang='grc' dir='ltr'>παρσ-</span> 
     </span>
    </p>
   </div>
   <div class='ocr_carea' id='block_1_92' title="bbox 373 4725 1955 4801">
    <p class='ocr_par' dir='ltr' id='par_1_92' title="bbox 373 4725 1955 4801">
     <span class='ocr_line' id='line_1_92' title="bbox 373 4725 1955 4801; baseline -0.003 -18"><span class='ocrx_word' id='word_1_693' title='bbox 373 4729 669 4801; x_wconf 79' lang='grc' dir='ltr'>πτώματος</span> <span class='ocrx_word' id='word_1_694' title='bbox 690 4731 812 4800; x_wconf 82' lang='grc' dir='ltr'>ἥκει</span> <span class='ocrx_word' id='word_1_695' title='bbox 842 4731 870 4782; x_wconf 92' lang='lat'><strong>6</strong></span> <span class='ocrx_word' id='word_1_696' title='bbox 893 4729 1076 4780; x_wconf 79' lang='grc' dir='ltr'>Δαὸίδ·</span> <span class='ocrx_word' id='word_1_697' title='bbox 1111 4729 1172 4780; x_wconf 83' lang='grc' dir='ltr'><strong>ἐκ</strong></span> <span class='ocrx_word' id='word_1_698' title='bbox 1193 4727 1293 4794; x_wconf 84' lang='grc' dir='ltr'>τῆς</span> <span class='ocrx_word' id='word_1_699' title='bbox 1319 4725 1738 4795; x_wconf 77' lang='grc' dir='ltr'>συναισθήσεως,</span> <span class='ocrx_word' id='word_1_700' title='bbox 1755 4728 1835 4789; x_wconf 80' lang='grc' dir='ltr'><strong>είς</strong></span> <span class='ocrx_word' id='word_1_701' title='bbox 1862 4743 1955 4795; x_wconf 88' lang='grc' dir='ltr'>με-</span> 
     </span>
    </p>
   </div>
   <div class='ocr_carea' id='block_1_93' title="bbox 371 4817 1954 4890">
    <p class='ocr_par' dir='ltr' id='par_1_93' title="bbox 371 4817 1954 4890">
     <span class='ocr_line' id='line_1_93' title="bbox 371 4817 1954 4890; baseline -0.003 -15"><span class='ocrx_word' id='word_1_702' title='bbox 371 4822 612 4875; x_wconf 83' lang='grc' dir='ltr'>τάνοιαν·</span> <span class='ocrx_word' id='word_1_703' title='bbox 641 4822 675 4889; x_wconf 83' lang='grc' dir='ltr'>ἡ</span> <span class='ocrx_word' id='word_1_704' title='bbox 705 4821 960 4890; x_wconf 80' lang='grc' dir='ltr'>μετάνοια</span> <span class='ocrx_word' id='word_1_705' title='bbox 988 4818 1046 4870; x_wconf 83' lang='grc' dir='ltr'>δὲ</span> <span class='ocrx_word' id='word_1_706' title='bbox 1099 4817 1196 4887; x_wconf 81' lang='grc' dir='ltr'><strong>τὴν</strong></span> <span class='ocrx_word' id='word_1_707' title='bbox 1249 4818 1457 4872; x_wconf 77' lang='grc' dir='ltr'>ἄνωθεν</span> <span class='ocrx_word' id='word_1_708' title='bbox 1489 4817 1818 4887; x_wconf 88' lang='grc' dir='ltr'>συγγνώμην</span> <span class='ocrx_word' id='word_1_709' title='bbox 1861 4819 1954 4870; x_wconf 75' lang='grc' dir='ltr'><strong>καὶ</strong></span> 
     </span>
    </p>
   </div>
   <div class='ocr_carea' id='block_1_94' title="bbox 372 4908 1945 4981">
    <p class='ocr_par' dir='ltr' id='par_1_94' title="bbox 372 4908 1945 4981">
     <span class='ocr_line' id='line_1_94' title="bbox 372 4908 1945 4981; baseline -0.003 -14"><span class='ocrx_word' id='word_1_710' title='bbox 372 4915 464 4967; x_wconf 79' lang='grc' dir='ltr'><strong>τὸν</strong></span> <span class='ocrx_word' id='word_1_711' title='bbox 490 4913 638 4966; x_wconf 83' lang='grc' dir='ltr'>ἔλεον</span> <span class='ocrx_word' id='word_1_712' title='bbox 682 4914 844 4964; x_wconf 82' lang='grc' dir='ltr'>κινεί-</span> <span class='ocrx_word' id='word_1_713' title='bbox 899 4909 968 4963; x_wconf 60' lang='lat' dir='ltr'><strong>rh</strong></span> <span class='ocrx_word' id='word_1_714' title='bbox 997 4911 1054 4963; x_wconf 79' lang='grc' dir='ltr'>δὲ</span> <span class='ocrx_word' id='word_1_715' title='bbox 1106 4909 1340 4962; x_wconf 75' lang='grc' dir='ltr'>παύουσι</span> <span class='ocrx_word' id='word_1_716' title='bbox 1369 4911 1469 4980; x_wconf 77' lang='grc' dir='ltr'><strong>τὴν</strong></span> <span class='ocrx_word' id='word_1_717' title='bbox 1517 4908 1765 4981; x_wconf 84' lang='grc' dir='ltr'>θραῦσιν·</span> <span class='ocrx_word' id='word_1_718' title='bbox 1806 4909 1945 4963; x_wconf 80' lang='grc' dir='ltr'>ὥστε</span> 
     </span>
    </p>
   </div>
   <div class='ocr_carea' id='block_1_95' title="bbox 2049 4442 3631 4512">
    <p class='ocr_par' dir='ltr' id='par_1_95' title="bbox 2049 4442 3631 4512">
     <span class='ocr_line' id='line_1_95' title="bbox 2049 4442 3631 4512; baseline -0.011 -3"><span class='ocrx_word' id='word_1_719' title='bbox 2049 4456 2330 4509; x_wconf 89' lang='lat' dir='ltr'><strong>scientiam</strong></span> <span class='ocrx_word' id='word_1_720' title='bbox 2365 4454 2544 4508; x_wconf 90' lang='lat' dir='ltr'><strong>delicti</strong></span> <span class='ocrx_word' id='word_1_721' title='bbox 2593 4454 2737 4508; x_wconf 87' lang='lat' dir='ltr'><strong>venit</strong></span> <span class='ocrx_word' id='word_1_722' title='bbox 2769 4453 2958 4512; x_wconf 78' lang='lat' dir='ltr'><strong>David.</strong></span> <span class='ocrx_word' id='word_1_723' title='bbox 2991 4463 3046 4505; x_wconf 90' lang='lat' dir='ltr'><strong>ct</strong></span> <span class='ocrx_word' id='word_1_724' title='bbox 3081 4467 3145 4504; x_wconf 75' lang='lat' dir='ltr'><strong>ex</strong></span> <span class='ocrx_word' id='word_1_725' title='bbox 3186 4445 3529 4504; x_wconf 89' lang='lat' dir='ltr'><strong>conscientia</strong></span> <span class='ocrx_word' id='word_1_726' title='bbox 3575 4442 3631 4493; x_wconf 92' lang='lat' dir='ltr'><strong>in</strong></span> 
     </span>
    </p>
   </div>
   <div class='ocr_carea' id='block_1_96' title="bbox 2049 4535 3634 4616">
    <p class='ocr_par' dir='ltr' id='par_1_96' title="bbox 2049 4535 3634 4616">
     <span class='ocr_line' id='line_1_96' title="bbox 2049 4535 3634 4616; baseline -0.009 -14"><span class='ocrx_word' id='word_1_727' title='bbox 2049 4549 2448 4616; x_wconf 71' lang='lat' dir='ltr'><strong>pmnitentiam,</strong></span> <span class='ocrx_word' id='word_1_728' title='bbox 2498 4547 2814 4616; x_wconf 72' lang='lat' dir='ltr'><strong>pmnitentia</strong></span> <span class='ocrx_word' id='word_1_729' title='bbox 2857 4554 3040 4598; x_wconf 88' lang='lat' dir='ltr'><strong>autem</strong></span> <span class='ocrx_word' id='word_1_730' title='bbox 3085 4543 3294 4596; x_wconf 87' lang='lat' dir='ltr'><strong>veniam</strong></span> <span class='ocrx_word' id='word_1_731' title='bbox 3327 4548 3380 4592; x_wconf 93' lang='lat' dir='ltr'><strong>et</strong></span> <span class='ocrx_word' id='word_1_732' title='bbox 3415 4535 3634 4589; x_wconf 87' lang='lat' dir='ltr'><strong>miseri-</strong></span> 
     </span>
    </p>
   </div>
   <div class='ocr_carea' id='block_1_97' title="bbox 2053 4627 3632 4704">
    <p class='ocr_par' dir='ltr' id='par_1_97' title="bbox 2053 4627 3632 4704">
     <span class='ocr_line' id='line_1_97' title="bbox 2053 4627 3632 4704; baseline -0.01 -12"><span class='ocrx_word' id='word_1_733' title='bbox 2053 4638 2293 4692; x_wconf 87' lang='lat' dir='ltr'><strong>cordiam</strong></span> <span class='ocrx_word' id='word_1_734' title='bbox 2322 4655 2351 4692; x_wconf 91' lang='lat' dir='ltr'><strong>a</strong></span> <span class='ocrx_word' id='word_1_735' title='bbox 2398 4639 2506 4692; x_wconf 87' lang='lat' dir='ltr'><strong>Deo</strong></span> <span class='ocrx_word' id='word_1_736' title='bbox 2536 4639 2777 4704; x_wconf 84' lang='lat' dir='ltr'><strong>attrahit,</strong></span> <span class='ocrx_word' id='word_1_737' title='bbox 2813 4648 2867 4692; x_wconf 87' lang='lat' dir='ltr'><strong>et</strong></span> <span class='ocrx_word' id='word_1_738' title='bbox 2897 4637 2976 4691; x_wconf 88' lang='lat' dir='ltr'><strong>sic</strong></span> <span class='ocrx_word' id='word_1_739' title='bbox 3024 4636 3184 4688; x_wconf 89' lang='lat' dir='ltr'><strong>linem</strong></span> <span class='ocrx_word' id='word_1_740' title='bbox 3218 4632 3380 4684; x_wconf 89' lang='lat' dir='ltr'><strong>habet</strong></span> <span class='ocrx_word' id='word_1_741' title='bbox 3401 4627 3632 4681; x_wconf 88' lang='lat' dir='ltr'><strong>tribula-</strong></span> 
     </span>
    </p>
   </div>
   <div class='ocr_carea' id='block_1_98' title="bbox 2053 4726 3636 4802">
    <p class='ocr_par' dir='ltr' id='par_1_98' title="bbox 2053 4726 3636 4802">
     <span class='ocr_line' id='line_1_98' title="bbox 2053 4726 3636 4802; baseline -0.009 -16"><span class='ocrx_word' id='word_1_742' title='bbox 2053 4731 2152 4789; x_wconf 85' lang='lat' dir='ltr'><strong>tio.</strong></span> <span class='ocrx_word' id='word_1_743' title='bbox 2180 4734 2252 4786; x_wconf 91' lang='lat' dir='ltr'><strong>ita</strong></span> <span class='ocrx_word' id='word_1_744' title='bbox 2284 4742 2340 4787; x_wconf 90' lang='lat' dir='ltr'><strong>ut</strong></span> <span class='ocrx_word' id='word_1_745' title='bbox 2371 4733 2509 4787; x_wconf 88' lang='lat' dir='ltr'><strong>mala</strong></span> <span class='ocrx_word' id='word_1_746' title='bbox 2540 4734 2735 4802; x_wconf 90' lang='lat' dir='ltr'><strong>populo</strong></span> <span class='ocrx_word' id='word_1_747' title='bbox 2758 4732 2916 4800; x_wconf 86' lang='lat' dir='ltr'><strong>quasi</strong></span> <span class='ocrx_word' id='word_1_748' title='bbox 2951 4731 3002 4783; x_wconf 94' lang='lat' dir='ltr'><strong>in</strong></span> <span class='ocrx_word' id='word_1_749' title='bbox 3034 4741 3146 4782; x_wconf 91' lang='lat' dir='ltr'><strong>uno</strong></span> <span class='ocrx_word' id='word_1_750' title='bbox 3207 4726 3382 4793; x_wconf 79' lang='lat' dir='ltr'><strong>capite</strong></span> <span class='ocrx_word' id='word_1_751' title='bbox 3411 4735 3636 4790; x_wconf 88' lang='lat' dir='ltr'><strong>peccas-</strong></span> 
     </span>
    </p>
   </div>
   <div class='ocr_carea' id='block_1_99' title="bbox 2053 4813 3633 4892">
    <p class='ocr_par' dir='ltr' id='par_1_99' title="bbox 2053 4813 3633 4892">
     <span class='ocr_line' id='line_1_99' title="bbox 2053 4813 3633 4892; baseline -0.008 -12"><span class='ocrx_word' id='word_1_752' title='bbox 2053 4835 2136 4880; x_wconf 90' lang='lat' dir='ltr'><strong>set</strong></span> <span class='ocrx_word' id='word_1_753' title='bbox 2180 4827 2500 4892; x_wconf 85' lang='lat' dir='ltr'><strong>acciderint,</strong></span> <span class='ocrx_word' id='word_1_754' title='bbox 2531 4837 2584 4880; x_wconf 90' lang='lat' dir='ltr'><strong>et</strong></span> <span class='ocrx_word' id='word_1_755' title='bbox 2645 4827 2913 4880; x_wconf 86' lang='lat' dir='ltr'><strong>malorum</strong></span> <span class='ocrx_word' id='word_1_756' title='bbox 2969 4824 3214 4877; x_wconf 87' lang='lat' dir='ltr'><strong>levamen</strong></span> <span class='ocrx_word' id='word_1_757' title='bbox 3267 4832 3362 4887; x_wconf 83' lang='lat' dir='ltr'><strong>per</strong></span> <span class='ocrx_word' id='word_1_758' title='bbox 3388 4813 3633 4884; x_wconf 75' lang='lat' dir='ltr'><strong>ejusdem</strong></span> 
     </span>
    </p>
   </div>
   <div class='ocr_carea' id='block_1_100' title="bbox 2054 4919 2764 4989">
    <p class='ocr_par' dir='ltr' id='par_1_100' title="bbox 2054 4919 2764 4989">
     <span class='ocr_line' id='line_1_100' title="bbox 2054 4919 2764 4989; baseline 0.003 -17"><span class='ocrx_word' id='word_1_759' title='bbox 2054 4919 2425 4985; x_wconf 65' lang='lat' dir='ltr'><strong>paenitentiam</strong></span> <span class='ocrx_word' id='word_1_760' title='bbox 2458 4921 2764 4989; x_wconf 77' lang='lat' dir='ltr'><strong>contigerit.</strong></span> 
     </span>
    </p>
   </div>
   <div class='ocr_carea' id='block_1_101' title="bbox 375 5001 3635 5085">
    <p class='ocr_par' dir='ltr' id='par_1_101' title="bbox 375 5001 3635 5085">
     <span class='ocr_line' id='line_1_101' title="bbox 375 5001 3635 5085; baseline -0.002 -26"><span class='ocrx_word' id='word_1_761' title='bbox 375 5008 470 5060; x_wconf 75' lang='grc' dir='ltr'><strong>καὶ</strong></span> <span class='ocrx_word' id='word_1_762' title='bbox 499 5006 560 5058; x_wconf 84' lang='grc' dir='ltr'><strong>τὸ</strong></span> <span class='ocrx_word' id='word_1_763' title='bbox 582 5005 750 5058; x_wconf 74' lang='grc' dir='ltr'>δεινὸν</span> <span class='ocrx_word' id='word_1_764' title='bbox 789 5003 867 5073; x_wconf 84' lang='grc' dir='ltr'><strong>τῷ</strong></span> <span class='ocrx_word' id='word_1_765' title='bbox 929 5003 1044 5072; x_wconf 81' lang='grc' dir='ltr'><strong>λαῷ</strong></span> <span class='ocrx_word' id='word_1_766' title='bbox 1079 5001 1266 5072; x_wconf 79' lang='grc' dir='ltr'>ὥσπερ</span> <span class='ocrx_word' id='word_1_767' title='bbox 1309 5003 1416 5055; x_wconf 79' lang='grc' dir='ltr'><strong>ἀπὸ</strong></span> <span class='ocrx_word' id='word_1_768' title='bbox 1465 5019 1608 5064; x_wconf 86' lang='grc' dir='ltr'>τινος</span> <span class='ocrx_word' id='word_1_769' title='bbox 1652 5003 1894 5074; x_wconf 79' lang='grc' dir='ltr'>κεφαλῆς</span> <span class='ocrx_word' id='word_1_770' title='bbox 1916 5003 1992 5075; x_wconf 81' lang='grc' dir='ltr'>τῷ</span> <span class='ocrx_word' id='word_1_771' title='bbox 2030 5010 2374 5084; x_wconf 76' lang='grc' dir='ltr'>ἡμαρτηκότι</span> <span class='ocrx_word' id='word_1_772' title='bbox 2436 5016 2666 5085; x_wconf 81' lang='grc' dir='ltr'>κατέϐη·</span> <span class='ocrx_word' id='word_1_773' title='bbox 2711 5015 2806 5068; x_wconf 73' lang='grc' dir='ltr'><strong>καὶ</strong></span> <span class='ocrx_word' id='word_1_774' title='bbox 2836 5016 2871 5085; x_wconf 79' lang='grc' dir='ltr'>ἡ</span> <span class='ocrx_word' id='word_1_775' title='bbox 2896 5012 2990 5066; x_wconf 80' lang='grc' dir='ltr'>τοῦ</span> <span class='ocrx_word' id='word_1_776' title='bbox 3026 5010 3235 5074; x_wconf 85' lang='grc' dir='ltr'>πάθους</span> <span class='ocrx_word' id='word_1_777' title='bbox 3288 5007 3452 5063; x_wconf 80' lang='grc' dir='ltr'>πάλιν</span> <span class='ocrx_word' id='word_1_778' title='bbox 3500 5007 3635 5060; x_wconf 86' lang='grc' dir='ltr'>ἀνα-</span> 
     </span>
    </p>
   </div>
   <div class='ocr_carea' id='block_1_102' title="bbox 379 5093 1709 5170">
    <p class='ocr_par' dir='ltr' id='par_1_102' title="bbox 379 5093 1709 5170">
     <span class='ocr_line' id='line_1_102' title="bbox 379 5093 1709 5170; baseline -0.005 -18"><span class='ocrx_word' id='word_1_779' title='bbox 379 5099 541 5170; x_wconf 85' lang='grc' dir='ltr'>στολὴ</span> <span class='ocrx_word' id='word_1_780' title='bbox 570 5099 659 5151; x_wconf 80' lang='grc' dir='ltr'>διὰ</span> <span class='ocrx_word' id='word_1_781' title='bbox 684 5097 782 5167; x_wconf 80' lang='grc' dir='ltr'><strong>τὴν</strong></span> <span class='ocrx_word' id='word_1_782' title='bbox 815 5095 978 5149; x_wconf 78' lang='grc' dir='ltr'>αὐτοῦ</span> <span class='ocrx_word' id='word_1_783' title='bbox 1014 5094 1301 5163; x_wconf 78' lang='grc' dir='ltr'>μετάνοιαν</span> <span class='ocrx_word' id='word_1_784' title='bbox 1327 5093 1709 5165; x_wconf 81' lang='grc' dir='ltr'>κατεπράχθη.</span> 
     </span>
    </p>
   </div>
   <div class='ocr_carea' id='block_1_103' title="bbox 613 5207 1421 5263">
    <p class='ocr_par' dir='ltr' id='par_1_103' title="bbox 613 5207 1421 5263">
     <span class='ocr_line' id='line_1_103' title="bbox 613 5207 1421 5263; baseline -0.007 4"><span class='ocrx_word' id='word_1_785' title='bbox 613 5207 636 5216; x_wconf 61' lang='grc'><strong>”</strong></span> <span class='ocrx_word' id='word_1_786' title='bbox 939 5209 1271 5263; x_wconf 73' lang='grc' dir='ltr'><strong>ΕΡΩΤΙῘΣΙΣ</strong></span> <span class='ocrx_word' id='word_1_787' title='bbox 1302 5208 1421 5261; x_wconf 82' lang='grc' dir='ltr'><strong>’1’Β’.</strong></span> 
     </span>
    </p>
   </div>
   <div class='ocr_carea' id='block_1_104' title="bbox 381 5301 1959 5369">
    <p class='ocr_par' dir='ltr' id='par_1_104' title="bbox 381 5301 1959 5369">
     <span class='ocr_line' id='line_1_104' title="bbox 381 5301 1959 5369; baseline -0.001 -11"><span class='ocrx_word' id='word_1_788' title='bbox 381 5302 548 5358; x_wconf 82' lang='grc' dir='ltr'>Διατί</span> <span class='ocrx_word' id='word_1_789' title='bbox 587 5305 619 5355; x_wconf 84' lang='grc' dir='ltr'>ό</span> <span class='ocrx_word' id='word_1_790' title='bbox 674 5303 998 5368; x_wconf 76' lang='grc' dir='ltr'>θεσπέσιος</span> <span class='ocrx_word' id='word_1_791' title='bbox 1042 5303 1220 5355; x_wconf 78' lang='grc' dir='ltr'>Δασὶδ</span> <span class='ocrx_word' id='word_1_792' title='bbox 1261 5301 1691 5369; x_wconf 73' lang='grc' dir='ltr'>πιιραχωρεῖται</span> <span class='ocrx_word' id='word_1_793' title='bbox 1747 5302 1959 5357; x_wconf 77' lang='grc' dir='ltr'>πεσεῖν</span> 
     </span>
    </p>
   </div>
   <div class='ocr_carea' id='block_1_105' title="bbox 594 5373 1742 5442">
    <p class='ocr_par' dir='ltr' id='par_1_105' title="bbox 594 5373 1742 5442">
     <span class='ocr_line' id='line_1_105' title="bbox 594 5373 1742 5442; baseline -0.003 -16"><span class='ocrx_word' id='word_1_794' title='bbox 594 5375 680 5438; x_wconf 82' lang='grc' dir='ltr'>εἰς</span> <span class='ocrx_word' id='word_1_795' title='bbox 717 5375 1012 5442; x_wconf 73' lang='grc' dir='ltr'>ἁμαρτίαν</span> <span class='ocrx_word' id='word_1_796' title='bbox 1035 5375 1131 5426; x_wconf 81' lang='grc' dir='ltr'>καὶ</span> <span class='ocrx_word' id='word_1_797' title='bbox 1164 5373 1299 5425; x_wconf 81' lang='grc' dir='ltr'>τότε</span> <span class='ocrx_word' id='word_1_798' title='bbox 1332 5375 1742 5439; x_wconf 75' lang='grc' dir='ltr'>τηλικαύτην;</span> 
     </span>
    </p>
   </div>
   <div class='ocr_carea' id='block_1_106' title="bbox 2265 5190 3422 5266">
    <p class='ocr_par' dir='ltr' id='par_1_106' title="bbox 2265 5190 3422 5266">
     <span class='ocr_line' id='line_1_106' title="bbox 2265 5190 3422 5266; baseline -0.006 -15"><span class='ocrx_word' id='word_1_799' title='bbox 2265 5195 2595 5259; x_wconf 67' lang='grc' dir='ltr'>ρυίεδτιο</span> <span class='ocrx_word' id='word_1_800' title='bbox 2649 5195 2822 5251; x_wconf 86' lang='lat' dir='ltr'><strong>cccu</strong></span> <span class='ocrx_word' id='word_1_801' title='bbox 2872 5194 3062 5266; x_wconf 79' lang='lat' dir='ltr'><strong>[CoisL</strong></span> <span class='ocrx_word' id='word_1_802' title='bbox 3092 5193 3255 5247; x_wconf 83' lang='lat' dir='ltr'><strong>Taur.</strong></span> <span class='ocrx_word' id='word_1_803' title='bbox 3281 5190 3422 5262; x_wconf 60' lang='lat' dir='ltr'><strong>cxi.</strong></span> 
     </span>
    </p>
   </div>
   <div class='ocr_carea' id='block_1_107' title="bbox 2065 5284 3640 5357">
    <p class='ocr_par' dir='ltr' id='par_1_107' title="bbox 2065 5284 3640 5357">
     <span class='ocr_line' id='line_1_107' title="bbox 2065 5284 3640 5357; baseline -0.006 -14"><span class='ocrx_word' id='word_1_804' title='bbox 2065 5288 2177 5343; x_wconf 88' lang='lat' dir='ltr'><strong>Cur</strong></span> <span class='ocrx_word' id='word_1_805' title='bbox 2233 5291 2527 5356; x_wconf 76' lang='lat' dir='ltr'><strong>permiserit</strong></span> <span class='ocrx_word' id='word_1_806' title='bbox 2585 5290 2724 5343; x_wconf 78' lang='lat' dir='ltr'><strong>Deus</strong></span> <span class='ocrx_word' id='word_1_807' title='bbox 2795 5288 3102 5357; x_wconf 85' lang='lat' dir='ltr'><strong>prophetam</strong></span> <span class='ocrx_word' id='word_1_808' title='bbox 3178 5284 3430 5338; x_wconf 78' lang='lat' dir='ltr'><strong>Davidem</strong></span> <span class='ocrx_word' id='word_1_809' title='bbox 3489 5292 3640 5334; x_wconf 80' lang='lat' dir='ltr'><strong>tanta</strong></span> 
     </span>
    </p>
   </div>
   <div class='ocr_carea' id='block_1_108' title="bbox 2665 5361 3043 5414">
    <p class='ocr_par' dir='ltr' id='par_1_108' title="bbox 2665 5361 3043 5414">
     <span class='ocr_line' id='line_1_108' title="bbox 2665 5361 3043 5414; baseline 0 0"><span class='ocrx_word' id='word_1_810' title='bbox 2665 5364 2997 5414; x_wconf 72' lang='lat' dir='ltr'><strong>succumbere</strong></span> <span class='ocrx_word' id='word_1_811' title='bbox 3018 5361 3043 5414; x_wconf 72' lang='grc' dir='ltr'><strong>ξ’</strong></span> 
     </span>
    </p>
   </div>
   <div class='ocr_carea' id='block_1_109' title="bbox 1244 5481 2784 5552">
    <p class='ocr_par' dir='ltr' id='par_1_109' title="bbox 1244 5481 2784 5552">
     <span class='ocr_line' id='line_1_109' title="bbox 1244 5481 2784 5552; baseline -0.007 -14"><span class='ocrx_word' id='word_1_812' title='bbox 1244 5488 1388 5538; x_wconf 83' lang='lat' dir='ltr'><strong>Edita</strong></span> <span class='ocrx_word' id='word_1_813' title='bbox 1421 5504 1446 5536; x_wconf 89' lang='lat' dir='ltr'><strong>a</strong></span> <span class='ocrx_word' id='word_1_814' title='bbox 1480 5488 1604 5537; x_wconf 84' lang='lat' dir='ltr'><strong>Maio</strong></span> <span class='ocrx_word' id='word_1_815' title='bbox 1637 5488 1692 5550; x_wconf 87' lang='lat' dir='ltr'><strong>(l.</strong></span> <span class='ocrx_word' id='word_1_816' title='bbox 1715 5505 1758 5539; x_wconf 92' lang='lat' dir='ltr'><strong>c.</strong></span> <span class='ocrx_word' id='word_1_817' title='bbox 1782 5504 1831 5552; x_wconf 90' lang='lat' dir='ltr'><strong>p.</strong></span> <span class='ocrx_word' id='word_1_818' title='bbox 1866 5490 1974 5551; x_wconf 69' lang='grc' dir='ltr'>ιδι,</span> <span class='ocrx_word' id='word_1_819' title='bbox 2006 5504 2054 5552; x_wconf 88' lang='lat' dir='ltr'><strong>q.</strong></span> <span class='ocrx_word' id='word_1_820' title='bbox 2078 5489 2292 5550; x_wconf 79' lang='lat' dir='ltr'><strong>5l0).-</strong></span> <span class='ocrx_word' id='word_1_821' title='bbox 2319 5485 2363 5535; x_wconf 84' lang='lat' dir='ltr'><strong>Il</strong></span> <span class='ocrx_word' id='word_1_822' title='bbox 2385 5485 2507 5547; x_wconf 80' lang='lat' dir='ltr'><strong>Reg.</strong></span> <span class='ocrx_word' id='word_1_823' title='bbox 2530 5481 2643 5542; x_wconf 70' lang='lat' dir='ltr'><strong>x1,l</strong></span> <span class='ocrx_word' id='word_1_824' title='bbox 2679 5493 2784 5540; x_wconf 90' lang='lat' dir='ltr'><strong>seq.</strong></span> 
     </span>
    </p>
   </div>
   <div class='ocr_carea' id='block_1_110' title="bbox 457 5573 1961 5646">
    <p class='ocr_par' dir='ltr' id='par_1_110' title="bbox 457 5573 1961 5646">
     <span class='ocr_line' id='line_1_110' title="bbox 457 5573 1961 5646; baseline 0 -18"><span class='ocrx_word' id='word_1_825' title='bbox 457 5575 612 5646; x_wconf 80' lang='grc' dir='ltr'>Τάχα</span> <span class='ocrx_word' id='word_1_826' title='bbox 638 5574 737 5644; x_wconf 75' lang='grc' dir='ltr'><strong>μὲν</strong></span> <span class='ocrx_word' id='word_1_827' title='bbox 765 5573 858 5627; x_wconf 72' lang='grc' dir='ltr'><strong>καὶ</strong></span> <span class='ocrx_word' id='word_1_828' title='bbox 878 5573 968 5628; x_wconf 81' lang='grc' dir='ltr'>διά</span> <span class='ocrx_word' id='word_1_829' title='bbox 983 5590 1131 5636; x_wconf 72' lang='grc' dir='ltr'>τινας</span> <span class='ocrx_word' id='word_1_830' title='bbox 1166 5574 1358 5644; x_wconf 77' lang='grc' dir='ltr'>ἐτέρας</span> <span class='ocrx_word' id='word_1_831' title='bbox 1377 5575 1722 5646; x_wconf 65' lang='grc' dir='ltr'>ἀπορρήτους</span> <span class='ocrx_word' id='word_1_832' title='bbox 1738 5577 1914 5639; x_wconf 84' lang='grc' dir='ltr'>αἰτίας</span> <span class='ocrx_word' id='word_1_833' title='bbox 1948 5593 1961 5607; x_wconf 79' lang='grc'><strong>’</strong></span> 
     </span>
    </p>
   </div>
   <div class='ocr_carea' id='block_1_111' title="bbox 387 5665 1959 5740">
    <p class='ocr_par' dir='ltr' id='par_1_111' title="bbox 387 5665 1959 5740">
     <span class='ocr_line' id='line_1_111' title="bbox 387 5665 1959 5740; baseline -0.002 -17"><span class='ocrx_word' id='word_1_834' title='bbox 387 5668 620 5740; x_wconf 70' lang='grc' dir='ltr'>πλὴνὼς</span> <span class='ocrx_word' id='word_1_835' title='bbox 651 5667 716 5720; x_wconf 87' lang='grc' dir='ltr'><strong>ἂν</strong></span> <span class='ocrx_word' id='word_1_836' title='bbox 773 5668 864 5720; x_wconf 78' lang='grc' dir='ltr'><strong>καὶ</strong></span> <span class='ocrx_word' id='word_1_837' title='bbox 895 5666 970 5736; x_wconf 77' lang='grc' dir='ltr'>τῷ</span> <span class='ocrx_word' id='word_1_838' title='bbox 1022 5665 1120 5736; x_wconf 79' lang='grc' dir='ltr'><strong>βίῳ</strong></span> <span class='ocrx_word' id='word_1_839' title='bbox 1173 5665 1460 5736; x_wconf 83' lang='grc' dir='ltr'>μετανοίας</span> <span class='ocrx_word' id='word_1_840' title='bbox 1511 5669 1959 5738; x_wconf 74' lang='grc' dir='ltr'>προστεθειμένον</span> 
     </span>
    </p>
   </div>
   <div class='ocr_carea' id='block_1_112' title="bbox 388 5750 1959 5833">
    <p class='ocr_par' dir='ltr' id='par_1_112' title="bbox 388 5750 1959 5833">
     <span class='ocr_line' id='line_1_112' title="bbox 388 5750 1959 5833; baseline -0.001 -17"><span class='ocrx_word' id='word_1_841' title='bbox 388 5763 476 5832; x_wconf 82' lang='grc' dir='ltr'><strong>εἴη</strong></span> <span class='ocrx_word' id='word_1_842' title='bbox 523 5760 869 5833; x_wconf 77' lang='grc' dir='ltr'>παράδειγμα</span> <span class='ocrx_word' id='word_1_843' title='bbox 905 5776 919 5790; x_wconf 77' lang='grc' dir='ltr'><strong>ο</strong></span> <span class='ocrx_word' id='word_1_844' title='bbox 953 5761 1000 5813; x_wconf 87' lang='grc' dir='ltr'><strong>εἰ</strong></span> <span class='ocrx_word' id='word_1_845' title='bbox 1032 5760 1139 5829; x_wconf 73' lang='grc' dir='ltr'><strong>γὰρ</strong></span> <span class='ocrx_word' id='word_1_846' title='bbox 1167 5750 1320 5822; x_wconf 69' lang='grc' dir='ltr'>οὗτος</span> <span class='ocrx_word' id='word_1_847' title='bbox 1357 5758 1605 5830; x_wconf 74' lang='grc' dir='ltr'>βασιλεύς</span> <span class='ocrx_word' id='word_1_848' title='bbox 1641 5775 1702 5812; x_wconf 87' lang='grc' dir='ltr'><strong>τε</strong></span> <span class='ocrx_word' id='word_1_849' title='bbox 1758 5758 1833 5815; x_wconf 80' lang='grc' dir='ltr'><strong>ὢν</strong></span> <span class='ocrx_word' id='word_1_850' title='bbox 1866 5761 1959 5815; x_wconf 76' lang='grc' dir='ltr'><strong>καὶ</strong></span> 
     </span>
    </p>
   </div>
   <div class='ocr_carea' id='block_1_113' title="bbox 2142 5557 3632 5639">
    <p class='ocr_par' dir='ltr' id='par_1_113' title="bbox 2142 5557 3632 5639">
     <span class='ocr_line' id='line_1_113' title="bbox 2142 5557 3632 5639; baseline -0.013 -13"><span class='ocrx_word' id='word_1_851' title='bbox 2142 5571 2478 5639; x_wconf 75' lang='lat' dir='ltr'><strong>Quibusdam</strong></span> <span class='ocrx_word' id='word_1_852' title='bbox 2531 5568 2760 5623; x_wconf 89' lang='lat' dir='ltr'><strong>occultis</strong></span> <span class='ocrx_word' id='word_1_853' title='bbox 2789 5566 2924 5620; x_wconf 80' lang='lat' dir='ltr'><strong>forte</strong></span> <span class='ocrx_word' id='word_1_854' title='bbox 2947 5565 3014 5618; x_wconf 91' lang='lat' dir='ltr'><strong>de</strong></span> <span class='ocrx_word' id='word_1_855' title='bbox 3043 5563 3246 5627; x_wconf 84' lang='lat' dir='ltr'><strong>causis,</strong></span> <span class='ocrx_word' id='word_1_856' title='bbox 3282 5569 3334 5613; x_wconf 89' lang='lat' dir='ltr'><strong>at</strong></span> <span class='ocrx_word' id='word_1_857' title='bbox 3365 5557 3553 5613; x_wconf 84' lang='lat' dir='ltr'><strong>saltem</strong></span> <span class='ocrx_word' id='word_1_858' title='bbox 3581 5567 3632 5610; x_wconf 84' lang='lat' dir='ltr'><strong>ut</strong></span> 
     </span>
    </p>
   </div>
   <div class='ocr_carea' id='block_1_114' title="bbox 2068 5650 3638 5730">
    <p class='ocr_par' dir='ltr' id='par_1_114' title="bbox 2068 5650 3638 5730">
     <span class='ocr_line' id='line_1_114' title="bbox 2068 5650 3638 5730; baseline -0.012 -9"><span class='ocrx_word' id='word_1_859' title='bbox 2068 5666 2229 5721; x_wconf 88' lang='lat' dir='ltr'><strong>nobis</strong></span> <span class='ocrx_word' id='word_1_860' title='bbox 2256 5664 2420 5717; x_wconf 85' lang='lat' dir='ltr'><strong>David</strong></span> <span class='ocrx_word' id='word_1_861' title='bbox 2447 5661 2776 5730; x_wconf 69' lang='lat' dir='ltr'><strong>puniitentim</strong></span> <span class='ocrx_word' id='word_1_862' title='bbox 2809 5666 3200 5728; x_wconf 82' lang='lat' dir='ltr'><strong>proponeretur</strong></span> <span class='ocrx_word' id='word_1_863' title='bbox 3249 5652 3525 5721; x_wconf 74' lang='lat' dir='ltr'><strong>cvemplar</strong></span> <span class='ocrx_word' id='word_1_864' title='bbox 3551 5665 3565 5715; x_wconf 93' lang='lat'><strong>;</strong></span> 
     </span>
    </p>
   </div>
   <div class='ocr_carea' id='block_1_115' title="bbox 2067 5744 3635 5826">
    <p class='ocr_par' dir='ltr' id='par_1_115' title="bbox 2067 5744 3635 5826">
     <span class='ocr_line' id='line_1_115' title="bbox 2067 5744 3635 5826; baseline -0.013 -12"><span class='ocrx_word' id='word_1_865' title='bbox 2067 5758 2212 5814; x_wconf 87' lang='lat' dir='ltr'><strong>enim</strong></span> <span class='ocrx_word' id='word_1_866' title='bbox 2271 5754 2645 5826; x_wconf 81' lang='lat' dir='ltr'><strong>hujuscemodi</strong></span> <span class='ocrx_word' id='word_1_867' title='bbox 2695 5766 2790 5808; x_wconf 78' lang='lat' dir='ltr'><strong>rex</strong></span> <span class='ocrx_word' id='word_1_868' title='bbox 2825 5765 2984 5821; x_wconf 82' lang='lat' dir='ltr'><strong>quem</strong></span> <span class='ocrx_word' id='word_1_869' title='bbox 3039 5746 3337 5805; x_wconf 86' lang='lat' dir='ltr'><strong>secundum</strong></span> <span class='ocrx_word' id='word_1_870' title='bbox 3400 5759 3495 5799; x_wconf 85' lang='lat' dir='ltr'><strong>cor</strong></span> <span class='ocrx_word' id='word_1_871' title='bbox 3545 5744 3635 5796; x_wconf 85' lang='lat' dir='ltr'><strong>Dei</strong></span> 
     </span>
    </p>
   </div>
  </div>
