3930 6218
340 348 482 416 1143

1534 358 1795 419 PlIO'i‘II
1824 360 2329 421 PATRIARCH/E
2354 361 2464 420 CP.

3464 357 3602 422 1144

322 462 639 531 regnavisse
677 463 1010 533 accepimus,
1045 475 1153 520 tam
1188 466 1299 522 cito
1328 482 1359 523 e
1397 467 1552 539 lapsu
1593 484 1654 525 se
1699 469 1897 533 attulit,

2013 469 2147 522 κατά
2190 468 2290 539 τὴν
2349 469 2578 540 καρδίαν
2636 467 3058 523 πεπολιτεῦσθαι
3105 472 3603 541 μεμαρτυρημένος

323 555 751 624 poenitentiaque
780 567 835 611 et
892 557 1151 629 lacrymis
1202 568 1433 615 conatus
1466 571 1551 615 est
1590 562 1774 615 delere
1804 562 1911 614 ini-

324 647 591 713 quitatem
624 663 802 712 suam,
836 664 1019 705 nonne
1065 660 1277 720 oportet
1321 667 1419 706 nos
1454 652 1546 722 qui
1603 667 1711 707 non
1742 656 1911 710 semel

326 746 539 792 tantum
572 739 894 807 cecidimus,
928 741 1023 796 sed
1056 744 1320 797 continuo
1348 743 1608 810 labimur,
1642 746 1823 801 facere
1851 757 1911 802 ut

323 829 473 899 largo
496 829 625 884 ﬂetu
658 841 707 886 et
738 833 972 888 contrito
1000 835 1165 890 corde
1192 845 1412 905 peccata
1440 847 1629 891 nostra
1655 839 1912 894 emende-

322 922 488 976 mus?
543 923 941 994 Argumentum
982 941 1203 997 quoque
1258 926 1364 981 hoc
1405 937 1486 981 est
1542 943 1612 982 ne
1654 930 1909 999 quidam,

321 1013 526 1068 virtute
558 1014 823 1086 insignes,
855 1032 979 1071 cum
1010 1018 1066 1071 in
1087 1033 1181 1073 eos
1212 1033 1429 1074 errores
1459 1019 1782 1086 deciderint,
1815 1020 1911 1091 qui

323 1114 455 1159 sunt
479 1106 737 1173 hominis,
770 1108 1117 1179 semetipsos,
1151 1112 1301 1165 omni
1326 1110 1574 1182 deposita
1605 1127 1701 1182 spe
1724 1152 1739 1177 ,
1784 1130 1911 1183 pes-

324 1197 616 1264 sumdent;
645 1200 739 1254 sed
781 1202 964 1270 potius
996 1203 1283 1258 attendant
1309 1203 1526 1258 beatum
1574 1206 1723 1260 hunc
1756 1206 1912 1261 Davi-

320 1287 469 1354 dem,
514 1301 720 1360 quanto
764 1293 971 1349 scelere
1017 1295 1322 1363 astrictum,
1351 1312 1515 1367 quam
1542 1298 1651 1353 cito
1677 1300 1909 1355 salutem

324 1380 615 1450 invenerit,
649 1392 707 1437 ut
736 1392 791 1438 et
815 1385 918 1454 ipsi
944 1385 1135 1442 eodem
1159 1387 1341 1442 studio
1369 1390 1692 1457 excitentur,
1720 1406 1911 1446 assur-

324 1482 475 1543 gaut,
503 1475 917 1546 emendatisque
966 1477 1214 1533 moribus
1253 1478 1411 1533 unice
1442 1479 1661 1533 demum
1706 1495 1911 1537 consu-

324 1565 517 1631 lentes,
560 1568 801 1637 priorem
838 1569 1206 1639 integritatem
1249 1587 1422 1641 usqtte
1466 1572 1669 1628 colant.
1702 1572 1909 1629 Forsan

324 1672 545 1728 quoque
573 1667 727 1714 tanto
749 1669 974 1729 peccato
1000 1662 1337 1731 permittitur
1357 1664 1718 1720 succumbere
1740 1664 1909 1720 David

324 1763 395 1805 ne
437 1748 608 1804 Judaei
688 1751 971 1807 audientes
1029 1768 1226 1823 magna
1281 1769 1403 1824 quae
1465 1754 1532 1809 de
1594 1755 1689 1810 illo
1738 1772 1909 1812 sacrae

2013 558 2171 624 Θεοῦ,
2206 559 2389 613 πεσὼν
2418 553 2574 623 οὗτος
2603 559 2797 613 θᾶττον
2827 560 3028 630 ἀνέστη
3056 561 3151 613 καὶ
3179 561 3269 613 διά
3303 564 3604 631 μετανοίας

2013 651 2109 704 καὶ
2137 651 2389 723 δακρύων
2416 652 2743 705 ἐσπούδασεν
2761 652 3144 722 ἐκκαθᾶραιτδ
3170 652 3607 723 ὀλίσθημανπῶς

2015 742 2077 794 οὐ
2112 741 2219 813 χρὴ
2240 743 2334 795 καὶ
2356 744 2505 812 ἡμᾶς
2550 743 2649 813 οὐχ
2678 742 2829 807 ὄιπαξ
2867 743 3159 808 πεσόντας,
3187 744 3324 797 ἀλλά
3354 744 3446 798 διὰ
3467 762 3607 798 πανο

2011 832 2101 896 τὸς
2124 833 2443 899 πίπτοντας,
2475 834 2699 905 θερμοῖς
2726 837 2842 897 τοῖς
2871 834 3106 905 δάκρυσι
3140 836 3241 887 καὶ
3271 853 3605 908 συντετριμ-

2016 928 2153 998 μένῃ
2178 926 2375 997 καρδίᾳ
2402 926 2724 994 ἀπαλείφειν
2754 926 3050 996 πειρᾶσθαι
3079 928 3148 980 τὰ
3179 929 3602 999 ἀμαρτήματας

2011 1016 2093 1069 ἔτι
2121 1017 2199 1081 δὲ,
2234 1017 2319 1069 ἵνα
2339 1015 2414 1086 μὴ
2443 1015 2646 1087 δήποτέ
2674 1032 2820 1078 τινες
2843 1015 2954 1067 τῶν
2987 1017 3045 1069 ἐν
3068 1015 3460 1087 κατορθώμασι
3489 1016 3607 1069 δια-

2012 1108 2362 1179 λαμπὸντων,
2397 1101 2484 1162 οἷα
2513 1099 2667 1178 δὴττά
2698 1106 3017 1180 ἀνθρώπινα
3055 1110 3136 1172 είς
3168 1108 3526 1179 παράπτωμα
3548 1126 3606 1161 τι

2012 1200 2487 1273 κατωλισθηκότες
2510 1198 2826 1269 ἀπογνώσει
2859 1200 3087 1263 ἑαυτοὺς
3117 1202 3212 1254 καὶ
3263 1201 3608 1271 ἀπελπιστίᾳ.

2013 1294 2330 1363 παραδῶσιν
2353 1309 2368 1325 ⁸
2402 1293 2518 1347 ἀλλ’
2556 1293 2776 1364 ἔχοντες
2821 1293 2913 1346 τὸν
2949 1293 3223 1364 μακάριον
3256 1294 3465 1345 ἐκεῖνον
3491 1296 3605 1346 Δα-

2012 1386 2101 1440 δὶδ
2140 1385 2475 1458 τηλικαύτην
2512 1386 2609 1457 μὲν
2642 1385 2991 1457 παρανομίαν
3041 1383 3433 1456 εἰργασμένον,
3458 1385 3605 1437 οὕτω

2010 1478 2069 1532 δέ
2119 1480 2344 1547 ταχεῖαν
2408 1477 2508 1549 τὴν
2547 1477 2846 1547 θεραπείαν
2896 1477 3241 1549 εὑρημένον,
3295 1479 3390 1531 καὶ
3444 1479 3605 1531 αὐτοὶ

2012 1569 2151 1641 πρὸς
2168 1569 2261 1623 τὸν
2283 1570 2467 1640 ὅμοιον
2484 1569 2814 1622 διαναστῶσι
2848 1570 3029 1640 ζῆλον,
3053 1570 3147 1623 καὶ
3172 1570 3264 1622 τοῦ
3296 1569 3599 1639 πτώματος

2010 1662 2435 1732 ἀνασφαλέντες,
2472 1663 2567 1715 καὶ
2619 1663 2718 1733 τῆς
2779 1662 3068 1733 μετανοίας
3119 1660 3231 1714 ὅλοι
3286 1666 3603 1731 γεγονότες,

2014 1754 2123 1809 τῶν
2172 1754 2450 1825 προτέρων
2500 1753 2731 1823 ἔχωνται
2786 1753 3233 1824 κατορθωμάτων
3270 1770 3284 1785 υ
3354 1755 3487 1818 ἴσως
3539 1756 3601 1808 δὲ

325 1844 623 1913 Scriptura:
654 1852 945 1908 testantur,
980 1859 1045 1900 ex
1082 1861 1241 1915 aequo
1272 1846 1422 1900 illum
1459 1862 1584 1902 cum
1616 1847 1725 1901 Deo
1763 1848 1913 1903 cole-

2020 1846 2115 1900 καὶ
2146 1848 2422 1917 συγχωρεῖ
2444 1847 2472 1900 6
2502 1845 2635 1909 Θεὸς
2664 1847 2745 1909 είς
2775 1845 3053 1918 ἁμαρτίαν
3076 1849 3264 1899 πεσεῖν
3293 1846 3385 1899 τὸν
3412 1847 3603 1911 Δασιδ,

325 1945 482 2003 rent;
516 1936 717 1991 etenim
756 1936 945 1991 eadem
977 1936 1045 1991 de
1087 1952 1254 1992 causa
1297 1937 1498 2010 Moysis
1537 1954 1738 2010 corpus
1778 1940 1912 1995 sub-

2020 1938 2109 1993 ῖνα
2132 1938 2208 2008 μὴ
2230 1939 2330 2001 τάς
2361 1937 2462 2008 τῆς
2505 1938 2657 2009 ἱερᾶς
2687 1938 2911 2007 Γραφῆς
2938 1937 3070 2008 περὶ
3099 1936 3266 1991 αὐτοῦ
3294 1938 3605 2009 μαρτυρίας

325 2034 539 2096 replum
566 2036 683 2093 est;
710 2027 1076 2098 ignotumque
1104 2043 1273 2098 usque
1323 2029 1389 2082 ad
1432 2045 1670 2098 praesens
1697 2038 1911 2101 tempus

2016 2030 2080 2085 τὸ
2118 2031 2387 2087 Ἰουδαίων
2412 2031 2566 2095 ἔθνος
2595 2030 2885 2094 ἀκούοντες
2913 2031 2995 2093 είς
3014 2028 3148 2083 Θεὸν
3178 2030 3342 2084 αὑτὸν
3371 2031 3609 2099 ἀναστή-

324 2136 357 2172 a
388 2119 515 2174 liliis
559 2118 719 2174 Israel
774 2130 1022 2185 vocatur,
1082 2120 1357 2190 Divusque
1400 2120 1599 2176 Paulus
1647 2122 1789 2176 ident
1841 2122 1911 2177 de

2019 2143 2155 2179 σωσι
2179 2140 2195 2156 ο
2225 2124 2322 2178 καὶ
2350 2124 2460 2195 γὰρ
2491 2122 2666 2177 καὶτὸ
2696 2123 2974 2185 Μωῦσέως
3000 2120 3160 2192 σῶμα
3194 2119 3284 2175 διὰ
3310 2121 3409 2192 τὴν
3431 2121 3605 2192 αὐτὴν

326 2211 621 2279 setneptiso
672 2210 915 2265 declarat
960 2211 1147 2266 dicens
1192 2230 1205 2265 :
1260 2230 1279 2262 ι
1324 2208 1403 2266 Ne
1450 2213 1743 2281 quisquam
1799 2227 1913 2268 sese

2018 2215 2199 2269 αἰτίαν
2235 2214 2553 2286 μετατεθὲν,
2576 2213 2855 2282 ἄγνωστον
2889 2212 3055 2283 μέχρι
3084 2210 3179 2265 καὶ
3202 2212 3441 2281 τήμερον
3466 2230 3606 2282 χρη-

326 2300 779 2355 scandalizaverit
833 2318 1000 2371 super
1050 2317 1137 2356 me
1194 2312 1413 2372 propter
1482 2303 1628 2373 quod
1678 2303 1826 2358 videt
1862 2315 1913 2361 et

2019 2304 2235 2377 ματίζει
2260 2306 2376 2367 τοῖς
2402 2304 2462 2370 ἐξ
2521 2304 2769 2375 Ἰσραήλο
2804 2303 2903 2357 καὶ
2924 2305 2952 2357 6
2986 2303 3274 2365 θεσπέσιος
3304 2303 3360 2356 δὲ
3388 2303 3605 2367 Παῦλος

326 2393 513 2460 audit;
546 2411 565 2444 ι
600 2401 654 2447 ει
678 2394 857 2463 reipsa
888 2394 1172 2465 gentilium
1204 2394 1428 2462 quidam
1493 2409 1600 2448 una
1648 2394 1917 2450 vidissent

328 2485 572 2555 prodigia
601 2500 723 2557 quae
767 2487 885 2555 ipse
912 2495 968 2541 et
998 2485 1278 2541 Barnabas
1307 2485 1693 2557 perpetrabant
1724 2493 1785 2541 ut
1810 2485 1913 2544 diis

329 2592 487 2633 sacra
515 2577 696 2635 facere
726 2586 1183 2650 properaverant.

513 2866 844 2934 QUASSTIO
877 2868 1080 2925 eccm
1116 2869 1306 2943 [00551.
1347 2870 1513 2925 Taur.
1539 2870 1750 2943 cxvn.

400 2957 579 3025 Quare
647 2961 789 3016 Deus
857 2965 1269 3035 primogenitum
1351 2962 1531 3019 Israel
1596 2965 1840 3021 vocavit?

2013 2393 2255 2447 τοιοῦτόν
2283 2409 2337 2445 τι
2376 2392 2508 2463 περὶ
2537 2392 2702 2446 αὑτοῦ
2727 2391 2984 2462 ύποδηλοῖ
3012 2391 3209 2445 λαλῶν·
3235 2393 3387 2445 «Ἵνα
3422 2397 3497 2462 μή
3518 2410 3604 2455 τις

2014 2483 2401 2554 ὑπολογίσηταί
2424 2501 2508 2546 τις
2528 2484 2660 2554 περὶ
2681 2482 2816 2555 ἐμοῦ
2836 2483 2977 2554 ὑπὲρ
2994 2484 3021 2536 ὃ
3048 2483 3235 2553 βλέπει
3261 2484 3353 2536 καὶ
3374 2484 3563 2537 ἀκούει
3587 2499 3604 2515 ο

2013 2578 2149 2633 ἀλλὰ
2176 2577 2269 2631 καί
2288 2594 2432 2640 τινες
2451 2575 2558 2630 τῶν
2585 2576 3006 2644 Ἐλληνιζόντων
3023 2575 3147 2629 ἐπεὶ
3174 2574 3604 2646 τερατουργοῦν-

2013 2686 2116 2732 τας
2138 2662 2281 2721 εἶδον
2312 2668 2476 2722 αὐτόν
2497 2685 2557 2721 τε
2590 2669 2687 2723 καί⁵
2718 2667 3030 2740 Βαρνάϐαν,
3061 2667 3139 2731 ὡς
3187 2666 3328 2732 θεοῖς
3356 2666 3602 2739 προσφέ-

2019 2778 2132 2833 ρειν
2160 2759 2352 2823 θυσίας
2382 2758 2678 2832 ὥρμησαν.

2554 2873 2894 2938 ΕΡΩΤΗΣΙΣ
2932 2875 3051 2929 ΤΡ.

2018 2965 2181 3021 Διατί
2203 2963 2582 3033 πρωτότοκον
2614 2964 2648 3016 ό
2682 2963 2831 3029 Θεὸς
2872 2963 2980 3018 τόν
3029 2965 3268 3034 Ἰσραὴλ
3300 2963 3558 3017 ἐκάλεσε
3582 3003 3601 3027 ,

1428 3075 1573 3127 Edita
1595 3091 1623 3126 a
1642 3077 1768 3126 Maio
1799 3076 1857 3139 (Ι.
1877 3089 1922 3125 c.
1941 3089 1994 3139 q.
2019 3075 2255 3140 100,101,
2276 3089 2327 3137 q.
2354 3073 2487 3137 152).

399 3158 543 3215 Deus
574 3159 739 3215 Israel
767 3159 1190 3231 primOgenitum
1221 3170 1405 3221 vocat.
1434 3177 1556 3216 cum
1590 3160 1812 3230 Moysen
1844 3158 1912 3213 ad

2090 3158 2447 3230 Πρωτότοκον
2479 3155 2536 3209 δὲ
2562 3156 2590 3208 6
2628 3154 2761 3218 Θεὸς
2796 3155 2889 3209 τὸν
2956 3154 3173 3227 Ἰσραὴλ
3220 3155 3396 3220 καλεῖ,
3438 3156 3604 3225 ἡνίκα

330 3252 669 3308 Pharaonem
687 3253 858 3316 misit,
880 3252 947 3306 ad
964 3253 1363 3308 ostendendum
1383 3262 1646 3324 quantum
1671 3268 1916 3307 amorem

328 3352 385 3398 et
402 3352 661 3413 quantam
677 3343 998 3398 charitatem
1012 3360 1139 3414 erga
1156 3344 1308 3399 illum
1337 3346 1590 3401 habebat.
1612 3344 1705 3400 Sic
1732 3345 1918 3415 aliquo

331 3433 495 3488 modo
536 3432 605 3487 ad
642 3433 861 3505 Moysen
910 3434 1276 3505 loquebatur:
1332 3434 1580 3506 Loquere
1623 3434 1916 3490 Pharaoni.

332 3524 610 3590 Quantum
632 3534 687 3578 tu
720 3539 961 3579 amorem
977 3538 1105 3594 erga
1119 3524 1290 3578 ﬁlium
1318 3534 1472 3579 tuum
1496 3522 1918 3593 primogenitum

332 3614 501 3669 babes
519 3622 574 3668 et
587 3629 794 3677 servas,
819 3624 1029 3669 tantum
1047 3624 1241 3684 putaet
1263 3614 1435 3670 Deum
1454 3614 1656 3670 habere
1676 3628 1802 3683 erga
1820 3628 1920 3682 po-

332 3705 519 3776 pulum
541 3705 725 3761 lsrael.
750 3704 937 3776 Itaque
954 3722 1061 3762 non
1085 3708 1467 3776 acquieseente
1489 3706 1584 3760 illo
1607 3703 1916 3761 liberationi

328 3807 386 3851 et
416 3798 609 3853 reditui
656 3798 847 3862 Israel,
881 3810 1072 3853 contra
1099 3799 1493 3868 primogenitos
1533 3795 1838 3853 Pharaonis
1861 3802 1916 3849 et

334 3887 717 3960 JEgyptiorum
753 3890 912 3961 plaga
962 3889 1145 3943 irruit.
1179 3908 1198 3941 ι
1234 3888 1376 3945 Deus
1426 3898 1608 3944 autem
1666 3905 1791 3944 cum
1843 3888 1917 3944 sit

331 3983 577 4036 omnium
640 3984 884 4050 gentium
948 3980 1123 4035 factor
1184 3991 1238 4035 et
1296 3988 1524 4044 auctor,
1583 3980 1659 4035 ita
1717 3989 1801 4035 est
1861 3989 1917 4035 et

221 4144 224 4149 ι
331 4077 579 4131 omnium
615 4074 975 4145 providentia.
1018 4074 1387 4144 Sequentibus
1436 4082 1616 4128 autem
1664 4072 1919 4143 tempori-

332 4171 456 4235 bus,
485 4185 676 4225 omnes
707 4179 894 4240 gentes
918 4169 985 4224 ad
1015 4168 1261 4224 eamdem
1289 4166 1652 4239 cognitionem
1681 4182 1915 4222 conver-

328 4278 495 4319 surus
523 4271 643 4318 erat
694 4270 748 4318 et
796 4271 1225 4326 convocaturus,
1281 4270 1335 4316 et
1379 4260 1519 4315 tilios
1569 4269 1622 4315 et
1671 4259 1915 4315 haeredes

332 4356 522 4426 gratiae
547 4355 880 4410 redditurus.
906 4353 1048 4410 Ante
1083 4354 1205 4410 illas
1235 4364 1419 4409 autem
1451 4362 1666 4423 gentem
1702 4351 1914 4407 Israeli-

332 4450 495 4503 ticam
537 4446 721 4518 elegit,
752 4455 813 4501 ut
845 4461 939 4516 per
972 4446 1117 4500 illam
1149 4460 1342 4499 omnes
1370 4443 1507 4499 alias
1533 4442 1861 4498 conduceret
1894 4458 1909 4494 :

2018 3251 2109 3305 τὸν
2135 3252 2343 3321 Μωῦσῆ
2377 3248 2676 3304 ἀπέστελλε
2738 3248 2878 3318 πρὸς
2914 3248 3009 3302 τὸν
3045 3248 3267 3319 Φαραὼ,
3320 3248 3605 3301 ἐνδεικνύ-

2023 3360 2185 3413 μενος
2234 3343 2336 3413 τὴν
2387 3342 2615 3413 ἀγάπην
2677 3340 2773 3394 καὶ
2839 3342 3077 3413 στοργὴν
3134 3342 3267 3412 ὅσην
3310 3336 3427 3411 εἶχε
3469 3342 3603 3411 περὶ

2019 3435 2212 3489 αὐτόν·
2265 3435 2467 3488 ὡσανεὶ
2520 3434 2674 3504 ἔλεγε
2725 3433 2803 3505 τῷ
2853 3434 3110 3487 Μωῡσεῖν
3154 3432 3456 3503 «Λάλησον
3518 3431 3601 3501 τῷ

2017 3525 2250 3597 Φαραὼ,
2281 3525 2363 3579 ὅτι
2407 3524 2634 3595 Ἥλίκην
2665 3525 2730 3579 σὺ
2762 3526 3000 3595 στοργὴν
3050 3524 3179 3596 περὶ
3211 3525 3305 3577 τὸν
3345 3524 3436 3576 σὸν
3484 3523 3603 3575 υἱὸν

2016 3617 2111 3670 τὸν
2139 3615 2488 3687 πρωτότοκον
2527 3615 2673 3686 ἔχεις
2706 3615 2803 3669 καὶ
2832 3615 3134 3686 διατηρεῖς,
3168 3614 3266 3687 τὴν
3309 3614 3479 3685 αὐτὴν
3511 3615 3603 3667 ἐν-

2018 3709 2129 3763 νόει
2158 3708 2254 3763 καὶ
2282 3707 2421 3779 πρὸς
2451 3707 2513 3761 τὸ
2546 3708 2703 3777 γένος
2739 3708 2833 3761 τοῦ
2883 3708 3103 3779 Ἰσραὴλ
3123 3707 3266 3777 ἔχειν
3308 3706 3401 3760 τὸν
3429 3705 3599 3759 Θεόν·

2015 3802 2096 3856 διδ
2128 3802 2224 3855 καὶ
2245 3800 2601 3864 ἀπειθοῦντος
2632 3801 2772 3872 πρὸς
2803 3801 2905 3873 τὴν
2933 3801 3249 3872 ἐλευθερίαν
3280 3800 3379 3854 καὶ
3408 3800 3601 3854 ἄνοδον

2016 3893 2111 3948 τοῦ
2156 3893 2393 3967 Ἰσραὴλ,
2423 3894 2565 3948 κατά
2591 3892 2701 3947 τῶν
2730 3894 3095 3965 πρωτοτόκων
3123 3892 3216 3947 τοῦ
3251 3893 3453 3965 Φαραὼ
3500 3894 3599 3948 καὶ

2014 3990 2126 4044 τῶν
2157 3989 2474 4059 Αἰγυπτίων
2519 3989 2741 4058 ἀφίεται
2775 3990 2808 4059 ἡ
2863 3988 3044 4059 πληγή
3072 4004 3086 4019 ο
3129 4008 3148 4042 ›
3196 3989 3274 4044 ἔτι
3324 3990 3381 4043 δέ
3412 3992 3440 4044 6
3464 3990 3600 4057 Θεὸς

2016 4079 2204 4152 ἐπειδὴ
2244 4081 2500 4135 ἁπάντων
2522 4081 2670 4135 ἐστὶν
2700 4079 2873 4133 ἐθνῶν
2908 4080 3157 4150 πλάστης
3188 4082 3283 4133 καὶ
3325 4080 3594 4152 δημιουρ-

2014 4172 2132 4241 γδς,
2170 4170 2314 4225 οὕτω
2345 4171 2438 4225 καὶ⁴
2468 4170 2691 4225 πάντων
2720 4171 3029 4242 προνοητής
3049 4184 3066 4202 ο
3096 4172 3310 4242 χρόνοις
3340 4170 3383 4223 δ’
3434 4171 3596 4224 ὑστέ-

2016 4283 2130 4337 ροις
2158 4266 2228 4319 τὰ
2282 4264 2410 4336 ἔθνη
2460 4264 2642 4319 πάντα
2694 4263 2836 4335 πρὸς
2886 4264 2990 4332 τὴν
3044 4262 3256 4317 οἰκείαν
3300 4262 3595 4331 ἐπίγνωσιν

2014 4356 2241 4427 ἔμελλεν
2274 4355 2627 4427 ἐπιστρέφειν
2682 4354 2781 4408 καὶ
2838 4353 3028 4408 καλεῖν
3075 4354 3174 4407 καὶ⁵
3223 4354 3377 4417 υἱοὺς
3423 4356 3591 4408 αὑτοῦ

2014 4453 2108 4504 καὶ
2137 4451 2509 4523 κληρονόμους
2558 4450 2658 4520 τῆς
2711 4449 2934 4520 χάριτος
2964 4450 3322 4519 ἀποφαίνειν⁹
3370 4450 3477 4521 πρὸ
3534 4451 3592 4503 δὲ

329 4541 476 4611 quod
506 4548 560 4594 ct
589 4539 968 4594 demonstrant
992 4537 1244 4607 apostoli,
1276 4537 1369 4606 qui
1400 4536 1618 4605 quidem
1649 4551 1715 4590 ex
1742 4533 1909 4590 Israel

2013 4539 2218 4593 τούτων
2263 4539 2323 4593 τὺ
2379 4539 2531 4601 ἔθνος
2556 4538 2841 4605 ἐξελέξατο
2876 4538 2969 4592 τοῦ
3030 4540 3248 4609 Ἰσραὴλ
3296 4539 3373 4603 ὡς
3431 4540 3499 4594 ἂν
3525 4540 3595 4592 δι’

329 4633 436 4689 orti
480 4640 611 4687 sunt
636 4631 881 4685 omnium
925 4639 1109 4685 autem
1159 4627 1411 4698 magistri
1456 4637 1511 4682 et
1551 4626 1912 4682 conductores

333 4726 459 4781 facti
489 4734 637 4789 sunt,
687 4732 975 4795 pr0pterea
1041 4721 1301 4777 lsraelitis
1368 4735 1471 4775 vox
1529 4719 1911 4789 primogenitae

332 4816 531 4871 donata
568 4824 674 4872 est.
727 4815 846 4870 Non
906 4816 1110 4884 recepit
1152 4822 1336 4869 autem
1390 4813 1467 4866 illi
1513 4813 1913 4883 primogenitus

335 4911 549 4982 pietatis
602 4908 1015 4979 perfectionem,
1073 4909 1258 4978 itaque
1309 4908 1481 4961 durus
1543 4912 1599 4959 et
1658 4902 1913 4958 indocilis

330 5003 511 5059 factus
542 5010 757 5058 estnon
784 5000 960 5055 solum
986 5000 1042 5054 in
1071 4998 1329 5071 Egypto,
1359 4998 1454 5053 sed
1476 5005 1530 5050 et
1554 5003 1675 5064 post
1703 4995 1908 5049 exitum

333 5096 388 5150 in
418 5096 657 5150 deserto.
698 5092 924 5162 Propter
953 5092 1101 5162 quod
1132 5089 1547 5160 perfectioribus
1578 5100 1687 5141 non
1717 5087 1912 5156 digna-

333 5200 421 5244 tus
448 5196 533 5241 est
555 5185 828 5257 mysteriis
865 5197 918 5241 et
943 5200 1038 5256 per
1065 5184 1237 5255 legem
1272 5180 1497 5238 secundi
1524 5178 1733 5235 ordinis
1765 5192 1912 5232 sem-

334 5296 429 5352 per
464 5273 787 5334 instituitur.
836 5280 973 5335 Cum
1018 5278 1165 5333 enim
1198 5275 1372 5347 legem
1415 5273 1600 5343 digito
1644 5270 1741 5326 Dei
1769 5269 1910 5326 scri-

332 5388 479 5446 ptam
508 5414 524 5439 ,
573 5373 879 5442 tabulisque
916 5371 1173 5425 humanis
1220 5367 1472 5422 manibus
1511 5380 1619 5446 non
1645 5360 1912 5418 confectis

330 5462 678 5532 insculptam,
712 5462 879 5531 legem
908 5458 1065 5514 nobis
1093 5473 1123 5511 a
1152 5456 1371 5511 Christo
1401 5454 1634 5508 dandam
1674 5453 1918 5522 liguran-

336 5562 475 5617 tem,
507 5552 739 5621 populus
784 5548 1066 5611 llebrazus,
1101 5555 1319 5616 propter
1361 5538 1519 5599 vituli
1550 5544 1696 5598 aurei
1730 5551 1914 5596 trans-

337 5643 671 5713 gressionem
725 5648 779 5694 et
830 5640 1204 5708 impietatem,
1254 5652 1363 5691 non
1426 5636 1682 5705 dignatus
1750 5633 1915 5688 fuerit

338 5732 604 5801 accipere,
635 5732 843 5800 accepit
871 5730 1168 5785 secundam
1203 5744 1366 5798 quant
1401 5727 1612 5797 Moyses
1646 5726 1844 5780 tabulis
1883 5742 1915 5780 a

340 5842 401 5882 se
428 5826 609 5897 politis
640 5825 937 5896 inscripsit.
972 5823 1029 5881 Si
1090 5824 1233 5880 enim
1285 5823 1433 5893 ipsas
1482 5836 1515 5877 a
1544 5819 1654 5877 Deo
1681 5819 1913 5889 scriptas

2008 4630 2179 4685 αὑτοῦ
2222 4631 2506 4701 συναγάγῃ
2529 4630 2625 4684 καὶ
2657 4632 2789 4695 τοὺς
2828 4631 3044 4694 ἄλλους.
3086 4633 3197 4685 Καὶ
3245 4631 3498 4701 δηλοῦσιν
3542 4634 3593 4684 οί

2011 4722 2303 4776 ἀπόστολοι
2349 4722 2510 4775 τοῦτο
2551 4720 2613 4787 ἐξ
2669 4722 2889 4794 Ἰσραὴλ
2942 4724 3041 4795 μὲν
3098 4722 3322 4791 φύντες,
3371 4725 3593 4777 πάντων

2008 4812 2066 4867 δὲ
2097 4812 2209 4867 τῶν
2240 4811 2412 4866 ἐθνῶν
2434 4812 2746 4866 διδάσκαλοι
2772 4814 2868 4866 καὶ
2919 4814 3258 4881 συναγωγεῖς
3286 4812 3592 4882 γεγενημέ-

2011 4920 2120 4959 νοιο
2148 4903 2238 4958 διὰ
2269 4902 2429 4957 τοῦτο
2451 4904 2567 4967 τοῖς
2590 4903 2955 4974 Ἰσραηλίταις
2984 4906 3018 4975 ἡ
3047 4905 3424 4973 πρωτότοκος
3452 4906 3582 4974 ἐχα-

2015 4996 2172 5068 ρίσθη
2206 4997 2382 5067 φωνή.
2434 4997 2509 5049 Οὐ
2545 4996 2831 5068 Λαμὸἀνει
2858 4996 2916 5049 δὲ
2963 4998 2992 5051 6
3048 4997 3394 5066 πρωτότοκος
3437 4989 3594 5058 οὗτος

2009 5089 2083 5143 τὰ
2149 5089 2250 5159 τῆς
2281 5087 2567 5152 εὐσεϐείας
2635 5087 3136 5158 τελεώτερα’διότι
3200 5088 3438 5159 σκληρὸς
3494 5088 3592 5143 καὶ

2011 5178 2242 5250 ἀπειθὴς
2262 5179 2514 5248 γέγονεν,
2544 5178 2605 5230 ού
2643 5177 2785 5230 κατά
2805 5176 2905 5247 τὴν
2925 5175 3207 5245 Αἴγυπτον
3239 5178 3420 5246 μόνον,
3450 5178 3591 5231 ἀλλὰ

2015 5271 2152 5345 μετά
2180 5270 2280 5341 τὴν
2308 5269 2367 5336 ἐξ
2391 5268 2665 5336 Αἰγύπτου
2688 5268 2866 5332 ἔξοδον
2900 5269 2960 5319 ἐν
2984 5271 3050 5338 τῇ
3084 5269 3302 5339 ἐρήμῳ.
3361 5270 3454 5322 Διὸ
3479 5270 3589 5323 τῶν

2015 5363 2114 5433 μὲν
2165 5360 2518 5429 τελειοτέρων
2575 5358 2676 5411 οὐκ
2732 5357 2983 5422 ἀξιοῦται
3020 5360 3358 5430 μυστηρίων,
3405 5359 3493 5411 διὰ
3534 5360 3592 5413 δὲ

2010 5452 2104 5506 τοῦ
2136 5450 2400 5521 δευτέραν
2430 5448 2583 5514 τάξιν
2608 5449 2826 5519 ἔχοντος
2850 5449 3017 5519 νόμου
3051 5451 3191 5513 τέως
3221 5451 3589 5518 παιδαγωγεῖ-

2009 5559 2119 5595 ται.
2195 5540 2348 5592 Ἐπεὶ
2415 5538 2510 5591 καὶ
2556 5537 2646 5590 τὸν
2707 5537 2959 5607 δακτύλῳ
3017 5536 3153 5589 Θεοῦ
3203 5537 3591 5606 γεγραμμένον

2009 5635 2173 5703 νόμον
2200 5630 2365 5695 πλαξί
2411 5646 2471 5684 τε
2521 5629 2965 5700 ἀχειροποιήτοις
3012 5628 3479 5699 ἐντετυπωμένον,
3530 5629 3591 5691 ὃς

2008 5726 2100 5778 τὸν
2129 5724 2400 5795 ἡμέτερον
2439 5723 2705 5775 καὶκατὰ
2755 5722 2993 5794 Χριστὸν
3050 5720 3360 5792 προετύπου
3416 5719 3584 5793 νόμον

2009 5819 2110 5873 οὐκ
2141 5816 2385 5883 ἀξιοῦται
2416 5815 2671 5882 δέξασθαι
2709 5816 2771 5870 τὸ
2825 5813 3097 5870 Ἰουδαίων
3156 5814 3306 5878 ἔθνος
3354 5812 3442 5867 διὰ
3485 5811 3590 5882 τὴν
