3930 6218
298 171 438 236 1145

1094 162 1198 230 AD
1236 167 1838 230 AMPHILOCIIIUM
1882 169 2231 243 QUIESTIO
2261 168 2508 242 CCCIII,
2544 166 2783 229 CCCIV.‘

3433 166 3574 232 1146

291 285 425 357 περὶ
463 283 558 338 τὸν
617 283 818 355 μόσχον
867 280 1187 334 δυσσέϐειάν
1221 296 1279 331 τε
1337 279 1431 332 καὶ
1486 277 1869 348 παρανομίαν,

1998 276 2198 332 .abulas
2250 286 2304 331 et
2346 276 2540 331 melius
2570 291 2733 343 quam
2773 274 2842 328 ab
2872 273 3127 331 humanis
3157 277 3411 335 manibus
3434 281 3574 349 poli-

292 377 566 448 λαμϐάνει
594 375 651 429 δὲ
680 375 772 428 τὸν
796 373 1050 443 δεύτερον
1079 372 1175 426 καὶ
1206 371 1266 424 ὃν
1294 370 1539 439 Μωῦσῆς
1571 369 1771 434 πλαξὶν
1806 369 1872 433 ἀς

291 466 455 529 αὐτὸς
482 464 771 530 ἐλάξευσεν
803 463 1130 533 ἐγεγράφει.
1184 462 1249 515 Εἰ
1271 462 1378 532 γὰρ
1413 460 1585 522 αὐτὰς
1606 458 1703 523 τὰς
1743 458 1873 511 θεο-

290 573 539 629 γραφους
570 555 789 619 πλάκας
819 553 1010 609 ἔλαϐον
1033 553 1128 606 καί
1155 555 1405 624 κρεῖττον
1442 550 1476 623 ἢ
1517 551 1662 603 κατά
1689 549 1876 620 χειρὸς

292 650 456 721 ἔργον
512 646 998 719 ἐκλελαξευμένας,
1052 646 1194 715 τάχα
1257 643 1324 697 ἂν
1351 642 1444 696 καὶ
1495 640 1652 705 θεοὺς
1698 641 1873 705 αὐτὰς

289 741 524 814 ἡγοῦντο
556 741 649 794 καὶ
676 740 768 792 ἐπὶ
795 738 981 809 μεῖζον
1008 737 1110 808 τὴν
1137 733 1291 789 θείαν
1313 734 1436 789 κατ’
1483 734 1667 787 αὐτῶν
1701 732 1876 805 ὀργὴν

290 834 504 908 ἀνῆψαν
527 850 542 865 ’
570 834 687 888 ἀλλ’
722 830 951 895 ἐκείνοις
982 832 1080 902 μὲν
1129 829 1199 884 δι’
1236 828 1300 901 ἢν
1348 827 1563 899 ἔφημεν
1592 825 1772 879 αἰτίαν
1807 824 1878 876 τά

289 928 606 997 τελειότερα
648 925 710 979 οὐ
757 924 1120 996 παραδίδοται
1164 922 1274 977 τῶν
1327 918 1668 992 μυστηρίων.
1754 915 1876 970 Ἐπ’

290 1022 537 1091 ἐσχάτων
558 1019 617 1073 δὲ
644 1017 870 1090 ἡμερῶν
920 1015 1213 1088 ἅνθρωπος
1236 1012 1483 1083 γεγονὼς
1531 1012 1560 1064 ὁ
1597 1008 1692 1064 τοῦ
1743 1005 1877 1061 Θεοῦ

290 1113 488 1181 Λόγος,
516 1112 612 1166 καὶ
642 1110 872 1181 θέμενος
899 1108 971 1162 τὰ
998 1108 1127 1178 έθνη
1155 1109 1233 1170 εἰς
1293 1106 1468 1171 υἱοὺς,
1515 1103 1731 1159 δίδωσιν
1775 1102 1877 1155 αὐ-

291 1208 405 1269 τοῖς
432 1204 616 1257 οὐκέτι
659 1202 757 1274 τὴν
820 1203 879 1255 ὲν
936 1199 1096 1268 τύπῳ
1145 1198 1241 1253 καὶ
1295 1198 1424 1267 σκιᾷ
1470 1193 1877 1250 παλαιωθεῖσαν

295 1296 576 1367 λατρείαν,
607 1294 744 1348 ἀλλὰ
776 1294 873 1348 καὶ
901 1293 959 1347 ὲν
986 1291 1216 1363 ἀληθείᾳ
1244 1290 1340 1343 καὶ
1388 1288 1681 1360 πράγματι
1739 1285 1868 1340 νεά-

1986 380 2068 423 tas
2095 369 2418 439 accepisset,
2437 385 2531 424 eas
2567 385 2695 423 mox
2745 378 2806 423 ut
2845 368 2976 425 deos
3008 370 3289 426 habuisset
3319 380 3374 427 et
3402 372 3572 428 Deum

1979 471 2169 516 contra
2197 477 2257 517 se
2294 463 2361 518 ad
2394 462 2658 531 majorem
2704 462 2840 518 iram
2872 464 3185 519 excitasset.
3216 464 3328 520 Illis
3353 464 3573 535 quidem

1978 563 2204 623 propter
2269 569 2433 624 quam
2498 554 2737 607 diximus
2803 570 3025 609 causam
3073 555 3398 625 perfectiora
3463 572 3573 611 non

1980 654 2110 701 sunt
2144 646 2341 700 tradita
2407 645 2687 717 mysteria.
2750 643 3078 701 Novissimis
3128 657 3309 704 autem
3354 649 3570 711 diebus,

1982 739 2147 793 homo
2176 736 2377 793 factum
2408 737 2503 792 Dei
2545 736 2808 802 Verbum,
2848 738 3103 808 gentibus
3132 738 3185 791 in
3221 739 3569 809 ad0ptionem

1980 830 2217 885 ﬁliorum
2252 831 2458 885 vocatis
2483 871 2498 895 ,
2551 830 2658 885 illis
2702 844 2812 884 non
2860 830 2973 900 jam
3020 830 3204 902 ﬁguris
3241 842 3299 886 et
3334 832 3573 887 tenebris

1982 924 2225 994 antiquis
2259 923 2647 978 obumbratum
2678 925 2886 975 cultum
2921 922 3088 989 dedit,
3137 923 3229 977 sed
3264 923 3317 977 in
3346 924 3573 977 veritati:

1982 1026 2040 1068 et
2073 1015 2126 1069 in
2168 1030 2333 1085 opere
2378 1015 2767 1078 virescentem,
2816 1024 2870 1069 et
2906 1030 3101 1084 purum
3144 1016 3362 1086 pietatis
3409 1016 3574 1071 deco-

1984 1124 2099 1164 rem
2130 1109 2543 1179 producentem.
2574 1108 2845 1164 Omnibus
2873 1123 3003 1178 ergo
3038 1110 3302 1179 gentibus
3338 1110 3390 1163 in
3425 1110 3571 1163 ado-

1984 1203 2225 1273 ptionem
2262 1201 2495 1255 ﬁliorum
2549 1202 2791 1267 vocatis,
2837 1201 3033 1255 merito
3060 1201 3152 1269 qui
3189 1209 3313 1255 ante
3352 1200 3475 1255 illas
3513 1200 3568 1254 in

1986 1291 2336 1361 adOptionem
2381 1301 2608 1347 vocatus
2647 1301 2755 1356 est,
2812 1291 3047 1362 populus
3090 1289 3253 1345 Israel
3295 1289 3573 1360 primoge-

294 1388 494 1453 ζουσάν
522 1405 581 1440 τε
616 1388 711 1441 καὶ
741 1385 1161 1457 ὲνακμάζουσαν
1191 1383 1253 1437 τὸ
1284 1383 1389 1451 τῆς
1425 1379 1709 1443 εὐσεϐείας
1739 1380 1880 1449 ἀκή-

1998 1385 2136 1439 nitus
2177 1383 2395 1437 dicitur.
2436 1382 2534 1437 Hic
2567 1393 2745 1437 autem
2781 1382 2964 1436 ethoc
3005 1395 3221 1434 mecum
3257 1378 3567 1441 considera,

297 1496 462 1552 ρατον
520 1478 746 1542 κάλλος.
782 1478 1010 1531 Πάντων
1084 1474 1218 1545 γοῦν
1278 1472 1709 1543 υἰοθετηθέντων
1756 1472 1866 1524 τῶν

1998 1477 2086 1532 Dci
2126 1475 2365 1531 Verbum
2415 1491 2482 1529 ex
2528 1476 2734 1531 semine
2765 1473 2945 1541 lDavid
2996 1473 3222 1526 veniens
3265 1471 3567 1526 secundum

294 1572 489 1637 ἐθνῶν,
523 1571 751 1635 εἰκότως
794 1570 823 1622 ό
858 1570 965 1643 πρὸ
996 1568 1179 1623 αὐτῶν
1204 1569 1284 1632 εἰς
1333 1567 1609 1621 υἱοθεσίαν
1658 1564 1879 1635 κληθεὶς

1998 1569 2385 1622 humanitatem
2436 1577 2682 1637 apparet.
2722 1566 2825 1620 Per
2854 1565 3003 1619 illum
3035 1572 3216 1618 autem
3258 1576 3420 1617 omne
3453 1561 3570 1631 pri-

296 1634 647 1734 πρωτότοκος
677 1634 915 1731 ἐλέγετο,
945 1660 1041 1714 τοῦ
1101 1659 1321 1731 Ἰσραὴλ
1355 1658 1504 1722 λαός.
1537 1651 1662 1710 Ὧδε
1686 1634 1759 1710 δέ
1794 1674 1885 1727 μοι

1998 1662 2322 1731 mogeuitum
2349 1634 2592 1730 Egi—rpti,
2619 1667 2680 1712 ut
2706 1657 2869 1727 impia
2896 1665 2951 1710 et
2972 1654 3247 1710 incredula
3270 1653 3568 1723 generatio,

298 1759 394 1811 καὶ
445 1756 630 1828 ἕτερον
684 1755 909 1808 σκόπει“
967 1752 1025 1807 '0
1079 1751 1176 1805 τοῦ
1226 1748 1362 1805 Θεοῦ
1413 1750 1589 1817 Λόγος
1617 1750 1681 1801 ὲκ
1713 1748 1884 1818 σπέρ-

1998 1753 2139 1806 uorti
2169 1761 2224 1806 et
2263 1752 2598 1821 corruptinni
2659 1750 2964 1820 subjectum
3000 1748 3120 1802 fuit.
3155 1747 3291 1802 Cum
3327 1759 3458 1816 ergo
3502 1759 3571 1798 ex

301 1869 471 1924 ματος
519 1851 769 1923 φαίνεται
850 1848 991 1903 κατά
1061 1847 1125 1901 τὸ
1187 1845 1529 1919 ἀνθρώπινον
1599 1842 1880 1910 ἐληλυθὼς

2003 1842 2145 1895 srael
2178 1853 2333 1897 ortus
2358 1845 2428 1896 sit
2467 1841 2845 1913 IEgyptiorum
2881 1841 3197 1894 interfector
3242 1836 3572 1907 primogeni-

314 1943 533 2015 Ἰσραήλ
554 1959 568 1972 ·
598 1941 665 1996 δι’
690 1939 858 1997 αὐτοῦ
892 1939 949 1993 δὲ
981 1937 1330 2011 πρωτότοκον
1385 1936 1533 1991 ἅπαν
1558 1936 1871 2002 Αἰγυπτια-

2001 1948 2181 1996 orum,
2227 1934 2652 2003 primogenitum
2681 1942 2735 1987 et
2764 1930 2927 1987 Israel
2962 1940 3141 1985 vocat.
3174 1929 3289 1984 Hoc
3322 1929 3574 1996 Evange-

300 2036 421 2103 κὸν,
453 2034 731 2090 τουτέστιν
761 2033 958 2097 ἀσεϐὲς
992 2033 1087 2086 καὶ
1118 2029 1277 2086 ἄθεον
1323 2028 1596 2098 γέννημα,
1656 2025 1734 2096 τῷ
1778 2025 1879 2079 θα-

1998 2026 2100 2082 ista
2133 2029 2394 2083 describit
2426 2029 2618 2083 dicens
2652 2042 2666 2079 :
2721 2047 2738 2078 ι
2780 2026 2855 2080 Ex
2890 2025 3125 2096 Egypto
3158 2023 3348 2079 vocavi
3399 2021 3571 2076 lilium

302 2128 451 2200 νάτῳ
482 2128 577 2183 καὶ
594 2130 661 2199 τῇ
691 2128 868 2198 φθορᾷ
908 2123 1297 2193 ὑποϐέϐληται.
1353 2120 1506 2174 Ἐπεὶ¹
1536 2116 1631 2173 οῦν
1680 2120 1744 2170 ἐκ
1777 2115 1872 2170 τοῦ

1998 2132 2159 2171 neum
2182 2120 2247 2172 ³³.
2290 2138 2309 2171 ι
2345 2118 2476 2186 Qum
2507 2128 2635 2175 sunt
2663 2134 2795 2189 ergo
2844 2118 3071 2172 meliora
3110 2115 3387 2186 pensanda
3419 2121 3570 2169 sunt.

315 2220 533 2293 Ἰσραὴλ
599 2220 700 2291 ἔφυ
729 2223 758 2274 ό
814 2219 923 2274 τῶν
982 2215 1374 2286 Αἰγυπτιακῶν
1441 2211 1736 2284 ἀναιρέτης
1781 2210 2152 2278 πρωτοτόκων
2180 2250 2198 2275 ,
2242 2212 2595 2281 πρωτότοκον
2651 2214 2745 2266 καὶ
2793 2211 2885 2263 τὸν
2942 2208 3162 2281 Ἰσραὴλ
3218 2208 3396 2261 καλεῖ.
3459 2205 3575 2264 Καὶ

302 2292 463 2367 τοῦτο
506 2312 616 2385 ἄρα
669 2313 765 2366 καὶ
810 2313 840 2366 ὁ
881 2308 1283 2380 Εὐαγγελιστὴς
1336 2303 1685 2377 ἀναγράφει’
1733 2320 1753 2354 ι
1812 2300 1904 2366 Ἐξ
1938 2301 2220 2372 Αἰγύπτου
2286 2306 2519 2359 ἐκάλεσα
2557 2306 2647 2358 τὸν
2671 2304 2802 2359 Υἰόν
2836 2321 2963 2375 μου.
3011 2300 3453 2355 »Ἐπισκεπτέον
3478 2292 3576 2352 οὖν

304 2406 527 2476 ἄμεινον
579 2402 789 2457 τούτων
811 2444 827 2458 .
3444 2398 3449 2405 ν

850 2513 1188 2567 ΕΡΩΤΗΣΙΣ
1217 2511 1336 2564 ΤΔ’.

374 2607 511 2675 Πῶς
530 2610 585 2663 οἰ
613 2604 859 2677 οὐρακοί
895 2605 1241 2675 διηγοῦνται
1263 2600 1451 2667 δόξαν
1481 2599 1589 2655 τοῦ
1622 2595 1815 2662 Θεοῦ;

2137 2484 2465 2554 ΩΠᾹΞΞΤΙΟ
2510 2484 2707 2540 CCCIV
2744 2465 2931 2555 [(Ϊοίεί.
2969 2481 3131 2535 Taur.
3159 2476 3437 2548 CXVIIII.

2240 2581 2516 2647 Quomodo
2545 2580 2661 2633 caeli
2693 2587 2937 2632 enarrem
2963 2577 3190 2648 gloriam
3215 2574 3348 2630 Dei?

1015 2743 1162 2794 Edita
1181 2756 1210 2792 a
1232 2740 1359 2792 Maio
1383 2740 1441 2805 (l.
1468 2752 1517 2790 c.
1538 2752 1590 2803 p.
1609 2738 1691 2801 97,
1711 2737 1794 2798 98,
1816 2748 1867 2798 q.
1888 2732 2058 2795 8!).-—
2075 2729 2131 2778 In
2152 2725 2283 2776 Psal.
2305 2736 2422 2773 xvut
2455 2722 2630 2786 (Graec.
2664 2719 2792 2781 xix),
2825 2718 2874 2768 l.

379 2857 445 2913 Oi
477 2856 536 2911 δὲ
562 2854 784 2926 οὐρανοὶ
811 2851 886 2924 μὴ
915 2851 1130 2922 ἔχοντες
1182 2849 1355 2919 στόμα
1386 2846 1698 2919 διηγοῦνται
1731 2841 1889 2907 δόξαν

2063 2835 2224 2900 Caeli,
2252 2849 2377 2888 cum
2428 2846 2492 2885 os
2534 2845 2641 2884 non
2692 2828 2950 2890 habeant,
2978 2824 3205 2893 gloriam
3236 2821 3331 2877 Dei
3364 2837 3582 2877 annun-

307 2949 467 3014 Θεοῦ,
496 2947 629 3002 διότι
660 2947 725 3000 ὲκ
752 2944 1014 3013 μεγέθους
1059 2942 1157 2997 καὶ
1204 2940 1470 3011 καλλονῆς
1520 2937 1837 3009 κτισμάτων
1865 2935 1895 2987 δ

308 3051 691 3113 γενεσιουργος
730 3038 1052 3108 θεωρεῖται,
1079 3033 1175 3088 καὶ
1226 3033 1288 3086 τὸ
1344 3032 1476 3101 περὶ
1506 3029 1647 3083 αὐτά
1707 3027 1896 3098 θαῦμα

309 3140 424 3201 τοῖς
476 3153 540 3207 γε
576 3132 862 3204 φρονοῦσιν
894 3131 974 3194 εἰς
1013 3131 1106 3183 τὸν
1164 3125 1508 3198 Δημιουργὸν
1563 3121 1894 3192 ἀναφέρεται

310 3227 408 3281 καὶ
434 3224 719 3278 διαϐαίνει’
754 3221 894 3274 ὥστε
923 3222 972 3273 οἱ
1031 3218 1249 3290 οὐρανοί
1277 3216 1399 3286 οὐχὶ
1449 3215 1682 3286 ῥήμασι,
1748 3212 1894 3281 πρά-

310 3334 486 3390 γμασι
505 3316 563 3370 δὲ
594 3315 695 3384 τήν
713 3330 773 3365 τε
802 3311 1030 3380 δύναμιν
1058 3305 1488 3378 ἀνακηρύττουσι
1506 3303 1601 3355 τοῦ
1622 3305 1895 3373 Δημιουρ-

311 3410 438 3480 γοῦ,
476 3406 575 3462 καὶ
617 3404 755 3475 πρὸς
784 3399 1090 3468 δοξολογίαν
1121 3394 1502 3466 παρακαλοῦσι
1555 3394 1688 3456 τοὺς
1719 3390 1896 3462 ὀρθῶς

311 3502 496 3564 αὐτοῖς
524 3495 846 3568 ὲνορῶντας·
904 3493 953 3544 εἰ
981 3490 1037 3542 δὲ
1067 3489 1198 3542 κατ’
1231 3485 1489 3556 ἐπιϐολὴν
1516 3483 1751 3553 θεωρίας
1776 3481 1897 3534 ἐθε-

310 3594 502 3667 λήσοις
549 3590 772 3653 ἐννοεῖν,
802 3583 1057 3657 εὑρήσεις
1102 3579 1368 3650 οὐρανοὺς
1391 3579 1518 3639 τοὺς
1542 3573 1894 3636 ἀποστόλους,

313 3661 380 3739 οἰ-
414 3681 745 3752 διηγήσαντο
799 3674 860 3727 τὸ
920 3669 1250 3738 Εὐαγγέλιον
1309 3663 1405 3718 τοῦ
1460 3661 1698 3735 Χριστοῦ
1745 3663 1897 3733 πάσῃ

310 3778 380 3848 τῇ
410 3770 723 3842 οἰκουμένῃ,
744 3767 840 3821 καί
857 3763 1098 3829 δοξάζειν
1124 3760 1217 3812 τὸν
1236 3756 1369 3811 Θεὸν
1388 3754 1481 3809 τὸν
1499 3756 1638 3823 ὑπὲρ
1660 3753 1815 3823 ἡμῶν
1828 3753 1897 3805 τὰ

311 3845 561 3940 ἡμέτερα
588 3859 947 3921 ἀναλαϐόντα,
970 3850 1256 3916 ὑπέδειξαν
1280 3866 1341 3902 τε
1366 3848 1461 3901 καὶ
1488 3845 1893 3915 καθηγήσαντοο

400 3935 580 4031 βούλει
635 3954 713 4019 δὲ,
750 3951 1080 4023 διηγήσαντο
1105 3948 1154 4000 οἰ
1201 3942 1422 4013 οὐρανοὶ
1469 3938 1568 4010 τὴν
1595 3937 1752 4002 δόξαν
1800 3935 1893 3988 τοῦ

316 4051 453 4106 Θεοῦ
477 4048 634 4121 ἡμῶν
667 4042 925 4116 Χριστοῦ,
956 4039 1122 4111 ἡνίκα
1153 4037 1262 4091 τῶν
1293 4032 1577 4104 πατρικῶν
1625 4030 1699 4101 μὴ
1729 4045 1899 4082 κενω-

317 4142 435 4205 θεὶς
479 4116 719 4202 κόλπων,
765 4135 830 4186 ὲκ
855 4129 1133 4201 Παρθένου
1184 4124 1363 4193 σάρκα
1386 4121 1571 4175 λαϐεῖν
1625 4116 1898 4188 κατηξίω-

2004 2929 2145 2983 tiant
2178 2927 2230 2980 in
2272 2940 2338 2979 eo
2367 2938 2531 2978 sensu
2567 2920 2711 2991 quod
2750 2935 2815 2974 ex
2849 2916 3225 2986 magnitudine
3251 2926 3305 2971 et
3332 2916 3582 2970 multitu-

2002 3021 2129 3074 dine
2161 3026 2467 3073 creatarum
2501 3029 2683 3068 rerum
2725 3021 2917 3066 auctor
2961 3010 3302 3079 dignoscitur
3344 3016 3398 3063 et
3446 3007 3583 3063 isto-

2002 3129 2123 3168 rum
2150 3111 2440 3166 admiratio
2479 3123 2508 3160 a
2539 3106 2878 3176 sapientibus
2920 3103 2986 3157 ad
3021 3113 3299 3157 auctorem
3345 3098 3585 3156 refertur

2001 3218 2057 3263 et
2107 3204 2382 3269 ascendit;
2441 3202 2516 3255 ita
2574 3210 2632 3255 ut
2685 3198 2807 3253 cmli
2865 3213 2972 3251 non
3031 3196 3235 3261 verbis,
3281 3193 3374 3248 sed
3423 3192 3585 3249 factis

2001 3296 2281 3353 Creatoris
2325 3292 2620 3363 potentiam
2660 3289 2954 3359 praedicent
2996 3296 3051 3341 et
3082 3287 3147 3340 ad
3191 3286 3344 3340 illum
3382 3283 3585 3354 gloriﬁ-

2001 3390 2237 3446 candum
2273 3388 2393 3440 illos
2431 3384 2522 3454 qui
2571 3382 2735 3437 rectis
2783 3380 2959 3434 oculis
3006 3379 3061 3432 in
3100 3379 3234 3432 istos
3287 3375 3586 3446 respiciunt

2003 3482 2315 3537 hortentur.
2348 3476 2403 3531 Si
2440 3488 2619 3529 autem
2652 3488 2816 3541 supra
2842 3470 3080 3524 visibilia
3106 3480 3345 3523 mentem
3372 3469 3586 3522 elevare

2002 3572 2264 3633 volueris,
2302 3570 2470 3622 oculos
2503 3564 2744 3617 invenies
2794 3560 3070 3629 apostolos
3108 3574 3229 3613 esse
3281 3558 3376 3627 qui
3407 3556 3586 3610 Evan-

2005 3664 2211 3734 gelium
2260 3659 2461 3715 Christi
2509 3658 2561 3710 in
2604 3655 2857 3709 universa
2907 3660 3050 3704 terra
3104 3648 3583 3710 annuutiaverunt,

2002 3766 2058 3812 et
2097 3756 2163 3809 ad
2193 3756 2361 3809 Dcum
2392 3751 2486 3821 qui
2518 3764 2681 3818 supra
2715 3745 3086 3814 nosmetipsos
3134 3750 3321 3795 nostra
3365 3754 3584 3793 assum-

2003 3847 2115 3917 psit
2172 3841 2585 3914 glorilicandum
2618 3838 2919 3892 docuerunt
2969 3844 3025 3887 et
3072 3832 3468 3885 instruxerunt.
3523 3827 3579 3880 Si

2002 3951 2184 3995 autem
2241 3934 2503 3997 volueris,
2562 3928 2964 3984 annuntiabant
3015 3923 3137 3978 caeli
3197 3921 3425 3992 gloriam
3487 3917 3582 3970 Dei

2003 4029 2175 4086 nostri
2223 4027 2353 4082 Jesu
2398 4023 2633 4088 Christi,
2666 4035 2815 4082 cum,
2853 4026 3079 4086 paterno
3112 4014 3234 4069 sinu
3286 4027 3393 4066 non
3428 4010 3585 4065 dere-

2004 4127 2161 4191 licto,
2212 4139 2278 4177 ex
2328 4119 2550 4189 Virgine
2596 4112 2873 4170 incarnari
2916 4111 3169 4181 dignatus
3206 4116 3291 4162 est
3332 4114 3387 4160 et
3430 4105 3582 4158 illum

319 4200 439 4298 dav,
469 4230 565 4284 καὶ
584 4200 732 4297 εἶχεν
759 4222 922 4277 αὐτὸν
940 4200 1236 4291 Βηθλεὲμ
1259 4214 1354 4267 καὶ
1379 4213 1442 4266 τὸ
1466 4211 1751 4282 σπήλαιον·
1775 4207 1890 4260 τότε

2011 4219 2282 4273 Bethleem
2315 4225 2368 4269 et
2396 4225 2635 4282 praesepe
2665 4208 2992 4262 habuerunt.
3018 4201 3173 4256 Tunc
3195 4200 3340 4254 enim
3363 4212 3585 4266 preser-

316 4330 433 4400 γὰρ
474 4325 560 4397 δὴ,
591 4324 711 4375 τότε
738 4321 774 4390 ἡ
805 4319 863 4370 ὲν
890 4317 1003 4377 τοῖς
1031 4311 1278 4382 οὐρανοῖς
1302 4303 1679 4376 ἀριθμουμένη
1718 4300 1896 4369 φύσις,

316 4393 478 4477 τοῦτο
506 4393 606 4487 μιν
631 4417 666 4484 ἠ
702 4411 894 4482 ὁρατὴ,
941 4406 1098 4460 τοῦτο
1141 4402 1200 4455 δὲ
1239 4399 1385 4468 καὶὴ
1439 4396 1579 4466 ὑπὲρ
1605 4393 1901 4487 τδλάρώμεῖ

318 4529 434 4578 νον,
475 4484 795 4578 ὑπηρετεῖτό
820 4518 882 4553 τε
910 4499 1004 4553 καὶ
1038 4492 1410 4564 καθυπούργει
1461 4488 1538 4558 τῷ
1584 4485 1841 4555 θαύματιο
1863 4484 1897 4553 ἡ

322 4609 427 4680 μὲν
447 4602 607 4659 οἰονεί
628 4616 749 4654 τινα
765 4597 982 4667 κήρυκα
1004 4591 1182 4645 κοινὸν
1198 4588 1287 4641 τὸν
1299 4586 1502 4655 ἀστέρα
1522 4578 1902 4652 χειροτονοῦσα

322 4669 419 4756 καὶ
434 4693 806 4770 προϐάλλουσα
822 4690 996 4755 ἀνακη
1007 4684 1188 4755 ρύττει
1207 4679 1301 4732 τοῦ
1322 4676 1590 4730 Δεσπότου
1611 4672 1710 4741 τὴν
1719 4669 1897 4735 δόξαν,

322 4792 422 4848 καὶ
478 4763 571 4842 τὸν
630 4782 1007 4856 κρυπτόμενον
1052 4774 1274 4845 βασιλέα
1300 4771 1380 4824 δι’
1427 4768 1545 4829 ἑνὸς
1600 4763 1898 4856 δορυφόρου

322 4854 812 4956 προπομπεύουσαο
848 4874 883 4943 ἡ
925 4870 983 4923 δὲ
1047 4865 1250 4936 πλῆθος
1284 4860 1544 4932 στρατιᾶς
1593 4854 1899 4926 προϐαλλο-

331 4946 469 5048 μένη
496 4946 590 5026 τὸν
616 4969 856 5037 Κτίστην
889 4960 1204 5022 αἰνούντων,
1245 4956 1342 5009 καὶ
1394 4951 1501 5005 τῶν
1556 4946 1900 5017 τελουμένων

324 5037 391 5122 τὸ
446 5037 630 5134 θαῦμα
667 5056 1040 5130 διηγουμένων
1078 5051 1157 5121 τῷ
1214 5048 1419 5119 ᾄσματι
1447 5060 1462 5075 ·
1512 5041 1726 5134 ρηθᾼεῖεν
1752 5037 1797 5091 δ’
1815 5037 1900 5134 Δἂν

326 5161 429 5213 οὐκ
457 5127 762 5213 ἀπεικότως
818 5149 867 5202 οἰ
896 5144 1116 5215 ἄγγελοι
1162 5138 1384 5209 οὐρανοί
1415 5175 1430 5199 ,
1464 5134 1560 5188 ἆτε
1605 5132 1669 5201 δὴ
1697 5127 1901 5184 ἀνωθεν

330 5248 628 5322 ἀφιγμένοι
676 5243 813 5314 πρὸς
867 5240 935 5293 τὰ
971 5235 1207 5303 ἐπίγεια·
1258 5229 1395 5283 εἰδὲ
1455 5227 1549 5280 καὶ
1599 5223 1691 5276 τὸν
1750 5220 1901 5289 ἣλιον

328 5312 535 5404 ἐθέλοις
560 5312 942 5400 ,ἰδεῖνήὲπὶτῷ
986 5321 1304 5392 Δεσποτικῷ
1351 5318 1514 5373 πάθει
1569 5312 1901 5383 σκυθρωπά-

331 5437 514 5503 ζοντα,
545 5432 640 5485 καὶ
663 5428 730 5498 τῇ
759 5423 1015 5478 ἀποθέσει
1040 5418 1134 5471 τοῦ
1165 5409 1522 5486 περικαλλοῦς
1546 5406 1755 5461 ἐκείνου
1785 5420 1900 5473 φω-

406 5655 451 5688 ⁸⁰
481 5652 619 5710 Osee
642 5663 718 5718 XI,
743 5645 815 5714 2;
869 5640 1058 5697 Matth.
1096 5652 1158 5705 ιι,
1192 5634 1278 5691 15.

2009 4311 2108 4365 tim
2156 4314 2423 4361 creaturae
2451 4317 2572 4372 quae
2601 4300 2655 4353 in
2687 4297 2843 4353 caelis
2888 4301 3247 4349 numerantur
3288 4298 3397 4343 tam
3450 4288 3585 4341 visi-

2007 4402 2145 4457 biles
2184 4413 2345 4466 quam
2394 4392 2730 4456 invisibiles,
2782 4386 3049 4442 miraculo
3100 4380 3482 4438 ministrabant
3527 4390 3582 4432 et

2008 4492 2335 4549 serviebant.
2362 4488 2471 4541 Illa:
2499 4486 2717 4556 quidem
2739 4483 2882 4537 sicut
2906 4492 3209 4548 praeconem
3234 4488 3576 4529 communem

2009 4584 2218 4638 stellam
2256 4582 2517 4649 eligentes
2556 4586 2610 4631 ct
2641 4572 3057 4645 praemittentes,
3101 4565 3314 4621 Domini
3355 4564 3580 4633 gloriam

2006 4685 2062 4729 et
2087 4673 2465 4728 absconditum
2517 4682 2699 4738 regem
2754 4679 2850 4735 per
2902 4676 3070 4716 unum
3118 4657 3400 4713 custodem
3450 4669 3582 4709 con-

2007 4769 2367 4829 cotuitantes,
2436 4761 2750 4832 praedicant.
2819 4754 2913 4809 Ha;
2972 4766 3101 4806 vero
3180 4747 3582 4803 multitudinem

2007 4864 2282 4920 exercitus
2319 4858 2711 4929 praemittentes
2745 4852 2811 4906 ad
2840 4847 3172 4905 laudandum
3204 4843 3372 4897 Deum
3415 4850 3472 4896 et
3516 4840 3585 4894 ad

2009 4964 2229 5027 operata
2268 4950 2541 5007 mirabilia
2587 4945 2817 5002 canticis
2864 4939 3208 4996 celebranda.
3250 4936 3401 4989 Dicet
3446 4933 3586 4987 forte

2010 5025 2207 5118 aliquis
2230 5046 2366 5101 satis
2392 5039 2764 5097 verisimiliter
2812 5039 3035 5104 angelos
3061 5044 3181 5086 esse
3198 5028 3387 5091 coelos,
3416 5025 3588 5095 siqui-

2008 5142 2130 5196 dem
2164 5155 2194 5193 e
2241 5138 2382 5193 coelo
2408 5142 2676 5190 venerunt
2704 5130 2772 5185 ad
2795 5138 3031 5183 terrena.
3060 5122 3117 5177 Si
3151 5136 3282 5177 vero
3321 5129 3377 5176 et
3414 5119 3586 5174 solem

2008 5230 2250 5286 volueris
2316 5229 2496 5282 videre
2567 5231 2790 5294 propter
2863 5217 3205 5273 Dominicam
3276 5212 3586 5285 passionem

2009 5325 2393 5397 pallescentem
2416 5362 2430 5386 ,
2482 5329 2537 5374 et
2589 5315 2836 5385 deposito
2867 5310 3207 5382 praepulchro
3234 5321 3332 5362 suo
3361 5302 3588 5366 lumine,

2011 5394 2348 5471 divinitatem
2385 5419 2436 5465 et
2490 5404 2790 5478 potentiam
2840 5400 3097 5473 patientis
3147 5394 3586 5459 annuutianteni,
