3930 6218
413 210 552 277 1147

1555 197 1819 263 PHOTII
1856 203 2358 265 PATRIARCIUE
2392 204 2497 265 CP;

3534 201 3670 264 1143

414 338 523 377 non
573 321 729 390 longe
776 317 845 372 ab
882 315 1329 387 interpretatione
1374 314 1671 370 secundum
1726 315 1985 369 visionem

2093 315 2182 378 τὸς
2217 317 2316 387 τὴν
2377 316 2604 387 θεότητα
2656 317 2751 371 καὶ
2778 315 2878 387 τὴν
2928 314 3157 385 δύναμιν
3205 311 3303 367 τοῦ
3367 313 3673 383 πάσχοντος

411 413 601 468 fueris.

548 608 877 677 QUAESTIO
916 608 1092 664 ερον
1123 608 1312 681 [CoisL
1357 609 1518 663 Tuur.
1554 608 1809 681 CXVIII].

414 700 551 765 Quid
605 703 716 753 sit:
757 720 775 752 ι
815 698 1113 770 Increpasti
1161 712 1335 770 gentes
1388 710 1438 754 et
1492 702 1645 769 periit
1702 701 1976 769 impius?)

2090 407 2488 474 ἀναγγέλλοντα
2513 449 2529 472 ,
2581 409 2745 478 ἐγγὺς
2776 408 2840 462 ἂν
2870 407 3045 476 γένοιο
3074 410 3165 461 καὶ
3209 411 3309 480 τῆς
3363 408 3509 461 κατά
3537 407 3674 460 θεω-

2093 498 2213 568 ρίαν
2252 499 2624 565 ἀναπτύξεως.

2646 612 2980 665 ΕΡΩΤΗΣΙΣ
3015 613 3134 666 ΤΕ’.

2103 701 2164 757 Τί
2191 703 2411 758 ἐστιν’(
2434 704 2832 829 Ἐπετίμηὲνίὲς
2854 704 2981 829 τὲξς
3011 705 3236 770 ἔθνεσι,
3266 704 3365 758 καὶ
3394 703 3671 759 ἀπώλετο

2807 790 2879 828 σε
2922 793 3027 829 uc:
3061 793 3079 826 ι

2807 790 3027 840 aselle;
3061 793 3079 826 ι

1386 925 1522 976 Edita
1543 942 1569 977 a
1599 927 1721 977 Maio
1743 929 1801 990 (Ι.
1824 942 1867 978 c.
1891 944 1942 993 p.
1973 929 2053 991 98,
2085 929 2189 995 99).
2214 957 2275 968 —
2300 932 2354 981 In
2377 934 2509 985 Psal.
2545 951 2612 990 Ix.
2637 936 2685 986 6.

493 1032 701 1086 Verba:
725 1030 1047 1100 rlncrepasti
1070 1037 1256 1099 gentes
1284 1038 1339 1084 et
1377 1032 1536 1101 periit
1558 1033 1779 1101 impius,
1805 1053 1822 1084 ι
1849 1034 1994 1088 clare

412 1125 518 1178 hoc
566 1125 885 1194 designant,
937 1125 1173 1187 scilicet,
1234 1140 1356 1179 cum
1426 1125 1721 1195 increpata:
1790 1126 1994 1182 fuerint

413 1223 599 1283 gentes
625 1225 678 1268 et
710 1215 777 1267 ab
808 1230 996 1269 errore
1040 1216 1139 1270 via:
1186 1232 1299 1271 sua:
1349 1217 1417 1271 ad
1475 1217 1886 1286 ingrediendum
1938 1220 1993 1274 in

413 1308 552 1361 ovile
597 1308 803 1361 Christi
856 1309 1093 1363 reductae
1157 1309 1380 1375 fuerint,
1426 1310 1577 1364 illum
1629 1312 1721 1381 qui
1777 1329 1877 1367 nos
1927 1315 1994 1369 ad

413 1398 739 1467 impietatem
792 1400 1050 1461 vocabat,
1116 1400 1168 1455 id
1224 1411 1344 1462 est,
1402 1403 1679 1456 diabolum
1743 1405 1989 1473 periisse.

411 1487 615 1556 Impius
642 1489 786 1541 enim
820 1489 925 1542 dici
953 1499 1127 1557 potest
1152 1491 1244 1557 qui
1278 1491 1442 1561 impie
1470 1493 1599 1563 agit,
1628 1501 1682 1547 et
1712 1494 1803 1563 qui
1838 1496 1987 1549 illum

412 1580 479 1632 ad
521 1579 848 1647 impietatem
900 1581 1088 1635 trahit.
1145 1581 1313 1649 Magis
1369 1583 1588 1636 obvium
1655 1582 1793 1640 forte
1847 1595 1991 1640 esset

412 1670 591 1725 dicere
615 1671 781 1739 quod,
812 1687 933 1725 cum
962 1672 1211 1727 Christus
1232 1675 1282 1727 in
1313 1686 1451 1729 terra
1472 1679 1731 1731 manserit
1752 1686 1804 1731 et
1827 1678 1989 1731 simul

410 1775 601 1815 omnes
632 1759 851 1815 Judaaos
889 1770 943 1815 et
972 1761 1191 1817 Graecos
1216 1764 1478 1819 barbaros
1502 1767 1567 1819 ad
1602 1768 1852 1821 eamdem
1889 1785 1988 1822 νο-

2124 1040 2219 1106 Τδ,
2231 1061 2249 1092 ς
2272 1042 2638 1113 Ἐπετίμησας
2658 1041 2954 1107 ἔθνεσι,καλ.
2970 1038 3215 1094 ἀπώλετο
3231 1041 3257 1092 6
3272 1038 3495 1110 ἀσεϐὴς,
3510 1057 3528 1089 ι
3541 1040 3675 1107 φασὶ

2091 1132 2253 1185 τοῦτο
2271 1131 2485 1200 δηλοῦν,
2509 1131 2583 1196 ὡς
2627 1134 2685 1185 ἐν
2707 1131 2784 1201 τῷ
2807 1131 3196 1201 ἐπιτιμηθῆναι
3216 1129 3286 1182 τὰ
3306 1130 3434 1198 ἔθνη
3458 1129 3553 1181 καὶ
3573 1128 3673 1197 τῆς

2090 1225 2297 1288 οἰκείας
2328 1225 2630 1294 ἀποστῆναι
2668 1223 2901 1293 πλάνης,
2931 1221 3183 1290 γενέσθαι
3211 1239 3268 1274 τε
3295 1222 3394 1290 τῆς
3430 1220 3671 1288 ποίμνης

2092 1317 2367 1387 Χριστοῦ,
2431 1319 2459 1370 6
2514 1316 2650 1384 πρὸς
2706 1315 2959 1370 ἀσέϐειαν
3016 1314 3216 1377 αὐτοὺς
3267 1313 3672 1381 ἐκκαλούμενος

2092 1409 2337 1465 ἀπώλετο
2388 1407 2652 1471 διάϐολος·
2709 1406 2911 1477 ἀσεϐὴς
2968 1407 3077 1477 γὰρ
3116 1406 3279 1470 αὐτός
3310 1424 3368 1458 τε
3398 1407 3424 1458 6
3449 1404 3670 1458 ἀσεϐῶν

2090 1504 2172 1575 εἴη
2208 1504 2271 1557 ἂν
2298 1504 2390 1557 καὶ
2420 1506 2447 1557 ὁ
2483 1502 2670 1556 τοῦτον
2699 1502 2871 1555 ἕλκων
2931 1502 3070 1573 πρὸς
3116 1502 3214 1570 τὴν
3271 1499 3548 1552 ἀσέϐειαν
3581 1498 3671 1567 εἴη

2088 1593 2134 1647 δ’
2164 1595 2229 1647 ἂν
2254 1592 2546 1663 ἐγγύτερον
2589 1591 2665 1654 ὡς
2688 1590 2781 1644 τοῦ
2815 1590 3069 1659 Σωτῆρος
3103 1588 3572 1657 ἐπιδεδημηκότος
3598 1589 3668 1656 τῇ

2088 1688 2182 1754 γῇ,
2216 1687 2309 1738 καὶ
2353 1683 2546 1747 κοινῶς
2571 1685 2817 1745 ἅπαντας
2860 1682 3146 1742 Ἰουδαίους
3171 1698 3230 1733 τε
3279 1680 3373 1733 καὶ
3400 1678 3673 1751 Ἕλληνας

2091 1778 2184 1829 καὶ
2227 1776 2534 1848 βαρϐάρους
2561 1775 2652 1828 ἐπὶ
2674 1775 2772 1844 τὴν
2801 1774 3007 1827 οἰκείαν
3034 1772 3512 1843 προσκαλουμένου
3548 1771 3673 1823 ἐπί-

408 1852 615 1907 caverit
643 1852 1004 1920 cognitionem
1025 1892 1039 1915 ,
1075 1862 1147 1917 et,
1181 1864 1241 1908 ut
1283 1856 1355 1909 ita
1386 1856 1587 1919 dicam,
1622 1873 1719 1926 pro
1748 1859 1985 1926 peccatis

2091 1886 2311 1937 γνωσιν,
2360 1870 2454 1921 καὶ
2501 1868 2665 1921 οἰονεὶ
2698 1866 2807 1919 τῶν
2856 1863 3047 1936 πρώην
3100 1865 3282 1925 αὐτοῖς
3312 1862 3671 1933 ἠσεϐημένων

409 1946 618 2001 abillis
669 1956 825 2002 antea
869 1947 1197 2012 commissis,
1257 1948 1548 2002 salutarem
1605 1958 1656 2003 et
1690 1950 1984 2019 perfectam

410 2037 834 2106 increpationem
861 2054 956 2106 per
976 2038 1303 2107 baptismum
1333 2039 1626 2105 induxerit,
1674 2042 1987 2112 quicunque

409 2144 530 2185 sese
560 2129 820 2184 doeibiles
853 2139 907 2184 et
945 2131 1190 2184 sincerus
1221 2131 1285 2184 ad
1321 2132 1749 2200 increpationem
1783 2133 1989 2187 habue-

410 2233 561 2287 runt,
596 2222 662 2277 de
704 2232 855 2291 parte
895 2225 1225 2279 salvatorem
1283 2226 1407 2280 facti
1456 2240 1615 2291 sunt,
1659 2229 1751 2297 qui
1805 2238 1986 2285 autem

409 2328 594 2383 animo
647 2330 885 2384 demisso
964 2331 1387 2401 increpationem
1462 2346 1828 2403 acceperunt,
1888 2353 1989 2394 nec

410 2420 663 2489 baptismi
698 2422 1150 2489 purificationem,
1211 2440 1311 2479 nec
1342 2425 1487 2494 quod
1519 2442 1585 2479 ex
1621 2428 1713 2482 illo
1744 2430 1988 2497 procedit

410 2510 592 2565 lumen
628 2511 747 2565 fidei
785 2525 1164 2582 susceperunt,
1202 2516 1277 2569 illi
1314 2527 1375 2570 ut
1410 2518 1559 2587 impii
1604 2528 1656 2573 et
1686 2521 1987 2589 perditione

407 2603 554 2673 digni
591 2605 889 2673 perierunt.
930 2607 1056 2660 Scio
1090 2618 1268 2661 autem
1304 2612 1551 2664 eamdem
1596 2626 1782 2665 vocem
1817 2613 1982 2680 sumi,

410 2695 703 2760 praesertim
779 2696 921 2764 apud
976 2699 1189 2767 aliquos
1240 2698 1433 2755 doctos
1484 2712 1818 2769 extraneos,
1882 2720 1982 2773 pro

407 2784 634 2851 honore,
684 2787 971 2855 splendore
993 2798 1045 2841 et
1076 2789 1265 2857 gloria.
1297 2788 1614 2860 Signilicare
1652 2807 1781 2861 ergo
1808 2802 1985 2863 potest

408 2876 496 2931 hic
526 2878 700 2942 locus,
732 2879 777 2932 si
809 2879 969 2934 verba
1005 2879 1059 2933 in
1107 2882 1213 2935 isto
1257 2896 1418 2935 sensu
1450 2883 1807 2952 accipiantur,
1840 2886 1986 2953 quod

407 2969 657 3036 gentibus
686 2986 716 3023 a
748 2969 967 3025 Christo
1014 2972 1294 3028 honoratis
1345 2984 1397 3027 et
1426 2973 1743 3043 glorificatis
1792 3016 1807 3040 ,
1846 2976 1987 3033 ﬁlios

405 3062 623 3129 quidem
654 3071 708 3116 et
737 3064 977 3119 lneredes
1018 3065 1103 3118 sui
1133 3065 1287 3135 regni
1324 3065 1416 3134 qui
1445 3066 1707 3123 docibiles
1741 3067 1983 3133 fuerunt,

405 3152 613 3220 posuit,
647 3153 739 3222 qui
797 3169 978 3209 autem
1034 3156 1348 3210 hzereditate
1380 3155 1585 3227 indigni
1622 3166 1675 3213 et
1705 3160 1982 3230 adoptioni

408 3258 533 3298 cum
562 3256 743 3300 essent
773 3246 947 3315 impii,
977 3249 1274 3316 perierunt.

588 3379 911 3445 QUIESTIO
948 3383 1145 3440 CCCVI
1179 3384 1361 3457 [CoisL
1395 3387 1557 3441 Taur.
1591 3386 1802 3458 CXIX].

410 3492 585 3558 Quare
613 3497 754 3565 magi
781 3512 845 3551 ex
884 3497 1100 3551 Oriente
1128 3509 1176 3553 et
1212 3498 1449 3563 Perside,
1488 3517 1587 3553 non
1615 3517 1731 3555 vero
1760 3514 1824 3553 ex
1863 3498 1979 3552 alia

482 3567 690 3632 regione
718 3577 832 3673 ςιιιι9
857 3580 1005 3636 gente
1057 3570 1125 3623 ad
1170 3568 1505 3625 Dominicum
1550 3583 1767 3639 partum
1819 3570 1980 3639 primi

482 3648 788 3673 nrraecnrsnl

479 3648 789 3689 accesserint
807 3648 819 3690 Ξ

409 3770 657 3820 Editarum
695 3786 723 3821 a
746 3772 925 3822 Wolﬁo
966 3775 1214 3825 tricesima
1237 3791 1365 3827 nona
1391 3780 1529 3843 (Cur.
1556 3777 1737 3843 Philol.
1765 3784 1803 3827 t.
1837 3778 1898 3839 γ,
1934 3792 1965 3841 p

2088 1958 2429 2029 καθαρτικήν
2457 1975 2518 2011 τε
2545 1958 2641 2012 καλ⁵
2697 1956 3046 2027 τελειωτικὴν
3079 1957 3394 2025 ἐπιτίμησιν
3443 1955 3540 2024 τὴν
3580 1953 3670 2006 διὰ

2087 2054 2180 2108 τοῦ
2212 2055 2585 2125 βαπτίσματος
2630 2055 2947 2121 ἐπάγοντοςο
2980 2054 3095 2106 ὅσοι
3133 2053 3229 2122 μέν
3288 2050 3559 2114 εὐπειθῶς
3607 2068 3667 2103 τε

2090 2147 2184 2201 καὶ
2216 2146 2522 2217 εἰλικρινῶς
2570 2146 2667 2215 τὴν
2722 2145 3042 2215 ἐπιτίμησιν
3077 2143 3343 2208 ἐδέξαντο,
3395 2136 3540 2195 οὗτοι
3566 2141 3671 2209 τῆς

2095 2240 2311 2311 μερίδος
2340 2239 2446 2291 τῶν
2480 2238 2800 2308 σωζομένων
2829 2238 3101 2304 ἐγένοντο’
3130 2237 3179 2287 εί
3204 2235 3261 2287 δέ
3291 2251 3375 2296 τις
3401 2232 3536 2304 πρὸς
3566 2231 3665 2299 τὴν

2088 2333 2404 2401 ἐπιτίμησιν
2431 2330 2863 2399 ἀπεδυσπέτησε,
2891 2330 3031 2400 μήτε
3048 2328 3139 2381 τὸν
3164 2328 3258 2380 τοῦ
3288 2326 3668 2395 βαπτίσματος

2087 2423 2370 2495 καθαρμὸν
2403 2425 2539 2493 μήτε
2568 2421 2663 2492 τὴν
2693 2421 2759 2473 δι’
2792 2419 2955 2473 αὑτοῦ
2982 2423 3081 2486 τῆς
3112 2418 3348 2481 πίστεως
3369 2413 3668 2487 προσδεξὰ-

2092 2532 2251 2585 μενος
2283 2514 2572 2583 ἐλλαμψιν,
2624 2506 2777 2575 οὗτος
2827 2511 2904 2574 ὡς
2946 2508 3152 2580 ἀσεϐής
3210 2526 3270 2562 τε
3315 2509 3409 2560 καὶ
3439 2507 3665 2576 ὀλέθρου

2087 2605 2365 2660 ἀπολεῖται
2394 2605 2562 2671 ἄξιοςο
2599 2599 2717 2657 οἴδα
2751 2603 2808 2656 δέ
2847 2603 3126 2672 ἐπιτιμίας
3151 2602 3302 2670 παρά
3330 2617 3392 2668 γε
3429 2598 3667 2668 μάλιστα

2087 2702 2199 2763 τοῖς
2227 2700 2331 2763 ἔξω
2365 2701 2545 2767 σοφοῖς
2574 2698 2673 2770 τὴν
2704 2696 2869 2767 τιμὴν
2902 2697 2995 2750 καὶ
3023 2696 3120 2765 τὴν
3161 2694 3516 2763 περιφάνειαν
3549 2692 3670 2743 ὀνο-

2091 2791 2405 2861 μαζομένην
2436 2790 2531 2842 καὶ
2558 2791 2617 2842 τὸ
2652 2788 2951 2859 περίδοξον·
2997 2787 3145 2855 λέγοι
3178 2786 3242 2839 ἂν
3268 2780 3360 2837 οὖν
3388 2783 3447 2836 τὸ
3479 2782 3664 2852 ῥητὸν,

2087 2883 2221 2944 εἴτις
2249 2880 2348 2949 τὴν
2374 2880 2517 2944 λέξιν
2548 2882 2626 2943 εἰς
2679 2879 2833 2932 τοῦτο
2882 2878 2942 2931 τὸ
2980 2877 3380 2948 σημαινόμενον
3433 2873 3667 2943 μεταλά-

2089 2970 2194 3032 ϐοι,
2257 2971 2333 3033 ὼς
2390 2971 2483 3024 τοῦ
2522 2970 2757 3041 Χριστοῦ
2816 2971 3146 3040 τιμήσαντος
3198 2969 3291 3021 καὶ
3335 2966 3665 3032 δοξάσαντος

2086 3062 2153 3114 τὰ
2179 3060 2328 3132 ἔθνη,
2386 3063 2536 3124 υἱοὺς
2571 3061 2677 3130 γὰρ
2711 3061 3079 3129 κληρονόμους
3126 3058 3225 3127 τῆς
3284 3054 3451 3111 αὑτοῦ
3510 3059 3669 3125 βασι-

2086 3152 2237 3217 λείας
2260 3154 2385 3215 τοὺς
2413 3151 2763 3220 πειθομένους
2791 3150 2961 3214 ἔθετο,
3024 3150 3073 3202 οἳ
3108 3148 3315 3212 ἀνάξιοι
3378 3147 3473 3199 τοῦ
3531 3147 3665 3217 κλή-

2009 3234 2053 3292 C
2090 3262 2185 3317 ρου
2219 3249 2313 3299 καὶ
2339 3244 2439 3315 τῆς
2471 3243 2762 3307 υἱοθεσίας,
2817 3242 3032 3305 ἀσεϐεῖς
3064 3242 3215 3304 ὄντες
3244 3239 3597 3294 ἀπολοῦνται.

2608 3378 2941 3432 ΕΡΩτΗΣιΣ
2996 3378 3135 3446 Τςῖσ.

2085 3493 2189 3548 Διά
2206 3494 2271 3567 ,τι
2286 3493 2474 3567 μάγοι
2503 3492 2577 3567 ἐξ.
2611 3491 2941 3567 Ἀναςτογζῶν
2969 3492 3067 3544 καὶ
3106 3489 3373 3567 ῃερσῶν,
3416 3489 3517 3567 καί
3549 3490 3663 3567 οὐκ

2158 3566 2225 3629 ἐξ
2272 3564 2479 3632 ἐτέρας
2508 3564 2699 3632 χώρας
2729 3564 2766 3629 ἢ
2806 3565 3020 3628 ἔθνους
3060 3562 3139 3628 τῷ
3183 3562 3526 3626 Δεσποτικῷ
3574 3566 3671 3613 τό·

2161 3655 2247 3704 κῳ
2284 3637 2729 3703 παραπεῖύνασι
2758 3632 3013 3701 aptium;

1975 3817 1985 3828 .
2017 3774 2244 3826 695-697.
2287 3770 2509 3821 Galland.
2534 3782 2586 3830 p.
2610 3767 2720 3829 710,
2749 3766 2855 3827 'Ili,
2887 3781 2938 3818 ιι.
2972 3766 3049 3828 14,
3088 3780 3139 3828 q.
3171 3766 3305 3831 119).
3330 3794 3390 3805 -
3411 3766 3486 3815 De
3509 3766 3666 3829 Magis

1506 3854 1569 3889 ex
1598 3841 1808 3892 Oriente
1839 3832 2235 3890 advenientibus.
2263 3834 2435 3883 Matth.
2457 3847 2510 3893 ιι,
2536 3832 2558 3879 1

481 3938 665 3993 Variis
688 3939 757 3994 de
781 3942 964 3998 causis
1003 3943 1055 3999 id
1092 3944 1297 4000 factum
1330 3962 1453 4004 esse
1483 3952 1701 4018 Opinor.
1738 3951 1985 4005 Primum

409 4033 630 4100 quidem
658 4036 729 4085 ita
784 4041 1065 4091 oraculum
1113 4041 1333 4109 aliquod
1366 4043 1746 4111 propheticum
1793 4044 1986 4113 imple-

410 4130 628 4181 verunt,
659 4122 734 4175 ita
762 4124 1006 4179 habens:
1043 4144 1062 4175 ‹
1100 4126 1274 4196 Reges
1305 4130 1547 4183 Arabum
1573 4140 1628 4185 et
1657 4132 1813 4187 Salue
1841 4134 1984 4187 dona

409 4209 635 4264 afferent
662 4214 727 4266 ³³.
753 4231 771 4263 ι
820 4211 1001 4268 Persa:
1049 4216 1194 4269 enim
1237 4226 1367 4271 tunc
1409 4221 1672 4289 temporis
1712 4238 1983 4276 summam

409 4306 734 4367 potestatem
788 4302 843 4354 in
885 4305 1138 4372 regiones
1186 4306 1308 4360 illas
1352 4310 1681 4364 exercebant
1730 4329 1743 4364 :
1794 4312 1982 4365 eadem

410 4398 541 4437 vero
567 4394 713 4439 terra
739 4397 794 4439 et
827 4404 1021 4443 aurum
1049 4394 1589 4458 praestantissimum.
1623 4408 1678 4450 et
1708 4399 1980 4467 myrrham

408 4484 465 4529 et
514 4478 643 4531 thus
692 4477 916 4544 profert.
970 4482 1140 4537 Porro
1214 4483 1592 4556 IEgyptiorum
1638 4487 1866 4556 imperio
1913 4489 1980 4542 ad

407 4569 659 4639 Assyrios
688 4572 968 4635 translato,
999 4574 1353 4644 Assyriorum
1387 4593 1513 4632 vero
1546 4579 1640 4633 illo
1672 4580 1738 4632 ad
1787 4580 1981 4634 Persas

2156 3947 2253 4000 Διά
2278 3944 2500 4007 πολλὰς,
2534 3942 2708 4013 οἶμαι,
2747 3940 2943 4003 αἰτίας.
2970 3940 3194 4010 Πρῶτον
3241 3940 3339 4009 μὲν
3367 3942 3475 4007 γὰρ
3519 3957 3658 4009 προ-

2087 4040 2313 4111 φητείαν
2343 4040 2465 4090 τινὰ
2500 4036 2849 4105 ἐξεπλήρουν,
2891 4035 2990 4103 τὴν
3015 4034 3307 4099 λέγουσαν·
3353 4051 3372 4085 ι
3410 4032 3663 4095 Βασιλεῖς

2097 4130 2343 4201 Ἀράϐων
2376 4129 2471 4183 καὶ
2513 4128 2664 4181 Σαϐἄ
2711 4125 2859 4196 δῶρα
2895 4123 3276 4195 προσάξουσιν.
3310 4142 3329 4174 ι
3386 4124 3494 4176 Καὶ
3551 4125 3663 4193 γὰρ

2082 4226 2132 4276 οἰ
2170 4224 2377 4293 Πέρσαι
2410 4221 2713 4290 τηνικαῦτα
2750 4220 2858 4271 τῶν
2895 4218 3089 4288 χωρῶν
3120 4217 3349 4270 ἐκείκων
3365 4218 3426 4268 τὸ
3460 4217 3664 4286 κράτος

2083 4310 2248 4383 εἶχον.
2280 4314 2439 4384 Φέρει
2467 4313 2525 4365 δὲ
2570 4314 2603 4381 ή
2648 4311 2872 4364 ἐκείνων
2910 4310 2980 4373 γῆ
3021 4309 3289 4378 ἐπίσημον
3337 4325 3395 4361 τε
3454 4309 3659 4377 χρυσὸν

2082 4407 2174 4459 καὶ
2201 4405 2445 4473 σμύρναν
2481 4405 2575 4455 καὶ
2634 4402 2868 4455 λίϐανον.
2892 4401 3101 4463 ’Ἄλλως
3128 4418 3186 4452 τε
3213 4400 3268 4453 δὲ
3300 4402 3393 4453 καὶ
3421 4401 3521 4468 τῆς
3553 4402 3657 4468 μὲν

2079 4493 2393 4561 Αἰγυπτίων
2422 4492 2698 4561 βασιλείας
2728 4491 2808 4551 εἰς
2873 4490 3194 4558 Ἀσσυρίους
3238 4488 3655 4558 διαλελυμένης,

2076 4586 2186 4639 τῶν
2242 4582 2545 4652 Ἀσσυρίων
2604 4582 2661 4634 δὲ
2705 4583 2784 4641 εἰς
2822 4581 3039 4650 Πέρσας
3083 4578 3506 4650 μεταρρυείσης,
3557 4580 3657 4630 καὶ

408 4660 682 4727 devoluto,
714 4663 1111 4734 Persarumque
1151 4669 1371 4736 regibus
1413 4679 1545 4725 tunc
1575 4671 1869 4739 primatum
1902 4681 1979 4726 te-

2090 4677 2185 4729 τῶν
2232 4678 2324 4729 ἐπὶ
2351 4675 2454 4744 γῆς
2500 4674 2621 4726 τότε
2680 4672 2939 4742 βασιλέων
2990 4669 3215 4741 Περσῶν
3272 4670 3340 4722 τὰ
3384 4669 3653 4738 πρεσϐεῖα

409 4751 689 4817 nentihus,
722 4755 1053 4810 conveniens
1086 4767 1224 4819 erat,
1254 4769 1333 4823 ut,
1364 4761 1455 4827 qui
1488 4776 1550 4815 ea
1590 4771 1750 4816 mtate
1786 4763 1978 4829 praeei-

2090 4766 2334 4835 ὲχόντων,
2371 4764 2477 4817 ἔδει
2502 4767 2613 4826 τοῖς
2649 4764 2710 4815 τὸ
2740 4766 3004 4832 πρωτεῖον
3050 4764 3107 4814 ἐν
3138 4763 3251 4823 τοῖς
3284 4762 3404 4812 τότε
3454 4757 3653 4830 καιροῦ

411 4839 502 4907 pui
531 4851 735 4906 essent,
768 4843 933 4898 iidem
969 4846 1145 4914 primo
1173 4858 1230 4903 et
1255 4851 1347 4903 uni
1372 4851 1697 4906 saeculorum
1744 4852 1896 4922 Regi,
1923 4855 1978 4908 in

2090 4855 2320 4926 ιαχοῦσι,
2362 4856 2441 4924 τῷ
2475 4853 2675 4926 πρώτῳ
2712 4857 2807 4908 καὶ
2844 4855 2987 4922 μόνῳ
3032 4852 3249 4905 Βασιλεῖ
3279 4852 3386 4903 τῶν
3413 4851 3649 4917 αἰώνων,

410 4940 552 4985 terra
602 4948 919 5003 conspecto,
956 4937 1198 5003 Christo,
1241 4950 1296 4995 et
1332 4941 1442 4995 Deo
1486 4953 1695 5007 nostro,
1743 4946 1978 4999 adventu

2090 4947 2169 4999 επὶ
2191 4949 2293 5013 γῆς
2313 4946 2529 5013 ὀφθέντι
2556 4945 2798 5015 Χριστῷ,
2820 4943 2937 5012 Θεῷ
2969 4943 3044 5013 τῷ
3070 4944 3246 5012 ἡμῶν,
3278 4943 3655 5011 παραγεγονό-

408 5038 509 5076 suo
537 5025 744 5078 cultum
775 5038 1126 5097 praestarent,
1170 5042 1223 5085 et
1256 5032 1397 5086 dona
1428 5034 1708 5098 offerrent,
1740 5036 1827 5099 iis,
1857 5051 1980 5104 qua:

2090 5054 2179 5099 τας
2210 5054 2269 5089 τε
2302 5038 2695 5106 προσκυνῆσαι,
2728 5037 2822 5088 καί
2850 5034 2995 5105 δῶρα
3044 5034 3290 5103 κομίσαι,
3321 5034 3387 5085 δι’
3434 5027 3509 5085 ὦν
3536 5033 3651 5102 (85)

410 5111 705 5178 faciebant,
753 5118 1090 5183 proﬁtentes,
1121 5120 1267 5190 quod
1296 5120 1415 5174 liex
1456 5122 1610 5175 modo
1636 5134 1799 5177 natus
1836 5125 1980 5190 ipso-

2090 5128 2346 5199 ἔπραττον
2367 5128 2824 5197 ἀνομολογοῦντας
2856 5128 2967 5197 (86)
2996 5127 3078 5179 ὃτι
3104 5129 3132 5179 6
3157 5126 3367 5195 τεχθεὶς
3390 5124 3654 5187 Βασιλεὺς

408 5216 552 5267 rum,
597 5204 690 5271 qui
748 5214 960 5261 tantum
1006 5224 1112 5262 non
1159 5212 1308 5263 omni
1350 5212 1483 5275 orbi
1527 5211 1876 5282 imperarent,
1929 5223 1983 5268 et

2090 5220 2172 5271 καὶ
2225 5220 2425 5283 αὐτῶν,
2482 5219 2589 5271 τῶν
2642 5219 2839 5289 μικροῦ
2872 5220 2970 5288 τῆς
3005 5219 3107 5287 γῆς
3138 5219 3355 5286 ἀπάσης
3386 5216 3655 5286 κρατούν-

410 5295 665 5363 gentibus
711 5301 968 5355 onmibus
1018 5305 1336 5372 superiores
1378 5315 1582 5374 essent,
1630 5304 1828 5369 Herus,
1880 5302 1985 5358 Do-

2090 5329 2198 5377 ξων,
2236 5313 2329 5364 καὶ
2372 5312 2515 5365 κατὰ
2558 5311 2776 5365 πάντων
2810 5313 2869 5364 τὸ
2926 5313 3195 5381 πρωτεῖον
3247 5310 3506 5380 ἐχόντων,
3550 5312 3652 5361 Δε-

482 5415 526 5447 ³³
558 5414 663 5471 Isa.
691 5434 778 5483 ιχ,
809 5420 861 5475 6.

1920 5525 2152 5582 ΝΟΤιΕ.

490 5625 601 5697 (83)
636 5626 724 5683 Sic
753 5629 935 5685 scribo
961 5646 1079 5701 pro,
1114 5632 1181 5684 δι’
1214 5634 1292 5686 ὃν.

2136 5637 2247 5711 (86)
2275 5640 2442 5696 Coisl.
2478 5642 2613 5698 male
2641 5640 3125 5713 ἀνομολογοῦντας.
