3930 6218
262 217 393 281 1Ξ49

1039 210 1140 270 ΑΙ)
1173 195 1770 267 AMPHILOCHIUM
1797 193 2144 266 QUIESTIO
2174 195 2371 271 CCCV,
2408 195 2640 256 CCCVI.

3383 188 3521 256 1150

257 331 457 396 σπότης
484 326 580 380 καὶ
611 324 818 398 Κύριος
863 321 958 376 καὶ⁸
995 321 1261 384 Βασιλεὺς
1291 316 1640 390 χρηματίζει,
1677 326 1846 382 προσ-

1961 309 2133 366 minus
2157 319 2210 366 et
2245 308 2360 362 ltex
2407 309 2805 378 appellaretur,
2853 312 3116 375 tanquam
3163 303 3425 360 adoratus
3452 309 3523 360 ah

252 420 584 492 κυνούμενός
612 435 674 472 τε
719 418 812 472 ὑπ’
841 414 1022 470 αὐτῶν
1057 414 1154 467 καὶ
1178 410 1656 485 δορυφορούμενος
1699 408 1837 480 (87).

255 515 316 567 Εί
364 515 409 568 δ’
457 515 540 567 ὃτι
585 512 797 566 ἐκεῖθεν
853 508 1152 578 ἐτύγχανεν
1209 509 1304 561 καὶ
1358 505 1612 577 Ἀϐραὰμ
1652 503 1682 555 6
1733 519 1845 555 πα-

252 608 520 678 τριάρχης
597 608 686 677 (ἐκ
757 603 1042 658 Χαλδαίων
1113 599 1225 671 γὰρ
1279 603 1385 670 γῆς
1455 598 1673 670 πρῶτος
1738 597 1842 650 ἀπο

256 715 394 770 αρας
439 695 770 766 θεογνωσίαν
811 691 1120 765 ἐκήρυξεν),
1148 689 1239 744 διὰ
1279 689 1439 743 τοῦτο
1464 689 1559 742 καὶ
1589 683 1735 741 οὗτοι
1763 685 1844 746 εἰς

258 791 630 861 προσκύνησιν
703 787 797 840 τοῦ
883 786 1138 856 Σωτῆρος
1184 781 1395 854 πρῶτοι
1475 781 1584 832 τῶν
1667 775 1844 832 ἄλλων

257 883 467 937 ἐκεῖθεν
495 880 825 952 ἐκινήθησαν
855 877 1289 950 παραγενέσθαι,
1320 874 1532 946 τρανῶς
1559 869 1846 925 διασαλπι·

259 978 458 1048 εούσης
496 977 593 1044 τῆς
631 974 888 1044 τοιαύτης
915 971 1249 1041 οἰκονομίας,
1269 970 1349 1022 ὅτι
1378 969 1406 1020 6
1449 965 1611 1028 αὑτός
1645 965 1792 1017 ἐστιν
1817 963 1847 1016 6

259 1071 354 1124 atat
398 1069 519 1124 τότε
556 1069 652 1122 καὶ
681 1067 777 1121 νῦν
810 1051 1074 1135 ἐνεργῶν,
1118 1063 1242 1116 τότε
1296 1061 1398 1132 μέν
1438 1059 1714 1123 τυπικῶς,
1751 1054 1848 1111 νῦν

259 1163 314 1216 δέ
339 1163 521 1226 αὐτοῖς
544 1161 836 1232 πράγμασι
866 1159 960 1212 καὶ
989 1155 1219 1228 ἀληθείᾳ
1241 1171 1255 1184 ο
1286 1152 1408 1208 οὐδέ
1447 1150 1604 1206 τοῦτο
1657 1151 1722 1204 ἂν
1761 1149 1846 1220 εἴη

260 1257 357 1326 τῆς
386 1255 554 1328 ὀρθῆς
576 1231 796 1308 ἄπωθεν
822 1251 1083 1314 διανοίας.
1127 1251 1256 1302 Νόει
1284 1247 1339 1301 δέ
1372 1264 1464 1318 μοι
1487 1231 1754 1300 ⁴κάκεῖνο·
1786 1242 1850 1295 Οί

261 1349 565 1419 Ἀσσυρίων
623 1336 874 1418 βασιλεῖς
907 1345 1008 1414 τήν
1057 1360 1116 1396 τε
1167 1339 1525 1415 Ἰερουσαλὴμ
1592 1337 1852 1400 πολλάκις

263 1441 608 1513 ἐπόρθησαν,
664 1439 761 1492 καὶ
827 1439 896 1492 τὰ
963 1438 1020 1492 ἐν
1088 1435 1166 1506 τῷ
1220 1434 1350 1506 θείῳ
1417 1433 1524 1505 νεῷ
1592 1431 1853 1501 κειμήλια

266 1534 637 1602 ἅπεσύλησαν.
688 1531 798 1586 Καὶ
869 1529 1031 1583 αὑτὸν
1079 1527 1191 1581 ἐσθ’
1239 1529 1329 1581 ὅτε
1374 1527 1466 1580 τὸν
1511 1526 1656 1580 ναὸνκ
1684 1524 1852 1596 πυρὸς

265 1627 426 1694 ἔργον
459 1625 861 1693 ἀποφήναντες.
923 1621 1036 1675 Καὶ
1095 1622 1197 1674 ὅσα
1251 1619 1390 1672 ἄλλα
1431 1620 1464 1689 ἡ
1505 1616 1636 1687 περὶ
1683 1614 1855 1668 ταῦτα
1883 1660 1929 1719 Β

270 1715 479 1787 ἱστορία
533 1713 806 1778 διέξεισιν.
875 1711 939 1765 Ἦ
980 1712 1038 1766 δὲ
1081 1711 1192 1764 τῶν
1226 1709 1532 1779 Ἀσσυρίων
1573 1705 1720 1778 ἀρχὴ
1771 1707 1852 1770 είς

267 1809 486 1879 Πέρσας
518 1806 809 1877 μετέπεσε,
853 1806 947 1858 καὶ⁸
975 1804 1068 1858 τὸν
1093 1803 1324 1866 ἐκείνοις
1347 1801 1580 1855 πλοῦτον
1610 1800 1848 1864 ἅπαντα,

266 1899 388 1961 ὅσος
412 1899 524 1968 (88)
551 1915 609 1950 τε
632 1898 690 1949 ἐν
717 1897 1003 1966 λαφύροις,
1027 1897 1122 1950 καὶ
1144 1896 1268 1957 ὅσος
1297 1895 1356 1946 ἐν
1384 1895 1645 1963 ὑπηκόων
1666 1893 1854 1961 φόροις

267 1994 349 2053 είς
377 1991 619 2054 ἐκείνους
644 1990 1110 2060 συμμετέστησεν.
1151 1988 1309 2056 ’Λγει
1337 1986 1517 2040 τοίνυν
1534 1987 1562 2037 6
1579 1985 1712 2047 Θεὸς
1727 1987 1855 2049 τοὺς

269 2083 484 2154 Πέρσας
519 2082 599 2144 είς
633 2078 1006 2151 προσκύνησιν
1043 2077 1137 2132 τοῦ
1174 2077 1438 2148 βασιλέως
1464 2076 1559 2130 τοῦ
1614 2076 1850 2148 Ἰσραὴλ,

267 2176 324 2239 ὅς
374 2177 489 2228 ἐστι
537 2174 774 2245 Χριστὸς
819 2175 846 2226 ὁ
904 2170 1036 2234 Θεὸς
1085 2172 1266 2243 ἡμῶν,
1319 2165 1472 2239 ᾧτινι
1511 2172 1608 2225 καὶ
1670 2172 1852 2224 ἀνεῖτο

274 2264 373 2316 ιιέν
427 2266 484 2317 ἐν
544 2262 942 2333 Ἰεροσολύμοις
970 2261 1126 2324 νεὼς,
1173 2263 1505 2331 ἀνεφέροντο
1563 2260 1623 2313 δὲ
1662 2260 1758 2314 καὶ
1799 2262 1854 2314 αἱ

272 2355 455 2409 θυσίαι
474 2355 608 2424 (89),
644 2356 736 2407 καὶ
764 2354 1019 2424 τρέχουσι
1042 2353 1293 2424 δρομέως
1316 2393 1331 2416 ,
1355 2354 1449 2407 καὶ
1478 2353 1856 2424 προσφέρουσι

271 2447 394 2500 ἀντὶ
429 2446 524 2516 μὲν
543 2447 642 2514 τῆς
669 2447 819 2515 παρὰ
842 2446 949 2498 τῶν
980 2445 1232 2515 πατέρων
1265 2445 1447 2499 αὐτῶν
1477 2445 1857 2514 γεγενημένης

272 2540 353 2601 εἰς
384 2537 456 2594 τὰ
487 2537 610 2607 ἱερὰ
651 2535 742 2588 τοῦ
785 2535 920 2588 Θεοῦ
976 2537 1200 2606 ἀτιμίας
1233 2536 1419 2608 τιμὴν,
1475 2537 1596 2589 ἀντὶ
1641 2536 1698 2589 δὲ
1747 2535 1857 2591 τῶν

267 2627 595 2698 δυσφημιῶν
655 2625 967 2695 θεολογίαν,
1028 2629 1124 2680 καὶ
1176 2628 1548 2698 προσκύνησιν
1587 2629 1708 2681 ἀντὶ
1755 2628 1859 2698 τῆς

270 2719 440 2790 ἄλλης
480 2719 790 2790 παροινίας,
813 2718 934 2772 ἀντὶ
959 2719 1016 2772 δὲ
1043 2718 1148 2772 τῶν
1171 2719 1667 2790 συλαγωγηθέντων
1688 2718 1857 2791 δῶρα’

271 2813 370 2882 τῆς
404 2811 735 2882 προγονικῆς
775 2810 964 2882 ὥσπερ
1016 2811 1593 2882 ὑπεραπολογούμενοι
1631 2811 1857 2882 τόλμης,

273 2905 371 2956 καὶ
402 2903 500 2973 τὴν
542 2902 875 2973 συγγνώμην
909 2901 1141 2964 ἐκείνοις
1181 2901 1268 2956 διὰ
1304 2903 1403 2972 τῆς
1448 2903 1655 2968 οἰκείας
1697 2905 1861 2956 ἐκκα-

1941 403 2076 466 illis,
2123 408 2180 457 et
2220 401 2482 457 satellitio
2525 400 2677 469 regio
2731 399 2991 469 stipatus.
3037 399 3308 464 Quoniam
3358 413 3525 467 porro

1942 498 2069 554 inde
2117 496 2468 551 Abrahamus
2513 494 2821 564 patriarcha
2889 493 3157 548 oriundus
3205 493 3370 547 etiam
3424 491 3529 546 fuit

1947 592 2036 662 (is
2077 591 2252 654 enim,
2299 605 2366 643 ex
2398 587 2781 642 Chaldaeorum
2829 587 3056 657 regione
3112 585 3354 654 primum
3395 583 3556 650 pro?

1943 683 2143 746 fectus,
2186 680 2353 735 divini
2380 679 2637 744 Numinis
2683 677 3052 748 cognitionem
3081 675 3296 745 publice
3342 675 3526 744 ursit),

1944 782 2231 846 propterea
2260 780 2315 826 et
2346 773 2426 826 illi
2461 769 2624 840 primi
2654 770 2898 824 omnium
2927 767 3151 824 excitati
3181 778 3328 832 sunt,
3371 776 3431 821 ut
3461 783 3529 822 ex

1946 863 2138 920 eadem
2180 865 2401 932 regione
2455 863 2522 916 ad
2554 861 2762 915 cultum
2808 859 3083 914 Salvatori
3127 858 3526 927 praestandum,

1949 960 2288 1022 advolarent,
2340 957 2860 1027 sapientissimaque
2904 956 3021 1009 haec
3060 969 3249 1009 rerum
3293 953 3528 1007 direcxio

1948 1053 2236 1124 perspicue
2275 1049 2607 1122 signiﬁcaret
2639 1047 2891 1102 eumdem
2924 1062 3064 1110 esse,
3121 1047 3216 1117 qui
3248 1056 3301 1100 et
3327 1055 3455 1099 tunc
3479 1057 3532 1098 et

1952 1160 2099 1200 nunc
2127 1153 2469 1214 operaretur,
2499 1149 2631 1195 tunc
2662 1139 2886 1215 quidem
2919 1139 2971 1192 in
3012 1139 3174 1210 typis,
3217 1153 3365 1192 nunc
3405 1151 3534 1190 vero

1951 1253 2010 1292 re
2057 1237 2174 1306 ipsa
2209 1243 2263 1289 et
2297 1250 2480 1304 opere.
2513 1232 2571 1287 Si
2619 1233 2743 1302 quis
2792 1232 2865 1286 ita
2902 1241 3128 1295 statuat,
3187 1245 3290 1286 nec
3329 1230 3475 1284 hunc
3503 1243 3535 1282 a

1952 1340 2104 1385 recto
2125 1327 2334 1399 judicio
2366 1325 2673 1398 putaverim
2704 1329 2982 1381 aberrare.
3007 1321 3129 1377 Jam
3178 1337 3310 1376 vero
3341 1331 3395 1376 et
3431 1321 3537 1376 hoc

1954 1421 2126 1476 velim
2183 1420 2484 1490 expendas.
2535 1417 2891 1488 Assyriorum
2945 1430 3100 1485 reges
3159 1413 3538 1484 Hierosolyma

1957 1530 2100 1586 saape
2133 1519 2544 1584 expugnarunt,
2584 1510 2904 1580 templique,
2945 1507 3057 1564 Deo
3103 1507 3268 1570 sacri,
3320 1505 3539 1560 cimelia

1959 1607 2322 1671 abstulerunt,
2348 1607 2527 1676 ipsum
2550 1603 2822 1659 interdum
2848 1600 3110 1670 templum
3137 1599 3277 1670 ignis
3299 1598 3540 1668 prmdam

1957 1701 2241 1760 facientes.
2278 1708 2339 1752 ut
2370 1698 2526 1768 plura
2550 1697 2655 1751 alia
2679 1705 2914 1760 taceam,
2941 1708 3064 1763 quae
3097 1693 3168 1748 de
3201 1693 3285 1747 his
3308 1691 3538 1744 historia

1957 1793 2142 1848 tradit.
2198 1792 2396 1847 Postea
2452 1790 2808 1861 Assyriorum
2868 1785 3160 1856 imperium
3213 1783 3281 1838 ad
3340 1781 3539 1837 Persas

1957 1885 2230 1956 pervenit,
2257 1899 2563 1953 omnesque
2587 1897 2780 1937 eorum
2809 1895 2964 1950 opes,
2984 1892 3108 1944 quae
3129 1875 3214 1932 vel
3243 1877 3297 1930 in
3324 1875 3538 1946 spoliis,

1955 1981 2042 2036 vel
2089 1981 2144 2034 in
2200 1980 2576 2049 subjectorum
2625 1975 2847 2031 tributis
2899 1974 3088 2044 positae
3128 1979 3306 2034 erant,
3347 1971 3414 2026 ad
3443 1983 3541 2023 eos

1960 2074 2459 2130 transferebantur.
2522 2072 2666 2130 Deus
2713 2071 2896 2138 itaque
2955 2067 3154 2122 Persas
3211 2063 3415 2124 excitat
3471 2061 3541 2115 ad

1959 2169 2336 2224 adorationem
2373 2164 2537 2235 Regis
2564 2163 2806 2226 Israelis,
2837 2159 2931 2230 qui
2961 2169 3047 2215 est
3073 2156 3360 2218 Christus,
3396 2153 3542 2208 Deus

1960 2271 2168 2325 noster,
2197 2261 2285 2314 cui
2317 2267 2372 2316 et
2400 2257 2664 2326 templum
2706 2254 3099 2325 Hierosolymis
3131 2258 3374 2306 erectum
3401 2257 3540 2311 erat,

1958 2366 2013 2411 et
2039 2353 2312 2412 sacriﬁcia
2345 2351 2738 2407 offerebantur.
2768 2349 2850 2403 Illi
2892 2347 3061 2402 citato
3097 2360 3264 2400 cursu
3297 2345 3364 2398 ad
3413 2357 3542 2397 eum

1962 2447 2235 2510 feruntur,
2269 2443 2429 2512 eique
2465 2456 2566 2511 pro
2595 2440 2836 2511 probris,
2883 2454 2914 2493 a
2969 2436 3273 2507 majoribus
3325 2435 3445 2490 suis
3485 2434 3540 2486 in

1962 2554 2118 2596 sacra
2150 2535 2438 2607 conjectis,
2500 2537 2786 2598 honorem,
2823 2547 2922 2602 pro
2959 2529 3178 2600 injuriis
3229 2526 3375 2591 fidei,
3419 2534 3545 2580 tan-

1961 2647 2126 2702 quam
2185 2631 2238 2684 in
2283 2628 2480 2695 Deum,
2523 2626 2960 2700 professionem,
3005 2636 3106 2692 pro
3147 2619 3370 2690 ﬂagitiis
3419 2617 3543 2672 aliis

1963 2722 2196 2785 cultum,
2229 2734 2327 2788 pro
2354 2717 2542 2788 spoliis
2583 2715 2714 2772 olim
2750 2713 2914 2770 factis
2959 2703 3100 2766 dona
3133 2707 3391 2775 offerunt,
3439 2708 3546 2763 hoc

1964 2813 2129 2869 modo
2175 2812 2335 2884 quasi
2381 2812 2583 2868 avitam
2637 2809 3000 2866 temeritatem
3044 2805 3384 2872 excusaturi,
3451 2818 3547 2858 ve-

1967 2908 2225 2975 niamque
2262 2905 2369 2960 illis
2423 2903 2663 2973 propriis
2714 2901 2830 2958 suis
2873 2900 3124 2956 moribus
3167 2897 3543 2969 procuraturi.

274 2996 529 3065 λούμενοι
575 2994 849 3064 πράξεως.
915 2995 1027 3048 Καὶ
1083 2995 1454 3066 προσφέρουσι
1505 2995 1606 3066 μὲν
1661 2995 1862 3066 χρυσὸν

1969 2999 2032 3054 Et
2055 3016 2253 3054 aurum
2283 2998 2504 3068 quidem
2533 2996 2774 3052 offerunt
2797 3012 2896 3066 pro
2923 3010 3059 3050 auro
3088 2995 3184 3050 illo
3214 3003 3269 3047 et
3289 2993 3544 3057 cimeliis,

275 3085 401 3139 ἀντὶ
425 3084 518 3138 τοῦ
548 3083 753 3156 χρυσοῦ
789 3085 884 3138 καὶ
909 3084 1017 3138 τῶν
1060 3084 1226 3156 ἱερῶν
1257 3084 1560 3156 κειμηλίων
1582 3127 1597 3151 ,
1628 3079 1704 3140 ὧν
1733 3085 1858 3138 ἐσύο

274 3179 447 3248 λησαν
473 3194 486 3208 ο
504 3177 717 3230 λίϐανον
733 3177 789 3230 δὲ
815 3177 936 3231 ἀντὶ
955 3177 1064 3231 τῶν
1097 3177 1317 3242 θυσιῶν,
1347 3178 1413 3242 ἃς
1441 3177 1744 3245 ἐκώλυσαν,
1765 3181 1862 3234 καὶ

279 3270 530 3340 σμύρναν
563 3269 656 3321 ἐπὶ¹
679 3270 805 3330 τοὺς
830 3268 978 3333 ἅπαξ
1008 3268 1100 3321 ὑπ’
1121 3269 1300 3322 αὐτῶν
1321 3271 1699 3342 ἀνῃρημένους
1722 3271 1856 3343 (90),

278 3359 447 3412 πάλαι
481 3359 620 3410 κατα
663 3359 763 3428 τὴν
809 3359 1130 3427 πολιορκίαν
1164 3360 1290 3431 ἐνῆν
1332 3362 1513 3424 αὐτοῖς
1555 3363 1860 3434 ἀναστῆσαι

276 3449 376 3502 καὶ
433 3450 812 3519 παραστῆσαι,
871 3450 1059 3520 ὥσπερ
1106 3450 1270 3522 τιμὴν
1333 3453 1562 3515 ἐκείνοις
1608 3455 1718 3525 (91)
1763 3454 1860 3526 τὴν

280 3539 528 3612 σμύρναν
555 3539 895 3610 κομίζοντες,
929 3542 1068 3610 τάχα
1089 3541 1144 3594 δέ
1171 3543 1266 3595 καὶ
1298 3544 1395 3615 τὴν
1421 3545 1648 3617 γνώμην
1681 3546 1860 3601 αὐτῶν

277 3631 704 3701 ἐνδεικνύμενοι.
773 3633 862 3695 Ὠς
911 3634 1039 3702 τόγε
1089 3635 1175 3688 ἐπ’
1236 3636 1426 3700 αὑταῖς
1476 3641 1571 3692 καὶ
1617 3639 1708 3693 τὸν
1764 3659 1862 3693 κα-

273 3727 666 3796 ταστραφέντα
735 3725 896 3791 ναὸν,
954 3728 1049 3780 καὶ
1115 3728 1212 3800 τὴν
1275 3730 1428 3783 πόλιν
1504 3732 1863 3806 Ἰερουσαλὴμ

277 3817 495 3888 αἱρετὸν
571 3816 680 3887 (92)
717 3812 784 3888 ῆν
824 3819 1154 3874 ἀνανεώσαι.
1227 3822 1337 3874 Καὶ
1415 3821 1524 3894 γὰρ
1560 3825 1593 3893 ἡ
1644 3823 1862 3896 σμύρνα

281 3908 608 3977 συσφίγγειν
655 3909 846 3962 εἴωθεν
902 3910 971 3962 τὰ
1016 3911 1282 3965 διεστῶτα
1325 3916 1418 3966 καὶ
1463 3915 1860 3986 διεσπασμένα.

276 4002 392 4056 Καὶ
420 4001 528 4072 γὰρ
555 4003 602 4054 εἰ
624 4005 719 4054 καὶ
749 4003 842 4055 ἐπὶ
877 4003 1107 4072 Ἕσδρᾳ
1144 4005 1255 4076 (95)
1289 4024 1348 4059 τε
1379 4008 1474 4060 καὶ
1529 4010 1862 4077 Ζοροϐάϐελ

279 4094 555 4164 ἀνηνέχθη
588 4093 710 4147 τινὰ
747 4095 855 4148 τῶν
899 4095 1482 4169 λαφυραγωγηθέντων
1518 4100 1698 4172 ἱερῶν,
1745 4102 1862 4157 ἀλλ’

279 4185 378 4238 οὖν
409 4186 604 4248 ἐνδεῶς
652 4187 955 4257 ἐπράττετο
1005 4187 1199 4253 ταῦτα,
1242 4191 1383 4260 μήτε
1421 4193 1514 4245 τοῦ
1569 4194 1862 4266 Λυτρωτοῦ

280 4277 380 4330 καὶ
405 4276 662 4346 Σωτῆρος
692 4279 726 4347 ἡ
737 4279 852 4348 μῶν
889 4283 1354 4350 παραγεγονότος,
1387 4285 1524 4355 μήτε
1545 4287 1726 4340 αὐτῶν
1752 4287 1862 4342 τῶν

283 4368 793 4438 συλαγωγησάντων
829 4373 1256 4443 αὐτοπρόσωπον
1285 4376 1384 4445 τὴν
1414 4381 1732 4450 προσφορὰν
1751 4382 1860 4435 τῶν
1885 4372 1941 4433 Β

286 4461 695 4531 σεσυλημένων,
751 4462 889 4514 ἀλλὰ
945 4464 1013 4516 δι’
1070 4466 1274 4535 ἐτέρων
1327 4470 1687 4540 ποιουμένων.
1725 4475 1867 4545 Προ-

286 4553 517 4623 μήνυμα
545 4553 593 4607 δ’
616 4553 682 4607 ἂν
707 4555 791 4625 εἴη
819 4557 913 4608 καὶ
944 4559 977 4627 ἡ
1013 4558 1240 4628 Περσῶν
1283 4561 1478 4632 πρώτη
1530 4565 1733 4632 ἄφιξις,
1785 4569 1868 4620 ὅτι

281 4645 505 4716 πρῶτον
537 4646 586 4698 oi
617 4645 678 4711 ἐξ
702 4647 897 4711 ἐθνῶν,
931 4649 1076 4720 ἥπερ
1096 4649 1210 4720 (94)
1242 4652 1521 4724 ὁἸσραὴλ,
1552 4657 1643 4710 τὸν
1670 4659 1868 4712 οἰκεῖον

271 4736 678 4805 -ἐπιγνώσονται
736 4738 1036 4810 Δεσπότην.
1097 4741 1220 4794 Εὶδέ
1275 4760 1362 4809 τις
1417 4744 1592 4801 ἐθέλοι
1655 4749 1750 4802 καὶ
1799 4749 1870 4804 τὰ

1965 3105 2090 3160 quae
2129 3104 2225 3158 per
2251 3088 2500 3157 rapinam
2537 3087 2667 3140 olim
2705 3085 3080 3150 abstulerant;
3125 3083 3248 3138 thus
3287 3098 3418 3137 vero
3449 3099 3548 3152 pro

1967 3179 2275 3243 sacriﬁciis,
2301 3193 2423 3248 quae
2443 3177 2560 3232 fieri
2583 3185 2868 3231 vetuerant
2891 3195 2904 3242 ;
2925 3187 2977 3230 et
3004 3176 3280 3245 myrrham
3309 3173 3549 3244 denique

1965 3283 2066 3340 pro
2102 3268 2232 3330 illis,
2267 3268 2358 3335 qui
2390 3266 2458 3322 ab
2509 3265 2644 3335 ipsis
2674 3275 2831 3319 erant
2876 3263 3158 3329 trucidati,
3205 3277 3459 3332 quosque
3493 3262 3548 3315 iu

1967 3362 2350 3432 frequentibus
2379 3359 2498 3414 suis
2536 3357 2939 3422 obsidionibus,
2969 3356 3212 3410 excitare
3239 3363 3294 3408 et
3324 3355 3379 3408 in
3409 3355 3550 3408 inte-

1965 3473 2121 3527 grum
2153 3456 2445 3510 restituere
2477 3453 2824 3523 potuissent;
2861 3451 2946 3505 his
2996 3449 3142 3505 enim
3179 3449 3400 3520 myrrha
3430 3449 3550 3504 cul-

1967 3563 2082 3607 tum
2111 3550 2273 3621 quasi
2301 3564 2462 3604 suum
2511 3556 2566 3602 et
2595 3547 2836 3602 studium
2863 3545 3054 3600 testari
3104 3553 3381 3613 poterant.
3411 3541 3547 3597 For-

1969 3653 2116 3696 tasse
2137 3657 2268 3695 vero
2289 3640 2453 3694 etiam
2483 3653 2578 3707 per
2602 3635 2879 3706 myrrham
2912 3635 3080 3688 animi
3108 3635 3192 3690 sui
3220 3635 3548 3690 sententiam

1967 3735 2251 3790 declarare
2301 3732 2618 3790 voluerunt,
2672 3727 2821 3797 quod
2867 3728 3079 3784 scilicet
3109 3743 3206 3796 pro
3256 3727 3400 3780 virili
3449 3743 3549 3782 sua

1967 3838 2127 3898 parte
2157 3826 2424 3896 templum
2456 3824 2585 3878 olim
2618 3837 2872 3877 eversum
2922 3830 2978 3876 et
3013 3800 3204 3876 urbem
3235 3819 3546 3876 Jerusalem

1970 3921 2285 3974 instaurare
2318 3918 2551 3972 libenter
2589 3916 2815 3971 vellent.
2847 3913 3064 3983 Myrrha
3093 3914 3240 3968 enim
3292 3929 3377 3978 ea,
3426 3931 3549 3984 qua:

1967 4014 2228 4068 distracta
2256 4019 2312 4065 et
2348 4008 2652 4066 disturbata
2680 4018 2833 4071 sunt,
2867 4006 3249 4077 constringere
3275 4013 3331 4059 et
3372 4005 3550 4059 conti-

1967 4124 2101 4162 nere
2125 4107 2294 4162 solet.
2331 4104 2594 4172 Quamvis
2621 4103 2768 4158 enim
2799 4102 2902 4156 sub
2934 4099 3112 4154 Esdra
3139 4109 3194 4154 et
3223 4098 3547 4153 Zorobabele

1967 4200 2258 4266 nonnulla,
2314 4213 2438 4268 quae
2489 4213 2558 4253 ex
2617 4197 2796 4252 sacris
2847 4197 2900 4249 in
2953 4193 3189 4263 praadam
3242 4203 3546 4255 cesserant,

1967 4293 2318 4358 olferrentur,
2349 4300 2513 4346 tenue
2555 4299 2739 4344 tamen
2772 4288 2902 4341 illud
2937 4301 3101 4341 omne
3146 4298 3201 4340 et
3244 4286 3360 4339 leve
3407 4293 3544 4347 erat,

1969 4404 2095 4444 cum
2127 4403 2229 4442 nec
2258 4386 2544 4441 Liberator
2583 4392 2637 4438 et
2665 4384 2924 4436 Servator
2968 4390 3158 4435 noster
3207 4379 3543 4444 advenisset,

1969 4495 2072 4536 nec
2096 4479 2196 4541 illi,
2229 4477 2323 4547 qui
2364 4474 2603 4545 praedam
2632 4473 2902 4536 fecerant,
2937 4471 3114 4540 spolia
3163 4469 3256 4522 illa
3292 4469 3416 4537 ipsi,
3449 4469 3544 4522 sed

1969 4588 2065 4643 per
2110 4571 2271 4632 alios,
2323 4567 2605 4621 offerrent.
2659 4565 2830 4619 Porro
2877 4561 3016 4616 idem
3074 4560 3366 4614 Persarum
3419 4569 3546 4612 ante

1971 4673 2202 4718 caeteros
2230 4660 2500 4714 adventus
2527 4653 3004 4726 praesignificabat,
3045 4650 3275 4720 gentiles
3310 4649 3540 4719 priores.

1969 4771 2138 4827 quam
2175 4751 2418 4818 Judaaos,
2451 4749 2744 4806 Dominum
2776 4762 2938 4803 suum
2981 4745 3264 4815 agnituros
3306 4755 3457 4822 esse.
3487 4739 3543 4795 Si

1820 4930 2053 4991 NOTAE.

356 5132 469 5206 (87)
498 5131 663 5188 Coisl.
693 5131 1204 5206 δωρυφορούμενος.
1227 5131 1545 5206 Legendum
1562 5135 1744 5190 videri
1772 5149 1870 5204 po-

278 5203 428 5262 terat
446 5205 754 5275 δωροφορού
765 5220 947 5272 μενος,
972 5203 1132 5275 quasi
1148 5203 1450 5257 muneribus
1472 5203 1866 5260 colwnestutus.

283 5273 680 5332 Praestat'vero
715 5285 964 5327 nostrum
1006 5273 1160 5335 illud,
1209 5288 1318 5340 quo
1360 5282 1412 5327 et
1447 5275 1673 5331 Photius
1707 5278 1867 5342 alias,

283 5360 341 5404 et
382 5347 690 5414 Scriptores
719 5344 1037 5413 frequenler
1067 5354 1316 5408 utuntur,
1353 5345 1443 5414 ubi
1492 5349 1559 5399 de
1607 5348 1871 5400 satellitio

284 5421 442 5487 regio
491 5413 826 5487 sermo_est.
884 5414 1012 5468 Vide
1058 5430 1180 5487 qua:
1227 5415 1295 5468 de
1314 5413 1667 5487 __6Opwpépm;
1714 5417 1873 5470 ail‘ert

284 5482 511 5543 Eilisius
572 5486 624 5538 in
671 5482 932 5538 Fortuitis
985 5486 1155 5538 sacris
1208 5500 1262 5554 [ι.
1310 5482 1590 5540 5οζεῐιίὲ
1643 5486 1870 5554 δορυφο-

284 5559 480 5684 ροὖῖρῶ
511 5556 706 5610 Ezeeh.
782 5555 1148 5625 Spanhcmius
1220 5555 1288 5609 ad
1355 5555 1590 5612 Cwsares
1658 5555 1868 5610 Iuliani

284 5649 340 5684 υ.
451 5667 502 5681 ..
1477 5659 1486 5670 ,

282 5649 340 5702 p.
376 5649 502 5684 om.

360 5699 474 5771 (88)
516 5697 592 5754 lla
608 5696 758 5754 Colb.
790 5712 888 5768 pro
921 5696 1081 5751 Ὅσα.

2042 5135 2157 5205 (89)
2183 5133 2356 5188 Coisl.
2399 5131 2541 5186 male
2569 5130 2844 5205 ᾁνθυσίαι.

2044 5191 2159 5278 (90)
2184 5205 2313 5278 Post
2352 5203 2896 5278 avnpqgévoucputo
2928 5213 3024 5267 per
3065 5195 3384 5278 afﬁnitatem
3433 5191 3543 5261 syl-

1967 5264 2107 5332 labae
2140 5264 2355 5330 ultima:
2395 5264 2664 5328 eicidisse
2712 5264 2807 5335 οὓς
2862 5264 3134 5340 frequenti
3196 5264 3544 5320 librariorum

1969 5363 2202 5402 lﬂClll‘la.

2043 5419 2154 5488 (91)
2197 5415 2275 5488 Ita
2311 5413 2494 5488 scribo
2525 5428 2625 5482 pro
2646 5412 2908 5488 ἐκείνρυς.

2044 5482 2154 5557 (92)
2197 5487 2290 5557 Sic
2326 5485 2484 5538 Colb.
2514 5499 2614 5557 pro
2641 5482 2876 5552 ἀρετῶν.

2048 5553 2157 5628 (95)
2193 5556 2340 5628 idem
2375 5570 2474 5628 pro
2515 5553 2702 5628 ’Ἐδρσιἒ

2047 5624 2157 5699 (94)
2199 5627 2290 5683 Sic
2313 5625 2497 5685 scribo
2523 5640 2620 5695 pro
2655 5624 2835 5692 εἴπερ.
