3930 6218
396 173 539 249 1151

1526 165 1795 230 ΡΗΟΤΙῙ
1834 160 2344 227 PATRIARCH/E
2375 160 2486 222 (ΞΡ.

3532 154 3682 219 1152

393 286 524 358 quis
550 283 795 355 denique
819 282 887 339 de
918 279 1121 337 oblatis
1151 278 1263 337 illis
1292 285 1538 335 statuere
1565 275 1744 342 malit,
1779 288 1979 329 aurum

2104 268 2565 342 προσκομισθέντα
2618 266 2771 336 δῶρα
2820 263 2914 319 τὸν
2967 263 3067 335 μὲν
3117 262 3319 334 χρυσὸν
3350 261 3425 326 ὡς
3456 262 3685 317 Βασιλεῖ

393 378 617 449 quidem
668 373 916 437 Christo,
968 380 1032 427 ut
1075 371 1212 443 Regi
1260 370 1427 442 hujus
1470 368 1757 432 universi,
1808 366 1990 421 instar

402 468 620 536 tributi,
670 476 726 524 et
759 468 814 523 in
853 466 1181 523 obedientiae
1225 472 1638 533 argumentum,
1666 460 1795 517 thus
1829 472 1984 524 vero,

400 571 464 618 ut
490 561 624 627 Deo,
660 559 942 633 myrrham
990 559 1251 629 denique,
1283 565 1344 611 ut
1393 554 1508 616 tali,
1552 553 1646 624 qui
1680 566 1782 623 pro
1828 549 1988 605 nobis

397 652 707 707 moriturus
738 650 828 717 sit,
853 650 1036 703 oblata
1062 663 1219 715 esse;
1247 646 1300 700 id
1330 658 1551 716 quoque
1581 657 1693 698 non
1723 642 1987 697 inconve-

399 744 621 800 nienter
648 743 812 798 modo
844 742 1008 796 dictis
1028 739 1185 810 jungi
1219 738 1413 807 possit.

562 834 899 903 QUESTIO
939 832 1166 889 CCCVH
1207 830 1400 904 [CoisL
1442 829 1611 884 Taur.
1649 824 1843 897 CXX].

396 930 509 985 Cur
541 931 782 1000 praecipit
828 927 1062 1000 Herodes
1100 924 1314 1000 Magis,
1384 923 1475 1000 qui
1518 918 1990 1000 Salvatoremono-

470 988 641 1056 str'um
676 988 947 1055 Christum
991 988 1271 1069 adoraturi
1311 988 1637 1069 veriieban_t_:
1675 1006 1694 1040 ι
1724 988 1989 1069 ιιιᾳιιὴὶιε

470 1074 774 1140 diligenter,
803 1089 820 1121 ι
841 1069 1144 1140 inquien‘s._r
1170 1067 1223 1119 in
1242 1080 1461 1134 puerum
1478 1080 1497 1129 ,'
1516 1062 1606 1115 ubi
1621 1073 1746 1140 pero
1775 1062 1990 1140 in‘vene—

468 1128 611 1205 ritis",
660 1128 955 1194 renuntiate
990 1137 1120 1191 mihi
1145 1175 1161 1203 ,
1198 1128 1257 1189 ut
1309 1143 1359 1189 et
1389 1149 1482 1205 ego
1518 1132 1727 1187 veniens
1762 1128 1986 1183 adorem

470 1229 592 1266 eum
617 1209 704 1263 ³⁸1
735 1230 755 1262 ι

2084 361 2522 434 προσενεχθῆναι
2577 358 2687 412 τῶν
2730 358 2901 422 ὅλων,
2963 356 3129 410 οίονεὶ
3190 356 3359 426 φόρον
3403 354 3531 408 τινά
3579 357 3684 409 καὶ

2085 455 2336 526 ὑπακοῆς
2387 454 2673 524 ζσημεῖον,
2727 451 2804 514 ὡς
2860 449 2982 520 Θεῷ
3029 450 3087 503 δὲ
3150 448 3245 502 τὸν
3300 447 3522 502 λίϐανον
3582 450 3684 501 καὶ

2088 546 2360 619 σμύρναν,
2395 545 2471 609 ὼς
2502 543 2571 598 δι’
2594 544 2744 614 ἡμᾶς
2777 541 3130 611 γενησομένῳ
3150 538 3367 610 νεκρῷ,
3399 537 3686 593 καὶτοῦτο

2082 640 2186 694 οὐκ
2214 638 2282 693 ἂν
2304 635 2665 709 ἀναρμόστως
2691 633 2771 705 τῷ
2804 632 3125 705 προτεθέντι
3171 629 3529 703 περιαφθείη.

2648 817 2994 872 ΕΡΩἸἩΣΙΣ
3025 818 3146 871 ΤΖ’.

2085 911 2189 967 Διὰ
2246 910 2303 965 τί
2348 909 2763 965 ἐπικελεύεται
2805 913 2838 964 ό
2880 910 3141 979 Ἡρώδης
3191 911 3317 977 τοῖς
3353 911 3444 977 είς
3496 923 3692 978 προσ-

2155 983 2426 1049 κύνησιν
2454 983 2720 1051 ἣκουσιν
2745 980 2853 1051 τοῦ
2894 980 3172 1049 Σωτῆρος
3204 981 3379 1051 ἡμῶν
3408 980 3686 1051 Χριστοῦ

2148 1052 2387 1124 μάγοις,
2420 1072 2438 1106 ι
2469 1050 2757 1124 νἈκριᾷῷς
2780 1050 3138 1124 ἐξετάσατε,
3160 1049 3388 1124 λέγων,
3408 1051 3545 1119 περὶ
3575 1049 3690 1124 τοῦ

2153 1122 2419 1185 παιδίου,
2455 1123 2612 1194 ἐπὰν
2640 1122 2708 1175 δὲ
2736 1122 2967 1194 εὕρητε,
2989 1122 3393 1193 ἀπαγγείλατέ
3417 1140 3521 1194 μοι
3540 1162 3557 1187 ,
3585 1122 3694 1174 ἵνα

2155 1195 2318 1264 κάγὼ
2340 1193 2538 1250 ἐλθὼν
2556 1193 2969 1262 προσκυνήσω
3001 1194 3163 1259 αὐτῷ
3186 1210 3205 1259 ;
3244 1212 3265 1246 ι

829 1321 1085 1372 Edilarum
1107 1320 1335 1370 aWolﬁo
1357 1314 1736 1381 quadragesima
1767 1316 1825 1379 (l.
1848 1326 1893 1363 c.
1925 1325 1978 1375 p.
1998 1306 2228 1360 697-699.
2252 1307 2478 1359 Galland.
2503 1320 2553 1371 p.
2576 1305 2687 1366 711,
2719 1305 2833 1367 712,
2864 1319 2915 1355 n.
2943 1305 3021 1367 15,
3041 1318 3092 1367 q.
3117 1305 3248 1367 120).

481 1409 539 1464 Id
572 1407 797 1478 quidem
835 1406 1143 1461 secundum
1180 1420 1405 1460 sensum
1438 1401 1729 1457 litteralem
1758 1399 1883 1454 ideo
1917 1397 1992 1453 fa-
2020 1406 2065 1462 B

399 1504 618 1567 ciebat,
665 1499 815 1572 quod
846 1499 964 1570 ipse
1007 1508 1127 1554 erat
1180 1496 1295 1552 Rex
1339 1494 1574 1561 Judaeaa,
1619 1502 1991 1565 perceptoque

404 1596 574 1666 {legis
611 1601 770 1664 partu
813 1590 1291 1657 consternabatur,
1339 1599 1503 1659 atque
1549 1587 1689 1642 adeo
1730 1600 1857 1642 eum
1901 1583 1993 1637 in-

408 1690 661 1744 terlicere
714 1686 992 1751 studebat,
1044 1685 1139 1755 qui
1192 1682 1483 1753 imperium
1540 1680 1646 1735 sibi
1699 1686 1993 1748 erepturus

406 1777 723 1832 videbatur.
762 1773 1041 1842 Quoniam
1085 1786 1216 1827 vero
1245 1787 1373 1827 eum
1409 1768 1701 1825 dilliculter
1744 1765 1994 1822 invenire

405 1880 652 1937 poterat,
690 1869 851 1924 dolos
879 1875 935 1922 et
969 1865 1219 1921 fraudem
1254 1863 1449 1919 nectit.
1498 1860 1800 1933 Propterea
1826 1860 1991 1914 etiam

408 1965 490 2018 ait
522 1979 537 2017 :
574 1981 593 2014 ι
626 1961 697 2017 Ut
728 1971 789 2018 et,
815 1976 917 2031 ego
940 1959 1169 2015 veniens
1196 1957 1423 2012 adorem
1455 1955 1632 2009 illum.
1663 1973 1683 2006 ι
1726 1951 1855 2009 llaec
1898 1966 1995 2006 ex-

409 2056 610 2126 positio
632 2070 701 2110 ex
726 2055 912 2110 verbis
938 2052 1073 2122 ipsis
1098 2050 1367 2106 nascitur.
1393 2048 1649 2103 Fortasse
1676 2062 1808 2102 vero
1826 2045 1994 2101 etiam

418 2149 626 2203 invitus
657 2148 774 2217 ipse
824 2144 1183 2216 praenuntiat,
1221 2141 1340 2196 fore
1396 2148 1458 2195 ut
1488 2156 1601 2194 non
1632 2139 1812 2195 solum
1862 2153 1996 2209 gen-

416 2242 541 2297 tiles
574 2256 672 2311 per
708 2238 928 2305 Persas,
978 2238 1072 2307 qui
1106 2235 1349 2307 primum
1384 2241 1670 2297 venerant,
1711 2230 1992 2286 Christum

408 2331 730 2390 adorarent,
772 2326 869 2382 sed
898 2332 956 2381 et
982 2322 1167 2379 Judaaa
1198 2324 1477 2388 universa,
1512 2328 1637 2391 post
1684 2319 1894 2374 cultum
1927 2320 1996 2373 ab

423 2421 532 2476 illis
560 2421 889 2491 prazstitum,
926 2432 1054 2471 eum
1086 2416 1343 2487 religiose
1375 2420 1753 2470 veneraretur.
1792 2409 1913 2476 Vel,
1947 2409 1995 2465 si

418 2516 604 2581 malis,
639 2513 952 2584 procliviori
980 2509 1145 2567 modo
1172 2511 1317 2566 ratio
1342 2510 1519 2581 typica
1548 2506 1764 2563 ostendi
1797 2504 1995 2577 possit.

414 2608 661 2664 Herodes
692 2609 837 2662 enim
865 2606 981 2676 ipse
1010 2604 1150 2661 duas
1197 2604 1323 2659 illas
1363 2612 1553 2675 gentes
1598 2609 1999 2671 repraasentare

414 2711 604 2771 queat,
657 2699 751 2770 qui
797 2715 863 2754 ex
913 2698 1167 2768 gentibus
1209 2706 1367 2752 ortus
1413 2694 1619 2751 Judaeis
1669 2693 1994 2764 imperabat,

414 2802 584 2863 atque
633 2793 790 2856 adeo,
841 2789 1096 2861 quamvis
1131 2789 1358 2852 invitus,
1394 2798 1470 2853 et,
1515 2802 1637 2858 qua:
1663 2786 1830 2851 dicat,
1878 2785 1998 2856 ipse

418 2889 669 2948 nescius,
703 2885 1024 2955 prophetam
1077 2884 1210 2952 agit,
1246 2896 1655 2953 personamque
1687 2881 1858 2936 totius
1904 2894 1999 2950 ge-

418 2979 566 3035 neris
594 2978 844 3044 humani,
879 2977 1162 3047 gentilium
1194 2991 1349 3045 azque
1390 2990 1454 3031 ac
1482 2974 1821 3036 Judzeorum,
1872 2990 2002 3030 sus-

416 3070 601 3124 tinens
635 3108 651 3133 ,
716 3066 827 3121 Deo
875 3066 941 3119 ad
996 3065 1249 3119 homines
1301 3064 1618 3123 divertenti.
1677 3056 1997 3133 religiosum

416 3161 629 3217 cultum
686 3157 1058 3230 praestandum
1103 3173 1261 3224 esse,
1310 3157 1621 3229 proﬁtetur.
1674 3155 1822 3211 Nihil
1869 3170 1999 3210 vero

420 3256 622 3317 obstat,
669 3252 963 3324 quominus
1009 3252 1337 3322 prophetam
1390 3251 1572 3321 egisse
1624 3249 1993 3305 existimetur.

418 3346 686 3402 Similiter
743 3346 889 3400 enim
926 3355 979 3400 et
1017 3345 1256 3416 Caiphas
1296 3344 1583 3415 ignorabat
1629 3343 1763 3412 quid
1808 3342 2001 3413 loque-

422 3447 600 3493 retur.
630 3435 768 3492 Nam
823 3437 951 3493 dum
990 3453 1146 3493 mens
1192 3438 1312 3507 ejus
1348 3435 1649 3491 furibunda
1700 3436 1754 3490 in
1795 3436 1998 3491 eadem

420 3531 722 3597 ferebatur,
752 3531 915 3586 labiis
946 3539 1125 3585 tamen
1157 3529 1476 3584 vaticinium
1510 3529 1728 3592 edebat,
1754 3529 1945 3584 dicens
1982 3546 1997 3583 :

426 3644 447 3677 ι
487 3622 718 3679 Przestat
745 3640 914 3678 unum
965 3623 1245 3678 hominem
1279 3623 1443 3687 mori,
1475 3636 1638 3692 quam
1668 3631 1838 3677 totam
1870 3638 2002 3693 gen-

423 3728 532 3770 tem
568 3716 748 3785 perire
776 3716 842 3768 ³⁸.
878 3733 895 3765 ι
926 3713 1043 3769 Nisi
1095 3715 1241 3770 enim
1307 3713 1561 3769 Christus
1618 3713 1765 3769 Deus
1815 3723 2002 3769 noster

424 3819 657 3865 mortem
677 3808 927 3871 obiisset,
959 3822 1131 3878 genus
1160 3808 1463 3862 humanum
1496 3822 1777 3878 nunquam
1810 3807 2004 3864 fuisset

425 3899 720 3954 salvatum.
756 3897 1019 3963 Quamvis
1048 3897 1195 3952 enim
1225 3906 1458 3968 uterque
1479 3913 1673 3953 eorum
1697 3898 1845 3954 dono
1873 3914 2005 3970 pro-

422 3992 645 4061 phetico
695 4000 841 4046 esset
887 3991 1168 4060 indignus,
1218 3991 1345 4045 hinc
1393 3974 1999 4058 tameu'saccrdotalis,

2168 1392 2336 1447 Ὅσον
2392 1391 2492 1463 μὲν
2554 1390 2664 1444 ἀπὸ
2714 1388 2811 1443 τοῦ
2867 1390 3214 1461 γράμματος,
3271 1389 3362 1445 διά
3397 1388 3693 1445 τοῦτο’ὄτι

2095 1485 2358 1557 βασιλεὺς
2408 1480 2478 1557 ἦν
2525 1484 2629 1553 τῆς
2662 1482 2970 1549 Ἰουδαίας,
3032 1484 3129 1536 καὶ
3190 1482 3456 1553 βασιλέως
3525 1485 3693 1537 τόκον

2093 1578 2371 1645 ἀκούσας,
2432 1574 2709 1647 ἐταράχθη
2775 1593 2836 1630 τε
2890 1577 2985 1629 καὶ
3051 1576 3236 1647 ἐζήτει
3306 1578 3522 1632 ἀνελεῖν
3592 1579 3695 1630 τὸν

2094 1670 2449 1741 ἐλπιζόμενον
2499 1670 2813 1741 παραλῦσαι
2872 1670 2973 1741 τῆς
3010 1669 3290 1741 βασιλείας
3329 1671 3515 1727 αὐτόν.
3574 1670 3695 1725 Καὶ

2094 1765 2323 1835 ἐπείπερ
2350 1762 2450 1817 οῦκ
2502 1758 2573 1835 ἦν
2604 1764 2736 1834 ῥᾷον
2792 1763 2960 1818 αὑτὸν
3014 1764 3286 1835 ἀνευρεῖν,
3339 1764 3494 1817 δόλον
3548 1781 3695 1835 προ-

2095 1858 2351 1913 ϐάλλεται
2391 1857 2487 1910 καὶ
2520 1857 2760 1928 ἀπάτην.
2793 1858 2906 1911 Καὶ
2930 1856 3021 1911 διὰ
3049 1856 3213 1912 τοῦτό
3245 1874 3415 1930 φησιν
3443 1874 3460 1890 ο
3510 1877 3530 1909 ι
3569 1860 3695 1911 Ἰνα

2094 1948 2252 2019 κάγὼ
2284 1950 2458 2005 ἐλθὼν
2500 1957 2869 2026 προσκυνήσω
2896 1953 3069 2026 αὐτῷ.
3118 1973 3139 2006 ι
3183 1954 3326 2008 Ἀλλ’
3350 1954 3493 2027 αῦτη
3529 1955 3631 2026 μὲν
3652 1958 3690 2027 ἠ

2094 2045 2190 2099 ἐπὶ
2234 2045 2313 2117 τῷ
2343 2047 2634 2117 γράμματι
2686 2047 3040 2117 κατανόησις.
3075 2046 3231 2117 Τάχα
3280 2046 3339 2100 δὲ
3388 2048 3485 2100 καὶ
3535 2048 3695 2101 ἄκων

2095 2138 2433 2209 προφητεύει
2466 2138 2525 2192 τὸ
2553 2138 2771 2210 μέλλον,
2793 2139 2876 2192 ὅτι
2908 2138 2984 2210 μὴ
3020 2139 3179 2209 μόνον
3208 2138 3275 2192 τά
3306 2136 3434 2209 ἔθνη
3459 2137 3549 2192 διά
3576 2139 3695 2190 τῶν

2095 2229 2326 2300 Περσῶν
2379 2230 2757 2301 προσκυνήσει
2788 2230 2882 2283 τὸν
2926 2229 3181 2300 Χριστὸν,
3215 2228 3355 2282 ἀλλά
3405 2230 3547 2300 μετά
3589 2229 3694 2299 τῆν

2098 2322 2322 2376 ἐκείνων
2353 2322 2735 2392 προσκύνησιν
2761 2322 2854 2375 καὶ
2878 2321 3109 2375 Ἰουδαία
3131 2322 3283 2374 πᾶσα
3314 2321 3695 2393 προσκυνήσει

2096 2415 2265 2487 αύτῷ.
2298 2416 2361 2469 Ei
2396 2416 2578 2487 βούλει
2632 2417 2722 2483 δέ,
2780 2417 2877 2470 καὶ
2924 2415 3153 2470 αὐτόθεν
3192 2415 3308 2486 ἔχει
3335 2416 3364 2469 ό
3396 2414 3571 2479 τύπος
3626 2414 3698 2468 τὸ

2098 2506 2525 2563 ἀπευθύνεσθαι.
2544 2509 2666 2561 Τῶν
2684 2508 2793 2580 γάρ
2822 2508 2915 2562 δύο
2935 2507 3081 2561 λαῶν
3107 2489 3265 2579 φέροι
3291 2508 3357 2562 ἂν
3382 2509 3411 2561 ό
3439 2506 3697 2579 Ἡρώδης

2098 2601 2427 2673 ὲκτύπωμα.
2476 2602 2567 2667 Ἐξ
2593 2602 2764 2656 ἐθνῶν
2793 2605 2904 2674 γὰρ
2930 2602 3007 2655 ῶν
3049 2603 3322 2657 Ἰουδαίων
3345 2602 3691 2667 ἐϐασίλευεν,

2102 2696 2198 2748 καὶ
2242 2694 2329 2767 εἴη
2379 2695 2446 2749 ἂν
2500 2696 2652 2749 ἄκων
2698 2697 2792 2748 καὶ
2848 2694 2925 2767 μὴ
2969 2694 3161 2759 εἰδὼς,
3219 2694 3247 2748 ὃ
3302 2694 3485 2764 λέγει,
3536 2695 3696 2764 ὅμως

2101 2785 2497 2858 προφητεύων,
2562 2788 2661 2840 καὶ
2716 2787 2790 2851 ὼς
2845 2790 2910 2841 ἐκ
2963 2787 3260 2858 προσώπου
3313 2787 3517 2851 παντὸς
3591 2787 3693 2841 τοῦ

2099 2879 2443 2950 ἀνθρωπίνου
2475 2880 2667 2949 γένους
2699 2875 2811 2934 οἷον
2849 2881 3021 2934 ἐθνῶν
3059 2899 3119 2934 τε
3153 2882 3251 2935 καὶ
3299 2881 3571 2935 Ἰουδαίων
3586 2882 3694 2951 τὴν

2100 2972 2473 3043 προσκύνησιν
2517 2974 2925 3044 ἀνομολογήσας
2966 2974 3045 3044 τῷ
3093 2975 3501 3045 ἐπιδημήσαντι
3553 2974 3695 3045 πρὸς

2098 3062 2424 3135 ἀνθρώπους
2486 3063 2625 3134 Θεῷ.
2697 3065 2864 3118 Οὐδὲν
2924 3064 2982 3118 δὲ
3046 3062 3246 3118 κωλύει
3314 3064 3695 3134 προφητεύειν

2099 3155 2282 3209 αὐτόν.
2317 3156 2427 3207 Καὶ
2455 3154 2566 3226 γάρ
2587 3156 2683 3207 καὶ
2702 3156 2731 3209 ὁ
2756 3156 3015 3225 Καϊάφας
3042 3155 3143 3209 οὐκ
3164 3155 3280 3226 ᾔδει
3306 3155 3428 3225 μὲν,
3459 3155 3486 3208 ὃ
3517 3156 3691 3224 λέγει.

2112 3248 2273 3302 Ἀλλά
2294 3248 2354 3301 τὸ
2367 3248 2467 3319 τῆς
2490 3248 2715 3320 καρδίας
2741 3249 2906 3302 αὑτοῦ
2928 3248 3197 3319 μανιῶδες
3224 3250 3359 3321 πρὸς
3378 3251 3696 3322 μιαιφονίαν

2098 3339 2446 3411 ἀνηρέθιστο,
2473 3342 2544 3394 τὰ
2567 3341 2717 3413 χείλη
2761 3342 2818 3395 δὲ
2851 3342 3192 3412 προφητείαν
3222 3343 3479 3416 ἐξέφερον
3509 3347 3569 3398 ἐν
3613 3344 3695 3417 τῷ

2098 3431 2311 3501 λέγειν·
2345 3452 2364 3483 ι
2400 3434 2700 3504 Συμφέρει,
2734 3433 2822 3486 ἵνα
2850 3428 2931 3497 εἷς
2958 3434 3227 3507 ἀποθάνῃ,
3256 3438 3351 3488 καὶ
3376 3438 3452 3509 μὴ
3483 3437 3606 3490 ὅλον
3630 3440 3695 3492 τὸ

2100 3523 2253 3587 ἔθνος
2282 3525 2574 3595 ἀπόληται.
2616 3542 2636 3575 ι
2679 3525 2790 3577 Καὶ
2820 3526 2928 3592 γὰρ
2954 3525 3002 3577 εί
3037 3524 3111 3594 μὴ
3152 3527 3387 3597 Χριστὸς
3414 3528 3695 3581 ἀπέθανεν

2098 3618 2128 3671 ὁ
2162 3615 2297 3680 Θεὸς
2327 3616 2510 3687 ήμῶν,
2539 3615 2641 3668 οὐκ
2668 3615 2735 3670 ἂν
2767 3614 2828 3668 τὸ
2862 3615 3205 3687 ἀνθρώπινον
3238 3617 3395 3685 γένος
3428 3617 3690 3681 ἐσώζετο.

2100 3708 2164 3762 Εἰ
2200 3707 2312 3777 γὰρ
2359 3708 2453 3761 καὶ
2512 3707 2732 3773 ἀνάξιος
2781 3709 3043 3779 ἑκάτερος
3108 3708 3290 3761 αὐτῶν
3343 3715 3693 3781 προφητικοῦ

2101 3804 2439 3877 χαρίσματος
2482 3805 2798 3876 ἐτύγχανεν,
2826 3804 2942 3859 ἀλλ’
2963 3801 3057 3859 οῦν
3088 3806 3215 3875 τόγε
3243 3806 3343 3877 τῆς
3389 3808 3695 3878 ἱερωσύνης

2102 3899 2344 3969 ἀξίωμα,
2378 3897 2477 3952 καὶ
2506 3897 2568 3951 τὸ
2607 3898 2707 3968 τῆς
2739 3897 3023 3968 βασιλείας
3052 3898 3135 3951 ἔτι
3176 3898 3321 3964 τινὸς
3350 3900 3697 3970 χαρίσματος

2101 3991 2523 4063 παραπήλαυεν,
2537 3991 2800 4062 οῦπωτῆς
2818 3992 2956 4047 κατὰ
2974 3993 3069 4047 τοῦ
3084 3995 3355 4047 Δεσπάτου
3378 3994 3698 4065 μιαιφονίας

423 4086 554 4140 hinc
586 4083 733 4154 regia
759 4082 1023 4154 dignitas,
1044 4082 1172 4137 doni
1203 4082 1439 4154 alicujus
1463 4083 1704 4141 fructum
1731 4088 1998 4158 capiebat,

2114 4085 2327 4148 τούτοις
2366 4084 2806 4155 τετολμημένης.
2864 4085 3028 4149 ἰδοις
3096 4085 3142 4138 δ’
3193 4086 3261 4140 ἀν
3292 4086 3695 4157 παραπλησίως

426 4176 879 4247 quandoquidem
924 4176 993 4230 ad
1026 4177 1232 4231 caedem
1278 4176 1496 4232 Domini
1541 4178 1717 4234 nostri
1761 4180 2006 4236 nondum

428 4278 590 4324 erant
635 4266 937 4339 progressi.
970 4266 1171 4325 Videas
1219 4284 1353 4325 vero
1396 4270 1654 4326 similiter
1690 4272 1854 4326 etiam
1899 4272 2006 4328 alia

428 4362 703 4433 quaedam,
760 4361 909 4415 malo
960 4360 1182 4430 quidem
1236 4363 1424 4418 animo
1478 4372 1535 4419 et
1587 4364 2009 4433 sanguinolento

425 4456 631 4524 impetu
664 4455 899 4524 prolata,
938 4454 1115 4509 instar
1144 4455 1554 4519 vaticiniorum,
1594 4462 1850 4511 eventum
1891 4472 2013 4512 sor—

430 4546 528 4600 tita
563 4546 755 4601 fuisse.
782 4544 914 4601 Tale
936 4555 1058 4601 erat
1082 4545 1270 4601 illudzr
1304 4544 1542 4616 Sanguis
1566 4546 1683 4616 ejus
1711 4560 1876 4616 super
1903 4562 2003 4603 nos

422 4648 478 4694 et
508 4654 673 4710 super
707 4639 911 4695 liberos
953 4648 1178 4694 nostros
1196 4640 1241 4671 ⁸⁵
1276 4680 1288 4693 .
1328 4657 1346 4690 ι
1407 4637 1649 4695 Tandem
1689 4641 1836 4695 enim
1871 4656 2003 4696 san-

424 4728 608 4798 guinis
638 4727 856 4793 ell‘usio,
904 4737 959 4782 et
988 4727 1167 4781 caedes
1210 4727 1408 4797 gladiis
1457 4727 1633 4796 facta,
1670 4743 1766 4784 eos
1815 4730 2004 4800 oppri-

425 4820 632 4875 mebat.
659 4818 770 4874 Nec
793 4821 976 4874 minus
1008 4821 1137 4875 illud
1170 4838 1185 4876 :
1219 4839 1238 4873 ι
1266 4820 1322 4876 Si
1346 4837 1470 4875 eum
1499 4821 1686 4877 vivere
1707 4822 2001 4891 patiamur,

425 4927 619 4967 omnes
646 4911 700 4965 in
731 4927 858 4966 eum
895 4913 1141 4980 credent;
1174 4921 1307 4969 tunc
1338 4915 1555 4969 venient
1577 4912 1834 4978 Romani,
1871 4929 2005 4984 gen-

429 5012 649 5072 temque
680 5013 926 5057 nostram
952 5012 1006 5057 et
1034 5004 1222 5058 urbem
1252 5003 1512 5059 delebunt
1533 5004 1598 5056 ".
1627 5022 1646 5055 ›
1673 5002 1809 5057 Nam
1834 5005 2000 5058 etiam

426 5093 582 5147 inviti
612 5091 793 5146 vivere
826 5108 950 5147 eum
990 5094 1355 5163 patiebantur,
1391 5108 1515 5148 cum
1547 5109 1655 5147 non
1691 5102 1917 5164 possent
1944 5094 1997 5148 in

425 5197 552 5237 eum
582 5181 877 5247 dominari,
910 5182 1004 5251 qui
1043 5182 1169 5237 vita:
1205 5191 1323 5237 erat
1354 5198 1520 5252 penu,
1545 5194 1599 5237 et
1632 5184 1815 5238 omnia
1852 5184 1996 5237 vivi-

426 5272 649 5330 licabat.
691 5275 983 5343 Propterea
1033 5276 1241 5330 malum
1305 5277 1528 5345 quidem
1587 5286 1645 5332 et
1703 5278 2005 5347 sanguino-

427 5368 632 5423 lentum
680 5368 925 5421 animum
969 5368 1294 5437 prodebant,
1346 5384 1516 5439 scopo
1557 5386 1688 5425 vero
1738 5372 2004 5437 frustrati,

424 5472 479 5518 et
508 5462 605 5532 ipsi
634 5472 687 5517 et
712 5471 825 5517 tota
856 5478 1015 5533 gens,
1048 5473 1103 5518 et
1131 5464 1417 5533 templum,
1450 5475 1505 5520 et
1554 5465 1684 5520 urbs
1728 5467 2003 5535 peribant.

501 5641 545 5670 ³⁴
579 5639 767 5697 Matth.
802 5657 861 5707 ιι,
895 5640 950 5695 8.
993 5640 1035 5674 ³⁸
1065 5638 1224 5695 Joan.
1265 5657 1341 5709 χι,
1377 5640 1465 5697 50.

1567 5642 1610 5673 ³⁵
1636 5641 1827 5697 Matth.
1858 5658 2028 5698 xxvii.

2106 4175 2320 4240 τούτοις
2378 4177 2471 4230 καὶ
2529 4176 2694 4249 ἕτερά
2723 4193 2847 4231 τινα
2906 4177 3204 4250 κακούργῳ
3238 4179 3336 4245 μὲν
3372 4180 3568 4253 γνώμῃ
3597 4181 3699 4234 καὶ

2105 4272 2252 4342 ὁρμῇ
2275 4271 2548 4342 μιαιφόνῳ
2577 4272 3049 4343 προενηνεγμένα,
3079 4274 3257 4344 πέρας
3280 4274 3336 4328 δὲ
3354 4276 3698 4345 προφητικὸν

2107 4363 2386 4434 εἰληφότα.
2434 4362 2543 4426 Ὦς,
2571 4382 2590 4414 r
2624 4363 2697 4416 Τὸ
2721 4358 2861 4433 αἷμα
2898 4362 3065 4416 αὐτοῦ
3096 4364 3182 4432 ἐφ’
3217 4366 3366 4435 ἡμᾶς
3387 4365 3485 4419 καὶ
3507 4367 3602 4419 ἐπὶ
3626 4368 3698 4420 τά

2105 4456 2275 4510 τέκνα
2302 4454 2482 4527 ἡμῶν.
2512 4474 2531 4507 ι
2570 4456 2681 4508 Καὶ
2713 4455 2823 4526 γάρ
2850 4455 3120 4509 ἐπέπεσεν
3147 4456 3333 4519 αὐτοῖς
3377 4455 3610 4527 ἔσχατον
3656 4459 3694 4528 ή

2106 4548 2218 4601 τῶν
2252 4548 2502 4617 αἱμάτων
2526 4547 2769 4618 ἔκχυσις,
2804 4547 2900 4602 καὶ
2926 4549 2956 4602 ό
2984 4548 3074 4602 διὰ
3109 4547 3297 4618 ξίφους
3328 4549 3509 4616 φόνος.
3560 4551 3694 4617 Καὶ,

2116 4658 2137 4691 ι
2159 4639 2286 4692 Ἐὰν
2316 4640 2546 4709 ἀφῶμεν
2576 4640 2739 4693 αὑτὸν
2782 4640 2912 4709 ζῇν,
2943 4640 3148 4704 πάντες
3196 4640 3584 4693 πιστεύσουσιν
3614 4643 3697 4704 εἰς

2109 4730 2294 4794 αὑτὸν,
2323 4730 2417 4783 καὶ
2432 4729 2742 4783 ἐλεύσονται
2772 4733 2823 4784 0i.
2861 4731 3143 4801 Ῥωμαῖοι,
3171 4734 3265 4785 καὶ
3289 4734 3515 4804 ἀροῦσιν
3537 4734 3699 4804 ήμῶν

2110 4820 2172 4874 τὸ
2234 4821 2387 4885 ἔθνος
2441 4824 2534 4875 καὶ
2567 4824 2668 4891 τὴν
2726 4824 2904 4877 πόλιν.
2949 4842 2968 4873 ι
3026 4824 3137 4877 Καὶ
3184 4824 3290 4896 γάρ
3338 4824 3561 4892 ἀφῆκαν
3602 4836 3701 4879 και

2106 4912 2332 4977 ἄκοντες
2356 4911 2478 4985 ζῇν.
2512 4915 2586 4967 Οὐ
2611 4915 2722 4987 γὰρ
2737 4914 3001 4985 ἠδύναντο
3024 4915 3206 4986 κύριοι
3237 4918 3576 4987 καταστῆναι
3598 4917 3698 4971 τοῦ

2102 5005 2203 5075 τῆς
2233 5004 2378 5075 ζωῆς
2407 5007 2661 5076 ταμείου,
2692 5008 2787 5061 καὶ
2819 5008 3216 5073 ζωοποιοῦντος
3251 5009 3320 5063 τά
3355 5012 3567 5064 πάντα.
3604 5010 3701 5064 Διὸ

2102 5095 2203 5166 τὴν
2236 5096 2334 5164 μὲν
2373 5098 2619 5167 πονηρὰν
2653 5098 2748 5151 καὶ
2793 5100 3080 5168 μιαιφόνον
3133 5101 3401 5170 ἐνέφηναν
3440 5100 3697 5171 γνώμην,

2108 5188 2203 5241 τοῦ
2223 5188 2278 5241 δέ
2312 5189 2514 5242 σκοποῦ
2551 5190 2627 5261 μὴ
2669 5191 2926 5262 τυχόντες
2954 5191 3237 5246 ἀπώλοντο
3268 5195 3363 5247 καὶ
3394 5194 3572 5257 αὐτοὶ,
3602 5196 3702 5249 καὶ

2111 5282 2182 5335 τὰ
2204 5283 2358 5354 γένη,
2402 5283 2495 5337 καὶ
2545 5285 2573 5336 ὁ
2624 5284 2773 5350 ναὸς,
2825 5286 2922 5338 καὶ
2980 5287 3014 5357 ἡ
3048 5286 3224 5350 πόλις.
3253 5289 3352 5340 Ὃν
3395 5287 3453 5340 δὲ
3503 5287 3701 5353 ἔδοξαν

2115 5376 2346 5441 ἀνελεῖν,
2369 5376 2560 5429 τοῦτον
2584 5378 2731 5445 ζωῆς
2765 5379 3003 5450 χορηγὸν
3036 5381 3132 5433 καὶ
3170 5380 3539 5444 ζωοποιοῦντα
3569 5381 3700 5445 τοὺς

2116 5469 2342 5538 νεκροὺς
2368 5468 2434 5521 τὰ
2476 5468 2602 5539 ἔθνη
2625 5468 2930 5541 δεξάμενοι,
2960 5473 3054 5527 καὶ
3077 5473 3176 5546 τὴν
3198 5473 3262 5526 ἐκ
3294 5471 3506 5544 νεκρῶν
3532 5470 3701 5525 αὐτοῦ

2069 5645 2159 5700 ‘25.
2237 5646 2279 5677 ³⁷
2305 5643 2462 5700 Juan.
2499 5663 2572 5709 ιιι,
2609 5647 2696 5699 48.
