3930 6218
230 252 370 321 1153

1029 261 1128 322 AD
1152 260 1750 321 AMPHILOCHIUM
1775 260 2123 333 QUIESTIO
2148 265 2665 329 CCCVII-CCCIX.

3370 269 3508 338 1154

227 370 664 446 προσκυνοῦντες
703 372 1025 435 ἀνάστασιν,
1058 371 1192 424 Θεὸν
1236 371 1413 424 ἴσασιν
1439 368 1691 440 ἀληθινὸν
1723 371 1819 424 ἐπὶ

1929 373 2096 441 Quem
2128 390 2259 431 vero
2290 376 2392 431 sibi
2427 391 2458 432 e
2487 378 2669 433 medio
2721 379 2912 437 tollere
2956 381 3307 450 videbantur,
3358 386 3509 444 hunc

222 464 469 538 σωτηρίᾳ
483 462 578 519 τοῦ
598 462 792 533 γένους
811 463 1334 535 ἐνανθρωπήσαντα,
1356 463 1447 515 καὶ
1463 460 1819 532 λατρεύουσιν

219 557 533 629 εἰλικρινῶς
548 557 644 611 καὶ
680 555 1013 621 θειάζουσιν.
1046 554 1157 608 Καί
1187 572 1251 623 γε
1268 554 1334 625 δὴ
1363 555 1523 607 καὶοὶ
1550 554 1814 625 Ῥωμαῖοι

220 650 549 715 ἐπιστάντες
585 652 773 715 αὐτοῖς
812 649 1060 719 πολέμῳ,
1094 651 1194 719 τήν
1223 665 1284 701 τε
1328 647 1481 702 πόλιν
1517 649 1818 718 κατεστρέ-

216 740 415 810 ψαντο,
442 740 537 796 καὶ
574 743 668 797 τὸν
706 740 835 795 ναδν
892 742 1306 812 κατηρήμωσαν
1332 737 1464 812 (95),
1497 740 1594 794 κα)⁸
1623 737 1701 810 τῷ
1727 737 1819 793 διὰ

219 833 412 905 ξίφους
439 833 660 905 Θανάτῳ
693 833 756 887 τὸ
805 833 961 898 ἔθνος
998 833 1309 903 ὑπήγαγον.
1335 831 1603 902 Εύρήσεις
1631 832 1689 885 δὲ
1716 828 1821 886 καὶ

217 925 342 981 δνον
362 927 421 980 ιν
440 929 555 991 τοῖς
581 918 879 997 Γράμμασι
900 926 1013 988 τοῖς
1037 924 1297 986 Παλαιοῖς
1327 921 1824 992 προμανθάνουσάν

216 1035 279 1072 τε
326 1019 419 1073 καὶ
447 1018 925 1090 προδιδάσκουσαν
971 1016 1041 1071 τά
1112 1014 1349 1087 ἐσόμενα
1382 1014 1524 1087 (96).
1600 1016 1694 1083 Ἐξ
1744 1008 1823 1070 ὧν

222 1110 485 1165 ἁπάντων
518 1110 674 1165 οὐδὲν
697 1110 913 1166 κωλύον
940 1109 1267 1179 θεωρήσεις,
1310 1107 1406 1161 καὶ
1435 1105 1526 1159 τὸν
1574 1105 1825 1178 Ἡρώδην

220 1204 402 1257 εἰπεῖν
430 1203 573 1257 κατὰ
602 1203 950 1277 προφητικὸν
978 1201 1150 1256 τύπον
1181 1200 1249 1254 τά
1281 1198 1419 1271 πρὸς
1442 1200 1567 1264 τοὺς
1613 1198 1824 1269 μάγους

222 1292 515 1363 εἰρημένα.

1924 474 2139 537 gentes,
2169 476 2433 538 tanquam
2480 470 2606 525 vita:
2632 481 2914 529 auctorem
2960 481 3017 531 et
3048 485 3298 532 mortuos
3330 477 3509 534 viviﬁ-

1924 568 2165 625 cantem,
2201 560 2555 631 recipientes,
2604 566 2837 634 ejusque
2886 580 2953 621 ex
2988 569 3223 625 mortuis
3262 586 3510 628 resurre-

1925 651 2167 706 ctionem
2213 653 2470 723 religiose
2513 665 2862 723 venerantes,
2909 660 3188 729 eumdem,
3224 672 3284 718 ut
3312 678 3506 720 verum

1924 743 2121 810 Deum,
2140 746 2193 799 in
2224 748 2458 802 salutem
2483 748 2701 817 generis
2722 748 2947 807 humani
2971 752 3250 811 hominem
3277 734 3508 822 factum,

1924 846 2234 908 agnoscunt
2268 838 2597 911 sincereque
2632 841 2821 897 colunt
2845 851 2900 898 et
2930 856 3269 902 reverentur.
3308 848 3390 903 Ab
3426 850 3508 903 al-

1924 936 2041 982 tera
2085 944 2216 983 vero
2249 939 2405 999 parte
2452 929 2715 997 Romani,
2769 932 2915 988 bello
2963 935 3016 989 in
3068 935 3193 991 illos
3235 947 3408 1006 moto,
3455 950 3512 995 et

1925 1020 2118 1076 urbem
2154 1023 2499 1089 evertehaut,
2532 1033 2589 1081 et
2634 1026 2899 1096 templum
2949 1026 3328 1098 devastabant,
3372 1046 3510 1103 gen-

1924 1121 2146 1181 temque
2191 1126 2411 1169 omnem
2461 1114 2646 1184 gladio
2696 1118 3066 1185 perimehant.
3124 1119 3321 1177 Videas
3379 1137 3510 1180 vero

1924 1202 2092 1256 etiam
2135 1201 2348 1257 asinam
2392 1203 2634 1262 inlibris
2669 1203 2886 1265 Veteris
2925 1207 3268 1267 Testamenti
3310 1227 3512 1283 reprae-

1923 1292 2132 1348 sentari
2176 1292 2362 1350 futura
2405 1302 2461 1351 et
2494 1296 2749 1353 edoctam
2795 1309 2853 1355 et
2894 1302 3380 1370 pramuntiantem.
3429 1303 3511 1359 Ex

224 1385 313 1444 his
347 1387 606 1444 omnibus
633 1385 924 1456 intelliges,
965 1385 1103 1441 nihil
1144 1385 1388 1449 obstare,
1434 1382 1733 1453 quominus
1774 1384 2017 1442 Herodes
2045 1388 2371 1458 prophetico
2417 1405 2575 1447 more
2620 1393 2690 1448 ad
2728 1408 2919 1465 magos
2950 1395 3169 1455 locutus
3192 1409 3508 1458 censeatur.

758 1478 1097 1533 ΕΡΩΤΗΣΙΣ
1128 1476 1258 1532 ΤΗ’.

315 1573 420 1628 Διὰ
447 1571 507 1627 τί
528 1573 562 1628 ό
603 1571 949 1643 Πρόδρομος
982 1570 1219 1641 ἐλέγχει
1259 1570 1367 1626 τὸν
1409 1570 1717 1641 Ἠρώδην;

2047 1480 2384 1548 ρυᾹςδτιο
2421 1484 2670 1542 CCCVI"
2704 1486 2924 1559 Ῐϐοίεί..
2965 1489 3133 1545 Taur.
3172 1492 3387 1566 CXXI].

1963 1570 2143 1637 Quare
2168 1590 2469 1644 prwcursor
2501 1575 2785 1651 (Joannes)
2817 1577 3080 1634 Herodem
3106 1582 3474 1653 reprehendit?

221 1686 480 1741 Editarum
511 1702 539 1739 a
571 1687 753 1740 Wolﬁo
775 1689 1147 1753 quadragesima
1167 1689 1327 1764 prima
1349 1690 1406 1751 (l.
1429 1702 1475 1762 ς.
1499 1703 1548 1751 p.
1580 1689 1692 1764 τοο,
1724 1688 2110 1764 79.1._§alland.,.
2130 1692 2329 1764 p._712,
2369 1693 2535 1764 n._16,
2554 1708 2605 1758 q.
2646 1694 2779 1757 121).
2802 1722 2863 1733 —
2893 1696 2971 1749 De
2998 1692 3199 1749 Herode
3232 1712 3260 1748 a
3289 1698 3510 1764 Baptista

1221 1752 1416 1801 Joanne
1442 1753 1719 1814 increpata.
1752 1751 1924 1803 Matth.
1950 1765 2054 1815 xxv,
2087 1751 2145 1813 4;
2178 1751 2406 1818 Luc.'nr,
2432 1755 2508 1805 19.

314 1867 377 1921 Ὀ
401 1867 461 1921 δὲ
490 1866 809 1938 Πρύδρομος
823 1868 920 1919 καὶ
951 1865 1265 1933 Βαπτιστὴς
1307 1866 1567 1938 Ἰωάννης
1608 1867 1820 1939 ἐλέγχει

1997 1869 2312 1926 Ρηεοιπεοι·
2342 1871 2413 1932 ἵει
2462 1870 2709 1942 Baptista
2752 1871 2996 1930 Joannes
3039 1873 3333 1939 Herodem,
3384 1883 3509 1929 tan-

227 1961 322 2016 τὸν
366 1959 614 2033 Ἡρώδην
642 1959 871 2023 δικαίως
922 1960 1001 2023 είς
1047 1960 1399 2031 παρανομίαν
1427 1960 1819 2018 ἀποκλίναντα.

226 2054 341 2106 Καὶ
364 2052 475 2126 γὰρ
505 2054 555 2106 εί
582 2054 641 2121 ἐξ
661 2051 979 2121 ἀλλοφύλων
1007 2054 1302 2125 κατήγετο,
1328 2053 1599 2124 ἀπόγονος
1626 2054 1702 2109 ὢν
1725 2056 1821 2109 τοῦ

225 2145 464 2200 παλαιοῦ
504 2144 769 2217 Ἡρώδου,
801 2144 919 2199 ἀλλ’
948 2144 1043 2199 οῦν
1088 2146 1360 2203 Ἰουδαίων
1394 2165 1452 2201 τε
1482 2147 1819 2214 ἐϐασίλευεν,

224 2240 323 2294 καὶ
368 2242 481 2304 τοῖς
520 2238 790 2293 Ἰουδαίων
841 2238 1190 2294 ἐπολιτεύετο
1224 2242 1412 2312 νόμοις
1454 2244 1551 2295 καὶ
1600 2241 1780 2296 ἔθεσιν
1804 2284 1819 2309 ,

223 2334 323 2386 καὶ
379 2331 480 2385 οὐκ
527 2330 658 2401 ἐξῆν
701 2328 853 2401 αὐτῷ
887 2332 1030 2385 κατὰ
1063 2333 1192 2397 τοὺς
1240 2332 1443 2403 νόμους
1481 2332 1541 2399 ἐξ
1587 2332 1822 2403 ἀδελφοῦ

226 2422 399 2477 παῖδα
428 2421 660 2493 ἔχουσαν
698 2422 799 2494 τὴν
843 2422 1147 2493 Ἡρωδιάδα
1177 2426 1258 2488 είς
1281 2424 1460 2495 γάμον
1507 2424 1827 2491 ἀναλαϐεῖν.

237 2514 299 2568 '0
325 2515 435 2585 γάρ
466 2516 650 2585 νόμος,
708 2514 936 2580 ἄπαιδος
973 2516 1071 2585 μὲν
1125 2514 1223 2569 τοῦ
1274 2515 1506 2585 ἀδελφοῦ
1558 2517 1821 2587 τελευτή-

224 2621 456 2669 σαντος,
524 2603 815 2674 ἐπιτρέπει
866 2604 967 2675 τὴν
1002 2606 1139 2675 πρὸς
1187 2606 1289 2677 τὴν
1340 2608 1576 2676 γυναῖκα
1623 2607 1821 2662 τούτου

224 2698 544 2767 συνάφειαν,
569 2715 588 2749 ι
614 2698 753 2764 Ἵνα,
775 2700 961 2769 φησὶν,
981 2698 1177 2772 ἐγείρῃ
1193 2697 1417 2770 σπέρμα
1434 2699 1514 2771 τῷ
1536 2699 1770 2770 ἀδελφῷ.
1799 2720 1817 2752 ι

223 2787 746 2859 Καταλελειμμένου
800 2789 861 2842 δὶ
906 2788 1227 2860 σπέρματος
1276 2791 1375 2842 καὶ
1420 2789 1620 2860 γονῆς,
1689 2790 1825 2843 ἀπο-

222 2881 489 2951 τρόπαιον
522 2877 658 2953 ἦνή
704 2879 817 2952 (97)
850 2881 987 2953 πρὸς
1037 2880 1137 2952 τὴν
1191 2878 1413 2951 νύμφην
1460 2879 1669 2949 ὁμιλία.
1714 2880 1825 2934 Καὶ

221 2973 320 3025 τὸν
349 2972 567 3042 ἔλεγχον
593 2972 958 3043 δΙΙρόδρομος
1000 2972 1256 3036 ποιεῖται,
1275 2972 1337 3024 ού
1368 2970 1625 3025 τοσοῦτον
1667 2970 1827 3041 κηδό-

227 3081 389 3135 μενος
419 3065 652 3131 ἐκείνου,
685 3065 807 3118 ὅσον
836 3065 897 3118 τὸ
920 3064 1128 3136 πλῆθος
1160 3064 1507 3135 διορθοῦσθαι
1555 3064 1817 3136 πρόνοιαν

224 3153 417 3210 ποιῶν.
461 3154 575 3207 Καὶ
617 3155 725 3225 γὰρ
755 3155 866 3209 τῶν
918 3156 1032 3218 τοῖς
1092 3154 1321 3225 ἄρχουσι
1393 3156 1488 3207 καὶ
1539 3152 1822 3224 βασιλεῦσι

1925 1975 2090 2031 quam
2126 1960 2180 2015 in
2218 1973 2503 2032 peccatum
2534 1972 2813 2028 ruentem,
2856 1973 3005 2019 recte
3048 1966 3504 2035 reprehendebat.

1925 2054 2188 2121 Quamvis
2208 2055 2355 2110 enim
2383 2055 2689 2126 alienigena
2712 2069 2878 2122 esset,
2909 2055 3141 2113 Ilerodis
3168 2059 3501 2128 antiquioris

1934 2162 2129 2220 nepos,
2164 2145 2372 2204 ludatis
2416 2157 2597 2204 tamen
2646 2148 2978 2219 imperabat,
3019 2159 3073 2203 et
3095 2151 3161 2204 ad
3186 2149 3506 2207 Iudaeorum

1928 2238 2074 2311 leges
2111 2254 2178 2295 ac
2217 2240 2471 2296 instituta
2516 2241 2683 2297 vitam
2731 2242 3122 2312 componebat,
3155 2258 3334 2314 neque
3370 2244 3509 2299 adeo

1927 2345 2027 2401 per
2078 2331 2227 2403 leges
2299 2331 2419 2387 fieri
2474 2341 2689 2402 poterat
2739 2337 2800 2386 tit
2848 2330 3239 2397 Herodiadem,
3281 2349 3403 2402 qum
3440 2349 3510 2389 ex

1928 2418 2097 2476 fratre
2128 2429 2439 2491 pepererat,
2484 2437 2708 2477 uxorem
2741 2422 2991 2477 duceret.
3018 2421 3129 2477 Lex
3158 2423 3329 2489 enim,
3356 2439 3512 2480 mor-

1928 2519 2024 2567 tuo
2056 2511 2176 2568 sine
2208 2512 2422 2568 relictis
2456 2512 2586 2568 ﬁliis
2625 2511 2817 2578 fratre,
2866 2511 3027 2568 fratri
3073 2514 3233 2569 alteri
3273 2529 3513 2571 consue-

1929 2601 2173 2657 tudinem
2191 2618 2316 2657 cum
2350 2616 2523 2658 uxore
2552 2603 2826 2659 demortui
2856 2603 3125 2674 integram
3149 2605 3302 2671 facit,
3347 2625 3367 2658 ι
3393 2605 3461 2662 lit
3487 2626 3505 2659 ι

1927 2694 2137 2751 scilicet
2164 2713 2183 2747 ι
2212 2694 2364 2751 fratri
2402 2711 2590 2752 semen
2612 2698 2812 2753 excitet
2847 2697 2983 2754 "-“.
3016 2717 3035 2748 ι
3064 2698 3284 2755 Semine
3308 2715 3439 2754 vero
3458 2712 3515 2756 et

1928 2788 2177 2844 masculo
2226 2789 2441 2858 relicto,
2492 2791 2831 2861 prohibitum
2888 2800 3007 2847 erat
3057 2806 3182 2847 cum
3238 2791 3511 2862 ejusmodi

1928 2896 2099 2937 uxore
2127 2883 2423 2955 conjugalo
2452 2885 2870 2940 commercium.
2902 2882 3219 2940 Praecursor
3245 2884 3430 2955 itaque
3455 2886 3512 2940 in

1928 2973 2196 3030 Herodem
2261 2974 2669 3039 animadvertit,
2720 2990 2831 3030 non
2861 2984 2971 3029 tam
3005 2975 3179 3045 ipsius
3236 2977 3510 3032 rationem

1932 3067 2163 3133 habens,
2204 3083 2370 3139 quam
2404 3067 2475 3123 ad
2509 3067 2705 3138 vulgus
2749 3067 3155 3122 emendandum
3190 3068 3510 3137 respiciens.

1929 3158 2163 3226 Quando
2193 3161 2339 3214 enim
2374 3175 2461 3226 ea,
2492 3175 2616 3229 qua:
2653 3158 2721 3213 ab
2753 3158 3155 3229 imperantibus
3200 3169 3255 3214 et
3290 3160 3512 3231 regibus

226 3247 747 3319 πλημμελουμένων
784 3248 1201 3319 άνεπιτιμήτων
1236 3247 1534 3319 μενόντων,
1590 3246 1820 3317 ἑτοίμως

1933 3267 2098 3322 prave
2129 3260 2442 3322 patrantur,
2490 3251 2612 3307 sine
2659 3251 3146 3307 animadversione
3188 3252 3513 3322 praetermit-

224 3341 288 3394 τὸ
320 3339 526 3410 πλῆθος
555 3340 693 3412 πρὸς
720 3340 823 3412 τὴν
845 3341 1079 3411 μίμησιν
1108 3340 1533 3411 παρακαλεῖται.
1565 3340 1825 3394 Ἐκείνων

222 3432 282 3487 δὲ
310 3433 410 3504 τῆς
438 3433 692 3505 πράξεως
746 3432 1268 3504 άναχαιτιξομένων,
1306 3412 1678 3502 ἀναγκάζεται
1719 3433 1817 3486 καὶ

220 3526 287 3579 τὸ
346 3526 586 3596 ὑπήκοον
654 3524 1046 3597 εὐλαϐέστερον
1105 3526 1246 3594 πρὸς
1317 3525 1419 3589 τὰς
1469 3525 1819 3598 παρανομίας

222 3618 554 3673 διακεῖσθαι.
612 3619 872 3691 Περίεστι
905 3620 969 3681 δέ
1005 3636 1094 3690 μοι
1139 3620 1234 3673 καὶ
1283 3620 1363 3682 είς
1417 3619 1641 3691 μνήμην
1698 3619 1817 3672 νυνὶ

223 3709 476 3773 Παλαιάς
516 3709 781 3781 Ἱστορίας
839 3711 1144 3777 ἀνάγνωσις
1206 3711 1282 3774 ὡς
1343 3711 1547 3782 καὶτῷ
1600 3710 1818 3783 ἀδελφῷ

221 3802 375 3856 ὡσάν
427 3805 455 3856 ὁ
489 3802 625 3875 πρὸς
675 3802 773 3874 τὴν
812 3803 1025 3857 ἐκείνου
1082 3806 1320 3872 γυναῖκα
1374 3804 1517 3874 ἔρως
1576 3803 1652 3876 μὴ
1703 3804 1820 3874 (98)

219 3894 609 3951 ἀνακόπτοιτο.
642 3895 753 3949 Καὶ
805 3894 874 3949 δι’
902 3896 1073 3965 ἄμφω
1099 3894 1276 3950 ταῦτα
1317 3894 1728 3967 σταθερώτερόν
1760 3912 1822 3950 τε

223 3983 323 4038 καὶ
406 3984 1029 4055 παρρησιαστικώτερον
1096 3984 1127 4037 ὁ
1182 3985 1502 4055 Πρόδρομος
1577 3986 1661 4058 εἴη
1740 3985 1823 4057 τῷ

232 4074 452 4147 Ἡρώδῃ
487 4078 937 4146 προσφερόμενος
968 4076 1063 4129 τὸν
1112 4076 1358 4147 ἔλεγχον.

665 4167 998 4220 ΕΡΩΤΗΣΙΣ
1061 4167 1165 4220 Τθν
1195 4167 1331 4239 (99).

216 4259 381 4350 Πῶς,
398 4260 653 4350 νςητέον
687 4261 775 4341 τέο
788 4277 827 4350 τε
868 4261 965 4313 Ἐν
983 4260 1256 4350 γεννητοῖς
1288 4260 1587 4350 mancam
1602 4264 1814 4331 μείζων

350 4329 618 4387 Ἰωάννου
643 4330 751 4385 τοῦ
777 4331 1123 4385 Βαπτιστοῦ
1157 4332 1270 4386 οὐκ
1298 4329 1614 4402 ἐγήγερται
1626 4351 1645 4399 ;
1684 4354 1701 4386 ι

1934 3352 2147 3412 tuntur,
2178 3343 2555 3414 subjectorum
2582 3343 2778 3414 vulgus
2800 3343 2869 3397 ad
2893 3344 3110 3399 illnrnm
3144 3344 3512 3401 imitationem

1929 3434 2090 3490 facile
2140 3435 2434 3505 abripitur.
2471 3433 2710 3501 Quando
2760 3450 2891 3489 vero
2948 3436 3025 3490 illi
3079 3451 3110 3491 a
3174 3436 3513 3491 facinoribus

1927 3527 2202 3598 ejusmodi
2251 3528 2636 3598 prohibentur,
2697 3529 2978 3600 subjectos
3020 3543 3243 3598 quoque
3284 3528 3354 3581 ab
3403 3527 3515 3582 illis

1924 3617 2241 3688 diligentius
2274 3618 2378 3674 sibi
2407 3634 2603 3675 cavere
2631 3633 2862 3675 necesse
2888 3629 2995 3677 est.
3037 3617 3204 3675 Venit
3243 3628 3512 3689 praeterea

1921 3710 1976 3763 in
2024 3719 2260 3767 mentem
2310 3709 2589 3767 recordari
2645 3728 2715 3768 ex
2762 3709 2982 3768 Veteris
3013 3710 3351 3768 Testamenti
3400 3712 3512 3766 lec—

1920 3804 2086 3868 tione,
2119 3802 2276 3857 fratri
2309 3820 2528 3875 quoque
2564 3816 2813 3860 amorem
2842 3804 2895 3858 in
2927 3803 3115 3859 fratris
3138 3819 3363 3859 uxorem
3389 3819 3511 3858 csse

1921 3894 2253 3963 prohibitum
2287 3897 2357 3951 ⁵³.
2416 3896 2723 3968 Utrumque
2775 3898 2973 3953 horum
3014 3898 3222 3962 etTecit,
3274 3909 3330 3951 nt
3366 3896 3511 3950 Prae-

1922 3999 2119 4040 cursor
2148 3994 2304 4042 tanto
2354 3989 2709 4045 constantius
2750 3996 2807 4045 et
2852 3988 3084 4044 liberius
3140 3989 3195 4043 in
3236 3987 3506 4043 Ilerodetn

1923 4079 2399 4136 animadverteret.

2045 4170 2375 4239 QUIESTIO
2415 4174 2623 4231 CCCIX
2669 4174 2889 4248 [Coisl.,
2933 4174 3092 4228 Taur.
3134 4172 3372 4245 CXXII].

1922 4261 2197 4327 Quomodo
2232 4266 2601 4335 accipiendum
2634 4276 2716 4322 est
2756 4266 2890 4320 illud
2931 4283 2949 4321 :
2997 4286 3015 4318 ι
3066 4265 3217 4319 Inter
3253 4278 3406 4318 natos
3442 4281 3508 4319 ea:

1995 4335 2549 4409 ntulierilms‘ntajor
2613 4338 2823 4393 Joanne
2893 4337 3143 4409 Baptista
3212 4352 3315 4389 non
3381 4353 3503 4389 sur-

1996 4408 2131 4460 rexit
2154 4407 2237 4460 “7!
2267 4427 2285 4459 ι
2317 4406 2451 4478 (99).

526 4509 782 4561 Editarum
800 4523 829 4559 a
859 4510 1040 4561 Wolﬁo
1058 4510 1432 4574 quadragesima
1454 4514 1669 4563 secunda
1703 4515 1761 4579 (l.
1785 4530 1830 4565 c.
1853 4530 1903 4580 p.
1926 4517 2153 4568 τοι-τοι.
2176 4519 2398 4571 Galland.
2431 4532 2482 4582 p.
2504 4520 2737 4585 712,715,
2761 4536 2813 4572 n.
2849 4522 2958 4583 179,
2976 4534 3026 4583 q.
3062 4520 3193 4583 122).

288 4592 428 4667 napi.
486 4593 581 4649 τοῦ
644 4596 704 4649 ἐν
755 4596 1003 4664 γενητοῖς
1048 4593 1327 4662 γυναικῶν
1374 4596 1449 4665 μὴ
1508 4598 1810 4669 ὲγηγέρθαι

1998 4598 2074 4656 De
2106 4615 2195 4669 eo,
2221 4603 2503 4674 quomodo
2528 4604 2673 4660 inter
2705 4614 2864 4662 natos
2894 4623 2959 4660 ex
2983 4606 3310 4661 mulieribus
3340 4615 3503 4658 nemo

218 4687 444 4760 μείζονα
507 4687 755 4742 Ἰωάννου
825 4685 921 4740 τοῦ
1001 4686 1333 4751 Βαπτιστοῦ,
1410 4690 1507 4742 καὶ
1573 4691 1722 4755 ὅπως
1786 4695 1816 4747 ὁ

1929 4690 2125 4749 loanne
2154 4694 2401 4766 Baptista
2430 4697 2633 4768 major,
2668 4699 2967 4761 exstiterit,
3002 4707 3058 4753 et
3086 4696 3364 4769 quomodo
3395 4697 3501 4749 mi-

218 4780 544 4851 μικρότερος
600 4779 659 4832 ὲν
716 4781 783 4849 τῇ
842 4776 1094 4849 βασιλείᾳ
1137 4776 1247 4831 τῶν
1299 4777 1549 4849 οὐρανῶν
1610 4780 1814 4852 μείζων

1929 4786 2096 4843 timus
2127 4788 2182 4842 in
2216 4803 2386 4861 regno
2409 4790 2695 4862 {celerum
2744 4791 2840 4846 illo
2874 4791 3054 4861 major
3096 4805 3220 4846 esse
3262 4789 3501 4854 dicatur,

214 4870 386 4925 αὑτοῦ
411 4873 580 4934 ἐστιν,
609 4870 828 4940 εἴρηται
861 4868 962 4938 μέν
997 4886 1087 4940 μοι
1120 4870 1217 4923 καὶ
1264 4870 1503 4941 ἀλλαχοῦ
1523 4872 1620 4942 (Ι).
1644 4873 1812 4929 Οὐδὲν

1929 4880 2037 4935 ιιὶὺί
2068 4895 2101 4937 a
2135 4897 2224 4938 me
2242 4882 2587 4954 disputatum
2616 4882 2877 4941 est.Nibil
2916 4899 3045 4939 vero
3074 4884 3350 4955 prohibet,
3392 4899 3504 4954 quo

213 4961 273 5015 δὲ
301 4960 501 5015 κωλύει
517 4961 619 5031 τῆς
638 4958 792 5031 ὑμῶν
818 4960 1086 5031 αἰτήσεως
1117 4961 1278 5031 χάριν
1310 4962 1487 5017 ἐκεῖνο
1512 4962 1809 5033 διαλαϐεῖν,

1929 4972 2200 5045 ninusjad
2246 4975 2480 5047 petitum
2505 4976 2767 5046 lvestrum
2812 4976 2995 5032 denuo
3036 4990 3382 5039 maneamus,
3415 4975 3502 5030 di~

211 5055 290 5117 ὡς
311 5056 345 5126 ἡ
374 5054 585 5108 διάνοια
615 5052 713 5107 τοῦ
744 5052 936 5125 ῥητοῦ,
968 5053 1043 5124 μὴ
1076 5051 1376 5123 ἐγηγέρθαι
1426 5056 1485 5108 ὲν
1534 5055 1615 5126 τῷ
1661 5060 1811 5130 νόμῳ

1929 5074 2054 5120 :tum
2081 5065 2211 5122 illud
2229 5066 2333 5123 hoc
2353 5068 2461 5125 sibi
2493 5068 2651 5137 velle,
2688 5067 2835 5140 quod
2859 5070 2913 5123 in
2951 5069 3122 5124 veteri
3150 5066 3502 5125 Testamento

320 5170 444 5204 ³³’“
465 5170 626 5227 Deut.
659 5187 786 5239 xxv,
823 5172 878 5227 5.
954 5170 1000 5204 “
1025 5169 1202 5226 Levit.
1241 5170 1513 5239 “111,16.
1591 5172 1637 5206 “
1670 5172 1862 5231 Matth.
1895 5195 1972 5247 xi,
2004 5182 2087 5236 Η.

1740 5271 1976 5329 NOTAS.

288 5362 517 5442 (9??)1“
549 5364 736 5442 εςτὲυο
765 5379 865 5442 Pro
899 5366 1349 5442 Κετηρήτῖυξεαν-
1612 5440 1667 5442 ,ς

1929 5384 2021 5427 terl
2035 5386 2223 5437 ructat.

434 5435 679 5520 liesp‘icilt
698 5435 909 5489 asinam
940 5435 1178 5520 fiala'arni
1201 5436 1364 5491 Num.
1418 5454 1530 5493 xxn
1555 5483 1571 5508 ,
1600 5440 1695 5495 25.
1910 5435 1925 5442 ’
1983 5445 2061 5514 (1)
2097 5435 2238 5520 litem
2268 5446 2481 5504 scilicet
2514 5461 2898 5520 argumentum
2926 5449 3152 5507 Photius
3215 5448 3499 5520 persequi-

547 5504 831 5593 CQWLPI'P
859 5507 976 5593 ξεαίέ
1133 5578 1164 5593 ,Δ
1402 5588 1412 5593 Δ
1542 5504 1566 5593 ξ
1710 5582 1739 5593 Α.
1913 5504 2147 5593 ιυιῖλξςά
2177 5519 2282 5572 alia
2313 5520 2552 5593 quadam
2580 5504 2823 5593 ratione,
2850 5504 2902 5576 in
2936 5504 3163 5593 epistola
3204 5504 3498 5593 1535(an

286 5575 414 5659 {est
440 5575 513 5629 Τὸ
537 5576 622 5645 μή
650 5576 828 5631 alieno
860 5577 982 5632 loco
1028 5578 1265 5648 positum
1336 5588 1437 5645 est,
1504 5588 1559 5637 et
1608 5582 1812 5638 rectius
1912 5601 1966 5654 (ι.
2000 5575 2127 5657 222)
2161 5604 2283 5657 quae
2322 5575 2437 5659 ipsa
2497 5575 2983 5651 totidemﬂverbis'
3008 5575 3496 5659 in'Amphilochiis

210 5647 511 5717 omittitur.
1036 5647 1039 5648 ⁷
1912 5647 2089 5712 exstat
2108 5647 2273 5716 itum.
2306 5647 2429 5717 1'76.

287 5717 400 5789 (99)
432 5715 621 5774 Denuo
686 5727 1070 5789 argumentum
1130 5736 1186 5790 q.
1247 5718 1503 5777 CCXXIII
1582 5721 1812 5781 Photins

544 5817 820 5885 PnaOL.
864 5816 988 5880 Gn.
1024 5816 1137 5881 CI.
3066 5826 3142 5889 37
