3930 6218
434 286 573 348 ΗΞιῦ

1603 265 1863 329 PIIOTII
1902 256 2404 324 PATRIARCH/E
2437 260 2546 321 (ΣΡ.

3558 255 3687 319 Ηῗιϐ

419 416 527 453 non
579 395 881 451 surrexerit
928 395 1190 463 propheta
1246 389 1368 459 ipso
1431 386 1629 456 major.
1682 384 1777 438 Ille
1842 380 1988 436 enim

2115 380 2387 450 παρίστησι
2426 375 2649 447 μείζονα
2685 375 2973 444 προφήτην
3018 372 3205 429 αὑτοῦ.
3239 374 3350 427 Καὶ
3385 372 3497 443 γὰρ
3546 372 3686 441 πλη-

416 486 557 557 quod
603 484 671 539 ad
713 490 934 552 tempus
966 480 1189 536 Christo
1236 476 1524 548 proximus
1558 483 1696 538 erat,
1726 480 1779 526 et
1831 485 1995 526 voea-

418 580 578 633 batur
613 596 632 629 ι
678 592 781 631 vox
816 573 1145 631 clamantis:
1194 572 1387 626 Parate
1432 569 1575 622 viam
1610 565 1828 621 Domini
1864 564 1931 627 ",
1972 582 1989 615 ι

420 668 809 739 pronuntians.
843 665 1129 735 Scriptura
1165 664 1352 732 itaque
1390 660 1490 724 ait,
1530 657 1680 728 quod
1710 669 1874 712 nemo
1904 655 1997 709 illo

420 760 595 829 major
616 755 954 822 surrexerit;
983 770 1088 810 non
1120 768 1249 809 vero
1280 753 1400 807 ideo
1432 748 1672 820 cogitare
1701 762 1801 804 nos
1819 748 1995 819 jubet,

417 850 566 921 quod
609 850 754 904 idem
788 849 843 903 in
880 848 1132 918 gradum,
1168 844 1385 901 caeteris
1423 841 1683 898 omnibus
1717 840 1993 903 altiorem,

417 942 582 997 fuerit
629 949 872 997 evectus.
923 937 1038 993 Hoc
1086 953 1235 1001 vero,
1294 934 1443 1005 quod
1492 932 1812 988 Praecursor
1870 929 1997 985 aliis

418 1034 674 1091 omnibus
702 1031 877 1101 major
905 1030 996 1095 sit,
1030 1043 1143 1083 non
1172 1026 1425 1098 prohibet
1481 1023 1782 1094 quominus
1835 1022 1991 1076 multi

418 1129 509 1184 alii
544 1128 783 1198 aequales
814 1124 922 1195 ipsi
950 1123 1279 1178 habeantur.

497 1221 746 1274 Alterum
779 1230 909 1271 vero
942 1213 1074 1269 illud
1106 1232 1119 1268 :
1160 1233 1178 1265 ι
1211 1210 1470 1267 Minimus
1495 1224 1647 1275 vero,
1686 1207 1860 1277 major
1893 1205 1986 1261 illo

417 1321 538 1378 est;
574 1330 593 1362 ι
620 1310 711 1365 alii
742 1309 962 1380 quidem
991 1306 1060 1361 de
1091 1306 1313 1361 Christo
1332 1303 1631 1374 accipiunt,
1664 1300 1998 1370 qui,quam-

418 1406 501 1459 vis
526 1403 792 1458 Dominus
817 1406 981 1464 esset,
1012 1406 1169 1453 astate
1190 1404 1372 1451 tamen
1401 1393 1757 1465 corporisque
1788 1398 1997 1446 statura

420 1508 476 1552 et
500 1496 643 1567 vulgi
677 1493 889 1566 judicio
926 1510 993 1548 eo
1022 1498 1272 1561 tempore
1308 1490 1489 1544 minor
1530 1486 1846 1540 haberetur.
1885 1480 1998 1551 Ego

419 1601 570 1651 vero,
607 1594 669 1640 ut
704 1583 835 1639 alibi
858 1584 925 1639 de
956 1583 1062 1639 hoc
1091 1590 1377 1636 momento
1406 1578 1736 1635 sententiam
1759 1574 1895 1636 dixi,
1923 1574 1998 1626 ita

420 1677 551 1732 huic
578 1674 911 1747 expositioni
954 1675 1220 1746 phrasin:
1261 1693 1280 1726 ι
1318 1673 1459 1727 Inter
1490 1679 1648 1725 natos
1688 1684 1754 1725 ex
1798 1666 1998 1722 mulie-

2105 470 2376 533 σιαίτατός
2405 486 2465 521 τε
2505 468 2646 524 κατὰ
2675 468 2798 529 τοὺς
2818 466 3046 536 χρόνους
3072 466 3263 534 γέγονε
3291 464 3388 518 τοῦ
3426 466 3685 535 Χριστοῦ,

2104 563 2199 617 καὶ
2230 580 2248 613 ι
2279 562 2433 632 φωνὴ
2466 559 2695 630 βοῶντος
2720 559 3159 627 ἀναγέγραπται,
3192 558 3555 628 Ἑτοιμάσατε
3590 558 3688 625 τὴν

2103 654 2219 708 ὁδὸν
2244 654 2337 707 τοῦ
2374 653 2605 725 Κυρίου,
2663 670 2682 704 ι
2716 651 3165 715 διασαλπίζουσα.
3216 650 3357 720 Φησὶ
3385 648 3433 702 δ’
3458 648 3555 703 οὖν
3596 648 3690 701 καὶ

2104 745 2167 799 τὸ
2200 746 2457 817 γράμμα,
2489 744 2562 808 ὠς
2605 742 2770 797 αὐτοῦ
2820 743 2918 813 μὲν
2950 743 3153 813 μείζων
3208 740 3365 805 ἄλλος
3413 742 3517 794 οὐκ
3557 741 3688 809 iﬁ-

2104 853 2333 906 γερται,
2380 835 2439 888 οὐ
2490 832 2896 902 συναναγκάζει
2947 832 3005 886 δὲ
3054 833 3214 895 νοεῖν,
3258 831 3336 894 ὡς
3384 824 3546 894 οὗτος
3581 830 3690 882 τῶν

2106 926 2360 993 ἁπάντων
2395 926 2476 988 είς
2500 923 2709 995 βαθμὸν
2735 922 3020 993 ἀνέδραμε
3050 921 3292 991 μείζονα.
3318 921 3397 975 Τὸ
3427 922 3483 975 δὲ
3510 921 3585 991 μὴ
3612 920 3690 988 (2)

2106 1016 2329 1088 μείζονα
2355 1016 2447 1070 τὸν
2477 1015 2790 1087 Πρόδρομον
2824 1014 2935 1068 τῶν
2960 1013 3136 1067 ἄλλων
3160 1008 3321 1077 εἶναι,
3348 1011 3511 1065 τοῦτο
3538 1011 3693 1064 οὐδὲν

2105 1109 2302 1163 κωλῦει
2341 1106 2568 1170 πολλοὺς
2597 1106 2925 1178 συνδραμεῖν
2954 1104 3103 1175 αὐτῷ
3132 1104 3269 1175 πρὸς
3302 1104 3545 1175 ἰσότητα.

2175 1206 2247 1259 Τὸ
2280 1206 2463 1277 μέντοι
2490 1222 2505 1238 ο
2542 1224 2559 1257 ι
2582 1205 2641 1258 '0
2661 1204 2718 1258 δὲ
2746 1202 3068 1274 μικρότερος
3095 1201 3261 1255 αὑτοῦ
3294 1199 3497 1270 μείζων
3522 1197 3689 1251 αὐτοῦ

2104 1302 2271 1364 ἐστιν,
2319 1319 2337 1351 ι
2376 1300 2426 1352 οἱ
2457 1298 2554 1369 μὲν
2577 1297 2919 1365 ὲξειλήφασιν
2949 1294 3077 1365 περὶ
3095 1293 3187 1347 τοῦ
3216 1291 3480 1364 Χριστοῦ,
3512 1290 3690 1362 χρόνῳ

2102 1409 2162 1445 τε
2220 1391 2316 1445 καὶ
2376 1392 2440 1460 τῇ
2511 1389 2605 1443 τοῦ
2662 1388 2913 1459 σώματος
2952 1386 3257 1455 άναδρομῇ,
3319 1384 3415 1437 καὶ
3457 1386 3526 1453 τῇ
3577 1382 3690 1435 τῶν

2106 1480 2314 1533 πολλῶν
2366 1478 2629 1549 ὑπολήψει
2670 1477 2789 1531 κατ’
2826 1478 3001 1530 ἐκεῖνο
3030 1474 3224 1545 καιροῦ
3251 1473 3311 1527 τὸ
3364 1473 3692 1543 μικρότερον

2105 1569 2473 1641 άποφέροντος
2498 1570 2593 1623 τοῦ
2616 1567 2908 1623 Δεσπότου.
2947 1565 3104 1637 Ἐμοὶ
3134 1566 3191 1618 δὲ
3213 1565 3372 1619 τοῦτο
3398 1566 3493 1619 καὶ
3523 1565 3690 1618 άλλα-

2098 1661 2201 1733 οχοῦ
2224 1662 2323 1732 τῆς
2354 1660 2670 1733 πρεπούσης
2695 1658 2903 1730 διαίτης
2929 1658 3157 1728 ἠξίωται
3211 1657 3384 1727 (5·4),
3425 1656 3560 1709 ἀλλὰ
3593 1656 3693 1709 καὶ

418 1769 599 1834 ribus,
641 1786 660 1819 ι
697 1766 983 1822 adversari
1010 1765 1289 1822 existimo.
1331 1763 1587 1819 Christus
1617 1761 1764 1817 enim
1797 1774 1905 1814 non
1933 1772 1999 1812 ex

2115 1760 2162 1811 τὸ
2194 1777 2212 1810 ι
2251 1758 2308 1810 ὲν
2341 1758 2587 1826 γενητοῖς
2619 1753 2893 1822 γυναικῶν
2930 1771 2947 1803 ι
2979 1751 3094 1820 ἔχει
3151 1767 3206 1803 τι
3260 1748 3589 1803 ἀντιπῖπτον
3619 1750 3687 1816 τῇ

420 1854 651 1911 muliere
679 1854 1023 1924 simpliciter,
1051 1852 1144 1907 sed
1173 1866 1237 1907 ex
1265 1850 1488 1921 Virgine
1514 1858 1675 1904 natus
1697 1857 1778 1903 est
1804 1865 1815 1900 :
1848 1846 2001 1915 virgo

421 1962 553 2002 vero
582 1946 779 2001 mulier
812 1944 1032 2014 proprie
1070 1942 1335 2015 appellari
1376 1956 1485 1995 non
1523 1946 1727 2010 potest,
1760 1936 1865 1990 nisi
1905 1951 2001 1990 vo—

420 2053 536 2092 cem
571 2052 638 2092 eo
676 2034 985 2107 signiﬁcatu
1028 2034 1256 2089 induere
1285 2032 1439 2096 velis,
1474 2044 1584 2100 quo
1610 2030 1771 2084 divus
1800 2026 2001 2081 Paulus

425 2145 559 2185 usus
602 2138 706 2195 est,
746 2130 933 2184 dicens
973 2147 985 2182 :
1031 2147 1048 2179 ι
1085 2125 1257 2181 Natus
1300 2140 1366 2180 ex
1413 2123 1644 2178 muliere
1680 2121 1747 2177 "‘.
1794 2140 1811 2171 ι
1863 2118 1999 2172 Cum

422 2222 586 2292 igitur
611 2220 864 2276 Christus
899 2236 969 2275 ex
1006 2217 1248 2289 Virgine,
1292 2231 1400 2271 non
1451 2225 1634 2270 autem
1684 2212 1907 2284 preprie
1934 2226 2001 2266 ex

422 2312 673 2377 muliere,
711 2319 870 2367 natus
900 2312 994 2377 sit,
1021 2313 1218 2365 merito
1248 2308 1470 2378 quidem
1512 2321 1543 2360 a
1567 2304 1997 2374 comparatione,

421 2422 547 2461 eum
592 2404 804 2462 Joanne
846 2403 1205 2468 instituenda,
1245 2398 1564 2456 distinxisse
1610 2412 1670 2453 se
1717 2394 2003 2450 existima-

423 2497 590 2550 bitur.

492 2586 600 2641 Alii
632 2599 759 2640 vero
781 2583 1119 2640 contendunt
1164 2583 1431 2637 minorem
1458 2582 1511 2635 in
1542 2596 1711 2653 regno
1738 2579 2002 2636 caelorum

425 2681 532 2735 hoc
572 2680 694 2734 loco
717 2694 842 2735 eum
874 2676 1005 2743 diei,
1034 2677 1129 2746 qui
1161 2676 1351 2743 gratiae
1397 2675 1525 2730 novi
1565 2674 1790 2730 hederis
1823 2672 2003 2728 factus

431 2770 504 2825 sit
537 2770 807 2840 particeps
837 2786 849 2822 :
899 2768 999 2822 hoc
1028 2767 1236 2821 scilicet
1272 2781 1462 2833 sensu,
1491 2766 1766 2822 neminem
1799 2779 1865 2819 ex
1909 2762 1999 2827 iis,

424 2862 516 2930 qui
542 2861 645 2915 sub
670 2860 783 2930 lege
806 2858 972 2931 geniti
1000 2858 1133 2923 sint,
1163 2858 1483 2914 hominibus
1509 2857 1718 2914 Joanne
1739 2856 2003 2927 majorem

427 2968 583 3017 esse;
633 2968 696 3006 ex
741 2952 806 3006 iis
842 2967 996 3017 vero,
1047 2952 1140 3023 qui
1189 2958 1317 3022 post
1365 2952 1595 3023 gratiam
1640 2950 1996 3021 przedieatam

423 3045 754 3109 exstiterint,
785 3044 950 3099 etiam
988 3044 1273 3099 minimum
1304 3045 1517 3115 priores
1556 3052 1743 3114 partes
1792 3042 1847 3096 in
1877 3050 2001 3096 tan-

427 3149 539 3193 tum
566 3146 774 3203 tenere,
812 3138 866 3191 in
903 3146 1172 3206 quantum
1204 3137 1325 3191 istis
1369 3143 1641 3190 mactatus
1682 3143 1767 3189 est
1818 3133 2001 3201 bonis,

426 3246 665 3302 quorum
693 3230 782 3284 ille
805 3226 1092 3299 (Joannes)
1116 3242 1224 3283 non
1252 3235 1378 3283 ante
1403 3227 1581 3282 factus
1611 3226 1683 3283 sit
1706 3227 2001 3296 particeps.

429 3324 486 3377 Si
518 3322 645 3393 quis
676 3322 820 3375 enim
858 3319 1073 3374 ratione
1118 3327 1369 3389 typorum
1402 3327 1455 3373 et
1497 3317 1885 3387 praeludiorum
1919 3318 2005 3371 dio-

2104 1846 2481 1917 προειρημένη
2521 1843 2836 1908 ἁναπτύξει.
2871 1842 2945 1894 Οὐ
2979 1841 3087 1911 γὰρ
3114 1842 3179 1894 ὲκ
3212 1839 3467 1909 γυναικὸς
3501 1838 3691 1902 ἁπλῶς

2104 1938 2395 2007 γεγένηται
2422 1937 2451 1989 6
2489 1934 2748 2005 Χριστὸς,
2781 1932 2897 1987 ἀλλ’
2919 1934 2984 1985 ὲκ
3016 1929 3317 2002 Παρθένου.
3355 1928 3419 1982 Ἥ
3461 1930 3520 1983 δὲ
3542 1932 3695 1999 [lap-

2105 2029 2256 2091 θένος
2286 2028 2388 2082 οὐκ
2416 2029 2483 2082 ἂν
2519 2026 2723 2097 κυρίως
2747 2024 2972 2097 κληθείη
3008 2024 3169 2095 γυνὴ,
3199 2026 3248 2077 εἰ
3279 2024 3354 2094 μή
3397 2040 3482 2087 τις
3517 2024 3694 2079 ἐθέλοι

2102 2120 2181 2190 τῷ
2217 2121 2421 2191 ῥήματι
2452 2118 2926 2191 καταχρήσασθαι,
2958 2118 3033 2181 ῶς
3066 2134 3168 2170 που
3200 2118 3296 2170 καὶ
3344 2119 3376 2170 6
3405 2116 3692 2181 θεσπέσιος

2106 2210 2316 2273 Παῦλός
2370 2226 2541 2282 φησι·
2619 2230 2635 2261 ι
2684 2210 2978 2280 Γενόμενος
3054 2210 3118 2262 ἐκ
3173 2208 3450 2277 γυναικός.
3499 2227 3517 2261 ι
3596 2210 3695 2262 Ἐκ

2107 2305 2384 2375 Παρθένου
2416 2303 2509 2358 οὖν
2531 2306 2581 2357 ὁ·
2613 2304 2846 2375 Χριστὸς
2880 2301 3181 2372 προελθὼν,
3223 2301 3338 2355 ἀλλ’
3374 2302 3435 2355 οὐ
3488 2302 3693 2372 κυρίως

2106 2400 2171 2451 ὲκ
2199 2395 2479 2464 γυναικὸς,
2513 2396 2709 2449 ἑαυτὸν
2739 2394 2806 2449 ἂν
2837 2395 2915 2465 (5)
2948 2393 3053 2459 ἔξω
3069 2393 3252 2447 τάττοι
3285 2393 3385 2464 τῆς
3431 2394 3571 2465 πρὸς
3602 2394 3695 2445 τὸν

2119 2489 2367 2558 Ἰωάννην
2392 2490 2747 2558 συγκρίσεως.

2180 2581 2399 2651 Ἕτεροι
2447 2582 2505 2634 δέ
2557 2596 2690 2649 φασι
2751 2579 3076 2651 μικρότερον
3118 2581 3175 2632 ὲν
3205 2581 3271 2649 τῇ
3304 2578 3551 2649 βασιλείᾳ⁵
3580 2577 3696 2631 τῶν

2106 2673 2346 2745 οὐρανῶν
2368 2673 2599 2727 ἐνταῦθα
2616 2673 2869 2744 εἰρῆσθαι
2888 2673 2978 2726 τὸν
2994 2672 3292 2738 ἀξιωθέντα
3318 2673 3417 2743 τῆς
3448 2672 3695 2744 χάριτος.

2109 2768 2195 2821 ἴνα
2220 2766 2306 2838 εἴη
2340 2766 2581 2821 τοιοῦτον
2612 2769 2641 2820 6
2674 2766 2817 2831 νοῦς·
2852 2767 2973 2821 Τῶν
3000 2767 3102 2838 μὲν
3130 2767 3272 2822 κατὰ
3314 2768 3512 2838 νόμους
3534 2784 3699 2836 γεγο-

2108 2863 2274 2915 νότων
2300 2860 2604 2931 ἀνθρὼπων
2625 2860 2799 2923 οὐδεὶς
2830 2859 2896 2913 ἂν
2924 2862 3011 2931 εἴη
3045 2860 3139 2913 τοῦ
3172 2861 3419 2915 Ἰωάννου
3455 2861 3688 2931 μείζωνο

2107 2955 2216 3008 τῶν
2251 2954 2309 3008 δὲ
2360 2954 2497 3024 μετὰ
2553 2952 2652 3023 τὴν
2685 2951 2847 3022 χάριν
2880 2950 3261 3020 άναφανέντων
3307 2952 3433 3006 ὅσον
3479 2954 3572 3005 ἐπὶ
3616 2953 3702 3022 τῷ

2111 3047 2431 3117 ἀξιωθῆναι,
2487 3040 2562 3101 ὧν
2621 3048 2824 3108 ἐκεῖνος
2886 3046 2988 3098 οὐκ
3038 3044 3240 3113 ἔφθασε
3298 3047 3506 3115 τυχεῖν,
3556 3044 3702 3099 κατὰ

2109 3140 2267 3194 τοῦτο
2293 3140 2353 3193 τὸ
2374 3140 2493 3193 κατ’
2517 3136 2681 3192 αὑτοῦ
2718 3136 2901 3207 μεῖζον
2935 3137 2963 3189 ὁ
2983 3136 3310 3207 μικρότερος
3338 3136 3705 3203 άπενέγκοιτο

2110 3236 2196 3290 ἄν.
2234 3234 2343 3286 Καὶ
2376 3232 2486 3303 γὰρ
2513 3233 2694 3293 ὁποῖος
2710 3231 2777 3284 ἄν
2805 3248 2890 3294 τις
2921 3230 2997 3283 ῶν
3029 3231 3088 3283 ἐν
3113 3232 3223 3293 τοῖς
3245 3228 3439 3293 τύποις
3468 3232 3564 3281 καὶ
3589 3233 3703 3292 τοῖς

2111 3325 2569 3395 προχαράγμασιν
2608 3321 2751 3377 κατὰ
2791 3321 3021 3392 μέγεθος
3052 3322 3145 3373 καὶ
3186 3320 3343 3384 δόξαν
3394 3320 3699 3392 προκριθῇ,

431 3418 640 3485 gnitate
687 3427 741 3471 et
784 3413 1164 3484 prterogativis
1200 3413 1471 3468 maximus
1518 3411 1807 3475 habeatur,
1862 3409 2003 3463 idem

2115 3410 2265 3479 οὗτος
2292 3415 2401 3470 τῶν
2429 3417 2484 3469 ὲν
2507 3417 2571 3485 τῇ
2612 3413 2843 3485 ἀληθείᾳ
2878 3415 2971 3467 καὶ
3007 3414 3191 3475 αὐτοῖς
3243 3416 3356 3477 τοῖς
3407 3414 3706 3483 πράγμασι

432 3518 638 3573 tanien,
676 3507 866 3562 habito
921 3505 989 3559 ad
1042 3520 1129 3560 res
1187 3505 1352 3575 ipsas,
1400 3519 1522 3573 quae
1569 3516 1735 3573 opere
1780 3502 1898 3572 ipsi:
1950 3514 2003 3554 se

2115 3509 2560 3576 συντεταγμένων
2616 3524 2676 3560 τε
2722 3507 2817 3560 καὶ
2865 3506 3249 3575 άναφανέντων
3290 3506 3412 3559 οὐδὲ
3460 3505 3557 3558 τοῦ
3603 3508 3706 3575 τὴν

430 3602 639 3655 sistunt
669 3610 724 3654 et
760 3598 1204 3669 conspiciuntur,
1252 3605 1526 3667 respectu,
1564 3610 1845 3665 nunquam
1879 3608 2003 3648 eau-

2115 3600 2350 3670 ὲσχάτην
2393 3596 2675 3659 δοκοῦντος
2720 3594 2873 3659 τάξιν
2915 3594 3133 3667 ἐπέχειν
3169 3596 3250 3658 εἰς
3284 3593 3506 3664 ἰσότητα
3542 3595 3708 3663 λόγον

430 3704 547 3742 sam
588 3688 877 3767 invenerit,
911 3701 1010 3740 cur
1043 3701 1101 3742 se
1130 3700 1256 3740 cum
1285 3700 1370 3752 eo,
1401 3684 1494 3754 qui
1523 3684 1813 3738 minimum
1844 3680 2003 3735 etiam

2115 3693 2355 3762 εὑρήσει.
2391 3688 2451 3742 Εἰ
2475 3689 2583 3759 γὰρ
2610 3689 2703 3742 καὶ
2728 3690 2755 3741 ὁ
2790 3687 3045 3757 Ἰωάννης
3074 3686 3351 3757 αὐτόπτης
3376 3687 3571 3755 γέγονε
3604 3686 3705 3740 τοῦ

432 3778 616 3831 locum
657 3785 863 3842 tuetur,
914 3784 1214 3845 comparet.
1254 3774 1522 3841 Quamvis
1574 3774 1722 3829 enim
1772 3774 2003 3828 Joannes

2115 3779 2375 3854 Χριστοῦ,
2406 3779 2501 3833 καὶ
2529 3777 2604 3847 τῷ
2631 3776 2725 3830 τοῦ
2753 3775 3130 3847 βαπτίσματος
3163 3775 3453 3845 μυστηρίῳ
3492 3775 3707 3845 ὑπηρε-

434 3869 714 3924 Christum
756 3868 936 3939 ipsum
980 3869 1202 3934 viderit,
1254 3869 1510 3939 sacrique
1559 3867 1761 3923 lavacri
1810 3876 2003 3938 myste-

2115 3876 2336 3946 τήσατο,
2404 3871 2521 3936 καὶ.
2556 3871 2767 3941 μάρτυς
2808 3868 3135 3939 διαπρύσιος
3186 3865 3282 3920 τοῦ
3339 3864 3575 3937 Ἀμνοῦ,
3608 3864 3711 3919 τοῦ

436 3962 581 4013 rium
630 3958 1053 4024 administrarit,
1081 3960 1353 4030 Agnique,
1402 3966 1626 4029 peccata
1671 3957 1861 4013 mundi
1909 3956 2003 4011 tol-

2118 3968 2364 4037 αἴροντος
2393 3963 2493 4034 τὴν
2529 3960 2808 4032 ἁμαρτίαν
2840 3958 2937 4012 τοῦ
2982 3959 3215 4029 κόσμου,
3253 3959 3490 4029 κατέστη
3514 3975 3530 3990 ·
3584 3956 3707 4012 ἀλλ’

439 4052 629 4118 lentis,
658 4052 814 4107 testis
838 4051 1112 4107 exstiterit
1133 4066 1245 4105 non
1274 4050 1635 4118 inﬁciandus;
1666 4049 1807 4105 idem
1831 4058 2003 4105 tamen

2118 4061 2217 4113 οὐκ
2245 4059 2321 4131 (6)
2348 4058 2429 4110 ἐτι
2457 4055 2551 4109 τοῦ
2587 4055 2753 4125 νόμου
2774 4053 2869 4106 καὶ¹
2894 4053 2992 4123 τῆς
3017 4052 3177 4114 σκιᾶς
3207 4053 3265 4104 ὲν
3288 4054 3402 4115 τοῖς
3427 4050 3712 4121 λειψάνοις

439 4159 505 4198 eo
543 4151 811 4213 tempore,
860 4157 971 4213 quo
1017 4144 1104 4197 lex
1148 4150 1203 4197 et
1254 4143 1461 4198 umbrae
1503 4142 1683 4197 adhuc
1729 4150 1886 4196 erant
1930 4157 2003 4195 sui

2123 4149 2456 4218 σωζομένης,
2513 4146 2606 4197 καὶ
2668 4144 2835 4213 μήπω
2881 4140 3136 4212 καθαρῶς
3178 4142 3271 4195 καὶ
3327 4141 3549 4204 τελείως
3606 4142 3711 4211 τῆς

438 4236 719 4305 perstites,
775 4250 876 4291 nec
924 4236 1097 4305 gratia
1138 4235 1283 4290 clare
1329 4236 1600 4306 pleneque
1642 4234 1914 4302 eluserat,
1947 4248 2003 4289 er

2122 4240 2345 4311 χάριτος
2394 4234 2832 4306 ἀναλαμψάσης,
2888 4233 3049 4296 αὐτὸς
3115 4232 3349 4304 μετέστη
3408 4230 3503 4285 τοῦ
3563 4232 3711 4303 βίου.

439 4328 551 4383 vita
578 4330 835 4384 excessit.
865 4327 1003 4382 Cum
1053 4328 1200 4383 enim
1236 4329 1288 4382 in
1326 4343 1549 4387 carcere
1592 4338 1919 4394 versaretur,
1965 4338 2019 4384 et

2141 4332 2293 4385 Ἐπεὶ
2334 4330 2441 4400 γὰρ
2462 4328 2524 4381 τό
2562 4344 2622 4380 τε
2650 4326 2859 4395 οἴκημα
2888 4324 3093 4396 ᾤκησε.
3124 4325 3218 4377 καὶ
3251 4323 3348 4396 τὴν
3376 4324 3464 4378 ἐπ’
3496 4325 3713 4397 έλέγχῳ

441 4419 576 4473 cazdi
625 4434 733 4473 non
766 4419 1102 4489 promeritae,
1143 4429 1362 4491 propter
1392 4420 1925 4476 animadversionem
1961 4420 2003 4473 ir

2121 4422 2218 4493 τῆς
2243 4418 2351 4474 τῶν
2368 4416 2679 4472 Μωσαῖκῶν
2696 4417 2875 4487 νόμων
2906 4414 3274 4487 παραϐάσεως
3291 4414 3475 4469 ἄδικον
3493 4416 3711 4489 ὑπέστη

438 4510 675 4565 violatas
703 4511 848 4581 leges
893 4510 1190 4579 Mosaieas,
1218 4511 1331 4581 jam
1364 4511 1647 4581 subjectus
1691 4519 1857 4576 esset,
1903 4520 2003 4567 tun:

2124 4512 2361 4582 σφαγὴν,
2392 4509 2529 4581 μετὰ
2548 4509 2718 4563 ταῦτα
2759 4508 2963 4579 ἤρξατο
2995 4510 3024 4560 6
3059 4507 3268 4580 Κύριος
3299 4507 3459 4578 ἡμῶν
3491 4508 3712 4579 Ἰησοῦς

439 4602 664 4655 demum
698 4599 964 4656 Dominus
1012 4609 1223 4667 noster,
1272 4599 1433 4658 Jesus
1478 4600 1756 4669 Christus,
1791 4618 2020 4673 regnum

439 4694 538 4749 Dei
573 4694 874 4764 praedicare
916 4694 1233 4764 incipiebat.
1262 4692 1558 4765 Propterea
1604 4710 1769 4751 nemo
1805 4710 2022 4757 eorum,

440 4788 533 4858 qui
558 4803 623 4843 ex
656 4803 796 4858 aqua
818 4796 871 4842 et
894 4785 1103 4857 Spiritu
1126 4787 1430 4857 regenerati
1452 4794 1633 4854 erant,
1660 4798 1713 4842 et
1752 4787 2022 4843 Paracleti

443 4895 672 4937 accessu
724 4880 996 4951 donisque
1047 4878 1196 4950 digni
1247 4879 1611 4944 habebantur,
1672 4881 1944 4937 secundas
1990 4896 2020 4935 a

443 4970 655 5028 Joanne
706 4979 892 5043 partes
932 4981 1117 5027 tenere
1163 4970 1398 5041 judicari
1456 4970 1653 5041 possit.
1714 4970 1829 5026 lmo
1890 4985 2022 5027 vero

446 5063 613 5118 etiam
640 5064 707 5129 is,
723 5063 817 5134 qui
844 5062 1097 5118 intimum
1117 5062 1301 5117 locum
1324 5070 1576 5132 occupet,
1602 5062 1749 5119 illius
1772 5074 2019 5133 respectu

514 5200 559 5231 ⁸⁷
583 5197 769 5254 Matth.
809 5214 889 5267 ιιι,
924 5200 977 5254 3.
1018 5198 1065 5231 ⁸⁸
1098 5197 1276 5253 Galat.
1311 5212 1386 5265 tv,
1413 5198 1468 5254 4.

2120 4604 2357 4675 Χριστὸς
2380 4601 2674 4673 κηρύττειν
2715 4601 2784 4655 τά
2813 4599 3066 4672 περὶτῆς
3094 4599 3371 4670 βασιλείας
3403 4600 3496 4653 τοῦ
3544 4600 3709 4657 Θεοῦ.

2120 4696 2231 4750 Καὶ
2267 4695 2358 4750 διὰ
2398 4696 2574 4758 τοῦτο,
2624 4695 2739 4747 ὅσοι
2788 4709 2847 4746 τε
2895 4691 2966 4745 δι’
3017 4690 3214 4756 ὕδατος
3256 4692 3351 4745 καὶ
3391 4692 3716 4764 Πνεῦματος

2118 4784 2602 4858 ἀνεγεννήθησαν,
2668 4785 2765 4837 καὶ
2820 4784 2921 4855 τῆς
2980 4784 3380 4855 ὲπιφοιτήσεως
3444 4786 3540 4838 καὶ
3595 4786 3713 4839 τῶν

2120 4879 2479 4952 χαρισμάτων
2504 4876 2599 4931 τοῦ
2630 4877 2988 4951 Παρακλήτου
3016 4876 3350 4948 ἠξιώθησαν,
3382 4878 3592 4932 τούτων
3608 4880 3713 4932 οὑκ

2118 4974 2184 5027 ἄν
2215 4990 2296 5035 τις
2322 4969 2391 5025 τὰ
2423 4969 2704 5041 δευτερεῖα
2737 4970 2891 5040 σχοίη
2930 4969 3023 5023 τοῦ
3069 4971 3343 5027 Ἰωάννου.
3385 4971 3551 5025 Ἀλλὰ
3599 4971 3715 5042 γάρ

2120 5064 2213 5117 καὶ
2241 5064 2269 5115 6
2317 5062 2418 5133 τὴν
2464 5060 2789 5114 τελευταίαν
2842 5061 2997 5128 τάξιν
3048 5062 3229 5134 λαχὼν
3271 5065 3334 5117 τὸ
3390 5064 3511 5118 κατ’
3542 5063 3716 5117 αὑτοῦ

1946 5356 2176 5415 NOTAE.

520 5472 596 5543 (2)
624 5472 700 5544 μή
722 5470 853 5526 illud
882 5484 1195 5543 expungere
1234 5488 1323 5544 res
1358 5473 1474 5542 ipsa
1500 5469 1915 5544 jubetaNatum
1955 5471 2020 5525 il-

445 5541 547 5624 lud_
569 5541 781 5625 videtur
842 5541 1550 5625 ex__prinia.syllabaivocis
1598 5541 1840 5612 μείζονα,
1873 5557 2016 5625 quae,

444 5615 661 5738 rabione
693 5611 1167 5735 prlonuntiationis'
1190 5611 1318 5670 tunc
1344 5622 1599 5683 receptae,
1624 5628 1749 5669 cum
1782 5626 1914 5670 voce
1941 5611 2015 5683 μὴ

447 5697 510 5738 ea
551 5698 636 5737 Cll]
683 5696 742 5738 es
770 5716 785 5734 ο

2202 5470 2346 5593 (ἥρ
2374 5469 2495 5524 Vid.
2529 5470 2818 5552 epistolam
2858 5473 3021 5527 modo
3090 5474 3418 5543 appellatam
3476 5489 3532 5544 p.
3583 5471 3720 5539 181,

2202 5551 2259 5593 ιι.
2341 5550 2733 5593 οιιῑειοιιιιειηιιξ.

2127 5541 2259 5595 edit.
2288 5541 2733 5597 Montacutianae.

2198 5611 2274 5679 (-5)
2304 5611 2407 5663 "Av
2435 5624 2520 5667 est
2550 5629 2614 5667 ex
2642 5612 2792 5667 Colb.

2209 5681 2283 5752 (6)
2322 5680 2641 5753 Legendutn
2701 5691 2835 5753 puto
2877 5681 2972 5737 οῦν
