3930 6218
238 288 371 353 115Ἶ
1052 288 1150 358 Μ)
1189 286 1793 349 AMPIIILOCIIIUM
1831 290 1849 354 (

1963 290 2178 350 ES'I'IO
2218 294 2425 357 CCCX.
2453 292 2709 356 CCCXL
3384 287 3523 354 1158

236 407 422 474 μεῖζον
456 403 776 471 ἁπενὲγκοι.
810 402 919 457 Καὶ
963 404 1010 455 εἰ
1056 404 1131 474 μή
1165 419 1248 467 τις
1287 403 1513 459 ὲκλάδοι
1575 406 1677 461 τῶι
1723 407 1831 479 πρὸ

1963 408 2174 463 ιτὶηιυιη
2211 410 2475 466 tuebitur.
2504 408 2617 465 Nisi
2639 422 2805 480 porro
2828 405 2977 479 quis
3003 408 3207 462 statuat
3243 403 3524 459 Christum

232 497 333 565 τῆς
362 498 584 567 χάριτος
610 494 685 565 (7)
725 494 932 565 μηδένα
965 489 1105 548 εἶναι
1142 495 1369 565 μείζονα
1416 496 1510 551 τοῦ
1579 496 1827 553 Ἰωάννου

1963 500 1992 555 d
2028 500 2133 557 sibi
2186 501 2344 566 velle,
2380 502 2525 573 quod
2570 515 2734 557 nemo
2777 515 2999 565 eorum,
3037 498 3133 570 qui
3167 505 3292 553 ante
3343 495 3526 552 ftedus

233 591 481 643 ἀνειπεῖν
511 588 588 659 (8)
623 587 715 641 τὸν
749 587 1005 657 Χριστὸν,
1039 588 1153 641 ἀλλ’
1187 588 1375 653 ἁπλῶς
1419 590 1562 645 κατὰ
1606 590 1825 645 πάντων

1963 590 2133 657 gratim
2162 591 2390 657 fuerint,
2428 590 2603 660 major
2642 592 2717 647 sit
2746 589 2983 657 Joanne,
3012 588 3281 659 malitque
3319 586 3528 642 dictum

235 676 587 748 ἐξενηνέχθαι
616 675 714 748 τὴν
745 676 1021 744 ἀπόφασιν
1050 676 1149 749 τὴν
1191 678 1554 751 Δεσποτικὴν,
1595 680 1715 752 ὦρα
1750 680 1828 752 (9)

1963 684 2157 739 )omini
2187 685 2253 739 de
2283 684 2542 741 omnibus
2566 682 2885 739 hominibus
2909 680 3235 752 simpliciter
3257 679 3528 749 accipere,

236 788 322 825 σοι
363 772 459 826 καὶ
491 772 591 840 τῆς
618 769 977 841 ὑπερενδόξου
1022 772 1323 843 Δεσποίνης
1374 772 1533 844 ἡμῶν
1560 772 1828 828 Θεοτὸκου

1963 776 2293 831 :ommodum
2339 776 2441 831 tibi
2486 775 2651 833 fuerit
2701 774 2956 832 eumdem
3013 773 3185 831 etiam
3243 772 3529 842 Deiparae,

235 860 429 915 τοῦτον
460 858 792 927 ἐπίπροσθεν
828 858 983 928 ἄγειν
1029 862 1125 915 καὶ
1163 862 1272 917 τῶν
1328 864 1645 934 κορυφαίων
1695 865 1834 919 ἁπο-

240 953 466 1017 στόλων,
496 953 524 1007 ὃ
553 953 653 1007 οὐκ
684 952 750 1006 ἄν
778 971 864 1019 τις
895 954 1213 1026 ἐπιτρέψειε
1244 955 1527 1028 λογισμός.
1559 956 1706 1030 Πλὴν
1739 959 1835 1013 καὶ

1963 959 2203 1028 ιροειοιίε
2254 959 2537 1031 praeferre.
2591 959 2656 1016 ld
2688 974 2817 1015 vero
2866 972 2999 1014 sana
3052 959 3193 1013 ratio
3248 969 3529 1027 nunquam

237 1049 269 1100 ὁ
299 1048 433 1119 περ)¹
457 1046 651 1101 τούτου
674 1045 855 1116 λόγος,
884 1050 950 1119 τῇ
978 1047 1331 1121 προσηκούσῃ
1358 1066 1447 1120 μοι
1466 1050 1634 1106 πάλαι
1656 1050 1835 1123 διαίτῃ

1963 1050 2275 1105 iermiserit.
2299 1050 2407 1107 Sed
2438 1051 2544 1109 hoc
2571 1059 2988 1123 argumentum,
3023 1050 3159 1106 alias
3183 1048 3369 1104 debito
3397 1060 3532 1104 exa-

1936 866 2182 922 Dominaa
2259 876 2461 923 nostrae
2516 867 3001 932 celebratissima},
3063 876 3118 922 et
3173 863 3518 937 principibus
3628 884 3631 887 λ

242 1138 592 1211 ὑποδληθεὶς,
624 1140 724 1209 τὴν
754 1140 850 1195 νῦν
899 1141 1290 1213 ἁκριὸολογίαν
1339 1143 1704 1223 δυσχεραίνει.

804 1321 1142 1377 ΕΡΩἸἨΣΙΣ
1174 1324 1278 1379 TI'.

244 1411 350 1467 Διὰ
380 1410 440 1467 τι
479 1412 629 1489 {card
645 1414 709 1489 ζὸ
755 1414 1056 1489 ᾳῳτήρρον
1086 1413 1287 1489 πάθος
1313 1418 1367 1489 ὀ.
1399 1417 1617 1485 Κύριος
1665 1419 1835 1489 ἡμῶν

485 1482 716 1552 Ἰησοῦς
758 1485 1019 1553 Χριστὸς
1058 1487 1253 1556 λόγχῃ
1298 1482 1608 1553 ranam;-

1939 1136 2075 1193 miui
2130 1153 2161 1193 a
2202 1154 2290 1194 me
2337 1139 2684 1210 subjectum,
2730 1156 2877 1196 nunc
2929 1135 3156 1213 quidem
3210 1133 3533 1211 diligentius

1948 1229 2169 1285 tractari
2211 1244 2319 1285 non
2354 1241 2553 1302 potest.

2086 1336 2415 1406 QUAESTIO
2454 1342 2637 1400 CCCX
2676 1340 2893 1415 [Coisl.,
2940 1342 3105 1398 Taur.
3150 1338 3411 1413 CXXIII].

1946 1423 2124 1490 Quare
2167 1429 2222 1481 in
2255 1428 2485 1484 salutari
2512 1433 2842 1500 perpessione
2875 1430 3131 1485 Dominus
3174 1439 3351 1485 uoster
3372 1430 3531 1483 Jesus

2216 1500 2462 1556 Christus
2492 1505 2678 1556 lancea
2709 1502 2985 1571 confossus
3022 1512 3098 1555 est
3122 1502 3210 1553 ‘9‘!
3240 1520 3256 1552 ι

755 1594 1006 1647 Editarum
1028 1612 1054 1647 a
1086 1598 1266 1650 Wolﬁo
1293 1601 1668 1666 quadragesima
1700 1606 1845 1658 tertia
1868 1608 1925 1672 (Ι.
1949 1621 1993 1658 c.
2029 1623 2077 1673 p.
2112 1612 2221 1674 704,
2244 1612 2353 1663 705.
2383 1614 2608 1666 Galland.
2636 1630 2685 1677 p.
2721 1615 2832 1676 715,
2865 1629 2915 1664 ιι.
2940 1615 3038 1675 18).

318 1680 507 1753 Λόγχῃ
534 1680 786 1735 νύττεται
836 1682 938 1754 τὴν
983 1682 1228 1754 πλευρὰν
1280 1686 1423 1739 κατὰ
1454 1688 1518 1740 τὸ
1569 1690 1841 1761 σωτήριον

246 1774 420 1838 πάθος
467 1767 724 1845 Χριστὸς,
760 1773 790 1826 ὁ
819 1772 951 1837 Θεὸς
992 1774 1149 1846 ἡμῶν
1172 1790 1185 1805 ·
1213 1770 1371 1830 τοῦτο
1405 1776 1506 1847 μὲν
1558 1778 1691 1849 ἡμῖν
1746 1778 1841 1834 δύο

249 1864 606 1937 βαπτίσματα
658 1863 1154 1936 καινουργούμενός
1201 1884 1259 1920 τε
1300 1867 1396 1921 καὶ
1435 1869 1752 1939 προτυπῶν,
1780 1870 1839 1924 ἓν

2022 1694 2297 1762 Christus,
2340 1698 2482 1753 Deus
2541 1709 2748 1765 noster,
2802 1700 2856 1754 in
2907 1697 3135 1755 salutati
3181 1694 3534 1768 perpessione

1948 1788 2096 1858 quod
2128 1790 2194 1846 ad
2226 1790 2369 1847 latus
2394 1791 2730 1848 confoditur.
2761 1792 2875 1849 Iloc
2898 1793 3017 1863 ipso
3050 1804 3181 1847 vero
3204 1790 3344 1845 duos
3372 1788 3533 1845 nobis

1948 1880 2255 1949 baptismos
2309 1883 2558 1939 condidit
2601 1892 2654 1939 et
2695 1884 3159 1957 praesigniﬁcavit,
3206 1898 3361 1954 aquae
3407 1880 3536 1937 alte-

251 1956 353 2026 μὲν
370 1956 433 2010 τὸ
452 1956 520 2009 δι’
542 1953 758 2019 ὕδατος,
785 1954 973 2027 ἕτερον
1005 1956 1063 2010 δὲ
1086 1957 1149 2009 τὸ
1186 1956 1257 2011 δι’
1285 1953 1542 2029 αἵματος.
1584 1960 1697 2014 Καὶ
1729 1960 1839 2034 γάρ

1963 1987 2095 2037 rum,
2125 1972 2359 2029 alterum
2397 1976 2705 2047 sanguinis.
2760 1974 2951 2047 Neque
2979 1975 3127 2031 enim
3182 1976 3284 2030 ista
3325 1981 3537 2028 natura:

247 2049 359 2103 οὐδ’
398 2048 575 2121 είρμῷ
621 2047 716 2101 καὶ
765 2048 1059 2120 ἀκολουθίᾳ
1104 2048 1206 2120 τῆς
1251 2049 1467 2119 φύσεως
1497 2054 1840 2125 ἁπερῤυήκει

1963 2067 2193 2138 quodam
2221 2069 2416 2125 ordine
2437 2079 2492 2126 et
2514 2086 2655 2125 nexu
2688 2085 2755 2125 ex
2774 2069 2968 2134 latere,
2995 2070 3227 2125 salutem
3261 2067 3531 2139 pariente,

248 2137 423 2192 ταῦτα
450 2139 550 2209 τῆς
579 2138 849 2210 σωτηρίου
876 2138 1142 2210 πλευρᾶς.
1168 2139 1324 2195 Μετὰ
1352 2140 1462 2214 γὰρ
1485 2143 1576 2197 τὸν
1609 2141 1842 2199 θάνατον

249 2231 477 2301 γέγονεν
497 2233 531 2302 ἡ
560 2232 764 2304 πληγὴ,
794 2233 890 2286 καὶ
914 2232 1057 2303 μετὰ
1078 2233 1293 2306 πληγὴν
1322 2235 1508 2307 pascet
1526 2236 1596 2292 τὰ
1622 2239 1843 2309 νάματα

249 2325 283 2393 ὴ
322 2324 551 2395 πλευρά.
601 2324 688 2377 Ἐν
717 2326 784 2396 τῇ
819 2325 1030 2398 πλευρᾷ
1053 2324 1112 2379 δὲ
1148 2325 1263 2397 (10)
1294 2328 1389 2382 καὶ
1418 2328 1517 2382 οὐκ
1563 2330 1623 2383 ὲν
1671 2331 1844 2402 ἑτέρῳ

253 2415 413 2487 μέρει
433 2416 648 2486 δέχεται
675 2415 774 2487 τὴν
796 2416 1031 2489 πληγὴν,
1063 2418 1198 2473 διότι
1232 2421 1297 2473 ὲκ
1329 2419 1573 2491 πλευρᾶς
1612 2420 1711 2490 μὲν
1747 2421 1844 2475 τοῦ

264 2508 438 2579 Ἀδὰμ
501 2507 746 2579 ἐπλάσθη
817 2511 852 2579 ἠ
914 2510 1076 2580 γυνὴ,
1134 2510 1204 2564 δι’
1263 2511 1438 2583 αὐτῆς
1494 2511 1542 2564 δ’
1603 2512 1846 2584 ἁμαρτία

251 2601 505 2674 ἐπράχθη
526 2599 606 2672 τῷ
652 2600 844 2670 Ἀδάμ.
872 2600 1175 2672 Πλήττεται
1222 2601 1317 2656 οὖν
1362 2602 1621 2673 Χριστὸς,
1654 2606 1682 2657 ὁ
1713 2603 1847 2668 Θεὸς

251 2694 431 2767 ήμῶν,
486 2695 515 2746 ὁ
566 2693 684 2758 νέος
736 2692 928 2765 Ἀδὰμ,
955 2694 1057 2766 τὴν
1092 2694 1358 2767 πλευρὰν,
1396 2694 1589 2767 ὥσπερ
1626 2696 1715 2751 διὰ
1747 2697 1846 2767 τῆς

251 2787 471 2858 πληγῆς
522 2786 763 2859 ἀναιρῶν
819 2785 920 2858 τὴν
971 2787 1286 2859 ἁμαρτίαν,
1349 2788 1446 2842 καὶ
1515 2788 1609 2842 τὸν
1674 2788 1849 2861 Ἀδὰμ

250 2879 612 2935 ἀπαλλάττων
628 2879 719 2933 τοῦ
742 2879 832 2933 διὰ
852 2879 954 2950 τῆς
986 2878 1228 2951 πλευρᾶς
1253 2878 1403 2950 αὐτῷ
1429 2882 1848 2952 περιγεγονὸτος

253 2971 643 3044 ὀλισθήματος,
675 2971 752 3037 ὼς
784 2972 850 3027 ἂν
886 2972 1170 3027 κάνταῦθα
1214 2973 1595 3045 πληρούμενον
1642 2976 1727 3046 εἴη
1765 2975 1846 3043 τὸ,

261 3084 281 3118 ι
311 3064 487 3120 Ὅπου
510 3065 837 3119 ἐπλεόνασεν
861 3066 1154 3137 ήὰμαρτία
1177 3086 1196 3119 ι
1226 3065 1523 3138 (τουτέστιν
1544 3068 1602 3121 ὲν
1626 3069 1693 3139 τῇ
1716 3066 1846 3138 Εὕα,

253 3156 379 3227 ἥτις
400 3157 625 3226 γέγονεν
651 3159 715 3211 ἐκ
734 3156 977 3228 πλευρᾶς
992 3158 1087 3211 τοῦ
1105 3158 1319 3228 Ἀδάμ),
1354 3177 1373 3210 ι
1395 3160 1512 3212 ἐκεῖ
1530 3160 1851 3231 ὲπερίσσευ·

258 3251 395 3321 σενή
409 3250 589 3321 χάρις,
603 3246 739 3304 »οἷον
754 3252 810 3303 ὲν
826 3253 892 3321 τῇ
907 3249 1001 3304 τοῦ
1017 3249 1255 3322 Χριστοῦ
1272 3250 1503 3323 πλευρᾷ.
1523 3251 1850 3321 Περισσεύει

1948 2159 2249 2217 ﬂuxerunt.
2296 2154 2431 2219 Post
2461 2163 2673 2218 obitum
2707 2163 2854 2219 enim
2897 2164 3099 2218 vulnus
3132 2162 3235 2217 boc
3265 2160 3534 2216 inﬂictum

1948 2261 2053 2318 est,
2084 2262 2139 2308 et
2161 2263 2284 2324 post
2306 2256 2507 2311 vulnus
2532 2272 2599 2311 ex
2631 2256 2805 2312 latere
2835 2255 3062 2311 ﬂumina
3089 2255 3182 2309 illa
3211 2261 3533 2309 manarunt.

1950 2338 2011 2397 In
2060 2342 2230 2398 latere
2276 2358 2426 2407 vero,
2477 2358 2654 2414 neque
2706 2344 2811 2399 alia
2859 2342 3108 2415 corporis
3153 2352 3309 2412 parte
3337 2342 3537 2396 vulnus

1951 2438 2186 2509 accepit,
2208 2439 2335 2509 quia
2358 2455 2425 2495 ex
2449 2440 2623 2495 latere
2646 2439 2866 2510 quidem
2892 2438 3083 2495 Adami
3111 2446 3236 2494 nata
3262 2446 3348 2494 est
3375 2452 3538 2499 uxor,

1952 2545 2048 2600 per
2094 2530 2243 2585 illam
2290 2545 2424 2587 vero
2478 2532 2657 2587 eidem
2713 2541 2996 2602 peccatum
3033 2539 3116 2587 est
3155 2530 3538 2587 conciliatum.

1959 2622 2217 2679 Christus
2242 2624 2451 2695 itaque,
2475 2623 2619 2681 Deus
2651 2634 2863 2689 noster,
2897 2640 3073 2681 novus
3098 2624 3365 2690 Adamus,
3388 2622 3442 2677 iu
3464 2621 3538 2677 la-

1954 2723 2069 2772 tere
2098 2717 2443 2785 vulneratur,
2490 2727 2752 2789 tanquam
2797 2717 2890 2788 qui
2934 2734 3033 2789 per
3068 2718 3212 2773 latus
3252 2724 3539 2787 peccatum

1952 2808 2154 2877 exiliet,
2202 2817 2256 2864 et
2287 2809 2461 2865 Adam
2478 2826 2568 2865 um
2607 2825 2635 2864 a
2674 2822 2921 2880 peccato,
2955 2826 3050 2881 per
3086 2810 3229 2865 latus
3260 2809 3326 2864 ad
3357 2809 3538 2879 ipsum

1953 2906 2186 2976 perlato.
2236 2907 2453 2973 liberet,
2487 2917 2547 2963 ut
2580 2908 2654 2964 ita
2694 2911 2795 2964 bac
2832 2908 2995 2963 etiam
3044 2916 3199 2979 parte
3244 2907 3542 2979 impleatur

1954 2997 2131 3055 illud:
2172 3016 2190 3049 ι
2224 2998 2323 3054 Ubi
2364 3000 2660 3056 abundavit
2710 3008 3018 3070 peccatum,
3078 3018 3097 3051 ι
3156 3014 3350 3070 nempe
3397 2997 3543 3068 apud

1954 3087 2145 3155 Evam,
2171 3106 2294 3161 quae
2331 3090 2475 3147 facta
2511 3099 2597 3147 est
2627 3107 2693 3147 ex
2728 3093 2899 3147 latere
2943 3092 3164 3155 Adami,
3198 3110 3217 3143 ι
3253 3092 3327 3147 ibi
3366 3090 3533 3146 etiam

1955 3182 2254 3238 abundavit
2280 3183 2456 3253 gratia
2495 3182 2566 3249 '°,
2625 3204 2642 3235 ι
2682 3199 2879 3253 nempe
2916 3185 2969 3238 in
3017 3185 3185 3239 latere
3218 3183 3447 3239 Christi.
3479 3184 3537 3238 In

1957 3276 2127 3333 latere
2148 3276 2294 3332 enim
2320 3276 2412 3332 illo
2434 3286 2721 3348 peccatum
2748 3277 3015 3345 abundat,
3040 3277 3188 3347 quod
3212 3277 3338 3333 inde
3356 3286 3541 3332 ortunn

258 3341 360 3411 μὲν
397 3340 508 3412 γὰρ
546 3342 605 3395 ὲν
627 3342 813 3414 ἐκείνῃ
841 3345 907 3413 τῇ
940 3342 1206 3415 πλευρᾷὴ
1239 3344 1507 3416 ἁμαρτία,
1540 3344 1849 3399 ὃτιὲκεῖθεν

1963 3376 2043 3423 est
2067 3368 2267 3422 malum
2294 3384 2307 3422 :
2332 3368 2584 3424 vicissim
2618 3384 2748 3424 vero
2777 3370 2830 3424 in
2856 3368 3071 3424 Domini
3104 3370 3277 3425 latere
3299 3368 3545 3424 abundat

255 3432 359 3501 ἔφυ
381 3432 443 3486 τὸ
463 3433 652 3488 κακόν.
684 3433 1009 3505 Περισσεύει
1038 3434 1094 3487 δὲ
1128 3435 1292 3490 πάλιν
1331 3437 1389 3489 ὲν
1421 3436 1488 3508 τῇ
1542 3436 1851 3507 Δεσποτικῇ

258 3526 473 3599 πλευρᾷ
534 3528 567 3598 ἡ
622 3528 803 3598 χάρις,
858 3527 1027 3582 ὅτιού
1061 3529 1222 3599 μόνον
1273 3530 1307 3601 ἡ
1354 3530 1456 3600 τῆς
1493 3531 1771 3602 ἁμαρτίας
1797 3531 1855 3583 ὲν

256 3616 436 3689 ταύτῃ
467 3617 694 3687 γέγονεν
727 3619 1013 3690 ἀναίρεσις
1066 3620 1163 3673 καὶ
1208 3619 1416 3692 πληγὴ,
1450 3620 1565 3675 ἁλλ’
1590 3622 1672 3675 ὃτι
1700 3622 1793 3675 καὶ
1821 3622 1855 3693 ἡ

259 3709 361 3779 τῆς
386 3710 661 3780 σωτηρίας
696 3710 848 3781 πηγὴ
863 3712 955 3784 καὶ
970 3710 1239 3782 κάθαρσις
1270 3711 1331 3778 ἐξ
1360 3712 1531 3784 αὐτῆς
1559 3712 1855 3767 ἀνέϐλυσεν

260 3801 361 3856 καὶ
408 3801 581 3874 μένει,
621 3803 697 3875 μὴ
750 3803 1051 3875 κενουμένη
1106 3804 1196 3857 διὰ
1245 3804 1467 3867 παντός.
1532 3805 1704 3870 Ἴασις
1760 3806 1855 3861 οὖν

261 3892 474 3961 γίνεται
516 3891 701 3946 λοιπὸν
734 3894 767 3964 ὴ
803 3892 1017 3966 πλευρά
1070 3895 1169 3966 τῆς
1200 3895 1465 3967 πλευρᾶς,
1489 3898 1523 3965 ὴ
1580 3897 1853 3969 πληγεῖσα

262 3984 434 4057 λόγχη
462 3985 561 4056 τῆς
590 3985 892 4058 πληγείσης
914 3987 1181 4059 ἁμαρτίᾳ·

789 4099 1127 4154 ΕΡΩΤΗΣΙΣ
1173 4099 1325 4154 ΤΙΑ’.

271 4193 336 4249 Τί
372 4193 505 4248 ἐστι
545 4192 694 4263 (II)°
735 4214 752 4246 ‹
790 4194 1020 4263 Κύριε,
1043 4192 1131 4262 μὴ
1189 4191 1432 4259 στήσῃς
1477 4193 1683 4259 αὐτοῖς
1746 4192 1859 4259 τὴν

336 4264 892 4403 Ξμαρτῇινταύτην
943 4262 1079 4335 (12)·
1126 4282 1144 4314 ι
1181 4265 1274 4317 καὶ
1297 4301 1313 4327 ,
1342 4266 1393 4316 ει
1421 4262 1640 4317 ἔλαϐεν
1676 4262 1861 4331 πέρας

428 4351 539 4403 ευχ
602 4350 619 4397 ;

1959 3459 2155 3531 gratia,
2189 3460 2337 3531 quod
2381 3460 2438 3515 iu
2465 3461 2560 3515 illo
2584 3470 2875 3531 peccatum
2915 3476 3021 3517 non
3056 3469 3269 3517 tantum
3298 3461 3461 3516 ﬁnem
3492 3471 3550 3515 et

1959 3551 2165 3607 vulnus
2197 3552 2432 3622 accepit,
2481 3553 2574 3608 sed
2604 3570 2671 3609 ex
2705 3554 2898 3609 eodem
2940 3568 3162 3625 quoque
3195 3553 3318 3609 fons
3350 3553 3547 3609 salutis

1961 3652 2010 3699 et
2040 3644 2293 3714 purgatio
2313 3643 2497 3712 ﬂuxit,
2522 3652 2577 3700 et
2632 3656 2893 3712 tauquam
2936 3660 3218 3716 nunquam
3270 3644 3539 3699 abolenda

1962 3744 2297 3805 perseverat.
2325 3734 2498 3792 Latus
2520 3737 2711 3809 itaque
2734 3739 2896 3794 lateri
2923 3739 3263 3795 sanationem
3299 3744 3546 3808 praestat,

1962 3830 2109 3885 latus
2137 3844 2356 3901 nempe,
2382 3831 2569 3887 lancea
2593 3829 2928 3900 perfossum,
2958 3830 3113 3887 lateri
3139 3845 3235 3901 per
3258 3840 3549 3901 peccatum

1963 3920 2271 3977 vulnerato.

2091 4099 2425 4169 duasne
2466 4101 2668 4157 cccxx
2710 4100 2926 4173 [Coisl.,
2960 4098 3126 4153 Taur.
3166 4097 3427 4169 cxxw}.

1967 4196 2108 4261 Quid
2153 4195 2421 4266 signiﬁcat
2478 4196 2662 4249 illud:
2718 4215 2735 4247 ‹
2773 4192 3129 4266 Ποιηὶηενηε
3174 4203 3384 4248 statuas
3434 4192 3547 4266 illis

2035 4267 2132 4319 hoc
2176 4263 2488 4369 peccqatum;
2520 4285 2536 4317 ι
2574 4277 2624 4319 et
2665 4284 2733 4320 an
2769 4273 2955 4321 eventu
2997 4264 3066 4316 sit
3095 4266 3407 4335 conﬁrmata
3440 4263 3550 4317 Ιηιέ

2035 4338 2268 4369 arm-"rh.

2033 4348 2293 4405 precatio:

268 4450 521 4502 Editarum
542 4462 571 4498 a
602 4449 781 4500 Wolfio
800 4450 1172 4514 quadragesima
1190 4456 1361 4511 quarta
1385 4450 1440 4513 (l.
1467 4464 1509 4499 c.
1534 4464 1581 4513 p.
1619 4450 1847 4563 τοδ-ἐοῗ.

1778 4527 1802 4562 c
1835 4552 1845 4562 .

1972 4452 2101 4563 lay’gd.
2126 4465 2175 4514 p.
2209 4452 2319 4511 7H,
2341 4451 2452 4513 715,
2475 4465 2523 4500 n.
2558 4451 2633 4499 l9.
2660 4479 2717 4487 —
2738 4452 2812 4501 De
2848 4456 3073 4503 oratione
3096 4450 3249 4502 sancti
3288 4448 3548 4511 Stephani.

1778 4527 1845 4562 ct.
1882 4527 1965 4573 vn,
1994 4527 2073 4563 συ.

339 4598 417 4655 Τδ
439 4601 518 4666 δὲ,
550 4619 569 4652 ι
601 4600 797 4669 Κύριε,
826 4602 901 4671 μὴ
934 4602 1139 4673 στήσῃς
1165 4600 1347 4677 αρτοῖς
1368 4602 1468 4670 τὴν
1498 4601 1795 4672 ἁμαρτίαν,
1832 4622 1849 4653 ι

2037 4602 2252 4657 Dictum
2329 4602 2462 4657 illud

270 4696 367 4750 καὶ
391 4694 541 4764 ἑξῆς,
563 4696 683 4765 οὐχ,
714 4695 791 4758 ὠς
844 4695 909 4749 ἄν
942 4711 1026 4757 τις
1076 4692 1266 4758 ἁπλῶς
1299 4692 1509 4764 οἰηθείη
1542 4695 1675 4764 (15),
1709 4694 1860 4749 ἐκϐέ-

337 4807 384 4839 ⁸⁹
405 4804 562 4864 Joan.
601 4823 713 4870 xxx,
749 4807 839 4860 55.
915 4806 959 4838 '°
983 4804 1120 4859 Rom
1161 4820 1216 4870 ν,
1243 4802 1335 4858 28.

2520 4622 2532 4657 :
2593 4621 2611 4654 ι
2660 4600 2739 4658 Ne
2808 4611 3019 4658 statuas
3085 4601 3192 4655 illis
3260 4605 3552 4669 peccatum

1967 4695 2092 4761 hoc,
2121 4714 2138 4745 ι
2186 4705 2294 4749 etc.
2336 4708 2443 4747 non
2485 4692 2732 4763 quidem,
2779 4692 2922 4763 quod
2982 4691 3303 4749 existimare
3352 4688 3554 4758 aliquis

1800 4988 2036 5046 NOTAE.

346 5086 424 5160 (⁷)
460 5086 570 5160 Et?”
616 5087 726 5160 πρὸ
757 5088 876 5157 τῆς.
898 5088 1052 5142 Colb-
1085 5090 1181 5156 τῆς
1213 5088 1455 5160 πρώτης.

347 5158 427 5226 (8)
466 5157 558 5213 Sic
605 5157 744 5211 idem
786 5174 892 5227 pro
928 5160 994 5212 ἂν
1049 5160 1243 5213 εἰπεῖν.

347 5230 429 5360 (9)
466 5228 586 5298 ὥρα
633 5228 841 5293 scribo,
888 5244 989 5300 pro
1017 5231 1137 5300 δρα.

380 5298 463 5360 10)
488 5298 565 5360 δέ,
590 5312 659 5353 ex
693 5296 841 5353 Colb.

380 5298 463 5368 I0)
488 5296 565 5361 δέ,
590 5312 659 5353 ex
693 5296 841 5353 Colb.

350 5362 466 5440 (Il)
502 5369 581 5423 De
604 5369 817 5441 eodem
860 5370 984 5426 loco
1016 5371 1145 5427 vide
1193 5370 1446 5427 Photium
1478 5371 1715 5441 cpistola
1758 5370 1858 5425 146

280 5438 452 5511 (nunc
490 5438 641 5494 tertii
696 5439 824 5511 libri
853 5441 968 5510 46),
1006 5442 1102 5497 ubi
1148 5450 1334 5499 tamen
1387 5438 1542 5495 illum
1590 5458 1700 5496 non
1747 5451 1857 5495 tam

278 5510 538 5582 explicat,
565 5525 731 5580 quam
752 5510 811 5565 in
838 5527 999 5568 usum
1020 5514 1287 5569 adversus
1308 5512 1594 5568 inimicum
1621 5512 1863 5582 aliquem

278 5582 572 5638 convertit.

353 5650 666 5725 (1ἓ)Ἶει-1)ει
690 5662 819 5710 sunt
840 5653 1105 5725 Stephani
1127 5655 1244 5710 Act.
1269 5670 1365 5720 vn,
1386 5654 1477 5719 59,
1502 5653 1702 5709 similia
1730 5653 1859 5725 illis,

280 5736 403 5791 qum
423 5722 710 5793 Dominus,
732 5738 801 5780 ex
819 5722 983 5782 cruce
1009 5725 1274 5797 pendens,
1301 5725 1697 5797 pronuntiabat
1716 5742 1728 5778 :
1747 5724 1861 5778 Πά-

1963 5090 2257 5160 τερ,νὰφες
2280 5088 2486 5153 αὐτοῖς·
2512 5088 2715 5160 οὐγὰρ
2745 5086 2944 5160 οἴδασι,
2982 5081 3302 5160 τίλποιοῦσι.
3332 5082 3555 5160 Utrum-

1964 5154 2072 5228 qu'e
2094 5154 2278 5214 locum
2303 5160 2552 5218 thius.
2588 5154 2705 5213 hinc
2737 5158 3012 5221 scribens,
3041 5156 3099 5210 in
3119 5163 3303 5228 mente
3336 5154 3550 5228 li'abuit.

1964 5224 2272 5300 Utrumque
2324 5230 2490 5284 etiam
2532 5230 2585 5283 in
2639 5244 2729 5298 cp.
2783 5224 3222 5300 IIGAconjungit
3279 5224 3552 5300 :MKGptc,

1967 5301 2042 5370 μὴ
2092 5295 2309 5426 στῆσηξ
2352 5302 2535 5363 αὐτοῖς
2581 5295 2691 5370 τὴν
2714 5296 3007 5367 ἁμαρτίαν·
3041 5295 3103 5349 οὐ
3134 5297 3245 5364 γὰρ
3271 5295 3470 5357 οἴδασι,
3502 5295 3556 5349 τί

1967 5386 2202 5424 ποιουσι.
2314 5386 2480 5425 ovum
2515 5371 2621 5425 hoc
2652 5379 2738 5424 est
2766 5367 3105 5426 exemplum,
3135 5366 3395 5421 Nostrum
3441 5380 3554 5419 non

1964 5366 2202 5424 ποιοῦσιζ
2246 5366 2480 5426 ’Νονιιιη
2515 5366 3395 5439 ΙιοοὀειοχθῐηριιιιηκΝοειηιηι
3441 5380 3554 5419 non

1973 5440 2269 5495 admodum
2317 5449 2638 5496 accuratum
2674 5440 2728 5493 in
2762 5436 3071 5494 excitandis
3101 5436 3404 5505 Scriptum
3429 5450 3556 5489 ora-

1974 5511 2119 5565 culis
2143 5511 2368 5582 fuisse;
2424 5510 2573 5582 quod
2620 5518 2678 5565 et
2711 5510 2848 5565 alias
2890 5509 2995 5580 ipsi
3046 5524 3151 5564 usu
3212 5506 3454 5572 venisse,
3484 5520 3555 5560 ex

1971 5581 2355 5651 superioribus
2386 5589 2625 5637 constat.

2043 5644 2155 5777 (Ιέ)
2187 5651 2372 5734 Codex
2414 5652 2656 5708 habebat
2685 5652 2888 5709 iterum
2925 5650 3046 5717 οὐκ,
3072 5658 3199 5704 antc
3230 5644 3552 5717 ἔκόἐσηκιν,

2050 5740 2081 5777 0
2159 5738 2341 5777 onusr.

1971 5738 2117 5794 quoa
2159 5738 2341 5779 onusn
