3930 6218
395 289 535 357 1159

1536 291 1761 352 PHOTI
1770 292 1795 351 Ι
1836 291 2343 352 PATRIARCH/E
2372 292 2467 352 CI‘.

3536 291 3678 359 1160

396 415 628 476 poterat,
664 406 875 461 exitum
921 404 1134 471 habuit,
1177 419 1356 475 neque
1383 405 1628 475 precatio
1652 404 1744 457 illa
1775 412 1976 458 eventu

2089 404 2254 473 δηκεν
2286 404 2367 464 είς
2420 401 2616 474 πέρας,
2649 401 2771 455 οὐδὲ
2804 402 2864 455 τδ
2889 401 3044 465 τέλος
3076 401 3391 474 ἀπείληφεν
3430 404 3461 476 ἡ
3516 404 3681 476 εὐχή.

396 501 717 556 confirmata
764 510 869 557 est.
924 501 1189 557 Dominus
1235 499 1378 555 enim
1434 508 1643 562 noster,
1694 499 1978 553 hominum

396 592 836 659 amantissimus,
858 593 1186 664 generisque
1212 590 1383 646 nostri
1410 587 1682 656 Salvator,
1703 598 1979 659 precatur,

396 699 468 739 ne
490 694 765 741 statuatur
788 686 895 741 hoc
918 695 1202 757 peccatum
1229 685 1362 749 illis,
1386 684 1475 753 qui
1502 699 1561 739 se
1582 682 1979 747 cruciﬁxerint,

398 776 637 847 primum
669 778 891 847 quidem
925 778 1068 844 ideo,
1102 786 1162 832 ut
1196 776 1564 831 humanitatis
1591 774 1753 829 nobis
1774 783 1828 829 et
1861 790 1983 827 Inu-

398 880 506 927 tute
536 870 934 927 benevolentia:
960 870 1273 939 exemplum
1309 868 1493 933 sistat,
1538 876 1595 922 ut
1644 881 1716 921 ne
1760 866 1813 920 in
1858 865 1984 922 illos

398 982 637 1038 quoque,
674 965 769 1038 qui
796 972 1025 1020 mortem
1051 962 1211 1017 nobis
1241 959 1548 1017 machinari
1572 959 1846 1025 videntur,
1878 959 1981 1023 ira,

397 1059 858 1116 excandescentia
911 1067 965 1114 et
1006 1056 1144 1112 diris
1194 1054 1543 1110 invehamur.
1595 1051 1803 1108 Deinde
1854 1066 1985 1107 vero

401 1163 658 1222 precatur
692 1152 880 1216 etiam,
926 1166 996 1206 ne
1040 1150 1150 1205 illis
1194 1155 1473 1203 statuatur
1523 1146 1629 1201 hoc
1676 1152 1983 1216 peccatum,

399 1246 491 1316 qui
527 1245 793 1300 desistant
820 1258 850 1298 a
883 1243 1049 1309 malo,
1103 1257 1205 1297 nec
1233 1257 1398 1312 porro
1441 1240 1497 1295 in
1529 1239 1672 1295 idem
1715 1240 1985 1309 protervi-

402 1338 530 1393 tatis
575 1346 629 1391 et
664 1335 1031 1406 improbitatis
1076 1334 1295 1391 culmen
1340 1332 1669 1389 evehantur.
1710 1331 1855 1398 .lam,
1889 1331 1985 1401 qui

399 1429 733 1483 destiterunt
758 1443 788 1483 a
815 1427 1049 1494 malitia,
1070 1414 1190 1482 illis
1216 1440 1379 1497 poena
1405 1424 1689 1480 commissi
1734 1424 1985 1480 criminis

401 1530 509 1569 non
551 1513 752 1569 inflicta
785 1523 890 1571 est.
920 1514 1075 1571 Multi
1103 1515 1251 1571 enim
1294 1512 1610 1569 Judaeorum
1656 1528 1766 1567 non
1806 1514 1985 1569 solum

404 1606 619 1660 veniam
648 1607 794 1661 nacti
838 1616 987 1673 sunt,
1016 1607 1108 1663 sed
1141 1614 1197 1661 et
1231 1607 1520 1662 veritatem
1552 1618 1744 1677 postea
1781 1606 1985 1671 edocti,

2086 492 2313 563 Εὐχεται
2337 494 2434 563 μὲν
2468 492 2577 564 γάρ
2608 493 2637 545 ό
2666 491 3051 563 φιλάνθρωπος
3078 492 3237 563 ήμῶν
3260 495 3563 565 Δεσπότης,
3592 495 3687 548 καὶ

2082 587 2175 639 τού
2204 587 2395 655 γένους
2419 586 2631 655 Σωτὴρ,
2659 584 2734 656 μὴ
2764 586 2958 655 στῆναι
3005 586 3120 649 τοῖς
3160 586 3549 655 σταυρώσασιν
3576 586 3679 657 τὴν

2084 679 2381 751 ἁμαρτίαν,
2422 677 2581 731 τοῦτο
2618 677 2717 748 μὲν
2746 677 3083 748 ὑπογράφων
3110 678 3241 749 ἡμῖν
3267 676 3689 749 φιλανθρωπίας

2082 773 2287 836 τύπους
2314 772 2409 826 καὶ
2432 773 2530 841 τῆς
2556 770 2693 843 πρὸς
2727 770 2992 841 ἀλλήλους
3016 770 3253 835 εὐνοίας,
3282 770 3369 823 ἴνα
3398 770 3538 842 μηδέ
3564 771 3686 824 κατ’

2083 864 2261 919 αὐτῶν
2289 863 2399 919 τῶν
2429 864 2729 919 δοκούντων
2787 864 2954 935 φονᾷν
2985 862 3110 917 καθ’
3141 862 3332 935 ἡμῶν,
3362 865 3444 925 είς
3479 863 3689 934 θυμοὺς

2083 958 2394 1030 ἐφερόμεθα
2435 958 2573 1029 (Η),
2605 957 2702 1011 καὶ
2728 956 2921 1029 ὀργὰς,
2954 958 3048 1011 καὶ
3065 959 3228 1028 ἀράς.
3255 958 3493 1012 Ἔπειτα
3520 958 3579 1012 δέ
3610 957 3686 1029 μὴ

2086 1046 2276 1117 στῆναι
2306 1044 2405 1115 μὲν
2435 1046 2619 1110 αὐτοῖς
2649 1045 2941 1118 ἐπεύχεται
2970 1047 3070 1118 τὴν
3107 1049 3410 1119 ἁμαρτίαν,
3451 1049 3687 1119 ίσταμὲο

2087 1154 2197 1201 νοις
2220 1136 2314 1192 τοῦ
2356 1137 2549 1203 κακοῦ,
2587 1138 2683 1192 καὶ
2724 1137 2800 1209 μὴ
2848 1138 3185 1210 πορρωτέρω
3213 1140 3541 1210 φερομένοις
3588 1140 3689 1193 ἐπὶ

2080 1229 2177 1282 τὸν
2206 1230 2369 1283 αὐτὸν
2382 1230 2482 1297 τῆς
2509 1229 2799 1297 ἀσελγείας
2826 1245 2885 1283 τε
2916 1229 3009 1283 καὶ
3031 1231 3383 1301 παρανομίας
3411 1233 3686 1303 κρημνόν.

2087 1323 2197 1377 Καὶ
2227 1323 2342 1377 ὅσοι
2376 1340 2440 1393 γε
2485 1322 2725 1395 ἔστησαν
2753 1321 2849 1375 τοῦ
2906 1322 3103 1387 κακοῦ,
3131 1324 3233 1378 οὐκ
3267 1324 3474 1394 ἐπέστη
3500 1326 3691 1389 αὐτοῖς

2085 1415 2194 1469 οὐδ’
2228 1416 2261 1486 ή
2292 1413 2401 1467 τῶν
2440 1413 2872 1485 ἁμαρτηθέντων
2904 1414 3287 1485 δίκη.-Πολλοὶ
3319 1417 3430 1487 γὰρ
3480 1418 3545 1471 ἐκ
3575 1418 3689 1472 τῶν

2102 1508 2373 1563 Ἰουδαίων
2390 1510 2449 1562 οὐ
2488 1509 2649 1580 μόνον
2674 1509 2773 1580 τῆς
2805 1509 3139 1582 συγγνώμης
3170 1510 3523 1581 ἀπήλαυσαν,
3547 1511 3687 1566 ἀλλὰ

2087 1602 2184 1656 καὶ
2210 1602 2309 1674 τὴν
2338 1601 2598 1673 ἀλήθειαν
2641 1601 3071 1673 μεταμαθόντες,
3116 1603 3682 1675 προσδεδραμηκότες

394 1705 452 1751 et
483 1697 701 1768 pietatis
728 1699 913 1754 studio
951 1700 1123 1765 ducti,
1155 1698 1248 1753 lilii
1292 1707 1347 1754 et
1395 1697 1638 1753 bzeredes
1678 1697 1829 1768 regni
1870 1712 1983 1753 cm-

2089 1697 2155 1767 τῇ
2191 1694 2464 1766 εὐσεϐείᾳ,
2500 1695 2607 1748 υἱοὶ
2636 1697 2730 1749 καὶ
2762 1694 3091 1767 κληρονόμοι
3124 1695 3225 1768 τῆς
3280 1696 3392 1751 τῶν
3433 1697 3685 1768 οὐρανῶν

400 1766 551 1843 lestis
579 1800 893 1847 evaserunt.
919 1789 1022 1858 Qui
1050 1806 1176 1846 vero
1205 1789 1274 1845 ab
1314 1789 1617 1860 impietatis
1654 1766 1837 1846 studio
1860 1804 1983 1860 pro-

2096 1766 2376 1861 βασιλείας
2414 1789 2842 1861 ἀπεδείχθησαν.
2873 1766 3032 1843 Ὅσοι
3078 1790 3136 1843 δὲ
3182 1766 3282 1862 τῆς
3330 1766 3517 1863 πρόσω
3575 1791 3685 1846 τῶν

398 1882 648 1938 vehendo
678 1884 782 1939 sibi
807 1899 917 1940 non
963 1892 1363 1955 temperarunt,
1393 1884 1486 1939 sed
1518 1882 1695 1939 caedes
1738 1882 1983 1938 cmdibus

2095 1881 2285 1935 κακῶν
2317 1881 2419 1935 οὐκ
2448 1880 2684 1952 ἔστησαν
2715 1882 2908 1951 φορᾶς,
2933 1881 3071 1935 ἀλλά
3099 1882 3411 1952 μιαιφονίας
3444 1884 3537 1936 ἐπὶ
3568 1883 3683 1954 (15)

398 1975 765 2043 cumulantes,
842 1978 897 2032 in
965 1978 1261 2033 maximam
1308 1977 1603 2033 amentiam
1672 1984 1802 2031 sunt
1855 1990 1984 2046 pro—

405 2067 565 2135 lapsi,
608 2067 687 2122 illi
734 2069 954 2140 quidem
987 2071 1186 2126 merito
1225 2084 1419 2141 poenas
1452 2069 1741 2125 dederunt.
1770 2067 1984 2124 Nihilo-

402 2159 584 2213 minus
616 2166 799 2213 tamen
844 2159 960 2215 haec
1011 2160 1320 2216 Salvatoris
1356 2160 1533 2216 nostri
1581 2159 1827 2230 precatio
1861 2168 1983 2216 rata

400 2250 524 2315 fuit,
570 2266 672 2307 nec
698 2266 867 2323 scopo
898 2268 999 2309 suo
1023 2254 1244 2311 excidit.
1276 2252 1411 2309 Novi
1441 2251 1663 2323 quidem
1688 2252 1986 2307 nonnullos

398 2343 565 2396 alium
610 2359 835 2400 sensum
875 2344 1024 2401 dicto
1071 2346 1203 2401 huic
1235 2344 1531 2415 subjicere,
1590 2342 1737 2414 quod
1790 2358 1987 2414 nempe

401 2435 501 2499 illi,
534 2434 628 2506 qui
658 2435 939 2492 Christum
970 2436 1385 2506 eruciﬁgcbant,
1416 2444 1473 2491 et
1503 2433 1842 2506 perpessioni
1865 2434 1985 2506 ejus

398 2527 648 2594 aderant,
677 2542 788 2584 non
811 2542 879 2584 ex
904 2526 1110 2587 Iudaeis
1128 2528 1354 2593 fuerint,
1384 2529 1478 2585 sed
1506 2528 1740 2585 Romani
1772 2531 1983 2601 potius,

400 2630 453 2674 et
468 2635 533 2675 ex
558 2620 682 2676 aliis
704 2621 960 2692 gentibus
984 2622 1114 2691 orti,
1142 2637 1266 2678 cum
1290 2620 1464 2679 «ιυύωὶ
1496 2622 1733 2694 professi
1754 2621 1981 2690 fuerint,

397 2710 677 2767 Christum
707 2713 1012 2769 secundum
1055 2713 1231 2785 legem
1263 2728 1421 2770 suam
1447 2714 1591 2769 mori
1623 2713 1849 2783 debere,
1880 2716 1983 2772 sibi

397 2816 526 2858 vero
544 2819 653 2859 non
675 2803 841 2860 licere
858 2820 1192 2877 quemquam
1216 2804 1795 2878 occidere.Postquam
1816 2808 1982 2863 etiam

396 2895 679 2952 Christum
730 2896 905 2952 Pilato
956 2899 1337 2964 tradiderunt,
1388 2898 1591 2954 milites
1637 2898 1873 2955 Romani
1929 2910 1985 2956 et

400 2988 690 3060 gentilium
725 2989 819 3045 alii
855 3004 1072 3058 eorum,
1112 3006 1236 3059 qua:
1266 2997 1458 3059 postea
1484 2990 1540 3045 in
1574 2989 1858 3046 Christum
1883 3006 1983 3061 pa-

396 3082 723 3149 trabantur,
765 3082 1074 3139 administri
1122 3092 1298 3139 erant.
1341 3083 1480 3138 Cum
1532 3084 1680 3139 enim
1724 3085 1979 3140 Christus

395 3171 714 3242 prodendus
735 3181 902 3239 esset,
927 3171 1124 3241 Judaei,
1155 3180 1421 3243 tanquam
1448 3170 1714 3229 Romanis
1727 3173 1980 3245 subjecti,

397 3276 499 3316 nec
528 3276 613 3329 ea,
654 3278 778 3333 quae
811 3262 1033 3329 vellent,
1076 3263 1341 3334 perlicere
1369 3264 1638 3332 valentes,
1681 3279 1791 3320 non
1814 3266 1984 3321 aude-

398 3356 532 3411 bant
576 3355 677 3411 soli
723 3365 1008 3427 capturam
1042 3356 1161 3425 ejus
1211 3359 1516 3428 suscipere,
1562 3357 1658 3414 sed
1703 3358 1983 3426 cohortem

396 3448 580 3518 potius
603 3457 656 3503 et
677 3448 955 3503 tribunum
981 3449 1219 3520 aliquem
1247 3451 1351 3507 sibi
1383 3450 1703 3522 jungebant.
1741 3451 1989 3523 Propter-

397 3556 460 3597 ea
488 3540 758 3599 Dominus
788 3551 999 3609 noster,
1035 3541 1197 3599 Jesus
1228 3544 1520 3611 Christus,
1568 3552 1834 3617 tanquam
1879 3545 1985 3601 hu-

400 3635 549 3690 mani
576 3636 795 3707 generis
822 3635 1257 3699 amantissimus.
1290 3645 1344 3693 et
1376 3647 1645 3694 creatura:
1674 3654 1789 3695 sua:
1822 3654 1984 3709 pros-

396 3727 627 3797 piciens,
656 3728 1053 3799 benignitatem
1080 3740 1132 3785 et
1154 3729 1552 3785 immanitatem
1576 3746 1728 3785 suam
1748 3730 1984 3802 quadam

398 3819 734 3889 precationis
758 3818 996 3874 formula
1024 3833 1412 3889 expressurus,
1430 3817 1566 3873 dicit
1591 3835 1605 3873 :
1631 3836 1649 3869 ι
1674 3815 1753 3874 Ne
1775 3826 1986 3874 statuas

400 3908 510 3963 illis
540 3907 645 3964 hoc
665 3919 981 3979 peccatum;
1013 3928 1031 3961 ι
1066 3921 1120 3966 et
1154 3919 1344 3980 postea
1373 3910 1555 3964 addit:
1587 3928 1604 3960 ι
1633 3906 1822 3980 Neque
1839 3909 1983 3964 enim

401 3999 609 4065 sciunt,
646 4015 767 4070 qua;
812 4000 1041 4057 faciunt.
1078 4022 1096 4055 ι
1147 4000 1288 4057 Vere
1316 4002 1462 4056 enim
1513 4008 1569 4056 et
1610 3998 1985 4056 Romanorum

400 4102 584 4147 turma
614 4104 667 4148 et
688 4094 921 4165 gentiles
946 4094 1142 4166 casteril
1166 4094 1512 4158 nesciebant,
1548 4094 1680 4165 quid
1719 4092 1983 4150 facerent.

397 4182 591 4258 Neque
624 4187 771 4243 enim
798 4202 862 4243 ea
893 4196 1052 4243 erant
1089 4188 1290 4256 edocti,
1331 4204 1454 4259 quae
1483 4188 1569 4244 lex
1611 4196 1665 4243 et
1704 4188 1988 4258 propheta:

400 4278 471 4334 de
504 4294 571 4336 eo
613 4281 1139 4351 praanuntiaverant.
1172 4280 1437 4336 Precatur
1482 4280 1686 4351 itaque,
1724 4279 1986 4351 inquiunt

397 4370 502 4435 illi,
544 4385 645 4442 pro
674 4370 969 4439 Romanis,
1000 4380 1055 4428 et
1097 4373 1398 4444 gentilibus
1419 4373 1660 4437 caeteris,
1705 4378 1759 4427 et
1796 4386 1985 4441 prcca-

2010 3130 2057 3191 (Ξ

2099 1974 2436 2046 μιαιφονίαις
2464 1973 2887 2047 προστιθέντες,
2935 1975 3017 2035 εἰς
3078 1973 3309 2045 ἐσχατον
3378 1974 3681 2041 ἐξώκειλαν

2096 2065 2373 2131 ἀπονοίας,
2401 2060 2545 2121 οὗτοι
2575 2065 2673 2137 μὲν
2698 2066 2924 2131 δικαίως
2954 2067 3051 2139 τὴν
3072 2066 3229 2134 δίκην
3252 2067 3518 2121 ἀπέτισαν
3544 2068 3685 2139 (16).

2096 2156 2263 2210 Οὐδὲν
2289 2156 2345 2209 δὲ
2372 2149 2534 2227 ἦττον
2559 2158 2592 2227 ἠ
2621 2155 2715 2210 τοῦ
2743 2155 2997 2227 Σωτῆρος
3026 2157 3161 2228 εὐχὴ
3196 2156 3413 2228 ἔμεινεν
3443 2159 3519 2229 μὴ
3567 2159 3686 2213 δια-

2094 2246 2339 2301 πεσοῦσα
2391 2245 2485 2299 τοῦ
2545 2246 2772 2301 σκοποῦ.
2821 2242 2952 2300 Οἶδα
3015 2245 3073 2300 δὲ
3133 2264 3286 2311 τινας
3336 2248 3432 2301 καὶ
3490 2248 3688 2319 ἑτέραν

2094 2338 2351 2410 τοιαύτην
2385 2337 2855 2407 ὐποδαλλομένους
2882 2336 3121 2392 διάνοιαν
3155 2336 3233 2408 τῷ
3261 2338 3435 2410 ῥητῷ,
3490 2338 3686 2411 ὅτιπερ

2092 2430 2523 2503 οἱσταυροῦντες
2546 2430 2639 2484 τὸν
2669 2429 2905 2502 Χριστδν
2939 2431 3034 2485 καὶ
3066 2430 3337 2502 παρόντες
3375 2428 3457 2502 τῷ
3490 2430 3683 2497 πάθει,

2092 2527 2213 2598 οὐχὶ
2228 2525 2337 2580 τῶν
2364 2524 2631 2579 Ἰουδαίων
2648 2518 2789 2596 ἦσαν
2811 2539 2981 2589 τινες,
3011 2520 3273 2594 Ῥωμαῖοι
3289 2522 3346 2576 δὲ
3366 2522 3569 2595 μᾶλλον
3588 2524 3687 2578 καί

2092 2636 2237 2683 τινες
2259 2617 2320 2683 ἐξ
2344 2616 2545 2688 ἐτέρων
2569 2615 2763 2682 ἐθνῶν,
2784 2613 2895 2669 τῶν
2929 2613 3195 2669 Ἰουδαίων
3211 2614 3686 2688 ἀποφηναμένων,

2094 2712 2168 2775 ώς
2196 2730 2214 2764 ι
2242 2709 2398 2766 Κατά
2416 2710 2507 2766 τὸν
2524 2709 2688 2781 νόμον
2718 2707 2877 2782 ἡμῶν
2901 2707 3107 2779 ὀφείλει
3134 2709 3454 2777 ἀποθανεῖν,
3481 2712 3689 2783 sylvas

2094 2804 2193 2857 οὐκ
2222 2802 2432 2869 ἔξεστιν
2463 2801 2654 2857 οὐδένα
2671 2803 3016 2857 ἀποκτεῖναι.
3047 2820 3067 2854 ι
3098 2797 3233 2857 Εἶτα
3253 2802 3347 2856 καὶ
3366 2800 3444 2874 τῷ
3468 2802 3691 2874 Πιλάτῳ

2093 2896 2555 2970 παραδεδωκότων
2584 2896 2675 2950 τὸν
2700 2894 2937 2967 Χριστὸν
2968 2895 3018 2949 οί
3050 2895 3317 2967 Ῥωμαῖοι
3349 2895 3692 2967 στρατιῶται

2092 2990 2187 3044 καὶ
2239 2988 2350 3043 τῶν
2401 2986 2606 3043 λοιπῶν
2664 2986 2837 3042 ἐθνῶν
2886 2986 3261 3059 ὑπηρετοῦντο
3317 2987 3507 3042 λοιπὸν
3572 2991 3689 3053 τοῖς

2092 3079 2489 3153 πραττομένοις
2513 3079 2654 3134 κατά
2677 3079 2722 3132 Χ
2733 3078 2941 3149 ριστοῢ.
2972 3079 3082 3134 Καὶ
3106 3078 3214 3151 γάρ
3244 3080 3304 3135 ἐν
3326 3082 3394 3151 τῇ
3424 3080 3695 3154 ’προδοσίᾳ⁵

2088 3174 2183 3228 τοῦ
2226 3174 2522 3240 Δεσπότου,
2564 3172 2661 3226 ἀτε
2717 3171 2783 3244 δὴ
2835 3171 3101 3245 ὐπόφοροι
3155 3173 3309 3237 ὅντες
3342 3173 3393 3226 οἱ
3437 3173 3692 3227 Ἰουδαῖοι

2104 3264 2417 3337 Ῥωμαίοις,
2432 3265 2530 3318 καὶ
2553 3264 2654 3318 οὐκ
2676 3261 2797 3330 ἐξὸν
2812 3262 2996 3330 αὐτοῖς
3014 3265 3299 3335 πράττειν,
3313 3263 3349 3320 ἀ
3368 3263 3691 3336 ἠϐούλοντο,

2090 3360 2243 3414 αὐτοὶ
2279 3358 2381 3430 μὲν
2406 3356 2549 3413 κατὰ
2581 3358 2747 3429 μόνας
2778 3358 2879 3413 οὐκ
2908 3357 3153 3429 ἐτόλμων
3180 3360 3438 3430 παρεῖναι
3462 3362 3530 3431 τῇ
3561 3360 3694 3412 συλ-

2088 3444 2272 3524 λήψει,
2322 3452 2422 3523 τὴν
2479 3451 2535 3506 δὲ
2578 3454 2810 3522 σπεῖραν
2856 3451 2952 3505 καὶ
3002 3452 3095 3506 τὸν
3162 3452 3446 3523 χιλίαρχον
3498 3454 3694 3518 αὐτοῖς

2090 3562 2214 3599 συνε
2226 3543 2541 3614 πεφέροντο.
2576 3541 2634 3596 'O
2652 3542 2744 3596 οὐν
2769 3542 2973 3614 Κύριος
3001 3542 3159 3614 ἡμῶν
3190 3542 3398 3615 Ἰησοῦς
3421 3542 3692 3615 Χριστὸς.

2086 3641 2116 3692 ὁ
2156 3639 2288 3709 περὶ
2328 3637 2390 3691 τὸ
2424 3635 2768 3709 ἀνθρώπινον
2804 3636 2962 3706 γένος
3018 3637 3423 3709 φιλάνθρωπος,
3461 3639 3558 3692 καὶ
3591 3637 3689 3692 τοῦ

2087 3731 2291 3785 οἰκείου
2315 3727 2635 3799 πλάσματος
2659 3728 3084 3800 προνοούμενος,
3108 3728 3207 3800 τὴν
3233 3728 3491 3799 βούλησιν
3518 3728 3689 3783 αὐτοῦ

2089 3823 2185 3876 καὶ
2218 3822 2317 3894 τὴν
2348 3820 2763 3892 φιλανθρωπίαν
2792 3823 2873 3886 εἰς
2904 3821 3071 3893 εὐχῆς
3105 3822 3461 3892 σχηματίζων
3488 3821 3688 3885 τύπον,

2089 3915 2275 3986 φησίν*
2315 3934 2333 3967 ι
2368 3914 2460 3986 Μὴ
2486 3915 2692 3987 στήσῃς
2724 3914 2909 3979 αὐτοῖς
2943 3916 3041 3986 τὴν
3086 3914 3363 3987 ἁμαρτίαν
3389 3914 3599 3986 ταύτην
3619 3933 3633 3946 ·
3660 3933 3685 3967 ι

2088 4002 2230 4073 εἶτα,
2267 4025 2287 4059 ι
2308 4005 2385 4062 Οὐ
2412 4006 2525 4077 γὰρ
2541 4007 2719 4061 οίδασι
2743 4006 2796 4059 τί
2824 4007 3062 4063 ποιοῦσι.
3090 4026 3109 4059 ι
3148 4006 3237 4079 Τῷ
3264 4008 3379 4062 ὄντι
3402 4009 3511 4079 γὰρ
3533 4010 3595 4062 τό
3624 4028 3689 4063 τε

2100 4100 2388 4170 Ῥωμαίων
2438 4099 2658 4169 στίφος,
2710 4100 2804 4154 καὶ
2839 4099 2889 4153 οἱ
2939 4100 2996 4167 ἐξ
3029 4099 3203 4155 ἐθνῶν
3232 4102 3335 4155 οὐκ
3382 4101 3613 4167 οἴδασιν,
3650 4102 3692 4156 ἃ.

2087 4192 2439 4264 πράττουσιν.
2466 4192 2601 4247 Οὐδὲ
2624 4190 2734 4264 γὰρ
2770 4188 2910 4265 ἦσαν
2942 4194 3555 4265 μεμυσταγωγημένοι,
3591 4194 3628 4249 ἃ
3659 4196 3692 4247 ό

2089 4285 2253 4355 νόμος
2296 4286 2746 4357 προανεκήρυττε
2788 4286 2885 4339 καὶ
2918 4287 2968 4339 οἱ
3020 4285 3301 4358 προφῆται
3331 4287 3462 4357 περὶ
3493 4286 3690 4351 αὐτοῦ.

2090 4377 2461 4449 Προσεύχεται
2482 4371 2576 4433 οὖν
2606 4378 2747 4450 ὑπὲρ
2770 4377 2879 4432 τῶν
2932 4378 3246 4450 Ῥωμαίων,
3276 4380 3430 4448 φασὶ,
3465 4380 3691 4434 καὶτῶν

398 4460 566 4519 tionis
600 4462 767 4534 hujus
815 4461 1033 4520 fructus
1083 4478 1211 4518 mox
1244 4463 1515 4533 apparuit.
1562 4462 1639 4517 lta
1677 4463 1826 4517 enim
1859 4462 1980 4532 ipso

2089 4471 2278 4540 ἐθνῶν,
2310 4472 2403 4526 καὶ
2419 4472 2620 4528 αὐτίκα
2643 4473 2742 4544 τῆς
2758 4472 2925 4544 εὐχῆς
2947 4471 3198 4542 φαίνεται
3218 4474 3246 4528 ό
3263 4472 3498 4543 καρπός.
3522 4473 3691 4538 Ἵδοις

394 4557 768 4628 perpessionis
779 4565 1024 4629 tempore
1038 4558 1416 4615 centurionem
1431 4557 1640 4622 videas,
1658 4556 1981 4612 cruciﬁxum

2089 4565 2191 4635 γὰρ
2216 4566 2275 4618 ἐν
2291 4564 2441 4635 αὐτῷ
2458 4564 2537 4635 τῷ
2564 4564 2660 4619 τοῦ
2686 4564 2898 4629 πάθους
2922 4564 3104 4636 καιρῷ
3132 4567 3229 4619 τὸν
3258 4565 3686 4637 ἑκατόνταρχον,

396 4649 550 4703 illum
597 4647 692 4704 Dei
741 4648 941 4705 Filium
993 4648 1269 4721 proﬁteri;
1313 4648 1477 4719 paulo
1518 4658 1639 4719 post
1666 4663 1795 4703 vero
1838 4647 1983 4703 Lon-

2089 4658 2209 4713 Υίὸν
2242 4656 2378 4712 Θεοῦ
2421 4656 2808 4729 ἀναδοήσαντα
2829 4656 2921 4711 τόν
2949 4656 3399 4728 ἐσταυρωμένον,
3425 4659 3521 4713 καὶ
3556 4667 3688 4727 μετ’

394 4740 579 4811 ginum
630 4739 808 4806 illum,
856 4739 1037 4795 virum
1098 4739 1517 4806 admirandum,
1578 4754 1688 4795 non
1740 4738 1982 4811 profiteri

2089 4749 2259 4819 ὀλίγον
2294 4750 2561 4818 Λογγίνον
2588 4750 2702 4822 (17)
2737 4750 2969 4816 ἐκεῖνον,
3019 4750 3112 4804 τὸν
3135 4749 3441 4822 θαυμάσιον
3489 4751 3684 4823 ἄνδρα,

394 4832 575 4887 solum
601 4839 658 4888 et
694 4833 939 4889 credere
964 4833 1022 4888 in
1060 4832 1372 4901 Christum,
1405 4832 1503 4889 sed
1548 4844 1603 4889 et
1652 4837 1978 4907 martyrium

2089 4841 2182 4893 οὐκ
2240 4840 2726 4915 ἀνομολογήσαντα
2774 4841 2974 4912 μόνον,
3007 4842 3102 4895 καὶ
3145 4843 3556 4896 πεπιστευκότα
3604 4844 3688 4905 εἰς

393 4939 496 4995 pro
542 4939 607 4981 eo
652 4926 953 4993 sustinere,
996 4926 1232 4997 fideique
1270 4942 1386 4983 suae
1415 4927 1791 4984 sinceritatem
1837 4944 1981 4983 nun-

394 5030 563 5083 quam
601 5020 982 5077 temerandam
1026 5027 1287 5076 testatam
1332 5019 1537 5076 facere.
1594 5018 1792 5077 Multos
1838 5036 1980 5093 prae-

395 5117 547 5167 terea
592 5110 731 5168 alios
759 5126 828 5167 ex
874 5114 968 5177 iis,
1020 5113 1115 5183 qui
1174 5122 1306 5168 tunc
1344 5121 1643 5183 praesentes
1685 5123 1868 5182 erant,
1918 5115 1976 5171 in

2088 4932 2347 5004 Χριστὸν,
2380 4932 2521 4988 ἁλλὰ
2572 4934 2669 4988 καὶ
2721 4933 3023 5005 μαρτυρίου
3069 4932 3273 5005 δρόμον
3324 4934 3467 5006 ὑπὲρ
3514 4934 3687 4987 αὐτοῦ

2088 5026 2437 5099 ἀνειληφότα,
2474 5027 2571 5081 καὶ
2619 5028 2817 5099 αἵματι
2863 5028 2925 5082 τὸ
2957 5030 3059 5100 τῆς
3099 5027 3339 5093 πίστεως
3389 5028 3689 5099 εἰλικρινὲς

2086 5120 2182 5174 καὶ
2264 5120 2665 5191 ἁπαρὰτρωτον
2730 5118 3174 5190 ἐπιδεδειγμένον
3205 5136 3220 5150 ·
3292 5120 3390 5173 καί
3451 5120 3690 5183 mmo;

1852 5271 2082 5328 NOTAE.

497 5413 585 5485 υ)
623 5412 805 5469 Malim
840 5414 1157 5485 φερώμεθα.

503 5484 585 5554 15)
622 5484 935 5554 μιαιφονίας
971 5484 1088 5550 ἐπί,
1144 5502 1213 5541 ex
1251 5486 1401 5542 Colb.

609 5554 770 5627 Idem
799 5571 901 5627 pro
933 5556 1272 5627 ἀπέστησαν.

498 5624 585 5691 17)
608 5624 723 5699 Hoc
759 5624 982 5699 nomine
1009 5624 1240 5699 Photius
1272 5629 1359 5685 vel
1390 5629 1571 5699 ipsum
1596 5629 1754 5683 illum
1786 5639 1984 5699 centu-

399 5694 627 5769 rionem
648 5696 921 5766 intelligit,
942 5697 1063 5769 _vel
1097 5697 1352 5769 militem,
1405 5694 1503 5769 qui
1564 5700 1731 5769 latus,
1764 5696 1983 5755 Domini

404 5766 581 5821 nostri
614 5766 804 5824 lancea
827 5766 1093 5825 confodit.
1123 5767 1368 5833 Uterque
1396 5766 1546 5826 enim
1582 5770 1651 5825 ab
1681 5768 1803 5826 aliis
1833 5769 1983 5827 Grae-

2091 5421 2171 5503 cis
2198 5423 2566 5523 Is‘criprt‘oribus
2589 5423 2712 5523 Αἰῑῇ
2721 5424 3051 5523 appellatur.
3096 5423 3257 5523 Ἦρα,
3315 5440 3437 5523 qqze
3483 5425 3684 5497 scripsi

2094 5492 2149 5545 in
2196 5492 2500 5549 his’Curis
2553 5495 2621 5549 ad
2668 5492 2863 5549 Matth.
2908 5510 3076 5559 xxvn,
3118 5494 3214 5559 54;
3266 5492 3517 5551 et'Joan.
3565 5492 3681 5561 vix,

2089 5563 2179 5637 {5.}.
2227 5564 2429 5637 Confer
2474 5565 2604 5637 A_c_ta
2656 5576 2963 5621 sanctorum
3008 5567 3437 5637 Antuerpiensia
3492 5583 3685 5625 mense

2088 5632 2308 5696 Martio,
2344 5642 2479 5689 tom.
2506 5634 2574 5699 ll,
2608 5651 2731 5707 pag.
2767 5637 2866 5691 581
2914 5652 3058 5705 seq.,
3090 5635 3189 5691 ubi
3222 5632 3293 5694 de
3324 5639 3681 5707 centurione,

2088 5714 2145 5759 et
2183 5720 2237 5776 p.
2274 5704 2379 5762 566
2432 5720 2588 5777 seqq.
2640 5708 2731 5763 ubi
2778 5707 2849 5764 de
2898 5709 3092 5765 milite.
