3930 6218
304 315 440 382 1361

1119 314 1215 374 ΑΙ)
1238 309 1833 373 AMPHILOCHIUM
1877 306 2224 382 QUESTIO
2262 304 2536 372 CCCXII.
2592 304 2899 367 CCCXIII.

2458 92 2691 111 ’νβ-Ἦ.
2756 92 2759 93 ν
2824 97 2847 109 ηε

2794 135 3179 164 ,ων

3456 294 3596 361 1162

300 424 497 489 ἄλλους
551 423 814 494 εὑρήσεις
846 421 954 475 τῶν
993 422 1117 475 τότε
1165 422 1452 491 παρόντων
1483 424 1584 492 τῆς
1620 418 1897 482 υίοθεαίας

2025 421 2233 474 Iliorum
2274 416 2367 472 Dei
2398 430 2688 471 numerum
2720 422 2993 485 receptos,
3044 420 3227 485 atque
3254 411 3591 485 adeo-regno

302 516 646 586 ἠξιωμένους
675 515 811 569 Θεοῦ
847 516 945 569 καὶ
972 515 1074 585 τῆς
1103 514 1326 569 αἰωνίου
1363 514 1437 586 μὴ
1473 511 1899 575 ἐκπεπτωκότας

306 606 605 679 βασιλείας.

840 696 1176 751 ΕΡΩΤΗΣῘΣ
1213 692 1359 749 TIB’.

307 792 492 848 Πόσοι
512 791 805 862 Ἀστέριοι
842 793 1128 864 γεγόνασι
1167 789 1266 843 καὶ
1296 790 1385 855 τίς
1414 790 1454 858 ἡ
1482 787 1631 855 δόξα
1658 789 1891 856 mitior;

2009 519 2213 566 teterno
2239 524 2345 565 non
2372 509 2623 581 privatos
2650 507 2952 562 inveneris.

2116 685 2444 757 QUIESTIO
2475 682 2705 741 CCCX"
2770 683 2986 756 [Coisl.,
3033 682 3198 737 Taur.
3236 679 3481 751 CXXV].

2072 782 2217 848 Quot
2240 780 2440 835 Asterii
2471 778 2639 848 fuere,
2672 786 2722 831 et
2754 790 3002 847 quamam
3042 776 3274 843 ipsorum
3308 773 3525 841 opinio?

1276 902 1418 955 Edita
1450 918 1477 952 a
1510 903 1563 953 Β.
1599 904 1664 954 de
1696 904 2008 955 Montl‘aucon
2043 896 2194 961 (Bibl.
2230 894 2381 947 Coisl.
2414 908 2464 958 p.
2498 893 2635 957 546).

265 975 313 1011 ·’
381 987 503 1040 Ὀτι
560 987 917 1060 συνήκμασαν
959 987 1059 1060 μὲν
1120 986 1393 1058 Ἀστέριοι
1449 986 1578 1051 δύο,
1622 988 1651 1042 ὃ
1703 1005 1765 1041 τε
1798 985 1901 1056 τῆς

321 1077 539 1150 Ἀρείας
589 1078 795 1151 λύσσης
849 1079 1230 1147 ὑπασπιστὴς,
1276 1080 1373 1135 καὶ
1430 1082 1459 1135 6
1503 1081 1614 1135 τῶν
1657 1078 1898 1133 εὐσεϐῶν

309 1171 599 1243 δογμάτων
634 1173 924 1246 τρόφιμος.
968 1175 1065 1239 Ὃς
1111 1173 1205 1228 καὶ
1250 1172 1329 1246 τῷ
1365 1172 1591 1245 μεγάλῳ
1622 1172 1723 1244 μὲν
1764 1172 1898 1226 ’1ου-

310 1264 477 1337 λιανῷ
505 1267 709 1335 φοιτῶν
731 1268 843 1332 τοῖς
870 1268 1180 1339 μοναδικοῖς
1210 1267 1533 1338 ὲγυμνάσθη
1579 1265 1900 1337 παλαίσμα-

315 1375 421 1423 σιν,
448 1358 530 1413 ἔτι
556 1361 618 1414 τὸ
652 1360 940 1433 μειράκιον
977 1360 1192 1427 διεξιών
1213 1378 1227 1393 ο
1259 1360 1488 1432 ὕστερον
1528 1361 1586 1415 δὲ
1617 1358 1713 1413 καὶ
1740 1358 1909 1430 μονῆς

312 1451 621 1524 ἀσκητικῆς
674 1454 1049 1526 καθηγήσατο,
1101 1445 1162 1507 οὗ
1195 1453 1292 1509 καὶ
1345 1452 1597 1526 μαθητὴς
1629 1451 1771 1524 μετά
1814 1453 1909 1506 καὶ

313 1544 493 1600 ἄλλων
523 1545 736 1601 πολλῶν
768 1547 1055 1619 ἐπισήμων
1100 1548 1313 1619 ἀνδρῶν
1346 1547 1720 1619 ἐχρημάτισεν
1755 1547 1783 1598 6
1814 1563 1910 1600 πο-

313 1637 681 1711 λυθρύλλητος
738 1639 997 1705 Ἀκάκιος
1042 1641 1071 1694 6
1122 1640 1371 1712 Βεροίας.
1416 1640 1474 1695 '0
1503 1639 1562 1693 δὲ
1621 1639 1910 1710 Ἀρειανῆς

2081 979 2283 1036 Eodem
2316 986 2560 1046 tempore
2590 975 2829 1031 ﬂoruere
2863 971 3069 1028 Asterii
3111 971 3243 1036 duo,
3274 971 3411 1028 alter
3441 970 3599 1027 Aria-

2012 1074 2121 1130 niei
2150 1071 2358 1127 furoris
2400 1075 2794 1141 propugnator,
2853 1064 2994 1121 alter
3022 1064 3237 1135 piorum
3280 1064 3596 1135 dogmatum

2008 1168 2285 1228 alumnus,
2308 1161 2402 1233 qui
2420 1176 2546 1218 cum
2570 1174 2828 1232 magnum
2862 1158 3017 1213 illum
3037 1156 3319 1213 Iulianum
3341 1156 3601 1226 frequens

2010 1264 2205 1327 adiret,
2240 1244 2671 1316 adolescentiam
2717 1269 2979 1311 emensus
3031 1253 3084 1308 in
3132 1253 3438 1309 monastica
3482 1266 3603 1307 sese

2006 1356 2255 1427 palaestra
2312 1350 2579 1417 exercuit,
2621 1348 2957 1417 demumquc
3009 1344 3230 1400 aseetici
3282 1345 3600 1399 monasterii

2006 1448 2297 1519 praefectus
2334 1442 2460 1511 fuit,
2496 1440 2658 1510 cujus
2703 1455 2831 1495 cum
2883 1438 3009 1494 aliis
3058 1437 3245 1493 multis
3290 1434 3601 1490 illustribus

2004 1540 2138 1595 viris
2196 1535 2502 1606 discipulus
2564 1532 2672 1588 fuit
2741 1530 3141 1588 celeberrimus
3209 1528 3302 1583 ille
3366 1526 3602 1581 Aeacius

2006 1632 2237 1688 Beroeaa.
2268 1629 2365 1685 Ille
2397 1642 2523 1684 vero
2553 1625 2776 1680 Arianae
2807 1624 3000 1679 haeresi
3029 1621 3303 1687 addictus,
3334 1619 3601 1690 sophisti-

314 1729 583 1801 αἱρέσεως
606 1731 840 1804 ἐραστὴς
870 1711 1317 1804 σοφιστικὴνίμὲν
1345 1734 1411 1787 ἐκ
1439 1731 1577 1787 νέων
1602 1733 1910 1803 μετήρχετο

2025 1740 2129 1781 :am
2167 1738 2200 1778 a
2233 1721 2436 1779 teneris
2471 1718 2632 1774 annis
2674 1727 2848 1772 artem
2896 1715 3092 1781 coluit,
3137 1723 3186 1769 et
3224 1714 3276 1769 in
3316 1711 3600 1783 gentilium

313 1822 531 1893 τέχνην,
582 1822 678 1877 καὶ
723 1825 789 1895 τῇ
815 1822 928 1878 τῶν
974 1822 1241 1893 Ἑλλήνων
1270 1823 1646 1896 ἀνετέθραπτο
1690 1824 1903 1897 πλάνῃ·

314 1915 413 1986 ὀψὲ
442 1916 499 1970 δὲ
520 1916 613 1969 τὸν
640 1917 1076 1988 Χριστιανισμδν
1110 1918 1544 1989 ὑποκρινόμενος
1573 1918 1653 1983 είς
1680 1917 1778 1989 τὴν
1798 1917 1907 1971 τῶν

328 2006 624 2079 Ἀρειανῶν
657 2007 917 2063 ἀπέκλινε
944 2011 1160 2081 μοῖραν.
1198 2010 1308 2063 Καὶ
1336 2011 1364 2064 ὀ
1396 2010 1497 2081 μὲν
1526 2008 1681 2081 δίκην
1708 2009 1907 2064 ἔδωκεν

313 2099 374 2152 ὲν
408 2098 707 2171 Ἀντιοχείᾳ
743 2101 844 2171 τῆς
876 2102 1179 2157 ἀκολάστου
1212 2101 1465 2173 γλώσσης
1488 2118 1505 2135 ο
1549 2102 1713 2173 ἔργον
1746 2119 1909 2172 γεγο-

317 2191 409 2256 νὸς
435 2192 534 2263 τῆς
572 2193 862 2248 Ἰουλιανοῦ
905 2194 1000 2248 τοῦ
1033 2194 1339 2266 θαυμασίου
1383 2194 1715 2267 προσευχῆς.
1757 2194 1816 2248 '0
1853 2194 1909 2249 δὲ

208 2350 209 2353 η
318 2285 410 2339 τὸν
439 2285 584 2340 ὅσιον
614 2287 695 2352 είς
726 2286 823 2359 τὴν
851 2286 973 2341 κατ’
1016 2288 1183 2342 αὑτοῦ
1212 2288 1429 2343 δικαίαν
1460 2289 1734 2361 τιμωρίαν
1763 2288 1909 2343 διαν-

321 2378 570 2450 έστησεν.
607 2380 832 2453 Ἕτερος
875 2380 969 2437 οὖν
1010 2381 1073 2435 τὸ
1112 2381 1335 2453 θρέμμα
1372 2382 1472 2451 τῆς
1513 2381 1785 2452 ὀρθοξίας,
1816 2380 1911 2435 καὶ

314 2471 501 2545 ἔτερος
527 2475 554 2527 6
579 2474 676 2545 τῆς
706 2475 917 2545 πλάνης
950 2475 1149 2548 κήρυξ.
1190 2474 1332 2529 Ἀλλ’
1370 2474 1482 2529 οὐδ’
1507 2478 1534 2529 6
1567 2475 1667 2545 τὴν
1697 2471 1911 2543 ἐκφρα-

318 2582 405 2620 σιν
427 2566 530 2637 τῆς
566 2566 845 2640 μάρτυρος
874 2569 1027 2639 Εύφη
1037 2567 1164 2638 μίας
1188 2568 1360 2622 άνατα
1371 2568 1629 2638 ξάμενος,
1654 2564 1832 2620 κοινόν
1855 2582 1909 2618 τι

320 2659 478 2730 φέρει
508 2659 644 2730 πρὸς
675 2660 765 2713 τὸν
792 2660 891 2730 τῆς
932 2658 1255 2723 δυσσεϐείας
1299 2658 1624 2731 ύπέρμαχον
1651 2674 1663 2688 ·
1696 2657 1912 2729 πρῶτον

322 2753 424 2823 μὲν
455 2752 512 2819 ἐξ
548 2744 624 2806 ὧν
670 2752 862 2807 θᾶττον
899 2754 927 2807 6
956 2752 1223 2824 δυσσεϐὴς
1265 2752 1493 2808 ἀπέτισε
1530 2753 1632 2824 τὴν
1660 2752 1818 2822 δίκην
1840 2768 1852 2781 ·
1886 2754 1914 2806 6

319 2844 429 2916 γὰρ
454 2845 554 2916 τῆς
581 2845 881 2918 εἰρημένης
904 2846 1113 2909 είκόνος
1135 2845 1565 2917 λογογραφήσας
1585 2844 1683 2916 τὴν
1705 2844 1915 2916 ἐκφρα-

323 2952 426 3001 σιν,
454 2936 529 3000 ὡς
562 2937 619 2991 ἐν
651 2954 793 2990 τισιν
843 2937 1011 2991 αὑτοῦ
1056 2938 1167 2991 τῶν
1199 2936 1376 3006 λόγων
1420 2937 1807 3008 διαλαμϐάνει,
1832 2938 1915 3002 είς

323 3028 460 3100 βαθὺ
479 3030 654 3098 γῆρας
674 3029 769 3083 τοῦ
793 3029 908 3100 βίου
940 3030 1303 3100 κατήντησεν·
1340 3028 1611 3100 δεύτερον,
1640 3030 1668 3082 6
1695 3029 1795 3100 μὲν
1817 3030 1916 3099 τῆς

2014 1828 2202 1870 errore
2229 1813 2498 1868 educatus
2527 1817 2613 1864 est
2640 1826 2653 1862 :
2692 1806 2906 1861 tardius
2938 1820 3067 1861 vero
3115 1802 3600 1860 Christianismum

2014 1906 2309 1971 simulans,
2360 1905 2415 1958 in
2471 1900 2806 1956 Arianorum
2855 1907 3066 1969 partem
3122 1895 3435 1952 declinavit.
3485 1892 3604 1964 Ipse

2015 2014 2148 2055 vero
2173 1997 2245 2052 ob
2275 1994 2610 2067 petulantem
2642 1990 2889 2061 linguam
2936 2001 3131 2059 poenas
3162 1984 3467 2040 Antiochia:
3505 1984 3602 2039 de-

2016 2091 2130 2156 dit,
2192 2088 2244 2144 id
2295 2093 2559 2159 operante
2605 2081 2915 2137 admirandi
2966 2078 3173 2135 Iuliani
3226 2077 3473 2132 oratione
3504 2090 3520 2129 :
3551 2084 3606 2129 ct

2017 2189 2270 2240 sanctum
2309 2179 2484 2234 virum
2521 2172 2784 2231 excitavit
2813 2170 2883 2226 ad
2912 2170 3123 2243 justum
3160 2166 3487 2239 supplicium
3537 2165 3605 2221 de

2018 2290 2076 2331 se
2109 2271 2464 2330 sumendum.
2500 2267 2655 2322 Alter
2692 2264 2860 2335 igitur
2894 2262 2951 2316 in
2991 2259 3297 2327 orthodoxa
3331 2257 3437 2314 fide
3467 2257 3603 2313 edu-

2018 2375 2177 2423 catus
2218 2371 2334 2429 est;
2384 2361 2523 2417 alter
2556 2356 2767 2413 erroris
2810 2368 2993 2426 prmeo
3034 2352 3160 2407 fuit.
3191 2352 3284 2406 Ille
3318 2342 3480 2421 porro
3512 2349 3607 2420 qui

2018 2460 2086 2514 de
2132 2464 2319 2512 sancta
2354 2460 2591 2522 martyre
2634 2446 2943 2518 Euphemia
2987 2445 3363 2499 narrationem
3413 2442 3604 2503 edidit,

2019 2548 2158 2606 nihil
2211 2557 2507 2603 commune
2560 2555 2685 2596 cum
2734 2535 3032 2608 impietatis
3084 2533 3373 2589 defensore
3422 2532 3603 2586 habet.

2020 2644 2206 2701 Primo
2233 2639 2457 2711 quidem
2499 2634 2761 2706 quoniam
2809 2632 3010 2703 impius
3048 2629 3139 2684 illc
3182 2626 3455 2683 maturius
3488 2642 3606 2695 poe-

2021 2752 2122 2793 nas
2156 2733 2308 2791 dedit
2351 2750 2364 2786 :
2398 2745 2524 2785 nam
2556 2726 2650 2798 qui
2684 2726 2752 2780 de
2787 2730 3091 2780 memorata
3137 2720 3379 2790 imagine
3414 2732 3608 2771 narra-

2023 2830 2228 2885 tionem
2271 2822 2532 2886 instituit,
2586 2828 2648 2874 ut
2694 2819 2748 2873 in
2780 2817 3018 2888 quadam
3070 2814 3160 2869 ille
3207 2811 3457 2868 oratione
3509 2826 3607 2865 sua

2024 2922 2236 2978 indicat
2266 2959 2281 2981 ,
2336 2916 2404 2972 ad
2460 2920 2779 2986 provectam
2829 2915 3167 2965 senectutem
3218 2904 3435 2961 devenit
3471 2921 3484 2958 :
3524 2918 3612 2958 se-

2023 3014 2228 3076 cundo,
2262 3011 2353 3066 ille
2378 3009 2586 3063 Ariano
2617 3004 2804 3061 furore
2844 3003 3040 3073 plenus
3073 3007 3228 3065 erat;
3268 2996 3355 3051 hic
3382 3008 3513 3051 vero
3556 2993 3611 3047 in

334 3086 622 3192 Ἀρειανὴς
650 3086 859 3192 λύσσὴς
888 3086 1249 3195 ἓπεπλὴρωτο
1274 3139 1287 3153 ο
1320 3113 1479 3185 οὗτος
1500 3086 1562 3175 δὲ
1586 3086 1646 3176 έν
1680 3086 1794 3187 τοῖς
1832 3086 1915 3176 aI;

2025 3106 2244 3177 scriptis
2290 3101 2407 3158 suis
2455 3098 2820 3155 orthodoxam
2864 3092 3193 3152 sententiam
3237 3105 3349 3161 prae
3391 3103 3451 3144 se
3487 3086 3609 3152 fert,

323 3214 493 3278 κείοις
522 3214 703 3284 λόγοις
732 3214 804 3270 τὰ
830 3215 939 3269 τῶν
964 3213 1267 3287 ὁρθοδόξων
1309 3213 1654 3284 δογματίζει,
1690 3214 1794 3268 ούκ
1821 3216 1915 3269 ὲκ-

326 3306 560 3376 μιόντων
588 3306 651 3379 [1.
698 3307 762 3361 ἐκ
811 3306 889 3379 μὴ
914 3306 1109 3379 ὄντων]
1138 3305 1232 3361 τὸν
1280 3306 1414 3359 Υίδν
1466 3306 1563 3360 καὶ
1595 3305 1773 3374 Λόγον
1816 3307 1916 3360 τοῦ

323 3395 462 3450 Θεοῦ
490 3395 565 3459 ὡς
597 3398 626 3449 6
648 3395 909 3467 μεμηνὼς
934 3394 1237 3469 δυσφημῶν
1268 3394 1572 3468 Ἀστέριος,
1596 3394 1683 3449 ἀεὶ
1707 3395 1764 3449 δὲ
1786 3395 1916 3450 ὄντα

326 3485 594 3557 θεολογῶν
631 3486 727 3543 καὶ
758 3487 846 3541 ἀεὶ
878 3487 1111 3541 συνόντα
1142 3484 1224 3557 τῷ
1264 3486 1467 3558 Πατρί.
1494 3485 1712 3557 Τρίτον,
1760 3487 1789 3539 6
1823 3487 1923 3557 μὲν

328 3579 604 3649 αἱρετικδς
652 3578 931 3650 Ἀστέριος
973 3577 1035 3633 ού
1083 3576 1186 3648 τῆς
1230 3577 1552 3650 Ἀμασείας,
1589 3577 1708 3632 ἀλλ’
1752 3578 1923 3650 ἄλλης

327 3670 472 3741 τινὸς
497 3670 704 3735 πόλεως
753 3670 1164 3742 πλησιαζούσης
1188 3671 1255 3743 τῇ
1290 3671 1589 3742 Ἀντιόχου,
1612 3670 1803 3743 μισθὸν
1824 3671 1922 3742 τῆς

330 3763 590 3828 ἀσεϐείας
624 3764 775 3836 παρὰ
813 3763 929 3819 τῶν
978 3764 1424 3837 συναιρεσιωτῶν
1461 3765 1560 3836 τὴν
1612 3764 1923 3836 ἐπισκοπὴν

330 3853 584 3924 εἴληφεν·
616 3854 745 3925 ἑξῆς
796 3858 891 3909 καὶ
922 3856 1267 3928 μετάκλητος
1318 3857 1376 3910 ὲν
1417 3857 1719 3928 Ἀντιοχείᾳ
1768 3858 1922 3930 παρὰ

330 3947 442 4001 τῶν
485 3948 806 4019 ὁμοφρόνων
838 3947 1081 4018 γεγονὼς
1129 3950 1223 4002 ἐπὶ
1253 3948 1546 4020 συμμαχίᾳ
1593 3948 1684 4002 τοῦ
1727 3948 1923 4003 δυσσε-

331 4039 599 4111 6ἡματος,
622 4042 741 4105 ταῖς
768 4039 863 4094 τοῦ
889 4041 1196 4112 θαυμασίου
1241 4041 1532 4095 Ἰουλιανοῦ
1568 4044 1922 4112 προσευχαῖς,

330 4134 409 4198 ὡς
457 4135 817 4205 προείρηται,
850 4134 944 4188 τὸν
985 4134 1102 4205 βίον
1128 4134 1331 4199 ἀθλίως
1365 4137 1759 4207 κατέστρεψεν.
1804 4135 1927 4188 Ἐπὶ

331 4227 545 4290 τούτοις
571 4229 600 4283 6
644 4227 746 4298 μὲν
769 4227 1008 4281 διδάσκει
1029 4228 1089 4281 τὸ
1120 4228 1393 4299 ποίμνιον,
1436 4228 1533 4281 καὶ
1557 4228 1927 4298 φιλοπονείται

334 4321 467 4392 περὶ
485 4319 597 4376 τῶν
636 4320 871 4391 ἀρετῶν,
903 4321 1124 4391 ἀπάσης
1162 4321 1435 4376 δείκνυται
1486 4320 1782 4393 θεαρέστου
1830 4338 1930 4374 πο-

332 4409 539 4475 λιτείας
565 4411 913 4482 καταγώγιον
936 4427 953 4444 ·
982 4413 1013 4467 6
1052 4412 1110 4468 δὲ
1156 4413 1311 4467 οὐδὲν
1340 4412 1586 4467 τοιοῦτον
1635 4414 1777 4485 ἔχων
1807 4415 1928 4467 ὲπιο

332 4502 692 4577 γινώσκεται.

874 4600 1215 4654 ΕΡΩΤΗΣΙΣ
1236 4599 1381 4653 ΤΙΓ¹.

623 4694 765 4765 Περὶ
787 4695 896 4750 τοῦ
938 4692 1259 4750 Ἰακὼϐκαὶ
1296 4689 1404 4759 τῆς
1438 4690 1640 4756 Λείας.

1952 4484 2006 4543 D

2023 3213 2217 3269 nempe
2258 3194 2459 3251 Filium
2510 3202 2566 3250 et
2614 3188 2850 3245 Verbum
2903 3185 2998 3240 Dei
3052 3200 3163 3240 non
3212 3198 3335 3238 esse
3382 3197 3448 3236 ex
3503 3194 3612 3233 non

2022 3288 2396 3355 exstantibus,
2432 3293 2492 3340 ut
2541 3282 2789 3339 furiosus
2835 3279 2927 3335 ille
2957 3277 3211 3335 Asterius
3260 3273 3427 3344 impie
3457 3271 3610 3327 dice-

2023 3384 2149 3448 bat;
2181 3382 2277 3438 sed
2321 3392 2537 3449 semper
2565 3390 2709 3440 esse,
2744 3382 2799 3428 et
2828 3385 3048 3441 semper
3088 3366 3240 3423 Patri
3270 3364 3612 3420 eoexsistere

2026 3473 2333 3545 theologiee
2363 3470 2601 3527 aliirmat
2633 3486 2647 3523 :
2684 3465 2869 3530 tertio,
2900 3461 3193 3518 haereticus
3217 3458 3307 3513 ille
3339 3455 3613 3513 Asterius.

2026 3584 2135 3623 non
2166 3566 2436 3630 Amaseai,
2474 3561 2569 3619 sed
2613 3559 2840 3615 alterius
2868 3569 3039 3628 prope
3066 3550 3423 3608 Antiochiam
3458 3547 3612 3602 urbis

2025 3662 2403 3733 episcopatum
2439 3672 2470 3711 a
2507 3655 2675 3711 sociis
2720 3652 2838 3709 suis
2886 3646 3161 3705 haereticis
3203 3644 3259 3699 in
3304 3639 3615 3697 mercedem

2027 3731 2325 3827 impietatis
2382 3751 2614 3821 accepit.
2664 3744 2874 3802 Deinde
2920 3740 3226 3799 accersitus
3277 3737 3347 3791 ab
3391 3731 3616 3789 asseclis

2026 3845 2399 3907 Antiochiam,
2458 3850 2520 3896 ut
2587 3838 2926 3909 impietatem
2978 3847 3165 3891 secum
3220 3832 3613 3900 propugnaret,

2028 3938 2333 3998 admirandi
2366 3934 2570 3991 Iuliani
2611 3931 2889 4003 precibus,
2938 3935 3001 3982 ut
3047 3939 3217 3991 supra
3256 3922 3465 3977 dictum
3511 3925 3613 3981 est,

2029 4035 2194 4087 vitam
2246 4030 2448 4085 misere
2497 4024 2717 4079 clausit.
2766 4020 2849 4076 Ad
2887 4020 3001 4073 haec
3056 4030 3206 4080 vero,
3266 4013 3355 4068 ille
3394 4024 3617 4082 gregem

2029 4128 2210 4188 docet,
2240 4122 2309 4178 de
2336 4118 2634 4175 virtutibus
2667 4112 3084 4169 lucubrationes
3107 4106 3295 4169 edidit,
3330 4102 3621 4171 omnisque

2030 4220 2156 4272 vitae
2184 4214 2356 4286 probe
2386 4207 2739 4266 instituenda:
2768 4202 3014 4260 methodi
3047 4196 3454 4269 receptaculum
3494 4200 3613 4247 est:

2031 4313 2136 4367 iste
2174 4323 2303 4363 vero
2343 4303 2478 4361 nihil
2516 4297 2834 4370 bujusmodi
2870 4293 3131 4350 habuisse
3166 4286 3613 4359 deprehenditur.

2139 4582 2466 4657 QUESTIO
2507 4578 2754 4638 CCCXIII
2794 4576 2986 4649 [CoisL
3020 4574 3183 4629 Taur.
3227 4570 3487 4641 CXXVI].

2566 4673 2643 4728 De
2669 4671 2835 4728 Iacob
2863 4681 2911 4725 et
2938 4668 3089 4724 Leia.

941 4779 1085 4831 Edita
1104 4793 1131 4829 a
1164 4780 1290 4829 Maio
1315 4781 1465 4844 (Nov.
1491 4778 1616 4831 Coll.
1645 4783 1682 4827 t.
1718 4777 1799 4837 ιχ,
1832 4791 1879 4839 p.
1908 4777 2014 4839 I57,
2039 4775 2145 4834 158,
2165 4787 2215 4834 q.
2238 4770 2329 4821 515
2351 4774 2404 4819 et
2433 4766 2623 4818 ultima.
2658 4768 2712 4814 In
2746 4766 2869 4815 Gen.
2908 4760 3067 4825 xxix).

412 4862 530 4923 Ὅτι
567 4876 667 4937 μὲν
701 4863 838 4935 μετά
868 4862 1165 4917 ἑπταετίαν
1201 4862 1230 4915 6
1266 4859 1462 4937 Ἰακὼϐ
1490 4862 1589 4932 τὴν
1614 4859 1783 4916 Λείαν
1810 4860 1934 4917 ἀντὶ

333 4962 435 5033 τῆς
471 4934 675 5030 Ῥαχὴλ
702 4934 796 5020 εἰς
831 4957 1067 5027 γυναῖκα
1105 4934 1411 5026 παρέλαϐε,
1444 4953 1604 5024 δῆλον
1649 4956 1683 5026 ή
1738 4953 1930 5026 Γραφὴ

337 5054 500 5108 ποιεῖ’
538 5051 636 5104 καὶ
676 5049 759 5103 ὅτι
805 5049 927 5102 ἀντὶ
986 5047 1233 5112 δουλείας
1262 5046 1453 5117 άλλης,
1494 5046 1637 5101 ἑπτά
1694 5047 1788 5100 καὶ
1828 5047 1928 5099 αύ-

336 5145 436 5216 τῆς
456 5141 550 5214 ἔτη
573 5140 1069 5214 παρατεινομένης,
1099 5139 1201 5211 τὴν
1229 5138 1436 5211 Ῥαχὴλ
1456 5139 1718 5209 ἠγάγετο,
1751 5137 1846 5191 καὶ
1861 5138 1925 5191 ὲκ

336 5233 531 5290 τούτου
562 5232 749 5303 σαφῶς
777 5232 1019 5288 διδάσκει
1058 5246 1073 5261 ο
1106 5232 1153 5284 εί
1182 5229 1238 5284 δὲ
1261 5229 1635 5301 ὑποσχόμενος
1665 5229 1764 5301 τὴν
1801 5230 1923 5283 δου-

340 5327 494 5383 λείαν
522 5325 685 5391 εύθὺς
719 5324 939 5393 έλαδεν,
989 5324 1022 5396 ἢ
1056 5324 1151 5378 καὶ
1187 5322 1327 5396 μετὰ
1363 5324 1421 5377 τὸ
1447 5323 1677 5377 διελθεῖν
1722 5322 1928 5392 ταύτην

340 5418 744 5493 ὅλην,ὖστερον
785 5418 1045 5489 ἠγάγετο,
1069 5417 1170 5471 ούκ
1211 5414 1674 5485 ἀντιπαραδίδωσι
1720 5415 1928 5486 σαφῶς,

341 5513 461 5569 ἀλλ’
484 5510 782 5583 ἀμφίδοξον
824 5512 951 5564 ὅσον
990 5509 1100 5564 ἀπὸ
1139 5504 1251 5563 τῶν
1298 5508 1560 5579 ῥημάτων
1594 5507 1879 5561 ὑπολείπει
1915 5526 1928 5540 ·

344 5605 577 5676 πότερον
604 5601 981 5672 ὑποσχόμενος
1013 5603 1114 5674 τὴν
1140 5600 1387 5655 δουλείαν
1425 5597 1587 5662 εὐθὺς
1614 5599 1709 5653 τὸν
1744 5600 1934 5670 μισθὸν

342 5700 444 5770 τῆς
488 5696 690 5770 Ῥαχὴλ
716 5695 988 5765 έλαῦεν,ἥ
1019 5696 1158 5766 μετὰ
1178 5693 1277 5767 τὴν
1307 5693 1418 5748 τῶν
1452 5693 1631 5748 πόνων
1669 5694 1929 5762 ἐπίδειξιν

342 5792 441 5847 καὶ
454 5790 551 5863 τῆς
566 5790 911 5861 ὑποσχέσεως
926 5788 1022 5861 τὴν
1039 5806 1100 5842 συ
1111 5788 1259 5861 μπλὴ
1270 5804 1451 5861 ρωσιν,
1474 5788 1610 5859 μετὰ
1624 5786 1781 5843 τοῦτο
1797 5790 1933 5862 πρὸς

2099 4856 2259 4925 Quod
2336 4862 2462 4924 post
2547 4849 2947 4906 hebdomadem
3034 4859 3302 4899 annorum
3386 4840 3626 4897 Jacobus

2030 4951 2214 5006 Leiam
2257 4962 2358 5019 pro
2413 4943 2622 5001 Rachel
2676 4957 2900 4997 uxorem
2962 4936 3287 5008 sumpserit,
3344 4933 3627 5004 Scriptura

2030 5050 2292 5109 testatur;
2348 5038 2605 5111 quodque
2686 5042 2811 5107 post
2870 5032 3033 5087 alium
3105 5030 3239 5086 item
3289 5043 3386 5113 per
3416 5036 3625 5093 septem

2024 5148 2203 5189 annos
2280 5130 2613 5186 famulitium
2683 5122 2979 5181 Rachelem
3039 5122 3259 5195 duxerit
3316 5135 3384 5175 ex
3433 5117 3625 5173 eadem

2025 5226 2376 5297 perspicuum
2439 5232 2543 5278 est.
2622 5219 2817 5276 Utrum
2856 5232 2985 5272 vero
3053 5214 3239 5271 statim
3291 5221 3413 5291 post
3467 5208 3628 5281 polli-

2029 5322 2197 5375 citum
2256 5317 2590 5373 famulitium
2658 5327 2888 5370 uxorem
2965 5307 3297 5380 sumpserit,
3362 5321 3429 5360 an
3505 5315 3631 5374 post

2031 5414 2365 5470 famulitium
2441 5410 2838 5481 adimpletum,
2895 5424 3003 5463 non
3043 5405 3310 5475 liquidum
3367 5410 3472 5468 est,
3532 5399 3629 5455 sed

2035 5518 2304 5579 quantum
2358 5522 2422 5561 ex
2477 5503 2661 5559 verbis
2708 5502 3050 5573 ambiguum.
3107 5498 3305 5555 Utrum
3358 5502 3514 5565 pacta
3561 5492 3629 5546 dc

2036 5598 2309 5654 famulitio
2340 5598 2467 5665 fide,
2500 5594 2815 5652 mercedem
2852 5591 3145 5648 Raehelem
3193 5586 3485 5656 acceperit,
3530 5600 3627 5649 an,

2044 5702 2237 5749 exacto
2266 5691 2453 5748 labore
2484 5698 2538 5745 et
2561 5689 2829 5743 absolutis
2872 5683 3160 5756 promissis
3184 5724 3197 5746 ,
3273 5678 3627 5734 matrimonio

2051 5802 2171 5843 eam
2198 5784 2304 5843 sibi
2332 5780 2607 5856 iunxerit,
2647 5796 2715 5855 ex
2748 5778 2941 5853 verbis
2978 5776 3120 5832 inter
3180 5766 3469 5843 utramdue
3498 5785 3626 5827 sen-
