3930 6218
274 324 420 390 1165

1031 332 1130 390 ΑΙ)
1154 331 1746 394 AMPIIILOCHIUM
1785 334 2128 407 QUrESTIO
2168 339 2452 415 CCCXIV,
2489 342 2743 405 CCCXV.

3411 339 3545 400 1166

270 447 461 503 εἴωθεν
502 449 560 502 ἐν
598 449 665 519 τῇ
690 446 811 519 θείᾳ
831 445 1020 517 Γραφῇ
1050 446 1171 499 ἀντὶ
1202 445 1319 512 τοῦ,
1353 445 1706 518 κολαφισμός,
1736 447 1851 513 καὶ,
1883 494 1890 510 α

1981 466 2012 503 η
2051 449 2333 523 Scriptura
2381 470 2535 510 sacra
2572 456 2740 521 solet,
2795 471 2891 527 pro
2944 472 3102 525 poma
3159 465 3211 511 et
3249 457 3545 511 tentatione

271 540 602 611 πειρασμός,
642 538 1113 610 ἐκλαμϐάνεσθαι·
1133 537 1272 591 ὥστε
1304 539 1351 591 εἰ
1378 538 1473 591 καὶ
1500 538 1577 612 μὴ
1612 537 1856 611 ὠργίσθη

271 635 426 699 Θεδς,
449 634 550 688 οὐκ
589 634 656 689 ἂν
682 630 969 701 ἀνεσείσθη
1001 632 1029 684 6
1048 630 1235 696 Δαὸὶδ,
1256 632 1373 701 ἤτοι
1399 631 1534 701 πρὸς
1558 630 1857 703 ἐνθύμησιν

279 725 518 795 μετέστη
535 722 629 776 τοῦ
648 722 954 793 ἀριθμῆσαι
973 721 1065 774 τὸν
1094 721 1222 776 λαόν
1251 736 1265 751 ·
1292 723 1341 775 εἰ
1364 722 1419 775 δὲ
1444 722 1519 794 μὴ
1543 722 1854 795 ἀνεσείσθη,

273 816 383 869 οὐδ’
416 816 445 869 6
482 813 785 885 πειρασμὸς
826 812 990 866 ἔπεσε
1023 813 1102 884 τῷ
1132 813 1371 885 Ἰσραὴλ,
1393 814 1562 885 ἦγουν
1589 816 1616 868 6
1643 814 1821 868 Σατάν
1843 830 1855 843 ·

274 905 406 959 αὐτὸ
427 906 535 975 γὰρ
570 904 631 957 τὸ
669 901 1043 974 ἀριθμηθῆναι
1089 901 1249 955 τοῦτο
1280 903 1449 956 αἰτιον
1498 903 1715 972 λέγεται
1764 901 1858 955 τοῦ

274 997 605 1067 πειρασμοῦ,
624 996 802 1049 καίτοι
826 996 926 1065 τῆς
963 997 1315 1059 ἀποστάσεως
1346 995 1546 1065 μᾶλλον
1565 995 1662 1067 τὴν
1679 997 1860 1052 αἰτίαν

276 1089 671 1159 ἁποτεκούσης.
688 1088 844 1141 Ἐπεὶ
869 1088 967 1141 καὶ
991 1087 1233 1157 Μωῦσῆς
1255 1087 1551 1159 ἠρίθμησε,
1573 1089 1669 1143 καῖ
1699 1089 1862 1143 Δαϐὶδ

276 1178 442 1232 πάλιν
472 1178 609 1248 μετά
627 1179 725 1249 τὴν
752 1179 966 1248 πληγήν
990 1195 1005 1212 ·
1029 1178 1123 1232 καὶ
1147 1178 1372 1248 οὐδεμιᾷ
1388 1178 1595 1233 τούτων
1614 1180 1721 1233 τῶν
1744 1182 1863 1250 ἀρι-

279 1269 536 1340 θμήσεων
569 1269 693 1322 οὐτε
729 1269 921 1340 μῶμος
950 1267 1074 1322 οὐτε
1102 1268 1286 1338 πληγὴ
1307 1268 1717 1341 ἐγκατέσκηψεν
1735 1287 1748 1301 ·
1781 1270 1861 1323 ὅτι

277 1361 336 1414 δὲ
386 1362 467 1425 τδ,
505 1362 704 1425 Σατάν,
745 1362 867 1415 ἀντὶ
897 1361 994 1415 τοῦ
1026 1360 1334 1432 πειρασμοῦ
1377 1363 1471 1415 καλ⁸
1521 1362 1860 1433 κολαφισμοῦ

277 1454 636 1525 λαμϐάνεται,
656 1457 752 1507 καὶ
768 1454 825 1521 ἐξ
843 1454 1044 1525 ἐτέρων
1062 1454 1238 1526 δῆλον·
1259 1454 1354 1507 καὶ
1380 1473 1399 1505 ι
1424 1455 1712 1527 Ἀνέστησε
1732 1457 1859 1525 γὰρ,

280 1547 436 1618 φησὶ,
464 1548 639 1602 Σατάν
662 1548 756 1601 ἐπὶ
806 1546 1023 1618 Ἰσραὴλ
1053 1548 1217 1619 Ἀδερ
1246 1549 1336 1601 τὸν
1360 1546 1635 1601 Ἰουδαῖον·
1668 1567 1686 1601 ι
1714 1548 1807 1602 καὶ
1836 1550 1864 1602 ό

278 1640 576 1704 ἀπόστολος
606 1638 831 1703 Παῦλος·
864 1658 883 1691 ι
925 1639 1112 1711 Ἐδόθη
1148 1658 1237 1711 μοι
1268 1640 1465 1711 σκόλοψ
1488 1643 1552 1711 τῇ
1583 1644 1744 1712 σαρκὶ
1764 1641 1862 1709 ἄγ-

280 1730 437 1799 γελος
459 1732 657 1799 Σατὰν,
688 1732 776 1785 ἵνα
811 1749 878 1803 με
900 1731 1186 1807 κολαφίζῃ·
1218 1751 1236 1785 ι
1265 1726 1375 1785 οἷον
1402 1732 1633 1801 ἄγγελος
1656 1734 1747 1786 καὶ
1765 1733 1865 1785 ὐπ-

1965 538 2255 606 excipitur.
2312 538 2388 596 lta
2441 551 2499 597 ut
2533 542 2579 598 si
2626 560 2733 597 non
2770 544 2941 599 iratus
2988 544 3176 600 fuisset
3207 543 3383 611 Deus,
3436 560 3543 599 non

1964 640 2272 689 commotus
2301 633 2495 690 fuisset
2526 635 2729 702 David,
2776 652 2877 691 nec
2918 638 3175 691 nimirum
3216 638 3399 708 populi
3445 654 3546 691 nu-

1966 722 2214 777 merandi
2261 725 2551 780 consilium
2604 727 2657 782 in
2712 728 2898 783 animo
2942 728 3219 800 agitasset.
3270 728 3323 783 Si
3364 737 3545 783 autem

1966 828 2073 868 non
2106 826 2413 874 commotus
2448 817 2661 885 fuisset,
2714 830 2861 876 certe
2913 820 2968 875 in
3025 819 3189 876 Israel
3242 821 3548 891 periculum

1968 923 2075 962 non
2102 907 2399 978 incidisset,
2426 912 2478 967 id
2506 926 2608 980 est,
2636 913 2824 969 Salan.
2852 912 2921 969 Ut
2948 914 3093 969 enim
3117 914 3549 985 Scriptura-per-

1968 1001 2148 1068 hibet,
2191 1005 2503 1059 numeratio
2535 1007 2715 1075 populi
2743 1022 2905 1062 causa
2933 1008 3097 1077 pestis
3119 1005 3242 1061 fuit.
3272 1005 3345 1062 Ut
3368 1015 3549 1062 autem

1970 1107 2027 1146 se
2054 1108 2142 1148 res
2179 1094 2360 1161 habet,
2397 1095 2633 1151 defectio
2664 1098 2844 1168 populi
2895 1100 3052 1154 talem
3079 1099 3284 1170 peperit
3317 1098 3547 1155 cladem.

1970 1182 2179 1236 Etenim
2214 1182 2425 1255 Moyses
2457 1201 2674 1256 quoque
2699 1188 2959 1258 populum
2992 1189 3323 1253 numeravit,
3353 1187 3551 1243 David-

1970 1289 2076 1346 que
2106 1291 2299 1332 rursus
2330 1286 2453 1347 post
2484 1290 2687 1348 pestem
2717 1296 2729 1331 :
2769 1286 3005 1334 attamen
3051 1280 3181 1334 nulli
3216 1284 3408 1334 harum
3441 1297 3547 1334 nu-

1972 1369 2331 1425 merationum
2352 1387 2451 1426 nec
2466 1372 2635 1436 labes,
2669 1387 2767 1427 nec
2798 1388 2957 1442 poena
2978 1371 3243 1427 incubuit.
3277 1370 3559 1426 Caeterum
3632 1406 3637 1410 α

1972 1474 2071 1530 pro
2090 1476 2247 1531 poena
2268 1472 2319 1516 et
2338 1462 2578 1532 periculo
2594 1461 2756 1518 Satan
2774 1463 3104 1534 deprehendi
3121 1471 3176 1517 et
3193 1477 3255 1516 ex
3275 1462 3395 1518 aliis
3415 1462 3567 1516 locis.

1971 1552 2559 1610 constat.«Suscitavit
2589 1556 2732 1610 enim
2765 1556 2952 1619 Satau,
2984 1556 3061 1609 ait
3091 1554 3394 1624 Scriptura,
3423 1567 3552 1608 con-

1974 1645 2053 1692 tra
2103 1638 2272 1695 Israel
2311 1640 2457 1696 Ader
2483 1642 2767 1711 Judaeum;
2812 1663 2829 1695 ι
2864 1642 3177 1713 Paulusque
3229 1640 3547 1712 apostolus:

1978 1748 1995 1781 ι
2027 1728 2194 1786 Datus
2230 1740 2315 1787 est
2345 1732 2478 1788 mihi
2506 1732 2762 1789 stimulus
2801 1734 2984 1789 carnis
3012 1749 3145 1790 meae
3178 1732 3405 1804 angelus
3439 1730 3543 1786 Sa-

280 1823 485 1893 ηρέτης
527 1823 835 1894 πειρασμοῦ
868 1840 961 1877 και
992 1821 1352 1893 κυλαφίσμοῦ·
1385 1822 1651 1888 τουτέστι,
1682 1824 1764 1875 Δι’
1792 1813 1852 1875 οῦ
1889 1865 1890 1869 η

1981 1837 2119 1888 ante,
2142 1823 2232 1891 qui
2258 1838 2343 1879 me
2370 1824 2669 1895 colaphizet
2688 1826 2825 1890 ⁵³·³⁶,
2849 1844 2867 1877 ›
2898 1827 2948 1880 in
2970 1840 3080 1896 quo
3096 1823 3313 1895 ponitur
3331 1822 3553 1893 angelus

286 1932 374 1985 μοι
423 1914 472 1967 οἰ
516 1913 845 1987 κολαφισμοὶ
885 1916 981 1969 καὶ
1030 1918 1079 1968 οἰ
1143 1915 1444 1985 πειρασμοὶ
1499 1913 1858 1985 ἐπέρχονται·

282 2005 570 2060 αἰνίττοιτο
597 2007 641 2059 δ’
664 2005 730 2060 ἂν
764 2007 825 2060 τὸ
856 2007 1019 2078 ῥητὸν
1066 2007 1186 2079 ἦτοι
1215 2006 1560 2077 Ἀλέξανδρον
1593 2006 1682 2058 τὴν
1714 2005 1861 2059 Χαλ-

282 2097 385 2151 κέα
416 2098 507 2152 τὸν
536 2098 704 2152 πολλά
744 2100 891 2152 κακά
914 2100 1282 2168 ἐπενεγκόντα
1305 2099 1381 2168 τῷ
1418 2098 1637 2169 Παύλῳ,
1668 2099 1699 2169 ἢ
1734 2099 1860 2161 τοὺς

281 2190 403 2244 κατ’
429 2192 604 2244 ἐκεῖνο
632 2192 828 2264 καιροῦ
876 2192 1175 2264 τυράννους
1208 2192 1303 2245 καὶ
1348 2190 1862 2261 ὲτεροδιδασκάλους

281 2277 745 2354 ἐπανισταμένους
773 2282 944 2355 αὐτῷ,
966 2285 1060 2337 καὶ
1078 2284 1289 2338 πολλῶν
1310 2282 1633 2354 πειρασμῶν
1654 2283 1861 2344 αἰτίους

282 2373 377 2427 καὶ
428 2373 708 2439 διακόνους
744 2377 893 2446 αὐτῷ
923 2375 1348 2446 γεγενημένους.

810 2577 1145 2630 ΕΡΩΤΗΣΙΣ
1170 2578 1319 2631 TIE'.

1962 1927 2062 1984 pro
2114 1915 2423 1972 ministerio
2478 1932 2652 1987 poenae
2699 1927 2751 1974 et
2788 1920 3130 1983 tentationis,
3192 1916 3245 1971 id
3293 1925 3395 1979 est,
3446 1914 3547 1968 Per

1961 2022 2122 2075 quem
2186 2009 2315 2062 mihi
2384 2010 2597 2080 colaphi
2669 2022 2722 2067 et
2794 2013 3123 2067 tentationes
3202 2009 3539 2079 inﬁiguntur.

1960 2096 2202 2153 Dhscure
2232 2111 2411 2168 posset
2440 2102 2748 2172 signiﬁcare
2784 2104 2885 2158 hoc
2930 2104 3156 2157 verbum
3195 2102 3275 2155 vel
3308 2100 3545 2153 Alexan-

1959 2187 2119 2242 drum
2178 2192 2427 2245 zerarinm
2490 2194 2755 2249 artiﬁcem
2816 2209 2978 2264 aquo
3023 2194 3191 2248 multa
3242 2206 3434 2263 passus
3470 2198 3553 2243 est

1968 2276 2192 2344 Paulus,
2241 2281 2323 2334 vel
2358 2281 2519 2352 hujus
2549 2283 2811 2353 temporis
2852 2299 3009 2355 reges
3058 2292 3112 2339 et
3163 2282 3410 2336 homines
3458 2280 3551 2350 qui

1973 2371 2077 2424 alia
2102 2372 2358 2428 docentes
2383 2374 2543 2444 eique
2569 2376 2633 2430 ad
2651 2376 2848 2431 versati
2870 2376 3165 2430 multarum
3195 2373 3551 2430 tentatiouum

1976 2473 2226 2518 auctores
2256 2475 2310 2517 et
2337 2466 2575 2521 ministri
2608 2466 2773 2522 Paulo
2806 2466 3039 2521 fuerant.

2470 2578 2797 2647 QUASSTIO
2821 2580 3065 2637 CCCXV.

1140 2692 1249 2745 Cur
1282 2691 1453 2745 David
1480 2692 1555 2743 vir
1589 2692 1875 2745 secrmdum
1904 2709 1994 2746 cor
2022 2693 2119 2747 Dei
2150 2694 2448 2761 appellatus
2483 2696 2665 2763 fuerit.

1325 2783 1462 2833 Edita
1491 2798 1518 2833 a
1550 2784 1674 2833 Maio
1709 2784 1763 2846 (1.
1800 2797 1842 2833 e.
1880 2798 1927 2848 p.
1967 2784 2077 2846 155,
2118 2786 2220 2847 [56,
2247 2801 2293 2835 ιι.
2328 2786 2460 2849 512).

355 2887 523 2954 Τὸδέ,
559 2906 577 2939 ι
625 2879 795 2957 Εὗρον
825 2886 917 2941 τὸν
957 2887 1124 2941 Δαὸὶδ
1159 2886 1325 2959 ἄνδρα
1363 2887 1503 2940 κατά
1531 2886 1629 2958 τὴν
1656 2887 1884 2959 καρδίαν

287 3000 413 3053 μου,
437 3000 456 3033 ι
487 2979 666 3052 ῥητῶς
701 2980 797 3051 μὲν
822 2978 993 3043 οὕτως
1021 2982 1078 3034 ἐν
1109 2983 1177 3051 τῇ
1214 2980 1423 3052 Παλαιᾷ
1462 2979 1650 3051 Γραφῇ
1686 2980 1784 3032 οὐκ
1814 2980 1881 3033 ἂν

282 3076 412 3147 εὐρε
427 3072 565 3144 θείη·
586 3073 634 3125 εἰ
650 3072 758 3144 γὰρ
774 3073 867 3126 καὶ
896 3073 954 3126 ἐν
976 3072 1225 3142 Ψαλμοῖς
1242 3072 1445 3143 ᾅδεται·
1474 3092 1491 3124 ι
1522 3064 1692 3142 Εὗρον
1717 3070 1881 3125 Δαεὶδ

283 3166 570 3220 τὸνδοῦλόν
599 3182 723 3236 μου,
743 3167 799 3218 ἐν
817 3164 955 3236 ἁγίῳ
983 3165 1146 3235 ἐλαίῳ
1168 3164 1362 3235 ἐχρισα
1392 3166 1576 3219 αὐτόν·
1602 3185 1620 3217 ι
1647 3165 1765 3220 ἀλλ’
1786 3165 1878 3220 οῦν

286 3258 421 3311 πολὺ
446 3258 538 3311 τοῦ
569 3257 862 3330 εἰρημένου
889 3256 1053 3328 ῥητοῦ
1095 3261 1162 3329 τῇ
1195 3258 1338 3324 λέξει
1369 3258 1651 3328 διέστηκεν
1671 3274 1682 3286 ·
1714 3258 1878 3326 ἐγγύ-

2061 2888 2176 2945 lloc
2204 2892 2425 2946 verbum
2455 2909 2468 2945 :
2501 2909 2521 2941 ι
2553 2889 2737 2947 Inveni
2768 2892 2933 2947 David
2962 2888 3239 2947 hominem
3263 2892 3561 2948 secundum

1983 2996 2079 3036 cor
2125 2998 2327 3049 meum,
2364 3002 2381 3033 ο
2434 2985 2770 3040 nominatum
2815 2986 2868 3040 in
2917 2986 3089 3041 veteri
3149 2985 3431 3056 Scriptura
3484 2988 3563 3041 sic

1984 3086 2092 3126 non
2140 3071 2412 3137 invenies,
2482 3090 2794 3146 quanquam
2835 3085 2887 3131 et
2935 3076 2988 3129 in
3036 3076 3263 3132 Psalmis
3303 3076 3561 3131 canitur:

1987 3179 2006 3212 ι
2047 3162 2230 3217 Inveni
2289 3163 2462 3219 David
2515 3181 2730 3221 servum
2772 3182 2981 3234 meum;
3040 3168 3161 3222 oleo
3206 3175 3399 3222 sancto
3442 3182 3565 3221 meo

1982 3255 2113 3307 unxi
2143 3256 2349 3310 eum”.
2388 3276 2405 3309 ι
2443 3256 2546 3312 Sed
2579 3260 2760 3328 priora
2787 3259 2944 3329 longe
2971 3259 3143 3315 abhis
3172 3260 3409 3314 distant:
3443 3274 3567 3329 pro-

286 3368 442 3423 τερον
470 3351 515 3404 δ’
542 3351 608 3405 ἂν
630 3351 714 3421 εἴη
750 3350 950 3420 μᾶλλον
981 3349 1041 3403 τὸ
1065 3350 1356 3421 εἰρημένον
1376 3350 1454 3422 τῷ
1484 3351 1738 3423 προφήτῃ
1764 3351 1869 3403 Σαο

1981 3346 2205 3417 piusque
2261 3351 2543 3405 accederet
2592 3351 2739 3419 quod
2806 3351 3071 3420 propheta
3141 3350 3359 3407 Samuel
3415 3350 3566 3406 Sauli

290 3445 462 3517 μουὴλ
482 3444 618 3515 πρὸς
653 3444 743 3498 τὸν
769 3443 941 3497 Σαούλ
962 3460 975 3473 ·
1000 3443 1274 3508 ὀνειδίζων
1304 3444 1414 3514 γὰρ
1453 3443 1612 3499 αὐτὸν
1639 3444 1737 3515 τὴν
1775 3461 1881 3497 πα-

293 3540 527 3610 ράϐασιν
561 3536 671 3591 τῶν
697 3536 937 3606 νομικῶν
962 3536 1195 3590 ἐντολῶν
1231 3535 1325 3591 καὶ
1354 3536 1450 3608 τὴν
1489 3535 1765 3591 ἔκπτωσιν
1789 3537 1885 3607 τῆς

289 3630 568 3700 βασιλείας
590 3631 739 3700 αὐτῴ
766 3629 1198 3700 προαναφωνῶν,
1245 3630 1380 3699 φησί
1408 3629 1545 3699 πρὸς
1586 3628 1770 3694 αὐτὸν,
1805 3628 1884 3681 ὅτι

292 3721 545 3793 «Ἐπειδὴ
568 3723 630 3775 σὺ
646 3722 784 3775 κατά
799 3722 897 3785 τὰς
908 3722 1058 3785 ὀδοὺς
1080 3721 1283 3792 Κυρίου
1298 3721 1391 3773 καὶ
1404 3720 1472 3773 τά
1489 3721 1887 3791 προστάγματα

286 3814 450 3868 αὐτοῦ
469 3814 794 3887 πορεύεσθαι
815 3815 874 3867 οὐ
896 3812 1386 3884 βούλει,1ἐκλὲξεται
1408 3811 1586 3882 ἐαυτῷ
1605 3814 1632 3865 6
1646 3812 1777 3875 Θεὸς
1795 3812 1886 3866 ἀν-

287 3902 389 3974 δρα
410 3905 552 3958 κατά
570 3908 668 3973 τῆν
686 3904 911 3973 καρδίαν
937 3904 1125 3972 αὐτοῦ,
1147 3904 1204 3968 ὃς
1231 3905 1448 3974 ποιήσει
1468 3904 1645 3958 πάντα
1660 3903 1731 3957 τά
1758 3905 1886 3975 ἀρε-

289 3997 391 4050 στὰ
417 3994 646 4050 ἐνώπιον
668 3997 832 4050 αὐτοῦ
856 4014 871 4029 ·
899 4015 917 4049 ι
940 3996 1053 4051 ἀλλ’
1070 3998 1119 4050 εἰ
1142 3997 1236 4050 καὶ⁴
1254 3996 1588 4067 πλατύτερον
1612 3996 1772 4051 τοῦτο
1786 3996 1885 4067 τῆς

290 4088 501 4158 ῥήσεως
528 4087 630 4157 τῆς
654 4087 953 4158 ιἕκαλμικῆς,
984 4087 1123 4158 πλὴν
1147 4087 1207 4139 οὐ
1226 4085 1366 4140 κατὰ
1382 4086 1556 4141 πάντα
1572 4086 1887 4157 ἀπαράτρετ

289 4182 422 4234 πτόν
439 4183 556 4235 ἐστι
569 4183 679 4244 τοῖς
691 4181 917 4247 ὀνόμασι
935 4179 1069 4251 πρὸς
1086 4179 1167 4245 τὸ,
1179 4198 1197 4231 ι
1209 4173 1380 4250 Εὗρον
1394 4178 1483 4231 τὸν
1500 4178 1663 4231 Δαὸὶδ
1680 4178 1771 4230 τὸν
1791 4176 1885 4229 τοῦ

300 4266 497 4321 Ἰεσσαί⁸
516 4267 683 4339 ἄνδρα
708 4268 849 4321 κατά
860 4267 958 4337 τὴν
980 4266 1208 4338 καρδίαν
1234 4282 1357 4335 μου·
1382 4286 1400 4319 ι
1427 4266 1544 4319 ἀλλ’
1564 4260 1656 4319 οῦν
1679 4263 1837 4317 τοῦτο
1857 4263 1886 4315 6

280 4346 574 4422 θεσπέσιος
612 4357 823 4421 Παῦλος
843 4357 1000 4421 εἰδὼς
1022 4360 1100 4421 εἰς
1126 4358 1331 4411 ἐκεῖνον
1351 4356 1677 4428 δημηγορῶν
1694 4358 1745 4409 ἐν
1765 4358 1887 4419 ταῖς

289 4451 530 4520 Πράξεσι
559 4448 881 4519 σχηματίζει
907 4463 921 4476 ·
952 4446 1092 4519 ἀνὴρ
1126 4446 1184 4500 δὲ
1210 4446 1427 4515 λέγεται
1458 4447 1599 4500 κατὰ
1622 4446 1718 4517 τὴν
1747 4462 1887 4517 καρ-

289 4542 409 4595 δίαν
438 4539 533 4595 τοῦ
564 4539 699 4593 Θεοῦ
727 4539 993 4610 εὑρῆσθαι
1025 4542 1055 4593 ό
1101 4540 1284 4605 Δασὶδ,
1320 4540 1508 4611 ἐπειδὴ
1555 4539 1766 4594 πολλῶν
1794 4542 1885 4592 ὲν-

289 4632 463 4686 τολῶν
484 4632 868 4702 ὑπαρχουσῶν,
885 4631 953 4684 δι’
995 4623 1121 4686 ὧνό
1154 4634 1251 4701 τῆς
1293 4631 1495 4701 ἀρετῆς
1540 4630 1884 4701 χαρακτηρί-

1985 3440 2149 3507 dixit,
2226 3456 2349 3496 cum
2402 3443 2711 3514 increparet
2789 3456 2916 3497 eum
2979 3441 3235 3513 quoniam
3312 3443 3567 3497 mandata

1987 3542 2363 3604 transgressus
2401 3542 2517 3590 erat
2540 3576 2555 3602 ,
2588 3537 2746 3606 eique
2787 3535 3106 3606 praediceret
3135 3534 3250 3591 fore
3295 3546 3355 3589 ut
3398 3550 3569 3605 regno

1987 3626 2275 3695 pelleretur
2312 3644 2326 3683 :
2375 3647 2391 3680 ι
2433 3626 2571 3695 Quia
2605 3628 2660 3683 in
2689 3628 2811 3685 vias
2861 3627 3079 3684 Domini
3131 3628 3415 3684 ambulare
3467 3644 3568 3683 uo-

1988 3715 2163 3784 luisti,
2220 3726 2275 3774 et
2326 3720 2583 3773 mandata
2638 3719 2785 3774 illius
2834 3733 2942 3774 non
2997 3719 3327 3784 custodisti,
3362 3729 3571 3788 quaeret

1990 3804 2256 3860 Dominus
2301 3806 2406 3861 sibi
2452 3807 2633 3861 virum
2680 3808 2837 3877 juxta
2891 3823 2985 3863 cor
3039 3824 3233 3874 suum,
3277 3809 3372 3879 qui
3408 3808 3570 3863 faciet

1988 3910 2181 3953 omnes
2211 3896 2515 3954 voluntates
2535 3898 2658 3968 ejus
2678 3899 2749 3954 ⁸¹.
2790 3919 2808 3952 ι
2848 3898 2952 3955 Sed
2980 3901 3232 3971 quamvis
3257 3900 3375 3957 haec
3404 3901 3568 3972 paulo

1988 3990 2333 4059 expressiora
2374 3990 2484 4047 sint
2512 4006 2677 4062 quam
2712 4008 2775 4048 ea
2822 4010 2946 4064 quae
2984 3993 3089 4049 fert
3130 3995 3407 4064 psalmus,
3457 4009 3570 4050 non

1991 4090 2171 4135 tamen
2199 4082 2347 4135 omni
2404 4097 2468 4137 ex
2518 4093 2668 4152 parte
2701 4100 2824 4138 cum
2870 4086 2977 4140 illis
3006 4087 3187 4142 verbis
3214 4096 3522 4159 congruunt
3550 4107 3565 4145 :

1993 4185 2012 4217 ι
2046 4165 2231 4223 iuveni
2287 4168 2456 4224 David
2502 4169 2653 4226 Jesse
2699 4171 2898 4239 ﬁlium,
2943 4173 3218 4229 hominem
3272 4175 3427 4245 juxta
3477 4191 3570 4231 cor

1991 4273 2195 4326 meum,
2220 4278 2239 4312 ι
2269 4276 2390 4329 quae
2406 4261 2563 4317 divus
2586 4262 2809 4330 Paulus,
2836 4268 3080 4333 quamvis
3100 4266 3341 4337 apprime
3360 4275 3564 4333 nosset,

1990 4360 2229 4408 attamen
2263 4368 2447 4408 coram
2477 4355 2676 4424 populo
2704 4356 2772 4410 de
2801 4357 2980 4411 aetiva
3013 4358 3136 4413 vitae
3164 4360 3376 4414 ratione
3404 4359 3567 4415 verba

1992 4443 2197 4501 faciens
2220 4445 2309 4509 ³²⁶,
2339 4460 2501 4501 voces
2532 4460 2697 4516 supra
2726 4448 2903 4505 dictas
2935 4465 3030 4519 per
3063 4451 3383 4506 abusionem
3412 4469 3570 4509 usur-

1992 4535 2160 4601 pavit.
2187 4531 2394 4587 Dicitur
2427 4531 2595 4589 David
2649 4534 2805 4604 juxta
2831 4552 2926 4591 cor
2965 4537 3060 4593 Dei
3102 4539 3355 4595 iuventus
3380 4539 3567 4609 fuisse,

1989 4623 2155 4693 quod,
2204 4624 2392 4680 multis
2425 4625 2697 4682 mandatis
2744 4627 3075 4697 vigentibus,
3127 4630 3328 4700 quibus
3351 4633 3570 4689 virtutis

292 4723 446 4789 ζεται
468 4724 688 4795 τρόπος,
711 4724 937 4795 οὐδεμία
964 4724 1098 4795 ἀλλη
1145 4723 1327 4794 ἵστησι
1364 4723 1597 4792 πλησίον
1618 4722 1754 4776 Θεοῦ
1790 4723 1884 4776 καὶ

1988 4713 2269 4783 proprium
2318 4714 2682 4785 exprimitur,
2737 4718 2945 4773 nullum
3000 4721 3147 4775 aliud
3216 4724 3441 4793 propius
3500 4726 3569 4780 ad

290 4819 414 4871 ὅσον
446 4815 767 4887 ἀνθρωπίνῃ
801 4816 960 4885 φύσει
987 4816 1217 4870 δυνατὸν
1258 4818 1335 4879 εἰς
1380 4816 1482 4885 τὴν
1516 4816 1651 4885 πρὸς
1675 4815 1880 4867 ἐκεῖνον

291 4909 555 4979 ὁμοίωσιν
576 4907 922 4973 ἀναϐιϐάζει,
943 4906 1021 4971 ὡς
1041 4906 1104 4961 τὸ
1143 4907 1269 4971 τοὺς
1297 4906 1524 4977 ἐχθροὺς
1551 4904 1879 4976 ἀμείϐεσθαι

252 5034 263 5047 -
292 5001 539 5070 ἀγαθοῖς·
565 5001 659 5054 καὶ
706 5000 815 5070 γὰρ
842 5001 871 5053 6
918 4998 1193 5071 Κυριακὸς
1230 5001 1290 5051 ἐν
1325 4997 1677 5067 Εὐαγγελίοις
1726 4996 1882 5061 λόγος

294 5092 449 5163 φησί·
486 5091 747 5145 «Γίνεσθε
790 5091 1137 5162 οἰκτίρμονες
1176 5090 1253 5154 ὡς
1289 5091 1383 5143 καὶ
1422 5092 1450 5143 6
1500 5087 1690 5159 Πατὴρ
1728 5086 1881 5157 ὑμῶν

290 5184 626 5255 οἰκτίρμων·
659 5182 823 5245 αὐτὸς
847 5182 959 5253 γὰρ
980 5181 1262 5237 ἀνατέλλει
1290 5180 1379 5235 τὸν
1420 5180 1570 5250 ἥλιον
1596 5177 1761 5233 αὐτοῦ
1782 5177 1878 5230 ἐπὶ

292 5274 534 5343 ἀγαθοὺς
565 5276 659 5329 καὶ
674 5276 977 5347 πονηρούς·
1012 5295 1031 5327 ι
1061 5276 1155 5329 καὶ
1200 5276 1380 5329 πάλιν·
1413 5292 1431 5325 ι
1456 5272 1651 5336 Καλῶς
1681 5272 1882 5325 ποιεῖτε

288 5369 404 5430 τοῖς
429 5366 680 5435 μισοῦσιν
702 5367 870 5437 ὑμᾶς,
910 5366 1001 5420 ἵνα
1032 5365 1267 5437 γένησθε
1321 5366 1497 5435 ὅμοιοι
1529 5362 1624 5418 τοῦ
1671 5362 1881 5432 Πατρός

294 5473 399 5526 μου
424 5457 518 5510 τοῦ
534 5455 603 5509 ’ἐν
619 5460 729 5520 τοῖς
750 5458 1023 5527 οὐρανοῖς·
1050 5475 1068 5507 ι
1100 5454 1275 5524 όγοῦν
1314 5453 1479 5507 Δαδὶδ
1508 5452 1709 5520 ταύτην
1746 5467 1881 5503 κατ-

290 5549 541 5620 ορθώσας
572 5550 670 5618 τὴν
698 5547 921 5618 ἀρετὴν,
941 5550 988 5600 εί
1016 5548 1110 5602 καὶ
1132 5549 1189 5601 ἐν
1230 5547 1429 5612 ἄλλοις,
1458 5545 1552 5598 ἆτε
1578 5543 1643 5615 δὴ
1667 5542 1762 5598 ἄνθ
1774 5559 1879 5611 ρω-

1990 4805 2155 4859 Deum
2178 4819 2282 4861 nos
2301 4806 2462 4877 erigit
2481 4818 2535 4862 et
2558 4818 2823 4878 quantum
2867 4810 3120 4867 humanae
3154 4822 3363 4869 natura:
3385 4816 3570 4871 datum

1988 4907 2093 4961 est,
2146 4898 2214 4954 ad
2254 4899 2667 4957 similitudinem
2708 4902 2856 4957 illius
2903 4903 3067 4969 tollit,
3120 4920 3284 4976 quam
3332 4907 3571 4964 inimicis

1990 4988 2195 5043 nostris
2258 4989 2399 5044 bona
2458 5005 2556 5060 pro
2610 4992 2772 5048 malis
2827 4994 3149 5051 retribuere.
3211 4994 3459 5068 Namque
3515 5001 3570 5055 in

1991 5078 2286 5150 Evangelia
2331 5082 2469 5139 dixit
2517 5082 2784 5142 Dominus
2827 5106 2840 5141 :
2892 5104 2911 5138 ι
2949 5085 3135 5143 Estote
3170 5103 3302 5160 ergo
3352 5092 3571 5148 miseri-

1992 5172 2187 5226 cordes
2210 5172 2353 5227 sicut
2372 5182 2425 5227 et
2445 5170 2607 5229 Pater
2630 5186 2810 5231 vester
2835 5177 3149 5234 misericors
3173 5188 3277 5234 est.
3306 5179 3397 5236 llle
3424 5183 3571 5237 enim

1948 5340 1953 5344 θ
1992 5264 2160 5319 solem
2212 5280 2368 5319 suum
2419 5264 2552 5320 oriri
2584 5265 2902 5338 facitsuper
2928 5269 3101 5326 bonos
3145 5280 3203 5327 et
3244 5273 3417 5329 malos
3436 5274 3501 5329 ”.
3545 5295 3564 5327 ι

1991 5355 2312 5426 Rursusque
2363 5374 2377 5411 :
2436 5375 2455 5410 ι
2509 5357 2822 5418 Benefacite
2873 5364 2959 5419 his
3011 5365 3105 5435 qui
3170 5366 3405 5422 oderunt
3450 5381 3568 5432 vos,

1993 5456 2050 5499 ut
2077 5447 2203 5501 sitis‘
2230 5447 2325 5501 ﬁlii
2357 5446 2533 5505 Patris
2555 5454 2725 5506 vestri
2756 5455 2850 5524 qui
2878 5455 2931 5510 in
2964 5457 3119 5514 caelis
3147 5469 3232 5514 est
3249 5458 3314 5513 “.
3344 5476 3364 5511 ι
3402 5457 3571 5514 David

1992 5540 2151 5609 igitur
2178 5538 2269 5594 illa
2305 5539 2503 5597 virtute
2552 5544 2833 5613 praeditus,
2886 5549 3137 5618 quamvis
3169 5550 3279 5606 alia
3304 5564 3370 5603 ex
3422 5558 3573 5619 parte

361 5760 406 5789 ³³
438 5758 481 5789 ³⁰
514 5755 556 5811 ιι
583 5756 710 5811 (lor.
756 5772 847 5818 xu,
878 5754 927 5808 7.
996 5756 1036 5785 ³¹
1064 5754 1206 5811 l‘sal.
1238 5754 1616 5819 nux-111,21.
1676 5753 1717 5783 ³³
1755 5748 1890 5817 lRe;

1981 5762 2079 5815 un,
2114 5746 2195 5802 li.
2252 5747 2314 5780 ²²⁴
2346 5747 2465 5803 Act.
2497 5765 2613 5816 xui,
2644 5749 2732 5805 ‘29.
2793 5752 2833 5783 ³³
2864 5751 2993 5806 Luc.
3020 5753 3197 5817 vt,5€i.
3255 5751 3296 5783 ³⁸
3324 5754 3455 5809 ibid.
3481 5754 3569 5814 27.
